code,internal_code,name,manufacturer_name,manufacture_country,manufacturer_item_description,unit_qty,quantity,unit_of_measure,weighted,qty_in_package,price,unit_of_measure_price,allow_discount,status,item_id
4068332,true,קממבר 25% מחלבות גד,,,קממבר 25% מחלבות גד,קילוגרמים,1.00,"ק""ג",true,,119.00,119.0000,true,1,124791
18389423,false,סינטה עגל,,,סינטה עגל,קילוגרמים,1.00,"ק""ג",true,,139.90,139.9000,true,1,141710
18389430,false,סינטה עגל,,,סינטה עגל,קילוגרמים,1.00,"ק""ג",true,,139.90,139.9000,true,1,141711
18389621,false,סינטה עגל,,,סינטה עגל,קילוגרמים,1.00,"ק""ג",true,,139.90,139.9000,true,1,141712
18389638,false,סינטה עגל,,,סינטה עגל,קילוגרמים,1.00,"ק""ג",true,,139.90,139.9000,true,1,141713
32147230,false,לימונית - מיץ לימון משומר,ג'נרל מילס סאן אדריא,CH,מיץ לימון סיצילייה 2,מיליליטרים,200.00,"100 מ""ל",false,,8.90,4.4500,true,1,48477
40052403,false,קיט קט אצבעות 40 גרם,נסטלה Nestle,,קיט קאט אצבעות 36 גר,גרמים,36.00,100 גרם,false,,4.90,13.6111,true,1,91226
40084107,false,ביצת שוקולד הפתעה קינדר,קריות זול,IT,ביצת הפתעה קינדר 20ג,גרמים,20.00,100 גרם,false,,6.90,34.5000,true,1,87971
40144016,false,סוכריות וורטר גליל 50 ג',קריניציה ויטמינה אס,DE,סוכריות וורטר גליל 5,גרמים,50.00,100 גרם,false,,5.20,10.4000,true,1,54316
54051157,false,מעדן סויה טעם שוקו אלפרו רביעיה 125 ג',קריות זול,BE,אלפרו מעדן סויה שוקו,מיליליטרים,500.00,"100 מ""ל",false,,17.90,3.5800,true,1,51665
72940754,false,מעדן מילקי בטעם וניל עם קצפת,"שטראוס גרופ בע""מ",IL,מילקי וניל,מיליליטרים,170.00,"100 מ""ל",false,,2.90,1.7059,true,1,56293
72940761,false,מעדן מילקי בטעם שוקולד עם קצפת,מיוצר עי קונדיטוריית,IL,מילקי שוקו,מיליליטרים,170.00,"100 מ""ל",false,,2.90,1.7059,true,1,56294
72940952,false,מעדן מילקי בטעם שוקולד עם אקסטרה קצפת,"שטראוס גרופ בע""מ",IL,מילקי פי 2 קצפת,מיליליטרים,110.00,"100 מ""ל",false,,3.90,3.5455,true,1,56296
72941041,false,מעדן מילקי מיני בטעם שוקולד עם קצפת,"שטראוס גרופ בע""מ",IL,מיני מילקי שוקולד 70,מיליליטרים,70.00,"100 מ""ל",false,,2.40,3.4286,true,1,56299
72945308,false,קוביות שמרים לאפיה שמרית 2*25 ג',"פאקא תעשיות בע""מ",IL,שמרית קוביות שמרים ל,גרמים,50.00,100 גרם,false,,4.40,8.8000,true,1,56300
72961506,false,יוגורט עם תות 1.5% שומן 125 ג' פרילי,מיוצר עי קונדיטוריית,IL,יוגורט עם תות 1.5% פ,גרמים,125.00,100 גרם,false,,3.90,3.1200,true,1,52823
72961520,false,יוגורט עם אננס 1.5% שומן 125 ג' פרילי,מיוצר עי קונדיטוריית,IL,יוגורט עם אננס 1.5%,גרמים,125.00,100 גרם,false,,3.90,3.1200,true,1,52825
72961544,false,באדי יוגורט בטעם תות שדה 3%,מחלבת אלון תבור,IL,יוגורט בטעם תות שדה,מיליליטרים,125.00,"100 מ""ל",false,,3.20,2.5600,true,1,52826
72963753,false,שמנת אורגינל של פעם 27% שומן 200 ג' תנובה,תנובה מרכז שיתופי לש,IL,שמנת של פעם 27% תנוב,מיליליטרים,200.00,"100 מ""ל",false,,4.60,2.3000,true,1,52832
72964132,false,פרילי טבע עם גרנולה 1.5% 200מל,מיוצר עי קונדיטוריית,IL,פרילי טבעי עם גרנולה,גרמים,150.00,100 גרם,false,,5.60,3.7333,true,1,52834
72964422,false,תנובה יוגורט פרחים 4.5% 200מל,מחלבת תנובה,IL,יוגורט פרחים תנובה 4,מיליליטרים,200.00,"100 מ""ל",false,,3.00,1.5000,true,1,52835
72986370,false,"גלידת בן & ג'ריס פיינטים וניל 500מ""ל",מוצרי איכות אמריקאים,IL,בן&גריס גלידה פיינטי,גרמים,420.00,100 גרם,false,,24.90,5.9286,true,1,44821
72986424,false,"גלידת בן & ג'ריס פיינטים קרם עוגיות 500מ""ל",מוצרי איכות אמריקאיי,IL,בן&גריס גלידה פיינטי,יחידה,420.00,יחידה,false,,24.90,0.0593,true,1,44822
72986448,false,"גלידת בן & ג'ריס פיינטים טופי קראנץ 500מ""ל",מוצרי איכות אמריקאיי,IL,בן&גריס גלידה טופי ק,יחידה,420.00,יחידה,false,,24.90,0.0593,true,1,60574
72986455,false,"ניו יורק סופר גלידת שוקולד, חתיכות פאדג' ואגוזים",מוצרי איכות אמריקאיי,IL,בן&גריס גלידה פיינטי,גרמים,420.00,100 גרם,false,,24.90,5.9286,true,1,44823
72986479,false,"צ'אנקי מנקי גלידת וניל, בננות, חתיכות פאדג' ואגוזים",מוצרי איכות אמריקאיי,IL,בן&גריס גלידה צאנקי,גרמים,420.00,100 גרם,false,,24.90,5.9286,true,1,44824
72991886,false,"גלידת דולצ'ה בטעם ריבת חלב עם פאדג' בן וג'ירי 500 מ""ל",מוצרי איכות אמריקאיי,IL,בן&גריס גלידה ריבת ח,גרמים,750.00,100 גרם,false,,24.90,3.3200,true,1,44826
72993637,false,מעדן חלב בטעם שוקולד 125 ג' דני,מחלבת אחיהוד,IL,דני מהדרין שוקו בודד,גרמים,125.00,100 גרם,false,,2.90,2.3200,true,1,56324
72994061,false,חטיף פסק זמן Z Good ופל מגולגל,שולן צ'יקולטה גידה ס,TR,פסק זמן טו גוד 36גר,גרמים,36.00,100 גרם,false,,5.50,15.2778,true,1,110784
76106071,false,"מיץ ליים משומר 200מ""ל",Sicilia סיציליה,,מיץ לימון משומר 200מ,מיליליטרים,200.00,"100 מ""ל",false,,8.90,4.4500,true,1,132846
80001287,false,וופל חטיף לואקר אגוז 38 גר',לואקר Loacker,AT,גרדנה חטיף אגוז 38גר,גרמים,38.00,100 גרם,false,,4.70,12.3684,true,1,54318
80001461,false,לואקר חטיף שוקולד 38 גר',"א. לואקר קונפקט בע""מ",AT,גרדנה שוקולד מר 38גר,גרמים,38.00,100 גרם,false,,4.90,12.8947,true,1,54322
80042556,false,עגבניות מרוסקות מוטי,"איי, בי, אינבוו",IT,עגבניות חתוכות מוטי,גרמים,400.00,100 גרם,false,,16.90,4.2250,true,1,117452
80042563,false,רסק עגבניות 700 ג' (צהוב) MUTTI,"איי, בי, אינבוו",IT,רסק עגבניות 700גר (צ,גרמים,700.00,100 גרם,false,,14.90,2.1286,true,1,113254
80050025,false,סוכריות תפוז 16 ג' טיק טק,קריות זול,ZA,טיק טק תפוז 16גר,גרמים,16.00,100 גרם,false,,4.30,26.8750,true,1,64190
80050124,false,סוכריות מנטה 16 ג' טיק טק,קריות זול,ZA,טיק טק מנטה 16גר,גרמים,16.00,100 גרם,false,,4.30,26.8750,true,1,64191
80052760,false,קינדר בואנו Kinder Bueno עם חלב ואגוזי לוז,קריות זול,PL,קינדר בואנו 43גר,גרמים,43.00,100 גרם,false,,5.50,12.7907,true,1,54330
80136194,false,חטיפי הפי היפו Happy Hippo במילוי קרם חלבי ואגוזי לוז,קינדר Kinder,DE,הפי היפו אגוזי לוז 5,יחידה,0.00,יחידה,false,,15.50,0.0000,true,1,119272
80176800,false,"ממרח שוקולד נוטלה, 750 גר",פררו תעשיות איטליה ס,IT,ממרח אגוזי לוז נוטלה,גרמים,750.00,100 גרם,false,,28.90,3.8533,true,1,101608
80177173,false,ממרח אגוזי לוז עם קקאו,נוטלה Nutella,IT,ממרח אגוזי לוז נוטלה,גרמים,350.00,100 גרם,false,,15.50,4.4286,true,1,54333
80177609,false,אצבעות שוקולד קינדר Kinder ארבע יחידות,קריות זול,IT,קינדר אצבעות שוקולד,גרמים,50.00,100 גרם,false,,5.00,10.0000,true,1,54334
80177616,false,אצבעות שוקולד קינדר Kinder שמונה יחידות,קריות זול,IT,קינדר אצבעות שוקולד,גרמים,100.00,100 גרם,false,,8.90,8.9000,true,1,54335
80310549,false,הפי היפו חטיף קינדר שוקולד לבן 20.5ג',קריות זול,DE,הפי היפו חטיף אגוזי,גרמים,20.00,100 גרם,false,,3.90,19.5000,true,1,119276
80310891,false,ביצת הפתעה קינדר ג'וי כתום,קריות זול,ZA,קינדר ג'וי 20 גרם,גרמים,20.00,100 גרם,false,,6.90,34.5000,true,1,146659
80773429,false,מסטיק מנטוס פיור פרש בבקבוק בינוני בטעם תות 60 ג',פרפטי ואן מלה הולנד,TR,מסטיק מנטוס פיור פרש,גרמים,60.00,100 גרם,false,,9.90,16.5000,true,1,119930
80773443,false,מסטיק מנטוס בבקבוק מעוגל בטעם מנטה מעודנת 60 ג',פרפטי ואן מלה הולנד,TR,מסטיק מנטוס בקבוק מע,גרמים,60.00,100 גרם,false,,9.90,16.5000,true,1,117785
80790990,false,מסטיק מנטוס בבקבוק מעוגל בטעם פירות -מנטה 60 ג',פרפטי ואן מלה הולנד,TR,מסטיק מנטוס בקבוק מע,גרמים,60.00,100 גרם,false,,9.90,16.5000,true,1,117788
80843184,false,מנטוס מסטיק פיור פרש בטעם ענבים 60גר,פרפטי ואן מלה הולנד,TR,מסטיק מנטוס פיור פרש,גרמים,60.00,100 גרם,false,,9.90,16.5000,true,1,142836
80896081,false,מסטיק מנטוס פיור פרש בבקבוק בינוני בטעם אבטיח 60 ג',פרפטי ואן מלה הולנד,TR,מנטוס מסטיק פיור פרש,גרמים,60.00,100 גרם,false,,9.90,16.5000,true,1,119931
80913467,false,מסטיק מנטו בבקבוק מעוגל בטעם מנטה 60 ג',פרפטי ואן מלה הולנד,TR,מסטיק מנטוס בבקבוק מ,גרמים,60.00,100 גרם,false,,9.90,16.5000,true,1,117790
80945468,false,סוכריות פיור וויט טעם מנטה מתוקה 60 ג' מנטוס,פרפטי ואן מלה הולנד,TR,מנטוס פיור וויט מנטה,גרמים,60.00,100 גרם,false,,9.90,16.5000,true,1,143311
80979128,false,מסטיק מנטוס פיור בטעם דובדבן 60 ג',פרפטי ואן מלה הולנד,TR,מסטיק מנטוס פיור פרש,גרמים,60.00,100 גרם,false,,9.90,16.5000,true,1,142835
80995128,false,מנטוס - מסטיק בטעם הדרים בתוספת ויטמינים 60 גרם,פרפטי ואן מלה הולנד,TR,מנטוס מסטיק בטעם הדר,גרמים,60.00,100 גרם,false,,9.90,16.5000,true,1,146829
87108651,false,מארז סוכריות מנטוס Mentos מנטה,הדקלאים אגודת שיתופי,NL,סוכריות מנטוס מנטה ר,גרמים,37.50,100 גרם,false,,12.90,34.4000,true,1,54346
87108712,false,מארז סוכריות מנטוס Mentos פירות,פרפטי ואן מלה ברדה,NL,סוכריות מנטוס רביעיי,גרמים,37.50,100 גרם,false,,12.90,34.4000,true,1,54347
87311396,false,סוכריות מנטוס Mentos ריינבואו,פרפטי ואן מלה,NL,מנטוס ריינבואו גליל,גרמים,37.50,100 גרם,false,,4.00,10.6667,true,1,80260
90087974,false,"חומץ תפוחים 5% 750 מ""ל",ראוך פרוכטסאפה,,חומץ תפוחים 5% 750מל,מיליליטרים,750.00,"100 מ""ל",false,,14.90,1.9867,true,1,116190
90087998,false,מיץ לימון טבעי 250 מ,Rauch fruchtsafte gm,,"מיץ לימון 250מ""ל",מיליליטרים,250.00,"100 מ""ל",false,,5.90,2.3600,true,1,90680
8112100298,false,שמן שומשום טהור לא מ,Flavor full foods in,,שמן שומשום טהור 185מ,מיליליטרים,185.00,"100 מ""ל",false,,15.90,8.5946,true,1,71576
9800800056,false,חטיף שוקולד עם מקלות לחם אנד גו,נוטלה Nutella,DE,נוטלה&גו חטיף 52גר,גרמים,52.00,100 גרם,false,,6.50,12.5000,true,1,113912
16000182424,false,נייטשר וואלי חטיף שי,,,נייטשר וואלי חטיף שי,גרמים,140.00,100 גרם,false,,22.90,16.3571,true,1,143111
16000185517,false,דגני בוקר פייבר וואן עתירי סובין FIBRE1,בטר אנד דיפרנט,US,*מבצע* דגני פייבר וו,גרמים,555.00,100 גרם,false,,19.90,3.5856,true,1,144801
16000423534,false,ניטשר ואלי חטיף שיבולת שועל שוקולד מריר קראנצי 210ג',ג'נרל מילס סאן אדריא,ES,ניטשר וואלי חטיף שיב,גרמים,210.00,100 גרם,false,,22.90,10.9048,true,1,69907
16000548404,false,ניטשר ואלי חטיף קראנצי גרנולה שיבולת שועל 210 ג',ג'נרל מילס סאן אדריא,ES,ניטשר וואלי חטיף קרא,גרמים,210.00,100 גרם,false,,22.90,10.9048,true,1,54362
16000548503,false,ניטשר ואלי קראנצי חטיף גרנולהומייפל 10 יח' 210 ג',ג'נרל מילס סאן אדריא,ES,ניטשר וואלי חטיף קרא,גרמים,210.00,100 גרם,false,,22.90,10.9048,true,1,54363
16000548909,false,קראנצי חטיף גרנולה מעורבת 10 יח 210 ג',ג'נרל מילס סאן אדריא,ES,ניטשר וואלי חטיף קרא,גרמים,210.00,100 גרם,false,,22.90,10.9048,true,1,54366
18000701223,false,תערובת להכנת עוגה בטעם שוקולד,הדקלאים אגודת שיתופי,IL,תערובת עוגת שוקולד פ,גרמים,550.00,100 גרם,false,,19.90,3.6182,true,1,54367
18000703494,false,תערובת עוגת וניל פיסברי 500 גר',הדקלאים אגודת שיתופי,IL,תערובת עוגת וניל 500,גרמים,500.00,100 גרם,false,,19.90,3.9800,true,1,54368
18000703517,false,תערובת עוגת שיש פילסברי 500 גר',הדקלאים אגודת שיתופי,IL,תערובת עוגת שיש 550ג,גרמים,550.00,100 גרם,false,,19.90,3.6182,true,1,54369
18000766413,false,תערובת בראוניס פילסברי 500 גר',הדקלאים אגודת שיתופי,IL,תערובת עוגת בראוניס,גרמים,550.00,100 גרם,false,,19.90,3.6182,true,1,54370
29424000687,false,גלילי וופל אגוז 100 גר' מנעמים,,,גלילי וופל אגוז מנעמ,גרמים,100.00,100 גרם,false,,5.90,5.9000,true,1,64987
31290140107,false,שוקולד גודייבה סטיקס,גודייבה GODIVA,TR,אצבעות שוקולד מריר 7,גרמים,90.00,100 גרם,false,,14.90,16.5556,true,1,138805
31290140176,false,שוקולד מריר בתוספת שקדים 90 ג' Godiva sticks,פלאדיס,TR,אצבעות שוקולד מריר ע,גרמים,90.00,100 גרם,false,,14.90,16.5556,true,1,138806
31290140190,false,שוקולד מריר עם נגיעות מלח ים 90 ג' Godiva sticks,גודייבה GODIVA,TR,אצבעות שוקולד מריר נ,גרמים,90.00,100 גרם,false,,14.90,16.5556,true,1,138807
33200147701,false,דפים למייבש פרש אנד סופט Tropical Burst,פרש אנד סופט Frash'n soft,US,פרש & סופט ורוד 100י,יח',100.00,יח',false,,29.90,0.2990,true,1,51429
33617322616,false,קרקר ואזה מקמח שיפון,כלורוקס אוקלנד,SE,קרקר ואזה מקמח שיפון,גרמים,270.00,100 גרם,false,,14.90,5.5185,true,1,72672
33617340610,false,ואזה מקמח שיפון 275 גר',כלורוקס אוקלנד,SE,פת פריכה מקמח שיפון,גרמים,250.00,100 גרם,false,,14.90,5.9600,true,1,72673
34000470563,false,ריסז מיניס פאוצ'215גרם,,,ריסז מיניס פאוצ 215ג,גרמים,215.00,100 גרם,false,,19.90,9.2558,true,1,145843
34000544431,false,טוויזלרס ממתק בטעם דובדבן 172 ג',הרשי שוקולד,US,ממתק טוויזלרס בטעם ד,גרמים,172.00,100 גרם,false,,8.90,5.1744,true,1,145842
36000516876,false,קלינקס - טישו לושן 3 שכבות 75 דף,חוגלה קימברלי,GB,קלינקס לושן 75 יח,יח',75.00,יח',false,,13.90,0.1853,true,1,136926
37600207188,false,חמאת בוטנים סקיפי קלאסי 462 גר',חברת המזון אלגוד,US,חמאת בוטנים קלאסי סק,גרמים,462.00,100 גרם,false,,25.90,5.6061,true,1,86102
37600207256,false,חמאת בוטנים סקיפי עם שברי בוטנים 462 גר',חברת המזון אלגוד,US,חמאת בוטנים עם שברי,גרמים,462.00,100 גרם,false,,25.90,5.6061,true,1,86103
38000138638,false,חטיף צ'יפס בטעם פיצה,פרינגלס מנופקצורינג,US,פרינגלס פיצה 158גר,גרמים,158.00,100 גרם,false,,12.70,8.0380,true,1,116238
38000197840,false,פרינגלס גלי בטעם חריף מתוק 137 ג',פרינגלס מניופקצ'ורינ,US,פרינגלס גלי בטעם חרי,גרמים,137.00,100 גרם,false,,12.70,9.2701,true,1,140465
38000202278,false,חטיף צ'יפס גלי בטעם אורגינל מלוח,פרינגלס מניופקצ'ורינ,US,פרינגלס גלי בטעם אור,גרמים,130.00,100 גרם,false,,12.70,9.7692,true,1,140473
38000232152,false,פרינגלס ברביקיו 158 גרם – חדש,פרינגלס מניופקצ'ורינ,US,פרינגלס ביג ברביקיו,גרמים,158.00,100 גרם,false,,12.70,8.0380,true,1,137450
38000232176,false,חטיף צ'יפס שמנת חמוצה ובצל,פרינגלס מניופקצ'ורינ,US,פרינגלס ביג שמנת ובצ,גרמים,149.00,100 גרם,false,,12.70,8.5235,true,1,137449
38000232183,false,פרינגלס אורגינל 149 גרם,פרינגלס מניופקצ'ורינ,US,פרינגלס ביג אורגינל,גרמים,149.00,100 גרם,false,,12.70,8.5235,true,1,137448
38527591053,false,קוואקר מרובעים קינמון דגני בוקר 412 גרם,BEVERAGES FOODS & SE,US,דגני בוקר קוואקר מרו,גרמים,412.00,100 גרם,false,,23.90,5.8010,true,1,79486
38527591060,false,דגני קוואקר מרובעים Quaker Squares עם סוכר חום,BEVERAGES FOODS & SE,US,דגני בוקר קוואקר מרו,גרמים,412.00,100 גרם,false,,23.90,5.8010,true,1,74131
40000513568,false,סוכריות אם אנד אמס M&M שוקולד חלב,M&M אם אנד אם,US,אמ&אמס אריזה גדולה ש,גרמים,156.00,100 גרם,false,,12.90,8.2692,true,1,128506
41390010309,false,רוטב קיקומן טריאקי 4,ראקוטו קאסיי,,רוטב טריאקי קיקומן 4,מיליליטרים,444.00,"100 מ""ל",false,,29.90,6.7342,true,1,86842
41500000299,false,חרדל דבש דיז'ון פרנצ,,,חרדל דבש דיז'ון פרנצ,גרמים,340.00,100 גרם,false,,19.90,5.8529,true,1,145586
41500000428,false,חרדל חום חריף פרנציס,,,חרדל חום חריף פרנציס,גרמים,340.00,100 גרם,false,,19.90,5.8529,true,1,145585
41500007007,false,חרדל צהוב קלאסי 226,,,חרדל צהוב פרנצס 226,גרמים,226.00,100 גרם,false,,14.90,6.5929,true,1,145584
46214731552,false,עוגיות שוקולד ציפס מובחרות 225 ג',קריניציה ויטמינה אס,NL,עוגיות שוקולד ציפס ע,גרמים,225.00,100 גרם,false,,12.90,5.7333,true,1,47757
48256214758,false,מסיר כתמים קשים לכביסה לבנה וצבעונית,יעקבי- אסטוניש Astonish,GB,אסטוניש אבקת הפלא מס,גרמים,1000.00,100 גרם,false,,32.90,3.2900,true,1,50421
54881000048,false,תה אהמאד חליטת פרי הדר 20יח',תה אחמד Ahmad tea,,תה אנגלי במבחר פרי ה,יחידה,0.00,יחידה,false,,9.90,0.0000,true,1,122409
54881000109,false,תה דומדמניות שחורות,תה אחמד Ahmad tea,,תה אנגלי עם ענבי שוע,יחידה,0.00,יחידה,false,,9.90,0.0000,true,1,122412
54881000208,false,תה שחור לימון ןגינגר,תה אחמד Ahmad tea,,תה אנגלי שחור לימון,יחידה,0.00,יחידה,false,,9.90,0.0000,true,1,122413
54881005654,false,תה ירוק יסמין 20 שקיות AHMAD TEA,תה אחמד Ahmad tea,,תה אנגלי ירוק יסמין,יחידה,0.00,יחידה,false,,9.90,0.0000,true,1,122420
55369902557,false,אפלסנקס רביעיות רסק תפוחי עץ ממותק בסגנון ביתי עברית,ליייהי אורצ'רדס,,"רסק תפו""ע ביתי רביעי",גרמים,452.00,100 גרם,false,,16.50,3.6504,true,1,45092
62558202381,false,סירופ מייפל אורגני 100% טהור,ברנרד Bernard,,סירופ מייפל אורגני 1,מיליליטרים,236.00,"100 מ""ל",false,,29.90,12.6695,true,1,120914
70080000016,false,חרדל אמריקאי פלוכמן Plochman's,,,חרדל לחיץ אמריק' ניצ,גרמים,297.00,100 גרם,false,,10.50,3.5354,true,1,116078
76840002542,false,"גלידת בן & ג'ריס פיינט נטפליקס וצ'ילד 500מ""ל",מוצרי איכות אמריקאים,IL,בן&גריס גלידה פיינט,יחידה,0.00,יחידה,false,,24.90,0.0000,true,1,138727
76840100156,false,"גלידה צרי גרסיה בן וג'ירי 500 מ""ל",מוצרי איכות אמריקאיי,IL,בן&גריס גלידה שמנת ע,מיליליטרים,473.00,"100 מ""ל",false,,24.90,5.2643,true,1,125028
76840100583,false,"גלידת וניל עם בצק עוגיות בן וג'ירי 473 מ""ל",מוצרי איכות אמריקאיי,IL,בן&גריס גלידה וניל+ב,מיליליטרים,473.00,"100 מ""ל",false,,24.90,5.2643,true,1,66758
76840400218,false,"גלידה בן&ג'ריס תות שדה ועוגת גבינה 500מ""ל",מוצרי איכות אמריקאיי,IL,בן&גריס גלידה עוגת ג,יחידה,473.00,יחידה,false,,24.90,0.0526,true,1,84226
77343000233,false,נרות חימום אורה 50,קריות זול,IL,להבונים 50יח,יחידה,0.00,יחידה,false,,9.90,0.0000,true,1,44073
77975010167,false,סניידרס מקלוני חיטה בתוספת דבש 340 ג',סניידרס Snyder's,,סניידרס מקלוני חיטה,גרמים,340.00,100 גרם,false,,17.90,5.2647,true,1,118457
77975036976,false,מטבל עגבניות בחריפות עדינה סניידרס 439 ג',סניידרס Snyder's,US,מטבל עגבניות בחריפות,גרמים,439.00,100 גרם,false,,19.90,4.5330,true,1,91428
77975094624,false,"סניידרס סנדוויץ בייגלה במילוי חמאת בוטנים , 226 ג'",סניידרס Snyder's,US,שברי בייגל במילוי חמ,גרמים,283.50,100 גרם,false,,17.90,6.3139,true,1,139998
77975094631,false,סנדביץ בייגלה במילוי קרם בטעם צ'דר 226 גרם סניידרס,סניידרס Snyder's,,בייגלה סניידרס גבינה,גרמים,266.00,100 גרם,false,,17.90,6.7293,true,1,139997
77975094761,false,שברי בייגלה בטעם צ'דר 340 גרם סניידרס,סניידרס Snyder's,US,שברי בייגל בטעם גבינ,גרמים,340.00,100 גרם,false,,17.90,5.2647,true,1,141754
77975094778,false,סניידרס שברי בייגל בטעם דבש וחרדל 340 גר,סניידרס Snyder's,US,סניידרס בטעם דבש חרד,גרמים,340.00,100 גרם,false,,17.90,5.2647,true,1,142239
80432402931,false,"שיבאס וויסקי ריגאל 12 שנה 700 מ""ל",מזקקת האחים שיבאס,GB,וויסקי שיבאס 700מל,מיליליטרים,700.00,"100 מ""ל",false,,119.90,17.1286,true,1,87246
80518532743,false,שקית בלון 50 בלונים,NORTHERN,,בלוני גומי רמה 3,יחידה,0.00,יחידה,false,,11.90,0.0000,true,1,52161
84213017499,false,מסטמכר מיסלי אורגני עם פירות יער 500ג,מרום את קונפינו,DE,מיסלי אורגני מסטמכר,גרמים,500.00,100 גרם,false,,21.90,4.3800,true,1,47773
89041081056,false,שמן צ'ילי 185 מל,Flavor full foods in,TH,שמן צ'ילי 185 מל,מיליליטרים,185.00,"100 מ""ל",false,,12.90,6.9730,true,1,131253
628154383659,false,דגני בוקר פרוטי פבלס 311 ג' POST,פוסט לקיוויל,PL,דגני פוסט פרוטי פבלס,גרמים,311.00,100 גרם,false,,25.90,8.3280,true,1,145568
634065851149,false,כבל אוקוס IMX,,,כבל אוקוס IMX,יחידה,0.00,יחידה,false,,19.90,0.0000,true,1,139408
639138513238,false,פילה הרינג מעושן בשמן צמחי,רוג'ין פיש,,פילה הרינג מעושן 190,גרמים,190.00,100 גרם,false,,14.90,7.8421,true,1,45106
645173911038,false,קורנישון מלפפוןן מיני 720 גרם - תומר,קלמן אינדיה,,קורנישון מיני 720גר,גרמים,720.00,100 גרם,false,,12.90,1.7917,true,1,65313
651080647519,false,"פלאקרס ""פלוסר ""חוט דנטלי ירוק -מנטה",המאפיה של הרמן,US,"פלאקרס ""פלוסר"" חוט ד",יחידה,0.00,יחידה,false,,10.90,0.0000,true,1,142902
693493116886,false,מבחר פרנה /זעתר,,,מבחר פרנה /זעתר,יחידה,0.00,יחידה,false,,13.90,0.0000,true,1,143734
728229123590,false,חטיף על בסיס ירקות שורש בטעם טבעי,הונדורס צ'יפס יצור א,HN,ציפס חטיף טרה ירקות,גרמים,110.00,100 גרם,false,,15.90,14.4545,true,1,62406
728229123811,false,חטיף על בסיס ירקות שורש בתיבול ים תיכוני,הונדורס צ'יפס יצור א,HN,ציפס חטיף טרה ירקות,גרמים,110.00,100 גרם,false,,15.90,14.4545,true,1,62408
728229124764,false,ציפס חטיף טרה בטטה מ,היין פיוצ'ור נטורל פ,US,ציפס חטיף טרה בטטה מ,גרמים,110.00,100 גרם,false,,15.90,14.4545,true,1,141428
728229124771,false,טרה בטטה טעם ברביקיו,היין פיוצ'ור נטורל פ,IN,ציפס חטיף טרה בטטה ט,גרמים,110.00,100 גרם,false,,15.90,14.4545,true,1,145355
728229130154,false,ציפס חטיף טרה בטטה ו,הונדורס צ'יפס יצור א,HN,ציפס חטיף טרה בטטה ו,גרמים,110.00,100 גרם,false,,15.90,14.4545,true,1,62409
768404001640,false,"גלידה בן&ג'ריס קפה משפחתית 500מ""ל",מוצרי איכות אמריקאיי,IL,בן&גריס גלידה פיינטס,גרמים,473.00,100 גרם,false,,24.90,5.2643,true,1,60576
856591000062,false,עוגיות מזרחיות מלח 400 ג' עבאדי,מאפיית יוסף ושמחה עב,IL,עוגיות עבאדי מזרחיות,גרמים,400.00,100 גרם,false,,19.90,4.9750,true,1,53836
856591000109,false,עבאדי עוגיות מזרחיות פריכות 400ג',מאפיית יוסף ושמחה עב,IL,עוגיות עבאדי עוגיות,גרמים,400.00,100 גרם,false,,19.90,4.9750,true,1,64392
884912111715,false,דגני פוסט האני קומב,,,דגני פוסט האני קומב,גרמים,354.00,100 גרם,false,,25.90,7.3164,true,1,145567
884912126115,false,פוסט גרייט גריינט דייטס 453 גר',הנסיך- מפעל לייצור ט,US,דגני פוסט גרייט גריי,גרמים,453.00,100 גרם,false,,26.90,5.9382,true,1,65407
884912129512,false,פוסט קוקו פבלס דגני בוקר 311 גרם,פוסט לקיוויל,US,דגני פוסט קוקו פבלס,גרמים,311.00,100 גרם,false,,25.90,8.3280,true,1,127396
884912365200,false,דגני בוקר אוראו הדור הבא 311 ג',פוסט לקיוויל,US,דגני בוקר אוראו 311,גרמים,311.00,100 גרם,false,,22.90,7.3633,true,1,146539
887930411560,false,סוללה קודאק 2025 156,,,סוללה קודאק 2025 156,יחידה,0.00,יחידה,false,,13.90,0.0000,true,1,146711
887930413380,false,סוללות קודאק זוג AA,,,סוללות קודאק זוג AA,יחידה,0.00,יחידה,false,,5.90,0.0000,true,1,147335
887930413397,false,סוללות קודאק זוג AAA,,,סוללות קודאק זוג AAA,יחידה,0.00,יחידה,false,,5.90,0.0000,true,1,144811
887930952025,false,סוללות קודאק AA4 אצב,,,סוללות קודאק AA4 אצב,יחידה,0.00,יחידה,false,,7.90,0.0000,true,1,119185
887930952049,false,סוללה קודאק C2 2041ב,,,סוללה קודאק C2 2041ב,יחידה,0.00,יחידה,false,,17.90,0.0000,true,1,119200
3014260228842,false,"ג'ילט קצף גילוח רגיל - 200 מ""ל",מולינו ניקולי s.p.a,GB,גילט קצף גילוח רגיל,מיליליטרים,200.00,"100 מ""ל",false,,15.90,7.9500,true,1,63179
3014260240226,false,"ג'ילט קצף גילוח רגיש - 200 מ""ל",מולינו ניקולי s.p.a,GB,גילט קצף גילוח לעור,מיליליטרים,200.00,"100 מ""ל",false,,15.90,7.9500,true,1,63180
3014260287030,false,גילט בלו ח.פעמי חמישייה,פרוקטר אנד גמבל,MD,גילט סכיני גילוח חד,יחידה,0.00,יחידה,false,,9.90,0.0000,true,1,47807
3014260289287,false,סכיני גילוח לאישה בלו 2 Blue,פרוקטר אנד גמבל,RU,גילט בלו סכיני גילוח,יחידה,0.00,יחידה,false,,9.90,0.0000,true,1,71839
3046920010801,false,שוקולד מריר אקסלנס עם אגוזי לוז,לינדט ושפרונגלי אס.א,FR,שוקולד לינדט אקסלנס,גרמים,100.00,100 גרם,false,,16.90,16.9000,true,1,117597
3046920027281,false,שוקולד מריר אקסלנס במילוי קרמל ומלח ים,לינדט ושפרונגלי,FR,שוקולד לינדט אקסלנס,גרמים,100.00,100 גרם,false,,16.90,16.9000,true,1,88842
3046920028004,false,שוקולד מריר אקסלנס 70%,לינדט ושפרונגלי,FR,שוקולד לינדט אקסלנס,גרמים,100.00,100 גרם,false,,16.90,16.9000,true,1,54022
3046920028363,false,שוקולד מריר אקסלנס 85%,לינדט ושפרונגלי,FR,שוקולד לינדט אקסלנס,גרמים,100.00,100 גרם,false,,16.90,16.9000,true,1,54023
3046920028752,false,לינדט אקסלנס מריר מנ,לינדט ושפרונגלי,FR,שוקולד לינדט אקסלנס,גרמים,100.00,100 גרם,false,,16.90,16.9000,true,1,60672
3046920029674,false,שוקולד מריר אקסלנס עם מלח ים,לינדט ושפרונגלי,DE,שוקולד לינדט אקסלנס,גרמים,100.00,100 גרם,false,,16.90,16.9000,true,1,71093
3046920029759,false,שוקולד מריר אקסלנס 90% קקאו,לינדט ושפרונגלי ג'י.,DE,שוקולד לינדט אקסלנס,גרמים,100.00,100 גרם,false,,16.90,16.9000,true,1,88840
3141360054405,false,פיניש מפיץ ריח למדיח בניחוח לימון וליים,הדקלאים אגודת שיתופי,PL,פיניש דאו ריח לימון,יחידה,0.00,יחידה,false,,22.90,0.0000,true,1,114437
3335121604934,false,חרדל דיזון שאטל 370,,,חרדל דיזון שאטל 370,גרמים,370.00,100 גרם,false,,10.50,2.8378,true,1,45109
3335121614933,false,חרדל דיזון גרגירים ש,,,חרדל דיזון גרגירים ש,גרמים,350.00,100 גרם,false,,12.50,3.5714,true,1,45110
3387390320244,false,פיטנס Fitness דגנים מלאים עם פירות,נסטלה צרפת איטנקורט,FR,פיטנס פירות 375גר,גרמים,375.00,100 גרם,false,,24.90,6.6400,true,1,46109
3387390525960,false,קראנץ' Crunch דגנים פריכים עם שוקולד,הנסיך- מפעל לייצור ט,FR,דגני קראנץ' נסטלה 50,גרמים,500.00,100 גרם,false,,27.90,5.5800,true,1,46114
3387390730852,false,פיטנס Fitness קלאסי דגנים מלאים ואורז,נסטלה צרפת איטנקורט,FR,פיטנס דגנים מחיטה מל,גרמים,375.00,100 גרם,false,,24.90,6.6400,true,1,46116
3574660389128,false,"שטיפת ליסטרין 500 מ""ל קוול מנת",,,ליסטרין מי פה קול מי,מיליליטרים,500.00,"100 מ""ל",false,,19.90,3.9800,true,1,146747
3574660389142,false,"ליסטרין מי פה ירוק פרש בורסט 500 מ""ל",,,ליסטרין מי פה פרש יר,מיליליטרים,500.00,"100 מ""ל",false,,19.90,3.9800,true,1,146748
3574661352275,false,"מי פה ליסטרין קידס בטעם פירות יער 250 מ""ל",,,*מבצע* ליסטרין קידס,מיליליטרים,250.00,"100 מ""ל",false,,11.00,4.4000,true,1,140432
3574661401140,false,"מי פה ליסטרין נייטלי ריסט 400 מ""ל",,,"מי פה ליסטרין 400 מ""",מיליליטרים,400.00,"100 מ""ל",false,,19.90,4.9750,true,1,129600
3574661487328,false,קרפרי מגני תחתון אורגינל פלוס 56 יח',הדקלאים אגודת שיתופי,IT,קרפרי תחתוניות רגיל,יחידה,0.00,יחידה,false,,15.90,0.0000,true,1,132104
3574661487625,false,מגני תחתון פלוס לארג' בניחוח עדין L,הדקלאים אגודת שיתופי,IT,קרפרי תחתוניות מקסי,יחידה,0.00,יחידה,false,,15.90,0.0000,true,1,132105
3574661552576,false,קרפרי מגן תחתון רגיל טנגה לבן 56 יח חדש,הדקלאים אגודת שיתופי,IT,קרפרי מגן תחתון רגיל,יח',56.00,יח',false,,15.90,0.2839,true,1,138842
3574661552811,false,קרפרי כותון אוורירי 56 יח',הדקלאים אגודת שיתופי,GR,קרפרי תחתוניות כותון,יחידה,0.00,יחידה,false,,15.90,0.0000,true,1,138843
3608580730255,false,קונפיטורה משמש 370 ג' בוני מאמן,,,קונפיטורה משמש צרפתי,גרמים,370.00,100 גרם,false,,19.90,5.3784,true,1,127401
3608580730279,false,קונפיטורת מרמלדת תפו,,,קונפיטורת מרמלדת תפו,גרמים,340.00,100 גרם,false,,19.90,5.8529,true,1,145579
3608580730286,false,קונפיטורה 4 פירות 370 ג' בוני מאמן,אנדרוס,FR,קונפיטורה 4 פירות 37,גרמים,370.00,100 גרם,false,,19.90,5.3784,true,1,90064
3800020403631,false,חטיף שוקולד צאנקי חמאת בוטנים 42ג' קיט קט,נסטלה בולגריה A.D.,BG,קיט קט צ'אנקי חמאת ב,גרמים,42.00,100 גרם,false,,4.90,11.6667,true,1,82007
3800020423578,false,חטיף שוקולד חלב צאנקי 40 ג' קיט קט,נסטלה Nestle,BG,קיט קאט צאנקי 40 גרם,גרמים,40.00,100 גרם,false,,4.90,12.2500,true,1,59885
3800020472569,false,קיט קט צ'אנקי קרמל 43.5ג,,,קיט קט צ'אנקי קרמל 4,גרמים,43.50,100 גרם,false,,4.90,11.2644,true,1,146628
3838824127248,false,פלטה סמי קיט חום בהיר 5-0 צבע שיער,שוורצקוף Schwarzkopf,DE,פאלטה-צבע לשיער חום,יחידה,0.00,יחידה,false,,19.90,0.0000,true,1,125911
3838824127262,false,פלטה סמי קיט בלונד כהה 6-0 צבע שיער,שוורצקוף Schwarzkopf,DE,פאלטה-צבע לשיער בלונ,יחידה,0.00,יחידה,false,,19.90,0.0000,true,1,125912
3838824127583,false,צבע לשיער פלטה - 6-88 אדום בוער,שוורצקוף Schwarzkopf,DE,פאלטה-צבע לשיער אדום,יחידה,0.00,יחידה,false,,19.90,0.0000,true,1,125917
4000415143800,false,שוקולד שוגטן טרילוגי,,,שוגטן טרילוגיה 100 ג,גרמים,100.00,100 גרם,false,,6.90,6.9000,true,1,130305
4000415856601,false,שוקולד שוגטן 100 גרם,,,שוגטן לבן 100 ג,גרמים,100.00,100 גרם,false,,6.90,6.9000,true,1,130310
4000417022004,false,שוקולד ריטר ספורט צימוק אגוז 100 גרם חלב נוכרי,ריטר ספורט Ritter sport,DE,שוקולד קולד ריטר צימ,גרמים,100.00,100 גרם,false,,9.90,9.9000,true,1,43622
4000417025005,false,שוקולד ריטר ספורט מרציפן 100 גרם חלב נוכרי,ריטר ספורט Ritter sport,DE,שוקולד ריטר ספורט מר,גרמים,100.00,100 גרם,false,,9.90,9.9000,true,1,54394
4000417026002,false,שוקולד ריטר ספורט פרלין 100 גרם חלב נוכרי,ריטר ספורט Ritter sport,DE,שוקולד ריטר ספורט פר,גרמים,100.00,100 גרם,false,,9.90,9.9000,true,1,62550
4000417211002,false,שוקולד ריטר ספורט מוס קרמל 100 גרם חלב נוכרי,ריטר ספורט Ritter sport,DE,שוקולד ריטר ספורט מו,גרמים,100.00,100 גרם,false,,9.90,9.9000,true,1,113791
4000417212009,false,שוקולד ריטר ספורט מריר תפוז שקד 100 ג' חלב נוכרי,ריטר ספורט Ritter sport,,שוקולד ריטר ספורט מר,גרמים,100.00,100 גרם,false,,9.90,9.9000,true,1,123536
4000417222008,false,שוקולד ריטר ספורט חלב+שברי אגוזים 100 גרם חלב נוכרי,ריטר ספורט Ritter sport,DE,שוקולד ריטר ספורט חל,גרמים,100.00,100 גרם,false,,9.90,9.9000,true,1,91762
4000417294005,false,שוקולד ריטר מוס קקאו 100 גרם חלב נוכרי,ריטר ספורט Ritter sport,DE,שוקולד ריטר מוס קקאו,גרמים,100.00,100 גרם,false,,9.90,9.9000,true,1,92019
4000522009747,false,"בייגלה צ'יו מקלות תפו""א 80 גר'",טרופיקל דגיל תעשיות,HU,ציו חטיף תפוחי אדמה,גרמים,80.00,100 גרם,false,,4.90,6.1250,true,1,89282
4000522061752,false,בייגלה צ'יו מקלות מלוחים 100 גרם,צ'יו Chio,,בייגלה צ'יו מקלות 10,גרמים,100.00,100 גרם,false,,4.90,4.9000,true,1,85881
4000539280726,false,שוקולד לינדט אקסלנס,לינדט ושפרונגלי,DE,שוקולד לינדט אקסלנס,גרמים,100.00,100 גרם,false,,16.90,16.9000,true,1,146121
4000539280740,false,שוקולד לינדט אקסלנס,,,שוקולד לינדט אקסלנס,גרמים,100.00,100 גרם,false,,16.90,16.9000,true,1,146306
4001518106112,false,טורינוס מקלות פריכים עם רוזמרין 125 גרם,,DE,טורינוס מקלות עם רוז,גרמים,125.00,100 גרם,false,,15.90,12.7200,true,1,145572
4002448019480,false,"סיליט באנג ספריי מסיר שומנים 750 מ""ל",סיליט באנג Cillit Bang,PL,סיליט באנג ספריי מסי,מיליליטרים,750.00,"100 מ""ל",false,,13.90,1.8533,true,1,59082
4002575016253,false,מרציפן מצופה שוקולד,הדקלאים אגודת שיתופי,DE,מרציפן 100גר,גרמים,100.00,100 גרם,false,,10.90,10.9000,true,1,54398
4002590000022,false,סוכריות קלפני פירות יער אוכמניות 150 ג',קלפני Kalfany,DE,סוכריות קלפני פירות,גרמים,150.00,100 גרם,false,,11.50,7.6667,true,1,69968
4002590000039,false,סוכריות קלפני הדרים 150 ג',קלפני Kalfany,,סוכריות קלפני הדרים,גרמים,150.00,100 גרם,false,,11.50,7.6667,true,1,101678
4002590000633,false,סוכריות קלפני פירות 150 ג',קלפני Kalfany,DE,סוכריות קלפני פירות,גרמים,150.00,100 גרם,false,,11.50,7.6667,true,1,70125
4002590703541,false,קלפני סוכריות קשות בטעם תות,קלפני Kalfany,DE,סוכריות קלפני תות 15,גרמים,150.00,100 גרם,false,,11.50,7.6667,true,1,101685
4002631025069,false,בירה גרמנית קוניגסבכר Konigsbacher,קרלסברג יבוא יצוא,DE,בירה קוניגסבכר פחית,מיליליטרים,500.00,"100 מ""ל",false,,5.90,1.1800,true,1,118612
4004715020755,false,קישוטי עוגה פרינס אנד פרינסס 75 ג',היינץ צפון אמריקה מק,DE,פרינס אנד פרינסס קיש,גרמים,75.00,100 גרם,false,,15.50,20.6667,true,1,71690
4005808128631,false,"ניוואה - ג'ל רחצה ספורט לגבר 500 מ""ל",ניוואה Nivea,DE,ניוואה ג'ל רחצה תמצי,מיליליטרים,500.00,"100 מ""ל",false,,14.90,2.9800,true,1,138899
4005808293469,false,"ניוואה - דאודורנט ספריי לגבר יבש 150 מ""ל",BEIERSDORF MANUFACTU,DE,ניוואה דאודורנט ספרי,מיליליטרים,150.00,"100 מ""ל",false,,14.90,9.9333,true,1,143556
4005808366392,false,שפתון כחול בליסטר לבלו,טרופיקל דגיל תעשיות,DE,שפתון לבלו כחול בליס,יחידה,0.00,יחידה,false,,10.00,0.0000,true,1,128786
4005808368280,false,לבלו דובדבן בליסטר שפתון,טרופיקל דגיל תעשיות,DE,שפתון לבלו פירות בטע,יחידה,0.00,יחידה,false,,10.00,0.0000,true,1,128787
4005808702107,false,ניוואה תחליב גוף עשיר משאבה 500מל,בטר אנד דיפרנט,ES,ניוואה תחליב גוף לעו,מיליליטרים,500.00,"100 מ""ל",false,,19.90,3.9800,true,1,140960
4005808817405,false,"ניוואה גל גילוח רגיש 200 מ""ל",פרוטרופיק סיה.,DE,ניוואה ג'ל גילוח לעו,מיליליטרים,200.00,"100 מ""ל",false,,19.90,9.9500,true,1,131568
4005808817726,false,ניוואה קרם גילוח פרו,ניוואה Nivea,DE,ניוואה קרם גילוח פרו,יחידה,0.00,יחידה,false,,14.90,0.0000,true,1,138907
4005808850723,false,שפתון לבלו תות בליסט,טרופיקל דגיל תעשיות,DE,שפתון לבלו תות בליסט,יחידה,0.00,יחידה,false,,10.00,0.0000,true,1,128789
4005808850907,false,לבלו הידרו קר בליסטר 5.5מל,,,שפתון לבלו הידרו קר,יחידה,0.00,יחידה,false,,10.00,0.0000,true,1,138908
4005808890576,false,ניוואה סופט שפופרת 75מל,ניוואה Nivea,DE,ניוואה קרם ידיים שפו,יחידה,0.00,יחידה,false,,12.90,0.0000,true,1,138887
4005900036476,false,"ניוואה - דאודורנט רול און לאישה בלק אנד וויט קליר 50 מ""ל",טרופיקל דגיל תעשיות,DE,ניוואה רול און בלק א,מיליליטרים,50.00,"100 מ""ל",false,,14.90,29.8000,true,1,128790
4005900138842,false,"ניוואה - תחליב רחצה סמוט 750 מ""ל",NIVEA,DE,ניוואה תחליב רחצה סמ,מטרים,750.00,100 מ'ל,false,,14.90,1.9867,true,1,142742
4005900513045,false,"ניוואה - דאודורנט ספריי לגבר דיפ 150 מ""ל",ביירסדורף,DE,ניוואה דאו ספריי דיפ,מטרים,150.00,100 מ'ל,false,,14.90,9.9333,true,1,138893
4005900521262,false,"ג'ל רחצה לגבר פיור אימפקט ניוואה 500 מ""ל",,,ניוואה ג'ל רחצה דיפ,מטרים,500.00,100 מ'ל,false,,14.90,2.9800,true,1,138903
4005900555915,false,"ניוואה - תחליב רחצה קוקוס וחוחובה 750 מ""ל",ביירסדורף AG,DE,ניוואה תחליב רחצה קו,מטרים,750.00,100 מ'ל,false,,14.90,1.9867,true,1,138993
4005900648181,false,"ניוואה - תחליב רחצה אלוורה 750 מ""ל",ביירסדורף AG,DE,ניוואה תחליב רחצה אל,מטרים,750.00,100 מ'ל,false,,14.90,1.9867,true,1,142741
4005900833723,false,"ניוואה - פאוור פרש ג'ל רחצה לגבר 500 מ""ל",,,ניוואה ג'ל רחצה לגב,מיליליטרים,500.00,"100 מ""ל",false,,14.90,2.9800,true,1,143339
4005900978950,false,לבלו - דובדבן שפתון לחות מטפח מהדורת נסיכות דיסני,,,לבלו דובדבן שפתון לח,יחידה,0.00,יחידה,false,,10.00,0.0000,true,1,147135
4005900978967,false,לבלו - וניל שפתון לחות מטפח מהדורת נסיכות דיסני,,,לבלו וניל שפתון וניל,יחידה,0.00,יחידה,false,,10.00,0.0000,true,1,147128
4005900978974,false,לבלו - סופט רוז שפתון לחות מטפח מהדורת נסיכות דיסני,,,לבלו סופט רוז שפתון,יחידה,0.00,יחידה,false,,10.00,0.0000,true,1,147136
4008287058161,false,בירה קרומבאכר פילס 4.8% שישיה 6 * 330 מל,מנדלז סי.אר. פרודקשן,DE,שישיית בירת קרומבכר,מיליליטרים,1980.00,"100 מ""ל",false,,29.90,1.5101,true,1,142757
4008400230726,false,ביצת שוקולד הפתעה קינדר ענקית 100ג' בנים,קינדר Kinder,BE,קינדר ביצת הפתעה מקס,גרמים,100.00,100 גרם,false,,24.90,24.9000,true,1,128528
4009300522966,false,פומפדור תה ירוק נענע 20 שקיקים,"איטיליאן פוד, אס.פי.",DE,פומפדור תה ירוק נענע,גרמים,36.00,100 גרם,false,,18.90,52.5000,true,1,86503
4009300524588,false,תה פומפדור חליטת צמחים פירות יער 20 יח',פומפדור Pompadour,DE,פומפדור חליטת תה פיר,גרמים,60.00,100 גרם,false,,15.90,26.5000,true,1,62909
4009300525684,false,חליטת צמחים ג'ינג'ר לימונית,פומפדור Pompadour,DE,פומפדור חליטות גינגר,יחידה,0.00,יחידה,false,,15.90,0.0000,true,1,80399
4009900379564,false,מסטיק הובה בובה Hubba Bubba טייפ בטעם פירות,מרס ריגלי קונפקשונרי,,הובה בובה פירות טייפ,גרמים,56.00,100 גרם,false,,7.90,14.1071,true,1,51376
4009900402965,false,מסטיק אורביט וויט בטעם פירות ללא סוכר,ריגלי פולין,PL,אורביט ווייט בקבוקון,גרמים,65.00,100 גרם,false,,10.90,16.7692,true,1,81645
4009900403023,false,מסטיק אורביט בקבוקון דאבל white קלאסי 64ג',"ב.א מזון בע""מ",PL,אורביט ווייט בקבוקון,גרמים,64.00,100 גרם,false,,10.90,17.0313,true,1,81646
4009900420129,false,מסטיק אורביט פרופשנל פפרמינט בקבוקון 64 גר',מרס נדרלנד,PL,אורביט פרופשיונל פפר,גרמים,64.00,100 גרם,false,,10.90,17.0313,true,1,123112
4009900426121,false,מסטיק אורביט איירוויז בקבוקון אוכמניות 64ג',איירוויבס Airwaves,PL,איירוויבז אוכמניות ב,גרמים,64.00,100 גרם,false,,10.90,17.0313,true,1,114810
4009900479998,false,מסטיק אורביט בטעם אוכמניות ללא סוכר,ריגלי פולין,PL,אורביט אוכמניות בקבו,יחידה,0.00,יחידה,false,,10.90,0.0000,true,1,86964
4009900482417,false,מסטיק אורביט פירות מנטה בקבוקון באבל מינט 45יח,ריגלי פולין,PL,אורביט באבל מינט בקב,יחידה,0.00,יחידה,false,,10.90,0.0000,true,1,82346
4009900484091,false,מסטיק אורביט פרופשיונל בטעם מנטה ללא סוכר,אורביט Orbit,,אורביט בקבוק בטעם ספ,גרמים,84.00,100 גרם,false,,14.50,17.2619,true,1,83372
4009900484305,false,מסטיק אורביט פרופשיונל סוויטמינט ביגי לבן 60יח',אורביט Orbit,,אורביט בקבוק בטעם סו,גרמים,84.00,100 גרם,false,,14.50,17.2619,true,1,83373
4009900487283,false,אורביט ילדים קלאסי סט' משפחתי-חמישיות,אורביט Orbit,,אורביט סטיקס בטעם פי,יחידה,0.00,יחידה,false,,10.90,0.0000,true,1,83903
4009900491044,false,מסטיק איירובס אוכמניות בקבוקון 60יח',איירוויבס Airwaves,PL,אירוובס בקבוק אוכמני,גרמים,84.00,100 גרם,false,,14.50,17.2619,true,1,123629
4009900531122,false,"מסטיק בטעם מנטה ספירמינט, 64 ג' פרופשיונל אורפיט",מרס נדרלנד,PL,אורביט פרופשיונל פפר,גרמים,64.00,100 גרם,false,,10.90,17.0313,true,1,123113
4009900532327,false,סוכריות סקיטלס סמודיס בטעמי יוגורט ופירות,סקיטלס Skittles,CZ,סקיטלס סמודיס 38 גרם,גרמים,38.00,100 גרם,false,,3.90,10.2632,true,1,123630
4009900534611,false,מסטיק איירוויבז בקבוקון בטעם מלון ומנטה,ריגלי,IL,איירוויבז מנטה מלון,גרמים,64.00,100 גרם,false,,10.90,17.0313,true,1,137877
4009900536288,false,מסטיק אורביט רפרשרס פפרמינט בקבוקון ללא סוכר 67 גר',מרס ריגלי קונפקשונרי,PL,אורביט רפרשרס פפרמינ,גרמים,67.00,100 גרם,false,,12.90,19.2537,true,1,141984
4009900536486,false,מסטיק אורביט רפרשרס באבלמינט בקבוקון ללא סוכר 67 גר',מרס ריגלי קונפקשונרי,PL,אורביט רפרשרס באבלמי,גרמים,67.00,100 גרם,false,,12.90,19.2537,true,1,141985
4009900540551,false,מסטיק אורביט רפרשרס טרופיקל בקבוקון ללא סוכר,מרס פולין,PL,אורביט רפרשרס טרופיק,גרמים,67.00,100 גרם,false,,12.90,19.2537,true,1,144977
4011800528416,false,חטיף דגנים עם בוטנים מתוק מלוח,קורני Corny,,קורני בייס סויט&סול,גרמים,150.00,100 גרם,false,,13.90,9.2667,true,1,140546
4011800628512,false,חטיף דגנים עם שוקולד חלב,מיוצר עי קונדיטוריית,DE,קורני חטיף דגנים עם,גרמים,150.00,100 גרם,false,,13.90,9.2667,true,1,84872
4011800629519,false,חטיף דגנים עם אגוזי לוז,קורני Corny,DE,קורני חטיף דגנים עם,גרמים,150.00,100 גרם,false,,13.90,9.2667,true,1,84873
4011800630515,false,חטיף דגנים עם שוקולד חלב ובננה,מיוצר עי קונדיטוריית,DE,קורני חטיף דגנים עם,גרמים,150.00,100 גרם,false,,13.90,9.2667,true,1,84874
4011800633516,false,חטיף דגנים עם שוקולד מריר מעולה,שוורטאוור וורקה,DE,קורני חטיף דגנים עם,גרמים,150.00,100 גרם,false,,13.90,9.2667,true,1,84877
4011800635510,false,חטיף קורני Corny Free עם אגוזי לוז ללא תוספת סוכר,קורני Corny,DE,קורני פרי חטיף דגנים,גרמים,120.00,100 גרם,false,,13.90,11.5833,true,1,84878
4011800636517,false,חטיף קורני Corny Free עם שוקולד חלב,מיוצר עי קונדיטוריית,DE,קורני פרי חטיף דגנים,גרמים,120.00,100 גרם,false,,13.90,11.5833,true,1,84879
4011800637514,false,חטיף קורני Corny Free עם שוקולד לבן ללא תוספת סוכר,קורני Corny,DE,קורני פרי חטיף דגנים,גרמים,120.00,100 גרם,false,,13.90,11.5833,true,1,84880
4012273123009,false,"קרם ידיים ניטרוגינה 50 מ""ל",גונסון אנד גונסון,FR,ניוטרוג'ינה קרם ידי,100 יח',50.00,100 יח',false,,19.90,39.8000,true,1,147424
4014400900217,false,בונבונירה מרסי 400 גרם חלבי - נוכרי,קריניציה ויטמינה אס,DE,*מבצע* בונבונירה מרס,גרמים,400.00,100 גרם,false,,44.90,11.2250,true,1,54410
4014400904277,false,סוכריות אייס פרש 425 ג',תות ממתקי איכות,DE,סוכריות אייס פרש 425,גרמים,425.00,100 גרם,false,,19.90,4.6824,true,1,54417
4014400904376,false,סוכריות טופי שוקולדן שטורק 325 ג',קריניציה ויטמינה אס,DE,סוכריות שוקולדן 325ג,גרמים,325.00,100 גרם,false,,19.90,6.1231,true,1,54420
4014400904390,false,סוכריות וולמילש ממולא ט.חלב 325גרם,קריניציה ויטמינה אס,DE,סוכריות וולמילש 325ג,גרמים,325.00,100 גרם,false,,19.90,6.1231,true,1,54421
4014400907902,false,סוכריות חמאה ללא סוכר בטעם קרמל בקופסא,תות ממתקי איכות,DE,סוכריות וורטר ללא סו,גרמים,42.00,100 גרם,false,,7.90,18.8095,true,1,68365
4014400910063,false,סוכריות וורטר טופי חמאה 135ג',אוגוסט שטורק,DE,סוכריות וורטר שקית 1,גרמים,135.00,100 גרם,false,,10.90,8.0741,true,1,66915
4014400913910,false,סוכריות וורטר במליוי קרם 125 ג',תות ממתקי איכות,DE,סוכריות וורטר ללא סו,גרמים,125.00,100 גרם,false,,10.90,8.7200,true,1,86366
4014400914696,false,וורטר אורגינל סוכריות ללא סוכר 80 ג',אוגוסט שטורק,DE,סוכריות וורטר ללא סו,גרמים,80.00,100 גרם,false,,10.90,13.6250,true,1,69203
4014400914924,false,סוכריות וורטר אורגינל ללא סוכר קפה 80 ג',קריניציה ויטמינה אס,DE,סוכריות וורטר ללא סו,גרמים,80.00,100 גרם,false,,10.90,13.6250,true,1,69204
4014400920857,false,סוכריות וורטר Werther's בטעם שוקולד ללא סוכר,קריניציה ויטמינה אס,DE,סוכריות וורטר בטעם ש,גרמים,70.00,100 גרם,false,,10.90,15.5714,true,1,88023
4014400923711,false,טופיפי 125 גר' - חלב נוכרי,אוגוסט שטורק,DE,טופיפי 125גרם,גרמים,125.00,100 גרם,false,,13.90,11.1200,true,1,115391
4014400931327,false,ורטרס אורגינל פופקורן עם קרמל זרעי דלעת 1/12,וורטרס Werther's,DE,פופקורן וורטרס אורגי,גרמים,140.00,100 גרם,false,,15.90,11.3571,true,1,145753
4015000031394,false,"ספטיל - משחה להסרת כתמים 200 מ""ל",קריות זול,IL,ספטיל מסיר כתמים 200,מיליליטרים,200.00,"100 מ""ל",false,,18.90,9.4500,true,1,53512
4015000615891,false,"פה - דאודורנט ספריי לאישה אקווה 200 מ""ל",הנקל סוד,DE,פה ספריי אקווה 200מל,מיליליטרים,200.00,"100 מ""ל",false,,15.90,7.9500,true,1,53548
4015400731719,false,תחבושות היגייניות אולוויז יום ולילה Day & Night,פרוקטר אנד גמבל,UA,אולוויז תחבושות דואו,יחידה,0.00,יחידה,false,,19.90,0.0000,true,1,91900
4015600762742,false,שמפו יומיומי למניעת קשקשים הנוסחה הקלאסית,פרוקטר אנד גמבל,RO,הד&שולדרס שמפו קלאסי,מיליליטרים,500.00,"100 מ""ל",false,,22.90,4.5800,true,1,82649
4015600762780,false,שמפו וקונדישינר יומיומי למניעת קשקשים הנוסחה הקלאסית 2in1,פרוקטר אנד גמבל,RO,הד&שולדרס שמפו קלאסי,מיליליטרים,500.00,"100 מ""ל",false,,22.90,4.5800,true,1,82650
4015600762902,false,"שמפו מנטול הד אנד שולדרס 500 מ""ל",פרוקטר אנד גמבל,RO,הד&שולדרס שמפו מנטול,מיליליטרים,500.00,"100 מ""ל",false,,22.90,4.5800,true,1,82653
4015600763022,false,שמפו יומיומי למניעת קשקשים לשיער יבש/פגום לשיער רך כמשי,פרוקטר אנד גמבל,RO,הד&שולדרס שמפו מגע מ,מיליליטרים,500.00,"100 מ""ל",false,,22.90,4.5800,true,1,82656
4015600766900,false,"שמפו ומרכ ך נגד קשקשים 500 מ""ל הד אנד שולדרס",פרוקטל אנד גמבל,RO,הד&שולדרס שמפו 2ב1 מ,מיליליטרים,500.00,"100 מ""ל",false,,22.90,4.5800,true,1,85623
4017100216800,false,מיני גלילי וופל מצופים שוקולד חלב,באלזן Bahlsen,,וופל בלזן שוקו 100גר,גרמים,100.00,100 גרם,false,,8.90,8.9000,true,1,113574
4017100364112,false,עוגיות היט Hit במילוי קרם בטעם שוקולד,הדקלאים אגודת שיתופי,PL,בלזן עוגיות סנדוויץ,גרמים,220.00,100 גרם,false,,9.90,4.5000,true,1,87793
4017100366239,false,עוגיות ביסקוויט סנדוויץ ממולא קרם בטעם שוקולד,ליבניץ Leibniz,,בלזן ליבניץ אנד קרים,גרמים,190.00,100 גרם,false,,8.90,4.6842,true,1,129677
4018344564634,false,פילה הרינג ברוטב פלפ,,,פילה הרינג ברוטב פלפ,גרמים,200.00,100 גרם,false,,12.90,6.4500,true,1,146981
4018344564665,false,פילה הרינג ברוטב בלק,,,פילה הרינג ברוטב בלק,גרמים,200.00,100 גרם,false,,12.90,6.4500,true,1,146987
4025700001962,false,שוקולד מילקה לבן 100 גר',פי אר ג'יי אס סי מונ,UA,מילקה שוקולד לבן 100,גרמים,100.00,100 גרם,false,,8.90,8.9000,true,1,146687
4053700292455,false,ויט רצועות שעווה תמצית צמחים לעור רגיל,רקיט בנקיזר,FR,ויט רצועות שעווה לעו,יחידה,0.00,יחידה,false,,34.90,0.0000,true,1,114943
4064666232386,false,"וולה - פלקס ספריי לעיצוב אולטרה גמיש 250 מ""ל",,,וולה פלקס ספריי לעיצ,מיליליטרים,250.00,"100 מ""ל",false,,29.90,11.9600,true,1,146816
4064666232409,false,"וולה - פלקס מוס לעיצוב אקסטרה גמיש 200 מ""ל",,,וולה פלקס מוס לעיצוב,מיליליטרים,200.00,"100 מ""ל",false,,26.90,13.4500,true,1,146813
4064666232416,false,"וולה - פלקס מוס לעיצוב אולטרה גמיש 200 מ""ל",,,וולה פלקס מוס לעיצוב,מיליליטרים,200.00,"100 מ""ל",false,,26.90,13.4500,true,1,146814
4066600601920,false,"בירה פאולנר פחית 500 מ""ל",פאולנר Paulaner,,בירה פאולנר פחית 500,מיליליטרים,500.00,"100 מ""ל",false,,13.90,2.7800,true,1,141418
4066600612049,false,בירה פאולנר אוקטוברפ,מבשלת פאולנר,DE,בירה פאולנר אוקטוברפ,מיליליטרים,500.00,"100 מ""ל",false,,13.90,2.7800,true,1,124960
4066600999614,false,"בירה פאולנר 500 מ""ל בקבוק",מבשלת פאולנר,DE,בירה פאולנר 500מל,מיליליטרים,500.00,"100 מ""ל",false,,13.90,2.7800,true,1,117055
4067600001123,false,פילה הרינג מעושן בשמ,,,לרסן פילה הרינג מעוש,גרמים,160.00,100 גרם,false,,13.90,8.6875,true,1,146979
4084500065536,false,"קרם לחות לחות מוגברת פנטן 300 מ""ל",פרוקטר אנד גמבל,FR,פנטן קרם לחות לשיער,מיליליטרים,300.00,"100 מ""ל",false,,19.90,6.6333,true,1,116213
4084500065598,false,"קרם לחות לתלתלים מושלמים פנטן 300מ""ל",פנטן Pantene,,פנטן קרם לחות לתלתלי,מיליליטרים,300.00,"100 מ""ל",false,,19.90,6.6333,true,1,116215
4084500088917,false,"נוזל כלים פיירי לימון 650 מ""ל",פרוקטר אנד גמבל,GB,פיירי נוזל לכלים צהו,מיליליטרים,650.00,"100 מ""ל",false,,11.90,1.8308,true,1,86619
4084500149526,false,טייד נוזל כביסה 2.48 ליטר,פרוקטר אנד גמבל,FR,טייד גל כביסה 2.48לי,ליטרים,2.48,ליטר,false,,34.90,14.0726,true,1,85860
4084500853898,false,סבון כלים אלוורה ומלפפונים,פרוקטר אנד גמבל,GB,פיירי לכלים אלוורה ו,מיליליטרים,515.00,"100 מ""ל",false,,11.90,2.3107,true,1,144029
4600659010854,false,וודקה סטולי בקבוק 70,איי. אס. לטבייאס בלז,LV,*מבצע* וודקה סטולי 7,מיליליטרים,700.00,"100 מ""ל",false,,59.90,8.5571,true,1,68966
4605561011975,false,חתיכות פילה הרינג בשמן 150 גר RS,,,חתיכות פילה הרינג בש,גרמים,150.00,100 גרם,false,,8.90,5.9333,true,1,140150
4640018993398,false,קפסולות ג'יל רגיל קואנטום 60 יח' פיניש,רקיט בנקיזר,PL,פיניש קוואנטום 60 קפ,יח',60.00,יח',false,,55.90,0.9317,true,1,140232
4710068001692,false,"מאסטר קפה לאטה פחית 240מ""ל",תאיט מרקטינג אנד דיס,,מאסטר קפה לאטה 240 מ,מיליליטרים,240.00,"100 מ""ל",false,,8.60,3.5833,true,1,86565
4710068001739,false,"מאסטר קפה קולומביאני 240 מ""ל",יוני פרזינדנט אנטרפר,,מאסטר קפה קולומביאני,מיליליטרים,240.00,"100 מ""ל",false,,8.60,3.5833,true,1,86567
4751003924003,false,סלט טונה עם ירקות איטלקי 185 ג' לארסן,,,לרסן סלט טונה בסגנון,גרמים,185.00,100 גרם,false,,13.90,7.5135,true,1,146976
4751007738095,false,סלט סלמון עם ירקות מקסיקני 220 ג' לארסן,,,לרסן סלט סלמון מקסיק,גרמים,220.00,100 גרם,false,,13.90,6.3182,true,1,146974
4751007738101,false,סלט סלמון עם ירקות איטלקי 220 ג' לארסן,,,לרסן סלט סלמון איטלק,גרמים,220.00,100 גרם,false,,13.90,6.3182,true,1,146978
4751007739924,false,סלמון ברוטב עגבניות,,,סלמון ברוטב עגבניות,גרמים,185.00,100 גרם,false,,10.90,5.8919,true,1,146010
4810168018795,false,חתיכות פילה דג הרינג מלוח מצונן 200ג',SANTA BREMOR,,חתיכות פילה דג הרינג,גרמים,200.00,100 גרם,false,,14.90,7.4500,true,1,123204
4810168024512,false,פילה דג הרינג מלוח מצונן עם תבלין בצנצנת חתיכות 260ג,,,חתיכות פילה דג הרינג,גרמים,260.00,100 גרם,false,,18.90,7.2692,true,1,123206
4810168058975,false,חתיכות פילה דג הרינג סקנדינבי מלוח מצונן 260 גר,,,חתיכות פילה דג הרינג,גרמים,260.00,100 גרם,false,,18.90,7.2692,true,1,146160
4820198873295,false,תה ירוק אורנג מינט 2,,,תה ירוק 1.8עם נענע ב,יחידה,0.00,יחידה,false,,11.90,0.0000,true,1,147147
4820198873325,false,חליטת פירות וצמחים ס,,,חליטת פירות וצמחים ב,יחידה,0.00,יחידה,false,,11.90,0.0000,true,1,147148
4823077612732,false,סוכריות קשות ממולאות,קייב קרמנציק,,סוכריות בים בום 200,גרמים,200.00,100 גרם,false,,8.90,4.4500,true,1,123761
4823077613203,false,שוקולד מריר עם אגוזי לוז שלמים,רושן Roshen,,שוקולד מריר+פונדוק ש,גרמים,90.00,100 גרם,false,,8.90,9.8889,true,1,128868
4823077613630,false,חטיף שוקולד חלב במילוי קרם ברולה,רושן Roshen,,חטיף שוקולד רושן ממו,גרמים,43.00,100 גרם,false,,3.90,9.0698,true,1,141703
4823077614675,false,ביסקוויט לקפה רושן18,קייב קרמנציק,,ביסקוויט לקפה רושן18,גרמים,185.00,100 גרם,false,,4.90,2.6486,true,1,146520
4823077614699,false,ביסקוויט לקפה רושן ב,קייב קרמנציק,,ביסקוויט לקפה רושן ב,גרמים,185.00,100 גרם,false,,4.90,2.6486,true,1,146519
4823077614767,false,שוקולד רושן חלב נוגט,רושן,,שוקולד רושן חלב נוגט,גרמים,90.00,100 גרם,false,,6.90,7.6667,true,1,145809
4823077614804,false,שוקולד חלב בטעם אוכמניות,רושן Roshen,,שוקולד חלב נוגט בטעם,גרמים,90.00,100 גרם,false,,6.90,7.6667,true,1,128873
4823077617041,false,חטיף שוקולד חלב במילוי קרמל,רושן Roshen,,באטונציק קרמל 40גר,גרמים,40.00,100 גרם,false,,3.90,9.7500,true,1,128877
4823077621635,false,וופל רושן בטעם חלב 7,Unknown,,וופל רושן בטעם חלב 7,גרמים,72.00,100 גרם,false,,3.90,5.4167,true,1,143469
4823077621642,false,וופל רושן בטעם שוקול,Unknown,,וופל רושן בטעם שוקול,גרמים,72.00,100 גרם,false,,3.90,5.4167,true,1,143470
4823077621659,false,וופל רושן בטעם אגוז,Unknown,,וופל רושן בטעם אגוז,גרמים,72.00,100 גרם,false,,3.90,5.4167,true,1,143471
4823077625589,false,וופל רושן בטעם חלב 2,,,וופל רושן בטעם חלב 2,גרמים,216.00,100 גרם,false,,7.90,3.6574,true,1,142401
4823077625602,false,וופל רושן בטעם שוקול,,,וופל רושן בטעם שוקול,גרמים,216.00,100 גרם,false,,7.90,3.6574,true,1,142402
4823077625626,false,וופל רושן בטעם אגוז,,,וופל רושן בטעם אגוז,גרמים,216.00,100 גרם,false,,7.90,3.6574,true,1,142403
4823077626227,false,שוקולד רושן אוורירי,רושן Roshen,,שוקולד רושן אוורירי,גרמים,80.00,100 גרם,false,,7.90,9.8750,true,1,131849
4823077626241,false,שוקולד אורירי לבן קרמל,רושן Roshen,,שוקולד רושן אוורירי,גרמים,80.00,100 גרם,false,,7.90,9.8750,true,1,131850
4823077626364,false,שוקולד רושן אוורירי,רושן Roshen,,שוקולד רושן אוורירי,גרמים,80.00,100 גרם,false,,7.90,9.8750,true,1,131851
4823077631467,false,קרקר עם מלח ים רושן,רושן,,קרקר עם מלח ים רושן,גרמים,168.00,100 גרם,false,,6.90,4.1071,true,1,142957
4823077631474,false,קרקר קלאסי רושן 168,רושן,,קרקר קלאסי רושן 168,גרמים,168.00,100 גרם,false,,6.90,4.1071,true,1,142958
4823077632112,false,וופל רושן בטעם קקאו,,,וופל רושן בטעם קקאו,גרמים,216.00,100 גרם,false,,7.90,3.6574,true,1,142404
4823077632570,false,שוקולד רושן מריר 85,רושן,,שוקולד רושן מריר 85,גרמים,85.00,100 גרם,false,,7.90,9.2941,true,1,142904
4823077632594,false,שוקולד רושן חלב אגוז,רושן,,שוקולד רושן חלב עם א,גרמים,90.00,100 גרם,false,,8.90,9.8889,true,1,142906
4823077633331,false,עוגיות רושן לוויטהבט,,,עוגיות רושן לוויטהבט,גרמים,150.00,100 גרם,false,,7.90,5.2667,true,1,142409
4823077633348,false,עוגיות רושן לוויטה ע,,,עוגיות רושן לוויטה ע,גרמים,150.00,100 גרם,false,,7.90,5.2667,true,1,142410
4823077634178,false,עוגיות רושן לוויטה ב,,,עוגיות רושן לוויטה ב,גרמים,168.00,100 גרם,false,,7.90,4.7024,true,1,143821
4823077634741,false,עוגיות רושן לוויטה ב,,,עוגיות רושן לוויטה ב,גרמים,168.00,100 גרם,false,,7.90,4.7024,true,1,143823
4823077635793,false,וופלים דקיקים רושן ס,,,וופלים דקיקים רושן,גרמים,55.00,100 גרם,false,,4.90,8.9091,true,1,147137
4823077635809,false,וופלים דקיקים רושן ס,,,וופלים דקיקים רושן ט,גרמים,55.00,100 גרם,false,,4.90,8.9091,true,1,147138
4823077636172,false,וופל רושן בטעם לימון,,,וופל רושן בטעם לימון,גרמים,216.00,100 גרם,false,,7.90,3.6574,true,1,145810
4823077636332,false,עוגיות לוויטה במילוי,,,עוגיות לוויטה במילוי,גרמים,127.00,100 גרם,false,,7.90,6.2205,true,1,147503
4823077636400,false,עוגיות לוויטה במילוי,,,עוגיות לוויטה במילוי,גרמים,127.00,100 גרם,false,,7.90,6.2205,true,1,147504
4903001904192,false,"רוטב סויה יאמסה פרימיום 500 מ""ל",הדקלאים אגודת שיתופי,JP,רוטב סויה יאמסה 500מ,מיליליטרים,500.00,"100 מ""ל",false,,19.90,3.9800,true,1,70901
4903001925784,false,סויה יאמאסה 500 מל דל נתרן,הדקלאים אגודת שיתופי,JP,רוטב סויה יאמסה מופח,מיליליטרים,500.00,"100 מ""ל",false,,19.90,3.9800,true,1,117939
4903001930993,false,"רוטב טריאקי יאמאסה 500מ""ל",יאמאסה yamasa,JP,רוטב טריאקי ימאסה 50,מיליליטרים,500.00,"100 מ""ל",false,,19.90,3.9800,true,1,117940
5000127533196,false,"קלוגס ווראייטי, 191 גרם",חברת קלוגס בריטניה,GB,קלוגס מנות אישיות וו,גרמים,191.00,100 גרם,false,,24.90,13.0366,true,1,122595
5000146048688,false,ברסו מטליות לניקוי כלי כסף,רקיט בנקיזר,PT,ברסו לניקוי כלי אלומ,גרמים,75.00,100 גרם,false,,15.90,21.2000,true,1,81372
5000146057710,false,ספריי רב שימושי לחלונות ומשטחים ווינדולין Windolene,רקיט בנקיזר,PL,וינדולין ספריי לחלונ,מיליליטרים,750.00,"100 מ""ל",false,,8.90,1.1867,true,1,59087
5000146401568,false,וולייט דפים למניעת העברת צבע 10 דפים,ווליט Woolite,IT,ווליט לכביסה שומרי צ,יחידה,0.00,יחידה,false,,17.90,0.0000,true,1,59094
5000157143365,false,מתבל בטעם מיונז וקטשופ היינץ 425 ג',היינץ Heinz,PL,מתבל בטעם מיונז וקטש,גרמים,425.00,100 גרם,false,,14.90,3.5059,true,1,137380
5000159376655,false,סוכריות סקיטלס 38 גר פירות 38 גרם,ריגלי ממתקים,,סקיטלס פירות 38גר,גרמים,38.00,100 גרם,false,,3.90,10.2632,true,1,84500
5000189974579,false,מארז מיני חטיפי קיט קט Kit Kat,נסטלה Nestle,,קיט קט מיני 200 גרם,גרמים,200.00,100 גרם,false,,10.90,5.4500,true,1,121800
5000204151022,false,"פלדג' אירוסול לניקוי רהיטים לבנדר 250 מ""ל",,,פלדג' אירוסול לניקוי,מיליליטרים,250.00,"100 מ""ל",false,,17.90,7.1600,true,1,138802
5000204658064,false,"קיווי אקספרס ספוג הברקה שחור 7מ""ל",המאפיה של הרמן,HN,קיווי אקספרס ספוגית,יחידה,0.00,יחידה,false,,19.90,0.0000,true,1,81489
5000204886566,false,"תרסיס מנקה, מזין ומגן על העץ עם שמן תפוז טבעי",Jonson ג'ונסון,US,פלדג' שמן לרהיטים 47,מיליליטרים,475.00,"100 מ""ל",false,,34.90,7.3474,true,1,48544
5000267014234,false,וויסקי ג'וני ווקר רד לייבל Red label,ג'וני ווקר Johnnie walker,,וויסקי ג'וני ווקר רד,מיליליטרים,700.00,"100 מ""ל",false,,89.90,12.8429,true,1,62500
5000267024202,false,ויסקי גוני ווקר בלאק,אלכוהול (איי.בי.בי),,*מבצע* וויסקי גוני ו,מיליליטרים,700.00,"100 מ""ל",false,,119.90,17.1286,true,1,129443
5000267024233,false,"וויסקי ג'וני בלאק לייבל עם פורר 700מ""ל",ג'וני ווקר Johnnie walker,,*מבצע* גוני ווקר שחו,מיליליטרים,700.00,"100 מ""ל",false,,119.90,17.1286,true,1,80288
5000289925440,false,גין גורדון בקבוק 700,אלכסנדר גורדון ושות',,*מבצע* ג'ין גורדון 7,מיליליטרים,700.00,"100 מ""ל",false,,69.90,9.9857,true,1,118817
5010182996799,false,ג'ל אסלה מנטרל ריחות בניחוח פרחי בר ורודים,דאופלור אס.פי.אי איט,IT,טואלט דאק ג'ל אסלה ב,מיליליטרים,55.00,"100 מ""ל",false,,9.90,18.0000,true,1,48551
5010182997338,false,"טואלט דאק ג'ל אסלה ניחוח רענן 55 מ""ל","איטיליאן פוד, אס.פי.",IT,טואלט דאק ג'ל אסלה ב,מיליליטרים,55.00,"100 מ""ל",false,,9.90,18.0000,true,1,48553
5010182998847,false,"טואלט דאק נוזל לאסלה כחול 750 מ""ל",מיוצר עי קונדיטוריית,NL,טואלט דאק נוזל לאסלה,מיליליטרים,750.00,"100 מ""ל",false,,9.90,1.3200,true,1,68539
5010182998861,false,"טואלט דאק נוזל לאסלה ירוק 750 מ""ל",מיוצר עי קונדיטוריית,NL,טואלט דאק נוזל לאסלה,מיליליטרים,750.00,"100 מ""ל",false,,9.90,1.3200,true,1,55648
5010327000046,false,וויסקי גרנט'ס סקוטי,"איי, בי, אינבוו",,וויסקי גרנטס 700מל,מיליליטרים,700.00,"100 מ""ל",false,,99.90,14.2714,true,1,65012
5010677551281,false,"בקרדי בריזר לימון 275 מ""ל בקבוק",בקרדי בריזר Bacardi Breezer,BE,בקרדי בריזר לימון 27,מיליליטרים,275.00,"100 מ""ל",false,,16.90,6.1455,true,1,43749
5010677552387,false,"בקרדי בריזר אננס 275 מ""ל בקבוק",בקרדי בריזר Bacardi Breezer,BE,בקרדי בריזר אננס 275,מיליליטרים,275.00,"100 מ""ל",false,,16.90,6.1455,true,1,43750
5011417552247,false,"אירוויק מבשם אוויר נטל גז בניחוח פשתן ופרחי לילך 345מ""ל",איירוויק Air Wick,PL,איירוויק נטול גז פשת,מיליליטרים,345.00,"100 מ""ל",false,,15.90,4.6087,true,1,63826
5029053002408,false,נייר טואלט קלינקס פרימיום לבן - מארז 9 גלילים,קימברלי קלארק ישראל,IL,קלינקס נייר טואלט לב,גרמים,1184.00,100 גרם,false,,42.90,3.6233,true,1,45707
5029053002439,false,נייר טואלט קלינקס פרימיום צהוב - מארז 9 גלילים,חוגלה קימברלי,,קלינקס נייר טואולט צ,גרמים,1184.00,100 גרם,false,,42.90,3.6233,true,1,45708
5029053039725,false,קופסת ממחטות נטורל פרש 72 דף קלינקס,עלבד,,קלינקס נטורל פרש טיש,יח',72.00,יח',false,,13.90,0.1931,true,1,143669
5029053510811,false,קוטקס - תחבושות אולטרה נורמל + כנפיים 30 יח',קימברלי קלארק,,קוטקס תחבושות אולטרה,יח',28.00,יח',false,,19.90,0.7107,true,1,45717
5029053523446,false,קוטקס - תחבושות אולטרה נייט + כנפיים 20 יח',קימברלי קלארק,,קוטקס תחבושות אולטרה,יח',20.00,יח',false,,19.90,0.9950,true,1,45723
5029053534589,false,קוטקס טמפוני מיני 32 יח',חוגלה קימברלי,,טמפוני קוטקס מיני לל,יחידה,0.00,יחידה,false,,27.90,0.0000,true,1,96584
5029053535227,false,קוטקס טמפון עם מוליך נורמל 16 יח',KC Czech,,קוטקס טמפון+מוליך נו,יחידה,0.00,יחידה,false,,27.90,0.0000,true,1,70962
5029053578309,false,קופסת ממחטות אולטרה סופט 48 דף קלינקס,קימברלי,IL,קלינקס טישו אולטרה ס,יח',48.00,יח',false,,8.90,0.1854,true,1,143745
5035766060253,false,"בירה מרפיס 500 מ""ל פחית",מרפיס Murphys,,בירה מרפיס איריש סטא,מיליליטרים,500.00,"100 מ""ל",false,,15.90,3.1800,true,1,67532
5050083559761,false,קלוגס קוקו פופס שוקו 500ג',קלוגס מניופקטורינג א,DE,*מבצע* דגני קלוגס קו,גרמים,500.00,100 גרם,false,,18.90,3.7800,true,1,72176
5053827193368,false,קלוגס אול בראון פלקס 500ג',קלוגס Kellogg's,,דגני אול ברנפלקס 500,גרמים,500.00,100 גרם,false,,25.90,5.1800,true,1,122596
5060250343741,false,הרשיז ראונדס קוקיס אנד קרים 96ג',,,הרשיז ראונדס קוקיס א,גרמים,96.00,100 גרם,false,,10.90,11.3542,true,1,146394
5060517886486,false,"משקה אנרגיה מונסטר פח 500 מ""ל",מונסטר אנרג'י Monster Energy,RU,מונסטר אנרגי פח 500מ,מיליליטרים,500.00,"100 מ""ל",false,,7.90,1.5800,true,1,137430
5060517886516,false,"משקה אנרגיה מונסטר זירו פח 500 מ""ל",מונסטר אנרג'י Monster Energy,RU,מונסטר אנרגי זירו פח,מיליליטרים,500.00,"100 מ""ל",false,,7.90,1.5800,true,1,137431
5060639128051,false,"משקה אנרגיה מונסטר אולטרה פחית 500 מ""ל",מונסטר אנרג'י Monster Energy,RS,מונסטר אולטרה פחית 5,מיליליטרים,500.00,"100 מ""ל",false,,7.90,1.5800,true,1,139253
5060639129102,false,"משקה אנרגיה מונסטר מנגו פח 500 מ""ל",מונסטר אנרג'י Monster Energy,RS,מונסטר אנרגי פח 500,מיליליטרים,500.00,"100 מ""ל",false,,7.90,1.5800,true,1,141060
5060751218173,false,"משקה אנרגיה מונסטר Pipline punch פח 500 מ""ל",Monster energy סרביה,IE,מונסטר פונצ פח 500מל,מיליליטרים,500.00,"100 מ""ל",false,,7.90,1.5800,true,1,145514
5201178801054,false,"ניוואה קרם רב שימושי 250מ""ל",טרופיקל דגיל תעשיות,DE,ניוואה קרם רב שימוש,מיליליטרים,250.00,"100 מ""ל",false,,29.90,11.9600,true,1,131571
5201347400545,false,רצועות שעווה מוכנות לשימוש לפנים ולאזורים רגישים,רקיט בנקיזר,FR,ויט רצועות שעווה לפנ,יחידה,0.00,יחידה,false,,34.90,0.0000,true,1,114946
5201583750411,false,זירו סוכריות ללא סוכר לימון סטיביה,Unknown,GR,סוכריות לימון זירו 3,גרמים,32.00,100 גרם,false,,6.90,21.5625,true,1,143302
5201583751111,false,זירו סוכריות ללא סוכר אספרסו,,,סוכריות אספרסו קרמי,גרמים,32.00,100 גרם,false,,6.90,21.5625,true,1,143305
5201583752118,false,זירו סוכריות ללא סוכר חמאה במילוי שוקולד,Unknown,GR,סוכריות חמאה במילוי,גרמים,36.00,100 גרם,false,,6.90,19.1667,true,1,143303
5201583752415,false,זירו סוכריות ללא סוכר תפוז במילוי שוקולד,,,סוכריות תפוז במילוי,גרמים,36.00,100 גרם,false,,6.90,19.1667,true,1,143308
5201940010110,false,זיתים שחורים מזן קלמטה בפח 454 ג',סיוארס אס.איי,GR,זית קלמטה ויליפוד 45,גרמים,454.00,100 גרם,false,,19.90,4.3833,true,1,60780
5202795080709,false,אוזו מטקסה Ouzo Metaxa,פארייפאבה אגרואינדוס,GR,אוזו מטקסה 700מל,מיליליטרים,700.00,"100 מ""ל",false,,69.90,9.9857,true,1,143142
5391523057936,false,סימילאק גולד שלב 2 תרכובת מזון על בסיס חלב,אבוט לבורטיז,IE,סימילאק גולד 700 גרם,גרמים,700.00,100 גרם,false,,72.90,10.4143,true,1,121390
5410126006377,false,לוטוס עוגיות סנדוויץ' במילוי וניל 150 גר',לוטוס ביקרי בלגיה נ.,BE,לוטוס עוגיות סנדוויץ,גרמים,150.00,100 גרם,false,,10.90,7.2667,true,1,146608
5410126106022,false,לוטוס מארז חגים 250X2 גר',לוטוס בייקרי,BE,לוטוס מארז חגים 2*25,גרמים,500.00,100 גרם,false,,18.90,3.7800,true,1,146644
5410228267515,false,בירה באדוויזר שישייה,באדווייזר Budweiser,,בירה באדוויזר שישייה,מיליליטרים,1980.00,"100 מ""ל",false,,29.90,1.5101,true,1,137752
5410316983693,false,"אייס סמירנוף בודד 275 מ""ל",סמירנוף אייס Smirnoff ice,IT,סמירנוף אייס בודד 27,מיליליטרים,275.00,"100 מ""ל",false,,13.90,5.0545,true,1,84165
5410316994019,false,"וודקה סמירנוף אדום 700מ""ל",דיאג'ו אופריישנס איט,US,וודקה סמירנוף אדום 7,מיליליטרים,700.00,"100 מ""ל",false,,59.90,8.5571,true,1,82267
5411188081852,false,אלפרו משקה סויה בטעם וניל 1 ל',הנסיך- מפעל לייצור ט,BE,אלפרו משקה משקה סויה,מיליליטרים,1000.00,"100 מ""ל",false,,14.90,1.4900,true,1,85652
5411188110835,false,אלפרו חלב סויה שקדים וניל 1ל',הנסיך- מפעל לייצור ט,BE,אלפרו משקה משקה שקדי,מיליליטרים,1000.00,"100 מ""ל",false,,14.90,1.4900,true,1,82343
5411188112709,false,משקה אלפרו שקדים ללא סוכר 1 ליטר,הנסיך- מפעל לייצור ט,BE,אלפרו משקה שקדים ללא,מיליליטרים,1000.00,"100 מ""ל",false,,14.90,1.4900,true,1,89478
5411188115366,false,אלפרו משקה שיבולת שועל 1 ליטר,הנסיך- מפעל לייצור ט,BE,אלפרו משקה שיבולת שו,מיליליטרים,1000.00,"100 מ""ל",false,,14.90,1.4900,true,1,89479
5411188115472,false,אלפרו משקה סויה 1 ליטר,הנסיך- מפעל לייצור ט,BE,אלפרו משקה סויה 1 לי,מיליליטרים,1000.00,"100 מ""ל",false,,14.90,1.4900,true,1,140065
5411188118732,false,אלפרו חלב משקה קוקוס שקדים 1 ל',הנסיך- מפעל לייצור ט,BE,אלפרו משקה קוקוס שקד,מיליליטרים,1000.00,"100 מ""ל",false,,14.90,1.4900,true,1,139138
5411188120742,false,אלפרו חלב משקה שקדים בטעם וניל 1 ל',הנסיך- מפעל לייצור ט,BE,אלפרו משקה שקדים טעם,מיליליטרים,1000.00,"100 מ""ל",false,,14.90,1.4900,true,1,132482
5411188121923,false,"אלפרו משקה סויה סידן מארז 250X3מ""ל",הנסיך- מפעל לייצור ט,BE,אלפרו משקה סויה 3*25,מיליליטרים,750.00,"100 מ""ל",false,,17.90,2.3867,true,1,119836
5411188122661,false,אלפרו משקה שקדים לא קלויים ללא תוספת סוכר 1 ל',אלפרו Alpro,,אלפרו משקה שקדים לא,מיליליטרים,1000.00,"100 מ""ל",false,,14.90,1.4900,true,1,137254
5411188124689,false,משקה שיבולת שועל ללא סוכר 1ל' אלפרו,אלפרו Alpro,BE,אלפרו משקה שיבולת שו,מיליליטרים,1000.00,"100 מ""ל",false,,13.90,1.3900,true,1,140408
5411188126195,false,משקה שקדים אורגני 1 ל' אלפרו,אלפרו Alpro,,אלפרו משקה שקדים אור,מיליליטרים,1000.00,"100 מ""ל",false,,14.90,1.4900,true,1,139136
5411188127697,false,משקה בריסטה שיבולת שועל 1ל' אלפרו,הנסיך- מפעל לייצור ט,BE,אלפרו בריסטה שיבולת,מיליליטרים,1000.00,"100 מ""ל",false,,14.90,1.4900,true,1,140063
5411188129899,false,משקה אלפרו בריסטה שקדים 1 ליטר,הנסיך- מפעל לייצור ט,BE,אלפרו בריסטה שקדים 1,מיליליטרים,1000.00,"100 מ""ל",false,,14.90,1.4900,true,1,140064
5411188133490,false,אלפרו משקה סויה קפה קרמל+חלבון 250 גרם בית יוסף,אלפרו,BE,אלפרו משקה סויה קפה,מיליליטרים,250.00,"100 מ""ל",false,,7.90,3.1600,true,1,143986
5411188134985,false,אלפרו 3.5% NOT M*LK שיבולת שועל 1 ליטר בית יוסף,הנסיך- מפעל לייצור ט,BE,אלפרו נוט מילק 3.5%,מיליליטרים,1000.00,"100 מ""ל",false,,15.90,1.5900,true,1,143988
5411188135005,false,אלפרו 1.8% NOT M*LK שיבולת שועל 1 ליטר בית יוסף,הנסיך- מפעל לייצור ט,BE,אלפרו נוט מילק 1.8%,מיליליטרים,1000.00,"100 מ""ל",false,,15.90,1.5900,true,1,143989
5411188300328,false,"אלפרו משקה סויה שוקו 500מ""ל",הנסיך- מפעל לייצור ט,BE,אלפרו משקה סויה שוקו,מיליליטרים,1000.00,"100 מ""ל",false,,14.90,1.4900,true,1,85647
5411188513483,false,"אלפרו סויה לבישול 14% שומן 250 מ""ל",אלפרו C.V.A,BE,אלפרו סויה לבישול 14,מיליליטרים,250.00,"100 מ""ל",false,,10.90,4.3600,true,1,146724
5411188543398,false,משקה סויה ללא סוכר 1 ל' אלפרו,הנסיך- מפעל לייצור ט,BE,אלפרו משקה סויה ללא,מיליליטרים,1000.00,"100 מ""ל",false,,14.90,1.4900,true,1,140066
5601008200444,false,עוגיות גודיס מרבה טבעת מצופה שוקו' חלב 150ג',הנסיך- מפעל לייצור ט,PT,עוגיות טבעת גודיס מצ,גרמים,150.00,100 גרם,false,,9.90,6.6000,true,1,72938
5601008200468,false,עוגיות מרבה גודיס טבעת מצופה שוקו' לבן 150ג',קריניציה ויטמינה אס,PT,עוגיות טבעת גודיס מצ,גרמים,150.00,100 גרם,false,,9.90,6.6000,true,1,72940
5604912415058,false,סרדינים בשמן חמניה חריף פורטוס 125 ג',פורטוס Porthos,PT,סרדינים בשמן חריף פו,גרמים,125.00,100 גרם,false,,6.90,5.5200,true,1,123539
5604912425057,false,מקרלים בשמן חמניה חריף 125 ג' פורטוס,קונסרבס פורטוגל נורט,PT,סרדינים בשמן זית חמנ,גרמים,125.00,100 גרם,false,,6.90,5.5200,true,1,123541
5701932026964,false,פופקורן להכנה במיקרוגל בטעם טבעי 6 שקיות,הוט פופ Hot pop,US,הוטפופ פופקורן בתוספ,גרמים,600.00,100 גרם,false,,17.90,2.9833,true,1,54432
5701932026971,false,פופקורן להכנה במיקרוגל בטעם חמאה 6 שקיות,הוט פופ Hot pop,US,הוטפופ פופקורן בטעם,גרמים,600.00,100 גרם,false,,17.90,2.9833,true,1,54433
5706516031358,false,פופקורן להכנה במיקרוגל בטעם טבעי מופחת שומן 5 שקיות,הוט פופ Hot pop,US,הוטפופ פופקורן 100 ק,גרמים,160.00,100 גרם,false,,17.90,11.1875,true,1,63319
5711953106590,false,גבינת שמנת עם שום 200 גרם ארלה,ארלה פודס אמבה,DK,גבינת שמנת שום ארלה,גרמים,200.00,100 גרם,false,,16.50,8.2500,true,1,131966
5711953106606,false,גבינת שמנת עם תבלינים ועשבי תיבול 23.5%,ארלה פודס אמבה,DK,גבינת שמנת עשבי תיבו,גרמים,200.00,100 גרם,false,,16.50,8.2500,true,1,131967
5740900403215,false,ממרח לורפק חמאה עם מלח 250 ג',לורפאק Lurpak,,לורפק ממרח עם מלח 25,גרמים,250.00,100 גרם,false,,19.50,7.8000,true,1,122610
5740900403222,false,ממרח לורפק חמאה עם מלח מופחת שומן 250 ג,לורפאק Lurpak,,לורפק ממרח עם מלח מו,גרמים,250.00,100 גרם,false,,19.50,7.8000,true,1,122611
5740900403239,false,ממרח לורפק חמאה בלי מלח 250 ג',לורפאק Lurpak,,לורפק ממרח ללא מלח 2,גרמים,250.00,100 גרם,false,,19.50,7.8000,true,1,122614
5740900403260,false,ממרח מחמאת לורפק ללא מלח 27% פחות שומן,ארלה פודס אמבה,DK,לורפק ממרח עם מלח מו,גרמים,250.00,100 גרם,false,,19.50,7.8000,true,1,122615
5900017062419,false,"ניוואה - תחליב רחצה ורדים ושמן שקדים 750 מ""ל",,,ניוואה תחליב רחצה ור,מיליליטרים,750.00,"100 מ""ל",false,,14.90,1.9867,true,1,142210
5900020012814,false,דגני בוקר בטעם שוקולד נסקוויק Nesquik,מיוצר עי קונדיטוריית,PL,דגני בוקר נסקוויק נס,גרמים,500.00,100 גרם,false,,27.90,5.5800,true,1,63612
5900020020710,false,נסטלה - קראנץ' שוקו וניל חטיף דגנים 25 גרם * 6,נסטלה פולין ברים,PL,חטיף דגנים קראנץ בר,גרמים,150.00,100 גרם,false,,17.90,11.9333,true,1,83869
5900020020741,false,חטיף נסקוויק Nesquik שוקו שוקו,נסטלה פולין ברים,PL,חטיף דגנים נסקוויק ב,גרמים,150.00,100 גרם,false,,17.90,11.9333,true,1,83870
5900020022325,false,חטיף סיני מיניס Cini Minis בטעם קינמון - 6 במארז,נסטלה פולין דגני בוק,PL,חטיף דגנים סיני מיני,גרמים,150.00,100 גרם,false,,17.90,11.9333,true,1,86307
5900020024770,false,פיטנס - דליס חטיף דגנים שוקולד אגוז 22.50 גרם * 6,נסטלה פולין ברים,PL,פיטנס בר דליס שוקולד,גרמים,135.00,100 גרם,false,,17.50,12.9630,true,1,89179
5900020024817,false,פיטנס דליס Fitness Delice חטיף דגנים עם שוקולד לבן,נסטלה פולין ברים,PL,פיטנס בר דליס שוקולד,גרמים,135.00,100 גרם,false,,17.50,12.9630,true,1,89180
5900020026552,false,דגני בוקר האני נאט צ'יריוס בטעם דבש ושקדים,נסטלה צרפת איטנקורט,FR,צ׳יריוס האני נאט נסט,גרמים,625.00,100 גרם,false,,27.90,4.4640,true,1,91645
5900020033314,false,חטיף דגני בוקר Lion בטעם קרמל ושוקולד על קרם חלב,נסטלה פולין ברים,PL,חטיף דגנים ליון 6*25,גרמים,150.00,100 גרם,false,,17.50,11.6667,true,1,122380
5900020036407,false,דגני בוקר ליון Lion בטעם שוקולד וקרמל,נסטלה פולין דגני בוק,,ליון שוקולד קרמל נסט,גרמים,480.00,100 גרם,false,,27.90,5.8125,true,1,138856
5900020039620,false,פיטנס חטיף דגנים שקדים ודבש פרווה,נסטלה פולין ברים,IL,פיטנס חטיף דגנים שק,גרמים,141.00,100 גרם,false,,17.90,12.6950,true,1,142659
5900352014449,false,וופל בלגי וניל 130 ג,,,וופל בלגי וניל 130 ג,גרמים,130.00,100 גרם,false,,4.90,3.7692,true,1,123936
5900352014456,false,וופל בלגי שוקולד 130,,,וופל בלגי שוקולד 130,גרמים,130.00,100 גרם,false,,4.90,3.7692,true,1,123937
5900352015125,false,עוגיות יזיקי קרמל מל,,,יזיקי קרמל מלוח 140,גרמים,140.00,100 גרם,false,,7.90,5.6429,true,1,146933
5900352015576,false,וופל בלגי קרם קוקוס,,,וופל בלגי קרם קוקוס,גרמים,130.00,100 גרם,false,,4.90,3.7692,true,1,146934
5900627026429,false,"סיליט באנג גיל לניקוי אסלות בתוספת אקונומיקה 750מ""ל",,,סיליט באנג סתימות 75,מיליליטרים,750.00,"100 מ""ל",false,,9.90,1.3200,true,1,131011
5900627063233,false,טבליות למדיח AIO 50 יח פיניש,רקיט בנקיזר,PL,פיניש טבליות למדיח 5,יח',50.00,יח',false,,35.90,0.7180,true,1,113451
5901677007611,false,שוקולד ברון חלב 300ג,,,שוקולד ברון חלב 300ג,גרמים,300.00,100 גרם,false,,12.90,4.3000,true,1,144826
5902581683779,false,שוקולד חלב ברון 90 ג,,,שוקולד חלב ברון 90 ג,גרמים,90.00,100 גרם,false,,4.90,5.4444,true,1,146697
5902581683816,false,שוקולד חלב ממולא תות,,,שוקולד חלב ממולא תות,גרמים,100.00,100 גרם,false,,4.90,4.9000,true,1,146701
5904941750312,false,"משקה אנרגיה BLU מוחיטו 250 מ""ל",אקו - ביט,PL,בלו דיי משקה אנרגיה,מיליליטרים,250.00,"100 מ""ל",false,,5.00,2.0000,true,1,85475
5904941751302,false,"משקה אנרגיה בלו 250 מ""ל- בודד",אקו - ביט,PL,בלו משקה אנרגיה 250מ,מיליליטרים,250.00,"100 מ""ל",false,,4.90,1.9600,true,1,43187
5906485301012,false,"משקה אנרגיה XL פחית 250 מ""ל","טמפו משקאות בע""מ",IL,אקסל משקה אנרגיה 250,מיליליטרים,250.00,"100 מ""ל",false,,5.00,2.0000,true,1,54064
5941021001247,false,טבלת שוקולד בטעם קפה היידי גראנדור 80 ג',,,שוקולד היידי גראנדור,גרמים,80.00,100 גרם,false,,10.90,13.6250,true,1,86144
5941021001674,false,טבלת שוקולד היידי גראנדור 80% 80 ג',,,שוקולד היידי גראנדור,גרמים,80.00,100 גרם,false,,10.90,13.6250,true,1,86145
5941021005139,false,טבלת שוקולד חלב שקד היידי גראנדור 100 ג',,,שוקולד היידי שוקולד,גרמים,100.00,100 גרם,false,,10.90,10.9000,true,1,81947
5941021007577,false,טבלת שוקולד פיסטוק היידי גראנדור 80 ג',,,שוקולד היידי גראנדור,גרמים,80.00,100 גרם,false,,10.90,13.6250,true,1,81948
5941021008208,false,טבלת שוקולד מלח שחור היידי גראנדור 80 ג',,,שוקולד היידי גראנדור,גרמים,80.00,100 גרם,false,,10.90,13.6250,true,1,90626
5941021015596,false,טבלת שוקולד בטעם מריר אוכמניות היידי גראנדור 80 ג',,,טבלת היידי שוקולד מר,גרמים,80.00,100 גרם,false,,10.90,13.6250,true,1,132232
6001067017530,false,קולגייט מברשת שיניים לילדים ספיידרמן,יבואן ומשווק: ש. שסט,CN,קולגייט מברשת שיניים,יחידה,0.00,יחידה,false,,11.90,0.0000,true,1,84486
6111094000198,false,קוסקוס דק 350 ג' דארי,דארי Dari,,קוסקוס דארי דק 350 ג,יחידה,0.00,יחידה,false,,8.90,0.0000,true,1,140098
6111094000228,false,"קוסקוס דארי דק תומר 1 ק""ג",קריות זול,MA,קוסקוס תומר דק 1 קג,גרמים,1000.00,100 גרם,false,,18.90,1.8900,true,1,72115
6111094000808,false,"קוסקוס דארי בינוני תומר 1 ק""ג + 10% תוספת",דרי קוספט,MA,קוסקוס דארי 1.1קג,גרמים,1000.00,100 גרם,false,,18.90,1.8900,true,1,85921
6112012100075,false,קולפן פלסטיק איכותי,,,קולפן פלסטיק יקר,יחידה,0.00,יחידה,false,,12.90,0.0000,true,1,91031
6112012100150,false,מגב לשיש פשוט,,,מגב לשיש פשוט,יחידה,0.00,יחידה,false,,5.90,0.0000,true,1,124457
6112012100662,false,כותש שום,,,כותש שום,יחידה,0.00,יחידה,false,,14.90,0.0000,true,1,90992
6112012100976,false,"כפות גדולות 18 ס""מ",,,כפות גדולות,יחידה,0.00,יחידה,false,,9.90,0.0000,true,1,91003
6112012100983,false,"מזלגות גדולות 18 ס""מ",,,מזלגות גדולות,יחידה,0.00,יחידה,false,,9.90,0.0000,true,1,91004
6112012100990,false,"שישיית כפיות קטנות 15 ס""מ 18 גרם",,,כפות קטנות שישיית,יחידה,0.00,יחידה,false,,8.90,0.0000,true,1,91005
6112015100294,false,"מגב מתכת 40 ס""מ",,,"מגב מתכת 40 ס""מ",יחידה,0.00,יחידה,false,,21.90,0.0000,true,1,113527
6112015100928,false,מטאטא / מגב סיליקון,,,מטאטא/מגב סיליקון,יחידה,0.00,יחידה,false,,24.90,0.0000,true,1,124460
6112017101350,false,מצע לירקות ופירות מטורקיה,,,מצע לירקות ופירות מט,יחידה,0.00,יחידה,false,,9.90,0.0000,true,1,124403
6112017101534,false,מברשת לאסלה,,,מברשת לאסלה,יחידה,0.00,יחידה,false,,21.90,0.0000,true,1,124445
6112017102838,false,מברשת אסלה לשירותים,,,מברשת אסלה לשירותים,יחידה,0.00,יחידה,false,,17.90,0.0000,true,1,128446
6112017104153,false,ספוג מסאג',,,ספוג מסאז,יחידה,0.00,יחידה,false,,8.90,0.0000,true,1,124440
6112017104566,false,מטאטא כסף אדום,,,מטאטא כסף אדום,יחידה,0.00,יחידה,false,,26.90,0.0000,true,1,131813
6112017104573,false,מטאטא שחור לבן,,,מטאטא שחור לבן,יחידה,0.00,יחידה,false,,24.90,0.0000,true,1,128453
6112017105778,false,"מגב סיליקון 40 ס""מ",,,"מגב לריצפה 40 ס""מ",יחידה,0.00,יחידה,false,,20.90,0.0000,true,1,131874
6112017105853,false,"מגב מתכת 60 ס""מ",,,"מגב מתכת 60 ס""מ",יחידה,0.00,יחידה,false,,28.90,0.0000,true,1,136766
6112017106232,false,מתלה קיר למטאטא/ מגב,,,מתלה למטאטאים,יחידה,0.00,יחידה,false,,19.90,0.0000,true,1,137526
6112017106249,false,כרית קירצוף מסיליקון,,,כריות קירצוף מסיליקו,יחידה,0.00,יחידה,false,,11.90,0.0000,true,1,137521
6118000061090,false,סרדינים מרוקאים בשמן סויה -טנגיר 125,,,סרדין מרוקאי בשמן סו,גרמים,125.00,100 גרם,false,,6.90,5.5200,true,1,124551
6910191800287,false,אצות נורי בלו 10 דף (ננגטונג),ננטונג היידה אקווטוק,CN,דפי סושי אצות נורי ב,יח',10.00,יח',false,,13.90,1.3900,true,1,80592
6921052701001,false,אצות ווקאמה מיובשות,ננטונג הידה אקוטיק פ,CN,אצות ים וואקמה 40גר,גרמים,40.00,100 גרם,false,,11.90,29.7500,true,1,122624
6925374202437,false,מתלים מפלסטיק - שלישייה,,,מתלים פלסטיק שלישייה,יחידה,0.00,יחידה,false,,8.90,0.0000,true,1,131792
6931191500267,false,פותחן פלדה - שלישייה,,,שלישיית פותחנים,יחידה,0.00,יחידה,false,,4.90,0.0000,true,1,91042
6934931267246,false,מצת לכיריים,,,מצת לכיריים,יחידה,0.00,יחידה,false,,9.90,0.0000,true,1,143004
6934931272196,false,מטאטא מאלזיה גב עץ,,,מטאטא מאלזיה גב עץ,יחידה,0.00,יחידה,false,,19.90,0.0000,true,1,142999
6935673035636,false,כפפות אלוורה להקלה על עור יבש - גדול L,מ.א ייצור ושיווק מטל,CN,כפפות אלוורה שאיני L,יחידה,0.00,יחידה,false,,7.90,0.0000,true,1,57662
6936745600462,false,רוטב מירין לתיבול מז,דאנינג יוה פודס קו,CN,מירין דאניינג 500מל,מיליליטרים,500.00,"100 מ""ל",false,,22.90,4.5800,true,1,80558
6955107669206,false,דבק סופר גלו אפור - יש,,,דבק סופר גלו אפור,יחידה,0.00,יחידה,false,,9.90,0.0000,true,1,91109
6985425120028,false,ספוגים רחצה רביעייה,,,ספוגים רחצה רביעייה,יחידה,0.00,יחידה,false,,9.90,0.0000,true,1,128466
6985425120301,false,אטבי כביסה 30 יחידות,,,אטבי כביסה 30 יחידות,יחידה,0.00,יחידה,false,,9.90,0.0000,true,1,124399
7271730901261,false,ווקי מאק ארוחת אטריות עם גבינה 156 גרם,ניו וורלד פסטה קומפנ,US,תערובת להכנת פסטה+גב,גרמים,156.00,100 גרם,false,,12.90,8.2692,true,1,81827
7290000000310,false,עלי חסה רומית ארוז,,,עלי חסה רומית ארוז,יחידה,0.00,יחידה,false,,12.90,0.0000,true,1,68426
7290000013206,false,זנב בקר,,,זנב בקר,קילוגרמים,1.00,"ק""ג",true,,79.90,79.9000,true,1,52551
7290000023083,false,ערק אשקלון 40% בקבוק,"יקבי ברקן בע""מ",IL,ערק אשקלון 700 מל,מיליליטרים,700.00,"100 מ""ל",false,,49.90,7.1286,true,1,85446
7290000023816,false,"יין ברקן קלאסיק אמרלד ריזלינג 750מ""ל",יקבי ברקן שיווק והפצ,IL,יין קלאסיק אמרלד ריז,מיליליטרים,750.00,"100 מ""ל",false,,39.90,5.3200,true,1,43773
7290000023823,false,יין ברקן קלאסיק סובנ,יקבי ברקן שיווק והפצ,IL,יין קלאסיק סוביניון,מיליליטרים,750.00,"100 מ""ל",false,,39.90,5.3200,true,1,43774
7290000023847,false,יין ברקן קלאסיק שרדו,יקבי ברקן שיווק והפצ,IL,יין קלאסיק שרדונה 75,מיליליטרים,750.00,"100 מ""ל",false,,39.90,5.3200,true,1,92868
7290000023977,false,"יין ברקן קלאסיק מרלו 750 מ""ל",יקבי ברקן שיווק והפצ,IL,יין קלאסיק מרלו 750מ,מיליליטרים,750.00,"100 מ""ל",false,,39.90,5.3200,true,1,69548
7290000024202,false,"יין ברקן רזרב קברנה סובניון 750 מ""ל",ברקן שיווק והפצה בעמ,IL,יין רזרב קברנה סובינ,מיליליטרים,750.00,"100 מ""ל",false,,49.90,6.6533,true,1,69538
7290000024264,false,"יין ברקן רזרב מרלו 750 מ""ל",כרמי צבי - אחים סגל,IL,יין רזרב מרלו 750 מל,מיליליטרים,750.00,"100 מ""ל",false,,49.90,6.6533,true,1,43781
7290000032066,false,שתיה קרה,,,שתיה קרה,יחידה,0.00,יחידה,false,,1.00,0.0000,true,1,55640
7290000033976,false,כתף טלה טרי,,,כתף טלה טרי,קילוגרמים,1.00,"ק""ג",true,,115.00,115.0000,true,1,55693
7290000034973,false,חזה טלה ספרייס טרי,,,חזה טלה ספרייס טרי,קילוגרמים,1.00,"ק""ג",true,,89.00,89.0000,true,1,58413
7290000036977,false,צוואר כבש טרי,קצביית פרימיום,IL,צוואר כבש טרי,קילוגרמים,1.00,"ק""ג",true,,89.00,89.0000,true,1,102741
7290000037066,false,פרגית טרי,,,פרגית טרי,קילוגרמים,1.00,"ק""ג",true,,69.90,69.9000,true,1,58414
7290000040042,false,יוגורט תות %3 גביע 150 ג' יופלה,תנובה בעמ,IL,יופלה תות שובב 3% 15,גרמים,150.00,100 גרם,false,,5.40,3.6000,true,1,52839
7290000040066,false,יוגורט דובדבן 3% שומן 150 ג' יופלה,תנובה מרכז שיתופי לש,IL,יופלה דובדבן פראי 3%,גרמים,150.00,100 גרם,false,,5.40,3.6000,true,1,52841
7290000040080,false,יוגורט אפרסק 3% שומן 150 ג' יופלה,תנובה בעמ,IL,יופלה אפרסק מאוהב 3%,גרמים,150.00,100 גרם,false,,5.40,3.6000,true,1,52842
7290000040301,false,"גבינת קולאז קממבר עין גדי 24%, 125 ג'",תנובה מרכז שיתופי לש,IL,גבינה קממבר עין גדי,גרמים,125.00,100 גרם,false,,21.90,17.5200,true,1,52844
7290000040318,false,גבינת ברי 24% קולאז עדי תנובה 125 ג',תנובה מרכז שיתופי לש,IL,גבינת קולאז' ברי 24%,גרמים,125.00,100 גרם,false,,21.90,17.5200,true,1,52845
7290000040462,false,גבינת טוסטי עמק אמריקאי אדם 23% 200 ג',תנובה מרכז שיתופי לש,IL,מותכת טוסטי אמריקאי,גרמים,200.00,100 גרם,false,,19.90,9.9500,true,1,52847
7290000040974,false,חלב תנובה קרטון דל לקטוז 2% 1ל,תנובה מרכז שיתופי לש,IL,חלב קרטון דל לקטוז ת,מיליליטרים,1000.00,"100 מ""ל",false,,7.50,0.7500,true,1,69617
7290000041445,false,קוטג' 5% תנובה מהדרין 250ג',מיוצר עי קונדיטוריית,IL,קוטג' 5% בדצ 250גר,גרמים,250.00,100 גרם,false,,5.90,2.3600,true,1,52848
7290000041452,false,קוטג תנובה מהדרין 9% 250ג,תנובה מרכז שיתופי לש,IL,קוטג' 9% בדצ 250גר,גרמים,250.00,100 גרם,false,,5.90,2.3600,true,1,52849
7290000041858,false,"שמנת חמוצה 15% יטבתה 200 מ""ל מהדרין",שטראוס גרופ,IL,שמנת חמוצה מעושר 15%,מיליליטרים,200.00,"100 מ""ל",false,,2.50,1.2500,true,1,56344
7290000042435,false,חלב טרי 1% קרטון פקק 1ל' תנובה,תנובה מרכז שיתופי לש,IL,חלב דל שומן 1% בקרטו,מיליליטרים,1000.00,"100 מ""ל",false,,5.86,0.5860,true,1,52860
7290000042640,false,"חלב תנובה עמיד 3% קרטון 250 מ""ל",קריות זול,IL,חלב עמיד תנובה 3% 25,מיליליטרים,250.00,"100 מ""ל",false,,3.50,1.4000,true,1,52868
7290000042855,false,יוטבתה שוקו שקית 225מל,שטראוס גרופ,IL,שוקו שקית 250,מיליליטרים,250.00,"100 מ""ל",false,,3.10,1.2400,true,1,56349
7290000043012,false,"שוקו עמיד 2% בקרטון 250 מ""ל תנובה",תנובה מרכז שיתופי לש,IL,שוקו עמיד 2% תנובה 2,מיליליטרים,250.00,"100 מ""ל",false,,5.50,2.2000,true,1,52871
7290000043814,false,"שמנת מתוקה להקצפה 38% 250 מ""ל תנובה",תנובה מרכז שיתופי לש,IL,השף הלבן שמנת עמידה,מיליליטרים,250.00,"100 מ""ל",false,,6.47,2.5880,true,1,52874
7290000043890,false,רויון בקרטון 1 ליטר,תנובה מרכז שיתופי לש,IL,רויון תנובה 1.5% 1לי,מיליליטרים,1000.00,"100 מ""ל",false,,12.50,1.2500,true,1,52876
7290000043944,false,כד יוגורט תנובה 4% שומן 1.5 ליטר,מיוצר עי קונדיטוריית,IL,יוגורט כדים תנובה 1.,מיליליטרים,1500.00,"100 מ""ל",false,,18.50,1.2333,true,1,52877
7290000044248,false,"רויון קרטון 1.5% שומן 500 מ""ל תנובה",קריות זול,IL,רויון 1.5% תנובה 500,מיליליטרים,500.00,"100 מ""ל",false,,7.30,1.4600,true,1,52882
7290000045580,false,"גבינת מותכת נעמה חורש 25%, 240 ג'",תנובה מרכז שיתופי לש,IL,גבינת חורש 16 יחידות,גרמים,240.00,100 גרם,false,,18.90,7.8750,true,1,52886
7290000046327,false,"גבינת גלבוע פרוס 22%, 200 ג' תנובה",תנובה מרכז שיתופי לש,IL,צהובה גלבוע 22% 200,גרמים,200.00,100 גרם,false,,14.70,7.3500,true,1,52891
7290000047546,false,כנען גבינה לבנה ללא מלח 5% 500 ג',תנובה מרכז שיתופי לש,IL,גבינה לבנה ללא תוספת,גרמים,500.00,100 גרם,false,,24.90,4.9800,true,1,52894
7290000047621,false,גבינה לבנה רכה 5% תנובה 250ג' מהדרין,תנובה מרכז שיתופי לש,IL,גבינה לבנה 5% תנובה,גרמים,250.00,100 גרם,false,,4.98,1.9920,true,1,52896
7290000048185,false,גבינה לבנה 5% שומן 250 ג' תנובה,מיוצר עי קונדיטוריית,IL,גבינה לבנה 5% תנובה,גרמים,250.00,100 גרם,false,,4.98,1.9920,true,1,52899
7290000048192,false,גבינה לבנה 9% שומן 250 ג' תנובה,מחלבת אלון תבור,IL,גבינה לבנה 9% תנובה,גרמים,250.00,100 גרם,false,,5.20,2.0800,true,1,52900
7290000048307,false,קוטג' 5% וזיתים ירוקים 250ג' תנובה,מיוצר עי קונדיטוריית,IL,גבינת קוטג׳ 5% עם זי,גרמים,250.00,100 גרם,false,,5.90,2.3600,true,1,52901
7290000048413,false,גבינה חמד %16 שקית 250 ג' פיראוס,תנובה מרכז שיתופי לש,IL,פיראוס חמד 16% 250 ג,גרמים,250.00,100 גרם,false,,19.50,7.8000,true,1,52903
7290000048437,false,גבינה צפתית 5% 200 ג' פיראוס,פארייפאבה אגרואינדוס,IL,פיראוס צפתית 5% שומן,גרמים,200.00,100 גרם,false,,15.90,7.9500,true,1,52904
7290000049458,false,גבינת פטה עיזים 16% גביע פיראוס 250 ג',תנובה מרכז שיתופי לש,IL,פטה עיזים פיראוס 16,גרמים,250.00,100 גרם,false,,31.50,12.6000,true,1,52906
7290000050447,false,יוגורט תות 500 ג' יופלה,מיוצר עי קונדיטוריית,IL,יופלה YYY תות 3% 500,מיליליטרים,500.00,"100 מ""ל",false,,14.50,2.9000,true,1,52917
7290000051307,false,מארז הפסקת אוכל עם דגני עוגי ומשקה חלב עמיד בטעם וניל,תנובה מרכז שיתופי לש,IL,הפסקת אוכל עוגי +חלב,מיליליטרים,150.00,"100 מ""ל",false,,10.90,7.2667,true,1,62459
7290000051352,false,חלב מלא בטעם של פעם 3.4% תנובה קרטון 1 ל',תנובה מרכז שיתופי לש,IL,חלב בטעם של פעם 3.4%,מיליליטרים,1000.00,"100 מ""ל",false,,8.50,0.8500,true,1,52932
7290000051376,false,יופלה דיאט אננס גביע 150 ג',תנובה מרכז שיתופי לש,IL,יופלה דיאט אננס ספור,גרמים,150.00,100 גרם,false,,5.40,3.6000,true,1,63226
7290000051710,false,לאבנה 9% עם שמן זית וזעתר 263 ג' פיראוס,"תנובה, מחלבת אלון תב",IL,לאבנה עם שמן זית וזע,גרמים,263.00,100 גרם,false,,15.30,5.8175,true,1,63229
7290000052311,false,גבינה צהובה לייט 15% 200 ג' עמק,תנובה מרכז שיתופי לש,IL,גבינה צהובה עמק לייט,גרמים,200.00,100 גרם,false,,17.70,8.8500,true,1,66748
7290000052649,false,גבינת לאבנה 5% שומן 500 ג' פיראוס,תנובה מרכז שיתופי לש,IL,פיראוס לאבנה 5% גביע,גרמים,500.00,100 גרם,false,,21.90,4.3800,true,1,64158
7290000052717,false,קוטג' 5%עם שום שמיר 250 ג' תנובה,מיוצר עי קונדיטוריית,IL,קוטג' שום שמיר 5% 25,גרמים,250.00,100 גרם,false,,5.90,2.3600,true,1,81216
7290000055015,false,גבינת פיראוס פטה כבשים 5% 250 ג' פיראוס,תנובה מרכז שיתופי לש,IL,פטה כבשים 5% שומן פי,גרמים,250.00,100 גרם,false,,29.50,11.8000,true,1,69728
7290000055329,false,יופלה משקה יוגורט תות מלון 1.5% 250מל.,תנובה מרכז שיתופי לש,IL,יופלה משקה יוגורט תו,מיליליטרים,250.00,"100 מ""ל",false,,6.00,2.4000,true,1,70956
7290000055336,false,יופלה משקה יוגורט בננה אפרסק 1.5% 250מל,תנובה מרכז שיתופי לש,IL,יופלה משקה יוגורט בנ,מיליליטרים,250.00,"100 מ""ל",false,,6.00,2.4000,true,1,70957
7290000055343,false,יופלה משקה יוגורט טרופי 1.5% 250מל,תנובה מרכז שיתופי לש,IL,יופלה משקה יוגורט טר,מיליליטרים,250.00,"100 מ""ל",false,,6.00,2.4000,true,1,70958
7290000055893,false,חמאה משמנת מפוסטרת 200ג' כ.מהדרין,תנובה מרכז שיתופי לש,IL,חמאה מהדרין תנובה 20,גרמים,200.00,100 גרם,false,,8.90,4.4500,true,1,72309
7290000056883,false,יופלה מאגדת פרי 3% 8 יח' * 150 ג',תנובה מרכז שיתופי לש,IL,יופלה טעמים משתנים 3,מיליליטרים,1200.00,"100 מ""ל",false,,32.90,2.7417,true,1,72696
7290000056890,false,דיאט יופלה שמינייה טעמים שונים,מיוצר עי קונדיטוריית,IL,יופלה מאגדת דיאט טעמ,יחידה,0.00,יחידה,false,,32.90,0.0000,true,1,72817
7290000056906,false,מאגדת לבן טבעי 1.5% שומן 8 יח' * 150 ג' יופלה,מחלבת אלון תבור,IL,יופלה לבן מאגדת שמינ,גרמים,1200.00,100 גרם,false,,18.90,1.5750,true,1,72818
7290000056951,false,"שמנת לבישול 15% שומן 500 מ""ל תנובה",תנובה מרכז שיתופי לש,IL,שמנת עמידה לבישול 15,מיליליטרים,500.00,"100 מ""ל",false,,18.50,3.7000,true,1,74411
7290000057088,false,גבינת דק דק 28% 200 ג' עמק,תנובה מרכז שיתופי לש,IL,גבינה צהובה עמק דק ד,גרמים,200.00,100 גרם,false,,17.70,8.8500,true,1,74094
7290000057132,false,יוגורט טבעי 1.5% שומן 200 ג' תנובה,מחלבת אלון תבור,IL,יוגורט טבעי 1.5%תנוב,מיליליטרים,200.00,"100 מ""ל",false,,3.30,1.6500,true,1,73777
7290000057149,false,יוגורט טבעי 3% שומן 200 ג' תנובה,מיוצר עי קונדיטוריית,IL,יוגורט טבעי 3% תנובה,מיליליטרים,200.00,"100 מ""ל",false,,3.30,1.6500,true,1,73778
7290000058047,false,**שף לבן שמנת מתוקה מהדרין 38% פקק 500מ,תנובה מרכז שיתופי לש,IL,השף הלבן שמנת 38% 5ע,מיליליטרים,500.00,"100 מ""ל",false,,12.94,2.5880,true,1,80544
7290000060071,false,אוסם - חטיפי פריכונים מאורז מלא קלוי 80גר,"מיוצר ע""י PT, משווק",IL,חטיפי פריכונים מאורז,גרמים,80.00,100 גרם,false,,9.70,12.1250,true,1,46161
7290000060088,false,בייגלה אסם מקלות מלוחים 400 גרם,מיוצר עי קונדיטוריית,IL,בייגלה מקלות מלוחים,גרמים,300.00,100 גרם,false,,12.50,4.1667,true,1,46162
7290000060200,false,פסטה אסם פתיתים אפויים קוסקוס 500גר,"אסם השקעות בע""מ",IL,פתיתים אפויים קוסקוס,גרמים,500.00,100 גרם,false,,8.60,1.7200,true,1,46168
7290000060217,false,פסטה אסם מקרוני 7 500 גר,קריות זול,IT,פסטה מקרוני 7 אסם 50,גרמים,500.00,100 גרם,false,,7.60,1.5200,true,1,46169
7290000060248,false,פסטה אסם פתיתים תלתלים 500גר,קריות זול,IT,פסטה תלתלים אסם 500,גרמים,500.00,100 גרם,false,,7.60,1.5200,true,1,46170
7290000060316,false,פסטה פרפקטו ספגטי 500ג' אסם,קריות זול,IT,ספגטי אסם פרפקטו 500,גרמים,500.00,100 גרם,false,,8.90,1.7800,true,1,46173
7290000060408,false,פסטה אסם פתיתים אפויים טבעות 500 גר,"אסם השקעות בע""מ",IL,פתיתים אפויים טבעות,גרמים,500.00,100 גרם,false,,8.60,1.7200,true,1,46178
7290000060415,false,פסטה פרפקטו לזאניה אסם 500ג',קריות זול,IT,לזניה פרפקטו 500גר,גרמים,500.00,100 גרם,false,,16.90,3.3800,true,1,46179
7290000060576,false,פסטה אסם פתיתים אפוי כוכב 500גר,"אסם השקעות בע""מ",IL,פתיתים אפויים כוכב א,גרמים,500.00,100 גרם,false,,8.60,1.7200,true,1,46188
7290000060781,false,פסטה אסם פתיתים מסולסלים 500גר,קריות זול,IT,פסטה מסולסלים אסם 50,גרמים,500.00,100 גרם,false,,7.60,1.5200,true,1,46191
7290000060828,false,פסטה קרניים בינוניות 500 ג' אסם,קריות זול,IT,פסטה קרניים בינוניות,גרמים,500.00,100 גרם,false,,7.60,1.5200,true,1,46193
7290000060880,false,פסטה מס' 8 ספגטי אסם 500ג',קריות זול,IT,פסטה ספגטי אסם 500גר,גרמים,500.00,100 גרם,false,,7.60,1.5200,true,1,46196
7290000060903,false,פסטה אסם פתיתים אפויים אורז 500גר,"אסם השקעות בע""מ",IL,פתיתים אפויים אורז א,גרמים,500.00,100 גרם,false,,8.60,1.7200,true,1,46197
7290000060958,false,פסטה אסם אטריות בינוניות 400 גרם,"אסם השקעות בע""מ",IL,אטריות בינוניות אסם,גרמים,400.00,100 גרם,false,,7.90,1.9750,true,1,46200
7290000060965,false,פסטה אסם אטריות רחבות 400גר,"אסם השקעות בע""מ",IL,אטריות רחבות אסם 400,גרמים,400.00,100 גרם,false,,7.90,1.9750,true,1,46201
7290000061061,false,קרקר בצל אסם 250 גרם,"אסם השקעות בע""מ",IL,קרקר בצל אסם 250גר,גרמים,250.00,100 גרם,false,,11.90,4.7600,true,1,46203
7290000061108,false,"רוטב טריאקי 290 מ""ל אסם","אסם השקעות בע""מ",IL,רוטב טריאקי אסם 290מ,מיליליטרים,290.00,"100 מ""ל",false,,12.90,4.4483,true,1,46206
7290000061214,false,פתיתים אפויים קוסקוס עם בצל אסם 500 גר',"אסם השקעות בע""מ",IL,פתיתים אפויים קוסקוס,גרמים,500.00,100 גרם,false,,8.60,1.7200,true,1,46208
7290000061764,false,נסקפה רד מאג טעם חדש 200ג',נסטלה ספרד קפה,ES,רד מאג נסקפה 200גר,גרמים,200.00,100 גרם,false,,24.90,12.4500,true,1,46222
7290000062952,false,אוסם - מיני קרוטונים למרק ולסלט 250 גרם,עינת תעשיות מזון,IL,מיני קרוטונים למרק ו,גרמים,250.00,100 גרם,false,,17.90,7.1600,true,1,46237
7290000063102,false,קמח עוגה אסם תופח מאליו 350ג',"אסם השקעות בע""מ",IL,קמח תופח אסם 350גר,גרמים,350.00,100 גרם,false,,5.50,1.5714,true,1,46242
7290000063133,false,אסם שקדי מרק רכיבים טבעיים 24*100גרם,"אסם השקעות בע""מ",IL,שקדי מרק בשקית אסם 1,גרמים,100.00,100 גרם,false,,5.90,5.9000,true,1,46243
7290000063140,false,שקדי מרק רכיבים טבעיים בשקית 400 ג' אסם,"אסם השקעות בע""מ",IL,שקדי מרק רכיבים טבעי,גרמים,400.00,100 גרם,false,,15.90,3.9750,true,1,46244
7290000063157,false,"קמח תופח מאליו אסם 1 ק""ג","אסם השקעות בע""מ",IL,קמח תופח מאליו אסם 1,גרמים,1000.00,100 גרם,false,,10.90,1.0900,true,1,46245
7290000064758,false,קוסקוס בינוני אמיתי אסם 350 ג',"מיוצר ע""י קוד יצרן K",IL,קוסקוס בינוני אסם 35,גרמים,350.00,100 גרם,false,,8.90,2.5429,true,1,46279
7290000064871,false,"אוסם - מנה חמה פירה תפו""א עם בצל 56 גרם","אסם השקעות בע""מ",IL,מנה חמה אסם פירה תפו,גרמים,56.00,100 גרם,false,,7.50,13.3929,true,1,46284
7290000065090,false,מיני קרוטונים למרק ולסלט 400 ג' אסם,עינת תעשיות מזון,IL,מיני קורטונים למרק ו,גרמים,400.00,100 גרם,false,,27.90,6.9750,true,1,46287
7290000065557,false,אוסם - מנה חמה קוסקוס עם ירקות 84 גרם,"אסם תעשיות מזון בע""מ",IL,מנה חמה אסם קוסקוס ע,גרמים,84.00,100 גרם,false,,7.50,8.9286,true,1,46292
7290000065977,false,חטיפי פריכונים תירס שומשום 80 ג' אוסם,"מיוצר ע""י פרח, משווק",IL,חטיפי פריכונים תירס,גרמים,80.00,100 גרם,false,,9.70,12.1250,true,1,66731
7290000066141,false,ביסלי בטעם גריל אסם,"אסם השקעות בע""מ",IL,ביסלי בטעם גריל אסם,גרמים,70.00,100 גרם,false,,5.00,7.1429,true,1,46305
7290000066172,false,ביסלי בטעם פיצה אסם,"אסם השקעות בע""מ",IL,ביסלי בטעם פיצה אסם,גרמים,70.00,100 גרם,false,,5.00,7.1429,true,1,46308
7290000066189,false,ביסלי גדול בטעם פלאפל 200 ג' אסם,"אסם השקעות בע""מ",IL,ביסלי גדול פלאפל אסם,גרמים,200.00,100 גרם,false,,9.90,4.9500,true,1,46309
7290000066196,false,ביסלי גדול בטעם גריל 200 ג' אסם,מיוצר עי קונדיטוריית,IL,ביסלי גדול טעם גריל,גרמים,200.00,100 גרם,false,,9.90,4.9500,true,1,46310
7290000066226,false,ביסלי בטעם פיצה 200 ג' אסם,מיוצר עי קונדיטוריית,IL,ביסלי בטעם פיצה אסם,גרמים,200.00,100 גרם,false,,9.90,4.9500,true,1,46313
7290000066264,false,אוסם - חטיף דובונים 40 גרם,"אסם השקעות בע""מ",IL,דובונים אסם 40גר,גרמים,40.00,100 גרם,false,,5.00,12.5000,true,1,46314
7290000066295,false,אסם במבה תות מחומרים טבעיים 30גר,מיוצר עי קונדיטוריית,IL,במבה תות מחומרים טבע,גרמים,30.00,100 גרם,false,,3.30,11.0000,true,1,46315
7290000066318,false,במבה קלאסי 80 גרם,"אסם השקעות בע""מ",IL,במבה אסם 80 גרם,גרמים,80.00,100 גרם,false,,5.60,7.0000,true,1,46317
7290000066349,false,אפרופו גדול אסם 100ג',מיוצר עי קונדיטוריית,IL,אפרופו אסם 100/200 ג,גרמים,100.00,100 גרם,false,,9.90,9.9000,true,1,46319
7290000067407,false,פירורית מתובל שקית 200גר,עינת תעשיות מזון,IL,פירורית מתובל שקית א,גרמים,200.00,100 גרם,false,,6.90,3.4500,true,1,46337
7290000067544,false,פירורית זהב שקית 200גר,עינת תעשיות מזון,IL,פירורית זהב שקית אסם,גרמים,200.00,100 גרם,false,,6.50,3.2500,true,1,46343
7290000067599,false,אוסם - מנה חמה ספגטי רוטב בולנז 65 גרם,"אסם השקעות בע""מ",IL,מנה חמה אסם ספגטי רו,גרמים,65.00,100 גרם,false,,7.50,11.5385,true,1,46347
7290000067735,false,"פסטה פרפקטו ניוקי בצקיות תפו""א 500ג' אסם",גרנדי פסטי,IT,"ניוקי בצקיות מתפו""א",גרמים,500.00,100 גרם,false,,15.50,3.1000,true,1,46350
7290000068138,false,אסם פודינג אינסטנט וניל 80 גרם,מיוצר עי קונדיטוריית,IL,פודינג וניל אסם 80גר,גרמים,80.00,100 גרם,false,,6.30,7.8750,true,1,46356
7290000068190,false,ג'לי תות שדה צבע טבעי 85 ג',מיוצר עי קונדיטוריית,IL,ג'לי תות אסם 85 גר,גרמים,85.00,100 גרם,false,,7.50,8.8235,true,1,46360
7290000068237,false,ג'לי פטל צבע טבעי 85ג' אסם,מיוצר עי קונדיטוריית,IL,ג'לי פטל אסם 85 גר,גרמים,85.00,100 גרם,false,,7.50,8.8235,true,1,46362
7290000068343,false,אוסם - פירכונים מאורז מלא 140 גרם,"מיוצר ע""י PT, משווק",IL,פריכונים מאורז מלא א,גרמים,140.00,100 גרם,false,,8.90,6.3571,true,1,46371
7290000068701,false,שקדי מרק רכיבים טבע.מיכל 400ג' אסם,"אסם השקעות בע""מ",IL,שקדי מרק במיכל אסם 4,גרמים,400.00,100 גרם,false,,17.90,4.4750,true,1,46376
7290000068770,false,במבה יום הולדת אסם 8,"אסם השקעות בע""מ",IL,במבה יום הולדת אסם 8,גרמים,80.00,100 גרם,false,,5.60,7.0000,true,1,46377
7290000069258,false,פסטה פרפקטו פנה ריגאטה 500ג' אסם,קריות זול,IT,פסטה פרפקטו פנה ריגא,גרמים,500.00,100 גרם,false,,8.90,1.7800,true,1,46385
7290000069364,false,פריכונים עגולים אורז דל נתרן אסם 140 גרם,"מיוצר ע""י PT, משווק",IL,פריכונים מאורז מלא ל,גרמים,140.00,100 גרם,false,,8.90,6.3571,true,1,46388
7290000070322,false,אבקת מרק פטריות רכיבים טבעיים אוסם 400 ג',"אסם השקעות בע""מ",IL,מרק פטריות רכיבים טב,גרמים,400.00,100 גרם,false,,29.90,7.4750,true,1,46408
7290000070353,false,אבקת מרק בצל רכיבים טבעיים 400 ג' אסם,"אסם השקעות בע""מ",IL,מרק בצל רכיבים טבעיי,גרמים,400.00,100 גרם,false,,29.90,7.4750,true,1,46409
7290000071008,false,אוסם - בייגלה שטוחים מלח 60 גרם,"אסם השקעות בע""מ",IL,בייגלה שטוחים מלח אס,גרמים,60.00,100 גרם,false,,3.90,6.5000,true,1,69488
7290000072067,false,במבה במילוי קרם חלבה 60ג' אסם,מיוצר עי קונדיטוריית,IL,במבה במילוי קרם חלבה,גרמים,60.00,100 גרם,false,,5.60,9.3333,true,1,63748
7290000072241,false,אסם רוטב לפיצה בקבוק,"אסם השקעות בע""מ",IL,רוטב פיצה-בקבוק 290מ,מיליליטרים,290.00,"100 מ""ל",false,,12.90,4.4483,true,1,46430
7290000072623,false,אסם קטשופ בקבוק לחיץ,"אסם השקעות בע""מ",IL,קטשופ אסם 750 גרם,גרמים,750.00,100 גרם,false,,10.90,1.4533,true,1,46432
7290000072753,false,קפה טייסטר צ'ויס קפה מגורען 200ג',נסטלה קוריאה - קפה,IL,קפה טייסטרס צ׳ויס נס,גרמים,200.00,100 גרם,false,,29.90,14.9500,true,1,46438
7290000072777,false,קפה טייסטר צ'ויס מגור' נ.קפאין 200ג',נסטלה קוריאה - קפה,IL,טסטרס צויס נטול קפאי,גרמים,200.00,100 גרם,false,,39.90,19.9500,true,1,46440
7290000072968,false,דגני בוקר סיני מיניס נסטלה 500 ג',נסטלה פולין דגני בוק,PL,סיני מיניס 500 גרם,גרמים,500.00,100 גרם,false,,27.90,5.5800,true,1,46449
7290000073415,false,אוסם - מנה חמה פסטה ברוטב פיצה 61 גרם,"אסם השקעות בע""מ",IL,מנה חמה אסם פסטה ברו,גרמים,61.00,100 גרם,false,,7.50,12.2951,true,1,46458
7290000073750,false,אוסם - מנה חמה נודלס בטעם עוף 70 גרם,טאי רזידנט,CN,מנה חמה נודלס בטעם ע,גרמים,70.00,100 גרם,false,,7.50,10.7143,true,1,46459
7290000073767,false,אוסם - מנה חמה נודלס בטעם בקר 70 גרם,טאי רזידנט,CN,מנה חמה נודלס בטעם ב,גרמים,70.00,100 גרם,false,,7.50,10.7143,true,1,46460
7290000073774,false,אוסם - מנה חמה נודלס בטעם פיקנטי 70 גרם,טאי רזידנט,CN,מנה חמה נודלס בטעם פ,גרמים,70.00,100 גרם,false,,7.50,10.7143,true,1,46461
7290000074153,false,ביסקוויט פתיבר שוקו,מיוצר עי קונדיטוריית,IL,פתי בר שוקו אסם 500ג,גרמים,500.00,100 גרם,false,,14.90,2.9800,true,1,46465
7290000074184,false,אוסם - פתי בר בינוני 500 גרם,"אסם השקעות בע""מ",IL,פתי בר וניל אסם 500ג,גרמים,500.00,100 גרם,false,,12.90,2.5800,true,1,46467
7290000074245,false,אוסם - קרם קרקר אסם 250 גרם,"אסם השקעות בע""מ",IL,קרם קרקר אסם 250גר,גרמים,250.00,100 גרם,false,,9.50,3.8000,true,1,46468
7290000074252,false,קרקר אסם שומשום 250 גרם,"אסם השקעות בע""מ",IL,קרקר שומשום אסם 250ג,גרמים,250.00,100 גרם,false,,9.90,3.9600,true,1,46469
7290000074276,false,קרקר פיקנטי טבעון 250 ג' אסם,"אסם השקעות בע""מ",IL,קרקר פיקנטי טבעון אס,גרמים,250.00,100 גרם,false,,11.90,4.7600,true,1,46470
7290000074375,false,אוסם - קרקר זהב 150 גרם,"אסם השקעות בע""מ",IL,קרקר זהב אסם 150 גרם,גרמים,150.00,100 גרם,false,,7.90,5.2667,true,1,46474
7290000074696,false,"קרם קרקר 1 ק""ג אוסם","אסם השקעות בע""מ",IL,קרם קרקר אסם 1 ק״ג,גרמים,1000.00,100 גרם,false,,29.90,2.9900,true,1,46477
7290000075204,false,אוסם - לחמית חיטה מלאה 250 גרם,"אסם השקעות בע""מ",IL,לחמית חיטה מלאה אסם,גרמים,250.00,100 גרם,false,,9.90,3.9600,true,1,46485
7290000075693,false,עוגת הבית שמרים בריוש שוקולד 360ג',מיוצר עי קונדיטוריית,IL,עוגת הבית שמרים בריו,גרמים,360.00,100 גרם,false,,18.90,5.2500,true,1,63405
7290000076126,false,אוסם - בייגלה שמיניות קטנות 80 גרם,"אסם השקעות בע""מ",IL,בייגלה שמיניות קטנות,גרמים,80.00,100 גרם,false,,3.90,4.8750,true,1,46488
7290000076133,false,בייגלה שמיניות קטנות 400 גרם אסם,"אסם השקעות בע""מ",IL,בייגלה שמיניות קטנות,גרמים,400.00,100 גרם,false,,12.50,3.1250,true,1,46489
7290000076645,false,אוסם - טוסטעים חיטה מלאה 100 גרם,ון דר מולן האלום,NL,טוסטעים חיטה מלאה אס,גרמים,100.00,100 גרם,false,,11.50,11.5000,true,1,64519
7290000077253,false,אוסם - לחמית כפרית עם דגנים מלאים 190 גרם,"אסם השקעות בע""מ",IL,לחמית כפרית עם דגנים,גרמים,190.00,100 גרם,false,,11.90,6.2632,true,1,66595
7290000078212,false,קרוטונים מתובלים 250 ג' אסם,עינת תעשיות מזון,IL,קרוטונים מתובלים אסם,גרמים,250.00,100 גרם,false,,16.90,6.7600,true,1,46505
7290000078762,false,אוסם - חטיפי פריכונים מאורז מלא בטעם דבש 80גר,סנורייס בלגיום אן. ו,BE,חטיפי פריכונים מאורז,גרמים,80.00,100 גרם,false,,9.70,12.1250,true,1,46507
7290000080406,false,אסאדו עע,,,אסאדו עע,קילוגרמים,1.00,"ק""ג",true,,79.90,79.9000,true,1,42641
7290000080420,false,צלי כתף עגל,,,צלי כתף עגל,קילוגרמים,1.00,"ק""ג",true,,89.90,89.9000,true,1,58272
7290000080758,false,אוסם - טוסטעים פת קלוי 100 גרם,ון דר מולן האלום,NL,טוסטעים פת קלוי אסם,גרמים,100.00,100 גרם,false,,11.50,11.5000,true,1,46522
7290000080765,false,טוסטעים פת קלויה עם שומשום 100 ג' אוסם,ון דר מולן האלום,NL,טוסטעים פת קלוי עם ש,גרמים,100.00,100 גרם,false,,11.50,11.5000,true,1,46523
7290000080840,false,שיפודי פרגיות/קוביות,,,שיפודי פרגיות/קוביות,קילוגרמים,1.00,"ק""ג",true,,69.90,69.9000,true,1,119284
7290000081663,false,בייגלה אסם טבעות שומשום 300 גרם,מיוצר עי קונדיטוריית,IL,בייגלה טבעות שומשום,גרמים,300.00,100 גרם,false,,11.90,3.9667,true,1,46526
7290000100029,false,פתיתי כרובית סנפרוסט,,,פתיתי כרובית קצוץ מו,גרמים,800.00,100 גרם,false,,19.90,2.4875,true,1,121906
7290000100036,false,פתיתי ברוקולי סנפרוס,סנפרוסט בעמ,IL,פתיתי ברוקולי קצוץ מ,גרמים,800.00,100 גרם,false,,19.90,2.4875,true,1,121907
7290000100135,false,פירות קפואים דובדבן סנפרוסט 300 ג',סנפרוסט בעמ,IL,דובדבן מתוק קפוא 300,גרמים,300.00,100 גרם,false,,16.90,5.6333,true,1,121917
7290000100593,false,פרוסות אנטיפסטי לתנור סנפורסט 600 ג',"סנפרוסט בע""מ",IL,פרוסות אנטיפסטי לתנו,גרמים,600.00,100 גרם,false,,23.90,3.9833,true,1,137410
7290000100609,false,קוביות אנטי פסטי להקפצה סנפורסט 600 ג',"סנפרוסט בע""מ",IL,קוביות אנטי פסטי להק,גרמים,600.00,100 גרם,false,,23.90,3.9833,true,1,137414
7290000101132,false,לקט קטניות לחמין 800 ג' סנפרוסט,סנפרוסט בעמ,IL,לקט קטניות לחמין סנפ,גרמים,800.00,100 גרם,false,,22.90,2.8625,true,1,113564
7290000103365,false,מרק ירקות 550 ג' סנפרוסט,"איי, בי, אינבוו",IL,מרק ירקות קפוא סנפרו,גרמים,550.00,100 גרם,false,,18.90,3.4364,true,1,80580
7290000103433,false,לקט ירקות לתנור סנפר,"איי, בי, אינבוו",IL,לקט ירקות לתנור סנפר,גרמים,800.00,100 גרם,false,,24.90,3.1125,true,1,113269
7290000103815,false,סנפרוסט לקט להקפצה תאילנדי 800 גר,"סנפרוסט בע""מ",IL,לקט להקפצה תאילנדי ס,גרמים,800.00,100 גרם,false,,24.90,3.1125,true,1,72083
7290000103822,false,ירקות שמלווים עוף סנפרוסט 800ג',"סנפרוסט בע""מ",IL,לקט לעוף סנפרוסט 800,גרמים,800.00,100 גרם,false,,24.90,3.1125,true,1,72473
7290000103839,false,מרק כתום קפוא 570 ג' סנפרוסט,"סנפרוסט בע""מ",IL,מרק כתום קפוא סנפרוס,גרמים,570.00,100 גרם,false,,18.90,3.3158,true,1,72484
7290000103846,false,מרק אפונה 570 ג' סנפרוסט,"סנפרוסט בע""מ",IL,מרק אפונה קפוא סנפרו,גרמים,570.00,100 גרם,false,,18.90,3.3158,true,1,72485
7290000103860,false,מרק עדשים קפוא 570 ג' סנפרוסט,"איי, בי, אינבוו",IL,מרק עדשים קפוא סנפרו,גרמים,570.00,100 גרם,false,,18.90,3.3158,true,1,72482
7290000103877,false,מרק שעועית קפוא 640 ג' סנפרוסט,"סנפרוסט בע""מ",IL,מרק שעועית קפוא סנפר,גרמים,640.00,100 גרם,false,,18.90,2.9531,true,1,72483
7290000104072,false,עדשים ירוקות מבושלות מוקפאות 800 ג' סנפרוסט,"איי, בי, אינבוו",IL,עדשים ירוקות מבושלות,גרמים,800.00,100 גרם,false,,21.90,2.7375,true,1,71211
7290000104201,false,סנפרוסט אפונה עדינה,"איי, בי, אינבוו",IL,אפונה עדינה סנפרוסט,גרמים,600.00,100 גרם,false,,21.90,3.6500,true,1,52582
7290000104218,false,במיה סנפרוסט 600 גרם,"איי, בי, אינבוו",IL,במיה סנפרוסט 600גר,גרמים,600.00,100 גרם,false,,18.90,3.1500,true,1,52583
7290000104225,false,בצל קצוץ סנפרוסט 600 גרם,"סנפרוסט בע""מ",IL,בצל קצוץ סנפרוסט 600,גרמים,600.00,100 גרם,false,,18.90,3.1500,true,1,52584
7290000104676,false,אפונה קפואה סנפרוסט 800 גרם,"איי, בי, אינבוו",IL,אפונה גינה סנפרוסט 8,גרמים,800.00,100 גרם,false,,17.90,2.2375,true,1,52586
7290000104683,false,שעועית שלמה 800 ג' סנפרוסט,"סנפרוסט בע""מ",IL,שעועית שלמה ירוקה סנ,גרמים,800.00,100 גרם,false,,24.90,3.1125,true,1,52587
7290000104690,false,תירס גרעינים 800 ג' סנפרוסט,"איי, בי, אינבוו",IL,גרעיני תירס סנפרוסט,גרמים,800.00,100 גרם,false,,19.90,2.4875,true,1,52588
7290000104706,false,גזר גמדי סנפרוסט 800ג',"סנפרוסט בע""מ",IL,גזר גמדי סנפרוסט 800,גרמים,800.00,100 גרם,false,,19.90,2.4875,true,1,52589
7290000104713,false,פול ירוק סנפרוסט 800 ג',"איי, בי, אינבוו",IL,פול ירוק סנפרוסט 800,גרמים,800.00,100 גרם,false,,28.90,3.6125,true,1,52590
7290000104720,false,שעועית ירוקה סנפרוסט 800ג',"סנפרוסט בע""מ",IL,שעועית ירוקה חתוכה ס,גרמים,800.00,100 גרם,false,,19.90,2.4875,true,1,52591
7290000104737,false,שעועית צהובה חתוכה 800 ג' סנפרוסט,"סנפרוסט בע""מ",IL,שעועית צהובה חתוכה ס,גרמים,800.00,100 גרם,false,,19.90,2.4875,true,1,52592
7290000104744,false,כרובית סנפרוסט 800גר,"סנפרוסט בע""מ",IL,כרובית סנפרוסט 800גר,גרמים,800.00,100 גרם,false,,26.90,3.3625,true,1,52593
7290000104768,false,תרד עלים סנפרוסט 800 ג ',"איי, בי, אינבוו",IL,תרד עלים סנפרוסט 800,גרמים,800.00,100 גרם,false,,28.90,3.6125,true,1,52595
7290000104775,false,תרד מדליונים סנפרוסט,"איי, בי, אינבוו",IL,תרד מדליונים סנפרוסט,גרמים,800.00,100 גרם,false,,28.90,3.6125,true,1,52596
7290000104799,false,שעועית לבנה מבושלת סנפרוסט 800גר,"איי, בי, אינבוו",IL,שעועית לבנה מבושלת ס,גרמים,800.00,100 גרם,false,,21.90,2.7375,true,1,52597
7290000104805,false,גרגירי חומוס קפוא 800 ג' סנפרוסט,"איי, בי, אינבוו",IL,גרגירי חומוס קפוא סנ,גרמים,800.00,100 גרם,false,,21.90,2.7375,true,1,52598
7290000104829,false,"קלחוני תירס 1 ק""ג סנפרוסט","סנפרוסט בע""מ",IL,קלחוני תירס סנפרוסט,גרמים,1000.00,100 גרם,false,,22.90,2.2900,true,1,52599
7290000104836,false,שעועית עדינה שלמה סנפרוסט 600ג',"סנפרוסט בע""מ",IL,שעועית עדינה שלמה סנ,גרמים,600.00,100 גרם,false,,24.90,4.1500,true,1,52600
7290000104874,false,ירקות לקוסקוס של אמא סנפרוסט 800ג',"סנפרוסט בע""מ",IL,לקט לקוסקוס סנפרוסט,גרמים,800.00,100 גרם,false,,24.90,3.1125,true,1,52603
7290000104881,false,אפונה וגזר קפוא סנפרוסט 800ג',"איי, בי, אינבוו",IL,אפונה וגזר סנפרוסט 8,גרמים,800.00,100 גרם,false,,19.90,2.4875,true,1,52604
7290000104904,false,לקט ירקות מעורבים 800 ג' סנפרוסט,"איי, בי, אינבוו",IL,לקט ירקות מעורבים סנ,גרמים,800.00,100 גרם,false,,24.90,3.1125,true,1,52606
7290000104911,false,לקט נורמנדי סנפרוסט 800ג',"איי, בי, אינבוו",IL,לקט נורמנדי סנפרוסט,גרמים,800.00,100 גרם,false,,24.90,3.1125,true,1,52607
7290000106526,false,ירקות מעורבים מוקפאים חגיגה ירוקה להקפצה,"איי, בי, אינבוו",IL,חגיגה ירוקה להקפצה ס,גרמים,800.00,100 גרם,false,,24.90,3.1125,true,1,129489
7290000107165,false,פולי סויה אדממה סנפרוסט 400 ג',"איי, בי, אינבוו",IL,פולי סויה קפוא סנפרו,גרמים,400.00,100 גרם,false,,15.90,3.9750,true,1,52616
7290000107189,false,תחתיות ארטישוק סנפרוסט 400גר,"איי, בי, אינבוו",IL,תחתיות ארטישוק 400גר,גרמים,400.00,100 גרם,false,,24.90,6.2250,true,1,52617
7290000107295,false,תפרחות ברוקולי סנפרוסט 800 ג',"איי, בי, אינבוו",IL,תפרחות ברוקולי סנפרו,גרמים,800.00,100 גרם,false,,28.90,3.6125,true,1,52623
7290000112220,false,טחינה גולמית 100%בארכה 500ג',רושדי תעשיות מזון בע,IL,טחינה 100% שומשום בא,גרמים,500.00,100 גרם,false,,16.90,3.3800,true,1,48582
7290000129785,false,מרכך כביסה ירוק 4 ל' בדין,יוניליוור,IL,בדין ירוק מרכך כביסה,ליטרים,4.00,ליטר,false,,22.90,5.7250,true,1,49881
7290000134147,false,טעם וריח מוסקט טחון מיכל 40גר,תות ממתקי איכות,IL,מוסקט טחון 40גר,גרמים,40.00,100 גרם,false,,14.90,37.2500,true,1,68628
7290000134307,false,תבלין קינמון טחון 50 גר',תות ממתקי איכות,IL,קינמון טחון 50גר,גרמים,50.00,100 גרם,false,,6.90,13.8000,true,1,68664
7290000134314,false,תבלין תיבול לפיצה 120 ג',תות ממתקי איכות,IL,תיבול לפיצה 120גר,גרמים,120.00,100 גרם,false,,10.90,9.0833,true,1,68686
7290000134338,false,תבלין אבקת שום טעם ו,תבליני טעם וריח,IL,אבקת שום 90גר,גרמים,90.00,100 גרם,false,,12.90,14.3333,true,1,68675
7290000134352,false,תבלין קינמון טחון 90 גר',תות ממתקי איכות,IL,קימנון טחון 80 גר,גרמים,80.00,100 גרם,false,,10.90,13.6250,true,1,68677
7290000134376,false,תבלין פפריקה בשמן 90 גר',תות ממתקי איכות,IL,פפריקה בשמן 100גר,גרמים,100.00,100 גרם,false,,10.90,10.9000,true,1,68678
7290000134550,false,טעם וריח עלי דפנה שק,תות ממתקי איכות,IL,עלי דפנה 20גר,גרמים,20.00,100 גרם,false,,4.90,24.5000,true,1,68668
7290000134673,false,תבלין זנגביל טעם ורי,תות ממתקי איכות,IL,זנגביל 30גר,גרמים,30.00,100 גרם,false,,7.90,26.3333,true,1,68622
7290000134680,false,תבלין קמיל שלם טעם ו,תות ממתקי איכות,IL,קימל שלם 40גר,גרמים,40.00,100 גרם,false,,7.90,19.7500,true,1,68635
7290000134758,false,"תבלין תיבול לתפו""א 100 ג'",תות ממתקי איכות,IL,"תיבול לתפו""א 100גר",גרמים,100.00,100 גרם,false,,10.90,10.9000,true,1,68689
7290000134826,false,תבלין זעתר מעורב 100 גר',תות ממתקי איכות,IL,זעתר מעורב במיכל 100,גרמים,100.00,100 גרם,false,,10.90,10.9000,true,1,68671
7290000134833,false,תבלין כמון טחון 100 גר',תות ממתקי איכות,IL,כמון טחון במיכל 100ג,גרמים,100.00,100 גרם,false,,10.90,10.9000,true,1,68679
7290000134840,false,תבלין כורכום טחון 100 גר',תות ממתקי איכות,IL,כורכום במיכל 100גר,גרמים,100.00,100 גרם,false,,10.90,10.9000,true,1,68672
7290000134857,false,תבלין פפריקה מתוקה 100 גר',תות ממתקי איכות,IL,פפריקה מתוקה במיכל 1,גרמים,100.00,100 גרם,false,,10.90,10.9000,true,1,68680
7290000134864,false,תבלין פפריקה חריפה 100 גר',"תבליני טעם וריח בע""מ",IL,פפריקה חריפה במיכל 1,גרמים,100.00,100 גרם,false,,10.90,10.9000,true,1,68681
7290000134871,false,תבלין פלפל שחור טחון 100 גר',תות ממתקי איכות,IL,פלפל שחור טחון 100גר,גרמים,100.00,100 גרם,false,,15.90,15.9000,true,1,68682
7290000134970,false,תבלין חוואייג טעם ור,תות ממתקי איכות,IL,חוואייג 100גר,גרמים,100.00,100 גרם,false,,10.90,10.9000,true,1,68674
7290000134987,false,תבלין פלפל שחור גרוס 90 גר',תבליני טעם וריח,IL,פלפל שחור גרוס 90גר,גרמים,90.00,100 גרם,false,,15.90,17.6667,true,1,68683
7290000134994,false,תבלין טימין 20ג',תות ממתקי איכות,IL,טימין 20גר,גרמים,20.00,100 גרם,false,,7.90,39.5000,true,1,68623
7290000135113,false,"משקה אנרגיה XL פחית ten נענע ליים 250 מ""ל",טמפו,IL,אקסל פחית טן ליים 25,מיליליטרים,250.00,"100 מ""ל",false,,5.00,2.0000,true,1,137381
7290000135595,false,פפסי מקס בטעם דובדבן 1.5 ליטר,"איי, בי, אינבוו",IL,פפסי מקס בטעם דובדבן,מיליליטרים,1500.00,"100 מ""ל",false,,7.90,0.5267,true,1,142469
7290000136158,false,פפסי מקס 1.5 ליטר פיקדון,פפסי Pepsi,IL,פפסי מקס 1.5 ליטר,מיליליטרים,1500.00,"100 מ""ל",false,,7.90,0.5267,true,1,144125
7290000136165,false,מירינדה בקבוק 1.5 לי,מירינדה Mirinda,IL,טמפו מירינדה 1.5 ליט,מיליליטרים,1500.00,"100 מ""ל",false,,7.90,0.5267,true,1,144122
7290000136240,false,סודה 1.5 ליטר שישייה בודד,טמפו,IL,סודה טמפו 1.5ליטר,מיליליטרים,1500.00,"100 מ""ל",false,,4.00,0.2667,true,1,144118
7290000136257,false,פאנק טוניק גזוז בטעם פירות,טמפו,,ראש&טוניק טמפו 1.5לי,מיליליטרים,1500.00,"100 מ""ל",false,,13.00,0.8667,true,1,144112
7290000136288,false,סירופ בטעם תפוחים סיידר הגליל JUICER,סיידר הגליל,,סירופ בטעם תפוחים ג',מיליליטרים,330.00,"100 מ""ל",false,,17.90,5.4242,true,1,147050
7290000136295,false,סירופ בטעם פטל סיידר הגליל JUICER,סיידר הגליל,,סירופ בטעם פטל ג'ויס,מיליליטרים,330.00,"100 מ""ל",false,,17.90,5.4242,true,1,147051
7290000136646,false,משקה מאלט תריסר 1.5 ל' נשר,טמפו,IL,נשר מאלט 1.5ליטר תרי,מיליליטרים,1500.00,"100 מ""ל",false,,11.90,0.7933,true,1,144109
7290000136684,false,פפסי מקס פיקדון 1.5 ליטר,טמפו,IL,פפסי מקס 1.5 ליטר,מיליליטרים,1500.00,"100 מ""ל",false,,7.90,0.5267,true,1,144539
7290000136776,false,מארז פפסי מקס שישיה 1.5ל',פפסי Pepsi,IL,פפסי מקס 6*1.5ליטר,מיליליטרים,9000.00,"100 מ""ל",false,,37.90,0.4211,true,1,144107
7290000136790,false,מארז סודה שישייה 1.5 ל' טמפו,טמפו,IL,סודה טמפו 6* 1.5 ליט,מיליליטרים,9000.00,"100 מ""ל",false,,19.70,0.2189,true,1,144096
7290000136868,false,שישיית מים מינרלים סאן בנדטו,סאן בנדטו San Benedetto,IL,מים סאן בנדטו 6* 1.5,מיליליטרים,9000.00,"100 מ""ל",false,,22.90,0.2544,true,1,144097
7290000136875,false,מארז מים מינרלים מוגז 6* 1.5 ל' סאן בנדטו,סאן בנדטו San Benedetto,IL,מים סאן בנדטו מוגז 6,מיליליטרים,9000.00,"100 מ""ל",false,,23.90,0.2656,true,1,144098
7290000136936,false,סבן אפ דיאט בקבוק 1.,טמפו,IL,סבן אפ 1.5 ליטר דיאט,מיליליטרים,1500.00,"100 מ""ל",false,,7.90,0.5267,true,1,145040
7290000139234,false,דגן תפוח שלווה אשבול בטעם חמאה ודבש 150ג',,,דגן תפוח חמאה ודבש 1,גרמים,150.00,100 גרם,false,,9.90,6.6000,true,1,72812
7290000139258,false,שלווה טבע סוכר אשבול,"אשב""ל בע""מ",,שלווה טבעי 200 גרם,גרמים,200.00,100 גרם,false,,9.90,4.9500,true,1,63640
7290000144160,false,שמן זית כתית מעולה ארומתי מודגש 750מל,"מרקאולאו, ספרד.אבסה,",IT,שמן זית כתית מעולה א,מיליליטרים,750.00,"100 מ""ל",false,,34.90,4.6533,true,1,69787
7290000144467,false,שמן חמניות מועשר בנוגדי חמצון 1 ל' עץ הזית,"נארז ע""י : א.ג. גילר",GR,שמן חמניות בריאות מה,מיליליטרים,1000.00,"100 מ""ל",false,,17.90,1.7900,true,1,58308
7290000144474,false,שמן קנולה בריאות מהטבע 1 ליטר,שמן תעשיות,EE,שמן קנולה בריאות מהט,מיליליטרים,1000.00,"100 מ""ל",false,,17.90,1.7900,true,1,58309
7290000146997,false,"טום וג'רי - משחת שיניים מסטיק 50 מ""ל",שוורצקוף& הנקל דיסלד,IL,טום וגרי משחת שיניים,מיליליטרים,50.00,"100 מ""ל",false,,10.90,21.8000,true,1,53615
7290000149615,false,נקה 7 סבון מוצק לתינוק רביעיה * 100 ג',גליל כימיקלים בעממשו,IL,נקה 7 סבון מוצק לתינ,גרמים,400.00,100 גרם,false,,12.90,3.2250,true,1,55905
7290000149905,false,טקסטיל שמפו לכביסה ביד 1 ליטר,מיוצר עי קונדיטוריית,IL,טקסטיל שמפו 1ליטר,מיליליטרים,1000.00,"100 מ""ל",false,,15.90,1.5900,true,1,55910
7290000159010,false,שניצל מיני דובונים עוף טוב 700גר',עיצובים 2020 (4.9),IL,שניצל מיני דובונים ע,גרמים,700.00,100 גרם,false,,41.70,5.9571,true,1,79869
7290000170053,false,שוקולד פרה 100 ג' חלב.,"תופינית בע""מ",IL,שוקולד פרה חלב 100גר,גרמים,100.00,100 גרם,false,,6.90,6.9000,true,1,56351
7290000174723,false,אבקת שוקולית עלית קופסא 500ג',הנסיך- מפעל לייצור ט,IL,שוקולית אבקת שוקו על,גרמים,500.00,100 גרם,false,,12.90,2.5800,true,1,56365
7290000176062,false,קפה טורקי בצלופן 100,שטראוס קפה בי.וי.,IL,קפה טורקי עלית 100 ג,גרמים,100.00,100 גרם,false,,8.90,8.9000,true,1,56372
7290000176079,false,קפה טורקי עם היל עלית 100 ג',הנסיך- מפעל לייצור ט,IL,קפה טורקי עם הל עלית,גרמים,100.00,100 גרם,false,,9.90,9.9000,true,1,56373
7290000176413,false,קפה נמס אבקתי עלית 5,הנסיך- מפעל לייצור ט,IL,קפה נמס עלית 50 גרם,גרמים,50.00,100 גרם,false,,9.90,19.8000,true,1,56378
7290000176420,false,קפה נמס אבקתי 200ג עלית,שטראוס קפה בי.וי,IL,קפה נמס עלית 200 גרם,גרמים,200.00,100 גרם,false,,19.90,9.9500,true,1,56379
7290000178707,false,חטיף תפוציפס טבעי 50,"שטראוס פריטו ליי בע""",IL,תפוציפס טבעי 50גר,גרמים,50.00,100 גרם,false,,4.50,9.0000,true,1,50683
7290000178721,false,חטיף תפוציפס טבעי 20,"שטראוס פריטו ליי בע""",IL,תפוציפס טבעי 200גר,גרמים,200.00,100 גרם,false,,11.90,5.9500,true,1,65859
7290000185330,false,סילאן טבעי תמר כנרת,,,סילאן טבעי 900 גרם,גרמים,900.00,100 גרם,false,,23.90,2.6556,true,1,147027
7290000185590,false,סילאן טבעי לחיץ כנרת 650 גר',,,סילאן טבעי בבקבוק לח,גרמים,650.00,100 גרם,false,,19.90,3.0615,true,1,147020
7290000186535,false,נייר טואלט טריו לבן 32 גלילים לילי,קימברלי קלארק ישראל,IL,לילי טריו לבן נייר ט,יחידה,0.00,יחידה,false,,49.90,0.0000,true,1,86876
7290000187860,false,מגבוני טואלט לחים לילי דיספנסר 40יח',עלבד משואות יצחק בעמ,IL,לילי מגבוני נייר טוא,יחידה,0.00,יחידה,false,,8.90,0.0000,true,1,71984
7290000187952,false,נייר טואלט טריו לילי פרימיום 32גליל,קימברלי קלארק,IL,לילי טריו נייר טאולט,יחידה,0.00,יחידה,false,,49.90,0.0000,true,1,45746
7290000188355,false,מגבות מטבח ניקול לבנה שישייה,קימברלי-קלארק,IL,מגבות מטבח שישייה ני,יחידה,0.00,יחידה,false,,12.90,0.0000,true,1,45753
7290000188553,false,קוטקס - מגן תחתון סילק נורמל 60 יח',קימברלי קלארק,CN,קוטקס נורמל מגני תחת,יח',60.00,יח',false,,19.90,0.3317,true,1,69217
7290000188591,false,קוטקס - מגן תחתון סילק יאנג 60 יח',קימברלי קלארק,CN,קוטקס יאנג מגני תחתו,יח',60.00,יח',false,,19.90,0.3317,true,1,69219
7290000189192,false,מגבת רב שימושית סופר ניקול 64 דף,קימברלי קלארק,CO,סופר מגבת רב פעמית נ,100 יח',11.00,100 יח',false,,23.90,217.2727,true,1,45755
7290000189277,false,ניקול תבניות מלבניות 41*30*5.4,בראבו,,תבנית מלבנית גדולה ח,יחידה,0.00,יחידה,false,,11.90,0.0000,true,1,116132
7290000189499,false,תבנית קרטון אפיה עגולה אינגליש ניקול 3יח',"דוקארט בעמ, קיבוץ כפ",IL,תבנית אפייה מקרטון ע,יחידה,0.00,יחידה,false,,11.90,0.0000,true,1,116127
7290000189550,false,אשפתון 78X90 ענק ניקול 20יח',קריות זול,IL,אשפתון זוג ענק 20 מת,יח',20.00,יח',false,,26.90,1.3450,true,1,45759
7290000189598,false,מטליות לחות חד פעמיות לניקוי כללי 50 יח' ניקול,עלבד משואות יצחק בעמ,IL,מטליות לחות לניקוי כ,יח',50.00,יח',false,,10.90,0.2180,true,1,60573
7290000189659,false,מטליות לחות לרצפה ניקול 10 יח'-מרכז,עלבד משואות יצחק בעמ,IL,מטליות לחות לרצפה ני,יחידה,0.00,יחידה,false,,12.90,0.0000,true,1,63602
7290000189871,false,אשפתון שרוך מתכלה ניקול 60יח',אשפלסט תעשיות,IL,אשפתון 60 שקיות מתכל,יח',60.00,יח',false,,26.90,0.4483,true,1,60867
7290000190136,false,חלה מתוקה ברמן,,,חלה מתוקה ברמן,גרמים,500.00,100 גרם,false,,8.90,1.7800,true,1,126824
7290000190150,false,מפיות נייר מודפסות 3 שכבות ניקול 20 יח',קריות זול,SI,מפיות מודפסות 3 שכבו,גרמים,102.00,100 גרם,false,,7.90,7.7451,true,1,62387
7290000190853,false,נייר טואלט לילי דו שכבתי 30 גליל,לילי Lily,,לילי לבן נייר טואלט,יחידה,0.00,יחידה,false,,39.90,0.0000,true,1,91018
7290000191539,false,ממחטות טישו לילי צבעוני חמישיה,חוגלה קימברלי,IL,לילי צבעוני חמישיה 5,גרמים,593.00,100 גרם,false,,17.90,3.0185,true,1,63481
7290000191652,false,קלינקס ממחטות טישו אולטרא סופט מארז 90X3יח',חוגלה קימברלי,IL,קלינקס קלאסיק ניילון,יחידה,0.00,יחידה,false,,11.90,0.0000,true,1,49469
7290000193076,false,ניקול שלשיית מטליות לרצפה,עופרטקס,,מטליות בד לרצפה ניקו,יחידה,0.00,יחידה,false,,10.90,0.0000,true,1,96623
7290000193083,false,לילי - תחבושות נובה לי 28 יח',חוגלה קימברלי,IL,נובה לי לילי תחבושות,יח',28.00,יח',false,,10.90,0.3893,true,1,45771
7290000195216,false,נייר אפייה בשקית ניקול 50 יח',אופל,,נייר אפיה 50יח ניקול,יח',50.00,יח',false,,12.90,0.2580,true,1,85715
7290000196039,false,"מפות שולחן איריס ח""פ ניקול 2 יח'",קריות זול,IL,מפות שולחן זוג ניקול,גרמים,250.00,100 גרם,false,,10.90,4.3600,true,1,45802
7290000196343,false,"מפת שולחן מהודרת לילי 180X120ס""מ",קריות זול,IL,מפת שולחן מהודרת ניק,יחידה,0.00,יחידה,false,,13.90,0.0000,true,1,89340
7290000196763,false,ניקול שקיות לאשפה השקית החזקה 40 יח',אשפלסט,IL,השקית החזקה ניקול,יחידה,0.00,יחידה,false,,26.90,0.0000,true,1,116044
7290000197012,false,ניקול שקיות ניילון ריצרץ לאחסון 15יח',קריות זול,CN,ניקול שקיות ניילון ר,יחידה,0.00,יחידה,false,,13.90,0.0000,true,1,45803
7290000197029,false,ניקול שקיות ניילון ריצרץ לאחסון 12יח',קריות זול,,ניקול שקיות ניילון ר,יחידה,0.00,יחידה,false,,13.90,0.0000,true,1,45804
7290000197081,false,ניקול ניילון נצמד חסכון 150 מ',אופל,IL,ניילון נצמד 150 מטר,יחידה,150.00,יחידה,false,,29.90,0.1993,true,1,62924
7290000197326,false,רדיד אלומניום ניקול זוגי 30X7.5מ',קריות זול,IL,ניקול רדיד אלומיניום,מטרים,15.00,מטר,false,,12.90,0.8600,true,1,45805
7290000197470,false,מקפיאון שקיות הקפאה מתכלות ניקול 250יח',אשלפסט תעשיות בעמ,IL,"שקיות רב""ש להקפאה",יח',50.00,יח',false,,15.90,0.3180,true,1,45809
7290000197654,false,ניקול אשפתון שקיות אשפה ענקיות 45 יח',קריות זול,IL,אשפתון שקיות אשפה ענ,יח',50.00,יח',false,,19.90,0.3980,true,1,45810
7290000197678,false,האגיס - פרידום פלוס שלב 6 30 יח',קימברלי קלארק ישראל,IL,האגיס פרידום דריי של,יחידה,0.00,יחידה,false,,48.90,0.0000,true,1,88836
7290000197753,false,ניילון נצמד אנטי בטקריאלי ניקול 30X2מ',קריות זול,,ניילונית זוג ניקול,מטרים,60.00,מטר,false,,12.90,0.2150,true,1,45812
7290000197999,false,רדיד אלומיניום עבה ניקול זוגי 30X7.5מ',קריות זול,IL,ניקול רדיד אלומיניום,יחידה,0.00,יחידה,false,,15.90,0.0000,true,1,45814
7290000199313,false,קוטקס - תחבושות יאנג 30 יח',KC Turkey,,קוטקס תחבושות נורמל,יח',28.00,יח',false,,19.90,0.7107,true,1,49475
7290000204147,false,ניקול כריות יפניות 2 ב 1 רביעייה,פלסטו פוליש (ברקן),IL,כריות יפניות 2ב1 ניק,יחידה,0.00,יחידה,false,,13.90,0.0000,true,1,49476
7290000204215,false,ניקול כריות יפניות 6 יח',פלסטו פוליש (ברקן),IL,כריות יפניות ניקול 6,יח',4.00,יח',false,,13.90,3.4750,true,1,45824
7290000204253,false,מטליות ניקול רב שימושיות 9יח',נועם אורים-קיבוץ אור,IL,מטלית רב שימושית ניק,יח',9.00,יח',false,,13.90,1.5444,true,1,45826
7290000204512,false,מטליות לחות לרצפה בניחוח לימון 10 יח' ניקול,עלבד משואות יצחק בעמ,IL,מטליות לחות לרצפה בר,יחידה,0.00,יחידה,false,,12.90,0.0000,true,1,116136
7290000204611,false,ספוגיות הקסם ניקול 6יח',קריות זול,US,ספוגית הקסם ניקול 6י,יח',6.00,יח',false,,13.90,2.3167,true,1,45828
7290000205762,false,חיתולי האגיס אקסטרה קייר מידה 3 48 יח',חוגלה קימברלי,IL,האגיס אקסטרא קייר מי,יחידה,0.00,יחידה,false,,49.90,0.0000,true,1,130600
7290000207063,false,רסק עגבניות פריכוז 28% 240 גרם יכין,היינץ צפון אמריקה מק,IL,רסק עגבניות פריכוז 2,גרמים,260.00,100 גרם,false,,5.50,2.1154,true,1,44975
7290000207162,false,רוטב עגבניות מרכיב טבעי 100 ג' יכין,"זנלכל בע""מ",IL,רוטב עגבניות 22% 100,גרמים,100.00,100 גרם,false,,2.50,2.5000,true,1,44977
7290000207438,false,עגבניות קוביות יכין 800 גר,"זנלכל בע""מ",IL,עגבניות קוביות 800גר,גרמים,800.00,100 גרם,false,,10.90,1.3625,true,1,44978
7290000208022,false,עגבניות מרוסקות 800 גרם יכין,"זנלכל בע""מ",IL,עגבניות מרוסקות 800ג,גרמים,800.00,100 גרם,false,,10.90,1.3625,true,1,44981
7290000208077,false,אפונת גינה גדולה 550 גרם יכין,"זנלכל בע""מ",IL,אפונה גדולה יכין 550,גרמים,550.00,100 גרם,false,,9.70,1.7636,true,1,44983
7290000208091,false,אפונה עדין A2 יכין 550 ג',"זנלכל בע""מ",IL,אפונה גינה יכין 550ג,גרמים,550.00,100 גרם,false,,10.90,1.9818,true,1,70812
7290000208114,false,אפונת גינה וגזר 550 ג' יכין,"זנלכל בע""מ",IL,אפונה וגזר יכין 550ג,גרמים,550.00,100 גרם,false,,9.70,1.7636,true,1,44984
7290000208138,false,סירופ ענבים דיאט 1 ליטר יכין,"זנלכל בע""מ",IL,סירופ דייאט ענבים יכ,מיליליטרים,1000.00,"100 מ""ל",false,,16.90,1.6900,true,1,44986
7290000208145,false,גרגרי תירס מתוק לייט A2 יכין 550 ג',"זנלכל בע""מ",IL,תירס לייט יכין 550גר,גרמים,550.00,100 גרם,false,,10.90,1.9818,true,1,44987
7290000208176,false,"תפו""א קלופים א-2 יכין 550 ג'","זנלכל בע""מ",IL,"תפו""א קלופים יכין 55",גרמים,550.00,100 גרם,false,,9.90,1.8000,true,1,72256
7290000208213,false,שעועית לבנה אפויה A2 ברוטב עגבניות יכין 560ג',היינץ צפון אמריקה מק,IL,שעועית לבנה ברוטב עג,גרמים,580.00,100 גרם,false,,9.90,1.7069,true,1,44990
7290000208220,false,שעועית צילי חריף 550 ג' יכין,היינץ צפון אמריקה מק,IL,שעועית צילי יכין 550,גרמים,550.00,100 גרם,false,,9.90,1.8000,true,1,44991
7290000208268,false,שעועית צהובה א-2. יכין 550 ג',קריות זול,,שעועית צהובהחתוכה יכ,גרמים,550.00,100 גרם,false,,10.90,1.9818,true,1,44995
7290000208312,false,גרעיני תירס מתוק בואקום יכין 400 גר',"זנלכל בע""מ",IL,תירס מתוק ואקום יכין,גרמים,400.00,100 גרם,false,,7.90,1.9750,true,1,44997
7290000208329,false,גרעיני תירס מתוק A2 יכין 550ג',"זנלכל בע""מ",IL,תירס מתוק יכין 550גר,גרמים,550.00,100 גרם,false,,9.70,1.7636,true,1,44998
7290000208336,false,רסק עגבניות 22% 240 גרם יכין,"זנלכל בע""מ",IL,רוטב עגבניות יכין 22,גרמים,240.00,100 גרם,false,,4.90,2.0417,true,1,44999
7290000208343,false,עגבניות מרוסקות שום יכין 800 גר,היינץ צפון אמריקה מק,IL,עגבניות מרוסקות עם ש,גרמים,800.00,100 גרם,false,,10.90,1.3625,true,1,45001
7290000208367,false,עגבניות מרוסקות בתוספת בזיליקום 800 ג' יכין,יכין,,עגבניות מרוסקות בתוס,גרמים,800.00,100 גרם,false,,10.90,1.3625,true,1,45003
7290000208428,false,גרגרי חומוס שלם 550 גרם יכין,"זנלכל בע""מ",IL,חומוס שלם יכין 550גר,גרמים,550.00,100 גרם,false,,9.90,1.8000,true,1,45005
7290000208459,false,לקט ירקות מעורבים 550 ג' יכין,"זנלכל בע""מ",IL,ירקות מעורבים יכין 5,גרמים,550.00,100 גרם,false,,10.90,1.9818,true,1,71964
7290000208480,false,גרעיני תירס בטעם חמאה 550 גרם יכין,קריות זול,IL,תירס בטעם חמאה 550גר,גרמים,550.00,100 גרם,false,,10.90,1.9818,true,1,45010
7290000208534,false,גרעיני תירסמ תוק לילדים 550 ג' יכין,"זנלכל בע""מ",IL,תירס קיד יכין 550גר,גרמים,550.00,100 גרם,false,,10.90,1.9818,true,1,45013
7290000208800,false,תירס קיד מתוק יכין 4,,,תירס קיד יכין מתוק 2,גרמים,285.00,100 גרם,false,,7.90,2.7719,true,1,45018
7290000208855,false,רוטב פסטה עגבניות יכין 240 ג',"זנלכל בע""מ",IL,רוטב לפסטה קלאסי יכי,גרמים,240.00,100 גרם,false,,6.90,2.8750,true,1,45019
7290000208893,false,תירס מתוק לייט יכין,היינץ צפון אמריקה מק,IL,תירס לייט ואקום 340,גרמים,340.00,100 גרם,false,,7.90,2.3235,true,1,45020
7290000208947,false,עגבניות מרוסקות 240 גרם יכין,היינץ צפון אמריקה מק,IL,עגבניות מרוסקות יכין,גרמים,240.00,100 גרם,false,,6.90,2.8750,true,1,45023
7290000208978,false,רסק עגבניות פריכוז 28% 100 גרם יכין,היינץ צפון אמריקה מק,IL,רסק עגבניות פריכוז %,גרמים,100.00,100 גרם,false,,2.90,2.9000,true,1,45024
7290000209012,false,חומץ הדרים יכין 1 לי,"זנלכל בע""מ",IL,חומץ הדרים יכין 1 לי,מיליליטרים,1000.00,"100 מ""ל",false,,6.90,0.6900,true,1,45026
7290000209173,false,חומץ סינטטי יכין 1 ל,זנלכל,IL,חומץ סינטטי יכין 1 ל,מיליליטרים,1000.00,"100 מ""ל",false,,6.90,0.6900,true,1,45031
7290000209388,false,תירס גרגרים לייט וואקום מארז 60X3ג',יכין,,תירס ליייט שלישייה 3,גרמים,495.00,100 גרם,false,,15.90,3.2121,true,1,87572
7290000209517,false,סירופ דיאט לימון 1 ליטר,היינץ צפון אמריקה מק,IL,סירופ דייאט לימון יכ,מיליליטרים,1000.00,"100 מ""ל",false,,16.90,1.6900,true,1,45043
7290000209524,false,סירופ דייאט פטל יכין,זנלכל,IL,סירופ דיאט פטל יכין,מיליליטרים,1000.00,"100 מ""ל",false,,16.90,1.6900,true,1,45044
7290000209555,false,סירופ יכין דיאט בטעם תפוח 1ל',זנלכל,IL,"סירופ דייאט תפוח""ע י",מיליליטרים,1000.00,"100 מ""ל",false,,16.90,1.6900,true,1,45046
7290000209722,false,רסק עגבניות 28% פריכוז 580 גרם יכין,"זנלכל בע""מ",IL,רסק עגבניות פריכוז 2,גרמים,580.00,100 גרם,false,,10.90,1.8793,true,1,45051
7290000209906,false,עגבניות מרוסקות בתוספת בצל 240 ג' יכין,זנלכל,IL,עגבניות מרוסקות בצל,גרמים,240.00,100 גרם,false,,6.90,2.8750,true,1,45052
7290000209913,false,עגבניות קוביות יכין 240 ג',"זנלכל בע""מ",IL,עגבניות קוביות יכין,גרמים,240.00,100 גרם,false,,6.90,2.8750,true,1,45053
7290000209944,false,רוטב לעגבניות בסיס לשקשוקה 240 ג' יכין,"זנלכל בע""מ",IL,רוטב שקשוקה יכין 240,גרמים,240.00,100 גרם,false,,6.90,2.8750,true,1,63255
7290000209951,false,רוטב עגבניות לפיצה 240 גרם יכין,"זנלכל בע""מ",IL,רוטב פיצה יכין 240 ג,גרמים,240.00,100 גרם,false,,6.90,2.8750,true,1,45054
7290000210469,false,עגבניות שלמות 700 ג' יכין,זנלכל,IL,עגבניות שלמות יכין 7,גרמים,700.00,100 גרם,false,,10.90,1.5571,true,1,63238
7290000210896,false,רוטב בלונוז לפסטה יכין 240 ג',"זנלכל בע""מ",IL,רוטב בולונז יכין 240,גרמים,240.00,100 גרם,false,,6.90,2.8750,true,1,68417
7290000211312,false,סוגת אורז מלא פרסי אחד אחד 1 קג,האי נאם סי או אל.טי.,IL,אורז מלא פרסי סוגת 1,גרמים,1000.00,100 גרם,false,,10.90,1.0900,true,1,54564
7290000211374,false,"קמח מלא סוגת 1 ק""ג",תחנות קמח דגן 2006 ב,IL,קמח מלא סוגת 1קג,גרמים,1000.00,100 גרם,false,,8.90,0.8900,true,1,54565
7290000211381,false,"סוכר חום כהה בשקית סוגת 1 ק""ג",קריות זול,,סוכר חום כהה בשקית ס,גרמים,1000.00,100 גרם,false,,10.90,1.0900,true,1,54566
7290000211442,false,"סוגת אורז פרסי קלאסי שקית 1 ק""ג",האי נאם סי או אל.טי.,IL,אורז בסגנון פרסי קלא,גרמים,1000.00,100 גרם,false,,11.90,1.1900,true,1,54568
7290000211503,false,סוכר לבן ארוז בשקית,"סוגת תעשיות בע""מ",IL,"סוכר סוגת 1 ק""ג",גרמים,1000.00,100 גרם,false,,5.50,0.5500,true,1,54569
7290000211626,false,"אורז חיש 1 ק""ג סוגת",סוגת תעשיות,IL,אורז חיש סוגת 1קג,גרמים,1000.00,100 גרם,false,,10.90,1.0900,true,1,54571
7290000211985,false,"אורז ריזוטו עגול סוגת 1 ק""ג","סוגת תעשיות בע""מ",IL,אורז עגול סוגת 1קג,גרמים,1000.00,100 גרם,false,,13.90,1.3900,true,1,54573
7290000212173,false,וופל טעם שוקולד מנעמים 500 ג',קריות זול,,וופל טעם שוקולד מנעמ,גרמים,200.00,100 גרם,false,,10.90,5.4500,true,1,53848
7290000212401,false,וופל מצופית מנעמים 400ג',קריות זול,,וופל מצופית מנעמים 4,גרמים,400.00,100 גרם,false,,10.90,2.7250,true,1,53851
7290000238029,false,"בצק עלים צרפתי מרודד מעדנות 1ק""ג",מיוצר עי קונדיטוריית,IL,בצק עלים מרודד מעדנו,גרמים,1000.00,100 גרם,false,,24.90,2.4900,true,1,52626
7290000238036,false,מלאווח 6יח' מעדנות 700ג',מיוצר עי קונדיטוריית,IL,מלווח מעדנות קופסא 7,גרמים,700.00,100 גרם,false,,18.90,2.7000,true,1,52627
7290000238173,false,בורקס גבינה 800 ג' מעדנות,מיוצר עי קונדיטוריית,IL,בורקס גבינה מעדנות 8,גרמים,800.00,100 גרם,false,,22.90,2.8625,true,1,52628
7290000238180,false,בורקס תפוחי אדמה מעדנות 800ג',מיוצר עי קונדיטוריית,IL,"בורקס תפו""א מעדנות 8",גרמים,800.00,100 גרם,false,,19.90,2.4875,true,1,52629
7290000243566,false,"שמן קנולה בריאות 750 מ""ל",שמן תעשיות,EE,שמן קנולה בריאות עץ,מיליליטרים,750.00,"100 מ""ל",false,,14.90,1.9867,true,1,80064
7290000245270,false,"פרסיל אבקת כביסה סופרא 1.250 ק""ג","הנקל סוד בע""מ",IL,פרסיל סופרא שקית אבק,קילוגרמים,1.25,"ק""ג",false,,15.90,12.7200,true,1,53649
7290000245287,false,"פרסיל אבקת כביסה 1.250 ק""ג קולור ויניגר","הנקל סוד בע""מ",IL,פרסיל קולור שקית אבק,קילוגרמים,1.25,"ק""ג",false,,15.90,12.7200,true,1,53650
7290000245478,false,"אבקת כביסה לבגדי תינוקות 1.25 ק""ג סוד","הנקל סוד בע""מ",IL,סוד בייבי אבקת כביסה,קילוגרמים,1.25,"ק""ג",false,,13.90,11.1200,true,1,53661
7290000245508,false,"קומפקט סוד 1.25ק""ג שושו מרענן -מרכז","הנקל סוד בע""מ",IL,סוד פרפקט אבקת כביסה,קילוגרמים,1.25,"ק""ג",false,,13.90,11.1200,true,1,53663
7290000245515,false,"אבקת כביסה בניחוח לבנדר 1.25 ק""ג סוד","הנקל סוד בע""מ",IL,סוד קומפורט פרפיום א,קילוגרמים,1.25,"ק""ג",false,,13.90,11.1200,true,1,53664
7290000245539,false,"קומפקט סוד 1.250 ק""ג קולור לכביסה צבעונית","הנקל סוד בע""מ",IL,סוד קומפקט קולור אבק,קילוגרמים,1.25,"ק""ג",false,,13.90,11.1200,true,1,53665
7290000253220,false,שוקולד צ'יפס חום אופנהיימר 260 גר',אופנהיימר,IL,שוקולד ציפס 300גר,גרמים,300.00,100 גרם,false,,14.90,4.9667,true,1,45151
7290000253251,false,שוקולד צ'יפס לבן אופנהיימר 300ג',אופנהיימר,IL,שוקולד ציפס לבן 250,גרמים,250.00,100 גרם,false,,14.90,5.9600,true,1,45152
7290000262413,false,חיתולי האגיס אקסטרה קייר מידה 5 34יח,חוגלה קימברלי,IL,האגיס אקסטרא קייר מי,יחידה,0.00,יחידה,false,,49.90,0.0000,true,1,130603
7290000267012,false,שקדים מולבנים שלמים,"דין שיווק וקליה בע""מ",IL,שקדים מולבנים השף 10,גרמים,100.00,100 גרם,false,,11.90,11.9000,true,1,80313
7290000267548,false,אגוזי מלך גרוסים 100 ג',דין שיווק,IL,אגוזי מלך גרוסים השף,גרמים,100.00,100 גרם,false,,13.90,13.9000,true,1,81295
7290000267678,false,גרעיני דלעת טבעי קלוף שקדיה 150 ג',"דין שיווק וקליה בע""מ",,גרעיני דלעת טבעי קלו,גרמים,150.00,100 גרם,false,,7.90,5.2667,true,1,82996
7290000272696,false,עסיס מיץ לימון טבעי משומר 1 ל' אסם,בית-השיטה עסיס תעשיו,IL,מיץ לימון טבעי משומר,מיליליטרים,1000.00,"100 מ""ל",false,,13.90,1.3900,true,1,46592
7290000272726,false,חומץ טבעי 5% עסיס 1 ל' אסם,בית השיטה עסיס תעשיו,IL,חומץ טבעי 5% עסיס 1,מיליליטרים,1000.00,"100 מ""ל",false,,8.90,0.8900,true,1,46594
7290000286228,false,כרית קרצוף לכלים סנו סושי 6יח',סנו מפעלי ברונו בעמ,IL,סנו סושי ספוגיות לני,יחידה,0.00,יחידה,false,,12.90,0.0000,true,1,48918
7290000286891,false,סנו מגן קריסטל לרצפו,"סנו מפעלי ברונוס בע""",IL,סנו מגן קריסטל לרצפו,ליטרים,1.00,ליטר,false,,25.90,25.9000,true,1,48931
7290000286907,false,סנו מסיר כתמים באירו,סנו מפעלי ברונוס בעמ,IL,סנוקל מסיר כתמים 125,גרמים,125.00,100 גרם,false,,27.90,22.3200,true,1,48932
7290000286945,false,"סנו רהיט אקדח מרסס 500מ""ל","סנו מפעלי ברונוס בע""",IL,סנו רהיט מרסס 500מל,מיליליטרים,500.00,"100 מ""ל",false,,28.90,5.7800,true,1,48935
7290000287102,false,"סנו שמפו שטיחים אירוסול 600 מ""ל",מיוצר עי קונדיטוריית,IL,סנו שמפו שטיחים 540מ,מיליליטרים,540.00,"100 מ""ל",false,,23.90,4.4259,true,1,48937
7290000287195,false,"סנו רהיט ספריי עשיר בווקס להברקה 305 מ""ל",מיוצר עי קונדיטוריית,IL,סנו רהיט מבריק רהיטי,מיליליטרים,300.00,"100 מ""ל",false,,16.90,5.6333,true,1,48939
7290000287409,false,סנובון שלישיה תות 3 יח' *55 ג',סנו מפעלי ברונוס בעמ,IL,סנובון שלישיה תות 3*,גרמים,165.00,100 גרם,false,,13.90,8.4242,true,1,48947
7290000287430,false,סנובון צבעוני לאסלה בריח לימון שלישייה,סנו מפעלי ברונו בעמ,IL,סנובון שלישיה צבעוני,גרמים,165.00,100 גרם,false,,13.90,8.4242,true,1,48948
7290000287492,false,"סנו - סנובון נוזלי לימון 750 מ""ל","איי, בי, אינבוו",IL,סנובון נוזלי לימון 7,מיליליטרים,750.00,"100 מ""ל",false,,11.90,1.5867,true,1,48950
7290000287621,false,"מנקה אסלות סנו אנטי קאלק 750 מ""ל,",מיוצר עי קונדיטוריית,IL,אנטי קאלק W.C מנקה א,מיליליטרים,750.00,"100 מ""ל",false,,11.90,1.5867,true,1,48953
7290000288017,false,ז'אוול אקונומיקה 1ל'-לימון,"סנו מפעלי ברונוס בע""",IL,אקונומיקה סנו ז'אוול,מיליליטרים,1000.00,"100 מ""ל",false,,9.90,0.9900,true,1,48961
7290000288024,false,סנו - ז'אוול אקונומיקה בריח לימון 4 ליטר,"סנו מפעלי ברונוס בע""",IL,אקונומיקה סנו ז'אוול,ליטרים,4.00,ליטר,false,,17.90,4.4750,true,1,48962
7290000288048,false,סנו ז'אוול קצף לבנדר מרסס 1ל',"סנו מפעלי ברונוס בע""",IL,סנו ז'אוול מרסס מונט,מיליליטרים,1000.00,"100 מ""ל",false,,21.90,2.1900,true,1,48964
7290000288079,false,סנו - ז'אוול אקונומיקה לימון 2 ליטר,"סנו מפעלי ברונוס בע""",IL,אקונומיקה סנו ז'אוול,ליטרים,2.00,ליטר,false,,13.90,6.9500,true,1,48967
7290000288086,false,"סנו ז'אוול אבקת ואקונומיקה לימון 600 מ""ל",מיוצר עי קונדיטוריית,IL,סנו ז'אוול אבקת לניק,גרמים,600.00,100 גרם,false,,10.90,1.8167,true,1,48968
7290000288109,false,"אבקת כביסה מקסימה אפקט ג''אוול 1.25 ק""ג סנו",סנו מפעלי ברונוס בעמ,IL,סנו מקסימה אבקת כביס,קילוגרמים,1.25,"ק""ג",false,,15.90,12.7200,true,1,48969
7290000288253,false,"סנו K-400 חרקים וזבובים 630מ""ל",מיוצר עי קונדיטוריית,IL,מדביר 400-K,יחידה,630.00,יחידה,false,,24.90,0.0395,true,1,48970
7290000288352,false,"סנו K-300 חרקים ונמלים 630מ""ל","סנו מפעלי ברונוס בע""",IL,K-300 לקטילת גוקים נ,100 יח',630.00,100 יח',false,,24.90,3.9524,true,1,48974
7290000288390,false,"סנו K-600 מעופפים 500מ""ל","סנו מפעלי ברונוס בע""",IL,מעופפים K - 600,יחידה,0.00,יחידה,false,,22.90,0.0000,true,1,48976
7290000288727,false,"אבקת כביסה מקסימה מאסק 1.25 ק""ג סנו",קריות זול,,סנו מקסימה מאסק אבקת,קילוגרמים,1.25,"ק""ג",false,,15.90,12.7200,true,1,48984
7290000289069,false,סנו - ז'אוול מרסס קצף ניקוי בתוספת אקונומיקה בריח לימון 1 ליטר,"סנו מפעלי ברונוס בע""",IL,סנו ז'אוול מרסס לימו,מיליליטרים,1000.00,"100 מ""ל",false,,21.90,2.1900,true,1,48989
7290000289380,false,"סנו - ז'אוול לניקוי אסלות לימון 750 מ""ל",סנו,IL,גל לאסלות סנו זאוול,מיליליטרים,750.00,"100 מ""ל",false,,11.90,1.5867,true,1,65226
7290000289748,false,"סנו פורטה פלוס מסיר שומנים לתנור 750מ""ל","סנו מפעלי ברונוס בע""",IL,סנו פורטה פלוס לתנור,מיליליטרים,750.00,"100 מ""ל",false,,16.90,2.2533,true,1,49001
7290000291932,false,"סנובון לניקוי לבנדר 750מ""ל",קריות זול,IL,סנובון נוזלי תפוח וק,מיליליטרים,750.00,"100 מ""ל",false,,11.90,1.5867,true,1,49013
7290000292137,false,"סנו: נוזל ניקוי וטיפול במוצרי עור 500 מ""",מיוצר עי קונדיטוריית,IL,סנו לניקוי עור 500מל,מיליליטרים,500.00,"100 מ""ל",false,,29.90,5.9800,true,1,49016
7290000292311,false,סנו פוליווקס לרצפות סחלבים 2ל',"סנו מפעלי ברונוס בע""",IL,פוליויקס סחלבים 2ליט,ליטרים,2.00,ליטר,false,,24.90,12.4500,true,1,49018
7290000292533,false,ג'ל סנו כחול לניקוי כללי 1 ליטר,קריות זול,,סנו ג'ל לניקוי 1ליטר,ליטרים,1.00,ליטר,false,,19.90,19.9000,true,1,139581
7290000292687,false,סנובון לאסלה כחול אפרסק נתלה 55X3ג',מיוצר עי קונדיטוריית,IL,סנובון לאסלה כחול של,גרמים,165.00,100 גרם,false,,17.90,10.8485,true,1,49029
7290000292915,false,"סנו רסס ונגב אקדח 750מ""ל","סנו מפעלי ברונוס בע""",IL,סנו רסס ונגב מרסס 75,מיליליטרים,750.00,"100 מ""ל",false,,15.90,2.1200,true,1,49031
7290000293073,false,מרכך כביסה מקסימה ביו לבן 4 ל' סנו,"סנו מפעלי ברונוס בע""",IL,סנו מקסימה מרכך כביס,ליטרים,4.00,ליטר,false,,23.90,5.9750,true,1,49035
7290000293561,false,"סנו מסיר עובש 750 מ""ל","סנו מפעלי ברונוס בע""",IL,סנו מסיר עובש 750מל,מיליליטרים,750.00,"100 מ""ל",false,,17.90,2.3867,true,1,49039
7290000293943,false,סנו אנטי קאלק מסיר אבנית וחלודה 1ל',מיוצר עי קונדיטוריית,IL,אנטי קאלק מרסס 1ליטר,מיליליטרים,1000.00,"100 מ""ל",false,,21.90,2.1900,true,1,49042
7290000294773,false,סנו ז'אוול 4ליטר מונטבלאן קול,"סנו מפעלי ברונוס בע""",IL,אקונומיקה סנו ז'אוול,ליטרים,4.00,ליטר,false,,17.90,4.4750,true,1,49050
7290000294780,false,סנו - ז'אוול אקונומיקה סמיכה מבושמת 4 ליטר,"סנו מפעלי ברונוס בע""",IL,אקונומיקה סנו ז'אוול,ליטרים,4.00,ליטר,false,,17.90,4.4750,true,1,49051
7290000295121,false,מטליות זיגזג סנו סושי לניקוי רצפות 3יח',קריות זול,IL,מטלית זיגזג 3יח,יח',3.00,יח',false,,12.90,4.3000,true,1,49053
7290000295299,false,כרית קרצוף יפניות סנו סושי 4 יח',סנו מפעלי ברונו בעמ,IL,סנו סושי כריות יפניו,יח',4.00,יח',false,,12.90,3.2250,true,1,49055
7290000295336,false,"סנו - מקסימה אבקת כביסה סנסטיב 1.25 ק""ג",סנו מפעלי ברונוס בעמ,IL,סנו מקסימה סנסיטיב א,קילוגרמים,1.25,"ק""ג",false,,15.90,12.7200,true,1,49057
7290000295343,false,"אבקת כביסה מקסימה ביו 1.25 ק""ג סנו",קריות זול,IL,סנו מקסימה ביו אבקת,קילוגרמים,1.25,"ק""ג",false,,15.90,12.7200,true,1,49058
7290000295404,false,סנו סושי שקית אשפה חזקות 70*50 60 יח',מיוצר עי קונדיטוריית,IL,שקיות אשפה 60 יח סנו,יח',60.00,יח',false,,25.90,0.4317,true,1,49060
7290000295558,false,רדיד אלומיניום סנו סושי זוגי 30X7.5מ',מולינו ניקולי s.p.a,CN,סנו סושי צמד רדידי א,מטרים,0.30,מטר,false,,11.90,39.6667,true,1,49065
7290000295794,false,כרית מתכת סנו סושי אל חלד 3יח',,,ספוגית מתכת סנו סושי,יחידה,0.00,יחידה,false,,10.90,0.0000,true,1,130495
7290000300054,false,פילה בס טרי,,,פילה בס טרי,קילוגרמים,1.00,"ק""ג",true,,69.00,69.0000,true,1,114968
7290000300061,false,פילה דניס טרי,,,פילה דניס טרי,קילוגרמים,1.00,"ק""ג",true,,99.90,99.9000,true,1,126513
7290000300221,false,סלמון פרוס טרי,,,סלמון פרוס טרי,קילוגרמים,1.00,"ק""ג",true,,79.90,79.9000,true,1,129904
7290000300900,false,טבעול שניצל תירס 8*750גרם רכיבים טבעיים,עיצובים 2020 (4.8),IL,שניצל תירס טבעול 750,גרמים,750.00,100 גרם,false,,29.90,3.9867,true,1,46605
7290000305882,false,יונה אס דגים עם ירק ברוטב 120ג,סטארקיסט פודור בעמ,IL,אס ירקות עם דגים ברו,גרמים,120.00,100 גרם,false,,6.50,5.4167,true,1,48149
7290000311172,false,פילה לברק טרי,,,פילה לברק טרי,קילוגרמים,1.00,"ק""ג",true,,110.00,110.0000,true,1,124663
7290000311210,false,וופלים מאן לימון 200 גר,רוקחמן,IL,וופל מן לימון 200גר,גרמים,200.00,100 גרם,false,,5.90,2.9500,true,1,71338
7290000311227,false,וופלים מן 200 גר קפה,רוקחמן,IL,וופל מן קפה 200גר,גרמים,200.00,100 גרם,false,,5.90,2.9500,true,1,104188
7290000311272,false,מן-וופלים במילוי חלווה 180 ג,רוקחמן,IL,וופל מן במילוי חלווה,גרמים,180.00,100 גרם,false,,5.90,3.2778,true,1,104190
7290000311746,false,עוגיות טעם קרמל מן 300 גר,רוקחמן,IL,עוגיות בטעם קרמל 300,גרמים,300.00,100 גרם,false,,8.90,2.9667,true,1,117684
7290000311753,false,עוגיות חיטה מלאה בטעם חלווה מן 250 גר',רוקחמן,IL,עוגיות חיטה מלאה בט,גרמים,250.00,100 גרם,false,,8.90,3.5600,true,1,137242
7290000311845,false,עוגיות קמח מלא ללא תוספת סוכר מן 200ג,רוקחמן,IL,עוגיות קמח מלא ללא ס,גרמים,200.00,100 גרם,false,,10.90,5.4500,true,1,117685
7290000311869,false,מן-וופלים בטעם שוק ללא תוספת סוכר 180ג,תות ממתקי איכות,IL,וופל מן בטעם שוקולד,גרמים,180.00,100 גרם,false,,8.90,4.9444,true,1,117687
7290000311883,false,"עוגיות גרנולה לל""ס גרנולה 200 גרם",תות ממתקי איכות,IL,עוגיות גרנולה ללא סו,גרמים,200.00,100 גרם,false,,10.90,5.4500,true,1,117686
7290000313184,false,עוגיות חברים גן חיות וניל אסם 250 גר',הגביע מוצרי וופלים ב,IL,חברים ביסקויט גן חיו,גרמים,250.00,100 גרם,false,,8.90,3.5600,true,1,46620
7290000315126,false,קנור ציר עוף משפחתי,יוניליוור ישראל מזון,IL,ציר עוף קנור 300 גר,גרמים,300.00,100 גרם,false,,27.90,9.3000,true,1,49902
7290000315133,false,קנור ציר בקר משפחתי,יוניליוור ישראל מזון,IL,ציר בקר קנור 300גר,גרמים,300.00,100 גרם,false,,27.90,9.3000,true,1,49903
7290000318127,false,נקניקיות ביס 380 ג' יחיעם,מעדני יחיעם 1993,IL,נקניקיות ביס יחיעם 3,גרמים,380.00,100 גרם,false,,12.90,3.3947,true,1,43246
7290000318479,false,פרושטו בקר יחיעם 100גר,תאי פרזידנט פוד פאבל,IL,פרושטו בקר יחיעם 100,גרמים,100.00,100 גרם,false,,29.90,29.9000,true,1,43255
7290000318677,false,סלמי סרוולט 150 ג' יחיעם,מעדני יחיעם 1993,IL,סלמי סרוולט יחיעם 15,גרמים,150.00,100 גרם,false,,29.90,19.9333,true,1,43262
7290000318943,false,פסטרמה של פעם יחיעם,תאי פרזידנט פוד פאבל,IL,פסטרמה של פעם יחיעם,גרמים,200.00,100 גרם,false,,24.90,12.4500,true,1,43272
7290000319124,false,סלמי סרוולד יחיעם 25,מעדני יחיעם 1993,IL,סלמי סרוולט 250 גרם,גרמים,250.00,100 גרם,false,,42.90,17.1600,true,1,43276
7290000319414,false,נקנקיות פרמיום בראטו,,,נקניקיות בראטווסט יח,גרמים,280.00,100 גרם,false,,24.90,8.8929,true,1,147582
7290000319520,false,סאלמי צרפתי יחיעם 10,מעדני יחיעם 1993,IL,סלמי צרפתי יחיעם 100,גרמים,100.00,100 גרם,false,,21.90,21.9000,true,1,43287
7290000319803,false,קבנוס קלאסי 125 ג' יחיעם,תאי פרזידנט פוד פאבל,IL,קבנוס קלאסי יחיעם 12,גרמים,125.00,100 גרם,false,,15.90,12.7200,true,1,88219
7290000319834,false,קבנוס פפרוני 125 ג' יחיעם,תאי פרזידנט פוד פאבל,IL,קבנוס פפרוני קלאסי י,גרמים,125.00,100 גרם,false,,15.90,12.7200,true,1,88220
7290000334684,false,טבעות בצל 700 ג' תפוגן,"תעשיות תפוגן בע""מ",IL,טבעות בצל תפוגן 700ג,גרמים,700.00,100 גרם,false,,19.90,2.8429,true,1,46633
7290000334745,false,"אמריקאן צ'יפס תפוגן 1.5 ק""ג","תעשיות תפוגן בע""מ",IL,"ציפס אמריקאן 1.5ק""ג",גרמים,1500.00,100 גרם,false,,27.90,1.8600,true,1,88149
7290000342856,false,מרכך כביסה כחול 4 ל' בדין,יוניליור ישראל טיפוח,IL,בדין כחול מרכך כביסה,ליטרים,4.00,ליטר,false,,22.90,5.7250,true,1,49932
7290000345260,false,תה ויסוצקי קלאסיק 25X1.50יח',מולינו ניקולי s.p.a,IL,תה ויסוצקי קלאסיק 25,יח',25.00,יח',false,,7.90,0.3160,true,1,53868
7290000345284,false,תה ויסוצקי קלאסיק טעם עשיר 100/1.5יח',מולינו ניקולי s.p.a,IL,תה ויסוצקי קלאסיק יר,גרמים,150.00,100 גרם,false,,19.90,13.2667,true,1,53870
7290000345291,false,תה ארל גריי 25 שקיקים ויסוצקי,קריות זול,IL,תה ארל גריי ויסוצקי,יח',25.00,יח',false,,17.90,0.7160,true,1,53871
7290000345307,false,תה ארל גריי 50 שקיקים ויסוצקי,מולינו ניקולי s.p.a,IL,תה ארל גריי ויסוצקי,גרמים,75.00,100 גרם,false,,31.90,42.5333,true,1,53872
7290000346137,false,תה הגן הקסום הילולי פירות 25 שקיקים,קריות זול,IL,תה הילולי פירות 25יח,גרמים,62.50,100 גרם,false,,19.90,31.8400,true,1,53883
7290000346199,false,תה הגן הקסום תה פירות יער 25 יח',קריות זול,IL,תה פירות היער ויסוצק,גרמים,67.50,100 גרם,false,,19.90,29.4815,true,1,53887
7290000346205,false,תה הגן הקסום תה קמומיל 25 יח',קריות זול,IL,תה קמומיל ויסוצקי הג,גרמים,37.50,100 גרם,false,,19.90,53.0667,true,1,53888
7290000347738,false,תה ירוק נענע 25 שקיקים 1.5 גרם,קריות זול,IL,תה ירוק נענע 25יח,גרמים,37.50,100 גרם,false,,27.90,74.4000,true,1,53899
7290000347752,false,תה ירוק לימונית ולואיזה 25 שקיקים *1.5 ג'' ויסוצקי,קריות זול,IL,תה ירוק לימונית ולוא,גרמים,37.50,100 גרם,false,,27.90,74.4000,true,1,53901
7290000364261,false,דקניקים סלסולי כתף בקר 120 ג' טירת צבי,הנסיך- מפעל לייצור ט,IL,סלסולי פסטרמה כתף בק,גרמים,120.00,100 גרם,false,,15.90,13.2500,true,1,113749
7290000364278,false,דקניקים סילסולי סלמי איטלקי 120 ג' טירת צבי,הנסיך- מפעל לייצור ט,IL,סלסולי סלמי איטלקי מ,גרמים,120.00,100 גרם,false,,15.90,13.2500,true,1,113750
7290000364292,false,דקניקים סלסולי פסטרמה הודו על גחלים 120 ג' טירת צבי,הנסיך- מפעל לייצור ט,IL,סלסולי פסטרמה הודו ג,גרמים,120.00,100 גרם,false,,15.90,13.2500,true,1,113752
7290000364858,false,"נקניקיות עוף טרי 1 ק""ג טירת צבי",הנסיך- מפעל לייצור ט,IL,נקניקיות עוף טירת צב,גרמים,1000.00,100 גרם,false,,26.90,2.6900,true,1,106678
7290000364872,false,נקניקיות עוף טירת צבי 400 ג',טיב טירת צבי 2000,IL,נקניקיות עוף טירת צב,גרמים,400.00,100 גרם,false,,15.90,3.9750,true,1,106679
7290000367590,false,צמד כפרי סלמי+פסטרמה 800 גרם טירת צבי,טיב טירת צבי 2000,IL,פסטרמה צמד סלמי 400ג,גרמים,800.00,100 גרם,false,,31.90,3.9875,true,1,125831
7290000408316,false,דנונה ביו יוגורט טבעי 3% 200 ג',מיוצר עי קונדיטוריית,IL,דנונה טבעי 3% 200גר,גרמים,200.00,100 גרם,false,,3.80,1.9000,true,1,56399
7290000408354,false,יוגורט עם אורז מצופה שוקולד קקאו 175 ג' דנונה,"שטראוס בריאות בע""מ",IL,דנונה בר פיצפוצים 17,גרמים,173.00,100 גרם,false,,4.90,2.8324,true,1,56400
7290000412481,false,סנו - מנקה אסלות 00 1 ליטר,מיוצר עי קונדיטוריית,IL,מנקה אסלות 00 סנו 1ל,מיליליטרים,1000.00,"100 מ""ל",false,,9.50,0.9500,true,1,49077
7290000416021,false,ממרח שוקולד השחר חלבי 500 גר',השחר העולה,IL,ממרח בטעם שוקולד השח,גרמים,500.00,100 גרם,false,,13.90,2.7800,true,1,49454
7290000416045,false,ממרח שוקולד השחר דלי,השחר העולה,IL,ממרח השחר העולה חלבי,גרמים,1000.00,100 גרם,false,,25.90,2.5900,true,1,49455
7290000416076,false,שוקולד צימקאו לבישול השחר 400 ג',השחר העולה,IL,צימקאו לבישול השחר 4,גרמים,400.00,100 גרם,false,,14.90,3.7250,true,1,49456
7290000419220,false,קפה כחול לנדוור שלישיה 100*3,קפה לנדוור,IL,לנדוור קפה כחול מארז,גרמים,300.00,100 גרם,false,,19.90,6.6333,true,1,94440
7290000419374,false,לנדוור לבוקר טחון טורקי 3*100גר,קפה לנדוור,IL,לנדוור קפה טחון טורק,גרמים,300.00,100 גרם,false,,19.90,6.6333,true,1,115379
7290000420325,false,פופ קורן טבעי למיקרוגל 5 יח',קריות זול,US,פופסטאר בטעם טבעי 5י,גרמים,500.00,100 גרם,false,,14.90,2.9800,true,1,48588
7290000420332,false,פופ קורן חמאה למיקרוגל 5יח',קריות זול,US,פופסטאר בטעם חמאה 5י,גרמים,500.00,100 גרם,false,,14.90,2.9800,true,1,48589
7290000453019,false,שמרים טריים לאפייה שקית שמרית 50 ג',"פאקא תעשיות בע""מ",IL,שמרית בשקית 50 גרם,גרמים,50.00,100 גרם,false,,5.40,10.8000,true,1,56402
7290000453125,false,שמרית שמרים טריים לאפייה +משפר אפייה 100ג,"פאקא תעשיות בע""מ",IL,שמרית + משפר אפיה 10,גרמים,100.00,100 גרם,false,,8.90,8.9000,true,1,56403
7290000453323,false,קמח תמי עמילן חיטה ל,תמי,IL,קמח תמי עמילן חיטה ל,גרמים,500.00,100 גרם,false,,19.90,3.9800,true,1,145298
7290000453408,false,בצק פיצה דק מצונן ומוכן לאפייה שמרית,"פאקא תעשיות בע""מ",GR,בצק פיצה דק שמרית מצ,גרמים,415.00,100 גרם,false,,18.90,4.5542,true,1,131968
7290000453415,false,בצק עלים מצונן ומוכן לאפייה שמרית,"פאקא תעשיות בע""מ",FR,בצק עלים שמרית מצונן,גרמים,300.00,100 גרם,false,,17.90,5.9667,true,1,131969
7290000453422,false,בצק פילו מצונן ומרודד מוכן לאפיה,"פאקא תעשיות בע""מ",GR,בצק פילו שמרית מצונן,גרמים,300.00,100 גרם,false,,17.90,5.9667,true,1,131970
7290000453446,false,פיצה קראסט בצק שמרים מצונן להכנת פיצה ופוקצ'ה,שטראוס,IL,*מבצע* פיצה קראסט שמ,יחידה,0.00,יחידה,false,,14.90,0.0000,true,1,147400
7290000453866,false,נטורינה קוקוס לאפייה שמרית 200ג',גרונבאנג- גרונדנסק א,DK,שמרית תחליף מרגרינה,גרמים,200.00,100 גרם,false,,8.90,4.4500,true,1,126358
7290000453897,false,מרגרינה בטעם חמאה שימרית 200 ג',גרונבאנג- גרונדנסק א,DK,מרגרינה בטעם חמאה 20,גרמים,200.00,100 גרם,false,,6.90,3.4500,true,1,126360
7290000462103,false,סחוג אדום חריף עדין (מכסה לבן) 150 גרם,קריניסה ויטמין אס אי,IL,סחוג אדום חריף עדין,גרמים,150.00,100 גרם,false,,11.90,7.9333,true,1,56404
7290000462141,false,סחוג אדום חריף מאוד (מכסה אדום) 150 גרם,קריניסה ויטמין אס אי,IL,סחוג אדום חריף מאוד,גרמים,150.00,100 גרם,false,,11.90,7.9333,true,1,56405
7290000462172,false,סחוג ירוק חריף מאוד מ.ירוק 150 גרם,קריניסה ויטמין אס אי,IL,סחוג ירוק חריף מאוד,גרמים,150.00,100 גרם,false,,11.90,7.9333,true,1,56406
7290000462981,false,סחוג חריף אש 150 גרם,זהבי הכרם,,זחוק חריף אש 150 גרם,גרמים,150.00,100 גרם,false,,11.90,7.9333,true,1,138742
7290000469638,false,"מריטו ספריי גיהוץ קל 500 מ""ל",בולטון מניטובה,IT,מריטו ספריי גיהוץ 50,מיליליטרים,500.00,"100 מ""ל",false,,25.90,5.1800,true,1,51770
7290000474373,false,"שמנת חמוצה 15% שומן 200 מ""ל טרה",קריות זול,IL,שמנת חמוצה 15% 200מל,מיליליטרים,200.00,"100 מ""ל",false,,2.40,1.2000,true,1,70221
7290000474502,false,גבינה לבנה 5% 250ג' טרה מהדרין,קריות זול,IL,גבינה לבנה 5% טרה 25,גרמים,250.00,100 גרם,false,,4.98,1.9920,true,1,50829
7290000474540,false,גבינה טוב טעם 3% טרה 250ג' מהדרין,קריות זול,IL,גבינת 3% טוב טעם 250,גרמים,250.00,100 גרם,false,,12.90,5.1600,true,1,50831
7290000480107,false,קוואקר שיבולת שועל פחית 500 גר',וולקרס סנקס לימיטד,GB,קוואקר מהיר אטוס פחי,גרמים,500.00,100 גרם,false,,16.90,3.3800,true,1,48158
7290000480442,false,קוואקר שיבולת שועל שקית 500 גר',פריטו ליי FRITO-LAY,IL,*מבצע* קואקר שבולת ש,גרמים,500.00,100 גרם,false,,10.90,2.1800,true,1,48166
7290000481029,false,עשיריית פיתות תנעמי,יוניליוור גרמניה Gm,IL,פיתות בטעם ביתי 10 י,גרמים,1000.00,100 גרם,false,,11.90,1.1900,true,1,141022
7290000481043,false,עשריית פיתות כוסמין,,,פיתות כוסמין מארז 10,גרמים,700.00,100 גרם,false,,15.90,2.2714,true,1,141583
7290000481074,false,לחם משלושה קמחים מלאים 750 גר,,,*מבצע* לחם טריו דגני,גרמים,750.00,100 גרם,false,,14.90,1.9867,true,1,145699
7290000481197,false,לחם מחמצת גרעינים וש,,,לחם מחמצת גרעינים וש,גרמים,550.00,100 גרם,false,,18.90,3.4364,true,1,147266
7290000481487,false,חלה רגילה 500גר,,,חלה רגילה 500גר,גרמים,500.00,100 גרם,false,,6.26,1.2520,true,1,126283
7290000481517,false,פוקצות 2יח עם שמן זי,,,פוקצות 2יח עם שמן זי,גרמים,320.00,100 גרם,false,,12.90,4.0313,true,1,147263
7290000482019,false,שקיות קוקי רגיל צליה 10יח',"ש. שסטוביץ בע""מ",IL,קוקי שקיות רגיל 10יח,יחידה,0.00,יחידה,false,,11.90,0.0000,true,1,51771
7290000482033,false,שקיות קוקי ענק בתנור ובמיקרוגל 5 יח,הנסיך- מפעל לייצור ט,IL,קוקי שקיות ענק בתנור,יח',5.00,יח',false,,11.90,2.3800,true,1,51773
7290000483641,false,חטיף מרציפן חלה המרש,"המרשלג פרלינס בע""מ",IL,חטיף מרציפן חלה המרש,גרמים,75.00,100 גרם,false,,9.90,13.2000,true,1,54072
7290000483887,false,מרציפן המרשלג ללא תו,קריות זול,IL,מרציפן המרשלג ללא תו,גרמים,75.00,100 גרם,false,,15.90,21.2000,true,1,54073
7290000490601,false,שלגוני גלידל שמינייה,הגלידות של פלדמן,IL,גלידל חלבי מאגדת בטע,יח',8.00,יח',false,,29.90,3.7375,true,1,141197
7290000490625,false,שלגונים ציפוי שוקו מאגדת שמינייה 560 ג',,,מאגדת שלגונים ציפוי,יח',8.00,יח',false,,23.90,2.9875,true,1,141177
7290000490762,false,שלגוני גלידל שמינייה,הגלידות של פלדמן,IL,גלידל חלבי מאגדת בטע,יח',8.00,יח',false,,29.90,3.7375,true,1,141198
7290000493176,false,אבקת רוטב צלי לבשר 22ג' אסם,"אסם השקעות בע""מ",IL,אבקת רוטב צלי אסם 22,גרמים,22.00,100 גרם,false,,5.60,25.4545,true,1,46711
7290000493183,false,אבקת רוטב פיטריות 30 ג' אסם,"אסם השקעות בע""מ",IL,אבקת רוטב פטריות אסם,גרמים,30.00,100 גרם,false,,5.60,18.6667,true,1,46712
7290000497044,false,ברמן אקטיב לחם ארוז,מאפית י את א ברמן בע,IL,לחם אקטיב ברמן 750גר,גרמים,750.00,100 גרם,false,,17.90,2.3867,true,1,85683
7290000497228,false,לחמניה רגילה בשקית ברמן 6יח',מאפית י את א ברמן בע,IL,לחמניות בשקית 6יח,גרמים,450.00,100 גרם,false,,10.90,2.4222,true,1,70026
7290000497303,false,לחמניה מקמח מלא 6יח' ברמן 450ג',מאפית י את א ברמן בע,IL,לחמניה מקמח מלא 6יח,גרמים,540.00,100 גרם,false,,10.90,2.0185,true,1,70027
7290000497358,false,חלה מתוקה ארוזה חלומית 500 גר',מאפית י את א ברמן בע,IL,חלומית חלה מתוקה ארו,גרמים,500.00,100 גרם,false,,14.90,2.9800,true,1,58967
7290000497426,false,לחם לעניין פלוס 500 גר',מאפית י את א ברמן בע,IL,לחם ברמן לענין פלוס,גרמים,500.00,100 גרם,false,,16.90,3.3800,true,1,70028
7290000497570,false,לחם דגנים פלוס 500 גר',מאפית י את א ברמן בע,IL,לחם דגנים פלוס ברמן,גרמים,500.00,100 גרם,false,,17.90,3.5800,true,1,70032
7290000498003,false,לחם מקמח מלא ברמן 75,מאפית י את א ברמן בע,IL,לחם מקמח מלא ברמן 75,גרמים,750.00,100 גרם,false,,17.90,2.3867,true,1,120546
7290000498423,false,חלה חלומית 500גר,,,חלה מתוקה ברמן,גרמים,500.00,100 גרם,false,,8.90,1.7800,true,1,84335
7290000504025,false,סוכרזית פטריה 300 טבליות,אף.סי תבליני בגליל ב,IL,סוכרזית פטריה 300 טב,יח',300.00,יח',false,,10.90,0.0363,true,1,56407
7290000504049,false,סוכרזית קנקן 1200 טבליות,אף.סי תבליני בגליל ב,IL,סוכרזית קנקן 1200 טב,יח',1200.00,יח',false,,29.90,0.0249,true,1,56409
7290000504209,false,"סוכרזית דיאט טיפ נוזלי 220 מ""ל",אף.סי תבליני בגליל ב,IL,סוכרזית קלאסי נוזלי,מיליליטרים,220.00,"100 מ""ל",false,,23.90,10.8636,true,1,56410
7290000504278,false,סוכרזית - קלאסי פטנט 700 טבליות,אף.סי תבליני בגליל ב,IL,סוכרזית פטנט 700טבלי,יח',700.00,יח',false,,19.90,0.0284,true,1,56412
7290000518152,false,מתוק וקל זהב 25 שקיות,קריות זול,,מתוק וקל זהב 50 שקיו,גרמים,50.00,100 גרם,false,,7.90,15.8000,true,1,54973
7290000518169,false,ממתיק מתוק וקל בקבוק,קריות זול,IL,מתוק וקל 1000 טבליות,יח',1000.00,יח',false,,10.90,0.0109,true,1,54974
7290000518190,false,מתוק וקל סטיביה 100 שקיות,מתוק וקל,,מתוק וקל סטיביה 100,יחידה,0.00,יחידה,false,,29.90,0.0000,true,1,117878
7290000518220,false,סוכרה דיאט ממתיק 100 שקיות,פתח תקווה,IL,סוכרה דיאט 100 שקיות,יחידה,0.00,יחידה,false,,29.90,0.0000,true,1,117879
7290000523125,false,מלח הארץ הים האדום 250 ג' עדין,חברת מלח הארץ אילת ב,IL,מלח הארץ ים יבש 250,גרמים,250.00,100 גרם,false,,7.90,3.1600,true,1,53903
7290000523224,false,מלח הארץ הים האדום 500 ג' עדין,חברת מלח הארץ אילת ב,IL,מלח הארץ ים יבש 500,גרמים,500.00,100 גרם,false,,9.90,1.9800,true,1,53904
7290000523521,false,מלח ים מועשר ביוד 250 ג' מלח הארץ,חברת מלח הארץ אילת ב,IL,מלח הארץ מעושר ביוד,גרמים,250.00,100 גרם,false,,8.70,3.4800,true,1,53906
7290000523804,false,"מלח עדין צנצנת 1 ק""ג מלח הארץ",חברת מלח הארץ אילת ב,IL,מלח הארץ עדין צנצנת,גרמים,1000.00,100 גרם,false,,9.50,0.9500,true,1,71172
7290000525969,false,פרימור סחוט תפוזים טבעי 1ל',"גניר (1992) בע""מ",IL,פרימור תפוזים 1ליטר,מיליליטרים,1000.00,"100 מ""ל",false,,17.90,1.7900,true,1,56416
7290000530598,false,נקניקיות וינר 500 ג' טרי זוגלובק,נקניק נהריה כשר זוגל,IL,נקניקיות וינר גוליבר,גרמים,500.00,100 גרם,false,,16.90,3.3800,true,1,53382
7290000530604,false,נקניקיות וינר חריפות גוליבר 500ג זוגלובק,נקניק נהריה כשר זוגל,,נקניקיות חריפות זוגל,גרמים,400.00,100 גרם,false,,16.90,4.2250,true,1,53383
7290000530703,false,זוג במארז חרמון הודו + סלמי תה זוגלובק 800 גר',נקניק נהריה כשר זוגל,IL,*מבצע* נקניק תה 400ג,גרמים,800.00,100 גרם,false,,27.90,3.4875,true,1,65774
7290000533353,false,"בצק עלים צרפתי 1 ק""ג זוגלובק",מאפיית אריאל וגידרון,IL,בצק עלים זוגלובק 1קג,גרמים,1000.00,100 גרם,false,,15.90,1.5900,true,1,53409
7290000537566,false,נקניקיות עוף טרי 400 ג' זוגלובק,נקניק נהריה כשר זוגל,IL,נקניקיות עוף זוגלובק,גרמים,400.00,100 גרם,false,,15.90,3.9750,true,1,53442
7290000554402,false,מלבי 160גר מחלבות גד,"מיוצר ע""י קוד יצרן E",IL,מלבי 160גר מחלבות גד,גרמים,160.00,100 גרם,false,,6.20,3.8750,true,1,42994
7290000554457,false,גבינה צפתית מיני 5% גד 350ג',"מחלבות גד בע""מ",IL,צפתית 5% 350גר מחלבו,גרמים,350.00,100 גרם,false,,23.90,6.8286,true,1,42995
7290000554532,false,גבינה צפתית מעודנת במלח ים 5% 200 ג' גד,הנסיך- מפעל לייצור ט,IL,צפתית מעודנת במלח ים,גרמים,200.00,100 גרם,false,,15.70,7.8500,true,1,42998
7290000554600,false,מוצרלה מגורדת 18% 300 גרם - רובין,מחלבות גד בעמ,IL,מוצרלה 22% מגורדת 30,גרמים,300.00,100 גרם,false,,28.90,9.6333,true,1,42999
7290000554624,false,ירח מתוק 3% 150 גרם רובין,"מיוצר ע""י קוד יצרן E",IL,ירח מתוק 150גר מחלבו,גרמים,150.00,100 גרם,false,,6.20,4.1333,true,1,43000
7290000554686,false,לאבנה שמן זית וזעתר 5% 250 גרם - רבנות,מחלבות גד בעמ,IL,לאבנה בשמן זית וזעתר,גרמים,250.00,100 גרם,false,,15.90,6.3600,true,1,43001
7290000554822,false,גבינת ריקוטה טבעי 5% שומן 250 ג' גד,מחלבות גד בעמ,IL,*מבצע* ריקוטה טבעי 5,גרמים,250.00,100 גרם,false,,12.00,4.8000,true,1,43002
7290000554839,false,שמנת מתוקה קשה בסגנון איטלקי 40% שומן 250 ג' גד,מחלבות גד בעמ,IL,גבינה מסקרפונה 40% 2,גרמים,250.00,100 גרם,false,,24.90,9.9600,true,1,43003
7290000560533,false,אדג' ג'ל ירוק לעור רגיל 198גרם,אס.סי ג'ונסון ובניו,US,אדג גל גילוח ירוק עם,מיליליטרים,200.00,"100 מ""ל",false,,19.90,9.9500,true,1,48599
7290000560540,false,אדג' ג'ל כתום לעור רגיש 198גרם,המאפיה של הרמן,US,אדג גל גילוח כתום לע,מיליליטרים,200.00,"100 מ""ל",false,,19.90,9.9500,true,1,48600
7290000571232,false,גבינת גאודה טבעית פרוס 30% המחלווה 150ג',גבינות משק אחים מאיר,IL,גבינה גאודה פרוס טבע,גרמים,150.00,100 גרם,false,,25.90,17.2667,true,1,69587
7290000571300,false,גבינת גאודה מעושנת פרוס 200 ג',גבינות משק אחים מאיר,IL,גבינה גאודה מעושנת פ,גרמים,150.00,100 גרם,false,,25.90,17.2667,true,1,74412
7290000571386,false,יוגורט כבשים 850 ג' יוגורמה,גבינות משק אחים מאיר,IL,יוגורמה מחלב כבשים 8,גרמים,850.00,100 גרם,false,,28.70,3.3765,true,1,52943
7290000571393,false,יוגורמה יוגורט כבשים,גבינות משק אחים מאיר,IL,יוגורט כבשים יוגורמה,גרמים,140.00,100 גרם,false,,6.60,4.7143,true,1,52944
7290000571478,false,גבינה עיזים תום פרוס,גבינות משק אחים מאיר,IL,גבינה תום עזים פרוס,גרמים,150.00,100 גרם,false,,39.80,26.5333,true,1,70776
7290000571843,false,יוגורט עיזים יוגורמה,גבינות משק אחים מאיר,IL,יוגורט עיזים יוגורמה,גרמים,140.00,100 גרם,false,,6.70,4.7857,true,1,88184
7290000572222,false,חלבה וניל בבלוק אחווה 500ג',שוורצקוף& הנקל דיסלד,IL,חלבה בבלוק אחווה 500,גרמים,500.00,100 גרם,false,,12.90,2.5800,true,1,44881
7290000572529,false,חלבה פיסטוק מגש אחווה 400ג',אחדות ביחר לטחינה חל,IL,חלבה פיסטוק אחווה 40,גרמים,400.00,100 גרם,false,,14.90,3.7250,true,1,44882
7290000572536,false,חלבה וניל מגש אחווה 400ג'',אחדות ביחר לטחינה חל,IL,חלבה וניל אחווה 400,גרמים,400.00,100 גרם,false,,13.90,3.4750,true,1,44883
7290000572543,false,חלבה שוקו וניל אחווה 400ג',אחדות ביחר לטחינה חל,IL,חלבה קקאו וניל 400 ג,גרמים,400.00,100 גרם,false,,13.90,3.4750,true,1,44884
7290000574011,false,מארז 8 לחמניות חיטה,,,מארז 8 לחמניות חיטה,יח',8.00,יח',false,,11.90,1.4875,true,1,140412
7290000574035,false,לחם אחיד פרוס 750ג' דגנית עין בר,יוניליוור גרמניה Gm,IL,לחם אחיד פרוס 750גרם,גרמים,750.00,100 גרם,false,,7.10,0.9467,true,1,55724
7290000574066,false,לחם מלא פלוס שיפון 750 ג' דגנית עין בר,יוניליוור גרמניה Gm,IL,לחם חיטה מלאה עם שיפ,גרמים,750.00,100 גרם,false,,16.90,2.2533,true,1,85816
7290000574097,false,מארז לחמניות מיוחדות,,,מארז לחמניות מיוחדות,יח',8.00,יח',false,,11.90,1.4875,true,1,140413
7290000574141,false,לחם חיטה מלא 750ג' דגנית עין בר,דגנית עין בר תעשיות,IL,לחם חיטה מלאה 750גר,גרמים,750.00,100 גרם,false,,14.90,1.9867,true,1,55730
7290000574158,false,מארז 8 לחמניות לוסי,,,מארז 8 לחמניות לוסי,יח',8.00,יח',false,,11.90,1.4875,true,1,140414
7290000574172,false,לחם קל מחיטה מלאה 750 ג' דגנית עין בר,יוניליוור גרמניה Gm,IL,לחם קל חיטה מלאה 750,גרמים,750.00,100 גרם,false,,17.90,2.3867,true,1,55732
7290000574189,false,מארז 6 לחמניות קלועו,,,מארז 6 לחמניות קלועו,יח',6.00,יח',false,,11.90,1.9833,true,1,140415
7290000574226,false,לחמניות אצבע דגנית מ,,,לחמניות אצבע דגנית מ,יחידה,0.00,יחידה,false,,11.90,0.0000,true,1,140545
7290000574370,false,דגנית עין ברלחם שיפון אמיתי קל 750ג,יוניליוור גרמניה Gm,IL,לחם שיפון אמיתי קל 5,גרמים,500.00,100 גרם,false,,17.90,3.5800,true,1,72941
7290000574455,false,לחם חיטה מלא פלוס כוסמין 750 ג' דגנית עין בר,דגנית עין בר,IL,לחם חיטה מלאה כוסמין,גרמים,750.00,100 גרם,false,,17.90,2.3867,true,1,88644
7290000599564,false,צמר פלדה 5יח,,,צמר פלדה 5יח,גרמים,200.00,100 גרם,false,,3.90,1.9500,true,1,70419
7290000611099,false,כבד עוף לצליה בלבד,,,כבד עוף לצליה בלבד,קילוגרמים,1.00,"ק""ג",true,,24.90,24.9000,true,1,58424
7290000611181,false,כנפיים עוף טרי,,,כנפיים עוף טרי,קילוגרמים,1.00,"ק""ג",true,,13.90,13.9000,true,1,50665
7290000611242,false,פילה עוף טרי,,,פילה עוף טרי,קילוגרמים,1.00,"ק""ג",true,,49.90,49.9000,true,1,70705
7290000612461,false,כנפיים הודו טרי,,,כנפיים הודו טרי,קילוגרמים,1.00,"ק""ג",true,,18.90,18.9000,true,1,58441
7290000631059,false,כבד עוף לצליה בלבד,,,כבד עוף לצליה בלבד,קילוגרמים,1.00,"ק""ג",true,,24.90,24.9000,true,1,128030
7290000643243,false,שווארמה הודו נקבה טר,,,שווארמה הודו נקבה טר,קילוגרמים,1.00,"ק""ג",true,,74.90,74.9000,true,1,128031
7290000644356,false,גרון הודו נ. טרי,,,גרון הודו נ. טרי,קילוגרמים,1.00,"ק""ג",true,,32.90,32.9000,true,1,58446
7290000644783,false,נתחי פילה סלמון בואק,X MAK,DK,מנות סלמון קפוא תנוב,קילוגרמים,1.00,"ק""ג",true,,94.90,94.9000,true,1,89746
7290000646299,false,פילה נסיכת הנילוס קפ,,ZA,פילה נסיכת הנילוס קפ,קילוגרמים,1.00,"ק""ג",true,,64.90,64.9000,true,1,137894
7290000659312,false,דגי תנובה פילה סלומון קפוא בוואקום,PEQUERA DEL,,פילה סלמון פרמיום קפ,קילוגרמים,1.00,"ק""ג",true,,87.90,87.9000,true,1,89744
7290000679631,false,"ד""ר פישר - קמיל בלו קלאסיק 500 מ""ל","ד""ר פישר Dr fischer",IL,קמיל בלו אל סבון קלא,מיליליטרים,500.00,"100 מ""ל",false,,14.90,2.9800,true,1,109186
7290000688077,false,"מי עדן 0.500 מ""ל פקק רגיל",מופק ממקור בזלתי עדן,IL,מי עדן 500מל,מיליליטרים,500.00,"100 מ""ל",false,,3.90,0.7800,true,1,60947
7290000688084,false,מים מינרליים פקק ספו,מופק ממקור בזלתי עדן,IL,"מי עדן ספורט 500מ""ל",מיליליטרים,500.00,"100 מ""ל",false,,3.90,0.7800,true,1,49485
7290000688381,false,מי עדן פקק ספורט 6*500 מל.,"מי עדן בע""מ",IL,מי עדן ספורט שישייה,מיליליטרים,3000.00,"100 מ""ל",false,,14.90,0.4967,true,1,49490
7290000688503,false,מים מינרליים מי עדן,"מי עדן בע""מ",IL,מי עדן ג'ים שישייה 6,מיליליטרים,4500.00,"100 מ""ל",false,,16.90,0.3756,true,1,49492
7290000692210,false,אג'קס ניקוי כללי לוונדר 2ל',הנסיך- מפעל לייצור ט,GR,אגקס לניקוי כללי לבנ,מיליליטרים,2000.00,"100 מ""ל",false,,25.90,1.2950,true,1,51777
7290000692227,false,נוזל כלים פלמוליב צילינדר קלאסי 1 ליטר,יבואן ומשווק: ש. שסט,GR,פלמוליב לכלים קלאסי,מיליליטרים,1000.00,"100 מ""ל",false,,15.90,1.5900,true,1,51778
7290000805795,false,חול לחתולים יורו קיט,דולפין ספא,IL,חול חתולים 10קג,קילוגרמים,10.00,"ק""ג",false,,37.90,3.7900,true,1,48172
7290000805924,false,מזון חתולים לה קט דג,קריות זול,FR,לה קט דגים 2.85קג,קילוגרמים,2.85,"ק""ג",false,,79.90,28.0351,true,1,48178
7290000932407,false,קוקוס,,,קוקוס,גרמים,1000.00,100 גרם,false,,6.90,0.6900,true,1,114574
7290000991029,false,ערמונים,,,ערמונים,קילוגרמים,1.00,"ק""ג",true,,19.90,19.9000,true,1,114492
7290000992381,false,אפרסמון,,,אפרסמון,קילוגרמים,1.00,"ק""ג",true,,19.90,19.9000,true,1,114493
7290000995410,false,נבטים סיניים נבטי הע,חקלאי,IL,נבטים סיניים נבטי הע,גרמים,1000.00,100 גרם,false,,7.90,0.7900,true,1,43451
7290000998584,false,עגבניה שרי צהוב,,,עגבניה שרי צהוב,קילוגרמים,1.00,"ק""ג",true,,24.90,24.9000,true,1,114853
7290000999104,false,דלעת ערמונים,,,דלעת ערמונים,קילוגרמים,1.00,"ק""ג",true,,14.90,14.9000,true,1,116806
7290000999350,false,תפוז ארוז ברשת,,,תפוז ארוז ברשת,קילוגרמים,1.00,"ק""ג",true,,3.90,3.9000,true,1,114495
7290000999358,false,אשכולית אדומה,,,אשכולית אדומה,קילוגרמים,1.00,"ק""ג",true,,6.90,6.9000,true,1,114584
7290000999361,false,"תפו""ע פינק גולד",,,"תפו""ע פינק גולד",קילוגרמים,1.00,"ק""ג",true,,16.90,16.9000,true,1,114496
7290000999390,false,חציל בלאדי,,,חציל בלאדי,קילוגרמים,1.00,"ק""ג",true,,8.90,8.9000,true,1,128898
7290000999401,false,לוף (קרישה) חתוך,,,לוף (קרישה) חתוך,יחידה,0.00,יחידה,false,,19.90,0.0000,true,1,114547
7290000999600,false,דלעת חתוך ארוז,,,דלעת חתוך ארוז,גרמים,1000.00,100 גרם,false,,18.90,1.8900,true,1,114571
7290000999626,false,ברוקולי ארוז,,,ברוקולי ארוז,גרמים,1000.00,100 גרם,false,,8.90,0.8900,true,1,114657
7290000999668,false,קישוא עגול,,,קישוא עגול,קילוגרמים,1.00,"ק""ג",true,,9.90,9.9000,true,1,114854
7290000999748,false,גינגר תפזורת,,,גינגר תפזורת,קילוגרמים,1.00,"ק""ג",true,,29.90,29.9000,true,1,114646
7290000999752,false,רימון,,,רימון,קילוגרמים,1.00,"ק""ג",true,,12.90,12.9000,true,1,114497
7290000999753,false,קוסבייה(ארטישוק ירוש,,,קוסבייה(ארטישוק ירוש,קילוגרמים,1.00,"ק""ג",true,,16.90,16.9000,true,1,114589
7290000999782,false,עגבניה מגי,,,עגבניה מגי,קילוגרמים,1.00,"ק""ג",true,,18.90,18.9000,true,1,114650
7290000999804,false,מלון מקולף,,,מלון מקולף,יחידה,0.00,יחידה,false,,14.90,0.0000,true,1,114564
7290000999806,false,פומלה מקולפת,,,פומלה מקולפת,יחידה,0.00,יחידה,false,,24.90,0.0000,true,1,114552
7290000999811,false,סברס מקולף,,,סברס מקולף,יחידה,0.00,יחידה,false,,39.90,0.0000,true,1,114565
7290000999818,false,אננס,,,אננס,יחידה,0.00,יחידה,false,,39.90,0.0000,true,1,114591
7290000999819,false,קלמנטינה/מנדרינה.,,,קלמנטינה/מנדרינה,קילוגרמים,1.00,"ק""ג",true,,6.90,6.9000,true,1,114498
7290000999821,false,קיווי,,,קיווי,קילוגרמים,1.00,"ק""ג",true,,19.90,19.9000,true,1,114592
7290000999825,false,עגבניה שרי מנומר,,,עגבניה שרי מנומר,קילוגרמים,1.00,"ק""ג",true,,24.90,24.9000,true,1,114871
7290000999832,false,גויבה,,,גויבה,קילוגרמים,1.00,"ק""ג",true,,24.90,24.9000,true,1,114595
7290000999833,false,ברוקולי,,,ברוקולי,גרמים,1000.00,100 גרם,false,,8.90,0.8900,true,1,114499
7290000999834,false,דלורית,,,דלורית,קילוגרמים,1.00,"ק""ג",true,,6.90,6.9000,true,1,114596
7290000999867,false,רימון מקולף,,,רימון מקולף,יחידה,0.00,יחידה,false,,25.00,0.0000,true,1,114568
7290000999877,false,"תפו""א לאפיה קטן",,,"תפו""א לאפיה קטן",קילוגרמים,1.00,"ק""ג",true,,5.90,5.9000,true,1,114600
7290000999890,false,פלפל שושקה,,,פלפל שושקה,קילוגרמים,1.00,"ק""ג",true,,15.90,15.9000,true,1,114500
7290000999896,false,ענבים אדום,,,ענבים אדום,קילוגרמים,1.00,"ק""ג",true,,24.90,24.9000,true,1,114501
7290000999899,false,קישואים זוקיני,,,קישואים זוקיני,קילוגרמים,1.00,"ק""ג",true,,14.90,14.9000,true,1,114601
7290000999901,false,עגבניה אשכולות,,,עגבניה אשכולות,קילוגרמים,1.00,"ק""ג",true,,8.90,8.9000,true,1,114502
7290000999902,false,עגבניה שרי,,,עגבניה שרי,קילוגרמים,1.00,"ק""ג",true,,15.90,15.9000,true,1,114503
7290000999903,false,מלפפון,,,מלפפון,קילוגרמים,1.00,"ק""ג",true,,7.90,7.9000,true,1,114504
7290000999904,false,פלפל ירוק,,,פלפל ירוק,קילוגרמים,1.00,"ק""ג",true,,9.90,9.9000,true,1,114602
7290000999905,false,פלפל בהיר,,,פלפל בהיר,קילוגרמים,1.00,"ק""ג",true,,9.90,9.9000,true,1,114603
7290000999906,false,פלפל אדום,,,פלפל אדום,קילוגרמים,1.00,"ק""ג",true,,9.90,9.9000,true,1,114505
7290000999907,false,פלפל צהוב,,,פלפל צהוב,קילוגרמים,1.00,"ק""ג",true,,9.90,9.9000,true,1,114604
7290000999908,false,פלפל חריף,,,פלפל חריף,קילוגרמים,1.00,"ק""ג",true,,9.90,9.9000,true,1,114506
7290000999909,false,כרוב לבן,,,כרוב לבן,קילוגרמים,1.00,"ק""ג",true,,3.90,3.9000,true,1,114507
7290000999910,false,כרוב אדום,,,כרוב אדום,קילוגרמים,1.00,"ק""ג",true,,5.90,5.9000,true,1,114605
7290000999911,false,כרובית,,,כרובית,קילוגרמים,1.00,"ק""ג",true,,14.90,14.9000,true,1,114508
7290000999912,false,קישואים,,,קישואים,קילוגרמים,1.00,"ק""ג",true,,8.90,8.9000,true,1,114509
7290000999913,false,חציל,,,חציל,קילוגרמים,1.00,"ק""ג",true,,5.90,5.9000,true,1,114510
7290000999914,false,גזר ארוז,,,גזר ארוז,קילוגרמים,1.00,"ק""ג",true,,5.90,5.9000,true,1,114511
7290000999915,false,צנונית ארוזה,,,צנונית ארוזה,גרמים,1000.00,100 גרם,false,,5.90,0.5900,true,1,114512
7290000999916,false,סלק אדום,,,סלק,קילוגרמים,1.00,"ק""ג",true,,6.90,6.9000,true,1,114534
7290000999917,false,בטטה,,,בטטה,קילוגרמים,1.00,"ק""ג",true,,12.90,12.9000,true,1,114513
7290000999919,false,בצל יבש,,,בצל יבש,קילוגרמים,1.00,"ק""ג",true,,5.90,5.9000,true,1,114607
7290000999920,false,בצל אדום,,,בצל אדום,קילוגרמים,1.00,"ק""ג",true,,7.90,7.9000,true,1,114608
7290000999922,false,חסה עגולה,,,חסה עגולה,גרמים,1000.00,100 גרם,false,,5.90,0.5900,true,1,114633
7290000999924,false,שום יבש,,,שום יבש,גרמים,1000.00,100 גרם,false,,8.90,0.8900,true,1,114609
7290000999925,false,"תפו""א לבן",,,"תפו""א לבן",קילוגרמים,1.00,"ק""ג",true,,5.90,5.9000,true,1,114514
7290000999926,false,"תפו""א אדום",,,"תפו""א אדום",קילוגרמים,1.00,"ק""ג",true,,6.90,6.9000,true,1,114515
7290000999932,false,סלרי ראש,,,סלרי ראש,גרמים,1000.00,100 גרם,false,,5.90,0.5900,true,1,114570
7290000999933,false,סלרי עלים,,,סלרי עלים,יחידה,0.00,יחידה,false,,4.90,0.0000,true,1,131591
7290000999934,false,עגבניה שרי תמר,,,עגבניה שרי תמר,קילוגרמים,1.00,"ק""ג",true,,19.90,19.9000,true,1,114516
7290000999936,false,תירס,,,תירס,קילוגרמים,1.00,"ק""ג",true,,12.90,12.9000,true,1,114517
7290000999938,false,דובדבן,,,דובדבן,קילוגרמים,1.00,"ק""ג",true,,59.90,59.9000,true,1,128907
7290000999942,false,תפו'ע זהוב,,,תפו'ע זהוב,קילוגרמים,1.00,"ק""ג",true,,12.90,12.9000,true,1,114518
7290000999943,false,תפו'ע סמיט,,,תפו'ע סמיט,קילוגרמים,1.00,"ק""ג",true,,12.90,12.9000,true,1,114519
7290000999944,false,תפו'ע חרמון/גלה,,,תפו'ע חרמון/גלה,קילוגרמים,1.00,"ק""ג",true,,12.90,12.9000,true,1,114520
7290000999945,false,אגס,,,אגס,קילוגרמים,1.00,"ק""ג",true,,16.90,16.9000,true,1,114521
7290000999947,false,שזיף אדום,,,שזיף אדום,קילוגרמים,1.00,"ק""ג",true,,24.90,24.9000,true,1,114611
7290000999949,false,בננה,,,בננה,קילוגרמים,1.00,"ק""ג",true,,6.90,6.9000,true,1,114613
7290000999950,false,מלון,,,מלון,קילוגרמים,1.00,"ק""ג",true,,9.90,9.9000,true,1,114614
7290000999952,false,ענבים לבנים,,,ענבים לבנים,קילוגרמים,1.00,"ק""ג",true,,29.90,29.9000,true,1,114522
7290000999953,false,לימון,,,לימון,קילוגרמים,1.00,"ק""ג",true,,9.90,9.9000,true,1,114523
7290000999954,false,מנגו,,,מנגו,קילוגרמים,1.00,"ק""ג",true,,19.90,19.9000,true,1,114616
7290000999955,false,קולורבי,,,קולורבי,קילוגרמים,1.00,"ק""ג",true,,7.90,7.9000,true,1,114530
7290000999956,false,פלפל כתום,,,פלפל כתום,קילוגרמים,1.00,"ק""ג",true,,12.90,12.9000,true,1,114617
7290000999957,false,אבוקדו,,,אבוקדו,קילוגרמים,1.00,"ק""ג",true,,14.90,14.9000,true,1,114524
7290000999959,false,תפו'ע יונתן,,,תפו'ע יונתן,קילוגרמים,1.00,"ק""ג",true,,12.90,12.9000,true,1,114619
7290000999961,false,שומר,,,שומר,קילוגרמים,1.00,"ק""ג",true,,6.90,6.9000,true,1,114525
7290000999967,false,פומלה,,,פומלה,קילוגרמים,1.00,"ק""ג",true,,9.90,9.9000,true,1,114621
7290000999972,false,לפת,,,לפת,קילוגרמים,1.00,"ק""ג",true,,7.90,7.9000,true,1,114623
7290000999974,false,תות שדה,,,תות שדה,יחידה,0.00,יחידה,false,,24.90,0.0000,true,1,114634
7290000999976,false,תפו'ע ענה,,,תפו'ע ענה,קילוגרמים,1.00,"ק""ג",true,,11.90,11.9000,true,1,114624
7290000999977,false,תפוז /לימון סיני,,,תפוז /לימון סיני,קילוגרמים,1.00,"ק""ג",true,,12.90,12.9000,true,1,128909
7290000999978,false,קובו,,,קובו,קילוגרמים,1.00,"ק""ג",true,,24.90,24.9000,true,1,114626
7290000999987,false,אשכולית צהובה,,,אשכולית צהובה,קילוגרמים,1.00,"ק""ג",true,,6.90,6.9000,true,1,114627
7290000999988,false,תפוז,,,תפוז,קילוגרמים,1.00,"ק""ג",true,,7.90,7.9000,true,1,114526
7290000999989,false,ארטישוק,,,ארטישוק,קילוגרמים,1.00,"ק""ג",true,,19.90,19.9000,true,1,114527
7290000999990,false,פומלית,,,פומלית,קילוגרמים,1.00,"ק""ג",true,,5.90,5.9000,true,1,114628
7290000999998,false,שעועית ירוקה/רחבה,,,שעועית ירוקה/רחבה,קילוגרמים,1.00,"ק""ג",true,,28.90,28.9000,true,1,114528
7290000999999,false,צנון,,,צנון,קילוגרמים,1.00,"ק""ג",true,,7.90,7.9000,true,1,114632
7290001009123,false,לחם כוסמין 100% 600,לחמנו,IL,לחם כוסמין 100% 600,גרמים,600.00,100 גרם,false,,15.90,2.6500,true,1,118418
7290001009178,false,לחם שיפון לחמנו 900ג,,,לחם שיפון לחמנו 900ג,גרמים,900.00,100 גרם,false,,15.90,1.7667,true,1,62809
7290001041260,false,שומשום מיה 400 גרם,מיה תעשיות מזון בעמ,IL,שומשום 400 גרם,גרמים,400.00,100 גרם,false,,11.90,2.9750,true,1,127216
7290001050019,false,קמח תפוחי אדמה פירמי,,,"קמח תפו""א פרימיום 50",גרמים,500.00,100 גרם,false,,6.70,1.3400,true,1,123472
7290001121054,false,צמד חמד יחיעם 700 גר,תאי פרזידנט פוד פאבל,IL,צמד חמד יחיעם 700 גר,גרמים,700.00,100 גרם,false,,31.90,4.5571,true,1,43294
7290001121238,false,קורנדביף יחיעם 180גר,מעדני יחיעם 1993,IL,קורנדביף יחיעם 180גר,גרמים,180.00,100 גרם,false,,29.90,16.6111,true,1,63877
7290001121849,false,יחיעם פסטרמה הודו טב,מעדני יחיעם 1993,IL,פסטרמה הודו 100% חומ,גרמים,250.00,100 גרם,false,,28.90,11.5600,true,1,81756
7290001121979,false,סלמי הרץ יחיעם 150 ג,תאי פרזידנט פוד פאבל,IL,סלמי הרץ יחיעם 150 ג,גרמים,150.00,100 גרם,false,,29.90,19.9333,true,1,72694
7290001216040,false,טחינת אל ארז 500 גרם,דולפין ספא,IL,טחינה אל ארז 500גר,גרמים,500.00,100 גרם,false,,17.90,3.5800,true,1,90797
7290001216231,false,טחינה גולמית שומשום מלא אל ארז 500ג',דולפין ספא,IL,טחינה שומשום מלא אל,גרמים,500.00,100 גרם,false,,18.90,3.7800,true,1,90798
7290001230331,false,סיגריות כאמל בוקס חפ,Unknown,,כאמל בוקס,יחידה,0.00,יחידה,false,,32.00,0.0000,false,1,64635
7290001230739,false,כאמל קופסא בודדת כחו,Unknown,,כאמל כחול חפיסה,יחידה,0.00,יחידה,false,,32.00,0.0000,false,1,64636
7290001231932,false,סיגריות וינסטון כחול,Unknown,,וינסטון כחול בוקס,יחידה,0.00,יחידה,false,,34.00,0.0000,false,1,64640
7290001247082,false,נקטר ספרינג עגבניות קרטונית 1 ל',"יפאורה תבורי בע""מ",IL,ספרינג עגבניות קרטונ,מיליליטרים,1000.00,"100 מ""ל",false,,7.90,0.7900,true,1,49509
7290001247099,false,נקטר ספרינג מנגו קרטונית 1 ל',"יפאורה תבורי בע""מ",IL,ספרינג מנגו קרטונית,מיליליטרים,1000.00,"100 מ""ל",false,,7.90,0.7900,true,1,49510
7290001247105,false,נקטר ספרינג אפרסק קרטונית 1 ל',"יפאורה תבורי בע""מ",IL,ספרינג נקטר אפרסק 1,מיליליטרים,1000.00,"100 מ""ל",false,,7.90,0.7900,true,1,49511
7290001247112,false,נקטר ספרינג לימונענע קרטונית 1 ל',"יפאורה תבורי בע""מ",IL,ספרינג לימונענע קרטו,מיליליטרים,1000.00,"100 מ""ל",false,,7.90,0.7900,true,1,49512
7290001247129,false,נקטר ספרינג תפוזים קרטונית 1 ל',"יפאורה תבורי בע""מ",IL,ספרינג תפוז קרטונית,מיליליטרים,1000.00,"100 מ""ל",false,,7.90,0.7900,true,1,49513
7290001247143,false,נקטר ספרינג תפוחים קרטונית 1 ל',"יפאורה תבורי בע""מ",IL,ספרינג תפוח קרטונית,מיליליטרים,1000.00,"100 מ""ל",false,,7.90,0.7900,true,1,49515
7290001265642,false,"מעדני לה קט פטה, שלישיה 3 * 400 ג'",קריות זול,FR,לה קט מולטי פק 3*400,גרמים,1200.00,100 גרם,false,,25.90,2.1583,true,1,48184
7290001274422,false,שלגונים ציפוי בננה מאגדת שמינייה 560 ג',פלדמן,IL,מאגדת שלגונים ציפוי,יח',8.00,יח',false,,23.90,2.9875,true,1,141178
7290001274576,false,גלידל גלידה משפחתית,פלדמן,IL,גלידל גלידה משפחתית,גרמים,450.00,100 גרם,false,,21.90,4.8667,true,1,141206
7290001274583,false,גלידל בטעם שוקו פקאן,פלדמן,IL,גלידל גלידה משפחתית,גרמים,450.00,100 גרם,false,,21.90,4.8667,true,1,141207
7290001274934,false,פופסיקל גלידה לימון 640 ג',הגלידות של פלדמן,IL,גלידל פרי מאגדת בטעם,יח',5.00,יח',false,,24.90,4.9800,true,1,141191
7290001274941,false,פופסיקל גלידה פטל 640 ג',הגלידות של פלדמן,IL,גלידל פרי מאגדת בטעם,יח',8.00,יח',false,,24.90,3.1125,true,1,141192
7290001302279,false,אוסם - במבה קלאסי 60 גרם,מיוצר עי קונדיטוריית,IL,במבה קלאסי כשלפ 60גר,גרמים,60.00,100 גרם,false,,4.70,7.8333,true,1,144956
7290001303870,false,כרעיים עוף טרי ארוז,,,כרעיים עוף טרי ארוז,קילוגרמים,1.00,"ק""ג",true,,33.90,33.9000,true,1,120918
7290001303917,false,כבד עוף טרי ארוז,,,כבד עוף טרי ארוז,קילוגרמים,1.00,"ק""ג",true,,32.90,32.9000,true,1,120922
7290001303931,false,שוקיים עוף טרי ארוז,,,שוקיים עוף טרי ארוז,קילוגרמים,1.00,"ק""ג",true,,37.90,37.9000,true,1,120925
7290001305058,false,"פלמוליב - נטורלס תחליב רחצה חלב ודבש 500 מ""ל",הנסיך- מפעל לייצור ט,TR,פלמוליב תחליב רחצה ס,מיליליטרים,500.00,"100 מ""ל",false,,17.90,3.5800,true,1,51788
7290001327180,false,שטראוס קרמיסימו וניל ציפ 1.33 ליטר,"גלידת שטראוס בע""מ, ר",IL,קרמיסימו וניל ציפ 1.,מיליליטרים,1330.00,"100 מ""ל",false,,22.90,1.7218,true,1,52341
7290001343845,false,"גרנולה פירות 1 ק""ג - 845 - ורוד שקדיה",הנסיך- מפעל לייצור ט,IL,גרנולה מעורבת שקדיה,גרמים,1000.00,100 גרם,false,,19.90,1.9900,true,1,86539
7290001407547,false,טחינה גולמית משומשום מלא פי 6 בארכה 500ג',רושדי תעשיות מזון בע,IL,טחינה משומשום מלא פי,גרמים,500.00,100 גרם,false,,17.90,3.5800,true,1,88291
7290001407769,false,טחינה גולמית שומשום מלא בארכה 500ג',רושדי תעשיות מזון בע,IL,טחינה משומשום מלא בא,גרמים,500.00,100 גרם,false,,17.90,3.5800,true,1,48638
7290001407936,false,בארכה-טחינה גולמית מעודנת בקבוק לחיץ 310 ג',רושדי תעשיות מזון בע,IL,טחינה מעודנת לחיץ בא,גרמים,310.00,100 גרם,false,,14.90,4.8065,true,1,114434
7290001455937,false,אנטריקוט עגל פריים,,,אנטריקוט עגל פריים,קילוגרמים,1.00,"ק""ג",true,,169.00,169.0000,true,1,142299
7290001476208,false,גבינה ברי משולש כבשי,מחלבות גד,IL,ברי פקאן צאן 22% מחל,קילוגרמים,1.00,"ק""ג",true,,139.00,139.0000,true,1,42972
7290001482094,false,גבינה פרמז'נו משולשים ויליפוד 200ג',זנטי אס. אי לאלין,IT,פרמז'נו וילי פוד 200,גרמים,200.00,100 גרם,false,,24.90,12.4500,true,1,82676
7290001548011,false,טחינה ירוקה 250 גרם,מונטה קרלו,IL,טחינה ירוקה 250 גרם,גרמים,250.00,100 גרם,false,,16.90,6.7600,true,1,137787
7290001548035,false,סלט טורקי מונטה קרל,מונטה קרלו,IL,סלט טורקי 250 גרם סל,גרמים,250.00,100 גרם,false,,16.90,6.7600,true,1,137808
7290001548042,false,ביצים גביע 250גר סלט,יושלם,,ביצים גביע 250גר סלט,גרמים,250.00,100 גרם,false,,23.90,9.5600,true,1,138418
7290001548073,false,חציל טבעי שום 250גר,,,חציל טבעי שום 250גר,גרמים,250.00,100 גרם,false,,17.90,7.1600,true,1,137777
7290001548103,false,עלי גפן ממולאים 250,מונטה קרלו,IL,עלי גפן ממולאים 250,גרמים,250.00,100 גרם,false,,22.90,9.1600,true,1,147104
7290001548127,false,חזרת 250 גרם סלטי גן,מונטה קרלו,IL,חזרת 250 גרם סלטי גן,גרמים,250.00,100 גרם,false,,22.90,9.1600,true,1,137954
7290001548134,false,כרוב לבן שום שמיר מו,מונטה קרלו,IL,כרוב לבן שום שמיר 25,גרמים,250.00,100 גרם,false,,16.90,6.7600,true,1,137800
7290001548172,false,סלסה 250 גרם סלטי גן,,,סלסה 250 גרם סלטי גן,גרמים,250.00,100 גרם,false,,16.90,6.7600,true,1,137815
7290001548202,false,סלק רצועות מונטה קר,מונטה קרלו,IL,רצועות סלק גביע 250ג,גרמים,250.00,100 גרם,false,,16.90,6.7600,true,1,138421
7290001548226,false,פטריות ספרדי גביע 25,מונטה קרלו,IL,פטריות ספרדי גביע 25,גרמים,250.00,100 גרם,false,,22.90,9.1600,true,1,140670
7290001548233,false,חציל מחנה יהודה פיקנ,מונטה קרלו,IL,חציל מחנה יהודה פיקנ,גרמים,250.00,100 גרם,false,,17.90,7.1600,true,1,147086
7290001548271,false,כרוב לבן וגזר 250 גר,מונטה קרלו,IL,כרוב לבן וגזר 250 גר,גרמים,250.00,100 גרם,false,,16.90,6.7600,true,1,147102
7290001548288,false,מסבחה פיקנטי מונטה ק,מונטה קרלו,IL,מסבחה פיקנטי 250 גרם,גרמים,250.00,100 גרם,false,,16.90,6.7600,true,1,137785
7290001548295,false,מטבוחה מונטה קרלו 25,מונטה קרלו,IL,מטבוחה 250 גרם סלטי,גרמים,250.00,100 גרם,false,,16.90,6.7600,true,1,137810
7290001548325,false,טונה ירקות מונטה קרל,מונטה קרלו,IL,טונה ירקות 250 גרם,גרמים,250.00,100 גרם,false,,24.90,9.9600,true,1,147091
7290001548332,false,טונה סלרי (אמריקאית),,,טונה סלרי (אמריקאית),גרמים,250.00,100 גרם,false,,24.90,9.9600,true,1,138419
7290001548349,false,"תפו""א במיונז ביתי 25",מונטה קרלו,IL,"תפו""א במיונז ביתי 25",גרמים,250.00,100 גרם,false,,16.90,6.7600,true,1,137797
7290001548370,false,טבולה גביע 250גרם סל,מונטה קרלו,IL,טבולה גביע 250גרם סל,גרמים,250.00,100 גרם,false,,17.90,7.1600,true,1,138420
7290001548387,false,כרוב סיני מונטה קרל,מונטה קרלו,IL,כרוב סיני 250 גרם סל,גרמים,250.00,100 גרם,false,,16.90,6.7600,true,1,137802
7290001548400,false,חומוס זהב מונטה קרלו,מונטה קרלו,IL,חומוס זהב 250 גרם סל,גרמים,250.00,100 גרם,false,,16.90,6.7600,true,1,137786
7290001548462,false,פלפל רצועות חריף 250,מונטה קרלו,,פלפל רצועות חריף 250,גרמים,250.00,100 גרם,false,,23.90,9.5600,true,1,137812
7290001548479,false,חציל במיונז צרפתי גב,,,חציל במיונז צרפתי גב,גרמים,250.00,100 גרם,false,,17.90,7.1600,true,1,138423
7290001548530,false,מסבחה פטרוזיליה מונט,מונטה קרלו,IL,מסבחה פטרוזיליה 250,גרמים,250.00,100 גרם,false,,16.90,6.7600,true,1,137788
7290001548547,false,אריסה חריפה 250 ג סל,,,אריסה חריפה 250 ג סל,גרמים,250.00,100 גרם,false,,16.90,6.7600,true,1,137817
7290001548561,false,גזר חריף בלימון מונט,מונטה קרלו,IL,גזר חריף חי בלימון 2,גרמים,250.00,100 גרם,false,,16.90,6.7600,true,1,137806
7290001548615,false,חציל בטחינה 250 גרם,,,חציל בטחינה 250 גרם,גרמים,250.00,100 גרם,false,,17.90,7.1600,true,1,137778
7290001548622,false,חציל טבעי פקנטי מונט,מונטה קרלו,IL,חציל טבעי פיקנטי 250,גרמים,250.00,100 גרם,false,,17.90,7.1600,true,1,137780
7290001548639,false,חציל מונטה קרלו מונ,מונטה קרלו,IL,חציל מונטה קרלו 250,גרמים,250.00,100 גרם,false,,17.90,7.1600,true,1,137782
7290001548691,false,כרוב אדום במיונז מונ,מונטה קרלו,IL,כרוב אדום במיונז 250,גרמים,250.00,100 גרם,false,,16.90,6.7600,true,1,137803
7290001548738,false,חציל מרוקאי מונטה קר,מונטה קרלו,,חציל מרוקאי 250 גרם,גרמים,250.00,100 גרם,false,,17.90,7.1600,true,1,137783
7290001548752,false,טחינה לבנה מונטה קרל,מונטה קרלו,IL,טחינה לבנה 250 גרם ס,גרמים,250.00,100 גרם,false,,16.90,6.7600,true,1,137792
7290001548776,false,סחוג אדום 250 גרם סל,,,סחוג אדום 250 גרם סל,גרמים,250.00,100 גרם,false,,16.90,6.7600,true,1,137818
7290001548783,false,פלפל אש טוניסאי מונט,מונטה קרלו,IL,פלפל אש טוניסאי 250ג,גרמים,250.00,100 גרם,false,,23.90,9.5600,true,1,137819
7290001548875,false,חמוצים יפניים דלי מו,מונטה קרלו,IL,חמוצים יפנים 450 ג ס,גרמים,450.00,100 גרם,false,,24.90,5.5333,true,1,137805
7290001548950,false,פלפל חריף מונטה גביע,,,פלפל חריף מונטה גביע,גרמים,250.00,100 גרם,false,,22.90,9.1600,true,1,140675
7290001548967,false,חציל תאילנדי צילי 25,קלאס פוד,IL,חציל תאילנדי צ'ילי 2,גרמים,250.00,100 גרם,false,,17.90,7.1600,true,1,137784
7290001548974,false,לימון כבוש טחון 250,,,לימון כבוש טחון 250,גרמים,250.00,100 גרם,false,,22.90,9.1600,true,1,137795
7290001548998,false,סלט חומוס זהב 500 גר,מונטה קרלו,IL,סלט חומוס זהב 500 גר,גרמים,500.00,100 גרם,false,,23.90,4.7800,true,1,147087
7290001567555,false,פסטרמה מעודנת עם דבש 300 ג' יחיעם,,,פסטרמה מעודנת עם דבש,גרמים,300.00,100 גרם,false,,26.90,8.9667,true,1,115393
7290001567760,false,פסטרמה של פעם 300 ג' יחיעם,פ.פ.ח. שאביט,IL,פסטרמה של פעם ללא חו,גרמים,300.00,100 גרם,false,,29.90,9.9667,true,1,91785
7290001567807,false,כתף בקר מעושן 250 ג' יחיעם,פ.פ.ח. שאביט,IL,כתף בקר מעושן ללא חו,גרמים,250.00,100 גרם,false,,34.90,13.9600,true,1,124867
7290001567814,false,סלמי מעושן בסגנון איטלקי 300 ג' יחיעם,פ.פ.ח. שאביט,IL,סלמי מעושן בסגנון אי,גרמים,300.00,100 גרם,false,,27.90,9.3000,true,1,91790
7290001567906,false,פסטרמה מעודנת יחיעם 200 ג',,,פסטרמה מעודנת יחיעם,גרמים,200.00,100 גרם,false,,13.90,6.9500,true,1,124869
7290001567920,false,סלמי תה יחיעם 200 גר,,,סלמי תה יחיעם 200 גר,גרמים,200.00,100 גרם,false,,13.90,6.9500,true,1,124870
7290001567937,false,איטליקי מפולפל 200 ג' יחיעם,,,איטלקי מפולפל יחיעם,גרמים,200.00,100 גרם,false,,13.90,6.9500,true,1,124871
7290001594025,false,"קוקה קולה זכוכית 350 מ""ל",החברה המרכזית לייצור,IL,קוקה קולה קלאסי 350מ,מיליליטרים,350.00,"100 מ""ל",false,,7.50,2.1429,true,1,50861
7290001594568,false,"בירה קרלסברג פחית 500 מ""ל",מבשלות בירה בינלאומי,RO,בירה קרלסברג פחית 50,מיליליטרים,500.00,"100 מ""ל",false,,10.90,2.1800,true,1,50885
7290001594575,false,"בירה טובורג פחית 500 מ""ל",מבשלות בירה בינלאומי,IL,בירה טובורג פחית 500,מיליליטרים,500.00,"100 מ""ל",false,,10.90,2.1800,true,1,50886
7290001594858,false,"בירה טובורג בקבוק 330X6מ""ל",קרלסברג ישראל,IL,בירה טובורג בקבוק שי,מיליליטרים,1980.00,"100 מ""ל",false,,45.90,2.3182,true,1,50893
7290001594865,false,"קרלסברג בירה בקבוק 6* 330 מ""ל",קרלסברג ישראל,IL,בירה קרלסברג שישייה,מיליליטרים,1980.00,"100 מ""ל",false,,44.90,2.2677,true,1,50894
7290001598085,false,"לחם קסטן משפחתי 1 ק""ג הברון",מאפיית יוסף ברון,,לחם משפחתי 1.1 קג,גרמים,1100.00,100 גרם,false,,16.90,1.5364,true,1,142602
7290001598122,false,"לחם קל מקמח שיפון מלא, 550 גרם",קונדיטוריית ברון,,לחם מיוחד 550 גרם,גרמים,550.00,100 גרם,false,,13.90,2.5273,true,1,142601
7290001598276,false,"לחם 7 דגנים קל מקמח חיטה מלא ללא שמרים 1.1 ק""ג הברון",מאפיית יוסף ברון,,"לחם 7 דגנים 1.1 ק""ג",גרמים,1100.00,100 גרם,false,,16.90,1.5364,true,1,142606
7290001598528,false,לחם כוסמין 100% 450ג' הברון,מאפיית יוסף ברון בעמ,,לחם כוסמין 450 גרם,גרמים,450.00,100 גרם,false,,16.90,3.7556,true,1,142607
7290001598580,false,פיתה כוסמין 100% 375ג' הברון,מאפיית יוסף ברון בעמ,,פיתות 6 יח כוסמין 37,גרמים,372.00,100 גרם,false,,16.90,4.5430,true,1,142609
7290001670842,false,מלית חלווה פוליבה 400 ג',"פוליבה בע""מ",IL,מלית חלבה 400 גר,גרמים,400.00,100 גרם,false,,13.90,3.4750,true,1,67095
7290001714034,false,שריר עגל,,,שריר עגל,קילוגרמים,1.00,"ק""ג",true,,79.90,79.9000,true,1,89048
7290001714058,false,אנטריקוט עגל פריים,,,אנטריקוט עגל פריים,קילוגרמים,1.00,"ק""ג",true,,169.00,169.0000,true,1,89049
7290001714072,false,צלעות עגל,,,צלעות עגל,קילוגרמים,1.00,"ק""ג",true,,79.90,79.9000,true,1,89050
7290001714089,false,צוואר עגל,,,צוואר עגל,קילוגרמים,1.00,"ק""ג",true,,79.90,79.9000,true,1,89051
7290001714096,false,חזה עגל,,,חזה עגל,קילוגרמים,1.00,"ק""ג",true,,79.90,79.9000,true,1,126634
7290001780428,false,מאגדת גלידת לייט שוקולד נסטלה 6יח' 312ג',גלידות נסטלה (נגה גל,IL,מאגדת לייט שלגוני שו,גרמים,312.00,100 גרם,false,,29.90,9.5833,true,1,50507
7290001865439,false,פמלי לקשרי 1ליטר וניל טהור +משאבה,אף.סי תבליני בגליל ב,IL,פמלי סבון נוזלי וניל,מיליליטרים,1000.00,"100 מ""ל",false,,14.90,1.4900,true,1,48648
7290001865453,false,פמלי לקשרי 1ליטר לבנדר ארומטי+משאבה,מיוצר עי קונדיטוריית,TR,פמלי סבון נוזלי לבנד,מיליליטרים,1000.00,"100 מ""ל",false,,14.90,1.4900,true,1,48649
7290001873052,false,צלי כתף עגל,,,צלי כתף עגל,קילוגרמים,1.00,"ק""ג",true,,89.90,89.9000,true,1,141106
7290001881040,false,מלפפון ביבי במלח 600,,,מלפפון ביבי במלח 600,גרמים,600.00,100 גרם,false,,29.90,4.9833,true,1,144090
7290001881095,false,עגבניות שרי יחידה 60,,,עגבניות שרי יחידה 60,גרמים,600.00,100 גרם,false,,29.90,4.9833,true,1,144091
7290001881224,false,קוביות אננס מאמא מרי,מאמא מרי,IL,אננס קפוא 300גר,גרמים,300.00,100 גרם,false,,15.90,5.3000,true,1,126499
7290001881873,false,"מאמא מרי כרוב עם חמוציות 1 ק""ג",,,כרוב עם חמוציות מאמא,גרמים,1000.00,100 גרם,false,,19.90,1.9900,true,1,81701
7290001893838,false,לברק נקי טרי,,,לברק נקי טרי,קילוגרמים,1.00,"ק""ג",true,,69.90,69.9000,true,1,126522
7290001990148,false,"סוכר גולדן קלאסי צנצנת 1ק""ג סוגת",האי נאם סי או אל.טי.,IL,סוכר גולדן קלאסי בצנ,גרמים,1000.00,100 גרם,false,,14.90,1.4900,true,1,54577
7290002026341,false,בטטה צ'יפס רגיל אריסטו קראנץ 500 ג',האי נאם סי או אל.טי.,CA,צ'יפס אריסטו רגיל 50,גרמים,500.00,100 גרם,false,,19.90,3.9800,true,1,122010
7290002026358,false,צ'יפס בטטה זיגזג אריסטו 500ג',האי נאם סי או אל.טי.,CA,צ'יפס בטטה זיג זג 50,גרמים,500.00,100 גרם,false,,19.90,3.9800,true,1,122011
7290002026365,false,טבעות בצל אריסטו קראנץ 500 ג',היידי שוקולד בירונטי,IL,טבעות בצל 500גר,גרמים,500.00,100 גרם,false,,12.90,2.5800,true,1,114239
7290002026440,false,פרצלס בייגלה בראנץ אנד קראנץ 280 ג',מוצרי איכות אמריקאיי,IL,פרצלס קפוא 280גר,גרמים,280.00,100 גרם,false,,14.90,5.3214,true,1,84093
7290002026587,false,וופל בלגי פרווה בראנץ אנד קראנץ 8 יח',בראנץ' אנד קראנץ Brunch& Crunch,BE,וופל בלגי קפוא 8יח ב,גרמים,280.00,100 גרם,false,,14.90,5.3214,true,1,138331
7290002026891,false,"מאגדת קוקי מיקס בן וג'ירי 4*100 מ""ל",,,בן&גריס מאגדת קוקי מ,מיליליטרים,400.00,"100 מ""ל",false,,24.90,6.2250,true,1,120012
7290002026914,false,גלידה בן&ג'ריס אישית קלאסיק מיקס שוקולד ווניל מארז 100X4ג',מוצרי איכות אמריקאיי,IL,בן&גריס מאגדת קלאסיק,מיליליטרים,400.00,"100 מ""ל",false,,24.90,6.2250,true,1,120013
7290002037040,false,חלה קלה וודש 500 גרם,מאפית י את א ברמן בע,IL,חלה פלוב ודש 500 גרם,גרמים,500.00,100 גרם,false,,17.90,3.5800,true,1,70037
7290002037057,false,לחם פרוס ודש 500 גרם,מאפית י את א ברמן בע,IL,לחם לבן פרוס 500גר,גרמים,500.00,100 גרם,false,,6.10,1.2200,true,1,105308
7290002037125,false,חלה פרוסה וודש 500גר,מאפית י את א ברמן בע,IL,חלה פרוסה וודש 500גר,גרמים,500.00,100 גרם,false,,10.90,2.1800,true,1,70039
7290002037163,false,**לחם אחיד פרוס וודש 750 גרם,מאפיית ודש,IL,לחם אחיד פרוס 750גר,גרמים,750.00,100 גרם,false,,7.91,1.0547,true,1,105309
7290002037637,false,חליות מתוקות מארז 4יח',מאפית י את א ברמן בע,IL,חליות מתוקות 4יח,גרמים,400.00,100 גרם,false,,13.90,3.4750,true,1,70046
7290002037651,false,חלה מתוקה ברמן,,,חלה מתוקה ברמן,גרמים,500.00,100 גרם,false,,8.90,1.7800,true,1,142576
7290002053538,false,נודלס בסגנון תאילנדי 25% תוספת 400 ג',,,נודלס תאילנדי 400גר+,יחידה,0.00,יחידה,false,,19.90,0.0000,true,1,102043
7290002079590,false,חלה רגילה 500 גרם,מאפיית דוידוביץ,,חלה רגילה 500גר,גרמים,500.00,100 גרם,false,,6.26,1.2520,true,1,126288
7290002079606,false,חלה רגילה 500גר,,,חלה רגילה 500גר,גרמים,500.00,100 גרם,false,,6.26,1.2520,true,1,126289
7290002107385,false,גבינת מה עיזים בגליל צוריאל 180 ג',מחלבת משק צוריאל,IL,גליל גבינת עיזים צור,גרמים,180.00,100 גרם,false,,25.90,14.3889,true,1,50911
7290002107491,false,גבינת עזים למריחה טבעי 5% צוריאל 250 ג',מחלבת משק צוריאל,IL,גבינת עזים למריחה טב,גרמים,250.00,100 גרם,false,,17.90,7.1600,true,1,50916
7290002107798,false,גבינה בולגרית מעודנת 5% צוריאל 250ג',מחלבת משק צוריאל,IL,בולגרית מעודנת 5% בג,גרמים,250.00,100 גרם,false,,25.40,10.1600,true,1,50923
7290002107965,false,טבורוג גבינה לאפייה 5% צוריאל 500 ג',מחלבת משק צוריאל,IL,גבינה טבורוג לאפייה,גרמים,500.00,100 גרם,false,,28.90,5.7800,true,1,50930
7290002128083,false,נרות חנוכה רגיל 44יח-מנורה,,,נרות חנוכה רגיל 44 י,יחידה,0.00,יחידה,false,,3.90,0.0000,true,1,44078
7290002128205,false,נרות לא נוטפים 45יח-מנורה,,,נרות חנוכה דה-לוקס ב,יחידה,0.00,יחידה,false,,6.90,0.0000,true,1,44081
7290002128403,false,נרות שבת אורה מספר 4,קריות זול,IL,נרות שבת מס 4,יחידה,0.00,יחידה,false,,3.90,0.0000,true,1,44088
7290002128410,false,נרות שולחן 6 יח,קריות זול,,נרות שולחן 6 יח,יח',6.00,יח',false,,3.90,0.6500,true,1,44089
7290002128434,false,נרות שבת אורה מספר 1,קריות זול,IL,נרות שולחן 10 יח,יח',10.00,יח',false,,3.90,0.3900,true,1,44091
7290002128762,false,נר נשמה בכוס 72 שעות - מנורה,מנורה,IL,נר נשמה בכוס 72 שעות,יחידה,0.00,יחידה,false,,6.90,0.0000,true,1,44100
7290002130581,false,דבש טהור מפרחי בר בצ,קריות זול,IL,דבש טהור מפרחי בר בז,גרמים,1000.00,100 גרם,false,,47.90,4.7900,true,1,56450
7290002132011,false,עוגיות מזרחיות 400 ג' עבאדי,מאפיית יוסף ושמחה עב,IL,עוגיות עבאדי מזרחיות,גרמים,400.00,100 גרם,false,,19.90,4.9750,true,1,53922
7290002153801,false,אובלטים שומשום 300 גר,,,אובלטים שומשום 300 ג,גרמים,300.00,100 גרם,false,,10.90,3.6333,true,1,122030
7290002153825,false,אובלטים מלוחים 300 גר,,,אובלטים מלוחים 300 ג,גרמים,300.00,100 גרם,false,,10.90,3.6333,true,1,122031
7290002153887,false,אובלטים מלוחים 300 גר,,,אובלטים קימל 300גר,גרמים,300.00,100 גרם,false,,10.90,3.6333,true,1,122032
7290002195078,false,קבב כבש בלדי קפוא 400 ג',,,בלדי קבב כבש 400גר,גרמים,400.00,100 גרם,false,,15.90,3.9750,true,1,63838
7290002211044,false,"סולת - חום רוט 1 ק""ג",,,"סולת 1ק""ג",גרמים,1000.00,100 גרם,false,,6.90,0.6900,true,1,58278
7290002211112,false,קמח רוט כחול לבן 1קג,,,קמח רוט כחול לבן 1קג,גרמים,1000.00,100 גרם,false,,6.90,0.6900,true,1,115567
7290002211297,false,קמח חיטה לבן בהיר מנ,,,קמח חיטה לבן בהיר מנ,גרמים,1000.00,100 גרם,false,,7.90,0.7900,true,1,146081
7290002211501,false,קמח תופח מנופה טחנת,,,קמח תופח מנופה טחנת,גרמים,1000.00,100 גרם,false,,7.90,0.7900,true,1,146084
7290002211518,false,קמח חיטה לבן מנופה ט,,,קמח חיטה לבן מנופה ט,גרמים,1000.00,100 גרם,false,,7.90,0.7900,true,1,146082
7290002211525,false,קמח חיטה 80% מנופה ט,,,קמח חיטה 80% מנופה ט,גרמים,1000.00,100 גרם,false,,7.90,0.7900,true,1,146083
7290002253006,false,דורות שום כתוש טרי 200 גרם,עיצובים 2020 (3.8),IL,שום כתוש דורות 200גר,גרמים,200.00,100 גרם,false,,19.90,9.9500,true,1,46726
7290002253105,false,מגשית קוביות שום טרי דורות 80 ג',עיצובים 2020 (3.8),IL,קוביות שום דורות 80ג,גרמים,80.00,100 גרם,false,,13.90,17.3750,true,1,46729
7290002253150,false,בזיליקום טרי קצוץ דורות 70 ג',עיצובים 2020 (3.8),IL,קוביות בזיליקום קצוץ,גרמים,70.00,100 גרם,false,,13.90,19.8571,true,1,46730
7290002253167,false,פטרוזליה קצוצה דורות 70 גר',עיצובים 2020 (3.8),IL,פטרוזליה קצוצה דורות,גרמים,70.00,100 גרם,false,,13.90,19.8571,true,1,46731
7290002253181,false,כוסברה טריה קצוצה 70 ג' דורות,עיצובים 2020 (3.8),IL,כוסברה קצוצה דורות 7,גרמים,70.00,100 גרם,false,,13.90,19.8571,true,1,46733
7290002253198,false,ג'ינג'ר טרי כתוש במגשית 70 ג' דורות,עיצובים 2020 (3.8),IL,גינגר כתוש במגשית דו,גרמים,70.00,100 גרם,false,,13.90,19.8571,true,1,46734
7290002255055,false,פלאפל חטיפי אלקיים 7,חטיפי אלקיים בעמ,IL,"פלאפל בד""צ 700גר",גרמים,700.00,100 גרם,false,,15.90,2.2714,true,1,66986
7290002255215,false,"עלי סיגר מרובע בד""צ",חטיפי אלקיים בעמ,IL,"עלי סיגר מרובע בד""צ",גרמים,500.00,100 גרם,false,,11.90,2.3800,true,1,66993
7290002259664,false,רדיד אלומיניום דיימונד גדול 60X0.60מ',ריינולדס מוצרי צריכה,US,רדיד אלומניום 30*61,מטרים,60.00,מטר,false,,54.90,0.9150,true,1,58808
7290002291046,false,המבורגר מסעדות קצבייה 4 יח'-480 ג',יוליניבר,IL,המבורגר מסעדות קצביי,גרמים,480.00,100 גרם,false,,26.90,5.6042,true,1,72539
7290002319016,false,אבקת אפיה מיה מארז 10X10 ג',מיה תעשיות מזון בעמ,IL,אבקת אפיה 10*10גרם,גרמים,100.00,100 גרם,false,,2.50,2.5000,true,1,108327
7290002319023,false,סוכר וניל מיה עשיריו,מיה תעשיות מזון בעמ,IL,סוכר וניל מיה 10*10ג,גרמים,100.00,100 גרם,false,,2.50,2.5000,true,1,108328
7290002319061,false,קוקוס טחון מיה 100 ג,מיה,IL,קוקוס טחון מיה 100 ג,גרמים,100.00,100 גרם,false,,4.90,4.9000,true,1,127221
7290002319191,false,עדשים ירוקים יבשים מיה 500 גר',מיה,IL,עדשים ירוקות 500 גר,גרמים,500.00,100 גרם,false,,9.90,1.9800,true,1,127231
7290002319375,false,"קורנפלור 200 ג' בד""ץ מיה",מיה תעשיות מזון,IL,קורנפלור 200 גרם,גרמים,200.00,100 גרם,false,,3.90,1.9500,true,1,108343
7290002319528,false,קמח מצה מיה 200 גרם,מיה תעשיות מזון,IL,קמח מצה 200גר,גרמים,200.00,100 גרם,false,,3.50,1.7500,true,1,87062
7290002319771,false,"תמצית אפיה וניל 50מ""ל מיה",מיה תעשיות מזון בעמ,IL,"תמצית אפיה וניל 50מ""",מיליליטרים,50.00,"100 מ""ל",false,,3.70,7.4000,true,1,108347
7290002319788,false,"תמצית אפיה רום 50 מ""ל מיה",מיה תעשיות מזון,IL,תמצית אפיה בטעם רום,מיליליטרים,50.00,"100 מ""ל",false,,3.70,7.4000,true,1,127234
7290002319825,false,אבקת סוכר מיה 100גרם,מיה תעשיות מזון,IL,אבקת סוכר מיה 100גרם,גרמים,100.00,100 גרם,false,,2.50,2.5000,true,1,108350
7290002331018,false,"נביעות מים עם פקק ספורט 500מ""ל",נביעות טבע הגליל בעמ,IL,נביעות 500מל,מיליליטרים,500.00,"100 מ""ל",false,,2.90,0.5800,true,1,50932
7290002331094,false,"נביעות+ מים טעם ענבים 755מ""ל",נביעות טבע הגליל בעמ,IL,"נביעות 755 מ""ל טו גו",מיליליטרים,755.00,"100 מ""ל",false,,3.90,0.5166,true,1,50934
7290002331360,false,"נביעות מים מינרליים טו גו מארז 500X6מ""ל",קריות זול,IL,נביעות טו גו שישייה,מיליליטרים,3000.00,"100 מ""ל",false,,16.90,0.5633,true,1,50943
7290002331490,false,מים מינרלים נביעות 1 ליטר,נביעות טבע הגליל בעמ,IL,נביעות 1 ליטר,מיליליטרים,1000.00,"100 מ""ל",false,,4.00,0.4000,true,1,85232
7290002336686,false,אסאדו עע,,,אסאדו עע,קילוגרמים,1.00,"ק""ג",true,,79.90,79.9000,true,1,137668
7290002345886,false,צלי כתף עגל,,,צלי כתף עגל,קילוגרמים,1.00,"ק""ג",true,,89.90,89.9000,true,1,141107
7290002360285,false,תה פומפדור חליטת צמחים קמומיל 20 שק,TEEKANNE- POMPADOU,DE,חליטת תה פומפדור קמו,גרמים,30.00,100 גרם,false,,15.90,53.0000,true,1,51805
7290002371533,false,דקניקים סלסולי פסטרמה בדבש 120 ג' טירת צבי,הנסיך- מפעל לייצור ט,IL,סלסולי פסטרמה בדבש ט,גרמים,120.00,100 גרם,false,,15.90,13.2500,true,1,113753
7290002374268,false,שמן חמניות מילומור 1 ליטר,שמן תעשיות,IL,שמן חמניות מילומור 1,מיליליטרים,1000.00,"100 מ""ל",false,,11.90,1.1900,true,1,139731
7290002374640,false,שמן קנולה פלוס אומגה 3 1ל' עץ הזית,שמן תעשיות,IL,שמן קנולה פלוס אומגה,מיליליטרים,1000.00,"100 מ""ל",false,,18.90,1.8900,true,1,86784
7290002407034,false,"זית סורי מבוקע ג""השא",ג'השאן,IL,זית סורי מבוקע 800גר,גרמים,800.00,100 גרם,false,,19.90,2.4875,true,1,48186
7290002407102,false,זית סנטה גדול ג'השאן 800 ג',ג'השאן,IL,זית סנטה 800גר,גרמים,800.00,100 גרם,false,,19.90,2.4875,true,1,68331
7290002407348,false,"שמן זית כתית מעולה 750 מ""ל ג'השאן",,,שמן זית ג'השאן כתית,מיליליטרים,750.00,"100 מ""ל",false,,29.90,3.9867,true,1,121410
7290002409014,false,ציפור השרון גחנון אפוי 600גר,ציפור השרון,,גחנון אפוי ציפור השר,גרמים,600.00,100 גרם,false,,21.90,3.6500,true,1,59469
7290002409076,false,ציפור השרון גחנון בצק 800גר,ציפור השרון,,גחנון בצק ציפור השרו,גרמים,800.00,100 גרם,false,,16.90,2.1125,true,1,59473
7290002409120,false,קונכיות בצק 800גר,,,קונכיות בצק 800גר,גרמים,800.00,100 גרם,false,,21.90,2.7375,true,1,73552
7290002409175,false,"בצק עלים צרפתי צפ.השרון 1 ק""ג",ציפור השרון,,בצק עלים 1קג,גרמים,1000.00,100 גרם,false,,16.90,1.6900,true,1,59474
7290002409274,false,מלוואח ציפור השרון 5 יחי',,,מלווח ציפור השרון 80,גרמים,800.00,100 גרם,false,,16.90,2.1125,true,1,143727
7290002447481,false,צ'אך עגל טרי,,,צ'אך עגל,קילוגרמים,1.00,"ק""ג",true,,99.90,99.9000,true,1,66927
7290002447498,false,ויסבראטן עגל טרי,,,ויסבראטן עגל,קילוגרמים,1.00,"ק""ג",true,,99.90,99.9000,true,1,66928
7290002447528,false,אווזית עגל,,,אווזית עגל,קילוגרמים,1.00,"ק""ג",true,,99.90,99.9000,true,1,66929
7290002447559,false,סינטה עגל,,,סינטה עגל,קילוגרמים,1.00,"ק""ג",true,,139.90,139.9000,true,1,66930
7290002447573,false,שייטל עגל טרי,,,שייטל עגל,קילוגרמים,1.00,"ק""ג",true,,99.90,99.9000,true,1,66931
7290002447580,false,פילה עגל מיניון,,,פילה עגל מיניון,קילוגרמים,1.00,"ק""ג",true,,250.00,250.0000,true,1,60555
7290002447610,false,פיקניה (שפיץ צ'אך) ע,,,פיקניה (שפיץ צ'אך) ע,קילוגרמים,1.00,"ק""ג",true,,99.90,99.9000,true,1,141166
7290002447979,false,כף עגל,,,כף עגל,קילוגרמים,1.00,"ק""ג",true,,99.90,99.9000,true,1,88923
7290002479352,false,דבש עמק חפר 350גרם,מכוורת עמק חפר,,דבש עמק חפר 350גרם,גרמים,350.00,100 גרם,false,,16.90,4.8286,true,1,126180
7290002512004,false,מלוואח צנעני 900 גרם,צנעני,IL,מלווח צנעני 900גר,גרמים,900.00,100 גרם,false,,19.90,2.2111,true,1,129765
7290002512011,false,צנעני גחנון 900 גרם,צנעני,IL,גחנון בצק 900גר,גרמים,900.00,100 גרם,false,,19.90,2.2111,true,1,129760
7290002512035,false,"בצק עלים צנעני 1 ק""ג",צנעני,IL,בצק עלים צנעני 1קג,גרמים,1000.00,100 גרם,false,,19.90,1.9900,true,1,129766
7290002512257,false,מלווח מופחת שמן צנענ,צנעני,IL,מלווח מופחת שמן צנענ,יחידה,0.00,יחידה,false,,19.90,0.0000,true,1,129761
7290002512264,false,ג'חנון מופחת שומן רו,צנעני,IL,גחנון מופחת שומן 700,גרמים,700.00,100 גרם,false,,19.90,2.8429,true,1,129762
7290002515371,false,קמיל בלו אל סבון מעושר בלחות 1 ל',הדקלאים אגודת שיתופי,IL,קמיל בלו קלאסיק 1 לי,מיליליטרים,1000.00,"100 מ""ל",false,,29.90,2.9900,true,1,109192
7290002517269,false,תבלין פלפל שחור שלם 35ג',תות ממתקי איכות,IL,פלפל שחור שלם 35גר,גרמים,35.00,100 גרם,false,,11.90,34.0000,true,1,86831
7290002517276,false,תבלין פלפל אנגלי שלם 25ג',תות ממתקי איכות,IL,פלפל אנגלי שלם 25גר,גרמים,25.00,100 גרם,false,,8.50,34.0000,true,1,68629
7290002517337,false,תבלין אורגנו עלים 20 גר',תות ממתקי איכות,IL,אורגנו עלים 20גר,גרמים,20.00,100 גרם,false,,7.90,39.5000,true,1,68644
7290002517603,false,תבלין בזיליקום מיכל 10ג',תות ממתקי איכות,IL,בזיליקום 10גר,גרמים,10.00,100 גרם,false,,7.90,79.0000,true,1,68624
7290002517689,false,תבלין קרי 40 גרם מיכל קטן,תות ממתקי איכות,IL,תבלינ קרי אבקה 40גר,גרמים,40.00,100 גרם,false,,7.90,19.7500,true,1,68638
7290002517801,false,תבלין צ'ילי כתוש - חריף (פלפל קיינה) 30 ג',תות ממתקי איכות,IL,צילי כתוש 30גר,גרמים,30.00,100 גרם,false,,7.90,26.3333,true,1,68641
7290002542506,false,"בירה קורונה בקבוק 355מ""ל",קריניציה ויטמינה אס,MX,בירה קורונה 355 מל ב,מיליליטרים,355.00,"100 מ""ל",false,,7.90,2.2254,true,1,91345
7290002542780,false,"שישיית בירה סטלה ארטואה 330 מ""ל*6",סטלה ארטואה Stella Artois,BE,בירה סטלה ארטואה 6*3,מיליליטרים,1980.00,"100 מ""ל",false,,34.90,1.7626,true,1,147372
7290002560227,false,אשפתון גופיה 75/90 2,קריות זול,,אשפתון גופיה 75/90 2,יחידה,0.00,יחידה,false,,10.90,0.0000,true,1,120185
7290002627302,false,צלי כתף עגל,,,צלי כתף עגל,קילוגרמים,1.00,"ק""ג",true,,89.90,89.9000,true,1,141108
7290002627364,false,אנטריקוט עגל פריים,,,אנטריקוט עגל פריים,קילוגרמים,1.00,"ק""ג",true,,169.00,169.0000,true,1,137645
7290002627371,false,צלעות עגל,,,צלעות עגל,קילוגרמים,1.00,"ק""ג",true,,79.90,79.9000,true,1,137652
7290002627388,false,חזה עגל,,,חזה עגל,קילוגרמים,1.00,"ק""ג",true,,79.90,79.9000,true,1,137653
7290002627401,false,צלי כתף עגל,,,צלי כתף עגל,קילוגרמים,1.00,"ק""ג",true,,89.90,89.9000,true,1,137663
7290002627432,false,צוואר עגל,,,צוואר עגל,קילוגרמים,1.00,"ק""ג",true,,79.90,79.9000,true,1,137665
7290002627487,false,חזה עגל,,,חזה עגל,קילוגרמים,1.00,"ק""ג",true,,79.90,79.9000,true,1,137666
7290002661153,false,"לחם דני קל ברמן 1 ק""",מאפית י את א ברמן בע,IL,לחם דני קל 1 קג,גרמים,1000.00,100 גרם,false,,18.90,1.8900,true,1,61137
7290002692393,false,שמן קנולה מועשר עץ ה,שמן תעשיות,IL,שמן קנולה מועשר עץ ה,מיליליטרים,1000.00,"100 מ""ל",false,,17.90,1.7900,true,1,58324
7290002692478,false,"שמן זית כתית מעולה קלאסי מעודן 750 מ""ל עץ הזית","מרקאולאו, ספרד.אבסה,",IT,שמן זית כתית מעולה ע,מיליליטרים,750.00,"100 מ""ל",false,,34.90,4.6533,true,1,58328
7290002692768,false,"תרסיס קנולה מופחת קלוריות 200 מ""ל עץ הזית",טרנסומס פוד איי בי,IT,תרסיס שמן קנולה מופח,מיליליטרים,200.00,"100 מ""ל",false,,18.90,9.4500,true,1,58332
7290002692775,false,"תרסיס שמן קנולה בטעם חמאה 200 מ""ל עץ הזית",,,תרסיס שמן קנולה בטעם,מיליליטרים,200.00,"100 מ""ל",false,,18.90,9.4500,true,1,122954
7290002692782,false,"תרסיס מופחת קלוריות זית 200 מ""ל עץ הזית",י.ב טכנולוגיות אריזה,IL,תרסיס שמן זית עץ הזי,מיליליטרים,200.00,"100 מ""ל",false,,18.90,9.4500,true,1,58334
7290002730262,false,פלמוליב כלים שקוף קלאסי 750 בקבוק חדש,יבואן ומשווק: ש. שסט,GR,פלמוליב נוזל לכלים ק,מיליליטרים,750.00,"100 מ""ל",false,,11.90,1.5867,true,1,51829
7290002730538,false,בלונס פדים להסרת איפור 80 יח',הנסיך- מפעל לייצור ט,GR,פדים להסרת איפור בלו,יחידה,0.00,יחידה,false,,10.90,0.0000,true,1,51833
7290002735021,false,ינון גחנון ארוז 750גר,ג'נרל מילס סאן אדריא,IL,גחנון ארוז ינון 750ג,גרמים,750.00,100 גרם,false,,15.90,2.1200,true,1,42904
7290002752332,false,"סוכריות מנטוס פירות בגליל, 37.5 גרם",הדקלאים אגודת שיתופי,NL,מנטוס גליל פירות בוד,גרמים,37.50,100 גרם,false,,4.00,10.6667,true,1,54446
7290002752349,false,סוכריות מנטוס מנטה 40יח' בגליל 38ג',פרפטי ואן מלה,NL,מנטוס גליל מנטה בודד,גרמים,37.50,100 גרם,false,,4.00,10.6667,true,1,54447
7290002752493,false,רביעיה סוכריות מנטה 4* 16 ג' טיק טק,קריות זול,ZA,טיקטק מנטה רביעייה 4,גרמים,64.00,100 גרם,false,,11.90,18.5938,true,1,54448
7290002753223,false,רביעייה סוכריות תפוז 4*16 ג' טיק טק,קריות זול,ZA,טיקטק תפוז רביעייה 4,גרמים,64.00,100 גרם,false,,11.90,18.5938,true,1,54449
7290002753995,false,ערכת קישוטי עוגה 150 גר',היינץ צפון אמריקה מק,DE,ערכת קישוטי עוגה 150,גרמים,150.00,100 גרם,false,,19.50,13.0000,true,1,54454
7290002768074,false,דרמופון - סבון נוזלי 1 ליטר,טרופיקל דגיל תעשיות,IL,דרמופון סבון ללא סבו,מיליליטרים,1000.00,"100 מ""ל",false,,19.90,1.9900,true,1,55952
7290002768159,false,"בת אורן סבון קצף לאמבט 500 מ""ל",פארק תעשיות עמק חפרמ,IL,קצף אמבט בת אורן 500,מיליליטרים,500.00,"100 מ""ל",false,,19.90,3.9800,true,1,55953
7290002769316,false,עוגת קראנץ 500 גרם,,,עוגת קראנץ 500 גרם,גרמים,500.00,100 גרם,false,,18.90,3.7800,true,1,131062
7290002769392,false,עוגיות אדל עבודת יד 300 גר',,,עוגיות פרימיום מיוחד,גרמים,250.00,100 גרם,false,,23.90,9.5600,true,1,124672
7290002769514,false,עוגיות מובחרות 350 ג,,,עוגיות מובחרות 350 ג,גרמים,350.00,100 גרם,false,,13.90,3.9714,true,1,138736
7290002769675,false,מאפינס ללא סוכר 450 גר,אחווה,,מאפינס ללא סוכר 450,גרמים,450.00,100 גרם,false,,18.90,4.2000,true,1,138739
7290002769910,false,עוגיות ללא תוספת סוכר 350 גר',מאפיית ישראל חיפה,IL,עוגיות ללא תוספת סוכ,גרמים,350.00,100 גרם,false,,13.90,3.9714,true,1,138737
7290002812522,false,פרלמנט רגיל ארוך RCB,פיליפ מוריס,,פרלמנט ארוך,יחידה,0.00,יחידה,false,,42.00,0.0000,false,1,73064
7290002824183,false,גבינה לבנה 5% שומן 500 ג' שטראוס,מיוצר עי קונדיטוריית,IL,קרם גבינה 5% סקי 500,גרמים,500.00,100 גרם,false,,9.96,1.9920,true,1,56453
7290002824466,false,דנונה יוגורט ביו 0% 200מל,"שטראוס בריאות בע""מ",IL,דנונה יוגורט ביו 0%,גרמים,200.00,100 גרם,false,,3.80,1.9000,true,1,56454
7290002824640,false,גבינה שטראוס 5% 250 ג',מיוצר עי קונדיטוריית,IL,גבינה 5% סקי 250 גרם,גרמים,250.00,100 גרם,false,,4.98,1.9920,true,1,56456
7290002825722,false,סלט כרוב אדום אחלה 5,מיוצר עי קונדיטוריית,IL,כרוב אדום אחלה 500גר,גרמים,500.00,100 גרם,false,,14.90,2.9800,true,1,56460
7290002868996,false,קוטג' 5% מועשר טרה 250ג' מהדרין,קריות זול,IL,קוטג מועשר 5% 250גר,גרמים,250.00,100 גרם,false,,6.40,2.5600,true,1,50964
7290002879237,false,חטיף ציפס תירס ברביק,דדוש דניאל,,ציפס טורטילה 200גר,גרמים,200.00,100 גרם,false,,11.90,5.9500,true,1,45164
7290002879282,false,חטיף טורטיה ציפס תיר,פוקולוקו,,ציפס תירס טורטילה 20,גרמים,200.00,100 גרם,false,,11.90,5.9500,true,1,45165
7290002881025,false,סן מורנו מעדן דובדבן,קריות זול,,מעדן דובדבן חמוץ סן,גרמים,282.00,100 גרם,false,,13.90,4.9291,true,1,45291
7290002881063,false,מעדן תפוז סן מורנו 2,קריות זול,,מעדן תפוז סן מורנו 2,גרמים,282.00,100 גרם,false,,13.90,4.9291,true,1,125110
7290002881407,false,נודלס אטריות ביצים דק תומר 400ג',קריות זול,,נודלס דק תומר 400גר,גרמים,400.00,100 גרם,false,,10.90,2.7250,true,1,45310
7290002881414,false,נודלס עבה תומר 400גר,אופאל,,נודלס עבה תומר 400גר,גרמים,400.00,100 גרם,false,,10.90,2.7250,true,1,45311
7290002881513,false,חמאת בוטנים עם שברי בוטנים תמר 510 גר',Niza s a,,חמאת בוטנים עם שברי,גרמים,510.00,100 גרם,false,,12.90,2.5294,true,1,45314
7290002881742,false,לבבות דקל פרוסות תומר 400 ג',Inaexpo,,לבבות דקל פרוסות תומ,גרמים,400.00,100 גרם,false,,10.90,2.7250,true,1,45320
7290002881872,false,פטריות חתוכות תומר 2,,,פטריות חתוכות תומר 2,גרמים,290.00,100 גרם,false,,4.90,1.6897,true,1,80697
7290002881919,false,פטריות שלמות תומר 40,גיבונג אינדסקיאלס,,פטריות שלמות תומר 40,גרמים,400.00,100 גרם,false,,8.90,2.2250,true,1,45323
7290002881957,false,סרדינים מרוקאי חריף בשמן חמניות 125ג' תומר,Union des pecheries,,סרדין מרוקאי חריף 12,גרמים,125.00,100 גרם,false,,6.90,5.5200,true,1,45325
7290002921165,false,הזלין ספריי חלב לטיפוח רהיטי עור,קריות זול,CH,הזלין חלב לריהוט עור,מיליליטרים,250.00,"100 מ""ל",false,,31.90,12.7600,true,1,50439
7290002921349,false,דבק סופר גלו מארז זוגי,קריות זול,,זוג דבק סופר גלו,יחידה,0.00,יחידה,false,,14.90,0.0000,true,1,50444
7290003009183,false,"פריגת סירופ דיאט תפוחים 750מ""ל",סירופ - גבעת חיים,IL,סירופ דיאט תפוחים פר,מיליליטרים,750.00,"100 מ""ל",false,,24.90,3.3200,true,1,50977
7290003009596,false,"פריגת סירופ דיאט אשכוליות 750מ""ל",סירופ - גבעת חיים,IL,סירופ דיאט אשכולית פ,מיליליטרים,750.00,"100 מ""ל",false,,24.90,3.3200,true,1,50985
7290003023196,false,"משקה יטבתה מוקה שקית 225 מ""ל",קריות זול,,מוקה בשקית,מיליליטרים,225.00,"100 מ""ל",false,,3.10,1.3778,true,1,56463
7290003029181,false,משקה יטבתה שוקו' בקבוק 1ל מהדרין,מחלבת יטבתה,IL,שוקו 2% בבקבוק יטבתה,מיליליטרים,1000.00,"100 מ""ל",false,,12.30,1.2300,true,1,56466
7290003029372,false,משקה חלב בננה בקבוק 1ל' יוטבתה,מחלבת יטבתה,IL,משקה חלב בטעם בננה י,מיליליטרים,1000.00,"100 מ""ל",false,,12.30,1.2300,true,1,56470
7290003029389,false,"משקה חלב בננה פקק ספורט 250 מ""ל יוטבתה",מחלבת יטבתה,IL,משקה חלב בננה יטבתה,מיליליטרים,250.00,"100 מ""ל",false,,5.90,2.3600,true,1,56471
7290003029433,false,"משקה יטבתה שוקו פקק 250 מ""ל מהדרין",מחלבת יטבתה,IL,שוקו יטבתה 250מל,מיליליטרים,250.00,"100 מ""ל",false,,5.90,2.3600,true,1,56474
7290003029532,false,מוקה בקבוק 1 ל' יוטבתה,מחלבת יטבתה,IL,משקה מוקה 2% יטבתה 1,מיליליטרים,1000.00,"100 מ""ל",false,,12.30,1.2300,true,1,56476
7290003029792,false,"משקה יטבתה שוקו שקיות מהדרין מארז 225X8מ""ל",שטראוס גרופ,IL,שוקו 2% יטבתה 225x8,מיליליטרים,1800.00,"100 מ""ל",false,,21.90,1.2167,true,1,56480
7290003029815,false,חלב יוטבתה מועשר 3% בכד 2ל',מחלבת יטבתה,IL,חלב מועשר 3% בכד יטב,מיליליטרים,2000.00,"100 מ""ל",false,,15.90,0.7950,true,1,56481
7290003029884,false,"משקה יטבתה מוקה שקיות מארז 225X6מ""ל",קריות זול,IL,מוקה שקיות יטבתה 6*2,מיליליטרים,1350.00,"100 מ""ל",false,,16.90,1.2519,true,1,56483
7290003029907,false,משקה יטבתה אייס קפה 1ליטר,מחלבת יטבתה,IL,משקה חלב בטעם אייס ק,מיליליטרים,1000.00,"100 מ""ל",false,,12.30,1.2300,true,1,56485
7290003054190,false,מסטמכר לחם שיפון עם שלושה דגנים 500ג,מרום את קונפינו,DE,לחם שיפון עם שלושה ד,גרמים,500.00,100 גרם,false,,16.90,3.3800,true,1,48201
7290003054220,false,מסטמכר לחם שיפון פומפרניקל 500ג,מסטמאכר ג'.אמ.בי.הי,DE,לחם שיפון פומפרניקל,גרמים,500.00,100 גרם,false,,16.90,3.3800,true,1,48204
7290003126712,false,יוגורט עיזים בגביע 3% צוריאל 150 ג',מחלבת משק צוריאל,IL,יוגורט עיזים בגביע 3,מיליליטרים,150.00,"100 מ""ל",false,,6.90,4.6000,true,1,51014
7290003126958,false,טופו גבינה גוש בואקום צוריאל 300 ג',א.י.ן תעשיות מזון בע,IL,טופו בואקום צוריאל 3,גרמים,300.00,100 גרם,false,,12.90,4.3000,true,1,125576
7290003141159,false,מרשמלו יוגטה 180 גרם,סאדאט,IL,מרשמלו יוגטה 180גר,גרמים,180.00,100 גרם,false,,8.90,4.9444,true,1,81354
7290003142361,false,הוטפופ מתוק/מלוח 5 שקיות 500 ג',,,פופקורן הוטפופ בטעם,גרמים,500.00,100 גרם,false,,17.90,3.5800,true,1,132327
7290003143276,false,יוגטה מרשמלו מגולגל 180גר,מוטקה החולב,TR,מרשמלו רול יוגטה 180,גרמים,180.00,100 גרם,false,,8.90,4.9444,true,1,84056
7290003212965,false,עוגיות רוגלך הזהב במארז 400 גר',,,מובחרות שמרים 400 גר,גרמים,400.00,100 גרם,false,,13.90,3.4750,true,1,109440
7290003224036,false,אוכמניות כחולות גולוביקה,מאמא מרי,US,אוכמניות כחולות קפוא,גרמים,300.00,100 גרם,false,,19.90,6.6333,true,1,63379
7290003224128,false,"כיסונים תפו""א 800 ג' מאמא מרי",מאמא מרי,,"כיסוני תפו""א 800גר",גרמים,800.00,100 גרם,false,,19.90,2.4875,true,1,57708
7290003224142,false,בלינצס תפוח אדמה ופט,מאמא מרי,IL,"בלינצס תפו""א+ פטריות",גרמים,700.00,100 גרם,false,,19.90,2.8429,true,1,126501
7290003224159,false,בלינצ'יס בשר 7 יחידות,מאמא מרי,IL,בלינצס בשר מאמא מרי,גרמים,700.00,100 גרם,false,,23.90,3.4143,true,1,126502
7290003224173,false,בלינצ'יס פטריות 7 יחידות,מאמא מרי,IL,בלינצס פטריות,גרמים,700.00,100 גרם,false,,19.90,2.8429,true,1,126503
7290003224227,false,פירושקי בשר מאמא מרי,,,פירושקי בשר 7 יח מאמ,גרמים,400.00,100 גרם,false,,21.90,5.4750,true,1,144078
7290003224272,false,"כיסונים בשר מוסקובסקי מאמא מרי 1 ק""ג",,,כיסונים בשר מוסקובסק,גרמים,1000.00,100 גרם,false,,32.90,3.2900,true,1,57714
7290003224333,false,דובדבן חמוץ מאמאמרי,מאמא מרי,,דובדבן חמוץ קפוא 300,גרמים,300.00,100 גרם,false,,15.90,5.3000,true,1,57716
7290003224388,false,חמוציות קפוא 300גר,מאמא מרי,,חמוציות קפוא 300גר,גרמים,300.00,100 גרם,false,,15.90,5.3000,true,1,63380
7290003224456,false,"כיסונים בשר סיבירסקי מאמא מרי 1 ק""ג",מאמא מרי,,כיסונים בשר סיבירסקי,גרמים,1000.00,100 גרם,false,,29.90,2.9900,true,1,126504
7290003224746,false,דומדמניות שחורות קפו,מאמא מרי,,דומדמניות שחורות קפו,גרמים,300.00,100 גרם,false,,15.90,5.3000,true,1,57725
7290003224784,false,בלינצ'ס עם דובדבנים 7 יחידות,מאמא מרי,IL,בלינצס דובדבן,גרמים,700.00,100 גרם,false,,19.90,2.8429,true,1,57727
7290003229109,false,פסטרמה בפפריקה טירת צבי 400 ג',הנסיך- מפעל לייצור ט,IL,פסטרמה הודו בפפריקה,גרמים,400.00,100 גרם,false,,28.90,7.2250,true,1,103055
7290003229123,false,פסטרמה על גחלים טירת צבי 400 ג',הנסיך- מפעל לייצור ט,IL,פסטרמה על גחלים טירת,גרמים,400.00,100 גרם,false,,28.90,7.2250,true,1,106915
7290003229147,false,נקניק סלמי איטלקי טירת צבי 300 ג',הנסיך- מפעל לייצור ט,IL,סלמי בסגנון איטלקי ט,גרמים,300.00,100 גרם,false,,28.90,9.6333,true,1,106916
7290003229154,false,סלמי קוניאק מובחר טירת צבי 300 ג',הנסיך- מפעל לייצור ט,IL,סלמי קוניאק טירת צבי,גרמים,300.00,100 גרם,false,,28.90,9.6333,true,1,106917
7290003268030,false,חלה בפיקוח דגנית,,,חלה רגילה 500גר,גרמים,500.00,100 גרם,false,,6.26,1.2520,true,1,126292
7290003268252,false,לחם חיטה מלא לילדים 750 ג' דגנית עין בר,יוניליוור גרמניה Gm,IL,*מבצע* לחם חיטה מלאה,גרמים,750.00,100 גרם,false,,14.90,1.9867,true,1,88932
7290003268429,false,לחם ירוק מקמח מלא 750 ג' דגנית עין בר,מולינו ניקולי s.p.a,IL,לחם חיטה מלאה ירוק 7,גרמים,750.00,100 גרם,false,,16.90,2.2533,true,1,85817
7290003268627,false,חלה מתוקה ברמן,,,חלה מתוקה ברמן,גרמים,500.00,100 גרם,false,,8.90,1.7800,true,1,126825
7290003268641,false,דגנית עין בר חלה מתוקה מיוחדת 500 גרם,מולינו ניקולי s.p.a,IL,חאלע חלה מתוקה מיוחד,יחידה,0.00,יחידה,false,,14.90,0.0000,true,1,120460
7290003268764,false,חלה רגילה 500 גרם,מולינו ניקולי s.p.a,IL,חלה רגילה 500גר,גרמים,500.00,100 גרם,false,,6.26,1.2520,true,1,55760
7290003287260,false,נקניקיות צ'וריסוס ארוז קפוא בלדי 600 ג',,,נקניקיות צוריסוס הקצ,גרמים,600.00,100 גרם,false,,29.90,4.9833,true,1,73897
7290003287291,false,קבב טלה וצנובר קצביה ארוז 600 ג' - 8 יח',יוליניבר,IL,קבב טלה וצנובר 600גר,גרמים,600.00,100 גרם,false,,29.90,4.9833,true,1,73907
7290003287307,false,קבב רומני קצביה ארוז 600 ג' - 8 יח',,,קבב רומני ארוז 600גר,גרמים,600.00,100 גרם,false,,29.90,4.9833,true,1,73908
7290003287796,false,סינטה עגל,,,סינטה עגל,קילוגרמים,1.00,"ק""ג",true,,139.90,139.9000,true,1,142300
7290003318100,false,וופל בטעם שוקולד מנעמים 200 ג',מנעמים תעשיות מזון,IL,וופל טעם שוקו מנעמים,גרמים,200.00,100 גרם,false,,4.90,2.4500,true,1,53924
7290003318131,false,ופל קלאסיק אגוז 200 גרם מנעמים,מנעמים תעשיות מזון,IL,וופל אגוז מנעמים 200,גרמים,200.00,100 גרם,false,,4.90,2.4500,true,1,64989
7290003318599,false,וופל וניל 200 גרם מנעמים,מנעמים תעשיות מזון,IL,וופל וניל מנעמים 200,גרמים,200.00,100 גרם,false,,4.90,2.4500,true,1,53926
7290003321292,false,גבינה לבנה 9% שומן 250 ג' שטראוס,מיוצר עי קונדיטוריית,IL,קרם גבינה 9% סקי 250,גרמים,250.00,100 גרם,false,,4.90,1.9600,true,1,56494
7290003332007,false,קפה נחלה סובחי 250גר,סובחי נחלה ובניו,,קפה נחלה סובחי 250גר,גרמים,250.00,100 גרם,false,,15.90,6.3600,true,1,72073
7290003414406,false,הרשי ריזס נטיפי אפייה בוטנים 283 גר',,,נטיפי אפייה מקרם בוט,גרמים,283.00,100 גרם,false,,16.90,5.9717,true,1,91355
7290003423909,false,הרשי חטיף קוקיס&קרם לבן 43 גרם,הרשי,US,הרשי קוקיס קרם לבן 4,גרמים,43.00,100 גרם,false,,4.90,11.3953,true,1,144983
7290003438006,false,ממרח אולביה פסטו וצנובר איטלקי 190ג',מיוצר עי קונדיטוריית,IL,פסטו איטלקי אוליביה,גרמים,180.00,100 גרם,false,,15.90,8.8333,true,1,54996
7290003438013,false,ממרח זיתים ירוקים 190 ג' אוליביה,קריות זול,IL,ממרח זיתים אוליביה 1,גרמים,190.00,100 גרם,false,,15.90,8.3684,true,1,54997
7290003438020,false,ממרח עגבניות מיובשות 190 ג' אוליביה,מיוצר עי קונדיטוריית,IL,ממרח עגבניות מיובשות,גרמים,190.00,100 גרם,false,,15.90,8.3684,true,1,54998
7290003444009,false,ריזס חטיף שוקולד 42 גרם,הרשי,US,חטיף ריזס במילוי חמא,גרמים,42.00,100 גרם,false,,4.90,11.6667,true,1,117784
7290003475124,false,צמר גפן עננים 100 גר,קריות זול,GR,צמר גפן 100גר,גרמים,100.00,100 גרם,false,,7.90,7.9000,true,1,51849
7290003520572,false,מטריות חרובים שקית בודד (בשרוול 6 שקיות),תופינית,,תופינית מטריות שוקול,גרמים,60.00,100 גרם,false,,16.90,28.1667,true,1,71014
7290003521074,false,"ד""ר פישר - סרקל מרכך שיער לילדים 1 ליטר",הדקלאים אגודת שיתופי,IL,סרקל מרכך שיער לילדי,מיליליטרים,1000.00,"100 מ""ל",false,,29.90,2.9900,true,1,109199
7290003521081,false,"ד""ר פישר - סרקל שמפו לילדים 1 ליטר","ד""ר פישר Dr fischer",IL,סרקל שמפו לילדים 1לי,מיליליטרים,1000.00,"100 מ""ל",false,,29.90,2.9900,true,1,109200
7290003571116,false,"פילה סלמון נורבגי -בד""ץ 1.4-1.8.",,,פילה סלמון פרימיום ב,קילוגרמים,1.00,"ק""ג",true,,85.90,85.9000,true,1,126727
7290003578078,false,קוקטיל פירות טרופי ויליפוד 850 ג',קריות זול,CN,קוקטיל טרופי ויליפוד,גרמים,850.00,100 גרם,false,,10.90,1.2824,true,1,47438
7290003578108,false,אננס חתיכות ויליפוד 850 ג',טקרנג פינאפל אינדסטר,TH,אננס חתיכות ויליפוד,גרמים,850.00,100 גרם,false,,10.90,1.2824,true,1,47440
7290003578177,false,תירס גמדי שלם ויליפוד 410 ג',מגסטיק פוד אידסטרי ק,TH,תירס גמדי ויליפוד 41,גרמים,410.00,100 גרם,false,,8.90,2.1707,true,1,47443
7290003578313,false,דובדבנים חמוצים ללא חרצנים 680גר,דל מונטה היילס אס.אי,HU,דובדבנים חמוצים ללא,גרמים,680.00,100 גרם,false,,10.90,1.6029,true,1,47447
7290003598311,false,מינוט סטייק חלק ריאה 300 ג',בלדי,IL,*מבצע* בלדי מינוט סט,גרמים,300.00,100 גרם,false,,30.00,10.0000,true,1,118600
7290003643004,false,"אורז בסמטי קלאסי 1 ק""ג סוגת",האי נאם סי או אל.טי.,IL,אורז בסמטי סוגת 1קג,גרמים,1000.00,100 גרם,false,,15.90,1.5900,true,1,54585
7290003643387,false,"סוכר לבן בצנצנת 1 ק""ג סוגת",האי נאם סי או אל.טי.,IL,סוכר לבן בצנצנת סוגת,גרמים,1000.00,100 גרם,false,,10.90,1.0900,true,1,54595
7290003643646,false,"סוכר דמררה קלאסי בצנצנת סוגת 1 ק""ג",האי נאם סי או אל.טי.,IL,סוכר דמררה בצנצנת סו,גרמים,1000.00,100 גרם,false,,14.90,1.4900,true,1,54597
7290003643707,false,גריסים 500 גרם סוגת,"סוגת תעשיות בע""מ",IL,גריסים סוגת 500גר,גרמים,500.00,100 גרם,false,,7.30,1.4600,true,1,54599
7290003643714,false,חומוס סוגת 500 גרם,האי נאם סי או אל.טי.,IL,חומוס סוגת 500גר,גרמים,500.00,100 גרם,false,,8.90,1.7800,true,1,54600
7290003643738,false,סוגת חיטה 500 גרם,האי נאם סי או אל.טי.,IL,חיטה סוגת 500 גר,גרמים,500.00,100 גרם,false,,7.30,1.4600,true,1,54601
7290003643752,false,עדשים ירוקים יבש סוגת 500 גר',האי נאם סי או אל.טי.,IL,עדשים ירוקים סוגת 50,גרמים,500.00,100 גרם,false,,9.90,1.9800,true,1,54603
7290003643769,false,עדשים אדומים יבש סוגת 500 גר',"סוגת תעשיות בע""מ",IL,עדשים אדומים סוגת 50,גרמים,500.00,100 גרם,false,,9.90,1.9800,true,1,54604
7290003643776,false,"פופקורן גרעינים סוגת 500 ג' כשל""פ",האי נאם סי או אל.טי.,IL,פופקורן סוגת 500 גר,גרמים,500.00,100 גרם,false,,7.90,1.5800,true,1,54605
7290003643806,false,שעועית לבנה יבשה סוגת 500 ג',האי נאם סי או אל.טי.,IL,שעועית לבנה סוגת 500,גרמים,500.00,100 גרם,false,,10.90,2.1800,true,1,54607
7290003643813,false,שעועית אדומה יבשה סוגת 500 גר',האי נאם סי או אל.טי.,IL,שעועית אדומה סוגת 50,גרמים,500.00,100 גרם,false,,10.90,2.1800,true,1,101869
7290003643820,false,חומוס ענק יבש סוגת 500 גרם,Unknown,,חומוס ענק סוגת 500גר,גרמים,500.00,100 גרם,false,,12.90,2.5800,true,1,54609
7290003681303,false,שעועית מעורבת יבשה מיה 500 גר',מיה,IL,שעועית מעורבת 500גר,גרמים,500.00,100 גרם,false,,9.90,1.9800,true,1,127239
7290003681693,false,חומוס לבן ענק יבש מיה 500 גר',מיה,IL,חומוס לבן ענק 500גר,גרמים,500.00,100 גרם,false,,11.90,2.3800,true,1,127243
7290003726141,false,טופו טבעי 300 גרם רובין,ג'נרל מילס סאן אדריא,IL,טופו בריא 300גר,גרמים,300.00,100 גרם,false,,13.70,4.5667,true,1,124793
7290003726615,false,טופו הבית משק ויילר,הדקלאים אגודת שיתופי,IL,טופו ויילר 300גר,גרמים,300.00,100 גרם,false,,13.70,4.5667,true,1,124227
7290003726684,false,טופו חומוס בטעם טבעי 300 ג' משק ויילר,הנסיך- מפעל לייצור ט,IL,טופו חומוס בטעם טבעי,גרמים,300.00,100 גרם,false,,14.90,4.9667,true,1,137375
7290003726875,false,טופו חומוס בתוספת פסטו 300 ג' משק ויילר,משק וואיילר,IL,טופו חומוס בתוספת פס,גרמים,300.00,100 גרם,false,,13.70,4.5667,true,1,144781
7290003781652,false,צלפים במי מלח ויליפוד 350 ג',קריות זול,TR,צלפים 370 גר,גרמים,370.00,100 גרם,false,,12.90,3.4865,true,1,47456
7290003882922,false,עלי גפן ממולאים באורז ויליפוד 400ג',הזה פלאקספו פוד קו ב,CN,עלי גפן ממולא 400 גר,גרמים,400.00,100 גרם,false,,10.90,2.7250,true,1,47472
7290003989096,false,סלט חציל פיקנטי אחלה,מיוצר עי קונדיטוריית,IL,חציל פיקנטי אחלה 500,גרמים,500.00,100 גרם,false,,17.90,3.5800,true,1,56505
7290003989539,false,לורנצו רביולי במילוי גבינה,מיוצר עי קונדיטוריית,IL,רביולי גבינה שטראוס,גרמים,400.00,100 גרם,false,,22.90,5.7250,true,1,56506
7290004033705,false,הבורגריה – 6 לחמניות המבורגר בשקית,מאפית י את א ברמן בע,IL,לחמניות המבורגר ביג,גרמים,600.00,100 גרם,false,,15.90,2.6500,true,1,142370
7290004033712,false,לחם עננים מקמח מלא עם פרוסות עבות,מאפית י את א ברמן בע,IL,לחם עננים מקמח מלא 7,גרמים,750.00,100 גרם,false,,16.90,2.2533,true,1,142368
7290004033729,false,לחם עננים מקמח כוסמין עם פרוסות עבות,מאפית י את א ברמן בע,IL,לחם עננים כוסמין 750,גרמים,750.00,100 גרם,false,,16.90,2.2533,true,1,142369
7290004033736,false,"עננים לחם לבן בסגנון בריוש עם פרוסות עבות, 500 גרם",מאפית י את א ברמן בע,IL,לחם עננים סגנון בריו,גרמים,500.00,100 גרם,false,,16.90,3.3800,true,1,143724
7290004063016,false,מלח שולחן מעולה דק 1,האי נאם סי או אל.טי.,IL,מלח שולחן 1קג,גרמים,1000.00,100 גרם,false,,2.07,0.2070,true,1,58280
7290004063115,false,"מלח מטבח עבה להמלחת בשר ובישול 1 ק""ג 1ק""ג",האי נאם סי או אל.טי.,IL,מלח למליחות בשר וביש,גרמים,1000.00,100 גרם,false,,2.07,0.2070,true,1,58281
7290004064082,false,מטחנה מלח ים טבעי 250 ג',חברת מלח הארץ אילת ב,IL,מלח ים טבעי מטחנה 25,גרמים,250.00,100 גרם,false,,15.90,6.3600,true,1,114799
7290004064099,false,מטחנה מלח מהרי ההימלאיה 250 גרם,חברת מלח הארץ אילת ב,IL,מלח מהרי ההימלאי מטח,גרמים,250.00,100 גרם,false,,19.50,7.8000,true,1,114794
7290004064174,false,"תבלין מלח ההימלאיה דק בצנצנת 1 ק""ג",מלח הארץ,IL,מלח ההימלאיה דק בצנצ,גרמים,1000.00,100 גרם,false,,19.90,1.9900,true,1,118491
7290004064181,false,"תבלין מלח ההימלאיה גס בצנצנת 1 ק""ג",חברת מלח הארץ אילת ב,IL,מלח ההימלאיה גס בצנצ,גרמים,1000.00,100 גרם,false,,19.90,1.9900,true,1,118492
7290004064198,false,מטחנת מלח ספייסי- אקסטרא תבלינים 115 ג',,,מטחנת מלח אקסטרא תבל,גרמים,115.00,100 גרם,false,,19.90,17.3043,true,1,122273
7290004064228,false,מלח במטחנה אקסטרא תבלינים שום ופלפל 125 גר',,,מטחנת מלח אקסטרא תבל,גרמים,125.00,100 גרם,false,,19.90,15.9200,true,1,122275
7290004064297,false,"מלח מועשר ביוד בצנצנת 1 ק""ג",מלח הארץ,IL,מלח מועשר ביוד 1 קג,ק'ג,1.00,ק'ג,false,,10.90,10.9000,true,1,139105
7290004064303,false,מלח אטלנטי צנצנת 800 גר',מולינו ניקולי s.p.a,IL,מלח אטלנטי בצנצנת 80,גרמים,800.00,100 גרם,false,,19.90,2.4875,true,1,146716
7290004064389,false,מלח הימלאיה דק מלחייה 250 ג',,,מלח הימלאיה דק מלחיי,גרמים,250.00,100 גרם,false,,10.90,4.3600,true,1,141553
7290004068011,false,יוגורט כבשים בדלי 5% שומן 600 ג' גד,"מיוצר ע""י קוד יצרן M",IL,יוגורט כבשים 5% מחלב,גרמים,600.00,100 גרם,false,,19.50,3.2500,true,1,80597
7290004068028,false,"יוגורט צזיקי לשתייה 3.5% 500 מ""ל רובין",מיוצר על ידי קוד יצר,IL,משקה יוגורט צזיקי 3.,מיליליטרים,500.00,"100 מ""ל",false,,10.50,2.1000,true,1,81813
7290004068035,false,"איירן יוגורט לשתייה 3% גד 500 מ""ל","מיוצר ע""י קוד יצרן M",IL,משקה איירן בסגנון בל,מיליליטרים,500.00,"100 מ""ל",false,,8.90,1.7800,true,1,81814
7290004068172,false,יוגורט עזים בדלי 5% שומן 600 ג' גד,קוד יצרן MKN,IL,יוגורט עיזים דלי 5%,גרמים,600.00,100 גרם,false,,19.50,3.2500,true,1,85656
7290004068585,false,גבינה גאודה עיזים מש,מחלבות גד,,גאודה עיזים מחלבות ג,קילוגרמים,1.00,"ק""ג",true,,139.00,139.0000,true,1,89929
7290004078270,false,נוזל כלים פלמוליב צילינדר לימון 1 ליטר,יבואן ומשווק: ש. שסט,GR,פלמוליב לכלים לימון,מיליליטרים,1000.00,"100 מ""ל",false,,15.90,1.5900,true,1,51854
7290004078690,false,"אגקס נוזל לניקוי אסלות מרענן 750 מ""ל",הנסיך- מפעל לייצור ט,FR,אגקס נוזל לניקוי אסל,מיליליטרים,750.00,"100 מ""ל",false,,16.90,2.2533,true,1,51858
7290004119133,false,כד יוגורט תנובה 6.5% שומן 1.5 ליטר,מיוצר עי קונדיטוריית,IL,יוגורט 7% תנובה 1.5,מיליליטרים,1500.00,"100 מ""ל",false,,19.50,1.3000,true,1,52956
7290004119225,false,יוגורט אננס 3% שומן 150 ג' יופלה,תנובה מרכז שיתופי לש,IL,יופלה אננס 3% 150גר,גרמים,150.00,100 גרם,false,,5.40,3.6000,true,1,52957
7290004119973,false,מעדן שוקו 1.5% שומן 125 ג' קרלו,תנובה מרכז שיתופי לש,IL,קרלו שוקולדה 1.5% 12,גרמים,125.00,100 גרם,false,,3.20,2.5600,true,1,52962
7290004120061,false,קרלו שוקולד וניל 125,תנובה מרכז שיתופי לש,IL,קרלו שוניל 1.5% 125מ,מיליליטרים,125.00,"100 מ""ל",false,,3.20,2.5600,true,1,52963
7290004120108,false,יופלה דיאט יוגורט דובדבן %0 גביע 150ג',תנובה מרכז שיתופי לש,IL,יופלה דיאט דובדבן 0%,גרמים,150.00,100 גרם,false,,5.40,3.6000,true,1,52964
7290004120566,false,גבינה בולגרית 24% 250 ג' פיראוס,קריות זול,IL,בולגרית 24% פיראוס,גרמים,250.00,100 גרם,false,,24.90,9.9600,true,1,52971
7290004120573,false,גבינה בולגרית %16 250 ג' פיראוס,תנובה מרכז שיתופי לש,IL,בולגרית בקר 16% פירא,גרמים,250.00,100 גרם,false,,24.90,9.9600,true,1,52972
7290004120634,false,גבינה בולגרית %5 250 ג' פיראוס,תנובה מרכז שיתופי לש,IL,פיראוס בולגרית 5% 25,גרמים,250.00,100 גרם,false,,24.90,9.9600,true,1,52973
7290004121488,false,יופלה דיאט אפרסק 0% גביע 150 ג',תנובה מרכז שיתופי לש,IL,יופלה דיאט אפרסק 0%,גרמים,150.00,100 גרם,false,,5.40,3.6000,true,1,52984
7290004121525,false,יופלה מאגדת פרי 4 תות 4 אפרסק 3% 8 יח'*150 ג',תנובה מרכז שיתופי לש,IL,יופלה אפרסק תות 3% 8,מיליליטרים,1200.00,"100 מ""ל",false,,32.90,2.7417,true,1,52986
7290004121839,false,גבינת פטה כבשים 20% 250 ג' פיראוס,תנובה מרכז שיתופי לש,IL,פטה כבשים 20% פיראוס,גרמים,250.00,100 גרם,false,,29.50,11.8000,true,1,52994
7290004121853,false,גבינה בולגרית בקוביות %5 200 ג' פיראוס,תנובה מרכז שיתופי לש,IL,פיראוס קוביות בולגרי,גרמים,200.00,100 גרם,false,,22.90,11.4500,true,1,52995
7290004122119,false,פתיתי פרמזן לפסטה %23 100 ג' השף הלבן,פ.פ.ח. שאביט,IL,פתיתי פרמזן לפסטה 10,גרמים,100.00,100 גרם,false,,13.90,13.9000,true,1,52999
7290004122195,false,"גבינת גוש חלב פרוס 28%, כשרות מהדרין, 200 ג'",קריות זול,IL,גבינה גוש חלב פרוס 2,גרמים,200.00,100 גרם,false,,14.90,7.4500,true,1,53000
7290004122270,false,גבינה צהובה פרוס בקופסא %28 200 ג' עמק,תנובה מרכז שיתופי לש,IL,גבינה צהובה עמק 28%,גרמים,200.00,100 גרם,false,,17.70,8.8500,true,1,53001
7290004122348,false,עמק לייט 9% פרוס בקופסא,תנובה מרכז שיתופי לש,IL,גבינה צהובה מופחתת ש,גרמים,200.00,100 גרם,false,,18.90,9.4500,true,1,53003
7290004122676,false,גבינת חמד לייט 5% פיראוס 250 ג',"תנובה,מחלבת טנא נוגה",IL,פיראוס חמד 5% 250 גר,גרמים,250.00,100 גרם,false,,19.50,7.8000,true,1,53008
7290004122683,false,חטיף גבינת אצבעות 28% 172 ג' עמק,תנובה מרכז שיתופי לש,IL,אצבעות גבינה צהובה ע,גרמים,172.00,100 גרם,false,,17.90,10.4070,true,1,53009
7290004124205,false,יוגורט דיאט תות %0 שומן 150 ג' יופלה,תנובה מרכז שיתופי לש,IL,יופלה דיאט תות 0% 15,גרמים,150.00,100 גרם,false,,5.40,3.6000,true,1,53025
7290004124847,false,"קצפת צמחית השף הלבן 500 מ""ל תנובה",תנובה מרכז שיתופי לש,IL,קצפת צמחית 24% 500מל,מיליליטרים,500.00,"100 מ""ל",false,,16.90,3.3800,true,1,53028
7290004125370,false,שמנת חמוצה מופחתת שומן 9%,תנובה מרכז שיתופי לש,IL,שמנת קלה 9% 200מל תנ,מיליליטרים,200.00,"100 מ""ל",false,,4.10,2.0500,true,1,53030
7290004125400,false,"שלי אשל 4.5% תנובה 200מ""ל מהדרין",פארייפאבה אגרואינדוס,IL,אשל 4.5% מהדרין תנוב,מיליליטרים,200.00,"100 מ""ל",false,,1.69,0.8450,true,1,53031
7290004125417,false,"שלי גיל 3% תנובה 200מ""ל מהדרין",תנובה מרכז שיתופי לש,IL,גיל 3% מהדרין תנובה,מיליליטרים,200.00,"100 מ""ל",false,,1.51,0.7550,true,1,53032
7290004125455,false,**תנובה שמנת אורגינל מהדרין 15% 200מל,תנובה מרכז שיתופי לש,IL,שמנת חמוצה 15% מהדרי,מיליליטרים,200.00,"100 מ""ל",false,,2.40,1.2000,true,1,53033
7290004125462,false,"שמנת אורגינל 15% מהדרין 500 מ""ל",תנובה מרכז שיתופי לש,IL,שמנת חמוצה 15% מהדרי,מיליליטרים,500.00,"100 מ""ל",false,,6.00,1.2000,true,1,53034
7290004125509,false,"שמנת 15% חצי מנה 100 מ""ל תנובה",תנובה מרכז שיתופי לש,IL,שמנת חצי מנה 15% תנו,מיליליטרים,100.00,"100 מ""ל",false,,2.10,2.1000,true,1,53035
7290004125578,false,משקה סויה מעושר בסידן תנובה 1ל',תנובה מרכז שיתופי לש,IL,משקה סויה מועשר בסיד,מיליליטרים,1000.00,"100 מ""ל",false,,11.90,1.1900,true,1,53036
7290004125585,false,משקה סויה וניל תנובה E אלטרנטיב,תנובה מרכז שיתופי לש,IL,משקה סויה על הבוקר ת,מיליליטרים,1000.00,"100 מ""ל",false,,12.90,1.2900,true,1,53037
7290004125721,false,"שמנת לבישול 15% שומן 250 מ""ל תנובה",תנובה מרכז שיתופי לש,IL,שמנת לבישול 15% 250מ,מיליליטרים,250.00,"100 מ""ל",false,,9.50,3.8000,true,1,53040
7290004125738,false,שמנת מתוקה עמידה להקצפה 32% השף הלבן,תנובה מרכז שיתופי לש,IL,שמנת להקצפה 32% 250מ,מיליליטרים,250.00,"100 מ""ל",false,,7.40,2.9600,true,1,53041
7290004125776,false,גבינה צהובה 28% שומן 400 ג' עמק,קריות זול,IL,גבינה צהובה עמק 28%,גרמים,400.00,100 גרם,false,,31.90,7.9750,true,1,53042
7290004126674,false,פרוסות גבינה חצי קשה 9% שומן 200 ג' עמק,תנובה מרכז שיתופי לש,IL,טל העמק לייט 9% 200,גרמים,200.00,100 גרם,false,,21.50,10.7500,true,1,53047
7290004126759,false,יופלה דיאט פירות יער %0 גביע 150 ג',תנובה בעמ,IL,יופלה דיאט פירות יער,גרמים,150.00,100 גרם,false,,5.40,3.6000,true,1,53049
7290004127077,false,קוטג' 3% שומן 250 ג' תנובה,מיוצר עי קונדיטוריית,IL,גבינת קוטג׳ 3% תנובה,גרמים,250.00,100 גרם,false,,5.90,2.3600,true,1,53051
7290004127329,false,קוטג' 5% תנובה 250ג' מהדרין,מיוצר עי קונדיטוריית,IL,גבינת קוטג׳ 5% תנובה,גרמים,250.00,100 גרם,false,,5.90,2.3600,true,1,53053
7290004127336,false,קוטג' 9% תנובה 250 ג' הדרין,מיוצר עי קונדיטוריית,IL,גבינת קוטג׳ 9% תנובה,גרמים,250.00,100 גרם,false,,5.90,2.3600,true,1,53054
7290004127800,false,גבינה לבנה 5% שומן 500 ג' תנובה,מיוצר עי קונדיטוריית,IL,גבינה לבנה 5% תנובה,גרמים,500.00,100 גרם,false,,9.96,1.9920,true,1,53058
7290004127862,false,**תנובה גבינה למריחה מהדרין 5% 750ג,תנובה מרכז שיתופי לש,IL,גבינה לבנה 5% תנובה,גרמים,750.00,100 גרם,false,,14.94,1.9920,true,1,53060
7290004127916,false,גבינה לבנה 0.5% שומן 500 ג' תנובה,תנובה מרכז שיתופי לש,IL,גבינה לבנה 0.5% בדצ,גרמים,500.00,100 גרם,false,,10.40,2.0800,true,1,53062
7290004128333,false,לאבנה על בסיס יוגורט %9 שומן 500 ג' פיראוס,קריות זול,IL,לאבנה גביע %9 500גר,גרמים,500.00,100 גרם,false,,21.90,4.3800,true,1,53071
7290004128340,false,קרם גבינת שמנת %5 בטעם טבעי 200 ג' תנובה,קריות זול,IL,גבינת שמנת בטעם טבעי,גרמים,200.00,100 גרם,false,,12.30,6.1500,true,1,53072
7290004128364,false,קרם גבינת שמנת 5% עם זיתים ירוקים 200 ג' תנובה,"תנובה, מחלבת תל יוסף",IL,גבינת שמנת בטעם זיתי,גרמים,200.00,100 גרם,false,,12.30,6.1500,true,1,53073
7290004129101,false,גבינת שמנת 25% בטעם טבעי 225 ג' נפוליאון,תנובה מרכז שיתופי לש,IL,גבינת נפוליאון בטעם,גרמים,225.00,100 גרם,false,,14.90,6.6222,true,1,53078
7290004129118,false,גבינת שמנת 24% עם זיתים ירוקים 225 ג' נפוליאון,תנובה מרכז שיתופי לש,IL,גבינת נפוליאון בטעם,גרמים,225.00,100 גרם,false,,14.90,6.6222,true,1,53079
7290004129156,false,גבינת שמנת25% עם שום שמיר 225 ג' נפוליאון,תנובה מרכז שיתופי לש,IL,גבינת נפוליאון שום ש,גרמים,225.00,100 גרם,false,,14.90,6.6222,true,1,53080
7290004129545,false,גבינה לבנה 3% שומן 250 ג' תנובה,מחלבת אלון תבור,IL,גבינה לבנה 3% תנובה,גרמים,250.00,100 גרם,false,,5.20,2.0800,true,1,53085
7290004129736,false,יוגורט במתיקות מעודנת 1.5% שומן 200 ג' יופלה,תנובה מרכז שיתופי לש,IL,יופלה קרם יוגרט מעוד,גרמים,200.00,100 גרם,false,,4.90,2.4500,true,1,53088
7290004129767,false,יופלה לבן טבעי מאגדת 3% 8*150מל,מחלבת אלון תבור,IL,יופלה לבן מאגדת שמינ,גרמים,1200.00,100 גרם,false,,18.90,1.5750,true,1,53090
7290004130794,false,משקה סויה טבעי במתיקות מופחתת 1 ליטר,תנובה מרכז שיתופי לש,IL,משקה סויה מועשר 1 לי,מיליליטרים,1000.00,"100 מ""ל",false,,12.90,1.2900,true,1,53096
7290004130916,false,יוגורט 3% פירות יער בשמנת 150 ג' יופלה,תנובה מרכז שיתופי לש,IL,יופלה בטעם פירות יער,גרמים,150.00,100 גרם,false,,5.40,3.6000,true,1,53098
7290004131074,false,**חלב תנובה טרי מהדרין קרטון 3% 1ל,תנובה מרכז שיתופי לש,IL,חלב 3% מהדרין תנובה,מיליליטרים,1000.00,"100 מ""ל",false,,6.23,0.6230,true,1,53101
7290004131432,false,יוגורט ביו 3% שומן 200 ג' יופלה,מיוצר עי קונדיטוריית,IL,יופלה לבן 3% 200מל,מיליליטרים,200.00,"100 מ""ל",false,,4.30,2.1500,true,1,53106
7290004131456,false,יוגורט ביו 1.5% שומן 200 ג' יופלה,מיוצר עי קונדיטוריית,IL,יופלה לבן 1.5% 200מל,מיליליטרים,200.00,"100 מ""ל",false,,4.30,2.1500,true,1,53107
7290004131814,false,גבינה צפתית 5% מעודנת 200 ג' פיראוס,פארייפאבה אגרואינדוס,IL,פיראוס צפתית 5% מעוד,גרמים,200.00,100 גרם,false,,15.90,7.9500,true,1,53117
7290004132552,false,משקה סויה לייט בטעם טבעי טרי 1 ליטר,תנובה מרכז שיתופי לש,IL,משקה סויה דיאט וניל,מיליליטרים,1000.00,"100 מ""ל",false,,12.90,1.2900,true,1,53126
7290004132712,false,חטיף אצבעות גבינת מוצרלה 20% 172 ג' עמק,תנובה מרכז שיתופי לש,IL,אצבעות גבינת מוצרלה,גרמים,172.00,100 גרם,false,,17.90,10.4070,true,1,53130
7290004132903,false,**תנובה גבינה לבנה בדץ 3% 250ג,תנובה מרכז שיתופי לש,IL,גבינה לבנה 250 גרם 3,גרמים,250.00,100 גרם,false,,5.20,2.0800,true,1,53134
7290004133511,false,יופלה מאגדת לבן 1.5% מעודן 8 יח' * 150 ג',מיוצר עי קונדיטוריית,IL,יוגורט לבן מעודן מאר,גרמים,1200.00,100 גרם,false,,21.90,1.8250,true,1,53143
7290004135225,false,מעדן תנובה דיאט שוקולדה 0% 150מל,תנובה מרכז שיתופי לש,IL,מעדן תנובה דיאט שוקו,מיליליטרים,150.00,"100 מ""ל",false,,4.50,3.0000,true,1,53180
7290004135614,false,גבינה בולגרית מעודנת 5% 250 ג' פיראוס,קריות זול,IL,פיראוס בולגרית מעודנ,גרמים,250.00,100 גרם,false,,24.90,9.9600,true,1,53192
7290004136598,false,מארז הפסקת אוכל עם קורנפלקס ומשקה חלב עמיד בטעם וניל,פארייפאבה אגרואינדוס,IL,הפסקת אוכל חלב ודגני,מיליליטרים,150.00,"100 מ""ל",false,,10.90,7.2667,true,1,53224
7290004136857,false,מעדן גלי בטעם פטל 12,תנובה מרכז שיתופי לש,IL,ג'לי תנובה פטל 125גר,גרמים,125.00,100 גרם,false,,2.90,2.3200,true,1,53229
7290004136871,false,ג'לי תנובה אפרסק עם חתיכות אפרסק 125מל,תנובה מרכז שיתופי לש,IL,ג'לי תנובה אפרסק עם,גרמים,125.00,100 גרם,false,,3.20,2.5600,true,1,53231
7290004137021,false,"שמנת לבישול 10% עמיד השף הלבן 250 מ""ל",תנובה מרכז שיתופי לש,IL,שמנת לבישול 10% 250מ,מיליליטרים,250.00,"100 מ""ל",false,,9.50,3.8000,true,1,53233
7290004137311,false,עמק לייט משפחתית 9% 400ג-ועדת מהדרין,תנובה,IL,גבינה צהובה עמק ליי,גרמים,400.00,100 גרם,false,,32.90,8.2250,true,1,53248
7290004137809,false,לאבנה 5% שומן 250 ג' פיראוס,"תנובה, מחלבת אלון תב",IL,לאבנה 5% 250גר פיראו,גרמים,250.00,100 גרם,false,,13.90,5.5600,true,1,53257
7290004165000,false,"רסק תפו""ע עם סוכר 560 ג'",,,"רסק תפו""ע עם סוכר 56",גרמים,560.00,100 גרם,false,,9.90,1.7679,true,1,45063
7290004200077,false,שקית פרסים 2,,,שקית פרסים 2,יחידה,0.00,יחידה,false,,7.90,0.0000,true,1,83749
7290004200930,false,"זיקוק זוג 15 ס""מ בשק",שמחה זה אנחנו,,זיקוק עבה 2 בשקית,יחידה,0.00,יחידה,false,,8.90,0.0000,true,1,52183
7290004200961,false,זיקוק דק 3X בשקית,Unknown,,זיקוק דק 3 שקיות,יחידה,0.00,יחידה,false,,4.90,0.0000,true,1,52185
7290004219819,false,קומפלטה מלבין קפה הולנדי 200ג,פריזלנד פודס קיוויט,NL,מלבין קפה קומפלטה 20,גרמים,200.00,100 גרם,false,,13.90,6.9500,true,1,47476
7290004255305,false,נר נשמה שבועי בפלסטיק,,,נר נשמה בכוס פלסטיק,יחידה,0.00,יחידה,false,,10.90,0.0000,true,1,142839
7290004255428,false,נר נשמה 24 שעות - מנורה,מנורה,IL,נר נשמה מנורה פחית 2,יחידה,0.00,יחידה,false,,2.50,0.0000,true,1,137593
7290004456283,false,אנטריקוט עגל פריים,,,אנטריקוט עגל פריים,קילוגרמים,1.00,"ק""ג",true,,169.00,169.0000,true,1,142301
7290004480349,false,גבינה גאודה עיזים מש,מחלבת גד,IL,גאודה עיזים מחלבות ג,קילוגרמים,1.00,"ק""ג",true,,139.00,139.0000,true,1,144776
7290004480356,false,"ברי פקאן גלגל גד לק""",מחלבת גד,IL,ברי פקאן צאן 22% מחל,קילוגרמים,1.00,"ק""ג",true,,139.00,139.0000,true,1,144777
7290004494131,false,יין דלתון קברנה סוביניון גליל,"איי, בי, אינבוו",IL,יין קברנה דלתון 750מ,מיליליטרים,750.00,"100 מ""ל",false,,69.90,9.3200,true,1,87099
7290004532024,false,פיצוחי הטיב חמניה קלוף טבעי 200ג,דין שיווק,,חמניה קלוף טבעי 200ג,גרמים,200.00,100 גרם,false,,5.90,2.9500,true,1,65921
7290004532031,false,שקדים קלויים 200 גרם,דין שיווק,,שקד קלוי 200גר,גרמים,200.00,100 גרם,false,,19.90,9.9500,true,1,57570
7290004532062,false,הטיב גרעיני אבטיח 200ג,דין שיווק,,גרעיני אבטיח 200גר,גרמים,200.00,100 גרם,false,,13.90,6.9500,true,1,57572
7290004532086,false,אגוז קשיו 200 גרם,g&g,,קשיו 200גר,גרמים,200.00,100 גרם,false,,18.90,9.4500,true,1,65779
7290004532147,false,הטיב קבוקים 200ג,"גיי אנג גי פקאנס בע""",IL,קבוקים 200גר,גרמים,200.00,100 גרם,false,,4.90,2.4500,true,1,57580
7290004532161,false,אלמנדוס 200 גרם הטיב,יושלם,,חטיף מנצס 200גר,גרמים,200.00,100 גרם,false,,9.90,4.9500,true,1,65780
7290004532369,false,"מנצ""יס פיקנטי הטיב 1","גיי אנג גי פקאנס בע""",IL,חטיף מנצס 180גר,גרמים,180.00,100 גרם,false,,9.90,5.5000,true,1,65929
7290004532390,false,אגוז מלך טבעי קלוף 200 גר',דין שיווק,,אגוזי מלך בשקית 200ג,גרמים,200.00,100 גרם,false,,17.90,8.9500,true,1,57596
7290004532444,false,הטיב שקד טבעי 200ג,g&g,,שקד טבעי 200גרם,גרמים,200.00,100 גרם,false,,19.90,9.9500,true,1,57598
7290004584306,false,רבעיית גמדים בטעם תות בננה * 100 ג' שטראוס,מיוצר עי קונדיטוריית,IL,גמדים תות בננה 5% מא,גרמים,400.00,100 גרם,false,,11.70,2.9250,true,1,56511
7290004584351,false,גבינה במרקם שמנת 5% טבעי 200 ג' סימפוניה,"שטראוס בריאות בע""מ",IL,סימפוניה במרקם שמנת,גרמים,200.00,100 גרם,false,,11.90,5.9500,true,1,56512
7290004584528,false,דנונה ביו יוגורט טבעי 1.5% 200 ג',מיוצר עי קונדיטוריית,IL,דנונה ביו 1.5% 200גר,גרמים,200.00,100 גרם,false,,3.80,1.9000,true,1,56513
7290004585907,false,דני ועדן וניל 1.5% 125ג' שטראוס,מיוצר עי קונדיטוריית,IL,דני וניל 125 גר,גרמים,125.00,100 גרם,false,,2.90,2.3200,true,1,56516
7290004603175,false,מלח הארץ מלחייה גס 500 גרם,תעשיות מלח לישראל,IL,מלח הארץ הים האדום ג,גרמים,500.00,100 גרם,false,,9.90,1.9800,true,1,85033
7290004649982,false,דניס טרי,,,דניס טרי,קילוגרמים,1.00,"ק""ג",true,,69.90,69.9000,true,1,126554
7290004658953,false,יין פרייבט קולקשן סו,"כד בני דרום בע""מ",IL,יין סובניון בלאן לבן,מיליליטרים,750.00,"100 מ""ל",false,,39.90,5.3200,true,1,42799
7290004658960,false,יין פרייבט קולקשן אמ,אגודת הכורמים הקואופ,IL,יין אמרלד ריזלינג לב,מיליליטרים,750.00,"100 מ""ל",false,,39.90,5.3200,true,1,42800
7290004685010,false,לחם 100% שיפון פלוס לחם הארץ 500 גר',מאפית י את א ברמן בע,IL,לחם הארץ שיפון פלוס,גרמים,500.00,100 גרם,false,,17.90,3.5800,true,1,79751
7290004685027,false,ברמן לחם הארץ מחיטה מלאה קל 500גר,מאפית י את א ברמן בע,IL,לחם הארץ חיטה מלאה פ,גרמים,500.00,100 גרם,false,,17.90,3.5800,true,1,79752
7290004685089,false,לחם הארץ לחם חמניות 500 גר',מאפית י את א ברמן בע,IL,לחם הארץ חמניות 500ג,גרמים,500.00,100 גרם,false,,17.90,3.5800,true,1,79753
7290004685157,false,לחם שיפון 100% 750 גרם לחם הארץ,מאפית י את א ברמן בע,IL,לחם הארץ שיפון 100%,גרמים,750.00,100 גרם,false,,17.90,2.3867,true,1,70058
7290004685195,false,לחם 10 דגנים לחם הארץ 750 גרם,מאפית י את א ברמן בע,IL,לחם הארץ 10 דגנים 75,גרמים,750.00,100 גרם,false,,17.90,2.3867,true,1,70059
7290004685201,false,לחם הארץ אגוזים 500 גרם,מאפית י את א ברמן בע,IL,לחם הארץ אגוזים 500ג,גרמים,500.00,100 גרם,false,,17.90,3.5800,true,1,70060
7290004685225,false,לחם פומפרניקל לחם הארץ 750 גרם,מאפית י את א ברמן בע,IL,לחם הארץ פומפרניקל 7,גרמים,750.00,100 גרם,false,,17.90,2.3867,true,1,70061
7290004685430,false,לחם כוסמין לחם הארץ,מאפית י את א ברמן בע,IL,לחם הארץ כוסמין 100%,גרמים,500.00,100 גרם,false,,17.90,3.5800,true,1,116706
7290004685447,false,לחמניות כוסמין 6 יחי' 450 גר',מאפית י את א ברמן בע,IL,לחמניות כוסמין 6יח ש,גרמים,450.00,100 גרם,false,,13.90,3.0889,true,1,132032
7290004731083,false,כיף - סבון ידיים ג'ינסנג 1 ליטר,טרופיקל דגיל תעשיות,IL,כיף אלסבון ג'נסנג 1ל,מיליליטרים,1000.00,"100 מ""ל",false,,14.90,1.4900,true,1,49118
7290004731472,false,"אל סבון צבעוני כיף שלישיה* 500 מ""ל",טרופיקל דגיל תעשיות,IL,כיף אל סבון שלישיה צ,מיליליטרים,1500.00,"100 מ""ל",false,,22.90,1.5267,true,1,49131
7290004731519,false,"מרכך ומבשם מקסימה למייבש אולטרה פרש 750 מ""ל סנו",קריות זול,IL,סנו מקסימה למייבש סנ,מיליליטרים,750.00,"100 מ""ל",false,,21.90,2.9200,true,1,49133
7290004731557,false,"סנו מקסימה למייבש מאסק 750 מ""ל",סנו,IL,סנו מקסימה למייבש מא,מיליליטרים,750.00,"100 מ""ל",false,,21.90,2.9200,true,1,49136
7290004731564,false,"סנו - מקסימה מרסס למייבש כביסה פריחה כחולה 750 מ""ל",סנו,IL,סנו מקסימה למייבש בל,מיליליטרים,750.00,"100 מ""ל",false,,21.90,2.9200,true,1,118144
7290004731687,false,"סנו דואופרש וניל 300 מ""ל",קריות זול,IL,"דואופרש וניל 300 מ""ל",מיליליטרים,300.00,"100 מ""ל",false,,13.90,4.6333,true,1,49141
7290004737719,false,אספרגוס שלם בצנצנת 330 ג' ולי פוד,קריות זול,CN,אספרגוס שלם בצנצנת 3,גרמים,330.00,100 גרם,false,,11.90,3.6061,true,1,95435
7290004737900,false,וילי פוד חלב מרוכז ממותק397ג,יו.איי.בי מאריג'אמפו,LT,חלב מרוכז ממותק 397,גרמים,397.00,100 גרם,false,,11.90,2.9975,true,1,47485
7290005020346,false,בקרדי קרטה בלנקה סופ,תאגיד בקרדי,US,רום בקרדי לבן 7 750מ,מיליליטרים,750.00,"100 מ""ל",false,,119.90,15.9867,true,1,69498
7290005068492,false,לקט ירקות מעורבים 700 ג' פרי הגליל,"פרי הגליל בע""""מ",IL,לקט ירקות מעורבים 70,גרמים,700.00,100 גרם,false,,12.90,1.8429,true,1,59566
7290005084355,false,"סנסודיין - משחת שיניים דואל קר זהב 75 מ""ל",גלקסו סמית קליין,GB,סנסודיין משחת שיניים,מיליליטרים,75.00,"100 מ""ל",false,,22.90,30.5333,true,1,61313
7290005174513,false,חציל במיונז 500 ג' אחלה,מיוצר עי קונדיטוריית,IL,חציל במיונז אחלה 500,גרמים,500.00,100 גרם,false,,16.90,3.3800,true,1,56519
7290005174568,false,חציל אחלה במיונז 125 גר',מיוצר עי קונדיטוריית,IL,סלט חצילים אחלה 125ג,גרמים,125.00,100 גרם,false,,5.80,4.6400,true,1,56521
7290005197758,false,עוגיות חיוכים שוקו שוקו 150ג',אפיפית נצרת תעשיות ב,IL,עוגיות חיוכים שוקו 1,גרמים,150.00,100 גרם,false,,5.30,3.5333,true,1,56528
7290005200786,false,תפוצ'יפס שמנת ובצל 50 גרם,"שטראוס פריטו ליי בע""",IL,תפוציפס שמנת ובצל 50,גרמים,50.00,100 גרם,false,,4.50,9.0000,true,1,50696
7290005287206,false,טונה בשמן סטארקיסט 4*160 ג',"סטארקיסט פודור בע""מ",,טונה בשמן רביעייה סט,גרמים,640.00,100 גרם,false,,26.90,4.2031,true,1,48239
7290005287251,false,טונה במים סטארקיסט 4*160 ג',"איטיליאן פוד, אס.פי.",,טונה במים רביעייה סט,גרמים,640.00,100 גרם,false,,26.90,4.2031,true,1,48241
7290005287510,false,טונה בשמן עם בפלפל חריף 160 ג' סטארקיסט,תאי יוניון גרופ,TH,טונה סטארקיסט בשמן פ,גרמים,160.00,100 גרם,false,,8.50,5.3125,true,1,48246
7290005287527,false,טונה בשמן עם לימון 160 ג' סטארקיסט,תאי יוניון גרופ,TH,טונה סטארקיסט בשמן ל,גרמים,160.00,100 גרם,false,,8.50,5.3125,true,1,48247
7290005287534,false,טונה בשמן עישון טבעי 160 ג' סטארקיסט,תאי יוניון גרופ,TH,טונה סטארקיסט בשמן ע,גרמים,160.00,100 גרם,false,,8.50,5.3125,true,1,48248
7290005287657,false,סטארקיסט ממרח טונה 160 ג',סטארקיסט,IL,ממרח טונה סטארקיסט 1,גרמים,160.00,100 גרם,false,,8.50,5.3125,true,1,48255
7290005296246,false,"פותח סתימות דריין אאוט 946 מ""ל יעקבי",יוליניבר,US,כלורקס פותח סתימות 9,מיליליטרים,946.00,"100 מ""ל",false,,29.90,3.1607,true,1,50447
7290005296260,false,"אסטוניש ספריי רסס ונגב לניקוי כללי 750 מ""ל",אסטוניש Astonish,GB,אסטוניש רסס ונגב 750,מיליליטרים,750.00,"100 מ""ל",false,,16.90,2.2533,true,1,50448
7290005296895,false,פוליבוי קצף לכלי כסף,,,פוליבוי קצף לכלי כסף,מיליליטרים,100.00,"100 מ""ל",false,,24.90,24.9000,true,1,50454
7290005326585,false,ממרח אוליביה פסטו בזיליקום 180 ג',"אוליביה גורמה בע""מ",IL,פסטו בזיליקום אוליבי,גרמים,180.00,100 גרם,false,,13.90,7.7222,true,1,121641
7290005384851,false,וילי פוד מיץ לימון בדץ 200מל,קריות זול,IT,מיץ לימון ויליפוד 20,מיליליטרים,200.00,"100 מ""ל",false,,5.90,2.9500,true,1,121051
7290005423499,false,"סנו נירוסטה אירוסול 500 מ""ל",מיוצר עי קונדיטוריית,IL,סנו נירוסטה אירוסול,מיליליטרים,475.00,"100 מ""ל",false,,22.90,4.8211,true,1,49160
7290005423567,false,מטליות לניקוי כללי בגליל 40 יח' סנו סושי,אסותא תעשיות אלבד בע,IL,סנו סושי בגליל 40יח,יחידה,0.00,יחידה,false,,22.90,0.0000,true,1,130521
7290005423635,false,ריצפז נוזל לניקוי רצפות דוחה חרקים 2 ל',מיוצר עי קונדיטוריית,IL,ריצפז פלוס דוחה חרקי,ליטרים,2.00,ליטר,false,,25.90,12.9500,true,1,49164
7290005423734,false,סנו - מקסימה מרכך כביסה אולטרה פרש 4 ליטר,"סנו מפעלי ברונוס בע""",IL,סנו מקסימה מרכך כביס,ליטרים,4.00,ליטר,false,,23.90,5.9750,true,1,49165
7290005423833,false,סנו פוליויקס פרקט 2 ליטר,"סנו מפעלי ברונוס בע""",IL,פוליויקס פרקט 2ליטר,ליטרים,2.00,ליטר,false,,24.90,12.4500,true,1,49166
7290005423918,false,סנו - מקסימה מרכך כביסה היפואלרגני אלוורה 4 ליטר,קריות זול,IL,סנו מקסימה מרכך כביס,ליטרים,4.00,ליטר,false,,23.90,5.9750,true,1,49169
7290005424021,false,"מנטרל ריחות פרשם הום 350 מ""ל סנו",,,סנו ריפרש מנטרל ריחו,מיליליטרים,350.00,"100 מ""ל",false,,15.90,4.5429,true,1,146373
7290005424403,false,"אל סבון כיף אצות ים קטיפתי 1ליטר,",טרופיקל דגיל תעשיות,IL,כיף אל סבון אצות ים,מיליליטרים,1000.00,"100 מ""ל",false,,14.90,1.4900,true,1,49176
7290005424755,false,מטליות ריצפז פלוס לחות לניקוי רצפות דוחה תיקנים 10 יח' סנו,סנו מפעלי ברונוס בעמ,IL,ריצפז פלוס מטליות לח,יח',10.00,יח',false,,16.90,1.6900,true,1,123336
7290005424915,false,"סנומוד לבנדר פצ''ולי 150 מ""ל",סנו מפעלי בורונוס בע,IL,סנו מוד לבנדר פצ'ולי,מיליליטרים,150.00,"100 מ""ל",false,,14.90,9.9333,true,1,49188
7290005425646,false,סנו קליר ספריי אקדח לניקוי והברקת חלונות 1ל',"סנו מפעלי ברונוס בע""",IL,סנוקליר לניקוי חלונו,מיליליטרים,1000.00,"100 מ""ל",false,,10.90,1.0900,true,1,49202
7290005425714,false,לשטיחים סנופלוס ספרי,"איי, בי, אינבוו",IL,סנו פלוס שמפו שטיחים,יחידה,600.00,יחידה,false,,29.90,0.0498,true,1,49204
7290005426193,false,ספוג הפלא אריזת סנו 6יח',טרופיקל דגיל תעשיות,IL,סנו סושי ספוג הפלא 6,יחידה,0.00,יחידה,false,,12.90,0.0000,true,1,49214
7290005426735,false,"סנו - מקסימה אבקת כביסה בלאק 1.25 ק""ג",קריות זול,IL,סנו מקסימה בלאק אבקת,קילוגרמים,1.25,"ק""ג",false,,15.90,12.7200,true,1,49231
7290005426803,false,סנו מקסימה מרכך כביסה פצ''ולי סגול 4 ל',קריות זול,,סנו מקסימה מרכך כביס,ליטרים,4.00,ליטר,false,,23.90,5.9750,true,1,49232
7290005427107,false,סנו - סושי מגבות נייר הפלא 6 יחידות,מיוצר עי קונדיטוריית,IL,סנו סושי מגבות הפלא,יח',6.00,יח',false,,13.90,2.3167,true,1,49244
7290005427725,false,מגבונים ליטופים מארז חמישיה,טרופיקל דגיל,IL,מגבוני ליטופים מבושם,יח',5.00,יח',false,,22.90,4.5800,true,1,130533
7290005429279,false,"אבקת כביסה מקסימה אפקט 6 ק""ג סנו",סנו,IL,סנו מקסימה אבקת כביס,קילוגרמים,6.00,"ק""ג",false,,49.90,8.3167,true,1,49310
7290005430480,false,מטלית הפלא מיקרופייבר סנו סושי,קריות זול,CN,מטלית הפלא מיקרופייב,יחידה,0.00,יחידה,false,,9.90,0.0000,true,1,49312
7290005430602,false,"סנו - אוקסיג'ן מרסס מסיר כתמים 750 מ""ל","סנו מפעלי ברונוס בע""",IL,סנו אוקסיגן מסיר כתמ,מיליליטרים,750.00,"100 מ""ל",false,,19.90,2.6533,true,1,49316
7290005430862,false,מים מזוקקים למגהץ ול,,,מים מזוקקים 4 ליטר,ליטרים,4.00,ליטר,false,,19.90,4.9750,true,1,49326
7290005431883,false,קינוח מלבי חלבי עדן,עדן קינוחים Eden,IL,מלבי חלבי 165 גרם,גרמים,165.00,100 גרם,false,,7.50,4.5455,true,1,136975
7290005437540,false,פיטריות חתוך טעמן 290 גר',,,פטריות חתוכות טעמן 2,גרמים,290.00,100 גרם,false,,4.90,1.6897,true,1,126182
7290005509445,false,מיני קוקיס בטעם חמאה 600 גר',כרמית תעשיות ממתקים,IL,מיני קוקיס בטעם חמאה,גרמים,600.00,100 גרם,false,,17.90,2.9833,true,1,58836
7290005559709,false,בורקס פיצה מעדנות 700 ג',"מעדנות בע""מ",IL,בורקס פיצה מעדנות 70,גרמים,700.00,100 גרם,false,,28.90,4.1286,true,1,52661
7290005559907,false,פיצה משפחתית גבינה 500 ג' מעדנות,מיוצר עי קונדיטוריית,IL,פיצה משפחתית גבינה מ,גרמים,500.00,100 גרם,false,,23.90,4.7800,true,1,52665
7290005559914,false,פיצה משפחתית זיתים 550 ג' מעדנות,מיוצר עי קונדיטוריית,IL,פיצה משפחתית זיתים מ,גרמים,550.00,100 גרם,false,,23.90,4.3455,true,1,52666
7290005559990,false,בצק פילאס תורכי מעדנות 600 גרם,מיוצר עי קונדיטוריית,IL,בצק פילאס תורכי מעדנ,גרמים,600.00,100 גרם,false,,24.90,4.1500,true,1,52674
7290005591761,false,דבש טהור מפרחי בר בלחיץ 400 ג' יד מרדכי,מכוורת יד מרדכי שטרא,IL,*מבצע* דבש טהור מפרח,גרמים,400.00,100 גרם,false,,19.90,4.9750,true,1,56552
7290005609121,false,פילה סלמון טרי,,,פילה סלמון טרי,קילוגרמים,1.00,"ק""ג",true,,119.00,119.0000,true,1,126557
7290005609138,false,פילה אמנון ענק טרי,,,פילה אמנון ענק טרי,קילוגרמים,1.00,"ק""ג",true,,59.90,59.9000,true,1,126558
7290005610509,false,צנוניות ארוזות דוד מ,חקלאי,IL,צנוניות יח,יחידה,0.00,יחידה,false,,5.90,0.0000,true,1,118199
7290005651069,false,"לה קט מיקס 2.85 ק""ג",קריות זול,FR,לה קט מיקס 2.85קג,קילוגרמים,2.85,"ק""ג",false,,79.90,28.0351,true,1,48261
7290005651427,false,מעדני בונזו מולטיפק שלישיה * 410 ג',קריות זול,FR,בונזו מולטי פק 3*400,גרמים,1200.00,100 גרם,false,,24.90,2.0750,true,1,48265
7290005686436,false,תפוח עץ מיובש ששון ה,"דין שיווק וקליה בע""מ",,תפוח עץ מיובש 200גר,גרמים,200.00,100 גרם,false,,14.90,7.4500,true,1,85801
7290005689369,false,סינטה עגל,,,סינטה עגל,קילוגרמים,1.00,"ק""ג",true,,139.90,139.9000,true,1,146172
7290005838002,false,מעדן גבינה ויוגורט בטעם וניל 88 ג' דניאלה,"שטראוס בריאות בע""מ",IL,דניאלה מעדן בטעם וני,מיליליטרים,150.00,"100 מ""ל",false,,4.30,2.8667,true,1,56557
7290005838613,false,שטראוס גבינת וניל 3% 125ג,"שטראוס בריאות בע""מ",IL,קרם גבינה 3% בטעם ונ,גרמים,125.00,100 גרם,false,,4.00,3.2000,true,1,56560
7290005838972,false,גבינת יום יום 5% שטראוס 125ג',מיוצר עי קונדיטוריית,IL,סקי גבינת לבנה 5% 12,גרמים,125.00,100 גרם,false,,3.70,2.9600,true,1,56561
7290005839078,false,"דנונה יוגורט ביו 3% לבן מארז 150X8מ""ל",מיוצר עי קונדיטוריית,IL,דנונה ביו מארז שמיני,גרמים,1200.00,100 גרם,false,,17.70,1.4750,true,1,56562
7290005839108,false,סימפוניה 5% עם זיתים 200 ג' שטראוס,"שטראוס בריאות בע""מ",IL,סימפוניה זיתים 5% 20,גרמים,200.00,100 גרם,false,,11.90,5.9500,true,1,56563
7290005839313,false,"מילקי טופ שוקולד מגולגל 170 מ""ל",מיוצר עי קונדיטוריית,IL,מילקי טופ מגולגלת 14,מיליליטרים,142.00,"100 מ""ל",false,,4.90,3.4507,true,1,56564
7290005896620,false,מים מוגז ' סאן בנדטו ' יחידה,אקווה מינרלה סאן בנד,IT,סאן בנדטו מים מינרלי,מיליליטרים,1500.00,"100 מ""ל",false,,3.90,0.2600,true,1,43836
7290005896637,false,מים סן בנדטו בודד 1.5 ליטר,אקווה מינרלה סאן בנד,IT,סאן בנדטו 1.5 ליטר,מיליליטרים,1500.00,"100 מ""ל",false,,3.90,0.2600,true,1,83624
7290005992018,false,"יוגורט עיזים לשתייה 3% 500 מ""ל רובין","מיוצר ע""י קוד יצרן M",IL,יוגורט עיזים 3% 500מ,מיליליטרים,500.00,"100 מ""ל",false,,15.70,3.1400,true,1,43006
7290005992575,false,בולגרית למריחה 5% 250 גרם - רבנות,מחלבות גד בעמ,IL,בולגרית למריחה 5% 25,גרמים,250.00,100 גרם,false,,19.90,7.9600,true,1,43010
7290005992735,false,לאבנה 5% שומן 250 ג' גד,הנסיך- מפעל לייצור ט,IL,לאבנה 5% 250גר מחלבו,גרמים,250.00,100 גרם,false,,13.50,5.4000,true,1,43013
7290005996078,false,סרוולד הונגרי יחיעם,מעדני יחיעם,IL,סרוולד הונגרי יחיעם,גרמים,125.00,100 גרם,false,,29.90,23.9200,true,1,138261
7290005996153,false,נקניקיות צרפתיות פרימיום 280 ג',מעדני יחיעם,IL,נקניקיות צרפתיות פרי,גרמים,280.00,100 גרם,false,,24.90,8.8929,true,1,132783
7290005996160,false,נקניקיות צ'וריסוס פרימיום 280 ג',פ.פ.ח. שאביט,IL,נקניקיות צ'וריסו פרי,גרמים,280.00,100 גרם,false,,24.90,8.8929,true,1,132784
7290005996221,false,פסטרמה של פעם דק דק 120 גר',פ.פ.ח. שאביט,IL,פסטרמה של פעם דק דק,גרמים,120.00,100 גרם,false,,14.90,12.4167,true,1,138649
7290005996238,false,פסטרמה בדבש דק דק 120 גר',פ.פ.ח. שאביט,IL,פסטרמה בדבש דק דק 12,גרמים,120.00,100 גרם,false,,14.90,12.4167,true,1,138650
7290005996276,false,פסטרמה ברבקיו דק דק 120 גר',פ.פ.ח. שאביט,IL,פסטרמה ברביקיו דק דק,גרמים,120.00,100 גרם,false,,14.90,12.4167,true,1,138651
7290005996825,false,נקניקיות פרימיום בקר,מעדני יחיעם 1993,IL,נקניקיות בקר בסגנון,גרמים,280.00,100 גרם,false,,24.90,8.8929,true,1,141860
7290006185501,false,"פנינה רוזנבלום -אל סבון נוזלי ורוד,1 ליטר",,,אל סבון ורוד פנינה ר,מיליליטרים,1000.00,"100 מ""ל",false,,11.90,1.1900,true,1,131399
7290006185518,false,"פנינה רוזנבלום -אל סבון נוזלי כחול,1 ליטר",,,אל סבון כחול פנינה ר,מיליליטרים,1000.00,"100 מ""ל",false,,11.90,1.1900,true,1,131400
7290006199027,false,שלגוני גלידל שמינייה,הגלידות של פלדמן,IL,גלידל חלבי מאגדת בטע,יח',8.00,יח',false,,29.90,3.7375,true,1,141200
7290006199218,false,גלידל מאגדת בטעם איי,הגלידות של פלדמן,IL,גלידל חלבי מאגדת בטע,יח',8.00,יח',false,,29.90,3.7375,true,1,141199
7290006199942,false,מאגדת גלידל פרי דובד,הגלידות של פלדמן,IL,גלידל פרי מאגדת בטעם,יח',8.00,יח',false,,24.90,3.1125,true,1,141193
7290006229427,false,"סאן בנדטו מים מהאלפים מארז 500X6מ""ל",קריות זול,,סאן בנדטו שישייה 6*5,מיליליטרים,3000.00,"100 מ""ל",false,,15.90,0.5300,true,1,43844
7290006229588,false,בירה איגל פחית זהב 500 מל',"טמפו משקאות בע""מ",IL,בירה איגל זהב פחית 5,מיליליטרים,500.00,"100 מ""ל",false,,6.90,1.3800,true,1,119260
7290006241511,false,"פריגת קפוא לימון נענע 280 מ""ל",היינץ צפון אמריקה מק,IL,פריגת לימון נענע קפו,גרמים,340.00,100 גרם,false,,15.90,4.6765,true,1,51044
7290006251107,false,תה ויסוצקי צ'אי מסאלה 25 יח',מולינו ניקולי s.p.a,IL,תה מסאלה ויסוצקי 25י,יח',25.00,יח',false,,19.90,0.7960,true,1,53939
7290006251268,false,תה ירוק תפוח וקינמון 25 שקיקים,קריות זול,IL,תה ירוק תפוח וקינמון,גרמים,37.50,100 גרם,false,,27.90,74.4000,true,1,70288
7290006251275,false,תה ויסוצקי ירוק סיני 25יח',קריות זול,IL,תה ירוק סיני 25יח,גרמים,37.50,100 גרם,false,,27.90,74.4000,true,1,53941
7290006256775,false,יין גאטו נגרו מלבק 7,,,גאטו נגרו מלבק 750 מ,מיליליטרים,750.00,"100 מ""ל",false,,39.90,5.3200,true,1,143036
7290006265500,false,פטריות שמפיניון ארוז מרינה,"מרינה פטריות הגליל בע""מ",IL,פטריות שמפיניון ארוז,גרמים,250.00,100 גרם,false,,9.90,3.9600,true,1,43455
7290006271174,false,מעדנות גחנון לאפייה בתנור 700גר,מיוצר עי קונדיטוריית,IL,גחנון לאפיה בתנור מע,גרמים,700.00,100 גרם,false,,19.90,2.8429,true,1,52678
7290006271181,false,מעדנות גחנון אפוי 750 גרם,מיוצר עי קונדיטוריית,IL,גחנון אפוי מעדנות 75,גרמים,750.00,100 גרם,false,,27.90,3.7200,true,1,52679
7290006271648,false,"מיני בורקס תפו""א 800 ג' מעדנות","מעדנות בע""מ",IL,"מיני בורקס תפו""א מעד",גרמים,800.00,100 גרם,false,,25.90,3.2375,true,1,52694
7290006271655,false,מיני בורקס גבינה 800 ג' מעדנות,מיוצר עי קונדיטוריית,IL,מיני בורקס גבינה מעד,גרמים,800.00,100 גרם,false,,28.90,3.6125,true,1,52695
7290006272072,false,חטיפי פיצה בשקית מעדנות 650ג',"מעדנות בע""מ",IL,חטיפי פיצה מעדנות 65,גרמים,650.00,100 גרם,false,,34.90,5.3692,true,1,52707
7290006272430,false,בצק עלים חמאה מעדנות 600 ג',מיוצר עי קונדיטוריית,IL,בצק עלים חמאה מעדנות,גרמים,600.00,100 גרם,false,,29.90,4.9833,true,1,52714
7290006306296,false,רביולי במילוי גבינה לילדים 400 ג' פסטה נונה,פסטנונה רמת דלטון מר,IL,רביולי במילוי גבינה,גרמים,400.00,100 גרם,false,,26.90,6.7250,true,1,72585
7290006306319,false,רביולי במילוי בטטה 400 ג' פסטה נונה,דורום תעשיות מזון ופ,IL,רביולי במילוי בטטה 4,גרמים,400.00,100 גרם,false,,26.90,6.7250,true,1,43026
7290006306326,false,רביולי במילוי פטריות וגבינת פרמזן פסטה נונה 400 ג',דורום תעשיות מזון ופ,IL,רביולי במילוי פטריות,גרמים,400.00,100 גרם,false,,26.90,6.7250,true,1,43027
7290006342072,false,גרעין דלעת קלוי ששון,דין שיווק,IL,גרעין דלעת קלוי ששון,גרמים,200.00,100 גרם,false,,7.90,3.9500,true,1,115433
7290006342089,false,גרעיני חמניה קלויים,דין שיווק,,גרעין שחור 200גרם,גרמים,200.00,100 גרם,false,,4.90,2.4500,true,1,81297
7290006342515,false,מנציס 200 גרם,יושלם,,מנצס 200גרם,גרמים,200.00,100 גרם,false,,6.90,3.4500,true,1,88961
7290006342553,false,קבוקים עם שומשום ששו,"דין שיווק וקליה בע""מ",,קבוקים 200גר,גרמים,200.00,100 גרם,false,,5.00,2.5000,true,1,105778
7290006342560,false,בוטנים אמריקאים מצופ,דין שיווק,IL,בוטנים מצופים 200גר,גרמים,200.00,100 גרם,false,,5.00,2.5000,true,1,105779
7290006346025,false,ציזיקי יווני מונטה ק,קלאס פוד,IL,סלט צאזיקי יווני 250,גרמים,250.00,100 גרם,false,,23.90,9.5600,true,1,147094
7290006346063,false,לאבנה בשמן זית וזעתר,מונטה קרלו,IL,לאבנה בשמן זית וזעתר,גרמים,250.00,100 גרם,false,,23.90,9.5600,true,1,147100
7290006346162,false,טורשי ירקות דלי מונט,מונטה קרלו,IL,טורשי ירקות כבושים 3,גרמים,330.00,100 גרם,false,,25.90,7.8485,true,1,137804
7290006346414,false,סלט אבוקדו 250 גרם,קלאס פוד,IL,סלט אבוקדו 250 גרם,גרמים,250.00,100 גרם,false,,23.90,9.5600,true,1,147090
7290006346452,false,טונה זיתים ללא מיונז,מונטה קרלו,IL,טונה זיתים (ללא מיונ,גרמים,250.00,100 גרם,false,,24.90,9.9600,true,1,147092
7290006346643,false,חומוס זעתר 250 גרם ס,,,חומוס זעתר 250 גרם ס,גרמים,250.00,100 גרם,false,,16.90,6.7600,true,1,137789
7290006346773,false,רוטב צימיצורי גביע 2,,,רוטב צימיצורי גביע 2,גרמים,250.00,100 גרם,false,,22.90,9.1600,true,1,140676
7290006346834,false,פלפלית בלימון חריף מ,מונטה קרלו,IL,פלפלית בלימון חריף ג,גרמים,250.00,100 גרם,false,,16.90,6.7600,true,1,140673
7290006346971,false,חציל אפוי במיונז מונ,מונטה קרלו,IL,חציל אפוי במיונז 250,גרמים,250.00,100 גרם,false,,17.90,7.1600,true,1,137781
7290006346995,false,חציל בטעם כבד מונטה,מונטה קרלו,IL,חציל בטעם כבד גביע 2,גרמים,250.00,100 גרם,false,,23.90,9.5600,true,1,140660
7290006374738,false,קונפיטורה תות 340 ג' יד מרדכי,אף.סי תבליני בגליל ב,IL,קונפיטורת תות יד מרד,גרמים,340.00,100 גרם,false,,14.90,4.3824,true,1,56577
7290006376022,false,קורנפלור 200גר פרימי,,,קורנפלור 200גר פרימי,גרמים,200.00,100 גרם,false,,4.90,2.4500,true,1,138721
7290006376626,false,אבקת סוכר מהדרין 100 ג',,,אבקת סוכר פרימיום 10,גרמים,100.00,100 גרם,false,,2.70,2.7000,true,1,123475
7290006376695,false,עשיריית אבקת אפיה 10,,,אבקת אפיה 10*10גר פר,גרמים,100.00,100 גרם,false,,2.70,2.7000,true,1,123473
7290006464293,false,כבד בקר לצליה לא מוכ,,,כבד בקר לצליה לא מוכ,קילוגרמים,1.00,"ק""ג",true,,29.90,29.9000,true,1,42692
7290006492432,false,גבינת מוצרלה בייבי 18% 300 ג' גד,מחלבות גד בעמ,IL,בייבי מוצרלה מחלבות,גרמים,100.00,100 גרם,false,,16.70,16.7000,true,1,43040
7290006492616,false,גבינה בולגרית פרוסות 5% 250 ג' גד,DSH עבור מחלבות גד ב,IL,בולגרית פרוסות 5% 25,גרמים,250.00,100 גרם,false,,28.90,11.5600,true,1,43041
7290006492630,false,גליל גד עז 22% 180 גרם - רבנות,מחלבות גד בעמ,IL,גבינת גליל מחלבות גד,גרמים,180.00,100 גרם,false,,24.80,13.7778,true,1,43042
7290006492647,false,גד מטבעות גבינת עיזים 22% 150 ג',"מיוצר ע""י קוד יצרן t",IL,מחלבות גד מטבעות גבי,גרמים,150.00,100 גרם,false,,25.90,17.2667,true,1,59861
7290006492685,false,לאבנה עיזים 5% 250 גרם - רובין,מחלבות גד בעמ,IL,לאבנה עזים 5% 250גר,גרמים,250.00,100 גרם,false,,18.90,7.5600,true,1,43043
7290006492852,false,גבינת עיזים למריחה 5% שומן 250 ג' גד,קריות זול,IL,*מבצע* גבינת עיזים 5,גרמים,250.00,100 גרם,false,,16.90,6.7600,true,1,43048
7290006492913,false,לאבנה ציזיקי למריחה 5% שומן 250 ג' גד,מחלבות גד בעמ,IL,לאבנה ציזיקי 250גר מ,גרמים,250.00,100 גרם,false,,14.70,5.8800,true,1,43051
7290006494917,false,מרמולייט ופל בטעם שוקולד 180 ג',"איטיליאן פוד, אס.פי.",IL,וופל מרמולייט ופל בט,גרמים,180.00,100 גרם,false,,11.90,6.6111,true,1,48729
7290006494924,false,מרמולייט וופל בטעם לימון 200 ג',קריות זול,,וופל מרמולייט ופל בט,גרמים,180.00,100 גרם,false,,11.90,6.6111,true,1,48730
7290006498052,false,דנונה ביו יוגורט טבעי מהדרין 3% 150 ג',שטראוס גרופ,,יוגורט טבעי מהדרין 3,מיליליטרים,150.00,"100 מ""ל",false,,3.10,2.0667,true,1,83248
7290006567048,false,קוסקוס ישראלי מפתול אסם 350ג',"מיוצר ע""י קוד יצרן K",IL,פתיתי קוסקוס ישראלי,גרמים,350.00,100 גרם,false,,8.90,2.5429,true,1,46836
7290006582355,false,סילאן דבש תמרים כשר,"דין שיווק וקליה בע""מ",IL,סילאן 900 גרם,גרמים,900.00,100 גרם,false,,12.90,1.4333,true,1,65420
7290006618078,false,"אסטוניש מרסס ניקוי יסודי 750 מ""ל",אסטוניש Astonish,GB,אסטוניש מרסס ניקוי י,מיליליטרים,750.00,"100 מ""ל",false,,16.90,2.2533,true,1,50458
7290006618085,false,"אסטוניש - מרסס לחדר האמבט עם אקונומיקה 750 מ""ל",אסטוניש Astonish,GB,אסטוניש מרסס לאמבט 7,מיליליטרים,750.00,"100 מ""ל",false,,16.90,2.2533,true,1,50459
7290006653765,false,פסטה פרפקטו פטוציני 500ג' אסם,קריות זול,IT,פסטה פרפקטו פטוציני,גרמים,500.00,100 גרם,false,,8.90,1.7800,true,1,46853
7290006653819,false,קוסקוס דק בשקית אסם,"מיוצר ע""י קוד יצרן K",IL,קוסקוס דק אסם 350 גר,גרמים,350.00,100 גרם,false,,8.90,2.5429,true,1,46854
7290006664037,false,גמדים דגנים ארוחת בוקר מארז 100X4ג',"שטראוס בריאות בע""מ",IL,גמדים תפוח בננה 5% מ,גרמים,400.00,100 גרם,false,,11.70,2.9250,true,1,56597
7290006664051,false,"אקטימל לבן מארז 100X14 מ""ל",מיוצר עי קונדיטוריית,IL,אקטימל טבעי 14*100מל,מיליליטרים,1400.00,"100 מ""ל",false,,33.70,2.4071,true,1,56598
7290006664310,false,גבינה לבנה 3% שומן 250 ג' שטראוס,מיוצר עי קונדיטוריית,IL,קרם גבינה 3% סקי 250,גרמים,250.00,100 גרם,false,,4.90,1.9600,true,1,56603
7290006664402,false,גבינה 5% שומן 750 ג' שטראוס,מיוצר עי קונדיטוריית,IL,גבינה לבנה סקי 5% 75,גרמים,750.00,100 גרם,false,,14.94,1.9920,true,1,56606
7290006664532,false,יוגורט עם תות 3% שומן 150 ג' דנונה,מיוצר עי קונדיטוריית,IL,דנונה תות 1.5% 150 מ,מיליליטרים,150.00,"100 מ""ל",false,,3.90,2.6000,true,1,56609
7290006664655,false,"אקטימל לבן טבעי מארז 100X8 מ""ל",מיוצר עי קונדיטוריית,IL,?אקטימל דנונה 100x8,מיליליטרים,800.00,"100 מ""ל",false,,21.90,2.7375,true,1,56612
7290006664693,false,יוגורט עם אפרסק 3% שומן 150 ג' דנונה,מיוצר עי קונדיטוריית,IL,דנונה אפרסק 1.5% 150,גרמים,150.00,100 גרם,false,,3.90,2.6000,true,1,56614
7290006664990,false,דנונה ביו מארז חיסכון 1.5% 8 יח' *150 ג',מיוצר עי קונדיטוריית,IL,דנונה ביו מארז שמיני,גרמים,1200.00,100 גרם,false,,17.70,1.4750,true,1,56618
7290006681553,false,שטראוס קרמבו ווניל 8יח,"גלידת שטראוס בע""מ",IL,קרמבו וניל שטראוס 8י,יח',8.00,יח',false,,16.90,2.1125,true,1,52378
7290006681560,false,שטראוס קרמבו מוקה 8יח,"גלידת שטראוס בע""מ",IL,קרמבו מוקה שטראוס 8י,יח',8.00,יח',false,,16.90,2.1125,true,1,52379
7290006737915,false,דובשניות חפץ 300 גר',,,דובשניות 300גר,גרמים,300.00,100 גרם,false,,8.90,2.9667,true,1,71968
7290006739292,false,נקניק פסטרמה פרגיות ציפוי תירס,נקניק נהריה כשר זוגל,IL,פסטרמה תבור זוגלובק,גרמים,330.00,100 גרם,false,,31.90,9.6667,true,1,53467
7290006739414,false,סלמי קוניאק 300 ג' זוגלובק,נקניק נהריה כשר זוגל,IL,סלמי קוניאק זוגלובק,גרמים,300.00,100 גרם,false,,29.90,9.9667,true,1,53473
7290006739421,false,סלמי מעושן איטלקי 300 ג' זוגלובק,נקניק נהריה כשר זוגל,IL,סלמי מעושן איטלקי זו,גרמים,300.00,100 גרם,false,,29.90,9.9667,true,1,53474
7290006739445,false,שניצל תירס קלאסי 750 ג' זוגלובק,נקניק נהריה כשר זוגל,IL,שניצל תירס קלאסי זוג,גרמים,750.00,100 גרם,false,,28.90,3.8533,true,1,53476
7290006739544,false,כתף בקר 300 ג' זוגלובק,זוגלובק,IL,כתף בקר זוגלובק 300ג,גרמים,300.00,100 גרם,false,,36.90,12.3000,true,1,63071
7290006742292,false,פסטרמה הודו בדבש 330 ג' זוגלובק,נקניק נהריה כשר זוגל,IL,פסטרממיה בדבש 1% זוג,גרמים,330.00,100 גרם,false,,31.90,9.6667,true,1,63077
7290006742315,false,פסטרמה חזה הודו ברביקיו זוגלובק 330 ג',נקניק נהריה כשר זוגל,IL,חזה הודו ברביקיו 1%,גרמים,330.00,100 גרם,false,,31.90,9.6667,true,1,63079
7290006764478,false,בירה שחורה מאלט בקבו,"טמפו משקאות בע""מ",IL,נשר מאלט 330מל',מיליליטרים,330.00,"100 מ""ל",false,,6.90,2.0909,true,1,43853
7290006764485,false,"בירה נשר מאלט שחורה מארז 330X6מ""ל",קריות זול,,נשר מאלט בקבוק שישיי,מיליליטרים,1980.00,"100 מ""ל",false,,33.90,1.7121,true,1,43854
7290006765000,false,טורטיות חיטה מלאה 8יח 540 ג',אלקטי קוראבייכיסיגיד,TR,טורטיות מקמח חיטה מל,גרמים,540.00,100 גרם,false,,10.00,1.8519,true,1,124553
7290006765772,false,אננס מסוכר מיובש בקו,שקדיה,,אננס מסוכר מיובש 200,גרמים,200.00,100 גרם,false,,15.90,7.9500,true,1,89780
7290006775030,false,"עוגה מבית טוב"" 450 גרם שוקו-ציפס",אחדות ביחר לטחינה חל,IL,עוגת שוקולד 450גר,גרמים,450.00,100 גרם,false,,10.90,2.4222,true,1,65175
7290006775085,false,עוגת שמרים במילוי שוקולד 400גר,אחדות ביחר לטחינה חל,IL,עוגת שמרים שוקולד 40,גרמים,400.00,100 גרם,false,,12.90,3.2250,true,1,65178
7290006775344,false,עוגת שמרים קינמון ואגוזי מלך 400 גרם,אחדות ביחר לטחינה חל,IL,עוגת שמרים קינמון וא,גרמים,400.00,100 גרם,false,,12.90,3.2250,true,1,65180
7290006775795,false,"עוגת תפו""ע אחוה במילוי עדין 450'","אחדות ביח""ר לטחינה ח",IL,עוגת תפוח עץ ממולאת,גרמים,450.00,100 גרם,false,,13.90,3.0889,true,1,80332
7290006805355,false,תערובת להכנת כדורי שוקולד פילסברי 500ג',הדקלאים אגודת שיתופי,IL,כדורי שוקולד פילסברי,גרמים,500.00,100 גרם,false,,19.90,3.9800,true,1,54491
7290006805850,false,תערובת להכנת פנקייקס 500ג' פילסברי,הדקלאים אגודת שיתופי,IL,תערובת להכנת פנקייקס,גרמים,500.00,100 גרם,false,,19.90,3.9800,true,1,54492
7290006822192,false,מיץ חמוציות דיאט אושן ספריי 1 ליטר,מבשלות בירה בינלאומי,IL,אושן ספריי דיאט חמוצ,מיליליטרים,1000.00,"100 מ""ל",false,,13.90,1.3900,true,1,51064
7290006866363,false,פרימור סחוט אשכולית אדומה 1ל',"גניר (1992) בע""מ",IL,פרימור אשכולית אדומה,מיליליטרים,1000.00,"100 מ""ל",false,,17.90,1.7900,true,1,56622
7290006960023,false,כרוב כבוש מאמא מרי,,,כרוב כבוש מאמא מרי,יחידה,0.00,יחידה,false,,19.90,0.0000,true,1,126509
7290006960399,false,פטריות במלח יחידה 40,,,פטריות במלח יחידה 40,גרמים,400.00,100 גרם,false,,29.90,7.4750,true,1,144092
7290006983176,false,אוסם - לחמית שיפון 250 גרם,"אסם השקעות בע""מ",IL,לחמית שיפון אסם 250ג,גרמים,250.00,100 גרם,false,,9.90,3.9600,true,1,46875
7290006983206,false,אסם תערובת פלאפל בקלי קלות 180גר,"אסם השקעות בע""מ",IL,תערובת להכנת פלאפל א,גרמים,180.00,100 גרם,false,,10.90,6.0556,true,1,46876
7290006983527,false,עוגת הבית תפוחי עץ עם פירורים 400 ג' אסם,מיוצר עי קונדיטוריית,IL,עוגת הבית תפוח עץ עם,גרמים,400.00,100 גרם,false,,18.90,4.7250,true,1,46884
7290006983763,false,עוגת הבית שוקולד 400 גרם אסם.,מיוצר עי קונדיטוריית,IL,עוגת הבית שוקולד אסם,גרמים,400.00,100 גרם,false,,15.90,3.9750,true,1,46885
7290006983770,false,עוגת הבית שיש 400 ג' אסם,מיוצר עי קונדיטוריית,IL,עוגת הבית שיש אסם 40,גרמים,400.00,100 גרם,false,,15.90,3.9750,true,1,46886
7290006983787,false,עוגת הבית שוקוציפס 400 גרם אסם,מיוצר עי קונדיטוריית,IL,עוגת הבית שוקוציפס א,גרמים,400.00,100 גרם,false,,15.90,3.9750,true,1,46887
7290006983794,false,עוגת הבית תפוז 400 ג' אסם,מיוצר עי קונדיטוריית,IL,עוגת הבית תפוז אסם 4,גרמים,400.00,100 גרם,false,,15.90,3.9750,true,1,46888
7290008000796,false,"כצט - סופרמן משחת שיניים לילדים 50 מ""ל",כצט נוביס,IL,סופרמן משחת שיניים ל,מיליליטרים,50.00,"100 מ""ל",false,,11.90,23.8000,true,1,69860
7290008104050,false,"פמינה - שטיפה אינטימית קלאסית 220 מ""ל",כצט נוביס סעמ,IL,פימינה נוזל שטיפה אי,מיליליטרים,200.00,"100 מ""ל",false,,24.90,12.4500,true,1,114236
7290008154222,false,שניצלונים עוף טוב 700 גרם,מוצרי עוף טוב (2001),IL,שניצלונים עוף טוב 70,גרמים,700.00,100 גרם,false,,19.90,2.8429,true,1,46904
7290008166775,false,הטיב בוטן מטוגן 200ג,"גיי אנג גי פקאנס בע""",IL,בוטן מטוגן 200גרם,גרמים,200.00,100 גרם,false,,8.90,4.4500,true,1,64301
7290008175173,false,חמאה ללא תוספת מלח 200 ג' וליו,ואליו אל.טי.די,FI,חמאה מפינלנד ללא מלח,גרמים,200.00,100 גרם,false,,15.90,7.9500,true,1,47513
7290008175210,false,גבינת פרמזן מגורדת 90ג' ויליפוד,זנטי אס.איי.,IT,פרמזנו מגורדת ויליפו,גרמים,90.00,100 גרם,false,,16.90,18.7778,true,1,47514
7290008190909,false,מיני קוקיס שוקולד ציפס 600גר,כרמית תעשיות ממתקים,IL,מיני קוקיס שוקולד צי,גרמים,600.00,100 גרם,false,,17.90,2.9833,true,1,58856
7290008329309,false,מזלגות פרמיום שקוף/קרם/לבן/זהב דנטס אר 50 יח,,,מזלגות פרימיום שקוף/,יחידה,0.00,יחידה,false,,9.90,0.0000,true,1,104333
7290008329316,false,כפות פרימיום שקוף/קרם/לבן/זהב דנטס 50 יח,,,כפות פרימיום שקוף/קר,יחידה,0.00,יחידה,false,,9.90,0.0000,true,1,104334
7290008330107,false,מרכך כביסה סגול 4 ל' בדין,יוניליור ישראל טיפוח,IL,בדין סגול מרכך כביסה,ליטרים,4.00,ליטר,false,,22.90,5.7250,true,1,50140
7290008409049,false,שניצל אמיתי מעודן 20% מאמא עוף 700ג',תנובה גליל שותפות מו,IL,שניצלונים מיני מיני,גרמים,500.00,100 גרם,false,,29.90,5.9800,true,1,83206
7290008409100,false,אצבעות שניצל ציפוי שומשום 700 ג' מאמא עוף,תנובה גליל שותפות מו,IL,אצבעות שניצל שומשום,גרמים,700.00,100 גרם,false,,39.90,5.7000,true,1,52750
7290008409124,false,מאמא עוף קפוא שניצל ג'ונגל פריך 700 גרם,תנובה גליל שותפות מו,IL,שניצל גונגל פריך מאמ,גרמים,700.00,100 גרם,false,,39.90,5.7000,true,1,52752
7290008409216,false,מאמא עוף קפוא שניצל דק פריך 700 גרם,תנובה גליל,IL,שניצל דק פריך מאמא ע,גרמים,700.00,100 גרם,false,,45.90,6.5571,true,1,52756
7290008409315,false,מיני מיני דק שניצלונים בציפוי פריך מאמא עוף 500 ג',תנובה גליל,IL,שניצלונים מיני מיני,גרמים,500.00,100 גרם,false,,29.90,5.9800,true,1,83207
7290008409407,false,שניצל דק ציפס מאמא עוף 700 ג',תנובה גליל שותפות מו,IL,שניצל דק בציפוי ציפס,גרמים,700.00,100 גרם,false,,45.90,6.5571,true,1,68556
7290008409551,false,שניצל עוף אמיתי בציפוי מעודן 700 ג' מאמא עוף,תנובה גליל שותפות מו,IL,שניצל עוף אמיתי מעוד,גרמים,700.00,100 גרם,false,,45.90,6.5571,true,1,52771
7290008453783,false,שקיות אשפה ושרוך 50/70 אריזת 60יח',,,אשפה שרוך 52/65 60 י,יחידה,0.00,יחידה,false,,14.90,0.0000,true,1,124680
7290008464024,false,בירה גולדסטאר לא מסונן פחית 500 מל,"טמפו משקאות בע""מ",IL,בירה גולדסטאר לאגר כ,מיליליטרים,500.00,"100 מ""ל",false,,10.00,2.0000,true,1,85365
7290008464222,false,"בירה מכבי 7.9% פחית 500 מ""ל","טמפו משקאות בע""מ",IL,בירה מכבי 7.9% פחית,מיליליטרים,500.00,"100 מ""ל",false,,8.90,1.7800,true,1,91485
7290008464468,false,"בירה גולדסטאר פחית 500 מ""ל","טמפו משקות בע""מ",IL,בירה גולדסטאר פחית 5,מיליליטרים,500.00,"100 מ""ל",false,,8.90,1.7800,true,1,43873
7290008464475,false,"בירה מכבי פחית 500 מ""ל","טמפו משקאות בע""מ",IL,בירה מכבי פחית 500מל,מיליליטרים,500.00,"100 מ""ל",false,,8.90,1.7800,true,1,43874
7290008464505,false,סאן בנדטו בקבוק פלסטיק 500מל,אקווה מינרלה סאן בנד,IT,"סאן בנדטו 500מ""ל",מיליליטרים,500.00,"100 מ""ל",false,,3.90,0.7800,true,1,43875
7290008464604,false,"בירה היינקן פחית 500מ""ל",טמפו משקאות בע''מ,NL,בירה היינקן הולנד פח,מיליליטרים,500.00,"100 מ""ל",false,,10.90,2.1800,true,1,43877
7290008464734,false,"בירה גולדסטאר SLOW BREW מארז 330X6מ""ל",טמפו משקאות בע''מ,IL,בירה גולדסטאר SLOW B,מיליליטרים,1980.00,"100 מ""ל",false,,39.90,2.0152,true,1,117054
7290008464741,false,"בירה גולדסטאר בק' מארז 330X6מ""ל",קריות זול,IL,בירה גולדסטאר בקבוק,מיליליטרים,1980.00,"100 מ""ל",false,,38.90,1.9646,true,1,43881
7290008464796,false,"בירה היינקין ח""פ בקבוק 330X6מ""ל",קריות זול,IL,בירה היינקן בקבוק 6*,מיליליטרים,1980.00,"100 מ""ל",false,,39.90,2.0152,true,1,43884
7290008493413,false,פירורי גריסיני קלאסי 200גרם-חדש,מאיר בייגל,IL,פרורי גריסני שקית 20,גרמים,200.00,100 גרם,false,,7.90,3.9500,true,1,51917
7290008493710,false,פרורי גריסני זהב מאיר בייגל 200 ג',מאיר בייגל,,פרורי גריסיני זהב 20,גרמים,200.00,100 גרם,false,,7.90,3.9500,true,1,142884
7290008590150,false,אפונת גינה קטנה שף ה,משק ויילר,BE,אפונת גינה קטנה שף ה,גרמים,800.00,100 גרם,false,,9.90,1.2375,true,1,144094
7290008590167,false,אפונה וגזר שף הטבע,משק ויילר,BE,אפונה וגזר 800 גרם ש,גרמים,800.00,100 גרם,false,,9.90,1.2375,true,1,144468
7290008590198,false,שעועית ירוקה חתוכה ש,משק ויילר,BE,שעועית ירוקה חתוכה 8,גרמים,800.00,100 גרם,false,,9.90,1.2375,true,1,144469
7290008644112,false,סלט מטבוחה יום יום אחלה 125 ג',"שטראוס גרופ בע""מ",IL,סלט מטבוחה אחלה 125ג,גרמים,125.00,100 גרם,false,,5.80,4.6400,true,1,56632
7290008644235,false,עלי בייבי טעם הטבע 1,שטראוס בריאות ירקות,IL,עלי בייבי 120 גר שטר,גרמים,120.00,100 גרם,false,,12.90,10.7500,true,1,56633
7290008644945,false,סלט המושבה שטופים שט,שטראוס בריאות ירקות,IL,סלט המושבה שטראוס 45,גרמים,450.00,100 גרם,false,,12.90,2.8667,true,1,56641
7290008670012,false,"יין רקאנטי קברנה סוביניון 2019 750 מ""ל",תות ממתקי איכות,IL,יין קברנה סובניון רק,מיליליטרים,750.00,"100 מ""ל",false,,59.90,7.9867,true,1,43162
7290008670029,false,"יין רקאנטי מרלו 2018 750 מ""ל",תות ממתקי איכות,IL,יין מרלו רקנאטי 750מ,מיליליטרים,750.00,"100 מ""ל",false,,59.90,7.9867,true,1,43163
7290008679435,false,כפפות לבית ולמטבח גד,קריות זול,,כפפות הנדי לבית ולמט,יחידה,0.00,יחידה,false,,8.90,0.0000,true,1,51609
7290008693134,false,מעדן גבינה ויוגורט בטעם תות 5% שומן 88 ג' דניאלה,"שטראוס בריאות בע""מ",IL,דניאלה מעדן בטעם תות,מיליליטרים,150.00,"100 מ""ל",false,,4.30,2.8667,true,1,56653
7290008737289,false,גפילטע פיש בנוסח פול,"דג טעים (משווק ע""י א",,גפילטע פיש בנוסח פול,יחידה,0.00,יחידה,false,,15.90,0.0000,true,1,80160
7290008737296,false,"גפילטע פיש ""דג עדן 6",,,"גפילטע פיש ""דג עדן 6",יח',6.00,יח',false,,15.90,2.6500,true,1,80161
7290008745239,false,תפוצ'יפס אקסטרא טבעי 50 ג',"שטראוס פריטו ליי בע""",IL,תפוציפס אקסטרא טבעי,גרמים,50.00,100 גרם,false,,4.50,9.0000,true,1,50699
7290008747547,false,תפוצ'יפס אקסטרא 200גר טבעי,"שטראוס פריטו ליי בע""",IL,תפוציפס אקסטרא טבעי,גרמים,200.00,100 גרם,false,,11.90,5.9500,true,1,65861
7290008750264,false,גומי מאסט בטעם דובדבן 28 ג' עלית,"שטראוס גרופ בע""מ",IL,מסטיק מאסט דובדבן 28,גרמים,28.00,100 גרם,false,,5.00,17.8571,true,1,56696
7290008752244,false,תפוצ'יפס אקסטרא גריל 50 גרם,"שטראוס פריטו ליי בע""",IL,תפוציפס אקסטרא גריל,גרמים,50.00,100 גרם,false,,4.50,9.0000,true,1,50704
7290008753111,false,תפוציפס קראנץ מקסיקנ,"שטראוס פריטו ליי בע""",IL,תפוציפס מקסיקני 50גר,גרמים,50.00,100 גרם,false,,4.50,9.0000,true,1,50706
7290008754040,false,ממרח פרה שוקולד 850 גר - מגדים,STRAUSS-ISRAEL,IL,ממרח בטעם שוקולד מגד,גרמים,850.00,100 גרם,false,,18.90,2.2235,true,1,127728
7290008754415,false,גומי מאסט בטעם ספירמינט עדין פליפטופ 28 ג' עלית,"שטראוס גרופ בע""מ",IL,מסטיק מאסט בטעם ספיר,גרמים,28.00,100 גרם,false,,5.00,17.8571,true,1,56713
7290008757034,false,"שוופס סודה זכוכית 250 מ""ל","יפאורה תבורי בע""מ",IL,שוופס סודה 250מל,מיליליטרים,250.00,"100 מ""ל",false,,3.90,1.5600,true,1,49564
7290008757980,false,נקטר ספרינג רימונים קרטונית 1 ל',"יפאורה תבורי בע""מ",IL,ספרינג רימונים 1 ליט,מיליליטרים,1000.00,"100 מ""ל",false,,7.90,0.7900,true,1,49574
7290008792264,false,מפיות טישיו טאצ' 100יח',"שניב תעשיות נייר בע""",,טאצ מפיות 100,יח',100.00,יח',false,,4.90,0.0490,true,1,64266
7290008801010,false,"יין קברנה סוביניון מרלו פרייוט קולקשן 750 מ""ל",אגודת הכורמים הקאופו,IL,יין קברנה סוביניון מ,מיליליטרים,750.00,"100 מ""ל",false,,39.90,5.3200,true,1,42803
7290008801119,false,סלקטד סוביניון בלאן כרמל 750 מל,אגודת הכורמים הקואופ,IL,יין סלקטד סוביניון ב,מיליליטרים,750.00,"100 מ""ל",false,,29.90,3.9867,true,1,92139
7290008801157,false,מרלו סלקטד כרמל מזרחי 750 מל,קריות זול,IL,יין סלקטד מרלו 750 מ,מיליליטרים,750.00,"100 מ""ל",false,,29.90,3.9867,true,1,42806
7290008801461,false,"יין הנצחון לקידוש, 750 מ""ל",יקבי כרמל Carmel Winery,,יין הניצחון 750מל,מיליליטרים,750.00,"100 מ""ל",false,,20.90,2.7867,true,1,42812
7290008801522,false,"יין קינג דיויד קונקורד אדום 750 מ""ל",אגודת הכורמים הקואופ,IL,יין קינג דיוויד לבן,מיליליטרים,750.00,"100 מ""ל",false,,22.90,3.0533,true,1,42814
7290008801843,false,"יין סלקטד קברנה סובניון 750מ""ל","כד בני דרום בע""מ",IL,יין סלקטד קברנה סובי,מיליליטרים,750.00,"100 מ""ל",false,,29.90,3.9867,true,1,42818
7290008801850,false,"יין סלקטד אמרלד ריזלינג 750מ""ל",אגודת הכורמים הקואופ,IL,יין סלקטד אמרלד ריזל,מיליליטרים,750.00,"100 מ""ל",false,,29.90,3.9867,true,1,42819
7290008802291,false,"יין מרלו פרייוט קולקשן 750 מ""ל",אגודת הכורמים הקואופ,IL,יין מרלו פריווט קולק,מיליליטרים,750.00,"100 מ""ל",false,,39.90,5.3200,true,1,42820
7290008802895,false,יין קברנה סוביניון פרייוט קולקשן,אגודת הכורמים הקאופו,IL,יין קברנה סוביניון פ,מיליליטרים,750.00,"100 מ""ל",false,,39.90,5.3200,true,1,42823
7290008804332,false,שיראז אדום יבש פריווט קולקשיין 750מל,אגודת הכורמים הקואופ,IL,יין שיראז אדום יבש פ,מיליליטרים,750.00,"100 מ""ל",false,,39.90,5.3200,true,1,42829
7290008805520,false,"יין סלקטד קברנה מרלו 750מ""ל","כד בני דרום בע""מ",IL,יין סלקטד קברנה סובנ,מיליליטרים,750.00,"100 מ""ל",false,,29.90,3.9867,true,1,42846
7290008849586,false,רוטב לבשר כבד עוף 310 ג',קריות זול,IL,רוטב ריבת בצל אוליבי,מיליליטרים,310.00,"100 מ""ל",false,,16.90,5.4516,true,1,55042
7290008909884,false,"קוקה קולה זירו 350 מ""ל בקבוק זכוכית",החברה המרכזית לייצור,IL,קוקה קולה זירו זכוכי,מיליליטרים,330.00,"100 מ""ל",false,,7.50,2.2727,true,1,51153
7290010050109,false,רוזמרין/עירית,,,רוזמרין/עירית,יחידה,0.00,יחידה,false,,5.90,0.0000,true,1,71516
7290010051021,false,בזיליקום ארוז,חקלאי,IL,בזיליקום,יחידה,0.00,יחידה,false,,5.90,0.0000,true,1,71378
7290010051045,false,סלט ביבי מיקס בנספק,חקלאי,IL,סלט ביבי מיקס בנספק,יחידה,0.00,יחידה,false,,9.90,0.0000,true,1,71372
7290010051052,false,פטרוזליה,,,פטרוזליה,יחידה,0.00,יחידה,false,,4.90,0.0000,true,1,66797
7290010051076,false,לבבות קיסר,,,לבבות חסה,יחידה,0.00,יחידה,false,,10.90,0.0000,true,1,127534
7290010051113,false,קורנית (טימין),,,קורנית (טימין),יחידה,0.00,יחידה,false,,5.90,0.0000,true,1,71381
7290010051120,false,מרווה 70 ג',,,מרווה,יחידה,0.00,יחידה,false,,5.90,0.0000,true,1,71382
7290010051144,false,תרד עלים 180גר,,,תרד עלים 180גר,גרמים,180.00,100 גרם,false,,9.90,5.5000,true,1,71384
7290010051168,false,כוסברה,,,כוסברה,יחידה,0.00,יחידה,false,,4.90,0.0000,true,1,71359
7290010051175,false,כוסברה/שמיר ארוז,חקלאי,IL,כוסברה/שמיר ארוז,גרמים,1000.00,100 גרם,false,,4.90,0.4900,true,1,66798
7290010051182,false,נענע ארוזה,,,נענע ארוזה,יחידה,0.00,יחידה,false,,4.90,0.0000,true,1,66799
7290010051199,false,שורש פטרוזיליה,,,שורש פטרוזיליה,יחידה,0.00,יחידה,false,,5.90,0.0000,true,1,71361
7290010051205,false,סלרי אמריקאי.,,,סלרי אמריקאי.,גרמים,200.00,100 גרם,false,,6.90,3.4500,true,1,71362
7290010051212,false,סלרי ראש ארוז,,,סלרי ראש,יחידה,0.00,יחידה,false,,5.90,0.0000,true,1,71363
7290010051250,false,אורגנו,,,אורגנו,יחידה,0.00,יחידה,false,,5.90,0.0000,true,1,71374
7290010051281,false,עלי רוקולה/רוקט,ביכורי שדה דרום,IL,עלי רוקולה,יחידה,0.00,יחידה,false,,5.90,0.0000,true,1,88239
7290010051298,false,סלק עלים ארוז,,,סלק עלים ארוז,יחידה,0.00,יחידה,false,,6.90,0.0000,true,1,71364
7290010051311,false,סלרי חתוך,,,סלרי חתוך,גרמים,110.00,100 גרם,false,,6.90,6.2727,true,1,127535
7290010051335,false,בצל ירוק,,,בצל ירוק,גרמים,110.00,100 גרם,false,,5.90,5.3636,true,1,71375
7290010051403,false,שיבה,,,שיבה,יחידה,0.00,יחידה,false,,5.90,0.0000,true,1,71386
7290010051434,false,חסה סלנובה,,,חסה סלנובה,יחידה,0.00,יחידה,false,,10.90,0.0000,true,1,122702
7290010051687,false,רוזמרין,,,רוזמרין,יחידה,0.00,יחידה,false,,5.90,0.0000,true,1,82187
7290010065349,false,פרינוק גרבר גוניור סלט פירות 190 גר',כלורוקס אוקלנד,CZ,פרינוק מחית גוניור ס,גרמים,190.00,100 גרם,false,,6.90,3.6316,true,1,51627
7290010065745,false,ג`וניור פרינוק מחית לפתן פירות 190ג',פרינוק,CZ,פרינוק מחית גוניור ל,גרמים,190.00,100 גרם,false,,6.90,3.6316,true,1,67281
7290010116980,false,אבקת שוקולית שקית עלית 850 ג',הנסיך- מפעל לייצור ט,IL,שוקולית עלית 850גר,גרמים,820.00,100 גרם,false,,18.90,2.3049,true,1,56733
7290010117864,false,דוריטוס בטעם חריף אש,שטראוס פריטו ליי בע,IL,דוריטוס חריף אש 70גר,גרמים,70.00,100 גרם,false,,4.10,5.8571,true,1,50711
7290010117970,false,סבבה בוטנים קלויים מצופים - אריזה אישית,"שטראוס פריטו ליי בע""",IL,בוטנים טבעי 50 גרם,גרמים,50.00,100 גרם,false,,2.90,5.8000,true,1,124262
7290010118328,false,מארז תפוצ'יפס בטעם טבעי,שטראוס,IL,תפוציפס טעם טבעי מאר,גרמים,240.00,100 גרם,false,,13.90,5.7917,true,1,70455
7290010124107,false,סטייקבורגר זהב 400 גר',,,סטייק בורגר זהב 400,גרמים,400.00,100 גרם,false,,19.90,4.9750,true,1,124550
7290010153510,false,בורגול יבש מיה 500 גר',מיה,IL,בורגול מיה 500 גר,גרמים,500.00,100 גרם,false,,6.90,1.3800,true,1,127254
7290010153770,false,ציפוי לשניצל פיקנטי מיה 500 גר',מיה תעשיות מזון,IL,ציפוי לשניצל פיקנטי,גרמים,500.00,100 גרם,false,,10.90,2.1800,true,1,131136
7290010153787,false,ציפוי לשניצל עם שום מיה 500 גר',מיה תעשיות מזון,IL,ציפוי לשניצל שום 500,גרמים,500.00,100 גרם,false,,10.90,2.1800,true,1,131137
7290010163069,false,צנובר שקדיה 100 גר,אף.סי תבליני בגליל ב,IL,צנובר 100גרם,גרמים,100.00,100 גרם,false,,22.90,22.9000,true,1,89723
7290010175840,false,לבבות דקל שלמים במי מלח,אינאקספו,UY,לבבות דקל שלם 400גר,גרמים,400.00,100 גרם,false,,13.90,3.4750,true,1,126198
7290010192120,false,צנונית ארוזה 400 גרם,חקלאי,IL,צנונית ארוזה,יחידה,0.00,יחידה,false,,5.90,0.0000,true,1,119381
7290010195275,false,פופקורן להכנה במיקרוגל בטעם חמאה מופחת שומן,פופ סטאר,US,פופסטאר חמאה מופחת ש,גרמים,425.00,100 גרם,false,,14.90,3.5059,true,1,127679
7290010237548,false,פפסי מקס בקבוק 500 מ``ל,טמפו משקאות בעמ,IL,פפסי מקס בקבוק 500 מ,מיליליטרים,500.00,"100 מ""ל",false,,5.90,1.1800,true,1,68422
7290010237784,false,בירה שנדי בתוספת משקה לימון ליים - שישייה,"טמפו משקאות בע""מ",IL,שנדי לימון ליים שישי,מיליליטרים,1980.00,"100 מ""ל",false,,39.90,2.0152,true,1,43898
7290010259854,false,מנת השף נודלס בטעם פטריות בדץ 70ג,נמצ'או(תאילנד) בעמ,TH,נודלס בטעם פטריות מנ,גרמים,70.00,100 גרם,false,,5.90,8.4286,true,1,47537
7290010328093,false,ממרח חלווה אחווה 400 ג' מהדרין,אחדות בית חרושת לטחי,IL,ממרח חלבה 400גר,גרמים,400.00,100 גרם,false,,11.90,2.9750,true,1,71112
7290010328178,false,חלבה מסולסלת שערות אחוה 250 ג',אחדות ביחר לטחינה חל,IL,חלבה מסולסלת אחווה 2,גרמים,250.00,100 גרם,false,,12.90,5.1600,true,1,65182
7290010328246,false,טחינה גולמית שומשום מלא אחווה 500 ג',,IL,טחינה משומשום מלא 50,גרמים,500.00,100 גרם,false,,12.90,2.5800,true,1,80337
7290010328253,false,טחינה משומשום טבעי 500 גר מהדרין,"אחדות ביח""ר בעמ",IL,טחינה גולמית 500 גרם,גרמים,500.00,100 גרם,false,,12.90,2.5800,true,1,62358
7290010328468,false,אחוה חטיפי מיני חלווה 12*18 יח,שוורצקוף& הנקל דיסלד,IL,חטיפי מיני חלבה ב3 ט,גרמים,216.00,100 גרם,false,,13.90,6.4352,true,1,82386
7290010328727,false,ממרח טחינה עם שוקולד אחווה 400 ג',אחדות ביחר לטחינה חל,IL,ממרח טחינה עם שוקולד,גרמים,400.00,100 גרם,false,,11.90,2.9750,true,1,90812
7290010328819,false,"ממרח טחינה עם שוקולד לל""ס 400 ג' אחדות!.",אחדות ביחר לטחינה חל,IL,ממרח טחינה עם שוקולד,גרמים,400.00,100 גרם,false,,11.90,2.9750,true,1,114257
7290010429554,false,"שמן זית כתית מעולה יד מרדכי 2 קלאסי, 750 מ""ל",מכוורת יד מרדכי שטרא,IL,שמן זית כתית מעולה ח,מיליליטרים,750.00,"100 מ""ל",false,,36.90,4.9200,true,1,56761
7290010471669,false,יוגורט תות עם קורנפלקס מצופה שוקולד ללא גלוטן 3.9%,"שטראוס בריאות בע""מ",IL,דנונה בר תות קורנפלק,גרמים,173.00,100 גרם,false,,4.90,2.8324,true,1,56776
7290010472307,false,מארז 8 יחידות משקה גמדים בטעם תות בננה,מיוצר עי קונדיטוריית,IL,מארז שמינייה גמדים ת,מיליליטרים,800.00,"100 מ""ל",false,,21.20,2.6500,true,1,56784
7290010472390,false,מארז 8 יחידות מעדן דני בטעם שוקולד 1.5%,מיוצר עי קונדיטוריית,IL,דני שוקולד מארז 8*12,גרמים,1000.00,100 גרם,false,,16.90,1.6900,true,1,56787
7290010513727,false,פנקו פרורי לחם 200 גרם (קינגדאו),קינגדאו גוניון פודס,CN,פירורי לחם פנקו 200ג,גרמים,200.00,100 גרם,false,,9.90,4.9500,true,1,82144
7290010548514,false,עשבי תיבול לבישול איטלקי 70 ג' דורות,עיצובים 2020 (3.8),IL,עשבי תיבול לבישול אי,גרמים,70.00,100 גרם,false,,13.90,19.8571,true,1,94715
7290010561032,false,תערובת להכנת לפנקייק אקסטרה ויטמינים ומינרלים 400 גר',אשבל מזון פונקציונלי,IL,ברילי תערובת להכנת פ,גרמים,400.00,100 גרם,false,,19.90,4.9750,true,1,141926
7290010561407,false,ברילי לחם פרוס EXTRA ויטמינים ומינרלים 500 ג',ברילי Barili,IL,ברילי לחם פרוס ללא ג,גרמים,500.00,100 גרם,false,,19.90,3.9800,true,1,141922
7290010613953,false,דלי מטליות לניקוי וחיטוי בניחוח מלון בוטיק 250 יח' טאצ',סאסאטק,IL,דלי מטליות לניקוי וח,יחידה,0.00,יחידה,false,,10.90,0.0000,true,1,143143
7290010650088,false,פטריות שמפיניון מיוב,קרלו,IL,פטריות שמפיניון מיוב,יחידה,0.00,יחידה,false,,10.90,0.0000,true,1,68995
7290010650590,false,ריזוטו פטריות מיובשו,קרלו,IL,ריזוטו פטריות מיובשו,יחידה,0.00,יחידה,false,,17.90,0.0000,true,1,127513
7290010711086,false,סופר מגבת מבד,,,סופר מגבת מבד,יחידה,0.00,יחידה,false,,19.90,0.0000,true,1,126472
7290010711123,false,"ננס רביעיה ""שייני"" ח",,,"ננס רביעיה ""שייני""",יחידה,0.00,יחידה,false,,7.90,0.0000,true,1,57686
7290010711208,false,שייני גליל מטליות צהוב 33 יח',,,מטליות שיאני בגליל,יח',33.00,יח',false,,19.90,0.6030,true,1,57687
7290010718634,false,"פנינה רוזנבלום -אל סבון נוזלי לבן,1 ליטר",,,אל סבון לבן פנינה רו,מיליליטרים,1000.00,"100 מ""ל",false,,11.90,1.1900,true,1,131402
7290010766185,false,רוטב פסטה בזיליקום ע.תיבול אוליביה 420ג',אוליביה,IL,רוטב לפסטה עגב ובזיל,גרמים,420.00,100 גרם,false,,13.90,3.3095,true,1,72312
7290010766734,false,רוטב פיצה אוליביה אסם 430 ג',אוליביה,IL,רוטב פיצה אוליביה 41,גרמים,415.00,100 גרם,false,,15.90,3.8313,true,1,55100
7290010766949,false,ממרח תחתיות ארטישוק 180ג' אוליביה,אוליביה,IL,ממרח ארטישוק אוליביה,גרמים,180.00,100 גרם,false,,15.90,8.8333,true,1,65684
7290010766956,false,אוליביה ממרח פלפלים מתוקים אדומים 180 גר,אוליביה,IL,ממרח פלפלים מתוקים א,גרמים,180.00,100 גרם,false,,15.90,8.8333,true,1,65685
7290010778058,false,פטוציני לבן/ טריקולו,פסטה דיאורו,IL,פסטה פטוצ'יני 500גר,גרמים,500.00,100 גרם,false,,22.90,4.5800,true,1,86946
7290010778126,false,רוטב פסטו 240גר,פסטה דיאורו,IL,רוטב פסטו 240גר,גרמים,240.00,100 גרם,false,,22.90,9.5417,true,1,86957
7290010778164,false,רביולי ריקוטה פטריות,פסטה דיאורו,IL,רביולי ריקוטה פטריות,גרמים,500.00,100 גרם,false,,32.90,6.5800,true,1,86950
7290010778171,false,רביולי בטטה 500גר,פסטה דיאורו,IL,רביולי בטטה 500גר,גרמים,500.00,100 גרם,false,,32.90,6.5800,true,1,86951
7290010778188,false,רביולי 4 גבינות 500ג,פסטה דיאורו,IL,רביולי 4 גבינות 500ג,גרמים,500.00,100 גרם,false,,32.90,6.5800,true,1,86952
7290010778218,false,רוטב שמנת פטריות 240,פסטה דיאורו,IL,רוטב שמנת פטריות 240,גרמים,240.00,100 גרם,false,,22.90,9.5417,true,1,86959
7290010778225,false,רוטב שמנת ועגבניות 2,פסטה דיאורו,IL,רוטב שמנת ועגבניות 2,גרמים,240.00,100 גרם,false,,22.90,9.5417,true,1,86960
7290010778256,false,רביולי ריקוטה ופרמזן,פסטה דיאורו,IL,רביולי ריקוטה פרמזן,גרמים,500.00,100 גרם,false,,32.90,6.5800,true,1,86953
7290010778263,false,רביולי גבינות צאן 50,פסטה דיאורו,IL,רביולי גבינות צאן 50,גרמים,500.00,100 גרם,false,,32.90,6.5800,true,1,86954
7290010778300,false,רביולי מוצרלה 500גר,פסטה דיאורו,IL,רביולי מוצרלה 500גר,גרמים,500.00,100 גרם,false,,32.90,6.5800,true,1,86955
7290010778324,false,ניוקי בטטה 500גר,פסטה דיאורו,IL,ניוקי בטטה 500גר,גרמים,500.00,100 גרם,false,,22.90,4.5800,true,1,86956
7290010778492,false,רוטב שמנת תרד 240גר,פסטה דיאורו,IL,רוטב שמנת תרד 240גר,גרמים,240.00,100 גרם,false,,22.90,9.5417,true,1,86962
7290010791545,false,שימורי כבד גורמה להקט 85 ג',"הייקיו, תאילנד",TH,לה קט דליקטס פטה כבד,גרמים,85.00,100 גרם,false,,6.70,7.8824,true,1,70513
7290010814244,false,שלשות שוקולד מריר 85 גרם*3 בלמינט *18 בקרטון,כרמית תעשיות ממתקים,IL,שוקולד מריר כרמית מא,גרמים,255.00,100 גרם,false,,10.90,4.2745,true,1,65901
7290010814268,false,שלשות שוקולד לבן 85 גר*3 בלמינט * 18 בקרטון,כרמית תעשיות ממתקים,IL,שוקולד לבן כרמית מאר,גרמים,255.00,100 גרם,false,,10.90,4.2745,true,1,65903
7290010814695,false,שוקולד מריר ללא תוספת סוכר וסטהיים,כרמית תעשיות ממתקים,IL,שוקולד מריר ללא סוכר,גרמים,85.00,100 גרם,false,,7.90,9.2941,true,1,69798
7290010838219,false,ממתיק על בסיס צמח הסטיביה - שקיות,תות ממתקי איכות,IL,סטיביה 100 שק,יחידה,0.00,יחידה,false,,31.90,0.0000,true,1,79688
7290010903917,false,שניצל תירס שף הטבע 1,משק ויילר,IL,"שניצל תירס בד""ץ 1 ק""",גרמים,1000.00,100 גרם,false,,22.90,2.2900,true,1,132004
7290010931330,false,סלט מטבוחה אחלה 500ג,מיוצר עי קונדיטוריית,IL,סלט מטבוחה אחלה 500ג,גרמים,500.00,100 גרם,false,,16.90,3.3800,true,1,56803
7290010945146,false,קוטג' 3% מועשר בסידן טרה 250 ג' מהדרין,קריות זול,IL,קוטג מועשר 3% 250גר,גרמים,250.00,100 גרם,false,,6.40,2.5600,true,1,51159
7290010945450,false,טרה גבינה לבנה מהדרין 3% 250ג,קריות זול,IL,גבינה לבנה מהדרין 3%,גרמים,250.00,100 גרם,false,,4.98,1.9920,true,1,51169
7290010970223,false,חומץ יין אדום מונטני,יושלם,IL,חומץ יין אדום מונטני,מיליליטרים,500.00,"100 מ""ל",false,,18.90,3.7800,true,1,87993
7290011017866,false,קוקה קולה קלאסי בפחית,החברה המרכזית לייצור,IL,קוקה קולה סליק 330מל,מיליליטרים,330.00,"100 מ""ל",false,,7.00,2.1212,true,1,80112
7290011017873,false,"קוקה קולה זירו פחית 330 מ""ל",החברה המרכזית לייצור,IL,קוקה קולה זירו סילק,מיליליטרים,330.00,"100 מ""ל",false,,7.00,2.1212,true,1,80113
7290011017880,false,דיאט קוקה קולה פחית סליק 330מל,החברה המרכזית לייצור,IL,קוקה קולה דיאט 330מל,מיליליטרים,330.00,"100 מ""ל",false,,7.00,2.1212,true,1,80114
7290011022495,false,תבנית 8A ארוז 10יח',,,תבנית 8A ארוז 10יח',יחידה,0.00,יחידה,false,,9.90,0.0000,true,1,138658
7290011022938,false,תבנית 8B ארוז 15 ר29,,,תבנית 8B ארוז 15 ר29,יחידה,0.00,יחידה,false,,9.90,0.0000,true,1,138657
7290011022945,false,תבנית אינגליש ארוז 1,,,תבנית אינגליש ארוז 1,יחידה,0.00,יחידה,false,,9.90,0.0000,true,1,138659
7290011022952,false,תבנית עגולה ארוז 6יח,,,תבנית עגולה ארוז 6יח,יחידה,0.00,יחידה,false,,9.90,0.0000,true,1,138660
7290011115258,false,אל סבון מוצק מבושם בניחוח עדין קלאסיק - מארז רביעיה,גליל כימיקלים בעמ,IL,נקה 7 סבון מוצק ירוק,גרמים,400.00,100 גרם,false,,12.90,3.2250,true,1,56136
7290011115289,false,אל סבון מוצק מבושם בניחוח עדין קלאסיק - מארז רביעיה,"גליל כימיכלים בע""מ",IL,נקה 7 סבון מוצק לילך,גרמים,400.00,100 גרם,false,,12.90,3.2250,true,1,56139
7290011126452,false,תה הגן הקסום קמומיל ונענע 25 יח',קריות זול,IL,תה הגן הקסום קמומיל,גרמים,37.50,100 גרם,false,,19.90,53.0667,true,1,53976
7290011126469,false,תה קמומיל ודבש 1.5ג' *25 שקיקים,קריות זול,IL,תה קמומיל ודבש הגן ה,גרמים,37.50,100 גרם,false,,19.90,53.0667,true,1,53977
7290011126940,false,תה ירוק בתוספת מרווה 25 שקיקים,ויסוצקי ירוק,IL,תה ירוק בתוספת מרווה,גרמים,37.50,100 גרם,false,,27.90,74.4000,true,1,53982
7290011126957,false,תה יסוצקי ירוק ארל גריי 25 יח',ויסוצקי ירוק,IL,תה ירוק ארל גריי 25י,גרמים,37.50,100 גרם,false,,27.90,74.4000,true,1,53983
7290011132507,false,"סודה סן בנדטו מוגז עדין 500מ""ל",אקווה מינרלה סאן בנד,IT,מים סאן בנדטו מוגז 5,מיליליטרים,500.00,"100 מ""ל",false,,3.90,0.7800,true,1,71304
7290011132583,false,"מארז פפסי מקס 500 מ""ל*6 יח' בקבוק","טמפו משקאות בע""מ",IL,*מבצע* פפסי מקס 6*50,מיליליטרים,500.00,"100 מ""ל",false,,19.90,3.9800,true,1,146357
7290011148805,false,שעועית טריה עד 500 ג,,,שעועית טריה עד 500 ג,גרמים,500.00,100 גרם,false,,14.90,2.9800,true,1,146938
7290011174040,false,גזר ננסי 800 ג' פרי הגליל,פרי הגליל בעמ,IL,גזר ננסי 800גר,גרמים,800.00,100 גרם,false,,12.90,1.6125,true,1,126986
7290011174897,false,אפונה עדינה פרי גליל 600 גר',"פרי הגליל בע""""מ",IL,אפונה עדינה 600גר,גרמים,600.00,100 גרם,false,,12.90,2.1500,true,1,126990
7290011194215,false,מעדן גבינה ויוגורט בטעם בננה 5% שומן 88 ג' דניאלה,"שטראוס בריאות בע""מ",IL,דניאלה מעדן בטעם בננ,מיליליטרים,150.00,"100 מ""ל",false,,4.30,2.8667,true,1,56824
7290011194246,false,קוטג שטראוס 5% עם סידן 250ג,מיוצר עי קונדיטוריית,IL,גבינת קוטג׳ 5% שטראו,גרמים,250.00,100 גרם,false,,5.90,2.3600,true,1,56825
7290011223038,false,עלים לקרמשניט - בונומי 300גרם,בונומי ס.פ.א,IT,עלים לקרמשניט 300גר,גרמים,400.00,100 גרם,false,,17.90,4.4750,true,1,66617
7290011223229,false,"טואלט דאק ג'ל לאסלה טיפות טל רעננות 55 מ""ל","איטיליאן פוד, אס.פי.",IT,טואלט דאק ג'ל אסלה נ,מיליליטרים,55.00,"100 מ""ל",false,,9.90,18.0000,true,1,48810
7290011223243,false,"טואלט דאק ג'ל לאסלה בניחוח לבנדר 55 מ""ל","איטיליאן פוד, אס.פי.",IT,טואלט דאק ג'ל אסלה נ,מיליליטרים,55.00,"100 מ""ל",false,,9.90,18.0000,true,1,48812
7290011254452,false,סוכריות מנטה ללא סוכר 80גרם,מיה תעשיות מזון,IL,סוכריות ללא סוכר מנט,גרמים,80.00,100 גרם,false,,5.90,7.3750,true,1,132401
7290011254490,false,סוכריות פירות יער ללא סוכר 80גרם,מיה תעשיות מזון,IL,סוכריות ללא סוכר פיר,גרמים,80.00,100 גרם,false,,5.90,7.3750,true,1,132424
7290011379018,false,פטריות טריות מיקס מרינה זוגי 250X2ג',"מרינה פטריות הגליל בע""מ",IL,פטריות צמד חמד איטלק,גרמים,500.00,100 גרם,false,,16.90,3.3800,true,1,62511
7290011431037,false,"כוס קרטון OZ 12 איכותי ח""פ 50 יח'",,,כוסות נייר 12 אוז 50,יחידה,0.00,יחידה,false,,19.90,0.0000,true,1,138226
7290011431358,false,כפיות איכותי ר. שמאי 100 יחי' כשל''פ עד''ח,,,כפיות 100יח שמאי,יחידה,0.00,יחידה,false,,9.90,0.0000,true,1,129545
7290011431495,false,"אלכוהול 100 סמ""ק ר.ש",,,"אלכוהול 100 סמ""ק ר.ש",יחידה,0.00,יחידה,false,,5.90,0.0000,true,1,145001
7290011431662,false,כפפות לטקס S אריזת 100 יח',,,כפפות לטקס 100 יח ס,יחידה,0.00,יחידה,false,,29.90,0.0000,true,1,137956
7290011431853,false,מפות שמיניה עבה קריסטלי ר.שמאי,,,מפות שמיניות עבה כתו,יחידה,0.00,יחידה,false,,8.90,0.0000,true,1,138647
7290011438142,false,"משקה יטבתה אייס קפה בבקבוק אישי 350 מ""ל",שטראוס גרופ,IL,אייס קפה יטבתה בבקבו,מיליליטרים,350.00,"100 מ""ל",false,,6.90,1.9714,true,1,56867
7290011473129,false,חמניות קלופות אורגני,תבואות,,גרעיני חמניה קלופים,גרמים,300.00,100 גרם,false,,13.50,4.5000,true,1,72305
7290011473273,false,בורגול אורגני תבואות,תבואות,TR,בורגול אורגני תבואות,גרמים,500.00,100 גרם,false,,10.90,2.1800,true,1,71226
7290011473525,false,אורז בר טבעי 400 גרם,תבואות,US,אורז פרא תבואות 400,גרמים,400.00,100 גרם,false,,39.90,9.9750,true,1,71628
7290011499105,false,בולגרית מסורתית 5% 250 גרם -רבנות,ג'נרל מילס סאן אדריא,IL,בולגרית 5% 250גר מחל,גרמים,250.00,100 גרם,false,,25.90,10.3600,true,1,43056
7290011499112,false,בולגרית מסורתית 16% 250 גרם - רבנות,"מיוצר ע""י dsh",IL,בולגרית 16% 250גר מח,גרמים,250.00,100 גרם,false,,25.90,10.3600,true,1,43057
7290011499129,false,בולגרית מעודנת קוביות קטנות 5% 200 גרם - רבנות,קוד יצרן DSH,IL,בולגרית מעודנת קוביו,גרמים,200.00,100 גרם,false,,25.90,12.9500,true,1,43058
7290011499303,false,גבינת עיזים בולגרית מעודנת 5% 250 גר',ג'נרל מילס סאן אדריא,IL,בולגרית עיזים מעודנת,גרמים,250.00,100 גרם,false,,32.90,13.1600,true,1,43066
7290011499327,false,גבינה בולגרית מעודנת 5% 250 גרם - רבנות,מיוצר על ידי DSH עבו,IL,בולגרית בקר מעודנת 2,גרמים,250.00,100 גרם,false,,25.90,10.3600,true,1,43068
7290011499358,false,פטה עיזים מסורתית 20% בגביע 200 גרם - רובין,מיוצר על ידי קוד יצר,IL,פטה עיזים 200גר מחלב,גרמים,200.00,100 גרם,false,,29.90,14.9500,true,1,43071
7290011499365,false,גד חלומי 24% 200 גרם רובין,"מחלבות גד בע""מ",IL,גבינת חלומי מחלבות ג,גרמים,200.00,100 גרם,false,,23.90,11.9500,true,1,43072
7290011499419,false,גבינה במרקם שמנת בטעם טבעי 5% ניו יורק,מחלבות גד,IL,קרם שמנת ניו יורק טב,גרמים,200.00,100 גרם,false,,14.90,7.4500,true,1,43075
7290011499525,false,גד לאבנה דרוזית 9% 500 ג',מחלבות גד בעמ,IL,לאבנה דרוזית 9% 500ג,גרמים,500.00,100 גרם,false,,21.30,4.2600,true,1,43079
7290011499624,false,שמנת 30% ניו יורק טבעי 200 גרם רבנות,מחלבות גד,IL,גבינת שמנת ניו יורק,גרמים,200.00,100 גרם,false,,14.90,7.4500,true,1,64978
7290011499846,false,גבינת ריקוטה פרסקה 9% 300 ג' גד,מחלבות גד בעמ,IL,ריקוטה פרסקה 300גר מ,גרמים,300.00,100 גרם,false,,19.70,6.5667,true,1,74065
7290011499853,false,גבינת שמנת עם זיתים 30% ניו יורק,מחלבות גד (שיווק 199,IL,גבינת שמנת ניו יורק,גרמים,200.00,100 גרם,false,,14.90,7.4500,true,1,81882
7290011501617,false,חמוציות ברכז פרי ללא,אף.סי תבליני בגליל ב,IL,חמוציות דל סוכר 250ג,גרמים,250.00,100 גרם,false,,17.90,7.1600,true,1,85771
7290011502850,false,דלישס מיזלי עם פירות 500גר,"דין שיווק וקליה בע""מ",,דלישס מוזלי עם פירות,גרמים,500.00,100 גרם,false,,10.90,2.1800,true,1,121379
7290011514105,false,מסנן כיור אמריקאי מסיליקון,,,מסנן כיור סיליקון,יחידה,0.00,יחידה,false,,14.90,0.0000,true,1,91114
7290011514280,false,וואקום סקוטש פתוח,,,וואקום סקוטש פתוח,יחידה,0.00,יחידה,false,,7.90,0.0000,true,1,91116
7290011515683,false,מעדן קפוא אקסטרים Extreme בטעם וניל - 6 יח',תות תעשיות מזון (201,IL,מאגדת אקסטרים וניל 6,יחידה,0.00,יחידה,false,,35.90,0.0000,true,1,50576
7290011515911,false,שלגונים מופחתי קלוריות בטעם ריבת חלב - 6 יח',גלידות נסטלה (נגה גל,IL,מאגדת לייט ריבת חלב,גרמים,312.00,100 גרם,false,,29.90,9.5833,true,1,50589
7290011518561,false,"אקטימל תות משפחתי מארז 14X100מ""ל",מיוצר עי קונדיטוריית,IL,אקטימל תות משפחתי 14,מיליליטרים,1400.00,"100 מ""ל",false,,33.70,2.4071,true,1,56890
7290011530945,false,קרפציו עגל פרימיום 2,בלדי,IL,קרפציו עגל 210 גרם,גרמים,210.00,100 גרם,false,,39.90,19.0000,true,1,132975
7290011570132,false,תחליף קמח ללא גלוטן,אשבל מזון פונקציונלי,IL,"קמח ללא גלוטן 1ק""ג",גרמים,1000.00,100 גרם,false,,19.90,1.9900,true,1,72759
7290011575007,false,"הפי מרסס שומר ברק למקלחון 750 מ""ל",מיפא,DE,הפי מרסס לאמבט 750 מ,מיליליטרים,750.00,"100 מ""ל",false,,19.90,2.6533,true,1,50476
7290011587079,false,חרדל דיז'ון גרגירים 370 ג' PICCATA,Covinor sas,,חרדל דיז'ון גרגרים 3,גרמים,370.00,100 גרם,false,,9.90,2.6757,true,1,85879
7290011587444,false,מוזלי קראנצ'י בתוספת פירות,ויטליה,,מוזלי קראנצ'+פירות 6,גרמים,600.00,100 גרם,false,,14.90,2.4833,true,1,116183
7290011587451,false,גרנולה בתוספת פירות ואגוזים,ויטליה,,גרנולה+פירות ואגוזים,גרמים,600.00,100 גרם,false,,14.90,2.4833,true,1,116188
7290011587468,false,מוזלי קראנצ'י בתוספת אגוזים,ויטליה,,מוזלי קראנצי אגוז 60,גרמים,600.00,100 גרם,false,,14.90,2.4833,true,1,116184
7290011587581,false,פילה אנשובי צנצנת תו,Inversiones prisco s,,אנשובי צנצנת תומר 10,גרמים,100.00,100 גרם,false,,13.90,13.9000,true,1,116182
7290011587598,false,שימורי אנשובי בפח 45 ג' תומר,אינוורסיונס פריסקו,,פילה אנשובי 45גר,גרמים,45.00,100 גרם,false,,7.90,17.5556,true,1,90659
7290011587697,false,ממרח עגבניות מיובשות פסטו תומר 340 ג',,,עגבניות מיובשות פסטו,גרמים,340.00,100 גרם,false,,13.90,4.0882,true,1,125119
7290011587826,false,חרדל דיז'ון תומר 370ג',Covinor sas,,חרדל דיז'ון 370 גר,גרמים,370.00,100 גרם,false,,9.90,2.6757,true,1,85880
7290011587833,false,חצאי עגבניות מיובשות מתובלות בשמן חמניות ועשבי תיבול,Sunto gida sun ve ti,,עגבניות חצויות מיובש,גרמים,340.00,100 גרם,false,,13.90,4.0882,true,1,116196
7290011587840,false,עגבניות קצוצות בשמן,,,עגבניות קצוצות בשמן,גרמים,340.00,100 גרם,false,,13.90,4.0882,true,1,116197
7290011598211,false,"סנו - אנטי קאלק מרסס ניקוי כללי 4 ב-1 700 מ""ל",מיוצר עי קונדיטוריית,IL,סנו אנטי קאלק ניקוי,מיליליטרים,700.00,"100 מ""ל",false,,21.90,3.1286,true,1,49345
7290011598402,false,מרכך כביסה מקסימה מאסק ורוד 4 ל' סנו,סנו מקסימה,IL,סנו מקסימה מרכך כביס,ליטרים,4.00,ליטר,false,,23.90,5.9750,true,1,49351
7290011607197,false,"אבקת כביסה קולון 5 ק""ג",רקיט בנקיזר,IL,*מבצע* קולון 101כתמי,קילוגרמים,5.00,"ק""ג",false,,34.90,6.9800,true,1,59201
7290011765088,false,ג'ל גילוח לעור רגיל מנטול Cool,טרופיקל דגיל תעשיות,TR,קרמה גל גילוח קול 20,מיליליטרים,200.00,"100 מ""ל",false,,14.90,7.4500,true,1,49357
7290011765095,false,ג'ל גילוח לעור עדין אלוורה,טרופיקל דגיל תעשיות,TR,קרמה גל גילוח דליקט,מיליליטרים,200.00,"100 מ""ל",false,,14.90,7.4500,true,1,49358
7290011765446,false,משחת שיניים לילדים בוב ספוג בטעם מיץ ענבים עם פלואוריד למניעת עששת,טרופיקל דגיל תעשיות,IL,אורביטול משחת שיניים,גרמים,70.00,100 גרם,false,,8.90,12.7143,true,1,49374
7290011860271,false,ביסבול כדורי פירה בציפוי פריך,"תעשיות תפוגן בע""מ",IL,ביסבול טבעי תפוגן 70,גרמים,700.00,100 גרם,false,,18.90,2.7000,true,1,47040
7290011877859,false,סנו אינסטלטור חדש פותח סתימות 200ג',מיוצר עי קונדיטוריית,IL,*מבצע* סנו אינסטלטור,גרמים,200.00,100 גרם,false,,17.90,8.9500,true,1,49392
7290011877866,false,אבקת כביסה סנו מקסימה בניחוח Musk,"איי, בי, אינבוו",IL,סנו מקסימה מאסק אבקת,קילוגרמים,6.00,"ק""ג",false,,49.90,8.3167,true,1,49393
7290011885007,false,פקאן סיני הטיב 200 ג,דין שיווק,,פקאן סיני 200גר,גרמים,200.00,100 גרם,false,,23.90,11.9500,true,1,57621
7290011931162,false,סוכרלייט ממתיק נוזלי על בסיס סוכרלוז,אף.סי תבליני בגליל ב,IL,סוכרזית סוכרלוז נוזל,מיליליטרים,220.00,"100 מ""ל",false,,33.90,15.4091,true,1,56929
7290011947309,false,זיתים מצוננים סורי מבוקע ולימון כבוש זיתא 230 ג',זיתא – י.ט.ב תעשיות,IL,זית סורי מבוקע עם לי,גרמים,230.00,100 גרם,false,,14.90,6.4783,true,1,125942
7290011947316,false,זיתא זיתי קלמטה בשמן זית כתית מעולה 215ג,סטאר סנקס,IL,זיתי קלמטה 215 גר,גרמים,215.00,100 גרם,false,,14.90,6.9302,true,1,125943
7290011947743,false,מיקס זית ירוק וזית קלמטה 215 ג' זיתא,ויסוצקי,IL,מיקס זית ירוק וזית ק,גרמים,215.00,100 גרם,false,,14.90,6.9302,true,1,140814
7290011947781,false,מיקס זית ירוק וזית קלמטה ללא גלעין עם שמן זית 190 ג',זיתא,IL,מיקס זית ירוק/קלמטה,גרמים,215.00,100 גרם,false,,14.90,6.9302,true,1,141088
7290011947798,false,זית קלמטה ללא גלעין עם שמן זית כתית 190 ג',זיתא,IL,זית קלמטה ללא גלעין,גרמים,215.00,100 גרם,false,,14.90,6.9302,true,1,141089
7290011964344,false,תבלין שום גבישי 120 ג',תות ממתקי איכות,IL,שום גבישי 120גר,גרמים,120.00,100 גרם,false,,12.90,10.7500,true,1,68684
7290011964658,false,תבלין מלח לימון טעם,תות ממתקי איכות,IL,מלח לימון 170גר,גרמים,170.00,100 גרם,false,,10.90,6.4118,true,1,68696
7290012019036,false,שיני שום בצנצנת תומר 330ג',Qingdao canned foods,,שיני שום כבוש צנצנת,גרמים,330.00,100 גרם,false,,10.90,3.3030,true,1,125121
7290012019258,false,מחית תפוחי עץ רביעיה 4 * 113 ג' תומר,Cherry growers inc,,"מחית תפו""ע 4*113גר",גרמים,452.00,100 גרם,false,,12.90,2.8540,true,1,63330
7290012019265,false,"רסק תפו""ע דיאט תומר מארז 113X4ג'",Cherry growers inc,,"מחית תפו""ע ללא סוכר",גרמים,452.00,100 גרם,false,,12.90,2.8540,true,1,63331
7290012022203,false,פריכיות קליליות חיטה,דילייט,,קליליות (פריכיות) חי,גרמים,100.00,100 גרם,false,,15.90,15.9000,true,1,85799
7290012022227,false,פריכיות קליליות בטעם,דילייט,,קליליות (פריכיות) חי,גרמים,100.00,100 גרם,false,,13.90,13.9000,true,1,85800
7290012022272,false,פריכיות קליליות קידס,דילייט,,קליליות קידס 30גר,גרמים,30.00,100 גרם,false,,12.90,43.0000,true,1,117884
7290012117091,false,אבקת -כביסה סנו מקסימה סנסיטיב 6 קג,סנו מקסימה,IL,סנו מקסימה אבקת כביס,קילוגרמים,6.00,"ק""ג",false,,49.90,8.3167,true,1,49434
7290012117428,false,"קרמה - שמפו וג'ל רחצה 2 ב-1 מנטה 700 מ""ל",טרופיקל דגיל תעשיות,IL,קרמה שמפו גל רחצה לג,מיליליטרים,700.00,"100 מ""ל",false,,18.90,2.7000,true,1,49440
7290012117534,false,סנו - מקסימה מרכך כביסה מרוכז קול 1 ליטר,"סנו מפעלי ברונוס בע""",IL,סנו מקסימה קומפקט 1ל,מיליליטרים,1000.00,"100 מ""ל",false,,19.90,1.9900,true,1,63585
7290012117541,false,מרכך כביסה מקסימה קומפקט צהוב 1 ל' סנו,סנו מקסימה,IL,סנו מקסימה קומפקט צה,מיליליטרים,1000.00,"100 מ""ל",false,,19.90,1.9900,true,1,63586
7290012117558,false,מרכך כביסה קומפקט מאסק ורוד סנו מקסימה 1 ל',"סנו מפעלי ברונוס בע""",IL,סנו מקסימה קומפקט מא,מיליליטרים,1000.00,"100 מ""ל",false,,19.90,1.9900,true,1,63587
7290012117732,false,סנו - מקסימה מרכך כביסה קול שחור 4 ליטר,"סנו מפעלי ברונוס בע""",IL,סנו מקסימה מרכך כביס,ליטרים,4.00,ליטר,false,,23.90,5.9750,true,1,63312
7290012117916,false,סנו אינסטלאטור פותח סתימות נוזלי 1 ל',"סנו מפעלי ברונוס בע""",IL,סנו אינסטלטור נוזל 1,מיליליטרים,1000.00,"100 מ""ל",false,,29.90,2.9900,true,1,63313
7290012139482,false,עצם לחוצה מעושנת בצי,PINGYANG LELE PET PR,CN,בונזו ג'וי חטיפי עצם,גרמים,160.00,100 גרם,false,,24.90,15.5625,true,1,122239
7290012139499,false,בונזו ג'וי עצם לחוצה,Ping Yang,,בונזו ג'וי עצם לחוצה,גרמים,165.00,100 גרם,false,,24.90,15.0909,true,1,122240
7290012191886,false,גפרורים ענקיים,,IN,גפרור ענק,יחידה,0.00,יחידה,false,,8.90,0.0000,true,1,137398
7290012193163,false,פמלי אל סבון פרחי בר,אף.סי תבליני בגליל ב,TR,פמלי אל סבון פרחי בר,מיליליטרים,1000.00,"100 מ""ל",false,,14.90,1.4900,true,1,79720
7290012226120,false,קבנוס זוגלובק 135גר,נקניק נהריה כשר זוגל,IL,קבנוס זוגלובק 135גר,גרמים,135.00,100 גרם,false,,13.90,10.2963,true,1,67603
7290012227325,false,סלמי דק דק מעושן איטלקי 120 ג' זוגלובק,זוגלובק,IL,סלמי מעושן דק דק 120,גרמים,120.00,100 גרם,false,,14.90,12.4167,true,1,119966
7290012227912,false,קבנוס עודן 135 ג' זוגלובק,זוגלובק,,קבנוס מעודן זוגלובק,גרמים,135.00,100 גרם,false,,13.90,10.2963,true,1,91689
7290012227974,false,פסטרמה הודו בדבש טהור דק דק דק,זוגלובק,IL,פסטרמה בדבש דק דק 12,גרמים,120.00,100 גרם,false,,14.90,12.4167,true,1,119967
7290012227981,false,פסטרמה דק דק ברביקיו 120 ג' זוגלובק,זוגלובק,IL,פסטרמה ברביקיו דק דק,גרמים,120.00,100 גרם,false,,14.90,12.4167,true,1,119968
7290012227998,false,פסטרמה דק דק חזה בקר 120 ג' זוגלובק,זוגלובק,IL,חזה בקר דק דק 120גר,גרמים,120.00,100 גרם,false,,14.90,12.4167,true,1,119969
7290012228261,false,נקנקיות קנקרס הודו ועוף ריינהולד'ס זוגלובק 300 ג',זוגלובק,IL,נקניקיות הודו פרמיום,גרמים,300.00,100 גרם,false,,19.90,6.6333,true,1,122301
7290012228278,false,נקנקיות בוקוורסט עוף ובקר ריינהולד'ס 310 ג' זוגלובק,זוגלובק,IL,נקניקיות הודו בקר רי,גרמים,310.00,100 גרם,false,,19.90,6.4194,true,1,122302
7290012228704,false,"ריינהולדס נקניקיות סוסג' ספרדית חריפה, 310 ג'",זוגלובק,IL,נקניקיות סוסג' ספרדי,גרמים,300.00,100 גרם,false,,19.90,6.6333,true,1,122871
7290012245312,false,"צ'יפס אמריקאי 1.5 ק""ג גולד שארית",יוליניבר,BE,גולד ציפס אמריקאי 1.,קילוגרמים,1.50,"ק""ג",false,,22.90,15.2667,true,1,136664
7290012245329,false,"צ'יפס קלאסי 1.5 ק""ג גולד שארית",יוליניבר,BE,גולד צ'יפס קלאסי1.5,גרמים,1500.00,100 גרם,false,,22.90,1.5267,true,1,136665
7290012245336,false,"גולד צ'יפס סטייק 1.5 ק""ג גולד שארית",אגריסטו,NL,גולד סטייק צ'יפס -1.,גרמים,1500.00,100 גרם,false,,22.90,1.5267,true,1,136666
7290012309311,false,ערמונים קלופים וקלויים,"דין שיווק וקליה בע""מ",CN,ערמונים קלופים שלמים,גרמים,100.00,100 גרם,false,,7.50,7.5000,true,1,84905
7290012367700,false,קרם גוף אינטנסיב רליף Intensive relief לעור יבש ומגורה,"ד""ר פישר Dr fischer",IL,קרם גוף אפקטיב שיבול,מיליליטרים,700.00,"100 מ""ל",false,,34.90,4.9857,true,1,131211
7290012413636,false,תה ויסוצקי ירוק צ'אי מסאלה 25 יח',ויסוצקי ירוק,IL,תה ירוק מסאלה 25יח,גרמים,1500.00,100 גרם,false,,27.90,1.8600,true,1,72546
7290012413643,false,תה ויסוצקי ירוק קמומיל 25 יח',ויסוצקי ירוק,IL,תה ירוק קמומיל 25יח,יח',25.00,יח',false,,27.90,1.1160,true,1,80196
7290012454172,false,סוכריות ללא סוכר בטעם יוגורט- תות שדה,מיה תעשיות מזון,IL,סוכריות ללא סוכר יוג,גרמים,80.00,100 גרם,false,,5.90,7.3750,true,1,132425
7290012522581,false,טבעול שניצל תירס ללא גלוטן טבעול 664 גרם,עיצובים 2020 (4.8),IL,שניצל תירס ללא גלוטן,גרמים,664.00,100 גרם,false,,29.90,4.5030,true,1,73465
7290012561337,false,כורכום טרי כתוש 70 ג' דורות,גוד פוד פרודקטס S.p,IL,דורות כורכום טרי כתו,גרמים,70.00,100 גרם,false,,13.90,19.8571,true,1,123957
7290012561405,false,בצל חצי מטוגן 180 ג' דורות,עיצובים 2020 (3.8),IL,בצל חצי מטוגן דורות,גרמים,180.00,100 גרם,false,,13.90,7.7222,true,1,72101
7290012576614,false,יין Premieur לבן חצי יבש אמרלד ריזלינג קולומברד,יקבי ברקן שיווק והפצ,IL,יין פרימייר לבן ריזל,מיליליטרים,750.00,"100 מ""ל",false,,29.90,3.9867,true,1,85367
7290012642814,false,פלפלים חריפים מעורבים כבושים שלמים,תומר,,פלפלים מעורבים כבושי,גרמים,540.00,100 גרם,false,,10.90,2.0185,true,1,70848
7290012642876,false,פלפלים קטנים חריפים כבושים שלמים,יושלם,,פלפלונים מעורבים כבו,גרמים,530.00,100 גרם,false,,10.90,2.0566,true,1,70849
7290012645020,false,"יוגורט עיזים טבעי חלב הארץ 500 מ""ל",חלב הארץ,,משקה יוגורט עיזים חל,מיליליטרים,500.00,"100 מ""ל",false,,12.90,2.5800,true,1,140630
7290012645112,false,"יוגורט עיזים בדלי חלב הארץ 750מ""ל",מחלבות סוסיא,IL,יוגורט עיזים בדלי 75,מיליליטרים,750.00,"100 מ""ל",false,,21.90,2.9200,true,1,113986
7290012645129,false,"יוגורט כבשים בדלי חלב הארץ 750מ""ל",מחלבות סוסיא,IL,יוגורט כבשים 750מל ב,מיליליטרים,750.00,"100 מ""ל",false,,21.90,2.9200,true,1,113987
7290012645297,false,סוסיא יוגורט עיזים ביו 2.8% ט.טבעי 150מל,מחלבות סוסיא,IL,יוגורט עיזים בטעם טב,גרמים,150.00,100 גרם,false,,5.90,3.9333,true,1,87562
7290012803055,false,ממתיק על בסיס סוכרלוז - שקיות,תות ממתקי איכות,IL,סוכרלוז מרמולייט 100,גרמים,100.00,100 גרם,false,,29.90,29.9000,true,1,61872
7290012803215,false,וופל בלגי בטעם שוקולד ללא תוספת סוכר,בטר אנד דיפרנט,IL,וופל טוסו וופל בלגי,גרמים,200.00,100 גרם,false,,11.90,5.9500,true,1,74527
7290012803765,false,שוקולד מריר ללא תוספת סוכר,אלטינמארקה גידה סאן,TR,שוקולד טוסו מריר 100,גרמים,100.00,100 גרם,false,,13.90,13.9000,true,1,74529
7290012803789,false,שוקולד מריר עם אגוזים ללא תוספת סוכר,האי נאם סי או אל.טי.,TR,שוקולד טוסו מריר ואג,גרמים,100.00,100 גרם,false,,13.90,13.9000,true,1,74531
7290012823251,false,אל סבון כיף יסמין לבנדר 1 ליטר,קוסמופארם,IL,כיף אל סבון יסמין לב,מיליליטרים,1000.00,"100 מ""ל",false,,14.90,1.4900,true,1,63589
7290012823374,false,מטליות לניקוי כללי אנטי קאלק,מיוצר עי קונדיטוריית,IL,מגבוני אנטי קאלק 50י,יח',50.00,יח',false,,14.90,0.2980,true,1,68310
7290012823381,false,מרכך כביסה מקסימה סנסיטיב מרוכז ורוד 1 ל' סנו,"סנו מפעלי ברונוס בע""",IL,סנו מקסימה ורוד סנסט,מיליליטרים,1000.00,"100 מ""ל",false,,19.90,1.9900,true,1,64896
7290012823398,false,מטליות חד פעמיות לניקוי הרצפה בניחוח מרכך כביסה 10יח' סנו,סנו מפעלי ברונו בעמ,IL,מטליות לחות לרצפה בנ,יחידה,0.00,יחידה,false,,14.90,0.0000,true,1,141457
7290012823541,false,מטליות ריצפז פרש בריח לבנדר 10 יח' סנו,"סנו מפעלי ברונוס בע""",IL,מטליות לחות לרצפה בנ,יחידה,0.00,יחידה,false,,14.90,0.0000,true,1,96480
7290012823565,false,פוליויקס פרקט מטליות ענק לחות 10יח,דינאמיק תעשיות,IL,מטליות לחות פוליויקס,יחידה,0.00,יחידה,false,,15.90,0.0000,true,1,67512
7290012823602,false,נייר טואלט סופט סילק לבן - מארז 32 גלילים,טרופיקל דגיל תעשיות,IL,סופט סילק נייר טואלט,גרמים,1950.00,100 גרם,false,,37.90,1.9436,true,1,69115
7290012823923,false,מרכך כביסה סופר מרוכז פרפיום גולדן סנרייז,סנו מפעלי ברונוס בעמ,IL,סנו מקסימה פרפיום גו,מיליליטרים,750.00,"100 מ""ל",false,,19.90,2.6533,true,1,96489
7290012823947,false,"סנו - מרכך כביסה מרוכז פרפיום קריסטל נואר 750 מ""ל",מיוצר עי קונדיטוריית,IL,סנו מקסימה פרפיום קר,מיליליטרים,750.00,"100 מ""ל",false,,19.90,2.6533,true,1,96491
7290012864001,false,נביטי חמניה 170ג',חקלאי,IL,נבטי חמניות,יחידה,0.00,יחידה,false,,8.90,0.0000,true,1,63160
7290012864025,false,נבטי אלפלפא,חקלאי,IL,נבטים,יחידה,0.00,יחידה,false,,7.90,0.0000,true,1,72559
7290012901355,false,דודלס ארוחת אטריות עם גבינה 206 גרם,האי נאם סי או אל.טי.,US,פסטה מקרוני עם גבינה,גרמים,206.00,100 גרם,false,,12.90,6.2621,true,1,87176
7290012921025,false,מלכה בוטיק בירה בהיר,בירה מלכה בעמ,IL,בירה מלכה בוטיק בהיר,מיליליטרים,330.00,"100 מ""ל",false,,14.90,4.5152,true,1,91415
7290012929779,false,פסטה ספירלה מקמח מלא טעמן 500 ג',מוטלו,TR,פסטה ספירלה חיטה מלא,גרמים,500.00,100 גרם,false,,7.90,1.5800,true,1,126223
7290012929786,false,טעמן פסטה צינורות חיטה מלאה 500גר,מוטלו,TR,פסטה צינורות חיטה מל,גרמים,500.00,100 גרם,false,,7.90,1.5800,true,1,126224
7290012931611,false,שייני כריות ברזל שלשייה,,,כריות ברזל 3יח,יח',3.00,יח',false,,7.90,2.6333,true,1,80378
7290012938580,false,"סנסודיין משחת שיניים להלבנה עדינה 75 מ""ל",גלקסוסמית'קליין קונס,GB,סנסודיין משחת שיניים,מיליליטרים,75.00,"100 מ""ל",false,,22.90,30.5333,true,1,73014
7290012938740,false,"משחת שיניים פרש מינט מנטה 75מ""ל סנסודיין",גלקסו סמית קליין,GB,סנסודיין משחת שיניים,מיליליטרים,75.00,"100 מ""ל",false,,22.90,30.5333,true,1,79991
7290012983160,false,סילאן לחיץ חצר כנרת,מנדלז סי.אר. פרודקשן,IL,סילאן לחיץ חצר כנרת,גרמים,400.00,100 גרם,false,,10.90,2.7250,true,1,90590
7290012996672,false,הפי סבון לאסלה מבושם זוג,יוליניבר,IT,הפי סבון אסלה מבושם,גרמים,110.00,100 גרם,false,,12.90,11.7273,true,1,70947
7290013083661,false,תרכובת מזון המשך לפעוטות שלב 1 Extra Care,מטרנה תעשיות ש.מ,IL,מטרנה אקסטרא קר שלב,גרמים,700.00,100 גרם,false,,59.90,8.5571,true,1,67452
7290013083685,false,תרכובת מזון המשך לפעוטות שלב 3 Extra Care,מטרנה תעשיות ש.מ,IL,מטרנה אקסטרא קר שלב,גרמים,700.00,100 גרם,false,,59.90,8.5571,true,1,67454
7290013117212,false,בורקס פילו גבינה מעדנות מעדנות 600 ג',מיוצר עי קונדיטוריית,IL,בורקס פילו גבינה מעד,גרמים,600.00,100 גרם,false,,22.90,3.8167,true,1,64168
7290013117229,false,בורקס פילו תפוא מעדנות 600 גרם,מיוצר עי קונדיטוריית,IL,בורקס פילו תפוא מעדנ,גרמים,600.00,100 גרם,false,,22.90,3.8167,true,1,64169
7290013117236,false,בורקס פילו פיצה מעדנות 600 ג',מיוצר עי קונדיטוריית,IL,בורקס פילו פיצה מעדנ,גרמים,600.00,100 גרם,false,,22.90,3.8167,true,1,64170
7290013117243,false,בורקס פילו בולגרית מעדנות 600 ג',מיוצר עי קונדיטוריית,IL,בורקס פילו בולגרית מ,גרמים,600.00,100 גרם,false,,22.90,3.8167,true,1,64171
7290013117410,false,בצק פריך מרודד למאפים מתוקים 900 ג' מעדנות,מיוצר עי קונדיטוריית,IL,בצק פריך מרודד למאפי,גרמים,900.00,100 גרם,false,,24.90,2.7667,true,1,71074
7290013117427,false,בצק פריך מרודד למאפים מלוחים 900 ג' מעדנות,מיוצר עי קונדיטוריית,IL,בצק פריך מרודד למאפי,גרמים,900.00,100 גרם,false,,24.90,2.7667,true,1,71507
7290013268020,false,סנו - מקסימה מרכך כביסה מרוכז אולטרה פרש 1 ליטר,"סנו מפעלי ברונוס בע""",IL,סנו מקסימה אולטרא פר,מיליליטרים,1000.00,"100 מ""ל",false,,19.90,1.9900,true,1,64883
7290013268037,false,סנו מקסימה מרכך כביסה פצ''ולי מרוכז סגול 1 ל',סנו מקסימה,IL,סנו מקסימה פצ'ולי סג,מיליליטרים,1000.00,"100 מ""ל",false,,19.90,1.9900,true,1,64884
7290013268242,false,תרכיז ריחני לניקוי רצפות בריח מלון מפנק ריצפז פרש,"סנו מפעלו ברונוס בע""",IL,ריצפז פרש הום בניחוח,מיליליטרים,2000.00,"100 מ""ל",false,,25.90,1.2950,true,1,137078
7290013268839,false,סנו פוליויקס פרקט בריח מלון חלומי,סנו פוליויקס,IL,פוליויקס פרקט ניחוח,ליטרים,2.00,ליטר,false,,24.90,12.4500,true,1,122248
7290013268884,false,ריצפז פרש בניחוח מאסק,מיוצר עי קונדיטוריית,IL,ריצפז פרש מאסק 2ליטר,ליטרים,2.00,ליטר,false,,22.90,11.4500,true,1,68300
7290013268891,false,מסיר כתמים ג'ל אוקסיג'ן ללא אקונומיקה,"סנו מפעלי ברונוס בע""",IL,סנו אוקסיגן 3ליטר,מיליליטרים,3000.00,"100 מ""ל",false,,34.90,1.1633,true,1,69439
7290013268907,false,ג'ל כביסה מרוכז מקסימה Bio cold water,"סנו מפעלי ברונוס בע""",IL,סנו מקסימה גל כביסה,ליטרים,3.00,ליטר,false,,34.90,11.6333,true,1,69440
7290013268983,false,מרכך כביסה סופר מרוכז בבישום עוצמתי סנו מקסימה 1 ל',"סנו מפעלי ברונוס בע""",IL,סנו מקסימה מרכך סופר,מיליליטרים,1000.00,"100 מ""ל",false,,19.90,1.9900,true,1,142639
7290013268990,false,סנו - מקסימה מרכך כביסה מרוכז ביו 1 ליטר,"סנו מפעלי ברונוס בע""",IL,סנו מקסימה ביו 1ליטר,מיליליטרים,1000.00,"100 מ""ל",false,,19.90,1.9900,true,1,117776
7290013269003,false,מרכך כביסה סופר מרוכז בייבי לתינוקות ולעור רגיש,"סנו מפעלי ברונוס בע""",IL,סנו מקסימה קר בייבי,מיליליטרים,1000.00,"100 מ""ל",false,,19.90,1.9900,true,1,96525
7290013269157,false,"מרכך ומבשם מקסימה למייבש לבנדר 750 מ""ל סנו",סנו מקסימה,,סנו מקסימה למייבש לב,מיליליטרים,750.00,"100 מ""ל",false,,21.90,2.9200,true,1,71897
7290013269263,false,ג'ל כביסה מרוכז מקסימה בבישום קריסטל נואר,סנו מפעלי ברונוס בעמ,IL,סנו מקסימה גל כביסה,ליטרים,3.00,ליטר,false,,34.90,11.6333,true,1,70782
7290013269287,false,סנו - מקסימה ג'ל כביסה מרוכז מאסק 3 ליטר,"סנו מפעלי ברונוס בע""",IL,סנו מקסימה גל כביסה,ליטרים,3.00,ליטר,false,,34.90,11.6333,true,1,74004
7290013269621,false,ריצפז פרש לניקוי רצפות בניחוח מלון בוטיק,מיוצר עי קונדיטוריית,IL,ריצפז פרש הום בניחוח,ליטרים,2.00,ליטר,false,,25.90,12.9500,true,1,122638
7290013269638,false,ספוג הפלא אקסטרה Extra- מארז 6 יח',סנו סושי,US,סנו סושי ספוג הפלא א,יחידה,0.00,יחידה,false,,12.90,0.0000,true,1,81356
7290013269645,false,מטליות לחות לניקוי הרצפה בניחוח מאסק ריצפז פרש,סנו מפעלי ברונוס בעמ,IL,מטליות לחות ריצפז פר,יחידה,0.00,יחידה,false,,14.90,0.0000,true,1,82646
7290013269652,false,פולייויקס גרניט פורצלן בניתוח מאסק 2 ל',סנו פוליויקס,IL,פוליויקס גרניט פורצל,ליטרים,2.00,ליטר,false,,24.90,12.4500,true,1,79514
7290013269751,false,מטליות לחותריצפז פרש לניקוי ריצפה בניחות מלון בוטיק 10 יח' סנו,טרופיקל דגיל תעשיות,IL,ריצפז פרש הום מטליות,יח',10.00,יח',false,,14.90,1.4900,true,1,123337
7290013358448,false,"קרוטונים לסלט אקסטרה ארוכים בתיבול שום, בצל ופטרוזיליה",מאסטר שף,IL,קרוטונים לסלט אקסטרה,גרמים,200.00,100 גרם,false,,13.90,6.9500,true,1,114355
7290013358523,false,מאסטר שף שבבי בצל מטוגן 150ג,קריניציה ויטמינה אס,NL,שבבי בצל מטוגן מאסטר,גרמים,150.00,100 גרם,false,,13.90,9.2667,true,1,114368
7290013389114,false,"ניוקי לה פסטה תפו""א תומר 500 ג'",לה פסטה La' Pasta,,ניוקי תפוא 500 גר,גרמים,500.00,100 גרם,false,,10.90,2.1800,true,1,73527
7290013389145,false,מיני ניוקי 500 ג' לה פסטה,לה פסטה La' Pasta,,מיני ניוקי 500 גר,גרמים,500.00,100 גרם,false,,10.90,2.1800,true,1,73530
7290013440648,false,מאגדת שלגוני אבטיח נסטלה 108X5ג',גלידות נסטלה (נגה גל,IL,קרחוני אבטיח מאגדת נ,יחידה,0.00,יחידה,false,,26.90,0.0000,true,1,74025
7290013472199,false,ערמונים קלוף וקלוי ו.פוד 105 ג',בייג'גג פוינונג,CN,ערמונים ויליפוד 100ג,גרמים,100.00,100 גרם,false,,7.90,7.9000,true,1,81027
7290013492005,false,אמא אדמה תפוח אדמה למיקרו 700 גר',ברכת קטיף,IL,"תפו""א למיקרו",יחידה,0.00,יחידה,false,,7.90,0.0000,true,1,89313
7290013531117,false,רוטב פסטה לילדים 240 גרם יכין,"זנלכל בע""מ",IL,רוטב פסטה לילדים יכי,גרמים,240.00,100 גרם,false,,6.90,2.8750,true,1,71079
7290013531346,false,סירופ דיאט לימונענע יכין 1 ליטר,יכין,IL,סירופ דיאט לימונענע,מיליליטרים,1000.00,"100 מ""ל",false,,16.90,1.6900,true,1,79605
7290013531377,false,תורמוס יכין 560 גרם,היינץ צפון אמריקה מק,IL,תורמוס יכין 560 גרם,גרמים,560.00,100 גרם,false,,10.90,1.9464,true,1,88158
7290013541017,false,תפוח עץ 200גר,,,תפוח עץ 200גר,גרמים,200.00,100 גרם,false,,14.90,7.4500,true,1,87425
7290013541062,false,שזיף מגולען 300גר,,,שזיף מגולען 300גר,גרמים,300.00,100 גרם,false,,19.90,6.6333,true,1,87420
7290013541079,false,חמוציות 170גר,,,חמוציות 170גר,גרמים,170.00,100 גרם,false,,9.90,5.8235,true,1,87428
7290013541086,false,אגוזי מלך 200גר,,,אגוזי מלך 200גר,גרמים,200.00,100 גרם,false,,14.90,7.4500,true,1,87411
7290013541093,false,תמר מגהול 400 גרם,,,תמר מגהול 400 גרם,גרמים,400.00,100 גרם,false,,19.90,4.9750,true,1,87413
7290013541109,false,צנובר 100גר,,,צנובר 100גר,גרמים,100.00,100 גרם,false,,21.90,21.9000,true,1,87429
7290013541123,false,תאנים 250גר,,,תאנים 250גר,גרמים,250.00,100 גרם,false,,19.90,7.9600,true,1,87430
7290013541147,false,צימוקים גמבו 200גר,,,צימוקים גמבו 200גר,גרמים,200.00,100 גרם,false,,9.90,4.9500,true,1,87422
7290013541161,false,שקדים טבעי 180גר,,,שקדים טבעי 180גר,גרמים,180.00,100 גרם,false,,15.90,8.8333,true,1,87416
7290013541192,false,אגוז ברזיל 170גר,,,אגוז ברזיל 170גר,גרמים,170.00,100 גרם,false,,19.90,11.7059,true,1,87431
7290013541246,false,אננס מיובש 250גר,,,אננס מיובש 250גר,גרמים,250.00,100 גרם,false,,9.90,3.9600,true,1,87433
7290013541253,false,גנגר טבעי 200גר,,,גנגר טבעי 200גר,גרמים,200.00,100 גרם,false,,14.90,7.4500,true,1,87434
7290013541277,false,קשיו טבעי 170גר,,,קשיו טבעי 170גר,גרמים,170.00,100 גרם,false,,19.90,11.7059,true,1,87435
7290013541321,false,משמש מיובש 300גר,,,משמש מיובש 300גר,גרמים,300.00,100 גרם,false,,19.90,6.6333,true,1,87410
7290013542342,false,נייר אפייה ביתי אר 5,,,נייר אפייה ביתי אר 5,יחידה,0.00,יחידה,false,,10.90,0.0000,true,1,143958
7290013542403,false,כוסות ניר 2.5oz אר 50 יח' דנטס,,,"כוס נייר 2.5 אוז חד""",יחידה,0.00,יחידה,false,,5.90,0.0000,true,1,137257
7290013580009,false,המבורגר זהב 400 ג' 12 יח',,,המבורגר זהב ארוז 400,גרמים,400.00,100 גרם,false,,19.90,4.9750,true,1,124548
7290013585233,false,"ספרייט זירו פחית סליק 330 מ""ל",קוקה קולה Coca Cola,IL,ספרייט זירו סילק 330,מיליליטרים,330.00,"100 מ""ל",false,,7.00,2.1212,true,1,88007
7290013585387,false,קוקה קולה זירו בקבוק,החברה המרכזית לייצור,IL,קוקה קולה זירו 1ליטר,מיליליטרים,1000.00,"100 מ""ל",false,,7.70,0.7700,true,1,87879
7290013585394,false,קוקה קולה קלאסי,החברה המרכזית לייצור,IL,קוקה קולה 1ליטר,מיליליטרים,1000.00,"100 מ""ל",false,,7.70,0.7700,true,1,87880
7290013608260,false,פרימור מיץ רימונים 100% סחוט טרי 1ל',"גניר (1992) בע""מ",IL,פרימור רימונים סחוט,מיליליטרים,1000.00,"100 מ""ל",false,,24.90,2.4900,true,1,85831
7290013625922,false,אטריות דקות טעמן 400 ג,מוטלו,TR,איטריות דקות טעמן 40,גרמים,400.00,100 גרם,false,,5.90,1.4750,true,1,126242
7290013625939,false,אטריות דקיקות טעמן 400 גר',מוטלו,TR,איטריות דקיקות טעמן,גרמים,400.00,100 גרם,false,,5.90,1.4750,true,1,126243
7290013652157,false,"ד""ר פישר - נטורל קר מגבונים להסרת איפור לעור רגיל יבש 30 יח' * 3","ד""ר פישר Dr fischer",IL,נטורל קר מגבונים להס,יחידה,0.00,יחידה,false,,27.90,0.0000,true,1,109261
7290013675545,false,שניצל כלי תחבורה מאמא עוף 700 ג',,,שניצל כלי תחבורה 700,גרמים,700.00,100 גרם,false,,39.90,5.7000,true,1,121142
7290013675804,false,שניצלונים בטעם טבעות,תנובה גליל שותפות מו,IL,מיני מיני דק טבעות ב,גרמים,500.00,100 גרם,false,,29.90,5.9800,true,1,140689
7290013724946,false,משוקלדים שקד מריר 160 גר' קופסא,"דין שיווק וקליה בע""מ",IL,משוקלדים שקד מריר קו,גרמים,160.00,100 גרם,false,,10.90,6.8125,true,1,73980
7290013724953,false,חמוציות בשוקולד חלב 160ג,שקדיה,IL,משוקולדים חמוציות חל,גרמים,160.00,100 גרם,false,,10.90,6.8125,true,1,73981
7290013724991,false,משוקולדים לוז חלב 160 גר' סקופסא,דין שיווק,IL,משוקולדים לוז חלב קו,גרמים,160.00,100 גרם,false,,10.90,6.8125,true,1,73984
7290013725769,false,נודלס עבה סו שף 400ג,,CN,נודלס עבה סו שף 400ג,גרמים,400.00,100 גרם,false,,9.90,2.4750,true,1,114132
7290013787392,false,רביולי גבינות קלאסי 330 גרם ריקו בית יוסף,יוניליוור גרמניה Gm,IL,רביולי ריקו גבינות ק,גרמים,330.00,100 גרם,false,,28.90,8.7576,true,1,140654
7290013787415,false,רביולי ריקוטה תרד 330 גרם ריקו בית יוסף,יוניליוור גרמניה Gm,IL,רביולי ריקו ריקוטה ת,גרמים,330.00,100 גרם,false,,28.90,8.7576,true,1,140656
7290013847102,false,נתחי טונה בהירה בשמן - מארז שלישיה,סטארקיסט Starkist,,טונה סטארקיסט בשמן 3,גרמים,240.00,100 גרם,false,,13.90,5.7917,true,1,75886
7290013847393,false,נתחי טונה לייט 4% שומן עם עשבי תיבול 140 ג' סטארקיסט,סטארקיסט Starkist,IL,טונה סטארקיסט לייט 4,גרמים,140.00,100 גרם,false,,8.50,6.0714,true,1,122867
7290013847409,false,נתחי טונה לייט במים ושמן קנולה עם לימון ופלפל חריף 4%,סטארקיסט Starkist,IL,טונה סטארקיסט לייט 4,גרמים,140.00,100 גרם,false,,8.50,6.0714,true,1,122868
7290013847454,false,טונה בשמן קנולה סטארקיסט 4*160 ג',קריות זול,,טונה בשמן קנולה רביע,גרמים,640.00,100 גרם,false,,26.90,4.2031,true,1,143217
7290013847553,false,נתחי טונה בהירה במים דל נתרן - מארז רביעיה,"סטארקיסט פודור בע""מ",TH,סטארקיסט טונה רביעיי,גרמים,640.00,100 גרם,false,,26.90,4.2031,true,1,144937
7290013847867,false,מארז זוג טונה בשמן סויה 140 ג' סטארקיסט,טונה ויטנאם קו. אל.ט,IL,טונה סטארקיסט בשמן ס,גרמים,140.00,100 גרם,false,,13.90,9.9286,true,1,137502
7290013848345,false,מארז מטליות לחיטוי וניקוי יסודי אנטיבקטריאלי 99.9%,סנו מפעלי ברונוס בעמ,IL,סנו מטליות לחות לחיט,יחידה,0.00,יחידה,false,,24.90,0.0000,true,1,138480
7290013848581,false,סנו סושי מגבות נייר בגליל ענק.,,IL,מגבת נייר גליל סנו ס,יחידה,0.00,יחידה,false,,13.90,0.0000,true,1,137506
7290013861054,false,משוקלדים צימוק חלב 140 ג' קופסא,"דין שיווק וקליה בע""מ",IL,משוקלדים צימוק חלב ק,גרמים,160.00,100 גרם,false,,10.90,6.8125,true,1,105808
7290013861412,false,קוקוס 250 ג' מתוקים של שושון,קריניציה ויטמינה אס,IL,חטיף קוקוס250גר,גרמים,250.00,100 גרם,false,,10.90,4.3600,true,1,115443
7290013861443,false,ששון הקולה-חטיפי אנג'וי בוטנים 250 ג',קריניציה ויטמינה אס,IL,חטיף בוטנים 250גר,גרמים,250.00,100 גרם,false,,10.90,4.3600,true,1,115438
7290013883407,false,"מרסס דזיטול לחיטוי כללי 750 מ""ל",יעקבי - דזיטול Desytol,ES,דזיטול מרסס מחטא ומש,מיליליטרים,500.00,"100 מ""ל",false,,15.90,3.1800,true,1,79851
7290013906212,false,"נקנקיות וינר טירת 1 ק""ג טירת צבי",הנסיך- מפעל לייצור ט,IL,נקניקיות וינר טירת צ,גרמים,1000.00,100 גרם,false,,29.90,2.9900,true,1,113763
7290013906687,false,פסט' צמד כפרית ברביקיו ודבש 300X2ג' טירת צבי,הנסיך- מפעל לייצור ט,IL,פסטרמה צמד מארז כפרי,גרמים,600.00,100 גרם,false,,28.90,4.8167,true,1,125843
7290013927200,false,עוגת שוקולד צ'יפס עשירה אחווה 400ג',אחדות ביחר לטחינה חל,IL,עוגת שוקולד צ'יפס עש,גרמים,400.00,100 גרם,false,,13.90,3.4750,true,1,83583
7290013927637,false,חלווה ללא תוספת סוכר 400 גר' אחוה,אחדות ביחר לטחינה חל,IL,חלווה ללא תוספת סוכר,גרמים,400.00,100 גרם,false,,14.90,3.7250,true,1,123149
7290013927996,false,עוגת שמרים קראץ' בטעם שוקולד 400 גר',אחדות ביחר לטחינה חל,IL,עוגת שמרים קרנץ בטעם,גרמים,400.00,100 גרם,false,,12.90,3.2250,true,1,138294
7290014002203,false,תה ויסוצקי חליטת לימונית ולואיזה 20יח',HIQ FOOD PRODUCTS,IL,חליטת לימונית לואיזה,יח',25.00,יח',false,,19.90,0.7960,true,1,80591
7290014002944,false,גן קסום חליטת פירות וצמחים חמדת שקד 25 שקיקים,HIQ FOOD PRODUCTS,IL,תה הגן הקסום חליטת פ,גרמים,57.50,100 גרם,false,,19.90,34.6087,true,1,86451
7290014046016,false,פסטרמה של פעם דל שומן 2% רכיבים טבעיים,מעדני יחיעם,IL,פסטרמה הודו 100% חומ,גרמים,250.00,100 גרם,false,,28.90,11.5600,true,1,85045
7290014046436,false,נשנושי קבנוס 125 ג' יחיעם,מעדני יחיעם 1993,IL,נשנושי קבנוס יחיעם 1,גרמים,125.00,100 גרם,false,,15.90,12.7200,true,1,82038
7290014046580,false,פסטרמה מעודנת על גחלים 300 ג' יחיעם,מעדני יחיעם 1993,IL,פסטרמה מעודנת על גחל,גרמים,300.00,100 גרם,false,,26.90,8.9667,true,1,86696
7290014046757,false,סלמי תה מעדני יחיעם,פ.פ.ח. שאביט,IL,סלמי תה יחיעם 300 גר,גרמים,300.00,100 גרם,false,,25.90,8.6333,true,1,91796
7290014046764,false,סלמי פפרוני יחיעם 20,,,סלמי פפרוני יחיעם 20,גרמים,200.00,100 גרם,false,,15.90,7.9500,true,1,124881
7290014066366,false,לנדוור-קפסולות אספרסו ריסטרטו(08) - 10יח'12X יח,קפה לנדוור,IL,לנדוור קפסולות אספרס,גרמים,50.00,100 גרם,false,,15.90,31.8000,true,1,138289
7290014066380,false,לנדוור-קפסולות אספרסו סופרימו(10) - 10יח'12X יח,קפה לנדוור,IL,לנדוור קפסולות אספרס,גרמים,50.00,100 גרם,false,,15.90,31.8000,true,1,138286
7290014066441,false,לנדוור-קפסולות אספרסו נטול קפאין(07) - 10יח'12X יח,קפה לנדוור,IL,לנדוור קפסולות אספרס,גרמים,50.00,100 גרם,false,,15.90,31.8000,true,1,138287
7290014066526,false,לנדוור-קפסולות אספרסו תערובת הבית(11) - 10יח'12X יח,קפה לנדוור,IL,לנדוור קפסולות אספרס,גרמים,50.00,100 גרם,false,,15.90,31.8000,true,1,138290
7290014066533,false,לנדוור-קפסולות אספרסו קלייה כפולה(12) - 10יח'12X יח,לנדוור,IL,לנדוור קפסולות אספרס,גרמים,50.00,100 גרם,false,,15.90,31.8000,true,1,138288
7290014079847,false,צמד פטריות בייבי בלה,"מרינה פטריות הגליל בע""מ",IL,צמד פטריות בייבי בלה,גרמים,500.00,100 גרם,false,,17.90,3.5800,true,1,90494
7290014083479,false,גבינת גאודה פרוסות 150 גרם 29% שומן,ג.וילי פוד אינטרנשיו,IL,גבינת גאודה פרוסה חצ,גרמים,150.00,100 גרם,false,,12.90,8.6000,true,1,81424
7290014083813,false,וילי פוד מריגה שפרוטים מעושנים בשמן 190ג,הנסיך- מפעל לייצור ט,LV,שפרוטים מעושנים בשמן,גרמים,190.00,100 גרם,false,,10.90,5.7368,true,1,82679
7290014088962,false,שוקולה 850 גרם פרימי,,,שוקולה 850 גרם פרימי,גרמים,850.00,100 גרם,false,,10.90,1.2824,true,1,143660
7290014094345,false,גרעיני חמניות קלופות,"דין שיווק וקליה בע""מ",,חמניה מקולפת בקופסא,גרמים,300.00,100 גרם,false,,9.90,3.3000,true,1,85773
7290014094352,false,אגוזי מלך בקופסא 200 ג',"דין שיווק וקליה בע""מ",,אגוזי מלך בקופסא 200,גרמים,200.00,100 גרם,false,,19.90,9.9500,true,1,85774
7290014094369,false,ששון הקולה שקד טבעי,"דין שיווק וקליה בע""מ",,שקד טבעי בקופסא 200ג,גרמים,200.00,100 גרם,false,,24.90,12.4500,true,1,85775
7290014094383,false,משמש מיובש ששון הקול,"דין שיווק וקליה בע""מ",,משמש 250 גרם בקופסא,גרמים,250.00,100 גרם,false,,23.90,9.5600,true,1,89799
7290014094390,false,חמוציות מסוכרות ששון,"דין שיווק וקליה בע""מ",,חמוציות 250 גרם קופס,גרמים,250.00,100 גרם,false,,17.90,7.1600,true,1,85777
7290014094406,false,צימוק לבן 330 ג' בקופסא,"דין שיווק וקליה בע""מ",,צימוק לבן קופסא 330ג,גרמים,330.00,100 גרם,false,,18.90,5.7273,true,1,85778
7290014094505,false,אורז בסמתי טהור אהרוני 1 ק''ג,האי נאם סי או אל.טי.,IN,אורז בסמטי טהור אהרו,גרמים,1000.00,100 גרם,false,,11.90,1.1900,true,1,84988
7290014094611,false,שקד מולבן פרוס בקופס,,,שקד מולבן פרוס בקופס,גרמים,200.00,100 גרם,false,,19.90,9.9500,true,1,85779
7290014094628,false,פקאן טבעי 200 ג' בקופסא,ששון הקולה,,פקאן טבעי בקופסא 200,גרמים,200.00,100 גרם,false,,24.90,12.4500,true,1,85780
7290014094659,false,בונדוק טבעי בקופסא 2,דין שיווק,IL,בונדוק טבעי בקופסא 2,גרמים,250.00,100 גרם,false,,24.90,9.9600,true,1,85783
7290014094857,false,פקאן סיני מסוכר ששון,"דין שיווק וקליה בע""מ",IL,פקאן סיני מסוכר 150,גרמים,150.00,100 גרם,false,,20.00,13.3333,true,1,89793
7290014094895,false,אגוזים קלופים ששון הקולה 150 ג',,,אגוזי מלך שקית 150גר,גרמים,150.00,100 גרם,false,,10.90,7.2667,true,1,89801
7290014094901,false,פקאן טבעי ששון הקולה,"דין שיווק וקליה בע""מ",IL,פקאן טבעי 150גרם,גרמים,150.00,100 גרם,false,,24.90,16.6000,true,1,89794
7290014095861,false,שיבולת שועל דקה להכנה מהירה,"דין שיווק וקליה בע""מ",IL,קוואקר שיבולת שועל ד,גרמים,500.00,100 גרם,false,,7.90,1.5800,true,1,81779
7290014095953,false,משוקלדים פקאן בשוקולד חלב 140 ג',שקדיה גבע בתעשיות עמ,IL,משוקלדים פקאן חלב קו,גרמים,160.00,100 גרם,false,,10.90,6.8125,true,1,115460
7290014095960,false,שיבולת שועל עבה להכנה מהירה,"דין שיווק וקליה בע""מ",IL,קוואקר שיבולת שועל ע,גרמים,500.00,100 גרם,false,,7.90,1.5800,true,1,81780
7290014138971,false,לפידונים - כוסיות שמן זית מוצק - 44 כוסיות,מנורה,,ערכת לפידונים משמן ז,יחידה,0.00,יחידה,false,,59.90,0.0000,true,1,122311
7290014138988,false,לפידונים נוזלי 44 כוסיות עם שמן זית להדלקה בחנוכה,מנורה,,ערכת לפידונים משמן ז,יחידה,0.00,יחידה,false,,59.90,0.0000,true,1,129184
7290014217003,false,תבלין פפריקה מעושנת מיכל 90ג',תות ממתקי איכות,IL,פפריקה מעושנת 90גר,גרמים,90.00,100 גרם,false,,10.90,12.1111,true,1,74152
7290014217065,false,תבלין אורגנו עלים 30 גר',תות ממתקי איכות,IL,אורגנו מיכל גדול 30ג,גרמים,30.00,100 גרם,false,,10.90,36.3333,true,1,79735
7290014217119,false,תערובת לצ'יפס מיכל 100 ג',תות ממתקי איכות,IL,מיכל תערובת לצ'יפס 1,גרמים,100.00,100 גרם,false,,10.90,10.9000,true,1,86507
7290014217157,false,תערובת תיבול טוסקנה מיכל 120 גר,תות ממתקי איכות,IL,מיכל תערובת תיבול טו,גרמים,120.00,100 גרם,false,,10.90,9.0833,true,1,86510
7290014217225,false,תבלין גריל עוף מיכל 120גר,תות ממתקי איכות,IL,גריל עוף מיכל 120גר,גרמים,120.00,100 גרם,false,,11.90,9.9167,true,1,85269
7290014217263,false,תערובת תיבול לפרגיות 100ג',תות ממתקי איכות,IL,תערובת תיבול לפרגיות,גרמים,100.00,100 גרם,false,,10.90,10.9000,true,1,91202
7290014217348,false,צ'ילי כתוש חריף (פלפל קיינה),תות ממתקי איכות,IL,צ'ילי כתוש מיכל 70גר,גרמים,70.00,100 גרם,false,,10.90,15.5714,true,1,85272
7290014217362,false,תבלין תיבול לקציצות מיכל 100 ג',תות ממתקי איכות,IL,תיבול לקציצות מיכל 1,גרמים,100.00,100 גרם,false,,10.90,10.9000,true,1,85274
7290014217478,false,תערובת עשבי תיבול איטלקי ים תיכוני 30ג',תות ממתקי איכות,IL,תערובת עשבי תיבול אי,גרמים,30.00,100 גרם,false,,10.90,36.3333,true,1,91418
7290014217522,false,תערובת ללחם שום טעם וריח 100 ג',תות ממתקי איכות,IL,לחם שום תערובת מיכל,גרמים,100.00,100 גרם,false,,10.90,10.9000,true,1,122153
7290014218321,false,בורקס אישי גבינה מעדנות 600 ג',מיוצר עי קונדיטוריית,IL,בורקס יפו גבינה מעדנ,גרמים,600.00,100 גרם,false,,19.90,3.3167,true,1,114392
7290014218536,false,"בצק עלים מופחת שומן מעדנות 1 ק""ג","מעדנות בע""מ",IL,בצק עלים מופחת שומן,גרמים,1000.00,100 גרם,false,,23.90,2.3900,true,1,114485
7290014218932,false,חטיפי פיצה בתוספת זיתים 710 ג' מעדנות,מיוצר עי קונדיטוריית,IL,חטיפי פיצה בתוספת זי,גרמים,710.00,100 גרם,false,,34.90,4.9155,true,1,123693
7290014241763,false,פיצוחי הטיב קשיו טבעי 200 גר,דין שיווק,,קשיו טבעי 200גר,גרמים,200.00,100 גרם,false,,18.90,9.4500,true,1,89865
7290014397286,false,מרכך כביסה מקסימה מרוכז חלב ודבש 1 ל' סנו,סנו מקסימה,IL,סנו מקסימה קר חלב וד,מיליליטרים,1000.00,"100 מ""ל",false,,19.90,1.9900,true,1,81628
7290014397705,false,נוזל רצפות פוליווקס פרקט מרענן סנו 2ל',סנו פוליויקס,IL,פוליויקס פרקט בניחוח,ליטרים,2.00,ליטר,false,,24.90,12.4500,true,1,83512
7290014397767,false,סנו ריצפז פרש הום 2 ליטר בניחוח כותנה-מרכז,"סנו מפעלי ברונוס בע""",IL,ריצפז פרש הום בניחוח,ליטרים,2.00,ליטר,false,,25.90,12.9500,true,1,83037
7290014397781,false,סנו ריצפז פרש הום 2 ליטר בניחוח סבון,סנו פרש Fresh,IL,ריצפז פרש הום בניחוח,ליטרים,2.00,ליטר,false,,25.90,12.9500,true,1,83039
7290014435803,false,מטיאס הולנדי (פרובנציאל) עם בצל בשמן 180 גרם,שבעת הימים - שמיר,IL,מטיאס הולנדי (פרובנצ,גרמים,180.00,100 גרם,false,,25.90,14.3889,true,1,89086
7290014435810,false,הרינג כבוש ובצל במרינת חמוץ מתוק שמיר 180 ג',שבעת הימים - שמיר,IL,הרינג כבוש עם בצל במ,גרמים,180.00,100 גרם,false,,25.90,14.3889,true,1,89087
7290014435827,false,פילה מקרל מעושן בשמן שמיר 180 ג',שבעת הימים - שמיר,IL,פילה מקרל מעושן בשמן,גרמים,180.00,100 גרם,false,,25.90,14.3889,true,1,89088
7290014435834,false,מקרל מעושן פרוס בשמן 180 גרם,שבעת הימים - שמיר,IL,מקרל מעושן פרוס בשמן,גרמים,180.00,100 גרם,false,,25.90,14.3889,true,1,89089
7290014435841,false,פילה מטיאס הולנדי בשמן שמיר 180ג',סלטי שמיר 2006 בעמ,IL,פילה מטיאס הולנדי בש,גרמים,180.00,100 גרם,false,,25.90,14.3889,true,1,89090
7290014435889,false,סלט מטיאס עם מיונז 180 גרם,שבעת הימים - שמיר,IL,סלט מטיאס עם מיונז 2,גרמים,200.00,100 גרם,false,,25.90,12.9500,true,1,89092
7290014435896,false,סלט סלומון עם מיונז 180 גר',שבעת הימים - שמיר,IL,סלט סלמון עם מיונז 2,גרמים,200.00,100 גרם,false,,25.90,12.9500,true,1,89093
7290014455245,false,גבינת גרנה פדנו משולש 29% 200 גרם בית יוסף,מחלבת סוציאלה מנטובה,IT,גרנה פדנו משולש מחלב,גרמים,200.00,100 גרם,false,,29.30,14.6500,true,1,90271
7290014455252,false,גבינה קשה מגורדת גרנה פדנו 29% שומן,מחלבות גד שיווק 1992,IT,*מבצע* גרנה פדנו מגו,גרמים,100.00,100 גרם,false,,11.00,11.0000,true,1,90272
7290014455320,false,גבינה כדורי מוצרלה פרסקה גד 100ג',מחלבות גד בעמ,IL,כדור מוצרלה פרסקה 18,גרמים,100.00,100 גרם,false,,11.20,11.2000,true,1,89691
7290014455467,false,ירח מתוק מעדן חלב 2% ושיבולת שועל גד 150ג',מחלבות גד,IL,מעדן שיבולת שועל וחל,גרמים,150.00,100 גרם,false,,6.50,4.3333,true,1,90273
7290014455610,false,יוגורט עיזים עם תות,מיוצר על ידי קוד יצר,IL,יוגורט עיזים תות 125,גרמים,125.00,100 גרם,false,,6.50,5.2000,true,1,113436
7290014455627,false,יוגורט עיזים עם דובדבן אמרנה,מיוצר עי קוד יצרן MK,IL,יוגורט עיזים דובדבן,גרמים,125.00,100 גרם,false,,6.50,5.2000,true,1,113437
7290014459137,false,"צ'יפס תפוגן סטייק 1.5 ק""ג","תעשיות תפוגן בע""מ",IL,ציפס סטייק תפוגן 1.5,גרמים,1500.00,100 גרם,false,,27.90,1.8600,true,1,88150
7290014471412,false,"מוזלי בוטנים אגוזים ושקדים 1 ק""ג - 412 ירוק שקדיה",דין שיווק,IL,מוזלי עם בוטנים אגוז,גרמים,1000.00,100 גרם,false,,19.90,1.9900,true,1,86542
7290014472136,false,גרעין שחור קלוי ששון הקולה 150 ג',דין שיווק,IL,גרעין שחור קלוי 150ג,גרמים,150.00,100 גרם,false,,4.90,3.2667,true,1,105821
7290014472235,false,פקאן סיני מסוכר בקופ,ששון הקולה,,פקאן סיני מסוכר בקופ,גרמים,200.00,100 גרם,false,,24.90,12.4500,true,1,85786
7290014472433,false,קונפיטורה תות שדה 450 ג' שקדיה,"דין שיווק וקליה בע""מ",IL,קונפיטורה תות שדה 45,גרמים,450.00,100 גרם,false,,13.90,3.0889,true,1,88047
7290014472464,false,קונפיטורה משמש 450גר,"דין שיווק וקליה בע""מ",IL,קונפיטורה משמש 450גר,גרמים,450.00,100 גרם,false,,13.90,3.0889,true,1,88050
7290014525290,false,חטיף קריספי עם מילוי בטעם תות שדה,סלים דליס Slim Delis,NL,חטיפי מרבה סלים דליס,גרמים,125.00,100 גרם,false,,15.90,12.7200,true,1,132676
7290014525306,false,מרבה סלים דליס קריספי אוכמניות 125 גר,סלים דליס Slim Delis,NL,חטיפי מרבה סלים דליס,גרמים,125.00,100 גרם,false,,15.90,12.7200,true,1,132677
7290014525313,false,מרבה סלים דליס קריספי שוקולד 125 גר,סלים דליס Slim Delis,NL,חטיפי מרבה סלים דליס,גרמים,125.00,100 גרם,false,,15.90,12.7200,true,1,132678
7290014651920,false,פיצוחי הטיב קבוקים שומשום 200ג,,,קבוקים שומשום 200גר,גרמים,200.00,100 גרם,false,,7.90,3.9500,true,1,116241
7290014692299,false,גבינת ברי 125 ג' קסטיאלו ויליפוד,יורו צ'יז Euro Cheese,DK,גבינת ברי קאסטללו יו,גרמים,125.00,100 גרם,false,,22.90,18.3200,true,1,83849
7290014692305,false,גבינת קממבר 125ג' CASTELLO ויליפוד,הנסיך- מפעל לייצור ט,DK,גבינת קממבר יורוציז,גרמים,125.00,100 גרם,false,,22.90,18.3200,true,1,83850
7290014692541,false,גבינת מגורדת 500ג' GOLDEN,ג.וילי פוד אינטרנשיו,IL,אמה מגורדת 500גר,גרמים,500.00,100 גרם,false,,21.90,4.3800,true,1,89553
7290014692817,false,גבינת מוצרלה מגורדת 200 ג' EURO CHEESE ויליפוד,הנסיך- מפעל לייצור ט,IL,מוצרלה מגורדת יורו צ,גרמים,200.00,100 גרם,false,,16.90,8.4500,true,1,84031
7290014731264,false,כוסות לשתייה קרה 100 יחי',,,כוסות פלסטיק לשתיה ק,יחידה,0.00,יחידה,false,,7.90,0.0000,true,1,129487
7290014749245,false,ספיישל רצועות שניצל שומשום עוף טוב 600 גרם,מוצרי עוף טוב (2001),IL,צ'ונגו רצועות שניצל,גרמים,600.00,100 גרם,false,,35.90,5.9833,true,1,138664
7290014749740,false,שניצל עוף ביתי בטאץ מתובל 600 גר',מולינו ניקולי s.p.a,IL,שניצל עוף ביתי מתובל,גרמים,600.00,100 גרם,false,,41.90,6.9833,true,1,137859
7290014749764,false,עוף טוב שניצל עוף ביתי עדין 700,מוצרי עוף טוב (2001),IL,שניצל עוף ביתי מעודן,גרמים,700.00,100 גרם,false,,45.90,6.5571,true,1,137854
7290014749801,false,עוף טוב צונגו רצועות,מולינו ניקולי s.p.a,IL,צ'ונגו רצועות צ'ילי,גרמים,600.00,100 גרם,false,,35.90,5.9833,true,1,138509
7290014749887,false,עוף טוב שניצל עוף דק ענק קריספי קלאסי,מולינו ניקולי s.p.a,IL,שניצל דק ענק קריספי,גרמים,720.00,100 גרם,false,,41.70,5.7917,true,1,141955
7290014758100,false,מאגדת יוגורט ביו 3% שומן 8 יח' *150ג' תנובה,מיוצר עי קונדיטוריית,IL,יוגורט ביו מאגדת שמי,גרמים,1200.00,100 גרם,false,,17.50,1.4583,true,1,81496
7290014758117,false,מאגדת יוגורט ביו 1.5% שומן 8 יח' *150 ג' תנובה,מיוצר עי קונדיטוריית,IL,יוגורט ביו מאגדת שמי,גרמים,1200.00,100 גרם,false,,17.50,1.4583,true,1,81497
7290014758162,false,חלב עיזים מלא 3.6% קרטון 1 ל' תנובה,תנובה מרכז שיתופי לש,IL,חלב עיזים מלא 3.6% ש,מיליליטרים,1000.00,"100 מ""ל",false,,16.70,1.6700,true,1,82370
7290014758681,false,קוטג' תנובה 1% גביע 250 ג',מיוצר עי קונדיטוריית,IL,גבינת קוטג׳ 1% בגביע,גרמים,250.00,100 גרם,false,,5.90,2.3600,true,1,81501
7290014759084,false,גבינת שמנת 16% בטעם טבעי 225 ג' נפוליאון,תנובה מרכז שיתופי לש,IL,גבינת נפוליאון 16% 2,גרמים,225.00,100 גרם,false,,14.90,6.6222,true,1,83818
7290014759534,false,גבינה בולגרית למריחה טבעי 5% 200 ג' פיראוס,"תנובה, מחלבת תל יוסף",IL,בולגרית למריחה טבעי,גרמים,200.00,100 גרם,false,,15.50,7.7500,true,1,84059
7290014759909,false,פיראוס פטה עזים פיראוס 5% 250גר,"תנובה, מחלבת טנא נוג",IL,פטה עיזים 5% פיראוס,גרמים,250.00,100 גרם,false,,31.50,12.6000,true,1,84845
7290014759978,false,"גבינת קצקבל פלח גלעד 27%, 200 ג'",תנובה,IL,קאשקבל פלח 200 גר,גרמים,200.00,100 גרם,false,,28.90,14.4500,true,1,84061
7290014759985,false,"גבינת פרמזן גבע 23% פלח, 200 ג'",תנובה,IL,פרמזן פלח 200 גר,גרמים,200.00,100 גרם,false,,27.50,13.7500,true,1,84062
7290014759992,false,גבינת רוקפור גליל פלח 140 ג' תנובה,"תנובה, מחלבת תל יוסף",IL,רוקפור פלח 140גר,גרמים,140.00,100 גרם,false,,19.90,14.2143,true,1,84063
7290014760134,false,מעדן סויה בטעם וניל אלטרנטיב,תנובה Alternative,IL,מעדן סויה בטעם וניל,גרמים,125.00,100 גרם,false,,4.30,3.4400,true,1,119624
7290014760141,false,משקה שקדים תנובה E אלטרנטיב,תנובה Alternative,IL,משקה שקדים טרי 1ליטר,מיליליטרים,1000.00,"100 מ""ל",false,,13.50,1.3500,true,1,88185
7290014761056,false,מעדן שוקולד חלב מעולה 123 ג' יולו,מיוצר עי קונדיטוריית,IL,מעדן שוקולד חלב יולו,מיליליטרים,123.00,"100 מ""ל",false,,4.80,3.9024,true,1,87083
7290014761063,false,מעדן שוקולד מריר מעולה 123 ג' יולו,מיוצר עי קונדיטוריית,IL,מעדן שוקולד מריר יול,מיליליטרים,123.00,"100 מ""ל",false,,4.80,3.9024,true,1,87084
7290014761070,false,מעדן שוקולד לבן מעולה 123 ג' יולו,מיוצר עי קונדיטוריית,IL,מעדן שוקולד לבן יולו,מיליליטרים,123.00,"100 מ""ל",false,,4.80,3.9024,true,1,87085
7290014761414,false,מעדן שכבות שוקולד חלב ולבן 123 ג' יולו,מיוצר עי קונדיטוריית,IL,יולו מעדן שכבות שוקו,מיליליטרים,123.00,"100 מ""ל",false,,4.80,3.9024,true,1,87088
7290014761612,false,מעדן עם שוקולד מריר ולבן 122 ג' יולו,מיוצר עי קונדיטוריית,IL,יולו מעדן שכבות שוקו,מיליליטרים,123.00,"100 מ""ל",false,,4.80,3.9024,true,1,88270
7290014762756,false,נפוליאון גבינת שמנת עם בצל 16% שומן,הרדוף חלב,IL,גבינת נפוליאון 16% ב,גרמים,225.00,100 גרם,false,,14.90,6.6222,true,1,90040
7290014762800,false,מעדן סויה שוקולד גביע 125 גרם אלטרנטיב,תנובה מרכז שיתופי לש,IL,מעדן סויה בטעם שוקול,גרמים,125.00,100 גרם,false,,4.30,3.4400,true,1,118237
7290014762831,false,גבינת שמנת חלפיניו 24% שומן 225 ג' נפוליאון,תנובה מרכז שיתופי לש,IL,גבינת נפוליאון 25% ע,גרמים,225.00,100 גרם,false,,14.90,6.6222,true,1,91296
7290014762848,false,גבינה צהובה מגורדת 22% שומן 500 ג' פתיתי גלבוע,גלבוע - תנובה,IL,פתית גלבוע 22% 500 ג,גרמים,500.00,100 גרם,false,,34.90,6.9800,true,1,118770
7290014762909,false,פתיתי מוצרלה 20% שומן 200 ג' השף הלבן,"תנובה, מחלבת תל יוסף",IL,פתיתי מוצרלה 20% שו,גרמים,200.00,100 גרם,false,,18.50,9.2500,true,1,90985
7290014763272,false,יוגורט סויה BIO לשתייה תות ובננה אלטרנטיב,תות תעשיות מזון (201,IL,משקה סויה ביו תות בנ,מיליליטרים,236.00,"100 מ""ל",false,,6.00,2.5424,true,1,91754
7290014855434,false,מגבונים בייביסיטר פרפורמנס מבושם רביעיה,בייביסיטר Babysitter,,מגבוני בייביסיטר פרפ,יחידה,0.00,יחידה,false,,15.90,0.0000,true,1,88271
7290014855458,false,מגבוני בייביסיטר פרפורמנס ללא בישום מארז 72X4יח',בייביסיטר Babysitter,,מגבוני בייביסיטר פרפ,יחידה,0.00,יחידה,false,,15.90,0.0000,true,1,88272
7290014860070,false,"מקלוני אורז ללא גלוטן 5 מ""מ 454גר' (אור)",ניינטי נודל קו,TH,מקלוני אורז ללא גלוט,גרמים,454.00,100 גרם,false,,10.90,2.4009,true,1,127549
7290014860087,false,מקלוני אורז ללא גלוט,Oriental food co. lt,,מקלוני אורז ללא גלוט,גרמים,250.00,100 גרם,false,,8.90,3.5600,true,1,116669
7290014860094,false,מקלוני אורז ללא גלוט,ניינטי נודל קו,TH,מקלוני אורז ללא גלוט,גרמים,454.00,100 גרם,false,,10.90,2.4009,true,1,86821
7290014905160,false,"הפי מטהר אוויר פניני ריח בניחוחות, 130 גרם",יוליניבר,IT,פניני ריח הפי 130גר,גרמים,130.00,100 גרם,false,,8.90,6.8462,true,1,125515
7290014905689,false,"נוזל כלים הפי מרוכז 24% תפוח 750 מ""ל",וונדפוט,BE,הפי נוזל כלים ירוק ת,מיליליטרים,750.00,"100 מ""ל",false,,7.90,1.0533,true,1,86815
7290014905696,false,"נוזל כלים הפי מרוכז 24% לימון 750 מ""ל",וונדפוט,BE,הפי נוזל כלים צהוב ל,מיליליטרים,750.00,"100 מ""ל",false,,7.90,1.0533,true,1,86816
7290014905719,false,הפי לימונית למדיח כלים - מנטרל ריחות רעים,יעקבי - הפי Hepi,IT,הפי לימונית למדיח כל,יחידה,0.00,יחידה,false,,9.90,0.0000,true,1,86818
7290014945067,false,צמרוני אוזניים פלסטי,,,צמרוני אוזניים פלסטי,יחידה,0.00,יחידה,false,,4.50,0.0000,true,1,146181
7290014945074,false,צמרוני בייבי 56 גרם,,,צמרוני בייבי 56 גרם,יחידה,0.00,יחידה,false,,4.90,0.0000,true,1,146182
7290014974562,false,גביעי גלידה רגיל טילון עלמה גילרו 24 יח',"א.ג גילרו בע""מ",IL,גביעי גלידה 24 עלמה,יחידה,0.00,יחידה,false,,8.90,0.0000,true,1,122327
7290015008020,false,נר נשמה ר. שמאי 24 שעות,,CN,נר נשמה 24 שעות שמאי,יחידה,0.00,יחידה,false,,2.50,0.0000,true,1,129539
7290015008037,false,להבונים 50 יח ר.שמאי,,,להבונים 50 יח',יח',50.00,יח',false,,9.90,0.1980,true,1,129513
7290015008211,false,לפתניות שקוף קשיח עג,,,לפתניות שקוף קשיח עג,יחידה,0.00,יחידה,false,,15.90,0.0000,true,1,136961
7290015008280,false,נייר אפייה ר. שמאי 50 דף,,,נייר אפייה 50דף,יחידה,0.00,יחידה,false,,10.90,0.0000,true,1,129540
7290015008372,false,"כוס קרטון לשתיה חמה 8OZ ח""פ 50יח'",,,כוסות שתיה חמה 50 יח,יחידה,0.00,יחידה,false,,9.90,0.0000,true,1,137452
7290015008662,false,"מזלג שקוף ארוז ח""פ 50יח'",,,מזלג ארוז 50 יח,יחידה,0.00,יחידה,false,,9.90,0.0000,true,1,129541
7290015008686,false,כפיות שקוף 50 יח',,,כפיות ארוז 50 יח,יחידה,0.00,יחידה,false,,9.90,0.0000,true,1,129548
7290015139250,false,"חופשי שוקולד מריר עם פ.אורז לל""ס 85 גר",כרמית תעשיות ממתקים,IL,שוקולד מריר עם פצפוצ,גרמים,85.00,100 גרם,false,,6.90,8.1176,true,1,128293
7290015139267,false,שוקולד מריר עם שקדים ללא תוספת סוכר וסטהיים,כרמית תעשיות ממתקים,IL,שוקולד מריר עם שקדים,גרמים,85.00,100 גרם,false,,6.90,8.1176,true,1,90720
7290015150088,false,מחית עגבניות גרנד איטליה 700גרם,שוורצקוף& הנקל דיסלד,IT,מחית עגבניות גרנד אי,גרמים,700.00,100 גרם,false,,12.90,1.8429,true,1,87489
7290015150118,false,עגבניות חתוכות דק בלה איטליה 3*400 ג',אמיליאנה קונסרב ס.פ.,IT,עגבניות חתוכות 3* 40,גרמים,1200.00,100 גרם,false,,14.90,1.2417,true,1,87490
7290015150903,false,תה ויסוצקי ירוק קינמון ודבש 25 יח',ויסוצקי ירוק,IL,תה ירוק קינמון ודבש,יחידה,0.00,יחידה,false,,27.90,0.0000,true,1,91695
7290015155823,false,מחית תפוחי עץ חטיפטף ללא תוספת סוכר,פרוטה פודיווין איי.א,CZ,פרינוק פאוץ' בטעם תפ,גרמים,120.00,100 גרם,false,,6.50,5.4167,true,1,137116
7290015155830,false,מחית תפוחי עץ ובננה חטיפטף ללא תוספת סוכר,פרוטה פודיווין,CZ,פרינוק פאוץ' בטעם תפ,גרמים,120.00,100 גרם,false,,6.50,5.4167,true,1,137117
7290015156769,false,מחית פרינוק פאוץ' תפוח ואוכמניות 120 גרם,,,פרינוק פאוץ תפוח ואו,גרמים,120.00,100 גרם,false,,6.50,5.4167,true,1,137119
7290015156790,false,מחית לפתן פירות חטיפטף ללא תוספת סוכר,פרינוק,,פרינוק פאוץ לפתן פיר,גרמים,120.00,100 גרם,false,,6.50,5.4167,true,1,137121
7290015156813,false,מחית פרינוק פאוץ' פירות מעורבים 120 גרם,,,פרינוק פאוץ פירות מע,גרמים,120.00,100 גרם,false,,6.50,5.4167,true,1,137122
7290015161565,false,גרנולה פירות ללא תוספת סוכר,נוטרה זן NutraZen,,גרנולה שיבולת שועל 2,גרמים,300.00,100 גרם,false,,24.90,8.3000,true,1,141899
7290015161930,false,"פסטPRO קסרצ'ה פתיתים אורגניים, ללא גלוטן",נוטרה זן NutraZen,,פסטה PRO עדשים צהובו,גרמים,250.00,100 גרם,false,,17.90,7.1600,true,1,141901
7290015282000,false,איקרה אדומה שמיר 200 ג',שבעת הימים - שמיר,,איקרה אדומה 200גר שמ,גרמים,200.00,100 גרם,false,,17.90,8.9500,true,1,89095
7290015282024,false,איקרה לבנה סלטי שמיר,שבעת הימים - שמיר,,איקרה לבנה 200גר שמי,גרמים,200.00,100 גרם,false,,17.90,8.9500,true,1,89097
7290015324007,false,תבלין פלפל שחור גרוס 80 ג',תות ממתקי איכות,IL,פלפל שחור גרוס שקית,גרמים,80.00,100 גרם,false,,11.90,14.8750,true,1,85275
7290015324014,false,תבלין פלפל שחור טחון 80 ג',תות ממתקי איכות,IL,פלפל שחור טחון שקית,גרמים,80.00,100 גרם,false,,11.90,14.8750,true,1,85276
7290015324038,false,פפריקה מרוקאית מתוקה בשמן,תות ממתקי איכות,IL,פפריקה בשמן שקית 80ג,גרמים,80.00,100 גרם,false,,6.90,8.6250,true,1,85277
7290015324045,false,תבלין פפריקה חריפה 80 גר' שק',תות ממתקי איכות,IL,פפריקה חריפה שקית 80,גרמים,80.00,100 גרם,false,,6.90,8.6250,true,1,85278
7290015324052,false,תבלין פפריקה מתוקה 80 ג',תות ממתקי איכות,IL,פפריקה מתוקה שקית 80,גרמים,80.00,100 גרם,false,,6.90,8.6250,true,1,85279
7290015324069,false,תערובת תיבול גריל עוף,תות ממתקי איכות,IL,גריל עוף שקית 80גר,גרמים,80.00,100 גרם,false,,6.90,8.6250,true,1,85280
7290015324076,false,טעם וריח זעתר שקית 8,תות ממתקי איכות,IL,זעתר שקית 80גר,גרמים,80.00,100 גרם,false,,7.90,9.8750,true,1,85281
7290015324083,false,טעם וריח מלח לימון ש,תות ממתקי איכות,IL,מלח לימון שקית 80גר,גרמים,80.00,100 גרם,false,,6.90,8.6250,true,1,85282
7290015324090,false,תבלין כמון טחון 80 ג',תות ממתקי איכות,IL,כמון שקית 80גר,גרמים,80.00,100 גרם,false,,6.90,8.6250,true,1,85283
7290015324106,false,תבלין כורכום טחון 80 גר',תות ממתקי איכות,IL,כורכום שקית 80גר,גרמים,80.00,100 גרם,false,,6.90,8.6250,true,1,85284
7290015324113,false,טעם וריח בהרט שקית 8,תות ממתקי איכות,IL,בהרט שקית 80גר,גרמים,80.00,100 גרם,false,,7.90,9.8750,true,1,85285
7290015324120,false,טעם וריח שום גבישי ב,תות ממתקי איכות,IL,שום גבישי שקית 80גר,גרמים,80.00,100 גרם,false,,9.90,12.3750,true,1,85286
7290015324175,false,תבלין שווארמה תיבול 80 גר' שק',תבליני טעם וריח,IL,שווארמה ללא מונוסודי,גרמים,80.00,100 גרם,false,,7.90,9.8750,true,1,85289
7290015324281,false,תבלין בצל מטוגן 200 ג',תות תעשיות מזון (201,NL,בצל מטוגן בשקית 200,גרמים,200.00,100 גרם,false,,12.90,6.4500,true,1,116733
7290015324427,false,סודה לשתיה טעם וריח 80 גר',תבליני טעם וריח,IL,סודה לשתיה בשקית 80ג,גרמים,80.00,100 גרם,false,,4.90,6.1250,true,1,138332
7290015324519,false,תערובת לפיצה שקית 80 ג',"תבליני טעם וריח בע""מ",IL,תערובת לפיצה 80 גרם,גרמים,80.00,100 גרם,false,,7.90,9.8750,true,1,132354
7290015324526,false,תערובת תיבול לפרגיות 80 ג',יוליניבר,IL,תערובת תיבול לפרגיות,גרמים,80.00,100 גרם,false,,7.90,9.8750,true,1,132355
7290015324588,false,פלפל לבן 100 גרם,תות ממתקי איכות,IL,פלפל לבן 100 גרם,גרמים,100.00,100 גרם,false,,15.90,15.9000,true,1,143466
7290015347457,false,קינואה שחורה יבשה מיה 400 גר',,,קינואה שחורה 400 גרם,גרמים,400.00,100 גרם,false,,10.90,2.7250,true,1,144422
7290015374279,false,"סיגר במילוי בשר בד""צ",,,"סיגר במילוי בשר בד""צ",גרמים,400.00,100 גרם,false,,13.90,3.4750,true,1,90410
7290015374286,false,"סיגר במילוי תפו""א בד",,,"סיגר במילוי תפו""א בד",גרמים,400.00,100 גרם,false,,13.90,3.4750,true,1,90411
7290015374316,false,"אגרול סיני בד""צ 400ג",,,"אגרול סיני בד""צ 400ג",גרמים,400.00,100 גרם,false,,13.90,3.4750,true,1,90414
7290015374323,false,קובה ביתי במילוי בשר,,,קובה ביתי במילוי בשר,גרמים,400.00,100 גרם,false,,13.90,3.4750,true,1,90415
7290015374330,false,"קובה מרק בד""צ 400גר",,,"קובה מרק בד""צ 400גר",גרמים,400.00,100 גרם,false,,13.90,3.4750,true,1,90416
7290015374354,false,"קרפלך במילוי תפו""א ב",,,"קרפלך במילוי תפו""א ב",גרמים,400.00,100 גרם,false,,13.90,3.4750,true,1,90418
7290015374422,false,"שניצלונים תפו""א במיל",,,"שניצלונים תפו""א במיל",גרמים,400.00,100 גרם,false,,13.90,3.4750,true,1,90424
7290015437578,false,מוזלי קראנצ'י צימוק תפוח מיובש גרעיני חמנ' 600ג',ויטליה,,מוזלי קראנץ צימוק תו,גרמים,600.00,100 גרם,false,,14.90,2.4833,true,1,116186
7290015437585,false,מוזלי קראנצ'י צימוק שוקולד ובננה 600ג',,,מוזלי קראנץ צימוק שו,גרמים,600.00,100 גרם,false,,14.90,2.4833,true,1,116187
7290015470094,false,טוסו שוקולד מריר תפוז ללא סוכר 100 ג',ALTINMARKA,TR,שוקולד טוסו מריר תפו,גרמים,100.00,100 גרם,false,,13.90,13.9000,true,1,91982
7290015528177,false,מגש קלאסי 9/13 סידרת מאי שקוף 1יח',,,"מגש קלאסי 9/13 ""סיד",יחידה,0.00,יחידה,false,,9.90,0.0000,true,1,114298
7290015528566,false,גביע 270 ארוז 10 יח',,,גביע 270 ארוז 10 יח',יחידה,0.00,יחידה,false,,7.90,0.0000,true,1,126428
7290015528573,false,גביע 500 ארוז 10 יח',,,גביע 500 ארוז 10 יח',יחידה,0.00,יחידה,false,,7.90,0.0000,true,1,126429
7290015528580,false,גביע 1000 ארוז 5 יח',,,גביע 1000 ארוז 5 יח',יחידה,0.00,יחידה,false,,7.90,0.0000,true,1,126430
7290015528641,false,מיכל 1 ליטר ארוז 3 י,,,מיכל 1 ליטר ארוז 3 י,יחידה,0.00,יחידה,false,,9.90,0.0000,true,1,131886
7290015528658,false,מיכל 2 ליטר ארוז 3 י,,,מיכל 2 ליטר ארוז 3 י,יחידה,0.00,יחידה,false,,9.90,0.0000,true,1,131908
7290015528825,false,צלחת 7 מתכלה אר 25 יח' דנטס,,,צלחת 7 מתכלה אר 25 י,יחידה,0.00,יחידה,false,,12.90,0.0000,true,1,117601
7290015528832,false,צלחת 9 מתכלה אר' 25 יח' דנטס,,,צלחת 9 מתכלה אר' 25,יחידה,0.00,יחידה,false,,15.90,0.0000,true,1,117602
7290015528849,false,צלחת 10 מתכלה אר' 25 יח' דנטס,,,צלחת 10 מתכלה אר' 25,יחידה,0.00,יחידה,false,,18.90,0.0000,true,1,117603
7290015528863,false,מרקיה מתכלה אר' 25 יח' דנטס,,,"מרקיה 340 מ""ל מתכלה",יחידה,0.00,יחידה,false,,11.90,0.0000,true,1,117605
7290015528870,false,ליפתנית מתכלה אר' 25 יח' דנטס,,,"ליפתנית 200 מ""ל מתכל",יחידה,0.00,יחידה,false,,8.90,0.0000,true,1,117606
7290015603218,false,איטריות בתוספת עגבני,פוגקן לונגהי אנלידה,CN,איטריות בתוספת עגבני,גרמים,454.00,100 גרם,false,,10.90,2.4009,true,1,127550
7290015603546,false,"שימורי קרם קוקוס 17-19% 400 מ""ל (ASIATIC)(כ)",אסיאטיק אגרו אינדסטר,TH,קרם קוקוס 17-19% 400,מיליליטרים,400.00,"100 מ""ל",false,,10.90,2.7250,true,1,121487
7290015603560,false,שימורי קרם קוקוס 400,אסי אטיק גרו אינדוסט,TH,קרם קוקוס 20-22% 400,מיליליטרים,400.00,"100 מ""ל",false,,10.90,2.7250,true,1,123801
7290015652070,false,אגוזי קשיו קלויים שש,דין שיווק,IL,קשיו קלוי 150גרם,גרמים,150.00,100 גרם,false,,11.90,7.9333,true,1,88962
7290015652087,false,תערובת פיצוחים 150 גר' שקדיה,דין שיווק,IL,תערובת פיצוחים 150גר,גרמים,150.00,100 גרם,false,,11.90,7.9333,true,1,88963
7290015842631,false,"כוס ברד 330 מ""ל ח""פ 40יח'",,GR,כוס לברד 40 יח,יחידה,0.00,יחידה,false,,11.90,0.0000,true,1,131670
7290015855013,false,פלפל טינקרבל ארוז,,,פלפל טינקרבל ארוז,יחידה,0.00,יחידה,false,,8.90,0.0000,true,1,88006
7290015855037,false,פלפל צ'ילי.,,,פלפל צ'ילי.,יחידה,0.00,יחידה,false,,7.90,0.0000,true,1,88243
7290015855051,false,מלפפון מיני ארוז,,,מלפפון מיני ארוז,יחידה,0.00,יחידה,false,,9.90,0.0000,true,1,87594
7290015855143,false,שום קלוף 170גרם,,,שום קלוף 170גרם,יחידה,0.00,יחידה,false,,11.90,0.0000,true,1,119833
7290015855228,false,אספרגוס,,,אספרגוס,יחידה,0.00,יחידה,false,,29.90,0.0000,true,1,89958
7290015855341,false,אנדיב (עולש),,,אנדיב (עולש),גרמים,0.00,100 גרם,false,,15.90,0.0000,true,1,121984
7290015855358,false,בצלצלי שאלוט,,,בצלצלי שאלוט,יחידה,0.00,יחידה,false,,10.90,0.0000,true,1,123901
7290015858106,false,ממרח פסטו ביתי 180 ג' עללחם,"מדשא תעשיות מזון בע""",IL,ממרח פסטו ביתי 180 ג,גרמים,180.00,100 גרם,false,,16.90,9.3889,true,1,123976
7290015858144,false,ממרח ארטישוק עלחחם 180 ג',זאביק יצור ושיווק מז,IL,ממרח ארטישוק 180 גרם,גרמים,180.00,100 גרם,false,,16.90,9.3889,true,1,123975
7290015858212,false,ממרח לימון כבוש עללחם 180 ג',,,ממרח לימון כבוש 180,גרמים,180.00,100 גרם,false,,16.90,9.3889,true,1,123988
7290015858229,false,ממרח טפנד זיתי קלמטה 180 גר',"מדשא תעשיות מזון בע""",IL,ממרח טפנד זיתי קלמטה,גרמים,180.00,100 גרם,false,,16.90,9.3889,true,1,123985
7290015858243,false,ממרח צימיצורי עללחם 180 ג',זאביק יצור ושיווק מז,IL,ממרח צ'ימיצ'ורי 180,גרמים,180.00,100 גרם,false,,16.90,9.3889,true,1,123989
7290015858441,false,ממרח איולי פלפלים 295 ג' עללחם,עלית,IL,עללחם ממרח איולי פלפ,גרמים,295.00,100 גרם,false,,17.90,6.0678,true,1,146906
7290015858687,false,ממרח איולי שום 295 ג' עללחם,עלית,IL,עללחם ממרח איולי שום,גרמים,295.00,100 גרם,false,,17.90,6.0678,true,1,146908
7290015858694,false,"עללחם איולי שום לימון, 295 גרם",אסם,,עללחם ממרח איולי שום,גרמים,295.00,100 גרם,false,,17.90,6.0678,true,1,146907
7290016006025,false,סודה שוופס בקבוק 500,יפאורה תבורי בעמ,IL,שוופס סודה 500מל,מיליליטרים,500.00,"100 מ""ל",false,,3.90,0.7800,true,1,115516
7290016006339,false,מים מינרלים - מארז רביעייה,מופק ממקור בזלתי עדן,IL,מי עדן רביעייה 4*1לי,מיליליטרים,4000.00,"100 מ""ל",false,,11.90,0.2975,true,1,91253
7290016006346,false,שוופס סודה מארז שישייה * 0.5 ל',יפאורה תבורי בעמ,IL,שוופס סודה מארז שישי,מיליליטרים,3000.00,"100 מ""ל",false,,15.90,0.5300,true,1,115517
7290016028157,false,כוס ליקר 50 יח דנטס,,,כוס ליקר 1 OZ אר' 50,יח',50.00,יח',false,,10.90,0.2180,true,1,126446
7290016102062,false,מגש מחולק 4 תאים קשי,,CN,מגש מחולק ל 4,יחידה,0.00,יחידה,false,,10.90,0.0000,true,1,131694
7290016102123,false,"קסרול קשיח בדולח שקוף ח""פ",,,קסרול שקוף קשיח בדול,יחידה,0.00,יחידה,false,,11.90,0.0000,true,1,136962
7290016102352,false,קערה אובלית שקופה קש,,CN,קערה אובלית שקופה קש,יחידה,0.00,יחידה,false,,12.90,0.0000,true,1,131671
7290016102369,false,מגש לאירוח קשיח שקוף ר.שמאי,,,מגש אירוח מלבני קשיח,יחידה,0.00,יחידה,false,,10.90,0.0000,true,1,131690
7290016102413,false,קינוחית פרח שקופה 20,,,קינוחית פרח שקופה 20,יחידה,0.00,יחידה,false,,15.90,0.0000,true,1,131687
7290016102475,false,מפות נייר אל בד לבן 270/120,,,מפת אל בד 1.20*2.70,יחידה,0.00,יחידה,false,,8.90,0.0000,true,1,138644
7290016102550,false,צלחות 10 ענק שקוף קש,,,צלחות 10 ענק שקוף קש,יחידה,0.00,יחידה,false,,34.90,0.0000,true,1,136956
7290016102611,false,"קינוחית מגדל+ מכסה ח""פ 24יח'",,CN,קינוחית מגדל+מכסה שק,יחידה,0.00,יחידה,false,,15.90,0.0000,true,1,131893
7290016144000,false,"קמח חיטה מלאה נפלאות 80% 1 ק""ג","קמח מלכים בע""מ",IL,קמח נפלאות חיטה 80%,גרמים,1000.00,100 גרם,false,,10.90,1.0900,true,1,145096
7290016144024,false,"קמח כוסמין מלא נפלאות 100% 1 ק""ג","קמח מלכים בע""מ",IL,קמח נפלאות כוסמין מל,גרמים,1000.00,100 גרם,false,,15.90,1.5900,true,1,145101
7290016144055,false,"קמח כוסמין נפלאות 80% 1 ק""ג",קמח מלכים,IL,קמח נפלאות כוסמין 80,גרמים,1000.00,100 גרם,false,,15.90,1.5900,true,1,145100
7290016150117,false,סלק אדום מבושל 500 ג' בוואקום,חקלאי,IL,סלק וואקום,גרמים,500.00,100 גרם,false,,6.90,1.3800,true,1,91271
7290016197488,false,מטליות מיקרופייבר למשטחים ניקול 3יח',UFO INC,CN,מטלית קסם לשיש ניקול,יחידה,0.00,יחידה,false,,16.90,0.0000,true,1,90792
7290016197495,false,מטלית קסם מיקרופייבר לרצפה ניקול 2יח',חוגלה קימברלי,CN,מטליות מיקרופייבר זו,יחידה,0.00,יחידה,false,,19.90,0.0000,true,1,90793
7290016233384,false,גפילטע פיש 7קציצות מהדרין 550ג',,,גפילטע פיש 7קציצות מ,גרמים,550.00,100 גרם,false,,16.90,3.0727,true,1,90633
7290016234008,false,פילה אנשובי צנצנת שמ,Inversiones prisco s,,אנשובי צנצנת עם שמן,גרמים,100.00,100 גרם,false,,13.90,13.9000,true,1,118124
7290016246018,false,בארכה מיקס פינוקיות חלווה 10*20ג,רושדי תעשיות מזון בע,IL,בארכה מיקס פינוקיות,גרמים,200.00,100 גרם,false,,15.90,7.9500,true,1,125226
7290016246445,false,טחינה גולמית מעודנת שמשום מלא בארכה 310ג',בארכה,IL,טחינה גולמית שומשום,גרמים,310.00,100 גרם,false,,14.90,4.8065,true,1,122381
7290016276534,false,"שמן קוקוס לא מזוכך 500 מ""ל",דין שיווק,IL,שמן קוקוס לא מזוכך 5,מיליליטרים,500.00,"100 מ""ל",false,,29.90,5.9800,true,1,114166
7290016276763,false,מעדן שזיף 100% רכיבי פרי ללא סוכר שקדיה 284 ג',שקדיה,IL,מעדן שזיף 100% רכיבי,גרמים,284.00,100 גרם,false,,12.90,4.5423,true,1,113797
7290016276787,false,מעדן אננס 100% רכיבי פרי ללא סוכר שקדיה 284 ג',שקדיה,IL,מעדן אננס 100% רכיבי,גרמים,284.00,100 גרם,false,,12.90,4.5423,true,1,113799
7290016276831,false,תבשיל אטריות בטעם בקר 70 ג',טיאן הונג,TH,תבשיל איטריות בטעם ב,גרמים,70.00,100 גרם,false,,6.90,9.8571,true,1,114135
7290016277685,false,שקד מולבן שבבים קופס,,,שקד מולבן שבבים קופס,גרמים,200.00,100 גרם,false,,19.90,9.9500,true,1,115465
7290016319309,false,פמלי פרלי 1ליטר מאסק קלאסי+משאבה,הנסיך- מפעל לייצור ט,TR,פמלי אל סבון מאסק+ מ,מיליליטרים,1000.00,"100 מ""ל",false,,14.90,1.4900,true,1,113279
7290016321678,false,מגבונים לחים בניחוח מרענן עם תמציות קמומיל ואלוורה,עלבד משואות יצחק,IL,מגבוני פרשוואנס רביע,יחידה,0.00,יחידה,false,,19.90,0.0000,true,1,131781
7290016321722,false,פרש וואנס מגבונים בו,על בד,,פרש וואנס מגבונים בו,יחידה,0.00,יחידה,false,,5.90,0.0000,true,1,124617
7290016372397,false,"תה ויסוצקי ירוק תפוז,ג'ינגר וכורכום 25 יח'",ויסוצקי ירוק,IL,תה ירוק תפוז גינגר ו,גרמים,37.50,100 גרם,false,,27.90,74.4000,true,1,118493
7290016387254,false,מצע לייבוש כלים,,,מצע לייבוש כלים,יחידה,0.00,יחידה,false,,9.90,0.0000,true,1,126493
7290016387339,false,מטליות מיקרופייבר ג'מבו לרצפה זוג,,,2 מטליות מיקרופייבר,יחידה,0.00,יחידה,false,,17.90,0.0000,true,1,140863
7290016408980,false,"מטבעות שוקולד חלב 36 ג' כשל""פ בד""ץ",כרמית,IL,מטבעות שוקולד חלב 36,גרמים,36.00,100 גרם,false,,4.90,13.6111,true,1,122357
7290016440881,false,תערובת ירקות חמוצים בטעם טבעי,,,תערובת ירקות חמוצים,גרמים,0.00,גרם,false,,19.90,0.0000,true,1,142270
7290016509786,false,פרסיל - ג'ל כביסה ירוק 2.50 ליטר,פרסיל Persil,IL,פרסיל ג'ל 2.5ליטר יר,ליטרים,2.50,ליטר,false,,34.90,13.9600,true,1,121597
7290016509823,false,ג'ל לכביסה לבנה וצבעונית בניחוח רענן,פרסיל Persil,,פרסיל ג'ל 2.5 ליטר ב,ליטרים,2.50,ליטר,false,,34.90,13.9600,true,1,121583
7290016509830,false,ג'ל כביסה לבגדי תינוקות ובעלי עור רגיש Sensitive,פרסיל Persil,IL,פרסיל ג'ל 2.5 ליטר ב,ליטרים,2.50,ליטר,false,,34.90,13.9600,true,1,121584
7290016509847,false,ג'ל כביסה לבגדים שחורים וכהים,פרסיל Persil,IL,פרסיל גל כביסה שחור2,ליטרים,2.50,ליטר,false,,34.90,13.9600,true,1,122312
7290016580174,false,צלחות 9 צבעומיות דנט,,,צלחת 9 צבעוני לבן/ ק,יח',100.00,יח',false,,39.90,0.3990,true,1,123082
7290016580440,false,תבניות עגולות גדולות,,,תבניות עגולות גדולות,יחידה,0.00,יחידה,false,,9.90,0.0000,true,1,123436
7290016580570,false,סיר עם מכסה קטן ארוז,,,סיר עם מכסה קטן ארוז,יחידה,0.00,יחידה,false,,14.90,0.0000,true,1,123433
7290016580716,false,"צלחת פרח שקופה 7."" א",,,"צלחת פרח שקופה 7."" א",יחידה,0.00,יחידה,false,,25.90,0.0000,true,1,123414
7290016717099,false,"יין כרמל סלקטד אדום חצי יבש, 750 מ""ל",יקבי כרמל Carmel Winery,IL,יין סלקטד אדום חצי י,מיליליטרים,750.00,"100 מ""ל",false,,29.90,3.9867,true,1,114114
7290016717631,false,יין מוסקטו בעל חוזק אלכוהול נמוך פרייבט קולקשן,אגודת הכורמים הקואופ,IL,מוסקטו פרייבט קולקשי,מיליליטרים,750.00,"100 מ""ל",false,,39.90,5.3200,true,1,119599
7290016866643,false,משחת שיניים פרודונטקס אקסטרה פרש,פרודונטקס Parodontax,SK,פרודונטקס משחת שיניי,מיליליטרים,75.00,"100 מ""ל",false,,29.90,39.8667,true,1,122779
7290016866650,false,"פרודונטקס - משחת שיניים אוריג'ינל 75 מ""ל",פרודונטקס Parodontax,SK,פרודונטקס משחת שיניי,מיליליטרים,75.00,"100 מ""ל",false,,29.90,39.8667,true,1,122780
7290016866667,false,"פרודונטקס - משחת שיניים ללא פלאוריד 75 מ""ל",פרודונטקס Parodontax,SK,פרודונטקס משחת שיניי,מיליליטרים,75.00,"100 מ""ל",false,,24.90,33.2000,true,1,121626
7290016866674,false,"פרודונטקס - משחת שיניים מלבינה 75 מ""ל",פרודונטקס Parodontax,SK,פרודונטקס משחת שיניי,מיליליטרים,75.00,"100 מ""ל",false,,29.90,39.8667,true,1,121627
7290016882407,false,מחית חציל קלוי על האש 560 ג',אונטד גידה,TR,ממרח חצילים קלויים 5,גרמים,550.00,100 גרם,false,,9.90,1.8000,true,1,140389
7290016882421,false,קונפיטורה 450 גרם אפ,דין שיווק,IL,קונפיטורה אפרסק 70%,גרמים,450.00,100 גרם,false,,13.90,3.0889,true,1,146935
7290016898071,false,"תבניות מקרטון אינגליש גדול ח""פ 5 יח'",,,תבניות אינגליש קייק,יח',5.00,יח',false,,10.90,2.1800,true,1,132630
7290016898309,false,מגש אירוח אובלי בינו,,CN,מגש אירוח אובלי בינו,יחידה,0.00,יחידה,false,,11.90,0.0000,true,1,131692
7290017023823,false,"רביעיית ספרינג תות בננה 250 מ""ל",יפאורה תבורי,IL,ספרינג תות בננה 4*25,מיליליטרים,1000.00,"100 מ""ל",false,,15.90,1.5900,true,1,124024
7290017023854,false,מי סודה בקבוקים אישיים - מארז 4 יח',יפאורה תבורי בעמ,IL,"שוופס סודה 4*250מ""ל",מיליליטרים,1000.00,"100 מ""ל",false,,13.90,1.3900,true,1,124021
7290017023861,false,סודה בטעם לימון בקבוקים אישיים - מארז 4 יח',יפאורה תבורי בעמ,IL,שוופס סודה לימון 4*2,מיליליטרים,1000.00,"100 מ""ל",false,,13.90,1.3900,true,1,124028
7290017023878,false,סודה בטעם נענע ליים בקבוקים אישיים - מארז 4 יח',יפאורה תבורי בעמ,IL,שוופס סודה נענע ליים,מיליליטרים,1000.00,"100 מ""ל",false,,13.90,1.3900,true,1,124029
7290017031705,false,"סנסודיין - משחת שיניים קלין&פרש 75 מ""ל",DE MICLEN,SK,סנסודיין משחת שיניים,מיליליטרים,75.00,"100 מ""ל",false,,22.90,30.5333,true,1,122775
7290017058092,false,שיבולת שועל שלמים 60,,,שיבולת שועל שלמה 600,גרמים,600.00,100 גרם,false,,7.90,1.3167,true,1,119003
7290017058139,false,"רביעיית רסק תפו""ע תות שדה",Cherry growers inc,,רסק תפוח עץ עם תות ש,יחידה,0.00,יחידה,false,,12.90,0.0000,true,1,121478
7290017058573,false,תומר פרוסות פלפל חלפיניו בחומץ 340 גרם,,,פרוסות פלפל חלפיניו,גרמים,340.00,100 גרם,false,,9.90,2.9118,true,1,123002
7290017062037,false,ג'ל אלוורה נובו 200מ,,,ג'ל אלוורה נובו 200מ,מיליליטרים,200.00,"100 מ""ל",false,,9.90,4.9500,true,1,117473
7290017065007,false,פרוסות גבינה מוצרלה חצי קשה 22% שומן 200 ג' גד,מחלבות גד בעמ,IL,מוצרלה פרוסה 150 גרם,גרמים,150.00,100 גרם,false,,19.70,13.1333,true,1,116427
7290017065137,false,ריקוטה למריחה 5% טבעית 200 גרם - רובין,האי נאם סי או אל.טי.,IL,ריקוטה למריחה 5% טבע,גרמים,200.00,100 גרם,false,,10.90,5.4500,true,1,119605
7290017065144,false,גבינת ריקוטה למריחה 5% בזיליקום 200ג' גד,האי נאם סי או אל.טי.,IL,ריקוטה למריחה 5% עפ,גרמים,200.00,100 גרם,false,,10.90,5.4500,true,1,119607
7290017065168,false,גבינה כחלוה 100 גרם בית יוסף,מחלבות גד,DK,גבינה כחולה 100 גרם,גרמים,100.00,100 גרם,false,,17.90,17.9000,true,1,120971
7290017065212,false,גבינת קרם מסקרפונה מחלבות גד 250 גר,מיוצר עי קוד יצרן ED,IL,קרם מסקרפונה 250 גרם,גרמים,250.00,100 גרם,false,,21.90,8.7600,true,1,120974
7290017065236,false,גבינה בולגרית מעודנת 24% גד 250 ג',הנסיך- מפעל לייצור ט,IL,בולגרית מעודנת 250גר,גרמים,250.00,100 גרם,false,,25.90,10.3600,true,1,120493
7290017065380,false,גבינת גרנה פדנו שבבים 29%,מחלבות גד,IT,גרנה פדנו שבבים 100ג,גרמים,100.00,100 גרם,false,,17.90,17.9000,true,1,123891
7290017065526,false,קוואטרו פורמאג'י 4 גבינות מגוררות 26%,מחלבות גד בעמ,IL,קוואטרו פורמאג'י 300,גרמים,300.00,100 גרם,false,,29.90,9.9667,true,1,124261
7290017065588,false,יוגורט יווני 10% שומן 600 ג' גד,"מיוצר ע""י קוד יצרן M",IL,יוגורט יווני 600 גרם,גרמים,600.00,100 גרם,false,,16.90,2.8167,true,1,138439
7290017065618,false,גבינת פקורינו פרוס מחלב כבשים,הנסיך- מפעל לייצור ט,ES,פקורינו פרוס 150 גרם,גרמים,150.00,100 גרם,false,,23.90,15.9333,true,1,138440
7290017065663,false,פטה עיזים מעודנת 16% 250 ג',ג'נרל מילס סאן אדריא,IL,בולגרית עיזים מעודנת,גרמים,250.00,100 גרם,false,,32.90,13.1600,true,1,140260
7290017065786,false,גבינת צ'דר אנגלית גד 210 ג',מחלבות גד,IL,גבינת צ'דר פלח מחלבו,גרמים,210.00,100 גרם,false,,24.90,11.8571,true,1,143534
7290017068350,false,עדשים שחורות בלוגה מיה 500 גר',מיה,IL,עדשים שחורות בלוגה 5,גרמים,500.00,100 גרם,false,,9.90,1.9800,true,1,144425
7290017088327,false,מגבוני בייביסיטר extra soft ללא בישום 4*64 יח',,,מגבוני בייביסיטר אקס,יחידה,0.00,יחידה,false,,15.90,0.0000,true,1,138479
7290017105895,false,גרגרי חומוס להכנת חומוס 550 גרם יכין,זנלכל,IL,גרגרי חומוס מסעדות י,גרמים,560.00,100 גרם,false,,9.90,1.7679,true,1,139280
7290017142111,false,פתיתי טונה בהירה בשמ,,,פתיתי טונה בהירה בשמ,יחידה,0.00,יחידה,false,,10.90,0.0000,true,1,121154
7290017142128,false,"שמן זית כתית מעולה עץ הזית 750 מ""ל",שמן תעשיות,,שמן זית כתית מעולה ק,מיליליטרים,750.00,"100 מ""ל",false,,34.90,4.6533,true,1,119916
7290017142159,false,מארז נתחי טונה בהירה בשמן זית 3*80 ג' עץ הזית,הנסיך- מפעל לייצור ט,TH,נתחי טונה בהירה בשמן,גרמים,240.00,100 גרם,false,,25.90,10.7917,true,1,121149
7290017142166,false,פילה טונה בשמן זית עץ הזית 120 גר',"יוניקורד ח.צ בע""מ",TH,פילה טונה פרוס עם שמ,גרמים,120.00,100 גרם,false,,15.90,13.2500,true,1,123752
7290017142203,false,פילה טונה בשמן זית בטעם מעושן עץ המוצר 120 ג',"יוניקורד ח.צ בע""מ",TH,פילה טונה פרוס עם שמ,גרמים,120.00,100 גרם,false,,15.90,13.2500,true,1,123753
7290017142289,false,"תרסיס חמניות ללא גז 200 מ""ל עץ הזית",שמן תעשיות,,תרסיס שמן חמניות עץ,מיליליטרים,200.00,"100 מ""ל",false,,18.90,9.4500,true,1,122955
7290017142371,false,"שמן שומשום 250 מ""ל עץ הזית",עץ הזית,,"שמן שומשום ""עץ הזית""",מיליליטרים,250.00,"100 מ""ל",false,,29.90,11.9600,true,1,143183
7290017142388,false,שמן חמניות אומגה 3 פלוס 1 ליטר עץ הזית,עץ הזית,,שמן חמניות פלוס 1 לי,ליטרים,1.00,ליטר,false,,18.90,18.9000,true,1,143186
7290017142395,false,ארוחה פסטה עם טונה בשמן זית 160 גר',,,טונה עם פסטה בשמן זי,גרמים,160.00,100 גרם,false,,15.90,9.9375,true,1,137875
7290017142401,false,קינואה לבנה ואדומה עם טונה בשמן זית 160 גרם,ג'נרל מילס סאן אדריא,TH,קינואה לבנה ואדומה ע,גרמים,160.00,100 גרם,false,,15.90,9.9375,true,1,140375
7290017142418,false,ארוחה אורז עם עדשים טונה בשמן זית 160 גר',יוניקורד ח.צ בעמ,TH,אורז עם עדשים עם טונ,גרמים,160.00,100 גרם,false,,15.90,9.9375,true,1,137874
7290017239101,false,פילה סלמון אטלנטי מע,,,פילה סלמון אטלנטי מע,גרמים,100.00,100 גרם,false,,24.90,24.9000,true,1,137967
7290017239187,false,מקרל בעישון קר פרוס,,,מקרל בעישון קר פרוס,גרמים,250.00,100 גרם,false,,32.90,13.1600,true,1,143621
7290017275345,false,טחינה אחווה בבקבוק לחיץ 350 גר',אחדות ביחר לטחינה חל,IL,טחינה גולמית בקבוק ל,גרמים,350.00,100 גרם,false,,9.90,2.8286,true,1,146655
7290017297620,false,רסק עגבניות A2 BX22 טל וטרי 570 גר',"מילוז(1989)בע""""מ",,רוטב עגבניות מרוכז 2,גרמים,570.00,100 גרם,false,,7.90,1.3860,true,1,144005
7290017339610,false,חלה בריוש 6 כדורים ה,המחמצת,IL,חלה בריוש 6 כדורים,יחידה,0.00,יחידה,false,,19.90,0.0000,true,1,143404
7290017339627,false,חלת בריוש כתר המחמצת,המחמצת,IL,חלה בריוש כתר,יחידה,0.00,יחידה,false,,19.90,0.0000,true,1,143396
7290017396033,false,בייגל רומני המחמצת 4,המחמצת,IL,בייגל רומני,יחידה,0.00,יחידה,false,,18.90,0.0000,true,1,144797
7290017396071,false,לחמניות המבורגר פרימ,המחמצת,IL,המבורגר פרימיום,יחידה,0.00,יחידה,false,,18.90,0.0000,true,1,122366
7290017396163,false,לחם שיפון 70% אובלי,המחמצת,IL,לחם שיפון,יחידה,0.00,יחידה,false,,17.90,0.0000,true,1,121687
7290017396170,false,לחם שאור איטלקי המחמ,המחמצת,IL,לחם שאור איטקי לבן,יחידה,0.00,יחידה,false,,17.90,0.0000,true,1,121688
7290017396187,false,לחם קלמטה אובלי המחמ,המחמצת,IL,לחם קלמטה,יחידה,0.00,יחידה,false,,17.90,0.0000,true,1,121689
7290017396194,false,לחם דגנים המחמצת 560,המחמצת,IL,לחם דגנים דבש,יחידה,0.00,יחידה,false,,19.90,0.0000,true,1,143400
7290017396217,false,לחם דגנים אובלי המחמ,המחמצת,IL,לחם דגנים,יחידה,0.00,יחידה,false,,17.90,0.0000,true,1,121685
7290017396224,false,לחם כוסמין אובלי המח,המחמצת,IL,לחם כוסמין,יחידה,0.00,יחידה,false,,17.90,0.0000,true,1,121690
7290017396248,false,לחמניות מיני המבורגר,המחמצת,IL,מיני המבורגר,יחידה,0.00,יחידה,false,,18.90,0.0000,true,1,143388
7290017396286,false,מיני בייגל ירושלמי 4,המחמצת,IL,בייגל ירושלמי,יחידה,0.00,יחידה,false,,18.90,0.0000,true,1,121692
7290017396415,false,ג'בטה דגנים המחמצת 6,המחמצת,IL,ג'בטה דגנים,יחידה,0.00,יחידה,false,,18.90,0.0000,true,1,143397
7290017396422,false,ג'בטינה דגנים,,,ג'בטינה דגנים,יחידה,0.00,יחידה,false,,18.90,0.0000,true,1,143398
7290017396439,false,ג'בטה לבן 600 גרם,המחמצת,IL,ג'בטה לבן,יחידה,0.00,יחידה,false,,18.90,0.0000,true,1,143399
7290017396453,false,ביס חיטה,,,ביס חיטה,יחידה,0.00,יחידה,false,,18.90,0.0000,true,1,143384
7290017396507,false,בייגל חיטה המחמצת 36,המחמצת,IL,בייגל חיטה,יחידה,0.00,יחידה,false,,18.90,0.0000,true,1,143385
7290017396606,false,לחמניית שמיניה מתוקה,,,לחמניית שמיניה מתוקה,יחידה,0.00,יחידה,false,,18.90,0.0000,true,1,143395
7290017440965,false,אל סבון היגייני לניקוי יסודי ולהזנת העור clean & nourish,"ד""ר פישר Dr fischer",,קמיל אל סבון 1 ליטר,מיליליטרים,1000.00,"100 מ""ל",false,,16.90,1.6900,true,1,132174
7290017457703,false,"מרכך כביסה סוד מרוכז ארומתרפי זהב 900 מ""ל",הנקל סוד,IL,סוד מרכך מרוכז ארומת,מיליליטרים,900.00,"100 מ""ל",false,,14.90,1.6556,true,1,124319
7290017457727,false,"סוד - מרכך כביסה מרוכז פרש סקיי 900 מ""ל",הנקל סוד,IL,סוד מרכך מרוכז כחול,מיליליטרים,900.00,"100 מ""ל",false,,14.90,1.6556,true,1,124314
7290017457734,false,"סוד - מרכך כביסה מרוכז ווילד רוז 900 מ""ל",הנקל סוד,IL,סוד מרכך מרוכז ורוד,מיליליטרים,900.00,"100 מ""ל",false,,14.90,1.6556,true,1,124315
7290017470092,false,כפפות משק בית זוגות-S,,,כפפות זוג S ר.שמאי,יחידה,0.00,יחידה,false,,3.90,0.0000,true,1,145012
7290017470719,false,"מגש מחולק עגול קטן 6 חלקים כשלפ עד""ח ר.שמאי",,,מגש מחולק עגול קטן 6,יחידה,0.00,יחידה,false,,15.90,0.0000,true,1,131696
7290017470771,false,קערה בועות שקופה בנונית לאירוח,,CN,קערה לאירוח קשיחה וש,יחידה,0.00,יחידה,false,,12.90,0.0000,true,1,131675
7290017470795,false,"כפות מוכסף קשיח ח""פ 40 יח'",,,כפות מוכסף 40 יח ארו,יחידה,0.00,יחידה,false,,14.90,0.0000,true,1,131889
7290017470818,false,"מזלגות מוכסף קשיח ח""פ 40 יח'",,,מזלגות מוכסף 40 יח א,יחידה,0.00,יחידה,false,,14.90,0.0000,true,1,131891
7290017470825,false,"סכין מוכסף קשיח ח""פ 40 יח'",,TR,סכינים מוכסף 40 יח,יחידה,0.00,יחידה,false,,14.90,0.0000,true,1,131892
7290017477244,false,שקדים מולבן טחון 180,דין שיווק,,שקד מולבן טחון 180 ג,גרמים,180.00,100 גרם,false,,19.90,11.0556,true,1,121358
7290017477299,false,ג'עלה 200 גרם.,דין שיווק,,ג'עלה 200 גרם.,גרמים,200.00,100 גרם,false,,10.00,5.0000,true,1,121363
7290017477305,false,זרעי ציה 250 גר שקדי,דין שיווק,IL,זרעי צ'יה 250 גרם.,גרמים,250.00,100 גרם,false,,10.00,4.0000,true,1,121365
7290017477596,false,תמר מגהול ענק פרמיום,דין שיווק,IL,תמר מג'הול 400 גרם א,גרמים,400.00,100 גרם,false,,19.90,4.9750,true,1,136935
7290017478005,false,מלבי שמנת מתוקינוחים,,,מלבי שמנת 100גרם סלט,גרמים,100.00,100 גרם,false,,8.90,8.9000,true,1,138428
7290017513409,false,תה ירוק סופר פיורפל 25 שקיקים,HIQ FOOD PRODUCTS,IL,תה ירוק סופר גרין בט,גרמים,87.00,100 גרם,false,,27.90,32.0690,true,1,132172
7290017513485,false,מחית עגבניות רוסטיקה בלה איטליה 680 ג',היצרן: ס.פ. פודנצנו,IT,מחית עגבניות רוסטיקה,גרמים,680.00,100 גרם,false,,12.90,1.8971,true,1,137113
7290017513775,false,פליפז בייגלה מצופה שוקולד חלב 140 גרם,שוורצקוף& הנקל דיסלד,TR,בייגלה מצופה שוקולד,גרמים,140.00,100 גרם,false,,9.90,7.0714,true,1,140005
7290017513782,false,פליפז בייגלה מצופה שוקולד מריר 140 גרם,שוורצקוף& הנקל דיסלד,TR,בייגלה מצופה שוקולד,גרמים,140.00,100 גרם,false,,9.90,7.0714,true,1,140006
7290017513850,false,תה ירוק נענע 25 שקיקים בתוספת ויטמינים Cּּ+D,ויסוצקי ירוק,IL,תה ירוק נענע בתוספת,גרמים,37.50,100 גרם,false,,27.90,74.4000,true,1,140157
7290017516424,false,שוקלד + פנגיאה שוקולד קוקוס ואגוזי לוז 300 גרם,ש.ר רגע בטבע,IL,פנגיאה חטיפי בריאות,גרמים,300.00,100 גרם,false,,29.90,9.9667,true,1,141911
7290017599267,false,סוכרלוז 120 שקיות ממתיק שולחני,סוכרזית Sucrazit,IL,סוכרזית סוכרלוז 120,יחידה,0.00,יחידה,false,,29.90,0.0000,true,1,146612
7290017617138,false,נתחי טונה בהירה בשמן קנולה דל נתרן - מארז 4 יח',סטארקיסט פודור,,טונה סטארקיסט בשמן ק,גרמים,640.00,100 גרם,false,,26.90,4.2031,true,1,140891
7290017617411,false,מיקס סלמון עם אורז מלא וירקות 160 ג' סטארקיסט,סטארקיסט Starkist,PL,סטארקיסט מיקס סלמון,גרמים,160.00,100 גרם,false,,15.90,9.9375,true,1,146610
7290017617428,false,"סטארקיסט נתחי סלמון עם פסטה, עגבניות וזיתים פיקנטי",סטארקיסט Starkist,PL,סטארקיסט מיקס סלמון,גרמים,160.00,100 גרם,false,,15.90,9.9375,true,1,146611
7290017617435,false,מיקס סלמון עם עדשים קינואה וירק 160 ג' סטארקיסט,סטארקיסט Starkist,PL,סטארקיסט מיקס סלמון,גרמים,160.00,100 גרם,false,,15.90,9.9375,true,1,146609
7290017647425,false,יין גמלא קברנה סוביניון 2018 750 מל,יקב רמת הגולן,IL,יין גמלא קברנה סובינ,מיליליטרים,750.00,"100 מ""ל",false,,79.90,10.6533,true,1,139067
7290017675015,false,טחינה היונה 450 גרם,היוצר,IL,טחינה היונה 450 גרם,גרמים,450.00,100 גרם,false,,15.90,3.5333,true,1,137473
7290017682563,false,"שיפוד עובי 30 ס""מ 50 יח'",,,שיפוד עובי 5 אורך 30,יחידה,0.00,יחידה,false,,7.90,0.0000,true,1,140143
7290017696409,false,פטריות פורטובלה,,,פטריות פורטובלה,יחידה,0.00,יחידה,false,,13.90,0.0000,true,1,123302
7290017812571,false,מיץ ענבים אדום 100% טבעי 1 ליטר,יקבי כרמל Carmel Winery,IL,מיץ ענבים אדום 100%,מיליליטרים,1000.00,"100 מ""ל",false,,19.90,1.9900,true,1,137339
7290017870687,false,מרקייה 7 מתכלה עץ דק,HINDUSTAN ARECA PROD,IN,"מרקייה 7"" מתכלה מעץ",יחידה,0.00,יחידה,false,,14.90,0.0000,true,1,143939
7290017870694,false,"צלחת 6"" מרובעת מתכלה מעץ דקל 10 יח' דנטס",HINDUSTAN ARECA PROD,IN,"צלחת 6""מרובעת מתכלה",יחידה,0.00,יחידה,false,,10.90,0.0000,true,1,147291
7290017870700,false,צלחת 7 מרובעת מתכלה מעץ דקל 10 יח',HINDUSTAN ARECA PROD,IN,"צלחת 7"" מרובעת מתכלה",יחידה,0.00,יחידה,false,,11.90,0.0000,true,1,147292
7290017870717,false,"צלחת 8"" מרובעת מתכלה",HINDUSTAN ARECA PROD,IN,"צלחת 8"" מרובעת מתכלה",יחידה,0.00,יחידה,false,,14.90,0.0000,true,1,147294
7290017870748,false,צלחת 9 מתכלה עץ דקל,HINDUSTAN ARECA PROD,IN,"צלחת 9"" מתכלה מעץ ד",יחידה,0.00,יחידה,false,,14.90,0.0000,true,1,143943
7290017870755,false,צלחת 10 מתכלה מעץ דקל 10 יח',HINDUSTAN ARECA PROD,IN,"צלחת 10"" מתכלה מעץ",יחידה,0.00,יחידה,false,,15.90,0.0000,true,1,143944
7290017871363,false,"סבון ידיים מועשר בשמן מקדמיה פמלי 500 מ""ל יהלום",המאפיה של הרמן,TR,פמלי יהלום סבון ידיי,מיליליטרים,500.00,"100 מ""ל",false,,9.90,1.9800,true,1,138810
7290017871370,false,"סבון ידיים מועשר בשמן אבוקדו פמלי 500 מ""ל יהלום",המאפיה של הרמן,TR,פמלי יהלום סבון ידיי,מיליליטרים,500.00,"100 מ""ל",false,,9.90,1.9800,true,1,138811
7290017872056,false,"פמלי אל סבון סדרה לבנה- שלישייה 500 מ""ל",אברנסל קוסמטיקס,TR,פמלי אל סבון אפרסק 3,יחידה,0.00,יחידה,false,,15.90,0.0000,true,1,138744
7290017872063,false,"פמלי אל סבון ארומתרפי- שלישייה 500 מ""ל",אברנסל קוסמטיקס,TR,"פמלי אל סבון 500 מ""ל",ליטרים,1.50,ליטר,false,,15.90,10.6000,true,1,138745
7290017888354,false,מים מינרליים בקבוק ס,"מי עדן בע""מ",,מי עדן 750מל,מיליליטרים,750.00,"100 מ""ל",false,,3.50,0.4667,true,1,141062
7290017888972,false,מי עדן 1 ליטר פקק ספורט בודד,מופק ממקור בזלתי עדן,IL,מי עדן 1 ליטר פקק ספ,מיליליטרים,1000.00,"100 מ""ל",false,,4.50,0.4500,true,1,138881
7290017907222,false,תערובת קמח תופח לנמנעים מגלוטן,פוראטוס ישראל,IL,קמח תמי תופח ללא גלו,גרמים,500.00,100 גרם,false,,19.90,3.9800,true,1,141873
7290017907246,false,סולת מאורז לנמנעים מגלוטן,פוראטוס ישראל,IL,תמי סולת ללא גלוטן 3,גרמים,300.00,100 גרם,false,,17.90,5.9667,true,1,141874
7290017907253,false,פתיתים מאורז לנמנעים מגלוטן,פוראטוס ישראל,IL,תמי פתיתים ללא גלוטן,גרמים,300.00,100 גרם,false,,17.90,5.9667,true,1,141875
7290017928463,false,סמאש- שבורים בטעם דבש חרדל ובצל 300גרם,מאיר בייגל,,סמאש- שבורים בטעם ד,גרמים,300.00,100 גרם,false,,13.90,4.6333,true,1,142894
7290017946399,false,"מרכך כביסה מרוכז ארומתרפי אדום 900 מ""ל סוד",,,סוד מרכך מרוכז ארומת,מיליליטרים,900.00,"100 מ""ל",false,,14.90,1.6556,true,1,143930
7290017969121,false,כוסות שיש 40 יחידות,,,כוס מרוקאית 40יח,יח',40.00,יח',false,,11.90,0.2975,true,1,144578
7290017969145,false,מפה נצמדת עם גומי הי,,,מפה נצמדת עם גומי הי,יחידה,0.00,יחידה,false,,20.90,0.0000,true,1,138646
7290017969299,false,קיסמי שיניים במבוק 500 יח',,,קיסמי שיניים 500 יח',יחידה,0.00,יחידה,false,,5.70,0.0000,true,1,145009
7290017969503,false,קיסמי שיניים דנטלי 300 יח',,,קיסמי שיניים דנטלי 3,יחידה,0.00,יחידה,false,,10.90,0.0000,true,1,145011
7290017969916,false,צמר גפן 100 גר' חדש BEL OM,,,צמר גפן רפואי 100 גר,גרמים,100.00,100 גרם,false,,5.90,5.9000,true,1,142441
7290017969978,false,כוס מרוקאית צבעונית 40 יח',,,כוס מרוקאית 40 יח,יחידה,0.00,יחידה,false,,13.90,0.0000,true,1,142465
7290018023044,false,זית כבוש לימון 215 ג' סבא חביב,,,זיתים עם לימון כבוש,גרמים,215.00,100 גרם,false,,10.00,4.6512,true,1,143908
7290018043639,false,פראוד חטיף חלבון שוק,,,פראוד חטיף חלבון שוק,גרמים,29.00,100 גרם,false,,10.90,37.5862,true,1,146650
7290018050408,false,אגוזי פיסטוק קלויים ומומלחים 160 גרם,,,אגוזי פיסטוק קלויים,גרמים,160.00,100 גרם,false,,15.00,9.3750,true,1,139928
7290018050460,false,קשיו קלוי קופסא 200,,,קשיו קלוי קופסא 200,גרמים,200.00,100 גרם,false,,15.00,7.5000,true,1,139934
7290018050484,false,אגוזי מלך קלופים טבעיים 150 גרם,,,אגוז מלך קלופים טבעי,גרמים,150.00,100 גרם,false,,10.00,6.6667,true,1,139936
7290018050675,false,שקד קלוי קופסא 210 ג,,,שקד קלוי קופסא 210 ג,גרמים,210.00,100 גרם,false,,15.00,7.1429,true,1,139954
7290018071557,false,נר נשמה 7 ימים בכוס זכוכית - נרות חסידים,,,נר נשמה 7 ימים בכוס,יחידה,0.00,יחידה,false,,10.90,0.0000,true,1,147556
7290018091074,false,בצק עוגיות שוקולד צ'יפס 300ג' מעדנות,מעדנות,,בצק עוגיות שוקולד צ',גרמים,300.00,100 גרם,false,,18.90,6.3000,true,1,145670
7290018091272,false,בצק עוגיות קקאו טריפל שוקולד צ'יפס 300ג',מעדנות,TR,בצק עוגיות קקאו טריפ,גרמים,300.00,100 גרם,false,,18.90,6.3000,true,1,145671
7290018091616,false,מקלות פילו גבינה מעדנות 450 ג',מיוצר עי קונדיטוריית,IL,מקלות פילו גבינה 450,גרמים,450.00,100 גרם,false,,17.90,3.9778,true,1,139242
7290018091821,false,פיצה נפוליטנה מעדנות 200 ג',מעדנות בעמ,IL,פיצה נפוליטנה מעדנות,גרמים,200.00,100 גרם,false,,15.90,7.9500,true,1,140392
7290018091838,false,חטיפי פילאס גבינה מעדנות 600ג',מעדנות,,חטיפי פילאס גבינה מע,גרמים,600.00,100 גרם,false,,21.90,3.6500,true,1,141390
7290018091876,false,"מאפה פילו גבינה, 320 גרם מעדנות","מעדנות בע""מ",IL,מאפה פילו גבינה מעדנ,גרמים,320.00,100 גרם,false,,19.90,6.2187,true,1,145553
7290018098257,false,מרק שעועית+חלבון ירו,פרוטלנד,IL,מרק שעועית+חלבון ירו,גרמים,500.00,100 גרם,false,,17.90,3.5800,true,1,147280
7290018098264,false,מרק מינסטרונה +חלבון,,,מרק מינסטרונה +חלבון,גרמים,500.00,100 גרם,false,,17.90,3.5800,true,1,147281
7290018098332,false,"תערובת בננה, פסיפלורה, תמר ואסאי מוקפאים 300 ג' פרי שייק",,,תערובת בננה/פסיפלורה,גרמים,300.00,100 גרם,false,,18.90,6.3000,true,1,146670
7290018098387,false,"תערובת מנגו, בננה, תמר ואסאי מוקפאים 300 ג' פרי שייק",,,תערובת מנגו/בננה/תמר,גרמים,300.00,100 גרם,false,,18.90,6.3000,true,1,146665
7290018098561,false,"תערובת תות, בננה, תמר ואסאי מוקפאים 300 ג' פרי שייק",,,תערובת תות/בננה/תמר,גרמים,300.00,100 גרם,false,,18.90,6.3000,true,1,146672
7290018098653,false,מרק מינסטרונה ירוק ת,פרוטלנד,IL,מרק אפונה +חלבון ירו,גרמים,500.00,100 גרם,false,,17.90,3.5800,true,1,147498
7290018131558,false,מאגדת מיני בייטס אור,שוורצקוף& הנקל דיסלד,PL,מאגדת מיני בייטס אור,גרמים,240.00,100 גרם,false,,19.90,8.2917,true,1,142538
7290018131756,false,נסטלה מאגדת שלגון וניל תות 8*55 גר',גלידות נסטלה,IL,מאגדת שלגון וניל מצו,גרמים,440.00,100 גרם,false,,29.90,6.7955,true,1,142550
7290018165010,false,"יין ברקן רזרב גולד גוורצטרמינר 750 מ""ל",יקבי ברקן שיווק והפצ,IL,יין רזרב ברקן גולד ג,מיליליטרים,750.00,"100 מ""ל",false,,49.90,6.6533,true,1,137677
7290018165447,false,"יין רזרב גולד מרלו 750 מ""ל",יקבי ברקן שיווק והפצ,IL,יין רזרב גולד מרלו 7,מיליליטרים,750.00,"100 מ""ל",false,,49.90,6.6533,true,1,141419
7290018192658,false,מארז זוג פטריות פורטובלה ושמפיניון מרינה,"מרינה פטריות הגליל בע""מ",IL,פטריות צמד חמד איטלק,יחידה,0.00,יחידה,false,,16.90,0.0000,true,1,140393
7290018198056,false,"קוביות תפוחי אדמה תפוגן 1.5 ק""ג",עיצובים 2020 (4.5),,תפוגן קוביות תפוחי א,גרמים,1500.00,100 גרם,false,,27.90,1.8600,true,1,138448
7290018198148,false,"תפוגן קריספי צ'יפס קלאסי 1.25 ק""ג",עיצובים 2020 (4.5),,תפוגן קריספי צ'יפס ק,גרמים,1250.00,100 גרם,false,,27.90,2.2320,true,1,141965
7290018204108,false,כוסות שתיה חמה 16 אוז 25 יח'',,,כוסות קרטון ענק OZ16,יחידה,0.00,יחידה,false,,17.90,0.0000,true,1,141264
7290018204597,false,מנג'טים מעוטרים מס'3 100 יח',,,גביעי נייר צבעוני מס,יח',100.00,יח',false,,7.90,0.0790,true,1,144575
7290018204603,false,מנג'טים מעוטרים מס' 4 100 יח',,,גביעי נייר צבעוני מס,יח',100.00,יח',false,,7.90,0.0790,true,1,144576
7290018213254,false,שלישיית מגבות מטבח עבות SHINY,,,שלישיית מגבות מטבח ע,יחידה,0.00,יחידה,false,,13.90,0.0000,true,1,140864
7290018213995,false,3 מטליות מיקרופייבר,,,3 מטליות מיקרופייבר,יחידה,0.00,יחידה,false,,13.90,0.0000,true,1,146117
7290018237922,false,שניצלונים ציפוי ציפס עוף טוב 700 גר',עיצובים 2020 (4.9),IL,שניצלונים בציפוי ציפ,גרמים,700.00,100 גרם,false,,19.90,2.8429,true,1,145379
7290018237939,false,שניצלונים ציפוי שומשום עוף טוב 700 גר',עיצובים 2020 (4.9),IL,שניצלונים בציפוי שומ,גרמים,700.00,100 גרם,false,,19.90,2.8429,true,1,145380
7290018294192,false,"יין בלנד היינן אדום יבש 750 מ""ל p.c",קריות זול,IL,בלנד היינן אדום פריי,מיליליטרים,750.00,"100 מ""ל",false,,39.90,5.3200,true,1,146821
7290018294352,false,"ארק יקבי כרמל 700 מ""",יקבי כרמל Carmel Winery,IL,ארק 37.5% כרמל 700,מיליליטרים,700.00,"100 מ""ל",false,,49.90,7.1286,true,1,146424
7290018294901,false,מונלייט אדום יבש 750 מל',יקבי כרמל Carmel Winery,IL,מונלייט אדום יבש כרמ,מיליליטרים,750.00,"100 מ""ל",false,,34.90,4.6533,true,1,146422
7290018307250,false,תבנית רוסטר אובלית 5,,,תבנית רוסטר אובלית 5,יחידה,0.00,יחידה,false,,10.90,0.0000,true,1,141047
7290018359129,false,פולפה עגבניות מקולפו,זנלכל,IL,פולפה עגבניות מקולפו,גרמים,690.00,100 גרם,false,,10.90,1.5797,true,1,139279
7290018359686,false,יכין חומוס ענק 550 גר,היינץ צפון אמריקה מק,IL,חומוס ענק יכין 550 ג,גרמים,550.00,100 גרם,false,,9.90,1.8000,true,1,144995
7290018359716,false,רוטב פיצה טוסקנה יכין 240 גר',"זנלכל בע""מ",IL,רוטב פיצה טוסקנה יכי,גרמים,240.00,100 גרם,false,,6.90,2.8750,true,1,141636
7290018359945,false,חאריפה רוטב פיקנטי מפלפלים וירקות 400גר,יכין,IL,חאריפה רוטב פיקנטי מ,גרמים,400.00,100 גרם,false,,12.90,3.2250,true,1,147082
7290018359952,false,רוטב עגבניות לפסטה יכין 400 גרם,יכין,IL,רוטב עגבניות לפסטה י,גרמים,400.00,100 גרם,false,,12.90,3.2250,true,1,147083
7290018376416,false,פילה ברבוניה קפוא 40,,,פילה ברבוניה קפוא 40,גרמים,400.00,100 גרם,false,,24.90,6.2250,true,1,146967
7290018380505,false,"אורז פרסי לבן ארוך 1 קג ""20X",,,"אורז פרסי ארוך 1 ק""ג",גרמים,1000.00,100 גרם,false,,9.90,0.9900,true,1,142675
7290018400807,false,טברנה יוונית סנפרוסט,סנפרוסט,,טברנה יוונית סנפרוסט,גרמים,800.00,100 גרם,false,,23.90,2.9875,true,1,140691
7290018440193,false,בייגלה בציפוי קרם בטעם חמאת בוטנים פליפז 140 גר',שוורצקוף& הנקל דיסלד,TR,בייגלה בציפוי קרם חמ,גרמים,140.00,100 גרם,false,,9.90,7.0714,true,1,141080
7290018440209,false,בייגלה בציפוי פאדג' לבן פליפז 140 גר',שוורצקוף& הנקל דיסלד,TR,בייגלה בציפוי פאד'ג,גרמים,140.00,100 גרם,false,,9.90,7.0714,true,1,141081
7290018440223,false,חווית הצ'אי- מסאלה עוצמתי,קריות זול,IL,תה חווית צאי מסאלה 2,יחידה,0.00,יחידה,false,,22.90,0.0000,true,1,144642
7290018440230,false,צ'אי ורדים 25 שק' ויסוצקי,קריות זול,IL,תה צאי ורדים 25שק,יחידה,0.00,יחידה,false,,22.90,0.0000,true,1,144643
7290018440247,false,צ'אי שקדים 25 שק' ויסוצקי,קריות זול,IL,תה צאי שקדים 25שק,יחידה,0.00,יחידה,false,,22.90,0.0000,true,1,144644
7290018440254,false,צ'אי קרמל מלוח 25 שק' ויסוצקי,קריות זול,IL,תה צאי קרמל מלוח 25ש,יחידה,0.00,יחידה,false,,22.90,0.0000,true,1,144645
7290018440384,false,תה ירוק מאטה לימון נענע 25 שק' ויסוצקי,ויסוצקי,IL,תה ירוק מאטה לימון נ,יחידה,0.00,יחידה,false,,27.90,0.0000,true,1,143714
7290018440407,false,תה ירוק מאטה קקאו לוז 25 שק' ויסוצקי,ויסוצקי,IL,תה ירוק מאטה קקאו לו,יחידה,0.00,יחידה,false,,27.90,0.0000,true,1,143713
7290018440476,false,בייגלה מצופה קרם עוגת גבינה ותותים פליפז 140 גר',אולקר מקבוצת פלאדיס,TR,בייגלה מצופה בקרם עו,גרמים,140.00,100 גרם,false,,9.90,7.0714,true,1,143016
7290018440483,false,בייגלה מצופה קרמל מלוח ושוקולד פליפז 140 גר',שוורצקוף& הנקל דיסלד,TR,בייגלה מצופה בקרמל מ,גרמים,140.00,100 גרם,false,,9.90,7.0714,true,1,143015
7290018443361,false,סלרי עלים ברכת קטיף,ברכת קטיף,IL,סלרי עלים,יח',0.00,יח',false,,6.90,0.0000,true,1,143423
7290018468401,false,"פסטרמה צמחונית בטעם גריל, 120 גרם",טיב טירת צבי 2000,IL,פסטרמה צמחונית בטעם,גרמים,120.00,100 גרם,false,,19.90,16.5833,true,1,147696
7290018468418,false,"פסטרמה צמחונית בטעם מפולפל, 120 גרם",טיב טירת צבי 2000,IL,פסטרמה צמחונית בטעם,גרמים,120.00,100 גרם,false,,19.90,16.5833,true,1,147697
7290018468432,false,"נקניק טבעוני בטעם מעושן, 100 גרם",טיב טירת צבי 2000,IL,נקניק טבעוני בטעם מע,גרמים,100.00,100 גרם,false,,19.90,19.9000,true,1,147694
7290018471029,false,"סודה בטעם לימון - מארז 6 בקבוקים 500 מ""ל",יפאורה תבורי בעמ,IL,שוופס סודה לימון מאר,מיליליטרים,3000.00,"100 מ""ל",false,,15.90,0.5300,true,1,140606
7290018471210,false,ספרינג קרטונית אגס סברס תפוח 1 ליטר,"יפאורה תבורי בע""מ",IL,ספרינג אגס סברס תפוח,מיליליטרים,1000.00,"100 מ""ל",false,,7.90,0.7900,true,1,141771
7290018471487,false,תפוזינה נקטר תפוז אננס קרטונית 1 ליטר,"יפאורה תבורי בע""מ",IL,תפוזינה נקטר תפוז אנ,מיליליטרים,1000.00,"100 מ""ל",false,,7.90,0.7900,true,1,142308
7290018471494,false,תפוזינה משקה תפוז גזר קרטונית 1 ליטר,"יפאורה תבורי בע""מ",IL,תפוזינה משקה תפוז גז,מיליליטרים,1000.00,"100 מ""ל",false,,7.90,0.7900,true,1,142312
7290018471906,false,שוופס מוגז פירות לימונדה ורודה 1.5 ליטר פיקדון,"יפאורה תבורי בע""מ",IL,שוופס מוגז לימונדה ו,מיליליטרים,1500.00,"100 מ""ל",false,,10.90,0.7267,true,1,144195
7290018471913,false,שוופס מוגז פירות תפוחים 1.5 ל',"יפאורה תבורי בע""מ",IL,שוופס מוגז תפוחים 1.,מיליליטרים,1500.00,"100 מ""ל",false,,10.90,0.7267,true,1,144196
7290018471920,false,שוופס מוגז פירות ענבים 1.5 ליטר פיקדון,"יפאורה תבורי בע""מ",IL,שוופס מוגז ענבים 1.5,מיליליטרים,1500.00,"100 מ""ל",false,,10.90,0.7267,true,1,144199
7290018471937,false,שוופס מוגז פירות תות ליים 1.5 ליטר פיקדון,"יפאורה תבורי בע""מ",IL,שוופס מוגז פירות תות,מיליליטרים,1500.00,"100 מ""ל",false,,10.90,0.7267,true,1,144200
7290018471944,false,שוופס מוגז פירות לימונייד 1.5 ליטר פיקדון,"יפאורה תבורי בע""מ",IL,שוופס מוגז למונייד 1,מיליליטרים,1500.00,"100 מ""ל",false,,10.90,0.7267,true,1,144197
7290018471951,false,שוופס מוגז פירות אשכולית אדומה 1.5 ליטר פיקדון,"יפאורה תבורי בע""מ",IL,שוופס מוגז אשכולית א,מיליליטרים,1500.00,"100 מ""ל",false,,10.90,0.7267,true,1,144198
7290018493144,false,"ד""ר פישר אל סבון נוזלי לידיים קמיל ש ארגן 1 ל'",,,קמיל אל סבון לניקוי,מיליליטרים,1000.00,"100 מ""ל",false,,16.90,1.6900,true,1,141023
7290018516447,false,מקרוני 206 גרם,,,מקרוני 206 גרם,גרמים,206.00,100 גרם,false,,11.90,5.7767,true,1,147412
7290018542958,false,"צלחת מתכלה 7.5"" סדרת שמש אר 20 יח' דנטס",,,"צלחת מתכלה 7.5"" סדרת",יחידה,0.00,יחידה,false,,11.90,0.0000,true,1,147313
7290018542965,false,"צלחת מתכלה 9"" סדרת שמש אר 20 יח' דנטס",,,"צלחת מתכלה 9"" סדרת ש",יחידה,0.00,יחידה,false,,17.90,0.0000,true,1,147314
7290018542972,false,"צלחת מתכלה 10"" סדרת שמש אר 20 יח' דנטס",,,צלחת מתכלה 10' סדרת,יחידה,0.00,יחידה,false,,19.90,0.0000,true,1,147315
7290018542989,false,"קערה עגולה מתכלה 7.5"" סדרת שמש אר 20 יח' דנטס",,,קערה עגולה מתכלה 7.5,יחידה,0.00,יחידה,false,,15.90,0.0000,true,1,147316
7290018564592,false,שף הטבע שום כתוש בצנ,בני דרום,IL,שום כתוש בצנצנת שף ה,גרמים,200.00,100 גרם,false,,15.90,7.9500,true,1,145419
7290018564622,false,שף הטבע שום כתוש טבל,בני דרום,IL,שום כתוש טבליות שף ה,גרמים,80.00,100 גרם,false,,10.90,13.6250,true,1,143747
7290018608432,false,תבניות אינגליש גדול מקרטון 3 יח' שמאי,,,תבניות אינגליש קייק,יחידה,0.00,יחידה,false,,10.90,0.0000,true,1,142444
7290018608449,false,תבניות אינגליש קייק,,,תבניות אינגליש קייק,יחידה,0.00,יחידה,false,,10.90,0.0000,true,1,142443
7290018608685,false,מפיות יוקרתיות 3 שכבות 20יח',,,מפיות מודפס 20 יח',יחידה,0.00,יחידה,false,,7.90,0.0000,true,1,145675
7290018652213,false,מאגדת קראנץ בר וניל 6*41גר,נסטלה,IL,מאגדת קראנץ בר וניל,גרמים,246.00,100 גרם,false,,26.90,10.9350,true,1,144905
7290018652657,false,שלגוני לייט נסטלה מנ,גלידות נסטלה,IL,נסטלה מאגדת מניוגו ל,גרמים,312.00,100 גרם,false,,29.90,9.5833,true,1,144907
7290018652671,false,גלידה קרמריה שוקולד ווניל 1.4 ליטר,נסטלה,IL,לה קרמריה שוקו וניל,מיליליטרים,1.40,"100 מ""ל",false,,23.90,1707.1429,true,1,144903
7290018652886,false,מאגדת מצופים שוקו בננה 8 יח-476 ג',גלידות נסטלה,IL,מאגדת מצופים בננה 8,גרמים,440.00,100 גרם,false,,29.90,6.7955,true,1,145608
7290018652909,false,מאגדת מאגנום קפה שוקולד ופקאן 5 *43 ג' נסטלה,גלידות נסטלה,IL,מאגדת גלידה קפה שוקו,גרמים,215.00,100 גרם,false,,29.90,13.9070,true,1,144906
7290018652923,false,מאגדת תות עוגת גבינה שוקולד 5 *43 ג' נסטלה,גלידות נסטלה,IL,נסטלה מאגדת תות שוקו,גרמים,215.00,100 גרם,false,,29.90,13.9070,true,1,144908
7290018703052,false,פראוד חטיף חלבון עוג,,,פראוד חטיף חלבון עוג,גרמים,29.00,100 גרם,false,,10.90,37.5862,true,1,146648
7290018703182,false,פראוד חטיף חלבון שוק,,,פראוד חטיף חלבון שוק,גרמים,29.00,100 גרם,false,,10.90,37.5862,true,1,146649
7290018724514,false,מחית תפוע נטורלה 90,,,מחית תפוח עץ 100% פר,גרמים,90.00,100 גרם,false,,6.90,7.6667,true,1,147393
7290018724521,false,מחית תפוע ובננה נטור,,,מחית תפוח עץ בננה 10,גרמים,90.00,100 גרם,false,,6.90,7.6667,true,1,147394
7290018724538,false,מחית תפוע ואגס נטורל,,,מחית תפוח עץ ואגסים1,גרמים,90.00,100 גרם,false,,6.90,7.6667,true,1,147395
7290018724552,false,קמח שקדים ללא גלוטן 250 גר',השקד אומנות ומסחר,IL,קמח שקדים ללא גלוטן,גרמים,250.00,100 גרם,false,,23.90,9.5600,true,1,147392
7290018724897,false,"פירורי לחם ""נטורלה"" ללא גלוטן 300 גרם",,,פירורי לחם נטורלה לל,גרמים,300.00,100 גרם,false,,12.90,4.3000,true,1,141929
7290018770276,false,זית עריביקה עם שמן ז,,,זית עריביקה עם שמן ז,גרמים,215.00,100 גרם,false,,14.90,6.9302,true,1,146272
7290018792841,false,אבקת קקאו טבעי 150ג גאנה,גאנס לודרס,IL,אבקת קקאו טבעי 150 ג,גרמים,150.00,100 גרם,false,,10.90,7.2667,true,1,147047
7290018792858,false,אבקת קקאו טבעי 500גרם,,,אבקת קקאו טבעי 500,גרמים,500.00,100 גרם,false,,27.90,5.5800,true,1,147048
7290018893098,false,צ'וקטה ביסקוויט מצופה שוקולד חלב 100 גרם משולש K,צ'וקטה Chocketa,,ביסקוויט מצופה שוקול,גרמים,100.00,100 גרם,false,,7.90,7.9000,true,1,144493
7290018893104,false,צ'וקטה ביסקוויט מצופה שוקולד מריר 100 גרם משולש K,צ'וקטה Chocketa,,ביסקוויט מצופה שוקול,גרמים,100.00,100 גרם,false,,7.90,7.9000,true,1,144494
7290018893135,false,מקלות אפויים בתוספת מלח Salty,צ'וקטה Chocketa,,צ'וקטה גריסיני מלח 1,גרמים,120.00,100 גרם,false,,7.90,6.5833,true,1,146737
7290018893340,false,מקלות אפויים בתוספת שומשום Salty,צ'וקטה Chocketa,,צ'וקטה גריסיני שומשו,גרמים,120.00,100 גרם,false,,7.90,6.5833,true,1,146739
7290018893814,false,שוקולד מריר 48% חמישיה* 100 גרם,הדקלאים אגודת שיתופי,ES,שוקולד מריר 48% צוקט,גרמים,500.00,100 גרם,false,,19.90,3.9800,true,1,144492
7290018893951,false,עוגיות וופל חמאה קינמון 100 ג',,BE,צ'וקטה וופל חמאה בטע,גרמים,100.00,100 גרם,false,,10.90,10.9000,true,1,147495
7290018894408,false,קוביות וופל במילוי קרם אגוזי לוז - חלבי,בלקוני Balconi,IT,בלקוני וופל קוביות א,גרמים,250.00,100 גרם,false,,14.90,5.9600,true,1,146729
7290018925065,false,פרימור מיץ תפוזים סחוט 2 ליטר,פרימור,IL,פרימור מיץ תפוזים סח,מיליליטרים,2000.00,"100 מ""ל",false,,29.90,1.4950,true,1,144325
7290018925089,false,פרימור מיץ תפוח עץ צלול 2 ליטר,גניר,IL,פרימור מיץ תפוחים צל,מיליליטרים,2000.00,"100 מ""ל",false,,29.90,1.4950,true,1,144327
7290018925416,false,"מיץ לימון ופסיפלורה 400 מ""ל פרימור",קריות זול,IL,פרימור מיץ לימון ופס,מיליליטרים,400.00,"100 מ""ל",false,,9.90,2.4750,true,1,146131
7290018929001,false,5 מטליות מיקרופייבר,,,5 מטליות מיקרופייבר,יחידה,0.00,יחידה,false,,9.90,0.0000,true,1,146118
7290018935569,false,סכינים איכותי מעץ 2,,,סכינים איכותי מעץ 2,יחידה,0.00,יחידה,false,,7.90,0.0000,true,1,147447
7290018935576,false,מזלגות איכותי מעץ 20,,,מזלגות איכותי מעץ 20,יחידה,0.00,יחידה,false,,7.90,0.0000,true,1,147448
7290018935590,false,כפיות איכותי מעץ 20י,,,כפיות איכותי מעץ 20י,יחידה,0.00,יחידה,false,,7.90,0.0000,true,1,147449
7290018972601,false,תמר מג'הול קפוא 450גר תומר,,,תמר לח כ-450גר,גרמים,450.00,100 גרם,false,,29.90,6.6444,true,1,147132
7290018989081,false,חומוס הבית להכנת חומוס טרי יכין,זנלכל,IL,חומוס הבית -להכנת חו,גרמים,410.00,100 גרם,false,,10.90,2.6585,true,1,145866
7290018989135,false,סירופ בטעם פטל יכין 1 ליטר,זנלכל,IL,סירופ בטעם פטל יכין,מיליליטרים,1000.00,"100 מ""ל",false,,19.90,1.9900,true,1,145872
7290019056027,false,שוופס מוגז פירות תפוחים ללא סוכר 1.5 ליטר פיקדון,"יפאורה תבורי בע""מ",IL,שוופס מוגז פירות תפו,מיליליטרים,1500.00,"100 מ""ל",false,,10.90,0.7267,true,1,144201
7290019056034,false,שוופס מוגז פירות אננס ללא סוכר 1.5 ליטר פיקדון,"יפאורה תבורי בע""מ",IL,שוופס מוגז פירות אננ,מיליליטרים,1500.00,"100 מ""ל",false,,10.90,0.7267,true,1,144202
7290019056065,false,שוופס מוגז עדין פירות יער 1.5 ליטר פיקדון,"יפאורה תבורי בע""מ",IL,שוופס מוגז עדין פירו,מיליליטרים,1500.00,"100 מ""ל",false,,9.90,0.6600,true,1,144191
7290019056089,false,שוופס מוגז עדין ענבי ריזלינג 1.5 ליטר פיקדון,"יפאורה תבורי בע""מ",IL,שוופס מוגז עדין טעם,מיליליטרים,1500.00,"100 מ""ל",false,,9.90,0.6600,true,1,144194
7290019056096,false,שוופס מוגז עדין אפרסק 1.5 ליטר פיקדון,"יפאורה תבורי בע""מ",IL,שוופס מוגז עדין אפרס,מיליליטרים,1500.00,"100 מ""ל",false,,9.90,0.6600,true,1,144192
7290019056119,false,שוופס סודה 1.5 ליטר פיקדון,"יפאורה תבורי בע""מ",IL,שוופס סודה 1.5ליטר,מיליליטרים,1500.00,"100 מ""ל",false,,4.20,0.2800,true,1,144179
7290019056164,false,שוופס סודה 1.5 ליטר רביעייה פיקדון,"יפאורה תבורי בע""מ",IL,שוופס סודה מארז 4*1.,מיליליטרים,6000.00,"100 מ""ל",false,,12.90,0.2150,true,1,144235
7290019056171,false,שוופס סודה לימון 1.5 ליטר רביעייה פיקדון,"יפאורה תבורי בע""מ",IL,שוופס סודה לימון מאר,מיליליטרים,6000.00,"100 מ""ל",false,,12.90,0.2150,true,1,144240
7290019056188,false,שוופס סודה נענע ליים 1.5 ליטר רביעייה פיקדון,"יפאורה תבורי בע""מ",IL,שוופס סודה נענע ליים,מיליליטרים,6000.00,"100 מ""ל",false,,12.90,0.2150,true,1,144241
7290019056195,false,שוופס סודה למון גראס,"יפאורה תבורי בע""מ",IL,שוופס סודה למון גראס,מיליליטרים,6000.00,"100 מ""ל",false,,12.90,0.2150,true,1,144242
7290019056232,false,משקה מוגז בטעם ליים מוחיטו 1.5 ל' שוופס,"יפאורה תבורי בע""מ",IL,שוופס ליים מוחיטו 1.,מיליליטרים,1500.00,"100 מ""ל",false,,10.90,0.7267,true,1,144205
7290019056256,false,שוופס מים בטעמים תפוחים 1.5 ליטר פיקדון,"יפאורה תבורי בע""מ",IL,שוופס וואטר תפוח 1.5,מיליליטרים,1500.00,"100 מ""ל",false,,9.90,0.6600,true,1,144226
7290019056263,false,שוופס מים בטעמים אפרסק 1.5 ליטר פיקדון,"יפאורה תבורי בע""מ",IL,שוופס וואטר אפרסק 1.,מיליליטרים,1500.00,"100 מ""ל",false,,9.90,0.6600,true,1,144227
7290019056300,false,משקה בטעם ביטר לימון 1.5 ל' שוויפס,"יפאורה תבורי בע""מ",IL,שוופס ביטר לימון 1.5,מיליליטרים,1500.00,"100 מ""ל",false,,13.90,0.9267,true,1,144237
7290019056317,false,שוופס ראשן 1.5 ליטר פיקדון,"יפאורה תבורי בע""מ",IL,שוופס רסצ'יין 1.5ליט,מיליליטרים,1500.00,"100 מ""ל",false,,13.90,0.9267,true,1,144238
7290019056324,false,שוופס טוניק 1.5 ליטר פיקדון,"יפאורה תבורי בע""מ",IL,שוופס מי טוניק 1.5לי,מיליליטרים,1500.00,"100 מ""ל",false,,13.90,0.9267,true,1,144234
7290019056331,false,שוופס טוניק ללא סוכר 1.5 ליטר פיקדון,"יפאורה תבורי בע""מ",IL,שוופס מי טוניק ללא ס,מיליליטרים,1500.00,"100 מ""ל",false,,13.90,0.9267,true,1,144239
7290019056362,false,תפוזינה ענבים 1.5 ליטר פיקדון,"יפאורה תבורי בע""מ",IL,תפוזינה ענבים 1.5ליט,מיליליטרים,1500.00,"100 מ""ל",false,,9.90,0.6600,true,1,144180
7290019056379,false,תפוזינה תפוזים 1.5 ליטר פיקדון,"יפאורה תבורי בע""מ",IL,תפוזינה תפוזים 1.5לי,מיליליטרים,1500.00,"100 מ""ל",false,,9.90,0.6600,true,1,144181
7290019056539,false,פרוט ווטר אפרסק 1.5 ליטר פיקדון,"יפאורה תבורי בע""מ",IL,משקה וואטר פרוט אפרס,מיליליטרים,1500.00,"100 מ""ל",false,,9.90,0.6600,true,1,144210
7290019056553,false,עין גדי מים מינרלים 2 ליטר*6 יח',עין גדי מים מינרליים,IL,עין גדי מים מינרלים,מיליליטרים,12000.00,"100 מ""ל",false,,13.80,0.1150,true,1,144166
7290019056560,false,עין גדי 2 ליטר בק' בודד פיקדון,יפאורה תבורי,IL,עין גדי 2ליטר,מיליליטרים,2000.00,"100 מ""ל",false,,3.30,0.1650,true,1,144167
7290019056669,false,ספרינג תפוחים גיאט 1.5 ליטר פיקדון,"יפאורה תבורי בע""מ",IL,ספרינג תפוחים דיאט 1,מיליליטרים,1500.00,"100 מ""ל",false,,9.90,0.6600,true,1,144172
7290019056966,false,מי עדן בקבוק פיקדון 1.5 ליטר,"מי עדן בע""מ",IL,מי עדן 1.5ליטר,מיליליטרים,1500.00,"100 מ""ל",false,,3.30,0.2200,true,1,144332
7290019056973,false,מי עדן 1.5 ליטר שישייה פיקדון,מופק ממקור בזלתי עדן,IL,מי עדן שישייה 6*1.5,מיליליטרים,9000.00,"100 מ""ל",false,,14.70,0.1633,true,1,144165
7290019153078,false,"שוופס ביטר למון לייט, 1.5 ליטר פקדון","יפאורה תבורי בע""מ",IL,שוופס ביטר לימון לי,מיליליטרים,1500.00,"100 מ""ל",false,,13.90,0.9267,true,1,144769
7290019168157,false,"מגש מתכלה 26*13 ס""מ יוניק מקני סוכר אר' 12 יח' דנטס",,,"מגש מתכלה26*13 ס""מ א",יחידה,0.00,יחידה,false,,11.90,0.0000,true,1,147312
7290019232186,false,תה ירוק לימונית לואיזהSTAY WELL 25 שקיקים ויסוצקי,ויסוצקי,IL,תה ירוק לימונית לואי,יח',25.00,יח',false,,27.90,1.1160,true,1,147098
7290019232193,false,תה ירוק לימונית ג'ינג'ר STAY WELL שקיקים 25 ויסוצקי,ויסוצקי,IL,תה ירוק לימונית ג'ינ,יח',25.00,יח',false,,27.90,1.1160,true,1,147099
7290019232377,false,"תה צאי וניל הל 50 גרם, 25 שקיקים",קריות זול,IL,תה חווית הצ'אי וניל,יחידה,0.00,יחידה,false,,22.90,0.0000,true,1,147499
7290019232384,false,"תה צאי מוקה 50 גרם, 25 שקיקים",קריות זול,IL,תה חווית הצ'אי מוקה,יחידה,0.00,יחידה,false,,22.90,0.0000,true,1,147500
7290019232803,false,הולגריין ביסקוויט+קרם חלב ושוקולד חלב 300 גרם רבנות,פלאדיס,TR,הולגריין ביסקוויט עם,גרמים,300.00,100 גרם,false,,11.90,3.9667,true,1,147024
7290019232827,false,הולגריין ביסקוויט במילוי אגוזי לוז 300 גרם רבנות,"אולקר ביסקווי סנאי,",TR,הולגריין ביסקוויט במ,גרמים,300.00,100 גרם,false,,11.90,3.9667,true,1,147026
7290019232834,false,בייגלה מצופה קרם עוגיות ושוקולד 140 גרם פליפז - רבנות,אולקר מקבוצת פלאדיס,TR,בייגלה מצופה עוגיות,גרמים,140.00,100 גרם,false,,9.90,7.0714,true,1,145794
7290019233015,false,רוטב שקשוקה תבשיל ירקות עם שמן זית כתית מעולה 420ג זיתא,זיתא,IT,זיתא רוטב לשקשוקה יר,גרמים,420.00,100 גרם,false,,14.90,3.5476,true,1,147030
7290019233039,false,שקשוקה קלאסית- רוטב עגבניות עם קוביות פלפלים צלויים,זיתא,IT,זיתא רוטב לשקשוקה ק,גרמים,420.00,100 גרם,false,,14.90,3.5476,true,1,147031
7290019233046,false,זיתא זית קלמטה בלונד 215 גר',זיתא,IL,זית קלמטה בלונד זיתא,גרמים,215.00,100 גרם,false,,14.90,6.9302,true,1,145088
7290019251118,false,"קשים לשתיה=מתקפלים= מנייר 100 יח' 0.6*21 ס""מ מתכלה",,,קשים לשתיה מתקפלים מ,יחידה,0.00,יחידה,false,,14.90,0.0000,true,1,147443
7290019251125,false,קשים לשתיה מנייר50יח,,,קשים לשתיה מנייר50יח,יחידה,0.00,יחידה,false,,10.90,0.0000,true,1,147444
7290019297161,false,טורטיות ראפ מקמח תירס 540 ג' 12 יח',,TR,טורטיות ראפ מקמח תיר,גרמים,450.00,100 גרם,false,,10.00,2.2222,true,1,124554
7290019297239,false,צימוק חום 330 ג' בקופסא,"דין שיווק וקליה בע""מ",,צימוק חום 330גר קופס,גרמים,330.00,100 גרם,false,,18.90,5.7273,true,1,85787
7290019297246,false,שזיף מיובש עם גרעין,"דין שיווק וקליה בע""מ",,שזיפים בקופסא 330גר,גרמים,330.00,100 גרם,false,,23.90,7.2424,true,1,126954
7290019297406,false,מעדן דובדבן 100% רכיבי פרי 284 גר' ללא תוספת סוכר,,,מעדן דובדבן שקדיה 10,גרמים,284.00,100 גרם,false,,12.90,4.5423,true,1,88061
7290019297413,false,מעדן אפרסק ללא סוכר שקדיה 284 ג',,CN,מעדן אפרסק שקדיה 100,גרמים,284.00,100 גרם,false,,12.90,4.5423,true,1,88062
7290019297420,false,מעדן תות שדה ללא סוכר שקדיה 284 ג',,CN,מעדן תות שדה שקדיה 1,גרמים,284.00,100 גרם,false,,12.90,4.5423,true,1,88063
7290019297437,false,מעדן אוכמניות ללא סוכר שקדיה 284 ג',,CN,מעדן אוכמניות שקדיה,גרמים,284.00,100 גרם,false,,12.90,4.5423,true,1,88064
7290019297628,false,שקד טבעי 150 גרם ששון הקולה שקית,דין שיווק,IL,שקד טבעי 150גרם,גרמים,150.00,100 גרם,false,,18.90,12.6000,true,1,89795
7290019297635,false,שקדים קלויים ששון הק,"דין שיווק וקליה בע""מ",IL,שקדים קלויים 150גר,גרמים,150.00,100 גרם,false,,13.90,9.2667,true,1,117026
7290100240144,false,"תרסיס למייבש כביסה ורוד 500 מ""ל בדין","זוהר דליה, קיבוץ דלי",IL,בדין תרסיס ורוד למיי,מיליליטרים,500.00,"100 מ""ל",false,,19.90,3.9800,true,1,50187
7290100243671,false,מרכך כביסה אקסטרא בניחוח יסמין מרענן,יוניליוור סנאיי וי ט,TR,בדין אקסטרא כחול 960,מיליליטרים,960.00,"100 מ""ל",false,,19.90,2.0729,true,1,50288
7290100412343,false,קוויק מגבונים לניקוי כללי בניחוח לימון 50 יח',,,קוויק מגבונים לניקוי,יחידה,0.00,יחידה,false,,8.90,0.0000,true,1,91977
7290100412435,false,קוויק מגבונים לניקוי כללי בניחוח פרחי בר 50 יח',,,קוויק מגבונים לניקוי,יחידה,0.00,יחידה,false,,8.90,0.0000,true,1,91978
7290100412770,false,"ד""ר עור - תחליב רחצה קלאסי בניחוח מאסק 700 מ""ל","ד""ר עור DOCTOR OR",,"תחליב רחצה ד""ר עור ק",מיליליטרים,700.00,"100 מ""ל",false,,16.90,2.4143,true,1,122125
7290100658338,false,נוזל כלים אוקסי פלוס עם נוסחת החמצן הפעיל,הנסיך- מפעל לייצור ט,GR,פלמוליב נוזל לכלים א,מיליליטרים,750.00,"100 מ""ל",false,,11.90,1.5867,true,1,51953
7290100680650,false,מנה חמה נודלס-אטריות ירקות טעם תאילנדי אסם 76 ג',THAI PRESIDENT FOODS,TH,מנה חמה נודלס ירקות,גרמים,76.00,100 גרם,false,,7.50,9.8684,true,1,47083
7290100680711,false,פירורית זהב אסם זהב 350ג',עינת תעשיות מזון,IL,פירורית זהב שקית אסם,גרמים,350.00,100 גרם,false,,9.90,2.8286,true,1,47086
7290100680728,false,פירורית רגילה שקית 350 גרם,מיוצר עי קונדיטוריית,IL,פירורית אסם שקית 350,גרמים,350.00,100 גרם,false,,7.90,2.2571,true,1,47087
7290100681138,false,מארז אפרופו חטיף תירס 3 יחידות,"אסם השקעות בע""מ",IL,אפרופו מארז אסם 3*50,גרמים,150.00,100 גרם,false,,13.90,9.2667,true,1,47093
7290100683880,false,אבקה להכנת פירה 260 ג' אסם,"אסם השקעות בע""מ",IL,תערובת להכנת פירה אס,גרמים,260.00,100 גרם,false,,16.50,6.3462,true,1,47156
7290100685136,false,"מרק בטעם עוף 1 ק""ג אסם","אסם השקעות בע""מ",IL,*מבצע* אבקת מרק בטעם,גרמים,1000.00,100 גרם,false,,13.90,1.3900,true,1,47181
7290100685334,false,אבקת מרק עוף אמיתי ר.טבעיים 400ג' אסם,"אסם השקעות בע""מ",IL,מרק עוף רכיבים טבעיי,גרמים,400.00,100 גרם,false,,27.90,6.9750,true,1,47192
7290100685341,false,מרק בטעם עוף זך רכיבים טבעיים 400 ג' אסם,"אסם השקעות בע""מ",IL,*מבצע* אסם מרק זך טע,גרמים,400.00,100 גרם,false,,16.90,4.2250,true,1,47193
7290100685600,false,פירורית זהב אסם זהב חיטה מלאה 200ג',עינת תעשיות מזון,IL,פירורית זהב חיטה מלא,גרמים,200.00,100 גרם,false,,7.90,3.9500,true,1,47210
7290100686164,false,ביסלי ברביקיו מארז 6 יח' * 35 ג' אסם,מיוצר עי קונדיטוריית,IL,ביסלי ברביקיו מארז 6,גרמים,210.00,100 גרם,false,,14.90,7.0952,true,1,47226
7290100686171,false,ביסלי גריל מארז 6 יח' * 35 ג' אסם,"אסם השקעות בע""מ",IL,ביסלי גריל מארז 6 יח,גרמים,210.00,100 גרם,false,,14.90,7.0952,true,1,47227
7290100689301,false,אבקת מרק עוף זך עדיף אסם 400 גר',"אסם השקעות בע""מ",IL,אסם עדיף זך טעם עוף,גרמים,400.00,100 גרם,false,,16.90,4.2250,true,1,47314
7290100700020,false,סוגת גריסי פנינה 500גרם,האי נאם סי או אל.טי.,IL,גריסי פנינה סוגת 500,גרמים,500.00,100 גרם,false,,7.30,1.4600,true,1,54610
7290100700068,false,סוגת שעועית צבעונית 500גרם,,,שעועית צבעונית סוגת,גרמים,500.00,100 גרם,false,,10.90,2.1800,true,1,64488
7290100700242,false,"אורז מלא עגול סוגת 1 ק""ג","סוגת תעשיות בע""מ",IL,אורז מלא עגול סוגת 1,גרמים,1000.00,100 גרם,false,,13.90,1.3900,true,1,54618
7290100700266,false,פירורי לחם לבן סוגת 200ג',,,פירורי לחם לבן סוגת,גרמים,200.00,100 גרם,false,,4.90,2.4500,true,1,73448
7290100700273,false,קינואה סוגת 500 גרם,האי נאם סי או אל.טי.,IL,קינואה סוגת 500 גר,גרמים,500.00,100 גרם,false,,16.90,3.3800,true,1,54619
7290100700297,false,עדשים שחורות סוגת 500 ג',,,עדשים שחורות סוגת 50,גרמים,500.00,100 גרם,false,,9.90,1.9800,true,1,70698
7290100700372,false,"סוגת אורז בסמטי מלא 1 ק""ג",האי נאם סי או אל.טי.,IL,אורז בסמטי מלא סוגת,גרמים,1000.00,100 גרם,false,,13.90,1.3900,true,1,54624
7290100700389,false,"אורז אדום סוגת 1 ק""ג",סוגת תעשיות,IL,אורז אדום סוגת 1קג,גרמים,1000.00,100 גרם,false,,16.90,1.6900,true,1,69811
7290100700396,false,"סוגת אורז יסמין קלאסי 1 ק""ג",האי נאם סי או אל.טי.,IL,אורז יסמין קלאסי סוג,גרמים,1000.00,100 גרם,false,,13.90,1.3900,true,1,68822
7290100700563,false,אורז מיקס קלאסי 1 ק',סוגת תעשיות,IL,אורז מיקס סוגת 1קג,גרמים,1000.00,100 גרם,false,,16.50,1.6500,true,1,70161
7290100700587,false,סוגת בורגול 500 גרם,האי נאם סי או אל.טי.,IL,בורגול סוגת 500 גר,גרמים,500.00,100 גרם,false,,7.30,1.4600,true,1,65306
7290100701126,false,שעועית מש סוגת 500גר,סוגת,IL,שעועית מש סוגת 500גר,גרמים,500.00,100 גרם,false,,10.90,2.1800,true,1,89919
7290100701140,false,"אורז ריזוטו 1 ק""ג סוגת","סוגת תעשיות בע""מ",IL,אורז ארבוריו סוגת 1ק,גרמים,1000.00,100 גרם,false,,15.90,1.5900,true,1,67660
7290100701157,false,אורז להכנת סושי סוגת,Unknown,,אורז להכנת סושי סוגת,גרמים,1000.00,100 גרם,false,,15.90,1.5900,true,1,71180
7290100701300,false,סוגת קינואה אדומה 500גרם,Unknown,,קינואה אדומה סוגת 50,גרמים,500.00,100 גרם,false,,16.90,3.3800,true,1,83188
7290100701331,false,קמח רב תכליתי שטיבל קמח חיטה לבן בהיר,"שטיבל בע""מ - טחנות ק",IL,קמח רב תכליתי סוגת 1,גרמים,1000.00,100 גרם,false,,8.90,0.8900,true,1,72654
7290100701386,false,קמח לחלה קמח חיטה לבן שטיבל,"שטיבל בע""מ - טחנות ק",IL,קמח לחלה סוגת 1קג,גרמים,1000.00,100 גרם,false,,8.90,0.8900,true,1,101899
7290100701454,false,גרישה - בורגול דק,"סוגת תעשיות בע""מ",IL,גרישה סוגת 500גר,גרמים,500.00,100 גרם,false,,7.30,1.4600,true,1,66627
7290100701577,false,קמח לחם קמח חיטה לבן שטיבל,שטיבל טחנות קמח,IL,קמח לחם סוגת 1קג,גרמים,1000.00,100 גרם,false,,8.90,0.8900,true,1,115502
7290100701874,false,"קמח כוסמין 1 ק""ג סוגת",טחנות קמח שטיבל באר,IL,קמח כוסמין סוגת 1קג,גרמים,1000.00,100 גרם,false,,16.90,1.6900,true,1,91712
7290100702383,false,"קמח תופח סוגת 1 ק""ג",שטיבל טחנות קמח,IL,קמח תופח סוגת 1 קג,גרמים,1000.00,100 גרם,false,,8.90,0.8900,true,1,80746
7290100702611,false,פתיתים אפויים אורז סוגת 500 ג',אסיף,,פתיתים אפויים אורז ס,גרמים,500.00,100 גרם,false,,7.50,1.5000,true,1,82360
7290100702628,false,פתיתים אפויים קוסקוס סוגת 500 ג',יושלם,,פתיתים אפויים קוסקוס,גרמים,500.00,100 גרם,false,,7.50,1.5000,true,1,82361
7290100702635,false,פתיתים אפויים כוכבים סוגת 500 ג',אסיף,IL,פתיתים אפויים כוכבים,גרמים,500.00,100 גרם,false,,7.50,1.5000,true,1,82362
7290100702642,false,פתיתים אפויים טבעת 500 ג' סוגת,,,פתיתים אפויים טבעות,גרמים,500.00,100 גרם,false,,7.50,1.5000,true,1,82363
7290100702741,false,"סוכר חום בהיר בצנצנת 1 ק""ג סוגת",סוגת,IL,סוכר חום קלאסי בקופס,גרמים,1000.00,100 גרם,false,,14.90,1.4900,true,1,116752
7290100703007,false,עדשים שחורות בלוגה סוגת 500 גר',האי נאם סי או אל.טי.,IL,עדשים שחורות בלוגה ס,גרמים,500.00,100 גרם,false,,9.90,1.9800,true,1,114120
7290100703458,false,כוסמת לא קלוי 500 ג' סוגת,,,כוסמת ללא קליה סוגת,גרמים,500.00,100 גרם,false,,8.90,1.7800,true,1,113959
7290100703533,false,קמח קסם תערובת קמח עם שמרים,"שטיבל בע""מ",IL,קמח קסם סוגת 1קג,גרמים,1000.00,100 גרם,false,,10.90,1.0900,true,1,115480
7290100703564,false,פתיתי שיבולת שועל עבה סוגת 500 ג',,,פתיתי שיבולת שועל עב,גרמים,500.00,100 גרם,false,,6.90,1.3800,true,1,114116
7290100703625,false,קמח חיטה לבן ללא צורך בניפוי,סוגת,,קמח חלה ללא צורך ניפ,גרמים,1000.00,100 גרם,false,,9.90,0.9900,true,1,122617
7290100703632,false,קמח חיטה מלא ללא צורך בניפוי,סוגת,,קמח חיטה מלא ללא צור,גרמים,1000.00,100 גרם,false,,9.90,0.9900,true,1,122703
7290100703649,false,"קמח מלא 80% חיטה ללא ניפוי סוגת 1ק""ג",סוגת,,קמח חיטה 80% ללא צור,גרמים,1000.00,100 גרם,false,,9.90,0.9900,true,1,122618
7290100703847,false,קוביות סוכר לבן 500 ג' סוגת,,,קוביות סוכר לבן סוגת,גרמים,500.00,100 גרם,false,,9.90,1.9800,true,1,126123
7290100703854,false,קוביות סוכר לבן דמררה 500 ג' סוגת,,,קוביות סוכר דמררה סו,גרמים,500.00,100 גרם,false,,9.90,1.9800,true,1,119598
7290100703861,false,"קמח תערובת קסם לחלה 1 ק""ג סוגת",סוגת,IL,קמח תערובת קסם לחלה,גרמים,1000.00,100 גרם,false,,10.90,1.0900,true,1,118242
7290100703908,false,סוכר דמררה סוגת בשקי,,,סוכר דמררה סוגת בשקי,גרמים,1000.00,100 גרם,false,,9.90,0.9900,true,1,139065
7290100703915,false,פופקורן להכנה במיקרוגל בטעם חמאה - מארז 6 שקיות,סוגת,,פופקורן למיקרו מארז,גרמים,90.00,100 גרם,false,,10.90,12.1111,true,1,121947
7290100703922,false,פופקורן להכנה במיקרוגל בטעם טבעי - מארז 6 שקיות,סוגת,,פופקורן למיקרו מארז,גרמים,90.00,100 גרם,false,,10.90,12.1111,true,1,121948
7290100704493,false,"קמח שמרים פיצה ללא ניפוי סוגת 1 ק""ג","שטיבל בע""מ - טחנת קמ",IL,קמח שמרים לפיצה ללא,גרמים,1000.00,100 גרם,false,,10.90,1.0900,true,1,140436
7290100704530,false,סוגת קמח כוסמין לבן ללא צורך בניפוי 1 קג,טחנות קמח שטיבל באר,IL,קמח כוסמין לבן ללא צ,גרמים,1000.00,100 גרם,false,,16.90,1.6900,true,1,142227
7290100850909,false,דוריטוס בטעם נאצ'ו מקסיקני,שטראוס פריטו ליי בע,IL,דוריטוס נאצו מקסיקני,גרמים,70.00,100 גרם,false,,4.90,7.0000,true,1,50716
7290100850916,false,דוריטוס בטעם חמוץ חריף,"שטראוס פריטו ליי בע""",IL,דוריטוס חמוץ חריף 70,גרמים,70.00,100 גרם,false,,4.10,5.8571,true,1,65595
7290100850923,false,דוריטוס גריל 70 גרם,שטראוס פריטו ליי בע,IL,דוריטוס גריל 70גר,גרמים,70.00,100 גרם,false,,4.10,5.8571,true,1,65648
7290100850930,false,דוריטוס דיפ טבעי 70ג,שטראוס פריטו ליי בע,IL,דוריטוס דיפ טבעי 70ג,גרמים,70.00,100 גרם,false,,4.10,5.8571,true,1,50719
7290100858592,false,אבקת קקאו עלית שקית 150 ג',הנסיך- מפעל לייצור ט,IL,קקאו עלית 150גר,גרמים,150.00,100 גרם,false,,10.90,7.2667,true,1,57004
7290100894200,false,מעדן תמרים 250גר,,,מעדן תמרים 250גר,גרמים,250.00,100 גרם,false,,21.90,8.7600,true,1,87436
7290100924457,false,כדוריות סבון נתלה לאסלה לימון רענן - 3 יח',הנקל סוד,HU,כדוריות סוד סבון לאס,גרמים,0.00,גרם,false,,16.90,0.0000,true,1,142719
7290100925751,false,"סוד נוזל כלים תפוח 650 מ""ל",סוד,,סוד נוזל לכלים תפוח,מיליליטרים,650.00,"100 מ""ל",false,,6.90,1.0615,true,1,113209
7290100928561,false,"סוד אבקת כביסה שושן מרענן 5ק""ג",,,סוד אבקת כביסה שושן,קילוגרמים,5.00,"ק""ג",false,,29.90,5.9800,true,1,79704
7290100928585,false,"אבקת כביסה קולור 5 ק""ג סוד",,,סוד אבקת כביסה קולור,קילוגרמים,5.00,"ק""ג",false,,29.90,5.9800,true,1,79706
7290101110149,false,גלידה בלסימו וניל עם פליק 1.3 ל' פלדמן,גלידות פלדמן,IL,בליסימו גלידה בטעם ו,מיליליטרים,1300.00,"100 מ""ל",false,,21.90,1.6846,true,1,141211
7290101110460,false,גלידה בליסימו וניל צרפתי 1.3 ל' פלדמן,גלידות פלדמן,IL,בליסימו גלידה בטעם ו,מיליליטרים,1300.00,"100 מ""ל",false,,21.90,1.6846,true,1,141209
7290101110811,false,גלידל שלגון בטעם וניל מצופה סורבה פסיפלורה - 8 יח',הגלידות של פלדמן,IL,גלידל חלבי מאגדת בטע,יח',8.00,יח',false,,29.90,3.7375,true,1,141201
7290101112228,false,גלידל פרי קרחון מופחת קלוריות בטעם אננס - 8 יח',הגלידות של פלדמן,IL,גלידל פרי מאגדת בטעם,יח',8.00,יח',false,,24.90,3.1125,true,1,141194
7290101112921,false,גלידל פרי קרחון מופחת קלוריות פירות טרופיים - 8 יח',הגלידות של פלדמן,IL,גלידל פרי מאגדת בטעם,יח',8.00,יח',false,,24.90,3.1125,true,1,141195
7290101113393,false,גלידה יופלה פריזי יוגורט פירות יער מאגדת 400 ג',הגלידות של פלדמן,IL,יופלה פריזי מאגדת יו,יח',5.00,יח',false,,19.90,3.9800,true,1,141185
7290101113409,false,גלידה יופלה פריזי יוגורט תות מאגדת 400 ג',הגלידות של פלדמן,IL,יופלה פריזי מאגדת בט,יח',5.00,יח',false,,19.90,3.9800,true,1,141186
7290101451105,false,נרות מטה כוכבים ממות,,,נרות מטה כוכבים ממות,יחידה,0.00,יחידה,false,,5.90,0.0000,true,1,52194
7290101551027,false,קפסולות קפה אספרסו חזק במיוחד 14 עלית 10 יח',הנסיך- מפעל לייצור ט,IL,קפסולות מס'14,גרמים,50.00,100 גרם,false,,19.90,39.8000,true,1,123115
7290101551263,false,סילאן טבעי ללא תוספת סוכר,"פוליבה בע""מ",IL,סילאן טבעי יד מרדכי,גרמים,700.00,100 גרם,false,,24.90,3.5571,true,1,122060
7290101551300,false,סילאן טבעי ללא תוספת סוכר בקבוק לחיץ,"פוליבה בע""מ",IL,סילאן טבעי לחיץ יד מ,גרמים,380.00,100 גרם,false,,17.90,4.7105,true,1,122061
7290101551539,false,יוגורט PRO בטעם אפרסק 0% 20 גרם חלבון בגביע,דנונה - שטראוס,IL,דנונה פרו אפרסק 20 ג,גרמים,200.00,100 גרם,false,,6.50,3.2500,true,1,122191
7290101551584,false,תפוצ'יפס קידס מארז 10 יח' * 20 ג',"שטראוס פריטו ליי בע""",IL,תפוציפס קידס מארז 10,גרמים,200.00,100 גרם,false,,12.90,6.4500,true,1,122732
7290101863410,false,"סיליט ניקוי עוצמתי מכיל אקונומיקה 750 מ""ל",סיליט באנג Cillit Bang,PL,ספריי מכיל אקונומיקה,מיליליטרים,750.00,"100 מ""ל",false,,13.90,1.8533,true,1,59257
7290101864127,false,"ספריי להסרת כתמים 750 מ""ל וניש קליה",קליה וניש Kalia Vanish,IL,קליה אוקסי ספריי 750,מיליליטרים,750.00,"100 מ""ל",false,,25.90,3.4533,true,1,62561
7290101865261,false,"פיניש נוזל הברקה 800 מ""ל",רקיט בנקיזר,PL,פיניש נוזל הברקה למד,מיליליטרים,800.00,"100 מ""ל",false,,21.90,2.7375,true,1,67587
7290101866633,false,ווניש קליה ג`ל להסרת כתמים 3 ל',קליה וניש Kalia Vanish,IL,קליה גל ורוד 3ליטר,מיליליטרים,3000.00,"100 מ""ל",false,,29.90,0.9967,true,1,71544
7290101866787,false,מסיר כתמים ומלבין לכביסה לבנה 3 ל וניש קליה,קליה וניש Kalia Vanish,PL,קליה גל לבן 3ליטר,מיליליטרים,3000.00,"100 מ""ל",false,,29.90,0.9967,true,1,72942
7290101868958,false,"פיניש נוזל הברקה למדיח בניחוח לימון 500 מ""ל",רקיט בנקיזר,PL,פיניש נוזל הברקה למד,מיליליטרים,800.00,"100 מ""ל",false,,21.90,2.7375,true,1,86378
7290101869726,false,ג'ל מרוכז למדיח פיניש all in one max,רקיט בנקיזר,PL,פיניש ג'ל למדיח 1ליט,מיליליטרים,1000.00,"100 מ""ל",false,,46.90,4.6900,true,1,88110
7290101869733,false,ג'ל למדיח פיניש לימון,רקיט בנקיזר,PL,פיניש ג'ל למדיח לימו,מיליליטרים,1000.00,"100 מ""ל",false,,46.90,4.6900,true,1,88111
7290101869795,false,מילוי למכשיר ספריי אוטומטי חלום ליל קיץ,איירוויק Air Wick,GB,איירוויק מילוי מבשם,מיליליטרים,250.00,"100 מ""ל",false,,19.90,7.9600,true,1,114930
7290102031276,false,מארז 8 יחידות אקטימל משקה יוגורט בטעם תות בננה,מיוצר עי קונדיטוריית,IL,אקטימל תות בננה 8*10,מיליליטרים,800.00,"100 מ""ל",false,,21.90,2.7375,true,1,57078
7290102390427,false,יוגורט ביו עם קציפת תות 3% שומן 150 ג' מולר,מולר Muller,IL,מולר פרופ תות 3% 150,גרמים,150.00,100 גרם,false,,5.60,3.7333,true,1,51226
7290102390465,false,יוגורט ביו עם קציפת אפרסק ופסיפלורה 3% שומן 150 ג' מולר,מולר Muller,IL,מולר פרופ אפרסק פסיפ,גרמים,150.00,100 גרם,false,,5.60,3.7333,true,1,51229
7290102390489,false,יוגורט ביו עם קציפת לימון 3% שומן 150 ג' מולר,מולר Muller,IL,מולר פרופ לימון 3% 1,גרמים,150.00,100 גרם,false,,5.60,3.7333,true,1,51231
7290102391844,false,יוגורט ביו עם קציפת פירות יער3% שומן 150 ג' מולר,מולר Muller,IL,מולר פרופ לבן+קציפת,גרמים,150.00,100 גרם,false,,5.60,3.7333,true,1,51289
7290102392049,false,גבינה תבור לאפייה 5% 500 ג' צוריאל,מחלבת משק צוריאל,IL,גבינה תבור לאפייה 5%,גרמים,500.00,100 גרם,false,,28.90,5.7800,true,1,51297
7290102392094,false,חלב עיזים 4.1% צוריאל 1 ל' קרטון,מילקו תעשיות בעמ,IL,חלב עיזים צוריאל 1ל,מיליליטרים,1000.00,"100 מ""ל",false,,18.70,1.8700,true,1,51301
7290102393039,false,מולר מיקס יוגורט קרמי בתוספת פצפוצי שוקולד 170 ג',קריות זול,IL,מולר מיקס בתוספת פצפ,גרמים,150.00,100 גרם,false,,6.60,4.4000,true,1,64444
7290102393060,false,מיקס יוגורט גליליות וופל קרם אגוזים 170 ג' מולר,קריות זול,IL,מולר מיקס גליליות 15,גרמים,150.00,100 גרם,false,,6.60,4.4000,true,1,64445
7290102393169,false,סימפלי פרוט יוגורט תות 3% שומן 150 ג' מולר,מולר Muller,IL,מולר סימפלי פרוט תות,גרמים,150.00,100 גרם,false,,5.60,3.7333,true,1,68525
7290102393176,false,סימפלי פרוט יוגורט אפרסק 3% שומן 150 ג' מולר,מילקו תעשיות בעמ,IL,מולר סימפלי פרוט אפר,גרמים,150.00,100 גרם,false,,5.60,3.7333,true,1,68526
7290102393190,false,סימפלי פרוט פירות היער 3% שומן 150 ג' מולר,מילקו תעשיות בעמ,IL,מולר סימפלי פרוט פיר,גרמים,150.00,100 גרם,false,,5.60,3.7333,true,1,68528
7290102393268,false,**טרה גבינה לבנה אריזת חיסכון 5% 750ג,טרה,IL,גבינה לבנה 5% טרה 75,גרמים,750.00,100 גרם,false,,14.94,1.9920,true,1,65049
7290102393299,false,יוגורט עיזים לשתייה 3% שומן 500 ג' צוריאל,מיוצר עי קוד יצרן HG,IL,יוגורט עיזים לשתייה,מיליליטרים,500.00,"100 מ""ל",false,,15.50,3.1000,true,1,66764
7290102393718,false,גבינת חלומי חלב בקר 28% 200 ג' צוריאל,משק צוריאל,IL,חלומי חלב בקר צוריאל,גרמים,200.00,100 גרם,false,,24.50,12.2500,true,1,68306
7290102393848,false,יוגורט עיזים ביו 2.4% תות צוריאל 150ג',משק צוריאל,IL,יוגורט עיזים 3% תות,גרמים,150.00,100 גרם,false,,7.70,5.1333,true,1,69386
7290102393855,false,יוגורט עיזים 2.5% אפרסק צוריאל 150ג',מחלבת משק צוריאל,IL,יוגורט עיזים 3% אפרס,גרמים,150.00,100 גרם,false,,7.70,5.1333,true,1,69387
7290102393947,false,סימפלי פרוט יוגורט בטעם קיווי 3% שומן 150 ג' מולר,מילקו תעשיות בעמ,IL,מולר סימפלי פרוט קיו,גרמים,150.00,100 גרם,false,,5.60,3.7333,true,1,70685
7290102394081,false,מולר מיקס יוגורט קרמי עם קורנפלקס מצופה שוקולד,מילקו תעשייה בעמ,IL,מולר מיקס קורנפקלס מ,יחידה,0.00,יחידה,false,,6.60,0.0000,true,1,70688
7290102394258,false,גבינת מה עז 9% שומן צוריאל 180 ג',מחלבת משק צוריאל,IL,מה עז צוריאל 9% 180ג,גרמים,180.00,100 גרם,false,,25.90,14.3889,true,1,71539
7290102394463,false,נעם גבינה צהובה וואקום 28% 500גרם,Unknown,IL,גבינה צהובה נעם ואקו,גרמים,500.00,100 גרם,false,,30.90,6.1800,true,1,82222
7290102394845,false,פרוסות גבינת נעם מופחתת שומן 9%,מילקו תעשיות בעמ,IL,גבינה צהובה נעם דק ד,גרמים,200.00,100 גרם,false,,19.50,9.7500,true,1,74124
7290102395224,false,מארז 8 גביעים יוגורט ביו בטעם טבעי 1.7%,מולר Muller,IL,מולר נטורל 1.7% מארז,גרמים,1200.00,100 גרם,false,,19.80,1.6500,true,1,80767
7290102395231,false,מולר נטורל 2.8% ביאנקו מאגדת 8 יח' * 150 ג',מולר Muller,IL,מולר נטורל 2.8% מארז,גרמים,1200.00,100 גרם,false,,19.80,1.6500,true,1,80768
7290102395446,false,מעדן חלב בטעם וניל עם קצפת 123 ג' טרה,טרה,IL,מוו וניל קצפת 123גר,גרמים,123.00,100 גרם,false,,3.40,2.7642,true,1,80989
7290102395477,false,מעדן חלב בטעם שוקולד עם קצפת 123 ג' טרה,Unknown,IL,מוו שוקולד קצפת 123ג,גרמים,123.00,100 גרם,false,,3.40,2.7642,true,1,80992
7290102397334,false,גבינה בולגרית 5% צוריאל גליל 250ג',מחלבת משק צוריאל,IL,בולגרית 5% 250 גר צו,גרמים,250.00,100 גרם,false,,25.40,10.1600,true,1,90044
7290102397464,false,יוגורט ביו בתוספת גרעינים אגוזים וחמוציות 170 ג' מולר,מולר Muller,IL,מולר מיקס גרעינים פק,יחידה,0.00,יחידה,false,,6.60,0.0000,true,1,116438
7290102397600,false,מיקס יוגורט בתוספת שקדים ובוטנים מקורמלים 170 ג' מולר,מילקו תעשייה בעמ,IL,מולר מיקס+ שקדים ובו,גרמים,170.00,100 גרם,false,,6.60,3.8824,true,1,91671
7290102397617,false,יוגורט ביו קרמי עם כדורים מצופים שוקולד חום לבן,מולר Muller,IL,מולר מיקס קליק 150גר,גרמים,150.00,100 גרם,false,,6.60,4.4000,true,1,91672
7290102397679,false,קוטג' וחצי 5% טרה 375 ג',Unknown,IL,קוטג 5% 375גר טרה,גרמים,375.00,100 גרם,false,,8.90,2.3733,true,1,116504
7290102397730,false,פרוסות גבינה אמנטל חצי קשה 30% שומן 200 ג' נעם,Unknown,IL,גבינה אמנטל נעם 200ג,גרמים,200.00,100 גרם,false,,19.50,9.7500,true,1,117677
7290102397747,false,פרוסות גבינת מוצרלה נעם מחלב בקר 22%,טרה,IL,*מבצע* גבינת מוצרלה,גרמים,200.00,100 גרם,false,,15.90,7.9500,true,1,119732
7290102397891,false,גבינת מותכת 18% צוריאל 100ג',משק צוריאל,IL,גבינה מותכת צוריאל 1,גרמים,100.00,100 גרם,false,,8.50,8.5000,true,1,116442
7290102398331,false,חלב דל לקטוז 2% מועשר בויטמין D,טרה,IL,חלב מועשר דל לקטוז 1,מיליליטרים,1000.00,"100 מ""ל",false,,8.70,0.8700,true,1,119610
7290102398553,false,משקה חלב בטעם שוקו 2% XL אריזה משפחתית,מילקו תעשיות בעמ,IL,שוקו טרה בקבוק 1.5ל',מיליליטרים,1500.00,"100 מ""ל",false,,17.90,1.1933,true,1,137674
7290102398638,false,משקה חלב בטעם מוקה 1 ליטר טרה,מילקו תעשיות בעמ,IL,משקה חלב טרה בטעם מו,מיליליטרים,1000.00,"100 מ""ל",false,,13.40,1.3400,true,1,121572
7290102398669,false,משקה חלב עם קפה אייס קפוצ'ינו 1.5%,מילקו תעשיות בעמ,IL,אייס קפוצ'ינו 1 ליטר,מיליליטרים,1000.00,"100 מ""ל",false,,13.40,1.3400,true,1,138233
7290102399048,false,פרוסות גבינת קשקבל נעם 200 ג' טרה,טרה,IL,קשקבל נעם 200גר,גרמים,200.00,100 גרם,false,,25.90,12.9500,true,1,137675
7290102399635,false,"מולר פרופ יוגורט ביו עם קציפת קוקוס ואננס 150 מ""ל",מולר Muller,IL,מולר פרופ טרופיקל 4.,גרמים,150.00,100 גרם,false,,5.60,3.7333,true,1,139047
7290102399796,false,מעדן יוגורט לבן מועשר בחלבון 200 ג' מולר אקטיב,מולר Muller,IL,מולר אקטיב 25 יוגורט,גרמים,200.00,100 גרם,false,,5.70,2.8500,true,1,132841
7290102399802,false,יוגורט עם תות מולר אקטיב מועשר בחלבון 200 גר',מולר Muller,IL,מולר אקטיב יוגורט 20,גרמים,200.00,100 גרם,false,,6.90,3.4500,true,1,132844
7290102399819,false,יוגורט עם פירות יער מולר אקטיב מועשר בחלבון 200 גר',מולר Muller,IL,מולר אקטיב יוגורט 20,גרמים,200.00,100 גרם,false,,6.90,3.4500,true,1,132843
7290102399857,false,"יוגורט אקטיב עם תות 0% , 20 גרם חלבון בגביע",מולר Muller,IL,מולר אקטיב לייט 20 ע,גרמים,200.00,100 גרם,false,,6.90,3.4500,true,1,139045
7290102601547,false,כפיות פרמיום שקוף/קרם/לבן/זהב א'ר 50 דנטס,,,כפיות פרמיום שקוף/קר,יחידה,0.00,יחידה,false,,9.90,0.0000,true,1,104390
7290103124588,false,פלמוליב סבון נוזלי סגול משאבה 750 מל,הנסיך- מפעל לייצור ט,TR,פלמוליב תחליב רחצה ס,מיליליטרים,750.00,"100 מ""ל",false,,21.90,2.9200,true,1,98948
7290103124601,false,"תחליב רחצה נוזל חלב ודבש משאבה 750מ""ל פלמוליב",הנסיך- מפעל לייצור ט,TR,פלמוליב תחליב רחצה נ,מיליליטרים,750.00,"100 מ""ל",false,,21.90,2.9200,true,1,98950
7290103129637,false,פדים קוסמטיים אובליים להסרת איפור,הנסיך- מפעל לייצור ט,GR,פדים להסרת איפור בלו,יחידה,0.00,יחידה,false,,9.90,0.0000,true,1,80396
7290103400194,false,כרוב לבן חתוך טעם הט,"טרופיקל דגיל בע""מ אז",IL,כרוב לבן שטראוס 400ג,גרמים,400.00,100 גרם,false,,9.70,2.4250,true,1,64407
7290103400255,false,לקט לסלט קולסלאו בשקית,"טרופיקל דגיל בע""מ אז",IL,סלט קולסלאו שטראוס 4,גרמים,400.00,100 גרם,false,,9.50,2.3750,true,1,64411
7290103401429,false,עלית אוריגינס קצב ברזילאי 200ג,הנסיך- מפעל לייצור ט,IL,קפה מגורען קצב ברזיל,גרמים,200.00,100 גרם,false,,29.90,14.9500,true,1,57302
7290103404758,false,כרוב אדום במיונז אחל,מיוצר עי קונדיטוריית,IL,סלט כרוב אדום אחלה 1,גרמים,200.00,100 גרם,false,,5.80,2.9000,true,1,57374
7290103408206,false,עלי חסה ערבית שטופים,שטראוס בריאות ירקות,IL,עלי חסה ערבית שטופים,גרמים,250.00,100 גרם,false,,12.90,5.1600,true,1,62530
7290103681173,false,"יין תבור הר קברנה סוביניון 750 מ""ל",מיוצר על ידי יקב תבו,IL,יין תבור אדום קברנה,מיליליטרים,750.00,"100 מ""ל",false,,39.90,5.3200,true,1,123564
7290103681180,false,"יין תבור הר מרלו 750 מ""ל",מיוצר על ידי יקב תבו,IL,יין תבור אדום מרלו 7,מיליליטרים,750.00,"100 מ""ל",false,,39.90,5.3200,true,1,123565
7290103681197,false,"יין תבור הר שיראז 750 מ""ל",מיוצר על ידי יקב תבו,IL,יין תבור שיראז 750מל,מיליליטרים,750.00,"100 מ""ל",false,,39.90,5.3200,true,1,123561
7290103681210,false,"יין תבור הר יין שרדונה 2018 750 מ""ל",מיוצר על ידי יקב תבו,IL,יין תבור שרדונה 750,מיליליטרים,750.00,"100 מ""ל",false,,39.90,5.3200,true,1,123562
7290103681227,false,"יין תבור הר גיוורצטרמינר 750 מ""ל",מיוצר על ידי יקב תבו,IL,יין תבור גוורצטרמינר,מיליליטרים,750.00,"100 מ""ל",false,,39.90,5.3200,true,1,123566
7290103681234,false,יין תבור הר רוזה 750,,,יין תבור הר רוזה 750,מיליליטרים,750.00,"100 מ""ל",false,,39.90,5.3200,true,1,123563
7290103681623,false,יין תבור הר מוסקטו ר,יקבי תבור,IL,יין תבור הר מוסקטו ר,מיליליטרים,750.00,"100 מ""ל",false,,39.90,5.3200,true,1,137726
7290103700324,false,שאפו זוג שקיות אוכל מתכלות בקרטון 300יח',,,טאצ זוג שקיות אוכל ב,יחידה,0.00,יחידה,false,,10.90,0.0000,true,1,127180
7290103701093,false,טאצ' מטליות מיקרופייבר לרצפה 2 יח',"שניב תעשיות נייר בע""",,טאצ מטליות מיקרופייב,יח',7.00,יח',false,,10.90,1.5571,true,1,127186
7290103703219,false,דלי מטליות לחות לניקוי כללי בניחוח לימון טאצ',,,טאצ' מטליות לחות לני,יח',400.00,יח',false,,19.90,0.0497,true,1,124090
7290103703226,false,מטליות לחות לניקוי כ,,,טאצ מטליות לחות לניק,יח',50.00,יח',false,,9.90,0.1980,true,1,122317
7290103703370,false,טאצ מגבוני טואלט לחים מארז שלישיה,,,טאצ מגבוני טואלט לחי,יחידה,0.00,יחידה,false,,15.90,0.0000,true,1,121900
7290103703684,false,נייר טאולט לובלי 30,Unknown,,לאבלי נייר טואלט 30,יחידה,0.00,יחידה,false,,29.90,0.0000,true,1,123648
7290104061424,false,חומוס אחלה עם זעתר 400 ג',מיוצר עי קונדיטוריית,IL,חומוס זעתר אחלה קלאס,גרמים,400.00,100 גרם,false,,11.90,2.9750,true,1,63193
7290104061431,false,חומוס אחלה עם צנובר 400 ג',"שטראוס גרופ בע""מ",IL,חומוס צנובר אחלה קלא,גרמים,400.00,100 גרם,false,,11.90,2.9750,true,1,63194
7290104061448,false,חומוס עם חריף 400 ג' אחלה,מיוצר עי קונדיטוריית,IL,חומוס חריף אחלה קלאס,גרמים,400.00,100 גרם,false,,11.90,2.9750,true,1,63195
7290104065934,false,שטראוס עלי רוקט 150ג,שטראוס בריאות ירקות,IL,שטראוס עלי רוקט 150ג,גרמים,150.00,100 גרם,false,,12.90,8.6000,true,1,64450
7290104068539,false,גומי מאסט בטעם מלון ואבטיח 28 ג' עלית,"שטראוס גרופ בע""מ",IL,מסטיק מאסט מלון ואבט,גרמים,28.00,100 גרם,false,,5.00,17.8571,true,1,65758
7290104068546,false,גומי מאסט בטעם לימון קולה ללא סוכר 28 ג' עלית,"שטראוס גרופ בע""מ",IL,מסטיק מאסט קולה 28גר,גרמים,28.00,100 גרם,false,,5.00,17.8571,true,1,67539
7290104500572,false,אפרופו חטיף איטליאנו 50 ג' אסם,מיוצר עי קונדיטוריית,IL,אפרופו חטיף איטליאנו,גרמים,50.00,100 גרם,false,,5.50,11.0000,true,1,69851
7290104501661,false,אינסטנט פודינג בטעם וניל צרפתי,מיוצר עי קונדיטוריית,IL,פודינג וניל צרפתי אס,גרמים,80.00,100 גרם,false,,6.30,7.8750,true,1,68467
7290104508202,false,גביעי גלידה אמריקאים 24 יח' אסם 120 ג',"גילרו בע""מ",IL,גביעי גלידה אמריקאים,יח',24.00,יח',false,,14.90,0.6208,true,1,70519
7290104508943,false,במבה אריזת חסכון 200 גרם,"אסם השקעות בע""מ",IL,במבה אסם 200 גרם,גרמים,200.00,100 גרם,false,,10.50,5.2500,true,1,141317
7290104721762,false,קפה טורקי עלית מארז 85X3ג',,,קפה טורקי עלית מארז,גרמים,255.00,100 גרם,false,,19.90,7.8039,true,1,69360
7290104721953,false,לקט סלט מסולסלים 7 סוגי עלים,תות תעשיות מזון (201,IL,לקט מסולסלים ירקות ש,גרמים,350.00,100 גרם,false,,13.90,3.9714,true,1,67318
7290104722530,false,תפוצ'יפס בטעם שמנת ובצל,"שטראוס פריטו ליי בע""",IL,תפוציפס שמנת בצל 200,גרמים,200.00,100 גרם,false,,11.90,5.9500,true,1,67523
7290104726262,false,מארז 4 יחידות דני לשתייה בטעם שוקולד + קשים,מיוצר עי קונדיטוריית,IL,דני תות לשתיה מארז ר,יחידה,500.00,יחידה,false,,11.90,0.0238,true,1,69130
7290104726712,false,מארז 8 יחידות מעדן מילקי בטעם שוקולד עם קצפת,"שטראוס גרופ בע""מ",IL,מילקי שמינייה מארז 8,גרמים,1064.00,100 גרם,false,,21.70,2.0395,true,1,73389
7290104728310,false,"שמנת עמידה לקצפת 38% שומן 250 מ""ל יוטבתה",מחלבת יטבתה,IL,שמנת עמידה לקצפת 38%,מיליליטרים,250.00,"100 מ""ל",false,,6.47,2.5880,true,1,69822
7290104963223,false,סופטקר - אל סבון עדין לתינוק לעור רגיש 1 ליטר,סופטקר Softcare,,אל סבון קלאסי לתינוק,מיליליטרים,1000.00,"100 מ""ל",false,,16.90,1.6900,true,1,91773
7290104963650,false,סופטקר - שמפו אל דמע 1 ליטר,סופטקר Softcare,,סופטקר שמפו אל דמע 1,מיליליטרים,1000.00,"100 מ""ל",false,,16.90,1.6900,true,1,125415
7290105360250,false,קפסולות 09 עשיר וארומטי למכונת נספרסו עלית 10יח',הנסיך- מפעל לייצור ט,IL,קפסולות מס9 עשיר ואר,יחידה,0.00,יחידה,false,,19.90,0.0000,true,1,80779
7290105360328,false,קפסולות אספרסו חזק למכונות נספרסו 10 יח',הנסיך- מפעל לייצור ט,IL,קפסולות מס'10 חזק וע,יחידה,0.00,יחידה,false,,19.90,0.0000,true,1,80780
7290105360755,false,שמן זית כתית מעולה חזק 3,מכוורת יד מרדכי שטרא,IL,"שמן זית 3 חזק 750 מ""",מיליליטרים,750.00,"100 מ""ל",false,,36.90,4.9200,true,1,81531
7290105360762,false,שמן כתית מעולה עדין 1,מכוורת יד מרדכי שטרא,IL,שמן זית כתית מעולה 1,מיליליטרים,750.00,"100 מ""ל",false,,36.90,4.9200,true,1,127734
7290105362339,false,"שמנת לבישול 15% 250 מ""ל יטבתה מהדרין",מחלבת יטבתה,IL,שמנת לבישול 15% יטבת,מיליליטרים,250.00,"100 מ""ל",false,,8.90,3.5600,true,1,74232
7290105363602,false,כיף כף - מקלות קלאסי 40 גרם,"איי, בי, אינבוו",TR,כיף כף מקלות קלאסי 4,גרמים,40.00,100 גרם,false,,5.90,14.7500,true,1,80618
7290105364289,false,כיף כף - מקלות פצפוצים 40 גרם,"איי, בי, אינבוו",TR,כיף כף מקלות פצפוצים,גרמים,40.00,100 גרם,false,,5.90,14.7500,true,1,80619
7290105364302,false,"עלית חטיף שוקולד כיף כף מקלות אגוזים, 40 גרם","איי, בי, אינבוו",TR,כיף כף מקלות אגוזים,גרמים,40.00,100 גרם,false,,5.90,14.7500,true,1,80620
7290105366023,false,חציל אחלה בטעם כבד 400 גר' אחלה,מיוצר עי קונדיטוריית,IL,חציל טעם כבד אחלה טע,גרמים,400.00,100 גרם,false,,16.90,4.2250,true,1,71953
7290105366047,false,טחינה אחלה לבנה 400 גר',מיוצר עי קונדיטוריית,IL,טחינה לבנה אחלה טעמי,גרמים,400.00,100 גרם,false,,16.90,4.2250,true,1,72434
7290105366993,false,סימפוניה גבינה במרקם שמנת פלפל שיפקה חריף 5%,"שטראוס בריאות בע""מ",IL,סימפוניה פלפל שיפקה,גרמים,200.00,100 גרם,false,,11.90,5.9500,true,1,84152
7290105368904,false,"שמנת מתוקה להקצפה 32% שומן 250 מ""ל יוטבתה",מחלבת יטבתה,IL,שמנת מתוקה להקצפה 32,מיליליטרים,500.00,"100 מ""ל",false,,7.90,1.5800,true,1,80128
7290105369130,false,סימפוניה גבינה במרקם שמנת בצל ירוק 5%,"שטראוס בריאות בע""מ",IL,סימפוניה בצל ירוק 5%,גרמים,200.00,100 גרם,false,,11.90,5.9500,true,1,81370
7290105430458,false,תחליב רחצה מועשר בשקדים וקרם לחות Naturals משאבה,הנסיך- מפעל לייצור ט,TR,פלמוליב תחליב רחצה ש,מיליליטרים,750.00,"100 מ""ל",false,,21.90,2.9200,true,1,118156
7290105431868,false,"פלמוליב ספא קוקוס גרגרים 500 מ""ל",הנסיך- מפעל לייצור ט,TR,פלמוליב תחליב רחצה ס,מיליליטרים,500.00,"100 מ""ל",false,,17.90,3.5800,true,1,84109
7290105439499,false,מיונז הולנדי 481 ג' מאסטר שף,רמיה סי.וי. הולנד,NL,מיונז מאסטר שף 480 ג,גרמים,480.00,100 גרם,false,,12.90,2.6875,true,1,90835
7290105500151,false,וודקה פינלנדיה בקבוק,"אלטיה קורפ, הלסינקי,",FI,וודקה פינלנדיה 700 מ,מיליליטרים,700.00,"100 מ""ל",false,,74.90,10.7000,true,1,79900
7290105500236,false,וויסקי ג'ק דניאלס מס' 7 Brand No,ג'ק דניאלס Jack Daniel's,US,וויסקי ג'ק דניאלס 70,מיליליטרים,700.00,"100 מ""ל",false,,119.90,17.1286,true,1,81331
7290105500953,false,"וויסקי ג'ק דניאלס דבש 700 מ""ל",ג'ק דניאל'ס,BE,וויסקי ג'ק דניאלס דב,מיליליטרים,700.00,"100 מ""ל",false,,119.90,17.1286,true,1,115049
7290105691248,false,פריכונים חטיפי טורטיה תירס 60 ג' אוסם,"מיוצר ע""י PT, משווק",IL,פריכונים חטיפי טורטי,גרמים,60.00,100 גרם,false,,9.70,16.1667,true,1,72638
7290105691712,false,עוגיות הפסקת קפה חיטה מלאה אסם 230 גר',היינץ צפון אמריקה מק,IL,עוגיות הפסקת קפה דגנ,גרמים,230.00,100 גרם,false,,13.50,5.8696,true,1,74417
7290105691934,false,"קמח שמרים 1ק""ג אוסם",תאי פרזידנט פוד פאבל,IL,קמח שמרים אסם 1קג,גרמים,1000.00,100 גרם,false,,11.90,1.1900,true,1,80500
7290105693341,false,במבה מארז 10 יח' * 25 ג' אסם,"אסם השקעות בע""מ",IL,*מבצע* במבה מארז אסם,גרמים,250.00,100 גרם,false,,15.90,6.3600,true,1,84417
7290105693457,false,עוגת הבית דמקה שוקו וניל 320 ג' אסם,מיוצר עי קונדיטוריית,IL,עוגת הבית דמקה שוקו,גרמים,320.00,100 גרם,false,,15.90,4.9688,true,1,74419
7290105693952,false,פירורית זהב אסם זהב שומשום 200 ג',מיוצר עי קונדיטוריית,IL,פירורית זהב שומשום א,גרמים,200.00,100 גרם,false,,6.90,3.4500,true,1,79562
7290105695024,false,אסם פתיתים אפויים אורז עם אטריות 500 גר,"אסם השקעות בע""מ",IL,פתיתים אפויים אורז ע,גרמים,500.00,100 גרם,false,,8.60,1.7200,true,1,81026
7290105695321,false,עוגת שוקולד בראוניז פאדג' 380 ג',מיוצר עי קונדיטוריית,IL,עוגות הבית בראוניס פ,גרמים,380.00,100 גרם,false,,18.90,4.9737,true,1,79617
7290105965738,false,יוגורט לשתיה בטעם תות בננה267 ג' דנונה,מיוצר עי קונדיטוריית,IL,דנונה לשתיה תות בננה,מיליליטרים,250.00,"100 מ""ל",false,,5.50,2.2000,true,1,85118
7290105968098,false,סלט קולסלאו אחלה 500 ג',אחלה - שטראוס,IL,קולסלאו אחלה 500גר,גרמים,500.00,100 גרם,false,,16.90,3.3800,true,1,80465
7290105968654,false,רביולי בטטה פרווה פסטה נונה 400 ג',מיוצר עי קונדיטוריית,IL,רביולי בטטה שטראוס 4,גרמים,400.00,100 גרם,false,,22.90,5.7250,true,1,80297
7290105968777,false,פריכיות עם תחתית שוקולד מריר 70 ג' אנרגי,"טחנת האבן תעשיות בע""",IL,פריכיות תחתית שוקולד,גרמים,80.00,100 גרם,false,,8.90,11.1250,true,1,82058
7290106520066,false,רבע לשבע במילוי קרם אגוזים ובציפוי שוקולד חלב,הגביע מוצרי וופלים ב,IL,רבע לשבע גלילי וופל,גרמים,160.00,100 גרם,false,,13.50,8.4375,true,1,80617
7290106520288,false,יוגורט פרו חלבון עם תות 2.4% שומן 150 ג' דנונה,"שטראוס בריאות בע""מ",IL,דנונה WOW תות 150 ג,גרמים,150.00,100 גרם,false,,4.90,3.2667,true,1,90360
7290106520905,false,סלט טורקי עם פלפל קל,"שטראוס גרופ בע""מ",IL,סלט טורקי אחלה טעמי,גרמים,400.00,100 גרם,false,,16.90,4.2250,true,1,81386
7290106520912,false,"שמנת לבישול 9% 250 מ""ל יטבתה",מחלבת יטבתה,IL,שמנת לבישול 9% יטבתה,מיליליטרים,250.00,"100 מ""ל",false,,8.90,3.5600,true,1,82065
7290106521049,false,קוביות סלק אחלה 400 גר',מיוצר עי קונדיטוריית,IL,סלטי קוביות סלק אחלה,גרמים,400.00,100 גרם,false,,16.90,4.2250,true,1,83528
7290106525320,false,אבקת שוקולית לאפייה קופסא 500ג' עלית,הנסיך- מפעל לייצור ט,IL,שוקולית לאפיה 500גר,גרמים,500.00,100 גרם,false,,17.90,3.5800,true,1,124002
7290106525399,false,קפסולות 06 ברזיל למכונות נספרסו עלית 10יח',הנסיך- מפעל לייצור ט,IL,קפסולות ברזיל 06 למכ,גרמים,50.00,100 גרם,false,,19.90,39.8000,true,1,91497
7290106528628,false,דוריטוס טבעי עלית 185 ג',"שטראוס פריטו ליי בע""",IL,דוריטוס טבעי 185גר,גרמים,185.00,100 גרם,false,,8.50,4.5946,true,1,91148
7290106528949,false,סלט ערוגות טעם הטבע,שטראוס בריאות ירקות,IL,לקט ערוגות שטראוס 45,גרמים,450.00,100 גרם,false,,12.90,2.8667,true,1,85594
7290106571921,false,עוגיות פיטנס עוגיות חמוציות 180 גר',מיוצר עי קונדיטוריית,IL,פיטנס עוגיות חמוציות,גרמים,180.00,100 גרם,false,,12.90,7.1667,true,1,85517
7290106574977,false,בייגלה שטוחים כעכים שטוחים עם מלח,מיוצר עי קונדיטוריית,IL,בייגלה שטוחים עם מלח,גרמים,300.00,100 גרם,false,,12.50,4.1667,true,1,82877
7290106575257,false,עוגת הבית סופלה בטעם שוקולד 340 ג' אסם,מיוצר עי קונדיטוריית,IL,עוגת הבית סופלה בטעם,גרמים,340.00,100 גרם,false,,15.90,4.6765,true,1,125231
7290106575431,false,עוגת הבית סופלה בטעם שוקוניל 340 ג' אסם,מיוצר עי קונדיטוריית,IL,עוגת הבית סופלה בטעם,גרמים,340.00,100 גרם,false,,15.90,4.6765,true,1,125232
7290106576223,false,אפרופו מצופה שוקולד 40 ג',מיוצר עי קונדיטוריית,IL,אפרופו שוקולד אסם 40,גרמים,40.00,100 גרם,false,,5.50,13.7500,true,1,114067
7290106576797,false,"לה קרמריה גלידת וניל איטלקי כשל""פ 1.4ל'",תות תעשיות מזון (201,IL,לה קרמריה וניל איטלק,מיליליטרים,1400.00,"100 מ""ל",false,,23.90,1.7071,true,1,84420
7290106576810,false,גלידה לה קרמריה ריבת חלב 1.4 ל' נסטלה,המאפיה של הרמן,IL,לה קרמריה ריבת חלב 1,מיליליטרים,1400.00,"100 מ""ל",false,,23.90,1.7071,true,1,84421
7290106576834,false,גלידה לה קרמריה פונטש בננה1.4 ל' נסטלה,תות תעשיות מזון (201,IL,לה קרמריה פונטש בננה,מיליליטרים,1400.00,"100 מ""ל",false,,23.90,1.7071,true,1,84422
7290106576858,false,גלידה לה קרמריה תותים בשמנת 1.4 ל' נסטלה,המאפיה של הרמן,IL,לה קרמריה תותים בשמנ,מיליליטרים,1400.00,"100 מ""ל",false,,23.90,1.7071,true,1,84423
7290106576919,false,גלידה קרמריה סורבה תות לימון 1.4 ליטר,המאפיה של הרמן,IL,לה קרמריה סורבה תות,מיליליטרים,1400.00,"100 מ""ל",false,,23.90,1.7071,true,1,84424
7290106576957,false,"לה קרמריה גלידת שוקו וניל פליק פרווה כשל""פ 1.4",תות תעשיות מזון (201,IL,לה קרמריה שוקו וניל,מיליליטרים,1400.00,"100 מ""ל",false,,23.90,1.7071,true,1,84425
7290106576971,false,גלידה לה קרמריה שוקולד בלגי 1.4 ל' נסטלה,תות תעשיות מזון (201,IL,לה קרמריה שוקולד בלג,מיליליטרים,1400.00,"100 מ""ל",false,,23.90,1.7071,true,1,84426
7290106577039,false,גלידה לה קרמריה שוקו וניל פליק 1.4 ל' נסטלה,תות תעשיות מזון (201,IL,לה קרמריה וניל שוקו,מיליליטרים,1400.00,"100 מ""ל",false,,23.90,1.7071,true,1,84427
7290106578692,false,אוסם - במבה ביסלי מיקס 80 גרם,פרו מן יו פתרונות אר,IL,במבה ביסלי מיקס 80 ג,גרמים,80.00,100 גרם,false,,5.60,7.0000,true,1,85713
7290106653689,false,לקט לסלט בסגנון אסייתי,שטראוס בריאות ירקות,IL,לקט לסלט אסייתי שטרא,גרמים,350.00,100 גרם,false,,12.90,3.6857,true,1,115806
7290106654099,false,מילקי CAKE עוגות אישיות במילוי קרם חלב,STRAUSS-ISRAEL,,מארז מילקי קייק שמינ,גרמים,272.00,100 גרם,false,,19.90,7.3162,true,1,90664
7290106658479,false,עלית וופל בטעם טורטית אגוזים 360גר,"שטראוס גרופ בע""מ",IL,טורטית מגדים 40גר,גרמים,40.00,100 גרם,false,,5.00,12.5000,true,1,91933
7290106664562,false,רוטב שמנת עם פטריות 9% שומן 258 ג' יוטבתה,מחלבת יטבתה,IL,רוטב שמנת עם פטריות,מיליליטרים,250.00,"100 מ""ל",false,,10.90,4.3600,true,1,87714
7290106667266,false,דוריטוס חמוץ חריף עלית 185 ג',הנסיך- מפעל לייצור ט,IL,דוריטוס חמוץ חריף 18,גרמים,185.00,100 גרם,false,,8.50,4.5946,true,1,91150
7290106668713,false,יוגורט עם פירות יער 3% שומן 150 ג' דנונה,מיוצר עי קונדיטוריית,IL,דנונה פירות יער 3% 1,גרמים,150.00,100 גרם,false,,3.90,2.6000,true,1,89018
7290106669857,false,קפסולות 06 אספרסו בטעם וניל עלית 10יח',הנסיך- מפעל לייצור ט,IL,קפסולות אספרסו בטעם,גרמים,50.00,100 גרם,false,,19.90,39.8000,true,1,116227
7290106720626,false,צ'יטוס קראנצ' בטעם גבינה - חלבי,"שטראוס פריטו ליי בע""",IL,ציטוס קראנצ בטעם גבי,גרמים,80.00,100 גרם,false,,4.90,6.1250,true,1,116814
7290106721913,false,מסטיק מאסט MUST ללא סוכר בטעם מנטה מרעננת,"שטראוס גרופ בע""מ",IL,מסטיק מאסט ריח פה צ',גרמים,66.00,100 גרם,false,,10.90,16.5152,true,1,88297
7290106723689,false,עלי תרד בייבי שטראוס,שטראוס בריאות ירקות,IL,עלי תרד בייבי שטראוס,גרמים,200.00,100 גרם,false,,12.90,6.4500,true,1,86847
7290106724488,false,דנונה טבעי פרוביוטי 1.7% טבעי 150ג',שטראוס,IL,דנונה טבעי 1.7% 150מ,מיליליטרים,150.00,"100 מ""ל",false,,2.60,1.7333,true,1,88126
7290106725867,false,"סירופ מייפל טהור 189 מ""ל יד מרדכי",קוסלסי פוד,CA,*מבצע* סירופ מייפל ט,מיליליטרים,189.00,"100 מ""ל",false,,25.90,13.7037,true,1,90142
7290106726178,false,יוגורט PRO עם פירות יער 2.4% 10 גרם חלבון בגביע,מיוצר עי קונדיטוריית,IL,דנונה WOW פירות יער,מיליליטרים,150.00,"100 מ""ל",false,,4.90,3.2667,true,1,89885
7290107280013,false,מגבונים ליטופים ללא בושם חמישיה,,,מגבוני ליטופים חמישי,יח',5.00,יח',false,,22.90,4.5800,true,1,130585
7290107280020,false,מטליות לחות סנו סושי לניקוי כללי שלישיה *50 יח',טרופיקל דגיל- תעשיות,IL,מגבוני ניקוי כללי סנ,יחידה,0.00,יחידה,false,,21.90,0.0000,true,1,130586
7290107280037,false,מטלית לחות עבות לניקוי סנו סושי מארז 50יח',דינאמיק תעשיות,IL,מטליות לחות סנו סושי,יח',50.00,יח',false,,11.90,0.2380,true,1,83301
7290107280099,false,מגבוני טואלט לחים סנו סופט שלישייה * 48 יח',טרופיקל דגיל- תעשיות,IL,מגבוני טואלט סופט של,יחידה,0.00,יחידה,false,,19.90,0.0000,true,1,137261
7290107280341,false,ריצפז מטליות לחות לניקוי הרצפה בניחוח מלון מפנק,"סנו מפעלי ברונוס סע""",IL,ריצפז מטליות לחות לנ,יחידה,0.00,יחידה,false,,14.90,0.0000,true,1,137079
7290107280570,false,סנו - מקסימה ג'ל כביסה מרוכז לכביסה צבעונית 3 ליטר,מיוצר עי קונדיטוריית,IL,סנו מקסימה גל לכביסה,ליטרים,3.00,ליטר,false,,34.90,11.6333,true,1,86814
7290107280662,false,"סנו מקסימה בייבי אבקת לכביסה 1.25 ק""ג",,,סנו מקסימה אבקת כביס,קילוגרמים,1.25,"ק""ג",false,,15.90,12.7200,true,1,89518
7290107280723,false,נוזל לניקוי כלים סנו ספארק Spark בניחוח לימון רענן,סנו כימיקלים,IL,ספארק נוזל לניקוי כל,מיליליטרים,700.00,"100 מ""ל",false,,10.90,1.5571,true,1,87204
7290107280747,false,נוזל לניקוי כלים סנו ספארק Spark קלאסי,סנו כימיקלים,IL,ספארק נוזל לניקוי כל,מיליליטרים,700.00,"100 מ""ל",false,,10.90,1.5571,true,1,87206
7290107280761,false,נוזל לניקוי כלים בניחוח לימון רענן סנו ספארק Spark,מיוצר עי קונדיטוריית,IL,סנו ספארק משאבה לימו,מיליליטרים,1000.00,"100 מ""ל",false,,13.90,1.3900,true,1,130589
7290107280822,false,סנו ריצפז פרש הום 2 ליטר בניחוח ספא,סנו פרש Fresh,IL,ריצפז פרש הום ספא מר,ליטרים,2.00,ליטר,false,,25.90,12.9500,true,1,87786
7290107340526,false,מטען בית טייפ סי,,,מטען טייפסי IMX,יחידה,0.00,יחידה,false,,39.90,0.0000,true,1,139397
7290107341356,false,כבל אייפון imx,,,כבל אייפון IMX,יחידה,0.00,יחידה,false,,19.90,0.0000,true,1,140043
7290107871297,false,אוסם - מיני פריכונים עשבי תיבול 25 גרם,"מיוצר ע""י PT, משווק",IL,פירכונים מיני עשבי ת,גרמים,25.00,100 גרם,false,,4.70,18.8000,true,1,87396
7290107874427,false,אוסם - מיני פריכונים זעתר 25 גרם,פרח תעשיות מזון,IL,פריכונים מיני זעתר א,גרמים,25.00,100 גרם,false,,4.70,18.8000,true,1,87398
7290107874441,false,פריכונים מיני בצל מקורמל אסם 25ג',"מיוצר ע""י PT, משווק",IL,פריכונים מיני בצל מק,גרמים,25.00,100 גרם,false,,4.70,18.8000,true,1,87399
7290107874502,false,ביסלי גריל מארז 4 יח' * 55 ג' אסם,מיוצר עי קונדיטוריית,IL,ביסלי גריל מארז אסם,גרמים,220.00,100 גרם,false,,13.90,6.3182,true,1,91588
7290107875271,false,ביסלי ברביקיו מארז 4 יח' * 55 ג' אסם,,,ביסלי ברביקיו מארז א,גרמים,220.00,100 גרם,false,,13.90,6.3182,true,1,91589
7290107875820,false,קרוטונים אפויים בתיבול ביתי אוסם 180 ג',עינת תעשיות מזון,IL,קרוטונים אפויים בתיב,גרמים,180.00,100 גרם,false,,13.50,7.5000,true,1,118146
7290107879521,false,קרחוני לה פרוטה La Frutta תות שדה - 5 יח',גלידות נסטלה Nestle,IL,מאגדת לה פרוטה תות 5,יחידה,0.00,יחידה,false,,26.90,0.0000,true,1,90958
7290107879569,false,קרחון לה פרוטה שרבט מנגו מאגדת 5יח',גלידות נסטלה Nestle,IL,מאגדת לה פרוטה מנגו,יחידה,0.00,יחידה,false,,26.90,0.0000,true,1,90959
7290107931397,false,כיף כף פצפוצים ביסקוויט 40ג',שולן צ'יקולטה גידה ס,TR,כיף כף פצפצים 40גר,גרמים,40.00,100 גרם,false,,5.90,14.7500,true,1,91263
7290107932080,false,חלב בבקבוק 3% שומן 1 ל' יוטבתה,מחלבת יטבתה,IL,חלב 3% מועשר בבקבוק,מיליליטרים,1000.00,"100 מ""ל",false,,7.90,0.7900,true,1,89858
7290107932134,false,חלב בבקבוק 1% שומן 1 ל' יוטבתה,מחלבת יטבתה,IL,חלב מועשר 1% בבקבוק,מיליליטרים,1000.00,"100 מ""ל",false,,7.90,0.7900,true,1,89851
7290107933155,false,לקט סלנובה טעם הטבע,שטראוס בריאות ירקות,IL,לקט סלנובה 200גר,גרמים,200.00,100 גרם,false,,14.90,7.4500,true,1,90785
7290107934473,false,מארז 8 יח' אקטיביה יוגורט קרמי 1.5% שומן,דנונה - שטראוס,IL,אקטיביה מארז שמינייה,גרמים,1200.00,100 גרם,false,,21.90,1.8250,true,1,89520
7290107936309,false,דנונה יוגורט 7% יווני לבן 130 ג',"שטראוס בריאות בע""מ",IL,דנונה יווני לבן 130ג,גרמים,130.00,100 גרם,false,,3.80,2.9231,true,1,114183
7290107936460,false,מארז 8 יח' דנכול משקה יוגורט בטעם מעודן,מיוצר עי קונדיטוריית,IL,דנכול מארז שמינייה מ,גרמים,800.00,100 גרם,false,,31.90,3.9875,true,1,91379
7290107936958,false,עד חצות ביסקוויט אצבעות שוקולד 125 גרם,הדקלאים אגודת שיתופי,FR,עד חצות ביסקוויט אצב,גרמים,125.00,100 גרם,false,,11.90,9.5200,true,1,118698
7290107936965,false,עד חצות עוגיות עיגולים 225 גר',ביסקווטרי עוגיות סנט,FR,עד חצות ביסקוויט עיג,גרמים,225.00,100 גרם,false,,14.90,6.6222,true,1,118700
7290107937542,false,משקה יוגורט אקטיביה עם תות 1.2% שומן,מיוצר עי קונדיטוריית,IL,אקטיביה משקה תות 1.2,גרמים,265.00,100 גרם,false,,5.50,2.0755,true,1,91491
7290107937856,false,קפסולות 11חזק למכונות נספרסו עלית 10יח',הנסיך- מפעל לייצור ט,IL,קפסולות עלית מס 11 ל,יחידה,0.00,יחידה,false,,19.90,0.0000,true,1,113983
7290107938396,false,"אקטימל משקה פרוביוטי תות 100X8 מ""ל",מיוצר עי קונדיטוריית,IL,אקטימל תות שמינייה ב,גרמים,864.00,100 גרם,false,,21.90,2.5347,true,1,91916
7290107939027,false,גזר דק דק ירקות שטרא,שטראוס בריאות ירקות,IL,גזר דק דק ירקות שטרא,גרמים,250.00,100 גרם,false,,7.90,3.1600,true,1,115481
7290107940030,false,חומוס אחלה 650 גר',,,*מבצע* חומוס אחלה 65,גרמים,650.00,100 גרם,false,,8.90,1.3692,true,1,120453
7290107940467,false,אקטיביה יוגורט 1.5% שומן 200 ג' דנונה,מיוצר עי קונדיטוריית,IL,אקטיביה יוגורט קרמי,גרמים,200.00,100 גרם,false,,3.90,1.9500,true,1,91919
7290107941259,false,עדשים ירוקות מבושלות,הורקסה לס לגונס דה ס,IL,עדשים ירוקות מבושלות,גרמים,475.00,100 גרם,false,,11.90,2.5053,true,1,115482
7290107941266,false,שעועית אדומה שטראוס,הורקסה לס לגונס דה ס,IL,שעועית אדומה מבושלת,גרמים,475.00,100 גרם,false,,14.90,3.1368,true,1,115483
7290107941273,false,חומוס מבושל טעם הטבע,הורקסה לס לגונס דה ס,IL,חומוס מבושל שטראוס 4,גרמים,475.00,100 גרם,false,,11.90,2.5053,true,1,115484
7290107943369,false,קוואקר שיבולת שועל ללא גלוטן 511 גר'.,היידי שוקולד בירונטי,US,קוואקר שיבולת שועל ל,גרמים,511.00,100 גרם,false,,19.90,3.8943,true,1,118437
7290107944472,false,סימפוניה גבינה במרקם שמנת 5% שום שמיר,"שטראוס בריאות בע""מ",IL,סימפוניה שום שמיר 5%,גרמים,200.00,100 גרם,false,,11.90,5.9500,true,1,114674
7290107945165,false,קונפיטורה משמש יד מרדכי 340 ג',אף.סי תבליני בגליל ב,IL,קונפיטורת משמש יד מר,גרמים,340.00,100 גרם,false,,14.90,4.3824,true,1,116224
7290107950190,false,מעדן חלב דל קלוריות בטעם שוקולד מריר 0.5% שומן,מיוצר עי קונדיטוריית,IL,מעדן שטראוס דיאט שוק,גרמים,130.00,100 גרם,false,,3.40,2.6154,true,1,114173
7290107950206,false,מעדן חלב דל קלוריות בטעם שוקולד 0% שומן,מיוצר עי קונדיטוריית,IL,מעדן שטראוס דיאט שוק,גרמים,130.00,100 גרם,false,,3.40,2.6154,true,1,114353
7290107956925,false,קפסולות 13 אוגנדה למכונת נספרסו עלית 10יח',שטראוס קפה בי.וי,IL,קפסולות אוגנדה מס 13,יחידה,0.00,יחידה,false,,19.90,0.0000,true,1,122294
7290107956932,false,קפסולות 12 אינדונזיה למכונות NESPRESSO,שטראוס קפה בי.וי,IL,קפסולות קפה עלית איד,גרמים,50.00,100 גרם,false,,19.90,39.8000,true,1,118703
7290107957991,false,מילקי CAKE מיניס קרם חלב בציפוי שוקולד חלב שקית 16X9ג',בובארד איטליה אס.פי.,IT,מארז מילקי מיניס קיי,גרמים,144.00,100 גרם,false,,14.90,10.3472,true,1,122073
7290107958035,false,יוגורט במתיקות מעודנת 2% ללא תוספת סוכר- מארז 8 יח,דנונה - שטראוס,IL,דנונה מארז שמינייה מ,גרמים,1200.00,100 גרם,false,,19.90,1.6583,true,1,119102
7290107958639,false,מטבוחה אחלה מרוקאית חריפה 400 גר',מיוצר עי קונדיטוריית,IL,מטבוחה מרוקאית חריפה,גרמים,400.00,100 גרם,false,,16.90,4.2250,true,1,119103
7290107974820,false,ממרח מתובל ספייסי מאסטר שף 248 ג',מאסטר שף,,ממרח מתובל ספייסי מא,גרמים,250.00,100 גרם,false,,8.90,3.5600,true,1,114371
7290107974837,false,ממרח מתובל שום מאסטר שף 253ג',מאסטר שף,,ממרח מתובל שום מאסטר,גרמים,250.00,100 גרם,false,,8.90,3.5600,true,1,114372
7290107977456,false,"פלמוליב - ג'ל רחצה ושמפו ספורט לגבר 750 מ""ל",קולגייט פלמוליב,TR,פלמוליב לגבר ג'ל רחצ,מיליליטרים,750.00,"100 מ""ל",false,,21.90,2.9200,true,1,132927
7290108201864,false,קולון קפסולות ג'ל כביסה 28 יח,קולון Colon,,קולון קפסולות לכביסה,יחידה,0.00,יחידה,false,,29.90,0.0000,true,1,138369
7290108350128,false,סנו סושי שקיות אשפה חזקות במיוחד 40 יח',מיוצר עי קונדיטוריית,IL,שקיות אשפה סנו סושי,יח',40.00,יח',false,,29.90,0.7475,true,1,88777
7290108350616,false,סנו - מקסימה מרכך כביסה מרוכז פריחה כחולה 1 ליטר,"סנו מפעלי ברונוס בע""",IL,סנו מקסימה בלו בלוסו,מיליליטרים,1000.00,"100 מ""ל",false,,19.90,1.9900,true,1,91673
7290108350623,false,מרכך כביסה סופר מרוכז סופט סילק מקסימה 1 ל' סנו,"סנו מפעלי ברונוס בע""",IL,סנו מקסימה סופט סילק,מיליליטרים,1000.00,"100 מ""ל",false,,19.90,1.9900,true,1,91674
7290108350715,false,"סנו פורטה FREE נוזל מרוכז להסרת שומנים 750 מ""ל",,,סנו פורטה פרי נוזל מ,מיליליטרים,750.00,"100 מ""ל",false,,16.90,2.2533,true,1,114831
7290108351156,false,סנו - ג'ט לניקוי כללי ורצפות בתוספת חומץ 1.5 ליטר,"סנו מפעלי ברונוס בע""",IL,סנו ג'ט פלוס לניקוי,ליטרים,1.50,ליטר,false,,15.90,10.6000,true,1,116255
7290108351552,false,"סנו - ג'ט לניקוי כללי בתוספת חומץ בניחוח לבנדר 750 מ""ל","סנו מפעלי ברונוס בע""",IL,סנו ג'ט פלוס עם חומץ,מיליליטרים,750.00,"100 מ""ל",false,,14.90,1.9867,true,1,119152
7290108351569,false,מבשם ומרכך למייבש כביסה Baby לתינוקות ולעור רגיש,"איי, בי, אינבוו",IL,סנו מקסימה למייבש בי,מיליליטרים,750.00,"100 מ""ל",false,,21.90,2.9200,true,1,118145
7290108351583,false,"סנו - ג'ט פלוס חומץ ג'ל לניקוי אסלות לבנדר 750 מ""ל",טרופיקל דגיל תעשיות,IL,סנו גט+לניקוי אסלות,מיליליטרים,750.00,"100 מ""ל",false,,14.90,1.9867,true,1,121427
7290108351613,false,סנו ריצפז פרש הום 2 ליטר בניחוח מלון חלומי,"סנו מפעלי ברונוס בע""",IL,ריצפז פרש הום בניחוח,ליטרים,2.00,ליטר,false,,25.90,12.9500,true,1,119164
7290108351699,false,סנו - ג'ט מטליות לחות לניקוי כללי בתוספת חומץ לבנדר שלישיה,סנו מפעלי ברונוס על,IL,מגבוני ניקוי ג'ט +חו,יחידה,0.00,יחידה,false,,21.90,0.0000,true,1,137070
7290108351804,false,סנו - מקסימה מרכך כביסה מרוכז ג'נטל בריז 1 ליטר,מיוצר עי קונדיטוריית,IL,סנו מקסימה סופר מרוכ,מיליליטרים,1000.00,"100 מ""ל",false,,19.90,1.9900,true,1,129909
7290108351811,false,מקסימה מרכך כביסה סופר מרוכז פלור טאצ' 1 ליטר,מיוצר עי קונדיטוריית,IL,סנו מקסימה סופר מרוכ,מיליליטרים,1000.00,"100 מ""ל",false,,19.90,1.9900,true,1,129910
7290108351972,false,"סנו פרש הום פרש הום מלון בוטיק 200 מ""ל",מיוצר עי קונדיטוריית,IL,מטהר אוויר מלון בוטי,יחידה,0.00,יחידה,false,,14.90,0.0000,true,1,137509
7290108351989,false,"סנו פרש הום פרש הום מלון מפנק 200 מ""ל",מיוצר עי קונדיטוריית,IL,מטהר אוויר מלון מפנק,יחידה,0.00,יחידה,false,,14.90,0.0000,true,1,137510
7290108352085,false,"אורביטול - מי פה שוקינג פרש 500 מ""ל",טרופיקל דגיל תעשיות,IL,אורביטול שטיפת פה שו,מטרים,500.00,100 מ'ל,false,,19.90,3.9800,true,1,139350
7290108352153,false,"סנובון נוזלי בניחוח לוטוס וסחלב 750 מ""ל",מיוצר עי קונדיטוריית,IL,סנובון נוזלי בניחוח,מיליליטרים,750.00,"100 מ""ל",false,,11.90,1.5867,true,1,138542
7290108352207,false,קפסולות כביסה מקסימה פלורל 40 יח' סנו,טרופיקל דגיל תעשיות,IL,סנו מקסימה 40 קפסולו,יח',40.00,יח',false,,35.90,0.8975,true,1,138883
7290108352214,false,סנו - מקסימה קפסולות כביסה בניחוח בריזה מרעננת 40 יח',טרופיקל דגיל תעשיות,IL,סנו מקסימה 40 קפסולו,יח',40.00,יח',false,,35.90,0.8975,true,1,138884
7290108352252,false,נוזל לניקוי כלים מתאים לניקוי ירקות ופירות סנו ספארק,"סנו מפעלי ברונוס בע""",IL,סנו ספארק לניקוי כלי,מיליליטרים,1000.00,"100 מ""ל",false,,13.90,1.3900,true,1,139348
7290108352276,false,מטליות לחיטוי ולניקוי רצפות 70*40 + פתח למגב,"סנו מפעלי ברונס בע""מ",IL,מטליות לחיטוי וניקוי,יחידה,0.00,יחידה,false,,16.90,0.0000,true,1,138389
7290108352290,false,שלישיית מטליות לחיטוי ולניקוי לחדר האמבטיה,מיוצר עי קונדיטוריית,IL,מטליות שלישייה לחיטו,יחידה,0.00,יחידה,false,,19.90,0.0000,true,1,138393
7290108352337,false,"סנו - פרש מילוי למטהר אוויר מלון מפנק 250 מ""ל",מיוצר עי קונדיטוריית,IL,סנו פרש הום אוטומטיק,מיליליטרים,250.00,"100 מ""ל",false,,16.90,6.7600,true,1,138543
7290108352528,false,"מתז לחיטוי וניקוי חדר האמבטיה 99.9% 750 מ""ל","איי, בי, אינבוו",IL,מתז 99.9% לחיטוי וני,מטרים,750.00,100 מ'ל,false,,17.90,2.3867,true,1,142250
7290108352535,false,סנו - מקסימה דפי בישום לחים למייבש הכביסה בניחוח מרכך כביסה,סנו מקסימה,IL,מקסימה דפי בישום למי,יח',20.00,יח',false,,13.90,0.6950,true,1,143816
7290108352672,false,מטלית הפלא לריצפה זוג סנו סושי,סנו מפעלי ברונוס.,CN,מטלית הפלא לריצפה סנ,יחידה,0.00,יחידה,false,,22.90,0.0000,true,1,137505
7290108352818,false,מטלית במבוק לניקוי דוחה ריחות רעים,טרופיקל דגיל תעשיות,CN,סנו סושי מטליות במבו,יחידה,0.00,יחידה,false,,9.90,0.0000,true,1,123338
7290108352825,false,ספוג הפלא נירוסטה סנו סושי 3יח',s.k.a.t ltdסנו מפעלי,CN,ספוג הפלא נירוסטה סנ,יחידה,0.00,יחידה,false,,11.90,0.0000,true,1,137507
7290108352849,false,שלישיית מטליות הפלא לניקוי כללי דקור סנו סושי,טרופיקל דגיל תעשיות,CN,סנו סושי מטלית הפלא,יח',3.00,יח',false,,16.90,5.6333,true,1,141434
7290108353068,false,ספוג הפלא נירוסטה עם סיבי קירצוף סנו סושי 2 יח',מיוצר עי קונדיטוריית,CN,כריות סיבי הירוסטה ס,יחידה,0.00,יחידה,false,,11.90,0.0000,true,1,137508
7290108353099,false,ממחטות אף במארז ניילון סנו סופט 5 יח' * 100 דף,טרופיקל דגיל תעשיות,CN,סנו סופט ממחטות אף ב,יחידה,0.00,יחידה,false,,17.90,0.0000,true,1,137269
7290108353686,false,מטלית חלומית לריצפה מיקרופייבר,נינגבו סנבנג,CN,מטלית חלומית לרצפה ס,יחידה,0.00,יחידה,false,,11.90,0.0000,true,1,140912
7290108353785,false,תחליב רחצה נקה 7 בניחוח טונקה,נקה 7,,נקה 7 תחליב רחצה ריט,מיליליטרים,750.00,"100 מ""ל",false,,13.90,1.8533,true,1,140904
7290108353792,false,"תחליב רחצה נקה יפן פריחת הדובדבנים 750 מ""ל",קוסמופארם בע''מ,IL,נקה 7 תחליב רחצה - פ,מיליליטרים,750.00,"100 מ""ל",false,,13.90,1.8533,true,1,140191
7290108353808,false,"תחליב רחצה נקה מדגסקר בניחות אמבר 750 מ""ל",קוסמופארם בע''מ,IL,נקה 7 תחליב רחצה -ני,מיליליטרים,750.00,"100 מ""ל",false,,13.90,1.8533,true,1,140192
7290108353907,false,"קרמה - דאודורנט רול און לאישה קרמה קלאסי 75 מ""ל","קוסמופארם בע""מ",IL,קרמה דאודורנט רול או,מיליליטרים,75.00,"100 מ""ל",false,,15.90,21.2000,true,1,140183
7290108353952,false,"קרמה - דאודורנט ספריי לאישה קרמה קלאסי 150 מ""ל",קרמה Crema,IL,קרמה דאודורנט ספריי,מיליליטרים,150.00,"100 מ""ל",false,,15.90,10.6000,true,1,143377
7290108353983,false,"קרמה - קרם גוף קרמה קלאסי 500 מ""ל",טרופיקל דגיל תעשיות,IL,קרמה קרם גוף קלאסי 5,מיליליטרים,500.00,"100 מ""ל",false,,26.90,5.3800,true,1,140199
7290108354034,false,"סבון ידיים חמאת שיאה וקוקוי 300 מ""ל קרמה",טרופיקל דגיל תעשיות,IL,קרמה סבון ידיים חמאת,מיליליטרים,300.00,"100 מ""ל",false,,11.90,3.9667,true,1,140186
7290108354270,false,מרכך כביסה מרוכז בבישום עוצמתי 1 ל' סנו מקסימה,מיוצר עי קונדיטוריית,IL,מקסימה מרכך כביסה מר,מיליליטרים,1000.00,"100 מ""ל",false,,19.90,1.9900,true,1,143712
7290108354430,false,"שמפו כיף לשיקום והזנה שמן קוקוס וקרטין 700 מ""ל",קוסמופארם בעמ,IL,כיף שמפו לשיער שמן ק,מיליליטרים,700.00,"100 מ""ל",false,,13.90,1.9857,true,1,140913
7290108354447,false,"מרכך כיף לשיקום והזנה שמן קוקוס וקרטין 700 מ""ל",גוד פוד פרודקטס S.p,IL,כיף מרכך לשיער שמן ק,מיליליטרים,700.00,"100 מ""ל",false,,13.90,1.9857,true,1,140914
7290108354751,false,"סנו - ג'ט מרסס לניקוי כללי בתוספת אבקת סודה 750 מ""ל","סנו מפעלי ברונוס בע""",IL,סנו ג'ט פלוס עם חומץ,מיליליטרים,750.00,"100 מ""ל",false,,14.90,1.9867,true,1,122903
7290108354911,false,"שמפו, ג'ל רחצה וגילוח מועשר בתמצית אלוורה",טרופיקל דגיל תעשיות,IL,קרמה מן 3 ב-1 -שמפו,מטרים,700.00,100 מ'ל,false,,18.90,2.7000,true,1,138156
7290108354973,false,"סבון ידיים ורד ווניל קרמה 300 מ""ל",טרופיקל דגיל תעשיות,IL,קרמה סבון ידיים ורד,מיליליטרים,300.00,"100 מ""ל",false,,11.90,3.9667,true,1,140187
7290108355017,false,"נקה 7 - מרכך לשיער מיניונים 750 מ""ל",נקה 7,,נקה 7 קידס מרכך מיני,מיליליטרים,750.00,"100 מ""ל",false,,12.90,1.7200,true,1,91405
7290108355024,false,"שמפו ומרכך מיניונים קידס נקה 7 750 מ""ל",קוסמופארם בע''מ,IL,נקה 7 קידס שמפו+מרכך,מיליליטרים,750.00,"100 מ""ל",false,,12.90,1.7200,true,1,125427
7290108355178,false,"קרמה - קרם ידיים חמאת שיאה וקוקוי 100 מ""ל",קוסמופארם,IL,קרמה קרם ידיים חמאת,מיליליטרים,100.00,"100 מ""ל",false,,10.00,10.0000,true,1,140885
7290108355307,false,"נקה 7 - שמפו סירוק קל רוזמרין 750 מ""ל",גוד פוד פרודקטס S.p,IL,נקה 7 שמפו סירוק קל,מיליליטרים,750.00,"100 מ""ל",false,,12.90,1.7200,true,1,137273
7290108356045,false,"כיף תחליב רחצה בניחות גלידת סוכריות גלי 700 מ""ל",כיף,,כיף תחליב רחצה בניחו,מיליליטרים,700.00,"100 מ""ל",false,,13.90,1.9857,true,1,123342
7290108356106,false,"תחליב רחצה כיף שקדים 700 מ""ל",קריות זול,IL,כיף תחליב רחצה שקד 7,מיליליטרים,700.00,"100 מ""ל",false,,13.90,1.9857,true,1,122957
7290108356113,false,"כיף תחליב רחצה דבש 700 מ""ל-מרכז",קוסמופארם בעמ,IL,כיף תחליב רחצה דבש 7,מיליליטרים,700.00,"100 מ""ל",false,,13.90,1.9857,true,1,122958
7290108356120,false,"כיף תחליב רחצה קוקוס וניל 700 מ""ל",קריות זול,IL,כיף תחליב רחצה קוקוס,מיליליטרים,700.00,"100 מ""ל",false,,13.90,1.9857,true,1,122959
7290108356137,false,"כיף - תחליב רחצה לבנדר 700 מ""ל",קריות זול,IL,כיף תחליב רחצה לבנדר,מיליליטרים,700.00,"100 מ""ל",false,,13.90,1.9857,true,1,122960
7290108356151,false,"תחליב רחצה כיף מאסק יסמין 700 מ""ל",גוד פוד פרודקטס S.p,IL,כיף תחליב רחצה מאסק,מיליליטרים,700.00,"100 מ""ל",false,,13.90,1.9857,true,1,122961
7290108356274,false,"כיף - מוס רחצה בניחוח תותים ושמנת 150 מ""ל",כיף,,כיף מוס רחצה בניחוח,מיליליטרים,150.00,"100 מ""ל",false,,13.90,9.2667,true,1,143817
7290108356298,false,"כיף - מוס רחצה בניחוח קרם עוגיות 150 מ""ל",כיף,,כיף מוס רחצה בניחוח,מיליליטרים,150.00,"100 מ""ל",false,,13.90,9.2667,true,1,143818
7290108357004,false,"שמפו כיף ורד ושמן קוקוי 700 מ""ל",טרופיקל דגיל תעשיות,IL,כיף שמפו לשיער ורד ו,מיליליטרים,700.00,"100 מ""ל",false,,13.90,1.9857,true,1,137081
7290108357011,false,"מרכך כיף ורד ושמן קוקוי 700 מ""ל",טרופיקל דגיל תעשיות,IL,כיף מרכך לשיער ורד ו,מיליליטרים,700.00,"100 מ""ל",false,,13.90,1.9857,true,1,137082
7290108357028,false,"כיף תחליב רחצה ורד ושמן קוקוי 700 מ""ל",קוסמופארם בעמ,IL,כיף תחליב רחצה ורד ו,מיליליטרים,700.00,"100 מ""ל",false,,13.90,1.9857,true,1,137083
7290108357189,false,"מבשם ומרכך למייבש הכביסה מקסימה פלורל 750 מ""ל סנו","סנו מפעלי ברונוס בע""",IL,סנו מקסימה למייבש פל,מיליליטרים,750.00,"100 מ""ל",false,,19.90,2.6533,true,1,137084
7290108357226,false,"אוקסיגן POWER אבקה לכביסה לבנה והסרת כתמים 1.4 ק""ג סנו",,IL,סנו אוקסיג'ן פאוור א,גרמים,1400.00,100 גרם,false,,29.90,2.1357,true,1,144770
7290108357400,false,"תחליב רחצה קרמה לבנדר ואקליפטוס 700 מ""ל",קרמה Crema,,קרמה תחליב רחצה לבנד,מיליליטרים,700.00,"100 מ""ל",false,,18.90,2.7000,true,1,140195
7290108357516,false,"קרמה - סבון ידיים וניל ופלפל ורוד 500 מ""ל",,,קרמה סבון ידיים וניל,מיליליטרים,500.00,"100 מ""ל",false,,16.90,3.3800,true,1,143375
7290108357653,false,סבון ג'ל לאסלה בניחוח אוקיינוס 3 יח' סנו,קריות זול,,סנובון באבלס בניחוח,מיליליטרים,0.00,"מ""ל",false,,17.90,0.0000,true,1,147067
7290108357660,false,סבון ג'ל לאסלה בניחוח לבנדר 3 יח' סנו,קריות זול,,סנובון באבלס בניחוח,מיליליטרים,0.00,"מ""ל",false,,17.90,0.0000,true,1,147068
7290108357707,false,"כיף שמפו לשיער רגיל-תפוח זרעי צ'יה 700 מ""ל",גוד פוד פרודקטס S.p,IL,כיף שמפו לשיער רגיל,מיליליטרים,700.00,"100 מ""ל",false,,13.90,1.9857,true,1,123604
7290108357769,false,"מרכך לשיער רגיל תפוח וזרעי צ'יה 700 מ""ל כיף",גוד פוד פרודקטס S.p,IL,כיף מרכך לשיער רגיל,מיליליטרים,700.00,"100 מ""ל",false,,13.90,1.9857,true,1,123607
7290108357875,false,"כיף - שמפו לחות מוגברת עם אפרסק וחמאת מורומורו 700 מ""ל",קוסמופארם,IL,כיף שמפו לחות מוגברת,מיליליטרים,700.00,"100 מ""ל",false,,13.90,1.9857,true,1,144978
7290108357882,false,"כיף - מרכך לחות מוגברת עם אפרסק וחמאת מורומורו 700 מ""ל",קוסמופארם,IL,כיף מרכך לחות מוגברת,מיליליטרים,700.00,"100 מ""ל",false,,13.90,1.9857,true,1,144979
7290108358070,false,"תחליב רחצה קרמה קלאסי 700 מ""ל",גוד פוד פרודקטס S.p,IL,קרמה תחליב רחצה קלאס,מיליליטרים,700.00,"100 מ""ל",false,,18.90,2.7000,true,1,140197
7290108358087,false,"תחליב רחצה קרמה מאסק 700 מ""ל",גוד פוד פרודקטס S.p,IL,קרמה תחליב רחצה מאסק,מיליליטרים,700.00,"100 מ""ל",false,,19.90,2.8429,true,1,140198
7290108358124,false,דפי בישום לחים למייבש הכביסה בניחוח מרכך כביסה 20 יח' מקסימה,,IL,מקסימה דפי בישום לחי,יח',20.00,יח',false,,13.90,0.6950,true,1,147064
7290108359060,false,כריות לניקוי כלים לשבת סנו סושי 4 יח',סנו,IL,סנו סושי כריות ניקוי,יח',4.00,יח',false,,12.90,3.2250,true,1,143815
7290108359145,false,סושי דפי ספוג הפלא 12יח',קריות זול,IL,סושי דפי ספוג הפלא 1,יחידה,0.00,יחידה,false,,12.90,0.0000,true,1,147066
7290108359176,false,סופט ממחטות אף 3 שכבות 200יח,סנו,,סופט ממחטות אף 3 שכב,גרמים,0.00,גרם,false,,16.90,0.0000,true,1,147065
7290108359190,false,סנו סושי מגבות נייר בגליל כפול פי 3,סנו,IL,סנו סושי מגבות הפלא,יחידה,0.00,יחידה,false,,25.90,0.0000,true,1,147474
7290108359831,false,"כיף - בייבי כיף שמן 500 מ""ל","מיוצר ומשווק ע""י קוס",IL,בייבי כיף שמן גוף 5,מיליליטרים,500.00,"100 מ""ל",false,,25.90,5.1800,true,1,122662
7290108359855,false,"בייבי כיף שמפו אל דמע 750 מ""ל",גוד פוד פרודקטס S.p,IL,שמפו אל דמע בייבי כי,מיליליטרים,750.00,"100 מ""ל",false,,16.90,2.2533,true,1,122655
7290108359879,false,"כיף - בייבי אלסבון 750 מ""ל",קוסמופארם בעמ,IL,בייבי כיף אל סבון 7,מיליליטרים,750.00,"100 מ""ל",false,,16.90,2.2533,true,1,122656
7290108359985,false,סנו - ז'אוול מרסס קצף לניקוי וחינו בניחוח פריחה לבנה 1 ליטר,סנו ז'אוול Javel,IL,סנו ז'אוול קצף ניקוי,מיליליטרים,1000.00,"100 מ""ל",false,,21.90,2.1900,true,1,144984
7290108501346,false,גבינה מגורדת גאודה 500 גר',Euro יורו מחלבות אירופה,IL,גבינת גאודה מגורדת 2,גרמים,500.00,100 גרם,false,,25.90,5.1800,true,1,120584
7290108501407,false,גבינת צדר מיושנת וינ,וויקה פארמס אל.טי.די,GB,גבינת צדר מיושנת וינ,גרמים,200.00,100 גרם,false,,19.90,9.9500,true,1,122102
7290108501827,false,קדאיף שערות בצק 450 גר',הנסיך- מפעל לייצור ט,GR,שערות קדאיף בצק 450ג,גרמים,450.00,100 גרם,false,,19.90,4.4222,true,1,121055
7290108502305,false,גבינת גרדה פדנו משולש 150 גר`וילי פוד,וילי פוד,IT,גבינה גרנה פדנו משול,גרמים,150.00,100 גרם,false,,22.90,15.2667,true,1,122682
7290108502541,false,גבינת שמנת טבעי 200ג' EURO CHEESE,קסוס אל פסטור,TR,גבינת שמנת טבעי יורו,גרמים,200.00,100 גרם,false,,13.90,6.9500,true,1,122088
7290108503043,false,תפוחונים חטיף פלחים מיובשים מארז 22X4ג',ינטאי זונגקאן פוד קו,CN,מארז תפוחונים 4*22 ג,גרמים,88.00,100 גרם,false,,15.90,18.0682,true,1,122681
7290108503067,false,פרמזנו משולש ויליפוד,וילי פוד,IL,פרמזנו משולש 150 גרם,גרמים,150.00,100 גרם,false,,15.90,10.6000,true,1,122685
7290108503159,false,גבינה כחולה עם עובש 100 גר,קסוס אל פסטור,ES,גבינה כחולה עם עובש,גרמים,100.00,100 גרם,false,,15.90,15.9000,true,1,122686
7290108503982,false,פרוסות גבינה בטעם צ''דר לכריכים וטוסטים 150 ג',,ES,פרוסות גבינה 150ג בט,גרמים,150.00,100 גרם,false,,9.90,6.6000,true,1,141035
7290108503999,false,פרוסות גבינה 150גרם בטעם גאודה לכריכים וטוסטים,,,פרוסות גבינה 150ג בט,גרמים,150.00,100 גרם,false,,9.90,6.6000,true,1,141036
7290108504279,false,קשקבל צ'אנק יורו ציז,ג.וילי פוד אינטרנשיו,ES,קשקבל צ'אנק יורו ציז,גרמים,150.00,100 גרם,false,,15.90,10.6000,true,1,125342
7290108505160,false,יוגורט+אגסים 150 גרם 4% שומן - דלתא,Euro יורו מחלבות אירופה,GR,יוגורט עם אגסים 4% ש,גרמים,150.00,100 גרם,false,,6.90,4.6000,true,1,138788
7290108505214,false,יוגורט עם אפרסק 0% שומן 150 ג',Euro יורו מחלבות אירופה,GR,יוגורט עם אפרסק 0% ש,גרמים,150.00,100 גרם,false,,6.90,4.6000,true,1,138791
7290108505726,false,גבינה חצי קשה-אצבעות,סאסו פטוראגס קומטויס,TR,אצבעות גבינה חצי קשה,גרמים,200.00,100 גרם,false,,14.90,7.4500,true,1,138781
7290108505733,false,צמות - גבינה חצי קשה 25% שומן 200 ג',אונטד גידה,TR,צמות גבינה חצי קשה 2,גרמים,200.00,100 גרם,false,,14.90,7.4500,true,1,138780
7290108505740,false,גבינת קשקבל קשה למחצה 25% שומן,Euro יורו מחלבות אירופה,TR,גבינת קשקבל חצי קשה,גרמים,200.00,100 גרם,false,,14.90,7.4500,true,1,138782
7290108506709,false,גבינת פרמג'יאנו רג'יאנו 150 גר' רבנות,וילי פוד,IT,גבינת פרמג'נו רג'אנו,גרמים,150.00,100 גרם,false,,24.90,16.6000,true,1,138784
7290108508499,false,"איירן משקה יוגורט בסגנון טורקי יורו 293 מ""ל",Euro יורו מחלבות אירופה,TR,איירן משקה יוגורט בס,מיליליטרים,293.00,"100 מ""ל",false,,5.90,2.0137,true,1,142195
7290108508963,false,גבינת קשקבל מגורדת 25% שומן,Euro יורו מחלבות אירופה,TR,גבינת קשקבל מגורדת ח,גרמים,200.00,100 גרם,false,,14.90,7.4500,true,1,142200
7290108509106,false,"גבינה בולגרית מעודנת בקוביות 13% שומן 200 ג' חת""ס פ""ת",קוליוס,TW,גבינה בולגרית מעודנת,גרמים,500.00,100 גרם,false,,12.90,2.5800,true,1,144557
7290108509113,false,"גבינה בולגרית מעודנת 18% שומן 250 גרם חת""ס פ""ת",Euro יורו מחלבות אירופה,TR,גבינה בולגרית מעודנת,גרמים,250.00,100 גרם,false,,12.90,5.1600,true,1,144558
7290108509571,false,גבינה מלוחה עם צ'ילי ופפריקה 24% 153גרם,,GR,גבינה מלוחה 24% עם צ,גרמים,153.00,100 גרם,false,,16.90,11.0458,true,1,147216
7290108509588,false,גבינה מלוחה עם עשבי תיבול 24% 153גרם,,GR,גבינה מלוחה 24% עם ע,גרמים,153.00,100 גרם,false,,16.90,11.0458,true,1,147217
7290108509595,false,גבינה מלוחה עם ריחן 24% 153גרם,,GR,גבינה מלוחה 24% עם ע,גרמים,153.00,100 גרם,false,,16.90,11.0458,true,1,147215
7290108509700,false,אורז פרסי דאווט 1 קג,אל טי פוד,IN,"אורז פרסי דאווט 1 ק""",מיליליטרים,1000.00,"100 מ""ל",false,,10.90,1.0900,true,1,144553
7290109351971,false,פריכיות דגנים פיטנס מצופות שוקולד חלב,נסטלה Nestle,IL,פריכיות שוקולד חלב פ,גרמים,84.00,100 גרם,false,,14.90,17.7381,true,1,113482
7290109354057,false,קרחוני לה פרוטה La Frutta בטעמי אננס תפוז- 5 יח',תות תעשיות מזון (201,IL,מאגדת לה פרוטה תפוז,גרמים,350.00,100 גרם,false,,26.90,7.6857,true,1,91587
7290109354101,false,לחמית ללא גלוטן 200 ג' אסם,אסם,IL,לחמית ללא גלוטן אסם,גרמים,200.00,100 גרם,false,,11.90,5.9500,true,1,117665
7290109358482,false,עוגיות קרמוגית במילוי קרם בטעם חלבה,היינץ צפון אמריקה מק,IL,קרמוגית במילוי חלווה,גרמים,200.00,100 גרם,false,,12.90,6.4500,true,1,123077
7290109358567,false,ספגטי פלוס אסם 400 ג,קריות זול,IT,ספגטי פלוס אסם 400 ג,גרמים,400.00,100 גרם,false,,7.60,1.9000,true,1,117020
7290109580043,false,"שניצל תירס קלאסי זוגלובק 1.75 ק""ג",זוגלובק,IL,"שניצל תירס 1.75ק""ג ז",גרמים,1750.00,100 גרם,false,,49.90,2.8514,true,1,140541
7290109580210,false,נקנקיות ריינהולד'ס הצרפתיה זוגלובק 300 ג',זוגלובק,IL,נקניקיות הצרפתיה ריי,גרמים,300.00,100 גרם,false,,19.90,6.6333,true,1,144417
7290109580227,false,נקניקיות עוף ובקר בסגנון ברלינאי קאריוורסט,זוגלובק,IL,נקניקיות קאריוורסט ר,גרמים,300.00,100 גרם,false,,19.90,6.6333,true,1,144418
7290109580241,false,נאגטס מן הצומח 500 ג' זוגלובק,זוגלובק טבע,IL,נאגטס מן הצומח 500גר,גרמים,500.00,100 גרם,false,,25.90,5.1800,true,1,145908
7290109580432,false,פסטרמה חזה הודו מעושן 120 גר' זוגלובק,זוגלובק,IL,פסטרמה בדחזה הודו מע,גרמים,120.00,100 גרם,false,,14.90,12.4167,true,1,145906
7290109920146,false,"דורגול מסיר אבנית מקומקומים 750 מ""ל",דורינג,,דורגול מסיר אבנית 75,מיליליטרים,750.00,"100 מ""ל",false,,21.90,2.9200,true,1,113555
7290109920757,false,הפי מרכך לכביסה מרוכז ורדים 1ל',מיפא,,הפי מרכך כביסה מרוכז,מיליליטרים,1000.00,"100 מ""ל",false,,10.90,1.0900,true,1,118905
7290109920849,false,"אסטוניש - מרסס לניקוי כללי בניחוח תפוז 750 מ""ל",יעקבי- אסטוניש Astonish,,אסטוניש תפוז לניקוי,מיליליטרים,750.00,"100 מ""ל",false,,16.90,2.2533,true,1,118915
7290109921372,false,אסטוניש משחה לניקוי תנורים ספוג 250 ג',אסטוניש,GB,אסטוניש משחה לתנור+ס,יחידה,0.00,יחידה,false,,15.90,0.0000,true,1,123831
7290109923048,false,"אסטוניש - מרסס פרמיום ארומטיק לכל הבית 750 מ""ל",,,אסטוניש מרסס פרמיום,מיליליטרים,750.00,"100 מ""ל",false,,15.90,2.1200,true,1,145005
7290109923147,false,"פלא של אקונומיקה 750 מ""ל אסטוניש",יעקבי- אסטוניש Astonish,,אסטוניש מרסס פלא של,מיליליטרים,750.00,"100 מ""ל",false,,15.90,2.1200,true,1,145662
7290110110369,false,בירה קרלסברג לומה LUMA שישייה,מבשלות בירה בינלאומי,IL,בירה קרלסברג לומה בק,מיליליטרים,1980.00,"100 מ""ל",false,,38.90,1.9646,true,1,139344
7290110110574,false,"קוקה קולה זירו לימון פחית 330 מ""ל",החברה המרכזית לייצור,IL,קוקה קולה סליק זירו,מיליליטרים,330.00,"100 מ""ל",false,,7.00,2.1212,true,1,121462
7290110110659,false,"ספרייט לימון ליים פחית 330מ""ל",החברה המרכזית לייצור,IL,"ספרייט סליק 330 מ""ל",מיליליטרים,330.00,"100 מ""ל",false,,7.00,2.1212,true,1,120589
7290110110703,false,"ספרייט 6 פחיות *330 מ""ל FRIDGE-PACK",קוקה קולה,IL,ספרייט מארז פחיות 6*,מיליליטרים,1980.00,"100 מ""ל",false,,29.90,1.5101,true,1,120587
7290110111809,false,"מארז פאנטה אורנג' 330 מ""ל * 6 יח'",החברה המרכזית לייצור,IL,פאנטה אורנג' פחיות ש,מיליליטרים,1980.00,"100 מ""ל",false,,29.90,1.5101,true,1,124162
7290110113261,false,נקטר אושן ספריי 19 קלוריות חמוציות 1 ליטר,קריות זול,IL,אושן ספריי 19 קלוריו,מיליליטרים,1000.00,"100 מ""ל",false,,13.90,1.3900,true,1,144040
7290110114787,false,נביעות + תפוח 1.5 ליטר פיקדון,נביעות טבע הגליל בעמ,IL,נביעות+ תפוח 1.5ליטר,מיליליטרים,1500.00,"100 מ""ל",false,,9.90,0.6600,true,1,144270
7290110114794,false,נביעות + אפרסק 1.5 ליטר פיקדון,"נביעות טבע הגליל בע""",IL,נביעות+ אפרסק 1.5ליט,מיליליטרים,1500.00,"100 מ""ל",false,,9.90,0.6600,true,1,144271
7290110114800,false,נביעות + ענבים 1.5 ליטר פיקדון,"נביעות טבע הגליל בע""",IL,נביעות+ ענבים 1.5ליט,מיליליטרים,1500.00,"100 מ""ל",false,,9.90,0.6600,true,1,144272
7290110114824,false,נביעות+רכיבי פרי אבטיח 1.5 ליטר פיקדון,"נביעות טבע הגליל בע""",IL,נביעות+רכיבי פרי אבט,מיליליטרים,1500.00,"100 מ""ל",false,,10.90,0.7267,true,1,144274
7290110114855,false,"נביעות מים מינרליים, שישיה 6 * 1.5 ליטר פקדון",נביעות טבע הגליל בעמ,IL,נביעות שישייה 6*1.5ל,מיליליטרים,9000.00,"100 מ""ל",false,,14.70,0.1633,true,1,144141
7290110114961,false,מיץ בטעם תפוזים 1.5ל' פריגת,מבשלות בירה בינלאומי,IL,משקה קל בטעם תפוזים,מיליליטרים,1500.00,"100 מ""ל",false,,9.90,0.6600,true,1,144277
7290110114985,false,פריגת אשכולית 1.5 ליטר פיקדון,מבשלות בירה בינלאומי,IL,משקה קל בטעם אשכוליו,מיליליטרים,1500.00,"100 מ""ל",false,,9.90,0.6600,true,1,144279
7290110114992,false,פריגת light אשכולית 1.5 ליטר פיקדון,מבשלות בירה בינלאומי,IL,פריגת אשכולית לייט 1,מיליליטרים,1500.00,"100 מ""ל",false,,9.90,0.6600,true,1,144280
7290110115005,false,פריגת ענבים 1.5 ליטר פיקדון,מבשלות בירה בינלאומי,IL,משקה קל בטעם ענבים פ,מיליליטרים,1500.00,"100 מ""ל",false,,9.90,0.6600,true,1,144281
7290110115012,false,מיץ ענבים בניחוח מרלו 1.5 ל' פריגת,פריגת,IL,משקה קל בטעם מרלו ענ,מיליליטרים,1500.00,"100 מ""ל",false,,9.90,0.6600,true,1,144282
7290110115036,false,פריגת מנגו 1.5 ליטר פיקדון,מבשלות בירה בינלאומי,IL,פריגת משקה קל מנגו,מיליליטרים,1500.00,"100 מ""ל",false,,9.90,0.6600,true,1,144284
7290110115043,false,פריגת לימונענע 1.5 ליטר פיקדון,מבשלות בירה בינלאומי,IL,משקה קל בטעם לימונענ,מיליליטרים,1500.00,"100 מ""ל",false,,9.90,0.6600,true,1,144285
7290110115050,false,פריגת מיקס תות בננה 1.5 ליטר פיקדון,מבשלות בירה בינלאומי,IL,פריגת משקה קל תות-בנ,מיליליטרים,1500.00,"100 מ""ל",false,,9.90,0.6600,true,1,144286
7290110115081,false,פריגת צלול ענבים 1.5 ליטר פיקדון,מבשלות בירה לישראל ב,IL,פריגת צלול ענבים 1.5,מיליליטרים,1500.00,"100 מ""ל",false,,9.90,0.6600,true,1,144290
7290110115180,false,מים מינרליים נביעות,"נביעות טבע הגליל בע""",IL,נביעות 1.5 ליטר,מיליליטרים,1500.00,"100 מ""ל",false,,2.90,0.1933,true,1,144372
7290110115203,false,קוקה קולה 1.5 ליטר פיקדון,קוקה קולה Coca Cola,IL,קוקה קולה 1.5 ליטר,מיליליטרים,1500.00,"100 מ""ל",false,,9.50,0.6333,true,1,144147
7290110115210,false,דיאט קוקה קולה 1.5 ליטר פיקדון,קוקה קולה Coca Cola,IL,קוקה קולה דיאט 1.5ל,מיליליטרים,1500.00,"100 מ""ל",false,,9.50,0.6333,true,1,144148
7290110115227,false,קולה ZERO 1.5 ליטר פיקדון,קוקה קולה Coca Cola,IL,קוקה קולה זירו בקבוק,מיליליטרים,1500.00,"100 מ""ל",false,,9.50,0.6333,true,1,144149
7290110115234,false,קולה ZERO נטול 1.5 ליטר פיקדון,החברה המרכזית לייצור,IL,קוקה קולה זירו נטול,מיליליטרים,1500.00,"100 מ""ל",false,,9.50,0.6333,true,1,144150
7290110115241,false,קוקה קולה זירו לימון 1.5 ליטר,החברה המרכזית לייצור,IL,קוקה קולה זירו לימון,מיליליטרים,1500.00,"100 מ""ל",false,,9.50,0.6333,true,1,144151
7290110115265,false,ספרייט 1.5 ליטר LIME פיקדון,החברה המרכזית לייצור,IL,ספרייט ליים 1.5ליטר,מיליליטרים,1500.00,"100 מ""ל",false,,9.50,0.6333,true,1,144246
7290110115272,false,ZERO ספרייט זירו 1.5 ליטר פיקדון,החברה המרכזית לייצור,IL,ספרייט זירו 1.5 ליטר,מיליליטרים,1500.00,"100 מ""ל",false,,9.50,0.6333,true,1,144247
7290110115296,false,פאנטה אורנג' 1.5 ליטר פיקדון,החברה המרכזית לייצור,IL,פאנטה אורנג׳ 1.5 ליט,מיליליטרים,1500.00,"100 מ""ל",false,,9.50,0.6333,true,1,144296
7290110115302,false,פאנטה ZERO אורנג' 1.5 ליטר פיקדון,החברה המרכזית לייצור,IL,פאנטה אורנג׳ זירו 1.,מיליליטרים,1500.00,"100 מ""ל",false,,9.50,0.6333,true,1,144297
7290110115326,false,פאנטה אורנג' מנגו 1.5 ליטר פיקדון,החברה המרכזית לייצור,IL,פאנטה אורנג' מנגו 1.,מיליליטרים,1500.00,"100 מ""ל",false,,9.50,0.6333,true,1,144301
7290110115357,false,קינלי סודה 1.5 ליטר פיקדון,קריות זול,,קינלי סודה 1.5ליטר,מיליליטרים,1500.00,"100 מ""ל",false,,4.80,0.3200,true,1,144250
7290110115364,false,קוקה קולה שישיות 1.5 ליטר פיקדון,החברה המרכזית לייצור,IL,קוקה קולה שישייה 6*1,מיליליטרים,9000.00,"100 מ""ל",false,,53.90,0.5989,true,1,144153
7290110115371,false,דיאט קוקה קולה שישיות 1.5 ליטר פיקדון,החברה המרכזית לייצור,IL,קוקה קולה דיאט שישיי,מיליליטרים,9000.00,"100 מ""ל",false,,53.90,0.5989,true,1,144154
7290110115395,false,ZERO ספרייט שישיות 1.5 ליטר פיקדון,החברה המרכזית לייצור,IL,ספרייט זירו שישייה 6,מיליליטרים,9000.00,"100 מ""ל",false,,53.90,0.5989,true,1,144299
7290110115401,false,קינלי סודה שישייה 1.5 ליטר פיקדון,החברה המרכזית לייצור,IL,קינלי סודה מארז שישי,מיליליטרים,9000.00,"100 מ""ל",false,,21.70,0.2411,true,1,144305
7290110115418,false,מארז שישייה קוקה קולה זירו 1.5 ל',החברה המרכזית לייצור,IL,קוקה קולה זירו שישיי,מיליליטרים,9000.00,"100 מ""ל",false,,53.90,0.5989,true,1,144244
7290110115425,false,FUZE TEA גרין לימונענע -נענע 1.5 ליטר פיקדון,מבשלות בירה בינלאומי,IL,פיוז טי גרין לימון נ,מיליליטרים,1500.00,"100 מ""ל",false,,10.90,0.7267,true,1,144251
7290110115449,false,אייס תה בטעם מנגו אננס 1.5ל' FUZE TEA,מבשלות בירה בינלאומי,IL,פיוז טי תה קר בטעם מ,מיליליטרים,1500.00,"100 מ""ל",false,,10.90,0.7267,true,1,144254
7290110115456,false,"תה קר בטעם אפרסק 19 קלוריות ב- 100 מ""ל",מבשלות בירה בינלאומי,IL,פיוז טי אפרסק 19קלור,מיליליטרים,1500.00,"100 מ""ל",false,,10.90,0.7267,true,1,144255
7290110115463,false,אייס תה בטעם אפרסק 1.5ל' FUZE TEA,מבשלות בירה בינלאומי,IL,פיוז תה 1.5 ליטר בטע,מיליליטרים,1500.00,"100 מ""ל",false,,10.90,0.7267,true,1,144256
7290110115494,false,אייס תה בטעם ענבים 1.5ל' FUZE TEA,מבשלות בירה בינלאומי,IL,פיוז טי תה קר בטעם ע,מיליליטרים,1500.00,"100 מ""ל",false,,10.90,0.7267,true,1,144258
7290110115593,false,פריגת אשכוליות 40% פחות סוכר 1.5 ליטר פיקדון,מבשלות בירה בינלאומי,IL,פריגת אשכולית 40% פח,מיליליטרים,1500.00,"100 מ""ל",false,,9.90,0.6600,true,1,144289
7290110115616,false,FUZE tea zero גרין אננס 1.5 ליטר פיקדון,מבשלות בירה בינלאומי,IL,פיוז טי זירו גרין אנ,מיליליטרים,1500.00,"100 מ""ל",false,,10.90,0.7267,true,1,144261
7290110115623,false,משקה פיוז טי זירו ZERO בטעם אפרסק,מבשלות בירה בינלאומי,IL,פיוז טי זירו אפרסק 1,מיליליטרים,1500.00,"100 מ""ל",false,,10.90,0.7267,true,1,144262
7290110115777,false,מים מינרלים נביעות 1.5 ל,נביעות,,נביעות 1.5 ליטר,מיליליטרים,1500.00,"100 מ""ל",false,,2.90,0.1933,true,1,144373
7290110115821,false,"ספרייט לימון, 1.5 ליטר פקדון",כלורוקס אוקלנד,IL,ספרייט ליים 1.5ליטר,מיליליטרים,1500.00,"100 מ""ל",false,,9.50,0.6333,true,1,144391
7290110115838,false,"ספרייט זירו, 1.5 ליטר פקדון","אינסטנטה בע""מ",IL,ספרייט זירו 1.5 ליטר,מיליליטרים,1500.00,"100 מ""ל",false,,9.50,0.6333,true,1,144392
7290110115845,false,קוקה קולה 1.5 ליטר פיקדון,"אינסטנטה בע""מ",IL,קוקה קולה 1.5 ליטר,מיליליטרים,1500.00,"100 מ""ל",false,,9.50,0.6333,true,1,144368
7290110115852,false,קוקה קולה דיאט בקבוק,תות תעשיות מזון (201,IL,קוקה קולה דיאט 1.5ל,מיליליטרים,1500.00,"100 מ""ל",false,,9.50,0.6333,true,1,144388
7290110115869,false,קוקה קולה זירו 1.5 ליטר פיקדון,תות תעשיות מזון (201,IL,קוקה קולה זירו בקבוק,מיליליטרים,1500.00,"100 מ""ל",false,,9.50,0.6333,true,1,144369
7290110115876,false,סודה קינלי 1.5 ליטר,"אינסטנטה בע""מ",IL,קינלי סודה 1.5ליטר,מיליליטרים,1500.00,"100 מ""ל",false,,4.80,0.3200,true,1,144393
7290110115968,false,קוקה קולה 1ליטר,קוקה קולה,,קוקה קולה 1ליטר,מיליליטרים,1000.00,"100 מ""ל",false,,7.70,0.7700,true,1,144982
7290110115975,false,קוקה קולה זירו בקבוק,החברה המרכזית לייצור,IL,קוקה קולה זירו 1ליטר,מיליליטרים,1000.00,"100 מ""ל",false,,7.70,0.7700,true,1,144988
7290110116156,false,נביעות+ רכיבי פרי מנגו פסיפלורה 1.5 ליטר,נביעות,IL,נביעות+רכיבי פרי מנג,מיליליטרים,1500.00,"100 מ""ל",false,,10.90,0.7267,true,1,146577
7290110116170,false,נביעות+ רכיבי פרי קוקוס אננס 1.5 ליטר,נביעות,IL,נביעות+רכיבי פרי קוק,מיליליטרים,1500.00,"100 מ""ל",false,,10.90,0.7267,true,1,146578
7290110116194,false,"מים לימון ליים 0 קלוריות, 1.5 ל נביעות","נביעות טבע הגליל בע""",IL,נביעות+לימון ליים 0,מיליליטרים,1500.00,"100 מ""ל",false,,10.90,0.7267,true,1,146579
7290110116552,false,ספרייט לימון היט 1.5 ליטר LIME פיקדון,החברה המרכזית לייצור,IL,ספרייט למון היט 1.5ל,מיליליטרים,1500.00,"100 מ""ל",false,,9.50,0.6333,true,1,147275
7290110116569,false,"ספרייט זירו ZERO בק LEMON HIT, 1.5 ליטר",החברה המרכזית לייצור,IL,ספרייט למון היט זירו,מיליליטרים,1500.00,"100 מ""ל",false,,9.50,0.6333,true,1,147276
7290110320591,false,גבינה בולגרית מעודנת 16%,פיראוס,IL,בולגרית 16% במרקם מע,גרמים,250.00,100 גרם,false,,24.90,9.9600,true,1,116920
7290110320683,false,משקה יוגורט בטעם תות 1.5% - מארז 8 יח',מיוצר עי קונדיטוריית,IL,יופלה משקה 360 בטעם,גרמים,856.00,100 גרם,false,,18.90,2.2079,true,1,118629
7290110320744,false,גבינת גרנה פדנו 150ג,תנובה,IT,גרנה פדנו פלח 150 גר,גרמים,150.00,100 גרם,false,,25.50,17.0000,true,1,120915
7290110320850,false,פתיתים גבינה חצי קשה מגורדת 28% שומן,תנובה מרכז שיתופי לש,IL,פתיתי עמק 28% שומן 2,גרמים,200.00,100 גרם,false,,16.90,8.4500,true,1,118758
7290110320867,false,פתיתים גבינה חצי קשה מגורדת 28% שומן,תנובה מרכז שיתופי לש,IL,פתיתי עמק 28% שומן 5,גרמים,500.00,100 גרם,false,,37.90,7.5800,true,1,119803
7290110320935,false,גבינת מוצרלה תנובה 150ג' פרוסות,תנובה מרכז שיתופי לש,IL,פרוסות מוצרלה 150גר,גרמים,200.00,100 גרם,false,,17.70,8.8500,true,1,118523
7290110321031,false,מעדן חלב GO יוגורט מועשר בחלבון טבעי 200 ג' יופלה,"תנובה, מחלבת אלון תב",IL,יוגורט גו טבעי 200 מ,גרמים,200.00,100 גרם,false,,5.90,2.9500,true,1,118519
7290110321277,false,קוטג' בקטנה % 5 100 ג' תנובה,פארייפאבה אגרואינדוס,IL,קוטג בקטנה 5% מהדרין,גרמים,100.00,100 גרם,false,,2.90,2.9000,true,1,119757
7290110321284,false,קוטג' בקטנה 9% 100 ג' תנובה,פארייפאבה אגרואינדוס,IL,קוטג בקטנה 9% מהדרין,גרמים,100.00,100 גרם,false,,2.90,2.9000,true,1,119758
7290110321680,false,יוגורט GO בטעם תות 20 גרם חלבון בגביע,מיוצר עי קונדיטוריית,IL,יוגורט גו תות 200 מל,גרמים,200.00,100 גרם,false,,6.40,3.2000,true,1,119983
7290110321697,false,יוגורט GO בטעם אפרסק 20 גרם חלבון בגביע,מיוצר עי קונדיטוריית,IL,יוגורט גו אפרסק 200,גרמים,200.00,100 גרם,false,,6.40,3.2000,true,1,119984
7290110321703,false,יוגורט GO בטעם פירות יער 20 גרם חלבון בגביע,מיוצר עי קונדיטוריית,IL,יוגורט גו פירות יער,מיליליטרים,200.00,"100 מ""ל",false,,6.40,3.2000,true,1,121635
7290110322014,false,טופו בטעם טבעי תנובה ALTERNATIVE,שוורצקוף& הנקל דיסלד,IL,טופו טבעי 300 גרם,גרמים,300.00,100 גרם,false,,13.70,4.5667,true,1,121636
7290110322038,false,טופו פיקנטי תנובה ALTERNATIVE,תנובה Alternative,IL,טופו פיקנטי 300 גרם,גרמים,300.00,100 גרם,false,,13.70,4.5667,true,1,121638
7290110322946,false,יופלה טיוב יוגורט במרקם חלק בטעם תות בננה כשרות רבנות 348 ג',,,יוגורט טיוב תות בננה,גרמים,348.00,100 גרם,false,,13.20,3.7931,true,1,122592
7290110323301,false,טל העמק בסגנון אמנטל 32% שומן 200 גרם,עמק - תנובה,IL,גבינת טל עמק 32% שומ,גרמים,200.00,100 גרם,false,,19.90,9.9500,true,1,123355
7290110323592,false,יופלה יוגורט עם אפרסק מופחת קלוריות 200 ג' GO,יופלה Yoplait,,יוגורט גו לייט אפרסק,גרמים,200.00,100 גרם,false,,6.40,3.2000,true,1,122845
7290110323714,false,משקה קוקוס שקדים תנובה E אלטרנטיב,מיוצר עי קונדיטוריית,IL,משקה קוקוס שקדים 1 ל,מיליליטרים,1000.00,"100 מ""ל",false,,13.50,1.3500,true,1,123349
7290110324551,false,יופלה טיוב יוגורט במרקם חלק בטעם תות 348 ג',יופלה Yoplait,IL,יוגורט טיוב תות מהדר,גרמים,348.00,100 גרם,false,,13.20,3.7931,true,1,123690
7290110324711,false,ממרח סויה בטעם טבעי 9% שומן אלטרנטיב,מיוצר עי קונדיטוריית,IL,ממרח סויה 9% בטעם טב,גרמים,250.00,100 גרם,false,,9.70,3.8800,true,1,124638
7290110324728,false,ממרח סויה עם שום שמיר 9% שומן אלטרנטיב,מיוצר עי קונדיטוריית,IL,ממרח סויה 9% עם שום,גרמים,250.00,100 גרם,false,,9.70,3.8800,true,1,124639
7290110324841,false,מעדן שקדים עם שוקולד מריר אלטרנטיב,מיוצר עי קונדיטוריית,IL,מעדן שקדים עם שוקולד,גרמים,125.00,100 גרם,false,,4.70,3.7600,true,1,132193
7290110324858,false,מעדן שקדים בטעם אגוזי לוז אלטרנטיב,מיוצר עי קונדיטוריית,IL,מעדן שקדים בטעם אגוז,גרמים,125.00,100 גרם,false,,4.70,3.7600,true,1,132194
7290110324872,false,גבינה צהובה גלבוע 5% שומן 200 גרם,גלבוע - תנובה,IL,גבינה צהובה גלבוע 5%,גרמים,200.00,100 גרם,false,,18.90,9.4500,true,1,132189
7290110324926,false,משקה סויה ללא תוספת סוכר E אלטרנטיב,תנובה מרכז שיתופי לש,IL,משקה סויה ללא תוספת,מיליליטרים,1000.00,"100 מ""ל",false,,12.90,1.2900,true,1,131938
7290110325114,false,"משקה יוגורט יופלה גו לייט תות בננה 250 מ""ל - רבנות",מיוצר עי קונדיטוריית,IL,משקה גו לייט תות בננ,מיליליטרים,250.00,"100 מ""ל",false,,7.00,2.8000,true,1,129695
7290110325121,false,משקה יוגורט יופלה גו לייט מנגו אננס,"תנובה בע""מ",IL,משקה גו לייט מנגו אנ,מיליליטרים,250.00,"100 מ""ל",false,,7.00,2.8000,true,1,129696
7290110325169,false,פרוסות גבינת גאודה 30%,תנובה,IL,פרוסות גאודה 170 גרם,גרמים,170.00,100 גרם,false,,20.90,12.2941,true,1,138320
7290110325312,false,מעדן סויה GO מועשר בחלבון בטעם תות,"תנובה בע""מ",IL,מעדן גו סויה בטעם תו,מיליליטרים,200.00,"100 מ""ל",false,,6.50,3.2500,true,1,132196
7290110325619,false,משקה שיבולת שועל תנובה E אלטרנטיב,מיוצר עי קונדיטוריית,IL,משקה שיבולת שועל 1 ל,מיליליטרים,1000.00,"100 מ""ל",false,,13.50,1.3500,true,1,136983
7290110325701,false,פיראוס צזיקי יווני 9% שומן על בסיס יוגורט,גוד פוד פרודקטס S.p,IL,פיראוס צזיקי יווני 9,גרמים,250.00,100 גרם,false,,13.90,5.5600,true,1,137408
7290110325879,false,פתיתי גאודה 200 ג' תנובה,תנובה- השף הלבן,IL,פתיתי גאודה 200 גרם,גרמים,200.00,100 גרם,false,,18.50,9.2500,true,1,138371
7290110325893,false,משקה חלב GO מועשר בחלבון בטעם אייס קפה,מיוצר עי קונדיטוריית,IL,משקה חלב גו אייס קפה,מיליליטרים,340.00,"100 מ""ל",false,,8.90,2.6176,true,1,136981
7290110326210,false,יופלה און טופ פצפוצים 157 גרם.,מיוצר עי קונדיטוריית,IL,יוגורט און טופ פצפוצ,גרמים,157.00,100 גרם,false,,5.40,3.4395,true,1,138313
7290110326234,false,יוגורט און טופ כוכבים 157 ג' יופלה,מיוצר עי קונדיטוריית,IL,יופלה און טופ כוכבים,גרמים,157.00,100 גרם,false,,5.40,3.4395,true,1,138315
7290110326333,false,פרוסות גבינה בסגנון סקנדינבי 31%,פ.פ.ח. שאביט,IL,פרוסות גבינה סקנדינב,גרמים,170.00,100 גרם,false,,20.90,12.2941,true,1,140352
7290110326906,false,חלב נטול לקטוז 3% 1 ליטר,מיוצר עי קונדיטוריית,IL,חלב נטול לקטוז 3% שו,מיליליטרים,1000.00,"100 מ""ל",false,,7.80,0.7800,true,1,140369
7290110327033,false,משקה סויה גו מועשר בחלבון במתיקות מופחתת 1 ליטר,מיוצר עי קונדיטוריית,IL,משקה סויה תנובה גו ח,מיליליטרים,1000.00,"100 מ""ל",false,,13.50,1.3500,true,1,139993
7290110327514,false,משקה שיבולת שועל בטעם אגוזי לוז 1 ליטר אלטרנטיב,תנובה מרכז שיתופי לש,IL,משקה שיבולת שועל בטע,מיליליטרים,1000.00,"100 מ""ל",false,,13.50,1.3500,true,1,142928
7290110327545,false,מעדן און טופ תות פצפוצים מצופים שוקולד 157ג' יופלה,מיוצר עי קונדיטוריית,IL,יופלה און טופ בטעם ת,גרמים,157.00,100 גרם,false,,4.90,3.1210,true,1,140787
7290110327798,false,חטיף חלבון GO - שוקולד 60 ג' חלב נוכרי - רבנות,"בלמונט קונפקציות בע""",US,חטיף חלבון גו בטעם ש,יחידה,0.00,יחידה,false,,12.90,0.0000,true,1,142632
7290110327804,false,חטיף חלבון GO - עוגיות 60 ג' חלב נוכרי - רבנות,"בלמונט קונפקציות בע""",US,חטיף חלבון גו בטעם ע,יחידה,0.00,יחידה,false,,12.90,0.0000,true,1,142633
7290110327811,false,חטיף חלבון GO - קוקוס 60 ג' חלב נוכרי - רבנות,"בלמונט קונפקציות בע""",US,חטיף חלבון גו בטעם ק,יחידה,0.00,יחידה,false,,12.90,0.0000,true,1,142634
7290110327828,false,חטיף חלבון GO - חמאת בוטנים 60 ג' חלב נוכרי - רבנות,"בלמונט קונפקציות בע""",US,חטיף חלבון גו בטעם ח,יחידה,0.00,יחידה,false,,12.90,0.0000,true,1,142635
7290110328580,false,יוגורט ביו 5% 200 ג' תנובה,מיוצר עי קונדיטוריית,IL,יוגורט טבעי 5% תנובה,גרמים,200.00,100 גרם,false,,3.30,1.6500,true,1,143994
7290110328610,false,משקה אורז ושקדים בריסטה אלטרנטיב 1 ליטר,תנובה Alternative,IL,משקה אורז ושקדים ברי,מיליליטרים,1000.00,"100 מ""ל",false,,12.80,1.2800,true,1,145652
7290110328627,false,יוגורט יופלה GO במרקם סמיך בטעם בננה קרמל 0%,מיוצר עי קונדיטוריית,IL,יוגורט גו סמיך בננה,גרמים,200.00,100 גרם,false,,6.40,3.2000,true,1,142543
7290110328764,false,יוגורט יופלה GO במרקם סמיך עם תות 0%,מיוצר עי קונדיטוריית,IL,יוגורט גו סמיך תות 0,גרמים,200.00,100 גרם,false,,6.40,3.2000,true,1,142544
7290110328771,false,יוגורט יופלה GO במרקם סמיך עם פירות יער 0%,מיוצר עי קונדיטוריית,IL,יוגורט גו סמיך פירות,גרמים,200.00,100 גרם,false,,6.40,3.2000,true,1,142545
7290110328788,false,יוגורט יופלה GO במרקם סמיך בטעם אפרסק 0%,תנובה מרכז שיתופי לש,IL,יוגורט גו סמיך אפרסק,גרמים,200.00,100 גרם,false,,6.40,3.2000,true,1,142542
7290110329266,false,יוגורט תנובה מחלב עיזים מלא תנובה 140 ג',קריות זול,IL,יוגורט תנובה מחלב עי,מיליליטרים,140.00,"100 מ""ל",false,,6.60,4.7143,true,1,142926
7290110329273,false,יוגורט מחלב עיזים מלא תנובה 750 ג',תנובה,IL,יוגורט תנובה מחלב עי,מיליליטרים,750.00,"100 מ""ל",false,,23.50,3.1333,true,1,142927
7290110329303,false,פרוסות צהובה 200 גרם אלטרנטיב אלטרנטיב,תנובה Alternative,IL,פרוסות בטעם גבינה צה,גרמים,200.00,100 גרם,false,,22.90,11.4500,true,1,142929
7290110329433,false,טופו טבעי 250 גרם עם רוטב סוצ'אן 60 מל,תנובה,IL,טופו טבעי עם רוטב סצ,גרמים,250.00,100 גרם,false,,14.90,5.9600,true,1,145654
7290110329686,false,"משקה חלב בטעם עוגיות 340 מ""ל GO",מיוצר עי קונדיטוריית,IL,משקה חלב גו בטעם עוג,מיליליטרים,340.00,"100 מ""ל",false,,8.90,2.6176,true,1,143923
7290110329709,false,יוגורט תנובה 0% שומן,מיוצר עי קונדיטוריית,IL,יוגורט טבעי 0% תנובה,גרמים,200.00,100 גרם,false,,3.30,1.6500,true,1,143995
7290110329716,false,משקה קפה קר בטעם קפוצ'ינו 230 ג' תנובה,תנובה מרכז שיתופי לש,IL,משקה קפה קר בטעם קפו,מיליליטרים,230.00,"100 מ""ל",false,,7.90,3.4348,true,1,145548
7290110329792,false,יוגורט סויה BIO Alternative אפרסק 150 ג' תנובה,מיוצר עי קונדיטוריית,IL,סויה ביו אפרסק 150 ג,גרמים,150.00,100 גרם,false,,5.20,3.4667,true,1,144439
7290110329808,false,יוגורט סויה BIO Alternative תות 150 ג' תנובה,מיוצר עי קונדיטוריית,IL,סויה ביו תות 150 ג א,גרמים,150.00,100 גרם,false,,5.20,3.4667,true,1,144440
7290110329815,false,סויה BIO מתיקות מעודנת גביע 150 גרם אלטרנטיב,מיוצר עי קונדיטוריית,IL,סויה ביו מתיקות מעוד,גרמים,150.00,100 גרם,false,,5.20,3.4667,true,1,144441
7290110329822,false,יוגורט סויה BIO Alternative פירות יער 150 ג' תנובה,מיוצר עי קונדיטוריית,IL,סויה ביו פירות יער ג,גרמים,150.00,100 גרם,false,,5.20,3.4667,true,1,144437
7290110329846,false,יוגורט סויה BIO Alternative בטעם טבעי 150 ג' תנובה,תנובה Alternative,IL,סויה ביו טבעי 150 גר,גרמים,150.00,100 גרם,false,,5.20,3.4667,true,1,144442
7290110329914,false,מאגדת משקה שיבולת שועל ושקדים 100 גרם*6 יח' ביו אלטרנטיב,תנובה מרכז שיתופי לש,IL,מאגדת משקה שיבולת שו,גרמים,600.00,100 גרם,false,,21.70,3.6167,true,1,145651
7290110550226,false,מטבעות שוקולד מריר לאפיה 400 ג עלית,שטראוס,IL,מטבעות שוקולד מריר ל,גרמים,400.00,100 גרם,false,,32.90,8.2250,true,1,145405
7290110550363,false,פריכיות משולשות קינואה ומלח ים 65 גרם,Unknown,,אנרג'י פריכיות משולש,גרמים,65.00,100 גרם,false,,10.90,16.7692,true,1,144600
7290110550370,false,פריכיות משולשות קינואה ופלפל שחור 65 גרם,Unknown,,משולשות קינואה ופלפל,גרמים,65.00,100 גרם,false,,10.90,16.7692,true,1,146615
7290110552220,false,יוגורט PRO בטעם תות 0% סוכר לבן 20 גרם חלבון בגביע,"שטראוס בריאות בע""מ",IL,דנונה פרו 20 גרם חלב,גרמים,200.00,100 גרם,false,,6.50,3.2500,true,1,144401
7290110552237,false,יוגורט פרו בטעם אפרסק מנגו ללא סוכר 200 ג' דנונה,"שטראוס בריאות בע""מ",IL,דנונה פרו 20 גרם חלב,גרמים,200.00,100 גרם,false,,6.50,3.2500,true,1,144399
7290110553173,false,אנרג'י - פריכיות בטעם קרמל 40 גרם,סאנורייס בלגיום,IL,פריכיות אנרגי בטעם כ,גרמים,40.00,100 גרם,false,,6.90,17.2500,true,1,146616
7290110553180,false,אנרג'י - פריכיות בטעם תפוח קינמון 40 גרם,סאנורייס בלגיום,IL,פריכיות אנרגי בטעם ת,גרמים,40.00,100 גרם,false,,6.90,17.2500,true,1,146617
7290110553623,false,צ'יטוס קראנצ'י בטעם צ'דר חלפיניו - חלבי,"שטראוס פריטו ליי בע""",IL,ציטוס קראנץ צ'דר חלפ,גרמים,80.00,100 גרם,false,,4.90,6.1250,true,1,146006
7290110554118,false,נודלס מלזי חריף עם טופו וירקות ברוטב קארי ירוק,"טרופיקל דגיל בע""מ אז",IL,נודלס מלזי חריף דליש,גרמים,350.00,100 גרם,false,,28.90,8.2571,true,1,147120
7290110554125,false,נודלס סצ'ואן חריף 350 ג' דלישס,אוכל ביתי ניר עציון,IL,נודלס סצ'ואן חריף 35,גרמים,350.00,100 גרם,false,,28.90,8.2571,true,1,147121
7290110554262,false,חלבית מלבין קפה חלבי 350 ג' עלית,,,מלבין קפה חלבית 350,גרמים,350.00,100 גרם,false,,23.90,6.8286,true,1,144837
7290110554699,false,"קפה עולה קפסולות אספרסו קלייה איטית וכהה מאוד, 10 * 50 ג'",שטראוס קפה בי.וי.,IL,קפסולות נספרסו לקפה,גרמים,50.00,100 גרם,false,,22.90,45.8000,true,1,146894
7290110554712,false,"קפסולות קפה אספרסו קלייה איטית ובהירה, 10 * 50 ג'",,,קפסולות נספרסו לקפה,גרמים,50.00,100 גרם,false,,22.90,45.8000,true,1,146896
7290110555092,false,לאבנה+שמן זית וצ'ילי 250 גרם,"מחלבות בר בכפר בע""מ",IL,לאבנה עם שמן זית וצ',גרמים,250.00,100 גרם,false,,12.90,5.1600,true,1,145674
7290110555603,false,ספלנדיד אבקה להכנת משקה בטעם שוקולטה,"ג'אלוסיס י. בע""מ",GR,אבקה להכנת משקה שוקו,גרמים,360.00,100 גרם,false,,24.90,6.9167,true,1,146930
7290110556242,false,"שוקולד מריר פרווה 100 גר' בד""ץ תוצרת חוץ","שטראוס גרופ בע""מ.",IL,שוקולד מריר פרווה בד,גרמים,100.00,100 גרם,false,,6.90,6.9000,true,1,146618
7290110557102,false,מעדן חלב עם שוקולד מועשר בחלבון 150 ג' שטראוס,מיוצר עי קונדיטוריית,IL,מעדן חלב עם שוקולד 1,גרמים,150.00,100 גרם,false,,5.60,3.7333,true,1,143359
7290110557133,false,מעדן הגולן וניל 125 ג' שטראוס,מיוצר עי קונדיטוריית,IL,מעדן הגולן וניל 125,גרמים,125.00,100 גרם,false,,3.20,2.5600,true,1,143866
7290110557478,false,חומוס גלילי במרקם מעודן 600 גרם,שטראוס,IL,אחלה חומוס גלילי 600,גרמים,600.00,100 גרם,false,,13.90,2.3167,true,1,145427
7290110558130,false,אקטיביה עם שיבולת שועל ודבש 150 ג' דנונה,"שטראוס בריאות בע""מ",IL,אקטיביה עם שיבולת שו,גרמים,150.00,100 גרם,false,,4.90,3.2667,true,1,145913
7290110558215,false,"דנונה קראנצ`פיסטוק עם פיצפוץ לבן קראנצי פיסטוק, 173 גרם","שטראוס בריאות בע""מ",IL,דנונה קראנצ' פיסטוק,גרמים,173.00,100 גרם,false,,4.90,2.8324,true,1,147075
7290110558239,false,"וואו יוגורט עם שכבה בטעם קראק פאי 5.4%, 150 ג דנונה","שטראוס בריאות בע""מ",IL,דנונה WOW קראק פאי 1,גרמים,150.00,100 גרם,false,,4.90,3.2667,true,1,146236
7290110558284,false,יוגורט ביו מולטי 200 ג' דנונה,"שטראוס בריאות בע""מ",IL,דנונה ביו מולטי 200,מיליליטרים,200.00,"100 מ""ל",false,,4.50,2.2500,true,1,146127
7290110558307,false,יוגורט דנונה PRO עם שיבולת שועל במתיקות מעודנת,"שטראוס בריאות בע""מ",IL,דנונה פרו שיבולת שוע,גרמים,200.00,100 גרם,false,,6.70,3.3500,true,1,145342
7290110558314,false,דנונה פרו 20 ג' חלבון ללא סוכר פיסטוק 200 גרם,"שטראוס בריאות בע""מ",IL,דנונה פרו 20 גרם חלב,גרמים,200.00,100 גרם,false,,6.50,3.2500,true,1,146239
7290110558338,false,יוגורט PRO בטעם מתיקות מעודנת 1.5% שומן,"שטראוס בריאות בע""מ",IL,דנונה פרו עם 25 גרם,גרמים,200.00,100 גרם,false,,6.70,3.3500,true,1,145587
7290110558666,false,מעדן גבינה בטעם תפוח 88 ג' דניאלה,"שטראוס בריאות בע""מ",IL,מעדן דניאלה תפוח 150,מיליליטרים,150.00,"100 מ""ל",false,,4.30,2.8667,true,1,147076
7290110559007,false,"שועועית חומה טעם הטבע קופסה, 380 גרם",,,שעועית חומה 380ג טעם,גרמים,380.00,100 גרם,false,,6.90,1.8158,true,1,146285
7290110559014,false,שעועית שחורה טעם הטבע 380ג שטראוס,,,שעועית שחורה 380 גרם,גרמים,380.00,100 גרם,false,,6.90,1.8158,true,1,146287
7290110559939,false,שווארמה מנתחי סויה ו,אוכל ביתי ניר עציון,IL,שווארמה מנתחי סויה ו,גרמים,350.00,100 גרם,false,,28.90,8.2571,true,1,147123
7290110561352,false,דנונה יוגורט ביו פרוביוטי 3% דל לקטוז 150ג',"שטראוס בריאות בע""מ",IL,דנונה ביו דל לקטוז 2,גרמים,200.00,100 גרם,false,,3.80,1.9000,true,1,121031
7290110563448,false,"משקה קפה קר בסגנון מעודן 230 מ""ל 1.6% יוטבתה",האי נאם סי או אל.טי.,AT,משקה קפה קר בסיגנון,גרמים,230.00,100 גרם,false,,7.90,3.4348,true,1,123307
7290110563462,false,חלב בבקבוק נטול לקטוז 2% יטבתה 1 ל',מחלבת יטבתה,IL,חלב 2% בבקבוק נטול ל,מיליליטרים,1000.00,"100 מ""ל",false,,8.90,0.8900,true,1,123644
7290110565435,false,ג'לי לימבו פטל חלבי שטראוס 125ג',STRAUSS-ISRAEL,,לימבו פטל חלבי 125גר,גרמים,125.00,100 גרם,false,,2.40,1.9200,true,1,119615
7290110565527,false,יוגורט PRO פרו 1.5% 20 גרם חלבון בגביע,"שטראוס בריאות בע""מ",IL,דנונה פרו 20 גרם חלב,גרמים,200.00,100 גרם,false,,6.50,3.2500,true,1,119110
7290110566043,false,יוגורט 4.5% שומן 3 ל' שטראוס,"מחלבות בר בכפר בע""מ",IL,יוגורט כד 3 ליטר 4%,מיליליטרים,3000.00,"100 מ""ל",false,,29.90,0.9967,true,1,126376
7290110566623,false,קפסולות קולומביה עלית 08 למכונת נספרסו מארז 5X10ג',שטראוס קפה בי.וי,IL,קפסולות קולומביה מס,יחידה,0.00,יחידה,false,,19.90,0.0000,true,1,121720
7290110566975,false,דנונה פרו יוגורט 0% תות עשיר בחלבון 200ג',"שטראוס בריאות בע""מ",IL,דנונה פרו 20 גרם חלב,גרמים,200.00,100 גרם,false,,6.50,3.2500,true,1,121032
7290110568511,false,קונפיטורה פירות יער במתיקות מעודנת 265 ג' יד מרדכי,קריות זול,FR,קונפיטורת פירות יער,גרמים,265.00,100 גרם,false,,14.90,5.6226,true,1,123780
7290110568627,false,עלית - פסק זמן רול שוקולד חלב עם קרם אגוזים 26 גרם,STRAUSS-ISRAEL,,פסק זמן רול שוקולד ח,גרמים,28.00,100 גרם,false,,5.00,17.8571,true,1,137903
7290110570125,false,"משקה קפה קר בטעם אייריש קרים230 מ""ל יוטבתה",אנסטל מילק kg,AT,משקה קפה קר בטעם איי,מיליליטרים,230.00,"100 מ""ל",false,,7.90,3.4348,true,1,147072
7290110570224,false,משקה קפה קר בטעם עוגיות 230ג' יוטבתה,אנסטל מילק kg,AT,משקה קפה קר בטעם עוג,גרמים,230.00,100 גרם,false,,7.90,3.4348,true,1,146243
7290110571382,false,מעדן חלב בטעם וניל מעושר בחלבון 150 ג' שטראוס,"שטראוס בריאות בע""מ",IL,מעדן חלב בטעם וניל 1,גרמים,150.00,100 גרם,false,,5.60,3.7333,true,1,145244
7290110571474,false,רבע לשבע טבעוני פופקורן 125 ג' עלית,הגביע מוצרי וופלים ב,IL,רבע לשבע טבעוני פופק,גרמים,125.00,100 גרם,false,,13.50,10.8000,true,1,145934
7290110572129,false,כיף כף מקלות שוקולד לבן 40 ג' עלית,עלית,,כיף כיף מקלות שוקולד,גרמים,40.00,100 גרם,false,,5.90,14.7500,true,1,146898
7290110572884,false,"קפסולות קפה מספר 20 למכונת אספרס אספרסו, 50 גרם",שטראוס קפה בי.וי.,IL,קפסולות קפה נספרסו 2,יחידה,0.00,יחידה,false,,19.90,0.0000,true,1,146931
7290110572969,false,כיף כף פצפצים עקרם לבן 40ג' עלית,שולן צ'יקולטה גידה ס,TR,כיף כף פצפצים קרם לב,גרמים,40.00,100 גרם,false,,5.90,14.7500,true,1,146278
7290110574413,false,עלית - פופקורן בטעם טעמי 70 גרם,סראנו עבור שטראוס,קפריסין,פופקורן בטעם טעמי על,גרמים,70.00,100 גרם,false,,7.90,11.2857,true,1,146899
7290110574420,false,עלית - פופקורן בטעם פסק זמן 70 גרם,סראנו עבור שטראוס,קפריסין,פופקורן בטעם פסק זמן,גרמים,70.00,100 גרם,false,,7.90,11.2857,true,1,146900
7290110576318,false,מאגדת שלישיית שוקולד אגוז לבן 300 ג' עלית,עלית,FR,מארז שלישייה שוקולד,גרמים,300.00,100 גרם,false,,25.90,8.6333,true,1,146621
7290110576363,false,"שוקולד ספלנדיד מריר 80% חלבי ,פולי קקאו מאוגנדה",קימ'ס גריפלנן,BE,ספלנדיד שוקולד מריר,גרמים,100.00,100 גרם,false,,11.90,11.9000,true,1,145959
7290110576370,false,מארז שלישייה שוקולד מריר חלבי עם אגוזי לוז,עלית,FR,מארז שלישייה שוקולד,גרמים,300.00,100 גרם,false,,25.90,8.6333,true,1,146622
7290110576752,false,טבלאות שוקולד ספלנדיד מריר 70% 100 ג' עלית,קימ'ס גריפלנן,BE,שוקולד ספלנדיד 70% מ,גרמים,100.00,100 גרם,false,,11.90,11.9000,true,1,146901
7290110576776,false,טבלאות שוקולד ספלנדיד מריר 85% 100 ג' עלית,קימ'ס גריפלנן,BE,שוקולד ספלנדיד 85% מ,גרמים,100.00,100 גרם,false,,11.90,11.9000,true,1,146902
7290110576790,false,סקי בטעם מוקה 125 ג' שטראוס,"שטראוס בריאות בע""מ",IL,סקי גבינת מוקה 125גר,גרמים,125.00,100 גרם,false,,4.00,3.2000,true,1,147077
7290110576851,false,"גמדים לשתיה סלט פירות 8 יח' *100מ""ל",קריות זול,IL,גמדים לשתיה שמינייה,מיליליטרים,864.00,"100 מ""ל",false,,21.20,2.4537,true,1,147073
7290110576868,false,רבעיית גמדים סלט פירוט * 100 ג' שטראוס,קריות זול,IL,גמדים סלט פירות 4*10,גרמים,400.00,100 גרם,false,,11.70,2.9250,true,1,147074
7290110577230,false,משקה חלב בטעם פיסטוק יטבתה 1 ליטר,מחלבת יטבתה,IL,משקה חלב בטעם פיסטוק,מיליליטרים,1000.00,"100 מ""ל",false,,12.30,1.2300,true,1,147070
7290110577711,false,"משקה שייק חלבון מי גבינה עם אפרסק ומנגו350מ""ל יטבתה",מחלבת יטבתה,IL,שייק חלבון מי גבינה,גרמים,350.00,100 גרם,false,,7.70,2.2000,true,1,147390
7290111010194,false,מגבוני תינוקות בייבי,,,מגבוני תינוקות בייבי,יחידה,0.00,יחידה,false,,11.90,0.0000,true,1,123821
7290111010200,false,תיק רב סל,,,תיק רב סל,יחידה,0.00,יחידה,false,,4.90,0.0000,true,1,123617
7290111010248,false,"שמן זית בורגתא 750מ""",Unknown,,"שמן זית בורגתא 750מ""",מיליליטרים,750.00,"100 מ""ל",false,,29.90,3.9867,true,1,124691
7290111010279,false,מגבונים לניקוי כללי,,,מגבונים לניקוי כללי,יחידה,0.00,יחידה,false,,10.00,0.0000,true,1,132826
7290111010323,false,פפריקה מתוקה בשמן סו,,,פפריקה מתוקה בשמן סו,גרמים,400.00,100 גרם,false,,19.90,4.9750,true,1,137713
7290111010439,false,יין פרינס רויאל גוור,,,יין פרינס רויאל גוור,מיליליטרים,750.00,"100 מ""ל",false,,39.90,5.3200,true,1,141034
7290111010590,false,תמרים מלך המגהול 1קג,,,תמרים מלך המגהול 1קג,גרמים,1000.00,100 גרם,false,,19.90,1.9900,true,1,143705
7290111010613,false,"שמן זית בשן 750מ""ל",,,"שמן זית בשן 750מ""ל",מיליליטרים,750.00,"100 מ""ל",false,,29.90,3.9867,true,1,144041
7290111010675,false,יין לוטן לבן חצי יבש,,,יין לוטן לבן חצי יבש,מיליליטרים,750.00,"100 מ""ל",false,,29.90,3.9867,true,1,144804
7290111010699,false,יין יערה קברנה סובינ,,,יין יערה קברנה סובינ,מיליליטרים,750.00,"100 מ""ל",false,,29.90,3.9867,true,1,144806
7290111010712,false,יין יערה שיראז קברנה,,,יין יערה שיראז קברנה,מיליליטרים,750.00,"100 מ""ל",false,,29.90,3.9867,true,1,144807
7290111010767,false,אקונומיקה סן רמו מבו,,,אקונומיקה סן רמו מבו,מיליליטרים,4000.00,"100 מ""ל",false,,14.90,0.3725,true,1,146026
7290111010965,false,נוזל רצפות לבנדר 4 ל,,,נוזל רצפות לבנדר 4 ל,מיליליטרים,4000.00,"100 מ""ל",false,,12.90,0.3225,true,1,146048
7290111011085,false,מטליות לחות לרצפה לב,,,מטליות לחות לרצפה לב,יחידה,0.00,יחידה,false,,10.90,0.0000,true,1,146762
7290111011092,false,מטליות לחות לרצפה מר,,,מטליות לחות לרצפה מר,יחידה,0.00,יחידה,false,,10.90,0.0000,true,1,146763
7290111093005,false,"I-CARE מג'להסרת איפור, 25 יח בפלופק",די פי אל,IL,מגבונים להסרת איפור,יחידה,0.00,יחידה,false,,7.90,0.0000,true,1,131935
7290111093470,false,"קוויק מסיר הפלא ספוגית להסרת כתמים, 3 יחידות",,,*מבצע* קוויק ספוגית,יחידה,0.00,יחידה,false,,9.00,0.0000,true,1,146369
7290111093760,false,קוויק מגבונים לניקוי רצפה בניחוח מרכך כביסה 10 יח',,,קוויק מגבונים לניקוי,יחידה,0.00,יחידה,false,,10.90,0.0000,true,1,144934
7290111285325,false,צלחת במבוק 9 מיני מאוס,,,צלחת במבוק 23 מיני מ,יחידה,0.00,יחידה,false,,9.90,0.0000,true,1,132788
7290111340178,false,מטליות לחות ניקול לניקוי כללי בניחוח מרכך כביסה 50 יח',ניקול,,מטליות לחות לניקוי כ,יח',50.00,יח',false,,10.90,0.2180,true,1,118059
7290111341366,false,מפיות אירוח חד שכבתי 30/30 150 יח',חוגלה קימברלי,SK,מפיות אירוח ניקול 15,יחידה,0.00,יחידה,false,,11.90,0.0000,true,1,136921
7290111341540,false,קוטקס טמפונים אקטיב,קימברלי,IL,קוטקס טמפונים אקטיב,יח',32.00,יח',false,,27.90,0.8719,true,1,129926
7290111341984,false,לילי - מגבוני נייר טואלט לח פיור רביעייה,קימברלי,GB,לילי נייר טואלט לח מ,יחידה,0.00,יחידה,false,,22.90,0.0000,true,1,132023
7290111341991,false,מגבוני טואלט לח סופרים לילי 48 יח',עלבד,,ליל מגבוני נייר טואל,יחידה,0.00,יחידה,false,,8.90,0.0000,true,1,129733
7290111342004,false,נייר טואלט לח קידס 56 יח' לילי,עלבד,,ליל מגבוני נייר טואל,יחידה,0.00,יחידה,false,,8.90,0.0000,true,1,129734
7290111342059,false,מטליות לחות לניקוי משטחים אנטיבקטריאלי,ניקול,IL,מטליות לחות אנטיבקטר,יחידה,0.00,יחידה,false,,12.90,0.0000,true,1,138917
7290111342738,false,לילי - מגבוני נייר טואלט לח קידס רביעייה,,,לילי נייר טואלט לח ק,יחידה,0.00,יחידה,false,,22.90,0.0000,true,1,132854
7290111343117,false,זוג ממחטות לושן סופט קלינקס -140 דף,קימברלי,IL,קלינקס לושן סופט פק,יחידה,0.00,יחידה,false,,14.90,0.0000,true,1,141808
7290111343797,false,מטליות לחות לניקוי חלונות 48 יח' ניקול,עלבד,IL,מטליות לניקוי חלונות,יחידה,0.00,יחידה,false,,10.90,0.0000,true,1,139263
7290111343841,false,ספוגית הקסם נירוסטה - מארז 3 יחידות,ניקול,CN,ספוגית הקסם נירוסטה,יחידה,0.00,יחידה,false,,11.90,0.0000,true,1,139265
7290111343858,false,מטליות לחות לרצפה אנטיבקטריאלי 10 יחי',עלבד משואות יצחק,IL,מטליות לחות לניקוי ו,יחידה,0.00,יחידה,false,,12.90,0.0000,true,1,138915
7290111344459,false,קוטוקס תחבושות נייט אקסטרא לונג 20 יח',,,קוטקס תחבושות נייט א,יחידה,0.00,יחידה,false,,19.90,0.0000,true,1,141658
7290111344527,false,אשפתון ענק שחורות ניקול 20יח',,,זוג שקיות אשפה ענקיי,יחידה,0.00,יחידה,false,,25.90,0.0000,true,1,141809
7290111344824,false,קוטקס - מגן תחתון אנטיבקטראלי לארג' 52 יח',,CN,קוטקס מגן תחתון אנטי,יחידה,0.00,יחידה,false,,19.90,0.0000,true,1,144677
7290111344831,false,קוטקס - מגיני יום אקסטרא פרוטקט נורמל ביג 60 יח',חוגלה קימברלי,CN,קוטקס מגן תחתון אקסט,יחידה,0.00,יחידה,false,,19.90,0.0000,true,1,144678
7290111344879,false,קוטקס - מגן תחתון 2 ב-1 לארג' 44 יח',,CN,קוטקס מגן תחתון 2 ב,יחידה,0.00,יחידה,false,,19.90,0.0000,true,1,144680
7290111345814,false,נייר טואולט 30 גלילים לילי נטורל קר,קימברלי קלארק,IL,נייר טואלט לילי נטור,יחידה,0.00,יחידה,false,,39.90,0.0000,true,1,144799
7290111346125,false,מארז שלישייה מגבוני דיילי קר ללא בישום *56 יח' האגיס,קימברלי,IL,מגבוני האגיס דיילי ק,יחידה,0.00,יחידה,false,,18.90,0.0000,true,1,146162
7290111346132,false,מארז שלישייה מגבוני סנסטיב קר ללא בישום *56 יח' האגיס,עלבד,IL,מגבוני האגיס סנסטיב,יחידה,0.00,יחידה,false,,18.90,0.0000,true,1,146163
7290111346347,false,מגבוני אף אוריגינל סופט חמישיה קלינקס,קימברלי,IL,קלינקס טישו אוריגינל,יחידה,0.00,יחידה,false,,19.90,0.0000,true,1,147374
7290111350726,false,נאצוס הופופ בטעם מקסיקני 322ג',הוט פופ Hot pop,US,נאצ'וס מתירס צהוב 32,גרמים,322.00,100 גרם,false,,16.90,5.2484,true,1,142386
7290111353444,false,חטיף בטטות ומלח ים 120 גרם הוט פופ,קריות זול,,הוטפופ ווג'י צ'יפס ח,גרמים,120.00,100 גרם,false,,14.90,12.4167,true,1,142395
7290111353451,false,חטיף ירקות שורש ומלח ים 120 גרם הוט פופ,קריות זול,,הוטפופ ווג'י צ'יפס י,גרמים,120.00,100 גרם,false,,14.90,12.4167,true,1,142394
7290111564239,false,שלגוני קראנץ' Crunch בטעם וניל - 5 יח',גלידות נסטלה (נגה גל,IL,מאגדת מיני קראנץ וני,גרמים,275.00,100 גרם,false,,29.90,10.8727,true,1,119887
7290111564277,false,פריכיות דקות ונימוחות 3 דגנים פיטנס Fitness,פרח תעשיות,IL,פריכיות 3 דגנים דקות,גרמים,120.00,100 גרם,false,,11.90,9.9167,true,1,118083
7290111564291,false,פריכיות דקות ונימוחות 3 דגנים וקינואה פיטנס Fitness,פרח תעשיות,IL,פריכיות דקות עם קינו,גרמים,120.00,100 גרם,false,,11.90,9.9167,true,1,118084
7290111565038,false,"לה קרמריה וניל קוקילידה בד""צ 1.4 ל'",המאפיה של הרמן,IL,לה קרמריה וניל קוקיל,מיליליטרים,1400.00,"100 מ""ל",false,,23.90,1.7071,true,1,120951
7290111566127,false,מעדן אוראו קפוא בטעם וניל עם עוגיות בטעם שוקולד,ג'נרל מילס סאן אדריא,IT,מאגדת אוראו מיני סנד,גרמים,198.00,100 גרם,false,,26.90,13.5859,true,1,119893
7290111566226,false,טבעול שניצל ברוקולי 667 גר',עיצובים 2020 (4.8),IL,שניצל ברוקולי טבעול,גרמים,667.00,100 גרם,false,,35.90,5.3823,true,1,119842
7290111566271,false,טבעול חטיפי תירס 657 גר',עיצובים 2020 (4.8),IL,חטיפי תירס טבעול 657,גרמים,657.00,100 גרם,false,,35.90,5.4642,true,1,119840
7290111566318,false,טבעול שניצל דק מן הצומח 564 גר',עיצובים 2020 (4.8),IL,שניצל דק מן הצומח טב,גרמים,564.00,100 גרם,false,,35.90,6.3652,true,1,119841
7290111566332,false,טבעול נקניקיות וינר צמחוניות 680 גר',עיצובים 2020 (4.8),IL,נקניקיות וינר צמחוני,גרמים,680.00,100 גרם,false,,35.90,5.2794,true,1,119843
7290111566417,false,טחון צמחוני עם המון חלבון,עיצובים 2020 (4.8),IL,טחון צמחוני טבעול 50,גרמים,500.00,100 גרם,false,,35.90,7.1800,true,1,119854
7290111566547,false,טבעול חזה בגריל צמחוני 99 קלוריות 560ג',עיצובים 2020 (4.8),IL,חזה בגריל צמחוני 99,גרמים,560.00,100 גרם,false,,35.90,6.4107,true,1,119851
7290111566585,false,טבעול שניצל צמחוני 99 קלוריות 650 גר',עיצובים 2020 (4.8),IL,שניצל צמחוני 99 קלור,גרמים,650.00,100 גרם,false,,35.90,5.5231,true,1,119850
7290111566660,false,טבעול קציצות עדשים כתומות 530 גר',עיצובים 2020 (4.8),IL,קציצות עדשים כתומות,גרמים,530.00,100 גרם,false,,35.90,6.7736,true,1,121262
7290111566691,false,טבעול שניצל תרד 99 קלוריות 560 גר',עיצובים 2020 (4.8),IL,שניצל טבעול תרד 99 ק,גרמים,560.00,100 גרם,false,,35.90,6.4107,true,1,130436
7290111566714,false,טבעול המבורגר צמחוני 99 קלוריות 600 גר',עיצובים 2020 (4.8),IL,המבורגר צמחוני 99 קל,גרמים,600.00,100 גרם,false,,35.90,5.9833,true,1,119849
7290111566752,false,טבעול שניצל תירס 99 קלוריות 693 גר',עיצובים 2020 (4.8),IL,שניצל תירס 99 קלוריו,גרמים,693.00,100 גרם,false,,34.90,5.0361,true,1,119846
7290111566776,false,טבעול נקניקיות קוקטייל צמחוניות 680 גר',עיצובים 2020 (4.8),IL,נקניקיות קוקטייל צמח,גרמים,680.00,100 גרם,false,,35.90,5.2794,true,1,121275
7290111568206,false,"מיקס ביסלי, אפרופו ופיצוחים מתובלים",פרו מן יו פתרונות אר,IL,ביסלי פארטי מיקס אסם,גרמים,150.00,100 גרם,false,,9.90,6.6000,true,1,121266
7290111568251,false,אטריות נודלס להקפצה אסם אסייתי 350 גר',תאי פרזידנטפוד,TH,נודלס איטריות להקפצה,גרמים,350.00,100 גרם,false,,10.90,3.1143,true,1,121056
7290111568275,false,אטריות נודלס אורז רחבות אסם אסייתי 300גרם,תאי פרזידנט,TH,נודלס איטריות אורז ר,גרמים,300.00,100 גרם,false,,10.90,3.6333,true,1,125282
7290111568961,false,בייגלה טבעות מלח 400 ג' אסם,אסם,IL,בייגלה טבעות מלח אסם,גרמים,400.00,100 גרם,false,,12.50,3.1250,true,1,125284
7290111873041,false,אצבעות שוקולד ממולא בקרם חלב 50 ג'- מפרץ הרפתקאות,,,אצבעות שוקולד ממולא,גרמים,50.00,100 גרם,false,,4.90,9.8000,true,1,141363
7290111873607,false,כוס במבוק כח פי ג'יי,,,כוס במבוק כח פי גיי,יחידה,0.00,יחידה,false,,7.90,0.0000,true,1,132810
7290111879968,false,נר ספרה בודד,,,נר ספרה בודד,יחידה,0.00,יחידה,false,,4.90,0.0000,true,1,121764
7290111932380,false,"מרידול משחת שיניים מארז 75X2מ""ל כשל""פ",,,מרידול מארז זוג משחו,מטרים,150.00,100 מ'ל,false,,29.90,19.9333,true,1,132090
7290111937248,false,פרי מארז חטיפי 5יח תמרים קשיו ונגיעת לוז 125ג',הדקלאים אגודת שיתופי,IL,פרי חטיפי תמרים קשיו,גרמים,125.00,100 גרם,false,,18.90,15.1200,true,1,124124
7290112000293,false,"סיליט באנג ג'ל לחיטוי וניקוי האסלה פרש, 750 מ""ל",סיליט באנג Cillit Bang,,סיליט באנג גל לניקוי,מיליליטרים,750.00,"100 מ""ל",false,,9.90,1.3200,true,1,119565
7290112000385,false,מנקה ומחטא עוצמתי למטבח ללא אקונומיקה,רקיט בנקיזר,PL,מנקה ומחטא למטבח 750,מיליליטרים,750.00,"100 מ""ל",false,,15.90,2.1200,true,1,122640
7290112000408,false,מנקה ומחטא עוצמתי לניקוי כללי בניחוח לימון,רקיט בנקיזר,PL,מנקה ומחטא לניקוי כל,מיליליטרים,750.00,"100 מ""ל",false,,15.90,2.1200,true,1,122641
7290112000798,false,"דיטול תרסיסי חיטוי וניקוי אנטי בקטריאלי 750 מ""ל",רקיט בנקיזר,PL,מחטא משטחים לימון מנ,מיליליטרים,750.00,"100 מ""ל",false,,15.90,2.1200,true,1,122645
7290112000842,false,דטול מגבונים לניקוי כללי בניחות לימון 60 יח',דטול Dettol,,מטליות לחות מנקה ומח,יחידה,0.00,יחידה,false,,15.90,0.0000,true,1,122642
7290112000873,false,מטליות לחות לחדר האמבטיה מנקה ומחטא עוצמתי,דטול Dettol,,מטליות לחות מנקה ומח,יחידה,0.00,יחידה,false,,15.90,0.0000,true,1,122652
7290112001436,false,"פיניש מנקה ומחדש בניחוח לימון 250 מ""ל",רקיט בנקיזר,PL,פיניש מנקה ומחדש ניח,מיליליטרים,250.00,"100 מ""ל",false,,22.90,9.1600,true,1,132479
7290112001870,false,"סיליט באנג ספריי ניקוי אמבטיה 750 מ""ל",רקיט בנקיזר,PL,סיליט באנג ספריי לני,מיליליטרים,750.00,"100 מ""ל",false,,13.90,1.8533,true,1,131983
7290112001900,false,ג'ל למדיח כלים אקולוגי פיניש,פיניש Finish,,פיניש ג'ל אקולוגי 1,ליטרים,1.00,ליטר,false,,46.90,46.9000,true,1,132154
7290112002044,false,פיניש מנקה מדיח 3 טבליות,,,פיניש מנקה מדיח טבלי,יחידה,0.00,יחידה,false,,19.90,0.0000,true,1,131982
7290112002129,false,ג'ל כביסה מרוכז קולון 101 בניחוח פריחה מרענן,קולון Colon,,קולון ג'ל מרוכז פריח,ליטרים,2.50,ליטר,false,,26.90,10.7600,true,1,132162
7290112004208,false,טבליות למדיח בניחוח לימון 50 יח' פיניש,,,פיניש טבליות למדיח,יחידה,0.00,יחידה,false,,35.90,0.0000,true,1,145606
7290112004314,false,"דטול - תרסיס חיטוי וניקוי בניחוח לימון רימונים 750 מ""ל",,,דטול תרסיס מנקה ומחט,מיליליטרים,750.00,"100 מ""ל",false,,15.90,2.1200,true,1,143107
7290112004413,false,"אבקה מסיר כתמים לכביסה לבנה 750 מ""ל וניש",רקיט בנקיזר,PL,וניש ספריי להסרת כתמ,מיליליטרים,750.00,"100 מ""ל",false,,25.90,3.4533,true,1,145334
7290112004970,false,פיניש אולטימייט 50 קפסולות גיל,,,פיניש אולטימייט טבלי,יח',50.00,יח',false,,59.90,1.1980,true,1,146817
7290112005052,false,וניש תוסף כביסה רב תכליתי לבגדים לבנים,קליה וניש Kalia Vanish,IT,וניש אבקה לכביסה לבנ,גרמים,1500.00,100 גרם,false,,39.90,2.6600,true,1,145921
7290112005083,false,וניש תוסף כביסה רב תכליתי לכביסה צבעונית,קליה וניש Kalia Vanish,IT,וניש אבקה לכביסה צבע,גרמים,1500.00,100 גרם,false,,39.90,2.6600,true,1,145922
7290112197719,false,פיצה משפחתית  זיתים 330 ג' ללא גלוטן ג'י פרי,,,ג'י פרי פיצה זיתים ל,גרמים,330.00,100 גרם,false,,24.90,7.5455,true,1,147152
7290112330352,false,"יוגורט PRO בטעם וניל 0% , 20 גרם חלבון בגביע","שטראוס בריאות בע""מ",IL,דנונה פרו וניל 0% שו,גרמים,200.00,100 גרם,false,,6.50,3.2500,true,1,123852
7290112330390,false,יוגורט PRO בטעם פירות יער 0% 20 גרם חלבון בגביע,"שטראוס בריאות בע""מ",IL,דנונה פרו 20 גרם פיר,גרמים,200.00,100 גרם,false,,6.50,3.2500,true,1,123853
7290112330420,false,דנונה פרו לבן 2.9% שומן 150 ג',מיוצר עי קונדיטוריית,IL,דנונה פרו לבן 150 ג,גרמים,150.00,100 גרם,false,,4.90,3.2667,true,1,123311
7290112335487,false,פריכיות טעימות קצח ודגנים 135 ג' שטראוס,אנרג'י Energy - שטראוס,IL,פריכיות הטעימות קצח,גרמים,135.00,100 גרם,false,,13.90,10.2963,true,1,124336
7290112335494,false,הפריכיות הטעימות תפוחי אדמה בטעם פוטטוס,"פרח תעשיות מזון בע""מ",IL,פריכיות הטעימות פוטט,גרמים,135.00,100 גרם,false,,13.90,10.2963,true,1,124337
7290112336712,false,יוגורט PRO לבן 0% 21 גרם חלבון בגביע,"שטראוס בריאות בע""מ",IL,דנונה פרו 21 עשיר בח,גרמים,200.00,100 גרם,false,,6.50,3.2500,true,1,123643
7290112338877,false,מעדן גבינה בטעם תות 3% 125ג' סקי,"שטראוס בריאות בע""מ",IL,סקי תות 3% דנונה 125,גרמים,125.00,100 גרם,false,,4.00,3.2000,true,1,123134
7290112339171,false,מעדן מילקי מוס שוקול,מיוצר עי קונדיטוריית,IL,מילקי מוס 81גר,גרמים,81.00,100 גרם,false,,3.70,4.5679,true,1,123135
7290112339867,false,גמדים לדרך גבינה לבנה עם מחית תות,שטראוס,IL,גמדים סקוויז תות 100,גרמים,100.00,100 גרם,false,,5.90,5.9000,true,1,123304
7290112339874,false,גמדים לדרך גבינה לבנה עם מחיות תות ובננה,שטראוס,IL,גמדים סקוויז תות בננ,גרמים,100.00,100 גרם,false,,5.90,5.9000,true,1,123305
7290112340122,false,הפריכיות הטעימות 3 דגנים 135 גרם.,אנרג'י Energy - שטראוס,IL,פריכיות הטעימות 3 דג,גרמים,135.00,100 גרם,false,,13.90,10.2963,true,1,124339
7290112340252,false,צנצנת מסטיק מאסט בטעם אבטיח מלון 66 ג' עלית,"שטראוס גרופ בע""מ",IL,מסטיק מאסט אבטיח מלו,גרמים,66.00,100 גרם,false,,10.90,16.5152,true,1,123776
7290112340276,false,עוגיות קרם קפה נמס 200 ג' עלית,הגביע מוצרי ופלים בע,IL,עוגיות קרם קפה נמס 2,גרמים,200.00,100 גרם,false,,10.90,5.4500,true,1,129665
7290112341556,false,אקטיביה עם צ'יה ותות 150 ג' דנונה,דנונה - שטראוס,IL,אקטיביה צ'יה ותות 15,גרמים,150.00,100 גרם,false,,4.90,3.2667,true,1,131947
7290112341679,false,אקטיביה 3% שומן 200 ג' דנונה,מיוצר עי קונדיטוריית,IL,אקטיביה יוגורט 3% דנ,גרמים,150.00,100 גרם,false,,3.90,2.6000,true,1,131948
7290112341686,false,מארז שמיניה אקטיביה 3% 150 ג',מיוצר עי קונדיטוריית,IL,אקטיביה 3% מארז שמינ,גרמים,1200.00,100 גרם,false,,21.90,1.8250,true,1,131949
7290112342102,false,סימפוניה גבינה במרקם שמנת בצל מקורמל 5%,"שטראוס בריאות בע""מ",IL,גבינת סימפוניה בצל מ,גרמים,200.00,100 גרם,false,,11.90,5.9500,true,1,137027
7290112343420,false,"משקה חלב עם דגנים מלאים ובננה פרו יטבתה 350מ""ל",מחלבת יטבתה,IL,שייק פרו ארוחת בוקר,מיליליטרים,350.00,"100 מ""ל",false,,7.70,2.2000,true,1,132937
7290112343499,false,חטיף צ'יטוס פאפס אפוי בטעם גבינה,"שטראוס פריטו ליי בע""",IL,ציטוס פופס 55גרם,גרמים,55.00,100 גרם,false,,4.10,7.4545,true,1,143589
7290112344755,false,מילקי שוקולד 26% פחות סוכר 135 גרם,מיוצר עי קונדיטוריית,IL,מילקי עם 26% פחות סו,גרמים,135.00,100 גרם,false,,2.90,2.1481,true,1,141012
7290112344786,false,קפה פלטינום קלאסיק 200 ג' עלית,שטראוס קפה בי.וי.,IL,קפה פלטינום קלאסיק ע,גרמים,200.00,100 גרם,false,,29.90,14.9500,true,1,138120
7290112346360,false,בפלות אחת אחת ופל בטעם שוקולד מצופה שוקולד,הגביע מוצרי וופלים ב,GR,בפלות בציפוי שוקולד,גרמים,180.00,100 גרם,false,,14.90,8.2778,true,1,137059
7290112346629,false,דנונה בר יוגורט+קורנפלקס מצופה שוקולד חלב ולבן 172 גרם,דנונה - שטראוס,IL,דנונה עם קורנפלקס מצ,גרמים,172.00,100 גרם,false,,4.90,2.8488,true,1,138775
7290112346773,false,יוגורט בטעם וניל 0% לייט אנד פרי 10 גרם חלבון בגביע,מיוצר עי קונדיטוריית,IL,דנונה לייט אנד פריי,גרמים,150.00,100 גרם,false,,4.90,3.2667,true,1,141274
7290112346797,false,יוגורט אקטיביה עם שיבולת שועל ושזיף 2.5%,מיוצר עי קונדיטוריית,IL,אקטיביה שיבולת שועל,גרמים,150.00,100 גרם,false,,4.90,3.2667,true,1,138299
7290112346827,false,"אקטימל ויטמין C פטל 8*100 מ""ל",קריות זול,IL,אקטימל ויטמין C פטל,מיליליטרים,864.00,"100 מ""ל",false,,21.90,2.5347,true,1,140631
7290112347008,false,גמדים לדרך גבינה לבנה עם מחית תות ושיבולת שועל,מיוצר עי קונדיטוריית,IL,גמדים סקוויז ארוחת ב,גרמים,100.00,100 גרם,false,,5.90,5.9000,true,1,132943
7290112348616,false,עלית - קפה נמס אגוזי לוז 100 גרם,עלית,,קפה נמס אגוזי לוז על,גרמים,100.00,100 גרם,false,,15.90,15.9000,true,1,140458
7290112349606,false,מעדן גבינה ויוגורט תות בננה 88 ג' דניאלה,"שטראוס בריאות בע""מ",IL,דניאלה בטעם תות בננה,גרמים,88.00,100 גרם,false,,4.30,4.8864,true,1,144402
7290112351104,false,שוקולד פרה ממולא פיצפוצי אורז 100 ג' עלית,STRAUSS-ISRAEL,IL,שוקולד פרה פיצפוצי א,גרמים,100.00,100 גרם,false,,6.90,6.9000,true,1,138512
7290112351128,false,שוקולד פרה סוכריות קופצות 100 ג' עלית,"שטראוס גרופ בע""מ",IL,שוקולד פרה סוכריות ק,גרמים,100.00,100 גרם,false,,6.90,6.9000,true,1,139077
7290112351258,false,פינוקיות שחור לבן 200 ג' עלית,הגביע מוצרי ופלים,IL,פינוקיות שחור לבן 20,גרמים,200.00,100 גרם,false,,10.90,5.4500,true,1,140069
7290112353887,false,"משקה קפה קר בטעם אגוזים יטבתה 230 מ""ל",האי נאם סי או אל.טי.,AT,משקה קפה קר בטעם אגו,מיליליטרים,230.00,"100 מ""ל",false,,7.90,3.4348,true,1,139019
7290112354174,false,פסטה רוזה שטראוס דלי,גסטרונומיה פרוסט אס.,IT,פסטה רוזה 280גרם דלי,גרמים,280.00,100 גרם,false,,24.90,8.8929,true,1,147126
7290112354204,false,ארוחה אישית ספגטי עגבניות,גסטרונומיה פרוסט אס.,IT,ספגטי עגבניות 280גרם,גרמים,280.00,100 גרם,false,,24.90,8.8929,true,1,147127
7290112355027,false,יוגורט פרו בטעם קרמל מלוח 200 ג' דנונה,"שטראוס בריאות בע""מ",IL,דנונה פרו 20 בטעם קר,גרמים,200.00,100 גרם,false,,6.50,3.2500,true,1,141009
7290112355102,false,גמדים פאוץ סלט פירות 100 ג' שטראוס,"שטראוס בריאות בע""מ",IL,גמדים סקוויז סלט פיר,גרמים,100.00,100 גרם,false,,5.90,5.9000,true,1,141568
7290112355393,false,"יטבתה רוטב שמנת+בטטה 9% שומן 250 מ""ל",מחלבת יטבתה,IL,רוטב שמנת עם בטטה 2,מיליליטרים,257.00,"100 מ""ל",false,,10.90,4.2412,true,1,147069
7290112355812,false,מעדן מילקי עם טופ קורנפלקס מצופה שוקולד,"שטראוס גרופ בע""מ",IL,מילקי טופ קורנפלקס 1,גרמים,141.00,100 גרם,false,,4.90,3.4752,true,1,145919
7290112355867,false,מילקי קצפת טופ פיצפוץ 86 גרם,"שטראוס גרופ בע""מ",IL,מילקי טופ קצפת פצפוצ,גרמים,86.00,100 גרם,false,,4.60,5.3488,true,1,143867
7290112357045,false,עגבניות איטלקיות מרוסקות 390 גר' בקופסה טעם הטבע,שטראוס טעם הטבע,IT,עגבניות איטלקיות מרו,גרמים,390.00,100 גרם,false,,6.90,1.7692,true,1,138575
7290112357069,false,מחית עגבניות איטלקיות בקופסה 500 גר' טעם הטבע,שטראוס טעם הטבע,IT,מחית עגבניות איטלקיו,גרמים,500.00,100 גרם,false,,7.90,1.5800,true,1,138574
7290112358431,false,עד חצות דאבל ביסקוויט עם שוקולד חלב -8 אריזות אישיות,הדקלאים אגודת שיתופי,FR,עד חצות ביסקוויט דאב,גרמים,200.00,100 גרם,false,,14.90,7.4500,true,1,142182
7290112359353,false,קפה טורקי קלוי וטחון אלדין,STRAUSS-ISRAEL,IL,*מבצע* אלדין קפה טור,גרמים,200.00,100 גרם,false,,15.90,7.9500,true,1,144999
7290112359384,false,עלית - קפה נמס אלפחורס ריבת חלב 100 גרם,שטראוס,IL,קפה נמס אלפחורס ריבת,גרמים,100.00,100 גרם,false,,15.90,15.9000,true,1,140461
7290112490650,false,# 778 קונפיטורת תות כשלפ 340גר,קונפיטורות לה-ארדניי,BE,קונפיטורה 778 תות שד,גרמים,340.00,100 גרם,false,,15.90,4.6765,true,1,122470
7290112490698,false,קונפיטורה 778 תות שדה לייט 260ג',אתר חיפה 778,BE,קונפיטורה 778 תות שד,גרמים,260.00,100 גרם,false,,16.90,6.5000,true,1,122474
7290112492982,false,"אבקת מרק פטריות כשל""פ 100% רכיבים טבעיים 400 גרם",יוניליוור ישראל מזון,IL,קנור א.מרק פטריות רכ,גרמים,400.00,100 גרם,false,,25.90,6.4750,true,1,132761
7290112495280,false,ריבועי ברנפלקס קינמון 400 ג',יוניליוור,IL,ברנפלקס ריבועי קינמו,גרמים,500.00,100 גרם,false,,23.90,4.7800,true,1,137175
7290112497727,false,"פינוק - אל סבון בייבי 700 מ""ל",אתר ליוור,,פינוק אל סבון תינוק,מיליליטרים,700.00,"100 מ""ל",false,,16.90,2.4143,true,1,146597
7290112498090,false,מרכך בתוספת שמן חוחבה 700 מ''ל פינוק,יוניליוור,IL,פינוק מרכך בתוספת שמ,מיליליטרים,700.00,"100 מ""ל",false,,13.90,1.9857,true,1,140237
7290112700407,false,נר גדול מנצנץ זהב ענ,,,נר גדול מנצנץ זהב ענ,יחידה,0.00,יחידה,false,,8.90,0.0000,true,1,121765
7290112961372,false,פיטנס חטיפי פריכיות דגנים עם קינמון,"פרח תעשיות מזון בע""מ",IL,פיטנס חטיפי פריכיות,גרמים,60.00,100 גרם,false,,8.90,14.8333,true,1,123406
7290112961464,false,פיטנס חטיפי פריכיות דגנים וחומוס מתובלות,"פרח תעשיות מזון בע""מ",IL,פיטנס חטיפי פריכיות,גרמים,60.00,100 גרם,false,,8.90,14.8333,true,1,123407
7290112962546,false,ארטיק לה פרוטה מלון תפוח מאגדת 443 גר',שוורצקוף& הנקל דיסלד,IL,מאגדת לה פרוטה מלון,גרמים,350.00,100 גרם,false,,26.90,7.6857,true,1,123141
7290112963321,false,בייגלה שטוח ללא גלוטן 300 גר',מיוצר עי קונדיטוריית,IL,גרטיפי בייגלה שטוח ל,גרמים,300.00,100 גרם,false,,17.90,5.9667,true,1,138472
7290112963529,false,טילון אקסטרים שוקו וניל פרווה מאגדת 444 גר',שוורצקוף& הנקל דיסלד,IL,מאגדת אקסטרים שוקו ו,גרמים,432.00,100 גרם,false,,35.90,8.3102,true,1,123139
7290112963918,false,חטיפי קרקר דק רוזמרין 140 ג' פיטנס,נסטלה Nestle,IL,פיטנס קרקר דק רוזמרי,גרמים,140.00,100 גרם,false,,12.90,9.2143,true,1,129558
7290112964410,false,רוטב אוסם אלף האיים לסלט 290 ג' אסם,Unknown,IL,רוטב אלף האיים לסלט,גרמים,290.00,100 גרם,false,,12.90,4.4483,true,1,124496
7290112964434,false,רוטב לסלט קיסר 295 ג' אוסם,אסם,IL,רוטב קיסר לסלט אסם 2,גרמים,295.00,100 גרם,false,,12.90,4.3729,true,1,124497
7290112964472,false,רוטב שום לסלט 290 ג' אסם,Unknown,IL,רוטב שום לסלט אסם 29,גרמים,290.00,100 גרם,false,,12.90,4.4483,true,1,124502
7290112964564,false,רוטב אלף האיים לייט לסלט 310 ג' אסם,אסם,IL,רוטב אלף האיים לייט,גרמים,295.00,100 גרם,false,,12.90,4.3729,true,1,124499
7290112964601,false,רוטב בנוסח סצ'ואן הסדרה האסייתית,"אסם השקעות בע""מ",IL,אסם רוטב בנוסח סצואן,מיליליטרים,290.00,"100 מ""ל",false,,15.90,5.4828,true,1,123956
7290112964625,false,רוטב שום לייט לסלט 310 ג' אסם,אסם,IL,רוטב שום לייט לסלט א,גרמים,310.00,100 גרם,false,,12.90,4.1613,true,1,124500
7290112964724,false,טבעול המבורגרטבעוני 580 גר',מיוצר עי קונדיטוריית,IL,טבעול המבורגר טבעוני,גרמים,580.00,100 גרם,false,,34.90,6.0172,true,1,129601
7290112965141,false,תבשיל פתיתים אפויים עם ירקות 130 גר',אסם,IL,תבשיל פתיתים אפויים,גרמים,130.00,100 גרם,false,,12.50,9.6154,true,1,132871
7290112965240,false,מרק נמס בטעם עגבניות זוג * 44 ג' אסם,Unknown,IL,זוג מרק נמס עגבניות,גרמים,44.00,100 גרם,false,,6.90,15.6818,true,1,129725
7290112965325,false,תבשיל אורז ספרדי אוסם 140 גרם,אסם,IL,תבשיל אורז ספרדי אסם,גרמים,140.00,100 גרם,false,,12.50,8.9286,true,1,132873
7290112965363,false,קציצות קינואה וברוקולי,מיוצר עי קונדיטוריית,IL,קציצות קינואה וברוקו,גרמים,525.00,100 גרם,false,,35.90,6.8381,true,1,132904
7290112965660,false,פיטנס - חטיף מולטיגריין מלח פלפל 25 גרם,מיוצר עי קונדיטוריית,IL,פיטנס חטיף מולטיגריי,גרמים,25.00,100 גרם,false,,5.90,23.6000,true,1,140251
7290112965684,false,פיטנס - חטיף מולטיגריין עשבי תיבול 25 גרם,מיוצר עי קונדיטוריית,IL,פיטנס חטיף מולטיגריי,גרמים,25.00,100 גרם,false,,5.90,23.6000,true,1,140252
7290112965707,false,פיטנס - חטיף מולטיגריין צילי מעודן 25 גרם,"אסם השקעות בע""מ",IL,פיטנס חטיף מולטיגריי,גרמים,25.00,100 גרם,false,,5.90,23.6000,true,1,140253
7290112965783,false,אוסם - ביסלי פריסטייל על האש 60 גרם,"אסם השקעות בע""מ",IL,ביסלי פריסטייל על הא,גרמים,60.00,100 גרם,false,,5.60,9.3333,true,1,142305
7290112965806,false,אוסם - ביסלי פריסטייל חמוץ חריף 60 גרם,Unknown,IL,ביסלי פריסטייל חמוץ,גרמים,60.00,100 גרם,false,,5.60,9.3333,true,1,142303
7290112965967,false,טבעול נאגטס ירקות כתומים 500 גר',טבעול תעשיות מזון בע,IL,נאגטס ירקות כתומים 5,גרמים,500.00,100 גרם,false,,34.90,6.9800,true,1,138976
7290112966094,false,עוגת הבית בטעם תפוז - פחות סוכר,מיוצר עי קונדיטוריית,IL,עוגת הבית תפוז מופחת,גרמים,400.00,100 גרם,false,,15.90,3.9750,true,1,132894
7290112966247,false,לחמית כוסמין 200 ג' אסם,אסם יקנעם,IL,לחמית כוסמין אסם 200,גרמים,200.00,100 גרם,false,,11.90,5.9500,true,1,137852
7290112966728,false,צבר טחינה בלאדי פלפלים חריפים 350 גר',שוורצקוף& הנקל דיסלד,IL,טחינה באלדי פלפלים ח,גרמים,350.00,100 גרם,false,,16.90,4.8286,true,1,132905
7290112966841,false,פודינג בטעם שוקולד מריר 90 ג' אסם,מיוצר עי קונדיטוריית,IL,פודינג שוקולד מריר א,גרמים,90.00,100 גרם,false,,6.30,7.0000,true,1,132864
7290112967114,false,חטיפי פריכיות פיטנס קטניות ופלפל 60 גר',"פרח תעשיות מזון בע""מ",IL,פיטנס חטיפי פריכיות,גרמים,60.00,100 גרם,false,,9.50,15.8333,true,1,137563
7290112967381,false,פיטנס חטיפי פריכיות קטניות ומלח ים 60 גר',"פרח תעשיות מזון בע""מ",IL,פיטנס חטיפי פריכיות,גרמים,60.00,100 גרם,false,,9.50,15.8333,true,1,137564
7290112968203,false,סלט טחינה בלאדי צבר 250 גרם,שוורצקוף& הנקל דיסלד,IL,סלט טחינה באלדי צבר,גרמים,250.00,100 גרם,false,,11.90,4.7600,true,1,137565
7290112968449,false,סלט כרוב אדום צבר 250 גר',שוורצקוף& הנקל דיסלד,IL,סלט כרוב אדום צבר 25,גרמים,250.00,100 גרם,false,,10.90,4.3600,true,1,137571
7290112968807,false,פיטנס - קרקר דק סלק 140 גרם,מפעל אסם יקנעם,IL,פיטנס קרקר דק סלק 14,גרמים,140.00,100 גרם,false,,12.90,9.2143,true,1,140248
7290112968821,false,פיטנס - קרקר דק בטטה 140 גרם,מפעל אסם יקנעם,IL,פיטנס קרקר דק בטטה 1,גרמים,140.00,100 גרם,false,,12.90,9.2143,true,1,140249
7290112969286,false,אסם בישולים רוטב חרדל ודבש 330 גר'.,"אסם השקעות בע""מ",IL,רוטב חרדל ודבש אסם 3,גרמים,330.00,100 גרם,false,,17.70,5.3636,true,1,140621
7290112969903,false,טבעול נאגטס ירקות לבנים 500 גר',טבעול תעשיות מזון בע,IL,נאגטס ירקות לבנים 50,גרמים,500.00,100 גרם,false,,34.90,6.9800,true,1,138977
7290113192171,false,מיקס אגוזים שקדים וחמוציות 150 גר',דין שיווק,IL,מיקס אגוזים שקדים וח,גרמים,150.00,100 גרם,false,,10.90,7.2667,true,1,139098
7290113192300,false,זיתים חרוזית מושחר A2 בית השיטה 275 גר',בית השיטה,IL,חרוזית מושחר 275גרם,גרמים,275.00,100 גרם,false,,11.90,4.3273,true,1,138340
7290113192317,false,בית השיטה טבעות זיתים מושחרים 280 גר',בית השיטה,IL,טבעות זיתים מושחרים,גרמים,280.00,100 גרם,false,,11.90,4.2500,true,1,138341
7290113192324,false,זיתים ירוקים שלמים בינוניים,בית השיטה,IL,זית ירוק 340גרם בית,גרמים,340.00,100 גרם,false,,10.90,3.2059,true,1,137965
7290113192348,false,זיתים ירוקים שלמים גדולים מאוד בטעם שום,בית השיטה,IL,זית ירוק טעם שום 17-,גרמים,340.00,100 גרם,false,,11.50,3.3824,true,1,138342
7290113192355,false,חרוזית זיתים ירוקים ללא גלעין 275 ג' בית השיטה,בית השיטה,IL,חרוזית ירוק 275גרם ב,גרמים,275.00,100 גרם,false,,11.50,4.1818,true,1,138343
7290113192362,false,טבעות זיתים ירוקים 280 ג' בית השיטה,בית השיטה,IL,טבעות זיתים ירוקים 2,גרמים,280.00,100 גרם,false,,11.90,4.2500,true,1,138344
7290113192386,false,זיתים סורי מבוקע A2 בית השיטה 340ג',בית השיטה,IL,זית סורי מבוקע 340גר,גרמים,340.00,100 גרם,false,,11.90,3.5000,true,1,138346
7290113192393,false,בית השיטה קוקטייל זיתים א2 336גר',בית השיטה,IL,קוקטייל זיתים 336גרם,גרמים,336.00,100 גרם,false,,12.70,3.7798,true,1,138347
7290113192478,false,בית השיטה מלפפונים במלח בינוני 10-12 320 גרם,בית השיטה,IL,מלפפון במלח בינוניים,גרמים,320.00,100 גרם,false,,9.90,3.0938,true,1,138354
7290113192492,false,בית השיטה מלפפונים בחומץ קטנים 1317 290 גרם,בית השיטה,IL,מלפפון בחומץ קטנים 1,גרמים,290.00,100 גרם,false,,10.90,3.7586,true,1,138356
7290113192515,false,בית השיטה מלפפונים במלח קטן מאוד 1825 320 גרם,בית השיטה,IL,מלפפון במלח 18-25 קט,גרמים,320.00,100 גרם,false,,13.90,4.3438,true,1,138361
7290113192522,false,בית השיטה מלפפונים בחומץ קטן מאוד 1825 290 גרם,בית השיטה,IL,מלפפון בחומץ 18-25 ק,גרמים,290.00,100 גרם,false,,13.90,4.7931,true,1,138362
7290113192539,false,בית השיטה מלפפונים במלח גדול 79 320 גרם,בית השיטה,IL,מלפפון במלח גדולים 7,גרמים,320.00,100 גרם,false,,7.90,2.4688,true,1,138363
7290113192546,false,בית השיטה מלפפונים בחומץ גדול 79 290 גרם,בית השיטה,IL,מלפפון בחומץ גדולים,גרמים,290.00,100 גרם,false,,7.90,2.7241,true,1,138365
7290113192553,false,בית השיטה מלפפונים במלח 13-17 בלדי 320 גר',בית השיטה,IL,מלפפון במלח בלדי 13-,גרמים,320.00,100 גרם,false,,10.90,3.4063,true,1,138366
7290113192560,false,בית השיטה פלפל שיפקה חריף כבוש 230 גרם,בית השיטה,IL,פלפל שיפקה א2 230 גר,גרמים,230.00,100 גרם,false,,6.90,3.0000,true,1,139325
7290113192577,false,בית השיטה כרוב כבוש חתוך 430 גרם,בית השיטה,IL,כרוב כבוש א2 430 גרם,גרמים,430.00,100 גרם,false,,8.80,2.0465,true,1,139326
7290113192881,false,"טורטיה חיטה מופחת קלוריות, קוטר 20 ס""מ - 6 יח'",דין שיווק,IL,טורטיה חיטה מופחתת ק,גרמים,270.00,100 גרם,false,,9.90,3.6667,true,1,139099
7290113192997,false,בית השיטה זית מרוקאי 340 גר',בית השיטה,IL,זית שחור יבש 340 גרם,גרמים,340.00,100 גרם,false,,14.90,4.3824,true,1,139327
7290113193000,false,בית השיטהפלפל שיפקונית 230 גר',שוורצקוף& הנקל דיסלד,IL,פלפל שיפקונית 230 גר,גרמים,230.00,100 גרם,false,,12.50,5.4348,true,1,139328
7290113193017,false,בית השיטה קוקטייל זיתים 275 גר',בית השיטה,IL,קוקטייל זיתים חרוזית,גרמים,275.00,100 גרם,false,,14.90,5.4182,true,1,139329
7290113193031,false,חרוזית קלמטה - זיתים שחורים ללא גלעין קלמטה,שוורצקוף& הנקל דיסלד,IL,חרוזית קלמטה 275 גרם,גרמים,275.00,100 גרם,false,,14.90,5.4182,true,1,139330
7290113195066,false,חלווה טורקית בטעם ונ,,,חלבה טורקית בטעם וני,גרמים,400.00,100 גרם,false,,12.90,3.2250,true,1,141481
7290113195073,false,חלווה טורקית עם פיסט,,,חלבה טורקית עם פיסטו,גרמים,400.00,100 גרם,false,,14.90,3.7250,true,1,141480
7290113195196,false,רסק תפוחי עץ 710 גרם,,,רסק תפוחי עץ 710 גרם,גרמים,710.00,100 גרם,false,,10.90,1.5352,true,1,141483
7290113196520,false,פריכיות כוסמין ללא מלח שקדיה 150 ג',דין שיווק,IL,פריכיות כוסמין ללא מ,גרמים,150.00,100 גרם,false,,10.90,7.2667,true,1,143737
7290113197169,false,חמאת בוטנים טבעית שק,,,חמאת בוטנים טבעית 51,גרמים,510.00,100 גרם,false,,17.90,3.5098,true,1,146158
7290113197176,false,חמאת בוטנים טבעית עם,,,חמאת בוטנים טבעית עם,גרמים,510.00,100 גרם,false,,17.90,3.5098,true,1,146159
7290113198562,false,סוכריות גומי בטעם תות שדה 200 ג' שקדיה,טופ גלוב,IL,סוכריות גומי בטעם תו,גרמים,200.00,100 גרם,false,,10.00,5.0000,true,1,145114
7290113198579,false,סוכריות גומי דובונים בטעמי פירות 200 ג' שקדיה,טופ גלוב,IL,סוכריות גומי דובונים,גרמים,200.00,100 גרם,false,,10.00,5.0000,true,1,145112
7290113198593,false,סוכריות גומי מסוכרות בטעם בננה 200 ג' שקדיה,טופ גלוב,IL,סוכריות גומי מסוכרות,גרמים,200.00,100 גרם,false,,10.00,5.0000,true,1,145111
7290113199378,false,פרכיות כוסמת דקות בת,,,פריכיות דקות כוסמת,גרמים,150.00,100 גרם,false,,10.90,7.2667,true,1,145596
7290113199408,false,פרכיות כוסמין דקות ב,,,פריכיות דקות כוסמין,גרמים,150.00,100 גרם,false,,10.90,7.2667,true,1,145598
7290113199606,false,חטיף בוטנים עם דלעת בוטנים ללא סוכר 220 ג' שקדיה,שקדיה,IL,חטיף בוטנים עם דלעת,גרמים,0.00,גרם,false,,14.90,0.0000,true,1,145122
7290113199620,false,חטיף שקדים גרעיני דלעת ללא סוכר 220 ג' שקדיה,שקדיה,IL,חטיף שקדים גרעיני דל,גרמים,0.00,גרם,false,,14.90,0.0000,true,1,145120
7290113199637,false,חטיף בוטנים עם גרעיני דלעת ללא סוכר 220 ג' שקדיה,שקדיה,IL,חטיף בוטנים עם גרעינ,גרמים,0.00,גרם,false,,14.90,0.0000,true,1,145121
7290113199699,false,מוזלי שיבולת שועל עם בוטנים אגוזי לוז ושקדים 500ג' שקדיה,,,מוזלי שיבולת שועל ע,גרמים,500.00,100 גרם,false,,10.90,2.1800,true,1,145702
7290113199705,false,מוזלי פירות יבשים 500 גר' 500ג' שקדיה,,,מוזלי פירות יבשים 50,גרמים,500.00,100 גרם,false,,10.90,2.1800,true,1,145704
7290113199767,false,ממרח 100% שקדים שקדי,פפאיינס,TW,ממרח 100 % שקדים 300,גרמים,300.00,100 גרם,false,,28.90,9.6333,true,1,145710
7290113199774,false,ממרח 100% בוטנים שקד,פפאיינס,TW,ממרח 100 % בוטנים 30,גרמים,300.00,100 גרם,false,,15.90,5.3000,true,1,145708
7290113199798,false,ממרח 100% אגוזי קשיו,פפאיינס,TW,ממרח 100 % אגוזי קשי,גרמים,200.00,100 גרם,false,,24.90,12.4500,true,1,145707
7290113199903,false,סוכריות חמצוצים בטעם תות בננה 180 ג' שקדיה,,,סוכריות חמצוצים בטעם,גרמים,200.00,100 גרם,false,,10.00,5.0000,true,1,145116
7290113560055,false,מי פה ללא אלכוהול בטעם מנטה מרענן,פרודונטקס Parodontax,,פרודונטקס מי פה 559,מיליליטרים,559.00,"100 מ""ל",false,,31.90,5.7066,true,1,142921
7290113594333,false,בקבוק נירוסטה 450 מל עם קש מתקפל- מיקי,,,בקבוק נירוסטה עם קש,מיליליטרים,450.00,"100 מ""ל",false,,19.90,4.4222,true,1,146465
7290113594432,false,אצבעות שוקולד ממולא,,,אצבעות שוקולד ממולא,גרמים,50.00,100 גרם,false,,4.90,9.8000,true,1,141364
7290113622524,false,פסטה ללא גלוטן כוסמת,,,פסטה ללא גלוטן כוסמת,גרמים,250.00,100 גרם,false,,12.90,5.1600,true,1,141887
7290114310215,false,"**טרה שמנת מתוקה 38% 250 מ""ל בקבוק.",מילקו תעשיות בעמ,IL,שמנת מתוקה 38% בקבוק,מיליליטרים,250.00,"100 מ""ל",false,,6.47,2.5880,true,1,138336
7290114310222,false,חלב 1.5 ליטר 3% מועשר בסידן וויטמין D.,מילקו תעשיות בעמ,IL,חלב טרה 1.5ל 3ֵ% מעו,מיליליטרים,1500.00,"100 מ""ל",false,,13.50,0.9000,true,1,146693
7290114310239,false,חלב טרה נטול לקטוז מועשר בוויטמין D 2% 1.5 ל',מילקו תעשיות בעמ,IL,חלב נטול לקטוז 1.5 ל,מיליליטרים,1500.00,"100 מ""ל",false,,13.50,0.9000,true,1,146692
7290114310338,false,צפתית מעודנת 5% 225 גר' משק צוריאל,מחלבת משק צוריאל,IL,צפתית מעודנת 225גר,גרמים,225.00,100 גרם,false,,21.50,9.5556,true,1,141228
7290114310536,false,יוגורט לייט מעושר בחלבון בטעם וניל מולר 200 ג',מולר Muller,IL,מולר אקטיב לייט יוגו,גרמים,200.00,100 גרם,false,,6.90,3.4500,true,1,142247
7290114310611,false,"משקה חלב בננה בבקבוק פקק ספורט טרה 250 מ""ל",Unknown,IL,"משקה חלב בננה 250 מ""",מיליליטרים,250.00,"100 מ""ל",false,,5.90,2.3600,true,1,142249
7290114310673,false,גבינת לאבנה 9% 250 גרם,טרה,IL,לאבנה 9% 250גרם,גרמים,250.00,100 גרם,false,,13.90,5.5600,true,1,144155
7290114311038,false,שמנת מתוקה עמידה 32% 250מל בקבוק,מילקו,IL,שמנת להקצפה טרה 32%,מיליליטרים,250.00,"100 מ""ל",false,,7.90,3.1600,true,1,145462
7290114311069,false,יוגורט לבן מועשר בחלבון 0% שומן 200 גרם muller active,מולר Muller,IL,מולר אקטיב 25ג חלבון,גרמים,200.00,100 גרם,false,,5.70,2.8500,true,1,144810
7290114311076,false,"חמאת מולר צהובה עם שום, 200 גרם",מולר Muller,IL,מולר חמאה צהובה עם ש,גרמים,200.00,100 גרם,false,,12.90,6.4500,true,1,145466
7290114311083,false,"חמאת מולר צהובה עם מלח, 200 גרם",מילקו,IL,מולר חמאה צהובה עם מ,גרמים,200.00,100 גרם,false,,11.90,5.9500,true,1,145463
7290114311298,false,יוגורט קציפת תות בננה מלון 150 ג' מולר,מולר Muller,IL,מולר פרופ קציפת תות,גרמים,150.00,100 גרם,false,,5.60,3.7333,true,1,145910
7290114311328,false,חלב נטול לקטוז 2% שומן מועשר בויטמין D,ג'י.אר.אמ.גרופו אלימ,IL,חלב נטול לקטוז מועשר,מיליליטרים,1000.00,"100 מ""ל",false,,8.70,0.8700,true,1,146307
7290114311458,false,"חלב מועשר 3% וויטמין קרטון, 1 ל טרה",Unknown,IL,חלב 3% מועשר ויטמין-,מיליליטרים,1000.00,"100 מ""ל",false,,8.10,0.8100,true,1,146542
7290114600941,false,מיונז מאסטר שף מיונז לחיץ 435 ג',קפה לנדוור,NL,מיונז הולנדי לחיץ מא,גרמים,435.00,100 גרם,false,,16.90,3.8851,true,1,147532
7290114604895,false,ממרח ספייסי לחיץ 446 גר' מאסטר שף,מאסטר שף,NL,ממרח ספייסי לחיץ מאס,גרמים,446.00,100 גרם,false,,16.90,3.7892,true,1,147525
7290114604901,false,ממרח שום לחיץ מאסטר שף444 ג',מאסטר שף,NL,ממרח שום לחיץ מאסטר,גרמים,444.00,100 גרם,false,,16.90,3.8063,true,1,147526
7290114606530,false,רוטב בטעם מיונז וקטשופ מאסטר שף 515 ג',מאסטר שף,NL,רוטב בטעם מיונז וקטש,גרמים,515.00,100 גרם,false,,16.90,3.2816,true,1,147529
7290114655903,false,בקבוק טריטן עם צמידי,,,בקבוק טריטן עם צמידי,מיליליטרים,700.00,"100 מ""ל",false,,19.90,2.8429,true,1,146459
7290115072686,false,בקבוק פלסטיק עם צמיד,,,בקבוק פלסטיק עם צמיד,מיליליטרים,500.00,"100 מ""ל",false,,19.90,3.9800,true,1,145759
7290115076127,false,בקבוק נירוסטה 450 מל עם קש מתקפל- LOL,,,בקבוק נירוסטה עם קש,מיליליטרים,450.00,"100 מ""ל",false,,19.90,4.4222,true,1,146468
7290115190014,false,סיגריות מרלבורו רד קצר בוקס,פיליפ מוריס,,מרלבורו אדום קצר,יחידה,0.00,יחידה,false,,35.50,0.0000,false,1,140505
7290115190038,false,סיגריות מרלבורו רד קצר סופט,פיליפ מוריס,,מרלבורו אדום קצר סופ,יחידה,0.00,יחידה,false,,35.50,0.0000,false,1,140493
7290115190083,false,סיגריות מרלבורו גולד,פיליפ מוריס,,מרלבורו גולד PP פאקט,יחידה,0.00,יחידה,false,,355.00,0.0000,false,1,140482
7290115190090,false,סיגריות מרלבורו גולד קצר בוקס,פיליפ מוריס,,מרלבורו גולד קצר,יחידה,0.00,יחידה,false,,35.50,0.0000,false,1,140480
7290115190113,false,סיגריות מלברו לייט סופט,פיליפ מוריס,,מרלבורו גולד סופט,יחידה,0.00,יחידה,false,,35.50,0.0000,false,1,140475
7290115190137,false,מלברו עדין פיין טאץ 7.1,פיליפ מוריס,,מרלבורו פיין טאצ,יחידה,0.00,יחידה,false,,35.50,0.0000,false,1,140501
7290115190151,false,סיגריות מרלבורו טאץP,פיליפ מוריס,,מרלבורו כחול טאצ,יחידה,0.00,יחידה,false,,35.50,0.0000,false,1,140497
7290115190212,false,סיגריות פרלמנט בלו ארוך,פיליפ מוריס,,פרלמנט כחול ארוך,יחידה,0.00,יחידה,false,,42.00,0.0000,false,1,140485
7290115190250,false,סיגריות פרלמנט נייטP,פיליפ מוריס,,פרלמנט קצר,יחידה,0.00,יחידה,false,,42.00,0.0000,false,1,140278
7290115190359,false,סיגריות ל.מ בלוPP חפ,פיליפ מוריס,,אל אם כחול קצר,יחידה,0.00,יחידה,false,,32.00,0.0000,false,1,140279
7290115190397,false,סיגריות LM רד לייבל קצר,פיליפ מוריס,,אל אם אדום קצר,יחידה,0.00,יחידה,false,,32.00,0.0000,false,1,140274
7290115190595,false,סיגריות נקסט אוריגינ,פיליפ מוריס,,נקסט אוריג'ינל,יחידה,0.00,יחידה,false,,30.00,0.0000,false,1,140479
7290115200003,false,פתי בר פינוקי וניל 220 גר' אסם,תאי פרזידנט פוד פאבל,PL,פתי בר פינוקי וניל 2,גרמים,220.00,100 גרם,false,,12.90,5.8636,true,1,139031
7290115200027,false,פתי בר פינוקי שוקו 220 גר' אסם.,קריות זול,PL,פתי בר פינוקי שוקו 2,גרמים,220.00,100 גרם,false,,12.90,5.8636,true,1,139032
7290115200676,false,עוגיות קרמוגית במילוי קרם בטעם קרמל מלוח,היינץ צפון אמריקה מק,IL,קרמוגית קרמל מלוח אס,גרמים,200.00,100 גרם,false,,12.90,6.4500,true,1,139304
7290115201031,false,אסם פתיבר דובי שוקולד 175 גר',טרופיקל דגיל תעשיות,PL,פתי בר דובי שוקולד 1,גרמים,175.00,100 גרם,false,,12.90,7.3714,true,1,141964
7290115201451,false,טבעול גורמה לביבות בטטה 455 גר',טבעול (מקבוצת אסם הש,IL,טבעול לביבות בטטה קא,גרמים,455.00,100 גרם,false,,38.90,8.5495,true,1,145713
7290115201536,false,"טבעול לביבות כרובית ותפו""א 442 גר'",עיצובים 2020 (4.8),,טבעול לביבות כרובית,גרמים,442.00,100 גרם,false,,38.90,8.8009,true,1,145715
7290115201680,false,ביסלי בטעם ברביקיו 70 ג' אסם,"אסם השקעות בע""מ",IL,ביסלי ברביקיו אסם 70,גרמים,70.00,100 גרם,false,,5.00,7.1429,true,1,140250
7290115201703,false,ביסלי בטעם ברביקיו 200 ג' אסם,מיוצר עי קונדיטוריית,IL,ביסלי ברביקיו אסם 20,גרמים,200.00,100 גרם,false,,9.90,4.9500,true,1,140246
7290115201727,false,ביסלי בטעם בצל 200 ג' אסם,מיוצר עי קונדיטוריית,IL,ביסלי בטעם בצל אסם 2,גרמים,200.00,100 גרם,false,,9.90,4.9500,true,1,140244
7290115201741,false,ביסלי בטעם בצל אסם 7,"אסם השקעות בע""מ",IL,ביסלי בטעם בצל אסם 7,גרמים,70.00,100 גרם,false,,5.00,7.1429,true,1,140247
7290115202212,false,טבעול גורמה לביבות סלק 434 גר',עיצובים 2020 (4.8),,טבעול גורמה לביבות ס,גרמים,434.00,100 גרם,false,,38.90,8.9631,true,1,145716
7290115202236,false,טבעול טופו קראנצים 470 גר',עיצובים 2020 (4.8),IL,טבעול טופו קראנצ'ים,גרמים,470.00,100 גרם,false,,35.90,7.6383,true,1,142948
7290115203134,false,פופקו פופקורן במבה - פופקורן בציפוי קרמל ובוטנים,"אסם השקעות בע""מ",IL,פופקו פופקורן במבה א,גרמים,80.00,100 גרם,false,,5.90,7.3750,true,1,142306
7290115203172,false,במבה PRO מכיל 18 גרם חלבון בשקית,"אסם השקעות בע""מ",IL,במבה פרו 80 גרם,גרמים,80.00,100 גרם,false,,5.60,7.0000,true,1,146259
7290115203486,false,פירורית בטעם ביסלי גריל אסם 200 גר',קיבוץ עינת,IL,פירורית אסם בטעם ביס,גרמים,200.00,100 גרם,false,,6.50,3.2500,true,1,145368
7290115204018,false,מנה חמה איטלקי פסטה בסגנון אלפרדו 60 ג' אסם,נסטלה,IL,מנה חמה איטלקי פסטה,גרמים,60.00,100 גרם,false,,7.50,12.5000,true,1,146940
7290115204056,false,אסם קטשופ מופחת סוכר 690 גר',קריות זול,IL,אסם קטשופ מופחת סוכר,גרמים,690.00,100 גרם,false,,10.90,1.5797,true,1,143018
7290115204131,false,סחוג ירוק המעדנייה ש,צבר,,סחוג ירוק צבר 190גר,גרמים,190.00,100 גרם,false,,13.90,7.3158,true,1,145537
7290115204186,false,פסטו המעדינה של צבר,צבר,,צבר ממרח פסטו 190 גר,גרמים,190.00,100 גרם,false,,16.90,8.8947,true,1,144545
7290115204261,false,אריסה חריפה המעדנייה,צבר,,אריסה צבר 190גר,גרמים,190.00,100 גרם,false,,13.90,7.3158,true,1,145539
7290115205176,false,פיטנס - קרקר דק כפרי פיטנס 140 גרם,נסטלה Nestle,IL,פיטנס קרקר דק כפרי 1,גרמים,140.00,100 גרם,false,,12.90,9.2143,true,1,143639
7290115205312,false,קרקר פיטנס דק עם זיתי קלמטה ועשבי תיבול,"אסם השקעות בע""מ",IL,פיטנס קרקר דק זיתים,גרמים,140.00,100 גרם,false,,12.90,9.2143,true,1,145373
7290115205527,false,פיטנס חטיף מולטגריין עם עדשים 25גר,פיטנס,IL,פיטנס חטיף מולטיגריי,גרמים,25.00,100 גרם,false,,5.90,23.6000,true,1,145718
7290115205541,false,חטיף מולטיגריין עם חומוס 25 ג' פיטנס,"אסם השקעות בע""מ",IL,פיטנס חטיף מולטיגריי,גרמים,25.00,100 גרם,false,,5.90,23.6000,true,1,145719
7290115205978,false,פתיבר ואצבעות שוקולד 180 גרם - רבנות,"ד""ר ג'רארד בע""מ",PL,פתי בר אצבעות שוקולד,גרמים,180.00,100 גרם,false,,12.90,7.1667,true,1,144918
7290115207507,false,צבר סלט טורקי 6*360גרם,ג'נרל מילס סאן אדריא,IL,צבר סלט טורקי 360גר,גרמים,360.00,100 גרם,false,,17.90,4.9722,true,1,145533
7290115207620,false,"רוטב בסגנון סויה קלאסי 290 מ""ל אסם",,,רוטב בסגנון סויה קלא,מיליליטרים,290.00,"100 מ""ל",false,,15.90,5.4828,true,1,145378
7290115207682,false,"רוטב בסגנון סויה סיני 290 מ""ל",Unknown,,רוטב בסגנון סויה סינ,מיליליטרים,290.00,"100 מ""ל",false,,13.50,4.6552,true,1,145376
7290115207774,false,טבעול המבורגר פטריות,קריות זול,IL,טבעול המבורגר פטריות,גרמים,480.00,100 גרם,false,,35.90,7.4792,true,1,144925
7290115207798,false,טבעול המבורגר חריף טבעוני 420 גרם,עיצובים 2020 (4.8),,טבעול בורגר חריף טבע,גרמים,420.00,100 גרם,false,,34.90,8.3095,true,1,144926
7290115207989,false,סירופ לימון 1 ל' ויטמינצ'יק,בית-השיטה עסיס תעשיו,IL,ויטמינצ'יק לימון 1 ל,מיליליטרים,1000.00,"100 מ""ל",false,,21.90,2.1900,true,1,144589
7290115208009,false,סירופ ענבים 1ל' ויטמינצ'יק,בית-השיטה עסיס תעשיו,IL,ויטמינציק ענבים 1 ל,מיליליטרים,1000.00,"100 מ""ל",false,,21.90,2.1900,true,1,144590
7290115208047,false,סירופ פטל 1 ל' ויטמינצ'יק,בית-השיטה עסיס תעשיו,IL,ויטמינציק פטל 1 ליטר,מיליליטרים,1000.00,"100 מ""ל",false,,21.90,2.1900,true,1,144586
7290115208320,false,אפרופו חטיף בטעם ביסלי בצל 50 גרם,"אסם השקעות בע""מ",IL,אפרופו בטעם ביסלי בצ,גרמים,50.00,100 גרם,false,,5.50,11.0000,true,1,146946
7290115208597,false,אסם קרמוגית מיניס קרמל מלוח 200 גרם,"אסם השקעות בע""מ",IL,קרמוגית מיניס קרמל מ,גרמים,200.00,100 גרם,false,,12.90,6.4500,true,1,146069
7290115208801,false,לחמית דבש ואגוזים 190ג אסם,Unknown,IL,לחמית דבש ואגוזים 19,גרמים,190.00,100 גרם,false,,11.90,6.2632,true,1,146262
7290115209198,false,במבה אורירית 80 ג' אסם,אסם השקעות בעמ,IL,במבה אורירית אסם 80,גרמים,80.00,100 גרם,false,,5.60,7.0000,true,1,145717
7290115209235,false,אסם פתי בר קפה 500 גרם,קריות זול,IL,פתי בר קפה 500 גרם א,גרמים,500.00,100 גרם,false,,14.90,2.9800,true,1,146626
7290115209358,false,במבה במילוי קרם בטעם בראוניז,"אסם השקעות בע""מ",IL,במבה במילוי בראוניז,גרמים,60.00,100 גרם,false,,5.60,9.3333,true,1,146943
7290115671155,false,שלישיית סוכריות FRESH ענבים 45 ג' בזוקה,ALPRO,,שלישיית סוכריות פרש,גרמים,135.00,100 גרם,false,,9.90,7.3333,true,1,144376
7290115675696,false,דגני בוקר קראנצ'ים שיבולת שועל עם אגוזים ושקדים,גלידות שטראוס,IL,דגני בוקר קוואקר קרו,גרמים,375.00,100 גרם,false,,23.90,6.3733,true,1,143353
7290115675702,false,דגני בוקר קראנצ'ים שיבולת שועל עם פירות מיובשים,גלידות שטראוס,IL,דגני בוקר קוואקר קרו,גרמים,375.00,100 גרם,false,,23.90,6.3733,true,1,143354
7290115675986,false,יוגורט עם אגוזי לוז ושקדים בקרמל מלוח 4.5%,"שטראוס בריאות בע""מ",IL,דנונה בר עם אגוזים מ,גרמים,173.00,100 גרם,false,,4.90,2.8324,true,1,141279
7290115676037,false,דנונה ריפרש יוגורט עם תות ודומדמניות 1.6% שומן,מיוצר עי קונדיטוריית,IL,דנונה ריפרש יוגורט ב,גרמים,250.00,100 גרם,false,,5.90,2.3600,true,1,142345
7290115676099,false,משקה דנונה פרו 20 יוגורט וניל 255 ג' רבנות,"שטראוס בריאות בע""מ.",IL,דנונה פרו משקה בטעם,גרמים,255.00,100 גרם,false,,7.70,3.0196,true,1,142350
7290115676273,false,קקאו 500גר' +10% תוספת,שטראוס גרופ,IL,קקאו עלית 500 גרם+10,גרמים,550.00,100 גרם,false,,29.90,5.4364,true,1,142185
7290115677362,false,נודלס טריאקי 350 ג' דלישס,"טרופיקל דגיל בע""מ אז",IL,נודלס טריאקי 350גרם,גרמים,350.00,100 גרם,false,,28.90,8.2571,true,1,147122
7290115677409,false,אורז קארי צהוב עם ירקות ברוטב קארי וקרם קוקוס,אוכל ביתי ניר עציון,IL,אורז קארי צהוב דלישס,גרמים,350.00,100 גרם,false,,28.90,8.2571,true,1,147116
7290115677423,false,אורז קארי ירוק חריף 350 ג' דלישס,"טרופיקל דגיל בע""מ אז",IL,אורז קארי ירוק חריף,גרמים,350.00,100 גרם,false,,28.90,8.2571,true,1,147117
7290115677676,false,חומוס עשיר בטחינה גולמית עם מלא חריף 400 גר אחלה,,,חומוס הסדרה המובחרת,גרמים,400.00,100 גרם,false,,14.90,3.7250,true,1,141415
7290115677904,false,חומוס פלפלים חריף 235 גרם אחלה,מיוצר עי קונדיטוריית,IL,חומוס פלפלים חריף 23,גרמים,235.00,100 גרם,false,,10.90,4.6383,true,1,142167
7290115677966,false,ממרח אבוקדו 200 ג' שטראוס,סנטה אירפואטו,MX,ממרח אבוקדו טעם הטבע,גרמים,200.00,100 גרם,false,,15.90,7.9500,true,1,143987
7290115678376,false,מעדן הגולן שוקולד 125 גרם,מיוצר עי קונדיטוריית,IL,מעדן הגולן שוקולד 12,גרמים,125.00,100 גרם,false,,3.20,2.5600,true,1,142984
7290115678383,false,מעדן הגולן שוקולד מריר 125 גר,מיוצר עי קונדיטוריית,IL,מעדן הגולן שוקולד מר,גרמים,125.00,100 גרם,false,,3.20,2.5600,true,1,142985
7290115678598,false,חסה אייסברג חיתוך גס,קריות זול,,חסה אייסברג חיתוך גס,גרמים,300.00,100 גרם,false,,10.90,3.6333,true,1,143872
7290115678970,false,מארז סוכריות FRESH בטעם בזוקה עלית 3*15 ג',,,שלישיית סוכריות פרש,גרמים,45.00,100 גרם,false,,9.90,22.0000,true,1,142990
7290116530185,false,דגני בוקר דלישקד קרמל מלוח 400 ג' תלמה,יוניליוור שפע ישראל,IL,דגני בוקר דלישקד קרמ,גרמים,400.00,100 גרם,false,,23.90,5.9750,true,1,143628
7290116531021,false,שוקולד חלב ורד הגליל,יוניליוור ישראל מזון,IL,ורד הגליל טבלה שוקול,גרמים,100.00,100 גרם,false,,5.90,5.9000,true,1,144458
7290116531243,false,"שמפו ומרכך 2ב-1 למניעת קשקשים 700 מ""ל פינוק",יוניליוור,IL,פינוק שמפו ומרכך 2,מיליליטרים,700.00,"100 מ""ל",false,,13.90,1.9857,true,1,143855
7290116532462,false,גלידת שמנת קליק בטעמי שוקולד בננה 384 ג' שטראוס,"גלידת שטראוס בע""מ, ר",IL,גלידה פיינט קליק שוק,מיליליטרים,520.00,"100 מ""ל",false,,19.90,3.8269,true,1,145449
7290116532486,false,גלידת שמנת קליק בטעמי וניל קרמל מלוח 384 ג' שטראוס,"גלידת שטראוס בע""מ, ר",IL,גלידה פיינט קליק וני,מיליליטרים,520.00,"100 מ""ל",false,,19.90,3.8269,true,1,145451
7290116532585,false,דגני בוקר ברנפלקס קרנצ'ים בטעם דבש וקינמון,יוניליוור שפע ישראל,IL,ברנפלקס קראנצ'ים דבש,גרמים,375.00,100 גרם,false,,23.90,6.3733,true,1,145452
7290116533063,false,שוגי בטעם קרטיב ענבים 400 גרם,יוניליוור,IL,שוגי קרטיב ענבים 400,גרמים,400.00,100 גרם,false,,19.90,4.9750,true,1,145644
7290116851372,false,כף אשפה קטן,,,כף אשפה קטן,יחידה,0.00,יחידה,false,,5.90,0.0000,true,1,144792
7290116930015,false,חטיף חלבון GO קרמל ח.בוטנים קריספי 20 גרם חלבון,תנובה,IL,חטיף חלבון גו בטעם ק,גרמים,60.00,100 גרם,false,,12.90,21.5000,true,1,145367
7290116930282,false,ארוחה בקטנה לאבנה עם קרקרים 150ג' תנובה,תנובה,IL,ארוחה בקטנה לאבנה עם,גרמים,150.00,100 גרם,false,,8.90,5.9333,true,1,146575
7290116930435,false,יוגורט יופלה GO במרקם סמיך עם דובדבן 0%,תנובה מרכז שיתופי לש,IL,יוגורט גו סמיך 0% דו,גרמים,200.00,100 גרם,false,,6.40,3.2000,true,1,145547
7290116930466,false,"משקה SHAKE בננה מנגן פסיפלורה והל 230 מ""ל יופלה",יופלה Yoplait,IL,יופלה שייק מנגו בננ,מיליליטרים,230.00,"100 מ""ל",false,,8.90,3.8696,true,1,145649
7290116930480,false,"משקה SHAKE בננה קיווי תפוח 230 מ""ל יופלה",יופלה Yoplait,IL,יופלה שייק בננה קיו,מיליליטרים,230.00,"100 מ""ל",false,,8.90,3.8696,true,1,145650
7290116930718,false,מעדן תנובה דיאט בטעם שוקולד וקרמל מלוח 0% 150ג' תנובה,"תנובה בע""מ",IL,מעדן תנובה דיאט שוקו,מיליליטרים,150.00,"100 מ""ל",false,,4.50,3.0000,true,1,146053
7290116930725,false,סויה BIO קוקוס גביע 150 גרם אלטרנטיב,תנובה בעמ,IL,סויה ביו קוקוס 150ג,גרמים,150.00,100 גרם,false,,4.90,3.2667,true,1,146276
7290116931074,false,פרוסות טל העמק 32% 300 גרם,"תנובה בע""מ",IL,פרוסות טל העמק 32% 3,גרמים,300.00,100 גרם,false,,29.90,9.9667,true,1,146572
7290116931104,false,יופלה גו במרקם סמיך עם אננס 0% שומן 200ג',תנובה בעמ,IL,יוגורט גו סמיך עם אנ,גרמים,200.00,100 גרם,false,,5.90,2.9500,true,1,146277
7290116931289,false,יוגורט GO סמיך אלפחורס 200 גרם,תנובה מרכז שיתופי לש,IL,יוגורט גו סמיך אלפחו,גרמים,200.00,100 גרם,false,,6.40,3.2000,true,1,147769
7290117260074,false,שעועית ירוקה חתוכה מוקפאת 800 גר',,,שעועית ירוקה חתוכה מ,גרמים,800.00,100 גרם,false,,9.90,1.2375,true,1,146658
7290117260487,false,ניוקי תפוחי אדמה מצו,,,ניוקי תפוחי אדמה מצו,גרמים,500.00,100 גרם,false,,14.90,2.9800,true,1,146962
7290117260562,false,חמאה כפרית מסורתית בגביע,וילי פוד,TR,חמאה בגביע 225 גרם,גרמים,225.00,100 גרם,false,,18.90,8.4000,true,1,147181
7290117260821,false,גבינת כבשים צ'אנק עם פטריות כמהין 150 ג' אל פסטור,,,גבינת כבשים צאנק עם,גרמים,150.00,100 גרם,false,,29.90,19.9333,true,1,144940
7290117261057,false,זוג קינוחים בטעם קרם עוגיות 140ג',,,זוג קינוחים בטעם קרם,גרמים,140.00,100 גרם,false,,12.90,9.2143,true,1,146112
7290117261125,false,זוג קינוחים בטעם וניל בציפוי שוקולד לבן 140ג',Euro יורו מחלבות אירופה,,זוג קינוחים בטעם וני,גרמים,140.00,100 גרם,false,,12.90,9.2143,true,1,146111
7290117261378,false,גבינת קשקבל לייט 250 גר 8% שומן,סאסו פטוראגס קומטויס,TR,גבינת קשקבל לייט 8%,גרמים,250.00,100 גרם,false,,16.90,6.7600,true,1,145869
7290117261422,false,יוגורט פרוביוטי עם תות שדה 2% 125גרם,Euro יורו מחלבות אירופה,TR,יוגורט פרוביוטי עם ת,גרמים,125.00,100 גרם,false,,3.50,2.8000,true,1,147219
7290117261439,false,יוגורט פרוביוטי עם פירות יער 2% 125גרם,Euro יורו מחלבות אירופה,TR,יוגורט פרוביוטי עם פ,גרמים,125.00,100 גרם,false,,3.50,2.8000,true,1,147220
7290117261446,false,יוגורט פרוביוטי עם אפרסק ומשמש 2% 125גרם,Euro יורו מחלבות אירופה,TR,יוגורט פרוביוטי עם א,גרמים,125.00,100 גרם,false,,3.50,2.8000,true,1,147221
7290117261521,false,סלמון אטלנטי בשמן קנולה 120 גרם,קריות זול,LV,סלמון אטלנטי בשמן קנ,גרמים,120.00,100 גרם,false,,12.90,10.7500,true,1,146546
7290117261538,false,סלמון אטלנטי בשמן קנולה וצ'ילי 120 גרם,קריות זול,LV,סלמון אטלנטי בשמן קנ,גרמים,120.00,100 גרם,false,,12.90,10.7500,true,1,146549
7290117261545,false,סלמון אטלנטי ברוטב טריאקי 120 גרם,קריות זול,LV,סלמון אטלנטי ברוטב ט,גרמים,120.00,100 גרם,false,,12.90,10.7500,true,1,146553
7290117261569,false,סלמון אטלנטי מעושן בשמן קנולה 120 גרם,קריות זול,LV,סלמון אטלנטי מעושן ב,גרמים,120.00,100 גרם,false,,12.90,10.7500,true,1,146547
7290117261590,false,סרדינים בריסלינג מעושנים בשמן זית 129 גרם,קריות זול,,סרדינים בריסלינג מעו,גרמים,185.00,100 גרם,false,,14.90,8.0541,true,1,146971
7290117262931,false,"קינוח בטעם מנגו, 85 גרם",,,קינוח בטעם מנגו יורו,גרמים,85.00,100 גרם,false,,12.90,15.1765,true,1,147571
7290117380864,false,עוגות בראוניס אישיות בטעם שוקולד 120 ג' סלים דליס פייבר,הלמה הלום,NL,סלים דליס עוגות בראו,גרמים,120.00,100 גרם,false,,15.90,13.2500,true,1,147618
7290117380871,false,עוגות אישיות בטעם אוכמניות 120 ג' סלים דליס פייבר,הלמה הלום,NL,סלים דליס עוגות אישי,גרמים,120.00,100 גרם,false,,15.90,13.2500,true,1,147616
7290117860045,false,שמפו תמציות אלוורה ותה ירוק לשיער רגיל,קריות זול,,הוואי שמפו מטפח לשיע,מיליליטרים,700.00,"100 מ""ל",false,,14.90,2.1286,true,1,147228
7290117860083,false,"קרם רחצה בניחוח אירוס זהוב ודבש 700 מ""ל הוואי",הוואי,,הוואי קרם בניחוח איר,מיליליטרים,700.00,"100 מ""ל",false,,14.90,2.1286,true,1,147251
7290117860144,false,שמפו למניעת קשקשים לשימוש יומיומי,קריות זול,,הוואי שמפו למניעת קש,מיליליטרים,700.00,"100 מ""ל",false,,14.90,2.1286,true,1,147229
7290117860649,false,"שמפו קרטין, שמן קיק ומי ורדים",הוואי,,הוואי שמפו ללא סולפט,מיליליטרים,700.00,"100 מ""ל",false,,14.90,2.1286,true,1,147231
7290117860694,false,"מרכך קרטין, שמן קיק ומי ורדים",הוואי,,הוואי מרכך ללא סולפט,מיליליטרים,700.00,"100 מ""ל",false,,14.90,2.1286,true,1,147240
7290117860847,false,"הוואי רעננות מושלמת לגבר לשיער, גוף, פנים וזקן",קריות זול,,הוואי שמפו 4 ב-1 לגב,מיליליטרים,700.00,"100 מ""ל",false,,14.90,2.1286,true,1,147234
7290117860892,false,"הוואי - תחליב רחצה יוגורט בניחוח וניל ודבש 700 מ""ל",הוואי,,הוואי תחליב רחצה יוג,מיליליטרים,700.00,"100 מ""ל",false,,14.90,2.1286,true,1,147244
7290117860991,false,"תחליב רחצה יוגורט בניחוח שקדים 700 מ""ל הוואי",,,הוואי תחליב רחצה יוג,מיליליטרים,700.00,"100 מ""ל",false,,14.90,2.1286,true,1,147249
7290118420378,false,פתיבר פינוקים בטעם תותים בשמנת - חלבי,קריות זול,IL,פתי בר פינוקים תותים,גרמים,220.00,100 גרם,false,,12.90,5.8636,true,1,146948
7290118420477,false,בייגלה שטוחים בטעם ביסלי בצל 300ג' אסם,אסם,IL,בייגלה שטוחים בטעם ב,גרמים,300.00,100 גרם,false,,12.50,4.1667,true,1,146947
7290118420514,false,אינסטנט פודינג נוגט 75ג' אסם,"אסם השקעות בע""מ",IL,אסם אינסטנט פודינג נ,גרמים,75.00,100 גרם,false,,6.30,8.4000,true,1,146942
7296058000526,false,פרח פרכיות כוסמת 130 גרם,פרח תעשיות,IL,פריכיות כוסמת 130גר,גרמים,130.00,100 גרם,false,,7.90,6.0769,true,1,116866
7296058110010,false,"פריכיות אורז פרח כשל""פ 110 גר'",,,פריכיות אורז מלא 110,גרמים,110.00,100 גרם,false,,4.90,4.4545,true,1,141342
7296082000035,false,ביצים פלוס אומגה3 6י,המכון למיון ושיווק ב,IL,ביצים פלוס אומגה3 6י,יח',6.00,יח',false,,15.90,2.6500,true,1,44845
7296082000066,false,ביצים פלוס 12יח L,,,ביצים פלוס 12יח L,יח',12.00,יח',false,,17.90,1.4917,true,1,90356
7296082000080,false,ביצים חופש 12יח,המכון למיון ושיווק ב,IL,ביצים חופש 12יח,יח',12.00,יח',false,,21.90,1.8250,true,1,53321
7296082000134,false,ביצים רגילות לארג' 1,המכון למיון ושיווק ב,IL,ביצים רגילות לארג' 1,יח',12.00,יח',false,,12.05,1.0042,true,1,53325
7296082000141,false,ביצים רגילות מדיום 1,המכון למיון ושיווק ב,IL,ביצים רגילות מדיום 1,יחידה,0.00,יחידה,false,,11.15,0.0000,true,1,53326
7296082000165,false,ביצים אורגניות 12יח,המכון למיון ושיווק ב,IL,ביצים אורגניות 12יח,יח',12.00,יח',false,,25.90,2.1583,true,1,53327
7296082000172,false,ביצים פלוס 30יח M,,,ביצים פלוס 30יח M,יח',30.00,יח',false,,41.90,1.3967,true,1,125033
7296082000189,false,ביצים פלוס 30יח L,,,ביצים פלוס 30יח L,יח',30.00,יח',false,,41.90,1.3967,true,1,90358
7296082000202,false,ביצים סופר טריה לארג,,,ביצים סופר טריה לארג,יח',18.00,יח',false,,18.07,1.0039,true,1,74369
7296155150698,false,דלי פיה סופר,,,דלי פיה סופר,יחידה,0.00,יחידה,false,,9.90,0.0000,true,1,128493
7394376123337,false,"משקה שיבולת שועל אורגני אוטלי , 1 ל'",טרנסומס פוד איי.בי,SE,משקה שיבולת שועל אור,מיליליטרים,1000.00,"100 מ""ל",false,,14.90,1.4900,true,1,139154
7394376615825,false,"אוטלי משקה שיבולת שועל בתוספת סידן וויטמינים , 1 ל'",אוטלי OATLY,SE,משקה שיבולת שועל מוע,מיליליטרים,1000.00,"100 מ""ל",false,,14.90,1.4900,true,1,139155
7394376616778,false,אוטלי משקה שיבולת שועל להקצפה בריסטה 1 ליטר,אוטלי OATLY,SE,משקה שיבולת שועל להק,מיליליטרים,1000.00,"100 מ""ל",false,,16.90,1.6900,true,1,139157
7501013122053,false,ג'ומקס מיץ אפרסק קרטונית ליטר תריסר,חומקס קומר קומרסאליז,MX,נקטר ג'ומקס אפרסק קר,מיליליטרים,1000.00,"100 מ""ל",false,,9.90,0.9900,true,1,132345
7501013122114,false,"נקטר משקה אננס בקרטונית ג'ומקס, 1 ל'",חומקס קומר קומרסאליז,MX,נקטר ג'ומקס אננס קרט,מיליליטרים,1000.00,"100 מ""ל",false,,9.90,0.9900,true,1,132346
7501064191398,false,שישיית בירה קורונה אקסטרא *355 מל,קריניציה ויטמינה אס,MX,בירה קורונה בקבוק שי,מיליליטרים,2130.00,"100 מ""ל",false,,36.90,1.7324,true,1,124671
7610008059097,false,טבלת שוקולד בלונד רגוסה 100 ג',,,שוקולד רגוסה בלונד 1,גרמים,100.00,100 גרם,false,,15.90,15.9000,true,1,140425
7610008622000,false,שוקולד קמיל בלוך מוס,,,שוקולד קמיל בלוך מוס,גרמים,100.00,100 גרם,false,,14.90,14.9000,true,1,116219
7610113011652,false,"בקרדי בריזר תפוח 275 מ""ל בקבוק",בקרדי בריזר Bacardi Breezer,BE,בקרדי בריזר בטעם תפו,מיליליטרים,275.00,"100 מ""ל",false,,16.90,6.1455,true,1,138919
7610243004463,false,"דורגול - מרסס להסרת אבנית במקלחון 600 מ""ל",יעקבי- דורגול Durgol,CH,דורגול מסיר אבן מרסס,מיליליטרים,500.00,"100 מ""ל",false,,21.90,4.3800,true,1,62088
7610400010481,false,שוקולד לינדט אקסלנס,לינדט Lindt,FR,שוקולד לינדט אקסלנס,גרמים,100.00,100 גרם,false,,16.90,16.9000,true,1,54103
7610400014632,false,שוקולד שויצרי לבן בו,לינדט Lindt,CH,שוקולד לינדט לינדור,גרמים,100.00,100 גרם,false,,16.90,16.9000,true,1,54107
7610400014649,false,שוקולד חלב במילוי קרם רך,לינדט ושפרונגלי,CH,שוקולד לינדט לינדור,גרמים,100.00,100 גרם,false,,16.90,16.9000,true,1,54108
7610400068369,false,שוקולד חלב במילוי קרם אגוזים,לינדט ושפרונגלי,CH,שוקולד לינדט לינדור,גרמים,100.00,100 גרם,false,,16.90,16.9000,true,1,120550
7610400068529,false,בונבוניירת לינדור Lindor מעורבב,לינדט ושפרונגלי,CH,לינדור בונבוניירה אס,גרמים,200.00,100 גרם,false,,25.90,12.9500,true,1,62587
7610400070577,false,שוקולד מריר אקסלנס עם צ'ילי,לינדט Lindt,CH,שוקולד לינדט אקסלנס,גרמים,100.00,100 גרם,false,,16.90,16.9000,true,1,87170
7610400091060,false,שוקולד מריר לינדט אקסלנס בתוספת תפוז ושקדים,לינדט ושפרונגלי,,שוקולד לינדט אקסלנס,גרמים,100.00,100 גרם,false,,16.90,16.9000,true,1,138559
7613030979647,false,דגני בוקר טריקס פירות עולם היורה 480 ג',ג'נרל מילס סאן אדריא,IL,טריקס 480 גרם,גרמים,480.00,100 גרם,false,,27.90,5.8125,true,1,121672
7613032045753,false,פיטנס - דגני בוקר שוקולד 375 גרם,נסטלה צרפת איטנקורט,FR,פיטנס שוקולד 375 גרם,גרמים,375.00,100 גרם,false,,24.90,6.6400,true,1,47347
7613033548192,false,פיטנס - דגני בוקר שוקולד מריר 375 גרם,נסטלה צרפת איטנקורט,FR,פיטנס דגני בוקר שוקו,גרמים,375.00,100 גרם,false,,24.90,6.6400,true,1,72452
7613035622623,false,פיטנס - גרנולה שקדים ודבש 300 גרם,שוורצקוף& הנקל דיסלד,LT,פיטנס גרנולה שקדים ו,גרמים,300.00,100 גרם,false,,17.90,5.9667,true,1,91455
7613035635845,false,פיטנס גרנולה שוקולד 14*300 גרם,שוורצקוף& הנקל דיסלד,LT,פיטנס גרנולה שוקולד,גרמים,300.00,100 גרם,false,,17.90,5.9667,true,1,91456
7613035807778,false,פרפקטו רוטב עגבניות לבולונז 400 ג' אסם,אסם פרפקטו Perfecto,ES,רוטב עגבניות לבולונז,גרמים,400.00,100 גרם,false,,10.90,2.7250,true,1,113513
7613035809109,false,פרפקטו רוטב עגבניות ובזיליקום 400 ג'אסם,אסם פרפקטו Perfecto,ES,רוטב עגבניות ובזיליק,גרמים,400.00,100 גרם,false,,10.90,2.7250,true,1,113514
7613035809123,false,פרפקטו רוטב עגבניות עם פלפלים 400 ג' אסם,אסם פרפקטו Perfecto,ES,רוטב עגבניות עם פלפל,גרמים,400.00,100 גרם,false,,10.90,2.7250,true,1,113515
7613035809857,false,פרפקטו רוטב עגבניות לפסטה ולבישול 400 ג' אסם,אסם פרפקטו Perfecto,ES,רוטב עגבניות לפסטה ו,גרמים,40.00,100 גרם,false,,10.90,27.2500,true,1,113516
7613036314114,false,נסקפה גולד Gold קפה נמס מיובש בתוספת קפה קלוי,נסקפה Nescafe,,נסקפה גולד 200גר,גרמים,200.00,100 גרם,false,,49.90,24.9500,true,1,121355
7613036520492,false,פרפקטו רוטב עגבניות לפיצה 400 ג',אסם פרפקטו Perfecto,ES,רוטב עגבניות לפיצה פ,גרמים,400.00,100 גרם,false,,10.90,2.7250,true,1,120620
7613036710879,false,מארז מיני חטיפי קיט קט צ'אנקי Kit Kat Chanky,נסטלה Nestle,,קיט קט צ'אנקי מיני 1,גרמים,194.00,100 גרם,false,,10.90,5.6186,true,1,123322
7613037276091,false,נסטלה מיקס מיני אריזות דגני בוקר 200 ג',נסטלה Nestle,FR,נסטלה מיקס מיני אריז,יחידה,0.00,יחידה,false,,21.90,0.0000,true,1,129603
7613037686906,false,פיטנס - דגני בוקר שקדים ודבש 355 גרם,נסטלה צרפת איטנקורט,FR,פיטנס שקדים ודבש 355,גרמים,355.00,100 גרם,false,,24.90,7.0141,true,1,137182
7613037811629,false,דגני בוקר קורנפלקס גו פרי 500 גר',שוורצקוף& הנקל דיסלד,IL,קורנפלקס גו פרי 500ג,גרמים,500.00,100 גרם,false,,16.90,3.3800,true,1,137573
7613038268262,false,דגני בוקר צ'יריוס דבש ושקדים במתיקות מעודנת,נסטלה פולין דגני בוק,FR,דגני האני נאט צ'יריו,גרמים,410.00,100 גרם,false,,22.90,5.5854,true,1,137187
7613039547731,false,גרבר - מחית תפוח משמש פאוץ 90 גרם,כלורוקס אוקלנד,IL,גרבר מחית תפוח משמש,גרמים,90.00,100 גרם,false,,6.20,6.8889,true,1,139322
7613039547922,false,גרבר מחית תפוח בננה אגס פאוץ' 90 גר',,ES,גרבר מחית תפוח בננה,גרמים,90.00,100 גרם,false,,6.20,6.8889,true,1,139323
7613039770450,false,סנסשיונל בורגר טבעול 226 ג',ג'נרל מילס סאן אדריא,IL,טבעול סנסשיונל בורגר,גרמים,226.00,100 גרם,false,,39.90,17.6549,true,1,140263
7613287121783,false,חטיף סמרטיס מיני מאר,נסטלה Nestle,,סמארטיס מיני 187גרם,גרמים,187.00,100 גרם,false,,10.90,5.8289,true,1,142319
7613287155863,false,מטרנה מחית אגס פאוץ' 90 גר',גרבר Gerber,IL,גרבר מחית אגס פאוץ 9,גרמים,90.00,100 גרם,false,,6.20,6.8889,true,1,144966
7613287155894,false,"גרבר - מחית אפרסק כל""פ פאוץ 90 גרם",גרבר Gerber,IL,גרבר מחית אפרסק פאוץ,גרמים,90.00,100 גרם,false,,6.20,6.8889,true,1,144964
7613287155924,false,מטרנה מחית תפוח וגזר פאוץ' 90 גר',גרבר Gerber,IL,גרבר מחית תפוח גזר פ,גרמים,90.00,100 גרם,false,,6.20,6.8889,true,1,144965
7613287181411,false,מחית סלט פירות ויטמינצ'יק 110 ג',"טרופיקל דגיל בע""מ אז",IL,ויטמינצ'יק פאוץ סלט,מיליליטרים,110.00,"100 מ""ל",false,,6.90,6.2727,true,1,146651
7613287182326,false,מחית בננה תפוח ויטמינצ'יק 110 ג',"נסטלה ספרד ס.א, מפעל",ES,ויטמינצ'יק פאוץ בננ,מיליליטרים,110.00,"100 מ""ל",false,,6.90,6.2727,true,1,146652
7613287186928,false,קפסולות סטארבקס ברקפסט רוסט 12 יח',נסטלה שוויץ - קפה,CH,סטארבקס קפסולות ברקפ,יחידה,0.00,יחידה,false,,21.90,0.0000,true,1,142950
7613287325808,false,אוסם - דיפ אנד ספרד מטבל איולי שום 295 גרם,נסטלה פולין,PL,רוטב איולי שום לחיץ,גרמים,295.00,100 גרם,false,,16.90,5.7288,true,1,143612
7613287394323,false,אסם מולטי צ'יריוס 14*600 גרם 2021,פרומבראפ - אנגליה,GB,דגני מולטי ציריוס 60,גרמים,600.00,100 גרם,false,,27.90,4.6500,true,1,143046
7613287476494,false,אוסם - דיפ אנד ספרד מיונז בסגנון צרפתי 280 גרם,נסטלה פולין,PL,מיונז לחיץ אסם 280 ג,גרמים,280.00,100 גרם,false,,16.90,6.0357,true,1,143616
7613287855640,false,סטארבקס קפסולות גוואטמלה 52ג אסם,נסטלה שוויץ - קפה,IL,סטארבקס קפסולות גווא,גרמים,52.00,100 גרם,false,,21.90,42.1154,true,1,146265
7622010001858,false,עוגיות אוראו ממולאות קרם וניל 176 ג',פי אר ג'יי אס אי מנד,UA,אוראו עוגיות ממולאות,גרמים,176.00,100 גרם,false,,9.90,5.6250,true,1,113613
7622201401900,false,עוגיות מילקה סנסיישן אוראו 156 גר',מונדלז פולסקה פרודקש,PL,מילקה עוגיות סנסיישן,גרמים,156.00,100 גרם,false,,14.90,9.5513,true,1,140474
7622201801809,false,מילקה- שוק' חלב עם אגוזים 100 גר' חדש,מנדלז דויצ'לנד סנקס,DE,שוקולד חלב מילקה אגו,גרמים,100.00,100 גרם,false,,8.90,8.9000,true,1,142910
7622201802363,false,שוקולד מילקה טבלה חלב צימוקים ואגוזים 100ג',מנדלז דויצ'לנד סנקס,DE,שוקולד חלב מילקה צימ,גרמים,100.00,100 גרם,false,,8.90,8.9000,true,1,142911
7622201802394,false,שוקולד מילקה טבלה חלב 100 ג',מנדלז דויצ'לנד סנקס,DE,שוקולד מילקה חלב 100,גרמים,100.00,100 גרם,false,,8.90,8.9000,true,1,142909
7622201808631,false,מיני עוגיות אוראו במילוי קרם בטעם וניל,פי.טי. מונדלז אינדונ,ID,אוראו מיני כוסות בטע,גרמים,67.00,100 גרם,false,,9.90,14.7761,true,1,142914
7622201813390,false,וופל במילוי קרם קקאו בציפוי שוקולד חלב,מונדליז סי.אר. ביסקו,,מילקה וואפל במילוי ק,גרמים,150.00,100 גרם,false,,14.90,9.9333,true,1,142919
7622201819408,false,שוקולד מילקה דארק קר,מונדלז דויטשלנד סנאק,DE,שוקולד מילקה דארק קר,גרמים,85.00,100 גרם,false,,7.90,9.2941,true,1,143543
7622201819552,false,שוקולד מילקה דארק 85,מונדלז דויטשלנד סנאק,DE,שוקולד מילקה דארק 85,גרמים,85.00,100 גרם,false,,7.90,9.2941,true,1,143544
7622201823733,false,עוגיות ת`ינס דקות 151 ג' מילקה,,,עוגיות מילקה תינס דק,גרמים,151.00,100 גרם,false,,14.90,9.8675,true,1,147490
7622210078131,false,מילקה שוקולד חלב במילוי קרם שמנת 100 ג',מנדלז דויצ'לנד סנקס,DE,שוקולד מילקה חלב עם,גרמים,100.00,100 גרם,false,,8.90,8.9000,true,1,117080
7622210392589,false,טובלרון טייני חלב 200 גרם,,,טובלרון טייני חלב 20,גרמים,200.00,100 גרם,false,,15.90,7.9500,true,1,146635
7622210453327,false,עוגיות שוקוצ'יפס במילוי שוקולד סנסיישן,מנדלז פולסקה פרודקשן,PL,מילקה עוגיות סנסיישן,גרמים,156.00,100 גרם,false,,14.90,9.5513,true,1,118706
7622210826053,false,שוקולד מילקה אוראו סנדוויץ 92 גר',גיאורי קאקסז קייאףטי,HU,שוקולד מילקה אוראו ס,גרמים,92.00,100 גרם,false,,8.90,9.6739,true,1,140477
7622300270506,false,מילקה גריינס - עוגיות שיבולת שועל מצופות שוקולד 168 ג',מונדלז פולסקה פרודקש,PL,מילקה גריינס עוגיות,גרמים,168.00,100 גרם,false,,14.90,8.8690,true,1,71667
7622300489427,false,עוגיות אוראו בציפוי שוקולד לבן 246 גרם,מנדלז אספנה גאלטס פר,ES,אוראו עוגיות בציפוי,גרמים,246.00,100 גרם,false,,15.90,6.4634,true,1,125374
7622300489434,false,"עוגיות אוראו פאדג' בציפוי שוקולד חלב, 246 גרם",מנדלז אספנה גאלטס פר,ES,אוראו עוגיות בציפוי,גרמים,246.00,100 גרם,false,,15.90,6.4634,true,1,120402
7622300617820,false,שוקלד מילקה טבלת חלב אוראו 100ג',מנדלז דויצ'לנד סנקס,DE,שוקולד מילקה אוראו 1,גרמים,100.00,100 גרם,false,,8.90,8.9000,true,1,80954
7622300761363,false,עוגיות אוראו מיני כוסות בטעם שוקו 67 ג',פי.טי. מונדלז אינדונ,ID,אוראו מיני כוסות בטע,גרמים,67.00,100 גרם,false,,9.90,14.7761,true,1,113561
7622400005190,false,שוקולד חלב ושוקולד לבן Happy Cow,מנדלז דויצ'לנד סנקס,DE,שוקולד מילקה 100גר,גרמים,100.00,100 גרם,false,,8.90,8.9000,true,1,87375
7630477891592,false,קפסולות האוס בלנד לונגו עוצמה 8 - 10 יח',נסטלה שוויץ - קפה,CH,סטארבקס קפסולות האוס,יחידה,0.00,יחידה,false,,21.90,0.0000,true,1,139305
7630477891615,false,קפסולות קפה סומטרה עוצמה 10 - 10 יח',נסטלה שוויץ - קפה,IL,סטארבקס קפסולות סומט,יחידה,0.00,יחידה,false,,21.90,0.0000,true,1,139308
7630477891639,false,קפסולות קפה ורונה עוצמה 10 - 10 יח',נסטלה שוויץ - קפה,CH,סטארבקס קפסולות האוס,יחידה,0.00,יחידה,false,,21.90,0.0000,true,1,139309
7630477891691,false,סטארבקס - קפסולות קולומביה 57 גרם * 10,נסטלה שוויץ - קפה,IL,סטארבקס קפסולות קולו,יחידה,0.00,יחידה,false,,21.90,0.0000,true,1,139318
7630477891714,false,סטארבקס - קפסולות אספרסו 57 גרם * 10,נסטלה שוויץ - קפה,CH,סטארבקס קפסולות אספר,יחידה,0.00,יחידה,false,,21.90,0.0000,true,1,139319
7630477891738,false,סטארבקס - קפסולות אספרסו בלונד 53 גרם * 10,נסטלה שוויץ - קפה,CH,סטארבקס קפסולות אספר,יחידה,0.00,יחידה,false,,21.90,0.0000,true,1,139310
7702018404476,false,קצף גילוח סירייס הגנה - 250 מל,,,גילט קצף גילוח סיריי,מיליליטרים,250.00,"100 מ""ל",false,,19.90,7.9600,true,1,113570
7702018471423,false,פיוזן רביעיות- סטארט גילט,פרןקטר אנד גמבל ברלי,PL,גילט פיוזן סכיני גיל,יחידה,0.00,יחידה,false,,59.90,0.0000,true,1,139287
7702018980833,false,"ג'ילט ג'ל גילוח סירייס מועשר בלחות - 200 מ""ל",פרוקטר & גמבל,,גילט גל גילוח מועשר,מיליליטרים,200.00,"100 מ""ל",false,,19.90,9.9500,true,1,113571
7702024074625,false,פיטנס - חטיפי קרקר חיטה מלאה 234 גרם,קומסטיבלס לה רוזה אס,CO,פיטנס חטיפי קרקר חיט,גרמים,234.00,100 גרם,false,,12.90,5.5128,true,1,121837
7702024258322,false,"חטיפי קרקר עם חיטה מלאה, צ'יה וזרעי פשתן פיטנס",נסטלה Nestle,CO,פיטנס חטיפי קרקר צ'י,גרמים,234.00,100 גרם,false,,12.90,5.5128,true,1,140061
7702174066631,false,לקקן פין פופ 10 יח' 170 גר' וסטהיים,הדקלאים אגודת שיתופי,CO,לקקן פינפופ מהדרין י,גרמים,180.00,100 גרם,false,,7.90,4.3889,true,1,63217
7702174068826,false,סוכריות לקקן במילוי טופי בטעמי יוגורט פירות,הדקלאים אגודת שיתופי,CO,לקקן עם סוכריות טופי,יחידה,0.00,יחידה,false,,11.90,0.0000,true,1,80392
7702174068833,false,סוכריות לקקן במילוי טופי בטעמי גלידת פירות,הדקלאים אגודת שיתופי,CO,לקקן בטעם גלידה יוגט,יחידה,0.00,יחידה,false,,11.90,0.0000,true,1,80046
7702174073783,false,סוכריות על מקל בטעם קולה במילוי גומי לעיסה,הדקלאים אגודת שיתופי,CO,לקקן פינפופ קולה יוג,גרמים,180.00,100 גרם,false,,7.90,4.3889,true,1,89718
7792860006218,false,סוכריות לקקנים בייבי דול Baby Doll לריטר,גוד פוד פרודקטס S.p,AR,סוכריות לקקנים בייבי,גרמים,24.00,100 גרם,false,,2.70,11.2500,true,1,62109
7804414000860,false,יין דון חוליו קברנה סוביניון,לואיס פליפה אדוארדס,,דון חוליו קברנה סובנ,מיליליטרים,750.00,"100 מ""ל",false,,34.90,4.6533,true,1,65014
7804414000884,false,יין שרדונה דון חוליו,לואיס פליפה אדוארדס,,דון חוליו שרדונה 750,מיליליטרים,750.00,"100 מ""ל",false,,34.90,4.6533,true,1,65022
7891024130063,false,"קולגייט מי פה פלאקס ללא אלכוהול 500 מ""ל מהדרין",קולגייט Colgate,BR,קולגייט מי פה פלאקס,מיליליטרים,500.00,"100 מ""ל",false,,19.90,3.9800,true,1,64399
8000380003723,false,גרנד פטיסרי עוגיות וופל אגוזים 100ג',קריניציה ויטמינה אס,IT,גרנד פטיסרי וופל אגו,גרמים,100.00,100 גרם,false,,14.90,14.9000,true,1,54521
8000380004676,false,קוביות וופל סנדוויץ Sandwich עם וניל וחלב,"א. לואקר, קונפקט ג'י",AT,וופל לואקר קוביות סנ,גרמים,200.00,100 גרם,false,,14.90,7.4500,true,1,54523
8000380004881,false,וופל קוארדטיני לואקר קוביות טרמיסו 220ג',קריניציה ויטמינה אס,IT,וופל קואדרטיני טרמיס,גרמים,220.00,100 גרם,false,,15.50,7.0455,true,1,54525
8000380004911,false,קוביות וופל קואדרטיני Quadratini קרם אגוזים,קריניציה ויטמינה אס,AT,וופל קואדרטיני אגוז,גרמים,250.00,100 גרם,false,,15.50,6.2000,true,1,54526
8000380004966,false,וופל קוארדטיני לואקר קוביות שוקולד 250ג',קריניציה ויטמינה אס,AT,וופל לואקר קוביות קק,גרמים,250.00,100 גרם,false,,15.50,6.2000,true,1,54527
8000380005598,false,מארז וופל שוקולד טורטינה Tortina שוקולד מריר,לואקר Loacker,IT,טורטינה שישיה מריר 1,גרמים,125.00,100 גרם,false,,19.90,15.9200,true,1,64940
8000380007257,false,וופל גרנדה מצופה שוקולד 200ג',קריניציה ויטמינה אס,IT,וופל גרדנה אגוז 200ג,גרמים,200.00,100 גרם,false,,15.50,7.7500,true,1,54530
8000380007271,false,וופל לואקר קרם חלב 175ג',לואקר Loacker,AT,וופל לואקר חלב 175גר,גרמים,175.00,100 גרם,false,,12.90,7.3714,true,1,54532
8000380106028,false,טורטינה לואקר וופל שוקולד ואגוזים שישיה 125ג',קריניציה ויטמינה אס,IT,טורטינה שישיה חלב 12,גרמים,125.00,100 גרם,false,,19.90,15.9200,true,1,59765
8000380144044,false,וופל גרדנה לואקר שוקולד 200ג',"א. לואקר , AG/SpA, ו",IT,וופל גרדנה שוקולד 20,גרמים,200.00,100 גרם,false,,15.50,7.7500,true,1,54534
8000380152704,false,וופל אצבעות גרדנה חטיפי אגוז שוקו' 125גר,"אינסטנטה בע""מ",IT,לואקר גרדנה אצבעות ו,גרמים,125.00,100 גרם,false,,16.90,13.5200,true,1,79800
8000380153534,false,מארז וופל שוקולד טורטינה Tortina שוקולד לבן,לואקר Loacker,IT,טורטינה לבן 125גר,גרמים,125.00,100 גרם,false,,19.90,15.9200,true,1,82612
8000380157570,false,וופל קלאסי לואקר 262,,,וופל קלאסי לואקר 262,גרמים,262.50,100 גרם,false,,14.90,5.6762,true,1,118830
8000380180721,false,וופל לואקר קקאו וקרם חלב 175ג',קריניציה ויטמינה אס,AT,וופל לואקר קלאסיק שו,גרמים,175.00,100 גרם,false,,12.90,7.3714,true,1,90928
8000380180745,false,קוביות וופל קואדרטיני קקאו במילוי קר חלב,"א. לואקר, קונפקט ג'י",AT,וופל קואדרטיני שוקו,גרמים,250.00,100 גרם,false,,15.50,6.2000,true,1,90929
8000380192199,false,לואקר דאבל שוקולד 175 גר',לואקר Loacker,IT,וופל לואקר דאבל שוקו,גרמים,175.00,100 גרם,false,,12.90,7.3714,true,1,123676
8000380192588,false,קוביות וופל קואדרטיני דאבל שוקולד,קריניציה ויטמינה אס,AT,וופל קואדרטיני דאבל,גרמים,250.00,100 גרם,false,,15.50,6.2000,true,1,124026
8000380205523,false,וופל קלאסיק בטעם חמאת בוטנים,לואקר Loacker,AT,וופל לואקר קלאסיק חמ,גרמים,175.00,100 גרם,false,,12.90,7.3714,true,1,145327
8000500023624,false,חטיפי הפי היפו Happy Hippo במילוי קרם חלב וקקאו,קינדר Kinder,DE,קינדר הפי היפו חמישי,גרמים,102.00,100 גרם,false,,15.50,15.1961,true,1,54536
8000500026731,false,שוקולד ביצי הפתעה קינדר שלישייה,קריות זול,IT,קינדר ביצי שוקולד 3*,גרמים,60.00,100 גרם,false,,15.90,26.5000,true,1,89717
8000500028124,false,"קינדר ג'וי, שלישיה 3 * 20 גרם",קריות זול,,קינדר ג'וי שלישייה 3,גרמים,60.00,100 גרם,false,,15.90,26.5000,true,1,146657
8000500029350,false,מארז וופל מצופה 3יח' *43 גרם קינדר בואנו,קינדר Kinder,PL,קינדר בואנו שלישייה,גרמים,129.00,100 גרם,false,,12.90,10.0000,true,1,54540
8000500032237,false,בונבוניירה פררו רושר 375ג',פררו Ferrero,IT,*מבצע* פררו רושר בונ,גרמים,372.00,100 גרם,false,,42.90,11.5323,true,1,54541
8000500071083,false,אצבעות שוקולד קינדר Kinder שש עשרה יחידות,קינדר Kinder,IT,קינדר אצבעות שוקולד,גרמים,200.00,100 גרם,false,,14.90,7.4500,true,1,54545
8000500121436,false,מארז קינדר בואנו Kinder Bueno לבן שלוש יחידות,קינדר Kinder,PL,קינדר בואנו לבן שליש,גרמים,117.00,100 גרם,false,,12.90,11.0256,true,1,69737
8000500227848,false,נוטלה - בי רדי אצבעות ביסקוויט במילוי שוקולד 6 יח' * 22 גרם,Unknown,,נוטלה בי רדי 132 גרם,גרמים,132.00,100 גרם,false,,12.90,9.7727,true,1,121507
8000500247167,false,פררו רושה קולקשיין 269ג',פררו,DE,פררו רושר קולקשיין ב,גרמים,259.00,100 גרם,false,,48.90,18.8803,true,1,118058
8000500249352,false,קינדר בואנו מיני מיקס שקית 205 ג',קינדר Kinder,PL,קינדר בואנו מיני מיק,גרמים,205.00,100 גרם,false,,22.90,11.1707,true,1,119274
8000500256213,false,קינדר שוקולד מיני בשקית.,קדבורי,IT,קינדר שוקולד מיני 12,גרמים,120.00,100 גרם,false,,11.90,9.9167,true,1,123174
8000500267103,false,קינדר דליס שוקול' אישי מארז 10 יח' 420 גר',קינדר Kinder,,קינדר דליס 390 גרם,גרמים,390.00,100 גרם,false,,19.90,5.1026,true,1,123162
8000500269169,false,קינדר קארדס Kinder Cards - חמישייה,קריות זול,IT,קינדר קארדס חמישייה,גרמים,128.00,100 גרם,false,,15.90,12.4219,true,1,146289
8000500310397,false,נוטלה עוגיות נוטלה בגליל 12יח' - NUTELLA BISCUITTS,קריות זול,,נוטלה ביסקוויט גליל,גרמים,166.00,100 גרם,false,,16.90,10.1807,true,1,147486
8000500353738,false,רביעיה סוכריות בטעם מנטה חזק 4 * 16 ג' טחק טק,פררו,ZA,טיק טק מנטה חזק רביע,גרמים,64.00,100 גרם,false,,11.90,18.5938,true,1,140582
8000500366073,false,נוטלה עוגיות נוטלה בשקית 20 יח'- NUTELLA BISCUITTS,נוטלה Nutella,,נוטלה ביסקוויט שקית,גרמים,276.00,100 גרם,false,,22.90,8.2971,true,1,147485
8000500386941,false,"ממרח קקאו עם אגוזי לוז, 900 גרם",קדבורי,IT,נוטלה ממרח קקאו עם א,גרמים,900.00,100 גרם,false,,29.90,3.3222,true,1,146290
8001010062844,false,חומץ בלסמי פונטי 500,מודנצטי ויה פראדה,IT,חומץ בלסמי פונטי 500,מיליליטרים,500.00,"100 מ""ל",false,,19.90,3.9800,true,1,121701
8001090222725,false,"הרבל אסנסס - שמפו שמן מורינגה 400 מ""ל",הרבל אסנס Herbal Essences,,הרבל אסנסס שמפו שמן,מיליליטרים,400.00,"100 מ""ל",false,,19.90,4.9750,true,1,129567
8001090312150,false,אריאל קפסולות גל כבי,,,אריאל קפסולות גל כבי,יחידה,0.00,יחידה,false,,59.90,0.0000,true,1,147641
8001090318428,false,אריאל קפסולות גל כבי,,,אריאל קפסולות גל כבי,יחידה,0.00,יחידה,false,,59.90,0.0000,true,1,147642
8001090336446,false,טיטולי פמפרס בייבי דריי מידה 4 34 יח',פרוקטר אנד גמבל,DE,פמפרס בייבי דריי מיד,יחידה,0.00,יחידה,false,,35.90,0.0000,true,1,136761
8001090336521,false,טיטולי פמפרס בייבי דריי מידה 5 30 יח',פרוקטר אנד גמבל,DE,פמפרס בייבי דריי מיד,יחידה,0.00,יחידה,false,,35.90,0.0000,true,1,136763
8001090375230,false,"מרכך מרוכז לחות מוגברת 200 מ""ל פנטן",פנטן Pantene,,פנטן מרכך מרוכז 200,מיליליטרים,200.00,"100 מ""ל",false,,19.90,9.9500,true,1,119266
8001090493637,false,"הד אנד שולדרס שמפו אולטרא טוטאל קר 450 מ""ל",הד אנד שולדרס H&S,,הד&שולדרס שמפו אולטר,מיליליטרים,450.00,"100 מ""ל",false,,22.90,5.0889,true,1,118531
8001090678225,false,"שולדרס מרכך סופרים משקם 275מ""ל",הד אנד שולדרס H&S,RO,"הד&שולדרס מרכך 275מ""",מיליליטרים,275.00,"100 מ""ל",false,,14.90,5.4182,true,1,123797
8001090678614,false,"שמפו סופרים לחות הד אנד שולדרס 400 מ""ל",הד אנד שולדרס H&S,,הד&שולדרס שמפו סופרי,מיליליטרים,400.00,"100 מ""ל",false,,22.90,5.7250,true,1,123788
8001090810083,false,"מרכך פנטן נוסחה קלאסית 500 מ""ל",פרוקטר אנד גמבל,RO,פנטן קונדישנר נוסחה,מיליליטרים,500.00,"100 מ""ל",false,,19.90,3.9800,true,1,122137
8001090810120,false,פנטן קונדישנר מרוקאי,פרוקטר אנד גמבל,RO,פנטן מרכך שמן מרוקאי,מיליליטרים,500.00,"100 מ""ל",false,,19.90,3.9800,true,1,122144
8001090810205,false,"שמפו נוסחה קלאסית פנטן 500 מ""ל",פרוקטר אנד גמבל,RO,פנטן שמפו נוסחה קלאס,מיליליטרים,500.00,"100 מ""ל",false,,19.90,3.9800,true,1,122138
8001090810281,false,"שמפו שמן מרוקאי משקם פנטן 500 מ""ל",פרוקטר אנד גמבל,RO,פנטן שמפו שמן מרוקאי,מיליליטרים,500.00,"100 מ""ל",false,,19.90,3.9800,true,1,122145
8001090810403,false,שמפו למגע רך כמשי פנ,פרוקטר אנד גמבל,RO,פנטן שמפו למגע רך כמ,מיליליטרים,500.00,"100 מ""ל",false,,19.90,3.9800,true,1,122134
8001090833167,false,אריאל ג'ל כביסה ניחוח הרים 2.365 ליטר,פרוקטור אנד גמבל,FR,אריאל גל כביסה ניחוח,ליטרים,2.37,ליטר,false,,36.90,15.5696,true,1,122924
8001090833198,false,אריאל ג'ל כביסה ניחוח מרענן 2.365 ליטר,פרוקטור אנד גמבל,FR,אריאל גל כביסה ניחוח,ליטרים,2.37,ליטר,false,,36.90,15.5696,true,1,122925
8001090833228,false,אריאל ג'ל כביסה קולור 2.365 ליטר,אריאל Ariel,FR,אריאל גל כביסה קולור,ליטרים,2.37,ליטר,false,,36.90,15.5696,true,1,122926
8001090899194,false,תחבושות אולוויז פלטינום נורמל 24 יח',אולוויז Always,,תחבושות אולוויז פלטי,יחידה,0.00,יחידה,false,,19.90,0.0000,true,1,132096
8001090899224,false,תחבושות אולוויז פלטינום לונג 20 יח',אולוויז Always,,תחבושות אולוויז פלטי,יחידה,0.00,יחידה,false,,19.90,0.0000,true,1,132097
8001090899255,false,תחבושות אולוויז פלטינום לילה 16 יח',Unknown,,תחבושות אולוויז פלטי,יחידה,0.00,יחידה,false,,19.90,0.0000,true,1,132098
8001090899286,false,תחבושות אולוויז פלטינום לילה בטוח 14 יח',אולוויז Always,,אולוויז תחבושות פלטי,יחידה,0.00,יחידה,false,,19.90,0.0000,true,1,132099
8001090988362,false,"שמפו לחות מוגברת פנטן 500 מ""ל","פרוקטר אנד גמבל, רומ",RO,פנטן שמפו לחות מוגבר,מיליליטרים,500.00,"100 מ""ל",false,,19.90,3.9800,true,1,122135
8001090988768,false,שמפו הזנת קרטין פנטן,פרוקטר אנד גמבל,,פנטן שמפו הזנת קרטין,מיליליטרים,500.00,"100 מ""ל",false,,19.90,3.9800,true,1,122146
8001090988881,false,מרכך פנטן קונדישנר למגע רך כמשי 500 מל,פרוקטר אנד גמבל,,פנטן קונדישנר למגע ר,מיליליטרים,500.00,"100 מ""ל",false,,19.90,3.9800,true,1,122141
8001090989000,false,פנטן מרכך הזנת קרטין,פרוקטר אנד גמבל,,פנטן מרכך הזנת קרטין,מיליליטרים,500.00,"100 מ""ל",false,,19.90,3.9800,true,1,122147
8001250152015,false,פסטה דורום פפרדלה דה,דה צ'אקו DE CECCO,IT,פסטה דורום פפרדלה דה,גרמים,500.00,100 גרם,false,,15.90,3.1800,true,1,147162
8001250152336,false,פסטה דורום פטוציני ד,,,פסטה דורום פטוציני ד,גרמים,500.00,100 גרם,false,,15.90,3.1800,true,1,147163
8001620011935,false,מים מינרלים מוגזים שישייה בקבוק אישי,אקווה מינרלה סאן בנד,IT,סאן בנדטו מוגז שישיי,מיליליטרים,3000.00,"100 מ""ל",false,,15.90,0.5300,true,1,71987
8001841500942,false,"הרבל אסנסס - שמפו ללא סולפטים אלוורה ובמבוק 380 מ""ל",הרבל אסנס Herbal Essences,FR,הרבל אסנסס שמפו ללא,מיליליטרים,380.00,"100 מ""ל",false,,19.90,5.2368,true,1,141083
8001841502298,false,"הרבל אסנסס - מרכך ללא סולפטים אלוורה ומנגו 275 מ""ל",הרבל אסנס Herbal Essences,FR,הרבל אסנסס מרכך ללא,מיליליטרים,380.00,"100 מ""ל",false,,19.90,5.2368,true,1,141084
8001841625188,false,סבון כלים פלטינום לימון X3 פעולות להסרת שומנים,פרוקטר אנד גמבל,GB,פיירי פלטינום לימון,מיליליטרים,515.00,"100 מ""ל",false,,11.90,2.3107,true,1,138506
8001841625461,false,סבון כלים פלטינום X3 פעולות להסרת שומנים,פרוקטר אנד גמבל,GB,פיירי פלטינום אורגינ,מיליליטרים,515.00,"100 מ""ל",false,,11.90,2.3107,true,1,138507
8001841912691,false,פיירי פלטיניום פלוס,,,פיירי פלטיניום פלוס,יחידה,0.00,יחידה,false,,32.90,0.0000,true,1,147639
8002270015649,false,סאן פלגרינו מים מוגז,סן פלגרינו ס.פ.א לוק,IT,סאן פלגרינו 250מל,מיליליטרים,250.00,"100 מ""ל",false,,7.00,2.8000,true,1,62395
8002270015656,false,מים מינרלים סן פלגרי,סן פלגרינו ס.פ.א לוק,IT,סאן פלגרינו 750מל,מיליליטרים,750.00,"100 מ""ל",false,,11.90,1.5867,true,1,60565
8002270166594,false,שישייה מים סאן פלגרי,,,סאן פלגרינו שישייה 6,מיליליטרים,1500.00,"100 מ""ל",false,,33.90,2.2600,true,1,113517
8002450204009,false,ורדי ספרקלטיני אפרסק,"איי, בי, אינבוו",IT,ורדי משקה כהלי מוגז,מיליליטרים,750.00,"100 מ""ל",false,,25.90,3.4533,true,1,65019
8002960103199,false,CA70W 'רוטב פומודורינה בצנצנת 370 ג MENU,מנורה,IT,רוטב עגבניות איטלקי,גרמים,370.00,100 גרם,false,,13.90,3.7568,true,1,147157
8002960103212,false,K070W 'רוטב שקשוקה בצנצנת 370 ג MENU,מנורה,IT,רוטב עגבניות איטלקי,גרמים,370.00,100 גרם,false,,13.90,3.7568,true,1,147164
8003753158556,false,אילי קפסולות אספרסו קלאסיקו 10 יח' 57 גרם,ג'ייקובס דאו אגרבטס,FR,אילי קפסולות אספרסו,יחידה,0.00,יחידה,false,,24.90,0.0000,true,1,142665
8003753158587,false,אילי קפסולות אספרסו פורטה 10 יח' 57 גרם,ג'ייקובס דאו אגרבטס,FR,אילי קפסולות אספרסו,יחידה,0.00,יחידה,false,,24.90,0.0000,true,1,142663
8003753158648,false,אילי קפסולות אספרסו אינטנסו 10 יח' 57 גר',ג'ייקובס דאו אגרבטס,FR,אילי קפסולות אספרסו,יחידה,0.00,יחידה,false,,24.90,0.0000,true,1,142666
8004030044005,false,נתחי טונה בשמן זית ריו מרה 160 ג',"בולטון אלימנטרי בע""מ",IT,טונה ריו מרה בשמן זי,גרמים,160.00,100 גרם,false,,19.90,12.4375,true,1,52072
8004030081024,false,נתחי טונה עם שום ופלפל אדום ריו מרה 160 ג',"בולטון אלימנטרי בע""מ",IT,נתחי טונה ריו מרה עם,גרמים,160.00,100 גרם,false,,19.90,12.4375,true,1,52074
8004030102033,false,טונה בשמן זית עם מיץ לימון ופלפל שחור - מארז 3 יח',בולטון אלימנטרי,IT,טונה ריו מרה לימון ו,גרמים,240.00,100 גרם,false,,29.90,12.4583,true,1,132674
8004030103399,false,טונה בשמן זית רביעיו,,,ריו מארז טונה בשמן,גרמים,320.00,100 גרם,false,,34.90,10.9062,true,1,146770
8004030177000,false,טונה בשמן זית וצ'ילי ריו מרה מארז 80X3 גר',ריו מארה Rio Mare,,טונה ריו מרה בשמן זי,גרמים,240.00,100 גרם,false,,29.90,12.4583,true,1,132679
8004030344938,false,טונה בשמן זית ריו מרה שלישיה * 80 ג',"בולטון אלימנטרי בע""מ",IT,טונה ריו מרה שמן זית,גרמים,240.00,100 גרם,false,,29.90,12.4583,true,1,132672
8004690050507,false,פסטה איטלקית פטוציני,למוליזנה,IT,פסטה לאמוליזנה פטוצ',גרמים,500.00,100 גרם,false,,8.90,1.7800,true,1,121700
8004690052044,false,פסטה לאמוליזנה פנה ז,למוליזנה,IT,פסטה לאמוליזנה פנה ז,גרמים,500.00,100 גרם,false,,8.90,1.7800,true,1,85312
8004690052600,false,פסטה לאמוליזנה קונכי,למוליזנה,IT,פסטה לאמוליזנה קונכי,גרמים,500.00,100 גרם,false,,8.90,1.7800,true,1,137855
8004690052846,false,פסטה פוסילי למוליזנה,למוליזנה,IT,פסטה לאמוליזנה פוסיל,גרמים,500.00,100 גרם,false,,8.90,1.7800,true,1,85313
8004690053195,false,פסטה לאמוליזנה ריגטו,למוליזנה,IT,פסטה לאמוליזנה ריגטו,גרמים,500.00,100 גרם,false,,8.90,1.7800,true,1,85314
8004690055601,false,פסטה לאמוליזנה צ'ינס,למוליזנה,IT,פסטה לאמוליזנה צ'ינס,גרמים,500.00,100 גרם,false,,8.90,1.7800,true,1,137856
8004690057308,false,פסטה לאמוליזנה רדיאט,למוליזנה,IT,פסטה לאמוליזנה רדיאט,גרמים,500.00,100 גרם,false,,8.90,1.7800,true,1,121954
8004690058008,false,פסטה לאמוליזנה גמלי,למוליזנה,IT,פסטה לאמוליזנה גמלי,גרמים,500.00,100 גרם,false,,8.90,1.7800,true,1,121952
8004690106600,false,פסטה לאמוליזנה פארפא,למוליזנה,IT,פסטה לאמוליזנה פארפא,גרמים,500.00,100 גרם,false,,8.90,1.7800,true,1,85924
8004800000064,false,לאגו פלאסיר- גלילי ופל קרם קקאו בציפוי ש.חלב - 100 ג',לאגו,IT,לאגו גלילי וופל במיל,גרמים,100.00,100 גרם,false,,11.90,11.9000,true,1,147044
8004800000071,false,לאגו פלאסיר- גלילי ופל במילוי קרם אגוזי לוז שוקולד חלב - 100 ג',לאגו,IT,לאגו גלילי וופל במיל,גרמים,100.00,100 גרם,false,,11.90,11.9000,true,1,147042
8004800004802,false,"גלילי וופל קרם דומדמניות, 100 גרם",לאגו,IT,לאגו גלילי וופל במיל,גרמים,100.00,100 גרם,false,,11.90,11.9000,true,1,147043
8004800005502,false,וופל מיני רול גלילי ופל במילוי קרם קקאו- 125 ג' לאגו,לגו גרופ ס.פ.א.,IT,לאגו גלילי ופל במילו,גרמים,125.00,100 גרם,false,,10.90,8.7200,true,1,147023
8004800005526,false,וופל מיני רול גלילי ופל במילוי קרם קוקוס- 125 ג' לאגו,לגו גרופ ס.פ.א.,IT,לאגו גלילי ופל במילו,גרמים,125.00,100 גרם,false,,10.90,8.7200,true,1,147022
8005110002243,false,רכז עגבניות Doppio Concentr בשפופרת 185 ג' MUTTI,"איי, בי, אינבוו",IT,רכז עגבניות מוטי בשפ,גרמים,185.00,100 גרם,false,,10.90,5.8919,true,1,140648
8005110060007,false,עגבניות מקולפות 400 ג' MUTTI,,,עגבניות מקולפות מוטי,גרמים,400.00,100 גרם,false,,8.90,2.2250,true,1,146361
8005110170300,false,עגבניות מרוסקות חתוכות מוטי MUTTI שלישיה *400,מוטי Mutti,IT,עגבניות מרוסקות מוטי,גרמים,1200.00,100 גרם,false,,19.90,1.6583,true,1,113256
8005110191015,false,רסק עגבניות ובזיליקום 700 ג' (ירוק) MUTTI,"איי, בי, אינבוו",IT,רסק עגבניות ובזיליקו,גרמים,700.00,100 גרם,false,,14.90,2.1286,true,1,121930
8005110200014,false,רסק עגבניות 210 ג' CONCENTRATO MUTTI,"איי, בי, אינבוו",IT,רכז עגבניות מוטי 210,גרמים,210.00,100 גרם,false,,10.90,5.1905,true,1,113258
8005110550508,false,מוטי עגבניות שלמות ב,,,מוטי עגבניות שלמות ב,גרמים,400.00,100 גרם,false,,9.90,2.4750,true,1,147155
8005110551253,false,רוטב עגבניות לפיצה MUTTI,"איי, בי, אינבוו",IT,רוטב לפיצה מוטי 400ג,גרמים,400.00,100 גרם,false,,9.90,2.4750,true,1,138538
8005200256587,false,משקה תה בטעם אפרסק 1.5ל' NESTEA,מפעל סאנפלגרינו S.P.,IT,נסטי אפרסק 1.5ליטר,מיליליטרים,1500.00,"100 מ""ל",false,,9.90,0.6600,true,1,144127
8005200286584,false,משקה תה בטעם מנגו אננס 1.5 ל' NESTEA,מפעל סאנפלגרינו S.P.,IT,נסטי מנגו אננס 1.5לי,מיליליטרים,1500.00,"100 מ""ל",false,,9.90,0.6600,true,1,144128
8005803010371,false,מקלות גריסיני עם רוזמרין,"אינסטנטה בע""מ",IT,גריסיני אמור די פאן,גרמים,125.00,100 גרם,false,,8.50,6.8000,true,1,117590
8005803010586,false,מקלות גריסיני בטעם פיצה,"הוסטה איטליה, ס.ר.ל.",IT,גריסיני אמור די פאן,גרמים,125.00,100 גרם,false,,8.50,6.8000,true,1,117591
8005803010661,false,אמור די פאן - שומשום 125 גרם,"הוסטה איטליה, ס.ר.ל.",IT,גריסיני אמור די פאן,גרמים,125.00,100 גרם,false,,8.50,6.8000,true,1,117592
8006540027042,false,"לנור מרכך כביסה בניחוח פרחי בר 897 מ""ל",פרוקטר אנד גמבל,FR,לנור מרכך כביסה בניח,מיליליטרים,897.00,"100 מ""ל",false,,16.90,1.8841,true,1,142002
8006540091906,false,כדוריות הבושם בניחוח אריאל 140 ג' לנור,פרוקטר אנד גמבל,GB,לנור כדוריות הבושם ב,גרמים,140.00,100 גרם,false,,19.90,14.2143,true,1,143474
8006540112793,false,"מרכך כביסה מרוכז בניחוח יסמין לנור 900 מ""ל",פרוקטר & גמבל,FR,לנור מרכך מרוכז בניח,מיליליטרים,900.00,"100 מ""ל",false,,16.90,1.8778,true,1,142264
8006540112854,false,"מרכך כביסה מרוכז בניחוח סחלב לנור 900 מ""ל",פרוקטר & גמבל,FR,לנור מרכך מרוכז בניח,מיליליטרים,900.00,"100 מ""ל",false,,16.90,1.8778,true,1,142265
8006540221068,false,מגן תחתון אלוויז וליופק לונג פלוס 40 יחי',פרוקטר,DE,אולוויז מגני תחתון ל,יחידה,0.00,יחידה,false,,19.90,0.0000,true,1,145805
8006540221341,false,אולוויז מגן תחתון וליופק לארג' 48 יחידות,,DE,אולוויז מגן תחתון אק,יחידה,0.00,יחידה,false,,19.90,0.0000,true,1,144815
8006540221464,false,אולוויז מגן תחתון וליופק נורמל 56 יחידות,,,אולוויז מגני תחתון נ,יחידה,0.00,יחידה,false,,19.90,0.0000,true,1,144413
8006540620403,false,"אבקת כביסה אפקט פיירי 7 ק""ג טייד",,,טייד אבקת כביסה אפקט,גרמים,7000.00,100 גרם,false,,59.90,0.8557,true,1,147644
8007178120310,false,חומץ בלסמי ד'מודנה Giacobazzi,פטורייה ג'יאקובאזי ס,IT,חומץ בלסמי ג'קובצי 5,מיליליטרים,500.00,"100 מ""ל",false,,26.90,5.3800,true,1,48418
8007178223547,false,קרם מצומצם עם חומץ בלסמי ממודנה,פארייפאבה אגרואינדוס,IT,קרם בלסמי מצומצם ג'ק,מיליליטרים,250.00,"100 מ""ל",false,,26.90,10.7600,true,1,87999
8008343279826,false,רוטב פסטה בזיליקום ר,,,רוטב פסטה בזיליקום ר,גרמים,350.00,100 גרם,false,,11.90,3.4000,true,1,133554
8008660210014,false,מעדן פרי משמש 100% רכיבי פרי,קריניציה ויטמינה אס,IT,מעדן משמש מנז אנד גא,גרמים,300.00,100 גרם,false,,17.90,5.9667,true,1,114792
8008660210021,false,מעדן פרי דובדבן 100% רכיבי פרי,שוורצקוף& הנקל דיסלד,IT,מעדן דובדבן מנז אנד,גרמים,300.00,100 גרם,false,,17.90,5.9667,true,1,114795
8008660210038,false,מעדן פרי תות שדה 100% רכיבי פרי,קריניציה ויטמינה אס,IT,מעדן תות מנז אנד גאס,גרמים,300.00,100 גרם,false,,17.90,5.9667,true,1,114793
8008660210045,false,מעדן פרי פירות יער 100% רכיבי פרי,שוורצקוף& הנקל דיסלד,IT,מעדן פירות יער מנז א,גרמים,300.00,100 גרם,false,,17.90,5.9667,true,1,114796
8008660210052,false,מעדן פרי תפוז 100% מנז&גאסר 300ג',מנז אנד גאסר Menz&Gasser,IT,מעדן פרי תפוז 320 גר,גרמים,320.00,100 גרם,false,,17.90,5.5937,true,1,122799
8008857500003,false,רג'יה פסטה 609 אטריות עגולות דקות 500ג,פסטה רג'יה Pasta Reggia,,פסטה רג'ייה אטריות ע,גרמים,500.00,100 גרם,false,,8.90,1.7800,true,1,84924
8008857601090,false,פסטה קנלוני רג'יה 250 גר',פסטה רג'יה Pasta Reggia,,קנלוני רג'יה 250 גרם,גרמים,250.00,100 גרם,false,,9.90,3.9600,true,1,122316
8032880800243,false,פיקניק הפתעה 50 גרם-איגוד רבנים,"הוסטה איטליה, ס.ר.ל.",IT,פיקניק הפתעה 50גר,גרמים,50.00,100 גרם,false,,7.90,15.8000,true,1,54546
8053259246967,false,רוטב בלסמי מצומצם קל,,,רוטב בלסמי מצומצם קל,מיליליטרים,180.00,"100 מ""ל",false,,14.90,8.2778,true,1,143741
8076800195033,false,ברילה - צ.א ספגטיני מס3 חדש 500 גרם,ברילה גי.אי.אר פרטלי,IT,פסטה ספגטי ברילה מס',גרמים,500.00,100 גרם,false,,9.90,1.9800,true,1,52077
8076800195057,false,ברילה - צ.א ספגטי מס5 חדש 500 גרם,ברילה גי.אי.אר פרטלי,IT,פסטה ספגטיני מס 5 בר,גרמים,500.00,100 גרם,false,,9.90,1.9800,true,1,52078
8076800195071,false,ספגטי מס 7 ברילה 500,,,ספגטי מס 7 ברילה 500,גרמים,500.00,100 גרם,false,,9.90,1.9800,true,1,144681
8076802085738,false,ברילה - צ.ק פנה רגטה חדש 500 גרם,ברילה גי.אי.אר פרטלי,IT,פסטה פנה רגטה ברילה,גרמים,500.00,100 גרם,false,,9.90,1.9800,true,1,52083
8076802085981,false,ברילה - צ.ק פוזילי חדש 500 גרם,ברילה גי.אי.אר פרטלי,IT,פסטה פתיתי פוזליני ב,גרמים,500.00,100 גרם,false,,9.90,1.9800,true,1,52088
8076808060654,false,ברילה - צ.ק פרפלה חדש 500 גרם,ברילה גי.אי.אר פרטלי,IT,פסטה פתיתי פרפלה 65,גרמים,500.00,100 גרם,false,,9.90,1.9800,true,1,52091
8076808150072,false,ברילה - צ.א ספגטוני מס7 חדש 500 גרם,ברילה גי.אי.אר פרטלי,IT,פסטה ספגטי מס 7 בריל,גרמים,500.00,100 גרם,false,,9.90,1.9800,true,1,52093
8076809513388,false,ברילה - רוטב ארביאטה 400 גרם,ברילה גי.אי.אר פרטלי,IT,רוטב ארביאט ברילה 40,גרמים,400.00,100 גרם,false,,15.90,3.9750,true,1,52096
8076809513395,false,רוטב פסטה ברילה פורמודרו 400ג',ברילה גי.אי.אר פרטלי,IT,רוטב פורמודרו ברילה,גרמים,400.00,100 גרם,false,,15.90,3.9750,true,1,52097
8076809513654,false,בסיס רוטב עגבניות לבולונז 400 ג' ברילה,ברילה גי.אי.אר פרטלי,IT,רוטב עגבניות לבולונז,גרמים,400.00,100 גרם,false,,15.90,3.9750,true,1,52098
8076809513692,false,רוטב פסטה ברילה נפוליטנה 400ג',ברילה גי.אי.אר פרטלי,IT,רוטב נפוליטנה ברילה,גרמים,400.00,100 גרם,false,,15.90,3.9750,true,1,52099
8076809513739,false,רוטב פסטה ברילה בזיליקום 400 ג',ברילה גי.אי.אר פרטלי,IT,רוטב בזיליקום ברילה,גרמים,400.00,100 גרם,false,,15.90,3.9750,true,1,52100
8076809523561,false,רוטב עגבניות עם עשבי תיבול 400 ג' ברילה,ברילה גי.אי.אר פרטלי,IT,רוטב טוסקנה ברילה400,גרמים,400.00,100 גרם,false,,15.90,3.9750,true,1,52110
8076809523738,false,פסטה ברילה לזניה 500ג',ברילה גי.אי.אר פרטלי,IT,לזניה ברילה 500 גר,גרמים,500.00,100 גרם,false,,25.90,5.1800,true,1,52113
8121300208780,false,תחליף סוכר לכל מטרה 360 ג' טרוביה,טרוביה Truvia,,*מבצע* טרוביה תחליף,גרמים,360.00,100 גרם,false,,15.90,4.4167,true,1,147421
8121300209466,false,תחליף סוכר חום 320 ג' טרוביה,טרוביה Truvia,,*מבצע* טרוביה תחליף,גרמים,360.00,100 גרם,false,,15.90,4.4167,true,1,147422
8410076610379,false,נייטשר ואלי פרוטאין בוטנים ושבבי שוקולד 160 ג',סריילטו ספיין פודס,ES,נייטשר וואלי פרוטאין,גרמים,160.00,100 גרם,false,,26.90,16.8125,true,1,91501
8410076610386,false,נייטשר ואלי פרוטאין בוטנים עם ציפוי בטעם קרמל מלוח 160 ג',סריילטו ספיין פודס,ES,נייטשר וואלי פרוטאין,גרמים,160.00,100 גרם,false,,26.90,16.8125,true,1,91502
8410076610492,false,סוויט אנד סולטי שוקולד מריר בציפוי חמאת בוטנים,יבואן ומשווק: ש. שסט,,ניטשר וואלי צ'אוי חט,גרמים,150.00,100 גרם,false,,22.90,15.2667,true,1,114248
8410076610508,false,"נייטשר וואלי צ'ואי שוקולד מריר בוטנים ושקדים, חמישיה 5 * 30 גרם",נייצ'ר ואלי Nature Valley,,ניטשר וואלי צ'אוי חט,גרמים,150.00,100 גרם,false,,22.90,15.2667,true,1,114249
8410076621047,false,עוגות אישיות בטעם שוקולד עם חתיכות בטעם שוקולד,"גלאטס סירו בע""מ",ES,פייבר וואן בראוניז ב,גרמים,120.00,100 גרם,false,,17.90,14.9167,true,1,140511
8410104039134,false,"פיניש מנקה ומחדש מדיח 250מ""ל",הדקלאים אגודת שיתופי,PL,פיניש מנקה ומחדש מדי,מיליליטרים,250.00,"100 מ""ל",false,,22.90,9.1600,true,1,59285
8410104045111,false,"פיניש מלח למדיח כלים 2ק""ג",פ.פ.ח. שאביט,IL,"פיניש מלח למדיח 2 ק""",גרמים,2000.00,100 גרם,false,,15.90,0.7950,true,1,105616
8410104437268,false,פיניש מפיג ריח למדיח רגיל,רקיט בנקיזר,PL,פיניש מפיץ ריח רגיל,גרמים,27.00,100 גרם,false,,22.90,84.8148,true,1,72944
8410376037883,false,גוליאן עוגיות שוקו צפס ללא גלוטן 130 ג ו,תות תעשיות מזון (201,ES,גולון עוגיות שוקוצ'י,גרמים,130.00,100 גרם,false,,12.90,9.9231,true,1,146407
8410644611210,false,יין קאווה איבריקה לבן חצי יבש Cava Iberica,יוסף מסאקס ס.ל.,ES,קאווה איבריקה לבן חצ,מיליליטרים,750.00,"100 מ""ל",false,,29.90,3.9867,true,1,124991
8412497595327,false,בקבוק פלסטיק 450מל,,,בקבוק פלסטיק 450מל,יחידה,0.00,יחידה,false,,19.90,0.0000,true,1,90623
8420822130600,false,"ספריי סופר מסיר שומנים 750מ""ל יעקבי",יעקבי,,סופר מסיר שומנים KH-,מיליליטרים,750.00,"100 מ""ל",false,,15.90,2.1200,true,1,145018
8423207206488,false,מרבה סלים דליס שוקולד חלב 120 גרם,אף.סי תבליני בגליל ב,ES,סלים דליס חטיף דגנים,גרמים,120.00,100 גרם,false,,15.90,13.2500,true,1,79911
8423207206495,false,מרבה סלים דליס שוקולד מריר 120 גרם,אף.סי תבליני בגליל ב,ES,סלים דליס חטיף דגנים,גרמים,1200.00,100 גרם,false,,15.90,1.3250,true,1,79912
8423207206501,false,חטיף מרבה סלים דליס חצי מצופה 78ג',סלים דליס Slim Delis,ES,סלים דליס חטיף דגנים,גרמים,120.00,100 גרם,false,,15.90,13.2500,true,1,79913
8423207207362,false,סלים דליס חטיף דגנים שוקולד לבן 120 ג',ביסנצ'ורי אס.אל.יו,ES,סלים דליס חטיף שוקול,גרמים,120.00,100 גרם,false,,15.90,13.2500,true,1,84106
8423207208260,false,מרבה סלים דליס שוקולד חלב ללא גלוטן חדש,ביסנצ'ורי אס.אל.יו,ES,סלים דליס חטיף דגנים,גרמים,120.00,100 גרם,false,,15.90,13.2500,true,1,89481
8423207208680,false,מרבה סלים דליס לילדים עם שוקולד חלב חדש,ביסנצ'ורי אס.אל.יו,ES,סלים דליס קידס חטיף,גרמים,78.00,100 גרם,false,,15.90,20.3846,true,1,91641
8423207208697,false,מרבה סלים דליס לילדים עם שוקולד לבן חדש,ביסנצ'ורי אס.אל.יו,ES,סלים דליס קידס חטיף,גרמים,120.00,100 גרם,false,,15.90,13.2500,true,1,91639
8423207208703,false,חטיף דגנים מצופה אקסטרה שוקולד מריר,ביסנצ'ורי אס.אל.יו,ES,סלים דליס חטיף אקסטר,גרמים,120.00,100 גרם,false,,15.90,13.2500,true,1,91642
8423207208888,false,פריכיות תירס בטעם עגבניות ועשבי תיבול סלים דליס 123 ג',סלים דליס Slim Delis,,פריכיות תירס בטעם עג,יחידה,0.00,יחידה,false,,12.90,0.0000,true,1,90822
8423207210287,false,מרבה סלים דליס שוקולד לבן בטעם יוגורט 120 ג',סלים דליס Slim Delis,,סלים דליס שוקולד לבן,גרמים,120.00,100 גרם,false,,15.90,13.2500,true,1,132675
8423207210928,false,חטיף דגנים מצופה שוקולד חלב ואגוזי לוז - 5 במארז,ביסנצ'ורי אס.אל.יו,ES,סלים דליס טופינג אגו,גרמים,0.00,100 גרם,false,,15.90,0.0000,true,1,140225
8423207210942,false,חטיף דגנים מצופה שוקולד לבן ופירות יער,אף.סי תבליני בגליל ב,ES,סלים דליס טופינג פיר,גרמים,0.00,100 גרם,false,,15.90,0.0000,true,1,140226
8423207210966,false,חטיף רב דגנים מצופה שוקולד לבן קוקוס ולימון,אף.סי תבליני בגליל ב,ES,סלים דליס טופינג קוק,גרמים,0.00,100 גרם,false,,15.90,0.0000,true,1,140224
8423207210980,false,סלים דליס טופינג קליפת תפוז 90 ג',מרבה,ES,סלים דליס טופינג קלי,גרמים,0.00,100 גרם,false,,15.90,0.0000,true,1,140227
8425206000081,false,ריבת חלב מרדל 450 גר,כלורוקס אוקלנד,ES,ריבת חלב מרדל 450גר,גרמים,450.00,100 גרם,false,,19.90,4.4222,true,1,89706
8435495805168,false,"תינוקלין לכביסה לעור רגיש אולימפיק 1.25ק""ג",מולינו ניקולי s.p.a,TR,תינוקלין אבקת כביסה,קילוגרמים,1.25,"ק""ג",false,,22.90,18.3200,true,1,120961
8435495807636,false,ג'ל כביסה היפואלרגני 2 ל' תינוקלין,תינוקלין,TR,תינוקלין ג'ל כביסה ב,ליטרים,2.00,ליטר,false,,29.90,14.9500,true,1,123323
8436575292205,false,ארטיק חמשושים מאגדת 15*12 גר',שוורצקוף& הנקל דיסלד,IL,חמשושים מאגדת 15יח,גרמים,180.00,100 גרם,false,,24.90,13.8333,true,1,124606
8437000906209,false,טורטייה קמח חיטה 320,Azteca foods europe,,עלי טורטיה 320ר,גרמים,325.00,100 גרם,false,,10.90,3.3538,true,1,73601
8606018615827,false,גלידת וניל עם שברי עוגיות אוראו 480 ג',נסטלה,IL,פיינט אוראו,מיליליטרים,480.00,"100 מ""ל",false,,19.90,4.1458,true,1,146957
8606018615841,false,גלידת וניל עם ליבת שוקולד חלב 480 ג' מילקה,נסטלה,IL,פיינט מילקה וניל ליב,מיליליטרים,480.00,"100 מ""ל",false,,19.90,4.1458,true,1,146958
8606018615865,false,גלידת קרמל ליבת שוקולד 480 ג' מילקה,נסטלה,IL,פיינט מילקה קרמל ליב,מיליליטרים,480.00,"100 מ""ל",false,,19.90,4.1458,true,1,146959
8690504153849,false,שוקולד חלב במילוי קרם בטעם פרלין אגוזים,"אולקר מקבוצת פלאדיס,",TR,טבלת שוקולד חלב קרם,גרמים,83.00,100 גרם,false,,13.90,16.7470,true,1,129591
8690572788851,false,"גליס - שמפו ביו טק 400 מ""ל",,,שמפו גליס ביו- טק 40,מיליליטרים,400.00,"100 מ""ל",false,,15.90,3.9750,true,1,138152
8690637505607,false,בדין אקסטרה מרכך כביסה בניחוח פינוק כחול,יוניליוור סנאיי וי ט,TR,בדין אקסטרא פינוק כח,מיליליטרים,960.00,"100 מ""ל",false,,19.90,2.0729,true,1,142532
8690637505614,false,"מרכך כביסה אקסטרא פינוק קוקוס 960 מ""ל בדין",יוניליוור סנאיי וי ט,TR,בדין אקסטרא פינוק קו,מיליליטרים,960.00,"100 מ""ל",false,,19.90,2.0729,true,1,142534
8690637555084,false,"בדין - מרכך כביסה אקסטרה לבן 960 מ""ל",יוניליוור סנאיי וי ט,TR,בדין אקסטרא פריחת הת,מיליליטרים,960.00,"100 מ""ל",false,,19.90,2.0729,true,1,63939
8690637946318,false,"בדין מרכך כביסה אקסטרא בייבי צהוב 960מ""ל",יוניליוור סנאיי וי ט,TR,בדין אקסטרא בייבי בנ,מיליליטרים,960.00,"100 מ""ל",false,,19.90,2.0729,true,1,137672
8690637971310,false,"מרכך כביסה אקסטרה בניחוח יערת הדבש 960 מ""ל בדין",יוניליוור סנאיי וי ט,TR,בדין אקסטרא יערת הדב,מיליליטרים,960.00,"100 מ""ל",false,,19.90,2.0729,true,1,140235
8690766156367,false,שוקולד גודייבה חלב מעולה 90 גר,"אולקר מקבוצת פלאדיס,",TR,שוקולד חלב מעולה 90,גרמים,90.00,100 גרם,false,,14.90,16.5556,true,1,137087
8690766156374,false,שוקולד גודייבה מריר 72% מוצרי קקאו 90 גר,"אולקר מקבוצת פלאדיס,",TR,שוקולד מריר מעולה 7,גרמים,90.00,100 גרם,false,,14.90,16.5556,true,1,137088
8690766156381,false,שוקולד גודייבה מריר מעולה 90% קקאו 90 גר,"אולקר מקבוצת פלאדיס,",TR,שוקולד מריר מעולה 90,גרמים,90.00,100 גרם,false,,14.90,16.5556,true,1,137089
8690766156398,false,שוקולד חלב מעולה בתוספת שברי שקדים קלויים דבש ומלח 90ג',"אולקר מקבוצת פלאדיס,",TR,שוקולד חלב עם שקדים,גרמים,90.00,100 גרם,false,,14.90,16.5556,true,1,137090
8690766156411,false,שוקולד מריר מעולה בטעם פלפל ורוד עם חתיכות תות מסוכר 90ג',"אולקר מקבוצת פלאדיס,",TR,שוקולד מריר מעולה ב,גרמים,90.00,100 גרם,false,,14.90,16.5556,true,1,137092
8690777203012,false,פלפל ירוק כבוש לא חריף סארה 600ג',יוליניבר,TR,פלפל ירוק כבוש לא חר,גרמים,600.00,100 גרם,false,,13.90,2.3167,true,1,47653
8697431460217,false,קונפיטורה 70% תפוזים 450 ג' FRUPPA,פרוטנגו Fruitango,,קונפיטורה 70% פרי תפ,גרמים,450.00,100 גרם,false,,14.90,3.3111,true,1,45389
8697431921718,false,קונפיטורה דובדבן חמוץ 70% פרי פרופה 454 גר',Barhan gida sanayi v,,קונפיטורה 70 % דובדב,גרמים,450.00,100 גרם,false,,14.90,3.3111,true,1,125172
8697431925143,false,קונפיטורה 70% פירות יער 450 ג' FRUPPA,פרוטנגו Fruitango,,קונפיטורה פירות יער,גרמים,450.00,100 גרם,false,,14.90,3.3111,true,1,125173
8697530910743,false,סיגריות פאל מאל כחול קצר מטאליק,Unknown,,פאל מאל כחול קצר,יחידה,0.00,יחידה,false,,28.00,0.0000,false,1,63713
8697530910750,false,סיגריות פאל מאל כחול ארוך האוס,Unknown,,פאל מאל כחול ארוך,יחידה,0.00,יחידה,false,,28.00,0.0000,false,1,63714
8697826469092,false,טורטיה קטנה 540 גר' 12יח,דין שיווק,TR,טורטיה קטנה 540גר,גרמים,540.00,100 גרם,false,,9.90,1.8333,true,1,91353
8710800027573,false,סוכריות מיני מנטוס פירות שקית 178ג',מנטוס Mentos,NL,*מבצע* מיני מנטוס פי,גרמים,178.00,100 גרם,false,,11.90,6.6854,true,1,54550
8710847942693,false,"טרזמה - מרכך שמן המפ 400 מ""ל",יוניליוור,PL,טרזמה מרכך שמן המפ 4,מיליליטרים,400.00,"100 מ""ל",false,,18.90,4.7250,true,1,142525
8710847974199,false,"תחליב רחצה דאב קקאו 500 מ""ל",,,דאב תחליב רחצה קקאו,מיליליטרים,500.00,"100 מ""ל",false,,15.90,3.1800,true,1,140455
8710908693809,false,"טרזמה מסכה טיפולית עם קרטין 300מ""ל",טרזמה TRESemme,,טרזמה מסכה טיפולית ע,מיליליטרים,300.00,"100 מ""ל",false,,29.90,9.9667,true,1,121104
8711000371183,false,קפסולות קפה אספרסו אינטנסו 10*52 ג' ג'ייקובס,קריניציה ויטמינה אס,FR,גקובס קפסולות קפה אס,גרמים,52.00,100 גרם,false,,16.90,32.5000,true,1,123543
8711000371206,false,קפסולות קפה אספרסו ריסטרטו 10*52 ג' ג'ייקובס,קריניציה ויטמינה אס,FR,גקובס קפסולות קפה אס,גרמים,52.00,100 גרם,false,,16.90,32.5000,true,1,123544
8711327475717,false,מגנום פיינט וניל שקדים 440X8מל,"מפעל גלידות בווספרם,",HU,מגנום פיינט וניל שקד,גרמים,260.00,100 גרם,false,,21.90,8.4231,true,1,141386
8712000051099,false,"בירה הייניקן 0% אלכהול 330 מ""ל*6 יח'",פארייפאבה אגרואינדוס,NL,בירה היינקן שישייה 0,מיליליטרים,1980.00,"100 מ""ל",false,,34.90,1.7626,true,1,124544
8712400802512,false,תרכובת מזון המשך לפעוטות על בסיס חלב שלב 2,פרוטרופיק סיה.,NL,נוטרילון -טבע שלב 2,גרמים,800.00,100 גרם,false,,64.90,8.1125,true,1,72765
8712561609647,false,"דאב - תחליב רחצה חמאת שיאה 500 מ""ל",,,דאב תחליב רחצה חמאת,מיליליטרים,500.00,"100 מ""ל",false,,15.90,3.1800,true,1,146606
8712561611183,false,"דאב - תחליב רחצה תה ירוק ומלפפון 500 מ""ל","יוניליוור גרמניה, Gm",DE,דאב תחליב רחצה תה יר,מיליליטרים,500.00,"100 מ""ל",false,,15.90,3.1800,true,1,90093
8714599513835,false,קפה ג'יקובס נטול קופאין מיובש בהקפאה 200 ג',ג'ייקובס Jacobs,,גקובס נטול קפאין מיו,גרמים,200.00,100 גרם,false,,37.90,18.9500,true,1,91877
8714599513866,false,"ג'ייקובס קרוננג מיובש בהקפאה כשל""פ 200 ג'",אל.אל.סי גייקובס דאו,UA,קפה נמס קרוננג ג׳יקו,גרמים,200.00,100 גרם,false,,27.90,13.9500,true,1,90488
8714789218465,false,קולגייט מברשת שיניים 360 סופט זוג,הנסיך- מפעל לייצור ט,CN,קולגייט 360 מברשת שי,יחידה,0.00,יחידה,false,,34.90,0.0000,true,1,52146
8714789303925,false,מברשת שיניים 360 Sensitive אקסטרא סופט - מארז זוג,קולגייט- פלמוליב,CH,קולגייט 360 מברשת שי,יחידה,0.00,יחידה,false,,34.90,0.0000,true,1,52149
8714789582764,false,אג'קס ספריי לניקוי חלונות ומשטחים,"ש. שסטוביץ בע""מ",GR,אגקס לניקוי חלונות 7,מיליליטרים,750.00,"100 מ""ל",false,,16.90,2.2533,true,1,87388
8714789930848,false,"משחת שיניים אופטיק וויט אינסטנט 75 מ""ל קולגייט",הנסיך- מפעל לייצור ט,PL,קולגייט אופטיק וויט,מיליליטרים,75.00,"100 מ""ל",false,,22.90,30.5333,true,1,89459
8715700110141,false,מיונז קרמי היינץ צנצנת 460ג',ה.י.היינץ הולדינג בי,NL,מיונז היינץ צנצנת 46,גרמים,460.00,100 גרם,false,,11.90,2.5870,true,1,118704
8715700115641,false,ממרח מיונז לחיץ לייט במרקם קרמי 420 ג' היינץ,היינץ Heinz,,ממרח היינץ במרקם קרמ,גרמים,420.00,100 גרם,false,,15.90,3.7857,true,1,146646
8715700117805,false,"קטשופ היינץ מתבל עגבניות ללא תוספת סוכר ומלח 425 מ""ל",ה.י היינץ הולדינג בי,NL,*מבצע* היינץ מתבל עג,מיליליטרים,400.00,"100 מ""ל",false,,11.90,2.9750,true,1,144599
8715700419732,false,מתבל עגבניות היינץ 7,ה.י. היינץ,NL,*מבצע* קטשופ היינץ 7,גרמים,700.00,100 גרם,false,,11.90,1.7000,true,1,86124
8715700422473,false,ממרח מיונז ללא חומרים משמרים 395 ג' היינץ,היינץ Heinz,NL,ממרח היינץ לחיץ 395,גרמים,395.00,100 גרם,false,,15.90,4.0253,true,1,146647
8715700423906,false,קטשופ מתובל עגבניות 50% פחות סוכר 555ג' היינץ,היינץ צפון אמריקה מק,NL,מתבל עגבניות היינץ 5,גרמים,555.00,100 גרם,false,,11.90,2.1441,true,1,120446
8717163842669,false,"דאב - תחליב רחצה חימר ירוק 500 מ""ל",יוניליוור גרמניה,DE,דאב תחליב רחצה חימר,מיליליטרים,500.00,"100 מ""ל",false,,15.90,3.1800,true,1,138031
8717163842676,false,"דאב - תחליב רחצה חימר ורוד 500 מ""ל",יוניליוור גרמניה Gmb,DE,תחליב רחצה חימר ורוד,מיליליטרים,500.00,"100 מ""ל",false,,15.90,3.1800,true,1,138032
8718951076402,false,"קולגייט משחת שיניים הרבל להלבנה 100 מ""ל",קולגייט פלמוליב,,קולגייט הרבל להלבנה,מיליליטרים,100.00,"100 מ""ל",false,,12.90,12.9000,true,1,122130
8718951240742,false,"קולגייט טוטאל משחת שיניים פסים מרעננים 100 מ""ל",קולגייט Colgate,PL,קולגייט טוטל משחת שי,מיליליטרים,100.00,"100 מ""ל",false,,14.90,14.9000,true,1,123348
8718951253827,false,"קולגייט הלבנה פחם 75 מ""ל",,,קולגייט הלבנה מתקדמת,מיליליטרים,75.00,"100 מ""ל",false,,19.90,26.5333,true,1,145348
8718951278851,false,"קולגייט הלבנה פחם 100 מ""ל",,,קולגייט הלבנה פחם 10,מיליליטרים,100.00,"100 מ""ל",false,,14.90,14.9000,true,1,146365
8718951286733,false,"קולגייט אופטיק וייט לסטינג וויט 75 מ""ל",קולגייט Colgate,PL,קולגייט אופטיק וייט,מיליליטרים,75.00,"100 מ""ל",false,,19.90,26.5333,true,1,146758
8718951313576,false,קולגייט משחת שיניים מקס פרש קול קריסטל 100 מל,קולגייט פלמוליב,PL,קולגייט משחת שיניים,מיליליטרים,100.00,"100 מ""ל",false,,10.00,10.0000,true,1,144045
8718951315303,false,משחת שיניים קולגייט הגנה מקסימלית - מארז זוג,קולגייט-פלמוליב,PL,קולגייט משחת שיניים,מיליליטרים,200.00,"100 מ""ל",false,,19.90,9.9500,true,1,139373
8718951334090,false,"מרכך כביסה מרוכז כחול 650 מ""ל סופלין",סופלין Soupline,GR,סופלין מרכך כביסה כח,מיליליטרים,650.00,"100 מ""ל",false,,7.90,1.2154,true,1,140349
8718951334120,false,"מרכך כביסה מרוכז סופלין לבנדר 650 מ""ל",CP UK,GR,סופלין מרכך כביסה לב,מיליליטרים,650.00,"100 מ""ל",false,,7.90,1.2154,true,1,140350
8718951382640,false,פלמוליב גל רחצה חימר,קולגייט פלמוליב,TR,*מבצע* פלמוליב סבון,מיליליטרים,750.00,"100 מ""ל",false,,12.90,1.7200,true,1,147277
8718951385290,false,אגקס לניקוי כללי כחול 2 ל',קולגייט פלמוליב,GR,אגקס לניקוי כללי ניח,מיליליטרים,2000.00,"100 מ""ל",false,,25.90,1.2950,true,1,141299
8719200998001,false,מרגרינה לאפיה ובישול בלי מלח 200 ג' בלו בנד,מיוצר עי קונדיטוריית,IL,בלו בנד בלי מלח 200ג,גרמים,200.00,100 גרם,false,,4.90,2.4500,true,1,132317
8719200998018,false,מחמאה מרגרינה בטעם חמאה 200 ג' בלו בנד,פארייפאבה אגרואינדוס,IL,מרגרינה מחמאה בטעם ח,גרמים,200.00,100 גרם,false,,4.90,2.4500,true,1,132318
8719200998049,false,מרגרינה מזולה בטעם טבעי,פארייפאבה אגרואינדוס,IL,מזולה בטעם טבעי 250ג,גרמים,250.00,100 גרם,false,,9.90,3.9600,true,1,132320
8719200998094,false,מרגרינה מזולה בטעם טבעי ללא תוספת מלח,"מיוצר ע""י יוניליוור",IL,מזולה אפייה ללא מלח,גרמים,200.00,100 גרם,false,,6.90,3.4500,true,1,132321
8723400756552,false,מארז סוכריות מנטוס Mentos ריינבואו,פרפטי ואן מלה ברדה,NL,סוכריות מנטוס רביעיי,גרמים,37.50,100 גרם,false,,12.90,34.4000,true,1,80262
8801055707966,false,קפה טייסטר צו'יס נס קפה בריסטה 180ג',נסטלה קוריאה - קפה,IL,קפה טייסטרס צ׳ויס בר,גרמים,180.00,100 גרם,false,,34.90,19.3889,true,1,91513
8801055709427,false,נסקפה טייסטרס צ'ויס אלטה ריקה 100 ג',לוטה נסטלה קוריאה,KR,טסטרס צ'ויס קפה נמס,גרמים,100.00,100 גרם,false,,19.90,19.9000,true,1,143647
8801055709434,false,קפה נמס טייסטר צ'ויס קולומביה 100 גר',לוטה נסטלה קוריאה,KR,טסטרס צ'ויס קפה נמס,גרמים,100.00,100 גרם,false,,19.90,19.9000,true,1,143648
8801055709458,false,אבקה להכנת משקה קפה בטעם קפוצ'ינו קרמל,נסטלה קוריאה - קפה,,נסקפה קפוצינו קרמל 1,גרמים,170.00,100 גרם,false,,21.90,12.8824,true,1,145525
8801055709465,false,אבקה להכנת משקה קפה בטעם קפוצ'ינו וניל,נסטלה קוריאה - קפה,DE,נסקפה קפוצינו וניל 1,גרמים,185.00,100 גרם,false,,21.90,11.8378,true,1,145526
8809168840471,false,חטיף אצות מיובשות מז,Theppadungporn cocon,KR,חטיף אצות מיובשות 4.,גרמים,40.00,100 גרם,false,,25.90,64.7500,true,1,141688
8850161166457,false,מי קוקוס 8-10% אמפאו,,,מי קוקוס 8-10% אמפאו,ליטרים,500.00,ליטר,false,,7.90,0.0158,true,1,145599
8850180040028,false,קמח טמפורה להכנת בלי,קרנחם אוטאי פחרה,TH,טמפורה 500גר,גרמים,500.00,100 גרם,false,,11.90,2.3800,true,1,86286
8850206250592,false,רוטב צ'ילי סריראצ'ה 540 גרם (מזרח ומערב),יאן וואל יון קו.לטד,TH,רוטב צ'ילי סריראצ'ה,גרמים,540.00,100 גרם,false,,19.90,3.6852,true,1,119798
8850367990443,false,רוטב לסלט בסגנון אסי,Theppadungporn cocon,,רוטב לסלט בסגנון אסי,מיליליטרים,285.00,"100 מ""ל",false,,10.90,3.8246,true,1,88236
8850367992164,false,קרם קוקוס ללא גלוטן,טאפ פאד ונגפורן,CN,קרם קוקוס 20-22% 250,מיליליטרים,250.00,"100 מ""ל",false,,8.90,3.5600,true,1,113614
8850367994779,false,מחית קארי ירוקה מזרח,טאפאדונגפורן קוקינט,TH,מחית קארי ירוקה 50 ג,גרמים,50.00,100 גרם,false,,6.90,13.8000,true,1,144728
8850367994786,false,מחית קארי אדומה מזרח,טאפאדונגפורן קוקינט,TH,מחית קארי אדומה 50 ג,גרמים,50.00,100 גרם,false,,6.90,13.8000,true,1,144729
8850367994793,false,מחית קארי צהובה 50 ג,,,מחית קארי צהובה 50 ג,גרמים,50.00,100 גרם,false,,6.90,13.8000,true,1,144730
8850389105832,false,משקה אלוורה בטעם תפוחים,סאפה פובליק קומפני ל,TH,סאפה משקה אלוורה תפו,מיליליטרים,1000.00,"100 מ""ל",false,,17.90,1.7900,true,1,72216
8850389105849,false,משקה אלוורה בטעם אפרסק,סאפה פובליק קומפני ל,TH,סאפה משקה אלוורה אפר,מיליליטרים,1000.00,"100 מ""ל",false,,17.90,1.7900,true,1,72217
8850632604259,false,חיספוסים ממתק בטעם תות שדה בצורת מקלות,ג'נרל קנדי בעמ,TH,חמצוצים מקלות בטעם ת,גרמים,50.00,100 גרם,false,,5.40,10.8000,true,1,66918
8850632604266,false,יוגטה מקלות חמוצות בטעם קולה 50 גרם 24 יח',ג'נרל קנדי בעמ,TH,חמצוצים מקלות בטעם ק,גרמים,50.00,100 גרם,false,,5.40,10.8000,true,1,66919
8850632604372,false,יוגטה מקלות חמוצות שטיח - תות שדה 50 גרם,ג'נרל קנדי בעמ,TH,חמצוצים שטיח בטעם תו,גרמים,50.00,100 גרם,false,,5.40,10.8000,true,1,66922
8850632604402,false,יוגטה מקלות חמוצות שטיח בטעם מעורב24 יח',"ג'נרל קנדי בע""מ",TH,חמצוצים שטיח בטעם מע,גרמים,50.00,100 גרם,false,,5.40,10.8000,true,1,66923
8850632605201,false,חיספוסים ממתק בטעמי פירות בצורת שטיח,הדקלאים אגודת שיתופי,TH,חספוסים תות בננה תפו,גרמים,50.00,100 גרם,false,,5.40,10.8000,true,1,68872
8858271002887,false,רוטב טריאקי מזרח ומע,דאנינג יוה פודס קו,TH,רוטב טריאקי 250מל,מיליליטרים,250.00,"100 מ""ל",false,,12.90,5.1600,true,1,71849
8858271003020,false,רוטב סויה פורמולה 1 - 700 מ'ל מקסצ'אפ,יאן ונזל יון,TH,רוטב סויה פורמולה מק,מיליליטרים,700.00,"100 מ""ל",false,,16.90,2.4143,true,1,71850
8858271003068,false,רוטב סויה מתוקה מקסצ,Yan Wal Yun Corpora,,רוטב סויה מתוק כהה 2,מיליליטרים,250.00,"100 מ""ל",false,,12.90,5.1600,true,1,71852
8858271004799,false,רוטב צ'ילי מתוק מזרח,יאן ונזל יון,TH,רוטב צילי מתוק 700 מ,מיליליטרים,700.00,"100 מ""ל",false,,12.90,1.8429,true,1,85691
8858671550063,false,טמפורה מתובלת בשום ו,,,טמפורה מתובלת בשום ו,גרמים,500.00,100 גרם,false,,11.90,2.3800,true,1,144736
8888111030053,false,"מיץ אננס SW טבעי מארז 240X4מ""ל פרימיום",S&W,PH,מיץ אננס רביעיית 4*2,מיליליטרים,960.00,"100 מ""ל",false,,16.90,1.7604,true,1,123715
8888111555013,false,"מיץ אננס 100% ללא סוכר 240 מ""ל - בודד",פילפק,,משקה אננס טבעי פחית,מיליליטרים,240.00,"100 מ""ל",false,,3.90,1.6250,true,1,124850
8901138825591,false,"משחת שיניים הימלאיה מלבינה 75 מ""ל",הימלאיה Himalaya,IN,משחת שיניים הימלאיה,מיליליטרים,75.00,"100 מ""ל",false,,19.90,26.5333,true,1,118410
8901537024014,false,"אורז בסמטי מובחר 1 ק""ג - דוואט) יורה דיעה",הנסיך- מפעל לייצור ט,IN,אורז בסמטי דאווט 1קג,גרמים,1000.00,100 גרם,false,,14.90,1.4900,true,1,47677
8938505846019,false,"דפי אורז עגול גדול 22 ס""מ 250 גר'",,,דפי אורז 250גר,גרמים,250.00,100 גרם,false,,9.90,3.9600,true,1,129807
9000101375268,false,ברף סבון אסלה בניחוח,,,ברף דקלס בניחוח יסמי,יחידה,0.00,יחידה,false,,16.90,0.0000,true,1,147111
9000101418163,false,שלישיית סבון אסלה בניחוח מתחלף תפוח ירוק ברף,ברף Bref,,סבון אסלה שלישייה-בר,יחידה,0.00,יחידה,false,,16.90,0.0000,true,1,145275
9000101509069,false,ברף - סבון אסלה ג'ל גשם אביב שלשות,,,ברף בריליאנט ג'ל גשם,יחידה,0.00,יחידה,false,,16.90,0.0000,true,1,147112
9000101509151,false,ברף - סבון אסלה ג'ל אוקיינוס הקרח הצפוני שלשות,,,ברף בריליאנט ג'ל אוק,יחידה,0.00,יחידה,false,,16.90,0.0000,true,1,147113
9000101537550,false,פרסיל קאפסולות לכביסה לבנה וצבעונית 52 יח',הנקל סוד,HU,פרסיל פאוור קאפס יונ,יחידה,0.00,יחידה,false,,54.90,0.0000,true,1,145278
9000101537581,false,פרסיל קאפסולות לכביסה צבעונית 52 יחידו,הנקל סוד,HU,פרסיל פאוור קאפס לכב,יחידה,0.00,יחידה,false,,54.90,0.0000,true,1,145279
9001395807015,false,שוקולד בננית 300ג' אמריקן גארדנז,האוסוירט,,בננית 300 ג,גרמים,300.00,100 גרם,false,,10.90,3.6333,true,1,65210
9002859049286,false,צילי חריף במטחנה גונ,Gunz,,צ'ילי חריף במטחינה נ,גרמים,50.00,100 גרם,false,,10.90,21.8000,true,1,84463
9005835313609,false,קלרו טבליות למדיח כלים 15 יחידות CLARO,,,טבליות למדיח כלים קל,יחידה,0.00,יחידה,false,,10.00,0.0000,true,1,145006
9044400851672,false,סוכריות פז סוגים שונים + 3 מילויים,פז פרודוקשיין,HU,*מבצע* סוכריות פז+3,גרמים,25.50,100 גרם,false,,12.90,50.5882,true,1,145381
9310072028743,false,טים טם Tim Tam וופל שוקולד קלאסי,"ארנוטס ביסקוויטס בע""",AU,ביסקויט טים טם במילו,גרמים,200.00,100 גרם,false,,21.90,10.9500,true,1,91201
9310072028750,false,טים טם Tim Tam וופל שוקולד ציפוי כפול,"ארנוטס ביסקוויטס בע""",AU,עוגיות טים טם דאבל 2,גרמים,200.00,100 גרם,false,,21.90,10.9500,true,1,90769
9322969000015,false,פריכיות תירס בטעם אורגינל ריל פודס 150 ג',אף.סי תבליני בגליל ב,AU,פריכיות תירס טעם אור,גרמים,150.00,100 גרם,false,,14.90,9.9333,true,1,67618
9322969000022,false,פריכיות תירס עם סויה וזרעי פשתן ללא גלוטן,אף.סי תבליני בגליל ב,AU,פריכיות תירס עם סויה,גרמים,150.00,100 גרם,false,,14.90,9.9333,true,1,67499
9322969000046,false,פריכיות תירס שומשום אורגני ריל פודס 150 ג',אף.סי תבליני בגליל ב,AU,פריכיות תירס אורגניו,גרמים,150.00,100 גרם,false,,14.90,9.9333,true,1,67500
9322969000053,false,פריכיות אורז מלא 150 ג' RICE THINS,סנו מפעלי ברונוס.,IT,פריכיות אורז מלא 150,גרמים,150.00,100 גרם,false,,14.90,9.9333,true,1,143922
9771565038319,false,עיתון ידיעות אחרונות,,,עיתון ידיעות אחרונות,יחידה,0.00,יחידה,false,,2.90,0.0000,true,1,63688
9771565038326,false,עיתון ידיעות אחרונות,,,עיתון ידיעות אחרונות,יחידה,0.00,יחידה,false,,2.90,0.0000,true,1,63718
9771565038333,false,עיתון ידיעות אחרונות,,,עיתון ידיעות אחרונות,יחידה,0.00,יחידה,false,,2.90,0.0000,true,1,63689
9771565038340,false,עיתון ידיעות אחרונות,,,עיתון ידיעות אחרונות,יחידה,0.00,יחידה,false,,2.90,0.0000,true,1,43727
9771565038357,false,עיתון ידיעות אחרונות,,,עיתון ידיעות אחרונות,יחידה,0.00,יחידה,false,,2.90,0.0000,true,1,63690
9771565039125,false,עיתון לאישה,,,עיתון לאישה,יחידה,0.00,יחידה,false,,21.90,0.0000,true,1,43728
9771565051066,false,ידיעות אחרונות יום ו,,,ידיעות שבת,יחידה,0.00,יחידה,false,,11.90,0.0000,true,1,63700
