code,internal_code,name,manufacturer_name,manufacture_country,manufacturer_item_description,unit_qty,quantity,unit_of_measure,weighted,qty_in_package,price,unit_of_measure_price,allow_discount,status,item_id
32147230,false,"מיץ לימון משומר 200 מ""ל",סידג,CH,מיץ לימון משומר,מיליליטרים,200.00,"100 מ""ל",false,0,6.90,3.45,true,1,
59085645,false,דאו.דאב רול און אסאי 50,"יוניליוור אנגליה, דרך קו",GB,דאודורנט דאב,מיליליטרים,50.00,"100 מ""ל",false,1,16.90,33.80,true,1,
72940754,false,"מילקי בטעם וניל 170 מ""ל","שטראוס גרופ בע""\מ",IL,מילקי טעם וניל,מיליליטרים,170.00,"100 מ""ל",false,0,2.80,1.65,true,1,
72940761,false,"מילקי בטעם שוקולד 170מ""ל","שטראוס גרופ בע""\מ",IL,מילקי טעם שוקולד,מיליליטרים,170.00,"100 מ""ל",false,0,2.80,1.65,true,1,
72940952,false,"מילקי אקסטרה קצפת 170מ""ל","שטראוס גרופ בע""\מ",IL,מילקי אקסטרה,מיליליטרים,170.00,"100 מ""ל",false,0,3.80,2.24,true,1,
72945308,false,קוביות שמרים לחים אפיה50,"פאקא תעשיות בע""\מ",IL,קוביות שמרים,גרמים,50.00,100 גרם,false,0,3.40,6.80,true,1,
72961209,false,"שמנית חמוצה 15% 200 מ""ל",תנובה,IL,שמנית תנובה 15%,מיליליטרים,200.00,"100 מ""ל",false,0,2.40,1.20,true,1,
72961216,false,"אשד 200 מ""ל",מחלבת אלון תבור,IL,"אשד 200 מ""ל",מיליליטרים,200.00,"100 מ""ל",false,0,1.60,0.80,true,1,
72961223,false,גילה 3%,,IL,גילה 3%,מיליליטרים,200.00,"100 מ""ל",false,0,1.50,0.75,true,1,
72961506,false,פרילי תות 1.5% 125 גרם,מחלבת אלון תבור,IL,פרילי תות,גרמים,125.00,100 גרם,false,0,3.50,2.80,true,1,
72961520,false,פרילי אננס 1.5% 125 גרם,מחלבת אלון תבור,IL,פרילי אננס 1.5%,גרמים,125.00,100 גרם,false,0,3.50,2.80,true,1,
72961544,false,באדי תות 3% 125 גרם,מחלבת אלון תבור,IL,מעדן באדי תות 3%,גרמים,125.00,100 גרם,false,0,2.70,2.16,true,1,
72964132,false,פרילי טבע גרנולה 200 גרם,מחלבת אלון תבור,IL,פרילי טבע גרנולה,גרמים,200.00,100 גרם,false,0,5.00,2.50,true,1,
72986233,false,באדי וניל 2%שומן 125 גרם,תנובה,IL,מעדן באדי וניל,גרמים,125.00,100 גרם,false,0,2.70,2.16,true,1,
72986240,false,באדי שוקו 2%שומן 125 גרם,תנובה,IL,מעדן באדי שוקו,גרמים,125.00,100 גרם,false,0,2.70,2.16,true,1,
72986370,false,"גל.וניל צרפתי כשל""פ",מוצרי איכות אמריקאיים,IL,גלידה בן & ג'ריס,מיליליטרים,500.00,"100 מ""ל",false,0,19.90,3.98,true,1,
72986424,false,"גל.קרם עוגיות 500 מ""ל",מוצרי איכות אמריקאיים בע,IL,גלידה בן & ג'ר,מיליליטרים,500.00,"100 מ""ל",false,0,19.90,3.98,true,1,
72993637,false,דני שוקולד 1.5% 125 גרם,"שטראוס גרופ בע""\מ",IL,דני שוקולד 1.5%,גרמים,125.00,100 גרם,false,0,2.70,2.16,true,1,
80762362,false,מנטוס וויט מנטה אקליפט60,פרפטי ואן מלה,TR,מנטוס וויט,גרמים,60.00,100 גרם,false,1,9.90,16.50,true,1,
80773429,false,מסטיק מנטוס בקבוק תות60ג,"פרפטי ואן מלה ג'\ידה,סאן",TR,מנטוס בקבוק,גרמים,60.00,100 גרם,false,1,9.90,16.50,true,1,
80773443,false,מסטיק  מנטה עדינה בקבוק,"פרפטי ואן מלה ג'\ידה,סאן",TR,מסטיק מנטוס,גרמים,60.00,100 גרם,false,1,9.90,16.50,true,1,
80790990,false,מסטיק פירות מנטה בקבוק,"פרפטי ואן מלה ג'\ידה,סאן",TR,מסטיק מנטוס,גרמים,60.00,100 גרם,false,1,9.90,16.50,true,1,
80843184,false,מסטיק פיורפרש ענבים60גר,---,TR,מסטיק מנטוס,גרמים,60.00,100 גרם,false,1,9.90,16.50,true,1,
80850885,false,מנטוס וויט מנטה עדינה60ג,פרפטי ואן מלה,TR,מנטוס וויט,גרמים,60.00,100 גרם,false,0,9.90,16.50,true,1,
80864295,false,מנטוס פיורוויט מנטה עדין,"פרפטי ואן מלה ג'ידה,סאן",TR,מנטוס פיור וויט,גרמים,60.00,100 גרם,false,1,9.90,16.50,true,1,
80896081,false,מסטיק מנטוס אבטיח60גרם,"פרפטי ואן מלה ג'\ידה,סאן",TR,מנטוס בקבוק,גרמים,60.00,100 גרם,false,1,9.90,16.50,true,1,
80913467,false,מסטיק מנטוס מנטה בקבוק60,פרפטי ואן מלה,TR,מסטיק מנטוס,גרמים,60.00,100 גרם,false,1,9.90,16.50,true,1,
80926481,false,מסטיק מנטוס אבטיח90גרם,"פרפטי ואן מלה ג'ידה,סאן",TR,מסטיק מנטוס,גרמים,90.00,100 גרם,false,1,16.90,18.78,true,1,
80945468,false,מנטוס פיורוויט מנטה מתוק,"פרפטי ואן מלה ג'ידה,סאן",TR,מנטוס פיור וויט,גרמים,60.00,100 גרם,false,1,9.90,16.50,true,1,
80979128,false,מסטיק פיורפרש דובדבן60ג,---,TR,מסטיק מנטוס,גרמים,60.00,100 גרם,false,1,9.90,16.50,true,1,
80982470,false,מסטיק מנטוס מנטה חזקה60ג,---,TR,מסטיק מנטוס,גרמים,60.00,100 גרם,false,1,9.90,16.50,true,1,
87108651,false,מנטוס מנטה 4יח37.5X'גרם,פרפטי ואן מלה ברדה,NL,מנטוס מנטה 4 יח',גרמים,150.00,100 גרם,false,0,10.90,7.27,true,1,
87108712,false,מנטוס טעם פירות4יח37.5Xג,פרפטי ואן מלה,NL,מנטוס פירות 4,גרמים,150.00,100 גרם,false,0,10.90,7.27,true,1,
16000548404,false,חטיף נייטשר וואלי דבש5יח,ג'נרל מילס סאן אדריאן,ES,חטיף נייטשר ואלי,גרמים,210.00,100 גרם,false,0,14.90,7.10,true,1,
16000548503,false,נייטשר וואלי מייפל 5יח,ג'נרל מילס סאן אדריאן,ES,חטיף נייטשר ואלי,גרמים,210.00,100 גרם,false,0,14.90,7.10,true,1,
16000548602,false,נייטשר וואלי קינמון 5יח,ג'נרל מילס סאן אדריאן,ES,חטיף נייטשר ואלי,גרמים,210.00,100 גרם,false,0,14.90,7.10,true,1,
16000548909,false,חט.נייטשר וואלי מעורב5יח,ג'נרל מילס סאן אדריאן,ES,חטיף נייטשר ואלי,גרמים,210.00,100 גרם,false,0,14.90,7.10,true,1,
18176784907,false,שוקולד טורינו,,,שוקולד טורינו,גרמים,500.00,100 גרם,false,0,17.80,3.56,true,1,
18176785508,false,שוקולד טורינו,,IL,שוקולד טורינו,גרמים,100.00,100 גרם,false,0,10.90,10.90,true,1,
18176787007,false,שוקולד טורינו,,IL,שוקולד טורינו,גרמים,100.00,100 גרם,false,0,10.90,10.90,true,1,
22200956932,false,ספיד סטיק ג'ל 24/7 כחול,קולגייט פלמוליב,US,דאודורנט ג'ל,גרמים,85.00,100 גרם,false,0,19.90,23.41,true,1,
22200956949,false,ספיד סטיק ג'ל24/7- כתום,קולגייט פלמוליב,US,דאודורנט,גרמים,85.00,100 גרם,false,0,19.90,23.41,true,1,
25675010024,false,עוגיות סנדוויץ דופלקס 70,INC FOODS CONAGRA,US,עוגיות סנדוויץ,גרמים,708.00,100 גרם,false,1,24.90,3.52,true,1,
25675010062,false,עוגיות סנדוויץ שוקו וניל,INC FOODS CONAGRA,US,עוגיות סנדוויץ,גרמים,708.00,100 גרם,false,1,24.90,3.52,true,1,
25675015159,false,פריכיות,,,פריכיות,גרמים,155.00,100 גרם,false,0,6.90,4.45,true,1,
25675015289,false,פריכיות דגנים,,,פריכיות דגנים,גרמים,140.00,100 גרם,false,0,6.90,4.93,true,1,
25675015357,false,פריכיות כוסמין,,,פריכיות כוסמין,גרמים,155.00,100 גרם,false,0,6.90,4.45,true,1,
25675094703,false,לקקן טופי דובדבן,,,לקקן טופי דובדבן,גרמים,540.00,100 גרם,false,0,16.90,3.13,true,1,
25675094727,false,לקקן טופי תות,,,לקקן טופי תות,גרמים,540.00,100 גרם,false,0,16.90,3.13,true,1,
25675094741,false,לקקן טופי פטל,,,לקקן טופי פטל,גרמים,540.00,100 גרם,false,0,16.90,3.13,true,1,
25675120037,false,םרג 100 תות םעטב םיצוצמח,ירוג,NL,חמצוצים תות,גרמים,100.00,100 גרם,false,0,7.90,7.90,true,1,
25675705654,false,בצל מטוגן פריך 400 גרם,איסטרוניקס,IL,בצל מטוגן פריך,גרמים,400.00,100 גרם,false,1,12.90,3.23,true,1,
25675950313,false,סוכ.אודלס בטעם תות 224 ג,צאוזי גונדילונג פוד,CN,סוכרית אודלס224ג,גרמים,224.00,100 גרם,false,1,13.90,6.21,true,1,
25675950351,false,סוכ.אודלס בטעם דובדבן,צאוזי גונדילונג פוד,CN,סוכרית אודלס224ג,גרמים,224.00,100 גרם,false,1,13.90,6.21,true,1,
25675950382,false,סוכ.אודלס בטעם פטל 224 ג,צאוזי גונדילונג פוד,CN,סוכרית אודלס224ג,גרמים,224.00,100 גרם,false,1,13.90,6.21,true,1,
43427003919,false,שקיות רשת לבישול 8 יח',,IL,שקיות לבישול 8יח,יחידה,1.00,יחידה,false,1,9.90,9.90,true,1,
43427011525,false,"פרוסות פלפל חריף 473 מ""ל",,US,פרוסות פלפל חריף,מיליליטרים,473.00,"100 מ""ל",false,1,21.90,4.63,true,1,
43427176002,false,"שמן אבוקדו ""ליברס"" 500מל",ווברס,US,שמן אבוקדו,מיליליטרים,500.00,"100 מ""ל",false,1,41.90,8.38,true,1,
43427189002,false,רסק תפוחים בתוספת סוכר,אינדיאן סאמר,US,רסק תפוחים,קילוגרמים,1.36,"ק""ג",false,1,19.90,14.63,true,1,
43427246002,false,"מחית תפוחים לל""ס 90*4 גר",,IL,"מחית תפוחים לל""ס",גרמים,360.00,100 גרם,false,1,12.90,3.58,true,1,
43427269001,false,"ספריי שמן אבוקדו 146 מ""ל",פולמר דוולופמנט,US,ספריי שמן אבוקדו,מיליליטרים,146.00,"100 מ""ל",false,1,32.90,22.53,true,1,
64144090013,false,תרסיס שמן טעם חמאה 148מל,קונגרה,US,תרסיס שמן,מיליליטרים,148.00,"100 מ""ל",false,0,17.90,12.09,true,1,
64144090020,false,"תרסיס שמן זית 148 מ""ל",קונגרה,US,תרסיס שמן זית,מיליליטרים,148.00,"100 מ""ל",false,0,17.90,12.09,true,1,
73490129919,false,ביסקויט קסטה טעם שוקו,אפיפית,IL,ביסקויט קסטה,גרמים,250.00,100 גרם,false,0,5.90,2.36,true,1,
73490153419,false,מיץ ענבים קדם אדום 1.89,קדם פוד פרודקטסn\,US,מיץ ענבים 1.89 ל,ליטרים,1.89,ליטר,false,8,27.20,14.39,true,1,
77245110610,false,סוכריות מאסט מנטה 80 גרם,עלית,PL,סוכריות מאסט,גרמים,80.00,100 גרם,false,0,7.90,9.88,true,1,
77343000233,false,נרות חימום,,IL,נרות חימום,יחידה,1.00,יחידה,false,0,9.90,9.90,true,1,
80432402931,false,וויסקי שיבס,,SE,וויסקי שיבס,מיליליטרים,700.00,"100 מ""ל",false,0,109.90,15.70,true,1,
87752005644,false,יין ברטנורה מוסקטו 750מל,יקב פסגות,IT,יין מוסקטו,מיליליטרים,750.00,"100 מ""ל",false,0,54.90,7.32,true,1,
142486607134,false,חטיף  קראנצ'י קינמון 6יח,קנובר,MK,חטיף קראנץ 6יח,גרמים,255.00,100 גרם,false,1,21.90,8.59,true,1,
608614253340,false,חלת קונדטוריה 500 גרם,,IL,חלת קונדטוריה,גרמים,500.00,100 גרם,false,1,10.90,2.18,true,1,
608614254125,false,ביסבס חריף אש 120 גרם,LAM,IL,ביסבס חריף אש,גרמים,120.00,100 גרם,false,1,10.90,9.08,true,1,
608614254132,false,ביסבס חריף עדין 120 גרם,LAM,IL,ביסבס חריף עדין,גרמים,120.00,100 גרם,false,1,10.90,9.08,true,1,
608614254149,false,ביסבס חריף פיקנטי 120 גר,LAM,IL,ביסבס חריף,גרמים,120.00,100 גרם,false,1,10.90,9.08,true,1,
633016004375,false,שמיר 70 גרם,עט רן,IL,שמיר 70 גרם,גרמים,70.00,100 גרם,false,1,14.90,21.29,true,1,
633016004382,false,שום כתוש 70 גרם,עט רן,IL,שום כתוש,גרמים,70.00,100 גרם,false,1,14.90,21.29,true,1,
633016004399,false,פטרוזיליה קצוצה 70 גרם,עט רן,IL,פטרוזיליה קצוצה,גרמים,70.00,100 גרם,false,1,14.90,21.29,true,1,
651080647519,false,36קיסם +חוט מנטה ג'ורדן,קלרו,US,קיסם עם חוט,יחידה,1.00,יחידה,false,1,9.90,9.90,true,1,
655160628801,false,סלט חציל בטעם כבד 230 גר,"לימון-מילה של איכות בע""מ",IL,סלט חצילים,גרמים,230.00,100 גרם,false,1,16.90,7.35,true,1,
655160628818,false,סלט חציל על האש 230 גרם,"לימון-מילה של איכות בע""מ",IL,סלט חציל על האש,גרמים,230.00,100 גרם,false,1,14.90,6.48,true,1,
655160628825,false,סלט חציל בתחמיץ 230 גרם,"לימון-מילה של איכות בע""מ",IL,סלט חציל בתחמיץ,גרמים,230.00,100 גרם,false,1,14.90,6.48,true,1,
655160628832,false,סלט חציל בצ'ילי 230 גרם,"לימון-מילה של איכות בע""מ",IL,סלט חציל בצ'ילי,גרמים,230.00,100 גרם,false,1,14.90,6.48,true,1,
655160628856,false,סלט כרוב וגזר אמריקאי 23,"לימון-מילה של איכות בע""מ",IL,סלט כרוב וגזר,גרמים,230.00,100 גרם,false,1,14.90,6.48,true,1,
655160628863,false,סלט טחינה של סבתא 230 גר,"לימון-מילה של איכות בע""מ",IL,סלט טחינה,גרמים,230.00,100 גרם,false,1,14.90,6.48,true,1,
655160628900,false,סחוג אדום 150 גרם,"לימון-מילה של איכות בע""מ",IL,סחוג אדום,גרמים,150.00,100 גרם,false,1,14.90,9.93,true,1,
655160628917,false,סחוג ירוק 150 גרם,"לימון-מילה של איכות בע""מ",IL,סחוג ירוק,גרמים,150.00,100 גרם,false,1,14.90,9.93,true,1,
655160628931,false,מעדן זיתים 150 גרם,"לימון-מילה של איכות בע""מ",IL,מעדן זיתים,גרמים,150.00,100 גרם,false,1,14.90,9.93,true,1,
655160629112,false,סלט חציל פיקנטי 230 גרם,"לימון-מילה של איכות בע""מ",IL,סלט חציל פיקנטי,גרמים,230.00,100 גרם,false,1,14.90,6.48,true,1,
655160629136,false,סלט פלפלים קלויים אש 230,"לימון-מילה של איכות בע""מ",IL,סלט פלפלים,גרמים,230.00,100 גרם,false,1,14.90,6.48,true,1,
655160629143,false,סלט פלפלים קלויים 230 גר,"לימון-מילה של איכות בע""מ",IL,סלט פלפלים,גרמים,230.00,100 גרם,false,1,14.90,6.48,true,1,
655160629150,false,סלט תפוחי אדמה 230 גרם,"לימון-מילה של איכות בע""מ",IL,סלט תפוחי אדמה,גרמים,230.00,100 גרם,false,1,14.90,6.48,true,1,
655160629167,false,סלט חומוס נוסטלגי 230 גר,"לימון-מילה של איכות בע""מ",IL,סלט חומוס,גרמים,230.00,100 גרם,false,1,14.90,6.48,true,1,
655160629181,false,סלט מטבוחה ישראלית 230 ג,"לימון-מילה של איכות בע""מ",IL,סלט מטבוחה,גרמים,230.00,100 גרם,false,1,14.90,6.48,true,1,
655160629198,false,סלט מטבוחה אש 230 גרם,"לימון-מילה של איכות בע""מ",IL,סלט מטבוחה,גרמים,230.00,100 גרם,false,1,14.90,6.48,true,1,
689423004996,false,"חטיף תפו""א בגליל 150 גרם",אלימנטס פרנקי,CA,"חטיף תפו""א 150גר",גרמים,150.00,100 גרם,false,0,13.90,9.27,true,1,
693493082679,false,בייגלה חיטה מלאה שומשום,אם החיטה,IL,בייגלה חיטה מלאה,גרמים,300.00,100 גרם,false,1,6.90,2.30,true,1,
693493082686,false,בייגלה חיטה מלאה מלח300ג,אם החיטה,IL,בייגלה חיטה מלאה,גרמים,300.00,100 גרם,false,1,6.90,2.30,true,1,
693493142847,false,פיתות איכותיות 10 יח,,IL,עשיריה פיתות,יחידה,1.00,יחידה,false,1,11.90,11.90,true,1,
693493142892,false,פוקצ'ה עם זעתר 460 גרם,,IL,פוקצ'ה עם זעתר,גרמים,460.00,100 גרם,false,1,16.90,3.67,true,1,
693493142908,false,פוקצ'ה פרמיום עם בצל460ג,,IL,פוקצ'ה בצל 460גר,גרמים,460.00,100 גרם,false,1,16.90,3.67,true,1,
693493186902,false,מיני פרנה 10 יחידות,,IL,מיני פרנה 10 יח,גרמים,500.00,100 גרם,false,1,14.90,2.98,true,1,
693493186926,false,פרנה  4 יחידות,,IL,פרנה 4 יח,גרמים,480.00,100 גרם,false,1,14.90,3.10,true,1,
700600862786,false,מיונז שום שמיר 210 גרם,"לימון-מילה של איכות בע""מ",IL,מיונז שום שמיר,גרמים,210.00,100 גרם,false,1,14.90,7.10,true,1,
701980285271,false,מיונז זיתים 230 גרם,"לימון-מילה של איכות בע""מ",IL,מיונז זיתים,גרמים,230.00,100 גרם,false,1,14.90,6.48,true,1,
701980285288,false,מיונז חריף אש 210 גרם,"לימון-מילה של איכות בע""מ",IL,מיונז חריף,גרמים,210.00,100 גרם,false,1,14.90,7.10,true,1,
710069082212,false,חרדל צהוב 255 גרם,,IL,חרדל צהוב,גרמים,255.00,100 גרם,false,1,6.90,2.71,true,1,
710069305168,false,"רסק תפו""ע",,IL,"רסק תפו""ע",גרמים,680.00,100 גרם,false,0,17.90,2.63,true,1,
710069812000,false,רוטב פסטה גפן,,IL,רוטב פסטה גפן,גרמים,680.00,100 גרם,false,0,12.90,1.90,true,1,
710069812017,false,רוטב פסטה גפן,,IL,רוטב פסטה גפן,גרמים,680.00,100 גרם,false,0,12.90,1.90,true,1,
710069812048,false,רוטב פיצה 737גרם,,IL,רוטב פיצה 737גרם,גרמים,737.00,100 גרם,false,0,12.90,1.75,true,1,
710069812154,false,"רסק תפו""ע לל""ס 1.300 ק""ג","כנס פוד ארה""ב",US,"רסק תפו""ע לל""ס",קילוגרמים,1.30,"ק""ג",false,1,21.90,16.85,true,1,
710069812161,false,"מארז רסק תפו""ע 113*6 גר","כנס פוד ארה""ב",US,"רסק תפו""ע מארז 6",גרמים,678.00,100 גרם,false,1,17.90,2.64,true,1,
712963005410,false,שוקו go במילוי קרם חלב 8,GROSS,HR,שוקו go במילוי,גרמים,80.00,100 גרם,false,1,7.90,9.88,true,1,
712963005441,false,שוקו go מילוי קרם בוטנים,GROSS,HR,שוקו go במילוי,גרמים,80.00,100 גרם,false,1,7.90,9.88,true,1,
712963005472,false,שוקו go במילוי מוס 80 גר,GROSS,HR,שוקו go,גרמים,80.00,100 גרם,false,1,7.90,9.88,true,1,
712963005502,false,שוקו go במילוי קרמל 80 ג,GROSS,HR,שוקו  במילויgo,גרמים,80.00,100 גרם,false,1,7.90,9.88,true,1,
717410697934,false,מיונז בצל ירוק 230 גרם,"לימון-מילה של איכות בע""מ",IL,מיונז בצל ירוק,גרמים,230.00,100 גרם,false,1,14.90,6.48,true,1,
717410697958,false,מיונז פיקנטי 210 גרם,"לימון-מילה של איכות בע""מ",IL,מיונז פיקנטי,גרמים,210.00,100 גרם,false,1,14.90,7.10,true,1,
732973000878,false,ווייטפיש A&B קלאסיק565גר,,US,וייטפיש A&Bקלאסי,גרמים,565.00,100 גרם,false,1,36.90,6.53,true,1,
768404001640,false,"גלידה בטעם קפה 500 מ""ל",מוצרי איכות אמריקאיים בע,IL,גלידת בן & ג'ריס,מיליליטרים,500.00,"100 מ""ל",false,0,19.90,3.98,true,1,
807405068013,false,שקיות לבישול איטי 10 יח,פנטסטיק,CN,שקיות לבישול,יחידה,1.00,יחידה,false,1,11.90,11.90,true,1,
807405068532,false,שקיות פסגור להקפאה ענק,פטקר,CN,שקיות פסגור,יחידה,1.00,יחידה,false,1,14.90,14.90,true,1,
807405068556,false,שקיות פסגור להקפאה קטן,פטקר,CN,שקיות פסגור,יחידה,1.00,יחידה,false,1,14.90,14.90,true,1,
807405068570,false,שקיות פסגור קטן 100,פטקר,CN,שקיות פסגור קטן,יחידה,1.00,יחידה,false,1,14.90,14.90,true,1,
811146030161,false,טינגלרס ממולא תות 12*24,,IL,טינגלרס ממולא בט,גרמים,288.00,100 גרם,false,1,10.90,3.78,true,1,
811146030185,false,טינגלרס ממולא דובדבן *12,,IL,טינגלרס ממולא דו,גרמים,288.00,100 גרם,false,1,10.90,3.78,true,1,
811146030383,false,לקקן בצורת ספינר 120 גרם,,CN,לקקן בצורת ספינר,גרמים,120.00,100 גרם,false,1,12.90,10.75,true,1,
811146030390,false,לקקן בצורת שבשבת 144 גרם,קיומי שנגיואנג פודס,CN,לקקן בצורת שבשבת,גרמים,144.00,100 גרם,false,1,12.90,8.96,true,1,
811146030741,false,סוכ.על מקל טעמי פירות,צ'או אן צ'אנגטאי,CN,סוכ.על מקל,גרמים,144.00,100 גרם,false,1,12.90,8.96,true,1,
811146030765,false,סוכריות טופי ממולאות255ג,,PK,סוכ.טופי 255גרם,גרמים,255.00,100 גרם,false,1,11.90,4.67,true,1,
811146030772,false,סוכ.טופי ממולאות 255גרם,,PK,סוכ.טופי ממולאות,גרמים,255.00,100 גרם,false,1,11.90,4.67,true,1,
840762001408,false,רוטב ברביקיו רגיל 510 גר,פרמונט קומפני,US,רוטב ברביקיו,גרמים,510.00,100 גרם,false,1,17.90,3.51,true,1,
840762001415,false,רוטב ברביקיו מתוק עדין,פרמונט קומפני,US,רוטב ברביקיו,גרמים,510.00,100 גרם,false,1,17.90,3.51,true,1,
840762001422,false,רוטב ברביקיו מתוק חריף,פרמונט קומפני,US,רוטב ברביקיו,גרמים,510.00,100 גרם,false,1,17.90,3.51,true,1,
844510013101,false,קברנה סובניון ג'רוזלם הי,,IL,קברנה סוביניון,מיליליטרים,750.00,"100 מ""ל",false,1,42.90,5.72,true,1,
850011939048,false,דיפ דיפ אורגינל קרייבי מ,בי איי בי סנקס,US,דיפ דיפ אורגינל,גרמים,170.00,100 גרם,false,1,17.90,10.53,true,1,
850011939239,false,קרקר דיפ דיפ חיטה מלאה,בי איי בי סנקס,US,קרקר דיפ דיפ,גרמים,170.00,100 גרם,false,1,17.90,10.53,true,1,
856591000062,false,עוגיות מזרחיות מלח400גרם,מאפיית יוסף ושמחה עבאדי,IL,עוגיות מזרחיות,גרמים,400.00,100 גרם,false,0,16.90,4.23,true,1,
856591000109,false,עוגיות מזרחיות פריכות400,מאפיית יוסף ושמחה עבאדי,IL,עוגיות מזרחיות,גרמים,400.00,100 גרם,false,0,16.90,4.23,true,1,
856591000949,false,קטנטנים עבאדי ט.טבעי350ג,עבאדי,IL,קטנטנים עבאדי,גרמים,350.00,100 גרם,false,1,14.90,4.26,true,1,
884912365200,false,דגני  בוקר אוראו 311 גרם,---,US,דגני  בוקר אוראו,גרמים,311.00,100 גרם,false,1,23.90,7.68,true,1,
893022001137,false,מגבונים לחים 80 יח' לשבת,,IL,מגבונים לשבת,יחידה,1.00,יחידה,false,1,4.90,4.90,true,1,
3059940007768,false,אירויק ספריי וניל 240 מל,רקיט בנקיזר,GB,אירויק ספריי,מיליליטרים,240.00,"100 מ""ל",false,0,9.90,4.13,true,1,
3059943016569,false,אירויק ספריי יסמין 240מל,רקיט בנקיזר,GB,אירויק ספריי,מיליליטרים,240.00,"100 מ""ל",false,0,9.90,4.13,true,1,
3141360054405,false,פיניש מפיץ ריח לימון,רקיט בנקיזר,HU,מפיץ ריח למדיח,יחידה,1.00,יחידה,false,1,14.90,14.90,true,1,
3147697720204,false,"וויסקי לייבל 5 700 מ""ל",BLENDING FIRST,FR,וויסקי לייבל 5,מיליליטרים,700.00,"100 מ""ל",false,1,89.90,12.84,true,1,
3574660089547,false,טמפוני או בה נורמל 32 יח,ג'\ונסון אנד ג'\ונסון,GR,טמפוני או בה,יחידה,1.00,יחידה,false,0,24.90,24.90,true,1,
3574661485201,false,או בה פרוקומפורט סופר32י,OB,FR,או בה פרוקומפורט,יחידה,1.00,יחידה,false,1,24.90,24.90,true,1,
3574661485218,false,או בה פרוקומפורט נורמל32,"ש. שסטוביץ בע""\מ",GR,או בה פרוקומפורט,יחידה,1.00,יחידה,false,1,24.90,24.90,true,1,
3574661552576,false,56 קרפרי מגן רגיל טנגו,ג'\ונסון אנד ג'\ונסון,GR,מגני תחתון קרפרי,יחידה,1.00,יחידה,false,1,17.90,17.90,true,1,
3574661552804,false,56קרפרי מגן תחתון אלוורה,ג'\ונסון אנד ג'\ונסון,GR,מגני תחתון קרפרי,יחידה,1.00,יחידה,false,1,17.90,17.90,true,1,
3574661554877,false,קרפרי כותון מבושם 56 יחי,"ש. שסטוביץ בע""\מ",GR,מגני תחתון קרפרי,יחידה,1.00,יחידה,false,1,17.90,17.90,true,1,
3574669908665,false,ג'ונסון אלסבון ל.שינה750,ג'ונסון,IT,ג'ונסון אל סבון,מיליליטרים,750.00,"100 מ""ל",false,1,17.90,2.39,true,1,
3600521720219,false,פעולה משולשת קרם לילה,"קרלסרו, גרמניה",DE,קרם לילה,מיליליטרים,50.00,"100 מ""ל",false,0,49.90,99.80,true,1,
3600522107385,false,דאו.אקספרט קרבון פרוט150,SOPROCOS,FR,דאודורנט אקספרט,מיליליטרים,150.00,"100 מ""ל",false,1,15.90,10.60,true,1,
3600522373278,false,דאו.אקספרט שירט פרוטק150,SOPROCOS,FR,דאודורנט אקספרט,מיליליטרים,150.00,"100 מ""ל",false,1,15.90,10.60,true,1,
3600522550129,false,SPECIALIST AGE קרם יום,"קרלסרו, גרמניה",DE,קרם יום,מיליליטרים,50.00,"100 מ""ל",false,1,59.90,119.80,true,1,
3600522626060,false,דאו.אקספרט טרמי.רזיסט150,סופרוקוס,FR,דאו.מן אקספרט,מיליליטרים,150.00,"100 מ""ל",false,1,15.90,10.60,true,1,
3600523462360,false,דאו.מן אקספרט סנסטיב150מ,SOPROCOS,FR,דאו. מן אקספרט,מיליליטרים,150.00,"100 מ""ל",false,1,15.90,10.60,true,1,
3600523605972,false,קרם לשיער אלביב קוקוס,kozmetik canan,DK,מסכה אלביב,מיליליטרים,300.00,"100 מ""ל",false,1,24.90,8.30,true,1,
3600523651870,false,שמפו אלביב ארג'ינין500מל,קוסמטיקס,TR,אלביב שמפו,מיליליטרים,550.00,"100 מ""ל",false,1,17.90,3.25,true,1,
3600523651900,false,מרכך  אלביב ארג'ינין,קוסמטיקס,TR,אלביב מרכך,מיליליטרים,550.00,"100 מ""ל",false,1,17.90,3.25,true,1,
3600523652242,false,"שמפו אלביב קולור 550 מ""ל",קוסמטיקס,TR,אלביב שמפו,מיליליטרים,550.00,"100 מ""ל",false,1,17.90,3.25,true,1,
3600523652259,false,מרכך אלביב קולור פרוטקט,קוסמטיקס,TR,אלביב מרכך,מיליליטרים,550.00,"100 מ""ל",false,1,17.90,3.25,true,1,
3600523652280,false,שמפו אלביב 6 שמנים,קוסמטיקס,TR,אלביב שמפו,מיליליטרים,550.00,"100 מ""ל",false,1,17.90,3.25,true,1,
3600523652297,false,מרכך אלביב 6 שמנים,קוסמטיקס,TR,אלביב מרכך,מיליליטרים,550.00,"100 מ""ל",false,1,17.90,3.25,true,1,
3600523782567,false,שמפו אלביב דרים לונג500מ,קוסמטיקס,FR,אלביב שמפו,מיליליטרים,500.00,"100 מ""ל",false,1,17.90,3.58,true,1,
3600523816699,false,ACTIVE TRIPLE ג'ל קרם50מ,"קרלסרו, גרמניה",DE,קרם לחות,מיליליטרים,50.00,"100 מ""ל",false,1,49.90,99.80,true,1,
3600541740006,false,דאו ספריי אקשן קונטרול,סופרוקוס,FR,דאו.גרנייה,מיליליטרים,150.00,"100 מ""ל",false,1,14.90,9.93,true,1,
3600541928275,false,מים מיסלריים דו-פאזי400מ,"קוסמופול, פולין",PL,מים מיסלריים דו,מיליליטרים,400.00,"100 מ""ל",false,1,32.90,8.23,true,1,
3600541937475,false,גרנייה פיור 3ב1ניקוי150מ,לוריאל,FR,גרנייה פיור ניקו,מיליליטרים,150.00,"100 מ""ל",false,1,32.90,21.93,true,1,
3600541956223,false,ACTIVE PUREג'ל ניקוי150מ,"קרלסרו, גרמניה",DE,ג'ל ניקוי עמוק,מיליליטרים,150.00,"100 מ""ל",false,1,32.90,21.93,true,1,
3600542366113,false,סקין נטורל קרם ענבים50מל,לוריאל,DE,סקין נטורל קרם ע,מיליליטרים,50.00,"100 מ""ל",false,1,39.90,79.80,true,1,
3600542398206,false,תרחיץ אלוורה,"קוסמופול, פולין",PL,תרחיץ אלוורה,יחידה,1.00,יחידה,false,0,24.90,24.90,true,1,
3607345264912,false,ספריי גוף אייס דייב 150מ,COLEPCCL,ES,ספריי גוף אדידס,מיליליטרים,150.00,"100 מ""ל",false,0,14.90,9.93,true,1,
3607345265117,false,ספריי גוף אדידס טים150מל,COLEPCCL,PL,ספריי גוף אדידס,מיליליטרים,150.00,"100 מ""ל",false,0,14.90,9.93,true,1,
3661163970448,false,דאו.אדידס A3 פרש לגבר200,COLEPCCL,PT,דאודורנט אדידס,מיליליטרים,200.00,"100 מ""ל",false,0,19.90,9.95,true,1,
4008287051032,false,בירה קרומבאכר פחית 500 מ,קרומבאכר,DE,בירה קרומבאכר,מיליליטרים,500.00,"100 מ""ל",false,1,9.90,1.98,true,1,
4008287058161,false,"בירה קרומבאכר 330*6 מ""ל",קרומבאכר,DE,בירה קרומבאכר6יח,ליטרים,1.98,ליטר,false,1,29.90,15.10,true,1,
4008287762020,false,בירה קרומבאכר חיטה בק500,קרומבאכר,DE,בירה קרומבאכר,מיליליטרים,500.00,"100 מ""ל",false,0,9.90,1.98,true,1,
4008287905786,false,בירה קרומבאכר חיטה פח500,קרומבאכר,DE,בירה קרומבאכר,מיליליטרים,500.00,"100 מ""ל",false,1,9.90,1.98,true,1,
4008402101772,false,קיווי ספוג הברקה חום,ג'ונסון,HN,קיווי ספוג הברקה,יחידה,1.00,יחידה,false,0,14.90,14.90,true,1,
4009900013581,false,מסטיק סטיקס ספירמינט 5יח,ריגלי צרפת,FR,מסטיק סטיקס,גרמים,65.00,100 גרם,false,0,9.90,15.23,true,1,
4009900402965,false,אורביט וייט פירות 64גרם,ריגלי פולין,PL,אורביט בקבוקון,גרמים,64.00,100 גרם,false,0,9.90,15.47,true,1,
4009900403023,false,מסטיק אורביט ויט מנטה64ג,ריגלי פולין,PL,אורביט בקבוקון,גרמים,64.00,100 גרם,false,0,9.90,15.47,true,1,
4009900420129,false,אורביט פפרמינט בקבוקון64,---,PL,אורביט פפרמינט,גרמים,64.00,100 גרם,false,1,9.90,15.47,true,1,
4009900426039,false,מסטיק איירוויבז מנטה64ג,ריגלי פולין,PL,מסטיק איירוויבז,גרמים,64.00,100 גרם,false,1,9.90,15.47,true,1,
4009900426121,false,מסטיק איירוויבז אוכמנ64ג,ריגלי פולין,PL,מסטיק איירוויבז,גרמים,64.00,100 גרם,false,1,9.90,15.47,true,1,
4009900479998,false,אורביט אוכמניות בקבוק64ג,ריגלי פולין,PL,אורביט בקבוקון,גרמים,64.00,100 גרם,false,0,9.90,15.47,true,1,
4009900482417,false,אורביט באבל מינט בקבוק64,ריגלי פולין,PL,אורביט באבל מינט,גרמים,64.00,100 גרם,false,0,9.90,15.47,true,1,
4009900487283,false,מסטיק סטיקס פירות 5 יח',ריגלי צרפת,FR,מסטיק סטיקס,גרמים,65.00,100 גרם,false,0,9.90,15.23,true,1,
4009900531122,false,מסטיק אורביט ספירמינט64ג,---,PL,אורביט ספירמינט,גרמים,64.00,100 גרם,false,1,9.90,15.47,true,1,
4009900536288,false,אורביט רפרשרס פפרמינט67ג,ריגלי,PL,אורביט רפרשרס,גרמים,67.00,100 גרם,false,1,12.90,19.25,true,1,
4015000280372,false,דאו.רול און FA ספורט 50,הנקל סוד,DE,דאודורנט FA,מיליליטרים,50.00,"100 מ""ל",false,0,11.90,23.80,true,1,
4015400564034,false,מגן תח.אולוייז +L מגה פק,פרוקטר אנד גמבל,DE,מגן תחתון אולויז,יחידה,1.00,יחידה,false,0,24.90,24.90,true,1,
4015400564454,false,68מגני תח.אולוייז מגה L,פרוקטר אנד גמבל,DE,מגן תחתון אולויז,יחידה,1.00,יחידה,false,0,24.90,24.90,true,1,
4015400598329,false,56אולוויז קוואטרו נורמל+,פרוקטר אנד גמבל,UA,תחבושות אולוויז,יחידה,1.00,יחידה,false,0,32.90,32.90,true,1,
4015400598381,false,48 אולוויז קוואטרו לונג+,פרוקטר אנד גמבל,UA,תחבושות אולוויז,יחידה,1.00,יחידה,false,0,32.90,32.90,true,1,
4015400598411,false,40 אולוויז קוואטרו לילה,פרוקטר אנד גמבל,UA,תחבושות אולוויז,יחידה,1.00,יחידה,false,0,32.90,32.90,true,1,
4015400681670,false,18תחב.אולוייז לילה בטוח,פרוקטר אנד גמבל,UA,תחבושות אולוייז,יחידה,1.00,יחידה,false,0,21.90,21.90,true,1,
4015400695677,false,76פמפרס ב.דריי +4 א.ענק,---,TR,פמפרס אריזת ענק,יחידה,1.00,יחידה,false,1,69.90,69.90,true,1,
4015400695691,false,72פמפרס ב.דריי 5 א.ענק,---,TR,פמפרס אריזת ענק,יחידה,1.00,יחידה,false,1,69.90,69.90,true,1,
4015400731719,false,20 תח.אולוייז דואו לילה,פרוקטר אנד גמבל,UA,תחבושות אולוייז,יחידה,1.00,יחידה,false,1,21.90,21.90,true,1,
4015400746812,false,80מגני תח.אולוייז מגה פק,פרוקטר אנד גמבל,UA,מגן תחתון אולויז,יחידה,1.00,יחידה,false,1,24.90,24.90,true,1,
4015400755241,false,28תח.אולוייז דואו נורמל+,פרוקטר אנד גמבל,UA,תחבושות אולוייז,יחידה,1.00,יחידה,false,1,21.90,21.90,true,1,
4015400755487,false,24 תח.אולוייז דואו לונג,פרוקטר אנד גמבל,UA,תחבושות אולוייז,יחידה,1.00,יחידה,false,1,21.90,21.90,true,1,
4015400990543,false,אב.כביסה אריאל קולור 8קג,פרוקטור אנד גמבל,TR,אבקת אריאל קולור,קילוגרמים,8.00,"ק""ג",false,1,64.90,8.11,true,1,
4015600763251,false,שמפו הד&שולדרס קלאסי600מ,פרוקטר אנד גמבל,RO,שמפו הד&שולדרס,מיליליטרים,600.00,"100 מ""ל",false,0,24.90,4.15,true,1,
4015600763299,false,"הד&שולדרס 2ב1- 600 מ""ל",פרוקטר אנד גמבל,RO,שמפו הד&שולדרס,מיליליטרים,600.00,"100 מ""ל",false,0,24.90,4.15,true,1,
4015600763411,false,שמפו הד&שולדרס מנטול 600,פרוקטר אנד גמבל,RO,שמפו הד&שולדרס,מיליליטרים,600.00,"100 מ""ל",false,0,24.90,4.15,true,1,
4015600763459,false,שמפו הד&שולדרס תפוח600מל,פרוקטר אנד גמבל,RO,שמפו הד&שולדרס,מיליליטרים,600.00,"100 מ""ל",false,0,24.90,4.15,true,1,
4015600763534,false,הד&שולדרס מגע משי 600מ,פרוקטר אנד גמבל,RO,שמפו הד&שולדרס,מיליליטרים,600.00,"100 מ""ל",false,0,24.90,4.15,true,1,
4015600810849,false,דאו.קליר ג'ל פאוייר70מ,פרוקטר אנד גמבל,PL,דאודורנט קליר,מיליליטרים,70.00,"100 מ""ל",false,0,16.90,24.14,true,1,
4052197000017,false,"בירה בנדיקטינר 500 מ""ל",בנדיקטינר וויצבראו,DE,בירה בנדיקטינר,מיליליטרים,500.00,"100 מ""ל",false,0,11.90,2.38,true,1,
4084500853898,false,פיירי אלוורה/מלפפונים515,פרוקטר אנד גמבל,GB,פיירי נוזל לכלים,מיליליטרים,515.00,"100 מ""ל",false,1,10.90,2.12,true,1,
4602486002071,false,וודקה בלנקאיה גולד 700מל,מזקקת גאורגייבסקי,RU,וודקה בלנקאיה,מיליליטרים,700.00,"100 מ""ל",false,1,49.90,7.13,true,1,
4610028130052,false,וודקה לגנד אוף קרמלין700,"איטאר בע""מ קלינינגרד",RU,וודקה לגנד,מיליליטרים,700.00,"100 מ""ל",false,1,99.90,14.27,true,1,
4627137373225,false,בונ.שוקולד במילוי טראפלס,,BY,בנבוניירה שוקולד,גרמים,180.00,100 גרם,false,1,15.90,8.83,true,1,
4627137373256,false,בונ.שוק.במילוי טעם קרמל,,BY,בנבוניירה שוקולד,גרמים,294.00,100 גרם,false,1,24.90,8.47,true,1,
4627137373263,false,בונ.שוק.עם שברי אגוזים,,BY,בנבוניירה שוקולד,גרמים,204.00,100 גרם,false,1,19.90,9.75,true,1,
4627137373287,false,פרליני שוק.במילוי נוגט,,BY,פרליני שוקולד,גרמים,204.00,100 גרם,false,1,19.90,9.75,true,1,
4627137373294,false,פרליני שוק.במילוי קרם,,BY,פרליני שוקולד,גרמים,204.00,100 גרם,false,1,19.90,9.75,true,1,
4627137373348,false,פרליני שוקולד בטעם תות,,BY,פרליני שוקולד,גרמים,490.00,100 גרם,false,1,39.90,8.14,true,1,
4800888150080,false,דאו.דאב רול און ירוק 50,יוניליוור,PH,דאודורנט דאב,מיליליטרים,50.00,"100 מ""ל",false,0,16.90,33.80,true,1,
4800888190529,false,דאו.דאב סטיק טלק סופט50,יוניליוור,PH,דאודורנט דאב,גרמים,50.00,100 גרם,false,1,17.90,35.80,true,1,
4800888219510,false,"דאו סטיק מלפפונים50 מ""ל",יוניליוור,PH,דאודורנט דאב,גרמים,50.00,100 גרם,false,1,17.90,35.80,true,1,
4810168058975,false,חתיכות פילה דג הרינג260ג,,BY,פילה הרינג 260גר,גרמים,260.00,100 גרם,false,1,18.90,7.27,true,1,
4810168058982,false,חתיכות פילה דג הרינג,---,BY,פילה דג הרינג,גרמים,400.00,100 גרם,false,1,25.90,6.48,true,1,
4891199027598,false,רביעיית סוללות AA G.P,סמיקום,CN,רביעיית סוללות,יחידה,1.00,יחידה,false,0,8.90,8.90,true,1,
4891199027659,false,רביעיית סוללות AAA אלקלי,סמיקום,CN,רביעיית סוללות,יחידה,1.00,יחידה,false,0,8.90,8.90,true,1,
4891228308025,false,היידרו סילק ידית4+סכינים,ארץ ייצור סכינים: ארהבn\,US,היידרו סילק מארז,יחידה,1.00,יחידה,false,1,54.90,54.90,true,1,
4891228430061,false,10 סכיני גילוח עם אלוורה,"ש. שסטוביץ בע""\מ",CN,סכיני גילוח 10יח,יחידה,1.00,יחידה,false,0,26.90,26.90,true,1,
4891228430092,false,4סכינ.גילוח אקסטרים3 אשה,שיק,CN,סכיני גילוח,יחידה,1.00,יחידה,false,0,19.90,19.90,true,1,
4895060592307,false,43גFN סוכריות חלב בבקבוק,איתן-מזון,CN,סוכריות בבקבוק,גרמים,43.00,100 גרם,false,0,6.90,16.05,true,1,
5000146048671,false,סילבו מטליות לכלי כסף,רקיט בנקיזר,PT,מטליות ניקוי,גרמים,75.00,100 גרם,false,1,14.90,19.87,true,1,
5000159376655,false,סוכריות סקיטלס פירות38ג,ריגלי ממתקים,CZ,סוכריות סקיטלס,גרמים,38.00,100 גרם,false,0,2.90,7.63,true,1,
5000159376792,false,סוכריות סקיטלס חמוץ 38 ג,ריגלי ממתקים,CZ,סוכריות סקיטלס,גרמים,38.00,100 גרם,false,0,2.90,7.63,true,1,
5000204133509,false,זיפלוק שקיות אחסון 19 יח,---,US,שקיות אחסון,יחידה,1.00,יחידה,false,1,11.90,11.90,true,1,
5000204658187,false,קיווי נוזל נעליים שחור75,ג'ונסון,PL,קיווי נוזל,מיליליטרים,75.00,"100 מ""ל",false,0,14.90,19.87,true,1,
5000267014234,false,וויסקי ג'וני ווקר אדום,ג'ון ווקר ובניו,GB,ג'וני ווקר אדום,מיליליטרים,700.00,"100 מ""ל",false,0,69.90,9.98,true,1,
5000267024233,false,וויסקי ג'וני ווקר שחור,ג'וני ווקר ובניו,GB,ויסקי ג'וני ווקר,מיליליטרים,700.00,"100 מ""ל",false,0,129.90,18.56,true,1,
5000394141179,false,דורסל שמיניות AAA פלוס,---,BE,דורסל שמיניות AA,יחידה,1.00,יחידה,false,1,21.90,21.90,true,1,
5010327000046,false,"וויסקי גרנטס 700 מ""ל","וויליאם גראנט ובניו בע""\",GB,וויסקי גרנט'ס,מיליליטרים,700.00,"100 מ""ל",false,0,79.90,11.41,true,1,
5010677850100,false,"וודקה גריי גוס 700 מ""ל",גריי גוס,FR,וודקה גריי גוס,מיליליטרים,700.00,"100 מ""ל",false,1,119.90,17.13,true,1,
5029053527598,false,9תח.ספיגה לילה בנים8-15,חוגלה קימברלי,CZ,תחתוני ספיגה האג,יחידה,1.00,יחידה,false,0,34.90,34.90,true,1,
5060258920197,false,שקיות לבישול 10 יחידות,KOSHER GLOBAL,GB,שקיות לבישול,יחידה,1.00,יחידה,false,1,4.90,4.90,true,1,
5099864006377,false,סימילאק שלב 1 מהדרין900ג,ABBOT,IE,סימילאק שלב 1,גרמים,900.00,100 גרם,false,0,79.90,8.88,true,1,
5099864006384,false,סימילאק שלב 2 מהדרין900ג,ABBOT,IE,סימילאק שלב 2,גרמים,900.00,100 גרם,false,0,79.90,8.88,true,1,
5099864006391,false,סימילאק שלב 3 מהדרין900ג,ABBOT,IE,סימילאק שלב 3,גרמים,900.00,100 גרם,false,0,79.90,8.88,true,1,
5290074003198,false,מיץ תפוזים 100% 1 ליטר,SEVEGEP,CY,מיץ תפוזים,ליטרים,1.00,ליטר,false,1,9.90,9.90,true,1,
5290074003211,false,מיץ אננס 100% 1 ליטר,SEVEGEP,CY,מיץ אננס,ליטרים,1.00,ליטר,false,1,9.90,9.90,true,1,
5290074003228,false,מיץ תפוחים 100% 1 ליטר,SEVEGEP,CY,מיץ תפוחים,ליטרים,1.00,ליטר,false,1,9.90,9.90,true,1,
5290074004225,false,מיקס תפוזים/תפוחים/בננה,SEVEGEP,CY,מיקס תפוזים,ליטרים,1.00,ליטר,false,1,9.90,9.90,true,1,
5290914001452,false,זיתים ירוקים בוואקום200ג,,IL,זיתים ירוקים,גרמים,200.00,100 גרם,false,1,12.90,6.45,true,1,
5290914002732,false,זיתים ממולאים שקדים180ג,,IL,זיתים ממולאים.,גרמים,180.00,100 גרם,false,1,7.90,4.39,true,1,
5391523062152,false,סימילאק מהדרין שלב1 400ג,אבוט אירלנד,IE,סימילאק למהדרין,גרמים,400.00,100 גרם,false,1,39.90,9.98,true,1,
5410103161518,false,ACTIVE TRIPLE קרם לחות,"קרלסרו, גרמניה",DE,קרם לחות,מיליליטרים,50.00,"100 מ""ל",false,0,49.90,99.80,true,1,
5410126106183,false,ביסקוויט לוטוס ארוז 50יח,לוטוס ביקרי,BE,ביסקוויט לוטוס,גרמים,312.00,100 גרם,false,0,15.90,5.10,true,1,
5410126716016,false,ביסקוויט לוטוס ט.קרמל250,לוטוס ביקרי,BE,ביסקויט לוטוס,גרמים,250.00,100 גרם,false,0,11.90,4.76,true,1,
5410126726947,false,ממרח עוג.לוטוס קראנץ380ג,לוטוס ביקרי,BE,ממרח עוגיות,גרמים,380.00,100 גרם,false,0,22.90,6.03,true,1,
5410316994019,false,וודקה סמירנוף,,IT,וודקה סמירנוף,מיליליטרים,700.00,"100 מ""ל",false,0,64.90,9.27,true,1,
5410458252152,false,מלבין טליתות 300 גרם,---,IL,מלבין טליתות,גרמים,300.00,100 גרם,false,0,49.90,16.63,true,1,
5411188110835,false,משקה שקדים אלפרו 1 ליטר,אלפרו C.V.A,BE,משקה שקדים אלפרו,ליטרים,1.00,ליטר,false,0,14.90,14.90,true,1,
5411188112709,false,"משקה שקדים ללת""ס אלפרו1ל",אלפרו C.V.A,BE,משקה שקדים אלפרו,ליטרים,1.00,ליטר,false,0,14.90,14.90,true,1,
5411188115366,false,משקה שיבולת שועל אלפרו1ל,אלפרו C.V.A,BE,משקה שיבולת שועל,ליטרים,1.00,ליטר,false,0,14.90,14.90,true,1,
5411188115472,false,משקה סויה אלפרו 1 ליטר,אלפרו C.V.A,BE,משקה סויה אלפרו,ליטרים,1.00,ליטר,false,1,14.90,14.90,true,1,
5411188124689,false,"משקה ש.שועל ללת""ס1 ליטר",אלפרו C.V.A,BE,משקה ש.שועל,ליטרים,1.00,ליטר,false,1,14.90,14.90,true,1,
5411188134985,false,משקה שיבולת שועל3.5% 1 ל,אלפרו C.V.A,BE,משקה שיבולת שועל,ליטרים,1.00,ליטר,false,1,13.90,13.90,true,1,
5411188135005,false,משקה שיבולת שועל 1.8% 1ל,אלפרו C.V.A,BE,משקה שיבולת שועל,ליטרים,1.00,ליטר,false,1,13.90,13.90,true,1,
5411188543398,false,"משקה סויה לל""ס אלפרו 1 ל",אלפרו C.V.A,BE,משקה סויה אלפרו,ליטרים,1.00,ליטר,false,1,14.90,14.90,true,1,
5701932026964,false,הוטפופ טעם טבעי100*6ג,פופז,US,פופקורן הוטפופ,גרמים,600.00,100 גרם,false,0,16.90,2.82,true,1,
5701932026971,false,הוטפופ טעם חמאה100*6גר,פופז,US,הוטפופ טעם חמאה,גרמים,600.00,100 גרם,false,0,16.90,2.82,true,1,
5701932026995,false,הוטפופ ט.טבעי מופחת שומן,פופז,US,הוטפופ טעם טבעי,גרמים,510.00,100 גרם,false,0,16.90,3.31,true,1,
5906485301012,false,משקה אנרגיה XL,,IL,משקה אנרגיה XL,מיליליטרים,250.00,"100 מ""ל",false,0,4.50,1.80,true,1,
6111094000242,false,קוסקוס דארי דק 500 גרם,דארי קוספאט אס. איי. או,MA,קוסקוס דארי דק,גרמים,500.00,100 גרם,false,1,9.90,1.98,true,1,
6111094000259,false,קוסקוס דארי בינוני500גרם,דארי קוספאט אס. איי. או,MA,קוסקוס דארי,גרמים,500.00,100 גרם,false,1,9.90,1.98,true,1,
6111094000709,false,קוסקוס דארי חיטה מלאה500,דארי קוספאט אס. איי. או,MA,קוסקוס דארי,גרמים,500.00,100 גרם,false,1,9.90,1.98,true,1,
6201601120027,false,נר הבדלה דונג,,CN,נר הבדלה דונג,יחידה,1.00,יחידה,false,1,5.90,5.90,true,1,
6920190410066,false,שיפודי במבוק 70 יחידות,INTEMATIONAL FOCUS NEW,CN,שיפודי במבוק,יחידה,1.00,יחידה,false,1,2.90,2.90,true,1,
6973362920023,false,ממרח תיבול בטעם וואסאבי,,CN,ממרח וואסבי,גרמים,43.00,100 גרם,false,1,9.90,23.02,true,1,
7160589856238,false,אביזרים לבית,,IL,אביזרים לבית,יחידה,1.00,יחידה,false,0,3.90,3.90,true,1,
7180589856540,false,אביזרים לבית,,IL,אביזרים לבית,יחידה,1.00,יחידה,false,0,3.90,3.90,true,1,
7270137700194,false,מדליק פחמים מוצק 48 קובי,,DE,מדליק פחמים,יחידה,1.00,יחידה,false,1,5.90,5.90,true,1,
7290000000022,true,עגבניה,קטיף.,IL,עגבניה,קילוגרמים,0.00,"ק""ג",true,0,5.90,5.90,true,1,
7290000000046,true,מלפפון,קטיף.,IL,מלפפונים,קילוגרמים,0.00,"ק""ג",true,0,5.90,5.90,true,1,
7290000000053,true,קישואים,קטיף.,IL,קישואים,קילוגרמים,0.00,"ק""ג",true,0,7.90,7.90,true,1,
7290000000084,true,פלפל ירוק בהיר,שותפות מזרחי,IL,פלפל ירוק בהיר,קילוגרמים,0.00,"ק""ג",true,0,7.90,7.90,true,1,
7290000000091,true,פלפל אדום,קטיף.,IL,פלפל אדום,קילוגרמים,0.00,"ק""ג",true,0,8.90,8.90,true,1,
7290000000107,true,פלפל ירוק כהה,קטיף.,IL,פלפל ירוק כהה,קילוגרמים,0.00,"ק""ג",true,0,7.90,7.90,true,1,
7290000000114,true,חציל,קטיף.,IL,חצילים,קילוגרמים,0.00,"ק""ג",true,0,5.90,5.90,true,1,
7290000000138,true,כרוב לבן,קטיף.,IL,כרוב לבן,קילוגרמים,0.00,"ק""ג",true,0,4.90,4.90,true,1,
7290000000145,true,כרוב אדום,קטיף.,IL,כרוב אדום,קילוגרמים,0.00,"ק""ג",true,0,4.90,4.90,true,1,
7290000000183,true,סלק,קטיף.,IL,סלק,קילוגרמים,0.00,"ק""ג",true,0,4.90,4.90,true,1,
7290000000220,true,קולורבי,קטיף.,IL,קולורבי,קילוגרמים,0.00,"ק""ג",true,0,9.90,9.90,true,1,
7290000000374,true,פטריות שמפניון,קטיף.,IL,שמפניון,גרמים,220.00,100 גרם,false,0,8.90,4.05,true,1,
7290000000411,true,שום מארז,קטיף.,XX,שום מארז,גרמים,190.00,100 גרם,false,0,7.90,4.16,true,1,
7290000000428,true,בטטה מובחר,קטיף.,IL,בטטה,קילוגרמים,0.00,"ק""ג",true,0,8.90,8.90,true,1,
7290000000480,true,בצל יבש,קטיף.,IL,בצל יבש,קילוגרמים,0.00,"ק""ג",true,0,4.90,4.90,true,1,
7290000000541,true,שורש  פטרוזיליה,---,IL,שורש,יחידה,1.00,יחידה,false,0,4.90,4.90,true,1,
7290000000572,true,שומר,קטיף.,IL,שומר,קילוגרמים,0.00,"ק""ג",true,0,7.90,7.90,true,1,
7290000000596,true,תפוח אדמה לבן תפזורת,קטיף.,IL,תפוח אדמה תפזורת,קילוגרמים,0.00,"ק""ג",true,0,4.90,4.90,true,1,
7290000000619,true,פלפל חריף,שותפות מזרחי,IL,פלפל חריף,קילוגרמים,0.00,"ק""ג",true,0,8.90,8.90,true,1,
7290000000732,true,דלורית,קטיף.,IL,דלורית,קילוגרמים,0.00,"ק""ג",true,0,5.90,5.90,true,1,
7290000000855,true,פלפל צהוב,קטיף.,IL,פלפל צהוב,קילוגרמים,0.00,"ק""ג",true,0,8.90,8.90,true,1,
7290000001036,true,בצל יבש אדום,קטיף.,XX,בצל יבש אדום,קילוגרמים,0.00,"ק""ג",true,0,5.90,5.90,true,1,
7290000001661,true,גזר תפזורת,קטיף.,IL,גזר תפזורת,קילוגרמים,0.00,"ק""ג",true,0,4.90,4.90,true,1,
7290000001722,true,תפוח אדמה אדום תפזורת,קטיף.,IL,"תפו""א אדום תפז'",קילוגרמים,0.00,"ק""ג",true,0,5.90,5.90,true,1,
7290000002040,true,חלה רגילה 500 גרם,מאפית ברמן,IL,חלה רגילה,גרמים,500.00,100 גרם,false,0,4.90,0.98,true,1,
7290000023083,false,"ערק אשקלון 700 מ""ל","יקבי ברקן בע""\מ",IL,ערק אשקלון,מיליליטרים,700.00,"100 מ""ל",false,0,49.90,7.13,true,1,
7290000023816,false,ברקן קלאסיק א.ריזלינג750,יקבי ברקן שיווק והפצה בע,IL,ריזלינג קלאסיק,מיליליטרים,750.00,"100 מ""ל",false,0,26.90,3.59,true,1,
7290000024202,false,"ברקן רזרב קברנה 750 מ""ל",ברקן שיווק והפצה בעמ,IL,ברקן רזרב,מיליליטרים,750.00,"100 מ""ל",false,0,34.90,4.65,true,1,
7290000024219,false,ברקן רזרב א.ריזלינג750מל,יקבי ברקן,IL,יין ריזלינג ברקן,מיליליטרים,750.00,"100 מ""ל",false,0,34.90,4.65,true,1,
7290000034256,false,ביסקוויט תירוש 175 גרם,מגדנית הדר,IL,ביסקוויט תירוש,גרמים,175.00,100 גרם,false,0,6.90,3.94,true,1,
7290000040042,false,יוגורט יופלה תות3% 150גר,תנובה בעמ,IL,יופלה תות 3%,גרמים,150.00,100 גרם,false,0,4.90,3.27,true,1,
7290000040066,false,יופלה דובדבן3% 150 גרם,תנובה בעמ,IL,יופלה דובדבן3%,גרמים,150.00,100 גרם,false,0,4.90,3.27,true,1,
7290000040080,false,יוגורט יופלה אפרסק3% 150,תנובה בעמ,IL,יופלה אפרסק3%,גרמים,150.00,100 גרם,false,0,4.90,3.27,true,1,
7290000040318,false,גבי. עדי ברי רכה24% 125ג,תנובה,IL,גבינת עדי ברי24%,גרמים,125.00,100 גרם,false,0,19.80,15.84,true,1,
7290000040462,false,טוסטי גבינה 23% 200 גרם,תנובה,IL,טוסטי,גרמים,200.00,100 גרם,false,0,17.30,8.65,true,1,
7290000041407,false,"גיל בד""ץ מועשר 3% 125מל",מחלבת אלון תבור,IL,גיל מועשר 3%,מיליליטרים,125.00,"100 מ""ל",false,0,0.90,0.72,true,1,
7290000041445,false,גבינת קוטג5'%מהדרין250גר,מחלבת אלון תבור,IL,קוטג' תנובה 5%,גרמים,250.00,100 גרם,false,0,5.50,2.20,true,1,
7290000041452,false,קוטג' מהדרין 9% 250 גרם,מחלבת אלון תבור,IL,קוטג' 9% מהדרין,גרמים,250.00,100 גרם,false,0,5.50,2.20,true,1,
7290000041865,false,לבן יטבתה 4.5% שומן 200מ,מחלבת יטבתה,IL,לבן יטבתה4.5%,מיליליטרים,200.00,"100 מ""ל",false,0,2.00,1.00,true,1,
7290000041872,false,"לבן יטבתה 3% 200 מ""ל",מחלבת יטבתה,IL,לבן יטבתה 3%,מיליליטרים,200.00,"100 מ""ל",false,0,2.00,1.00,true,1,
7290000042015,false,חלב 3% מהדרין שקית 1 ל',---,IL,חלב 3% שקית,ליטרים,1.00,ליטר,false,0,5.40,5.40,true,1,
7290000042367,false,חלב טרי3% שומן בקבוק 1ל,---,IL,חלב טרי 3%,ליטרים,1.00,ליטר,false,0,6.20,6.20,true,1,
7290000042404,false,חלב מועשר3% יטבתה שקית1ל,מחלבת יטבתה,IL,חלב 3% בשקית,ליטרים,1.00,ליטר,false,0,5.70,5.70,true,1,
7290000042435,false,חלב מפוסטר 1% בקרטון 1ל',תנובה,IL,חלב 1% בקרטון,ליטרים,1.00,ליטר,false,0,5.80,5.80,true,1,
7290000042671,false,חלב עמיד 3%,,IL,חלב עמיד 3%,ליטרים,1.00,ליטר,false,0,6.90,6.90,true,1,
7290000042855,false,"שוקו בשקית יטבתה 225מ""ל",יטבתה,IL,שוקו בשקית,מיליליטרים,225.00,"100 מ""ל",false,0,2.40,1.07,true,1,
7290000043012,false,"שוקו עמיד 250 מ""ל",תנובה,IL,שוקו עמיד,מיליליטרים,250.00,"100 מ""ל",false,0,4.30,1.72,true,1,
7290000043814,false,שמנת עמידה לקצפת38% 250מ,תנובה,IL,שמנת עמידה לקצפת,מיליליטרים,250.00,"100 מ""ל",false,0,6.40,2.56,true,1,
7290000043890,false,רויון 1.5% בקרטון 1ל,תנובה,IL,רויון בקרטון1.5%,ליטרים,1.00,ליטר,false,0,10.90,10.90,true,1,
7290000044712,false,פרילי+תות שדה1.5% 500ג,מחלבת אלון תבור,IL,פרילי תות-שדה,גרמים,500.00,100 גרם,false,0,10.40,2.08,true,1,
7290000044880,false,באדי מעדן תות 3% 500 גרם,מחלבת אלון תבור,IL,מעדן באדי תות 3%,גרמים,500.00,100 גרם,false,0,9.00,1.80,true,1,
7290000047546,false,גב.כנען 5% 500 גרם,תנובה,IL,גבינת כנען 5%,גרמים,500.00,100 גרם,false,0,22.90,4.58,true,1,
7290000047621,false,גב5%.שומן כשר מהדרין250ג,מחלבת אלון תבור,IL,גבינה %5 מהדרי,גרמים,250.00,100 גרם,false,0,4.90,1.96,true,1,
7290000047942,false,גב9%.שומן כשר מהדרין250ג,מחלבת אלון תבור,IL,גבינה9%מהדרין,גרמים,250.00,100 גרם,false,0,4.60,1.84,true,1,
7290000048185,false,גב.לבנה רכה 5% שומן 250ג,מחלבת אלון תבור,IL,גבינה לבנה 5%,גרמים,250.00,100 גרם,false,0,4.90,1.96,true,1,
7290000048413,false,גב.חמד פיראוס16% 250 גר,תנובה,IL,גבינה מלוחה 16%,גרמים,250.00,100 גרם,false,0,17.90,7.16,true,1,
7290000048437,false,גבי. צפתית פיראוס5% 200ג,תנובה,IL,גבינה צפתית 5%,גרמים,200.00,100 גרם,false,0,14.90,7.45,true,1,
7290000048451,false,גב.חרמון 16% 250 גרם,תנובה בעמ,IL,גבינת חרמון,גרמים,250.00,100 גרם,false,0,17.90,7.16,true,1,
7290000050447,false,יופלה תות 500 גרם,תנובה בעמ,IL,יופלה תות,גרמים,500.00,100 גרם,false,0,12.90,2.58,true,1,
7290000050454,false,יופלה אפרסק 500 גרם,תנובה בעמ,IL,יופלה אפרסק,גרמים,500.00,100 גרם,false,0,12.90,2.58,true,1,
7290000051376,false,יופלה דיאט אננס 0% 150גר,תנובה בעמ,IL,יופלה דיאט אננס,גרמים,150.00,100 גרם,false,0,4.90,3.27,true,1,
7290000052649,false,לאבנה פיראוס 5% 500 גרם,תנובה,IL,לאבנה פיראוס 5%,גרמים,500.00,100 גרם,false,0,19.90,3.98,true,1,
7290000052946,false,"יופלה מעודן 150*8גר בד""ץ",מחלבת אלון תבור,IL,יופלה מעודן 8 יח,קילוגרמים,1.20,"ק""ג",false,0,19.90,16.58,true,1,
7290000053981,false,יופלה פרי 150*8 גרם,מחלבת אלון תבור,IL,יופלה פרי 8 יח,קילוגרמים,1.20,"ק""ג",false,0,25.90,21.58,true,1,
7290000055015,false,פיראוס פטה כבשים 5% 250ג,תנובה,IL,פטה כבשים פיראוס,גרמים,250.00,100 גרם,false,0,25.90,10.36,true,1,
7290000055329,false,משקה יוגורט תות-מלון250ג,תנובה בעמ,IL,משקה יוגורט,גרמים,250.00,100 גרם,false,0,5.50,2.20,true,1,
7290000055336,false,משקה יוגורט בננ.אפרסק250,תנובה בעמ,IL,משקה יוגורט,גרמים,250.00,100 גרם,false,0,5.50,2.20,true,1,
7290000055756,false,גבינה לבנה5% 850*2גר,מחלבת אלון תבור,IL,זוג גבינה לבנה,גרמים,1700.00,100 גרם,false,0,32.40,1.91,true,1,
7290000055893,false,חמאה מהדרין 200 גרם,---,IL,חמאה מהדרין,גרמים,200.00,100 גרם,false,0,7.20,3.60,true,1,
7290000056081,false,פרילי טבע 6 * 200גרם,מחלבת אלון תבור,IL,מארז פרילי טבע,קילוגרמים,1.20,"ק""ג",false,0,21.90,18.25,true,1,
7290000056272,false,גבינה לבנה 5%,,IL,גבינה לבנה 5%,גרמים,250.00,100 גרם,false,0,5.30,2.12,true,1,
7290000056753,false,גבינה עמק 200 גר,,IL,גבינה עמק 200 גר,גרמים,200.00,100 גרם,false,0,14.90,7.45,true,1,
7290000056760,false,גבינה עמק 400 גר,,IL,גבינה עמק 400 גר,גרמים,400.00,100 גרם,false,0,27.90,6.98,true,1,
7290000056845,false,חלב טרי הומוגני3% 1.5ל',תנובה,IL,חלב תנובה 3%,ליטרים,1.50,ליטר,false,0,9.30,6.20,true,1,
7290000056906,false,יופלה לבן 1.5% 150*8גרם,מחלבת אלון תבור,IL,יופלה לבן 1.5%,קילוגרמים,1.20,"ק""ג",false,0,16.90,14.08,true,1,
7290000057088,false,גבינת עמק דק דק 28% 200ג,תנובה,IL,עמק דק28% 200גרם,גרמים,200.00,100 גרם,false,0,14.90,7.45,true,1,
7290000057477,false,חלב טרי הומוגני3% 1.5ל',---,IL,חלב טרי הומוגני,ליטרים,1.50,ליטר,false,0,9.30,6.20,true,1,
7290000057552,false,יופלה עוגת גבינה,,IL,יופלה עוגת גבינה,גרמים,150.00,100 גרם,false,0,4.90,3.27,true,1,
7290000057934,false,שוקו תנובה 1 ליטר,תנובה,IL,שוקו 1 ליטר,ליטרים,1.00,ליטר,false,0,12.80,12.80,true,1,
7290000058030,false,8שטוזים משקה תות,,IL,8שטוזים משקה תות,מיליליטרים,800.00,"100 מ""ל",false,0,19.90,2.49,true,1,
7290000058047,false,"שמנת להקצפה 38% 500 מ""ל",תנובה,IL,משמנת להקצפה 38%,מיליליטרים,500.00,"100 מ""ל",false,0,12.90,2.58,true,1,
7290000058979,false,גיל בטעם תות125ג,,IL,גיל בטעם תות125ג,גרמים,125.00,100 גרם,false,0,1.40,1.12,true,1,
7290000066318,false,במבה 80 גרם,"אסם השקעות בע""\מ",IL,במבה,גרמים,80.00,100 גרם,false,0,4.50,5.63,true,1,
7290000072623,false,קטשופ בקבוק לחיץ 750 גרם,"אסם השקעות בע""מ",IL,קטשופ בקבוק לחיץ,גרמים,750.00,100 גרם,false,0,11.90,1.59,true,1,
7290000072753,false,קפה נמס טסטרס צ'ויס200ג,לוטה נסטלה קוריאה,KR,קפה טסטרס צ'ויס,גרמים,200.00,100 גרם,false,0,32.90,16.45,true,1,
7290000080758,false,טוסטעים פת קלויה 100 גרם,ון דר מולן,NL,טוסטעים פת קלוי,גרמים,100.00,100 גרם,false,0,9.90,9.90,true,1,
7290000100197,false,לקט אפונה תירס וגזר700ג,"סנפרוסט בע""\מ",IL,לקט סנפרוסט700ג,גרמים,700.00,100 גרם,false,1,13.90,1.99,true,1,
7290000103525,false,"גזר גמדי  בד""צ700 גרם","סנפרוסט בע""\מ",IL,גזר גמדי,גרמים,700.00,100 גרם,false,0,13.90,1.99,true,1,
7290000103532,false,"גרעיני תירס בד""צ 700 גרם","סנפרוסט בע""\מ",IL,גרעיני תירס,גרמים,700.00,100 גרם,false,0,13.90,1.99,true,1,
7290000103556,false,"גרגירי חומוס בד""צ700 גרם","סנפרוסט בע""\מ",IL,גרגירי חומוס,גרמים,700.00,100 גרם,false,0,13.90,1.99,true,1,
7290000104713,false,פול ירוק מוקפא 800 גרם,"סנפרוסט בע""\מ",IL,פול ירוק מוקפא,גרמים,800.00,100 גרם,false,0,19.90,2.49,true,1,
7290000104799,false,שעועית לבנה מבושלת 800גר,"סנפרוסט בע""\מ",IL,שעועית לבנה,גרמים,800.00,100 גרם,false,0,21.90,2.74,true,1,
7290000107189,false,ארטישוק תחתיות 400 גרם,"סנפרוסט בע""\מ",IL,תחתיות ארטישוק,גרמים,400.00,100 גרם,false,0,19.90,4.98,true,1,
7290000110851,false,חטיף כיפלי בטעם בצל 70גר,יוניליוור,IL,כיפלי בטעם בצל,גרמים,70.00,100 גרם,false,0,5.90,8.43,true,1,
7290000111117,false,מרכך כביסה בדין לבן 4 לי,יוניליור ישראל טיפוח איש,IL,מרכך כביסה בדין,ליטרים,4.00,ליטר,false,0,21.90,5.48,true,1,
7290000111186,false,מיונז אמיתי תלמה 500 גרם,יוניליוור ישראל מזון בע\,IL,מיונז אמיתי תלמה,גרמים,500.00,100 גרם,false,0,9.90,1.98,true,1,
7290000111353,false,"מיונז אמיתי תלמה 1 ק""ג",יוניליוור ישראל מזון בע\,IL,מיונז אמיתי תלמה,קילוגרמים,1.00,"ק""ג",false,0,18.90,18.90,true,1,
7290000111360,false,חרדל אמיתי תלמה 250 גרם,יוניליוור,IL,חרדל אמיתי תלמה,גרמים,250.00,100 גרם,false,0,5.90,2.36,true,1,
7290000116204,false,מרק דגש טעם עוף שקית 1קג,יוניליוור ישראל מזון בע\,IL,מרק דגש טעם עוף,קילוגרמים,1.00,"ק""ג",false,0,13.90,13.90,true,1,
7290000116884,false,רוטב ברביקיו קנור350 גרם,יוניליוור ישראל מזון בע\,IL,רוטב ברביקיו,גרמים,350.00,100 גרם,false,0,10.90,3.11,true,1,
7290000129457,false,רוטב פטריות 28 גרם,יוניליוור ישראל מזון בע\,IL,רוטב פטריות,גרמים,28.00,100 גרם,false,0,4.30,15.36,true,1,
7290000133645,false,מ.ש.אורביטול סודה145*3ג,טרופיקל דגיל תעשיות קוסמ,IL,משחת שיניים 3 יח,גרמים,435.00,100 גרם,false,0,15.90,3.66,true,1,
7290000135113,false,TEN XL נענע ליים ללתס250,"טמפו משקאות בע""\מ",IL,TEN XL נענע ליים,מיליליטרים,250.00,"100 מ""ל",false,1,4.50,1.80,true,1,
7290000135182,false,סבן אפ פחית 6 * 330 מל,אלפא \n S.A,IL,סבן אפ פחיות 6יח,ליטרים,1.98,ליטר,false,1,16.50,8.33,true,1,
7290000135595,false,פפסי מקס דובדבן 1.5 ליטר,"טמפו משקאות בע""\מ",IL,פפסי מקס דובדבן,ליטרים,1.50,ליטר,false,1,7.10,4.73,true,1,
7290000136141,false,פפסי קולה 1.5 ליטר,"טמפו משקאות בע""\מ",IL,פפסי קולה,ליטרים,1.50,ליטר,false,0,7.50,5.00,true,1,
7290000136158,false,פפסי מקס 1.5 ליטר,"טמפו משקאות בע""\מ",IL,פפסי מקס,ליטרים,1.50,ליטר,false,0,7.10,4.73,true,1,
7290000136165,false,מירינדה 1.5 ליטר,"טמפו משקאות בע""\מ",IL,מירינדה תפוזי,ליטרים,1.50,ליטר,false,0,7.50,5.00,true,1,
7290000136172,false,סבן אפ 1.5 ליטר,"טמפו משקאות בע""\מ",IL,סבן אפ,ליטרים,1.50,ליטר,false,0,7.50,5.00,true,1,
7290000136189,false,דיאט סבן אפ 1.5 ליטר,"טמפו משקאות בע""\ם.",IL,דיאט סבן אפ,ליטרים,1.50,ליטר,false,0,7.00,4.67,true,1,
7290000136288,false,סירופ סיידר גליל תפוח330,"טמפו משקאות בע""\מ",IL,סירופ סיידר גליל,מיליליטרים,330.00,"100 מ""ל",false,1,14.90,4.52,true,1,
7290000136295,false,סירופ סיידר הגליל פטל330,"טמפו משקאות בע""\מ",IL,סירופ סיידר גליל,מיליליטרים,330.00,"100 מ""ל",false,1,14.90,4.52,true,1,
7290000136301,false,סירופ סיידר גליל ענב330מ,"טמפו משקאות בע""\מ",IL,סירופ סיידר גליל,מיליליטרים,330.00,"100 מ""ל",false,1,14.90,4.52,true,1,
7290000136455,false,ג'אמפ אשכוליות 1.5 ליטר,"טמפו משקאות בע""\ם.",IL,ג'אמפ אשכוליו,ליטרים,1.50,ליטר,false,0,7.50,5.00,true,1,
7290000136516,false,ג'אמפ מנגו פסיפלורה 1.5ל,טמפו משקאות בעמ,IL,ג'אמפ מנגו,ליטרים,1.50,ליטר,false,0,7.50,5.00,true,1,
7290000136523,false,ג'אמפ ענבים 1.5 ליטר,"טמפו משקאות בע""\ם.",IL,ג'אמפ ענבים,ליטרים,1.50,ליטר,false,0,7.50,5.00,true,1,
7290000136585,false,ג'אמפ תפוזים 1.5 ליטר,"טמפו משקאות בע""\ם.",IL,ג'אמפ תפוזים,ליטרים,1.50,ליטר,false,0,7.50,5.00,true,1,
7290000136646,false,בירה נשר מאלט 1.5 ליטר,"טמפו משקאות בע""\מ",IL,נשר מאלט,ליטרים,1.50,ליטר,false,0,9.90,6.60,true,1,
7290000136653,false,בירה נשר מאלט דיאט 1.5 ל,"טמפו משקאות בע""\מ",IL,נשר מאלט דיאט,ליטרים,1.50,ליטר,false,0,9.90,6.60,true,1,
7290000136691,false,סבן אפ 1.5*6 ליטר,טמפו,IL,סבן אפ 1.5*6ל,ליטרים,9.00,ליטר,false,0,37.20,4.13,true,1,
7290000136752,false,סבן אפ דיאט 1.5*6 ליטר,"טמפו משקאות בע""\מ",IL,סבן אפ דיאט1.5*6,ליטרים,9.00,ליטר,false,0,34.10,3.79,true,1,
7290000136769,false,פפסי קולה 1.5*6 ליטר,"טמפו משקאות בע""\מ",IL,פפסי קולה 1.5*6ל,ליטרים,9.00,ליטר,false,0,37.20,4.13,true,1,
7290000136776,false,פפסי מקס 1.5*6 ליטר,טמפו,IL,פפסי מקס1.5*6ל,ליטרים,9.00,ליטר,false,0,38.90,4.32,true,1,
7290000136783,false,מירינדה 1.5*6 ליטר,"טמפו משקאות בע""\מ",IL,מירינדה 1.5*6ל,ליטרים,9.00,ליטר,false,0,37.20,4.13,true,1,
7290000136790,false,סודה טמפו 1.5*6 ליטר,"טמפו משקאות בע""\מ",IL,סודה טמפו1.5*6ל,ליטרים,9.00,ליטר,false,0,16.70,1.86,true,1,
7290000136806,false,סודה למון ליים 1.5*4ליטר,טמפו משקאות בעמ,IL,סודה למון1.5*4ל,ליטרים,6.00,ליטר,false,0,11.10,1.85,true,1,
7290000136813,false,סודה בנגיעות ט.אננס1.5*4,טמפו משקאות בע''מn\,IL,סודה ט.אננס1.5*4,ליטרים,6.00,ליטר,false,0,11.10,1.85,true,1,
7290000136820,false,סודה ט.פירות יער 1.5*4 ל,טמפו משקאות בע''מn\,IL,4סודה פרי יער1.5,ליטרים,6.00,ליטר,false,0,11.10,1.85,true,1,
7290000136844,false,מים אקווה נובה 2*6 ליטר,"טמפו משקאות בע""\מ",IL,אקווה נובה2*6ל,ליטרים,12.00,ליטר,false,0,11.90,0.99,true,1,
7290000139333,false,מאגדת שאשי 10*16 גרם,אשבול,IL,מאגת שאשי10*16גר,גרמים,160.00,100 גרם,false,1,8.90,5.56,true,1,
7290000143200,false,מרכך הוואי לשיער יבש700מ,טרופיקל דגיל,IL,מרכך שיער הוואי,מיליליטרים,700.00,"100 מ""ל",false,0,9.90,1.41,true,1,
7290000144160,false,שמן זית כתית ארומתי750מל,שמן תעשיות בעמ,IT,שמן זית,מיליליטרים,750.00,"100 מ""ל",false,0,34.90,4.65,true,1,
7290000144474,false,שמן קנולה+נוגדי חימצון1ל,שמן תעשיות בעמ,EE,שמן קנולה,ליטרים,1.00,ליטר,false,0,14.90,14.90,true,1,
7290000146645,false,סבון הוואי שחור 100*4גרם,טרופיקל דגיל,IL,סבון הוואי 4 יח,גרמים,400.00,100 גרם,false,0,11.90,2.98,true,1,
7290000146652,false,סבון הוואי ורוד 100*4גרם,טרופיקל דגיל,PL,סבון הוואי 4 יח,גרמים,400.00,100 גרם,false,0,11.90,2.98,true,1,
7290000146669,false,סבון הוואי כחול 100*4 גר,טרופיקל דגיל,IL,סבון הוואי 4 יח,גרמים,400.00,100 גרם,false,0,11.90,2.98,true,1,
7290000146676,false,סבון הוואי לגבר 100*4גרם,טרופיקל דגיל,PL,סבון הוואי 4 יח,גרמים,400.00,100 גרם,false,0,11.90,2.98,true,1,
7290000146683,false,סב.הוואי אפקט דאו100*4.,טרופיקל דגיל,PL,סבון הוואי 4 יח,גרמים,400.00,100 גרם,false,0,11.90,2.98,true,1,
7290000146928,false,משחת טום וג'רי ענבים 50מ,טרופיקל דגיל,IL,משחת טום וג'רי,מיליליטרים,50.00,"100 מ""ל",false,0,7.90,15.80,true,1,
7290000146997,false,משחת טום וג'רי מסטיק 50מ,טרופיקל דגיל,IL,משחת טום וג'רי,מיליליטרים,50.00,"100 מ""ל",false,0,7.90,15.80,true,1,
7290000149615,false,סבון נקה 7 לתינוק100*4 ג,נקה,IL,נקה 7 סבון 4 יח,גרמים,400.00,100 גרם,false,0,10.90,2.73,true,1,
7290000149851,false,סינטבון כפול לנקיון 460ג,נקה,IL,סינטבון נקה כפול,גרמים,460.00,100 גרם,false,0,9.90,2.15,true,1,
7290000149905,false,טקסטיל נוזל לכביסה 1ליטר,סנו מפעלי ברונוס בעמ,IL,נוזל כביס טקסטיל,ליטרים,1.00,ליטר,false,0,13.90,13.90,true,1,
7290000168173,false,ברנפלקס קרנצ'ים 375 גרם,יוניליוור,IL,ברנפלקס קרנצ'ים,גרמים,375.00,100 גרם,false,0,21.90,5.84,true,1,
7290000169798,false,עוגי 20% פחות סוכר 500גר,"יוניליוור שפע ישראל בע""\",IL,עוגי מופחת סוכר,גרמים,500.00,100 גרם,false,0,22.90,4.58,true,1,
7290000176420,false,קפה נמס 200 גרם,שטראוס קפה בי.וי,IL,קפה נמס,גרמים,200.00,100 גרם,false,0,19.90,9.95,true,1,
7290000176475,false,האג נטול קופאין 200 גרם,עלית,VN,קפה נמס האג,גרמים,200.00,100 גרם,false,0,37.30,18.65,true,1,
7290000178707,false,תפוצ'יפס בטעם טבעי 50 גר,"שטראוס פריטו ליי בע""\מ )",IL,חטיף תפוצ'יפס,גרמים,50.00,100 גרם,false,0,3.90,7.80,true,1,
7290000178721,false,תפוצי'פס טבעי 200 גרם,"שטראוס פריטו ליי בע""\מ )",IL,תפוצי'פס טבעי,גרמים,200.00,100 גרם,false,0,9.90,4.95,true,1,
7290000190853,false,נייר טואלט לילי פיור30גל,חוגלה קימברלי,IL,נייר טואלט לילי,מטרים,537.00,100 מטר,false,0,44.90,8.36,true,1,
7290000191225,false,האגיס אקסטרה קר מידה 2,חוגלה קימברלי,IL,האגיס ליטל בייבי,יחידה,1.00,יחידה,false,1,31.90,31.90,true,1,
7290000191645,false,האגיס אקסטרה קר מידה NB,חוגלה קימברלי,US,חיתולי האגיס,יחידה,1.00,יחידה,false,0,31.90,31.90,true,1,
7290000191652,false,קלינקס מעוצב 90*3 יחידות,חוגלה קימברלי,IL,קלינקס מעוצב 3יח,יחידה,1.00,יחידה,false,0,12.90,12.90,true,1,
7290000192581,false,מגבות נייר 6 גליל כפול,קימברלי-קלארק,IL,מגבות נייר,מטרים,129.00,מטר,false,1,27.90,0.22,true,1,
7290000193014,false,אינטרלוד מגן תחתון,חוגלה קימברלי,CZ,לילי פדים,יחידה,1.00,יחידה,false,0,9.90,9.90,true,1,
7290000193083,false,תחבושות נובה לי 28 יח',חוגלה קימברלי,CZ,תחבושות נובה לי,יחידה,1.00,יחידה,false,0,9.90,9.90,true,1,
7290000193472,false,לילי מגן תחתון נורמל,חוגלה קימברלי,ES,פדיות לילי,יחידה,1.00,יחידה,false,0,12.90,12.90,true,1,
7290000193540,false,לילי מגן תחתון לונג,חוגלה קימברלי,ES,פדיות לילי,יחידה,1.00,יחידה,false,0,12.90,12.90,true,1,
7290000193618,false,62 פדיות נטורל LIGHT,חוגלה קימברלי,ES,פדיות לילי נטורל,יחידה,1.00,יחידה,false,0,12.90,12.90,true,1,
7290000193953,false,תחבושות לילי נורמל24*2יח,חוגלה קימברלי,ES,זוג תחבושות לילי,יחידה,1.00,יחידה,false,0,25.90,25.90,true,1,
7290000197425,false,האגיס פרידום דריי מידה 3,חוגלה קימברלי,IL,חיתולי האגיס,יחידה,1.00,יחידה,false,0,42.90,42.90,true,1,
7290000197456,false,האגיס פרידום דריי מידה 4,חוגלה קימברלי,IL,חיתולי האגיס,יחידה,1.00,יחידה,false,0,42.90,42.90,true,1,
7290000197463,false,האגיס פרידום דריי +4,חוגלה קימברלי,IL,חיתולי האגיס,יחידה,1.00,יחידה,false,0,42.90,42.90,true,1,
7290000197548,false,האגיס פרידום דריי מידה 5,חוגלה קימברלי,IL,חיתולי האגיס,יחידה,1.00,יחידה,false,0,42.90,42.90,true,1,
7290000197678,false,האגיס פרידום דריי מידה 6,חוגלה קימברלי,IL,חיתולי האגיס,יחידה,1.00,יחידה,false,0,42.90,42.90,true,1,
7290000201818,false,52טיטולים פרימיום שלב 2,חוגלה קימברלי,IL,טיטולים פרימיום,יחידה,1.00,יחידה,false,1,29.90,29.90,true,1,
7290000201832,false,50טיטולים פרימיום שלב 3,חוגלה קימברלי,IL,טיטולים פרימיום,יחידה,1.00,יחידה,false,1,29.90,29.90,true,1,
7290000201849,false,40 טיטולים פרימיום שלב 4,חוגלה קימברלי,IL,טיטולים פרימיום,יחידה,1.00,יחידה,false,1,29.90,29.90,true,1,
7290000211312,false,"אורז מלא ארוך ""סוגת"" 1קג","סוגת תעשיות בע""\מ",IL,אורז מלא ארוך,קילוגרמים,1.00,"ק""ג",false,0,9.90,9.90,true,1,
7290000211442,false,"אורז פרסי קלאסי 1ק""ג","סוגת תעשיות בע""\מ",IL,אורז פרסי קלאסי,קילוגרמים,1.00,"ק""ג",false,0,8.90,8.90,true,1,
7290000211985,false,"אורז עגול 1 ק""ג","סוגת תעשיות בע""\מ",IL,אורז עגול סוגת,קילוגרמים,1.00,"ק""ג",false,0,8.90,8.90,true,1,
7290000226514,false,עוגת דובוש ריבת חלב 450ג,תופינים מקבוצת קפולסקי,IL,עוגת ריבת חלב,גרמים,450.00,100 גרם,false,0,32.90,7.31,true,1,
7290000238029,false,"בצק עלים 1 ק""ג","מעדנות בע""\מ",IL,בצק עלים מרודד,קילוגרמים,1.00,"ק""ג",false,0,17.90,17.90,true,1,
7290000238036,false,מלווח מעדנות 700 גרם,"מעדנות בע""\מ",IL,מלווח מעדנית,גרמים,700.00,100 גרם,false,0,14.90,2.13,true,1,
7290000238173,false,בורקס גבינה 800 גרם,"מעדנות בע""\מ",IL,בורקס גבינה קפוא,גרמים,800.00,100 גרם,false,0,19.90,2.49,true,1,
7290000238180,false,"בורקס תפו""א 800 גרם","מעדנות בע""\מ",IL,"בורקס תפו""א קפוא",גרמים,800.00,100 גרם,false,0,17.90,2.24,true,1,
7290000253374,false,מיני שוקולד ציפס 66% 250,---,IL,מיני שוקולד ציפס,גרמים,250.00,100 גרם,false,1,15.90,6.36,true,1,
7290000262031,false,נייר טואלט מולט 32 גליל,קימברלי-קלארק,IL,נייר טואלט,מטרים,562.00,100 מטר,false,0,32.90,5.85,true,1,
7290000263359,false,האגיס אקסטרה קר שלב1,חוגלה קימברלי,IL,חיתולי האגיס,יחידה,1.00,יחידה,false,0,31.90,31.90,true,1,
7290000286228,false,ספוגיות לניקוי כלים 6 יח,סנו מפעלי ברונו בעמ,IL,ספוגיות לכלים6יח,יחידה,1.00,יחידה,false,0,9.90,9.90,true,1,
7290000286297,false,סנו אנטיקאלק מסיר אבן700,סנו מפעלי ברונוס בעמ,IL,סנו מסיר אבן,מיליליטרים,700.00,"100 מ""ל",false,0,11.90,1.70,true,1,
7290000286488,false,ספוג כיף פיראט 1 יחידה,קוסמופארם,IL,ספוג כיף פיראט,יחידה,1.00,יחידה,false,0,6.90,6.90,true,1,
7290000286549,false,מטליות רב שימוש 9 יח',סנו מפעלי ברונו בעמ,IL,מטליות לכל 9 יח,יחידה,1.00,יחידה,false,0,9.90,9.90,true,1,
7290000286594,false,סנוX- לימון 600 גרם,סנו מפעלי ברונוס בעמ,IL,סנוX- קרם לניק,גרמים,600.00,100 גרם,false,0,9.90,1.65,true,1,
7290000286761,false,ניילון נצמד 30*2 מטר,סנו,CN,צמד ניילון נצמד,מטרים,60.00,מטר,false,0,9.90,0.17,true,1,
7290000286945,false,"סנו רהיט מרסס 500 מ""ל","סנו מפעלי ברונוס בע""\מ",IL,סנו רהיט מרסס,מיליליטרים,500.00,"100 מ""ל",false,0,26.90,5.38,true,1,
7290000287102,false,סנו שמפו לשטיחים 540 גרם,סנו מפעלי ברונוס בעמ,IL,סנו שמפו לשטיחים,גרמים,540.00,100 גרם,false,0,17.90,3.31,true,1,
7290000287195,false,סנורהיט מבריק רהיטים305ג,סנו מפעלי ברונוס בעמ,IL,סנו רהיט מרסס,מיליליטרים,305.00,"100 מ""ל",false,0,13.90,4.56,true,1,
7290000287362,false,פוליויקס סנרייז 4 ליטר,סנו,IL,פוליויקס סנרייז,ליטרים,4.00,ליטר,false,0,36.90,9.23,true,1,
7290000287430,false,סנובון לימון לאסלה 3 יח',סנו מפעלי ברונו בעמ,IL,סנובון לאסלה 3יח,גרמים,165.00,100 גרם,false,0,11.90,7.21,true,1,
7290000287492,false,סנובון נוזלי לימון 750מל,"סנו מפעלי ברונוס בע""מ",IL,סנובון נוזלי,מיליליטרים,750.00,"100 מ""ל",false,0,9.90,1.32,true,1,
7290000287621,false,סנו אנטי קאלק לאסלות750מ,סנו מפעלי ברונוס בעמ,IL,סנו מנקה אסלות,מיליליטרים,750.00,"100 מ""ל",false,0,12.90,1.72,true,1,
7290000288024,false,סנו ג'אוול לימון 4 ליטר,"סנו מפעלי ברונוס בע""מ",IL,סנו JAVEL אקונומ,ליטרים,4.00,ליטר,false,0,15.90,3.98,true,1,
7290000288048,false,סנו ג'אוול מרסס לבנדר 1ל,"סנו מפעלי ברונוס בע""מ",IL,סנו ג'אוול לבנדר,ליטרים,1.00,ליטר,false,0,15.90,15.90,true,1,
7290000288086,false,סנו ג'אוול אבק,,IL,סנו ג'אוול אבק,גרמים,600.00,100 גרם,false,0,10.90,1.82,true,1,
7290000288352,false,300-K קוטל חרק/.זוחל630מ,"סנו מפעלי ברונוס בע""מ",IL,300-K קוטל חרק,מיליליטרים,630.00,"100 מ""ל",false,0,21.90,3.48,true,1,
7290000288390,false,600-K יבש קוטל חרקים500מ,"סנו מפעלי ברונוס בע""מ",IL,סנו 600-K תרסיס,מיליליטרים,500.00,"100 מ""ל",false,0,21.90,4.38,true,1,
7290000288413,false,"סנו די כדורי 50 מ""ל",קוסמופארם,IL,סנו די כדורי,מיליליטרים,50.00,"100 מ""ל",false,0,19.90,39.80,true,1,
7290000288420,false,סנו די תרסיס דוחה יתושים,סנו,IL,תרסיס סנו די,מיליליטרים,175.00,"100 מ""ל",false,0,19.90,11.37,true,1,
7290000288642,false,מרכך מקסימה סנסטיב 4 ל',"סנו מפעלי ברונוס בע""\מ",IL,מרכך כביסה,ליטרים,4.00,ליטר,false,0,19.90,4.98,true,1,
7290000289052,false,פוליויקס סחלבים 4 ליטר,סנו,IL,פוליויקס לריצפה,ליטרים,4.00,ליטר,false,0,36.90,9.23,true,1,
7290000289069,false,סנו ג'אוול מרסס לימון 1ל,"סנו מפעלי ברונוס בע""מ",IL,סנו ג'אוול מרסס,ליטרים,1.00,ליטר,false,0,15.90,15.90,true,1,
7290000289236,false,K3 קוטל נמלים פיתיון,"סנו מפעלי ברונוס בע""\מ",IL,K3 קוטל נמלים,גרמים,12.00,100 גרם,false,1,49.90,415.83,true,1,
7290000289380,false,"ג'ל לאסלה ג'אוול 750 מ""ל",סנו מפעלי ברונוס בעמ,IL,ג'ל לאסלה ג'אוול,מיליליטרים,750.00,"100 מ""ל",false,0,10.90,1.45,true,1,
7290000289595,false,אורביטול קיד תות 145 גרם,טרופיקל דגיל תעשיות קוסמ,IL,משחת שיניים,גרמים,145.00,100 גרם,false,0,7.90,5.45,true,1,
7290000289748,false,סנו פורטה מסיר שומנים750,"סנו מפעלי ברונוס בע""\מ",IL,סנו פורטה שומנים,מיליליטרים,750.00,"100 מ""ל",false,0,14.90,1.99,true,1,
7290000291932,false,סנובון נוזלי לבנדר 750מל,"סנו מפעלי ברונוס בע""מ",IL,סנובון נוזלי,מיליליטרים,750.00,"100 מ""ל",false,0,9.90,1.32,true,1,
7290000292007,false,K3 ג'ל פיתיון לתיקנים10ג,סנו מפעלי ברונוס בעמ,IL,3K ג'ל פיתיון,גרמים,10.00,100 גרם,false,1,49.90,499.00,true,1,
7290000292137,false,"סנו לניקוי עור 500 מ""ל",סנו מפעלי ברונוס בעמ,IL,סנו לניקוי עור,מיליליטרים,500.00,"100 מ""ל",false,0,31.90,6.38,true,1,
7290000292502,false,"K800 קוטל נמלים 300 מ""ל","סנו מפעלי ברונוס בע""מ",IL,K800 קוטל נמלים,מיליליטרים,300.00,"100 מ""ל",false,1,17.90,5.97,true,1,
7290000292557,false,סנומט נוזלי45לילות-מילוי,סנו,IT,נוזל מילוי סנו,מיליליטרים,35.00,"100 מ""ל",false,0,15.90,45.43,true,1,
7290000292595,false,סנו סופר פוליש 2 ליטר,סנו,IL,סנו סופר פוליש,ליטרים,2.00,ליטר,false,0,39.90,19.95,true,1,
7290000293073,false,מרכך כביסה מקסימה ביו4ל',"סנו מפעלי ברונוס בע""\מ",IL,מרכך כביסה,ליטרים,4.00,ליטר,false,0,19.90,4.98,true,1,
7290000293820,false,שמפו וג'ל רחצה קרמה 700,קוסמופארם,IL,שמפו וג'ל רחצה,מיליליטרים,700.00,"100 מ""ל",false,1,17.90,2.56,true,1,
7290000293943,false,סנו אנטי קאלק מרסס 1 ל',סנו מפעלי ברונוס בעמ,IL,סנו אנטי קאלק,ליטרים,1.00,ליטר,false,0,16.90,16.90,true,1,
7290000294391,false,סנו ג'ט לניקוי כללי 4ל,סנו מפעלי ברונוס בעמ,IL,סנו ג'ט,ליטרים,4.00,ליטר,false,0,14.90,3.73,true,1,
7290000294773,false,סנו ג'אוול לבנדר 4 ליטר,"סנו מפעלי ברונוס בע""\מ",IL,סנו ג'אוול 4 ליט,ליטרים,4.00,ליטר,false,0,15.90,3.98,true,1,
7290000294780,false,סנו ג'אול אקונומ.סמיכה4ל,"סנו מפעלי ברונוס בע""מ",IL,סנו ג'אוול 4 ל,ליטרים,4.00,ליטר,false,0,15.90,3.98,true,1,
7290000295299,false,סנו סושי כרית יפנית 4 יח,סנו מפעלי ברונו בעמ,IL,כרית יפנית,יחידה,1.00,יחידה,false,0,9.90,9.90,true,1,
7290000295336,false,אבקת מקסימה סנסטיב 1.25ק,סנו מפעלי ברונוס בעמ,IL,אבקת כביסה,קילוגרמים,1.25,"ק""ג",false,0,14.90,11.92,true,1,
7290000295589,false,בייבי כיף טלק 200 גרם,קוסמופארם,IL,טלק בייבי כיף,גרמים,200.00,100 גרם,false,0,14.90,7.45,true,1,
7290000295749,false,ספוג כיף סאקי מסאז' 1 יח,קוסמופארם,IL,ספוג סאקי מסג',יחידה,1.00,יחידה,false,0,9.90,9.90,true,1,
7290000295824,false,סושי אלומ.חסכונ0.3 100*מ,בורסה פאזרי,TR,רדיד אלומיניום,מטרים,100.00,מטר,false,0,49.90,0.50,true,1,
7290000309682,false,מטאטא שיער מעורב + מקל,אליבו,CN,מטאטא שיער מעורב,יחידה,1.00,יחידה,false,1,24.90,24.90,true,1,
7290000309699,false,מטאטא זנב סוס עם מקל,המברשת רוחמה,IL,מטאטא עם מקל,יחידה,1.00,יחידה,false,0,36.90,36.90,true,1,
7290000312736,false,בייגלה שמיניות 45 גרם,,IL,בייגלה 45 גרם,גרמים,45.00,100 גרם,false,0,1.90,4.22,true,1,
7290000327020,false,"פפסי פחיות 330*6 מ""ל","מודרן גרופ משקאות בע""\מ",IL,פפסי פחיות 6 יח,ליטרים,1.98,ליטר,false,1,18.90,9.55,true,1,
7290000327044,false,"סבן אפ פחיות 330*6 מ""ל","מודרן גרופ משקאות בע""\מ",IL,סבן אפ פחיות 6יח,ליטרים,1.98,ליטר,false,1,18.90,9.55,true,1,
7290000339566,false,מרכך כביסה בדין ורוד 4 ל,יוניליור ישראל טיפוח איש,IL,מרכך כביסה בדין,ליטרים,4.00,ליטר,false,0,21.90,5.48,true,1,
7290000341071,false,מרכך כביסה בדין בייבי 2ל,יוניליוור ישראל טיפוח אי,IL,מרכך כביסה בייבי,ליטרים,2.00,ליטר,false,0,18.90,9.45,true,1,
7290000342856,false,מרכך כביסה בדין כחול 4 ל,יוניליור ישראל טיפוח איש,IL,מרכך כביסה בדין,ליטרים,4.00,ליטר,false,0,21.90,5.48,true,1,
7290000345277,false,תה ויסוצקי 50שק1.5* גרם,תה ויסוצקי,IL,תה ויסוצקי 50 שק,גרמים,75.00,100 גרם,false,0,11.90,15.87,true,1,
7290000345307,false,תה ארל גריי 50 שק1.5*גרם,תה ויסוצקי,IL,תה ארל גריי 50שק,גרמים,75.00,100 גרם,false,0,26.90,35.87,true,1,
7290000346120,false,חליטת קסם הקינמון25ש2.5*,ויסוצקי,IL,חליטת קינמון,גרמים,62.00,100 גרם,false,0,16.90,27.26,true,1,
7290000346137,false,הילולי פירות הגן25שק2.5*,ויסוצקי,IL,חליטת פירות,גרמים,62.00,100 גרם,false,0,16.90,27.26,true,1,
7290000346168,false,חליטת שומר 25שק * 1.5גר,ויסוצקי,IL,חליטת שומר,גרמים,37.00,100 גרם,false,0,16.90,45.68,true,1,
7290000346199,false,תה פירות יער 25שק2.7*גר,ויסוצקי,IL,חליטת פירות היער,גרמים,67.00,100 גרם,false,0,16.90,25.22,true,1,
7290000346205,false,חל.קמומיל-גן קסום25ש1.5*,ויסוצקי,IL,חליטת קמומיל,גרמים,37.00,100 גרם,false,0,16.90,45.68,true,1,
7290000346212,false,חליטת מנטה גן קסום25ש2*ג,ויסוצקי,IL,חליטת מנטה,גרמים,50.00,100 גרם,false,0,16.90,33.80,true,1,
7290000346960,false,תה נענע 50 שקיק1.5* גרם,בית ויסוצקי,IL,תה נענע 50 שקיק.,גרמים,75.00,100 גרם,false,0,29.40,39.20,true,1,
7290000347738,false,תה ירוק עם נענע 1.5*25גר,ויסוצקי,IL,תה ירוק נענע,גרמים,37.00,100 גרם,false,0,23.90,64.59,true,1,
7290000355757,false,עגבנ.מרוסקות טל וטרי800ג,מילוז,IL,עגבניות מרוסקות,גרמים,800.00,100 גרם,false,0,6.90,0.86,true,1,
7290000408316,false,יוגורט ביו 3% דנונה 200ג,"שטראוס בריאות בע""\מ",IL,יוגורט ביו 3%,גרמים,200.00,100 גרם,false,0,3.50,1.75,true,1,
7290000408354,false,דנונה בר פצפוצים 173 גרם,"שטראוס בריאות בע""\מ",IL,דנונה בר פצפוצים,גרמים,173.00,100 גרם,false,0,4.90,2.83,true,1,
7290000412481,false,"מנקה אסלות ""00"" 1 ליטר",סנו מפעלי ברונוס בעמ,IL,"מנקה אסלות 00""",ליטרים,1.00,ליטר,false,0,7.90,7.90,true,1,
7290000416076,false,צימקאו שוקולד לבישול400ג,השחר העולה,IL,צימקאו לאפיה,גרמים,400.00,100 גרם,false,0,10.90,2.73,true,1,
7290000416618,false,"ממרח טעם שוקולד בד""ץ400ג",השחר,IL,ממרח בטעם שוקולד,גרמים,400.00,100 גרם,false,0,10.90,2.73,true,1,
7290000426914,false,תות שדה בודק 454 גרם,,US,תות שדה בודק,גרמים,454.00,100 גרם,false,1,25.90,5.70,true,1,
7290000435251,false,עדשים 500 גרם,הנמל,IL,מיני משמחים,גרמים,500.00,100 גרם,false,0,16.90,3.38,true,1,
7290000446127,false,פריכיות אורז,,IL,פריכיות אורז,גרמים,100.00,100 גרם,false,0,3.90,3.90,true,1,
7290000446257,false,דייסת אורז,,IL,דייסת אורז,גרמים,200.00,100 גרם,false,0,8.90,4.45,true,1,
7290000446264,false,דייסת קורנפלור 200 גרם,השדה מוצרים אורגניים,IL,דייסת קורנפלור,גרמים,200.00,100 גרם,false,0,8.90,4.45,true,1,
7290000446318,false,דייסת סולת 200 גרם,השדה מוצרים אורגניים,IL,דייסת סולת,גרמים,200.00,100 גרם,false,0,8.90,4.45,true,1,
7290000446714,false,שמן שומשום,,IL,שמן שומשום,מיליליטרים,500.00,"100 מ""ל",false,0,34.90,6.98,true,1,
7290000446943,false,פריכיות כוסמת,,IL,פריכיות כוסמת,גרמים,100.00,100 גרם,false,0,3.90,3.90,true,1,
7290000449128,false,פנטסטיק רגיל 4 ליטר,יוניליוור ישראל טיפוח אי,IL,פנטסטיק לניקוי,ליטרים,4.00,ליטר,false,0,19.90,4.98,true,1,
7290000453019,false,שמרית-שמרים לחים 50 גרם,"פאקא תעשיות בע""\מ",IL,שמרית-שמרים טרי,גרמים,50.00,100 גרם,false,0,4.20,8.40,true,1,
7290000453125,false,שמרית+משפר אפיה ביתית100,"פאקא תעשיות בע""\מ",IL,שמרית+ משפר אפיה,גרמים,100.00,100 גרם,false,0,7.50,7.50,true,1,
7290000453385,false,שמרים יבשים פאקא,,GB,שמרים יבשים פאקא,גרמים,500.00,100 גרם,false,0,11.90,2.38,true,1,
7290000453866,false,נטורינה קוקוס 200 גרם,פאקא,DK,נטורינה קוקוס,גרמים,200.00,100 גרם,false,1,6.90,3.45,true,1,
7290000461625,false,בייגלה שמיניות עם מלח400,בייגל את בייגל מזון 198),IL,בייגלה שמיניות,גרמים,400.00,100 גרם,false,0,7.90,1.98,true,1,
7290000462103,false,סחוג זהבי אדום 150 גרם,"זהבי הכרם בע""\מ",IL,סחוג זהבי אדום,גרמים,150.00,100 גרם,false,0,7.90,5.27,true,1,
7290000462172,false,סחוג זהבי ירוק 150 גרם,"זהבי הכרם בע""\מ",IL,סחוג זהבי ירוק,גרמים,150.00,100 גרם,false,0,7.90,5.27,true,1,
7290000469638,false,"מריטו ענק 500 מ""ל",בולטון,IT,מריטו לגיהוץ קל,מיליליטרים,500.00,"100 מ""ל",false,0,19.90,3.98,true,1,
7290000474090,false,חלב הומוגני 1% קרטון 1 ל,מילקו תעשיות בעמ,IL,חלב טרי טרה 1%,ליטרים,1.00,ליטר,false,0,5.80,5.80,true,1,
7290000474373,false,"שמנת חמוצה15% 200 מ""ל",טרה,IL,שמנת חמוצה15%,מיליליטרים,200.00,"100 מ""ל",false,0,2.40,1.20,true,1,
7290000474502,false,גבינה לבנה 5% טרה 250 גר,טרה,IL,גבינה לבנה 5%,גרמים,250.00,100 גרם,false,0,4.90,1.96,true,1,
7290000481043,false,פיתות כוסמין 10 * 70 גרם,דגנית עין בר תעשיות מזון,IL,פיתות כוסמין10יח,גרמים,700.00,100 גרם,false,1,13.90,1.99,true,1,
7290000481531,false,לחמניות חיטה מלאה75*10גר,דגנית עין בר תעשיות מזון,IL,10לחמניות ח.מלאה,גרמים,750.00,100 גרם,false,0,11.90,1.59,true,1,
7290000481883,false,לחמניות אצבע 75*10 גרם,דגנית עין בר תעשיות מזון,IL,לחמניות אצבע10יח,גרמים,750.00,100 גרם,false,0,11.90,1.59,true,1,
7290000484747,false,"עלית הארק 700 מ""ל",יקב הגליל יוסף גולד ובני,IL,עלית הארק,מיליליטרים,700.00,"100 מ""ל",false,1,59.90,8.56,true,1,
7290000494531,false,קפה כתר 150 גרם,רוני רג'ואן ושות,IL,קפה כתר 150 גרם,גרמים,150.00,100 גרם,false,1,6.90,4.60,true,1,
7290000497044,false,לחם ברמן אקטיב 750 גרם,"י.את.א.ברמן בע""\מ",IL,לחם ברמן אקטיב,גרמים,750.00,100 גרם,false,0,15.90,2.12,true,1,
7290000497112,false,לחם פרוס אחיד 750גר 207,"י.את.א.ברמן בע""\מ",IL,לחם פרוס אחיד,גרמים,750.00,100 גרם,false,0,6.90,0.92,true,1,
7290000497228,false,לחמניות רגילות 75*6 גרם,"י.את.א.ברמן בע""\מ",IL,6 לחמניות בשקית,גרמים,450.00,100 גרם,false,0,9.90,2.20,true,1,
7290000497273,false,לחמניות אקטיב 75*6 גרם,"י.את.א.ברמן בע""\מ",IL,6 לחמניות אקטיב,גרמים,450.00,100 גרם,false,1,13.90,3.09,true,1,
7290000497303,false,לחמניות מקמח מלא 75*6 גר,"י.את.א.ברמן בע""\מ",IL,6לחמניות קמח מלא,גרמים,450.00,100 גרם,false,0,12.90,2.87,true,1,
7290000497532,false,לחם ברמן לענין 750 גרם,"י.את.א.ברמן בע""\מ",IL,לחם ברמן לענין,גרמים,750.00,100 גרם,false,0,12.90,1.72,true,1,
7290000504025,false,סוכרזית 300 טבליות פטריה,ביסקול בע''מ,IL,סוכרזית פטריה,גרמים,24.00,100 גרם,false,0,8.90,37.08,true,1,
7290000504049,false,סוכרזית 1200 טבליות,ביסקול בע''מ,IL,סוכרזית טבליות,גרמים,98.00,100 גרם,false,0,19.90,20.31,true,1,
7290000504209,false,"נוזל של סוכרזית 220 מ""ל",ביסקול בע''מ,IL,נוזל של סוכרזית,מיליליטרים,220.00,"100 מ""ל",false,0,16.90,7.68,true,1,
7290000504278,false,סוכרזית פטנט 700 טבליות,ביסקול בע''מ,IL,סוכרזית טבליות,גרמים,57.00,100 גרם,false,0,15.90,27.89,true,1,
7290000521008,false,יין אדום יבש של סגל750מל,"כרמי צבי - אחים סגל בע""\",IL,יין סגל אדום,מיליליטרים,750.00,"100 מ""ל",false,0,17.90,2.39,true,1,
7290000521015,false,"יין לבן יבש של סגל750מ""ל",יינות סגל,IL,יין לבן של סגל,מיליליטרים,750.00,"100 מ""ל",false,0,17.90,2.39,true,1,
7290000521022,false,יין סגל לבן רג.ח.יבש750מ,יינות סגל,IL,יין לבן חצי יבש,מיליליטרים,750.00,"100 מ""ל",false,0,17.90,2.39,true,1,
7290000523125,false,מלח ים יבש 250 גרם,"חברת מלח הארץ אילת בע""\מ",IL,מלח ים יבש,גרמים,250.00,100 גרם,false,0,5.90,2.36,true,1,
7290000523224,false,מלח ים דק 500 גרם,"חברת מלח הארץ אילת בע""\מ",IL,מלח ים דק,גרמים,500.00,100 גרם,false,0,6.90,1.38,true,1,
7290000523514,false,מלח יבש דל נתרן 250 גרם,"חברת מלח הארץ אילת בע""\מ",IL,מלח דל נתרן,גרמים,250.00,100 גרם,false,0,9.90,3.96,true,1,
7290000523804,false,"מלח הארץ עדין צנצנת 1ק""ג","חברת מלח הארץ אילת בע""\מ",IL,מלח הארץ עדין,קילוגרמים,1.00,"ק""ג",false,0,6.90,6.90,true,1,
7290000523811,false,"מלח הארץ גס צנצנת 1 ק""ג","חברת מלח הארץ אילת בע""\מ",IL,מלח הארץ גס,קילוגרמים,1.00,"ק""ג",false,0,6.90,6.90,true,1,
7290000525969,false,מיץ תפוזים סחוט 1 ליטר,גניר,IL,מיץ תפוזים סחוט,ליטרים,1.00,ליטר,false,0,15.50,15.50,true,1,
7290000531977,false,בורקס גבינה 800 גרם,זוגלובק,IL,בורקס גבינה,גרמים,800.00,100 גרם,false,0,15.90,1.99,true,1,
7290000533353,false,"בצק עלים 1 ק""ג",זוגלובק,IL,בצק עלים,גרמים,1000.00,100 גרם,false,0,14.90,1.49,true,1,
7290000536316,false,שניצל מן הצומח 1 קג,זוגלובק,IL,שניצל מן הצומח,גרמים,1000.00,100 גרם,false,0,29.90,2.99,true,1,
7290000536743,false,קריספי סטיקס תירס 500גרם,זוגלובק,IL,קריספי סטיקסתירס,גרמים,500.00,100 גרם,false,0,19.90,3.98,true,1,
7290000536774,false,"נקניקיה מןהצומח בד""צ 1 ק",זוגלובק,IL,נקניקיה מן הצומח,גרמים,1000.00,100 גרם,false,0,34.90,3.49,true,1,
7290000536781,false,"קבב מן הצומח בד""צ 1 קג",זוגלובק,IL,קבב מן הצומח,גרמים,1000.00,100 גרם,false,0,34.90,3.49,true,1,
7290000540009,false,מדליק פחמים 108 גרם,",S.M.P.L שיבקי",IN,מדליק פחמים,גרמים,108.00,100 גרם,false,1,5.90,5.46,true,1,
7290000554402,false,מלבי 160 גרם,"מיוצר ע""\י קוד יצרן EDNK",IL,מלבי,גרמים,160.00,100 גרם,false,0,4.90,3.06,true,1,
7290000554471,false,גבינת מוצרלה 22% 180 גרם,"מחלבות גד בע""\מ",IL,גבינת מוצרלה 22%,גרמים,180.00,100 גרם,false,0,15.90,8.83,true,1,
7290000554600,false,גבי.מוצרלה מגורדת22% 300,מחלבות גד,IL,מוצרלה מגורדת,גרמים,300.00,100 גרם,false,0,24.90,8.30,true,1,
7290000554624,false,ירח מתוק מעד.חלב+אורז150,"מיוצר ע""\י קוד יצרן EDNK",IL,מעדן חלב ואורז,גרמים,150.00,100 גרם,false,0,5.90,3.93,true,1,
7290000554822,false,ריקוטה גד 5% שומן 250 גר,מחלבות גד,IL,גבינת ריקוטה 5%,גרמים,250.00,100 גרם,false,0,14.90,5.96,true,1,
7290000554839,false,גבינה מסקרפונה 40% 250 ג,מחלבות גד,IL,גבינה מסקרפונה,גרמים,250.00,100 גרם,false,0,19.90,7.96,true,1,
7290000572055,false,"חלווה ללת""ס+אגוז400גר","אחדות בע""מ א.ת. ברקן",IL,"חלווה ללת""ס",גרמים,400.00,100 גרם,false,0,15.90,3.98,true,1,
7290000572086,false,טחינה אורגנית 500 גרם,"אחדות בע""מ א.ת. ברקן",IL,טחינה אורגנית,גרמים,500.00,100 גרם,false,0,12.90,2.58,true,1,
7290000572093,false,טחינה 500גרם,,IL,טחינה 500גרם,גרמים,500.00,100 גרם,false,0,11.90,2.38,true,1,
7290000572208,false,חלווה 100 גרם,"אחדות בע""מ א.ת. ברקן",IL,חלווה 100 גרם,גרמים,100.00,100 גרם,false,0,3.90,3.90,true,1,
7290000572529,false,חלווה אחוה פיסטוק 400 גר,"אחדות בע""מ א.ת. ברקן",IL,חלווה פיסטוק,גרמים,400.00,100 גרם,false,0,14.90,3.73,true,1,
7290000572536,false,חלווה וניל400ג,,IL,חלווה וניל400ג,גרמים,400.00,100 גרם,false,0,11.90,2.98,true,1,
7290000572543,false,חלווה שוקו וניל 400 גרם,אחווה,IL,חלווה 400 גרם,גרמים,400.00,100 גרם,false,0,11.90,2.98,true,1,
7290000572802,false,טחינה אורגנית 500 גרם,"אחדות בע""מ א.ת. ברקן",IL,טחינה 500 גרם,גרמים,500.00,100 גרם,false,0,12.90,2.58,true,1,
7290000574066,false,לחם מלא פלוס שיפון 750 ג,דגנית עין בר תעשיות מזון,IL,לחם מלא,גרמים,750.00,100 גרם,false,0,14.90,1.99,true,1,
7290000574141,false,לחם חיטה מלא 750 גרם,דגנית עין בר תעשיות מזון,IL,לחם חיטה מלא,גרמים,750.00,100 גרם,false,0,10.90,1.45,true,1,
7290000574172,false,לחם קל מחיטה מלאה 750גרם,דגנית עין בר תעשיות מזון,IL,לחם קל חיטה מלאה,גרמים,750.00,100 גרם,false,0,10.90,1.45,true,1,
7290000574455,false,לחם חיטה מלא +כוסמין750ג,---,IL,לחם חיטה מלא,גרמים,750.00,100 גרם,false,1,12.90,1.72,true,1,
7290000652177,false,נתחי נסיכת הנילוס קפוא ק,MORE,IL,נתחי נסיכת הנילו,קילוגרמים,0.00,"ק""ג",true,1,69.90,69.90,true,1,
7290000663166,false,פילה בקלה ד.אפריקאי קפוא,תנובה,IL,פילה בקלה קפוא,קילוגרמים,0.00,"ק""ג",true,1,44.90,44.90,true,1,
7290000688466,false,"מי עדן ספורט 750 מ""ל",מי עדן,IL,מי עדן ספורט,מיליליטרים,750.00,"100 מ""ל",false,0,4.10,0.55,true,1,
7290000692203,false,אג'קס נוזל כללי לימון 2ל,קולגייט פלמוליב,GR,אג'קס ניקוי כללי,ליטרים,2.00,ליטר,false,0,21.90,10.95,true,1,
7290000692210,false,אג'קס נוזל כללי לבנדר 2ל,קולגייט פלמוליב,GR,אג'קס ניקוי כללי,ליטרים,2.00,ליטר,false,0,21.90,10.95,true,1,
7290000692227,false,פלמוליב לשטיפת כלים 1 ל',קולגייט פלמוליב,GR,פלמוליב לכלים,ליטרים,1.00,ליטר,false,0,12.90,12.90,true,1,
7290000803180,false,שטיפה דנטלית מרידול 400מ,קולגייט פלמוליב,CH,שטיפה מרידול,מיליליטרים,400.00,"100 מ""ל",false,0,22.90,5.73,true,1,
7290000927749,true,שניצל עוף טרי פרימיום דק,,IL,שניצל עוף טרי,קילוגרמים,0.00,"ק""ג",true,1,49.90,49.90,true,1,
7290000952246,true,שיפודי חזה עוף טרי,לי אדרת,IL,שיפודי חזה עוף,קילוגרמים,0.00,"ק""ג",true,1,49.90,49.90,true,1,
7290000952253,true,כנף עוף טרי חצוי,לי אדרת,IL,כנף עוף טרי חצוי,קילוגרמים,0.00,"ק""ג",true,1,19.90,19.90,true,1,
7290000952369,true,"עוף שלם ""יש"" קפוא",גלאט עוף,IL,עוף שלם קפוא,קילוגרמים,0.00,"ק""ג",true,1,25.90,25.90,true,1,
7290000952420,true,"כרעיים עוף ""יש"" קפוא",גלאט עוף,IL,כרעיים עוף קפוא,קילוגרמים,0.00,"ק""ג",true,1,39.90,39.90,true,1,
7290000952451,true,"ירכיים עוף ""יש"" קפוא",גלאט עוף,IL,ירכיים עוף קפוא,קילוגרמים,0.00,"ק""ג",true,1,36.90,36.90,true,1,
7290000952468,true,"שוקיים עוף ""יש"" קפוא",גלאט עוף,IL,שוקיים עוף קפוא,קילוגרמים,0.00,"ק""ג",true,1,44.90,44.90,true,1,
7290000952475,true,"חזה עוף ""יש"" קפוא",גלאט עוף,IL,חזה עוף קפוא,קילוגרמים,0.00,"ק""ג",true,1,39.90,39.90,true,1,
7290000952680,true,"כנפיים עוף ""יש"" קפוא",גלאט עוף,IL,כנפיים עוף קפוא,קילוגרמים,0.00,"ק""ג",true,1,14.90,14.90,true,1,
7290000952697,true,"גרונות עוף ""יש"" קפוא",גלאט עוף,IL,גרונות עוף קפוא,קילוגרמים,0.00,"ק""ג",true,1,8.90,8.90,true,1,
7290000952703,true,"עצמות עוף ""יש"" קפוא",גלאט עוף,IL,"עצמות עוף ""יש""",קילוגרמים,0.00,"ק""ג",true,1,7.90,7.90,true,1,
7290000952970,true,כרעיים עוף טרי מקוצב,,IL,כרעיים עוף טרי,קילוגרמים,0.00,"ק""ג",true,1,36.90,36.90,true,1,
7290000953397,true,"סטייק פרגית עוף טרי ע""ע",לי אדרת,IL,סטייק פרגית עוף,קילוגרמים,0.00,"ק""ג",true,1,79.90,79.90,true,1,
7290000953618,true,פלענקאן טרי,,IL,פלענקאן טרי,קילוגרמים,0.00,"ק""ג",true,1,84.90,84.90,true,1,
7290000953793,true,פרגיות עוף טרי מקוצב,,IL,פרגית עוף טרי,קילוגרמים,0.00,"ק""ג",true,1,79.90,79.90,true,1,
7290000961552,true,פלפל כתום,קטיף.,IL,פלפל כתום,קילוגרמים,0.00,"ק""ג",true,0,8.90,8.90,true,1,
7290000962153,true,פילה סלמון ללא עור קפוא,,NO,פילה סלמון,קילוגרמים,0.00,"ק""ג",true,1,99.90,99.90,true,1,
7290000963419,true,תפוח עץ גאלה 65,קטיף.,XX,תפוח עץ גאלה,קילוגרמים,0.00,"ק""ג",true,0,9.90,9.90,true,1,
7290000965055,true,מלון מובחר,קטיף.,IL,מלון מובחר,קילוגרמים,0.00,"ק""ג",true,0,5.90,5.90,true,1,
7290000965833,true,אננס ראש תפזורת,,IL,אננס ראש,יחידה,1.00,יחידה,false,1,25.90,25.90,true,1,
7290000966564,true,רימון,קטיף.,IL,רימון,קילוגרמים,0.00,"ק""ג",true,0,9.90,9.90,true,1,
7290000966670,true,אנונה,קטיף.,IL,אנונה,קילוגרמים,0.00,"ק""ג",true,0,27.90,27.90,true,1,
7290000990101,true,כתף מרכזי טרי,,IL,כתף מרכזי טרי,קילוגרמים,0.00,"ק""ג",true,1,79.90,79.90,true,1,
7290000991788,true,אוסבוקו טרי,,IL,אוסבוקו טרי,קילוגרמים,0.00,"ק""ג",true,1,79.90,79.90,true,1,
7290000991863,true,צלעות בקר טרי,,IL,צלעות בקר טרי,קילוגרמים,0.00,"ק""ג",true,1,79.90,79.90,true,1,
7290000991870,true,פילה מדומה טרי,,IL,פילה מדומה טרי,קילוגרמים,0.00,"ק""ג",true,0,89.90,89.90,true,1,
7290000991894,true,צלי כתף טרי,,IL,צלי כתף טרי,קילוגרמים,0.00,"ק""ג",true,0,109.90,109.90,true,1,
7290000991955,true,סטייק עם עצם טרי,,IL,סטייק עם עצם,קילוגרמים,0.00,"ק""ג",true,0,109.90,109.90,true,1,
7290000991962,true,עצמות מח טרי,,IL,עצמות מח טרי,קילוגרמים,0.00,"ק""ג",true,0,39.90,39.90,true,1,
7290000991979,true,אסאדו טרי,,IL,אסאדו טרי,קילוגרמים,0.00,"ק""ג",true,0,79.90,79.90,true,1,
7290000992143,true,שריר הזרוע טרי,,IL,שריר הזרוע טרי,קילוגרמים,0.00,"ק""ג",true,0,84.90,84.90,true,1,
7290000992822,true,שריר אשפר שקיל,,IL,שריר אשפר שקיל,קילוגרמים,0.00,"ק""ג",true,1,39.90,39.90,true,1,
7290000993690,true,בשר אדום טרי,,IL,בשר אדום טרי,קילוגרמים,0.00,"ק""ג",true,1,69.90,69.90,true,1,
7290000994352,true,כנף הודו טרי,,IL,כנף הודו טרי,קילוגרמים,0.00,"ק""ג",true,1,19.90,19.90,true,1,
7290000994475,true,שוק הודו טרי,,IL,שוקהודו טרי,קילוגרמים,0.00,"ק""ג",true,1,32.90,32.90,true,1,
7290000994574,true,חזה עוף טרי פרוס,,IL,חזה עוף טרי פרוס,קילוגרמים,0.00,"ק""ג",true,1,42.90,42.90,true,1,
7290000994581,true,פרגית עוף טרי,,IL,פרגית עוף טרי,קילוגרמים,0.00,"ק""ג",true,1,74.90,74.90,true,1,
7290000994611,true,שווארמה הודו טרי,,IL,שווארמה הודו,קילוגרמים,0.00,"ק""ג",true,1,64.90,64.90,true,1,
7290000995298,true,טחון עוף טרי,,IL,טחון עוף טרי,קילוגרמים,0.00,"ק""ג",true,1,39.90,39.90,true,1,
7290000995410,true,נבטים בחבילה,נבטי העמק,IL,נבטים בחבילה-יח',יחידה,1.00,יחידה,false,0,5.90,5.90,true,1,
7290000996783,true,"פילה אמנון ""יש"" 5-7 קפוא",,CN,"פילה אמנון ""יש""",קילוגרמים,0.00,"ק""ג",true,1,29.90,29.90,true,1,
7290000996981,true,אנטריקוט עגלה,,IL,אנטריקוט עגלה,קילוגרמים,0.00,"ק""ג",true,1,159.00,159.00,true,1,
7290000996998,true,פרגית עוף ארוכה טרי,,IL,פרגית ארוכה טרי,קילוגרמים,0.00,"ק""ג",true,1,74.90,74.90,true,1,
7290000997667,true,עוף טרי מפורק לשניצל,,IL,עוף טרי מחולק,קילוגרמים,0.00,"ק""ג",true,1,29.90,29.90,true,1,
7290000997704,true,בקר טחון טרי,,IL,בקר טחון טרי,קילוגרמים,0.00,"ק""ג",true,1,69.90,69.90,true,1,
7290000997728,true,טחון הודו טרי,,IL,טחון הודו טרי,קילוגרמים,0.00,"ק""ג",true,1,39.90,39.90,true,1,
7290000997834,true,כרעיים עוף טרי,,IL,כרעיים עוף טרי,קילוגרמים,0.00,"ק""ג",true,1,36.90,36.90,true,1,
7290000997940,true,ירכיים עוף טרי,,IL,ירכיים עוף טרי,קילוגרמים,0.00,"ק""ג",true,1,36.90,36.90,true,1,
7290000997988,true,עצמות בקר טרי,,IL,עצמות בקר טרי,קילוגרמים,0.00,"ק""ג",true,1,29.90,29.90,true,1,
7290000998107,true,"תפו""ע מוזהב ברשת",,IL,"תפו""ע מוזהב ברשת",קילוגרמים,0.00,"ק""ג",true,1,5.90,5.90,true,1,
7290000998138,true,שומן טרי,,IL,שומן טרי,יחידה,1.00,יחידה,false,0,29.90,29.90,true,1,
7290000998275,true,גויאבות,,IL,גויאבות,קילוגרמים,0.00,"ק""ג",true,1,19.90,19.90,true,1,
7290000998282,true,שוקיים עוף טרי,,IL,שוקיים עוף טרי,קילוגרמים,0.00,"ק""ג",true,1,38.90,38.90,true,1,
7290000998329,true,מנגו,,XX,מנגו,קילוגרמים,0.00,"ק""ג",true,1,11.90,11.90,true,1,
7290000998336,true,כנפיים עוף טרי,,IL,כנפיים עוף טרי,קילוגרמים,0.00,"ק""ג",true,1,17.90,17.90,true,1,
7290000998367,true,קיווי,קטיף,IL,קיווי במשקל,קילוגרמים,0.00,"ק""ג",true,1,11.90,11.90,true,1,
7290000998466,true,חזה עוף טרי,,IL,חזה עוף טרי,קילוגרמים,0.00,"ק""ג",true,1,39.90,39.90,true,1,
7290000998657,true,גרון עוף טרי,,IL,גרון עוף טרי,קילוגרמים,0.00,"ק""ג",true,1,6.90,6.90,true,1,
7290000998671,true,עוף שלם טרי,,IL,עוף טרי שלם,קילוגרמים,0.00,"ק""ג",true,1,24.90,24.90,true,1,
7290000998701,true,סטייק פריים ריב ללא עצם,,IL,סטייק פריים ריב,קילוגרמים,0.00,"ק""ג",true,1,129.00,129.00,true,1,
7290000998787,true,עצמות עוף טרי,,IL,עצמות עוף טרי,קילוגרמים,0.00,"ק""ג",true,1,6.90,6.90,true,1,
7290000998954,true,צוואר בקר טרי,,IL,צוואר בקר טרי,קילוגרמים,0.00,"ק""ג",true,1,69.90,69.90,true,1,
7290000999159,true,אבוקדו אוצר בית דין,קטיף,IL,אבוקדו,קילוגרמים,0.00,"ק""ג",true,1,15.90,15.90,true,1,
7290000999180,true,קלמנטינה,,IL,קלמנטינה,קילוגרמים,0.00,"ק""ג",true,1,6.90,6.90,true,1,
7290000999197,true,תפוז,,IL,תפוז,קילוגרמים,0.00,"ק""ג",true,1,5.90,5.90,true,1,
7290000999456,true,שום במארז,קטיף,IL,שום במארז,יחידה,1.00,יחידה,false,1,7.90,7.90,true,1,
7290000999500,true,חזה הודו טרי,,IL,חזה הודו טרי,קילוגרמים,0.00,"ק""ג",true,1,36.90,36.90,true,1,
7290000999548,true,דלעת ארוזה במשקל,קטיף,IL,דלעת ארוזה,קילוגרמים,0.00,"ק""ג",true,1,11.90,11.90,true,1,
7290000999562,true,גזר ארוז במשקל,קטיף,IL,גזר ארוז,קילוגרמים,0.00,"ק""ג",true,1,3.90,3.90,true,1,
7290000999579,true,"תפו""א לבן ארוז במשקל",קטיף,IL,"תפו""א לבן ארוז",קילוגרמים,0.00,"ק""ג",true,1,4.40,4.40,true,1,
7290000999586,true,"תפו""א אדום ארוז במשקל",קטיף,IL,"תפו""א אדום ארוז",קילוגרמים,0.00,"ק""ג",true,1,5.20,5.20,true,1,
7290000999593,true,תפוח אדמה קטן ארוז ברשת,קטיף.,IL,תפוח אדמה קטן אר,קילוגרמים,0.00,"ק""ג",true,1,4.90,4.90,true,1,
7290000999616,true,גרון הודו טרי,,IL,גרון הודו טרי,קילוגרמים,0.00,"ק""ג",true,1,31.90,31.90,true,1,
7290000999692,true,צנון,,IL,צנון,קילוגרמים,0.00,"ק""ג",true,1,6.90,6.90,true,1,
7290000999708,true,אשכולית לבנה,,IL,אשכולית לבנה,קילוגרמים,0.00,"ק""ג",true,1,6.90,6.90,true,1,
7290000999715,true,אשכולית אדומה,,IL,אשכולית אדומה,קילוגרמים,0.00,"ק""ג",true,1,6.90,6.90,true,1,
7290000999722,true,פומלה לבנה,,IL,פומלה לבנה,קילוגרמים,0.00,"ק""ג",true,1,6.90,6.90,true,1,
7290000999739,true,פומלית,,IL,פומלית,קילוגרמים,0.00,"ק""ג",true,1,6.90,6.90,true,1,
7290000999746,true,עגבניות שרי במשקל,קטיף,IL,עגבניות שרי,קילוגרמים,0.00,"ק""ג",true,1,14.90,14.90,true,1,
7290000999814,true,"תפו""ע סטרקינג",קטיף,IL,תפוח עץ סטרקינג,קילוגרמים,0.00,"ק""ג",true,1,9.90,9.90,true,1,
7290000999821,true,"תפו""ע סמיט",קטיף,IL,תפוח עץ סמיט,קילוגרמים,0.00,"ק""ג",true,1,9.90,9.90,true,1,
7290000999838,true,"תפו""ע מוזהב",קטיף,IL,תפוח עץ מוזהב,קילוגרמים,0.00,"ק""ג",true,1,9.90,9.90,true,1,
7290000999852,true,"תפו""ע פינקריספי",קטיף,IL,תפוח עץ פינקריספ,קילוגרמים,0.00,"ק""ג",true,1,15.90,15.90,true,1,
7290000999876,true,אפרסק,,IL,אפרסק,קילוגרמים,0.00,"ק""ג",true,1,9.90,9.90,true,1,
7290000999937,true,בננה אוצר בית דין,קטיף,IL,בננה,קילוגרמים,0.00,"ק""ג",true,1,7.90,7.90,true,1,
7290000999951,true,לימון אוצר בית דין,קטיף,IL,לימון,קילוגרמים,0.00,"ק""ג",true,1,9.90,9.90,true,1,
7290000999999,true,אגס אוצר בית דין,קטיף,IL,אגס,קילוגרמים,0.00,"ק""ג",true,1,9.90,9.90,true,1,
7290001041017,false,חוואיג' תימני 50 גרם,מיה תעשיות מזון מ.ת.מ. ב,IL,חוואיג' תימני,גרמים,50.00,100 גרם,false,0,6.90,13.80,true,1,
7290001041024,false,תבלין לקבב 50 גרם,מיה תעשיות מזון מ.ת.מ. ב,IL,תבלין לקבב,גרמים,50.00,100 גרם,false,0,5.70,11.40,true,1,
7290001041048,false,תבלין על האש 50 גרם,מיה תעשיות מזון מ.ת.מ. ב,IL,תבלין על האש50גר,גרמים,50.00,100 גרם,false,0,6.90,13.80,true,1,
7290001041123,false,שקד מולבן פרוס 100ג מיה,מיה תעשיות מזון מ.ת.מ. ב,IL,שקד מולבן,גרמים,100.00,100 גרם,false,0,12.90,12.90,true,1,
7290001041178,false,"אפונה יבשה 1 ק""ג",מיה תעשיות מזון מ.ת.מ. ב,IL,אפונה יבשה,קילוגרמים,1.00,"ק""ג",false,0,7.90,7.90,true,1,
7290001041260,false,שומשום 400 גרם,מיה תעשיות מזון מ.ת.מ. ב,IL,שומשום,גרמים,400.00,100 גרם,false,0,9.90,2.48,true,1,
7290001041277,false,פרורי לחם 400 גרם,מיה תעשיות מזון מ.ת.מ. ב,IL,פרורי לחם,גרמים,400.00,100 גרם,false,0,5.90,1.48,true,1,
7290001041284,false,לקקנים בטעם תות 220 גרם,מיה תעשיות מזון מ.ת.מ. ב,IL,לקקנים בטעם תות,גרמים,160.00,100 גרם,false,0,6.90,4.31,true,1,
7290001041291,false,לקקנים 600 גרם,מיה תעשיות מזון מ.ת.מ. ב,IL,לקקנים,גרמים,900.00,100 גרם,false,0,19.80,2.20,true,1,
7290001041482,false,זנגוויל 50 גרם,מיה תעשיות מזון מ.ת.מ. ב,IL,זנגוויל 50 גרם,גרמים,50.00,100 גרם,false,0,5.60,11.20,true,1,
7290001041833,false,אגוזים טחונים 250גרם,מיה תעשיות מזון מ.ת.מ. ב,IL,אגוזי מלך טחונים,גרמים,250.00,100 גרם,false,0,20.90,8.36,true,1,
7290001041840,false,שקדים טחונים 250גרם,מיה תעשיות מזון מ.ת.מ. ב,IL,שקדים טחונים,גרמים,250.00,100 גרם,false,0,17.90,7.16,true,1,
7290001041888,false,פפריקה מתוקה צנצנת 300גר,מיה תעשיות מזון מ.ת.מ. ב,IL,פפריקה מתוקה,גרמים,300.00,100 גרם,false,0,15.90,5.30,true,1,
7290001041895,false,פלפל שחור צנצנת 300 גרם,מיה תעשיות מזון מ.ת.מ. ב,IL,פלפל שחור,גרמים,300.00,100 גרם,false,0,29.90,9.97,true,1,
7290001041994,false,"סוכר זהב 1ק""ג",מיה תעשיות מזון מ.ת.מ. ב,IL,"סוכר זהב 1 ק""ג",קילוגרמים,1.00,"ק""ג",false,0,11.90,11.90,true,1,
7290001136287,false,"שמפו נקה 7 רגיל 750 מ""ל",אמיליה קוסמטיקס,IL,שמפו נקה 7,מיליליטרים,750.00,"100 מ""ל",false,0,10.90,1.45,true,1,
7290001136294,false,שמפו נקה 7 יבש/צבוע750מל,קוסמופארם,IL,שמפו נקה 7,מיליליטרים,750.00,"100 מ""ל",false,0,10.90,1.45,true,1,
7290001136683,false,"מרכך נקה 7 ס""ש 750 מ""ל",אמיליה קוסמטיקס בעמ,IL,קונדישינר נקה 7,מיליליטרים,750.00,"100 מ""ל",false,0,10.90,1.45,true,1,
7290001209349,false,עוף טרי ארוז עטרה,שונות,IL,עוף טרי עטרה,קילוגרמים,0.00,"ק""ג",true,0,23.90,23.90,true,1,
7290001209356,false,כרעיים עוף טרי ארוז עטרה,שונות,IL,כרעיים ע.טרי עטר,קילוגרמים,0.00,"ק""ג",true,0,33.90,33.90,true,1,
7290001209363,false,שניצל עוף טרי ארוז עטרה,שונות,IL,שניצל ע.טרי עטרה,קילוגרמים,0.00,"ק""ג",true,0,35.90,35.90,true,1,
7290001209370,false,ירכיים עוף טרי ארוז עטרה,שונות,IL,ירכיים ע.טרי עטר,קילוגרמים,0.00,"ק""ג",true,0,33.90,33.90,true,1,
7290001209387,false,שוקיים עוף טרי ארוז עטרה,שונות,IL,שוקיים עוף טרי ע,קילוגרמים,0.00,"ק""ג",true,0,37.90,37.90,true,1,
7290001209394,false,כנפיים עוף טרי ארוז עטרה,שונות,IL,כנפיים ע.טרי עטר,קילוגרמים,0.00,"ק""ג",true,0,15.90,15.90,true,1,
7290001209509,false,סטייק עוף 800 גרם,טיבון ויל אחזקות בעמ,IL,סטייק עוף 800גרם,גרמים,800.00,100 גרם,false,0,24.90,3.11,true,1,
7290001209516,false,סטייק עין 800 גרם,טיבון ויל אחזקות בעמ,IL,סטייק עין,גרמים,800.00,100 גרם,false,0,59.90,7.49,true,1,
7290001216040,false,טחינה גולמית אל ארז 500ג,אגס ירוק מסחר ושירותים,IL,טחינה גולמית,גרמים,500.00,100 גרם,false,0,14.90,2.98,true,1,
7290001230930,false,מהדקי גרביים,,IL,מהדקי גרביים,יחידה,1.00,יחידה,false,1,7.90,7.90,true,1,
7290001245699,false,אקונומיקה סמיכה טאצ' 4,,IL,אקונומיקה סמיכה,ליטרים,4.00,ליטר,false,1,12.90,3.23,true,1,
7290001247099,false,נקטר ספרינג מנגו 1 ליטר,"יפאורה תבורי בע""\מ",IL,נקטר ספרינג מנגו,ליטרים,1.00,ליטר,false,0,6.10,6.10,true,1,
7290001247105,false,נקטר ספרינג אפרסק 1 ליטר,"יפאורה תבורי בע""\מ",IL,נקטר אפרסק,ליטרים,1.00,ליטר,false,0,6.10,6.10,true,1,
7290001247112,false,נקטר ספרינג לימונענע 1ל',"יפאורה תבורי בע""\מ",IL,משקה לימונענע,ליטרים,1.00,ליטר,false,0,6.10,6.10,true,1,
7290001247129,false,נקטר ספרינג תפוזים 1ליטר,"יפאורה תבורי בע""\מ",IL,נקטר ספרינג תפוז,ליטרים,1.00,ליטר,false,0,6.10,6.10,true,1,
7290001247143,false,נקטר ספרינג תפוחים 1ליטר,"יפאורה תבורי בע""\מ",IL,נקטר ספרינג תפוח,ליטרים,1.00,ליטר,false,0,6.10,6.10,true,1,
7290001258668,false,גבינת עז מה 250 גרם,משק יעקבס,IL,גבינת עז מה,גרמים,250.00,100 גרם,false,0,13.90,5.56,true,1,
7290001258682,false,"יוגורט עיזים 500 מ""ל",משק יעקבס,IL,יוגורט עיזים,מיליליטרים,500.00,"100 מ""ל",false,0,12.90,2.58,true,1,
7290001258736,false,משולש גבינת קשקבל27%משקל,גבינות משק יעקבס,IL,גבינת קשקבל,קילוגרמים,0.00,"ק""ג",true,0,99.00,99.00,true,1,
7290001258804,false,גבינה קשקבל 180 גרם,משק יעקבס,IL,גבינה קשקבל,גרמים,180.00,100 גרם,false,0,22.90,12.72,true,1,
7290001369654,false,פילה מדומה מספר 6 אגודים,לחוביץ,IL,פילה מדומה מספר,קילוגרמים,0.00,"ק""ג",true,1,79.90,79.90,true,1,
7290001369661,false,.מכסה הצלע  7 אגודים,,IL,מכסה הצלע 7,קילוגרמים,0.00,"ק""ג",true,1,49.90,49.90,true,1,
7290001369678,false,זרוע שריר 8 אגודים,,IL,זרוע שריר 8,קילוגרמים,0.00,"ק""ג",true,1,59.90,59.90,true,1,
7290001419618,false,וופל בלגי שוקולד,,IL,וופל בלגי שוקולד,גרמים,200.00,100 גרם,false,0,3.90,1.95,true,1,
7290001419779,false,ופלים ט.שוקולד,,IL,ופלים ט.שוקולד,גרמים,200.00,100 גרם,false,0,3.90,1.95,true,1,
7290001419892,false,וופל קלאסי לימון 200 גרם,גילרו,IL,וופל 200 גרם,גרמים,200.00,100 גרם,false,1,3.90,1.95,true,1,
7290001427033,false,מיץ סחוט תפוחים,,IL,מיץ סחוט תפוחים,ליטרים,1.00,ליטר,false,0,17.70,17.70,true,1,
7290001427347,false,מיץ תפוח סמיט100% סחוט1ל,פריניב,IL,מיץ תפוחים סחוט,ליטרים,1.00,ליטר,false,0,20.70,20.70,true,1,
7290001476208,false,ברי פקאן משולש,,IL,ברי פקאן משולש,קילוגרמים,0.00,"ק""ג",true,0,129.00,129.00,true,1,
7290001491096,false,תה ירוק לימונ+לואיזה50שק,ויסוצקי,IL,תה ירוק לימונית,גרמים,75.00,100 גרם,false,0,44.90,59.87,true,1,
7290001594155,false,"קוקה קולה בפלסטיק500 מ""ל",החברה המרכזית לייצור משק,IL,קוקה קולה,מיליליטרים,500.00,"100 מ""ל",false,0,7.50,1.50,true,1,
7290001594858,false,בירה טובורג רד בק330*6מל,מבשלות בירה בינלאומיות ב,IL,טובורג רד 6 יח,ליטרים,1.98,ליטר,false,0,32.90,16.61,true,1,
7290001598122,false,לחם מיוחד שיפון מלא 550ג,מאפית יוסף בראון,IL,לחם מיוחד שיפון,גרמים,550.00,100 גרם,false,1,15.90,2.89,true,1,
7290001598191,false,לחם קל מקמח שיפון מלא550,מאפיית יוסף ברון בעמ,IL,לחם קל שיפון מלא,גרמים,550.00,100 גרם,false,1,15.90,2.89,true,1,
7290001598269,false,לחם 7 דגנים קל 550 גרם,מאפית יוסף בראון,IL,לחם 7 דגנים,גרמים,550.00,100 גרם,false,1,15.90,2.89,true,1,
7290001780428,false,גלידיאט שוקו+ 6יח',גלידות נסטלה )נגה גלידות,IL,מארז גלידיאט,גרמים,360.00,100 גרם,false,0,25.90,7.19,true,1,
7290001791356,false,פרש אוטומטי בלו אייר250,סנו מפעלי ברונוס בעמ,IL,סנופרש אוטומטי,מיליליטרים,250.00,"100 מ""ל",false,0,14.90,5.96,true,1,
7290001791363,false,סנופרש אוטומטי וניל 250מ,סנו מפעלי ברונוס בעמ,IL,סנופרש אוטומטי,מיליליטרים,250.00,"100 מ""ל",false,0,14.90,5.96,true,1,
7290001791776,false,סנו די רול און אלוורה50מ,קוסמופארם,IL,סנו די רול און,מיליליטרים,50.00,"100 מ""ל",false,0,19.90,39.80,true,1,
7290001813454,false,חיוכים סנדויץ שוקולד900ג,"אפיפית נצרת (1971) בע""\מ",IL,חיוכים שוקו,גרמים,900.00,100 גרם,false,0,21.90,2.43,true,1,
7290001813478,false,חיוכים סנדויץ וניל900ג,"אפיפית נצרת (1971) בע""\מ",IL,חיוכים בטעם וניל,גרמים,900.00,100 גרם,false,0,21.90,2.43,true,1,
7290001817377,false,ציטוס איקס עיגול פיצה60ג,"שטראוס פריטו ליי בע""\מ )",IL,צ'יטוס איקס,גרמים,60.00,100 גרם,false,0,3.50,5.83,true,1,
7290001817728,false,צ'יטוס כאפה 55 גרם,"שטראוס פריטו ליי בע""\מ )",IL,צ'יטוס כפאה,גרמים,55.00,100 גרם,false,0,3.50,6.36,true,1,
7290001820094,false,אבקה לתיבול טשולנט,מתבל תעשיות מזון,IL,אבקת תיבול,גרמים,300.00,100 גרם,false,0,14.90,4.97,true,1,
7290001820254,false,מרק בטעם עוף צנצנת 350גר,מתבל תעשיות מזון,IL,מרק בטעם עוף,גרמים,350.00,100 גרם,false,0,11.90,3.40,true,1,
7290001820261,false,אבקת מרק פטריות צנצנת400,מתבל תעשיות מזון,IL,מרק פטריות,גרמים,400.00,100 גרם,false,0,15.90,3.98,true,1,
7290001820278,false,אבקת מרק בצל טבעי 400 ג',מתבל תעשיות מזון,IL,אבקת מרק בצל,גרמים,400.00,100 גרם,false,0,15.90,3.98,true,1,
7290001820285,false,אבקת מרק ירקות טבעי 400ג,מתבל תעשיות מזון,IL,אבקת מרק ירקות,גרמים,400.00,100 גרם,false,0,15.90,3.98,true,1,
7290001820605,false,רוטב פיטריות 300 גרם,מתבל,IL,רוטב פיטריות300ג,גרמים,300.00,100 גרם,false,1,15.90,5.30,true,1,
7290001865439,false,סבון פמלי לבן +משאבה 1ל',אינטרקוסמא,IL,סבון נוזלי פמלי,ליטרים,1.00,ליטר,false,0,12.90,12.90,true,1,
7290001865453,false,סבון פמלי סגול+משאבה 1ל',אינטרקוסמא,TR,סבון נוזלי פמלי,ליטרים,1.00,ליטר,false,0,12.90,12.90,true,1,
7290001901724,false,רולדה ווייטפיש דלישס,,IL,ווייטפיש דלישס,גרמים,500.00,100 גרם,false,1,24.90,4.98,true,1,
7290001902301,false,חלה מתוקה קלועה 450 גרם,גידרון,IL,חלה מתוקה קלוע,יחידה,1.00,יחידה,false,0,10.90,10.90,true,1,
7290001989746,false,מקרל מעושן שלם משקל,סלטי שמיר,IL,מקרל מעושן,קילוגרמים,0.00,"ק""ג",true,1,99.00,99.00,true,1,
7290001990094,false,"סוכר חום בצנצנת 1 ק""ג","סוגת תעשיות בע""\מ",IL,סוכר חום קלאסי,קילוגרמים,1.00,"ק""ג",false,0,14.90,14.90,true,1,
7290001990148,false,"סוכר גולדן קלאסי 1 ק""ג","סוגת תעשיות בע""\מ",IL,סוכר גולדן,קילוגרמים,1.00,"ק""ג",false,0,10.90,10.90,true,1,
7290002003168,false,"קרם ידיים  פנג'ל 80*3מ""ל",אינטרקוסמא,IL,קרם יד.פנג'ל 3יח,מיליליטרים,240.00,"100 מ""ל",false,0,14.90,6.21,true,1,
7290002014201,false,חומוס מיקי 200 גרם,"סלטי שמיר 2006 בע""\מ",IL,חומוס 200 גרם,גרמים,200.00,100 גרם,false,0,8.90,4.45,true,1,
7290002014218,false,טחינה מיקי 200 גרם,"סלטי שמיר 2006 בע""\מ",IL,טחינה 200 גרם,גרמים,200.00,100 גרם,false,0,8.90,4.45,true,1,
7290002014225,false,חצילים במיונז מיקי 200 ג,"סלטי שמיר 2006 בע""\מ",IL,סלט חצילים במי,גרמים,200.00,100 גרם,false,0,8.90,4.45,true,1,
7290002014232,false,סלט טורקי 200 גרם,סלטי שמיר,IL,סלט טורקי 200,גרמים,200.00,100 גרם,false,0,8.90,4.45,true,1,
7290002014751,false,כרוב אדום מיקי 200 גרם,"סלטי שמיר 2006 בע""\מ",IL,סלט כרוב אדום,גרמים,200.00,100 גרם,false,0,8.90,4.45,true,1,
7290002014799,false,מטבוחה מיקי 200 גרם,"סלטי שמיר 2006 בע""\מ",IL,סלט מטבוחה 200,גרמים,200.00,100 גרם,false,0,8.90,4.45,true,1,
7290002015093,false,מלפפ.בחומץ 13-17 560 גרם,בני דרום,IL,מלפפונים בחומץ,גרמים,560.00,100 גרם,false,0,9.90,1.77,true,1,
7290002015116,false,מלפפון בחומץ 7-9 560 גרם,בני דרום,IL,מלפפונים בחומץ,גרמים,560.00,100 גרם,false,0,6.90,1.23,true,1,
7290002015147,false,מלפפון 18-25 בחומץ 560גר,בני דרום,IL,מלפפונים בחומץ,גרמים,560.00,100 גרם,false,0,11.90,2.13,true,1,
7290002015154,false,מלפפ.במלח גדול 7-9 560גר,בני דרום,IL,מלפפונים במלח,גרמים,560.00,100 גרם,false,0,6.90,1.23,true,1,
7290002015192,false,מלפפ.במלח 18-25 560 גרם,בני דרום,IL,מלפפון במלח,גרמים,560.00,100 גרם,false,0,11.90,2.13,true,1,
7290002015208,false,מלפפון במלח 13-17 560גרם,בני דרום,IL,מלפפון במלח,גרמים,560.00,100 גרם,false,0,9.90,1.77,true,1,
7290002015666,false,פלפל חריף שיפקה 540 גרם,בני דרום,IL,פלפל חריף שיפקה,גרמים,540.00,100 גרם,false,0,6.90,1.28,true,1,
7290002019787,false,רוטב עגבניות מרוכז260גר,פרי ניר,IL,רוטב עגבניות,גרמים,260.00,100 גרם,false,0,3.90,1.50,true,1,
7290002019794,false,רסק עגבניות מרוכז100גר,פרי ניר,IL,רוטב עגבניות,גרמים,100.00,100 גרם,false,0,1.90,1.90,true,1,
7290002020837,false,לחמניות מיני חלה,גידרון,IL,לחמניות מיני חל,יחידה,1.00,יחידה,false,0,3.90,3.90,true,1,
7290002026358,false,ציפס בטטה זיג זג 500 גרם,מוצרי איכות אמריקאיים,CA,ציפס בטטה זיג זג,גרמים,500.00,100 גרם,false,1,19.90,3.98,true,1,
7290002026365,false,טבעות בצל 500 גרם,פספרוסט,BE,טבעות בצל,גרמים,500.00,100 גרם,false,20,9.90,1.98,true,1,
7290002026402,false,בלינצ'ס גבינה קפוא 350גר,מוצרי איכות אמריקאיים בע,IL,בלינצ'ס גבינה,גרמים,350.00,100 גרם,false,0,13.90,3.97,true,1,
7290002026440,false,פרצלס קפוא 280 גרם,מוצרי איכות אמריקאיים בע,IL,פרצלס קפוא 280גר,גרמים,280.00,100 גרם,false,0,12.90,4.61,true,1,
7290002040019,false,קוסקוס רגיל 350 גרם,קוסקוס מזון,IL,קוסקוס רגיל,גרמים,350.00,100 גרם,false,0,4.90,1.40,true,1,
7290002040064,false,קוסקוס דק 350 גרם,קוסקוס מזון,IL,קוסקוס דק,גרמים,350.00,100 גרם,false,0,4.90,1.40,true,1,
7290002040071,false,קוסקוס עבה 350 גרם,קוסקוס מזון,IL,קוסקוס עבה,גרמים,350.00,100 גרם,false,0,4.90,1.40,true,1,
7290002040088,false,קוסקוס מלא 350 גרם,קוסקוס מזון,IL,קוסקוס מלא,גרמים,350.00,100 גרם,false,0,5.90,1.69,true,1,
7290002057260,false,זית מנזנילו גדול 540 גר,קבוצת יבנה,IL,זית מנזנילו גדול,גרמים,540.00,100 גרם,false,1,7.90,1.46,true,1,
7290002057291,false,פלפל חריף שיפקה 540 גרם,קבוצת יבנה,IL,פלפל חריף שיפקה,גרמים,540.00,100 גרם,false,1,4.90,0.91,true,1,
7290002079033,false,לחם דגנים לייט 500 גרם,מאפיית דוידוביץ ובניו בע,IL,לחם דגנים לייט,גרמים,500.00,100 גרם,false,0,9.90,1.98,true,1,
7290002079477,false,לחם אחיד פרוס 750 גרם,מאפיית דוידוביץ ובניו בע,IL,לחם אחיד פרוס,גרמים,750.00,100 גרם,false,0,5.90,0.79,true,1,
7290002079927,false,לחם דגנים מלא 750 גרם,מאפיית דוידוביץ,IL,לחם דגנים מלא,גרמים,750.00,100 גרם,false,0,9.90,1.32,true,1,
7290002109402,false,גבינה מותכת 120ג,,IL,גבינה מותכת 120ג,גרמים,120.00,100 גרם,false,0,12.90,10.75,true,1,
7290002109419,false,גבינה מותכת 120ג,,IL,גבינה מותכת 120ג,גרמים,120.00,100 גרם,false,0,12.90,10.75,true,1,
7290002109426,false,גבינה מותכת 120ג,,IL,גבינה מותכת 120ג,גרמים,120.00,100 גרם,false,0,12.90,10.75,true,1,
7290002109433,false,גבינה מותכת 120ג,,IL,גבינה מותכת 120ג,גרמים,120.00,100 גרם,false,0,12.90,10.75,true,1,
7290002129431,false,שניצלוני דג מצופים 600 ג,דלידג בעמ,IL,שניצלוני דג,גרמים,600.00,100 גרם,false,1,22.90,3.82,true,1,
7290002130574,false,דבש מפרחי בר יד מרדכי500,מכוורת יד מרדכי שטראוס ב,IL,דבש מפרחי בר,גרמים,500.00,100 גרם,false,0,24.90,4.98,true,1,
7290002130581,false,דבש בצנצנת יד מרדכי 1ק,מכוורת יד מרדכי שטראוס ב,IL,דבש טהור,קילוגרמים,1.00,"ק""ג",false,0,44.90,44.90,true,1,
7290002132011,false,עוגיות מזרחיות שומשום400,מאפיית יוסף ושמחה עבאדי,IL,עוגיות מזרחיות,גרמים,400.00,100 גרם,false,0,16.90,4.23,true,1,
7290002153153,false,"מצות חמץ 1 ק""ג",מצות ראשון לציון,IL,"מצות חמץ 1 ק""ג",קילוגרמים,1.00,"ק""ג",false,0,17.90,17.90,true,1,
7290002157694,false,כבד עוף צלוי עטרה 200גרם,נטו,IL,כבד עוף צלוי200ג,גרמים,200.00,100 גרם,false,1,24.90,12.45,true,1,
7290002190516,false,ממרח ריבת חלב קומידה500ג,אשבל מזון פונקציונלי בע\,IL,ממרח ריבת חלב,גרמים,500.00,100 גרם,false,0,14.90,2.98,true,1,
7290002210009,false,חלבה וניל בלוק 500 גרם,עדן,IL,חלבה וניל בלוק,גרמים,500.00,100 גרם,false,1,9.90,1.98,true,1,
7290002210115,false,חלבה עם שקד ואגוז 500 גר,עדן,IL,חלבה שקד ואגוז,גרמים,500.00,100 גרם,false,1,11.90,2.38,true,1,
7290002210412,false,חלבה וניל 100 גרם,עדן,IL,חלבה וניל,גרמים,100.00,100 גרם,false,1,2.90,2.90,true,1,
7290002210429,false,חלבה מצופה 80 גרם,עדן,IL,חלבה מצופה,גרמים,80.00,100 גרם,false,1,2.90,3.63,true,1,
7290002278528,false,כרית כלים לשבת,,IL,כרית כלים לשבת,יחידה,1.00,יחידה,false,0,6.90,6.90,true,1,
7290002279211,false,חלה מתוקה 500,,IL,חלה מתוקה 500,גרמים,500.00,100 גרם,false,0,6.90,1.38,true,1,
7290002285069,false,קבב חריף אש עטרה 500 גרם,טיבון ויל אחזקות בעמ,IL,קבב חריף אש,גרמים,500.00,100 גרם,false,0,17.90,3.58,true,1,
7290002285816,false,שניצל פרימ' טרי אר' עטרה,נטו,IL,שניצל פרימיום טר,קילוגרמים,0.00,"ק""ג",true,1,42.90,42.90,true,1,
7290002317678,false,זיתים ירוק נטול גלעין560,שימורי מוטולה בעמ,IL,זיתים נטול גלעין,גרמים,560.00,100 גרם,false,1,9.90,1.77,true,1,
7290002317746,false,זיתים שחורים גדול גרם560,שימורי מוטולה בעמ,IL,זיתים שחורים,גרמים,560.00,100 גרם,false,1,9.90,1.77,true,1,
7290002317814,false,חצילים מוחמצים צנצנת700ג,שימורי מוטולה בעמ,IL,חצילים מוחמצים,גרמים,700.00,100 גרם,false,1,9.90,1.41,true,1,
7290002319054,false,פרג טחון 100 גרם,מיה תעשיות מזון מ.ת.מ. ב,IL,פרג טחון,גרמים,100.00,100 גרם,false,0,5.80,5.80,true,1,
7290002319115,false,חומוס גדול 500 גר,מיה תעשיות מזון מ.ת.מ. ב,IL,גרעיני חומוס,גרמים,500.00,100 גרם,false,0,7.90,1.58,true,1,
7290002319139,false,שעועית לבנה 500גר,מיה תעשיות מזון מ.ת.מ. ב,IL,שעועית לבנה,גרמים,500.00,100 גרם,false,0,7.90,1.58,true,1,
7290002319146,false,שעועית אדומה 500 גרם,מיה תעשיות מזון מ.ת.מ. ב,IL,שעועית אדומה,גרמים,500.00,100 גרם,false,0,8.90,1.78,true,1,
7290002319160,false,אפונה ירוקה 500 גרם,מיה תעשיות מזון מ.ת.מ. ב,IL,אפונה ירוקה,גרמים,500.00,100 גרם,false,0,4.90,0.98,true,1,
7290002319177,false,פופקורן 500 גרם,מיה תעשיות מזון מ.ת.מ. ב,IL,גרעיני פופקורן,גרמים,500.00,100 גרם,false,0,4.90,0.98,true,1,
7290002319184,false,עדשים אדומים 500 גרם,מיה תעשיות מזון מ.ת.מ. ב,IL,עדשים אדומים,גרמים,500.00,100 גרם,false,0,6.90,1.38,true,1,
7290002319191,false,עדשים ירוקים 500ג,מיה תעשיות מזון מ.ת.מ. ב,IL,עדשים ירוקים,גרמים,500.00,100 גרם,false,0,6.90,1.38,true,1,
7290002319214,false,קווקר 200 גרם,מיה תעשיות מזון מ.ת.מ. ב,IL,קווקר,גרמים,200.00,100 גרם,false,0,2.80,1.40,true,1,
7290002319337,false,תמרים שקית 200גרם,מיה תעשיות מזון מ.ת.מ. ב,IL,תמרים שקית,גרמים,200.00,100 גרם,false,0,6.90,3.45,true,1,
7290002319405,false,קינמון 80 גרם,מיה תעשיות מזון מ.ת.מ. ב,IL,קינמון,גרמים,80.00,100 גרם,false,0,6.90,8.63,true,1,
7290002319412,false,פפריקה חריפה 80 גרם,מיה תעשיות מזון מ.ת.מ. ב,IL,פפריקה חריפה,גרמים,80.00,100 גרם,false,0,6.90,8.63,true,1,
7290002319429,false,פפריקה מתוקה 80 גרם,מיה תעשיות מזון מ.ת.מ. ב,IL,פפריקה מתוקה,גרמים,80.00,100 גרם,false,0,6.90,8.63,true,1,
7290002319436,false,פלפל שחור טחון 70 גרם,מיה תעשיות מזון מ.ת.מ. ב,IL,פלפל שחור,גרמים,70.00,100 גרם,false,0,9.90,14.14,true,1,
7290002319443,false,כמון 80 גרם,מיה תעשיות מזון מ.ת.מ. ב,IL,כמון,גרמים,80.00,100 גרם,false,0,6.90,8.63,true,1,
7290002319450,false,כרכום 80 גרם,מיה תעשיות מזון מ.ת.מ. ב,IL,כרכום,גרמים,80.00,100 גרם,false,0,6.90,8.63,true,1,
7290002319467,false,אורגנו 35 גרם,מיה תעשיות מזון מ.ת.מ. ב,IL,אורגנו,גרמים,35.00,100 גרם,false,0,6.90,19.71,true,1,
7290002319474,false,אבקת שום 80 גרם,מיה תעשיות מזון מ.ת.מ. ב,IL,אבקת שום,גרמים,80.00,100 גרם,false,0,7.90,9.88,true,1,
7290002319597,false,כוסברה 80 גרם,מיה תעשיות מזון מ.ת.מ. ב,IL,כוסברה 80 גרם,גרמים,80.00,100 גרם,false,0,6.90,8.63,true,1,
7290002319641,false,גריל עוף 80 גרם,מיה תעשיות מזון מ.ת.מ. ב,IL,גריל עוף,גרמים,80.00,100 גרם,false,0,6.90,8.63,true,1,
7290002319658,false,תבלין לסטייק הר נוף 80ג,מיה תעשיות מזון מ.ת.מ. ב,IL,תבלין לסטייק,גרמים,80.00,100 גרם,false,0,6.90,8.63,true,1,
7290002319689,false,סודה לשתיה 150 גרם,מיה תעשיות מזון מ.ת.מ. ב,IL,סודה לשתיה,גרמים,150.00,100 גרם,false,0,6.90,4.60,true,1,
7290002319696,false,פלפל לבן 70 גרם,מיה תעשיות מזון מ.ת.מ. ב,IL,פלפל לבן,גרמים,70.00,100 גרם,false,0,9.90,14.14,true,1,
7290002319740,false,אגוז מלך טחון 100גרם מיה,מיה תעשיות מזון מ.ת.מ. ב,IL,אגוז מלך טחון,גרמים,100.00,100 גרם,false,0,10.90,10.90,true,1,
7290002319771,false,"תמצית אפיה וניל 55 מ""ל",מיה תעשיות מזון מ.ת.מ. ב,IL,תמצית אפיה וניל,מיליליטרים,55.00,"100 מ""ל",false,0,2.90,5.27,true,1,
7290002319788,false,"תמצית אפיה רום 55 מ""ל",מיה תעשיות מזון מ.ת.מ. ב,IL,תמצית אפיה רום,מיליליטרים,50.00,"100 מ""ל",false,0,2.90,5.80,true,1,
7290002319795,false,תמצית אפיה בטעם שקדים55ג,מיה,IL,תמצית אפיה שקדים,מיליליטרים,55.00,"100 מ""ל",false,0,4.90,8.91,true,1,
7290002319801,false,שבבי בצל 50 גרם,מיה תעשיות מזון מ.ת.מ. ב,IL,שבבי בצל,גרמים,50.00,100 גרם,false,0,6.90,13.80,true,1,
7290002319825,false,אבקת סוכר 100 גרם,מיה תעשיות מזון מ.ת.מ. ב,IL,אבקת סוכר,גרמים,100.00,100 גרם,false,0,1.90,1.90,true,1,
7290002319900,false,אגוזי לוז בקליפה 400גרם,מיה,IL,אגוזילוז בקליפה,גרמים,400.00,100 גרם,false,0,12.90,3.23,true,1,
7290002331360,false,נביעות פקק טו גו 500*6מל,נביעות טבע,IL,נביעות ספורט 6יח,ליטרים,3.00,ליטר,false,0,16.90,5.63,true,1,
7290002374640,false,שמן קנולה פלוס אומגה3 1ל,סקנולה,EE,שמן קנולה פלוס,ליטרים,1.00,ליטר,false,0,16.90,16.90,true,1,
7290002381808,false,נר נשמה שלהבת,,IL,נר נשמה שלהבת,יחידה,1.00,יחידה,false,1,1.90,1.90,true,1,
7290002386834,false,נקניקיות עוף קהילות 400,מעדני הטלה והעגל,IL,נקניקיות עוף,גרמים,400.00,100 גרם,false,0,13.20,3.30,true,1,
7290002404576,false,יין מוריה לייט,,IL,יין מוריה לייט,מיליליטרים,750.00,"100 מ""ל",false,0,15.90,2.12,true,1,
7290002404583,false,"יין קברנה בראשית 750 מ""ל",יקבי ארזה,IL,יין קברנה בראשית,מיליליטרים,750.00,"100 מ""ל",false,1,32.90,4.39,true,1,
7290002404620,false,"מרלו וירטאוזו 750מ""ל",יקבי ארזה,IL,מרלו וירטאוזו750,מיליליטרים,750.00,"100 מ""ל",false,1,42.90,5.72,true,1,
7290002404637,false,"שיראז וירטאוזו 750מ""ל",יקבי ארזה,IL,שיראז וירטאוזו 7,מיליליטרים,750.00,"100 מ""ל",false,1,42.90,5.72,true,1,
7290002404958,false,יין גינוסר,,IL,יין גינוסר,ליטרים,1.00,ליטר,false,0,14.90,14.90,true,1,
7290002404965,false,יין מוריה ישן נושן 750מל,יקבי ארזה,IL,יין מוריה,מיליליטרים,750.00,"100 מ""ל",false,0,15.90,2.12,true,1,
7290002475033,false,פרוסות קרפיון 390 גרם,דג טעים,IL,פרוסות קרפיון,גרמים,390.00,100 גרם,false,0,19.90,5.10,true,1,
7290002475101,false,גפילטע פיש ללא סוכר 510ג,דג טעים,IL,גפילטע פיש,גרמים,510.00,100 גרם,false,0,16.90,3.31,true,1,
7290002505013,false,כרעיים עוף קהילות מחיר ל,שונות,IL,כרעיים עוף,קילוגרמים,0.00,"ק""ג",true,0,36.90,36.90,true,1,
7290002505020,false,שוקיים עוף קהילות מחיר ל,שונות,IL,שוקיים עוף,קילוגרמים,0.00,"ק""ג",true,0,39.90,39.90,true,1,
7290002505037,false,ירכיים עוף,,IL,ירכיים עוף,קילוגרמים,0.00,"ק""ג",true,0,35.90,35.90,true,1,
7290002505044,false,חזה עוף קהילות מחיר לפי,שונות,IL,חזה עוף,קילוגרמים,0.00,"ק""ג",true,0,36.90,36.90,true,1,
7290002505051,false,כנפיים עוף קהילות קפוא מ,שונות,IL,כנפיים עוף,קילוגרמים,0.00,"ק""ג",true,0,16.90,16.90,true,1,
7290002505068,false,שניצל עוף,,,שניצל עוף,קילוגרמים,0.00,"ק""ג",true,0,38.90,38.90,true,1,
7290002505105,false,עוף טרי ארוז קהילות משקל,נטו,IL,עוף טרי קהילות,קילוגרמים,0.00,"ק""ג",true,0,24.90,24.90,true,1,
7290002505112,false,שוקיים עוף ארוז קהילות,שונות,IL,שוקיים ע.טרי קהי,קילוגרמים,0.00,"ק""ג",true,0,39.90,39.90,true,1,
7290002505433,false,כבד עוף צלוי קהילות טרי,שונות,IL,כבד עוף צלוי טרי,גרמים,200.00,100 גרם,false,0,29.90,14.95,true,1,
7290002505464,false,כרעיים עוף ארוז קהילות,שונות,IL,כרעיים ע.טרי קהי,קילוגרמים,0.00,"ק""ג",true,0,37.90,37.90,true,1,
7290002505488,false,עוף מחולק קהילות מחיר לפ,הוד חפר,IL,עוף מחולק,קילוגרמים,0.00,"ק""ג",true,0,26.90,26.90,true,1,
7290002505921,false,שווארמה ה.טרי קהילות ארו,שונות,IL,שווארמה הודו,קילוגרמים,0.00,"ק""ג",true,0,69.90,69.90,true,1,
7290002507451,false,קציצות דג סלמון לבשול 75,דלידג בעמ,IL,קציצות דג סלמון,גרמים,750.00,100 גרם,false,1,29.90,3.99,true,1,
7290002538110,false,קרמבו-ימבו 32 יח,גלידות קולרדו,IL,קרמבו-ימבו 32 יח,גרמים,800.00,100 גרם,false,1,29.90,3.74,true,1,
7290002538158,false,ימבו גלידה חמה,גלידות קולרדו,IL,ימבו גלידה חמה,גרמים,225.00,100 גרם,false,1,17.90,7.96,true,1,
7290002538899,false,קרמבו קרמבולי 12 יחידות,גלידות קולרדו,IL,קרמבולי 12 יח,גרמים,300.00,100 גרם,false,0,8.90,2.97,true,1,
7290002543237,false,קלוג'ס קורנפלקס 750 גרם,קלוגס קומפני אוף גרייט ב,GB,קורנפלקס קלוגס,גרמים,750.00,100 גרם,false,0,15.90,2.12,true,1,
7290002581352,false,דגן קרקר עם חיטה מלא250ג,הדר,IL,קרקר דגן הדר,גרמים,250.00,100 גרם,false,0,7.90,3.16,true,1,
7290002651116,false,ג'חנון חמסי 5יח 1קג,מאפיית אריאל,IL,ג'חנון חמסי,גרמים,1000.00,100 גרם,false,0,15.90,1.59,true,1,
7290002651123,false,מלווח חמסי 5יח 1קג,מאפיית אריאל,IL,מלווח חמסי,גרמים,1000.00,100 גרם,false,0,15.90,1.59,true,1,
7290002661115,false,"לחם הולנדי 1 ק""ג",מאפית ודש,IL,לחם הולנדי,קילוגרמים,1.00,"ק""ג",false,0,15.90,15.90,true,1,
7290002661924,false,לחמניות מזונות ברמן 540ג,מיוצר במאפית ודש מקבוצת,IL,לחמניות מזונות,גרמים,540.00,100 גרם,false,1,11.90,2.20,true,1,
7290002674238,false,"מ.אקווה פרש מנטול125מ""ל",MICLEN DE,SK,משחת אקווה פרש,מיליליטרים,125.00,"100 מ""ל",false,0,8.90,7.12,true,1,
7290002692393,false,שמן קנולה מועשר 1 ליטר,סקנולה,EE,שמן קנולה מועשר,ליטרים,1.00,ליטר,false,0,12.90,12.90,true,1,
7290002692478,false,שמ.זית כתית מעול.מעוד750,שמן תעשיות בעמ,IT,שמן זית,מיליליטרים,750.00,"100 מ""ל",false,0,34.90,4.65,true,1,
7290002715504,false,מג'יק נודלס,,SG,מג'יק נודלס,גרמים,70.00,100 גרם,false,0,4.40,6.29,true,1,
7290002715511,false,מג'יק אטריות,,SG,מג'יק אטריות,גרמים,70.00,100 גרם,false,0,4.40,6.29,true,1,
7290002715580,false,מג'יק נודלס,,SG,מג'יק נודלס,גרמים,70.00,100 גרם,false,0,4.40,6.29,true,1,
7290002716082,false,קוקוס דרומה,,IL,קוקוס דרומה,גרמים,100.00,100 גרם,false,0,2.90,2.90,true,1,
7290002716211,false,פפריקה מתוקה 80 גרם,דרומה,IL,פפריקה מתוקה,גרמים,80.00,100 גרם,false,0,5.90,7.38,true,1,
7290002716273,false,סוכר וניל,,IL,סוכר וניל,גרמים,100.00,100 גרם,false,0,2.40,2.40,true,1,
7290002716280,false,"שביבי תפו""א",,IL,"שביבי תפו""א",גרמים,500.00,100 גרם,false,0,10.90,2.18,true,1,
7290002716372,false,אבקת פלאפל,,IL,אבקת פלאפל,גרמים,250.00,100 גרם,false,0,7.40,2.96,true,1,
7290002716402,false,אגוז מקולף,,IL,אגוז מקולף,גרמים,400.00,100 גרם,false,0,28.90,7.23,true,1,
7290002716419,false,שקד קלוף / טחון,,IL,שקד קלוף / טחון,גרמים,400.00,100 גרם,false,0,15.90,3.98,true,1,
7290002716426,false,קוקוס,,IL,קוקוס,גרמים,400.00,100 גרם,false,0,9.90,2.48,true,1,
7290002716464,false,אב' סוכר לפסח,,IL,אב' סוכר לפסח,גרמים,100.00,100 גרם,false,0,2.80,2.80,true,1,
7290002716600,false,דבש דבורים טהור,,IL,דבש דבורים טהור,גרמים,500.00,100 גרם,false,0,21.90,4.38,true,1,
7290002716662,false,א.מלך בקליפה500ג,,IL,א.מלך בקליפה500ג,גרמים,500.00,100 גרם,false,0,7.90,1.58,true,1,
7290002716679,false,שקד עם קליפה500,,IL,שקד עם קליפה500,גרמים,500.00,100 גרם,false,0,13.90,2.78,true,1,
7290002716693,false,בונדוק בקליפה500,,IL,בונדוק בקליפה500,גרמים,500.00,100 גרם,false,0,12.90,2.58,true,1,
7290002716709,false,פקאן בקליפה,,IL,פקאן בקליפה,גרמים,500.00,100 גרם,false,0,14.90,2.98,true,1,
7290002716853,false,קורנפלור,,IL,קורנפלור,גרמים,500.00,100 גרם,false,0,3.90,0.78,true,1,
7290002716877,false,קקאו,,IL,קקאו,גרמים,500.00,100 גרם,false,0,15.90,3.18,true,1,
7290002716945,false,שוקונית,,IL,שוקונית,קילוגרמים,1.00,"ק""ג",false,0,14.90,14.90,true,1,
7290002730811,false,משחה קולגייט ג'ל 100 גרם,קולגייט פלמוליב,PL,משחת קולגייט ג'ל,מיליליטרים,100.00,"100 מ""ל",false,0,13.90,13.90,true,1,
7290002730958,false,סב.פלמוליב ירוק 90*4 גרם,קולגייט פלמוליב,TR,סבון פלמוליב 4יח,גרמים,360.00,100 גרם,false,0,16.90,4.69,true,1,
7290002739685,false,נקניקיות מרגז 400 גרם,טיבון ויל אחזקות בעמ,IL,נקניקיות מרגז,גרמים,400.00,100 גרם,false,1,19.90,4.98,true,1,
7290002739692,false,נקניקיות צוריסוס 500 גרם,טיבון ויל אחזקות בעמ,IL,נקניקיות צוריסוס,גרמים,500.00,100 גרם,false,1,24.90,4.98,true,1,
7290002739890,false,עצמות עוף טרי קהילות,קהילות,IL,עצמות עוף טרי,קילוגרמים,0.00,"ק""ג",true,1,9.90,9.90,true,1,
7290002752332,false,סוכ.מנטוס טעם פירות37.5ג,מנטוס,NL,סוכריות מנטוס,גרמים,37.00,100 גרם,false,0,2.90,7.84,true,1,
7290002768036,false,"מי פה תיאדנט 150מ""ל",קוסמופארם בעמ,IL,מי פה תיאדנט,מיליליטרים,150.00,"100 מ""ל",false,0,15.90,10.60,true,1,
7290002768043,false,מי פה תיאדנט+פלאוריד150מ,אמיליה קוסמטיקס בע'\'\מ,IL,מי פה תיאדנט,מיליליטרים,150.00,"100 מ""ל",false,0,15.90,10.60,true,1,
7290002768074,false,דרמפון סבון ללא סבון 1 ל,קוסמופארם בע'\'\מ,IL,דרמפון אל סבון,ליטרים,1.00,ליטר,false,0,16.90,16.90,true,1,
7290002771104,false,קפה אל נח'לה עם הל 500גר,קפה אל נח'לה,IL,קפה עם הל,גרמים,500.00,100 גרם,false,0,29.90,5.98,true,1,
7290002771111,false,קפה אל נח'לה עם הל250גרם,קפה אל נח'לה,IL,קפה עם הל,גרמים,250.00,100 גרם,false,0,14.90,5.96,true,1,
7290002771128,false,קפה אל נח'לה בלי הל 250ג,קפה אל נח'לה,IL,קפה בלי הל,גרמים,250.00,100 גרם,false,0,15.90,6.36,true,1,
7290002814054,false,אנטרטיק מרסס 1 ליטר,קומפלקס כימיקלים בעמ,IL,אנטרטיק מרסס,ליטרים,1.00,ליטר,false,1,9.90,9.90,true,1,
7290002814078,false,אנטרטיק לניקוי אמבטיה1ל,קומפלקס כימיקלים,IL,אנטרטיק לאמבט,ליטרים,1.00,ליטר,false,0,8.90,8.90,true,1,
7290002814160,false,מסיר שומנים סנט מוריץ 1ל,קומפלקס כימיקלים בעמ,IL,מסיר שומנים,ליטרים,1.00,ליטר,false,1,18.90,18.90,true,1,
7290002814290,false,קצף אקונומיקה בלאנקו 1 ל,קומפלקס כימיקלים בעמ,IL,קצף אקונומיקה,ליטרים,1.00,ליטר,false,1,11.90,11.90,true,1,
7290002814528,false,נוזל לאסלה מס' 1 1 ליטר,קומפלקס כימיקלים בעמ,IL,נוזל לאסלה מס' 1,ליטרים,1.00,ליטר,false,0,6.90,6.90,true,1,
7290002814610,false,מסיר שומנים לימון1ליטר,קומפלקס כימיקלים בעמ,IL,מסיר שומנים,ליטרים,1.00,ליטר,false,0,11.90,11.90,true,1,
7290002814870,false,מסיר שומנים קר מבושם 750,קומפלקס כימיקלים בעמ,IL,מסיר שומנים קר,מיליליטרים,750.00,"100 מ""ל",false,1,15.90,2.12,true,1,
7290002824183,false,גב.סקי משפחתי5%שומן500ג,"שטראוס בריאות בע""\מ",IL,גבינת סקי 5%,גרמים,500.00,100 גרם,false,0,8.90,1.78,true,1,
7290002824466,false,יוגורט ביו 0% דנונה 200ג,"שטראוס בריאות בע""\מ",IL,יוגורט ביו 0%,גרמים,200.00,100 גרם,false,0,3.50,1.75,true,1,
7290002824640,false,גב.סקי5%לבנה מעודנת250ג,"שטראוס בריאות בע""\מ",IL,גבינת סקי 5%,גרמים,250.00,100 גרם,false,0,4.50,1.80,true,1,
7290002825722,false,כרוב אדום אחלה 500 גרם,"שטראוס גרופ בע""\מ",IL,סלט כרוב אחלה,גרמים,500.00,100 גרם,false,0,13.90,2.78,true,1,
7290002842002,false,קוואקר אנגלי,,GB,קוואקר אנגלי,גרמים,500.00,100 גרם,false,0,11.90,2.38,true,1,
7290002862000,false,אריסה תוניסאית 250 גרם,הררית מזון בעמ,IL,אריסה תוניסאית,גרמים,250.00,100 גרם,false,0,12.90,5.16,true,1,
7290002862017,false,שום כתוש 250 גרם,הררית מזון בעמ,IL,שום כתוש,גרמים,250.00,100 גרם,false,0,12.90,5.16,true,1,
7290002862031,false,אריסה חריפה 250 גרם,הררית מזון בעמ,IL,אריסה חריפה,גרמים,250.00,100 גרם,false,0,12.90,5.16,true,1,
7290002862055,false,לימון כבוש,,IL,לימון כבוש,גרמים,250.00,100 גרם,false,0,12.90,5.16,true,1,
7290002862093,false,חזרת 250 גרם,הררית מזון בעמ,IL,חזרת,גרמים,250.00,100 גרם,false,0,12.90,5.16,true,1,
7290002862123,false,סחוג ירוק 150 גרם,הררית מזון בעמ,IL,סחוג ירוק,גרמים,150.00,100 גרם,false,0,9.90,6.60,true,1,
7290002862277,false,לימון כבוש 200 גרם,הררית מזון בעמ,IL,לימון כבוש,גרמים,200.00,100 גרם,false,0,11.90,5.95,true,1,
7290002862338,false,סחוג אדום 150 גרם,הררית מזון בעמ,IL,סחוג אדום,גרמים,150.00,100 גרם,false,0,9.90,6.60,true,1,
7290002862369,false,עמבה בצנצנת,,IL,עמבה בצנצנת,גרמים,250.00,100 גרם,false,0,12.90,5.16,true,1,
7290002862376,false,מעדן עגבניות מיובשות200ג,הררית מזון בעמ,IL,מעדן עגבנ.מיובש,גרמים,200.00,100 גרם,false,1,15.90,7.95,true,1,
7290002871248,false,"טובורג רד בק.חוזר 500מ""ל",מבשלות בירה בינלאומיות ב,IL,בירה טובורג רד,מיליליטרים,500.00,"100 מ""ל",false,0,7.90,1.58,true,1,
7290002871361,false,בירה קרלסברג בק.חוזר500מ,מבשלות בירה בינלאומיות ב,IL,בירה קרלסברג,מיליליטרים,500.00,"100 מ""ל",false,0,7.90,1.58,true,1,
7290002881735,false,לבבות דקל שלם 400 גרם,---,EC,לבבות דקל שלם,גרמים,400.00,100 גרם,false,0,11.90,2.98,true,1,
7290002881742,false,לבבות דקל פרוס 400 גרם,---,EC,לבבות דקל פרוס,גרמים,400.00,100 גרם,false,0,9.90,2.48,true,1,
7290002904694,false,דאו.טיטניום תרסיס 180 מל,אמיליה קוסמטיקס בעמ,IL,דאודורנט טיטניום,מיליליטרים,180.00,"100 מ""ל",false,0,16.90,9.39,true,1,
7290002922797,false,חזה הודו ארוז עטרה,שונות,IL,חזה הודו טרי,קילוגרמים,0.00,"ק""ג",true,0,36.90,36.90,true,1,
7290002922865,false,קבב מובחר טאק טורו 500 ג,טיבון ויל אחזקות בעמ,IL,קבב מובחר,גרמים,500.00,100 גרם,false,0,13.90,2.78,true,1,
7290002925798,false,גם וגם ירוק,,IL,גם וגם ירוק,מיליליטרים,120.00,"100 מ""ל",false,0,14.90,12.42,true,1,
7290002939108,false,חזה עוף טרי ארוז עטרה לק,שונות,IL,חזה עוף טרי עטרה,קילוגרמים,0.00,"ק""ג",true,0,34.90,34.90,true,1,
7290002939177,false,גרון הודו טרי ארוז עטרה,שונות,IL,גרון הודו טרי,קילוגרמים,0.00,"ק""ג",true,0,28.90,28.90,true,1,
7290002939498,false,בשר מס8' שריר עטרה קפוא,עטרה,IL,בשר מס8' שריר,קילוגרמים,0.00,"ק""ג",true,0,53.90,53.90,true,1,
7290002939542,false,לשון בקר קפוא ב.יוסף קג,עטרה,PY,לשון בקר קפוא,קילוגרמים,0.00,"ק""ג",true,0,44.90,44.90,true,1,
7290002970132,false,כף מוכסף פסים 20 יח',WWP,CN,כף מוכסף פסים,יחידה,1.00,יחידה,false,0,4.90,4.90,true,1,
7290002970149,false,סכין מוכסף פסים 20 יח',WWP,CN,סכין מוכסף פסים,יחידה,1.00,יחידה,false,0,4.90,4.90,true,1,
7290002972426,false,קמח חיטה 80% מהגרעין 1 ק,שטיבל בעמ,IL,קמח חיטה,קילוגרמים,1.00,"ק""ג",false,1,7.90,7.90,true,1,
7290002973669,false,"קמח לחם 1 ק""ג","שטיבל בע""\מ",IL,קמח לחם,קילוגרמים,1.00,"ק""ג",false,1,7.90,7.90,true,1,
7290002973676,false,"קמח חלה 1 ק""ג",שטיבל בעמ,IL,קמח חלה,קילוגרמים,1.00,"ק""ג",false,1,7.90,7.90,true,1,
7290002987963,false,"חומוס אחלה 1 ק""ג","שטראוס גרופ בע""\מ",IL,"חומוס אחלה 1 ק""ג",קילוגרמים,1.00,"ק""ג",false,0,13.90,13.90,true,1,
7290003009640,false,מיץ תפוזים סחוט 1 ליטר,גת,IL,מיץ תפוזים סחוט,ליטרים,1.00,ליטר,false,0,15.70,15.70,true,1,
7290003013005,false,פתיליות,,IL,פתיליות,יחידה,1.00,יחידה,false,0,3.90,3.90,true,1,
7290003013128,false,פתיל צף גדול מתו,,IL,פתיל צף גדול מתו,יחידה,1.00,יחידה,false,0,4.90,4.90,true,1,
7290003015627,false,סנו ריצפז פרש אפרסק2ליטר,סנו,IL,ריצפז פרש,ליטרים,2.00,ליטר,false,0,16.90,8.45,true,1,
7290003023196,false,בננה שקית יטבתה החזר225מ,יטבתה,IL,מוקה בשקית יטבתה,מיליליטרים,225.00,"100 מ""ל",false,0,2.30,1.02,true,1,
7290003026036,false,אל סבון סנסיטיב קמיל 1 ל,פישר מעבדות פרמצבטיות בע,IL,אל סבון קמיל בלו,ליטרים,1.00,ליטר,false,0,24.90,24.90,true,1,
7290003026319,false,משחה לתינוק קמיל בלו120ג,פישר מעבדות פרמצבטיות בע,IL,משחת החתלה סנסטי,גרמים,120.00,100 גרם,false,0,14.90,12.41,true,1,
7290003029181,false,שוקו יטבתה בבקבוק 1 ליטר,מחלבת יטבתה,IL,שוקו יטבתה,ליטרים,1.00,ליטר,false,0,11.90,11.90,true,1,
7290003029372,false,משקה חלב בננה בקבוק 1 ל',מחלבת יטבתה,IL,משקה חלב בננה,ליטרים,1.00,ליטר,false,0,11.90,11.90,true,1,
7290003029389,false,משקה בננה יטבתה+פקק 250מ,מחלבת יטבתה,IL,משקה בננה,מיליליטרים,250.00,"100 מ""ל",false,0,5.30,2.12,true,1,
7290003029433,false,שוקו יטבתה+פקק נשלף 250מ,מחלבת יטבתה,IL,שוקו יטבתה,מיליליטרים,250.00,"100 מ""ל",false,0,5.30,2.12,true,1,
7290003029532,false,מוקה יטבתה בקבוק 2% 1ל,מחלבת יטבתה,IL,מוקה יטבתה בקבוק,ליטרים,1.00,ליטר,false,0,11.90,11.90,true,1,
7290003029792,false,שוקו יטבתה מארז 225*8 מל,מחלבת יטבתה,IL,שקיות שוקו 8 יח',ליטרים,1.80,ליטר,false,0,18.90,10.50,true,1,
7290003029815,false,חלב מועשר יטבתה 3%כד 2ל',מחלבת יטבתה,IL,חלב מועשר יטבתה,ליטרים,2.00,ליטר,false,0,14.90,7.45,true,1,
7290003029884,false,"משקה מוקה שקיות 250X6מ""ל",מחלבת יטבתה,IL,משקה מוקה 6X,ליטרים,1.50,ליטר,false,0,15.90,10.60,true,1,
7290003029907,false,אייס קפה יטבתה 2% 1ל,מחלבת יטבתה,IL,אייס קפה יטבתה,ליטרים,1.00,ליטר,false,0,11.90,11.90,true,1,
7290003031702,false,"נקניקיות הודו חלק 1 ק""ג",טיב טירת צבי 2000,IL,נקניקיות הודו,קילוגרמים,1.00,"ק""ג",false,0,24.90,24.90,true,1,
7290003031733,false,פסטרמה על גחלים 400 גרם,טיב טירת צבי 2000,IL,פסטרמה על גחלים,גרמים,400.00,100 גרם,false,0,29.90,7.48,true,1,
7290003031757,false,פסטרמה הודו בפפריקה400גר,טיב טירת צבי 2000,IL,פסטרמה בפפריקה,גרמים,400.00,100 גרם,false,0,29.90,7.48,true,1,
7290003031788,false,פסטרמה הודו+סלמי 800 גרם,טיב טירת צבי 2000,IL,פסטרמה+סלמי מארז,גרמים,800.00,100 גרם,false,0,24.90,3.11,true,1,
7290003031849,false,צמד כפרית ברביקיו ודבש 6,טיב טירת צבי 2000,IL,צמד כפרית,גרמים,600.00,100 גרם,false,1,29.90,4.98,true,1,
7290003072521,false,פסטרמה כתף בקר מעושנת,טיב טירת צבי 2000,IL,כתף בקר מעושנת,גרמים,300.00,100 גרם,false,1,29.90,9.97,true,1,
7290003107247,false,שמרים יבשים אינסטנט33גרם,שטיבל,IL,שמרים יבשים,גרמים,33.00,100 גרם,false,0,5.80,17.58,true,1,
7290003107353,false,משפר אפייה ביתי 30 גרם,שטיבל,IL,משפר אפייה ביתי,גרמים,30.00,100 גרם,false,0,5.90,19.67,true,1,
7290003121083,false,ארוחת נודלס ט.בשר מגיק85,טאט הוי פוד,SG,ארוחת נודלס,גרמים,85.00,100 גרם,false,0,2.90,3.41,true,1,
7290003121106,false,ארוחת נודלס,,SG,ארוחת נודלס,גרמים,85.00,100 גרם,false,0,2.90,3.41,true,1,
7290003203086,false,גרונות הודיות,,IL,גרונות הודיות,קילוגרמים,0.00,"ק""ג",true,0,39.90,39.90,true,1,
7290003220588,false,"רוטב צ'ילי ללת""ס",,TH,"רוטב צ'ילי ללת""ס",מיליליטרים,700.00,"100 מ""ל",false,0,15.80,2.26,true,1,
7290003220717,false,אצות נורי לסושי 22 גרם,ג'י וואן גלובול נאט,KR,אצות נורי לסושי,גרמים,22.00,100 גרם,false,0,9.90,45.00,true,1,
7290003220755,false,"רוטב סויה כהה 640 מ""ל",ליאנג סאנג האנד,TH,רוטב סויה כהה,מיליליטרים,640.00,"100 מ""ל",false,0,11.90,1.86,true,1,
7290003220786,false,מקלות אורז עובי 5 400גרם,אסיאן סופירה פודס,TH,מקלות אורז,גרמים,400.00,100 גרם,false,0,8.90,2.23,true,1,
7290003222568,false,פיתות מהדרין,,IL,פיתות מהדרין,גרמים,600.00,100 גרם,false,0,4.60,0.77,true,1,
7290003222780,false,פיתות כפרי.קמח מלא100*5ג,מאפית מכבים,IL,פיתה כפרית 5 יח,גרמים,500.00,100 גרם,false,0,6.30,1.26,true,1,
7290003268245,false,"חלה ""המיוחדת של עינת""",דגנית עין בר תעשיות מזון,IL,המיוחדת של עינת,גרמים,500.00,100 גרם,false,1,11.90,2.38,true,1,
7290003268252,false,לחם חיטה מלא לילדים750ג,דגנית עין בר תעשיות מזון,IL,לחם חיטה מלא,גרמים,750.00,100 גרם,false,1,13.90,1.85,true,1,
7290003268429,false,לחם ירוק מקמח מלא 750 גר,דגנית עין בר תעשיות מזון,IL,לחם ירוק קמח מלא,גרמים,750.00,100 גרם,false,0,12.90,1.72,true,1,
7290003321155,false,דנונה בר פקאן 183 גרם,"שטראוס בריאות בע""\מ",IL,דנונה בר פקאן,גרמים,183.00,100 גרם,false,0,4.90,2.68,true,1,
7290003331611,false,מפת שולחן ניילון,,IL,מפת שולחן ניילון,יחידה,1.00,יחידה,false,0,16.90,16.90,true,1,
7290003387205,false,דאו.ספיד סטיק לגבר 56 גר,קולגייט פלמוליב,US,דאודורנט סטיק,גרמים,56.00,100 גרם,false,0,18.90,33.75,true,1,
7290003397136,false,בדית תחבושות 18 יחידות,כ.כיפות שיווק וסחר,IL,בדית תחבושות 8,יחידה,1.00,יחידה,false,0,6.90,6.90,true,1,
7290003427154,false,"שמן זית כתית מעולה750מ""ל",זיתא תעשיות שמן זיתt\,IL,שמן זית כתית,מיליליטרים,750.00,"100 מ""ל",false,0,32.90,4.39,true,1,
7290003478002,false,סחוג אדום של רומיה 150ג,הסחוג הביתי של רומיה,IL,סחוג אדום 150גרם,גרמים,150.00,100 גרם,false,1,9.90,6.60,true,1,
7290003478019,false,סחוג ירוק של רומיה 150 ג,הסחוג הביתי של רומיה,IL,סחוג ירוק 150גרם,גרמים,150.00,100 גרם,false,1,9.90,6.60,true,1,
7290003478040,false,עמבה  של רומיה 250 גרם,הסחוג הביתי של רומיה,IL,עמבה 250גר,גרמים,250.00,100 גרם,false,1,9.90,3.96,true,1,
7290003478132,false,פלפל צ'ומה של רומיה 250,הסחוג הביתי של רומיה,IL,פלפל צ'ומה 250גר,גרמים,250.00,100 גרם,false,1,9.90,3.96,true,1,
7290003478149,false,אריסה של רומיה 250גרם,הסחוג הביתי של רומיה,IL,אריסה 250גרם,גרמים,250.00,100 גרם,false,1,9.90,3.96,true,1,
7290003478156,false,השום הכתוש  של רומיה 250,הסחוג הביתי של רומיה,IL,שום כתוש 250גרם,גרמים,250.00,100 גרם,false,1,11.90,4.76,true,1,
7290003514571,false,פריכיות אורז עם מלח 100ג,מנה,IL,פריכיות אורז,גרמים,100.00,100 גרם,false,0,4.90,4.90,true,1,
7290003525461,false,סלט טונה פיקנטי,,IL,סלט טונה פיקנטי,גרמים,160.00,100 גרם,false,0,4.90,3.06,true,1,
7290003593149,false,בשר מס 4 צרכני אשפר חלק,,UY,בשר מס 4,קילוגרמים,0.00,"ק""ג",true,1,39.90,39.90,true,1,
7290003593545,false,ירכיים עוף קפוא,קורניש,IL,ירכיים עוף קפוא,קילוגרמים,0.00,"ק""ג",true,1,32.90,32.90,true,1,
7290003593552,false,כרעיים עוף קפוא,קורניש,IL,כרעיים עוף קפוא,קילוגרמים,0.00,"ק""ג",true,1,34.90,34.90,true,1,
7290003593569,false,כבד עוף קפוא,קורניש,IL,כבד עוף קפוא,קילוגרמים,0.00,"ק""ג",true,1,29.90,29.90,true,1,
7290003593576,false,כנפיים עוף קפוא,קורניש,IL,כנפיים עוף קפוא,קילוגרמים,0.00,"ק""ג",true,1,14.90,14.90,true,1,
7290003593620,false,עוף קפוא מס' 2 אשפר,קורניש,IL,עוף קפוא מס' 2,קילוגרמים,0.00,"ק""ג",true,1,23.90,23.90,true,1,
7290003593668,false,שניצל עוף קפוא,קורניש,IL,שניצל עוף קפוא,קילוגרמים,0.00,"ק""ג",true,1,39.90,39.90,true,1,
7290003593842,false,חזה עוף קפוא,קורניש,IL,חזה עוף קפוא,קילוגרמים,0.00,"ק""ג",true,1,34.90,34.90,true,1,
7290003643004,false,אורז בסמטי קלאסי בשקית1ק,"סוגת תעשיות בע""\מ",IL,אורז בסמטי קלאסי,קילוגרמים,1.00,"ק""ג",false,0,13.90,13.90,true,1,
7290003643325,false,קוסקוס בינוני,"אסיף תעשיות מזון בע""\מ",IL,קוסקוס בינוני,גרמים,350.00,100 גרם,false,0,4.90,1.40,true,1,
7290003643646,false,"סוכר דמררה צנצנת 1 ק""ג","סוגת תעשיות בע""\מ",IL,סוכר דמררה,קילוגרמים,1.00,"ק""ג",false,0,9.90,9.90,true,1,
7290003643745,false,כוסמת 500 גרם,"סוגת תעשיות בע""\מ",IL,כוסמת,גרמים,500.00,100 גרם,false,0,7.90,1.58,true,1,
7290003681006,false,צימוקים לבנים 200גרם,מיה תעשיות מזון מ.ת.מ. ב,IL,צימוק לבן 200ג,גרמים,200.00,100 גרם,false,0,8.90,4.45,true,1,
7290003681174,false,צמוקים שחורים200גרם-שקית,מיה תעשיות מזון מ.ת.מ. ב,IL,צמוקים שחורים,גרמים,200.00,100 גרם,false,0,8.90,4.45,true,1,
7290003681211,false,'צנובר 80 גר',מיה תעשיות מזון מ.ת.מ. ב,IL,צנובר,גרמים,80.00,100 גרם,false,0,19.90,24.88,true,1,
7290003681228,false,עלי דפנה 10 גרם,מיה תעשיות מזון מ.ת.מ. ב,IL,עלי דפנה,גרמים,10.00,100 גרם,false,0,6.90,69.00,true,1,
7290003681235,false,פלפל אנגלי 50 גרם,מיה תעשיות מזון מ.ת.מ. ב,IL,פלפל אנגלי,גרמים,50.00,100 גרם,false,0,6.90,13.80,true,1,
7290003681242,false,זעתר 50 גרם,מיה תעשיות מזון מ.ת.מ. ב,IL,זעתר,גרמים,50.00,100 גרם,false,0,6.90,13.80,true,1,
7290003681259,false,שביבי שום 50 גרם,מיה תעשיות מזון מ.ת.מ. ב,IL,שביבי שום,גרמים,50.00,100 גרם,false,0,7.90,15.80,true,1,
7290003681303,false,שעועית מעורבת 500 גרם,מיה תעשיות מזון מ.ת.מ. ב,IL,שעועית מעורבת,גרמים,500.00,100 גרם,false,0,7.90,1.58,true,1,
7290003681365,false,קישוט עוגה שוק/צבע.צנצ70,מיה תעשיות מזון מ.ת.מ. ב,IL,קישוטי עוגה,גרמים,70.00,100 גרם,false,0,4.90,7.00,true,1,
7290003681532,false,דובדבנים מסוכרים יח,מיה תעשיות מזון מ.ת.מ. ב,IL,דובדבנים מסוכרים,גרמים,80.00,100 גרם,false,0,6.90,8.63,true,1,
7290003681693,false,חומוס לבן ענק 500 גרם,מיה תעשיות מזון מ.ת.מ. ב,IL,חומוס לבן ענק,גרמים,500.00,100 גרם,false,0,9.90,1.98,true,1,
7290003681716,false,גריסי פנינה 500 גרם,מיה תעשיות מזון מ.ת.מ. ב,IL,גריסי פנינה,גרמים,500.00,100 גרם,false,0,4.90,0.98,true,1,
7290003681723,false,תבלין לפיצה 80 גרם,מיה תעשיות מזון מ.ת.מ. ב,IL,תבלין לפיצה,גרמים,80.00,100 גרם,false,0,6.90,8.63,true,1,
7290003681730,false,גריל דג 80 גרם,מיה תעשיות מזון מ.ת.מ. ב,IL,תבלין גריל דג,גרמים,80.00,100 גרם,false,0,6.90,8.63,true,1,
7290003681747,false,גריל בשר 80 גרם,מיה תעשיות מזון מ.ת.מ. ב,IL,תבלין גריל בשר,גרמים,80.00,100 גרם,false,0,6.90,8.63,true,1,
7290003681754,false,אבקת קארי 80 גרם,מיה תעשיות מזון מ.ת.מ. ב,IL,קארי,גרמים,80.00,100 גרם,false,0,5.70,7.13,true,1,
7290003681761,false,גבישי שום 80 גרם,מיה תעשיות מזון מ.ת.מ. ב,IL,גבישי שום,גרמים,80.00,100 גרם,false,0,8.90,11.13,true,1,
7290003681792,false,סוכריות טופי ט.פירות850ג,מיה תעשיות מזון מ.ת.מ. ב,IL,סוכריות טופי,גרמים,850.00,100 גרם,false,0,13.70,1.61,true,1,
7290003681945,false,"מיץ לימון 100% 500 מ""ל",מיה,IL,מיץ לימון 100%,מיליליטרים,500.00,"100 מ""ל",false,0,9.90,1.98,true,1,
7290003726141,false,טופו משק גאיה 300 גרם,משק ויילר,IL,טופו משק גאיה,גרמים,300.00,100 גרם,false,0,11.90,3.97,true,1,
7290003726615,false,טופו ויילר 300 גרם,"משק ווילר בע""\מ",IL,טופו ויילר,גרמים,300.00,100 גרם,false,1,11.90,3.97,true,1,
7290003751112,false,"עוף טחון עד""ח 500 גרם",גלאט עוף,IL,"עוף טחון עד""ח",גרמים,500.00,100 גרם,false,0,24.90,4.98,true,1,
7290003751174,false,גולש בקר קפוא,,IL,גולש בקר קפוא,קילוגרמים,0.00,"ק""ג",true,0,99.90,99.90,true,1,
7290003751242,false,הודו טחון גלאט 500 גרם,,IL,הודו טחון  500גר,גרמים,500.00,100 גרם,false,0,24.90,4.98,true,1,
7290003751372,false,"עצמות מח עד""ח שקיל",,IL,עצמות מח,גרמים,0.00,"ק""ג",true,1,54.90,54.90,true,1,
7290003751594,false,שוקיים הודיות קפוא במגש,גלאט עוף,IL,שוקיים הודיות,קילוגרמים,0.00,"ק""ג",true,0,34.90,34.90,true,1,
7290003805501,false,פתית חסכוני שוודית 300גר,יוניליוור ישראל מזון בע\,IL,פתית קרקר שוודי,גרמים,300.00,100 גרם,false,0,16.90,5.63,true,1,
7290003805587,false,פתית קרקר חיטה מלאה250גר,יוניליוור ישראל מזון בע\,IL,פתית חיטה מלאה,גרמים,250.00,100 גרם,false,0,16.90,6.76,true,1,
7290003807178,false,רוטב סויה סגנון סיני300מ,יוניליוור ישראל מזון בע\,IL,רוטב סויה,מיליליטרים,300.00,"100 מ""ל",false,0,10.90,3.63,true,1,
7290003807482,false,רוטב טריאקי 370 גרם,יוניליוור ישראל מזון בע\,IL,רוטב טריאקי,גרמים,300.00,100 גרם,false,0,10.90,3.63,true,1,
7290003882922,false,עלי גפן ממולאים,,CN,עלי גפן ממולאים,גרמים,400.00,100 גרם,false,0,8.90,2.23,true,1,
7290003893027,false,פילה מרלוזה קפוא מחיר לפ,ג.עופר,AR,פילה מרלוזה,קילוגרמים,0.00,"ק""ג",true,0,29.90,29.90,true,1,
7290003893843,false,פילה אמנון ללא עור,ג.עופר,CN,פילה אמנון,קילוגרמים,0.00,"ק""ג",true,1,34.90,34.90,true,1,
7290003989096,false,חציל פיקנטי אחלה 500 גרם,"שטראוס גרופ בע""\מ",IL,חציל פיקנטי אחלה,גרמים,500.00,100 גרם,false,0,15.90,3.18,true,1,
7290003989539,false,רביולי עם גבינה 400 גרם,"שטראוס גרופ בע""\מ",IL,רביולי גבינה,גרמים,400.00,100 גרם,false,0,19.90,4.98,true,1,
7290003989553,false,טורטליני עם פטריות 400גר,"שטראוס גרופ בע""\מ",IL,טורטליני פטריות,גרמים,400.00,100 גרם,false,0,19.90,4.98,true,1,
7290004011284,false,"ריצ' להכנת קצפת 212 מ""ל",נטו,US,ריצ' להכנת קצפת,מיליליטרים,212.00,"100 מ""ל",false,0,7.90,3.73,true,1,
7290004011291,false,"בסיס להכנת קצפת 425 מ""ל",נטו,US,בסיס להכנת קצפת,מיליליטרים,425.00,"100 מ""ל",false,0,15.90,3.74,true,1,
7290004011345,false,קצפת מתוקה,,IT,קצפת מתוקה,גרמים,250.00,100 גרם,false,0,10.90,4.36,true,1,
7290004011352,false,בסיס לקצפת 3 יח,,,בסיס לקצפת 3 יח,מיליליטרים,636.00,"100 מ""ל",false,0,19.90,3.13,true,1,
7290004030018,false,מיץ לימון לתיבול,,IL,מיץ לימון לתיבול,מיליליטרים,500.00,"100 מ""ל",false,0,6.90,1.38,true,1,
7290004030216,false,נקטר חמוציות 1 ליטר,פריניב בעמ,IL,נקטר חמוציות,ליטרים,1.00,ליטר,false,1,11.70,11.70,true,1,
7290004030223,false,מיץ תפוחים סחוט,,IL,מיץ תפוחים סחוט,ליטרים,1.00,ליטר,false,0,14.90,14.90,true,1,
7290004030445,false,מיץ תפוזים סחוט,,IL,מיץ תפוזים סחוט,ליטרים,1.00,ליטר,false,0,11.70,11.70,true,1,
7290004030612,false,משקה תפוח קיווי,,IL,משקה תפוח קיווי,ליטרים,1.00,ליטר,false,0,14.90,14.90,true,1,
7290004030810,false,מיץ תפוז בננה פסיפלורה1ל,פריניב בעמ,IL,מיץ פריניב,מיליליטרים,1000.00,"100 מ""ל",false,1,14.90,1.49,true,1,
7290004030834,false,מיץ רימונים,,IL,מיץ רימונים,ליטרים,1.00,ליטר,false,0,20.90,20.90,true,1,
7290004033705,false,לחמניות הבורגריה 100*6ג,"י.את.א.ברמן בע""\מ",IL,לחמניות 6 יח',גרמים,600.00,100 גרם,false,1,12.90,2.15,true,1,
7290004033712,false,לחם  עננים מקמח מלא750ג,"י.את.א.ברמן בע""\מ",IL,לחם  מקמח מלא,גרמים,750.00,100 גרם,false,1,15.90,2.12,true,1,
7290004033736,false,לחם עננים סגנון בריוש500,"י.את.א.ברמן בע""\מ",IL,לחם עננים בריוש,גרמים,500.00,100 גרם,false,1,15.90,3.18,true,1,
7290004063016,false,"מלח שולחן מעולה 1 ק""ג",מלחי סלית עתלית,IL,מלח שולחן,קילוגרמים,1.00,"ק""ג",false,0,1.50,1.50,true,1,
7290004063115,false,"מלח מטבח גס לבישול 1 ק""ג",מלחי סלית עתלית,IL,מלח מטבח גס,קילוגרמים,1.00,"ק""ג",false,0,1.80,1.80,true,1,
7290004064297,false,מלח מועשר ביוד צנצנת 1קג,"חברת מלח הארץ אילת בע""\מ",IL,מלח מועשר ביוד,קילוגרמים,1.00,"ק""ג",false,1,9.90,9.90,true,1,
7290004068011,false,יוגורט כבשים,,IL,יוגורט כבשים,גרמים,600.00,100 גרם,false,0,17.90,2.98,true,1,
7290004068035,false,אירן משקה יוגורט,,IL,אירן משקה יוגורט,מיליליטרים,500.00,"100 מ""ל",false,0,7.90,1.58,true,1,
7290004068172,false,יוגורט עזים בדלי,,IL,יוגורט עזים בדלי,גרמים,600.00,100 גרם,false,0,17.90,2.98,true,1,
7290004068332,false,גבינת קממבר בקר,,IL,גבינת קממבר בקר,קילוגרמים,0.00,"ק""ג",true,0,99.00,99.00,true,1,
7290004078225,false,מי פה קולג.פלקס ירוק500מ,קולגייט- פלמוליב,PL,מי פה קולגייט,מיליליטרים,500.00,"100 מ""ל",false,0,22.90,4.58,true,1,
7290004078270,false,פלמוליב לכלים לימון1ליטר,קולגייט פלמוליב,GR,פלמוליב לכלים,ליטרים,1.00,ליטר,false,0,12.90,12.90,true,1,
7290004078690,false,"אג'קס  WC מרענן 750 מ""ל",קולגייט פלמוליב,FR,אג'קס מרענן,מיליליטרים,750.00,"100 מ""ל",false,0,14.90,1.99,true,1,
7290004078942,false,ליידי ס.סטיק ג'ל מרענן,קולגייט פלמוליב,US,דאודורנט,גרמים,65.00,100 גרם,false,0,19.90,30.62,true,1,
7290004091217,false,גודרס להברקת כלי כסף125ג,COLEPCCL,PT,נוזל ניקוי כסף,מיליליטרים,125.00,"100 מ""ל",false,0,14.90,11.92,true,1,
7290004119225,false,יופלה אננס 3% 150 גרם,תנובה בעמ,IL,יופלה אננס 3%,גרמים,150.00,100 גרם,false,0,4.90,3.27,true,1,
7290004119928,false,מעדן קרלו וניל 3% 125 גר,מחלבת אלון תבור,IL,מעדן קרלו וניל3%,גרמים,125.00,100 גרם,false,0,2.70,2.16,true,1,
7290004119973,false,מעדן קרלו שוקולד1.5% 125,מחלבת אלון תבור,IL,קרלו שוקולדה,גרמים,125.00,100 גרם,false,0,2.70,2.16,true,1,
7290004120061,false,"מעדן קרלו שוניל3% 125מ""ל",מחלבת אלון תבור,IL,מעדן קרלו שוניל,גרמים,125.00,100 גרם,false,0,2.80,2.24,true,1,
7290004120108,false,יופלה דובדבן 0% 150 גרם,תנובה בעמ,IL,יופלה דיאט 0%,גרמים,150.00,100 גרם,false,0,4.90,3.27,true,1,
7290004120283,false,שוקו בשקית,,IL,שוקו בשקית,מיליליטרים,225.00,"100 מ""ל",false,0,2.70,1.20,true,1,
7290004120566,false,גב.בולגרית פיראוס24% 250,תנובה,IL,גבינה בולגרית24%,גרמים,250.00,100 גרם,false,0,19.90,7.96,true,1,
7290004120573,false,גב.בולגרית פיראוס16% 250,תנובה,IL,גבינה בולגרית16%,גרמים,250.00,100 גרם,false,0,19.90,7.96,true,1,
7290004120634,false,גב.בולגרית פיראוס5% 250ג,תנובה,IL,גבינה בולגרית5%,גרמים,250.00,100 גרם,false,0,22.90,9.16,true,1,
7290004120832,false,חלב שתיה 3%,,IL,חלב שתיה 3%,ליטרים,2.00,ליטר,false,0,12.40,6.20,true,1,
7290004121488,false,יופלה דיאט אפרסק 150 גרם,תנובה בעמ,IL,יופלה דיאט אפרסק,גרמים,150.00,100 גרם,false,0,4.90,3.27,true,1,
7290004121754,false,יופלה קרם גב.ותות3% 150ג,תנובה בעמ,IL,יופלה קרם גבינה,גרמים,150.00,100 גרם,false,0,4.90,3.27,true,1,
7290004121853,false,פיראוס קוב.בולגרית5% 200,תנובה,IL,קוביות בולגרית5%,גרמים,200.00,100 גרם,false,0,20.90,10.45,true,1,
7290004122195,false,גוש חלב פרוס28% 200מהדרי,תנובה,IL,גבינה גוש חלב,גרמים,200.00,100 גרם,false,0,12.90,6.45,true,1,
7290004122348,false,גבינת עמק 9% פרוס 200 גר,תנובה,IL,גבינת עמק 9%,גרמים,200.00,100 גרם,false,0,15.90,7.95,true,1,
7290004122676,false,גבינת חמד לייט 5% 250 גר,תנובה,IL,גבינת חמד לייט5%,גרמים,250.00,100 גרם,false,0,17.90,7.16,true,1,
7290004122683,false,אצבעות עמק חטיף גבינה172,תנובה,IL,אצבעות עמק,גרמים,172.00,100 גרם,false,0,15.90,9.24,true,1,
7290004122744,false,יופלה ביו תות 150 גרם,תנובה,IL,יופלה תות,גרמים,150.00,100 גרם,false,0,4.50,3.00,true,1,
7290004124205,false,יופלה דיאט תות0% 150 גר,תנובה בעמ,IL,יופלה דיאט תות0%,גרמים,150.00,100 גרם,false,0,4.90,3.27,true,1,
7290004124847,false,קצפת צמחית השף הלבן500מל,סוי מג'יק,IL,קצפת צמחית,מיליליטרים,500.00,"100 מ""ל",false,0,17.90,3.58,true,1,
7290004125370,false,שמנת חמוצה 9% שומן 200מל,תנובה,IL,שמנת חמוצה 9%,מיליליטרים,200.00,"100 מ""ל",false,0,3.40,1.70,true,1,
7290004125400,false,"אשל מהדרין 4.5% 200 מ""ל",תנובה,IL,אשל 4.5% שומן,מיליליטרים,200.00,"100 מ""ל",false,0,1.60,0.80,true,1,
7290004125455,false,שמנת תנובה 15%שומן200מל,תנובה,IL,שמנת תנובה 15%,מיליליטרים,200.00,"100 מ""ל",false,0,2.40,1.20,true,1,
7290004125462,false,שמנת חמוצה 15%שומן500מל,תנובה,IL,שמנת חמוצה 15%,מיליליטרים,500.00,"100 מ""ל",false,0,5.90,1.18,true,1,
7290004125509,false,שמנת חמוצה15% חצי מנה100,תנובה,IL,שמנת חמוצה 15%,מיליליטרים,100.00,"100 מ""ל",false,0,1.70,1.70,true,1,
7290004125578,false,משקה סויה 1 ליטר,סוי מג'יק,IL,משקה סויה,ליטרים,1.00,ליטר,false,0,9.90,9.90,true,1,
7290004125585,false,משקה סויה בטעם וניל 1 לי,סוי מג'יק,IL,משקה סויה וניל,ליטרים,1.00,ליטר,false,0,9.90,9.90,true,1,
7290004125721,false,שמנת בישול-15%שף לבן250מ,תנובה,IL,שמנת לבישול15%,מיליליטרים,250.00,"100 מ""ל",false,0,7.90,3.16,true,1,
7290004125738,false,שמנת להקצפה-32%שף לבן250,תנובה,IL,שמנת להקצפה32%,מיליליטרים,250.00,"100 מ""ל",false,0,5.90,2.36,true,1,
7290004126674,false,גבינה טל העמק לייט 200גר,תנובה,IL,גבינה טל העמק,גרמים,200.00,100 גרם,false,0,17.90,8.95,true,1,
7290004126872,false,"שוקו תנובה בקבוק 250 מ""ל",תנובה,IL,שוקו בקבוק,מיליליטרים,250.00,"100 מ""ל",false,0,5.40,2.16,true,1,
7290004127077,false,קוטג' תנובה 3% שומן 250,מחלבת אלון תבור,IL,קוטג' 3% שומן,גרמים,250.00,100 גרם,false,0,5.50,2.20,true,1,
7290004127329,false,קוטג' 5% 250 גרם בעלז,מחלבת אלון תבור,IL,קוטג' תנובה 5%,גרמים,250.00,100 גרם,false,0,5.50,2.20,true,1,
7290004127336,false,קוטג' תנובה 9% שומן 250ג,מחלבת אלון תבור,IL,קוטג' תנובה 9%,גרמים,250.00,100 גרם,false,0,5.50,2.20,true,1,
7290004127800,false,גב.לבנה 5% שומן 500 גרם,מחלבת אלון תבור,IL,גבינה לבנה 5%,גרמים,500.00,100 גרם,false,0,9.80,1.96,true,1,
7290004127817,false,גב.לבנה 9% שומן 500 גרם,מחלבת אלון תבור,IL,גבינה לבנה 9%,גרמים,500.00,100 גרם,false,0,8.90,1.78,true,1,
7290004127862,false,גבינה לבנה 5% 750 גרם,מחלבת אלון תבור,IL,גבינה לבנה 5%,גרמים,750.00,100 גרם,false,0,14.70,1.96,true,1,
7290004127916,false,גבינה תנובה0.5%שומן 500ג,מחלבת אלון תבור,IL,גבינה 0.5%,גרמים,500.00,100 גרם,false,0,8.90,1.78,true,1,
7290004129101,false,גב.נפולאון טעם טבעי 225ג,מחלבת אלון תבור,IL,גבינת נפוליאון,גרמים,225.00,100 גרם,false,0,13.90,6.18,true,1,
7290004129156,false,גב.נפולאון שום-שמיר 225ג,מחלבת אלון תבור,IL,גבינת נפוליאון,גרמים,225.00,100 גרם,false,0,13.90,6.18,true,1,
7290004129767,false,יופלה לבן 3% 150*8גרם,מחלבת אלון תבור,IL,יופלה לבן  3%,קילוגרמים,1.20,"ק""ג",false,0,16.90,14.08,true,1,
7290004130695,false,משקה אייס קפה בקבוק1ליטר,תנובה,IL,משקה אייס קפה,ליטרים,1.00,ליטר,false,0,13.50,13.50,true,1,
7290004130794,false,משקה סויה במתיקות מופחתת,סוי מג'יק,IL,משקה סויה,ליטרים,1.00,ליטר,false,0,9.90,9.90,true,1,
7290004130916,false,יופלה פירות יער+שמנת150ג,תנובה בעמ,IL,יופלה פירות יער,גרמים,150.00,100 גרם,false,0,4.90,3.27,true,1,
7290004131074,false,חלב בקרטון 3% שומן 1 ל',---,IL,חלב בקרטון 3%,ליטרים,1.00,ליטר,false,0,6.20,6.20,true,1,
7290004131432,false,יופלה ביו לבן 3% 200 גרם,מחלבת אלון תבור,IL,יופלה לבן 3%,גרמים,200.00,100 גרם,false,0,3.90,1.95,true,1,
7290004131814,false,פיראוס צפתית מעוד5% 200ג,תנובה,IL,צפתית 5% פיראוס,גרמים,200.00,100 גרם,false,0,14.90,7.45,true,1,
7290004132552,false,משקה סויה לייט 1ל,סוי מג'יק,IL,משקה סויה,ליטרים,1.00,ליטר,false,0,9.90,9.90,true,1,
7290004132712,false,אצבעות גב.מוצרלה 21.5*8ג,תנובה,IL,אצבעות מוצרלה,גרמים,172.00,100 גרם,false,0,16.10,9.36,true,1,
7290004135072,false,מעדן קרלו מיני שוק100*8ג,מחלבת אלון תבור,IL,קרלו מיני 8 יח,גרמים,800.00,100 גרם,false,0,12.90,1.61,true,1,
7290004135119,false,מעדן קרלו מיני וניל100*8,מחלבת אלון תבור,IL,קרלו מיני 8 יח,גרמים,800.00,100 גרם,false,0,12.90,1.61,true,1,
7290004135225,false,מעדן דיאט שוקולד0.2% 150,מחלבת אלון תבור,IL,מעדן דיאט שוקולד,גרמים,150.00,100 גרם,false,0,3.80,2.53,true,1,
7290004136154,false,משקה אייס קפה בקבוק340מל,תנובה,IL,משקה אייס קפה,מיליליטרים,340.00,"100 מ""ל",false,0,7.20,2.12,true,1,
7290004136598,false,מארז הפסקת אוכל,תנובה,IL,חלב עם דגנים,יחידה,1.00,יחידה,false,0,8.90,8.90,true,1,
7290004136857,false,מעדן ג'לי פטל 125 גרם,סוי מג'יק,IL,מעדן ג'לי פטל,גרמים,125.00,100 גרם,false,0,2.20,1.76,true,1,
7290004136864,false,מעדן ג'לי אננס+חתיכות125,סוי מג'יק,IL,מעדן ג'לי אננס,גרמים,125.00,100 גרם,false,0,2.20,1.76,true,1,
7290004136871,false,מעדן ג'לי אפרסק+חתיכ125.,סוי מג'יק,IL,מעדן ג'לי אפרסק,גרמים,125.00,100 גרם,false,0,2.20,1.76,true,1,
7290004137021,false,שמנת לבישול 10%שומן250מ,תנובה,IL,שמנת לבישול10%,מיליליטרים,250.00,"100 מ""ל",false,0,7.80,3.12,true,1,
7290004137311,false,גבינת עמק 9% 400 גרם,תנובה,IL,גבינת עמק 9%,גרמים,400.00,100 גרם,false,0,28.90,7.23,true,1,
7290004220013,false,טחון בקר 1קג קהילות,טיבון ויל אחזקות בעמ,IL,טחון בקר,גרמים,1000.00,100 גרם,false,0,39.90,3.99,true,1,
7290004220044,false,קציצות ביתיות עטרה 400גר,עטרה,IL,קציצות בתיות,גרמים,400.00,100 גרם,false,0,17.90,4.48,true,1,
7290004220105,false,שניצלוני עוף עטרה 600 גר,טיבון ויל אחזקות בעמ,IL,שניצלוני עוף,גרמים,600.00,100 גרם,false,1,26.90,4.48,true,1,
7290004220761,false,קבב כבש עטרה 500 גרם,טיבון ויל אחזקות בעמ,IL,קבב כבש,גרמים,500.00,100 גרם,false,0,17.90,3.58,true,1,
7290004220778,false,המבורגר קהילות 500גרם,טיבון ויל אחזקות בעמ,IL,המבורגר קהילות,גרמים,500.00,100 גרם,false,0,23.90,4.78,true,1,
7290004220815,false,קישקע קהילות,,IL,קישקע קהילות,גרמים,500.00,100 גרם,false,0,19.90,3.98,true,1,
7290004228804,false,עלי בצק למילוי סיגרים 45,"שלושת האופים בע""\מ",IL,עלי בצק למילוי ס,גרמים,450.00,100 גרם,false,1,12.00,2.67,true,1,
7290004252441,false,גביעי גלידה מגולגל 24 יח,DRUM BIG,IN,גביעי גלידה24יח,יחידה,1.00,יחידה,false,1,19.90,19.90,true,1,
7290004255305,false,נר נשמה שבועי,מנורה,CN,נר נשמה שבועי,יחידה,1.00,יחידה,false,1,10.90,10.90,true,1,
7290004255343,false,נריות 4 שעות 72 יחידות,מנורה,IL,נריות 4 שעות,יחידה,1.00,יחידה,false,0,21.90,21.90,true,1,
7290004257132,false,אנטריקוט דק דק 250 גרם,טיבון ויל,IL,אנטריקוט דק דק,גרמים,250.00,100 גרם,false,1,35.90,14.36,true,1,
7290004257422,false,טחון חזה עוף 100% קהילות,"טיבון ויל אחזקות בע""\מ",IL,טחון חזה עוף,קילוגרמים,1.00,"ק""ג",false,1,39.90,39.90,true,1,
7290004257439,false,"טחון הודו  100%  1ק""ג","טיבון ויל אחזקות בע""\מ",IL,טחון הודו,קילוגרמים,1.00,"ק""ג",false,1,39.90,39.90,true,1,
7290004257446,false,טחון בקר קהילות 100% 1 ק,טיבון ויל אחזקות בעמ,IL,טחון בקר,קילוגרמים,1.00,"ק""ג",false,1,49.90,49.90,true,1,
7290004257477,false,טחון חזה עוף100% עטרה1קג,"טיבון ויל אחזקות בע""\מ",IL,טחון חזה עוף,קילוגרמים,1.00,"ק""ג",false,1,34.90,34.90,true,1,
7290004257484,false,"טחון הודו 100% עטרה 1 ק""","טיבון ויל אחזקות בע""\מ",IL,טחון הודו,קילוגרמים,1.00,"ק""ג",false,1,34.90,34.90,true,1,
7290004257491,false,"טחון בקר 100% עטרה 1 ק""ג",טיבון ויל אחזקות בעמ,IL,טחון בקר,קילוגרמים,1.00,"ק""ג",false,1,44.90,44.90,true,1,
7290004263027,false,קבב בקר בית יוסף 500 גרם,טיבון ויל אחזקות בעמ,IL,קבב בקר ב.יוסף,גרמים,500.00,100 גרם,false,0,19.30,3.86,true,1,
7290004263393,false,קשקע ירושלמי 500 גרם,טיבון ויל אחזקות בעמ,IL,קשקע ירושלמי,גרמים,500.00,100 גרם,false,0,14.90,2.98,true,1,
7290004263652,false,נקניקיות עוף 400 גרם,מעדני הטלה והעגל,IL,נקניקיות עוף,גרמים,400.00,100 גרם,false,0,11.90,2.98,true,1,
7290004267230,false,פריכיות אורז מצופות 80גר,ברמן שוקולד ועוגיות,IL,פריכיות מצופות,גרמים,80.00,100 גרם,false,0,5.90,7.38,true,1,
7290004492762,false,נישנושים תירס 325 גרם,בייגל את בייגל מזון 198),IL,נישנושים תירס,גרמים,325.00,100 גרם,false,0,12.90,3.97,true,1,
7290004532574,false,גרעין שחור 200גרם,פיצוחי הטיב,IL,גרעין שחור 200ג',גרמים,200.00,100 גרם,false,0,5.90,2.95,true,1,
7290004551018,false,תמצית אפיה רום,,IL,תמצית אפיה רום,מיליליטרים,56.00,"100 מ""ל",false,0,1.90,3.39,true,1,
7290004551193,false,קמח מצה,,IL,קמח מצה,גרמים,400.00,100 גרם,false,0,4.90,1.23,true,1,
7290004551445,false,פלפל שחור שקית 50 גרם,"חב' המשווק טיפנברון בע""מ",IL,פלפל שחור,גרמים,50.00,100 גרם,false,0,5.90,11.80,true,1,
7290004551469,false,שום גבישי שקית,,IL,שום גבישי שקית,גרמים,50.00,100 גרם,false,0,3.90,7.80,true,1,
7290004551483,false,אבקת אפיה,,IL,אבקת אפיה,גרמים,100.00,100 גרם,false,0,2.40,2.40,true,1,
7290004551575,false,שומשום,,,שומשום,גרמים,400.00,100 גרם,false,0,8.90,2.23,true,1,
7290004551605,false,פפריקה מתוקה בשקית 80 ג',"חב' המשווק טיפנברון בע""מ",IL,פפריקה מתוקה בשק,גרמים,80.00,100 גרם,false,0,3.90,4.88,true,1,
7290004551926,false,אבקת פלאפל,,IL,אבקת פלאפל,קילוגרמים,1.00,"ק""ג",false,0,19.90,19.90,true,1,
7290004584306,false,סופר גמדים תות בננה100*4,"שטראוס בריאות בע""\מ",IL,סופר גמדים 4 יח,גרמים,400.00,100 גרם,false,0,10.90,2.73,true,1,
7290004584528,false,יוגורט ביו 1.7%דנונה200ג,"שטראוס בריאות בע""\מ",IL,יוגורט ביו 1.7%,גרמים,200.00,100 גרם,false,0,3.50,1.75,true,1,
7290004585907,false,דני וניל 1.5% שומן 125 ג,"שטראוס גרופ בע""\מ",IL,דני וניל 1.5%,גרמים,125.00,100 גרם,false,0,2.70,2.16,true,1,
7290004645106,false,סלמון פילה מנות לפי משקל,---,IL,סלמון פילה מנות,קילוגרמים,0.00,"ק""ג",true,1,89.90,89.90,true,1,
7290004645175,false,דג טונה פרוס,,IL,דג טונה פרוס,גרמים,0.00,"ק""ג",true,0,49.90,49.90,true,1,
7290004645328,false,פילה סלמון שלם,,IL,פילה סלמון שלם,קילוגרמים,0.00,"ק""ג",true,0,89.90,89.90,true,1,
7290004645434,false,פילה סלמון מנות ללא עור,רוזנרס,IL,פילה סלמון קפוא,קילוגרמים,0.00,"ק""ג",true,1,89.90,89.90,true,1,
7290004645748,false,פילה אמנון קפוא ללא עור,רוזנרס,IL,פילה אמנון קפוא,קילוגרמים,0.00,"ק""ג",true,1,29.90,29.90,true,1,
7290004685157,false,לחם שיפון 100%פרוס 750ג,"י.את.א.ברמן בע""\מ",IL,לחם שיפון פרוס,גרמים,750.00,100 גרם,false,0,15.90,2.12,true,1,
7290004685225,false,לחם פומפרניקל 750 גרם,"י.את.א.ברמן בע""\מ",IL,לחם פומפרניקל,גרמים,750.00,100 גרם,false,0,15.90,2.12,true,1,
7290004685430,false,לחם הארץ כוסמין100% 500ג,"י.את.א.ברמן בע""\מ",IL,לחם הארץ כוסמין,גרמים,500.00,100 גרם,false,1,15.90,3.18,true,1,
7290004685478,false,פיתות כוסמין 10יח 550 גר,"מאפיית אורן משי בע""\מ",IL,פיתות כוסמין,גרמים,550.00,100 גרם,false,1,14.90,2.71,true,1,
7290004731076,false,אל סבון כיף אלוורה 1ליטר,קוסמופארם בע'\'\מ,IL,אל סבון כיף,ליטרים,1.00,ליטר,false,0,11.90,11.90,true,1,
7290004731083,false,אל סבון כיף ג'ינסנג1ליטר,קוסמופארם בע'\'\מ,IL,אל סבון כיף,ליטרים,1.00,ליטר,false,0,11.90,11.90,true,1,
7290004731090,false,אל סבון כיף קמומיל 1ליטר,קוסמופארם בע'\'\מ,IL,אל סבון כיף,ליטרים,1.00,ליטר,false,0,11.90,11.90,true,1,
7290004731410,false,סנו סושי3כרית קרצוף,סנו,IL,כריות קרצוף,יחידה,1.00,יחידה,false,0,9.90,9.90,true,1,
7290004731472,false,אלסבון כיף צבעוני 500*3מ,קוסמופארם בע'\'\מ,IL,אלסבון כיף 3 יח,ליטרים,1.50,ליטר,false,0,18.90,12.60,true,1,
7290004731519,false,מקסימה למייבש סנסטיב750מ,---,IL,מקסימה למייבש,מיליליטרים,750.00,"100 מ""ל",false,0,16.90,2.25,true,1,
7290004731564,false,מקסימה למייבש בלוסום750מ,---,IL,מקסימה למייבש,מיליליטרים,750.00,"100 מ""ל",false,1,16.90,2.25,true,1,
7290004731670,false,דואו פרש פצ'ולי לבנדר300,"סנו מפעלי ברונוס בע""\מ",IL,סנו דואו פרש,מיליליטרים,300.00,"100 מ""ל",false,0,11.90,3.97,true,1,
7290004731984,false,משחת אורביטול מלבינה145ג,טרופיקל דגיל תעשיות קוסמ,IL,משחת אורביטול,גרמים,145.00,100 גרם,false,1,14.90,10.28,true,1,
7290004942083,false,גרעיני חומוס,,IL,גרעיני חומוס,גרמים,500.00,100 גרם,false,0,9.90,1.98,true,1,
7290004944032,false,חומוס  אסלי 400 גרם,סלטי שמיר,IL,חומוס אסלי,גרמים,400.00,100 גרם,false,0,10.90,2.73,true,1,
7290004944049,false,טחינה אסלי 400 גרם,סלטי שמיר,IL,טחינה אסלי,גרמים,400.00,100 גרם,false,0,10.90,2.73,true,1,
7290004944056,false,חציל במיונז אסלי 400 גרם,סלטי שמיר,IL,חציל במיונז,גרמים,400.00,100 גרם,false,0,10.90,2.73,true,1,
7290004944063,false,תורכי אסלי 400 גרם,סלטי שמיר,IL,תורכי אסלי,גרמים,400.00,100 גרם,false,0,10.90,2.73,true,1,
7290005008481,false,דאו.ספיד סטיק ג'ל ספורט,קולגייט פלמוליב,US,ספיד סטיק ג'ל,גרמים,85.00,100 גרם,false,0,19.90,23.41,true,1,
7290005011405,false,עמבה הודית,,IL,עמבה הודית,גרמים,550.00,100 גרם,false,0,9.90,1.80,true,1,
7290005095443,false,נר נשמה 48 שעות,,IL,נר נשמה 48 שעות,יחידה,1.00,יחידה,false,0,4.50,4.50,true,1,
7290005095450,false,נר נשמה בכוס 26 שעות יחי,HQP,CN,נר נשמה בכוס,יחידה,1.00,יחידה,false,1,3.90,3.90,true,1,
7290005113123,false,זית שחור נטול גלעין 540,קבוצת יבנה,IL,זית שחור 540 גרם,גרמים,540.00,100 גרם,false,1,7.90,1.46,true,1,
7290005113482,false,זית ירוק נטול גלעין 3 קג,קבוצת יבנה,IL,"זית חרוזית 3 ק""ג",קילוגרמים,3.00,"ק""ג",false,1,28.90,9.63,true,1,
7290005113888,false,טבעות זיתים שחורים 540 ג,קבוצת יבנה מוצרי מזון,IL,טבעות זיתים שחור,גרמים,540.00,100 גרם,false,1,7.90,1.46,true,1,
7290005113901,false,זית חתוך מרינד 540 גרם,קבוצת יבנה,IL,זיתים חתוכים540ג,גרמים,540.00,100 גרם,false,1,7.90,1.46,true,1,
7290005168253,false,יין מתוק אדום קליל 750מל,יקבי ציון,IL,יין מתוק אדום,מיליליטרים,750.00,"100 מ""ל",false,0,14.90,1.99,true,1,
7290005168284,false,"יין גן עדן עתיק 750 מ""ל",יקבי ציון,IL,יין גו עדן עתי,מיליליטרים,750.00,"100 מ""ל",false,0,21.90,2.92,true,1,
7290005168314,false,יין אצילים אדום מתוק750מ,יקבי ציון,IL,אצילים מתוק אד,מיליליטרים,750.00,"100 מ""ל",false,0,14.90,1.99,true,1,
7290005168420,false,בית סבא אדום 1 ליטר,יקב ציון,IL,בית סבא אדום,ליטרים,1.00,ליטר,false,0,18.90,18.90,true,1,
7290005168475,false,תירוש אדום מובחר 100% 1ל,יקב ציון,IL,תירוש אדום מובחר,ליטרים,1.00,ליטר,false,0,16.90,16.90,true,1,
7290005174513,false,חציל במיונז אחלה 500 גרם,"שטראוס גרופ בע""\מ",IL,סלט חציל מיונז,גרמים,500.00,100 גרם,false,0,15.90,3.18,true,1,
7290005200786,false,תפוצ'יפס ט.שמנת ובצל50גר,"שטראוס פריטו ליי בע""\מ )",IL,תפוצ'יפס שמנת,גרמים,50.00,100 גרם,false,0,3.90,7.80,true,1,
7290005201455,false,קפה נמס ארומה 200 גרם,עלית,PL,קפה נמס ארומה,גרמים,200.00,100 גרם,false,0,23.90,11.95,true,1,
7290005271410,false,ביצים L 12יח',,,ביצים L 12יח',יחידה,1.00,יחידה,false,0,12.05,12.05,true,1,
7290005271427,false,ביצים M 12 יח',,,ביצים M 12 יח',יחידה,1.00,יחידה,false,0,11.15,11.15,true,1,
7290005271786,false,ביצים ארוזות M,,IL,ביצים ארוזות M,יחידה,1.00,יחידה,false,0,27.87,27.87,true,1,
7290005287657,false,ממרח טונה סטארקיסט160גרם,סטארקיסט,TH,ממרח טונה,גרמים,160.00,100 גרם,false,0,6.90,4.31,true,1,
7290005296260,false,"אסטוניש רסס ונגב 750 מ""ל",אסטוניש,GB,אסטוניש רסס נגב,מיליליטרים,750.00,"100 מ""ל",false,0,11.90,1.59,true,1,
7290005416095,false,גבינת עזים 5% טל,,IL,גבינת עזים 5% טל,גרמים,200.00,100 גרם,false,0,13.90,6.95,true,1,
7290005416262,false,יוגורט עיזים תות,,IL,יוגורט עיזים תות,מיליליטרים,500.00,"100 מ""ל",false,0,13.90,2.78,true,1,
7290005416279,false,יוגורט עיזים,,IL,יוגורט עיזים,מיליליטרים,500.00,"100 מ""ל",false,0,13.90,2.78,true,1,
7290005416286,false,יוגורט עיזים,,IL,יוגורט עיזים,מיליליטרים,500.00,"100 מ""ל",false,0,13.90,2.78,true,1,
7290005416491,false,יוגורט מחלב עיזי,,IL,יוגורט מחלב עיזי,מיליליטרים,750.00,"100 מ""ל",false,0,17.90,2.39,true,1,
7290005423253,false,"מקסימה למייבש פרש 750מ""ל","סנו מפעלי ברונוס בע""\מ",IL,מקסימה למייבש,מיליליטרים,750.00,"100 מ""ל",false,0,16.90,2.25,true,1,
7290005423505,false,"מי פה אורביטול 500 מ""ל",קוסמופארם,IL,מי פה אורביטול,מיליליטרים,500.00,"100 מ""ל",false,0,21.90,4.38,true,1,
7290005423543,false,משחת אורביטול להלבנה145ג,קוסמופארם,IL,משחת שיניים,גרמים,145.00,100 גרם,false,0,8.90,6.14,true,1,
7290005423635,false,ריצפז פלוס דוחה תיקנים2ל,סנו מפעלי ברונוס בעמ,IL,ריצפז דוחה חרקים,ליטרים,2.00,ליטר,false,0,20.90,10.45,true,1,
7290005423734,false,מרכך מקסימה אולטרה 4 ל',"סנו מפעלי ברונוס בע""\מ",IL,מרכך כביסה,ליטרים,4.00,ליטר,false,0,19.90,4.98,true,1,
7290005423833,false,פוליויקס פרקט 2 ליטר,"סנו מפעלי ברונוס בע""\מ",IL,פוליויקס פרקט,ליטרים,2.00,ליטר,false,0,25.90,12.95,true,1,
7290005423871,false,משחת אורביטול145*3ג,טרופיקל דגיל תעשיות קוסמ,IL,משחת שיניים,גרמים,435.00,100 גרם,false,0,15.90,3.66,true,1,
7290005423888,false,אלסבון כיף סגול 500*3מל,קוסמופארם בע'\'\מ,IL,אל סבון כיף 3 יח,ליטרים,1.50,ליטר,false,0,18.90,12.60,true,1,
7290005423918,false,מרכך מקסימה בייבי 4 ל',"סנו מפעלי ברונוס בע""\מ",IL,מרכך כביסה,ליטרים,4.00,ליטר,false,0,23.00,5.75,true,1,
7290005424021,false,"ריפרש מנטרל ריחות 350מ""ל",---,IL,ריפרש מנטרל ריח,מיליליטרים,350.00,"100 מ""ל",false,1,14.90,4.26,true,1,
7290005424311,false,סנו K רב קוטל בריח פרחים,סנו מפעלי ברונוס בעמ,IL,סנו K רב קוטל,מיליליטרים,500.00,"100 מ""ל",false,0,19.90,3.98,true,1,
7290005424403,false,אל סבון כיף אצות ים1ליטר,קוסמופארם בע'\'\מ,IL,אל סבון כיף,ליטרים,1.00,ליטר,false,0,11.90,11.90,true,1,
7290005424700,false,סנו פורטה פלוס 1 ליטר,"סנו מפעלי ברונוס בע""\מ",IL,סנו פורטה פלוס,ליטרים,1.00,ליטר,false,1,16.90,16.90,true,1,
7290005424847,false,"מפיות חד שכבתי 30*30 ס""מ",סנו מפעלי ברונוס בעמ,TR,מפיות דו שכבתי,יחידה,1.00,יחידה,false,0,5.90,5.90,true,1,
7290005424991,false,סנו פרש בייבי פאודר250מל,סנו מפעלי ברונוס בעמ,IL,סנו פרש בייבי,מיליליטרים,250.00,"100 מ""ל",false,1,14.90,5.96,true,1,
7290005425646,false,סנוקליר ניקוי חלונות 1ל',"סנו מפעלי ברונוס בע""\מ",IL,סנוקליר 1 ליטר,ליטרים,1.00,ליטר,false,0,9.90,9.90,true,1,
7290005425912,false,ג'ל אוקסיג'ן 4 ליטר,סנו,IL,ג'ל אוקסיג'ן 4ל',ליטרים,4.00,ליטר,false,0,32.90,8.23,true,1,
7290005426193,false,ספוג הפלא סנו סושי 6 יח',סנו מפעלי ברונו בעמ,IL,ספוג סנו סושי,יחידה,1.00,יחידה,false,0,9.90,9.90,true,1,
7290005426568,false,ק.לחות קרמה שיער רגיל400,קוסמופארם בע'\'\מ,IL,קרם לחות קרמה,מיליליטרים,400.00,"100 מ""ל",false,0,19.90,4.98,true,1,
7290005426575,false,ק.לחות קרמה שיער יבש400מ,קוסמופארם בע'\'\מ,IL,קרם לחות קרמה,מיליליטרים,400.00,"100 מ""ל",false,0,19.90,4.98,true,1,
7290005426735,false,אבקת מקסימה BLACK 1.25קג,סנו,IL,אבקת כביסה,קילוגרמים,1.25,"ק""ג",false,0,14.90,11.92,true,1,
7290005426803,false,מרכך מקסימה לבנדר 4 ל',סנו,IL,מרכך כביסה,ליטרים,4.00,ליטר,false,0,19.90,4.98,true,1,
7290005426865,false,משחה אורביטול מסטיק 70 ג,טרופיקל דגיל תעשיות קוסמ,IL,משחת שיניים,גרמים,70.00,100 גרם,false,0,7.90,11.29,true,1,
7290005426940,false,300-K פלוס8 קוטל חרקי400,סנו,IL,300-K פלוס,מיליליטרים,400.00,"100 מ""ל",false,0,17.90,4.48,true,1,
7290005426964,false,סנובון כחול אפרסק 55*3ג,סנו מפעלי ברונו בעמ,IL,סנובון שלישיה,גרמים,165.00,100 גרם,false,0,16.90,10.24,true,1,
7290005426971,false,סנובון כחול תפוח 55*3 גר,סנו מפעלי ברונו בעמ,IL,סנובון שלישיה,גרמים,165.00,100 גרם,false,0,16.90,10.24,true,1,
7290005427107,false,מגבות נייר סנו סושי 6 גל,סנו מפעלי ברונוס בעמ,IL,מגבות נייר סנו,מטרים,63.00,מטר,false,0,9.90,0.16,true,1,
7290005427633,false,ג'ל כיף אקסטרים כחול 1קג,קוסמופארם,IL,ג'ל כיף לשיער,קילוגרמים,1.00,"ק""ג",false,0,24.90,24.90,true,1,
7290005427749,false,אלסבון כיף אצות ים 2ליטר,קוסמופארם בע'\'\מ,IL,אלסבון כיף,ליטרים,2.00,ליטר,false,0,19.90,9.95,true,1,
7290005427763,false,אלסבון כיף ג'ינסינג 2 ל',---,IL,אלסבון כיף,ליטרים,2.00,ליטר,false,0,19.90,9.95,true,1,
7290005427787,false,ק.לחות קרמה ש.מתולתל400מ,קוסמופארם בע'\'\מ,IL,קרם לשיער קרמה,מיליליטרים,400.00,"100 מ""ל",false,0,19.90,4.98,true,1,
7290005427978,false,קרמה תחליב רחצה לפנים180,קוסמופארם בעמ,IL,תחליב רחצה לפנים,מיליליטרים,180.00,"100 מ""ל",false,0,14.90,8.28,true,1,
7290005430602,false,אוקסיג'ן מ.כתמים,,IL,אוקסיג'ן מ.כתמים,מיליליטרים,750.00,"100 מ""ל",false,0,16.90,2.25,true,1,
7290005437168,false,שמן זית,,ES,שמן זית,ליטרים,1.00,ליטר,false,0,36.90,36.90,true,1,
7290005437632,false,שמן קנולה,,BE,שמן קנולה,ליטרים,1.00,ליטר,false,0,9.90,9.90,true,1,
7290005489082,false,תרכיז תפוחים 1.2 ליטר,"פרי קטיף מזון בע""מ",IL,תרכיז תפוחים,ליטרים,1.20,ליטר,false,0,29.90,24.92,true,1,
7290005559990,false,בצק פילאס תורקי 600 גרם,"מעדנות בע""\מ",IL,בצק פילאס תורכי,גרמים,600.00,100 גרם,false,0,19.90,3.32,true,1,
7290005680052,false,טמפוני או-בה סופר + 32יח,ג'ונסון,GR,טמפוני או-בה,יחידה,1.00,יחידה,false,0,24.90,24.90,true,1,
7290005684272,false,חלה מתוקה 600 גרם,,IL,חלה מתוקה,גרמים,600.00,100 גרם,false,1,11.90,1.98,true,1,
7290005684418,false,לחם כוסמין תנור אבן,המאפיה של הרמן,IL,לחם כוסמין,גרמים,700.00,100 גרם,false,0,14.90,2.13,true,1,
7290005684487,false,לחמניות כוסמין מלא 420 ג,המאפיה של הרמן,IL,לחמניות כוסמין,גרמים,420.00,100 גרם,false,1,12.90,3.07,true,1,
7290005684579,false,לחם מחמצת כוסמין 700 גרם,המאפיה של הרמן,IL,לחם מחמצת כוסמין,גרמים,700.00,100 גרם,false,1,14.90,2.13,true,1,
7290005811111,false,בייגלה כוסמין 300 גרם,אם החיטה,IL,בייגלה כוסמין,גרמים,300.00,100 גרם,false,1,10.90,3.63,true,1,
7290005811128,false,בייגלה כוסמין שומשום 300,,IL,בייגלה כוסמין שו,גרמים,300.00,100 גרם,false,1,10.90,3.63,true,1,
7290005838613,false,סקי מעדן גבינה וניל 125ג,"שטראוס בריאות בע""\מ",IL,סקי מעדן גבינה,גרמים,125.00,100 גרם,false,0,3.70,2.96,true,1,
7290005839078,false,דנונה ביו 3% 150*8 גרם,"שטראוס בריאות בע""\מ",IL,דנונה ביו 8 יח,קילוגרמים,1.20,"ק""ג",false,0,16.90,14.08,true,1,
7290005896439,false,בירה מכבי,,IL,בירה מכבי,מיליליטרים,500.00,"100 מ""ל",false,0,6.90,1.38,true,1,
7290005896453,false,בירה מכבי7.9%בק.חוזר500מ,טמפו משקאות בע''מ,IL,בירה מכבי 7.9%,מיליליטרים,500.00,"100 מ""ל",false,1,7.90,1.58,true,1,
7290005992018,false,יוגורט עיזים מלא 3% 500מ,"מיוצר ע""\י קוד יצרן MKN",IL,יוגורט חלב עיזים,מיליליטרים,500.00,"100 מ""ל",false,0,12.90,2.58,true,1,
7290006079671,false,"קרם ידיים ד""ר גרין",,IL,קרם ידים,יחידה,1.00,יחידה,false,1,7.90,7.90,true,1,
7290006220301,false,גולש בקר אגודים,,UY,גולש בקר אגודים,קילוגרמים,0.00,"ק""ג",true,0,49.90,49.90,true,1,
7290006251343,false,חליטת פסיפלורה+מנגו25ש3*,ויסוצקי,IL,חליטת פסיפלורה,גרמים,62.00,100 גרם,false,0,16.90,27.26,true,1,
7290006251589,false,תה ירוק נענע 50שק1.5*גרם,בית ויסוצקי,IL,תה ירוק נענע,גרמים,75.00,100 גרם,false,0,44.90,59.87,true,1,
7290006265500,false,פטריות שמפניון,קטיף.,IL,פטריות שמפניון,יחידה,1.00,יחידה,false,0,8.90,8.90,true,1,
7290006271181,false,ג'חנון אפוי מעדנות 750גר,"מעדנות בע""\מ",IL,ג'חנון אפוי,גרמים,750.00,100 גרם,false,0,19.90,2.65,true,1,
7290006306296,false,רביולי גבינה לילדים 400ג,דורום תעשיות מזון ופסטה,IL,רביולי גבינה,גרמים,400.00,100 גרם,false,0,18.90,4.73,true,1,
7290006306302,false,רביולי פרמזן ריקוטה400גר,דורום תעשיות מזון ופסטה,IL,רביולי גבינה,גרמים,400.00,100 גרם,false,0,18.90,4.73,true,1,
7290006306319,false,רביולי בטטה 400 גרם,דורום תעשיות מזון ופסטה,IL,רביולי בטטה,גרמים,400.00,100 גרם,false,0,18.90,4.73,true,1,
7290006306326,false,רביולי פטריות 400 גרם,דורום תעשיות מזון ופסטה,IL,רביולי פטריות,גרמים,400.00,100 גרם,false,0,18.90,4.73,true,1,
7290006306357,false,רביולי גבינת עיזים 400גר,דורום תעשיות מזון ופסטה,IL,רביולי גבינה,גרמים,400.00,100 גרם,false,0,18.90,4.73,true,1,
7290006322104,false,לחם רחיים קל 500 גרם,מאפיית דוידוביץ ובניו בע,IL,לחם רחיים קל,גרמים,500.00,100 גרם,false,0,7.90,1.58,true,1,
7290006322838,false,לחם קמח מלא 100% 750 גרם,מאפיית דוידוביץ ובניו בע,IL,לחם קמח מלא,גרמים,750.00,100 גרם,false,0,9.90,1.32,true,1,
7290006322968,false,"לחם זיץ ברויט 1.25 ק""ג",מאפיית דוידוביץ,IL,לחם זיץ ברויט,קילוגרמים,1.25,"ק""ג",false,0,12.90,10.32,true,1,
7290006374738,false,קונפיטורה תות 340 גרם,"ב.א. מזון בע""\מ",IL,קונפיטורה תות,גרמים,340.00,100 גרם,false,0,13.90,4.09,true,1,
7290006492432,false,גבינה מוצרלה בייבי 150גר,מחלבות גד,IL,גבינה מוצרלה,גרמים,150.00,100 גרם,false,0,14.90,9.93,true,1,
7290006492685,false,לאבנה עיזים 5%שומן 250גר,מחלבות גד,IL,לאבנה עיזים גד,גרמים,250.00,100 גרם,false,0,16.90,6.76,true,1,
7290006511157,false,פטריות שלמות,,PL,פטריות שלמות,גרמים,400.00,100 גרם,false,0,8.10,2.03,true,1,
7290006550972,false,טחון בקר ארוז 1 קג,טיבון ויל אחזקות בעמ,IL,טחון בקר 1קג,גרמים,1000.00,100 גרם,false,0,24.90,2.49,true,1,
7290006618085,false,אסטוניש מרסס חדר אמבט750,אסטוניש,GB,אסטוניש מרסס,מיליליטרים,750.00,"100 מ""ל",false,0,11.90,1.59,true,1,
7290006618146,false,הפי מדליק פחם נוזלי 500מ,פרייק,NL,הפי מדליק פחם,מיליליטרים,500.00,"100 מ""ל",false,0,14.90,2.98,true,1,
7290006664037,false,גמדים תות בננה/תפ100*4גר,"שטראוס בריאות בע""\מ",IL,מארז גמדים 4 יח,גרמים,400.00,100 גרם,false,0,10.90,2.73,true,1,
7290006664051,false,"אקטימל לבן 100*14 מ""ל","שטראוס בריאות בע""\מ",IL,אקטימל מארז14יח',ליטרים,1.40,ליטר,false,0,29.90,21.36,true,1,
7290006664402,false,גבינת סקי5% 750 גרם,"שטראוס בריאות בע""\מ",IL,גבינת סקי5%,גרמים,750.00,100 גרם,false,0,12.90,1.72,true,1,
7290006664532,false,דנונה תות 3% 150 גרם,"שטראוס גרופ בע""\מ",IL,דנונה תות 3%,גרמים,150.00,100 גרם,false,0,3.90,2.60,true,1,
7290006664655,false,"אקטימל לבן 100*8 מ""ל","שטראוס גרופ בע""\מ",IL,אקטימל לבן 8 יח,מיליליטרים,800.00,"100 מ""ל",false,0,20.90,2.61,true,1,
7290006664693,false,דנונה אפרסק 3% 150 גרם,"שטראוס גרופ בע""\מ",IL,דנונה אפרסק %3,גרמים,150.00,100 גרם,false,0,3.90,2.60,true,1,
7290006664990,false,דנונה ביו 1.7% 150*8גרם,"שטראוס גרופ בע""\מ",IL,דנונה ביו 8 יח',קילוגרמים,1.20,"ק""ג",false,0,16.90,14.08,true,1,
7290006712684,false,דאו.ספיד סטיק-24/7- כחול,קולגייט פלמוליב,US,דאודורנט,גרמים,50.00,100 גרם,false,0,19.90,39.80,true,1,
7290006737151,false,עדשים הכי מתוק 80 גרם,הנמל,IL,כפתורים הכי מתוק,גרמים,80.00,100 גרם,false,0,3.90,4.88,true,1,
7290006737618,false,טורטיות מקמח חיטה 6 יח',,TR,טורטיות מקמח חיט,גרמים,390.00,100 גרם,false,1,8.90,2.28,true,1,
7290006737755,false,טורטיות מקמח חיטה 8 יח',,TR,טורטיות מקמח חיט,גרמים,320.00,100 גרם,false,1,8.90,2.78,true,1,
7290006737854,false,מרשמלו צבעוני,,IL,מרשמלו צבעוני,גרמים,150.00,100 גרם,false,0,4.90,3.27,true,1,
7290006739407,false,שניצל תירס 630 גרם,זוגלובק,IL,שניצל תירס,גרמים,630.00,100 גרם,false,0,29.90,4.75,true,1,
7290006741363,false,"בורקס תפו""א בד""צ 800 גרם",זוגלובק,IL,"בורקס תפו""א",גרמים,800.00,100 גרם,false,0,15.90,1.99,true,1,
7290006764072,false,"גולדסטאר בק.חוזר 500 מ""ל","טמפו משקאות בע""\מ",IL,בירה גולדסטאר,מיליליטרים,500.00,"100 מ""ל",false,0,6.90,1.38,true,1,
7290006775016,false,עוגה תפוז אחוה 450 גרם,"אחדות ביח""ר לטחינה",IL,עוגה תפוז,גרמים,450.00,100 גרם,false,0,8.90,1.98,true,1,
7290006775023,false,עוגה אנגלית אחוה 450 גרם,"אחדות ביח""ר לטחינה",IL,עוגה אנגלית,גרמים,450.00,100 גרם,false,0,8.90,1.98,true,1,
7290006775030,false,עוגת שוקו צ'יפס אחוה450ג,"אחדות ביח""ר לטחינה",IL,עוגת שוקולד ציפס,גרמים,450.00,100 גרם,false,0,8.90,1.98,true,1,
7290006775047,false,עוגת שוקולד 450 גרם,"אחדות ביח""ר לטחינה",IL,עוגת שוקולד,גרמים,450.00,100 גרם,false,0,8.90,1.98,true,1,
7290006775054,false,עוגת שיש 450 גרם,"אחדות ביח""ר לטחינה",IL,עוגת שיש,גרמים,450.00,100 גרם,false,0,8.90,1.98,true,1,
7290006775085,false,עוגת שמרים שוקולד 400גרם,"אחדות ביח""ר לטחינה",IL,עוגת שמרים,גרמים,400.00,100 גרם,false,0,10.90,2.73,true,1,
7290006775306,false,מאפין ממולא תות 50 גר',"אחדות ביח""ר לטחינה",IL,מאפין ממולא,גרמים,50.00,100 גרם,false,0,1.90,3.80,true,1,
7290006775337,false,עוגת שמרים פרג אחוה 400ג,"אחדות ביח""ר לטחינה",IL,עוגת שמרים פרג,גרמים,400.00,100 גרם,false,0,10.90,2.73,true,1,
7290006775344,false,עוגת שמרים קינמ.אגוז400ג,"אחדות ביח""ר לטחינה",IL,עוגת שמרים,גרמים,400.00,100 גרם,false,0,10.90,2.73,true,1,
7290006775764,false,"עוגת שוקוציפס ללת""ס400ג","אחדות בע""מ א.ת. ברקן",IL,עוגת שוקוציפס,גרמים,400.00,100 גרם,false,0,11.90,2.98,true,1,
7290006775801,false,רוגעלך 400 גרם,"אחדות ביח""ר לטחינה",IL,רוגלעך,גרמים,400.00,100 גרם,false,0,9.90,2.48,true,1,
7290006784865,false,מרסס למטבח סנט מוריץ 1 ל,קומפלקס כימיקלים בעמ,IL,מרסס למטבח,ליטרים,1.00,ליטר,false,1,11.90,11.90,true,1,
7290006788405,false,דאו.קרליין רולאון בורדו,מיוצר עי : אמיליה קוסמטי,IL,דאודורנט קרליין,מיליליטרים,75.00,"100 מ""ל",false,0,12.90,17.20,true,1,
7290006788429,false,דאו.קרליין רולאון כתום75,אמיליה קוסמטיקס בעמ,IL,דאודורנט קרליין,מיליליטרים,75.00,"100 מ""ל",false,0,12.90,17.20,true,1,
7290006788443,false,דאו.קרליין רולאון סגול75,אמיליה קוסמטיקס בעמ,IL,דאודורנט קרליין,מיליליטרים,75.00,"100 מ""ל",false,0,12.90,17.20,true,1,
7290006788467,false,דאו.קרליין ספרי אקטיב200,מיוצר עי : אמיליה קוסמטי,IL,דאודורנט קרליין,מיליליטרים,200.00,"100 מ""ל",false,0,12.90,6.45,true,1,
7290006789631,false,"קרם ""10"" שיער רגיל400מ""ל",מיוצר עי : אמיליה קוסמטי,IL,קרם לחות לשיער,מיליליטרים,400.00,"100 מ""ל",false,0,14.90,3.73,true,1,
7290006805355,false,תער.להכנת כדורי שוקו500ג,ג'נרל מילס,IL,כדורי שוקולד,גרמים,500.00,100 גרם,false,0,16.90,3.38,true,1,
7290006941466,false,שמן קנולה 1 ליטר,REFINEY GRADOIL,UA,שמן קנולה 1 ליטר,ליטרים,1.00,ליטר,false,1,9.90,9.90,true,1,
7290006989055,false,מברשת לאבק עץ אורן לכה,המברשת רוחמה,IL,מברשת לאבק,יחידה,1.00,יחידה,false,0,12.90,12.90,true,1,
7290006989253,false,מטאטא חום עם מקל,אליבו,CN,מטאטא חום עם מקל,יחידה,1.00,יחידה,false,1,18.90,18.90,true,1,
7290008023542,false,סיף פנטסטיק רצפ.מרענן4ל',יוניליוור ישראל טיפוח אי,IL,סיף שמפו לרצפות,ליטרים,4.00,ליטר,false,0,17.90,4.48,true,1,
7290008101356,false,פנקו זהוב קריספ 300 גרם,---,IL,פנקו זהוב קריספ,גרמים,300.00,100 גרם,false,1,9.90,3.30,true,1,
7290008102469,false,פירורי לחם זהוב קריספ800,---,IL,פירורי לחם,גרמים,800.00,100 גרם,false,1,12.90,1.61,true,1,
7290008300094,false,אשפתון עם ידית,,,אשפתון עם ידית,יחידה,1.00,יחידה,false,0,11.90,11.90,true,1,
7290008300490,false,אשפתון+90*75ידיות 40 יח,בריזה,IL,אשפתון 40 יח,יחידה,1.00,יחידה,false,1,19.90,19.90,true,1,
7290008330107,false,מרכך בדין סגול4 ליטר,יוניליור ישראל טיפוח איש,IL,מרכך כביסה בדין,ליטרים,4.00,ליטר,false,0,21.90,5.48,true,1,
7290008343466,false,בצק פילו 500 גרם,"שגמור בע""מ",IL,בצק פילו 500 גרם,גרמים,500.00,100 גרם,false,0,19.90,3.98,true,1,
7290008347211,false,אצבעות דג 700 גרם,דלידג - נטו,IL,אצבעות דג,גרמים,700.00,100 גרם,false,0,21.90,3.13,true,1,
7290008443616,false,מרכך נקה 7 לשיר יבש 750מ,אמיליה קוסמטיקס בעמ,IL,קונדישנר נקה 7,מיליליטרים,750.00,"100 מ""ל",false,0,10.90,1.45,true,1,
7290008443647,false,מרכך נקה7 שיער מתולתל750,אמיליה קוסמטיקס בעמ,IL,קונדישנר נקה 7,מיליליטרים,750.00,"100 מ""ל",false,0,10.90,1.45,true,1,
7290008455619,false,עוף מס' 2 קפוא,אחד למהדרין,IL,עוף קפוא מס' 2,קילוגרמים,0.00,"ק""ג",true,1,27.90,27.90,true,1,
7290008455800,false,עוף שלם טרי לנדא לפי משק,,IL,עוף שלם טרי לנדא,קילוגרמים,0.00,"ק""ג",true,1,28.90,28.90,true,1,
7290008455824,false,כרעיים טרי לנדא,,IL,כרעיים טרי לנדא,קילוגרמים,0.00,"ק""ג",true,1,44.90,44.90,true,1,
7290008455831,false,חזה עוף טרי לנדא לפי משק,,IL,חזה טרי לנדא,קילוגרמים,0.00,"ק""ג",true,1,45.90,45.90,true,1,
7290008455848,false,שוקיים טרי לנדא לפי משקל,,IL,שוקיים טרי לנדא,קילוגרמים,0.00,"ק""ג",true,1,49.90,49.90,true,1,
7290008455886,false,שניצל עוף טרי לנדא לפי מ,,IL,שניצל טרי לנדא,גרמים,0.00,"ק""ג",true,1,47.90,47.90,true,1,
7290008464611,false,"הסודה של טמפו 275 מ""ל",טמפו משקאות בעמ,IL,הסודה של טמפו,מיליליטרים,275.00,"100 מ""ל",false,1,3.90,1.42,true,1,
7290008464697,false,בירה מכבי 6 יח,,IL,בירה מכבי 6 יח,ליטרים,1.98,ליטר,false,0,29.90,15.10,true,1,
7290008464703,false,"בירה מכבי 6 בק330* מ""ל",טמפו משקאות בע''מ,IL,בירה מכבי 6 בקב.,ליטרים,1.98,ליטר,false,0,29.90,15.10,true,1,
7290008464741,false,"בירה גולדסטאר בק330*6מ""ל","טמפו משקאות בע""\מ",IL,גולדסטאר 6 יח',ליטרים,1.98,ליטר,false,0,29.90,15.10,true,1,
7290008470759,false,מסטיק אורביט ספירמינט104,ריגלי,FR,מסטיק אורביט 8יח,גרמים,104.00,100 גרם,false,0,16.00,15.38,true,1,
7290008470766,false,מסטיק אורביט פפרמינט13*8,ריגלי צרפת,FR,מסטיק אורביט,גרמים,104.00,100 גרם,false,0,16.00,15.38,true,1,
7290008482561,false,פודינג שוקולד  85 גר,י.כהן,IL,פודינג שוקולד85ג,גרמים,85.00,100 גרם,false,1,4.90,5.76,true,1,
7290008482578,false,פודינג וניל קרטונטה85 גר,י.כהן,IL,פודינג וניל85 גר,גרמים,85.00,100 גרם,false,1,4.90,5.76,true,1,
7290008493413,false,פירורי גריסיני 200 גרם,מאיר בייגל,IL,פירורי גריסיני,גרמים,200.00,100 גרם,false,0,6.90,3.45,true,1,
7290008493703,false,בייגלה שמיניות מלח 300ג',מאיר בייגל,IL,בייגלה שמיניות,גרמים,300.00,100 גרם,false,0,7.90,2.63,true,1,
7290008503877,false,סלמון נורווגי קפוא,סיבורן,NO,סלמון נורווגי,קילוגרמים,0.00,"ק""ג",true,1,79.90,79.90,true,1,
7290008636018,false,כפתורי שוקולד שמיניה,מיה,IL,כפתורי שוקולד,יחידה,1.00,יחידה,false,0,9.90,9.90,true,1,
7290008636193,false,כמון צנצנת 300 גרם,מיה תעשיות מזון מ.ת.מ. ב,IL,כמון צנצנת,גרמים,300.00,100 גרם,false,0,15.90,5.30,true,1,
7290008636209,false,כורכום צנצנת 300 גרם,מיה תעשיות מזון מ.ת.מ. ב,IL,כורכום צנצנת,גרמים,300.00,100 גרם,false,0,15.90,5.30,true,1,
7290008636216,false,אבקת שום צנצנת 300 גרם,מיה תעשיות מזון מ.ת.מ. ב,IL,אבקת שום צנצנת,גרמים,300.00,100 גרם,false,0,24.90,8.30,true,1,
7290008636704,false,קונפיטורה משמש 340 גרם,מיה תעשיות מזון מ.ת.מ. ב,IL,קונפיטורה מישמש,גרמים,340.00,100 גרם,false,0,8.90,2.62,true,1,
7290008636926,false,קקאו הולנדי שקית 500 גרם,מיה תעשיות מזון מ.ת.מ. ב,IL,אבקת קקאו,גרמים,500.00,100 גרם,false,0,14.90,2.98,true,1,
7290008636933,false,אגוז מלך גרוס100גרם מיה,מיה תעשיות מזון מ.ת.מ. ב,IL,אגוז מלך גרוס,גרמים,100.00,100 גרם,false,0,10.90,10.90,true,1,
7290008636957,false,שקד מולבן גרוס 100ג מיה,מיה תעשיות מזון מ.ת.מ. ב,IL,שקד מולבן גרוס,גרמים,100.00,100 גרם,false,0,12.90,12.90,true,1,
7290008636964,false,שקד מולבן משובב 100ג מיה,מיה תעשיות מזון מ.ת.מ. ב,IL,שקד מולבן משוב,גרמים,100.00,100 גרם,false,0,12.90,12.90,true,1,
7290008636988,false,10' גרעיני חמניה קלופים,מיה תעשיות מזון מ.ת.מ. ב,IL,גרעיני חמניה,גרמים,100.00,100 גרם,false,0,3.00,3.00,true,1,
7290008636995,false,גרעיני דלעת קלופים 100 ג,מיה תעשיות מזון מ.ת.מ. ב,IL,גרעיני דלעת קלוף,גרמים,100.00,100 גרם,false,0,9.90,9.90,true,1,
7290008639095,false,פחזניות מצוננות 280גרם,קפולסקי,IL,פחזניות,גרמים,280.00,100 גרם,false,0,22.90,8.18,true,1,
7290008645935,false,חומוס אחלה 750 גרם,"שטראוס גרופ בע""\מ",IL,חומוס אחלה,גרמים,750.00,100 גרם,false,0,9.90,1.32,true,1,
7290008745239,false,תפוצ'יפס קראנצ' טעם טבעי,"שטראוס פריטו ליי בע""\מ )",IL,תפוצ'יפס קראנצ',גרמים,50.00,100 גרם,false,0,3.90,7.80,true,1,
7290008747547,false,תפוציפס קראנצ' ט.טבעי200,"שטראוס פריטו ליי בע""\מ )",IL,תפוצ'יפס קראנצ',גרמים,200.00,100 גרם,false,0,9.90,4.95,true,1,
7290008756143,false,שמן פרפין,,CN,שמן פרפין,יחידה,1.00,יחידה,false,1,29.90,29.90,true,1,
7290008757980,false,נקטר ספרינג רימונים 1 ל',"יפאורה תבורי בע""\מ",IL,נקטר רימונים,ליטרים,1.00,ליטר,false,0,6.10,6.10,true,1,
7290008801522,false,"יין קונקורד 750מ""ל",אגודת הכורמים הקואופרטיב,IL,יין קונקורד,מיליליטרים,750.00,"100 מ""ל",false,0,19.90,2.65,true,1,
7290008801539,false,קינג דיוויד כרמל120 750מ,אגודת הכורמים הקואופרטיב,IL,קינג דיוויד,מיליליטרים,750.00,"100 מ""ל",false,0,19.90,2.65,true,1,
7290008801546,false,"מוסקט קינג דיווד 750 מ""ל",אגודת הכורמים הקואופרטיב,IL,מוסקט קינג דיווד,מיליליטרים,750.00,"100 מ""ל",false,0,19.90,2.65,true,1,
7290008802291,false,"מרלו P.C 750 מ""ל",אגודת הכורמים הקואופרטיב,IL,מרלו P.C,מיליליטרים,750.00,"100 מ""ל",false,0,32.90,4.39,true,1,
7290008802512,false,"יין אדום יבש וינו 750מ""ל",יקבי כרמל,IL,יין אדום יבש,מיליליטרים,750.00,"100 מ""ל",false,0,19.90,2.65,true,1,
7290008802529,false,"וינו לבן חצי יבש 750 מ""ל",יקבי כרמל,IL,יין לבן יבש וינו,מיליליטרים,750.00,"100 מ""ל",false,0,19.90,2.65,true,1,
7290008802895,false,קברנה סוביניוןP.C. 750מל,אגודת הכורמים הקאופורטיב,IL,קברנה סוביניון,מיליליטרים,750.00,"100 מ""ל",false,0,32.90,4.39,true,1,
7290008804332,false,"שיראז אדום יבש 750P.Cמ""ל",אגודת הכורמים הקואופרטיב,IL,שיראז אדום יבש,מיליליטרים,750.00,"100 מ""ל",false,0,32.90,4.39,true,1,
7290008804462,false,"מוסקט קינוח P.C 500 מ""ל",אגודת הכורמים הקואופרטיב,IL,מוסקט קינוח,מיליליטרים,500.00,"100 מ""ל",false,0,32.90,6.58,true,1,
7290008909853,false,קוקה קולה זירו בקבוק500מ,החברה המרכזית לייצור משק,IL,קוקה קולה זירו,מיליליטרים,500.00,"100 מ""ל",false,0,7.50,1.50,true,1,
7290008989299,false,גרנולה 350 גר,,IL,גרנולה 350 גר,גרמים,350.00,100 גרם,false,0,12.90,3.69,true,1,
7290008989855,false,פריכוני אורז,,IL,פריכוני אורז,גרמים,80.00,100 גרם,false,0,3.90,4.88,true,1,
7290009147209,true,צלי כתף בקר{5} שקיל,גלאט עוף,IL,צלי כתף בקר{5},קילוגרמים,0.00,"ק""ג",true,1,129.00,129.00,true,1,
7290009147216,true,פילה מדומה בקר {6} שקיל,גלאט עוף,IL,פילה מדומה בקר,קילוגרמים,0.00,"ק""ג",true,1,99.90,99.90,true,1,
7290009147223,true,שריר הזרוע בקר {8},גלאט עוף,IL,שריר הזרוע{8},קילוגרמים,0.00,"ק""ג",true,1,99.90,99.90,true,1,
7290009398786,true,5 פיתות אסליות 500 גרם,---,IL,5 פיתות אסליות,גרמים,500.00,100 גרם,false,0,8.50,1.70,true,1,
7290010023141,false,חל.לימונענע גן קסום25שק',ויסוצקי,IL,חליטת לימונענע,גרמים,55.00,100 גרם,false,0,16.90,30.73,true,1,
7290010068005,false,פופקורן בוואקום,,IL,פופקורן בוואקום,גרמים,500.00,100 גרם,false,0,8.90,1.78,true,1,
7290010068029,false,גריסי פנינה פרמיום 500 ג,כיטוב,IL,גריסי פנינה,גרמים,500.00,100 גרם,false,1,11.90,2.38,true,1,
7290010068036,false,עדשים ירוקים,,IL,עדשים ירוקים,גרמים,500.00,100 גרם,false,0,8.90,1.78,true,1,
7290010068043,false,עדשים אדומים,,IL,עדשים אדומים,גרמים,500.00,100 גרם,false,0,10.90,2.18,true,1,
7290010068074,false,שעועית לבנה,,IL,שעועית לבנה,גרמים,500.00,100 גרם,false,0,10.90,2.18,true,1,
7290010068081,false,כוסמת קלויה,,IL,כוסמת קלויה,גרמים,500.00,100 גרם,false,0,9.90,1.98,true,1,
7290010068098,false,חיטה,,IL,חיטה,גרמים,500.00,100 גרם,false,0,7.90,1.58,true,1,
7290010068104,false,שעועית אדומה,,IL,שעועית אדומה,גרמים,500.00,100 גרם,false,0,9.90,1.98,true,1,
7290010068111,false,גריסי פנינה,,IL,גריסי פנינה,גרמים,500.00,100 גרם,false,0,7.90,1.58,true,1,
7290010068128,false,אפונה יבשה,,IL,אפונה יבשה,גרמים,500.00,100 גרם,false,0,7.90,1.58,true,1,
7290010068142,false,"אורז בסמטי פרימיום 1 ק""ג",כיטוב,IL,אורז בסמטי,קילוגרמים,1.00,"ק""ג",false,0,21.90,21.90,true,1,
7290010068159,false,קוואקר,,IL,קוואקר,גרמים,320.00,100 גרם,false,0,6.90,2.16,true,1,
7290010068173,false,בורגול,,IL,בורגול,גרמים,500.00,100 גרם,false,0,7.90,1.58,true,1,
7290010068180,false,שומשום,,IL,שומשום,גרמים,200.00,100 גרם,false,0,8.90,4.45,true,1,
7290010068197,false,שעועית מעורבת,,IL,שעועית מעורבת,גרמים,500.00,100 גרם,false,0,9.90,1.98,true,1,
7290010068203,false,אורז בסמטי,,,אורז בסמטי,גרמים,500.00,100 גרם,false,0,9.90,1.98,true,1,
7290010068227,false,קינואה,,,קינואה,גרמים,300.00,100 גרם,false,0,13.90,4.63,true,1,
7290010068234,false,שומשום מלא,,,שומשום מלא,גרמים,200.00,100 גרם,false,0,9.90,4.95,true,1,
7290010068241,false,גרעיני חמניות,,IL,גרעיני חמניות,גרמים,200.00,100 גרם,false,0,9.90,4.95,true,1,
7290010068258,false,כוסמת טבעית 500 גרם,"ע.רן שיווק כיטוב בע""מ",IL,כוסמת טבעית,גרמים,500.00,100 גרם,false,0,12.90,2.58,true,1,
7290010068265,false,חומוס לבן,,,חומוס לבן,גרמים,500.00,100 גרם,false,0,11.90,2.38,true,1,
7290010068272,false,"אורז עגול פרימיום 1 ק""ג",כיטוב,IL,"אורז עגול 1 ק""ג",קילוגרמים,1.00,"ק""ג",false,1,17.90,17.90,true,1,
7290010068289,false,פרג נקי,,IL,פרג נקי,גרמים,150.00,100 גרם,false,0,9.90,6.60,true,1,
7290010068357,false,אורז לבן פרסי,,IL,אורז לבן פרסי,קילוגרמים,2.00,"ק""ג",false,0,24.90,12.45,true,1,
7290010068456,false,שעועית בובס,,IL,שעועית בובס,גרמים,400.00,100 גרם,false,0,11.90,2.98,true,1,
7290010068463,false,שעועית מש 500 גרם,"ע.רן שיווק כיטוב בע""מ",IL,שעועית מש,גרמים,500.00,100 גרם,false,0,12.90,2.58,true,1,
7290010068500,false,אורז פרסי,,IL,אורז פרסי,גרמים,1000.00,100 גרם,false,0,12.90,1.29,true,1,
7290010068531,false,"אורז קלאסי בוואקום 1 ק""ג",ע.רן שיווק,IL,אורז קלאסי,קילוגרמים,1.00,"ק""ג",false,1,12.90,12.90,true,1,
7290010068555,false,גרעיני דלעת,,IL,גרעיני דלעת,גרמים,200.00,100 גרם,false,0,14.90,7.45,true,1,
7290010068708,false,קוואקר שקית,,IL,קוואקר שקית,גרמים,500.00,100 גרם,false,0,9.90,1.98,true,1,
7290010068753,false,קוסקוס נקי בוואקום 350 ג,,IL,קוסקוס,גרמים,350.00,100 גרם,false,1,9.90,2.83,true,1,
7290010068784,false,אורז בסמטי,,IL,אורז בסמטי,גרמים,1000.00,100 גרם,false,0,15.90,1.59,true,1,
7290010068876,false,גריסים,,IL,גריסים,קילוגרמים,1.00,"ק""ג",false,0,13.90,13.90,true,1,
7290010068890,false,שעועית לבנה,,,שעועית לבנה,גרמים,1000.00,100 גרם,false,0,17.90,1.79,true,1,
7290010068906,false,אורז מלא,,,אורז מלא,קילוגרמים,1.00,"ק""ג",false,0,14.90,14.90,true,1,
7290010116980,false,שוקולית 850 גרם,שטראוס קפה בי.וי.,IL,שוקולית עלית,גרמים,850.00,100 גרם,false,0,16.90,1.99,true,1,
7290010117864,false,דוריטוס בטעם חריף אש70גר,"שטראוס פריטו ליי בע""\מ )",IL,דוריטוס חריף,גרמים,70.00,100 גרם,false,0,3.40,4.86,true,1,
7290010119240,false,תפוצ'יפס טבעי 12יח18Xגרם,"שטראוס פריטו ליי בע""\מ )",IL,תפוצ'יפס 12 יח,גרמים,216.00,100 גרם,false,0,14.90,6.90,true,1,
7290010129003,false,עוגיות אוזניים 600 גרם,ק.א. ומשווק בבלעדיות על,IL,עוגיות אוזניים,גרמים,600.00,100 גרם,false,0,17.90,2.98,true,1,
7290010129010,false,עוג.כתר במילוי ריבה 600ג,ק.א. ומשווק בבלעדיות על,IL,עוגיות כתר ריבה,גרמים,600.00,100 גרם,false,0,17.90,2.98,true,1,
7290010129027,false,עוגיות מרוקאיות 600 גרם,דולצ'ה ויטה,IL,עוגיות מרוקאיות,גרמים,600.00,100 גרם,false,0,17.90,2.98,true,1,
7290010129324,false,עוגיות מעמול 600 גרם,ק.א. ומשווק בבלעדיות על,IL,עוגיות מעמול,גרמים,600.00,100 גרם,false,0,17.90,2.98,true,1,
7290010129348,false,עוגיות בטעם שוקולד 600גר,ק.א. ומשווק בבלעדיות על,IL,עוגיות שוקולד,גרמים,600.00,100 גרם,false,0,17.90,2.98,true,1,
7290010129652,false,עוגיות לקפה ע.יד 350ג,קונדטוריית אנגל,IL,עוגיות לקפה,גרמים,350.00,100 גרם,false,1,14.90,4.26,true,1,
7290010129676,false,מרוקאיות ע.יד 350 ג,קונדטוריית אנגל,IL,מרוקאיות ע' יד,גרמים,350.00,100 גרם,false,1,14.90,4.26,true,1,
7290010153503,false,שעועית ענק 400 גרם,מיה תעשיות מזון מ.ת.מ. ב,IL,שעועית ענק,גרמים,400.00,100 גרם,false,0,8.00,2.00,true,1,
7290010153510,false,בורגול 500 גרם,מיה תעשיות מזון מ.ת.מ. ב,IL,בורגול,גרמים,500.00,100 גרם,false,0,4.90,0.98,true,1,
7290010153534,false,קמח תירס 400 גרם,מיה תעשיות מזון מ.ת.מ. ב,IL,קמח תירס,גרמים,400.00,100 גרם,false,0,6.90,1.73,true,1,
7290010153541,false,שיבולת שועל קוואקר 500גר,מיה תעשיות מזון מ.ת.מ. ב,IL,שיבולת שועל,גרמים,500.00,100 גרם,false,0,6.90,1.38,true,1,
7290010153688,false,חומץ טבעי %5 1 ליטר,מיה,IL,חומץ טבעי,מיליליטרים,1000.00,"100 מ""ל",false,0,6.90,0.69,true,1,
7290010153770,false,ציפוי לשניצל פיקנטי500גר,מיה תעשיות מזון מ.ת.מ. ב,IL,ציפוי לשניצל,גרמים,500.00,100 גרם,false,0,9.90,1.98,true,1,
7290010153787,false,ציפוי לשניצל עם שום500גר,מיה תעשיות מזון מ.ת.מ. ב,IL,ציפוי לשניצל,גרמים,500.00,100 גרם,false,0,9.90,1.98,true,1,
7290010153794,false,ציפוי שניצל+עש.תיבול500ג,מיה תעשיות מזון מ.ת.מ. ב,IL,ציפוי לשניצל,גרמים,500.00,100 גרם,false,0,9.90,1.98,true,1,
7290010153800,false,ציפוי שניצל+תיב.עדין500ג,מיה תעשיות מזון מ.ת.מ. ב,IL,ציפוי לשניצל,גרמים,500.00,100 גרם,false,0,9.90,1.98,true,1,
7290010153817,false,ריבת חלב 400 גרם,מיה תעשיות מזון מ.ת.מ. ב,IL,ריבת חלב,גרמים,400.00,100 גרם,false,0,11.90,2.98,true,1,
7290010153848,false,פפריקה מרוקאית בשמן 80 ג,מיה תעשיות מזון מ.ת.מ. ב,IL,פפריקה בשמן,גרמים,80.00,100 גרם,false,0,6.90,8.63,true,1,
7290010153855,false,פפריקה מתוקה מרוקאי 300ג,מיה תעשיות מזון מ.ת.מ. ב,IL,פפריקה מרוקאית,גרמים,300.00,100 גרם,false,0,15.90,5.30,true,1,
7290010153862,false,פלפל שחור גרוס 70 גרם,מיה תעשיות מזון מ.ת.מ. ב,IL,פלפל שחור גרוס,גרמים,70.00,100 גרם,false,0,9.90,14.14,true,1,
7290010153879,false,ריבת חלב טעם שמנת 400גר,מיה תעשיות מזון מ.ת.מ. ב,IL,ריבת חלב ט.שמנת,גרמים,400.00,100 גרם,false,0,11.90,2.98,true,1,
7290010153978,false,קונפיטורה שזיפים 340 גרם,מיה תעשיות מזון מ.ת.מ. ב,IL,קונפיטורה שזיפים,גרמים,340.00,100 גרם,false,0,8.90,2.62,true,1,
7290010175048,false,מיץ לימון משומר 1 ליטר,,IL,מיץ לימון משומר 1 ליטר,ליטרים,1.00,ליטר,false,0,4.90,4.90,true,1,
7290010193288,false,"קישקע ממולא עד""ח 500 גרם",גלאט עוף,IL,קישקע קפוא 500 ג,גרמים,500.00,100 גרם,false,0,15.90,3.18,true,1,
7290010193387,false,תה מעושן 400 גרם,גלאט עוף,IL,תה מעושן,גרמים,400.00,100 גרם,false,0,19.90,4.98,true,1,
7290010193431,false,סלמי מובחר 200 גרם,גלאט עוף,IL,סלמי מובחר200גרם,גרמים,200.00,100 גרם,false,0,13.90,6.95,true,1,
7290010193448,false,פסטרמה רומנית 400 גרם,גלאט עוף,IL,פסטרמה רומנית,גרמים,400.00,100 גרם,false,0,29.90,7.48,true,1,
7290010193479,false,מעדן שווארמה 200 גרם,גלאט עוף,IL,מעדן שווארמה200ג,גרמים,200.00,100 גרם,false,0,14.90,7.45,true,1,
7290010193486,false,חזה הודו מעושן 400 גרם,גלאט עוף,IL,חזה הודו מעושן,גרמים,400.00,100 גרם,false,0,29.90,7.48,true,1,
7290010193523,false,פסטרמה מעודנת 400 גרם,גלאט עוף,IL,פסטרמה מעודנת,גרמים,400.00,100 גרם,false,0,22.00,5.50,true,1,
7290010193530,false,קבנוס 180 גרם,ברקאי,IL,קבנוס 180 גרם,גרמים,180.00,100 גרם,false,0,13.90,7.72,true,1,
7290010193608,false,נקניקיות עוף 3יח300*גרם,גלאט עוף,IL,נקניקיות עוף,גרמים,900.00,100 גרם,false,0,21.90,2.43,true,1,
7290010193615,false,נקניק תה + פסטרמה 600 גר,גלאט עוף,IL,נקניק תה+פסטרמה,גרמים,600.00,100 גרם,false,0,24.90,4.15,true,1,
7290010193837,false,"נגיסי עוף 2 ק""ג",גלאט עוף,IL,נגיסי עוף,קילוגרמים,2.00,"ק""ג",false,0,59.90,29.95,true,1,
7290010193844,false,"טבעות עוף 1.8 ק""ג",גלאט עוף,IL,טבעות עוף,קילוגרמים,1.80,"ק""ג",false,0,59.90,33.28,true,1,
7290010193851,false,"שניצל אמריקאי 2 ק""ג",גלאט עוף,IL,שניצל אמריקאי,קילוגרמים,2.00,"ק""ג",false,0,59.90,29.95,true,1,
7290010193875,false,נקניקיות עוף גלאט עוף,גלאט עוף,IL,נקניקיות עוף,קילוגרמים,1.50,"ק""ג",false,0,34.90,23.27,true,1,
7290010193981,false,נקניק הודו 400 גרם,,IL,נקניק הודו 400גר,גרמים,400.00,100 גרם,false,1,24.90,6.23,true,1,
7290010193998,false,קישקע פרווה 700 גרם,גלאט עוף,IL,קישקע פרווה,גרמים,700.00,100 גרם,false,1,18.90,2.70,true,1,
7290010237531,false,פפסי בקבוק,,IL,פפסי בקבוק,מיליליטרים,500.00,"100 מ""ל",false,0,4.10,0.82,true,1,
7290010237586,false,סבנ אפ דיאט,,IL,סבנ אפ דיאט,מיליליטרים,500.00,"100 מ""ל",false,0,3.90,0.78,true,1,
7290010259847,false,מנת השף נודלס,,TH,מנת השף נודלס,גרמים,70.00,100 גרם,false,0,3.90,5.57,true,1,
7290010259854,false,מנת השף נודלס,,TH,מנת השף נודלס,גרמים,70.00,100 גרם,false,0,3.90,5.57,true,1,
7290010259861,false,מנת השף נודלס,,TH,מנת השף נודלס,גרמים,70.00,100 גרם,false,0,3.90,5.57,true,1,
7290010328093,false,ממרח חלוה אחוה 400 גרם,"אחדות ביח""ר לטחינה",IL,ממרח חלוה,גרמים,400.00,100 גרם,false,0,11.90,2.98,true,1,
7290010328178,false,חלוה מסולסלת 250 גרם,אחווה,IL,חלוה מסולסלת,גרמים,250.00,100 גרם,false,0,11.90,4.76,true,1,
7290010328239,false,טחינה מתובלת שומשום 500ג,"אחדות בע""מ א.ת. ברקן",IL,טחינה מתובלת,גרמים,500.00,100 גרם,false,0,11.90,2.38,true,1,
7290010328451,false,חלווה+פולי קקאו,,IL,חלווה+פולי קקאו,גרמים,400.00,100 גרם,false,0,14.90,3.73,true,1,
7290010328680,false,עוגת שוקוצ'יפס לבן אחוה,---,IL,עוגת שוקולד450גר,גרמים,450.00,100 גרם,false,1,8.90,1.98,true,1,
7290010328710,false,קיצפיות בטעם וניל תות 18,,IL,קיצפיות 180 גרם,גרמים,180.00,100 גרם,false,1,9.90,5.50,true,1,
7290010328727,false,ממרח שומשום עם שוקולד 40,,IL,ממרח שומשום 400ג,גרמים,400.00,100 גרם,false,1,11.90,2.98,true,1,
7290010328734,false,ממרח שומשום עם סילאן400ג,,IL,ממרח שומשום400גר,גרמים,400.00,100 גרם,false,1,11.90,2.98,true,1,
7290010328819,false,"ממרח טחינה שוק.ללת""ס400ג",אחדות,IL,ממרח טחינה,גרמים,400.00,100 גרם,false,1,11.90,2.98,true,1,
7290010328895,false,מאפין שוקולד אישי אחוה,אחדות,IL,מאפין שוקולד45ג,גרמים,45.00,100 גרם,false,1,1.90,4.22,true,1,
7290010328901,false,מאפין וניל אישי אחוה,.,IL,מאפין בטעם וניל,גרמים,45.00,100 גרם,false,1,1.90,4.22,true,1,
7290010329984,false,שוק. צ'יפס מריר60% 250ג,"כרמית תעשיות ממתקים בע""\",IL,שוקולד צ'יפס,גרמים,250.00,100 גרם,false,0,9.90,3.96,true,1,
7290010429554,false,"שמן זית 2 קלאסי 750מ""ל",מכוורת יד מרדכי שטראוס ב,IL,שמן זית 2 קלאסי,מיליליטרים,750.00,"100 מ""ל",false,0,34.90,4.65,true,1,
7290010471669,false,דנונה בר תות קורנפ175.גר,"שטראוס בריאות בע""\מ",IL,דנונה בר תות,גרמים,175.00,100 גרם,false,0,4.90,2.80,true,1,
7290010472307,false,גמדים לשתיה תות בננ100*8,"שטראוס בריאות בע""\מ",IL,גמדים לשתיה 8 יח,מיליליטרים,800.00,"100 מ""ל",false,0,19.90,2.49,true,1,
7290010472390,false,דני שוקולד 125*8גרם,"שטראוס גרופ בע""\מ",IL,דני שוקולד 8 יח',קילוגרמים,1.00,"ק""ג",false,0,14.90,14.90,true,1,
7290010748860,false,ק.ידיים אפקטיב קר יבש150,פישר מעבדות פרמצבטיות בע,IL,קרם ידיים,מיליליטרים,150.00,"100 מ""ל",false,0,14.90,9.93,true,1,
7290010827886,false,מגבונים לתינוק 72 דף,דינמיק,IL,מגבונים לתינוק,יחידה,1.00,יחידה,false,1,1.90,1.90,true,1,
7290010838219,false,ממתיק סטיביה 100שק,"קיפל טבליות וממתיקים בע""",IL,ממתיק מרמולייט,גרמים,100.00,100 גרם,false,0,29.90,29.90,true,1,
7290010838424,false,"דאק לאסלה רענן 750*2 מ""ל",ג'ונסון,NL,דאק לאסלה זוג,ליטרים,1.50,ליטר,false,0,18.90,12.60,true,1,
7290010838431,false,דאק לאסלה ניחוח ים750*2מ,אס.סי.ג'ונסון מידרכט,NL,דאק לאסלה זוג,ליטרים,1.50,ליטר,false,0,18.90,12.60,true,1,
7290010883042,false,סנובון נוזלי רענן 750 מל,סנו מפעלי ברונוס בעמ,IL,סנובון נוזלי,מיליליטרים,750.00,"100 מ""ל",false,0,9.90,1.32,true,1,
7290010883370,false,סנו סושי כפפות אלוורה M,סנו,CN,סנו סוש כפפות,יחידה,1.00,יחידה,false,0,9.90,9.90,true,1,
7290010903924,false,"שניצל צמחי 1 ק""ג",טופ שף,IL,"שניצל צמחי1 ק""ג",קילוגרמים,1.00,"ק""ג",false,1,24.90,24.90,true,1,
7290010922888,false,"בקר טחון  1 ק""ג","בלדי בע""\מ",IL,"בקר טחון 1 ק""ג",יחידה,1.00,יחידה,false,1,39.90,39.90,true,1,
7290010922895,false,המבורגר בקר 400 גרם,,IL,המבורגר בקר400גר,גרמים,400.00,100 גרם,false,1,14.90,3.73,true,1,
7290010931330,false,סלט מטבוחה 500 גרם,"שטראוס גרופ בע""\מ",IL,סלט מטבוחה אחלה,גרמים,500.00,100 גרם,false,0,15.90,3.18,true,1,
7290010945450,false,גבינה לבנה 3% 250 גרם,טרה,IL,גבינה לבנה3%,גרמים,250.00,100 גרם,false,0,4.50,1.80,true,1,
7290010945481,false,גבינה לבנה 5% 500 גרם,טרה,IL,גבינה לבנה 5%,גרמים,500.00,100 גרם,false,0,9.50,1.90,true,1,
7290010967537,false,חטיף תירס טעם קטשופ 60 ג,חטיפי העמק,IL,חטיף טעם קטשופ,גרמים,60.00,100 גרם,false,0,3.90,6.50,true,1,
7290010967544,false,חטיף תירס קלאסי באפי,חטיפי העמק,IL,חטיף תירס 60 גרם,גרמים,60.00,100 גרם,false,0,3.90,6.50,true,1,
7290011017866,false,"פחית קוקה קולה 330 מ""ל",החברה המרכזית לייצור משק,IL,קוקה קולה פחית,מיליליטרים,330.00,"100 מ""ל",false,0,5.30,1.61,true,1,
7290011018917,false,"קוקה קולה זירו 330*6 מ""ל",החברה המרכזית לייצור משק,IL,קוקה קולה זירו6י,ליטרים,1.98,ליטר,false,0,21.50,10.86,true,1,
7290011108724,false,"כרוב לבן 1 ק""ג קטיף הארץ",,IL,"כרוב לבן 1 ק""ג ק",גרמים,1000.00,100 גרם,false,1,19.90,1.99,true,1,
7290011108731,false,"כרוב אדום 1 ק""ג קטיף האר",,IL,"כרוב אדום 1 ק""ג",גרמים,1000.00,100 גרם,false,1,19.90,1.99,true,1,
7290011108748,false,"סלט קולסלאו 1 ק""ג קטיף ה",,IL,"סלט קולסלאו 1 ק""",גרמים,1000.00,100 גרם,false,1,19.90,1.99,true,1,
7290011126452,false,חליטת קמומיל+נענע25ש1.5*,ויסוצקי,IL,חליטת קמומיל,גרמים,37.00,100 גרם,false,0,16.90,45.68,true,1,
7290011132583,false,"פפסי מקס מארז 500*6 מ""ל","טמפו משקאות בע""\מ",IL,פפסי מקס 6 יח,ליטרים,3.00,ליטר,false,0,19.40,6.47,true,1,
7290011133375,false,"מכבי שנדי אפרסק 330*6מ""ל","טמפו משקאות בע""מ",IL,מכבי שנדי 6 יח,ליטרים,1.98,ליטר,false,0,34.90,17.63,true,1,
7290011133634,false,"פפסי מקס פחית 330*6מ""ל","טמפו משקאות בע""\מ",IL,פפסי מקס 6 פחיות,ליטרים,1.98,ליטר,false,1,16.50,8.33,true,1,
7290011154035,false,"תרכיז תפוחים סחוט 500מ""ל",---,IL,תרכיז תפוחים,מיליליטרים,500.00,"100 מ""ל",false,1,20.50,4.10,true,1,
7290011154042,false,"ממרח תמרים בד""ץ 450 גרם",,IL,"ממרח תמרים בד""ץ",גרמים,450.00,100 גרם,false,1,5.90,1.31,true,1,
7290011154103,false,"רסק תפו""ע",,IL,"רסק תפו""ע",גרמים,560.00,100 גרם,false,0,7.90,1.41,true,1,
7290011154110,false,"רסק תפו""ע",,IL,"רסק תפו""ע",גרמים,560.00,100 גרם,false,0,7.90,1.41,true,1,
7290011154134,false,סילאן צנצנת,,IL,סילאן צנצנת,גרמים,900.00,100 גרם,false,0,13.90,1.54,true,1,
7290011154301,false,ממרח תמרים 450 ג,,IL,ממרח תמרים 450 ג,גרמים,450.00,100 גרם,false,0,5.90,1.31,true,1,
7290011154318,false,סילאן טבעי ללא סוכר 900,טעמי הגליל,IL,סילאן טבעי,גרמים,900.00,100 גרם,false,1,19.90,2.21,true,1,
7290011164539,false,סוכריות טופי,,BR,סוכריות טופי,גרמים,600.00,100 גרם,false,0,14.90,2.48,true,1,
7290011164546,false,סוכריות טופי,,BR,סוכריות טופי,גרמים,600.00,100 גרם,false,0,14.90,2.48,true,1,
7290011164553,false,סוכריות טופי,,BR,סוכריות טופי,גרמים,700.00,100 גרם,false,0,14.90,2.13,true,1,
7290011174156,false,תירס גרעינים ויטה 550גרם,פרי הגליל בעמ,IL,תירס גרעינים,גרמים,550.00,100 גרם,false,0,5.90,1.07,true,1,
7290011174187,false,אפונה גינה ויטה 580 גרם,פרי גליל,IL,אפונה גינה,גרמים,580.00,100 גרם,false,0,5.90,1.02,true,1,
7290011174194,false,אפונה גינה וגזר ויטה550ג,פרי גליל,IL,אפונה וגזר,גרמים,550.00,100 גרם,false,0,5.90,1.07,true,1,
7290011174392,false,שעועית לבנה אפויה 570 גר,פרי הגליל בעמ,IL,שעועית אפויה,גרמים,570.00,100 גרם,false,0,5.90,1.04,true,1,
7290011202316,false,גריל עוף 80 גרם,,IL,גריל עוף 80 גרם,גרמים,80.00,100 גרם,false,0,3.90,4.88,true,1,
7290011202323,false,פפריקה חריפה80ג,,IL,פפריקה חריפה80ג,גרמים,80.00,100 גרם,false,0,3.90,4.88,true,1,
7290011202330,false,כמון בשקית50גרם,,IL,כמון בשקית50גרם,גרמים,50.00,100 גרם,false,0,3.90,7.80,true,1,
7290011202361,false,אורגנו בשקית,,,אורגנו בשקית,גרמים,30.00,100 גרם,false,0,3.90,13.00,true,1,
7290011202378,false,קינמון 80 גרם,,IL,קינמון 80 גרם,גרמים,80.00,100 גרם,false,0,3.90,4.88,true,1,
7290011202385,false,מלח לימון בשקית,,,מלח לימון בשקית,גרמים,80.00,100 גרם,false,0,3.90,4.88,true,1,
7290011202408,false,שביבי בצל בשקית,,IL,שביבי בצל בשקית,גרמים,40.00,100 גרם,false,0,3.90,9.75,true,1,
7290011202415,false,סודה לשתיה,,,סודה לשתיה,גרמים,200.00,100 גרם,false,0,3.90,1.95,true,1,
7290011202835,false,פפריקה מתוקה קופסה 300 ג,,IL,פפריקה מתוקה קופסה 300 ג,גרמים,300.00,100 גרם,false,0,14.90,4.97,true,1,
7290011202842,false,פלפל שחור,,IL,פלפל שחור,גרמים,300.00,100 גרם,false,0,24.90,8.30,true,1,
7290011202866,false,מלח לימון צנצנת,,IL,מלח לימון צנצנת,גרמים,300.00,100 גרם,false,0,14.90,4.97,true,1,
7290011202873,false,סודה לשתיה 600 גרם,דרומה,IL,סודה לשתיה,גרמים,600.00,100 גרם,false,0,14.90,2.48,true,1,
7290011202897,false,אבקת שום 300 גרם,דרומה,IL,אבקת שום,גרמים,300.00,100 גרם,false,0,14.90,4.97,true,1,
7290011231620,false,4 סוללות אלקליין AA,,CN,4 סוללות אלקליין,יחידה,1.00,יחידה,false,1,7.50,7.50,true,1,
7290011231637,false,4 סוללות אלקליין AAA,,CN,4 סוללות אלקליין,יחידה,1.00,יחידה,false,1,7.50,7.50,true,1,
7290011240332,false,תירוש ענבים אדום 1ל',יקב ציון,IL,תירוש ענבים,ליטרים,1.00,ליטר,false,0,14.90,14.90,true,1,
7290011240905,false,"מוסקטו לבן 750 מ""ל",יקב ציון,IL,מוסקטו לבן,מיליליטרים,750.00,"100 מ""ל",false,0,26.90,3.59,true,1,
7290011249748,false,רולים בטעם שוקו,,IL,רולים בטעם שוקו,גרמים,100.00,100 גרם,false,0,3.90,3.90,true,1,
7290011249755,false,רולים טעם אגוז,,IL,רולים טעם אגוז,גרמים,100.00,100 גרם,false,0,3.90,3.90,true,1,
7290011254018,false,שעועית מש 500 גרם,מיה תעשיות מזון מ.ת.מ. ב,IL,שעועית מש,גרמים,500.00,100 גרם,false,0,6.90,1.38,true,1,
7290011254230,false,מארז תן צ'אפ טבעות 15X8ג,מיה תעשיות מזון מ.ת.מ. ב,IL,מארז תן צ'אפ,גרמים,120.00,100 גרם,false,0,8.90,7.42,true,1,
7290011254247,false,תן צאפ בטעם ברביקי15X8ג,מיה,IL,חטיף תן צ'אפ,גרמים,120.00,100 גרם,false,0,8.90,7.42,true,1,
7290011254346,false,"קינואה 1 ק""ג",מיה תעשיות מזון מ.ת.מ. ב,IL,קינואה,קילוגרמים,1.00,"ק""ג",false,0,19.90,19.90,true,1,
7290011254452,false,סוכריות ללא סוכר מנטה80ג,מיה תעשיות מזון מ.ת.מ. ב,IL,סוכריות ללא סוכר,גרמים,80.00,100 גרם,false,0,5.80,7.25,true,1,
7290011254476,false,סוכ.ללא סוכר תפוח/דוב80.,מיה תעשיות מזון מ.ת.מ. ב,IL,סוכריות ללא סוכר,גרמים,80.00,100 גרם,false,0,5.80,7.25,true,1,
7290011254483,false,סוכ.ללא סוכר אפרסק 80 גר,מיה תעשיות מזון מ.ת.מ. ב,IL,סוכריות ללא סוכר,גרמים,80.00,100 גרם,false,0,5.80,7.25,true,1,
7290011254490,false,סוכ.ללא סוכר פירות יער80,מיה תעשיות מזון מ.ת.מ. ב,IL,סוכריות ללא סוכר,גרמים,80.00,100 גרם,false,0,5.80,7.25,true,1,
7290011254582,false,חמוציות חתוכות 150 גרם,מיה תעשיות מזון מ.ת.מ. ב,IL,חמוציות,גרמים,150.00,100 גרם,false,0,7.90,5.27,true,1,
7290011254698,false,"שמן זית 750 מ""ל",מיה,ES,שמן זית,מיליליטרים,750.00,"100 מ""ל",false,0,29.90,3.99,true,1,
7290011254728,false,ג'לטין טהור מיה 25 גרם,מיה תעשיות מזון מ.ת.מ. ב,IL,ג'לטין טהור,גרמים,25.00,100 גרם,false,0,9.90,39.60,true,1,
7290011254759,false,שעועית שחורה 500 גרם,מיה תעשיות מזון מ.ת.מ. ב,IL,שעועית שחורה,גרמים,500.00,100 גרם,false,0,6.90,1.38,true,1,
7290011254766,false,שעועית לוביה 400 גרם,מיה תעשיות מזון מ.ת.מ. ב,IL,שעועית לוביה,גרמים,400.00,100 גרם,false,0,6.90,1.73,true,1,
7290011254773,false,שעועית ארגנטינאית 500 גר,מיה תעשיות מזון מ.ת.מ. ב,IL,שעועית ארגנטינאי,גרמים,500.00,100 גרם,false,0,8.90,1.78,true,1,
7290011254780,false,"שעועית ארגנטינאית 1 ק""ג",מיה תעשיות מזון מ.ת.מ. ב,IL,"שעועית 1 ק""ג",קילוגרמים,1.00,"ק""ג",false,0,16.90,16.90,true,1,
7290011254803,false,סוכריות גלי טבעות 125 גר,מיה תעשיות מזון מ.ת.מ. ב,IL,סיכריות גלי125ג,גרמים,125.00,100 גרם,false,0,5.90,4.72,true,1,
7290011254810,false,סוכריות ג'לי פירות 125 ג,מיה תעשיות מזון מ.ת.מ. ב,IL,סוכריות גלי 125ג,גרמים,125.00,100 גרם,false,0,5.90,4.72,true,1,
7290011254827,false,סוכריות גלי פלחי הדר125ג,מיה תעשיות מזון מ.ת.מ. ב,IL,סוכריות גלי 125ג,גרמים,125.00,100 גרם,false,0,5.90,4.72,true,1,
7290011254841,false,סוכריות ג'לי חמוץ 125 גר,מיה תעשיות מזון מ.ת.מ. ב,IL,סוכריות גלי 125ג,גרמים,125.00,100 גרם,false,0,5.90,4.72,true,1,
7290011254858,false,סוכריות ג'לי טרופי 125 ג,,IL,סוכריות ג'לי בטע,יחידה,1.00,יחידה,false,1,5.90,5.90,true,1,
7290011254964,false,סוכריות ג'לי טבעי 25ג10*,מיה תעשיות מזון מ.ת.מ. ב,IL,סוכריות גלי10*25,גרמים,250.00,100 גרם,false,0,9.90,3.96,true,1,
7290011431341,false,מזלג איכותי חד פעמי 100,,TR,מזלג  חד פעמי,יחידה,1.00,יחידה,false,1,7.90,7.90,true,1,
7290011431358,false,כפיות איכותי חד פעמי 100,,TR,כפיות חד פעמי,יחידה,1.00,יחידה,false,1,7.90,7.90,true,1,
7290011431365,false,סכין איכותי חד פעמי 100,,TR,סכין חד פעמי,יחידה,1.00,יחידה,false,1,7.90,7.90,true,1,
7290011431594,false,"סיר אלומיניום ענק ח""פ",,CN,סיר אלומיניום,יחידה,1.00,יחידה,false,1,9.90,9.90,true,1,
7290011489694,false,פירורי בסקוויט וניל300ג,אפיפית,IL,פירורי בסקוויט,גרמים,300.00,100 גרם,false,0,5.90,1.97,true,1,
7290011498962,false,שקד לבן בכבישה קרה 300 ג,מרכז השקד,IL,שקד לבן כבישה קר,גרמים,300.00,100 גרם,false,0,34.90,11.63,true,1,
7290011499051,false,פטה כבשים 20% 250ג,מחלבות גד,IL,פטה כבשים,גרמים,250.00,100 גרם,false,0,24.90,9.96,true,1,
7290011499358,false,פטה עיזים 20% שומן 200 ג,מחלבות גד,IL,פטה עיזים20%,גרמים,200.00,100 גרם,false,0,24.90,12.45,true,1,
7290011499365,false,חלומי גד גב.קשה 24% 200ג,"מחלבות גד בע""\מ",IL,חלומי גד 24%,גרמים,200.00,100 גרם,false,0,19.90,9.95,true,1,
7290011499419,false,גב.שמנת ט.טבעי5% 200גרם,מחלבות גד,IL,גבינת שמנת גד5%,גרמים,200.00,100 גרם,false,0,11.50,5.75,true,1,
7290011499686,false,גבינה צפתית 5% שומן 350ג,מחלבות גד,IL,גבינה צפתית,גרמים,350.00,100 גרם,false,0,20.90,5.97,true,1,
7290011499723,false,פרוסות גב.בולגרית5% 250ג,מחלבות גד,IL,גבינה בולגרית,גרמים,250.00,100 גרם,false,0,24.90,9.96,true,1,
7290011499730,false,גבינה בולגרית 5% 250 גרם,מחלבות גד,IL,גבינה בולגרית 5%,גרמים,250.00,100 גרם,false,0,21.90,8.76,true,1,
7290011499822,false,גבינה בולגרית 5%,,IL,גבינה בולגרית 5%,גרמים,250.00,100 גרם,false,0,22.90,9.16,true,1,
7290011499846,false,ריקוטה פרסקה 9%,,IL,ריקוטה פרסקה 9%,גרמים,300.00,100 גרם,false,0,16.90,5.63,true,1,
7290011499853,false,גבינת שמנת,,IL,גבינת שמנת,גרמים,200.00,100 גרם,false,0,12.90,6.45,true,1,
7290011515683,false,מאגדת אקסטרים וניל 6יח,גלידות נסטלה,IL,מאגדת אקסטרים,גרמים,432.00,100 גרם,false,0,29.90,6.92,true,1,
7290011515911,false,מאגדת לייט ריבת חלב,גלידות נסטלה )נגה גלידות,IL,מאגדת לייט,גרמים,312.00,100 גרם,false,0,25.90,8.30,true,1,
7290011518561,false,"אקטימל תות 100*14 מ""ל","שטראוס בריאות בע""\מ",IL,אקטימל מארז14יח',ליטרים,1.40,ליטר,false,0,29.90,21.36,true,1,
7290011575809,false,הגרטי מבריק כלי כסף 200,דיוורסי,BE,מבריק כלי כסף,מיליליטרים,200.00,"100 מ""ל",false,0,29.90,14.95,true,1,
7290011587093,false,תירס גמדי שלם במי מלח480,פוג'אן טונגפה,CN,תירס גמדי,גרמים,480.00,100 גרם,false,1,5.90,1.23,true,1,
7290011598211,false,סנו אנטי קאלק נ.כללי700מ,סנו מפעלי ברונוס בעמ,IL,סנו אנטי קאלק,מיליליטרים,700.00,"100 מ""ל",false,0,16.90,2.41,true,1,
7290011598372,false,מטלית רצפה פרופשיונל,סנו,IL,מטלית לרצפה,יחידה,1.00,יחידה,false,0,10.90,10.90,true,1,
7290011598402,false,מרכך מקסימה מאסק 4 ל',"סנו מפעלי ברונוס בע""\מ",IL,מרכך כביסה,ליטרים,4.00,ליטר,false,0,19.90,4.98,true,1,
7290011599836,false,משפר אפיה 100 גרם,"סופר קמח רובינפלד בע""מ",IL,משפר אפיה,גרמים,100.00,100 גרם,false,1,10.90,10.90,true,1,
7290011622428,false,כתמטמינים חטיף בריאות45ג,אשבל,IL,חטיף בריאות,גרמים,45.00,100 גרם,false,0,4.90,10.89,true,1,
7290011765446,false,משחה אורביטול ענבים 70 ג,טרופיקל דגיל תעשיות קוסמ,IL,משחת שיניים,גרמים,70.00,100 גרם,false,0,7.90,11.29,true,1,
7290011765613,false,סנו מסיר עובש 1 ליטר,"סנו מפעלי ברונוס בע""\מ",IL,סנו מסיר עובש,ליטרים,1.00,ליטר,false,1,15.90,15.90,true,1,
7290011931162,false,"סוכרלוז נוזלי 220 מ""ל",ביסקול בע''מ,IL,סוכרלוז נוזלי,מיליליטרים,220.00,"100 מ""ל",false,0,27.90,12.68,true,1,
7290011947477,false,"שמן זית כתית 750 מ""ל",זיתא,IL,שמן זית כתית750מ,מיליליטרים,750.00,"100 מ""ל",false,1,32.90,4.39,true,1,
7290011963002,false,"פטרוזיליה כשר בד""ץ - יח'",משק ימיני,IL,פטרוזיליה כשר,יחידה,1.00,יחידה,false,30,4.90,4.90,true,1,
7290011963019,false,"כוסברה כשר בד""ץ - יח'",משק ימיני,IL,"כוסברה כשר בד""ץ",יחידה,1.00,יחידה,false,0,4.90,4.90,true,1,
7290011963033,false,"שמיר כשר בד""ץ - יחי'",משק ימיני,IL,"שמיר כשר בד""ץ",יחידה,1.00,יחידה,false,0,4.90,4.90,true,1,
7290011963040,false,"סלרי עלים כשר בד""ץ -יחי'",משק ימיני,IL,"סלרי כשר בד""ץ",יחידה,1.00,יחידה,false,0,5.90,5.90,true,1,
7290011963057,false,"סלק עלים כשר בד""ץ - יחי'",משק ימיני,IL,"סלק עלים כשר בד""",יחידה,1.00,יחידה,false,0,5.90,5.90,true,1,
7290011963064,false,"חסה כשר בד""ץ - יחי'",משק ימיני,IL,"חסה כשר בד""ץ",יחידה,1.00,יחידה,false,0,5.90,5.90,true,1,
7290011963071,false,"כרוב לבן כשר בד""ץ",משק ימיני,IL,"כרוב לבן כשר בד""",קילוגרמים,0.00,"ק""ג",true,0,12.90,12.90,true,1,
7290011963231,false,חסה לבבות כשר - יח',משק ימיני,IL,חסה לבבות כשר,יחידה,1.00,יחידה,false,10,9.90,9.90,true,1,
7290011977627,false,סרדינים בשמן,,MA,סרדינים בשמן,גרמים,125.00,100 גרם,false,0,3.90,3.12,true,1,
7290011977634,false,סרדינים עם חריף,,,סרדינים עם חריף,גרמים,125.00,100 גרם,false,0,3.90,3.12,true,1,
7290011977641,false,סרדינים שמן לימו,,,סרדינים שמן לימו,גרמים,125.00,100 גרם,false,0,3.90,3.12,true,1,
7290011977665,false,סרדינים ברוטב,,,סרדינים ברוטב,גרמים,125.00,100 גרם,false,0,3.90,3.12,true,1,
7290012025822,false,סלט סלק אסלי 400 גרם,סלטי שמיר,IL,סלט סלק,גרמים,400.00,100 גרם,false,1,10.90,2.73,true,1,
7290012025839,false,מטבוחה אסלי 400 גרם,סלטי שמיר,IL,מטבוחה אסלי,גרמים,400.00,100 גרם,false,0,10.90,2.73,true,1,
7290012071003,false,משחה לתינוק,,IL,משחה לתינוק,גרמים,200.00,100 גרם,false,0,22.90,11.45,true,1,
7290012116612,false,4 מברשות שיניים אורביטול,קוסמופארם,CN,4 מברשות שיניים,יחידה,1.00,יחידה,false,0,12.90,12.90,true,1,
7290012117039,false,"סנו""00"" לניקוי אמבטיה 1ל",סנו מפעלי ברונוס בעמ,IL,"סנו ""00"" לאמבטיה",ליטרים,1.00,ליטר,false,0,8.90,8.90,true,1,
7290012117275,false,סנוקליר שקית מילוי 750מל,סנו מפעלי ברונו בעמ,IL,סנוקליר מילוי,מיליליטרים,750.00,"100 מ""ל",false,0,5.90,0.79,true,1,
7290012117350,false,סנו ריצפז פרש לילך 2ליטר,"סנו מפעלי ברונוס בע""\מ",IL,סנו ריצפז,ליטרים,2.00,ליטר,false,0,16.90,8.45,true,1,
7290012117534,false,מרכ.מקסימה ס.מרוכז קול1ל,"סנו מפעלי ברונוס בע""\מ",IL,מקסימה ס.מרוכז,ליטרים,1.00,ליטר,false,0,15.90,15.90,true,1,
7290012117558,false,מרכ.מקסימה ס.מרוכז מסק1ל,"סנו מפעלי ברונוס בע""\מ",IL,מקסימה ס.מרוכז,ליטרים,1.00,ליטר,false,0,15.90,15.90,true,1,
7290012117732,false,מרכך כב.מקסימה 4COOLליטר,"סנו מפעלי ברונוס בע""\מ",IL,מרכך מקסימה COOL,ליטרים,4.00,ליטר,false,0,19.90,4.98,true,1,
7290012117916,false,אינסטלטור נוזלי,,IL,אינסטלטור נוזלי,ליטרים,1.00,ליטר,false,0,24.90,24.90,true,1,
7290012193163,false,סבון פמילי ורוד משאבה1ל,אינטרקוסמא,TR,סבון פמילי,ליטרים,1.00,ליטר,false,0,12.90,12.90,true,1,
7290012227608,false,חרמון+ברביקיו 300*2 גרם,זוגלובק,IL,חרמון+ברביקיו,גרמים,600.00,100 גרם,false,0,29.90,4.98,true,1,
7290012227615,false,נקניקיות עוף 800 גרם,זוגלובק,IL,נקניקיות עוף800ג,גרמים,800.00,100 גרם,false,0,21.90,2.74,true,1,
7290012227622,false,חרמון כפרית דבש 400 גרם,זוגלובק,IL,חרמון כפרית דבש,גרמים,400.00,100 גרם,false,0,21.90,5.48,true,1,
7290012227738,false,סלמי תה מעושן מחפוד370ג,זוגלובק,IL,סלמי תה מעושן,גרמים,370.00,100 גרם,false,1,19.90,5.38,true,1,
7290012227769,false,פסטרמה ברביקיו מחפוד 400,זוגלובק,IL,פסטרמה ברביקיו,גרמים,400.00,100 גרם,false,1,21.90,5.48,true,1,
7290012227783,false,תה מעושן מחפוד 400 גרם,זוגלובק,IL,תה מעושן,גרמים,400.00,100 גרם,false,1,21.90,5.48,true,1,
7290012228407,false,"נקניקיות ג'מבו 1.5 ק""ג",זוגלובק,IL,נקניקיות גמבו,קילוגרמים,1.50,"ק""ג",false,1,34.90,23.27,true,1,
7290012228629,false,נקניקיות עוף 800 גרם,זוגלובק,IL,נקניקיות עוף,גרמים,800.00,100 גרם,false,1,24.90,3.11,true,1,
7290012228766,false,קבנוס מחפוד 120 גרם,---,IL,קבנוס 120 גרם,גרמים,120.00,100 גרם,false,1,10.90,9.08,true,1,
7290012313462,false,מלפפון במלח 7-9 20%+ 650,קבוצת יבנה,IL,מלפפון במלח,גרמים,650.00,100 גרם,false,1,5.90,0.91,true,1,
7290012313479,false,מלפפון במלח 10-12 20%+ 6,קבוצת יבנה,IL,מלפפון במלח,גרמים,650.00,100 גרם,false,1,6.90,1.06,true,1,
7290012313486,false,מלפפון במלח 13-17 20%+,קבוצת יבנה מוצרי מזון,IL,מלפפון במלח,גרמים,650.00,100 גרם,false,1,7.90,1.22,true,1,
7290012313493,false,מלפפון בחומץ 7-9 20%+ 65,קבוצת יבנה,IL,מלפפון בחומץ,גרמים,650.00,100 גרם,false,1,5.90,0.91,true,1,
7290012313509,false,מלפפון בחומץ 10-12 20%+,קבוצת יבנה,IL,מלפפון בחומץ,גרמים,650.00,100 גרם,false,1,6.90,1.06,true,1,
7290012367717,false,ק.ידיים שיבולת שועל 150מ,פישר מעבדות פרמצבטיות בע,IL,קרם ידיים,מיליליטרים,150.00,"100 מ""ל",false,0,14.90,9.93,true,1,
7290012372100,false,"קמח חיטה 80% 1 ק""ג","סופר קמח רובינפלד בע""מ",IL,קמח חיטה,קילוגרמים,1.00,"ק""ג",false,0,10.90,10.90,true,1,
7290012372124,false,"קמח כוסמין 100% 1 ק""ג","סופר קמח רובינפלד בע""מ",IL,קמח כוסמין,קילוגרמים,1.00,"ק""ג",false,1,16.90,16.90,true,1,
7290012372155,false,"קמח כוסמין 80% 1 ק""ג","סופר קמח רובינפלד בע""מ",IL,קמח כוסמין,קילוגרמים,1.00,"ק""ג",false,1,16.90,16.90,true,1,
7290012372247,false,קמח כוסמין לבן מנופה 1קג,"סופר קמח רובינפלד בע""מ",IL,קמח כוסמין,קילוגרמים,1.00,"ק""ג",false,1,17.90,17.90,true,1,
7290012454189,false,סוכ.ללא סוכר אפרסק 80גרם,מיה,IL,סוכריות ללא סוכר,גרמים,80.00,100 גרם,false,0,5.80,7.25,true,1,
7290012454196,false,סוכ.ללא סוכר קפוצינו80גר,מיה תעשיות מזון מ.ת.מ. ב,IL,סוכריות ללא סוכר,גרמים,80.00,100 גרם,false,0,5.80,7.25,true,1,
7290012454202,false,סוכ.ללא סוכר ריבת חלב80ג,מיה תעשיות מזון מ.ת.מ. ב,IL,סוכריות ללא סוכר,גרמים,80.00,100 גרם,false,0,5.80,7.25,true,1,
7290012454257,false,שזיף מיובש ללא גלעין 200,מיה תעשיות מזון מ.ת.מ. ב,IL,שזיף מיובש,גרמים,200.00,100 גרם,false,0,11.90,5.95,true,1,
7290012454578,false,קישוט לעוגה,,IL,קישוט לעוגה,גרמים,70.00,100 גרם,false,0,4.90,7.00,true,1,
7290012454943,false,150 חמוציות שלמות בשקית,מיה תעשיות מזון מ.ת.מ. ב,IL,חמוציות שלמות,גרמים,150.00,100 גרם,false,0,12.90,8.60,true,1,
7290012645129,false,יוגורט כבשים בדלי 750גרם,מחלבת סוסיא,IL,יוגורט כבשים,גרמים,750.00,100 גרם,false,0,17.90,2.39,true,1,
7290012645389,false,יוגורט עיזים לשתיה 1 ל',מחלבת סוסיא,IL,יוגורט עיזים,ליטרים,1.00,ליטר,false,0,19.90,19.90,true,1,
7290012803055,false,סוכרלוז 100 שקיות,"קיפל טבליות וממתיקים בע""",IL,סוכרלוז,גרמים,100.00,100 גרם,false,0,19.90,19.90,true,1,
7290012803215,false,"ופל בלגי ט.שוק.ללת""ס200ג","גילרו בע""\מ",IL,וופל בלגי,גרמים,200.00,100 גרם,false,0,9.90,4.95,true,1,
7290012818035,false,חטיף בוטנים ספיידר25*10ג,"10 ברוס ע.ט בע""מ",IL,ספיידר במארז,גרמים,250.00,100 גרם,false,1,7.90,3.16,true,1,
7290012818073,false,צ'יק צ'אק בצל 190 גרם,"10 ברוס ע.ט בע""מ",IL,צ'יק צ'אק בצל,גרמים,190.00,100 גרם,false,1,3.90,2.05,true,1,
7290012818080,false,ספיידר חטיף בוטנים 80 גר,"10 ברוס ע.ט בע""מ",IL,ספיידר בוטנים,גרמים,80.00,100 גרם,false,1,2.90,3.63,true,1,
7290012818219,false,צ'יק צ'אק גריל 190 גרם,"10 ברוס ע.ט בע""מ",IL,צ'יק צ'אק גריל,גרמים,190.00,100 גרם,false,1,3.90,2.05,true,1,
7290012818394,false,מארז צ'יק צ'אק גריל20*20,,IL,מארז צ'יק צ'אק ג,גרמים,400.00,100 גרם,false,1,8.90,2.23,true,1,
7290012818523,false,צ'יק צ'אק ברבקיו 190 גרם,"10 ברוס ע.ט בע""מ",IL,צ'יק צ'אק ברבקיו,גרמים,190.00,100 גרם,false,1,3.90,2.05,true,1,
7290012818530,false,צ'יק צ'אק פיצה 190 גרם,"10 ברוס ע.ט בע""מ",IL,צ'יק צ'אק פיצה,גרמים,190.00,100 גרם,false,1,3.90,2.05,true,1,
7290012823374,false,אנטי קאלק מטליות 50 יח',סנו מפעלי ברונוס בעמ,IL,מטליות אנטי קאלק,יחידה,1.00,יחידה,false,0,9.90,9.90,true,1,
7290012823381,false,מקסימה ס.מרוכז סנסטיב 1ל,"סנו מפעלי ברונוס בע""\מ",IL,מרכך כביסה,ליטרים,1.00,ליטר,false,0,15.90,15.90,true,1,
7290012823398,false,מטליות ריצפז ניחוח מרכך,סנו מפעלי ברונו בעמ,IL,מטליות ריצפז,יחידה,1.00,יחידה,false,1,11.90,11.90,true,1,
7290012823541,false,מטליות ריצפז ניחוח לונדר,"סנו מפעלי ברונוס בע""\מ",IL,מטליות ריצפז,יחידה,1.00,יחידה,false,0,11.90,11.90,true,1,
7290012823794,false,אל סבון כיף יסמין 2 ליטר,---,IL,אל סבון כיף,ליטרים,2.00,ליטר,false,0,19.90,9.95,true,1,
7290012823923,false,מ.מקסימה פרפיום גולדן750,סנו מפעלי ברונוס בעמ,IL,מקסימה פרפיום,מיליליטרים,750.00,"100 מ""ל",false,0,15.90,2.12,true,1,
7290012823947,false,מ.מקסימה פרפיום קריסט750,סנו מפעלי ברונוס בעמ,IL,מקסימה פרפיום,מיליליטרים,750.00,"100 מ""ל",false,0,15.90,2.12,true,1,
7290012864025,false,נבטים אלפלפא יחידה,נבטי העמק,IL,נבטים אלפלפא,יחידה,1.00,יחידה,false,0,5.90,5.90,true,1,
7290012929779,false,פסטה ספירלה,,TR,פסטה ספירלה,גרמים,500.00,100 גרם,false,0,4.90,0.98,true,1,
7290012929786,false,פסטה צינורות,,TR,פסטה צינורות,גרמים,500.00,100 גרם,false,0,4.90,0.98,true,1,
7290012929793,false,ספגטי חיטה מלאה,,TR,ספגטי חיטה מלאה,גרמים,500.00,100 גרם,false,0,4.90,0.98,true,1,
7290012929953,false,טונה במים 150X3ג,,TH,טונה במים 150X3ג,גרמים,450.00,100 גרם,false,0,15.90,3.53,true,1,
7290012929960,false,שלישיית טונה,,TH,שלישיית טונה,גרמים,450.00,100 גרם,false,0,15.90,3.53,true,1,
7290012938405,false,רדיד אלומיניום רחב דיימו,ריינולדס,CN,רדיד אלומיניום,מטרים,7600.00,מטר,false,0,14.90,0.00,true,1,
7290012938740,false,משחת סנסודיין פרש מינט75,MICLEN DE,GB,משחת סנסודיין,מיליליטרים,75.00,"100 מ""ל",false,0,19.90,26.53,true,1,
7290012982873,false,"פילה אמנון קפוא 7-9 בד""ץ",ג.עופר,IL,פילה אמנון 7-9,קילוגרמים,0.00,"ק""ג",true,1,29.90,29.90,true,1,
7290013080950,false,בולי תות 30 גרם,חטיפי העמק,IL,בולי תות 30 גרם,גרמים,30.00,100 גרם,false,1,1.90,6.33,true,1,
7290013117212,false,בורקס פילו גבינה 600 גרם,"מעדנות בע""\מ",IL,בורקס גבינה,גרמים,600.00,100 גרם,false,0,17.90,2.98,true,1,
7290013117229,false,"בורקס פילו תפו""א 600 גרם","מעדנות בע""\מ",IL,"בורקס תפו""א",גרמים,600.00,100 גרם,false,0,17.90,2.98,true,1,
7290013117526,false,בצק שמרים למאפים מתוקים,"מעדנות בע""\מ",IL,בצק שמרים,גרמים,900.00,100 גרם,false,0,17.90,1.99,true,1,
7290013121028,false,לחם לבן ל.גלוטן,,IL,לחם לבן ל.גלוטן,גרמים,500.00,100 גרם,false,0,14.90,2.98,true,1,
7290013144171,false,תערובת עוגת שוקולד560גרם,א.ל ייצור ושיווק תבלינים,IL,תערובת לעוגה,גרמים,560.00,100 גרם,false,0,14.90,2.66,true,1,
7290013144195,false,תערובת כדורי שוקולד500גר,א.ל ייצור ושיווק תבלינים,IL,תערובת כ.שוקולד,גרמים,500.00,100 גרם,false,0,14.90,2.98,true,1,
7290013144201,false,תערובת פנקייק 400 גרם,א.ל ייצור ושיווק תבלינים,IL,תערובת פנקייק,גרמים,400.00,100 גרם,false,0,14.90,3.73,true,1,
7290013144232,false,פודינג וניל 80 גרם,א.ל ייצור ושיווק תבלינים,IL,פודינג וניל,גרמים,80.00,100 גרם,false,0,4.90,6.13,true,1,
7290013144317,false,ג'וני גלילת וופל למילוי,הגביע,IL,ג'וני גלילת וופל,יחידה,1.00,יחידה,false,0,19.90,19.90,true,1,
7290013144393,false,"תמצית בטעם וניל 50 מ""ל",א.ל ייצור ושיווק תבלינים,IL,תמצית וניל,מיליליטרים,50.00,"100 מ""ל",false,0,4.90,9.80,true,1,
7290013144539,false,"צבע מאכל אדום 50 מ""ל",א.ל ייצור ושיווק תבלינים,IL,צבע מאכל אדום,מיליליטרים,50.00,"100 מ""ל",false,0,4.90,9.80,true,1,
7290013144812,false,אייס בטעם וניל 320 גרם,---,IL,אייס בטעם וניל,גרמים,320.00,100 גרם,false,1,17.90,5.59,true,1,
7290013144911,false,מיקס שוק.ציפס250מריר/חלב,אינטרגטה תעשיות מזון 19),IL,מיקס שוקולד ציפס,גרמים,250.00,100 גרם,false,1,15.90,6.36,true,1,
7290013145017,false,אגוז מלך קלוף 100 גרם,א.ל ייצור ושיווק תבלינים,IL,אגוז מלך קלוף,גרמים,100.00,100 גרם,false,0,12.90,12.90,true,1,
7290013145093,false,שקד מולבן גרוס 100 גרם,א.ל ייצור ושיווק תבלינים,IL,שקד מולבן גרוס,גרמים,100.00,100 גרם,false,0,12.90,12.90,true,1,
7290013145109,false,שקד מולבן טחון 100 גרם,א.ל ייצור ושיווק תבלינים,IL,שקד מולבן טחון,גרמים,100.00,100 גרם,false,0,12.90,12.90,true,1,
7290013145178,false,קוקוס טחון לבן 100 גרם,א.ל ייצור ושיווק תבלינים,IL,קוקוס טחון לבן,גרמים,100.00,100 גרם,false,0,3.90,3.90,true,1,
7290013145215,false,שומשום 400 גרם,א.ל ייצור ושיווק תבלינים,IL,שומשום,גרמים,400.00,100 גרם,false,0,14.90,3.73,true,1,
7290013145277,false,עלים לקרמשניט 300 גרם,SRL MARISTELLA,IT,עלים לקרמשניט,גרמים,300.00,100 גרם,false,1,17.90,5.97,true,1,
7290013145437,false,שוקולד צ'יפס 48% 250 גרם,אינטרגטה תעשיות מזון 19),IL,שוקולד צ'יפס,גרמים,250.00,100 גרם,false,0,14.90,5.96,true,1,
7290013145444,false,שוקולד צ'יפס 66% 250 גרם,אינטרגטה,IL,שוקולד צ'יפס,גרמים,250.00,100 גרם,false,0,15.90,6.36,true,1,
7290013145529,false,סוכריות צבעוניות לקישוט,א.ל ייצור ושיווק תבלינים,IL,סוכריות לקישוט,גרמים,90.00,100 גרם,false,0,5.90,6.56,true,1,
7290013145659,false,ג'לי בטעם לימון 85 גרם,א.ל ייצור ושיווק תבלינים,IL,ג'לי לימון 85 גר,גרמים,85.00,100 גרם,false,1,5.90,6.94,true,1,
7290013145796,false,"צבעי מאכל ג'ל 4 * 25 מ""ל",---,IL,צבעי מאכל 4 יח,מיליליטרים,100.00,"100 מ""ל",false,1,49.90,49.90,true,1,
7290013145826,false,פודינג בטעם וניל לבן80ג,א.ל ייצור ושיווק תבלינים,IL,פודינג וניל,גרמים,80.00,100 גרם,false,1,4.90,6.13,true,1,
7290013145956,false,שמרים יבשים בוואקום500ג,אנג'ל איסט,CN,שמרים יבשים,גרמים,500.00,100 גרם,false,0,13.90,2.78,true,1,
7290013146014,false,מלית אוכמניות50% פרי400ג,אינטרגטה,IL,מלית אוכמניות,גרמים,400.00,100 גרם,false,0,14.90,3.73,true,1,
7290013146038,false,מלית דובדבנים 70%פרי400ג,א.ל ייצור ושיווק תבלינים,IL,מלית דובדבנים,גרמים,400.00,100 גרם,false,0,14.90,3.73,true,1,
7290013146083,false,מלית חלבה 400 גרם,אינטרגטה תעשיות מזון 19),IL,מלית חלבה,גרמים,400.00,100 גרם,false,0,14.90,3.73,true,1,
7290013146199,false,קרם נוגט 400 גרם,אינטרגטה תעשיות מזון 19),IL,קרם נוגט,גרמים,400.00,100 גרם,false,0,14.90,3.73,true,1,
7290013146267,false,פודינג בטעם וניל 1 קג,א.ל ייצור ושיווק תבלינים,IL,פודינג בטעם וניל,קילוגרמים,1.00,"ק""ג",false,1,22.90,22.90,true,1,
7290013146304,false,קורנפלור 500 גרם,א.ל ייצור ושיווק תבלינים,IL,קורנפלור,גרמים,500.00,100 גרם,false,1,6.90,1.38,true,1,
7290013146724,false,אייס קפה 350 גרם,---,IL,אייס קפה,גרמים,350.00,100 גרם,false,1,17.90,5.11,true,1,
7290013153593,false,מיץ תפוזים 100%מתקתק 1ל,פריגת,IL,מיץ תפוזים מתקתק,ליטרים,1.00,ליטר,false,1,12.70,12.70,true,1,
7290013195272,false,געפילטע הונגרי,,IL,געפילטע הונגרי,גרמים,500.00,100 גרם,false,0,21.90,4.38,true,1,
7290013195289,false,געפילטע פיש ירוש,,IL,געפילטע פיש ירוש,גרמים,500.00,100 גרם,false,0,21.90,4.38,true,1,
7290013195296,false,וייט פיש רוזנר'ס,,IL,וייט פיש רוזנר'ס,גרמים,500.00,100 גרם,false,0,28.90,5.78,true,1,
7290013215017,false,פטריות דואט,מרינה,IL,פטריות דואט,גרמים,420.00,100 גרם,false,0,14.90,3.55,true,1,
7290013221001,false,אננס חתוך קפוא 500 גרם,HLADNIYA RON,PL,אננס חתוך קפוא,גרמים,500.00,100 גרם,false,1,24.90,4.98,true,1,
7290013268020,false,מקסימה סופר מרוכז פרש 1ל,"סנו מפעלי ברונוס בע""\מ",IL,מרכך כביסה,ליטרים,1.00,ליטר,false,0,15.90,15.90,true,1,
7290013268037,false,מקסימה ס.מרוכז לבנדר 1ל',"סנו מפעלי ברונוס בע""\מ",IL,מרכך כביסה,ליטרים,1.00,ליטר,false,0,15.90,15.90,true,1,
7290013268839,false,פוליויקס פרקט מלון 2 ל',"סנו מפעלי ברונוס בע""\מ",IL,פוליויקס פרקט,ליטרים,2.00,ליטר,false,1,25.90,12.95,true,1,
7290013268884,false,סנו ריצפז פרש מאסק 2ליטר,סנו מפעלי ברונוס בעמ,IL,ריצפז פרש לרצפות,ליטרים,2.00,ליטר,false,0,16.90,8.45,true,1,
7290013268907,false,מקסימה ג'ל לכביסה 3ל,"סנו מפעלי ברונוס בע""\מ",IL,מקסימה ג'ל,ליטרים,3.00,ליטר,false,0,27.90,9.30,true,1,
7290013268983,false,מרכך בישום עוצמתי ג'וי1ל,"סנו מפעלי ברונוס בע""\מ",IL,מרכך מרוכז ג'וי,ליטרים,1.00,ליטר,false,1,15.90,15.90,true,1,
7290013269003,false,מקסימה מרכך בייבי 1 ליטר,"סנו מפעלי ברונוס בע""\מ",IL,מקסימה מרכך,ליטרים,1.00,ליטר,false,0,18.90,18.90,true,1,
7290013269300,false,ניילון נצמד פלוס,,IL,ניילון נצמד פלוס,מטרים,150.00,מטר,false,0,27.90,0.19,true,1,
7290013269348,false,K3 תחנת פיתיון לתיקנים,סנו  ח.צ 520032988 מפעלי,IL,K3 תחנת פיתיון,יחידה,1.00,יחידה,false,1,51.90,51.90,true,1,
7290013269638,false,ספוג הפלא אקסטרה,,US,ספוג הפלא אקסטרה,יחידה,1.00,יחידה,false,0,9.90,9.90,true,1,
7290013269645,false,מטליות ריצפז,,IL,מטליות ריצפז,יחידה,1.00,יחידה,false,0,11.90,11.90,true,1,
7290013269669,false,ריצפז פנטזיה,,IL,ריצפז פנטזיה,ליטרים,3.00,ליטר,false,0,11.90,3.97,true,1,
7290013284310,false,רוטב פסטה,,IL,רוטב פסטה,גרמים,240.00,100 גרם,false,0,5.50,2.29,true,1,
7290013284662,false,רוטב פיצה פיתה,,IL,רוטב פיצה פיתה,גרמים,240.00,100 גרם,false,0,5.50,2.29,true,1,
7290013302656,false,פילה סרדין125 גר,,MA,פילה סרדין125 גר,גרמים,125.00,100 גרם,false,0,7.90,6.32,true,1,
7290013358448,false,קרוטונים לסלט ארוכים200,עינת,IL,קרוטונים לסלט,גרמים,200.00,100 גרם,false,0,12.90,6.45,true,1,
7290013472205,false,פטריות חתוכות תפארת 400,---,NL,פטריות שמפניון,גרמים,400.00,100 גרם,false,0,5.50,1.38,true,1,
7290013536266,false,פיתות כוסמין 99 קלוריות,,IL,פיתות כוסמין,יחידה,1.00,יחידה,false,1,11.90,11.90,true,1,
7290013536273,false,לחמניות קמח מלא 99 קלורי,,IL,לחמניות קמח מלא,גרמים,320.00,100 גרם,false,1,9.90,3.09,true,1,
7290013536280,false,לחמניות כוסמין 99 קלו' .,,IL,לחמניות כוסמין,גרמים,252.00,100 גרם,false,1,9.90,3.93,true,1,
7290013536372,false,לחמניות כוסמין מזונות,מאפיית יוסף ברון בעמ,IL,לחמניות כוסמין,גרמים,315.00,100 גרם,false,1,13.90,4.41,true,1,
7290013585387,false,קולה זירו 1 ליטר,החברה המרכזית לייצור משק,IL,קולה זירו,ליטרים,1.00,ליטר,false,1,6.30,6.30,true,1,
7290013585394,false,קוקה קולה 1 ליטר,החברה המרכזית לייצור משק,IL,קוקה קולה,ליטרים,1.00,ליטר,false,1,6.70,6.70,true,1,
7290013608260,false,מיץ רימונים סחוט טרי 1ל',גניר,IL,מיץ רימונים,ליטרים,1.00,ליטר,false,0,22.50,22.50,true,1,
7290013625212,false,פילה מרל בשמן,,MA,פילה מרל בשמן,גרמים,125.00,100 גרם,false,0,7.90,6.32,true,1,
7290013625670,false,חומץ 1 ליטר,,IL,חומץ 1 ליטר,ליטרים,1.00,ליטר,false,0,3.90,3.90,true,1,
7290013645722,false,עוגיות שוקולד,,IL,עוגיות שוקולד,גרמים,200.00,100 גרם,false,0,19.90,9.95,true,1,
7290013655585,false,קערה 9.5 קריסטל יח,,IL,קערה 9.5 קריסטל,יחידה,1.00,יחידה,false,1,10.90,10.90,true,1,
7290013677341,false,ג'לי בינס תות 100 גרם,מיה תעשיות מזון מ.ת.מ. ב,IL,ג'לי בינס תות,גרמים,100.00,100 גרם,false,0,5.90,5.90,true,1,
7290013677372,false,ג'לי בינס תפוחדובדבן100ג,מיה תעשיות מזון מ.ת.מ. ב,IL,ג'לי בינס,גרמים,100.00,100 גרם,false,0,5.90,5.90,true,1,
7290013677747,false,אבקת שוקו 500 גרם,מיה תעשיות מזון מ.ת.מ. ב,IL,אבקת שוקו,גרמים,500.00,100 גרם,false,0,6.90,1.38,true,1,
7290013719201,false,קינואה אדומה 400 גרם,"ע.רן שיווק כיטוב בע""מ",IL,קינואה אדומה,גרמים,400.00,100 גרם,false,1,17.90,4.48,true,1,
7290013719492,false,אורז לבן יסמין פרימיום,כיטוב,IL,אורז לבן יסמין,קילוגרמים,1.00,"ק""ג",false,1,19.90,19.90,true,1,
7290013847379,false,טונה סטארקיסט בשמן140*6ג,סטארקיסט,IL,טונה סטארקיסט6יח,גרמים,840.00,100 גרם,false,1,29.90,3.56,true,1,
7290013847492,false,טונה סטארקיסט במים140*6ג,סטארקיסט,IL,טונה סטארקיסט6יח,גרמים,840.00,100 גרם,false,1,29.90,3.56,true,1,
7290013848345,false,מטליות לחיטוי 50*3 יח',סנו מפעלי ברונוס בעמ,IL,מטליות ניקוי 3יח,יחידה,1.00,יחידה,false,1,21.90,21.90,true,1,
7290013906250,false,סלמי מהדרין קהילות 200 ג,טיב טירת צבי 2000,IL,סלמי מהדרין,גרמים,200.00,100 גרם,false,1,11.90,5.95,true,1,
7290013906267,false,כפרית מהדרין קהילות200ג,טיב טירת צבי 2000,IL,כפרית מהדרין200ג,גרמים,200.00,100 גרם,false,1,11.90,5.95,true,1,
7290013906281,false,"נקניקיות מהדרין 1 ק""ג",טיב טירת צבי 2000,IL,נקניקיות מהדרין,קילוגרמים,1.00,"ק""ג",false,0,24.90,24.90,true,1,
7290013906304,false,פסטרמה גחלים קהילות 400ג,טיב טירת צבי 2000,IL,פסטרמה 400 גרם,גרמים,400.00,100 גרם,false,0,29.90,7.48,true,1,
7290013906311,false,פסטרמה מעושנת קהילות400ג,טיב טירת צבי 2000,IL,פסטרמה 400 גרם,גרמים,400.00,100 גרם,false,0,29.90,7.48,true,1,
7290013906335,false,צמד נקניק מהדרין 600 גרם,טיב טירת צבי 2000,IL,צמד נקניק 600 גר,גרמים,600.00,100 גרם,false,0,29.90,4.98,true,1,
7290013906601,false,צמד כפרית ברביקיו ודבש,טיב טירת צבי 2000,IL,צמד כפרית,גרמים,600.00,100 גרם,false,1,29.90,4.98,true,1,
7290013906700,false,"נקניקיות הודו 1.5 ק""ג -",טיב טירת צבי 2000,IL,נקני הודו #1.5 ק,קילוגרמים,1.50,"ק""ג",false,1,34.90,23.27,true,1,
7290013906922,false,נקניקיות הודו חריפות 1 ק,טיב טירת צבי 2000,IL,נקניקיות חריפות,גרמים,1000.00,100 גרם,false,1,24.90,2.49,true,1,
7290013906939,false,קורנדביף 120 גרם,טירת צבי,IL,קורנדביף 120 גרם,גרמים,120.00,100 גרם,false,1,17.90,14.92,true,1,
7290013906984,false,סלמי תה מחפוד 300 גרם,טיב טירת צבי 2000,IL,סלמי תה מחפוד,גרמים,300.00,100 גרם,false,1,19.90,6.63,true,1,
7290013906991,false,סלמי מהדרין 400 גרם,טיב טירת צבי 2000,IL,סלמי מהדרין,גרמים,400.00,100 גרם,false,1,19.90,4.98,true,1,
7290013927002,false,דיקליות בטעם שוקו 400 גר,אחדות,IL,דיקליות טעם שוקו,גרמים,400.00,100 גרם,false,0,9.90,2.48,true,1,
7290013927026,false,דיקליות במגש 400 גרם,"אחדות ביח""ר לטחינה",IL,דיקליות,גרמים,400.00,100 גרם,false,0,9.90,2.48,true,1,
7290013927033,false,עוגיות מעמול,,IL,עוגיות מעמול,גרמים,600.00,100 גרם,false,0,10.90,1.82,true,1,
7290013927064,false,עוג.גרנולה+ פירות יער400,"אחדות ביח""ר לטחינה",IL,עוגיות גרנולה,גרמים,400.00,100 גרם,false,0,9.90,2.48,true,1,
7290013927101,false,"עוגה ללת""ס תפו""ע 450 גרם","אחדות בע""מ א.ת. ברקן",IL,עוגת תפוח עץ,גרמים,450.00,100 גרם,false,0,11.90,2.64,true,1,
7290013927156,false,"עוגה ללת""ס פ.יער450ג","אחדות בע""מ א.ת. ברקן",IL,עוגת פירות יער,גרמים,450.00,100 גרם,false,0,11.90,2.64,true,1,
7290013927200,false,עוגת שוקוצ'יפס 400 גרם,"אחדות בע""מ א.ת. ברקן",IL,עוגת שוקוצ'יפס,גרמים,400.00,100 גרם,false,0,11.90,2.98,true,1,
7290013927323,false,עוגת בראוניס 400 גרם,"אחדות ביח""ר לטחינה",IL,עוגת בראוניס,גרמים,400.00,100 גרם,false,0,11.90,2.98,true,1,
7290013927514,false,רוגעלך קינמון יחי,,IL,רוגעלך קינמון,גרמים,400.00,100 גרם,false,1,9.90,2.48,true,1,
7290013927637,false,"חלווה  ללת""ס 400 גרם",,IL,"חלווה  ללת""ס",גרמים,400.00,100 גרם,false,1,13.90,3.48,true,1,
7290013927644,false,עוג.כתר בטעם תות 400גרם,,IL,עוגיות כתר תות,גרמים,400.00,100 גרם,false,1,9.90,2.48,true,1,
7290013927996,false,עוגת שמרים קרנץ 400 גרם,"אחדות ביח""ר לטחינה",IL,עוגת שמרים קרנץ,גרמים,400.00,100 גרם,false,1,10.90,2.73,true,1,
7290014002197,false,חליטת קמומיל ולימונית25ש,ויסוצקי,IL,חליטת קמומיל,גרמים,75.00,100 גרם,false,0,16.90,22.53,true,1,
7290014002203,false,חליטת לימונית לואיזה 25ש,ויסוצקי,IL,חליטת לימונית,גרמים,75.00,100 גרם,false,0,16.90,22.53,true,1,
7290014002944,false,חליטת חמדת שקד גן קסום25,ויסוצקי,IL,חליטת חמדת שקד,גרמים,57.00,100 גרם,false,0,16.90,29.65,true,1,
7290014072107,false,חסה קטיף כהלכה,קטיף.,IL,חסה קטיף כהלכה,גרמים,1000.00,100 גרם,false,1,6.90,0.69,true,1,
7290014072220,false,כרוב לבן כשר,קטיף.,IL,כרוב לבן קטיף כה,קילוגרמים,0.00,"ק""ג",true,1,13.90,13.90,true,1,
7290014083806,false,עוגיות טעם חמאה,,PT,עוגיות טעם חמאה,גרמים,350.00,100 גרם,false,0,12.90,3.69,true,1,
7290014090040,false,אפונה 1.5קג,,,אפונה 1.5קג,קילוגרמים,1.50,"ק""ג",false,0,16.90,11.27,true,1,
7290014090057,false,שעועית שלמה,,IL,שעועית שלמה,קילוגרמים,1.50,"ק""ג",false,0,16.90,11.27,true,1,
7290014090064,false,שעועית חתוכה,,IL,שעועית חתוכה,קילוגרמים,1.50,"ק""ג",false,0,16.90,11.27,true,1,
7290014090071,false,שעועית צהובה,,IL,שעועית צהובה,קילוגרמים,1.50,"ק""ג",false,0,16.90,11.27,true,1,
7290014090088,false,אפונה וגזר,,IL,אפונה וגזר,קילוגרמים,1.50,"ק""ג",false,0,16.90,11.27,true,1,
7290014090095,false,ירקות העונה,,IL,ירקות העונה,קילוגרמים,1.50,"ק""ג",false,0,16.90,11.27,true,1,
7290014090460,false,שעועית שלמה עדינה 600 גר,הוראפרוסט,BE,שעועית שלמה 600ג,גרמים,600.00,100 גרם,false,1,11.90,1.98,true,1,
7290014090538,false,שערות קדאיף 400 גרם,,IL,שערות קדאיף,גרמים,400.00,100 גרם,false,0,17.90,4.48,true,1,
7290014090576,false,פולי סויה 450 גרם,עט רן,IL,פולי סויה,גרמים,450.00,100 גרם,false,0,9.90,2.20,true,1,
7290014090613,false,טורטיה 400 גרם,,IL,טורטיה 400 גרם,גרמים,400.00,100 גרם,false,0,13.90,3.48,true,1,
7290014168770,false,תבניות רוסטר בינוניות 30,,IL,תבניות רוסטר30יח,יחידה,1.00,יחידה,false,1,49.90,49.90,true,1,
7290014170032,false,"תמר מג'הול ארוז 1 ק""ג",,IL,תמר מג'הול ארוז,קילוגרמים,1.00,"ק""ג",false,1,21.90,21.90,true,1,
7290014205000,false,צלחות גדולות 50 יחידות,,IL,צלחות גדולות,יחידה,1.00,יחידה,false,1,16.90,16.90,true,1,
7290014205017,false,צלחות קטנות 50 יחידות,,TR,צלחות קטנות לבן,יחידה,1.00,יחידה,false,1,9.90,9.90,true,1,
7290014205048,false,צלחות מרק 25 יחידות,,IL,צלחות מרק 'שווה',יחידה,1.00,יחידה,false,1,9.90,9.90,true,1,
7290014206953,false,"צלחת גדולה שקוף ""שווה""",שווה,IL,צלחת גדולה שקוף,יחידה,1.00,יחידה,false,1,15.90,15.90,true,1,
7290014206960,false,"צלחת ענק שקוף ""שווה""",שווה,IL,צלחת ענק שקוף,יחידה,1.00,יחידה,false,1,24.90,24.90,true,1,
7290014218505,false,"מארז פיצות בד""צ 3 יחידות","מעדנות בע""\מ",IL,מארז פיצות,יחידה,1.00,יחידה,false,1,29.90,29.90,true,1,
7290014256620,false,קריניאנו מבעבע באזז750מ,יקבי כרמל,IL,קריניאנו באזז,מיליליטרים,750.00,"100 מ""ל",false,0,24.90,3.32,true,1,
7290014256637,false,מוסקטו מבעבע באזז 750 מל,יקבי כרמל,IL,מוסקטו באזז,מיליליטרים,750.00,"100 מ""ל",false,0,24.90,3.32,true,1,
7290014325036,false,סוכריות גלי שמחות 600 גר,מיה תעשיות מזון מ.ת.מ. ב,IL,סוכריות גלי,גרמים,600.00,100 גרם,false,0,18.90,3.15,true,1,
7290014325043,false,"פודינג בטעם וניל 1 ק""ג",מיה תעשיות מזון מ.ת.מ. ב,IL,פודינג טעם וניל,קילוגרמים,1.00,"ק""ג",false,0,14.90,14.90,true,1,
7290014325050,false,קורנפלור 500 גרם,מיה תעשיות מזון מ.ת.מ. ב,IL,קורנפלור,גרמים,500.00,100 גרם,false,0,4.90,0.98,true,1,
7290014325531,false,חמאת בוטנים 500 גרם,מיה תעשיות מזון מ.ת.מ. ב,IL,חמאת בוטנים,גרמים,500.00,100 גרם,false,0,12.90,2.58,true,1,
7290014355699,false,המבורגר גלאטשף 400 גרם,גלאט עוף,IL,המבורגר גלאטשף,גרמים,400.00,100 גרם,false,1,31.90,7.98,true,1,
7290014355705,false,קבב מקסיקני גלאטשף 400 ג,,IL,קבב מקסיקני גלאט,גרמים,400.00,100 גרם,false,1,31.90,7.98,true,1,
7290014355712,false,סטייק אנטריקוט גלאטשף,,IL,סטייק גלאטשף,גרמים,500.00,100 גרם,false,1,59.90,11.98,true,1,
7290014355729,false,נקניקיות קנקרס קפוא 375,גלאט עוף,IL,נקניקיות קנקרס,גרמים,375.00,100 גרם,false,1,29.90,7.97,true,1,
7290014355736,false,נקניקיות קראנץ' קפוא,גלאט עוף,IL,נקניקיות קראנץ',גרמים,375.00,100 גרם,false,1,22.90,6.11,true,1,
7290014355750,false,פסטרמה הודו פילדלפיה,גלאט עוף,IL,פסטרמה הודו180ג,גרמים,180.00,100 גרם,false,1,21.90,12.17,true,1,
7290014355767,false,פסטרמה קורנביף 180 גרם,גלאט עוף,IL,פסטרמה קורנביף,גרמים,180.00,100 גרם,false,1,28.90,16.06,true,1,
7290014355781,false,נקניקיות קנקרס חריפות 37,גלאט עוף,IL,נקניקיות קנקרס ח,גרמים,375.00,100 גרם,false,1,29.90,7.97,true,1,
7290014355798,false,נקניקיות צ'וריסוס קפו3,גלאט עוף,IL,נקניקיות צ'וריסו,גרמים,375.00,100 גרם,false,1,29.90,7.97,true,1,
7290014355811,false,קבב עגל גלאטשף 400 גרם,,IL,קבב גלאטשף,גרמים,400.00,100 גרם,false,1,31.90,7.98,true,1,
7290014397170,false,סנו פרש מילוי סופט 250מל,סנו מפעלי ברונוס בעמ,IL,סנו פרש סופט,מיליליטרים,250.00,"100 מ""ל",false,1,14.90,5.96,true,1,
7290014397279,false,שקיות מזון,,CN,שקיות מזון,יחידה,1.00,יחידה,false,0,9.90,9.90,true,1,
7290014397286,false,מרכך מרוכז חלב ודבש 1ל,סנו-מקסימה,IL,מרכך כביסה מרוכז,ליטרים,1.00,ליטר,false,0,15.90,15.90,true,1,
7290014397491,false,סנופרש ונ.קוקוס,,IL,סנופרש ונ.קוקוס,מיליליטרים,350.00,"100 מ""ל",false,0,10.90,3.11,true,1,
7290014397521,false,סנופרש לבנדר,,IL,סנופרש לבנדר,מיליליטרים,350.00,"100 מ""ל",false,0,10.90,3.11,true,1,
7290014397767,false,ריצפז פרש הום,,IL,ריצפז פרש הום,ליטרים,2.00,ליטר,false,0,19.90,9.95,true,1,
7290014397781,false,ריצפז פרש הום,,IL,ריצפז פרש הום,ליטרים,2.00,ליטר,false,0,19.90,9.95,true,1,
7290014397873,false,מרכך כביסה ג'נטל בריז 4ל,סנו מפעלי ברונוס בעמ,IL,מרכך מקסימה,ליטרים,4.00,ליטר,false,1,19.90,4.98,true,1,
7290014426061,false,משחת שיניים הלו קיטי50מ,כצט,IL,משחת שיניים,מיליליטרים,50.00,"100 מ""ל",false,0,11.90,23.80,true,1,
7290014434790,false,מארז סוכריות קטנטנות160ג,"סוויט טיים פודסטופ בע""מ",CN,סוכריות קטנות,גרמים,160.00,100 גרם,false,1,9.90,6.19,true,1,
7290014434837,false,סוכ. קטנות פרמידה 120גרם,"סוויט טיים פודסטופ בע""מ",CN,סוכ.קטנות פרמידה,גרמים,120.00,100 גרם,false,1,9.90,8.25,true,1,
7290014455245,false,גרנה פדנו משולש 200 גרם,גרנה פדני איטליה,IT,גבינה גרנה פדנו,גרמים,200.00,100 גרם,false,1,23.90,11.95,true,1,
7290014455252,false,גרנה פדנו מגורדת 100 גרם,---,IT,גבינה גרנה פדנו,גרמים,100.00,100 גרם,false,1,10.90,10.90,true,1,
7290014455320,false,כדור מוצרלה פרסקה 100גרם,מחלבות גד,IL,מוצרלה פרסקה,גרמים,100.00,100 גרם,false,1,8.90,8.90,true,1,
7290014455467,false,מעדן שיבולת שועל 150 גרם,מחלבות גד,IL,מעדן שיבולת שועל,גרמים,150.00,100 גרם,false,1,5.90,3.93,true,1,
7290014455610,false,יוגורט עיזים +תות 125גרם,מחלבות גד,IL,יוגורט עיזים,גרמים,125.00,100 גרם,false,1,5.90,4.72,true,1,
7290014455627,false,יוגורט עיזים +דובדבן125ג,מחלבות גד,IL,יוגורט עיזים,גרמים,125.00,100 גרם,false,1,5.90,4.72,true,1,
7290014500440,false,קש ניאון צבעוני 225 יח,,CN,קש ניאון צבעוני,יחידה,1.00,יחידה,false,0,12.90,12.90,true,1,
7290014501331,false,גליל גוורצטרמינר,,,גליל גוורצטרמינר,יחידה,1.00,יחידה,false,0,69.60,69.60,true,1,
7290014562370,false,פריכוני כוסמת,,IL,פריכוני כוסמת,גרמים,50.00,100 גרם,false,0,3.90,7.80,true,1,
7290014562547,false,טחינה עינן 100%,,IL,טחינה עינן 100%,גרמים,700.00,100 גרם,false,0,19.90,2.84,true,1,
7290014562691,false,פריכיות תירס 130 גרם,בטר אנד דיפרנט,IL,פריכיות תירס,גרמים,130.00,100 גרם,false,1,6.90,5.31,true,1,
7290014674004,false,פירורים קריספ שומ+מלח300,---,IL,פירורי לחם קריספ,גרמים,300.00,100 גרם,false,1,7.90,2.63,true,1,
7290014731264,false,כוסות חד פעמיות 100 יח',,IL,כוסות חד פעמיות,יחידה,1.00,יחידה,false,1,6.90,6.90,true,1,
7290014758148,false,גבינת גלבוע,,IL,גבינת גלבוע,גרמים,400.00,100 גרם,false,0,19.90,4.98,true,1,
7290014758162,false,חלב עיזים מלא 1ל,,IL,חלב עיזים מלא 1ל,ליטרים,1.00,ליטר,false,0,15.50,15.50,true,1,
7290014758544,false,"חמאה בד""ץ",,IL,"חמאה בד""ץ",גרמים,200.00,100 גרם,false,0,7.20,3.60,true,1,
7290014759084,false,גבינת נפוליאון,,IL,גבינת נפוליאון,גרמים,225.00,100 גרם,false,0,13.90,6.18,true,1,
7290014759701,false,יופלה וניל 8 יח,,IL,יופלה וניל 8 יח,קילוגרמים,1.20,"ק""ג",false,0,19.90,16.58,true,1,
7290014760134,false,מעדן סויה בטעם וניל 125ג,---,IL,מעדן סויה וניל,גרמים,125.00,100 גרם,false,1,3.90,3.12,true,1,
7290014760141,false,משקה שקדים טרי 1 ליטר,סוי מג'יק,IL,משקה שקדים,ליטרים,1.00,ליטר,false,1,12.90,12.90,true,1,
7290014761018,false,גיל בטעם וניל,,IL,גיל בטעם וניל,גרמים,125.00,100 גרם,false,0,1.40,1.12,true,1,
7290014761056,false,יולו שוקולד חלב,,IL,יולו שוקולד חלב,גרמים,123.00,100 גרם,false,0,4.50,3.66,true,1,
7290014761063,false,יולו שוקולד מריר,,IL,יולו שוקולד מריר,גרמים,123.00,100 גרם,false,0,4.50,3.66,true,1,
7290014761070,false,יולו שוקולד לבן,,IL,יולו שוקולד לבן,גרמים,123.00,100 גרם,false,0,4.50,3.66,true,1,
7290014761193,false,פרילי פירות יער 125 גרם,מחלבת אלון תבור,IL,פרילי פירות יער,גרמים,125.00,100 גרם,false,0,3.50,2.80,true,1,
7290014761254,false,יוגורט 8 יחידות,,IL,יוגורט 8 יחידות,קילוגרמים,1.20,"ק""ג",false,0,15.90,13.25,true,1,
7290014761261,false,"יופלה תות בד""צ 0% 150 גר",מחלבת אלון תבור,IL,יופלה תות,גרמים,150.00,100 גרם,false,1,4.50,3.00,true,1,
7290014761285,false,"ד.יופלה בד""צ אפרסק150ג",תנובה,IL,דיאט יופלה אפרסק,גרמים,150.00,100 גרם,false,1,4.50,3.00,true,1,
7290014761414,false,יולו שכבות שוקו.,,IL,יולו שכבות שוקו.,גרמים,123.00,100 גרם,false,0,4.50,3.66,true,1,
7290014761612,false,יולו שכבות שוקו.מריר122ג,מחלבת אלון תבור,IL,יולו שכבות שוקו.,גרמים,122.00,100 גרם,false,1,4.50,3.69,true,1,
7290014761698,false,"גב.צהובה סמי28% בד""צ600ג",---,IL,גבינה צהובה סמי,גרמים,600.00,100 גרם,false,1,29.90,4.98,true,1,
7290014762756,false,נפוליאון 16%עם בצל 225ג,תנובה,IL,גבינת נפוליאון,גרמים,225.00,100 גרם,false,1,13.90,6.18,true,1,
7290014762800,false,מעדן סויה טעם שוקולד125ג,סוי מג'יק,IL,מעדן סויה ט.שוקו,גרמים,125.00,100 גרם,false,1,3.90,3.12,true,1,
7290014762831,false,נפוליאון+חלפיניו25% 225ג,תנובה,IL,גבינת נפוליאון,גרמים,225.00,100 גרם,false,1,13.90,6.18,true,1,
7290014762848,false,פתיתי גלבוע 22% 500 גרם,---,IL,פתיתי גלבוע,גרמים,500.00,100 גרם,false,1,32.90,6.58,true,1,
7290014763272,false,משקה סויה ביו תות בנ250מ,סוי מג'יק,IL,משקה סויה ביו,מיליליטרים,250.00,"100 מ""ל",false,1,5.90,2.36,true,1,
7290014763418,false,יוגורט כד4% מהדרין 1.5ל,מחלבת אלון תבור,IL,יוגורט כד 1.5 ל',ליטרים,1.50,ליטר,false,1,15.90,10.60,true,1,
7290014867000,false,שמן זית למאור 1 ליטר,,IL,שמן זית למאור1לי,ליטרים,1.00,ליטר,false,1,19.90,19.90,true,1,
7290014867130,false,שום גבישי דרומה 300 גרם,דרומה,IL,שום גבישי דרומה,גרמים,300.00,100 גרם,false,0,14.90,4.97,true,1,
7290014890145,false,גבינת שמנת 25% 225 גרם,משק יעקבס,IL,גבינת שמנת,גרמים,225.00,100 גרם,false,1,9.90,4.40,true,1,
7290014890206,false,קרם פרש שמנת 40% 250ג,משק יעקבס,IL,קרם פרש,גרמים,250.00,100 גרם,false,1,13.90,5.56,true,1,
7290014907195,false,סטייק טונה אלבקור שקיל,,VN,סטייק טונה,קילוגרמים,0.00,"ק""ג",true,1,49.90,49.90,true,1,
7290014975408,false,מגן תחתון שחור 40 יחידות,,CN,מגן תחתון שחור,יחידה,1.00,יחידה,false,1,16.90,16.90,true,1,
7290015008372,false,כוסות שתיה חמה 50יח 8B,,CN,כוסות שתייה חמה,יחידה,1.00,יחידה,false,1,9.90,9.90,true,1,
7290015008525,false,קיסמי שיניים מלחיה,,CN,קיסמי שיניים,יחידה,1.00,יחידה,false,1,3.90,3.90,true,1,
7290015008594,false,נר נשמה שבועי,,IL,נר נשמה שבועי,יחידה,1.00,יחידה,false,1,9.90,9.90,true,1,
7290015057202,false,חומץ טבעי 1 ליטר,,IL,חומץ טבעי 1 ליטר,ליטרים,1.00,ליטר,false,0,6.90,6.90,true,1,
7290015139465,false,מיקס בייגלה שוקולד חלב55,כרמית תעשיות ממתקים בעמ,IL,מיקס בייגלה55גרם,גרמים,55.00,100 גרם,false,1,4.90,8.91,true,1,
7290015139526,false,וופל בציפוי שוקולד 125 ג,כרמית,IL,וופל ציפוי שוקול,גרמים,125.00,100 גרם,false,1,9.90,7.92,true,1,
7290015153157,false,חצאי אפרסקים 820 גרם,קרונוס,GR,חצאי אפרסקים,גרמים,820.00,100 גרם,false,1,9.90,1.21,true,1,
7290015155311,false,שישיית פרינוק,,CZ,שישיית פרינוק,קילוגרמים,1.14,"ק""ג",false,0,19.90,17.46,true,1,
7290015155328,false,שישיית פרינוק,,CZ,שישיית פרינוק,קילוגרמים,1.14,"ק""ג",false,0,19.90,17.46,true,1,
7290015155335,false,שישיית פרינוק,,CZ,שישיית פרינוק,קילוגרמים,1.14,"ק""ג",false,0,19.90,17.46,true,1,
7290015193832,false,ארומה קרקר שומשום 300 גר,---,IL,קרקר שומשום,גרמים,300.00,100 גרם,false,1,6.90,2.30,true,1,
7290015193849,false,ארומה קרקר מלח 300 גרם,---,IL,קרקר מלח,גרמים,300.00,100 גרם,false,1,6.90,2.30,true,1,
7290015194204,false,דגני בוקר מולטי כוכביםXL,אשבול,IL,מולטי כוכבים600ג,גרמים,600.00,100 גרם,false,1,12.90,2.15,true,1,
7290015194211,false,דגני בוקר מולטי פירות XL,אשבול,IL,מולטי פירות 600ג,גרמים,600.00,100 גרם,false,1,12.90,2.15,true,1,
7290015194228,false,ד.בוקר מולטי שוקו ונילXL,אשבול,IL,מולטי  שוקו וניל,גרמים,600.00,100 גרם,false,1,12.90,2.15,true,1,
7290015194235,false,דגני בוקר מולטי שוקולדXL,אשבול,IL,מולטי שוקולד600ג,גרמים,600.00,100 גרם,false,1,12.90,2.15,true,1,
7290015194532,false,קרמלי נוגט 70 גרם,אשבול,IL,קרמלי נוגט,גרמים,70.00,100 גרם,false,1,3.90,5.57,true,1,
7290015194754,false,צקיפסטיקס קטשופ 14*10גר,אשבול,IL,מארז ציפסטיקס קט,גרמים,140.00,100 גרם,false,1,9.90,7.07,true,1,
7290015282581,false,חומוס אבו גוש+חריף 200 ג,סלטי שמיר,IL,חומוס אבו גוש,גרמים,200.00,100 גרם,false,0,9.90,4.95,true,1,
7290015282598,false,חומוס מסעדות 200 גרם,סלטי שמיר,IL,חומוס,גרמים,200.00,100 גרם,false,0,9.90,4.95,true,1,
7290015282604,false,טחינה מיוחדת 200 גרם,סלטי שמיר,IL,טחינה מיוחדת,גרמים,200.00,100 גרם,false,0,9.90,4.95,true,1,
7290015282628,false,חציל בטעם כבד 200 גרם,סלטי שמיר,IL,חציל בטעם כבד,גרמים,200.00,100 גרם,false,0,12.90,6.45,true,1,
7290015282635,false,חומוס מסבחה 200 גרם,סלטי שמיר,IL,חומוס מסבחה,גרמים,200.00,100 גרם,false,0,9.90,4.95,true,1,
7290015282642,false,חומוס אבו גוש 200 גרם,סלטי שמיר,IL,חומוס אבו גוש,גרמים,200.00,100 גרם,false,0,9.90,4.95,true,1,
7290015282673,false,חציל במיונז ביתי 200 גרם,סלטי שמיר,IL,חציל במיונז,גרמים,200.00,100 גרם,false,0,9.90,4.95,true,1,
7290015282680,false,קישוא בטעם כבד 200 גרם,סלטי שמיר,IL,קישוא בטעם כבד,גרמים,200.00,100 גרם,false,0,12.90,6.45,true,1,
7290015282697,false,כרוב אדום 200 גרם,סלטי שמיר,IL,כרוב אדום,גרמים,200.00,100 גרם,false,0,12.90,6.45,true,1,
7290015282710,false,קוביות סלק 200 גרם,סלטי שמיר,IL,קוביות סלק,גרמים,200.00,100 גרם,false,0,9.90,4.95,true,1,
7290015282727,false,גזר מרוקאי 200 גרם,סלטי שמיר,IL,גזר מרוקאי,גרמים,200.00,100 גרם,false,0,12.90,6.45,true,1,
7290015282734,false,מטבוחה 200 גרם,סלטי שמיר,IL,מטבוחה 200 גרם,גרמים,200.00,100 גרם,false,0,12.90,6.45,true,1,
7290015339483,false,ערמונים 100גרם,טעמן,IL,ערמונים 100גרם,גרמים,100.00,100 גרם,false,0,5.90,5.90,true,1,
7290015339643,false,"שוקולד מריר בד""ץ 100 גרם",HALBA,CH,שוקולד מריר.,גרמים,100.00,100 גרם,false,1,6.90,6.90,true,1,
7290015339933,false,ריבת חלב 340 גרם,טעמן,IL,ריבת חלב,גרמים,340.00,100 גרם,false,0,13.90,4.09,true,1,
7290015347259,false,פירורי לחם מוזהבים 400 ג,מיה תעשיות מזון מ.ת.מ. ב,IL,פירורי לחם מוזהב,גרמים,400.00,100 גרם,false,1,5.90,1.48,true,1,
7290015347280,false,מעדן תות 280 גרם,---,BG,מעדן תות,גרמים,280.00,100 גרם,false,1,14.90,5.32,true,1,
7290015347297,false,מעדן דובדבנים 280 גרם,---,BG,מעדן דובדבנים,גרמים,280.00,100 גרם,false,1,14.90,5.32,true,1,
7290015347303,false,מעדן אוכמניות 280 גרם,---,BG,מעדן אוכמניות,גרמים,280.00,100 גרם,false,1,14.90,5.32,true,1,
7290015347310,false,מעדן משמש 280 גרם,---,BG,מעדן משמש,גרמים,280.00,100 גרם,false,1,14.90,5.32,true,1,
7290015347464,false,קינואה מעורבת 400 גרם,מיה תעשיות מזון מ.ת.מ. ב,IL,קינואה מעורבת,גרמים,400.00,100 גרם,false,1,19.90,4.98,true,1,
7290015347525,false,צ'יפס בטטה עם שום 80 גרם,מיה תעשיות מזון מ.ת.מ. ב,IL,צ'יפס בטטה,גרמים,80.00,100 גרם,false,1,7.90,9.88,true,1,
7290015347556,false,גבישי שום 300 גרם,מיה,IL,גבישי שום300גרם,גרמים,300.00,100 גרם,false,1,24.90,8.30,true,1,
7290015347679,false,"צילי גרוס בצנצנת כשל""פ 7",מיה תעשיות מזון מ.ת.מ. ב,IL,צילי גרוס,גרמים,70.00,100 גרם,false,1,7.90,11.29,true,1,
7290015347761,false,סוכריות ג'לי כוכבים מיה,מיה תעשיות מזון מ.ת.מ. ב,IL,ג'לי כוכבים,גרמים,125.00,100 גרם,false,1,5.90,4.72,true,1,
7290015347778,false,סוכריות ג'לי דגים 125 גר,מיה תעשיות מזון מ.ת.מ. ב,IL,ג'לי דגים,גרמים,125.00,100 גרם,false,1,5.90,4.72,true,1,
7290015347785,false,סוכריות ג'לי לבבות 125 ג,מיה תעשיות מזון מ.ת.מ. ב,IL,ג'לי לבבות,גרמים,125.00,100 גרם,false,1,5.90,4.72,true,1,
7290015347990,false,מארז עדשי שוקולד 20*8 ג,מיה,IL,עדשי שוקולד מארז,גרמים,160.00,100 גרם,false,1,9.90,6.19,true,1,
7290015366663,false,משחה אקווה פרש עדין100,MICLEN DE,SK,משחה אקווה פרש,מיליליטרים,100.00,"100 מ""ל",false,1,6.90,6.90,true,1,
7290015366670,false,משחה אקווה פרש מנטה 100,MICLEN DE,SK,משחה אקווה פרש,מיליליטרים,100.00,"100 מ""ל",false,1,6.90,6.90,true,1,
7290015690072,false,צ'יק צ'אק פלאפל 190 גרם,"10 ברוס ע.ט בע""מ",IL,צ'יק צ'אק פלאפל,גרמים,190.00,100 גרם,false,1,3.90,2.05,true,1,
7290015848978,false,אולטרסול קרם פנים SPF30,פישר מעבדות פרמצבטיות בע,IL,אולטרסול,מיליליטרים,75.00,"100 מ""ל",false,1,29.90,39.87,true,1,
7290015856607,false,קרקר תירוש בציפוי שוק175,מגדנית הדר,IL,קרקר תירוש,גרמים,175.00,100 גרם,false,1,6.90,3.94,true,1,
7290015856621,false,ביסקוויט תירוש קרמל175גר,מגדנית הדר,IL,ביסקוויט תירוש,גרמים,175.00,100 גרם,false,1,6.90,3.94,true,1,
7290015856751,false,פירורי עוגיות אמריקאי250,אפיפית,IL,פירורי עוגיות,גרמים,250.00,100 גרם,false,1,5.90,2.36,true,1,
7290015856973,false,"פתיבר לל""ס וניל 150 גרם",הדר,IL,"פתיבר לל""ס 150גר",גרמים,150.00,100 גרם,false,1,5.90,3.93,true,1,
7290015856980,false,"פתיבר לל""ס טעם שוקולד",הדר,IL,"פתיבר לל""ס 150גר",גרמים,150.00,100 גרם,false,1,5.90,3.93,true,1,
7290015858106,false,פסטו ביתי 180 גרם,"מדשא תעשיות מזון בע""\מ",IL,פסטו ביתי,גרמים,180.00,100 גרם,false,1,16.90,9.39,true,1,
7290015858144,false,ממרח ארטישוק 180 גרם,"מדשא תעשיות מזון בע""\מ",IL,ממרח ארטישוק,גרמים,180.00,100 גרם,false,1,16.90,9.39,true,1,
7290015879705,false,"תערובתאיטלקית לאפיה לל""ג",,IT,תערובת לאפיה,קילוגרמים,1.00,"ק""ג",false,1,14.90,14.90,true,1,
7290015879712,false,"תערובת לל""ג לאפיית עוגות",,IT,"תערובת לל""ג 500ג",גרמים,500.00,100 גרם,false,1,14.90,2.98,true,1,
7290015879729,false,תערובת לאפיה ללא גלוטן.,,IT,תערובת לאפיה,גרמים,500.00,100 גרם,false,1,14.90,2.98,true,1,
7290016006292,false,ספרינג מנגו בננה מלון1ל,"יפאורה תבורי בע""\מ",IL,נקטר ספרינג,ליטרים,1.00,ליטר,false,1,6.10,6.10,true,1,
7290016087123,false,רוטב עגב.מתובל קלאסי240ג,פריניר,IL,רוטב עגבניות,גרמים,240.00,100 גרם,false,1,5.50,2.29,true,1,
7290016087147,false,רוטב עגב.מתובל לפיצה240ג,פריניר,IL,רוטב עגבניות,גרמים,240.00,100 גרם,false,1,5.50,2.29,true,1,
7290016087239,false,רוטב עגב.שקשוקה פיקנ230ג,פריניר,IL,רוטב עגבניות,גרמים,230.00,100 גרם,false,1,5.50,2.39,true,1,
7290016094008,false,אולטרסול קרם פניםSPF50,פישר מעבדות פרמצבטיות בע,IL,אולטרסול,מיליליטרים,75.00,"100 מ""ל",false,1,44.90,59.87,true,1,
7290016096507,false,טונה בשמן קנולה80*3 גרם,תעשיות פילטונה,IL,3טונה בשמן קנולה,גרמים,240.00,100 גרם,false,1,11.90,4.96,true,1,
7290016096613,false,שישיות פילטונה בשמן צמחי,"תעשיות פילטונה בע""מ",IL,שישיות פילטונה,גרמים,840.00,100 גרם,false,1,28.90,3.44,true,1,
7290016096637,false,שישיות פילטונה שמן קנולה,"תעשיות פילטונה בע""מ",IL,שישיות פילטונה,גרמים,840.00,100 גרם,false,1,28.90,3.44,true,1,
7290016096651,false,שישיות פיל טונה במי מלח,"תעשיות פילטונה בע""מ",IL,שישיות פיטונה,גרמים,840.00,100 גרם,false,1,28.90,3.44,true,1,
7290016096811,false,ממרח טונה 160*4 גרם,פילטונה,IL,ממרח טונה 4 יח,גרמים,640.00,100 גרם,false,1,21.90,3.42,true,1,
7290016096934,false,סלט טונה פילטונה 160*2ג,תעשיות פילטונה,IL,סלט טונה 2 יח,גרמים,320.00,100 גרם,false,1,12.90,4.03,true,1,
7290016098297,false,עוג.מיני רולקס 180 גרם,הגביע,IL,עוגיות 180 גרם,גרמים,180.00,100 גרם,false,1,4.90,2.72,true,1,
7290016102239,false,נר נשמה 48 שעות,,CN,נר נשמה 48 שעות,יחידה,1.00,יחידה,false,1,4.90,4.90,true,1,
7290016102253,false,נר נשמה 72 שעות,,CN,נר נשמה 72 שעות,יחידה,1.00,יחידה,false,1,5.90,5.90,true,1,
7290016102383,false,גביעי ליקר מוכספים 24 יח,,CN,גביעי ליקר מוכספ,יחידה,1.00,יחידה,false,1,19.90,19.90,true,1,
7290016102390,false,גביעי יין מוכספים מרובע,,CN,גביעי יין 10 יח',יחידה,1.00,יחידה,false,1,19.90,19.90,true,1,
7290016104363,false,"תמצית אפייה וניל 50 מ""ל",פוליבה,IL,תמצית אפייה,מיליליטרים,50.00,"100 מ""ל",false,1,2.90,5.80,true,1,
7290016104370,false,"תמצית אפייה רום 50 מ""ל",פוליבה,IL,תמצית אפייה,מיליליטרים,50.00,"100 מ""ל",false,1,2.90,5.80,true,1,
7290016106671,false,נתחי טונה בשמן 140 גרם,,IL,טונה בשמן,גרמים,140.00,100 גרם,false,1,4.90,3.50,true,1,
7290016106688,false,נתחי טונה במים 140 גרם,,IL,טונה במים,גרמים,140.00,100 גרם,false,1,4.90,3.50,true,1,
7290016144017,false,"קמח חיטה מלאה 100% 1 ק""ג",קמח מלכים,IL,קמח חיטה מלאה,קילוגרמים,1.00,"ק""ג",false,1,9.90,9.90,true,1,
7290016144024,false,קמח כוסמין 100% מנופה1קג,קמח מלכים,IL,קמח כוסמין,קילוגרמים,1.00,"ק""ג",false,1,16.90,16.90,true,1,
7290016144031,false,"קמח לבן מנופה 1 ק""ג",קמח מלכים,IL,קמח לבן מנופה,קילוגרמים,1.00,"ק""ג",false,1,6.90,6.90,true,1,
7290016144048,false,קמח כוסמין לבן מנופה 1קג,קמח מלכים,IL,קמח כוסמין,קילוגרמים,1.00,"ק""ג",false,1,19.90,19.90,true,1,
7290016144055,false,"קמח כוסמין 80% מנופה1ק""ג",קמח מלכים,IL,קמח כוסמין 80%,קילוגרמים,1.00,"ק""ג",false,1,16.90,16.90,true,1,
7290016217643,false,חמוצים סיני אסלי 400 גרם,סלטי שמיר,IL,חמוצים סיני,גרמים,400.00,100 גרם,false,1,10.90,2.73,true,1,
7290016304404,false,לחם כוסמין 600 גרם,מאפיית דוידוביץ ובניו בע,IL,לחם כוסמין,גרמים,600.00,100 גרם,false,1,11.90,1.98,true,1,
7290016304596,false,לחמניות לסנדביץ' 10 יח,מאפיית דוידוביץ,IL,לחמניות לסנדביץ',גרמים,750.00,100 גרם,false,1,9.90,1.32,true,1,
7290016313055,false,קוגל אטריות משולש 650 גר,,IL,קוגל אטריות משול,גרמים,650.00,100 גרם,false,1,12.90,1.98,true,1,
7290016313949,false,גבניות 500 גרם,"ד.מ.בע""מ",IL,גבניות 500 גרם,גרמים,500.00,100 גרם,false,1,16.90,3.38,true,1,
7290016314762,false,פרובנציאל מטיאס 200 גרם,---,IL,פרובנציאל מטיאס,גרמים,200.00,100 גרם,false,1,16.90,8.45,true,1,
7290016314779,false,פילה מטיאס הולנדי 200גרם,---,IL,פילה מטיאס,גרמים,200.00,100 גרם,false,1,16.90,8.45,true,1,
7290016314786,false,הרינג כבוש עם בצל 220 גר,---,IL,הרינג כבוש,גרמים,220.00,100 גרם,false,1,16.90,7.68,true,1,
7290016314809,false,סלט סלמון עם מיונז 200 ג,---,IL,סלט סלמון,גרמים,200.00,100 גרם,false,1,16.90,8.45,true,1,
7290016314816,false,סלט הרינג עם מיונז 200 ג,---,IL,סלט הרינג,גרמים,200.00,100 גרם,false,1,16.90,8.45,true,1,
7290016314830,false,גרבדלקס סלמון 100 גרם,---,IL,גרבדלקס סלמון,גרמים,100.00,100 גרם,false,1,19.90,19.90,true,1,
7290016314847,false,סלמון מובחר 100גרם,---,IL,סלמון מובחר,גרמים,100.00,100 גרם,false,1,19.90,19.90,true,1,
7290016314946,false,פילה מקרל מעושן 120 גרם,---,IL,פילה מקרל מעושן,גרמים,120.00,100 גרם,false,1,17.90,14.92,true,1,
7290016319309,false,אל סבון פמלי מאסק 1 ליטר,אקסן קוסמטיק,TR,אל סבון פמלי,ליטרים,1.00,ליטר,false,1,12.90,12.90,true,1,
7290016320343,false,דאק לאסלה לבנדר 750*2 מל,אס. סי. ג'\ונסון מידרכט,NL,דאק לאסלה זוג,ליטרים,1.50,ליטר,false,1,18.90,12.60,true,1,
7290016370010,false,זיתים טבעות מוגדל 650 גר,קבוצת יבנה,IL,זיתים טבעות,גרמים,650.00,100 גרם,false,1,9.90,1.52,true,1,
7290016370027,false,זית חרוזית מוגדלת 650 גר,קבוצת יבנה,IL,זית חרוזית,גרמים,650.00,100 גרם,false,1,9.90,1.52,true,1,
7290016373806,false,לקקנים ממולאים טופי 504,פסין.אס.איי.,BR,לקקנים,גרמים,504.00,100 גרם,false,1,16.90,3.35,true,1,
7290016411164,false,פרחי כרובית מוקפאים 600ג,י.ש. ירקות עליים,IL,כרובית צפראי 600,גרמים,600.00,100 גרם,false,1,34.90,5.82,true,1,
7290016411188,false,פרחי ברוקלי מוקפאים 600ג,י.ש. ירקות עליים,IL,ברוקולי 600 גרם,גרמים,600.00,100 גרם,false,1,34.90,5.82,true,1,
7290016411706,false,כוסברה הרב לנדאו ביכורי,,IL,כוסברה קטיף הטבע,יחידה,1.00,יחידה,false,1,5.90,5.90,true,1,
7290016411713,false,שמיר הרב לנדאו ביכורי שד,,IL,שמיר קטיף הטבע,יחידה,1.00,יחידה,false,1,5.90,5.90,true,1,
7290016411720,false,נענע הרב לנדאו ביכורי שד,,IL,נענע קטיף הטבע,יחידה,1.00,יחידה,false,1,5.90,5.90,true,1,
7290016411737,false,פטרוזיליה הרב לנדאו ביכו,,IL,פטרוזיליה קטיף ה,יחידה,1.00,יחידה,false,1,5.90,5.90,true,1,
7290016411744,false,כרוב לבן שלם הרב לנדאו ב,,IL,כרוב שלם קטיף הט,קילוגרמים,0.00,"ק""ג",true,1,13.90,13.90,true,1,
7290016411751,false,חסה הרב לנדאו ביכורי שדה,,IL,חסה קטיף הטבע,יחידה,1.00,יחידה,false,1,6.90,6.90,true,1,
7290016411768,false,בצל ירוק הרב לנדאו,,IL,בצל ירוק קטיף הט,יחידה,1.00,יחידה,false,1,6.90,6.90,true,1,
7290016411775,false,סלרי הרב לנדאו ביכורי שד,,IL,סלרי עלים קטיף ה,יחידה,1.00,יחידה,false,1,6.90,6.90,true,1,
7290016416961,false,מוס גבינה תות שדה 400 ג,קפולסקי,IL,מוס גבינה תות,גרמים,400.00,100 גרם,false,1,29.90,7.48,true,1,
7290016496208,false,פתיל צף מוכן,שלהבת,IN,פתיל פקק צף עגול,יחידה,1.00,יחידה,false,1,5.90,5.90,true,1,
7290016509304,false,סבון אסלה סוד לבנדר 50 ג,הנקל,RS,סבון אסלה סוד,גרמים,50.00,100 גרם,false,1,8.90,17.80,true,1,
7290016509342,false,סבון אסלה כחול אקטיב50*3,הנקל,HU,סבון אסלה 3 יח,גרמים,150.00,100 גרם,false,1,16.90,11.27,true,1,
7290016509786,false,ג'ל כביסה פרסיל 2.5 ליטר,"הנקל סוד בע""\מ",IL,ג'ל כביסה פרסיל,ליטרים,2.50,ליטר,false,1,32.90,13.16,true,1,
7290016509809,false,ג'ל כב.פרסיל קולור 2.5 ל,"הנקל סוד בע""\מ",IL,ג'ל כביסה פרסיל,ליטרים,2.50,ליטר,false,1,32.90,13.16,true,1,
7290016509847,false,פרסיל ג'ל בלאק 2.5 ליטר,"הנקל סוד בע""\מ",IL,פרסיל ג'ל בלאק,ליטרים,2.50,ליטר,false,1,32.90,13.16,true,1,
7290016510102,false,מרכך הוואי מי קוקוס700מל,טרופיקל דגיל בעמ,IL,מרכך הוואי,מיליליטרים,700.00,"100 מ""ל",false,1,9.90,1.41,true,1,
7290016510232,false,תחליב רחצ.הוואי קוקוס700,טרופיקל דגיל בעמ,IL,תחליב רחצה הוואי,מיליליטרים,700.00,"100 מ""ל",false,1,8.90,1.27,true,1,
7290016510263,false,תח.רח.הוואי רגע יוקר700מ,טרופיקל דגיל בעמ,IL,תחליב רחצה הוואי,מיליליטרים,700.00,"100 מ""ל",false,1,8.90,1.27,true,1,
7290016510287,false,תח.רח.הוואי קרם דבש 700,טרופיקל דגיל בעמ,IL,תחליב רחצה הוואי,מיליליטרים,700.00,"100 מ""ל",false,1,8.90,1.27,true,1,
7290016510904,false,מרכך הוואי פרחי דובדב700,טרופיקל דגיל,IL,מרכך הוואי,מיליליטרים,700.00,"100 מ""ל",false,1,9.90,1.41,true,1,
7290016524871,false,מיני במיה קפואה 500 גרם,,EG,מיני במיה קפואה,גרמים,500.00,100 גרם,false,1,14.90,2.98,true,1,
7290016621341,false,אל סבון צהוב קמיל 1ליטר,פישר מעבדות פרמצבטיות בע,IL,אל סבון קמיל,ליטרים,1.00,ליטר,false,1,12.90,12.90,true,1,
7290016621358,false,אל סבון ורוד קמיל 1ליטר,פישר מעבדות פרמצבטיות בע,IL,אל סבון קמיל,ליטרים,1.00,ליטר,false,1,12.90,12.90,true,1,
7290016682182,false,שייק תמר בננ.פחות סוכרל1,פריניב בעמ,IL,שייק תמר בננה,מיליליטרים,1000.00,"100 מ""ל",false,1,14.70,1.47,true,1,
7290016682199,false,שייק תות בננ.פחות סוכר1ל,פריניב בעמ,IL,שייק תות בננה,מיליליטרים,1000.00,"100 מ""ל",false,1,14.70,1.47,true,1,
7290016682328,false,מיץ תפוזים טבעי 2 ליטר,פרי ניב,IL,מיץ תפוזים טבעי,ליטרים,2.00,ליטר,false,1,17.90,8.95,true,1,
7290016682342,false,מיץ תפוזים סחוט ולנסיה2ל,---,IL,מיץ תפוזים סחוט,ליטרים,2.00,ליטר,false,0,26.90,13.45,true,1,
7290016682359,false,מיץ תפוזים סחוט שמוטי2ל,---,IL,מיץ תפוזים סחוט,ליטרים,2.00,ליטר,false,0,26.90,13.45,true,1,
7290016682366,false,מיץ תפוח עץ צלול 2 ליטר,---,IL,מיץ תפוח עץ,ליטרים,2.00,ליטר,false,0,24.90,12.45,true,1,
7290016682380,false,משקה קל לימונדה לואיזה2ל,---,IL,משקה קל מצנון,ליטרים,2.00,ליטר,false,0,24.90,12.45,true,1,
7290016682441,false,מיץ תפוזים סחוט 1 ליטר,---,IL,מיץ תפוזים סחוט,ליטרים,1.00,ליטר,false,1,14.90,14.90,true,1,
7290016693041,false,אמירים רזרב קברנה ס.,יקבי ארזה,IL,אמירים רזרב קברנ,מיליליטרים,750.00,"100 מ""ל",false,1,18.90,2.52,true,1,
7290016693058,false,אמירים רזרב מרלו,יקבי ארזה,IL,אמירים רזרב מרלו,מיליליטרים,750.00,"100 מ""ל",false,1,18.90,2.52,true,1,
7290016693546,false,"עונות קברנה ס. 750 מ""ל",יקבי ארזה,IL,קברנה סוביניון,מיליליטרים,750.00,"100 מ""ל",false,1,22.90,3.06,true,1,
7290016693553,false,"עונות מרלו 750 מ""ל",יקבי ארזה,IL,מרלו,מיליליטרים,750.00,"100 מ""ל",false,1,22.90,3.06,true,1,
7290016693560,false,"עונות מרלו קברנה 750 מ""ל",יקבי ארזה,IL,מרלו קברנה,מיליליטרים,750.00,"100 מ""ל",false,1,22.90,3.06,true,1,
7290016717044,false,"באזז מנגו 750 מ""ל",יקבי כרמל,IL,"באזז מנגו 750מ""ל",מיליליטרים,750.00,"100 מ""ל",false,1,24.90,3.32,true,1,
7290016717051,false,"רימון מבעבע באזז 750 מ""ל",יקבי כרמל,IL,רימון באזז,מיליליטרים,750.00,"100 מ""ל",false,1,24.90,3.32,true,1,
7290016717617,false,תירוש כרמל אדום 1.2 ליטר,יקבי כרמל,IL,מיץ ענבים תירוש,ליטרים,1.20,ליטר,false,1,19.90,16.58,true,1,
7290016717754,false,"יין ישן נושן 750 מ""ל",אגודת הכורמים הקואופרטיב,IL,יין ישן נושן,מיליליטרים,750.00,"100 מ""ל",false,1,17.90,2.39,true,1,
7290016806168,false,תירס בוואקום 340 גרם,EKO,HU,תירס בוואקום340ג,גרמים,340.00,100 גרם,false,1,5.50,1.62,true,1,
7290016806205,false,קורנפלקס 750 גרם,CERERA,LE,קורנפלקס 750 גרם,גרמים,750.00,100 גרם,false,1,14.90,1.99,true,1,
7290016866643,false,"משחה פרודונטקס פרש 75מ""ל",MICLEN DE,SK,משחה פרודונטקס,מיליליטרים,75.00,"100 מ""ל",false,1,29.90,39.87,true,1,
7290016867039,false,פיתות קלות כוסמין+מחמצ6י,,IL,פיתות כוסמין 6יח,גרמים,324.00,100 גרם,false,1,14.90,4.60,true,1,
7290016867046,false,פיתות קלות כוסמין 6 יח',,IL,פיתות קלות 6 יח,גרמים,303.00,100 גרם,false,1,14.90,4.92,true,1,
7290016867053,false,לחם קל כוסמין+מחמצת450ג,,IL,לחם קל כוסמין,גרמים,450.00,100 גרם,false,1,18.90,4.20,true,1,
7290016867176,false,לחמ.קלות שומ.כוסמין 351ג,,IL,לחמניות קלות,גרמים,351.00,100 גרם,false,1,13.90,3.96,true,1,
7290016867237,false,לחם קל כוסמין במתיקות400,,IL,לחם קל כוסמין,גרמים,400.00,100 גרם,false,1,18.90,4.73,true,1,
7290016867244,false,6לחמנ.מחמצת כוסמין400ג,המאפה של דר' מארק,IL,לחמניות מחמצת6יח,גרמים,400.00,100 גרם,false,1,14.90,3.73,true,1,
7290016867268,false,6 פיתות קלות שיפון 315 ג,,IL,פיתות קלות 6 יח,גרמים,315.00,100 גרם,false,1,15.90,5.05,true,1,
7290016867350,false,פיתות קלות כוסמין מארז,המאפה של דר' מארק,IL,פיתות קלות 5יח,גרמים,350.00,100 גרם,false,1,13.90,3.97,true,1,
7290016898002,false,זוג סירי אלומיניום גדול,,IL,סיר אלומיניום,יחידה,1.00,יחידה,false,1,11.90,11.90,true,1,
7290016898033,false,מכסה לסיר גדול ארוז,,IL,מכסה לסיר גדול,יחידה,1.00,יחידה,false,1,5.90,5.90,true,1,
7290016898934,false,מנג'ט לאפיה לבן 125X2 יח,,IL,מנג'ט לאפיה,יחידה,1.00,יחידה,false,1,4.90,4.90,true,1,
7290016898958,false,"מנג'ט לבן כשל""פ 125X4 יח",,IL,מנג'ט לבן,יחידה,1.00,יחידה,false,1,5.90,5.90,true,1,
7290016898965,false,מנג'ט לבן 125X5 יח,,IL,מנג'ט לבן,יחידה,1.00,יחידה,false,1,5.90,5.90,true,1,
7290017008721,false,בשר מס 2 אשפר,,BR,בשר מס 2,קילוגרמים,0.00,"ק""ג",true,1,39.90,39.90,true,1,
7290017008783,false,בשר מס 6 חלק אשפר שקיל,,BR,בשר מס 6,קילוגרמים,0.00,"ק""ג",true,1,34.90,34.90,true,1,
7290017008790,false,מכסה הצלע מס 7 אשפר שקיל,,BR,מכסה הצלע,קילוגרמים,0.00,"ק""ג",true,1,34.90,34.90,true,1,
7290017008813,false,בשר מס 8 שריר זרוע שקיל,וינר פוד,BR,בשר מס 8 שריר,קילוגרמים,0.00,"ק""ג",true,1,39.90,39.90,true,1,
7290017023212,false,"שוופס מוגז תפוח 330*4מ""ל",יפאורה תבורי בעמ,IL,שוופס מוגז4פחיות,ליטרים,1.32,ליטר,false,1,11.50,8.71,true,1,
7290017023229,false,שוופס מוגז תות ליים330*4,יפאורה תבורי בעמ,IL,שוופס מוגז4פחיות,ליטרים,1.32,ליטר,false,1,11.50,8.71,true,1,
7290017023236,false,"שוופס מוגז ענבים330*4מ""ל",יפאורה תבורי בעמ,IL,שוופס מוגז4פחיות,ליטרים,1.32,ליטר,false,1,11.50,8.71,true,1,
7290017023809,false,ספרינג תפ.אגס סברס250*4מ,"יפאורה תבורי בע""\מ",IL,ספרינג משקה 4 יח,ליטרים,1.00,ליטר,false,1,11.90,11.90,true,1,
7290017023816,false,ספרינג פירות טרופ250*4.מ,"יפאורה תבורי בע""\מ",IL,ספרינג משקה 4 יח,ליטרים,1.00,ליטר,false,1,11.90,11.90,true,1,
7290017023823,false,ספרינג תות בננה 250*4מל,"יפאורה תבורי בע""\מ",IL,ספרינג משקה 4 יח,ליטרים,1.00,ליטר,false,1,11.90,11.90,true,1,
7290017023854,false,שוופס סודה זכוכית250*4מל,יפאורה תבורי בעמ,IL,שוופס סודה 4 יח,ליטרים,1.00,ליטר,false,1,9.90,9.90,true,1,
7290017023861,false,שוופס סודה לימון250*4מל,יפאורה תבורי בעמ,IL,שוופס סודה 4 יח,ליטרים,1.00,ליטר,false,1,9.90,9.90,true,1,
7290017023878,false,שוופס סודה נענע 250*4מל,יפאורה תבורי בעמ,IL,שוופס סודה 4 יח,ליטרים,1.00,ליטר,false,1,9.90,9.90,true,1,
7290017065007,false,מוצרלה פרוסות22% 150 גרם,מחלבות גד,IL,מוצרלה פרוסות,גרמים,150.00,100 גרם,false,1,17.90,11.93,true,1,
7290017065137,false,ריקוטה למריחה 5% 200 גרם,מחלבות גד,IL,ריקוטה למריחה,גרמים,200.00,100 גרם,false,1,9.90,4.95,true,1,
7290017065144,false,ריקוטה בזיליקום5% 200גרם,מחלבות גד,IL,ריקוטה למריחה,גרמים,200.00,100 גרם,false,1,9.90,4.95,true,1,
7290017065212,false,קרם מסקרפונה 38% 250 גרם,מחלבות גד,IL,קרם מסקרפונה,גרמים,250.00,100 גרם,false,1,19.90,7.96,true,1,
7290017065304,false,שמנת ניו יורק 30% טבעית,מחלבות גד,IL,שמנת ניו יורק,גרמים,200.00,100 גרם,false,1,12.90,6.45,true,1,
7290017065380,false,גרנה פדנו שבבים 100 גרם,---,IT,גרנה פדנו שבבים,גרמים,100.00,100 גרם,false,1,13.90,13.90,true,1,
7290017065434,false,פרוסות גאודה בקר 200,סי.זד ראובן,NL,פרוסות גאודה,גרמים,200.00,100 גרם,false,1,24.90,12.45,true,1,
7290017065526,false,קוואטרו פורמאגי 300 גרם,"מחלבות גד בע""\מ",IL,קוואטרו פורמאגי,גרמים,300.00,100 גרם,false,1,29.90,9.97,true,1,
7290017065649,false,קרם פטיסייר 250 גרם,"מחלבות גד בע""\מ",IL,קרם פטיסייר,גרמים,250.00,100 גרם,false,1,19.90,7.96,true,1,
7290017065700,false,"לאבנה 9% בד""צ 500 גרם",מחלבות גד,IL,"לאבנה 9% בד""צ",גרמים,500.00,100 גרם,false,1,21.90,4.38,true,1,
7290017068213,false,חמוציות חתוכות 350 גרם,---,IL,חמוציות חתוכות,גרמים,350.00,100 גרם,false,1,14.90,4.26,true,1,
7290017068237,false,שזיפים ללא גלעין 350 גרם,מיה,IL,שזיפים ללא גלעין,גרמים,350.00,100 גרם,false,1,14.90,4.26,true,1,
7290017068343,false,חמוציות מיובשות 150 גרם,מיה,IL,חמוציות חתוכות,גרמים,150.00,100 גרם,false,1,19.90,13.27,true,1,
7290017068404,false,ריבת מיקס פירות 370 גרם,---,BG,ריבת מיקס,גרמים,370.00,100 גרם,false,1,8.90,2.41,true,1,
7290017068497,false,אגוז מלך בקליפה 500 גרם,,IL,אגוז מלך בקליפה,גרמים,500.00,100 גרם,false,1,7.90,1.58,true,1,
7290017068503,false,אגוז פקאן בקליפה 500 גרם,,IL,אגוז פקאן בקליפה,גרמים,500.00,100 גרם,false,1,26.90,5.38,true,1,
7290017068510,false,שקדים בקליפה 500 גרם,,IL,שקדים בקליפה,גרמים,500.00,100 גרם,false,1,13.90,2.78,true,1,
7290017068848,false,סוכריות צבעוניות לקישוט,מיה,IL,סוכריות צבעוניות,גרמים,200.00,100 גרם,false,1,7.90,3.95,true,1,
7290017068893,false,ג'לי דגיגים 350 גרם,---,IL,ג'לי דגיגים,גרמים,350.00,100 גרם,false,1,16.90,4.83,true,1,
7290017068909,false,ג'לי לבבות 350 גרם,---,IL,ג'לי לבבות,גרמים,350.00,100 גרם,false,1,16.90,4.83,true,1,
7290017068916,false,ג'לי טבעות 350 גרם,---,IL,ג'לי טבעות,גרמים,350.00,100 גרם,false,1,16.90,4.83,true,1,
7290017068923,false,ג'לי בינס קרנבל 375 גרם,---,IL,ג'לי בינס קרנבל,גרמים,375.00,100 גרם,false,1,16.90,4.51,true,1,
7290017068992,false,ערמונים קלופים 100 גרם,---,CN,ערמונים,גרמים,100.00,100 גרם,false,1,5.90,5.90,true,1,
7290017079769,false,"מחית תפו""ע ובננה 120 גרם",פרוטה פודיוין איי.אס,CZ,"מחית תפו""ע ובננה",גרמים,120.00,100 גרם,false,1,3.90,3.25,true,1,
7290017079783,false,מחית תפוח עץ 120 גרם,פרוטה פודיוין איי.אס,CZ,מחית תפוח עץ,גרמים,120.00,100 גרם,false,1,3.90,3.25,true,1,
7290017079790,false,מחית פירות מעורבים 120 ג,פרוטה פודיוין איי.אס,CZ,מחית פירות,גרמים,120.00,100 גרם,false,1,3.90,3.25,true,1,
7290017079950,false,סרדין בשמן קנולה ולימון,,MA,סרדין בשמן קנולה,גרמים,125.00,100 גרם,false,1,7.90,6.32,true,1,
7290017079967,false,סרדינים בשמן קנולה 125גר,,MA,סרדינים 125 גרם,גרמים,125.00,100 גרם,false,1,7.90,6.32,true,1,
7290017079974,false,סרדינים עם פלפל חריף125ג,,MA,סרדינים 125 גרם,גרמים,125.00,100 גרם,false,1,7.90,6.32,true,1,
7290017084398,false,מאגדת בריבוע 12 יחידות,,CN,מאגדת בריבוע,גרמים,108.00,100 גרם,false,1,10.90,10.09,true,1,
7290017084893,false,פרילדה סוכריות גלי דאבל,קונפכטיז פי אנד די,GR,"סוכריות גלי 1ק""ג",קילוגרמים,1.00,"ק""ג",false,1,34.90,34.90,true,1,
7290017084992,false,בצל קצוץ מוזהב 390 גרם,אירוסיבולס,ES,בצל קצוץ מוזהב,גרמים,390.00,100 גרם,false,1,9.90,2.54,true,1,
7290017094847,false,"סלט תפו""א אסלי 400 גרם",,IL,"סלט תפו""א אסלי",גרמים,400.00,100 גרם,false,1,10.90,2.73,true,1,
7290017094861,false,חומוס מסבחה אסלי 400 גרם,,IL,חומוס אסלי מסבחה,גרמים,400.00,100 גרם,false,1,10.90,2.73,true,1,
7290017100142,false,כוס יין לחיים 50 יחידות,,CN,כוס יין לחיים,יחידה,1.00,יחידה,false,1,4.90,4.90,true,1,
7290017129495,false,אגו מיקס כ.תירס 55 גרם,כרמית תעשיות ממתקים בעמ,IL,אגו מיקס כ.תירס,גרמים,55.00,100 גרם,false,1,4.90,8.91,true,1,
7290017129501,false,אגו מיקס כ.תירס מצופה55ג,כרמית,IL,אגו מיקס 55 גרם,גרמים,55.00,100 גרם,false,1,4.90,8.91,true,1,
7290017129518,false,אגו מיקס חלב ולבן 55 גרם,כרמית,IL,אגו מיקסים,גרמים,55.00,100 גרם,false,1,4.90,8.91,true,1,
7290017129983,false,שוקוצ'יפס לבן לאפיה250ג,"כרמית תעשיות ממתקים בע""\",IL,שוקוציפס לבן250ג,גרמים,250.00,100 גרם,false,1,9.90,3.96,true,1,
7290017142128,false,שמ.זית כתית מעול.קלאס750,שמן תעשיות בעמ,IT,שמן זית כתית,מיליליטרים,750.00,"100 מ""ל",false,1,34.90,4.65,true,1,
7290017239101,false,סלמון אטלנטי בעישון קר,ARBA,IL,סלמון אטלנטי,גרמים,100.00,100 גרם,false,1,19.90,19.90,true,1,
7290017239118,false,גרבלקס סלמון אטלנטי,סלטי שמיר,IL,גרבלקס סלמון,גרמים,100.00,100 גרם,false,1,19.90,19.90,true,1,
7290017239187,false,מקרל פרוס בעישון קל 250,ARBA,IL,מקרל פרוס בעישון,גרמים,250.00,100 גרם,false,1,29.90,11.96,true,1,
7290017239286,false,פילה מטיאס מעודן 250 גרם,ARBA,IL,פילה מטיאס250גרם,גרמים,250.00,100 גרם,false,1,21.90,8.76,true,1,
7290017240022,false,שורש גינגר,,IL,שורש גינגר,קילוגרמים,0.00,"ק""ג",true,1,19.90,19.90,true,1,
7290017240039,false,דלעת ארוזה שקיל,,IL,דלעת ארוזה,קילוגרמים,0.00,"ק""ג",true,1,11.90,11.90,true,1,
7290017266398,false,גלילי וופל למילוי 150 גר,---,IL,גלילי ופל למילוי,גרמים,150.00,100 גרם,false,1,17.90,11.93,true,1,
7290017266503,false,"גליל ופל ללת""ס עלמה 100ג",---,IL,"גליל ופל ללת""ס",גרמים,100.00,100 גרם,false,1,6.90,6.90,true,1,
7290017266725,false,וופל קראנצ במילוי שוקולד,גילרו,IL,וופל קראנצ,גרמים,600.00,100 גרם,false,1,12.90,2.15,true,1,
7290017266909,false,וופל בטעם שוקולד 200 גרם,גילרו,IL,וופל שוקולד 200ג,גרמים,200.00,100 גרם,false,1,4.90,2.45,true,1,
7290017266916,false,וופל בטעם לימון 200 גרם,גילרו,IL,וופל בטעם לימון,גרמים,200.00,100 גרם,false,1,4.90,2.45,true,1,
7290017275130,false,עוגת שמרים אישית פרג 120,,IL,עוגת שמרים אישית,גרמים,120.00,100 גרם,false,1,3.90,3.25,true,1,
7290017275147,false,עוגת שמרים אישית דניש קי,,IL,עוגת שמרים אישית,גרמים,120.00,100 גרם,false,1,3.90,3.25,true,1,
7290017275154,false,עוגת שמרים אישית שוקולד,,IL,עוגת שמרים אישית,גרמים,120.00,100 גרם,false,1,3.90,3.25,true,1,
7290017275338,false,טחינה גולמית 500 גרם אחו,,IL,טחינה גולמית500ג,גרמים,500.00,100 גרם,false,1,12.90,2.58,true,1,
7290017275345,false,טחינה בקבוק לחיץ,,IL,טחינה בקבוק לחיץ,גרמים,350.00,100 גרם,false,1,9.90,2.83,true,1,
7290017275413,false,מיני קצפיות בטעם וניל אח,,IL,מיני קצפיות140ג,גרמים,140.00,100 גרם,false,1,9.90,7.07,true,1,
7290017275420,false,מיני קצפיות בטעם תות אחד,,IL,מיני קצפיות140ג,גרמים,140.00,100 גרם,false,1,9.90,7.07,true,1,
7290017275437,false,מיני קצפיות בטעם פרות אח,,IL,מיני קצפיות 140ג,גרמים,140.00,100 גרם,false,1,9.90,7.07,true,1,
7290017275444,false,מיני קצפיות בטעם ענבים א,,IL,מיני קצפיות בטעם,גרמים,140.00,100 גרם,false,1,9.90,7.07,true,1,
7290017275482,false,"סירופ בטעם ענבים 900 מ""ל",אחדות,IL,סירופ ענבים,מיליליטרים,900.00,"100 מ""ל",false,1,17.90,1.99,true,1,
7290017275499,false,"סירופ בטעם אננס 900 מ""ל",אחדות,IL,סירופ אננס,מיליליטרים,900.00,"100 מ""ל",false,1,17.90,1.99,true,1,
7290017275505,false,"סירופ בטעם פטל 900 מ""ל",אחדות,IL,סירופ פטל,מיליליטרים,900.00,"100 מ""ל",false,1,17.90,1.99,true,1,
7290017275710,false,חטיפי בננית במגש 12 יח',,IL,חטיפי בננית במגש,יחידה,1.00,יחידה,false,1,11.90,11.90,true,1,
7290017275727,false,חטיפי תותית במגש 12 יח',,IL,חטיפי תותית במגש,יחידה,1.00,יחידה,false,1,11.90,11.90,true,1,
7290017275741,false,חלווה אגוזי לוז 400 גר א,,IL,חלווה אגוזי לוז,גרמים,400.00,100 גרם,false,1,14.90,3.73,true,1,
7290017285702,false,"סרקל קרם רוזמרין 325 מ""ל",פישר מעבדות פרמצבטיות בע,IL,סרקל קרם רוזמרין,מיליליטרים,325.00,"100 מ""ל",false,1,22.90,7.05,true,1,
7290017285733,false,סרקל מרכך לילדים 2 ליטר,פישר מעבדות פרמצבטיות בע,IL,סרקל מרכך לילדים,ליטרים,2.00,ליטר,false,1,39.90,19.95,true,1,
7290017285740,false,סרקל שמפו לילדים 1 ליטר,פישר מעבדות פרמצבטיות בע,IL,סרקל שמפו לילדים,ליטרים,1.00,ליטר,false,1,28.90,28.90,true,1,
7290017285757,false,סרקל שמפו+מרכך לילדים 1ל,פישר מעבדות פרמצבטיות בע,IL,סרקל שמפו+מרכך,ליטרים,1.00,ליטר,false,1,28.90,28.90,true,1,
7290017297699,false,רוטב עגבניות 100 גרם,ויטה,IL,רוטב עגבניות,גרמים,100.00,100 גרם,false,1,2.50,2.50,true,1,
7290017297705,false,רוטב עגבניות 240 גרם,ויטה,IL,רוטב עגבניות,גרמים,240.00,100 גרם,false,1,5.80,2.42,true,1,
7290017406992,false,פתיתים בצורת קוסקוס 400,אובה מקרנה ציליק,TR,פתיתים,גרמים,400.00,100 גרם,false,1,4.90,1.23,true,1,
7290017418377,false,מאגדת מיני קראש עוגיות,"לבס תעשיות מזון בע""מ",IL,מאגדת מיני קראש,גרמים,150.00,100 גרם,false,1,14.90,9.93,true,1,
7290017418384,false,מאגדת מיני קראש קורנפלקס,"לבס תעשיות מזון בע""מ",IL,מאגדת מיני קראש,גרמים,150.00,100 גרם,false,1,14.90,9.93,true,1,
7290017457932,false,מרכך פרש כחול 900מל,---,IL,סוד מרכך כחול,מיליליטרים,900.00,"100 מ""ל",false,1,12.90,1.43,true,1,
7290017476940,false,"בורגול דק-גרישה 1 ק""ג",ארוז על ידי דין שיווק וק,IL,"בורגול דק 1ק""ג",קילוגרמים,1.00,"ק""ג",false,1,9.90,9.90,true,1,
7290017476957,false,"בורגול עבה 1 ק""ג",ארוז על ידי דין שיווק וק,IL,"בורגול עבה 1 ק""ג",קילוגרמים,1.00,"ק""ג",false,1,9.90,9.90,true,1,
7290017476988,false,"חומוס ענק 1 ק""ג",ארוז על ידי דין שיווק וק,IL,"חומוס ענק 1 ק""ג",קילוגרמים,1.00,"ק""ג",false,1,19.90,19.90,true,1,
7290017476995,false,"חיטה 1 ק""ג",ארוז על ידי דין שיווק וק,IL,"חיטה 1 ק""ג",קילוגרמים,1.00,"ק""ג",false,1,9.90,9.90,true,1,
7290017477008,false,"כוסמת 1 ק""ג",ארוז על ידי דין שיווק וק,IL,"כוסמת 1 ק""ג",קילוגרמים,1.00,"ק""ג",false,1,12.90,12.90,true,1,
7290017477015,false,"עדשים כתומות 1 ק""ג",דין שיווק,IL,עדשים כתומות1קג,קילוגרמים,1.00,"ק""ג",false,1,12.90,12.90,true,1,
7290017477022,false,"עדשים ירוקות 1 ק""ג",ארוז על ידי דין שיווק וק,IL,עדשים ירוקות1קג,קילוגרמים,1.00,"ק""ג",false,1,12.90,12.90,true,1,
7290017477039,false,"עדשים שחורות 1 ק""ג",ארוז על ידי דין שיווק וק,IL,עדשים שחורות,קילוגרמים,1.00,"ק""ג",false,1,12.90,12.90,true,1,
7290017477077,false,"שעועית לבנה 1 ק""ג",ארוז על ידי דין שיווק וק,IL,"שעועית לבנה1 ק""ג",קילוגרמים,1.00,"ק""ג",false,1,14.90,14.90,true,1,
7290017522135,false,מגש קריסטל מחולק גדול יח,T&Y,CN,מגש קריסטל,יחידה,1.00,יחידה,false,1,15.90,15.90,true,1,
7290017595047,false,זוג כוסיות לנרונים שלהבת,שלהבת,IL,זוג כוסיות שלהבת,יחידה,1.00,יחידה,false,1,13.90,13.90,true,1,
7290017595061,false,כוסיות לנרונים 2 יח',,CN,כוסיות לנר,יחידה,1.00,יחידה,false,1,5.90,5.90,true,1,
7290017599229,false,סוכרזית סוכרלוז200טבליות,ביסקול,IL,סוכרזית סוכרלוז,גרמים,17.00,100 גרם,false,1,25.90,152.35,true,1,
7290017599236,false,סוכריות סטיוויה200טבליות,ביסקול,IL,סוכרזית סטיוויה,גרמים,17.00,100 גרם,false,1,28.90,170.00,true,1,
7290017599250,false,סוכרזית קלאסי 120 שקיות,ביסקול בע''מ,IL,סוכרזית קלאסי,גרמים,120.00,100 גרם,false,1,17.90,14.92,true,1,
7290017599267,false,סוכרזית סוכרלוז 120שקיות,ביסקול בע''מ,IL,סוכרזית סוכרלוז,גרמים,120.00,100 גרם,false,1,27.90,23.25,true,1,
7290017599274,false,סוכרזית סטיוויה120 שקיות,ביסקול בע''מ,IL,סוכרזית סטיוויה,גרמים,120.00,100 גרם,false,1,34.90,29.08,true,1,
7290017615189,false,בשר  מס  10 צוואר צרכני,,UY,בשר מס 10 צוואר,קילוגרמים,0.00,"ק""ג",true,1,34.90,34.90,true,1,
7290017615196,false,בשר מס 3 צרכני אשפר חלק,,UY,בשר מס 3,קילוגרמים,0.00,"ק""ג",true,1,39.90,39.90,true,1,
7290017615295,false,קובה בטעם בשר 10 יחידות,,IL,קובה בטעם בשר,יחידה,1.00,יחידה,false,1,19.90,19.90,true,1,
7290017615332,false,סיגרים בטעם בשר 500 גרם,,IL,סיגרים בטעם בשר,גרמים,500.00,100 גרם,false,1,19.90,3.98,true,1,
7290017615356,false,כדורי פלאפל 700 גרם,,IL,כדורי פלאפל,גרמים,700.00,100 גרם,false,1,19.90,2.84,true,1,
7290017615974,false,פילה סלמון ללא עור קפוא,,NO,פילה סלמון,קילוגרמים,0.00,"ק""ג",true,1,99.90,99.90,true,1,
7290017616933,false,"צ'יפס בלגי 1.5 ק""ג",אקרופרוסט,BE,"צ'יפס 1.5 ק""ג",קילוגרמים,1.50,"ק""ג",false,1,24.90,16.60,true,1,
7290017616940,false,"צ'יפס קפוא זיגזג 1.5 ק""ג",אקרופרוסט,BE,צ'יפס קפוא זיגזג,קילוגרמים,1.50,"ק""ג",false,1,24.90,16.60,true,1,
7290017641515,false,מיקס כדור שוקולד לבן,כרמית תעשיות ממתקים בעמ,IL,מיקס כדור שוקולד,גרמים,55.00,100 גרם,false,1,4.90,8.91,true,1,
7290017647722,false,גמלא בלאנקו לבן יבש750מל,יקב רמת הגולן,IL,גמלא בלאנקו לבן,מיליליטרים,750.00,"100 מ""ל",false,1,69.90,9.32,true,1,
7290017659732,false,מגב סילקון 50,רוחמה,IL,מגב סילקון,יחידה,1.00,יחידה,false,1,24.90,24.90,true,1,
7290017659756,false,"מגב רצפה 40 ס""מ",רוחמה,IL,"מגב רצפה 40 ס""מ",יחידה,1.00,יחידה,false,1,8.90,8.90,true,1,
7290017659763,false,מגב רצפה 50 .,רוחמה,IL,מגב רצפה,יחידה,1.00,יחידה,false,1,12.90,12.90,true,1,
7290017746258,false,פרנה לחם מרוקאי 400 גרם,מאפיית דוראל,IL,פרנה לחם מרוקאי,גרמים,400.00,100 גרם,false,1,12.90,3.23,true,1,
7290017812168,false,"יין קדמון 900 מ""ל",יקבי כרמל,IL,יין קדמון 900,מיליליטרים,900.00,"100 מ""ל",false,1,42.90,4.77,true,1,
7290017812212,false,"קברנה סלקטד 900 מ""ל",יקבי כרמל,IL,קברנה סלקטד,מיליליטרים,900.00,"100 מ""ל",false,1,26.90,2.99,true,1,
7290017812229,false,"מרלו סלקטד 900 מ""ל",יקבי כרמל,IL,מרלו סלקטד,מיליליטרים,900.00,"100 מ""ל",false,1,26.90,2.99,true,1,
7290017812243,false,"קברנה מרלו סלקטד 900 מ""ל",יקבי כרמל,IL,קברנה מרלו,מיליליטרים,900.00,"100 מ""ל",false,1,26.90,2.99,true,1,
7290017812298,false,קברנה סדרה אזורית 900 מל,יקבי כרמל,IL,קברנה סדרה אזורי,מיליליטרים,900.00,"100 מ""ל",false,1,49.90,5.54,true,1,
7290017812649,false,תירוש כרמל לבן 1.2 ליטר,יקבי כרמל,IL,תירוש כרמל לבן,ליטרים,1.20,ליטר,false,1,19.90,16.58,true,1,
7290017812656,false,כרמל תירוש מבעבע אדום750,ג'\קובז'\י איי.אי פיגלי,IL,תירוש מבעבע אדום,מיליליטרים,750.00,"100 מ""ל",false,1,19.90,2.65,true,1,
7290017812663,false,כרמל תירוש מבעבע לבן750מ,ג'\קובז'\י איי.אי פיגלי,IL,תירוש מבעבע לבן,מיליליטרים,750.00,"100 מ""ל",false,1,19.90,2.65,true,1,
7290017812861,false,יין וינו לבן יבש,,,יין וינו לבן יבש,יחידה,1.00,יחידה,false,0,19.60,19.60,true,1,
7290017812878,false,"רוזה אקסלנס 750 מ""ל",יקבי כרמל,IL,רוזה אקסלנס,מיליליטרים,750.00,"100 מ""ל",false,1,24.90,3.32,true,1,
7290017812977,false,"באזז בטעם אננס 750 מ""ל",יקבי כרמל,IL,באזז בטעם אננס,מיליליטרים,750.00,"100 מ""ל",false,1,24.90,3.32,true,1,
7290017871462,false,ח.פצ.אורז שוקולד21*5כשלפ,תות תעשיות מזון (2014) ב,IL,חטיף פצפוצי אורז,גרמים,105.00,100 גרם,false,1,15.90,15.14,true,1,
7290017871707,false,חטיף פצ.אורז+קוקוס 21*5ג,תות תעשיות מזון (2014) ב,IL,חטיף פצפוצי אורז,גרמים,105.00,100 גרם,false,1,15.90,15.14,true,1,
7290017872063,false,פמלי אלסבון ארומתי500*3,אברנסל קוסמטיקס,TR,אל סבון פמלי,ליטרים,1.50,ליטר,false,1,17.90,11.93,true,1,
7290017872162,false,"עוג.אגוזי לוז ללת""ס200גר","הגביע מוצרי וופלים בע""\מ",IL,עוגיות אגוזי לוז,גרמים,200.00,100 גרם,false,1,17.90,8.95,true,1,
7290017872179,false,"עוגיות טחינה ללת""ס200ג","הגביע מוצרי וופלים בע""\מ",IL,עוגיות טחינה,גרמים,200.00,100 גרם,false,1,17.90,8.95,true,1,
7290017872186,false,"עוגיות פקאן ללת""ס200ג","הגביע מוצרי וופלים בע""\מ",IL,עוגיות פקאן,גרמים,200.00,100 גרם,false,1,17.90,8.95,true,1,
7290017872193,false,עוג.שקד.וקינמון ללתס200,"הגביע מוצרי וופלים בע""\מ",IL,עוגיות שקדים,גרמים,200.00,100 גרם,false,1,17.90,8.95,true,1,
7290017883045,false,קשקש ממתק חמוץ טעם פירות,,CN,קשקש ממתק חמוץ,גרמים,160.00,100 גרם,false,1,11.90,7.44,true,1,
7290017883656,false,פס טופי דאבל טעמים 160 ג,קונפקטיס 3 ק.מ אמליאס,GR,פס טופי דאבל,גרמים,160.00,100 גרם,false,1,14.90,9.31,true,1,
7290017883663,false,סוכריות טופי במרקם קרמי,קונפקטיס 3 ק.מ אמליאס,GR,סוכריות טופי,גרמים,200.00,100 גרם,false,1,11.90,5.95,true,1,
7290017888095,false,שוופס מוגז עדין יער330*4,יפאורה תבורי בעמ,IL,שוופס מוגז 4 יח,ליטרים,1.32,ליטר,false,1,12.00,9.09,true,1,
7290017888101,false,שוופ.מוגז עדין אפרס330*4,יפאורה תבורי בעמ,IL,שוופס מוגז 4 פח,ליטרים,1.32,ליטר,false,1,12.00,9.09,true,1,
7290017888729,false,סודה שוופס 1 ליטר,"יפאורה תבורי בע""\מ",IL,סודה שוופס,ליטרים,1.00,ליטר,false,1,4.90,4.90,true,1,
7290017917283,false,מגבונים קמיל בלו 64*4 יח,---,IL,מגבונים קמיל בלו,יחידה,1.00,יחידה,false,1,19.90,19.90,true,1,
7290017928012,false,בייגלה גדול מלח 250 גרם,מאיר בייגל,IL,בייגלה גדול 250ג,גרמים,250.00,100 גרם,false,1,7.90,3.16,true,1,
7290017928036,false,גריסיני שומשום 175 גרם,מאיר בייגל,IL,גריסיני שומשום,גרמים,175.00,100 גרם,false,1,11.90,6.80,true,1,
7290017928043,false,גריסיני קראנץ עם מלח175ג,מאיר בייגל,IL,גריסיני קראנץ,גרמים,175.00,100 גרם,false,1,11.90,6.80,true,1,
7290017928074,false,בייגלה שטוח מלח 250 גרם,מאיר בייגל,IL,שטוח מלח,גרמים,250.00,100 גרם,false,1,7.90,3.16,true,1,
7290017928098,false,בייגלה שטוחל'ה מלח 330גר,מאיר בייגל,IL,בייגלה שטוחל'ה,גרמים,330.00,100 גרם,false,1,11.90,3.61,true,1,
7290017928210,false,בייגלה גדול עם שומשום250,מאיר בייגל,IL,בייגלה שומשום,גרמים,250.00,100 גרם,false,1,11.90,4.76,true,1,
7290017928227,false,בייגלה שטוחלה פינוקים300,מאיר בייגל,IL,בייגלה שטוחלה,גרמים,300.00,100 גרם,false,1,11.90,3.97,true,1,
7290017928296,false,שברי בייגלה דבש חרדל300ג,סבימקס,BG,סמאש שברי בייגלה,גרמים,300.00,100 גרם,false,1,12.90,4.30,true,1,
7290017928432,false,גריסיני קראנץ עם פרג175ג,מאיר בייגל,IL,גריסיני קראנץ,גרמים,175.00,100 גרם,false,1,11.90,6.80,true,1,
7290017928494,false,סמאש שברי בייגלה צ'דר300,מאיר בייגל,BG,סמאש שברי בייגלה,גרמים,300.00,100 גרם,false,1,12.90,4.30,true,1,
7290017928524,false,שטוחל'ה ניגובים מלח330ג,מאיר בייגל,IL,שטוחל'ה ניגובים,גרמים,330.00,100 גרם,false,1,11.90,3.61,true,1,
7290017928616,false,בייגלה שטוחלה שומשום300ג,מאיר בייגל,IL,בייגלה שטוחלה,גרמים,300.00,100 גרם,false,1,11.90,3.97,true,1,
7290017928685,false,בייגלה שמיניות מלח 400 ג,מאיר בייגל,IL,בייגלה שמיניות,גרמים,400.00,100 גרם,false,1,11.90,2.98,true,1,
7290017928746,false,פירורי בייגלה 200 גרם,מאיר בייגל,IL,פירורי בייגלה,גרמים,200.00,100 גרם,false,1,6.90,3.45,true,1,
7290017928807,false,בייגלה אצבעות שומשום300ג,מאיר בייגל,IL,בייגלה אצבעות,גרמים,300.00,100 גרם,false,1,11.90,3.97,true,1,
7290017928821,false,גריסיני קלאסי 200 גרם,מאיר בייגל,IL,גריסיני קלאסי,גרמים,200.00,100 גרם,false,1,11.90,5.95,true,1,
7290017928937,false,בייגלה מקלות מלח 300 גרם,מאיר בייגל,IL,בייגלה מקלות,גרמים,300.00,100 גרם,false,1,7.90,2.63,true,1,
7290017938264,false,חומוס חריף מיקי 200 גרם,"סלטי שמיר 2006 בע""\מ",IL,חומוס חריף,גרמים,200.00,100 גרם,false,1,8.90,4.45,true,1,
7290017946979,false,פרסיל ג'ל כביסה,,,פרסיל ג'ל כביסה,יחידה,1.00,יחידה,false,0,34.90,34.90,true,1,
7290017974002,false,רביולי במילוי 4 גבינות,"אימפריאל הזרב פוד בע""מ",IL,רביולי גבינות,גרמים,450.00,100 גרם,false,1,24.90,5.53,true,1,
7290017974927,false,"בלינצ'ס תפו""א ופטריות",אימפריאל רזרב פוד,IL,בלינצ'ס 400גרם,גרמים,400.00,100 גרם,false,1,21.90,5.48,true,1,
7290018050408,false,אגוזי פיסטוק קלויים160גר,גי אנד גי פקאנס,IL,אגוזי פיסטוק,גרמים,160.00,100 גרם,false,1,17.90,11.19,true,1,
7290018050422,false,פקאן סיני 160 גרם,גי אנד גי פקאנס,IL,פקאן סיני,גרמים,160.00,100 גרם,false,1,17.90,11.19,true,1,
7290018050453,false,אגוזי קשיו טבעיים 220 גר,גי אנד גי פקאנס,IL,אגוזי קשיו טבעי,גרמים,220.00,100 גרם,false,1,17.90,8.14,true,1,
7290018050460,false,אגוזי קשיו קלויים וממולח,גי אנד גי פקאנס,IL,אגוזי קשיו קלוי,גרמים,200.00,100 גרם,false,1,17.90,8.95,true,1,
7290018050484,false,אגוזי מלך קלופים טבעיים,גי אנד גי פקאנס,IL,אגוזי מלך טבעיים,גרמים,150.00,100 גרם,false,1,12.90,8.60,true,1,
7290018050491,false,אלמנדוס חטיף בוטנים220ג,גי אנד גי פקאנס,IL,אלמנדוס,גרמים,220.00,100 גרם,false,1,12.90,5.86,true,1,
7290018050514,false,בוטנים מטוגנים וממולחים,גי אנד גי פקאנס,IL,בוטנים מטוגנים,גרמים,240.00,100 גרם,false,1,12.90,5.38,true,1,
7290018050521,false,אגוזי לוז טבעי 150 גרם,גי אנד גי פקאנס,IL,אגוזי לוז טבעי,גרמים,150.00,100 גרם,false,1,12.90,8.60,true,1,
7290018050545,false,גרעיני אבטיח קלויים 140,גי אנד גי פקאנס,IL,גרעיני אבטיח,גרמים,140.00,100 גרם,false,1,12.90,9.21,true,1,
7290018050569,false,גרעיני חמניה קלופים טבעי,גי אנד גי פקאנס,IL,גרעיני חמניה,גרמים,400.00,100 גרם,false,1,12.90,3.23,true,1,
7290018050613,false,צימוקים כהים 300 גרם,גי אנד גי פקאנס,IL,צימוקים כהים,גרמים,300.00,100 גרם,false,1,12.90,4.30,true,1,
7290018050637,false,בוטנים אמריקאים מצופים,גי אנד גי פקאנס,IL,בוטנים אמריקאים,גרמים,300.00,100 גרם,false,1,12.90,4.30,true,1,
7290018050644,false,קבוקים בוטנים מצופים300ג,גי אנד גי פקאנס,IL,קבוקים בוטנים,גרמים,300.00,100 גרם,false,1,12.90,4.30,true,1,
7290018050651,false,קרנץ ישראלי בוטנים מצופה,גי אנד גי פקאנס,IL,קרנץ ישראלי,גרמים,200.00,100 גרם,false,1,12.90,6.45,true,1,
7290018050675,false,שקדים קלויים וממולחים,גי אנד גי פקאנס,IL,שקדים קלויים,גרמים,210.00,100 גרם,false,1,17.90,8.52,true,1,
7290018050699,false,שקדים טבעיים 230 גרם,גי אנד גי פקאנס,IL,שקדים טבעיים,גרמים,230.00,100 גרם,false,1,17.90,7.78,true,1,
7290018050736,false,תערובת אגוזים ושקדים150ג,גי אנד גי פקאנס,IL,תערובת אגוזים,גרמים,150.00,100 גרם,false,1,12.90,8.60,true,1,
7290018050835,false,בוטנים קלויים ומומלחים,גי אנד גי פקאנס,IL,בוטנים קלויים,גרמים,250.00,100 גרם,false,1,12.90,5.16,true,1,
7290018050842,false,שקדים בקרמל 200 גרם,גי אנד גי פקאנס,IL,שקדים בקרמל,גרמים,200.00,100 גרם,false,1,17.90,8.95,true,1,
7290018050859,false,אגוזי קשיו בקרמל 200 גרם,גי אנד גי פקאנס,IL,אגוזי קשיו בקרמל,גרמים,200.00,100 גרם,false,1,17.90,8.95,true,1,
7290018050866,false,בוטנים בקרמל 200 גרם,גי אנד גי פקאנס,IL,בוטנים בקרמל,גרמים,200.00,100 גרם,false,1,12.90,6.45,true,1,
7290018091029,false,מקלות פילו תפוחי אדמה,"מעדנות בע""\מ",IL,מקלותפילו ת.אדמה,גרמים,450.00,100 גרם,false,1,21.90,4.87,true,1,
7290018098028,false,קוביות מנגו קפוא 300 גרם,,IL,קוביות מנגו קפוא,גרמים,300.00,100 גרם,false,1,17.90,5.97,true,1,
7290018098042,false,מיקס אננס מנגו בננה 300ג,,IL,מיקס אננס מנגו,גרמים,30.00,100 גרם,false,1,17.90,59.67,true,1,
7290018098301,false,מיקס תות בננה קפוא 300 ג,,IL,מיקס תות בננה,גרמים,300.00,100 גרם,false,1,17.90,5.97,true,1,
7290018098332,false,קוביות פסיפלורה בננה,"פרוטלנד בע""\מ",IL,פירות קפואים300ג,גרמים,300.00,100 גרם,false,1,17.90,5.97,true,1,
7290018098417,false,מיקס פירות יער קפוא 300,אופק מן הטבע,IL,מיקס פירות יער,גרמים,300.00,100 גרם,false,1,17.90,5.97,true,1,
7290018098455,false,תות שדה קפוא 300 גרם,אופק מן הטבע,IL,תות שדה קפוא,גרמים,300.00,100 גרם,false,1,17.90,5.97,true,1,
7290018099025,false,עשיריה פיתות כוסמין קלות,,IL,10 פיתות כוסמין,יחידה,1.00,יחידה,false,1,14.90,14.90,true,1,
7290018131756,false,מאגדת וניל מצופה תות 440,גלידות נסטלה )נגה גלידות,IL,מאגדת וניל מצופה,גרמים,440.00,100 גרם,false,1,24.90,5.66,true,1,
7290018131855,false,מאגדת אקסטרים בראוניז,גלידות נסטלה )נגה גלידות,IL,מאגדת אקסטרים בר,גרמים,432.00,100 גרם,false,1,29.90,6.92,true,1,
7290018131954,false,מאגדת להפרוטה תות שוקולד,נגה גלידות שותפות מוגבלת,IL,מאגדת להפרוטה תו,גרמים,350.00,100 גרם,false,1,22.90,6.55,true,1,
7290018192658,false,פטריות דואט יח,,IL,צמד פטריות,יחידה,1.00,יחידה,false,1,14.90,14.90,true,1,
7290018195048,false,חתיכות אננס בסירופ 850גר,,TH,חתיכות אננס 850ג,גרמים,850.00,100 גרם,false,1,10.90,1.28,true,1,
7290018204108,false,"כוס קרטון OZ 16 כשל""פ 25",,CN,כוס 16,יחידה,1.00,יחידה,false,1,14.90,14.90,true,1,
7290018204580,false,מנג'טים צבעוניים 100X2יח,,IL,מנג'טים צבעוניים,יחידה,1.00,יחידה,false,1,4.90,4.90,true,1,
7290018204603,false,"מנג'טים צבעוניים כשל""פ 1",,IL,מנג'טים צבעוניים,יחידה,1.00,יחידה,false,1,5.90,5.90,true,1,
7290018204610,false,"מנג'טים צבעוניים כשל""פ 1",,IL,מנג'טים צבעוניים,יחידה,1.00,יחידה,false,1,5.90,5.90,true,1,
7290018294000,false,"קינג דויד רוזה 750 מ""ל",יקבי כרמל,IL,קינג דויד רוזה,מיליליטרים,750.00,"100 מ""ל",false,1,19.90,2.65,true,1,
7290018294055,false,תירוש כרמל רוזה 1.2 ליטר,יקבי כרמל,IL,תירוש כרמל רוזה,ליטרים,1.20,ליטר,false,1,19.90,16.58,true,1,
7290018294345,false,סלקטד אדום ישראלי 900 מל,יקבי כרמל,IL,סלקטד אדום 900מל,מיליליטרים,900.00,"100 מ""ל",false,1,26.90,2.99,true,1,
7290018294352,false,"ארק כרמל 700 מ""ל",:0881\/MU פרגוואי 4/\8,ES,ארק כרמל,מיליליטרים,700.00,"100 מ""ל",false,1,49.90,7.13,true,1,
7290018402740,false,רביולי פטריות 450 גרם,"אימפריאל הזרב פוד בע""מ",IL,רביולי פטריות,גרמים,450.00,100 גרם,false,1,24.90,5.53,true,1,
7290018440438,false,טונה בשמן זית 65*3 גרם,"קאלוו קונסרבס ס.ל.יו. ,",ES,טונה בשמן זית3יח,גרמים,195.00,100 גרם,false,1,25.90,13.28,true,1,
7290018440490,false,סלט טונה עם קוסקוס 150 ג,"קאלוו קונסרבס ס.ל.יו. ,",ES,סלט טונה+קוסקוס,גרמים,150.00,100 גרם,false,1,14.90,9.93,true,1,
7290018440513,false,סלט קליפורניה+טונה150ג,"קאלוו קונסרבס ס.ל.יו. ,",ES,סלט קליפורניה,גרמים,150.00,100 גרם,false,1,14.90,9.93,true,1,
7290018440520,false,סלט טונה מקסיקני 150 גרם,"קאלוו קונסרבס ס.ל.יו. ,",ES,סלט טונה מקסיקני,גרמים,150.00,100 גרם,false,1,14.90,9.93,true,1,
7290018471487,false,תפוזינה תפוז אננס 1 ליטר,"יפאורה תבורי בע""\מ",IL,תפוזינה תפוז אננ,ליטרים,1.00,ליטר,false,1,7.10,7.10,true,1,
7290018471494,false,תפוזינה enjoy תפוז+גזר1ל,"יפאורה תבורי בע""\מ",IL,תפוזינה תפוז גזר,ליטרים,1.00,ליטר,false,1,7.10,7.10,true,1,
7290018471548,false,"ספרינג ענבים 4 * 250 מ""ל","יפאורה תבורי בע""\מ",IL,משקה ספרינג 4יח,ליטרים,1.00,ליטר,false,1,11.90,11.90,true,1,
7290018471692,false,ספרינג אנ.קוקוס פ.יער1ל,"יפאורה תבורי בע""\מ",IL,ספרינג שייק,ליטרים,1.00,ליטר,false,1,12.90,12.90,true,1,
7290018471906,false,שוופס לימונדה ורודה1.5ל,"יפאורה תבורי בע""\מ",IL,שוופס לימונדה,ליטרים,1.50,ליטר,false,0,8.90,5.93,true,1,
7290018471913,false,שוופס מוגז תפוחים1.5ל',"יפאורה תבורי בע""\מ",IL,שוופס תפוחים,ליטרים,1.50,ליטר,false,0,8.90,5.93,true,1,
7290018471920,false,שוופס מוגז ענבים 1.5ליטר,"יפאורה תבורי בע""\מ",IL,שוופס ענבים,ליטרים,1.50,ליטר,false,0,8.90,5.93,true,1,
7290018471937,false,שוופס מוגז תות ליים 1.5ל,"יפאורה תבורי בע""\מ",IL,שוופס מוגז תו,ליטרים,1.50,ליטר,false,0,8.90,5.93,true,1,
7290018471944,false,שוופס מוגז לימונייד 1.5ל,"יפאורה תבורי בע""\מ",IL,שוופס לימוניי,ליטרים,1.50,ליטר,false,0,8.90,5.93,true,1,
7290018471951,false,שוופס מוגז אשכולית אדומה,"יפאורה תבורי בע""\מ",IL,שוופס אשכולית,ליטרים,1.50,ליטר,false,0,8.90,5.93,true,1,
7290018471975,false,שוופס מוגז ענבים 1.5*4 ל,"יפאורה תבורי בע""\מ",IL,שוופס ענבים1.5*4,ליטרים,6.00,ליטר,false,0,30.10,5.02,true,1,
7290018508244,false,לפתניה כסף 25 יח,,CN,לפתניה כסף 25 יח,יחידה,1.00,יחידה,false,1,7.90,7.90,true,1,
7290018516522,false,ג'וניור סלט פירות שיבולת,,CZ,ג'וניור סלט פירו,גרמים,190.00,100 גרם,false,1,19.90,10.47,true,1,
7290018546147,false,אטריות ורמיצלי 400 גרם,אובה מקרנה ציליק,TR,אטריות ורמיצלי,גרמים,400.00,100 גרם,false,1,4.90,1.23,true,1,
7290018546161,false,פתיתים בצורת אורז 400 גר,אובה מקרנה ציליק,TR,פתיתים,גרמים,400.00,100 גרם,false,1,4.90,1.23,true,1,
7290018546536,false,פסטה ספגטי 400 גרם,אובה מקרנה ציליק,TR,פסטה ספגטי,גרמים,400.00,100 גרם,false,1,4.90,1.23,true,1,
7290018546550,false,פסטה פנה 400 גרם,אובה מקרנה ציליק,TR,פסטה פנה,גרמים,400.00,100 גרם,false,1,4.90,1.23,true,1,
7290018546574,false,פסטה פוזילי 400 גרם,אובה מקרנה ציליק,TR,פסטה פוזילי,גרמים,400.00,100 גרם,false,1,4.90,1.23,true,1,
7290018546598,false,פסטה קונכיות 400 גרם,אובה מקרנה ציליק,TR,פסטה קונכיות,גרמים,400.00,100 גרם,false,1,4.90,1.23,true,1,
7290018563151,false,"שנאפס בטעם אננס 275 מ""ל",פרי קטיף,IL,שנאפס בטעם אננס,מיליליטרים,275.00,"100 מ""ל",false,1,12.90,4.69,true,1,
7290018563175,false,"שנאפס בטעם אסאי 275 מ""ל",פרי קטיף,IL,שנאפס בטעם אסאי,מיליליטרים,275.00,"100 מ""ל",false,1,12.90,4.69,true,1,
7290018563182,false,"שנאפס בטעם ליצ'י 275 מ""ל",פרי קטיף,IL,שנאפס בטעם ליצ'י,מיליליטרים,275.00,"100 מ""ל",false,1,12.90,4.69,true,1,
7290018563274,false,תרכיז תפוחים 1 ליטר,"פ.קטיף מזון בע""מ",IL,תרכיז תפוחים,ליטרים,1.00,ליטר,false,1,25.90,25.90,true,1,
7290018571064,false,מקלוני טופי 450 גרם,---,TR,מקלוני טופי,גרמים,450.00,100 גרם,false,1,14.90,3.31,true,1,
7290018571071,false,טופי פספסים 450 גרם,---,TR,טופי פספסים,גרמים,450.00,100 גרם,false,1,14.90,3.31,true,1,
7290018571088,false,טופי חמוצמוץ 600 גרם,---,TR,טופי חמוצמוץ,גרמים,600.00,100 גרם,false,1,16.90,2.82,true,1,
7290018571101,false,אגוזי מלך 200 ג,---,,אגוזי מלך 200 ג,יחידה,1.00,יחידה,false,0,15.90,15.90,true,1,
7290018571118,false,שקדים טבעי 200 גרם,---,IL,שקדים טבעי 200 ג,גרמים,200.00,100 גרם,false,1,15.90,7.95,true,1,
7290018571125,false,אגוזי פקאן 200 ג,---,,אגוזי פקאן 200 ג,יחידה,1.00,יחידה,false,0,22.90,22.90,true,1,
7290018571132,false,פקאן מסוכר 200 גרם,מיה,,פקאן מסוכר 200 ג,יחידה,1.00,יחידה,false,0,22.90,22.90,true,1,
7290018571149,false,שקד מולבן פרוס 200 גרם,---,IL,שקד מולבן פרוס,גרמים,200.00,100 גרם,false,1,15.90,7.95,true,1,
7290018571156,false,שקד מולבן שבבים,---,,שקד מולבן שבבים,יחידה,1.00,יחידה,false,0,15.90,15.90,true,1,
7290018571286,false,פיסטוקים קלויים,---,IL,פיסטוקים קלויים,גרמים,200.00,100 גרם,false,1,21.90,10.95,true,1,
7290018571293,false,קשיו קלוי,---,IL,קשיו קלוי,גרמים,200.00,100 גרם,false,1,21.90,10.95,true,1,
7290018571408,false,לקקנים בטעם תות 20יח,---,IL,לקקנים בטעם תות,גרמים,220.00,100 גרם,false,1,6.90,3.14,true,1,
7290018571415,false,לקקנים בטעם תות בננה20יח,---,IL,לקקנים בטעם תות,גרמים,220.00,100 גרם,false,1,6.90,3.14,true,1,
7290018571491,false,ריבת חלב אמיתי 340 גרם,מיה,IL,ריבת חלב,גרמים,340.00,100 גרם,false,1,14.90,4.38,true,1,
7290018571682,false,גריל עוף 300 גרם מיה,מיה תעשיות מזון מ.ת.מ. ב,IL,גריל עוף 300 גרם,גרמים,300.00,100 גרם,false,1,22.90,7.63,true,1,
7290018571699,false,קמח שקדים 250 גרם,מיה,IL,קמח שקדים,יחידה,1.00,יחידה,false,1,25.90,25.90,true,1,
7290018571705,false,"אורז יסמין מיה 1 ק""ג",מיה,IL,"אורז יסמין 1 ק""ג",קילוגרמים,1.00,"ק""ג",false,1,11.90,11.90,true,1,
7290018571712,false,"אורז פרסי מיה 1 ק""ג",מיה,IL,"אורז פרסי 1 ק""ג",קילוגרמים,1.00,"ק""ג",false,1,10.90,10.90,true,1,
7290018571729,false,"אורז ריזוטו עגול 1 ק""ג",מיה,IL,אורז ריזוטו עגול,קילוגרמים,1.00,"ק""ג",false,1,9.90,9.90,true,1,
7290018571736,false,"אורז בסמטי מיה 1 ק""ג",מיה,IL,אורז בסמטי 1 קג,קילוגרמים,1.00,"ק""ג",false,1,11.90,11.90,true,1,
7290018571743,false,"אורז פרסי מלא 1 ק""ג",מיה,IL,אורז פרסי מלא 1,קילוגרמים,1.00,"ק""ג",false,1,9.90,9.90,true,1,
7290018571798,false,ג'לי שמחות 2 צבעים 540 ג,---,IL,ג'לי שמחות,גרמים,540.00,100 גרם,false,1,19.90,3.69,true,1,
7290018571811,false,סירופ מייפל טהור 250 גרם,מיה,IL,סירופ מייפל טהור,גרמים,250.00,100 גרם,false,1,32.90,13.16,true,1,
7290018652671,false,לה קרמריה שוקו וניל,---,IL,לה קרמריה שוקו ו,ליטרים,1.40,ליטר,false,1,17.90,12.79,true,1,
7290018652688,false,לה קרמריה טרופי ופ.יער,---,IL,לה קרמריה טרופי,ליטרים,0.84,ליטר,false,1,17.90,21.31,true,1,
7290018720028,false,עוגיות קרנבל אותיות250ג,---,IL,קרנבל אותיות,גרמים,250.00,100 גרם,false,1,5.90,2.36,true,1,
7290018720103,false,"אפיפיות ללת""סט.שוקולד250","א.ג גילרו בע""\מ",IL,אפיפיות ללא סוכר,גרמים,250.00,100 גרם,false,1,7.90,3.16,true,1,
7290018720110,false,עוג.יאמי ממולא ק.אגוז150,"הגביע מוצרי ופלים בע""\מ",IL,עוגיות יאמי,גרמים,150.00,100 גרם,false,1,7.90,5.27,true,1,
7290018720219,false,"פצפוצי אורז לל""ס 250 גרם",---,IL,פצפוצי אורז250גר,גרמים,250.00,100 גרם,false,1,11.90,4.76,true,1,
7290018720226,false,פצפוצי אורז 250 גרם,---,IL,פצפוצי אורז250גר,גרמים,250.00,100 גרם,false,1,11.90,4.76,true,1,
7290018743003,false,ג'ל לכביסה צבעוני 2.5 ל',"אל.די.גי בע""מ",GR,ג'ל לכביסה2.5 ל',ליטרים,2.50,ליטר,false,1,27.90,11.16,true,1,
7290018743010,false,ג'ל לכביסה לבנה 2.5 ליטר,"אל.די.גי בע""מ",GR,ג'ל לכביסה לבנה,ליטרים,2.50,ליטר,false,1,27.90,11.16,true,1,
7290018743027,false,מ.כביסה מרוכז יסמין 1ליט,"אל.די.גי בע""מ",GR,מ.כביסה מרוכז 1ל,ליטרים,1.00,ליטר,false,1,14.90,14.90,true,1,
7290018743034,false,מ.כביסה מרוכז סחלב 1ל',"אל.די.גי בע""מ",GR,מרכך כביסה מרוכז,ליטרים,1.00,ליטר,false,1,14.90,14.90,true,1,
7290018743041,false,מ.כביסה מרוכז מאסק 1ליטר,"אל.די.גי בע""מ",GR,מרכך כביסה מרוכז,ליטרים,1.00,ליטר,false,1,14.90,14.90,true,1,
7290018792933,false,שוקולד חלב עם שברי וופל,קיו פאין פוד,IL,שוקולד 100 גרם,גרמים,100.00,100 גרם,false,1,7.90,7.90,true,1,
7290018835029,false,מרק בטעם עוף פרווה 400 ג,---,IL,מרק בטעם עוף,גרמים,400.00,100 גרם,false,1,12.90,3.23,true,1,
7290018878088,false,"שוקולד מריר לל""ס 85*3גרם","כרמית תעשיות ממתקים בע""\",IL,"שוקולד מריר לל""ס",גרמים,255.00,100 גרם,false,1,15.90,6.24,true,1,
7290018878095,false,שוקולד חלב ללא סוכר85*3ג,"כרמית תעשיות ממתקים בע""\",IL,"שוקולד לבן לל""ס",גרמים,255.00,100 גרם,false,1,15.90,6.24,true,1,
7290018878125,false,"שוקולד לבן לל""ס 85*3גרם","כרמית תעשיות ממתקים בע""\",IL,"שוקולד לבן לל""ס",גרמים,255.00,100 גרם,false,1,15.90,6.24,true,1,
7290018893036,false,עוג.סנדוויץ ט.שוקולד176ג,---,ES,עוגיות סנדוויץ,גרמים,176.00,100 גרם,false,1,6.90,3.92,true,1,
7290018921029,false,מגבוני קמיל בלו 64*4 יח,פישר מעבדות פרמצבטיות בע,IL,מגבוני קמיל בלו,יחידה,1.00,יחידה,false,1,21.90,21.90,true,1,
7290018921265,false,"תחליב רחצה אלוורה 700מ""ל",פישר מעבדות פרמצבטיות בע,IL,תחליב רחצ.אלוורה,מיליליטרים,700.00,"100 מ""ל",false,1,14.90,2.13,true,1,
7290018921449,false,מגבוני קמיל תפרחת56*4יח,פישר,IL,מגבונים קמיל 4יח,יחידה,1.00,יחידה,false,1,24.90,24.90,true,1,
7290018921456,false,תחליב רח.אפקטיב כותנה700,פישר מעבדות פרמצבטיות בע,IL,תחליב רחצה כותנה,מיליליטרים,700.00,"100 מ""ל",false,1,14.90,2.13,true,1,
7290018921616,false,מגבוני קמיל שיבולת 64*4י,פישר,IL,מגבוני קמיל 4יח,יחידה,1.00,יחידה,false,1,22.90,22.90,true,1,
7290018921654,false,"תחליב רחצה לבנדר 700 מ""ל",פישר מעבדות פרמצבטיות בע,IL,תחליב רחצה לבנדר,מיליליטרים,700.00,"100 מ""ל",false,1,14.90,2.13,true,1,
7290018925065,false,מיץ תפוזים סחוט 2 ליטר,גניר,IL,מיץ תפוזים סחוט,ליטרים,2.00,ליטר,false,1,29.90,14.95,true,1,
7290018928134,false,לחמניות ללא גלוטן 3 יח,גידרון,IL,"לחמניות לל""ג",גרמים,300.00,100 גרם,false,1,19.90,6.63,true,1,
7290018935019,false,"כוסות קרטון OZ 12 כשל""פ",,CN,כוסות קרטון,יחידה,1.00,יחידה,false,1,15.90,15.90,true,1,
7290018935217,false,גביעי יין + תחתית מוכסף,,CN,גביעי יין 6יח,יחידה,1.00,יחידה,false,1,21.90,21.90,true,1,
7290018935224,false,גביעי יין מוכספים עגול,,CN,גביעי יין 10 יח',יחידה,1.00,יחידה,false,1,19.90,19.90,true,1,
7290018935767,false,כוסיות ליקר גדולות 20 יח,,IL,כוסיות ליקר גדול,יחידה,1.00,יחידה,false,1,6.90,6.90,true,1,
7290019038399,false,שמן זית מור ולבונה 750,סאן אויל עיבוד ושיווק שמ,IL,"שמן זית 750מ""ל",מיליליטרים,750.00,"100 מ""ל",false,1,32.90,4.39,true,1,
7290019056027,false,שוופס ללא סוכר תפוח1.5ל,"יפאורה תבורי בע""\מ",IL,שוופס ללא סוכ,ליטרים,1.50,ליטר,false,0,8.40,5.60,true,1,
7290019056034,false,שוופס אננס ללא סוכר 1.5ל,יפאורה תבורי,IL,שוופס אננס,ליטרים,1.50,ליטר,false,0,8.40,5.60,true,1,
7290019056041,false,שוופס למונייד ל.סוכר1.5ל,יפאורה תבורי,IL,שוופס למונייד,ליטרים,1.50,ליטר,false,0,8.40,5.60,true,1,
7290019056058,false,שוופס מוגז עדין תפוח1.5ל,"יפאורה תבורי בע""\מ",IL,שוופס מוגז תפוח,ליטרים,1.50,ליטר,false,0,8.40,5.60,true,1,
7290019056065,false,שוופס מוגז עדין פ.יער1.5,"יפאורה תבורי בע""\מ",IL,שוופס מוגז,ליטרים,1.50,ליטר,false,0,8.40,5.60,true,1,
7290019056072,false,שוופס מוגז עדין אננס1.5ל,יפאורה תבורי בעמ,IL,שוופס מוגז עד,ליטרים,1.50,ליטר,false,0,8.40,5.60,true,1,
7290019056089,false,שוופס מוגז עדין ריזל1.5ל,"יפאורה תבורי בע""\מ",IL,שוופס מוגז,ליטרים,1.50,ליטר,false,0,8.40,5.60,true,1,
7290019056096,false,שוופס מוגז עדין אפרסק1.5,"יפאורה תבורי בע""\מ",IL,שוופס אפרסק,ליטרים,1.50,ליטר,false,0,8.40,5.60,true,1,
7290019056164,false,שוופס סודה 1.5*4 ליטר,"יפאורה תבורי בע""\מ",IL,שוופס סודה1.5*4ל,ליטרים,6.00,ליטר,false,0,11.70,1.95,true,1,
7290019056171,false,שוופס סודה לימון 1.5*4 ל,"יפאורה תבורי בע""\מ",IL,סודה לימון 1.5*4,ליטרים,6.00,ליטר,false,0,11.70,1.95,true,1,
7290019056188,false,שוופס סודה נענע לי1.5*4ל,"יפאורה תבורי בע""\מ",IL,שוופס סודה1.5*4ל,ליטרים,6.00,ליטר,false,0,11.70,1.95,true,1,
7290019056201,false,שוופ.סודה פירות יער1.5*4,"יפאורה תבורי בע""\מ",IL,שוופס סודה1.5*4ל,ליטרים,6.00,ליטר,false,0,11.70,1.95,true,1,
7290019056232,false,שוופס ליים מוחיטו 1.5 ל,"יפאורה תבורי בע""\מ",IL,שוופס ליים מו,ליטרים,1.50,ליטר,false,0,8.90,5.93,true,1,
7290019056249,false,שוופס מים טעם ענבים 1.5ל,יפאורה תבורי בעמ,IL,מים בטעם ענבי,ליטרים,1.50,ליטר,false,0,7.50,5.00,true,1,
7290019056256,false,שוופס מים בטעם תפוח 1.5ל,יפאורה תבורי בעמ,IL,שוופס מים תפו,ליטרים,1.50,ליטר,false,0,7.50,5.00,true,1,
7290019056263,false,שוופס מים טעם אפרסק 1.5ל,יפאורה תבורי בעמ,IL,שוופס מים אפר,ליטרים,1.50,ליטר,false,0,7.50,5.00,true,1,
7290019056270,false,מים טעם פירות יער 1.5 ל,"יפאורה תבורי בע""\מ",IL,מים פירות יער,ליטרים,1.50,ליטר,false,0,7.50,5.00,true,1,
7290019056287,false,שוופס מים 0קלור.אפרסק1.5,יפאורה שותפות מובגלת לשי,IL,שוופס מים אפר,ליטרים,1.50,ליטר,false,0,7.50,5.00,true,1,
7290019056294,false,שוופס ג'ינג'ר 1.5 ליטר,"יפאורה תבורי בע""\מ",IL,שוופס ג'ינג'ר,ליטרים,1.50,ליטר,false,0,9.90,6.60,true,1,
7290019056300,false,שוופס ביטר לימון 1.5ליטר,"יפאורה תבורי בע""\מ",IL,שוופס ביטר לי,ליטרים,1.50,ליטר,false,0,9.90,6.60,true,1,
7290019056317,false,שוופס ראש'ן 1.5 ליטר,"יפאורה תבורי בע""\מ",IL,שוופס ראש'ן,ליטרים,1.50,ליטר,false,0,9.90,6.60,true,1,
7290019056324,false,שוופס טוניק 1.5 ליטר,"יפאורה תבורי בע""\מ",IL,שוופס מי טוני,ליטרים,1.50,ליטר,false,0,9.90,6.60,true,1,
7290019056331,false,שוופס טוניק ללא סוכר1.5ל,יפאורה תבורי בעמ,IL,מי טוניק ל.סו,ליטרים,1.50,ליטר,false,0,9.50,6.33,true,1,
7290019056355,false,תפוזינה לימונדה נענע1.5ל,"יפאורה תבורי בע""\מ",IL,תפוזינה לימונ,ליטרים,1.50,ליטר,false,0,8.40,5.60,true,1,
7290019056362,false,"תפוזינה משק""ל ענבים1.5ל","יפאורה תבורי בע""\מ",IL,תפוזינה ענבים,ליטרים,1.50,ליטר,false,0,8.40,5.60,true,1,
7290019056386,false,תפוזינה אשכוליות 1.5ליטר,"יפאורה תבורי בע""\מ",IL,תפוזינה אשכול,ליטרים,1.50,ליטר,false,0,8.40,5.60,true,1,
7290019056393,false,תפוזינה תות בננה 1.5ליטר,"יפאורה תבורי בע""\מ",IL,תפוזינה תות ב,ליטרים,1.50,ליטר,false,0,8.40,5.60,true,1,
7290019056409,false,תפוזינה מנגו עסיס 1.5 ל',"יפאורה תבורי בע""\מ",IL,תפוזינה מנגו,ליטרים,1.50,ליטר,false,0,8.40,5.60,true,1,
7290019056416,false,תפוזינה לימונדה 1.5 ליטר,"יפאורה תבורי בע""\מ",IL,תפוזינה לימונדה,ליטרים,1.50,ליטר,false,0,8.40,5.60,true,1,
7290019056423,false,תפוזינה תפוח רענן 1.5 ל',"יפאורה תבורי בע""\מ",IL,תפוזינה תפוח,ליטרים,1.50,ליטר,false,0,8.40,5.60,true,1,
7290019056430,false,תפוזינה תפוזים לייט1.5ל,"יפאורה תבורי בע""\מ",IL,תפוזינה לייט,ליטרים,1.50,ליטר,false,0,7.90,5.27,true,1,
7290019056447,false,תפוזינה אשכוליות לייט1.5,"יפאורה תבורי בע""\מ",IL,אשכוליות לייט,ליטרים,1.50,ליטר,false,0,7.90,5.27,true,1,
7290019056454,false,קולה R.C. 1.5 ליטר,"יפאורה תבורי בע""\מ",IL,R.C קולה,ליטרים,1.50,ליטר,false,0,6.90,4.60,true,1,
7290019056461,false,קולה RC מארז 1.5*6 ליטר,"יפאורה תבורי בע""\מ",IL,RC קולה 6 יח,ליטרים,9.00,ליטר,false,0,35.90,3.99,true,1,
7290019056478,false,תה ספרינג אפרסק 1.5 ליטר,"יפאורה תבורי בע""\מ",IL,ספרינג תה אפר,ליטרים,1.50,ליטר,false,0,7.80,5.20,true,1,
7290019056485,false,תה ספרינג ירוק לימון1.5ל,"יפאורה תבורי בע""\מ",IL,תה ספרינג ירו,ליטרים,1.50,ליטר,false,0,7.80,5.20,true,1,
7290019056492,false,ספרינג תה מנגו אפרסק1.5ל,"יפאורה תבורי בע""\מ",IL,ספרינג תה מנג,ליטרים,1.50,ליטר,false,0,7.80,5.20,true,1,
7290019056508,false,פרוט ווטר ענבים 1.5 ליטר,"יפאורה תבורי בע""\מ",IL,פרוט ווטר ענב,ליטרים,1.50,ליטר,false,0,8.50,5.67,true,1,
7290019056522,false,פרוט ווטר תות 1.5 ליטר,"יפאורה תבורי בע""\מ",IL,פרוט ווטר תות,ליטרים,1.50,ליטר,false,0,8.50,5.67,true,1,
7290019056539,false,פרוט ווטר אפרסק 1.5 ליטר,"יפאורה תבורי בע""\מ",IL,פרוט ווטר אפר,ליטרים,1.50,ליטר,false,0,8.50,5.67,true,1,
7290019056546,false,פרוט ווטר אבטיח 1.5 ליטר,"יפאורה תבורי בע""\מ",IL,פרוט ווטר אבט,ליטרים,1.50,ליטר,false,0,8.50,5.67,true,1,
7290019056553,false,עין גדי מים מינרל. 2*6 ל,עין גדי מיים מינרלים,IL,מים עין גדי2*6ל,ליטרים,12.00,ליטר,false,0,12.90,1.08,true,1,
7290019056577,false,ספרינג משקה מנגו 1.5 ל',"יפאורה תבורי בע""\מ",IL,ספרינג מנגו,ליטרים,1.50,ליטר,false,0,8.40,5.60,true,1,
7290019056584,false,ספרינג משקה תפוזים 1.5ל',"יפאורה תבורי בע""\מ",IL,ספרינג תפוזים,ליטרים,1.50,ליטר,false,0,8.40,5.60,true,1,
7290019056591,false,ספרינג ענבים 1.5 ליטר,"יפאורה תבורי בע""\מ",IL,ספרינג ענבים,ליטרים,1.50,ליטר,false,0,8.40,5.60,true,1,
7290019056607,false,ספרינג מיץ תפוחים 1.5 ל',"יפאורה תבורי בע""\מ",IL,ספרינג תפוחים,ליטרים,1.50,ליטר,false,0,8.40,5.60,true,1,
7290019056614,false,ספרינג משקה אפרסק 1.5 ל',"יפאורה תבורי בע""\מ",IL,ספרינג אפרסק,ליטרים,1.50,ליטר,false,0,8.40,5.60,true,1,
7290019056621,false,ספרינג פירות טרופיים1.5ל,"יפאורה תבורי בע""\מ",IL,משקה ספרינג,ליטרים,1.50,ליטר,false,0,8.40,5.60,true,1,
7290019056638,false,ספרינג תות-בננה 1.5 ליטר,"יפאורה תבורי בע""\מ",IL,ספרינג תות בנ,ליטרים,1.50,ליטר,false,0,8.40,5.60,true,1,
7290019056645,false,ספרינג אגס סברס תפוח1.5ל,"יפאורה תבורי בע""\מ",IL,משקה ספרינג,ליטרים,1.50,ליטר,false,0,8.40,5.60,true,1,
7290019056652,false,ספרינג אננס בננה1.5 ליטר,"יפאורה תבורי בע""\מ",IL,ספרינג אננס ב,ליטרים,1.50,ליטר,false,0,8.40,5.60,true,1,
7290019056669,false,ספרינג תפוחים לייט 1.5 ל,"יפאורה תבורי בע""\מ",IL,ספרינג תפוח ל,ליטרים,1.50,ליטר,false,0,7.90,5.27,true,1,
7290019056676,false,ספרינג אשכולית/אננס לייט,"יפאורה תבורי בע""\מ",IL,ספרינג לייט,ליטרים,1.50,ליטר,false,0,7.90,5.27,true,1,
7290019056720,false,משקה קל ענבים קריסטל 2ל',"יפאורה תבורי בע""\מ",IL,משקה קל ענבים,ליטרים,2.00,ליטר,false,0,6.50,3.25,true,1,
7290019056737,false,מיץ אשכוליות קריסטל2ליטר,"יפאורה תבורי בע""\מ",IL,קריסטל אשכולי,ליטרים,2.00,ליטר,false,0,6.50,3.25,true,1,
7290019056744,false,משקה קל תפוזים קריסטל 2ל,"יפאורה תבורי בע""\מ",IL,משקה קל תפוזי,ליטרים,2.00,ליטר,false,0,6.50,3.25,true,1,
7290019056751,false,משקה קל אשכוליות דיאט 2ל,"יפאורה תבורי בע""\מ",IL,אשכוליות דיאט,ליטרים,2.00,ליטר,false,0,5.50,2.75,true,1,
7290019056768,false,משקה קל מנגו 2 ליטר,"יפאורה תבורי בע""\מ",IL,קריסטל מנגו,ליטרים,2.00,ליטר,false,0,6.50,3.25,true,1,
7290019056775,false,קריסטל ענבים מוגז 2 ליטר,"יפאורה תבורי בע""\מ",IL,קריסטל ענבים,ליטרים,2.00,ליטר,false,0,6.50,3.25,true,1,
7290019056782,false,קריסטל למון ליים 2 ליטר,"יפאורה תבורי בע""\מ",IL,גזוז לימון לי,ליטרים,2.00,ליטר,false,0,6.50,3.25,true,1,
7290019056799,false,קריסטל אקזוטי מוגז 2ליטר,"יפאורה תבורי בע""\מ",IL,קריסטל אקזוטי,ליטרים,2.00,ליטר,false,0,6.50,3.25,true,1,
7290019056805,false,"קריסטל תפו""ע מוגז 2 ליטר","יפאורה תבורי בע""\מ",IL,גזוז בטעם תפו,ליטרים,2.00,ליטר,false,0,6.50,3.25,true,1,
7290019056812,false,גזוז בטעם מנטה קריסטל 2ל,"יפאורה תבורי בע""\מ",IL,גזוז בטעם מנט,ליטרים,2.00,ליטר,false,0,6.50,3.25,true,1,
7290019056829,false,קריסטל אורנג' 2 ליטר,"יפאורה תבורי בע""\מ",IL,קריסטל אורנג',ליטרים,2.00,ליטר,false,0,6.50,3.25,true,1,
7290019056836,false,קריסטל תות מוגז 2 ליטר,"יפאורה תבורי בע""\מ",IL,קריסטל מוגז ת,ליטרים,2.00,ליטר,false,0,6.50,3.25,true,1,
7290019056843,false,גזוז בטעם קולה קריסטל 2ל,"יפאורה תבורי בע""\מ",IL,קריסטל קולה,ליטרים,2.00,ליטר,false,0,6.50,3.25,true,1,
7290019056850,false,תה ספרינג דיאט אפרסק1.5ל,"יפאורה תבורי בע""\מ",IL,תה ספרינג דיא,ליטרים,1.50,ליטר,false,0,7.80,5.20,true,1,
7290019056973,false,מים מינרליים מי עדן1.5*6,"מופק ממקור בזלתי עדן ,1",IL,מי עדן 1.5*6ל,ליטרים,9.00,ליטר,false,0,13.70,1.52,true,1,
7290019153023,false,"RC קולה לל""ס1.5*4ליטר","יפאורה תבורי בע""\מ",IL,RC קולה רביעייה,ליטרים,6.00,ליטר,false,1,25.90,4.32,true,1,
7290019153078,false,שוופס ביטר למון לייט1.5ל,"יפאורה תבורי בע""\מ",IL,שוופס ביטר למון,ליטרים,1.50,ליטר,false,1,9.50,6.33,true,1,
7290019153252,false,שוופס סודה תפוח *4 1.5ל,"יפאורה תבורי בע""\מ",IL,שוופס סודה 4 בק,ליטרים,6.00,ליטר,false,1,11.70,1.95,true,1,
7290019153269,false,שוופס סודה אננס *4 1.5ל,"יפאורה תבורי בע""\מ",IL,שוופס סודה 4 בק,ליטרים,6.00,ליטר,false,1,11.70,1.95,true,1,
7290019153535,false,שוופס למוניד ל.סוכר330*4,יפאורה,IL,שוופס לימונייד4*,ליטרים,1.32,ליטר,false,1,14.90,11.29,true,1,
7290019302315,false,"באזז אבטיח מבעבע 750 מ""ל",יקבי כרמל,IL,באזז אבטיח מבעבע,מיליליטרים,750.00,"100 מ""ל",false,1,24.90,3.32,true,1,
7290019453024,false,קוגל אטריות מתוק 750 גרם,,IL,קוגל אטריות מתוק,גרמים,750.00,100 גרם,false,1,15.90,2.12,true,1,
7290019453031,false,"קוגל תפו""א 750 גרם",,IL,"קוגל תפו""א",גרמים,750.00,100 גרם,false,1,15.90,2.12,true,1,
7290019453512,false,רוגעלך קטנים 500 גרם,,IL,רוגעלך קטנים,גרמים,500.00,100 גרם,false,1,13.90,2.78,true,1,
7290100240632,false,פתית קרקר 6 דגנים 250גרם,יוניליוור ישראל מזון בע\,IL,פתית 6 דגנים,גרמים,250.00,100 גרם,false,0,16.90,6.76,true,1,
7290100243671,false,"בדין אקסטרה כחול 960 מ""ל",יוניליוור סנאיי וי טיקאר,TR,מרכך כביסה בדין,מיליליטרים,960.00,"100 מ""ל",false,0,19.90,2.07,true,1,
7290100249598,false,רוטב לעוף שום ודבש320גרם,יוניליוור ישראל מזון בע\,IL,רוטב לעוף,גרמים,320.00,100 גרם,false,0,10.90,3.41,true,1,
7290100653586,false,ליידי ס.סטיק24/7ג'ל ורוד,קולגייט פלמוליב,US,ליידי ס.סטיק24/7,גרמים,65.00,100 גרם,false,0,19.90,30.62,true,1,
7290100659090,false,חטיף FREE תמר וקינמון5יח,טבעית מוצרים מן הטבע בעמ,IL,חטיף FREE תמרים,גרמים,110.00,100 גרם,false,0,16.90,15.36,true,1,
7290100700242,false,"אורז מלא עגול סוגת 1 ק""ג","סוגת תעשיות בע""\מ",IL,אורז מלא עגול,קילוגרמים,1.00,"ק""ג",false,0,8.90,8.90,true,1,
7290100700396,false,"אורז יסמין קלאסי 1 ק""ג","סוגת תעשיות בע""\מ",IL,אורז יסמין סוגת,קילוגרמים,1.00,"ק""ג",false,0,11.90,11.90,true,1,
7290100702611,false,פתיתים אפויים אורז500גרם,"אסיף תעשיות מזון בע""\מ",IL,פתיתים סוגת,גרמים,500.00,100 גרם,false,0,4.90,0.98,true,1,
7290100702628,false,פתיתים אפויים קוסקוס500ג,"אסיף תעשיות מזון בע""\מ",IL,פתיתים סוגת,גרמים,500.00,100 גרם,false,0,4.90,0.98,true,1,
7290100850909,false,דוריטוס נאצ'ו 70 גרם,"שטראוס פריטו ליי  בע""\מ",IL,דוריטוס נאצ'ו,גרמים,70.00,100 גרם,false,0,3.40,4.86,true,1,
7290100850916,false,דוריטוס חמוץ חריף 70 גרם,"שטראוס פריטו ליי בע""\מ )",IL,דוריטוס חמוץ ח,גרמים,70.00,100 גרם,false,0,3.40,4.86,true,1,
7290100850923,false,דוריטוס גריל 70 גרם,"שטראוס פריטו ליי בע""\מ )",IL,דוריטוס גריל,גרמים,70.00,100 גרם,false,0,3.40,4.86,true,1,
7290100850930,false,דוריטוס בטעם טבעי 70 גרם,"שטראוס פריטו ליי בע""\מ )",IL,חטיף דוריטוס,גרמים,70.00,100 גרם,false,0,3.40,4.86,true,1,
7290100852606,false,קפה טורקי 100*4 גרם,שטראוס קפה בי.וי.,IL,קפה טורקי 4 יח,גרמים,400.00,100 גרם,false,0,29.50,7.38,true,1,
7290100858608,false,קקאו עלית 500 גרם,שטראוס קפה בי.ויn\.,IL,קקאו עלית,גרמים,500.00,100 גרם,false,0,23.90,4.78,true,1,
7290100921418,false,מרכך הוואי קרטין מחזק700,טרופיקל דגיל בעמ,IL,מרכך הוואי,מיליליטרים,700.00,"100 מ""ל",false,0,9.90,1.41,true,1,
7290100921616,false,סבון אסלה סוד אורנים 50ג,הנקל,RS,סבון אסלה סוד,גרמים,50.00,100 גרם,false,0,8.90,17.80,true,1,
7290100922651,false,הוואי סבון מי קוקוס100*4,פוליבה,IL,סבון הוואי 4 יח,גרמים,400.00,100 גרם,false,1,11.90,2.98,true,1,
7290100924464,false,סבון אסלה אקונומיקה50*3ג,הנקל,HU,סבון אסלה 3 יח,גרמים,150.00,100 גרם,false,1,16.90,11.27,true,1,
7290100925676,false,קולור קאצ'ר 20 דפים,"הנקל סוד בע""\מ",IE,דפי קולור קאצ'ר,יחידה,1.00,יחידה,false,1,22.90,22.90,true,1,
7290101486688,false,חטיף FREE עם שוקולד 5יח',טבעית מוצרים מן הטבע בעמ,IL,חטיף FREE 5 יח',גרמים,100.00,100 גרם,false,0,16.90,16.90,true,1,
7290101488286,false,ליידי ס.סטיק 24/7ורוד150,קולגייט פלמוליב,RU,ליידי ספיד סטיק,מיליליטרים,150.00,"100 מ""ל",false,0,13.90,9.27,true,1,
7290101488323,false,ליידי ספיד סטיק סגול 65ג,קולגייט פלמוליב,US,ליידי ספיד סטיק,גרמים,65.00,100 גרם,false,0,19.90,30.62,true,1,
7290101551027,false,"קפסולות מס' 14 כשל""פ50ג",שטראוס קפה בי.וי,IL,קפסולות מס' 14,גרמים,50.00,100 גרם,false,1,15.90,31.80,true,1,
7290101551263,false,"סילאן  טבעי ללת""ס 700 גר","פוליבה בע""\מ",IL,סילאן טבעי,גרמים,700.00,100 גרם,false,1,21.90,3.13,true,1,
7290101551539,false,דנונה פרו+חלבון אפרסק200,"שטראוס בריאות בע""מ",IL,דנונה פרו אפרסק,גרמים,200.00,100 גרם,false,1,5.90,2.95,true,1,
7290101551584,false,תפוצ'יפס קידס 20*10 גרם,"שטראוס פריטו ליי בע""מ )פ",IL,תפוצ'יפס קידס10*,גרמים,200.00,100 גרם,false,1,14.90,7.45,true,1,
7290101551638,false,צ'יטוס כאפה מארז 20*10 ג,"שטראוס פריטו ליי בע""מ )פ",IL,צ'יטוס כאפה 10יח,גרמים,200.00,100 גרם,false,1,12.90,6.45,true,1,
7290101581208,false,קברנה סוביניון רזרב750מל,יקבי בנימינה,IL,קברנה רזרב,גרמים,750.00,100 גרם,false,1,59.90,7.99,true,1,
7290101581734,false,"מרלו רזרב 750 מ""ל",יקבי בנימינה,IL,מרלו רזרב,מיליליטרים,750.00,"100 מ""ל",false,1,59.90,7.99,true,1,
7290101864127,false,מסיר כתמים קליה750מ,רקיט בנקיזר,IL,קליה ספריי,מיליליטרים,750.00,"100 מ""ל",false,0,18.90,2.52,true,1,
7290101865261,false,"פיניש נוזל הברקה 800 מ""ל",רקיט בנקיזר,PL,פיניש נוזל הברקה,מיליליטרים,800.00,"100 מ""ל",false,0,21.90,2.74,true,1,
7290101869795,false,איירוויק מילוי 250מל,רקיט בנקיזר,GB,אירוויק מילוי,מיליליטרים,250.00,"100 מ""ל",false,1,19.90,7.96,true,1,
7290102031276,false,"אקטימל תות בננה 100*8מ""ל","שטראוס גרופ בע""\מ",IL,אקטימל 8 יח,מיליליטרים,800.00,"100 מ""ל",false,0,20.90,2.61,true,1,
7290102060764,false,2 מברשות שיניים מרידול,גאבה,CH,2 מברשות שיניים,יחידה,1.00,יחידה,false,0,24.90,24.90,true,1,
7290102060979,false,"משחה שיניים אלמקס 100מ""ל",קולגייט- פלמוליב,PL,משחת שיניים,מיליליטרים,100.00,"100 מ""ל",false,0,15.90,15.90,true,1,
7290102393268,false,גבינה לבנה 5% 750 גרם,טרה,IL,גבינה לבנה 5%,גרמים,750.00,100 גרם,false,0,14.50,1.93,true,1,
7290102611904,false,כפות אמריקאי חד פעמי 100,,CN,כפות חד פעמי,יחידה,1.00,יחידה,false,1,7.90,7.90,true,1,
7290102840175,false,פודינג וניל פרווה 85 גרם,מיה תעשיות מזון מ.ת.מ. ב,IL,פודינג וניל,גרמים,85.00,100 גרם,false,0,3.90,4.59,true,1,
7290102840182,false,פודינג שוקולד פרווה 85גר,מיה תעשיות מזון מ.ת.מ. ב,IL,פודינג שוקולד,גרמים,85.00,100 גרם,false,0,3.90,4.59,true,1,
7290102840199,false,ג'לי משמש פרווה 85 גרם,מיה תעשיות מזון מ.ת.מ. ב,IL,ג'לי משמש,גרמים,90.00,100 גרם,false,0,3.90,4.33,true,1,
7290102840205,false,ג'לי תות 85 גרם,מיה תעשיות מזון מ.ת.מ. ב,IL,ג'לי תות,גרמים,85.00,100 גרם,false,0,3.90,4.59,true,1,
7290103120658,false,ספיד סטיק ג'ל 24/7 שחור,קולגייט פלמוליב,US,דאודורנט,גרמים,85.00,100 גרם,false,0,19.90,23.41,true,1,
7290103124601,false,פלמוליב חלב ודבש משאב750,קולגייט פלמוליב,TR,סבון פלמוליב,מיליליטרים,750.00,"100 מ""ל",false,0,14.90,1.99,true,1,
7290103129378,false,ספיד סטיק ג'ל 5X 85 גרם,קולגייט פלמוליב,US,דאו. ספיד סטיק,גרמים,85.00,100 גרם,false,0,19.90,23.41,true,1,
7290103129408,false,ליידי ספיד סטיק פרש אסנס,קולגייט פלמוליב,US,ליידי ספיד סטיק,גרמים,65.00,100 גרם,false,0,19.90,30.62,true,1,
7290103401429,false,קפה פלטינום ברזילאי 200,עלית,IL,קפה פלטינום,גרמים,200.00,100 גרם,false,0,29.90,14.95,true,1,
7290103700072,false,טאצ  מטליות זיגזג 3 יחיד,שניב,IL,טאצ מטליות זיגזג,יחידה,1.00,יחידה,false,1,8.90,8.90,true,1,
7290103700386,false,טאצ כריות קרצוף 6 יחידות,שניב תעשיות נייר,IL,טאצ כריות קרצוף,יחידה,1.00,יחידה,false,1,8.90,8.90,true,1,
7290103700652,false,טאצ ספוג הפלא מארז 6 יחי,שניב תעשיות נייר,IL,טאצ ספוג הפלא,יחידה,1.00,יחידה,false,1,8.90,8.90,true,1,
7290103701017,false,נייר אפייה טאצ נשלף50יח,שניב תעשיות נייר,IL,נייר אפיה 50יח,יחידה,1.00,יחידה,false,1,9.90,9.90,true,1,
7290103701093,false,מיקרופייבר לריצפה טאצ',שניב,IL,מיקרופייבר לרצפה,יחידה,1.00,יחידה,false,1,15.90,15.90,true,1,
7290103701130,false,מיקרופייבר לניקוי כללי,שניב,IL,טאץ לניקוי כללי,יחידה,1.00,יחידה,false,1,15.90,15.90,true,1,
7290103701178,false,טאצ ספוג הפלא בלוק 1 יחי,שניב תעשיות נייר,IL,טאצ ספוג הפלא,יחידה,1.00,יחידה,false,1,4.90,4.90,true,1,
7290103703455,false,טאצ' ספוג מבריק הפלא,שניב תעשיות נייר,IL,טאצ' ספוג מבריק,יחידה,1.00,יחידה,false,1,9.90,9.90,true,1,
7290104061417,false,חומוס עם טחינה אחלה 400ג,"שטראוס גרופ בע""\מ",IL,חומוס טחינה אחלה,גרמים,400.00,100 גרם,false,0,10.90,2.73,true,1,
7290104061424,false,חומוס עם זעתר אחלה 400 ג,"שטראוס גרופ בע""\מ",IL,חומוס זעתר אחלה,גרמים,400.00,100 גרם,false,0,10.90,2.73,true,1,
7290104061431,false,חומוס עם צנובר אחלה 400ג,"שטראוס גרופ בע""\מ",IL,חומוס צנובר אחלה,גרמים,400.00,100 גרם,false,0,10.90,2.73,true,1,
7290104061448,false,חומוס עם חריף אחלה 400 ג,"שטראוס גרופ בע""\מ",IL,חומוס חריף אחלה,גרמים,400.00,100 גרם,false,0,10.90,2.73,true,1,
7290104062599,false,גמדים תות בננה 100*8 גרם,"שטראוס בריאות בע""\מ",IL,גמדים תות בננה,גרמים,800.00,100 גרם,false,0,17.90,2.24,true,1,
7290104066566,false,טחינה אחלה 500 גרם,"שטראוס גרופ בע""\מ",IL,טחינה אחלה 500גר,גרמים,500.00,100 גרם,false,0,15.90,3.18,true,1,
7290104720499,false,דני וניל 125*8 גרם,"שטראוס גרופ בע""\מ",IL,דני וניל 8 יח',קילוגרמים,1.00,"ק""ג",false,0,14.90,14.90,true,1,
7290104726262,false,דני שלוק שוקולד 125*4גרם,"שטראוס גרופ בע""\מ",IL,דני שלוק 4 יח,גרמים,500.00,100 גרם,false,0,10.90,2.18,true,1,
7290104726712,false,מארז מילקי ט.שוקולד170*8,"שטראוס גרופ בע""\מ",IL,מארז מילקי 8 יח',ליטרים,1.36,ליטר,false,0,19.90,14.63,true,1,
7290104728310,false,שמנת לקצפת 38% 250 גרם,מחלבת יטבתה,IL,שמנת לקצפת 38%,גרמים,250.00,100 גרם,false,0,5.90,2.36,true,1,
7290104729010,false,לבן בטעם תות 100 גרם,מחלבת יטבתה,IL,לבן בטעם תות,גרמים,100.00,100 גרם,false,0,1.40,1.40,true,1,
7290104960239,false,סבון נקה7 ארומה לבן 750מ,טרופיקל דגיל תעשיות קוסמ,IL,תחליב רחצה נקה 7,מיליליטרים,750.00,"100 מ""ל",false,0,10.90,1.45,true,1,
7290104961205,false,תח.רחצה נקה7 מלפפו750מ,טרופיקל דגיל תעשיות קוסמ,IL,תחליב רחצה נקה,מיליליטרים,750.00,"100 מ""ל",false,0,10.90,1.45,true,1,
7290104961243,false,תח.רחצה נקה7 קוקוס 750מ,טרופיקל דגיל תעשיות קוסמ,IL,תחליב רחצה,מיליליטרים,750.00,"100 מ""ל",false,0,10.90,1.45,true,1,
7290104961250,false,תחליב רחצה נקה7 וניל 750,טרופיקל דגיל תעשיות קוסמ,IL,תחליב רחצה נקה,מיליליטרים,750.00,"100 מ""ל",false,0,10.90,1.45,true,1,
7290104961526,false,טיטניום ספריי קלאסי150מ,קרליין,IL,טיטניום ספריי,מיליליטרים,150.00,"100 מ""ל",false,0,12.90,8.60,true,1,
7290104962073,false,דאו.טיטניום,,IL,דאו.טיטניום,מיליליטרים,180.00,"100 מ""ל",false,0,16.90,9.39,true,1,
7290104963001,false,מגבונים סופטקר עדין72*4,טרופיקל דגיל,IL,מגבונים סופטקר,יחידה,1.00,יחידה,false,1,19.90,19.90,true,1,
7290104963018,false,מגבונ.סופטקר לא מבוש72*4,טרופיקל דגיל,IL,מגבונים סופטקר,יחידה,1.00,יחידה,false,1,19.90,19.90,true,1,
7290104963223,false,סופטקר אל סבון קלאסי 1 ל,קוסמופארם בע'\'\מ,IL,סופטקר אל סבון,ליטרים,1.00,ליטר,false,1,19.90,19.90,true,1,
7290104963650,false,סופטקר שמפו צהוב 1ליטר,קוסמופארם בע'\'\מ,IL,סופטקר שמפו,ליטרים,1.00,ליטר,false,1,19.90,19.90,true,1,
7290104963667,false,סופטקר 2ב1- סגול 1 ליטר,קוסמופארם בע'\'\מ,IL,סופטקר 2ב1-,ליטרים,1.00,ליטר,false,1,19.90,19.90,true,1,
7290104964756,false,"תיאדנט מי פה ענבים150מ""ל",אמיליה קוסמטיקס בע'\'\מ,IL,תיאדנט מי פה,מיליליטרים,150.00,"100 מ""ל",false,1,15.90,10.60,true,1,
7290105360250,false,קפסולות קפה מס' 9 50 גרם,שטראוס קפה בי.וי.,IL,קפסולות קפה,גרמים,50.00,100 גרם,false,0,15.90,31.80,true,1,
7290105360328,false,קפסולות מס' 10 50 גרם,שטראוס קפה בי.וי.,IL,קפסולות מס' 10,גרמים,50.00,100 גרם,false,0,15.90,31.80,true,1,
7290105360335,false,קפסולות מס' 7 50 גרם,שטראוס קפה בי.וי.,IL,קפסולות מס' 7,גרמים,50.00,100 גרם,false,0,15.90,31.80,true,1,
7290105362339,false,שמנת לבישול15%מהדרין250,מחלבת יטבתה,IL,שמנת לבישול 15%,מיליליטרים,250.00,"100 מ""ל",false,0,7.90,3.16,true,1,
7290105366023,false,חציל בטעם כבד 400 גרם,"שטראוס גרופ בע""\מ",IL,חציל בטעם כבד,גרמים,400.00,100 גרם,false,0,15.90,3.98,true,1,
7290105366047,false,טחינה לבנה 400 גרם,"שטראוס גרופ בע""\מ",IL,טחינה לבנה,גרמים,400.00,100 גרם,false,0,15.90,3.98,true,1,
7290105368331,false,"מילקי בטעם תות 170 מ""ל",שטראוס,IL,מילקי טעם תות,מיליליטרים,170.00,"100 מ""ל",false,0,2.80,1.65,true,1,
7290105368904,false,שמנת מתוקה להקצפה32% 250,מחלבת יטבתה,IL,שמנת מתוקה32%,מיליליטרים,250.00,"100 מ""ל",false,0,6.90,2.76,true,1,
7290105368928,false,שמנת 9% יטבתה מהדרין200מ,מחלבת יטבתה,IL,שמנת 9% יטבתה,מיליליטרים,200.00,"100 מ""ל",false,0,3.20,1.60,true,1,
7290105430458,false,סבון פלמוליב שקדים 750 מ,קולגייט פלמוליב,TR,סבון פלמוליב,מיליליטרים,750.00,"100 מ""ל",false,0,14.90,1.99,true,1,
7290105434050,false,דאו. ספיד סטיק,קולגייט פלמוליב,US,דאו. ספיד סטיק,יחידה,1.00,יחידה,false,0,19.90,19.90,true,1,
7290105434067,false,דאו. ספיד סטיק,קולגייט פלמוליב,US,דאו. ספיד סטיק,יחידה,1.00,יחידה,false,0,19.90,19.90,true,1,
7290105436382,false,חטיף FREE תמרים קשיו25*5,טבעית מוצרים מן הטבע בעמ,IL,חטיפי FREE,גרמים,125.00,100 גרם,false,0,16.90,13.52,true,1,
7290105439499,false,מיונז מאסטר שף 481 גרם,רמיה סי.וי.הולנד,NL,מיונז מאסטר שף,גרמים,481.00,100 גרם,false,1,9.90,2.06,true,1,
7290105439505,false,ממרח מופחת קלוריות521ג,רמיה סי.וי.הולנד,NL,ממרח מופחת,גרמים,521.00,100 גרם,false,1,12.90,2.48,true,1,
7290105439581,false,חרדל דיז'ון צרפתי 370גרם,רמיה סי.וי.הולנד,FR,חרדל דיז'ון,גרמים,370.00,100 גרם,false,1,11.90,3.22,true,1,
7290105500151,false,וודקה פינלנדיה,,FI,וודקה פינלנדיה,מיליליטרים,700.00,"100 מ""ל",false,0,64.90,9.27,true,1,
7290105962331,false,סחוג חריף מאוד זהבי220ג,"זהבי הכרם בע""\מ",IL,סחוג חריף זהבי,גרמים,220.00,100 גרם,false,0,10.90,4.95,true,1,
7290105965738,false,דנונה לשתיה תות בננה267ג,"שטראוס גרופ בע""\מ",IL,דנונה לשתיה,גרמים,267.00,100 גרם,false,0,5.30,1.99,true,1,
7290105966469,false,"חומץ בלסמי 250 מ""ל",יד מרדכי,IT,חומץ בלסמי,גרמים,250.00,100 גרם,false,0,14.90,5.96,true,1,
7290105968098,false,סלט קולסלאו אחלה 500 גרם,"שטראוס גרופ בע""\מ",IL,סלט קולסלאו אחלה,גרמים,500.00,100 גרם,false,0,15.90,3.18,true,1,
7290105968654,false,רביולי בטטה פרווה 400 גר,"שטראוס גרופ בע""\מ",IL,רביולי בטטה 400ג,גרמים,400.00,100 גרם,false,0,19.90,4.98,true,1,
7290105968777,false,פריכיות תחתית שוק.מריר70,"שטראוס גרופ בע""\מ",IL,פריכיות + שוקולד,גרמים,70.00,100 גרם,false,0,7.90,11.29,true,1,
7290106520066,false,רבע לשבע גלילית אגוז160ג,"הגביע מוצרי וופלים בע""\מ",IL,רבע לשבע 160 גרם,גרמים,160.00,100 גרם,false,0,11.90,7.44,true,1,
7290106520288,false,יוגורט דנונה פרו תות150ג,"שטראוס גרופ בע""\מ",IL,דנונה WOW תות,גרמים,150.00,100 גרם,false,1,4.50,3.00,true,1,
7290106520905,false,סלט טורקי 400 גרם,"שטראוס גרופ בע""\מ",IL,סלט טורקי,גרמים,400.00,100 גרם,false,0,15.90,3.98,true,1,
7290106520912,false,"שמנת לבישול 9% 250 מ""ל",מחלבת יטבתה,IL,שמנת לבישול 9%,מיליליטרים,250.00,"100 מ""ל",false,0,7.90,3.16,true,1,
7290106521926,false,קפה טורקי 150 גרם,שטראוס קפה בי.וי,IL,קפה טורקי,גרמים,150.00,100 גרם,false,1,11.90,7.93,true,1,
7290106523937,false,תפוצ'יפס טבעי 30*7 גרם,שטראוס,IL,תפוצ'יפס 7 יח,גרמים,210.00,100 גרם,false,0,12.90,6.14,true,1,
7290106524439,false,תפוצ'יפס פופס טבעי 60גרם,"שטראוס פריטו ליי בע""\מ )",IL,תפוצ'יפס פופס,גרמים,60.00,100 גרם,false,1,3.90,6.50,true,1,
7290106525399,false,קפסולות ברזיל 06 50 גרם,שטראוס קפה בי.וי.,IL,קפסולות קפה,גרמים,50.00,100 גרם,false,1,15.90,31.80,true,1,
7290106526822,false,פריכיות תחתית חלב 80גרם,"שטראוס גרופ בע""\מ",IL,פריכיות,גרמים,80.00,100 גרם,false,0,7.90,9.88,true,1,
7290106528567,false,דוריטוס גריל 185 גרם,"שטראוס פריטו ליי בע""\מ )",IL,דוריטוס גריל,גרמים,185.00,100 גרם,false,1,7.90,4.27,true,1,
7290106576834,false,לה קרמריה פונש בננה,גלידות נסטלה,IL,לה קרמריה,ליטרים,1.40,ליטר,false,0,17.90,12.79,true,1,
7290106576919,false,לה קרמריה סורבה,גלידות נסטלה )נגה גלידות,IL,לח קרמריה,ליטרים,1.40,ליטר,false,0,17.90,12.79,true,1,
7290106576995,false,לה קרמריה תות מנגו לייט,גלידות נסטלה )נגה גלידות,IL,לה קרמריה לייט,ליטרים,1.40,ליטר,false,0,17.90,12.79,true,1,
7290106577039,false,לה קרמריה וניל+שוק,גלידות נסטלה,IL,לא קרמריה,ליטרים,1.40,ליטר,false,0,17.90,12.79,true,1,
7290106663503,false,קונפיט.תות שדה לייט230ג,"ב.א. מזון בע""\מ",IL,קונפיטורה תות,גרמים,230.00,100 גרם,false,0,13.80,6.00,true,1,
7290106664067,false,לאבנה ש.זית וזעתר10% 400,"מחלבות בר בכפר בע""\מ",IL,לאבנה שמן זית,גרמים,400.00,100 גרם,false,1,14.90,3.73,true,1,
7290106664555,false,רוטב שמנת+עגבניות9% 250מ,יטבתה,IL,רוטב שמנת,מיליליטרים,250.00,"100 מ""ל",false,1,10.90,4.36,true,1,
7290106667266,false,דוריטוס חמוץ חריף 185גרם,"שטראוס פריטו ליי בע""\מ )",IL,דוריטוס,גרמים,185.00,100 גרם,false,1,7.90,4.27,true,1,
7290106668713,false,דנונה פירות יער 3% 150גר,"שטראוס גרופ בע""\מ",IL,דנונה פירות יער,גרמים,150.00,100 גרם,false,1,3.90,2.60,true,1,
7290106721913,false,מסטיק מרעננת מגדים 66גרם,עלית,IL,מסטיק מרעננת,גרמים,66.00,100 גרם,false,1,9.90,15.00,true,1,
7290106721920,false,מסטיק ספירמינט צ'יקלט66ג,"שטראוס גרופ בע""\מ.",IL,מסטיק ספירמינט,גרמים,66.00,100 גרם,false,1,9.90,15.00,true,1,
7290106725874,false,"סירופ מייפל טבעי 236 מ""ל",יד מרדכי,CA,סירופ מייפל,מיליליטרים,236.00,"100 מ""ל",false,1,34.90,14.79,true,1,
7290106726178,false,דנונה פרו פירות יער150ג,"שטראוס גרופ בע""\מ",IL,דנונה WOW פ.יער,גרמים,150.00,100 גרם,false,1,4.50,3.00,true,1,
7290106770577,false,ממרח חלבה 350 גרם,אלמנדוס,IL,ממרח חלבה,גרמים,350.00,100 גרם,false,1,12.90,3.69,true,1,
7290106772472,false,ממרח אגוזי לוז+קקאו350גר,אלמנדוס,IL,ממרח אגוזי לוז,גרמים,350.00,100 גרם,false,1,12.90,3.69,true,1,
7290106774445,false,חמאת בוטנים טבעית 700 גר,---,AR,חמאת בוטנים,גרמים,700.00,100 גרם,false,1,19.90,2.84,true,1,
7290107280020,false,מטליות לחות מארז,,IL,מטליות לחות מארז,יחידה,1.00,יחידה,false,0,17.90,17.90,true,1,
7290107280099,false,מגבוני נייר טואלט48*3יח,סנו,IL,מגבוני נייר לחים,יחידה,1.00,יחידה,false,0,17.90,17.90,true,1,
7290107280518,false,מקסימה ג'אוול 8קג,סנו,IL,מקסימה ג'אוול,קילוגרמים,8.00,"ק""ג",false,0,54.90,6.86,true,1,
7290107280563,false,אוקסיג'ן בייבי,,IL,אוקסיג'ן בייבי,ליטרים,3.00,ליטר,false,0,26.90,8.97,true,1,
7290107280570,false,ג'ל כביסה,,IL,ג'ל כביסה,ליטרים,3.00,ליטר,false,0,27.90,9.30,true,1,
7290107280587,false,סנובון דאבל אקשן פרחים,סנו מפעלי ברונו בעמ,IL,סנובון דאבל אקשן,גרמים,165.00,100 גרם,false,1,11.90,7.21,true,1,
7290107280600,false,ספארק טבליות למדיח 100יח,גרופה אינקו,PL,ספארק טב' למדיח,יחידה,1.00,יחידה,false,1,59.90,59.90,true,1,
7290107280631,false,מקסימה ביו 8קג,סנו,IL,מקסימה ביו,קילוגרמים,8.00,"ק""ג",false,0,54.90,6.86,true,1,
7290107280648,false,מקסימה מאסק 8קג,סנו,IL,מקסימה מאסק,קילוגרמים,8.00,"ק""ג",false,0,54.90,6.86,true,1,
7290107280655,false,מקסימה בייבי,,IL,מקסימה בייבי,קילוגרמים,3.25,"ק""ג",false,0,32.90,10.12,true,1,
7290107280709,false,ספארק נוזל הברקה 700מל,"סנו מפעלי ברונוס בע""\מ",IL,נוזל הברקה למדיח,מיליליטרים,700.00,"100 מ""ל",false,1,14.90,2.13,true,1,
7290107280761,false,ספארק לימון+משאבה 1ל,סנו מפעלי ברונוס בעמ,IL,נוזל כלים לימון,ליטרים,1.00,ליטר,false,0,10.90,10.90,true,1,
7290107280822,false,ריצפז פרש הום ספא 2 ליטר,"סנו מפעלי ברונוס בע""\מ",IL,ריצפז פרש הום,ליטרים,2.00,ליטר,false,0,19.90,9.95,true,1,
7290107645591,false,מרק טעם עוף ר.טבעיים400ג,"יונליוור ישראל מזון בע""\",IL,מרק טעם עוף,גרמים,400.00,100 גרם,false,1,17.90,4.48,true,1,
7290107646062,false,מרק בצל רכיבים טבעיים400,יוניליוור ישראל מזון בע\,IL,מרק בצל,גרמים,400.00,100 גרם,false,1,22.90,5.73,true,1,
7290107647731,false,קוקומן חום לבן 375 גרם,יוניליוור ישראל מזון בעמ,IL,קוקומן חום לבן,גרמים,375.00,100 גרם,false,1,19.90,5.31,true,1,
7290107647816,false,"ברנפלקס ללת""ס 500 גרם",יוניליוור ישראל מזון בעמ,IL,"ברנפלקס ללת""ס",גרמים,500.00,100 גרם,false,1,19.90,3.98,true,1,
7290107648943,false,ברנפלקס קרנצ'ים מייפל375,"יוניליוור שפע ישראל בע""\",IL,ברנפלקס קרנצ'ים,גרמים,375.00,100 גרם,false,1,21.90,5.84,true,1,
7290107649100,false,בייגלה טבעות+שומשום300ג,בייגל את בייגל מזון 198),IL,בייגלה טבעות,גרמים,300.00,100 גרם,false,1,7.90,2.63,true,1,
7290107874502,false,ביסלי גריל 55*4 גרם,"אסם השקעות בע""\מ",IL,ביסלי גריל 4 יח,גרמים,220.00,100 גרם,false,1,12.90,5.86,true,1,
7290107875400,false,להקרמריה פיסטוק מוקה 1.4,גלידות נסטלה,IL,להקרמריה,ליטרים,1.40,ליטר,false,0,17.90,12.79,true,1,
7290107879521,false,מאגדת לה פרוטה תות 5יח,גלידות נסטלה )נגה גלידות,IL,מאגדת לה פרוטה,גרמים,350.00,100 גרם,false,1,22.90,6.54,true,1,
7290107879569,false,מאגדת לה פרוטה מנגו 5יח,גלידות נסטלה )נגה גלידות,IL,מאגדת לה פרוטה,גרמים,350.00,100 גרם,false,1,22.90,6.54,true,1,
7290107930321,false,קונפיטורה דובדבן 340 גרם,"ב.א. מזון בע""\מ",IL,קונפיטורה דובדבן,גרמים,340.00,100 גרם,false,1,13.90,4.09,true,1,
7290107932080,false,חלב מועשר3% בקבוק 1ליטר,מחלבת יטבתה,IL,חלב מועשר 3%,ליטרים,1.00,ליטר,false,1,7.90,7.90,true,1,
7290107932134,false,חלב מועשר1% בקבוק 1ליטר,מחלבת יטבתה,IL,חלב מועשר 1%,ליטרים,1.00,ליטר,false,1,7.90,7.90,true,1,
7290107936309,false,יוגורט יווני לבן6.5% 130,"שטראוס גרופ בע""\מ",IL,יוגורט יווני,גרמים,130.00,100 גרם,false,1,3.20,2.46,true,1,
7290107937641,false,מסטיק בזוקה קוביות צנצ58,עלית,DE,קוביות מסטיק,גרמים,58.00,100 גרם,false,1,9.90,17.07,true,1,
7290107937856,false,קפסולות מס' 11 50 גרם,שטראוס קפה בי.וי,IL,קפסולות עלית,גרמים,50.00,100 גרם,false,1,15.90,31.80,true,1,
7290107938396,false,"מארז אקטימל תות 100*8מ""ל","שטראוס בריאות בע""\מ",IL,אקטימל תות 8יח',מיליליטרים,800.00,"100 מ""ל",false,1,20.90,2.61,true,1,
7290107940467,false,אקטיביה 1.5% 200 גרם,"שטראוס גרופ בע""\מ",IL,אקטיביה 1.5%,גרמים,200.00,100 גרם,false,1,3.80,1.90,true,1,
7290107943192,false,שמנת חמוצ.מהערבה27% 200מ,מחלבת יטבתה,IL,שמנת חמוצה 27%,מיליליטרים,200.00,"100 מ""ל",false,1,3.90,1.95,true,1,
7290107945165,false,קונפיטורת משמש 340 גרם,"ב.א. מזון בע""\מ",IL,קונפיטורת משמש,גרמים,340.00,100 גרם,false,1,13.90,4.09,true,1,
7290107950190,false,מעדן דיאט שוקולד מריר130,"שטראוס גרופ בע""\מ",IL,מעדן דיאט שוקולד,גרמים,130.00,100 גרם,false,1,2.90,2.23,true,1,
7290107950206,false,מעדן דיאט שוקולד 130 גרם,"שטראוס גרופ בע""\מ",IL,מעדן דיאט שוקולד,גרמים,130.00,100 גרם,false,1,2.90,2.23,true,1,
7290107951104,false,בפלות בטעם שוקולד 200גרם,"א.ג. גילרו בע""\מ",IL,בפלות טעם שוקולד,גרמים,200.00,100 גרם,false,1,4.90,2.45,true,1,
7290107951715,false,מסטיק קוביות ענבים צנצ58,אסקום קונפקשיין,IL,מסטיק קוביות,גרמים,58.00,100 גרם,false,1,9.90,17.07,true,1,
7290107953559,false,קפה טורקי לדרך 24 * 7 גר,שטראוס קפה בי.וי.,IL,קפה טורקי לדרך,גרמים,168.00,100 גרם,false,1,18.90,11.25,true,1,
7290107954709,false,קונפיטורת פירות יער340גר,"ב.א. מזון בע""\מ",IL,קונפיטורה פירות,גרמים,340.00,100 גרם,false,1,13.90,4.09,true,1,
7290107956710,false,מיני מילקי שרינק 70*16גר,"שטראוס גרופ בע""\מ",IL,מיני מילקי 16 יח,קילוגרמים,1.12,"ק""ג",false,1,19.90,17.77,true,1,
7290107956925,false,קפסולות אוגנדה 13 50 גרם,שטראוס קפה בי.וי.,IL,קפסולות קפה,גרמים,50.00,100 גרם,false,1,15.90,31.80,true,1,
7290107956932,false,קפסולות אינדונזיה מס12,שטראוס קפה בי.וי.,IL,קפסולות אינדונזי,גרמים,50.00,100 גרם,false,1,15.90,31.80,true,1,
7290107956963,false,מארז דנונה תות 100X12 גר,שטראוס מחלבות,IL,מארז דנונה תות,קילוגרמים,1.20,"ק""ג",false,1,19.90,16.58,true,1,
7290107958035,false,דנונה מתיקות מעודנת150*8,"שטראוס גרופ בע""\מ",IL,דנונה מעודן 8 יח,קילוגרמים,1.20,"ק""ג",false,1,18.90,15.75,true,1,
7290107973311,false,2מברשות קולגייט 360 פחם,קולגייט פלמוליב,CH,מברשות קולגייט,יחידה,1.00,יחידה,false,1,22.90,22.90,true,1,
7290107974301,false,ליידי ס.סטיק אלוורה ג'ל,קולגייט פלמוליב,US,ליידי ספיד סטיק,גרמים,45.00,100 גרם,false,1,19.90,44.22,true,1,
7290107974820,false,ממרח מתובל ספייסי 250גרם,רמיה סי.וי.הולנד,NL,ממרח מתובל ספייס,גרמים,250.00,100 גרם,false,1,8.90,3.56,true,1,
7290107974837,false,ממרח מתובל שום 250 גרם,רמיה סי.וי.הולנד,NL,ממרח מתובל שום,גרמים,250.00,100 גרם,false,1,8.90,3.56,true,1,
7290107975346,false,ספיד סטיק כוח הטבע-ג'ל,קולגייט פלמוליב,US,ספיד סטיק,גרמים,65.00,100 גרם,false,1,19.90,30.62,true,1,
7290107975360,false,ליידי ספיד סטיק פיור פרש,קולגייט פלמוליב,US,ליידי ספיד סטיק,גרמים,45.00,100 גרם,false,1,19.90,44.22,true,1,
7290108193602,false,שקיות גופיה קטנות,,IL,שקיות גופיה,יחידה,1.00,יחידה,false,1,9.90,9.90,true,1,
7290108193619,false,שקיות גופיה גדולות,,IL,שקיות גופיה,יחידה,1.00,יחידה,false,1,9.90,9.90,true,1,
7290108201284,false,מקלות ריחניים לבנדר מתוק,רקיט בנקיזר,HU,מקלות ריחניים,יחידה,1.00,יחידה,false,1,19.90,19.90,true,1,
7290108350531,false,ספארק לכלים קלאסי+משאבה,סנו מפעלי ברונוס בעמ,IL,ספארק לכלים,ליטרים,1.00,ליטר,false,1,10.90,10.90,true,1,
7290108350555,false,ספארק לעור רגיש+משאבה 1ל,סנו,IL,ספארק לכלים,ליטרים,1.00,ליטר,false,1,10.90,10.90,true,1,
7290108350616,false,מרכך מקסימה בלו 1 ליטר,"סנו מפעלי ברונוס בע""\מ",IL,מרכך מקסימה,ליטרים,1.00,ליטר,false,1,15.90,15.90,true,1,
7290108350623,false,מרכך מקסימה סופט סילק1ל,"סנו מפעלי ברונוס בע""\מ",IL,מרכך מקסימה,ליטרים,1.00,ליטר,false,1,15.90,15.90,true,1,
7290108350739,false,מ.שיניים סוכריות ג'לי70ג,טרופיקל דגיל תעשיות קוסמ,IL,משחה אורביטול,גרמים,70.00,100 גרם,false,1,7.90,11.29,true,1,
7290108351149,false,סנו ג'ט בתוספת סודה 1.5ל,"סנו מפעלי ברונוס בע""\מ",IL,סנו ג'ט פלוס,מיליליטרים,1500.00,"100 מ""ל",false,1,11.90,0.79,true,1,
7290108351156,false,סנו ג'ט רצפות חומץ 1.5ל,"סנו מפעלי ברונוס בע""\מ",IL,סנו ג'ט פלוס,ליטרים,1.50,ליטר,false,1,11.90,7.93,true,1,
7290108351507,false,מרכך כביסה סופט סליק 4 ל,סנו,IL,מרכך מקסימה,ליטרים,4.00,ליטר,false,1,19.90,4.98,true,1,
7290108351552,false,סנו ג'ט בתוספת חומץ750מל,"סנו מפעלי ברונוס בע""\מ",IL,סנו ג'ט עם חומץ,מיליליטרים,750.00,"100 מ""ל",false,1,11.90,1.59,true,1,
7290108351569,false,מקסימה למייבש בייבי750מל,"סנו מפעלי ברונוס בע""\מ",IL,מקסימה למייבש,מיליליטרים,750.00,"100 מ""ל",false,1,16.90,2.25,true,1,
7290108351583,false,סנו ג'ט מנקה אסלות 750מל,סנו מפעלי ברונו בעמ,IL,סנו ג'ט לאסלות,מיליליטרים,750.00,"100 מ""ל",false,1,11.90,1.59,true,1,
7290108351590,false,"סנופרש הום בלוסם 350 מ""ל",---,IL,סנופרש בלוסם,מיליליטרים,350.00,"100 מ""ל",false,1,10.90,3.11,true,1,
7290108351606,false,סנופרש הום סופט סילק 350,סנו מפעלי ברונוס בעמ,IL,סנופרש הום,מיליליטרים,350.00,"100 מ""ל",false,1,10.90,3.11,true,1,
7290108351613,false,ריצפז פרש הום בית מלון2ל,"סנו מפעלי ברונוס בע""\מ",IL,ריצפז פרש הום,ליטרים,2.00,ליטר,false,1,19.90,9.95,true,1,
7290108351637,false,"א.כ.מקסימה סמארט 5 ק""ג",סנו,IL,אבקת כביסה,קילוגרמים,5.00,"ק""ג",false,1,47.90,9.58,true,1,
7290108351675,false,מקסימה ג'ל מיקס&ווש 5 ל',סנו מפעלי ברונוס בעמ,IL,מקסימה ג'ל,ליטרים,5.00,ליטר,false,1,39.90,7.98,true,1,
7290108351682,false,מקסימה ג'ל ביו 5 ליטר,"סנו מפעלי ברונוס בע""\מ",IL,מקסימה ג'ל,ליטרים,5.00,ליטר,false,1,39.90,7.98,true,1,
7290108351699,false,סנו ג'ט מטליות ניקוי50*3,סנו,IL,סנו ג'ט מטליות3*,יחידה,1.00,יחידה,false,1,17.90,17.90,true,1,
7290108351804,false,מרכך כביסה ג'נטל בריז 1ל,סנו מפעלי ברונוס בעמ,IL,מרכך מקסימה,ליטרים,1.00,ליטר,false,1,15.90,15.90,true,1,
7290108351811,false,מרכך כביסה פלורל טאצ1ל,סנו מפעלי ברונוס בעמ,IL,מרכך מקסימה,ליטרים,1.00,ליטר,false,1,15.90,15.90,true,1,
7290108351835,false,מרכך כביסה פלורל טאץ' 4ל,סנו מפעלי ברונוס בעמ,IL,מרכך מקסימה,ליטרים,4.00,ליטר,false,1,19.90,4.98,true,1,
7290108351934,false,רינגס סב.אסלה לימון40*3ג,SWARZEDZ DRAMERSSA,PL,סבון אסלה 3 יח,גרמים,120.00,100 גרם,false,1,14.90,12.42,true,1,
7290108351941,false,רינגס סב.אסלה-יערות40*3ג,SWARZEDZ DRAMERSSA,PL,סבון אסלה 3 יח,גרמים,120.00,100 גרם,false,1,14.90,12.42,true,1,
7290108351965,false,ג'ט סבון לאסלה 3 * 55 גר,סנו מפעלי ברונוס בעמ,IL,ג'ט סבון אסלה3יח,גרמים,165.00,100 גרם,false,1,9.90,6.00,true,1,
7290108351989,false,מבשם לבית מלון מפנק200מל,סנו מפעלי ברונוס בעמ,IL,מבשם אוויר לבית,מיליליטרים,200.00,"100 מ""ל",false,1,11.90,5.95,true,1,
7290108352061,false,משחת אורביטול פחם 145ג,טרופיקל דגיל תעשיות קוסמ,IL,משחת אורביטול,גרמים,145.00,100 גרם,false,1,14.90,10.28,true,1,
7290108352092,false,מש.אורביטול פרוטקטיב145ג,טרופיקל דגיל תעשיות קוסמ,IL,משחת אורביטול,גרמים,145.00,100 גרם,false,1,17.90,12.34,true,1,
7290108352108,false,משחת אורביטול פרש 145 גר,טרופיקל דגיל תעשיות קוסמ,IL,משחת אורביטול,גרמים,145.00,100 גרם,false,1,14.90,10.28,true,1,
7290108352153,false,סנובון נוזלי לוטוס750מל,סנו מפעלי ברונוס בעמ,IL,סנובון נוזלי,מיליליטרים,750.00,"100 מ""ל",false,1,10.90,1.45,true,1,
7290108352207,false,מקסימה קפסולות פלורל40יח,"גליל כימיקלים, א.ת. צפונ",IL,מקסימה קפסולות,יחידה,1.00,יחידה,false,1,42.90,42.90,true,1,
7290108352214,false,מקסימה קפסולות פרש 40יח,סנו,IL,קפסולות לכביסה,יחידה,1.00,יחידה,false,1,42.90,42.90,true,1,
7290108352221,false,סנופרש הום מלון מפנק 350,סנו מפעלי ברונוס בעמ,IL,סנו פרש הום,מיליליטרים,350.00,"100 מ""ל",false,1,10.90,3.11,true,1,
7290108352252,false,ספארק ללא צבע+משאבה1ל,"סנו מפעלי ברונוס בע""\מ",IL,ספארק נוזל כלים,ליטרים,1.00,ליטר,false,1,10.90,10.90,true,1,
7290108352269,false,מטליות לחיטוי דלי 400 יח,סנו,IL,מטליות לחיטוי,יחידה,1.00,יחידה,false,1,29.90,29.90,true,1,
7290108352276,false,מטליות לחיטוי רצפות 10יח,"סנו מפעלי ברונס בע""\מ",IL,מטליות לרצפה,יחידה,1.00,יחידה,false,1,16.90,16.90,true,1,
7290108352320,false,פרש הום מלון בוטיק 350מ,סנו מפעלי ברונוס בעמ,IL,סנופרש הום,מיליליטרים,350.00,"100 מ""ל",false,1,10.90,3.11,true,1,
7290108352337,false,סנן  פרש מילוי 250מל,סנו מפעלי ברונוס בעמ,IL,סנו פרש מילוי,מיליליטרים,250.00,"100 מ""ל",false,1,14.90,5.96,true,1,
7290108352344,false,סנו פרש מילוי 250מל,סנו מפעלי ברונוס בעמ,IL,סנו פרש מילוי,מיליליטרים,250.00,"100 מ""ל",false,1,14.90,5.96,true,1,
7290108352399,false,ריצפז פרש הום ניח.מרכך2ל,"סנו מפעלי ברונוס בע""\מ",IL,ריצפז פרש הום,ליטרים,2.00,ליטר,false,1,19.90,9.95,true,1,
7290108352443,false,סנובון מוצק לוטוס/סחלב 3,סנו מפעלי ברונוס בעמ,IL,סנובון מוצק,גרמים,165.00,100 גרם,false,1,16.90,10.24,true,1,
7290108352450,false,ריצפז פרש הום ריח מרכך2ל,סנו מפעלי ברונוס בעמ,IL,ריצפז פרש הום,ליטרים,2.00,ליטר,false,1,19.90,9.95,true,1,
7290108352511,false,מנקה מכ.כביסה מקסימה500מ,"סנו מפעלי ברונוס בע""\מ",IL,מנקה מכונת כביסה,מיליליטרים,500.00,"100 מ""ל",false,1,12.90,2.58,true,1,
7290108352566,false,מקסימה JOY מרכך 4ל,"סנו מפעלי ברונוס בע""\מ",IL,מקסימה מרכך JOY,ליטרים,4.00,ליטר,false,1,19.90,4.98,true,1,
7290108352641,false,מטלית הפלא 3 יחידות,,CN,מטליות הפלא 3 יח,יחידה,1.00,יחידה,false,1,14.90,14.90,true,1,
7290108352672,false,מטליות לרצפה סנו סושי2יח,,CN,מטליות לרצפה 2יח,יחידה,1.00,יחידה,false,1,19.90,19.90,true,1,
7290108352788,false,שקיות מזון L זיפר 20 יח',פיין ונטג,CN,שקיות מזון זיפר,יחידה,1.00,יחידה,false,1,10.90,10.90,true,1,
7290108352795,false,שקיות מזון M זיפר 50 יח',פיין ונטג,CN,שקיות מזון זיפר,יחידה,1.00,יחידה,false,1,10.90,10.90,true,1,
7290108352825,false,ספוג הפלא לנירוסטה 3יח,ltdn s.k.a.tסנו מפעלי בר,CN,ספוג הפלא נירוסט,יחידה,1.00,יחידה,false,1,11.90,11.90,true,1,
7290108352863,false,20שקיות צלייה סנו סושי L,סנו מפעלי ברונוס בעמ . ח,TR,שקיות צלייה,יחידה,1.00,יחידה,false,1,9.90,9.90,true,1,
7290108352924,false,80כפפות ניטריל Mסנו סושי,תאי ד.בו,TH,כפפות ניטריל M,יחידה,1.00,יחידה,false,1,29.90,29.90,true,1,
7290108352931,false,80כפפות ניטרילL סנו סושי,תאי ד.בו,TH,כפפות ניטריל L,יחידה,1.00,יחידה,false,1,29.90,29.90,true,1,
7290108353006,false,שקיות אוכל נקשרות250,"וויפנג הנגשנג, סין",CN,שקיות אוכל נקשרו,יחידה,1.00,יחידה,false,1,9.90,9.90,true,1,
7290108353068,false,2כרית קרצוף סיבי נירוסטה,פושן קלינינג,CN,כריות קרצוף 2 יח,יחידה,1.00,יחידה,false,1,11.90,11.90,true,1,
7290108353075,false,מפיות אירוח איכותיות 50,האנק טישו,PL,מפיות אירוח איכו,יחידה,1.00,יחידה,false,1,10.90,10.90,true,1,
7290108353099,false,ממחטות אף סופט 5 * 100יח,איימי פייפר,CN,ממחטות סופט מארז,יחידה,1.00,יחידה,false,1,12.90,12.90,true,1,
7290108353334,false,כיף שמפו למניעת קשקש700מ,קוסמופארם,IL,כיף שמפו,מיליליטרים,700.00,"100 מ""ל",false,1,11.90,1.70,true,1,
7290108353419,false,2מברשות אורביטו whiteing,קוסמופארם,CN,מברשות שיניים,יחידה,1.00,יחידה,false,1,16.90,16.90,true,1,
7290108353440,false,2 מברשות 12000 סיבים,Plastic Z.H.T,CN,מברשות שיניים2יח,יחידה,1.00,יחידה,false,1,31.90,31.90,true,1,
7290108353488,false,דיזיין סבון אסלה-מרכך55ג,סנו מפעלי ברונוס בעמ,IL,סבון אסלה דיזיין,גרמים,55.00,100 גרם,false,1,8.90,16.18,true,1,
7290108353501,false,שק.אשפה XXL עם ידיות25יח,"סנאט גרופ, טורקיה",TR,שקיות אשפה XXL,יחידה,1.00,יחידה,false,1,21.90,21.90,true,1,
7290108353549,false,דפי נייר אפייה 100יח' 38,"טופ פלסט 2002 בע""\מ",IL,סנו סושי נייר,יחידה,1.00,יחידה,false,1,21.90,21.90,true,1,
7290108353648,false,שקיות אוכל מנייר 70 יחיד,איי טיי אריזות טורקיה,TR,שקיות אוכל מנייר,יחידה,1.00,יחידה,false,1,11.90,11.90,true,1,
7290108353778,false,תחליב רח.פינטגו750מ,קוסמופארם בע'\'\מ,IL,תחליב רח.פינטגו,מיליליטרים,750.00,"100 מ""ל",false,1,10.90,1.45,true,1,
7290108353785,false,תחליב רח.נקה7טונקה750מ,קוסמופארם בע'\'\מ,IL,תחליב רחצה,מיליליטרים,750.00,"100 מ""ל",false,1,10.90,1.45,true,1,
7290108353792,false,נקה 7 תחליב רחצה יפן 750,קוסמופארם בע'\'\מ,IL,תחליב רחצה בניחו,מיליליטרים,750.00,"100 מ""ל",false,1,10.90,1.45,true,1,
7290108353808,false,"תחליב רחצה מדגסקר750מ""ל",קוסמופארם בע'\'\מ,IL,תחליב רחצה בניחו,מיליליטרים,750.00,"100 מ""ל",false,1,10.90,1.45,true,1,
7290108354065,false,קרמה מן ג'ל רח.פילינג700,קוסמופארם בע'\'\מ,IL,קרמה מן ג'ל רחצה,מיליליטרים,700.00,"100 מ""ל",false,1,17.90,2.56,true,1,
7290108354270,false,מרכך Calm מקסימה 1 ל,סנו מפעלי ברונוס בעמ,IL,מרכך מקסימה,ליטרים,1.00,ליטר,false,1,15.90,15.90,true,1,
7290108354447,false,מרכך שמן קוקוס קרטין 700,קוסמופארם,IL,מרכך שיער כיף,מיליליטרים,700.00,"100 מ""ל",false,1,11.90,1.70,false,1,
7290108354485,false,קרליין 10 מרכך ארגן700מל,"קוסמופארם בע""\מ",IL,מרכך 10 ארגן,מיליליטרים,700.00,"100 מ""ל",false,1,12.90,1.84,true,1,
7290108354492,false,קרליין 10 שמפו ארגן 700מ,"קוסמופארם בע""\מ",IL,שמפו 10 ארגן,מיליליטרים,700.00,"100 מ""ל",false,1,12.90,1.84,true,1,
7290108354591,false,נקה 7ביו רחצה קקטוס750מל,"קוסמופארם בע""\מ",IL,תחליב רחצה נקה 7,מיליליטרים,750.00,"100 מ""ל",false,1,10.90,1.45,true,1,
7290108354614,false,מרכך נקה7ביו מי קקטוס750,"קוסמופארם בע""\מ",IL,מרכך נקה 7 קקטוס,מיליליטרים,750.00,"100 מ""ל",false,1,10.90,1.45,true,1,
7290108354751,false,סנו ג'ט בתוספת סודה750מל,"סנו מפעלי ברונוס בע""\מ",IL,סנו ג'ט עם סודה,מיליליטרים,750.00,"100 מ""ל",false,1,11.90,1.59,true,1,
7290108354829,false,קרם יד.ורד ווניל קרמה100,---,IL,קרמה קרם ידיים,מיליליטרים,100.00,"100 מ""ל",false,1,8.90,8.90,true,1,
7290108354980,false,קרם יד.מרוכז לל.בישום50מ,---,IL,קרם ידיים מרוכז,מיליליטרים,50.00,"100 מ""ל",false,1,15.90,31.80,true,1,
7290108355031,false,אל סבון נקה7 מיניונים750,קוסמופארם בע'\'\מ,IL,אל סבון נקה7,מיליליטרים,750.00,"100 מ""ל",false,1,12.90,1.72,true,1,
7290108355116,false,בייבי כיף לפני שינה750מל,קוסמופארם,IL,בייבי כיף אלסבון,מיליליטרים,750.00,"100 מ""ל",false,1,18.90,2.52,true,1,
7290108355130,false,בייבי כיף שמן לפ.שינה500,קוסמופארם,IL,בייבי כיף שמן,מיליליטרים,500.00,"100 מ""ל",false,1,26.90,5.38,true,1,
7290108355147,false,תחליב רחצה שמני הזנה 750,טרופיקל דגיל תעשיות קוסמ,IL,תחליב רחצה נקה 7,מיליליטרים,750.00,"100 מ""ל",false,1,10.90,1.45,true,1,
7290108355161,false,מרכך נקה 7 שמני הזנה 750,קוסמופארם בעמ,IL,מרכך נקה 7,מיליליטרים,750.00,"100 מ""ל",false,1,10.90,1.45,true,1,
7290108355802,false,תח.רחצה קרמה ורד וניל700,קוסמופארם בעמ,IL,תחליב רחצה קרמה,מיליליטרים,700.00,"100 מ""ל",false,1,16.90,2.41,true,1,
7290108356021,false,כיף תחליב רחצה עוגיות700,קוסמופארם,IL,כיף תחליב רחצה,מיליליטרים,700.00,"100 מ""ל",false,1,10.90,1.56,true,1,
7290108356106,false,כיף תחליב רחצה שקדים700מ,קוסמופארם,IL,כיף תחליב רחצה,מיליליטרים,700.00,"100 מ""ל",false,1,10.90,1.56,true,1,
7290108356113,false,כיף תחליב רח.חלב ודבש700,קוסמופארם,IL,כיף תחליב רחצה,מיליליטרים,700.00,"100 מ""ל",false,1,10.90,1.56,true,1,
7290108356120,false,כיף תחליב רחצה קוקוס700מ,קוסמופארם,IL,כיף תחליב רחצה,מיליליטרים,700.00,"100 מ""ל",false,1,10.90,1.56,true,1,
7290108356137,false,כיף תחליב רחצה לבנדר700מ,קוסמופארם,IL,כיף תחליב רחצה,מיליליטרים,700.00,"100 מ""ל",false,1,10.90,1.56,true,1,
7290108356151,false,כיף תחליב רחצה מאסק700מ,קוסמופארם,IL,כיף תחליב רחצה,מיליליטרים,700.00,"100 מ""ל",false,1,10.90,1.56,true,1,
7290108356168,false,כיף תחליב רח.אוקיינוס700,קוסמופארם,IL,כיף תחליב רחצה,מיליליטרים,700.00,"100 מ""ל",false,1,10.90,1.56,true,1,
7290108356182,false,אל סבון כיף תאנה 1 ליטר,קוסמופארם בע'\'\מ,IL,אל סבון כיף,ליטרים,1.00,ליטר,false,1,11.90,11.90,true,1,
7290108356199,false,אל סבון כיף אפרסק 1 ליטר,קוסמופארם בע'\'\מ,IL,אל סבון כיף,ליטרים,1.00,ליטר,false,1,11.90,11.90,true,1,
7290108356489,false,כיף תחליב רחצה אפרסק700מ,קוסמופארם בעמ,IL,תחליב רחצה אפרסק,מיליליטרים,700.00,"100 מ""ל",false,1,10.90,1.56,true,1,
7290108356519,false,שמפו 10 לשיער רגיל 700מל,"קוסמופארם בע""\מ",IL,שמפו 10 קרליין,מיליליטרים,700.00,"100 מ""ל",false,1,12.90,1.84,true,1,
7290108356526,false,שמפו 10 לשיער יבש 700 מל,"קוסמופארם בע""\מ",IL,שמפו 10 קרליין,מיליליטרים,700.00,"100 מ""ל",false,1,12.90,1.84,true,1,
7290108356533,false,שמפו 10 לשיער מתולתל700מ,"קוסמופארם בע""\מ",IL,שמפו 10 קרליין,מיליליטרים,700.00,"100 מ""ל",false,1,12.90,1.84,true,1,
7290108356557,false,שמפו10למניעת קשקשים 700מ,"קוסמופארם בע""\מ",IL,שמפו 10 קרליין,מיליליטרים,700.00,"100 מ""ל",false,1,12.90,1.84,true,1,
7290108356564,false,מרכך 10 לשיער רגיל 700מל,"קוסמופארם בע""\מn\",IL,מרכך 10 קרליין,מיליליטרים,700.00,"100 מ""ל",false,1,12.90,1.84,true,1,
7290108356571,false,מרכך 10 לשיער יבש 700 מל,"קוסמופארם בע""\מ",IL,מרכך 10 קרליין,מיליליטרים,700.00,"100 מ""ל",false,1,12.90,1.84,true,1,
7290108356588,false,מרכך 10 לשיער מתולתל700מ,"קוסמופארם בע""\מ",IL,מרכך 10 קרליין,מיליליטרים,700.00,"100 מ""ל",false,1,12.90,1.84,true,1,
7290108357004,false,כיף שמפו מועשר בשמן 700מ,"קוסמופארם בע""\מ",IL,שמפו כיף,מיליליטרים,700.00,"100 מ""ל",false,1,11.90,1.70,true,1,
7290108357011,false,כיף מרכך מועשר בשמן700מל,"קוסמופארם בע""\מ",IL,מרכך שיער כיף,מיליליטרים,700.00,"100 מ""ל",false,1,11.90,1.70,true,1,
7290108357028,false,כיף תחליב רחצה+שמן700מל,קוסמופארם בעמ,IL,כיף תחליב רחצה,מיליליטרים,700.00,"100 מ""ל",false,1,10.90,1.56,true,1,
7290108357226,false,אוקסיג'ן פאואר כב.לבן1.4,---,IL,אוקסיג'ן פאואר,קילוגרמים,1.40,"ק""ג",false,1,27.90,19.93,true,1,
7290108357233,false,מטליות לחות לניקוי50יח,"סנו מפעלי ברונוס בע""\מ",IL,קליר מטליות לחות,יחידה,1.00,יחידה,false,1,11.90,11.90,true,1,
7290108357240,false,אוקסיג'ן פאואר צבע 1.4קג,---,IL,אוקסיג'ן פאואר,קילוגרמים,1.40,"ק""ג",false,1,27.90,19.93,true,1,
7290108357257,false,סנו פרש מכשיר+מילוי250מ,"יצרן מכשיר: זובלה,  יצרן",CN,סנו פרש,מיליליטרים,250.00,"100 מ""ל",false,1,44.90,17.96,true,1,
7290108357264,false,סנו מילוי אולטרה פרש250מ,סנו מפעלי ברונוס בעמ,IL,סנו פרש מילוי,מיליליטרים,250.00,"100 מ""ל",false,1,14.90,5.96,true,1,
7290108357271,false,סנובון עם חמצן פעיל750מל,סנו מפעלי ברונוס בעמ,IL,סנובון עם חמצן,מיליליטרים,750.00,"100 מ""ל",false,1,10.90,1.45,true,1,
7290108357288,false,סנו ג'אוול ניחוח פריחה4ל,---,IL,אקונומיקה ג'אוול,ליטרים,4.00,ליטר,false,1,15.90,3.98,true,1,
7290108357295,false,מסיר כתמים  לכביסה 750מל,סנו,IL,אוקסיג'ן מסיר,מיליליטרים,750.00,"100 מ""ל",false,1,16.90,2.25,true,1,
7290108357417,false,קרמה ק.גוף ורד וניל500מל,קוסמופארם בע'\'\מ,IL,קרם גוף ורד ווני,מיליליטרים,500.00,"100 מ""ל",false,1,22.90,4.58,true,1,
7290108357448,false,קרמה קרם גוף לבנדר500,קוסמופארם בע'\'\מ,IL,קרם גוף לבנדר,מיליליטרים,500.00,"100 מ""ל",false,1,22.90,4.58,true,1,
7290108357509,false,קרם גוף וניל ופלפל 500מל,קוסמופארם בע'\'\מ,IL,קרם גוף קרמה,מיליליטרים,500.00,"100 מ""ל",false,1,22.90,4.58,true,1,
7290108357707,false,כיף שמפו לשיער רגיל 700מ,קוסמופארם,IL,כיף שמפו,מיליליטרים,700.00,"100 מ""ל",false,1,11.90,1.70,true,1,
7290108357714,false,כיף שמפו לשיער יבש700מ,קוסמופארם,IL,כיף שמפו,מיליליטרים,700.00,"100 מ""ל",false,1,11.90,1.70,true,1,
7290108357745,false,"כיף 2ב1 שמפו ומרכך 700מ""",קוסמופארם,IL,כיף 2in1 שמפו,מיליליטרים,700.00,"100 מ""ל",false,1,11.90,1.70,true,1,
7290108357769,false,כיף מרכך לשיער רגיל700מל,קוסמופארם,IL,כיף מרכך שיער,מיליליטרים,700.00,"100 מ""ל",false,1,11.90,1.70,true,1,
7290108357776,false,כיף מרכך לשיער יבש 700מל,קוסמופארם,IL,כיף מרכך שיער,מיליליטרים,700.00,"100 מ""ל",false,1,11.90,1.70,true,1,
7290108357875,false,"כיף שמפו אפרסק 700 מ""ל",קוסמופארם בעמ,IL,כיף שמפו אפרסק,מיליליטרים,700.00,"100 מ""ל",false,1,11.90,1.70,true,1,
7290108357882,false,"כיף מרכך אפרסק 700מ""ל",קוסמופארם בעמ,IL,כיף מרכך לשיער,מיליליטרים,700.00,"100 מ""ל",false,1,11.90,1.70,true,1,
7290108358117,false,מקלות פרש הום רענן 100מל,דרימי,IL,מקלות ריחניים,מיליליטרים,100.00,"100 מ""ל",false,1,19.90,19.90,true,1,
7290108359060,false,סנו סושי - כריות ניקוי ל,סנו מפעלי ברונו בעמ,IL,כריות ניקוי לשבת,יחידה,1.00,יחידה,false,1,11.90,11.90,true,1,
7290108359084,false,סנו סושי כיסוי ניילון M,תאיזו ווילד,CN,כיסוי ניילון,יחידה,1.00,יחידה,false,1,12.90,12.90,true,1,
7290108359824,false,"בייבי כיף קרם גוף 500מ""ל",קוסמופארם,IL,קרם גוף בייבי,מיליליטרים,500.00,"100 מ""ל",false,1,24.90,4.98,true,1,
7290108359855,false,בייבי כיף שמפו אלדמע750מ,קוסמופארם,IL,שמפו בייבי כיף,מיליליטרים,750.00,"100 מ""ל",false,1,18.90,2.52,true,1,
7290108359879,false,בייבי כיף אל סבון 750מ,קוסמופארם,IL,בייבי כיף אלסבון,מיליליטרים,750.00,"100 מ""ל",false,1,18.90,2.52,true,1,
7290108359961,false,אורביטול פרוטקט 145*3ג,טרופיקל דגיל תעשיות קוסמ,IL,משחת אורביטול3יח,גרמים,435.00,100 גרם,false,1,22.90,5.26,true,1,
7290108359985,false,ג'אוול קצף ניקוי 1 ליטר,---,IL,ג'אוול קצף ניקוי,ליטרים,1.00,ליטר,false,1,15.90,15.90,true,1,
7290108503647,false,"אורז בסמטי מהדרין 1 ק""ג",אל.טי.פודס בעמ,IN,אורז בסמטי,קילוגרמים,1.00,"ק""ג",false,1,15.90,15.90,true,1,
7290108507058,false,ביסקויט בשוקולד חלב100גר,דן קייק,TR,ביסקויט מצופה,גרמים,100.00,100 גרם,false,1,5.90,5.90,true,1,
7290108507645,false,ביסקויט בשוקולד מריר 100,דן קייק,TR,ביסקויט בשוקולד,גרמים,100.00,100 גרם,false,1,5.90,5.90,true,1,
7290108507652,false,ביסקויט בשוקולד לבן100גר,דן קייק,TR,ביסקויט מצופנ,גרמים,100.00,100 גרם,false,1,5.90,5.90,true,1,
7290108508765,false,קונכיות פתיתים 400 גרם,---,TR,קונכיות פתיתים,גרמים,400.00,100 גרם,false,1,5.90,1.48,true,1,
7290108620023,false,יין קפיטל קברנה סוביניון,יקב ציון,IL,יין קפיטל קברנה,מיליליטרים,750.00,"100 מ""ל",false,1,54.90,7.32,true,1,
7290108620054,false,יין אסטייט קברנה סוביניו,יקב ציון,IL,יין אסטייט קברנה,מיליליטרים,750.00,"100 מ""ל",false,1,36.90,4.92,true,1,
7290108620061,false,"יין אסטייט שיראז 750 מ""ל",יקב ציון,IL,יין אסטייט שיראז,מיליליטרים,750.00,"100 מ""ל",false,1,36.90,4.92,true,1,
7290108620108,false,יין אימפריאל קברנה סובינ,יקב ציון,IL,יין אימפריאל קבר,מיליליטרים,750.00,"100 מ""ל",false,1,26.90,3.59,true,1,
7290108620115,false,"יין אימפריאל מרלו 750 מ""",יקב ציון,IL,יין אימפריאל מרל,מיליליטרים,750.00,"100 מ""ל",false,1,26.90,3.59,true,1,
7290108620122,false,יין אימפריאל קברנה מרלו,יקב ציון,IL,יין אימפריאל קבר,מיליליטרים,750.00,"100 מ""ל",false,1,26.90,3.59,true,1,
7290108620160,false,יין אימפריאל סוביניון בל,יקב ציון,IL,יין אימפריאל סוב,מיליליטרים,750.00,"100 מ""ל",false,1,26.90,3.59,true,1,
7290108620214,false,יין פאלאס בלנד לבן 750 מ,יקב ציון,IL,יין פאלאס בלנד ל,מיליליטרים,750.00,"100 מ""ל",false,1,22.90,3.05,true,1,
7290108620245,false,תירוש לבן מובחר 100% 1לי,יקב ציון,IL,תירוש לבן מובחר,ליטרים,1.00,ליטר,false,1,16.90,16.90,true,1,
7290108620351,false,יין גן עדן מוסקט המבורג,יקב ציון,IL,יין גן עדן מוסקט,מיליליטרים,750.00,"100 מ""ל",false,1,21.90,2.92,true,1,
7290108620368,false,"יין גן עדן מוסקט 750 מ""ל",יקב ציון,IL,יין גן עדן מוסקט,מיליליטרים,750.00,"100 מ""ל",false,1,21.90,2.92,true,1,
7290109354057,false,מאגדת לה פרוטה תפוז אננס,נסטלה,IL,מאגדת לה פרוטה,גרמים,350.00,100 גרם,false,1,22.90,6.54,true,1,
7290109358130,false,מאגדת להפרוטה אננסיוגורט,גלידות נסטלה )נגה גלידות,IL,מאגדת להפרוטהאננ,גרמים,300.00,100 גרם,false,1,22.90,7.63,true,1,
7290109580043,false,שניצל תירס 1.75 קג בדצ,---,IL,שניצל תירס 1.75ק,קילוגרמים,1.75,"ק""ג",false,1,49.90,28.51,true,1,
7290109580142,false,נקניקיות מן הצומח 1.75ק,---,IL,נקניקיות מן הצומ,קילוגרמים,1.75,"ק""ג",false,1,49.90,28.51,true,1,
7290109580241,false,נאגטס מן הצומח 500 גרם,---,IL,נאגטס מן הצומח,קילוגרמים,0.50,"ק""ג",false,1,24.90,49.80,true,1,
7290109580302,false,זוג תה מעושן+חזה עוף,---,IL,זוג תה מעושן+חזה,גרמים,700.00,100 גרם,false,1,28.90,4.13,true,1,
7290109580326,false,נקניקיות עוף 800 גרם,---,IL,נקניקיות עוף,גרמים,800.00,100 גרם,false,1,21.90,2.74,true,1,
7290109580357,false,זוג חרמון +ח.ברביקיו 300,---,IL,זוג חרמון,גרמים,600.00,100 גרם,false,1,31.90,5.32,true,1,
7290109640372,false,"ממרח+זיתים ע""ב קוקוס200ג",גן שמואל-תעשיות בריאות,IL,"ממרח ע""ב קוקוס",גרמים,200.00,100 גרם,false,1,15.90,7.95,true,1,
7290109640396,false,"ממ.שום שמיר ע""ב קוקוס200",גן שמואל-תעשיות בריאות,IL,"ממרח ע""ב קוקוס",גרמים,200.00,100 גרם,false,1,15.90,7.95,true,1,
7290109640402,false,"ממרח ט.טבעי ע""ב קוקוס200",גן שמואל-תעשיות בריאות,IL,"ממרח ע""ב קוקוס",גרמים,200.00,100 גרם,false,1,15.90,7.95,true,1,
7290109640631,false,לאבנה טבעוני קוקוס200ג,,IL,לאבנה טבעוני,גרמים,200.00,100 גרם,false,1,15.90,7.95,true,1,
7290109640648,false,ממרח בטעם חמאה 150 גרם,גן שמואל-תעשיות בריאות,IL,ממרח בטעם חמאה,גרמים,150.00,100 גרם,false,1,11.90,7.93,true,1,
7290109920665,false,אסטוניש מס.אוכל שרוף750מ,אסטוניש,GB,מסיר אוכל שרוף,מיליליטרים,750.00,"100 מ""ל",false,1,11.90,1.59,true,1,
7290109920849,false,אסטוניש מרסס רב תכלית750,אסטוניש,GB,אסטוניש רב תכלית,מיליליטרים,750.00,"100 מ""ל",false,1,11.90,1.59,true,1,
7290109921372,false,משחת אסטוניש+ספוג 250 מל,---,GB,משחת אסטוניש,מיליליטרים,250.00,"100 מ""ל",false,1,15.90,6.36,true,1,
7290109921853,false,אסטוניש משחה לניקוי 150ג,אסטוניש,GB,אסטוניש משחה,גרמים,150.00,100 גרם,false,1,15.90,10.60,true,1,
7290110001438,false,אטריות דקיקות כוסמין מלא,,IL,אטריות דקיקות,גרמים,200.00,100 גרם,false,1,9.90,4.95,true,1,
7290110001841,false,חמאת בוטנים טבעית 760 גר,בטר אנד דיפרנט,IL,תמאת בוטנים טבעי,גרמים,760.00,100 גרם,false,1,19.90,2.62,true,1,
7290110001902,false,חמאת בוטנים מתוקה 760 גר,בטר אנד דיפרנט,IL,חמאת בוטנים,גרמים,760.00,100 גרם,false,1,19.90,2.62,true,1,
7290110002206,false,"שמן קוקוס 500 מ""ל","בטר אנד דיפרנט בע""מ",IL,שמן קוקוס 500 מ',מיליליטרים,500.00,"100 מ""ל",false,1,22.90,4.58,true,1,
7290110110369,false,קרלסברג לומה 6בק* 330מל,מבשלות בירה בינלאומיות ב,IL,קרלסברג לומה 6יח,ליטרים,1.98,ליטר,false,1,34.90,17.63,true,1,
7290110113377,false,קוקה קולה 4 * 1 ליטר,החברה המרכזית לייצור משק,IL,קוקה קולה 4 יח,ליטרים,4.00,ליטר,false,1,21.90,5.48,true,1,
7290110113384,false,קולה זירו 4 * 1 ליטר,החברה המרכזית לייצור משק,IL,קולה זירו 4 יח,ליטרים,4.00,ליטר,false,1,21.90,5.48,true,1,
7290110114787,false,נביעות+טעם תפוח 1.5 ליטר,נביעות טבע הגליל בעמ,IL,נביעות+תפוח,ליטרים,1.50,ליטר,false,0,8.50,5.67,true,1,
7290110114794,false,נביעות+טעם אפרסק 1.5ליטר,"נביעות טבע הגליל בע""\מ ,",IL,נביעות+אפרסק,ליטרים,1.50,ליטר,false,0,8.50,5.67,true,1,
7290110114800,false,נביעות+טעם ענבים 1.5ליטר,"נביעות טבע הגליל בע""\מ",IL,נביעות+ענבים,ליטרים,1.50,ליטר,false,0,8.50,5.67,true,1,
7290110114855,false,מים מינרל.נביעות 1.5*6ל,נביעות טבע הגליל בעמ,IL,מים נביעות1.5*6ל,ליטרים,9.00,ליטר,false,0,11.90,1.32,true,1,
7290110114893,false,מיץ תפוזים סחוט טבעי 2 ל,גת,IL,מיץ תפוזים,ליטרים,2.00,ליטר,false,0,26.90,13.45,true,1,
7290110114961,false,פריגת תפוזים 1.5 ליטר,מבשלות בירה בינלאומיות ב,IL,פריגת תפוזים,ליטרים,1.50,ליטר,false,0,8.60,5.73,true,1,
7290110114985,false,פריגת אשכוליות 1.5 ליטר,מבשלות בירה בינלאומיות ב,IL,פריגת אשכוליו,ליטרים,1.50,ליטר,false,0,8.60,5.73,true,1,
7290110114992,false,פריגת אשכוליות לייט 1.5,מבשלות בירה בינלאומיות ב,IL,פריגת  אשכולי,ליטרים,1.50,ליטר,false,0,8.10,5.40,true,1,
7290110115005,false,פריגת ענבים 1.5 ליטר,מבשלות בירה בינלאומיות ב,IL,פריגת ענבים,ליטרים,1.50,ליטר,false,0,8.60,5.73,true,1,
7290110115029,false,פריגת תפוחים 1.5 ליטר,מבשלות בירה בינלאומיות ב,IL,פריגת תפוחים,ליטרים,1.50,ליטר,false,0,8.60,5.73,true,1,
7290110115036,false,פריגת מנגו 1.5 ליטר,מבשלות בירה בינלאומיות ב,IL,פריגת מנגו,ליטרים,1.50,ליטר,false,0,8.60,5.73,true,1,
7290110115043,false,פריגת לימונענע 1.5 ליטר,מבשלות בירה בינלאומיות ב,IL,"משק""ל פריגת",ליטרים,1.50,ליטר,false,0,8.60,5.73,true,1,
7290110115050,false,פריגת מיקס תות-בננה1.5ל,מבשלות בירה בינלאומיות ב,IL,פריגת תות בננ,ליטרים,1.50,ליטר,false,0,8.60,5.73,true,1,
7290110115081,false,פריגת צלול ענבים 1.5ליטר,"מבשלות בירה לישראל בע""\מ",IL,פריגת צלול ענ,ליטרים,1.50,ליטר,false,0,8.10,5.40,true,1,
7290110115104,false,פריגת צלול אפרסק 1.5ליטר,מבשלות בירה בינלאומיות ב,IL,פריגת צלול אפ,ליטרים,1.50,ליטר,false,0,8.10,5.40,true,1,
7290110115111,false,פריגת צלול אננס 1.5 ליטר,"מבשלות בירה לישראל בע""\מ",IL,פריגת צלול אנ,ליטרים,1.50,ליטר,false,0,8.10,5.40,true,1,
7290110115128,false,פריגת צלול לימוננע 1.5 ל,"מבשלות בירה לישראל בע""\מ",IL,פריגת צלול,ליטרים,1.50,ליטר,false,0,8.10,5.40,true,1,
7290110115203,false,קוקה קולה בקבוק 1.5 ליטר,החברה המרכזית לייצור משק,IL,קוקה קולה,ליטרים,1.50,ליטר,false,0,8.40,5.60,true,1,
7290110115210,false,קולה דיאט בקבוק 1.5 ל',החברה המרכזית לייצור משק,IL,קוקה קולה דיא,ליטרים,1.50,ליטר,false,0,7.90,5.27,true,1,
7290110115227,false,קוקה קולה זירו 1.5 ליטר,החברה המרכזית לייצור משק,IL,קוקה קולה זיר,ליטרים,1.50,ליטר,false,0,8.00,5.33,true,1,
7290110115234,false,קולה זירו נטול קפאין1.5ל,החברה המרכזית לייצור משק,IL,קולה זירו נטו,ליטרים,1.50,ליטר,false,0,8.10,5.40,true,1,
7290110115241,false,קולה זירו לימון 1.5 ליטר,החברה המרכזית לייצור משק,IL,קולה זירו לימ,ליטרים,1.50,ליטר,false,0,8.10,5.40,true,1,
7290110115258,false,קולה זירו מנגו 1.5 ליטר,החברה המרכזית לייצור משק,IL,קולה זירו מנג,ליטרים,1.50,ליטר,false,0,8.10,5.40,true,1,
7290110115265,false,ספרייט ליים 1.5 ליטר,החברה המרכזית לייצור משק,IL,ספרייט ליים,ליטרים,1.50,ליטר,false,0,8.60,5.73,true,1,
7290110115272,false,ספרייט זירו 1.5 ליטר,החברה המרכזית לייצור משק,IL,ספרייט זירו,ליטרים,1.50,ליטר,false,0,8.10,5.40,true,1,
7290110115289,false,ספרייט19קל.לימון נענע1.5,החברה המרכזית לייצור משק,IL,ספרייט נענע,ליטרים,1.50,ליטר,false,0,8.10,5.40,true,1,
7290110115302,false,פאנטה זירו ט.אורנג' 1.5ל,החברה המרכזית לייצור משק,IL,פאנטה זירו או,ליטרים,1.50,ליטר,false,0,8.50,5.67,true,1,
7290110115319,false,פאנטה אקזוטי 1.5 ליטר,החברה המרכזית לייצור משק,IL,פאנטה אקזוטי,ליטרים,1.50,ליטר,false,0,9.00,6.00,true,1,
7290110115340,false,פאנטה ענבים 1.5 ליטר,החברה המרכזית לייצור משק,IL,פאנטה ענבים,ליטרים,1.50,ליטר,false,0,9.00,6.00,true,1,
7290110115357,false,קינלי סודה 1.5 ליטר,החברה המרכזית לייצור משק,IL,קינלי סודה,ליטרים,1.50,ליטר,false,0,3.90,2.60,true,1,
7290110115364,false,קוקה קולה 1.5*6 ליטר,החברה המרכזית לייצור משק,IL,קוקה קולה1.5*6ל,ליטרים,9.00,ליטר,false,0,48.20,5.36,true,1,
7290110115388,false,ספרייט ליים 1.5*6 ליטר,החברה המרכזית לייצור משק,IL,ספרייט ליים1.5*6,ליטרים,9.00,ליטר,false,0,49.20,5.47,true,1,
7290110115395,false,ספרייט זירו 1.5*6 ליטר,החברה המרכזית לייצור משק,IL,ספרייט זירו1.5*6,ליטרים,9.00,ליטר,false,0,45.90,5.10,true,1,
7290110115401,false,קינלי סודה 1.5*6 ליטר,החברה המרכזית לייצור משק,IL,קינלי סודה1.5*6ל,ליטרים,9.00,ליטר,false,0,15.90,1.77,true,1,
7290110115418,false,קוקה קולה זירו 1.5*6 ל',החברה המרכזית לייצור משק,IL,קולה זירו1.5*6ל,ליטרים,9.00,ליטר,false,0,45.90,5.10,true,1,
7290110115449,false,פיוז תה מנגו אננס 1.5ל,מבשלות בירה בינלאומיות ב,IL,תה מנגו אננס,ליטרים,1.50,ליטר,false,0,9.60,6.40,true,1,
7290110115456,false,פיוז תה אפרסק19 קלור1.5.,מבשלות בירה בינלאומיות ב,IL,פיוז תה אפרסק,ליטרים,1.50,ליטר,false,0,9.10,6.07,true,1,
7290110115463,false,פיוז תה קר אפרסק 1.5ליטר,מבשלות בירה בינלאומיות ב,IL,פיוז תה אפרסק,ליטרים,1.50,ליטר,false,0,9.60,6.40,true,1,
7290110115494,false,פיוז תה ענבים 1.5 ליטר,מבשלות בירה בינלאומית בע,IL,פיוז תה ענבים,ליטרים,1.50,ליטר,false,0,9.60,6.40,true,1,
7290110115586,false,פריגת תפוזים מופחת 1.5 ל,מבשלות בירה בינלאומיות ב,IL,פריגת תפוזים,ליטרים,1.50,ליטר,false,0,8.10,5.40,true,1,
7290110115593,false,פריגת אשכולית מופ.סוכ1.5,מבשלות בירה בינלאומיות ב,IL,פריגת אשכוליו,ליטרים,1.50,ליטר,false,0,8.10,5.40,true,1,
7290110115616,false,פיוז תה אננס זירו 1.5 ל',מבשלות בירה בינלאומיות ב,IL,פיוז תה אננס,ליטרים,1.50,ליטר,false,1,9.10,6.07,true,1,
7290110115623,false,פיוז תה אפרסק זירו 1.5 ל,מבשלות בירה בינלאומיות ב,IL,פיוז תה אפרסק,ליטרים,1.50,ליטר,false,1,9.10,6.07,true,1,
7290110116125,false,"סירופ בטעם פטל 750 מ""ל",גת,IL,סירופ בטעם פטל,מיליליטרים,750.00,"100 מ""ל",false,1,24.90,3.32,true,1,
7290110116132,false,"סירופ בטעם לימון 750 מ""ל",גת,IL,סירופ בטעם לימון,מיליליטרים,750.00,"100 מ""ל",false,1,24.90,3.32,true,1,
7290110116194,false,נביעות+למון ליים0קלור1.5,"נביעות טבע הגליל בע""\מ",IL,נביעות+למון ליים,ליטרים,1.50,ליטר,false,1,9.90,6.60,true,1,
7290110116217,false,נביעות+אשכול 0קלוריות1.5,"נביעות טבע הגליל בע""\מ",IL,נביעות+אשכולית,ליטרים,1.50,ליטר,false,1,9.90,6.60,true,1,
7290110116392,false,סירופ תפוזים פריגת 750מל,גת,IL,סירופ תפוזים,מיליליטרים,750.00,"100 מ""ל",false,1,24.90,3.32,true,1,
7290110116569,false,ספרייט זירו למון היט1.5ל,החברה המרכזית לייצור משק,IL,ספרייט זירו למון,ליטרים,1.50,ליטר,false,1,8.10,5.40,true,1,
7290110320683,false,משקה יוגורט תות 107*8ג,מחלבת אלון תבור,IL,משקה יוגורט 8 יח,גרמים,856.00,100 גרם,false,1,16.90,1.97,true,1,
7290110320867,false,פתיתי עמק 28% 500גרם,תנובה,IL,פתיתי עמק,גרמים,500.00,100 גרם,false,1,34.90,6.98,true,1,
7290110320935,false,פרוסות מוצרלה 150 גרם,תנובה,IL,פרוסות מוצרלה,גרמים,150.00,100 גרם,false,1,17.90,11.93,true,1,
7290110321277,false,קוטג' בקטנה 5% 100 גרם,תנובה,IL,קוטג' בקטנה 5%,גרמים,100.00,100 גרם,false,1,2.90,2.90,true,1,
7290110321284,false,קוטג' בקטנה 9% 100 גרם,תנובה,IL,קוטג' בקטנה 9%,גרמים,100.00,100 גרם,false,1,2.90,2.90,true,1,
7290110321468,false,"יופלה תות בד""צ 100*12ג",תנובה בעמ,IL,מארז יופלה,קילוגרמים,1.20,"ק""ג",false,1,24.90,20.75,true,1,
7290110322014,false,טופו בטעם טבעי 300 גרם,א.י.ן תעשיות,IL,טופו טבעי300 גרם,גרמים,300.00,100 גרם,false,1,11.90,3.97,true,1,
7290110322021,false,טופו בזיליקום 300 גרם,א.י.ן תעשיות,IL,טופו בזיליקום,גרמים,300.00,100 גרם,false,1,11.90,3.97,true,1,
7290110322038,false,טופו פיקנטי 300 גרם,א.י.ן תעשיות,IL,טופו פיקנטי,גרמים,300.00,100 גרם,false,1,11.90,3.97,true,1,
7290110323714,false,משקה קוקוס שקדים 1 ליטר,תנובה בעמ,IL,משקה קוקוס שקדים,ליטרים,1.00,ליטר,false,1,12.90,12.90,true,1,
7290110324070,false,גבינת חלומי 30% 200גרם,"תנובה בע""\מ",IL,גבינת חלומי,גרמים,200.00,100 גרם,false,1,19.90,9.95,true,1,
7290110324711,false,ממרח סויה9% טעם טבעי250ג,"תנובה בע""\מ",IL,ממרח סויה 9%,גרמים,250.00,100 גרם,false,1,8.90,3.56,true,1,
7290110324728,false,ממרח סויה 9%שום שמיר250ג,"תנובה בע""\מ",IL,ממרח סויה 9%,גרמים,250.00,100 גרם,false,1,8.90,3.56,true,1,
7290110324841,false,מעדן שקדים שוקולד מריר12,תנובה בעמ,IL,מעדן שקדים,גרמים,125.00,100 גרם,false,1,4.50,3.60,true,1,
7290110324858,false,מעדן שקדים אגוזי לוז125ג,תנובה בעמ,IL,מעדן שקדים,גרמים,125.00,100 גרם,false,1,4.50,3.60,true,1,
7290110324926,false,"משקה סויה ללת""ס 1 ליטר","תנובה בע""\מ",IL,"משקה סויה ללת""ס",ליטרים,1.00,ליטר,false,1,9.90,9.90,true,1,
7290110325084,false,מיני קרלו שוניל 100*8גרם,"תנובה בע""\מ",IL,מיני קרלו 8 יח,גרמים,800.00,100 גרם,false,1,14.90,1.86,true,1,
7290110325169,false,פרוסות גאודה 170 גרם,---,IL,פרוסות גאודה,גרמים,170.00,100 גרם,false,1,19.90,11.71,true,1,
7290110325305,false,מעדן סויה ביו במתיקות200,תנובה,IL,מעדן גו סויה,גרמים,200.00,100 גרם,false,1,6.90,3.45,true,1,
7290110325312,false,מעדן סויה ביו טעם תות200,"תנובה בע""\מ",IL,מעדן סויה ביו,גרמים,200.00,100 גרם,false,1,6.90,3.45,true,1,
7290110325510,false,יופלה טיוב וניל 6יח58*גר,"תנובה בע""\מ",IL,יופלה טיוב וניל,גרמים,348.00,100 גרם,false,1,13.90,3.99,true,1,
7290110325619,false,משקה שיבולת שועל 1 ליטר,"תנובה בע""\מ",IL,משקה שיבולת שועל,ליטרים,1.00,ליטר,false,1,12.90,12.90,true,1,
7290110325701,false,פיראוס צזיקי יווני9% 250,מחלבת הרדוף,IL,צזיקי יווני,גרמים,250.00,100 גרם,false,1,12.90,5.16,true,1,
7290110325893,false,"אייס קפה GO תנובה 340מ""ל","תנובה בע""\מ",IL,אייס קפה GO,מיליליטרים,340.00,"100 מ""ל",false,1,7.90,2.32,true,1,
7290110326210,false,יופלה און טופ פצפוצים157,מחלבת אלון תבור,IL,יופלה און טופ,גרמים,157.00,100 גרם,false,1,4.90,3.12,true,1,
7290110326234,false,יופלה און טופ כוכבים157ג,מחלבת אלון תבור,IL,יופלה און טופ,גרמים,157.00,100 גרם,false,1,4.90,3.12,true,1,
7290110326241,false,יופלה און טופ גרנולה157ג,מחלבת אלון תבור,IL,יופלה און טופ,גרמים,157.00,100 גרם,false,1,4.90,3.12,true,1,
7290110326982,false,יולו משקה חלב +שוקולד 1ל,תנובה,IL,יולו משקה חלב,ליטרים,1.00,ליטר,false,1,12.80,12.80,true,1,
7290110327033,false,משקה סויה מועשר חלבון 1ל,תנובה בעמ,IL,משקה סויה מועשר,ליטרים,1.00,ליטר,false,1,12.90,12.90,true,1,
7290110327064,false,אייס קפה ש.שועל קרמל 1ל,---,IL,אייס קפה ש.שועל,ליטרים,1.00,ליטר,false,1,12.90,12.90,true,1,
7290110327514,false,משקה ש.שועל אגוז לוז 1ל,---,IL,משקה ש.שועל,ליטרים,1.00,ליטר,false,1,12.90,12.90,true,1,
7290110328016,false,משקה סויה,,,משקה סויה,יחידה,1.00,יחידה,false,0,6.90,6.90,true,1,
7290110328221,false,יוגורט נטול לקטוז 200גרם,תנובה בעמ,IL,יוגורט תנובה,גרמים,200.00,100 גרם,false,1,4.50,2.25,true,1,
7290110328610,false,משקה אורז ושקדים 1 ליטר,תנובה בעמ,IL,משקה אורז ושקדים,ליטרים,1.00,ליטר,false,1,12.90,12.90,true,1,
7290110328627,false,יוג.גו קרמי בננה קרמל200,תנובה בעמ,IL,יוגורט גו קרמי,גרמים,200.00,100 גרם,false,1,5.90,2.95,true,1,
7290110328764,false,יוגורט גו קרמי תות0% 200,תנובה בעמ,IL,יוגורט גו קרמי,גרמים,200.00,100 גרם,false,1,5.90,2.95,true,1,
7290110328788,false,יוג.גו קרמי אפרסק0% 200ג,תנובה בעמ,IL,יוגורט גו סמיך,גרמים,200.00,100 גרם,false,1,5.90,2.95,true,1,
7290110328931,false,פתיתי גבינה למאפים 500 ג,"תנובה בע""\מ",IL,פתיתי גבינה 500ג,גרמים,500.00,100 גרם,false,1,26.90,5.38,true,1,
7290110329136,false,מעדן חלב גו שוקןלד 120גר,"תנובה בע""\מ",IL,מעדן חלב גו,גרמים,120.00,100 גרם,false,1,4.60,3.83,true,1,
7290110329143,false,מעדן חלב גו וניל 120גרם,"תנובה בע""\מ",IL,מעדן חלב גו,גרמים,120.00,100 גרם,false,1,4.60,3.83,true,1,
7290110329211,false,מאגדת דיאט יופלה0% תות,"תנובה בע""\מ",IL,מאגדת דיאט יופלה,קילוגרמים,1.20,"ק""ג",false,1,25.90,21.58,true,1,
7290110329266,false,יוגורט עיזים מלא140גרם,---,IL,יוגורט עיזים מלא,גרמים,140.00,100 גרם,false,1,5.90,4.21,true,1,
7290110329303,false,פרוסות צהובה קלאסית 200,---,IL,פרוסות צהובה,גרמים,200.00,100 גרם,false,1,21.90,10.95,true,1,
7290110329686,false,"משקה חלב GO עוגיות340מ""ל","תנובה בע""\מ",IL,משקה חלב GO,מיליליטרים,340.00,"100 מ""ל",false,1,7.90,2.32,true,1,
7290110329716,false,משקה קפה קר קפוצ'ינו230ג,"תנובה בע""\מ",IL,משקה קפה קר,גרמים,230.00,100 גרם,false,1,7.90,3.43,true,1,
7290110329723,false,משקה קפה קר לאטה230גרם,"תנובה בע""\מ",IL,משקה קפה קר לאטה,גרמים,230.00,100 גרם,false,1,7.90,3.43,true,1,
7290110329730,false,משקה חלב שוקולד וקפה230ג,"תנובה בע""\מ",IL,משקה חלב שוקולד,גרמים,230.00,100 גרם,false,1,7.90,3.43,true,1,
7290110329792,false,מעדן סויה ביו אפרסק150ג,"תנובה בע""\מ",IL,מעדן סויה ביו,גרמים,150.00,100 גרם,false,1,4.90,3.27,true,1,
7290110329808,false,מעדן סויה ביו תות 150 גר,"תנובה בע""\מ",IL,מעדן סויה ביו,גרמים,150.00,100 גרם,false,1,4.90,3.27,true,1,
7290110329815,false,מעדן סויה ביו מעודנת150ג,"תנובה בע""\מ",IL,מעדן סויה ביו,גרמים,150.00,100 גרם,false,1,4.90,3.27,true,1,
7290110329822,false,מעדן סויה ביו פ.יער150גר,"תנובה בע""\מ",IL,מעדן סויה ביו,גרמים,150.00,100 גרם,false,1,4.90,3.27,true,1,
7290110329846,false,מעדן סויה ביו טבעי 150 ג,"תנובה בע""\מ",IL,מעדן ביו טבעי,גרמים,150.00,100 גרם,false,1,4.90,3.27,true,1,
7290110550202,false,מטבעות שוק.חלב לאפיה400ג,"פוליבה בע""\מ",IL,מטבעות שוקולד,גרמים,400.00,100 גרם,false,1,31.90,7.98,true,1,
7290110550219,false,מטבעות שוק.לבן לאפיה400ג,"פוליבה בע""\מ",IL,מטבעות שוקולד,מיליליטרים,400.00,"100 מ""ל",false,1,31.90,7.98,true,1,
7290110550226,false,מטבעות שוק.מריר לאפיה400,"פוליבה בע""\מ",IL,מטבעות שוקולד,גרמים,400.00,100 גרם,false,1,31.90,7.98,true,1,
7290110550363,false,פריכיות משולשות קינואה65,פרח,IL,פריכיות משולשות,גרמים,65.00,100 גרם,false,1,10.90,16.77,true,1,
7290110552121,false,היוגורט הראשון שלי 100 ג,"שטראוס בריאות בע""\מ",IL,היוגורט הראשון,גרמים,100.00,100 גרם,false,1,2.50,2.50,true,1,
7290110552220,false,דנונ.פרו ללא סוכר תות200,"שטראוס בריאות בע""\מ",IL,דנונה פרו חלבון,גרמים,200.00,100 גרם,false,1,5.90,2.95,true,1,
7290110552237,false,דנונה פרו אפרסק מנגו200ג,"שטראוס בריאות בע""\מ",IL,דנונה פרו חלבון,גרמים,200.00,100 גרם,false,1,5.90,2.95,true,1,
7290110553425,false,קפה נמס 200 גרם + 20%,שטראוס קפה בי.וי,IL,קפה נמס,גרמים,240.00,100 גרם,false,1,19.90,8.29,true,1,
7290110554095,false,דבש לחיץ 440 גרם,מכוורת יד מרדכי שטראוס ב,IL,דבש לחיץ,גרמים,440.00,100 גרם,false,1,24.90,5.66,true,1,
7290110554422,false,רוטב עגב.פלפ.לשקשוקה350ג,אמיליאנה קונסרב סוסייטה,IT,רוטב לשקשוקה,גרמים,350.00,100 גרם,false,1,11.90,3.40,true,1,
7290110554583,false,צ'יטוס PUFFS גבינה20*10ג,"שטראוס פריטו ליי בע""\מ )",IL,צ'יטוס פאפס 10יח,גרמים,200.00,100 גרם,false,1,12.90,6.45,true,1,
7290110554798,false,פולי קפה אספרסו 8 250גרם,שטראוס קפה בי. וי.,IL,פולי קפה אספרסו,גרמים,250.00,100 גרם,false,1,21.90,8.76,true,1,
7290110555092,false,לאבנה שמן זית וצ'ילי250ג,"מחלבות בר בכפר בע""\מ",IL,לאבנה,גרמים,250.00,100 גרם,false,1,11.90,4.76,true,1,
7290110555306,false,רבע לשבע טבעוני סינמו125,"הגביע מוצרי וופלים בע""\מ",IL,רב לשבע טבעוני,גרמים,125.00,100 גרם,false,1,11.90,9.52,true,1,
7290110556242,false,שוקולד פרה מריר פרווה100,נטרה סנט אטיין,FR,שוקולד פרה מריר,גרמים,100.00,100 גרם,false,1,5.50,5.50,true,1,
7290110557027,false,חומוס עשיר 50% טחינה 400,"שטראוס גרופ בע""\מ",IL,חומוס עשיר 50% ט,גרמים,400.00,100 גרם,false,1,13.90,3.48,true,1,
7290110557102,false,מעדן חלב שוקולד מועשר150,"שטראוס גרופ בע""\מ",IL,מעדן שוקולד פרו,גרמים,150.00,100 גרם,false,1,5.50,3.67,true,1,
7290110557133,false,מעדן הגולן וניל 125 גרם,"שטראוס בריאות בע""\מ",IL,מעדן הגולן וניל,גרמים,125.00,100 גרם,false,1,3.30,2.64,true,1,
7290110557317,false,יוגורט הראשון ש.שועל100ג,"שטראוס בריאות בע""\מ",IL,היוגורט הראשון,גרמים,100.00,100 גרם,false,1,2.50,2.50,true,1,
7290110557478,false,חומוס גלילי 600 גרם,"שטראוס גרופ בע""\מ",IL,חומוס גלילי,גרמים,600.00,100 גרם,false,1,12.90,2.15,true,1,
7290110558154,false,דנונה לייט עוגת תפוח150ג,"שטראוס בריאות בע""\מ",IL,דנונה לייט,גרמים,150.00,100 גרם,false,1,4.70,3.13,true,1,
7290110558222,false,דנונה WOW בנופי פאי150ג,"שטראוס בריאות בע""\מ",IL,דנונה WOW בנופי,גרמים,150.00,100 גרם,false,1,4.50,3.00,true,1,
7290110558239,false,דנונה WOW קראק פאי 150גר,"שטראוס בריאות בע""\מ",IL,דנונה WOW,גרמים,150.00,100 גרם,false,1,4.50,3.00,true,1,
7290110558253,false,דנונה ריפרש אננס בננה250,"שטראוס בריאות בע""\מ",IL,יוגורט ריפרש,גרמים,250.00,100 גרם,false,1,5.50,2.20,true,1,
7290110558284,false,דנונה ביו מולטי 200 גרם,"שטראוס בריאות בע""\מ",IL,דנונה ביו מולטי,גרמים,200.00,100 גרם,false,1,4.50,2.25,true,1,
7290110558314,false,דנונה פרו ל.סוכר פיסט200,"שטראוס בריאות בע""\מ",IL,דנונה פרו,גרמים,200.00,100 גרם,false,1,5.90,2.95,true,1,
7290110559007,false,שעועית חומה 380 גרם,קונסרב איטליה,IT,שעועית חומה,גרמים,380.00,100 גרם,false,1,6.90,1.82,true,1,
7290110559014,false,שעועית שחורה טעם הטבע,קונסרב איטליה,IT,שעועית שחורה,גרמים,380.00,100 גרם,false,1,6.90,1.82,true,1,
7290110560300,false,פריכיות פלפל שחור30 גרם,פרח,IL,פריכיות אנרג'י,גרמים,30.00,100 גרם,false,1,5.90,19.67,true,1,
7290110560317,false,פריכיות משולש מלח ים30גר,פרח,IL,פריכיות אנרג'י,גרמים,30.00,100 גרם,false,1,5.90,19.67,true,1,
7290110560324,false,פריכיות משולשות+אפונה30ג,פרח,IL,פריכיות אנרג'י,גרמים,30.00,100 גרם,false,1,5.90,19.67,true,1,
7290110561352,false,דנונה דל לקטוז 200 גרם,"שטראוס בריאות בע""\מ",IL,דנונה דל לקטוז,גרמים,200.00,100 גרם,false,1,3.50,1.75,true,1,
7290110563462,false,חלב נטול לקטוז 2% 1 ליטר,מחלבת יטבתה,IL,חלב נטול לקטוז,ליטרים,1.00,ליטר,false,1,7.90,7.90,true,1,
7290110564339,false,חומוס עשיר ב30% טחינה400,"שטראוס גרופ בע""\מ",IL,חומוס בטחינה,גרמים,400.00,100 גרם,false,1,13.90,3.48,true,1,
7290110564360,false,חומוס עשיר ב40% טחינה400,"שטראוס גרופ בע""\מ",IL,חומוס בטחינה,גרמים,400.00,100 גרם,false,1,13.90,3.48,true,1,
7290110564414,false,חומוס עשיר ב30%טחינה600ג,"שטראוס גרופ בע""\מ",IL,חומוס 30% טחינה,גרמים,600.00,100 גרם,false,1,14.90,2.48,true,1,
7290110565435,false,לימבו פטל קו חלבי 125גרם,"שטראוס גרופ בע""\מ",IL,לימבו פטל,גרמים,125.00,100 גרם,false,1,1.90,1.52,true,1,
7290110565527,false,דנונה פרו 20ג חלבון 200ג,"שטראוס גרופ בע""\מ",IL,דנונה פרו חלבון,גרמים,200.00,100 גרם,false,1,5.90,2.95,true,1,
7290110565572,false,קפה טורקי+הל לדרך7*24גרם,שטראוס קפה בי.וי.,IL,קפה טורקי לדרך,גרמים,168.00,100 גרם,false,1,18.90,11.25,true,1,
7290110566975,false,דנונ.פרו20ג חלבון תות200,"שטראוס בריאות בע""\מ",IL,דנונה פרו חלבון,גרמים,200.00,100 גרם,false,1,5.90,2.95,true,1,
7290110568238,false,קצפת צמחית יטבתה21% 250מ,מחלבת יטבתה,IL,קצפת צמחית יטבתה,מיליליטרים,250.00,"100 מ""ל",false,1,7.90,3.16,true,1,
7290110568559,false,דוריטוס חמוץ חריף 25*10ג,"שטראוס פריטו ליי בע""מ )פ",IL,דוריטוס 10 יח,גרמים,250.00,100 גרם,false,1,12.90,5.16,true,1,
7290110571184,false,עדשים חומות 380ג,קונסרב איטליה,IT,עדשים חומות,גרמים,380.00,100 גרם,false,1,6.90,1.82,true,1,
7290110571382,false,מעדן בטעם וניל מועשר150ג,"שטראוס בריאות בע""\מ",IL,מעדן פרו,גרמים,150.00,100 גרם,false,1,5.50,3.67,true,1,
7290110571474,false,רבע לשבע טבעוני פופקורן,"הגביע מוצרי וופלים בע""\מ",IL,רבע לשבע טבעוני,גרמים,125.00,100 גרם,false,1,11.90,9.52,true,1,
7290110571535,false,קפה טורקי עם הל100*3גרם,שטראוס קפה בי.וי.,IL,עלית טורקי הל,גרמים,300.00,100 גרם,false,1,26.90,8.97,true,1,
7290111350719,false,נאצ'וס בסגנון מסעדות322ג,---,US,חטיף נאצ'וס,גרמים,322.00,100 גרם,false,1,17.80,5.53,true,1,
7290111534010,false,עוגת גבינה שמנת+פירור450,תופינים מקבוצת קפולסקי,IL,עוגת גבינה שמנת,גרמים,450.00,100 גרם,false,1,34.90,7.76,true,1,
7290111565038,false,לה קרמריה קוקילידה 1.4 ל,גלידות נסטלה,IL,להקרמריה קוקיליד,ליטרים,1.40,ליטר,false,1,17.90,12.79,true,1,
7290111663093,false,מפיות פרינס סופיה 20 יחי,DOMOS,DE,מפיות פרינס,יחידה,1.00,יחידה,false,1,5.90,5.90,true,1,
7290111930898,false,פוף כוכבים גריל אמריקא40,מנה,IL,פוף כוכבים גריל,גרמים,40.00,100 גרם,false,1,3.90,9.75,true,1,
7290111930904,false,פוף כוכבים בצל 40 גרם,מנה,IL,פוף כוכבים בצל,גרמים,40.00,100 גרם,false,1,3.90,9.75,true,1,
7290111930911,false,פוף לבבות רגיל 40 גרם,מנה,IL,פוף לבבות רגיל,גרמים,40.00,100 גרם,false,1,3.90,9.75,true,1,
7290111930928,false,פוף לבבות גריל 40 גרם,מנה,IL,פוף לבבות גריל,גרמים,40.00,100 גרם,false,1,3.90,9.75,true,1,
7290111930935,false,פוף טבעות קלאסי 40 גרם,מנה,IL,פוף טבעות,גרמים,40.00,100 גרם,false,1,3.90,9.75,true,1,
7290111935527,false,קולגייט טוטל קלין 100*2,קולגייט פלמוליב,PL,משחת קולגייט,מיליליטרים,200.00,"100 מ""ל",false,1,29.90,14.95,true,1,
7290111936296,false,סבון פלמוליב סנסיישן 750,קולגייט פלמוליב,TR,סבון פלמוליב,מיליליטרים,750.00,"100 מ""ל",false,1,14.90,1.99,true,1,
7290111936487,false,קולגייט טוטל הלבנה 100*2,---,PL,משחת קולגייט,מיליליטרים,200.00,"100 מ""ל",false,1,29.90,14.95,true,1,
7290111936647,false,קולגייט מקס פרש 2 * 125,---,PL,משחת קולגייט,מיליליטרים,250.00,"100 מ""ל",false,1,29.90,11.96,true,1,
7290111939143,false,קוקי נייר אפייה עגול קוט,---,IL,נייר אפייה,יחידה,1.00,יחידה,false,1,7.90,7.90,true,1,
7290111939181,false,קוקי ניילון נצמד עם גומי,---,CN,ניילון נצמד,יחידה,1.00,יחידה,false,1,9.90,9.90,true,1,
7290112004413,false,וניש ספרי לכביסה לבנה750,רקיט בנקיזר,PL,מסיר כתמים ספריי,מיליליטרים,750.00,"100 מ""ל",false,1,18.90,2.52,true,1,
7290112004970,false,פיניש אולטימייט 50 יח,רקיט בנקיזר,PL,פיניש אולטימייט,יחידה,1.00,יחידה,false,1,54.90,54.90,true,1,
7290112005052,false,וניש אבקה לכביסה לבנה1.5,רקיט בנקיזר,IT,וניש אבקה לכביסה,קילוגרמים,1.50,"ק""ג",false,1,39.90,26.60,true,1,
7290112005083,false,וניש לכביסה צבעונית 1.5ק,רקיט בנקיזר,IT,וניש אבקה לכביסה,קילוגרמים,1.50,"ק""ג",false,1,39.90,26.60,true,1,
7290112192806,false,פרודונטקס אקסטרה 75*2 מל,גלקסוסמיתקליין,GB,2משחות פרודונטקס,מיליליטרים,150.00,"100 מ""ל",false,1,42.90,28.60,true,1,
7290112192813,false,פרודונטקס אורגינל 75*2מל,גלקסוסמיתקליין,GB,2משחות פרודונטקס,מיליליטרים,150.00,"100 מ""ל",false,1,42.90,28.60,true,1,
7290112330352,false,דנונה פרו 20 וניל0% 200ג,"שטראוס בריאות בע""\מ",IL,דנונה פרו20 וניל,גרמים,200.00,100 גרם,false,1,5.90,2.95,true,1,
7290112330390,false,דנונה פרו 20פ.יער0% 200ג,"שטראוס בריאות בע""\מ",IL,דנונה פרו 0%,גרמים,200.00,100 גרם,false,1,5.90,2.95,true,1,
7290112332585,false,"פריכיות תפו""א,אורז30 גרם",פרח,IL,"פריכיות תפו""א",גרמים,30.00,100 גרם,false,1,5.90,19.67,true,1,
7290112332691,false,פינוקיות קרם פסק זמן200ג,"הגביע מוצרי וופלים בע""\מ",IL,פינוקיות פסק זמן,גרמים,200.00,100 גרם,false,1,10.90,5.45,true,1,
7290112332899,false,בזוקה פופים קלאסי58גרם,אסקום קונפקשיין,DE,מסטיק בזוקה,גרמים,58.00,100 גרם,false,1,9.90,17.07,true,1,
7290112335487,false,הפריכיות הטעימות קצח135ג,פרח,IL,הפריכיות הטעימות,גרמים,135.00,100 גרם,false,1,11.90,8.81,true,1,
7290112335494,false,פריכיות טעימות פוטטוס135,"פרח תעשיות מזון בע""\מ",IL,הפריכיות הטעימות,גרמים,135.00,100 גרם,false,1,11.90,8.81,true,1,
7290112335500,false,פריכיות טעימות חלבון135ג,"פרח תעשיות מזון בע""\מ",IL,פריכיות טעימות,גרמים,135.00,100 גרם,false,1,11.90,8.81,true,1,
7290112336637,false,סוכ.מאסט יוגורט תות 80גר,מיישקו,PL,סוכריות מאסט,גרמים,80.00,100 גרם,false,1,7.90,9.88,true,1,
7290112336644,false,סוכריות מאסט לימון 80גרם,מיישקו,PL,סוכריות מאסט,גרמים,80.00,100 גרם,false,1,7.90,9.88,true,1,
7290112336651,false,סוכריות מאסט ריבת חלב80ג,מיישקו,PL,סוכריות מאסט,גרמים,80.00,100 גרם,false,1,7.90,9.88,true,1,
7290112336712,false,דנונה פרו 21 חלבון0% 200,"שטראוס גרופ בע""\מ",IL,דנונה פרו 21,גרמים,200.00,100 גרם,false,1,5.90,2.95,true,1,
7290112337481,false,סוכריות מאסט קפוצ'ינו80ג,מיישקו,PL,סוכריות מאסט,גרמים,80.00,100 גרם,false,1,7.90,9.88,true,1,
7290112338877,false,סקי תות 125 גרם,"שטראוס בריאות בע""\מ",IL,סקי תות,גרמים,125.00,100 גרם,false,1,3.70,2.96,true,1,
7290112339362,false,דנונה לייט ט.קפוצ'ינו150,"שטראוס בריאות בע""\מ",IL,דנונה לייט,גרמים,150.00,100 גרם,false,1,4.70,3.13,true,1,
7290112339867,false,גמדים סקוויז לדרך תות100,"שטראוס בריאות בע""\מ",IL,גמדים לדרך,גרמים,100.00,100 גרם,false,1,5.90,5.90,true,1,
7290112339874,false,גמדים לדרך תות בננה100ג,"שטראוס בריאות בע""\מ",IL,גמדים לדרך,גרמים,100.00,100 גרם,false,1,5.90,5.90,true,1,
7290112340122,false,פריכיות טעימות 3דגנים135,"פרח תעשיות מזון בע""\מ",IL,פריכיות טעימות,גרמים,135.00,100 גרם,false,1,11.90,8.81,true,1,
7290112340245,false,מסטיק דובדבן צנצנת 66גרם,"שטראוס גרופ בע""\מ",IL,מסטיק דובדבן,גרמים,66.00,100 גרם,false,1,9.90,15.00,true,1,
7290112340252,false,מסטיק אבטיח מלון צנצנת66,"שטראוס גרופ בע""\מ",IL,מסטיק אבטיח מלון,גרמים,66.00,100 גרם,false,1,9.90,15.00,true,1,
7290112340276,false,פינוקיות קרם קפה נמס200ג,"הגביע מוצרי וופלים בע""\מ",IL,פינוקיות קרם קפה,גרמים,200.00,100 גרם,false,1,10.90,5.45,true,1,
7290112341686,false,אקטיביה 3% מארז 150*8 גר,"שטראוס בריאות בע""\מ",IL,אקטיביה מארז 8יח,קילוגרמים,1.20,"ק""ג",false,1,21.90,18.25,true,1,
7290112342270,false,פלטינום אינטנס 10% 125ג,שטראוס קפה בי.וי,IL,קפה פלטינום,גרמים,125.00,100 גרם,false,1,19.90,15.92,true,1,
7290112343260,false,רוטב שמנת קלאסי 260 גרם,מחלבת יטבתה,IL,רוטב שמנת קלאסי,גרמים,260.00,100 גרם,false,1,10.90,4.19,true,1,
7290112343499,false,חטיף puffs צ'יטוס 55 גרם,"שטראוס פריטו ליי בע""\מ )",IL,חטיף צ'יטוס puff,גרמים,55.00,100 גרם,false,1,3.50,6.36,true,1,
7290112344724,false,מילקי בלונדי 133 גרם,"שטראוס גרופ בע""\מ",IL,מילקי בלונדי,גרמים,133.00,100 גרם,false,1,3.50,2.63,true,1,
7290112344786,false,קפה פלטינום קלאסיק200גרם,שטראוס קפה בי.וי.,IL,קפה נמס פלטינום,גרמים,200.00,100 גרם,false,1,29.90,14.95,true,1,
7290112344991,false,דנונה לייט בטעם תות150ג,"שטראוס בריאות בע""\מ",IL,דנונה לייט,גרמים,150.00,100 גרם,false,1,4.70,3.13,true,1,
7290112346360,false,בפלות אחת אחת 180 גרם,טוטיז-בינגו סיאי,GR,בפלות אחת אחת,גרמים,180.00,100 גרם,false,1,12.90,7.17,true,1,
7290112346506,false,דנונה לייט ט.אפרסק 150גר,"שטראוס בריאות בע""\מ",IL,דנונה לייט,גרמים,150.00,100 גרם,false,1,4.70,3.13,true,1,
7290112346537,false,פינוקיות בטעם טורטית200ג,"הגביע מוצרי ופלים בע""\מ",IL,פינוקיות טורטית,גרמים,200.00,100 גרם,false,1,10.90,5.45,true,1,
7290112347008,false,גמדים ארוחת בוקר תות100ג,"שטראוס בריאות בע""\מ",IL,גמדים ארוחת בוקר,גרמים,100.00,100 גרם,false,1,5.90,5.90,true,1,
7290112347473,false,דנונה לייט תות/אפרס150*8,"שטראוס בריאות בע""\מ",IL,דנונה לייט 8 יח,קילוגרמים,1.20,"ק""ג",false,1,28.90,24.08,true,1,
7290112348142,false,שעועית לבנה 380 גרם,קונסרב איטליה,IT,שעועית לבנה,גרמים,380.00,100 גרם,false,1,6.90,1.82,true,1,
7290112348999,false,פריכ.טעימות תירס דקות135,פרח,IL,פריכיות תירס,גרמים,135.00,100 גרם,false,1,11.90,8.81,true,1,
7290112349538,false,קפה טורקי עלית 160 גרם,שטראוס קפה בי.וי.,IL,קפה טורקי עלית,גרמים,160.00,100 גרם,false,1,11.90,7.44,true,1,
7290112349705,false,פומודורו רוטב לפסטה350גר,אמיליאנה קונסרב סוסייטה,IT,רוטב לפסטה,גרמים,350.00,100 גרם,false,1,11.90,3.40,true,1,
7290112349736,false,רוט.עגב.בזיליקום פסטה350,אמיליאנה קונסרב סוסייטה,IT,רוטב עגבניות,גרמים,350.00,100 גרם,false,1,11.90,3.40,true,1,
7290112349743,false,רוטב עגבנ.פיקנטי פסטה350,אמיליאנה קונסרב,IT,רוטב עגבניות,גרמים,350.00,100 גרם,false,1,11.90,3.40,true,1,
7290112349750,false,רוטב עגבניות לפיצה 350גר,אמיליאנה קונסרב סוסייטה,IT,רוטב עגבניות,גרמים,350.00,100 גרם,false,1,11.90,3.40,true,1,
7290112350312,false,קפסולות קפה מס' 15 50גרם,שטראוס קפה בי.וי,IL,קפסולות קפה,גרמים,50.00,100 גרם,false,1,15.90,31.80,true,1,
7290112351258,false,פינוקיות שחור לבן 200גרם,"הגביע מוצרי ופלים בע""\מ",IL,פינוקיות שחור לב,גרמים,200.00,100 גרם,false,1,10.90,5.45,true,1,
7290112351463,false,"סוכ.טעם פטל לימון לל""ס45","הליקון גידה בע""\מ",TR,"סוכריות לל""ס",גרמים,45.00,100 גרם,false,1,8.90,19.78,true,1,
7290112351470,false,"סוכ.טעם רימון תות לל""ס45","הליקון גידה בע""\מ",TR,"סוכריות לל""ס",גרמים,45.00,100 גרם,false,1,8.90,19.78,true,1,
7290112354969,false,תפוצ'יפס WAVY ט.טבעי200ג,עלית,IL,תפוצ'יפס,גרמים,200.00,100 גרם,false,1,9.90,4.95,true,1,
7290112355027,false,דנונה פרו20 קרמל מלוח200,"שטראוס בריאות בע""\מ",IL,דנונה פרו קרמל,גרמים,200.00,100 גרם,false,1,5.90,2.95,true,1,
7290112355102,false,גמדים לדרך סלט פירות100ג,"שטראוס בריאות בע""\מ",IL,גמדים לדרך,גרמים,100.00,100 גרם,false,1,5.90,5.90,false,1,
7290112357045,false,עגבנ.איטלקיות מרוסקות390,קונסרב איטליה,IT,עגבניות מרוסקות,גרמים,390.00,100 גרם,false,1,6.90,1.77,true,1,
7290112357069,false,מחית עגבניות איטלקיות500,קונסרב איטליה,IT,מחית עגבניות,גרמים,500.00,100 גרם,false,1,6.90,1.38,true,1,
7290112357083,false,אפונה ירוקה 380 גרם,קונסרב איטליה,IT,אפונה ירוקה,גרמים,380.00,100 גרם,false,1,7.90,2.08,true,1,
7290112357106,false,שעועית אדומה 380 גרם,קונסרב איטליה,IT,שעועית אדומה,גרמים,380.00,100 גרם,false,1,6.90,1.82,true,1,
7290112357113,false,גרגרי חומוס 380 גרם,קונסרב איטליה,IT,גרגרי חומוס,גרמים,380.00,100 גרם,false,1,6.90,1.82,true,1,
7290112358219,false,רוטב צילי מתוק 300 גרם,"ב.א. מזון בע""\מ",IL,רוטב צ'ילי מתוק,גרמים,300.00,100 גרם,false,1,12.90,4.30,true,1,
7290112358240,false,רוטב גריל 300 גרם,"ב.א. מזון בע""\מ",IL,רוטב גריל,גרמים,300.00,100 גרם,false,1,12.90,4.30,true,1,
7290112415400,false,עוגיות אלפחורס 280 גרם,תופינים מקבוצת קפולסקי,IL,עוגיות אלפחורס,גרמים,280.00,100 גרם,false,1,22.90,8.18,true,1,
7290112490117,false,שוקולד קליק וופל ואגוז85,יוניליוור ישראל מזון בע\,IL,שוקולד קליק,גרמים,85.00,100 גרם,false,1,5.90,6.94,true,1,
7290112490230,false,נמס בכוס אפונה ר. טבעיים,יוניליוור ישראל מזון בעמ,IL,מרק נמס בכוס,גרמים,50.00,100 גרם,false,1,6.90,13.80,true,1,
7290112490742,false,מרק עשיר פטריות ר.טבע104,יוניליוור ישראל מזון בע\,IL,מרק עשיר פטריות,גרמים,104.00,100 גרם,false,1,11.90,11.44,true,1,
7290112490827,false,תרסיס למייבש בד.בייבי500,"זוהר דליה, קיבוץ דליה, 1",IL,תרסיס בדין בייבי,מיליליטרים,500.00,"100 מ""ל",false,1,16.90,3.38,true,1,
7290112490896,false,רוטב צ'ילי חריף 370 גרם,יוניליוור,IL,רוטב צ'ילי חריף,גרמים,370.00,100 גרם,false,1,10.90,2.95,true,1,
7290112491770,false,בייגלה דקים+מלח ים 300ג,בייגל את בייגל מזון 198),IL,בייגלה דקים,גרמים,300.00,100 גרם,false,1,7.90,2.63,true,1,
7290112492449,false,שמפו לשיער רגיל700מ,יוניליוור ישראל טיפוח אי,IL,שמפו לשיער רגיל,מיליליטרים,700.00,"100 מ""ל",false,1,11.90,1.70,true,1,
7290112492456,false,שמפו פינוק יבש /פגום 700,יוניליוור ישראל טיפוח אי,IL,שמפו לשיער יבש,מיליליטרים,700.00,"100 מ""ל",false,1,11.90,1.70,true,1,
7290112492500,false,פינוק שמפו שמן קוקוס700מ,יוניליוור,IL,שמפו פינוק,מיליליטרים,700.00,"100 מ""ל",false,1,11.90,1.70,true,1,
7290112492531,false,"מרכך פינוק רגיל 700 מ""ל",יוניליוור,IL,מרכך לשיער רגיל,מיליליטרים,700.00,"100 מ""ל",false,1,11.90,1.70,true,1,
7290112492593,false,תח.רחצה פינוק קלאסי700מ,יוניליוור ישראל טיפוח אי,IL,תחליב רחצה פינוק,מיליליטרים,700.00,"100 מ""ל",false,1,12.90,1.84,true,1,
7290112492609,false,תח.פינוק לבנדר וניל 700מ,יוניליוור ישראל טיפוח אי,IL,תחליב רחצה פינוק,מיליליטרים,700.00,"100 מ""ל",false,1,12.90,1.84,true,1,
7290112492647,false,שמפו 3 ב1- לגבר ספורט 70,יוניליוור ישראל טיפוח אי,IL,פינוק רחצה לגבר,מיליליטרים,700.00,"100 מ""ל",false,1,11.90,1.70,true,1,
7290112492746,false,מרכך פינוק לסירוק קל700מ,יוניליוור ישראל טיפוח אי,IL,מרכך פינוק ילדים,מיליליטרים,700.00,"100 מ""ל",false,1,13.80,1.97,true,1,
7290112492982,false,מרק פטריות רכיב.טבעים400,יוניליוור ישראל מזון בע\,IL,מרק פטריות,גרמים,400.00,100 גרם,false,1,22.90,5.73,true,1,
7290112493293,false,נמס בכוס ירקות ר.טבעי44ג,יוניליוור ישראל מזון בעמ,IL,נמס בכוס,גרמים,44.00,100 גרם,false,1,6.90,15.68,true,1,
7290112493316,false,מרק עשיר אפונה ר.טבעי117,יוניליוור ישראל מזון בעמ,IL,מרק עשיר אפונה,גרמים,117.00,100 גרם,false,1,11.90,10.17,true,1,
7290112494276,false,קליק כריות 65 גרם,יוניליוור ישראל מזון בע\,IL,קליק כריות,גרמים,65.00,100 גרם,false,1,5.90,9.08,true,1,
7290112494283,false,קליק חום לבן 65 גרם,יוניליוור ישראל מזון בע\,IL,קליק חום לבן,גרמים,65.00,100 גרם,false,1,5.90,9.08,true,1,
7290112494795,false,בדין ג'ל לכביסה כחול2.5ל,"זוהר דליה, קיבוץ דליה, 1",IL,בדין ג'ל כביסה,ליטרים,2.50,ליטר,false,1,32.90,13.16,true,1,
7290112494801,false,בדין ג'ל כביסה ורוד 2.5ל,זוהר דליה,IL,בדין ג'ל כביסה,ליטרים,2.50,ליטר,false,1,32.90,13.16,true,1,
7290112495006,false,כריות נוגט 686 גרם,"יוניליוור שפע ישראל בע""\",IL,כריות נוגט,גרמים,686.00,100 גרם,false,1,23.90,3.48,true,1,
7290112495037,false,קוקומן כדורים 375 גרם,יוניליוור שפע ישראל בעמ,IL,קוקומן כדורים,גרמים,375.00,100 גרם,false,1,19.90,5.31,true,1,
7290112495044,false,קוקומן פצפוצים 375 גרם,"יוניליור שפע ישראל בע""\מ",IL,קוקומן פצפוצים,גרמים,375.00,100 גרם,false,1,19.90,5.31,true,1,
7290112495112,false,נשנושים זעתר 260 גרם,בייגל את בייגל מזון 198),IL,נשנושים זעתר,גרמים,260.00,100 גרם,false,1,12.90,4.96,true,1,
7290112495143,false,נשנושים קוקטייל מלוח300ג,בייגל את בייגל מזון 198),IL,נשנושי קרקר,גרמים,300.00,100 גרם,false,1,12.90,4.30,true,1,
7290112495433,false,דגני בוקר דליפקאן 400גרם,"יוניליור שפע ישראל בע""\מ",IL,דגני בוקר דליפקא,גרמים,400.00,100 גרם,false,1,22.90,5.73,true,1,
7290112495754,false,רוטב לסלט אלף האיים305גר,יוניליוור ישראל מזון בעמ,IL,רוטב אלף האיים,גרמים,305.00,100 גרם,false,1,10.90,3.57,true,1,
7290112495761,false,רוטב אלף האיים לייט305ג,יוניליוור ישראל מזון בעמ,IL,רוטב אלף האיים,גרמים,305.00,100 גרם,false,1,10.90,3.57,true,1,
7290112495785,false,רוטב שום לסלט 300 גרם,יוניליוור ישראל מזון בעמ,IL,רוטב שום לסלט,גרמים,300.00,100 גרם,false,1,10.90,3.63,true,1,
7290112495808,false,רוטב לסלט חרדל ודבש305גר,יוניליוור ישראל מזון בעמ,IL,רוטב חרדל ודבש,גרמים,305.00,100 גרם,false,1,10.90,3.57,true,1,
7290112495815,false,רוטב חרדל ודבש לייט305גר,יוניליוור ישראל מזון בעמ,IL,רוטב חרדל ודבש,גרמים,305.00,100 גרם,false,1,10.90,3.57,true,1,
7290112495938,false,קרקר 6 דגנים 250 גרם,"מיוצר ע""\י קוד יצרן AF",IL,קרקר 6 דגנים,גרמים,250.00,100 גרם,false,1,9.90,3.96,true,1,
7290112496027,false,סירופ בטעם שוקולד 580 גר,יוניליוור ישראל מזון בע\,IL,סירופ בטעם שוקול,גרמים,580.00,100 גרם,false,1,12.90,2.22,true,1,
7290112496034,false,סירופ בטעם מייפל 580 גרם,יוניליוור ישראל מזון בע\,IL,סירופ בטעם מייפל,גרמים,580.00,100 גרם,false,1,12.90,2.22,true,1,
7290112497727,false,בייבי אל סבון אל דמע700מ,יוניליוור ישראלn\טיפוח א,IL,אל סבון בייבי,מיליליטרים,700.00,"100 מ""ל",false,1,14.90,2.13,true,1,
7290112498052,false,פתית צ'יפס עם בטטה21*4גר,JLM גלובל פודסn37\ דרך א,GB,פתית צ'יפס 4 יח,גרמים,84.00,100 גרם,false,1,15.90,18.93,true,1,
7290112498267,false,אל סבון ידיים קלאסי 950,---,IL,אל סבון פינוק,מיליליטרים,950.00,"100 מ""ל",false,1,12.90,1.36,true,1,
7290112498274,false,אל סבון ידיים לבנדר 950,יוניליוור ישראל טיפוח אי,IL,אל סבון פינוק,מיליליטרים,950.00,"100 מ""ל",false,1,12.90,1.36,true,1,
7290112498281,false,אלסב.ידיים שמן קוקוס950מ,יוניליוור ישראל טיפוח אי,IL,אל סבון פינוק,מיליליטרים,950.00,"100 מ""ל",false,1,12.90,1.36,true,1,
7290112498298,false,אלסב..ידיים שמן מרוק950,יוניליוור,TR,אל סבון פינוק,מיליליטרים,950.00,"100 מ""ל",false,1,12.90,1.36,true,1,
7290112499462,false,פינוק רחצה+שמן קוקוס700מ,יוניליוור ישראל טיפוח אי,IL,תחליב רחצה פינוק,מיליליטרים,700.00,"100 מ""ל",false,1,12.90,1.84,true,1,
7290114310215,false,שמנת מתוקה38% בקבוק250מל,מילקו תעשיות בעמ,IL,שמנת מתוקה 38%,מיליליטרים,250.00,"100 מ""ל",false,1,6.40,2.56,true,1,
7290114600989,false,רוטב אלף האיים מ.שף250מל,---,NL,רוטב אלף האיים,מיליליטרים,250.00,"100 מ""ל",false,1,10.90,4.36,true,1,
7290114604901,false,ממרח שום לחיץ 444 גרם,---,NL,ממרח שום לחיץ,גרמים,444.00,100 גרם,false,1,13.90,3.13,true,1,
7290114604932,false,רוטב ברביקיו דבש 520 גרם,---,NL,רוטב ברביקיו דבש,גרמים,520.00,100 גרם,false,1,13.90,2.67,true,1,
7290114604949,false,רוטב ברביקיו 524 גרם,---,NL,רוטב ברביקיו,גרמים,524.00,100 גרם,false,1,13.90,2.65,true,1,
7290114606530,false,רוטב ט. מיונז וקטשופ515ג,---,NL,רוטב טעם מיונז,גרמים,515.00,100 גרם,false,1,13.90,2.70,true,1,
7290114606554,false,ממרח מיונז לייט לחיץ470ג,---,NL,ממרח מיונז לייט,גרמים,470.00,100 גרם,false,1,13.90,2.96,true,1,
7290114607315,false,זוג משחת שיניים מקס וויט,קולגייט- פלמוליב,PL,מש.שיניים מקס,מיליליטרים,250.00,"100 מ""ל",false,1,29.90,11.96,true,1,
7290115204056,false,קטשופ מופחת סוכר 690 גרם,אסם,IL,קטשופ מופחת סוכר,גרמים,690.00,100 גרם,false,1,11.90,1.72,true,1,
7290115230024,false,מטאטא מאי אקסטרה,,IL,מטאטא מאי אקסטרה,יחידה,1.00,יחידה,false,1,19.90,19.90,true,1,
7290115230031,false,מטאטא אקסטרה +מקל,ARIA YINHAI,CN,מטאטא אקסטרה,יחידה,1.00,יחידה,false,1,16.90,16.90,true,1,
7290115230482,false,מטאטא פרפקט מליציה,,IL,מטאטא פרפקט,יחידה,1.00,יחידה,false,1,21.90,21.90,true,1,
7290115403282,false,עוגיות פיצפוצי שוקו 500,,IL,עוגיות פיצפוצי,גרמים,500.00,100 גרם,false,1,15.90,3.18,true,1,
7290115403299,false,עוגיות פרפריות 450 גרם,"שיבולים א.ד.ל ק""\א",IL,עוגיות פרפריות,גרמים,450.00,100 גרם,false,1,15.90,3.53,true,1,
7290115403312,false,עוגיות מלוחות קריספי 450,,IL,עוגיות מלוחות,גרמים,450.00,100 גרם,false,1,15.90,3.53,true,1,
7290115403367,false,עוגיות קוואקר פריכות 500,,IL,עוגיות קוואקר,גרמים,500.00,100 גרם,false,1,15.90,3.18,true,1,
7290115403404,false,עוגיות פרפריות שוקו 450,"שיבולים א.ד.ל ק""\א",IL,עוגיות פרפריות,גרמים,450.00,100 גרם,false,1,15.90,3.53,true,1,
7290115403435,false,עוגיות מעמול תמר 500 גרם,שיבולים א.ד.ל )ק.א(,IL,עוגיות מעמול תמר,גרמים,500.00,100 גרם,false,1,15.90,3.18,true,1,
7290115403442,false,עוגיות ממולאות שוקולד,,IL,עוגיות ממולאות,גרמים,500.00,100 גרם,false,1,15.90,3.18,true,1,
7290115403459,false,עוגיות נסיכה בטעם תות 50,שיבולים א.ד.ל )ק.א(,IL,עוגיות נסיכה,גרמים,500.00,100 גרם,false,1,15.90,3.18,true,1,
7290115403480,false,עוגיות בסגנון מרוקאי 500,,IL,עוגיות מרוקאי,גרמים,500.00,100 גרם,false,1,15.90,3.18,true,1,
7290115403510,false,עוגיות מגולגלות תמרים,,IL,עוגיות תמרים,גרמים,500.00,100 גרם,false,1,15.90,3.18,true,1,
7290115403565,false,עוגיות קיפל וניל 500 גרם,,IL,עוגיות קיפל וניל,גרמים,500.00,100 גרם,false,1,15.90,3.18,true,1,
7290115405774,false,פחזניות בטעם וניל 180 גר,קפולסקי אדל,IL,פחזניות וניל,גרמים,180.00,100 גרם,false,1,14.90,8.28,true,1,
7290115480009,false,סוד מרכך פרש קונטרול900מ,---,IL,סוד מרכך פרש,מיליליטרים,900.00,"100 מ""ל",false,1,12.90,1.43,true,1,
7290115671223,false,מסטיק פאן אבטיח מנגו58ג,אסקום קונפקשיין,DE,מסטיק מאסט,גרמים,58.00,100 גרם,false,1,9.90,17.07,true,1,
7290115671339,false,מיני פינוקיות בייגל180ג,"הגביע מוצרי ופלים בע""\מ",IL,מיני פינוקיות,גרמים,180.00,100 גרם,false,1,10.90,6.06,true,1,
7290115671346,false,מיני פינוקיות טופי180גרם,"הגביע מוצרי ופלים בע""\מ",IL,מיני פינוקיות,גרמים,180.00,100 גרם,false,1,10.90,6.06,true,1,
7290115671353,false,מיני פינוקיות שחור/לב180,"הגביע מוצרי ופלים בע""\מ",IL,מיני פינוקיות,גרמים,180.00,100 גרם,false,1,10.90,6.06,true,1,
7290115675559,false,מארז טורקי לדרך 70 גרם,שטראוס קפה בי.וי.,IL,מארז טורקי לדרך,גרמים,70.00,100 גרם,false,1,8.90,12.71,true,1,
7290115675986,false,דנונה בר אגוזים קרמל173ג,"שטראוס בריאות בע""\מ",IL,יוגורט בר,גרמים,173.00,100 גרם,false,1,4.90,2.83,false,1,
7290115676037,false,יוגורט תות דומדמניות250ג,"שטראוס בריאות בע""\מ",IL,יוגורט דנונה,גרמים,250.00,100 גרם,false,1,5.50,2.20,true,1,
7290115678222,false,דנונה יווני מארז 130*8 ג,"שטראוס בריאות בע""\מ",IL,דנונה יווני 8 יח,קילוגרמים,1.04,"ק""ג",false,1,24.90,23.94,true,1,
7290115678376,false,מעדן הגולן שוקולד 125 גר,"שטראוס בריאות בע""\מ",IL,מעדן הגולן,גרמים,125.00,100 גרם,false,1,3.30,2.64,true,1,
7290115678383,false,מעדן הגולן שוק.מריר125גר,"שטראוס בריאות בע""\מ",IL,מעדן הגולן,גרמים,125.00,100 גרם,false,1,3.30,2.64,true,1,
7290115678635,false,נשנושי גבינה16% כעכים67ג,"מחלבת טבע עז בע""\מ",IL,נשנושי גבינה,גרמים,67.00,100 גרם,false,1,10.90,16.27,true,1,
7290115678642,false,נשנושי גב+16%חטיף אפוי67,"מחלבת טבע עז בע""\מ",IL,נשנושי גבינה,גרמים,67.00,100 גרם,false,1,10.90,16.27,true,1,
7290115720280,false,סוכריות לגו 216 גרם,GROSS,CN,סוכריות לגו,גרמים,216.00,100 גרם,false,1,19.90,9.21,true,1,
7290115720358,false,סוכריות טבעת 225 גרם,GROSS,CN,סוכריות טבעת,גרמים,225.00,100 גרם,false,1,19.90,8.84,true,1,
7290115720464,false,סוכריית מוצץ 18 יח',גרוסליין,BE,סוכריית מוצץ18יח,גרמים,105.00,100 גרם,false,1,19.90,18.95,true,1,
7290115720471,false,סוכריית משרוקית18 יח',גרוסליין,BE,סוכריית משרוקית,גרמים,170.00,100 גרם,false,1,19.90,11.71,true,1,
7290115720488,false,סוכריית ליפסטיק 18יחידות,גרוסליין,BE,סוכריית ליפסטיק,גרמים,170.00,100 גרם,false,1,19.90,11.71,true,1,
7290115720709,false,סוכריות טבעת ג'ואל פופ,GROSS,CN,סוכ.טבעת 18 יח,גרמים,225.00,100 גרם,false,1,19.90,8.84,true,1,
7290115720778,false,סוכריות דיפ אנד ליק 15יח,GROSS,CN,סוכ.דיפ אנד ליק,גרמים,202.00,100 גרם,false,1,19.90,9.85,true,1,
7290115730944,false,כוס יהלום 25 יחידות,תבניכל,CN,כוס יהלום,יחידה,1.00,יחידה,false,1,7.90,7.90,true,1,
7290115731507,false,גביעי דוריקינו קטנים 12,,CN,גביעי דוריקינו,יחידה,1.00,יחידה,false,1,9.90,9.90,true,1,
7290115731521,false,גביעי אפולי קטנים 12 יחי,,CN,גביעי אפולי,יחידה,1.00,יחידה,false,1,9.90,9.90,true,1,
7290115733099,false,"כוסות ח""פ ספיר 75 יחידות",פלזית,IL,"כוסות ח""פ 75יח",יחידה,1.00,יחידה,false,1,9.90,9.90,true,1,
7290115733259,false,מאפינס צבעוני 20 יחידות,,CN,מאפינס צבעוני,יחידה,1.00,יחידה,false,1,12.90,12.90,true,1,
7290115736120,false,8 צלחות קטנות שחור כלנית,,IL,8 צלחות קטנות שח,יחידה,1.00,יחידה,false,1,10.90,10.90,true,1,
7290115736137,false,8 צלחות קטנות לבן כלנית,,IL,8 צלחות קטנות לב,יחידה,1.00,יחידה,false,1,10.90,10.90,true,1,
7290115736151,false,8 צלחות קטנות נצנץ זהב כ,,IL,8 צלחות קטנות נצ,יחידה,1.00,יחידה,false,1,10.90,10.90,true,1,
7290115736212,false,8 מרקיות שחור כלנית,,IL,8 מרקיות שחור,יחידה,1.00,יחידה,false,1,13.90,13.90,true,1,
7290115736229,false,8 מרקיות לבן כלנית,,IL,8 מרקיות לבן כלנ,יחידה,1.00,יחידה,false,1,13.90,13.90,true,1,
7290115736243,false,8 מרקיות נצנץ זהב כלנית,,IL,8 מרקיות נצנץ זה,יחידה,1.00,יחידה,false,1,13.90,13.90,true,1,
7290115736335,false,8 צלחות גדולות נצנץ זהב,,IL,8 צלחות גדולות נ,יחידה,1.00,יחידה,false,1,20.90,20.90,true,1,
7290115736403,false,8 צלחות בינוני לבן כלני,,IL,8 צלחות בינוני ל,יחידה,1.00,יחידה,false,1,16.90,16.90,true,1,
7290115736427,false,8 צלחות בינוני נצנץ זהב,,IL,8 צלחות בינוני נ,יחידה,1.00,יחידה,false,1,16.90,16.90,true,1,
7290115736472,false,6 קסרול נצנץ קרם כלנית,,IL,6 קסרול נצנץ קרם,יחידה,1.00,יחידה,false,1,7.90,7.90,true,1,
7290115736489,false,6 קסרול שחור כלנית,,IL,6 קסרול שחור,יחידה,1.00,יחידה,false,1,7.90,7.90,true,1,
7290116530185,false,דגני בוקר דלישקד קרמל400,"יוניליוור שפע ישראל בע""\",IL,דלישקד קרמל,גרמים,400.00,100 גרם,false,1,22.90,5.73,true,1,
7290116530215,false,דאו  סטיק שוקולד 77 גרם,---,US,דאו. סטיק אקס,גרמים,77.00,100 גרם,false,1,18.90,24.55,true,1,
7290116530222,false,אקס סטיק לגבר אנרכי 77ג,---,US,דאו.סטיק אקס,גרמים,77.00,100 גרם,false,1,18.90,24.55,true,1,
7290116530482,false,קורנפלקס אלופים 30*5 גרם,פרומיניו,IL,קורנפלקס 5 יח,גרמים,150.00,100 גרם,false,1,12.90,8.60,true,1,
7290116530871,false,חט.נשנושים מיקס+בייגל240,"דרך השוקולד ,1 צפת 13404",IL,חטיף נשנושים,גרמים,240.00,100 גרם,false,1,12.90,5.38,true,1,
7290116531083,false,ברנפלקס ט.דבש+שקדים400גר,"יוניליוור שפע ישראל בע""\",IL,ברנפלקס טעם דבש,גרמים,400.00,100 גרם,false,1,21.90,5.48,true,1,
7290116531762,false,דפי מרכך למייבש ורוד40י,---,US,דפים למייבש,יחידה,1.00,יחידה,false,1,14.90,14.90,true,1,
7290116531779,false,דפי מרכך למייבש כחול40יח,---,US,דפים למייבש,יחידה,1.00,יחידה,false,1,14.90,14.90,true,1,
7290116531793,false,רוטב לסלט קיסר 295 גרם,יוניליוור ישראל מזון בע\,IL,רוטב לסלט קיסר,גרמים,295.00,100 גרם,false,1,10.90,3.69,true,1,
7290116532011,false,חטיף קליק נוגט 35 גרם,תות תעשיות מזון (2014) ב,IL,חטיף קליק נוגט,גרמים,35.00,100 גרם,false,1,4.90,14.00,true,1,
7290116532585,false,קרנצים ט.דבש וקינמון375ג,"יוניליוור שפע ישראל בע""\",IL,קרנצים בטעם דבש,גרמים,375.00,100 גרם,false,1,21.90,5.84,true,1,
7290116532875,false,בייבי אל סבון לתינוק900מ,יוניליוור ישראלn\טיפוח א,IL,אל סבון לתינוק,מיליליטרים,900.00,"100 מ""ל",false,1,19.90,2.21,true,1,
7290116930244,false,יוגו.ביו תנובה1.5% 150*8,"תנובה בע""\מ",IL,מארז יוגורט,קילוגרמים,1.20,"ק""ג",false,1,15.90,13.25,true,1,
7290116930282,false,לאבנה 9% עם קרקרים 150 ג,---,IL,לאבנה,גרמים,150.00,100 גרם,false,1,8.90,5.93,true,1,
7290116930435,false,יוגורט גו סמיך דובדבן200,"תנובה בע""\מ",IL,יוגורט גו סמיך,גרמים,200.00,100 גרם,false,1,5.90,2.95,true,1,
7290116930442,false,שייק בננה מנגו תפוז230מל,תנובה בעמ,IL,יופלה שייק,מיליליטרים,230.00,"100 מ""ל",false,1,8.90,3.87,true,1,
7290116930459,false,שייק בננה אננס קוקס230מל,תנובה בעמ,IL,יופלה שייק,מיליליטרים,230.00,"100 מ""ל",false,1,8.90,3.87,true,1,
7290116930466,false,שייק מנגו בננה פסיפלו230,תנובה בעמ,IL,יופלה שייק,מיליליטרים,230.00,"100 מ""ל",false,1,8.90,3.87,true,1,
7290116931074,false,פרוסות טל העמק 32% 300 ג,"תנובה בע""\מ",IL,טל העמק32% 300גר,גרמים,300.00,100 גרם,false,1,26.90,8.97,true,1,
7290116931081,false,מעדן סויה טופי קרמל 125ג,תנובה בעמ,IL,מעדן סויה טופי,גרמים,125.00,100 גרם,false,1,3.90,3.12,true,1,
7290116931104,false,יופלה גו סמיך אננס 200 ג,תנובה בעמ,IL,יופלה גו סמיך,גרמים,200.00,100 גרם,false,1,5.90,2.95,true,1,
7290117030929,false,תבניות אלומיניום 31-R 10,,IL,תבניות אלומיניום,יחידה,1.00,יחידה,false,1,8.90,8.90,true,1,
7290117030936,false,10תבניות אלומיניום 2-R,,IL,תבניות אלומיניום,יחידה,1.00,יחידה,false,1,8.90,8.90,true,1,
7290117030950,false,5תבניות אלומיניום 99-R,,IL,תבניות אלומיניום,יחידה,1.00,יחידה,false,1,8.90,8.90,true,1,
7290117030967,false,תבניות אינגלייש 88-R,,IL,תבניות אלומיניום,יחידה,1.00,יחידה,false,1,8.90,8.90,true,1,
7290117030974,false,תבניות אלומ. טוסטר 29-R,,IL,תבניות אלומיניום,יחידה,1.00,יחידה,false,1,8.90,8.90,true,1,
7290117031506,false,כוסות נייר 40 יח 8B,,CN,"כוסות ח""פ 40 יח",יחידה,1.00,יחידה,false,1,7.90,7.90,true,1,
7290117380192,false,חטיף פוף קראנץ גריל 60גר,---,IL,חטיף פוף קראנץ,גרמים,60.00,100 גרם,false,1,3.90,6.50,true,1,
7290117380208,false,פוף קראנץ' חמוץ חריף60ג,---,IL,חטיף פוף קראנץ',גרמים,60.00,100 גרם,false,1,3.90,6.50,true,1,
7290117380215,false,חטיף פוף קראנץ' טאקו60ג,---,IL,חטיף פוף קראנץ',גרמים,60.00,100 גרם,false,1,3.90,6.50,true,1,
7290589856775,false,אביזרים לבית,,IL,אביזרים לבית,יחידה,1.00,יחידה,false,0,5.90,5.90,true,1,
7291008080603,false,"תמר מג'הול 1 ק""ג",מהדרין,IL,"תמר מג'הול 1 ק""ג",קילוגרמים,1.00,"ק""ג",false,1,21.90,21.90,true,1,
7296073126713,false,אובלטים קימל,,IL,אובלטים קימל,גרמים,300.00,100 גרם,false,0,7.90,2.63,true,1,
7296073126720,false,אובלטים שומשום,,IL,אובלטים שומשום,גרמים,300.00,100 גרם,false,0,7.90,2.63,true,1,
7296073126737,false,אובלטים מלוחים,,IL,אובלטים מלוחים,גרמים,300.00,100 גרם,false,0,7.90,2.63,true,1,
7296073126744,false,שקיות אשפה,,IL,שקיות אשפה,יחידה,1.00,יחידה,false,0,14.90,14.90,true,1,
7296073126751,false,שקיות אשפה,,IL,שקיות אשפה,יחידה,1.00,יחידה,false,0,15.90,15.90,true,1,
7296073126768,false,זוג שקיות אשפה,,IL,זוג שקיות אשפה,יחידה,1.00,יחידה,false,0,22.90,22.90,true,1,
7296073126775,false,שקיות אשפה,,IL,שקיות אשפה,יחידה,1.00,יחידה,false,0,24.90,24.90,true,1,
7296073126799,false,מארז שקיות אוכל,,IL,מארז שקיות אוכל,יחידה,1.00,יחידה,false,0,12.90,12.90,true,1,
7296073126812,false,שקיות הקפאה,,IL,שקיות הקפאה,יחידה,1.00,יחידה,false,0,9.90,9.90,true,1,
7296073127932,false,"פריכיות אורז ""יש"" 340גרם",בטר אנד דיפרנט,IL,פריכיות אורז34גר,גרמים,340.00,100 גרם,false,0,11.90,3.50,true,1,
7296073128175,false,"נייר טואלט פרימ"".יש32""גל",שניב תעשיות נייר,IL,נייר טואלט,מטרים,589.00,100 מטר,false,0,24.90,4.23,true,1,
7296073128182,false,"נייר טואלט ""יש"" 48גלילים",שניב תעשיות נייר,IL,נייר טואלט,מטרים,883.00,100 מטר,false,0,32.90,3.73,true,1,
7296073128755,false,"וופל בלגי ""יש"" 150 גרם",גילרו,IL,וופל בלגי,גרמים,150.00,100 גרם,false,0,2.90,1.93,true,1,
7296073128786,false,קרקר מלח 110 גרם,מגדנית הדר,IL,קרקר מלח,גרמים,110.00,100 גרם,false,0,2.90,2.64,true,1,
7296073128809,false,קרקר שומשום 110 גרם,מגדנית הדר,IL,קרקר שומשום,גרמים,110.00,100 גרם,false,0,2.90,2.64,true,1,
7296073128847,false,עוגיות סנדוויץ שוקו150גר,מגדנית הדר,IL,עוגיות סנדוויץ,גרמים,150.00,100 גרם,false,0,2.90,1.93,true,1,
7296073128854,false,עוגיות סנדוויץ תות 150גר,מגדנית הדר,IL,עוגיות סנדוויץ,גרמים,150.00,100 גרם,false,0,2.90,1.93,true,1,
7296073128861,false,עוגיות סנדוויץ וניל150גר,מגדנית הדר,IL,עוגיות סנדוויץ,גרמים,150.00,100 גרם,false,0,2.90,1.93,true,1,
7296073128908,false,"מיץ ענבים ""יש"" 1 ליטר",יקבי ארזה,IL,"מיץ ענבים ""יש""",ליטרים,1.00,ליטר,false,0,9.90,9.90,true,1,
7296073128915,false,"יין לקידוש ""יש"" 1 ליטר",יקבי ארזה,IL,יין אדום לקידוש,ליטרים,1.00,ליטר,false,0,12.90,12.90,true,1,
7296073129974,false,"חומוס מזרחי ""יש"" 1קג",סלטי שמיר,IL,חומוס מזרחי,קילוגרמים,1.00,"ק""ג",false,0,11.90,11.90,true,1,
7296073132103,false,פתיתים אורז,,IL,פתיתים אורז,גרמים,500.00,100 גרם,false,0,2.90,0.58,true,1,
7296073132110,false,פתיתים קוסקוס,,IL,פתיתים קוסקוס,גרמים,500.00,100 גרם,false,0,2.90,0.58,true,1,
7296073133933,false,ספגטי,,TR,ספגטי,גרמים,500.00,100 גרם,false,0,2.90,0.58,true,1,
7296073133940,false,ספגטיני,,TR,ספגטיני,גרמים,500.00,100 גרם,false,0,2.90,0.58,true,1,
7296073133964,false,צינורות,,IL,צינורות,גרמים,500.00,100 גרם,false,0,2.90,0.58,true,1,
7296073133971,false,קונכיות,,TR,קונכיות,גרמים,500.00,100 גרם,false,0,2.90,0.58,true,1,
7296073133988,false,"ספירלה ""יש500""גר",,TR,"ספירלה ""יש500""גר",גרמים,500.00,100 גרם,false,0,2.90,0.58,true,1,
7296073133995,false,שמן זית כתית,,ES,שמן זית כתית,מיליליטרים,750.00,"100 מ""ל",false,0,27.90,3.72,true,1,
7296073134107,false,"מארז ממחטות ""יש"" צץ רץ",שניב תעשיות נייר,IL,"ממחטות אף ""יש""",יחידה,1.00,יחידה,false,0,9.90,9.90,true,1,
7296073134121,false,נייר חתוך לשבת 100*10 יח,שניב תעשיות נייר,IL,נייר חתוך לשבת,יחידה,1.00,יחידה,false,0,11.90,11.90,true,1,
7296073134152,false,מפיות חד שכבתי יש 100 יח,שניב תעשיות נייר,IL,מפיות חד שכבתי,יחידה,1.00,יחידה,false,0,3.90,3.90,true,1,
7296073134503,false,"דבש ""יש"" 1 ק""ג",מכוורת עמק חפר,IL,דבש יש,קילוגרמים,1.00,"ק""ג",false,0,37.90,37.90,true,1,
7296073134527,false,"דבש ""יש"" 500 גרם",מכוורת עמק חפר,IL,דבש יש,גרמים,500.00,100 גרם,false,0,19.90,3.98,true,1,
7296073140511,false,"גביעי גלידה ""יש"" 105 גרם",גילרו,IL,גביעי גלידה,גרמים,105.00,100 גרם,false,0,6.90,6.57,true,1,
7296073141242,false,"סוכר ""יש"" 1 ק""ג",סוגת,IL,"סוכר ""יש"" 1 ק""ג",קילוגרמים,1.00,"ק""ג",false,0,3.90,3.90,true,1,
7296073142478,false,צ'יפס קלאסי יש 2.2קג,תפוגן,IL,צ'יפס קלאסי,קילוגרמים,2.20,"ק""ג",false,0,19.90,9.05,true,1,
7296073160960,false,מטיות ריצפה 4 יח,,IL,מטיות ריצפה 4 יח,יחידה,1.00,יחידה,false,0,7.90,7.90,true,1,
7296073160977,false,מטליות לניקוי,,IL,מטליות לניקוי,יחידה,1.00,יחידה,false,0,7.90,7.90,true,1,
7296073160984,false,גליל מטליות כללי,,IL,גליל מטליות כללי,יחידה,1.00,יחידה,false,0,14.90,14.90,true,1,
7296073160991,false,ננס כריות מתכת,,,ננס כריות מתכת,יחידה,1.00,יחידה,false,0,4.90,4.90,true,1,
7296073161004,false,צמר פלדה 5 יח,,IL,צמר פלדה 5 יח,יחידה,1.00,יחידה,false,0,3.50,3.50,true,1,
7296073161011,false,ספוג סקוטש 10 יח,,IL,ספוג סקוטש 10 יח,יחידה,1.00,יחידה,false,0,4.90,4.90,true,1,
7296073161042,false,סקוטש משובח 3 יח,,IL,סקוטש משובח 3 יח,יחידה,1.00,יחידה,false,0,6.90,6.90,true,1,
7296073161059,false,כרית יפנית 6 יח,,IL,כרית יפנית 6 יח,יחידה,1.00,יחידה,false,0,5.90,5.90,true,1,
7296073161066,false,ספוג פלא 6יח,,IL,ספוג פלא 6יח,יחידה,1.00,יחידה,false,0,6.90,6.90,true,1,
7296073162124,false,"קרקר שומשום ""יש"" 600 גרם",מגדנית הדר,IL,קרקר בקרטון 600ג,גרמים,600.00,100 גרם,false,0,9.90,1.65,true,1,
7296073162131,false,"קרקר מלח ""יש"" 600 גרם",מגדנית הדר,IL,קרקר 600 גרם,גרמים,600.00,100 גרם,false,0,9.90,1.65,true,1,
7296073187707,false,"פסטה מסולסלת""יש",,IL,"פסטה מסולסלת""יש",גרמים,500.00,100 גרם,false,0,2.90,0.58,true,1,
7296073225447,false,"קפה נמס ""יש""",,IL,"קפה נמס ""יש""",גרמים,200.00,100 גרם,false,0,12.90,6.45,true,1,
7296073237419,false,"חציל במיונז ""יש"" 900 גרם",סלטי שמיר,IL,חציל במיונז,גרמים,900.00,100 גרם,false,1,11.90,1.32,true,1,
7296073237433,false,"טחינה ""יש"" 900 גרם",סלטי שמיר,IL,טחינה 900 גרם,גרמים,900.00,100 גרם,false,1,11.90,1.32,true,1,
7296073249207,false,מטלית מיקרופייבר 4 יח,מ.א. ייצור ןיבוא מטליות,CN,מטלית מיקרופייבר,יחידה,1.00,יחידה,false,1,4.90,4.90,true,1,
7296073249214,false,מטלית מיקרופייבר לריצפה,מ.א. ייצור ןיבוא מטליות,CN,מטלית מיקרופייבר,יחידה,1.00,יחידה,false,1,13.90,13.90,true,1,
7296073260950,false,"קמח חיטה מנופה ""יש"" 1 קג",שטיבל,IL,"קמח מנופה1ק""ג",קילוגרמים,1.00,"ק""ג",false,1,4.90,4.90,true,1,
7296073272939,false,"אטריות דקות ""יש"" 400 גרם",שיבולים בני דרום,IL,"אטריות דקות""יש""",גרמים,400.00,100 גרם,false,1,3.90,0.98,true,1,
7296073290216,false,"קוסקוס ""יש"" בינוני 350ג",חטיפים מן הטבע,IL,"קוסקוס אמיתי ""יש",גרמים,350.00,100 גרם,false,1,2.90,0.83,true,1,
7296073295839,false,"איטריות דקיקות""יש"" 400ג'",שיבולים בני דרום,IL,איטריות דקיקות,גרמים,400.00,100 גרם,false,1,3.90,0.98,true,1,
7296073297116,false,"נוזל כלים ""יש"" צהוב 750","סאסאטק אגש""ח בע""מ",IL,נ.כלים צהוב,מיליליטרים,750.00,"100 מ""ל",false,1,5.90,0.79,true,1,
7296073297123,false,"נוזל כלים ""יש"" ירוק 750","סאסאטק אגש""ח בע""מ",IL,נ.כלים תפוח ירוק,מיליליטרים,750.00,"100 מ""ל",false,1,5.90,0.79,true,1,
7296073297130,false,"נוזל כלים ""יש"" ירוק 4 ל'","סאסאטק אגש""ח בע""מ",IL,נוזל כלים יש 4ל',ליטרים,4.00,ליטר,false,1,19.90,4.98,true,1,
7296073297147,false,שמפו רצפות סחלבים יש 4ל',"סאסאטק אגש""ח בע""מ",IL,שמפו רצפות 4ליטר,ליטרים,4.00,ליטר,false,1,9.90,2.48,true,1,
7296073297154,false,שמפו רצפות אורנים יש 4ל',"סאסאטק אגש""ח בע""מ",IL,שמפו רצפות 4ליטר,ליטרים,4.00,ליטר,false,1,9.90,2.48,true,1,
7296073297161,false,שמפו רצפות אוקיינוס יש 4,"סאסאטק אגש""ח בע""מ",IL,שמפו רצפות 4ליטר,ליטרים,4.00,ליטר,false,1,9.90,2.48,true,1,
7296073297178,false,אקונומיקה מבושמת יש 4 ל',"סאסאטק אגש""ח בע""מ",IL,אקונומיקה יש 4 ל,ליטרים,4.00,ליטר,false,1,6.90,1.73,true,1,
7296073297185,false,סבון נוזלי לידיים כחול,סאסא קוסמטיקס,IL,סבון נוזלי,מיליליטרים,1500.00,"100 מ""ל",false,1,9.90,0.66,true,1,
7296073297192,false,סבון נוזלי לידיים ורוד,סאסא קוסמטיקס,IL,סבון נוזלי,מיליליטרים,1500.00,"100 מ""ל",false,1,9.90,0.66,true,1,
7296073297208,false,סבון נוזלי לידיים לבן,סאסא קוסמטיקס,IL,סבון נוזלי,מיליליטרים,1500.00,"100 מ""ל",false,1,9.90,0.66,true,1,
7296073323815,false,מרכך כביסה כחול 4 ליטר,סאסאטק,IL,מרכך כביסה 4ליטר,ליטרים,4.00,ליטר,false,1,12.90,3.23,true,1,
7296073323822,false,מרכך כביסה ורוד 4 ליטר,סאסאטק,IL,מרכך כביסה4 ליטר,ליטרים,4.00,ליטר,false,1,12.90,3.23,true,1,
7296073323839,false,מרכך כביסה לבן 4 ליטר,סאסאטק,IL,מרכך כביסה 4ליטר,ליטרים,4.00,ליטר,false,1,12.90,3.23,true,1,
7296073323846,false,מ.כביסה מרוכז יש כחול 1ל,סאסאטק,IL,מ.כביסה מרוכז 1ל,ליטרים,1.00,ליטר,false,1,8.90,8.90,true,1,
7296073323853,false,מ.כביסה מרוכז יש ורוד 1ל,סאסאטק,IL,מ.כביסה מרוכז 1ל,ליטרים,1.00,ליטר,false,1,8.90,8.90,true,1,
7296073323860,false,מ.כביסה מרוכז יש סגול 1ל,סאסאטק,IL,מ.כביסה מרוכז,ליטרים,1.00,ליטר,false,1,8.90,8.90,true,1,
7296073324881,false,"8 מפות ניילון ח""פ יש עבה",טופ פלסט,IL,מפות ניילון 8 יח,יחידה,1.00,יחידה,false,1,8.90,8.90,true,1,
7296073324898,false,"6 מפות ניילון ח""פ יש עבה",טופ פלסט,IL,מפות ניילון 6 יח,יחידה,1.00,יחידה,false,1,8.90,8.90,true,1,
7296073328834,false,"טרופיקס ""יש"" 40 יחידות",דודו הדיל,IL,"טרופיקס ""יש"" 40",ליטרים,8.00,ליטר,false,1,34.90,4.36,true,1,
7296073329527,false,"מפות ניילון ח""פ ""יש"" 6יח",טופ פלסט,IL,מפת ניילון 6יח,יחידה,1.00,יחידה,false,1,4.90,4.90,true,1,
7296073329534,false,"מפות ניילון ח""פ ""יש"" 8יח",טופ פלסט,IL,מפת ניילון 8 יח,יחידה,1.00,יחידה,false,1,4.90,4.90,true,1,
7296073339922,false,מרכך כביסה סגול 4 ליטר,סאסאטק,IL,מרכך כביסה 4ליטר,ליטרים,4.00,ליטר,false,1,12.90,3.23,true,1,
7296073339939,false,מ.כביסה מרוכז יש שחור 1ל,סאסאטק,IL,מרכך כביסה 1ליטר,ליטרים,1.00,ליטר,false,1,8.90,8.90,true,1,
7296073340980,false,מפת ניילון יש 45*1.35מטר,טופ פלסט,IL,"גליל מפה ""יש"" 45",מטרים,45.00,מטר,false,1,29.90,0.66,true,1,
7296073342151,false,"רדיד אלומיניום רחב ""יש""",טופ פלסט,IL,רדיד אלומיניום ר,מטרים,25.00,מטר,false,1,15.90,0.64,true,1,
7296073342168,false,"רדיד אלומיניום צר ""יש""",טופ פלסט,IL,רדיד אלומיניום,מטרים,30.00,מטר,false,1,14.90,0.50,true,1,
7296073348108,false,מטבעות שוקולד חלב ברשת,כרמית,IL,מטבעות שוקולד,גרמים,432.00,100 גרם,false,1,29.90,6.92,true,1,
7296073348337,false,מגבוני נייר טואלט יש60*3,,IL,מגבוני נ.טואלט,יחידה,1.00,יחידה,false,1,11.90,11.90,true,1,
7296073349389,false,"מנקה חלונות ""יש"" 1 ליטר",קומפלקס כימיקלים,IL,מנקה חלונות 1 לי,ליטרים,1.00,ליטר,false,1,4.90,4.90,true,1,
7296073361466,false,מפת ניילון יש 50*1.52מטר,,IL,גליל מפת ניילון,מטרים,50.00,מטר,false,1,29.90,0.60,true,1,
7296073365723,false,"טחינה ""יש"" 500 גרם",הנסיך,IL,"טחינה ""יש500""גרם",גרמים,500.00,100 גרם,false,1,8.90,1.78,true,1,
7296073367680,false,"מסיר שומנים ""יש"" 1 ליטר",קומפלקס כימיקלים בעמ,IL,"מסיר שומנים""יש",ליטרים,1.00,ליטר,false,1,11.90,11.90,true,1,
7296073369332,false,"קמח מלא מנופה ""יש"" 1 ק""ג",שטיבל,IL,קמח מלא,קילוגרמים,1.00,"ק""ג",false,1,5.90,5.90,true,1,
7296073369349,false,קמח כוסמין מנופה יש 1 קג,שטיבל,IL,קמח כוסמין,קילוגרמים,1.00,"ק""ג",false,1,7.90,7.90,true,1,
7296073369998,false,"גפרורים ענקיים ""יש""",,SE,"גפרורים ענקיים """,יחידה,1.00,יחידה,false,1,3.90,3.90,true,1,
7296073370000,false,"מארז גפרורים ""יש"" 10 יח'",,SE,גפרורים יש,יחידה,1.00,יחידה,false,1,2.90,2.90,true,1,
7296073389293,false,גפילטע פיש ירושלמי 560 ג,דג טעים,IL,גפילטעפיש 560 גר,גרמים,560.00,100 גרם,false,1,12.90,2.30,true,1,
7296073389309,false,גפילטע פיש הונגרי560 ג,דג טעים,IL,גפילטעפיש 560 גר,גרמים,560.00,100 גרם,false,1,12.90,2.30,true,1,
7296073389835,false,"צ'יפס אמריקאי ""יש 1.8ק""ג",תפוגן,IL,ציפס אמריקאי,קילוגרמים,1.80,"ק""ג",false,1,19.90,11.06,true,1,
7296073389842,false,"צ'יפס זיגזג ""יש"" 1.8 ק""ג",תפוגן,IL,"צ'יפס זיגזג ""יש""",קילוגרמים,1.80,"ק""ג",false,1,19.90,11.06,true,1,
7296073391722,false,"שמפו לשיער רגיל ""יש"" 700",טאהא קימיה,TR,שמפו קוקוס,מיליליטרים,700.00,"100 מ""ל",false,1,7.90,1.13,true,1,
7296073391739,false,"שמפו לשיער שמן ""יש"" 700",טאהא קימיה,TR,שמפו לשיער שמן,מיליליטרים,700.00,"100 מ""ל",false,1,7.90,1.13,true,1,
7296073391746,false,"שמפו לשיער יבש ""יש"" 700",טאהא קימיה,TR,"שמפו לשיער ""יש""",מיליליטרים,700.00,"100 מ""ל",false,1,7.90,1.13,true,1,
7296073391753,false,"שמפו לשיער צבוע ""יש"" 700",טאהא קימיה,TR,"שמפו לשיער ""יש""",מיליליטרים,700.00,"100 מ""ל",false,1,7.90,1.13,true,1,
7296073391760,false,"שמפו לשיער פגום ""יש"" 700",טאהא קימיה,TR,שמפו לשיער פגום,מיליליטרים,700.00,"100 מ""ל",false,1,7.90,1.13,true,1,
7296073391777,false,"תחליב רחצה ""יש"" ורדים",טאהא קימיה,TR,"תחליב רחצה ""יש""",מיליליטרים,700.00,"100 מ""ל",false,1,7.90,1.13,true,1,
7296073391784,false,"3ב1- שמפו מרכך וג'ל ""יש""",טאהא קימיה,TR,3ב1- שמפו מרכך ו,מיליליטרים,700.00,"100 מ""ל",false,1,7.90,1.13,true,1,
7296073391791,false,"תחליב רחצה ""יש"" וניל שקד",טאהא קימיה,TR,"תחליב רחצה ""יש""",מיליליטרים,700.00,"100 מ""ל",false,1,7.90,1.13,true,1,
7296073391807,false,"תחליב רחצה ""יש"" כותנה",טאהא קימיה,TR,"תחליב רחצה ""יש""",מיליליטרים,700.00,"100 מ""ל",false,1,7.90,1.13,true,1,
7296073391845,false,שלישיית מברשות שיניים יש,באנאט,TR,מארז מברשות שיני,יחידה,1.00,יחידה,false,1,5.90,5.90,true,1,
7296073392804,false,סילאן טבעי 100% 900 גרם,משק צור,IL,סילאן טבעי,גרמים,900.00,100 גרם,false,1,17.90,1.99,true,1,
7296073392811,false,סילאן לחיץ 350 גרם,משק צור,IL,סילאן לחיץ,גרמים,350.00,100 גרם,false,1,12.90,3.69,true,1,
7296073395232,false,חטיף חיטה גריל יש 70 גרם,מנה,IL,חטיף חיטה גריל,גרמים,70.00,100 גרם,false,1,1.90,2.71,true,1,
7296073395249,false,חטיף חיטה ברביקיו יש 70ג,מנה,IL,חטיף חיטה ברביקי,גרמים,70.00,100 גרם,false,1,1.90,2.71,true,1,
7296073395256,false,חטיף חיטה פלאפל יש 70גרם,מנה,IL,חטיף חיטה פלאפל,גרמים,70.00,100 גרם,false,1,1.90,2.71,true,1,
7296073395836,false,"מרכך לשיער שמן ""יש"" 700",טאהא קימיה,TR,"מרכך שיער ""יש""",מיליליטרים,700.00,"100 מ""ל",false,1,7.90,1.13,true,1,
7296073395843,false,"מרכך לשיער צבוע ""יש"" 700",טאהא קימיה,TR,"מרכך שיער ""יש""",מיליליטרים,700.00,"100 מ""ל",false,1,7.90,1.13,true,1,
7296073395850,false,"מרכך לשיער פגום ""יש"" 700",טאהא קימיה,TR,"מרכך שיער  ""יש""",מיליליטרים,700.00,"100 מ""ל",false,1,7.90,1.13,true,1,
7296073395874,false,"מרכך לשיער יבש ""יש"" 700",טאהא קימיה,TR,"מרכך שיער ""יש""",מיליליטרים,700.00,"100 מ""ל",false,1,7.90,1.13,true,1,
7296073395904,false,מברשת שיניים פרימיום יש,באנאט,TR,מברשת שיניים,יחידה,1.00,יחידה,false,1,5.90,5.90,true,1,
7296073395911,false,מברשת שיניים פרימיום יש,באנאט,IL,מברשת שיניים,יחידה,1.00,יחידה,false,1,5.90,5.90,true,1,
7296073395928,false,תרסיס מתיר קשרים לילד יש,בי.אף.אף,TR,תרסיס מתיר קשרים,מיליליטרים,400.00,"100 מ""ל",false,1,9.90,2.48,true,1,
7296073395935,false,קרם מתיר קשרים לילדים,בי.אף.אף,TR,קרם מתיר קשרים,מיליליטרים,400.00,"100 מ""ל",false,1,9.90,2.48,true,1,
7296073395942,false,"שמפו לילדים ""יש"" 1 ליטר",בי.אף.אף,TR,"שמפו לילדים ""יש""",ליטרים,1.00,ליטר,false,1,12.90,12.90,true,1,
7296073395959,false,מרכך שיער לילדים יש 1ל,בי.אף.אף,TR,מרכך שיער לילדים,ליטרים,1.00,ליטר,false,1,12.90,12.90,true,1,
7296073396512,false,"פתי בר וניל ""יש"" 2 ק""ג",הדר,IL,"פתי בר וניל ""יש""",קילוגרמים,2.00,"ק""ג",false,1,19.90,9.95,true,1,
7296073396529,false,"פתי בר שוקו ""יש"" 2 ק""ג",הדר,IL,"פתי בר שוקו ""יש""",קילוגרמים,2.00,"ק""ג",false,1,19.90,9.95,true,1,
7296073397021,false,"גפילטע פיש הונגרי כשל""פ",דג טעים,IL,"גפילטע פיש כשל""פ",גרמים,560.00,100 גרם,false,1,12.90,2.30,true,1,
7296073401353,false,"מרסס מסיר עובש ""יש"" 1 לי",סאסאטק,IL,מסיר עובש 1ליטר,ליטרים,1.00,ליטר,false,1,7.90,7.90,true,1,
7296073401360,false,"מרסס אקונומיקה""יש"" 1ליטר",סאסאטק,IL,מרסס אקונומיקה,ליטרים,1.00,ליטר,false,1,7.90,7.90,true,1,
7296073401377,false,"ניקוי כללי ""יש"" 1 ליטר",סאסאטק,IL,ניקוי כללי 1 ליט,ליטרים,1.00,ליטר,false,1,7.90,7.90,true,1,
7296073401582,false,מארז קפה שחור יש 100*4 ג,רוני רג'ואן ושות,IL,קפה שחור 4יח,גרמים,400.00,100 גרם,false,1,17.90,4.48,true,1,
7296073402275,false,"דבש לחיץ ""יש"" 250 גרם",מכוורת עמק חפר,IL,דבש לחיץ250גרם,גרמים,250.00,100 גרם,false,1,12.90,5.16,true,1,
7296073402930,false,"שקיות אשפה יש 90*75 ס""מ",טופ פלסט,IL,שקיות אשפה,יחידה,1.00,יחידה,false,1,9.90,9.90,true,1,
7296073402947,false,"שקיות אשפה יש 70*55 ס""מ",טופ פלסט,IL,שקיות אשפה,יחידה,1.00,יחידה,false,1,9.90,9.90,true,1,
7296073403388,false,"נ.טואלט""יש""תלת שכבתי 32",שניב,IL,נ.טואלט לבן,יחידה,1.00,יחידה,false,1,29.90,29.90,true,1,
7296073403395,false,"מגבות נייר ""יש"" 6 גלילים",שניב,IL,מגבות יש,מטרים,21.00,מטר,false,1,14.90,0.71,true,1,
7296073407133,false,רסק עגבניות BX22 260 גרם,---,IL,רסק עגבניות260גר,גרמים,260.00,100 גרם,false,1,2.50,0.96,true,1,
7296073407751,false,ג'ל הגייני לידיים יש 500,,TR,"ג'ל ידיים 500 מ""",מיליליטרים,500.00,"100 מ""ל",false,1,19.90,3.98,true,1,
7296073408857,false,"שקדי מרק ""יש"" 600 גרם",מנה,IL,"שקדי מרק ""יש""",גרמים,600.00,100 גרם,false,1,8.80,1.47,true,1,
7296073413547,false,"נוזל כלים 24% לימון ""יש""",סאסא טק,IL,נוזל כלים1.6ליטר,ליטרים,1.60,ליטר,false,1,9.90,6.19,true,1,
7296073413554,false,"נוזל כלים24% תפוח ""יש""",סאסא טק,IL,נוזל כלים1.6ליטר,ליטרים,1.60,ליטר,false,1,9.90,6.19,true,1,
7296073413561,false,"נוזל כלים 24% לבנדר ""יש""",סאסא טק,IL,נוזל כלים1.6ליטר,ליטרים,1.60,ליטר,false,1,9.90,6.19,true,1,
7296073413790,false,"ממרח שוקולד ""יש"" 850 גרם",אר גי אם תעשיות,IL,ממרח שוקולד 850ג,גרמים,850.00,100 גרם,false,1,9.90,1.16,true,1,
7296073413813,false,שוקולד צ'יפס יש 500 גרם,מיה,IL,שוקולד ציפס500ג,גרמים,500.00,100 גרם,false,1,12.90,2.58,true,1,
7296073414421,false,"חיתולי בייבי ""יש""  3-50",DPL,IL,"חיתולי בייבי ""יש",יחידה,1.00,יחידה,false,1,24.90,24.90,true,1,
7296073414742,false,מיץ ענבים אדום 1 ליטר,כרם מהדרין,IL,מיץ ענבים 1 ליטר,ליטרים,1.00,ליטר,false,1,11.90,11.90,true,1,
7296073415190,false,"שעועית בואקום ""יש"" 1 ק""ג",מיה,IL,שעועית בואקום1קג,קילוגרמים,1.00,"ק""ג",false,1,14.90,14.90,true,1,
7296073415206,false,גריסי פנינה בואקום יש 1ק,מיה,IL,"גריסי פנינה 1ק""ג",קילוגרמים,1.00,"ק""ג",false,1,11.90,11.90,true,1,
7296073415213,false,חומוס גדול בואקום יש 1קג,מיה,IL,"חומוס גדול 1 ק""ג",קילוגרמים,1.00,"ק""ג",false,1,14.90,14.90,true,1,
7296073415220,false,"אורז פרסי בואקום 1 ק""ג",מיה,IL,"אורז פרסי  1 ק""ג",קילוגרמים,1.00,"ק""ג",false,1,9.90,9.90,true,1,
7296073415237,false,אורז בסמטי בואקום יש 1קג,מיה,IL,"אורז בסמטי 1 ק""ג",קילוגרמים,1.00,"ק""ג",false,1,12.90,12.90,true,1,
7296073415855,false,לחם אחיד פרוס,,,לחם אחיד פרוס,יחידה,1.00,יחידה,false,0,4.90,4.90,true,1,
7296073415862,false,"מארז פיתות ""יש"" 10יחידות",,,פיתות 10יחידות,יחידה,1.00,יחידה,false,0,7.90,7.90,true,1,
7296073416135,false,"נ.טואלט""יש"" תלת שכבתי 32",שניב,IL,נייר טואלט אפרסק,יחידה,1.00,יחידה,false,1,29.90,29.90,true,1,
7296073416159,false,מב.שיניים כחול ילדים 2-5,,IL,מב.שיניים כחול י,יחידה,1.00,יחידה,false,1,3.90,3.90,true,1,
7296073416166,false,מב.שיניים ורוד לילדים +5,,TR,מב.שיניים ורוד ל,יחידה,1.00,יחידה,false,1,4.90,4.90,true,1,
7296073417019,false,"חטיף תפו""א טעם טבעי 50 ג",חטיפי העמק,IL,"חטיף תפו""א 50 גר",גרמים,50.00,100 גרם,false,1,1.90,3.80,true,1,
7296073420736,false,חליטת קמומיל 25 שקיקים,תה עדנים,IL,חליטת קמומיל,גרמים,32.00,100 גרם,false,1,9.90,30.94,true,1,
7296073420743,false,חליטת לימונית לואיזה 25,תה עדנים,IL,חליטת לימונית,גרמים,37.00,100 גרם,false,1,9.90,26.76,true,1,
7296073420767,false,חליטת קמומיל נענע 25 שק,תה עדנים,IL,קמומיל נענע,גרמים,37.00,100 גרם,false,1,9.90,26.76,true,1,
7296073420781,false,תה ירוק נענע 25 שקיקים,תה עדנים,IL,תה ירוק נענע,יחידה,1.00,יחידה,false,1,12.90,12.90,true,1,
7296073420798,false,תה ירוק לימונית לואיזה 2,תה עדנים,IL,תה ירוק לימונית,יחידה,1.00,יחידה,false,1,12.90,12.90,true,1,
7296073420804,false,תה נענע 25 שקיקים,תה עדנים,IL,תה נענע,גרמים,37.00,100 גרם,false,1,9.90,26.76,true,1,
7296073420828,false,תה קלאסיק יש 1.5*100 גרם,תה עדנים,IL,"תה קלאסיק ""יש""",גרמים,150.00,100 גרם,false,1,9.90,6.60,true,1,
7296073427032,false,מארז מגבונים 72*6 דף,"טרופיקל דגיל בע""מ",IL,מארז מגבונים,יחידה,1.00,יחידה,false,1,19.90,19.90,true,1,
7296073427049,false,מטליות לחות לריצפה 10 יח,"טרופיקל דגיל בע""מ",IL,מט. לחות לריצפה,יחידה,1.00,יחידה,false,1,6.90,6.90,true,1,
7296073427063,false,"מטליות לחות לניקוי ""יש""","טרופיקל דגיל בע""מ",IL,מטליות לחות 50יח,יחידה,1.00,יחידה,false,1,4.90,4.90,true,1,
7296073427285,false,"אל סבון לתינוק 750 מ""ל",בי.אף.אף,TR,אל סבון לתינוק,מיליליטרים,750.00,"100 מ""ל",false,1,9.90,1.32,true,1,
7296073427292,false,שמפו לתינוק אל דמע 750 מ,בי.אף.אף,TR,"שמפו אל דמע750מ""",מיליליטרים,750.00,"100 מ""ל",false,1,9.90,1.32,true,1,
7296073427308,false,"תחליב רחצה לתינוק 750 מ""",בי.אף.אף,TR,תחליב רחצה 750מל,מיליליטרים,750.00,"100 מ""ל",false,1,9.90,1.32,true,1,
7296073441274,false,"שוקולד חלב ""יש"" 100 גרם",כרמית,IL,שוקולד חלב,גרמים,100.00,100 גרם,false,1,2.90,2.90,true,1,
7296073441304,false,שוקולד מריר יש 100*5 גרם,כרמית,IL,מאגדת שוקולד,גרמים,500.00,100 גרם,false,1,11.90,2.38,true,1,
7296073441564,false,"סטייק צ'יפס ""יש"" 1.8 ק""ג",תפוגן,IL,סטייק צ'יפס,קילוגרמים,1.80,"ק""ג",false,1,19.90,11.06,true,1,
7296073445418,false,תבניות אפיה רוסטר עבות,טופ פלסט,IL,תבניות אפיה,יחידה,1.00,יחידה,false,1,8.90,8.90,true,1,
7296073445425,false,תבניות אפיה לחלה 4 יח,טופ פלסט,IL,תבניות אפיה 4יח,יחידה,1.00,יחידה,false,1,8.90,8.90,true,1,
7296073445432,false,"תבניות אפיה גדולות ח""פ",טופ פלסט,IL,תבניות אפיה 2יח,יחידה,1.00,יחידה,false,1,8.90,8.90,true,1,
7296073445449,false,תבניות אפיה בינוניות 3יח,טופ פלסט,IL,תבניות אפיה 3יח,יחידה,1.00,יחידה,false,1,8.90,8.90,true,1,
7296073445456,false,תבניות אפיה משפחתיות 4יח,טופ פלסט,IL,תבניות אפיה 4יח,יחידה,1.00,יחידה,false,1,8.90,8.90,true,1,
7296073445609,false,קרקר מלוח 110 גרם,פפושדו,IL,קרקר מלוח,גרמים,110.00,100 גרם,false,1,2.90,2.64,true,1,
7296073445647,false,ביסקוויט חצי מצופה 175 ג,הגביע,IL,ביסקוויט 175 גרם,גרמים,175.00,100 גרם,false,1,4.90,2.80,true,1,
7296073447078,false,טחינה שומשום מלא 500 גרם,אר גי אם תעשיות,IL,טחינה שומשום500ג,גרמים,500.00,100 גרם,false,1,9.90,1.98,true,1,
7296073447085,false,"טחינה שומשום 1 ק""ג",אר גי אם תעשיות,IL,"טחינה שומשום 1ק""",קילוגרמים,1.00,"ק""ג",false,1,15.90,15.90,true,1,
7296073449584,false,מלפפון במלח  560 גרם7-9,בית השיטה,IL,מלפפון במלח,גרמים,560.00,100 גרם,false,1,4.90,0.88,true,1,
7296073449591,false,מלפפון חומץ  560 ג 7-9,בית השיטה,IL,מלפפון בחומץ,גרמים,560.00,100 גרם,false,1,4.90,0.88,true,1,
7296073449607,false,מלפפון במלח 10-12 560גרם,בית השיטה,IL,מלפפון במלח,גרמים,560.00,100 גרם,false,1,5.90,1.05,true,1,
7296073449614,false,מלפפון בחומץ 10-12 560גר,בית השיטה,IL,מלפפון בחומץ,גרמים,560.00,100 גרם,false,1,5.90,1.05,true,1,
7296073449621,false,מלפפון במלח560גר,בית השיטה,IL,מלפפונים במלח,גרמים,560.00,100 גרם,false,1,7.70,1.38,true,1,
7296073449638,false,מלפפון בחומץ  560  13-17,בית השיטה,IL,מלפפון בחומץ,גרמים,560.00,100 גרם,false,1,7.70,1.38,true,1,
7296073449645,false,מלפפון במלח 560 גרם18-25,,IL,מלפפונים המלח,גרמים,560.00,100 גרם,false,1,8.80,1.57,true,1,
7296073449652,false,מלפפון בחומץ 560ג 18-25,בית השיטה,IL,מלפפון בחומץ,גרמים,560.00,100 גרם,false,1,8.80,1.57,true,1,
7296073450221,false,"פתי בר שוקו ""יש"" 500 גרם","אם החיטה בע""\מ",IL,פתי בר 500 גרם,גרמים,500.00,100 גרם,false,1,7.90,1.58,true,1,
7296073450238,false,"פתי בר וניל ""יש"" 500 גרם","אם החיטה בע""\מ",IL,פתי בר 500 גרם,גרמים,500.00,100 גרם,false,1,7.90,1.58,true,1,
7296073459385,false,ממתק חמוץ תות 20 גרם,טאייש,TR,ממתק חמוץ תות,גרמים,20.00,100 גרם,false,1,0.90,4.50,true,1,
7296073459392,false,ממתק חמוץ קולה 20 גרם,טאייש,TR,ממתק חמוץ קולה,גרמים,20.00,100 גרם,false,1,0.90,4.50,true,1,
7296073459408,false,ממתק חמוץ תפוח 20 גרם,טאייש,TR,ממתק חמוץ תפוח,גרמים,20.00,100 גרם,false,1,0.90,4.50,true,1,
7296073484295,false,"אבקת סוכר ""יש"" 500 גרם",מיה,IL,א.סוכר 500 גרם,גרמים,500.00,100 גרם,false,1,5.90,1.18,true,1,
7296073484301,false,"שוקולד צ'יפס צימקאו""יש""",מיה,IL,ש.צ'יפס 500 גרם,גרמים,500.00,100 גרם,false,1,9.90,1.98,true,1,
7296073484318,false,"קוואקר עבה ""יש"" 700 גרם",מיה,IL,קוואקר עבה 700גר,גרמים,700.00,100 גרם,false,1,11.90,1.70,true,1,
7296073484875,false,"נייר אפיה ""יש"" 50 יחידות",טופ פלסט,IL,"נייר אפיה ""יש"" 5",יחידה,1.00,יחידה,false,1,6.90,6.90,true,1,
7296073485155,false,אבקת קארי בשקית 80 גרם,תבליני יונה,IL,אבקת קארי 80 גרם,גרמים,80.00,100 גרם,false,1,2.90,3.63,true,1,
7296073485162,false,גריל דג בשקית 80 גרם,תבליני יונה,IL,גריל דג 80 גרם,גרמים,80.00,100 גרם,false,1,2.90,3.63,true,1,
7296073485179,false,חוויג' למרק בשקית 80 גרם,תבליני יונה,IL,חוויג'  80 גרם,גרמים,80.00,100 גרם,false,1,2.90,3.63,true,1,
7296073485186,false,קינמון טחון בשקית 80 גרם,תבליני יונה,IL,קינמון בשקית 80ג,גרמים,80.00,100 גרם,false,1,2.90,3.63,true,1,
7296073485209,false,גריל עוף בשקית 80 גרם,תבליני יונה,IL,גריל עוף 80גרם,גרמים,80.00,100 גרם,false,1,2.90,3.63,true,1,
7296073485216,false,זנגוויל בשקית 80 גרם,תבליני יונה,IL,זנגוויל 80גרם,גרמים,80.00,100 גרם,false,1,3.90,4.88,true,1,
7296073485223,false,תיבול לפרגיות בשקית 80 ג,תבליני יונה,IL,תבלין לפרגיות,גרמים,80.00,100 גרם,false,1,2.90,3.63,true,1,
7296073485254,false,פלפל לבן בשקית 50 גרם,תבליני יונה,IL,פלפל לבן 50 גרם,גרמים,50.00,100 גרם,false,1,3.90,7.80,true,1,
7296073485261,false,פלפל שחור גרוס בשקית50ג,תבליני יונה,IL,פלפל שחור גרוס,גרמים,50.00,100 גרם,false,1,3.90,7.80,true,1,
7296073485278,false,פלפל שחור טחון בשקית50ג,תבליני יונה,IL,פלפל שחור טחון,גרמים,50.00,100 גרם,false,1,3.90,7.80,true,1,
7296073485285,false,פפריקה חריפה בשקית 80 גר,תבליני יונה,IL,פפריקה חריפה 80ג,גרמים,80.00,100 גרם,false,1,2.90,3.63,true,1,
7296073485292,false,פפריקה מתוקה בשקית 80 גר,תבליני יונה,IL,פפריקה מתוקה 80ג,גרמים,80.00,100 גרם,false,1,2.90,3.63,true,1,
7296073485308,false,שום גבישי בשקית 50 גרם,תבליני יונה,IL,שום גבישי 50 גרם,גרמים,50.00,100 גרם,false,1,2.90,5.80,true,1,
7296073485315,false,כמון טחון בשקית 80 גרם,תבליני יונה,IL,כמון בשקית,גרמים,80.00,100 גרם,false,1,2.90,3.63,true,1,
7296073485322,false,כורכום בשקית 80 גרם,תבליני יונה,IL,כורכום בשקית80גר,גרמים,80.00,100 גרם,false,1,2.90,3.63,true,1,
7296073485346,false,גריל דג במיכל 80 גרם,תבליני יונה,IL,גריל דג במיכל80ג,גרמים,80.00,100 גרם,false,1,4.90,6.13,true,1,
7296073485353,false,חוויג' תימני במיכל 80 גר,תבליני יונה,IL,חוויג' במיכל80ג,גרמים,80.00,100 גרם,false,1,4.90,6.13,true,1,
7296073485377,false,קינמון טחון במיכל 80 גרם,תבליני יונה,IL,קינמון טחון 80 ג,גרמים,80.00,100 גרם,false,1,4.90,6.13,true,1,
7296073485407,false,אבקת גריל עוף במיכל 80 ג,תבליני יונה,IL,א.גריל עוף במיכל,גרמים,80.00,100 גרם,false,1,4.90,6.13,true,1,
7296073485445,false,תבלין לסטייק במיכל 80 גר,תבליני יונה,IL,תבלין לסטיק 80גר,גרמים,80.00,100 גרם,false,1,4.90,6.13,true,1,
7296073485452,false,תבלין לפרגיות במיכל 80 ג,תבליני יונה,IL,תבלין לפרגיות,גרמים,80.00,100 גרם,false,1,4.90,6.13,true,1,
7296073485483,false,תבלין על האש במיכל 80 גר,תבליני יונה,IL,תבלין על האש,גרמים,80.00,100 גרם,false,1,4.90,6.13,true,1,
7296073485537,false,פפריקה חריפה במיכל 80 גר,תבליני יונה,IL,פפריקה חריפה 80ג,גרמים,80.00,100 גרם,false,1,4.90,6.13,true,1,
7296073485544,false,פפריקה מתוקה במיכל 80 גר,תבליני יונה,IL,פפריקה מתוקה 80ג,גרמים,80.00,100 גרם,false,1,4.90,6.13,true,1,
7296073485568,false,תבלין לשווארמה במיכל 80ג,תבליני יונה,IL,תבלין לשווארמה,גרמים,80.00,100 גרם,false,1,4.90,6.13,true,1,
7296073485599,false,כמון במיכל 80 גרם,תבליני יונה,IL,כמון במיכל80גרם,גרמים,80.00,100 גרם,false,1,4.90,6.13,true,1,
7296073485605,false,כורכום במיכל 80 גרם,תבליני יונה,IL,כורכוםבמיכל80גרם,גרמים,80.00,100 גרם,false,1,4.90,6.13,true,1,
7296073496397,false,"קרם קרקר ""יש"" 1 ק""ג",אפיפית,IL,"קרם קרקר 1 ק""ג",קילוגרמים,1.00,"ק""ג",false,1,16.90,16.90,true,1,
7296073496403,false,"קרקר שומשום ""יש"" 1 ק""ג",אפיפית,IL,"קרקר שומשום ""יש""",קילוגרמים,1.00,"ק""ג",false,1,16.90,16.90,true,1,
7296073496427,false,"בייגלה שומשום ""יש"" 300ג'",אפיפית,IL,בייגלה שמיניות,גרמים,300.00,100 גרם,false,1,3.90,1.30,true,1,
7296073496571,false,"ג'ל רחצה ""יש"" מועשר בשמן",טאהא קימיה,TR,"ג'ל רחצה ""יש""",מיליליטרים,700.00,"100 מ""ל",false,1,7.90,1.13,true,1,
7296073496588,false,"ג'ל רחצה ""יש"" אבוקדו",טאהא קימיה,TR,"ג'ל רחצה ""יש""",מיליליטרים,700.00,"100 מ""ל",false,1,7.90,1.13,true,1,
7296073496595,false,"ג'ל רחצה ""יש"" מקרמיה",מבשלות בירה ישראל,TR,"ג'ל רחצה ""יש""",מיליליטרים,700.00,"100 מ""ל",false,1,7.90,1.13,true,1,
7296073497066,false,פדים להסרת איפור 80*3 יח,IPAK,TR,פדים להסרת איפור,יחידה,1.00,יחידה,false,1,14.90,14.90,true,1,
7296073497073,false,"צמר גפן ""יש"" 100 גרם",IPAK,CN,צמר גפן,יחידה,1.00,יחידה,false,1,3.90,3.90,true,1,
7296073497080,false,מקלוני אוזניים לתינוק,קנגמין,CN,מקלוני אוזניים,יחידה,1.00,יחידה,false,1,4.90,4.90,true,1,
7296073497097,false,מקלוני צמר גפן עץ 200 יח,קנגמין,CN,מקלוני צמר גפן ע,יחידה,1.00,יחידה,false,1,2.90,2.90,true,1,
7296073497103,false,מקלוני צמר גפן 200 יח',קנגמין,CN,מקלוני אוזניים,יחידה,1.00,יחידה,false,1,3.90,3.90,true,1,
7296073497110,false,מקלוני צמר גפן עץ 100 יח,קנגמין,CN,מקלוני צמר גפן ע,יחידה,1.00,יחידה,false,1,1.00,1.00,true,1,
7296073516316,false,אננס חתוך בסירופ יש 565ג,FRUITCANNING KUIBURI,TH,אננס חתוך 565גרם,גרמים,565.00,100 גרם,false,1,5.90,1.04,true,1,
7296073516323,false,אננס פרוס בסירופ יש 565ג,FRUITCANNING KUIBURI,TH,אננס פרוס565גרם,גרמים,565.00,100 גרם,false,1,6.90,1.22,true,1,
7296073516330,false,קוקטיל פירות טרופי 565 ג,FRUITCANNING KUIBURI,TH,קוקטייל פירות,גרמים,565.00,100 גרם,false,1,7.90,1.40,true,1,
7296073526346,false,ביסקויט בצורת חיות 180 ג,אפיפית,IL,ביסקויט גן חיות,גרמים,180.00,100 גרם,false,1,2.90,1.61,true,1,
7296073526353,false,חטיפי קרקר מלח יש 180 גר,אפיפית,IL,חטיפי קרקר 180ג,גרמים,180.00,100 גרם,false,1,2.90,1.61,true,1,
7296073526360,false,חטיף קרקר שומשום יש 180ג,אפיפית,IL,חטיף קרקר 180גרם,גרמים,180.00,100 גרם,false,1,2.90,1.61,true,1,
7296073526506,false,"שמן קנולה ""יש"" 1 ליטר",ברוקלמן,DE,שמן קנולה 1 ליטר,ליטרים,1.00,ליטר,false,1,6.90,6.90,true,1,
7296073527657,false,בקר טחון קפוא 500 גרם,גלאט עוף,IL,בקר טחון 500 גרם,גרמים,500.00,100 גרם,false,1,44.90,8.98,true,1,
7296073528937,false,"כפפות ניטריל ""יש"" מידה M",,CN,"כפפות ח""פ 100יח",יחידה,1.00,יחידה,false,1,24.90,24.90,true,1,
7296073528944,false,"כפפות ניטריל ""יש"" מידה L",,CN,"כפפות ח""פ 100יח",יחידה,1.00,יחידה,false,1,24.90,24.90,true,1,
7296073528951,false,"כפפות ניטריל ""יש""מידה XL",,CN,"כפפות ח""פ",יחידה,1.00,יחידה,false,1,24.90,24.90,true,1,
7296073530329,false,גבינה צהובה 28% 500 גרם,SPOLDZIELNIA,PL,גבינה צהובה 500ג,גרמים,500.00,100 גרם,false,1,14.90,2.98,true,1,
7296073530961,false,פפריקה מתוקה בשמן צנצנת,תבליני יונה,IL,פפריקה מתוקה בשמ,גרמים,80.00,100 גרם,false,1,4.90,6.13,true,1,
7296073551737,false,"מזלג שקוף ""יש"" 50 יחידות",TRWP,TR,מזלג שקוף,יחידה,1.00,יחידה,false,1,7.90,7.90,true,1,
7296073551744,false,"מזלג קרם ""יש"" 50 יחידות",TRWP,TR,מזלג קרם,יחידה,1.00,יחידה,false,1,7.90,7.90,true,1,
7296073551751,false,"מזלג לבן ""יש"" 50 יחידות",TRWP,TR,מזלג לבן,יחידה,1.00,יחידה,false,1,7.90,7.90,true,1,
7296073551775,false,"מזלג זהב ""יש"" 50 יחידות",TRWP,TR,מזלג זהב,יחידה,1.00,יחידה,false,1,7.90,7.90,true,1,
7296073551782,false,"כף שקוף ""יש"" 50 יחידות",TRWP,TR,כף שקוף,יחידה,1.00,יחידה,false,1,7.90,7.90,true,1,
7296073551805,false,"כף לבן ""יש"" 50 יחידות",TRWP,TR,כף לבן,יחידה,1.00,יחידה,false,1,7.90,7.90,true,1,
7296073551812,false,"כף כסף ""יש"" 50 יחידות",TRWP,TR,כף כסף,יחידה,1.00,יחידה,false,1,7.90,7.90,true,1,
7296073551829,false,"כף זהב ""יש"" 50 יחידות",TRWP,TR,כף זהב,יחידה,1.00,יחידה,false,1,7.90,7.90,true,1,
7296073551836,false,"סכין שקוף ""יש"" 50 יחידות",TRWP,TR,סכין שקוף,יחידה,1.00,יחידה,false,1,7.90,7.90,true,1,
7296073551867,false,"סכין כסף ""יש"" 50 יחידות",TRWP,TR,סכין כסף,יחידה,1.00,יחידה,false,1,7.90,7.90,true,1,
7296073551874,false,"סכין זהב ""יש"" 50 יחידות",TRWP,TR,סכין זהב,יחידה,1.00,יחידה,false,1,7.90,7.90,true,1,
7296073551881,false,"כפית שקוף ""יש"" 50 יחידות",TRWP,TR,כפית שקוף,יחידה,1.00,יחידה,false,1,5.90,5.90,true,1,
7296073551898,false,"כפית קרם ""יש"" 50 יחידות",TRWP,TR,כפית קרם,יחידה,1.00,יחידה,false,1,5.90,5.90,true,1,
7296073551904,false,"כפית לבן ""יש"" 50 יחידות",TRWP,TR,כפית לבן,יחידה,1.00,יחידה,false,1,5.90,5.90,true,1,
7296073551928,false,"כפית זהב ""יש"" 50 יחידות",TRWP,TR,כפית זהב,יחידה,1.00,יחידה,false,1,5.90,5.90,true,1,
7296073552840,false,סוכריות חמוצות ממולאות,טאיאס ג'ידה,TR,סוכריות חמוצות,גרמים,200.00,100 גרם,false,1,4.90,2.45,true,1,
7296073552864,false,סוכריות חמוצות ממולאות,טאיאס ג'ידה,TR,סוכריות חמוצות,גרמים,200.00,100 גרם,false,1,4.90,2.45,true,1,
7296073553335,false,"קרקר מלח ""יש"" 110 גרם",אפיפית,IL,"קרקר מלח ""יש""",גרמים,110.00,100 גרם,false,1,2.90,2.64,true,1,
7296073553342,false,קרקר שומשום 110 גרם,אפיפית,IL,קרקר שומשום,גרמים,110.00,100 גרם,false,1,2.90,2.64,true,1,
7296073553359,false,"פתיבר ""יש"" 110 גרם",אפיפית,IL,פתיבר,גרמים,110.00,100 גרם,false,1,2.90,2.64,true,1,
7296073553366,false,"פתיבר שוקו ""יש"" 110 גרם",אפיפית,IL,פתיבר,גרמים,110.00,100 גרם,false,1,2.90,2.64,true,1,
7296073554271,false,"אבקת אפיה ""יש"" 10*10 גרם",מיה,IL,אבקת אפיה,גרמים,100.00,100 גרם,false,1,1.50,1.50,true,1,
7296073554288,false,"סוכר וניל ""יש"" 10*10גרם",מיה,IL,סוכר וניל10*10 ג,גרמים,100.00,100 גרם,false,1,1.50,1.50,true,1,
7296073564577,false,"ופלים ""יש"" טעם שוקולד 20",מנעמים,IL,"ופלים ""יש""",גרמים,200.00,100 גרם,false,1,2.90,1.45,true,1,
7296073564775,false,"וופלים ""יש"" טעם לימון",מנעמים,IL,"וופלים ""יש""",גרמים,200.00,100 גרם,false,1,2.90,1.45,true,1,
7296073564782,false,וופל במילוי קרם אגוזים,מנעמים,IL,וופלים 200 גרם,גרמים,200.00,100 גרם,false,1,2.90,1.45,true,1,
7296073580515,false,פלאנקן לחמין,גלאט עוף,IL,פלאנקן לחמין,קילוגרמים,0.00,"ק""ג",true,1,99.90,99.90,true,1,
7296102242711,false,יעה מפואר +מקל,אייפלסט,IL,יעה מפואר +מקל,יחידה,1.00,יחידה,false,1,14.90,14.90,true,1,
7296155150698,false,דלי פיה סופר,YIWU-KAI-WUN,CN,דלי פיה,יחידה,1.00,יחידה,false,1,12.90,12.90,true,1,
7296168001390,false,"אצטון 100 מ""ל",איתן ספקים       E,IL,אציטון,מיליליטרים,100.00,"100 מ""ל",false,0,4.90,4.90,true,1,
7296168018244,false,צמרוני אוזניים,,,צמרוני אוזניים,יחידה,1.00,יחידה,false,0,6.90,6.90,true,1,
7297292000310,false,סריגית (בדית) 18 יחידות,כ.כיפות שיווק וסחר,IL,סריגית (בדית),יחידה,1.00,יחידה,false,0,6.90,6.90,true,1,
7297395000026,false,בדית שלישייה,,IL,בדית שלישייה,יחידה,1.00,יחידה,false,0,14.20,14.20,true,1,
7297488099890,false,פרוסות קלאסי 9% 200 גרם,ויגרדן,IL,פרוסות קלאסי,גרמים,200.00,100 גרם,false,1,19.90,9.95,true,1,
7297488099906,false,פרוסות קלאסי 18% 200 גרם,ויגרדן,IL,פרוסות קלאסי,גרמים,200.00,100 גרם,false,1,19.90,9.95,true,1,
7297507980000,false,רפידות הנקה אוליטה 30 יח,"מיס שריתה בע""מ",TH,רפידות הנקה,יחידה,1.00,יחידה,false,1,14.90,14.90,true,1,
7297507980017,false,רפידות הנקה אוליטה 30 יח,"מיס שריתה בע""מ",TH,רפידות הנקה,יחידה,1.00,יחידה,false,1,9.90,9.90,true,1,
7297507980024,false,בדי בדיקה לבן 18 יחידות,"מיס שריתה בע""מ",TH,בדי בדיקה,יחידה,1.00,יחידה,false,1,8.90,8.90,true,1,
7297507980093,false,ליפה רחצה 1 יחידה,"מיס שריתה בע""מ",TH,ליפה רחצה,יחידה,1.00,יחידה,false,1,8.90,8.90,true,1,
7297507980161,false,סדין ניילון למיטת נוער,"מיס שריתה בע""מ",TH,סדין ניילון,יחידה,1.00,יחידה,false,1,17.90,17.90,true,1,
7297507980178,false,סדין ניילון למיטת נוער,"מיס שריתה בע""מ",TH,סדין ניילון,יחידה,1.00,יחידה,false,1,24.90,24.90,true,1,
7297507980284,false,נשכן קירור 1 יחידה,"מיס שריתה בע""מ",TH,נשכן קירור,יחידה,1.00,יחידה,false,1,6.90,6.90,true,1,
7297507980291,false,"משחת נעליים שחור 60 מ""ל","מיס שריתה בע""מ",TH,משחת נעליים,מיליליטרים,60.00,"100 מ""ל",false,1,3.90,6.50,true,1,
7297507980314,false,"נוזל נעליים שחור 80 מ""ל","מיס שריתה בע""מ",TH,נוזל נעליים,יחידה,1.00,יחידה,false,1,3.90,3.90,true,1,
7297507980376,false,מבריק נעליים דו צדדי 1 י,"מיס שריתה בע""מ",TH,מבריק נעליים,יחידה,1.00,יחידה,false,1,5.90,5.90,true,1,
7297507980390,false,בקבוק שתיה לתינוק+ידית 3,"מיס שריתה בע""מ",TH,בקבוק לתינוק,יחידה,1.00,יחידה,false,1,15.90,15.90,true,1,
7297507980406,false,"בקבוק שתיה לתינוק 250 מ""","מיס שריתה בע""מ",TH,בקבוק לתינוק,מיליליטרים,250.00,"100 מ""ל",false,1,6.90,2.76,true,1,
7297507980420,false,מסרק לסילוק כינים,"מיס שריתה בע""מ",TH,מסרק לכינים,יחידה,1.00,יחידה,false,1,11.90,11.90,true,1,
7297507980611,false,מוצץ אורטודנטי אופל M 2י,"מיס שריתה בע""מ",TH,מוצץ אוטודנטי,יחידה,1.00,יחידה,false,1,14.90,14.90,true,1,
7297507980680,false,סכיני גילוח אלוורה 5 יחי,.,IL,סכיני גילוח,יחידה,1.00,יחידה,false,1,4.50,4.50,true,1,
7297507980697,false,קיסמי שיניים דנטליים 1 י,"מיס שריתה בע""מ",TH,קיסמי שיניים,יחידה,1.00,יחידה,false,1,8.90,8.90,true,1,
7297507980703,false,"כוס אימון עם ידית ""ולס""","מיס שריתה בע""מ",TH,כוס אימון,יחידה,1.00,יחידה,false,1,17.90,17.90,true,1,
7297507980765,false,פטמה צרה לבקבוק 3 יחידות,"מיס שריתה בע""מ",TH,פטמה צרה,יחידה,1.00,יחידה,false,1,4.90,4.90,true,1,
7297507980772,false,פטמה צרה חור עיגול 3 יחי,"מיס שריתה בע""מ",TH,פטמה צרה,יחידה,1.00,יחידה,false,1,4.90,4.90,true,1,
7297507980796,false,מברשת לניקוי בקבוק,"מיס שריתה בע""מ",TH,מברשת ניקוי,יחידה,1.00,יחידה,false,1,4.90,4.90,true,1,
7297507980802,false,מברשת ניקוי בקבוק ופטמות,"מיס שריתה בע""מ",TH,מברשת ניקוי בקבו,יחידה,1.00,יחידה,false,1,12.90,12.90,true,1,
7297507980840,false,מחזיק מוצץ קליפס 1 יחידה,"מיס שריתה בע""מ",TH,מחזיק מוצץ,יחידה,1.00,יחידה,false,1,19.90,19.90,true,1,
7297507980857,false,"מתז לניקוי התינוק 150 מ""","מיס שריתה בע""מ",TH,מתז לניקוי תינוק,מיליליטרים,150.00,"100 מ""ל",false,1,11.90,7.93,true,1,
7297507980864,false,מוצץ עגול פנינה S 2 יח',"מיס שריתה בע""מ",TH,מוצץ עגול,יחידה,1.00,יחידה,false,1,19.90,19.90,true,1,
7297507980871,false,מוצץ עגול פנינה M 2 יח',"מיס שריתה בע""מ",TH,מוצץ עגול,יחידה,1.00,יחידה,false,1,19.90,19.90,true,1,
7297507980918,false,קוצץ צפורניים+מחסנית,"מיס שריתה בע""מ",TH,קוצץ צפורניים,יחידה,1.00,יחידה,false,1,6.90,6.90,true,1,
7297507980949,false,מוצץ סימטרי ברקת S 2 יחי,"מיס שריתה בע""מ",TH,מוצץ סימטרי,יחידה,1.00,יחידה,false,1,20.90,20.90,true,1,
7297507980963,false,מוצץ סימטרי ברקת L 2 יחי,"מיס שריתה בע""מ",TH,מוצץ,יחידה,1.00,יחידה,false,1,20.90,20.90,true,1,
7297507981038,false,אלכוהול 70% אוליטה 100 מ,"מיס שריתה בע""מ",TH,אלכוהול,מיליליטרים,100.00,"100 מ""ל",false,1,5.50,5.50,true,1,
7297507981045,false,"אציטון אוליטה 100 מ""ל","מיס שריתה בע""מ",TH,אציטון,מיליליטרים,100.00,"100 מ""ל",false,1,2.90,2.90,true,1,
7297507981052,false,תופסנים לעגלה אוליטה 2יח,"מיס שריתה בע""מ",TH,תופסנים לעגלה,יחידה,1.00,יחידה,false,1,34.90,34.90,true,1,
7297507981229,false,מוצץ אורטודנטי טופז L 1,"מיס שריתה בע""מ",TH,מוצץ אורטודנטי,יחידה,1.00,יחידה,false,1,6.90,6.90,true,1,
7297507981243,false,מחזיק מוצץ קליפס+חוט יחי,,CN,מחזיק מוצץ,יחידה,1.00,יחידה,false,1,36.90,36.90,true,1,
7297507981267,false,מדחום אקולוגי גאליום,"מיס שריתה בע""מ",CN,מדחום אקולוגי,יחידה,1.00,יחידה,false,1,19.90,19.90,true,1,
7297507981281,false,מחזיק מוצץ וו תפיסה,,CN,מחזיק מוצץ,יחידה,1.00,יחידה,false,1,19.90,19.90,true,1,
7297507981342,false,מוצץ אורטודנטי קרט S 4יח,"מיס שריתה בע""מ",TH,מוצץ אורטודנטי,יחידה,1.00,יחידה,false,1,20.90,20.90,true,1,
7297507981397,false,רפידות הנקה 60 יח,,CN,רפידות הנקה 60יח,יחידה,1.00,יחידה,false,1,18.90,18.90,true,1,
7297507981427,false,קיסמי שיניים עם חוט דנטל,,CN,קיסמי שיניים,יחידה,1.00,יחידה,false,1,9.90,9.90,true,1,
7297507981458,false,"בקבוק שתיה לתינוק 250מ""ל",,TH,בקבוק לתינוק250מ,מיליליטרים,250.00,"100 מ""ל",false,1,13.90,5.56,true,1,
7297507981472,false,מלבין טליתות ובגדי צמר 3,,BE,מלבין טליתות,יחידה,1.00,יחידה,false,1,34.90,34.90,true,1,
7297507981496,false,סכיני גילוח 3יח,.,CN,סכיני גילוח 3יח,יחידה,1.00,יחידה,false,1,14.90,14.90,true,1,
7297507981564,false,"בקבוק רחב לתינוק 250 מ""ל",מיס שריתה,TH,בקבוק לתינוק,מיליליטרים,250.00,"100 מ""ל",false,1,19.90,7.96,true,1,
7297507981656,false,"שמן לתינוק אוליטה 400 מ""","מיס שריתה בע""מ",IL,שמן לתינוק,מיליליטרים,400.00,"100 מ""ל",false,1,15.90,3.98,true,1,
7297507981748,false,מברשת שיער איכותית,"מיס שריתה בע""מ",IL,מברשת שיער,יחידה,1.00,יחידה,false,1,11.90,11.90,true,1,
7312040017683,false,וודקה אבסולוט,,SE,וודקה אבסולוט,מיליליטרים,700.00,"100 מ""ל",false,0,69.90,9.99,true,1,
7380580005255,false,אביזרים לבית,,IL,אביזרים לבית,יחידה,1.00,יחידה,false,0,7.90,7.90,true,1,
7480588956563,false,אביזרים לבית,,IL,אביזרים לבית,יחידה,1.00,יחידה,false,0,9.90,9.90,true,1,
7501064191398,false,"בירה קורונה 6 * 355 מ""ל",סרבסריה מודלו,MX,בירה קורונה 6 יח,ליטרים,2.13,ליטר,false,1,39.90,18.73,true,1,
7509546057545,false,ליידי ספיד פרו 5 סטיק45ג,קולגייט פלמוליב,US,ליידי ספיד סטיק,גרמים,45.00,100 גרם,false,1,19.90,44.22,true,1,
7509546666846,false,משחת שיניים טוטאל פחם75מ,---,MX,טוטאל פחם,מיליליטרים,75.00,"100 מ""ל",false,1,21.90,29.20,true,1,
7509546678702,false,מש.קולגייט טוטל טרטר100מ,---,PL,משחת קולגייט,מיליליטרים,100.00,"100 מ""ל",false,1,16.90,16.90,true,1,
7610008056874,false,חטיף שוקולד במילוי 100 ג,,CH,חטיף שוקולד,גרמים,100.00,100 גרם,false,1,15.90,15.90,true,1,
7610100034084,false,מיונז טומי 265 גרם,טומי,CH,מיונז טומי,גרמים,265.00,100 גרם,false,1,12.90,4.87,true,1,
7610928010048,false,"הגרטי לכלי כסף 100 מ""ל",דיוורסי,CH,הגרטי לכלי כסף,מיליליטרים,100.00,"100 מ""ל",false,0,32.90,32.90,true,1,
7622010001858,false,עוג.אוראו קרם וניל 176ג,פי אר ג'\יי אס אי מנדלז,UA,עוגיות אוראו,גרמים,176.00,100 גרם,false,1,8.90,5.06,true,1,
7622201808631,false,עוגיות מיני אוראו וניל67,מונדלייז,ID,עוגיות אוראו מינ,גרמים,67.00,100 גרם,false,1,7.90,11.79,true,1,
7622300315283,false,עוגיות אוראו וניל 154גרם,מונדלייז,CZ,עוגיות אוראו,גרמים,154.00,100 גרם,false,1,6.90,4.48,true,1,
7622300761363,false,עוג.מיני אוראו ט.שוקו67ג,---,ID,עוגיות מיני אורא,גרמים,67.00,100 גרם,false,0,7.90,11.79,true,1,
7638900431803,false,סוללות אנרג'ייזר 12יחAAA,---,CN,סוללות12יחAAA,יחידה,1.00,יחידה,false,1,26.90,26.90,true,1,
7690589856667,false,אביזרים לבית,,IL,אביזרים לבית,יחידה,1.00,יחידה,false,0,12.90,12.90,true,1,
7702018978106,false,"דאו.קליר ג'ל A.L 70 מ""ל",פרוקטר אנד גמבל,PL,דאו.קליר ג'ל,מיליליטרים,70.00,"100 מ""ל",false,0,16.90,24.14,true,1,
7790040420076,false,עוגיות סנדוויץ בונבון117,ארקור,AR,אלפחורס עוגיות ב,גרמים,117.00,100 גרם,false,1,9.90,8.46,true,1,
7790040423022,false,אלפא חורס בון בון 19.5 ג,ארקור,AR,אלפא חורס,גרמים,19.00,100 גרם,false,1,2.90,15.26,true,1,
7790580315986,false,סוכריות ממולאות,,AR,סוכריות ממולאות,גרמים,470.00,100 גרם,false,0,16.90,3.60,true,1,
7891024027998,false,מי פה קולגייט טוטל 500מ,קולגייט- פלמוליב,PL,מי פה קולגייט,מיליליטרים,500.00,"100 מ""ל",false,1,22.90,4.58,true,1,
7891024124826,false,קולגייט אופטיק וייט 75מל,קולגייט פלמוליב,BR,משחת קולגייט,מיליליטרים,75.00,"100 מ""ל",false,0,19.90,26.53,true,1,
7900250001006,false,אביזרים לבית,,IL,אביזרים לבית,יחידה,1.00,יחידה,false,0,15.90,15.90,true,1,
7900250001013,false,אביזרים לבית,,IL,אביזרים לבית,יחידה,1.00,יחידה,false,0,19.90,19.90,true,1,
8000380192243,false,וופל אגוז לוזי מקסי200גר,א. לואקר,AT,וופל אגוז לואקר,גרמים,200.00,100 גרם,false,1,14.90,7.45,true,1,
8000380192250,false,וופל  שוקולד מקסי 200גרם,א. לואקר,AT,וופל שוקולד,גרמים,200.00,100 גרם,false,1,14.90,7.45,true,1,
8000380198221,false,וופל דאבל שוקולד מקסי200,א. לואקר,AT,וופל דאבל שוקולד,גרמים,200.00,100 גרם,false,1,14.90,7.45,true,1,
8001090016003,false,פיירי טבליות הכל ב1 84יח,פרוקטר אנד גמבל,BE,פיירי טבליות,יחידה,1.00,יחידה,false,1,59.90,59.90,true,1,
8001090156839,false,86פמפרס בייבי דריי 4 ענק,---,TR,פמפרס אריזת ענק,יחידה,1.00,יחידה,false,1,69.90,69.90,true,1,
8001090184412,false,פיירי לכלים לימון 900 מל,פרוקטר אנד גמבל,GB,פיירי לכלים,מיליליטרים,900.00,"100 מ""ל",false,1,12.90,1.43,true,1,
8001090268679,false,100פמפרס ב.דריי 3 א.ענק,---,TR,פמפרס אריזת ענק,יחידה,1.00,יחידה,false,1,69.90,69.90,true,1,
8001090368553,false,פמפרס ב. דריי 6 א.ענק,---,TR,פמפרס אריזת ענק,יחידה,1.00,יחידה,false,1,69.90,69.90,true,1,
8001090458353,false,פיירי אנטי בקטריאלי 515,פרוקטר אנד גמבל,GB,פיירי א.בקטריאלי,מיליליטרים,515.00,"100 מ""ל",false,1,10.90,2.12,true,1,
8001090832450,false,"שמפו פנטן קלאסי 660 מ""ל",פרוקטר & גמבל,RO,שמפו פנטן,מיליליטרים,660.00,"100 מ""ל",false,1,19.90,3.02,true,1,
8001090832573,false,שמפו פנטן לחות מוגברת660,פרוקטר אנד גמבל,RO,שמפו פנטן,מיליליטרים,660.00,"100 מ""ל",false,1,19.90,3.02,true,1,
8001090832610,false,"שמפו פנטן מגע משי 660מ""ל",פרוקטר אנד גמבל,RO,שמפו פנטן,מיליליטרים,660.00,"100 מ""ל",false,1,19.90,3.02,true,1,
8001090832818,false,"מרכך פנטן קלאסי 660 מ""ל",פרוקטר אנד גמבל,RO,מרכך פנטן,מיליליטרים,660.00,"100 מ""ל",false,1,19.90,3.02,true,1,
8001090832931,false,"מרכך פנטן מגע משי660 מ""ל",פרוקטר אנד גמבל,RO,מרכך פנטן,מיליליטרים,660.00,"100 מ""ל",false,1,19.90,3.02,true,1,
8001090833280,false,אריאל ג'ל כביסה5.005לי,פרוקטור אנד גמבל,FR,אריאל ג'ל כביסה,ליטרים,5.00,ליטר,false,1,49.90,9.98,true,1,
8001090992338,false,פיירי פלטינום פלוס 50 טב,פרוקטר אנד גמבל,BE,פיירי טב' למדיח,יחידה,1.00,יחידה,false,1,59.90,59.90,true,1,
8001841053684,false,12תחב.אולוויז עבה לונג+,פרוקטר אנד גמבל )ראה קוד,UA,תחבושות אולוויז,יחידה,1.00,יחידה,false,1,12.90,12.90,true,1,
8001841053806,false,9תחבוש.אולוויז עבות לילה,פרוקטר אנד גמבל,DE,תחבושות אולוויז,יחידה,1.00,יחידה,false,1,12.90,12.90,true,1,
8001841062624,false,מגבוני פמפרס סנסיטיב52*4,פרוקטר אנד גמבל,DE,מגבוני פמפרס 4יח,יחידה,1.00,יחידה,false,1,19.90,19.90,true,1,
8001841077949,false,מגבוני פמפרס פרש 52*4 יח,פרוקטר אנד גמבל,DE,מגבוני פמפרס 4יח,יחידה,1.00,יחידה,false,1,19.90,19.90,true,1,
8001841400662,false,טייד א. כביסה קולור 10קג,פרוקטור אנד גמבל,TR,טייד אבקת כביסה,קילוגרמים,10.00,"ק""ג",false,1,54.90,5.49,true,1,
8001841625461,false,פיירי פלטינום 515מל,פרוקטר אנד גמבל,GB,פיירי נוזל כלים,מיליליטרים,515.00,"100 מ""ל",false,1,10.90,2.12,true,1,
8001841669519,false,אריאל קפסולות ג'ל 55יח,פרוקטר אנד גמבל,FR,קפסולות לכביסה,יחידה,1.00,יחידה,false,1,57.90,57.90,true,1,
8001841980560,false,"טייד אבקת כביסה 10 ק""ג",---,TR,"א.כ טייד 10ק""ג",קילוגרמים,10.00,"ק""ג",false,1,54.90,5.49,true,1,
8005200256587,false,נסטי בטעם אפרסק 1.5 ליטר,מפעל סאנפלגרינו S.P.A,IT,נסטי בטעם אפר,ליטרים,1.50,ליטר,false,0,8.90,5.93,true,1,
8005200286584,false,נסטי מנגו אננס 1.5 ליטר,מפעל סאנפלגרינו S.P.A,IT,נסטי מנגו אננ,ליטרים,1.50,ליטר,false,0,8.90,5.93,true,1,
8008857300238,false,פסטה גליל 23רג'יה 500 גר,פאסטופיציו אנטוניו,IT,פסטה גליל,גרמים,500.00,100 גרם,false,1,4.90,0.98,true,1,
8008857300603,false,פסטה קונכיה 60 רג'יה500ג,פאסטופיציו אנטוניו,IT,פסטה קונכיה,גרמים,500.00,100 גרם,false,1,4.90,0.98,true,1,
8008857300634,false,פסטה תלתל 63 רג'יה 500 ג,פאסטופיציו אנטוניו,IT,פסטה תלתל,גרמים,500.00,100 גרם,false,1,4.90,0.98,true,1,
8076800195019,false,ספגטי מס' 1 קפליני500גרם,ברילה גי.אי.אר פרטלי ס.פ,IT,ספגטי ברילה,גרמים,500.00,100 גרם,false,0,7.90,1.58,true,1,
8076800195132,false,אטריות בבטה מס13' 500גרם,ברילה גי.אי.אר פרטלי ס.פ,IT,אטריות בבטה,גרמים,500.00,100 גרם,false,0,7.90,1.58,true,1,
8076800315097,false,ספגטי בוקטיני מס9' 500גר,ברילה גי.אי.אר פרטלי ס.פ,IT,ספגטי בוקטיני,גרמים,500.00,100 גרם,false,0,7.90,1.58,true,1,
8076802085936,false,קונצ'יליה ריגטי 500 גרם,ברילה גי.אי.אר פרטלי ס.פ,IT,קונצ'יליה,גרמים,500.00,100 גרם,false,0,7.90,1.58,true,1,
8076808050440,false,פסטה מקרוני מס44' 500 גר,ברילה,IT,מקרוני ברילה,גרמים,500.00,100 גרם,false,0,7.90,1.58,true,1,
8076808060654,false,פסטה פרפלה מס65' 500 גרם,ברילה גי.אי.אר פרטלי ס.פ,IT,פסטה פרפלה ברילה,גרמים,500.00,100 גרם,false,0,7.90,1.58,true,1,
8076808150072,false,ספגטי מס' 7 500 גרם,ברילה גי.אי.אר פרטלי ס.פ,IT,ספגטי ברילה,גרמים,500.00,100 גרם,false,0,7.90,1.58,true,1,
8076809512268,false,פסטה גירנדולה מס34' 500ג,ברילה גי.אי.אר פרטלי ס.פ,IT,פסטה גירנדולה,גרמים,500.00,100 גרם,false,0,7.90,1.58,true,1,
8076809513395,false,רוטב פומודורו ברילה 400ג,ברילה גי.אי.אר פרטלי ס.פ,IT,רוטב עגבניות,גרמים,400.00,100 גרם,false,0,13.90,3.48,true,1,
8410076600622,false,קראנץ שבבי שוקולד 210ג,ג'נרל מילס סאן אדריאן,ES,נייצר וואלי שוקו,גרמים,210.00,100 גרם,false,0,14.90,7.10,true,1,
8410104039134,false,"פיניש לניקוי מדיח 250מ""ל",רקיט בנקיזר,PL,פיניש ניקוי מדיח,מיליליטרים,250.00,"100 מ""ל",false,0,16.90,6.76,true,1,
8410104045111,false,"פיניש מלח למדיח 2 ק""ג",רקיט בנקיזר,IL,מלח למדיח,קילוגרמים,2.00,"ק""ג",false,0,12.90,6.45,true,1,
8420822130624,false,"7-KH מסיר כתמים 750 מ""ל",---,ES,מסיר כתמים,מיליליטרים,750.00,"100 מ""ל",false,1,17.90,2.39,true,1,
8436575292205,false,מאגדת חמשושים 180 גרם,גלידות נסטלה )נגה גלידות,IL,מאגדת חמשושים,גרמים,180.00,100 גרם,false,1,19.90,11.06,true,1,
8683130025581,false,"מרכך בדין ענבר 960 מ""ל",יבוא ושיווק: יוניליוור י,TR,מרכך בדין אקסטרה,מיליליטרים,960.00,"100 מ""ל",false,1,19.90,2.07,true,1,
8690637505614,false,מרכך בדין קוקוס960,יוניליוור סנאיי וי טיקאר,TR,מרכך כביסה בדין,מיליליטרים,960.00,"100 מ""ל",false,1,19.90,2.07,true,1,
8690637555084,false,בדין אקסטרא פריחת התפוז,יוניליוור סנאיי וי טיקאר,TR,מרכך בדין אקסטרא,מיליליטרים,960.00,"100 מ""ל",false,0,19.90,2.07,true,1,
8690637704277,false,דאב שמפו  יומי 2ב1- 600מ,יוניליוור,TR,שמפו דאב,מיליליטרים,600.00,"100 מ""ל",false,0,19.90,3.32,true,1,
8690637704291,false,"דאב שמפו משקם 600 מ""ל",יוניליוור,TR,דאב שמפו משקם,מיליליטרים,600.00,"100 מ""ל",false,0,19.90,3.32,true,1,
8690637704413,false,"דאב מרכך משקם 600 מ""ל",יוניליוור,TR,דאב מרכך משקם,מיליליטרים,600.00,"100 מ""ל",false,0,19.90,3.32,true,1,
8690637704437,false,דאב שמפו שמני הזנה 600 מ,יוניליוור סנאיי וי טיקאר,TR,שמפו דאב,מיליליטרים,600.00,"100 מ""ל",false,0,19.90,3.32,true,1,
8690637704451,false,דאב מרכך שמני הזנה 600 מ,יוניליוור,TR,דאב מרכך,מיליליטרים,600.00,"100 מ""ל",false,0,19.90,3.32,true,1,
8690637871061,false,שמפו דאב שמן אבוקדו 600מ,יוניליוור,TR,שמפו דאב,מיליליטרים,600.00,"100 מ""ל",false,1,19.90,3.32,true,1,
8690637946301,false,בדין אקסטרא בייבי 960 מל,יוניליוור סנאיי וי טיקאר,TR,בדין מרכך בייבי,מיליליטרים,960.00,"100 מ""ל",false,1,19.90,2.07,true,1,
8690637946318,false,בדין אקסטרא בייבי טלק960,יוניליוור סנאיי וי טיקאר,TR,מרכך בדין בייבי,מיליליטרים,960.00,"100 מ""ל",false,1,19.90,2.07,true,1,
8690637971310,false,בדין מרכך יערת הדבש960מל,יוניליוור סנאיי וי טיקאר,TR,בדין מרכך אקסטרה,מיליליטרים,960.00,"100 מ""ל",false,1,19.90,2.07,true,1,
8690637976995,false,בדין ורוד סחלבים960מל,יוניליוור סנאיי וי טיקאר,TR,בדין אקסטרה ורוד,מיליליטרים,960.00,"100 מ""ל",false,1,19.90,2.07,true,1,
8690784516778,false,דאק ג'ל אקונומיקה ים750מ,---,NL,ג'ל מקציף דאק,מיליליטרים,750.00,"100 מ""ל",false,1,12.90,1.72,true,1,
8690784614665,false,דאק סבון לאסלה ניחוח ים,"פול הון ,(#POL-hUN) קולו",PL,דאק סבון אסלה,יחידה,1.00,יחידה,false,1,9.90,9.90,true,1,
8690784614771,false,דאק סבון לאסלה רענן,"פול הון ,(#POL-hUN) קולו",PL,דאק סבון אסלה,יחידה,1.00,יחידה,false,1,9.90,9.90,true,1,
8690784616775,false,דאק סבון אסלה אקווה בלו,---,RS,דאק סבון אסלה,גרמים,80.00,100 גרם,false,1,9.90,12.38,true,1,
8690784711777,false,דאק סבון לאסלה אקונומיקה,"פול הון ,(#POL-hUN) קולו",PL,דאק סבון אסלה,יחידה,1.00,יחידה,false,1,9.90,9.90,true,1,
8693495041461,false,2מברשות סלים סופט פחם,קולגייט פלמוליב,CN,זוג מברשות,יחידה,1.00,יחידה,false,0,29.90,29.90,true,1,
8693495051002,false,מברשת קולגייט מיניונים+6,קולגייט פלמוליב,CN,מברשת קולגייט,יחידה,1.00,יחידה,false,1,11.90,11.90,true,1,
8693495053693,false,מברשות 360 קולגייט 4 יח,---,CN,מברשות 360 4 יח,יחידה,1.00,יחידה,false,1,34.90,34.90,true,1,
8697409840454,false,מברשת מגהץ איטלקית,,IL,מברשת מגהץ,יחידה,1.00,יחידה,false,1,7.90,7.90,true,1,
8697409840577,false,מטאטא שרובר צבעוני,קוצ'ינה,CN,שרובר צבעוני,יחידה,1.00,יחידה,false,0,13.90,13.90,true,1,
8697409841864,false,מטאטא ברייט פלור+מקל,קוצ'ינה,CN,מטאטא ברייט פלור,יחידה,1.00,יחידה,false,1,19.90,19.90,true,1,
8697425880090,false,מגב חלון פלורה,,IL,מגב חלון פלורה,יחידה,1.00,יחידה,false,0,6.90,6.90,true,1,
8697425880502,false,מגב רצפה איכותי+מקל,,TR,מגב+מקל,יחידה,1.00,יחידה,false,1,15.90,15.90,true,1,
8697425881158,false,יעה+גומי איטליה איכותי,קוצ'ינה,CN,יעה +גומי,יחידה,1.00,יחידה,false,1,5.90,5.90,true,1,
8710428005762,false,סימילאק צמחי שלב2 400 גר,ABBOT,NL,סימילאק  צמחי,גרמים,400.00,100 גרם,false,0,49.90,12.48,true,1,
8710502194825,false,עוג.שוקוציפס מהדרין 150ג,מרבה,NL,עוגיות שוקוצ'יפס,גרמים,150.00,100 גרם,false,1,6.90,4.60,true,1,
8710800961310,false,מנטוס טעם תות 4יח37.5X'ג,פרפטי ואן מלה,NL,מנטוס תות 4 יח,גרמים,150.00,100 גרם,false,0,10.90,7.27,true,1,
8710847973970,false,תחליב רחצה דאב אלוורה750,יוניליוור,DE,תחליב רחצה דאב,מיליליטרים,750.00,"100 מ""ל",false,1,19.90,2.65,true,1,
8710908404184,false,דאו.דאב 0% אלומיניום150מ,יוניליוור,IT,דאודורנט דאב,מיליליטרים,150.00,"100 מ""ל",false,1,16.90,11.27,true,1,
8712561594608,false,תח.רחצה להזנה עמוקה 750מ,"יוניליוור גרמניה, Gmbh &",DE,תחליב רחצה דאב,מיליליטרים,750.00,"100 מ""ל",false,1,19.90,2.65,true,1,
8712561611411,false,תח.רחצה דאב תה ירוק 750מ,"יוניליוור גרמניה, Gmbh &",DE,תחליב רחצה דאב,מיליליטרים,750.00,"100 מ""ל",false,1,19.90,2.65,true,1,
8712561626286,false,תחליב רחצה דאב זוהר 750מ,יוניליוור,DE,תחליב רחצה דאב,מיליליטרים,750.00,"100 מ""ל",false,1,19.90,2.65,true,1,
8714789177229,false,4 מב.קולגייט אקסטרה קלין,קולגייט פלמוליב,CN,4 מברשות שיניים,יחידה,1.00,יחידה,false,0,11.90,11.90,true,1,
8714789402918,false,אג'קס חג.פרחים אדום 1.5ל,קולגייט פלמוליב,GR,אג'קס לניקוי,ליטרים,1.50,ליטר,false,0,17.90,11.93,true,1,
8714789402932,false,אג'קס חגיגת פרחי.ורוד1.5,קולגייט פלמוליב,GR,אג'קס לניקוי,ליטרים,1.50,ליטר,false,0,17.90,11.93,true,1,
8714789450315,false,פלמוליב לכלים לימון1.5ל',קולגייט פלמוליב,GR,פלמוליב לכלים,ליטרים,1.50,ליטר,false,0,14.90,9.93,true,1,
8714789529561,false,קולגייט פרו ריליף+הלבנ75,קולגייט פלמוליב,BR,משחת קולגייט,מיליליטרים,75.00,"100 מ""ל",false,0,24.90,33.20,true,1,
8714789582764,false,מרסס לניקוי חלונות 750 מ,"ש. שסטוביץ בע""\מ",GR,מרסס לחלונות,מיליליטרים,750.00,"100 מ""ל",false,0,15.90,2.12,true,1,
8714789834467,false,פלמוליב נוזל לכלים 1.5ל',קולגייט פלמוליב,GR,פלמוליב לכלים,ליטרים,1.50,ליטר,false,0,14.90,9.93,true,1,
8714789930848,false,משחת אופטיק וייט אינסט75,קולגייט פלמוליב,PL,משחת קולגייט,מיליליטרים,75.00,"100 מ""ל",false,0,19.90,26.53,true,1,
8717163647226,false,דאו ספריי גוף בלאק 150 מ,יוניליוור אנגליה,TR,אקס ספריי,מיליליטרים,150.00,"100 מ""ל",false,1,12.90,8.60,true,1,
8717163647240,false,דאו ספריי גוף שוקולד150מ,יוניליוור אנגליה,TR,אקס ספריי,מיליליטרים,150.00,"100 מ""ל",false,1,12.90,8.60,true,1,
8717163655764,false,דאו.רקסונה שאוור פרש 150,"קוסטר אירוסול, גבזה 4140",TR,דאודורנט רקסונה,מיליליטרים,150.00,"100 מ""ל",false,1,15.90,10.60,true,1,
8717163714850,false,דאו.דאב ספריי קוקוס 150מ,"קוסטר אירוסול, גבזה 4140",TR,דאודורנט דאב,מיליליטרים,150.00,"100 מ""ל",false,1,16.90,11.27,true,1,
8717163891735,false,דאו ספריי  וורקאאוט 150מ,"יוניליוור אנגליה, דרך קו",GB,דאודורנט רקסונה,מיליליטרים,150.00,"100 מ""ל",false,1,15.90,10.60,true,1,
8718951166561,false,קולגייט מקס פרש כחול125מ,קולגייט פלמוליב,PL,משחת קולגייט מקס,מיליליטרים,125.00,"100 מ""ל",false,1,16.90,13.52,true,1,
8718951187115,false,2מב.שיניים אלמקס לילד3-6,אלמקס,CN,מברשות אלמקס 2יח,יחידה,1.00,יחידה,false,1,19.90,19.90,true,1,
8718951236790,false,קולגייט טוטל קלין 100 מל,קולגייט פלמוליב,PL,קולגייט טוטל,מיליליטרים,100.00,"100 מ""ל",false,1,16.90,16.90,true,1,
8718951236806,false,קולגייט טוטל להלבנה 100מ,---,PL,קולגייט טוטל,מיליליטרים,100.00,"100 מ""ל",false,1,16.90,16.90,true,1,
8718951240742,false,קולגייט טוטל פסים 100 מל,קולגייט פלמוליב,PL,קולגייט טוטל,מיליליטרים,100.00,"100 מ""ל",false,1,16.90,16.90,true,1,
8718951264618,false,"אופטיק וייט פחם 75 מ""ל",קולגייט פלמוליב,PL,משחת קולגייט,מיליליטרים,75.00,"100 מ""ל",false,1,22.90,30.54,true,1,
8718951315303,false,משחת קולגייט אדום 100*2מ,---,PL,משחת קולגייט 2יח,מיליליטרים,200.00,"100 מ""ל",false,1,18.90,9.45,true,1,
8718951338128,false,ליידי ספ.רול און שאוור50,קולגייט פלמוליב,IT,דאודורנט רול און,מיליליטרים,50.00,"100 מ""ל",false,1,14.90,29.80,true,1,
8718951370135,false,סבון פלמוליב סנסיישן750מ,קולגייט פלמוליב,TR,סבון פלמוליב,מיליליטרים,750.00,"100 מ""ל",false,1,14.90,1.99,true,1,
8718951385290,false,אג'קס 7פעולות 2ליטר,קולגייט פלמוליב,GR,אג'קס ניקוי כללי,ליטרים,2.00,ליטר,false,1,21.90,10.95,true,1,
8718951409798,false,2 מברשת שיניים וייט פחם,"ש. שסטוביץ בע""\מ",CN,מברשת שיניים פחם,יחידה,1.00,יחידה,false,1,26.90,26.90,true,1,
8718951428492,false,"סב.רחצה לגבר 4ב1 750 מ""ל",---,TR,סבון רחצה לגבר,מיליליטרים,750.00,"100 מ""ל",false,1,14.90,1.99,true,1,
8718951477384,false,מש.קולגייט טוטאל ג'ל75מל,---,PL,משחת טוטאל ג'ל,מיליליטרים,75.00,"100 מ""ל",false,1,21.90,29.20,true,1,
8719200998001,false,"מרגרינה בלובנד ללת""מ200ג",יוניליוור ישראל מזון בע\,IL,מרגרינה בלובנד,גרמים,200.00,100 גרם,false,1,4.30,2.15,true,1,
8719200998018,false,מרגרינה בטעם חמאה200גרם,"מיוצר ע""\י יוניליוור ישר",IL,מחמאה מרגרינה,גרמים,200.00,100 גרם,false,1,4.70,2.35,true,1,
8719200998032,false,מזולה בטעם חמאה 250 גרם,"מיוצר ע""\י יוניליוור ישר",IL,מזולה טעם חמאה,גרמים,250.00,100 גרם,false,1,10.80,4.32,true,1,
8720181045912,false,אקס ספריי גוף אפריקה150,"קוסטר אירוסול, גבזה 4140",TR,אקס ספריי,מיליליטרים,150.00,"100 מ""ל",false,1,12.90,8.60,true,1,
8720181046605,false,דאו.דאב ספריי אורגינל150,"קוסטר אירוסול, גבזה 4140",TR,דאודורנט דאב,מיליליטרים,150.00,"100 מ""ל",false,1,16.90,11.27,true,1,
8720181046612,false,דאב רול און אורגינל 50מל,"יוניליוור אנגליה, דרך קו",GB,דאב רול און,מיליליטרים,50.00,"100 מ""ל",false,1,16.90,33.80,true,1,
8720181090202,false,תחליב רחצה עם שמן זית,"יוניליוור גרמניה, Gmbh &",DE,תחליב רחצה דאב,מיליליטרים,750.00,"100 מ""ל",false,1,19.90,2.65,true,1,
8720181090219,false,תחל.רחצה דאב רימונים750מ,"יוניליוור גרמניה, Gmbh &",DE,תחליב רחצה דאב,מיליליטרים,750.00,"100 מ""ל",false,1,19.90,2.65,true,1,
8720182253194,false,אל סבון מוצק מלפפון90*6ג,יוניליוור,DE,סבון מוצק 6יח,גרמים,540.00,100 גרם,false,1,17.90,3.31,true,1,
8720182256362,false,דאב סבון מוצק קלאסי90*6ג,יוניליוור,DE,סבון מוצק 6יח,גרמים,540.00,100 גרם,false,1,17.90,3.31,true,1,
8850389105825,false,סאפה אלוורה טעם ענבים 1ל,סאפה פובליק קומפני לימיט,TH,סאפה ענבים,ליטרים,1.00,ליטר,false,0,12.90,12.90,true,1,
8850389105832,false,סאפה אלוורה ט.תפוחים 1ל,סאפה פובליק קומפני לימיט,TH,סאפה תפוחים,ליטרים,1.00,ליטר,false,0,12.90,12.90,true,1,
8850389105849,false,סאפה אלוורה טעם אפרסק 1ל,סאפה פובליק קומפני לימיט,TH,סאפה אפרסק,ליטרים,1.00,ליטר,false,0,12.90,12.90,true,1,
8850389115336,false,משקה אלוורה מלון 1 ליטר,סאפה פובליק קומפני לימיט,TH,משקה אלוורה,ליטרים,1.00,ליטר,false,1,12.90,12.90,true,1,
8888021200256,false,שמינית סוללות AA,אנרג'ייזר,SG,שמינית סוללות,יחידה,1.00,יחידה,false,0,24.90,24.90,true,1,
9000101418163,false,ברף בניחוח תפוח50*3 גרם,הנקל,RS,ברף לאסלה 3 יח,גרמים,150.00,100 גרם,false,1,19.90,13.27,true,1,
9000101520965,false,ברף בניחוח לוטוס 50*3גרם,הנקל,RS,ברף לאסלה 3 יח,גרמים,150.00,100 גרם,false,1,19.90,13.27,true,1,
9310088007015,false,8 תחבושות דיפנד לילה,קימברלי-קלארק,CN,תחבושות  דיפנד,יחידה,1.00,יחידה,false,0,19.90,19.90,true,1,
