code,internal_code,name,manufacturer_name,manufacture_country,manufacturer_item_description,unit_qty,quantity,unit_of_measure,weighted,qty_in_package,price,unit_of_measure_price,allow_discount,status,item_id
602,false,קפה טורקי 85גרם!,,,בצל יבש,Unknown,0.00,"ק""ג",true,0,3.90,3.90,true,1,
619,false,פלפל אדום,,,פלפל אדום,Unknown,0.00,"ק""ג",true,0,9.90,9.90,true,1,
5942,false,"תפו""ע קריספי",,,"תפו""ע קריספי",Unknown,0.00,"ק""ג",true,0,18.90,18.90,true,1,
46020,false,גבינה צהובה גלבוע 22% במשקל תנובה,הפריט בפיקוח,,גבינה צהובה גלבוע-במ,Unknown,0.00,"ק""ג",true,0,42.58,42.58,true,1,
53219,false,גבינה חריץ טל העמק 32% במשקל,,,גבינה טל העמק 32%,Unknown,0.00,"ק""ג",true,0,58.00,58.00,true,1,
363486,false,נקניק תה טירת צבי במשקל,טירת צבי - מעדניה,,נקניק תה טירת צבי,Unknown,0.00,"ק""ג",true,0,55.00,55.00,true,1,
554792,false,בולגרית מעודנת 5% במשקל,גבינות מעדניה,,בולגרית מעודנת 5%,Unknown,0.00,"ק""ג",true,0,60.00,60.00,true,1,
554815,false,"גב.מוצרלה נקניק צמה גד לק""ג",גבינות מעדניה,,מוצרלה טבעית במשקל,Unknown,0.00,"ק""ג",true,0,83.00,83.00,true,1,
644783,false,מנות פילה סלמון קפוא דגי תנובה,דגיים קפואים,,פילה סלמון קפוא מנות,Unknown,0.00,"ק""ג",true,0,89.90,89.90,true,1,
662213,false,פילה סלמון קפוא תנובה,,,נתח פילה סלמון תנובה,Unknown,0.00,"ק""ג",true,0,89.90,89.90,true,1,
1401163,false,פריזר דוקטורסקייה מיני,,,פריזר דוקטורסקייה,Unknown,0.00,"ק""ג",true,0,59.00,59.00,true,1,
1401859,false,בוט מורטודלה מעושן,,,בוט מורטודלה מעושן,Unknown,0.00,"ק""ג",true,0,95.00,95.00,true,1,
1402399,false,פריזר דוקטורסקייה,,IL,פריזר דוקטורסקייה,Unknown,0.00,"ק""ג",true,0,59.00,59.00,true,1,
1403075,false,פסטרמה שינקן,,,פסטרמה שינקן,Unknown,0.00,"ק""ג",true,0,125.00,125.00,true,1,
1404379,false,נקניק בריאנסקיה,,,נקניק בריאנסקיה,Unknown,0.00,"ק""ג",true,0,82.00,82.00,true,1,
1404447,false,נקניק סופר דומגנייאה,,,נקניק סופר דומגנייאה,Unknown,0.00,"ק""ג",true,0,120.00,120.00,true,1,
1405055,false,נקניקיות עם גבינה,,,נקניקיות עם גבינה,Unknown,0.00,"ק""ג",true,0,69.00,69.00,true,1,
1405291,false,פסטרמה ציגעינר,,,פסטרמה ציגעינר,Unknown,0.00,"ק""ג",true,0,125.00,125.00,true,1,
1406045,false,נקניקיות ווינר ולדמן,,,נקניקיות ווינר,Unknown,0.00,"ק""ג",true,0,69.00,69.00,true,1,
1406113,false,פריזר פרלמנט במשקל,,,פריזר פרלמנט במשקל,Unknown,0.00,"ק""ג",true,0,95.00,95.00,true,1,
1406359,false,בוט מלוצניה מעושן במשקל,,,בוט מלוצניה מעושן,Unknown,0.00,"ק""ג",true,0,89.00,89.00,true,1,
1417485,false,נקניק ויציניה רוסקיה בוט,,,נקניק ויציניה רוסקיה,Unknown,0.00,"ק""ג",true,0,130.00,130.00,true,1,
1418475,false,פריזר אליטנאיה במשקל,,,פריזר אליטנאיה במשקל,Unknown,0.00,"ק""ג",true,0,89.00,89.00,true,1,
1418789,false,פריזר אליטנאיה קטן במשקל,,,פריזר אליטנאיה קטן,Unknown,0.00,"ק""ג",true,0,89.00,89.00,true,1,
1419229,false,פריזר סליבצנאיה מיני,,IL,פריזר סליבצנאיה מיני,Unknown,0.00,"ק""ג",true,0,89.00,89.00,true,1,
1420805,false,אסאדו חזיר מעושן,,,אסאדו חזיר מעושן,Unknown,0.00,"ק""ג",true,0,125.00,125.00,true,1,
1421109,false,בוזנינה פסטיבל ביתי,,,בוזנינה פסטיבל ביתי,Unknown,0.00,"ק""ג",true,0,125.00,125.00,true,1,
1427149,false,פריזר צאינאייה מיני,,IL,פריזר צאינאייה מיני,Unknown,0.00,"ק""ג",true,0,82.00,82.00,true,1,
1457771,false,פריזר סליבצנאייה,,IL,פריזר סליבצנאיה,Unknown,0.00,"ק""ג",true,0,89.00,89.00,true,1,
2345879,false,פרמזנו רגאנו במשקל,,IT,פרמזנו רגאנו במשקל,Unknown,0.00,"ק""ג",true,0,173.00,173.00,true,1,
2385455,false,בולגרית מעודנת 24% גד במשקל,,,בולגרית מעודנת 24% ג,Unknown,0.00,"ק""ג",true,0,59.00,59.00,true,1,
2408437,false,גאודה עיזים כמהין במשקל,,,גאודה עיזים כמהין במ,Unknown,0.00,"ק""ג",true,0,199.00,199.00,true,1,
2578499,false,רוסיסקי גולד חלבי שקיל,,,רוסיסקי גולד חלבי,Unknown,0.00,"ק""ג",true,0,73.00,73.00,true,1,
2617471,false,גבינת צדר אנגלית מיושנת במשקל,,,גבינת צדר אנגלית,Unknown,0.00,"ק""ג",true,0,126.00,126.00,true,1,
2617495,false,גבינת צדר אנגלית עם וויסקי במשקל,,,גבינת צדר אנגלית,Unknown,0.00,"ק""ג",true,0,159.00,159.00,true,1,
2617501,false,גבינת צדר עם חמוציות במשקל,,,גבינת צדר עם חמוציות,Unknown,0.00,"ק""ג",true,0,166.00,166.00,true,1,
2749561,false,נקניקיות בוואריה מזרע,,,נקניקיות בוואריה,Unknown,0.00,"ק""ג",true,0,79.00,79.00,true,1,
2837046,false,גבינת קרלובסקי במשקל,,,גבינת קרלובסקי במשקל,Unknown,0.00,"ק""ג",true,0,85.00,85.00,true,1,
2837121,false,גבינת פושיחונסקי במשקל,,,גבינת פושיחונסקי במש,Unknown,0.00,"ק""ג",true,0,79.00,79.00,true,1,
4050191,false,נקניק סלמי הונגרי,,,נקניק סלמי הונגרי,Unknown,0.00,"ק""ג",true,0,175.00,175.00,true,1,
4050207,false,פסטרמה רולדה פיטרסקייה מזרע,,,רולדה פיטרסקייה,Unknown,0.00,"ק""ג",true,0,95.00,95.00,true,1,
4050443,false,בייקון במשקל,,,בייקון במשקל,Unknown,0.00,"ק""ג",true,0,200.00,200.00,true,1,
4050597,false,פרושוטו,,,פרושוטו,Unknown,0.00,"ק""ג",true,0,312.00,312.00,true,1,
4050801,false,לשון בקר איטלקי,,,לשון בקר איטלקי,Unknown,0.00,"ק""ג",true,0,135.00,135.00,true,1,
4050894,false,נקניק סלמי כפרי,,,נקניק סלמי כפרי,Unknown,0.00,"ק""ג",true,0,175.00,175.00,true,1,
4051082,false,קורנביף במשקל,,,קורנביף במשקל,Unknown,0.00,"ק""ג",true,0,120.00,120.00,true,1,
4051143,false,חזה הודו מעושן דל שומן,,,חזה הודו מעושן דל שו,Unknown,0.00,"ק""ג",true,0,80.00,80.00,true,1,
4051174,false,סרוולט אוסטרי במשקל,,,סרוולט אוסטרי,Unknown,0.00,"ק""ג",true,0,175.00,175.00,true,1,
4051204,false,פסטרמה הודו עם אווז,,,פסטרמה הודו עם אווז,Unknown,0.00,"ק""ג",true,0,135.00,135.00,true,1,
4051464,false,נקניק סלמי מילאנו,,,נקניק סלמי מילאנו,Unknown,0.00,"ק""ג",true,0,155.00,155.00,true,1,
4051495,false,בוזנינה כפרית במשקל,,,בוזנינה כפרית במשקל,Unknown,0.00,"ק""ג",true,0,170.00,170.00,true,1,
4051563,false,נקניק סלמי צרפתי,,,נקניק סלמי צרפתי,Unknown,0.00,"ק""ג",true,0,175.00,175.00,true,1,
4051594,false,נקניק סלמי פארמה במשקל,,,נקניק סלמי פארמה,Unknown,0.00,"ק""ג",true,0,105.00,105.00,true,1,
4051617,false,נקניק סלמי רוונה במשקל,,,נקניק סלמי רוונה,Unknown,0.00,"ק""ג",true,0,100.00,100.00,true,1,
4051785,false,מורטדלה איטלקית,,,מורטדלה איטלקית,Unknown,0.00,"ק""ג",true,0,70.00,70.00,true,1,
4052065,false,גרודינקה בייקון,,,גרודינקה בייקון,Unknown,0.00,"ק""ג",true,0,220.00,220.00,true,1,
4052096,false,סלה הונגרי-מזרע,,,סלה הונגרי,Unknown,0.00,"ק""ג",true,0,100.00,100.00,true,1,
4052119,false,חטיפי קבנוס רו,,,חטיפי קבנוס רו,Unknown,0.00,"ק""ג",true,0,179.00,179.00,true,1,
4052676,false,נקניקיות פרגית במשקל מזרע,,,נקניקיות פרגית במשקל,Unknown,0.00,"ק""ג",true,0,36.00,36.00,true,1,
4052973,false,רוסטביף ללא חומר משמר במשקל,,,רוסטביף,Unknown,0.00,"ק""ג",true,0,195.00,195.00,true,1,
4053000,false,נקניק רו סרוולט,,,נקניק רו סרוולט,Unknown,0.00,"ק""ג",true,0,165.00,165.00,true,1,
4053024,false,נקניק פפרוני,,,נקניק פפרוני,Unknown,0.00,"ק""ג",true,0,165.00,165.00,true,1,
4053215,false,פסטרמה על האש,,,פסטרמה על האש,Unknown,0.00,"ק""ג",true,0,139.00,139.00,true,1,
4053246,false,בסטרומה ארמנית דל שומןמזרע,,,"בסטרומה ארמנית ד""ש",Unknown,0.00,"ק""ג",true,0,210.00,210.00,true,1,
4053710,false,פסטרמה חזה הודו מקסיקני,,,פסטרמה חזה הודו,Unknown,0.00,"ק""ג",true,0,80.00,80.00,true,1,
4054014,false,שינקן מעושן במשקל,,,שינקן מעושן במשקל,Unknown,0.00,"ק""ג",true,0,130.00,130.00,true,1,
4054021,false,שינקן פולני פולני חצי במשקל,,,שינקן פולני במשקל,Unknown,0.00,"ק""ג",true,0,120.00,120.00,true,1,
4054038,false,שינקן צועני במשקל,,,שינקן צועני במשקל,Unknown,0.00,"ק""ג",true,0,120.00,120.00,true,1,
4054366,false,סלמי מוסקובסקי סרוולט,,,מוסקובסקי סרוולד,Unknown,0.00,"ק""ג",true,0,160.00,160.00,true,1,
4054380,false,סלמי זרניסטיה,,,סלמי זרניסטיה,Unknown,0.00,"ק""ג",true,0,160.00,160.00,true,1,
4054397,false,פרושוטו רוסי,,,פרושוטו רוסי,Unknown,0.00,"ק""ג",true,0,215.00,215.00,true,1,
4054427,false,שוק חזירון בלי עצם,,,פסטרמה שוק חזירון,Unknown,0.00,"ק""ג",true,0,110.00,110.00,true,1,
4054434,false,וצינה מוסקובסקיה,,,וצינה מוסקובסקיה,Unknown,0.00,"ק""ג",true,0,150.00,150.00,true,1,
4054502,false,לשון עגל קרושה,,,לשון עגל קרושה,Unknown,0.00,"ק""ג",true,0,90.00,90.00,true,1,
4054960,false,נקניק סבינייה,,,נקניק סבינייה,Unknown,0.00,"ק""ג",true,0,190.00,190.00,true,1,
4055103,false,נקניקיות עגל במשקל,,,נקניקיות עגל במשקל,Unknown,0.00,"ק""ג",true,0,50.00,50.00,true,1,
4055479,false,פסטרמה בקר בפלפל,,,פסטרמה בקר בפלפל,Unknown,0.00,"ק""ג",true,0,125.00,125.00,true,1,
4055608,false,פריזר איטלקי,,,פריזר איטלקי,Unknown,0.00,"ק""ג",true,0,62.00,62.00,true,1,
4055615,false,פריזר עגל,,,פריזר עגל,Unknown,0.00,"ק""ג",true,0,45.00,45.00,true,1,
4055769,false,נקניק לוביטליסקיה,,,נקניק לוביטליסקיה,Unknown,0.00,"ק""ג",true,0,105.00,105.00,true,1,
4055813,false,נקניק טורו מבשר בקר,,,נקניק טורו מבשר בקר,Unknown,0.00,"ק""ג",true,0,135.00,135.00,true,1,
4412142,false,"תפו""ע גאלה",,,תפוע גאלה,Unknown,0.00,"ק""ג",true,0,14.90,14.90,true,1,
4412166,false,אשכולית אדומה,,,אשכולית אדומה,Unknown,0.00,"ק""ג",true,0,9.90,9.90,true,1,
4412227,false,"תפו""א אדום",,,תפוא אדום,Unknown,0.00,"ק""ג",true,0,4.90,4.90,true,1,
4412319,false,בטטה,,,בטטה,Unknown,0.00,"ק""ג",true,0,8.90,8.90,true,1,
4412340,false,קלמנטינה,,,קלמנטינה,Unknown,0.00,"ק""ג",true,0,7.90,7.90,true,1,
4412357,false,רימון,,,רימון,Unknown,0.00,"ק""ג",true,0,9.90,9.90,true,1,
4412418,false,קיווי,,,קיווי,Unknown,0.00,"ק""ג",true,0,17.90,17.90,true,1,
4412432,false,תפוזים,,,תפוזים,Unknown,0.00,"ק""ג",true,0,6.90,6.90,true,1,
4412456,false,"תפו""ע חרמון",,,תפוע חרמון,Unknown,0.00,"ק""ג",true,0,11.90,11.90,true,1,
4412463,false,"תפו""ע מוזהב",,,תפוע מוזהב,Unknown,0.00,"ק""ג",true,0,10.90,10.90,true,1,
4412470,false,"תפו""ע סמיט",,,תפוע סמיט,Unknown,0.00,"ק""ג",true,0,11.90,11.90,true,1,
4412487,false,שזיף אדום,,,שזיף אדום,Unknown,0.00,"ק""ג",true,0,17.90,17.90,true,1,
4412500,false,בצל אדום,,,בצל אדום,Unknown,0.00,"ק""ג",true,0,7.90,7.90,true,1,
4412524,false,פומלית,,,פומלית,Unknown,0.00,"ק""ג",true,0,9.90,9.90,true,1,
4412531,false,ענבים ירוקים,,,ענבים ירוקים,Unknown,0.00,"ק""ג",true,0,27.90,27.90,true,1,
4412548,false,ענבים שחורים,,,ענבים שחורים,Unknown,0.00,"ק""ג",true,0,22.90,22.90,true,1,
4412586,false,לימון,,,לימון,Unknown,0.00,"ק""ג",true,0,7.90,7.90,true,1,
4412616,false,בננות,,,בננות,Unknown,0.00,"ק""ג",true,0,6.90,6.90,true,1,
4412623,false,אגסים,,,אגסים,Unknown,0.00,"ק""ג",true,0,12.90,12.90,true,1,
4412630,false,אשכוליות,,,אשכוליות,Unknown,0.00,"ק""ג",true,0,9.90,9.90,true,1,
4412647,false,אבוקדו,,,אבוקדו,Unknown,0.00,"ק""ג",true,0,14.90,14.90,true,1,
4412654,false,אפרסמון,,,אפרסמון,Unknown,0.00,"ק""ג",true,0,19.90,19.90,true,1,
4412678,false,"תפו""א לבן",,,תפוא לבן,Unknown,0.00,"ק""ג",true,0,3.90,3.90,true,1,
4412715,false,קשואים,,,קישואים,Unknown,0.00,"ק""ג",true,0,6.90,6.90,true,1,
4412746,false,פלפל חריף,,,פלפל חריף,Unknown,0.00,"ק""ג",true,0,8.90,8.90,true,1,
4412784,false,עגבניות,,,עגבניות,Unknown,0.00,"ק""ג",true,0,7.90,7.90,true,1,
4412814,false,מלפפונים,,,מלפפונים,Unknown,0.00,"ק""ג",true,0,4.90,4.90,true,1,
4412838,false,כרובית,,,כרובית,Unknown,0.00,"ק""ג",true,0,14.90,14.90,true,1,
4412852,false,כרוב לבן,,,כרוב לבן,Unknown,0.00,"ק""ג",true,0,2.90,2.90,true,1,
4412869,false,חצילים,,,חצילים,Unknown,0.00,"ק""ג",true,0,5.90,5.90,true,1,
4412876,false,דלעת,,,דלעת,Unknown,0.00,"ק""ג",true,0,8.90,8.90,true,1,
4412883,false,גזר,,,גזר,Unknown,0.00,"ק""ג",true,0,3.90,3.90,true,1,
4429614,false,גבינה נועה בסגנון גאודה בזיליקום במשקל,,,גבינה נועה בסגנון,Unknown,0.00,"ק""ג",true,0,153.00,153.00,true,1,
4530044,false,אמנטל צרפתי במשקל,,,אמנטל צרפתי במשקל,Unknown,0.00,"ק""ג",true,0,115.00,115.00,true,1,
4535209,false,סטייק צוואר פרוס טרי,,,סטייק צוואר פרוס טרי,Unknown,0.00,"ק""ג",true,0,94.90,94.90,true,1,
4725600,false,גבינה צהובה סקנדינבית 31% במשקל,,,גבינה צהובה סקנדינבי,Unknown,0.00,"ק""ג",true,0,69.00,69.00,true,1,
5678400,false,ענבים ראד גלוב חרצנים,,,ענבים ראד גלוב חרצני,Unknown,0.00,"ק""ג",true,0,39.90,39.90,true,1,
6187253,false,סלמי סוגוק,,,סלמי סוגוק,Unknown,0.00,"ק""ג",true,0,150.00,150.00,true,1,
6187260,false,סינטה לבן טרי מפורק,,,סינטה לבנה מפורקת,Unknown,0.00,"ק""ג",true,0,79.90,79.90,true,1,
6188663,false,חזה הודו ברביקיו דל שומן מזרע,,,חזה הודו דל שומן,Unknown,0.00,"ק""ג",true,0,80.00,80.00,true,1,
6188717,false,חזה הודו רומני דל שומן מזרע,,,חזה הודו רומני דל.ש,Unknown,0.00,"ק""ג",true,0,85.00,85.00,true,1,
6219114,false,נקניק קרמלובסקייה מניה,,,נקניק קרמלובסקייה,Unknown,0.00,"ק""ג",true,0,160.00,160.00,true,1,
6219374,false,פריזר גדול רוסי במשקל מניה,,,פריזר גדול רוסי במשק,Unknown,0.00,"ק""ג",true,0,65.00,65.00,true,1,
6357571,false,סמוקרלה בסגנון שקיל,,,סמוקרלה בסגנון שקיל,Unknown,0.00,"ק""ג",true,0,62.00,62.00,true,1,
6519597,false,נקניק מוסקובסקיה חצי יבש מזרע,,,נקניק מוסקובסקיה,Unknown,0.00,"ק""ג",true,0,95.00,95.00,true,1,
6520388,false,שניצל חזה עוף פרוס טרי,,,שניצל חזה עוף פרוס,Unknown,0.00,"ק""ג",true,0,39.90,39.90,true,1,
6520395,false,בשר עוף טרי טחון,,,בשר עוף טרי טחון,Unknown,0.00,"ק""ג",true,0,36.90,36.90,true,1,
6836496,false,ברי אגוזים במשקל,,,ברי אגוזים במשקל,Unknown,0.00,"ק""ג",true,0,157.00,157.00,true,1,
6843944,false,עוף שלם טרי,,,עוף שלם טרי,Unknown,0.00,"ק""ג",true,0,17.90,17.90,true,1,
8433853,false,כתף בקר מעושן מזרע,,,כתף בקר מעושנת מזרע,Unknown,0.00,"ק""ג",true,0,130.00,130.00,true,1,
8434638,false,פרגיות עוף שווארמה טרי,,IL,פרגית קצרה/ שווארמה,Unknown,0.00,"ק""ג",true,0,59.90,59.90,true,1,
8434683,false,צדר אדום גרמני במשקל,,,צדר אדום גרמני במשקל,Unknown,0.00,"ק""ג",true,0,84.00,84.00,true,1,
8434799,false,צדר לבן גרמני במשקל,,,צדר לבן גרמני במשקל,Unknown,0.00,"ק""ג",true,0,95.00,95.00,true,1,
8437288,false,גבינת הדר בסגנון קממבר במשקל,,,גבינת הדר בסגנון קממ,Unknown,0.00,"ק""ג",true,0,157.00,157.00,true,1,
8437462,false,קממבר כמהין הגבנייה,,IL,גבינה קממבר כמהין במ,Unknown,0.00,"ק""ג",true,0,178.00,178.00,true,1,
8438445,false,גבינת סנט מור במשקל,,,גבינת סנט מור במשקל,Unknown,0.00,"ק""ג",true,0,157.00,157.00,true,1,
8439510,false,פסטרמה הודו בדבש מזרע,,,פסטרמה הודו בדבש,Unknown,0.00,"ק""ג",true,0,70.00,70.00,true,1,
8439541,false,פסטרמה הודו על האש,,,פסטרמה הודו על האש,Unknown,0.00,"ק""ג",true,0,70.00,70.00,true,1,
8440004,false,ירך לבן (פולקה) טרי,,,ירך לבן טרי,Unknown,0.00,"ק""ג",true,0,64.90,64.90,true,1,
8440868,false,כתף לבן מפורק נקי טרי,,,כתף לבן מפורק טרי,Unknown,0.00,"ק""ג",true,0,64.90,64.90,true,1,
8441551,false,בייגלה פולני,,,סלמי בקר גרנדה,Unknown,0.00,"ק""ג",true,0,80.00,80.00,true,1,
8442398,false,אסאדו עגל טרי רצועות,,,אסאדו עגל טרי רצועות,Unknown,0.00,"ק""ג",true,0,54.90,54.90,true,1,
8773096,false,טבורוג כפרי במשקל,,,טבורוג כפרי במשקל,Unknown,0.00,"ק""ג",true,0,27.00,27.00,true,1,
8776127,false,אוסובוקו עגל טרי,,,אוסובוקו עגל טרי,Unknown,0.00,"ק""ג",true,0,49.90,49.90,true,1,
8776875,false,סטייק ניו יורק,,,סטייק ניו יורק,Unknown,0.00,"ק""ג",true,0,119.90,119.90,true,1,
9441024,false,עגבניות תמר,,,עגבניות שרי,Unknown,0.00,"ק""ג",true,0,29.90,29.90,true,1,
32147230,false,"מיץ לימון משומר 200מ""ל(לימונית אקסטרא)",ג'נרל מילס סאן אדריא,,מיץ לימון משומר 200,מיליליטרים,200.00,"100 מ""ל",false,1,6.90,3.45,true,1,
40111445,false,מ&מס פינאטס 45 גרם,,,מ&מס פינאטס 45 גרם,גרמים,45.00,100 גרם,false,1,4.50,10.00,true,1,
40111490,false,מ&מס שוקולד 45 גרם,,,מ&מס שוקולד 45 גרם,גרמים,45.00,100 גרם,false,1,4.50,10.00,true,1,
42101666,false,"מסטיק בטעם מנטה ואקליפטוס איירווייבס 35 גרם לל""ס",ריגלי,,איירוייבז מנטה ואקלי,Unknown,0.00,Unknown,false,1,5.90,5.90,true,1,
42138105,false,סיגריות וינסטון סלימס כחול בודד,גיי טי אינטרנשיונל,,ווינסטון סופר סלימס,Unknown,0.00,Unknown,false,1,33.00,33.00,true,1,
42138129,false,ווינסטון סופר סלימס נטוראל חפיסה,Unknown,,ווינסטון סופר סלימס,Unknown,0.00,Unknown,false,1,33.00,33.00,true,1,
42182115,false,אורביט פייב ספירמינט 12 סטיקס 29 גר,מרס נדרלנד,,אורביט פייב ספירמינט,Unknown,0.00,Unknown,false,1,6.50,6.50,true,1,
42188889,false,אורביט פייב אבטיח 12 סטיקס 29 גר,ריגלי צרפת,,אורביט פייב אבטיח 12,Unknown,0.00,Unknown,false,1,6.50,6.50,true,1,
42306788,false,מסטיק בטעם אוכמניות ומנטה איירווייבס 35 גרם,ריגלי,,איירוייבז אוכמניות ו,Unknown,0.00,Unknown,false,1,5.90,5.90,true,1,
45358850,false,אוסובוקו טרי פרוס,,,אוסובוקו טרי,Unknown,0.00,"ק""ג",true,0,49.90,49.90,true,1,
59068914,false,סיגריות פאל מאל סילבר דמי סלימס,Unknown,,פאל מאל סילבר דמי סל,Unknown,0.00,Unknown,false,1,26.00,26.00,true,1,
72940754,false,"מילקי מעדן וניל עם קצפת שטראוס 133 מ""ל","שטראוס גרופ בע""\מ",,מילקי וניל 130 גרם,גרמים,130.00,100 גרם,false,1,2.90,2.23,true,1,
72940761,false,"מילקי מעדן שוקולד עם קצפת שטראוס 133 מ""ל",מיוצר עי קונדיטוריית,,מילקי שוקולד 130 גרם,גרמים,130.00,100 גרם,false,1,2.90,2.23,true,1,
72940952,false,מעדן מילקי בטעם שוקולד עם אקסטרה קצפת,"שטראוס גרופ בע""\מ",,מילקי פי 2 קצפת 104,גרמים,104.00,100 גרם,false,1,3.70,3.56,true,1,
72945308,false,קוביות שמרים לאפיה שמרית 2*25 ג',"פאקא תעשיות בע""\מ",,שמרית קוביה 50 גרם,גרמים,50.00,100 גרם,false,1,4.00,8.00,true,1,
72986370,false,"גלידת בן & ג'ריס פיינטים וניל 500מ""ל",מוצרי איכות אמריקאיים,,בן אנד גריס גלידת ונ,מיליליטרים,500.00,"100 מ""ל",false,1,23.90,4.78,true,1,
72986424,false,"גלידת בן & ג'ריס פיינטים קרם עוגיות 500מ""ל",מוצרי איכות אמריקאיים בע,,בן אנד גריס גלידת קר,מיליליטרים,500.00,"100 מ""ל",false,1,23.90,4.78,true,1,
72986448,false,"גלידת בן & ג'ריס פיינטים טופי קראנץ 500מ""ל",מוצרי איכות אמריקאיים בע,,בן אנד גריס גלידת טו,מיליליטרים,800.00,"100 מ""ל",false,1,23.90,2.99,true,1,
72986455,false,"גלידה ניו יורק סופר פאדג' צ'אנק בן אנד ג'ריס 500 מ""ל",מוצרי איכות אמריקאיים בע,,בן אנד גריס גלידת ני,מיליליטרים,500.00,"100 מ""ל",false,1,23.90,4.78,true,1,
72986479,false,"גלידה שוקולד אגוז עם בננות בן וג'ירי 500 מ""ל",מוצרי איכות אמריקאיים בע,,בן אנד גריס גלידת צא,מיליליטרים,500.00,"100 מ""ל",false,1,23.90,4.78,true,1,
72989425,false,"גלידת בן & ג'ריס פיינטים שוקולד בראוניז 500מ""ל",מוצרי איכות אמריקאיים בע,,בן אנד גריס שוקולד ב,מיליליטרים,500.00,"100 מ""ל",false,1,23.90,4.78,true,1,
72991886,false,"גלידת דולצ'ה בטעם ריבת חלב עם פאדג' בן וג'ירי 500 מ""ל",מוצרי איכות אמריקאיים בע,,בן אנד גריס 500,מיליליטרים,500.00,"100 מ""ל",false,1,23.90,4.78,true,1,
72993637,false,מעדן חלב בטעם שוקולד 125 ג' דני,"שטראוס גרופ בע""\מ",,מעדן דני שוקולד 125,גרמים,125.00,100 גרם,false,1,2.80,2.24,true,1,
72994061,false,חטיף פסק זמן GOOD גלילית לבן 40 גרם,שולן צ'\יקולטה גידה סאן.,,פסק זמן טו גוד 36 גר,גרמים,36.00,100 גרם,false,1,4.90,13.61,true,1,
75032814,false,"בירה קורונה 355 מ""ל בקבוק",קומפניה כברהסרה,,"בירה קורונה 355 מ""ל",מיליליטרים,355.00,"100 מ""ל",false,1,8.20,2.31,true,1,
80001287,false,וופל חטיף לואקר אגוז 38 גר',ליימן מותגים,,חטיף גרדנה 38 גרם,גרמים,38.00,100 גרם,false,1,4.40,11.58,true,1,
80042556,false,POLPA עגבניות חתוכות דק 400 גרם MUTTI,"איי, בי, אינבוו",,POLPA עגבניות חתוכות,גרמים,400.00,100 גרם,false,1,7.90,1.98,true,1,
80050278,false,פררו רושר חטיף כדורים שלישיה 40ג',פררו - אלבה,,חטיף פררו רושר שלישי,גרמים,37.00,100 גרם,false,1,6.20,16.76,true,1,
80052883,false,סוכריות טיק טק מנטה חזק 16 גרם,צ'וקטה,ZA,טיק טק בודד מנטה חזק,גרמים,16.00,100 גרם,false,1,3.50,21.88,true,1,
80176800,false,נוטלה ממרח שוקולד 750 גרם,פררו תעשיות איטליה ס,,ממרח שוקולד נוטלה 75,גרמים,750.00,100 גרם,false,1,25.90,3.45,true,1,
80177173,false,ממרח שוקולד נוטלה 350 גרם,פררו - אלבה,,ממרח נוטלה 350 גרם,גרמים,350.00,100 גרם,false,1,14.90,4.26,true,1,
80177616,false,אצבעות שוקולד קינדר Kinder שמונה יחידות,פררו - אלבה,,טבלת שוקולד קינדר 10,גרמים,100.00,100 גרם,false,1,8.40,8.40,true,1,
80310167,false,קינדר שוקולד מקסי 126 גר,קינדר,,קינדר מקסי שישייה 12,גרמים,126.00,100 גרם,false,1,9.90,7.86,true,1,
80525264,false,Agnesi רוטב עגבניות ובזיל 400 גר,,IT,רוטב עגבניות,גרמים,400.00,100 גרם,false,0,14.60,3.65,true,1,
80525288,false,Agnesi רוטב עגבניות וזיתים 400 גר,,IT,Agnesi רוטב עגבניות,גרמים,400.00,100 גרם,false,0,14.60,3.65,true,1,
80525462,false,Agnesi רוטב עגבניות נפוליטנה 400 גר,,IT,Agnesi רוטב עגבניות,גרמים,400.00,100 גרם,false,0,14.60,3.65,true,1,
80773443,false,מנטוס בקבוק מעוגל - מסטיק ללא סוכר בטעם מנטה 60 גרם,"פרפטי ואן מלה ג'\ידה,סאן",,מנטוס בבקבוק מעוגל ט,Unknown,0.00,Unknown,false,1,9.70,9.70,true,1,
80831402,false,סוכריות מנטוס מנטה עדינה 30 יח' ללא סוכר CLEAN BREATH,פרפטי ואן מלה,,"מנטוס מנטה עדינה לל""",גרמים,21.00,100 גרם,false,1,7.30,34.76,true,1,
80832560,false,סוכריות מנטוס פירות יער 21 ג' ללא סוכר CLEAN BREATH,פרפטי ואן מלה,,סוכריות מנטוס קלין ב,גרמים,21.00,100 גרם,false,1,7.30,34.76,true,1,
80843184,false,מנטוס מסטיק פיור פרש בטעם ענבים 60גר,פרפטי ואן מלה הולנד,,מנטוס בבקבוק פיור בט,גרמים,60.00,100 גרם,false,1,9.70,16.17,true,1,
80936459,false,שלישיית ביצי שוקולד(,,IT,שלישיית ביצי שוקולד(,Unknown,1.00,Unknown,false,1,11.90,11.90,true,1,
80945468,false,סוכריות פיור וויט טעם מנטה מתוקה 60 ג' מנטוס,"פרפטי ואן מלה ג'ידה,סאן",,מסטיק מנטוס וייט מנט,גרמים,60.00,100 גרם,false,1,9.60,16.00,true,1,
80986348,false,סוכריות פיור וויט טעם מנטה 60 ג' מנטוס,"פרפטי ואן מלה ג'ידה,סאן",,מסטיק מנטוס וייט מנט,גרמים,60.00,100 גרם,false,1,9.60,16.00,true,1,
87108538,false,סוכריות בטעם תות מנטוס 37.5 גרם,הדקלאים אגודת שיתופי,,מנטוס תות שדה,Unknown,0.00,Unknown,false,1,3.60,3.60,true,1,
87108651,false,סוכריות בטעם מנטה מנטוס 4*37.5 גרם,הדקלאים אגודת שיתופי,,מנטוס מנטה 1/4,גרמים,150.00,100 גרם,false,1,11.40,7.60,true,1,
87108712,false,סוכריות בטעם פירות מנטוס 4*37.5 גרם,פרפטי ואן מלה ברדה,,מנטוס פירות 1/4,גרמים,150.00,100 גרם,false,1,11.40,7.60,true,1,
87311396,false,מנטוס ריינבאוו סוכריות לעיסה בטעמי פירות,פרפטי ואן מלה ברדה,,מנטוס RAINBOW,Unknown,0.00,Unknown,false,1,3.60,3.60,true,1,
87354041,false,מנטוס גליל בטעם דובדבן 40גלילים,פרפטי ואן מלה,NL,סוכריות לעיסה בטעם ד,גרמים,38.00,100 גרם,false,1,3.60,9.47,true,1,
90087066,false,מיץ תפוזים 100% טבעי 1 ל' RAUCH,ראוך Rauch,,מיץ תפוזים ראוך 100%,מיליליטרים,1000.00,"100 מ""ל",false,1,14.60,1.46,true,1,
90087547,false,מיץ עגבניות 1 ליטר ראוך קרטונית,Rauch fruchtsafte gm,,מיץ עגבניות 1 ליטר ר,מיליליטרים,1000.00,"100 מ""ל",false,1,11.40,1.14,true,1,
90162602,false,רד בול משקה אנרגיה פקדון 30 אג,רד בול ג'י.אם.בי. אץ,,משקה רד בול מוגז פחי,מיליליטרים,250.00,"100 מ""ל",false,1,6.90,2.76,true,1,
90162800,false,רד בול משקה אנרגיה ללא סוכר פקדון 30 אג,רד בול ג'י.אם.בי. אץ,,משקה רד בול מוגז,מיליליטרים,250.00,"100 מ""ל",false,1,6.90,2.76,true,1,
90446269,false,"משקה רד בול אבטיח מוגז פחית 250 מ""ל",ראון פרוכטסאפה,,משקה רד בול אבטיח מו,מיליליטרים,250.00,"100 מ""ל",false,1,6.90,2.76,true,1,
90448867,false,"משקה אנרגיה רד בול ללא פחמימות 250 מ""ל",רד בול,,משקה אנרגיה רד בול ל,מיליליטרים,250.00,"100 מ""ל",false,1,6.90,2.76,true,1,
90453427,false,"משקה אנרגיה רד בול פיטאיה 250 מ""ל",רד בול,,משקה אנרגיה רד בול פ,מיליליטרים,250.00,"100 מ""ל",false,1,6.90,2.76,true,1,
8112100298,false,"שמן שומשום טהור מזרח ומערב 185 מ""ל",Flavor full foods in,,"שמן שומשום 185 מ""ל",מיליליטרים,185.00,"100 מ""ל",false,1,14.90,8.05,true,1,
9800800056,false,חטיף שוקולד עם מקלות לחם אנד גו,פררו - אלבה,,נוטלה & גו 52 גרם,גרמים,52.00,100 גרם,false,1,4.90,9.42,true,1,
11182700954,false,קינג קול שעועית שחורה 439 גרם,האנאובר פודס קורפורשיין,,קינג קול שעועית שחור,גרמים,439.00,100 גרם,false,1,12.10,2.76,true,1,
11210618503,false,"רוטב טבסקו על בסיס פלפל סקורפיון 60מ""ל",מק. אילהיני קו,,רוטב טבסקו סקורפיון,מיליליטרים,60.00,"100 מ""ל",false,1,16.70,27.83,true,1,
14100077121,false,פפרידג' פארם עוגיות סוסליטו שוקולד חלב מקדמיה 204 גרם,פפרידג פראם,,עוגיות פפרידג פארם א,גרמים,206.00,100 גרם,false,1,24.90,12.09,true,1,
16000548404,false,חטיפי גרנולה קראנצ'י עם שיבולת שועל ודבש נייצ'ר ואלי 5*42 גרם,ג'נרל מילס סאן אדריאן,,קראנצי בטעם שיבולת,גרמים,210.00,100 גרם,false,1,17.90,8.52,true,1,
16229917593,false,מי קוקוס 100% פוקו 3,ויט וורלד קומפני,,"מי קוקוס 330 מ""ל",מיליליטרים,330.00,"100 מ""ל",false,1,8.20,2.48,true,1,
16229917630,false,"מי קוקוס בתוספת אננס 330 מ""ל",ויט וורלד קומפני,,מי קוקוס בתוספת אננס,מיליליטרים,330.00,"100 מ""ל",false,1,8.20,2.48,true,1,
16229917654,false,"מי קוקוס בתוספת ליצי 330 מ""ל",ויט וורלד קומפני,,מי קוקוס בתוספת ליצי,מיליליטרים,330.00,"100 מ""ל",false,1,8.20,2.48,true,1,
16229918354,false,ארוי די רוטב קארי אד,תאי אגרי פוד,TH,רוטב קארי אדום 250 מ,מיליליטרים,250.00,"100 מ""ל",false,1,10.90,4.36,true,1,
16229924263,false,"ארוי-די קרם קוקוס 250 מ""ל",תאי אגרי פוד פובליק קו'\,,"קרם קוקוס 250 מ""ל",מיליליטרים,250.00,"100 מ""ל",false,1,10.40,4.16,true,1,
21723339994,false,"רוטב דגים 300מ""ל (טיפרוס) (כ)",טאנג סאנג ראר קי,,רוטב דגים 300מ`ל,מיליליטרים,300.00,"100 מ""ל",false,1,10.40,3.47,true,1,
24100226429,false,סנשיין קרקר ציז איט אורגינל קטן 127 גרם,קיבלר,,סנשיין קרקר ציז איט,גרמים,127.00,100 גרם,false,1,10.90,8.58,true,1,
25675120006,false,חמצוצים 4 צבעים טעמים טבעי 100 גרם,פאסין ב.ו,,חמצוצים 4 צבעים טבעי,גרמים,100.00,100 גרם,false,1,9.90,9.90,true,1,
25675120020,false,סאוור סטיקס Sour Sticks בטעם אוכמניות,פשקס קנדי,,מקלות חמצוצים פטל 10,גרמים,100.00,100 גרם,false,1,9.90,9.90,true,1,
25675120037,false,מקלות חמצוצים תות פשקז 100 גרם,פשקס קנדי,,מקלות חמצוצים תות 10,גרמים,100.00,100 גרם,false,1,9.90,9.90,true,1,
25675120044,false,מקלות חמצוצים תפוח עץ פשקז 100 גרם,פשקס קנדי,,"מקלות חמצוצים תפו""ע",גרמים,100.00,100 גרם,false,1,9.90,9.90,true,1,
25675121034,false,חמצוצים רחבים תות 115 גר,חמצוצים,,חמצוצים רחב 115 גר ת,גרמים,115.00,100 גרם,false,1,11.40,9.91,true,1,
25675121041,false,סאוור בלטס Sour Belts בטעם אוכמניות,פשקז Paskesz,,חמצוצים רחב פטל 115,גרמים,115.00,100 גרם,false,1,11.40,9.91,true,1,
25675121058,false,"חמצוצים רחבים תפו""ע 115 גר",חמצוצים,,חמצוצים רחב תפוח 115,גרמים,115.00,100 גרם,false,1,11.40,9.91,true,1,
25675301207,false,מקלות חמוצים חמצוצים תפוח עץ 50 גרם,פשקז Paskesz,,"מקלות חמצוצים תפו""ע",גרמים,50.00,100 גרם,false,1,5.90,11.80,true,1,
29801025203,false,עוגיות חמאה קריספי - ב. באטרס 200 גר,HAMLET NV,,עוגיות חמאה קריספי -,גרמים,200.00,100 גרם,false,1,20.90,10.45,true,1,
30000315989,false,קוואקר פרוטאין חמוציות ושקדים 372 גרם,קוואקר אוטס קומפני,US,קוואקר פרוטאין חמוצי,גרמים,372.00,100 גרם,false,1,20.90,5.62,true,1,
30100472414,false,סנדוויץ קרקר קלאב צדר 311 גרם,קיבלר,,סנדוויץ קרקר קלאב צד,גרמים,311.00,100 גרם,false,1,28.50,9.16,true,1,
30100487180,false,קיבלר 8 סנדוויץ קרקר גבינה וצדר 311 גרם,קיבלר,,קיבלר 8 סנדוויץ קרקר,גרמים,31100.00,100 גרם,false,1,28.50,0.09,true,1,
33617322616,false,קרקר ואזה 203-275 גרם מקמח שיפון,כלורוקס אוקלנד,,ואזה קלה מקמח שיפון,גרמים,270.00,100 גרם,false,1,14.60,5.41,true,1,
34000470228,false,ריזס מיניס חטיף שוקולד במילוי חמאת בוטנים 70 גרם,הרשי,,חטיף ריזס מיניס 70 ג,גרמים,70.00,100 גרם,false,1,7.50,10.71,true,1,
34000544028,false,סוכריות ארוכות בטעם תות טוויזלרס Twizzlers,ליימן מותגים,,ממתקי טוויזלרס תות ש,גרמים,198.00,100 גרם,false,1,7.70,3.89,true,1,
36000516876,false,ממחטות נייר קלינקס לושן 3 שכבות 75 דף,חוגלה קימברלי,IT,ממחטות נייר קלינקס ל,Unknown,0.00,Unknown,false,1,11.90,11.90,true,1,
38000138638,false,חטיף צ'יפס פרינגלס פיצה 158 גרם,פרינגלס מנופקצ'ורינג קונ,,פרינגלס פיצה 158 גרם,גרמים,158.00,100 גרם,false,1,8.90,5.63,true,1,
38000138720,false,חטיף צ'יפס פרינגלס ראנץ 158 גרם,פרינגלס מנופקצ'ורינג קונ,,פרינגלס ראנץ 158 גרם,גרמים,158.00,100 גרם,false,1,8.90,5.63,true,1,
38000183928,false,פרינגלס דבש וחרדל 158 גרם,פרינגלס מנופקצ'ורינג,US,פרינגלס חרדל ודבש 15,גרמים,158.00,100 גרם,false,1,8.90,5.63,true,1,
38000197840,false,פרינגלס גלי בטעם חריף מתוק 137 ג',פרינגלס מנופקצ'ורינג,US,פרינגלס וייב חריף מת,גרמים,137.00,100 גרם,false,1,8.90,6.50,true,1,
38000232152,false,פרינגלס חטיפי תפוח אדמה בטעם ברביקיו 158 גרם,פרינגלס מנופקצ'ורינג קומ,,פרינגלס ברביקיו 158,גרמים,158.00,100 גרם,false,1,8.90,5.63,true,1,
38000232176,false,פרינגלס ביג שמנת בצל 158 גרם,פרינגלס מנופקצ'ורינג קונ,,פרינגלס שמנת בצל 158,גרמים,158.00,100 גרם,false,1,8.90,5.63,true,1,
38000232183,false,פרינגלס ביג אורגינל 149 גרם,פרינגלס מנופקצ'ורינג קונ,,פרינגלס אוריגינל 149,גרמים,149.00,100 גרם,false,1,8.90,5.97,true,1,
38527591060,false,דגני קוואקר מרובעים Quaker Squares עם סוכר חום,קוואקר אוטס קומפני,,דגני בוקר מרובעים 4,גרמים,411.00,100 גרם,false,1,19.90,4.84,true,1,
41190022724,false,שופ רייט דייסת תפוח קינמון 350 גרם,ווקפרן פוד,,שופ רייט דייסת תפוח,גרמים,350.00,100 גרם,false,1,27.90,7.97,true,1,
41331124355,false,שעועית אדומה קידני כהה 439 גרם,,,שעועית אדומה קידני,גרמים,439.00,100 גרם,false,1,12.50,2.85,true,1,
41331124430,false,שעועית לבנה חמאה 439 גרם,,,שעועית לבנה חמאה,גרמים,439.00,100 גרם,false,1,13.50,3.08,true,1,
41335000501,false,רוטב ומרינדה איטלקי 473 גר,קנס פודס,,רוטב ומרינדה איטלקי,גרמים,473.00,100 גרם,false,1,27.90,5.90,true,1,
41390001079,false,"רוטב סויה קיקומן 444 מ""ל מופחת נתרן",קיקומן פודז אינק,US,רוטב סויה מופחת נתרן,מיליליטרים,444.00,"100 מ""ל",false,1,18.90,4.26,true,1,
41390010309,false,"רוטב טריאקי קיקומן 444 מ""ל",קיקומן פודז אינק,,רוטב טריאקי קיקומן 4,מיליליטרים,444.00,"100 מ""ל",false,1,23.90,5.38,true,1,
41500013183,false,רוטב סויה וורצסטר פרנצס גדול,,,"רוטב וורצסטר 443 מ""ל",מיליליטרים,443.00,"100 מ""ל",false,1,23.90,5.40,true,1,
46214731552,false,עוגיות שוקולד צ'יפס 37% גודיס 225 גרם,קריניציה ויטמינה אס,,עוגיות מרבה שוקולד צ,גרמים,225.00,100 גרם,false,1,8.60,3.82,true,1,
47997123367,false,מגיק תערובת תבלינים לסטייק 64 גר,,,מגיק תערובת תבלינים,Unknown,0.00,Unknown,false,1,19.50,19.50,true,1,
48327203513,false,"שמן זית כתית מעולה 750 מ""ל YBARRA",,ES,שמן זית כתית מעולה 7,מיליליטרים,750.00,"100 מ""ל",false,1,34.50,4.60,true,1,
50000100347,false,"פריסקיז - מעדני החתול מועשר בחלב 1.40 ק""ג",נסטלה פורינה USA מק,,פריסקיז מעדני החתול,קילוגרמים,0.00,"ק""ג",false,1,35.90,35.90,true,1,
50000168583,false,"מזון חתולים פריסקיז אקסטרא קראנץ 1.43 ק""ג","פורינה ארה""\ב",,פריסקיז אקסטרא קראנץ,Unknown,1.00,Unknown,false,1,35.90,35.90,true,1,
50000293339,false,פריסקיז גרייבי 156 ג,פורינה,,פריסקיז גרייבי 156 ג,גרמים,156.00,100 גרם,false,1,6.90,4.42,true,1,
50000397587,false,נסטלה אבקת שוקו חלב 121 גרם,נסטלה,US,נסטלה אבקת שוקו חלב,גרמים,121.00,100 גרם,false,1,21.90,18.10,true,1,
50000428946,false,פנסי פיסט דג סול ושרימפס,,,פנסי פיסט דג סול ושר,גרמים,85.00,100 גרם,false,1,5.90,6.94,true,1,
50000429042,false,מזון חתולים כבד מעודן ועוף פנסי פיסט 85 גרם,נסטלה פורינה USA ג',,פינסי פיטס כבד מעדן,גרמים,85.00,100 גרם,false,1,5.90,6.94,true,1,
50000429646,false,פריסקיז פנסי פיסט לח דג אוקיאנוס 85 גרם,נסטלה פורינה USA ג',,פנסי פיסט דגי אוקיינ,גרמים,85.00,100 גרם,false,1,5.90,6.94,true,1,
54881005654,false,תה ירוק יסמין 20 שקיות AHMAD TEA,אחמד תה אנגליה,,תה ירוק יסמין 20 שקי,Unknown,0.00,Unknown,false,1,16.00,16.00,true,1,
54881007115,false,תה שחור וניל 20 שקיקים אחמד,אחמד תה אנגליה,,תה שחור וניל 20 שקיק,Unknown,0.00,Unknown,false,1,13.00,13.00,true,1,
54881008174,false,תה אחמד ארל גריי 100 שקיקים,תה אחמד Ahmad tea,,תה אחמד ארל גריי 100,גרמים,180.00,100 גרם,false,1,21.50,11.94,true,1,
55369901673,false,אפלסנקס רביעיות רסק תפוחי עץ אפרסק ללא תוספת סוכר,ליייהי אורצ'רדס,,"אפלסנק ללת""ס רסק תפו",גרמים,113.00,100 גרם,false,1,17.40,15.40,true,1,
70177078744,false,תה אינגליש ברקפסט נטול קפאין 25 שקיקי,טווינינגס Twinings,PL,תה אינגליש ברקפסט נט,Unknown,0.00,Unknown,false,1,21.90,21.90,true,1,
70177084738,false,טווינינגס שחור רד פרוט 50 גרם,אר.טווינינג אנד קומפני א,,טווינינגס שחור רד פר,גרמים,50.00,100 גרם,false,1,17.90,35.80,true,1,
70177176914,false,תה טווינינג ארל גריי נטול קפאין 25 שקיקי,טווינינגס Twinings,,תה טווינינג ארל גריי,Unknown,0.00,Unknown,false,1,21.90,21.90,true,1,
70177177669,false,חליטה למון גינגר 30 גרם טווינינג,אר. טווינינגס אנד קומפני,PL,חליטה למון גינגר 30,Unknown,0.00,Unknown,false,1,18.80,18.80,true,1,
70221011116,false,טובלרון - שוקולד חלב 100 גרם,טובלרון Toblerone,,טובלרון שוקולד חלב 1,גרמים,100.00,100 גרם,false,1,10.40,10.40,true,1,
71505022415,false,קרם ציז במשקל,,,קרם ציז במשקל,Unknown,0.00,"ק""ג",true,0,59.00,59.00,true,1,
71505022453,false,גבינה אמריקן הריטייג חפיסה 227 גרם,,,גבינה אמריקן הריטייג,גרמים,227.00,100 גרם,false,1,16.90,7.44,true,1,
72320111766,false,סטאופר חטיפי קרקר צדר 198 גרם,,,סטאופר חטיפי קרקר,גרמים,198.00,100 גרם,false,1,16.90,8.54,true,1,
72600007123,false,הרס חטיף ציפס תפוחי אדמה טבעי 170 גרם,הר פודס,,הר חטיף תפוח אדמה קט,גרמים,170.00,100 גרם,false,1,23.90,14.06,true,1,
72600009257,false,הר טורטיה צ'יפס מתירס לבן 255 גרם,הר פודס,,הר חטיפי טורטיה תירס,גרמים,255.00,100 גרם,false,1,23.90,9.37,true,1,
74410470050,false,אצות קומבו 57 גרם רונגצאנג,Qingdao Sun-growing,,אצות קומבו 57 גרם רו,גרמים,57.00,100 גרם,false,1,12.50,21.93,true,1,
76840100583,false,"גלידת וניל עם בצק עוגיות בן וג'ירי 473 מ""ל",מוצרי איכות אמריקאיים בע,,בן אנד גריס וניל עם,גרמים,500.00,100 גרם,false,1,23.90,4.78,true,1,
77245110610,false,סוכריות מאסט ללא סוכר בטעם מנטה 80 ג'עלית,MIESZKO S.A - MS. JO,PL,"סוכריות מאסט לל""ס מנ",Unknown,80.00,Unknown,false,1,10.40,0.13,true,1,
77975022757,false,בייגלה קשה מבצק שאור בסגנון אמריקאי,סניידרס אוף האנובר,,בייגלה אמריקאי ענק ב,גרמים,390.00,100 גרם,false,1,16.90,4.33,true,1,
77975094761,false,סניידרס חטיפים על בסיס קמח חיטה בטעם גבינת צ'דר,סניידרס אוף האנובר,,שברי בייגלה סניידרס,גרמים,340.00,100 גרם,false,1,16.90,4.97,true,1,
77975094778,false,שברי בייגלה סניידרס בטעם דבש חרדל 340 גר,סניידרס אוף האנובר,,שברי בייגלה סניידרס,גרמים,340.00,100 גרם,false,1,16.90,4.97,true,1,
77975095133,false,שברי בייגלה בטעם פיקנטי 318 ג' סניידרס,סניידרס Snyder's,,סניידרס פיקנטי 319 ג,גרמים,319.00,100 גרם,false,1,16.90,5.30,true,1,
82184090442,false,וויסקי ג'ק דניאלס 1 ליטר,בראון פורמן,,וויסקי גק דניאלס 1 ל,מיליליטרים,1000.00,"100 מ""ל",false,1,140.90,14.09,true,1,
84380984563,false,סאנט דלפור חמוציות ואוכמניות 284 גרם,,,סאנט דלפור חמוציות ו,גרמים,284.00,100 גרם,false,1,19.90,7.01,true,1,
85696608044,false,טופו ללא גלוטן 349ג' (כ) Morinaga,Morinaga nutritional,,טופו ללא גלוטן 349 ג,מיליליטרים,349.00,"100 מ""ל",false,1,10.00,2.87,true,1,
613008742348,false,אריזונה ג'נסינג ודבש בקבוק 1 ליטר,"נטורלה גטרנק בע""\מn\",DE,אריזונה גנסנג ודבש ב,מיליליטרים,1000.00,"100 מ""ל",false,1,11.80,1.18,true,1,
613008753290,false,"אריזונה אפרסק בקבוק 450 מ""ל",אריזונה Arizona,BG,"אריזונה אפרסק 450 מ""",מיליליטרים,450.00,"100 מ""ל",false,1,7.50,1.67,true,1,
613008753351,false,"בקבוק אריזונה רימונים 450 מ""ל",אריזונה Arizona,BG,אריזונה רימונים 450,מיליליטרים,450.00,"100 מ""ל",false,1,7.50,1.67,true,1,
628154383659,false,דגני בוקר פרוטי פבלס פוסט 311 גרם,פוסט ארצות הברית,US,דגנים בטעם פירות 311,גרמים,311.00,100 גרם,false,1,21.90,7.04,true,1,
645173911038,false,קורנישון מלפפוןן מיני 720 גרם - תומר,קלמן אינדיה פי וי סי,,קורנישון מיני בצנצנת,גרמים,720.00,100 גרם,false,1,10.90,1.51,true,1,
649870165695,false,חטיף נייטיב לכלב מקל,לנגי,,חטיף נייטיב לכלב מקל,Unknown,1.00,Unknown,false,1,15.90,15.90,true,1,
673879001227,false,"קאברד ברידג חטיף תפו""א בשמן אבוקדו 142",,,קאברד ברידג חטיף תפו,גרמים,142.00,100 גרם,false,1,24.90,17.54,true,1,
693493102575,false,עגבניות שרי מארז יחידה,חקלאי,,עגבניות שרי,Unknown,0.00,Unknown,false,1,12.90,12.90,true,1,
728229123590,false,טרה אורגינל חטיף על בסיס ירקות שורש בטעם טבעי 110 גרם,הונדורס צ'יפס יצור א,,חטיף ציפס טרה אורגי,גרמים,110.00,100 גרם,false,1,14.90,13.55,true,1,
728229123613,false,טרה חטיף על בסיס תפוח אדמה כחול בטעם טבעי 110 גרם,היין סלסטיאל גרופ,,ציפס 110 גרם טרה כחו,גרמים,110.00,100 גרם,false,1,14.90,13.55,true,1,
728229123811,false,טרה חטיף על בסיס ירקות שורש בתיבול ים תיכוני 110 גרם,הונדורס צ'יפס יצור א,,ציפס 110 גרם טרה בטט,גרמים,110.00,100 גרם,false,1,14.90,13.55,true,1,
757528008796,false,טאקיס-חטיף תירס צילי חריף וליים 113 גר,,,טאקיס-חטיף תירס צילי,גרמים,113.00,100 גרם,false,1,14.90,13.19,true,1,
839762000641,false,משקה איילנד מנגו נקטר 1 ל',פארייפאבה אגרואינדוס,,משקה איילנד מנגו 1 ל,מיליליטרים,1000.00,"100 מ""ל",false,1,14.90,1.49,true,1,
839762000658,false,איילנד גויאבה המשקה של חופי סיני 1 ליטר,The Egyptian Co. for,,משקה איילנד גויאבה 1,מיליליטרים,1000.00,"100 מ""ל",false,1,14.90,1.49,true,1,
842826001126,false,דובשניות סחרניה בטעם דבש 500 גר BKK,,HR,ווגטה 400 גר זכוכית,גרמים,400.00,100 גרם,false,1,33.90,8.48,true,1,
884912365200,false,דגני בוקר אוראו 311 גרם מתכון חדש,פוסט ארצות הברית,,דגני בוקר אוראו עוגי,גרמים,311.00,100 גרם,false,1,23.90,7.68,true,1,
2389366314609,false,דנאבלו שקיל,,,דנאבלו שקיל,Unknown,0.00,"ק""ג",true,0,79.00,79.00,true,1,
3046920016377,false,לינדט שוקולד אקסלנס מריר 100% קקאו 50 גר,לינדט ושפרונגלי,FR,לינדט שוקולד אקסלנס,גרמים,50.00,100 גרם,false,1,14.90,29.80,true,1,
3046920027281,false,שוקולד מריר אקסלנס במילוי קרמל ומלח ים,לינדט ושפרונגלי קילשברג,,לינדט אקס קרמל סולט,גרמים,100.00,100 גרם,false,1,14.90,14.90,true,1,
3046920028004,false,לינדט שוקולד אקסלנס מריר 70% 100 גר,לינדט ושפרונגלי קילשברג,,לינדט שוקולד אקסלנס,גרמים,100.00,100 גרם,false,1,14.90,14.90,true,1,
3046920029674,false,שוקולד לינדט אקסלנס סולט 100 גרם,לינדט ושפרונגלי קילשברג,,לינדט אקס סולט 100 ג,גרמים,100.00,100 גרם,false,1,14.90,14.90,true,1,
3068320014067,false,מים מינרלים אוויאן 750 מל,קריניציה ויטמינה אס,,מים מינרלים אוויאן 7,מיליליטרים,1000.00,"100 מ""ל",false,1,9.90,0.99,true,1,
3068320085005,false,מים מינלים אוויאן 1.5 ליטר,,,מים מינלים אוויאן 1.,ליטרים,0.00,ליטר,false,1,13.60,13.60,true,1,
3068320103389,false,"מים מינרלים אוויאן 750 מ""ל זכוכית",,,מים מינרלים אוויאן 7,מיליליטרים,750.00,"100 מ""ל",false,1,12.90,1.72,true,1,
3068320127576,false,מים מינרלים אוויאן מבעבע 750 מל זכוכית,,,מים מינרלים אוויאן מ,מיליליטרים,750.00,"100 מ""ל",false,1,12.90,1.72,true,1,
3073780574242,false,גבינה לואש קירי 16 יח' 240 ג',,,גבינה לה וואש קירי,גרמים,280.00,100 גרם,false,1,28.50,10.18,true,1,
3073781162790,false,גבינה מותכת בייבי בל 120 גרם,מחלבות בל,,בייבי בל אדם 120 גר,גרמים,120.00,100 גרם,false,1,20.90,17.42,true,1,
3092718586706,false,"סירופ מנטה 600 מ""ל טסייר",טסר,,"סירופ מנטה 600 מ""ל ט",מיליליטרים,600.00,"100 מ""ל",false,1,36.80,6.13,true,1,
3175529633934,false,יין לבן ויו פאפ שרדונה קולומברד 750 מל,,FR,יין לבן ויו פאפ שרדו,Unknown,0.00,Unknown,false,1,41.90,41.90,true,1,
3178530402353,false,עוגות מיני מדלן קלאסי סאן מישל 175 גרם,סאן מישל ביסוויט,,מיני מדליינס סאן מיש,גרמים,175.00,100 גרם,false,1,12.50,7.14,true,1,
3178530407938,false,עוגיות מיני מדליין עם שוקוצ'יפס סאן מישל 175 גרם,סאן מישל,,מיני מדליין 175 גר,גרמים,175.00,100 גרם,false,1,13.90,7.94,true,1,
3178530411478,false,ביסקוויטים גאלט עם חמאה ומלח ים,סן מישל St Michel,,ביסקוויט סאן מישל גד,גרמים,150.00,100 גרם,false,1,12.90,8.60,true,1,
3178530417340,false,בראוניז שוקולד סנט מישל 210 גרם,סן מישל,FR,בראוניז שוקולד סאן מ,גרמים,210.00,100 גרם,false,1,17.90,8.52,true,1,
3181448677010,false,"יין לבן מיסטרל קוט דה פרובאנס 750 מ""ך",,FR,יין לבן מיסטרל קוט ד,Unknown,0.00,Unknown,false,1,79.90,79.90,true,1,
3211200108756,false,"יין מיזון קסטל מרלו רוזה 750 מ""ל",,,יין מיזון קסטל מרלו,Unknown,0.00,Unknown,false,1,46.90,46.90,true,1,
3211201046439,false,מיזון קסטל קברנה סוביניון 750 מל,,,מיזון קסטל קברנה סוב,Unknown,0.00,Unknown,false,1,46.90,46.90,true,1,
3211201046460,false,"מיזון קסטל מרלו 750 מ""ל",,,מיזון קסטל מרלו 750,Unknown,0.00,Unknown,false,1,46.90,46.90,true,1,
3211203433220,false,ברון דה לסטאק בורדו 750 מל,,,ברון דה לסטאק בורדו,Unknown,0.00,Unknown,false,1,59.90,59.90,true,1,
3211203444066,false,מיזון קסטל גרנד רזרב שרדונה 750 מל,,,מיזון קסטל גרנד רזרב,Unknown,0.00,Unknown,false,1,51.90,51.90,true,1,
3211203444141,false,מיזון קסטל גרנד רזרב סירה 750 מל,,,מיזון קסטל גרנד רזרב,Unknown,0.00,Unknown,false,1,51.90,51.90,true,1,
3211209117902,false,"יין מיזון קסטל מוסקט לבן חצי 750 מ""ל",,,יין מיזון קסטל מוסק,Unknown,0.00,Unknown,false,1,46.90,46.90,true,1,
3211209117964,false,"מיזון קסטל קוט דה פרובנס רוזה 750 מ""ל",,,מיזון קסטל קוט דה פר,Unknown,0.00,Unknown,false,1,62.90,62.90,true,1,
3211209149897,false,יין ברון דה לסטאק רוזה בורדו 750 מל,,,יין ברון דה לסטאק רו,Unknown,0.00,Unknown,false,1,59.90,59.90,true,1,
3211209194507,false,מיזון קסטל שרדונה 750 מל,,,מיזון קסטל שרדונה 75,Unknown,0.00,Unknown,false,1,46.90,46.90,true,1,
3211209267126,false,מיזון קסטל גוורצטרמינר 750 מל,,,מיזון קסטל גוורצטרמי,Unknown,0.00,Unknown,false,1,44.90,44.90,true,1,
3211209282167,false,"מיזון קסטל ברוט רוזה מבעבע 750 מ""ל",,,מיזון קסטל ברוט רוזה,Unknown,0.00,Unknown,false,1,62.90,62.90,true,1,
3211209968832,false,"יין מיזון קסטל ויוניה 750 מ""ל",,,יין מיזון קסטל ויוני,Unknown,0.00,Unknown,false,1,46.90,46.90,true,1,
3256760106408,false,פלשארד בסגנון פטה 500 גר,,,פלשארד בסגנון פטה 50,גרמים,500.00,100 גרם,false,1,12.50,2.50,true,1,
3256761201003,false,פלשארד בסגנון פטה מעודנת 500 גר קרטונית,,,פלשארד בסגנון פטה מע,גרמים,500.00,100 גרם,false,1,12.50,2.50,true,1,
3263286301385,false,יין J.P רוזה סינסולט גרנאש 750 מל,קב דה לנדירס,,יין J.P רוזה סינסולט,Unknown,0.00,Unknown,false,1,41.90,41.90,true,1,
3272770003148,false,"שברוקס גבינת עיזים פרמידה, 150 גרם",מיוצר עי קונדיטוריית,,שברו עיזים טבעי 150,גרמים,150.00,100 גרם,false,1,26.90,17.93,true,1,
3412290023640,false,אמנטל צרפתי ארוז 250 גר,,,אמנטל צרפתי ארוז 250,גרמים,250.00,100 גרם,false,1,28.50,11.40,true,1,
3523230025652,false,"גבינת מיני בושה עם שום ועשי תיבול ועשבי, 125 גרם",סואניון,,גבינה מיני בושה,גרמים,125.00,100 גרם,false,1,24.90,19.92,true,1,
3574661552576,false,קרפרי מגן תחתון רגיל טנגה לבן 56 יח חדש,הדקלאים אגודת שיתופי,IT,מגן תחתון קרפרי רגיל,Unknown,0.00,Unknown,false,1,17.70,17.70,true,1,
3608580730286,false,קונפיטורה בון ממאן ארבע עונות 370 גר',אנדורס,FR,קונפיטורה ארבע פירות,גרמים,370.00,100 גרם,false,1,20.90,5.65,true,1,
3608580730323,false,קונפיטורה בטעם פטל 370 גר BONNE MAMAN,אנדורס,,קונפיטורה בטעם פטל 3,גרמים,370.00,100 גרם,false,1,20.90,5.65,true,1,
3770000016796,false,"יין שבלי דומיין דה שאטיון כשל""פ 750 מ""ל",דומיין דה לה,FR,יין שבלי דומיין דה ש,Unknown,0.00,Unknown,false,1,84.90,84.90,true,1,
3800093511530,false,טימס מאפה שמרים במילוי קרם שוקולד 250 גר,,,טימס מאפה שמרים במיל,גרמים,250.00,100 גרם,false,1,10.90,4.36,true,1,
3800093511561,false,טימס לחמניות באנס ריבת דובדבנים 250 גרם,,,טימס לחמניות באנס רי,גרמים,250.00,100 גרם,false,1,10.90,4.36,true,1,
3800093511578,false,"טימס מאפה שמרים עם מרמלדת תפו""ע 250 ג",,,טימס מאפה שמרים עם מ,גרמים,250.00,100 גרם,false,1,10.90,4.36,true,1,
3800093511622,false,טימס מאפה שמרים עם מרמלדת ורד בר 250 גר,,,טימס מאפה שמרים עם מ,גרמים,250.00,100 גרם,false,1,10.90,4.36,true,1,
3800740017156,false,"עגבניות טודורקה עם שמיר 1 ק""ג",ס.י.א. אילגיזיום,,עגבניות טודורקה עם ש,גרמים,1000.00,100 גרם,false,1,19.90,1.99,true,1,
3800740028220,false,רוטב עגבניות ברביקיו קלאסי 330 גר,,BG,רוטב עגבניות ברביקיו,גרמים,330.00,100 גרם,false,1,12.90,3.91,true,1,
3800740031084,false,רוטב עגבניות עם אוכמניות וצילי 330 גר,,BG,רוטב עגבניות עם אוכמ,גרמים,330.00,100 גרם,false,1,13.90,4.21,true,1,
3800740031206,false,רוטב עגבניות ברביקיו בטעם פטריות 330 גר,,BG,רוטב עגבניות ברביקיו,גרמים,330.00,100 גרם,false,1,12.90,3.91,true,1,
3850104008054,false,תבלין ירקות ווגטה 75 גר,פודרבקה ד.ד,HR,תבלין ירקות ווגטה 75,גרמים,75.00,100 גרם,false,1,7.50,10.00,true,1,
3850104008443,false,תערובת תבלינים עם ירקות ווגטה 500 גר,פודרבקה ד.ד,HR,תערובת תבלינים עם יר,גרמים,500.00,100 גרם,false,1,38.90,7.78,true,1,
3850104029189,false,תבלין ויגטה לפלוב 30 גר,,HR,תבלין תיבול לפלוב 20,Unknown,0.00,Unknown,false,1,3.50,3.50,true,1,
4000417019004,false,שוקולד חלב אגוזי לוז שלמים ריטר ספורט 100 גרם,ריטר ספורט Ritter sport,,שוקולד RITTER SPORT,גרמים,400.00,100 גרם,false,1,10.50,2.63,true,1,
4000417025005,false,שוקולד מריר במילוי מרציפן ריטר ספורט 100 גרם,ריטר ספורט Ritter sport,,שוקולד RITTER SPORT,גרמים,100.00,100 גרם,false,1,8.90,8.90,true,1,
4000417026002,false,שוקולד ריטר ספורט פרלין 100 גרם חלב נוכרי,ריטר ספורט Ritter sport,,שוקולד ריטר ספורט נו,גרמים,100.00,100 גרם,false,1,8.90,8.90,true,1,
4000417294005,false,ריטר שקולד חלב במילוי קרם קקאו מוקצף,ריטר ספורט Ritter sport,,שוקולד RITTER SPORT,גרמים,100.00,100 גרם,false,1,8.90,8.90,true,1,
4000417298003,false,שוקולד ריטר ספורט קוקוס 100 גרם חלב נוכרי,ריטר ספורט Ritter sport,,שוקולד ריטר ספורט קו,גרמים,100.00,100 גרם,false,1,8.90,8.90,true,1,
4000504149324,false,גבינת רוגט גרמני 125 גרם,,DE,גבינת רוגט גרמני 125,גרמים,125.00,100 גרם,false,0,22.90,18.32,true,1,
4000504213028,false,גבינה דורבלו גרמנית במשקל,,,גבינה דורבלו גרמנית,Unknown,0.00,"ק""ג",true,0,184.00,184.00,true,1,
4000512364450,false,טרולי גומי ביזל מיקס 200 גרם,,DE,טרולי גומי ביזל מיקס,גרמים,200.00,100 גרם,false,1,10.90,5.45,true,1,
4000539280726,false,שוקולד לינדט אקסלנס מילד 70% 100 גר,לינדט ושפרונגלי,DE,שוקולד לינדט אקסלנס,גרמים,100.00,100 גרם,false,1,14.90,14.90,true,1,
4001686309506,false,הריבו - גומי בטעם דובדבן 200 גרם,,DE,הריבו גומי דובדבן 20,גרמים,200.00,100 גרם,false,1,9.90,4.95,true,1,
4001686405093,false,הריבו תות 200 גרם,,,הריבו תות 200 גרם,גרמים,200.00,100 גרם,false,1,8.90,4.45,true,1,
4001686705452,false,הריבו- ממתק גומי יין בצורת פטל 200 גרם,,DE,הריבו- ממתק גומי יין,גרמים,200.00,100 גרם,false,1,10.40,5.20,true,1,
4003301051364,false,יין ריזלינג מייבאך חצי מתוק 750 מל,,,יין ריזלינג מייבאך ח,Unknown,0.00,Unknown,false,1,56.90,56.90,true,1,
4008400101521,false,פררו-מון שרי פרליני דובדבן ליקר 105 גר,,,פררו-מון שרי פרליני,מיליליטרים,262.00,"100 מ""ל",false,1,24.90,9.50,true,1,
4008400209524,false,קינדר - מארז שוקולד קריסמס 102 גרם,,IT,קינדר - מארז שוקולד,גרמים,102.00,100 גרם,false,1,22.90,22.45,true,1,
4008400290126,false,ק'נדר פינגווי עוגת ספוג במילוי חלבי מצופה שוקולד מריר 30 ג' OUD,פררו טורקיה צ'\יקולטה וו,,קינדר פינגווי עוגת,גרמים,30.00,100 גרם,false,1,4.50,15.00,true,1,
4008400510125,false,קינדר- שוקולד חלב בצורת סנטה קלאוס 75 גר,,IT,קינדר- שוקולד חלב בצ,גרמים,75.00,100 גרם,false,1,20.90,27.87,true,1,
4008400511825,false,שוקולד קינדר בצורת סנטה קלאוס 110 גרם,פררו,IT,שוקולד קינדר בצורת ס,גרמים,110.00,100 גרם,false,1,22.90,20.82,true,1,
4009300524588,false,חליטת צמחים פומפדור פירות יער 20 יחידות,פומפדור Pompadour,,תה חליטת פומפדור פיר,Unknown,0.00,Unknown,false,1,16.70,16.70,true,1,
4009300525684,false,חליטת צמחים פומפדור ג'ינג'ר ולימון 20 יחידות,פומפדור Pompadour,,תה חליטת פומפדור לימ,Unknown,0.00,Unknown,false,1,16.70,16.70,true,1,
4009300527497,false,פומפדור חליטת צמחים מנטה לימון 30 גר,TEEKANNE- POMPADOU,,פומפדור חליטת צמחים,Unknown,0.00,Unknown,false,1,16.70,16.70,true,1,
4009300529514,false,תה חליטת פומפדור פירות אוכמניות 20 יח,TEEKANNE- POMPADOU,DE,תה חליטת פומפדור פיר,גרמים,50.00,100 גרם,false,1,16.70,33.40,true,1,
4009309742426,false,רסק תפוח מנגו אורגני 700 גר נטורפוד,נטורפוד,,רסק תפוח מנגו אורגני,גרמים,700.00,100 גרם,false,1,18.90,2.70,true,1,
4009900402965,false,אורביט וויט בטעם פירות בקבוקון 46מלבניות,ריגלי פולין,,מסטיק אורביט WHITE ב,Unknown,0.00,Unknown,false,1,9.50,9.50,true,1,
4009900403023,false,אורביט וויט בטעם מנטה בקבוקון 46 מלבניות,"ב.א מזון בע""מ",,מסטיק אורביט WHITE ב,Unknown,0.00,Unknown,false,1,9.50,9.50,true,1,
4009900420129,false,מסטיק אורביט פרופשנל פפרמינט בקבוקון 64 גר',מרס נדרלנד,PL,מסטיק אורביט פרופשיו,Unknown,0.00,Unknown,false,1,9.50,9.50,true,1,
4009900455299,false,"סוכרית ג'לי אדומה 174 גרם ""סקיטלס""",ריגלי ממתקים,,סקיטלס פירות 174 גרם,גרמים,174.00,100 גרם,false,1,10.40,5.98,true,1,
4009900465304,false,סוכריות סקיטלס פירות חמוצים 174 גרם,ריגלי ממתקים,,סקיטלס פירות חמוצים,גרמים,174.00,100 גרם,false,1,10.40,5.98,true,1,
4009900482417,false,מסטיק אורביט פירות מנטה בקבוקון באבל מינט 45יח,ריגלי פולין,,מסטיק אורביט באבל מי,Unknown,0.00,Unknown,false,1,9.50,9.50,true,1,
4009900500166,false,סוכריות בטעם פירות בקבוק סקיטלס 125 גרם,ריגלי ממתקים,,סוכריות סקיטלס פירות,גרמים,125.00,100 גרם,false,1,9.30,7.44,true,1,
4009900521581,false,סוכריות אורביט מינטס מנטה בבקבוקון 77 גר,ריגלי פולין,,סוכריות אורביט מינטס,גרמים,77.00,100 גרם,false,1,9.90,12.86,true,1,
4011800528416,false,קורני חטיף דגנים עם בוטנים מתוק-מלוח*6,שוורטאוור וורקה,DE,קורני בייס סויט & סו,גרמים,150.00,100 גרם,false,1,11.90,7.93,true,1,
4011800617615,false,1X24X50G קורני ביג שוקולד,שוורטאוור וורקה,DE,קורני ביג שוקו 50 גר,גרמים,50.00,100 גרם,false,1,4.90,9.80,true,1,
4011800617714,false,"""קורני"" ביג שוקו בננה50 גרם",מיוצר עי קונדיטוריית,DE,קורני ביג שוקו בננה,גרמים,50.00,100 גרם,false,1,4.90,9.80,true,1,
4011800618315,false,קורני ביג דארק & וואיט 40 גר,Unknown,DE,קורני ביג דארק & ווא,גרמים,50.00,100 גרם,false,1,4.90,9.80,true,1,
4011800628512,false,חטיף קורני שוקולד חלב 6 יח 150 גר,מיוצר עי קונדיטוריית,DE,חטיף קורני שוקולד חל,גרמים,150.00,100 גרם,false,1,11.90,7.93,true,1,
4011800629519,false,"מארז חטיפי דגנים אגוזים ""קורני""",שוורטאוור וורקה,DE,קורני בייס נאטס 150,גרמים,150.00,100 גרם,false,1,11.90,7.93,true,1,
4011800630515,false,חטיף קורני שוקולד חלב ובננה 6 יח 150 גר,מיוצר עי קונדיטוריית,DE,חטיף קורני שוקולד חל,גרמים,150.00,100 גרם,false,1,11.90,7.93,true,1,
4014303516904,false,הלורן-כדורי מוצארט קוגלן 200 גרם,,,הלורן-כדורי מוצארט ק,גרמים,200.00,100 גרם,false,1,29.90,14.95,true,1,
4014400904376,false,סוכריות טופי בטעם שוקולד סטורק 325 גרם,קריניציה ויטמינה אס,,סוכריות שטרוק שוקולד,גרמים,325.00,100 גרם,false,1,19.80,6.09,true,1,
4014400907902,false,"וורטרס אורגינל סוכריות חמאה ללא סוכר בקופסה
42 גרם",וורטר'ס אורגינל,,סוכריות וורטר בוקס ל,Unknown,0.00,Unknown,false,1,6.80,6.80,true,1,
4014400914924,false,"סוכריות בטעם קפה וורטר אורגינל לל""ס 80 גרם",קריניציה ויטמינה אס,,סוכריות וורטר ללא ס,Unknown,0.00,Unknown,false,1,8.00,8.00,true,1,
4014400917543,false,טופיפי 100 גרם,,DE,טופיפי 100 גרם,מיליליטרים,100.00,"100 מ""ל",false,1,9.90,9.90,true,1,
4014400923711,false,בונבוניירה שוקולד אגוזים טופיפי 125 גרם,אוגוסט שטורק,,טופיפי 125 גרם,גרמים,125.00,100 גרם,false,1,12.50,10.00,true,1,
4014400925326,false,וורטרס אורגינל פופקורן קרמל ובייגלה 140,,,וורטרס אורגינל פופקו,גרמים,140.00,100 גרם,false,1,20.90,14.93,true,1,
4014400926545,false,ממבה מגיק סטיקס 290 גרם,,DE,ממבה מגיק סטיקס 290,גרמים,290.00,100 גרם,false,1,17.90,6.17,true,1,
4014400932959,false,טופיפי שוקולד לבן 125 גרם,,,טופיפי שוקולד לבן 12,גרמים,125.00,100 גרם,false,1,15.90,12.72,true,1,
4014522180108,false,בודטה-סוכריות אורגני צמחים בטעם ג'ינגר 75ג,,DE,בודטה סוכריות אורגני,גרמים,75.00,100 גרם,false,1,10.90,14.53,true,1,
4014600204061,false,רגולדס סוכריות בפח בטעם אפרסק 150 גר,,,רגולדס סוכריות בפח ב,גרמים,150.00,100 גרם,false,1,9.90,6.60,true,1,
4015400681670,false,תחבושות אולוויז וליו פק לילה בטוח 18 יחידות,פרוקטר אנד גמבל,,תחבושות אולוויז לילה,Unknown,0.00,Unknown,false,1,19.90,19.90,true,1,
4015400755487,false,תחבושות היגייניות אולוויז אולטרה לונג - 24 יח',פרוקטר אנד גמבל,,תחבושות אולוויז וליו,Unknown,0.00,Unknown,false,1,19.90,19.90,true,1,
4017100364112,false,בלזן היט בסקוויט סנדביץ עם מלית קרם בטעם שוקולד קקאו (41%) 220 גרם,הדקלאים אגודת שיתופי,,ביסקוויט ממולא קרם ש,גרמים,220.00,100 גרם,false,1,10.40,4.73,true,1,
4018344511188,false,סלמון פראי ברוטב שום לארסן 200 גרם,,,סלמון פראי ברוטב שום,גרמים,200.00,100 גרם,false,1,12.90,6.45,true,1,
4018344511195,false,סלמון פראי ברוטב צילי וליים לארסן 200 גר,,,סלמון פראי ברוטב ציל,גרמים,200.00,100 גרם,false,1,12.90,6.45,true,1,
4023800012109,false,מרציפן שלוקוורד מצופ,,DE,מרציפן מצופה 100 גר,גרמים,100.00,100 גרם,false,1,7.90,7.90,true,1,
4023800122105,false,מרציפן לא מצופה 82 גרם,,DE,מרציפן לא מצופה 82 ג,גרמים,82.00,100 גרם,false,1,7.90,9.63,true,1,
4025700001962,false,מילקה טבלה 100 גר' לבן 1/22 (4248023),פי אר ג'יי אס סי מונ,,שוקולד לבן מילקה 100,גרמים,100.00,100 גרם,false,1,6.50,6.50,true,1,
4026701001081,false,מולהאוזר-קונפיטורת שזיפים 450 גר,,,מולהאוזר-קונפיטורת ש,גרמים,450.00,100 גרם,false,1,8.90,1.98,true,1,
4032900124254,false,ווינסטון קומפלקט ברי PP חפיסה,Unknown,,ווינסטון קומפלקט ברי,Unknown,0.00,Unknown,false,1,28.50,28.50,true,1,
4033100014468,false,סיגריות אל די אדום בודד,Unknown,,LD אדום,Unknown,0.00,Unknown,false,1,27.50,27.50,true,1,
4037400125039,false,קטיאס יוגורט גאמס 200 גרם,,,קטיאס יוגורט גאמס 20,גרמים,200.00,100 גרם,false,1,9.90,4.95,true,1,
4037400431598,false,קטיאס גומי דובים 200 גרם,,DE,קטיאס דובים 200 גרם,גרמים,200.00,100 גרם,false,1,9.90,4.95,true,1,
4056489379508,false,קונטיננטל-ביסקויט סנדוויץ עם קרם חלב 250,קונטיננטל בייקריז,,קונטיננטל-ביסקויט סנ,גרמים,250.00,100 גרם,false,1,5.90,2.36,true,1,
4056489379515,false,קונטיננטל-ביסקויט סנדוויץ עם קרם שוק 250,קונטיננטל בייקריז,,קונטיננטל-ביסקויט סנ,גרמים,250.00,100 גרם,false,1,5.90,2.36,true,1,
4061445096689,false,קפה דוידוף מגורען 100 גר ESPRESSO 57,"טשיבו, אספי.זד.או.או",,קפה דווידוף אספרסו 5,גרמים,100.00,100 גרם,false,1,22.90,22.90,true,1,
4061445096726,false,קפה דוידוף מגורען 100 גר RICH AROMA,"טשיבו, אספי.זד.או.או",CO,קפה דווידוף ריץ ארומ,גרמים,100.00,100 גרם,false,1,22.90,22.90,true,1,
4066600612049,false,"בירה פאולנר אורטובר פאסט 500 מ""ל בקובק",מבשלת פאולנר,,בירה פאולנר אורטובר,מיליליטרים,500.00,"100 מ""ל",false,1,11.30,2.26,true,1,
4084500088917,false,"נוזל כלים פיירי לימון 650 מ""ל בד""צ",פרוקטר אנד גמבל,,נוזל כלים פיירי לימו,מיליליטרים,650.00,"100 מ""ל",false,1,10.90,1.68,true,1,
4084500853836,false,"נוזל כלים פיירי ורדים ומשי 515 מ""ל בד""צ",פרוקטר אנד גמבל,GB,נוזל כלים פיירי ורדי,מיליליטרים,515.00,"100 מ""ל",false,1,9.90,1.92,true,1,
4100470106700,false,חומץ תפוחים אורגני 750 מל,נטורפוד,,חומץ תפוחים אורגני 7,מיליליטרים,750.00,"100 מ""ל",false,1,22.90,3.05,true,1,
4101540773723,false,עוגת שטולן 450 גר,,DE,עוגת שטולן 450 גר,גרמים,450.00,100 גרם,false,1,29.90,6.64,true,1,
4101540775413,false,עוגת שטולן עשירה עם מרצפן 950 גר,,DE,עוגת שטולן עשירה עם,גרמים,950.00,100 גרם,false,1,52.90,5.57,true,1,
4105120623941,false,"בירה ויינשטפן בק' ח""פ 500 מ""ל","ויינשטפן, ת.ד 1155 פרייז",,בירה ויינשטפן 500 מ,מיליליטרים,330.00,"100 מ""ל",false,1,9.90,3.00,true,1,
4250231139956,false,הלורן-רויאל טינס דפדפי פטל 200 גרם,,,הלורן-רויאל טינס דפד,גרמים,200.00,100 גרם,false,1,15.90,7.95,true,1,
4250231139970,false,הלורן-רויאל טינס דפדפי מנגו 200 גרם,,,הלורן-רויאל טינס דפד,גרמים,200.00,100 גרם,false,1,15.90,7.95,true,1,
4250231139994,false,הלורן-רויאל טינס דפדפי דומדמניות 200 גרם,,,הלורן-רויאל טינס דפד,גרמים,200.00,100 גרם,false,1,15.90,7.95,true,1,
4250231140112,false,הלורן-רויאל טינס דפדפי קרמל מלוח 200 גרם,,,הלורן-רויאל טינס דפד,גרמים,200.00,100 גרם,false,1,15.90,7.95,true,1,
4260651480071,false,אטריות בטטה סגולה אורגנית- פטוצ'יני 250 גרם,,,אטריות בטטה סגולה פט,גרמים,250.00,100 גרם,false,1,21.90,8.76,true,1,
4333465053769,false,יין פרנאווי-סוביניון בלאן ניו זילנד 750,,,יין פרנאווי-סוביניון,Unknown,0.00,Unknown,false,1,79.90,79.90,true,1,
4600068009043,false,קוואס אוצקובסקי 2 ליטר,,,קוואס אוצקובסקי 2 לי,ליטרים,0.00,ליטר,false,1,25.90,25.90,true,1,
4600080298579,false,שוקולד חלב עם שקדים 90 גר ALIONKA,קרסניי אוקטברי,RU,שוקולד חלב עם שקדים,גרמים,90.00,100 גרם,false,1,7.90,8.78,true,1,
4600080298593,false,שוקולד חלב אגוזי וצימוקים 90 גר ALIONKA,קרסניי אוקטברי,RU,שוקולד חלב אגוזי וצי,גרמים,90.00,100 גרם,false,1,7.90,8.78,true,1,
4600080310400,false,סוכריות גריליאז 200 גרם,,,סוכריות גריליאז,גרמים,200.00,100 גרם,false,1,22.90,11.45,true,1,
4600080501075,false,וופל ממולא קרם חלב מבושל 150 גר קורובקה,רוט פרונט,,וופל ממולא קרם חלב מ,גרמים,150.00,100 גרם,false,1,9.90,6.60,true,1,
4600300000739,false,קקאו זולוטוי ירליק 100 גרם,קרסניי אוקטברי,,קקאו זולוטוי ירליק,גרמים,100.00,100 גרם,false,1,11.90,11.90,true,1,
4600495522221,false,קינוח סופלה וניל בשוקולד 232 גר BONJOUR,,RU,קינוח סופלה וניל בשו,גרמים,232.00,100 גרם,false,0,16.90,7.28,true,1,
4600495522375,false,קינוח סופלה בטעם ליים 232 גר BONJOUR,,RU,קינוח סופלה בטעם ליי,גרמים,232.00,100 גרם,false,1,16.90,7.28,true,1,
4600495523709,false,קינוח סופלה קלאסיק בשוקולד 232 ג BONJOUR,,RU,קינוח סופלה קלאסיק ב,גרמים,232.00,100 גרם,false,0,16.90,7.28,true,1,
4600495544803,false,קינוח סופלה בטעם פטל 232 גר BONJOUR,,RU,קינוח סופלה בטעם פטל,גרמים,232.00,100 גרם,false,1,16.90,7.28,true,1,
4600699502494,false,שמן חמניות מזוכך 1.8 ליטר SLOBODA,,,שמן חמניות מזוכך 1.,ליטרים,0.00,ליטר,false,1,33.90,33.90,true,1,
4600699505433,false,שמן חמניות לא מזוכך 1ליטר SLOBODA,,,שמן חמניות לא מזוכך,מיליליטרים,1000.00,"100 מ""ל",false,1,18.90,1.89,true,1,
4600699505525,false,מיונז סלובדה דוי פק 67% 800 גר PROVENSAL,,,מיונז סלובדה דוי פק,גרמים,800.00,100 גרם,false,1,19.90,2.49,true,1,
4600699505570,false,מיונז סלובדה דוי פק 67% זיתים 800 גרם,,,מיונז סלובדה דוי פק,גרמים,800.00,100 גרם,false,1,19.90,2.49,true,1,
4600823093010,false,שוקולד בבאיבסקי עם מנדל 100 גר,בבייבסקי,,שוקולד בביבסקי,גרמים,100.00,100 גרם,false,1,8.90,8.90,true,1,
4600823173019,false,שוקולד אליונקה עם חלב 100 גר,בבייבסקי,,שוקולד אליונקה,גרמים,100.00,100 גרם,false,1,7.90,7.90,true,1,
4600823193109,false,שוקולד בבייבסקי שזיפים מיובשים 100 גר,,,שוקולד בבייבסקי שזיפ,גרמים,100.00,100 גרם,false,1,8.90,8.90,true,1,
4600823525047,false,סוכריות בלוצקה 200 גרם,,,סוכריות בלוצקה,גרמים,200.00,100 גרם,false,1,22.90,11.45,true,1,
4601021049342,false,וופלים ארטק 200 גר,,,וופלים ארטק 200 גר,גרמים,200.00,100 גרם,false,1,7.90,3.95,true,1,
4601576004100,false,מיונז מצטה חוזייקי קלאסי רוטב לסלט 873 ג,OAO ZHIROVOY KOMBINA,,רוטב תיבול פרובנסל ק,מיליליטרים,900.00,"100 מ""ל",false,1,20.80,2.31,true,1,
4601576010170,false,"רוטב תיבול עם ביצי שליו מצטה חוז 480 מ""ל",OAO ZHIROVOY KOMBINA,,רוטב תיבול עם ביצי ש,מיליליטרים,480.00,"100 מ""ל",false,1,14.90,3.10,true,1,
4601772000036,false,מארז ביצי דג שחור מצונן במלח 56.8+113 גר,,,מארז ביצי דג שחור מצ,גרמים,16980.00,100 גרם,false,1,297.90,1.75,true,1,
4601780006211,false,סולת מאקפה 700 גר,מקפה,,סולת מאקפה 700 גר,גרמים,700.00,100 גרם,false,1,13.50,1.93,true,1,
4601780010003,false,כוסמת 5*80 גר מאקפה,מקפה,,כוסמת 5*80 גר מאקפה,גרמים,400.00,100 גרם,false,1,11.50,2.88,true,1,
4601780010102,false,דוחן 6 שקיות * 66.66 גר MAKFA,מקפה,RU,דוחן 6 שקיות * 66.66,גרמים,400.00,100 גרם,false,1,8.90,2.23,true,1,
4601780010690,false,גריסי פנינה 800ג מקפה,מקפה,,גריסי פנינה 800ג מקפ,גרמים,800.00,100 גרם,false,1,10.90,1.36,true,1,
4602112203636,false,ציפס טעם גבינה מוסקובסקי קרטופל 70 גר,,,ציפס טעם גבינה מוסקו,גרמים,70.00,100 גרם,false,1,8.50,12.14,true,1,
4602112203674,false,ציפס טעם בייקון מוסקובסקי קרטופל 70 גר,,,ציפס טעם בייקון מוסק,גרמים,70.00,100 גרם,false,1,8.50,12.14,true,1,
4602112212447,false,ציפס טעם פטריות ברוטב שמנת 60 גר,,,ציפס טעם פטריות ברוט,גרמים,60.00,100 גרם,false,1,8.50,14.17,true,1,
4602441005109,false,משקה צירנוגולובקי דו,אקוואלייף,,משקה 2 ליטר,ליטרים,0.00,ליטר,false,1,16.50,16.50,true,1,
4602441005116,false,משקה צירנוגולובקי טר,אקוואלייף,,משקה 2 ליטר TARCHUN,ליטרים,0.00,ליטר,false,1,16.50,16.50,true,1,
4603566903950,false,תבלין מלח 7 מנות 400 גר,אגרואימפורט,,תבלין מלח 7 מנות 40,גרמים,400.00,100 גרם,false,1,12.90,3.23,true,1,
4603566907958,false,תבלין מלח מנות ראשונות 400 גר,אגרואימפורט,,תבלין מלח מנות ראשונ,גרמים,400.00,100 גרם,false,1,12.90,3.23,true,1,
4603566921954,false,תבלין מלח 12 ירקות 400 גר,אגרואימפורט,,תבלין מלח 12 ירקות 4,גרמים,400.00,100 גרם,false,1,12.90,3.23,true,1,
4604248000103,false,מיונז מאחייב זיתים 50.5% 800 גרם,אסן פרודקשן,,רוטב בטעם מיונז מאחי,גרמים,800.00,100 גרם,false,1,19.90,2.49,true,1,
4604248000349,false,רוטב בטעם מיונז פרובנסל מחייב 380 גרם,אסן פרודקשן,,רוטב בטעם מיונז מאחי,גרמים,380.00,100 גרם,false,1,11.90,3.13,true,1,
4604248000554,false,מיונז מאחייב פרובנסל 50.5% 800 גרם,אסן פרודקשן,,רוטב בטעם מיונז מאחי,גרמים,800.00,100 גרם,false,1,19.90,2.49,true,1,
4604248000844,false,רוטב בטעם מיונז עם שמן זית 380 גרם,אסן פרודקשן,,מיונז מאחייב עם שמן,גרמים,380.00,100 גרם,false,1,11.90,3.13,true,1,
4604248002671,false,מיונז מאחייב בטעם לימון 50.5% 800 גרם,אסן פרודקשן,,רוטב בטעם מיונז מאחי,גרמים,800.00,100 גרם,false,1,19.90,2.49,true,1,
4604248003067,false,קטשופ לצו 500 גרם מחייב,אסן פרודקשן,,קטשופ לצו 500 גרם מח,גרמים,500.00,100 גרם,false,1,12.50,2.50,true,1,
4604248003081,false,רוטב בטעם מיונז עם בית שליו מחייב 380 גרם,אסן פרודקשן,,רוטב בטעם מיונז מאחי,גרמים,380.00,100 גרם,false,1,11.90,3.13,true,1,
4604248003845,false,קטשופ טומטניי 500 גרם,אסן פרודקשן,,קטשופ טומטניי 500 גר,גרמים,500.00,100 גרם,false,1,12.50,2.50,true,1,
4604248012601,false,חזרת 190 גרם מחייב,אסן פרודקשן,,חזרת 190 גרם מחייב,גרמים,190.00,100 גרם,false,1,10.90,5.74,true,1,
4604248012618,false,חרדל רוסקיה 190 גרם מחייב,אסן פרודקשן,,Maheev חרדל רוסי 190,גרמים,190.00,100 גרם,false,1,8.90,4.68,true,1,
4604248014674,false,תערובת תבלינים לשישליק 500 גר מחייב,Maheev,,תערובת תבלינים,גרמים,500.00,100 גרם,false,1,8.90,1.78,true,1,
4604248014797,false,רוטב תיבול חריף אגיקה מאחייב 190 גר,אסן פרודקשן,,רוטב תיבול חריף אגיק,גרמים,190.00,100 גרם,false,1,10.50,5.53,true,1,
4604248016272,false,ריבת מאחייב דובדבן בזכוכית 400 גר,אסן פרודקשן,,ריבת מאחייב דובדבן,גרמים,400.00,100 גרם,false,1,22.90,5.73,true,1,
4604248016920,false,ריבת אפרסק ומנגו מאחייב בזכוכית 400 גר,אסן פרודקשן,RU,ריבת אפרסק ומנגו מאח,גרמים,400.00,100 גרם,false,1,22.90,5.73,true,1,
4604248018269,false,רוטב קיסר 200 גרם,,,רוטב קיסר 200 גרם,גרמים,200.00,100 גרם,false,1,7.90,3.95,true,1,
4604248018276,false,רוטב בטעם גבינה 200 גרם,,,רוטב בטעם גבינה 200,גרמים,200.00,100 גרם,false,1,7.90,3.95,true,1,
4604248018283,false,רוטב בטעם שמנת חמוצה עם פטריות 200 גרם,,,רוטב בטעם שמנת חמוצה,גרמים,200.00,100 גרם,false,1,7.90,3.95,true,1,
4604248018290,false,רוטב בטעם שום ושמנת 200 גרם,,,רוטב בטעם שום ושמנת,גרמים,200.00,100 גרם,false,1,7.90,3.95,true,1,
4605246003523,false,תה גרינפילד שחור גולדן צילוני 25 שקי 50 גר,גרינפילד Greenfield,RU,תה גרינפילד שחור גול,גרמים,50.00,100 גרם,false,1,12.50,25.00,true,1,
4605246003738,false,תה גרינפילד ירוק יסמין 25 שקי 50 גר,אורימי,RU,תה גרינפילד ירוק יסמ,גרמים,50.00,100 גרם,false,1,12.50,25.00,true,1,
4605246004278,false,תה גרינפילד שחור ארל גריי 25 שקי 50 גר,גרינפילד Greenfield,RU,תה גרינפילד שחור ארל,גרמים,50.00,100 גרם,false,1,12.50,25.00,true,1,
4605246005848,false,תה גרינפילד ארל גריי 100 שקי 200 גר,אורימי,,תה גרינפילד ארל גריי,גרמים,200.00,100 גרם,false,1,33.90,16.95,true,1,
4605246007842,false,תה טאס פורסט דרים 20 שקיות 1.8 גר,,,תה טאס פורסט דרים 20,Unknown,0.00,Unknown,false,1,14.90,14.90,true,1,
4605246007873,false,תה ירוק טס פינה קולדה 20 שקיקים,,,תה ירוק טס פינה קולד,Unknown,0.00,Unknown,false,1,14.90,14.90,true,1,
4605246010088,false,תה שלור טס קוסמופוליטן פרטי 20 שקיקים,,RU,תה שלור טס קוסמופולי,גרמים,40.00,100 גרם,false,1,14.90,37.25,true,1,
4605246013836,false,תה שחור אינגליש אדישן-100 יח-Greenfield,,,תה שחור אינגליש אדיש,גרמים,100.00,100 גרם,false,1,33.90,33.90,true,1,
4605362008716,false,גרעינים שחורים 300 גר בבקיני,או או או יקה.דה.וא.ק,,גרעינים שחורים 300 ג,גרמים,300.00,100 גרם,false,1,18.90,6.30,true,1,
4605561010305,false,"חתיכות פילה הרינג עם שמיר בשמן 17.6 אונקיה, 500 גרם",LTD BREMOR SANTA SD,RU,חתיכות פילה הרינג,גרמים,500.00,100 גרם,false,1,30.50,6.10,true,1,
4605561010329,false,חתיכות פילה הרינג מעושן בשמן 500 גרם,,RU,חתיכות פילה הרינג,גרמים,500.00,100 גרם,false,1,30.50,6.10,true,1,
4605561010343,false,פילה דג הרינג חתיכות בשמן 500 גרם,LTD BREMOR SANTA SD,RU,חתיכות פילה הרינג,גרמים,500.00,100 גרם,false,1,30.50,6.10,true,1,
4605561011975,false,חתיכות פילה דג הרינג בשמן מצונן 150 גרם,LTD BREMOR SANTA SD,,חתיכות פילה הרינג בש,גרמים,200.00,100 גרם,false,1,8.30,4.15,true,1,
4605561012613,false,פילה דג הרינג קצוץ בשמן 400 גרם,LTD BREMOR SANTA SD,,פילה הרינג (קצוץ) בש,גרמים,400.00,100 גרם,false,1,17.70,4.43,true,1,
4605561013009,false,פילה דג הרינג בשמן 400 גרם,LTD BREMOR SANTA SD,,פילה הרינג בשמן 400,גרמים,400.00,100 גרם,false,1,17.70,4.43,true,1,
4605622010237,false,"בירה סטארי מלניק 4.2% בבקבוק 450 מ""ל",אפיס ברברי,RU,בירה סטארי מלניק 4.3,מיליליטרים,450.00,"100 מ""ל",false,1,10.90,2.42,true,1,
4605627003104,false,מעדן פרוטיס אפרסק פסיפלורה דובדבן 115ג',,,פרוטיס אפרסק/פסיפלור,מיליליטרים,115.00,"100 מ""ל",false,1,5.50,4.78,true,1,
4605627003128,false,מעדן פרוטיס אננס מלון פטל 115ג',,,פרוטיס אננס/מלון/פטל,מיליליטרים,115.00,"100 מ""ל",false,1,5.50,4.78,true,1,
4605627003142,false,מעדן פרוטיס משמש מנגו פירות יער 115ג',,,פרוטיס משמש/מנגו/פיר,מיליליטרים,115.00,"100 מ""ל",false,1,5.50,4.78,true,1,
4605627003166,false,מעדן פרוטיס תות שדה תפוח אגס 115ג',,,פרוטיס תות שדה/תפוח/,מיליליטרים,115.00,"100 מ""ל",false,1,5.50,4.78,true,1,
4605627006600,false,מעדן פרוטיס תות שדה 290ג',,RU,פרוטיס תות שדה 290 מ,מיליליטרים,290.00,"100 מ""ל",false,1,10.90,3.76,true,1,
4605627006624,false,מעדן פרוטיס אפרסק 290ג',,,פרוטיס אפרסק 320 מל,מיליליטרים,320.00,"100 מ""ל",false,1,10.90,3.41,true,1,
4605627006747,false,פרוטיס תות שדה עם קורנפלקס 180 מל,,,פרוטיס תות שדה עם קו,מיליליטרים,180.00,"100 מ""ל",false,1,8.90,4.94,true,1,
4605627007409,false,מעדן פרוטיס אגס וניל דובד פלומביר 115ג',,,פרוטיס אגס/וניל/דובד,מיליליטרים,115.00,"100 מ""ל",false,1,5.50,4.78,true,1,
4605627007485,false,מעדן פרוטיס בננה ספליט פינקולדה 115ג',,,פרוטיס בננה ספליט/פי,מיליליטרים,115.00,"100 מ""ל",false,1,5.50,4.78,true,1,
4606598001335,false,תבלין לפלוב מגיה ווסטוקה 15 גרם,PROFAGROTECHNIKA,,תבלין לפלוב מגיה ווס,Unknown,0.00,Unknown,false,1,3.90,3.90,true,1,
4606598001359,false,תבלין לעוף מגיה ווסטוקה 15 גרם,PROFAGROTECHNIKA,,תבלין לעוף מגיה ווסט,Unknown,0.00,Unknown,false,1,3.90,3.90,true,1,
4606598001397,false,"תבלין לתפו""א מגיה ווסטוקה 15 גרם",PROFAGROTECHNIKA,,תבלין לתפוא מגיה ווס,Unknown,0.00,Unknown,false,1,3.90,3.90,true,1,
4606598001434,false,תבלין לבשר טחון מגיה ווסטוקה 15 גרם,PROFAGROTECHNIKA,,תבלין לבשר טחון מגיה,Unknown,0.00,Unknown,false,1,3.90,3.90,true,1,
4606598001458,false,תבלין לשישליק מגיה ווסטוקה 15 גרם,PROFAGROTECHNIKA,,תבלין לשישליק מגיה,Unknown,0.00,Unknown,false,1,3.90,3.90,true,1,
4606598001717,false,תבלין למרק מגיה ווסטוקה 15 גרם,PROFAGROTECHNIKA,RU,תבלין למרק מגיה ווסט,Unknown,0.00,Unknown,false,1,3.90,3.90,true,1,
4606598001731,false,תבלין לגריל מגיה ווסטוקה 15 גרם,PROFAGROTECHNIKA,RU,תבלין לגריל מגיה ווס,Unknown,0.00,Unknown,false,1,3.90,3.90,true,1,
4606598002745,false,תבלין לסולומון מגיה ווסטוקה 15 גרם,PROFAGROTECHNIKA,,תבלין לסולומון מגיה,Unknown,0.00,Unknown,false,1,3.90,3.90,true,1,
4606598003155,false,תערובת תיבול למרק דג מגיה ווסטוקה 15 גר,PROFAGROTECHNIKA,,תערובת תיבול למרק דג,Unknown,0.00,Unknown,false,1,2.90,2.90,true,1,
4606598003681,false,תבלין לגזר קוריאני מגיה ווסטוקה 15 גר,PROFAGROTECHNIKA,RU,תבלין לגזר קוריאני מ,Unknown,0.00,Unknown,false,1,2.90,2.90,true,1,
4606598007085,false,תבלין פלפל שחור שלם מגיה ווסטוקה 10 גר,PROFAGROTECHNIKA,,תבלין פלפל שחור שלם,Unknown,0.00,Unknown,false,1,2.90,2.90,true,1,
4606598007559,false,תבלין ציפורן שלם מגיה ווסטוקה 10 גר,PROFAGROTECHNIKA,,תבלין ציפורן שלם מגי,Unknown,0.00,Unknown,false,1,5.90,5.90,true,1,
4606598008679,false,תבלין קבקז מגיה ווסטוקה 15 גרם,PROFAGROTECHNIKA,,תבלין קבקז מגיה ווסט,Unknown,0.00,Unknown,false,1,3.90,3.90,true,1,
4607001410317,false,"רולדה ""אגדה"" בטעם תות שדה 200 גרם",רמנסקי,,"רולדה ""אגדה"" בטעם תו",גרמים,200.00,100 גרם,false,1,7.90,3.95,true,1,
4607001414445,false,טארטלט מתוק 180 גרם DESERT,רמנסקי,,טארטלט מתוק 180 גרם,גרמים,180.00,100 גרם,false,1,9.90,5.50,true,1,
4607002990238,false,שעועית אדומה דוד וניה 400 גר,,,שעועית אדומה דוד וני,גרמים,400.00,100 גרם,false,1,9.90,2.48,true,1,
4607002990481,false,עגבניות במיץ עגבניות דיאדיה וניה 680 גרם,דדיה ואניה,,עגבניות במיץ עגבניות,גרמים,680.00,100 גרם,false,1,13.90,2.04,true,1,
4607002991587,false,עגבניות מוחמצות 1.8 ל דאדיה וניה,,RU,עגבניות מוחמצות 1.8,ליטרים,0.00,ליטר,false,1,29.90,29.90,true,1,
4607002995752,false,אסורטי עגבניות/מלפפונים דיאדיה וניה 680,דדיה ואניה,,אסורטי עגבניות/מלפפו,גרמים,680.00,100 גרם,false,1,13.90,2.04,true,1,
4607002995943,false,ממרח קישואים קלויים דיאדיה וניה 460 גר,דדיה ואניה,RU,ממרח קישואים קלויים,גרמים,460.00,100 גרם,false,1,11.90,2.59,true,1,
4607002999309,false,שעועית לבנה אפויה דיאדיה וניה 480 גר,דדיה ואניה,RU,שעועית לבנה אפויה די,גרמים,480.00,100 גרם,false,1,11.90,2.48,true,1,
4607011260230,false,עוגיות ש.שועל קלאסי 400 גר HVATAY-KA,לובימיי קראי,,עוגיות ש.שועל קלאסי,גרמים,400.00,100 גרם,false,1,9.90,2.48,true,1,
4607011260247,false,עוגיות ש.שועל בטעם חלב 400 גר HVATAY-KA,לובימיי קראי,,עוגיות ש.שועל בטעם ח,גרמים,400.00,100 גרם,false,1,9.90,2.48,true,1,
4607011268687,false,עוגיות שיבולת שועל חמוציות ופרוקטוז 300 גר,"""lyubimiy kray""",,עוגיות שיבולת שועל ח,גרמים,300.00,100 גרם,false,1,12.90,4.30,true,1,
4607012350992,false,גרעיני חמניות מרטין 100 גרם,Martin,,גרעיני חמניות מרטין,גרמים,100.00,100 גרם,false,1,7.90,7.90,true,1,
4607012351005,false,גרעיני חמניות מרטין ללא מלח 200 גרם,"נארז ע""י : א.ג. גילר",,גרעיני חמניות מרטין,גרמים,200.00,100 גרם,false,1,12.90,6.45,true,1,
4607012351128,false,גרעיני חמניות מרטין 500 גרם,מרטין,,גרעיני חמניות מרטין,גרמים,500.00,100 גרם,false,1,29.90,5.98,true,1,
4607012351791,false,"צנימים ""MARTIN"" בטעם גבינה 60 גר",MARTIN,,"צנימים ""MARTIN"" בטע",גרמים,60.00,100 גרם,false,1,4.90,8.17,true,1,
4607012351807,false,"צנימים ""MARTIN"" בטעם בייקון 60 גר",MARTIN,,"צנימים ""MARTIN"" בטעם",גרמים,60.00,100 גרם,false,1,4.90,8.17,true,1,
4607012351821,false,"צנימים ""MARTIN"" בטעם ירק עם שמנת 60 גר",MARTIN,,"צנימים ""MARTIN"" בטעם",Unknown,0.00,Unknown,false,1,4.90,4.90,true,1,
4607012351951,false,גרעיני חמניות מרטין עם מלח 100 גרם,Martin,,גרעיני חמניות מרטין,גרמים,100.00,100 גרם,false,1,7.90,7.90,true,1,
4607012351999,false,גרעיני חמניות מרטין עם מלח 200 גרם,"נארז ע""י : א.ג. גילר",,גרעיני חמניות מרטין,גרמים,200.00,100 גרם,false,1,12.90,6.45,true,1,
4607012352002,false,גרעיני דלעת מרטין 100 גר,MARTIN,RU,גרעיני דלעת מרטין 1,גרמים,100.00,100 גרם,false,1,13.50,13.50,true,1,
4607012352095,false,גרעיני חמניות מרטין עם מלח 500 גרם,מרטין,,גרעיני חמניות מרטין,גרמים,500.00,100 גרם,false,1,29.90,5.98,true,1,
4607014788014,false,שמן קנולה 1 ליטר בית יוסף,,RU,שמן קנולה 1 ליטר בית,מיליליטרים,1000.00,"100 מ""ל",false,1,11.90,1.19,true,1,
4607016240398,false,סולת 700 גרם,אובלקה,,סולת 700 גרם,גרמים,700.00,100 גרם,false,1,9.90,1.41,true,1,
4607016240893,false,כוסמת אובלקה 800 גרם,אובלקה,RU,כוסמת אובלקה 800 גרם,גרמים,80000.00,100 גרם,false,1,16.90,0.02,true,1,
4607016240923,false,קיטניות גריסי שעורה 600 גר אובלקה,אובלקה,,קיטניות גריסי שעורה,גרמים,400.00,100 גרם,false,1,8.90,2.23,true,1,
4607016240930,false,דוחן 800 גרם,אובלקה,,דוחן 800 גרם,גרמים,800.00,100 גרם,false,1,13.50,1.69,true,1,
4607016243047,false,שיבולת שועל עם תות 2,אובלקה,,ש.שועל עם תות 5*40גר,גרמים,200.00,100 גרם,false,1,14.60,7.30,true,1,
4607016243108,false,שיבולת שועל עם פטל 2,אובלקה,,ש.שועל עם פטל 5*40גר,גרמים,200.00,100 גרם,false,1,14.60,7.30,true,1,
4607016245478,false,גריסי דוחן 80 גר חמי,אובלקה,,דוחן 5*80 גרם,גרמים,400.00,100 גרם,false,1,10.90,2.73,true,1,
4607016245485,false,תבשיל כוסמת אובלקה 5*80 גר,אובלקה,,תבשיל כוסמת אובלקה 5,גרמים,400.00,100 גרם,false,1,12.90,3.23,true,1,
4607025280019,false,"קמח 2 ק""ג",אובלקה,,"קמח 2 ק""ג",קילוגרמים,0.00,"ק""ג",false,1,20.90,20.90,true,1,
4607025280026,false,קמח חיטה 1 קג,אובלקה,,"קמח חיטה 1 ק""ג",גרמים,1000.00,100 גרם,false,1,10.90,1.09,true,1,
4607037431164,false,זפיר בטעם חמאה 420 גרם NEVA,פקטורי נבה אל טי די,,זפיר בטעם חמאה 420 ג,גרמים,420.00,100 גרם,false,1,19.90,4.74,true,1,
4607037431218,false,זפיר קרם ברלה 420 גרם NEVA,NEVA,,זפיר קרם ברלה 420 גר,גרמים,420.00,100 גרם,false,1,19.90,4.74,true,1,
4607037431300,false,זפיר וניל 420 גרם NEVA,NEVA,,זפיר וניל 420 גרם NE,גרמים,420.00,100 גרם,false,1,19.90,4.74,true,1,
4607037437647,false,זפיר חמוציות 420 גרם NEVA,,,זפיר חמוציות 420 גרם,גרמים,420.00,100 גרם,false,1,19.90,4.74,true,1,
4607037437777,false,זפיר ותפוח 420 גרם NEVA,NEVA,,זפיר ותפוח 420 גרם N,גרמים,420.00,100 גרם,false,1,19.90,4.74,true,1,
4607038061018,false,שימור דג גרבושה 250 גרם,ווו רוסיה פישינג וור,RU,שימור דג גרבושה טבעי,גרמים,250.00,100 גרם,false,1,14.60,5.84,true,1,
4607041230289,false,כעכים פוסולסקי צילנו,וופלשניה,,כעכים 200 גרם CHELNO,גרמים,200.00,100 גרם,false,1,5.90,2.95,true,1,
4607051158221,false,תה ארל גריי 20 שקיקים CURTIS,או א.או מאי קומפני,,תה ארל גריי 20 שקיקי,Unknown,0.00,Unknown,false,1,14.60,14.60,true,1,
4607051158481,false,תה ירוק 20 שקיקים,או א.או מאי קומפני,,תה 34 גר MOJITO CURT,Unknown,0.00,Unknown,false,1,14.60,14.60,true,1,
4607051158672,false,תה פירות יער 20 שקיקים CURTIS,או א.או מאי קומפני,,תה פירות יער 20 שקיק,Unknown,0.00,Unknown,false,1,14.60,14.60,true,1,
4607054450810,false,גרעיני חמניות סטניצניה עם מלח 20 גרם,,,גרעיני חמניות סטניצנ,גרמים,200.00,100 גרם,false,1,12.40,6.20,true,1,
4607065580070,false,איטריות להכנה מהירה קויסטי בקר 70 גר קוי,,,איטריות להכנה מהירה,גרמים,70.00,100 גרם,false,1,3.50,5.00,true,1,
4607065580087,false,איטריות להכנה מהירה קויסטי עוף 70 גר קוי,,,תבשיל אטריות להכנה מ,Unknown,0.00,Unknown,false,1,3.50,3.50,true,1,
4607065580094,false,תבשיל אטריות פטריות 70 ג DOSHIRAK QUISTY,,UA,תבשיל אטריות פטריות,גרמים,70.00,100 גרם,false,1,3.50,5.00,true,1,
4607065580193,false,דושירק בטעם טלה 90 גרם,,,דושירק בטעם טלה 90 ג,גרמים,90.00,100 גרם,false,1,9.90,11.00,true,1,
4607065580209,false,מרק דושירק בטעם עוף עם פלפל 90 גר,,,מרק דושירק בטעם עוף,Unknown,0.00,Unknown,false,1,9.90,9.90,true,1,
4607065580216,false,דושירק בטעם בקר 90 גרם,,,מרק דושירק בטעם בקר,גרמים,90.00,100 גרם,false,1,9.90,11.00,true,1,
4607065580223,false,דושירק בטעם עוף 90 גרם,,,דושירק בטעם עוף 90 ג,גרמים,90.00,100 גרם,false,1,9.90,11.00,true,1,
4607065580230,false,דושירק בטעם פטריות 90 גרם,,,דושירק בטעם פטריות 9,גרמים,90.00,100 גרם,false,1,9.90,11.00,true,1,
4607065580247,false,דושירק בטעם בקון 90 גר,,,דושירק בטעם בקון 90,גרמים,90.00,100 גרם,false,1,9.90,11.00,true,1,
4607065580353,false,מרק דושירק בטעם קימצי 90 גר,,,מרק דושירק בטעם קימצ,Unknown,0.00,Unknown,false,1,9.90,9.90,true,1,
4607065580575,false,תבשיל אטריות להכנה מהירה בטעם בקר 110 גר,DOSHIRAK,,תבשיל אטריות להכנה מ,גרמים,110.00,100 גרם,false,1,11.90,10.82,true,1,
4607084352542,false,עוגיות 360 גר ORION* CHOCO-PIE MANGO,לוט.ק.פ,RU,עוגיות 360 גר ORION*,גרמים,360.00,100 גרם,false,1,14.90,4.14,true,1,
4607117890713,false,פרלין קראסני מאק 250 גרם,רוט פרונט,,פרלין קראסני מאק 250,גרמים,250.00,100 גרם,false,1,19.80,7.92,true,1,
4607117890805,false,סוכריות ברבריס 250 גרם,רוט פרונט,,סוכריות ברבריס 250 ג,גרמים,250.00,100 גרם,false,1,8.90,3.56,true,1,
4607117890904,false,סוכריות לסטוצקה 250 גרם,רוט פרונט,,סוכריות לסטוצקה 250,גרמים,250.00,100 גרם,false,1,13.90,5.56,true,1,
4607117890973,false,סוכריות בטונציק רוט - פרונט 250 גרם,רוט פרונט,,סוכריות בטונציק רוט,גרמים,250.00,100 גרם,false,1,17.70,7.08,true,1,
4607132826094,false,קוזינקי 150 גרם MISHKINO SHASTIE,,,קוזינקי 150 גרם MISH,גרמים,150.00,100 גרם,false,1,5.00,3.33,true,1,
4607931605234,false,"משקה לימונד 500 מ""ל",RASSVET,,משקה לימונד 500 מל,מיליליטרים,500.00,"100 מ""ל",false,1,9.90,1.98,true,1,
4607952850156,false,קוויאר אדום צנצנת 230 גרם,,,קוויאר אדום צנצנת 23,גרמים,230.00,100 גרם,false,1,115.00,50.00,true,1,
4610018570073,false,קוויאר אדום פחית 95,א.ר.ד.י.ו,,קוויאר בפחית 95 גר,גרמים,95.00,100 גרם,false,1,37.90,39.89,true,1,
4620015852553,false,תה שחור כורטיס פירות יער כחול בלוז 20 שק,או א.או מאי קומפני,,תה שחור כורטיס,Unknown,0.00,Unknown,false,1,14.60,14.60,true,1,
4640001890031,false,סודה לשתייה 500 גר,או או או בשקיריה,,סודה לשתייה 500 גר,גרמים,500.00,100 גרם,false,1,10.90,2.18,true,1,
4640174750248,false,קטשופ לששליק בלטימור,,,קטשופ לששליק בלטימור,Unknown,1.00,Unknown,false,1,6.50,6.50,true,1,
4680009030404,false,שימורי סלט אצות ים 220 גר,ז אי או יוזמורריבפלו,RU,שימורי סלט אצות ים 2,גרמים,220.00,100 גרם,false,1,7.50,3.41,true,1,
4680036915231,false,בירה קראפט 450 מל MISHENKA POD VISHENKOY,,RU,בירה קראפט 450 מל MI,מיליליטרים,450.00,"100 מ""ל",false,1,13.50,3.00,true,1,
4710068001715,false,"מאסטר קפה טירמיסו פחית 240 מ""ל",יוני פרזינדנט אנטרפר,,מאסטר קפה טירמיסו 24,מיליליטרים,240.00,"100 מ""ל",false,1,7.50,3.13,true,1,
4710068002798,false,מאסטר קפה וונילה פחית 240 מל,מאיטה פוד אינדוסטריאל קו,,מאסטר קפה וניל 240 מ,מיליליטרים,240.00,"100 מ""ל",false,1,7.50,3.13,true,1,
4740098098331,false,"קוקטייל בלו לגון אה לה קוק 330 מ""ל",אה לי קוק,,קוקטייל בלו לגון אה,מיליליטרים,330.00,"100 מ""ל",false,1,11.90,3.61,true,1,
4740098098355,false,"קוקטייל מוחיטו אה לה קוק 330 מ""ל",אה לי קוק,,קוקטייל מוחיטו אה לה,מיליליטרים,330.00,"100 מ""ל",false,1,11.90,3.61,true,1,
4740098098379,false,"קוקטייל מרגריטה אה לה קוק 330 מ""ל",אה לי קוק,,קוקטייל מרגריטה אה ל,מיליליטרים,330.00,"100 מ""ל",false,1,11.90,3.61,true,1,
4750012025855,false,דיווה קוסמופוליטן-שיכר תפוח 750 מל,Amberbev Internation,,דיווה קוסמופוליטן,Unknown,0.00,Unknown,false,1,23.90,23.90,true,1,
4750012026852,false,דיווה קוסמופוליטן שיכר פרי יער 750 מל,בלזם,,דיווה קוסמופוליטן,Unknown,0.00,Unknown,false,1,23.90,23.90,true,1,
4750022002150,false,סלט ירקות על האש 530 גר SPILVA,,LV,סלט ירקות על האש 530,גרמים,530.00,100 גרם,false,1,20.90,3.94,true,1,
4750109000338,false,ממרח על בסיס שמנת חמ,,LV,סמטנה לטביה 400 גרם,גרמים,400.00,100 גרם,false,1,15.50,3.88,true,1,
4750109157643,false,ממרח על בסיס שמנת חמ,,LV,סמטנה לטביה 200 גרם,גרמים,200.00,100 גרם,false,1,8.90,4.45,true,1,
4750142021505,false,"בירה PILSENER בהירה 4.7% פחית 500 מ""ל",צ'סו אלוס,,בירה PILSENER בהירה,מיליליטרים,500.00,"100 מ""ל",false,1,7.20,1.44,true,1,
4750211720414,false,בסיס להכנה מרק סוליאנקה עם פטריות 470 ג,,,בסיס להכנה מרק סוליא,גרמים,470.00,100 גרם,false,1,12.00,2.55,true,1,
4750239003735,false,"משקה בטעם מאלט ""קוואס"" לבן 1.5 ליטר",,,"משקה בטעם מאלט ""קווא",ליטרים,0.00,ליטר,false,1,15.90,15.90,true,1,
4750616000258,false,שפרוטים גדולים מעושנים בשמן צמחי,בריויאס וילניוס,LV,שפרוטים בשמן ביג 190,גרמים,190.00,100 גרם,false,1,9.90,5.21,true,1,
4750616000593,false,דגי שפרוטים גדולים מעושנים,בריויאס וילניוס,LV,שפרוטים בשמן ריגה 19,גרמים,190.00,100 גרם,false,1,9.90,5.21,true,1,
4750616001194,false,שפרוטים מעושנים ריגה 240 גרם פ.ק,בריויאס וילניוס,LV,שפרוטים בשמן ריגה 24,גרמים,240.00,100 גרם,false,1,9.90,4.13,true,1,
4750616001651,false,דגי שיפרוט גדולים מעושנים בשמן צמחי,בריויאס וילניוס,LV,שפרוטים בשמן ביג 240,גרמים,240.00,100 גרם,false,1,9.90,4.13,true,1,
4750616002337,false,קילקה במיץ עגבניות בריווס וילנוס 240 גר,בריויאס וילניוס,,קילקה במיץ עגבניות ב,גרמים,240.00,100 גרם,false,1,6.90,2.88,true,1,
4750616002344,false,קילקה עם ירקות במיץ עגבניות 240 גר,בריויאס וילניוס,,קילקה עם ירקות במיץ,גרמים,240.00,100 גרם,false,1,6.90,2.88,true,1,
4750616006588,false,סרדינים על הגריל עם לימון בשמן זית 190 ג,,,סרדינים על הגריל עם,גרמים,190.00,100 גרם,false,1,12.50,6.58,true,1,
4751002126446,false,לחם לטבי שחור 700 גרם,,,לחם לטבי שחור 700 גר,גרמים,700.00,100 גרם,false,1,23.90,3.41,true,1,
4751007732758,false,פילה סלומון (סיומגה) במיץ טבעי 170ג',KARAVELA,,פילה סלמון (סיומגה),גרמים,170.00,100 גרם,false,1,12.50,7.35,true,1,
4751007732833,false,פילה סלמון ברוטב עגבניות 170 גרם,KARAVELA,,פילה סלמון ברוטב עגב,גרמים,170.00,100 גרם,false,1,11.90,7.00,true,1,
4751007732840,false,פילה סלמון ברוטב מתובל 170 גרם,KARAVELA,,פילה סלמון ברוטב מתו,גרמים,170.00,100 גרם,false,1,11.90,7.00,true,1,
4751007732864,false,שימורי פילה סלמון ברוטב חרדל 200 גר,KARAVELA,,שימורי פילה סלמון בר,גרמים,200.00,100 גרם,false,1,11.90,5.95,true,1,
4751007733007,false,סלט צרפתי עם סלומון 170 גרם,KARAVELA,,סלט צרפתי עם סלומון,גרמים,170.00,100 גרם,false,1,11.90,7.00,true,1,
4751007734004,false,פילה סלמון במיץ טבעי 170 גרם,KARAVELA,,פילה סלמון במיץ טבעי,גרמים,170.00,100 גרם,false,1,11.90,7.00,true,1,
4751007738149,false,שימורי מולים מעושנים בשמן לפתית,,,שימורי מולים מעושנים,גרמים,120.00,100 גרם,false,1,10.90,9.08,true,1,
4751007738156,false,צדפות מעושנות רוטב לימון 120 גר SEA FOOD,,LV,צדפות מעושנות רוטב ל,גרמים,120.00,100 גרם,false,1,12.90,10.75,true,1,
4751007738392,false,שימורי דג שפרוטים מעושנים בשמן צמחי 240ג,,LV,שימורי דג שפרוטים 24,גרמים,240.00,100 גרם,false,1,10.90,4.54,true,1,
4751007738804,false,שימורי דג שפרוטים מעושנים בשמן צמחי 190ג,,LV,שימורי דג שפרוטים 19,גרמים,190.00,100 גרם,false,1,10.90,5.74,true,1,
4751033540235,false,שוקולד מריר 72% קקאו ללא סוכר 100 גר,,,שוקולד מריר 72% קקאו,גרמים,100.00,100 גרם,false,1,11.90,11.90,true,1,
4760013403613,false,וופלים בטעם תות שדה 200 גר SLADOK,,,וופלים בטעם תות שדה,גרמים,200.00,100 גרם,false,1,5.90,2.95,true,1,
4760013403637,false,וופלים בטעם לימון 200 גר SLADOK,,,וופלים בטעם לימון 20,גרמים,200.00,100 גרם,false,1,5.90,2.95,true,1,
4760013404061,false,עוגיות בטעם שמנת וניל 370 גר MOSKVA,,,עוגיות בטעם שמנת וני,גרמים,420.00,100 גרם,false,1,6.90,1.64,true,1,
4760018504612,false,ריבה דובדבן 400 גרם BIZIM TARLA,BIZIM TARLA,AZ,ריבה דובדבן 400 גרם,גרמים,400.00,100 גרם,false,1,15.90,3.98,true,1,
4760062101775,false,תה שחור אזרציי 250 גר,,AZ,תה שחור אזרציי 250 ג,גרמים,250.00,100 גרם,false,1,31.50,12.60,true,1,
4760062101805,false,תה שחור בוקט 50 גר,אזרסטאן קאנד,AZ,תה שחור 25 שק BUKET,גרמים,50.00,100 גרם,false,1,9.90,19.80,true,1,
4760065709145,false,מלפפונים בחומץ 670 גר,אינטרקום יוון,AZ,מלפפונים בחומץ 670 ג,גרמים,670.00,100 גרם,false,1,14.90,2.22,true,1,
4760127703227,false,מאפינס בטעם טופי 500 גר DARENKA,,,מאפינס בטעם טופי 500,גרמים,500.00,100 גרם,false,1,19.90,3.98,true,1,
4760127703241,false,מאפינס בטעם תות שדה ושמנת 500 גר DARENKA,,,מאפינס בטעם תות שדה,גרמים,500.00,100 גרם,false,1,19.90,3.98,true,1,
4770237051811,false,חטיף גבינה עם ריבת חלב 45 גר,פנו ז'ויגזדס,,חטיף גבינה עם ריבת ח,גרמים,4500.00,100 גרם,false,1,4.50,0.10,true,1,
4770237051828,false,חטיף גבינה תות שדה 45 גר,פנו ז'ויגזדס,,חטיף גבינה תות שדה 4,גרמים,4500.00,100 גרם,false,1,4.50,0.10,true,1,
4770237055055,false,בסגנון שמנת 30% 200,,,30% 200 גר SMETANKA,גרמים,200.00,100 גרם,false,1,11.50,5.75,true,1,
4770265046452,false,גבינה מותכת 28% סבליה 185 גר,,LT,גבינה מותכת 28% סבלי,גרמים,185.00,100 גרם,false,1,19.90,10.76,true,1,
4770265212024,false,גבינה מותכת 22% דרבו 135 גר,,LT,גבינה מותכת 22% דרבו,גרמים,135.00,100 גרם,false,1,15.50,11.48,true,1,
4770265213786,false,משקה חלב ריזנקה 500 מל,,,משקה חלבי ריזנקה 500,מיליליטרים,500.00,"100 מ""ל",false,1,11.50,2.30,true,1,
4770265219382,false,גבינה אנלוגי 600 גרם GURMAN,,,גבינה אנלוגי 600 גרם,גרמים,600.00,100 גרם,false,1,44.90,7.48,true,1,
4770265219405,false,גבינה אנלוגי 600 גרם SVALIA,,,גבינה אנלוגי 600 גרם,גרמים,600.00,100 גרם,false,1,44.90,7.48,true,1,
4770265219535,false,גבינה אנגולי מעושנת 150 גר גורמן,,,גבינה אנגולי מעושנת,גרמים,150.00,100 גרם,false,1,11.90,7.93,true,1,
4770275049580,false,בסגנון טבורוג סבליה,,,טבורוג אנלוגי סבליה,גרמים,370.00,100 גרם,false,1,19.90,5.38,true,1,
4770275049603,false,בסגנון טבורוג סבליה,,,טבורוג אנלוגי 9% סבל,גרמים,370.00,100 גרם,false,1,19.90,5.38,true,1,
4770299045186,false,חמאה ליטאית דמיטיזוס,,,חמאה גימיטוס 200 גר,גרמים,200.00,100 גרם,false,1,11.90,5.95,true,1,
4770337046427,false,פרוסות גבינה 27% שומן 150 גרם MASSDAM,,,פרוסות גבינה 27% שומ,גרמים,150.00,100 גרם,false,1,19.10,12.73,true,1,
4770337047431,false,תחליף גבינה 150 גר SVALIA,,,גבינה אנלוגי 150 גר,גרמים,150.00,100 גרם,false,1,12.50,8.33,true,1,
4770337047448,false,תחליף גבינה 150 גר DRAVO,,,גבינה אנלוגי 150 גר,גרמים,150.00,100 גרם,false,1,12.50,8.33,true,1,
4770337048377,false,פרוסות גבינה 27% שומן 150 גרם Vilnius,,,פרוסות גבינה 27% שומ,גרמים,150.00,100 גרם,false,1,19.10,12.73,true,1,
4770337048797,false,פרוסות גבינה 27% שומן 150 גרם EMMENTAL,,,פרוסות גבינה 27% שומ,גרמים,150.00,100 גרם,false,1,19.10,12.73,true,1,
4770583205920,false,סלק אדום מקולף ומבושל 500 גר,KEDANEYSKI KONSERVNY,,סלק אדום מקולף ומבוש,גרמים,500.00,100 גרם,false,1,9.90,1.98,true,1,
4779036940852,false,עוגיות שוקו גריבוצקי,קאן אגריטך פרייבט למ,LT,עוגיות 60 גר GRIBOCH,גרמים,60.00,100 גרם,false,1,5.50,9.17,true,1,
4780037060128,false,חצילים מטוגנים בשמן עם עגבניות ושום 500ג,,,חצילים מטוגנים בשמן,גרמים,500.00,100 גרם,false,1,14.90,2.98,true,1,
4791045001874,false,תה אינגליש אריסטוקרטיק 100 שק סרי לנקה,,,תה אינגליש אריסטוקרט,גרמים,200.00,100 גרם,false,1,27.50,13.75,true,1,
4791045002314,false,תה היליס עלים ירוק 100 גרם,,,תה היליס עלים ירוק 1,גרמים,100.00,100 גרם,false,1,12.80,12.80,true,1,
4792252001107,false,תה פירות הקסם 2 גר* 20 שק,בסילר,,תה פירות הקסם 2 גר*,Unknown,0.00,Unknown,false,1,19.90,19.90,true,1,
4800888219510,false,דאב - דאודורנט סטיק לאישה פרש מלפפונים 50 גרם,יוניליוור פיליפינים,PH,דאודורנט סטיק מלפפון,גרמים,50.00,100 גרם,false,1,26.90,53.80,true,1,
4810065013121,false,חלב מרוכז ממותק דוי פק רוגציוב 280 גרם,,BY,חלב מרוכז ממותק דוי,גרמים,280.00,100 גרם,false,1,15.90,5.68,true,1,
4810108007506,false,Glubokoeחלב מרוכז 380 גר,,BY,חלב מרוכז 380 גר Gl,גרמים,380.00,100 גרם,false,1,13.90,3.66,true,1,
4810168000011,false,פילה דג הרינג מלוח מצונן 250 גרם,LTD BREMOR SANTA SD,,פילה הרינג מלוח 250,גרמים,250.00,100 גרם,false,1,15.20,6.08,true,1,
4810168000103,false,פילה הרינג מטיאס 250גר,,BY,פילה הרינג מלוח מעוש,גרמים,250.00,100 גרם,false,1,15.20,6.08,true,1,
4810168000998,false,פילה דג הרינג מלוח מצונן עם בצל בצנצנת חתיכות 260גרם,LTD BREMOR SANTA SD,,חתיכות פילה הרינג,גרמים,260.00,100 גרם,false,1,19.40,7.46,true,1,
4810168001056,false,פילה דג הרינג מלוח מצונן בצנצנת חתיכות 260גרם,LTD BREMOR SANTA SD,,חתיכות פילה הרינג,גרמים,260.00,100 גרם,false,1,19.40,7.46,true,1,
4810168001933,false,מקלות סורימי בטעם סרטן קפוא 200 גרם,,,מקלות סורימי בטעם סר,גרמים,200.00,100 גרם,false,1,7.30,3.65,true,1,
4810168004156,false,ביצי דג טרוטונית אטלנטי סלמון מעושן 180ג,,,ביצי דג טרוטונית אטל,גרמים,180.00,100 גרם,false,1,17.70,9.83,true,1,
4810168011017,false,סורימי בטעם סרטן קפוא 150 גרם,,,סורימי בטעם סרטן קפו,גרמים,150.00,100 גרם,false,1,9.90,6.60,true,1,
4810168016104,false,ביצי דג טרוטונית אטלנטי חסילונים 180 גר,,,ביצי דג טרוטונית אטל,גרמים,180.00,100 גרם,false,1,17.70,9.83,true,1,
4810168018795,false,חתיכות פילה דג הרינג מלוח מצונן 200גרם,LTD BREMOR SANTA SD,,חתיכות פילה הרינג מל,גרמים,200.00,100 גרם,false,1,15.20,7.60,true,1,
4810168020361,false,אצות ים מוחמצות עם חצילים 150 גר,,,אצות ים מוחמצות עם ח,גרמים,150.00,100 גרם,false,1,7.30,4.87,true,1,
4810168020392,false,אצות ים מוחמצות גזר 150 גר,,,אצות ים מוחמצות גזר,גרמים,150.00,100 גרם,false,1,7.30,4.87,true,1,
4810168023478,false,סלט אצות ים צוקה 150 גרם,,,סלט אצות ים צוקה 150,גרמים,150.00,100 גרם,false,1,14.90,9.93,true,1,
4810168024260,false,ביצי דג שיבוט מומלח מצונן 130 גר,,,ביצי דג שיבוט מומלח,גרמים,130.00,100 גרם,false,1,16.70,12.85,true,1,
4810168024512,false,פילה דג הרינג מלוח מצונן עם תבלין בצנצנת חתיכות 260 גרם,סנטה ברמור,,חתיכות פילה הרינג,גרמים,260.00,100 גרם,false,1,19.40,7.46,true,1,
4810168025793,false,ביצי דג זהבנון מומלח מצונן 130 גר,,,ביצי דג זהבנון מומלח,גרמים,130.00,100 גרם,false,1,16.70,12.85,true,1,
4810168035792,false,ממרח עם קריל מעושן 150 גר,,BY,ממרח עם קריל מעושן 1,גרמים,150.00,100 גרם,false,1,15.20,10.13,true,1,
4810168035808,false,ממרח עם קריל ברוטב שמנת ושום 150 גר,,BY,ממרח עם קריל ברוטב ש,גרמים,150.00,100 גרם,false,1,15.20,10.13,true,1,
4810168038267,false,גלידת שמנת בטעם וניל פלומביר בציפוי צימקאו אסקימו 65 גר YUKKI,Santa Bremor,,גלידה שמנת בטעם וניל,גרמים,65.00,100 גרם,false,1,6.20,9.54,true,1,
4810168038977,false,גלידת שמנת בטעם וניל בגביע וופל אישי פלומביר 75 גרם YUKKI,Santa Bremor,,גלידה פלומביר 75 גר,גרמים,75.00,100 גרם,false,1,6.20,8.27,true,1,
4810168038991,false,גלידת שמנת בטעם שוקולד בגביע וופל אישי פלומביר 75 גר YUKKI,Santa Bremor,,גלידה פלומביר בגביע,גרמים,75.00,100 גרם,false,1,6.20,8.27,true,1,
4810168049928,false,"בלינצ'ס במילוי תפו""א ופטריות מוקפאים 420 גרם",,BY,"בלינצס במילוי תפו""א",גרמים,420.00,100 גרם,false,1,14.60,3.48,true,1,
4810168055004,false,כיסונים במילוי אוכמניות כחולות מוקפאים 4,,BY,כיסונים במילוי,גרמים,450.00,100 גרם,false,1,20.90,4.64,true,1,
4810168055042,false,כיסונים במילוי פטל מוקפאים 450 גרם,,BY,כיסונים במילוי פטל,גרמים,450.00,100 גרם,false,1,20.90,4.64,true,1,
4810168055165,false,לביבות גבינת טבורוג מוקפאות 450 גרם,,BY,לביבות גבינת טבורוג,גרמים,450.00,100 גרם,false,1,20.90,4.64,true,1,
4810168055875,false,חתיכות פילה דג הרינג מתובל ממולח בשמן 1200 גרם,,,חתיכות פילה דג הרינג,גרמים,1200.00,100 גרם,false,1,41.90,3.49,true,1,
4810168056964,false,בלינצ'ס במילוי ממרח קקאו-אגוזי לוז מוקפא 360 גרם,,BY,בלינצס במילוי ממרח ק,גרמים,360.00,100 גרם,false,1,14.60,4.06,true,1,
4810168057435,false,חתיכות פילה דג XXLהרינג מלוח בשמן מצונן 400 גרם,,RU,חתיכות פילה הרינג מל,גרמים,500.00,100 גרם,false,1,30.50,6.10,true,1,
4810168057510,false,חתיכות פילה דג הרינג מתובל מלוח בשמן 400 גרם,,,חתיכות פילה הרינג מת,גרמים,400.00,100 גרם,false,1,30.50,7.63,true,1,
4810168061142,false,בסגנון קוויאר אדום כדורי דג סלמון ופורל,פירסט קוואליטי תרייד,,בסגנון קוויאר אדום כ,גרמים,230.00,100 גרם,false,1,14.90,6.48,true,1,
4810268027345,false,טבורוג 5% סבושקין קלאסי 300 גרם,,BY,טבורוג 5% סבושקין קל,גרמים,300.00,100 גרם,false,1,19.90,6.63,true,1,
4810268028847,false,טבורוג 5% סבושקין זרניסטיי 350 גרם,,BY,טבורוג 5% סבושקין זר,גרמים,200.00,100 גרם,false,1,15.90,7.95,true,1,
4810268028908,false,טבורוג 5% סבושקין קלאסי 350 גרם,,BY,טבורוג 5% סבושקין קל,גרמים,350.00,100 גרם,false,1,21.90,6.26,true,1,
4810268041907,false,טבורוג 5% סבושקין קלאסי 200 גרם,,BY,טבורוג 5% סבושקין קל,גרמים,200.00,100 גרם,false,1,9.90,4.95,true,1,
4810268041914,false,טבורוג 5% סבושקין קלאסי 200 גרם,,BY,טבורוג 5% סבושקין קל,גרמים,200.00,100 גרם,false,1,13.50,6.75,true,1,
4810278003568,false,חליטת צמחים20 שקיקים CHAMOMILE,,BY,חליטת צמחים20 שקיקים,גרמים,20.00,100 גרם,false,1,10.40,52.00,true,1,
4820000455909,false,קוואס טאראס 1.5 ל,,,קואס טאראס 1.5 ל,ליטרים,0.00,ליטר,false,1,16.90,16.90,true,1,
4820002710860,false,בירה אובולון פשניצנויה 1 ליטר,OBOLON,,בירה אובולון פשניצנו,מיליליטרים,1000.00,"100 מ""ל",false,1,13.20,1.32,true,1,
4820003689196,false,נקטר תפוחים 1.93 ליטר אודסה,ויטמרק,,נקטר תפוחים 1.93 ליט,ליטרים,0.00,ליטר,false,1,24.90,24.90,true,1,
4820003689349,false,נקטר מולטיויטמין 1.93 ליטר נאש סוק,ויטמרק,,נקטר מולטיויטמין 1.9,ליטרים,0.00,ליטר,false,1,24.90,24.90,true,1,
4820003689363,false,נקטר עגבניות עם מלח 1.93 ליטר נאש סוק,נאש סוק,UA,נקטר עגבניות עם מלח,ליטרים,0.00,ליטר,false,1,24.90,24.90,true,1,
4820003689387,false,נקטר דובדבן 1.93 ליטר נאש סוק,ויטמרק,,נקטר דובדבן 1.93 ליט,ליטרים,0.00,ליטר,false,1,24.90,24.90,true,1,
4820005193059,false,שוקולד מילניום גולד לבן אגוזים 100 גרם,מלבי,,שוקולד מילניום גולד,גרמים,100.00,100 גרם,false,1,7.90,7.90,true,1,
4820016250604,false,"נקטר מולטיויטמין 200 מ""ל נאש סוק",,UA,נקטר מולטיויטמין 200,מיליליטרים,200.00,"100 מ""ל",false,1,3.90,1.95,true,1,
4820029960156,false,"קונפיטורה פטל 1.20 ק""ג DARLIS",,,קונפיטורה פטל 1.20 ק,גרמים,1200.00,100 גרם,false,1,36.50,3.04,true,1,
4820029960378,false,"קונפיטורה פירות יער 1.20 ק""ג DARLIS",,UA,קונפיטורה פירות יער,גרמים,1.00,100 גרם,false,1,36.50,3650.00,true,1,
4820056380354,false,עולש נמס גאלקה פלוס 100 גר,ורחובינקה,,עולש נמס גאלקה פלוס,גרמים,100.00,100 גרם,false,1,8.50,8.50,true,1,
4820077081124,false,"שמן חמניות לא מזוכך גרנה 850 מ""ל",,,שמן חמניות לא מזוכך,מיליליטרים,850.00,"100 מ""ל",false,1,12.90,1.52,true,1,
4820094252231,false,מעדן פטל אדום 45% פרי 700 גר,,UA,מעדן פטל אדום 45% פר,גרמים,700.00,100 גרם,false,1,19.90,2.84,true,1,
4820136406127,false,דובשניות עם דבש קייבחלאב 420 גר,,,דובשניות עם דבש קייב,גרמים,420.00,100 גרם,false,1,8.90,2.12,true,1,
4820165641384,false,סושקה מליוטקה וניל פלורה 300 גר,סלובוז'נסקי ברד בייק,,סושקה מליוטקה וניל פ,גרמים,300.00,100 גרם,false,1,8.90,2.97,true,1,
4820165641421,false,סולומקה מתוקה חרומטיק 250 גרם,סלובוז'נסקי ברד בייק,,סולומקה מתוקה חרומטי,גרמים,250.00,100 גרם,false,1,8.90,3.56,true,1,
4820171991664,false,ורניק לסקה תפוח אדמה 900 גר,לאסקה,,ורניק לסקה תפוח אדמה,גרמים,900.00,100 גרם,false,1,25.90,2.88,true,1,
4820171993279,false,"קרפלך תפו""א ופטריות 900 גר",לאסקה,,"קרפלך תפו""א ופטריות",גרמים,900.00,100 גרם,false,1,25.90,2.88,true,1,
4820179253726,false,איטריות רולטון להכנה מהירה עם פטריות 75,MAREVEN FOOD,,איטריות רולטון להכנה,גרמים,0.00,100 גרם,false,1,7.50,7.50,true,1,
4820179255003,false,איטריות רולטון להכנה מהירה בטעם גבינה ו,MAREVEN FOOD,,איטריות רולטון להכנה,גרמים,0.00,100 גרם,false,1,7.50,7.50,true,1,
4820182740053,false,ציפס בטעם סרטן 70 גר,קלוס צ'פסוב,,ציפס בטעם סרטן 70 גר,גרמים,70.00,100 גרם,false,1,8.50,12.14,true,1,
4820182740077,false,ציפס בטעם גבינה 70 גר,קלוס צ'פסוב,,ציפס בטעם גבינה 70 ג,גרמים,70.00,100 גרם,false,1,8.50,12.14,true,1,
4820182741777,false,ציפס בטעם שישליק 70 גר Chipsters,קלוס צ'פסוב,UA,ציפס בטעם שישליק 70,גרמים,70.00,100 גרם,false,1,8.50,12.14,true,1,
4820182742019,false,ציפס בטעם כנפיים ברביקיו 70 גר פלינט,Snacks,,ציפס כנפיים ברביקיו,גרמים,70.00,100 גרם,false,1,8.50,12.14,true,1,
4820182742897,false,קרוטונים פלינט בטעם בקון 35 גר,Snacks,UA,קרוטונים פלינט בטעם,גרמים,35.00,100 גרם,false,1,2.90,8.29,true,1,
4820182742903,false,קרוטונים פלינט בטעם סרטן 35 גרם,Snacks,UA,קרוטונים פלינט בטעם,גרמים,35.00,100 גרם,false,1,2.90,8.29,true,1,
4820182742972,false,קרוטונים פלינט בטעם קוויאר 35 גרם,Snacks,UA,קרוטונים פלינט בטעם,גרמים,35.00,100 גרם,false,1,2.90,8.29,true,1,
4820182742989,false,קרוטונים פלינט בטעם גבינה 35 גר,Snacks,UA,קרוטונים פלינט בטעם,גרמים,35.00,100 גרם,false,1,2.90,8.29,true,1,
4820182742996,false,קרוטונים פלינט בטעם סלמי 35 גר,Snacks,UA,קרוטונים פלינט בטעם,גרמים,35.00,100 גרם,false,1,2.90,8.29,true,1,
4820182743160,false,קרוטונים בטעם שום 70 גרם FLINT,MALBI CHOCOLATE,,קרוטונים בטעם שום 7,גרמים,70.00,100 גרם,false,1,4.50,6.43,true,1,
4820182746932,false,קרוטונים בטעם עגבניות מתובלות 70גר FLINT,MALBI CHOCOLATE,,קרוטונים בטעם עגבניו,גרמים,70.00,100 גרם,false,1,4.50,6.43,true,1,
4820199870019,false,סושקה וניל בקק 300 גר,BKK,,סושקה וניל בקק 300 ג,גרמים,300.00,100 גרם,false,1,7.90,2.63,true,1,
4820199870781,false,פריאניק מולוצני 380 גרם,BKK,,פריאניק מולוצני 380,גרמים,380.00,100 גרם,false,1,11.90,3.13,true,1,
4820210080014,false,מעדן תות שדה 45% פרי 700 גר,,UA,מעדן תות שדה 45% פרי,גרמים,700.00,100 גרם,false,1,19.90,2.84,true,1,
4823077602863,false,רושן סוכריות ג'לי קרייזי פצ'ולקה 200 גרם,רושן,UA,"רושן סוכריות גלי ""קר",גרמים,200.00,100 גרם,false,1,6.90,3.45,true,1,
4823077612732,false,רושן סוכריות ממולאות בטעם פירות ביים בום 200 גרם,קייב קרמנציק,UA,סוכריות קרמל רושן בי,גרמים,200.00,100 גרם,false,1,4.90,2.45,true,1,
4823077613630,false,חטיף שוקולד רושן ממולה קרם בורלה 43 גרם,רושן Roshen,,באטונציק קרם ברולה 4,גרמים,43.00,100 גרם,false,1,3.90,9.07,true,1,
4823077614675,false,ביסקוויט לקפה רושן בטעם חלב 185 גרם,קייב קרמנציק,,ביסקוויט חלב 185 גר,גרמים,185.00,100 גרם,false,1,3.90,2.11,true,1,
4823077614699,false,ביסקוויט לקפה רושן בטעם חמאה וניל 185 גרם,קייב קרמנציק,,ביסקוויט וניל 185 גר,גרמים,185.00,100 גרם,false,1,3.90,2.11,true,1,
4823077617041,false,חטיף שוקולד רושן ממולה קרם קרמל 43 גרם,רושן Roshen,,באטונציק קרמל 40 גר,גרמים,40.00,100 גרם,false,1,3.90,9.75,true,1,
4823077617829,false,עוגה קייבסקי רושן 450 גר,,,עוגה קייבסקי רושן 45,גרמים,450.00,100 גרם,false,1,72.90,16.20,true,1,
4823077621154,false,בטונציק שוקולד רושן,רושן,,באטונציק 43 גר רושן,גרמים,43.00,100 גרם,false,1,3.90,9.07,true,1,
4823077621635,false,חטיף שוקולד רושן בטעם חלב 72 גרם,Unknown,,וופל רושן בטעם חלב 7,גרמים,72.00,100 גרם,false,1,3.90,5.42,true,1,
4823077621642,false,חטיף שוקולד רושן בטעם שוקולד 72 גר,Unknown,,וופל רושן בטעם שוקול,גרמים,72.00,100 גרם,false,1,3.90,5.42,true,1,
4823077621659,false,חטיף שוקולד רושן בטעם אגוז 72 גר,Unknown,,וופל רושן בטעם אגוז,גרמים,72.00,100 גרם,false,1,3.90,5.42,true,1,
4823077624391,false,"רושן סוכריות טופי ""מינקי בינקי"" 185 גר",רושן,,"רושן סוכריות טופי ""מ",גרמים,185.00,100 גרם,false,1,6.90,3.73,true,1,
4823077625589,false,וופל וואפרס חלב רושן 216 גר,,UA,וופל וואפרס חלב רושן,גרמים,216.00,100 גרם,false,1,6.90,3.19,true,1,
4823077625626,false,וופל וואפרס אגוז רושן 216 גר,,UA,וופל וואפרס אגוז רוש,גרמים,216.00,100 גרם,false,1,6.90,3.19,true,1,
4823077626203,false,שוקולד רושן אורירי מריר 80 גרם,רושן Roshen,UA,שוקולד אורירי מריר 8,גרמים,80.00,100 גרם,false,1,6.90,8.63,true,1,
4823077626227,false,שוקולד רושן אורירי חלב 80 גרם,רושן Roshen,UA,שוקולד אורירי חלב 80,גרמים,80.00,100 גרם,false,1,6.90,8.63,true,1,
4823077626241,false,שוקולד רושן אורירי לבן קרמל 80 גרם,רושן,UA,שוקולד אורירי לבן קר,גרמים,80.00,100 גרם,false,1,6.90,8.63,true,1,
4823077626364,false,שוקולד רושן אורירי לבן 80 גרם,רושן Roshen,UA,שוקולד אורירי לבן 80,גרמים,80.00,100 גרם,false,1,6.90,8.63,true,1,
4823077630422,false,"סנדוויץ' קרקר חלב וניל רושן 235 גרם "" 2 CRACK """,רושן,,סנדוויץ קרקר חלב וני,גרמים,235.00,100 גרם,false,1,9.90,4.21,true,1,
4823077632112,false,וופל רושן בטעם קקאו חלב 216 גרם,,,וופל בטעם קקאו חלב ר,גרמים,216.00,100 גרם,false,1,6.90,3.19,true,1,
4823077632259,false,חטיף שוקולד רושן עם בוטנים 43 גרם,רושן Roshen,,באטונציק קרם עם בוטנ,גרמים,38.00,100 גרם,false,1,3.90,10.26,true,1,
4823077632587,false,שוקולד רושן חלב עם שקד שלם 90 גר LACMI,רושן,,שוקולד רושן חלב עם ש,גרמים,90.00,100 גרם,false,1,7.90,8.78,true,1,
4823077633317,false,עוגיות שוקוצ'יפס LOVITA שוקולד עם חתיכות שוקולד 150 גרם,,,עוגיות שוקולד עם חתי,גרמים,150.00,100 גרם,false,1,6.90,4.60,true,1,
4823077633331,false,עוגיות שוקוצ'יפס LOVITA בטעם תפוז 150 גרם,,,עוגיות רושן עם בטעם,גרמים,150.00,100 גרם,false,1,6.90,4.60,true,1,
4823077634178,false,עוגיות רושן LOVITA במילוי תפוח קינמון 168 גרם,,,עוגיות עם מילוי תפוח,גרמים,168.00,100 גרם,false,1,6.90,4.11,true,1,
4823077634222,false,עוגיות Lovita ממולאות ג'לי תפוז מצופות צימקאו,רושן Roshen,,עוגיות תפוז 135 גר L,גרמים,135.00,100 גרם,false,1,6.90,5.11,true,1,
4823077634246,false,עוגיות Lovita ממולאות ג'לי פטל מצופות צימקאו,רושן Roshen,,עוגיות פטל 135 גר LO,גרמים,135.00,100 גרם,false,1,6.90,5.11,true,1,
4823077634277,false,עוגיות Lovita ממולאות ג'לי תות שדה מצופות צימקאו,רושן Roshen,,עוגיות תות שדה 135 ג,גרמים,135.00,100 גרם,false,1,6.90,5.11,true,1,
4823077634741,false,עוגיות רושן LOVITA במילוי תות שדה 168 גרם,,,עוגיות עם מילוי תות,גרמים,168.00,100 גרם,false,1,6.90,4.11,true,1,
4823077636172,false,וופל רושן בטעם לימון 216 גרם,,UA,וופל רושן בטעם לימון,גרמים,216.00,100 גרם,false,1,5.80,2.69,true,1,
4823090302481,false,ביסקוויט בטעם חלב אפוי לוזיוק 180 גרם,,UA,ביסקוויט בטעם חלב אפ,גרמים,180.00,100 גרם,false,1,5.90,3.28,true,1,
4823090302498,false,ביסקוויט בטעם שמנת לוזיוק 180 גרם,,UA,ביסקוויט בטעם שמנת ל,גרמים,180.00,100 גרם,false,1,5.90,3.28,true,1,
4823092700926,false,חלבה חמניות בטעם וניל 200 גרם,או.או.או. דרוזקבסקיי,,חלבה חמניות בטעם וני,גרמים,200.00,100 גרם,false,1,5.90,2.95,true,1,
4823105401086,false,ממרח זוקיני עם פלפלים חריפים 500 גרם,"טי.או בי. ""ויז'י פרודקשן""",,ממרח זוקיני עם פלפלי,גרמים,500.00,100 גרם,false,1,13.90,2.78,true,1,
4823105402625,false,חרדל עם חזרת פיקנטי 190 גרם,,,חרדל עם חזרת פיקנטי,גרמים,190.00,100 גרם,false,1,6.90,3.63,true,1,
4823105402878,false,חזרת לבנה חריפה 190 גרם,,,חזרת לבנה חריפה 190,גרמים,190.00,100 גרם,false,1,7.90,4.16,true,1,
4823105403028,false,גרגירי חרדל לבן 50 גרם,"טי.או בי. ""ויז'י פרודקשן""",,גרגירי חרדל לבן 50 ג,גרמים,50.00,100 גרם,false,1,3.90,7.80,true,1,
4840008001199,false,מיני סושקה וניל 500 גרם FRANZELUTA,פרנזלוטה,,מיני סושקה וניל 500,גרמים,500.00,100 גרם,false,1,10.40,2.08,true,1,
4840008019521,false,עוגיות בצק עלים לבבות דקל פרנצלוטה 350 ג,פרנזלוטה,,עוגיות בצק עלים לבבו,גרמים,350.00,100 גרם,false,1,10.40,2.97,true,1,
4840008031806,false,דובשניות טעם חלב מרוכז 400 גר פרנצלוטה,Franzeluta,,דובשניות טעם חלב מרו,גרמים,400.00,100 גרם,false,1,9.40,2.35,true,1,
4840008040075,false,350 עוגיות אוזניים עם קינמון גר,FRANZELUTA,MD,350 עוגיות אוזניים ע,גרמים,350.00,100 גרם,false,1,10.40,2.97,true,1,
4840022000703,false,"מיץ תפוח 200 מ""ל VITA NATURALIS",,,"מיץ תפוח 200 מ""ל",מיליליטרים,200.00,"100 מ""ל",false,1,3.20,1.60,true,1,
4840022004206,false,מיץ עגבניות 1 ליטר VITA NATURALIS,,,מיץ עגבניות 1 ליטר V,מיליליטרים,1000.00,"100 מ""ל",false,1,12.10,1.21,true,1,
4840022004626,false,מיץ עגבניות 2 לט VITA NATURALIS,,MD,מיץ עגבניות 2 לט VIT,ליטרים,0.00,ליטר,false,1,21.90,21.90,true,1,
4840022006255,false,"נקטר תפוח ענבים 200 מ""ל VITA NATURALIS",,,נקטר תפוח ענבים 200,מיליליטרים,200.00,"100 מ""ל",false,1,3.20,1.60,true,1,
4840022006651,false,נקטר תפוחי עץ ענביים 1 ל VITA NATURALIS,,,נקטר תפוחי עץ ענביים,מיליליטרים,1000.00,"100 מ""ל",false,1,12.10,1.21,true,1,
4840022006699,false,נקטר תפוח עץ אדום 1 ל VITA NATURALIS,,,נקטר תפוח עץ אדום 1,מיליליטרים,1000.00,"100 מ""ל",false,1,12.10,1.21,true,1,
4840022008716,false,משקה קל אפרסק מנגו 200 מל VITA NATURALIS,,,משקה קל אפרסק מנגו,מיליליטרים,200.00,"100 מ""ל",false,1,3.20,1.60,true,1,
4850001110439,false,סלט YAN ממרח חצלים 470 גר,,,סלט YAN ממרח חצלים,גרמים,470.00,100 גרם,false,12,14.60,3.11,true,1,
4850001111016,false,מיץ YAN תפוזים טבעי 930 מל,,,מיץ YAN תפוזים טבעי,גרמים,930.00,100 גרם,false,12,18.90,2.03,true,1,
4850001111085,false,מיץ YAN תפוח טבעי 930 מל,,,מיץ YAN תפוח טבעי 9,גרמים,930.00,100 גרם,false,12,18.90,2.03,true,1,
4850001111511,false,מיץ YAN עגבניות טבעי 930 מל,,,מיץ YAN עגבניות טבעי,גרמים,930.00,100 גרם,false,12,18.90,2.03,true,1,
4850001117773,false,סלט YAN ממרח קישואים 470 גר,,,סלט YAN ממרח קישואים,גרמים,470.00,100 גרם,false,12,14.60,3.11,true,1,
4850009745794,false,ליפתן תות שדה 1.1 ליטר ARARAT,,AM,ליפתן תות שדה 1 ליטר,מיליליטרים,1000.00,"100 מ""ל",false,1,16.50,1.65,true,1,
4860004070227,false,יין אלזאני לבן מתוק 750 מל,GWS,,יין אלזאני לבן מתוק,Unknown,0.00,Unknown,false,1,37.90,37.90,true,1,
4860004073105,false,יין קינזמראולי חצי מתוק 750 מל,GWS,,יין קינזמראולי חצי מ,Unknown,0.00,Unknown,false,1,37.90,37.90,true,1,
4860009000014,false,מיץ רימונים 100% סחוט ללא תוספת סוכר,Aromaproduct ltd,,מיץ רימונים 1 ליטר ת,מיליליטרים,1000.00,"100 מ""ל",false,1,21.90,2.19,true,1,
4860019001346,false,בורז'ומי מים מינרליים טבעיים 500מ'ל חדש,אי די אס בורגומי,,מים מינרלים בורגומי,מיליליטרים,500.00,"100 מ""ל",false,1,6.90,1.38,true,1,
4860019001414,false,"בקבוק מים בוז'ורמי 750 מ""ל",האי נאם סי או אל.טי.,,"מים בורגומי 750 מ""ל",מיליליטרים,750.00,"100 מ""ל",false,1,8.90,1.19,true,1,
4860103350183,false,משקה גזוז דיושס (אגס) 1 ליטר,גרוזינסקי פיבנייה,GE,משקה גזוז דיושס (אגס,מיליליטרים,1000.00,"100 מ""ל",false,1,10.90,1.09,true,1,
4860108700150,false,רוטב שזיפי בר גר 540 NENA* TKEMALI GR,,,רוטב שזיפי בר טקמלי,גרמים,540.00,100 גרם,false,1,13.90,2.57,true,1,
4860108700198,false,רוטב שזיפ.בר גר 540 NENA* TKEM.YELLOW*,,,רוטב שזיפ.בר גר 540,גרמים,540.00,100 גרם,false,1,13.90,2.57,true,1,
4860108710579,false,לפתן דובדבנים ננה 1 ל,קחטיאן טרדיטיונל,,לפתן דובדבנים ננה 1,ליטרים,0.00,ליטר,false,1,17.90,17.90,true,1,
4860108710678,false,לפתן דובדבני קורנילה ננה 1 ל,קחטיאן טרדיטיונל,,לפתן דובדבני קורנילה,ליטרים,0.00,ליטר,false,1,17.60,17.60,true,1,
5000111041843,false,"רוטב וורצירטר 290 מ""ל",,,"רוטב וורצירטר 290 מ""",מיליליטרים,290.00,"100 מ""ל",false,1,34.90,12.03,true,1,
5000127163195,false,דגני בוקר קלוגס ספיישל קיי 500גרם,חברת קלוגס בריטניה,,דגני ספיישל קיי 500,גרמים,500.00,100 גרם,false,1,22.90,4.58,true,1,
5000157143365,false,מתבל בטעם מיונז וקטשופ היינץ 425 גרם,"פודליצקי ספ.ז.או.או,",PL,מתבל בטעם מיונז וקטש,מיליליטרים,425.00,"100 מ""ל",false,1,14.90,3.51,true,1,
5000159376792,false,סוכריות סקיטלס Skittles פירות חמוצים,ריגלי ממתקים,,סקיטלס חמוץ 38 גרם,גרמים,38.00,100 גרם,false,1,3.30,8.68,true,1,
5000159382694,false,מארס עשירייה 450 גרם,,NL,מארס עשירייה 450 גרם,גרמים,450.00,100 גרם,false,1,24.90,5.53,true,1,
5000159382731,false,סניקרס 10*50 גרם,,,סניקרס 10*50 גרם,גרמים,500.00,100 גרם,false,1,24.90,4.98,true,1,
5000159407236,false,חטיף מרס שוקולד עם ק,מרס הולנד בי.וי.,,חטיף מארס 51 גרם,גרמים,51.00,100 גרם,false,1,3.60,7.06,true,1,
5000159459228,false,חטיף שוקולד טוויקס 50 ג',"נארז ע""י : א.ג. גילר",,חטיף טוויקס 50 גרם,גרמים,50.00,100 גרם,false,1,3.60,7.20,true,1,
5000159461122,false,חטיף שוקולד סניקרס מקס קרמל 50 ג',"נארז ע""י : א.ג. גילר",,חטיף סניקרס 50 גרם,גרמים,50.00,100 גרם,false,1,3.60,7.20,true,1,
5000159471510,false,אם אנד אם בוטנים 220 גרם,,FR,אם אנד אם בוטנים 220,גרמים,220.00,100 גרם,false,1,16.70,7.59,true,1,
5000159471794,false,אם אנד אם שוקולד 220 גרם,,BE,אם אנד אם שוקולד 220,גרמים,220.00,100 גרם,false,1,16.70,7.59,true,1,
5000159472029,false,אם אנד אם קריספי 213 גרם,,FR,אם אנד אם קריספי 213,גרמים,213.00,100 גרם,false,1,19.80,9.30,true,1,
5000159473279,false,באונטי מיניס 227 גרם,,NL,באונטי מיניס 227 גרם,גרמים,227.00,100 גרם,false,1,15.90,7.00,true,1,
5000189363069,false,חטיף שוקולד אפטר אייט200,נסטלה,,אפטר אייט 200 גר,גרמים,200.00,100 גרם,false,1,15.20,7.60,true,1,
5000267014234,false,וויסקי ג'וני ווקר רד לייבל Red label,ג'וני ווקר Johnnie walker,,מארז גוני ווקר אדום,מיליליטרים,750.00,"100 מ""ל",false,1,74.90,9.99,true,1,
5000299223031,false,"קפטן מורגן ספייסד - רום 750 מ""ל",יבואן ומשווק: ש. שסט,,רום קפטן מורגן ספייס,מיליליטרים,750.00,"100 מ""ל",false,1,89.90,11.99,true,1,
5010029221084,false,דגני וויטביקס פרוטאין קראנץ' בטעם מקורי,טרופיקל דגיל תעשיות,,דגנים מלאים עם פרוטא,גרמים,450.00,100 גרם,false,1,27.90,6.20,true,1,
5010314048907,false,"וויסקי מקאלן פיין אוק 12 שנה 700 מ""ל",מקאלן דיסטילרי,,וויסקי מקלן פיין אוק,מיליליטרים,700.00,"100 מ""ל",false,1,265.00,37.86,true,1,
5010677551397,false,"בקרדי בריזר לימון ליים 275 מ""ל",בקרדי בריזר Bacardi Breezer,,בקרדי בריזר לימון לי,מיליליטרים,275.00,"100 מ""ל",false,1,14.50,5.27,true,1,
5010677552387,false,"בקרדי בריזר אננס 275 מ""ל בקבוק",בקרדי בריזר Bacardi Breezer,,בקרדי בריזר אננס 275,מיליליטרים,275.00,"100 מ""ל",false,1,14.50,5.27,true,1,
5010677554398,false,"בקרדי בריזר אבטיח 275 מ""ל בקבוק",בקרדי בריזר Bacardi Breezer,,בקרדי בריזר אבטיח,מיליליטרים,275.00,"100 מ""ל",false,1,14.50,5.27,true,1,
5011007003227,false,וויסקי גיימיסון 1 ליטר,אייריש דיסטלריז,,וויסקי גיימיסון 1 לי,מיליליטרים,1000.00,"100 מ""ל",false,1,124.90,12.49,true,1,
5011013100132,false,"ויסקי בייליס אייריש קרים 750 מ""ל",r&a baileys,,אייריש קרים בייליס 7,מיליליטרים,750.00,"100 מ""ל",false,1,88.90,11.85,true,1,
5011013934546,false,"בייליס קרמל מלוח 700 מ""ל",r&a baileys,IE,בייליס קרמל מלוח 700,מיליליטרים,700.00,"100 מ""ל",false,1,119.90,17.13,true,1,
5011348017112,false,"בירה הובגובלין פחית 500 מ""ל",,GB,בירה הובגובלין פחית,מיליליטרים,500.00,"100 מ""ל",false,1,16.90,3.38,true,1,
5011348019772,false,"בירה הובגובלין אי.פי.איי 500 מ""ל",ויצ'וויד,,בירה הובגובלין אי.פי,מיליליטרים,500.00,"100 מ""ל",false,1,17.90,3.58,true,1,
5012035965587,false,הריבו סאוור ספארקס 175 גרם,,IT,הריבו סאוור ספארקס 1,גרמים,175.00,100 גרם,false,1,8.90,5.09,true,1,
5013387205826,false,פרואט-חטיף ללא גלוטן שוקולד 100 גרם,,GB,פרואט-חטיף ללא גלוטן,גרמים,100.00,100 גרם,false,1,15.90,15.90,true,1,
5017375433888,false,מיליונס סוכריות לעיסה תות 85 גרם,,,מיליונס סוכריות לעיס,גרמים,85.00,100 גרם,false,1,9.50,11.18,true,1,
5017375433895,false,מיליונס סוכריות לעיסה בטעם מסטיק 85 גרם,,,מיליונס סוכריות לעיס,גרמים,85.00,100 גרם,false,1,9.50,11.18,true,1,
5023625004487,false,בירה הובגובלין רובי500מל,וויצ'וד ויטניי,,בירה הובגובלין 500 מ,מיליליטרים,500.00,"100 מ""ל",false,1,17.90,3.58,true,1,
5030544902121,false,גבינה מעושנת DORSET RED במשקל,,,גבינה מעושנת DORSET,Unknown,0.00,"ק""ג",true,0,143.00,143.00,true,1,
5032678006553,false,"פרנקלין & סאנס טוניק אשכולית אדומה וברגמוט 200 מ""ל",,GB,מי טוניק אשכולית אדו,מיליליטרים,200.00,"100 מ""ל",false,1,7.20,3.60,true,1,
5035766044673,false,"סטרונגבואו גולד, סיידר תפוחים אלכוהולי, בקבוק 330 מ''ל",האי נאם סי או אל.טי.,,סיידר תפוחים סטרונגב,מיליליטרים,330.00,"100 מ""ל",false,1,8.20,2.48,true,1,
5035766060253,false,"בירה מרפיס, בירת סטאוט, פחית 500 מ""ל",מרפיס Murphys,,"מרפיס פחית 500 מ""ל",מיליליטרים,500.00,"100 מ""ל",false,1,12.80,2.56,true,1,
5053827110679,false,"קלוגס ""פרוט לופס"" דגני בוקר 375 גרם",קלוגס,,"קלוגס ""פרוט לופס"" דג",גרמים,375.00,100 גרם,false,1,20.90,5.57,true,1,
5053827193368,false,דגני בוקר קלוגס ברנפלקס 500 גרם,קלוגס קומפני אוף גרייט ב,,קלוגס בראנפלקס 500 ג,גרמים,500.00,100 גרם,false,1,21.90,4.38,true,1,
5056357900925,false,סניקרס חטיף חלבון חמאת בוטנים 57 גרם,פארם אקספרס,NL,סניקרס חטיף חלבון חמ,גרמים,57.00,100 גרם,false,1,16.90,29.65,true,1,
5056357901427,false,אם אנד אם חטיף חלבון שוקולד 51 גרם,פארם אקספרס,NL,אם אנד אם חטיף חלבון,גרמים,51.00,100 גרם,false,1,16.90,33.14,true,1,
5056357902936,false,סניקרס לבן חטיף היי פרוטאין 57 ג,,,סניקרס לבן חטיף היי,גרמים,57.00,100 גרם,false,1,16.90,29.65,true,1,
5056357903834,false,באונטי מעושר בחלבון 52 גרם,מארס יורק אנגליה,,באונטי חטיף חלבון 52,גרמים,52.00,100 גרם,false,1,16.90,32.50,true,1,
5056357905579,false,מארס טריפל טריט 128 גרם,,IE,מארס טריפל טריט 128,גרמים,227.00,100 גרם,false,1,16.90,7.44,true,1,
5056357906323,false,אם אנד אם קריספי חלבון 52 גרם,,,אם אנד אם קריספי חלב,גרמים,52.00,100 גרם,false,1,16.90,32.50,true,1,
5059319004655,false,"קלוגס-דגני בוקר ""זיממי"" עם קינמון 330 גר",,ES,"קלוגס-דגני בוקר ""זימ",גרמים,375.00,100 גרם,false,1,20.90,5.57,true,1,
5060122036849,false,"משקה סניקרס 350 מ""ל",Unknown,GB,"משקה סניקרס 350 מ""ל",מיליליטרים,350.00,"100 מ""ל",false,1,12.90,3.69,true,1,
5060255492277,false,חול לחתולים אוור קלין אדום,אבר קלין Ever clean,,אברקלין 6ל אדום,ליטרים,0.01,ליטר,false,1,69.90,6990.00,true,1,
5060309490242,false,דיאבלו סוכריות ללא סוכר מנטה 75 גרם,,GB,דיאבלו סוכריות ללא ס,גרמים,75.00,100 גרם,false,1,9.90,13.20,true,1,
5060402900860,false,"משקה אם אנד אם בוטנים 350 מ""ל",,,משקה אם אנד אם בוטני,גרמים,350.00,100 גרם,false,1,12.90,3.69,true,1,
5060402902130,false,משקה חלב טוויקס 350מ,,GB,"משקה טוויקס 350 מ""ל",מיליליטרים,350.00,"100 מ""ל",false,1,12.90,3.69,true,1,
5060402908248,false,סניקרס חטיף חלבון 55 גרם,פארם אקספרס,NL,סניקרס חטיף חלבון 55,גרמים,55.00,100 גרם,false,1,16.90,30.73,true,1,
5060517886486,false,"משקה אנרגיה מונסטר אנרג'י בפחית 500 מ""ל",מונסטר אנרג'י Monster Energy,RS,מונסטר אנרגי פח 500,מיליליטרים,500.00,"100 מ""ל",false,1,6.90,1.38,true,1,
5060517886516,false,"משקה אנרגיה מונסטר אנרג'י זירו בפחית 500 מ""ל",מונסטר אנרג'י Monster Energy,RS,מונסטר אנרגי זירו פח,מיליליטרים,500.00,"100 מ""ל",false,1,6.90,1.38,true,1,
5060639129102,false,"משקה אנרגיה מונסטר אנרג'י מנגו בפחית 500 מ""ל",מונסטר אנרג'י Monster Energy,,Mango Loco מונסטר 50,מיליליטרים,500.00,"100 מ""ל",false,1,6.90,1.38,true,1,
5060751218173,false,"משקה אנרגיה מונסטר אנרג'י piplin punch בפחית 500 מ""ל",מונסטר אנרג'י לימטד,,מונסטר פייפליין פאנצ,מיליליטרים,500.00,"100 מ""ל",false,1,6.50,1.30,true,1,
5099873017623,false,"וויסקי גק דניאלס טנסי אפל 700 מ""ל",ג'ק דניאלס Jack Daniel's,,וויסקי גק דניאלס טנס,מיליליטרים,700.00,"100 מ""ל",false,1,109.90,15.70,true,1,
5201583750411,false,זירו-סוכריות ללא סוכר בטעם לימון עם סטיב,איתן,GR,ZERO סוכריות לימון 4,גרמים,490.00,100 גרם,false,1,6.90,1.41,true,1,
5201583750510,false,זירו-סוכריות ללא סוכר בטעם תות קרמי,איתן,GR,ZERO סוכריות תות חל,גרמים,490.00,100 גרם,false,1,6.90,1.41,true,1,
5201583751111,false,זירו סוכריות ללא סוכר טעם אספרסו קרמי,איתן,GR,ZERO סוכריות אספרסו,גרמים,490.00,100 גרם,false,1,6.90,1.41,true,1,
5201940010011,false,זיתים שחורים טבעיים בפח ויליפוד 454 גרם,סיוארס אס.איי,,זיתים שחורים טבעיים,גרמים,454.00,100 גרם,false,1,20.50,4.52,true,1,
5202390015618,false,גבינה צהובה טבעונית אורגינל ויאו לייף 200 ג',אריביה אס.אי. 57022,,צהובה טבעונית בטעם א,גרמים,200.00,100 גרם,false,1,23.50,11.75,true,1,
5208049004781,false,פאל מאל ברי דמי סלימס חפיסה,Unknown,,פאל מאל ברי דמי סלימ,Unknown,0.00,Unknown,false,1,26.00,26.00,true,1,
5400141357530,false,שימורי מלפפון חמוץ מתוק בוני 530 גר,,BE,שימורי מלפפון חמוץ מ,גרמים,530.00,100 גרם,false,1,18.30,3.45,true,1,
5400265018645,false,המלט-מארז 12 סוכריות מקל סבא אדום 170 גר,,,המלט-מארז 12 סוכריות,גרמים,170.00,100 גרם,false,1,15.90,9.35,true,1,
5400265021553,false,המלט מארז 12 סוכריות סבא 170 גר,,,המלט מארז 12 סוכריות,גרמים,170.00,100 גרם,false,1,15.90,9.35,true,1,
5400265030654,false,המלט- סוכריית מקל סבא אדום ולבן 144 גר,,,המלט- סוכריית מקל סב,גרמים,144.00,100 גרם,false,1,15.90,11.04,true,1,
5400265037035,false,המלט בובת סנטה 55 גרם,,,המלט בובת סנטה 55 גר,גרמים,55.00,100 גרם,false,1,12.50,22.73,true,1,
5400265040776,false,המלט סנטה שוקולד על מקל 35 גר,,,המלט סנטה שוקולד על,גרמים,35.00,100 גרם,false,1,10.90,31.14,true,1,
5410126106022,false,מארז עוגיות לוטוס 250 גר*2,לוטוס ביקרי נ.וי.,,מארז עוגיות לוטוס 25,גרמים,500.00,100 גרם,false,1,17.90,3.58,true,1,
5410126106183,false,עוגיות לוטוס 50 יחידות ארוזות בנפרד 312 גרם,כלורוקס אוקלנד,,ביסקויט לוטוס קרמל 3,גרמים,312.00,100 גרם,false,1,16.50,5.29,true,1,
5410126116953,false,ממרח ביסקוויט קרמל לוטוס 400 גרם,לוטוס בייקרי בלגיה נ,,ממרח עוגיות לוטוס קר,גרמים,400.00,100 גרם,false,1,20.90,5.23,true,1,
5410126716016,false,"עוגיות לוטוס ביסקויט קרמל בד""צ 250 גרם",לוטוס ביקרי בלגיה,,ביסקויט קרמל לוטוס 2,גרמים,250.00,100 גרם,false,1,11.80,4.72,true,1,
5410228141266,false,"בירה סטלה ארטואה בקבוק 330 מ""ל",קרלסברג יבוא יצוא,,בירה סטלה ארטואה 330,מיליליטרים,330.00,"100 מ""ל",false,1,5.90,1.79,true,1,
5410228142089,false,בירה לף בלונד בקבוק330מל,אינבב.ברוורייליין1,,"לף בלונד 330 מ""ל",מיליליטרים,330.00,"100 מ""ל",false,1,9.20,2.79,true,1,
5410358442097,false,הריבו מרשמלו לבן וורוד 140 גרם,,,הריבו מרשמלו לבן וור,גרמים,140.00,100 גרם,false,1,7.90,5.64,true,1,
5410358453024,false,הריבו מרשמלו אקזוטי 175 גרם,,BE,הריבו מרשמלו אקזוטי,גרמים,175.00,100 גרם,false,1,7.90,4.51,true,1,
5410481080029,false,קרלייר-נוגט פיסטוק 100 גר,,BE,קרלייר-נוגט פיסטוק 1,גרמים,100.00,100 גרם,false,1,15.60,15.60,true,1,
5410481080036,false,קרלייר-נוגט תות שדה 100 גר,,BE,קרלייר נוגט תות שדה,גרמים,100.00,100 גרם,false,1,15.60,15.60,true,1,
5410481080043,false,קרלייר-נוגט פירות יער 100 גר,,BE,קרלייר-נוגט פירות יע,גרמים,100.00,100 גרם,false,1,15.60,15.60,true,1,
5410601598052,false,רד בנד טו גו לבבות גומי פירות 200 גרם,,,רד בנד טו גו לבבות ג,גרמים,200.00,100 גרם,false,1,9.90,4.95,true,1,
5410976823018,false,גיליאן-שוקולד מריר פטל 100 גר,,BE,גיליאן-שוקולד מריר פ,גרמים,100.00,100 גרם,false,1,16.90,16.90,true,1,
5411081000523,false,"בירה קסטיל דונקר 330 מ""ל",מבשלת קסטל ואן הונסברוק,,בירה קסטיל כהה 330 מ,מיליליטרים,330.00,"100 מ""ל",false,1,12.90,3.91,true,1,
5411081003654,false,"קסטיל בירה רוז 330 מ""ל",מבשלת קסטל ואן הונסב,,בירה קסטיל רוז 330 מ,מיליליטרים,330.00,"100 מ""ל",false,1,11.90,3.61,true,1,
5411081009007,false,"בירה קסטיל אקסטרה 330 מ""ל",מבשלת קסטל ואן הונסב,,בירה קסטיל אקסטרה 33,מיליליטרים,330.00,"100 מ""ל",false,1,12.90,3.91,true,1,
5411188081852,false,אלפרו משקה סויה בטעם וניל 1 ל',הנסיך- מפעל לייצור ט,,אלפרו סויה בטעם וניל,מיליליטרים,1000.00,"100 מ""ל",false,1,14.90,1.49,true,1,
5411188110835,false,אלפרו חלב סויה שקדים וניל 1ל',הנסיך- מפעל לייצור ט,,אלפרו משקה שקדים 1 ל,מיליליטרים,1000.00,"100 מ""ל",false,1,13.90,1.39,true,1,
5411188112709,false,"משקה קוקוס אלפרו 1 ליטר משקה שקדים לל""ס",הנסיך- מפעל לייצור ט,,אלפרו משקה שקדים ללא,מיליליטרים,1000.00,"100 מ""ל",false,1,13.90,1.39,true,1,
5411188118732,false,אלפרו חלב משקה קוקוס שקדים 1 ל',הנסיך- מפעל לייצור ט,,אלפרו משקה קוקוס שקד,מיליליטרים,1000.00,"100 מ""ל",false,1,13.90,1.39,true,1,
5411188124689,false,משקה אלפרו שיבולת שועל ללא סוכר 1 ליטר,אלפרו C.V.A,,אלפרו משקה שיבולת שו,מיליליטרים,1000.00,"100 מ""ל",false,1,13.90,1.39,true,1,
5411188543398,false,משקה סויה ללא סוכר אלפרו 1 ליטר,הנסיך- מפעל לייצור ט,BE,אלפרו משקה סויה ללא,מיליליטרים,1000.00,"100 מ""ל",false,1,13.90,1.39,true,1,
5411616002190,false,"בירה מרטנס חזקה 8.5% כהל,500 מ""ל",שוורצקוף& הנקל דיסלד,,בירה STRONG מרטינס,מיליליטרים,500.00,"100 מ""ל",false,1,8.20,1.64,true,1,
5411676100874,false,"בירת ברבר בלונד 330 מ""ל",מבשלת לפבר,,בירת ברבר בלונד 330,מיליליטרים,330.00,"100 מ""ל",false,1,16.50,5.00,true,1,
5411676100928,false,"בירת ברבר רוז 330 מ""ל",מבשלת לפבר,BE,"בירת ברבר רוז 330 מ""",מיליליטרים,330.00,"100 מ""ל",false,1,16.50,5.00,true,1,
5411718911963,false,"סיידר תפוחים סטרונגבואו רוזה 330 מ""ל",סטאסן ס.א,,סיידר תפוחים סטרונגב,מיליליטרים,330.00,"100 מ""ל",false,1,8.20,2.48,true,1,
5413121355075,false,שוקולד בלגי מריר עם תפוז פרסטיז 100 גרם,BCG,,שוקולד בלגי מריר עם,גרמים,100.00,100 גרם,false,1,13.50,13.50,true,1,
5413121355082,false,שוקולד בלגי מריר משובח 72 פרסטיז 100 גרם,BCG,,שוקולד בלגי מריר משו,גרמים,100.00,100 גרם,false,1,13.50,13.50,true,1,
5413121355143,false,שוקולד בלגי לבן משובח פרסטיז 100 גרם,BCG,,שוקולד בלגי לבן משוב,גרמים,100.00,100 גרם,false,1,13.50,13.50,true,1,
5413121358694,false,שוקולד בלגי מריר משובח 85%פרסטיז 100 גרם,BCG,,שוקולד בלגי מריר משו,גרמים,100.00,100 גרם,false,1,13.50,13.50,true,1,
5413121359981,false,"בלגיאן שוקולד ללת""ס חלב אגוזים 100 גר",BCG,,"בלגיאן שוקולד ללת""ס",גרמים,100.00,100 גרם,false,1,21.90,21.90,true,1,
5600286004089,false,תפוחונים אורגניים חמצמץ 40 גר,נטורפוד,PT,תפוחונים חמצמץ אורגנ,גרמים,40.00,100 גרם,false,1,7.90,19.75,true,1,
5601045300022,false,משקה גוארנה אנטרטיקה פחית 355 מל,סומול וקומפל אס איי,,משקה גוארנה אנטרטיק,מיליליטרים,356.00,"100 מ""ל",false,1,6.90,1.94,true,1,
5701215042391,false,גבינת קממברט 125גר',,,קממבר 125 גרם,גרמים,125.00,100 גרם,false,1,17.90,14.32,true,1,
5701215042407,false,גבינת ברי אורנהולט 125ג',,,ברי 125 גרם,גרמים,125.00,100 גרם,false,1,21.90,17.52,true,1,
5701932026964,false,"הוטפופ גרעיני תירס להכנת פופקורן במיקרוגל בטעם טבעי, בתוספת מלח, 600 גרם",ליימן מותגים,,הוטפופ מלוח 600 גרם,גרמים,600.00,100 גרם,false,1,14.90,2.48,true,1,
5701932026971,false,הוטפופ גרעיני תירס להכנת פופקורן במיקרוגל בטעם חמאה 600 גרם,ליימן מותגים,,הוטפופ חמאה 600 גרם,גרמים,600.00,100 גרם,false,1,14.90,2.48,true,1,
5708209201611,false,טורטיה מקמח חיטה 20 אנטיקה קנטינה 320 גרם,לייטון פודס-קנטינה,,עלי טורטייה 320 גר,גרמים,320.00,100 גרם,false,1,20.50,6.41,true,1,
5708776001232,false,"סירופ מייפל אורגני 250 מ""ל Manna",,DK,סירופ מייפל אורגני 2,מיליליטרים,250.00,"100 מ""ל",false,1,29.90,11.96,true,1,
5711953145230,false,"משקה סטארבקס פרפוצינו 250 מ""ל",,DK,משקה סטארבקס פרפוצינ,מיליליטרים,250.00,"100 מ""ל",false,1,14.90,5.96,true,1,
5711953145339,false,"משקה סטארבקס פרפוצינו מוקה 250 מ""ל",,DK,משקה סטארבקס פרפוצינ,מיליליטרים,250.00,"100 מ""ל",false,1,14.90,5.96,true,1,
5711953150548,false,"משקה סטארבקס פרפוצינו קוקיז 250 מ""ל",,DK,משקה סטארבקס פרפוצינ,מיליליטרים,250.00,"100 מ""ל",false,1,14.90,5.96,true,1,
5740900403215,false,ממרח מחמאת לורפק עם מלח 250 ג',ארלה פודס אמבה,DK,ממרח לורפק עם מלח 25,גרמים,250.00,100 גרם,false,1,16.90,6.76,true,1,
5740900403239,false,ממרח לורפק ללא תוספת מלח 250 גר,ארלה פודס אמבה,DK,ממרח לורפק ללא מלח 2,גרמים,250.00,100 גרם,false,1,16.90,6.76,true,1,
5740900403260,false,ממרח מחמאת לורפק ללא מלח 27% פחות שומן,ארלה פודס אמבה,DK,ממרח לורפק ללא מלח מ,גרמים,250.00,100 גרם,false,1,16.90,6.76,true,1,
5740900403864,false,חמאה +מלח 200 גרם לורפק כשרות או קיי,ארלה פודס אמבה,DK,לורפק חמאה עם מלח,גרמים,200.00,100 גרם,false,1,11.90,5.95,true,1,
5774540133904,false,אנטון ברג-מיני טאבלטס מיקס 100 גר,,,אנטון ברג-מיני טאבלט,גרמים,100.00,100 גרם,false,1,24.90,24.90,true,1,
5774540820309,false,אנטון ברג-בקבוקוני מיקס קוקטייל 62 גר,Anthon Berg,,אנטון ברג-בקבוקוני מ,גרמים,62.00,100 גרם,false,1,21.90,35.32,true,1,
5900020015174,false,פיטנס חטיפי אנרגיה דגנים בטעם שוקולד נסטלה 6*23.5 גרם,מיוצר עי קונדיטוריית,,פיטנס חטיף דגנים שוק,גרמים,141.00,100 גרם,false,1,15.60,11.06,true,1,
5900020029669,false,פיטנס - חטיף דגנים פירות יער 23.50 גרם * 6,נסטלה פולין דגני בוק,,חטיפי דגנים פיטנס פי,גרמים,141.00,100 גרם,false,1,15.60,11.06,true,1,
5900020036407,false,ליון דגני בוקר שוקולד וקרמל נסטלה 480 גרם,נסטלה פולין דגני בוק,FR,דגני בוקר שוקולד וקר,גרמים,480.00,100 גרם,false,1,24.90,5.19,true,1,
5900020039620,false,פיטנס חטיף דגנים שקדים ודבש פרווה 8 6*23 ג,נסטלה פולין ברים,PL,פיטנס חטיף דגנים שקד,גרמים,140.00,100 גרם,false,1,15.60,11.14,true,1,
5900073020217,false,חטיפי תפוח אדמה בטעם בייקון 120 גר,,,חטיפי תפוח אדמה בטעם,גרמים,120.00,100 גרם,false,1,14.90,12.42,true,1,
5900073020989,false,חטיפי תירס בטעם גבינה פרזיסנקי 135 גר,,,חטיפי תירס בטעם גבינ,גרמים,135.00,100 גרם,false,1,14.90,11.04,true,1,
5900820014230,false,גבינה מתכת נורווסקי סלמון 150ג' -מלקפול,מלקפול,,גבינה נורווסקי סלמון,גרמים,150.00,100 גרם,false,1,14.90,9.93,true,1,
5901008990292,false,סלט כרוב וגזר כבוש 900 גרם Polan,,PL,סלט כרוב וגזר כבוש 9,גרמים,900.00,100 גרם,false,1,15.90,1.77,true,1,
5901008990407,false,שימורי מלפפונים מוחמצים 860 גר POLAN,,,שימורי מלפפונים מוחמ,גרמים,860.00,100 גרם,false,1,19.90,2.31,true,1,
5901008990445,false,ריבועי פלפל אדום 680 גר POLAN,,,ריבועי פלפל אדום 680,גרמים,680.00,100 גרם,false,1,16.90,2.49,true,1,
5901008990452,false,כרוב כבוש 900 גר POLAN,,,כרוב כבוש 900 גר POL,גרמים,900.00,100 גרם,false,1,16.90,1.88,true,1,
5901008990599,false,מלפפונים קורנישונים מוחמצים 860 גר POLAN,,,מלפפונים קורנישונים,גרמים,860.00,100 גרם,false,1,21.90,2.55,true,1,
5901046990315,false,חזרת אדומה 180 גר POLAN,,,חזרת אדומה 180 גר PO,גרמים,180.00,100 גרם,false,1,10.90,6.06,true,1,
5901064761911,false,"שיכר אוכמניות 750 מ""ל NALEWKA BABUNI",וינפוד,,"שיכר אוכמניות 750 מ""",מיליליטרים,750.00,"100 מ""ל",false,1,30.90,4.12,true,1,
5901414200411,false,בלזן היט מיני ביסקוויט סנדוויץ' עם מילוי קרם בטעם שוקולד 130 גרם,ליימן שליסל,,ביסקוויט מיניס ממולא,גרמים,130.00,100 גרם,false,1,6.80,5.23,true,1,
5902198160403,false,XL משקה אנרגיה מוגז ללא סוכר עד 10 קלוריות לפחית 250 מל,"טמפו משקאות בע""\מ",,XL TEN משקה אנרגיה,מיליליטרים,250.00,"100 מ""ל",false,1,4.90,1.96,true,1,
5902510275310,false,ממרח כבד אווז ופטריות 130 גר GURMANOFF,,,ממרח כבד אווז ופטריו,גרמים,130.00,100 גרם,false,1,5.90,4.54,true,1,
5902510275334,false,ממרח בטעם כבד אווז 130 גר GURMANOFF,,,ממרח בטעם כבד אווז 1,גרמים,130.00,100 גרם,false,1,5.90,4.54,true,1,
5902510275341,false,ממרח בטעם כבד אווז דליקטס 300 ג,,PL,ממרח בטעם כבד אווז ד,גרמים,300.00,100 גרם,false,1,10.90,3.63,true,1,
5902510275365,false,"ממרח בטעם כבד ברווז ""צרפתי"" 300 גרם",,PL,ממרח בטעם כבד ברווז,גרמים,300.00,100 גרם,false,1,10.90,3.63,true,1,
5902510275389,false,"ממרח בטעם כבד ברווז ""צרפתי"" 300 גרם PASH",,,ממרח בטעם כבד ברווז,גרמים,300.00,100 גרם,false,1,10.90,3.63,true,1,
5902510275396,false,ממרח בטעם כבד עוף עדין 130 גר GURMANOFF,,,ממרח בטעם כבד עוף עד,גרמים,130.00,100 גרם,false,1,5.90,4.54,true,1,
5902510275402,false,"ממרח בטעם כבד אווז ""דליקטס"" 300 גרם",,PL,"ממרח בטעם כבד אווז """,גרמים,300.00,100 גרם,false,1,10.90,3.63,true,1,
5902808786672,false,"טורטילאב-דפי טורטייה 20 ס""מ 320 גרם",יושלם,PL,טורטילאב-דפי טורטייה,גרמים,320.00,100 גרם,false,1,10.90,3.41,true,1,
5902808786696,false,"טורטילאב-דפי טורטייה 25 ס""מ 360 גר1/15",יושלם,PL,טורטילאב-דפי טורטייה,גרמים,360.00,100 גרם,false,1,10.90,3.03,true,1,
5904603191323,false,מלפפונים כבושים 850 גר DWOREK,דבורק,,מלפפונים כבושים 850,גרמים,850.00,100 גרם,false,1,13.50,1.59,true,1,
5906485301012,false,"משקה אנרגיה XL פחית 250 מ""ל","טמפו משקאות בע""מ",,משקה אנרגיה XL פחית,מיליליטרים,250.00,"100 מ""ל",false,1,4.90,1.96,true,1,
5941000025585,false,"חטיפי תפ""א הגל טעם פלפל חריף לייס 130 ג",,RO,"חטיפי תפ""א הגל טעם פ",גרמים,130.00,100 גרם,false,1,18.90,14.54,true,1,
5941000025615,false,"חטיפי תפ""א בטעם גבינה של לייס 140 גר",,RO,"חטיפי תפ""א בטעם גבינ",גרמים,140.00,100 גרם,false,1,18.90,13.50,true,1,
5941000025639,false,"חטיפי תפ""א עם מלח של לייס 140 גר",,RO,"חטיפי תפ""א עם מלח של",גרמים,140.00,100 גרם,false,1,18.90,13.50,true,1,
5941868202876,false,חטיף תירס בצל ושמנת,,RO,חטיף תירס בצל ושמנת,Unknown,1.00,Unknown,false,1,8.90,8.90,true,1,
5941868204023,false,חטיף תירס מלוח 85 גר,,RO,חטיף תירס מלוח 85 גר,Unknown,1.00,Unknown,false,1,8.90,8.90,true,1,
5941868204924,false,חטיף תירס בצל טבעות,,RO,חטיף תירס בצל טבעות,Unknown,1.00,Unknown,false,1,7.90,7.90,true,1,
5941868206089,false,חטיף תירס עם אבקת חל,,RO,חטיף תירס עם אבקת חל,Unknown,1.00,Unknown,false,1,8.90,8.90,true,1,
5941868206096,false,חטיף תירס פיצה 80 גר,,RO,חטיף תירס פיצה 80 גר,Unknown,1.00,Unknown,false,1,8.90,8.90,true,1,
5941868206102,false,חטיף תירס קקאו וחלב,,RO,חטיף תירס קקאו וחלב,Unknown,1.00,Unknown,false,1,8.90,8.90,true,1,
5942219000059,false,מים מינרלים בורסק 1.5 ליטר,,,מים מינרלים בורסק,ליטרים,0.00,ליטר,false,1,9.90,9.90,true,1,
6111094000198,false,קוסקוס דארי בינוני 350 גרם,דארי קוספאט אס. איי. או,,קוסקוס דארי דק 350 ג,גרמים,360.00,100 גרם,false,1,7.90,2.19,true,1,
6111094000242,false,תומר קוסקוס דארי דק 500גר,דארי קוספאט אס. איי. או,,קוסקוס דארי דק 0.5 ק,גרמים,500.00,100 גרם,false,1,9.50,1.90,true,1,
6111094000259,false,קוסקוס דארי בינוני 500ג'18X,דארי קוספאט אס. איי. או,,קוסקוס דארי בינוני 5,גרמים,500.00,100 גרם,false,1,9.50,1.90,true,1,
6111094000273,false,דארי קוסקוס שעורה 500 גרם,דארי קוספאט אס. איי. או,,דארי קוסקוס שעורה 50,גרמים,500.00,100 גרם,false,1,9.50,1.90,true,1,
6411401037320,false,פייזר סאלמיאקי מיקס לקריץ,,,פייזר סאלמיאקי מיקס,יחידה,1.00,יחידה,false,1,14.90,14.90,true,1,
6430016342049,false,חמאה טאוסנד לייק 475 גר,,,חמאה טאוסנד לייק 475,גרמים,475.00,100 גרם,false,1,33.50,7.05,true,1,
6910191800287,false,אצות נורי בלו 10 דף (ננגטונג),ננטונג היידה אקווטוק,,אצות נורי בלו 10 דפי,Unknown,0.00,Unknown,false,1,12.50,12.50,true,1,
6912977000140,false,אטריות שעועית 250 גר' ( Yantai)ללא גלוטן(כ),יאנטאי ינסידה לנוגקא,,אטריות שעועית דקות 2,גרמים,250.00,100 גרם,false,1,8.80,3.52,true,1,
6920510424926,false,"סוויט בוקס צעצוע ו דובוני גלי ""מאשה והדוב"" 10 גר",,,סוויט בוקס צעצוע ו ד,גרמים,10.00,100 גרם,false,1,12.50,125.00,true,1,
6920510504420,false,צעצוע ספיידרמן עם ממתק סוויט בוקס,,,צעצוע ספיידרמן עם ממ,גרמים,10.00,100 גרם,false,1,12.50,125.00,true,1,
6922276100083,false,מחית וואסבי -חזרת 43 גרם (דליאן),דליאן ג'ינדה קונדימנ,,מחית וואסבי - חזרת 4,גרמים,43.00,100 גרם,false,1,10.00,23.26,true,1,
6928542902795,false,פרש ד.רענון פפרמינט,שאטו בלוו,,פרש דפי מנטה חזקה כח,Unknown,0.00,Unknown,false,1,8.90,8.90,true,1,
6928542902801,false,דפי מנטה רענון ירוק,שאטו בלוו,,דפי מנטה עדין,Unknown,0.00,Unknown,false,1,8.90,8.90,true,1,
6928542902818,false,דפי רענון מנטה אדום,שאטו בלוו,,פרש דפי מנטה תות אדו,Unknown,0.00,Unknown,false,1,8.90,8.90,true,1,
6928542903297,false,פרש דפי מנטה לימון צהוב 12 יח,,,פרש דפי מנטה לימון צ,Unknown,0.00,Unknown,false,1,8.90,8.90,true,1,
6936745600783,false,"חומץ אורז מזרח מערב 500 מ""ל",דאנינג יוה פודס קו,,חומץ אורז מיצוקאן 50,מיליליטרים,500.00,"100 מ""ל",false,1,15.90,3.18,true,1,
6942971507123,false,"סוויט בוקס צעצוע ו דובוני גלי ""גורים""",גואנגדונג ויסקי פודס,,סוויט בוקס צעצוע ו ד,Unknown,0.00,Unknown,false,1,12.50,12.50,true,1,
6942971508090,false,"סוויט בוקס צעצוע ו דובוני גלי ""מפלצות""",,,סוויט בוקס צעצוע ו ד,Unknown,0.00,Unknown,false,1,12.50,12.50,true,1,
7290000000374,false,"פטריות שמפיניון בד""ץ (רביבים)",חוות השמפיניון,,פטריות,Unknown,0.00,Unknown,false,1,11.90,11.90,true,1,
7290000000632,false,שום,,,שום ברשת,Unknown,0.00,Unknown,false,1,9.90,9.90,true,1,
7290000000751,false,שום ברשת,,,שום ברשת,Unknown,0.00,Unknown,false,1,9.90,9.90,true,1,
7290000001104,false,פטריות חורש מיני ארוז 200 ג',"מרינה פטריות הגליל בע""מ",,פטריות פרטובלה,Unknown,0.00,Unknown,false,1,14.90,14.90,true,1,
7290000023083,false,ערק אשקלון בקבוק 700,"יקבי ברקן בע""\מ",,ערק אשקלון 40% 700 מ,מיליליטרים,700.00,"100 מ""ל",false,1,49.90,7.13,true,1,
7290000040042,false,יופלה יוגורט תות %3 גביע 150 גרם,קריות זול,,יופלה תות 3% 150 גרם,גרמים,150.00,100 גרם,false,1,5.00,3.33,true,1,
7290000040066,false,יוגורט יופלה דובדבן 3% שומן 150 גרם,תנובה מרכז שיתופי לש,,יופלה דובדבן 3% 150,גרמים,150.00,100 גרם,false,1,5.00,3.33,true,1,
7290000040080,false,יופלה יוגורט אפרסק %3 גביע 150 גרם,תנובה חלב,,יופלה אפרסק 3% 150 ג,גרמים,150.00,100 גרם,false,1,5.00,3.33,true,1,
7290000040974,false,חלב דל לקטוז 2% תנובה קרטון 1 ליטר,תנובה מרכז שיתופי לש,,חלב טרי דל לקטוז 1 ל,מיליליטרים,1000.00,"100 מ""ל",false,1,6.80,0.68,true,1,
7290000041858,false,"שמנת חמוצה 15% יטבתה 200 מ""ל מהדרין",מחלבת יטבתה,,שמנת חמוצה 15% 200 מ,מיליליטרים,200.00,"100 מ""ל",false,1,2.40,1.20,true,1,
7290000042015,false,"חלב שתייה תנובה בד""צ בשקית 1 ליטר",תנובה מרכז שיתופי לש,,"חלב בשקית 3% בד""צ 1",מיליליטרים,1000.00,"100 מ""ל",false,1,5.43,0.54,true,1,
7290000042435,false,חלב דל שומן בקרטון+פקק תנובה 1 ליטר,תנובה מרכז שיתופי לש,,חלב דל שומן בקרטון,מיליליטרים,1000.00,"100 מ""ל",false,1,5.86,0.59,true,1,
7290000042855,false,"שוקו בשקית 250 מ""ל ""יטבתה""",שטראוס גרופ,,"שוקו שקית 225 מ""ל",מיליליטרים,225.00,"100 מ""ל",false,1,2.70,1.20,true,1,
7290000043814,false,השף הלבן שמנת להקצפה 38% שומן 250 מל - מוצר בפיקוח,תנובה מרכז שיתופי לש,,שמנת עמידה להקצפה 38,גרמים,250.00,100 גרם,false,1,6.47,2.59,true,1,
7290000043890,false,תנובה רויון לבן מחלב מפסוטר 1.5%,תנובה מרכז שיתופי לש,,רויון 1.5% 1 ליטר,מיליליטרים,1000.00,"100 מ""ל",false,1,10.50,1.05,true,1,
7290000045573,false,גבינת מותכת משולשים 25% שומן 200 ג' נעמה,תנובה חלב,,גבינה מותכת נעמה 200,גרמים,200.00,100 גרם,false,1,15.80,7.90,true,1,
7290000046327,false,גלבוע גבינה צהובה פרוסה 22% תנובה 200 גרם,תנובה מרכז שיתופי לש,,גבינת גלבוע פרוס 200,גרמים,200.00,100 גרם,false,1,13.00,6.50,true,1,
7290000048185,false,גבינה לבנה 5% 250 גרם - מוצר בפיקוח,מיוצר עי קונדיטוריית,,גבינה לבנה 5% 250 גר,גרמים,250.00,100 גרם,false,1,4.98,1.99,true,1,
7290000048192,false,גבינה לבנה 9% תנובה 250 גרם מהדרין,מחלבת אלון תבור,,גבינה למריחה 9% 250,גרמים,250.00,100 גרם,false,1,4.98,1.99,true,1,
7290000050447,false,"יוגורט ביו בטעם תות YYY יופלה 500 מ""ל",מיוצר עי קונדיטוריית,,יופלה תות 3% 500גר,גרמים,500.00,100 גרם,false,1,14.10,2.82,true,1,
7290000050454,false,יוגורט יופלה אפרסק 3% שומן 500 גרם,מיוצר עי קונדיטוריית,,יופלה אפרסק 3% 500 ג,גרמים,500.00,100 גרם,false,1,14.10,2.82,true,1,
7290000051352,false,חלב מלא בטעם של פעם 3.4% תנובה קרטון 1 ל',הרדוף תוצרת מזון אור,,חלב של פעם 3.5% 1 ל,מיליליטרים,1000.00,"100 מ""ל",false,1,7.00,0.70,true,1,
7290000052311,false,גבינה צהובה עמק לייט 15% שומן 200 גרם,תנובה מרכז שיתופי לש,,עמק פרוס בקופסא 200,גרמים,200.00,100 גרם,false,1,14.60,7.30,true,1,
7290000055336,false,"משקה יוגורט 1.5% בטעם בננה אפרסק יופלה 250 מ""ל",תנובה מרכז שיתופי לש,,משקה יוגורט יופלה בט,גרמים,250.00,100 גרם,false,1,5.40,2.16,true,1,
7290000055343,false,משקה יוגורט יופלה פירות טרופיים 250 גרם,תנובה מרכז שיתופי לש,,משקה יוגורט יופלה בט,גרמים,250.00,100 גרם,false,1,5.40,2.16,true,1,
7290000055350,false,גבינה צהובה חריץ עמק 28% במשקל,תנובה מרכז שיתופי לש,,גבינה צהובה עמק 28%,Unknown,0.00,"ק""ג",true,0,44.79,44.79,true,1,
7290000056951,false,"תנובה, השף הלבן, שמנת לבישול 15% שומן 500 מל",תנובה מרכז שיתופי לש,,שמנת 15% באריזה עם פ,מיליליטרים,500.00,"100 מ""ל",false,1,15.20,3.04,true,1,
7290000057088,false,עמק גבינה צהובה פרוסה דק דק 28% תנובה 200 גרם,תנובה מרכז שיתופי לש,,עמק דק 200 גרם,גרמים,200.00,100 גרם,false,1,14.90,7.45,true,1,
7290000057132,false,יוגורט תנובה טבעי 1.5% גביע 200 גרם,מחלבת אלון תבור,,יוגורט 1.5% 200 גרם,גרמים,200.00,100 גרם,false,1,3.00,1.50,true,1,
7290000057149,false,יוגורט תנובה טבעי 3% גביע 200 גרם,מיוצר עי קונדיטוריית,,יוגורט תנובה 3% 200,גרמים,200.00,100 גרם,false,1,3.00,1.50,true,1,
7290000058047,false,שמנת להקצפה 38% 500מל מהדרין עמיד השף הלבן,תנובה מרכז שיתופי לש,IL,שמנת 38% עם פקק 500,מיליליטרים,500.00,"100 מ""ל",false,1,12.94,2.59,true,1,
7290000060200,false,פסטה אסם פתיתים אפויים קוסקוס 500גר,"אסם תעשיות בע""מ",,פתיתים אפויים קוסקוס,גרמים,500.00,100 גרם,false,1,6.70,1.34,true,1,
7290000060828,false,פסטה קרניים בינוניות אסם 500 גרם,קריות זול,,פסטה קרניים בינוניות,גרמים,500.00,100 גרם,false,1,5.70,1.14,true,1,
7290000060842,false,פסטה אסם פתיתים צדפים גדולים 500גר,קריות זול,,פסטה צדפים גדולים (5,גרמים,500.00,100 גרם,false,1,5.70,1.14,true,1,
7290000060903,false,פסטה אסם פתיתים אפויים אורז 500גר,"אסם השקעות בע""\מ",,פתיתים אפויים אורז 5,גרמים,500.00,100 גרם,false,1,6.70,1.34,true,1,
7290000060958,false,פסטה אסם אטריות בינוניות 400 גרם,"אסם השקעות בע""\מ",,אטריות בינוניות 400,גרמים,400.00,100 גרם,false,1,6.90,1.73,true,1,
7290000060965,false,פסטה אסם אטריות רחבות 400גר,"אסם השקעות בע""\מ",,אטריות רחבות 400 גר,גרמים,400.00,100 גרם,false,1,6.90,1.73,true,1,
7290000061764,false,קפה נמס מגורען רד מאג 200 גרם,נסטלה ספרד קפה,,נס קפה רד מאג 200 גר,גרמים,200.00,100 גרם,false,1,20.90,10.45,true,1,
7290000063102,false,קמח עוגה תופח מאליו אסם 350 גרם,"אסם השקעות בע""\מ",,קמח עוגה תופח מאליו,גרמים,350.00,100 גרם,false,1,4.70,1.34,true,1,
7290000063140,false,שקדי מרק רכיבים טבעיים בשקית 400 ג' אסם,"אסם תעשיות בע""מ",,שקדי מרק 400 גרם -שק,גרמים,400.00,100 גרם,false,1,10.00,2.50,true,1,
7290000063157,false,"קמח עוגה תופח מאליו אסם 1 ק""ג","אסם השקעות בע""\מ",,קמח עוגה תופח מאליו,גרמים,1000.00,100 גרם,false,1,8.90,0.89,true,1,
7290000064758,false,קוסקוס בינוני אמיתי אסם 350 ג',"מיוצר ע""י קוד יצרן K",,קוסקוס אמיתי בשקית 3,גרמים,350.00,100 גרם,false,1,7.70,2.20,true,1,
7290000065557,false,אוסם - מנה חמה קוסקוס עם ירקות 84 גרם,"אסם תעשיות מזון בע""מ",,מנה חמה קוסקוס עם יר,גרמים,62.00,100 גרם,false,1,7.30,11.77,true,1,
7290000066141,false,ביסלי חטיף בטעם גריל אסם 70 גרם,"אסם השקעות בע""\מ",,ביסלי בטעם גריל 70 ג,גרמים,70.00,100 גרם,false,1,4.20,6.00,true,1,
7290000066196,false,ביסלי חטיף בטעם גריל אסם 200 גרם,מיוצר עי קונדיטוריית,,ביסלי בטעם גריל 200,גרמים,200.00,100 גרם,false,1,7.50,3.75,true,1,
7290000066264,false,דובונים חטיף תפוחי אדמה אסם 40 גרם,"אסם השקעות בע""\מ",,"דובונים חטיף תפו""א 4",גרמים,40.00,100 גרם,false,1,4.30,10.75,true,1,
7290000066318,false,במבה חטיף בוטנים אסם 80 גרם,"אסם השקעות בע""\מ",,במבה 80 גרם,גרמים,80.00,100 גרם,false,1,4.30,5.38,true,1,
7290000066431,false,פופקו חטיף פופקורן בטעם חמאה ודבש אסם 80 גרם,מיוצר עי קונדיטוריית,,פופקו חטיף תירס בטעם,גרמים,80.00,100 גרם,false,1,5.20,6.50,true,1,
7290000067544,false,פירורית זהב פירורי לחם אסם 200 גרם,עינת תעשיות מזון אגו,,פירורית זהב 200 גרם,גרמים,200.00,100 גרם,false,1,6.40,3.20,true,1,
7290000067599,false,אוסם - מנה חמה ספגטי רוטב בולנז 65 גרם,"אסם השקעות בע""\מ",,מנה חמה ספגטי בולונז,גרמים,65.00,100 גרם,false,1,7.30,11.23,true,1,
7290000068138,false,אינסטנט פודינג בטעם וניל אסם 80 גרם,מיוצר עי קונדיטוריית,,פודינג אינסטנט בטעם,גרמים,80.00,100 גרם,false,1,5.20,6.50,true,1,
7290000068770,false,במבה יום הולדת חטיף בוטנים אסם 80 גרם,"אסם השקעות בע""\מ",,במבה יום הולדת 80 גר,גרמים,80.00,100 גרם,false,1,4.30,5.38,true,1,
7290000070919,false,בייגלה אסם רשתות עם מלח 400 ג',מיוצר עי קונדיטוריית,,בייגלה רשתות מלח 400,גרמים,400.00,100 גרם,false,1,14.60,3.65,true,1,
7290000072753,false,קפה נמס מגורען טסטרס צ'ויס 200 גרם-,לוטה נסטלה קוריאה,,נסקפה טייסטרס צויס,גרמים,200.00,100 גרם,false,1,28.90,14.45,true,1,
7290000072777,false,קפה נמס מגורען נטול קפאין טסטרס צ'ויס 200 גרם,לוטה נסטלה קוריאה,,נסקפה טייסטרס צויס,גרמים,200.00,100 גרם,false,1,38.90,19.45,true,1,
7290000073767,false,מנה חמה נודלס אטר.+ירקות טעם בקר 70 גרם,PUB FOODS PRESIDENT THAI,,מנה חמה נודלס אטר.+י,גרמים,70.00,100 גרם,false,1,5.70,8.14,true,1,
7290000074184,false,אוסם - פתי בר בינוני 500 גרם,"אסם השקעות בע""\מ",,פתי בר וניל 500 גרם,גרמים,500.00,100 גרם,false,1,10.90,2.18,true,1,
7290000074245,false,אוסם - קרם קרקר אסם 250 גרם,"אסם השקעות בע""\מ",,קרם קרקר 250 גרם,גרמים,250.00,100 גרם,false,1,9.80,3.92,true,1,
7290000075204,false,אוסם - לחמית חיטה מלאה 250 גרם,"אסם השקעות בע""\מ",,לחמית חיטה מלאה 250,גרמים,250.00,100 גרם,false,1,9.40,3.76,true,1,
7290000076126,false,אוסם - בייגלה שמיניות קטנות 80 גרם,"אסם השקעות בע""\מ",,בייגלה שמיניות קטנות,גרמים,80.00,100 גרם,false,1,3.70,4.63,true,1,
7290000078212,false,קרוטונים מתובלים למרק אסם 250 גרם,עינת תעשיות מזון אגו,,קרוטונים מתובלים 250,גרמים,250.00,100 גרם,false,1,13.90,5.56,true,1,
7290000103877,false,מרק שעועית עשיר בירקות סנפרוסט 640 גרם,"סנפרוסט בע""\מ",,מרק שעועית 644 גרם,גרמים,644.00,100 גרם,false,1,19.80,3.07,true,1,
7290000104201,false,אפונה עדינה סנפרוסט 600 גרם,"איי, בי, אינבוו",,אפונה עדינה 600 גר,גרמים,600.00,100 גרם,false,1,17.90,2.98,true,1,
7290000104683,false,שעועית ירוקה שלמה סנפרוסט 800 גרם,"סנפרוסט בע""\מ",,שעועית ירוקה שלמה,גרמים,800.00,100 גרם,false,1,19.90,2.49,true,1,
7290000104690,false,תירס גרעינים קפוא סנפרוסט 800 ג',"איי, בי, אינבוו",,תירס גרעינים 800 גרם,גרמים,800.00,100 גרם,false,1,16.90,2.11,true,1,
7290000104720,false,שעועית ירוקה חתוכה סנפרוסט 800 גרם,"סנפרוסט בע""\מ",,שעועית ירוקה חתוכה 8,גרמים,800.00,100 גרם,false,1,18.70,2.34,true,1,
7290000104805,false,גרגירי חומוס מבושלים סנפרוסט 800 גרם,"איי, בי, אינבוו",,חומוס קפוא סנפרוסט,גרמים,800.00,100 גרם,false,1,18.90,2.36,true,1,
7290000104911,false,לקט נורמנדי סנפרוסט 800 גרם,"איי, בי, אינבוו",,לקט נורמנדי 800 גרם,גרמים,800.00,100 גרם,false,1,22.90,2.86,true,1,
7290000107165,false,חטיף סויה אדממה סנפרוסט 400 גרם,"איי, בי, אינבוו",,חטיף סויה סנפרוסט,גרמים,400.00,100 גרם,false,1,14.60,3.65,true,1,
7290000111000,false,שתיה קרה בודד,,,שתיה קרה בודד,Unknown,0.00,Unknown,false,1,1.00,1.00,true,1,
7290000111063,false,מיונז תלמה אמיתי250 גרם,יוניליוור ישראל מזון בע\,,מיונז תלמה 250 גרם,גרמים,250.00,100 גרם,false,1,6.80,2.72,true,1,
7290000111186,false,"מיונז אמיתי תלמה 500 גרם בד""צ",יוניליוור ישראל מזון בע\,,מיונז תלמה 500 גרם-צ,גרמים,500.00,100 גרם,false,1,9.90,1.98,true,1,
7290000111353,false,"מיונז אמיתי 1 ק""ג תלמה",יוניליוור ישראל מזון בע\,,"מיונז 1 ק""ג-צנצנת",גרמים,1000.00,100 גרם,false,1,16.90,1.69,true,1,
7290000112619,false,אבקת מרק עוף אמיתי קנור 400 ג' כשלפ,יוניליוור ישראל מזון בע\,,אבקת מרק עוף קנור,גרמים,400.00,100 גרם,false,1,19.90,4.98,true,1,
7290000118277,false,כופתאות מצה להכנת מהירה 65 ג' קנור,יוניליוור ישראל מזון בע\,,קניידלך 130 גרם-קופ,גרמים,130.00,100 גרם,false,1,11.40,8.77,true,1,
7290000120836,false,"מיונז אמיתי 394 גרם ""הלמנס""",קונפקו אינק' די.בי.א,,מיונז הלמנס 394 גרם,גרמים,433.00,100 גרם,false,1,10.90,2.52,true,1,
7290000120874,false,מיונז הלמנס לייט מופחת קלוריות 424ג,"יונילוור ארה""ב - HPC",,מיונז הלמנס לייט 424,גרמים,476.00,100 גרם,false,1,10.90,2.29,true,1,
7290000135045,false,"XL TEN משקה אנרגיה פתוח ללא סוכר 250 מ""ל","טמפו משקאות בע""\מ",,XL TEN משקה אנרגיה פ,מיליליטרים,250.00,"100 מ""ל",false,1,4.90,1.96,true,1,
7290000135052,false,"XL TEN משקה אנרגיה מנגו ללא סוכר 250 מ""ל","טמפו משקאות בע""\מ",,XL TEN משקה אנרגיה מ,מיליליטרים,250.00,"100 מ""ל",false,1,4.90,1.96,true,1,
7290000135113,false,"משקה אנרגיה XL פחית ten נענע ליים 250 מ""ל","טמפו משקאות בע""\מ",,פחית XL TEN נענע ליי,מיליליטרים,250.00,"100 מ""ל",false,1,4.90,1.96,true,1,
7290000135595,false,פפסי מקס בטעם דובדבן 1.5 ללא סוכר,"טמפו משקאות בע""\מ",,פפסי מקס דובדבן 1.5,ליטרים,0.00,ליטר,false,1,7.60,7.60,true,1,
7290000136646,false,בירה נשר מאלט ללא אלכוהול 1.5 ליטר,"טמפו משקאות בע""\מ",IL,נשר מאלט 1.5 ליטר,ליטרים,0.00,ליטר,false,1,8.90,8.90,true,1,
7290000136660,false,סודה טמפו ליטר וחצי,טמפו,IL,מי סודה 1.5 ליטר,ליטרים,0.00,ליטר,false,1,3.70,3.70,true,1,
7290000136677,false,פפסי קולה פיקדון 1.5 ליטר,טמפו,IL,פפסי קולה 1.5 ליטר,ליטרים,0.00,ליטר,false,1,7.90,7.90,true,1,
7290000136684,false,פפסי מקס משקה מוגז דל קלוריות בטעם קולה,טמפו,IL,פפסי מקס 1.5 ליטר,ליטרים,0.00,ליטר,false,1,7.20,7.20,true,1,
7290000136707,false,טמפו מירינדה 1.5 ליטר,טמפו,IL,מירינדה 1.5 ליטר,ליטרים,0.00,ליטר,false,1,7.90,7.90,true,1,
7290000136851,false,סבן אפ פיקדון 1.5 ליטר,טמפו,IL,סבן אפ 1.5 ליטר,ליטרים,0.00,ליטר,false,1,7.90,7.90,true,1,
7290000136868,false,סאן בנדטו - מים מינרלים - מארז שישיית 1.5 ליטר,אקווה מינרלה סאן בנדטו ב,IL,שישיית מים סאן בנדטו,ליטרים,0.01,ליטר,false,1,18.90,1890.00,true,1,
7290000136875,false,שישיית מים מינרליים מוגזים סן בנדטו 1.5 ליטר,סאן בנדטו San Benedetto,IL,שישיית סאן בנדטו מוג,ליטרים,0.01,ליטר,false,1,19.90,1990.00,true,1,
7290000136936,false,סבן אפ דיאט בקבוק 1.,טמפו,IL,סבן אפ דיאט 1.5 ליטר,ליטרים,0.00,ליטר,false,1,7.60,7.60,true,1,
7290000144474,false,שמן עץ הזית קנולה 1 ליטר בריאות מהטבע,שמן תעשיות בעמ,,שמן עץ הזית קנולה 1,מיליליטרים,1000.00,"100 מ""ל",false,1,14.90,1.49,true,1,
7290000176062,false,קפה טורקי בשקית 100 ג' עלית,שטראוס קפה בי.ויn\.,,קפה עלית טורקי 100 ג,גרמים,100.00,100 גרם,false,1,8.30,8.30,true,1,
7290000176079,false,קפה עלית טורקי עם הל 100 גרם,הנסיך- מפעל לייצור ט,,קפה עלית טורקי עם הל,גרמים,100.00,100 גרם,false,1,8.70,8.70,true,1,
7290000176413,false,קפה נמס אבקתי 50 ג' עלית,הנסיך- מפעל לייצור ט,,קפה נמס עלית 50 גרם,גרמים,50.00,100 גרם,false,1,9.40,18.80,true,1,
7290000176420,false,קפה נמס פחית עלית 200 גרם,שטראוס קפה בי.וי,,קפה נמס עלית 200 גרם,גרמים,200.00,100 גרם,false,1,18.90,9.45,true,1,
7290000178707,false,תפוצ'יפס בטעם טבעי 50 גרם,"שטראוס פריטו ליי בע""\מ )",,תפוציפס טבעי 50 גרם,גרמים,50.00,100 גרם,false,1,3.90,7.80,true,1,
7290000178721,false,תפוצ'יפס בטעם טבעי 200 גרם,"שטראוס פריטו ליי בע""\מ )",,תפוציפס טבעי 200 גרם,גרמים,200.00,100 גרם,false,1,9.90,4.95,true,1,
7290000186535,false,נייר טואלט תלת שכבתי לבן לילי 32 יחידות,לילי נייר טואלט חוגלה,,לילי טריו לבן 32 גלי,מטרים,537.28,מטר,false,1,42.90,0.08,true,1,
7290000187921,false,נייר טואלט דו שכבתי לבן לילי 32 יחידות,לילי נייר טואלט חוגלה,,לילי לבן 32 גלילים,מטרים,588.00,מטר,false,1,39.50,0.07,true,1,
7290000187938,false,לילי - נייר טואולט נייר טואלט פסטל 32 יח',לילי נייר טואלט חוגלה,,לילי פסטל 32 גלילים,מטרים,588.00,מטר,false,1,39.90,0.07,true,1,
7290000189505,false,ניקול תבנית אפייה מקרטון אינגליש קייק ניקול 5 יחידות,"דוקארט בעמ, קיבוץ כפ",,תבנית אפייה מקרטון א,Unknown,0.00,Unknown,false,1,14.60,14.60,true,1,
7290000190068,false,מפיות אירוח לבן 100 יחי' ניקול,חוגלה קימברלי,,מפיות ניקול 100,Unknown,0.00,Unknown,false,1,8.90,8.90,true,1,
7290000204253,false,מטליות רב שימושיות לניקיון ניקול 9 יחידות,נועם אורים-קיבוץ אור,,מטליות ניקול 9 יח,Unknown,0.00,Unknown,false,1,9.90,9.90,true,1,
7290000204512,false,מטליות לחות לניקוי רצפה בריח לימון ניקול 10 יחידות,עלבד משואות יצחק בעמ,,מטליות לחות לרצפה בר,Unknown,0.00,Unknown,false,1,10.90,10.90,true,1,
7290000204611,false,שישיית ספוגית הקסם ניקול 6 יחידות,חוגלה קימברלי,,ספוגית הקסם ניקול שי,Unknown,0.00,Unknown,false,1,13.80,13.80,true,1,
7290000207063,false,רסק עגבניות פריכוז 28% 240 גרם יכין,היינץ צפון אמריקה מק,,פריכוז 240 גר,גרמים,240.00,100 גרם,false,1,4.90,2.04,true,1,
7290000207438,false,עגבניות 2.5 A קוביות 850 גרם יכין,"זנלכל בע""\מ",,עגבניות 2.5 A קוביות,גרמים,850.00,100 גרם,false,1,9.90,1.16,true,1,
7290000208077,false,אפונת גינה רגילה 550 גרם יכין,"זנלכל בע""\מ",,אפונת גינה רגילה 550,גרמים,550.00,100 גרם,false,1,8.50,1.55,true,1,
7290000208114,false,"אפונה וגזר יכין A2 פ""ק בית יוסף","זנלכל בע""\מ",,אפונה וגזר יכין 550,גרמים,550.00,100 גרם,false,1,8.50,1.55,true,1,
7290000208145,false,גרעיני תירס מתוק לייט 550 גרם יכין,"זנלכל בע""\מ",,תירס לייט יכין 550 ג,גרמים,550.00,100 גרם,false,1,9.90,1.80,true,1,
7290000208213,false,שעועית לבנה אפויה A2 ברוטב עגבניות יכין 560ג',היינץ צפון אמריקה מק,,שעועית יכין אפויה 58,גרמים,580.00,100 גרם,false,1,8.50,1.47,true,1,
7290000208220,false,"שעועית צ'לי יכין פ""ק A2 בית יוסף",היינץ צפון אמריקה מק,,שעועית צלי חריף A2,גרמים,550.00,100 גרם,false,1,9.90,1.80,true,1,
7290000208251,false,שעועית ירוקה חתוכה יכין 550 גרם,"זנלכל בע""מ",,שעועית ירוקה יכין 56,גרמים,560.00,100 גרם,false,1,9.90,1.77,true,1,
7290000208312,false,גרעיני תירס מתוק בואקום יכין 400 גר',"זנלכל בע""\מ",IL,תירס מתוק יכין 400 ג,גרמים,400.00,100 גרם,false,1,6.90,1.73,true,1,
7290000208329,false,גרעיני תירס מתוק 550 גרם יכין,"זנלכל בע""\מ",,תירס גרעינים 550 גר,גרמים,550.00,100 גרם,false,1,8.50,1.55,true,1,
7290000208336,false,רסק יכין 240גר 22% יכין בית יוסף,"זנלכל בע""\מ",,רוטב עגבניות יכין 24,גרמים,240.00,100 גרם,false,1,4.50,1.88,true,1,
7290000208428,false,גרגרי חומוס שלם 550 גרם יכין,היינץ צפון אמריקה מק,,חומוס יכין שלם 550 ג,גרמים,550.00,100 גרם,false,1,8.50,1.55,true,1,
7290000208534,false,גרעיני תירס מתוק לילדים 550 גרם יכין,"זנלכל בע""\מ",,תירס קיד יכין 550 גר,גרמים,550.00,100 גרם,false,1,9.90,1.80,true,1,
7290000208855,false,רוטב לפסטה קלאסי 240 גרם יכין,"זנלכל בע""\מ",,רוטב לפסטה 260 גרם י,מיליליטרים,260.00,"100 מ""ל",false,1,6.50,2.50,true,1,
7290000208978,false,רוטב עגבניות פריכוז יכין 100 גרם,"זנלכל בע""\מ",,רסק עגבניות פריכוז 1,גרמים,100.00,100 גרם,false,1,3.40,3.40,true,1,
7290000209371,false,שלישיית תירס ואקום יכין 165 גרם,היינץ צפון אמריקה מק,,שלישיית תירס יכין 16,גרמים,165.00,100 גרם,false,1,14.90,9.03,true,1,
7290000209708,false,עגבניות מרוסקות עם בזיליקום 240 גרם יכין,היינץ צפון אמריקה מק,,עגבניות +בזיליקום 26,גרמים,260.00,100 גרם,false,1,6.50,2.50,true,1,
7290000209722,false,רסק עגבניות 28% פריכוז 580 גרם יכין,"זנלכל בע""\מ",,רסק עגבניות פריכוז A,גרמים,580.00,100 גרם,false,1,10.90,1.88,true,1,
7290000209944,false,רוטב לעגבניות בסיס לשקשוקה 240 ג' יכין,"זנלכל בע""\מ",,רוטב עגבניות לשקשוק,גרמים,260.00,100 גרם,false,1,6.50,2.50,true,1,
7290000210148,false,אפונה ירוקה אלפא 550 גר,,,אפונה ירוקה אלפא 550,גרמים,550.00,100 גרם,false,1,8.90,1.62,true,1,
7290000211169,false,"אורז תאילנדי אחד אחד סוגת 1 ק""ג",האי נאם סי או אל.טי.,,"אורז תאילנדי 1 ק""ג",קילוגרמים,0.00,"ק""ג",false,1,7.90,7.90,true,1,
7290000211374,false,"קמח חיטה מלא סוגת 1 ק""ג",טחנת קמח דגן-שטיבל,,"קמח מלא 1 ק""ג סוגת",גרמים,1000.00,100 גרם,false,1,7.50,0.75,true,1,
7290000211442,false,"סוגת אורז פרסי קלאסי שקית 1 ק""ג",האי נאם סי או אל.טי.,,"אורז פרסי 1 ק""ג סוג",גרמים,1000.00,100 גרם,false,1,10.80,1.08,true,1,
7290000211503,false,סוכר לבן ארוז בשקית,"סוגת תעשיות בע""\מ",,"סוכר לבן 1 ק""ג",קילוגרמים,0.00,"ק""ג",false,1,4.60,4.60,true,1,
7290000211985,false,"אורז ריזוטו עגול סוגת 1 ק""ג","סוגת תעשיות בע""\מ",,אורז עגול 1 קג,גרמים,1000.00,100 גרם,false,1,9.70,0.97,true,1,
7290000238036,false,מלאווח בקופסא מעדנות 700 גרם,מיוצר עי קונדיטוריית,,מלאווח מעדנות 700 גר,גרמים,700.00,100 גרם,false,1,16.90,2.41,true,1,
7290000238180,false,בורקס תפוחי אדמה מעדנות 800 גרם,מיוצר עי קונדיטוריית,,"בורקס תפו""א 800 גרם",גרמים,800.00,100 גרם,false,1,18.90,2.36,true,1,
7290000262031,false,נייר טואלט מולט לב 32 גלילים,חוגלה קימברלי,,נייר טואלט מולט 32 ג,מטרים,588.80,מטר,false,1,28.90,0.05,true,1,
7290000272726,false,חומץ רכיבים רכיבים טבעיים 5% עסיס 1 ליטר,בית-השיטה עסיס תעשיות מז,,חומץ טבעי עסיס 5% -1,מיליליטרים,1000.00,"100 מ""ל",false,1,6.90,0.69,true,1,
7290000286228,false,ספוגיות לניקוי כללי סנו סושי 6 יחידות,סנו מפעלי ברונו בעמ,,סנו סושי כרית יפנית,Unknown,0.00,Unknown,false,1,10.00,10.00,true,1,
7290000288017,false,אקונומיקה בריח לימון סנו ז'אוול 1 ליטר,"סנו מפעלי ברונוס בע""",,סנו זאוול לימון 1 לי,מיליליטרים,1000.00,"100 מ""ל",false,1,8.30,0.83,true,1,
7290000289069,false,סנו - ז'אוול מרסס קצף ניקוי בתוספת אקונומיקה בריח לימון 1 ליטר,"סנו מפעלי ברונוס בע""מ",,סנו זאוול מרסס לימון,מיליליטרים,1000.00,"100 מ""ל",false,1,18.90,1.89,true,1,
7290000289496,false,"סנו - ז'אוול ג'ל קרם לניקוי כללי לימון 750 מ""ל","סנו מפעלי ברונוס בע""\מ",,סנו זאוול גל קרם לימ,מיליליטרים,750.00,"100 מ""ל",false,1,14.20,1.89,true,1,
7290000295503,false,זוג שקיות מזון טבע 19*25 סנו סושי 150 יחידות,"אשפלסט תעשיות בע""מ",,סנו סושי 150 שקיות ב,Unknown,0.00,Unknown,false,1,12.90,12.90,true,1,
7290000300900,false,שניצל תירס מרכיבים טבעיים טבעול 750 גרם,עיצובים 2020 (4.8),,שניצל תירס 750 גרם,גרמים,750.00,100 גרם,false,1,24.90,3.32,true,1,
7290000334684,false,טבעות בצל 700 גרם תפוגן,"תעשיות תפוגן בע""\מ",,טבעות בצל 700 גרם תפ,גרמים,700.00,100 גרם,false,1,17.90,2.56,true,1,
7290000336053,false,תרכיז סיידר הגליל מיץ תפוחים מרוכז 330 מל,"טמפו משקאות בע""מ",,"סיידר תרכיז 330 מ""ל",מיליליטרים,330.00,"100 מ""ל",false,1,13.60,4.12,true,1,
7290000345215,false,תה כחול קלאסיק ויסוצקי 100 יחידות,מולינו ניקולי s.p.a,IL,תה קלאסיק 100 שקיקים,גרמים,100.00,100 גרם,false,1,15.90,15.90,true,1,
7290000345260,false,תה קלאסיק מעטפות ויסוצקי 25 יחידות,מולינו ניקולי s.p.a,,תה ויסוצקי 25 שקיקים,Unknown,0.00,Unknown,false,1,8.40,8.40,true,1,
7290000345284,false,תה ויסוצקי קלאסי אריזה ירוקה מרובעת (100 שקיקים),מולינו ניקולי s.p.a,IL,תה קלאסיק 100 שקיקים,גרמים,150.00,100 גרם,false,1,15.90,10.60,true,1,
7290000345291,false,תה ארל גריי 25 שקיקים ויסוצקי,תה ויסוצקי,,תה ארל גריי 25 שקיקי,Unknown,0.00,Unknown,false,1,14.90,14.90,true,1,
7290000345536,false,תה נענע ויסוצקי 25 יחידות,מולינו ניקולי s.p.a,,תה נענע 25 שקיקים 1.,Unknown,0.00,Unknown,false,1,18.80,18.80,true,1,
7290000346199,false,חליטת פירות יער הגן הקסום ויסוצקי 25 יחידות,תה ויסוצקי,,חליטת פירות היער 25,Unknown,0.00,Unknown,false,1,18.90,18.90,true,1,
7290000346205,false,חליטת קמומיל הגן הקסום ויסוצקי 25 יחידות,תה ויסוצקי,,חליטת קמומיל 25 שקיק,Unknown,0.00,Unknown,false,1,18.90,18.90,true,1,
7290000347738,false,תה ירוק נענע ויסוצקי 25 יחידות,תה ויסוצקי,,תה ירוק נענע 25 שקיק,Unknown,0.00,Unknown,false,1,24.90,24.90,true,1,
7290000347752,false,תה ירוק לימונית ולואיזה 25 שקיקים *1.5 ג'' ויסוצקי,תה ויסוצקי,,תה ירוק לימונית לואי,Unknown,0.00,Unknown,false,1,24.90,24.90,true,1,
7290000363363,false,קבנוס נקניק מעושן יבש 160 גרם,הנסיך- מפעל לייצור ט,,קבנוס מיוחד 160 גרם,גרמים,160.00,100 גרם,false,1,20.90,13.06,true,1,
7290000363899,false,נקניקיות פיקנטיות טירת צבי 400 גרם,טירת צבי - מדף,,נקניקיות פיקנטיות,גרמים,400.00,100 גרם,false,1,12.90,3.23,true,1,
7290000364278,false,דקניקים סלסולי סלמי איטלקי משובח טירת צבי 120 גרם,הנסיך- מפעל לייצור ט,,סלסולי סלמי איטלקי,גרמים,120.00,100 גרם,false,1,13.90,11.58,true,1,
7290000364285,false,דקניקים סלסולי פסטרמה הודו טירת צבי 120 גרם,הנסיך- מפעל לייצור ט,,סלסולי פסטרמה הודו,גרמים,120.00,100 גרם,false,1,13.90,11.58,true,1,
7290000364292,false,דקניקים סלסולי פסטרמה הודו על גחלים 1% טירת צבי 120 גרם,הנסיך- מפעל לייצור ט,,סלסולי גחלים 120גר,גרמים,120.00,100 גרם,false,1,13.90,11.58,true,1,
7290000364872,false,נקניקיות עוף טירת צבי 400 גרם,טיב טירת צבי 2000,,נקניקיות עוף 400 גרם,גרמים,400.00,100 גרם,false,1,13.90,3.48,true,1,
7290000367590,false,פסטרמה כפרית וסלמי פריזר כפרי טירת צבי 2*400 גרם,טיב טירת צבי 2000,,צמד כפרי טירת צבי,גרמים,800.00,100 גרם,false,1,25.90,3.24,true,1,
7290000377612,false,מיץ תפוזים סחוט טבעי פריגת 400 מל,מיוצר עי קונדיטוריית,,פריגת סחוט תפוז 400,מיליליטרים,400.00,"100 מ""ל",false,1,9.90,2.48,true,1,
7290000390536,false,חסה שטופה,,,לבבות חסה,Unknown,0.00,Unknown,false,1,11.90,11.90,true,1,
7290000408316,false,יוגורט דנונה דל לקטוז 200 גרם,מיוצר עי קונדיטוריית,,דנונה דל לקטוז,גרמים,200.00,100 גרם,false,1,3.50,1.75,true,1,
7290000408354,false,יוגורט עם אורז מצופה שוקולד קקאו 175 ג' דנונה,"שטראוס בריאות בע""\מ",,דנונה בר פצפוצים 173,גרמים,173.00,100 גרם,false,1,4.30,2.49,true,1,
7290000416021,false,ממרח בטעם שוקולד השחר חלבי 500,השחר העולה,,ממרח השחר 500 גרם,גרמים,500.00,100 גרם,false,1,13.90,2.78,true,1,
7290000416045,false,"ממרח בטעם שוקולד השחר 1 ק""ג",השחר העולה תעשייות מ,,"ממרח השחר 1 ק""ג",גרמים,1000.00,100 גרם,false,1,24.90,2.49,true,1,
7290000419107,false,לנדוור קפה מקורי לבוקר טחון טורקי 100 גרם,"קפה לנדוור בע""\מ",,קפה לנדור כחול 100 ג,גרמים,100.00,100 גרם,false,1,8.30,8.30,true,1,
7290000446554,false,"חמאת בוטנים טבעית בטר אנד דיפרנט 1 ק""ג",בטר אנד דיפרנט B&D,,חמאת בוטנים טבעית בט,גרמים,1000.00,100 גרם,false,1,26.90,2.69,true,1,
7290000462141,false,סחוג אדום תימני מקורי חריף מאוד זהבי 150 גרם,קריניסה ויטמין אס אי,,זחוק אדום מריף מאוד,גרמים,350.00,100 גרם,false,1,10.40,2.97,true,1,
7290000462172,false,סחוג תימני ירוק חריף זהבי הכרם 150 גרם,קריניסה ויטמין אס אי,,סחוג זהבי ירוק חריף,גרמים,150.00,100 גרם,false,1,10.40,6.93,true,1,
7290000480107,false,קוואקר שיבולת שועל פחית 500 גרם,וולקרס סנקס לימיטד,,קוואקר שיבולת שועל פ,גרמים,500.00,100 גרם,false,1,12.90,2.58,true,1,
7290000480442,false,קוואקר שיבולת שועל בשקית 500 גרם,פריטו ליי FRITO-LAY,,קוואקר 500 גרם שקית,גרמים,500.00,100 גרם,false,1,12.50,2.50,true,1,
7290000497044,false,"לחם אקטיב 750 גרם ""ברמן""",מאפית י את א ברמן בע,,לחם ברמן אקטיב 750 ג,גרמים,750.00,100 גרם,false,1,15.90,2.12,true,1,
7290000497112,false,"לחם כהה פרוס וארוז ""ברמן""-מוצר בפיקוח",מאפית י את א ברמן בע,,אחיד פרוס ברמן,גרמים,750.00,100 גרם,false,1,7.11,0.95,true,1,
7290000497228,false,לחמניה רגילה בשקית ברמן 6יח',מאפית י את א ברמן בע,,שש לחמניות בשקית,גרמים,450.00,100 גרם,false,1,10.50,2.33,true,1,
7290000497303,false,"שישיית לחמניות מקמח מלא ""ברמן""",מאפית י את א ברמן בע,,שש לחמניות בשקית,גרמים,450.00,100 גרם,false,1,12.50,2.78,true,1,
7290000497426,false,לחם ברמן לענין פלוס 500 גרם,מאפית י את א ברמן בע,,לחם ברמן לענין פלוס,גרמים,500.00,100 גרם,false,1,14.50,2.90,true,1,
7290000497570,false,לחם דגנים פלוס ברמן 500 גרם,מאפית י את א ברמן בע,,לחם דגנים פלוס ברמן,גרמים,500.00,100 גרם,false,1,14.50,2.90,true,1,
7290000498034,false,לחם אי פרי קמח כוסמין מלא 750 גר',מאפית י את א ברמן בע,IL,לחם מקמח כוסמין מלא,גרמים,750.00,100 גרם,false,1,15.90,2.12,true,1,
7290000518220,false,ממתיק סוכרה דיאט 100 יחידות,פתח תקווה,,סוכרה דיאט 100 שקיות,גרמים,100.00,100 גרם,false,1,23.90,23.90,true,1,
7290000523125,false,מלח הארץ הים האדום 250 ג' עדין,"חברת מלח הארץ אילת בע""\מ",,מלח הארץ ים יבש 250,גרמים,250.00,100 גרם,false,1,5.50,2.20,true,1,
7290000523224,false,מלח הארץ הים האדום 500 ג' עדין,"חברת מלח הארץ אילת בע""\מ",,מלח הארץ ים יבש 500,גרמים,500.00,100 גרם,false,1,7.70,1.54,true,1,
7290000523804,false,"מלח עדין צנצנת 1 ק""ג מלח הארץ","חברת מלח הארץ אילת בע""\מ",,"מלח עדין 1 ק""ג צנצנת",גרמים,1000.00,100 גרם,false,1,7.90,0.79,true,1,
7290000525969,false,מיץ תפוזים סחוט רכיבים טבעיים פרימור 1 ליטר,"גניר (1992) בע""מ",,מיץ תפוזים סחוט 1 ל,מיליליטרים,1000.00,"100 מ""ל",false,1,15.80,1.58,true,1,
7290000554402,false,מעדן חלב מלבי גד 160 גרם,"מיוצר ע""\י קוד יצרן EDNK",,מעדן מלבי 160 גר,גרמים,160.00,100 גרם,false,1,5.60,3.50,true,1,
7290000554471,false,נקניק מוצרלה 22 אחוז 180גרם גד מהדרין,"מחלבות גד בע""\מ",,מוצרלה 180 גרם,גרמים,180.00,100 גרם,false,1,14.90,8.28,true,1,
7290000554532,false,גבינה צפתית מעודנת במלח ים 5% 200 ג' גד,הנסיך- מפעל לייצור ט,,צפתית מעודנת 5% במלח,גרמים,200.00,100 גרם,false,1,14.90,7.45,true,1,
7290000554624,false,ירח מתוק מעדן חלב עם אורז 3% גד 150 גרם,"מיוצר ע""\י קוד יצרן EDNK",,מעדן ירח מתוק 150 גר,גרמים,150.00,100 גרם,false,1,5.60,3.73,true,1,
7290000554822,false,ריקוטה גבינה לבנה בסגנון איטלקי 5% גד 250 גרם,מחלבות גד בעמ,,ריקוטה 250 גרם,גרמים,250.00,100 גרם,false,1,14.50,5.80,true,1,
7290000554839,false,מסקרפונה שמנת מתוקה קשה בסגנון איטלקי 40% גד 250 גרם,מחלבות גד בעמ,,גבינת מסקרפונה 250 ג,גרמים,250.00,100 גרם,false,1,19.90,7.96,true,1,
7290000652542,false,פילה אמנון קפוא 5-7 קג,דגי תנובה,,פילה אמנון קפוא,Unknown,0.00,"ק""ג",true,0,34.90,34.90,true,1,
7290000662817,false,סלמון מעושן 100 גרם נורבגי מדג טרי,דגיים קפואים,IL,סלמון מעושן 100 גרם,גרמים,100.00,100 גרם,false,0,23.90,23.90,true,1,
7290000688381,false,שישיית מי עדן פקק ספורט 0.5 ליטר,"מופק ממקור בזלתי עדן ,1",,מי עדן שישיה אישי,מיליליטרים,3000.00,"100 מ""ל",false,1,14.90,0.50,true,1,
7290001111500,false,לחם מחמצת בטעמים 700 גרם,,,לחם מחמצת בטעמים 700,גרמים,700.00,100 גרם,false,1,18.30,2.61,true,1,
7290001231932,false,ווינסטון כחול בוקס חפיסה,Unknown,,ווינסטון כחול בוקס ח,Unknown,0.00,Unknown,false,1,33.00,33.00,true,1,
7290001245712,false,אקונומיקה 4 ליטר טאצ,,,אקונומיקה 4 ליטר טאצ,Unknown,0.00,Unknown,false,1,9.90,9.90,true,1,
7290001247068,false,קרטונית נקטר ספרינג תות בננה 1 ליטר,יפאורה שותפות מובגלת לשיווק,,קרטונית נקטר ספרינג,מיליליטרים,1000.00,"100 מ""ל",false,1,6.90,0.69,true,1,
7290001247082,false,מיץ עגבניות רכיבים טבעיים ספרינג 1 ליטר,יפאורה שותפות מובגלת לשיווק,,קרטונית נקטר ספרינג,מיליליטרים,1000.00,"100 מ""ל",false,1,6.60,0.66,true,1,
7290001247099,false,קרטונית נקטר ספרינג מנגו 1 ליטר,יפאורה שותפות מובגלת לשיווק,,קרטונית נקטר ספרינג,מיליליטרים,1000.00,"100 מ""ל",false,1,6.90,0.69,true,1,
7290001247105,false,קרטונית נקטר ספרינג אפרסק 1 ליטר,יפאורה שותפות מובגלת לשיווק,,קרטונית נקטר ספרינג,מיליליטרים,1000.00,"100 מ""ל",false,1,6.90,0.69,true,1,
7290001247129,false,נקטר ספרינג תפוזים קרטונית 1 ל',יפאורה שותפות מובגלת לשיווק,,קרטונית נקטר ספרינג,מיליליטרים,1000.00,"100 מ""ל",false,1,6.90,0.69,true,1,
7290001247143,false,קרטונית נקטר ספרינג תפוחים 1 ליטר,יפאורה שותפות מובגלת לשיווק,,קרטונית נקטר ספרינג,מיליליטרים,1000.00,"100 מ""ל",false,1,6.90,0.69,true,1,
7290001258705,false,גאודה עשבי תיבול28% משקל,גבינות משק יעקבס,,גאודה עשבי תיבול במש,Unknown,0.00,"ק""ג",true,0,99.00,99.00,true,1,
7290001342862,false,קרם פפריקה הונגרית חריפה בשפופרת 160 גרם,,HU,קרם פפריקה הונגרית ח,גרמים,160.00,100 גרם,false,1,25.90,16.19,true,1,
7290001361016,false,עוגת גינגי שכבות בצק,GS עבור נטו מלינדה ס,,עוגה גינגית 600 גרם,גרמים,600.00,100 גרם,false,1,44.90,7.48,true,1,
7290001361085,false,עוגת נפוליאון 600 גר,אף.סי תבליני בגליל ב,,עוגת נפוליאון,גרמים,600.00,100 גרם,false,1,44.90,7.48,true,1,
7290001361092,false,עוגת פיצוץ פס 400 גר,נטלי פלוס,,עוגת פיצוץ,גרמים,400.00,100 גרם,false,1,46.90,11.73,true,1,
7290001361177,false,עוגת דובדבנים פס 650,נטלי פלוס,,עוגת דובדבנים,גרמים,650.00,100 גרם,false,1,49.90,7.68,true,1,
7290001361290,false,עוגת מוצרט נטלי,"נטלי פלוס בע""מ",,"טורט מוצרט 1 ק""ג",גרמים,1000.00,100 גרם,false,1,108.90,10.89,true,1,
7290001361450,false,עוגת מותק - ריבת חלב 650 ג',נטלי פלוס,,עוגת ריבת חלב,גרמים,600.00,100 גרם,false,1,69.90,11.65,true,1,
7290001482384,false,חתיכות אננס בסירופ קל וילי פוד 227 גרם,וילי פוד,VN,אננס חתוך וילי פוד 2,גרמים,227.00,100 גרם,false,1,4.80,2.11,true,1,
7290001581094,false,כנפיים עוף ללא נוצות טרי,,,כנפיים עוף ללא נוצות,Unknown,0.00,"ק""ג",true,0,17.90,17.90,true,1,
7290001594155,false,"קוקה-קולה בבקבוק אישי 500 מ""ל",החברה המרכזית לייצור משקאות,,"קוקה קולה 500 מ""ל",מיליליטרים,500.00,"100 מ""ל",false,1,7.50,1.50,true,1,
7290001594179,false,"פאנטה אורנג' בבקבוק אישי 500 מ""ל",החברה המרכזית לייצור משקאות,,"פאנטה אורנג 500 מ""ל",מיליליטרים,500.00,"100 מ""ל",false,1,7.50,1.50,true,1,
7290001594568,false,"בירה בפחית קרלסברג 500 מ""ל",מבשלות בירה בינלאומיות ב,,"קרלסברג פחית 500 מ""ל",מיליליטרים,500.00,"100 מ""ל",false,1,8.50,1.70,true,1,
7290001594865,false,"שישייה בירה קרלסברג בקבוק 330 מ""ל",מבשלות בירה בינלאומיות ב,,קרלסברג שישיה בקבוק,מיליליטרים,1980.00,"100 מ""ל",false,1,29.90,1.51,true,1,
7290001881095,false,עגבניות שרי כבושות 5,מאמא מרי,,עגבניות שרי 1 קג,קילוגרמים,0.00,"ק""ג",false,1,29.50,29.50,true,1,
7290001881873,false,"מאמא מרי כרוב עם חמוציות 1 ק""ג",מאמא מרי,,כרוב עם חמוציות 1 קג,קילוגרמים,0.00,"ק""ג",false,1,20.90,20.90,true,1,
7290001973233,false,"קמיל בלו מגבונים לחים סנסיטיב ד""ר פישר 120 יחידות",פישר מעבדות פרמצבטיות,,מגבונים קמיל בלו 120,Unknown,0.00,Unknown,false,1,10.40,10.40,true,1,
7290001990148,false,"סוכר גולדן קלאסי בצנצנת סוגת 1 ק""ג",האי נאם סי או אל.טי.,,סוכר גולדן קלאסי צנצ,גרמים,1000.00,100 גרם,false,1,12.90,1.29,true,1,
7290002027843,false,חטיף תמרים עם אגוזי לוז 120 גרם,"תות תעשיות מזון בע""מ",IL,חטיף תמרים עם אגוזי,גרמים,120.00,100 גרם,false,1,14.90,12.42,true,1,
7290002073628,false,גאודה אגוזים הולנדי במשקל,,,גאודה אגוזים הולנדי,Unknown,0.00,"ק""ג",true,0,145.00,145.00,true,1,
7290002130567,false,דבש דבורים טהור פרחי בר יד מרדכי 350 גרם,מכוורת יד מרדכי שטראוס ב,,דבש טהור יד מרדכי 35,גרמים,350.00,100 גרם,false,1,18.90,5.40,true,1,
7290002130574,false,דבש טהור מפרחי בר בזכוכית 500 ג' יד מרדכי,מכוורת יד מרדכי שטראוס ב,,דבש טהור יד מרדכי500,גרמים,500.00,100 גרם,false,1,24.70,4.94,true,1,
7290002208532,false,"גבינת צ'דר כבשים קרטונית, 200 גרם",,,צדר כבשים משק דותן 2,גרמים,200.00,100 גרם,false,1,40.90,20.45,true,1,
7290002253006,false,שום כתוש דורות בצנצנת 200 גרם,עיצובים 2020 (3.8),,שום כתוש בצנצנת 200,גרמים,200.00,100 גרם,false,1,15.90,7.95,true,1,
7290002253167,false,פטרוזיליה קצוצה דורות 70 גרם,עיצובים 2020 (3.8),,מגשית פטרוזיליה דורו,גרמים,70.00,100 גרם,false,1,12.50,17.86,true,1,
7290002304234,false,קונפיטורה ביתית אוכמניות לייט 600 גר,ענבי ציון,,קונפיטורה ביתית אוכמ,גרמים,600.00,100 גרם,false,1,29.50,4.92,true,1,
7290002304241,false,קונפיטורה ביתית פירות יער לייט 600 גר,ענבי ציון,,קונפיטורה ביתית פירו,גרמים,600.00,100 גרם,false,1,29.50,4.92,true,1,
7290002304661,false,קונפיטורה ביתי ענבי ציון אוכמניות 600 גרם,ענבי ציון,IL,קונפיטורה ביתי ענבי,גרמים,600.00,100 גרם,false,1,19.90,3.32,true,1,
7290002331025,false,"מים מינרלים נביעות ספורט 500 מ""ל פקדון",נביעות טבע הגליל בעמ,,"נביעות 500 מ""ל",מיליליטרים,500.00,"100 מ""ל",false,1,5.90,1.18,true,1,
7290002331094,false,"מים מינרליים GO TO נביעות 755 מ""ל",נביעות טבע הגליל בעמ,,"נביעות בודד 755 מ""ל",מיליליטרים,755.00,"100 מ""ל",false,1,5.20,0.69,true,1,
7290002331124,false,נביעות+ מים מינרליים בטעם תפוח,נביעות טבע הגליל בעמ,,מים נביעות בטעם תפוח,מיליליטרים,500.00,"100 מ""ל",false,1,7.90,1.58,true,1,
7290002331155,false,מים נביעות בטעם אפרסק 0.5 ליטר,נביעות טבע הגליל בעמ,,מים נביעות בטעם אפרס,מיליליטרים,500.00,"100 מ""ל",false,1,7.90,1.58,true,1,
7290002331711,false,נביעות+מים מינרליים בטעם ענבים,נביעות טבע הגליל בעמ,,מים נביעות בטעם ענבי,מיליליטרים,500.00,"100 מ""ל",false,1,7.90,1.58,true,1,
7290002360124,false,חליטת צמחים ורד הבר והיביסקוס פומפדור 20 יחידות,TEEKANNE- POMPADOU,,תה פומפדור ורד בר+הי,Unknown,0.00,Unknown,false,1,16.70,16.70,true,1,
7290002360278,false,חליטת צמחים פומפדור מנטה 20 יחידות,"איטיליאן פוד, אס.פי.",,תה חליטת מנטה 20 יח,Unknown,0.00,Unknown,false,1,16.70,16.70,true,1,
7290002371526,false,דקניקים סלסולי פסטרמה שום וצילי פיקנטי טירת צבי 120 גרם,הנסיך- מפעל לייצור ט,,סלסולי פסטרמה שום,גרמים,120.00,100 גרם,false,1,13.90,11.58,true,1,
7290002371533,false,דקניקים סלסולי פסטרמה דבש טירת צבי 120 גרם,הנסיך- מפעל לייצור ט,,סלסולי פסטרמה ודבש 1,גרמים,120.00,100 גרם,false,1,13.90,11.58,true,1,
7290002374268,false,שמן חמניות מילומור 1 ליטר,שמן תעשיות,,שמן חמניות 1 ליטר,מיליליטרים,1000.00,"100 מ""ל",false,1,12.50,1.25,true,1,
7290002374312,false,"שמן קנולה מילומור 1 ל' עד""ח","נארז ע""י : א.ג. גילר",,שמן קנולה 1 ליטר,מיליליטרים,1000.00,"100 מ""ל",false,1,10.90,1.09,true,1,
7290002400455,false,פילה מדומה סקין פריים,,IL,פילה מדומה סקין פריי,Unknown,0.00,"ק""ג",true,0,69.90,69.90,true,1,
7290002408161,false,גבינה הולנדיה קרם 235ג',,NL,הולנדית קרם 235 גר,גרמים,235.00,100 גרם,false,1,16.70,7.11,true,1,
7290002408178,false,ינטר קרם 235 גרם,,NL,ינטר קרם 235 גרם,גרמים,235.00,100 גרם,false,1,16.70,7.11,true,1,
7290002408376,false,גבינה פטה צאן יווני 200 גר,,,גבינה פטה צאן יווני,גרמים,200.00,100 גרם,false,0,24.90,12.45,true,1,
7290002408468,false,"איירן 300 מ""ל",,IL,"איירן 300 מ""ל",מיליליטרים,300.00,"100 מ""ל",false,0,6.20,2.07,true,1,
7290002408505,false,גבינת לטבייסקי ממרח בסיס על שמנת 350 גרם,,LV,גבינת לטבייסקי ממרח,גרמים,350.00,100 גרם,false,0,10.40,2.97,true,1,
7290002408840,false,מוצרלה איטלקית במשקל,,,מוצרלה איטלקית במשקל,Unknown,0.00,"ק""ג",true,0,90.00,90.00,true,1,
7290002477556,false,כבד עוף טרי,,,כבד עוף טרי,Unknown,0.00,"ק""ג",true,0,19.90,19.90,true,1,
7290002507277,false,קציצות דג דלידג 700 גרם,אף.סי תבליני בגליל ב,,קציצות דג דלידג 700,גרמים,700.00,100 גרם,false,1,26.90,3.84,true,1,
7290002551003,false,סטארקיסט טונה בשמן בודד 160ג',סטאר קיסט,,טונה סטארקיסט בשמן,גרמים,160.00,100 גרם,false,1,7.40,4.63,true,1,
7290002551010,false,סטארקיסט טונה במים 160גרם-בי,"סטארקיסט פודור בע""מ",,טונה סטארקיסט במים,גרמים,160.00,100 גרם,false,1,7.40,4.63,true,1,
7290002603696,false,בורקס פילו שגב XL גבינה שגב 450 גרם לנדא,שלושת האופים שגמור,,מקלות בורקס פילו XL,גרמים,450.00,100 גרם,false,1,22.90,5.09,true,1,
7290002617297,false,פילה דג בסה מעובד קלאסי קפוא,,,פילה דג בסה קפוא,Unknown,0.00,Unknown,false,1,28.90,28.90,true,1,
7290002617709,false,"שרימפס מקולף גמבו 1 ק""ג קפוא 16/20",,,שרימפס מקולף גמבו 1,קילוגרמים,0.00,"ק""ג",false,1,135.90,135.90,true,1,
7290002617723,false,"שרימפס מקולף 1 ק""ג גדול קפוא 26/30",,,שרימפס מקולף גדול,קילוגרמים,0.00,"ק""ג",false,1,109.90,109.90,true,1,
7290002674221,false,"אקווה פרש משחת שינים משאבה מנטה 100 מ""ל",גלקסו סמית קליין,,אקוה פרש משחת שיניים,Unknown,0.00,Unknown,false,1,20.50,20.50,true,1,
7290002697114,false,10 פיתות עבודת יד,,,10 פיתות עבודת יד,גרמים,500.00,100 גרם,false,1,16.90,3.38,true,1,
7290002697176,false,פיתה תימנית 5 יחידות עבודת יד,,,פיתה תימנית 5 יחידות,גרמים,500.00,100 גרם,false,1,7.90,1.58,true,1,
7290002749059,false,מיני פולטבסקיה 290 גר,,,מיני פולטבסקיה 290 ג,גרמים,290.00,100 גרם,false,1,45.00,15.52,true,1,
7290002752332,false,"סוכריות מנטוס פירות בגליל, 37.5 גרם",הדקלאים אגודת שיתופי,,מנטוס פירות,גרמים,37.00,100 גרם,false,1,3.60,9.73,true,1,
7290002753223,false,רביעייה סוכריות תפוז 4*16 ג' טיק טק,פררו - אלבה,,טיק טק תפוז רביעייה,גרמים,64.00,100 גרם,false,1,10.90,17.03,true,1,
7290002824466,false,יוגורט דנונה ביו לבן 0% שומן 200 גרם,"שטראוס בריאות בע""\מ",,יוגורט דנונה ביו 0%,מיליליטרים,200.00,"100 מ""ל",false,1,3.50,1.75,true,1,
7290002824640,false,"גבינת סקי 250 גרם 5% ""שטראוס"" -מוצר בפיקוח",מיוצר עי קונדיטוריית,IL,גבינת סקי 5% 250 גרם,גרמים,250.00,100 גרם,false,1,4.98,1.99,true,1,
7290002825722,false,סלט כרוב אדום אחלה 500 גרם,מיוצר עי קונדיטוריית,,כרוב אדום 500 גר,גרמים,500.00,100 גרם,false,1,13.90,2.78,true,1,
7290002868996,false,"קוטג' 5% שומן, רכיבים טבעיים, 250 גרם",קריות זול,,קוטג 5% מועשר 250 גר,גרמים,250.00,100 גרם,false,1,5.90,2.36,true,1,
7290002881230,false,חתיכות אננס בסירופ קל תומר 850 גרם,"אניס פארם בע""מ",,אננס חתוך תומר 850 ג,גרמים,825.00,100 גרם,false,1,11.90,1.44,true,1,
7290002881247,false,פרוסות אננס בסירופ קל תומר 850 גרם,"אניס פארם בע""מ",,אננס שלם תומר 850 גר,גרמים,850.00,100 גרם,false,1,11.90,1.40,true,1,
7290002881414,false,תומר-אטריות ביציםעבו,אופאל,,נודלס עבה 400 גרם,גרמים,400.00,100 גרם,false,1,7.50,1.88,true,1,
7290002881919,false,פיטריות שמפניון שלמות קטנות תומר 400 גרם,גיבונג אינדסקיאלס,,שימורי פטריות 8 שלם,גרמים,400.00,100 גרם,false,1,6.90,1.73,true,1,
7290002881988,false,סרדינים בשמן חמניות ולימון תומר 125 גרם,,,סרדין מרוקאי בשמן ול,גרמים,125.00,100 גרם,false,1,6.50,5.20,true,1,
7290002966005,false,קוויאר אדום מאצות ים 100גר,,,קוויאר אדום מאצות ים,גרמים,100.00,100 גרם,false,1,13.90,13.90,true,1,
7290002966012,false,קוויאר שחור מאצות ים 100גר,,,קוויאר שחור מאצות ים,גרמים,100.00,100 גרם,false,1,13.90,13.90,true,1,
7290002966029,false,קוויאר אדום מאצות ים 120גר,,,קוויאר אדום מאצות ים,גרמים,120.00,100 גרם,false,1,13.90,11.58,true,1,
7290002966784,false,סלט איקרא ורודה 200 גרם,,IL,סלט איקרא ורודה 200,גרמים,200.00,100 גרם,false,1,13.90,6.95,true,1,
7290002966791,false,סלט איקרא לבנה 200 גרם,,IL,סלט איקרא לבנה 200 ג,גרמים,200.00,100 גרם,false,1,13.90,6.95,true,1,
7290002971009,false,"קמח חיטה לבן בהיר שטיבל 1 ק""ג",שטיבל טחנות קמח,,"קמח לבן שטיבל 1 ק""ג",גרמים,1000.00,100 גרם,false,1,4.10,0.41,true,1,
7290002971016,false,"שטיבל סולת חיטה 1 ק""ג","שטיבל בע""מ",,"סולת שטיבל 1 ק""ג",גרמים,1000.00,100 גרם,false,1,4.80,0.48,true,1,
7290002971955,false,קמח שטיבל חיטה לבן מנופה 1קג,טחנת קמח דגן-שטיבל,,קמח שטיבל 650 ללא ני,גרמים,1000.00,100 גרם,false,1,9.40,0.94,true,1,
7290002971993,false,"קמח כוסמין מס 14 ללא ניפוי 1 ק""ג",טחנת קמח דגן-שטיבל,IL,קמח כוסמין מס 14 ללא,גרמים,1000.00,100 גרם,false,1,15.60,1.56,true,1,
7290002974222,false,"קמח שטיבל לעוגיות 4 ללא ניפוי 1 ק""ג","שטיבל בע""מ",,קמח שטיבל לעוגיות 4,גרמים,1000.00,100 גרם,false,1,9.40,0.94,true,1,
7290003009183,false,"סירופ דיאט תפוחים בקבוק 750 מ""ל",סירופ - גבעת חיים,,סירופ דיאט תפוחים בק,מיליליטרים,750.00,"100 מ""ל",false,1,22.90,3.05,true,1,
7290003024001,false,גבינה ברי צרפתי במשקל,,,גבינה ברי צרפתי,Unknown,0.00,"ק""ג",true,0,157.00,157.00,true,1,
7290003029181,false,משקה יטבתה שוקו' בקבוק 1ל מהדרין,שטראוס גרופ,IL,שוקו בקבוק יטבתה,מיליליטרים,1000.00,"100 מ""ל",false,1,11.40,1.14,true,1,
7290003029372,false,משקה חלב בטעם בננה יטבתה 1 ליטר,מחלבת יטבתה,,משקה חלב בננה 1 ליטר,מיליליטרים,1000.00,"100 מ""ל",false,1,11.40,1.14,true,1,
7290003029389,false,"משקה חלב בננה פקק ספורט 250 מ""ל יוטבתה",שטראוס גרופ,,"בננה פקק 250 מ""ל",מיליליטרים,250.00,"100 מ""ל",false,1,5.20,2.08,true,1,
7290003029433,false,"משקה יטבתה שוקו פקק 250 מ""ל מהדרין",שטראוס גרופ,,שוקו פקק יטבתה 250 מ,מיליליטרים,250.00,"100 מ""ל",false,1,5.20,2.08,true,1,
7290003029907,false,אייס קפה יטבתה 1 ליטר מהדרין,שטראוס גרופ,,קפה יטבתה 1ליטר,מיליליטרים,1000.00,"100 מ""ל",false,1,11.40,1.14,true,1,
7290003054183,false,מסטמכר לחם שיפון מלא 500ג,מרום את קונפינו,,לחם שיפון מלא 500 גר,גרמים,500.00,100 גרם,false,1,14.90,2.98,true,1,
7290003054190,false,מסטמכר לחם שיפון עם שלושה דגנים 500ג,מרום את קונפינו,,לחם שיפון 3 דגנים 50,גרמים,500.00,100 גרם,false,1,14.90,2.98,true,1,
7290003054220,false,מסטמכר לחם שיפון פומפרניקל 500ג,מסטמאכר ג'.אמ.בי.הי,,לחם שיפון פומפרניקל,גרמים,500.00,100 גרם,false,1,14.90,2.98,true,1,
7290003060078,false,"קמח שיפון מלא רמילוי 1 ק""ג",טחנות ישראליות,IL,"קמח שיפון מלא 1 ק""ג",גרמים,1000.00,100 גרם,false,1,4.20,0.42,true,1,
7290003072811,false,נקניקיות בראטוורסט מבשר בקר והודו,טיב טירת צבי 2000,IL,נקניקיות בראטוורסט 3,גרמים,320.00,100 גרם,false,1,18.90,5.91,true,1,
7290003072835,false,נקניקיות קנאקוורסט טירת צבי 320 גרם,טיב טירת צבי 2000,IL,נקניקיות קנאקוורסט 3,גרמים,320.00,100 גרם,false,1,18.90,5.91,true,1,
7290003072965,false,קבנוס חריף מעושן טירת צבי 120 גרם,טיב טירת צבי 2000,,קבנוס חריף מעושן טיר,גרמים,120.00,100 גרם,false,1,11.90,9.92,true,1,
7290003072972,false,קבנוס בתיבול מעושן טירת צבי 120 גרם,טיב טירת צבי 2000,,קבנוס בתיבול מעושן ט,גרמים,120.00,100 גרם,false,1,11.90,9.92,true,1,
7290003094127,false,קוויאר פחיות צארסקיה,א.ר.ד.י.ו,,ביצי דג אילתית 190 ג,גרמים,190.00,100 גרם,false,1,73.50,38.68,true,1,
7290003094400,false,קוויאר אדום 140 גרם,א.ר.ד.י.ו,,קוויאר פחיות 140 גר,Unknown,0.00,Unknown,false,1,44.90,44.90,true,1,
7290003208586,false,"וורמוט מרטיני לבן 750 מ""ל",מרטיני ורוסי,,וורמוט מרטיני לבן 75,Unknown,0.00,Unknown,false,1,47.90,47.90,true,1,
7290003208715,false,"וורמוט מרטיני רוסטו 750 מ""ל",,,וורמוט מרטיני רוסטו,Unknown,0.00,Unknown,false,1,47.90,47.90,true,1,
7290003224142,false,"בלינצ'ס תפ""א ופטריות 7 יחידות",מאמא מרי,,"בלינצס תפו""א ופטריות",Unknown,0.00,Unknown,false,1,18.90,18.90,true,1,
7290003224272,false,"כיסונים בשר מוסקובסקי מאמא מרי 1 ק""ג",מאמא מרי,,כיסונים מוסקובסקי 1,גרמים,1000.00,100 גרם,false,1,26.20,2.62,true,1,
7290003224357,false,קוואס משקה מאלט ביתי,,,קוואס ביתי 2 ליטר,ליטרים,0.00,ליטר,false,1,15.90,15.90,true,1,
7290003224456,false,"כיסונים בשר סיבירסקי מאמא מרי 1 ק""ג",מאמא מרי,,כיסונים בשר סיבירסקי,גרמים,1000.00,100 גרם,false,1,23.70,2.37,true,1,
7290003229109,false,פסטרמה הודו בפפריקה טירת צבי 400 גרם,הנסיך- מפעל לייצור ט,,פסטרמה בפפריקה 400 ג,גרמים,400.00,100 גרם,false,1,25.90,6.48,true,1,
7290003229116,false,פסטרמה הודו בדבש שומן טירת צבי 400 גרם,הנסיך- מפעל לייצור ט,,פסטרמה בדבש 400 גרם,גרמים,400.00,100 גרם,false,1,24.90,6.23,true,1,
7290003229123,false,פסטרמה הודו על גחלים 2% טירת צבי 400 גרם,הנסיך- מפעל לייצור ט,,פסטרמה על גחלים,גרמים,400.00,100 גרם,false,1,24.90,6.23,true,1,
7290003229192,false,נקניק כתף בקר מעושן 2% טירת צבי 400 גרם,טיב טירת צבי 2000,,כתף בקר מעושן 400 גר,גרמים,400.00,100 גרם,false,1,27.90,6.98,true,1,
7290003229215,false,פסטרמה איטלקית 3.5% טירת צבי 360 גרם,טירת צבי - מדף,,פסטרמה איטלקית 360 ג,גרמים,360.00,100 גרם,false,1,29.90,8.31,true,1,
7290003321155,false,יוגורט בר עם פקאן מצופה שוקולד 183 ג' דנונה,"שטראוס בריאות בע""\מ",,דנונה בר פקאן 183 גר,גרמים,183.00,100 גרם,false,1,4.30,2.35,true,1,
7290003423909,false,חטיף הרשי קוקיס קרם לבן 43 גרם,ליימן מותגים,,חטיף הרשי קוקיס קרם,Unknown,0.00,Unknown,false,1,5.20,5.20,true,1,
7290003434664,false,ביס בר דגנים מלאים בשוקולד 120 גרם,תות ממתקי איכות,IL,ביס בר דגנים מלאים ב,גרמים,120.00,100 גרם,false,1,14.90,12.42,true,1,
7290003434725,false,מיני בר תמרים קשיו וחמוציות 120 גרם,,IL,מיני בר תמרים קשיו ו,גרמים,120.00,100 גרם,false,1,14.90,12.42,true,1,
7290003450602,false,חרדל אמיתי צהוב בקבוק לחיץ 255 גר,היינץ צפון אמריקה מקבוצת ה.י.היינץ,,ממרח חרדל צהוב היינץ,גרמים,255.00,100 גרם,false,1,8.90,3.49,true,1,
7290003578108,false,חתיכות אננס בסירופ קל וילי פוד 850 גרם,קריות זול,TH,חתיכות אננס בסירופ ק,גרמים,850.00,100 גרם,false,1,9.90,1.16,true,1,
7290003578177,false,תירס צעיר שלם וילי פוד 210 גרם,מגסטיק פוד אידסטרי ק,,תירס גמדי צעיר שלם 4,גרמים,410.00,100 גרם,false,1,6.90,1.68,true,1,
7290003610129,false,בשר טחון טרי לקבב/המבורגר,,,בשר טחון טרי,Unknown,0.00,"ק""ג",true,0,39.90,39.90,true,1,
7290003643004,false,"סוגת אורז בסמטי קלאסי 1 ק""ג",האי נאם סי או אל.טי.,,"אורז בסמטי 1 ק""ג",גרמים,1000.00,100 גרם,false,1,12.90,1.29,true,1,
7290003643134,false,סוכר וניל סוגת 100 גרם מארז 10 יחידות,גוד פוד פרודקטס S.p,,סוכר וניל 10*10 גרם,גרמים,100.00,100 גרם,false,1,3.00,3.00,true,1,
7290003643172,false,אבקת סוכר סוגת 100 גרם,א.ל ייצור ושיווק תבל,,אבקת סוכר 100 גרם,גרמים,100.00,100 גרם,false,1,2.20,2.20,true,1,
7290003643387,false,"סוכר לבן בצנצנת 1 ק""ג סוגת",האי נאם סי או אל.טי.,,"סוכר לבן בצנצנת 1 ק""",גרמים,1000.00,100 גרם,false,1,7.90,0.79,true,1,
7290003643646,false,"סוכר דמררה קלאסי בצנצנת סוגת 1 ק""ג",האי נאם סי או אל.טי.,,סוכר חום דמררה צנצנת,גרמים,1000.00,100 גרם,false,1,12.50,1.25,true,1,
7290003643684,false,אפונה יבשה סוגת 500 גר',האי נאם סי או אל.טי.,,אפונה 500 גרם,גרמים,500.00,100 גרם,false,1,5.90,1.18,true,1,
7290003643707,false,גריסים סוגת 500 גרם,"סוגת תעשיות בע""מ",,גריסים 500 גרם,גרמים,500.00,100 גרם,false,1,5.20,1.04,true,1,
7290003643745,false,כוסמת 500 גרם סוגת,האי נאם סי או אל.טי.,,כוסמת 500 גרם,גרמים,500.00,100 גרם,false,1,6.50,1.30,true,1,
7290003643752,false,עדשים ירוקים יבש סוגת 500 גר',האי נאם סי או אל.טי.,,עדשים ירוקים 500 גרם,גרמים,500.00,100 גרם,false,1,7.90,1.58,true,1,
7290003643769,false,עדשים אדומים יבש סוגת 500 גר',"סוגת תעשיות בע""\מ",,עדשים אדומים 500 גרם,גרמים,500.00,100 גרם,false,1,8.20,1.64,true,1,
7290003643776,false,"פופקורן גרעינים סוגת 500 ג' כשל""פ",האי נאם סי או אל.טי.,,פופקורן 500 גרם,גרמים,500.00,100 גרם,false,1,5.50,1.10,true,1,
7290003864478,false,סרדינים בשמן צמחי פתח קל ויליפוד 110 גרם,גולדן פרייז קאנינג א,,סרדינים בשמן צמחי 11,גרמים,110.00,100 גרם,false,1,5.20,4.73,true,1,
7290003864485,false,סרדינים ברוטב עגבנ יות ויליפוד 110ג' פתח קל,גולדן פרייז קאנינג א,,סרדינים ברוטב עגבניו,גרמים,110.00,100 גרם,false,1,5.20,4.73,true,1,
7290003864492,false,סרדין בשמן צמחי חריף פתח קל ויליפוד 110 גרם,גולדן פרייז קאנינג א,,סרדינים בשמן צמחי חר,גרמים,110.00,100 גרם,false,1,5.20,4.73,true,1,
7290003882922,false,עלי גפן ממולאים באורז וילי פוד 360 גרם,אף.סי תבליני בגליל ב,,עלי גפן ממולאות באור,גרמים,400.00,100 גרם,false,1,8.90,2.23,true,1,
7290003976713,false,נוזל רצפות פנטזי אנטיבקטריאלי טאצ' 2 ליטר,"סאסאטק אגש""\ח בע""\מ",,נוזל רצפות אנטיבקטרי,Unknown,0.00,Unknown,false,1,18.90,18.90,true,1,
7290004011796,false,קבבונים בקר קפוא אל גאוצ''ו 400ג',"טיבון ויל אחזקות בע""",,קבבונים אל גאוצו 400,גרמים,400.00,100 גרם,false,1,23.90,5.98,true,1,
7290004011819,false,המבורגר ריב אנטריקוט אל גאוצ'ו 360 גרם,האי נאם סי או אל.טי.,,המבורגר ריב אנט 360,גרמים,360.00,100 גרם,false,1,22.90,6.36,true,1,
7290004030445,false,מיץ תפוזים סחוט רכיבים טבעיים 1 ליטר פרי ניב,הנסיך- מפעל לייצור ט,,מיץ תפוזים 1 ליטר,מיליליטרים,1000.00,"100 מ""ל",false,1,14.80,1.48,true,1,
7290004030612,false,"מיץ תפוח, קיווי אגס ללא תוספת סוכר 1 ליטר פרי ניב",הנסיך- מפעל לייצור ט,,מיץ קיווי אגס 90% 1,מיליליטרים,1000.00,"100 מ""ל",false,1,18.90,1.89,true,1,
7290004030834,false,מיץ רימונים סחוט 100% רכיבים טבעיים פרי ניב 1 ליטר,הנסיך- מפעל לייצור ט,,סחוט טרי רימונים 1ל,מיליליטרים,1000.00,"100 מ""ל",false,1,28.90,2.89,true,1,
7290004033736,false,"עננים לחם לבן בסגנון בריוש עם פרוסות עבות, 500 גרם",מאפית י את א ברמן בע,IL,לחם עננים בסגנון ברי,גרמים,750.00,100 גרם,false,1,16.50,2.20,true,1,
7290004050856,false,סלמי מילאנו פרוס 170 גר,ישרקו שיווק מותגי מז,,סלמי מילאנו פרוס 170,גרמים,170.00,100 גרם,false,1,33.90,19.94,true,1,
7290004050863,false,סלמי הרץ פרוס 170 גר,ישרקו שיווק מותגי מז,,סלמי הרץ 170 גר,גרמים,170.00,100 גרם,false,1,32.90,19.35,true,1,
7290004050870,false,שינקן פולני פרוס 200 גר,,,שינקן פולני פרוס 200,גרמים,200.00,100 גרם,false,1,32.90,16.45,true,1,
7290004050948,false,נקניק סלמי כפרית פרו,ישרקו שיווק מותגי מז,,סלמי כפרית פרוס 170,גרמים,170.00,100 גרם,false,1,34.90,20.53,true,1,
7290004050955,false,פטה כבד עוף 170 גר י,ישרקו שיווק מותגי מז,,פטה כבד עוף 170 גר,גרמים,170.00,100 גרם,false,1,16.90,9.94,true,1,
7290004051044,false,סלמי הונגרי פרוס 170גר,ישרקו שיווק מותגי מז,,סלמי הונגרי פרוס 170,גרמים,170.00,100 גרם,false,1,34.90,20.53,true,1,
7290004051068,false,שינקן מעושן פרוס 200 גר,,,שינקן מעושן פרוס 200,גרמים,200.00,100 גרם,false,1,31.90,15.95,true,1,
7290004051136,false,סלמי צרפתי פרוס 170 גר,ישרקו שיווק מותגי מז,,סלמי צרפתי פרוס,גרמים,170.00,100 גרם,false,1,34.90,20.53,true,1,
7290004051150,false,נקניק סלמי רו סרוולט,ישרקו שיווק מותגי מז,,סלמי רו סרוולט 170 ג,גרמים,170.00,100 גרם,false,1,34.90,20.53,true,1,
7290004051365,false,נקניק סלמי קרפצו 120,ישרקו שיווק מותגי מז,,קרפצו 120 גר,גרמים,120.00,100 גרם,false,1,35.90,29.92,true,1,
7290004051419,false,ממרח כבד מיני 220 גר,ישרקו שיווק מותגי מז,,ממרח כבד מיני 220 גר,גרמים,220.00,100 גרם,false,1,18.90,8.59,true,1,
7290004052041,false,קבנוס קלאסי יחידה,ישרקו שיווק מותגי מז,,קבנוס קלאסי 210 גר,גרמים,210.00,100 גרם,false,1,29.90,14.24,true,1,
7290004052317,false,נקניק סלמי פפרוני פר,ישרקו שיווק מותגי מז,,סלמי פפרוני 170 גר,גרמים,170.00,100 גרם,false,1,34.90,20.53,true,1,
7290004053192,false,נקניקיות עגל בוואקום,,,נקניקיות עגל 600 גר,גרמים,600.00,100 גרם,false,1,29.90,4.98,true,1,
7290004053888,false,רוסטביף 200 גר,,,רוסטביף 200 גר,גרמים,200.00,100 גרם,false,1,49.90,24.95,true,1,
7290004054236,false,גיוזה עוף 320 גרם,,,גיוזה עוף 320 גר,גרמים,320.00,100 גרם,false,1,35.90,11.22,true,1,
7290004054267,false,נקניקיות פרנקפורטר 900 גר,ישרקו שיווק מותגי מז,,נקניקיות פרנקפורטר,גרמים,900.00,100 גרם,false,1,54.90,6.10,true,1,
7290004054649,false,מיני מוסקובסקיה 300 גרם,ישרקו שיווק מותגי מז,,מיני מוסקובסקיה 300,גרמים,300.00,100 גרם,false,1,37.90,12.63,true,1,
7290004054885,false,נקניקיות איטלקיות עם גבינה 400 גר,ישרקו שיווק מותגי מז,,נקניקיות איטלקיות עם,גרמים,400.00,100 גרם,false,1,28.90,7.23,true,1,
7290004055271,false,פניני קבנוס רו 160 ג,,,פניני קבנוס 150 גר,גרמים,150.00,100 גרם,false,1,32.90,21.93,true,1,
7290004055745,false,נקניקיות סליווצניה 600 גר,,,נקניקיות סליווצניה,גרמים,600.00,100 גרם,false,1,32.90,5.48,true,1,
7290004063016,false,"מלח שולחן דק סלית 1 ק""ג בדץ",האי נאם סי או אל.טי.,,"מלח דק 1 ק""ג",גרמים,1000.00,100 גרם,false,1,2.07,0.21,true,1,
7290004063115,false,"מלח מטבח עבה להמלחת בשר ובישול 1 ק""ג 1ק""ג",האי נאם סי או אל.טי.,,"מלח מטבח גס 1 ק""ג",גרמים,1000.00,100 גרם,false,1,2.07,0.21,true,1,
7290004064181,false,"תבלין מלח ההימלאיה גס בצנצנת 1 ק""ג","חברת מלח הארץ אילת בע""\מ",,מלח הימלאיה גס בצנצנ,גרמים,1000.00,100 גרם,false,1,19.80,1.98,true,1,
7290004119225,false,יוגורט יופלה אננס 3% שומן 150 גרם,תנובה מרכז שיתופי לש,,יופלה אננס 3% 150 גר,גרמים,150.00,100 גרם,false,1,5.00,3.33,true,1,
7290004120108,false,יוגורט יופלה דיאט דובדבן 0% שומן 150גרם,תנובה מרכז שיתופי לש,,דיאט יופלה דובדבן 15,גרמים,150.00,100 גרם,false,1,5.00,3.33,true,1,
7290004120573,false,גבינה בולגרית פיראוס 16% 250 גרם,תנובה מרכז שיתופי לש,,גבינה בולגרית פיראוס,גרמים,250.00,100 גרם,false,1,23.70,9.48,true,1,
7290004120634,false,גבינה בולגרית 5% פיראוס 250 גרם,תנובה מרכז שיתופי לש,,גבינה פיראוס בולגרית,גרמים,250.00,100 גרם,false,1,21.90,8.76,true,1,
7290004121488,false,יופלה דיאט אפרסק 0% גביע 150 גרם,תנובה מרכז שיתופי לש,,דיאט יופלה אפרסק 150,מיליליטרים,150.00,"100 מ""ל",false,1,5.00,3.33,true,1,
7290004121853,false,גבינה בולגרית 5% קוביות פיראוס 200 גרם,תנובה מרכז שיתופי לש,,גבינה בולגרית פיראוס,גרמים,200.00,100 גרם,false,1,21.50,10.75,true,1,
7290004122119,false,פתיתי פרמזן לפסטה 23% השף הלבן 100 גרם,פ.פ.ח. שאביט,IL,פתיתי פרמזן לפסטה הש,גרמים,220.00,100 גרם,false,1,12.20,5.55,true,1,
7290004122195,false,גוש חלב גבינה צהובה פרוסה 28% תנובה 200 גרם,תנובה חלב,,גבינה צהובה גוש חלב,גרמים,200.00,100 גרם,false,1,12.70,6.35,true,1,
7290004122270,false,עמק קלאסית פרוסות גבינה חצי קשה 28% 200 גרם,תנובה מרכז שיתופי לש,,גבינה עמק פרוס בקופס,גרמים,200.00,100 גרם,false,1,14.90,7.45,true,1,
7290004122348,false,גבינת עמק לייט פרוס בקופסא 200 גרם,תנובה מרכז שיתופי לש,,גבינת עמק לייט פרוס,גרמים,200.00,100 גרם,false,1,16.30,8.15,true,1,
7290004122683,false,עמק חטיף אצבעות גבינה חצי קשה 28% שומן,תנובה מרכז שיתופי לש,,אצבעות עמק 172 גר,גרמים,172.00,100 גרם,false,1,16.40,9.53,true,1,
7290004124205,false,יופלה דיאט יוגורט תות %0 גביע 150 גרם,תנובה מרכז שיתופי לש,,דיאט יופלה תות 150 ג,גרמים,150.00,100 גרם,false,1,5.00,3.33,true,1,
7290004125370,false,"שמנת חמוצה 9% מופחתת שומן תנובה 200 מ""ל מהדרין",תנובה מרכז שיתופי לש,,שמנת חמוצה מופחתת שו,מיליליטרים,200.00,"100 מ""ל",false,1,3.30,1.65,true,1,
7290004125400,false,"אשל שלי מהדרין 200 מ""ל 4.5% ""תנובה""- מוצר בפיקוח",פארייפאבה אגרואינדוס,,"שלי אשל 200 מ""ל",מיליליטרים,200.00,"100 מ""ל",false,1,1.69,0.85,true,1,
7290004125417,false,"גיל 3% שלי 200 מ""ל ""תנובה"" -מוצר בפיקוח",תנובה מרכז שיתופי לש,,"שלי גיל 200 מ""ל",מיליליטרים,200.00,"100 מ""ל",false,1,1.50,0.75,true,1,
7290004125455,false,"שמנת חמוצה 200 מ""ל 15% ""תנובה"" -מוצר בפיקוח",תנובה מרכז שיתופי לש,,שמנת חמוצה 15% 200 מ,גרמים,200.00,100 גרם,false,1,2.40,1.20,true,1,
7290004125462,false,"שמנת חמוצה 15% תנובה 500 מ""ל מהדרין",תנובה מרכז שיתופי לש,,שמנת חמוצה 15% 500 מ,מיליליטרים,500.00,"100 מ""ל",false,1,6.00,1.20,true,1,
7290004125578,false,משקה סויה מעושר בסידן תנובה 1ל',תנובה מרכז שיתופי לש,,משקה סויה מועשר 1 לי,מיליליטרים,1000.00,"100 מ""ל",false,1,10.90,1.09,true,1,
7290004125585,false,משקה סויה בטעם וניל תנובה 1 ליטר,תנובה מרכז שיתופי לש,,משקה סויה על הבוקר 1,מיליליטרים,1000.00,"100 מ""ל",false,1,10.90,1.09,true,1,
7290004125721,false,"השף הלבן שמנת עמידה לבישול 15% תנובה 250 מ""ל",תנובה מרכז שיתופי לש,,שמנת לבישול 15% השף,גרמים,250.00,100 גרם,false,1,7.90,3.16,true,1,
7290004125738,false,שמנת מתוקה להקצפה32% 250מל עמיד השף הלבן,תנובה מרכז שיתופי לש,,שמנת מתוקה להקצפה 32,גרמים,250.00,100 גרם,false,1,6.00,2.40,true,1,
7290004125776,false,גבינה צהובה עמק 28% 400 גרם בקופסא,תנובה חלב,,עמק פרוס בקופסה 400ג,גרמים,400.00,100 גרם,false,1,27.90,6.98,true,1,
7290004127077,false,קוטג תנובה 3% גביע 250 גרם מהדרין,מיוצר עי קונדיטוריית,,קוטג 3% 250 גרם,גרמים,250.00,100 גרם,false,1,5.40,2.16,true,1,
7290004127329,false,קוטג תנובה גביע 250 גרם %5 ו.מהדרין,מיוצר עי קונדיטוריית,,גבינת קוטג 5% 250 גר,גרמים,250.00,100 גרם,false,1,5.50,2.20,true,1,
7290004127336,false,קוטג תנובה גביע 250 גרם %9 ו.מהדרין,מיוצר עי קונדיטוריית,,גבינת קוטג 9% 250 גר,גרמים,250.00,100 גרם,false,1,5.50,2.20,true,1,
7290004129101,false,גבינת שמנת 25% בטעם טבעי 225 ג' נפוליאון,תנובה מרכז שיתופי לש,,נפוליאון טבעי 225 גר,גרמים,225.00,100 גרם,false,1,10.00,4.44,true,1,
7290004129118,false,גבינת שמנת 24% עם זיתים ירוקים 225 ג' נפוליאון,מחלבת אלון תבור,,נפוליאון זיתים 225 ג,גרמים,225.00,100 גרם,false,1,10.00,4.44,true,1,
7290004130794,false,משקה סויה במתיקות מופחתת תנובה 1 ליטר,תנובה מרכז שיתופי לש,,משקה סויה טבעי מתיקו,מיליליטרים,1000.00,"100 מ""ל",false,1,9.50,0.95,true,1,
7290004130916,false,יוגורט יופלה פירות יער בשמנת 3% 150 גרם,תנובה מרכז שיתופי לש,,יופלה פירות יער בשמנ,גרמים,150.00,100 גרם,false,1,5.00,3.33,true,1,
7290004131074,false,"חלב 1 ליטר 3% קרטון ""תנובה""- מוצר בפיקוח",תנובה מרכז שיתופי לש,,חלב קרטון+פקק 3% תנו,מיליליטרים,1000.00,"100 מ""ל",false,1,6.23,0.62,true,1,
7290004132552,false,משקה סויה בטעם טבעי לייט תנובה 1 ליטר,תנובה מרכז שיתופי לש,,דיאט סויה טבעי 1 ליט,מיליליטרים,1000.00,"100 מ""ל",false,1,10.90,1.09,true,1,
7290004132712,false,חטיף אצבעות גבינת מוצרלה 20% 172 ג' עמק,תנובה מרכז שיתופי לש,,אצבעות מוצרלה 172 גר,גרמים,172.00,100 גרם,false,1,15.50,9.01,true,1,
7290004137021,false,"שמנת עמידה לבישול מופחת שומן 10% השף הלבן 250 מ""ל",תנובה מרכז שיתופי לש,,שמנת לבישול 10%-השף,גרמים,250.00,100 גרם,false,1,7.90,3.16,true,1,
7290004584306,false,רבעיית גמדים בטעם תות בננה * 100 ג' שטראוס,מיוצר עי קונדיטוריית,,גמדים סופר תות -בננה,גרמים,200.00,100 גרם,false,1,10.00,5.00,true,1,
7290004584528,false,יוגורט דנונה ביו לבן 1.7% שומן 200 גרם,מיוצר עי קונדיטוריית,,יוגורט דנונה ביו טבע,גרמים,200.00,100 גרם,false,1,3.50,1.75,true,1,
7290004585907,false,דני ועדן וניל 1.5% 125ג' שטראוס,מיוצר עי קונדיטוריית,,"מעדן דני וניל 125 מ""",מיליליטרים,125.00,"100 מ""ל",false,1,2.80,2.24,true,1,
7290004685010,false,לחם 100% שיפון פלוס לחם הארץ 500 גר',מאפית י את א ברמן בע,IL,לחם 100% שיפון מקמח,גרמים,500.00,100 גרם,false,1,16.50,3.30,true,1,
7290004685089,false,לחם הארץ לחם חמניות 500 גר',מאפית י את א ברמן בע,,לחם חמניות 500 גרם,גרמים,500.00,100 גרם,false,1,16.50,3.30,true,1,
7290004685157,false,לחם שיפון 100% 750 גרם לחם הארץ,מאפית י את א ברמן בע,,לחם שיפון 100%,גרמים,750.00,100 גרם,false,1,16.50,2.20,true,1,
7290004685195,false,לחם 10 דגנים לחם הארץ 750 גרם,מאפית י את א ברמן בע,,לחם 10 דגנים,גרמים,750.00,100 גרם,false,1,16.50,2.20,true,1,
7290004685430,false,לחם הארץ כוסמין 100% 500 גרם,מאפית י את א ברמן בע,,לחם כוסמין 100% 500,גרמים,500.00,100 גרם,false,1,16.50,3.30,true,1,
7290004685447,false,לחמניות כוסמין 6 בשקית 450 גרם,מאפית ברמן מקבוצת י. את,IL,שישיית לחמניות כוסמי,Unknown,0.00,Unknown,false,1,15.50,15.50,true,1,
7290004685454,false,לחם שיבולת שועל 500 גר'.,מאפית י את א ברמן בע,IL,לחם שיבולת שועל,גרמים,500.00,100 גרם,false,1,16.50,3.30,true,1,
7290004737900,false,חלב כחוש מרוכז וממותק בתוספת שמן צמחי ויליפוד 397 גרם,יו.איי.בי מאריג'אמפו,LT,חלב מרוכז ממותק וילי,גרמים,397.00,100 גרם,false,1,10.90,2.75,true,1,
7290005020162,false,וויסקי סקוטי בלנטייס פיינסט 700 מל,פרנו,,וויסקי בלנטיינס 700,מיליליטרים,700.00,"100 מ""ל",false,1,79.90,11.41,true,1,
7290005084355,false,"סנסודיין - משחת שיניים דואל קר זהב 75 מ""ל",גלקסו סמית קליין,,משחת שיניים סנסודיי,גרמים,75.00,100 גרם,false,1,21.90,29.20,true,1,
7290005095573,false,מצית קליפר,,,מצת קליפר,Unknown,0.00,Unknown,false,1,6.70,6.70,true,1,
7290005095801,false,רוטב עמבה עם פרי 500,,,"עמבה 500 גרם ""תמר""",גרמים,500.00,100 גרם,false,1,13.50,2.70,true,1,
7290005175589,false,"קמח תירס ללא גלוטן וילי פוד 1 ק""ג",קריות זול,,"קמח תירס תירס 1 ק""ג",גרמים,1000.00,100 גרם,false,1,9.90,0.99,true,1,
7290005197758,false,"עוגיות חיוכים שוקולד עלית 150 גרם בד""צ",אפיפית נצרת תעשיות ב,,חיוכים שוקו 150 גרם,גרמים,150.00,100 גרם,false,1,6.50,4.33,true,1,
7290005200786,false,תפוצ'יפס בטעם שמנת בצל עלית 50 גרם,"שטראוס פריטו ליי בע""\מ )",,תפוציפס שמנת ובצל 50,גרמים,50.00,100 גרם,false,1,3.90,7.80,true,1,
7290005201882,false,קפה טורקי בצלופן עלית 200 גרם,הנסיך- מפעל לייצור ט,IL,קפה טורקי עלית 200 ג,גרמים,200.00,100 גרם,false,1,15.90,7.95,true,1,
7290005287206,false,רביעיית טונה בשמן סטארקיסט 160 גרם,"סטארקיסט פודור בע""מ",,טונה סטארקיסט בשמן ר,גרמים,640.00,100 גרם,false,1,23.90,3.73,true,1,
7290005287251,false,רביעיית טונה במים סטארקיסט 160 גרם,"איטיליאן פוד, אס.פי.",,טונה סטארקיסט במים ר,גרמים,640.00,100 גרם,false,1,23.90,3.73,true,1,
7290005287527,false,"סטארקיסט טונה בשמן עם לימון 160 גרם בד""צ","סטארקיסט פודור בע""מ",,טונה בשמן עם לימון 1,גרמים,160.00,100 גרם,false,1,8.90,5.56,true,1,
7290005326585,false,ממרח אוליביה פסטו בזיליקום 180 ג',"אוליביה גורמה בע""מ",IL,פסטו בזיליקום אוליבי,גרמים,180.00,100 גרם,false,1,15.60,8.67,true,1,
7290005425646,false,קליר נוזל לניקוי חלונות רב תכליתי סנו 1 ליטר,"סנו מפעלי ברונוס בע""\מ",,סנוקליר אקדח 1 ליטר,מיליליטרים,1000.00,"100 מ""ל",false,1,9.90,0.99,true,1,
7290005559907,false,פיצה משפחתית 100% גבינה מעדנות 500 גרם,מיוצר עי קונדיטוריית,,פיצה משפחתית גבינה,גרמים,500.00,100 גרם,false,1,23.90,4.78,true,1,
7290005559914,false,פיצה משפחתית עם 100% גבינה בתוספת זיתים מעדנות 550 גרם,מיוצר עי קונדיטוריית,,פיצה משפחתית זיתים מ,גרמים,550.00,100 גרם,false,1,21.90,3.98,true,1,
7290005571022,false,צלי כתף טרי,,,צלי כתף טרי,Unknown,0.00,"ק""ג",true,0,89.90,89.90,true,1,
7290005571046,false,כתף בקר מרכזי טרי,,,כתף בקר מרכזי טרי,Unknown,0.00,"ק""ג",true,0,69.90,69.90,true,1,
7290005571596,false,סינטה פילה עגלה קוד קניה,,,סינטה פילה עגלה קוד,Unknown,0.00,"ק""ג",true,0,99.90,99.90,true,1,
7290005571909,false,אנטריקוט עגל טרי ללא עצם,,,אנטריקוט עגל טרי,Unknown,0.00,"ק""ג",true,0,149.90,149.90,true,1,
7290005591761,false,דבש טהור מפרחי בר בלחיץ 400 ג' יד מרדכי,מכוורת יד מרדכי שטרא,,דבש טהור לחיץ פרחי ב,גרמים,400.00,100 גרם,false,1,19.90,4.98,true,1,
7290005651427,false,"בונזו מזון לכלבים מולטיפק 1.2 ק""ג מארז 3 יחידות",קריות זול,,בונזו מולטיפק 3*400,גרמים,400.00,100 גרם,false,1,17.90,4.48,true,1,
7290005838002,false,מעדן גבינה ויוגורט בטעם וניל 88 ג' דניאלה,"שטראוס בריאות בע""מ",,דניאלה וניל 100 גרם,גרמים,88.00,100 גרם,false,1,3.90,4.43,true,1,
7290005839313,false,"מילקי טופ מגולגלת שטראוס 170 מ""ל",מיוצר עי קונדיטוריית,,מילקי טופ מגולגלת 13,גרמים,130.00,100 גרם,false,1,4.50,3.46,true,1,
7290005896620,false,סאן בנדטו - מוגז עדין - 1.5 ליטר,אקווה מינרלה סאן בנד,,מים סאן בנדטו 1.5 ל,ליטרים,0.00,ליטר,false,1,3.50,3.50,true,1,
7290005896637,false,סאן בנדטו - מים מינרלים טבעיים מהאלפים 1.5 ליטר,אקווה מינרלה סאן בנדטו ב,IL,מים סאן בנדיטו 1.5 ל,ליטרים,0.00,ליטר,false,1,4.20,4.20,true,1,
7290005992575,false,גבינה בולגרית למריחה 5% גד 250 גרם,מחלבות גד בעמ,,בולגרית למריחה 250 ג,גרמים,250.00,100 גרם,false,1,15.90,6.36,true,1,
7290006189028,false,מיני פריזר עגל 480 גרם,,IL,מיני פריזר עגל 480 ג,גרמים,480.00,100 גרם,false,1,21.90,4.56,true,1,
7290006189358,false,סטייק אנטריקוט מוצר בשר מעובד מופשר,,,אנטריקוט מעובד מופשר,Unknown,0.00,"ק""ג",true,0,99.90,99.90,true,1,
7290006190765,false,גבינת גרוייר רזרב שוויצרי במשקל,,,גבינת גרוייר רזרב,Unknown,0.00,"ק""ג",true,0,209.00,209.00,true,1,
7290006200044,false,ברי פסטוק במשקל,,,ברי פסטוק במשקל,Unknown,0.00,"ק""ג",true,0,157.00,157.00,true,1,
7290006251275,false,תה ירוק סיני קלאסי ויסוצקי 25 יחידות,תה ויסוצקי,,תה ירוק סיני 25 שקיק,Unknown,0.00,Unknown,false,1,24.90,24.90,true,1,
7290006265500,false,פטריות שמפיניון ארוז מרינה,"מרינה פטריות הגליל בע""מ",,פטריות שמפיניון ארוז,Unknown,0.00,Unknown,false,1,11.90,11.90,true,1,
7290006272072,false,חטיפי פיצה גבינה מעדנות 650 גרם,"מעדנות בע""\מ",,חטיפי פיצה גבינה,גרמים,650.00,100 גרם,false,1,29.90,4.60,true,1,
7290006272430,false,בצק עלים חמאה מעדנות 600 גרם,מיוצר עי קונדיטוריית,,בצק עלים חמאה מעדנות,גרמים,600.00,100 גרם,false,1,28.60,4.77,true,1,
7290006337016,false,בלינציס עם בשר 800 ג,מפעלי אירנה לבצק ממו,,בלינצס בשר 800 גרם,גרמים,800.00,100 גרם,false,1,36.90,4.61,true,1,
7290006337085,false,ציבורקי 600 גרם,מפעלי אירנה לבצק ממו,,ציבורקי 600 גרם,גרמים,600.00,100 גרם,false,1,32.90,5.48,true,1,
7290006337214,false,צבורצקי מיני 600 גר,מפעלי אירנה לבצק ממו,,צבוצקי 600 גר,גרמים,600.00,100 גרם,false,1,32.90,5.48,true,1,
7290006337313,false,פלמני פירמניה 1 קג,,IL,פירמניה קרפלך בשר,גרמים,1000.00,100 גרם,false,1,29.50,2.95,true,1,
7290006337450,false,כיסוני בשר לבן 1.3 ק,מפעלי אירנה לבצק ממו,,"פלמני לבן 1.3 ק""ג",קילוגרמים,0.00,"ק""ג",false,1,38.90,38.90,true,1,
7290006337467,false,כיסוני בשר דומשניה 1,מפעלי אירנה לבצק ממו,,"פלמני דומשניה 1.3 ק""",קילוגרמים,0.00,"ק""ג",false,1,38.90,38.90,true,1,
7290006337474,false,כיסוני בשר עגל 1.3 ק,מפעלי אירנה לבצק ממו,,"פלמני עגל 1.3 ק""ג",קילוגרמים,0.00,"ק""ג",false,1,38.00,38.00,true,1,
7290006337481,false,כיסוני בשר מאלישוק 6,מפעלי אירנה לבצק ממו,,פלמני מאלשוק 600 גרם,גרמים,600.00,100 גרם,false,1,17.90,2.98,true,1,
7290006342089,false,גרעין שחור 200 גרם ששון הקולה,"דין שיווק וקלייה בע""",,גרעין שחור 200 גרם ש,גרמים,200.00,100 גרם,false,1,6.30,3.15,true,1,
7290006492432,false,גבינת מוצרלה בייבי 18% גד 150 גרם,מחלבות גד בעמ,,מוצרלה בייבי 150 גרם,גרמים,170.00,100 גרם,false,1,13.90,8.18,true,1,
7290006492616,false,גבינה בולגרית מעודנת פרוסות 5% גד 250 גרם,DSH עבור מחלבות גד ב,,בולגרית בפרוסות 5% 2,גרמים,250.00,100 גרם,false,1,25.90,10.36,true,1,
7290006492852,false,גבינת עיזים למריחה 5% שומן 250 ג' גד,קריות זול,,גבינה לבנה עיזים 250,גרמים,250.00,100 גרם,false,1,15.90,6.36,true,1,
7290006494917,false,טוסו וופל קלאסי במילוי שוקולד 200 גרם,"איטיליאן פוד, אס.פי.",,טוסו וופל קלאסי במיל,גרמים,180.00,100 גרם,false,1,10.90,6.06,true,1,
7290006520500,false,שוקיים עוף טרי,,,שוקיים עוף טרי,Unknown,0.00,"ק""ג",true,0,27.90,27.90,true,1,
7290006567048,false,פתיתי קוסקוס ישראלי אסם 350 גרם,"מיוצר ע""י קוד יצרן K",,פתיתי קוסקוס ישראלי,גרמים,350.00,100 גרם,false,1,8.30,2.37,true,1,
7290006653819,false,פתיתי קוסקוס דק 350 גרם,"מיוצר ע""י קוד יצרן K",,פתיתי קוסקוס דק 350,גרמים,350.00,100 גרם,false,1,8.30,2.37,true,1,
7290006664037,false,גמדים דגנים ארוחת בוקר מארז 100X4ג',"שטראוס בריאות בע""\מ",,גמדים ארוחת בוקר,גרמים,200.00,100 גרם,false,1,10.00,5.00,true,1,
7290006664532,false,יוגורט עם תות 3% שומן 150 ג' דנונה,מיוצר עי קונדיטוריית,,דנונה תות 3% 150 גר,גרמים,180.00,100 גרם,false,1,4.30,2.39,true,1,
7290006664655,false,"אקטימל לבן טבעי מארז 100X8 מ""ל",מיוצר עי קונדיטוריית,,אקטימל טבעי שמינייה,מיליליטרים,800.00,"100 מ""ל",false,1,19.90,2.49,true,1,
7290006681553,false,קרמבו בטעם וניל שטראוס 8 יחידות,"גלידת שטראוס בע""\מ",,שטראוס קרמבו וניל 8,Unknown,0.00,Unknown,false,1,13.90,13.90,true,1,
7290006681560,false,קרמבו בטעם מוקה שטראוס 8 יחידות,"גלידת שטראוס בע""\מ",,שטראוס קרמבו מוקה 8,Unknown,0.00,Unknown,false,1,13.90,13.90,true,1,
7290006704221,false,פטריות פורטובלו,Unknown,,פטריות פורטובלו,Unknown,0.00,Unknown,false,1,14.90,14.90,true,1,
7290006705594,false,נתחי סורימי 200 גרם,,,נתחי סורימי 200 גרם,גרמים,200.00,100 גרם,false,1,5.20,2.60,true,1,
7290006719058,false,חלה מרובעת ודש,,,חלה רגילה,גרמים,500.00,100 גרם,false,1,5.17,1.03,true,1,
7290006764072,false,"בירה גולדסטאר בקבוק 500 מ""ל חוזר","טמפו משקאות בע""\מ",,"בירה גולדסטאר 500 מ""",מיליליטרים,500.00,"100 מ""ל",false,1,7.20,1.44,true,1,
7290006833822,false,נקניקיות עוף 600 גר מזרע,,,נקניקיות עוף 600 גר,גרמים,600.00,100 גרם,false,1,22.90,3.82,true,1,
7290006834539,false,גבינת קומבוזולה גרמנית במשקל,,,גבינת קומבוזולה,Unknown,0.00,"ק""ג",true,0,194.00,194.00,true,1,
7290006835321,false,קבנוס עגל מארז 250 ג,,,קבנוס עגל 250 גר,גרמים,250.00,100 גרם,false,1,22.90,9.16,true,1,
7290006855183,false,ברבריא חטיף תמרים שומשום אגוז מלך 30*4,טבעית מוצרים מן הטבע,,ברבריא חטיף תמרים שו,גרמים,120.00,100 גרם,false,1,17.90,14.92,true,1,
7290006855244,false,ברבריא חטיף אגוזים שקדים וצימוקים 30*4,טבעית מוצרים מן הטבע בעמ,,ברבריא חטיף אגוזים ש,גרמים,120.00,100 גרם,false,1,17.90,14.92,true,1,
7290006855251,false,ברבריא חטיף קשיו חמוציות וסילאן 120 גרם,טבעית מוצרים מן הטבע בעמ,,ברבריא חטיף קשיו אגו,גרמים,120.00,100 גרם,false,1,17.90,14.92,true,1,
7290006899354,false,סרמוני תה - 20 פרחי קמומיל - קופסת פירמידה,תה סרמוני בעמ,,תה סרמוני קמומיל 20,Unknown,0.00,Unknown,false,1,18.90,18.90,true,1,
7290006960429,false,"מאמא מרי כרוב בולגרי 1 ק""ג",מאמא מרי,,כרוב בולגרי 1 קג,קילוגרמים,0.00,"ק""ג",false,1,20.90,20.90,true,1,
7290006983770,false,עוגת הבית שיש אסם 400 גרם,מיוצר עי קונדיטוריית,,עוגת שיש 400 גרם,גרמים,400.00,100 גרם,false,1,12.50,3.13,true,1,
7290006983794,false,עוגת הבית בטעם תפוז אסם 400 גרם,מיוצר עי קונדיטוריית,,עוגת תפוז 400 גרם,גרמים,400.00,100 גרם,false,1,12.50,3.13,true,1,
7290008101318,false,קריספ פירורי לחם זהוב 300 גרם מיימונס,א.ל ייצור ושיווק תבל,IL,פירורי לחם קריספ זהו,Unknown,0.00,Unknown,false,0,6.90,6.90,true,1,
7290008154222,false,עוף טוב שניצלונים 700 גרם,"מוצרי עוף טוב (2001) בע""",,שניצלונים עוף טוב 70,גרמים,700.00,100 גרם,false,1,22.90,3.27,true,1,
7290008175210,false,גבינת פרמזן מגורדת 90ג' ויליפוד,זנטי אס.איי.,,פרמזן מגורדת 90 גר,Unknown,0.00,Unknown,false,1,15.90,15.90,true,1,
7290008333115,false,אבקת ג'לטין טהור נטו 28 גרם,מאיר עזרא ובניו,,גלטין 28 גר,גרמים,28.00,100 גרם,false,1,11.40,40.71,true,1,
7290008347211,false,אצבעות דג מצופות דלידג 700 גרם,אף.סי תבליני בגליל ב,,אצבעות דג 700 גרם,גרמים,700.00,100 גרם,false,1,29.50,4.21,true,1,
7290008403191,false,גבינת קשקבל בשלה במשקל,לקטיס סאן וינשנטה,,גבינת קשקבל בשלה,Unknown,0.00,"ק""ג",true,0,115.00,115.00,true,1,
7290008409216,false,מאמא עוף קפוא שניצל דק פריך 700 גרם,תנובה גליל,,שניצל דק דק פריך 700,גרמים,700.00,100 גרם,false,1,39.90,5.70,true,1,
7290008409582,false,שניצל עוף אמיתי בציפוי ביתי מאמא עוף 700 גרם,תנובה גליל שותפות מוגבלת,,שניצל עוף אמיתי ביתי,גרמים,700.00,100 גרם,false,1,39.90,5.70,true,1,
7290008425704,false,נקטר שזיף 1 ליטר אורגני,,,נקטר שזיף 1 ליטר אור,מיליליטרים,1000.00,"100 מ""ל",false,1,25.90,2.59,true,1,
7290008437011,false,שריר טרי,,,שריר בקר טרי,Unknown,0.00,"ק""ג",true,0,49.90,49.90,true,1,
7290008461221,false,סרדינים רוברט בשמן חמניות 115 גרם,קונסוורס,,סרדין רוברט בשמן חמנ,גרמים,120.00,100 גרם,false,1,7.90,6.58,true,1,
7290008462204,false,חרדל דיז'ון מקורי נטו מאי 380 גרם,יוליניבר,,חרדל דיזון מקורי 380,גרמים,380.00,100 גרם,false,1,12.90,3.39,true,1,
7290008464024,false,"בירה גולדסטאר Unfiltered, בירה לא מסוננת, פחית 500 מ""ל","טמפו משקאות בע""מ",,בירה גולדסטאר לא מסו,מיליליטרים,500.00,"100 מ""ל",false,1,8.90,1.78,true,1,
7290008464130,false,"בירה גולדסטאר Unfiltered, בירה לא מסוננת, מארז שישייה, בקבוק 330 מ""ל",טמפו,,שישיית בירה גולדסטאר,מיליליטרים,1980.00,"100 מ""ל",false,1,32.90,1.66,true,1,
7290008464222,false,"בירה מכבי 7.9%, בירה חזקה, פחית 500 מ""ל","טמפו משקאות בע""\מ",,בירה מכבי 7.9% פחית,מיליליטרים,500.00,"100 מ""ל",false,1,7.50,1.50,true,1,
7290008464468,false,"בירה גולדסטאר, פחית 500 מ""ל",פארייפאבה אגרואינדוס,,"גולדסטאר פחית 500 מ""",מיליליטרים,500.00,"100 מ""ל",false,1,8.50,1.70,true,1,
7290008464604,false,"בירה הייניקן פחית 500 מ""ל",טמפו משקאות בע''מ,,"היינקן פחית 500 מ""ל",מיליליטרים,500.00,"100 מ""ל",false,1,9.90,1.98,true,1,
7290008464673,false,"בירה גולדסטאר SLOWBREW פחית 10%, 500 מ""ל","טמפו משקאות בע""\מ",IL,בירה גולדסטאר SLOW B,מיליליטרים,500.00,"100 מ""ל",false,1,9.70,1.94,true,1,
7290008493413,false,פירורי לחם מאיר בייגל פירורי גריסיני 200 גרם,מאיר את ביגל,,פירורי גריסיני מאיר,גרמים,200.00,100 גרם,false,1,5.90,2.95,true,1,
7290008645935,false,חומוס לניגוב 750 ג' אחלה,"שטראוס גרופ בע""\מ",,חומוס אחלה 750 גרם,גרמים,750.00,100 גרם,false,1,9.90,1.32,true,1,
7290008693134,false,מעדן גבינה ויוגורט בטעם תות 5% שומן 88 ג' דניאלה,"שטראוס בריאות בע""מ",,דניאלה תות 88 גרם,גרמים,88.00,100 גרם,false,1,3.90,4.43,true,1,
7290008745239,false,תפוצ'יפס קראנצ' בטעם טבעי עלית 50 גרם,"שטראוס פריטו ליי בע""\מ )",,תפוציפס אקסטרא טבעי,גרמים,50.00,100 גרם,false,1,3.90,7.80,true,1,
7290008747547,false,תפוצ'יפס קראנץ' בטעם טבעי עלית 200 גרם,"שטראוס פריטו ליי בע""\מ )",,תפוציפס קראנץ טבעי 2,גרמים,200.00,100 גרם,false,1,9.90,4.95,true,1,
7290008752244,false,תפוצ'יפס קראנץ' בטעם גריל עלית 50 גרם,"שטראוס פריטו ליי בע""\מ )",IL,תפוציפס קראנצי גריל,גרמים,50.00,100 גרם,false,1,3.90,7.80,true,1,
7290008753111,false,תפוצ'יפס קראנץ' בטעם מקסיקני עלית 50 גרם,"שטראוס פריטו ליי בע""\מ )",,תפוציפס קראנצי מקסיק,גרמים,50.00,100 גרם,false,1,3.90,7.80,true,1,
7290008757980,false,קרטונית ספרינג נקטר רימונים 1 ליטר,יפאורה שותפות מובגלת לשיווק,,קרטונית ספרינג רימונ,מיליליטרים,1000.00,"100 מ""ל",false,1,6.90,0.69,true,1,
7290008776028,false,המבורגר קלאסי קפוא,,,המבורגר קלאסי קפוא,גרמים,300.00,100 גרם,false,0,26.50,8.83,true,1,
7290008776103,false,קוביות לגולש עגל טרי,,,קוביות לגולש עגל טרי,Unknown,0.00,"ק""ג",true,0,69.90,69.90,true,1,
7290008909853,false,"קוקה קולה זירו בקבוק 500 מ""ל.",החברה המרכזית לייצור משקאות,,"קוקה קולה 500 מ""ל Z",מיליליטרים,500.00,"100 מ""ל",false,1,7.50,1.50,true,1,
7290008909884,false,"קוקה קולה זירו 350 מ""ל בקבוק זכוכית",החברה המרכזית לייצור משק,,קוקה קולה ZERO קלאסי,מיליליטרים,350.00,"100 מ""ל",false,1,5.90,1.69,true,1,
7290008961127,false,טושונקה תבשיל בשר בקר 400ג,גוד פוד ג'.א'.ג'י. ב,,טושיונקה בקר רוסית 4,גרמים,400.00,100 גרם,false,1,22.90,5.73,true,1,
7290008961561,false,קווקר 500 גרם,פרוטרי,,קווקר 500 גרם,גרמים,500.00,100 גרם,false,1,6.60,1.32,true,1,
7290008961585,false,כוסמת פוסולסקי דבור 800 גר,סנקי,IL,כוסמת פוסולסקי דבור,גרמים,800.00,100 גרם,false,1,13.90,1.74,true,1,
7290010002023,false,כורכום הודי טחון תבליני מימון 100 גרם,א.ל ייצור ושיווק תבלינים,,כורכום הודי טחון 100,גרמים,100.00,100 גרם,false,1,11.60,11.60,true,1,
7290010002030,false,תבלין כמון טחון תבליני מימון 100 גרם,א.ל ייצור ושיווק תבלינים,,כמון 100 גרם,גרמים,100.00,100 גרם,false,1,11.60,11.60,true,1,
7290010002047,false,תבלין מלח לימון תבליני מימון 200 גרם,א.ל ייצור ושיווק תבלינים,,מלח לימון 200 גרם,גרמים,200.00,100 גרם,false,1,11.90,5.95,true,1,
7290010002078,false,פלפל שחור טחון תבליני מימון 100 גרם,א.ל ייצור ושיווק תבלינים,,פלפל שחור טחון 120 ג,גרמים,100.00,100 גרם,false,1,14.90,14.90,true,1,
7290010002108,false,תבלין פלפל שחור גרוס גס תבליני מימון 90,א.ל ייצור ושיווק תבלינים,,פלפל שחור גרוס גס 90,גרמים,90.00,100 גרם,false,1,14.90,16.56,true,1,
7290010002139,false,פפריקה הונגרית חריפה תבליני מימון 100 גרם,א.ל ייצור ושיווק תבלינים,,פפריקה הונגרית חריפה,גרמים,100.00,100 גרם,false,1,11.60,11.60,true,1,
7290010002146,false,פפריקה מרוקאית מתוקה תבליני מימון 100 גרם,א.ל ייצור ושיווק תבלינים,,פפריקה מרוקאית מתוקה,גרמים,100.00,100 גרם,false,1,11.60,11.60,true,1,
7290010002214,false,תבלין צ'ילי גרוס תבליני מימון 80 גרם,א.ל ייצור ושיווק תבלינים,,צילי מקסיקני גרוס 70,Unknown,0.00,Unknown,false,1,11.40,11.40,true,1,
7290010002283,false,תבלין על האש תבליני מימון 100 גרם,א.ל ייצור ושיווק תבלינים,,תבלין על האש 100 גרם,גרמים,100.00,100 גרם,false,1,11.40,11.40,true,1,
7290010002320,false,תבלין לגריל עוף תבליני מימון 100 גרם,א.ל ייצור ושיווק תבלינים,,תבלין גריל עוף 130 ג,גרמים,100.00,100 גרם,false,1,11.40,11.40,true,1,
7290010002344,false,תבלין לדג תבליני מימון 100 גרם.,א.ל ייצור ושיווק תבלינים,,תבלין לדג 100 גרם,גרמים,100.00,100 גרם,false,1,11.40,11.40,true,1,
7290010002368,false,תערובת חווויג' תבליני מימון 100 גרם,א.ל ייצור ושיווק תבלינים,,תערובת חווג למרק 100,גרמים,100.00,100 גרם,false,1,11.40,11.40,true,1,
7290010002399,false,תבלין בזיליקום תבליני מימון 40 גרם,א.ל ייצור ושיווק תבלינים,,בזיליקום -ריחן 40 גר,Unknown,0.00,Unknown,false,1,9.40,9.40,true,1,
7290010002429,false,עלי דפנה תבליני מימון 20 גרם צנצנת,א.ל ייצור ושיווק תבל,,עלי דפנה 20 גרם,Unknown,0.00,Unknown,false,1,9.40,9.40,true,1,
7290010002481,false,תבלין שום טחון תבליני מימון 100 גרם,א.ל ייצור ושיווק תבלינים,,שום טחון 100 גרם,גרמים,100.00,100 גרם,false,1,15.50,15.50,true,1,
7290010002498,false,תבלין שום גבישי תבליני מימון 120 גרם,א.ל ייצור ושיווק תבלינים,,שום גבישי 120 גרם,גרמים,120.00,100 גרם,false,1,15.50,12.92,true,1,
7290010002597,false,כוסברה ירוקה תבליני מימון 30 גרם,א.ל ייצור ושיווק תבלינים,,כוסברה ירוקה 30 גרם,גרמים,30.00,100 גרם,false,1,9.40,31.33,true,1,
7290010003686,false,עלי דפנה בשקית תבליני מימון20 גרם,א.ל ייצור ושיווק תבל,,עלי דפנה 20 גרם שקית,Unknown,0.00,Unknown,false,1,6.50,6.50,true,1,
7290010003693,false,פפריקה מתוקה בשקית תבליני מימון 80 גרם,א.ל ייצור ושיווק תבל,,פפריקה מתוקה 80 גרם,Unknown,0.00,Unknown,false,1,6.50,6.50,true,1,
7290010003792,false,מלח לימון בשקית תבליני מימון 100 גרם,א.ל ייצור ושיווק תבל,,מלח לימון שקית 100 ג,גרמים,100.00,100 גרם,false,1,6.50,6.50,true,1,
7290010117864,false,דוריטוס חטיף תירס בטעם חריף אש עלית 70 גרם,"שטראוס פריטו ליי בע""\מ )",IL,דוריטוס חריף אש 70,גרמים,70.00,100 גרם,false,1,3.60,5.14,true,1,
7290010117970,false,סבבה בוטנים קלויים מצופים - אריזה אישית,"שטראוס פריטו ליי בע""",,סבבה בוטנים אמריקאים,Unknown,0.00,Unknown,false,1,3.10,3.10,true,1,
7290010119950,false,דוריטוס חמוץ חריף 55 גרם-סטריפ,שטראוס גרופ,,דוריטוס חמוץ חריף 55,גרמים,55.00,100 גרם,false,1,4.10,7.45,true,1,
7290010124213,false,אל מטאדור סינטה בקר דק דק 250 גרם בלדי,בלאדי,,סינטה בקר דק דק 250,גרמים,250.00,100 גרם,false,1,20.90,8.36,true,1,
7290010154012,false,לימון בלאדי כבוש תבליני ביטון 250 גרם,תבליני ביטון יוחאי,,לימון כבוש 250 גרם,גרמים,250.00,100 גרם,false,1,15.60,6.24,true,1,
7290010154678,false,אריסה מרוקאית תבליני ביטון 250 גרם,תבליני ביטון יוחאי,,אריסה מרוקאית 250 גר,גרמים,250.00,100 גרם,false,1,15.60,6.24,true,1,
7290010237548,false,"פפסי מקס דל קלוריות 500 מ""ל בקבוק",טמפו משקאות בעמ,,פפסי מקס דל קלוריות,מיליליטרים,500.00,"100 מ""ל",false,1,4.10,0.82,true,1,
7290010237890,false,"בירה הייניקן בקבוק 500 מ""ל חוזר",טמפו משקאות בע''מ,,"בירה היינקן 500 מ""ל",מיליליטרים,500.00,"100 מ""ל",false,1,8.70,1.74,true,1,
7290010259823,false,מנת השף-מרק עם נודלס בטעם עוף ויליפוד,נמצ'או(תאילנד) בעמ,,מרק עם נודלס טעם עוף,גרמים,70.00,100 גרם,false,1,5.70,8.14,true,1,
7290010259847,false,מנת השף מרק עם נודלס בטעם תירס ויליפוד 70 גרם,קריות זול,,מרק עם נודלס טעם תיר,גרמים,70.00,100 גרם,false,1,5.70,8.14,true,1,
7290010259854,false,מנת השף מרק עם נודלס בטעם פטריות ויליפוד 70 גרם,נמצ'או(תאילנד) בעמ,,מרק עם נודלס טעם פטר,גרמים,70.00,100 גרם,false,1,5.70,8.14,true,1,
7290010259861,false,מנת השף מרק עם נודלס בטעם ירקות ויליפוד 70 גרם,קריות זול,,מרק עם נודלס טעם ירק,גרמים,70.00,100 גרם,false,1,5.70,8.14,true,1,
7290010259977,false,שמן קנולה מזוכך ויליפוד 1 ליטר,בונגי פולין אס.פי.זד,,שמן קנולה וילי פוד 1,מיליליטרים,1000.00,"100 מ""ל",false,1,10.90,1.09,true,1,
7290010328253,false,טחינה גולמית משומשום טבעי אחווה 500 גרם,"אחדות ביח""ר לטחינה ח",,אחווה טחינה משומשום,גרמים,500.00,100 גרם,false,1,14.60,2.92,true,1,
7290010328505,false,"מארז מיני חלווה 15 יחידות לל""ס אחוה 150 גרם",אחדות ביחר לטחינה חל,,אחווה חטיפי מיני חלו,גרמים,250.00,100 גרם,false,1,12.50,5.00,true,1,
7290010367009,false,שמנת חמוצה 15% 500 ג,,,שמנת גביע 500 גר,גרמים,500.00,100 גרם,false,1,13.90,2.78,true,1,
7290010471669,false,יוגורט תות עם קורנפלקס מצופה שוקולד ללא גלוטן 3.9%,"שטראוס בריאות בע""\מ",,דנונה בר תות קורנפלק,גרמים,175.00,100 גרם,false,1,4.30,2.46,true,1,
7290010472307,false,"שמיניית משקה גמדים תות בננה דיסני 108 מ""ל",מיוצר עי קונדיטוריית,,מארז 8 גמדים שתיה,גרמים,800.00,100 גרם,false,1,20.80,2.60,true,1,
7290010513703,false,צ'ופסטיקס צפצפה - 20 יחידות,גולין פנגזו,,צופסטיקס 20 יח חד פע,Unknown,0.00,Unknown,false,1,7.30,7.30,true,1,
7290010513727,false,פנקו פרורי לחם 200 גרם (קינגדאו),קינגדאו גוניון פודס,,פירורי לחם קינגדאו פ,גרמים,200.00,100 גרם,false,1,7.50,3.75,true,1,
7290010561643,false,ברילי פירורי לחם 250 ג' ללא גלוטן,אשבל מזון פונקציונלי,IL,"ברילי פירורי לחם לל""",גרמים,250.00,100 גרם,false,1,17.90,7.16,true,1,
7290010701131,false,גפילטע פיש 400 גר,,,גפילטע פיש 450 גר,גרמים,450.00,100 גרם,false,1,26.90,5.98,true,1,
7290010701353,false,רגל קרושה 400 גר,,,רגל קרושה 400 גר,גרמים,400.00,100 גרם,false,1,27.90,6.98,true,1,
7290010701391,false,ממרח כבד בקר 225 גרם,,IL,ממרח כבד בקר 225 גרם,גרמים,225.00,100 גרם,false,1,17.90,7.96,true,1,
7290010701445,false,נקניק כבד פרגה 400 גרם,,IL,נקניק כבד פרגה 450 ג,גרמים,450.00,100 גרם,false,1,24.90,5.53,true,1,
7290010701612,false,קורקבו עוף בגל 500 גרם,מעדני מניה תעשיות בש,,קורקבן עוף בגל 500 ג,גרמים,500.00,100 גרם,false,0,19.90,3.98,true,1,
7290010701636,false,ממרח כבד עוף נקניק 200 גרם,,,ממרח כבד עוף נקניק 2,גרמים,200.00,100 גרם,false,1,12.90,6.45,true,1,
7290010701711,false,ממרח כבד ביתי נקניק 200 גרם,,,ממרח כבד ביתי נקניק,גרמים,200.00,100 גרם,false,1,12.90,6.45,true,1,
7290010701902,false,ממרח כבד בקר נקניק 200 גר,,IL,ממרח כבד בקר נקניק,גרמים,200.00,100 גרם,false,1,12.90,6.45,true,1,
7290010766185,false,רוטב לפסטה עגבניות ובזיליקום אוליביה 420 גרם,אוליביה,,רוטב פסטה עגבניות בז,גרמים,420.00,100 גרם,false,1,14.60,3.48,true,1,
7290010777006,false,מארז לחמניות כוסמין 360 גרם,,IL,מארז לחמניות כוסמים,גרמים,360.00,100 גרם,false,1,15.90,4.42,true,1,
7290010777051,false,מארז לחמניות המבורגר 5 יח,שי שאשא,,מארז לחמניות המבורגר,Unknown,0.00,Unknown,false,1,14.90,14.90,true,1,
7290010777068,false,מארז לחמניות מתוקות/קלועות 5 יח,,,מארז לחמניות מתוקות/,Unknown,0.00,Unknown,false,1,14.90,14.90,true,1,
7290010777136,false,לחמנייה שמיניה 5 יח,,,לחמניה קלועה 5 יח,Unknown,0.00,Unknown,false,1,13.90,13.90,true,1,
7290010777358,false,מארז שמיניית פיתות 100% כוסמין מלא,מגוון שיווק והפצת מא,,מארז שמיניית פיתות 1,גרמים,400.00,100 גרם,false,1,16.90,4.23,true,1,
7290010777488,false,פיתה מחמצת 100% קמח מלא פיתה אקספרס,מאפיית ביכורים מזון,IL,מארז פיתות 100% מחמצ,גרמים,500.00,100 גרם,false,1,17.90,3.58,true,1,
7290010777525,false,מארז שישייה פיתות כוסמין פיתה אקספרס,מאפיית ביכורים מזון,,מארז פיתות כוסמין 6,Unknown,0.00,Unknown,false,1,18.90,18.90,true,1,
7290010838219,false,ממתיק על בסיס צמח הסטיביה - שקיות,"קיפל טבליות וממתיקים בע""מ",,סטיביה 100 שקיות 100,גרמים,100.00,100 גרם,false,1,29.90,29.90,true,1,
7290010839865,false,רוטב רכז רימונים ויליפוד 320 ג',ניו ג'רסי סטאר סנקס,,רכז רימונים 320 גרם,גרמים,320.00,100 גרם,false,1,11.80,3.69,true,1,
7290010931330,false,סלט מטבוחה אחלה 500 גרם,מיוצר עי קונדיטוריית,,מטבוחה 500 גר,גרמים,500.00,100 גרם,false,1,14.60,2.92,true,1,
7290010945146,false,קוטג' 3% מועשר בסידן טרה 250 ג' מהדרין,קריות זול,,קוטג 3% מועשר 250 גר,גרמים,250.00,100 גרם,false,1,5.90,2.36,true,1,
7290010945450,false,גבינה לבנה 3% 250 גר מועשר בסידן וויטמין,הפריט בפיקוח,,גבינה לבנה 3% 250 גר,גרמים,250.00,100 גרם,false,1,4.98,1.99,true,1,
7290010945481,false,גבינה לבנה טרה 5% מרכיבים טבעיים,הפריט בפיקוח,,גבינה לבנה 5% 500 גר,גרמים,500.00,100 גרם,false,1,9.96,1.99,true,1,
7290010970179,false,דבש פרחי בר טעמים 350 גרם,,,דבש פרחי בר טעמים,גרמים,350.00,100 גרם,false,1,16.40,4.69,true,1,
7290010970261,false,"חומץ תפוחי עץ 500 מ""ל ""טעמים""","ג.מ טעם הארץ בע""\ם",,חומץ תפוחי עץ 500 מל,מיליליטרים,500.00,"100 מ""ל",false,1,14.90,2.98,true,1,
7290010970452,false,טחינה גולמית מעודנת 380 גרם,,,טחינה גולמית מעודנת,גרמים,380.00,100 גרם,false,1,14.90,3.92,true,1,
7290010970582,false,"רוטב סויה 350 מ""ל",טעמים,,רוטב סויה 350 מל,מיליליטרים,350.00,"100 מ""ל",false,1,12.40,3.54,true,1,
7290010970650,false,קרם בלסמי חומץ מצומצם ממודנה איטליה 250,טעמים,,קרם בלסמי חומץ מצומצ,מיליליטרים,250.00,"100 מ""ל",false,1,29.50,11.80,true,1,
7290010970742,false,ממרח פסטו פלפלים אמיתי 180 גרם,,,ממרח פסטו פלפלים אמי,גרמים,180.00,100 גרם,false,1,13.90,7.72,true,1,
7290010970971,false,שמן זית בתרסיס 150 גרם טעמים,"ג.מ טעם הארץ בע""\ם",,שמן זית בתרסיס 150 ג,גרמים,150.00,100 גרם,false,1,19.90,13.27,true,1,
7290011017866,false,קוקה קולה קלאסי בפחית,החברה המרכזית לייצור משקאות,,"פחית סליק ק""ק 330 מ""",מיליליטרים,330.00,"100 מ""ל",false,1,5.40,1.64,true,1,
7290011017873,false,"פחיות קוקה קולה זירו 330 מ""ל",החברה המרכזית לייצור משקאות,,פחית סליק זירו 330 מ,מיליליטרים,330.00,"100 מ""ל",false,1,5.40,1.64,true,1,
7290011017880,false,דיאט קוקה קולה פחית סליק 330מל,החברה המרכזית לייצור משקאות,,"פחית סליק ד. ק""ק 330",מיליליטרים,330.00,"100 מ""ל",false,1,5.40,1.64,true,1,
7290011142001,false,לחם שיפון בורודינסקי,מאפיית דואט,,לחם דואט 550 גר,גרמים,550.00,100 גרם,false,1,12.90,2.35,true,1,
7290011142148,false,שישיית לחמניות אצבע מאפיית דואט,מאפיית דואט,,מארז שישית לחמניות,גרמים,450.00,100 גרם,false,1,12.90,2.87,true,1,
7290011142193,false,לחמניות קלועות מתוקות עם צימוקים 400 גרם,מאפיית דואט,,4 לחמניות מתוקות,Unknown,0.00,Unknown,false,1,12.90,12.90,true,1,
7290011142445,false,לחם כוסמין בריוש 600,אלון חברה ליצור שיוו,,לחם כוסמין 600 גר,גרמים,600.00,100 גרם,false,1,16.90,2.82,true,1,
7290011142650,false,לחם שיפון 100% 900 גר',,,לחם 100% שיפון 900 ג,גרמים,900.00,100 גרם,false,1,17.90,1.99,true,1,
7290011194215,false,מעדן גבינה ויוגורט בטעם בננה 5% שומן 88 ג' דניאלה,"שטראוס בריאות בע""מ",,דניאלה אננס 88 גרם,גרמים,88.00,100 גרם,false,1,3.90,4.43,true,1,
7290011194246,false,קוטג' 5% עם סידן 250 ג' שטראוס,מיוצר עי קונדיטוריית,,קוטג 5% 250 גר,גרמים,250.00,100 גרם,false,1,5.90,2.36,true,1,
7290011438142,false,"משקה יטבתה אייס קפה בבקבוק אישי 350 מ""ל",מחלבת יטבתה,IL,משקה חלב בטעם קפה,מיליליטרים,350.00,"100 מ""ל",false,1,6.90,1.97,true,1,
7290011499129,false,גבינה בולגרית מעודנת קוביות קטנות 5% גד 200 גרם,קוד יצרן DSH,,קוביות בולגרית מעודנ,גרמים,200.00,100 גרם,false,1,20.90,10.45,true,1,
7290011499358,false,פטה עיזים מסורתית 20% בגביע 200 גרם - רובין,מיוצר על ידי קוד יצר,,גבינת פטה עיזים 200,גרמים,200.00,100 גרם,false,1,26.00,13.00,true,1,
7290011499624,false,שמנת 30% ניו יורק טבעי 200 גרם רבנות,גבינות מדף,,גבינת שמנת 30% טבעי,גרמים,200.00,100 גרם,false,1,12.50,6.25,true,1,
7290011499853,false,שמנת 30% ניו יורק זיתים 200 גרם רובין,מחלבות גד (שיווק 199,,גבינת שמנת זיתים 30%,גרמים,200.00,100 גרם,false,1,12.50,6.25,true,1,
7290011502874,false,דלישס גרנולה עם פירות יבשים 500גר,"דין שיווק וקליה בע""מ",,גרנולה פירות 500 גרם,גרמים,500.00,100 גרם,false,1,14.90,2.98,true,1,
7290011570934,false,תערובת להכנת פנקייק ללא גלוטן 500 ג',אשבל מזון פונקציונאל,,קמח לפנקייק כרגיל 40,גרמים,400.00,100 גרם,false,1,19.90,4.98,true,1,
7290011587444,false,מוזלי קראנצי בתוספת פירות ויטליה 600 גרם,Vitalia nikola ltd,,מוזלי קראנצ פרות 600,מיליליטרים,600.00,"100 מ""ל",false,1,15.60,2.60,true,1,
7290011587451,false,מוזלי קראנצי בתוספת פירות ואגוזים ויטליה 600 גרם,ויטליה,,גרנולה פירות 600 גר,גרמים,600.00,100 גרם,false,1,15.60,2.60,true,1,
7290011587468,false,מוזלי קראנצי בתוספת אגוזים ויטליה 600 גרם,Vitalia nikola ltd,,מוזלי קראנצ 600 גר,מיליליטרים,600.00,"100 מ""ל",false,1,15.60,2.60,true,1,
7290011644000,false,מקלות תירס ממותקים 80 גרם,סנקי,,מקלות תירס ממותקים 8,גרמים,90.00,100 גרם,false,1,4.10,4.56,true,1,
7290011644505,false,שימורי כבד דג שיבוט 120 גרם ISLAND,יאקן איאצאפי,,שימורי כבד דג שיבוט,גרמים,120.00,100 גרם,false,1,10.40,8.67,true,1,
7290011800840,false,רפי כהן סלט טחינה בלאדי צבר 400 גרם,רפי כהן / צבר,,טחינה בלאדי רפי כהן,גרמים,400.00,100 גרם,false,1,15.60,3.90,true,1,
7290011923273,false,טופו אורגני-ליב 300 גרם,א.י.ן תעשיות מזון בע,,טופו אורגני 300 גרם,גרמים,300.00,100 גרם,false,1,13.50,4.50,true,1,
7290011947521,false,"שמן זית כתית מעולה 750 מ""ל טעם מודגש זיתא",זיתא - י.ט.ב תעשיות,IL,שמן זית כתית מעולה מ,מיליליטרים,750.00,"100 מ""ל",false,1,25.90,3.45,true,1,
7290012001994,false,חרדל דיז'ון גרעינים 350 ג' ריין דיזון,ריין דיז'ון reine dijon,,חרדל דיזיון 350 גרם,גרמים,350.00,100 גרם,false,1,11.90,3.40,true,1,
7290012019401,false,מיץ דובדבן 100% 1 ליטר תוצרת גרוזיה,Aromaproduct ltd,,מיץ דובדבן 100% 1 לי,מיליליטרים,1000.00,"100 מ""ל",false,1,21.90,2.19,true,1,
7290012159275,false,מיונז אמיתי 430 גרם LINA,לינה,,מיונז אמיתי 430 גרם,גרמים,430.00,100 גרם,false,1,10.40,2.42,true,1,
7290012159763,false,ריאזנקה דן 500 מל,,,רגינקה דן 0.5ל,מיליליטרים,500.00,"100 מ""ל",false,1,9.80,1.96,true,1,
7290012159770,false,קפיר דן 500 מל,,,קפיר דן 0.5ל,מיליליטרים,500.00,"100 מ""ל",false,1,9.80,1.96,true,1,
7290012159787,false,קפיר דן 1 ל,,,קפיר דן 1ל,מיליליטרים,1000.00,"100 מ""ל",false,1,16.70,1.67,true,1,
7290012159794,false,ריזנקה דן 1 ל,,,רגינקה דן 1 ל,מיליליטרים,1000.00,"100 מ""ל",false,1,17.50,1.75,true,1,
7290012159886,false,תחליף גבינה מותכת דר,,,דרוזבה 100 גר,גרמים,100.00,100 גרם,false,1,5.00,5.00,true,1,
7290012159909,false,תחליף גבינה מותכת ינ,,,ינטר 100 גר,גרמים,100.00,100 גרם,false,1,5.00,5.00,true,1,
7290012159916,false,תחליף גבינה מותכת ינ,,,ינטר סלמון 100 גר,גרמים,100.00,100 גרם,false,1,5.00,5.00,true,1,
7290012251047,false,קבנוס כפרי 250 גרם מזרע,,,קבנוס כפרי 250 גרם,גרמים,250.00,100 גרם,false,1,17.90,7.16,true,1,
7290012251146,false,מיני קופצקי סרוולט 280 גרם,ישרקו שיווק מותגי מז,,מיני קופצקי סרוולט,גרמים,280.00,100 גרם,false,1,31.90,11.39,true,1,
7290012251160,false,מיני קרמליובסקי סרוולט 350 גר,ישרקו שיווק מותגי מז,,מיני קרמליובסקי,גרמים,350.00,100 גרם,false,1,36.90,10.54,true,1,
7290012251474,false,שרימפס 26/30 מקולף 500 ג' קפוא,,,שרימפס מקולף 500 גר,גרמים,500.00,100 גרם,false,1,45.90,9.18,true,1,
7290012251481,false,שרימפס מקולף 500 גר קפוא L,,,שרימפס מקולף 500 גר,גרמים,500.00,100 גרם,false,1,51.50,10.30,true,1,
7290012251511,false,דג בסה קוביות 500 גר קפוא,,,דג בסה קוביות 500 גר,גרמים,500.00,100 גרם,false,1,17.90,3.58,true,1,
7290012251528,false,נקניקיות בוואריה עם גבינה 700 גר מזרע,,,נקניקיות בוואריה,גרמים,700.00,100 גרם,false,1,64.90,9.27,true,1,
7290012252891,false,נקניקיות אוסטריות מצוננות 600 גרם,,IL,נקניקיות אוסטריות מצ,גרמים,600.00,100 גרם,false,1,31.90,5.32,true,1,
7290012252914,false,נקניקיות בלקניות מצוננות 600 גרם,,IL,נקניקיות בלקניות מצו,גרמים,600.00,100 גרם,false,1,24.90,4.15,true,1,
7290012306204,false,"אורז עגול בוכרי לאוש פלוב 1 ק""ג",,,אורז עגול בוכרי לאוש,גרמים,1000.00,100 גרם,false,1,19.90,1.99,true,1,
7290012404177,false,"שוופס Fruits תפוח זכוכית 330 מ""ל",יפאורה תבורי בעמ,,שוופס FRUITS תפוחים,מיליליטרים,330.00,"100 מ""ל",false,1,5.70,1.73,true,1,
7290012642883,false,פלפלים קטנים צהובים חריפים כבושים שלמים,Satko ltd,,פלפלונים צהוב בחומץ,גרמים,530.00,100 גרם,false,1,15.70,2.96,true,1,
7290012645051,false,יוגורט עיזים חלב הארץ 350 גרם,חלב הארץ,IL,יוגורט עיזים בגביע,גרמים,350.00,100 גרם,false,1,13.50,3.86,true,1,
7290012645075,false,יוגורט כבשים יווני גביע 350 גרם חלב הארץ,חלב הארץ,IL,יוגורט כבשים יווני,גרמים,350.00,100 גרם,false,1,13.50,3.86,true,1,
7290012645112,false,יוגורט עיזים 2.8% בדלי חלב הארץ 750 גרם,מחלבות סוסיא,,יוגורט עיזים בדלי 75,מיליליטרים,750.00,"100 מ""ל",false,1,20.50,2.73,true,1,
7290012645389,false,יוגורט עיזים 3.7%בבקבוק חלב הארץ 1 ליטר,מחלבות סוסיא,,יוגורט עיזים טבעי 1,מיליליטרים,1000.00,"100 מ""ל",false,1,24.90,2.49,true,1,
7290012803222,false,טוסו ופל בסגנון בלגי בטעם לימון ללא תוספת סוכר 200 גרם,בטר אנד דיפרנט,,וופל בלגי בטעם לימון,גרמים,200.00,100 גרם,false,1,11.90,5.95,true,1,
7290012823558,false,"מטליות לחות לרצפה 40*70 ס""מ סנו סושי 10 יחידות",סנו מפעלי ברונוס בעמ,,סנו סושי מטליות לחות,Unknown,0.00,Unknown,false,1,11.40,11.40,true,1,
7290012938924,false,אקוהפרש מי פה ללא אלכוהול 500 מל,מולינו ניקולי s.p.a,,אקווה פרש מי פה מנטה,מיליליטרים,500.00,"100 מ""ל",false,1,19.90,3.98,true,1,
7290012958014,false,ביצי דגים 113 גר זכוכית,,,ביצי דגים 113 גר זכו,גרמים,113.00,100 גרם,false,1,57.50,50.88,true,1,
7290013117243,false,בורקס פילו בולגרית מעדנות 600 גרם,מיוצר עי קונדיטוריית,,בורקס פילו בולגרית 6,גרמים,600.00,100 גרם,false,1,17.90,2.98,true,1,
7290013144188,false,מימונס תערובת להכנת בראוניז 600 גרם,א.ל ייצור ושיווק תבלינים,,תערובת בראוניס 600 ג,גרמים,600.00,100 גרם,false,1,18.90,3.15,true,1,
7290013144218,false,מיימונס תערובת עוגת וניל 560 גרם.,א.ל ייצור ושיווק תבלינים,,תערובת עוגת וניל 560,גרמים,560.00,100 גרם,false,1,18.90,3.38,true,1,
7290013144232,false,מיימונס פודינג בטעם וניל 80 גרם,א.ל ייצור ושיווק תבלינים,,פודינג וניל 85 גר,גרמים,85.00,100 גרם,false,1,6.20,7.29,true,1,
7290013144287,false,מיימונס ג'לי תות 85 גרם,א.ל ייצור ושיווק תבלינים,,גלי תות 85 גר,גרמים,85.00,100 גרם,false,1,6.90,8.12,true,1,
7290013144393,false,"תמצית בטעם וניל מימונס 50 מ""ל",א.ל ייצור ושיווק תבלינים,,"תמצית וניל 50 מ""ל",מיליליטרים,50.00,"100 מ""ל",false,1,4.40,8.80,true,1,
7290013144409,false,תמצית בטעם רום מימונס 50 גרם,א.ל ייצור ושיווק תבלינים,,"תמצית רום 50 מ""ל",מיליליטרים,50.00,"100 מ""ל",false,1,4.40,8.80,true,1,
7290013144560,false,מיימונס צבע מאכל כחול 50 גרם,א.ל ייצור ושיווק תבלינים,,"צבע מאכל כחול 50 מ""ל",מיליליטרים,50.00,"100 מ""ל",false,1,4.90,9.80,true,1,
7290013144614,false,"מיימונס סירופ מייפל אמיתי 100% מקנדה 236 מ""ל",הנסיך- מפעל לייצור ט,,סירופ מייפל אמיתי,מיליליטרים,236.00,"100 מ""ל",false,1,36.50,15.47,true,1,
7290013144911,false,מימונס מיקס שוקולד צ'יפס מריר וחלב 250 גרם,אינטרגטה תעשיות מזון 19),IL,מיקס שוקולד ציפס מרי,גרמים,250.00,100 גרם,false,1,14.90,5.96,true,1,
7290013145055,false,פרג שלם מיימונס 100 גרם,א.ל ייצור ושיווק תבלינים,,פרג שלם 100 גר,גרמים,100.00,100 גרם,false,1,6.90,6.90,true,1,
7290013145178,false,קוקוס טחון לבן מיימונס 100 גרם,א.ל ייצור ושיווק תבלינים,,קוקוס טחון לבן 100 ג,גרמים,100.00,100 גרם,false,1,5.50,5.50,true,1,
7290013145192,false,שומשום מיימונס 100 גרם,א.ל ייצור ושיווק תבלינים,,שומשום 100 גר,גרמים,100.00,100 גרם,false,1,5.90,5.90,true,1,
7290013145390,false,מימונס שוקולד צ'יפס מהדרין 250 גר,אינטרגטה תעשיות מזון 19),,שוקולד ציפס 250 גר,גרמים,250.00,100 גרם,false,1,9.90,3.96,true,1,
7290013145710,false,מיימונס דובדבנים מסוכרים 100 גרם,א.ל ייצור ושיווק תבלינים,,דובדבנים מסוכרים 100,גרמים,100.00,100 גרם,false,1,9.90,9.90,true,1,
7290013145840,false,סוכר וניל מיימונס 10 יחידות,א.ל ייצור ושיווק תבלינים,,סוכר וניל 10 יח בצלו,Unknown,0.00,Unknown,false,1,2.70,2.70,true,1,
7290013145857,false,אבקת אפיה מיימונס 10 יחידות,מימונס אפייה,,אבקת אפיה 10 יח בצלו,Unknown,0.00,Unknown,false,1,2.70,2.70,true,1,
7290013145901,false,"סודה לשתיה 100 גרם ""מיימונס""",א.ל ייצור ושיווק תבלינים,,סודה לשתיה 100 גר,גרמים,100.00,100 גרם,false,1,2.00,2.00,true,1,
7290013145918,false,אבקת סוכר מיימונס 100 גרם,א.ל ייצור ושיווק תבלינים,,אבקת סוכר 100 גר,גרמים,100.00,100 גרם,false,1,2.00,2.00,true,1,
7290013145970,false,קורנפלור מימונס בשקית 200 ג',א.ל ייצור ושיווק תבלינים,,קורנפלור 200 גרם,גרמים,200.00,100 גרם,false,1,3.90,1.95,true,1,
7290013146427,false,נשיקות לקישוט צבע לבן מימונס 60 גרם,"מימונס אפיה בע""מ",IL,נשיקות לקישוט צבע לב,גרמים,60.00,100 גרם,false,1,15.90,26.50,true,1,
7290013146441,false,נשיקות לקישוט צבע ורוד מימונס 60 גרם,"מימונס אפיה בע""מ",IL,נשיקות לקישוט בצבע ו,גרמים,60.00,100 גרם,false,1,15.90,26.50,true,1,
7290013146663,false,אטריות צבעוניות לקישוט מימונס 55 גרם,"מימונס אפיה בע""מ",,אטריות צבעוניות לקיש,גרמים,55.00,100 גרם,false,1,11.90,21.64,true,1,
7290013187215,false,מנות פילה סלמון נורבגי 800 גר,,NO,פילה סלמון נורבגי,גרמים,800.00,100 גרם,false,1,86.90,10.86,true,1,
7290013187765,false,ברוקולי טבעפרוסט 800 גר,,,ברוקולי טבעפרוסט 800,גרמים,800.00,100 גרם,false,1,18.90,2.36,true,1,
7290013187772,false,אפונה ירוקה עדינה טבעפרוסט 800 גר,,,אפונה ירוקה עדינה טב,גרמים,800.00,100 גרם,false,1,18.90,2.36,true,1,
7290013187796,false,שעועית ירוקה שלמה טבעפרוסט 800 גר,,,שעועית ירוקה שלמה טב,גרמים,800.00,100 גרם,false,1,15.90,1.99,true,1,
7290013187833,false,כרובית טבעפרוסט 800 גר,,,כרובית טבעפרוסט 800,גרמים,800.00,100 גרם,false,1,15.90,1.99,true,1,
7290013187840,false,גזר גמדי טבעפרוסט 800 גר,,,גזר גמדי טבעפרוסט 80,גרמים,800.00,100 גרם,false,1,15.90,1.99,true,1,
7290013187864,false,נקניקיות שפיקצקי 600 גרם,,,נקניקיות שפיקצקי,גרמים,600.00,100 גרם,false,1,42.90,7.15,true,1,
7290013187871,false,נקניק סרוולט אוסטרי,,,סרוולט אוסטרי 170 גר,גרמים,170.00,100 גרם,false,1,34.90,20.53,true,1,
7290013215017,false,פטריות זוגות חוות השמפניון,אראל תוצרת חקלאית בע,,פיטריות דואט,Unknown,0.00,Unknown,false,1,19.90,19.90,true,1,
7290013269287,false,סנו - מקסימה ג'ל כביסה מרוכז מאסק 3 ליטר,"סנו מפעלי ברונוס בע""\מ",,סנו מקסימה גל לכביסה,ליטרים,0.00,ליטר,false,1,29.60,29.60,true,1,
7290013269300,false,ניילון נצמד פלוס סנו סושי 150 מטר,"מיוצר בהונג קונג, סי",,סנו סושי ניילון נצמד,Unknown,0.00,Unknown,false,1,27.90,27.90,true,1,
7290013358356,false,פירורי לחם מוזהבים מאסטר שף 320 גרם,מנה י.א בעמ,,מאסטר שף פירורי לחם,גרמים,320.00,100 גרם,false,1,7.60,2.38,true,1,
7290013358462,false,"מיני קרוטונים למרק בתיבול שום, בצל ופטרוזיליה","עינת תעשיות מזון, אגשח ב",,מנה קרוטונים למרק שו,גרמים,350.00,100 גרם,false,1,15.50,4.43,true,1,
7290013358493,false,מאסטר שף אסייאתי קרם קוקוס פחית 400 מל,תאי קוקונט פבליק קומפני,,מנה אסייאתי קרם קוקו,מיליליטרים,400.00,"100 מ""ל",false,1,9.80,2.45,true,1,
7290013358530,false,מאסטר שף אסייאתי רוטב צ'ילי מתוק 700 מל כשלפ,קריניציה ויטמינה אס,,רוטב צילי מתוק מנה א,מיליליטרים,700.00,"100 מ""ל",false,1,11.90,1.70,true,1,
7290013531582,false,מארז זיתים ירוקים מגולענים יכין 200 גרם,פרופר,,שלישיית זיתים חרוזית,גרמים,600.00,100 גרם,false,1,15.90,2.65,true,1,
7290013531759,false,שעועית אפויה במים יכין 330 גרם,"זנלכל בע""\מ",,שעועית לבנה במים 550,גרמים,550.00,100 גרם,false,1,9.90,1.80,true,1,
7290013724991,false,אגוזי לוז בציפוי שוקולד בקופסא שקדיה 140 גרם,"דין שיווק וקלייה בע""",,אגוזי לוז בשוקולד חל,גרמים,140.00,100 גרם,false,1,11.90,8.50,true,1,
7290013746689,false,עוג.ש.שועל אוכמניות250ג,"דגן מיני מזונות בע""\מ",,שיבולית שועל ואוכמני,גרמים,250.00,100 גרם,false,1,31.50,12.60,true,1,
7290013764041,false,סיידר תפוחים מתוק 330 מל,,,סיידר תפוחים מתוק 33,מיליליטרים,330.00,"100 מ""ל",false,1,13.90,4.21,true,1,
7290013764102,false,סיידר תפוחים מתובל 330 מל,,,סיידר תפוחים מתובל 3,מיליליטרים,330.00,"100 מ""ל",false,1,13.90,4.21,true,1,
7290013787392,false,רביולי גבינות קלאסי 330 גרם ריקו בית יוסף,דודו איטליאן פרודקטס בע\,,רביולי גבינות 330 גר,גרמים,330.00,100 גרם,false,1,25.90,7.85,true,1,
7290013787408,false,רביולי בטטה 330 גרם ריקו בית יוסף,דודו איטליאן פרודקטס בע\,,רביולי בטטה 330 גרם,גרמים,330.00,100 גרם,false,1,25.90,7.85,true,1,
7290013787415,false,רביולי ריקוטה תרד 330 גרם ריקו בית יוסף,דודו איטליאן פרודקטס בע\,,רביולי ריקוטה תרד 33,גרמים,330.00,100 גרם,false,1,25.90,7.85,true,1,
7290013816917,false,שוקולד מריר 100% - חד זני - קמינו ורדה - אורגני,"הולי קקאו שוקולד בע""",IL,שוקולד מריר אורגני ק,גרמים,100.00,100 גרם,false,1,20.90,20.90,true,1,
7290013847393,false,סטארקיסט לייט נתחי טונה בהירה במים ושמן קנולה עם עשבי תיבול 140 גרם,"סטארקיסט פודור בע""מ",,ס.ק לייט טונה 4% שומ,גרמים,140.00,100 גרם,false,1,8.50,6.07,true,1,
7290013847409,false,סטארקיסט לייט נתחי טונה בהירה במים ושמן קנולה עם לימון ופלפל חריף 140 גרם,סטארקיסט Starkist,,ס.ק לייט טונה 4% שומ,גרמים,140.00,100 גרם,false,1,8.50,6.07,true,1,
7290013847454,false,טונה סטארקיסט שמן קנולה רביעיות 4*160 גר,"טונה ויאטנם קו,. אל.טי.ד",,טונה סטארקיסט שמן קנ,גרמים,640.00,100 גרם,false,1,23.90,3.73,true,1,
7290013847553,false,נתחי טונה בהירה במים דל נתרן - מארז רביעיה,"סטארקיסט פודור בע""מ",,סטארקיסט טונה 4*160,גרמים,640.00,100 גרם,false,1,23.90,3.73,true,1,
7290013847867,false,מארז זוגות טונה בשמן סויה 140 ג' סטארקיסט,טונה ויטנאם קו. אל.ט,,טונה סטארקיסט בשמן ס,גרמים,280.00,100 גרם,false,1,12.50,4.46,true,1,
7290013883407,false,"דזיטול מרסס לחיטוי כללי יעקבי 750 מ""ל",יעקבי - דזיטול Desytol,,מרסס דזיטול מחטא ומש,Unknown,0.00,Unknown,false,1,17.70,17.70,true,1,
7290013903273,false,אדממה אורגני קפוא 400 גר,זהג'יאנג קינגסור פוד,CN,אדממה אורגני קפוא 40,גרמים,400.00,100 גרם,false,1,12.50,3.13,true,1,
7290013903464,false,פולי סויה אורגנים קלופים מוקפאים (אדממה) 500גרם ליב,זהג'יאנג קינגסור,CN,פולי סויה קלופים מוק,גרמים,500.00,100 גרם,false,1,15.60,3.12,true,1,
7290013906052,false,נקניקיות פרגיות טירת צבי 300 גרם,הנסיך- מפעל לייצור ט,,נקניקיות פרגיות,גרמים,300.00,100 גרם,false,1,12.90,4.30,true,1,
7290013906458,false,קבנוס בטעם פיקנטי טירת צבי 120 גרם,הנסיך- מפעל לייצור ט,,קבנוס בטעם פיקנטי טי,גרמים,120.00,100 גרם,false,1,10.90,9.08,true,1,
7290013906489,false,חטיפי מיני קבנוס טירת צבי 120 גרם,הנסיך- מפעל לייצור ט,,חטיפי קבנוס טירת צבי,גרמים,120.00,100 גרם,false,1,10.90,9.08,true,1,
7290013906519,false,פרושוטו בקר טירת צבי 100 גרם,הנסיך- מפעל לייצור ט,,פרושוטו בקר טירת צבי,גרמים,100.00,100 גרם,false,1,34.50,34.50,true,1,
7290014002203,false,חליטת לימונית ולואיזה הגן הקסום ויסוצקי 25 יחידות,תה ויסוצקי,,חליטת קמומיל ולואיזה,Unknown,0.00,Unknown,false,1,18.90,18.90,true,1,
7290014079014,false,לבבות קיסר ארוז נספק,"מרינה פטריות הגליל בע""מ",,לבבות קיסר,Unknown,0.00,Unknown,false,1,11.90,11.90,true,1,
7290014094345,false,גרעיני חמניה קלופים ששון הקולה בקופסא 300 גרם,"דין שיווק וקלייה בע""",,חמניה מקולפת 300 גר,גרמים,300.00,100 גרם,false,1,11.80,3.93,true,1,
7290014094376,false,שזיפים ללא גלעין בקופסא ששון הקולה 330 גרם,"דין שיווק וקליה בע""מ",,שזיפים ללא גלעין 330,גרמים,330.00,100 גרם,false,1,23.90,7.24,true,1,
7290014094475,false,"רוטב צ''ילי מתוק אהרוני 700 מ""ל אהרוני",,,רוטב צילי מתוק 700 ג,גרמים,700.00,100 גרם,false,1,14.40,2.06,true,1,
7290014094642,false,קשיו טבעי גדול 250 גרם בקופסא,"דין שיווק וקלייה בע""",,קשיו טבעי גדול 250 ג,גרמים,250.00,100 גרם,false,1,29.50,11.80,true,1,
7290014094857,false,פקאן סיני מסוכר 150 גרם ששון הקולה,"דין שיווק וקליה בע""מ",,פקאן סיני מסוכר 150,גרמים,150.00,100 גרם,false,1,22.90,15.27,true,1,
7290014094895,false,אגוזים קלופים בשקית ששון הקולה 150 גרם,"שקדיה גבע תעשיות בע""",,אגוזים מלך קלופים 15,גרמים,150.00,100 גרם,false,1,11.50,7.67,true,1,
7290014095861,false,שיבולת שועל דקה בשקית שקדיה 500 גרם,"דין שיווק וקליה בע""מ",,שיבולת שועל דקה 500,גרמים,500.00,100 גרם,false,1,6.50,1.30,true,1,
7290014095960,false,שיבולת שועל עבה בשקית שקדיה 500 גרם,"דין שיווק וקלייה בע""",,שיבולת שועל עבה 500,גרמים,500.00,100 גרם,false,1,6.50,1.30,true,1,
7290014318151,false,ממרח ארטישוק 212 ג' (12),,,ממרח ארטישוק 212,מיליליטרים,212.00,"100 מ""ל",false,1,18.70,8.82,true,1,
7290014318281,false,מחית פטריות כמהין 5% כשר 90 גרם,טרטופי,,מחית כמהין 5 % כשר 9,גרמים,90.00,100 גרם,false,1,46.90,52.11,true,1,
7290014440463,false,"יין מדבר שרדונה סדרה 22 750 מ""ל",,IL,יין מדבר שרדונה סדר,מיליליטרים,750.00,"100 מ""ל",false,1,51.90,6.92,true,1,
7290014440494,false,"יין מדבר רוזה סדרה 22 750 מ""ל",,IL,יין מדבר רוזה סדרה,מיליליטרים,750.00,"100 מ""ל",false,1,51.90,6.92,true,1,
7290014455252,false,גבינה קשה מגורדת גרנה פדנו 29% שומן,מחלבות גד שיווק 1992,,גבינה גרנה פדנו,גרמים,100.00,100 גרם,false,1,11.90,11.90,true,1,
7290014455467,false,ירח מתוק מעדן חלב 2% ושיבולת שועל גד 150ג',גבינות מדף,,מעדן שיבולת שועל וחל,גרמים,150.00,100 גרם,false,1,6.10,4.07,true,1,
7290014466609,false,יין מרלו גמלא 2020 750 מל,יקבי רמת הגולן קצרין,,יין מרלו גמלא 2020 7,Unknown,0.00,Unknown,false,1,58.90,58.90,true,1,
7290014471436,false,"מוזלי צימוקים תפוח קינמון וגרעיני חמניה 1 ק""ג כחול שקדיה","דין שיווק וקלייה בע""",,מיזלי צימוקים תפוח/ק,גרמים,1000.00,100 גרם,false,1,21.90,2.19,true,1,
7290014472228,false,תאנים 330 גרם בקופסא,"דין שיווק וקלייה בע""",,תאנים 330 גר,גרמים,330.00,100 גרם,false,1,24.90,7.55,true,1,
7290014472235,false,פקאן סיני מסוכר 200 גרם בקופסא,"דין שיווק וקלייה בע""",,פקאן סיני מסוכר 200,גרמים,200.00,100 גרם,false,1,29.50,14.75,true,1,
7290014472471,false,גרעיני חמנייה קלוי ענק ששון הקולה 200 גרם,"דין שיווק וקלייה בע""",,גרעיני חמניה קלויים,גרמים,200.00,100 גרם,false,1,6.90,3.45,true,1,
7290014472488,false,שקד קלוי ענק 250 גרם פרימיום ששון הקולה,"שקדיה גבע תעשיות בע""",,שקד קלוי ענק 250 גרם,גרמים,250.00,100 גרם,false,1,23.90,9.56,true,1,
7290014472495,false,קשיו קלוי ענק פרימיום ששון הקולה 250 גרם,"דין שיווק וקלייה בע""",,קשיו קלוי ענק 250 גר,גרמים,250.00,100 גרם,false,1,21.90,8.76,true,1,
7290014472518,false,בוטן קלוי ענק פרימיום ששון הקולה 250 גרם,"דין שיווק וקלייה בע""",,בוטן קלוי ענק 250 גר,גרמים,250.00,100 גרם,false,1,11.90,4.76,true,1,
7290014673618,false,תבלינים זנגביל בצנצנת 30 גרם,א.ל ייצור ושיווק תבל,,תבלינים זנגביל בצנצנ,Unknown,0.00,Unknown,false,1,11.80,11.80,true,1,
7290014749245,false,ספיישל רצועות שניצל שומשום עוף טוב 600 גרם,מוצרי עוף טוב (2001) בע\,,צונגו רצועות שניצל ש,גרמים,600.00,100 גרם,false,1,32.90,5.48,true,1,
7290014749764,false,עוף טוב שניצל עוף ביתי עדין כזה 700 גרם,מוצרי עוף טוב (2001) בע\,,עוף טוב שניצל עוף בי,גרמים,700.00,100 גרם,false,1,42.90,6.13,true,1,
7290014758100,false,מאגדת יוגורט ביו 3% שומן 8 יח' *150ג' תנובה,מיוצר עי קונדיטוריית,,שמיניית מאגדת BIO,גרמים,150.00,100 גרם,false,1,16.50,11.00,true,1,
7290014758117,false,מאגדת יוגורט ביו 1.5% שומן 8 יח' *150 ג' תנובה,מיוצר עי קונדיטוריית,,שמיניית יוגורט ביו,קילוגרמים,0.00,"ק""ג",false,1,16.70,16.70,true,1,
7290014758162,false,חלב עיזים מלא 3.6% קרטון 1 ל' תנובה,הרדוף תוצרת מזון אור,,חלב עיזים מלא 3.6% ש,מיליליטרים,1000.00,"100 מ""ל",false,1,14.90,1.49,true,1,
7290014758681,false,קוטג תנובה 1% גביע 250 גרם,מיוצר עי קונדיטוריית,,קוטג תנובה 1% 250 גר,גרמים,250.00,100 גרם,false,1,5.40,2.16,true,1,
7290014759084,false,גבינת שמנת נפוליאון 16% מופחת שומן תנובה 225 גרם,תנובה מרכז שיתופי לש,,נפוליאון מופחת שומן,גרמים,225.00,100 גרם,false,1,10.00,4.44,true,1,
7290014760141,false,משקה שקדים תנובה E אלטרנטיב,תנובה Alternative,,משקה שקדים טרי 1 ליט,מיליליטרים,1000.00,"100 מ""ל",false,1,11.90,1.19,true,1,
7290014760912,false,פרוסות גבינה 28% שומן 400 ג' גוש חלב,תנובה מרכז שיתופי לש,,מאגדת גוש חלב 28%,גרמים,400.00,100 גרם,false,1,25.50,6.38,true,1,
7290014761056,false,מעדן שוקולד חלב יולו תנובה 123 גרם,מיוצר עי קונדיטוריית,,יולו שוקולד חלב,גרמים,123.00,100 גרם,false,1,4.70,3.82,true,1,
7290014761063,false,מעדן שוקולד מריר יולו תנובה 123 גרם,מיוצר עי קונדיטוריית,,יולו שוקולד מריר,גרמים,123.00,100 גרם,false,1,4.70,3.82,true,1,
7290014761070,false,מעדן שוקולד לבן יולו תנובה 123 גרם,מיוצר עי קונדיטוריית,,YOLO שוקולד לבן מעול,גרמים,123.00,100 גרם,false,1,4.70,3.82,true,1,
7290014762756,false,גבינת שמנת נפוליאון 16% עם בצל תנובה 225 גרם,הרדוף חלב,,נפוליאון 16%בטעם בצל,גרמים,225.00,100 גרם,false,1,10.00,4.44,true,1,
7290014762909,false,פתיתי מוצרלה השף הלבן 10% תוספת מתנה,"תנובה, מחלבת תל יוסף",IL,פתיתי מוצרלה השף הלב,גרמים,220.00,100 גרם,false,1,15.90,7.23,true,1,
7290014763272,false,יוגורט סויה BIO לשתיה תות ובננה אלטרנטיב,תות תעשיות מזון (201,,משקה סויה ביו תות בנ,מיליליטרים,250.00,"100 מ""ל",false,1,5.50,2.20,true,1,
7290014860100,false,"מקלות אורז ללא גלוטן 1 מ""מ 454 גרם",,,מקלות אורז ללא גלוטן,גרמים,454.00,100 גרם,false,1,11.40,2.51,true,1,
7290014910515,false,שימורי דגים שפרוטים מעושנים בשמן צמחי 250 גרם,סיא אונדה,,שימורי שפרוטים מעוש,גרמים,250.00,100 גרם,false,1,12.50,5.00,true,1,
7290015009102,false,"עלי טורטייה מקמח לבן 20 ס""מ 360 גרם",,,עלי טורטייה מקמח לבן,גרמים,360.00,100 גרם,false,1,15.30,4.25,true,1,
7290015009119,false,עלי טורטייה מקמח תירס 360 גרם,פרינסיס און וה אונלו,,עלי טורטייה מקמח תיר,גרמים,360.00,100 גרם,false,1,16.00,4.44,true,1,
7290015009188,false,"ניוקי תפוחי אדמה עם דלעת 300 גר' ""דניאל""",סיאמה אלימנטארי סרל,,"ניוקי תפוח""א עם דלעת",גרמים,300.00,100 גרם,false,1,9.90,3.30,true,1,
7290015009300,false,עלי טורטייה מקמח תירס 360 גרם,פרינסס,,עלי טורטייה מקמח תיר,גרמים,360.00,100 גרם,false,1,15.60,4.33,true,1,
7290015009553,false,"רוטב אקסטרא חריף מפלפל קרולינה ריפר 148 מ""ל",קאמוק,CR,רוטב אקסטרא חריף פלפ,מיליליטרים,148.00,"100 מ""ל",false,1,19.90,13.45,true,1,
7290015039246,false,נתחי טונה בשמן צמחי רביעיה * 160 ג' וילי פוד,וילי פוד,TH,רביעית טונה בהירה בש,גרמים,640.00,100 גרם,false,1,19.90,3.11,true,1,
7290015039338,false,נתחי טונה במי מלח רביעיה * 160 ג' וילי פוד,וילי פוד,TH,רביעית טונה במי מלח,גרמים,640.00,100 גרם,false,1,19.90,3.11,true,1,
7290015150088,false,מחית עגבניות קלה גרנד איטליה 700 גרם,שוורצקוף& הנקל דיסלד,,מחית עגבניות גראנד א,גרמים,700.00,100 גרם,false,1,12.30,1.76,true,1,
7290015150118,false,שלישיית עגבניות חתוכות דק גרנד איטליה 400 גרם,אמיליאנה קונסרב ס.פ.,,עגבניות חתוכות דק בל,גרמים,1200.00,100 גרם,false,1,17.60,1.47,true,1,
7290015155250,false,פרמיו חטיף כריות סלמון 60 גר,פרמיו Premio,,פרמיו כריות סלמון לח,גרמים,60.00,100 גרם,false,1,19.90,33.17,true,1,
7290015155823,false,מחית תפוחי עץ חטיפטף ללא תוספת סוכר,פרוטה פודווין איי.אס,,מחית תפוח חטיפטף פרי,גרמים,120.00,100 גרם,false,1,6.50,5.42,true,1,
7290015155830,false,מחית תפוחי עץ ובננה חטיפטף ללא תוספת סוכר,פרוטה פודווין איי.אס,,מחית תפוח בננה חטיפט,גרמים,120.00,100 גרם,false,1,6.50,5.42,true,1,
7290015155847,false,מחית סלט פירות חטיפטף ללא תוספת סוכר,פרוטה פודווין איי.אס,,מחית סלט פירות חטיפט,גרמים,120.00,100 גרם,false,1,6.50,5.42,true,1,
7290015156769,false,מחית פרינוק פאוץ' תפוח ואוכמניות 120 גרם,פרוטה פודווין איי.אס,CZ,מחית פרינוק פאוץ תפו,גרמים,120.00,100 גרם,false,1,6.50,5.42,true,1,
7290015437578,false,מוזלי קראנצ'י צימוק תפוח מיובש גרעיני חמנ' 600ג',ויטליה,,מוזלי קראנצ צימוק תפ,גרמים,600.00,100 גרם,false,1,15.60,2.60,true,1,
7290015437585,false,מוזלי קראנצי בתוספת צימוק ושוקולד 600 גרם,ויטליה,,מוזלי קראנצ צימוק וש,קילוגרמים,0.60,"ק""ג",false,1,15.60,26.00,true,1,
7290015470094,false,טוסו שוקולד מריר תפוז ללא סוכר 100גרם,אלטינמארקה,,טוסו שוקולד מריר תפו,גרמים,100.00,100 גרם,false,1,13.50,13.50,true,1,
7290015603591,false,גינגר ורוד כבוש ללא מונוסודיום 160 גרם,ננטונג הידה אקוטיק פ,,גינגר כבוש וורוד 160,גרמים,160.00,100 גרם,false,1,8.30,5.19,true,1,
7290015652070,false,קשוי קלוי בשקית ששון הקולה 150 גרם,"דין שיווק וקלייה בע""",,קשיו קלוי 150 גרם שש,גרמים,150.00,100 גרם,false,1,11.40,7.60,true,1,
7290015652254,false,גרעיני חמניה קלויים 400 גרם ששון הקלה,"דין שיווק וקלייה בע""",,גרעיני חמניה קלויים,גרמים,400.00,100 גרם,false,1,10.00,2.50,true,1,
7290015652278,false,תערובת פיצוחים 250 גרם ששון הקולה,"דין שיווק וקלייה בע""",,תערובת פיצוחים 250 ג,גרמים,250.00,100 גרם,false,1,20.00,8.00,true,1,
7290015652285,false,אגוזים קלופים 250 גרם ששון הקולה,"שקדיה גבע תעשיות בע""",,אגוזים קלופים 250 גר,גרמים,250.00,100 גרם,false,1,20.00,8.00,true,1,
7290015652292,false,קבוקים עם שומשום ששון הקולה 400 גרם,"דין שיווק וקלייה בע""",,קבוקים עם שומשום 400,גרמים,400.00,100 גרם,false,1,10.00,2.50,true,1,
7290015652308,false,מנצ'ס ששון הקולה 400 גרם,"דין שיווק וקלייה בע""",,מנצס 300 גרם ששון הק,גרמים,300.00,100 גרם,false,1,10.00,3.33,true,1,
7290015652315,false,חמוציות מסוכרות 300 גרם ששון הקולה,"דין שיווק וקלייה בע""",,חמוציות מסוכרות 300,גרמים,300.00,100 גרם,false,1,10.00,3.33,true,1,
7290015652582,false,חריימה דג אהרוני 150 גרם,"דין שיווק וקליה בע""מ",,אהרוני חריימה דג 150,גרמים,150.00,100 גרם,false,1,15.60,10.40,true,1,
7290015781107,false,"יין סנג'ובזה 750 מ""ל IMPRESSION","יקב טפרברג 1870 בע""מ",,יין IMPRES סנגובזה 7,Unknown,0.00,Unknown,false,1,47.90,47.90,true,1,
7290015781121,false,"יין IMPRESSION קברנה סוביניון יבש טפרברג 750 מ""ל","יקב טפרברג 1870 בע""מ",,יין IMPRES קברנה סוב,Unknown,0.00,Unknown,false,1,47.90,47.90,true,1,
7290015781169,false,"יין IMPRESSION קברנה סוביניון חצי יבש טפרברג 750 מ""ל","יקב טפרברג 1870 בע""מ",,יין IMPRES קברנה סוב,Unknown,0.00,Unknown,false,1,47.90,47.90,true,1,
7290016006346,false,שוופס סודה 0.5 ליטר מארז שישייה,יפאורה שותפות מובגלת לשיווק,,שישיית שוופס סודה 50,מיליליטרים,1500.00,"100 מ""ל",false,1,14.50,0.97,true,1,
7290016028447,false,נר נשמה 24 שעות,,CN,נר נשמה 24 שעות,Unknown,1.00,Unknown,false,1,1.90,1.90,true,1,
7290016077766,false,"שעועית אפויה ""היינץ"" 453 גרם",הייבורי קנקו,,היינץ שעועית אפויה 4,גרמים,453.00,100 גרם,false,1,8.90,1.96,true,1,
7290016080551,false,מתבל עגבניות אורגני 580 גרם היינץ,ה.י. היינץ,,מתבל עגבניות אורגני,גרמים,580.00,100 גרם,false,1,17.70,3.05,true,1,
7290016150391,false,סלק ואקום 500 גרם,חקלאי,,סלק ואקום 500 גרם,Unknown,0.00,Unknown,false,1,7.90,7.90,true,1,
7290016197488,false,מטליות מיקרופייבר למשטחים ניקול 3יח',חוגלה קימברלי,,ניקול מטלית קסם לשיש,Unknown,0.00,Unknown,false,1,11.90,11.90,true,1,
7290016246292,false,בארכה - חטיף בקטנה חלבה וניל לוז 18 גרם * 7,"רושדי תעשיות מזון בע""\מ",,בארכה בקטנה חטיף חלב,גרמים,126.00,100 גרם,false,1,13.50,10.71,true,1,
7290016270709,false,עגבניות שרי אשכולות,ביכורי השקמה,,שרי אשכולות,Unknown,0.00,Unknown,false,1,7.90,7.90,true,1,
7290016277685,false,שקד מולבן שבבים 200 גרם ששון - קופסא,"דין שיווק וקלייה בע""",,שקד מולבן שבבים 200,גרמים,200.00,100 גרם,false,1,29.90,14.95,true,1,
7290016277722,false,פירורי לחם סו שף 800,"דין שיווק וקליה בע""מ",,פירורי לחם 800 גרם,גרמים,800.00,100 גרם,false,1,11.40,1.43,true,1,
7290016321661,false,פרש וואנס SENSITIVE מגבונים ללא בישום רביעייה 72 יחידות,עלבד משואות יצחק,IL,מגבונים פרש וואנס סנ,Unknown,0.00,Unknown,false,1,15.90,15.90,true,1,
7290016334616,false,בצל ירוק בוסתן,ברכת קטיף,,בצל ירוק,Unknown,0.00,Unknown,false,1,5.90,5.90,true,1,
7290016370959,false,חציל קלוי (פירה) בצנצנת קבוצת יבנה 530 גרם,תאי פרזידנט פוד פאבל,,חציל קלוי פירה בצנצנ,גרמים,580.00,100 גרם,false,1,10.90,1.88,true,1,
7290016370973,false,פלפל קלוי (גמביה) בצנצנת קבוצת יבנה 390 גרם,קוזט אס.אי. פיין פודס,,פלפל קלוי גמביה בצנצ,גרמים,580.00,100 גרם,false,1,10.90,1.88,true,1,
7290016509786,false,פרסיל גל לכביסה לבנה וצבעונית-ירוק 2.5 ל,"הנקל סוד בע""\מ",,גל פרסיל ירוק 2.5 ל,ליטרים,0.00,ליטר,false,1,29.90,29.90,true,1,
7290016509823,false,ג'ל לכביסה לבנה וצבעונית בניחוח רענן,"הנקל סוד בע""\מ",,גל פרסיל בלו 2.5 ל,ליטרים,0.00,ליטר,false,1,29.90,29.90,true,1,
7290016513233,false,אוכמניות אדומות 250 גר,,,אוכמניות אדומות 250,גרמים,250.00,100 גרם,false,1,16.70,6.68,true,1,
7290016513301,false,דומדומית שחורה 250 גר,,,דומדומית שחורה 250 ג,גרמים,250.00,100 גרם,false,1,11.40,4.56,true,1,
7290016513325,false,דובדבן 250 גר,,,דובדבן 250 גר,גרמים,250.00,100 גרם,false,1,11.40,4.56,true,1,
7290016682335,false,מיץ תפוזים סחוט פריניב 2 ליטר,פרי ניב,,סחוט טרי תפוזים 2 לי,ליטרים,0.00,ליטר,false,1,24.90,24.90,true,1,
7290016682366,false,מיץ תפוח צלול פרי ניב 2 ליטר-,פריניב,,סחוט טרי תפוח צלול 2,ליטרים,0.00,ליטר,false,1,24.90,24.90,true,1,
7290016866643,false,פרודונטקס מ.שיניים אקסטרה פרש 75 מל,פרודונטקס Parodontax,,משחת שיניים פרודנטקס,Unknown,0.00,Unknown,false,1,29.90,29.90,true,1,
7290017023229,false,רביעיית פחיות שוופס מוגז פירות תות ליים 330 מל.,יפאורה תבורי בעמ,,שוופס מוגז פירות תות,מיליליטרים,1320.00,"100 מ""ל",false,1,16.70,1.27,true,1,
7290017058139,false,רביעיית מחית תפוח עץ ותות שדה תומר 113 גרם,אינדיאן סאמר קו אופ אינק,,רסק תפוח עץ עם תות ש,גרמים,452.00,100 גרם,false,1,13.50,2.99,true,1,
7290017058573,false,תומר פרוסות פלפל חלפיניו בחומץ 340 גרם,אינדיה אגרו אקספורט,,פרוסות פלפל חלפיניו,גרמים,340.00,100 גרם,false,1,9.90,2.91,true,1,
7290017058795,false,תירס גמדי שלם במי מלח בצנצנת 340 גרם,אינדיה אגרו אקספורט,,תירס גמדי שלם במי מל,גרמים,340.00,100 גרם,false,1,7.90,2.32,true,1,
7290017058887,false,רביעיית טונה בהירה בצ'ילי* 140 ג' מונטרי,,TH,טונה מונטריי צילי חר,גרמים,140.00,100 גרם,false,1,23.90,17.07,true,1,
7290017062693,false,מרכך כביסה מרוכז לבן 1*5 ליטר טאצ,סאסאטק,,מרכך כביסה מרוכז לבן,Unknown,0.00,Unknown,false,12,11.90,11.90,true,1,
7290017065007,false,פרוסות גבינה מוצרלה חצי קשה 22% שומן 200 ג' גד,מחלבות גד בעמ,,פרוסות מוצרלה גד 200,גרמים,200.00,100 גרם,false,1,17.90,8.95,true,1,
7290017065137,false,ריקוטה למריחה 5% טבעית 200 גרם - רובין,האי נאם סי או אל.טי.,,ריקוטה למריחה 5% טבע,גרמים,200.00,100 גרם,false,1,10.00,5.00,true,1,
7290017065861,false,קאצ'יו אה פפה-רוטב פקורינו 200 גרם גד,גבינות מדף,,קאציו אה פפה 200 גרם,גרמים,200.00,100 גרם,false,1,15.50,7.75,true,1,
7290017065878,false,מק אנד צ'יז רוטב לפסטה 200 גרם גד,גבינות מדף,,רוטב מק אנד ציז 200,גרמים,200.00,100 גרם,false,1,15.50,7.75,true,1,
7290017105048,false,שלישיית טבעות זיתים זיתים יכין 200 גרם,יכין,,שלישייה שימורי טבעות,גרמים,200.00,100 גרם,false,1,15.90,7.95,true,1,
7290017105086,false,שימורי יכין שעועית צילי 200 גר,"זנלכל בע""\מ",,שימורי יכין שעועית צ,גרמים,200.00,100 גרם,false,1,4.50,2.25,true,1,
7290017105116,false,תורמוס הקטניה הטובה יכין 200/105 גרם,"זנלכל בע""\מ",,שימורי יכין תורמוס 2,גרמים,200.00,100 גרם,false,1,4.50,2.25,true,1,
7290017105123,false,פול מצרי הקטניה הטובה יכין 200/105 גרם,היינץ צפון אמריקה מק,IL,שימורי פול יכין הקטנ,גרמים,200.00,100 גרם,false,1,4.50,2.25,true,1,
7290017105468,false,מארז שלישייה אפונה קטנה יכין 3*200 גר,קשקמט קונסרב הונגריה,IL,מארז שלישייה אפונה ק,גרמים,600.00,100 גרם,false,1,14.90,2.48,true,1,
7290017105550,false,רביעיית רסק עגבניות 100% יכין 4X100 גרם,היינץ צפון אמריקה מק,IL,מאגדת רסק 100% עגבני,גרמים,400.00,100 גרם,false,1,11.80,2.95,true,1,
7290017105895,false,גרגרי חומוס להכנת חומוס משובח יכין 560 ג,זנלכל,IL,גרגירי חומוס מסעדות,Unknown,550.00,Unknown,false,1,8.90,0.02,true,1,
7290017141022,false,אוק אנד אש - בירה אש 9.5% בלגית,,,בירה אש 9.5% בלגית 3,מיליליטרים,330.00,"100 מ""ל",false,1,13.90,4.21,true,1,
7290017189536,false,"עוגיות כוסמין מלא א.מלך ללת""ס 250 גר",מפעלי דגן,IL,עוגיות כוסמין מלא א.,גרמים,250.00,100 גרם,false,1,17.90,7.16,true,1,
7290017189543,false,"עוגיות כוסמין מלא גרנולה ללת""ס 250 גר",מפעלי דגן,IL,עוגיות כוסמין מלא גר,גרמים,250.00,100 גרם,false,1,17.90,7.16,true,1,
7290017189550,false,"עוגיות כוסמין מלא טחינה ללת""ס 250 גר",מפעלי דגן,IL,עוגיות כוסמין מלא טח,גרמים,250.00,100 גרם,false,1,17.90,7.16,true,1,
7290017386348,false,שקד מולבן טחון 250 גרם,,PE,שקד מולבן טחון 250 ג,גרמים,250.00,100 גרם,false,1,18.80,7.52,true,1,
7290017386942,false,"קרם קוקוס אורגני 20-22% שומן 400 מ""ל",,VN,קרם קוקוס אורגני 20-,מיליליטרים,400.00,"100 מ""ל",false,1,11.50,2.88,true,1,
7290017457727,false,"סוד כחול מרכך כביסה מרוכז20%+בישום 900 מ""ל",הנקל סוד,IL,מרכך כביסה סוד מרוכז,מיליליטרים,900.00,"100 מ""ל",false,1,15.60,1.73,true,1,
7290017617046,false,נתחי טונה בשמן זית כתית מעולה רביעיה * 140 ג',סטארקיסט,,רביעיית טונה בשמן זי,גרמים,560.00,100 גרם,false,1,27.90,4.98,true,1,
7290017617107,false,סטארקיסט מיקס טוגו טונה עם 4 דגנים 185 גרם,"איטיליאן פוד, אס.פי.",,סטארקיסט מיקס טו גו,גרמים,185.00,100 גרם,false,1,13.50,7.30,true,1,
7290017617411,false,סטארקיסט מיקס סלמון עם אורז מלא וירקות 160 גרם,גראאל אס איי,PL,טונה סטארקיסט סלמון,גרמים,160.00,100 גרם,false,1,15.90,9.94,true,1,
7290017677804,false,"רוטב סויה קיקומן ללא חומרים משמרים 444 מ""ל",קיקומן פודז אינק,,רוטב סויה קיקומן 444,מיליליטרים,444.00,"100 מ""ל",false,1,18.90,4.26,true,1,
7290017712239,false,פרמיו עם עוף במרקם פטה 150 גר,פרמיו Premio,,פרמיו שימורי מזון מל,Unknown,0.00,Unknown,false,1,5.90,5.90,true,1,
7290017712765,false,פרימו סלמון ופורל לחתול,פרמיו Premio,,פרמיו סלמון ופורל 10,Unknown,0.00,Unknown,false,1,4.90,4.90,true,1,
7290017712789,false,פרמיו סטירליז עוף 100 ג',,,פרמיו סטירליז עוף 10,Unknown,0.00,Unknown,false,1,4.90,4.90,true,1,
7290017712949,false,פרמיו כריות סטרילייז לחתול,פרמיו Premio,,פרמיו כריות סטרילייז,Unknown,1.00,Unknown,false,1,9.90,9.90,true,1,
7290017715506,false,חומץ 5% תומר 1 ליטר,,IL,חומץ 5% תומר 1 ליטר,מיליליטרים,1000.00,"100 מ""ל",false,1,5.50,0.55,true,1,
7290017715889,false,מוזלי גרנולה עם אגוזים 600 גרם,ויטליה,,מוזלי עם אגוזים 600,מיליליטרים,600.00,"100 מ""ל",false,1,15.60,2.60,true,1,
7290017812588,false,מיץ ענבים תירוש לבן 100% טבעי כרמל 1 ליטר,יקבי כרמל Carmel Winery,,יין תירוש לבן 100% ט,Unknown,0.00,Unknown,false,1,19.90,19.90,true,1,
7290017812618,false,מיץ ענבים תירוש אדום רוזה כרמל 1 ליטר,כרמל מזרחי,,מיץ ענבים תירוש רוזה,Unknown,0.00,Unknown,false,1,19.90,19.90,true,1,
7290017871462,false,טוסו חטיף פצפוצי אורז מצופה שוקולד מריר ללא תוספת סוכר,תות תעשיות מזון (2014) ב,IL,חטיף תמרים פצפוצי או,גרמים,105.00,100 גרם,false,1,16.90,16.10,true,1,
7290017888026,false,"משקה אננס תפוח גזר פרות & ווג 350 מ""ל",פרוט אנד וג' Fruit & Veg,IL,פרוט & וג אננס תפוח,מיליליטרים,350.00,"100 מ""ל",false,1,7.50,2.14,true,1,
7290017888033,false,"משקה בננה מלון נענע פרות &ווג 350 מ""ל",פרוט אנד וג' Fruit & Veg,IL,פרוט & וג בננה מלון,מיליליטרים,350.00,"100 מ""ל",false,1,7.50,2.14,true,1,
7290017888644,false,"משקה אננס בננה כורכום פרות & ווג 350 מ""ל",פרוט אנד וג' Fruit & Veg,IL,פרוט & וג בננה מלון,מיליליטרים,350.00,"100 מ""ל",false,1,7.50,2.14,true,1,
7290017894171,false,"קרם קוקוס אורגני גרין קוקו 250 מ""ל",גרין קוקו,LK,קרם קוקוס אורגני גרי,מיליליטרים,250.00,"100 מ""ל",false,1,9.90,3.96,true,1,
7290017917382,false,אל סבון היגייני לניקוי יסודי ולהרגע העור clean & calm,"ד""ר פישר Dr fischer",IL,אל סבון נוזלי קמיל ב,ליטרים,0.00,ליטר,false,1,15.90,15.90,true,1,
7290017928463,false,מאיר בייגל -סמאש-שבורים בטעם דבש חרדל ובצל 300 גרם,מאיר בייגל,BG,סמאש שבורים בטעם דבש,גרמים,300.00,100 גרם,false,1,15.60,5.20,true,1,
7290017928616,false,מאיר בייגל שטוחהלה שומשום 300 גר',מאיר את בייגל,IL,בייגלה שטוחלה שומשום,גרמים,300.00,100 גרם,false,1,12.50,4.17,true,1,
7290017973982,false,פרוסות דג שיבוט אלבין מיובש עם צילי 100,,,פרוסות דג שיבוט אלבי,גרמים,100.00,100 גרם,false,1,13.90,13.90,true,1,
7290017973999,false,פרוסות דג שיבוט אלבין מיובש ומומלח 100 ג,,,פרוסות דג שיבוט אלבי,גרמים,100.00,100 גרם,false,1,13.90,13.90,true,1,
7290018237922,false,שניצלונים ציפוי צ'יפס עוף טוב 700 גרם,מוצרי עוף טוב (2001) בע\,,שניצלונים ציפוי ציפס,גרמים,700.00,100 גרם,false,1,22.90,3.27,true,1,
7290018237939,false,שניצלונים ציפוי שומשום עוף טוב 700 גרם,מוצרי עוף טוב (2001) בע\,IL,שניצלונים ציפוי שומש,גרמים,700.00,100 גרם,false,1,22.90,3.27,true,1,
7290018359334,false,רכז עגבניות טבעי פריכוז שף יכין 580 גרם,זנלכל,IL,רכז עגבניות טבעי פרי,גרמים,580.00,100 גרם,false,1,10.90,1.88,true,1,
7290018359495,false,תירס מהשדה בלי תוספת סוכר יכין 550 גרם,היינץ צפון אמריקה מק,IL,תירס מהשדה ללא תוספת,גרמים,550.00,100 גרם,false,1,9.90,1.80,true,1,
7290018359570,false,"שלישיית שעועית צ'ילי ""הקטניה הטובה"" יכין",זנלכל,,שעועית צילי הקטניה,גרמים,600.00,100 גרם,false,1,12.90,2.15,true,1,
7290018359587,false,חומוס הקטניה הטובה יכין מארז 3*200 גר,זנלכל,,חומוס הקטניה הטובה י,גרמים,600.00,100 גרם,false,1,12.90,2.15,true,1,
7290018359662,false,קוביות סלק יכין מארז 3*200 גרם,זנלכל,,קוביות סלק יכין מארז,גרמים,600.00,100 גרם,false,1,15.90,2.65,true,1,
7290018359716,false,רוטב עגבניות פיצה טוסקנה 240 גרם יכין,"זנלכל בע""\מ",IL,רוטב עגבניות פיצה ט,גרמים,240.00,100 גרם,false,1,6.50,2.71,true,1,
7290018359877,false,רסק עגבניות טבעי מארז שלישייה,זנלכל,,רסק עגבניות טבעי יכי,גרמים,600.00,100 גרם,false,1,14.90,2.48,true,1,
7290018380390,false,עוגיות בטעם חמאה 340 גרם פח,,,עוגיות בטעם חמאה 340,גרמים,340.00,100 גרם,false,1,13.90,4.09,true,1,
7290018380406,false,עוגיות בטעם חמאה בפח 114 גרם,ESS PEE,,עוגיות בטעם חמאה 114,גרמים,114.00,100 גרם,false,1,6.90,6.05,true,1,
7290018380505,false,"אורז פרסי ארוך 1 ק""ג ""תומר""",,TH,אורז פרסי לבן ארוך 1,גרמים,1000.00,100 גרם,false,1,7.90,0.79,true,1,
7290018380529,false,לבבות דקל חתיכות תומר 400 גרם,אינקופלמיטו אס.אי,EC,לבבות דקל חתיכות תומ,גרמים,400.00,100 גרם,false,1,6.90,1.73,true,1,
7290018440070,false,תרכיז עגבניות בשפורפרת 28BX בלה איטליה 200 ג',בלה איטליה Bella Italia,,תרכיז עגבניות בשפורפ,גרמים,200.00,100 גרם,false,1,9.40,4.70,true,1,
7290018471180,false,משקה פרוט& ווג' אננס תפוח גזר 1 ליטר,מיוצר עי קונדיטוריית,IL,פרוט & ווג אננס תפוח,מיליליטרים,1000.00,"100 מ""ל",false,1,14.90,1.49,true,1,
7290018471197,false,פרוט & ווג' תפוח בננה מלון נענע 1 ליטר,מיוצר עי קונדיטוריית,IL,פרוט & ווג תפוח בננה,מיליליטרים,1000.00,"100 מ""ל",false,1,14.90,1.49,true,1,
7290018471395,false,משקה פרוט& ווג' תפוח רימון ג'ינג'ר 1 ליטר,מיוצר עי קונדיטוריית,IL,פרוט & ווג תפוח רימו,מיליליטרים,1000.00,"100 מ""ל",false,1,14.90,1.49,true,1,
7290018471401,false,משקה פרוט& ווג' אננס בננה כורכום 1 ליטר,מיוצר עי קונדיטוריית,IL,פרוט & ווג אננס בננה,מיליליטרים,1000.00,"100 מ""ל",false,1,14.90,1.49,true,1,
7290018471470,false,תפוזינה נקטר תפוז פסיפלורה קרטונית 1 ליטר,"יפאורה תבורי בע""\מ",,תפוזינה תפוז פסיפלור,מיליליטרים,1000.00,"100 מ""ל",false,1,7.60,0.76,true,1,
7290018471487,false,תפוזינה נקטר תפוז אננס קרטונית 1 ליטר,"יפאורה תבורי בע""\מ",,תפוזינה תפוז אננס 1,מיליליטרים,1000.00,"100 מ""ל",false,1,7.60,0.76,true,1,
7290018471494,false,תפוזינה משקה תפוז גזר קרטונית 1 ליטר,"יפאורה תבורי בע""\מ",,תפוזינה תפוז גזר 1 ל,מיליליטרים,1000.00,"100 מ""ל",false,1,7.60,0.76,true,1,
7290018471623,false,שוופס טוניק אשכוליות ליצ'י 1 ליטר,"יפאורה תבורי בע""\מ",IL,שוופס טוניק אשכוליות,מיליליטרים,1000.00,"100 מ""ל",false,1,9.20,0.92,true,1,
7290018471906,false,שוופס מוגז פירות לימונדה ורודה 1.5 ליטר פיקדון,"יפאורה תבורי בע""\מ",IL,שוופס מוגז לימונדה ו,ליטרים,0.00,ליטר,false,1,9.20,9.20,true,1,
7290018471913,false,משקה מוגז פירות תפוחים שוופס 1.5 ליטר,"יפאורה תבורי בע""\מ",IL,שוופס מוגז תפוחים 1.,ליטרים,0.00,ליטר,false,1,9.20,9.20,true,1,
7290018471944,false,שוופס מוגז פירות לימונייד 1.5 ליטר פיקדון,"יפאורה תבורי בע""\מ",IL,שוופס מוגז לימונייד,ליטרים,0.00,ליטר,false,1,9.20,9.20,true,1,
7290018471951,false,שוופס מוגז פירות אשכולית אדומה 1.5 ליטר פיקדון,"יפאורה תבורי בע""\מ",IL,שוופס מוגז אשכולית א,ליטרים,0.00,ליטר,false,1,9.20,9.20,true,1,
7290018516058,false,פרמיו דליקט טונה ושרימפס לחתול,פרמיו Premio,,פרמיו דליקט טונה ושר,Unknown,1.00,Unknown,false,1,9.90,9.90,true,1,
7290018516065,false,פרמיו דליקט טונה וסלמון לחתול,פרמיו Premio,,פרמיו דליקט טונה וסל,Unknown,1.00,Unknown,false,1,9.90,9.90,true,1,
7290018516331,false,פאוץ' פרינוק תפוח בננה ושיבולת שועל 120 גרם,פרוטה פודווין איי.אס,CZ,פאוץ פרינוק תפוח בננ,גרמים,120.00,100 גרם,false,1,6.50,5.42,true,1,
7290018641439,false,אוק אנד אש - ערק אשכולית אדומה מוגז,,,ערק אשכולית אדומה מו,מיליליטרים,330.00,"100 מ""ל",false,1,14.90,4.52,true,1,
7290018677179,false,"מחית עגבניות לל""ג אורגני 695 גרם",,IL,"מחית עגבניות לל""ג או",גרמים,695.00,100 גרם,false,1,12.90,1.86,true,1,
7290018720011,false,ביסקוויט קרנבל חיות בטעם וניל 250 ג' מעדני מלך,הגביע מוצרי וופלים,IL,עוגיות קרנבל חיות 25,גרמים,250.00,100 גרם,false,1,6.50,2.60,true,1,
7290018893449,false,עלי וופל דקים במילוי קרמל צ'וקטה 175 גרם,ארלוי אס.אל.יו.,NL,וופל במילוי קרמל צוק,גרמים,175.00,100 גרם,false,1,10.90,6.23,true,1,
7290018949023,false,"גרופר משקה קל מוגז אורגני לימוננ 330 מ""ל",מיקס קווידזון,PL,גרופר משקה קל מוגז א,מיליליטרים,330.00,"100 מ""ל",false,1,9.50,2.88,true,1,
7290019056058,false,שוופס מוגז עדין תפוח ליים 1.5 ליטר פיקדון,"יפאורה תבורי בע""\מ",IL,שוופס מוגז עדין תפוח,ליטרים,0.00,ליטר,false,1,9.20,9.20,true,1,
7290019056072,false,שוופס מוגז עדין אננס 1.5 ליטר פיקדון,מיוצר עי קונדיטוריית,IL,שוופס מוגז עדין אננס,ליטרים,0.00,ליטר,false,1,9.20,9.20,true,1,
7290019056096,false,שוופס מוגז עדין אפרסק 1.5 ליטר פיקדון,"יפאורה תבורי בע""\מ",IL,שוופס מוגז עדין אפרס,ליטרים,0.00,ליטר,false,1,9.20,9.20,true,1,
7290019056164,false,שוופס סודה 1.5 ליטר רביעייה פיקדון,"יפאורה תבורי בע""\מ",IL,רביעיית שוופס סודה 1,ליטרים,0.00,ליטר,false,1,11.70,11.70,true,1,
7290019056171,false,מארז רביעיית סודה בטעם לימון 1.5 ל' שוופס,"יפאורה תבורי בע""\מ",IL,רביעיית שוופס סודה ל,ליטרים,0.00,ליטר,false,1,11.70,11.70,true,1,
7290019056232,false,משקה מוגז בטעם ליים מוחיטו 1.5 ל' שוופס,"יפאורה תבורי בע""\מ",IL,שוופס ליים מוחיטו 1.,ליטרים,0.00,ליטר,false,1,10.90,10.90,true,1,
7290019056249,false,שוופס מים בטעמים ענבים 1.5 ליטר פיקדון,מיוצר עי קונדיטוריית,IL,שוופס WATER ענבים 1.,ליטרים,0.00,ליטר,false,1,9.50,9.50,true,1,
7290019056300,false,משקה בטעם ביטר לימון 1.5 ל' שוויפס,"יפאורה תבורי בע""\מ",IL,שוופס ביטר 1.5 ליטר,ליטרים,0.00,ליטר,false,1,12.20,12.20,true,1,
7290019056317,false,שוופס ראשן 1.5 ליטר פיקדון,"יפאורה תבורי בע""\מ",IL,משקה שוופס ראשן 1.5,ליטרים,0.00,ליטר,false,1,12.20,12.20,true,1,
7290019056515,false,fruit water פרוט ווטר אננס 1.5 ליטר-,"יפאורה תבורי בע""\מ",IL,FRUIT WATER אננס 1.5,ליטרים,0.00,ליטר,false,1,9.50,9.50,true,1,
7290019056539,false,פרוט ווטר אפרסק 1.5 ליטר פיקדון,"יפאורה תבורי בע""\מ",IL,FRUIT WATER אפרסק 1.,ליטרים,0.00,ליטר,false,1,9.50,9.50,true,1,
7290019056546,false,fruit water פרוט ווטר אבטיח 1.5 ליטר-,"יפאורה תבורי בע""\מ",IL,FRUIT WATER אבטיח 1.,ליטרים,0.00,ליטר,false,1,9.50,9.50,true,1,
7290019056553,false,שישיית מים מינרלים עין גדי 2 ליטר,עין גדי מים מינרליים,IL,שישיית מים עין גדי 2,ליטרים,0.01,ליטר,false,1,13.30,1330.00,true,1,
7290019056584,false,משקה קל תפוזים ספרינג 1.5 ליטר,"יפאורה תבורי בע""\מ",IL,ספרינג תפוז 1.5 ליטר,ליטרים,0.00,ליטר,false,1,9.20,9.20,true,1,
7290019056591,false,משקה קל ענבים ספרינג 1.5 ליטר,"יפאורה תבורי בע""\מ",IL,ספרינג ענבים 1.5 ליט,ליטרים,0.00,ליטר,false,1,9.20,9.20,true,1,
7290019056607,false,משקה קל תפוחים ספרינג 1.5 ליטר,"יפאורה תבורי בע""\מ",IL,ספרינג תפוח 1.5 ליטר,ליטרים,0.00,ליטר,false,1,9.20,9.20,true,1,
7290019056621,false,משקה קל פירות טרופיים ספרינג 1.5 ליטר,"יפאורה תבורי בע""\מ",IL,ספרינג 1.5 ליטר פירו,ליטרים,0.00,ליטר,false,1,9.20,9.20,true,1,
7290019056638,false,משקה קל תות בננה ספרינג 1.5 ליטר,"יפאורה תבורי בע""\מ",IL,ספרינג תות בננה 1.5,ליטרים,0.00,ליטר,false,1,9.20,9.20,true,1,
7290019056652,false,משקה קל אננס בננה ספרינג 1.5 ליטר,"יפאורה תבורי בע""\מ",IL,ספרינג אננס בננה 1.5,ליטרים,0.00,ליטר,false,1,9.20,9.20,true,1,
7290019056881,false,שוופס סודה 1.5 ליטר,"יפאורה תבורי בע""מ",,שוופס סודה 1.5 ליטר,ליטרים,0.00,ליטר,false,1,3.80,3.80,true,1,
7290019056942,false,מים מינרליים טבעיים,יפאורה,IL,מי עין גדי 2 ל,ליטרים,0.00,ליטר,false,1,2.80,2.80,true,1,
7290019056966,false,מי עדן בקבוק פיקדון 1.5 ליטר,"מי עדן בע""מ",IL,מי עדן 1.5 ליטר,ליטרים,0.00,ליטר,false,1,4.20,4.20,true,1,
7290019056973,false,שישיית מי עדן 1.5 ליטר משפחתי,"מופק ממקור בזלתי עדן ,1",IL,שישיית מי עדן 1.5 לי,ליטרים,0.01,ליטר,false,1,13.90,1390.00,true,1,
7290019153085,false,שוופס מוגז ליים מוחיטו ללא סוכר 1.5 ליטר-,"יפאורה תבורי בע""\מ",,שוופס ליים מוחיטו לל,ליטרים,0.00,ליטר,false,1,9.90,9.90,true,1,
7290019153269,false,שוופס סודה אננס 1.5 ליטר רביעייה פיקדון,"יפאורה תבורי בע""\מ",IL,שוופס סודה אננס 1.5,ליטרים,0.00,ליטר,false,1,12.10,12.10,true,1,
7290019153313,false,"משקהתפוח חמוציות אוכמניות 350 מ""ל פרות & ווג",יפאורה תבורי בעמ,IL,פרוט & וג תפוח חמוצי,מיליליטרים,350.00,"100 מ""ל",false,1,7.50,2.14,true,1,
7290019153344,false,מיץ בטעם סנגרייה 1.5 ל' תפוזינה,"יפאורה תבורי בע""\מ",IL,תפוזינה סנגרייה 1.5,ליטרים,0.00,ליטר,false,1,9.20,9.20,true,1,
7290019153351,false,מיץ בטעם פינק אוזו 1.5 ל' תפוזינה,"יפאורה תבורי בע""\מ",IL,תפוזינה פינק אוזו 1.,ליטרים,0.00,ליטר,false,1,9.20,9.20,true,1,
7290019153375,false,מיץ בטעם מוחיטו 1.5 ל' תפוזינה,"יפאורה תבורי בע""\מ",IL,תפוזינה מוחיטו 1.5 ל,ליטרים,0.00,ליטר,false,1,9.20,9.20,true,1,
7290019176039,false,פילה טונה בשמן קנולה עם פלפל שמן 160 גר,,LV,פילה טונה בשמן קנולה,גרמים,160.00,100 גרם,false,1,15.90,9.94,true,1,
7290019297536,false,חמאת בוטנים עם שברי בוטנים שקדיה 510 גרם,דין שיווק,,חמאת בוטנים עם שברי,גרמים,510.00,100 גרם,false,1,14.20,2.78,true,1,
7290019297543,false,חמאת בוטנים שקדיה 510 גרם,דין שיווק,,חמאת בוטנים 510 גרם,גרמים,510.00,100 גרם,false,1,14.20,2.78,true,1,
7290019297642,false,גרעין שחור קלוי ללא מלח ששון הקולה 150 ג',"דין שיווק וקלייה בע""",,גרעין שחור קלוי ללא,גרמים,150.00,100 גרם,false,1,4.80,3.20,true,1,
7290022005562,false,קריספ פירורי לחם שום 300 גרם מיימונס,א.ל ייצור ושיווק תבל,IL,קריספ שום 300 גרם,גרמים,300.00,100 גרם,false,0,7.90,2.63,true,1,
7290089617142,false,פטריות אופיאטה מוחמצפוסולסקי דבור 680 ג,,CN,פטריות אופיאטה מוחמ,גרמים,680.00,100 גרם,false,1,16.70,2.46,true,1,
7290089617388,false,פטריות בורוביצקי מוחמצים 680 ג,,CN,פטריות בורוביצקי מוח,גרמים,680.00,100 גרם,false,1,16.70,2.46,true,1,
7290100240632,false,קרקר פתית 200-300ג' 6 דגנים 250 גרם,יוניליוור ישראל מזון בע\,,"פתית 6 דגנים בד""צ 25",גרמים,250.00,100 גרם,false,1,16.90,6.76,true,1,
7290100321775,false,חזה עוף טרי,,,חזה עוף טרי,Unknown,0.00,"ק""ג",true,0,34.90,34.90,true,1,
7290100323038,false,כרעיים עוף טרי,,,כרעיים עוף טרי,Unknown,0.00,"ק""ג",true,0,22.90,22.90,true,1,
7290100680650,false,מנה חמה נודלס-אטריות ירקות טעם תאילנדי אסם 76 ג',PUB FOODS PRESIDENT THAI,,מנה חמה נודלס טעם יר,גרמים,70.00,100 גרם,false,1,5.70,8.14,true,1,
7290100680711,false,פירורית זהב אסם זהב 350ג',עינת תעשיות מזון אגו,,פירורית זהב 350 גרם,גרמים,350.00,100 גרם,false,1,8.80,2.51,true,1,
7290100680728,false,פירורית רגילה שקית 350 גרם,מיוצר עי קונדיטוריית,,פירורית 350 גרם,גרמים,350.00,100 גרם,false,1,7.60,2.17,true,1,
7290100685242,false,במבה מתוקה מחומרים טבעיים סרט 30 גרם,"אסם השקעות בע""מ",,במבה תות על סרט 30 ג,גרמים,30.00,100 גרם,false,1,3.40,11.33,true,1,
7290100685334,false,אבקת מרק עוף אמיתי בשרי רכיבים טבעיים אסם 400 גרם,"אסם השקעות בע""\מ",,מרק עוף אמיתי מרכיבי,גרמים,400.00,100 גרם,false,1,21.70,5.43,true,1,
7290100700020,false,גריסי פנינה 500 גרם סוגת,האי נאם סי או אל.טי.,,גריסי פנינה 500 גרם,גרמים,200.00,100 גרם,false,1,5.90,2.95,true,1,
7290100700273,false,קינואה לבנה 500 ג סו,האי נאם סי או אל.טי.,,קינואה 500 גרם,גרמים,500.00,100 גרם,false,1,13.90,2.78,true,1,
7290100700396,false,"אורז יסמין קלאסי סוגת 1 ק""ג",האי נאם סי או אל.טי.,,אורז יסמין קלאסי 1 ק,גרמים,1000.00,100 גרם,false,1,11.90,1.19,true,1,
7290100700587,false,"בורגול ""סוגת"" 500 גרם",האי נאם סי או אל.טי.,,בורגול 500 גרם,גרמים,500.00,100 גרם,false,1,5.20,1.04,true,1,
7290100701140,false,"אורז ריזוטו ארבוריו 1 ק""ג ""סוגת""","סוגת תעשיות בע""מ",,אורז ריזוטו ארבוריו,גרמים,1000.00,100 גרם,false,1,15.60,1.56,true,1,
7290100701300,false,קינואה אדומה סוגת 500 גרם,"סוגת תעשיות בע""\מ",,קינואה אדומה 500 גר,גרמים,500.00,100 גרם,false,1,13.90,2.78,true,1,
7290100701966,false,אפונה צהובה 500 ג' סוגת,"סוגת תעשיות בע""מ",,אפונה צהובה 500 גרם,גרמים,500.00,100 גרם,false,1,5.90,1.18,true,1,
7290100702246,false,שמרים יבשים בוואקום סוגת 500 גרם,אייבי מאורי,,שמרים יבשים בואקום 5,גרמים,500.00,100 גרם,false,1,8.90,1.78,true,1,
7290100702611,false,פתיתים אפויים אורז סוגת 500 גרם,"אסיף תעשיות מזון בע""\מ",,פתיתים אפויים אורז 5,גרמים,500.00,100 גרם,false,1,6.50,1.30,true,1,
7290100702741,false,"סוכר חום בהיר בצנצנת סוגת 1 ק""ג",סוגת תעשיות בעמ,,"סוכר חום בהיר 1 ק""ג",גרמים,1000.00,100 גרם,false,1,13.50,1.35,true,1,
7290100702987,false,שיבולת שועל פתיתים סוגת 500 גרם,סוגת תעשיות,,שיבולת שועל 500 גרם,גרמים,500.00,100 גרם,false,1,6.20,1.24,true,1,
7290100703632,false,קמח חיטה מלא ללא צורך בניפוי,"שטיבל בע""מ",,קמח מלא ללא ניפוי 1,גרמים,1000.00,100 גרם,false,1,8.30,0.83,true,1,
7290100850909,false,דוריטוס נאצ'ו מקסיקני 70 גרם,"שטראוס פריטו ליי בע""\מ",IL,דוריטוס נאצו מקסיקני,גרמים,70.00,100 גרם,false,1,3.60,5.14,true,1,
7290100850916,false,דוריטוס חמוץ חריף מעודן 70 גרם כשר לפסח,"שטראוס פריטו ליי בע""\מ )",,דוריטוס חמוץ חריף 70,גרמים,70.00,100 גרם,false,1,3.60,5.14,true,1,
7290100850923,false,דוריטוס בטעם גריל 70 גרם,"שטראוס פריטו ליי בע""\מ )",,דוריטוס גריל 70 גרם,גרמים,70.00,100 גרם,false,1,3.60,5.14,true,1,
7290100850930,false,דוריטוס בטעם טבעי 70 גרם,"שטראוס פריטו ליי בע""\מ )",,דוריטוס טבעי 70 גרם,גרמים,70.00,100 גרם,false,1,3.60,5.14,true,1,
7290100921593,false,מנקה אסלה סוד 4 כדוריות לאסלה לימון נתלה 50 ג',"הנקל סוד בע""\מ",,סבון אסלה סוד לימון,גרמים,50.00,100 גרם,false,1,8.30,16.60,true,1,
7290101500506,false,פטרוזיליה ארוזה,,,פטרוזיליה ארוזה,Unknown,0.00,Unknown,false,1,5.90,5.90,true,1,
7290101500513,false,שמיר ארוז,,,שמיר ארוז,Unknown,0.00,Unknown,false,1,5.90,5.90,true,1,
7290101500520,false,כוסברה ארוזה,,,כוסברה ארוזה,Unknown,0.00,Unknown,false,1,5.90,5.90,true,1,
7290101500537,false,נענע ארוזה,,,נענע ארוזה,Unknown,0.00,Unknown,false,1,5.90,5.90,true,1,
7290101500551,false,סלרי אמריקאי ארוז,חקלאי,,סלרי אמריקאי ארוז,Unknown,0.00,Unknown,false,1,5.90,5.90,true,1,
7290101500926,false,תרד ארוז רכות,יושלם,,תרד ארוז רכות,Unknown,0.00,Unknown,false,1,12.90,12.90,true,1,
7290101551300,false,סילאן טבעי ללא תוספת סוכר בקבוק לחיץ,מכוורת יד מרדכי שטראוס ב,,סילאן טבעי לחיץ יד מ,גרמים,700.00,100 גרם,false,1,14.90,2.13,true,1,
7290101551539,false,יוגורט PRO בטעם אפרסק 0% 20 גרם חלבון בגביע,"שטראוס בריאות בע""מ",IL,דנונה פרו 20 גרם חלב,גרמים,200.00,100 גרם,false,1,5.90,2.95,true,1,
7290101812999,false,נקניק מיני סלמי פיין,,IL,מיני פיין סלמי 350 ג,גרמים,350.00,100 גרם,false,1,33.50,9.57,true,1,
7290101952527,false,לקט בסגנון אסייתי טבעפרוסט 800 גר,,,לקט בסגנון אסייתי טב,גרמים,800.00,100 גרם,false,1,18.80,2.35,true,1,
7290101952565,false,מחבת מלבני 21X33,,IL,מיני פריזר ילדים,גרמים,400.00,100 גרם,false,1,36.50,9.13,true,1,
7290101980919,false,מארז שלישיית ביצי שוקולד ממותגים,זאיני,,מארז שלישיית ביצי שו,Unknown,0.00,Unknown,false,1,14.50,14.50,true,1,
7290102030330,false,תפוצ'יפס קראנצ' בטעם מקסיקני 200 גרם,"שטראוס פריטו ליי בע""\מ )",,תפוציפס קראנצ מקסיקנ,גרמים,200.00,100 גרם,false,1,9.90,4.95,true,1,
7290102031276,false,מארז 8 יחידות אקטימל משקה יוגורט בטעם תות בננה,מיוצר עי קונדיטוריית,,אקטימל תות בננה,גרמים,850.00,100 גרם,false,1,19.90,2.34,true,1,
7290102032334,false,אבקה להכנת משקה קפה בטעם וניל,שטראוס קפה בי.וי,,קפה נמס וניל 200 גר,גרמים,200.00,100 גרם,false,1,24.90,12.45,true,1,
7290102300822,false,גבינה צ'דר אנגלית כתומה 200 גרם,הגבינות של נני,,צדר אנגלית כתומה 200,גרמים,200.00,100 גרם,false,1,24.90,12.45,true,1,
7290102391844,false,יוגורט ביו עם קציפת פירות יער3% שומן 150 ג' מולר,מולר Muller,,פרופ מולר פירות יער,גרמים,150.00,100 גרם,false,1,5.30,3.53,true,1,
7290102392094,false,חלב עיזים 3.7% בקרטון משק צוריאל 1 ליטר,מחלבת משק צוריאל,,חלב עיזים בקרטון 1ל,מיליליטרים,1000.00,"100 מ""ל",false,1,15.90,1.59,true,1,
7290102393299,false,יוגורט עיזים לשתייה 3% משק צוריאל 500 גרם,מיוצר עי קוד יצרן HG,,יוגורט עיזים לשתיה 5,גרמים,500.00,100 גרם,false,1,12.90,2.58,true,1,
7290102395408,false,נעם גבינה צהובה 28% במשקל,החברה המרכזית,,נעם גבינה צהובה 28%,Unknown,0.00,"ק""ג",true,0,44.79,44.79,true,1,
7290102395415,false,נועם גב.צהובה9%חריץ משקל,החברה המרכזית,,נעם גבינה צהובה 9% ב,Unknown,0.00,"ק""ג",true,0,86.00,86.00,true,1,
7290102395422,false,נעם גבינה צהובה 22% במשקל,החברה המרכזית,,נעם גבינה צהובה 22%,Unknown,0.00,"ק""ג",true,0,42.58,42.58,true,1,
7290102397617,false,יוגורט ביו קרמי עם כדורים מצופים שוקולד חום לבן,מולר Muller,,מולר מיקס קליק 170 ג,גרמים,170.00,100 גרם,false,1,6.20,3.65,true,1,
7290102398331,false,חלב מועשר דל לקטוז 2% שומן טרה 1 ליטר,טרה,,חלב מועשר דל לקטוז 1,מיליליטרים,1000.00,"100 מ""ל",false,1,8.50,0.85,true,1,
7290102398553,false,שוקו טרה בבקבוק 1.5 ליטר,מילקו תעשיות בעמ,,שוקו טרה בבקבוק 1.5,ליטרים,0.00,ליטר,false,1,17.50,17.50,true,1,
7290102398614,false,משקה חלב בטעם בננה 1 ליטר טרה,מילקו תעשיות בעמ,IL,משקה חלב בננה טרה 1,מיליליטרים,1000.00,"100 מ""ל",false,1,12.50,1.25,true,1,
7290102398669,false,משקה חלב אייס קפוצ'ינו טרה 1 ליטר,מילקו תעשיות בעמ,IL,אייס קפוצינו 1 ליטר,ליטרים,0.00,ליטר,false,1,12.50,12.50,true,1,
7290102399772,false,מולר ספרדבל-ממרח חמאת מולר במליחות עדינה 250 גרם,G Weihenstephan Molkerei,,מולר ספרדבל ממרח,גרמים,250.00,100 גרם,false,1,19.90,7.96,true,1,
7290103401429,false,קפה קצב ברזילאי אוריגינס 200 גר,הנסיך- מפעל לייצור ט,,קפה קצב ברזילאי אורי,גרמים,200.00,100 גרם,false,1,21.90,10.95,true,1,
7290104061417,false,סלט חומוס עם טחינה אחלה 400 גרם,"שטראוס גרופ בע""\מ",,חומוס טחינה 400 גר,גרמים,400.00,100 גרם,false,1,10.90,2.73,true,1,
7290104061424,false,סלט חומוס עם זעתר אחלה 400 גרם,מיוצר עי קונדיטוריית,,חומוס זעתר 400 גר,גרמים,400.00,100 גרם,false,1,10.90,2.73,true,1,
7290104061431,false,סלט חומוס עם צנובר אחלה 400 גרם,"שטראוס גרופ בע""\מ",,חומוס צנובר 400 גר,גרמים,400.00,100 גרם,false,1,10.90,2.73,true,1,
7290104061448,false,סלט חומוס עם חריף אחלה 400 גרם,מיוצר עי קונדיטוריית,,חומוס חריף 400 גרם,גרמים,400.00,100 גרם,false,1,10.90,2.73,true,1,
7290104722530,false,תפוצ'יפס בטעם שמנת בצל עלית 200 גרם,"שטראוס פריטו ליי בע""\מ )",,תפוציפס שמנת בצל 200,גרמים,200.00,100 גרם,false,1,9.90,4.95,true,1,
7290104726262,false,מארז 4 יחידות דני לשתייה בטעם שוקולד + קשים,מיוצר עי קונדיטוריית,,מארז דני לשתייה 4*12,גרמים,500.00,100 גרם,false,1,10.90,2.18,true,1,
7290104726712,false,מארז 8 יחידות מעדן מילקי בטעם שוקולד עם קצפת,"שטראוס גרופ בע""\מ",,מארז מילקי שמיניייה,קילוגרמים,0.00,"ק""ג",false,1,19.50,19.50,true,1,
7290104728310,false,"שמנת מתוקה עמידה 38% שומן ""יטבתה"" -מוצר בפיקוח",מחלבת יטבתה,,שמנת עמידה לקצפת 38%,מיליליטרים,250.00,"100 מ""ל",false,1,6.47,2.59,true,1,
7290104729003,false,"יד מרדכי - שמן זית כתית מעולה 2 קלאסי 750 מ""ל",מכוורת יד מרדכי שטרא,IL,שמן זית כתית מעולה י,מיליליטרים,750.00,"100 מ""ל",false,1,29.50,3.93,true,1,
7290104962585,false,דאודורנט רול און נושם +אינביזיבל ללא סימנים לבנים,מיוצר עי : אמיליה קוסמטי,,דאו רולאון נושם אינו,מיליליטרים,75.00,"100 מ""ל",false,1,12.90,17.20,true,1,
7290105360335,false,קפסולות אספרסו למכונות נספרסו 50 גר,הנסיך- מפעל לייצור ט,,קפסולות אספרסו למכונ,גרמים,50.00,100 גרם,false,1,16.50,33.00,true,1,
7290105360762,false,"שמן זית 1 עדין 750 מ""ל יד מרדכי",מכוורת יד מרדכי שטראוס ב,,שמן זית 1 עדין 750 מ,מיליליטרים,750.00,"100 מ""ל",false,1,33.90,4.52,true,1,
7290105362339,false,"שמנת לבישול 15% 250 מ""ל יטבתה מהדרין",מחלבת יטבתה,,שמנת לבישול 15% מהדר,מיליליטרים,250.00,"100 מ""ל",false,1,7.90,3.16,true,1,
7290105364289,false,מקלות כיף כף פצפוצים עלית 40 גרם,שולן צ'\יקולטה גידה סאן.,,כיף כף מקלות פצפוצים,Unknown,0.00,Unknown,false,1,4.80,4.80,true,1,
7290105368225,false,חומוס אחלה עם פלפל שיפקה 400 גרם,מיוצר עי קונדיטוריית,,חומוס עם פלפל שיפקה,גרמים,400.00,100 גרם,false,1,10.90,2.73,true,1,
7290105368331,false,מעדן מילקי בטעם תות עם קצפת,מחלבת אחיהוד,,מילקי נוגת 134גר,גרמים,130.00,100 גרם,false,1,2.90,2.23,true,1,
7290105473950,false,חול חתולים מתגבש יור,יורוקיטי,,יורוקיטי קופסה 5 קג,קילוגרמים,0.01,"ק""ג",false,1,34.90,3490.00,true,1,
7290105500151,false,וודקה פינלנדיה בקבוק,"אלטיה קורפ, הלסינקי,",,וודקה פינלנדיה 700 מ,מיליליטרים,700.00,"100 מ""ל",false,1,57.90,8.27,true,1,
7290105500953,false,"וויסקי ג'ק דניאלס דבש 700 מ""ל",ג'ק דניאל'ס,,וויסקי גק דניאלס דבש,מיליליטרים,700.00,"100 מ""ל",false,1,109.90,15.70,true,1,
7290105691934,false,קמח שמרים אסם 1 קילו,תאי פרזידנט פוד פאבל,,"קמח שמרים 1 ק""ג",גרמים,1000.00,100 גרם,false,1,9.90,0.99,true,1,
7290105693341,false,מארז עשיריית במבה אסם 25*10 גרם,"אסם השקעות בע""\מ",,מארז במבה 25 גרם 10,גרמים,250.00,100 גרם,false,1,14.90,5.96,true,1,
7290105693952,false,פירורית זהב אסם זהב שומשום 200 ג',מיוצר עי קונדיטוריית,,פירורית זהב שומשום 2,גרמים,200.00,100 גרם,false,1,6.40,3.20,true,1,
7290105695024,false,פתיתים אפויים אורז עם אטריות אסם 500 גרם,"אסם השקעות בע""\מ",,פתיתים אפויים אורז ע,גרמים,500.00,100 גרם,false,1,6.90,1.38,true,1,
7290105964564,false,אחלה חומוס אחלה 400ג,מיוצר עי קונדיטוריית,,חומוס אחלה 400 גר,גרמים,400.00,100 גרם,false,1,9.40,2.35,true,1,
7290105965738,false,יוגורט לשתיה בטעם תות בננה267 ג' דנונה,מיוצר עי קונדיטוריית,,משקה בוקר תות בננה 2,מיליליטרים,267.00,"100 מ""ל",false,1,5.00,1.87,true,1,
7290105968777,false,פריכיות 5 דגנים עם תחתית שוקולד מריר 70 גרם,"טחנת האבן תעשיות בע""",,פריכיות אנרגי תחתית,גרמים,70.00,100 גרם,false,1,7.70,11.00,true,1,
7290106520066,false,"רבע לשבע שוקולד חלב במילוי אגוזים עלית 160 גרם בד""צ","הגביע מוצרי וופלים בע""\מ",,אצבעות וופל רבע לשבע,גרמים,160.00,100 גרם,false,1,10.90,6.81,true,1,
7290106520912,false,"שמנת 9% לבישול יטבתה 250 מ""ל מהדרין",מחלבת יטבתה,,שמנת לבישול 9% 250 מ,מיליליטרים,250.00,"100 מ""ל",false,1,7.90,3.16,true,1,
7290106526822,false,פריכיות אורז חום מלא תחתית שוקולד חלב 80 גרם,"טחנת האבן תעשיות בע""",,פריכיות אנרגי תחתית,גרמים,80.00,100 גרם,false,1,7.70,9.63,true,1,
7290106528567,false,"דוריטוס גריל 185 גרם ""עלית""","שטראוס פריטו ליי בע""\מ )",,חטיף דוריטוס גריל 18,גרמים,185.00,100 גרם,false,1,7.40,4.00,true,1,
7290106528628,false,"דוריטוס טבעי 185 גרם ""עלית""","שטראוס פריטו ליי בע""\מ )",,Dippas חטיף דוריטוס,גרמים,185.00,100 גרם,false,1,7.40,4.00,true,1,
7290106573598,false,צבר חומוס לבנוני 400 גרם,סלטי צבר,,חומוס לבנוני 400 גרם,גרמים,400.00,100 גרם,false,1,11.90,2.98,true,1,
7290106573628,false,צבר חומוס עם טחינה 400 גרם,סלטי צבר,,חומוס עם טחינה 400 ג,גרמים,400.00,100 גרם,false,1,11.90,2.98,true,1,
7290106576513,false,חומוס חלק צבר 400 גר,סלטי צבר,,חומוס חלק 400 גרם,גרמים,400.00,100 גרם,false,1,9.40,2.35,true,1,
7290106576537,false,חומוס מסעדות צבר 700 גרם,סלטי צבר,,חומוס מסעדה צבר 700,גרמים,700.00,100 גרם,false,1,10.90,1.56,true,1,
7290106577282,false,טחינה אמיתית מרובע 400 ג' צבר,סלטי צבר,,טחינה 400 גרם,גרמים,400.00,100 גרם,false,1,12.90,3.23,true,1,
7290106578692,false,ביסלי במבה מיקס מהדורת אליפות אסם 80 גרם,פרו מן יו פתרונות אר,,ביסלי במבה גריל מיקס,גרמים,80.00,100 גרם,false,1,4.30,5.38,true,1,
7290106656734,false,"עוגיות חיוכים וניל עלית 600 גרם בד""צ",אפיפית נצרת תעשיות ב,,חיוכים וניל 600 גרם,גרמים,600.00,100 גרם,false,1,20.90,3.48,true,1,
7290106663121,false,"עוגה אישית במילוי קרם חלב ""מילקי קייק"" שטראוס",בובארד איטליה אס.פי.איי,,עוגה אישית מילקי 34,גרמים,34.00,100 גרם,false,1,3.20,9.41,true,1,
7290106663183,false,צ'יטוס חטיף טעם גבינה 65ג,שטראוס גרופ,,ציטוס בטעם גבינה 65,גרמים,65.00,100 גרם,false,1,4.10,6.31,true,1,
7290106663503,false,קונפיטורה לייט תות יד מרדכי 230 גרם,אף.סי תבליני בגליל ב,,קונפיטורת לייט תות 2,גרמים,230.00,100 גרם,false,1,12.90,5.61,true,1,
7290106663558,false,"רוטב טריאקי ורימון יד מרדכי 280מ""ל",אף.סי תבליני בגליל ב,IL,רוטב טריאקי רימון 28,גרמים,320.00,100 גרם,false,1,14.60,4.56,true,1,
7290106667266,false,"דוריטוס חמוץ חריף 185 גרם ""עלית""","שטראוס פריטו ליי בע""\מ )",,חטיף דוריטוס חמוץ חר,גרמים,185.00,100 גרם,false,1,7.40,4.00,true,1,
7290106721913,false,מסטיק מאסט MUST ללא סוכר בטעם מנטה מרעננת,"שטראוס גרופ בע""מ",,צנצנת מסטיקים ריח פה,Unknown,0.00,Unknown,false,1,8.90,8.90,true,1,
7290106721920,false,צנצנת מסטיק מאסט בטעם ספירמינט עדין 66 ג' עלית,"שטראוס גרופ בע""\מ.",,צנצנת מסטיקים ספירמי,Unknown,0.00,Unknown,false,1,8.90,8.90,true,1,
7290107280723,false,נוזל לניקוי כלים סנו ספארק Spark בניחוח לימון רענן,סנו כימיקלים,,נוזל כלים סנו ספארק,מיליליטרים,700.00,"100 מ""ל",false,1,10.40,1.49,true,1,
7290107646062,false,אבקת מרק בצל רכיבים טבעיים קנור 400 ג',"יוניליוור ישראל מזון בע""",,קנור מרק בצל רכיבים,גרמים,400.00,100 גרם,false,1,23.90,5.98,true,1,
7290107932080,false,חלב מועשר יוטבתה בבקבוק 3% 1 ליטר,מחלבת יטבתה,,חלב מועשר יוטבתה בבק,מיליליטרים,1000.00,"100 מ""ל",false,1,7.30,0.73,true,1,
7290107936309,false,דנונה יוגורט 7% יווני לבן 130 ג',"שטראוס בריאות בע""מ",,דנונה יווני לבן 5.8%,גרמים,120.00,100 גרם,false,1,3.20,2.67,true,1,
7290107938396,false,שמיניית אקטימל תות דיסני בנים 108 גרם,מיוצר עי קונדיטוריית,,שמיניית אקטימל תות 8,גרמים,864.00,100 גרם,false,1,19.90,2.30,true,1,
7290107940467,false,אקטיביה יוגורט 1.5% שומן 200 ג' דנונה,מיוצר עי קונדיטוריית,,יוגורט אקטיביה 1.5%,גרמים,200.00,100 גרם,false,1,3.90,1.95,true,1,
7290107943369,false,קוואקר שיבולת שועל ללא גלוטן 511 גרם,היידי שוקולד בירונטי,,קוואקר שיבולת שועל ל,גרמים,511.00,100 גרם,false,1,16.90,3.31,true,1,
7290107951104,false,בפלות ופלים ארוכים בטעם שוקולד,"שטראוס גרופ בע""\מ",,בפלות שוקולד 200 גרם,גרמים,200.00,100 גרם,false,1,4.10,2.05,true,1,
7290107951715,false,צנצנת מסטיק מאסט קוביות בטעם ענבים 58 ג' עלית,אסקום קונפקשיין,,מאסט צנצנת קוביות ענ,Unknown,0.00,Unknown,false,1,8.90,8.90,true,1,
7290107957991,false,מילקי CAKE מיניס קרם חלב בציפוי שוקולד חלב שקית 16X9ג',בובארד איטליה אס.פי.איי,IT,מילקי CAKE מינייס 14,גרמים,144.00,100 גרם,false,1,14.60,10.14,true,1,
7290107973861,false,מאסטר שף עגבניות קצוצות דק שלישיה 400ג*3 כשלפ,קונסרזיו קאסאלאסקו ד,,מנה עגבניות קצוצות ד,קילוגרמים,0.00,"ק""ג",false,1,15.90,15.90,true,1,
7290107974806,false,"אורז בסמטי 1 ק""ג מאסטר שף",דווה סינג שיהם סינג,,"מנה אורז בסמטי 1 ק""ג",גרמים,1000.00,100 גרם,false,1,13.90,1.39,true,1,
7290107974813,false,"אורז יסמין 1 ק""ג מאסטר שף",טאומי אינטרפרייד,,"מנה אורז יסמין 1 ק""ג",גרמים,1000.00,100 גרם,false,1,12.50,1.25,true,1,
7290107978453,false,חטיף בטעם גריל קראנצ,קראנצ'וס,,קראנצוס גריל 55 גרם,גרמים,55.00,100 גרם,false,1,3.50,6.36,true,1,
7290108351606,false,מטהר אוויר בלו בלוסום סנו פרש הום 350 מל,סנו מפעלי ברונוס בעמ,,מטהר אוויר בלו בלוסו,מיליליטרים,350.00,"100 מ""ל",false,1,13.90,3.97,true,1,
7290108353662,false,"סנו סושי מפת שולחן מוטבעת 120*270 ס""מ",שואוגאנג,,XL סושי מפת שולחן מו,יחידה,1.00,יחידה,false,1,9.90,9.90,true,1,
7290108353846,false,כפפות ניטריל שחורות 80 יח' L סנו סושי,סנו סושי,,שחורות כפפות סנו סוש,Unknown,0.00,Unknown,false,1,29.90,29.90,true,1,
7290108354911,false,"שמפו, ג'ל רחצה וגילוח מועשר בתמצית אלוורה",טרופיקל דגיל תעשיות,IL,שמפו וגל רחצה קרמה מ,מיליליטרים,700.00,"100 מ""ל",false,1,20.90,2.99,true,1,
7290108357271,false,סנובון ג'ל לניקוי אסלות עם חמצן פעיל לניקוי עוצמתי,סנו מפעלי ברונוס בעמ,,סנובון מוצק בניחוח כ,מיליליטרים,0.00,"100 מ""ל",false,1,11.90,11.90,true,1,
7290108359169,false,"תבנית אלומיניום עגולה 628 ס""מ יחי סנו סושי",סנו סושי,IL,"תבניות עגולות 28 ס""מ",Unknown,0.00,Unknown,false,1,11.90,11.90,true,1,
7290108359183,false,שקית אשפה חזקות 70*50 60 יח' סנו סושי,סנו סושי,IL,שקיות אשפה 60 יחידות,Unknown,0.00,Unknown,false,1,24.90,24.90,true,1,
7290108501353,false,פילה אנשובי אמיתי ארוך בשמן וילי פוד 45,קונסרבאס סילביה,,פילה אנשובי אמיתי אר,גרמים,45.00,100 גרם,false,1,7.30,16.22,true,1,
7290108502329,false,רביעיית טונה בשמן זית ויליפוד 4*160 גרם,גולדן פרייז קאנינג אל טי,TH,רביעית טונה בשמן זית,גרמים,640.00,100 גרם,false,1,28.50,4.45,true,1,
7290108503043,false,תפוחונים חטיף פלחים מיובשים מארז 22X4ג',הביי דונגפנג פוד קו. בעמ,CN,מארז תפוחונים 4 * 22,גרמים,88.00,100 גרם,false,0,14.90,16.93,true,1,
7290108503067,false,פרמז'נו משולש ויליפוד 150 גרם,וילי פוד,,פרמזנו משולש 150 גרם,גרמים,150.00,100 גרם,false,1,16.70,11.13,true,1,
7290108503814,false,גבינה מותכת למריחה 200 גרם,לוטס,FI,גבינה מותכת ויאולה,גרמים,200.00,100 גרם,false,1,12.50,6.25,true,1,
7290108503999,false,פרוסות גבינה בטעם גאודה לכריכים וטוסטים ויליפוד 150 גרם,Euro יורו מחלבות אירופה,ES,פרוסות גבינה גאודה 1,גרמים,150.00,100 גרם,false,1,13.50,9.00,true,1,
7290108504002,false,פרוסות גבינה בטעם צ'דר לכריכים וטוסטים ויליפוד 150 גרם,Euro יורו מחלבות אירופה,ES,פרוסות גבינה לייט 9%,גרמים,150.00,100 גרם,false,1,12.90,8.60,true,1,
7290108505726,false,אצבעות גבינת חצי קשה EURO CHEESE ויליפוד 200 גרם,סאסו פטוראגס קומטויס אף,TR,אצבעות גבינה חצי קשה,גרמים,200.00,100 גרם,false,0,12.90,6.45,true,1,
7290108508499,false,"איירן משקה יוגורט בסגנון טורקי יורו 293 מ""ל",Euro יורו מחלבות אירופה,TR,איירן משקה יוגורט בס,מיליליטרים,293.00,"100 מ""ל",false,1,6.50,2.22,true,1,
7290108509618,false,זיתים ירוקים על הגריל מגולענים במרינדה 730 גרם,,TR,זיתים ירוקים על הגרי,גרמים,730.00,100 גרם,false,1,24.90,3.41,true,1,
7290108509700,false,"אורז פרסי DAAWAT מהדרין 1 ק""ג",אל.טי.פודס לימיטד,IN,"אורז פרסי 1 ק""ג DAAW",גרמים,1000.00,100 גרם,false,1,10.40,1.04,true,1,
7290109351971,false,פריכיות דגנים פיטנס מצופות שוקולד חלב,פרח תעשיות,,פיטנס בר פריכיות שוק,גרמים,84.00,100 גרם,false,1,11.90,14.17,true,1,
7290110110277,false,"סומרסבי סיידר תפוחים אלכוהולי 4*300 מ""ל","קרלסברג קרואטיה , יב",,סומרסבי סיידר תפוחים,מיליליטרים,1320.00,"100 מ""ל",false,1,27.90,2.11,true,1,
7290110110574,false,"פחיות קוקה קולה זירו לימון 330 מ""ל",החברה המרכזית לייצור משק,,סליק קולה ZERO לימון,מיליליטרים,330.00,"100 מ""ל",false,1,5.40,1.64,true,1,
7290110110659,false,"ספרייט לימון ליים פחית 330מ""ל",החברה המרכזית לייצור משק,,ספרייט סליק חדש 330,מיליליטרים,330.00,"100 מ""ל",false,1,5.40,1.64,true,1,
7290110111564,false,"משקה ספורט איזוטוני בטעם הדרים ליין 500 מ""ל פאוורייד",פאווראייד POWERADE,,פאוורייד משקה ספורט,מיליליטרים,500.00,"100 מ""ל",false,1,11.90,2.38,true,1,
7290110114787,false,נביעות+ מים מינרליים בטעם תפוח 1.5 ליטר,נביעות טבע הגליל בעמ,IL,מים נביעות בטעם תפו,ליטרים,0.00,ליטר,false,1,9.50,9.50,true,1,
7290110114794,false,נביעות+ מים מינרליים בטעם אפרסק 1.5 ליטר,"נביעות טבע הגליל בע""\מ ,",IL,מים נביעות 1.5 ליטר,ליטרים,0.00,ליטר,false,1,9.50,9.50,true,1,
7290110114800,false,נביעות+ מים מינרליים בטעם ענבים 1.5 ליטר,פארייפאבה אגרואינדוס,IL,מים נביעות בטעם ענבי,ליטרים,0.00,ליטר,false,1,9.50,9.50,true,1,
7290110114961,false,משקה קל תפוזים פריגת 1.5 ליטר,מבשלות בירה בינלאומיות ב,IL,פריגת תפוזים 1.5 ליט,ליטרים,0.00,ליטר,false,1,8.90,8.90,true,1,
7290110115005,false,משקה קל ענבים פריגת 1.5 ליטר,מבשלות בירה בינלאומיות ב,IL,פריגת ענבים 1.5 ליטר,ליטרים,0.00,ליטר,false,1,8.90,8.90,true,1,
7290110115036,false,משקה קל מנגו פריגת 1.5 ליטר,מבשלות בירה בינלאומיות ב,IL,פריגת מנגו 1.5 ליטר,ליטרים,0.00,ליטר,false,1,8.90,8.90,true,1,
7290110115043,false,משקה קל לימונענע פריגת 1.5 ליטר,מבשלות בירה בינלאומיות ב,IL,פריגת לימונענע 1.5 ל,ליטרים,0.00,ליטר,false,1,8.90,8.90,true,1,
7290110115050,false,פריגת מיקס תות בננה 1.5 ליטר פיקדון,מבשלות בירה בינלאומיות ב,IL,פריגת מיקס תות בננה,ליטרים,0.00,ליטר,false,1,8.90,8.90,true,1,
7290110115265,false,ספרייט לימון ליים 1.5 ליטר-,החברה המרכזית לייצור משק,IL,ספרייט לימון- ליים 1,ליטרים,0.00,ליטר,false,1,8.90,8.90,true,1,
7290110115289,false,ספרייט 19 קל' לימון-נענע 1.5 ליטר פיקדון,החברה המרכזית לייצור משק,IL,ספרייט לימון- נענע 1,ליטרים,0.00,ליטר,false,1,8.90,8.90,true,1,
7290110115296,false,משקה מוגז אורנג' פאנטה 1.5 ליטר,החברה המרכזית לייצור משק,IL,פאנטה אורנג 1.5 ליטר,ליטרים,0.00,ליטר,false,1,8.90,8.90,true,1,
7290110115302,false,משקה מוגז אורנג' זירו פאנטה 1.5 ליטר,החברה המרכזית לייצור משק,IL,פאנטה ZERO אורנג 1.5,ליטרים,0.00,ליטר,false,1,8.90,8.90,true,1,
7290110115319,false,פאנטה אקזוטיק 1.5 ליטר פיקדון,החברה המרכזית לייצור משק,IL,פאנטה אקזוטיק 1.5 לי,ליטרים,0.00,ליטר,false,1,8.90,8.90,true,1,
7290110115364,false,שישייה קוקה קולה 1.5 ליטר פיקדון,החברה המרכזית לייצור משק,IL,קוקה קולה שישייה 1.5,ליטרים,0.01,ליטר,false,1,49.90,4990.00,true,1,
7290110115401,false,קינלי סודה שישייה 1.5 ליטר פיקדון,החברה המרכזית לייצור משק,IL,קינלי סודה שישייה 1,ליטרים,0.01,ליטר,false,1,15.70,1570.00,true,1,
7290110115418,false,מארז שישייה קוקה קולה זירו 1.5 ל',החברה המרכזית לייצור משק,IL,קוקה קולה דיאט ZERO,ליטרים,0.01,ליטר,false,1,46.90,4690.00,true,1,
7290110115449,false,אייס תה בטעם מנגו אננס 1.5ל' FUZE TEA,מבשלות בירה בינלאומיות ב,IL,תה פיוז מנגו 1.5 ליט,ליטרים,0.00,ליטר,false,1,9.00,9.00,true,1,
7290110115463,false,פיוז טי אפרסק 1.5 ליטר פיקדון,מבשלות בירה בינלאומיות ב,IL,תה פיוז אפרסק 1.5 לי,ליטרים,0.00,ליטר,false,1,9.00,9.00,true,1,
7290110115494,false,תה קר בטעם ענבים פיוז טי 1.5 ליטר,מבשלות בירה בינלאומית בע,IL,תה פיוז ענבים 1.5 לי,ליטרים,0.00,ליטר,false,1,9.00,9.00,true,1,
7290110115616,false,FUZE tea zero גרין אננס 1.5 ליטר פיקדון,מבשלות בירה בינלאומיות ב,IL,פיוז טי זירו גרין אנ,ליטרים,0.00,ליטר,false,1,8.90,8.90,true,1,
7290110115623,false,משקה פיוז טי זירו ZERO בטעם אפרסק,מבשלות בירה בינלאומיות ב,IL,פיוז טי זירו אפרסק 1,ליטרים,0.00,ליטר,false,1,8.90,8.90,true,1,
7290110115654,false,"פיוז טי זירו גרין אננס, 500 מ""ל",מבשלות בירה בינלאומי,,תה פיוז זירו גרין א,מיליליטרים,500.00,"100 מ""ל",false,1,7.40,1.48,true,1,
7290110115777,false,מים מינרליים נביעות 1.5 ל,נביעות,,נביעות 1.5 ליטר,ליטרים,0.00,ליטר,false,1,3.90,3.90,true,1,
7290110115821,false,"ספרייט לימון, 1.5 ליטר פקדון",כלורוקס אוקלנד,,ספרייט לימון- ליים 1,ליטרים,0.00,ליטר,false,1,8.90,8.90,true,1,
7290110115845,false,קוקה קולה 1.5 ליטר פיקדון,"אינסטנטה בע""מ",,קוקה קולה 1.5 ליטר,ליטרים,0.00,ליטר,false,1,8.50,8.50,true,1,
7290110115852,false,דיאט קוקה קולה 1.5 ליטר -,תות תעשיות מזון (201,,קוקה קולה דיאט 1.5 ל,ליטרים,0.00,ליטר,false,1,8.50,8.50,true,1,
7290110115869,false,קוקה קולה זירו 1.5 ליטר פיקדון,תות תעשיות מזון (201,IL,קוקה קולה 1.5 ליטר,ליטרים,0.00,ליטר,false,1,8.50,8.50,true,1,
7290110115913,false,"משקה ספורט איזוטוני זירו בטעם אננס 500 מ""ל פאוורייד",Caslino al Piano pla,IT,פאוורייד זירו בטעם א,מיליליטרים,500.00,"100 מ""ל",false,1,11.90,2.38,true,1,
7290110116125,false,"סירופ בטעם פטל פריגת 750 מ""ל",סירופ - גבעת חיים,,סירופ בטעם פטל 750 מ,מיליליטרים,750.00,"100 מ""ל",false,1,24.90,3.32,true,1,
7290110116149,false,"סירופ בטעם ענבים פריגת 750 מ""ל",סירופ - גבעת חיים,,סירופ בטעם ענבים 750,מיליליטרים,750.00,"100 מ""ל",false,1,24.90,3.32,true,1,
7290110116385,false,"פחיות סטפאני מרשמלו אבטיח תות זירו 330 מ""ל",החברה המרכזית לייצור משק,,סליק סטפאני זירו 330,מיליליטרים,330.00,"100 מ""ל",false,1,5.40,1.64,true,1,
7290110116392,false,"סירופ בטעם תפוזים פריגת 750 מ""ל",סירופ - גבעת חיים,,סירופ בטעם תפוזים 7,מיליליטרים,750.00,"100 מ""ל",false,1,24.90,3.32,true,1,
7290110116552,false,ספרייט לימון היט 1.5 ליטר LIME פיקדון,החברה המרכזית לייצור משק,IL,ספרייט למון היט 1.5,ליטרים,0.00,ליטר,false,1,8.90,8.90,true,1,
7290110116569,false,"ספרייט זירו ZERO בק LEMON HIT, 1.5 ליטר",החברה המרכזית לייצור משק,IL,ספרייט ZERO בקבוק 1.,ליטרים,0.00,ליטר,false,1,8.90,8.90,true,1,
7290110320683,false,שמיניית משקה יוגורט 1.5% טעם תות יופלה 107 גרם,מיוצר עי קונדיטוריית,,מארז משקה יופלה תות,מיליליטרים,856.00,"100 מ""ל",false,1,19.10,2.23,true,1,
7290110320850,false,פתיתים גבינה חצי קשה מגורדת 28% שומן,תנובה מרכז שיתופי לש,,פתיתי עמק 200 גר,גרמים,200.00,100 גרם,false,1,14.90,7.45,true,1,
7290110322946,false,יופלה טיוב יוגורט במרקם חלק בטעם תות בננה כשרות רבנות 348 ג',תנובה בעמ,,יופלה טיוב במרקם חלק,גרמים,348.00,100 גרם,false,1,12.50,3.59,true,1,
7290110323301,false,טל העמק בסגנון אמנטל 32% שומן 200 גרם,פ.פ.ח. שאביט,IL,גבינה טל העמק 32% 20,גרמים,200.00,100 גרם,false,1,18.50,9.25,true,1,
7290110323714,false,משקה קוקוס שקדים תנובה E אלטרנטיב,מיוצר עי קונדיטוריית,IL,משקה קוקוס שקדים 1 ל,מיליליטרים,1000.00,"100 מ""ל",false,1,11.90,1.19,true,1,
7290110324353,false,יוגורט GO לייט בטעם אננס 20 גרם חלבון בגביע,מיוצר עי קונדיטוריית,IL,יופלה גו אננס לייט,מיליליטרים,200.00,"100 מ""ל",false,1,5.70,2.85,true,1,
7290110324551,false,יופלה טיוב יוגורט במרקם חלק תות כשרות מהדרין,"תנובה בע""\מ",IL,יופלה טיוב במרקם חלק,גרמים,348.00,100 גרם,false,1,12.50,3.59,true,1,
7290110324872,false,גבינה צהובה גלבוע 5% שומן 200 גרם,גלבוע - תנובה,,גלבוע 5% 200 גרם,גרמים,200.00,100 גרם,false,1,17.90,8.95,true,1,
7290110324926,false,משקה סויה ללא תוספת סוכר E אלטרנטיב,תנובה מרכז שיתופי לש,,משקה סויה ללא תוספת,מיליליטרים,1000.00,"100 מ""ל",false,1,10.90,1.09,true,1,
7290110325114,false,"משקה יוגורט יופלה גו לייט תות בננה 250 מ""ל - רבנות",מיוצר עי קונדיטוריית,IL,משקה יוגורט גו לייט,מיליליטרים,250.00,"100 מ""ל",false,1,5.90,2.36,true,1,
7290110325619,false,משקה שיבולת שועל תנובה E אלטרנטיב,מיוצר עי קונדיטוריית,IL,משקה שיבולת שועל 1 ל,ליטרים,0.00,ליטר,false,1,12.90,12.90,true,1,
7290110325879,false,פתיתי גאודה תנובה 200 גרם,תנובה- השף הלבן,IL,פתיתי גאודה 200 גרם,גרמים,200.00,100 גרם,false,1,19.80,9.90,true,1,
7290110325893,false,משקה חלב GO מועשר בחלבון בטעם אייס קפה,מיוצר עי קונדיטוריית,IL,"אייס קפה GO 340 מ""ל",גרמים,340.00,100 גרם,false,1,8.50,2.50,true,1,
7290110326982,false,משקה YOLO חלב עם שוקולד קלאסי 1 ליטר,תנובה מרכז שיתופי לש,IL,משקה חלב עם שוקולד ק,מיליליטרים,1000.00,"100 מ""ל",false,1,13.50,1.35,true,1,
7290110328504,false,טריו - מיקס גבינות מוצרלה סקנדינבית וגאודה 300 גרם,מיוצר עי קונדיטוריית,IL,טריו מיקס- מוצרלה סק,גרמים,300.00,100 גרם,false,1,29.50,9.83,true,1,
7290110328610,false,אלטרנטיב בריסטה משקה אורז ושקדים 1 ליטר,תנובה Alternative,,משקה אורז ושקדים ברי,ליטרים,1.00,ליטר,false,1,12.90,12.90,true,1,
7290110328627,false,יוגורט יופלה GO במרקם סמיך בטעם בננה קרמל 0%,מיוצר עי קונדיטוריית,,יוגורט גו סמיך בננה,מיליליטרים,200.00,"100 מ""ל",false,1,5.90,2.95,true,1,
7290110328764,false,יוגורט יופלה GO במרקם סמיך עם תות 0%,מיוצר עי קונדיטוריית,,יוגורט גו סמיך תות,מיליליטרים,200.00,"100 מ""ל",false,1,5.70,2.85,true,1,
7290110328771,false,יוגורט יופלה GO במרקם סמיך עם פירות יער 0%,מיוצר עי קונדיטוריית,,יוגורט גו סמיך פירות,מיליליטרים,200.00,"100 מ""ל",false,1,5.90,2.95,true,1,
7290110328788,false,יוגורט יופלה GO במרקם סמיך בטעם אפרסק 0%,תנובה מרכז שיתופי לש,,יוגורט גו סמיך אפרסק,מיליליטרים,200.00,"100 מ""ל",false,1,5.90,2.95,true,1,
7290110329136,false,מעדן חלב מעושר בחלבון בטעם שוקולד 120 ג' GO,תנובה מרכז שיתופי לש,,מעדן חלב go בטעם שוק,גרמים,120.00,100 גרם,false,1,5.10,4.25,true,1,
7290110329143,false,מעדן חלב מעושר בחלבון בטעם וניל גביע 120 ג' GO,תנובה מרכז שיתופי לש,,מעדן חלב go בטעם וני,גרמים,120.00,100 גרם,false,1,5.10,4.25,true,1,
7290110329792,false,יוגורט סויה BIO Alternative אפרסק 150 ג' תנובה,מיוצר עי קונדיטוריית,IL,סויה BIO אפרסק גביע,גרמים,150.00,100 גרם,false,1,4.80,3.20,true,1,
7290110329808,false,יוגורט סויה BIO Alternative תות 150 ג' תנובה,מיוצר עי קונדיטוריית,IL,סויה BIO תות גביע 15,גרמים,150.00,100 גרם,false,1,4.80,3.20,true,1,
7290110329822,false,יוגורט סויה BIO Alternative פירות יער 150 ג' תנובה,מיוצר עי קונדיטוריית,IL,מעדן סויה ביו פירות,גרמים,150.00,100 גרם,false,1,4.80,3.20,true,1,
7290110550226,false,מטבעות שוקולד מריר לאפיה 400 גרם עלית,"פוליבה בע""\מ",IT,מטבעות שוקולד מריר ל,גרמים,400.00,100 גרם,false,1,33.90,8.48,true,1,
7290110552220,false,יוגורט PRO בטעם תות 0% סוכר לבן 20 גרם חלבון בגביע,"שטראוס בריאות בע""\מ",,דנונה פרו תות 20 ג ח,גרמים,200.00,100 גרם,false,1,5.90,2.95,true,1,
7290110552237,false,יוגורט פרו בטעם אפרסק מנגו ללא סוכר 200 ג' דנונה,"שטראוס בריאות בע""\מ",,דנונה פרו אפרסק מנגו,גרמים,200.00,100 גרם,false,1,5.90,2.95,true,1,
7290110554422,false,פומודורו רוטב עגבניות ופלפלים לשקשוקה לפסטה יד מרדכי 350 גרם,אמיליאנה קונסרב סוסייטה,IT,רוטב עגבניות ופלפלים,גרמים,350.00,100 גרם,false,1,13.50,3.86,true,1,
7290110554460,false,ציטוס קראנץ צ'דר חלפיניו 65 ג' עלית,עלית,,ציטוס קראנץ צדר חלפי,גרמים,65.00,100 גרם,false,1,4.10,6.31,true,1,
7290110556242,false,"שוקולד מריר פרווה 100 גר' בד""ץ תוצרת חוץ","שטראוס גרופ בע""מ.",,שוקולד מריר פרווה ח,גרמים,100.00,100 גרם,false,1,5.20,5.20,true,1,
7290110558284,false,דנונה ביו מולטי שטראוס 200 גרם,"שטראוס בריאות בע""\מ",,דנונה ביו מולטי 200,גרמים,200.00,100 גרם,false,1,4.50,2.25,true,1,
7290110558307,false,יוגורט דנונה PRO עם שיבולת שועל במתיקות מעודנת,"שטראוס בריאות בע""\מ",IL,דנונה פרו 20 ג חלבון,גרמים,200.00,100 גרם,false,1,6.40,3.20,true,1,
7290110558314,false,דנונה פרו 20 גרם חלבון ללא סוכר פיסטוק 200 גרם,"שטראוס בריאות בע""\מ",,דנונה פרו פיסטוק 20,גרמים,200.00,100 גרם,false,1,5.90,2.95,true,1,
7290110558666,false,מעדן גבינה בטעם תפוח 88 ג' דניאלה,"שטראוס בריאות בע""\מ",,דניאלה בטעם תפוח 88,גרמים,88.00,100 גרם,false,1,4.10,4.66,true,1,
7290110560324,false,"הפריכיות הטעימות תפו""א, אורז, אפונה ומלח ים","פרח תעשיו מזון בע""מ",IL,פריכיות משולשות אנרג,גרמים,30.00,100 גרם,false,1,4.90,16.33,true,1,
7290110561352,false,דנונה יוגורט ביו פרוביוטי 3% דל לקטוז 150ג',"שטראוס בריאות בע""\מ",,דנונה דל לקטוז,גרמים,200.00,100 גרם,false,1,3.50,1.75,true,1,
7290110563448,false,"משקה קפה קר בסגנון מעודן 230 מ""ל 1.6% יוטבתה",האי נאם סי או אל.טי.,IL,משקה קפה קר 1.6% מעו,מיליליטרים,230.00,"100 מ""ל",false,1,7.90,3.43,true,1,
7290110563462,false,חלב 2% דל לקטוז בבקבוק יטבתה 1 ליטר.,מחלבת יטבתה,IL,חלב נטול לקטוז 2% בב,ליטרים,0.00,ליטר,false,1,8.20,8.20,true,1,
7290110563820,false,טעם הטבע סלק מבושל 1,,,סלק בואקום,גרמים,1000.00,100 גרם,false,1,13.90,1.39,true,1,
7290110564360,false,חומוס אחלה הסידרה המובחר 40% טחינה 400 גר',מיוצר עי קונדיטוריית,,חומוס עשיר ב-40% טחי,גרמים,400.00,100 גרם,false,1,13.90,3.48,true,1,
7290110571474,false,רבע לשבע טבעוני פופקורן עלית 125 גרם,"הגביע מוצרי וופלים בע""\מ",,רבע לשבע טבעוני פופק,גרמים,125.00,100 גרם,false,1,10.90,8.72,true,1,
7290110576356,false,"שוקולד ספלנדיד מריר 64% - חלבי , מפולי קקאו מפרו",קימ'\ס גריפלנן,,ספלנדיד שוקולד מריר,גרמים,100.00,100 גרם,false,1,8.90,8.90,true,1,
7290110576868,false,רבעיית גמדים סלט פירוט * 100 ג' שטראוס,"שטראוס בריאות בע""\מ",,גמדים רביעיית סלט פי,גרמים,200.00,100 גרם,false,1,11.70,5.85,true,1,
7290110577230,false,משקה חלב בטעם פיסטוק בבקבוק יטבתה 1 ליטר,שטראוס גרופ,,משקה חלב בטעם פיסטוק,מיליליטרים,1000.00,"100 מ""ל",false,1,11.90,1.19,true,1,
7290110577247,false,"יטבתה משקה חלב-פיסטוק בבקבוק 350 מ""ל",מחלבת יטבתה,,משקה חלב בטעם פיסטוק,מיליליטרים,350.00,"100 מ""ל",false,1,6.90,1.97,true,1,
7290111341366,false,ניקול מפיות אירוח חד שכבתי 150 יחידות,"משווק ע""י קימברלי קלארק",IL,מפיות ניקול חד שכבתי,Unknown,0.00,Unknown,false,1,7.90,7.90,true,1,
7290111344206,false,האגיס נטורל קר מגבונים לחים בבישום עדין רביעייה,חוגלה קימברלי,,מגבוני האגיס רביעייה,Unknown,0.00,Unknown,false,1,19.90,19.90,true,1,
7290111345814,false,נייר טואלט לילי נטורל קר 30 גלילים מהדורה,לילי נייר טואלט חוגלה,,לילי נייר טואלט נטור,מטרים,588.00,מטר,false,1,41.90,0.07,true,1,
7290111346293,false,מגבת נייר ניקול 6 יחידות מהדורה חגיגית,קימברלי קלארק,,מגבות ניקול שישייה מ,Unknown,0.00,Unknown,false,1,12.90,12.90,true,1,
7290111564277,false,פריכיות דקות ונימוחות 3 דגנים פיטנס Fitness,פרח תעשיות בעמ,,פריכיות פיטנס שלושה,גרמים,120.00,100 גרם,false,1,10.50,8.75,true,1,
7290111566547,false,טבעול חזה בגריל צמחוני 99 קלוריות 560ג',עיצובים 2020 (4.8),,חזה בגריל צמחוני טבע,גרמים,560.00,100 גרם,false,1,31.90,5.70,true,1,
7290111566714,false,טבעול המבורגר צמחוני 99 קלוריות 600 גרם,עיצובים 2020 (4.8),,המבורגר צמחוני 99 קל,גרמים,600.00,100 גרם,false,1,31.50,5.25,true,1,
7290111568206,false,ביסלי פארטי מיקס אסם 150 גר',פרו מן יו פתרונות אר,,ביסלי פארטי מיקס 150,גרמים,150.00,100 גרם,false,1,7.50,5.00,true,1,
7290111568251,false,אטריות נודלס להקפצה אסם אסייתי 350 גר',תאי פרזידנטפוד,,נודלס אטריות להקפצה,גרמים,350.00,100 גרם,false,1,10.40,2.97,true,1,
7290111870910,false,מרשמלו מסולסל ארוך 18 גר'- כוח פי גיי,,CN,מרשמלו מסולסל ארוך 1,Unknown,1.00,Unknown,false,24,32.90,32.90,true,1,
7290111938498,false,"מנה אסייאתי רוטב סויה בהירה 700 מ""ל מ.שף",קי.אר.אס. ספייסי פוד,,מנה אסייאתי רוטב סוי,מיליליטרים,700.00,"100 מ""ל",false,1,17.70,2.53,true,1,
7290112330352,false,"יוגורט PRO בטעם וניל 0% , 20 גרם חלבון בגביע","שטראוס בריאות בע""\מ",IL,דנונה פרו וניל 20 גר,גרמים,200.00,100 גרם,false,1,5.90,2.95,true,1,
7290112330390,false,דנונה פרו פירות יער 20 גרם חלבון 0% שומן 200 גרם,"שטראוס בריאות בע""\מ",IL,דנונה פרו פירות יער,גרמים,200.00,100 גרם,false,1,5.90,2.95,true,1,
7290112332585,false,פריכיות משולש תפוא אורז בתיבול סלק ומלח ים אנרג'י 30 גרם,"פרח תעשיו מזון בע""מ",IL,"פריכיות תפו""א, אורז,",גרמים,30.00,100 גרם,false,1,4.90,16.33,true,1,
7290112335111,false,מסטיק מאסט קוביות בזוקה ללא גלוטן 86 גר,אסקום קונפקשיין,DE,מסטיק מאסט קוביות בז,גרמים,86.00,100 גרם,false,1,14.90,17.33,true,1,
7290112339171,false,מילקי מוס עם שוקולד וקצפת,מיוצר עי קונדיטוריית,IL,מילקי מוס 133 גרם,גרמים,133.00,100 גרם,false,1,3.50,2.63,true,1,
7290112339867,false,גמדים לדרך גבינה לבנה עם מחית תות,"שטראוס בריאות בע""\מ",IL,גמדים סקוויז תות 100,גרמים,100.00,100 גרם,false,1,5.90,5.90,true,1,
7290112339874,false,גמדים לדרך גבינה לבנה עם מחיות תות ובננה,"שטראוס בריאות בע""\מ",IL,גמדים סקוויז תות,גרמים,100.00,100 גרם,false,1,5.90,5.90,true,1,
7290112340245,false,צנצנת מסטיק מאסט בטעם דובדבן 66 ג' עלית,"שטראוס גרופ בע""\מ",IL,צנצנת מאסט בטעם דובד,גרמים,66.00,100 גרם,false,1,8.90,13.48,true,1,
7290112341679,false,דנונה אקטיביה 3% שומן 200 גרם,מיוצר עי קונדיטוריית,IL,יוגורט אקטיביה 3% 2,גרמים,200.00,100 גרם,false,1,3.90,1.95,true,1,
7290112343260,false,"יטבתה רוטב שמנת קלאסי 9% שומן 260 מ""ל",שטראוס גרופ,,יטבתה רוטב שמנת עם פ,גרמים,260.00,100 גרם,false,1,10.90,4.19,true,1,
7290112343420,false,"משקה חלב עם דגנים מלאים ובננה פרו יטבתה 350מ""ל",מחלבת יטבתה,IL,משקה חלב עם דגנים וב,מיליליטרים,350.00,"100 מ""ל",false,1,7.50,2.14,true,1,
7290112343499,false,חטיף צ'יטוס פאפס אפוי בטעם גבינה,"שטראוס פריטו ליי בע""\מ )",,ציטוס 55 גרם 48 יחיד,גרמים,55.00,100 גרם,false,1,3.50,6.36,true,1,
7290112343512,false,צ'יטוס puffs בטעם גבינה 180 גרם,"שטראוס פריטו ליי בע""\מ )",,ציטוס 160 גרם 9 יחי,גרמים,160.00,100 גרם,false,1,7.90,4.94,true,1,
7290112344755,false,מילקי שוקולד 26% פחות סוכר 135 גרם,מיוצר עי קונדיטוריית,,מילקי מופחת סוכר 133,גרמים,133.00,100 גרם,false,1,2.90,2.18,true,1,
7290112344786,false,קפה פלטינום קלאסיק עלית 200 גרם,הנסיך- מפעל לייצור ט,IL,קפה פלטינום קלאסיק 2,גרמים,200.00,100 גרם,false,1,21.90,10.95,true,1,
7290112346827,false,שמיניית אקטימל ויטמין C פטל 108 גרם,"שטראוס בריאות בע""\מ",IL,אקטימל ויטמין c פטל,מיליליטרים,800.00,"100 מ""ל",false,1,20.90,2.61,true,1,
7290112347008,false,גמדים לדרך גבינה לבנה עם מחית תות ושיבולת שועל,מיוצר עי קונדיטוריית,IL,גמדים סקוויז תות בננ,גרמים,100.00,100 גרם,false,1,5.90,5.90,true,1,
7290112348142,false,שעועית לבנה 380 גר' בקופסה טעם הטבע,שטראוס טעם הטבע,IT,שעועית לבנה טעם הטבע,גרמים,380.00,100 גרם,false,1,7.30,1.92,true,1,
7290112349316,false,מסטיק בזוקה פופים ממולא בטעם תות ללא סוכר,אסקום קונפקשיין,DE,מסטיק בזוקה ביג פופי,גרמים,86.00,100 גרם,false,1,14.90,17.33,true,1,
7290112349606,false,מעדן גבינה ויוגורט תות בננה 88 ג' דניאלה,"שטראוס בריאות בע""\מ",,דניאלה תות בננה 88 ג,גרמים,88.00,100 גרם,false,1,3.90,4.43,true,1,
7290112349705,false,פומודורו רוטב עגבניות קלאסי לפסטה יד מרדכי 350 גרם,אמיליאנה קונסרב סוסייטה,IT,רוטב עגבניות לפסטה ק,גרמים,350.00,100 גרם,false,1,13.50,3.86,true,1,
7290112349736,false,בזיליקום רוטב עגבניות לפסטה יד מרדכי 350 גרם,אמיליאנה קונסרב סוסייטה,IT,רוטב עגבניות לפסטה ב,גרמים,350.00,100 גרם,false,1,13.50,3.86,true,1,
7290112349750,false,פיצה רוטב עגבניות לפיצה יד מרדכי 350 גרם,אמיליאנה קונסרב סוסייטה,IT,רוטב עגבניות לפיצה י,גרמים,350.00,100 גרם,false,1,13.50,3.86,true,1,
7290112354945,false,תפוצ'יפס WAVY בטעם טבעי 50 גרם,שטראוס פריטו ליי בע”,IL,תפוציפס טבעי 50 גר W,גרמים,50.00,100 גרם,false,1,3.90,7.80,true,1,
7290112355027,false,דנונה פרו 20 גרם חלבון בטעם קרמל מלוח 200 גרם,"שטראוס בריאות בע""\מ",,דנונה פרו 20 גרם חלב,גרמים,200.00,100 גרם,false,1,5.90,2.95,true,1,
7290112355102,false,גמדים סקוויז 100 גרם פאוץ סלט פירות 100 גרם,"שטראוס בריאות בע""\מ",IL,גמדים פאוץ סלט פירות,גרמים,100.00,100 גרם,false,1,5.90,5.90,true,1,
7290112357106,false,שעועית אדומה 380 גר' בקופסה טעם הטבע,שטראוס טעם הטבע,IT,שעועית אדומה טעם הטב,גרמים,380.00,100 גרם,false,1,7.30,1.92,true,1,
7290112358127,false,דנונה פרו חלבון+מגנזיום- וניל ועוגיות 200 גרם,מיוצר עי קונדיטוריית,IL,דנונה פרו 20 ג חלבון,גרמים,200.00,100 גרם,false,1,6.40,3.20,true,1,
7290112490209,false,נמס בכוס מרק עגבניות עם קרוטונים רכיבים טבעיים,יוניליוור ישראל מזון בעמ,IL,מרק נמס בכוס עגבניות,גרמים,56.00,100 גרם,false,1,6.50,11.61,true,1,
7290112491701,false,ברנפלקס בטעם וניל מעודן 20% חלבון Extra Protein,יוניליוור ישראל מזון בעמ,IL,ברנפלקס אקסטרה פרוטא,גרמים,375.00,100 גרם,false,1,21.90,5.84,true,1,
7290112493293,false,קנור - נמס ירקות וקרוטונים ר.טבעי 44 גרם,יוניליוור ישראל מזון בעמ,,מרק קנור נמס בכוס יר,גרמים,44.00,100 גרם,false,1,6.50,14.77,true,1,
7290112494016,false,"מיונז אמיתי מופחת שומן תלמה 500 גרם בד""צ",יוניליוור ישראל מזון בעמ,,מיונז מופחת שומן 500,גרמים,500.00,100 גרם,false,1,12.90,2.58,true,1,
7290112494344,false,קורנפלקס כספי אלופים תלמה850 גר',"יוניליוור שפע ישראל בע""\",,קורנפלקס של אלופים כ,גרמים,850.00,100 גרם,false,1,16.90,1.99,true,1,
7290112495006,false,כריות נוגט 686 גרם - קופסא,"יוניליוור ישראל מזון בע""",,כריות נוגט 686 גרם -,גרמים,686.00,100 גרם,false,1,24.90,3.63,true,1,
7290112495020,false,כריות צוקולדה בדצ מאוחד 750 גר,"יוניליוור ישראל מזון בע""",,כריות צוקולדה 686 ג,גרמים,686.00,100 גרם,false,1,24.90,3.63,true,1,
7290112495105,false,נשנושים טעם שמנת בצל בייגל בייגל 260 גרם,בייגל את בייגל מזון 198),,נשנושים תפוא בצל 260,גרמים,260.00,100 גרם,false,1,12.70,4.88,true,1,
7290112495228,false,קורנפלקס דבש תלמה אלופים 448 גרם,"יוניליוור שפע ישראל בע""\",,קורנפלקס דבש 448 גרם,גרמים,448.00,100 גרם,false,1,17.90,4.00,true,1,
7290112495280,false,ריבועי ברנפלקס קינמון תלמה 400 גרם,"יוניליוור שפע ישראל בע""\",,ריבועי ברנפלקס קינמו,גרמים,400.00,100 גרם,false,1,20.90,5.23,true,1,
7290112495761,false,"הלמנס רוטב לחיץ אלף האיים לייט 290 מ""ל",יוניליוור ישראל מזון בעמ,,הלמנס לסלט אלף האיים,מיליליטרים,305.00,"100 מ""ל",false,1,12.50,4.10,true,1,
7290112495785,false,רוטב לסלט שום הלמנס 300ג,יוניליוור ישראל מזון בעמ,,הלמנס רוטב שום 300 ג,גרמים,300.00,100 גרם,false,1,12.50,4.17,true,1,
7290112496447,false,נמס בכוס אקסטרה טעם עוף עם המון אטריות 27ג',יוניליוור ישראל מזון בע\,,נמס בכוס אקסטרה טעם,גרמים,27.00,100 גרם,false,1,4.20,15.56,true,1,
7290112497123,false,סחלב תערובת להכנת מעדן בטעם סחלב 112גרם,יוניליוור ישראל מזון בע\,,סחלב 112 גרם-קופסא,גרמים,112.00,100 גרם,false,1,16.20,14.46,true,1,
7290112961266,false,בייגלה כפיות פיזור איטלקי 300 גרם אסם,"אסם תעשיות בע""מ",,בייגלה כפיות פיזור א,גרמים,300.00,100 גרם,false,1,10.90,3.63,true,1,
7290112963918,false,פיטנס חטיפי קרקר דק רוזמרין 140 גרם,נסטלה Nestle,IL,פיטנס קרקר דק רוזמרי,גרמים,140.00,100 גרם,false,1,11.90,8.50,true,1,
7290112964052,false,פסטה וזוביוטו פרפקטו 500 ג' אסם,ניולט פוד ס.פ.א,,פסטה מוביוטו פרפקטו,גרמים,500.00,100 גרם,false,1,12.90,2.58,true,1,
7290112964472,false,אסם רוטב שום חדש לסלט 290 גרם,"אסם תעשיות בע""מ",,"רוטב שום לסלט 290 מ""",מיליליטרים,290.00,"100 מ""ל",false,1,12.50,4.31,true,1,
7290112965301,false,זוג מרק נמס בטעם עוף עם שקדי מרק רגע חם,"אסם תעשיות בע""מ",IL,אסם זוג מרק נמס טעם,גרמים,52.00,100 גרם,false,1,5.90,11.35,true,1,
7290112965660,false,פיטנס - חטיף מולטיגריין מלח פלפל 25 גרם,מיוצר עי קונדיטוריית,IL,פיטנס חטיף מולטיגריי,גרמים,25.00,100 גרם,false,1,4.90,19.60,true,1,
7290112965684,false,פיטנס - חטיף מולטיגריין עשבי תיבול 25 גרם,מיוצר עי קונדיטוריית,IL,פיטנס חטיף מולטיגריי,גרמים,25.00,100 גרם,false,1,4.90,19.60,true,1,
7290112966780,false,טחינה בלאדי עם חציל קלוי צבר 350 גרם,שוורצקוף& הנקל דיסלד,IL,טחינה בלאדי עם חציל,גרמים,350.00,100 גרם,false,1,18.80,5.37,true,1,
7290112968807,false,פיטנס - קרקר דק סלק 140 גרם,מפעל אסם יקנעם,,פיטנס קרקר דק סלק 14,גרמים,140.00,100 גרם,false,1,11.90,8.50,true,1,
7290113190375,false,סילאן טבעי 900 גרם שקדיה,ג.מ. טעם הארץ,TR,סילאן טבעי שקדיה 900,גרמים,900.00,100 גרם,false,1,20.90,2.32,true,1,
7290113192157,false,אגוזי ברזיל קלופים 150 גרם,דין שיווק,IL,אגוזי ברזיל קלופים 1,גרמים,150.00,100 גרם,false,1,16.90,11.27,true,1,
7290113192164,false,אגוזי קשיו קלופים 150 גרם ששון הקולה,דין שיווק,IL,אגוזי קשיו קלופים 15,גרמים,150.00,100 גרם,false,1,16.90,11.27,true,1,
7290113192331,false,זיתים ירוקים מנזנילו 340 גר' בית השיטה,בית-השיטה עסיס תעשיות מז,IL,זית ירוק גדול A2 בית,גרמים,340.00,100 גרם,false,1,11.90,3.50,true,1,
7290113192348,false,בית השיטה זיתים ירוקים גדול מאודבטעם שום,בית-השיטה עסיס תעשיות מז,IL,זית ירוק 17-19 2A ב,גרמים,340.00,100 גרם,false,1,11.00,3.24,true,1,
7290113192355,false,חרוזית זיתים ירוקים ללא גלעין 275 ג' בית השיטה,בית-השיטה עסיס תעשיות מז,,זית חרוזית ירוק A2 ב,גרמים,275.00,100 גרם,false,1,10.30,3.75,true,1,
7290113192379,false,בית השיטה זיתים ירוקים מבוקעים א2 340גר',בית השיטה,IL,זיתים ירוקים מבוקעים,גרמים,340.00,100 גרם,false,1,11.50,3.38,true,1,
7290113192478,false,בית השיטה מלפפונים במלח בינוני 10-12 320 גרם,בית-השיטה עסיס תעשיות מז,IL,מלפפונים במלח 10-12,גרמים,320.00,100 גרם,false,1,7.60,2.38,true,1,
7290113192508,false,ב.השיטה מלפפון במלח ר.טבע א2 17-13 320 גרם,בית-השיטה עסיס תעשיות מז,IL,מלפפון במלח 17-13 בי,גרמים,320.00,100 גרם,false,1,10.50,3.28,true,1,
7290113192515,false,בית השיטה מלפפונים במלח קטן מאוד 1825 320 גרם,בית-השיטה עסיס תעשיות מז,IL,מלפפון במלח 18-25 32,גרמים,320.00,100 גרם,false,1,12.50,3.91,true,1,
7290113192522,false,בית השיטה מלפפונים בחומץ קטן מאוד 1825 290 גרם,בית-השיטה עסיס תעשיות מז,IL,מלפפון בחומץ 18-25 2,גרמים,290.00,100 גרם,false,1,12.50,4.31,true,1,
7290113192539,false,בית השיטה מלפפונים במלח גדול 79 320 גרם,בית-השיטה עסיס תעשיות מז,IL,מלפפון במלח 7-9 בית,גרמים,320.00,100 גרם,false,1,6.90,2.16,true,1,
7290113192553,false,מלפפונים במלח 13-17 פיקנטי בית השיטה 320 גרם,בית-השיטה עסיס תעשיות מז,IL,מלפפונים במלח באלדי,גרמים,320.00,100 גרם,false,1,10.50,3.28,true,1,
7290113192560,false,בית השיטה פלפל שיפקה חריף כבוש 230 גרם,בית-השיטה עסיס תעשיות מז,IL,פלפל שיפקה A2 בית ה,גרמים,230.00,100 גרם,false,1,7.90,3.43,true,1,
7290113193369,false,בית השיטה תרסיס שמן קנולה מזוכך 150 מל,פוד אירוסולס ספיין,,בית השיטה תרסיס שמן,מיליליטרים,150.00,"100 מ""ל",false,1,14.90,9.93,true,1,
7290113196414,false,"אורז בסמטי 1 ק""ג - שקדיה כחול מטאלי",דאבה סינג שאם סינג,IN,אורז בסמטי שקדיה 1 ק,גרמים,1000.00,100 גרם,false,1,12.50,1.25,true,1,
7290113302280,false,חטיף בונזו צורת נקניקייה 80 גר,,,חטיף בונזו בצורת קני,Unknown,0.00,Unknown,false,1,12.90,12.90,true,1,
7290114310239,false,חלב נטול לקטוז מועשר בוויטמין D י 2% 1.5 ל' טרה,מילקו תעשיות בעמ,IL,חלב נטול לקטוז מועשר,מיליליטרים,1500.00,"100 מ""ל",false,1,12.50,0.83,true,1,
7290114310628,false,משקה חלב וניל ועוגיות בקבוק 1 ליטר,מילקו תעשיות בעמ,,משקה חלב וניל עוגיות,מיליליטרים,1000.00,"100 מ""ל",false,1,12.50,1.25,true,1,
7290114311021,false,"משקה חלב וניל עוגיות פקק ספורט טרה 250 מ""ל",מילקו תעשיות בעמ,,משקה חלב וניל עוגיות,מיליליטרים,250.00,"100 מ""ל",false,1,5.90,2.36,true,1,
7290114311298,false,יוגורט מולר פרופ בטעם תות בננה מלון 150,מולר Muller,IL,יוגורט מולר פרופ בטע,גרמים,150.00,100 גרם,false,1,5.00,3.33,true,1,
7290114600750,false,קו-קווים חטיף אפוי עם גבינת פקורינו - חלבי,הדקלאים אגודת שיתופי,IT,קו-קווים חטיף אפוי ע,גרמים,150.00,100 גרם,false,1,11.90,7.93,true,1,
7290114603508,false,"מטסטר שף רוטב להקפצה 300 מ""ל",מאסטר שף,TH,רוטב להקפצה מאסטר שף,מיליליטרים,300.00,"100 מ""ל",false,1,10.90,3.63,true,1,
7290114606578,false,שקדי מרק מאסטר שף 400 גרם,שסטוביץ,IL,שקדי מרק מאסטר שף 40,גרמים,400.00,100 גרם,false,1,9.90,2.48,true,1,
7290114608633,false,"דפי אצה מאסטר שף, 25 גרם",גרימי קו,,דפי אצה מאסטר שף 25,גרמים,25.00,100 גרם,false,1,12.50,50.00,true,1,
7290114608640,false,קרוטונים לסלט כוסמין מאסטר שף 260 גרם,עינת תעשיות מזון אגו,IL,קרוטונים לסלט כוסמין,גרמים,260.00,100 גרם,false,1,21.90,8.42,true,1,
7290115180688,false,יחידות טבק לחימום סגול PP,פיליפ מוריס,,יחידות טבק לחימום סג,Unknown,0.00,Unknown,false,1,26.50,26.50,true,1,
7290115181531,false,EHC1 HEETS TEAK SELECTION S50 PRI חפיסה,פיליפ מוריס,,היטס טיק TEAK SELECT,Unknown,0.00,Unknown,false,1,26.50,26.50,true,1,
7290115190090,false,סיגריות מרלבורו גולד קצר בוקס,פיליפ מוריס,,מרלבורו גולד קצר,Unknown,0.00,Unknown,false,1,35.90,35.90,true,1,
7290115190151,false,סיגריות מרלבורו טאצ גולד,פיליפ מוריס,,מלבורו גולד טאצ 7.1,יחידה,1.00,יחידה,false,1,31.90,31.90,true,1,
7290115190250,false,סיגריות פרלמנט קצר בודד,פיליפ מוריס,,פרלמנט נייט PP חפיסה,Unknown,0.00,Unknown,false,1,41.00,41.00,true,1,
7290115190359,false,סיגריות L.M בלו לייבל קצר,פיליפ מוריס,,L&M בלו לייבל קצר-חפ,Unknown,0.00,Unknown,false,1,31.90,31.90,true,1,
7290115190434,false,סיגריות L.M וייב סלימס בודד,פיליפ מוריס,,ל.מ וייב PP חפיסה,Unknown,0.00,Unknown,false,1,31.90,31.90,true,1,
7290115190533,false,סיגריות נקסט ריסס 100 בודד,פיליפ מוריס,,נקסט 100 ריסס חפיסה,Unknown,0.00,Unknown,false,1,25.90,25.90,true,1,
7290115190595,false,סיגריות נקסט אוריגינ,פיליפ מוריס,,נקסט FF חפיסה,Unknown,0.00,Unknown,false,1,29.90,29.90,true,1,
7290115200027,false,אסם פתי בר פינוקים שוקו 220 גרם,קריות זול,,אסם פתי בר פינוקי שו,גרמים,220.00,100 גרם,false,1,10.90,4.95,true,1,
7290115201680,false,ביסלי בטעם ברביקיו אסם 70 גרם,"אסם השקעות בע""\מ",IL,ביסלי ברביקיו 70 גרם,גרמים,70.00,100 גרם,false,1,4.20,6.00,true,1,
7290115202434,false,צבר סלט חומוס עם זעתר 375 גרם,ג'נרל מילס סאן אדריא,IL,חומוס עם זעתר צבר 37,גרמים,375.00,100 גרם,false,1,11.90,3.17,true,1,
7290115203172,false,במבה PRO מכיל 18 גרם חלבון בשקית,"אסם השקעות בע""\מ",,במבה פרו 80 גרם,גרמים,80.00,100 גרם,false,1,4.30,5.38,true,1,
7290115203295,false,פרפקטו פסטה ריציאולי מהדורה 12*500גרם,אסם פרפקטו Perfecto,,פרפקטו פסטה ריציאולי,גרמים,500.00,100 גרם,false,1,12.90,2.58,true,1,
7290115204056,false,"קטשופ מופחת סוכר אסם 690 גרם כשל""פ","אסם תעשיות בע""מ",IL,קטשופ אסם מופחת סוכר,גרמים,690.00,100 גרם,false,1,10.90,1.58,true,1,
7290115205312,false,קרקר פיטנס דק עם זיתי קלמטה ועשבי תיבול,"אסם השקעות בע""\מ",IL,פיטנס קרקר זיתים 140,גרמים,140.00,100 גרם,false,1,11.90,8.50,true,1,
7290115205527,false,חטיף פיטנס מולטיגריין עם עדשים 25 גרם,"אסם השקעות בע""\מ",,פיטנס חטיף מולטגריין,גרמים,25.00,100 גרם,false,1,4.90,19.60,true,1,
7290115207163,false,פרפקטו ניוקי בזיליקום ושום אסם 500 גרם,איטלניוקי,,פרפקטו ניוקי בזיליקו,גרמים,500.00,100 גרם,false,1,16.50,3.30,true,1,
7290115207545,false,אסם קרמוגית במילוי קרם במבה אדומה 200 גר,"אסם תעשיות בע""מ",IL,אסם קרמוגית במילוי ק,גרמים,200.00,100 גרם,false,1,11.40,5.70,true,1,
7290115208009,false,ויטמינצ'יק ענבים סירופ 1 ליטר,בית-השיטה עסיס תעשיות מז,,סירופ ויטמינציק ענבי,מיליליטרים,1000.00,"100 מ""ל",false,1,21.90,2.19,true,1,
7290115208047,false,סירופ פטל ויטמינצ'יק 1 ליטר,בית-השיטה עסיס תעשיות מז,,סירופ ויטמינציק פטל,מיליליטרים,1000.00,"100 מ""ל",false,1,21.90,2.19,true,1,
7290115208320,false,אפרופו חטיף בטעם ביסלי בצל 50 גרם,"אסם השקעות בע""\מ",,אפרופו בטעם ביסלי בצ,גרמים,50.00,100 גרם,false,1,5.00,10.00,true,1,
7290115208344,false,בייגלה כפיות שמנת בצל אסם 300 גרם,"אסם השקעות בע""\מ",,אסם בייגלה כפיות שמנ,גרמים,300.00,100 גרם,false,1,10.90,3.63,true,1,
7290115208801,false,לחמית דבש ואגוזים אסם 190 גרם,לחמית,,לחמית דבש ואגוזים 19,גרמים,190.00,100 גרם,false,1,9.90,5.21,true,1,
7290115209198,false,במבה אוורירית אסם 80 גרם,"אסם תעשיות בע""מ",,במבה אורירית 80 גרם,גרמים,80.00,100 גרם,false,1,4.30,5.38,true,1,
7290115209235,false,ביסקוויט פתי בר קפה אסם 500 גרם,"אסם תעשיות בע""מ",,אסם פתי בר קפה 500 ג,גרמים,500.00,100 גרם,false,1,13.90,2.78,true,1,
7290115209358,false,במבה במילוי בראוניז אסם 60 גרם,"אסם השקעות בע""\מ",,במבה במילוי בראוניז,גרמים,60.00,100 גרם,false,1,4.30,7.17,true,1,
7290115209372,false,במבה במילוי בראוניז 150ג' אסם,"אסם השקעות בע""\מ",,במבה במילוי בראוניז,גרמים,150.00,100 גרם,false,1,10.30,6.87,true,1,
7290115671162,false,סוכריות ג'לי ברכות עלית 540 גרם,STRAUSS-ISRAEL,IL,סוכריות גלי ברכות 54,גרמים,540.00,100 גרם,false,1,19.90,3.69,true,1,
7290115675696,false,דגני בוקר קראנצ'ים שיבולת שועל עם אגוזים ושקדים,גלידות שטראוס,,קוואקר אגוזים 375 ג,גרמים,375.00,100 גרם,false,1,19.90,5.31,true,1,
7290115675702,false,דגני בוקר קראנצ'ים שיבולת שועל עם פירות מיובשים,גלידות שטראוס,,קוואקר פירות 375 גר,גרמים,375.00,100 גרם,false,1,19.90,5.31,true,1,
7290115678376,false,מעדן הגולן שוקולד 125 גרם,מיוצר עי קונדיטוריית,,מעדן הגולן שוקולד,גרמים,125.00,100 גרם,false,1,3.30,2.64,true,1,
7290116930244,false,"שמיניית יוגורט תנובה 1.5% בד""צ 150 גרם",תנובה מרכז שיתופי לש,,שמיניית יוגורט תנובה,קילוגרמים,0.00,"ק""ג",false,1,17.20,17.20,true,1,
7290116930435,false,יופלה גו במרקם סמיך עם דובדבן 0% 200מל,תנובה מרכז שיתופי לש,IL,יוגורט גו סמיך דובדב,מיליליטרים,200.00,"100 מ""ל",false,1,5.70,2.85,true,1,
7290116930459,false,"יופלה שייק מנגו בננה אננס וקוקוס 230 מ""ל",קבוצת המזון אקטשלאר,,יופלה שייק מנגו בננה,מיליליטרים,230.00,"100 מ""ל",false,1,8.50,3.70,true,1,
7290116930466,false,"משקה SHAKE בננה מנגן פסיפלורה והל 230 מ""ל יופלה",קבוצת המזון אקטשלאר,,יופלה שייק מנגו בננה,מיליליטרים,230.00,"100 מ""ל",false,1,8.50,3.70,true,1,
7290116930480,false,"משקה SHAKE בננה קיווי תפוח 230 מ""ל יופלה",קבוצת המזון אקטשלאר,,יופלה שייק בננה קיוו,מיליליטרים,230.00,"100 מ""ל",false,1,8.50,3.70,true,1,
7290116930701,false,מעדן חלב GO מועשר בחלבון בטעם קרמל מלוח,תנובה מרכז שיתופי לש,,מעדן חלב go בטעם קרמ,גרמים,120.00,100 גרם,false,1,5.10,4.25,true,1,
7290116930725,false,סויה BIO קוקוס גביע 150 גרם אלטרנטיב,תנובה חלב,,סויה BIO קוקוס גביע,גרמים,150.00,100 גרם,false,1,4.80,3.20,true,1,
7290116930954,false,יוגורט טעם פאי תפוחים 3% 150 ג' יופלה,"תנובה בע""\מ",,יופלה בטעם פאי תפוחי,גרמים,150.00,100 גרם,false,1,5.00,3.33,true,1,
7290116931104,false,יופלה GO במרקם סמיך עם אננס 0% תנובה 200 גרם,תנובה בעמ,,יוגורט גו סמיך עם אנ,מיליליטרים,200.00,"100 מ""ל",false,1,5.90,2.95,true,1,
7290117260050,false,קונפיטורה חבושים ויליפוד 380 גרם,וילי פוד,TR,קונפיטורה חבושים 380,גרמים,380.00,100 גרם,false,1,9.90,2.61,true,1,
7290117260234,false,"קפה טורקי אמיתי מטורקיה, שלישיה 3 * 100 גרם",פריזלנד פודס קיוויט בי.ו,,קפה טורקי אמיתי מטור,גרמים,300.00,100 גרם,false,1,14.90,4.97,true,1,
7290117260579,false,חטיף קראנצ'י על בסיס קמח עדשים בטעם שמנת חמוצה ובצל 80 ג',וילי פוד,,חטיף קראנצי על בסיס,גרמים,80.00,100 גרם,false,1,9.90,12.38,true,1,
7290117260586,false,חטיף קראנצ'י על בסיס קמח עדשים בטעם פלפל חלפיניו וליים 80 ג',וילי פוד,,חטיף קראנצי על בסיס,גרמים,80.00,100 גרם,false,1,9.90,12.38,true,1,
7290117260982,false,זיתים שחור מגולענים במי מלח וילי פוד300,סיוארס אס.איי,TR,זיתים שחור מגולענים,גרמים,300.00,100 גרם,false,1,8.90,2.97,true,1,
7290117380215,false,חטיף פוף קראנץ בטעם טאקו 60 גרם,מנה,,חטיף פוף קראנץ בטעם,גרמים,60.00,100 גרם,false,1,4.60,7.67,true,1,
7290117823798,false,בדיקה עצמית מהירה לזיהוי אנטיגן - 5 בדיקות,שמחה זה אנחנו,CN,בדיקה מהירה 5 יח,Unknown,0.00,Unknown,false,1,39.90,39.90,true,1,
7290117901175,false,שקדים קלופים 250 גרם ששון הקולה,,,שקדים קלופים 250 גרם,גרמים,250.00,100 גרם,false,1,20.00,8.00,true,1,
7296082000134,false,ביצים רגילות לארג' 1,המכון למיון ושיווק ב,,ביצים רגילות 12 יח L,Unknown,0.00,Unknown,false,1,12.05,12.05,true,1,
7296082000141,false,ביצים רגילות מדיום 1,המכון למיון ושיווק ב,,ביצים רגילות 12 יח,Unknown,0.00,Unknown,false,1,11.15,11.15,true,1,
7310511802301,false,שוקולד דיים מיני 200,מונדליז,SE,דאיים מיני 200 גרם,Unknown,1.00,Unknown,false,1,16.90,16.90,true,1,
7312040017683,false,"אבסולוט וודקה, 700 מ''ל","איי, בי, אינבוו",,"וודקה אבסולוט 700 מ""",מיליליטרים,700.00,"100 מ""ל",false,1,59.90,8.56,true,1,
7312220023398,false,אנאס עוגיות דקות בטעם קפוצינו 150 גר,Annas Pepparkakor,SE,אנאס עוגיות דקות בטע,גרמים,150.00,100 גרם,false,1,11.90,7.93,true,1,
7312220035735,false,אנאס עוגיות דקות בטעם תפוז 150 גר,Annas Pepparkakor,SE,אנאס עוגיות דקות בטע,גרמים,150.00,100 גרם,false,1,11.90,7.93,true,1,
7394376616778,false,אוטלי משקה שיבולת שועל להקצפה בריסטה 1 ליטר,טרנסומס פוד,,משקה ש.שועל להקצפה ב,מיליליטרים,1000.00,"100 מ""ל",false,1,15.90,1.59,true,1,
7501013101348,false,"ג'ומקס מנגו בקבוק 473 מ""ל תריסר",חומקס קומר קומרסאליזדורה,,גומקס נקטר מנגו 473,מיליליטרים,473.00,"100 מ""ל",false,1,9.50,2.01,true,1,
7501013101355,false,"נקטר בטעם אפרסק 500 מ""ל JUMEX",חומקס קומר קומרסאליזדורה,,גומקס נקטר אפרסק 473,מיליליטרים,473.00,"100 מ""ל",false,1,9.50,2.01,true,1,
7501013101362,false,"נקטר בטעם קוקוס ואננס 500 מ""ל JUMEX",חומקס קומר קומרסאליזדורה,,גומקס משקה קוקוס אננ,מיליליטרים,473.00,"100 מ""ל",false,1,9.50,2.01,true,1,
7501013101393,false,"ג'ומקס אננס בקבוק 473 מ""ל תריסר",חומקס קומר קומרסאליזדורה,,גומקס משקה אננס 473,מיליליטרים,473.00,"100 מ""ל",false,1,9.50,2.01,true,1,
7501013122039,false,ג'ומקס מיץ מנגו קרטונית ליטר תריסר,חומקס קומר קומרסאליזדורה,,גומקס נקטר מנגו,מיליליטרים,1000.00,"100 מ""ל",false,1,11.10,1.11,true,1,
7501013122114,false,ג'ומקס מיץ אננס קרטונית ליטר תריסר,חומקס קומר קומרסאליזדורה,,גומקס משקה אננס קרטו,מיליליטרים,1000.00,"100 מ""ל",false,1,11.10,1.11,true,1,
7501013122190,false,ג'ומקס מיץ תפוחים קרטונית ליטר תריסר,חומקס קומר קומרסאליזדורה,,גומקס משקה תפוחים קר,מיליליטרים,1000.00,"100 מ""ל",false,1,11.10,1.11,true,1,
7501013138047,false,משקה רימונים יוניקו פרסקו ג'ומקס בקרטונית 1 ליטר,חומקס קומר קומרסאליזדורה,,יוניקו פרסקו משקה רי,מיליליטרים,1000.00,"100 מ""ל",false,1,12.80,1.28,true,1,
7501013138184,false,משקה חמוציות יוניקו פרסקו ג'ומקס קרטונית 1 ליטר,חומקס קומר קומרסאליזדורה,,יוניקו פרסקו משקה חמ,מיליליטרים,1000.00,"100 מ""ל",false,1,12.80,1.28,true,1,
7501064191466,false,"שישיית בירה קורונה 355 מ""ל בקבוק",סובסריה מודלו,,שישיית בירה קורונה 3,מיליליטרים,2130.00,"100 מ""ל",false,1,29.90,1.40,true,1,
7610113013250,false,"משקה כוהלי על בסיס רום בקרדי 250 מ""ל",בקרדי מרטיני,BE,משקה כוהלי על בסיס ר,מיליליטרים,250.00,"100 מ""ל",false,1,14.90,5.96,true,1,
7610400068529,false,לינדט לינדור בונבוניירה כדורי שוקולד מטעמים 200 גרם,לינדט ושפרונגלי קילשברג,,בונבוניירה לינדור אב,גרמים,200.00,100 גרם,false,1,29.90,14.95,true,1,
7610400070577,false,לינדט אקסלנס שוקולד צ'ילי 100 גרם,לינדט ושפרונגלי קילשברג,,לינדט אקסלנס צילי 1,גרמים,100.00,100 גרם,false,1,14.90,14.90,true,1,
7610400074155,false,לינדט לינדור קוביות במילוי קרם שוקולד 60% מוצקי קקאו 100 גרם,לינדט ושפרונגלי קילשברג,,לינדט שוקולד 60% 100,גרמים,100.00,100 גרם,false,1,15.80,15.80,true,1,
7610400075770,false,לינדט לה גרנד שוקולד מריר אגוז 150 גרם,לינדט ושפרונגלי קילשברג,,לינדט לה גרנד מריר א,גרמים,150.00,100 גרם,false,1,23.90,15.93,true,1,
7610400075787,false,לינדט לה גרנד שוקולד חלב אגוז 150 גרם,לינדט ושפרונגלי קילשברג,,לינדט לה גרנד חלב אג,גרמים,150.00,100 גרם,false,1,23.90,15.93,true,1,
7610400075794,false,לינדט לה גרנד שוקולד לבן ושקדים 150 גרם,לינדט ושפרונגלי,,לינדט לה גרנד לבן שק,גרמים,150.00,100 גרם,false,1,23.90,15.93,true,1,
7610563108377,false,אמנטל שוויצרי פרוס 150 גר,,,אמנטל שוויצרי פרוס,גרמים,150.00,100 גרם,false,1,36.90,24.60,true,1,
7610563208374,false,גרוייר שוויצרי פרוס 150 גר,,,גרוייר שוויצרי פרוס,גרמים,150.00,100 גרם,false,1,40.90,27.27,true,1,
7610700607046,false,סוכריות צמחים לימון ומנטה ללא תוספת סוכר,ריקולה Ricola,,סוכריות ריקולה דיאט,גרמים,50.00,100 גרם,false,1,12.90,25.80,true,1,
7610700612507,false,"ריקולה ס.קשות לל""ס בטעם מנטה לימון 45 גר",,CH,"ריקולה ס.קשות לל""ס ב",גרמים,45.00,100 גרם,false,1,10.50,23.33,true,1,
7613030979647,false,דגני בוקר טריקס פירות עולם היורה 480 ג',ג'נרל מילס סאן אדריא,,דגנים טריקס פירות עו,גרמים,480.00,100 גרם,false,1,24.90,5.19,true,1,
7613031241576,false,אפטר אייט מקלות שוקולד מנטה 125 גרם,,,אפטר אייט מקלות שוקו,גרמים,125.00,100 גרם,false,1,17.90,14.32,true,1,
7613032045753,false,פיטנס - דגני בוקר שוקולד 375 גרם,הנסיך- מפעל לייצור ט,,פיטנס שוקולד 375 ג,גרמים,375.00,100 גרם,false,1,19.90,5.31,true,1,
7613033548192,false,פיטנס - דגני בוקר שוקולד מריר 375 גרם,נסטלה צרפת איטנקורט,,דגני בוקר פיטנס שוקו,גרמים,375.00,100 גרם,false,1,19.90,5.31,true,1,
7613036120395,false,"פורינה ONE כלב מידמקסי בקר 2.5 ק""ג",נסטלה פורינה איטליה,,פורינה ONE כלב מידמק,Unknown,0.00,Unknown,false,1,89.90,89.90,true,1,
7613036280327,false,פרייה אנד גוס אפרסק דובדבן 250 מל פחיות,נסטלה ווטרס ספלאי,FR,פרייה אנד גוס אפרסק,מיליליטרים,250.00,"100 מ""ל",false,1,5.90,2.36,true,1,
7613036286008,false,"פרייה אנד גוס אננס מנגו 250 מ""ל פחיות",נסטלה ווטרס ספלאי,FR,פרייה אנד גוס אננס מ,מיליליטרים,250.00,"100 מ""ל",false,1,5.90,2.36,true,1,
7613036723701,false,נסטלה דולצה שוקולד חלב 100 גרם,,,נסטלה דולצה שוקולד ח,גרמים,100.00,100 גרם,false,1,7.90,7.90,true,1,
7613036976657,false,מזון לחתולים פריסקיז פאוצ' הודו,נסטלה פורינה,,פאוץ פריסקיז הודו 85,Unknown,1.00,Unknown,false,1,5.90,5.90,true,1,
7613037204797,false,סטארבקס - פולי קפה בלונד אספרסו 450 גרם,נסטלה נספרסו,PT,סטארבקס פולי קפה בלו,גרמים,450.00,100 גרם,false,1,52.50,11.67,true,1,
7613037686906,false,פיטנס - דגני בוקר שקדים ודבש 355 גרם,הנסיך- מפעל לייצור ט,,דגני בוקר פיטנס שקדי,גרמים,375.00,100 גרם,false,1,19.90,5.31,true,1,
7613039547632,false,גרבר מחית תפוח בננה ותות 90 גרם פאוץ,שוורצקוף& הנקל דיסלד,ES,מחית גרבר תפוח בננה,גרמים,90.00,100 גרם,false,1,6.90,7.67,true,1,
7613039547922,false,גרבר מחית אגס תפוח ובננה 90 גרם פאוץ,נסטלה ספרד,ES,מחית גרבר תפוח בננה,גרמים,90.00,100 גרם,false,1,6.90,7.67,true,1,
7613039905920,false,סמרטיז שלישייה 102 גרם,,,סמרטיז שלישייה 102 ג,גרמים,102.00,100 גרם,false,1,10.90,10.69,true,1,
7613287181411,false,ויטמינציק מחית סלט פירות 110 גרם,"טרופיקל דגיל בע""מ אז",IL,ויטמינציק סלט פירות,גרמים,110.00,100 גרם,false,1,5.90,5.36,true,1,
7613287182357,false,מחית אגס תפוח ופירות יער ויטמינצ'יק 110 ג',נסטלה,IL,ויטמינציק אגס תפוח ו,גרמים,110.00,100 גרם,false,1,5.90,5.36,true,1,
7613287228703,false,ראונטריז סוכריות גלי תות ודומדמנית 143,,GB,ראונטריז סוכריות גלי,גרמים,143.00,100 גרם,false,1,10.90,7.62,true,1,
7613287457486,false,אפטר אייט מוחיטו ומנטה 200 גר,,,אפטר אייט מוחיטו ומנ,גרמים,200.00,100 גרם,false,1,15.20,7.60,true,1,
7614500010013,false,טובלרון - שוקולד חלב קלאסי 100 גרם,,,טובלרון חלב 100 גר,גרמים,100.00,100 גרם,false,1,10.40,10.40,true,1,
7622010001858,false,עוגיות אוראו ממולאות קרם וניל 176 גרם.,פי אר ג'\יי אס אי מנדלז,,אוראו ממולאות קרם ונ,גרמים,176.00,100 גרם,false,1,8.20,4.66,true,1,
7622201050757,false,שוקולד מילקה טבלת חלב עם קרמל 100 ג',מילקה Milka,,שוקולד חלב עם קרמל מ,גרמים,100.00,100 גרם,false,1,6.50,6.50,true,1,
7622201401900,false,עוגיות מילקה סנסיישן אוראו 156 גרם,מונדלז פולסקה פרודקש,PL,עוגיות מילקה סנסיישן,גרמים,156.00,100 גרם,false,1,10.50,6.73,true,1,
7622201442880,false,טבלת קדבורי אוראו לבן 120 גרם,,GB,טבלת קדבורי אוראו לב,גרמים,120.00,100 גרם,false,1,10.50,8.75,true,1,
7622201801809,false,מילקה שוקולד חלב עם אגוזים 100 גרם חדש,מנדלז דויצ'\לנד סנקס פרו,,שוקולד אגוז מילקה 10,גרמים,100.00,100 גרם,false,1,6.50,6.50,true,1,
7622201802394,false,שוקולד מילקה חלב מסרונים 100 גרם,מנדלז דויצ'\לנד סנקס פרו,,שוקולד מילקה חלב 100,גרמים,100.00,100 גרם,false,1,6.90,6.90,true,1,
7622201819170,false,שוקולד מילקה דרק שקדים 85 גרם.,מונדלז דויטשלנד סנאק,DE,מילקה דרק שקדים 85,גרמים,85.00,100 גרם,false,1,7.90,9.29,true,1,
7622210078131,false,שוקולד חלב עם שבבי קרמל מילקה דיים 100 גרם,מנדלז דויצ'\לנד סנקס פרו,,שוקולד חלב עם דאיים,גרמים,100.00,100 גרם,false,1,6.50,6.50,true,1,
7622210163899,false,שוקולד חלב במילוי סוכריות עדשים,מונדלז דויצ'לנד סנקס,DE,שוקולד חלב עם עדשים,גרמים,100.00,100 גרם,false,1,6.50,6.50,true,1,
7622210248671,false,מילקה ש.חלב עדשים וסוכריות 250 גרם,,,מילקה ש.חלב עדשים וס,גרמים,250.00,100 גרם,false,1,19.80,7.92,true,1,
7622210453327,false,עוגיות שוקוצ'יפס במילוי שוקולד סנסיישן,מנדלז פולסקה פרודקשן,,מילקה סנסיישן 156 גר,גרמים,100.00,100 גרם,false,1,10.50,10.50,true,1,
7622210637994,false,מיני עוגיות אוראו קראנצ'י בייטס אורגינל,מונדלז אספניה ג'לאטס,ES,אוראו ביס קראנצי אור,גרמים,110.00,100 גרם,false,1,8.90,8.09,true,1,
7622210640062,false,פלדלפיה שמנת למריחה עם פלפל חלפיניו ופלפל ירוק,מונדלייז,,פילדלפיה שמנת למריחה,גרמים,175.00,100 גרם,false,1,16.90,9.66,true,1,
7622210644473,false,קדבורי שוקולד חלב ושברי אגוזי לוז 95 גרם,,,קדבורי שוקולד חלב וש,גרמים,95.00,100 גרם,false,1,10.90,11.47,true,1,
7622210664150,false,"עוגיות אוראו וניל, 396 גרם",מונדלייז,CZ,עוגיות אוראו וניל 39,גרמים,396.00,100 גרם,false,1,16.90,4.27,true,1,
7622210751010,false,ברני עוגת ספוג בטעם שוקולד קרם שוק 150,מונדליז,PL,ברני עוגת ספוג בטעם,גרמים,150.00,100 גרם,false,1,11.40,7.60,true,1,
7622210810915,false,שוקולד קדבורי אוראו בייטס 110 גרם,,GB,שוקולד קדבורי אוראו,גרמים,110.00,100 גרם,false,1,11.90,10.82,true,1,
7622210826053,false,שוקולד מילקה אוראו סנדוויץ 92 גר',גיאורי קאקסז קייאףטי,DE,שוקולד מילקה אוראו ס,גרמים,92.00,100 גרם,false,1,6.50,7.07,true,1,
7622210835338,false,אוראו עוגיות ממולאות טעם בראוניז 176 גרם,מנדלז אספנה גאלטס פר,,אוראו בראוניז 176 גר,גרמים,176.00,100 גרם,false,1,8.20,4.66,true,1,
7622210989192,false,קדבורי פלאק רביעייה 80 גרם,מונדליז,GB,קדבורי פלאק רביעייה,גרמים,80.00,100 גרם,false,1,10.90,13.63,true,1,
7622300134532,false,שוקולד מילקה קרם חלב אגוזי לוז וקרמל 300,מונדליז,,שוקולד מילקה קרם חלב,גרמים,300.00,100 גרם,false,1,19.80,6.60,true,1,
7622300270506,false,מילקה גריינס - עוגיות שיבולת שועל מצופות שוקולד 168 ג',מונדלז פולסקה פרודקש,,עוגיות ש.שועל מצופות,גרמים,168.00,100 גרם,false,1,10.50,6.25,true,1,
7622300340285,false,גבינת שמנת 22% שומן 175 ג' פילדלפיה,מונדלז דויצ'לנד פרוד,,גבינת פילדלפיה 22%,גרמים,175.00,100 גרם,false,1,16.90,9.66,true,1,
7622300340292,false,גבינת שמנת 11% שומן 175 ג' פילדלפיה,מונדלז דויצ'לנד פרוד,,גבינת פילדלפיה 11%,גרמים,175.00,100 גרם,false,1,16.90,9.66,true,1,
7622300489434,false,"עוגיות אוראו פאדג' בציפוי שוקולד חלב, 246 גרם",מנדלז אספנה גאלטס פר,,אוראו פאדג שוקולד חל,גרמים,246.00,100 גרם,false,1,17.90,7.28,true,1,
7622300498429,false,שוקולד מילקה במילוי יוגורט תות 100 גרם,מנדלז דויצ'\לנד סנקס פרו,,שוקולד מילקה קרם תות,גרמים,100.00,100 גרם,false,1,6.50,6.50,true,1,
7622300509606,false,ברני עוגת ספוג במילוי קרם שוקולד 150 גרם,מונדליז,PL,ברני עוגת ספוג במילו,גרמים,150.00,100 גרם,false,1,11.40,7.60,true,1,
7622300617820,false,מילקה שוקולד חלב במילוי קרם חלב ווניל ושבבי עוגיות אוראו 100 גרם,מנדלז דויצ'\לנד סנקס פרו,,שוקולד מילקה אוראו 1,גרמים,100.00,100 גרם,false,1,6.50,6.50,true,1,
7622300737900,false,שוקולד קדבורי קרמל 120 גרם,מונדליז,GB,קדבורי טבלת שוקולד ח,גרמים,120.00,100 גרם,false,1,10.90,9.08,true,1,
7622300756383,false,"ממרח גבינה פילדלפיה עם ממרח שוקולד ""מילקה"" 175 גרם",מונדלייז,,גבינת פילדלפיה עם שו,גרמים,175.00,100 גרם,false,1,16.90,9.66,true,1,
7622300756413,false,גבינת פילדלפיה 20% שומן עם תבלינים 175 ג',מונדלז דויצ'לנד פרוד,,גבינת פילדלפיה 20%,גרמים,175.00,100 גרם,false,1,16.90,9.66,true,1,
7622400005190,false,שוקולד חלב נגיעות שוקולד לבן מילקה 100 ג,מנדלז דויצ'\לנד סנקס פרו,,שוקולד חלב נגיעות שו,גרמים,100.00,100 גרם,false,1,6.50,6.50,true,1,
7630477891639,false,סטארבקס קפסולות קפה ורונה 10 יחידות,נסטלה שוויץ - קפה,,סטארבקס קפסולות ורונ,גרמים,55.00,100 גרם,false,1,21.50,39.09,true,1,
7630477891691,false,סטארבקס קפסולות קפה קולמביה 10 יחידות,נסטלה שוויץ - קפה,,סטארבקס קפסולות קולו,גרמים,57.00,100 גרם,false,1,21.50,37.72,true,1,
7702018468447,false,גילט בלו 2 פלוס סכינים חד פעמיים עשירייה,פרוקטר אנד גמבל,PL,סכיני גילוח בלו 2 פל,יחידה,1.00,יחידה,false,1,31.90,31.90,true,1,
7790240096866,false,"יין פיור מלבק שחור 750 מ""ל",,AR,יין פיור מלבק שחור 7,מיליליטרים,750.00,"100 מ""ל",false,1,57.90,7.72,true,1,
7790240097375,false,"יין פיור רוזה 750 מ""ל",,AR,"יין פיור רוזה 750 מ""",מיליליטרים,750.00,"100 מ""ל",false,1,57.90,7.72,true,1,
7792860006218,false,סוכריות לקקנים בייבי דול Baby Doll לריטר,גוד פוד פרודקטס S.p,,לקקן בייבי דול 24 גר,גרמים,24.00,100 גרם,false,1,2.00,8.33,true,1,
8000139001253,false,פסטה גרפולו פוזילי לונגי 500 גרם,,,פסטה גרפולו פוזילי,גרמים,500.00,100 גרם,false,1,14.60,2.92,true,1,
8000139910159,false,פסטה גרפולו לינגוין 500 גרם,,,פסטה גרפולו לינגוין,גרמים,500.00,100 גרם,false,1,13.50,2.70,true,1,
8000139910227,false,פסטה גרפולו פוזילי 500 גרם,,,פסטה גרפולו פוזילי 5,גרמים,500.00,100 גרם,false,1,13.50,2.70,true,1,
8000139910234,false,פסטה גרפולו פנה ריגטה 500 גר,,,פסטה גרפולו פנה ריגט,גרמים,500.00,100 גרם,false,1,13.50,2.70,true,1,
8000139910371,false,פסטה גרפולו פרימוורה 500 גרם,,,פסטה גרפולו פרימוורה,גרמים,500.00,100 גרם,false,1,14.60,2.92,true,1,
8000139910623,false,פסטה גרפולו ספגטי חיטה מלאה 500 גרם,,,פסטה גרפולו ספגטי,גרמים,500.00,100 גרם,false,1,15.90,3.18,true,1,
8000215204219,false,ויטריז משקה חלב אורז אורגני 1ל',בטר אנד דיפרנט,,משקה אורז - אורגני 1,מיליליטרים,1000.00,"100 מ""ל",false,1,14.90,1.49,true,1,
8000215204240,false,ויטאריז משקה שקדים ואורז אורגני 1 ליטר,בטר אנד דיפרנט,,משקה שקדים ואורז - א,מיליליטרים,1000.00,"100 מ""ל",false,1,14.90,1.49,true,1,
8000215204394,false,"משקה אורז אורגני אגוז לוז ""נטורפוד""",בטר אנד דיפרנט,,משקה אגוזי לוז ואורז,מיליליטרים,1000.00,"100 מ""ל",false,1,18.90,1.89,true,1,
8000215204677,false,ויטריז - משקה שיבולת שועל בריסטה אורגני,בטר אנד דיפרנט,,משקה ש.שועל בריסטה א,מיליליטרים,1000.00,"100 מ""ל",false,1,14.90,1.49,true,1,
8000320010095,false,"רוטב עגבניות במרקם עדין 700 מ""ל MUTTI",קונסרב,IT,פסאטה במרקם עדין 700,מיליליטרים,700.00,"100 מ""ל",false,1,11.90,1.70,true,1,
8000380003723,false,וופל אגוזים בציפוי שוקולד לואקר 100 גרם,קריניציה ויטמינה אס,,עוגיות גרנד פטיסרי 1,גרמים,100.00,100 גרם,false,1,11.90,11.90,true,1,
8000380003761,false,וופל גרנד פטיסרי שוקולד וקוקוס לואקר 100 גרם,קריניציה ויטמינה אס,,עוגיות גרנד פטיסרי 1,גרמים,100.00,100 גרם,false,1,11.90,11.90,true,1,
8000380004881,false,וופל קוארדטיני לואקר קוביות טרמיסו 220ג',קריניציה ויטמינה אס,,וופל קואדרטיני טירמי,גרמים,220.00,100 גרם,false,1,13.90,6.32,true,1,
8000380004911,false,קוביות וופל קואדרטיני Quadratini קרם אגוזים,קריניציה ויטמינה אס,,וופל קוארדטיני אגוז,גרמים,250.00,100 גרם,false,1,13.90,5.56,true,1,
8000380004966,false,וופל קוארדטיני לואקר קוביות שוקולד 250ג',קריניציה ויטמינה אס,,וופל קוארדטיני קקאו,גרמים,250.00,100 גרם,false,1,13.90,5.56,true,1,
8000380007271,false,וופל במילוי קרם חלב לואקר 175 גרם,ליימן מותגים,,וופל לואקר חלב 175 ג,גרמים,175.00,100 גרם,false,1,11.80,6.74,true,1,
8000380142484,false,קוביות וופל קואדרטיני Quadratini בטעם שוקולד מריר,"אינסטנטה בע""מ",,קואדרטיני שוקולד מרי,גרמים,250.00,100 גרם,false,1,13.90,5.56,true,1,
8000380156849,false,שוקולד מריר במילוי קרם קקאו וופל לואקר 87 גרם,ליימן מותגים,IT,שוקולד לואקר מריר 87,גרמים,87.00,100 גרם,false,1,8.50,9.77,true,1,
8000500023624,false,חטיפי הפי היפו Happy Hippo במילוי קרם חלב וקקאו,פררו - אלבה,,קינדר הפי היפו חמישי,גרמים,104.00,100 גרם,false,1,12.50,12.02,true,1,
8000500026731,false,שוקולד ביצי הפתעה קינדר שלישייה,פררו אס.פי.אי,,שלישיית ביצי הפתעה ק,גרמים,60.00,100 גרם,false,1,14.90,24.83,true,1,
8000500029350,false,מארז וופל מצופה 3יח' *43 גרם קינדר בואנו,פררו - אלבה,,שלישייה קינדר בואנו,גרמים,129.00,100 גרם,false,1,9.90,7.67,true,1,
8000500032237,false,בונבונרייה פררו רושר 375 גרם,פררו - אלבה,,בונבוניירה פררו רושר,גרמים,260.00,100 גרם,false,1,44.90,17.27,true,1,
8000500071083,false,אצבעות שוקולד קינדר Kinder שש עשרה יחידות,פררו - אלבה,,קינדר שוקולד מארז 20,גרמים,200.00,100 גרם,false,1,12.50,6.25,true,1,
8000500075708,false,ביצי שוקולד הפתעה קינדר ג'וי כחול בנים שלישיה,פררו - אלבה,,קינדר גוי כחול מארז,גרמים,60.00,100 גרם,false,1,14.90,24.83,true,1,
8000500121436,false,מארז קינדר בואנו Kinder Bueno לבן שלוש יחידות,פררו - אלבה,,שלישייה קינדר בואנו,גרמים,129.00,100 גרם,false,1,9.90,7.67,true,1,
8000500126325,false,ביצי שוקולד הפתעה קינדר ג'וי ורוד בנות שלישיה,פררו - אלבה,,קינדר גוי ורוד מארז,גרמים,60.00,100 גרם,false,1,14.90,24.83,true,1,
8000500164242,false,רפאלו 70 גרם קופסא עם פרח,קדבורי,,בונבוניירה רפאלו 70,גרמים,70.00,100 גרם,false,1,12.50,17.86,true,1,
8000500167656,false,קינדר שוקולד עם דגנים סיריאל 94 ג',פררו,IT,קינדר שוקולד עם דגני,גרמים,94.00,100 גרם,false,1,6.90,7.34,true,1,
8000500227848,false,נוטלה - בי רדי אצבעות ביסקוויט במילוי שוקולד 6 יח' * 22 גרם,פררו,IT,וופל נוטלה בי רדי שי,גרמים,132.00,100 גרם,false,1,12.50,9.47,true,1,
8000500249352,false,קינדר בואנו מיני מיקס שקית 205 ג',פררו - אלבה,,קינדר בואנו מיני מיק,גרמים,205.00,100 גרם,false,1,18.90,9.22,true,1,
8000500256213,false,קינדר שוקולד מיני בשקית.,פררו - אלבה,IT,קינדר שוקולד מיני 12,גרמים,120.00,100 גרם,false,1,10.00,8.33,true,1,
8000500267103,false,קינדר דליס עוגת ספוג קקאו במילוי חלבי*10,קינדר Kinder,IT,עוגת קינדר דליס 390,גרמים,390.00,100 גרם,false,1,19.90,5.10,true,1,
8000500269169,false,קינדר קארדס Kinder Cards - חמישייה,קינדר Kinder,IT,וופל קינדר קארדס 128,גרמים,128.00,100 גרם,false,1,13.90,10.86,true,1,
8000500273555,false,פררו חנוטה וופל חטיף,,,פררו חנותה 44 גרם,גרמים,44.00,100 גרם,false,1,4.70,10.68,true,1,
8000500283158,false,עוגת קינד במילוי קרם חלב 270 גרם,פררו,,עוגת קינד במילוי קרם,גרמים,270.00,100 גרם,false,1,29.90,11.07,true,1,
8000500283219,false,עוגת קינדר קקאו במילוי קרם שוקולד 290 גר,פררו,,עוגת קינדר קקאו במיל,גרמים,290.00,100 גרם,false,1,29.90,10.31,true,1,
8000500283240,false,עוגת קינדר במילוי קרם שוקולד 290 גרם,פררו,,פררו-קינדר עוגת ספוג,גרמים,290.00,100 גרם,false,1,29.90,10.31,true,1,
8000500331798,false,פררו חנותה ריגל חמישייה 172.5 גרם,פררו,DE,פררו חנותה ריגל חמיש,גרמים,173.00,100 גרם,false,1,22.90,13.24,true,1,
8000500385807,false,קינדר דאו 150 גרם,,FR,קינדר דאו 150 גרם,גרמים,150.00,100 גרם,false,1,28.90,19.27,true,1,
8000500392027,false,קינדר מיני ביצים אגוזי לוז 85 גרם,,,קינדר מיני ביצים אגו,גרמים,85.00,100 גרם,false,1,17.90,21.06,true,1,
8000500392041,false,קינדר מיני ביצים שוקולד חלב 85 גרם,,,קינדר מיני ביצים שוק,גרמים,85.00,100 גרם,false,1,17.90,21.06,true,1,
8000570283607,false,"מרטיני אסטי מבעבע כשר 750 מ""ל קרטונית",מרטיני Martini,IT,יין מבעבע מרטיני אסט,מיליליטרים,750.00,"100 מ""ל",false,1,64.90,8.65,true,1,
8001090458353,false,סבון כלים פעולה אנטי-בקטריאלית אקליפטוס,פרוקטר אנד גמבל,,נוזל כלים אנטי בקטרי,מיליליטרים,515.00,"100 מ""ל",false,1,9.90,1.92,true,1,
8001090721129,false,אריאל קפסולות גל לכביסה 3ב1 קולור 27 יח,פרוקטר אנד גמבל,FR,קפסולות לכביסה אריאל,Unknown,0.00,Unknown,false,1,34.90,34.90,true,1,
8001090802385,false,קפסולות גל לכביסה טייד בניחוח לנור 26 יח,פרוקטר אנד גמבל,FR,קפסולות גל לכביסה טי,Unknown,0.00,Unknown,false,1,34.90,34.90,true,1,
8001090832535,false,"פנטן שמפו שמן מרוקאי משקם 660 מ""ל",פרוקטר אנד גמבל,,שמפו פנטן שמן מרוקאי,מיליליטרים,660.00,"100 מ""ל",false,1,19.90,3.02,true,1,
8001100050546,false,עוגת פנטונה עם צימוקים וקליפות תפו 500 ג,,,עוגת פנטונה עם צימוק,גרמים,500.00,100 גרם,false,1,35.90,7.18,true,1,
8001100051055,false,עוגת פנטונה עם צימוקים בציפוי אגוזי 750ג,,,עוגת פנטונה עם צימוק,גרמים,750.00,100 גרם,false,1,46.90,6.25,true,1,
8001100059198,false,עוגת פנטונה בלוקו 100 גרם,,,עוגת פנטונה בלוקו,Unknown,0.00,Unknown,false,1,15.90,15.90,true,1,
8001100062518,false,פנטונה 750 גרם PANDORO פח,,,פנטונה 750 גרם PANDO,גרמים,750.00,100 גרם,false,1,72.90,9.72,true,1,
8001100064802,false,עוגת סאן סירו 500 גרם,,IT,עוגת סאן סירו 500 גר,גרמים,500.00,100 גרם,false,1,29.90,5.98,true,1,
8001160000888,false,"גטורייד משקה ספורט תפוז 500 מ""ל",אקווה מינרלה סאן בנדטו,,גטורייד ספורט תפוז 5,מיליליטרים,500.00,"100 מ""ל",false,1,12.20,2.44,true,1,
8001160001786,false,"משקה אנרגיה גטורייד ספורט כחול 500מ""ל",אקווה מינרלה סאן בנדטו,,גטורייד ספורט כחול 5,מיליליטרים,500.00,"100 מ""ל",false,1,12.20,2.44,true,1,
8001200045039,false,פסטה ספגטי מס.3 500 גר Agnesi,,IT,פסטה ספגטי מס.3 500,גרמים,500.00,100 גרם,false,1,8.30,1.66,true,1,
8001200045190,false,פסטה אליציה מס.56 500 גר Agnesi,,,פסטה אליציה מס.56 50,גרמים,500.00,100 גרם,false,1,8.30,1.66,true,1,
8001200045350,false,פסטה ניוקי 500 גר Agnesi,,IT,פסטה ניוקי 500 גר Ag,גרמים,500.00,100 גרם,false,1,8.30,1.66,true,1,
8001200045374,false,פסטה צילנטני מסולסל 500 גר Agnesi,,,פסטה צילנטני מסולסל,גרמים,500.00,100 גרם,false,1,8.30,1.66,true,1,
8001200045831,false,פסטה פארפלה מס.61 500 גר Agnesi,,IT,פסטה פארפלה מס.61 50,גרמים,500.00,100 גרם,false,1,8.30,1.66,true,1,
8001200045992,false,פסטה ביצים ותרד 250 גר Agnesi,,,פסטה ביצים ותרד 250,גרמים,250.00,100 גרם,false,1,13.50,5.40,true,1,
8001505000313,false,ממרח אגוזי לוז אורגני 270 גרם NICCIOLATA,ריג'וני דה אסינו,,ממרח אגוזי לוז אורגנ,גרמים,270.00,100 גרם,false,1,23.90,8.85,true,1,
8001505001105,false,ממרח אגוזי לוז אורגני 270 גרם NICCIOLATA,ריג'\וני דה אסינו,,ממרח אגוזי לוז,גרמים,270.00,100 גרם,false,1,23.90,8.85,true,1,
8001620011935,false,"סן בנדטו- מים מינרלים מוגז - מארז שישיית 500 מ""ל",אקווה מינרלה סאן בנד,,שישיית סאן בנדטו מוג,מיליליטרים,1500.00,"100 מ""ל",false,1,11.90,0.79,true,1,
8001620017456,false,"סן בנדטו ספורט, מים מינרלים טבעיים 500 מ""ל שישייה",אקווה מינרלה סאן בנדטו ב,,סאן בנדטו שישייה 500,מיליליטרים,3000.00,"100 מ""ל",false,1,15.90,0.53,true,1,
8001637404195,false,גורגונזולה דולצה 150 גרם,,,גורגונזולה דולצה 150,גרמים,150.00,100 גרם,false,1,41.90,27.93,true,1,
8001637410813,false,גורגונזולה פיקנטה 150 גרם,,,גורגונזולה פיקנטה 15,גרמים,150.00,100 גרם,false,1,30.90,20.60,true,1,
8001841062624,false,פמפרס מגבונים לחים ללא בישום רביעייה,פרוקטר אנד גמבל.,DE,מגבוני פמפרס פרש ללא,יחידה,1.00,יחידה,false,1,20.90,20.90,true,1,
8001841625461,false,סבון כלים פלטינום X3 פעולות להסרת שומנים,פרוקטר אנד גמבל,GB,נוזל כלים פיירי פלטי,מיליליטרים,515.00,"100 מ""ל",false,1,9.90,1.92,true,1,
8001841893990,false,פיירי טבליות למדיח פלטינום פלוס - מארז 30 יח',פרוקטר אנד גמבל,,טבליות למדיח פלטינום,יחידה,1.00,יחידה,false,1,41.90,41.90,true,1,
8001841960081,false,פיירי טבליות למדיח פלטינום הכל באחד - מארז 37 יח',פרוקטר אנד גמבל,,טבליות למדיח פלטינום,יחידה,1.00,יחידה,false,1,41.90,41.90,true,1,
8002270206832,false,"סן פלגרינו בטעם תפוזים 200 מ""ל",,,סן פלגרינו תפוז 200,מיליליטרים,200.00,"100 מ""ל",false,1,7.90,3.95,true,1,
8002270216800,false,סאן פלגרינו בטעם לימון 500 מ,סן פלגרינו,,סאן פלגרינו בטעם לימ,מיליליטרים,500.00,"100 מ""ל",false,1,5.90,1.18,true,1,
8002270226823,false,"סן פלגרינו בטעם לימונים 200 מ""ל",,,LIMONATA סן פלגרינו,מיליליטרים,200.00,"100 מ""ל",false,1,7.90,3.95,true,1,
8002270436581,false,"שישיית מים סאן פלגרינו פלסט 500 מ""ל",סן פלגרינו,,שישיית מים סאן פלגרי,מיליליטרים,3000.00,"100 מ""ל",false,1,22.90,0.76,true,1,
8002270866524,false,סן פלגרינו מים מינרליים טבעיים מוגזים,סן פלגרינו San Pellegrino,,סאן פלגרינו 1 ליטר,מיליליטרים,1000.00,"100 מ""ל",false,1,9.90,0.99,true,1,
8002305009506,false,רוקה דלה מאציה קיאנטי קלאסיקו 750 מל,,,רוקה דלה מאציה קיאנט,Unknown,0.00,Unknown,false,1,88.90,88.90,true,1,
8003340091280,false,לינדט לינדור בונבוניירה 60% מוצקי קקאו 200 גרם,לינדט ושפרונגלי קילשברג,,בונבוניירה לינדור60%,גרמים,200.00,100 גרם,false,1,29.90,14.95,true,1,
8003410249306,false,שרוול תערובת קפה קלאסיקו עוצמה 10,,IT,שרוול תערובת קפה סגפ,גרמים,10.00,100 גרם,false,1,20.90,209.00,true,1,
8003410249313,false,שרוול תערובת קפה אינטנסו עוצמה 12,,IT,שרוול תערובת קפה סגפ,גרמים,11.00,100 גרם,false,1,20.90,190.00,true,1,
8003410446477,false,שרוול תערובת קפה ריסטרטו עוצמה 11,,IT,שרוול תערובת קפה סגפ,גרמים,12.00,100 גרם,false,1,20.90,174.17,true,1,
8003410446484,false,שרוול תערובת קפה ערביקה עוצמה 9,,IT,שרוול תערובת קפה סגפ,גרמים,13.00,100 גרם,false,1,20.90,160.77,true,1,
8003440992395,false,צופה צופ חמוץ גומי 150 גרם,פרפטי ואן מלה,ES,צופה צופ חמוץ גומי 1,גרמים,150.00,100 גרם,false,1,11.40,7.60,true,1,
8003490043009,false,רוברטו-מקלות מיני גריסיני רוזמרין 150 גר,רוברטו אידוסטריה,,רוברטו-מקלות מיני גר,גרמים,150.00,100 גרם,false,1,12.90,8.60,true,1,
8003490043207,false,רוברטו-מקלות מיני גריסיני שומשום 150 גר,,,רוברטו-מקלות מיני גר,גרמים,150.00,100 גרם,false,1,12.90,8.60,true,1,
8004030102033,false,טונה בשמן זית עם מיץ לימון ופלפל שחור - מארז 3 יח',בולטון אלימנטרי,,טונה ריו מרה בשמן עם,גרמים,240.00,100 גרם,false,1,26.90,11.21,true,1,
8004030177000,false,טונה בשמן זית וצ'ילי ריו מרה מארז 80X3 גר',ריו מארה Rio Mare,,טונה בשמן זית עם ציל,גרמים,240.00,100 גרם,false,1,26.90,11.21,true,1,
8004030344938,false,"ריו מרה טונה בשמן זית 3X80 גרם מתכון חדש כשל""פ","בולטון אלימנטרי בע""\מ",,שלישיית טונה ריו מרה,גרמים,240.00,100 גרם,false,1,26.90,11.21,true,1,
8004030845046,false,טונה עם ירקות בתוספת עם אורז ריו מרה אינסלטיסימי 160 ג',בולטון אלימנטרי,,ריו מרה אינסלטיסימי,גרמים,160.00,100 גרם,false,1,15.00,9.38,true,1,
8004030860001,false,ירקות עם קוקוס וטונה ריו מרה אינסלטיסימי 160 ג',"בולטון אלימנטרי בע""\מ",,ריו מרה אינסלטיסימי,גרמים,160.00,100 גרם,false,1,15.00,9.38,true,1,
8004190052827,false,לוואצה סוכריות קשות במילוי בטעם קפה 175ג,,,לוואצה סוכריות קשות,גרמים,175.00,100 גרם,false,1,11.50,6.57,true,1,
8004275058942,false,"שמן זית כתית מעולה 750 מ""ל CIRIO",,,שמן זית כתית מעולה 7,מיליליטרים,750.00,"100 מ""ל",false,1,33.50,4.47,true,1,
8004275059543,false,"חומץ בלסמי ממודנה גלייז 250 מ""ל CIRIO",,,חומץ בלסמי ממודנה,מיליליטרים,250.00,"100 מ""ל",false,1,20.90,8.36,true,1,
8005110170300,false,עגבניות מרוסקות חתוכות מוטי MUTTI שלישיה *400,מוטי Mutti,,POLPA עגבניות חתוכות,גרמים,400.00,100 גרם,false,1,16.90,4.23,true,1,
8005110180002,false,קטשופ עגבניות 340 גרם MUTTI,,,קטשופ עגבניות 340 גר,גרמים,340.00,100 גרם,false,1,11.90,3.50,true,1,
8005200256587,false,נסטי - תה קר בטעם אפרסק 1.5 ליטר,מפעל סאנפלגרינו S.P.A,IL,נסטי בטעם אפרסק 1.5,ליטרים,0.00,ליטר,false,1,8.90,8.90,true,1,
8005200286584,false,נסטי- תה קר - בטעם מנגו אננס 1.5 ליטר,מפעל סאנפלגרינו S.P.A,IL,נסטי בטעם מנגו אננס,ליטרים,0.00,ליטר,false,1,8.90,8.90,true,1,
8005840096710,false,מעדן קפוא בטעם אגוזי לוז קקאו פנקוטה וני,,IT,מעדן קפוא בטעם אגוזי,גרמים,1000.00,100 גרם,false,1,42.90,4.29,true,1,
8006227001372,false,סמנצאטו – לחם מחמצת לבן עם שמן זית ללא קשה 1400 גרם,רו. מאר ס.ר.ל,,סמנצאטו לחם לבן שמן,גרמים,400.00,100 גרם,false,1,19.90,4.98,true,1,
8006227001389,false,סמנצאטו – לחם מחמצת עם שמן זית ללא קשה 1400 גרם,רו. מאר ס.ר.ל,,סמנצאטו לחם מלא שמן,גרמים,400.00,100 גרם,false,1,19.90,4.98,true,1,
8006663001042,false,גראנה פאדנה 200 ג' VIRGILIO,,IT,גרנה פדנו איטלקי,גרמים,200.00,100 גרם,false,1,27.50,13.75,true,1,
8006663001073,false,פרמזנו רגאנו איטלקי 200 גרם,,IT,פרמזנו רגאנו איטלקי,גרמים,200.00,100 גרם,false,1,33.50,16.75,true,1,
8006922010471,false,מעדן קפוא בטעם שוקולד 500 גרם,,IT,מעדן קפוא בטעם שוקול,גרמים,500.00,100 גרם,false,1,35.90,7.18,true,1,
8006922084410,false,גלידה משפחתית בטעם שמנת עם פיסטוקים סיווירו מאריה 2 ל',,,מעדן קפוא בטעם פיסטו,גרמים,1000.00,100 גרם,false,1,52.50,5.25,true,1,
8007178120310,false,חומץ בלסמי ד'מודנה Giacobazzi,פטורייה ג'יאקובאזי ס,,חומץ בלסמי גקובזי 50,מיליליטרים,500.00,"100 מ""ל",false,1,21.90,4.38,true,1,
8008660210038,false,מעדן ריבה מנץ אנד גאססר תות שדה 300 גר,קריניציה ויטמינה אס,,מעדן ריבה מנץ אנד גא,גרמים,300.00,100 גרם,false,1,18.80,6.27,true,1,
8008698002810,false,"עוגה אישית לל""ג שר 10*35 גרם",,IT,"עוגה אישית לל""ג שר 1",גרמים,350.00,100 גרם,false,1,32.90,9.40,true,1,
8008698003503,false,עוגיות שיבולת שועל עם צימוקים 250 גר,"דר שר ס.ר.ל פוסטל, א",,קרקרים 210 גרם,גרמים,210.00,100 גרם,false,1,32.50,15.48,true,1,
8008698005231,false,עוגיות סנדוויץ בטעם שוקולד ממולאות קרם חלב ללא גלוט,שר Schar,DE,עוגיות שוקולד שר 165,גרמים,165.00,100 גרם,false,1,20.90,12.67,true,1,
8008698031032,false,"חטיף קרוויס בטעם ברביקיו לל""ג 170 גרם",,FR,חטיף קרוויס בטעם ברב,גרמים,170.00,100 גרם,false,1,19.90,11.71,true,1,
8008825012538,false,מחית עגבניות 690 גרם Rodolfi,,,מחית עגבניות 690 גרם,גרמים,690.00,100 גרם,false,1,11.90,1.72,true,1,
8017938005764,false,נטורפוד-מיץ תפוחים 100% אורגני 1 ליטר,יבואן ומשווק: ש. שסט,,מיץ תפוחים אורגני 10,מיליליטרים,1000.00,"100 מ""ל",false,1,19.90,1.99,true,1,
8022734000103,false,"חומץ בלסמי ממודנה 250 מ""ל ORO",,,חומץ בלסמי ממודנה 25,מיליליטרים,250.00,"100 מ""ל",false,1,102.90,41.16,true,1,
8023678161363,false,משקה שיבולת שועל טבעי אורגני 1ליטר ISOLA,איזולה ביו Isola Bio,,משקה שבולת שועל אורג,מיליליטרים,1000.00,"100 מ""ל",false,1,11.90,1.19,true,1,
8023678161387,false,משקה סויה אורגני 1 ליטר ISOLA,איזולה ביו Isola Bio,,משקה סויה אורגני 1 ל,מיליליטרים,1000.00,"100 מ""ל",false,1,9.90,0.99,true,1,
8024985002950,false,נטורה נובה-סמוזי שזיף אורגני 100 גרם,נטורה נובה,IT,סמוזי שזיף אורגני 10,גרמים,100.00,100 גרם,false,1,5.90,5.90,true,1,
8024985003988,false,סמוזי תפוח בננה 100 גר נטורה נובה,נטורה נובה,,סמוזי תפוח בננה 100,גרמים,100.00,100 גרם,false,1,5.90,5.90,true,1,
8024985005234,false,נטורה נובה סמוזי תפוח אפרסק מנגו 100 גרם,נטורה נובה,,מחית נטורה נובה סמוצ,גרמים,100.00,100 גרם,false,1,5.90,5.90,true,1,
8024985008037,false,סמוזי נטורה נובה סמוצי תפוח 100 גרם,"נטורפוד בע""מ",,מחית נטורה נובה סמוצ,גרמים,100.00,100 גרם,false,1,5.90,5.90,true,1,
8024985008044,false,נטורה משקה סמודי אגסים אורגני 100 גר,"נטורפוד בע""מ",,מחית נטורה נובה סמוצ,גרמים,100.00,100 גרם,false,1,5.90,5.90,true,1,
8024985008051,false,נטורה סמודי פירות אדומים אורגניים 100מל,"נטורפוד בע""מ",,מחית נטורה נובה סמוצ,גרמים,100.00,100 גרם,false,1,5.90,5.90,true,1,
8024985011204,false,נטורה נובה-סמוזי תפוח תות בננה 100 גרם,נטורה נובה,,סמוזי תפוח תות בננה,גרמים,100.00,100 גרם,false,1,5.90,5.90,true,1,
8050705431106,false,עוגיות במילוי קרם בטעם שוקולד 300 גר,,,עוגיות במילוי קרם בט,גרמים,300.00,100 גרם,false,1,15.90,5.30,true,1,
8050705432219,false,עוגיות בטעם קפה עם קרם חלב 300גר,,,עוגיות בטעם קפה עם ק,גרמים,300.00,100 גרם,false,1,15.90,5.30,true,1,
8076800195019,false,ברילה - צ.א ספגטי מס1 קפליני 500 גרם,ברילה גי.אי.אר פרטלי ס.פ,,ספגטי מס 1 קפליני 5,גרמים,500.00,100 גרם,false,1,5.90,1.18,true,1,
8076800195033,false,ברילה - צ.א ספגטיני מס3 חדש 500 גרם,ברילה גי.אי.אר פרטלי ס.פ,,ספגטי ברילה מס 3 ברי,גרמים,500.00,100 גרם,false,1,6.90,1.38,true,1,
8076800195057,false,ברילה - צ.א ספגטי מס5 חדש 500 גרם,ברילה גי.אי.אר פרטלי ס.פ,,ספגטי ברילה מס 5 ברי,גרמים,500.00,100 גרם,false,1,6.90,1.38,true,1,
8076802085738,false,ברילה - צ.ק פנה רגטה חדש 500 גרם,ברילה גי.אי.אר פרטלי ס.פ,,פסטה ברילה פנה רגטה,גרמים,500.00,100 גרם,false,1,6.90,1.38,true,1,
8076802085981,false,ברילה - צ.ק פוזילי חדש 500 גרם,ברילה גי.אי.אר פרטלי ס.פ,,פסטה ברילה פוזילי מס,גרמים,500.00,100 גרם,false,1,6.90,1.38,true,1,
8076808060654,false,פסטה פרפלה מספר 65 ברילה 500 גרם,ברילה גי.אי.אר פרטלי ס.פ,,ברילה פרפלה מס 65,גרמים,500.00,100 גרם,false,1,5.90,1.18,true,1,
8076808150072,false,ברילה - צ.א ספגטוני מס7 חדש 500 גרם,ברילה גי.אי.אר פרטלי ס.פ,,ספגטי ברילה מס 7 ברי,גרמים,500.00,100 גרם,false,1,5.90,1.18,true,1,
8076809501415,false,ברילה קנלוני/פנה 500 ג' מצה פנה טרקולור 500 גרם,"ש. שסטוביץ בע""\מ",,פנה טריקולור 78 500,גרמים,500.00,100 גרם,false,1,13.50,2.70,true,1,
8076809512268,false,פסטה גירנדולה טורסדס מספר 34 ברילה 500 גרם,ברילה גי.אי.אר פרטלי ס.פ,,ברילה גירנדולה מס 34,גרמים,500.00,100 גרם,false,1,5.90,1.18,true,1,
8076809513395,false,ברילה פומודורו רוטב עגבניות קלאסי 400 גר,ברילה גי.אי.אר פרטלי ס.פ,,רוטב פומודורו 400 גר,גרמים,400.00,100 גרם,false,1,14.90,3.73,true,1,
8076809513654,false,בסיס רוטב עגבניות לבולונז ברילה 400 גרם,ברילה גי.אי.אר פרטלי ס.פ,,בסיס רוטב עגבניות לב,גרמים,400.00,100 גרם,false,1,14.90,3.73,true,1,
8076809513692,false,רוטב עגבניות נפולטנה בתוספת ירקות,ברילה גי.אי.אר פרטלי ס.פ,,רוטב נפוליטנה 400 גר,גרמים,400.00,100 גרם,false,1,14.90,3.73,true,1,
8076809513739,false,ברילה רוטב עגבניות עם בזיליקום 400 גרם,ברילה גי.אי.אר פרטלי ס.פ,,רוטב בזיליקום 400 גר,גרמים,400.00,100 גרם,false,1,14.90,3.73,true,1,
8076809523561,false,ברילה - רוטב פסטה בטעם טוסקנה 400 גרם,ברילה גי.אי.אר פרטלי ס.פ,,רוטב פסטה בטעם פיצה,גרמים,400.00,100 גרם,false,1,14.90,3.73,true,1,
8076809523714,false,איטריות טליאטלה ברילה 500 גרם,"ש. שסטוביץ בע""\מ",,ברילה איטריות 500 גר,גרמים,500.00,100 גרם,false,1,21.90,4.38,true,1,
8076809545457,false,ברילה אטריות ללא גלוטן 400 ג' צינורות 400 ג',ברילה ג'.אי.אר פרטלי,,ברילה פסטה ללא גלוטן,גרמים,400.00,100 גרם,false,1,14.90,3.73,true,1,
8076809547956,false,ברילה - צ.ק קיפרי 500 גרם,ברילה ג'.אי.אר פרטלי,IT,ברילה קיפרי 500 גר,גרמים,500.00,100 גרם,false,1,5.90,1.18,true,1,
8076809571302,false,"פסטה ברילה פוזילי 1 ק""ג",ברילה,,"ברילה פוזילי 1 ק""ג",גרמים,1000.00,100 גרם,false,1,12.90,1.29,true,1,
8076809571319,false,פסטה ברילה פנה ריגטה 1קג,ברילה,,ברילה פנה ריגאטה 1 ק,גרמים,1000.00,100 גרם,false,1,12.90,1.29,true,1,
8410031934892,false,סוכריות צופה צופ מלודי רביעייה 60 גרם,פרפטי ואן מלה,RU,סוכריות צופה צופ מלו,גרמים,60.00,100 גרם,false,1,10.40,17.33,true,1,
8410076620507,false,נייטשר ואלי נאט קרים שיבולת שועל אגוזי לוז וקקאו,"סרלטו סינטרה מזון בע""\מ",ES,חטיפי נייטשר וואלי ק,גרמים,152.00,100 גרם,false,1,17.90,11.78,true,1,
8410134016839,false,זיתים ירוקים עם סלומון 300 גרם FRAGATA,אנגל קמצ'ו אלימנטסיו,,זיתים ירוקים עם סלומ,גרמים,300.00,100 גרם,false,1,8.50,2.83,true,1,
8410300207665,false,קוביות גלינה בלנקה טעם עוף 80 גר,,,קוביות גלינה בלנקה ט,Unknown,0.00,Unknown,false,1,13.90,13.90,true,1,
8410300233961,false,מרק פירה להכנה מהירה טעם עוף 15 גרם G.B,,,מרק פירה להכנה מהירה,גרמים,15.00,100 גרם,false,1,3.90,26.00,true,1,
8410300233978,false,מרק להכנה מהירה פטריות/קרוטון 15 גרם G.B,,,מרק להכנה מהירה פטרי,גרמים,15.00,100 גרם,false,1,3.90,26.00,true,1,
8410300238164,false,קוביות גלינה בלנקה עוף עם ירק 80 גר,,,קוביות גלינה בלנקה ע,גרמים,80.00,100 גרם,false,1,13.90,17.38,true,1,
8410342003270,false,"טוראס-שוקולד מריר 72% אגוזים ללת""ס 150 ג",,ES,טוראס-שוקולד מריר 72,גרמים,150.00,100 גרם,false,1,19.90,13.27,true,1,
8410342005625,false,"טוראס-שוקולד חלב אגוז ללת""ס 75 גרם",,ES,טוראס-שוקולד חלב אגו,גרמים,75.00,100 גרם,false,1,9.90,13.20,true,1,
8410376013191,false,קרקר פיק קוקטייל בצילינדר 350 גר גולון,GULLON,,קרקר פיק קוקטייל 350,גרמים,350.00,100 גרם,false,1,15.90,4.54,true,1,
8410376014051,false,גולון-קרקר פיק מיניס 350 גר,GULLON,,קרקר פיק מיניס 350 ג,גרמים,350.00,100 גרם,false,1,15.90,4.54,true,1,
8410376037784,false,גולון ביסקויט סנדויץ שוקו ללא סוכר 250ג,תות תעשיות מזון (201,,"ביסקויט ללת""ס סנדווי",גרמים,250.00,100 גרם,false,1,16.90,6.76,true,1,
8410376042481,false,גולון ביסקווט קרם יוגורט ללא תוספת סוכר 220 גרם,גלטס גולון,,גולון ביסקוויט קרם י,גרמים,220.00,100 גרם,false,1,14.90,6.77,true,1,
8410525116681,false,פיני גומי צפרדעים 90 גרם,,ES,פיני גומי צפרדעים 90,Unknown,1.00,Unknown,false,1,6.90,6.90,true,1,
8410525116728,false,פיני גומי דובונים 90 גרם,,ES,פיני גומי דובונים 90,Unknown,0.00,Unknown,false,1,6.90,6.90,true,1,
8410525116834,false,פיני גומי כרישים 90 גרם,,ES,פיני גומי כרישים 90,Unknown,1.00,Unknown,false,1,6.90,6.90,true,1,
8410525119019,false,פיני גומי תותים 90 גרם,,ES,פיני גומי תותים 90 ג,גרמים,90.00,100 גרם,false,1,6.90,7.67,true,1,
8410525143397,false,פיני מסטיק פירות 90 גרם,,ES,פיני מסטיק פירות 90,Unknown,0.00,Unknown,false,1,6.90,6.90,true,1,
8410525160554,false,פיני צורות שונות מיקס 90 גרם,,ES,פיני צורות שונות מיק,גרמים,90.00,100 גרם,false,1,6.90,7.67,true,1,
8410525179839,false,פיני טוויסט טופ 90 גרם,,ES,פיני טוויסט טופ 90 ג,Unknown,0.00,Unknown,false,1,6.90,6.90,true,1,
8410525186516,false,פיני גומי יוגורט 90 גרם,,ES,פיני גומי יוגורט 90,Unknown,1.00,Unknown,false,1,6.90,6.90,true,1,
8410525206184,false,פיני שטיחים חמוצים בטעם תות 90 גרם,,ES,פיני שטיחים חמוצים ב,Unknown,1.00,Unknown,false,1,6.90,6.90,true,1,
8410525211096,false,פיני גומי ריינבואו במילוי מתוק 90 גרם,,ES,פיני גומי ריינבואו ב,Unknown,0.00,Unknown,false,1,6.90,6.90,true,1,
8410525220548,false,פיני גומי חמוץ תמנון 90 גרם,,ES,פיני גומי חמוץ תמנון,Unknown,1.00,Unknown,false,1,6.90,6.90,true,1,
8410525246739,false,פיני בום מיקס חמוץ 90 גרם,,ES,פיני בום מיקס חמוץ 9,גרמים,90.00,100 גרם,false,1,6.90,7.67,true,1,
8411320105276,false,פילה אנשובי בשמן זית 47.50 גרם ORTIZ,אורטיז ORTIZ,,פילה אנשובי בשמן זית,Unknown,0.00,Unknown,false,1,26.50,26.50,true,1,
8411320334027,false,אורטיז נתחי טונה צהובה בשמן זית (פחית) 1,אורטיז ORTIZ,,נתחי טונה צהובה בשמן,גרמים,112.00,100 גרם,false,1,16.40,14.64,true,1,
8412997000390,false,"ארטי אייס פופ -שלגונים להקפאה 650 מ""ל",,,ארטי אייס פופ -שלגונ,מיליליטרים,650.00,"100 מ""ל",false,1,8.90,1.37,true,1,
8423207206488,false,סלים דליס חטיף דגנים מצופה שוקולד חלב מרבה 6*20 גרם,אף.סי תבליני בגליל ב,,חטיף דגנים מלאים מצו,גרמים,120.00,100 גרם,false,1,10.90,9.08,true,1,
8423207208703,false,חטיפי סלים דליס שוקולד מריר מרבה 6 יחידות,ביסנצ'ורי אס.אל.יו,,סלים דליס מהדורה עם,גרמים,120.00,100 גרם,false,1,10.90,9.08,true,1,
8425206000081,false,ריבת חלב מרדל 450 גרם,כלורוקס אוקלנד,,ריבת חלב מרדל 450 גר,גרמים,450.00,100 גרם,false,1,17.90,3.98,true,1,
8431438000256,false,מנצגו קייסו ספרדי במשקל,,,מנצגו קייסו ספרדי במ,Unknown,0.00,"ק""ג",true,0,188.00,188.00,true,1,
8435185944009,false,"משקה קל ד""ר פפר 330 מ""ל",,,"משקה קל ד""ר פפר 330",מיליליטרים,330.00,"100 מ""ל",false,1,6.90,2.09,true,1,
8435185954626,false,"משקה קל ד""ר פפר בטעם דובדבן 330 מ""ל",,,"משקה קל ד""ר פפר בטעם",מיליליטרים,330.00,"100 מ""ל",false,1,6.90,2.09,true,1,
8437013158657,false,גבינה קשה כבשים כמהין במשקל,,,גבינה קשה כבשים כמהי,Unknown,0.00,"ק""ג",true,0,198.00,198.00,true,1,
8445290019516,false,קוואלטי סטריט שקית 382 גרם,,,קוואלטי סטריט שקית 3,גרמים,382.00,100 גרם,false,1,36.90,9.66,true,1,
8445290427120,false,דגני פיטנס Fitness שוקולד מריר ובננה,נסטלה צרפת איטנקורט,,פיטנס שוקולד מריר וב,גרמים,375.00,100 גרם,false,1,19.90,5.31,true,1,
8594009923429,false,"בירה קרושוביצה אמפריאל 500 מ""ל פחית",,,בירה קרושוביצה אמפרי,מיליליטרים,500.00,"100 מ""ל",false,1,11.90,2.38,true,1,
8594071651749,false,עויגיות אישיות בטעם משמש 235 גר מרלנקה,Marlenka,,עוגיות אישיות בטעם מ,גרמים,235.00,100 גרם,false,1,34.90,14.85,true,1,
8594403150827,false,בירה בדוויזר בודבר כהה 500 מל,BUDVIZER BUDVAR,,בירה בדוויזר בודבר,מיליליטרים,500.00,"100 מ""ל",false,1,13.90,2.78,true,1,
8606109023593,false,"פרוויטה - מיץ תפוחי עץ ואגסים 750 מ""ל",פרובישקה,RS,פרוויטה מיץ תפוחי עץ,מיליליטרים,750.00,"100 מ""ל",false,1,13.90,1.85,true,1,
8606109023623,false,"פרוויטה - מיץ תפוחי עץ ולימון ליים 750 מ""ל",פרובישקה,RS,פרוויטה מיץ תפוחי עץ,מיליליטרים,750.00,"100 מ""ל",false,1,13.90,1.85,true,1,
8606109023715,false,"פרוויטה - מיץ תפוחי עץ ואפרסקים 750 מ""ל",פרובישקה,RS,פרוויטה מיץ תפוחי עץ,מיליליטרים,750.00,"100 מ""ל",false,1,13.90,1.85,true,1,
8606109023722,false,"פרוויטה - מיץ תפוחי עץ ומשמשים 750 מ""ל",,RS,פרוויטה מיץ תפוחי עץ,מיליליטרים,750.00,"100 מ""ל",false,1,13.90,1.85,true,1,
8690504156543,false,טבלת שוקלד חלב ממולא בקרם גנאש שוקולד חלב 88 גר',ביסקוט ביסקווי סילברי,TR,שוקולד חלב גודייבה ק,גרמים,88.00,100 גרם,false,1,13.90,15.80,true,1,
8690526009308,false,אי טי אי - חטיף קוקוס מצופה שוקולד חלב וכדורוני דגנים 126 גרם,eti gida sanayi,TR,מארז חטיפי מיני קוקו,גרמים,126.00,100 גרם,false,1,9.90,7.86,true,1,
8690526009353,false,אי טי אי - מיני חטיף בוטנים נוגט קרמל מצופה שוקולד חלב 140 גרם,"GIDA ETI , טורקיה n\",TR,חטיפי מיני בוטנים נו,גרמים,140.00,100 גרם,false,1,9.90,7.07,true,1,
8690530151338,false,ממחטות נייר סלפאק פרמיום קלאסי 10 יח,,,ממחטות נייר סלפאק פר,Unknown,0.00,Unknown,false,1,10.50,10.50,true,1,
8690574801060,false,"ליפטון אייס תה לימון 330 מ""ל",,BE,ליפטון אייס תה לימון,מיליליטרים,330.00,"100 מ""ל",false,1,5.20,1.58,true,1,
8690637704291,false,שמפו לשיקום אינטנסיבי לשיער פגום,יוניליוור טורקיה. אז,,"דאב שמפו משקם 600 מ""",מיליליטרים,600.00,"100 מ""ל",false,1,19.80,3.30,true,1,
8690637704451,false,מרכך עם שמני הזנה לטיפוח לשיער יבש,יוניליוור טורקיה. אז,,דאב מרכך שמני הזנה 6,מיליליטרים,600.00,"100 מ""ל",false,1,19.80,3.30,true,1,
8690766156367,false,גודייבה שוקולד חלב מעולה 90 גרם,"אולקר מקבוצת פלאדיס,",TR,שוקולד חלב גודייבה מ,גרמים,90.00,100 גרם,false,1,14.90,16.56,true,1,
8690766156374,false,גודייבה שוקולד מריר מעולה 72% מוצקי קקאו 72גרם,"אולקר מקבוצת פלאדיס,",TR,שוקולד מריר 72% גודי,גרמים,90.00,100 גרם,false,1,14.90,16.56,true,1,
8690766156381,false,גודייבה שוקולד מריר 90% מוצקי קקאו 90 גרם,"אולקר מקבוצת פלאדיס,",TR,שוקולד מריר 90% גודי,גרמים,90.00,100 גרם,false,1,14.90,16.56,true,1,
8690777221405,false,פלפל אדום קלוי סרה ויליפוד 650 גרם,קוראהן פזלרמה וי דיס,,פלפל אדום קלויים על,גרמים,650.00,100 גרם,false,1,11.90,1.83,true,1,
8691351103001,false,טורקיש דילייט פירות 300 גרם,,TR,טורקיש דילייט פירות,גרמים,300.00,100 גרם,false,0,12.90,4.30,true,1,
8691351103018,false,טורקיש דילייט מי ורדים ולימון 300 גרם,,TR,טורקיש דילייט מי ורד,גרמים,300.00,100 גרם,false,0,12.90,4.30,true,1,
8691351103049,false,טורקיש דילייט אגוזי לוז 300 גרם,,TR,טורקיש דילייט אגוזי,גרמים,300.00,100 גרם,false,0,14.90,4.97,true,1,
8693374257464,false,"תבשיל פסטה עם רוטב ""ארביאטה"" 250 גר",יאילה אגרו גידה,TR,"תבשיל פסטה עם רוטב """,גרמים,250.00,100 גרם,false,1,11.90,4.76,true,1,
8693374257488,false,"תבשיל פסטה עם רוטב ""נאפוליטאן"" 250 גר",יאילה אגרו גידה,TR,"תבשיל פסטה עם רוטב """,גרמים,250.00,100 גרם,false,1,11.90,4.76,true,1,
8693374258478,false,תבשיל בורגול עם פטריות להכנה מהירה 250 ג,יאילה אגרו גידה,TR,תבשיל בורגול עם פטרי,גרמים,250.00,100 גרם,false,1,11.90,4.76,true,1,
8693374261058,false,"תבשיל אורז עם גזר,אפונה ירוקה ותירס 250ג",יאילה אגרו גידה,TR,"תבשיל אורז עם גזר,אפ",גרמים,250.00,100 גרם,false,1,11.90,4.76,true,1,
8694686405857,false,מיטו מזון לחתול 1 קג,,,מיטו מזון לחתול 1 קג,Unknown,0.00,Unknown,false,1,21.90,21.90,true,1,
8697431925143,false,קונפיטורה 70% פירות יער 450 ג' FRUPPA,פרוטנגו Fruitango,,קונפיטורה 70% פירות,גרמים,450.00,100 גרם,false,1,17.70,3.93,true,1,
8697826469092,false,טורטיה קטנה שקדיה 540 גרם 12 יחידות,דין שיווק,,טורטיה קטנה 12 יחיד,גרמים,540.00,100 גרם,false,1,9.90,1.83,true,1,
8710448588740,false,רוטב חרדל דבש רמייה 500 גר,וואן האוטן,NL,רוטב חרדל דבש רמייה,גרמים,500.00,100 גרם,false,1,13.50,2.70,true,1,
8710448588788,false,"רוטב קיסר 500 מ""ל רמייה",רמייה,NL,"רוטב קיסר 500 מ""ל רמ",מיליליטרים,500.00,"100 מ""ל",false,1,13.50,2.70,true,1,
8710448593706,false,"מיונז לחיץ רמיה 350 מ""ל",,NL,מיונז לחיץ רמיה 350,מיליליטרים,350.00,"100 מ""ל",false,1,12.90,3.69,true,1,
8710448593713,false,"חרדל לחיץ רמיה 350 מ""ל",רמייה,NL,חרדל לחיץ רמיה 350 מ,מיליליטרים,350.00,"100 מ""ל",false,1,10.90,3.11,true,1,
8710448595847,false,"רוטב בלו ציז רמיה 250 מ""ל",רמייה,NL,רוטב בלו ציז רמיה 25,מיליליטרים,250.00,"100 מ""ל",false,1,14.90,5.96,true,1,
8710448634669,false,רוטב מיו פיקנטי אנדל,רמייה,NL,GG רוטב אנדלוס 650 מ,מיליליטרים,650.00,"100 מ""ל",false,1,22.90,3.52,true,1,
8710448638131,false,מיונז גאודסמופחת שומ,,,מיו לחיץ 750 גרם,גרמים,750.00,100 גרם,false,1,19.90,2.65,true,1,
8710502064814,false,עוגיות מרבה שוקולד ציפס במרקם רך 175 גר,בנקטבקריי מרבה בי.וי,,עוגיות מרבה שוקולד צ,גרמים,175.00,100 גרם,false,1,8.60,4.91,true,1,
8710502100864,false,עוגיות מרבה פטיסרי דאבל שוקולד 200 גרם,"מרבה בע""\מ",NL,מרבה פטיסרי עוגיות ד,גרמים,200.00,100 גרם,false,1,10.90,5.45,true,1,
8710502139017,false,עוגיות טריפל שוקולד צ'יפס מרבה 180 גרם,בנקטבקריי מרבה בי.וי,,עוגיות שוקולד מצופות,גרמים,180.00,100 גרם,false,1,8.60,4.78,true,1,
8710502194801,false,"עוגיות שוקלד ציפס רכה פירות יער ""מרבה"" 175 גרם",בנקטבקריי מרבה בי.וי,,מרבה עוגיות שוקולד צ,גרמים,175.00,100 גרם,false,1,8.60,4.91,true,1,
8710502279010,false,מרבה עוגיות שוקולד צ'יפס מצופות שוקולד 175 גרם,"י.מרבה ישראל בע""מ",,עוגיות מרבה שוקולד צ,גרמים,175.00,100 גרם,false,1,8.60,4.91,true,1,
8710502405204,false,עוגיות שוקולד צ'יפס עם קרם שוקולד מרבה 175 גרם,קריניציה ויטמינה אס,,עוגיות שוק.ציפס ממול,גרמים,175.00,100 גרם,false,1,8.60,4.91,true,1,
8710502470028,false,עוגיות שוקולד צ'יפס ממולאות בקרם נוגט,קריניציה ויטמינה אס,,עוגיות מרבה נוגטלי 1,גרמים,160.00,100 גרם,false,1,8.60,5.38,true,1,
8710679158385,false,"ציפס פריטס קלאסי 2.5 ק""ג",,,"ציפס קלאסי 2.5 ק""ג",קילוגרמים,0.00,"ק""ג",false,1,44.90,44.90,true,1,
8710739494897,false,תחנת רוח וופל טוסט 12 יח במארז 250 גר,BANKETGRORP DE,,תחנת רוח וופל טוסט 1,גרמים,250.00,100 גרם,false,1,13.90,5.56,true,1,
8710800961310,false,סוכריות בטעם תות מנטוס 4*375 גרם,פרפטי ואן מלה ברדה,,מנטוס תות 1/4,גרמים,160.00,100 גרם,false,1,11.40,7.13,true,1,
8711000371244,false,"ג'ייקובס קפסולות אספרסו (8) 10 יח', 52ג' לונגו",ג'\ייקובס דאו אגברטס,FR,קפסולות קפה אספרסו ל,גרמים,52.00,100 גרם,false,1,15.90,30.58,true,1,
8713323093506,false,כחול- מאסדם הולנדי פרוס 150 גרם,ווסטלנד,NL,כחול- מאסדם הולנדי פ,גרמים,150.00,100 גרם,false,1,15.60,10.40,true,1,
8713505038608,false,גאודה הולנדית פטריות כמהין במשקל,,,גאודה הולנדית פטריות,Unknown,0.00,"ק""ג",true,0,183.00,183.00,true,1,
8713800119903,false,רד בנד מיקס גומי פירות 200 גרם,,NL,רד בנד מיקס גומי פיר,גרמים,200.00,100 גרם,false,1,9.90,4.95,true,1,
8714599104316,false,ג'ייקובס קפה שחור קלוי וטחון טורקי 200 גרם,אל.אל.סי ג'\ייקובס דאו א,RU,קפה שחור קלוי וטחון,גרמים,200.00,100 גרם,false,1,15.60,7.80,true,1,
8714599412220,false,ג'ייקובס וולווט קפה נמס 95 מיובש בהקפאה,אל.אל.סי ג'\ייקובס דאו א,RU,גייקובס וולווט קפה נ,גרמים,95.00,100 גרם,false,1,16.70,17.58,true,1,
8714599513781,false,"קפה נמס מיובש בהקפאה זהב צנצנת ג'ייקובס 200 גרם לל""ס",אל.אל. סי ג''יקובס דאו א,,גיקובס גולד מיובש בה,גרמים,200.00,100 גרם,false,1,24.90,12.45,true,1,
8714599513835,false,גי'קובס קרונונג נייט אנד דיי - נטול קופיאין,ג'ייקובס Jacobs,,קפה גיקובס קרונונג נ,גרמים,200.00,100 גרם,false,1,34.90,17.45,true,1,
8714599513866,false,"קפה נמס מיובש בהקפאה קרונג צנצנת ג'ייקובס 200 גרם לל""ס",אל.אל.סי גייקובס דאו,,גיקובס קרונונג מיובש,גרמים,200.00,100 גרם,false,1,24.90,12.45,true,1,
8715035150300,false,"רוטב סויה קיקומן ללא מ""ל 250 גלוטן",קיקומן פודז יורופ בי,NL,רוטב סויה קיקומן ללא,מיליליטרים,250.00,"100 מ""ל",false,1,22.90,9.16,true,1,
8715700110141,false,מיונז קרמי היינץ צנצנת 460ג',ה.י.היינץ הולדינג בי.וי,,מיונז בצנצנת היינץ 4,גרמים,460.00,100 גרם,false,1,11.90,2.59,true,1,
8715700120874,false,מתבל עגבניות היינץ בתוספת שום,ה.י.היינץ הולדינג בי.וי,NL,קטשופ שום היינץ 460,גרמים,460.00,100 גרם,false,1,10.40,2.26,true,1,
8715700419695,false,רוטב ברביקיו מתוק היינץ 500 גרם,היינץ Heinz,,רוטב ברביקיו מתוק 50,גרמים,500.00,100 גרם,false,1,17.90,3.58,true,1,
8715700419732,false,היינץ מתבל עגבניות 700 גרם,ה.י. היינץ,,מתבל היינץ 700 גרם,גרמים,700.00,100 גרם,false,1,11.90,1.70,true,1,
8715700421056,false,ממרח סנדויץ פיקנטי 300 גרם,היינץ,,ממרח סנדויץ פיקנטי 3,גרמים,300.00,100 גרם,false,1,16.60,5.53,true,1,
8715700422473,false,ממרח לכריכים וסלטים ללא ח. משמרים היינץ 395 גרם,ה.י. היינץ,,מיונז לחיץ היינץ 395,גרמים,395.00,100 גרם,false,1,12.90,3.27,true,1,
8716605000742,false,גבינה מעושנת 200 גרם,,,גבינה מעושנת 200 גרם,גרמים,200.00,100 גרם,false,1,26.50,13.25,true,1,
8716605000995,false,גבינה מסדאם הולנדית במשקל,,,גבינה מסדאם הולנדית,Unknown,0.00,"ק""ג",true,0,80.00,80.00,true,1,
8716605001022,false,גבינת דניש בלו 100 גר,,,גבינת דניש בלו 100 ג,גרמים,100.00,100 גרם,false,1,14.20,14.20,true,1,
8716695043872,false,שעועית ירוקה אמה צנצנת 680 גרם,אמה ואן טולי בי.וי,BE,שעועית ירוקה אמה צנצ,גרמים,680.00,100 גרם,false,1,13.90,2.04,true,1,
8718700495515,false,גבינת צ'דר פרוס 150ג',,NL,צדר פרוס 150 גרם,גרמים,150.00,100 גרם,false,0,8.30,5.53,true,1,
8718700495522,false,גבינת גאודה פרוס 150ג',,NL,גאודה פרוס 150 גרם,גרמים,150.00,100 גרם,false,0,8.30,5.53,true,1,
8718700495539,false,אמנטל פרוס 150 גרם,,NL,אמנטל פרוס 150 גרם,גרמים,150.00,100 גרם,false,0,8.30,5.53,true,1,
8718951315303,false,"קולגייט אדומה משחת שיניים להגנה מפני עששת 2*100 מ""ל",קולגייט-פלמוליב,PL,מארז משחת שיניים קול,מיליליטרים,200.00,"100 מ""ל",false,1,20.90,10.45,true,1,
8719200998001,false,מרגרינה לאפיה ובישול בלי מלח 200 ג' בלו בנד,יוניליוור ישראל מזון בע\,IL,בלובנד בלי מלח 200 ג,גרמים,200.00,100 גרם,false,1,5.10,2.55,true,1,
8719200998018,false,מחמאה מרגרינה בטעם חמאה בלובנד 200 גרם,"מיוצר ע""\י יוניליוור ישר",IL,מחמאה מרגרינה,גרמים,200.00,100 גרם,false,1,5.40,2.70,true,1,
8723400756552,false,מארז סוכריות מנטוס Mentos ריינבואו,פרפטי ואן מלה ברדה,,מנטוסRAINBOW 1/4,גרמים,150.00,100 גרם,false,1,11.40,7.60,true,1,
8723400795803,false,מנטוס פאנטה תפוז רביעייה 150 גרם,,,מנטוס פאנטה תפוז רבי,גרמים,150.00,100 גרם,false,1,10.90,7.27,true,1,
8801043025256,false,נונגשים ראמאן-נודלס שין חריף בקערה 114ג,,KR,נונגשים ראמאן-נודלס,גרמים,114.00,100 גרם,false,1,17.90,15.70,true,1,
8801043031011,false,נונגשים ראמאן-נודלס שין חריף בכוס 68 ג,,KR,נונגשים ראמאן-נודלס,גרמים,68.00,100 גרם,false,1,11.90,17.50,true,1,
8801043049566,false,נונגשים ראמאן-נודלס שין חריף בכוס 68 ג,,KR,נונגשים ראמאן-נודלס,גרמים,68.00,100 גרם,false,1,11.90,17.50,true,1,
8801043157759,false,נונגשים ראמאן-נודלס צמפונג פירות ים 120ג,,,נונגשים ראמאן-נודלס,גרמים,120.00,100 גרם,false,1,10.90,9.08,true,1,
8801043157773,false,נונגשים ראמאן-נודלס נאוגרי פירות ים 120ג,,,נונגשים ראמאן-נודלס,גרמים,120.00,100 גרם,false,1,10.90,9.08,true,1,
8801055707966,false,קפה טייסטר צו'יס נס קפה בריסטה 180ג',נסטלה קוריאה - קפה,,נסקפה טייסטרס צויס ב,גרמים,180.00,100 גרם,false,1,28.90,16.06,true,1,
8801055709434,false,קפה נמס טייסטר צ'ויס קולומביה 100 גר',נסטלה קוריאה - קפה,KR,נסקפה טייסטרס צויס ק,גרמים,100.00,100 גרם,false,1,23.90,23.90,true,1,
8801055709465,false,אבקה להכנת משקה קפה בטעם קפוצ'ינו וניל,לוטה נסטלה קוריאה,,נסקפה קפוצינו וניל,גרמים,185.00,100 גרם,false,1,18.90,10.22,true,1,
8801055709489,false,אבקה להכנת משקה קפה בטעם קפוצ'ינו אגוזים,לוטה נסטלה קוריאה,,נסקפה קפוצינו אגוזים,גרמים,180.00,100 גרם,false,1,18.90,10.50,true,1,
8801055709526,false,אבקה להכנת משקה קפה בטעם קפוצ'ינו שוקולד לבן,לוטה נסטלה קוריאה,,נסקפה קפוצינו שוקולד,גרמים,180.00,100 גרם,false,1,18.90,10.50,true,1,
8850161167089,false,קוקו וואי משקה קוקוס 1 ליטר,טויו טייקאן קו.אל.טי.די,TH,חלב קוקוס קוקו וואי,מיליליטרים,1000.00,"100 מ""ל",false,1,16.90,1.69,true,1,
8850206250592,false,רוטב צ'ילי סריראצ'ה 540 גרם (מזרח ומערב),יאן וואל יון קו.לטד,,רוטב צ`ילי סיראצ`ה 5,גרמים,540.00,100 גרם,false,1,17.90,3.31,true,1,
8850206280049,false,רוטב צ'ילי חריף מיו 250 גרם,יאן וואל יון קו.לטד,TH,רוטב צילי חריף מיו 2,גרמים,250.00,100 גרם,false,1,16.90,6.76,true,1,
8850367992164,false,קרם קוקוס 250 מל 20-22% ללא חומר משמר,טאפאדונגפורן קוקנט,,"קרם קוקוס 250 מ""ל 20",גרמים,250.00,100 גרם,false,1,8.40,3.36,true,1,
8850367994021,false,"רוטב צ'ילי מתוק ללא סוכר מזרח ומערב ללא גלוטן 280 מ""ל",c coconut Theppadungporn,,רוטב צילי מתוק ללא ס,מיליליטרים,280.00,"100 מ""ל",false,1,12.90,4.61,true,1,
8850389103111,false,סאפי משקה אלוורה בטעם ענבים 300מל,פארייפאבה אגרואינדוס,,משקה קל סאפה בטעם ענ,מיליליטרים,300.00,"100 מ""ל",false,1,8.90,2.97,true,1,
8850389103128,false,"משקה קל סאפה בטעם תפוח 300 מ""ל",פארייפאבה אגרואינדוס,,משקה קל סאפה בטעם תפ,מיליליטרים,300.00,"100 מ""ל",false,1,8.90,2.97,true,1,
8850389103159,false,"משקה ליצ'י עם חתיכות גלי קוקוס 320 מ""ל מוגו מוגו",סאפה פובליק קומפני לימיט,,מוגו מוגו ליצי עם חת,מיליליטרים,320.00,"100 מ""ל",false,1,8.20,2.56,true,1,
8850389104637,false,"משקה קל סאפה אלוורה אפרסק 300 מ""ל",פארייפאבה אגרואינדוס,,משקה קל סאפה אלוורה,מיליליטרים,300.00,"100 מ""ל",false,1,8.90,2.97,true,1,
8850389105825,false,משקה אלוורה בטעם ענבים סאפה 1 ליטר,סאפה פובליק קומפני לימיט,,סאפה אלוורה ענבים 1,מיליליטרים,1000.00,"100 מ""ל",false,1,14.90,1.49,true,1,
8850389105832,false,סאפה משקה אלוורה בטעם תפוח עם קוביות אלוורה 1 ליטר,סאפה פובליק קומפני לימיט,,סאפה אלוורה תפוחים 1,מיליליטרים,1000.00,"100 מ""ל",false,1,14.90,1.49,true,1,
8850389105849,false,סאפה משקה אלוורה מופחת קלוריות בטעם אפרסק 1 ליטר,סאפה פובליק קומפני לימיט,,סאפה אלוורה אפרסק 1,מיליליטרים,1000.00,"100 מ""ל",false,1,14.90,1.49,true,1,
8850389111352,false,"משקה מלון עם חתיכות גלי קוקוס 320 מ""ל מוגו מוגו",סאפה פובליק קומפני לימיט,,מוגו מוגו מלון עם חת,מיליליטרים,320.00,"100 מ""ל",false,1,8.20,2.56,true,1,
8853662056661,false,"רוטב סריראצ''ה מיו 455 מ""ל",EXOTIC FOOD PCL,,רוטב סריראצ`ה מיו 45,מיליליטרים,455.00,"100 מ""ל",false,1,29.50,6.48,true,1,
8854661001843,false,שרימפס בייבי 500 גרם קפוא,,,שרימפס בייבי 500 גרם,גרמים,500.00,100 גרם,false,1,34.50,6.90,true,1,
8854661003212,false,בשר מולים מבושלים 500 גר,,,בשר מולים מבושלים 50,גרמים,500.00,100 גרם,false,1,26.50,5.30,true,1,
8854661007012,false,"שרימפס מבושל מקולף 1 ק""ג קפוא",,,שרימפס מבושל מקולף,קילוגרמים,0.00,"ק""ג",false,1,83.50,83.50,true,1,
8854661009726,false,שרימפס טמפורה 300 גר,,,שרימפס טמפורה 300 גר,גרמים,300.00,100 גרם,false,1,35.50,11.83,true,1,
8858271003075,false,רוטב סויה מתוקה 700 גרם מקסצאפ,דאנינג יוה פודס קו,,רוטב סויה מתוקה 700,מיליליטרים,700.00,"100 מ""ל",false,1,16.90,2.41,true,1,
8859103400697,false,דג בברית צנינית צהובה מלוח מיובש 100 גר,,,דג בברית צנינית צהוב,גרמים,100.00,100 גרם,false,1,14.60,14.60,true,1,
8901537024014,false,"אורז בסמטי מובחר 1 ק""ג - דוואט) יורה דיעה",הנסיך- מפעל לייצור ט,,אורז בסמטי מובחר,גרמים,1000.00,100 גרם,false,1,12.90,1.29,true,1,
8904180001395,false,ממרח טנדורי רגה 300 גרם,,,ממרח טנדורי רגה 300,גרמים,300.00,100 גרם,false,1,19.90,6.63,true,1,
8908000959361,false,קורנישונים כבושים בחומץ 680 גר,,,קורנישונים כבושים בח,גרמים,680.00,100 גרם,false,1,13.50,1.99,true,1,
8934878081811,false,"דפי אורז 22 ס""מ 400 גר'(Trav) ללא גלוטן",דאנינג יוה פודס קו,,"דפי אורז 22 ס""מ 400",גרמים,400.00,100 גרם,false,1,11.90,2.98,true,1,
8935215401873,false,טבעות קלמרי 500 גר,,,קלמרי טבעות 500 גר,גרמים,500.00,100 גרם,false,1,34.90,6.98,true,1,
8936071204318,false,"אורז דביק 1 ק""ג",,VN,"אורז דביק 1 ק""ג",גרמים,1000.00,100 גרם,false,1,16.90,1.69,true,1,
9002859047145,false,משקה מוגז בטעם תפוח תות לילדים 750 מל,GUNZ WARENHANDELS,,משקה מוגז בטעם תפוח,Unknown,0.00,Unknown,false,1,24.90,24.90,true,1,
9002859049354,false,גונץ חטיף טבעות בצל 125 גר,,AT,גונץ חטיף טבעות בצל,גרמים,125.00,100 גרם,false,1,11.90,9.52,true,1,
9002859050367,false,בובות סנטה קטנות בשקית 100 גר גונץ,GUNZ WARENHANDELS,,בובות סנטה קטנות בשק,גרמים,100.00,100 גרם,false,1,10.90,10.90,true,1,
9002859050381,false,מיקס סנטה גדול בשקית 100 גר גונץ,GUNZ WARENHANDELS,,מיקס סנטה גדול בשקית,גרמים,100.00,100 גרם,false,1,10.90,10.90,true,1,
9002859050725,false,תפזורת סנטה ברשת 100 גר גונץ,GUNZ WARENHANDELS,,תפזורת סנטה ברשת 10,גרמים,100.00,100 גרם,false,1,10.90,10.90,true,1,
9002859055591,false,בוגי-סוכריות בפחית בטעם לימון 200 גרם,,,בוגי-סוכריות בפחית ב,גרמים,200.00,100 גרם,false,1,12.50,6.25,true,1,
9002859055614,false,בוגי-סוכ'בפחית בטעם פירות יער 200 גרם 1/12(86109,,,בוגי-סוכריות בפחית ב,גרמים,200.00,100 גרם,false,1,12.50,6.25,true,1,
9002859056963,false,אנשי שלג משוקולד ברשת 100 גר גונץ,GUNZ WARENHANDELS,,אנשי שלג משוקולד ברש,גרמים,100.00,100 גרם,false,1,10.90,10.90,true,1,
9002859067570,false,דפדפי שוקולד תפוז - גונץ 200 גרם,GUNZ WARENHANDELS,,דפדפי שוקולד תפוז -,גרמים,200.00,100 גרם,false,1,16.70,8.35,true,1,
9002859067907,false,גונץ עוגיות עם קרם בטעם וניל 380 גרם,Gunz,,גונץ עוגיות עם קרם ב,גרמים,380.00,100 גרם,false,1,19.50,5.13,true,1,
9002859071911,false,שוקולד חלב סנטה 4100 גר גונץ,GUNZ WARENHANDELS,,שוקולד חלב סנטה 100,גרמים,100.00,100 גרם,false,1,10.90,10.90,true,1,
9002859080753,false,שוקולד סנטה קלאוס 60 גרם,GUNZ WARENHANDELS,,שוקולד סנטה קלאוס 60,גרמים,60.00,100 גרם,false,1,5.90,9.83,true,1,
9002859080777,false,גונץ שוקולד לוח שנה קריסטמיס 75 גר,GUNZ WARENHANDELS,,גונץ שוקולד לוח שנה,גרמים,75.00,100 גרם,false,1,10.90,14.53,true,1,
9002859081590,false,שוקולד סנטה על המקל שישייה 90 גר גונץ,GUNZ WARENHANDELS,,שוקולד סנטה על המקל,גרמים,540.00,100 גרם,false,1,10.90,2.02,true,1,
9002859093876,false,גונץ עוגיות עם קרם שוקולד ודובדבן 380 גר,GUNZ WARENHANDELS,,גונץ עוגיות עם קרם ש,גרמים,380.00,100 גרם,false,1,19.50,5.13,true,1,
9002859099373,false,גונץ-מטבעות קריסמס ברשת 85 גרם,GUNZ WARENHANDELS,,גונץ-מטבעות קריסמס ב,גרמים,85.00,100 גרם,false,1,9.50,11.18,true,1,
9002859102936,false,גונץ-סוכריה על מקל עם מסטיק פירות 144 ג,,,גונץ-סוכריה על מקל ע,גרמים,144.00,100 גרם,false,1,9.90,6.88,true,1,
9002859104091,false,גונץ כדור קריסמס ממולא בפרלינים 30 גרם,,AT,גונץ כדור קריסמס ממו,גרמים,30.00,100 גרם,false,1,16.90,56.33,true,1,
9002975393836,false,הריבו סוכריות גומי בטעם קולה 70 גרם,"האריבו , ג'\י.אם.בי.אייץ",AT,סוכריות גילי הריבו ה,גרמים,70.00,100 גרם,false,1,7.30,10.43,true,1,
9002975393843,false,הריבו סוכריות גומי דובונים 70 גרם,"האריבו , ג'\י.אם.בי.אייץ",AT,סוכריות גילי הריבו ג,גרמים,70.00,100 גרם,false,1,7.30,10.43,true,1,
9002975393850,false,סוכריות גילי הריבו וורמס 70 גרם,"האריבו , ג'\י.אם.בי.אייץ",AT,סוכריות גילי הריבו ו,גרמים,70.00,100 גרם,false,1,7.30,10.43,true,1,
9008700111546,false,נקטר דובדבנים חמוצים 1ל',Rauch fruchtsafte gm,,נקטר דובדבן 1 ליטר,מיליליטרים,1000.00,"100 מ""ל",false,1,14.60,1.46,true,1,
9008700128971,false,מיץ חמוציות ראוך 1 ליטר,ראוך Rauch,,מיץ חמוציות ראוך 1 ל,מיליליטרים,1000.00,"100 מ""ל",false,1,14.60,1.46,true,1,
9008700146982,false,מיץ מולטיויטמין פרי אדומים 100% 1 ל ראוך,Rauch fruchtsafte gm,,מיץ מולטיויטמין פרי,מיליליטרים,1000.00,"100 מ""ל",false,1,14.60,1.46,true,1,
9008700148146,false,נקטר ליצי 1 ליטר ראוך,Rauch fruchtsafte gm,,נקטר ליצי 1 ליטר ראו,ליטרים,0.00,ליטר,false,1,14.60,14.60,true,1,
9013100062053,false,"ליקר מוצרט שוקולד גולד 500 מ""ל",,,ליקר מוצרט שוקולד גו,מיליליטרים,500.00,"100 מ""ל",false,1,93.90,18.78,true,1,
9028800639962,false,"אדלוויס בירה לבנה בקבוק 500 מ""ל",מבשלת בראו יוניון,,"בירה אדלוויס 500 מ""ל",מיליליטרים,500.00,"100 מ""ל",false,1,13.90,2.78,true,1,
9044400849105,false,סוכריות פז בשקית 10+1 85 גר,פז פרודוקשיין,,סוכריות פז בשקית 10+,גרמים,85.00,100 גרם,false,1,15.90,18.71,true,1,
9044400885578,false,סוכ.פז מילוי ט.פירות68גר,סוכריות פז,,סוכריות מילוי PEZ,Unknown,0.00,Unknown,false,1,10.70,10.70,true,1,
9310072028750,false,טים טם Tim Tam וופל שוקולד ציפוי כפול,"ארנוטס ביסקוויטס בע""",,טים טם דאבל 200 גרם,גרמים,200.00,100 גרם,false,1,19.90,9.95,true,1,
9322969000015,false,פריכיות תירס בטעם אורגינל ריל פודס 150 ג',אף.סי תבליני בגליל ב,,פריכיות תירס 150 גרם,גרמים,150.00,100 גרם,false,1,12.80,8.53,true,1,
9322969000022,false,"ריל פוד פריכיות תירס עם סויה וזרעי פשתן, ללא גלוטן 150 גרם",אף.סי תבליני בגליל ב,,פרכיות תירס 150 גרם,גרמים,150.00,100 גרם,false,1,12.80,8.53,true,1,
9322969000039,false,פריכיות תירס 150 גרם עם 5 סוגי דגנים,ריאל פודס בעמ,,פריכיות תירס 150 גרם,גרמים,150.00,100 גרם,false,1,12.80,8.53,true,1,
9415305122011,false,יין מטואה מרלבוך סוביניון בלאן 750 מל,יינות מטואה,,יין מטואה מרלברו,Unknown,0.00,Unknown,false,1,87.90,87.90,true,1,
9871184221359,false,גאודה הולנדית 30% במשקל,,,גאודה הולנדית 30%,Unknown,0.00,"ק""ג",true,0,73.00,73.00,true,1,
9871184221363,false,גאודה הולנדית עגבניות זיתים ובזיליקום,,,גאודה הולנדית עגבניה,Unknown,0.00,"ק""ג",true,0,115.00,115.00,true,1,
9871184221365,false,גאודה הולנדית עם רוטב חריף סמבל במשקל,,,גאודה הולנדית,Unknown,0.00,"ק""ג",true,0,129.00,129.00,true,1,
9871184221367,false,גאודה עיזים הולנדית במשקל,,,גאודה עיזים הולנדית,Unknown,0.00,"ק""ג",true,0,115.00,115.00,true,1,
