code,internal_code,name,manufacturer_name,manufacture_country,manufacturer_item_description,unit_qty,quantity,unit_of_measure,weighted,qty_in_package,price,unit_of_measure_price,allow_discount,status,item_id
32147230,false,מיץ לימון סיצילייה 2,קריות זול,,מיץ לימון סיצילייה 2,,200.00,100 גרם,false,,8.90,0.0445,true,1,98933
40084107,false,ביצת הפתעה קינדר 20ג,קריות זול,,ביצת הפתעה קינדר 20ג,,20.00,,false,,6.90,0.3450,true,1,102059
40084725,false,קינדר מילק סליים עוג,,,קינדר מילק סליים עוג,,28.00,100 גרם,false,,4.50,0.1607,true,1,164061
59016441,false,רקסונה רול און פרוט,,,רקסונה רול און פרוט,,50.00,,false,,15.90,0.3180,true,1,159632
59079798,false,רקסונה רול און שאור,,,רקסונה רול און שאור,,50.00,,false,,15.90,0.3180,true,1,152960
72940754,false,"מילקי וניל 170 מ""ל",קריות זול,,"מילקי וניל 170 מ""ל",,170.00,100 גרם,false,,2.90,0.0171,true,1,95120
72940761,false,מילקי שוקולד מהדרין,קריות זול,,מילקי שוקולד מהדרין,,170.00,100 גרם,false,,2.90,0.0171,true,1,95121
72940952,false,מילקי פי 2 קצפת מהדר,קריות זול,,מילקי פי 2 קצפת מהדר,,110.00,,false,,3.90,0.0355,true,1,95122
72945308,false,שמרית קוביות שמרים ל,קריות זול,,שמרית קוביות שמרים ל,,50.00,,false,,4.40,0.0880,true,1,95126
72961506,false,פרילי תות 1.5% 125גר,קריות זול,,פרילי תות 1.5% 125גר,,125.00,,false,,3.50,0.0280,true,1,92672
72961520,false,פרילי אננס 1.5% 125ג,קריות זול,,פרילי אננס 1.5% 125ג,,125.00,100 גרם,false,,3.50,0.0280,true,1,92674
72961544,false,באדי תות 125מל,קריות זול,,באדי תות 125מל,,125.00,,false,,2.90,0.0232,true,1,92675
72986370,false,בן&גריס גלידה פיינטי,,,בן&גריס גלידה פיינטי,,420.00,,false,,24.90,0.0593,true,1,86961
72986424,false,בן&גריס גלידה פיינטי,,,בן&גריס גלידה פיינטי,יחידה,420.00,יחידה,false,,24.90,0.0593,true,1,86962
72986448,false,בן&גריס גלידה טופי ק,,,בן&גריס גלידה טופי ק,יחידה,420.00,יחידה,false,,24.90,0.0593,true,1,86963
72986455,false,בן&גריס גלידה פיינטי,,,בן&גריס גלידה פיינטי,,420.00,100 גרם,false,,24.90,0.0593,true,1,86964
72986479,false,בן&גריס גלידה צאנקי,,,בן&גריס גלידה צאנקי,,420.00,100 גרם,false,,24.90,0.0593,true,1,86965
72989425,false,בן&גריס גלידה פיינטי,,,בן&גריס גלידה פיינטי,יחידה,500.00,יחידה,false,,24.90,0.0498,true,1,86966
72993637,false,דני מהדרין שוקו בודד,קריות זול,,דני מהדרין שוקו בודד,,125.00,100 גרם,false,,2.90,0.0232,true,1,95131
72993927,false,נקסט ארוך,,,נקסט ארוך,יחידה,0.00,יחידה,false,,30.00,0.0000,false,1,97524
72994061,false,פסק זמן טו גוד 36גר,,,פסק זמן טו גוד 36גר,,36.00,100 גרם,false,,5.50,0.1528,true,1,122144
80042556,false,עגבניות חתוכות מוטי,,,עגבניות חתוכות מוטי,,400.00,100 גרם,false,,16.90,0.0422,true,1,124897
80042563,false,רסק עגבניות 700גר (צ,,,רסק עגבניות 700גר (צ,,700.00,100 גרם,false,,14.90,0.0213,true,1,124898
80050025,false,טיק טק תפוז 16גר,קריות זול,,טיק טק תפוז 16גר,,16.00,100 גרם,false,,4.30,0.2687,true,1,102061
80050124,false,טיק טק מנטה 16גר,קריות זול,,טיק טק מנטה 16גר,,16.00,,false,,4.30,0.2687,true,1,102062
80052760,false,קינדר בואנו 43גר,קריות זול,,קינדר בואנו 43גר,,43.00,,false,,5.50,0.1279,true,1,102067
80136194,false,הפי היפו אגוזי לוז 5,,,הפי היפו אגוזי לוז 5,יחידה,0.00,יחידה,false,,15.50,0.0000,true,1,137036
80177609,false,קינדר אצבעות שוקולד,קריות זול,,קינדר אצבעות שוקולד,,50.00,,false,,5.00,0.1000,true,1,102071
80177616,false,קינדר אצבעות שוקולד,קריות זול,,קינדר אצבעות שוקולד,,100.00,,false,,8.90,0.0890,true,1,102072
80310891,false,קינדר ג'וי 20 גרם,קריות זול,,קינדר ג'וי 20 גרם,,20.00,100 גרם,false,,6.90,0.3450,true,1,167570
80761761,false,קינדר בואנו לבן 39גר,,,קינדר בואנו לבן 39גר,,39.00,100 גרם,false,,5.50,0.1410,true,1,102073
80773429,false,מסטיק מנטוס פיור פרש,,,מסטיק מנטוס פיור פרש,,60.00,,false,,9.90,0.1650,true,1,137612
80773443,false,מסטיק מנטוס בקבוק מע,,,מסטיק מנטוס בקבוק מע,,60.00,,false,,9.90,0.1650,true,1,135495
80790990,false,מסטיק מנטוס בקבוק מע,,,מסטיק מנטוס בקבוק מע,,60.00,,false,,9.90,0.1650,true,1,135496
80843184,false,מסטיק מנטוס פיור פרש,,,מסטיק מנטוס פיור פרש,,60.00,100 גרם,false,,9.90,0.1650,true,1,163781
80913467,false,מסטיק מנטוס בבקבוק מ,,,מסטיק מנטוס בבקבוק מ,,60.00,100 גרם,false,,9.90,0.1650,true,1,135497
80945468,false,מנטוס פיור וויט מנטה,,,מנטוס פיור וויט מנטה,,60.00,100 גרם,false,,9.90,0.1650,true,1,164256
80986348,false,מנטוס פיור וויט מנטה,,,מנטוס פיור וויט מנטה,,60.00,100 גרם,false,,9.90,0.1650,true,1,164254
87108538,false,מנטוס תות בגליל בודד,קריות זול,,מנטוס תות בגליל בודד,,37.50,,false,,4.00,0.1067,true,1,93767
87108651,false,סוכריות מנטוס מנטה ר,קריות זול,,סוכריות מנטוס מנטה ר,,37.50,100 גרם,false,,12.90,0.3440,true,1,144479
87108712,false,סוכריות מנטוס רביעיי,קריות זול,,סוכריות מנטוס רביעיי,,37.50,100 גרם,false,,12.90,0.3440,true,1,93769
16000185517,false,*מבצע* דגני פייבר וו,,,*מבצע* דגני פייבר וו,,555.00,100 גרם,false,,20.00,0.0360,true,1,165750
16000281684,false,ניטשר וואלי חטיף קרא,,,ניטשר וואלי חטיף קרא,,210.00,100 גרם,false,,22.90,0.1090,true,1,93777
16000423534,false,ניטשר וואלי חטיף שיב,,,ניטשר וואלי חטיף שיב,,210.00,,false,,22.90,0.1090,true,1,93778
16000548503,false,ניטשר וואלי חטיף קרא,,,ניטשר וואלי חטיף קרא,,210.00,,false,,22.90,0.1090,true,1,93783
16000548602,false,ניטשר וואלי חטיף קרא,,,ניטשר וואלי חטיף קרא,,210.00,100 גרם,false,,22.90,0.1090,true,1,93784
18000701223,false,תערובת עוגת שוקולד פ,קריות זול,,תערובת עוגת שוקולד פ,,550.00,,false,,19.90,0.0362,true,1,93786
18000766413,false,תערובת עוגת בראוניס,,,תערובת עוגת בראוניס,,550.00,,false,,19.90,0.0362,true,1,93789
33617322616,false,קרקר ואזה מקמח שיפון,,,קרקר ואזה מקמח שיפון,,270.00,100 גרם,false,,14.90,0.0552,true,1,94277
37600207256,false,חמאת בוטנים עם שברי,,,חמאת בוטנים עם שברי,,462.00,,false,,25.90,0.0561,true,1,88791
38000138638,false,פרינגלס פיצה 158גר,,,פרינגלס פיצה 158גר,,158.00,,false,,12.70,0.0804,true,1,134257
38000197840,false,פרינגלס גלי בטעם חרי,,,פרינגלס גלי בטעם חרי,,137.00,,false,,12.70,0.0927,true,1,161360
38000202278,false,פרינגלס גלי בטעם אור,,,פרינגלס גלי בטעם אור,,130.00,,false,,12.70,0.0977,true,1,161368
38000232152,false,פרינגלס ביג ברביקיו,,,פרינגלס ביג ברביקיו,,158.00,100 גרם,false,,12.70,0.0804,true,1,158121
38000232176,false,פרינגלס ביג שמנת ובצ,,,פרינגלס ביג שמנת ובצ,,149.00,,false,,12.70,0.0852,true,1,158120
38000232183,false,פרינגלס ביג אורגינל,,,פרינגלס ביג אורגינל,,149.00,,false,,12.70,0.0852,true,1,158119
38527591053,false,דגני בוקר קוואקר מרו,,,דגני בוקר קוואקר מרו,,412.00,,false,,23.90,0.0580,true,1,90766
38527591060,false,דגני בוקר קוואקר מרו,,,דגני בוקר קוואקר מרו,,412.00,,false,,23.90,0.0580,true,1,90767
41500013183,false,רוטב וורצ'סטר פרנצס,,,רוטב וורצ'סטר פרנצס,,443.00,,false,,26.90,0.0607,true,1,166532
46214731552,false,עוגיות שוקולד ציפס ע,קריות זול,,עוגיות שוקולד ציפס ע,,225.00,100 גרם,false,,12.90,0.0573,true,1,91427
50000225224,false,פריסקיז פילה הודו בר,,,פריסקיז פילה הודו בר,,156.00,100 גרם,false,,6.70,0.0429,true,1,125024
50000292615,false,פנסי פיסט לבבות עוף,,,פנסי פיסט לבבות עוף,,85.00,,false,,6.70,0.0788,true,1,87701
54881008181,false,תה אינגליש אחמד 100י,,,תה אינגליש אחמד 100י,,0.00,100 גרם,false,,16.90,0.0000,true,1,134227
55369902564,false,"רסק תפו""ע ללא סוכר ר",,,"רסק תפו""ע ללא סוכר ר",,452.00,100 גרם,false,,16.50,0.0365,true,1,87240
70080000016,false,חרדל לחיץ אמריק' ניצ,,,חרדל לחיץ אמריק' ניצ,,297.00,,false,,10.50,0.0354,true,1,134149
76840002542,false,בן&גריס גלידה פיינט,,,בן&גריס גלידה פיינט,יחידה,0.00,יחידה,false,,24.90,0.0000,true,1,159407
76840100156,false,בן&גריס גלידה שמנת ע,,,בן&גריס גלידה שמנת ע,,473.00,100 גרם,false,,24.90,0.0526,true,1,162746
76840100583,false,בן&גריס גלידה וניל+ב,,,בן&גריס גלידה וניל+ב,,473.00,,false,,24.90,0.0526,true,1,86975
77245110610,false,מאסט סוכריות ללא סוכ,קריות זול,,מאסט סוכריות ללא סוכ,,80.00,100 גרם,false,,9.40,0.1175,true,1,99482
77343000233,false,להבונים 50יח,קריות זול,,להבונים 50יח,יחידה,0.00,יחידה,false,,9.90,0.0000,true,1,86784
77975094624,false,שברי בייגל במילוי חמ,,,שברי בייגל במילוי חמ,,283.50,100 גרם,false,,17.90,0.0631,true,1,160892
77975094631,false,בייגלה סניידרס גבינה,,,בייגלה סניידרס גבינה,,266.00,100 גרם,false,,17.90,0.0673,true,1,160891
77975094761,false,שברי בייגל בטעם גבינ,,,שברי בייגל בטעם גבינ,,340.00,100 גרם,false,,17.90,0.0526,true,1,162687
77975094778,false,סניידרס בטעם דבש חרד,,,סניידרס בטעם דבש חרד,,340.00,,false,,17.90,0.0526,true,1,163181
80518532743,false,בלוני גומי רמה 3,,,בלוני גומי רמה 3,יחידה,0.00,יחידה,false,,11.90,0.0000,true,1,91843
89041081056,false,שמן צ'ילי 185 מל,,,שמן צ'ילי 185 מל,,185.00,,false,,12.90,0.0697,true,1,151245
658204820261,false,מרשמלו 150 גרם מהדרי,,,מרשמלו 150 גרם מהדרי,,150.00,100 גרם,false,,6.90,0.0460,true,1,158488
768404001640,false,בן&גריס גלידה פיינטס,,,בן&גריס גלידה פיינטס,,473.00,100 גרם,false,,24.90,0.0526,true,1,86987
835811001782,false,זוג מזלג הגשה מפלסטי,,,זוג מזלג הגשה מפלסטי,יחידה,0.00,יחידה,false,,5.90,0.0000,true,1,144384
835811004707,false,פירורי לחם מוזהבים 4,,,פירורי לחם מוזהבים 4,יחידה,0.00,יחידה,false,,6.99,0.0000,true,1,160234
835811009061,false,מזלגות 100 יח לבן,,,מזלגות 100 יח לבן,יחידה,0.00,יחידה,false,,7.99,0.0000,true,1,160237
839762000641,false,איילנד נקטר מנגו 1לי,,,איילנד נקטר מנגו 1לי,,1000.00,100 גרם,false,,13.90,0.0139,true,1,86555
839762000658,false,איילנד נקטר גויאבה 1,,,איילנד נקטר גויאבה 1,,1000.00,,false,,13.90,0.0139,true,1,86556
850006036028,false,עבאדי מאפה חיטה מקלו,,,עבאדי מאפה חיטה מקלו,,400.00,,false,,19.90,0.0497,true,1,166893
884912002372,false,פוסט סלקט קרנברי 396,,,פוסט סלקט קרנברי 396,,396.00,100 גרם,false,,26.90,0.0679,true,1,97786
884912102102,false,דגני פוסט בלובלרי מו,,,דגני פוסט בלובלרי מו,,382.00,100 גרם,false,,26.90,0.0704,true,1,166521
884912359414,false,*מבצע* דגני פוסט האנ,,,*מבצע* דגני פוסט האנ,,340.00,100 גרם,false,,16.90,0.0497,true,1,166515
884912365217,false,דגני בוקר אוראו 311,,,דגני בוקר אוראו 311,,311.00,100 גרם,false,,22.90,0.0736,true,1,162690
884912377142,false,*מבצע* דגני פוסט האנ,,,*מבצע* דגני פוסט האנ,,340.00,100 גרם,false,,16.90,0.0497,true,1,166517
887930383881,false,סוללה AA קודאק (12)א,,,סוללה AA קודאק (12)א,יחידה,0.00,יחידה,false,,19.90,0.0000,true,1,167613
887930411553,false,סוללה קודאק 016 1555,,,סוללה קודאק 016 1555,יחידה,0.00,יחידה,false,,13.90,0.0000,true,1,167622
887930951998,false,סוללות קודאק 4יח AAA,,,סוללות קודאק 4יח AAA,יחידה,0.00,יחידה,false,,7.90,0.0000,true,1,136957
887930952001,false,סוללה AAA קודאק 4+2,,,סוללה AAA קודאק 4+2,יחידה,0.00,יחידה,false,,14.90,0.0000,true,1,167614
887930952018,false,סוללות קודאק אקסטרא,,,סוללות קודאק אקסטרא,יחידה,0.00,יחידה,false,,11.90,0.0000,true,1,136972
887930952025,false,סוללות קודאק AA4 אצב,,,סוללות קודאק AA4 אצב,יחידה,0.00,יחידה,false,,7.90,0.0000,true,1,136958
3046920029674,false,שוקולד לינדט אקסלנס,,,שוקולד לינדט אקסלנס,,100.00,100 גרם,false,,16.90,0.1690,true,1,93488
3387390320244,false,פיטנס פירות 375גר,קריות זול,,פיטנס פירות 375גר,,375.00,100 גרם,false,,24.90,0.0664,true,1,87709
3574661487625,false,קרפרי תחתוניות מקסי,,,קרפרי תחתוניות מקסי,יחידה,0.00,יחידה,false,,15.90,0.0000,true,1,152320
3574661552576,false,קרפרי מגן תחתון רגיל,קריות זול,,קרפרי מגן תחתון רגיל,,56.00,,false,,15.90,0.2839,true,1,159519
3574661554877,false,קרפרי מגן תחתון אוור,קריות זול,,קרפרי מגן תחתון אוור,,56.00,,false,,15.90,0.2839,true,1,159521
3800020403631,false,קיט קט צ'אנקי חמאת ב,,,קיט קט צ'אנקי חמאת ב,,42.00,,false,,4.90,0.1167,true,1,144493
3800020423578,false,קיט קאט צאנקי 40 גרם,,,קיט קאט צאנקי 40 גרם,,40.00,,false,,4.90,0.1225,true,1,144495
4000417022004,false,שוקולד קולד ריטר צימ,,,שוקולד קולד ריטר צימ,,100.00,100 גרם,false,,9.90,0.0990,true,1,93812
4000417025005,false,שוקולד ריטר ספורט מר,,,שוקולד ריטר ספורט מר,,100.00,,false,,9.90,0.0990,true,1,93814
4000417211002,false,שוקולד ריטר ספורט מו,,,שוקולד ריטר ספורט מו,,100.00,,false,,9.90,0.0990,true,1,131616
4000417222008,false,שוקולד ריטר ספורט חל,,,שוקולד ריטר ספורט חל,,100.00,100 גרם,false,,9.90,0.0990,true,1,93817
4000417294005,false,שוקולד ריטר מוס קקאו,,,שוקולד ריטר מוס קקאו,,100.00,100 גרם,false,,9.90,0.0990,true,1,102127
4000417298003,false,שוקולד ריטר ספורט קו,,,שוקולד ריטר ספורט קו,,100.00,100 גרם,false,,9.90,0.0990,true,1,93821
4000522009747,false,ציו חטיף תפוחי אדמה,,,ציו חטיף תפוחי אדמה,,80.00,,false,,4.90,0.0613,true,1,146269
4000539280740,false,שוקולד לינדט אקסלנס,,,שוקולד לינדט אקסלנס,,100.00,,false,,16.90,0.1690,true,1,167226
4001518115190,false,ביסקוויט במילוי קרם,,,ביסקוויט במילוי קרם,,147.00,100 גרם,false,,15.90,0.1082,true,1,166526
4002448017684,false,סיליט באנג ספריי רב,קריות זול,,סיליט באנג ספריי רב,,750.00,,false,,13.90,0.0185,true,1,96498
4005808366392,false,שפתון לבלו כחול בליס,,,שפתון לבלו כחול בליס,יחידה,0.00,יחידה,false,,10.00,0.0000,true,1,148040
4005808368280,false,שפתון לבלו פירות בטע,,,שפתון לבלו פירות בטע,יחידה,0.00,יחידה,false,,10.00,0.0000,true,1,148041
4005808698103,false,ניוואה תחליב גוף סמו,,,ניוואה תחליב גוף סמו,,500.00,,false,,19.90,0.0398,true,1,161865
4005808702107,false,ניוואה תחליב גוף לעו,,,ניוואה תחליב גוף לעו,,500.00,,false,,19.90,0.0398,true,1,161866
4005900488459,false,ניוואה דאו רול און ד,,,ניוואה דאו רול און ד,,50.00,100 גרם,false,,14.90,0.2980,true,1,159568
4005900828088,false,ניוואה דאו רול און פ,,,ניוואה דאו רול און פ,,50.00,100 גרם,false,,14.90,0.2980,true,1,148049
4008287058161,false,שישיית בירת קרומבכר,,,שישיית בירת קרומבכר,,1980.00,100 גרם,false,,29.90,0.0151,true,1,163698
4008400290126,false,קינדר פינגווי עוגת ס,,,קינדר פינגווי עוגת ס,,30.00,,false,,4.70,0.1567,true,1,164057
4008400290423,false,קינדר פינגווי עוגת ס,,,קינדר פינגווי עוגת ס,,120.00,100 גרם,false,,14.90,0.1242,true,1,164060
4009300522966,false,פומפדור תה ירוק נענע,,,פומפדור תה ירוק נענע,,36.00,100 גרם,false,,18.90,0.5250,true,1,143819
4009300524588,false,פומפדור חליטת תה פיר,,,פומפדור חליטת תה פיר,,60.00,100 גרם,false,,15.90,0.2650,true,1,91453
4009300525684,false,פומפדור חליטות גינגר,,,פומפדור חליטות גינגר,יחידה,0.00,יחידה,false,,15.90,0.0000,true,1,91454
4009300595120,false,פומפדור חליטת צמחים,,,פומפדור חליטת צמחים,,30.00,,false,,15.90,0.5300,true,1,161117
4009900013581,false,אורביט סטיקס בטעם ספ,,,אורביט סטיקס בטעם ספ,יחידה,0.00,יחידה,false,,10.90,0.0000,true,1,102009
4009900402965,false,אורביט ווייט בקבוקון,,,אורביט ווייט בקבוקון,,65.00,100 גרם,false,,10.90,0.1677,true,1,102016
4011800528416,false,קורני בייס סויט&סול,,,קורני בייס סויט&סול,,150.00,100 גרם,false,,13.90,0.0927,true,1,161445
4011800630515,false,קורני חטיף דגנים עם,,,קורני חטיף דגנים עם,,150.00,,false,,13.90,0.0927,true,1,98978
4011800633516,false,קורני חטיף דגנים עם,,,קורני חטיף דגנים עם,,150.00,,false,,13.90,0.0927,true,1,98980
4011800635510,false,קורני פרי חטיף דגנים,,,קורני פרי חטיף דגנים,,120.00,100 גרם,false,,13.90,0.1158,true,1,98981
4011800636517,false,קורני פרי חטיף דגנים,,,קורני פרי חטיף דגנים,,120.00,100 גרם,false,,13.90,0.1158,true,1,146561
4011800637514,false,קורני פרי חטיף דגנים,,,קורני פרי חטיף דגנים,,120.00,100 גרם,false,,13.90,0.1158,true,1,146562
4014400901191,false,בונבונירה מרסי 250גר,קריות זול,,בונבונירה מרסי 250גר,,250.00,100 גרם,false,,28.90,0.1156,true,1,93837
4014400901412,false,מרסי מריר 250גר,קריות זול,,מרסי מריר 250גר,,250.00,,false,,28.90,0.1156,true,1,144514
4014400914696,false,סוכריות וורטר ללא סו,,,סוכריות וורטר ללא סו,,80.00,100 גרם,false,,10.90,0.1363,true,1,93851
4014400920857,false,סוכריות וורטר בטעם ש,,,סוכריות וורטר בטעם ש,,70.00,,false,,10.90,0.1557,true,1,93854
4014400923711,false,טופיפי 125גרם,קריות זול,,טופיפי 125גרם,,125.00,100 גרם,false,,13.90,0.1112,true,1,133509
4015000031394,false,ספטיל מסיר כתמים 200,קריות זול,,ספטיל מסיר כתמים 200,,200.00,100 גרם,false,,18.90,0.0945,true,1,100432
4015400681670,false,אולוויז תחבושות לילה,,,אולוויז תחבושות לילה,יחידה,0.00,יחידה,false,,19.90,0.0000,true,1,97889
4015600762940,false,הד&שולדרס שמפו תפוח,,,הד&שולדרס שמפו תפוח,,500.00,,false,,25.90,0.0518,true,1,97918
4017100198151,false,עוגיות סנדוויץ היט ו,,,עוגיות סנדוויץ היט ו,,220.00,100 גרם,false,,9.90,0.0450,true,1,93858
4084500088917,false,פיירי נוזל לכלים צהו,,,פיירי נוזל לכלים צהו,,650.00,100 גרם,false,,11.90,0.0183,true,1,97946
4100130937163,false,בירה גרמנית בקס שישי,,,בירה גרמנית בקס שישי,,1650.00,,false,,29.90,0.0181,true,1,158419
4640018993398,false,פיניש קוואנטום 60 קפ,,,פיניש קוואנטום 60 קפ,,60.00,,false,,55.90,0.9317,true,1,161126
4710068001692,false,מאסטר קפה לאטה 240 מ,,,מאסטר קפה לאטה 240 מ,,240.00,,false,,8.60,0.0358,true,1,86558
4710068001715,false,מאסטר קפה טרמיסו 240,,,מאסטר קפה טרמיסו 240,,240.00,,false,,8.60,0.0358,true,1,86559
4710068001739,false,מאסטר קפה קולומביאני,,,מאסטר קפה קולומביאני,,240.00,,false,,8.60,0.0358,true,1,86560
4903001904192,false,רוטב סויה יאמסה 500מ,,,רוטב סויה יאמסה 500מ,,500.00,100 גרם,false,,19.90,0.0398,true,1,93869
4903001925784,false,רוטב סויה יאמסה מופח,,,רוטב סויה יאמסה מופח,,500.00,100 גרם,false,,19.90,0.0398,true,1,125649
5000146057710,false,וינדולין ספריי לחלונ,קריות זול,,וינדולין ספריי לחלונ,,750.00,100 גרם,false,,8.90,0.0119,true,1,96503
5000146401568,false,ווליט לכביסה שומרי צ,קריות זול,,ווליט לכביסה שומרי צ,יחידה,0.00,יחידה,false,,17.90,0.0000,true,1,96505
5000267014234,false,וויסקי ג'וני ווקר רד,,,וויסקי ג'וני ווקר רד,,700.00,,false,,89.90,0.1284,true,1,86773
5000394076730,false,סוללות דורסל D,,,סוללות דורסל D,יחידה,0.00,יחידה,false,,17.90,0.0000,true,1,125662
5010182998847,false,טואלט דאק נוזל לאסלה,,,טואלט דאק נוזל לאסלה,,750.00,,false,,9.90,0.0132,true,1,99015
5011157730271,false,טילדה אורז יסמין 1 ק,,,טילדה אורז יסמין 1 ק,,1000.00,,false,,19.90,0.0199,true,1,167680
5029053002408,false,קלינקס נייר טואלט לב,קריות זול,,קלינקס נייר טואלט לב,,1184.00,,false,,42.90,0.0362,true,1,89685
5029053002439,false,קלינקס נייר טואולט צ,קריות זול,,קלינקס נייר טואולט צ,,1184.00,,false,,42.90,0.0362,true,1,89686
5029053510811,false,קוטקס תחבושות אולטרה,קריות זול,,קוטקס תחבושות אולטרה,,28.00,,false,,19.90,0.7107,true,1,89689
5029053523446,false,קוטקס תחבושות אולטרה,קריות זול,,קוטקס תחבושות אולטרה,,20.00,,false,,19.90,0.9950,true,1,89691
5053827193368,false,דגני אול ברנפלקס 500,קריות זול,,דגני אול ברנפלקס 500,,500.00,100 גרם,false,,25.90,0.0518,true,1,140176
5060250343765,false,ריסז ראונדס בוטנים 6,,,ריסז ראונדס בוטנים 6,,96.00,100 גרם,false,,10.90,0.1135,true,1,167314
5200133120476,false,גליליות וופלים ממולא,,,גליליות וופלים ממולא,,400.00,100 גרם,false,,17.90,0.0447,true,1,138137
5201184066508,false,נרות מספרים,,,נרות מספרים,יחידה,0.00,יחידה,false,,4.90,0.0000,true,1,91855
5201940010110,false,זית קלמטה ויליפוד 45,,,זית קלמטה ויליפוד 45,,454.00,,false,,19.90,0.0438,true,1,88609
5391523058070,false,סימילאק אדוונס פלוס,,,סימילאק אדוונס פלוס,,700.00,,false,,69.90,0.0999,true,1,139358
5410126006339,false,לוטוס ביסקוויט קרמל,,,לוטוס ביסקוויט קרמל,,124.00,,false,,6.90,0.0556,true,1,88877
5410126006360,false,לוטוס עוגיות סנדוויץ,,,לוטוס עוגיות סנדוויץ,,150.00,100 גרם,false,,10.90,0.0727,true,1,167518
5410126106022,false,לוטוס מארז חגים 2*25,,,לוטוס מארז חגים 2*25,,500.00,,false,,18.90,0.0378,true,1,167555
5410126116953,false,ממרח ביסקוויט לוטוס,,,ממרח ביסקוויט לוטוס,,400.00,,false,,23.90,0.0597,true,1,88880
5411188110835,false,אלפרו משקה משקה שקדי,,,אלפרו משקה משקה שקדי,,1000.00,100 גרם,false,,14.90,0.0149,true,1,91469
5411188112709,false,אלפרו משקה שקדים ללא,,,אלפרו משקה שקדים ללא,,1000.00,100 גרם,false,,14.90,0.0149,true,1,91473
5411188115366,false,אלפרו משקה שיבולת שו,,,אלפרו משקה שיבולת שו,,1000.00,,false,,14.90,0.0149,true,1,91475
5411188115472,false,אלפרו משקה סויה 1 לי,,,אלפרו משקה סויה 1 לי,,1000.00,,false,,14.90,0.0149,true,1,160959
5411188124689,false,אלפרו משקה שיבולת שו,,,אלפרו משקה שיבולת שו,,1000.00,,false,,13.90,0.0139,true,1,161304
5411188133490,false,אלפרו משקה סויה קפה,,,אלפרו משקה סויה קפה,,250.00,,false,,7.90,0.0316,true,1,164935
5411188134985,false,אלפרו נוט מילק 3.5%,,,אלפרו נוט מילק 3.5%,,1000.00,100 גרם,false,,15.90,0.0159,true,1,164937
5411188135005,false,אלפרו נוט מילק 1.8%,,,אלפרו נוט מילק 1.8%,,1000.00,,false,,15.90,0.0159,true,1,164938
5411188543398,false,אלפרו משקה סויה ללא,,,אלפרו משקה סויה ללא,,1000.00,100 גרם,false,,14.90,0.0149,true,1,160960
5413149922907,false,אריאל אבקת כביסה קול,,,אריאל אבקת כביסה קול,,5.00,"ק""ג",false,,45.90,9.1800,true,1,97985
5601008200451,false,עוגיות טבעת גודיס מצ,,,עוגיות טבעת גודיס מצ,,150.00,,false,,9.90,0.0660,true,1,91484
5604912415041,false,סרדינים בשמן חמניה פ,,,סרדינים בשמן חמניה פ,,125.00,100 גרם,false,,6.90,0.0552,true,1,141126
5604912415058,false,סרדינים בשמן חריף פו,,,סרדינים בשמן חריף פו,,125.00,100 גרם,false,,6.90,0.0552,true,1,141127
5701932026964,false,הוטפופ פופקורן בתוספ,קריות זול,,הוטפופ פופקורן בתוספ,,600.00,,false,,17.90,0.0298,true,1,93875
5701932026971,false,הוטפופ פופקורן בטעם,קריות זול,,הוטפופ פופקורן בטעם,,600.00,,false,,17.90,0.0298,true,1,93876
5701932026995,false,הוטפופ פופקורן לייט,קריות זול,,הוטפופ פופקורן לייט,,510.00,,false,,17.90,0.0351,true,1,93877
5711953106583,false,גבינת שמנת טבעי ארלה,,,גבינת שמנת טבעי ארלה,,200.00,,false,,16.50,0.0825,true,1,152177
5711953106590,false,גבינת שמנת שום ארלה,,,גבינת שמנת שום ארלה,,200.00,,false,,16.50,0.0825,true,1,152178
5711953106606,false,גבינת שמנת עשבי תיבו,,,גבינת שמנת עשבי תיבו,,200.00,100 גרם,false,,16.50,0.0825,true,1,152179
5740900403215,false,לורפק ממרח עם מלח 25,,,לורפק ממרח עם מלח 25,,250.00,,false,,19.50,0.0780,true,1,140190
5740900403222,false,לורפק ממרח עם מלח מו,,,לורפק ממרח עם מלח מו,,250.00,,false,,19.50,0.0780,true,1,140191
5740900403239,false,לורפק ממרח ללא מלח 2,,,לורפק ממרח ללא מלח 2,,250.00,,false,,19.50,0.0780,true,1,140194
5740900403260,false,לורפק ממרח עם מלח מו,,,לורפק ממרח עם מלח מו,,250.00,,false,,19.50,0.0780,true,1,140195
5740900403864,false,לורפק חמאה עם מלח 20,,,לורפק חמאה עם מלח 20,,200.00,100 גרם,false,,12.80,0.0640,true,1,163928
5900017062419,false,ניוואה תחליב רחצה ור,,,ניוואה תחליב רחצה ור,,750.00,,false,,14.90,0.0199,true,1,163150
5900020012814,false,דגני בוקר נסקוויק נס,,,דגני בוקר נסקוויק נס,,500.00,100 גרם,false,,27.90,0.0558,true,1,87712
5900020020710,false,חטיף דגנים קראנץ בר,,,חטיף דגנים קראנץ בר,,150.00,,false,,17.90,0.1193,true,1,87717
5900020020741,false,חטיף דגנים נסקוויק ב,,,חטיף דגנים נסקוויק ב,,150.00,,false,,17.90,0.1193,true,1,87718
5900020025807,false,דגני סיני מיניס נסטל,,,דגני סיני מיניס נסטל,,375.00,,false,,13.90,0.0371,true,1,87727
5900020026552,false,דגני האני נאט צ'יריו,,,דגני האני נאט צ'יריו,,625.00,100 גרם,false,,27.90,0.0446,true,1,87729
5900020029669,false,פיטנס חטיף דגני פירו,,,פיטנס חטיף דגני פירו,,141.00,,false,,17.90,0.1270,true,1,136209
5900020033314,false,חטיף דגנים ליון 6*25,,,חטיף דגנים ליון 6*25,,150.00,100 גרם,false,,17.50,0.1167,true,1,139966
5900020034021,false,פיטנס חטיף דגנים שוק,,,פיטנס חטיף דגנים שוק,,141.00,100 גרם,false,,17.50,0.1241,true,1,141811
5900020036407,false,ליון דגני בוקר שוקול,,,ליון דגני בוקר שוקול,,480.00,,false,,27.90,0.0581,true,1,159533
5902198160403,false,אקסל משקה אנרגיה טן,,,אקסל משקה אנרגיה טן,,250.00,,false,,5.00,0.0200,true,1,134875
5906485301012,false,אקסל משקה אנרגיה 250,קריות זול,,אקסל משקה אנרגיה 250,,250.00,100 גרם,false,,5.00,0.0200,true,1,86579
5941021000639,false,שוקולד היידי גראנדור,,,שוקולד היידי גראנדור,,100.00,100 גרם,false,,10.90,0.1090,true,1,99423
5941021000899,false,שוקולד היידי גראנדור,,,שוקולד היידי גראנדור,,100.00,100 גרם,false,,10.90,0.1090,true,1,99424
5941021001247,false,שוקולד היידי גראנדור,,,שוקולד היידי גראנדור,,80.00,,false,,10.90,0.1363,true,1,99425
5941021001674,false,שוקולד היידי גראנדור,,,שוקולד היידי גראנדור,,80.00,,false,,10.90,0.1363,true,1,99428
5941021002190,false,שוקולד היידי שוקולד,,,שוקולד היידי שוקולד,,100.00,100 גרם,false,,10.90,0.1090,true,1,99429
5941021004309,false,שוקולד היידי גראנדור,,,שוקולד היידי גראנדור,,100.00,,false,,10.90,0.1090,true,1,99431
5941021005122,false,שוקולד היידי גראנדור,,,שוקולד היידי גראנדור,,80.00,,false,,10.90,0.1363,true,1,99433
5941021005139,false,שוקולד היידי שוקולד,,,שוקולד היידי שוקולד,,100.00,,false,,10.90,0.1090,true,1,99434
5941021008208,false,שוקולד היידי גראנדור,,,שוקולד היידי גראנדור,,80.00,,false,,10.90,0.1363,true,1,99438
5941021011147,false,שוקולד היידי גראנדור,,,שוקולד היידי גראנדור,,100.00,,false,,10.90,0.1090,true,1,99441
5941021016401,false,טבלת היידי שוקולד גר,,,טבלת היידי שוקולד גר,,100.00,100 גרם,false,,10.90,0.1090,true,1,152446
6910191800287,false,דפי סושי אצות נורי ב,,,דפי סושי אצות נורי ב,,10.00,,false,,13.90,1.3900,true,1,98458
6921052701001,false,אצות ים וואקמה 40גר,,,אצות ים וואקמה 40גר,,40.00,100 גרם,false,,11.90,0.2975,true,1,140204
6935487561246,false,מסכות חד פעמי 50 יח,,,מסכות חד פעמי 50 יח,,50.00,,false,,9.90,0.1980,true,1,162344
6973350163388,false,מסכות חד פעמי 50 יח,,,מסכות חד פעמי 50 יח,יחידה,0.00,יחידה,false,,9.90,0.0000,true,1,159829
7271730901261,false,תערובת להכנת פסטה+גב,,,תערובת להכנת פסטה+גב,,156.00,,false,,12.90,0.0827,true,1,87264
7290000023083,false,ערק אשקלון 700 מל,,,ערק אשקלון 700 מל,,700.00,,false,,49.90,0.0713,true,1,86587
7290000023809,false,יין קלאסיק קברנה סוב,,,יין קלאסיק קברנה סוב,,750.00,,false,,39.90,0.0532,true,1,86594
7290000023823,false,יין קלאסיק סוביניון,,,יין קלאסיק סוביניון,,750.00,,false,,39.90,0.0532,true,1,142760
7290000023830,false,יין קלאסיק שיראז רוז,,,יין קלאסיק שיראז רוז,,750.00,,false,,39.90,0.0532,true,1,142761
7290000023847,false,יין קלאסיק שרדונה 75,,,יין קלאסיק שרדונה 75,,750.00,100 גרם,false,,39.90,0.0532,true,1,142762
7290000023977,false,יין קלאסיק מרלו 750מ,,,יין קלאסיק מרלו 750מ,,750.00,,false,,39.90,0.0532,true,1,86600
7290000024264,false,יין רזרב מרלו 750 מל,קריות זול,,יין רזרב מרלו 750 מל,,750.00,,false,,49.90,0.0665,true,1,86603
7290000024530,false,יין אדום מתוק קידוש,,,יין אדום מתוק קידוש,,750.00,,false,,17.90,0.0239,true,1,134159
7290000032066,false,שתיה קרה,,,שתיה קרה,יחידה,0.00,יחידה,false,,1.00,0.0000,true,1,86541
7290000036113,false,פודינג תות ללא סוכר,קריות זול,,פודינג תות ללא סוכר,,100.00,100 גרם,false,,3.50,0.0350,true,1,87345
7290000037066,false,פרגית טרי,,,פרגית טרי,קילוגרמים,1.00,"ק""ג",true,,69.90,69.9000,true,1,146966
7290000040042,false,יופלה תות שובב 3% 15,קריות זול,,יופלה תות שובב 3% 15,,150.00,,false,,5.10,0.0340,true,1,92687
7290000040066,false,יופלה דובדבן פראי 3%,קריות זול,,יופלה דובדבן פראי 3%,,150.00,100 גרם,false,,5.10,0.0340,true,1,92688
7290000040080,false,יופלה אפרסק מאוהב 3%,קריות זול,,יופלה אפרסק מאוהב 3%,,150.00,100 גרם,false,,5.10,0.0340,true,1,92689
7290000040301,false,גבינה קממבר עין גדי,קריות זול,,גבינה קממבר עין גדי,,125.00,,false,,20.70,0.1656,true,1,92690
7290000040318,false,גבינת קולאז' ברי 24%,קריות זול,,גבינת קולאז' ברי 24%,,125.00,100 גרם,false,,20.70,0.1656,true,1,92691
7290000040462,false,עמק גבינה טוסטי טעם,קריות זול,,עמק גבינה טוסטי טעם,,200.00,,false,,18.90,0.0945,true,1,92692
7290000040974,false,חלב קרטון דל לקטוז ת,,,חלב קרטון דל לקטוז ת,,1000.00,100 גרם,false,,7.50,0.0075,true,1,92693
7290000041445,false,קוטג 5% מהדרין 250גר,קריות זול,,קוטג 5% מהדרין 250גר,,250.00,100 גרם,false,,5.90,0.0236,true,1,92695
7290000041452,false,"קוטג 9% בד""צ 250גר ת",קריות זול,,"קוטג 9% בד""צ 250גר ת",,250.00,,false,,5.90,0.0236,true,1,92696
7290000041858,false,שמנת חמוצה 15% 200מל,קריות זול,,שמנת חמוצה 15% 200מל,,200.00,100 גרם,false,,2.50,0.0125,true,1,95132
7290000042435,false,חלב בקרטון תנובה 1%,קריות זול,,חלב בקרטון תנובה 1%,,1000.00,100 גרם,false,,5.86,0.0059,true,1,92703
7290000042640,false,חלב עמיד תנובה 3% 25,קריות זול,,חלב עמיד תנובה 3% 25,,250.00,,false,,3.10,0.0124,true,1,92708
7290000042855,false,שוקו שקית 250,קריות זול,,שוקו שקית 250,,250.00,,false,,3.10,0.0124,true,1,95136
7290000043012,false,שוקו עמיד תנובה בקרט,קריות זול,,שוקו עמיד תנובה בקרט,,250.00,100 גרם,false,,4.90,0.0196,true,1,92710
7290000043111,false,חמאה תנובה 200 גר,קריות זול,,חמאה תנובה 200 גר,,200.00,,false,,7.88,0.0394,true,1,92711
7290000043814,false,שמנת להקצפה 38% 250מ,קריות זול,,שמנת להקצפה 38% 250מ,,250.00,,false,,6.47,0.0259,true,1,92713
7290000043890,false,רויון תנובה 1.5% 1לי,קריות זול,,רויון תנובה 1.5% 1לי,,1000.00,,false,,11.70,0.0117,true,1,92714
7290000044712,false,פרילי תות 1.5% 500מל,קריות זול,,פרילי תות 1.5% 500מל,,500.00,,false,,10.90,0.0218,true,1,92719
7290000045573,false,נעמה גבינת מותכת 200,קריות זול,,נעמה גבינת מותכת 200,,200.00,100 גרם,false,,15.30,0.0765,true,1,92723
7290000045580,false,נעמה גבינת מותכת 240,קריות זול,,נעמה גבינת מותכת 240,,240.00,,false,,17.90,0.0746,true,1,92724
7290000046327,false,גלבוע גבינה צהובה פר,קריות זול,,גלבוע גבינה צהובה פר,,200.00,100 גרם,false,,13.90,0.0695,true,1,92729
7290000047546,false,גבינה לבנה ללא תוספת,קריות זול,,גבינה לבנה ללא תוספת,,500.00,,false,,24.90,0.0498,true,1,92730
7290000047621,false,גבינה לבנה 5% מהדרין,קריות זול,,גבינה לבנה 5% מהדרין,,250.00,100 גרם,false,,4.98,0.0199,true,1,92731
7290000047942,false,גבינה לבנה 9% מהדרין,קריות זול,,גבינה לבנה 9% מהדרין,,250.00,100 גרם,false,,4.90,0.0196,true,1,92733
7290000048185,false,גבינה לבנה 250גר 5%,קריות זול,,גבינה לבנה 250גר 5%,,250.00,100 גרם,false,,4.98,0.0199,true,1,92734
7290000048192,false,גבינה לבנה רכה 9% 25,קריות זול,,גבינה לבנה רכה 9% 25,,250.00,100 גרם,false,,4.90,0.0196,true,1,92735
7290000048413,false,גבינת חמד פיראוס 16%,קריות זול,,גבינת חמד פיראוס 16%,,250.00,100 גרם,false,,18.90,0.0756,true,1,92737
7290000048437,false,צפתית 5% 200גר פיראו,קריות זול,,צפתית 5% 200גר פיראו,,200.00,100 גרם,false,,15.50,0.0775,true,1,92738
7290000049458,false,פטה עיזים  פיראוס 16,קריות זול,,פטה עיזים  פיראוס 16,,250.00,100 גרם,false,,29.90,0.1196,true,1,92740
7290000050447,false,יופלה YYY תות 3% 500,,,יופלה YYY תות 3% 500,,500.00,100 גרם,false,,13.50,0.0270,true,1,92744
7290000050454,false,יופלה YYY אפרסק 3% 5,,,יופלה YYY אפרסק 3% 5,,500.00,,false,,13.50,0.0270,true,1,92745
7290000051307,false,הפסקת אוכל עוגי +חלב,,,הפסקת אוכל עוגי +חלב,,150.00,,false,,9.70,0.0647,true,1,92750
7290000051352,false,חלב של פעם בקרטון 3.,,,חלב של פעם בקרטון 3.,,1000.00,,false,,7.90,0.0079,true,1,92751
7290000051376,false,יופלה דיאט אננס ספור,,,יופלה דיאט אננס ספור,,150.00,100 גרם,false,,5.10,0.0340,true,1,92752
7290000051710,false,לאבנה עם שמן זית וזע,,,לאבנה עם שמן זית וזע,,263.00,100 גרם,false,,14.90,0.0567,true,1,92754
7290000052311,false,עמק גבינה צהובה מהדר,,,עמק גבינה צהובה מהדר,,200.00,,false,,16.70,0.0835,true,1,92759
7290000055015,false,פטה כבשים 5% שומן פי,,,פטה כבשים 5% שומן פי,,250.00,100 גרם,false,,27.90,0.1116,true,1,92775
7290000055329,false,יופלה משקה יוגורט תו,,,יופלה משקה יוגורט תו,,250.00,100 גרם,false,,5.70,0.0228,true,1,92777
7290000055336,false,יופלה משקה יוגורט בנ,,,יופלה משקה יוגורט בנ,,250.00,100 גרם,false,,5.70,0.0228,true,1,92778
7290000055893,false,חמאה תנובה 200 גר מה,,,חמאה תנובה 200 גר מה,,200.00,100 גרם,false,,7.88,0.0394,true,1,92784
7290000056272,false,גבינה לבנה עם זיתים,,,גבינה לבנה עם זיתים,,250.00,100 גרם,false,,6.00,0.0240,true,1,92788
7290000056845,false,חלב בקרטון תנובה 3%,,,חלב בקרטון תנובה 3%,,1500.00,100 גרם,false,,9.35,0.0062,true,1,92794
7290000056890,false,יופלה מאגדת דיאט טעמ,,,יופלה מאגדת דיאט טעמ,יחידה,0.00,יחידה,false,,31.90,0.0000,true,1,92796
7290000056906,false,יופלה לבן מאגדת שמינ,,,יופלה לבן מאגדת שמינ,,1200.00,,false,,18.20,0.0152,true,1,92797
7290000057088,false,עמק גבינה צהובה דק ד,,,עמק גבינה צהובה דק ד,,200.00,,false,,16.70,0.0835,true,1,92803
7290000057118,false,*מבצע* המעדניה של עמ,,,*מבצע* המעדניה של עמ,,400.00,100 גרם,false,,19.90,0.0497,true,1,92804
7290000057132,false,יוגורט טבעי 1.5%תנוב,,,יוגורט טבעי 1.5%תנוב,,200.00,,false,,3.30,0.0165,true,1,92805
7290000057149,false,יוגורט טבעי 3% תנובה,,,יוגורט טבעי 3% תנובה,,200.00,,false,,3.30,0.0165,true,1,92806
7290000057552,false,יופלה דיאט עוגת גבינ,,,יופלה דיאט עוגת גבינ,,150.00,100 גרם,false,,5.10,0.0340,true,1,92810
7290000058030,false,יופלה שטוזים משקה יו,,,יופלה שטוזים משקה יו,,800.00,100 גרם,false,,21.50,0.0269,true,1,92815
7290000058580,false,קוקילידה וניל,,,קוקילידה וניל,יחידה,0.00,יחידה,false,,11.90,0.0000,true,1,90625
7290000060071,false,חטיפי פריכונים מאורז,קריות זול,,חטיפי פריכונים מאורז,,80.00,100 גרם,false,,9.70,0.1212,true,1,87730
7290000060088,false,בייגלה מקלות מלוחים,קריות זול,,בייגלה מקלות מלוחים,,300.00,,false,,12.50,0.0417,true,1,87731
7290000060156,false,אטריות ביצים דקות אס,קריות זול,,אטריות ביצים דקות אס,,200.00,,false,,7.90,0.0395,true,1,87733
7290000060200,false,פתיתים אפויים קוסקוס,קריות זול,,פתיתים אפויים קוסקוס,,500.00,100 גרם,false,,8.60,0.0172,true,1,87735
7290000060217,false,פסטה מקרוני 7 אסם 50,קריות זול,,פסטה מקרוני 7 אסם 50,,500.00,,false,,7.60,0.0152,true,1,87736
7290000060248,false,פסטה תלתלים אסם 500,קריות זול,,פסטה תלתלים אסם 500,,500.00,,false,,7.60,0.0152,true,1,87737
7290000060415,false,לזניה פרפקטו 500גר,קריות זול,,לזניה פרפקטו 500גר,,500.00,100 גרם,false,,16.90,0.0338,true,1,87744
7290000060781,false,פסטה מסולסלים אסם 50,קריות זול,,פסטה מסולסלים אסם 50,,500.00,100 גרם,false,,7.60,0.0152,true,1,87749
7290000060811,false,אקסטרים מטבע ענק פלי,,,אקסטרים מטבע ענק פלי,,120.00,100 גרם,false,,11.90,0.0992,true,1,163460
7290000060828,false,פסטה קרניים בינוניות,קריות זול,,פסטה קרניים בינוניות,,500.00,,false,,7.60,0.0152,true,1,87750
7290000060842,false,פסטה צדפים גדולים אס,קריות זול,,פסטה צדפים גדולים אס,,500.00,,false,,7.60,0.0152,true,1,87751
7290000060880,false,פסטה ספגטי אסם 500גר,קריות זול,,פסטה ספגטי אסם 500גר,,500.00,,false,,7.60,0.0152,true,1,87753
7290000060903,false,פתיתים אפויים אורז א,קריות זול,,פתיתים אפויים אורז א,,500.00,100 גרם,false,,8.60,0.0172,true,1,87754
7290000060958,false,אטריות בינוניות אסם,קריות זול,,אטריות בינוניות אסם,,400.00,,false,,7.90,0.0198,true,1,87756
7290000060965,false,אטריות רחבות אסם 400,קריות זול,,אטריות רחבות אסם 400,,400.00,,false,,7.90,0.0198,true,1,87757
7290000061085,false,רוטב צילי מתוק אסם 2,קריות זול,,רוטב צילי מתוק אסם 2,,290.00,,false,,12.90,0.0445,true,1,87760
7290000061764,false,רד מאג נסקפה 200גר,קריות זול,,רד מאג נסקפה 200גר,,200.00,,false,,24.90,0.1245,true,1,87766
7290000063102,false,קמח תופח אסם 350גר,קריות זול,,קמח תופח אסם 350גר,,350.00,,false,,5.50,0.0157,true,1,87774
7290000063133,false,שקדי מרק בשקית אסם 1,קריות זול,,שקדי מרק בשקית אסם 1,,100.00,,false,,5.90,0.0590,true,1,87775
7290000063140,false,שקדי מרק רכיבים טבעי,קריות זול,,שקדי מרק רכיבים טבעי,,400.00,100 גרם,false,,15.90,0.0398,true,1,87776
7290000063157,false,קמח תופח מאליו אסם 1,קריות זול,,קמח תופח מאליו אסם 1,,1000.00,100 גרם,false,,10.90,0.0109,true,1,87777
7290000064758,false,קוסקוס בינוני אסם 35,קריות זול,,קוסקוס בינוני אסם 35,,350.00,,false,,8.90,0.0254,true,1,87785
7290000064871,false,מנה חמה אסם פירה תפו,קריות זול,,מנה חמה אסם פירה תפו,,56.00,100 גרם,false,,7.50,0.1339,true,1,87786
7290000065090,false,מיני קורטונים למרק ו,קריות זול,,מיני קורטונים למרק ו,,400.00,,false,,27.90,0.0697,true,1,87787
7290000065335,false,מנה חמה אסם פירה עם,קריות זול,,מנה חמה אסם פירה עם,,55.00,100 גרם,false,,7.50,0.1364,true,1,87789
7290000065557,false,מנה חמה אסם קוסקוס ע,קריות זול,,מנה חמה אסם קוסקוס ע,,84.00,100 גרם,false,,7.50,0.0893,true,1,87791
7290000066141,false,ביסלי בטעם גריל אסם,קריות זול,,ביסלי בטעם גריל אסם,,70.00,100 גרם,false,,5.00,0.0714,true,1,87798
7290000066172,false,ביסלי בטעם פיצה אסם,קריות זול,,ביסלי בטעם פיצה אסם,,70.00,100 גרם,false,,5.00,0.0714,true,1,87801
7290000066196,false,ביסלי גדול טעם גריל,קריות זול,,ביסלי גדול טעם גריל,,200.00,,false,,9.90,0.0495,true,1,87803
7290000066226,false,ביסלי בטעם פיצה אסם,קריות זול,,ביסלי בטעם פיצה אסם,,200.00,,false,,9.90,0.0495,true,1,87806
7290000066264,false,דובונים אסם 40גר,קריות זול,,דובונים אסם 40גר,,40.00,100 גרם,false,,5.00,0.1250,true,1,87807
7290000066295,false,במבה תות מחומרים טבע,קריות זול,,במבה תות מחומרים טבע,,30.00,100 גרם,false,,3.30,0.1100,true,1,87808
7290000066318,false,במבה אסם 80 גרם,קריות זול,,במבה אסם 80 גרם,,80.00,100 גרם,false,,5.60,0.0700,true,1,87810
7290000066332,false,אפרופו אסם 50גר,קריות זול,,אפרופו אסם 50גר,,50.00,100 גרם,false,,5.50,0.1100,true,1,87811
7290000066431,false,פופקו חטיף אסם 80גר,קריות זול,,פופקו חטיף אסם 80גר,,80.00,100 גרם,false,,5.90,0.0738,true,1,87813
7290000067407,false,פירורית מתובל שקית א,קריות זול,,פירורית מתובל שקית א,,200.00,100 גרם,false,,6.90,0.0345,true,1,87818
7290000067735,false,"ניוקי בצקיות מתפו""א",קריות זול,,"ניוקי בצקיות מתפו""א",,500.00,100 גרם,false,,15.50,0.0310,true,1,87826
7290000068190,false,ג'לי תות אסם 85 גר,קריות זול,,ג'לי תות אסם 85 גר,,85.00,,false,,7.50,0.0882,true,1,87834
7290000068206,false,ג'לי משמש אסם 85 גר,קריות זול,,ג'לי משמש אסם 85 גר,,85.00,100 גרם,false,,7.50,0.0882,true,1,87835
7290000068237,false,ג'לי פטל אסם 85 גר,קריות זול,,ג'לי פטל אסם 85 גר,,85.00,100 גרם,false,,7.50,0.0882,true,1,87836
7290000068343,false,פריכונים מאורז מלא א,קריות זול,,פריכונים מאורז מלא א,,140.00,100 גרם,false,,8.90,0.0636,true,1,87840
7290000068770,false,במבה יום הולדת אסם 8,קריות זול,,במבה יום הולדת אסם 8,,80.00,100 גרם,false,,5.60,0.0700,true,1,87842
7290000068787,false,במבה אסם 25גר,קריות זול,,במבה אסם 25גר,,25.00,,false,,2.70,0.1080,true,1,87843
7290000069364,false,פריכונים מאורז מלא ל,קריות זול,,פריכונים מאורז מלא ל,,140.00,100 גרם,false,,8.90,0.0636,true,1,87849
7290000069715,false,חטיפי קרקר מלוח 300ג,,,חטיפי קרקר מלוח 300ג,,300.00,100 גרם,false,,12.90,0.0430,true,1,87855
7290000070308,false,מרק עוף אמיתי אסם 40,קריות זול,,מרק עוף אמיתי אסם 40,,400.00,,false,,18.90,0.0472,true,1,87860
7290000070322,false,מרק פטריות רכיבים טב,קריות זול,,מרק פטריות רכיבים טב,,400.00,100 גרם,false,,29.90,0.0747,true,1,87861
7290000071008,false,בייגלה שטוחים מלח אס,,,בייגלה שטוחים מלח אס,,60.00,100 גרם,false,,3.90,0.0650,true,1,87865
7290000072623,false,קטשופ אסם 750גר,קריות זול,,קטשופ אסם 750גר,,750.00,,false,,10.90,0.0145,true,1,87873
7290000072753,false,טסטרס צויס 200 גרם,,,טסטרס צויס 200 גרם,,200.00,,false,,29.90,0.1495,true,1,87876
7290000072968,false,דגני סיני מיניס נסטל,קריות זול,,דגני סיני מיניס נסטל,,500.00,,false,,27.90,0.0558,true,1,87882
7290000073125,false,מנה חמה אסם פסטה עם,קריות זול,,מנה חמה אסם פסטה עם,,62.00,,false,,7.50,0.1210,true,1,87883
7290000073415,false,מנה חמה אסם פסטה ברו,קריות זול,,מנה חמה אסם פסטה ברו,,61.00,,false,,7.50,0.1230,true,1,87884
7290000074153,false,פתי בר שוקו אסם 500ג,קריות זול,,פתי בר שוקו אסם 500ג,,500.00,100 גרם,false,,14.90,0.0298,true,1,87892
7290000074184,false,פתי בר וניל אסם 500ג,קריות זול,,פתי בר וניל אסם 500ג,,500.00,100 גרם,false,,12.90,0.0258,true,1,87894
7290000074245,false,קרם קרקר אסם 250גר,קריות זול,,קרם קרקר אסם 250גר,,250.00,,false,,9.50,0.0380,true,1,87895
7290000074252,false,קרקר שומשום אסם 250ג,קריות זול,,קרקר שומשום אסם 250ג,,250.00,100 גרם,false,,9.90,0.0396,true,1,87896
7290000074375,false,קרקר זהב אסם 150 גרם,קריות זול,,קרקר זהב אסם 150 גרם,,150.00,,false,,7.90,0.0527,true,1,87901
7290000074696,false,קרם קרקר אסם 1קג,קריות זול,,קרם קרקר אסם 1קג,,1000.00,,false,,29.90,0.0299,true,1,87905
7290000074764,false,קרקר זהב אסם 900גר,קריות זול,,קרקר זהב אסם 900גר,,900.00,100 גרם,false,,29.90,0.0332,true,1,87909
7290000075204,false,לחמית חיטה מלאה אסם,קריות זול,,לחמית חיטה מלאה אסם,,250.00,100 גרם,false,,9.90,0.0396,true,1,87912
7290000076126,false,בייגלה שמיניות קטנות,קריות זול,,בייגלה שמיניות קטנות,,80.00,100 גרם,false,,3.90,0.0487,true,1,87915
7290000076133,false,בייגלה שמיניות קטנות,קריות זול,,בייגלה שמיניות קטנות,,400.00,100 גרם,false,,12.50,0.0313,true,1,87916
7290000077253,false,לחמית כפרית עם דגנים,,,לחמית כפרית עם דגנים,,190.00,,false,,11.90,0.0626,true,1,87920
7290000078212,false,קרוטונים מתובלים אסם,קריות זול,,קרוטונים מתובלים אסם,,250.00,,false,,16.90,0.0676,true,1,87922
7290000079233,false,קרם דל נתרן אסם 250ג,קריות זול,,קרם דל נתרן אסם 250ג,,250.00,100 גרם,false,,11.90,0.0476,true,1,87925
7290000080420,false,צלי כתף עגל,,,צלי כתף עגל,קילוגרמים,1.00,"ק""ג",true,,89.90,89.9000,true,1,96001
7290000081663,false,בייגלה טבעות שומשום,קריות זול,,בייגלה טבעות שומשום,,300.00,100 גרם,false,,11.90,0.0397,true,1,87934
7290000100128,false,תות שדה מוקפא 300גר,,,תות שדה מוקפא 300גר,,300.00,,false,,16.90,0.0563,true,1,139493
7290000101132,false,לקט קטניות לחמין סנפ,,,לקט קטניות לחמין סנפ,,800.00,100 גרם,false,,22.90,0.0286,true,1,131469
7290000101927,false,אוכמניות כחולות מוקפ,,,אוכמניות כחולות מוקפ,,300.00,100 גרם,false,,16.90,0.0563,true,1,139494
7290000101934,false,תערובת פירות יער מוק,,,תערובת פירות יער מוק,,300.00,,false,,16.90,0.0563,true,1,139495
7290000101941,false,אננס חתוך מוקפא 300ג,,,אננס חתוך מוקפא 300ג,,300.00,100 גרם,false,,16.90,0.0563,true,1,139497
7290000101958,false,מנגו חתוך מוקפא 300ג,,,מנגו חתוך מוקפא 300ג,,300.00,,false,,16.90,0.0563,true,1,139498
7290000103457,false,מיני כרובית סנפרוסט,,,מיני כרובית סנפרוסט,,600.00,100 גרם,false,,16.90,0.0282,true,1,144115
7290000103815,false,לקט להקפצה תאילנדי ס,,,לקט להקפצה תאילנדי ס,,800.00,100 גרם,false,,24.90,0.0311,true,1,92472
7290000103822,false,לקט לעוף סנפרוסט 800,,,לקט לעוף סנפרוסט 800,,800.00,100 גרם,false,,24.90,0.0311,true,1,92473
7290000104201,false,אפונה עדינה סנפרוסט,קריות זול,,אפונה עדינה סנפרוסט,,600.00,,false,,21.90,0.0365,true,1,92481
7290000104218,false,במיה סנפרוסט 600גר,קריות זול,,במיה סנפרוסט 600גר,,600.00,100 גרם,false,,18.90,0.0315,true,1,92482
7290000104225,false,בצל קצוץ סנפרוסט 600,קריות זול,,בצל קצוץ סנפרוסט 600,,600.00,100 גרם,false,,18.90,0.0315,true,1,92483
7290000104676,false,אפונה גינה סנפרוסט 8,קריות זול,,אפונה גינה סנפרוסט 8,,800.00,,false,,17.90,0.0224,true,1,92485
7290000104690,false,גרעיני תירס סנפרוסט,קריות זול,,גרעיני תירס סנפרוסט,,800.00,,false,,19.90,0.0249,true,1,92487
7290000104706,false,גזר גמדי סנפרוסט 800,קריות זול,,גזר גמדי סנפרוסט 800,,800.00,,false,,19.90,0.0249,true,1,92488
7290000104713,false,פול ירוק סנפרוסט 800,קריות זול,,פול ירוק סנפרוסט 800,,800.00,100 גרם,false,,28.90,0.0361,true,1,92489
7290000104744,false,כרובית סנפרוסט 800גר,קריות זול,,כרובית סנפרוסט 800גר,,800.00,100 גרם,false,,26.90,0.0336,true,1,92492
7290000104751,false,כרוב ניצנים סנפרוסט,קריות זול,,כרוב ניצנים סנפרוסט,,800.00,100 גרם,false,,26.90,0.0336,true,1,92493
7290000104768,false,תרד עלים סנפרוסט 800,קריות זול,,תרד עלים סנפרוסט 800,,800.00,100 גרם,false,,28.90,0.0361,true,1,92494
7290000104775,false,תרד מדליונים סנפרוסט,קריות זול,,תרד מדליונים סנפרוסט,,800.00,,false,,28.90,0.0361,true,1,92495
7290000104799,false,שעועית לבנה מבושלת ס,קריות זול,,שעועית לבנה מבושלת ס,,800.00,100 גרם,false,,21.90,0.0274,true,1,92496
7290000104805,false,גרגירי חומוס קפוא סנ,קריות זול,,גרגירי חומוס קפוא סנ,,800.00,,false,,21.90,0.0274,true,1,92497
7290000104904,false,לקט ירקות מעורבים סנ,קריות זול,,לקט ירקות מעורבים סנ,,800.00,100 גרם,false,,24.90,0.0311,true,1,92503
7290000104911,false,לקט נורמנדי סנפרוסט,קריות זול,,לקט נורמנדי סנפרוסט,,800.00,100 גרם,false,,24.90,0.0311,true,1,92504
7290000106175,false,לקט כפרי סנפרוסט 2קג,קריות זול,,לקט כפרי סנפרוסט 2קג,,2000.00,,false,,39.90,0.0199,true,1,144125
7290000107189,false,תחתיות ארטישוק 400גר,קריות זול,,תחתיות ארטישוק 400גר,,400.00,100 גרם,false,,24.90,0.0622,true,1,92507
7290000107295,false,תפרחות ברוקולי סנפרו,קריות זול,,תפרחות ברוקולי סנפרו,,800.00,100 גרם,false,,28.90,0.0361,true,1,92508
7290000111063,false,מיונז תלמה 250 גר,קריות זול,,מיונז תלמה 250 גר,,250.00,,false,,7.50,0.0300,true,1,90029
7290000111186,false,מיונז תלמה 500גר,קריות זול,,מיונז תלמה 500גר,,500.00,100 גרם,false,,9.90,0.0198,true,1,90032
7290000111353,false,"מיונז תלמה 1ק""ג",קריות זול,,"מיונז תלמה 1ק""ג",,1000.00,100 גרם,false,,18.90,0.0189,true,1,90034
7290000111360,false,חרדל אמיתי תלמה 250,קריות זול,,חרדל אמיתי תלמה 250,,250.00,100 גרם,false,,8.90,0.0356,true,1,90035
7290000111384,false,חרדל צנצנת תלמה 550ג,קריות זול,,חרדל צנצנת תלמה 550ג,,550.00,,false,,12.90,0.0235,true,1,90036
7290000112220,false,טחינה 100% שומשום בא,קריות זול,,טחינה 100% שומשום בא,,500.00,100 גרם,false,,16.90,0.0338,true,1,87935
7290000112619,false,מרק עוף אמיתי קנור 4,קריות זול,,מרק עוף אמיתי קנור 4,,400.00,100 גרם,false,,24.90,0.0622,true,1,90041
7290000116945,false,רוטב סויה קנור 300מל,קריות זול,,רוטב סויה קנור 300מל,,300.00,100 גרם,false,,15.90,0.0530,true,1,90054
7290000117171,false,נמס בכוס קנור 10*10,קריות זול,,נמס בכוס קנור 10*10,,46.00,100 גרם,false,,7.90,0.1717,true,1,90057
7290000120836,false,מיונז הלמנס 394 גר,קריות זול,,מיונז הלמנס 394 גר,,394.00,100 גרם,false,,14.90,0.0378,true,1,90071
7290000120874,false,מיונז הלמנס לייט 424,קריות זול,,מיונז הלמנס לייט 424,,424.00,100 גרם,false,,14.90,0.0351,true,1,90072
7290000134147,false,מוסקט טחון 40גר,,,מוסקט טחון 40גר,,40.00,,false,,14.90,0.3725,true,1,95862
7290000134338,false,אבקת שום 90גר,,,אבקת שום 90גר,,90.00,100 גרם,false,,12.90,0.1433,true,1,95865
7290000134376,false,פפריקה בשמן 100גר,,,פפריקה בשמן 100גר,,100.00,100 גרם,false,,10.90,0.1090,true,1,95867
7290000134840,false,כורכום במיכל 100גר,,,כורכום במיכל 100גר,,100.00,100 גרם,false,,10.90,0.1090,true,1,95882
7290000134857,false,פפריקה מתוקה במיכל 1,,,פפריקה מתוקה במיכל 1,,100.00,100 גרם,false,,10.90,0.1090,true,1,95883
7290000134864,false,פפריקה חריפה במיכל 1,,,פפריקה חריפה במיכל 1,,100.00,100 גרם,false,,10.90,0.1090,true,1,95884
7290000134871,false,פלפל שחור טחון 100גר,,,פלפל שחור טחון 100גר,,100.00,100 גרם,false,,15.90,0.1590,true,1,95885
7290000134987,false,פלפל שחור גרוס 90גר,,,פלפל שחור גרוס 90גר,,90.00,100 גרם,false,,15.90,0.1767,true,1,95888
7290000135113,false,אקסל פחית טן ליים 25,,,אקסל פחית טן ליים 25,,250.00,,false,,5.00,0.0200,true,1,158054
7290000135311,false,פפסי מקס ליים 1.5ליט,,,פפסי מקס ליים 1.5ליט,,1500.00,,false,,7.90,0.0053,true,1,159418
7290000135595,false,פפסי מקס בטעם דובדבן,,,פפסי מקס בטעם דובדבן,,1500.00,,false,,7.90,0.0053,true,1,163414
7290000136158,false,פפסי מקס 1.5 ליטר,,,פפסי מקס 1.5 ליטר,,1500.00,100 גרם,false,,7.90,0.0053,true,1,165072
7290000136172,false,סבן אפ 1.5 ליטר,,,סבן אפ 1.5 ליטר,,1500.00,100 גרם,false,,7.90,0.0053,true,1,165074
7290000136240,false,סודה טמפו 1.5ליטר,,,סודה טמפו 1.5ליטר,,1500.00,100 גרם,false,,4.00,0.0027,true,1,165070
7290000136288,false,סירופ בטעם תפוחים ג',,,סירופ בטעם תפוחים ג',,330.00,100 גרם,false,,17.90,0.0542,true,1,167962
7290000136295,false,סירופ בטעם פטל ג'ויס,,,סירופ בטעם פטל ג'ויס,,330.00,100 גרם,false,,17.90,0.0542,true,1,167963
7290000136646,false,נשר מאלט 1.5ליטר תרי,,,נשר מאלט 1.5ליטר תרי,,1500.00,100 גרם,false,,11.90,0.0079,true,1,165057
7290000136653,false,נשר מאלט דיאט 1.5ליט,,,נשר מאלט דיאט 1.5ליט,,1500.00,100 גרם,false,,11.90,0.0079,true,1,165058
7290000136684,false,פפסי מקס 1.5 ליטר,,,פפסי מקס 1.5 ליטר,,1500.00,100 גרם,false,,7.90,0.0053,true,1,165492
7290000136776,false,פפסי מקס 6*1.5ליטר,,,פפסי מקס 6*1.5ליטר,,9000.00,,false,,37.90,0.0042,true,1,165055
7290000136790,false,סודה טמפו 6* 1.5 ליט,,,סודה טמפו 6* 1.5 ליט,,9000.00,100 גרם,false,,19.70,0.0022,true,1,165046
7290000136851,false,סבן אפ 1.5 ליטר,,,סבן אפ 1.5 ליטר,,1500.00,100 גרם,false,,7.90,0.0053,true,1,166389
7290000136868,false,מים סאן בנדטו 6* 1.5,,,מים סאן בנדטו 6* 1.5,,9000.00,100 גרם,false,,22.90,0.0025,true,1,165044
7290000136875,false,מים סאן בנדטו מוגז 6,,,מים סאן בנדטו מוגז 6,,9000.00,100 גרם,false,,23.90,0.0027,true,1,165045
7290000136936,false,סבן אפ 1.5 ליטר דיאט,,,סבן אפ 1.5 ליטר דיאט,,1500.00,100 גרם,false,,7.90,0.0053,true,1,165988
7290000137513,false,קרמיסימו גלידונית שו,קריות זול,,קרמיסימו גלידונית שו,,630.00,,false,,49.90,0.0792,true,1,92293
7290000137643,false,שלגוני טעמקור 8יח,קריות זול,,שלגוני טעמקור 8יח,,8.00,,false,,43.90,5.4875,true,1,92294
7290000143279,false,הוואי שמפו נגד קשקשי,קריות זול,,הוואי שמפו נגד קשקשי,,700.00,,false,,13.90,0.0199,true,1,93219
7290000144467,false,שמן חמניות בריאות מה,קריות זול,,שמן חמניות בריאות מה,,1000.00,100 גרם,false,,17.90,0.0179,true,1,96065
7290000144474,false,שמן קנולה בריאות מהט,קריות זול,,שמן קנולה בריאות מהט,,1000.00,,false,,17.90,0.0179,true,1,96066
7290000149905,false,טקסטיל שמפו 1ליטר,קריות זול,,טקסטיל שמפו 1ליטר,,1000.00,,false,,15.90,0.0159,true,1,89195
7290000152288,false,נקניקיות עוף עוף טוב,,,נקניקיות עוף עוף טוב,,400.00,,false,,15.80,0.0395,true,1,87946
7290000152943,false,סלמי+פסטרמה עוף טוב,,,סלמי+פסטרמה עוף טוב,,700.00,100 גרם,false,,31.90,0.0456,true,1,87949
7290000153469,false,קציצות עוף קלאסיות ע,,,קציצות עוף קלאסיות ע,,600.00,100 גרם,false,,31.90,0.0532,true,1,87953
7290000169538,false,נמס בכוס קנור עגבניו,,,נמס בכוס קנור עגבניו,,62.00,,false,,7.70,0.1242,true,1,90177
7290000174723,false,שוקולית עלית 500גר,קריות זול,,שוקולית עלית 500גר,,500.00,100 גרם,false,,12.90,0.0258,true,1,99494
7290000176062,false,קפה טורקי עלית 100גר,קריות זול,,קפה טורקי עלית 100גר,,100.00,100 גרם,false,,8.90,0.0890,true,1,99496
7290000176079,false,קפה טורקי עם הל עלית,קריות זול,,קפה טורקי עם הל עלית,,100.00,100 גרם,false,,9.90,0.0990,true,1,99497
7290000176116,false,קפה טורקי עלית 1קג,קריות זול,,קפה טורקי עלית 1קג,,1000.00,100 גרם,false,,69.90,0.0699,true,1,99500
7290000176413,false,קפה נמס עלית 50גר,קריות זול,,קפה נמס עלית 50גר,,50.00,100 גרם,false,,9.90,0.1980,true,1,99503
7290000176420,false,קפה נמס עלית 200גר,קריות זול,,קפה נמס עלית 200גר,,200.00,100 גרם,false,,19.90,0.0995,true,1,99504
7290000178707,false,תפוציפס טבעי 50גר,קריות זול,,תפוציפס טבעי 50גר,,50.00,,false,,4.50,0.0900,true,1,90770
7290000178721,false,תפוציפס טבעי 200גר,,,תפוציפס טבעי 200גר,,200.00,100 גרם,false,,11.90,0.0595,true,1,90771
7290000186535,false,לילי טריו לבן נייר ט,,,לילי טריו לבן נייר ט,יחידה,0.00,יחידה,false,,49.90,0.0000,true,1,89701
7290000187952,false,לילי טריו נייר טאולט,,,לילי טריו נייר טאולט,יחידה,0.00,יחידה,false,,49.90,0.0000,true,1,89713
7290000188355,false,מגבות מטבח שישייה ני,,,מגבות מטבח שישייה ני,יחידה,0.00,יחידה,false,,12.90,0.0000,true,1,89718
7290000189215,false,מטלית הקסם לרצפה ניק,קריות זול,,מטלית הקסם לרצפה ניק,יחידה,0.00,יחידה,false,,14.90,0.0000,true,1,141095
7290000189550,false,אשפתון זוג ענק 20 מת,קריות זול,,אשפתון זוג ענק 20 מת,,20.00,,false,,26.90,1.3450,true,1,89730
7290000189598,false,מטליות לחות לניקוי כ,,,מטליות לחות לניקוי כ,,50.00,,false,,10.90,0.2180,true,1,89732
7290000189871,false,אשפתון 60 שקיות מתכל,,,אשפתון 60 שקיות מתכל,,60.00,,false,,26.90,0.4483,true,1,89737
7290000190136,false,חלה מתוקה ברמן,,,חלה מתוקה ברמן,,500.00,100 גרם,false,,8.90,0.0178,true,1,145543
7290000190198,false,מטליות לחות לניקוי ש,,,מטליות לחות לניקוי ש,יחידה,0.00,יחידה,false,,10.90,0.0000,true,1,89742
7290000190853,false,לילי לבן נייר טואלט,,,לילי לבן נייר טואלט,יחידה,0.00,יחידה,false,,39.90,0.0000,true,1,89749
7290000195216,false,נייר אפיה 50יח ניקול,,,נייר אפיה 50יח ניקול,,50.00,,false,,12.90,0.2580,true,1,89769
7290000196039,false,מפות שולחן זוג ניקול,קריות זול,,מפות שולחן זוג ניקול,,250.00,100 גרם,false,,10.90,0.0436,true,1,89777
7290000197029,false,ניקול שקיות ניילון ר,קריות זול,,ניקול שקיות ניילון ר,יחידה,0.00,יחידה,false,,13.90,0.0000,true,1,89783
7290000197326,false,ניקול רדיד אלומיניום,קריות זול,,ניקול רדיד אלומיניום,,15.00,,false,,12.90,0.8600,true,1,89790
7290000197753,false,ניילונית זוג ניקול,קריות זול,,ניילונית זוג ניקול,,60.00,,false,,12.90,0.2150,true,1,89800
7290000200040,false,שוקיים עוף טרי ארוז,,,שוקיים עוף טרי ארוז,קילוגרמים,1.00,"ק""ג",true,,37.90,37.9000,true,1,132659
7290000200057,false,שניצל עוף טרי ארוז,,,שניצל עוף טרי ארוז,קילוגרמים,1.00,"ק""ג",true,,45.90,45.9000,true,1,132660
7290000204215,false,כריות יפניות ניקול 6,קריות זול,,כריות יפניות ניקול 6,,4.00,,false,,13.90,3.4750,true,1,89823
7290000204253,false,מטלית רב שימושית ניק,קריות זול,,מטלית רב שימושית ניק,,9.00,,false,,13.90,1.5444,true,1,89825
7290000204611,false,ספוגית הקסם ניקול 6י,קריות זול,,ספוגית הקסם ניקול 6י,,6.00,,false,,13.90,2.3167,true,1,89827
7290000207063,false,רסק עגבניות פריכוז 2,,,רסק עגבניות פריכוז 2,,260.00,,false,,5.50,0.0212,true,1,87110
7290000207162,false,רוטב עגבניות 22% 100,קריות זול,,רוטב עגבניות 22% 100,,100.00,100 גרם,false,,2.50,0.0250,true,1,87113
7290000208022,false,עגבניות מרוסקות 800ג,קריות זול,,עגבניות מרוסקות 800ג,,800.00,,false,,10.90,0.0136,true,1,87116
7290000208077,false,אפונה גדולה יכין 550,קריות זול,,אפונה גדולה יכין 550,,550.00,,false,,9.70,0.0176,true,1,87118
7290000208145,false,תירס לייט יכין 550גר,קריות זול,,תירס לייט יכין 550גר,,550.00,,false,,10.90,0.0198,true,1,87123
7290000208213,false,שעועית לבנה ברוטב עג,קריות זול,,שעועית לבנה ברוטב עג,,580.00,100 גרם,false,,9.90,0.0171,true,1,87126
7290000208220,false,שעועית צילי יכין 550,קריות זול,,שעועית צילי יכין 550,,550.00,100 גרם,false,,9.90,0.0180,true,1,87127
7290000208244,false,בסיס עגבניות לשקשוקה,קריות זול,,בסיס עגבניות לשקשוקה,,570.00,100 גרם,false,,10.90,0.0191,true,1,87128
7290000208251,false,שעועית ירוקה חתוכה י,קריות זול,,שעועית ירוקה חתוכה י,,550.00,100 גרם,false,,10.90,0.0198,true,1,87129
7290000208268,false,שעועית צהובהחתוכה יכ,קריות זול,,שעועית צהובהחתוכה יכ,,550.00,,false,,10.90,0.0198,true,1,87130
7290000208312,false,תירס מתוק ואקום יכין,קריות זול,,תירס מתוק ואקום יכין,,400.00,100 גרם,false,,7.90,0.0198,true,1,87131
7290000208329,false,תירס מתוק יכין 550גר,קריות זול,,תירס מתוק יכין 550גר,,550.00,100 גרם,false,,9.70,0.0176,true,1,87132
7290000208336,false,רוטב עגבניות יכין 22,קריות זול,,רוטב עגבניות יכין 22,,240.00,100 גרם,false,,4.90,0.0204,true,1,87133
7290000208350,false,עגבניות מרוסקות עם ב,,,עגבניות מרוסקות עם ב,,800.00,,false,,10.90,0.0136,true,1,87135
7290000208367,false,עגבניות מרוסקות בתוס,,,עגבניות מרוסקות בתוס,,800.00,,false,,10.90,0.0136,true,1,87136
7290000208404,false,פול מצרי יכין 550גר,קריות זול,,פול מצרי יכין 550גר,,550.00,100 גרם,false,,9.90,0.0180,true,1,87137
7290000208428,false,חומוס שלם יכין 550גר,קריות זול,,חומוס שלם יכין 550גר,,550.00,100 גרם,false,,9.90,0.0180,true,1,87138
7290000208459,false,ירקות מעורבים יכין 5,קריות זול,,ירקות מעורבים יכין 5,,550.00,100 גרם,false,,10.90,0.0198,true,1,87140
7290000208534,false,תירס קיד יכין 550גר,קריות זול,,תירס קיד יכין 550גר,,550.00,100 גרם,false,,10.90,0.0198,true,1,87142
7290000208855,false,רוטב לפסטה קלאסי יכי,קריות זול,,רוטב לפסטה קלאסי יכי,,240.00,100 גרם,false,,6.90,0.0288,true,1,87145
7290000208893,false,תירס לייט ואקום 340,קריות זול,,תירס לייט ואקום 340,,340.00,100 גרם,false,,7.90,0.0232,true,1,87146
7290000208930,false,עגבניות מרוסקות ושום,,,עגבניות מרוסקות ושום,,240.00,100 גרם,false,,6.90,0.0288,true,1,87147
7290000208947,false,עגבניות מרוסקות יכין,,,עגבניות מרוסקות יכין,,240.00,,false,,6.90,0.0288,true,1,87148
7290000209012,false,חומץ הדרים יכין 1 לי,קריות זול,,חומץ הדרים יכין 1 לי,,1000.00,100 גרם,false,,6.90,0.0069,true,1,87151
7290000209043,false,מיץ לימון משומר 1ל,,,מיץ לימון משומר 1ל,,1000.00,,false,,6.90,0.0069,true,1,87152
7290000209371,false,תירס יכין שלישייה 3*,,,תירס יכין שלישייה 3*,,495.00,100 גרם,false,,15.90,0.0321,true,1,87161
7290000209388,false,תירס ליייט שלישייה 3,,,תירס ליייט שלישייה 3,,495.00,,false,,15.90,0.0321,true,1,87162
7290000209524,false,סירופ דיאט פטל יכין,,,סירופ דיאט פטל יכין,,1000.00,100 גרם,false,,16.90,0.0169,true,1,87165
7290000209708,false,עגבניות מרוסקות בזיל,,,עגבניות מרוסקות בזיל,,240.00,100 גרם,false,,6.90,0.0288,true,1,87171
7290000209722,false,רסק עגבניות פריכוז 2,,,רסק עגבניות פריכוז 2,,580.00,,false,,10.90,0.0188,true,1,87173
7290000209906,false,עגבניות מרוסקות בצל,,,עגבניות מרוסקות בצל,,240.00,100 גרם,false,,6.90,0.0288,true,1,87174
7290000209944,false,רוטב שקשוקה יכין 240,,,רוטב שקשוקה יכין 240,,240.00,,false,,6.90,0.0288,true,1,87176
7290000209951,false,רוטב פיצה יכין 240 ג,,,רוטב פיצה יכין 240 ג,,240.00,100 גרם,false,,6.90,0.0288,true,1,87177
7290000209968,false,רוטב לזניה יכין 240,,,רוטב לזניה יכין 240,,240.00,100 גרם,false,,6.90,0.0288,true,1,87178
7290000210896,false,רוטב בולונז יכין 240,,,רוטב בולונז יכין 240,,240.00,,false,,6.90,0.0288,true,1,87180
7290000211169,false,אורז תאילנדי סוגת 1ק,קריות זול,,אורז תאילנדי סוגת 1ק,,1000.00,100 גרם,false,,8.90,0.0089,true,1,94047
7290000211442,false,אורז פרסי קלאסי שקית,קריות זול,,אורז פרסי קלאסי שקית,,1000.00,,false,,11.90,0.0119,true,1,94051
7290000211503,false,"סוכר סוגת 1 ק""ג",,,"סוכר סוגת 1 ק""ג",,1000.00,,false,,4.90,0.0049,true,1,94052
7290000211626,false,אורז חיש סוגת 1קג,קריות זול,,אורז חיש סוגת 1קג,,1000.00,100 גרם,false,,10.90,0.0109,true,1,94053
7290000211985,false,אורז עגול סוגת 1קג,קריות זול,,אורז עגול סוגת 1קג,,1000.00,,false,,10.90,0.0109,true,1,94054
7290000212173,false,וופל טעם שוקולד מנעמ,קריות זול,,וופל טעם שוקולד מנעמ,,200.00,100 גרם,false,,10.90,0.0545,true,1,93318
7290000212401,false,וופל מצופית מנעמים 4,קריות זול,,וופל מצופית מנעמים 4,,400.00,,false,,10.90,0.0273,true,1,93319
7290000212579,false,וופל מצופה מנעמים 40,,,וופל מצופה מנעמים 40,,800.00,100 גרם,false,,19.90,0.0249,true,1,148749
7290000238029,false,*מבצע* בצק עלים מרוד,קריות זול,,*מבצע* בצק עלים מרוד,,1000.00,100 גרם,false,,16.90,0.0169,true,1,92511
7290000238036,false,מלווח מעדנות קופסא 7,קריות זול,,מלווח מעדנות קופסא 7,,700.00,100 גרם,false,,18.90,0.0270,true,1,92512
7290000238173,false,בורקס גבינה מעדנות 8,קריות זול,,בורקס גבינה מעדנות 8,,800.00,,false,,22.90,0.0286,true,1,92513
7290000243566,false,שמן קנולה בריאות עץ,,,שמן קנולה בריאות עץ,,750.00,100 גרם,false,,14.90,0.0199,true,1,96073
7290000245270,false,פרסיל סופרא שקית אבק,קריות זול,,פרסיל סופרא שקית אבק,,1.25,"ק""ג",false,,15.90,12.7200,true,1,100443
7290000245287,false,פרסיל קולור שקית אבק,קריות זול,,פרסיל קולור שקית אבק,,1.25,"ק""ג",false,,15.90,12.7200,true,1,100444
7290000245508,false,סוד פרפקט אבקת כביסה,קריות זול,,סוד פרפקט אבקת כביסה,,1.25,"ק""ג",false,,13.90,11.1200,true,1,100450
7290000245799,false,סוד מרכך כביסה פעמונ,קריות זול,,סוד מרכך כביסה פעמונ,,4.00,ליטר,false,,17.90,4.4750,true,1,100457
7290000267029,false,שקדים חצויים 100גרם,,,שקדים חצויים 100גרם,,100.00,100 גרם,false,,10.90,0.1090,true,1,96734
7290000267043,false,שקד פרוס השף 100גר,קריות זול,,שקד פרוס השף 100גר,,100.00,,false,,10.90,0.1090,true,1,96736
7290000267050,false,שקד טחון השף 100 גר,,,שקד טחון השף 100 גר,,100.00,100 גרם,false,,10.90,0.1090,true,1,96737
7290000267104,false,שקדים גרוסים טבעי 10,,,שקדים גרוסים טבעי 10,,100.00,100 גרם,false,,10.90,0.1090,true,1,96738
7290000267500,false,קליפות הדר מצופות בש,,,קליפות הדר מצופות בש,,200.00,100 גרם,false,,10.90,0.0545,true,1,126143
7290000267555,false,בוטנים טבעיים גרוסים,,,בוטנים טבעיים גרוסים,,100.00,100 גרם,false,,7.90,0.0790,true,1,96740
7290000272696,false,מיץ לימון טבעי משומר,קריות זול,,מיץ לימון טבעי משומר,,1000.00,,false,,13.90,0.0139,true,1,87985
7290000272726,false,חומץ טבעי 5% עסיס 1,קריות זול,,חומץ טבעי 5% עסיס 1,,1000.00,,false,,8.90,0.0089,true,1,87986
7290000286228,false,סנו סושי ספוגיות לני,קריות זול,,סנו סושי ספוגיות לני,יחידה,0.00,יחידה,false,,12.90,0.0000,true,1,89199
7290000286297,false,אנטי קאלק מסיר אבן מ,קריות זול,,אנטי קאלק מסיר אבן מ,,700.00,,false,,10.90,0.0156,true,1,89200
7290000287195,false,סנו רהיט מבריק רהיטי,קריות זול,,סנו רהיט מבריק רהיטי,,300.00,,false,,16.90,0.0563,true,1,89216
7290000287492,false,סנובון נוזלי לימון 7,קריות זול,,סנובון נוזלי לימון 7,,750.00,,false,,11.90,0.0159,true,1,89222
7290000288048,false,סנו ז'אוול מרסס מונט,קריות זול,,סנו ז'אוול מרסס מונט,,1000.00,100 גרם,false,,21.90,0.0219,true,1,89231
7290000289496,false,סנו ז'אוול ג'ל קרם מ,קריות זול,,סנו ז'אוול ג'ל קרם מ,,750.00,,false,,14.90,0.0199,true,1,89250
7290000295343,false,סנו מקסימה ביו אבקת,קריות זול,,סנו מקסימה ביו אבקת,,1.25,"ק""ג",false,,15.90,12.7200,true,1,89284
7290000295794,false,ספוגית מתכת סנו סושי,,,ספוגית מתכת סנו סושי,יחידה,0.00,יחידה,false,,10.90,0.0000,true,1,150040
7290000311203,false,וופל מן שוקו 200גר,,,וופל מן שוקו 200גר,,200.00,,false,,5.90,0.0295,true,1,95559
7290000311210,false,וופל מן לימון 200גר,,,וופל מן לימון 200גר,,200.00,100 גרם,false,,5.90,0.0295,true,1,95560
7290000311227,false,וופל מן קפה 200גר,,,וופל מן קפה 200גר,,200.00,100 גרם,false,,5.90,0.0295,true,1,115290
7290000311234,false,וופל מן וניל 200גר,,,וופל מן וניל 200גר,,200.00,100 גרם,false,,5.90,0.0295,true,1,115291
7290000311425,false,וופל מן מצופים עשירי,,,וופל מן מצופים עשירי,,220.00,,false,,8.90,0.0405,true,1,95562
7290000311845,false,עוגיות קמח מלא ללא ס,,,עוגיות קמח מלא ללא ס,,200.00,100 גרם,false,,10.90,0.0545,true,1,135675
7290000311869,false,וופל מן בטעם שוקולד,,,וופל מן בטעם שוקולד,,180.00,100 גרם,false,,8.90,0.0494,true,1,135676
7290000311876,false,וופל מן בטעם וניל לל,,,וופל מן בטעם וניל לל,,180.00,100 גרם,false,,8.90,0.0494,true,1,148395
7290000311883,false,עוגיות גרנולה ללא סו,,,עוגיות גרנולה ללא סו,,200.00,100 גרם,false,,10.90,0.0545,true,1,130618
7290000313160,false,חברים זהבה ושלושת הד,קריות זול,,חברים זהבה ושלושת הד,,250.00,,false,,8.90,0.0356,true,1,87998
7290000313184,false,חברים ביסקויט גן חיו,קריות זול,,חברים ביסקויט גן חיו,,250.00,,false,,8.90,0.0356,true,1,87999
7290000313290,false,נודלס איטריות מסולסל,קריות זול,,נודלס איטריות מסולסל,,200.00,100 גרם,false,,10.90,0.0545,true,1,88001
7290000315133,false,ציר בקר קנור 300גר,קריות זול,,ציר בקר קנור 300גר,,300.00,100 גרם,false,,27.90,0.0930,true,1,90184
7290000318127,false,נקניקיות ביס יחיעם 3,קריות זול,,נקניקיות ביס יחיעם 3,,380.00,,false,,12.90,0.0339,true,1,86246
7290000318479,false,פרושטו בקר יחיעם 100,קריות זול,,פרושטו בקר יחיעם 100,,100.00,,false,,29.90,0.2990,true,1,86253
7290000318677,false,סלמי סרוולט יחיעם 15,קריות זול,,סלמי סרוולט יחיעם 15,,150.00,100 גרם,false,,29.90,0.1993,true,1,86255
7290000334684,false,טבעות בצל תפוגן 700ג,קריות זול,,טבעות בצל תפוגן 700ג,,700.00,100 גרם,false,,19.90,0.0284,true,1,88007
7290000336282,false,סיידר תפוח צלול בקבו,,,סיידר תפוח צלול בקבו,,330.00,,false,,9.50,0.0288,true,1,86625
7290000347738,false,תה ירוק נענע 25יח,קריות זול,,תה ירוק נענע 25יח,,37.50,,false,,27.90,0.7440,true,1,93349
7290000347752,false,תה ירוק לימונית ולוא,קריות זול,,תה ירוק לימונית ולוא,,37.50,100 גרם,false,,27.90,0.7440,true,1,93350
7290000364261,false,סלסולי פסטרמה כתף בק,,,סלסולי פסטרמה כתף בק,,120.00,,false,,15.90,0.1325,true,1,113952
7290000364278,false,סלסולי סלמי איטלקי מ,,,סלסולי סלמי איטלקי מ,,120.00,,false,,15.90,0.1325,true,1,113953
7290000364285,false,סלסולי פסטרמה הודו א,,,סלסולי פסטרמה הודו א,,120.00,100 גרם,false,,15.90,0.1325,true,1,113954
7290000364292,false,סלסולי פסטרמה הודו ג,,,סלסולי פסטרמה הודו ג,,120.00,100 גרם,false,,15.90,0.1325,true,1,113955
7290000364803,false,נקניקיות בקר בסגנון,,,נקניקיות בקר בסגנון,,500.00,100 גרם,false,,26.90,0.0538,true,1,117829
7290000364810,false,נקנקיות עגל 500 גרם,,,נקנקיות עגל 500 גרם,,500.00,100 גרם,false,,26.90,0.0538,true,1,155734
7290000364858,false,נקניקיות עוף טירת צב,,,נקניקיות עוף טירת צב,,1000.00,100 גרם,false,,26.90,0.0269,true,1,117831
7290000364872,false,נקניקיות עוף טירת צב,,,נקניקיות עוף טירת צב,,400.00,,false,,15.90,0.0398,true,1,117832
7290000367590,false,פסטרמה צמד סלמי 400ג,,,פסטרמה צמד סלמי 400ג,,800.00,,false,,31.90,0.0399,true,1,117836
7290000379432,false,לחמניה רגילה,,,לחמניה רגילה,,75.00,100 גרם,false,,1.90,0.0253,true,1,94943
7290000379616,false,לחם לבן חשוף,,,לחם לבן חשוף,,750.00,100 גרם,false,,5.10,0.0068,true,1,94944
7290000379623,false,לחם אחיד שחור,,,לחם אחיד שחור,,750.00,,false,,5.10,0.0068,true,1,94945
7290000408316,false,דנונה טבעי 3% 200גר,קריות זול,,דנונה טבעי 3% 200גר,,200.00,100 גרם,false,,3.80,0.0190,true,1,95138
7290000408354,false,דנונה בר פיצפוצים 17,,,דנונה בר פיצפוצים 17,,173.00,100 גרם,false,,4.90,0.0283,true,1,95139
7290000416021,false,ממרח השחר 500גר,קריות זול,,ממרח השחר 500גר,,500.00,100 גרם,false,,13.90,0.0278,true,1,97366
7290000419220,false,לנדוור קפה כחול מארז,,,לנדוור קפה כחול מארז,,300.00,,false,,19.90,0.0663,true,1,104945
7290000419374,false,לנדוור קפה טחון טורק,,,לנדוור קפה טחון טורק,,300.00,,false,,19.90,0.0663,true,1,126192
7290000420325,false,פופסטאר בטעם טבעי 5י,קריות זול,,פופסטאר בטעם טבעי 5י,,500.00,100 גרם,false,,14.90,0.0298,true,1,99025
7290000436616,false,דובשניות ברמן 180גר,קריות זול,,דובשניות ברמן 180גר,,180.00,100 גרם,false,,6.90,0.0383,true,1,148170
7290000453408,false,בצק פיצה דק שמרית מצ,,,בצק פיצה דק שמרית מצ,,415.00,100 גרם,false,,18.90,0.0455,true,1,152180
7290000453415,false,בצק עלים שמרית מצונן,,,בצק עלים שמרית מצונן,,300.00,100 גרם,false,,17.90,0.0597,true,1,152181
7290000453422,false,בצק פילו שמרית מצונן,,,בצק פילו שמרית מצונן,,300.00,,false,,17.90,0.0597,true,1,152182
7290000453781,false,שמרים יבשים שמרית 12,,,שמרים יבשים שמרית 12,,125.00,,false,,6.90,0.0552,true,1,139884
7290000453798,false,שמרים יבשים אקטיביים,,,שמרים יבשים אקטיביים,,500.00,100 גרם,false,,15.90,0.0318,true,1,146668
7290000453866,false,שמרית תחליף מרגרינה,,,שמרית תחליף מרגרינה,,200.00,,false,,8.90,0.0445,true,1,144956
7290000461625,false,בייגלה שמיניות מלוחו,קריות זול,,בייגלה שמיניות מלוחו,,400.00,100 גרם,false,,11.90,0.0298,true,1,90213
7290000461700,false,ביגלה גדול גדול 400ג,קריות זול,,ביגלה גדול גדול 400ג,,400.00,100 גרם,false,,14.90,0.0373,true,1,90215
7290000461724,false,ביגלה גדול גדול שומש,קריות זול,,ביגלה גדול גדול שומש,,400.00,100 גרם,false,,14.90,0.0373,true,1,90216
7290000461793,false,בייגלה ארוך ארוך סיד,קריות זול,,בייגלה ארוך ארוך סיד,,200.00,,false,,6.90,0.0345,true,1,143668
7290000462141,false,סחוג אדום חריף מאוד,,,סחוג אדום חריף מאוד,,150.00,,false,,11.90,0.0793,true,1,95145
7290000467320,false,חומוס אבו מרוואן צבר,,,חומוס אבו מרוואן צבר,,400.00,,false,,15.50,0.0388,true,1,88046
7290000474090,false,חלב בקרטון טרה 1% 1ל,קריות זול,,חלב בקרטון טרה 1% 1ל,,1000.00,100 גרם,false,,5.86,0.0059,true,1,90965
7290000474373,false,שמנת חמוצה 15% 200מל,קריות זול,,שמנת חמוצה 15% 200מל,,200.00,100 גרם,false,,2.40,0.0120,true,1,90970
7290000474502,false,גבינה לבנה 5% 250גר,קריות זול,,גבינה לבנה 5% 250גר,,250.00,,false,,4.98,0.0199,true,1,90973
7290000474540,false,גבינת 3% טוב טעם 250,קריות זול,,גבינת 3% טוב טעם 250,,250.00,100 גרם,false,,12.90,0.0516,true,1,90974
7290000474830,false,גבינה צהובה 28% מגור,קריות זול,,גבינה צהובה 28% מגור,,500.00,100 גרם,false,,35.90,0.0718,true,1,90975
7290000480107,false,קוואקר מהיר אטוס פחי,קריות זול,,קוואקר מהיר אטוס פחי,,500.00,100 גרם,false,,16.90,0.0338,true,1,90773
7290000480442,false,קואקר שבולת שועל שקי,קריות זול,,קואקר שבולת שועל שקי,,500.00,100 גרם,false,,14.90,0.0298,true,1,90774
7290000481029,false,פיתות בטעם ביתי 10 י,,,פיתות בטעם ביתי 10 י,,1000.00,,false,,11.90,0.0119,true,1,161928
7290000481043,false,פיתות כוסמין מארז 10,,,פיתות כוסמין מארז 10,,700.00,,false,,15.90,0.0227,true,1,162515
7290000481074,false,*מבצע* לחם טריו דגני,,,*מבצע* לחם טריו דגני,,750.00,100 גרם,false,,15.90,0.0212,true,1,166649
7290000481180,false,לחם מחמצת שאור דגנית,,,לחם מחמצת שאור דגנית,,550.00,100 גרם,false,,18.90,0.0344,true,1,168178
7290000481197,false,לחם מחמצת גרעינים וש,,,לחם מחמצת גרעינים וש,,550.00,100 גרם,false,,18.90,0.0344,true,1,168179
7290000481487,false,חלה רגילה 500גר,,,חלה רגילה 500גר,,500.00,100 גרם,false,,5.17,0.0103,true,1,144871
7290000481494,false,מיני בגט 2יח רוסטיק,,,מיני בגט 2יח רוסטיק,,320.00,,false,,11.90,0.0372,true,1,168177
7290000481517,false,פוקצות 2יח עם שמן זי,,,פוקצות 2יח עם שמן זי,,320.00,100 גרם,false,,12.90,0.0403,true,1,168176
7290000481555,false,לחמניה רגילה,,,לחמניה רגילה,,75.00,100 גרם,false,,1.90,0.0253,true,1,144872
7290000482033,false,קוקי שקיות ענק בתנור,קריות זול,,קוקי שקיות ענק בתנור,,5.00,,false,,11.90,2.3800,true,1,91493
7290000490601,false,גלידל חלבי מאגדת בטע,,,גלידל חלבי מאגדת בטע,,8.00,,false,,29.90,3.7375,true,1,162119
7290000490762,false,גלידל חלבי מאגדת בטע,,,גלידל חלבי מאגדת בטע,,8.00,,false,,29.90,3.7375,true,1,162121
7290000497044,false,לחם אקטיב ברמן 750גר,,,לחם אקטיב ברמן 750גר,,750.00,100 גרם,false,,17.90,0.0239,true,1,96440
7290000497228,false,לחמניות בשקית 6יח,,,לחמניות בשקית 6יח,,450.00,100 גרם,false,,10.90,0.0242,true,1,96444
7290000498034,false,לחם מקמח כוסמין מלא,,,לחם מקמח כוסמין מלא,,750.00,100 גרם,false,,17.90,0.0239,true,1,152243
7290000498423,false,חלה מתוקה ברמן,,,חלה מתוקה ברמן,,500.00,,false,,8.90,0.0178,true,1,96453
7290000504025,false,סוכרזית פטריה 300 טב,קריות זול,,סוכרזית פטריה 300 טב,,300.00,,false,,10.90,0.0363,true,1,99522
7290000504049,false,סוכרזית קנקן 1200 טב,קריות זול,,סוכרזית קנקן 1200 טב,,1200.00,,false,,29.90,0.0249,true,1,99524
7290000504209,false,סוכרזית קלאסי נוזלי,קריות זול,,סוכרזית קלאסי נוזלי,,220.00,100 גרם,false,,23.90,0.1086,true,1,99525
7290000504278,false,סוכרזית פטנט 700טבלי,קריות זול,,סוכרזית פטנט 700טבלי,,700.00,,false,,19.90,0.0284,true,1,99527
7290000518169,false,מתוק וקל 1000 טבליות,קריות זול,,מתוק וקל 1000 טבליות,,1000.00,,false,,10.90,0.0109,true,1,98915
7290000518220,false,סוכרה דיאט 100 שקיות,,,סוכרה דיאט 100 שקיות,יחידה,0.00,יחידה,false,,29.90,0.0000,true,1,135316
7290000521015,false,יין סגל לבן יבש 750מ,,,יין סגל לבן יבש 750מ,,750.00,100 גרם,false,,24.90,0.0332,true,1,86632
7290000521022,false,יין סגל לבן חצי יבש,,,יין סגל לבן חצי יבש,,750.00,,false,,24.90,0.0332,true,1,86633
7290000523125,false,מלח הארץ ים יבש 250,קריות זול,,מלח הארץ ים יבש 250,,250.00,,false,,7.90,0.0316,true,1,93352
7290000523224,false,מלח הארץ ים יבש 500,קריות זול,,מלח הארץ ים יבש 500,,500.00,100 גרם,false,,9.90,0.0198,true,1,93353
7290000523514,false,מלח הארץ 50% מכמות ה,קריות זול,,מלח הארץ 50% מכמות ה,,250.00,100 גרם,false,,12.90,0.0516,true,1,93354
7290000523521,false,מלח הארץ מעושר ביוד,,,מלח הארץ מעושר ביוד,,250.00,100 גרם,false,,8.70,0.0348,true,1,93355
7290000523804,false,מלח הארץ עדין צנצנת,,,מלח הארץ עדין צנצנת,,1000.00,,false,,9.50,0.0095,true,1,93356
7290000525969,false,פרימור תפוזים 1ליטר,קריות זול,,פרימור תפוזים 1ליטר,,1000.00,,false,,17.90,0.0179,true,1,95147
7290000530086,false,*מבצע* נקניק סלמי מע,קריות זול,,*מבצע* נקניק סלמי מע,,600.00,100 גרם,false,,28.90,0.0482,true,1,101312
7290000530116,false,*מבצע* נקניק בשן זוג,קריות זול,,*מבצע* נקניק בשן זוג,,470.00,100 גרם,false,,18.90,0.0402,true,1,101314
7290000530413,false,המבורגר זהב זוגלובק,קריות זול,,המבורגר זהב זוגלובק,,400.00,,false,,25.90,0.0647,true,1,101316
7290000530598,false,נקניקיות וינר גוליבר,קריות זול,,נקניקיות וינר גוליבר,,500.00,100 גרם,false,,16.90,0.0338,true,1,101317
7290000530703,false,נקניק תה 400גר + חרמ,,,נקניק תה 400גר + חרמ,,800.00,100 גרם,false,,34.90,0.0436,true,1,101319
7290000531601,false,סטייק בורגר זוגלובק,קריות זול,,סטייק בורגר זוגלובק,,400.00,,false,,25.90,0.0647,true,1,101322
7290000536743,false,קריספי סטיקס תירס זו,,,קריספי סטיקס תירס זו,,500.00,,false,,22.90,0.0458,true,1,101326
7290000537566,false,נקניקיות עוף זוגלובק,קריות זול,,נקניקיות עוף זוגלובק,,400.00,100 גרם,false,,15.90,0.0398,true,1,101329
7290000554402,false,מלבי 160גר מחלבות גד,קריות זול,,מלבי 160גר מחלבות גד,,160.00,100 גרם,false,,6.20,0.0388,true,1,85916
7290000554457,false,צפתית 5% 350גר מחלבו,קריות זול,,צפתית 5% 350גר מחלבו,,350.00,,false,,23.90,0.0683,true,1,85917
7290000554532,false,צפתית מעודנת במלח ים,,,צפתית מעודנת במלח ים,,200.00,,false,,15.70,0.0785,true,1,85919
7290000554600,false,מוצרלה 22% מגורדת 30,קריות זול,,מוצרלה 22% מגורדת 30,,300.00,,false,,28.90,0.0963,true,1,85920
7290000554624,false,ירח מתוק 150גר מחלבו,קריות זול,,ירח מתוק 150גר מחלבו,,150.00,100 גרם,false,,6.20,0.0413,true,1,85921
7290000554686,false,לאבנה בשמן זית וזעתר,קריות זול,,לאבנה בשמן זית וזעתר,,250.00,100 גרם,false,,15.90,0.0636,true,1,85922
7290000554822,false,ריקוטה טבעי 5% 250גר,קריות זול,,ריקוטה טבעי 5% 250גר,,250.00,100 גרם,false,,16.30,0.0652,true,1,85923
7290000554839,false,גבינה מסקרפונה 40% 2,קריות זול,,גבינה מסקרפונה 40% 2,,250.00,100 גרם,false,,24.90,0.0996,true,1,85924
7290000560533,false,אדג גל גילוח ירוק עם,קריות זול,,אדג גל גילוח ירוק עם,,200.00,,false,,19.90,0.0995,true,1,99036
7290000574011,false,מארז 8 לחמניות חיטה,,,מארז 8 לחמניות חיטה,,8.00,,false,,11.90,1.4875,true,1,161307
7290000574028,false,לחם שחור מועשר פלוס,,,לחם שחור מועשר פלוס,,750.00,,false,,8.90,0.0119,true,1,152443
7290000574035,false,לחם אחיד פרוס 750גרם,,,לחם אחיד פרוס 750גרם,,750.00,,false,,7.10,0.0095,true,1,94956
7290000574066,false,לחם חיטה מלאה עם שיפ,,,לחם חיטה מלאה עם שיפ,,750.00,100 גרם,false,,16.90,0.0225,true,1,94959
7290000574097,false,מארז לחמניות מיוחדות,,,מארז לחמניות מיוחדות,,8.00,,false,,11.90,1.4875,true,1,161308
7290000574141,false,לחם חיטה מלאה 750גר,,,לחם חיטה מלאה 750גר,,750.00,,false,,14.90,0.0199,true,1,94961
7290000574158,false,מארז 8 לחמניות לוסי,,,מארז 8 לחמניות לוסי,,8.00,,false,,11.90,1.4875,true,1,161309
7290000574165,false,חלה פרוסה מעודנת 500,,,חלה פרוסה מעודנת 500,,500.00,100 גרם,false,,10.90,0.0218,true,1,94962
7290000574172,false,לחם קל חיטה מלאה 750,,,לחם קל חיטה מלאה 750,,750.00,,false,,17.90,0.0239,true,1,94963
7290000574189,false,מארז 6 לחמניות קלועו,,,מארז 6 לחמניות קלועו,,6.00,,false,,11.90,1.9833,true,1,161310
7290000574226,false,לחמניות אצבע דגנית מ,,,לחמניות אצבע דגנית מ,יחידה,0.00,יחידה,false,,11.90,0.0000,true,1,161441
7290000574233,false,לחמניה רגילה,,,לחמניה רגילה,,75.00,100 גרם,false,,1.90,0.0253,true,1,144873
7290000574301,false,לחמניות 10יח חיטה מל,,,לחמניות 10יח חיטה מל,יחידה,0.00,יחידה,false,,11.90,0.0000,true,1,161927
7290000574370,false,לחם שיפון אמיתי קל 5,,,לחם שיפון אמיתי קל 5,,500.00,100 גרם,false,,17.90,0.0358,true,1,94968
7290000574455,false,לחם חיטה מלאה כוסמין,,,לחם חיטה מלאה כוסמין,,750.00,,false,,17.90,0.0239,true,1,94972
7290000574509,false,לחמניות חצויות 6יח 4,,,לחמניות חצויות 6יח 4,,450.00,100 גרם,false,,9.90,0.0220,true,1,94973
7290000611181,false,כנפיים עוף טרי,,,כנפיים עוף טרי,קילוגרמים,1.00,"ק""ג",true,,13.90,13.9000,true,1,146976
7290000611242,false,פילה עוף טרי,,,פילה עוף טרי,קילוגרמים,1.00,"ק""ג",true,,49.90,49.9000,true,1,146978
7290000611419,false,קורקבן עוף טרי,,,קורקבן עוף טרי,קילוגרמים,1.00,"ק""ג",true,,10.90,10.9000,true,1,146982
7290000611839,false,שוקיים עוף טרי ארוז,,,שוקיים עוף טרי ארוז,קילוגרמים,1.00,"ק""ג",true,,37.90,37.9000,true,1,151843
7290000611983,false,שניצל עוף טרי ארוז,,,שניצל עוף טרי ארוז,קילוגרמים,1.00,"ק""ג",true,,45.90,45.9000,true,1,151851
7290000644783,false,מנות סלמון קפוא תנוב,,,מנות סלמון קפוא תנוב,קילוגרמים,1.00,"ק""ג",true,,89.90,89.9000,true,1,92450
7290000659312,false,פילה סלמון פרמיום קפ,,,פילה סלמון פרמיום קפ,קילוגרמים,1.00,"ק""ג",true,,85.90,85.9000,true,1,92454
7290000679631,false,קמיל בלו אל סבון קלא,,,קמיל בלו אל סבון קלא,,500.00,,false,,14.90,0.0298,true,1,120345
7290000688084,false,"מי עדן ספורט 500מ""ל",קריות זול,,"מי עדן ספורט 500מ""ל",,500.00,,false,,3.90,0.0078,true,1,89866
7290000688374,false,מי עדן בייבי שישיה 6,קריות זול,,מי עדן בייבי שישיה 6,,1980.00,,false,,15.90,0.0080,true,1,89869
7290000688381,false,מי עדן ספורט שישייה,קריות זול,,מי עדן ספורט שישייה,,3000.00,100 גרם,false,,14.90,0.0050,true,1,89870
7290000688503,false,מי עדן ג'ים שישייה 6,קריות זול,,מי עדן ג'ים שישייה 6,,4500.00,,false,,19.90,0.0044,true,1,89872
7290000931673,false,סברס,,,סברס,קילוגרמים,1.00,"ק""ג",true,,28.90,28.9000,true,1,132373
7290000931781,false,פטאיה,,,פטאיה,קילוגרמים,1.00,"ק""ג",true,,24.90,24.9000,true,1,148146
7290000979427,false,שרי כתום ארוז בלב,,,שרי כתום ארוז בלב,,460.00,100 גרם,false,,9.90,0.0215,true,1,166889
7290000991029,false,ערמונים,,,ערמונים,קילוגרמים,1.00,"ק""ג",true,,19.90,19.9000,true,1,132293
7290000992381,false,אפרסמון,,,אפרסמון,קילוגרמים,1.00,"ק""ג",true,,19.90,19.9000,true,1,132294
7290000992426,false,אנונה,,,אנונה,קילוגרמים,1.00,"ק""ג",true,,24.90,24.9000,true,1,132381
7290000993461,false,שרי צהוב ארוז בלב,,,שרי צהוב ארוז בלב,,460.00,100 גרם,false,,9.90,0.0215,true,1,166890
7290000995353,false,פפאיה,,,פפאיה,קילוגרמים,1.00,"ק""ג",true,,15.00,15.0000,true,1,132382
7290000995410,false,נבטים סיניים נבטי הע,,,נבטים סיניים נבטי הע,,1000.00,,false,,7.90,0.0079,true,1,98281
7290000997719,false,אבטיח אישי,,,אבטיח אישי,קילוגרמים,1.00,"ק""ג",true,,7.90,7.9000,true,1,132383
7290000999104,false,דלעת ערמונים,,,דלעת ערמונים,קילוגרמים,1.00,"ק""ג",true,,12.90,12.9000,true,1,134716
7290000999350,false,תפוז ארוז ברשת,,,תפוז ארוז ברשת,קילוגרמים,1.00,"ק""ג",true,,3.90,3.9000,true,1,132296
7290000999361,false,"תפו""ע פינק גולד",,,"תפו""ע פינק גולד",קילוגרמים,1.00,"ק""ג",true,,16.90,16.9000,true,1,132297
7290000999390,false,חציל בלאדי,,,חציל בלאדי,קילוגרמים,1.00,"ק""ג",true,,9.90,9.9000,true,1,132386
7290000999748,false,גינגר תפזורת,,,גינגר תפזורת,קילוגרמים,1.00,"ק""ג",true,,29.90,29.9000,true,1,132447
7290000999752,false,רימון,,,רימון,קילוגרמים,1.00,"ק""ג",true,,8.90,8.9000,true,1,132298
7290000999782,false,עגבניה מגי,,,עגבניה מגי,קילוגרמים,1.00,"ק""ג",true,,16.90,16.9000,true,1,132451
7290000999818,false,אננס,,,אננס,יחידה,0.00,יחידה,false,,39.90,0.0000,true,1,132392
7290000999819,false,קלמנטינה/מנדרינה,,,קלמנטינה/מנדרינה,קילוגרמים,1.00,"ק""ג",true,,7.90,7.9000,true,1,132299
7290000999821,false,קיווי,,,קיווי,קילוגרמים,1.00,"ק""ג",true,,19.90,19.9000,true,1,132393
7290000999832,false,גויבה,,,גויבה,קילוגרמים,1.00,"ק""ג",true,,19.90,19.9000,true,1,132396
7290000999833,false,ברוקולי,,,ברוקולי,,1000.00,100 גרם,false,,8.90,0.0089,true,1,132300
7290000999834,false,דלורית,,,דלורית,קילוגרמים,1.00,"ק""ג",true,,6.90,6.9000,true,1,132397
7290000999852,false,פטיה,,,פטיה,קילוגרמים,1.00,"ק""ג",true,,10.00,10.0000,true,1,132624
7290000999890,false,פלפל שושקה,,,פלפל שושקה,קילוגרמים,1.00,"ק""ג",true,,14.90,14.9000,true,1,132301
7290000999896,false,ענבים אדום,,,ענבים אדום,קילוגרמים,1.00,"ק""ג",true,,28.90,28.9000,true,1,132302
7290000999899,false,קישואים זוקיני,,,קישואים זוקיני,קילוגרמים,1.00,"ק""ג",true,,14.90,14.9000,true,1,132402
7290000999901,false,עגבניה אשכולות,,,עגבניה אשכולות,קילוגרמים,1.00,"ק""ג",true,,7.90,7.9000,true,1,132303
7290000999903,false,מלפפון,,,מלפפון,קילוגרמים,1.00,"ק""ג",true,,6.90,6.9000,true,1,132305
7290000999904,false,פלפל ירוק,,,פלפל ירוק,קילוגרמים,1.00,"ק""ג",true,,9.90,9.9000,true,1,132403
7290000999905,false,פלפל בהיר,,,פלפל בהיר,קילוגרמים,1.00,"ק""ג",true,,12.90,12.9000,true,1,132404
7290000999906,false,פלפל אדום,,,פלפל אדום,קילוגרמים,1.00,"ק""ג",true,,9.90,9.9000,true,1,132306
7290000999907,false,פלפל צהוב,,,פלפל צהוב,קילוגרמים,1.00,"ק""ג",true,,9.90,9.9000,true,1,132405
7290000999908,false,פלפל חריף,,,פלפל חריף,קילוגרמים,1.00,"ק""ג",true,,9.90,9.9000,true,1,132307
7290000999909,false,כרוב לבן,,,כרוב לבן,קילוגרמים,1.00,"ק""ג",true,,3.90,3.9000,true,1,132308
7290000999910,false,כרוב אדום,,,כרוב אדום,קילוגרמים,1.00,"ק""ג",true,,6.90,6.9000,true,1,132406
7290000999911,false,כרובית,,,כרובית,קילוגרמים,1.00,"ק""ג",true,,12.90,12.9000,true,1,132309
7290000999912,false,קישואים,,,קישואים,קילוגרמים,1.00,"ק""ג",true,,8.90,8.9000,true,1,132310
7290000999913,false,חציל,,,חציל,קילוגרמים,1.00,"ק""ג",true,,5.90,5.9000,true,1,132311
7290000999914,false,גזר ארוז,,,גזר ארוז,קילוגרמים,1.00,"ק""ג",true,,4.90,4.9000,true,1,132312
7290000999916,false,סלק,,,סלק,קילוגרמים,1.00,"ק""ג",true,,6.90,6.9000,true,1,132335
7290000999917,false,בטטה,,,בטטה,קילוגרמים,1.00,"ק""ג",true,,9.90,9.9000,true,1,132314
7290000999918,false,דלעת,,,דלעת,קילוגרמים,1.00,"ק""ג",true,,9.90,9.9000,true,1,132407
7290000999919,false,בצל יבש,,,בצל יבש,קילוגרמים,1.00,"ק""ג",true,,4.90,4.9000,true,1,132408
7290000999920,false,בצל אדום,,,בצל אדום,קילוגרמים,1.00,"ק""ג",true,,6.90,6.9000,true,1,132409
7290000999922,false,חסה עגולה,,,חסה עגולה,,1000.00,100 גרם,false,,5.90,0.0059,true,1,132434
7290000999924,false,שום יבש,,,שום יבש,,1000.00,100 גרם,false,,8.90,0.0089,true,1,132410
7290000999925,false,"תפו""א לבן",,,"תפו""א לבן",קילוגרמים,1.00,"ק""ג",true,,4.90,4.9000,true,1,132315
7290000999926,false,"תפו""א אדום",,,"תפו""א אדום",קילוגרמים,1.00,"ק""ג",true,,5.90,5.9000,true,1,132316
7290000999934,false,עגבניה שרי תמר,,,עגבניה שרי תמר,קילוגרמים,1.00,"ק""ג",true,,19.90,19.9000,true,1,132317
7290000999936,false,תירס,,,תירס,קילוגרמים,1.00,"ק""ג",true,,12.90,12.9000,true,1,132318
7290000999942,false,תפו'ע זהוב,,,תפו'ע זהוב,קילוגרמים,1.00,"ק""ג",true,,11.90,11.9000,true,1,132319
7290000999943,false,תפו'ע סמיט,,,תפו'ע סמיט,קילוגרמים,1.00,"ק""ג",true,,11.90,11.9000,true,1,132320
7290000999944,false,תפו'ע חרמון/גלה,,,תפו'ע חרמון/גלה,קילוגרמים,1.00,"ק""ג",true,,11.90,11.9000,true,1,132321
7290000999945,false,אגס,,,אגס,קילוגרמים,1.00,"ק""ג",true,,14.90,14.9000,true,1,132322
7290000999947,false,שזיף אדום,,,שזיף אדום,קילוגרמים,1.00,"ק""ג",true,,24.90,24.9000,true,1,132412
7290000999948,false,נקטרינה,,,נקטרינה,קילוגרמים,1.00,"ק""ג",true,,14.90,14.9000,true,1,132413
7290000999949,false,בננה,,,בננה,קילוגרמים,1.00,"ק""ג",true,,7.90,7.9000,true,1,132414
7290000999950,false,מלון,,,מלון,קילוגרמים,1.00,"ק""ג",true,,8.90,8.9000,true,1,132415
7290000999951,false,אבטיח,,,אבטיח,קילוגרמים,1.00,"ק""ג",true,,7.90,7.9000,true,1,132416
7290000999952,false,ענבים לבנים,,,ענבים לבנים,קילוגרמים,1.00,"ק""ג",true,,29.90,29.9000,true,1,132323
7290000999953,false,לימון,,,לימון,קילוגרמים,1.00,"ק""ג",true,,9.90,9.9000,true,1,132324
7290000999954,false,מנגו,,,מנגו,קילוגרמים,1.00,"ק""ג",true,,18.90,18.9000,true,1,132417
7290000999955,false,קולורבי,,,קולורבי,קילוגרמים,1.00,"ק""ג",true,,8.90,8.9000,true,1,132331
7290000999956,false,פלפל כתום,,,פלפל כתום,קילוגרמים,1.00,"ק""ג",true,,12.90,12.9000,true,1,132418
7290000999957,false,אבוקדו,,,אבוקדו,קילוגרמים,1.00,"ק""ג",true,,12.90,12.9000,true,1,132325
7290000999959,false,תפו'ע יונתן,,,תפו'ע יונתן,קילוגרמים,1.00,"ק""ג",true,,11.90,11.9000,true,1,132420
7290000999961,false,שומר,,,שומר,קילוגרמים,1.00,"ק""ג",true,,7.90,7.9000,true,1,132326
7290000999967,false,פומלה,,,פומלה,קילוגרמים,1.00,"ק""ג",true,,9.90,9.9000,true,1,132422
7290000999976,false,תפו'ע ענה,,,תפו'ע ענה,קילוגרמים,1.00,"ק""ג",true,,11.90,11.9000,true,1,132425
7290000999988,false,תפוז,,,תפוז,קילוגרמים,1.00,"ק""ג",true,,6.90,6.9000,true,1,132327
7290000999990,false,פומלית,,,פומלית,קילוגרמים,1.00,"ק""ג",true,,6.90,6.9000,true,1,132429
7290001121979,false,סלמי הרץ יחיעם 150 ג,,,סלמי הרץ יחיעם 150 ג,,150.00,100 גרם,false,,29.90,0.1993,true,1,86295
7290001133484,false,פילה סלמון נורבגי קפ,,,פילה סלמון נורבגי קפ,קילוגרמים,1.00,"ק""ג",true,,85.90,85.9000,true,1,139744
7290001136294,false,נקה 7 שמפו לשיער יבש,,,נקה 7 שמפו לשיער יבש,,750.00,100 גרם,false,,13.90,0.0185,true,1,89301
7290001216231,false,טחינה שומשום מלא אל,,,טחינה שומשום מלא אל,,500.00,,false,,18.90,0.0378,true,1,101816
7290001230331,false,כאמל בוקס,,,כאמל בוקס,יחידה,0.00,יחידה,false,,32.00,0.0000,false,1,97397
7290001231932,false,וינסטון כחול בוקס,,,וינסטון כחול בוקס,יחידה,0.00,יחידה,false,,34.00,0.0000,false,1,97400
7290001247068,false,ספרינג תות בננה קרטו,קריות זול,,ספרינג תות בננה קרטו,,1000.00,100 גרם,false,,7.90,0.0079,true,1,89880
7290001247099,false,ספרינג מנגו קרטונית,קריות זול,,ספרינג מנגו קרטונית,,1000.00,100 גרם,false,,7.90,0.0079,true,1,89882
7290001247105,false,ספרינג נקטר אפרסק 1,קריות זול,,ספרינג נקטר אפרסק 1,,1000.00,,false,,7.90,0.0079,true,1,89883
7290001247112,false,ספרינג לימונענע קרטו,קריות זול,,ספרינג לימונענע קרטו,,1000.00,,false,,7.90,0.0079,true,1,89884
7290001247129,false,ספרינג תפוז קרטונית,קריות זול,,ספרינג תפוז קרטונית,,1000.00,,false,,7.90,0.0079,true,1,89885
7290001247143,false,ספרינג תפוח קרטונית,קריות זול,,ספרינג תפוח קרטונית,,1000.00,100 גרם,false,,7.90,0.0079,true,1,89886
7290001274941,false,גלידל פרי מאגדת בטעם,,,גלידל פרי מאגדת בטעם,,8.00,,false,,24.90,3.1125,true,1,162114
7290001407547,false,טחינה משומשום מלא פי,,,טחינה משומשום מלא פי,,500.00,,false,,17.90,0.0358,true,1,88059
7290001468326,false,מיץ לימון טבעי 500מל,,,מיץ לימון טבעי 500מל,יחידה,500.00,יחידה,false,,10.90,0.0218,true,1,157079
7290001485019,false,גבינת שמנת טבעי 5% 2,קריות זול,,גבינת שמנת טבעי 5% 2,,200.00,100 גרם,false,,12.90,0.0645,true,1,90985
7290001491010,false,תה ירוק יסמין 25יח,קריות זול,,תה ירוק יסמין 25יח,,37.50,,false,,27.90,0.7440,true,1,93362
7290001594025,false,קוקה קולה קלאסי 350מ,,,קוקה קולה קלאסי 350מ,,350.00,100 גרם,false,,7.50,0.0214,true,1,146757
7290001594568,false,בירה קרלסברג פחית 50,קריות זול,,בירה קרלסברג פחית 50,,500.00,100 גרם,false,,10.90,0.0218,true,1,100047
7290001594575,false,בירה טובורג פחית 500,קריות זול,,בירה טובורג פחית 500,,500.00,100 גרם,false,,10.90,0.0218,true,1,100048
7290001594858,false,בירה טובורג בקבוק שי,קריות זול,,בירה טובורג בקבוק שי,,1980.00,,false,,45.90,0.0232,true,1,100054
7290001714034,false,שריר עגל,,,שריר עגל,קילוגרמים,1.00,"ק""ג",true,,79.90,79.9000,true,1,96160
7290001714072,false,צלעות עגל,,,צלעות עגל,קילוגרמים,1.00,"ק""ג",true,,79.90,79.9000,true,1,96006
7290001714089,false,צוואר עגל,,,צוואר עגל,קילוגרמים,1.00,"ק""ג",true,,79.90,79.9000,true,1,96007
7290001714096,false,חזה עגל,,,חזה עגל,קילוגרמים,1.00,"ק""ג",true,,79.90,79.9000,true,1,96008
7290001714133,false,גולש עגל,,,גולש עגל,קילוגרמים,1.00,"ק""ג",true,,79.00,79.0000,true,1,161970
7290001780800,false,קראנץ' שוקולד ליבת נ,,,קראנץ' שוקולד ליבת נ,יחידה,0.00,יחידה,false,,10.90,0.0000,true,1,90645
7290001817377,false,ציטוס איקס עיגול אפו,קריות זול,,ציטוס איקס עיגול אפו,,60.00,100 גרם,false,,4.10,0.0683,true,1,90775
7290001873052,false,צלי כתף עגל,,,צלי כתף עגל,קילוגרמים,1.00,"ק""ג",true,,89.90,89.9000,true,1,162023
7290001990117,false,שומשום סוגת 100גר,קריות זול,,שומשום סוגת 100גר,,100.00,100 גרם,false,,4.90,0.0490,true,1,94057
7290001990148,false,סוכר גולדן קלאסי בצנ,קריות זול,,סוכר גולדן קלאסי בצנ,,1000.00,,false,,14.90,0.0149,true,1,94058
7290002007357,false,שקיות לצליה דליקטס ק,,,שקיות לצליה דליקטס ק,,10.00,,false,,4.90,0.4900,true,1,93660
7290002007487,false,צמר פלדה 100גר,קריות זול,,צמר פלדה 100גר,,100.00,,false,,3.90,0.0390,true,1,93665
7290002008071,false,עטרות חום מס 2,,,עטרות חום מס 2,יחידה,0.00,יחידה,false,,7.90,0.0000,true,1,93678
7290002008118,false,צמרונים עץ 100יח.,קריות זול,,צמרונים עץ 100יח.,,100.00,,false,,2.30,0.0230,true,1,93680
7290002008439,false,נייר סנדביץ 100 דף.,קריות זול,,נייר סנדביץ 100 דף.,,100.00,,false,,8.50,0.0850,true,1,93690
7290002008576,false,מפיון מפיות בדיספנסר,קריות זול,,מפיון מפיות בדיספנסר,,100.00,,false,,4.90,0.0490,true,1,93693
7290002008620,false,צבע מאכל ירוק 55 מל,,,צבע מאכל ירוק 55 מל,,55.00,,false,,3.90,0.0709,true,1,93694
7290002014201,false,חומוס  מיקי 200 גרם,,,חומוס  מיקי 200 גרם,,200.00,,false,,9.90,0.0495,true,1,144046
7290002037163,false,לחם אחיד פרוס 750גר,,,לחם אחיד פרוס 750גר,,750.00,100 גרם,false,,7.10,0.0095,true,1,116448
7290002037194,false,לחם שחור מקמח מלא וו,,,לחם שחור מקמח מלא וו,,750.00,,false,,13.90,0.0185,true,1,145556
7290002037309,false,לחמניות המבורגר 8יח,,,לחמניות המבורגר 8יח,,400.00,,false,,15.90,0.0398,true,1,96459
7290002037637,false,חליות מתוקות 4יח,,,חליות מתוקות 4יח,,400.00,,false,,13.90,0.0348,true,1,96462
7290002037651,false,חלה מתוקה ברמן,,,חלה מתוקה ברמן,,500.00,100 גרם,false,,8.90,0.0178,true,1,163523
7290002079552,false,לחם אחיד שחור,,,לחם אחיד שחור,,750.00,100 גרם,false,,5.10,0.0068,true,1,144875
7290002079569,false,לחם לבן חשוף,,,לחם לבן חשוף,,750.00,100 גרם,false,,5.10,0.0068,true,1,144876
7290002079590,false,חלה רגילה 500גר,,,חלה רגילה 500גר,,500.00,100 גרם,false,,5.17,0.0103,true,1,144877
7290002079606,false,חלה רגילה 500גר,,,חלה רגילה 500גר,,500.00,100 גרם,false,,5.17,0.0103,true,1,144878
7290002079675,false,לחמניה רגילה,,,לחמניה רגילה,,75.00,100 גרם,false,,1.90,0.0253,true,1,144879
7290002079699,false,לחמניה רגילה,,,לחמניה רגילה,,75.00,100 גרם,false,,1.90,0.0253,true,1,144880
7290002107385,false,גליל גבינת עיזים צור,,,גליל גבינת עיזים צור,,180.00,100 גרם,false,,25.90,0.1439,true,1,90997
7290002107491,false,גבינת עזים למריחה טב,קריות זול,,גבינת עזים למריחה טב,,250.00,100 גרם,false,,17.90,0.0716,true,1,90999
7290002107798,false,בולגרית מעודנת 5% בג,,,בולגרית מעודנת 5% בג,,250.00,,false,,25.40,0.1016,true,1,91000
7290002128328,false,כוסות שתייה חמה 50 י,,,כוסות שתייה חמה 50 י,יחידה,0.00,יחידה,false,,7.90,0.0000,true,1,165993
7290002128748,false,פתיל צף - 50 יחידות,,,פתיל צף - 50 יחידות,,50.00,,false,,3.00,0.0600,true,1,148424
7290002128786,false,זוג כוסיות לנריות,קריות זול,,זוג כוסיות לנריות,יחידה,0.00,יחידה,false,,4.20,0.0000,true,1,148425
7290002128854,false,כוסות שתייה חמה 50 י,,,כוסות שתייה חמה 50 י,יחידה,0.00,יחידה,false,,19.90,0.0000,true,1,165994
7290002130567,false,דבש טהור מפרחי בר בז,קריות זול,,דבש טהור מפרחי בר בז,,350.00,100 גרם,false,,21.90,0.0626,true,1,99536
7290002150077,false,פלאפל חמים וטעים 400,,,פלאפל חמים וטעים 400,,400.00,100 גרם,false,,16.90,0.0422,true,1,102699
7290002190516,false,ריבת חלב ממרח 500גר,קריות זול,,ריבת חלב ממרח 500גר,,500.00,,false,,14.90,0.0298,true,1,87352
7290002195054,false,המבורגר בלדי 400גר,,,המבורגר בלדי 400גר,,400.00,,false,,15.90,0.0398,true,1,96237
7290002211013,false,קמח חיטה לבן בהיר 1ק,,,קמח חיטה לבן בהיר 1ק,,1000.00,,false,,5.50,0.0055,true,1,117966
7290002211044,false,"סולת 1ק""ג",,,"סולת 1ק""ג",,1000.00,,false,,6.90,0.0069,true,1,96037
7290002211112,false,קמח רוט כחול לבן 1קג,,,קמח רוט כחול לבן 1קג,,1000.00,,false,,6.90,0.0069,true,1,130670
7290002211525,false,קמח חיטה 80% מנופה ט,,,קמח חיטה 80% מנופה ט,,1000.00,100 גרם,false,,7.90,0.0079,true,1,167029
7290002253006,false,שום כתוש דורות 200גר,קריות זול,,שום כתוש דורות 200גר,,200.00,100 גרם,false,,19.90,0.0995,true,1,88062
7290002253105,false,קוביות שום דורות 80ג,קריות זול,,קוביות שום דורות 80ג,,80.00,,false,,13.90,0.1738,true,1,88063
7290002253150,false,קוביות בזיליקום קצוץ,קריות זול,,קוביות בזיליקום קצוץ,,70.00,,false,,13.90,0.1986,true,1,88064
7290002259664,false,רדיד אלומניום 30*61,קריות זול,,רדיד אלומניום 30*61,,60.00,,false,,54.90,0.9150,true,1,145513
7290002319023,false,סוכר וניל מיה 10*10ג,,,סוכר וניל מיה 10*10ג,,100.00,100 גרם,false,,2.50,0.0250,true,1,119483
7290002319788,false,תמצית אפיה בטעם רום,,,תמצית אפיה בטעם רום,,50.00,,false,,3.70,0.0740,true,1,119503
7290002331025,false,נביעות ספורט 500מל,,,נביעות ספורט 500מל,,500.00,,false,,3.50,0.0070,true,1,100062
7290002331360,false,נביעות טו גו שישייה,קריות זול,,נביעות טו גו שישייה,,3000.00,100 גרם,false,,16.90,0.0056,true,1,100071
7290002331711,false,נביעות+ בטעם ענבים 5,,,נביעות+ בטעם ענבים 5,,500.00,,false,,7.50,0.0150,true,1,100080
7290002345886,false,צלי כתף עגל,,,צלי כתף עגל,קילוגרמים,1.00,"ק""ג",true,,89.90,89.9000,true,1,162024
7290002360124,false,חליטת תה פומפדור ורד,קריות זול,,חליטת תה פומפדור ורד,,30.00,,false,,15.90,0.5300,true,1,143832
7290002360278,false,חליטת תה פומפדור מנט,קריות זול,,חליטת תה פומפדור מנט,,45.00,100 גרם,false,,15.90,0.3533,true,1,91513
7290002360285,false,חליטת תה פומפדור קמו,קריות זול,,חליטת תה פומפדור קמו,,30.00,100 גרם,false,,15.90,0.5300,true,1,91514
7290002371533,false,סלסולי פסטרמה בדבש ט,,,סלסולי פסטרמה בדבש ט,,120.00,100 גרם,false,,15.90,0.1325,true,1,126473
7290002374640,false,שמן קנולה פלוס אומגה,,,שמן קנולה פלוס אומגה,,1000.00,,false,,18.90,0.0189,true,1,96079
7290002404897,false,מיץ ענבים קטן 187 מל,,,מיץ ענבים קטן 187 מל,יחידה,0.00,יחידה,false,,8.00,0.0000,true,1,149606
7290002409076,false,גחנון בצק ציפור השרו,,,גחנון בצק ציפור השרו,,800.00,100 גרם,false,,16.90,0.0211,true,1,96872
7290002447498,false,ויסבראטן עגל,,,ויסבראטן עגל,קילוגרמים,1.00,"ק""ג",true,,99.90,99.9000,true,1,96018
7290002447573,false,שייטל עגל,,,שייטל עגל,קילוגרמים,1.00,"ק""ג",true,,99.90,99.9000,true,1,96022
7290002447610,false,פיקניה (שפיץ צ'אך) ע,,,פיקניה (שפיץ צ'אך) ע,קילוגרמים,1.00,"ק""ג",true,,99.90,99.9000,true,1,162088
7290002517276,false,פלפל אנגלי שלם 25גר,,,פלפל אנגלי שלם 25גר,,25.00,,false,,8.50,0.3400,true,1,95895
7290002517689,false,תבלינ קרי אבקה 40גר,,,תבלינ קרי אבקה 40גר,,40.00,100 גרם,false,,7.90,0.1975,true,1,95913
7290002517733,false,קצח 40גר,,,קצח 40גר,,40.00,100 גרם,false,,7.90,0.1975,true,1,95915
7290002517801,false,צילי כתוש 30גר,,,צילי כתוש 30גר,,30.00,,false,,7.90,0.2633,true,1,95920
7290002543046,false,דגני קלוגס פרוסטיס 7,קריות זול,,דגני קלוגס פרוסטיס 7,,750.00,100 גרם,false,,25.90,0.0345,true,1,88934
7290002543237,false,קורנפלקס קלוגס 750 ג,קריות זול,,קורנפלקס קלוגס 750 ג,,750.00,100 גרם,false,,18.90,0.0252,true,1,88939
7290002560227,false,אשפתון גופיה 75/90 2,קריות זול,,אשפתון גופיה 75/90 2,יחידה,0.00,יחידה,false,,10.90,0.0000,true,1,137850
7290002560524,false,נייר אפייה בגליל 25,,,נייר אפייה בגליל 25,יחידה,0.00,יחידה,false,,17.90,0.0000,true,1,167847
7290002627302,false,צלי כתף עגל,,,צלי כתף עגל,קילוגרמים,1.00,"ק""ג",true,,89.90,89.9000,true,1,162026
7290002627371,false,צלעות עגל,,,צלעות עגל,קילוגרמים,1.00,"ק""ג",true,,79.90,79.9000,true,1,158313
7290002627388,false,חזה עגל,,,חזה עגל,קילוגרמים,1.00,"ק""ג",true,,79.90,79.9000,true,1,158314
7290002627401,false,צלי כתף עגל,,,צלי כתף עגל,קילוגרמים,1.00,"ק""ג",true,,89.90,89.9000,true,1,158327
7290002627432,false,צוואר עגל,,,צוואר עגל,קילוגרמים,1.00,"ק""ג",true,,79.90,79.9000,true,1,158329
7290002627487,false,חזה עגל,,,חזה עגל,קילוגרמים,1.00,"ק""ג",true,,79.90,79.9000,true,1,158330
7290002692393,false,שמן קנולה מועשר עץ ה,קריות זול,,שמן קנולה מועשר עץ ה,,1000.00,,false,,17.90,0.0179,true,1,96080
7290002692478,false,שמן זית כתית מעולה ע,קריות זול,,שמן זית כתית מעולה ע,,750.00,100 גרם,false,,34.90,0.0465,true,1,96082
7290002692782,false,תרסיס שמן זית עץ הזי,,,תרסיס שמן זית עץ הזי,,200.00,,false,,18.90,0.0945,true,1,96085
7290002730521,false,צמרוני אוזניים בקופס,קריות זול,,צמרוני אוזניים בקופס,,200.00,,false,,6.90,0.0345,true,1,91521
7290002730675,false,קולגייט משחת שיניים,קריות זול,,קולגייט משחת שיניים,,100.00,100 גרם,false,,13.90,0.1390,true,1,91524
7290002752332,false,מנטוס גליל פירות בוד,קריות זול,,מנטוס גליל פירות בוד,,37.50,,false,,4.00,0.1067,true,1,93880
7290002752349,false,מנטוס גליל מנטה בודד,קריות זול,,מנטוס גליל מנטה בודד,,37.50,100 גרם,false,,4.00,0.1067,true,1,93881
7290002766056,false,עגבניות שרי וויטני א,,,עגבניות שרי וויטני א,,460.00,,false,,9.90,0.0215,true,1,151919
7290002769644,false,עוגות דבש 370 גרם עו,,,עוגות דבש 370 גרם עו,,370.00,100 גרם,false,,11.90,0.0322,true,1,151022
7290002805151,false,סיף פנטסטיק לרצפות ב,קריות זול,,סיף פנטסטיק לרצפות ב,,4.00,ליטר,false,,22.90,5.7250,true,1,90228
7290002812522,false,פרלמנט ארוך,,,פרלמנט ארוך,יחידה,0.00,יחידה,false,,42.00,0.0000,false,1,97506
7290002824183,false,גבינה לבנה סקי 5% 50,קריות זול,,גבינה לבנה סקי 5% 50,,500.00,100 גרם,false,,9.96,0.0199,true,1,95154
7290002824466,false,דנונה יוגורט ביו 0%,קריות זול,,דנונה יוגורט ביו 0%,,200.00,100 גרם,false,,3.80,0.0190,true,1,95155
7290002824640,false,גבינה לבנה סקי 5% שט,קריות זול,,גבינה לבנה סקי 5% שט,,250.00,100 גרם,false,,4.98,0.0199,true,1,95156
7290002825722,false,כרוב אדום אחלה 500גר,קריות זול,,כרוב אדום אחלה 500גר,,500.00,,false,,14.90,0.0298,true,1,95158
7290002868996,false,קוטג מועשר 5% 250גר,קריות זול,,קוטג מועשר 5% 250גר,,250.00,100 גרם,false,,6.40,0.0256,true,1,91005
7290002900207,false,המבורגר אמיתי 100% ב,,,המבורגר אמיתי 100% ב,,400.00,100 גרם,false,,25.90,0.0647,true,1,118028
7290003009596,false,סירופ דיאט אשכולית פ,קריות זול,,סירופ דיאט אשכולית פ,,750.00,100 גרם,false,,24.90,0.0332,true,1,100098
7290003009640,false,פריגת סחוט מיץ תפוזי,קריות זול,,פריגת סחוט מיץ תפוזי,,1000.00,100 גרם,false,,18.90,0.0189,true,1,91006
7290003029181,false,שוקו יטבתה בקבוק 1ל,קריות זול,,שוקו יטבתה בקבוק 1ל,,1000.00,,false,,12.30,0.0123,true,1,95164
7290003029372,false,משקה חלב בננה יטבתה,קריות זול,,משקה חלב בננה יטבתה,,1000.00,,false,,12.30,0.0123,true,1,95167
7290003029389,false,משקה חלב בננה יטבתה,קריות זול,,משקה חלב בננה יטבתה,,250.00,100 גרם,false,,5.90,0.0236,true,1,95168
7290003029433,false,שוקו יטבתה 250מל,קריות זול,,שוקו יטבתה 250מל,,250.00,,false,,5.90,0.0236,true,1,95170
7290003029792,false,שוקו שקיות יטבתה 8*2,קריות זול,,שוקו שקיות יטבתה 8*2,,1800.00,,false,,21.90,0.0122,true,1,95174
7290003029815,false,חלב מועשר בכד יטבתה,קריות זול,,חלב מועשר בכד יטבתה,,2000.00,100 גרם,false,,15.90,0.0080,true,1,95175
7290003029907,false,אייס קפה יטבתה 1ל,קריות זול,,אייס קפה יטבתה 1ל,,1000.00,100 גרם,false,,12.30,0.0123,true,1,95177
7290003047642,false,ליפטון תה יילו לייבל,קריות זול,,ליפטון תה יילו לייבל,,150.00,100 גרם,false,,15.90,0.1060,true,1,90230
7290003054657,false,חרדל דיזון אקסטרא פו,קריות זול,,חרדל דיזון אקסטרא פו,,370.00,,false,,13.90,0.0376,true,1,88951
7290003126958,false,טופו בואקום צוריאל 3,קריות זול,,טופו בואקום צוריאל 3,,300.00,,false,,12.90,0.0430,true,1,91014
7290003141159,false,מרשמלו יוגטה 180גר,,,מרשמלו יוגטה 180גר,,180.00,100 גרם,false,,8.90,0.0494,true,1,93886
7290003143276,false,מרשמלו רול יוגטה 180,,,מרשמלו רול יוגטה 180,,180.00,,false,,8.90,0.0494,true,1,93897
7290003217014,false,פיתות מיזרחיות 5*100,קריות זול,,פיתות מיזרחיות 5*100,,500.00,,false,,6.90,0.0138,true,1,94981
7290003222049,false,פיתה ביס קמח מלא 12,,,פיתה ביס קמח מלא 12,יחידה,0.00,יחידה,false,,10.90,0.0000,true,1,86526
7290003222094,false,פיתה ביס 11 יח',,,פיתה ביס 11 יח',יחידה,0.00,יחידה,false,,11.90,0.0000,true,1,86527
7290003222568,false,פיתה רגילה 5 יח,,,פיתה רגילה 5 יח,,500.00,,false,,5.90,0.0118,true,1,142747
7290003222780,false,פיתה קלה חיטה מלאה 5,,,פיתה קלה חיטה מלאה 5,,500.00,,false,,7.90,0.0158,true,1,86532
7290003222797,false,פיתה כוסמין מלא 100%,,,פיתה כוסמין מלא 100%,יחידה,0.00,יחידה,false,,12.90,0.0000,true,1,142216
7290003229109,false,פסטרמה הודו בפפריקה,,,פסטרמה הודו בפפריקה,,400.00,100 גרם,false,,28.90,0.0722,true,1,114059
7290003229116,false,פסטרמה בדבש טירת צבי,,,פסטרמה בדבש טירת צבי,,400.00,100 גרם,false,,28.90,0.0722,true,1,118067
7290003229123,false,פסטרמה על גחלים טירת,,,פסטרמה על גחלים טירת,,400.00,,false,,28.90,0.0722,true,1,118068
7290003229147,false,סלמי בסגנון איטלקי ט,,,סלמי בסגנון איטלקי ט,,300.00,,false,,28.90,0.0963,true,1,118069
7290003229154,false,סלמי קוניאק טירת צבי,,,סלמי קוניאק טירת צבי,,300.00,,false,,28.90,0.0963,true,1,118070
7290003268030,false,חלה רגילה 500גר,,,חלה רגילה 500גר,,500.00,100 גרם,false,,5.17,0.0103,true,1,144881
7290003268245,false,*מבצע* חלה מתוקה ארו,,,*מבצע* חלה מתוקה ארו,יחידה,0.00,יחידה,false,,12.90,0.0000,true,1,94986
7290003268252,false,*מבצע* לחם חיטה מלאה,,,*מבצע* לחם חיטה מלאה,,750.00,100 גרם,false,,15.90,0.0212,true,1,94987
7290003268429,false,לחם חיטה מלאה ירוק 7,,,לחם חיטה מלאה ירוק 7,,750.00,100 גרם,false,,16.90,0.0225,true,1,94988
7290003268627,false,חלה מתוקה ברמן,,,חלה מתוקה ברמן,,500.00,100 גרם,false,,8.90,0.0178,true,1,145544
7290003268641,false,חאלע חלה מתוקה מיוחד,,,חאלע חלה מתוקה מיוחד,יחידה,0.00,יחידה,false,,14.90,0.0000,true,1,138118
7290003268740,false,לחם אחיד שחור,,,לחם אחיד שחור,,750.00,100 גרם,false,,5.10,0.0068,true,1,144882
7290003268757,false,לחם לבן חשוף,,,לחם לבן חשוף,,750.00,100 גרם,false,,5.10,0.0068,true,1,144883
7290003268764,false,חלה רגילה 500גר,,,חלה רגילה 500גר,,500.00,,false,,5.17,0.0103,true,1,94992
7290003268795,false,לחמניה רגילה,,,לחמניה רגילה,,75.00,100 גרם,false,,1.90,0.0253,true,1,144884
7290003287253,false,נקניקיות מרגז בלדי 5,,,נקניקיות מרגז בלדי 5,,500.00,100 גרם,false,,29.90,0.0598,true,1,96262
7290003318100,false,וופל טעם שוקו מנעמים,קריות זול,,וופל טעם שוקו מנעמים,,200.00,,false,,4.90,0.0245,true,1,93366
7290003318131,false,וופל אגוז מנעמים 200,,,וופל אגוז מנעמים 200,,200.00,,false,,4.90,0.0245,true,1,93367
7290003318155,false,וופל טעם לימון מנעמי,קריות זול,,וופל טעם לימון מנעמי,,200.00,,false,,4.90,0.0245,true,1,93368
7290003318599,false,וופל וניל מנעמים 200,,,וופל וניל מנעמים 200,,200.00,,false,,4.90,0.0245,true,1,93369
7290003321155,false,דנונה בר פקאן 183גר,קריות זול,,דנונה בר פקאן 183גר,,183.00,100 גרם,false,,4.90,0.0268,true,1,95178
7290003332045,false,קפה נחלה סובחי 250גר,,,קפה נחלה סובחי 250גר,,250.00,100 גרם,false,,15.90,0.0636,true,1,98567
7290003411856,false,"גרנולה תפו""ע וקינמון",,,"גרנולה תפו""ע וקינמון",,400.00,,false,,13.90,0.0348,true,1,93726
7290003414406,false,נטיפי אפייה מקרם בוט,,,נטיפי אפייה מקרם בוט,,283.00,,false,,16.90,0.0597,true,1,93736
7290003457991,false,קורנטו קלאסיק בטעם ו,קריות זול,,קורנטו קלאסיק בטעם ו,,300.00,,false,,38.90,0.1297,true,1,144078
7290003578061,false,לבבות דקל שלם 400 גר,קריות זול,,לבבות דקל שלם 400 גר,,400.00,100 גרם,false,,13.90,0.0348,true,1,88618
7290003578078,false,קוקטיל טרופי ויליפוד,קריות זול,,קוקטיל טרופי ויליפוד,,850.00,,false,,10.90,0.0128,true,1,88619
7290003578108,false,אננס חתיכות ויליפוד,קריות זול,,אננס חתיכות ויליפוד,,850.00,,false,,10.90,0.0128,true,1,88621
7290003578177,false,תירס גמדי ויליפוד 41,קריות זול,,תירס גמדי ויליפוד 41,,410.00,,false,,8.90,0.0217,true,1,88624
7290003578313,false,דובדבנים חמוצים ללא,קריות זול,,דובדבנים חמוצים ללא,,680.00,100 גרם,false,,10.90,0.0160,true,1,88627
7290003598311,false,*מבצע* סטייק מינוט 3,,,*מבצע* סטייק מינוט 3,,300.00,100 גרם,false,,30.00,0.1000,true,1,136398
7290003643004,false,אורז בסמטי סוגת 1קג,קריות זול,,אורז בסמטי סוגת 1קג,,1000.00,100 גרם,false,,15.90,0.0159,true,1,94066
7290003643127,false,אבקת אפיה סוגת 10*10,,,אבקת אפיה סוגת 10*10,,100.00,100 גרם,false,,2.70,0.0270,true,1,94067
7290003643134,false,סוכר וניל סוגת 10*10,קריות זול,,סוכר וניל סוגת 10*10,,100.00,,false,,2.70,0.0270,true,1,94068
7290003643325,false,קוסקוס בינוני סוגת 3,קריות זול,,קוסקוס בינוני סוגת 3,,350.00,100 גרם,false,,6.90,0.0197,true,1,94074
7290003643387,false,סוכר לבן בצנצנת סוגת,קריות זול,,סוכר לבן בצנצנת סוגת,,1000.00,100 גרם,false,,8.90,0.0089,true,1,94075
7290003643646,false,סוכר דמררה בצנצנת סו,קריות זול,,סוכר דמררה בצנצנת סו,,1000.00,100 גרם,false,,14.90,0.0149,true,1,94076
7290003643684,false,אפונה סוגת 500גר,קריות זול,,אפונה סוגת 500גר,,500.00,100 גרם,false,,7.90,0.0158,true,1,94077
7290003643707,false,גריסים סוגת 500גר,קריות זול,,גריסים סוגת 500גר,,500.00,100 גרם,false,,7.30,0.0146,true,1,94078
7290003643714,false,חומוס סוגת 500גר,קריות זול,,חומוס סוגת 500גר,,500.00,100 גרם,false,,8.90,0.0178,true,1,94079
7290003643738,false,חיטה סוגת 500 גר,קריות זול,,חיטה סוגת 500 גר,,500.00,,false,,7.30,0.0146,true,1,94080
7290003643745,false,כוסמת סוגת 500גר,קריות זול,,כוסמת סוגת 500גר,,500.00,100 גרם,false,,8.90,0.0178,true,1,94081
7290003643752,false,עדשים ירוקים סוגת 50,קריות זול,,עדשים ירוקים סוגת 50,,500.00,,false,,9.90,0.0198,true,1,94082
7290003643769,false,עדשים אדומים סוגת 50,קריות זול,,עדשים אדומים סוגת 50,,500.00,100 גרם,false,,9.90,0.0198,true,1,94083
7290003643776,false,פופקורן סוגת 500 גר,קריות זול,,פופקורן סוגת 500 גר,,500.00,,false,,7.90,0.0158,true,1,94084
7290003643806,false,שעועית לבנה סוגת 500,קריות זול,,שעועית לבנה סוגת 500,,500.00,,false,,10.90,0.0218,true,1,94086
7290003643813,false,שעועית אדומה סוגת 50,קריות זול,,שעועית אדומה סוגת 50,,500.00,100 גרם,false,,10.90,0.0218,true,1,112531
7290003643820,false,חומוס ענק סוגת 500גר,,,חומוס ענק סוגת 500גר,,500.00,,false,,12.90,0.0258,true,1,94087
7290003726141,false,טופו בריא 300גר,,,טופו בריא 300גר,,300.00,100 גרם,false,,13.70,0.0457,true,1,85926
7290003726615,false,טופו ויילר 300גר,,,טופו ויילר 300גר,,300.00,,false,,13.70,0.0457,true,1,141823
7290003805501,false,פתית שבדי 300גר,קריות זול,,פתית שבדי 300גר,,300.00,100 גרם,false,,19.50,0.0650,true,1,90265
7290003882922,false,עלי גפן ממולא 400 גר,קריות זול,,עלי גפן ממולא 400 גר,,400.00,,false,,10.90,0.0273,true,1,88637
7290003989096,false,חציל פיקנטי אחלה 500,קריות זול,,חציל פיקנטי אחלה 500,,500.00,,false,,17.90,0.0358,true,1,95180
7290003989539,false,רביולי גבינה שטראוס,קריות זול,,רביולי גבינה שטראוס,,400.00,,false,,22.90,0.0572,true,1,95181
7290003989553,false,טורטליני פטריות שטרא,קריות זול,,טורטליני פטריות שטרא,,400.00,100 גרם,false,,22.90,0.0572,true,1,95182
7290004033705,false,לחמניות המבורגר ביג,קריות זול,,לחמניות המבורגר ביג,,600.00,100 גרם,false,,15.90,0.0265,true,1,163315
7290004033712,false,לחם עננים מקמח מלא 7,קריות זול,,לחם עננים מקמח מלא 7,,750.00,100 גרם,false,,16.90,0.0225,true,1,163313
7290004033736,false,לחם עננים סגנון בריו,,,לחם עננים סגנון בריו,,500.00,100 גרם,false,,16.90,0.0338,true,1,164670
7290004063016,false,מלח שולחן 1קג,קריות זול,,מלח שולחן 1קג,,1000.00,100 גרם,false,,2.07,0.0021,true,1,98909
7290004063115,false,מלח למליחות בשר וביש,קריות זול,,מלח למליחות בשר וביש,,1000.00,100 גרם,false,,2.07,0.0021,true,1,98910
7290004064099,false,מלח מהרי ההימלאי מטח,,,מלח מהרי ההימלאי מטח,,250.00,100 גרם,false,,19.50,0.0780,true,1,144343
7290004064105,false,מלח ים עשבי תיבול מט,,,מלח ים עשבי תיבול מט,,250.00,100 גרם,false,,19.50,0.0780,true,1,126776
7290004064297,false,מלח מועשר ביוד 1 קג,,,מלח מועשר ביוד 1 קג,,1.00,,false,,10.90,10.9000,true,1,159782
7290004064334,false,מלח שום מלחייה 175 ג,,,מלח שום מלחייה 175 ג,,175.00,100 גרם,false,,9.90,0.0566,true,1,164408
7290004068011,false,יוגורט כבשים 5% מחלב,,,יוגורט כבשים 5% מחלב,,600.00,100 גרם,false,,19.50,0.0325,true,1,85927
7290004068035,false,משקה איירן בסגנון בל,,,משקה איירן בסגנון בל,,500.00,100 גרם,false,,8.90,0.0178,true,1,85929
7290004068172,false,יוגורט עיזים דלי 5%,,,יוגורט עיזים דלי 5%,,600.00,,false,,19.50,0.0325,true,1,85930
7290004078690,false,אגקס נוזל לניקוי אסל,קריות זול,,אגקס נוזל לניקוי אסל,,750.00,,false,,16.90,0.0225,true,1,91553
7290004119010,false,גבינת שדה טבעי 500גר,,,גבינת שדה טבעי 500גר,,500.00,,false,,12.90,0.0258,true,1,144205
7290004119225,false,יופלה אננס 3% 150גר,קריות זול,,יופלה אננס 3% 150גר,,150.00,,false,,5.10,0.0340,true,1,92856
7290004119928,false,קרלו וניל 1.5% 125גר,קריות זול,,קרלו וניל 1.5% 125גר,,125.00,,false,,3.00,0.0240,true,1,92858
7290004119973,false,קרלו שוקולדה 1.5% 12,קריות זול,,קרלו שוקולדה 1.5% 12,,125.00,,false,,3.00,0.0240,true,1,92859
7290004120061,false,קרלו שוניל 1.5% 125מ,קריות זול,,קרלו שוניל 1.5% 125מ,,125.00,100 גרם,false,,3.10,0.0248,true,1,92860
7290004120108,false,יופלה דיאט דובדבן 0%,קריות זול,,יופלה דיאט דובדבן 0%,,150.00,,false,,5.10,0.0340,true,1,92861
7290004120566,false,בולגרית 24% פיראוס,קריות זול,,בולגרית 24% פיראוס,,250.00,,false,,23.90,0.0956,true,1,92865
7290004120832,false,חלב כד תנובה %3 2ל,קריות זול,,חלב כד תנובה %3 2ל,,2000.00,100 גרם,false,,12.46,0.0062,true,1,92868
7290004121488,false,יופלה דיאט אפרסק 0%,קריות זול,,יופלה דיאט אפרסק 0%,,150.00,100 גרם,false,,5.10,0.0340,true,1,92869
7290004121525,false,יופלה אפרסק תות 3% 8,קריות זול,,יופלה אפרסק תות 3% 8,,1200.00,,false,,31.90,0.0266,true,1,92870
7290004121754,false,יופלה קרם גבינה ותות,קריות זול,,יופלה קרם גבינה ותות,,150.00,100 גרם,false,,5.10,0.0340,true,1,92871
7290004121839,false,פטה כבשים 20% פיראוס,קריות זול,,פטה כבשים 20% פיראוס,,250.00,,false,,27.90,0.1116,true,1,92872
7290004121853,false,בולגרית בקוביות 5%פי,קריות זול,,בולגרית בקוביות 5%פי,,200.00,,false,,21.90,0.1095,true,1,92873
7290004122119,false,פתיתי פרמזן לפסטה 10,קריות זול,,פתיתי פרמזן לפסטה 10,,100.00,100 גרם,false,,13.30,0.1330,true,1,92876
7290004122195,false,גבינה גוש חלב פרוס 2,קריות זול,,גבינה גוש חלב פרוס 2,,200.00,,false,,15.00,0.0750,true,1,92877
7290004122270,false,עמק פרוס סגירה חוזרת,קריות זול,,עמק פרוס סגירה חוזרת,,200.00,100 גרם,false,,16.70,0.0835,true,1,92878
7290004122348,false,עמק לייט 9% 200גר,קריות זול,,עמק לייט 9% 200גר,,200.00,,false,,17.90,0.0895,true,1,92879
7290004122676,false,גבינת חמד לייט גביע,קריות זול,,גבינת חמד לייט גביע,,250.00,100 גרם,false,,18.90,0.0756,true,1,92881
7290004122683,false,עמק אצבעות גבינה 172,קריות זול,,עמק אצבעות גבינה 172,,172.00,,false,,16.90,0.0983,true,1,92882
7290004124205,false,יופלה דיאט תות 0% 15,קריות זול,,יופלה דיאט תות 0% 15,,150.00,100 גרם,false,,5.10,0.0340,true,1,92892
7290004124847,false,קצפת צמחית 24% 500מל,קריות זול,,קצפת צמחית 24% 500מל,,500.00,,false,,15.90,0.0318,true,1,92895
7290004125370,false,שמנת קלה 9% 200מל תנ,קריות זול,,שמנת קלה 9% 200מל תנ,,200.00,,false,,3.90,0.0195,true,1,92898
7290004125400,false,אשל 200 מל,קריות זול,,אשל 200 מל,,200.00,,false,,1.69,0.0084,true,1,92899
7290004125417,false,"גיל 200 מ""ל",קריות זול,,"גיל 200 מ""ל",,200.00,,false,,1.51,0.0076,true,1,92900
7290004125455,false,שמנת אורגינל מהדרין,קריות זול,,שמנת אורגינל מהדרין,,200.00,,false,,2.40,0.0120,true,1,92901
7290004125462,false,שמנת חמוצה 15% 500מל,קריות זול,,שמנת חמוצה 15% 500מל,,500.00,100 גרם,false,,6.00,0.0120,true,1,144210
7290004125509,false,שמנת חצי מנה 15% תנו,קריות זול,,שמנת חצי מנה 15% תנו,,100.00,,false,,2.10,0.0210,true,1,92903
7290004125578,false,משקה סויה מועשר בסיד,קריות זול,,משקה סויה מועשר בסיד,,1000.00,,false,,11.90,0.0119,true,1,92904
7290004125585,false,משקה סויה על הבוקר ת,קריות זול,,משקה סויה על הבוקר ת,,1000.00,100 גרם,false,,11.90,0.0119,true,1,92905
7290004125721,false,שמנת לבישול 15% 250מ,קריות זול,,שמנת לבישול 15% 250מ,,250.00,100 גרם,false,,8.90,0.0356,true,1,92906
7290004125738,false,שמנת להקצפה 32% 250מ,קריות זול,,שמנת להקצפה 32% 250מ,,250.00,,false,,6.90,0.0276,true,1,92907
7290004125776,false,עמק פרוסות 28% 400גר,קריות זול,,עמק פרוסות 28% 400גר,,400.00,,false,,29.90,0.0747,true,1,92909
7290004126674,false,עמק טל לייט 9% 200גר,קריות זול,,עמק טל לייט 9% 200גר,,200.00,,false,,19.80,0.0990,true,1,92911
7290004126759,false,יופלה דיאט פירות יער,קריות זול,,יופלה דיאט פירות יער,,150.00,100 גרם,false,,5.10,0.0340,true,1,92912
7290004127329,false,קוטג 5% 250גר תנובה,קריות זול,,קוטג 5% 250גר תנובה,,250.00,,false,,5.90,0.0236,true,1,92915
7290004127336,false,קוטג 9% 250גר תנובה,קריות זול,,קוטג 9% 250גר תנובה,,250.00,,false,,5.90,0.0236,true,1,92916
7290004127800,false,גבינה לבנה 5% 500גר,קריות זול,,גבינה לבנה 5% 500גר,,500.00,100 גרם,false,,9.96,0.0199,true,1,92918
7290004127817,false,גבינה לבנה %9 500גר,קריות זול,,גבינה לבנה %9 500גר,,500.00,,false,,9.80,0.0196,true,1,92919
7290004127862,false,גבינה לבנה 5% 750גרם,קריות זול,,גבינה לבנה 5% 750גרם,,750.00,100 גרם,false,,14.94,0.0199,true,1,92920
7290004127916,false,גבינת לבנה תנובה 1/2,קריות זול,,גבינת לבנה תנובה 1/2,,500.00,,false,,9.80,0.0196,true,1,92921
7290004128333,false,לאבנה גביע %9 500גר,קריות זול,,לאבנה גביע %9 500גר,,500.00,,false,,19.90,0.0398,true,1,92923
7290004128364,false,גבינת שמנת בטעם זיתי,קריות זול,,גבינת שמנת בטעם זיתי,,200.00,,false,,11.90,0.0595,true,1,92925
7290004129101,false,גבינת נפוליאון בטעם,קריות זול,,גבינת נפוליאון בטעם,,225.00,100 גרם,false,,14.50,0.0644,true,1,92927
7290004129118,false,גבינת נפוליאון בטעם,קריות זול,,גבינת נפוליאון בטעם,,225.00,100 גרם,false,,14.50,0.0644,true,1,92928
7290004129156,false,גבינת נפוליאון שום ש,קריות זול,,גבינת נפוליאון שום ש,,225.00,100 גרם,false,,14.50,0.0644,true,1,92929
7290004129767,false,יופלה לבן מאגדת שמינ,קריות זול,,יופלה לבן מאגדת שמינ,,1200.00,,false,,18.20,0.0152,true,1,92933
7290004130794,false,משקה סויה מועשר 1 לי,קריות זול,,משקה סויה מועשר 1 לי,,1000.00,100 גרם,false,,11.90,0.0119,true,1,92935
7290004131074,false,חלב בקרטון מהדרין תנ,קריות זול,,חלב בקרטון מהדרין תנ,,1000.00,100 גרם,false,,6.23,0.0062,true,1,92938
7290004131456,false,יופלה לבן 1.5% 200מל,קריות זול,,יופלה לבן 1.5% 200מל,,200.00,100 גרם,false,,4.00,0.0200,true,1,92943
7290004131814,false,צפתית מעודנת 5% 200ג,קריות זול,,צפתית מעודנת 5% 200ג,,200.00,,false,,15.50,0.0775,true,1,92946
7290004132552,false,משקה סויה דיאט וניל,קריות זול,,משקה סויה דיאט וניל,,1000.00,100 גרם,false,,11.90,0.0119,true,1,92952
7290004132606,false,קרלו מיני וניל 8 *10,קריות זול,,קרלו מיני וניל 8 *10,,800.00,,false,,14.50,0.0181,true,1,92953
7290004132712,false,עמק אצבעות מוצרלה 20,קריות זול,,עמק אצבעות מוצרלה 20,,172.00,100 גרם,false,,16.90,0.0983,true,1,92955
7290004133511,false,יופלה לבן מאגדת שמינ,קריות זול,,יופלה לבן מאגדת שמינ,,1200.00,,false,,21.50,0.0179,true,1,92961
7290004135614,false,בולגרית מעודנת בקר פ,קריות זול,,בולגרית מעודנת בקר פ,,250.00,,false,,23.90,0.0956,true,1,92973
7290004136598,false,הפסקת אוכל חלב ודגני,קריות זול,,הפסקת אוכל חלב ודגני,,150.00,100 גרם,false,,9.70,0.0647,true,1,92981
7290004136857,false,ג'לי תנובה פטל 125גר,קריות זול,,ג'לי תנובה פטל 125גר,,125.00,,false,,2.70,0.0216,true,1,92982
7290004136864,false,ג'לי תנובה אננס עם ח,קריות זול,,ג'לי תנובה אננס עם ח,,125.00,,false,,2.90,0.0232,true,1,92983
7290004136871,false,ג'לי תנובה אפרסק עם,קריות זול,,ג'לי תנובה אפרסק עם,,125.00,100 גרם,false,,2.90,0.0232,true,1,92984
7290004137021,false,שמנת לבישול 10% 250מ,,,שמנת לבישול 10% 250מ,,250.00,,false,,8.90,0.0356,true,1,92986
7290004137311,false,עמק לייט משפחתית 9%,,,עמק לייט משפחתית 9%,,400.00,,false,,31.90,0.0797,true,1,92987
7290004165000,false,"רסק תפו""ע עם סוכר 56",,,"רסק תפו""ע עם סוכר 56",,560.00,100 גרם,false,,9.90,0.0177,true,1,142953
7290004219826,false,מלבין קפה קומפלטה 40,קריות זול,,מלבין קפה קומפלטה 40,,400.00,100 גרם,false,,19.90,0.0497,true,1,88642
7290004255336,false,שמן  זית למאור מנורה,,,שמן  זית למאור מנורה,יחידה,0.00,יחידה,false,,19.90,0.0000,true,1,164297
7290004255428,false,נר נשמה מנורה פחית 2,,,נר נשמה מנורה פחית 2,יחידה,0.00,יחידה,false,,2.50,0.0000,true,1,158258
7290004492274,false,בייגלה גל גל 400גר,קריות זול,,בייגלה גל גל 400גר,,400.00,100 גרם,false,,11.90,0.0298,true,1,90308
7290004532024,false,חמניה קלוף טבעי 200ג,,,חמניה קלוף טבעי 200ג,,200.00,100 גרם,false,,5.90,0.0295,true,1,147211
7290004532031,false,שקד קלוי 200גר,,,שקד קלוי 200גר,,200.00,,false,,19.90,0.0995,true,1,147212
7290004532048,false,גרעין לבן 200גר,,,גרעין לבן 200גר,,200.00,,false,,8.90,0.0445,true,1,147213
7290004532062,false,גרעיני אבטיח 200גר,,,גרעיני אבטיח 200גר,,200.00,100 גרם,false,,13.90,0.0695,true,1,147214
7290004532086,false,קשיו 200גר,,,קשיו 200גר,,200.00,,false,,18.90,0.0945,true,1,147215
7290004532123,false,פיסטוק חלבי 200גר,,,פיסטוק חלבי 200גר,,200.00,100 גרם,false,,21.90,0.1095,true,1,147217
7290004532130,false,בוטן אמריקאי 200גר,,,בוטן אמריקאי 200גר,,200.00,,false,,4.90,0.0245,true,1,147218
7290004532147,false,קבוקים 200גר,,,קבוקים 200גר,,200.00,,false,,4.90,0.0245,true,1,147219
7290004532369,false,חטיף מנצס 180גר,,,חטיף מנצס 180גר,,180.00,,false,,9.90,0.0550,true,1,147225
7290004532383,false,פקאן טבעי במגש 200גר,,,פקאן טבעי במגש 200גר,,200.00,100 גרם,false,,26.90,0.1345,true,1,147226
7290004532390,false,אגוזי מלך בשקית 200ג,,,אגוזי מלך בשקית 200ג,,200.00,,false,,17.90,0.0895,true,1,147227
7290004532574,false,גרעין שחור 200גר,,,גרעין שחור 200גר,,200.00,,false,,5.90,0.0295,true,1,147231
7290004584306,false,גמדים תות בננה 4*100,קריות זול,,גמדים תות בננה 4*100,,400.00,,false,,11.70,0.0292,true,1,95183
7290004584351,false,גבינת סימפוניה טעם ט,קריות זול,,גבינת סימפוניה טעם ט,,200.00,,false,,11.90,0.0595,true,1,95184
7290004584528,false,דנונה ביו 1.5% 200גר,קריות זול,,דנונה ביו 1.5% 200גר,,200.00,100 גרם,false,,3.80,0.0190,true,1,95185
7290004585907,false,דני וניל 125 גר,קריות זול,,דני וניל 125 גר,,125.00,100 גרם,false,,2.90,0.0232,true,1,95186
7290004658946,false,יין שרדונה לבן יבש פ,קריות זול,,יין שרדונה לבן יבש פ,,750.00,,false,,39.90,0.0532,true,1,85740
7290004685010,false,לחם הארץ שיפון פלוס,,,לחם הארץ שיפון פלוס,,500.00,100 גרם,false,,17.90,0.0358,true,1,96475
7290004685126,false,לחם הארץ פומפרניקל 7,,,לחם הארץ פומפרניקל 7,,750.00,,false,,17.90,0.0239,true,1,96479
7290004685157,false,לחם הארץ שיפון 100%,,,לחם הארץ שיפון 100%,,750.00,100 גרם,false,,17.90,0.0239,true,1,96482
7290004685225,false,לחם הארץ פומפרניקל 7,,,לחם הארץ פומפרניקל 7,,750.00,100 גרם,false,,17.90,0.0239,true,1,96485
7290004685430,false,לחם הארץ כוסמין 100%,,,לחם הארץ כוסמין 100%,,500.00,100 גרם,false,,17.90,0.0358,true,1,134620
7290004685447,false,לחמניות כוסמין 6יח ש,,,לחמניות כוסמין 6יח ש,,450.00,100 גרם,false,,13.90,0.0309,true,1,152244
7290004731564,false,סנו מקסימה למייבש בל,,,סנו מקסימה למייבש בל,,750.00,,false,,21.90,0.0292,true,1,143441
7290004737719,false,אספרגוס שלם בצנצנת 3,קריות זול,,אספרגוס שלם בצנצנת 3,,330.00,100 גרם,false,,11.90,0.0361,true,1,105953
7290004737900,false,חלב מרוכז ממותק 397,קריות זול,,חלב מרוכז ממותק 397,,397.00,100 גרם,false,,11.90,0.0300,true,1,88644
7290004872069,false,קרחון לימון,,,קרחון לימון,יחידה,0.00,יחידה,false,,3.90,0.0000,true,1,90648
7290004872359,false,קרחון דובדבן,,,קרחון דובדבן,יחידה,0.00,יחידה,false,,3.90,0.0000,true,1,90652
7290005174513,false,חציל במיונז אחלה 500,קריות זול,,חציל במיונז אחלה 500,,500.00,,false,,16.90,0.0338,true,1,95187
7290005174551,false,סלט חומוס אחלה 125גר,קריות זול,,סלט חומוס אחלה 125גר,,125.00,100 גרם,false,,5.80,0.0464,true,1,95188
7290005174568,false,סלט חצילים אחלה 125ג,קריות זול,,סלט חצילים אחלה 125ג,,125.00,100 גרם,false,,5.80,0.0464,true,1,95189
7290005174575,false,סלט טחינה אחלה 125גר,קריות זול,,סלט טחינה אחלה 125גר,,125.00,,false,,5.80,0.0464,true,1,95190
7290005175428,false,קמח תירס ויליפוד 500,קריות זול,,קמח תירס ויליפוד 500,,500.00,,false,,6.60,0.0132,true,1,88645
7290005175589,false,קמח תירס ויליפוד 1 ק,קריות זול,,קמח תירס ויליפוד 1 ק,,1000.00,100 גרם,false,,10.90,0.0109,true,1,88646
7290005197758,false,עוגיות חיוכים שוקו 1,קריות זול,,עוגיות חיוכים שוקו 1,,150.00,,false,,5.30,0.0353,true,1,99550
7290005199738,false,מסטיק מאסט פפרמינט ר,קריות זול,,מסטיק מאסט פפרמינט ר,,28.00,100 גרם,false,,5.00,0.1786,true,1,99557
7290005200786,false,תפוציפס שמנת ובצל 50,קריות זול,,תפוציפס שמנת ובצל 50,,50.00,,false,,4.50,0.0900,true,1,90781
7290005201455,false,*מבצע* קפה נמס ארומה,קריות זול,,*מבצע* קפה נמס ארומה,,200.00,100 גרם,false,,15.90,0.0795,true,1,151384
7290005270000,false,עלי סיגר 500גר,,,עלי סיגר 500גר,,500.00,100 גרם,false,,16.90,0.0338,true,1,102733
7290005287206,false,טונה סטארקיסט בשמן 4,קריות זול,,טונה סטארקיסט בשמן 4,,640.00,100 גרם,false,,26.90,0.0420,true,1,88983
7290005287251,false,טונה סטארקיסט במים 4,קריות זול,,טונה סטארקיסט במים 4,,640.00,,false,,26.90,0.0420,true,1,88986
7290005287510,false,טונה סטארקיסט בשמן פ,קריות זול,,טונה סטארקיסט בשמן פ,,160.00,100 גרם,false,,8.50,0.0531,true,1,88989
7290005287527,false,טונה סטארקיסט בשמן ל,קריות זול,,טונה סטארקיסט בשמן ל,,160.00,100 גרם,false,,8.50,0.0531,true,1,88990
7290005287534,false,טונה סטארקיסט בשמן ע,קריות זול,,טונה סטארקיסט בשמן ע,,160.00,100 גרם,false,,8.50,0.0531,true,1,88991
7290005287657,false,ממרח טונה סטארקיסט 1,,,ממרח טונה סטארקיסט 1,,160.00,,false,,8.50,0.0531,true,1,88999
7290005423734,false,סנו מקסימה מרכך כביס,קריות זול,,סנו מקסימה מרכך כביס,,4.00,ליטר,false,,23.90,5.9750,true,1,89356
7290005426186,false,סנו סושי סקוטש ענק 3,קריות זול,,סנו סושי סקוטש ענק 3,יחידה,0.00,יחידה,false,,16.90,0.0000,true,1,143452
7290005430671,false,פוליויקס קרמיקה 2ליט,קריות זול,,פוליויקס קרמיקה 2ליט,,2.00,ליטר,false,,24.90,12.4500,true,1,89423
7290005430862,false,מים מזוקקים 4 ליטר,,,מים מזוקקים 4 ליטר,,4.00,ליטר,false,,19.90,4.9750,true,1,89424
7290005431913,false,עוגת גבינה פירורים 9,,,עוגת גבינה פירורים 9,,92.00,100 גרם,false,,6.90,0.0750,true,1,157660
7290005431920,false,עוגת גבינה פירורים ל,,,עוגת גבינה פירורים ל,,165.00,,false,,6.90,0.0418,true,1,157661
7290005431937,false,טירמיסו 82 גרם,,,טירמיסו 82 גרם,,82.00,,false,,6.90,0.0841,true,1,157656
7290005431968,false,מלבי שמנת 150 גרם,,,מלבי שמנת 150 גרם,,150.00,,false,,7.60,0.0507,true,1,159387
7290005509445,false,מיני קוקיס בטעם חמאה,קריות זול,,מיני קוקיס בטעם חמאה,,600.00,,false,,17.90,0.0298,true,1,101635
7290005559587,false,מאפה נקניקיות מעדנות,קריות זול,,מאפה נקניקיות מעדנות,,800.00,100 גרם,false,,29.90,0.0374,true,1,92530
7290005559907,false,*מבצע* פיצה משפחתית,קריות זול,,*מבצע* פיצה משפחתית,,500.00,100 גרם,false,,15.90,0.0318,true,1,92534
7290005559914,false,*מבצע* פיצה משפחתית,קריות זול,,*מבצע* פיצה משפחתית,,550.00,100 גרם,false,,15.90,0.0289,true,1,92535
7290005559990,false,בצק פילאס תורכי מעדנ,קריות זול,,בצק פילאס תורכי מעדנ,,600.00,,false,,24.90,0.0415,true,1,92539
7290005591761,false,דבש טהור מפרחי בר בל,קריות זול,,דבש טהור מפרחי בר בל,,400.00,100 גרם,false,,29.90,0.0747,true,1,99565
7290005610509,false,צנוניות יח,,,צנוניות יח,יחידה,0.00,יחידה,false,,5.90,0.0000,true,1,126933
7290005658464,false,עוגיות מובחרות עד 35,,,עוגיות מובחרות עד 35,,350.00,,false,,12.90,0.0369,true,1,146017
7290005838002,false,דניאלה מעדן גבינה 15,קריות זול,,דניאלה מעדן גבינה 15,,150.00,100 גרם,false,,4.30,0.0287,true,1,95192
7290005839078,false,דנונה ביו מארז שמיני,,,דנונה ביו מארז שמיני,,1200.00,,false,,17.70,0.0147,true,1,95195
7290005839108,false,גבינת סימפוניה עם זי,קריות זול,,גבינת סימפוניה עם זי,,200.00,,false,,11.90,0.0595,true,1,95196
7290005839313,false,מילקי טופ מגולגלת 14,קריות זול,,מילקי טופ מגולגלת 14,,142.00,,false,,4.90,0.0345,true,1,95197
7290005877339,false,שוקיים עוף טרי ארוז,,,שוקיים עוף טרי ארוז,קילוגרמים,1.00,"ק""ג",true,,37.90,37.9000,true,1,164263
7290005877346,false,שניצל עוף טרי ארוז,,,שניצל עוף טרי ארוז,קילוגרמים,1.00,"ק""ג",true,,45.90,45.9000,true,1,164275
7290005992018,false,יוגורט עיזים 3% 500מ,קריות זול,,יוגורט עיזים 3% 500מ,,500.00,,false,,15.70,0.0314,true,1,85939
7290005992575,false,בולגרית למריחה 5% 25,קריות זול,,בולגרית למריחה 5% 25,,250.00,100 גרם,false,,19.90,0.0796,true,1,85941
7290005996078,false,סרוולד הונגרי יחיעם,,,סרוולד הונגרי יחיעם,,125.00,100 גרם,false,,29.90,0.2392,true,1,158942
7290006199218,false,גלידל חלבי מאגדת בטע,,,גלידל חלבי מאגדת בטע,,8.00,,false,,29.90,3.7375,true,1,162120
7290006199942,false,גלידל פרי מאגדת בטעם,,,גלידל פרי מאגדת בטעם,,8.00,,false,,24.90,3.1125,true,1,162115
7290006229427,false,סאן בנדטו שישייה 6*5,קריות זול,,סאן בנדטו שישייה 6*5,,3000.00,100 גרם,false,,15.90,0.0053,true,1,86651
7290006241504,false,פריגת תפוזים קפוא 34,קריות זול,,פריגת תפוזים קפוא 34,,345.00,100 גרם,false,,15.90,0.0461,true,1,91016
7290006241689,false,פריגת לימון קפוא 340,,,פריגת לימון קפוא 340,,340.00,,false,,15.90,0.0468,true,1,91019
7290006251275,false,תה ירוק סיני 25יח,קריות זול,,תה ירוק סיני 25יח,,37.50,100 גרם,false,,27.90,0.7440,true,1,93381
7290006265500,false,פטריות שמפיניון ארוז,קריות זול,,פטריות שמפיניון ארוז,,250.00,100 גרם,false,,9.90,0.0396,true,1,86419
7290006271174,false,גחנון לאפיה בתנור מע,קריות זול,,גחנון לאפיה בתנור מע,,700.00,,false,,19.90,0.0284,true,1,92540
7290006272072,false,חטיפי פיצה מעדנות 65,קריות זול,,חטיפי פיצה מעדנות 65,,650.00,100 גרם,false,,34.90,0.0537,true,1,92546
7290006306296,false,רביולי במילוי גבינה,,,רביולי במילוי גבינה,,400.00,,false,,26.90,0.0672,true,1,93001
7290006374738,false,קונפיטורת תות יד מרד,קריות זול,,קונפיטורת תות יד מרד,,340.00,100 גרם,false,,14.90,0.0438,true,1,99569
7290006376022,false,קורנפלור 200גר פרימי,,,קורנפלור 200גר פרימי,,200.00,,false,,4.90,0.0245,true,1,159400
7290006376626,false,אבקת סוכר פרימיום 10,,,אבקת סוכר פרימיום 10,,100.00,,false,,2.70,0.0270,true,1,141058
7290006376688,false,סוכר וניל 10*10גרם פ,,,סוכר וניל 10*10גרם פ,,100.00,,false,,2.70,0.0270,true,1,141055
7290006376695,false,אבקת אפיה 10*10גר פר,,,אבקת אפיה 10*10גר פר,,100.00,,false,,2.70,0.0270,true,1,141056
7290006376718,false,ג'לטין שקיות 24 גר,,,ג'לטין שקיות 24 גר,,24.00,100 גרם,false,,10.90,0.4542,true,1,96042
7290006376725,false,קוקוס 200 גרם חילדה,,,קוקוס 200 גרם חילדה,,200.00,100 גרם,false,,7.90,0.0395,true,1,164599
7290006376732,false,שומשום 200 גרם חילדה,,,שומשום 200 גרם חילדה,,200.00,,false,,7.90,0.0395,true,1,164600
7290006492432,false,בייבי מוצרלה מחלבות,קריות זול,,בייבי מוצרלה מחלבות,,100.00,100 גרם,false,,16.70,0.1670,true,1,85944
7290006492616,false,בולגרית פרוסות 5% 25,קריות זול,,בולגרית פרוסות 5% 25,,250.00,,false,,28.90,0.1156,true,1,85945
7290006492647,false,מחלבות גד מטבעות גבי,קריות זול,,מחלבות גד מטבעות גבי,,150.00,,false,,25.90,0.1727,true,1,85947
7290006492685,false,לאבנה עזים 5% 250גר,קריות זול,,לאבנה עזים 5% 250גר,,250.00,,false,,18.90,0.0756,true,1,85948
7290006492852,false,גבינת עיזים 5 % למרי,קריות זול,,גבינת עיזים 5 % למרי,,250.00,100 גרם,false,,19.70,0.0788,true,1,85949
7290006492913,false,לאבנה ציזיקי 250גר מ,קריות זול,,לאבנה ציזיקי 250גר מ,,250.00,100 גרם,false,,14.70,0.0588,true,1,85950
7290006494917,false,וופל מרמולייט ופל בט,קריות זול,,וופל מרמולייט ופל בט,,180.00,,false,,11.90,0.0661,true,1,99071
7290006498052,false,יוגורט טבעי מהדרין 3,קריות זול,,יוגורט טבעי מהדרין 3,,150.00,,false,,3.10,0.0207,true,1,95198
7290006567048,false,פתיתי קוסקוס ישראלי,קריות זול,,פתיתי קוסקוס ישראלי,,350.00,,false,,8.90,0.0254,true,1,88089
7290006582355,false,סילאן 900 גרם,,,סילאן 900 גרם,,900.00,100 גרם,false,,11.90,0.0132,true,1,96754
7290006644480,false,"תפוזינה תפוזים 500מ""",,,"תפוזינה תפוזים 500מ""",,500.00,100 גרם,false,,5.90,0.0118,true,1,143622
7290006644510,false,"תפוזינה ענבים 500מ""ל",,,"תפוזינה ענבים 500מ""ל",,500.00,,false,,5.90,0.0118,true,1,104064
7290006644527,false,תפוזינה תות בננה 500,,,תפוזינה תות בננה 500,,500.00,,false,,5.90,0.0118,true,1,133641
7290006652027,false,במבה מארז 20*15גר אס,,,במבה מארז 20*15גר אס,,300.00,,false,,19.90,0.0663,true,1,88094
7290006653819,false,קוסקוס דק אסם 350 גר,קריות זול,,קוסקוס דק אסם 350 גר,,350.00,,false,,8.90,0.0254,true,1,88097
7290006664051,false,אקטימל טבעי 14*100מל,קריות זול,,אקטימל טבעי 14*100מל,,1400.00,,false,,33.70,0.0241,true,1,95200
7290006664310,false,גבינה לבנה סקי 3% שט,קריות זול,,גבינה לבנה סקי 3% שט,,250.00,100 גרם,false,,4.90,0.0196,true,1,95202
7290006664402,false,גבינה לבנה סקי 5% 75,קריות זול,,גבינה לבנה סקי 5% 75,,750.00,100 גרם,false,,14.94,0.0199,true,1,95204
7290006664655,false,אקטימל טבעי 8*100מל,קריות זול,,אקטימל טבעי 8*100מל,,800.00,100 גרם,false,,21.90,0.0274,true,1,95207
7290006664990,false,דנונה ביו מארז שמיני,,,דנונה ביו מארז שמיני,,1200.00,100 גרם,false,,17.70,0.0147,true,1,95210
7290006681560,false,קרמבו מוקה שטראוס 8י,קריות זול,,קרמבו מוקה שטראוס 8י,,8.00,100 גרם,false,,16.90,2.1125,true,1,92335
7290006707352,false,שניצל עוף טרי ארוז,,,שניצל עוף טרי ארוז,קילוגרמים,1.00,"ק""ג",true,,45.90,45.9000,true,1,157649
7290006707383,false,שוקיים עוף טרי ארוז,,,שוקיים עוף טרי ארוז,קילוגרמים,1.00,"ק""ג",true,,37.90,37.9000,true,1,157651
7290006738615,false,קבב פרימיום 100% בשר,,,קבב פרימיום 100% בשר,,400.00,100 גרם,false,,25.90,0.0647,true,1,101340
7290006739407,false,שניצל תירס לייט זוגל,,,שניצל תירס לייט זוגל,,630.00,100 גרם,false,,28.90,0.0459,true,1,101346
7290006739414,false,סלמי קוניאק זוגלובק,,,סלמי קוניאק זוגלובק,,300.00,,false,,29.90,0.0997,true,1,101347
7290006739421,false,סלמי מעושן איטלקי זו,,,סלמי מעושן איטלקי זו,,300.00,100 גרם,false,,29.90,0.0997,true,1,101348
7290006739445,false,שניצל תירס קלאסי זוג,,,שניצל תירס קלאסי זוג,,750.00,100 גרם,false,,28.90,0.0385,true,1,101349
7290006742278,false,פסטרממיה צלויה על לב,,,פסטרממיה צלויה על לב,,330.00,100 גרם,false,,31.90,0.0967,true,1,101368
7290006742315,false,חזה הודו ברביקיו 1%,,,חזה הודו ברביקיו 1%,,330.00,100 גרם,false,,31.90,0.0967,true,1,101371
7290006788436,false,קרליין רולאון נושם ו,,,קרליין רולאון נושם ו,,75.00,,false,,15.90,0.2120,true,1,89438
7290006866363,false,פרימור אשכולית אדומה,קריות זול,,פרימור אשכולית אדומה,,1000.00,,false,,17.90,0.0179,true,1,95211
7290006983152,false,קרוטונים מתובלים למר,קריות זול,,קרוטונים מתובלים למר,,400.00,,false,,21.90,0.0547,true,1,88101
7290006983763,false,עוגת הבית שוקולד אסם,קריות זול,,עוגת הבית שוקולד אסם,,400.00,100 גרם,false,,15.90,0.0398,true,1,88105
7290006983770,false,עוגת הבית שיש אסם 40,קריות זול,,עוגת הבית שיש אסם 40,,400.00,,false,,15.90,0.0398,true,1,88106
7290006983787,false,עוגת הבית שוקוציפס א,קריות זול,,עוגת הבית שוקוציפס א,,400.00,100 גרם,false,,15.90,0.0398,true,1,88107
7290006983794,false,עוגת הבית תפוז אסם 4,קריות זול,,עוגת הבית תפוז אסם 4,,400.00,100 גרם,false,,15.90,0.0398,true,1,88108
7290008000826,false,ברבי משחת שיניים ליל,,,ברבי משחת שיניים ליל,,50.00,100 גרם,false,,10.90,0.2180,true,1,96395
7290008154222,false,שניצלונים עוף טוב 70,קריות זול,,שניצלונים עוף טוב 70,,700.00,100 גרם,false,,19.90,0.0284,true,1,88115
7290008166010,false,לקט פיצוחים 200גר,,,לקט פיצוחים 200גר,,200.00,,false,,17.90,0.0895,true,1,147234
7290008190909,false,מיני קוקיס שוקולד צי,קריות זול,,מיני קוקיס שוקולד צי,,600.00,,false,,17.90,0.0298,true,1,101641
7290008190985,false,לקקן גלידה פופ 50יח,,,לקקן גלידה פופ 50יח,,500.00,,false,,15.90,0.0318,true,1,101642
7290008329033,false,צלחת 7 לבן אר 50 דנט,,,צלחת 7 לבן אר 50 דנט,,50.00,,false,,9.90,0.1980,true,1,115421
7290008329255,false,מזלגות אר 100 דנטס,,,מזלגות אר 100 דנטס,יחידה,0.00,יחידה,false,,9.90,0.0000,true,1,115430
7290008329279,false,ליפתנית לבן 25 יח' ד,,,ליפתנית לבן 25 יח' ד,יחידה,0.00,יחידה,false,,5.90,0.0000,true,1,115432
7290008329286,false,כפיות אר 100 דנטס,,,כפיות אר 100 דנטס,יחידה,0.00,יחידה,false,,9.90,0.0000,true,1,144977
7290008329293,false,סכינים פרימיום שקוף/,,,סכינים פרימיום שקוף/,יחידה,0.00,יחידה,false,,9.90,0.0000,true,1,115434
7290008329309,false,מזלגות פרימיום שקוף/,,,מזלגות פרימיום שקוף/,יחידה,0.00,יחידה,false,,9.90,0.0000,true,1,115435
7290008329316,false,כפות פרימיום שקוף/קר,,,כפות פרימיום שקוף/קר,יחידה,0.00,יחידה,false,,9.90,0.0000,true,1,115436
7290008329347,false,צלחת 10 צבעוני 20 יח,,,צלחת 10 צבעוני 20 יח,יחידה,0.00,יחידה,false,,15.90,0.0000,true,1,115439
7290008329378,false,קסרול לבן אר' 25 יח',,,קסרול לבן אר' 25 יח',,25.00,,false,,8.90,0.3560,true,1,115441
7290008329415,false,צלחת 8 לבן אר 50 דנט,,,צלחת 8 לבן אר 50 דנט,,50.00,,false,,12.90,0.2580,true,1,115444
7290008409216,false,שניצל דק פריך מאמא ע,,,שניצל דק פריך מאמא ע,,700.00,100 גרם,false,,45.90,0.0656,true,1,92557
7290008409223,false,שניצל דק מתובל מאמא,,,שניצל דק מתובל מאמא,,700.00,100 גרם,false,,45.90,0.0656,true,1,92558
7290008464222,false,בירה מכבי 7.9% פחית,,,בירה מכבי 7.9% פחית,,500.00,,false,,8.90,0.0178,true,1,86668
7290008464468,false,בירה גולדסטאר פחית 5,קריות זול,,בירה גולדסטאר פחית 5,,500.00,,false,,8.90,0.0178,true,1,86672
7290008464475,false,בירה מכבי פחית 500מל,קריות זול,,בירה מכבי פחית 500מל,,500.00,,false,,8.90,0.0178,true,1,86673
7290008464505,false,"סאן בנדטו 500מ""ל",קריות זול,,"סאן בנדטו 500מ""ל",,500.00,,false,,3.90,0.0078,true,1,86674
7290008464604,false,בירה היינקן הולנד פח,קריות זול,,בירה היינקן הולנד פח,,500.00,,false,,10.90,0.0218,true,1,86678
7290008464741,false,*מבצע* בירה גולדסטאר,קריות זול,,*מבצע* בירה גולדסטאר,,1980.00,,false,,29.90,0.0151,true,1,86681
7290008464796,false,בירה היינקן בקבוק 6*,קריות זול,,בירה היינקן בקבוק 6*,,1980.00,100 גרם,false,,39.90,0.0202,true,1,86682
7290008493413,false,פרורי גריסני שקית 20,,,פרורי גריסני שקית 20,,200.00,,false,,7.90,0.0395,true,1,89023
7290008493710,false,פרורי גריסיני זהב 20,,,פרורי גריסיני זהב 20,,200.00,100 גרם,false,,7.90,0.0395,true,1,151648
7290008644112,false,סלט מטבוחה אחלה 125ג,קריות זול,,סלט מטבוחה אחלה 125ג,,125.00,100 גרם,false,,5.80,0.0464,true,1,95212
7290008644235,false,עלי בייבי 120 גר שטר,קריות זול,,עלי בייבי 120 גר שטר,,120.00,100 גרם,false,,12.90,0.1075,true,1,95213
7290008644945,false,סלט המושבה שטראוס 45,,,סלט המושבה שטראוס 45,,450.00,,false,,12.90,0.0287,true,1,95215
7290008690713,false,אושן ספריי חמוציות 1,קריות זול,,אושן ספריי חמוציות 1,,1000.00,,false,,13.90,0.0139,true,1,100132
7290008693134,false,דניאלה תות מעדן גבינ,קריות זול,,דניאלה תות מעדן גבינ,,150.00,100 גרם,false,,4.30,0.0287,true,1,95217
7290008737296,false,"גפילטע פיש ""דג עדן 6",,,"גפילטע פיש ""דג עדן 6",,6.00,,false,,15.90,2.6500,true,1,96045
7290008745239,false,תפוציפס אקסטרא טבעי,קריות זול,,תפוציפס אקסטרא טבעי,,50.00,100 גרם,false,,4.50,0.0900,true,1,90784
7290008747547,false,תפוציפס אקסטרא טבעי,,,תפוציפס אקסטרא טבעי,,200.00,,false,,11.90,0.0595,true,1,90786
7290008750264,false,מסטיק מאסט דובדבן 28,קריות זול,,מסטיק מאסט דובדבן 28,,28.00,100 גרם,false,,5.00,0.1786,true,1,99577
7290008753111,false,תפוציפס מקסיקני 50גר,קריות זול,,תפוציפס מקסיקני 50גר,,50.00,,false,,4.50,0.0900,true,1,90789
7290008775816,false,ערגליות שוקו אסם 300,קריות זול,,ערגליות שוקו אסם 300,,300.00,100 גרם,false,,11.50,0.0383,true,1,88122
7290008775823,false,ערגליות תות אסם 300ג,קריות זול,,ערגליות תות אסם 300ג,,300.00,100 גרם,false,,11.50,0.0383,true,1,88123
7290008801010,false,יין קברנה סוביניון מ,קריות זול,,יין קברנה סוביניון מ,,750.00,,false,,39.90,0.0532,true,1,85743
7290008801119,false,יין סלקטד סוביניון ב,קריות זול,,יין סלקטד סוביניון ב,,750.00,100 גרם,false,,29.90,0.0399,true,1,102256
7290008801478,false,יין טופז זהב 750מל,קריות זול,,יין טופז זהב 750מל,,750.00,100 גרם,false,,20.90,0.0279,true,1,85749
7290008801850,false,יין סלקטד אמרלד ריזל,קריות זול,,יין סלקטד אמרלד ריזל,,750.00,,false,,29.90,0.0399,true,1,85754
7290008802291,false,יין מרלו פריווט קולק,קריות זול,,יין מרלו פריווט קולק,,750.00,,false,,39.90,0.0532,true,1,85755
7290008804332,false,יין שיראז אדום יבש פ,קריות זול,,יין שיראז אדום יבש פ,,750.00,100 גרם,false,,39.90,0.0532,true,1,85764
7290008805049,false,יין סלקטד זינפנדל 75,קריות זול,,יין סלקטד זינפנדל 75,,750.00,100 גרם,false,,29.90,0.0399,true,1,85772
7290008805520,false,יין סלקטד קברנה סובנ,קריות זול,,יין סלקטד קברנה סובנ,,750.00,,false,,29.90,0.0399,true,1,85774
7290008806985,false,קרמיסימו נישנושים שו,קריות זול,,קרמיסימו נישנושים שו,,630.00,,false,,49.90,0.0792,true,1,92344
7290008835954,false,פילה אמנון 5-7 וואקו,,,פילה אמנון 5-7 וואקו,קילוגרמים,1.00,"ק""ג",true,,29.90,29.9000,true,1,159403
7290008909884,false,קוקה קולה זירו זכוכי,,,קוקה קולה זירו זכוכי,,330.00,100 גרם,false,,7.50,0.0227,true,1,146770
7290008975780,false,בונזו גזע קטן 3קג,קריות זול,,בונזו גזע קטן 3קג,,3.00,"ק""ג",false,,55.90,18.6333,true,1,89036
7290010050109,false,רוזמרין/עירית,,,רוזמרין/עירית,יחידה,0.00,יחידה,false,,5.90,0.0000,true,1,98286
7290010051021,false,בזיליקום,,,בזיליקום,יחידה,0.00,יחידה,false,,5.90,0.0000,true,1,98288
7290010051052,false,פטרוזליה,,,פטרוזליה,יחידה,0.00,יחידה,false,,4.90,0.0000,true,1,98291
7290010051076,false,לבבות חסה,,,לבבות חסה,יחידה,0.00,יחידה,false,,10.90,0.0000,true,1,98293
7290010051113,false,קורנית (טימין),,,קורנית (טימין),יחידה,0.00,יחידה,false,,5.90,0.0000,true,1,98295
7290010051120,false,מרווה,,,מרווה,יחידה,0.00,יחידה,false,,5.90,0.0000,true,1,98296
7290010051144,false,תרד עלים 180גר,,,תרד עלים 180גר,,180.00,,false,,9.90,0.0550,true,1,98298
7290010051168,false,כוסברה,,,כוסברה,יחידה,0.00,יחידה,false,,4.90,0.0000,true,1,98300
7290010051175,false,כוסברה/שמיר ארוז,,,כוסברה/שמיר ארוז,,1000.00,100 גרם,false,,4.90,0.0049,true,1,98301
7290010051182,false,נענע ארוזה,,,נענע ארוזה,יחידה,0.00,יחידה,false,,4.90,0.0000,true,1,98302
7290010051199,false,שורש פטרוזיליה,,,שורש פטרוזיליה,יחידה,0.00,יחידה,false,,5.90,0.0000,true,1,98303
7290010051205,false,סלרי אמריקאי.,,,סלרי אמריקאי.,,200.00,100 גרם,false,,6.90,0.0345,true,1,98304
7290010051212,false,סלרי ראש,,,סלרי ראש,יחידה,0.00,יחידה,false,,5.90,0.0000,true,1,98305
7290010051267,false,פרסה לוף שלם,,,פרסה לוף שלם,יחידה,0.00,יחידה,false,,8.90,0.0000,true,1,98310
7290010051298,false,סלק עלים ארוז,,,סלק עלים ארוז,יחידה,0.00,יחידה,false,,6.90,0.0000,true,1,98312
7290010051311,false,סלרי חתוך,,,סלרי חתוך,,110.00,,false,,6.90,0.0627,true,1,132848
7290010051335,false,בצל ירוק,,,בצל ירוק,,110.00,100 גרם,false,,5.90,0.0536,true,1,98313
7290010051373,false,לבבות חסה א.אדמה,,,לבבות חסה א.אדמה,יחידה,0.00,יחידה,false,,9.90,0.0000,true,1,138173
7290010051434,false,חסה סלנובה,,,חסה סלנובה,יחידה,0.00,יחידה,false,,10.90,0.0000,true,1,140283
7290010051687,false,רוזמרין,,,רוזמרין,יחידה,0.00,יחידה,false,,5.90,0.0000,true,1,98317
7290010065721,false,פרינוק מחית לפתן פיר,,,פרינוק מחית לפתן פיר,,130.00,100 גרם,false,,5.90,0.0454,true,1,144707
7290010065745,false,פרינוק מחית גוניור ל,,,פרינוק מחית גוניור ל,,190.00,100 גרם,false,,6.90,0.0363,true,1,94369
7290010117864,false,דוריטוס חריף אש 70גר,קריות זול,,דוריטוס חריף אש 70גר,,70.00,,false,,4.10,0.0586,true,1,90796
7290010117970,false,בוטנים טבעי 50 גרם,,,בוטנים טבעי 50 גרם,,50.00,100 גרם,false,,2.90,0.0580,true,1,141858
7290010124107,false,סטייק בורגר זהב 400,,,סטייק בורגר זהב 400,,400.00,,false,,19.90,0.0497,true,1,142146
7290010163069,false,צנובר 100גרם,,,צנובר 100גרם,,100.00,100 גרם,false,,22.90,0.2290,true,1,96761
7290010195268,false,פופסטאר בטעם טבעי מו,,,פופסטאר בטעם טבעי מו,,425.00,100 גרם,false,,14.90,0.0351,true,1,146595
7290010237548,false,פפסי מקס בקבוק 500 מ,,,פפסי מקס בקבוק 500 מ,,500.00,100 גרם,false,,5.90,0.0118,true,1,86686
7290010259991,false,צנימים ויליפוד 250גר,קריות זול,,צנימים ויליפוד 250גר,,250.00,100 גרם,false,,8.90,0.0356,true,1,88677
7290010454051,false,מפיות טרנדי תלת-שכבת,,,מפיות טרנדי תלת-שכבת,יחידה,0.00,יחידה,false,,7.90,0.0000,true,1,98889
7290010471669,false,דנונה בר תות קורנפלק,קריות זול,,דנונה בר תות קורנפלק,,173.00,,false,,4.90,0.0283,true,1,95218
7290010472307,false,גמדים לשתיה תות בננה,קריות זול,,גמדים לשתיה תות בננה,,800.00,,false,,21.20,0.0265,true,1,95221
7290010513727,false,פירורי לחם פנקו 200ג,,,פירורי לחם פנקו 200ג,,200.00,100 גרם,false,,9.90,0.0495,true,1,98471
7290010548514,false,עשבי תיבול לבישול אי,,,עשבי תיבול לבישול אי,,70.00,100 גרם,false,,13.90,0.1986,true,1,132908
7290010766734,false,רוטב פיצה אוליביה 41,,,רוטב פיצה אוליביה 41,,415.00,100 גרם,false,,15.90,0.0383,true,1,94377
7290010883042,false,סנובון נוזלי תות 750,,,סנובון נוזלי תות 750,,750.00,,false,,11.90,0.0159,true,1,143477
7290010931330,false,סלט מטבוחה אחלה 500ג,קריות זול,,סלט מטבוחה אחלה 500ג,,500.00,,false,,16.90,0.0338,true,1,95225
7290010945146,false,קוטג מועשר 3% 250גר,קריות זול,,קוטג מועשר 3% 250גר,,250.00,100 גרם,false,,6.40,0.0256,true,1,91030
7290010945306,false,חלב בקרטון טרה 3% 2,קריות זול,,חלב בקרטון טרה 3% 2,,2000.00,100 גרם,false,,12.46,0.0062,true,1,91031
7290010945450,false,גבינה לבנה מהדרין 3%,קריות זול,,גבינה לבנה מהדרין 3%,,250.00,,false,,4.90,0.0196,true,1,91034
7290011017866,false,קוקה קולה סליק 330מל,,,קוקה קולה סליק 330מל,,330.00,100 גרם,false,,7.00,0.0212,true,1,100152
7290011017873,false,קוקה קולה זירו סילק,,,קוקה קולה זירו סילק,,330.00,100 גרם,false,,7.00,0.0212,true,1,100153
7290011018184,false,פיוז טי אפרסק 500מל,,,פיוז טי אפרסק 500מל,,500.00,,false,,7.50,0.0150,true,1,100156
7290011018214,false,פיוז טי מנגו אננס 50,,,פיוז טי מנגו אננס 50,,500.00,,false,,7.50,0.0150,true,1,146772
7290011022457,false,תבנית 90 ארוז 8 ר2,,,תבנית 90 ארוז 8 ר2,יחידה,0.00,יחידה,false,,9.90,0.0000,true,1,159335
7290011022921,false,תבנית 105 ארוז 8יח',,,תבנית 105 ארוז 8יח',יחידה,0.00,יחידה,false,,9.90,0.0000,true,1,159333
7290011022938,false,תבנית 8B ארוז 15 ר29,,,תבנית 8B ארוז 15 ר29,יחידה,0.00,יחידה,false,,9.90,0.0000,true,1,159334
7290011108816,false,חסה ערבית מהדרין,,,חסה ערבית מהדרין,יחידה,0.00,יחידה,false,,6.90,0.0000,true,1,164420
7290011108823,false,פטרוזליה מהדרין,,,פטרוזליה מהדרין,,1000.00,100 גרם,false,,6.90,0.0069,true,1,164425
7290011108847,false,שמיר מהדרין,,,שמיר מהדרין,יחידה,0.00,יחידה,false,,6.90,0.0000,true,1,164428
7290011108892,false,כרוב לבן מהדרין,,,כרוב לבן מהדרין,קילוגרמים,1.00,"ק""ג",true,,13.90,13.9000,true,1,164432
7290011132507,false,מים סאן בנדטו מוגז 5,,,מים סאן בנדטו מוגז 5,,500.00,100 גרם,false,,3.90,0.0078,true,1,86702
7290011132583,false,פפסי מקס 6*500מל,,,פפסי מקס 6*500מל,,500.00,100 גרם,false,,24.90,0.0498,true,1,167277
7290011133368,false,שנדי תפוח שישייה 6*3,,,שנדי תפוח שישייה 6*3,,1980.00,,false,,39.90,0.0202,true,1,86706
7290011148805,false,שעועית טריה עד 500 ג,,,שעועית טריה עד 500 ג,,500.00,100 גרם,false,,14.90,0.0298,true,1,167849
7290011153885,false,נייר אכיל לקישוט עוג,,,נייר אכיל לקישוט עוג,יחידה,0.00,יחידה,false,,15.90,0.0000,true,1,91866
7290011194215,false,דניאלה בננה 150מל,קריות זול,,דניאלה בננה 150מל,,150.00,,false,,4.30,0.0287,true,1,95226
7290011194246,false,קוטג 5% עם סידן שטרא,קריות זול,,קוטג 5% עם סידן שטרא,,250.00,100 גרם,false,,5.90,0.0236,true,1,95227
7290011223038,false,עלים לקרמשניט 300גר,,,עלים לקרמשניט 300גר,,400.00,100 גרם,false,,17.90,0.0447,true,1,99094
7290011239404,false,חטיפי מחרום 330גרם,,,חטיפי מחרום 330גרם,,330.00,,false,,16.90,0.0512,true,1,163519
7290011378257,false,בארכה חטיף חלבה פקאן,,,בארכה חטיף חלבה פקאן,,126.00,100 גרם,false,,14.90,0.1183,true,1,143207
7290011378769,false,בארכה חטיף חלבה וניל,,,בארכה חטיף חלבה וניל,,126.00,100 גרם,false,,14.90,0.1183,true,1,143208
7290011378776,false,בארכה חטיף חלבה פיסט,,,בארכה חטיף חלבה פיסט,,126.00,100 גרם,false,,14.90,0.1183,true,1,88141
7290011379018,false,פטריות צמד חמד איטלק,קריות זול,,פטריות צמד חמד איטלק,,500.00,100 גרם,false,,16.90,0.0338,true,1,86443
7290011438142,false,אייס קפה יטבתה בבקבו,קריות זול,,אייס קפה יטבתה בבקבו,,350.00,,false,,6.90,0.0197,true,1,95233
7290011499105,false,בולגרית 5% 250גר מחל,קריות זול,,בולגרית 5% 250גר מחל,,250.00,100 גרם,false,,25.90,0.1036,true,1,85952
7290011499129,false,בולגרית מעודנת קוביו,קריות זול,,בולגרית מעודנת קוביו,,200.00,100 גרם,false,,25.90,0.1295,true,1,85954
7290011499303,false,בולגרית עיזים מעודנת,,,בולגרית עיזים מעודנת,,250.00,,false,,32.90,0.1316,true,1,85958
7290011499327,false,בולגרית בקר מעודנת 2,,,בולגרית בקר מעודנת 2,,250.00,100 גרם,false,,25.90,0.1036,true,1,85959
7290011499341,false,גבינה קאשקבל מחלבות,,,גבינה קאשקבל מחלבות,,250.00,100 גרם,false,,27.90,0.1116,true,1,85961
7290011499358,false,פטה עיזים 200גר מחלב,,,פטה עיזים 200גר מחלב,,200.00,,false,,29.90,0.1495,true,1,85962
7290011499365,false,גבינת חלומי מחלבות ג,,,גבינת חלומי מחלבות ג,,200.00,100 גרם,false,,23.90,0.1195,true,1,85963
7290011499419,false,קרם שמנת ניו יורק טב,,,קרם שמנת ניו יורק טב,,200.00,100 גרם,false,,14.90,0.0745,true,1,139164
7290011499525,false,לאבנה דרוזית 9% 500ג,,,לאבנה דרוזית 9% 500ג,,500.00,,false,,21.30,0.0426,true,1,85967
7290011499624,false,גבינת שמנת ניו יורק,,,גבינת שמנת ניו יורק,,200.00,100 גרם,false,,14.90,0.0745,true,1,85968
7290011501617,false,חמוציות דל סוכר 250ג,,,חמוציות דל סוכר 250ג,,250.00,,false,,17.90,0.0716,true,1,96766
7290011505806,false,קיסמי שיניים פלסטיק,,,קיסמי שיניים פלסטיק,,200.00,,false,,8.90,0.0445,true,1,144751
7290011518561,false,אקטימל תות משפחתי 14,קריות זול,,אקטימל תות משפחתי 14,,1400.00,100 גרם,false,,33.70,0.0241,true,1,95240
7290011607180,false,קולון 101כתמים אבקת,,,קולון 101כתמים אבקת,,1.25,"ק""ג",false,,10.90,8.7200,true,1,96523
7290011607197,false,קולון 101כתמים אבקת,,,קולון 101כתמים אבקת,,5.00,"ק""ג",false,,35.90,7.1800,true,1,96524
7290011615406,false,הבולגריה בקוביות בשמ,,,הבולגריה בקוביות בשמ,,325.00,,false,,15.90,0.0489,true,1,88686
7290011725419,false,פטרוזיליה מהדרין,,,פטרוזיליה מהדרין,יחידה,0.00,יחידה,false,,6.90,0.0000,true,1,164326
7290011725426,false,כוסברה מהדרין,,,כוסברה מהדרין,יחידה,0.00,יחידה,false,,6.90,0.0000,true,1,164327
7290011725440,false,שמיר מהדרין,,,שמיר מהדרין,יחידה,0.00,יחידה,false,,6.90,0.0000,true,1,164331
7290011800840,false,טחינה בלאדי צבר 400ג,,,טחינה בלאדי צבר 400ג,,400.00,100 גרם,false,,17.90,0.0447,true,1,88154
7290011860271,false,ביסבול טבעי תפוגן 70,,,ביסבול טבעי תפוגן 70,,700.00,100 גרם,false,,18.90,0.0270,true,1,88156
7290011877859,false,*מבצע* סנו אינסטלטור,,,*מבצע* סנו אינסטלטור,,200.00,100 גרם,false,,10.90,0.0545,true,1,89488
7290011964344,false,שום גבישי 120גר,,,שום גבישי 120גר,,120.00,100 גרם,false,,12.90,0.1075,true,1,95927
7290011964702,false,תיבול לשווארמה ללא מ,,,תיבול לשווארמה ללא מ,,100.00,100 גרם,false,,10.90,0.1090,true,1,95937
7290012019265,false,"מחית תפו""ע ללא סוכר",,,"מחית תפו""ע ללא סוכר",,452.00,,false,,12.90,0.0285,true,1,87423
7290012022203,false,קליליות (פריכיות) חי,,,קליליות (פריכיות) חי,,100.00,100 גרם,false,,15.90,0.1590,true,1,100776
7290012022227,false,קליליות (פריכיות) חי,,,קליליות (פריכיות) חי,,100.00,100 גרם,false,,13.90,0.1390,true,1,100777
7290012022272,false,קליליות קידס 30גר,,,קליליות קידס 30גר,,30.00,100 גרם,false,,12.90,0.4300,true,1,135318
7290012030512,false,אל אם כחול ארוך,,,אל אם כחול ארוך,יחידה,0.00,יחידה,false,,32.00,0.0000,false,1,146439
7290012116360,false,פוליויקס גרניט פורצל,קריות זול,,פוליויקס גרניט פורצל,,2.00,ליטר,false,,24.90,12.4500,true,1,89497
7290012117541,false,סנו מקסימה קומפקט צה,,,סנו מקסימה קומפקט צה,,1000.00,100 גרם,false,,19.90,0.0199,true,1,89513
7290012117558,false,סנו מקסימה קומפקט מא,,,סנו מקסימה קומפקט מא,,1000.00,,false,,19.90,0.0199,true,1,89514
7290012117572,false,M סנו סושי כפפות לטק,,,M סנו סושי כפפות לטק,יחידה,0.00,יחידה,false,,24.90,0.0000,true,1,153866
7290012117589,false,L סנו סושי כפפות לטק,,,L סנו סושי כפפות לטק,יחידה,0.00,יחידה,false,,24.90,0.0000,true,1,153867
7290012191022,false,גפרורים,,,גפרורים,יחידה,0.00,יחידה,false,,4.90,0.0000,true,1,155792
7290012191985,false,גפרור קטן  מנורה,,,גפרור קטן  מנורה,יחידה,0.00,יחידה,false,,2.90,0.0000,true,1,86813
7290012226021,false,*מבצע* סלמי מעושן פר,,,*מבצע* סלמי מעושן פר,,400.00,100 גרם,false,,16.90,0.0422,true,1,101375
7290012227325,false,סלמי מעושן דק דק 120,,,סלמי מעושן דק דק 120,,120.00,100 גרם,false,,14.90,0.1242,true,1,137637
7290012227400,false,נקניקיות עוף זוגלובק,,,נקניקיות עוף זוגלובק,,800.00,100 גרם,false,,23.90,0.0299,true,1,124021
7290012227615,false,נקניקיות עוף מחפוד 8,,,נקניקיות עוף מחפוד 8,,800.00,100 גרם,false,,23.90,0.0299,true,1,147330
7290012227912,false,קבנוס מעודן זוגלובק,,,קבנוס מעודן זוגלובק,,135.00,,false,,13.90,0.1030,true,1,101404
7290012227974,false,פסטרמה בדבש דק דק 12,,,פסטרמה בדבש דק דק 12,,120.00,100 גרם,false,,14.90,0.1242,true,1,137638
7290012227981,false,פסטרמה ברביקיו דק דק,,,פסטרמה ברביקיו דק דק,,120.00,100 גרם,false,,14.90,0.1242,true,1,137639
7290012227998,false,חזה בקר דק דק 120גר,,,חזה בקר דק דק 120גר,,120.00,,false,,14.90,0.1242,true,1,137640
7290012228766,false,קבנוס מחפוד זוגלובק,,,קבנוס מחפוד זוגלובק,,120.00,100 גרם,false,,12.90,0.1075,true,1,160968
7290012245312,false,גולד ציפס אמריקאי 1.,,,גולד ציפס אמריקאי 1.,,1.50,"ק""ג",false,,22.90,15.2667,true,1,157343
7290012245336,false,גולד סטייק צ'יפס -1.,,,גולד סטייק צ'יפס -1.,,1500.00,,false,,22.90,0.0153,true,1,157346
7290012247088,false,שניצל עוף טרי ארוז,,,שניצל עוף טרי ארוז,קילוגרמים,1.00,"ק""ג",true,,45.90,45.9000,true,1,164281
7290012247101,false,שוקיים עוף טרי ארוז,,,שוקיים עוף טרי ארוז,קילוגרמים,1.00,"ק""ג",true,,37.90,37.9000,true,1,164266
7290012459726,false,עמבה פרימיום 500 גרם,,,עמבה פרימיום 500 גרם,,500.00,100 גרם,false,,10.90,0.0218,true,1,164607
7290012522581,false,שניצל תירס ללא גלוטן,,,שניצל תירס ללא גלוטן,,664.00,100 גרם,false,,29.90,0.0450,true,1,88167
7290012525452,false,טילון אקסטרים שוקו ו,,,טילון אקסטרים שוקו ו,יחידה,0.00,יחידה,false,,8.90,0.0000,true,1,90660
7290012561405,false,בצל חצי מטוגן דורות,,,בצל חצי מטוגן דורות,,180.00,100 גרם,false,,13.90,0.0772,true,1,88172
7290012645112,false,יוגורט עיזים בדלי 75,,,יוגורט עיזים בדלי 75,,750.00,,false,,21.90,0.0292,true,1,131811
7290012645297,false,יוגורט עיזים בטעם טב,,,יוגורט עיזים בטעם טב,,150.00,,false,,5.90,0.0393,true,1,100965
7290012645389,false,יוגורט טבעי בקבוק 1ל,,,יוגורט טבעי בקבוק 1ל,,1000.00,,false,,23.90,0.0239,true,1,100969
7290012803765,false,שוקולד טוסו מריר 100,,,שוקולד טוסו מריר 100,,100.00,100 גרם,false,,13.90,0.1390,true,1,99141
7290012803772,false,שוקולד טוסו חלב 100ג,,,שוקולד טוסו חלב 100ג,,100.00,,false,,13.90,0.1390,true,1,99142
7290012823381,false,סנו מקסימה ורוד סנסט,,,סנו מקסימה ורוד סנסט,,1000.00,100 גרם,false,,19.90,0.0199,true,1,89521
7290012864001,false,נבטי חמניות,,,נבטי חמניות,יחידה,0.00,יחידה,false,,8.90,0.0000,true,1,98344
7290012864025,false,נבטים,,,נבטים,יחידה,0.00,יחידה,false,,7.90,0.0000,true,1,98345
7290012901355,false,פסטה מקרוני עם גבינה,,,פסטה מקרוני עם גבינה,,206.00,,false,,12.90,0.0626,true,1,87321
7290012938405,false,דאיימונד נייר כסף 87,,,דאיימונד נייר כסף 87,,0.45,,false,,22.90,50.8889,true,1,96405
7290012938597,false,סנסודיין משחת שיניים,,,סנסודיין משחת שיניים,,75.00,100 גרם,false,,22.90,0.3053,true,1,145526
7290013117229,false,בורקס פילו תפוא מעדנ,,,בורקס פילו תפוא מעדנ,,600.00,,false,,22.90,0.0382,true,1,92588
7290013117410,false,בצק פריך מרודד למאפי,,,בצק פריך מרודד למאפי,,900.00,,false,,24.90,0.0277,true,1,92591
7290013153395,false,פריגת סחוט רימונים 1,,,פריגת סחוט רימונים 1,,1000.00,100 גרם,false,,27.90,0.0279,true,1,91054
7290013153418,false,פריגת סחוט מיץ לימונ,,,פריגת סחוט מיץ לימונ,,1000.00,,false,,18.90,0.0189,true,1,91056
7290013153593,false,פריגת מיץ תפוזים מתק,,,פריגת מיץ תפוזים מתק,,1000.00,100 גרם,false,,14.90,0.0149,true,1,164209
7290013268020,false,סנו מקסימה אולטרא פר,,,סנו מקסימה אולטרא פר,,1000.00,,false,,19.90,0.0199,true,1,89531
7290013269638,false,סנו סושי ספוג הפלא א,,,סנו סושי ספוג הפלא א,יחידה,0.00,יחידה,false,,12.90,0.0000,true,1,89559
7290013358363,false,פירורי לחם פנקו מאסט,,,פירורי לחם פנקו מאסט,,300.00,100 גרם,false,,9.90,0.0330,true,1,91579
7290013358486,false,פירורי לחם מוזהבים ל,,,פירורי לחם מוזהבים ל,,300.00,,false,,8.90,0.0297,true,1,132175
7290013472199,false,ערמונים ויליפוד 100ג,,,ערמונים ויליפוד 100ג,,100.00,,false,,7.90,0.0790,true,1,88693
7290013492005,false,"תפו""א למיקרו",,,"תפו""א למיקרו",יחידה,0.00,יחידה,false,,7.90,0.0000,true,1,98348
7290013531117,false,רוטב פסטה לילדים יכי,,,רוטב פסטה לילדים יכי,,240.00,100 גרם,false,,6.90,0.0288,true,1,87213
7290013531346,false,סירופ דיאט לימונענע,,,סירופ דיאט לימונענע,,1000.00,,false,,16.90,0.0169,true,1,87214
7290013531377,false,תורמוס יכין 560 גרם,,,תורמוס יכין 560 גרם,,560.00,,false,,10.90,0.0195,true,1,87217
7290013531490,false,פול מתובל יכין 550גר,,,פול מתובל יכין 550גר,,550.00,100 גרם,false,,9.90,0.0180,true,1,87221
7290013531612,false,רוטב נפוליטנה יכין 2,,,רוטב נפוליטנה יכין 2,,240.00,100 גרם,false,,6.90,0.0288,true,1,87222
7290013531759,false,שעועית אפוייה יכין 5,,,שעועית אפוייה יכין 5,,550.00,,false,,9.90,0.0180,true,1,87231
7290013542151,false,נרות מספרים 4 6 8 10,,,נרות מספרים 4 6 8 10,יחידה,0.00,יחידה,false,,6.90,0.0000,true,1,135607
7290013542168,false,כוס נייר 10 אוז 50יח,,,כוס נייר 10 אוז 50יח,,50.00,,false,,16.90,0.3380,true,1,144983
7290013542236,false,כוסות ח.פ א'ר 100 דנ,,,כוסות ח.פ א'ר 100 דנ,,100.00,,false,,7.90,0.0790,true,1,100955
7290013542526,false,כוס נייר 8 אוז 50יח,,,כוס נייר 8 אוז 50יח,,50.00,,false,,9.90,0.1980,true,1,132095
7290013580009,false,המבורגר זהב ארוז 400,,,המבורגר זהב ארוז 400,,400.00,100 גרם,false,,19.90,0.0497,true,1,142144
7290013585233,false,ספרייט זירו סילק 330,,,ספרייט זירו סילק 330,,330.00,100 גרם,false,,7.00,0.0212,true,1,100186
7290013585387,false,קוקה קולה זירו 1ליטר,,,קוקה קולה זירו 1ליטר,,1000.00,100 גרם,false,,7.70,0.0077,true,1,100197
7290013585394,false,קוקה קולה 1ליטר,,,קוקה קולה 1ליטר,,1000.00,100 גרם,false,,7.70,0.0077,true,1,100198
7290013608260,false,פרימור רימונים סחוט,,,פרימור רימונים סחוט,,1000.00,100 גרם,false,,24.90,0.0249,true,1,95244
7290013702388,false,שוופס מים בטעם תפוח,,,שוופס מים בטעם תפוח,,500.00,100 גרם,false,,5.90,0.0118,true,1,143637
7290013702883,false,שוופס לימונדה ורודה,,,שוופס לימונדה ורודה,,500.00,,false,,6.50,0.0130,true,1,128016
7290013725752,false,נודלס דק סו שף 400גר,,,נודלס דק סו שף 400גר,,400.00,,false,,9.90,0.0248,true,1,131959
7290013725769,false,נודלס עבה סו שף 400ג,,,נודלס עבה סו שף 400ג,,400.00,,false,,9.90,0.0248,true,1,131960
7290013771261,false,בולגרית מעודנת 5% 25,,,בולגרית מעודנת 5% 25,,250.00,,false,,14.90,0.0596,true,1,87105
7290013771292,false,פטאקי 16% 250גר הסדר,,,פטאקי 16% 250גר הסדר,,250.00,,false,,14.90,0.0596,true,1,87107
7290013847454,false,טונה סטארקיסט בשמן ק,קריות זול,,טונה סטארקיסט בשמן ק,,640.00,100 גרם,false,,26.90,0.0420,true,1,164161
7290013847553,false,סטארקיסט טונה רביעיי,,,סטארקיסט טונה רביעיי,,640.00,100 גרם,false,,26.90,0.0420,true,1,165886
7290013861429,false,חטיף שומשום250גר,,,חטיף שומשום250גר,,250.00,,false,,10.90,0.0436,true,1,133570
7290013861443,false,חטיף בוטנים 250גר,,,חטיף בוטנים 250גר,,250.00,100 גרם,false,,10.90,0.0436,true,1,133564
7290013883407,false,דזיטול מרסס מחטא ומש,,,דזיטול מרסס מחטא ומש,,500.00,100 גרם,false,,15.90,0.0318,true,1,90585
7290013906212,false,נקניקיות וינר טירת צ,,,נקניקיות וינר טירת צ,,1000.00,100 גרם,false,,29.90,0.0299,true,1,128060
7290013906687,false,פסטרמה צמד מארז כפרי,,,פסטרמה צמד מארז כפרי,,600.00,,false,,28.90,0.0482,true,1,131590
7290014002944,false,תה הגן הקסום חליטת פ,,,תה הגן הקסום חליטת פ,,57.50,100 גרם,false,,19.90,0.3461,true,1,150607
7290014066380,false,לנדוור קפסולות אספרס,,,לנדוור קפסולות אספרס,,50.00,100 גרם,false,,15.90,0.3180,true,1,158969
7290014079847,false,צמד פטריות בייבי בלה,,,צמד פטריות בייבי בלה,,500.00,100 גרם,false,,16.90,0.0338,true,1,86456
7290014083479,false,גבינת גאודה פרוסה חצ,,,גבינת גאודה פרוסה חצ,,150.00,,false,,12.90,0.0860,true,1,88700
7290014083813,false,שפרוטים מעושנים בשמן,,,שפרוטים מעושנים בשמן,,190.00,100 גרם,false,,10.90,0.0574,true,1,88704
7290014094352,false,אגוזי מלך בקופסא 200,,,אגוזי מלך בקופסא 200,,200.00,ליטר,false,,19.90,0.0995,true,1,96791
7290014094628,false,פקאן טבעי בקופסא 200,,,פקאן טבעי בקופסא 200,,200.00,100 גרם,false,,24.90,0.1245,true,1,96802
7290014094642,false,קשיו טבעי גדול בקופס,,,קשיו טבעי גדול בקופס,,250.00,100 גרם,false,,23.90,0.0956,true,1,96804
7290014094796,false,משמש בשקית 300גר,,,משמש בשקית 300גר,,300.00,100 גרם,false,,20.00,0.0667,true,1,96806
7290014094833,false,צימוק  לבן שקית 300ג,,,צימוק  לבן שקית 300ג,,300.00,,false,,11.90,0.0397,true,1,96809
7290014094895,false,אגוזי מלך שקית 150גר,,,אגוזי מלך שקית 150גר,,150.00,,false,,10.90,0.0727,true,1,96814
7290014095861,false,קוואקר שיבולת שועל ד,,,קוואקר שיבולת שועל ד,,500.00,,false,,7.90,0.0158,true,1,96816
7290014095960,false,קוואקר שיבולת שועל ע,,,קוואקר שיבולת שועל ע,,500.00,,false,,7.90,0.0158,true,1,96817
7290014217225,false,גריל עוף מיכל 120גר,,,גריל עוף מיכל 120גר,,120.00,100 גרם,false,,11.90,0.0992,true,1,95956
7290014217478,false,תערובת עשבי תיבול אי,,,תערובת עשבי תיבול אי,,30.00,100 גרם,false,,10.90,0.3633,true,1,95964
7290014217973,false,פלפל צילי חריף 150 ג,,,פלפל צילי חריף 150 ג,,150.00,,false,,13.90,0.0927,true,1,152582
7290014218536,false,בצק עלים מופחת שומן,,,בצק עלים מופחת שומן,,1000.00,,false,,23.90,0.0239,true,1,132272
7290014218932,false,חטיפי פיצה בתוספת זי,קריות זול,,חטיפי פיצה בתוספת זי,,710.00,,false,,34.90,0.0492,true,1,141285
7290014435704,false,סלמון מעושן 100גר,,,סלמון מעושן 100גר,,100.00,,false,,24.90,0.2490,true,1,95797
7290014435803,false,מטיאס הולנדי (פרובנצ,,,מטיאס הולנדי (פרובנצ,,180.00,100 גרם,false,,25.90,0.1439,true,1,95799
7290014435841,false,פילה מטיאס הולנדי בש,,,פילה מטיאס הולנדי בש,,180.00,100 גרם,false,,25.90,0.1439,true,1,95803
7290014455252,false,*מבצע* גרנה פדנו מגו,,,*מבצע* גרנה פדנו מגו,,100.00,100 גרם,false,,10.90,0.1090,true,1,85987
7290014455320,false,כדור מוצרלה פרסקה 18,,,כדור מוצרלה פרסקה 18,,100.00,,false,,11.20,0.1120,true,1,85991
7290014455467,false,מעדן שיבולת שועל וחל,,,מעדן שיבולת שועל וחל,,150.00,100 גרם,false,,6.50,0.0433,true,1,85995
7290014459632,false,ציפס טוגן תפוגן 1.5,,,ציפס טוגן תפוגן 1.5,,1500.00,100 גרם,false,,25.90,0.0173,true,1,148808
7290014471412,false,מוזלי עם בוטנים אגוז,,,מוזלי עם בוטנים אגוז,,1000.00,,false,,19.90,0.0199,true,1,96818
7290014471436,false,מוזלי עם צימוקים  תפ,,,מוזלי עם צימוקים  תפ,,1000.00,100 גרם,false,,19.90,0.0199,true,1,96820
7290014471443,false,גרנולה עם צימוקים אג,,,גרנולה עם צימוקים אג,,1000.00,100 גרם,false,,19.90,0.0199,true,1,96821
7290014472440,false,קונפיטורה תפוז 450גר,,,קונפיטורה תפוז 450גר,,450.00,100 גרם,false,,13.90,0.0309,true,1,96827
7290014534667,false,פסטה לה פסטה קונכיה,,,פסטה לה פסטה קונכיה,,400.00,,false,,5.90,0.0148,true,1,143066
7290014534674,false,פסטה לה פסטה פרפר 40,,,פסטה לה פסטה פרפר 40,,400.00,,false,,5.90,0.0148,true,1,143067
7290014534698,false,פסטה לה פסטה תלתל 40,,,פסטה לה פסטה תלתל 40,,400.00,100 גרם,false,,5.90,0.0148,true,1,143069
7290014648081,false,סכיני גילוח חד פעמי,,,סכיני גילוח חד פעמי,,10.00,,false,,9.90,0.9900,true,1,99373
7290014692299,false,גבינת ברי קאסטללו יו,,,גבינת ברי קאסטללו יו,,125.00,100 גרם,false,,22.90,0.1832,true,1,88705
7290014692305,false,גבינת קממבר יורוציז,,,גבינת קממבר יורוציז,,125.00,,false,,22.90,0.1832,true,1,88706
7290014692541,false,אמה מגורדת 500גר,,,אמה מגורדת 500גר,,500.00,,false,,21.90,0.0438,true,1,88714
7290014725294,false,סוכרזית סוכרלוז מבוש,,,סוכרזית סוכרלוז מבוש,,200.00,,false,,26.90,0.1345,true,1,99614
7290014749245,false,צ'ונגו רצועות שניצל,,,צ'ונגו רצועות שניצל,,600.00,100 גרם,false,,35.90,0.0598,true,1,159342
7290014749764,false,שניצל עוף ביתי מעודן,,,שניצל עוף ביתי מעודן,,700.00,100 גרם,false,,45.90,0.0656,true,1,158517
7290014758100,false,יוגורט ביו מאגדת שמי,,,יוגורט ביו מאגדת שמי,,1200.00,,false,,17.50,0.0146,true,1,93013
7290014758117,false,יוגורט ביו מאגדת שמי,,,יוגורט ביו מאגדת שמי,,1200.00,100 גרם,false,,17.50,0.0146,true,1,93014
7290014758162,false,חלב עיזים מלה 3.6% 1,,,חלב עיזים מלה 3.6% 1,,1000.00,100 גרם,false,,15.50,0.0155,true,1,93016
7290014759084,false,גבינת נפוליאון 16% 2,,,גבינת נפוליאון 16% 2,,225.00,,false,,14.50,0.0644,true,1,93039
7290014759909,false,פטה עיזים 5% פיראוס,,,פטה עיזים 5% פיראוס,,250.00,,false,,29.90,0.1196,true,1,93046
7290014759978,false,קאשקבל פלח 200 גר,,,קאשקבל פלח 200 גר,,200.00,100 גרם,false,,26.90,0.1345,true,1,93047
7290014759985,false,פרמזן פלח 200 גר,,,פרמזן פלח 200 גר,,200.00,,false,,25.90,0.1295,true,1,93048
7290014759992,false,רוקפור פלח 140גר,,,רוקפור פלח 140גר,,140.00,,false,,18.90,0.1350,true,1,93049
7290014760134,false,מעדן סויה בטעם וניל,,,מעדן סויה בטעם וניל,,125.00,,false,,4.10,0.0328,true,1,111547
7290014760141,false,משקה שקדים טרי 1ליטר,,IL,משקה שקדים טרי 1ליטר,,1000.00,100 גרם,false,,12.80,0.0128,true,1,93051
7290014760448,false,גבינה גלבוע 400גר,,,גבינה גלבוע 400גר,,400.00,,false,,24.90,0.0622,true,1,93052
7290014760912,false,גבינה גוש חלב מהדרין,,,גבינה גוש חלב מהדרין,,400.00,,false,,26.90,0.0672,true,1,149578
7290014761056,false,מעדן YOLO שוקולד חלב,,,מעדן YOLO שוקולד חלב,,123.00,100 גרם,false,,4.50,0.0366,true,1,93065
7290014761063,false,מעדן YOLO שוקולד מרי,,,מעדן YOLO שוקולד מרי,,123.00,,false,,4.50,0.0366,true,1,93066
7290014761070,false,מעדן YOLO שוקולד לבן,,,מעדן YOLO שוקולד לבן,,123.00,,false,,4.50,0.0366,true,1,93067
7290014761193,false,פרילי פירות יער 125ג,,,פרילי פירות יער 125ג,,125.00,100 גרם,false,,3.50,0.0280,true,1,93069
7290014762800,false,מעדן סויה בטעם שוקול,,,מעדן סויה בטעם שוקול,,125.00,,false,,4.10,0.0328,true,1,136054
7290014762831,false,גבינת נפוליאון 25% ע,,,גבינת נפוליאון 25% ע,,225.00,100 גרם,false,,14.50,0.0644,true,1,93127
7290014762909,false,פתיתי מוצרלה 200גר,,,פתיתי מוצרלה 200גר,,200.00,,false,,16.90,0.0845,true,1,93133
7290014763272,false,משקה סויה ביו תות בנ,,,משקה סויה ביו תות בנ,,236.00,100 גרם,false,,5.80,0.0246,true,1,93144
7290014791091,false,שוופס לימונייד 500מל,,,שוופס לימונייד 500מל,,500.00,,false,,6.50,0.0130,true,1,133637
7290014791725,false,שוופס מוגז  תפוח 500,,,שוופס מוגז  תפוח 500,,500.00,,false,,6.50,0.0130,true,1,133638
7290014860070,false,מקלוני אורז ללא גלוט,,,מקלוני אורז ללא גלוט,,454.00,,false,,10.90,0.0240,true,1,98472
7290014860155,false,מחצלת במבו שטוחה 24*,,,מחצלת במבו שטוחה 24*,יחידה,0.00,יחידה,false,,8.90,0.0000,true,1,98475
7290014901315,false,סנסודיין משחת שיניים,,,סנסודיין משחת שיניים,,75.00,,false,,22.90,0.3053,true,1,145530
7290014901896,false,סנסודיין מי פה 500 מ,,,סנסודיין מי פה 500 מ,,500.00,100 גרם,false,,31.90,0.0638,true,1,96422
7290014905160,false,פניני ריח הפי 130גר,,,פניני ריח הפי 130גר,,130.00,,false,,8.90,0.0685,true,1,90595
7290015008020,false,נר נשמה 24 שעות שמאי,,,נר נשמה 24 שעות שמאי,יחידה,0.00,יחידה,false,,2.50,0.0000,true,1,148818
7290015008037,false,להבונים 50 יח',,,להבונים 50 יח',,50.00,,false,,9.90,0.1980,true,1,142369
7290015150200,false,רסק עגבניות גרנ איטל,,,רסק עגבניות גרנ איטל,יחידה,0.00,יחידה,false,,5.90,0.0000,true,1,157012
7290015155847,false,פרינוק פאוץ' בטעם סל,,,פרינוק פאוץ' בטעם סל,,120.00,,false,,6.50,0.0542,true,1,157794
7290015156769,false,פרינוק פאוץ תפוח ואו,,,פרינוק פאוץ תפוח ואו,,120.00,100 גרם,false,,6.50,0.0542,true,1,157795
7290015156776,false,פרינוק פאוץ פירות טר,,,פרינוק פאוץ פירות טר,,120.00,,false,,6.50,0.0542,true,1,157796
7290015156790,false,פרינוק פאוץ לפתן פיר,,,פרינוק פאוץ לפתן פיר,,120.00,100 גרם,false,,6.50,0.0542,true,1,157797
7290015161978,false,פסטה PRO עדשים אדומו,,,פסטה PRO עדשים אדומו,,250.00,,false,,17.90,0.0716,true,1,162840
7290015282000,false,איקרה אדומה 200גר שמ,,,איקרה אדומה 200גר שמ,,200.00,,false,,17.90,0.0895,true,1,95808
7290015282024,false,איקרה לבנה 200גר שמי,,,איקרה לבנה 200גר שמי,,200.00,100 גרם,false,,17.90,0.0895,true,1,95810
7290015282390,false,תורכי 200 גרם גורמה,,,תורכי 200 גרם גורמה,,200.00,100 גרם,false,,15.90,0.0795,true,1,134782
7290015282581,false,חומוס אבו גוש עם חרי,,,חומוס אבו גוש עם חרי,,200.00,100 גרם,false,,15.90,0.0795,true,1,134810
7290015282598,false,חומוס מסעדות 200 גר,,,חומוס מסעדות 200 גר,,200.00,,false,,15.90,0.0795,true,1,134783
7290015282604,false,טחינה מיוחדת 200 גר,,,טחינה מיוחדת 200 גר,,200.00,100 גרם,false,,15.90,0.0795,true,1,134784
7290015282628,false,חציל בטעם כבד 200 גר,,,חציל בטעם כבד 200 גר,,200.00,100 גרם,false,,15.90,0.0795,true,1,134785
7290015282635,false,חומוס מסבחה 200 גר,,,חומוס מסבחה 200 גר,,200.00,100 גרם,false,,15.90,0.0795,true,1,134786
7290015282642,false,"חומוס אבו ג""וש 200 ג",,,"חומוס אבו ג""וש 200 ג",,200.00,100 גרם,false,,15.90,0.0795,true,1,134787
7290015282666,false,סלט טונה עם ירקות שמ,,,סלט טונה עם ירקות שמ,,200.00,100 גרם,false,,17.90,0.0895,true,1,128549
7290015282680,false,קישוא בטעם כבד 200 ג,,,קישוא בטעם כבד 200 ג,,200.00,,false,,15.90,0.0795,true,1,128550
7290015282710,false,קוביות סלק 200 גר,,,קוביות סלק 200 גר,,200.00,,false,,15.90,0.0795,true,1,134790
7290015282727,false,גזר מרוקאי ברוטב פיק,,,גזר מרוקאי ברוטב פיק,,200.00,,false,,15.90,0.0795,true,1,134791
7290015282734,false,מטבוחה ביתית 200 גר,,,מטבוחה ביתית 200 גר,,200.00,100 גרם,false,,15.90,0.0795,true,1,134792
7290015282741,false,חציל תאילנדי 200 גר,,,חציל תאילנדי 200 גר,,200.00,,false,,15.90,0.0795,true,1,134793
7290015282796,false,תפוח אדמה 200 גר גור,,,תפוח אדמה 200 גר גור,,200.00,,false,,15.90,0.0795,true,1,134796
7290015324007,false,פלפל שחור גרוס שקית,,,פלפל שחור גרוס שקית,,80.00,100 גרם,false,,11.90,0.1488,true,1,95965
7290015324014,false,פלפל שחור טחון שקית,,,פלפל שחור טחון שקית,,80.00,,false,,11.90,0.1488,true,1,95966
7290015324038,false,פפריקה בשמן שקית 80ג,,,פפריקה בשמן שקית 80ג,,80.00,100 גרם,false,,6.90,0.0863,true,1,95967
7290015324069,false,גריל עוף שקית 80גר,,,גריל עוף שקית 80גר,,80.00,,false,,6.90,0.0863,true,1,145285
7290015324083,false,מלח לימון שקית 80גר,,,מלח לימון שקית 80גר,,80.00,100 גרם,false,,6.90,0.0863,true,1,95972
7290015324090,false,כמון שקית 80גר,,,כמון שקית 80גר,,80.00,,false,,6.90,0.0863,true,1,95973
7290015324106,false,כורכום שקית 80גר,,,כורכום שקית 80גר,,80.00,,false,,6.90,0.0863,true,1,95974
7290015324120,false,שום גבישי שקית 80גר,,,שום גבישי שקית 80גר,,80.00,100 גרם,false,,9.90,0.1238,true,1,95976
7290015324557,false,בהרט לבישול מיכל גדו,,,בהרט לבישול מיכל גדו,,80.00,100 גרם,false,,10.90,0.1363,true,1,152579
7290015470094,false,שוקולד טוסו מריר תפו,,,שוקולד טוסו מריר תפו,,100.00,100 גרם,false,,13.90,0.1390,true,1,146623
7290015528337,false,"צלחת פלסטיק 9"" בינונ",,,"צלחת פלסטיק 9"" בינונ",יחידה,0.00,יחידה,false,,17.90,0.0000,true,1,145007
7290015528641,false,מיכל 1 ליטר ארוז 3 י,,,מיכל 1 ליטר ארוז 3 י,יחידה,0.00,יחידה,false,,9.90,0.0000,true,1,152097
7290015528658,false,מיכל 2 ליטר ארוז 3 י,,,מיכל 2 ליטר ארוז 3 י,יחידה,0.00,יחידה,false,,9.90,0.0000,true,1,152119
7290015603218,false,איטריות בתוספת עגבני,,,איטריות בתוספת עגבני,,454.00,100 גרם,false,,10.90,0.0240,true,1,131343
7290015603546,false,קרם קוקוס 17-19% 400,,,קרם קוקוס 17-19% 400,,400.00,100 גרם,false,,10.90,0.0273,true,1,139074
7290015603560,false,קרם קוקוס 20-22% 400,,,קרם קוקוס 20-22% 400,,400.00,,false,,10.90,0.0273,true,1,141396
7290015603584,false,גינגר לבן כבוש ללא מ,,,גינגר לבן כבוש ללא מ,,160.00,100 גרם,false,,9.50,0.0594,true,1,98481
7290015603638,false,*מבצע* אורז קלרוז 1ק,,,*מבצע* אורז קלרוז 1ק,,1000.00,100 גרם,false,,11.00,0.0110,true,1,98485
7290015652254,false,גרעינים שחורים 400 ג,,,גרעינים שחורים 400 ג,,400.00,100 גרם,false,,10.00,0.0250,true,1,133562
7290015652278,false,תערובת פיצוחים 250גר,,,תערובת פיצוחים 250גר,,250.00,100 גרם,false,,20.00,0.0800,true,1,133585
7290015652285,false,אגוזי מלך קלופים 250,,,אגוזי מלך קלופים 250,,250.00,100 גרם,false,,19.90,0.0796,true,1,145689
7290015652292,false,קבוקים עם שומשום 500,,,קבוקים עם שומשום 500,,500.00,100 גרם,false,,10.00,0.0200,true,1,96841
7290015652308,false,מנצס ששון הקולה 300,,,מנצס ששון הקולה 300,,300.00,100 גרם,false,,10.00,0.0333,true,1,133584
7290015652315,false,חמוציות מסוכרות 300ג,,,חמוציות מסוכרות 300ג,,300.00,100 גרם,false,,10.00,0.0333,true,1,96842
7290015652322,false,בוטנים אמריקאים מצופ,,,בוטנים אמריקאים מצופ,,400.00,,false,,10.00,0.0250,true,1,96843
7290015652407,false,פיסטוק 250גר,,,פיסטוק 250גר,,250.00,100 גרם,false,,20.00,0.0800,true,1,133586
7290015652605,false,פיסטוק מקולף  100 גר,,,פיסטוק מקולף  100 גר,,100.00,100 גרם,false,,23.90,0.2390,true,1,96845
7290015699730,false,הפי לרצפות מבושמת 1.,,,הפי לרצפות מבושמת 1.,,1.50,ליטר,false,,15.90,10.6000,true,1,90608
7290015775632,false,חמאת בוטנים 350גר,,,חמאת בוטנים 350גר,,350.00,,false,,15.90,0.0454,true,1,164656
7290015781008,false,"יין ויז'ן מרלו 750מ""",,,"יין ויז'ן מרלו 750מ""",,750.00,100 גרם,false,,44.90,0.0599,true,1,130807
7290015855013,false,פלפל טינקרבל ארוז,,,פלפל טינקרבל ארוז,יחידה,0.00,יחידה,false,,8.90,0.0000,true,1,98350
7290015855037,false,פלפל צ'ילי.,,,פלפל צ'ילי.,יחידה,0.00,יחידה,false,,7.90,0.0000,true,1,98352
7290015855051,false,מלפפון מיני ארוז,,,מלפפון מיני ארוז,יחידה,0.00,יחידה,false,,9.90,0.0000,true,1,98353
7290015855143,false,שום קלוף 170גרם,,,שום קלוף 170גרם,יחידה,0.00,יחידה,false,,11.90,0.0000,true,1,131836
7290015855228,false,אספרגוס,,,אספרגוס,יחידה,0.00,יחידה,false,,29.90,0.0000,true,1,98360
7290015855341,false,אנדיב (עולש),,,אנדיב (עולש),,0.00,,false,,15.90,0.0000,true,1,139572
7290015855358,false,בצלצלי שאלוט,,,בצלצלי שאלוט,יחידה,0.00,יחידה,false,,10.90,0.0000,true,1,141500
7290015855495,false,חסה לאליק,,,חסה לאליק,יחידה,0.00,יחידה,false,,12.90,0.0000,true,1,165628
7290015858106,false,ממרח פסטו ביתי 180 ג,,,ממרח פסטו ביתי 180 ג,,180.00,100 גרם,false,,16.90,0.0939,true,1,141578
7290015858175,false,ממרח פלפלים קלויים 1,,,ממרח פלפלים קלויים 1,,180.00,100 גרם,false,,16.90,0.0939,true,1,141589
7290015858687,false,עללחם ממרח איולי שום,,,עללחם ממרח איולי שום,,295.00,100 גרם,false,,17.90,0.0607,true,1,167818
7290015858694,false,עללחם ממרח איולי שום,,,עללחם ממרח איולי שום,,295.00,100 גרם,false,,17.90,0.0607,true,1,167817
7290016006025,false,שוופס סודה 500מל,,,שוופס סודה 500מל,,500.00,,false,,3.90,0.0078,true,1,128711
7290016006148,false,שוופס מוגז ענבים 500,,,שוופס מוגז ענבים 500,,500.00,,false,,6.50,0.0130,true,1,133639
7290016006339,false,מי עדן רביעייה 4*1לי,,,מי עדן רביעייה 4*1לי,,4000.00,,false,,11.90,0.0030,true,1,89991
7290016006346,false,שוופס סודה מארז שישי,,,שוופס סודה מארז שישי,,3000.00,,false,,15.90,0.0053,true,1,133636
7290016028836,false,קש מתקפל צבעוני אר',,,קש מתקפל צבעוני אר',יחידה,0.00,יחידה,false,,9.90,0.0000,true,1,164911
7290016150117,false,סלק וואקום,,,סלק וואקום,,500.00,,false,,6.90,0.0138,true,1,101535
7290016197877,false,שקית לפחי מטבח קטנים,,,שקית לפחי מטבח קטנים,יחידה,0.00,יחידה,false,,22.90,0.0000,true,1,89854
7290016217742,false,חציל אש בטחינה 200 ג,,,חציל אש בטחינה 200 ג,,200.00,100 גרם,false,,15.90,0.0795,true,1,134798
7290016217759,false,סלט חציל מרוקאי 200,,,סלט חציל מרוקאי 200,,200.00,100 גרם,false,,15.90,0.0795,true,1,134799
7290016246018,false,בארכה מיקס פינוקיות,,,בארכה מיקס פינוקיות,,200.00,100 גרם,false,,15.90,0.0795,true,1,143222
7290016246025,false,בארכה חלבה ללא סוכר,,,בארכה חלבה ללא סוכר,,200.00,100 גרם,false,,15.90,0.0795,true,1,88240
7290016270709,false,שרי אשכולות ארוז כ-4,,,שרי אשכולות ארוז כ-4,יחידה,0.00,יחידה,false,,9.90,0.0000,true,1,140671
7290016276534,false,שמן קוקוס לא מזוכך 5,,,שמן קוקוס לא מזוכך 5,,500.00,,false,,29.90,0.0598,true,1,131954
7290016276831,false,תבשיל איטריות בטעם ב,,,תבשיל איטריות בטעם ב,,70.00,100 גרם,false,,6.90,0.0986,true,1,131962
7290016276848,false,תבשיל איטריות בטעם ע,,,תבשיל איטריות בטעם ע,,70.00,,false,,6.90,0.0986,true,1,131963
7290016276855,false,תבשיל איטריות בטעם י,,,תבשיל איטריות בטעם י,,70.00,,false,,6.90,0.0986,true,1,131964
7290016321722,false,פרש וואנס מגבונים בו,,,פרש וואנס מגבונים בו,יחידה,0.00,יחידה,false,,5.90,0.0000,true,1,142214
7290016475067,false,לאפות 4יח מכבים,,,לאפות 4יח מכבים,,4.00,,false,,13.90,3.4750,true,1,131095
7290016509342,false,כדוריות סוד סבון לאס,,,כדוריות סוד סבון לאס,,0.00,,false,,16.90,0.0000,true,1,163660
7290016509786,false,פרסיל ג'ל 2.5ליטר יר,,,פרסיל ג'ל 2.5ליטר יר,,2.50,ליטר,false,,34.90,13.9600,true,1,139173
7290016509809,false,פרסיל ג'ל 2.5 ליטר ק,,,פרסיל ג'ל 2.5 ליטר ק,,2.50,ליטר,false,,34.90,13.9600,true,1,139174
7290016580174,false,צלחת 9 צבעוני לבן/ ק,,,צלחת 9 צבעוני לבן/ ק,,100.00,,false,,39.90,0.3990,true,1,140642
7290016580549,false,צלחת 7 צבעוני לבן/ ק,,,צלחת 7 צבעוני לבן/ ק,,100.00,,false,,24.90,0.2490,true,1,140643
7290016717631,false,מוסקטו פרייבט קולקשי,,,מוסקטו פרייבט קולקשי,,750.00,100 גרם,false,,39.90,0.0532,true,1,137338
7290016717754,false,"יין ישן נושן 750 מ""ל",קריות זול,,"יין ישן נושן 750 מ""ל",,750.00,,false,,18.90,0.0252,true,1,139529
7290016882407,false,ממרח חצילים קלויים 5,,,ממרח חצילים קלויים 5,,550.00,,false,,9.90,0.0180,true,1,161285
7290017023229,false,שוופס מוגז פירות רבי,,,שוופס מוגז פירות רבי,,1320.00,,false,,15.90,0.0120,true,1,138609
7290017023236,false,שוופס מוגז פירות ענב,,,שוופס מוגז פירות ענב,,1320.00,,false,,15.90,0.0120,true,1,138610
7290017023854,false,"שוופס סודה 4*250מ""ל",,,"שוופס סודה 4*250מ""ל",,1000.00,,false,,13.90,0.0139,true,1,141638
7290017065137,false,ריקוטה למריחה 5% טבע,,,ריקוטה למריחה 5% טבע,,200.00,100 גרם,false,,10.90,0.0545,true,1,137341
7290017065144,false,ריקוטה למריחה 5% עפ,,,ריקוטה למריחה 5% עפ,,200.00,,false,,10.90,0.0545,true,1,137343
7290017065212,false,קרם מסקרפונה 250 גרם,,,קרם מסקרפונה 250 גרם,,250.00,100 גרם,false,,21.90,0.0876,true,1,138616
7290017065380,false,גרנה פדנו שבבים 100ג,,,גרנה פדנו שבבים 100ג,,100.00,100 גרם,false,,17.90,0.1790,true,1,141490
7290017065434,false,פרוסות גאודה 200 גרם,,,פרוסות גאודה 200 גרם,,200.00,100 גרם,false,,23.90,0.1195,true,1,141848
7290017065526,false,קוואטרו פורמאג'י 300,,,קוואטרו פורמאג'י 300,,300.00,,false,,29.90,0.0997,true,1,141857
7290017065588,false,יוגורט יווני 600 גרם,קריות זול,,יוגורט יווני 600 גרם,,600.00,,false,,16.90,0.0282,true,1,159119
7290017088112,false,בייביסיטר פרפורמנס נ,,,בייביסיטר פרפורמנס נ,,36.00,,false,,29.90,0.8306,true,1,138553
7290017088129,false,בייביסיטר פרפורמנס נ,,,בייביסיטר פרפורמנס נ,,34.00,,false,,29.90,0.8794,true,1,138554
7290017088143,false,בייביסיטר פרפורמנס נ,,,בייביסיטר פרפורמנס נ,,30.00,,false,,29.90,0.9967,true,1,138556
7290017100142,false,"כוסיות ליין 80 ס""ס",,,"כוסיות ליין 80 ס""ס",יחידה,0.00,יחידה,false,,8.90,0.0000,true,1,158064
7290017105550,false,רסק עגבניות 100% מאג,,,רסק עגבניות 100% מאג,,400.00,,false,,11.90,0.0298,true,1,153158
7290017105895,false,גרגרי חומוס מסעדות י,,,גרגרי חומוס מסעדות י,,560.00,100 גרם,false,,9.90,0.0177,true,1,159957
7290017121390,false,ממרח לימון בלאדי 250,,,ממרח לימון בלאדי 250,,250.00,100 גרם,false,,14.90,0.0596,true,1,141600
7290017142128,false,שמן זית כתית מעולה ק,,,שמן זית כתית מעולה ק,,750.00,,false,,34.90,0.0465,true,1,137600
7290017142159,false,נתחי טונה בהירה בשמן,,,נתחי טונה בהירה בשמן,,240.00,100 גרם,false,,25.90,0.1079,true,1,138780
7290017142166,false,פילה טונה פרוס עם שמ,,,פילה טונה פרוס עם שמ,,120.00,,false,,15.90,0.1325,true,1,141346
7290017142340,false,שמן זרעי ענבים מזוכך,,,שמן זרעי ענבים מזוכך,,1000.00,,false,,29.90,0.0299,true,1,164129
7290017142388,false,שמן חמניות פלוס 1 לי,,,שמן חמניות פלוס 1 לי,,1.00,ליטר,false,,18.90,18.9000,true,1,164130
7290017142395,false,טונה עם פסטה בשמן זי,,,טונה עם פסטה בשמן זי,,160.00,100 גרם,false,,15.90,0.0994,true,1,158538
7290017142401,false,קינואה לבנה ואדומה ע,,,קינואה לבנה ואדומה ע,,160.00,100 גרם,false,,15.90,0.0994,true,1,161271
7290017142487,false,בורגול עם גרגירי חומ,,,בורגול עם גרגירי חומ,,160.00,,false,,15.90,0.0994,true,1,163186
7290017239101,false,פילה סלמון אטלנטי מע,,,פילה סלמון אטלנטי מע,,100.00,100 גרם,false,,24.90,0.2490,true,1,158631
7290017339610,false,חלה בריוש 6 כדורים,,,חלה בריוש 6 כדורים,יחידה,0.00,יחידה,false,,19.90,0.0000,true,1,164349
7290017339627,false,חלה  בריוש כתר,,,חלה  בריוש כתר,יחידה,0.00,יחידה,false,,19.90,0.0000,true,1,164340
7290017396033,false,בייגל רומני,,,בייגל רומני,יחידה,0.00,יחידה,false,,18.90,0.0000,true,1,165746
7290017396071,false,המבורגר פרימיום,,,המבורגר פרימיום,יחידה,0.00,יחידה,false,,18.90,0.0000,true,1,139952
7290017396163,false,לחם שיפון,,,לחם שיפון,יחידה,0.00,יחידה,false,,17.90,0.0000,true,1,139275
7290017396170,false,לחם שאור איטקי לבן,,,לחם שאור איטקי לבן,יחידה,0.00,יחידה,false,,17.90,0.0000,true,1,139276
7290017396187,false,לחם קלמטה,,,לחם קלמטה,יחידה,0.00,יחידה,false,,17.90,0.0000,true,1,139277
7290017396217,false,לחם דגנים,,,לחם דגנים,יחידה,0.00,יחידה,false,,17.90,0.0000,true,1,139273
7290017396224,false,לחם כוסמין,,,לחם כוסמין,יחידה,0.00,יחידה,false,,17.90,0.0000,true,1,139278
7290017396248,false,מיני המבורגר,,,מיני המבורגר,יחידה,0.00,יחידה,false,,18.90,0.0000,true,1,164332
7290017396286,false,בייגל ירושלמי,,,בייגל ירושלמי,יחידה,0.00,יחידה,false,,18.90,0.0000,true,1,139280
7290017396415,false,ג'בטה דגנים,,,ג'בטה דגנים,יחידה,0.00,יחידה,false,,18.90,0.0000,true,1,164341
7290017396422,false,ג'בטינה דגנים,,,ג'בטינה דגנים,יחידה,0.00,יחידה,false,,18.90,0.0000,true,1,164342
7290017396439,false,ג'בטה לבן,,,ג'בטה לבן,יחידה,0.00,יחידה,false,,18.90,0.0000,true,1,164343
7290017396507,false,בייגל חיטה,,,בייגל חיטה,יחידה,0.00,יחידה,false,,18.90,0.0000,true,1,164329
7290017396606,false,לחמניית שמיניה מתוקה,,,לחמניית שמיניה מתוקה,יחידה,0.00,יחידה,false,,18.90,0.0000,true,1,164339
7290017457734,false,סוד מרכך מרוכז ורוד,,,סוד מרכך מרוכז ורוד,,900.00,,false,,14.90,0.0166,true,1,141911
7290017477169,false,קשיו קלוי ששון הקולה,,,קשיו קלוי ששון הקולה,,250.00,100 גרם,false,,20.00,0.0800,true,1,166433
7290017599236,false,סוכרזית סטיוויה 200,,,סוכרזית סטיוויה 200,,200.00,,false,,26.90,0.1345,true,1,164637
7290017599267,false,סוכרזית סוכרלוז 120,,,סוכרזית סוכרלוז 120,יחידה,0.00,יחידה,false,,29.90,0.0000,true,1,167523
7290017617138,false,טונה סטארקיסט בשמן ק,קריות זול,,טונה סטארקיסט בשמן ק,,640.00,100 גרם,false,,26.90,0.0420,true,1,161793
7290017696409,false,פטריות פורטובלה,,,פטריות פורטובלה,יחידה,0.00,יחידה,false,,13.90,0.0000,true,1,140876
7290017812052,false,יין אקסלנס שיראז-קבר,קריות זול,,יין אקסלנס שיראז-קבר,,750.00,,false,,24.90,0.0332,true,1,140721
7290017812069,false,יין אקסלנס ריזלינג-ש,,,יין אקסלנס ריזלינג-ש,,750.00,,false,,24.90,0.0332,true,1,140722
7290017812571,false,מיץ ענבים אדום 100%,,,מיץ ענבים אדום 100%,,1000.00,,false,,19.90,0.0199,true,1,158012
7290017812588,false,מיץ ענבים לבן 100% ט,,,מיץ ענבים לבן 100% ט,,1000.00,100 גרם,false,,19.90,0.0199,true,1,158013
7290017871370,false,פמלי יהלום סבון ידיי,קריות זול,,פמלי יהלום סבון ידיי,,500.00,,false,,9.90,0.0198,true,1,159488
7290017872049,false,פמלי אל סבון שלישייה,,,פמלי אל סבון שלישייה,,1500.00,100 גרם,false,,15.90,0.0106,true,1,159421
7290017872193,false,טוסו עוגיות שקדים וק,,,טוסו עוגיות שקדים וק,,200.00,,false,,16.90,0.0845,true,1,159428
7290017888019,false,פרוט & וג' תפוח רימו,,,פרוט & וג' תפוח רימו,,350.00,,false,,8.90,0.0254,true,1,159495
7290017888026,false,פרוט & וג' אננס תפוח,,,פרוט & וג' אננס תפוח,,350.00,100 גרם,false,,8.90,0.0254,true,1,159496
7290017888033,false,פרוט & וג' בננה מלון,,,פרוט & וג' בננה מלון,,350.00,100 גרם,false,,8.90,0.0254,true,1,159497
7290017888354,false,מי עדן 750מל,קריות זול,,מי עדן 750מל,,750.00,,false,,3.50,0.0047,true,1,161975
7290017888644,false,פרוט & וג' אננס בננה,,,פרוט & וג' אננס בננה,,350.00,,false,,8.90,0.0254,true,1,159498
7290017888729,false,שוופס סודה בקבוק 1 ל,,,שוופס סודה בקבוק 1 ל,,1000.00,100 גרם,false,,4.50,0.0045,true,1,159296
7290017938264,false,חומוס עם חריף 200 גר,,,חומוס עם חריף 200 גר,,200.00,100 גרם,false,,9.90,0.0495,true,1,167308
7290018043295,false,חטיף חלבון ונילה קרא,,,חטיף חלבון ונילה קרא,,60.00,100 גרם,false,,13.90,0.2317,true,1,166914
7290018043844,false,חטיף חלבון בוטנים קר,,,חטיף חלבון בוטנים קר,,60.00,100 גרם,false,,13.90,0.2317,true,1,166909
7290018045084,false,דגני בוקר בון בון במ,,,דגני בוקר בון בון במ,,480.00,,false,,23.90,0.0498,true,1,165643
7290018045497,false,דגני בוקר בון בון במ,,,דגני בוקר בון בון במ,,480.00,,false,,23.90,0.0498,true,1,165642
7290018045695,false,דגני בוקר בון בון במ,,,דגני בוקר בון בון במ,,480.00,100 גרם,false,,23.90,0.0498,true,1,165644
7290018045893,false,דגני בוקר בון בון במ,,,דגני בוקר בון בון במ,,480.00,100 גרם,false,,23.90,0.0498,true,1,165641
7290018050408,false,אגוזי פיסטוק קלויים,,,אגוזי פיסטוק קלויים,,160.00,100 גרם,false,,15.00,0.0938,true,1,160834
7290018050453,false,קשיו טבעי קופסא 220,,,קשיו טבעי קופסא 220,,220.00,100 גרם,false,,15.00,0.0682,true,1,160839
7290018050484,false,אגוז מלך קלופים טבעי,,,אגוז מלך קלופים טבעי,,150.00,,false,,10.00,0.0667,true,1,160841
7290018050491,false,אלמונדוס קופסא 220 ג,,,אלמונדוס קופסא 220 ג,,220.00,,false,,10.00,0.0455,true,1,160842
7290018050514,false,בוטן מטוגן קופסא 240,,,בוטן מטוגן קופסא 240,,240.00,100 גרם,false,,10.00,0.0417,true,1,160843
7290018050521,false,אגוזי לוז טבעי קופסא,,,אגוזי לוז טבעי קופסא,,180.00,100 גרם,false,,10.00,0.0556,true,1,160819
7290018050545,false,גרעיני אבטיח קלויים,,,גרעיני אבטיח קלויים,,140.00,,false,,10.00,0.0714,true,1,160820
7290018050699,false,שקדים טבעיים קלופים,,,שקדים טבעיים קלופים,,230.00,,false,,15.00,0.0652,true,1,160854
7290018050750,false,מיקס אגוזים חמצוציות,,,מיקס אגוזים חמצוציות,,130.00,100 גרם,false,,10.00,0.0769,true,1,160827
7290018050842,false,שקדים בקרמל קופסא 20,,,שקדים בקרמל קופסא 20,,200.00,100 גרם,false,,15.00,0.0750,true,1,160864
7290018050866,false,בוטנים בכרמל קופסא 2,,,בוטנים בכרמל קופסא 2,,200.00,,false,,10.00,0.0500,true,1,160866
7290018165447,false,יין רזרב גולד מרלו 7,,,יין רזרב גולד מרלו 7,,750.00,100 גרם,false,,49.90,0.0665,true,1,162350
7290018192658,false,פטריות צמד חמד איטלק,קריות זול,,פטריות צמד חמד איטלק,יחידה,0.00,יחידה,false,,16.90,0.0000,true,1,161289
7290018198056,false,תפוגן קוביות תפוחי א,,,תפוגן קוביות תפוחי א,,1500.00,,false,,27.90,0.0186,true,1,159131
7290018198254,false,תפוגן קריספי צ'יפס פ,,,תפוגן קריספי צ'יפס פ,,1250.00,,false,,27.90,0.0223,true,1,162904
7290018213261,false,מטליות מיקרופייבר אי,,,מטליות מיקרופייבר אי,יחידה,0.00,יחידה,false,,10.90,0.0000,true,1,166379
7290018213995,false,*מבצע* 3 מטליות מיקר,,,*מבצע* 3 מטליות מיקר,יחידה,0.00,יחידה,false,,10.90,0.0000,true,1,167063
7290018237922,false,שניצלונים בציפוי ציפ,,,שניצלונים בציפוי ציפ,,700.00,100 גרם,false,,19.90,0.0284,true,1,166328
7290018237939,false,שניצלונים בציפוי שומ,,,שניצלונים בציפוי שומ,,700.00,,false,,19.90,0.0284,true,1,166329
7290018294208,false,יין סלקטד אדום ישראל,קריות זול,,יין סלקטד אדום ישראל,,750.00,,false,,29.90,0.0399,true,1,164023
7290018294352,false,ארק 37.5% כרמל  700,,,ארק 37.5% כרמל  700,,700.00,,false,,49.90,0.0713,true,1,167344
7290018294918,false,מונלייט מוסקט ורוד מ,,,מונלייט מוסקט ורוד מ,,750.00,100 גרם,false,,34.90,0.0465,true,1,167343
7290018359518,false,תירס מהשדה בלי תוספת,,,תירס מהשדה בלי תוספת,,600.00,,false,,15.90,0.0265,true,1,161691
7290018359679,false,הקיסרית- שעועית לימה,קריות זול,,הקיסרית- שעועית לימה,,550.00,100 גרם,false,,9.90,0.0180,true,1,165944
7290018359686,false,חומוס ענק יכין 550 ג,קריות זול,,חומוס ענק יכין 550 ג,,550.00,,false,,9.90,0.0180,true,1,165945
7290018359853,false,עדשים שחורות יכין 40,קריות זול,,עדשים שחורות יכין 40,,400.00,100 גרם,false,,6.90,0.0173,true,1,165943
7290018440247,false,תה צאי שקדים 25שק,קריות זול,,תה צאי שקדים 25שק,יחידה,0.00,יחידה,false,,22.90,0.0000,true,1,165597
7290018471029,false,שוופס סודה לימון מאר,,,שוופס סודה לימון מאר,,3000.00,,false,,15.90,0.0053,true,1,161507
7290018471715,false,משקה אלוורה קינג אננ,,,משקה אלוורה קינג אננ,,1000.00,,false,,13.90,0.0139,true,1,164171
7290018471906,false,שוופס מוגז לימונדה ו,,,שוופס מוגז לימונדה ו,,1500.00,100 גרם,false,,10.90,0.0073,true,1,165143
7290018471944,false,שוופס מוגז למונייד 1,,,שוופס מוגז למונייד 1,,1500.00,100 גרם,false,,10.90,0.0073,true,1,165145
7290018652015,false,סופרולר,,,סופרולר,יחידה,0.00,יחידה,false,,8.90,0.0000,true,1,163456
7290018703496,false,חטיף חלבון בננה טופי,,,חטיף חלבון בננה טופי,,60.00,100 גרם,false,,13.90,0.2317,true,1,166912
7290018770245,false,זית ירוק מגולען בטעם,,,זית ירוק מגולען בטעם,,190.00,100 גרם,false,,14.90,0.0784,true,1,167198
7290018770276,false,זית עריביקה עם שמן ז,,,זית עריביקה עם שמן ז,,215.00,100 גרם,false,,14.90,0.0693,true,1,167201
7290018770351,false,טחינה משומשום אתיופי,,,טחינה משומשום אתיופי,,500.00,100 גרם,false,,15.90,0.0318,true,1,167286
7290018860991,false,אטריות ביצים רחבות 4,,,אטריות ביצים רחבות 4,,400.00,,false,,10.90,0.0273,true,1,167066
7290018893005,false,בייגלה שטוח חרדל ודב,,,בייגלה שטוח חרדל ודב,,160.00,100 גרם,false,,8.90,0.0556,true,1,165432
7290018893104,false,ביסקוויט מצופה שוקול,,,ביסקוויט מצופה שוקול,,100.00,,false,,7.90,0.0790,true,1,165445
7290018893494,false,עלי וופל חמאה דקים צ,,,עלי וופל חמאה דקים צ,,100.00,,false,,10.90,0.1090,true,1,165429
7290018893647,false,עוגיות סנדביץ מצופות,,,עוגיות סנדביץ מצופות,,150.00,,false,,9.90,0.0660,true,1,165459
7290018894248,false,צוקטה שוקול חלב שליש,,,צוקטה שוקול חלב שליש,,100.00,100 גרם,false,,13.90,0.1390,true,1,167652
7290018925065,false,פרימור מיץ תפוזים סח,,,פרימור מיץ תפוזים סח,,2000.00,,false,,29.90,0.0150,true,1,165273
7290019056027,false,שוופס מוגז פירות תפו,,,שוופס מוגז פירות תפו,,1500.00,,false,,10.90,0.0073,true,1,165149
7290019056058,false,שוופס מוגז עדין תפוח,,,שוופס מוגז עדין תפוח,,1500.00,,false,,9.90,0.0066,true,1,165138
7290019056065,false,שוופס מוגז עדין פירו,,,שוופס מוגז עדין פירו,,1500.00,100 גרם,false,,9.90,0.0066,true,1,165139
7290019056096,false,שוופס מוגז עדין אפרס,,,שוופס מוגז עדין אפרס,,1500.00,100 גרם,false,,9.90,0.0066,true,1,165142
7290019056133,false,שוופס סודה נענע ליים,,,שוופס סודה נענע ליים,,1500.00,,false,,4.20,0.0028,true,1,165215
7290019056164,false,שוופס סודה מארז 4*1.,קריות זול,,שוופס סודה מארז 4*1.,,6000.00,100 גרם,false,,12.90,0.0021,true,1,165187
7290019056188,false,שוופס סודה נענע ליים,קריות זול,,שוופס סודה נענע ליים,,6000.00,,false,,12.90,0.0021,true,1,165189
7290019056256,false,שוופס וואטר תפוח 1.5,,,שוופס וואטר תפוח 1.5,,1500.00,100 גרם,false,,9.90,0.0066,true,1,165176
7290019056300,false,שוופס ביטר לימון 1.5,קריות זול,,שוופס ביטר לימון 1.5,,1500.00,,false,,13.90,0.0093,true,1,165183
7290019056331,false,שוופס מי טוניק ללא ס,קריות זול,,שוופס מי טוניק ללא ס,,1500.00,,false,,13.90,0.0093,true,1,165186
7290019056355,false,תפוזינה לימונענע 1.5,קריות זול,,תפוזינה לימונענע 1.5,,1500.00,100 גרם,false,,9.90,0.0066,true,1,165135
7290019056362,false,תפוזינה ענבים 1.5ליט,קריות זול,,תפוזינה ענבים 1.5ליט,,1500.00,100 גרם,false,,9.90,0.0066,true,1,165128
7290019056379,false,תפוזינה תפוזים 1.5לי,קריות זול,,תפוזינה תפוזים 1.5לי,,1500.00,100 גרם,false,,9.90,0.0066,true,1,165129
7290019056393,false,תפוזינה תות בננה 1.5,קריות זול,,תפוזינה תות בננה 1.5,,1500.00,100 גרם,false,,9.90,0.0066,true,1,165131
7290019056409,false,תפוזינה מנגו עסיסי 1,קריות זול,,תפוזינה מנגו עסיסי 1,,1500.00,100 גרם,false,,9.90,0.0066,true,1,165136
7290019056423,false,תפוזינה תפוח רענן 1.,קריות זול,,תפוזינה תפוח רענן 1.,,1500.00,100 גרם,false,,9.90,0.0066,true,1,165137
7290019056430,false,תפוזינה דיאט תפוזים,קריות זול,,תפוזינה דיאט תפוזים,,1500.00,,false,,9.90,0.0066,true,1,165133
7290019056515,false,משקה וואטר פרוט אננס,,,משקה וואטר פרוט אננס,,1500.00,100 גרם,false,,9.90,0.0066,true,1,165156
7290019056553,false,עין גדי מים מינרלים,קריות זול,,עין גדי מים מינרלים,,12000.00,100 גרם,false,,13.80,0.0012,true,1,165114
7290019056577,false,ספרינג מנגו 1.5ליטר,קריות זול,,ספרינג מנגו 1.5ליטר,,1500.00,,false,,9.90,0.0066,true,1,165116
7290019056584,false,ספרינג תפוזים 1.5ליט,קריות זול,,ספרינג תפוזים 1.5ליט,,1500.00,100 גרם,false,,9.90,0.0066,true,1,165117
7290019056591,false,ספרינג ענבים 1.5ליטר,,,ספרינג ענבים 1.5ליטר,,1500.00,,false,,9.90,0.0066,true,1,165121
7290019056607,false,ספרינג תפוחים 1.5ליט,קריות זול,,ספרינג תפוחים 1.5ליט,,1500.00,,false,,9.90,0.0066,true,1,165118
7290019056638,false,ספרינג תות בננה 1.5ל,קריות זול,,ספרינג תות בננה 1.5ל,,1500.00,,false,,9.90,0.0066,true,1,165123
7290019056645,false,ספרינג אגס סברס תפוח,קריות זול,,ספרינג אגס סברס תפוח,,1500.00,100 גרם,false,,9.90,0.0066,true,1,165124
7290019056669,false,ספרינג תפוחים דיאט 1,קריות זול,,ספרינג תפוחים דיאט 1,,1500.00,,false,,9.90,0.0066,true,1,165126
7290019056676,false,ספרינג דיאט אשכוליות,קריות זול,,ספרינג דיאט אשכוליות,,1500.00,,false,,9.90,0.0066,true,1,165120
7290019056966,false,מי עדן 1.5ליטר,,,מי עדן 1.5ליטר,,1500.00,100 גרם,false,,3.30,0.0022,true,1,165280
7290019056973,false,מי עדן שישייה 6*1.5,קריות זול,,מי עדן שישייה 6*1.5,,9000.00,,false,,14.70,0.0016,true,1,165113
7290019153078,false,שוופס ביטר לימון  לי,קריות זול,,שוופס ביטר לימון  לי,,1500.00,100 גרם,false,,13.90,0.0093,true,1,165718
7290019153085,false,שוופס מוחיטו ללא סוכ,,,שוופס מוחיטו ללא סוכ,,1500.00,,false,,9.90,0.0066,true,1,165671
7290019153566,false,ספרינג רימון אוכמניו,קריות זול,,ספרינג רימון אוכמניו,,1500.00,100 גרם,false,,9.90,0.0066,true,1,167384
7290019204008,false,עוף טוב פסטרמה ארבעה,קריות זול,,עוף טוב פסטרמה ארבעה,,350.00,,false,,25.90,0.0740,true,1,167413
7290019204305,false,עוף טוב פסטרמה ברביק,קריות זול,,עוף טוב פסטרמה ברביק,,350.00,100 גרם,false,,25.90,0.0740,true,1,167416
7290019232179,false,תה ירוק נענע עם ויטמ,,,תה ירוק נענע עם ויטמ,,25.00,,false,,27.90,1.1160,true,1,168008
7290019297239,false,צימוק חום 330גר קופס,,,צימוק חום 330גר קופס,,330.00,100 גרם,false,,17.90,0.0542,true,1,96852
7290019297420,false,מעדן תות שדה שקדיה 1,,,מעדן תות שדה שקדיה 1,,284.00,100 גרם,false,,12.90,0.0454,true,1,96858
7290019297543,false,חמאת בוטנים 510גרם,,,חמאת בוטנים 510גרם,,510.00,,false,,11.90,0.0233,true,1,133571
7290100240632,false,פתית 6 דגנים 250 גרם,,,פתית 6 דגנים 250 גרם,,250.00,100 גרם,false,,19.50,0.0780,true,1,90361
7290100243671,false,בדין אקסטרא כחול 960,,,בדין אקסטרא כחול 960,,960.00,100 גרם,false,,19.90,0.0207,true,1,90372
7290100412800,false,"תחליב רחצה ד""ר עור ל",,,"תחליב רחצה ד""ר עור ל",,700.00,100 גרם,false,,16.90,0.0241,true,1,139714
7290100412831,false,"תחליב רחצה ד""ר עור א",,,"תחליב רחצה ד""ר עור א",,700.00,100 גרם,false,,16.90,0.0241,true,1,139715
7290100659090,false,פרי חטיף דגנים תמרים,,,פרי חטיף דגנים תמרים,,110.00,,false,,18.90,0.1718,true,1,91617
7290100680650,false,מנה חמה אסם נודלס-אט,,,מנה חמה אסם נודלס-אט,,76.00,,false,,7.50,0.0987,true,1,88243
7290100680667,false,מנה חמה אסם נודלס-אט,,,מנה חמה אסם נודלס-אט,,76.00,100 גרם,false,,7.50,0.0987,true,1,88244
7290100680711,false,פירורית זהב שקית אסם,,,פירורית זהב שקית אסם,,350.00,,false,,9.90,0.0283,true,1,88245
7290100680728,false,פירורית אסם שקית 350,,,פירורית אסם שקית 350,,350.00,100 גרם,false,,7.90,0.0226,true,1,88246
7290100681015,false,פודינג ריבת חלב אסם,,,פודינג ריבת חלב אסם,,84.00,,false,,6.50,0.0774,true,1,88248
7290100681138,false,אפרופו מארז אסם 3*50,קריות זול,,אפרופו מארז אסם 3*50,,150.00,100 גרם,false,,13.90,0.0927,true,1,88250
7290100683880,false,תערובת להכנת פירה אס,,,תערובת להכנת פירה אס,,260.00,,false,,16.50,0.0635,true,1,88261
7290100684139,false,פסטה מיני מקרוני אסם,,,פסטה מיני מקרוני אסם,,500.00,100 גרם,false,,7.60,0.0152,true,1,88262
7290100685136,false,מרק טעם עוף 1קג אסם,,,מרק טעם עוף 1קג אסם,,1000.00,100 גרם,false,,14.90,0.0149,true,1,88267
7290100685334,false,*מבצע* מרק עוף רכיבי,קריות זול,,*מבצע* מרק עוף רכיבי,,400.00,100 גרם,false,,22.90,0.0572,true,1,88269
7290100685341,false,*מבצע* מרק טעם עוף ז,,,*מבצע* מרק טעם עוף ז,,400.00,,false,,16.90,0.0422,true,1,88270
7290100687109,false,במבה במילוי קרם נוגט,,,במבה במילוי קרם נוגט,,60.00,,false,,5.60,0.0933,true,1,88279
7290100689301,false,מרק בטעם עוף זך אסם,,,מרק בטעם עוף זך אסם,,400.00,,false,,16.90,0.0422,true,1,88286
7290100700020,false,גריסי פנינה סוגת 500,,,גריסי פנינה סוגת 500,,500.00,100 גרם,false,,7.30,0.0146,true,1,94089
7290100700075,false,פירורי לחם מוזהבים ס,,,פירורי לחם מוזהבים ס,,200.00,100 גרם,false,,4.90,0.0245,true,1,94091
7290100700273,false,קינואה סוגת 500 גר,,,קינואה סוגת 500 גר,,500.00,100 גרם,false,,16.90,0.0338,true,1,94094
7290100700372,false,אורז בסמטי מלא סוגת,,,אורז בסמטי מלא סוגת,,1000.00,,false,,13.90,0.0139,true,1,94098
7290100700396,false,אורז יסמין קלאסי סוג,קריות זול,,אורז יסמין קלאסי סוג,,1000.00,100 גרם,false,,13.90,0.0139,true,1,94100
7290100700587,false,בורגול סוגת 500 גר,,,בורגול סוגת 500 גר,,500.00,100 גרם,false,,7.30,0.0146,true,1,94102
7290100701140,false,אורז ארבוריו סוגת 1ק,,,אורז ארבוריו סוגת 1ק,,1000.00,100 גרם,false,,16.50,0.0165,true,1,94110
7290100701157,false,אורז להכנת סושי סוגת,,,אורז להכנת סושי סוגת,,1000.00,,false,,15.50,0.0155,true,1,94111
7290100701409,false,קמח תירס סוגת,,,קמח תירס סוגת,יחידה,0.00,יחידה,false,,9.90,0.0000,true,1,157014
7290100702260,false,קוסקוס דק סוגת 350 ג,,,קוסקוס דק סוגת 350 ג,,350.00,100 גרם,false,,6.90,0.0197,true,1,94124
7290100702628,false,פתיתים אפויים קוסקוס,,,פתיתים אפויים קוסקוס,,500.00,,false,,7.50,0.0150,true,1,144634
7290100702635,false,פתיתים אפויים כוכבים,,,פתיתים אפויים כוכבים,,500.00,,false,,7.50,0.0150,true,1,144635
7290100702642,false,פתיתים אפויים טבעות,,,פתיתים אפויים טבעות,,500.00,100 גרם,false,,7.50,0.0150,true,1,144636
7290100702666,false,פתיתים אפויים עם בצל,,,פתיתים אפויים עם בצל,,400.00,100 גרם,false,,7.50,0.0188,true,1,144638
7290100702673,false,פתיתים אפויים 3 צבעי,,,פתיתים אפויים 3 צבעי,,400.00,,false,,7.50,0.0188,true,1,144639
7290100702741,false,סוכר חום קלאסי בקופס,,,סוכר חום קלאסי בקופס,,1000.00,100 גרם,false,,14.90,0.0149,true,1,134663
7290100702987,false,פתיתי שיבולת שועל סו,,,פתיתי שיבולת שועל סו,,500.00,,false,,6.90,0.0138,true,1,94146
7290100703564,false,פתיתי שיבולת שועל עב,,,פתיתי שיבולת שועל עב,,500.00,100 גרם,false,,6.90,0.0138,true,1,131940
7290100703625,false,קמח חלה ללא צורך ניפ,,,קמח חלה ללא צורך ניפ,,1000.00,,false,,9.90,0.0099,true,1,140197
7290100703632,false,קמח חיטה מלא ללא צור,,,קמח חיטה מלא ללא צור,,1000.00,100 גרם,false,,9.90,0.0099,true,1,140231
7290100703649,false,קמח חיטה 80% ללא צור,,,קמח חיטה 80% ללא צור,,1000.00,100 גרם,false,,9.90,0.0099,true,1,140198
7290100703670,false,קמח כוסמין מלא ללא צ,,,קמח כוסמין מלא ללא צ,,1000.00,100 גרם,false,,14.90,0.0149,true,1,140200
7290100704493,false,קמח שמרים לפיצה ללא,,,קמח שמרים לפיצה ללא,,1000.00,100 גרם,false,,10.90,0.0109,true,1,161331
7290100704530,false,קמח כוסמין לבן ללא צ,,,קמח כוסמין לבן ללא צ,,1000.00,,false,,16.90,0.0169,true,1,163169
7290100704660,false,קינואה מיקס סוגת 500,,,קינואה מיקס סוגת 500,,500.00,,false,,16.90,0.0338,true,1,162974
7290100850909,false,דוריטוס נאצו מקסיקני,,,דוריטוס נאצו מקסיקני,,70.00,,false,,4.90,0.0700,true,1,90801
7290100850916,false,דוריטוס חמוץ חריף 70,,,דוריטוס חמוץ חריף 70,,70.00,100 גרם,false,,4.10,0.0586,true,1,90802
7290100850923,false,דוריטוס גריל 70גר,,,דוריטוס גריל 70גר,,70.00,,false,,4.10,0.0586,true,1,90803
7290100850930,false,דוריטוס דיפ טבעי 70ג,,,דוריטוס דיפ טבעי 70ג,,70.00,,false,,4.10,0.0586,true,1,90804
7290100858592,false,קקאו עלית 150גר,,,קקאו עלית 150גר,,150.00,100 גרם,false,,10.90,0.0727,true,1,99634
7290100924457,false,כדוריות סוד סבון לאס,,,כדוריות סוד סבון לאס,,0.00,,false,,16.90,0.0000,true,1,163661
7290100924464,false,כדוריות סוד סבון לאס,,,כדוריות סוד סבון לאס,,0.00,,false,,16.90,0.0000,true,1,163662
7290100925676,false,לוכד צבעים קולור קאצ,,,לוכד צבעים קולור קאצ,יחידה,0.00,יחידה,false,,19.90,0.0000,true,1,151473
7290100925751,false,סוד נוזל לכלים תפוח,,,סוד נוזל לכלים תפוח,,650.00,100 גרם,false,,6.90,0.0106,true,1,131203
7290100926598,false,פרסיל אבקת כביסה 5קג,,,פרסיל אבקת כביסה 5קג,,5.00,"ק""ג",false,,45.90,9.1800,true,1,100505
7290101112921,false,גלידל פרי מאגדת בטעם,,,גלידל פרי מאגדת בטעם,,8.00,,false,,24.90,3.1125,true,1,162117
7290101450900,false,נרות ג'מבו כוכבים ממ,,,נרות ג'מבו כוכבים ממ,יחידה,0.00,יחידה,false,,7.90,0.0000,true,1,91870
7290101551027,false,קפסולות מס'14,,,קפסולות מס'14,,50.00,,false,,19.90,0.3980,true,1,140679
7290101551263,false,*מבצע* סילאן טבעי יד,,,*מבצע* סילאן טבעי יד,,700.00,,false,,20.90,0.0299,true,1,139647
7290101551300,false,*מבצע* סילאן טבעי לח,,,*מבצע* סילאן טבעי לח,,380.00,100 גרם,false,,15.90,0.0418,true,1,139648
7290101551539,false,דנונה פרו אפרסק 20 ג,,,דנונה פרו אפרסק 20 ג,,200.00,100 גרם,false,,6.50,0.0325,true,1,139777
7290101551584,false,תפוציפס קידס מארז 10,,,תפוציפס קידס מארז 10,,200.00,100 גרם,false,,12.90,0.0645,true,1,140310
7290101551638,false,ציטוס כאפה אפוי מארז,,,ציטוס כאפה אפוי מארז,,200.00,,false,,12.90,0.0645,true,1,139954
7290101863410,false,סיליט באנג ספריי אקו,,,סיליט באנג ספריי אקו,,750.00,,false,,13.90,0.0185,true,1,96529
7290101864127,false,קליה אוקסי ספריי 750,,,קליה אוקסי ספריי 750,,750.00,100 גרם,false,,25.90,0.0345,true,1,96531
7290101866787,false,קליה גל לבן 3ליטר,,,קליה גל לבן 3ליטר,,3000.00,100 גרם,false,,29.90,0.0100,true,1,96539
7290101868958,false,פיניש נוזל הברקה למד,,,פיניש נוזל הברקה למד,,800.00,,false,,21.90,0.0274,true,1,96542
7290101869726,false,פיניש ג'ל למדיח 1ליט,,,פיניש ג'ל למדיח 1ליט,,1000.00,100 גרם,false,,46.90,0.0469,true,1,96551
7290101869733,false,פיניש ג'ל למדיח לימו,,,פיניש ג'ל למדיח לימו,,1000.00,,false,,46.90,0.0469,true,1,96552
7290101869788,false,איירוויק מילוי מבשם,,,איירוויק מילוי מבשם,,250.00,,false,,19.90,0.0796,true,1,145584
7290101982470,false,ממתק רולר בטעמים,,,ממתק רולר בטעמים,יחידה,0.00,יחידה,false,,7.50,0.0000,true,1,157230
7290102030330,false,תפוציפס קראנץ מקסיקנ,,,תפוציפס קראנץ מקסיקנ,,200.00,100 גרם,false,,11.90,0.0595,true,1,90806
7290102031276,false,אקטימל תות בננה 8*10,,,אקטימל תות בננה 8*10,,800.00,,false,,21.90,0.0274,true,1,95251
7290102032334,false,קפה נמס עלית בטעם ונ,,,קפה נמס עלית בטעם ונ,,200.00,100 גרם,false,,29.90,0.1495,true,1,99643
7290102300822,false,גבינה צידר אנגלית כת,,,גבינה צידר אנגלית כת,יחידה,0.00,יחידה,false,,22.90,0.0000,true,1,157017
7290102390427,false,מולר פרופ תות 3% 150,,,מולר פרופ תות 3% 150,,150.00,100 גרם,false,,5.60,0.0373,true,1,91059
7290102390465,false,מולר פרופ אפרסק פסיפ,,,מולר פרופ אפרסק פסיפ,,150.00,100 גרם,false,,5.60,0.0373,true,1,91061
7290102390489,false,מולר פרופ לימון 3% 1,,,מולר פרופ לימון 3% 1,,150.00,100 גרם,false,,5.60,0.0373,true,1,91062
7290102391844,false,מולר פרופ לבן+קציפת,,,מולר פרופ לבן+קציפת,,150.00,100 גרם,false,,5.60,0.0373,true,1,91071
7290102392049,false,גבינה תבור לאפייה 5%,,,גבינה תבור לאפייה 5%,,500.00,100 גרם,false,,28.90,0.0578,true,1,91075
7290102392094,false,חלב עיזים צוריאל 1ל,,,חלב עיזים צוריאל 1ל,,1000.00,,false,,18.70,0.0187,true,1,91077
7290102393039,false,מולר מיקס בתוספת פצפ,קריות זול,,מולר מיקס בתוספת פצפ,,150.00,,false,,6.60,0.0440,true,1,91110
7290102393169,false,מולר סימפלי פרוט תות,,,מולר סימפלי פרוט תות,,150.00,100 גרם,false,,5.60,0.0373,true,1,91120
7290102393176,false,מולר סימפלי פרוט אפר,,,מולר סימפלי פרוט אפר,,150.00,100 גרם,false,,5.60,0.0373,true,1,91121
7290102393190,false,מולר סימפלי פרוט פיר,,,מולר סימפלי פרוט פיר,,150.00,100 גרם,false,,5.60,0.0373,true,1,91123
7290102393268,false,גבינה לבנה 5% 750גר,,,גבינה לבנה 5% 750גר,,750.00,100 גרם,false,,14.94,0.0199,true,1,91127
7290102393299,false,יוגורט עיזים לשתייה,,,יוגורט עיזים לשתייה,,500.00,,false,,15.50,0.0310,true,1,91128
7290102393855,false,יוגורט עיזים 3% אפרס,,,יוגורט עיזים 3% אפרס,,150.00,100 גרם,false,,7.70,0.0513,true,1,91147
7290102393947,false,מולר סימפלי פרוט קיו,,,מולר סימפלי פרוט קיו,,150.00,100 גרם,false,,5.60,0.0373,true,1,91151
7290102394081,false,מולר מיקס קורנפקלס מ,,,מולר מיקס קורנפקלס מ,יחידה,0.00,יחידה,false,,6.60,0.0000,true,1,91163
7290102394258,false,מה עז צוריאל 9% 180ג,,,מה עז צוריאל 9% 180ג,,180.00,100 גרם,false,,25.90,0.1439,true,1,91172
7290102394463,false,גבינה צהובה נעם ואקו,,,גבינה צהובה נעם ואקו,,500.00,100 גרם,false,,30.90,0.0618,true,1,91181
7290102394821,false,גבינה צהובה נעם דק ד,,,גבינה צהובה נעם דק ד,,200.00,100 גרם,false,,18.90,0.0945,true,1,91188
7290102394845,false,גבינה צהובה נעם דק ד,,,גבינה צהובה נעם דק ד,,200.00,100 גרם,false,,19.50,0.0975,true,1,91189
7290102395224,false,מולר נטורל 1.7% מארז,,,מולר נטורל 1.7% מארז,,1200.00,100 גרם,false,,19.80,0.0165,true,1,91211
7290102395231,false,מולר נטורל 2.8% מארז,,,מולר נטורל 2.8% מארז,,1200.00,100 גרם,false,,19.80,0.0165,true,1,91212
7290102395262,false,מולר סימפלי פרוט מאג,,,מולר סימפלי פרוט מאג,יחידה,0.00,יחידה,false,,31.90,0.0000,true,1,91215
7290102395439,false,מולר סימפלי פרוט מאג,,,מולר סימפלי פרוט מאג,,1200.00,100 גרם,false,,31.90,0.0266,true,1,91221
7290102395446,false,מוו וניל קצפת 123גר,,,מוו וניל קצפת 123גר,,123.00,100 גרם,false,,3.40,0.0276,true,1,91222
7290102395477,false,מוו שוקולד קצפת 123ג,,,מוו שוקולד קצפת 123ג,,123.00,100 גרם,false,,3.40,0.0276,true,1,91225
7290102395521,false,שמנת לבישול 15% 500מ,,,שמנת לבישול 15% 500מ,,500.00,,false,,18.90,0.0378,true,1,91228
7290102396405,false,מוו מעדן וניל מארז 8,,,מוו מעדן וניל מארז 8,,800.00,,false,,15.50,0.0194,true,1,91272
7290102396665,false,גבינה צהובה נעם 15%,,,גבינה צהובה נעם 15%,,200.00,100 גרם,false,,17.90,0.0895,true,1,91290
7290102396672,false,גבינה צהובה גבינת נע,,,גבינה צהובה גבינת נע,,360.00,100 גרם,false,,29.90,0.0831,true,1,91291
7290102396719,false,מולר סימפלי פרוט תות,,,מולר סימפלי פרוט תות,,150.00,100 גרם,false,,5.60,0.0373,true,1,91294
7290102397204,false,גבינה צהובה נעם 22%ד,,,גבינה צהובה נעם 22%ד,,200.00,100 גרם,false,,18.90,0.0945,true,1,91326
7290102397310,false,מיני מוו שוקולד קצפת,,,מיני מוו שוקולד קצפת,,560.00,,false,,13.90,0.0248,true,1,91331
7290102397600,false,מולר מיקס+ שקדים ובו,,,מולר מיקס+ שקדים ובו,,170.00,100 גרם,false,,6.60,0.0388,true,1,91349
7290102397617,false,מולר מיקס קליק 150גר,,,מולר מיקס קליק 150גר,,150.00,100 גרם,false,,6.60,0.0440,true,1,91350
7290102397679,false,קוטג 5% 375גר טרה,,,קוטג 5% 375גר טרה,,375.00,100 גרם,false,,8.90,0.0237,true,1,134495
7290102397730,false,גבינה אמנטל נעם 200ג,,,גבינה אמנטל נעם 200ג,,200.00,100 גרם,false,,19.50,0.0975,true,1,135668
7290102397747,false,גבינת מוצרלה פרוס 20,,,גבינת מוצרלה פרוס 20,,200.00,100 גרם,false,,21.90,0.1095,true,1,137450
7290102397891,false,גבינה מותכת צוריאל 1,,,גבינה מותכת צוריאל 1,,100.00,100 גרם,false,,8.50,0.0850,true,1,134452
7290102398065,false,חלב בקרטון טרה 3% 2,,,חלב בקרטון טרה 3% 2,,2000.00,100 גרם,false,,12.46,0.0062,true,1,135762
7290102398331,false,חלב מועשר דל לקטוז 1,,,חלב מועשר דל לקטוז 1,,1000.00,,false,,8.70,0.0087,true,1,137346
7290102398553,false,שוקו טרה בקבוק 1.5ל',,,שוקו טרה בקבוק 1.5ל',,1500.00,100 גרם,false,,17.90,0.0119,true,1,158338
7290102398560,false,שוקו טרה מועשר 1 ליט,,,שוקו טרה מועשר 1 ליט,,1000.00,,false,,13.40,0.0134,true,1,139157
7290102398577,false,שוקו טרה מועשר 250 מ,,,שוקו טרה מועשר 250 מ,,250.00,,false,,5.90,0.0236,true,1,139158
7290102398836,false,משקה שקדים קלאסי 1 ל,,,משקה שקדים קלאסי 1 ל,,1000.00,,false,,12.90,0.0129,true,1,153034
7290102399819,false,מולר אקטיב יוגורט 20,,,מולר אקטיב יוגורט 20,,200.00,100 גרם,false,,6.90,0.0345,true,1,153041
7290102399857,false,מולר אקטיב לייט 20 ע,,,מולר אקטיב לייט 20 ע,,200.00,100 גרם,false,,6.90,0.0345,true,1,159724
7290102601547,false,כפיות פרמיום שקוף/קר,,,כפיות פרמיום שקוף/קר,יחידה,0.00,יחידה,false,,9.90,0.0000,true,1,115492
7290103400194,false,כרוב לבן שטראוס 400ג,,,כרוב לבן שטראוס 400ג,,400.00,,false,,9.70,0.0242,true,1,95255
7290103404758,false,סלט כרוב אדום אחלה 1,,,סלט כרוב אדום אחלה 1,,200.00,,false,,5.80,0.0290,true,1,95259
7290103408206,false,עלי חסה ערבית שטופים,,,עלי חסה ערבית שטופים,,250.00,,false,,12.90,0.0516,true,1,95262
7290104061417,false,חומוס טחינה אחלה קלא,,,חומוס טחינה אחלה קלא,,400.00,100 גרם,false,,11.90,0.0298,true,1,95264
7290104061424,false,חומוס זעתר אחלה קלאס,,,חומוס זעתר אחלה קלאס,,400.00,100 גרם,false,,11.90,0.0298,true,1,95265
7290104061431,false,חומוס צנובר אחלה קלא,,,חומוס צנובר אחלה קלא,,400.00,,false,,11.90,0.0298,true,1,95266
7290104061448,false,חומוס חריף אחלה קלאס,,,חומוס חריף אחלה קלאס,,400.00,,false,,11.90,0.0298,true,1,95267
7290104065187,false,קפה נמס בטעם מוקה על,,,קפה נמס בטעם מוקה על,,200.00,,false,,21.90,0.1095,true,1,99678
7290104500572,false,אפרופו חטיף איטליאנו,,,אפרופו חטיף איטליאנו,,50.00,100 גרם,false,,5.50,0.1100,true,1,88288
7290104501661,false,פודינג וניל צרפתי אס,,,פודינג וניל צרפתי אס,,80.00,,false,,6.30,0.0787,true,1,88289
7290104504228,false,דובונים מולטיפק אסם,,,דובונים מולטיפק אסם,,100.00,,false,,14.90,0.1490,true,1,88295
7290104508189,false,גביעי גלידה אסם 24יח,,,גביעי גלידה אסם 24יח,,24.00,,false,,14.90,0.6208,true,1,88300
7290104720499,false,דני וניל מארז 8*125ג,,,דני וניל מארז 8*125ג,,1000.00,100 גרם,false,,16.90,0.0169,true,1,95274
7290104721762,false,קפה טורקי עלית מארז,,,קפה טורקי עלית מארז,,255.00,100 גרם,false,,19.90,0.0780,true,1,99686
7290104721953,false,לקט מסולסלים ירקות ש,,,לקט מסולסלים ירקות ש,,350.00,100 גרם,false,,13.90,0.0397,true,1,95280
7290104722530,false,תפוציפס שמנת בצל 200,,,תפוציפס שמנת בצל 200,,200.00,,false,,11.90,0.0595,true,1,90818
7290104726262,false,דני תות לשתיה מארז ר,,,דני תות לשתיה מארז ר,יחידה,500.00,יחידה,false,,11.90,0.0238,true,1,95287
7290104726712,false,מילקי שמינייה מארז 8,,,מילקי שמינייה מארז 8,,1064.00,,false,,21.70,0.0204,true,1,95288
7290104728310,false,שמנת להקצפה 38% 250,,,שמנת להקצפה 38% 250,,250.00,,false,,6.47,0.0259,true,1,95292
7290104965647,false,דאודורנט רול און  נו,,,דאודורנט רול און  נו,,75.00,,false,,15.90,0.2120,true,1,163086
7290105360250,false,קפסולות מס9 עשיר ואר,,,קפסולות מס9 עשיר ואר,יחידה,0.00,יחידה,false,,19.90,0.0000,true,1,99704
7290105360878,false,תפוציפס מארז 4*50גר,,,תפוציפס מארז 4*50גר,,200.00,,false,,11.90,0.0595,true,1,90827
7290105362339,false,שמנת לבישול 15% 250מ,,,שמנת לבישול 15% 250מ,,250.00,100 גרם,false,,8.90,0.0356,true,1,95298
7290105363602,false,כיף כף מקלות קלאסי 4,,,כיף כף מקלות קלאסי 4,,40.00,100 גרם,false,,5.90,0.1475,true,1,99717
7290105364302,false,כיף כף מקלות אגוזים,,,כיף כף מקלות אגוזים,,40.00,,false,,5.90,0.1475,true,1,99719
7290105366023,false,חציל טעם כבד אחלה טע,,,חציל טעם כבד אחלה טע,,400.00,100 גרם,false,,16.90,0.0422,true,1,95301
7290105366047,false,טחינה לבנה אחלה טעמי,,,טחינה לבנה אחלה טעמי,,400.00,100 גרם,false,,16.90,0.0422,true,1,95303
7290105366993,false,גבינת סימפוניה פלפל,,,גבינת סימפוניה פלפל,,200.00,100 גרם,false,,11.90,0.0595,true,1,95308
7290105368331,false,"מילקי תות 170מ""ל",,,"מילקי תות 170מ""ל",,170.00,,false,,2.90,0.0171,true,1,95319
7290105369130,false,גבינת סימפוניה בצל י,,,גבינת סימפוניה בצל י,,200.00,100 גרם,false,,11.90,0.0595,true,1,95330
7290105439505,false,ממרח מיונז לייט מאסט,,,ממרח מיונז לייט מאסט,,479.00,,false,,9.90,0.0207,true,1,132188
7290105691712,false,עוגיות הפסקת קפה דגנ,,,עוגיות הפסקת קפה דגנ,,230.00,100 גרם,false,,13.50,0.0587,true,1,88327
7290105693341,false,*מבצע* במבה מארז אסם,,,*מבצע* במבה מארז אסם,,250.00,100 גרם,false,,16.00,0.0640,true,1,88337
7290105693457,false,עוגת הבית דמקה שוקו,,,עוגת הבית דמקה שוקו,,320.00,,false,,15.90,0.0497,true,1,88338
7290105695321,false,עוגות הבית בראוניס פ,,,עוגות הבית בראוניס פ,,380.00,100 גרם,false,,18.90,0.0497,true,1,88353
7290105965738,false,דנונה לשתיה תות בננה,,,דנונה לשתיה תות בננה,,250.00,,false,,5.50,0.0220,true,1,95342
7290105968777,false,פריכיות תחתית שוקולד,,,פריכיות תחתית שוקולד,,80.00,,false,,8.90,0.1113,true,1,99756
7290106520066,false,רבע לשבע גלילי וופל,,,רבע לשבע גלילי וופל,,160.00,100 גרם,false,,13.50,0.0844,true,1,99758
7290106520288,false,דנונה WOW תות 150 ג,,,דנונה WOW תות 150 ג,,150.00,100 גרם,false,,4.90,0.0327,true,1,95351
7290106520905,false,סלט טורקי אחלה טעמי,,,סלט טורקי אחלה טעמי,,400.00,,false,,16.90,0.0422,true,1,95360
7290106520912,false,שמנת לבישול 9% יטבתה,,,שמנת לבישול 9% יטבתה,,250.00,100 גרם,false,,8.90,0.0356,true,1,95361
7290106524439,false,תפוציפס פופס 60גר,קריות זול,,תפוציפס פופס 60גר,,60.00,100 גרם,false,,4.50,0.0750,true,1,137404
7290106525320,false,שוקולית לאפיה 500גר,,,שוקולית לאפיה 500גר,,500.00,,false,,17.90,0.0358,true,1,129254
7290106525399,false,קפסולות ברזיל 06 למכ,,,קפסולות ברזיל 06 למכ,,50.00,100 גרם,false,,19.90,0.3980,true,1,99774
7290106526822,false,פריכיות עם תחתית שוק,,,פריכיות עם תחתית שוק,,80.00,100 גרם,false,,8.90,0.1113,true,1,99787
7290106572027,false,לחמית חמישה דגנים אס,,,לחמית חמישה דגנים אס,,190.00,,false,,9.90,0.0521,true,1,88370
7290106572997,false,קמח שמרים לפיצה ופוק,,,קמח שמרים לפיצה ופוק,,1000.00,,false,,11.90,0.0119,true,1,88377
7290106574953,false,בייגלה שטוחים שומשום,,,בייגלה שטוחים שומשום,,300.00,100 גרם,false,,12.50,0.0417,true,1,88398
7290106574977,false,בייגלה שטוחים עם מלח,,,בייגלה שטוחים עם מלח,,300.00,100 גרם,false,,12.50,0.0417,true,1,88399
7290106576513,false,חומוס צבר 400גר,,,חומוס צבר 400גר,,400.00,,false,,10.90,0.0273,true,1,88412
7290106576537,false,חומוס מסעדות צבר 700,,,חומוס מסעדות צבר 700,,700.00,100 גרם,false,,12.90,0.0184,true,1,88413
7290106577541,false,כרוב אדום צבר 400גרם,,,כרוב אדום צבר 400גרם,,400.00,100 גרם,false,,13.90,0.0348,true,1,88421
7290106578692,false,במבה ביסלי מיקס אסם,,,במבה ביסלי מיקס אסם,,80.00,100 גרם,false,,5.60,0.0700,true,1,88429
7290106653689,false,לקט לסלט אסייתי שטרא,,,לקט לסלט אסייתי שטרא,,350.00,,false,,12.90,0.0369,true,1,133891
7290106654099,false,מילקי קייק שמינייה 8,,,מילקי קייק שמינייה 8,,272.00,100 גרם,false,,19.90,0.0732,true,1,144965
7290106656727,false,עוגיות חיוכים שוקו ב,,,עוגיות חיוכים שוקו ב,,600.00,,false,,18.90,0.0315,true,1,99823
7290106662025,false,תפוצ'יפס מלח פלפל 50,,,תפוצ'יפס מלח פלפל 50,,50.00,100 גרם,false,,4.50,0.0900,true,1,150317
7290106663121,false,מילקי קייק 34 גר,,,מילקי קייק 34 גר,,34.00,,false,,3.50,0.1029,true,1,95411
7290106663558,false,רוטב טריאקי רימון יד,,,רוטב טריאקי רימון יד,,320.00,,false,,15.90,0.0497,true,1,99882
7290106664555,false,רוטב שמנת עם עגבניות,,,רוטב שמנת עם עגבניות,,250.00,,false,,10.90,0.0436,true,1,95420
7290106666788,false,סוכריות נוסטלגיה דבש,,,סוכריות נוסטלגיה דבש,,80.00,100 גרם,false,,5.90,0.0738,true,1,99893
7290106667266,false,דוריטוס חמוץ חריף 18,,,דוריטוס חמוץ חריף 18,,185.00,,false,,8.50,0.0459,true,1,90905
7290106668577,false,מיץ לימון טבעי 250 מ,,,מיץ לימון טבעי 250 מ,,250.00,,false,,8.90,0.0356,true,1,129299
7290106720626,false,ציטוס קראנצ בטעם גבי,,,ציטוס קראנצ בטעם גבי,,80.00,,false,,4.90,0.0613,true,1,134723
7290106721913,false,מסטיק מאסט ריח פה צ',,,מסטיק מאסט ריח פה צ',,66.00,100 גרם,false,,10.90,0.1652,true,1,99927
7290106721920,false,מסטיק מאסט ספירימינט,,,מסטיק מאסט ספירימינט,,66.00,100 גרם,false,,10.90,0.1652,true,1,99928
7290106723689,false,עלי תרד בייבי שטראוס,,,עלי תרד בייבי שטראוס,,200.00,,false,,12.90,0.0645,true,1,95457
7290106726178,false,דנונה WOW פירות יער,,,דנונה WOW פירות יער,,150.00,100 גרם,false,,4.90,0.0327,true,1,95466
7290107340243,false,מטען אייפון IMX,,,מטען אייפון IMX,יחידה,0.00,יחידה,false,,39.90,0.0000,true,1,160071
7290107340526,false,מטען טייפסי IMX,,,מטען טייפסי IMX,יחידה,0.00,יחידה,false,,39.90,0.0000,true,1,160073
7290107341356,false,כבל אייפון IMX,,,כבל אייפון IMX,יחידה,0.00,יחידה,false,,19.90,0.0000,true,1,160937
7290107347297,false,כבל מיקרו 2 מטר,,,כבל מיקרו 2 מטר,יחידה,0.00,יחידה,false,,24.90,0.0000,true,1,164120
7290107645584,false,מרק עוף אמיתי קנור ר,קריות זול,,מרק עוף אמיתי קנור ר,,400.00,100 גרם,false,,25.90,0.0647,true,1,139589
7290107646062,false,מרק בצל רכיבים טבעיי,,,מרק בצל רכיבים טבעיי,,400.00,100 גרם,false,,25.90,0.0647,true,1,138410
7290107646918,false,רוטב עגבניות ופלפלים,,,רוטב עגבניות ופלפלים,,415.00,,false,,11.90,0.0287,true,1,136649
7290107647731,false,קוקומן חום לבן בדצ 3,,,קוקומן חום לבן בדצ 3,,375.00,,false,,22.90,0.0611,true,1,136387
7290107647854,false,שוגי בדצ 500 גר,,,שוגי בדצ 500 גר,,500.00,,false,,22.90,0.0458,true,1,136466
7290107870047,false,אקסטרים מטבע ענק ברא,,,אקסטרים מטבע ענק ברא,,115.00,100 גרם,false,,11.90,0.1035,true,1,163461
7290107871990,false,פסטה צינורות אסם 500,,,פסטה צינורות אסם 500,,500.00,,false,,7.60,0.0152,true,1,88452
7290107874427,false,פריכונים מיני זעתר א,,,פריכונים מיני זעתר א,,25.00,100 גרם,false,,4.70,0.1880,true,1,88472
7290107874502,false,ביסלי גריל מארז אסם,,,ביסלי גריל מארז אסם,,220.00,,false,,13.90,0.0632,true,1,143240
7290107877619,false,במבה במילוי קרם נוגט,,,במבה במילוי קרם נוגט,,150.00,100 גרם,false,,14.90,0.0993,true,1,134047
7290107879699,false,קרחון שרבט לה פרוטה,,,קרחון שרבט לה פרוטה,,70.00,,false,,7.90,0.1129,true,1,90749
7290107930321,false,קונפיטורת דובדבן יד,,,קונפיטורת דובדבן יד,,340.00,100 גרם,false,,14.90,0.0438,true,1,99981
7290107931397,false,כיף כף פצפצים 40גר,,,כיף כף פצפצים 40גר,,40.00,100 גרם,false,,5.90,0.1475,true,1,99986
7290107932080,false,חלב מועשר בבקבוק 3%,,,חלב מועשר בבקבוק 3%,,1000.00,,false,,7.90,0.0079,true,1,95496
7290107932134,false,חלב מועשר בבקבוק 1%,,,חלב מועשר בבקבוק 1%,,1000.00,100 גרם,false,,7.90,0.0079,true,1,95498
7290107933155,false,לקט סלנובה 200גר,,,לקט סלנובה 200גר,,200.00,100 גרם,false,,14.90,0.0745,true,1,95500
7290107936309,false,דנונה יווני לבן 130ג,,,דנונה יווני לבן 130ג,,130.00,,false,,3.80,0.0292,true,1,132007
7290107936965,false,עד חצות ביסקוויט עיג,קריות זול,,עד חצות ביסקוויט עיג,,225.00,100 גרם,false,,14.90,0.0662,true,1,136503
7290107937856,false,קפסולות עלית מס 11 ל,,,קפסולות עלית מס 11 ל,יחידה,0.00,יחידה,false,,19.90,0.0000,true,1,131808
7290107938396,false,אקטימל תות שמינייה ב,,,אקטימל תות שמינייה ב,,864.00,100 גרם,false,,21.90,0.0253,true,1,95535
7290107939027,false,גזר דק דק ירקות שטרא,,,גזר דק דק ירקות שטרא,,250.00,,false,,7.90,0.0316,true,1,133604
7290107940030,false,*מבצע* חומוס אחלה 65,,,*מבצע* חומוס אחלה 65,,650.00,,false,,9.90,0.0152,true,1,138111
7290107940467,false,אקטיביה 1.5% 200גר,,,אקטיביה 1.5% 200גר,,200.00,100 גרם,false,,3.90,0.0195,true,1,95549
7290107941259,false,עדשים ירוקות מבושלות,,,עדשים ירוקות מבושלות,,475.00,,false,,11.90,0.0251,true,1,133605
7290107941266,false,שעועית אדומה מבושלת,,,שעועית אדומה מבושלת,,475.00,100 גרם,false,,14.90,0.0314,true,1,133606
7290107941273,false,חומוס מבושל שטראוס 4,,,חומוס מבושל שטראוס 4,,475.00,,false,,11.90,0.0251,true,1,133607
7290107943192,false,שמנת חמוצה מהערבה 27,,,שמנת חמוצה מהערבה 27,,200.00,100 גרם,false,,4.40,0.0220,true,1,144967
7290107944472,false,גבינת סימפוניה שום ש,,,גבינת סימפוניה שום ש,,200.00,,false,,11.90,0.0595,true,1,132477
7290107945165,false,קונפיטורת משמש יד מר,קריות זול,,קונפיטורת משמש יד מר,,340.00,100 גרם,false,,14.90,0.0438,true,1,134243
7290107950190,false,מעדן שטראוס דיאט שוק,,,מעדן שטראוס דיאט שוק,,130.00,,false,,3.40,0.0262,true,1,131997
7290107950206,false,מעדן שטראוס דיאט שוק,,,מעדן שטראוס דיאט שוק,,130.00,,false,,3.40,0.0262,true,1,132176
7290107953559,false,מארז קפה טורקי לדרך,,,מארז קפה טורקי לדרך,,168.00,100 גרם,false,,19.90,0.1185,true,1,151440
7290107954709,false,קונפיטורת פירות יער,,,קונפיטורת פירות יער,,340.00,100 גרם,false,,14.90,0.0438,true,1,135631
7290107954976,false,משקה חלב יטבתה פרו 3,,,משקה חלב יטבתה פרו 3,,350.00,,false,,6.90,0.0197,true,1,135934
7290107956642,false,"תרסיס שמן זית 150 מ""",,,"תרסיס שמן זית 150 מ""",,150.00,100 גרם,false,,18.90,0.1260,true,1,138213
7290107957991,false,מילקי מינייס מארז 6י,,,מילקי מינייס מארז 6י,,144.00,100 גרם,false,,14.90,0.1035,true,1,139660
7290107958035,false,דנונה מארז שמינייה מ,,,דנונה מארז שמינייה מ,,1200.00,,false,,19.90,0.0166,true,1,136911
7290107973861,false,עגבניות קצוצות דק מא,,,עגבניות קצוצות דק מא,,1200.00,100 גרם,false,,16.90,0.0141,true,1,132193
7290107974837,false,ממרח מתובל שום מאסטר,,,ממרח מתובל שום מאסטר,,250.00,,false,,8.90,0.0356,true,1,132190
7290108201864,false,קולון קפסולות לכביסה,,,קולון קפסולות לכביסה,יחידה,0.00,יחידה,false,,29.90,0.0000,true,1,159050
7290108350616,false,סנו מקסימה בלו בלוסו,,,סנו מקסימה בלו בלוסו,,1000.00,100 גרם,false,,19.90,0.0199,true,1,89666
7290108350623,false,סנו מקסימה סופט סילק,,,סנו מקסימה סופט סילק,,1000.00,100 גרם,false,,19.90,0.0199,true,1,89667
7290108351514,false,סנו מקסימה מרכך כביס,,,סנו מקסימה מרכך כביס,,4.00,ליטר,false,,23.90,5.9750,true,1,133224
7290108352207,false,סנו מקסימה 40 קפסולו,,,סנו מקסימה 40 קפסולו,,40.00,,false,,35.90,0.8975,true,1,159560
7290108352498,false,סנו פרש מכשיר אוטומט,,,סנו פרש מכשיר אוטומט,יחידה,0.00,יחידה,false,,47.90,0.0000,true,1,163586
7290108352528,false,מתז 99.9% לחיטוי וני,,,מתז 99.9% לחיטוי וני,,750.00,,false,,17.90,0.0239,true,1,163192
7290108354416,false,קרמה תחליב רחצה ספא,,,קרמה תחליב רחצה ספא,,600.00,,false,,19.90,0.0332,true,1,167292
7290108354447,false,כיף מרכך לשיער שמן ק,,,כיף מרכך לשיער שמן ק,,700.00,100 גרם,false,,13.90,0.0199,true,1,161819
7290108357295,false,סנו אוקסיגן מסיר כתמ,,,סנו אוקסיגן מסיר כתמ,,750.00,,false,,19.90,0.0265,true,1,166900
7290108357882,false,כיף מרכך לחות מוגברת,,,כיף מרכך לחות מוגברת,,700.00,100 גרם,false,,13.90,0.0199,true,1,165927
7290108359060,false,סנו סושי כריות ניקוי,,,סנו סושי כריות ניקוי,,4.00,,false,,12.90,3.2250,true,1,164762
7290108502862,false,מלפפון כבוש במלח 600,,,מלפפון כבוש במלח 600,,600.00,100 גרם,false,,10.90,0.0182,true,1,152704
7290108503043,false,מארז תפוחונים 4*22 ג,,,מארז תפוחונים 4*22 ג,,88.00,100 גרם,false,,15.90,0.1807,true,1,140262
7290108503159,false,גבינה כחולה עם עובש,,,גבינה כחולה עם עובש,,100.00,100 גרם,false,,15.90,0.1590,true,1,140267
7290108503975,false,קנלוני ויליפוד 250 ג,,,קנלוני ויליפוד 250 ג,,250.00,,false,,10.90,0.0436,true,1,141458
7290108504286,false,איבריקו צ'אנק יורו צ,,,איבריקו צ'אנק יורו צ,,150.00,,false,,15.90,0.1060,true,1,142281
7290108506709,false,גבינת פרמג'נו רג'אנו,,,גבינת פרמג'נו רג'אנו,,150.00,,false,,24.90,0.1660,true,1,159462
7290108507652,false,ביסקויט פריך בשוקולד,,,ביסקויט פריך בשוקולד,,100.00,100 גרם,false,,7.90,0.0790,true,1,165898
7290108509267,false,ארוחת פסטה עם רוטב ע,,,ארוחת פסטה עם רוטב ע,,206.00,100 גרם,false,,9.90,0.0481,true,1,167891
7290109351209,false,קרחון שרבט לה פרוטה,,,קרחון שרבט לה פרוטה,,70.00,100 גרם,false,,7.90,0.1129,true,1,90753
7290109351971,false,פריכיות שוקולד חלב פ,,,פריכיות שוקולד חלב פ,,84.00,100 גרם,false,,14.90,0.1774,true,1,131381
7290109352916,false,פריכיות שוקולד לבן פ,,,פריכיות שוקולד לבן פ,,84.00,100 גרם,false,,14.90,0.1774,true,1,131382
7290109354101,false,לחמית ללא גלוטן אסם,,,לחמית ללא גלוטן אסם,,200.00,100 גרם,false,,11.90,0.0595,true,1,135657
7290109355504,false,קראנץ' וניל ליבת נוג,,,קראנץ' וניל ליבת נוג,,100.00,100 גרם,false,,10.90,0.1090,true,1,154249
7290109358260,false,נקניקיות מן הצומח עם,,,נקניקיות מן הצומח עם,,600.00,100 גרם,false,,33.90,0.0565,true,1,136023
7290109358284,false,שניצל תירס עם חלבון,,,שניצל תירס עם חלבון,,664.00,100 גרם,false,,33.90,0.0511,true,1,136024
7290109358482,false,קרמוגית במילוי חלווה,קריות זול,,קרמוגית במילוי חלווה,,200.00,100 גרם,false,,12.90,0.0645,true,1,140637
7290109580043,false,"שניצל תירס 1.75ק""ג ז",,,"שניצל תירס 1.75ק""ג ז",,1750.00,,false,,49.90,0.0285,true,1,161437
7290109580104,false,רוסטביף 150 גרם פרימ,,,רוסטביף 150 גרם פרימ,,150.00,100 גרם,false,,25.90,0.1727,true,1,162521
7290109580111,false,צלעות אסאדו מעושנות,,,צלעות אסאדו מעושנות,,120.00,100 גרם,false,,25.90,0.2158,true,1,165621
7290109580210,false,נקניקיות הצרפתיה ריי,,,נקניקיות הצרפתיה ריי,,300.00,,false,,19.90,0.0663,true,1,165366
7290109580227,false,נקניקיות קאריוורסט ר,,,נקניקיות קאריוורסט ר,,300.00,,false,,19.90,0.0663,true,1,165367
7290109580241,false,נאגטס מן הצומח 500גר,,,נאגטס מן הצומח 500גר,,500.00,100 גרם,false,,25.90,0.0518,true,1,166855
7290109923147,false,אסטוניש מרסס פלא של,,,אסטוניש מרסס פלא של,,750.00,100 גרם,false,,15.90,0.0212,true,1,166613
7290110114787,false,נביעות+ תפוח 1.5ליטר,,,נביעות+ תפוח 1.5ליטר,,1500.00,,false,,9.90,0.0066,true,1,165218
7290110114794,false,נביעות+ אפרסק 1.5ליט,,,נביעות+ אפרסק 1.5ליט,,1500.00,,false,,9.90,0.0066,true,1,165219
7290110114800,false,נביעות+ ענבים 1.5ליט,,,נביעות+ ענבים 1.5ליט,,1500.00,,false,,9.90,0.0066,true,1,165220
7290110114855,false,נביעות שישייה 6*1.5ל,קריות זול,,נביעות שישייה 6*1.5ל,,9000.00,100 גרם,false,,14.70,0.0016,true,1,165089
7290110114893,false,סחוט תפוז 2ליטר,,,סחוט תפוז 2ליטר,,2000.00,,false,,29.90,0.0150,true,1,165083
7290110114954,false,סחוט 2ליטר מתקתק 100,,,סחוט 2ליטר מתקתק 100,,2000.00,,false,,25.90,0.0130,true,1,165086
7290110114961,false,משקה קל בטעם תפוזים,,,משקה קל בטעם תפוזים,,1500.00,100 גרם,false,,9.90,0.0066,true,1,165225
7290110114985,false,משקה קל בטעם אשכוליו,,,משקה קל בטעם אשכוליו,,1500.00,,false,,9.90,0.0066,true,1,165227
7290110115005,false,משקה קל בטעם ענבים פ,,,משקה קל בטעם ענבים פ,,1500.00,100 גרם,false,,9.90,0.0066,true,1,165229
7290110115036,false,פריגת משקה קל מנגו,,,פריגת משקה קל מנגו,,1500.00,100 גרם,false,,9.90,0.0066,true,1,165232
7290110115043,false,משקה קל בטעם לימונענ,,,משקה קל בטעם לימונענ,,1500.00,100 גרם,false,,9.90,0.0066,true,1,165233
7290110115050,false,פריגת משקה קל תות-בנ,,,פריגת משקה קל תות-בנ,,1500.00,100 גרם,false,,9.90,0.0066,true,1,165234
7290110115104,false,פריגת צלול אפרסק 1.5,,,פריגת צלול אפרסק 1.5,,1500.00,100 גרם,false,,9.90,0.0066,true,1,165241
7290110115180,false,נביעות 1.5 ליטר,,,נביעות 1.5 ליטר,,1500.00,100 גרם,false,,2.90,0.0019,true,1,165321
7290110115203,false,קוקה קולה 1.5 ליטר,,,קוקה קולה 1.5 ליטר,,1500.00,100 גרם,false,,9.50,0.0063,true,1,165095
7290110115210,false,קוקה קולה דיאט 1.5ל,,,קוקה קולה דיאט 1.5ל,,1500.00,100 גרם,false,,9.50,0.0063,true,1,165096
7290110115227,false,קוקה קולה זירו בקבוק,,,קוקה קולה זירו בקבוק,,1500.00,100 גרם,false,,9.50,0.0063,true,1,165097
7290110115234,false,קוקה קולה זירו נטול,,,קוקה קולה זירו נטול,,1500.00,100 גרם,false,,9.50,0.0063,true,1,165098
7290110115241,false,קוקה קולה זירו לימון,,,קוקה קולה זירו לימון,,1500.00,100 גרם,false,,9.50,0.0063,true,1,165099
7290110115265,false,ספרייט ליים 1.5ליטר,,,ספרייט ליים 1.5ליטר,,1500.00,100 גרם,false,,9.50,0.0063,true,1,165193
7290110115272,false,ספרייט זירו 1.5ליטר,,,ספרייט זירו 1.5ליטר,,1500.00,100 גרם,false,,9.50,0.0063,true,1,165194
7290110115296,false,פאנטה אורנג 1.5ליטר,,,פאנטה אורנג 1.5ליטר,,1500.00,,false,,9.50,0.0063,true,1,165246
7290110115302,false,פאנטה זירו אורנג 1.5,,,פאנטה זירו אורנג 1.5,,1500.00,,false,,9.50,0.0063,true,1,165247
7290110115357,false,קינלי סודה 1.5ליטר,קריות זול,,קינלי סודה 1.5ליטר,,1500.00,100 גרם,false,,4.80,0.0032,true,1,165198
7290110115364,false,קוקה קולה שישייה 6*1,,,קוקה קולה שישייה 6*1,,9000.00,,false,,53.90,0.0060,true,1,165101
7290110115371,false,קוקה קולה דיאט שישיי,,,קוקה קולה דיאט שישיי,,9000.00,,false,,53.90,0.0060,true,1,165102
7290110115388,false,ספרייט ליים שישייה 6,,,ספרייט ליים שישייה 6,,9000.00,,false,,53.90,0.0060,true,1,165244
7290110115395,false,ספרייט זירו שישייה 6,,,ספרייט זירו שישייה 6,,9000.00,,false,,53.90,0.0060,true,1,165245
7290110115401,false,קינלי סודה מארז שישי,,,קינלי סודה מארז שישי,,9000.00,100 גרם,false,,21.70,0.0024,true,1,165253
7290110115418,false,קוקה קולה זירו שישיי,,,קוקה קולה זירו שישיי,,9000.00,100 גרם,false,,53.90,0.0060,true,1,165192
7290110115425,false,פיוז טי גרין לימון נ,,,פיוז טי גרין לימון נ,,1500.00,,false,,10.90,0.0073,true,1,165200
7290110115449,false,פיוז טי מנגו אננס 1.,,,פיוז טי מנגו אננס 1.,,1500.00,100 גרם,false,,10.90,0.0073,true,1,165202
7290110115456,false,פיוז טי אפרסק 19קלור,,,פיוז טי אפרסק 19קלור,,1500.00,100 גרם,false,,10.90,0.0073,true,1,165203
7290110115463,false,פיוז טי אפרסק 1.5ליט,,,פיוז טי אפרסק 1.5ליט,,1500.00,100 גרם,false,,10.90,0.0073,true,1,165204
7290110115586,false,פריגת תפוזים 40% פחו,,,פריגת תפוזים 40% פחו,,1500.00,100 גרם,false,,9.90,0.0066,true,1,164995
7290110115593,false,פריגת אשכולית 40% פח,,,פריגת אשכולית 40% פח,,1500.00,100 גרם,false,,9.90,0.0066,true,1,165237
7290110115616,false,פיוז טי זירו גרין אנ,,,פיוז טי זירו גרין אנ,,1500.00,,false,,10.90,0.0073,true,1,165209
7290110115623,false,פיוז טי זירו אפרסק 1,,,פיוז טי זירו אפרסק 1,,1500.00,100 גרם,false,,10.90,0.0073,true,1,165210
7290110115777,false,נביעות 1.5 ליטר,,,נביעות 1.5 ליטר,,1500.00,100 גרם,false,,2.90,0.0019,true,1,165322
7290110115821,false,ספרייט ליים 1.5ליטר,,,ספרייט ליים 1.5ליטר,,1500.00,,false,,9.50,0.0063,true,1,165339
7290110115838,false,ספרייט זירו 1.5ליטר,,,ספרייט זירו 1.5ליטר,,1500.00,100 גרם,false,,9.50,0.0063,true,1,165340
7290110115845,false,קוקה קולה 1.5 ליטר,,,קוקה קולה 1.5 ליטר,,1500.00,100 גרם,false,,9.50,0.0063,true,1,165317
7290110115852,false,קוקה קולה דיאט 1.5ל,,,קוקה קולה דיאט 1.5ל,,1500.00,100 גרם,false,,9.50,0.0063,true,1,165341
7290110115869,false,קוקה קולה זירו בקבוק,,,קוקה קולה זירו בקבוק,,1500.00,100 גרם,false,,9.50,0.0063,true,1,165318
7290110115876,false,קינלי סודה 1.5ליטר,קריות זול,,קינלי סודה 1.5ליטר,,1500.00,100 גרם,false,,4.80,0.0032,true,1,165342
7290110115968,false,קוקה קולה 1ליטר,,,קוקה קולה 1ליטר,,1000.00,100 גרם,false,,7.70,0.0077,true,1,165931
7290110115975,false,קוקה קולה זירו 1ליטר,,,קוקה קולה זירו 1ליטר,,1000.00,100 גרם,false,,7.70,0.0077,true,1,165936
7290110116194,false,נביעות+לימון ליים 0,,,נביעות+לימון ליים 0,,1500.00,100 גרם,false,,10.90,0.0073,true,1,167488
7290110116569,false,ספרייט למון היט זירו,,,ספרייט למון היט זירו,,1500.00,,false,,9.50,0.0063,true,1,168189
7290110320591,false,בולגרית 16% במרקם מע,,,בולגרית 16% במרקם מע,,250.00,100 גרם,false,,23.90,0.0956,true,1,134819
7290110320683,false,יופלה משקה 360 בטעם,,,יופלה משקה 360 בטעם,,856.00,,false,,17.90,0.0209,true,1,136425
7290110320850,false,פתיתי עמק 200גר,,,פתיתי עמק 200גר,,200.00,,false,,15.90,0.0795,true,1,136543
7290110320867,false,פתיתי עמק גבינה צהוב,,,פתיתי עמק גבינה צהוב,,500.00,,false,,35.80,0.0716,true,1,137513
7290110320935,false,פרוסות מוצרלה 150גר,,,פרוסות מוצרלה 150גר,,200.00,,false,,17.70,0.0885,true,1,136323
7290110321031,false,יופלה GO יוגורט מועש,,,יופלה GO יוגורט מועש,,200.00,,false,,5.70,0.0285,true,1,136320
7290110321277,false,קוטג בקטנה 5% מהדרין,קריות זול,,קוטג בקטנה 5% מהדרין,,100.00,,false,,2.90,0.0290,true,1,137474
7290110321284,false,קוטג בקטנה 9% מהדרין,קריות זול,,קוטג בקטנה 9% מהדרין,,100.00,,false,,2.90,0.0290,true,1,137475
7290110321697,false,יופלה GO אפרסק 200 ג,,,יופלה GO אפרסק 200 ג,,200.00,,false,,5.90,0.0295,true,1,137662
7290110321703,false,יופלה גו פירות יער 2,,,יופלה גו פירות יער 2,,200.00,,false,,5.90,0.0295,true,1,139225
7290110322014,false,טופו טבעי 300 גרם,,,טופו טבעי 300 גרם,,300.00,,false,,12.80,0.0427,true,1,139226
7290110322021,false,טופו בזיליקום 300 גר,,,טופו בזיליקום 300 גר,,300.00,,false,,12.80,0.0427,true,1,139227
7290110322038,false,טופו פיקנטי 300 גרם,,,טופו פיקנטי 300 גרם,,300.00,100 גרם,false,,12.80,0.0427,true,1,139228
7290110322946,false,יופלה טיוב יוגורט במ,,,יופלה טיוב יוגורט במ,,348.00,100 גרם,false,,12.70,0.0365,true,1,140172
7290110323073,false,משקה יוגורט מועשר בח,,,משקה יוגורט מועשר בח,,250.00,100 גרם,false,,6.60,0.0264,true,1,139809
7290110323301,false,גבינת טל העמק 32% שו,,IL,גבינת טל העמק 32% שו,,200.00,100 גרם,false,,19.30,0.0965,true,1,140932
7290110323585,false,יופלה GO יוגורט עם ד,,,יופלה GO יוגורט עם ד,,200.00,,false,,5.90,0.0295,true,1,140412
7290110323714,false,משקה קוקוס שקדים 1 ל,,IL,משקה קוקוס שקדים 1 ל,,1000.00,,false,,12.80,0.0128,true,1,140926
7290110324353,false,יופלה GO לייט בטעם א,,,יופלה GO לייט בטעם א,,200.00,100 גרם,false,,5.90,0.0295,true,1,141610
7290110324551,false,יופלה טיוב יוגורט במ,,,יופלה טיוב יוגורט במ,,348.00,,false,,12.70,0.0365,true,1,141283
7290110324711,false,ממרח סויה 9% בטעם טב,קריות זול,,ממרח סויה 9% בטעם טב,,250.00,100 גרם,false,,8.90,0.0356,true,1,142232
7290110324841,false,מעדן שקדים עם שוקולד,קריות זול,,מעדן שקדים עם שוקולד,,125.00,100 גרם,false,,4.50,0.0360,true,1,152404
7290110324858,false,מעדן שקדים בטעם אגוז,קריות זול,,מעדן שקדים בטעם אגוז,,125.00,100 גרם,false,,4.50,0.0360,true,1,152405
7290110324872,false,גבינה גלבוע 200גר 5%,,,גבינה גלבוע 200גר 5%,,200.00,100 גרם,false,,18.90,0.0945,true,1,152400
7290110324926,false,משקה סויה ללא תוספת,,,משקה סויה ללא תוספת,,1000.00,100 גרם,false,,11.90,0.0119,true,1,152150
7290110325084,false,מאגדת שמינייה מיני ק,קריות זול,,מאגדת שמינייה מיני ק,,800.00,,false,,14.90,0.0186,true,1,148970
7290110325114,false,משקה יוגורט גו לייט,,,משקה יוגורט גו לייט,,250.00,,false,,6.60,0.0264,true,1,148971
7290110325169,false,פרוסות גאודה 170 גרם,,,פרוסות גאודה 170 גרם,,170.00,100 גרם,false,,19.40,0.1141,true,1,159001
7290110325312,false,מעדן סויה גו בטעם תו,,,מעדן סויה גו בטעם תו,,200.00,,false,,5.90,0.0295,true,1,152407
7290110325619,false,משקה שיבולת שועל 1 ל,,IL,משקה שיבולת שועל 1 ל,,1000.00,100 גרם,false,,12.80,0.0128,true,1,157666
7290110325701,false,פיראוס צזיקי יווני 9,,,פיראוס צזיקי יווני 9,,250.00,100 גרם,false,,12.90,0.0516,true,1,158080
7290110325893,false,משקה חלב גו אייס קפה,קריות זול,,משקה חלב גו אייס קפה,,340.00,100 גרם,false,,8.50,0.0250,true,1,157664
7290110326210,false,יופלה און טופ פצפוצי,,,יופלה און טופ פצפוצי,,157.00,100 גרם,false,,4.90,0.0312,true,1,158994
7290110326234,false,יופלה און טופ כוכבים,,,יופלה און טופ כוכבים,,157.00,100 גרם,false,,4.90,0.0312,true,1,158996
7290110326241,false,יופלה און טופ גרנולה,,,יופלה און טופ גרנולה,,157.00,,false,,4.90,0.0312,true,1,158997
7290110326333,false,פרוסות גבינה סקנדינב,,,פרוסות גבינה סקנדינב,,170.00,,false,,19.50,0.1147,true,1,161248
7290110327125,false,גבינת פטה 21% מחלב צ,,,גבינת פטה 21% מחלב צ,,200.00,,false,,23.50,0.1175,true,1,161602
7290110327514,false,משקה שיבולת שועל בטע,,IL,משקה שיבולת שועל בטע,,1000.00,100 גרם,false,,12.80,0.0128,true,1,163873
7290110327545,false,יופלה און טופ תות בת,,,יופלה און טופ תות בת,,157.00,100 גרם,false,,4.90,0.0312,true,1,161688
7290110327828,false,חטיף חלבון גו בטעם ח,,,חטיף חלבון גו בטעם ח,יחידה,0.00,יחידה,false,,12.90,0.0000,true,1,163576
7290110328627,false,יוגורט גו סמיך 0% בנ,,IL,יוגורט גו סמיך 0% בנ,,200.00,,false,,5.90,0.0295,true,1,163489
7290110328764,false,יוגורט גו סמיך 0% תו,,IL,יוגורט גו סמיך 0% תו,,200.00,,false,,5.90,0.0295,true,1,163490
7290110328771,false,יוגורט גו סמיך 0% פי,,IL,יוגורט גו סמיך 0% פי,,200.00,100 גרם,false,,5.90,0.0295,true,1,163491
7290110328788,false,יוגורט גו סמיך 0% אפ,,IL,יוגורט גו סמיך 0% אפ,,200.00,,false,,5.90,0.0295,true,1,163492
7290110329273,false,יוגורט תנובה מחלב עי,,,יוגורט תנובה מחלב עי,,750.00,,false,,21.50,0.0287,true,1,163872
7290110329303,false,פרוסות בטעם גבינה צה,,,פרוסות בטעם גבינה צה,,200.00,100 גרם,false,,21.90,0.1095,true,1,163874
7290110329426,false,טופו טבעי עם רוטב קר,,,טופו טבעי עם רוטב קר,,250.00,100 גרם,false,,14.90,0.0596,true,1,166604
7290110329433,false,טופו טבעי עם רוטב סצ,,,טופו טבעי עם רוטב סצ,,250.00,,false,,14.90,0.0596,true,1,166605
7290110329686,false,משקה חלב גו בטעם עוג,,,משקה חלב גו בטעם עוג,,340.00,100 גרם,false,,8.50,0.0250,true,1,164872
7290110329716,false,משקה קפה קר בטעם קפו,,,משקה קפה קר בטעם קפו,,230.00,100 גרם,false,,7.90,0.0343,true,1,166499
7290110329723,false,משקה קפה קר בטעם לאט,,,משקה קפה קר בטעם לאט,,230.00,,false,,7.90,0.0343,true,1,166500
7290110329730,false,משקה חלב עם שוקולד ו,,,משקה חלב עם שוקולד ו,,230.00,,false,,7.90,0.0343,true,1,166501
7290110329792,false,סויה ביו אפרסק 150 ג,,,סויה ביו אפרסק 150 ג,,150.00,100 גרם,false,,4.90,0.0327,true,1,165393
7290110329808,false,סויה ביו תות 150 ג א,,,סויה ביו תות 150 ג א,,150.00,100 גרם,false,,4.90,0.0327,true,1,165390
7290110329815,false,סויה ביו מתיקות מעוד,,,סויה ביו מתיקות מעוד,,150.00,,false,,4.90,0.0327,true,1,165391
7290110329822,false,סויה ביו פירות יער ג,,,סויה ביו פירות יער ג,,150.00,,false,,4.90,0.0327,true,1,165389
7290110329846,false,סויה ביו טבעי 150 גר,,,סויה ביו טבעי 150 גר,,150.00,100 גרם,false,,4.90,0.0327,true,1,165394
7290110550226,false,מטבעות שוקולד מריר ל,,,מטבעות שוקולד מריר ל,,400.00,,false,,32.90,0.0822,true,1,166355
7290110550370,false,משולשות קינואה ופלפל,,,משולשות קינואה ופלפל,,65.00,100 גרם,false,,10.90,0.1677,true,1,167526
7290110552220,false,דנונה פרו 20 גרם חלב,,,דנונה פרו 20 גרם חלב,,200.00,100 גרם,false,,6.50,0.0325,true,1,165349
7290110552237,false,דנונה פרו 20 גרם חלב,,,דנונה פרו 20 גרם חלב,,200.00,100 גרם,false,,6.50,0.0325,true,1,165350
7290110552411,false,משקה קפה קר בטעם קרמ,,,משקה קפה קר בטעם קרמ,,230.00,ליטר,false,,7.90,0.0343,true,1,166302
7290110552817,false,מסטיק מאסט קוביות גל,,,מסטיק מאסט קוביות גל,,58.00,,false,,10.90,0.1879,true,1,166878
7290110553173,false,פריכיות אנרגי בטעם כ,,,פריכיות אנרגי בטעם כ,,40.00,100 גרם,false,,6.90,0.1725,true,1,167527
7290110553180,false,פריכיות אנרגי בטעם ת,,,פריכיות אנרגי בטעם ת,,40.00,100 גרם,false,,6.90,0.1725,true,1,167528
7290110553623,false,ציטוס קראנץ צ'דר חלפ,,,ציטוס קראנץ צ'דר חלפ,,80.00,,false,,4.90,0.0613,true,1,166951
7290110554583,false,ציטוס פאפס בטעם גבינ,,,ציטוס פאפס בטעם גבינ,,200.00,100 גרם,false,,12.90,0.0645,true,1,165299
7290110554705,false,קפסולות נספרסו לקפה,,,קפסולות נספרסו לקפה,,50.00,,false,,22.90,0.4580,true,1,167805
7290110554712,false,קפסולות נספרסו לקפה,,,קפסולות נספרסו לקפה,,50.00,,false,,22.90,0.4580,true,1,167806
7290110556242,false,שוקולד מריר פרווה בד,קריות זול,,שוקולד מריר פרווה בד,,100.00,,false,,5.90,0.0590,true,1,167529
7290110557102,false,מעדן חלב עם שוקולד 1,,,מעדן חלב עם שוקולד 1,,150.00,,false,,5.60,0.0373,true,1,164304
7290110557133,false,מעדן הגולן וניל 125,קריות זול,,מעדן הגולן וניל 125,,125.00,,false,,3.20,0.0256,true,1,164815
7290110558222,false,דנונה WOW בנופי 150,,,דנונה WOW בנופי 150,,150.00,,false,,4.90,0.0327,true,1,167164
7290110558338,false,דנונה פרו עם 25 גרם,,,דנונה פרו עם 25 גרם,,200.00,100 גרם,false,,6.70,0.0335,true,1,166537
7290110558666,false,מעדן דניאלה תפוח 150,קריות זול,,מעדן דניאלה תפוח 150,,150.00,,false,,4.30,0.0287,true,1,167988
7290110559014,false,שעועית שחורה 380 גרם,,,שעועית שחורה 380 גרם,,380.00,100 גרם,false,,6.90,0.0182,true,1,167217
7290110560317,false,פריכיות משולשות-מלח,,,פריכיות משולשות-מלח,,30.00,100 גרם,false,,5.90,0.1967,true,1,140506
7290110561352,false,דנונה ביו דל לקטוז 2,,,דנונה ביו דל לקטוז 2,,200.00,,false,,3.80,0.0190,true,1,138657
7290110563431,false,משקה קפה קר בסיגנון,,,משקה קפה קר בסיגנון,,230.00,100 גרם,false,,7.90,0.0343,true,1,140881
7290110563448,false,משקה קפה קר בסיגנון,,,משקה קפה קר בסיגנון,,230.00,100 גרם,false,,7.90,0.0343,true,1,140882
7290110563462,false,חלב 2% בבקבוק נטול ל,,,חלב 2% בבקבוק נטול ל,,1000.00,,false,,8.90,0.0089,true,1,141235
7290110564339,false,חומוס אבי עשיר ב30%,,,חומוס אבי עשיר ב30%,,400.00,100 גרם,false,,14.90,0.0373,true,1,137676
7290110564360,false,חומוס אבי עשיר ב40%,,,חומוס אבי עשיר ב40%,,400.00,100 גרם,false,,14.90,0.0373,true,1,137677
7290110565527,false,דנונה פרו 20 גרם חלב,,,דנונה פרו 20 גרם חלב,,200.00,,false,,6.50,0.0325,true,1,136883
7290110566975,false,דנונה פרו 20 גרם חלב,,,דנונה פרו 20 גרם חלב,,200.00,,false,,6.50,0.0325,true,1,138658
7290110568238,false,קצפת צמחית 21% שומן,,,קצפת צמחית 21% שומן,,250.00,100 גרם,false,,8.50,0.0340,true,1,139357
7290110568276,false,משקה יוטבתה פרו וניל,,,משקה יוטבתה פרו וניל,,350.00,100 גרם,false,,6.90,0.0197,true,1,139054
7290110571382,false,מעדן חלב בטעם וניל 1,,,מעדן חלב בטעם וניל 1,,150.00,,false,,5.60,0.0373,true,1,166193
7290110571405,false,מיני פינוקיות בגביע,,,מיני פינוקיות בגביע,,180.00,100 גרם,false,,10.90,0.0606,true,1,167813
7290110572129,false,כיף כיף מקלות שוקולד,,,כיף כיף מקלות שוקולד,,40.00,100 גרם,false,,5.90,0.1475,true,1,167808
7290110572976,false,כיף כך פיצפוצים קרם,,,כיף כך פיצפוצים קרם,,135.00,,false,,11.90,0.0881,true,1,167209
7290110576318,false,מארז שלישייה שוקולד,,,מארז שלישייה שוקולד,,300.00,,false,,25.90,0.0863,true,1,167532
7290110576356,false,ספלנדיד שוקולד מריר,,,ספלנדיד שוקולד מריר,,100.00,,false,,11.90,0.1190,true,1,166907
7290110576370,false,מארז שלישייה שוקולד,,,מארז שלישייה שוקולד,,300.00,100 גרם,false,,25.90,0.0863,true,1,167533
7290110576752,false,שוקולד ספלנדיד 70% מ,,,שוקולד ספלנדיד 70% מ,,100.00,,false,,11.90,0.1190,true,1,167811
7290110576776,false,שוקולד ספלנדיד 85% מ,,,שוקולד ספלנדיד 85% מ,,100.00,100 גרם,false,,11.90,0.1190,true,1,167812
7290110576868,false,גמדים סלט פירות 4*10,קריות זול,,גמדים סלט פירות 4*10,,400.00,,false,,11.70,0.0292,true,1,167986
7290111010170,false,יין לוטן קברנה סובינ,,,יין לוטן קברנה סובינ,,750.00,100 גרם,false,,29.90,0.0399,true,1,140806
7290111010194,false,מגבוני תינוקות בייבי,,,מגבוני תינוקות בייבי,יחידה,0.00,יחידה,false,,11.90,0.0000,true,1,141417
7290111010200,false,תיק רב סל,,,תיק רב סל,יחידה,0.00,יחידה,false,,2.90,0.0000,true,1,141206
7290111010248,false,"שמן זית בורגתא 750מ""",,,"שמן זית בורגתא 750מ""",,750.00,,false,,29.90,0.0399,true,1,142311
7290111010262,false,מגבות נייר פייפר טאו,,,מגבות נייר פייפר טאו,יחידה,0.00,יחידה,false,,11.90,0.0000,true,1,152237
7290111010279,false,מגבונים לניקוי כללי,,,מגבונים לניקוי כללי,יחידה,0.00,יחידה,false,,10.00,0.0000,true,1,153023
7290111010491,false,אקונומיקה 4 ליטר סן,,,אקונומיקה 4 ליטר סן,,4000.00,,false,,14.90,0.0037,true,1,166970
7290111010507,false,נוזל כלים 18% תפוח 1,,,נוזל כלים 18% תפוח 1,,1600.00,,false,,11.90,0.0074,true,1,166991
7290111010514,false,נוזל כלים 18% לימון,,,נוזל כלים 18% לימון,,1600.00,,false,,11.90,0.0074,true,1,166992
7290111010613,false,"שמן זית בשן 750מ""ל",,,"שמן זית בשן 750מ""ל",,750.00,100 גרם,false,,29.90,0.0399,true,1,164989
7290111010682,false,יין לוטן שיראז קברנה,,,יין לוטן שיראז קברנה,,750.00,100 גרם,false,,29.90,0.0399,true,1,165753
7290111010699,false,יין יערה קברנה סובינ,,,יין יערה קברנה סובינ,,750.00,100 גרם,false,,29.90,0.0399,true,1,165755
7290111010705,false,יין יערה אמרלד ריזלי,,,יין יערה אמרלד ריזלי,,750.00,,false,,29.90,0.0399,true,1,165756
7290111010712,false,יין יערה שיראז קברנה,,,יין יערה שיראז קברנה,,750.00,,false,,29.90,0.0399,true,1,165757
7290111010767,false,אקונומיקה סן רמו מבו,,,אקונומיקה סן רמו מבו,,4000.00,,false,,14.90,0.0037,true,1,166971
7290111010798,false,מרכך כביסה פרש אורנג,,,מרכך כביסה פרש אורנג,,4000.00,,false,,16.90,0.0042,true,1,166974
7290111010903,false,מרכך כביסה פרש ונילה,,,מרכך כביסה פרש ונילה,,1000.00,100 גרם,false,,12.90,0.0129,true,1,166985
7290111010941,false,נוזל רצפות מרוכז לבנ,,,נוזל רצפות מרוכז לבנ,,2000.00,,false,,16.90,0.0084,true,1,166989
7290111010996,false,תמר מלך המגהול גולד,,,תמר מלך המגהול גולד,,500.00,100 גרם,false,,19.90,0.0398,true,1,166465
7290111011047,false,נוזל חלונות 1 ליטר ס,,,נוזל חלונות 1 ליטר ס,,750.00,100 גרם,false,,8.90,0.0119,true,1,167601
7290111340178,false,מטליות לחות לניקוי כ,,,מטליות לחות לניקוי כ,,50.00,,false,,10.90,0.2180,true,1,135887
7290111340185,false,מטליות לחות לרצפה בנ,,,מטליות לחות לרצפה בנ,,10.00,,false,,12.90,1.2900,true,1,135901
7290111341373,false,לילי פסטל נייר טואלט,,,לילי פסטל נייר טואלט,יחידה,0.00,יחידה,false,,39.90,0.0000,true,1,139617
7290111342042,false,כריות יפניות אנטיבקט,,,כריות יפניות אנטיבקט,יחידה,0.00,יחידה,false,,12.90,0.0000,true,1,159590
7290111342738,false,לילי נייר טואלט לח ק,,,לילי נייר טואלט לח ק,יחידה,0.00,יחידה,false,,22.90,0.0000,true,1,153051
7290111344930,false,מטליות לחות לרצפה בנ,,,מטליות לחות לרצפה בנ,,10.00,,false,,12.90,1.2900,true,1,164616
7290111350726,false,נאצ'וס מתירס צהוב 32,,,נאצ'וס מתירס צהוב 32,,322.00,100 גרם,false,,16.90,0.0525,true,1,163331
7290111353055,false,סוכריות גומי דובונים,,,סוכריות גומי דובונים,,200.00,100 גרם,false,,9.90,0.0495,true,1,161616
7290111353109,false,סוכריות גומי נחשים מ,,,סוכריות גומי נחשים מ,,200.00,100 גרם,false,,9.90,0.0495,true,1,161614
7290111353123,false,סוכריות גומי נחשים מ,,,סוכריות גומי נחשים מ,,200.00,,false,,9.90,0.0495,true,1,161615
7290111353239,false,סוכריות גומי יין 200,,,סוכריות גומי יין 200,,200.00,,false,,9.90,0.0495,true,1,161617
7290111564291,false,פריכיות דקות עם קינו,,,פריכיות דקות עם קינו,,120.00,100 גרם,false,,11.90,0.0992,true,1,135912
7290111565502,false,גלידה סנדוויץ' אוראו,,,גלידה סנדוויץ' אוראו,,80.00,100 גרם,false,,10.90,0.1363,true,1,137566
7290111566103,false,פלאפל מרכיבים ביתיים,,,פלאפל מרכיבים ביתיים,,590.00,,false,,35.90,0.0608,true,1,137551
7290111566240,false,שניצל דק בטעם צ'ילי,קריות זול,,שניצל דק בטעם צ'ילי,,564.00,100 גרם,false,,35.90,0.0637,true,1,137546
7290111566271,false,חטיפי תירס טבעול 657,קריות זול,,חטיפי תירס טבעול 657,,657.00,100 גרם,false,,35.90,0.0546,true,1,137547
7290111566417,false,טחון צמחוני טבעול 50,,,טחון צמחוני טבעול 50,,500.00,,false,,35.90,0.0718,true,1,137561
7290111566561,false,שניצל ברוקולי 99 קלו,,,שניצל ברוקולי 99 קלו,,560.00,,false,,35.90,0.0641,true,1,137553
7290111566585,false,שניצל צמחוני 99 קלור,קריות זול,,שניצל צמחוני 99 קלור,,650.00,,false,,35.90,0.0552,true,1,137557
7290111566691,false,שניצל טבעול תרד 99 ק,,,שניצל טבעול תרד 99 ק,,560.00,100 גרם,false,,35.90,0.0641,true,1,149949
7290111566752,false,שניצל תירס 99 קלוריו,קריות זול,,שניצל תירס 99 קלוריו,,693.00,100 גרם,false,,34.90,0.0504,true,1,137554
7290111568206,false,ביסלי פארטי מיקס אסם,,,ביסלי פארטי מיקס אסם,,150.00,,false,,9.90,0.0660,true,1,138887
7290111935961,false,מחית עגבניות מאסטר ש,,,מחית עגבניות מאסטר ש,,690.00,,false,,11.90,0.0172,true,1,162627
7290112000286,false,סיליט באנג גל לניקוי,,,סיליט באנג גל לניקוי,,750.00,,false,,9.90,0.0132,true,1,137306
7290112000293,false,סיליט באנג גל לניקוי,,,סיליט באנג גל לניקוי,,750.00,,false,,9.90,0.0132,true,1,137307
7290112001221,false,קולון מנקה מכונת כבי,,,קולון מנקה מכונת כבי,,250.00,,false,,21.90,0.0876,true,1,140404
7290112002099,false,קולון גל מרוכז רגיל,,,קולון גל מרוכז רגיל,,2.50,ליטר,false,,26.90,10.7600,true,1,152371
7290112002105,false,קולון ג'ל מרוכז לילך,,,קולון ג'ל מרוכז לילך,,2.50,ליטר,false,,26.90,10.7600,true,1,152372
7290112002112,false,קולון ג'ל מרוכז ורדי,,,קולון ג'ל מרוכז ורדי,,2.50,ליטר,false,,26.90,10.7600,true,1,152373
7290112004321,false,דטול מטליות לחות לני,,,דטול מטליות לחות לני,יחידה,0.00,יחידה,false,,15.90,0.0000,true,1,164053
7290112004611,false,ןניש קליה פאואר ג'ל,,,ןניש קליה פאואר ג'ל,,200.00,,false,,14.90,0.0745,true,1,166282
7290112005045,false,וניש אבקה לכביסה לבנ,,,וניש אבקה לכביסה לבנ,,480.00,,false,,19.90,0.0415,true,1,166870
7290112005052,false,וניש אבקה לכביסה לבנ,,,וניש אבקה לכביסה לבנ,,1500.00,100 גרם,false,,39.90,0.0266,true,1,166868
7290112005076,false,וניש אבקה לכביסה צבע,,,וניש אבקה לכביסה צבע,,480.00,100 גרם,false,,19.90,0.0415,true,1,166871
7290112005083,false,וניש אבקה לכביסה צבע,,,וניש אבקה לכביסה צבע,,1500.00,,false,,39.90,0.0266,true,1,166869
7290112330352,false,דנונה פרו וניל 0% שו,,,דנונה פרו וניל 0% שו,,200.00,,false,,6.50,0.0325,true,1,141451
7290112330390,false,דנונה פרו 20 גרם פיר,,,דנונה פרו 20 גרם פיר,,200.00,,false,,6.50,0.0325,true,1,141452
7290112332691,false,עוגיות קרם פסק זמן א,,,עוגיות קרם פסק זמן א,,200.00,100 גרם,false,,10.90,0.0545,true,1,148939
7290112335487,false,פריכיות הטעימות קצח,,,פריכיות הטעימות קצח,,135.00,,false,,13.90,0.1030,true,1,141932
7290112335494,false,פריכיות הטעימות פוטט,,,פריכיות הטעימות פוטט,,135.00,,false,,13.90,0.1030,true,1,141933
7290112335500,false,פריכיות הטעימות חלבו,,,פריכיות הטעימות חלבו,,135.00,100 גרם,false,,13.90,0.1030,true,1,141934
7290112336637,false,מאסט סוכריות יוגורט,,,מאסט סוכריות יוגורט,,80.00,100 גרם,false,,9.40,0.1175,true,1,152203
7290112336644,false,מאסט סוכריות לימון ל,,,מאסט סוכריות לימון ל,,80.00,,false,,9.40,0.1175,true,1,152204
7290112336651,false,מאסט סוכריות ריבת חל,,,מאסט סוכריות ריבת חל,,80.00,,false,,9.40,0.1175,true,1,152206
7290112336712,false,דנונה פרו 21 עשיר בח,,,דנונה פרו 21 עשיר בח,,200.00,,false,,6.50,0.0325,true,1,141234
7290112337474,false,מאסט סוכריות פטל לימ,,,מאסט סוכריות פטל לימ,,80.00,100 גרם,false,,9.40,0.1175,true,1,152205
7290112339867,false,גמדים סקוויז תות 100,,,גמדים סקוויז תות 100,,100.00,,false,,5.90,0.0590,true,1,140879
7290112339874,false,גמדים סקוויז תות בננ,,,גמדים סקוויז תות בננ,,100.00,100 גרם,false,,5.90,0.0590,true,1,140880
7290112340122,false,פריכיות הטעימות 3 דג,,,פריכיות הטעימות 3 דג,,135.00,100 גרם,false,,13.90,0.1030,true,1,141935
7290112340245,false,מסטיק מאסט דובדבן מג,,,מסטיק מאסט דובדבן מג,,66.00,,false,,10.90,0.1652,true,1,141369
7290112341679,false,אקטיביה 3% 200 גרם,,,אקטיביה 3% 200 גרם,,150.00,100 גרם,false,,3.90,0.0260,true,1,152160
7290112341686,false,אקטיביה 3% מארז שמינ,,,אקטיביה 3% מארז שמינ,,1200.00,,false,,21.90,0.0182,true,1,152164
7290112342102,false,גבינת סימפוניה בצל מ,,,גבינת סימפוניה בצל מ,,200.00,,false,,11.90,0.0595,true,1,157710
7290112342508,false,דוריטוס קול ראנצ' 70,,,דוריטוס קול ראנצ' 70,,70.00,,false,,4.90,0.0700,true,1,152991
7290112343260,false,רוטב שמנת קלאסי 9% י,,,רוטב שמנת קלאסי 9% י,,250.00,,false,,10.90,0.0436,true,1,153134
7290112343420,false,שייק פרו ארוחת בוקר,,,שייק פרו ארוחת בוקר,,350.00,100 גרם,false,,7.70,0.0220,true,1,153137
7290112343499,false,ציטוס פופס 55גרם,,,ציטוס פופס 55גרם,,55.00,,false,,4.10,0.0745,true,1,164534
7290112344755,false,מילקי בטעם שוקולד עם,,,מילקי בטעם שוקולד עם,,135.00,100 גרם,false,,2.90,0.0215,true,1,161918
7290112344786,false,קפה פלטינום קלאסיק ע,,,קפה פלטינום קלאסיק ע,,200.00,100 גרם,false,,29.90,0.1495,true,1,158784
7290112346360,false,בפלות בציפוי שוקולד,,,בפלות בציפוי שוקולד,,180.00,,false,,14.90,0.0828,true,1,157735
7290112346537,false,עוגיות פינוקיות בטעם,,,עוגיות פינוקיות בטעם,,200.00,100 גרם,false,,10.90,0.0545,true,1,153113
7290112346773,false,דנונה לייט אנד פריי,,,דנונה לייט אנד פריי,,150.00,,false,,4.90,0.0327,true,1,162196
7290112347008,false,גמדים סקוויז ארוחת ב,,,גמדים סקוויז ארוחת ב,,100.00,100 גרם,false,,5.90,0.0590,true,1,153139
7290112348142,false,שעועית לבנה ט.הטבע ק,,,שעועית לבנה ט.הטבע ק,,380.00,100 גרם,false,,6.90,0.0182,true,1,159256
7290112349606,false,דניאלה בטעם תות בננה,,,דניאלה בטעם תות בננה,,88.00,100 גרם,false,,4.30,0.0489,true,1,165351
7290112349705,false,רוטב עגבניות קלאסי ל,,,רוטב עגבניות קלאסי ל,,350.00,,false,,12.90,0.0369,true,1,158111
7290112349736,false,רוטב עגבניות לפסטה 3,,,רוטב עגבניות לפסטה 3,,350.00,100 גרם,false,,12.90,0.0369,true,1,158108
7290112350312,false,קפסולות מס' 15למכונו,,,קפסולות מס' 15למכונו,,50.00,100 גרם,false,,19.90,0.3980,true,1,161075
7290112351463,false,שלישיית סוכריות פרש,,,שלישיית סוכריות פרש,,45.00,100 גרם,false,,9.90,0.2200,true,1,159506
7290112351470,false,שלישיית סוכריות פרש,,,שלישיית סוכריות פרש,,45.00,,false,,9.90,0.2200,true,1,159505
7290112355027,false,דנונה פרו 20 בטעם קר,,,דנונה פרו 20 בטעם קר,,200.00,100 גרם,false,,6.50,0.0325,true,1,161915
7290112355102,false,גמדים סקוויז סלט פיר,,,גמדים סקוויז סלט פיר,,100.00,,false,,5.90,0.0590,true,1,162500
7290112357083,false,אפונת גינה ט.הטבע קו,,,אפונת גינה ט.הטבע קו,,380.00,,false,,6.90,0.0182,true,1,159255
7290112357106,false,שעועית אדומה ט.הטבע,,,שעועית אדומה ט.הטבע,,380.00,100 גרם,false,,6.90,0.0182,true,1,159257
7290112357113,false,גרגרי חומוס ט.הטבע ק,,,גרגרי חומוס ט.הטבע ק,,380.00,100 גרם,false,,6.90,0.0182,true,1,159251
7290112357892,false,שלישיית סוכריות פרש,,,שלישיית סוכריות פרש,,45.00,,false,,9.90,0.2200,true,1,159507
7290112358240,false,רוטב לעוף גריל 300גר,,,רוטב לעוף גריל 300גר,,300.00,,false,,15.90,0.0530,true,1,159197
7290112358257,false,רוטב לעוף עם שזיפים,,,רוטב לעוף עם שזיפים,,300.00,,false,,15.90,0.0530,true,1,159198
7290112359353,false,אלדין קפה טורקי 200ג,,,אלדין קפה טורקי 200ג,,200.00,100 גרם,false,,19.90,0.0995,true,1,165947
7290112490209,false,נמס בכוס קנור עגבניו,,,נמס בכוס קנור עגבניו,,56.00,,false,,7.90,0.1411,true,1,140049
7290112490216,false,נמס בכוס קנור עוף קר,,,נמס בכוס קנור עוף קר,,48.00,,false,,7.90,0.1646,true,1,140050
7290112490230,false,נמס בכוס קנור אפונה,,,נמס בכוס קנור אפונה,,50.00,,false,,7.90,0.1580,true,1,140051
7290112490599,false,חרדל צרפתי עם גרגירי,,,חרדל צרפתי עם גרגירי,,350.00,100 גרם,false,,13.90,0.0397,true,1,140041
7290112490896,false,רוטב צילי חריף קנור,קריות זול,,רוטב צילי חריף קנור,,370.00,,false,,15.90,0.0430,true,1,140455
7290112491770,false,בייגלה דקים דקים מלח,קריות זול,,בייגלה דקים דקים מלח,,300.00,,false,,11.90,0.0397,true,1,141101
7290112492449,false,פינוק שמפו לשיער רגי,קריות זול,,פינוק שמפו לשיער רגי,,700.00,,false,,13.90,0.0199,true,1,158531
7290112492456,false,פינוק שמפו לשיער יבש,קריות זול,,פינוק שמפו לשיער יבש,,700.00,100 גרם,false,,13.90,0.0199,true,1,158532
7290112492548,false,פינוק מרכך לשיער יבש,,,פינוק מרכך לשיער יבש,,700.00,100 גרם,false,,13.90,0.0199,true,1,152962
7290112492593,false,פינוק תחליב רחצה קלא,,,פינוק תחליב רחצה קלא,,700.00,,false,,13.90,0.0199,true,1,152966
7290112492982,false,קנור א.מרק פטריות רכ,,,קנור א.מרק פטריות רכ,,400.00,100 גרם,false,,25.90,0.0647,true,1,152959
7290112492999,false,"מרק טעם עוף קנור בד""",,,"מרק טעם עוף קנור בד""",,400.00,100 גרם,false,,16.90,0.0422,true,1,153052
7290112493293,false,נמס בכוס קנור ירקות,,,נמס בכוס קנור ירקות,,44.00,100 גרם,false,,7.90,0.1795,true,1,142367
7290112494344,false,קורנפלקס של אלופים 8,,,קורנפלקס של אלופים 8,,850.00,100 גרם,false,,19.90,0.0234,true,1,158528
7290112494351,false,קורנפלקס של אלופים 8,קריות זול,,קורנפלקס של אלופים 8,,850.00,,false,,19.90,0.0234,true,1,158529
7290112495044,false,קוקומן פצפוצים 375גר,קריות זול,,קוקומן פצפוצים 375גר,,375.00,,false,,22.90,0.0611,true,1,152508
7290112495105,false,נשנושים שמנת בצל 260,קריות זול,,נשנושים שמנת בצל 260,,260.00,,false,,14.50,0.0558,true,1,152514
7290112495433,false,"דליפקאן בד""ץ תלמה 40",,,"דליפקאן בד""ץ תלמה 40",,400.00,100 גרם,false,,23.90,0.0597,true,1,149403
7290112495921,false,"קנור מרק דגש 1 ק""ג כ",,,"קנור מרק דגש 1 ק""ג כ",,1000.00,,false,,18.90,0.0189,true,1,157842
7290112496027,false,אפיכל סירופ שוקולד 5,,,אפיכל סירופ שוקולד 5,,580.00,100 גרם,false,,16.90,0.0291,true,1,157843
7290112496034,false,אפיכל סירופ מייפל 58,,,אפיכל סירופ מייפל 58,,580.00,100 גרם,false,,16.90,0.0291,true,1,157844
7290112497123,false,סחלב תערובת להכנה 11,,,סחלב תערובת להכנה 11,,112.00,100 גרם,false,,14.90,0.1330,true,1,161413
7290112498441,false,רוטב אסייתי למוקפץ ק,,,רוטב אסייתי למוקפץ ק,,370.00,,false,,15.90,0.0430,true,1,163063
7290112498922,false,מיני מגנום לבן 250גר,,,מיני מגנום לבן 250גר,,250.00,100 גרם,false,,29.90,0.1196,true,1,162945
7290112499097,false,מאגדת מיני מגנום מרי,,,מאגדת מיני מגנום מרי,,240.00,100 גרם,false,,29.90,0.1246,true,1,165645
7290112499196,false,קרמיסימו חלב קורנפלק,קריות זול,,קרמיסימו חלב קורנפלק,,1330.00,,false,,22.90,0.0172,true,1,166963
7290112499943,false,מיני מגנום קלאסיק שו,,,מיני מגנום קלאסיק שו,,250.00,,false,,29.90,0.1196,true,1,157454
7290112960856,false,אקסטרים מטבע שוקולד,,,אקסטרים מטבע שוקולד,,115.00,,false,,11.90,0.1035,true,1,142206
7290112961266,false,בייגלה כפיות פיוזור,,,בייגלה כפיות פיוזור,,300.00,100 גרם,false,,12.50,0.0417,true,1,141341
7290112961372,false,פיטנס חטיפי פריכיות,,,פיטנס חטיפי פריכיות,,60.00,100 גרם,false,,8.90,0.1483,true,1,140984
7290112962287,false,טבעול שווארמה טבעוני,,,טבעול שווארמה טבעוני,,450.00,100 גרם,false,,35.90,0.0798,true,1,157863
7290112963918,false,פיטנס קרקר דק רוזמרי,,,פיטנס קרקר דק רוזמרי,,140.00,100 גרם,false,,12.90,0.0921,true,1,148832
7290112964410,false,רוטב אלף האיים לסלט,,,רוטב אלף האיים לסלט,,290.00,,false,,12.90,0.0445,true,1,142091
7290112964564,false,רוטב אלף האיים לייט,,,רוטב אלף האיים לייט,,295.00,,false,,12.90,0.0437,true,1,142095
7290112964724,false,טבעול המבורגר טבעוני,,,טבעול המבורגר טבעוני,,580.00,100 גרם,false,,34.90,0.0602,true,1,148875
7290112965240,false,זוג מרק נמס עגבניות,,,זוג מרק נמס עגבניות,,44.00,100 גרם,false,,6.90,0.1568,true,1,149000
7290112965264,false,זוג מרק נמס אפונה בד,,,זוג מרק נמס אפונה בד,,52.00,100 גרם,false,,6.90,0.1327,true,1,161512
7290112965288,false,זוג מרק נמס ירקות בד,,,זוג מרק נמס ירקות בד,,56.00,100 גרם,false,,6.90,0.1232,true,1,161513
7290112965301,false,זוג מרק נמס טעם עוף,,,זוג מרק נמס טעם עוף,,38.00,100 גרם,false,,6.90,0.1816,true,1,149004
7290112965325,false,תבשיל אורז ספרדי אסם,,,תבשיל אורז ספרדי אסם,,140.00,,false,,12.50,0.0893,true,1,153070
7290112965660,false,פיטנס חטיף מולטיגריי,,,פיטנס חטיף מולטיגריי,,25.00,,false,,5.90,0.2360,true,1,161147
7290112965905,false,בייגלה שמיניות במליח,,,בייגלה שמיניות במליח,,400.00,100 גרם,false,,12.50,0.0313,true,1,153074
7290112966803,false,פודינג שוקולד אסם 88,קריות זול,,פודינג שוקולד אסם 88,,88.00,,false,,6.30,0.0716,true,1,153060
7290112967572,false,רוטב ברבקיו אוסם 290,,,רוטב ברבקיו אוסם 290,,290.00,100 גרם,false,,12.90,0.0445,true,1,153064
7290112968203,false,סלט טחינה באלדי צבר,,,סלט טחינה באלדי צבר,,250.00,,false,,11.90,0.0476,true,1,158230
7290112968449,false,סלט כרוב אדום צבר 25,,,סלט כרוב אדום צבר 25,,250.00,100 גרם,false,,10.90,0.0436,true,1,158235
7290112969248,false,רוטב סילאן ובצל אסם,,,רוטב סילאן ובצל אסם,,335.00,100 גרם,false,,17.70,0.0528,true,1,161525
7290113190450,false,ממרח תמרים 450 גרם ש,,,ממרח תמרים 450 גרם ש,,450.00,,false,,6.90,0.0153,true,1,141225
7290113192324,false,זית ירוק 340גרם בית,,,זית ירוק 340גרם בית,,340.00,,false,,10.90,0.0321,true,1,158629
7290113192331,false,זיתים ירוקים שלמים ג,,,זיתים ירוקים שלמים ג,,560.00,,false,,11.50,0.0205,true,1,160916
7290113192355,false,חרוזית ירוק 275גרם ב,,,חרוזית ירוק 275גרם ב,,275.00,100 גרם,false,,11.50,0.0418,true,1,159024
7290113192362,false,טבעות זיתים ירוקים 2,,,טבעות זיתים ירוקים 2,,280.00,,false,,11.90,0.0425,true,1,159025
7290113192379,false,זיתים ירוקים מבוקעים,,,זיתים ירוקים מבוקעים,,340.00,,false,,11.90,0.0350,true,1,159026
7290113192386,false,זית סורי מבוקע 340גר,,,זית סורי מבוקע 340גר,,340.00,,false,,11.90,0.0350,true,1,159027
7290113192393,false,קוקטייל זיתים 336גרם,,,קוקטייל זיתים 336גרם,,336.00,100 גרם,false,,12.70,0.0378,true,1,159028
7290113192478,false,מלפפון במלח בינוניים,,,מלפפון במלח בינוניים,,320.00,100 גרם,false,,9.90,0.0309,true,1,159035
7290113192492,false,מלפפון בחומץ קטנים 1,,,מלפפון בחומץ קטנים 1,,290.00,100 גרם,false,,10.90,0.0376,true,1,159037
7290113192508,false,מלפפון במלח קטנים 13,,,מלפפון במלח קטנים 13,,320.00,100 גרם,false,,10.90,0.0341,true,1,159038
7290113192515,false,מלפפון במלח 18-25 קט,,,מלפפון במלח 18-25 קט,,320.00,100 גרם,false,,13.90,0.0434,true,1,159042
7290113192539,false,מלפפון במלח גדולים 7,,,מלפפון במלח גדולים 7,,320.00,100 גרם,false,,7.90,0.0247,true,1,159044
7290113192546,false,מלפפון בחומץ גדולים,,,מלפפון בחומץ גדולים,,290.00,100 גרם,false,,7.90,0.0272,true,1,159046
7290113192553,false,מלפפון במלח בלדי 13-,,,מלפפון במלח בלדי 13-,,320.00,100 גרם,false,,10.90,0.0341,true,1,159047
7290113192560,false,פלפל שיפקה א2 230 גר,,,פלפל שיפקה א2 230 גר,,230.00,100 גרם,false,,6.90,0.0300,true,1,160001
7290113192577,false,כרוב כבוש א2 430 גרם,,,כרוב כבוש א2 430 גרם,,430.00,100 גרם,false,,8.80,0.0205,true,1,160002
7290113193017,false,קוקטייל זיתים חרוזית,,,קוקטייל זיתים חרוזית,,275.00,,false,,14.90,0.0542,true,1,160005
7290113193031,false,חרוזית קלמטה 275 גרם,,,חרוזית קלמטה 275 גרם,,275.00,100 גרם,false,,14.90,0.0542,true,1,160006
7290113193888,false,חצילים מוחמצים 320 ג,,,חצילים מוחמצים 320 ג,,320.00,,false,,12.50,0.0391,true,1,162560
7290113194090,false,זית קלמטה טבעות 280,,,זית קלמטה טבעות 280,,280.00,100 גרם,false,,14.90,0.0532,true,1,160009
7290113195073,false,חלבה טורקית עם פיסטו,,,חלבה טורקית עם פיסטו,,400.00,100 גרם,false,,14.90,0.0373,true,1,162412
7290113195196,false,רסק תפוחי עץ 710 גרם,,,רסק תפוחי עץ 710 גרם,,710.00,100 גרם,false,,10.90,0.0154,true,1,162415
7290113195363,false,שמן חמניות מזוכך בית,,,שמן חמניות מזוכך בית,,1000.00,,false,,11.90,0.0119,true,1,164227
7290113196001,false,פסטה ספגטי שקדיה 500,,,פסטה ספגטי שקדיה 500,,500.00,,false,,5.90,0.0118,true,1,167094
7290113196025,false,פסטה צינורות שקדיה 5,,,פסטה צינורות שקדיה 5,,500.00,,false,,5.90,0.0118,true,1,167096
7290113196032,false,פסטה צדפים 500 גרם,,,פסטה צדפים 500 גרם,,500.00,100 גרם,false,,5.90,0.0118,true,1,167097
7290113196339,false,מלפפונים קורנישונים,,,מלפפונים קורנישונים,יחידה,0.00,יחידה,false,,9.90,0.0000,true,1,164081
7290113196414,false,"אורז בסמטי 1 ק""ג שקד",קריות זול,,"אורז בסמטי 1 ק""ג שקד",,1000.00,,false,,12.90,0.0129,true,1,164688
7290113196506,false,פריכיות כוסמת ללא מל,,,פריכיות כוסמת ללא מל,,150.00,,false,,10.90,0.0727,true,1,164686
7290113197169,false,חמאת בוטנים טבעית 51,,,חמאת בוטנים טבעית 51,,510.00,,false,,17.90,0.0351,true,1,167104
7290113198593,false,סוכריות גומי מסוכרות,,,סוכריות גומי מסוכרות,,200.00,100 גרם,false,,10.00,0.0500,true,1,166060
7290113199675,false,גרנולה שיבולת שועל ע,,,גרנולה שיבולת שועל ע,,500.00,100 גרם,false,,10.90,0.0218,true,1,166653
7290113199682,false,גרנולה שיבולת שועל ע,,,גרנולה שיבולת שועל ע,,500.00,,false,,10.90,0.0218,true,1,166651
7290113199774,false,ממרח 100 % בוטנים 30,,,ממרח 100 % בוטנים 30,,300.00,100 גרם,false,,15.90,0.0530,true,1,166658
7290113199781,false,ממרח 100 %  אגוזים ו,,,ממרח 100 %  אגוזים ו,,300.00,100 גרם,false,,15.90,0.0530,true,1,166659
7290114310215,false,שמנת מתוקה 38% בקבוק,,,שמנת מתוקה 38% בקבוק,,250.00,,false,,6.47,0.0259,true,1,159017
7290114310222,false,חלב טרה 1.5ל 3ֵ% מעו,,,חלב טרה 1.5ל 3ֵ% מעו,,1500.00,,false,,13.50,0.0090,true,1,167603
7290114310239,false,חלב נטול לקטוז 1.5 ל,,,חלב נטול לקטוז 1.5 ל,,1500.00,,false,,13.50,0.0090,true,1,167602
7290114310536,false,מולר אקטיב לייט יוגו,,,מולר אקטיב לייט יוגו,,200.00,100 גרם,false,,6.90,0.0345,true,1,163189
7290114310611,false,"משקה חלב בננה 250 מ""",,,"משקה חלב בננה 250 מ""",,250.00,,false,,5.90,0.0236,true,1,163191
7290114310895,false,מולר סימפלי מנגו תות,,,מולר סימפלי מנגו תות,,1200.00,100 גרם,false,,31.90,0.0266,true,1,164192
7290114311014,false,משקה אייס קפוצינו טר,,,משקה אייס קפוצינו טר,,250.00,,false,,5.90,0.0236,true,1,166373
7290114311021,false,משקה וניל עוגיות טרה,,,משקה וניל עוגיות טרה,,250.00,,false,,5.90,0.0236,true,1,166374
7290114311038,false,שמנת להקצפה טרה 32%,,,שמנת להקצפה טרה 32%,,250.00,100 גרם,false,,7.90,0.0316,true,1,166412
7290114311069,false,מולר אקטיב 25ג חלבון,,,מולר אקטיב 25ג חלבון,,200.00,100 גרם,false,,5.70,0.0285,true,1,165759
7290114311298,false,מולר פרופ קציפת תות,,,מולר פרופ קציפת תות,,150.00,100 גרם,false,,5.20,0.0347,true,1,166857
7290114311304,false,מולר פרופ קציפת מנגו,,,מולר פרופ קציפת מנגו,,150.00,,false,,5.20,0.0347,true,1,166858
7290114311359,false,מולר פרופ קציפת מנגו,,,מולר פרופ קציפת מנגו,,150.00,100 גרם,false,,5.20,0.0347,true,1,166959
7290114311458,false,חלב 3% מועשר ויטמין-,,,חלב 3% מועשר ויטמין-,,1000.00,100 גרם,false,,8.10,0.0081,true,1,167453
7290115075632,false,בקבוק אלומיניום טום,,,בקבוק אלומיניום טום,,400.00,,false,,10.00,0.0250,true,1,166720
7290115075670,false,בקבוק אלומיניום נסיכ,,,בקבוק אלומיניום נסיכ,,400.00,100 גרם,false,,10.00,0.0250,true,1,166727
7290115075687,false,בקבוק אלומיניום כוח,,,בקבוק אלומיניום כוח,,400.00,,false,,10.00,0.0250,true,1,166728
7290115190014,false,מרלבורו אדום קצר,,,מרלבורו אדום קצר,יחידה,0.00,יחידה,false,,35.50,0.0000,false,1,161399
7290115190090,false,מרלבורו גולד קצר,,,מרלבורו גולד קצר,יחידה,0.00,יחידה,false,,35.50,0.0000,false,1,161375
7290115190113,false,מרלבורו גולד סופט,,,מרלבורו גולד סופט,יחידה,0.00,יחידה,false,,35.50,0.0000,false,1,161370
7290115190137,false,מרלבורו פיין טאצ,,,מרלבורו פיין טאצ,יחידה,0.00,יחידה,false,,35.50,0.0000,false,1,161395
7290115190151,false,מרלבורו כחול טאצ,,,מרלבורו כחול טאצ,יחידה,0.00,יחידה,false,,35.50,0.0000,false,1,161392
7290115190359,false,אל אם כחול קצר,,,אל אם כחול קצר,יחידה,0.00,יחידה,false,,32.00,0.0000,false,1,161175
7290115190519,false,נקסט פיין,קריות זול,,נקסט פיין,יחידה,0.00,יחידה,false,,30.00,0.0000,false,1,161385
7290115190595,false,נקסט אוריג'ינל,קריות זול,,נקסט אוריג'ינל,יחידה,0.00,יחידה,false,,30.00,0.0000,false,1,161374
7290115200003,false,פתי בר פינוקי וניל 2,קריות זול,,פתי בר פינוקי וניל 2,,220.00,,false,,12.90,0.0586,true,1,159708
7290115200027,false,פתי בר פינוקי שוקו 2,קריות זול,,פתי בר פינוקי שוקו 2,,220.00,100 גרם,false,,12.90,0.0586,true,1,159709
7290115200713,false,במבה קלאסי מארז אחיד,,,במבה קלאסי מארז אחיד,,250.00,100 גרם,false,,14.90,0.0596,true,1,159706
7290115201031,false,פתי בר דובי שוקולד 1,,,פתי בר דובי שוקולד 1,,175.00,,false,,12.90,0.0737,true,1,162902
7290115201727,false,ביסלי בטעם בצל אסם 2,,,ביסלי בטעם בצל אסם 2,,200.00,,false,,9.90,0.0495,true,1,161140
7290115202212,false,טבעול גורמה לביבות ס,,,טבעול גורמה לביבות ס,,434.00,,false,,38.90,0.0896,true,1,166666
7290115202236,false,טבעול טופו קראנצ'ים,קריות זול,,טבעול טופו קראנצ'ים,,470.00,100 גרם,false,,35.90,0.0764,true,1,163893
7290115202250,false,טבעול טופו קראנצ'ים,קריות זול,,טבעול טופו קראנצ'ים,,470.00,,false,,35.90,0.0764,true,1,163894
7290115203134,false,פופקו פופקורן במבה א,,,פופקו פופקורן במבה א,,80.00,,false,,5.90,0.0738,true,1,163251
7290115203172,false,במבה פרו 80 גרם,קריות זול,,במבה פרו 80 גרם,,80.00,100 גרם,false,,5.60,0.0700,true,1,167188
7290115203486,false,פירורית אסם בטעם ביס,,,פירורית אסם בטעם ביס,,200.00,,false,,6.50,0.0325,true,1,166317
7290115204056,false,קטשופ 56% פחות סוכר,קריות זול,,קטשופ 56% פחות סוכר,,690.00,100 גרם,false,,10.90,0.0158,true,1,163963
7290115204131,false,סחוג ירוק צבר 190גר,,,סחוג ירוק צבר 190גר,,190.00,100 גרם,false,,13.90,0.0732,true,1,166488
7290115204186,false,צבר ממרח פסטו 190 גר,,,צבר ממרח פסטו 190 גר,,190.00,100 גרם,false,,16.90,0.0889,true,1,165498
7290115205176,false,פיטנס קרקר דק כפרי 1,,,פיטנס קרקר דק כפרי 1,,140.00,,false,,12.90,0.0921,true,1,164584
7290115205251,false,פיטנס בר פריכיות קרמ,,,פיטנס בר פריכיות קרמ,,84.00,,false,,14.90,0.1774,true,1,167535
7290115205312,false,פיטנס קרקר דק זיתים,,,פיטנס קרקר דק זיתים,,140.00,100 גרם,false,,12.90,0.0921,true,1,166322
7290115205527,false,פיטנס חטיף מולטיגריי,,,פיטנס חטיף מולטיגריי,,25.00,100 גרם,false,,5.90,0.2360,true,1,166668
7290115205695,false,בצק לפיצה מצונן בונז,,,בצק לפיצה מצונן בונז,,460.00,100 גרם,false,,19.90,0.0433,true,1,166705
7290115205978,false,פתי בר אצבעות שוקולד,קריות זול,,פתי בר אצבעות שוקולד,,180.00,,false,,12.90,0.0717,true,1,165867
7290115207347,false,פודינג בטעם פירות יע,,,פודינג בטעם פירות יע,,80.00,100 גרם,false,,6.30,0.0787,true,1,166318
7290115207682,false,רוטב בסגנון סויה סינ,,,רוטב בסגנון סויה סינ,,290.00,100 גרם,false,,13.50,0.0466,true,1,166325
7290115208009,false,ויטמינציק ענבים  1 ל,,,ויטמינציק ענבים  1 ל,,1000.00,,false,,21.90,0.0219,true,1,165542
7290115208047,false,ויטמינציק פטל 1 ליטר,,,ויטמינציק פטל 1 ליטר,,1000.00,100 גרם,false,,21.90,0.0219,true,1,165539
7290115208566,false,קרמוגית מיניס קרם בי,,,קרמוגית מיניס קרם בי,,200.00,,false,,12.90,0.0645,true,1,167015
7290115208801,false,לחמית דבש ואגוזים 19,,,לחמית דבש ואגוזים 19,,190.00,100 גרם,false,,11.90,0.0626,true,1,167191
7290115209198,false,במבה אורירית אסם 80,קריות זול,,במבה אורירית אסם 80,,80.00,100 גרם,false,,5.60,0.0700,true,1,166667
7290115209358,false,במבה במילוי בראוניז,,,במבה במילוי בראוניז,,60.00,100 גרם,false,,5.60,0.0933,true,1,167854
7290115671155,false,שלישיית סוכריות פרש,,,שלישיית סוכריות פרש,,135.00,,false,,9.90,0.0733,true,1,165325
7290115671308,false,מסטיק מאסט פאן תות ד,,,מסטיק מאסט פאן תות ד,,58.00,100 גרם,false,,10.90,0.1879,true,1,165324
7290115675696,false,דגני בוקר קוואקר קרו,,,דגני בוקר קוואקר קרו,,375.00,,false,,23.90,0.0637,true,1,164298
7290115675702,false,דגני בוקר קוואקר קרו,,,דגני בוקר קוואקר קרו,,375.00,,false,,23.90,0.0637,true,1,164299
7290115676273,false,קקאו עלית 500 גרם+10,,,קקאו עלית 500 גרם+10,,550.00,100 גרם,false,,29.90,0.0544,true,1,163123
7290115676341,false,*מבצע* דבש טהור בארי,קריות זול,,*מבצע* דבש טהור בארי,,162.00,100 גרם,false,,18.90,0.1167,true,1,167211
7290115677966,false,ממרח אבוקדו טעם הטבע,,,ממרח אבוקדו טעם הטבע,,200.00,100 גרם,false,,15.90,0.0795,true,1,164936
7290115678376,false,מעדן הגולן שוקולד 12,קריות זול,,מעדן הגולן שוקולד 12,,125.00,,false,,3.20,0.0256,true,1,163929
7290115678383,false,מעדן הגולן שוקולד מר,קריות זול,,מעדן הגולן שוקולד מר,,125.00,100 גרם,false,,3.20,0.0256,true,1,163930
7290115678598,false,חסה אייסברג חיתוך גס,קריות זול,,חסה אייסברג חיתוך גס,,300.00,,false,,10.90,0.0363,true,1,164821
7290116530871,false,נשנושים מיקס 240 גרם,,,נשנושים מיקס 240 גרם,,240.00,,false,,14.90,0.0621,true,1,166965
7290116531090,false,דג דג חטיף אפוי במלי,,,דג דג חטיף אפוי במלי,,250.00,100 גרם,false,,10.90,0.0436,true,1,165413
7290116531496,false,קינמונים דגנים פריכי,קריות זול,,קינמונים דגנים פריכי,,375.00,100 גרם,false,,22.90,0.0611,true,1,165864
7290116531557,false,פתית פריכיות תירס דק,,,פתית פריכיות תירס דק,,25.00,,false,,12.90,0.5160,true,1,165770
7290116532219,false,קורנפלקס בטעם תות תל,,,קורנפלקס בטעם תות תל,,448.00,100 גרם,false,,18.90,0.0422,true,1,166200
7290116532905,false,נשנושים איירביס טעם,קריות זול,,נשנושים איירביס טעם,,260.00,,false,,14.50,0.0558,true,1,167512
7290116930015,false,חטיף חלבון גו בטעם ק,,,חטיף חלבון גו בטעם ק,,60.00,100 גרם,false,,12.90,0.2150,true,1,166316
7290116930282,false,ארוחה בקטנה לאבנה עם,,,ארוחה בקטנה לאבנה עם,,150.00,,false,,8.90,0.0593,true,1,167486
7290116930435,false,יוגורט גו סמיך 0% דו,,IL,יוגורט גו סמיך 0% דו,,200.00,,false,,5.90,0.0295,true,1,166498
7290116930466,false,יופלה שייק מנגו  בננ,,,יופלה שייק מנגו  בננ,,230.00,,false,,8.90,0.0387,true,1,166600
7290116930718,false,מעדן תנובה דיאט שוקו,קריות זול,,מעדן תנובה דיאט שוקו,,150.00,,false,,4.20,0.0280,true,1,166998
7290116930725,false,סויה ביו קוקוס 150ג,,,סויה ביו קוקוס 150ג,,150.00,100 גרם,false,,4.90,0.0327,true,1,167206
7290116931104,false,יוגורט גו סמיך עם אנ,,IL,יוגורט גו סמיך עם אנ,,200.00,100 גרם,false,,5.90,0.0295,true,1,167207
7290117260449,false,גבינה בולגרית מעודנת,,,גבינה בולגרית מעודנת,,200.00,100 גרם,false,,10.90,0.0545,true,1,166627
7290117260579,false,חטיף קראנצ'י על בסיס,,,חטיף קראנצ'י על בסיס,,80.00,100 גרם,false,,8.90,0.1113,true,1,167421
7290117260586,false,חטיף קראנצ'י על בסיס,,,חטיף קראנצ'י על בסיס,,80.00,100 גרם,false,,8.90,0.1113,true,1,167422
7290117260821,false,גבינת כבשים צאנק עם,,,גבינת כבשים צאנק עם,,150.00,100 גרם,false,,29.90,0.1993,true,1,165889
7290117260920,false,קרקרים ללא גלוטן 125,,,קרקרים ללא גלוטן 125,,125.00,100 גרם,false,,9.90,0.0792,true,1,166284
7290117261583,false,סרדינים בריסלינג מעו,קריות זול,,סרדינים בריסלינג מעו,,185.00,,false,,14.90,0.0805,true,1,167880
7290117261903,false,גבינת כבשים רכה 30%,,,גבינת כבשים רכה 30%,,100.00,,false,,14.90,0.1490,true,1,167480
7290117901250,false,ממרח עגבניות מיובשות,,,ממרח עגבניות מיובשות,,290.00,,false,,15.90,0.0548,true,1,167664
7296021172380,false,"סכין ידית מעץ 20 ס""מ",,,"סכין ידית מעץ 20 ס""מ",יחידה,0.00,יחידה,false,,19.90,0.0000,true,1,158345
7296049224603,false,ניקולטי סט 3 מגבות מ,,,ניקולטי סט 3 מגבות מ,יחידה,0.00,יחידה,false,,10.90,0.0000,true,1,167549
7296058000526,false,פריכיות כוסמת 130גר,,,פריכיות כוסמת 130גר,,130.00,100 גרם,false,,7.90,0.0608,true,1,129596
7296058110010,false,פריכיות אורז מלא 110,,,פריכיות אורז מלא 110,,110.00,100 גרם,false,,4.90,0.0445,true,1,162274
7296082000035,false,ביצים פלוס אומגה3 6י,,,ביצים פלוס אומגה3 6י,,6.00,,false,,15.90,2.6500,true,1,87015
7296082000066,false,ביצים פלוס 12יח L,,,ביצים פלוס 12יח L,,12.00,,false,,17.90,1.4917,true,1,87016
7296082000080,false,ביצים חופש 12יח,,,ביצים חופש 12יח,,12.00,,false,,21.90,1.8250,true,1,93151
7296082000103,false,ביצים סופר טריות מדי,,,ביצים סופר טריות מדי,,30.00,,false,,27.87,0.9290,true,1,93152
7296082000134,false,ביצים רגילות לארג' 1,,,ביצים רגילות לארג' 1,,12.00,,false,,12.05,1.0042,true,1,93155
7296082000141,false,ביצים רגילות מדיום 1,,,ביצים רגילות מדיום 1,יחידה,0.00,יחידה,false,,11.15,0.0000,true,1,93156
7296082000165,false,ביצים אורגניות 12יח,,,ביצים אורגניות 12יח,,12.00,,false,,25.90,2.1583,true,1,93157
7296082000189,false,ביצים פלוס 30יח L,,,ביצים פלוס 30יח L,,30.00,100 גרם,false,,41.90,1.3967,true,1,87018
7296082000202,false,ביצים סופר טריה לארג,,,ביצים סופר טריה לארג,,18.00,,false,,18.07,1.0039,true,1,93158
7312040017683,false,*מבצע* וודקה אבסולוט,,,*מבצע* וודקה אבסולוט,,700.00,100 גרם,false,,60.00,0.0857,true,1,86716
7501013122053,false,נקטר ג'ומקס אפרסק קר,,,נקטר ג'ומקס אפרסק קר,,1000.00,100 גרם,false,,9.90,0.0099,true,1,152558
7501013122114,false,נקטר ג'ומקס אננס קרט,,,נקטר ג'ומקס אננס קרט,,1000.00,,false,,9.90,0.0099,true,1,152559
7501013122190,false,נקטר ג'ומקס תפוחים ק,,,נקטר ג'ומקס תפוחים ק,,1000.00,,false,,9.90,0.0099,true,1,152560
7610008059073,false,שוקולד רגוסה קלאסי 1,,,שוקולד רגוסה קלאסי 1,,100.00,100 גרם,false,,15.90,0.1590,true,1,161318
7610008059080,false,שוקולד רגוסה מריר 10,,,שוקולד רגוסה מריר 10,,100.00,100 גרם,false,,15.90,0.1590,true,1,161319
7610113011652,false,בקרדי בריזר בטעם תפו,,,בקרדי בריזר בטעם תפו,,275.00,,false,,16.90,0.0615,true,1,159595
7610400074155,false,שוקולד לינדור 60% 10,,,שוקולד לינדור 60% 10,,100.00,,false,,16.90,0.1690,true,1,93541
7610400091060,false,שוקולד לינדט אקסלנס,,,שוקולד לינדט אקסלנס,,100.00,100 גרם,false,,16.90,0.1690,true,1,159238
7613030979647,false,דגני טריקס פירות נסט,,,דגני טריקס פירות נסט,,480.00,,false,,27.90,0.0581,true,1,139261
7613033548192,false,פיטנס דגני בוקר שוקו,,,פיטנס דגני בוקר שוקו,,375.00,100 גרם,false,,24.90,0.0664,true,1,88558
7613035548374,false,דגני גולדן מיניס נסט,,,דגני גולדן מיניס נסט,,570.00,100 גרם,false,,27.90,0.0489,true,1,88569
7613035619050,false,שלגון חמשושים מפלצות,,,שלגון חמשושים מפלצות,,80.00,,false,,9.90,0.1238,true,1,143769
7613035622623,false,פיטנס גרנולה שקדים ו,,,פיטנס גרנולה שקדים ו,,300.00,100 גרם,false,,17.90,0.0597,true,1,88570
7613035758834,false,פיטנס גרנולה חמוציות,,,פיטנס גרנולה חמוציות,,300.00,100 גרם,false,,17.90,0.0597,true,1,131767
7613036314114,false,נסקפה גולד 200גר,קריות זול,,נסקפה גולד 200גר,,200.00,,false,,49.90,0.2495,true,1,138989
7613036520492,false,רוטב עגבניות לפיצה פ,,,רוטב עגבניות לפיצה פ,,400.00,100 גרם,false,,10.90,0.0273,true,1,138270
7613038451954,false,קראנץ שוקולד דגני בו,,,קראנץ שוקולד דגני בו,,410.00,,false,,24.90,0.0607,true,1,157862
7613039547731,false,גרבר מחית תפוח משמש,,,גרבר מחית תפוח משמש,,90.00,100 גרם,false,,6.20,0.0689,true,1,160000
7613039770450,false,טבעול סנסשיונל בורגר,,,טבעול סנסשיונל בורגר,,226.00,100 גרם,false,,39.90,0.1765,true,1,161159
7613287155863,false,גרבר מחית אגס פאוץ 9,,,גרבר מחית אגס פאוץ 9,,90.00,,false,,6.20,0.0689,true,1,165911
7613287155924,false,גרבר מחית תפוח גזר פ,,,גרבר מחית תפוח גזר פ,,90.00,,false,,6.20,0.0689,true,1,165913
7613287182425,false,ויטמינצ'יק  פאוץ תפו,קריות זול,,ויטמינצ'יק  פאוץ תפו,,110.00,,false,,6.90,0.0627,true,1,167564
7613287186928,false,סטארבקס קפסולות ברקפ,,,סטארבקס קפסולות ברקפ,יחידה,0.00,יחידה,false,,21.90,0.0000,true,1,163895
7613287325853,false,רוטב ספייסי איולי לח,,,רוטב ספייסי איולי לח,,295.00,100 גרם,false,,16.90,0.0573,true,1,164559
7613287394323,false,דגני מולטי ציריוס 60,,,דגני מולטי ציריוס 60,,600.00,,false,,27.90,0.0465,true,1,163991
7613287821348,false,נתחוני עוף טבעוני סנ,,,נתחוני עוף טבעוני סנ,,350.00,100 גרם,false,,38.90,0.1111,true,1,163984
7622010001858,false,אוראו עוגיות ממולאות,,,אוראו עוגיות ממולאות,,176.00,,false,,9.90,0.0563,true,1,89104
7622201808631,false,אוראו מיני כוסות בטע,,,אוראו מיני כוסות בטע,,67.00,,false,,9.90,0.1478,true,1,163859
7622210392589,false,טובלרון טייני חלב 20,,,טובלרון טייני חלב 20,,200.00,,false,,15.90,0.0795,true,1,167546
7622300489434,false,אוראו עוגיות בציפוי,,,אוראו עוגיות בציפוי,,246.00,,false,,15.90,0.0646,true,1,138063
7630477891592,false,סטארבקס קפסולות האוס,,,סטארבקס קפסולות האוס,יחידה,0.00,יחידה,false,,21.90,0.0000,true,1,159981
7630477891615,false,סטארבקס קפסולות סומט,,,סטארבקס קפסולות סומט,יחידה,0.00,יחידה,false,,21.90,0.0000,true,1,159984
7630477891639,false,סטארבקס קפסולות האוס,,,סטארבקס קפסולות האוס,יחידה,0.00,יחידה,false,,21.90,0.0000,true,1,159985
7630477891677,false,סטארבקס קפסולות פייק,,,סטארבקס קפסולות פייק,יחידה,0.00,יחידה,false,,21.90,0.0000,true,1,159983
7630477891738,false,סטארבקס קפסולות אספר,,,סטארבקס קפסולות אספר,יחידה,0.00,יחידה,false,,21.90,0.0000,true,1,159986
7702024074625,false,פיטנס חטיפי קרקר חיט,,,פיטנס חטיפי קרקר חיט,,234.00,,false,,12.90,0.0551,true,1,139422
7702024258322,false,פיטנס חטיפי קרקר צ'י,,,פיטנס חטיפי קרקר צ'י,,234.00,100 גרם,false,,12.90,0.0551,true,1,160955
7702174066631,false,לקקן פינפופ מהדרין י,,,לקקן פינפופ מהדרין י,,180.00,,false,,7.90,0.0439,true,1,93941
7702174068833,false,לקקן בטעם גלידה יוגט,,,לקקן בטעם גלידה יוגט,יחידה,0.00,יחידה,false,,11.90,0.0000,true,1,93945
7702174070201,false,לקקן מג'יק יוגטה 12י,,,לקקן מג'יק יוגטה 12י,יחידה,0.00,יחידה,false,,11.90,0.0000,true,1,93947
7792860006218,false,סוכריות לקקנים בייבי,,,סוכריות לקקנים בייבי,,24.00,100 גרם,false,,2.70,0.1125,true,1,93543
7798132720233,false,אוכמניות 125גרם,,,אוכמניות 125גרם,,125.00,,false,,12.90,0.1032,true,1,168082
8000380004669,false,וופל לואקר קוביות סנ,,,וופל לואקר קוביות סנ,,200.00,100 גרם,false,,14.90,0.0745,true,1,93953
8000380004676,false,וופל לואקר קוביות סנ,קריות זול,,וופל לואקר קוביות סנ,,200.00,,false,,14.90,0.0745,true,1,93954
8000380004911,false,וופל קואדרטיני אגוז,קריות זול,,וופל קואדרטיני אגוז,,250.00,100 גרם,false,,15.50,0.0620,true,1,93956
8000380004942,false,וופל קואדרטיני וניל,,,וופל קואדרטיני וניל,,250.00,,false,,15.50,0.0620,true,1,93957
8000380004966,false,וופל לואקר קוביות קק,קריות זול,,וופל לואקר קוביות קק,,250.00,,false,,15.50,0.0620,true,1,93958
8000380005598,false,טורטינה שישיה מריר 1,,,טורטינה שישיה מריר 1,,125.00,,false,,19.90,0.1592,true,1,93959
8000380007219,false,וופל לואקר אגוז 175ג,קריות זול,,וופל לואקר אגוז 175ג,,175.00,,false,,12.90,0.0737,true,1,93960
8000380007271,false,וופל לואקר חלב 175גר,קריות זול,,וופל לואקר חלב 175גר,,175.00,100 גרם,false,,12.90,0.0737,true,1,93963
8000380106028,false,טורטינה שישיה חלב 12,,,טורטינה שישיה חלב 12,,125.00,100 גרם,false,,19.90,0.1592,true,1,93964
8000380153534,false,טורטינה לבן 125גר,,,טורטינה לבן 125גר,,125.00,,false,,19.90,0.1592,true,1,93974
8000380180745,false,וופל קואדרטיני שוקו,,,וופל קואדרטיני שוקו,,250.00,100 גרם,false,,15.50,0.0620,true,1,93980
8000380205523,false,וופל לואקר קלאסיק חמ,,,וופל לואקר קלאסיק חמ,,175.00,,false,,12.90,0.0737,true,1,166276
8000380206896,false,וופל גרדנה חמאת בוטנ,,,וופל גרדנה חמאת בוטנ,,200.00,100 גרם,false,,15.50,0.0775,true,1,166274
8000380207183,false,טורטינה חמאת בוטנים,,,טורטינה חמאת בוטנים,,126.00,,false,,19.90,0.1579,true,1,166275
8000500023624,false,קינדר הפי היפו חמישי,,,קינדר הפי היפו חמישי,,102.00,100 גרם,false,,15.50,0.1520,true,1,102085
8000500026731,false,קינדר ביצי שוקולד 3*,קריות זול,,קינדר ביצי שוקולד 3*,,60.00,,false,,15.90,0.2650,true,1,102087
8000500029350,false,*מבצע* קינדר בואנו ש,,,*מבצע* קינדר בואנו ש,,129.00,,false,,10.90,0.0845,true,1,102088
8000500037874,false,פררו רושר בונבוניירה,קריות זול,,פררו רושר בונבוניירה,,200.00,100 גרם,false,,28.90,0.1445,true,1,102090
8000500121436,false,*מבצע* קינדר בואנו ל,,,*מבצע* קינדר בואנו ל,,117.00,100 גרם,false,,10.90,0.0932,true,1,102095
8000500227848,false,נוטלה בי רדי 132 גרם,,,נוטלה בי רדי 132 גרם,,132.00,,false,,12.90,0.0977,true,1,140727
8000500386941,false,נוטלה ממרח קקאו עם א,,,נוטלה ממרח קקאו עם א,,900.00,,false,,29.90,0.0332,true,1,167220
8001090336408,false,פמפרס בייבי דריי מיד,,,פמפרס בייבי דריי מיד,יחידה,0.00,יחידה,false,,34.90,0.0000,true,1,157443
8001090336521,false,פמפרס בייבי דריי מיד,,,פמפרס בייבי דריי מיד,יחידה,0.00,יחידה,false,,34.90,0.0000,true,1,157446
8001090336606,false,פמפרס בייבי דריי מיד,,,פמפרס בייבי דריי מיד,יחידה,0.00,יחידה,false,,34.90,0.0000,true,1,157447
8001090802385,false,טייד קפסולות לכביסה,,,טייד קפסולות לכביסה,,26.00,,false,,29.90,1.1500,true,1,141390
8001090988362,false,פנטן שמפו לחות מוגבר,,,פנטן שמפו לחות מוגבר,,500.00,,false,,18.90,0.0378,true,1,139721
8001090988843,false,פנטן קונדישנר לחות מ,,,פנטן קונדישנר לחות מ,,500.00,100 גרם,false,,18.90,0.0378,true,1,139722
8001250152015,false,פסטה דורום פפרדלה דה,,,פסטה דורום פפרדלה דה,,500.00,100 גרם,false,,15.90,0.0318,true,1,168074
8001250152336,false,פסטה דורום פטוציני ד,,,פסטה דורום פטוציני ד,,500.00,,false,,15.90,0.0318,true,1,168075
8001841715957,false,שולדרס ג'ל רחצה ושמפ,,,שולדרס ג'ל רחצה ושמפ,,360.00,100 גרם,false,,22.90,0.0636,true,1,163831
8001841716312,false,שולדרס ג'ל רחצה ושמפ,,,שולדרס ג'ל רחצה ושמפ,,360.00,,false,,22.90,0.0636,true,1,163832
8001841716435,false,שולדרס ג'ל רחצה ושמפ,,,שולדרס ג'ל רחצה ושמפ,,360.00,,false,,22.90,0.0636,true,1,163829
8001841716596,false,שולדרס ג'ל רחצה ושמפ,,,שולדרס ג'ל רחצה ושמפ,,360.00,100 גרם,false,,22.90,0.0636,true,1,163830
8004030103399,false,ריו  מארז טונה בשמן,,,ריו  מארז טונה בשמן,,320.00,,false,,34.90,0.1091,true,1,167681
8004690051573,false,פסטה לאמוליזנה ספגטי,,,פסטה לאמוליזנה ספגטי,,500.00,100 גרם,false,,8.90,0.0178,true,1,93547
8004690052044,false,פסטה לאמוליזנה פנה ז,,,פסטה לאמוליזנה פנה ז,,500.00,,false,,8.90,0.0178,true,1,93548
8004690052600,false,פסטה לאמוליזנה קונכי,,,פסטה לאמוליזנה קונכי,,500.00,,false,,8.90,0.0178,true,1,158518
8004690052846,false,פסטה לאמוליזנה פוסיל,,,פסטה לאמוליזנה פוסיל,,500.00,,false,,8.90,0.0178,true,1,93549
8004690053195,false,פסטה לאמוליזנה ריגטו,,,פסטה לאמוליזנה ריגטו,,500.00,100 גרם,false,,8.90,0.0178,true,1,139538
8004690057308,false,פסטה לאמוליזנה רדיאט,,,פסטה לאמוליזנה רדיאט,,500.00,100 גרם,false,,8.90,0.0178,true,1,139541
8005110002243,false,רכז עגבניות מוטי בשפ,,,רכז עגבניות מוטי בשפ,,185.00,,false,,10.90,0.0589,true,1,161549
8005110060007,false,עגבניות מקולפות מוטי,,,עגבניות מקולפות מוטי,,400.00,100 גרם,false,,8.90,0.0223,true,1,167281
8005110170300,false,עגבניות מרוסקות מוטי,,,עגבניות מרוסקות מוטי,,1200.00,,false,,19.90,0.0166,true,1,129824
8005110191015,false,רסק עגבניות ובזיליקו,,,רסק עגבניות ובזיליקו,,700.00,100 גרם,false,,14.90,0.0213,true,1,139515
8005110550508,false,מוטי עגבניות שלמות ב,,,מוטי עגבניות שלמות ב,,400.00,,false,,9.90,0.0248,true,1,168067
8005803010371,false,גריסיני אמור די פאן,,,גריסיני אמור די פאן,,125.00,100 גרם,false,,8.50,0.0680,true,1,135478
8005803010586,false,גריסיני אמור די פאן,,,גריסיני אמור די פאן,,125.00,100 גרם,false,,8.50,0.0680,true,1,135479
8005803010661,false,גריסיני אמור די פאן,,,גריסיני אמור די פאן,,125.00,,false,,8.50,0.0680,true,1,135480
8006540221068,false,אולוויז מגני תחתון ל,,,אולוויז מגני תחתון ל,יחידה,0.00,יחידה,false,,19.90,0.0000,true,1,166755
8006540495186,false,לנור מרכך כביסה בייב,,,לנור מרכך כביסה בייב,,900.00,,false,,16.90,0.0188,true,1,167009
8007178120310,false,חומץ בלסמי ג'קובצי 5,קריות זול,,חומץ בלסמי ג'קובצי 5,,500.00,,false,,26.90,0.0538,true,1,89137
8008660210038,false,מעדן תות מנז אנד גאס,,,מעדן תות מנז אנד גאס,,300.00,,false,,17.90,0.0597,true,1,129853
8008660210045,false,מעדן פירות יער מנז א,,,מעדן פירות יער מנז א,,300.00,,false,,17.90,0.0597,true,1,132585
8008857300344,false,פסטה רג'ייה צינור 50,,,פסטה רג'ייה צינור 50,,500.00,,false,,7.50,0.0150,true,1,87489
8011033011279,false,קוסקוס 1 קג,,,קוסקוס 1 קג,,1000.00,100 גרם,false,,14.90,0.0149,true,1,96864
8076800195033,false,פסטה ספגטי ברילה מס',קריות זול,,פסטה ספגטי ברילה מס',,500.00,100 גרם,false,,9.90,0.0198,true,1,91683
8076800195057,false,פסטה ספגטיני מס 5 בר,קריות זול,,פסטה ספגטיני מס 5 בר,,500.00,100 גרם,false,,9.90,0.0198,true,1,91684
8076802085738,false,פסטה פנה רגטה ברילה,קריות זול,,פסטה פנה רגטה ברילה,,500.00,,false,,9.90,0.0198,true,1,91687
8076802085981,false,פסטה פתיתי פוזליני ב,קריות זול,,פסטה פתיתי פוזליני ב,,500.00,100 גרם,false,,9.90,0.0198,true,1,91689
8076808060654,false,פסטה פתיתי פרפלה 65,קריות זול,,פסטה פתיתי פרפלה 65,,500.00,,false,,9.90,0.0198,true,1,91691
8076809513395,false,רוטב פורמודרו ברילה,קריות זול,,רוטב פורמודרו ברילה,,400.00,100 גרם,false,,15.90,0.0398,true,1,91697
8076809513692,false,רוטב נפוליטנה ברילה,קריות זול,,רוטב נפוליטנה ברילה,,400.00,100 גרם,false,,15.90,0.0398,true,1,91699
8076809513739,false,רוטב בזיליקום ברילה,קריות זול,,רוטב בזיליקום ברילה,,400.00,,false,,15.90,0.0398,true,1,91700
8076809523561,false,רוטב טוסקנה ברילה400,,,רוטב טוסקנה ברילה400,,400.00,,false,,15.90,0.0398,true,1,91703
8076809523738,false,לזניה ברילה 500 גר,קריות זול,,לזניה ברילה 500 גר,,500.00,100 גרם,false,,25.90,0.0518,true,1,91706
8410076600622,false,ניטשר וואלי חטיף קרא,,,ניטשר וואלי חטיף קרא,,210.00,,false,,22.90,0.1090,true,1,93990
8410076610508,false,ניטשר וואלי צ'אוי חט,,,ניטשר וואלי צ'אוי חט,,150.00,,false,,22.90,0.1527,true,1,132067
8410076621009,false,פייבר וואן חטיף בטעם,,,פייבר וואן חטיף בטעם,,120.00,,false,,17.90,0.1492,true,1,161407
8410104039134,false,פיניש מנקה ומחדש מדי,קריות זול,,פיניש מנקה ומחדש מדי,,250.00,,false,,22.90,0.0916,true,1,96558
8410104045111,false,"פיניש מלח למדיח 2 ק""",,,"פיניש מלח למדיח 2 ק""",,2000.00,100 גרם,false,,15.90,0.0080,true,1,155641
8410376027273,false,גולון  עוגיות טווינס,,,גולון  עוגיות טווינס,,252.00,100 גרם,false,,9.90,0.0393,true,1,167322
8410376031898,false,ביסקויט טווינז סנדוו,,,ביסקויט טווינז סנדוו,,176.00,,false,,6.90,0.0392,true,1,99446
8412497595327,false,בקבוק  פלסטיק 450מל,,,בקבוק  פלסטיק 450מל,יחידה,0.00,יחידה,false,,19.90,0.0000,true,1,144037
8420822130600,false,סופר מסיר שומנים יעק,,,סופר מסיר שומנים יעק,,750.00,,false,,15.90,0.0212,true,1,165966
8423207206488,false,סלים דליס חטיף דגנים,,,סלים דליס חטיף דגנים,,120.00,100 גרם,false,,15.90,0.1325,true,1,91715
8423207206495,false,סלים דליס חטיף דגנים,,,סלים דליס חטיף דגנים,,1200.00,100 גרם,false,,15.90,0.0133,true,1,91716
8423207207362,false,סלים דליס חטיף שוקול,,,סלים דליס חטיף שוקול,,120.00,,false,,15.90,0.1325,true,1,91718
8423207208260,false,סלים דליס חטיף דגנים,,,סלים דליס חטיף דגנים,,120.00,100 גרם,false,,15.90,0.1325,true,1,91725
8423207208871,false,פריכיות תירס בטעם טב,,,פריכיות תירס בטעם טב,,123.00,100 גרם,false,,11.90,0.0967,true,1,94395
8423207208888,false,פריכיות תירס בטעם עג,,,פריכיות תירס בטעם עג,יחידה,0.00,יחידה,false,,12.90,0.0000,true,1,94396
8425206000081,false,ריבת חלב מרדל 450גר,,,ריבת חלב מרדל 450גר,,450.00,100 גרם,false,,19.90,0.0442,true,1,94399
8445290341655,false,פנסי פיסט פטה עוף 85,,,פנסי פיסט פטה עוף 85,,85.00,100 גרם,false,,6.70,0.0788,true,1,167542
8683130008355,false,מיונז הלמנס שום לחיץ,,,מיונז הלמנס שום לחיץ,,400.00,100 גרם,false,,16.90,0.0422,true,1,165423
8683130008935,false,הלמנס קטשיונז 425 גר,,,הלמנס קטשיונז 425 גר,,425.00,,false,,16.90,0.0398,true,1,164888
8683130025581,false,בדין אקסטרא ענבר 960,,,בדין אקסטרא ענבר 960,,960.00,,false,,19.90,0.0207,true,1,166206
8686868600211,false,"מטריה לילדים 47 ס""מ",,,"מטריה לילדים 47 ס""מ",יחידה,0.00,יחידה,false,,19.90,0.0000,true,1,161290
8686868600259,false,מטריה גדולה /כפולה,,,מטריה גדולה /כפולה,יחידה,0.00,יחידה,false,,29.90,0.0000,true,1,136279
8690637871108,false,הלמנס ממרח  חרדל 250,,,הלמנס ממרח  חרדל 250,,250.00,100 גרם,false,,12.90,0.0516,true,1,164222
8690637871245,false,הלמנס מיונז 395 גרם,,,הלמנס מיונז 395 גרם,,395.00,100 גרם,false,,15.90,0.0403,true,1,141560
8690637946318,false,בדין אקסטרא בייבי בנ,,,בדין אקסטרא בייבי בנ,,960.00,,false,,19.90,0.0207,true,1,158336
8690637976995,false,בדין אקסטרא ורוד סחל,,,בדין אקסטרא ורוד סחל,,960.00,,false,,19.90,0.0207,true,1,161130
8690766156367,false,שוקולד חלב מעולה 90,,,שוקולד חלב מעולה 90,,90.00,100 גרם,false,,14.90,0.1656,true,1,157763
8690766156374,false,שוקולד מריר מעולה  7,,,שוקולד מריר מעולה  7,,90.00,,false,,14.90,0.1656,true,1,157764
8690766156381,false,שוקולד מריר מעולה 90,,,שוקולד מריר מעולה 90,,90.00,100 גרם,false,,14.90,0.1656,true,1,157765
8690766156411,false,שוקולד מריר מעולה  ב,,,שוקולד מריר מעולה  ב,,90.00,100 גרם,false,,14.90,0.1656,true,1,157768
8690777206051,false,חציל קלוי על האש ויל,קריות זול,,חציל קלוי על האש ויל,,650.00,,false,,13.90,0.0214,true,1,88746
8690777221405,false,פלפל אדום קלוי על הא,,,פלפל אדום קלוי על הא,,650.00,100 גרם,false,,13.90,0.0214,true,1,88747
8692440001086,false,כוסות לשתיה קרה טאץ',,,כוסות לשתיה קרה טאץ',יחידה,0.00,יחידה,false,,7.90,0.0000,true,1,145053
8693323085100,false,ממתק חמוץ שטיחים חמו,,,ממתק חמוץ שטיחים חמו,,100.00,,false,,4.90,0.0490,true,1,139938
8693323099107,false,מרשמלו לבבות 150 גרם,,,מרשמלו לבבות 150 גרם,,150.00,100 גרם,false,,8.90,0.0593,true,1,138939
8697530910743,false,פאל מאל כחול קצר,,,פאל מאל כחול קצר,יחידה,0.00,יחידה,false,,28.00,0.0000,false,1,97427
8697530911276,false,קנט קצר חפיסה,גלוברנדס,,קנט קצר חפיסה,יחידה,0.00,יחידה,false,,35.00,0.0000,false,1,97435
8710502064814,false,עוגיות שוקולד ציפס ר,,,עוגיות שוקולד ציפס ר,,175.00,100 גרם,false,,12.90,0.0737,true,1,91744
8710502279010,false,עוגיות שוקולד צ'יפס,,,עוגיות שוקולד צ'יפס,,175.00,100 גרם,false,,12.90,0.0737,true,1,162215
8710522584200,false,דאב תחליב רחצה ורדים,,,דאב תחליב רחצה ורדים,,500.00,100 גרם,false,,15.90,0.0318,true,1,166405
8712000051099,false,בירה היינקן שישייה 0,קריות זול,,בירה היינקן שישייה 0,,1980.00,,false,,34.90,0.0176,true,1,142140
8712561594240,false,דאב תחליב רחצה 500 מ,,,דאב תחליב רחצה 500 מ,,500.00,,false,,15.90,0.0318,true,1,90521
8712561611183,false,דאב תחליב רחצה תה יר,,,דאב תחליב רחצה תה יר,,500.00,,false,,15.90,0.0318,true,1,90523
8714599513781,false,גקובס קפה גולד 200 ג,קריות זול,,גקובס קפה גולד 200 ג,,200.00,100 גרם,false,,27.90,0.1395,true,1,130171
8714789218465,false,קולגייט 360 מברשת שי,קריות זול,,קולגייט 360 מברשת שי,יחידה,0.00,יחידה,false,,34.90,0.0000,true,1,91757
8714789582764,false,אגקס לניקוי חלונות 7,,,אגקס לניקוי חלונות 7,,750.00,,false,,16.90,0.0225,true,1,91770
8714789930848,false,קולגייט אופטיק וויט,,,קולגייט אופטיק וויט,,75.00,100 גרם,false,,22.90,0.3053,true,1,143909
8715700110141,false,מיונז היינץ צנצנת 46,,,מיונז היינץ צנצנת 46,,460.00,,false,,11.90,0.0259,true,1,136507
8715700117805,false,היינץ מתבל עגבניות ל,,,היינץ מתבל עגבניות ל,,400.00,,false,,12.90,0.0323,true,1,165552
8715700419732,false,קטשופ היינץ 700גר,,,קטשופ היינץ 700גר,,700.00,100 גרם,false,,12.90,0.0184,true,1,89160
8715700422473,false,ממרח היינץ לחיץ 395,,,ממרח היינץ לחיץ 395,,395.00,100 גרם,false,,15.90,0.0403,true,1,167558
8715700423906,false,היינץ מתבל עגבניות 5,,,היינץ מתבל עגבניות 5,,555.00,,false,,11.90,0.0214,true,1,138104
8717163647226,false,אקס ספריי גוף בלאק 1,,,אקס ספריי גוף בלאק 1,,150.00,100 גרם,false,,15.90,0.1060,true,1,141569
8717163842676,false,דאב תחליב רחצה חימר,,,דאב תחליב רחצה חימר,,500.00,100 גרם,false,,15.90,0.0318,true,1,158696
8718951001596,false,אגקס ספריי אמבטיה 60,,,אגקס ספריי אמבטיה 60,,600.00,,false,,15.90,0.0265,true,1,91781
8718951076402,false,קולגייט הרבל להלבנה,קריות זול,,קולגייט הרבל להלבנה,,100.00,100 גרם,false,,12.90,0.1290,true,1,139717
8718951226715,false,קולגייט טוטל אוריגינ,,,קולגייט טוטל אוריגינ,,75.00,,false,,10.90,0.1453,true,1,165655
8718951236806,false,קולגייט טוטל משחת שי,,,קולגייט טוטל משחת שי,,100.00,,false,,19.50,0.1950,true,1,140923
8718951240742,false,קולגייט טוטל משחת שי,,,קולגייט טוטל משחת שי,,100.00,,false,,14.90,0.1490,true,1,140925
8718951253827,false,קולגייט הלבנה מתקדמת,,,קולגייט הלבנה מתקדמת,,75.00,100 גרם,false,,19.90,0.2653,true,1,166297
8718951264618,false,קולגייט אופטיק וייט,,,קולגייט אופטיק וייט,,75.00,100 גרם,false,,19.90,0.2653,true,1,158990
8718951278851,false,קולגייט הלבנה פחם 10,,,קולגייט הלבנה פחם 10,,100.00,100 גרם,false,,14.90,0.1490,true,1,167285
8718951382640,false,פלמוליב סבון גוף חימ,,,פלמוליב סבון גוף חימ,,750.00,,false,,18.90,0.0252,true,1,168190
8719200997998,false,בלו בנד לבישול וטיגו,,,בלו בנד לבישול וטיגו,,200.00,100 גרם,false,,4.90,0.0245,true,1,152529
8719200998001,false,בלו בנד בלי מלח 200ג,,,בלו בנד בלי מלח 200ג,,200.00,100 גרם,false,,4.90,0.0245,true,1,152530
8719200998032,false,מזולה בטעם חמאה 250ג,,,מזולה בטעם חמאה 250ג,,250.00,100 גרם,false,,10.90,0.0436,true,1,152536
8719200998049,false,מזולה בטעם טבעי 250ג,קריות זול,,מזולה בטעם טבעי 250ג,,250.00,100 גרם,false,,9.90,0.0396,true,1,152533
8801055709472,false,נסקפה קפוצ'ינו קלאסי,,,נסקפה קפוצ'ינו קלאסי,,125.00,,false,,21.90,0.1752,true,1,166478
8809168840471,false,חטיף אצות מיובשות 4.,,,חטיף אצות מיובשות 4.,,40.00,100 גרם,false,,25.90,0.6475,true,1,162621
8850180040028,false,טמפורה 500גר,,,טמפורה 500גר,,500.00,100 גרם,false,,11.90,0.0238,true,1,98487
8850367992164,false,קרם קוקוס 20-22% 250,,,קרם קוקוס 20-22% 250,,250.00,100 גרם,false,,8.90,0.0356,true,1,131517
8850389103111,false,סאפה משקה אלוורה ענב,,,סאפה משקה אלוורה ענב,,300.00,,false,,10.90,0.0363,true,1,118987
8850389104637,false,סאפה משקה אלוורה אפר,,,סאפה משקה אלוורה אפר,,300.00,100 גרם,false,,10.90,0.0363,true,1,130223
8850389105832,false,סאפה משקה אלוורה תפו,,,סאפה משקה אלוורה תפו,,1000.00,100 גרם,false,,17.90,0.0179,true,1,86731
8850632604259,false,חמצוצים מקלות בטעם ת,,,חמצוצים מקלות בטעם ת,,50.00,,false,,5.40,0.1080,true,1,94039
8850632604266,false,חמצוצים מקלות בטעם ק,,,חמצוצים מקלות בטעם ק,,50.00,,false,,5.40,0.1080,true,1,94040
8850632604372,false,חמצוצים שטיח בטעם תו,,,חמצוצים שטיח בטעם תו,,50.00,100 גרם,false,,5.40,0.1080,true,1,94041
8850632604402,false,חמצוצים שטיח בטעם מע,,,חמצוצים שטיח בטעם מע,,50.00,100 גרם,false,,5.40,0.1080,true,1,94042
8850632605201,false,חספוסים תות בננה תפו,,,חספוסים תות בננה תפו,,50.00,,false,,5.40,0.1080,true,1,94043
8858271003020,false,רוטב סויה פורמולה מק,,,רוטב סויה פורמולה מק,,700.00,100 גרם,false,,16.90,0.0241,true,1,98494
8858271004799,false,רוטב צילי מתוק 700 מ,,,רוטב צילי מתוק 700 מ,,700.00,,false,,12.90,0.0184,true,1,98501
8901537024014,false,אורז בסמטי דאווט 1קג,,,אורז בסמטי דאווט 1קג,,1000.00,,false,,14.90,0.0149,true,1,88750
8901537076679,false,אורז בסמטי חום מלא ד,,,אורז בסמטי חום מלא ד,,1.00,100 גרם,false,,14.90,14.9000,true,1,138670
8934878081811,false,"דפי אורז 22 ס""מ 400ג",,,"דפי אורז 22 ס""מ 400ג",,400.00,100 גרם,false,,14.90,0.0373,true,1,141989
9000101509069,false,ברף בריליאנט ג'ל גשם,,,ברף בריליאנט ג'ל גשם,יחידה,0.00,יחידה,false,,16.90,0.0000,true,1,168024
9000101520965,false,סבון אסלה שלישייה -ב,,,סבון אסלה שלישייה -ב,יחידה,0.00,יחידה,false,,16.90,0.0000,true,1,166225
9000101537550,false,פרסיל פאוור קאפס יונ,,,פרסיל פאוור קאפס יונ,יחידה,0.00,יחידה,false,,54.90,0.0000,true,1,166226
9002859064708,false,סוכריות פירות בצנצנת,,,סוכריות פירות בצנצנת,,300.00,100 גרם,false,,15.90,0.0530,true,1,98867
9310072028743,false,ביסקויט טים טם במילו,,,ביסקויט טים טם במילו,,200.00,,false,,21.90,0.1095,true,1,93559
9322969000022,false,פריכיות תירס עם סויה,,,פריכיות תירס עם סויה,,150.00,100 גרם,false,,14.90,0.0993,true,1,99202
9322969000046,false,פריכיות תירס אורגניו,,,פריכיות תירס אורגניו,,150.00,100 גרם,false,,14.90,0.0993,true,1,99203
9720188050109,false,טופוטי ממרח טופו בטע,,,טופוטי ממרח טופו בטע,,227.00,100 גרם,false,,22.90,0.1009,true,1,91355
