code,internal_code,name,manufacturer_name,manufacture_country,manufacturer_item_description,unit_qty,quantity,unit_of_measure,weighted,qty_in_package,price,unit_of_measure_price,allow_discount,status,item_id
300,false,מאפה מתוק\בורקסים גבינה תפוא,ביכורי השקמה,,פיתה ש.י.שאשא,Unknown,0.00,Unknown,false,1,1.70,1.70,true,1,
602,false,קפה טורקי 85גרם!,,,בצל יבש,Unknown,0.00,"ק""ג",true,0,5.90,5.90,true,1,
619,false,פלפל אדום,,,פלפל אדום,Unknown,0.00,"ק""ג",true,0,12.90,12.90,true,1,
657,false,שזיף ירוק/לבן,,,שזיף ירוק/לבן,Unknown,0.00,"ק""ג",true,0,29.90,29.90,true,1,
678,false,נתח קצבים טרי,,,ברוקולי,Unknown,0.00,Unknown,false,1,14.90,14.90,true,1,
749,false,ערמונים,,,ערמונים,Unknown,0.00,"ק""ג",true,0,19.90,19.90,true,1,
5942,false,"תפו""ע קריספי",,,"תפו""ע קריספי",Unknown,0.00,"ק""ג",true,0,21.90,21.90,true,1,
46020,false,גבינה צהובה גלבוע 22% במשקל תנובה,הפריט בפיקוח,IL,גבינה צהובה גלבוע-במ,Unknown,0.00,"ק""ג",true,0,42.58,42.58,true,1,
53219,false,גבינה חריץ טל העמק 32% במשקל,,IL,גבינה טל העמק 32%,Unknown,0.00,"ק""ג",true,0,67.00,67.00,true,1,
90010,false,מסכה *10 ללא החזרה KN95,,,ללא החזרה KN95 מסכות,Unknown,0.00,Unknown,false,1,129.90,129.90,true,1,
304050,false,מסיכה כירורגית 1 יחידה,,,מסיכה כירורגית 1 יחי,Unknown,0.00,Unknown,false,1,0.50,0.50,true,1,
363486,false,נקניק תה טירת צבי במשקל,טירת צבי - מעדניה,,נקניק תה טירת צבי,Unknown,0.00,"ק""ג",true,0,60.00,60.00,true,1,
365756,false,פסטרמה גחלים דל שומןטירת צבי,,,פסטרמה גחלים דל שומן,Unknown,0.00,"ק""ג",true,0,93.00,93.00,true,1,
365954,false,פסטרמה הודו גחלים טירת צבי,טירת צבי - מעדניה,,פסטרמה גחלים,Unknown,0.00,"ק""ג",true,0,93.00,93.00,true,1,
554792,false,בולגרית מעודנת 5% במשקל,גבינות מעדניה,,בולגרית מעודנת 5%,Unknown,0.00,"ק""ג",true,0,64.00,64.00,true,1,
554815,false,"גב.מוצרלה נקניק צמה גד לק""ג",גבינות מעדניה,,מוצרלה טבעית במשקל,Unknown,0.00,"ק""ג",true,0,95.00,95.00,true,1,
554891,false,גבינה בולגרית דלי %16,גבינות מעדניה,,בולגרית מעודנת 16%,Unknown,0.00,"ק""ג",true,0,64.00,64.00,true,1,
644783,false,מנות פילה סלמון קפוא דגי תנובה,דגיים קפואים,,פילה סלמון קפוא מנות,Unknown,0.00,"ק""ג",true,0,99.90,99.90,true,1,
1356951,false,סלמון פלטה פרוס,,,סלמון פלטה פרוס,Unknown,0.00,"ק""ג",true,0,231.00,231.00,true,1,
2400554,false,טיבון טלה סקין פריים,,IL,טיבון טלה סקין פריים,Unknown,0.00,"ק""ג",true,0,139.90,139.90,true,1,
2617488,false,גבינת צדר אנגלית מיושנת במשקל,,,גבינת צדר אנגלית,Unknown,0.00,"ק""ג",true,0,126.00,126.00,true,1,
2617495,false,גבינת צדר אנגלית עם וויסקי במשקל,,,גבינת צדר אנגלית,Unknown,0.00,"ק""ג",true,0,168.00,168.00,true,1,
2649403,false,פרמזנו רגאנו איטלקי במשקל,,IT,פרמזנו רגאנו איטלקי,Unknown,0.00,"ק""ג",true,0,203.00,203.00,true,1,
3464562,false,סטייק סינטה עגל טרי,,,סטייק סינטה עגל,Unknown,0.00,"ק""ג",true,0,109.90,109.90,true,1,
3800001,false,כנפיים טרי לוקס,,,כנפיים טרי לוקס,Unknown,0.00,"ק""ג",true,0,21.90,21.90,true,1,
4050283,false,פפרוני עגל במשקל,,,פפרוני עגל במשקל,Unknown,0.00,"ק""ג",true,0,175.00,175.00,true,1,
4050443,false,בייקון במשקל,,,בייקון במשקל,Unknown,0.00,"ק""ג",true,0,210.00,210.00,true,1,
4050597,false,פרושוטו,,,פרושוטו,Unknown,0.00,"ק""ג",true,0,320.00,320.00,true,1,
4050894,false,נקניק סלמי כפרי,,,נקניק סלמי כפרי,Unknown,0.00,"ק""ג",true,0,182.00,182.00,true,1,
4051082,false,קורנביף במשקל,,,קורנביף במשקל,Unknown,0.00,"ק""ג",true,0,125.00,125.00,true,1,
4051143,false,חזה הודו מעושן דל שומן,,,חזה הודו מעושן דל שו,Unknown,0.00,"ק""ג",true,0,85.00,85.00,true,1,
4051174,false,סרוולט אוסטרי במשקל,,,סרוולט אוסטרי,Unknown,0.00,"ק""ג",true,0,180.00,180.00,true,1,
4051464,false,נקניק סלמי מילאנו,,,נקניק סלמי מילאנו,Unknown,0.00,"ק""ג",true,0,160.00,160.00,true,1,
4051563,false,נקניק סלמי צרפתי,,,נקניק סלמי צרפתי,Unknown,0.00,"ק""ג",true,0,180.00,180.00,true,1,
4051617,false,נקניק סלמי רוונה במשקל,,,נקניק סלמי רוונה,Unknown,0.00,"ק""ג",true,0,105.00,105.00,true,1,
4052065,false,גרודינקה בייקון,,,גרודינקה בייקון,Unknown,0.00,"ק""ג",true,0,230.00,230.00,true,1,
4052386,false,פסטרמה אסאדו לבן במשקל,,,פסטרמה אסאדו לבן במש,Unknown,0.00,"ק""ג",true,0,150.00,150.00,true,1,
4052652,false,רו בייקון במשקל,,,רו בייקון במשקל,Unknown,0.00,"ק""ג",true,0,270.00,270.00,true,1,
4052744,false,נקניקיות קוקטיל במשקל,,,סינטה לבן טרי,Unknown,0.00,"ק""ג",true,0,64.90,64.90,true,1,
4052966,false,נקניק תה רחב במשקל,,,נקניק תה במשקל,Unknown,0.00,"ק""ג",true,0,70.00,70.00,true,1,
4053017,false,נקניק סלמי הרץ מזרע,,,נקניק סלמי הרץ מזרע,Unknown,0.00,"ק""ג",true,0,160.00,160.00,true,1,
4053024,false,נקניק פפרוני,,,נקניק פפרוני,Unknown,0.00,"ק""ג",true,0,175.00,175.00,true,1,
4053710,false,פסטרמה חזה הודו מקסיקני,,,פסטרמה חזה הודו,Unknown,0.00,"ק""ג",true,0,85.00,85.00,true,1,
4054014,false,שינקן מעושן במשקל,,,שינקן מעושן במשקל,Unknown,0.00,"ק""ג",true,0,135.00,135.00,true,1,
4054021,false,שינקן פולני פולני חצי במשקל,,,שינקן פולני במשקל,Unknown,0.00,"ק""ג",true,0,125.00,125.00,true,1,
4054427,false,שוק חזירון בלי עצם,,,פסטרמה שוק חזירון,Unknown,0.00,"ק""ג",true,0,115.00,115.00,true,1,
4054953,false,סרוולט איטלקי,,,סרוולט איטלקי,Unknown,0.00,"ק""ג",true,0,120.00,120.00,true,1,
4055479,false,פסטרמה בקר בפלפל,,,פסטרמה בקר בפלפל,Unknown,0.00,"ק""ג",true,0,130.00,130.00,true,1,
4055615,false,פריזר עגל,,,פריזר עגל,Unknown,0.00,"ק""ג",true,0,49.00,49.00,true,1,
4055769,false,נקניק לוביטליסקיה,,,נקניק לוביטליסקיה,Unknown,0.00,"ק""ג",true,0,110.00,110.00,true,1,
4055943,false,לקס עגל,,,לקס עגל,Unknown,0.00,"ק""ג",true,0,230.00,230.00,true,1,
4412135,false,לוף,,,לוף,Unknown,0.00,"ק""ג",true,0,19.90,19.90,true,1,
4412166,false,אשכולית אדומה,,,אשכולית אדומה,Unknown,0.00,"ק""ג",true,0,9.90,9.90,true,1,
4412227,false,"תפו""א אדום",,,תפוא אדום,Unknown,0.00,"ק""ג",true,0,6.90,6.90,true,1,
4412319,false,בטטה,,,בטטה,Unknown,0.00,"ק""ג",true,0,11.90,11.90,true,1,
4412340,false,קלמנטינה,,,קלמנטינה,Unknown,0.00,"ק""ג",true,0,12.90,12.90,true,1,
4412395,false,תפוז ברשת,,,תפוז ברשת,Unknown,0.00,"ק""ג",true,0,9.90,9.90,true,1,
4412418,false,קיווי,,,קיווי,Unknown,0.00,"ק""ג",true,0,29.90,29.90,true,1,
4412432,false,תפוזים,,,תפוזים,Unknown,0.00,"ק""ג",true,0,9.90,9.90,true,1,
4412456,false,"תפו""ע חרמון",,,תפוע חרמון,Unknown,0.00,"ק""ג",true,0,12.90,12.90,true,1,
4412463,false,"תפו""ע מוזהב",,,תפוע מוזהב,Unknown,0.00,"ק""ג",true,0,15.90,15.90,true,1,
4412470,false,"תפו""ע סמיט",,,תפוע סמיט,Unknown,0.00,"ק""ג",true,0,14.90,14.90,true,1,
4412487,false,שזיף אדום,,,שזיף אדום,Unknown,0.00,"ק""ג",true,0,24.90,24.90,true,1,
4412500,false,בצל אדום,,,בצל אדום,Unknown,0.00,"ק""ג",true,0,8.90,8.90,true,1,
4412524,false,פומלית,,,פומלית,Unknown,0.00,"ק""ג",true,0,9.90,9.90,true,1,
4412531,false,ענבים ירוקים,,,ענבים ירוקים,Unknown,0.00,"ק""ג",true,0,34.90,34.90,true,1,
4412548,false,ענבים שחורים,,,ענבים שחורים,Unknown,0.00,"ק""ג",true,0,28.90,28.90,true,1,
4412579,false,מנגו,,,מנגו,Unknown,0.00,"ק""ג",true,0,17.90,17.90,true,1,
4412586,false,לימון,,,לימון,Unknown,0.00,"ק""ג",true,0,10.90,10.90,true,1,
4412616,false,בננות,,,בננות,Unknown,0.00,"ק""ג",true,0,11.90,11.90,true,1,
4412623,false,אגסים,,,אגסים,Unknown,0.00,"ק""ג",true,0,17.90,17.90,true,1,
4412630,false,אשכוליות,,,אשכוליות,Unknown,0.00,"ק""ג",true,0,9.90,9.90,true,1,
4412647,false,אבוקדו,,,אבוקדו,Unknown,0.00,"ק""ג",true,0,22.90,22.90,true,1,
4412654,false,אפרסמון,,,אפרסמון,Unknown,0.00,"ק""ג",true,0,24.90,24.90,true,1,
4412678,false,"תפו""א לבן",,,תפוא לבן,Unknown,0.00,"ק""ג",true,0,5.90,5.90,true,1,
4412685,false,פומלה,,,פומלה,Unknown,0.00,"ק""ג",true,0,14.90,14.90,true,1,
4412715,false,קשואים,,,קישואים,Unknown,0.00,"ק""ג",true,0,11.90,11.90,true,1,
4412722,false,פרסה,,,פרסה,Unknown,0.00,"ק""ג",true,0,19.90,19.90,true,1,
4412746,false,פלפל חריף,,,פלפל חריף,Unknown,0.00,"ק""ג",true,0,11.90,11.90,true,1,
4412777,false,פלפל צהוב,,,פלפל צהוב,Unknown,0.00,"ק""ג",true,0,14.90,14.90,true,1,
4412784,false,עגבניות,,,עגבניות,Unknown,0.00,"ק""ג",true,0,11.90,11.90,true,1,
4412791,false,סלק,,,סלק,Unknown,0.00,"ק""ג",true,0,7.90,7.90,true,1,
4412814,false,מלפפונים,,,מלפפונים,Unknown,0.00,"ק""ג",true,0,10.90,10.90,true,1,
4412838,false,כרובית,,,כרובית,Unknown,0.00,"ק""ג",true,0,13.90,13.90,true,1,
4412852,false,כרוב לבן,,,כרוב לבן,Unknown,0.00,"ק""ג",true,0,5.90,5.90,true,1,
4412869,false,חצילים,,,חצילים,Unknown,0.00,"ק""ג",true,0,15.90,15.90,true,1,
4412876,false,דלעת,,,דלעת,Unknown,0.00,"ק""ג",true,0,8.90,8.90,true,1,
4412883,false,גזר,,,גזר,Unknown,0.00,"ק""ג",true,0,5.90,5.90,true,1,
4412982,false,קישוא עגול,,,קישוא עגול,Unknown,0.00,"ק""ג",true,0,14.90,14.90,true,1,
4429614,false,גבינה נועה בסגנון גאודה בזיליקום במשקל,,,גבינה נועה בסגנון,Unknown,0.00,"ק""ג",true,0,161.00,161.00,true,1,
4467180,false,שניצל עוף דק דק שירות עצמי,,,שניצל עוף דק דק,Unknown,0.00,"ק""ג",true,0,49.90,49.90,true,1,
4530044,false,אמנטל צרפתי במשקל,,,אמנטל צרפתי במשקל,Unknown,0.00,"ק""ג",true,0,120.00,120.00,true,1,
4535209,false,סטייק צוואר פרוס טרי,,,סטייק צוואר פרוס טרי,Unknown,0.00,"ק""ג",true,0,94.90,94.90,true,1,
4535490,false,סטייק צלע לבן פרוס טרי,,,סטייק צלע לבן פרוס ט,Unknown,0.00,"ק""ג",true,0,86.90,86.90,true,1,
4725600,false,גבינה צהובה סקנדינבית 31% במשקל,,,גבינה צהובה סקנדינבי,Unknown,0.00,"ק""ג",true,0,78.00,78.00,true,1,
5678400,false,ענבים ראד גלוב חרצנים,,,ענבים ראד גלוב חרצני,Unknown,0.00,"ק""ג",true,0,49.90,49.90,true,1,
5697210,false,גבינת סנט מור במשקל גלילי,,,גבינת סנט מור במשקל,Unknown,0.00,"ק""ג",true,0,205.00,205.00,true,1,
5697227,false,גבינה בושה עיזים שקיל הגלילי,,,גבינה בושה עיזים,Unknown,0.00,"ק""ג",true,0,195.00,195.00,true,1,
5697296,false,תום עיזים בורדו מנות שקיל,,,תום עיזים בורדו מנות,Unknown,0.00,"ק""ג",true,0,249.00,249.00,true,1,
5697340,false,ברי עיזים מנות שקיל,,,ברי עיזים מנות שקיל,Unknown,0.00,"ק""ג",true,0,198.00,198.00,true,1,
5697357,false,ולנסי עיזים מנות שקיל,,,ולנסי עיזים מנות שקי,Unknown,0.00,"ק""ג",true,0,221.00,221.00,true,1,
5697364,false,פרובנס עיזים מנות שקיל,,,פרובנס עיזים מנות,Unknown,0.00,"ק""ג",true,0,221.00,221.00,true,1,
5992858,false,פטה 5% מעודנת במשקל,,,פטה 5% מעודנת במשקל,Unknown,0.00,"ק""ג",true,0,134.00,134.00,true,1,
5992964,false,פטה כבשים מסורתי במשקל,,,פטה כבשים מסורתי,Unknown,0.00,"ק""ג",true,0,145.00,145.00,true,1,
6188663,false,חזה הודו ברביקיו דל שומן מזרע,,,חזה הודו דל שומן,Unknown,0.00,"ק""ג",true,0,85.00,85.00,true,1,
6188717,false,חזה הודו רומני דל שומן מזרע,,,חזה הודו רומני דל.ש,Unknown,0.00,"ק""ג",true,0,90.00,90.00,true,1,
6191915,false,גבינה מגורדת,,,גבינה מגורדת,Unknown,0.00,"ק""ג",true,0,57.00,57.00,true,1,
6194190,false,קצוות נקניק,,,קצוות נקניק,Unknown,0.00,"ק""ג",true,0,33.00,33.00,true,1,
6519511,false,פריזר עוף מזרע,,,פריזר עוף,Unknown,0.00,"ק""ג",true,0,36.00,36.00,true,1,
6520395,false,בשר עוף טרי טחון,,,בשר עוף טרי טחון,Unknown,0.00,"ק""ג",true,0,37.90,37.90,true,1,
6836427,false,גבינת היער השחור,,,גבינת היער השחור,Unknown,0.00,"ק""ג",true,0,210.00,210.00,true,1,
6836496,false,ברי אגוזים במשקל,,,ברי אגוזים במשקל,Unknown,0.00,"ק""ג",true,0,165.00,165.00,true,1,
6843944,false,עוף שלם טרי,,,עוף שלם טרי,Unknown,0.00,"ק""ג",true,0,18.90,18.90,true,1,
8433853,false,כתף בקר מעושן מזרע,,,כתף בקר מעושנת מזרע,Unknown,0.00,"ק""ג",true,0,135.00,135.00,true,1,
8434683,false,צדר אדום גרמני במשקל,,,צדר אדום גרמני במשקל,Unknown,0.00,"ק""ג",true,0,90.00,90.00,true,1,
8434799,false,צדר לבן גרמני במשקל,,,צדר לבן גרמני במשקל,Unknown,0.00,"ק""ג",true,0,100.00,100.00,true,1,
8437288,false,הדר- בסגנון קממבר בקר הגבנייה,,IL,גבינת הדר בסגנון קממ,Unknown,0.00,"ק""ג",true,0,165.00,165.00,true,1,
8437462,false,קממבר כמהין הגבנייה,,IL,גבינה קממבר כמהין במ,Unknown,0.00,"ק""ג",true,0,187.00,187.00,true,1,
8438476,false,גבינת עובש לבן מחלב,,,גבינת עובש לבן מחלב,Unknown,0.00,"ק""ג",true,0,158.00,158.00,true,1,
8438568,false,גבינה בסגנון תום ונג,,,גבינה בסגנון תום ונג,Unknown,0.00,"ק""ג",true,0,170.00,170.00,true,1,
8439510,false,פסטרמה הודו בדבש מזרע,,,פסטרמה הודו בדבש,Unknown,0.00,"ק""ג",true,0,75.00,75.00,true,1,
8439541,false,פסטרמה הודו על האש,,,פסטרמה הודו על האש,Unknown,0.00,"ק""ג",true,0,75.00,75.00,true,1,
8439572,false,פסטרמה הודו פרפר רומני מזרע,,,פסטרמה הודו פרפר,Unknown,0.00,"ק""ג",true,0,79.00,79.00,true,1,
8439787,false,פסטרמה לבנה רומנית מזרע,,,פסטרמה לבנה רומנית,Unknown,0.00,"ק""ג",true,0,125.00,125.00,true,1,
8442398,false,אסאדו עגל טרי רצועות,,,אסאדו עגל טרי רצועות,Unknown,0.00,"ק""ג",true,0,54.90,54.90,true,1,
8618007,false,פילה סלמון מנות טרי פרמיום ארוז,,IL,פילה סלמון פרוס טרי,Unknown,0.00,"ק""ג",true,0,119.90,119.90,true,1,
8618014,false,פילה סלמון נתח שלם טרי,,IL,פילה סלמון טרי,Unknown,0.00,"ק""ג",true,0,119.90,119.90,true,1,
8618038,false,פילה לברק טרי פרמיום ארוז,,IL,פילה לברק טרי,Unknown,0.00,"ק""ג",true,0,154.90,154.90,true,1,
8618069,false,פילה ברמונדי ארוז טרי,,,פילה ברמונדי טרי,Unknown,0.00,"ק""ג",true,0,124.90,124.90,true,1,
8713573,false,גאודה הולנדית חרדל במשקל,,,גאודה הולנדית חרדל,Unknown,0.00,"ק""ג",true,0,126.00,126.00,true,1,
8776875,false,סטייק ניו יורק,,,סטייק ניו יורק,Unknown,0.00,"ק""ג",true,0,119.90,119.90,true,1,
9431803,false,גבינה פקורינו רומאנו במשקל,,IT,גבינה פקורינו רומאנו,Unknown,0.00,"ק""ג",true,0,199.00,199.00,true,1,
9441017,false,עגבניות שרי,,,עגבניות שרי,Unknown,0.00,"ק""ג",true,0,29.90,29.90,true,1,
9441024,false,עגבניות תמר,,,עגבניות שרי,Unknown,0.00,"ק""ג",true,0,29.90,29.90,true,1,
40111490,false,מ&מס שוקולד 45 גרם,,,מ&מס שוקולד 45 גרם,גרמים,45.00,100 גרם,false,1,5.50,12.22,true,1,
41001356,false,"בירה בקס פחית 500 מ""ל",יבואן ומשווק: ש. שסט,DE,"בירה בקס פחית 500 מ""",מיליליטרים,500.00,"100 מ""ל",false,1,12.90,2.58,true,1,
42138105,false,סיגריות וינסטון סלימס כחול בודד,גיי טי אינטרנשיונל,CH,ווינסטון סופר סלימס,Unknown,0.00,Unknown,false,1,33.00,33.00,true,1,
42138129,false,סיגריות וינסטון סופר סלימס מנטול,Unknown,CH,ווינסטון סופר סלימס,Unknown,0.00,Unknown,false,1,33.00,33.00,true,1,
42149996,false,"בירה בקס בקבוק 275 מ""ל","איי, בי, אינבוו",DE,בירה בקס בקבוק 275 מ,מיליליטרים,275.00,"100 מ""ל",false,1,6.50,2.36,true,1,
45358850,false,אוסובוקו טרי פרוס,,,אוסובוקו טרי,Unknown,0.00,"ק""ג",true,0,49.90,49.90,true,1,
50312719,false,קדבורי חטיף טווירל 43 גרם,,,קדבורי חטיף טווירל 4,Unknown,0.00,Unknown,false,1,8.30,8.30,true,1,
59039549,false,ווג פריזון מנטול חפיסה,Unknown,PL,ווג פריזון מנטול חפי,Unknown,0.00,Unknown,false,1,38.00,38.00,true,1,
59068907,false,סיגריות פאל מאל כחול דמי סלימס,גלוברנס,PL,פאל מאל כחול דמי סלי,Unknown,0.00,Unknown,false,1,26.00,26.00,true,1,
59068914,false,סיגריות פאל מאל סילבר דמי סלימס,Unknown,PL,פאל מאל סילבר דמי סל,Unknown,0.00,Unknown,false,1,26.00,26.00,true,1,
59455233,false,סיגריות ווג ליידי כחול בודד,Unknown,PL,ווג סופרסלימס כחול,יחידה,1.00,יחידה,false,1,38.00,38.00,true,1,
59455240,false,סיגריות ווג ליידי לילך בודד,Unknown,PL,ווג סופרסלימס לילך,יחידה,1.00,יחידה,false,1,38.00,38.00,true,1,
72940761,false,"מילקי מעדן שוקולד עם קצפת שטראוס 133 מ""ל",מיוצר עי קונדיטוריית,IL,מילקי שוקולד 130 גרם,גרמים,130.00,100 גרם,false,1,2.90,2.23,true,1,
72940952,false,מעדן מילקי בטעם שוקולד עם אקסטרה קצפת,"שטראוס גרופ בע""\מ",IL,מילקי פי 2 קצפת 104,גרמים,104.00,100 גרם,false,1,4.10,3.94,true,1,
72964422,false,יוגורט פרחים 4.5% שומן 200 גרם,מחלבת תנובה,IL,יוגורט פרחים גביע 4.,גרמים,200.00,100 גרם,false,1,3.10,1.55,true,1,
72986370,false,"גלידת בן & ג'ריס פיינטים וניל 500מ""ל",מוצרי איכות אמריקאיים,IL,בן אנד גריס גלידת ונ,מיליליטרים,500.00,"100 מ""ל",false,1,25.90,5.18,true,1,
72986424,false,"גלידת בן & ג'ריס פיינטים קרם עוגיות 500מ""ל",מוצרי איכות אמריקאיים בע,IL,בן אנד גריס גלידת קר,מיליליטרים,500.00,"100 מ""ל",false,1,25.90,5.18,true,1,
72986448,false,"גלידת בן & ג'ריס פיינטים טופי קראנץ 500מ""ל",מוצרי איכות אמריקאיים בע,IL,בן אנד גריס גלידת טו,מיליליטרים,800.00,"100 מ""ל",false,1,25.90,3.24,true,1,
72986455,false,"גלידה בן& ג'ריס ניו יורק סופר פאדג' צ'אנק 500 מ""ל",מוצרי איכות אמריקאיים בע,IL,בן אנד גריס גלידת ני,מיליליטרים,500.00,"100 מ""ל",false,1,25.90,5.18,true,1,
72986479,false,"גלידה שוקולד אגוז עם בננות בן וג'ירי 500 מ""ל",מוצרי איכות אמריקאיים בע,IL,בן אנד גריס גלידת צא,מיליליטרים,500.00,"100 מ""ל",false,1,25.90,5.18,true,1,
72989425,false,"גלידת בן & ג'ריס פיינטים שוקולד בראוניז 500מ""ל",מוצרי איכות אמריקאיים בע,IL,בן אנד גריס שוקולד ב,מיליליטרים,500.00,"100 מ""ל",false,1,25.90,5.18,true,1,
72991886,false,"גלידת דולצ'ה בטעם ריבת חלב עם פאדג' בן וג'ירי 500 מ""ל",מוצרי איכות אמריקאיים בע,IL,בן אנד גריס 500,מיליליטרים,500.00,"100 מ""ל",false,1,25.90,5.18,true,1,
75032814,false,"בירה קורונה 355 מ""ל בקבוק",קומפניה כברהסרה,MX,"בירה קורונה 355 מ""ל",מיליליטרים,355.00,"100 מ""ל",false,1,8.90,2.51,true,1,
76136184,false,סיגריות פאל מל סלימס כחול בודד,Unknown,CH,פאל מאל סופרסלימס כח,Unknown,0.00,Unknown,false,1,30.00,30.00,true,1,
80042556,false,POLPA עגבניות חתוכות דק 400 גרם MUTTI,"איי, בי, אינבוו",IT,POLPA עגבניות חתוכות,גרמים,400.00,100 גרם,false,1,7.90,1.98,true,1,
80042563,false,רסק עגבניות MUTTI{צהוב} 700 גרם,"איי, בי, אינבוו",IT,מחית עגבניות קלה 700,גרמים,700.00,100 גרם,false,1,12.90,1.84,true,1,
80050025,false,סוכריות טיק טק תפוז 16 גרם,פררו - אלבה,ZA,סוכריות טיק טק בטעם,גרמים,16.00,100 גרם,false,1,3.50,21.88,true,1,
80050124,false,סוכריות טיק טק מנטה 16 גרם,פררו - אלבה,ZA,סוכריות טיק טק בטעם,גרמים,16.00,100 גרם,false,1,3.50,21.88,true,1,
80052760,false,קינדר בואנו Kinder Bueno עם חלב ואגוזי לוז,פררו - אלבה,PL,חטיף קינדר בואנו 43,גרמים,43.00,100 גרם,false,1,4.90,11.40,true,1,
80052883,false,סוכריות מנטה חזק 16 ג' טיק טק,פררו,ZA,טיק טק בודד מנטה חזק,גרמים,16.00,100 גרם,false,1,3.50,21.88,true,1,
80136194,false,חטיפי הפי היפו Happy Hippo במילוי קרם חלבי ואגוזי לוז,קינדר Kinder,DE,קינדר הפי היפו אגוזי,גרמים,104.00,100 גרם,false,1,14.90,14.33,true,1,
80176800,false,נוטלה ממרח שוקולד 750 גרם,פררו תעשיות איטליה ס,IT,ממרח שוקולד נוטלה 75,גרמים,750.00,100 גרם,false,1,27.90,3.72,true,1,
80177173,false,ממרח שוקולד נוטלה 350 גרם,פררו - אלבה,IT,ממרח נוטלה 350 גרם,גרמים,350.00,100 גרם,false,1,15.90,4.54,true,1,
80177180,false,שוקולד קינדר קאונטרי 23.5 גרם,ליימן שליסל,IT,שוקולד קינדר קאונטרי,גרמים,24.00,100 גרם,false,1,3.30,13.75,true,1,
80177609,false,אצבעות שוקולד קינדר Kinder ארבע יחידות,פררו - אלבה,IT,קינדר 50 גרם,גרמים,50.00,100 גרם,false,1,4.90,9.80,true,1,
80177616,false,אצבעות שוקולד קינדר Kinder שמונה יחידות,פררו - אלבה,IT,טבלת שוקולד קינדר 10,גרמים,100.00,100 גרם,false,1,9.20,9.20,true,1,
80273684,false,תערובת עשבי פרובנס במטחנה 20 גר ארומה דה,דרוגריה ואלימנטרי אס,IT,תערובת עשבי פרובנס ב,גרמים,20.00,100 גרם,false,1,14.50,72.50,true,1,
80310334,false,שוקולד קינדר בצורת סנטה קלאוס 55 גרם,פררו,IT,שוקולד קינדר בצורת ס,גרמים,55.00,100 גרם,false,1,12.90,23.45,true,1,
80310891,false,ג'וי ביצת הפתעה קינדר 20 גרם,קריות זול,ZA,ביצת הפתעה קינדר גוי,גרמים,20.00,100 גרם,false,1,6.90,34.50,true,1,
80473206,false,פפריקה מתוקה אורגנית 50 גרם קנהמלה,קנהמלה,IT,פפריקה מתוקה אורגנית,גרמים,50.00,100 גרם,false,1,16.90,33.80,true,1,
80525264,false,Agnesi רוטב עגבניות ובזיל 400 גר,,IT,רוטב עגבניות,גרמים,400.00,100 גרם,false,0,15.60,3.90,true,1,
80525288,false,Agnesi רוטב עגבניות וזיתים 400 גר,,IT,Agnesi רוטב עגבניות,גרמים,400.00,100 גרם,false,0,15.60,3.90,true,1,
80525424,false,Agnesi רוטב עגבניות אראביאטה 400 גר,,IT,Agnesi רוטב עגבניות,גרמים,400.00,100 גרם,false,0,15.60,3.90,true,1,
80757009,false,{צנצנת} 200 גרם {12} כשר as do mar פילה בשמן זית,,,פילה טונה 200 גר,גרמים,200.00,100 גרם,false,1,46.90,23.45,true,1,
80761761,false,קינדר בואנו לבן בודד 39 גרם,ליימן שליסל,PL,קינדר בואנו לבן בודד,גרמים,39.00,100 גרם,false,1,4.90,12.56,true,1,
80773443,false,מנטוס בקבוק מעוגל - מסטיק ללא סוכר בטעם מנטה 60 גרם,"פרפטי ואן מלה ג'\ידה,סאן",TR,מנטוס בבקבוק מעוגל ט,Unknown,0.00,Unknown,false,1,10.90,10.90,true,1,
80864295,false,סוכריות פיור וויט טעם מנטה עדינה 60 ג' מנטוס,"פרפטי ואן מלה ג'ידה,סאן",TR,מסטיק מנטוס וייט מנט,גרמים,60.00,100 גרם,false,1,10.90,18.17,true,1,
80874652,false,קינדר קארדס 120 גרם - בודד,פררו,IT,וופל קינדר קארדס 25.,גרמים,26.00,100 גרם,false,1,4.50,17.31,true,1,
80936848,false,סוכריות טיק טק תות שדה 24 יח',ליימן-שליסל,ZA,סוכריות טיק טק בטעם,גרמים,16.00,100 גרם,false,1,3.50,21.88,true,1,
80982470,false,מסטיק מנטוס פיור פרוסט בטעם מנטה חזק 60 גר',פרפטי ואן מלה ברדה,TR,גומי לעיסה פיור פרוס,גרמים,60.00,100 גרם,false,1,10.90,18.17,true,1,
80986348,false,סוכריות פיור וויט טעם מנטה 60 ג' מנטוס,"פרפטי ואן מלה ג'ידה,סאן",TR,מסטיק מנטוס וייט מנט,גרמים,60.00,100 גרם,false,1,10.90,18.17,true,1,
80995128,false,מנטוס בקבוק עגול בטעם הדרים בתוספת ויטמינים 60 גרם,פרפטי ואן מלה הולנד,TR,מסטיק מנטוס ויטמין ב,גרמים,60.00,100 גרם,false,1,10.90,18.17,true,1,
85939868,false,ניר קצר לגלגול ללא פילטר,U 4 ROLL,CZ,נייר קצר ללא פילטר P,יחידה,1.00,יחידה,false,1,3.00,3.00,true,1,
85942707,false,נייר קצר ללא פילטר עבה PIH,U 4 ROLL,CZ,נייר קצר ללא פילטר ע,יחידה,1.00,יחידה,false,1,3.00,3.00,true,1,
85966611,false,נייר גלגול גדול כולל פילטר PIH,רול פור יו,CZ,נייר גלגול גדול כול,יחידה,1.00,יחידה,false,1,6.50,6.50,true,1,
90087547,false,מיץ עגבניות 1 ליטר ראוך קרטונית,Rauch fruchtsafte gm,HU,מיץ עגבניות 1 ליטר ר,מיליליטרים,1000.00,"100 מ""ל",false,1,12.50,1.25,true,1,
90087998,false,"מיץ לימון טבעי 250 מ""ל",Rauch fruchtsafte gm,,מיץ לימון טבעי 250 מ,מיליליטרים,250.00,"100 מ""ל",false,1,8.50,3.40,true,1,
90162602,false,רד בול משקה אנרגיה פקדון 30 אג,רד בול ג'י.אם.בי. אץ,IL,משקה רד בול מוגז פחי,מיליליטרים,250.00,"100 מ""ל",false,1,7.90,3.16,true,1,
90162800,false,רד בול משקה אנרגיה ללא סוכר פקדון 30 אג,רד בול ג'י.אם.בי. אץ,AT,משקה רד בול מוגז,מיליליטרים,250.00,"100 מ""ל",false,1,7.90,3.16,true,1,
8112100298,false,"שמן שומשום טהור מזרח ומערב 185 מ""ל",Flavor full foods in,TW,"שמן שומשום 185 מ""ל",מיליליטרים,185.00,"100 מ""ל",false,1,15.90,8.59,true,1,
9800800056,false,חטיף שוקולד עם מקלות לחם אנד גו,פררו - אלבה,DE,נוטלה & גו 52 גרם,גרמים,52.00,100 גרם,false,1,6.90,13.27,true,1,
11182700954,false,קינג קול שעועית שחורה 439 גרם,האנאובר פודס קורפורשיין,US,קינג קול שעועית שחור,גרמים,439.00,100 גרם,false,1,12.80,2.92,true,1,
11210002500,false,"טבסקו חריף באפאלו 150מ""ל","ניצן מותגי מזון בע""מ",US,רוטב טבסקו בפאלו 150,מיליליטרים,150.00,"100 מ""ל",false,1,23.00,15.33,true,1,
11210006508,false,רוטב פלפל הבנרו חריף טבסקו 60 מל,מקאילהייני Mc.Ilhenn,US,רוטב פלפל הבנרו חריף,מיליליטרים,60.00,"100 מ""ל",false,1,17.70,29.50,true,1,
11210607040,false,טבסקו פלפל צפוטלי חריף 60 מל,מקאילהייני Mc.Ilhenn,US,רוטב טבסקו ציפוטלי 6,מיליליטרים,60.00,"100 מ""ל",false,1,12.80,21.33,true,1,
16000185517,false,דגני בוקר פייבר וואן עתירי סובין FIBRE1,בטר אנד דיפרנט,US,פייבר וואן 555 גרם,גרמים,555.00,100 גרם,false,1,32.90,5.93,true,1,
16000548909,false,חטיפי גרנולה קראנצ'י במגוון טעמים נייצ'ר ואלי 5*42 גרם,ג'נרל מילס סאן אדריאן,ES,חטיף ניישטר וואלי 1/,גרמים,210.00,100 גרם,false,1,19.90,9.48,true,1,
16229917593,false,מי קוקוס 100% פוקו 3,ויט וורלד קומפני,VN,"מי קוקוס 330 מ""ל",מיליליטרים,330.00,"100 מ""ל",false,1,9.10,2.76,true,1,
16229924263,false,"ארוי-די קרם קוקוס 250 מ""ל",תאי אגרי פוד פובליק קו'\,TH,"קרם קוקוס 250 מ""ל",מיליליטרים,250.00,"100 מ""ל",false,1,10.50,4.20,true,1,
21723339994,false,"רוטב דגים 300מ""ל (טיפרוס) (כ)",טאנג סאנג ראר קי,TH,רוטב דגים 300מ`ל,מיליליטרים,300.00,"100 מ""ל",false,1,11.00,3.67,true,1,
22224200820,false,וולבי ליקריץ תות בסגנון אוסטרלי 114 גרם,קניס קנדי,,וולבי ליקריץ תות בסג,גרמים,114.00,100 גרם,false,1,13.50,11.84,true,1,
24100226429,false,סנשיין קרקר ציז איט אורגינל קטן 127 גרם,קיבלר,,סנשיין קרקר ציז איט,גרמים,127.00,100 גרם,false,1,12.70,10.00,true,1,
24100315345,false,סנשיין קרקר צ`יז צ`דר לבן בשקית 85 גר,,,סנשיין קרקר צ`יז צ`ד,גרמים,85.00,100 גרם,false,1,7.90,9.29,true,1,
24100577163,false,סנשיין ציז איט סנאק מיקס 127 גרם,"קלוגס בריטניה בע""ם",US,סנשיין ציז איט סנאק,גרמים,127.00,100 גרם,false,1,19.10,15.04,true,1,
25675120037,false,מקלות חמצוצים תות פשקז 100 גרם,פשקס קנדי,NL,מקלות חמצוצים תות 10,גרמים,100.00,100 גרם,false,1,9.90,9.90,true,1,
25675120068,false,מקלות חמצוצים בטעם קולה פשקז 100 גרם,פשקז Paskesz,NL,מקלות חמצוצים קולה 1,גרמים,100.00,100 גרם,false,1,9.90,9.90,true,1,
30100472414,false,סנדוויץ קרקר קלאב צדר 311 גרם,קיבלר,,סנדוויץ קרקר קלאב צד,גרמים,311.00,100 גרם,false,1,29.30,9.42,true,1,
30100487180,false,קיבלר 8 סנדוויץ קרקר גבינה וצדר 311 גרם,קיבלר,,קיבלר 8 סנדוויץ קרקר,גרמים,31100.00,100 גרם,false,1,29.30,0.09,true,1,
30100487197,false,קיבלר סנדוויץ קרקר גבינה וצדר 39 גרם,"מאכלי עולם ר.ז. בע""מ",,קיבלר סנדוויץ קרקר ג,גרמים,39.00,100 גרם,false,1,4.40,11.28,true,1,
30100545101,false,קיבלר סנדוויץ קרקר קלאב צדר 39 גרם,"מאכלי עולם ר.ז. בע""מ",,קיבלר סנדוויץ קרקר ק,Unknown,0.00,Unknown,false,1,4.40,4.40,true,1,
31200001597,false,חמוציות אושן ספריי קליית גת בשקית 170 גרם,אושן ספריי,US,חמוציות אושן ספריי ב,גרמים,170.00,100 גרם,false,1,17.90,10.53,true,1,
33617322616,false,פת פריכה מקמח שיפון ואזה 270 גרם,כלורוקס אוקלנד,SE,ואזה קלה מקמח שיפון,גרמים,270.00,100 גרם,false,1,14.90,5.52,true,1,
33617340610,false,קרקר ואזה 203-275 גרם מקמח שיפון 275,כלורוקס אוקלנד,SE,ואזה מקמח שיפון 250,גרמים,275.00,100 גרם,false,1,14.90,5.42,true,1,
34000196173,false,הרשי טבלה XL בטעם שוקולד לבן עם שברי עוגיות 113 גרם,ליימן מותגים,US,טבלת קוקיס אנד קרים,גרמים,120.00,100 גרם,false,1,12.40,10.33,true,1,
34000544028,false,סוכריות ארוכות בטעם תות טוויזלרס Twizzlers,ליימן מותגים,US,ממתקי טוויזלרס תות ש,גרמים,198.00,100 גרם,false,1,9.90,5.00,true,1,
37600297943,false,מטבל סלסה חריף- צ'י צ'י 439 גר,מותגים,US,מטבל סלסה חריף צי צי,גרמים,439.00,100 גרם,false,1,22.90,5.22,true,1,
37600297967,false,מטבל סלסה בחריפות עדינה ציי צי 439 גר,מותגים,US,מטבל סלסה בחריפות עד,גרמים,439.00,100 גרם,false,1,22.90,5.22,true,1,
38000183928,false,פרינגלס חרדל ודבש 158 גרם,פרינגלס מניופקצ'ורינ,US,פרינגלס חרדל ודבש 15,גרמים,158.00,100 גרם,false,1,10.90,6.90,true,1,
38000232152,false,פרינגלס חטיפי תפוח אדמה בטעם ברביקיו 158 גרם,פרינגלס מנופקצ'ורינג קומ,US,פרינגלס ברביקיו 158,גרמים,158.00,100 גרם,false,1,10.90,6.90,true,1,
38000232176,false,פרינגלס ביג שמנת בצל 158 גרם,פרינגלס מנופקצ'ורינג קונ,US,פרינגלס שמנת בצל 158,גרמים,158.00,100 גרם,false,1,10.90,6.90,true,1,
38000232183,false,פרינגלס ביג אורגינל 149 גרם,פרינגלס מנופקצ'ורינג קונ,US,פרינגלס אוריגינל 149,גרמים,149.00,100 גרם,false,1,10.90,7.32,true,1,
38527591053,false,קואקר דגנים מרובעים שיבולת שועל וקינמון,קוואקר אוטס קומפני,US,דגני בוקר מרובעים קי,גרמים,411.00,100 גרם,false,1,22.90,5.57,true,1,
38527591060,false,דגני קוואקר מרובעים Quaker Squares עם סוכר חום,קוואקר אוטס קומפני,US,דגני בוקר מרובעים 4,גרמים,411.00,100 גרם,false,1,22.90,5.57,true,1,
39000010351,false,פלפל חלפיניו בצנצנת אורטגה 340 גרם,בי אנד ג'י,,פלפל חלפיניו בצנצנת,גרמים,340.00,100 גרם,false,1,21.90,6.44,true,1,
39047001152,false,ווקרס עוגיות חמאה פינגרס 150 גרם,,GB,ווקרס עוגיות חמאה פי,גרמים,150.00,100 גרם,false,1,22.90,15.27,true,1,
39047005440,false,ווקרס ביסקוויט שוקולד +אגוזי לוז 150 גרם,,,ווקרס ביסקוויט שוקול,גרמים,150.00,100 גרם,false,1,22.90,15.27,true,1,
41421177452,false,"רייטס רוטב היקורי מעושן מרוכז 103 מ""ל",בי אנד ג'י,US,רייטס רוטב היקורי מ,מיליליטרים,103.00,"100 מ""ל",false,1,19.90,19.32,true,1,
46214731552,false,עוגיות שוקולד צ'יפס 37% גודיס 225 גרם,קריניציה ויטמינה אס,NL,עוגיות מרבה שוקולד צ,גרמים,225.00,100 גרם,false,1,10.90,4.84,true,1,
47800175477,false,"רייטס רוטב מסקיט מעושן מרוכז 103 מ""ל",בי אנד ג'י,US,רייטס רוטב מסקיט מעו,מיליליטרים,103.00,"100 מ""ל",false,1,19.90,19.32,true,1,
48327203513,false,"שמן זית כתית מעולה 750 מ""ל YBARRA",,ES,שמן זית כתית מעולה 7,מיליליטרים,750.00,"100 מ""ל",false,1,39.90,5.32,true,1,
50000015474,false,"מזון חתולים פריסקיז מעדני הים 1.43 ק""ג",פריסקיז,US,פריסקיז מעדני הים 1.,קילוגרמים,0.00,"ק""ג",false,1,35.90,35.90,true,1,
52100070780,false,"תמצית תפוז טהורה 29 מ""ל",מקורמיק,US,תמצית תפוז טהורה 29,מיליליטרים,29.00,"100 מ""ל",false,1,18.90,65.17,true,1,
55369902564,false,אפלסנקס רביעיות רסק תפוחי עץ ללא תוספת סוכר עברית,ליייהי אורצ'רדס,CA,"רסק תפו""ע ללת""ס רביע",גרמים,113.00,100 גרם,false,1,17.50,15.49,true,1,
62558202381,false,"ארגני טהור 236 מ""ל {12 כשר} b סירופ מייפל",דיקסר קוויבק,CA,מייפל אורגני טהור 10,מיליליטרים,236.00,"100 מ""ל",false,1,29.90,12.67,true,1,
70177077563,false,תה ארל גריי 25 שקיות טוינינגס 50 גר,אר. טווינינגס אנד קומפני,PL,תה ארל גריי 25 שקיות,גרמים,50.00,100 גרם,false,1,20.90,41.80,true,1,
71570001667,false,גלי בלי סוכריות 20 טעמים 70 גרם,ג'לי בלי קינדי,TH,גלי בלי סוכריות 20 ט,גרמים,70.00,100 גרם,false,1,14.90,21.29,true,1,
71570004293,false,גלי בלי סוכריות פניניות 70 גרם,ג'לי בלי קנדי,,גלי בלי סוכריות פנינ,גרמים,70.00,100 גרם,false,1,14.90,21.29,true,1,
72600005846,false,הר טורטיה דיפר מתירס לבן 383 גרם,הר פודס,US,הר טורטיה דיפר מתירס,גרמים,383.00,100 גרם,false,1,28.00,7.31,true,1,
72600062306,false,חטיף הר פודס בטעם גבינה 198 גרם,הר פודס,US,הר חטיפים בטעם גבינה,גרמים,198.00,100 גרם,false,1,25.90,13.08,true,1,
72600062320,false,הר חטיף גבינה בטעם פיצה 198 גרם,הר פודסn\,US,הר חטיף גבינהה בטעם,גרמים,198.00,100 גרם,false,1,25.90,13.08,true,1,
74410470050,false,אצות קומבו 57 גרם רונגצאנג,Qingdao Sun-growing,IL,אצות קומבו 57 גרם רו,גרמים,57.00,100 גרם,false,1,12.90,22.63,true,1,
76840002542,false,"גלידת בן & ג'ריס פיינט נטפליקס וצ'ילד 500מ""ל",מוצרי איכות אמריקאיים בע,IL,פיינט נטפליקס & צילד,גרמים,424.00,100 גרם,false,1,25.90,6.11,true,1,
76840100156,false,"בן אנד גריס גלידת צרי גרסיה 500 מ""ל",מוצרי איכות אמריקאיים בע,IL,גלידת צרי גרסיה בן,גרמים,441.00,100 גרם,false,1,25.90,5.87,true,1,
76840100583,false,"גלידת וניל עם בצק עוגיות בן וג'ירי 473 מ""ל",מוצרי איכות אמריקאיים בע,IL,בן אנד גריס וניל עם,גרמים,500.00,100 גרם,false,1,25.90,5.18,true,1,
76840400218,false,"גלידה בן&ג'ריס תות שדה ועוגת גבינה 500מ""ל",מוצרי איכות אמריקאיים בע,IL,בן אנד גריס עוגת גבי,מיליליטרים,473.00,"100 מ""ל",false,1,25.90,5.48,true,1,
77975093085,false,"בייגלה מצופה כעכים בציפוי שוקולד חלב, 141 ג סניידרס",סניידרס Snyder's,US,בייגלה סניידרס בציפו,גרמים,141.00,100 גרם,false,1,17.90,12.70,true,1,
77975093108,false,"בייגלה מצופה כעכים בציפוי בטעם שוקולד לבן, 141 ג סניידרס",סניידרס Snyder's,US,בייגלה סניידרס בציפו,גרמים,141.00,100 גרם,false,1,17.90,12.70,true,1,
77975094624,false,"סניידרס סנדוויץ בייגלה במילוי חמאת בוטנים , 226 ג'",סניידרס Snyder's,US,סניידרס שברי בייגלה,גרמים,270.00,100 גרם,false,1,17.70,6.56,true,1,
77975094778,false,שברי בייגלה סניידרס בטעם דבש חרדל 340 גר,סניידרס אוף האנובר,US,שברי בייגלה סניידרס,גרמים,340.00,100 גרם,false,1,17.70,5.21,true,1,
77975095157,false,סניידרס שברי בייגלה בטעם חלפיניו 318 גרם,סניידרס Snyder's,US,שברי בייגלה סניידרס,גרמים,318.00,100 גרם,false,1,17.70,5.57,true,1,
84253240451,false,"אימג'ן ציר אורגני בטעם עוף 946 מ""ל מפוקח לאורגני על ידי סקאל ישראל",,,אימגן ציר אורגני בטע,מיליליטרים,946.00,"100 מ""ל",false,1,35.90,3.79,true,1,
89041081056,false,שמן סויה בתיבול צילי,Flavor full foods in,TW,"שמן צילי 180 מ""ל",מיליליטרים,185.00,"100 מ""ל",false,1,14.20,7.68,true,1,
608614253586,false,חטיף חלבון טבעוני בטעם שוקולד,,,חטיף חלבון טבעוני ב,גרמים,60.00,100 גרם,false,1,14.50,24.17,true,1,
608614342631,false,פרסבורגר פרג,,,פרסבורגר פרג,Unknown,0.00,Unknown,false,1,39.90,39.90,true,1,
608614342648,false,שמרים גבינה דובדבן,,,שמרים גבינה דובדבן,Unknown,0.00,Unknown,false,1,39.90,39.90,true,1,
608614342662,false,קראנץ שוקולד,,,קראנץ שוקולד,Unknown,0.00,Unknown,false,1,39.90,39.90,true,1,
608614342693,false,קראנץ חלבה,,,קראנץ חלבה,Unknown,0.00,Unknown,false,1,39.90,39.90,true,1,
608614342747,false,פאי אגוזים,,,פאי אגוזים,Unknown,0.00,Unknown,false,1,43.90,43.90,true,1,
608614342754,false,עוגיות פרימיום,,,עוגיות פרימיום,Unknown,0.00,Unknown,false,1,37.90,37.90,true,1,
608614342815,false,מארז לחמניות,,,מארז לחמניות,Unknown,0.00,Unknown,false,1,16.90,16.90,true,1,
608614342921,false,חלת שמרים,,,חלת שמרים,Unknown,0.00,Unknown,false,1,15.90,15.90,true,1,
608614342990,false,חצי עוגת שמרים,,,חצי עוגת שמרים,Unknown,0.00,Unknown,false,1,24.90,24.90,true,1,
608614343065,false,חצי לחם מחמצת,,,חצי לחם מחמצת,Unknown,0.00,Unknown,false,1,12.90,12.90,true,1,
608614343072,false,לחם שיפון 100% קוביה,,,מארז בגט,Unknown,0.00,Unknown,false,1,16.90,16.90,true,1,
638102201010,false,חטיף על בסיס חלבון סויה שוקולד וחמאת בוטנים,"אבוט נוטרישן, מעבדות",US,חטיף זון קלסיק שוקול,גרמים,50.00,100 גרם,false,1,13.90,27.80,true,1,
638102203090,false,חטיף על בסיס חלבון סויה פאדג' גרהם,"אבוט נוטרישן, מעבדות",US,חטיף זון קלסיק פאדג,גרמים,50.00,100 גרם,false,1,13.90,27.80,true,1,
638102532817,false,חטיף על בסיס חלבון סויה עם שוקולד מריר,"אבוט נוטרישן, מעבדות",US,חטיף זון דארק דאבל ש,גרמים,45.00,100 גרם,false,1,13.90,30.89,true,1,
638102582737,false,חטיף על בסיס חלבון סויה עוגת קינמון עם שקדים,"אבוט נוטרישן, מעבדות",US,חטיף זון קלסיק רול ק,גרמים,50.00,100 גרם,false,1,13.90,27.80,true,1,
693493069793,false,אלכו-רונה נוזל חיטוי בתוספת אלכוהול 70%,,,אלכו רונה נוזל חיטוי,מיליליטרים,100.00,"100 מ""ל",false,1,27.90,27.90,true,1,
693493095501,false,מעמול תמרים,,,מעמול תמרים,Unknown,0.00,Unknown,false,1,37.90,37.90,true,1,
693493095532,false,עוגיות אלפחורס ממולא,,,עוגיות אלפחורס ממולא,Unknown,0.00,Unknown,false,1,37.90,37.90,true,1,
693493095587,false,עוגיות חמאה ללא תוספ,,,עוגיות חמאה ללא תוספ,Unknown,0.00,Unknown,false,1,37.90,37.90,true,1,
693493095617,false,עוגיות שוקולד ציפס,,,עוגיות שוקולד ציפס,Unknown,0.00,Unknown,false,1,37.90,37.90,true,1,
693493095679,false,אוזני פיל,,,אוזני פיל,Unknown,0.00,Unknown,false,1,37.90,37.90,true,1,
693493095914,false,מארז שנק וניל,,,מארז שנק וניל,Unknown,0.00,Unknown,false,1,26.90,26.90,true,1,
693493095921,false,מארז רוגלך בטעמים,,,מארז רוגלך בטעמים,Unknown,0.00,Unknown,false,1,26.90,26.90,true,1,
693493095976,false,עוגת דבש ותפוחים,,,עוגת דבש ותפוחים,Unknown,0.00,Unknown,false,1,39.90,39.90,true,1,
707595100206,false,מלפפונים חמוצים 355 ג' NESTOS,NESTOS,GR,מלפפונים חמוצים 355,גרמים,355.00,100 גרם,false,1,15.60,4.39,true,1,
722252601414,false,קליף בילדרס בר חטיף חלבון שוקולד חמאת בו,,,קליף בילדרס בר חטיף,גרמים,68.00,100 גרם,false,1,16.90,24.85,true,1,
728229123613,false,טרה חטיף על בסיס תפוח אדמה כחול בטעם טבעי 110 גרם,היין סלסטיאל גרופ,US,ציפס 110 גרם טרה כחו,גרמים,110.00,100 גרם,false,1,16.90,15.36,true,1,
728229123811,false,טרה חטיף על בסיס ירקות שורש בתיבול ים תיכוני 110 גרם,הונדורס צ'יפס יצור א,HN,ציפס 110 גרם טרה בטט,גרמים,110.00,100 גרם,false,1,16.90,15.36,true,1,
732494000500,false,קרטורס חטיף פופקורן קרמל 227 גרם,איגל פודס ווקיגאן מפ,US,קרטורס פופקורן קרמל,גרמים,227.00,100 גרם,false,1,31.50,13.88,true,1,
732494002320,false,קרטורס פופקורן תערובת גבינות 142 גרם,,US,קרטורס פופקורן תערוב,גרמים,142.00,100 גרם,false,1,31.50,22.18,true,1,
768404001640,false,"גלידה בן&ג'ריס קפה משפחתית 500מ""ל",מוצרי איכות אמריקאיים בע,IL,בן אנד גריס בטעם קפה,מיליליטרים,500.00,"100 מ""ל",false,1,25.90,5.18,true,1,
818570001606,false,"וטקינס פיור אלמונד 59 מ""ל","ג'יי אר ווסקינס בע""מ",US,וטקינס פיור אלמונד,מיליליטרים,59.00,"100 מ""ל",false,1,32.80,55.59,true,1,
851621000043,false,"בירה בלאנק 1664 בק בודד 330 מ""ל",,,בירה 1664 Blanc בקבו,מיליליטרים,330.00,"100 מ""ל",false,1,10.50,3.18,true,1,
851621000050,false,בירה חיטה בטעם הדרים 1664 בלאנק - שישייה,קרלסברג ספליי קומפאני פו,PL,שישיית בירה 1664 Bla,מיליליטרים,1980.00,"100 מ""ל",false,1,49.90,2.52,true,1,
852629004774,false,רביעיית נקניקיות ביונד מיט 400 גרם,סווג ריבר ביונד מיט ארהב,US,נקניקיות ביונד מיט,גרמים,400.00,100 גרם,false,1,42.90,10.73,true,1,
856591000062,false,עוגיות מזרחיות עם מלח עבאדי 400 גרם,מאפיית יוסף ושמחה עבאדי,IL,עבאדי עוגיות מזרחיות,גרמים,400.00,100 גרם,false,1,21.90,5.48,true,1,
856591000949,false,"מאפה חיטה מלוח ""קטנטנים"" עבאדי 350 גרם",עבאדי,IL,מאפה חיטה עבאדי מלוח,גרמים,35000.00,100 גרם,false,1,21.90,0.06,true,1,
893594002051,false,"חטיף פופקורן צ`יפס בטעם גבינת צ`דר, 28ג Medora snacks",PepsiCo inc. Frito lay Division,US,חטיף פופקורנס גבינת,גרמים,28.00,100 גרם,false,1,6.50,23.21,true,1,
1230000068314,false,בשר טחון מהצומח ביונד מיט 300 גרם,זנברגן וורלד פינסט מיט ב,NL,בשר טחון מהצומח ביונ,גרמים,300.00,100 גרם,false,1,36.90,12.30,true,1,
2000024002507,false,פרמזנו רגאנו איטלקי במשקל,,,פרמזנו רגאנו איטלקי,Unknown,0.00,"ק""ג",true,0,203.00,203.00,true,1,
3046920010801,false,שוקולד מריר אקסלנס עם אגוזי לוז,לינדט ושפרונגלי קילשברג,FR,לינדט שוקולד אקסלנס,גרמים,100.00,100 גרם,false,1,17.90,17.90,true,1,
3046920028363,false,לינדט אקסלנס 85% מוצקי קקאו 100 גרם,לינדט ושפרונגלי קילשברג,FR,לינדט אקסלנס 85% 100,גרמים,100.00,100 גרם,false,1,17.90,17.90,true,1,
3046920028721,false,שוק.מריר לינדט 99% 50גרם,לינדט ושפרונגלי קילשברג,FR,לינדט אקסלנס 99%,גרמים,50.00,100 גרם,false,1,17.90,35.80,true,1,
3046920029674,false,שוקולד לינדט אקסלנס סולט 100 גרם,לינדט ושפרונגלי קילשברג,DE,לינדט אקס סולט 100 ג,גרמים,100.00,100 גרם,false,1,17.90,17.90,true,1,
3046920029681,false,לינדט שוקולד אקסלנס מילד 85% קקאו 100 גר,לינדט ושפרונגלי,DE,לינדט שוקולד אקסלנס,גרמים,100.00,100 גרם,false,1,17.90,17.90,true,1,
3161420001972,false,"ברנדי סנט רמי 700 מ""ל VSOP",רמי קואנטרו,,"ברנדי סנט רמי 700 מ""",מיליליטרים,700.00,"100 מ""ל",false,1,83.90,11.99,true,1,
3161911229199,false,חמאה צרפתית רכה למריחה אל & ויר 250 גרם,אלל אה וויר,FR,אלוויר חמאה רכה 250,גרמים,250.00,100 גרם,false,1,23.90,9.56,true,1,
3161911366429,false,חמאה צרפתית מלוחה רכה למריחה אלוויר 250 גר',ארזינא,FR,אלוויר חמאה רכה מלוח,גרמים,250.00,100 גרם,false,1,23.90,9.56,true,1,
3175529633934,false,יין לבן ויו פאפ שרדונה קולומברד 750 מל,,FR,יין לבן ויו פאפ שרדו,Unknown,0.00,Unknown,false,1,43.90,43.90,true,1,
3178530402353,false,עוגות מיני מדלן קלאסי סאן מישל 175 גרם,סאן מישל ביסוויט,FR,מיני מדליינס סאן מיש,גרמים,175.00,100 גרם,false,1,12.90,7.37,true,1,
3178530411478,false,ביסקוויטים גאלט עם חמאה ומלח ים,סן מישל St Michel,FR,ביסקוויט סאן מישל גד,גרמים,150.00,100 גרם,false,1,13.90,9.27,true,1,
3211200008049,false,"יין לאודלה רוזה 750 מ""ל",,FR,יין לאודלה רוזה 750,מיליליטרים,750.00,"100 מ""ל",false,1,49.90,6.65,true,1,
3211200108756,false,"יין מיזון קסטל מרלו רוזה 750 מ""ל",,,יין מיזון קסטל מרלו,Unknown,0.00,Unknown,false,1,48.90,48.90,true,1,
3211201046439,false,מיזון קסטל קברנה סוביניון 750 מל,,,מיזון קסטל קברנה סוב,Unknown,0.00,Unknown,false,1,48.90,48.90,true,1,
3211201046460,false,"מיזון קסטל מרלו 750 מ""ל",,,מיזון קסטל מרלו 750,Unknown,0.00,Unknown,false,1,48.90,48.90,true,1,
3211201046521,false,מיזון קסטל סוביניון בלאן 750 מל,,,מיזון קסטל סוביניון,Unknown,0.00,Unknown,false,1,48.90,48.90,true,1,
3211201046613,false,מיזון קסטל בורדו מרלו 750 מל,,,מיזון קסטל בורדו מרל,Unknown,0.00,Unknown,false,1,52.90,52.90,true,1,
3211201046644,false,"קסטל קוט דו רון גראנש סירה 750 מ""ל",,,מיזון קסטל קוט דו רו,Unknown,0.00,Unknown,false,1,52.90,52.90,true,1,
3211203429315,false,ברון דה לסטאק בלאן בורדו 750 מל,,,ברון דה לסטאק בלאן,Unknown,0.00,Unknown,false,1,65.90,65.90,true,1,
3211203433220,false,ברון דה לסטאק בורדו 750 מל,,,ברון דה לסטאק בורדו,Unknown,0.00,Unknown,false,1,65.90,65.90,true,1,
3211203444103,false,מיזון קסטל גרנד רזרב ק. סוביניון 750 מ,,,מיזון קסטל גרנד רזרב,Unknown,0.00,Unknown,false,1,52.90,52.90,true,1,
3211203448347,false,שאטו דו לורט בורדו 750 מל,,,שאטו דו לורט בורדו,Unknown,0.00,Unknown,false,1,67.90,67.90,true,1,
3211209117902,false,"יין מיזון קסטל מוסקט לבן חצי 750 מ""ל",,,יין מיזון קסטל מוסק,Unknown,0.00,Unknown,false,1,48.90,48.90,true,1,
3211209117964,false,"מיזון קסטל קוט דה פרובנס רוזה 750 מ""ל",,,מיזון קסטל קוט דה פר,Unknown,0.00,Unknown,false,1,67.90,67.90,true,1,
3211209133544,false,"יין שאטו גואלן 750 מ""ל",,FR,יין שאטו גואלן 750 מ,מיליליטרים,750.00,"100 מ""ל",false,1,73.90,9.85,true,1,
3211209133698,false,שאטו טור פרינאק קרו ברזואה מדוק 750 מל,,,שאטו טור פרינאק,Unknown,0.00,Unknown,false,1,88.90,88.90,true,1,
3211209149897,false,יין ברון דה לסטאק רוזה בורדו 750 מל,,,יין ברון דה לסטאק רו,Unknown,0.00,Unknown,false,1,65.90,65.90,true,1,
3211209194507,false,מיזון קסטל שרדונה 750 מל,,,מיזון קסטל שרדונה 75,Unknown,0.00,Unknown,false,1,48.90,48.90,true,1,
3211209265900,false,"יין פמלי קסטל ברוט מבעבע 750 מ""ל",,,יין מיזון קסטל ברוט,Unknown,0.00,Unknown,false,1,65.90,65.90,true,1,
3211209267126,false,מיזון קסטל גוורצטרמינר 750 מל,,,מיזון קסטל גוורצטרמי,Unknown,0.00,Unknown,false,1,48.90,48.90,true,1,
3211209938286,false,"יין קרו לה מקלן בורדו אדום יבש 750 מ""ל",,FR,יין קרו לה מקלן בור,Unknown,0.00,Unknown,false,1,67.90,67.90,true,1,
3211209968832,false,"יין מיזון קסטל ויוניה 750 מ""ל",,,יין מיזון קסטל ויוני,Unknown,0.00,Unknown,false,1,48.90,48.90,true,1,
3211209973379,false,"יין לאודלה מרסאן רוסיאן 750 מ""ל",,FR,יין לאודלה מרסאן רוס,מיליליטרים,750.00,"100 מ""ל",false,1,49.90,6.65,true,1,
3211209990826,false,"יין לאודלה שרדונה 750 מ""ל",,FR,יין לאודלה שרדונה 75,מיליליטרים,750.00,"100 מ""ל",false,1,49.90,6.65,true,1,
3211209991793,false,ברון דה לסטק בורדו מואל לבן חצי מתוק 750,,,ברון דה לסטק בורדו מ,Unknown,0.00,Unknown,false,1,65.90,65.90,true,1,
3211209999553,false,"יין לאודלה קברנה סוביניון 750 מ""ל",,FR,יין לאודלה קברנה סוב,מיליליטרים,750.00,"100 מ""ל",false,1,49.90,6.65,true,1,
3211209999584,false,"יין לאודלה מרלו 750 מ""ל",,FR,יין לאודלה מרלו 750,מיליליטרים,750.00,"100 מ""ל",false,1,49.90,6.65,true,1,
3256760106408,false,פלשארד בסגנון פטה 500 גר,,,פלשארד בסגנון פטה 50,גרמים,500.00,100 גרם,false,1,13.50,2.70,true,1,
3263280107310,false,"קוארפו פינה קולדה 700 מ""ל",,,קוארפו פינה קולדה 7,מיליליטרים,700.00,"100 מ""ל",false,1,65.90,9.41,true,1,
3263280107495,false,חסוםסנגריה מריה אולה 1.5ליטר,,,משקה מבוסס על יין סנ,מיליליטרים,1500.00,"100 מ""ל",false,1,22.90,1.53,true,1,
3270620001757,false,"קוניאק VS לואי רוייה 700 מ""ל",,,קוניאק VS לואי רוייה,מיליליטרים,700.00,"100 מ""ל",false,1,159.90,22.84,true,1,
3272770092678,false,טרטר שום ועשבי תיבול 150 גר,בונגראן,,טרטר שום ועשבי תיבול,גרמים,150.00,100 גרם,false,1,23.30,15.53,true,1,
3274551585461,false,פיליפ דרסלר אלזס ריזלינג 750 מל,,,פיליפ דרסלר אלזס ריז,Unknown,0.00,Unknown,false,1,73.90,73.90,true,1,
3274551885561,false,פיליפ דרסלר אלזס גוורצטרמינר 750 מל,,,פיליפ גוורצטרמינר,Unknown,0.00,Unknown,false,1,73.90,73.90,true,1,
3276210810105,false,יין לה פטיט פרייר סוביניון בלאן 750 מל,,,יין לה פטיט פרייר סו,Unknown,0.00,Unknown,false,1,52.90,52.90,true,1,
3276210811102,false,יין אדום יבש פינו נואר 750 מל,,,יין לה פטיט פרייר יב,Unknown,0.00,Unknown,false,1,52.90,52.90,true,1,
3276210812109,false,יין לה פטיט פרייר פינו נואר רוזה 750 מל,,,יין לה פטיט פרייר פי,Unknown,0.00,Unknown,false,1,52.90,52.90,true,1,
3387390525960,false,קראנץ' דגני בוקר עם שוקולד חלב נסטלה 500 גרם,הנסיך- מפעל לייצור ט,FR,דגני בוקר קראנץ 500,גרמים,500.00,100 גרם,false,1,26.90,5.38,true,1,
3412290023640,false,אמנטל צרפתי ארוז 250 גר,,,אמנטל צרפתי ארוז 250,גרמים,250.00,100 גרם,false,1,29.30,11.72,true,1,
3451271002809,false,"יין אלן זופרואה שאבלי 750 מ""ל",,,אלן זופרואה שאבלי,Unknown,0.00,Unknown,false,1,109.90,109.90,true,1,
3451276001012,false,"יין גופרואה פטיט שאבלי 750 מ""ל",,FR,יין גופרואה פטיט שאב,מיליליטרים,750.00,"100 מ""ל",false,1,94.90,12.65,true,1,
3516663260004,false,שמרים יבשים די.סי.אל,,FR,שמרים יבשים 125 גרם,גרמים,125.00,100 גרם,false,1,5.90,4.72,true,1,
3523230026826,false,"גבינת עיזים למריחה פירמידה, 140 גרם",סואניון,FR,גבינה עיזים למריחה פ,גרמים,140.00,100 גרם,false,1,25.90,18.50,true,1,
3800093511561,false,טימס לחמניות באנס ריבת דובדבנים 250 גרם,,,טימס לחמניות באנס רי,גרמים,250.00,100 גרם,false,1,11.90,4.76,true,1,
4000161030300,false,נידרגר מרציפן מצופה שוקולד 125 גר,,,נידרגר מרציפן מצופה,גרמים,125.00,100 גרם,false,1,34.90,27.92,true,1,
4000161060116,false,נידרגר שוקולד מריר במילוי מרציפן 110 גר,,,נידרגר שוקולד מריר ב,גרמים,110.00,100 גרם,false,1,21.90,19.91,true,1,
4000161110088,false,נידריגר אצבעות מרציפן אספרסו 50 גרם,,,נידריגר אצבעות מרציפ,גרמים,50.00,100 גרם,false,1,16.70,33.40,true,1,
4000161110095,false,נידריגר אצבעות מרציפן פיסטוק 50 גרם,,,נידריגר אצבעות מרציפ,גרמים,50.00,100 גרם,false,1,16.70,33.40,true,1,
4000161210214,false,נידרגר-לבבות שוקולד חלב נוגט 125 גר,J.G Niederegger Gmbh.Co.Kg,DE,נידרגר-לבבות שוקולד,גרמים,125.00,100 גרם,false,1,39.90,31.92,true,1,
4000417019004,false,שוקולד חלב אגוזי לוז שלמים ריטר ספורט 100 גרם,ריטר ספורט Ritter sport,DE,שוקולד RITTER SPORT,גרמים,400.00,100 גרם,false,1,11.90,2.98,true,1,
4000417022004,false,ריטר ספורט שוקולד חלב מעולה עם צימוקים ואגוזי לוז 100 גרם,ריטר ספורט Ritter sport,DE,שוקולד ריטר ספורט צי,גרמים,100.00,100 גרם,false,1,9.90,9.90,true,1,
4000417025005,false,שוקולד מריר במילוי מרציפן ריטר ספורט 100 גרם,ריטר ספורט Ritter sport,DE,שוקולד RITTER SPORT,גרמים,100.00,100 גרם,false,1,9.90,9.90,true,1,
4000417222008,false,שוקולד ריטר ספורט חלב+שברי אגוזים 100 גרם חלב נוכרי,ריטר ספורט Ritter sport,DE,שוקולד ריטר ספורט חל,גרמים,100.00,100 גרם,false,1,9.90,9.90,true,1,
4000417224002,false,"ריטר ספורט טבלת שוקולד מריר אגוזים, 100 גרם",ריטר ספורט Ritter sport,DE,שוקולד RITTER SPORT,גרמים,100.00,100 גרם,false,1,11.90,11.90,true,1,
4000504149324,false,גבינת רוגט גרמני 125 גרם,,DE,גבינת רוגט גרמני 125,גרמים,125.00,100 גרם,false,0,24.00,19.20,true,1,
4000539280726,false,שוקולד לינדט אקסלנס מילד 70% 100 גר,לינדט ושפרונגלי,DE,שוקולד לינדט אקסלנס,גרמים,100.00,100 גרם,false,1,10.00,10.00,true,1,
4001686301524,false,הריבו גולדבירס מיני דובוני גומי 250 גרם,,DE,הריבו גולדבירס מיני,גרמים,250.00,100 גרם,false,1,17.70,7.08,true,1,
4006387097370,false,קנקן סטייל+פילטר מקסטרא סודהסטרים,בריטה,DE,קנקן בריטה סטייל,Unknown,0.00,Unknown,false,1,169.00,169.00,true,1,
4008287051032,false,בירה קרומבאכר פילס 0.50 ליטר פחית,מנדלז סי.אר. פרודקשן,DE,בירה קרומבאכר פילס,מיליליטרים,500.00,"100 מ""ל",false,1,10.90,2.18,true,1,
4008287058222,false,"בירה קרומבאכר פילס 330 מ""ל",מבשלת קרומבאכר,DE,בירה כהה קרומבאכר 33,מיליליטרים,330.00,"100 מ""ל",false,1,13.90,4.21,true,1,
4008287762020,false,בירה קרומבאכר חיטה 0.50 ליטר בקבוק,קרומבכר בראורי,DE,בירה קרומבאכר חיטה 5,מיליליטרים,500.00,"100 מ""ל",false,1,10.90,2.18,true,1,
4008287905786,false,בירה קרומבאכר חיטה 5.3% פחית 500 מל,מנדלז סי.אר. פרודקשן,DE,בירה קרומבאכר חיטה,מיליליטרים,500.00,"100 מ""ל",false,1,10.90,2.18,true,1,
4008400230726,false,קינדר ביצת הפתעה מקסי 100 גרם,פררו,IT,ביצת הפתעה קינדר מק,גרמים,100.00,100 גרם,false,1,29.30,29.30,true,1,
4008400511825,false,שוקולד קינדר בצורת סנטה קלאוס 110 גרם,פררו,IT,שוקולד קינדר בצורת ס,גרמים,110.00,100 גרם,false,1,22.90,20.82,true,1,
4009900455299,false,"סוכרית ג'לי אדומה 174 גרם ""סקיטלס""",ריגלי ממתקים,CZ,סקיטלס פירות 174 גרם,גרמים,174.00,100 גרם,false,1,10.90,6.26,true,1,
4009900465304,false,סוכריות סקיטלס פירות חמוצים 174 גרם,ריגלי ממתקים,CZ,סקיטלס פירות חמוצים,גרמים,174.00,100 גרם,false,1,10.90,6.26,true,1,
4009900479998,false,אורביט וויט אוכמניות בקבוקון 46 מלבניות,ריגלי פולין,PL,"מסטיק אורביט לל""ס או",Unknown,0.00,Unknown,false,1,11.90,11.90,true,1,
4009900482417,false,מסטיק אורביט פירות מנטה בקבוקון באבל מינט 45יח,ריגלי פולין,PL,מסטיק אורביט באבל מי,Unknown,0.00,Unknown,false,1,11.90,11.90,true,1,
4009900539340,false,סוכריות סקיטלס ג'יינט סאוור 141 גרם,מרס ריגלי קונפקשונרי,CZ,סקיטלס גיינט סאוור 1,גרמים,141.00,100 גרם,false,1,10.90,7.73,true,1,
4011800628512,false,חטיף קורני שוקולד חלב 6 יח 150 גר,מיוצר עי קונדיטוריית,DE,חטיף קורני שוקולד חל,גרמים,150.00,100 גרם,false,1,13.90,9.27,true,1,
4011800630515,false,חטיף קורני שוקולד חלב ובננה 6 יח 150 גר,מיוצר עי קונדיטוריית,DE,חטיף קורני שוקולד חל,גרמים,150.00,100 גרם,false,1,13.90,9.27,true,1,
4014400914252,false,טבלת שוקולד חלב ממולא אגוזים מרסי 100 ג',שטורק,DE,מרסי שוקולד חלב אגוז,גרמים,100.00,100 גרם,false,1,11.90,11.90,true,1,
4014400914276,false,טבלת מרסי שוקולד מריר מעולה 100 גרם,שטורק,DE,טבלת מרסי שוקולד מרי,גרמים,100.00,100 גרם,false,1,11.90,11.90,true,1,
4014400914696,false,וורטרס אורגינל סוכריות ללא סוכר 80 גרם,ליימן מותגים,DE,סוכריות חמאה וורטר א,Unknown,0.00,Unknown,false,1,10.90,10.90,true,1,
4014400923711,false,בונבוניירה שוקולד אגוזים טופיפי 125 גרם,ליימן מותגים,DE,טופיפי 125 גרם,גרמים,125.00,100 גרם,false,1,13.90,11.12,true,1,
4014400925319,false,וורטרס אורגינל פופקורן קרמל 140 גרם,וורטרס Werther's,DE,וורטר פופקורן קרמל 1,גרמים,140.00,100 גרם,false,1,16.90,12.07,true,1,
4014400925326,false,וורטרס אורגינל פופקורן קרמל ובייגלה 140,,,וורטרס אורגינל פופקו,גרמים,140.00,100 גרם,false,1,21.90,15.64,true,1,
4014522180108,false,בודטה-סוכריות אורגני צמחים בטעם ג'ינגר 75ג,,DE,בודטה סוכריות אורגני,גרמים,75.00,100 גרם,false,1,11.90,15.87,true,1,
4014522180306,false,בודטה-סוכריות אורגני מנטול אקליפטוס 75ג',,DE,בודטה-סוכריות אורגני,גרמים,75.00,100 גרם,false,1,11.90,15.87,true,1,
4015600762902,false,"שמפו האד אנד שולדרס מנטול 500 מ""ל",פרוקטר אנד גמבל,RO,הד&שולדרס שמפו 500 מ,מיליליטרים,500.00,"100 מ""ל",false,1,24.90,4.98,true,1,
4017100290008,false,בלזן בסקויט חמאה מצופה שוקולד חלב 125 גרם,הדקלאים אגודת שיתופי,DE,ביסקוויט ליבניץ שוקו,גרמים,125.00,100 גרם,false,1,15.90,12.72,true,1,
4017100291005,false,בלזן לייבניז בסקויט חמאה מצופה שוקולד מריר 125 גרם,הדקלאים אגודת שיתופי,DE,בלזן ביסקוויט מצופה,גרמים,125.00,100 גרם,false,1,15.90,12.72,true,1,
4022025379035,false,"בלו נאן רוזה מבעבע 750 מ""ל",בלו נאן,,בלו נאן רוזה מבעבע 7,Unknown,0.00,Unknown,false,1,52.90,52.90,true,1,
4023800012109,false,מרציפן שלוקוורד מצופ,,DE,מרציפן מצופה 100 גר,גרמים,100.00,100 גרם,false,1,8.50,8.50,true,1,
4023800101902,false,שוקולד חלב מרציפן שלוקוורדר 100 גר,,,שוקולד חלב מרציפן של,גרמים,100.00,100 גרם,false,1,8.90,8.90,true,1,
4023800122105,false,מרציפן לא מצופה 82 גרם,,DE,מרציפן לא מצופה 82 ג,גרמים,82.00,100 גרם,false,1,8.50,10.37,true,1,
4023800201909,false,שוקולד מריר מרציפן שלוקוורדר 100 גר,,,שוקולד מריר מרציפן ש,גרמים,100.00,100 גרם,false,1,8.90,8.90,true,1,
4025700001962,false,מילקה טבלה 100 גר' לבן 1/22 (4248023),פי אר ג'יי אס סי מונ,UA,שוקולד לבן מילקה 100,גרמים,100.00,100 גרם,false,1,7.90,7.90,true,1,
4032900111292,false,ווינסטון קומפלקט כחול חפיסה,Unknown,UA,ווינסטון קומפלקט כחו,Unknown,0.00,Unknown,false,1,28.50,28.50,true,1,
4032900124254,false,ווינסטון קומפלקט ברי PP חפיסה,Unknown,RO,ווינסטון קומפלקט ברי,Unknown,0.00,Unknown,false,1,28.50,28.50,true,1,
4033100013348,false,סיגריות אל די כחול ארוך בודד,Unknown,TR,LD 100,Unknown,0.00,Unknown,false,1,27.50,27.50,true,1,
4033100014529,false,סיגריות אל די סלים בודד,Unknown,TR,LD סלימס בודד,Unknown,0.00,Unknown,false,1,25.90,25.90,true,1,
4033100024146,false,סיגריות וינסטון CODE בודד,Unknown,CH,ווינסטון CODE חפיסה,יחידה,1.00,יחידה,false,1,30.90,30.90,true,1,
4033100024252,false,וינסטון אקווה לייט קופסה,Unknown,CH,ווינסטון AQUA חפיסה,יחידה,1.00,יחידה,false,1,30.90,30.90,true,1,
4033100038914,false,טבק כאמל צהוב + נייר גלגול 30ג',Unknown,GB,כאמל כחול טבק חפיסה,יחידה,1.00,יחידה,false,1,76.90,76.90,true,1,
4033100047350,false,טבק לגלגול קאמל כחול,Unknown,GB,כאמל צהוב טבק חפיסה,יחידה,1.00,יחידה,false,1,76.90,76.90,true,1,
4033100064036,false,וינסטון כחול טבק לגלגול חפיסה,Unknown,GB,וינסטון כחול טבק לגל,יחידה,1.00,יחידה,false,1,76.90,76.90,true,1,
4037400431598,false,קטיאס גומי דובים 200 גרם,,DE,קטיאס דובים 200 גרם,גרמים,200.00,100 גרם,false,1,9.90,4.95,true,1,
4037400431741,false,קטיאס פרפרים 160 גרם,,DE,קטיאס פרפרים 160 גרם,גרמים,160.00,100 גרם,false,1,9.90,6.19,true,1,
4043058008778,false,טבק אמריקן ספיריט כחול פאוצ,פלנטה טבק,DE,טבק לגלגול אמריקון 3,יחידה,1.00,יחידה,false,1,81.90,81.90,true,1,
4043058010412,false,טבק אמריקן ספיריט צהוב פאוצ,פלנטה טבק,DE,טבק אמריקן ספיריט צה,יחידה,1.00,יחידה,false,1,81.90,81.90,true,1,
4049366003429,false,ארנסט לודוויג גוורצטרמינר 750 מל,,,ארנסט לודוויג גוורצט,Unknown,0.00,Unknown,false,1,48.90,48.90,true,1,
4052197001281,false,בירה בנדיקטינר 500 מל פחית,בנדיקטינר וויצבראו,DE,בירה בנדיקטינר 500 מ,מיליליטרים,500.00,"100 מ""ל",false,1,9.90,1.98,true,1,
4052197002806,false,"מארז בירה בנדיקטינר 4*500 מ""ל פחית",בנדיקטינר וויצבראו,DE,מארז בירה בנדיקטינר,מיליליטרים,2000.00,"100 מ""ל",false,1,37.90,1.90,true,1,
4067600001123,false,פילה הרינג מעושן בשמן לארסן 190 גר,,LV,פילה הרינג מעושן בשמ,גרמים,190.00,100 גרם,false,1,13.90,7.32,true,1,
4067700014849,false,ליקר ייגרמייסטר כשר,פארייפאבה אגרואינדוס,DE,"ייגרמייסטר 700 מ""ל",מיליליטרים,700.00,"100 מ""ל",false,1,94.90,13.56,true,1,
4084500088917,false,"נוזל כלים פיירי לימון 650 מ""ל בד""צ",פרוקטר אנד גמבל,US,נוזל כלים פיירי לימו,מיליליטרים,650.00,"100 מ""ל",false,1,10.90,1.68,true,1,
4101540707353,false,שטולן לחם צימוקים וקליפות הדרים מסוכ 500,,,שטולן לחם צימוקים וק,גרמים,500.00,100 גרם,false,1,28.90,5.78,true,1,
4101540775413,false,עוגת שטולן עשירה עם מרצפן 950 גר,,DE,עוגת שטולן עשירה עם,גרמים,950.00,100 גרם,false,1,52.90,5.57,true,1,
4105120623941,false,"בירה ויינשטפן בק' ח""פ 500 מ""ל","ויינשטפן, ת.ד 1155 פרייז",DE,בירה ויינשטפן 500 מ,מיליליטרים,330.00,"100 מ""ל",false,1,13.90,4.21,true,1,
4600528357981,false,רוטב אסטוריה המבורגר,ניז'גורודסקי,RU,"רוטב מיונז ""המבורגר""",גרמים,233.00,100 גרם,false,1,10.90,4.68,true,1,
4600659010854,false,"וודקה סטוליצ'ניה 700 מ""ל",איי. אס. לטבייאס בלזם,LV,וודקה 40% סטולי 700,מיליליטרים,700.00,"100 מ""ל",false,1,64.90,9.27,true,1,
4607012351951,false,גרעיני חמניות מרטין עם מלח 100 גרם,Martin,,גרעיני חמניות מרטין,גרמים,100.00,100 גרם,false,1,8.30,8.30,true,1,
4607012351999,false,גרעיני חמניות מרטין עם מלח 200 גרם,"נארז ע""י : א.ג. גילר",RU,גרעיני חמניות מרטין,גרמים,200.00,100 גרם,false,1,12.90,6.45,true,1,
4607012352095,false,גרעיני חמניות מרטין עם מלח 500 גרם,מרטין,,גרעיני חמניות מרטין,גרמים,500.00,100 גרם,false,1,31.50,6.30,true,1,
4607012352453,false,גרעיני חמניות מרטין פסים עם מלח 150 גר,אל אל סי מרטין,RU,גרעיני חמניות מרטין,גרמים,150.00,100 גרם,false,1,12.00,8.00,true,1,
4610018570073,false,קוויאר אדום פחית 95,א.ר.ד.י.ו,,קוויאר בפחית 95 גר,גרמים,95.00,100 גרם,false,1,41.90,44.11,true,1,
4750001948110,false,אסורטי שוקולד מריר 70% 215 גרם LAIMA,LAIMA,,אסורטי שוקולד מריר 7,גרמים,215.00,100 גרם,false,1,26.90,12.51,true,1,
4750001951592,false,שוקולד מריר 87% קקאו 100 גר לאימה,ORKLA,LV,שוקולד מריר 87% קקאו,גרמים,100.00,100 גרם,false,1,10.90,10.90,true,1,
4750010492826,false,שפרוטים מעושנים ריגה בצנצנת 250 גר,,LV,שפרוטים מעושנים ריגה,גרמים,250.00,100 גרם,false,1,16.40,6.56,true,1,
4750011814511,false,סוכ.ג`לי מצופה שוקולד טעם לימון תפוז 190,LAIMA,,סוכ.ג`לי מצופה שוקול,גרמים,190.00,100 גרם,false,1,17.90,9.42,true,1,
4750011849063,false,סוכ.ג`לי מצופה שוקולד טעם חמוציות 190 ג,LAIMA,,סוכ.ג`לי מצופה שוקול,גרמים,190.00,100 גרם,false,1,17.90,9.42,true,1,
4750021221361,false,"וודקה 700 מ""ל RIGA BLACK",,,"וודקה 700 מ""ל RIGA B",מיליליטרים,700.00,"100 מ""ל",false,1,52.90,7.56,true,1,
4750024001144,false,חטיפי תירס טאפל כדורי גבינה נאציוס 190 ג,,LV,חטיפי תירס טאפל כדור,גרמים,190.00,100 גרם,false,1,19.90,10.47,true,1,
4750024002189,false,"טוגני תפ""א שמנת חמוצה ובצל 130 גר TAFFEL",,LV,"טוגני תפ""א שמנת חמוצ",גרמים,130.00,100 גרם,false,1,16.90,13.00,true,1,
4750042300878,false,מיץ עגבניות עם מלח ים 1 ליטר CIDO,,,מיץ עגבניות עם מלח י,מיליליטרים,1000.00,"100 מ""ל",false,1,15.90,1.59,true,1,
4750042303336,false,נקטר רימונים 30% 1 ליטר CIDO,Cido,,נקטר רימונים 30% 1 ל,מיליליטרים,1000.00,"100 מ""ל",false,1,15.90,1.59,true,1,
4750050000128,false,חטיף גבינה קרומס פטל,PIENSAIMNIEKS,LV,חטיף שוקולד לבן 38 ג,גרמים,38.00,100 גרם,false,1,5.30,13.95,true,1,
4750050341405,false,חטיף גבינה בטעם וניל,PIENSAIMNIEKS,,חטיף שוקלד טעם וניל,גרמים,60.00,100 גרם,false,1,5.50,9.17,true,1,
4750050341498,false,חטיף גבינה אגוז KARUMS 45 גר,PIENSAIMNIEKS,,חטיף גבינה אגוז 45 ג,גרמים,45.00,100 גרם,false,1,5.50,12.22,true,1,
4750050341511,false,חטיף שוקלד עם גבינה +שבבי שוקולד,PIENSAIMNIEKS,,חטיף שוקלד עם גבינה,גרמים,60.00,100 גרם,false,1,5.50,9.17,true,1,
4751002125494,false,לחם בורודינסקי עם גרעיני חמניות 350גר,"קנלה בקרי בע""מ",LV,לחם בורודינסקי עם גר,גרמים,350.00,100 גרם,false,1,12.90,3.69,true,1,
4751003924003,false,סלט טונה עם ירקות איטלקי 185 ג' לארסן,,LV,סלט טונה וירקות איטל,גרמים,185.00,100 גרם,false,1,13.90,7.51,true,1,
4751007738064,false,שפרוטים מעושנים בשמן לארסן 160 גרם,ס.י.א קרבלה,LV,שפרוטים מעושנים בשמן,גרמים,160.00,100 גרם,false,1,12.90,8.06,true,1,
4751007739917,false,נתחי דג סלמון במיץ טבעי תומר 185 גרם,,,נתחי דג סלמון במיץ ט,גרמים,185.00,100 גרם,false,1,10.90,5.89,true,1,
4751010577605,false,תות בציפוי שוקולד לבן 110 גר SRIVERI,,,שוקולד לבן תות בציפו,גרמים,110.00,100 גרם,false,1,18.90,17.18,true,1,
4770179180082,false,בונבוננירה פרגל דובדבן בשוקולד 225 גר,,LT,בונבוננירה פרגל דובד,גרמים,225.00,100 גרם,false,1,22.90,10.18,true,1,
4770266187345,false,וופלים במילוי חלב מרוכז 220 גר,,LT,וופלים במילוי חלב מר,גרמים,220.00,100 גרם,false,1,17.90,8.14,true,1,
4770337047431,false,תחליף גבינה 150 גר SVALIA,,,גבינה אנלוגי 150 גר,גרמים,150.00,100 גרם,false,1,12.90,8.60,true,1,
4771632314686,false,בוטנים מצופים בטעם גבינה ובצל 180 גר,,LT,בוטנים מצופים בטעם ג,גרמים,180.00,100 גרם,false,1,17.90,9.94,true,1,
4779036871378,false,גלידת שמנת בטעם וניל בגביע וופל 70 גרם,,UA,גלידת שמנת בטעם וניל,גרמים,70.00,100 גרם,false,1,5.90,8.43,true,1,
4792032060454,false,"גרין קוקו - מי קוקוס אורגניים 330 מ""ל",גרין קוקו,VN,גרין קוקו - מי קוקוס,מיליליטרים,330.00,"100 מ""ל",false,1,10.50,3.18,true,1,
4793000637005,false,נטורפוד-מקלות קינמון ציילון אורגני,אינטרנשיונל קומודטי אקספ,LK,מקלות קינמון ציילון,גרמים,50.00,100 גרם,false,1,18.90,37.80,true,1,
4810168020309,false,אצות ים מוחמצות 150 גר,,,אצות ים מוחמצות 150,גרמים,150.00,100 גרם,false,1,7.70,5.13,true,1,
4820103341543,false,חלב מרוכז מבושל 370 גרם פחית,,,חלב מרוכז מבושל 370,גרמים,370.00,100 גרם,false,1,12.90,3.49,true,1,
4820103341574,false,חלב מרוכז 370 גרם או,איצוניאנסקי,UA,חלב מרוכז 370 גרם,גרמים,370.00,100 גרם,false,1,12.90,3.49,true,1,
4820171991664,false,ורניק לסקה תפוח אדמה 900 גר,לאסקה,,ורניק לסקה תפוח אדמה,גרמים,900.00,100 גרם,false,1,25.90,2.88,true,1,
4820185230964,false,גלידה אליסקה 80 גר,,,גלידה אליסקה 80 גר,גרמים,80.00,100 גרם,false,1,5.90,7.38,true,1,
4820193551921,false,גלידה ואלס וינאי 70 גר,,,כוס וניל לאסונקה,גרמים,70.00,100 גרם,false,1,5.90,8.43,true,1,
4820193551990,false,כוס וליקן משמש דובדבן 70 גר,,,כוס וליקן משמש דובדב,גרמים,70.00,100 גרם,false,1,5.90,8.43,true,1,
4820217240114,false,חמאה 82.5% פרמה 200 גר,רז שה צ'ים פקטורי,UA,חמאה 82.5% פרמה 200,גרמים,200.00,100 גרם,false,1,7.80,3.90,true,1,
4823006801435,false,לצו נזין 450 גרם,NEZHIN,,לצו נזין 450 גרם,גרמים,450.00,100 גרם,false,1,19.90,4.42,true,1,
4823070203265,false,גלידה פלומביר סובייטי 70 גר,,,גלידה פלומביר,גרמים,70.00,100 גרם,false,1,5.90,8.43,true,1,
4823070203296,false,גלידה פלומביר בלרוסי 90 גר,,,גלידה פלומביר בלרוסי,גרמים,90.00,100 גרם,false,1,5.90,6.56,true,1,
4823070203395,false,גלידה אפריקנית 80 גר,,,גלידה אפריקנית 80 גר,גרמים,80.00,100 גרם,false,1,5.90,7.38,true,1,
4891130001199,false,מזרח ומערב יבוא פון,Pun chun sauce & pre,HK,רוטב צדפות 450 גרם,גרמים,450.00,100 גרם,false,1,18.80,4.18,true,1,
5000157073020,false,"רוטב דגים ווסטרשייר היינץ 150 מ""ל",היינץ,NL,רוטב דגים ווסטרשייר,מיליליטרים,150.00,"100 מ""ל",false,1,10.90,7.27,true,1,
5000159304245,false,מ&מס קריספי 36 גרם,,,מ&מס קריספי 36 גרם,גרמים,36.00,100 גרם,false,1,5.50,15.28,true,1,
5000159376655,false,סוכריות SKITTLES פירות קטן 38 גרם אדום,ריגלי ממתקים,CZ,סקיטלס פירות 38 גרם,גרמים,38.00,100 גרם,false,1,3.60,9.47,true,1,
5000159382694,false,מארס עשירייה 450 גרם,,NL,מארס עשירייה 450 גרם,גרמים,450.00,100 גרם,false,1,27.90,6.20,true,1,
5000159382731,false,סניקרס 10*50 גרם,,,סניקרס 10*50 גרם,גרמים,500.00,100 גרם,false,1,27.90,5.58,true,1,
5000159407236,false,חטיף מרס שוקולד עם ק,מרס הולנד בי.וי.,NL,חטיף מארס 51 גרם,גרמים,51.00,100 גרם,false,1,4.90,9.61,true,1,
5000159459228,false,חטיף שוקולד טוויקס 50 ג',"נארז ע""י : א.ג. גילר",NL,חטיף טוויקס 50 גרם,גרמים,50.00,100 גרם,false,1,4.90,9.80,true,1,
5000159461122,false,חטיף שוקולד סניקרס מקס קרמל 50 ג',"נארז ע""י : א.ג. גילר",NL,חטיף סניקרס 50 גרם,גרמים,50.00,100 גרם,false,1,4.90,9.80,true,1,
5000159471510,false,אם אנד אם בוטנים 220 גרם,,FR,אם אנד אם בוטנים 220,גרמים,220.00,100 גרם,false,1,17.60,8.00,true,1,
5000159471794,false,אם אנד אם שוקולד 220 גרם,,BE,אם אנד אם שוקולד 220,גרמים,220.00,100 גרם,false,1,17.60,8.00,true,1,
5000289925440,false,גין גורדון בקבוק 700,אלכסנדר גורדון ושות',GB,"גין גורדון 700 מ""ל",מיליליטרים,700.00,"100 מ""ל",false,1,89.90,12.84,true,1,
5000312000700,false,אבקת להכנת משקה קקאו 250 ג,,,אבקת קקאו קדבורי 250,גרמים,250.00,100 גרם,false,1,36.50,14.60,true,1,
5000394141209,false,שישיות סוללות AAA פלוס פאוור דורסל,דיפלומט,BE,סוללות דורסל פלוס פא,יחידה,1.00,יחידה,false,1,18.60,18.60,true,1,
5010035068383,false,פוקס-עוגיות שוק ציפס חצי-מצופות שוק 180ג,,,פוקס-עוגיות שוק ציפס,גרמים,180.00,100 גרם,false,1,12.50,6.94,true,1,
5010327000046,false,וויסקי גרנט'ס סקוטי,"וויליאם גראנט ובניו בע""\",GB,וויסקי גראנטס 700 מ,מיליליטרים,700.00,"100 מ""ל",false,1,84.90,12.13,true,1,
5011013100132,false,"ויסקי בייליס אייריש קרים 750 מ""ל",r&a baileys,,אייריש קרים בייליס 7,מיליליטרים,750.00,"100 מ""ל",false,1,94.90,12.65,true,1,
5011013500680,false,"ליקר שרידנס 700 מ""ל",thomas sheridans,,"ליקר שרידנס 700 מ""ל",מיליליטרים,700.00,"100 מ""ל",false,1,109.90,15.70,true,1,
5011157630281,false,אורז לבן ארוך בסמטי טילדה Tilda,אלסקה/ טילדה,GB,אורז בסמטי טילדה 1 ק,גרמים,1000.00,100 גרם,false,1,25.90,2.59,true,1,
5012035965587,false,הריבו סאוור ספארקס 175 גרם,,IT,הריבו סאוור ספארקס 1,גרמים,175.00,100 גרם,false,1,9.50,5.43,true,1,
5014271360423,false,"מעדן תפוזים לל""ס סאן דלפור 284 גרם",סאן דלפור - שמבור,FR,מעדן סאנט דלפור תפוז,גרמים,284.00,100 גרם,false,1,22.90,8.06,true,1,
5014271400426,false,"מעדן בטעם תות שדה לל""ס סאן דלפור 284 גרם",סאן דלפור - שמבור,FR,מעדן סאנט דלפור תות,גרמים,284.00,100 גרם,false,1,22.90,8.06,true,1,
5014379009972,false,בירה לאגר באדוויזר פחית 500 מל,באדווייזר Budweiser,GB,בירה לאגר באדוויזר פ,מיליליטרים,500.00,"100 מ""ל",false,1,9.50,1.90,true,1,
5018481022003,false,"וויסקי טומאטין סינגל מאלט לגאסי 700 מ""ל",,,וויסקי טומאטין סינגל,מיליליטרים,700.00,"100 מ""ל",false,1,136.90,19.56,true,1,
5024546356600,false,"וויסקי 700 מ""ל GRAND MACNISH SCOTCH",,,"וויסקי 700 מ""ל GRAND",מיליליטרים,700.00,"100 מ""ל",false,1,94.90,13.56,true,1,
5030544902121,false,גבינה מעושנת DORSET RED במשקל,,,גבינה מעושנת DORSET,Unknown,0.00,"ק""ג",true,0,147.00,147.00,true,1,
5030544903012,false,גבינת צדר מיושן 190 גר,,,גבינת צדר מיושן 190,גרמים,190.00,100 גרם,false,1,35.50,18.68,true,1,
5030544903654,false,גבינת צדר עם בצל מקורמל Farmers Cheese 190 גרם,,,גבינת צדר עם בצל מקו,גרמים,190.00,100 גרם,false,1,27.20,14.32,true,1,
5032678004979,false,"פרנקלין & סאנס טוניק קלאסי דל קלוריות 200 מ""ל",,GB,טוניק לייט פרנקלין,מיליליטרים,200.00,"100 מ""ל",false,1,7.90,3.95,true,1,
5060017740158,false,"גין ברוקרס פינק 700 מ""ל",,,גין ברוקרס פינק 700,מיליליטרים,700.00,"100 מ""ל",false,1,115.90,16.56,true,1,
5060139430647,false,BEAR יו יו חטיף פירות בטעם פטל חמישייה,דיפלומט,GB,יויו פטל מולטי פק 1,גרמים,100.00,100 גרם,false,1,19.90,19.90,true,1,
5060139431033,false,BEAR יו יו חטיף פירות בטעם מנגו חמישייה,דיפלומט,GB,יויו מנגו מולטי פק,גרמים,100.00,100 גרם,false,1,19.90,19.90,true,1,
5060319129422,false,חליטת דיטוקס אורגנית 25 גרם הייר ליבינג,אונלי נטורל פרודקטס,PT,חליטת דיטוקס אורגנית,Unknown,0.00,Unknown,false,1,18.90,18.90,true,1,
5060326870829,false,חטיף סויה ותפוח אדמה בטעם מתוק מלוח 85 ג,,GB,חטיף סויה ותפוח אדמה,גרמים,85.00,100 גרם,false,1,10.40,12.24,true,1,
5060326870850,false,"חטיף חומוס, בטטה, אפונה בטעם מלוח85 ג",,GB,"חטיף חומוס, בטטה, אפ",גרמים,85.00,100 גרם,false,1,10.40,12.24,true,1,
5060462260539,false,אצבעות וופל במילוי קרם אגוזים מצופה שוקולד 45 גרם - לאב רואו,,ES,אצבעות וופל קרם אגוז,גרמים,45.00,100 גרם,false,1,16.90,37.56,true,1,
5060462261758,false,כדורי וופל קראנציים במילוי קרם לוז 45 גר,,ES,כדורי וופל קראנציים,גרמים,45.00,100 גרם,false,1,16.90,37.56,true,1,
5060517886486,false,"משקה אנרגיה מונסטר אנרג'י בפחית 500 מ""ל",מונסטר אנרג'י Monster Energy,RS,מונסטר אנרגי פח 500,מיליליטרים,500.00,"100 מ""ל",false,1,7.90,1.58,true,1,
5060805990703,false,חברים-עוגיות רייצל עוגיות רד וולוט 150ג,,,חברים-עוגיות רייצל ע,גרמים,150.00,100 גרם,false,1,22.90,15.27,true,1,
5060805990710,false,חברים-עוגיות צ’נדלר קרמל מלוח 150 גר,,,חברים-עוגיות צ’נדלר,גרמים,150.00,100 גרם,false,1,22.90,15.27,true,1,
5099873038758,false,וויסקי ג'נטלמן ג'ק Gentleman Jack,ג'ק דניאלס Jack Daniel's,US,וויסקי גנטלמן גק 700,מיליליטרים,700.00,"100 מ""ל",false,1,147.90,21.13,true,1,
5200133120483,false,גליליות וופלים ממולא קרם וניל 400 גר,יוניליוור גרמניה Gm,GR,גליליות וופלים ממולא,גרמים,400.00,100 גרם,false,1,18.90,4.73,true,1,
5201306803400,false,זיתים מושחרים דלפי סופר ממוט 820 גרם,אינטרקום יוון,GR,זיתים מושחרים 465 גר,גרמים,465.00,100 גרם,false,1,28.50,6.13,true,1,
5201340003385,false,TRATA טונה מעושנת שמן סויה 160 גרם,נורט אגיאוסי קנריס,GR,טונה מעושנת בשמן סוי,גרמים,160.00,100 גרם,false,1,16.90,10.56,true,1,
5201340003392,false,טונה מעושנת עם לימון ואורגנו 160 גרם,נורט אגיאוסי קנריס,GR,טונה מעושנת בלימון 1,גרמים,160.00,100 גרם,false,1,16.90,10.56,true,1,
5202795080709,false,אוזו מטקסה Ouzo Metaxa,פארייפאבה אגרואינדוס,GR,"אוזו מטקסה 750 מ""ל",מיליליטרים,750.00,"100 מ""ל",false,1,79.90,10.65,true,1,
5208049001452,false,גולדן וירגיניה ירוק 30 גר+נייר PP,Unknown,NL,גולדן וירגיניה ירוק,יחידה,1.00,יחידה,false,1,69.90,69.90,true,1,
5208049001513,false,גולדן וירגיניה צהוב30 גר+נייר לגלגול יח,Unknown,NL,גולדן וירגיניה צהוב3,יחידה,1.00,יחידה,false,1,69.90,69.90,true,1,
5208049001841,false,סיגריות פאל מאל דמי קפסולה,גלוברנס,PL,פאל מאל דמי קפסולה ח,Unknown,0.00,Unknown,false,1,26.00,26.00,true,1,
5400141213898,false,שימורי מלפפון חמוץ מתוק בוני 530 גר,,BE,שימורי מלפפון חמוץ מ,גרמים,530.00,100 גרם,false,1,18.50,3.49,true,1,
5400141357530,false,שימורי מלפפון חמוץ מתוק בוני 530 גר,,BE,שימורי מלפפון חמוץ מ,גרמים,530.00,100 גרם,false,1,19.40,3.66,true,1,
5400265021553,false,המלט מארז 12 סוכריות סבא 170 גר,,,המלט מארז 12 סוכריות,גרמים,170.00,100 גרם,false,1,16.90,9.94,true,1,
5400265022819,false,המלט- שוקוליס דפדפי אגוז קריספי 125 גר,HAMLET NV,BE,המלט- שוקוליס דפדפי,גרמים,125.00,100 גרם,false,1,18.40,14.72,true,1,
5400265030654,false,המלט- סוכריית מקל סבא אדום ולבן 144 גר,,,המלט- סוכריית מקל סב,גרמים,144.00,100 גרם,false,1,16.90,11.74,true,1,
5410126666038,false,"ביסקוויט קרמל לוטוס 279 גרם בד""צ",לוטוס ביקרי נ.וי,BE,עוגיות לוטוס 279 גרם,גרמים,279.00,100 גרם,false,1,14.60,5.23,true,1,
5410228144755,false,"בירה סטלה ארטואה שישייה בקבוק 330 מ""ל",מבשלות בירה בינלאומיות ב,IL,שישיית סטלה ארטואה,מיליליטרים,1980.00,"100 מ""ל",false,1,36.90,1.86,true,1,
5410228267508,false,"באדוויזר בקבוק 330 מ""ל - 5% אלכוהול","איי, בי, אינבוו",GB,בירה לאגר באדוויזר 3,מיליליטרים,330.00,"100 מ""ל",false,1,7.90,2.39,true,1,
5410358442097,false,הריבו מרשמלו לבן וורוד 140 גרם,,GB,הריבו מרשמלו לבן וור,גרמים,140.00,100 גרם,false,1,9.30,6.64,true,1,
5410358452027,false,הריבו ספקיז מרשמלו ורוד לבן פסים 175 גרם,,BE,הריבו ספקיז מרשמלו ו,גרמים,175.00,100 גרם,false,1,8.30,4.74,true,1,
5410358453024,false,הריבו מרשמלו אקזוטי 175 גרם,,BE,הריבו מרשמלו אקזוטי,גרמים,175.00,100 גרם,false,1,9.30,5.31,true,1,
5410358453116,false,הריבו- מרשמלו מיקס 175 גרם,,BE,הריבו- מרשמלו מיקס 1,גרמים,175.00,100 גרם,false,1,9.30,5.31,true,1,
5410769800097,false,"בירה לה צרי שוף 8% 330 מ""ל בקבוק",פארייפאבה אגרואינדוס,BE,בירה לה צרי שוף 8%,מיליליטרים,330.00,"100 מ""ל",false,1,17.90,5.42,true,1,
5410976620518,false,בונבוניירה גוליאן מבחר קלאסי בלגי 305 גר,,BE,בונבוניירה גוליאן מב,גרמים,305.00,100 גרם,false,1,79.90,26.20,true,1,
5411081008420,false,"בירה בירה שושנע קסטיל 330 מ""ל פחית",מבשלת קסטל ואן הונסברוק,BE,בירה בירה שושנע קסטי,מיליליטרים,330.00,"100 מ""ל",false,1,12.90,3.91,true,1,
5411188081852,false,אלפרו משקה סויה בטעם וניל 1 ל',הנסיך- מפעל לייצור ט,BE,אלפרו סויה בטעם וניל,מיליליטרים,1000.00,"100 מ""ל",false,1,17.50,1.75,true,1,
5411188110835,false,אלפרו חלב סויה שקדים וניל 1ל',הנסיך- מפעל לייצור ט,BE,אלפרו משקה שקדים 1 ל,מיליליטרים,1000.00,"100 מ""ל",false,1,15.90,1.59,true,1,
5411188115366,false,משקה קוקוס אלפרו 1 ליטר משקה שיבולת שועל 1 ליטר,הנסיך- מפעל לייצור ט,BE,אלפרו משקה שיבולת שו,מיליליטרים,1000.00,"100 מ""ל",false,1,15.90,1.59,true,1,
5411188115472,false,משקה סויה אלפרו 1 ליטר,הנסיך- מפעל לייצור ט,BE,אלפרו משקה סויה 1 לי,מיליליטרים,1000.00,"100 מ""ל",false,1,14.90,1.49,true,1,
5411188543398,false,משקה סויה ללא סוכר אלפרו 1 ליטר,הנסיך- מפעל לייצור ט,BE,אלפרו משקה סויה ללא,מיליליטרים,1000.00,"100 מ""ל",false,1,14.90,1.49,true,1,
5411223030081,false,"בירה לינדמנס קריק דובדבנים 250 מ""ל",מבשלת לינדמנס,BE,בירה לינדמנס דובדבני,מיליליטרים,250.00,"100 מ""ל",false,1,15.90,6.36,true,1,
5411616002190,false,"בירה מרטנס חזקה 8.5% כהל,500 מ""ל",מבשלת מרטנס,BE,בירה STRONG מרטינס,מיליליטרים,500.00,"100 מ""ל",false,1,8.90,1.78,true,1,
5411616133245,false,בירה מרטנס פחית ירוק500מ,מבשלת מרטנס,BE,"בירה מרטנס 500 מ""ל-פ",מיליליטרים,500.00,"100 מ""ל",false,1,7.90,1.58,true,1,
5411616148546,false,"בירה מרטינס גולד 500 מ""ל-פחית",מבשלת מרטנס,BE,בירה מרטינס גולד 500,מיליליטרים,500.00,"100 מ""ל",false,1,7.90,1.58,true,1,
5411681038001,false,"מרדסו מעורפלת מאוד330מ""ל","איי, בי, אינבוו",BE,בירה מרדסו טריפל 330,מיליליטרים,330.00,"100 מ""ל",false,1,16.90,5.12,true,1,
5413121356829,false,בלג'יאן-שוקולד חלב ללא סוכר 100 גר' 1/20 (7072),BCG,,שוקולד חלב 100 גר,גרמים,100.00,100 גרם,false,1,18.50,18.50,true,1,
5413121359981,false,"בלגיאן שוקולד ללת""ס חלב אגוזים 100 גר",BCG,,"בלגיאן שוקולד ללת""ס",גרמים,100.00,100 גרם,false,1,22.90,22.90,true,1,
5413121363513,false,שוקולד מריר דובדבן בלגיאן 100 גרם,BCG,,שוקולד מריר דובדבן ב,גרמים,100.00,100 גרם,false,1,14.50,14.50,true,1,
5413149655522,false,"אבקת כביסה שושן צחור 1.25 ק""ג אריאל",פרוקטר אנד גמבל,TR,אריאל שושן צחור 1.25,קילוגרמים,0.00,"ק""ג",false,1,23.90,23.90,true,1,
5413548280189,false,קינדר שוקו בון 1 יחידות 125 גרם,פררו - אלבה,BE,קינדר שוקובון 125 גר,גרמים,125.00,100 גרם,false,1,14.90,11.92,true,1,
5414145035622,false,וויסקי בורבון קנטקי גק 1 ליטר,סודיקו,US,וויסקי בורבון קנטקי,מיליליטרים,1000.00,"100 מ""ל",false,1,130.90,13.09,true,1,
5420066370384,false,טראפל בלגי אגוזים 150 גרם,,,טראפל בלגי אגוזים 15,גרמים,150.00,100 גרם,false,1,11.90,7.93,true,1,
5600787049008,false,"קמבוצ'ה ותה ירוק עם תמצית אננס אפרסק 400 מ""ל",קפטן קמפוצה,PT,"משקה אורגני ע""ב קמבו",מיליליטרים,400.00,"100 מ""ל",false,1,21.90,5.48,true,1,
5600787049022,false,"משקה אורגני ע""ב קמבוצה ותה ירוק 400 מל",קפטן קמפוצה,PT,"משקה אורגני ע""ב קמבו",מיליליטרים,400.00,"100 מ""ל",false,1,21.90,5.48,true,1,
5601012837636,false,"יין סילק אנד ספייס אדום 750 מ""ל",,,יין סילק אנד ספייס א,Unknown,0.00,Unknown,false,1,65.90,65.90,true,1,
5604912415058,false,סרדינים פורטוס בשמן חמניות חריף 125 גרם,פורטוס Porthos,PT,סרדינים בשמן חמניה ח,גרמים,125.00,100 גרם,false,1,7.50,6.00,true,1,
5701932026971,false,הוטפופ גרעיני תירס להכנת פופקורן במיקרוגל בטעם חמאה 600 גרם,ליימן מותגים,US,הוטפופ חמאה 600 גרם,גרמים,600.00,100 גרם,false,1,16.90,2.82,true,1,
5701932026995,false,"הוטפופ גרעיני תירס להכנת פופקורן במיקרוגל בטעם טבעי מופחת שומן, 510 גרם",קריניציה ויטמינה אס,US,פופקורן הופ פופ טבעי,גרמים,510.00,100 גרם,false,1,16.90,3.31,true,1,
5710840209437,false,טבק באלי נטוראל 40 גרם,סקמדינביין טובקו,DK,טבק באלי נטוראל 40 ג,Unknown,0.00,Unknown,false,1,95.90,95.90,true,1,
5710840210013,false,באלי לבן סופר עדין 40גרם,סקמדינביין טובקו,DK,טבק באלי לבן 40 גרם,Unknown,0.00,Unknown,false,1,95.90,95.90,true,1,
5740900403215,false,ממרח מחמאת לורפק עם מלח 250 ג',ארלה פודס אמבה,DK,ממרח לורפק עם מלח 25,גרמים,250.00,100 גרם,false,1,17.90,7.16,true,1,
5740900403239,false,ממרח לורפק ללא תוספת מלח 250 גר,ארלה פודס אמבה,DK,ממרח לורפק ללא מלח 2,גרמים,250.00,100 גרם,false,1,19.90,7.96,true,1,
5900020026552,false,דגני בוקר האני נאט צ'יריוס בטעם דבש ושקדים,נסטלה צרפת איטנקורט,FR,האני נאט ציריוס מלחמ,גרמים,625.00,100 גרם,false,1,27.90,4.46,true,1,
5901008000991,false,שימורי עגבניות כבושות 660 גר POLAN,,,שימורי עגבניות כבושו,גרמים,660.00,100 גרם,false,1,12.50,1.89,true,1,
5901008990100,false,פרוסות מלפפונים עם רצועות פלפל אדום,,PL,פרוסות מלפפון ופלפל,גרמים,850.00,100 גרם,false,1,14.90,1.75,true,1,
5901008990162,false,סלט כרוב עם סלק 900 גרם Polan,,PL,סלט כרוב עם סלק 900,גרמים,900.00,100 גרם,false,1,13.90,1.54,true,1,
5901008990292,false,סלט כרוב וגזר כבוש 900 גרם Polan,,PL,סלט כרוב וגזר כבוש 9,גרמים,900.00,100 גרם,false,1,16.90,1.88,true,1,
5901008990322,false,שימורי פטיסונים מוחמצים 860 גר POLAN,,,שימורי פטיסונים מוחמ,גרמים,860.00,100 גרם,false,1,22.90,2.66,true,1,
5901008990421,false,שימורי עגבניות שרי כבושות 880 גר POLAN,,PL,שימורי עגבניות שרי כ,גרמים,880.00,100 גרם,false,1,20.90,2.38,true,1,
5902198160403,false,XL משקה אנרגיה מוגז ללא סוכר עד 10 קלוריות לפחית 250 מל,"טמפו משקאות בע""\מ",IL,XL TEN משקה אנרגיה,מיליליטרים,250.00,"100 מ""ל",false,1,4.90,1.96,true,1,
5906485301012,false,"משקה אנרגיה XL פחית 250 מ""ל","טמפו משקאות בע""מ",IL,משקה אנרגיה XL פחית,מיליליטרים,250.00,"100 מ""ל",false,1,4.90,1.96,true,1,
5941021004309,false,"שוקולד היידי גראנדור פלורנטין, 100 ג'",היידי שוקולד בירונטי,RO,היידי פלורנטין 100 ג,גרמים,100.00,100 גרם,false,1,11.00,11.00,true,1,
5999076223602,false,חטיף חלבון זירו בר שוקולד עוגיות 50 גרם,,,חטיף חלבון זירו בר ש,גרמים,50.00,100 גרם,false,1,14.90,29.80,true,1,
5999076223619,false,חטיף חלבון זירו בר שוקולד קרמל 50 גרם,,,חטיף חלבון זירו בר ש,גרמים,50.00,100 גרם,false,1,14.90,29.80,true,1,
5999076223664,false,חטיף חלבון זירו בר דאבל שוקולד 50 גרם,,,חטיף חלבון זירו בר ד,גרמים,50.00,100 גרם,false,1,14.90,29.80,true,1,
6001108045171,false,"שישיה סיידר סוואנה 6% אלכוהול 330 מ""ל",,ZA,שישיה סיידר סוואנה,מיליליטרים,1980.00,"100 מ""ל",false,1,52.90,2.67,true,1,
6001495062591,false,"ליקר אמרולה 750 מ""ל",,,ליקר אמרולה,מיליליטרים,750.00,"100 מ""ל",false,1,93.90,12.52,true,1,
6006507005016,false,טקסס סטייקי 100 גרם CAPE HERBS,cape herb and spices,ZA,טקסס סטייקי 100 גרם,גרמים,100.00,100 גרם,false,1,25.40,25.40,true,1,
6008165003984,false,סיגריות פאל מאל כחול סטרים פילט בודד,אמריקן גרדן,TR,פאל מאל כחול סטרים פ,יחידה,1.00,יחידה,false,1,30.00,30.00,true,1,
6111094000198,false,קוסקוס דארי בינוני 350 גרם,דארי קוספאט אס. איי. או,MA,קוסקוס דארי דק 350 ג,גרמים,360.00,100 גרם,false,1,7.30,2.03,true,1,
6910191800287,false,אצות נורי בלו 10 דף (ננגטונג),ננטונג היידה אקווטוק,CN,אצות נורי בלו 10 דפי,Unknown,0.00,Unknown,false,1,13.90,13.90,true,1,
6922276100083,false,מחית וואסבי -חזרת 43 גרם (דליאן),דליאן ג'ינדה קונדימנ,CN,מחית וואסבי - חזרת 4,גרמים,43.00,100 גרם,false,1,10.50,24.42,true,1,
6934731200078,false,אטריות טריות דקות מזרח מערב 200 גרם,יאנטאי ינסידה לנוגקא,CN,אטריות טריות דקות 20,גרמים,200.00,100 גרם,false,1,8.30,4.15,true,1,
6934731210138,false,אטריות טריות עבות מזרח מערב 200 גרם,יאנטאי ינסידה לנוגקא,CN,אטריות טריות עבות 20,גרמים,200.00,100 גרם,false,1,8.30,4.15,true,1,
6936745600462,false,רוטב מירין לתיבול מז,דאנינג יוה פודס קו,CN,מירין דאניינג,מיליליטרים,500.00,"100 מ""ל",false,1,23.90,4.78,true,1,
6936745600783,false,"חומץ אורז מזרח מערב 500 מ""ל",דאנינג יוה פודס קו,CN,חומץ אורז מיצוקאן 50,מיליליטרים,500.00,"100 מ""ל",false,1,17.90,3.58,true,1,
6974640730167,false,פטריות שיטאקה 100 גר (כ) (Zhejiang),CO FOOD FOREST .ZHEJIANG,CN,פטריות שיטאקי 100 גר,גרמים,100.00,100 גרם,false,1,15.90,15.90,true,1,
7271730901261,false,ווקי מאק ארוחת אטריות עם גבינה 156 גרם,ניו וורלד פסטה קומפנ,US,פסטה עם גבינה הכנה מ,גרמים,156.00,100 גרם,false,1,12.90,8.27,true,1,
7290000000374,false,"פטריות שמפיניון בד""ץ (רביבים)",חוות השמפיניון,IL,פטריות,Unknown,0.00,Unknown,false,1,12.90,12.90,true,1,
7290000000608,false,פחית שתיה קרה,קוקה קולה,,חסה ערבית,Unknown,0.00,Unknown,false,1,7.90,7.90,true,1,
7290000000617,false,שורש -פטרוזילה,,,שורש -פטרוזילה,Unknown,0.00,Unknown,false,1,5.90,5.90,true,1,
7290000000632,false,שום,,,שום ברשת,Unknown,0.00,Unknown,false,1,12.90,12.90,true,1,
7290000000636,false,תירס ארוז,,,תירס ארוז,Unknown,0.00,"ק""ג",true,0,14.90,14.90,true,1,
7290000000664,false,תות שדה,,,תות שדה,Unknown,0.00,Unknown,false,0,19.90,19.90,true,1,
7290000000688,false,נענע,,,נענע,Unknown,0.00,Unknown,false,1,5.90,5.90,true,1,
7290000000697,false,תיק יוטה פוליצר,,,בזיליקום,Unknown,0.00,Unknown,false,1,5.90,5.90,true,1,
7290000000707,false,פטל,,,פטל,Unknown,0.00,Unknown,false,1,29.90,29.90,true,1,
7290000000899,false,חסה מסולסלת +אדומה,,,חסה מסולסלת +אדומה,Unknown,0.00,Unknown,false,1,14.90,14.90,true,1,
7290000001104,false,פטריות חורש מיני ארוז 200 ג',"מרינה פטריות הגליל בע""מ",IL,פטריות פרטובלה,Unknown,0.00,Unknown,false,1,11.90,11.90,true,1,
7290000001261,false,נבטים,,,נבטים,Unknown,0.00,Unknown,false,1,3.99,3.99,true,1,
7290000040042,false,יופלה יוגורט תות %3 גביע 150 גרם,תנובה חלב,IL,יופלה תות 3% 150 גרם,גרמים,150.00,100 גרם,false,1,5.40,3.60,true,1,
7290000040066,false,יופלה יוגורט דובדבן %3 גביע 150 גרם,תנובה מרכז שיתופי לש,IL,יופלה דובדבן 3% 150,גרמים,150.00,100 גרם,false,1,5.40,3.60,true,1,
7290000040080,false,יופלה יוגורט אפרסק %3 גביע 150 גרם,תנובה חלב,IL,יופלה אפרסק 3% 150 ג,גרמים,150.00,100 גרם,false,1,5.40,3.60,true,1,
7290000040301,false,תנובה עין גדי קממבר מחלב בקר 24% שומן,תנובה מרכז שיתופי לש,IL,קולאז קממבר עין גדי,גרמים,125.00,100 גרם,false,1,22.20,17.76,true,1,
7290000040318,false,גבינת ברי 24% קולאז עדי תנובה 125 ג',תנובה מרכז שיתופי לש,IL,קולאז ברי בחפיסה 125,גרמים,125.00,100 גרם,false,1,21.60,17.28,true,1,
7290000040974,false,חלב דל לקטוז 2% תנובה קרטון 1 ליטר,תנובה מרכז שיתופי לש,IL,חלב טרי דל לקטוז 1 ל,מיליליטרים,1000.00,"100 מ""ל",false,1,7.20,0.72,true,1,
7290000041858,false,"שמנת חמוצה 15% מועשרת יטבתה 200 מ""ל",שטראוס גרופ,IL,שמנת חמוצה 15% 200 מ,מיליליטרים,200.00,"100 מ""ל",false,1,2.90,1.45,true,1,
7290000042435,false,חלב דל שומן בקרטון+פקק תנובה 1 ליטר,תנובה מרכז שיתופי לש,IL,חלב דל שומן בקרטון,מיליליטרים,1000.00,"100 מ""ל",false,1,5.86,0.59,true,1,
7290000042640,false,"חלב תנובה עמיד 3% קרטון 250 מ""ל",תנובה מרכז שיתופי לש,IL,"חלב עמיד 3% 250 מ""ל",מיליליטרים,250.00,"100 מ""ל",false,1,2.90,1.16,true,1,
7290000043814,false,השף הלבן שמנת להקצפה 38% שומן 250 מל - מוצר בפיקוח,תנובה מרכז שיתופי לש,IL,שמנת עמידה להקצפה 38,גרמים,250.00,100 גרם,false,1,6.47,2.59,true,1,
7290000043890,false,תנובה רויון לבן מחלב מפסוטר 1.5%,תנובה מרכז שיתופי לש,IL,רויון 1.5% 1 ליטר,מיליליטרים,1000.00,"100 מ""ל",false,1,12.00,1.20,true,1,
7290000043944,false,כד יוגורט תנובה 4% שומן 1.5 ליטר,מיוצר עי קונדיטוריית,IL,יוגורט 4% 1.5 ליטר,ליטרים,0.00,ליטר,false,1,18.50,18.50,true,1,
7290000045917,false,תנובה פרומעז גבינה מותכת מחלב עיזים 23% שומן,תנובה חלב,IL,קולאז עיזים פרומעז ג,גרמים,200.00,100 גרם,false,1,28.20,14.10,true,1,
7290000046327,false,גלבוע גבינה צהובה פרוסה 22% תנובה 200 גרם,תנובה מרכז שיתופי לש,IL,גבינת גלבוע פרוס 200,גרמים,200.00,100 גרם,false,1,14.50,7.25,true,1,
7290000047942,false,**תנובה גבינה לבנה מהדרין 9% 250ג,תנובה מרכז שיתופי לש,IL,גבינה לבנה 5% 250 גר,גרמים,250.00,100 גרם,false,1,4.98,1.99,true,1,
7290000048185,false,גבינה לבנה 5% תנובה 250 גרם מהדרין,מיוצר עי קונדיטוריית,IL,גבינה לבנה 5% 250 גר,גרמים,250.00,100 גרם,false,1,4.98,1.99,true,1,
7290000048192,false,גבינה לבנה 9% תנובה 250 גרם מהדרין,מחלבת אלון תבור,IL,גבינה למריחה 9% 250,גרמים,250.00,100 גרם,false,1,4.98,1.99,true,1,
7290000050454,false,יוגורט יופלה אפרסק 3% שומן 500 גרם,מיוצר עי קונדיטוריית,IL,יופלה אפרסק 3% 500 ג,גרמים,500.00,100 גרם,false,1,14.90,2.98,true,1,
7290000051352,false,חלב מלא בטעם של פעם 3.4% תנובה קרטון 1 ל',תנובה מרכז שיתופי לש,IL,חלב של פעם 3.5% 1 ל,מיליליטרים,1000.00,"100 מ""ל",false,1,8.30,0.83,true,1,
7290000052311,false,גבינה צהובה עמק לייט 15% שומן 200 גרם,תנובה מרכז שיתופי לש,IL,עמק פרוס בקופסא 200,גרמים,200.00,100 גרם,false,1,16.40,8.20,true,1,
7290000055329,false,"משקה בוקר יוגורט 1.5% בטעם תות מלון יופלה 250 מ""ל",תנובה מרכז שיתופי לש,IL,משקה יוגורט יופלה בט,גרמים,250.00,100 גרם,false,1,5.70,2.28,true,1,
7290000055336,false,"משקה יוגורט 1.5% בטעם בננה אפרסק יופלה 250 מ""ל",תנובה מרכז שיתופי לש,IL,משקה יוגורט יופלה בט,גרמים,250.00,100 גרם,false,1,5.70,2.28,true,1,
7290000055350,false,גבינה צהובה חריץ עמק 28% במשקל,תנובה מרכז שיתופי לש,IL,גבינה צהובה עמק 28%,Unknown,0.00,"ק""ג",true,0,44.79,44.79,true,1,
7290000055893,false,חמאה משמנת מפוסטרת 200גרם 82% כ.מהדרין - מוצר בפיקוח,תנובה מרכז שיתופי לש,IL,חמאה מהדרין 200 גר,גרמים,200.00,100 גרם,false,1,7.80,3.90,true,1,
7290000056845,false,תנובה חלב טרי 3% שומן 1.5 ליטר - מוצר בפיקוח,פארייפאבה אגרואינדוס,IL,חלב קרטון 3% תנובה,ליטרים,0.00,ליטר,false,1,9.34,9.34,true,1,
7290000057088,false,עמק גבינה צהובה פרוסה דק דק 28% תנובה 200 גרם,תנובה מרכז שיתופי לש,IL,עמק דק 200 גרם,גרמים,200.00,100 גרם,false,1,16.90,8.45,true,1,
7290000057118,false,גבינה צהובה עמק 28% שומן ואקום 400 גרם,תנובה מרכז שיתופי לש,IL,גבינה סמי 28% 400 גר,גרמים,400.00,100 גרם,false,1,23.50,5.88,true,1,
7290000057132,false,יוגורט תנובה טבעי 1.5% גביע 200 גרם,מחלבת אלון תבור,IL,יוגורט 1.5% 200 גרם,גרמים,200.00,100 גרם,false,1,3.30,1.65,true,1,
7290000057149,false,יוגורט תנובה טבעי 3% גביע 200 גרם,מיוצר עי קונדיטוריית,IL,יוגורט תנובה 3% 200,גרמים,200.00,100 גרם,false,1,3.30,1.65,true,1,
7290000058580,false,קוקילידה בטעם וניל עם עוגיות שוקולד גלידות נסטלה 80 גרם,נגה גלידות (גלידות נ,IL,קוקילידה וניל,Unknown,0.00,Unknown,false,1,10.00,10.00,true,1,
7290000060200,false,פסטה אסם פתיתים אפויים קוסקוס 500גר,"אסם תעשיות בע""מ",IL,פתיתים אפויים קוסקוס,גרמים,500.00,100 גרם,false,1,7.90,1.58,true,1,
7290000060248,false,פסטה אסם פתיתים תלתלים 500 גר',קריות זול,IT,פסטה תלתלים (61) 500,גרמים,500.00,100 גרם,false,1,6.90,1.38,true,1,
7290000060316,false,פרפקטו ספגטי מס' 8 אסם 500 גרם,אסם פרפקטו,IT,פסטה ספגטי פרפקטו 50,גרמים,500.00,100 גרם,false,1,8.30,1.66,true,1,
7290000060330,false,פרפקטו פרפקטו ספיראלי גירף 500 גר,אסם פרפקטו,IT,פסטה פרפקטו ספירלי 5,גרמים,500.00,100 גרם,false,1,8.30,1.66,true,1,
7290000060408,false,פסטה אסם פתיתים אפויים טבעות 500 גר,"אסם השקעות בע""\מ",IL,פתיתים אפויים טבעות,גרמים,500.00,100 גרם,false,1,7.90,1.58,true,1,
7290000060880,false,פסטה ספגטי מספר 8 אסם 500 גרם,קריות זול,IT,ספגטי (3) 500 גרם,גרמים,500.00,100 גרם,false,1,6.90,1.38,true,1,
7290000060958,false,פסטה אסם אטריות בינוניות 400 גרם,"אסם השקעות בע""\מ",IL,אטריות בינוניות 400,גרמים,400.00,100 גרם,false,1,8.50,2.13,true,1,
7290000062952,false,אוסם - מיני קרוטונים למרק ולסלט 250 גרם,עינת תעשיות מזון אגו,IL,מיני קרוטונים למרק ו,גרמים,250.00,100 גרם,false,1,17.90,7.16,true,1,
7290000063140,false,שקדי מרק רכיבים טבעיים בשקית 400 ג' אסם,"אסם תעשיות בע""מ",IL,שקדי מרק 400 גרם -שק,גרמים,400.00,100 גרם,false,1,12.90,3.23,true,1,
7290000063157,false,"קמח עוגה תופח מאליו אסם 1 ק""ג","אסם השקעות בע""\מ",IL,קמח עוגה תופח מאליו,גרמים,1000.00,100 גרם,false,1,10.90,1.09,true,1,
7290000065328,false,חלה מתוקה שאשא,,,חלה מתוקה שאשא,Unknown,0.00,Unknown,false,1,17.90,17.90,true,1,
7290000065557,false,אוסם - מנה חמה קוסקוס עם ירקות 84 גרם,"אסם תעשיות מזון בע""מ",IL,מנה חמה קוסקוס עם יר,גרמים,62.00,100 גרם,false,1,8.80,14.19,true,1,
7290000066134,false,ביסלי חטיף בטעם פלאפל אסם 70 גרם,"אסם השקעות בע""\מ",IL,ביסלי בטעם פלאפל 70,גרמים,70.00,100 גרם,false,1,4.70,6.71,true,1,
7290000066141,false,ביסלי חטיף בטעם גריל אסם 70 גרם,"אסם השקעות בע""\מ",IL,ביסלי בטעם גריל 70 ג,גרמים,70.00,100 גרם,false,1,4.70,6.71,true,1,
7290000066196,false,ביסלי חטיף בטעם גריל אסם 200 גרם,מיוצר עי קונדיטוריית,IL,ביסלי בטעם גריל 200,גרמים,200.00,100 גרם,false,1,8.90,4.45,true,1,
7290000066226,false,ביסלי חטיף בטעם פיצה אסם 200 גרם,מיוצר עי קונדיטוריית,IL,ביסלי בטעם פיצה 200,גרמים,200.00,100 גרם,false,1,8.90,4.45,true,1,
7290000066318,false,במבה חטיף בוטנים אסם 80 גרם,"אסם השקעות בע""\מ",IL,במבה 80 גרם,גרמים,80.00,100 גרם,false,1,4.90,6.13,true,1,
7290000066332,false,אפרופו חטיף תירס אסם 50 גרם,מיוצר עי קונדיטוריית,IL,חטיף אפרופו 50 גרם,גרמים,50.00,100 גרם,false,1,5.90,11.80,true,1,
7290000066431,false,פופקו חטיף פופקורן בטעם חמאה ודבש אסם 80 גרם,מיוצר עי קונדיטוריית,IL,פופקו חטיף תירס בטעם,גרמים,80.00,100 גרם,false,1,5.50,6.88,true,1,
7290000067544,false,פירורית זהב פירורי לחם אסם 200 גרם,עינת תעשיות מזון אגו,IL,פירורית זהב 200 גרם,גרמים,200.00,100 גרם,false,1,7.50,3.75,true,1,
7290000067599,false,מנה חמה ספגטי ברוטב בולונז אסם 65 גרם,"אסם השקעות בע""\מ",IL,מנה חמה ספגטי בולונז,גרמים,65.00,100 גרם,false,1,8.80,13.54,true,1,
7290000067735,false,פרפקטו ניוקי בצקיות תפוחי אדמה 500 ג' אסם,גרנדי פסטי,IT,"ניוקי בצקיות תפו""א 5",גרמים,500.00,100 גרם,false,1,16.60,3.32,true,1,
7290000068138,false,אינסטנט פודינג בטעם וניל אסם 80 גרם,מיוצר עי קונדיטוריית,IL,פודינג אינסטנט בטעם,גרמים,80.00,100 גרם,false,1,5.90,7.38,true,1,
7290000068343,false,אסם פריכונים פרוסות קלויות מלא,"פרח תעשיות מזון בע""מ.",IL,פריכונים מאורז מלא 1,גרמים,140.00,100 גרם,false,1,8.90,6.36,true,1,
7290000069258,false,פסטה פרפקטו פנה ריגאטה 500 ג' אסם,קריות זול,IT,פסטה פרפקטו פנה ריגט,גרמים,500.00,100 גרם,false,1,8.30,1.66,true,1,
7290000072067,false,במבה חטיף בוטנים במילוי קרם חלבה 60 גרם,מיוצר עי קונדיטוריית,IL,במבה במילוי חלווה 60,גרמים,60.00,100 גרם,false,1,4.90,8.17,true,1,
7290000072623,false,קטשופ אסם בקבוק לחיץ 750 גרם,"אסם תעשיות בע""מ",IL,קטשופ אסם בקבוק לחיץ,גרמים,750.00,100 גרם,false,1,12.90,1.72,true,1,
7290000072753,false,קפה נמס מגורען טסטרס צ'ויס 200 גרם-,נסטלה קוריאה - קפה,KR,נסקפה טייסטרס צויס,גרמים,200.00,100 גרם,false,1,32.90,16.45,true,1,
7290000072784,false,קפה טייסטר צויס נטול קופאין 100 גר',נסטלה קוריאה - קפה,KR,נסקפה טייסטרס צויס,גרמים,100.00,100 גרם,false,1,31.50,31.50,true,1,
7290000072968,false,דגני בוקר סיני מיניס חיטה מלאה וקינמון נסטלה 500 גרם,נסטלה פולין דגני בוק,PL,דגנים סיני מיניס מלח,גרמים,375.00,100 גרם,false,1,28.90,7.71,true,1,
7290000073767,false,מנה חמה נודלס אטר.+ירקות טעם בקר 70 גרם,PUB FOODS PRESIDENT THAI,TH,מנה חמה נודלס אטר.+י,גרמים,70.00,100 גרם,false,1,7.50,10.71,true,1,
7290000073774,false,מנה חמה נודלס אטר+ירקות טעם צילי 70 גרם,טאי רזידנט,TH,מנה חמה נודלס אטר+יר,גרמים,70.00,100 גרם,false,1,7.50,10.71,true,1,
7290000074153,false,ביסקוויט פתי בר שוקולד אסם 500 גרם,מיוצר עי קונדיטוריית,IL,פתי בר שוקו 500 גרם,גרמים,500.00,100 גרם,false,1,14.90,2.98,true,1,
7290000074184,false,ביסקוויט פתי בר אסם 500 גרם,"אסם השקעות בע""\מ",IL,פתי בר וניל 500 גרם,גרמים,500.00,100 גרם,false,1,12.50,2.50,true,1,
7290000074245,false,אוסם - קרם קרקר אסם 250 גרם,"אסם השקעות בע""\מ",IL,קרם קרקר 250 גרם,גרמים,250.00,100 גרם,false,1,11.90,4.76,true,1,
7290000074276,false,קרקר פיקנטי טבעון 250 ג' אסם,"אסם השקעות בע""\מ",IL,קרקר קלאסי 250 גרם א,גרמים,250.00,100 גרם,false,1,11.90,4.76,true,1,
7290000074375,false,אוסם - קרקר זהב 150 גרם,"אסם השקעות בע""\מ",IL,קרקר זהב 150 גרם,גרמים,150.00,100 גרם,false,1,8.50,5.67,true,1,
7290000075204,false,אוסם - לחמית חיטה מלאה 250 גרם,"אסם השקעות בע""\מ",IL,לחמית חיטה מלאה 250,גרמים,250.00,100 גרם,false,1,11.00,4.40,true,1,
7290000075693,false,עוגת הבית שמרים בריוש שוקולד אסם 360 גרם,מיוצר עי קונדיטוריית,IL,עוגת שמרים שוקולד 36,גרמים,360.00,100 גרם,false,1,18.90,5.25,true,1,
7290000076126,false,אוסם - בייגלה שמיניות קטנות 80 גרם,"אסם השקעות בע""\מ",IL,בייגלה שמיניות קטנות,גרמים,80.00,100 גרם,false,1,3.90,4.88,true,1,
7290000076133,false,בייגלה שמיניות קטנות עם מלח אסם 400 גרם,"אסם השקעות בע""\מ",IL,בייגלה שמיניות קטנות,גרמים,400.00,100 גרם,false,1,13.90,3.48,true,1,
7290000079233,false,קרם קרקר דיאטטי דל נתרן 250 גרם,"אסם תעשיות בע""מ",IL,קרם קרקר דיאטטי דל נ,גרמים,250.00,100 גרם,false,1,13.50,5.40,true,1,
7290000100128,false,פירות קפואים תות סנפרוסט 300 ג',"סנפרוסט בע""מ",IL,תות קפוא סנפרוסט 300,גרמים,300.00,100 גרם,false,1,19.90,6.63,true,1,
7290000101934,false,מיקס פירות יער מוקפאות 300 ג' סנפרוסט,"איי, בי, אינבוו",IL,מיקס פירות יער מוקפא,גרמים,300.00,100 גרם,false,1,19.90,6.63,true,1,
7290000101958,false,מנגו חתוך מוקפא סנפרוסט 300ג',"איי, בי, אינבוו",IL,מנגו מוקפא סנפרוסט,גרמים,300.00,100 גרם,false,1,19.90,6.63,true,1,
7290000103730,false,לקט להקפצה עם פסטה פוזילי סנפרוסט 800 גרם,"איי, בי, אינבוו",IL,לקט להקפצה עם פסטה פ,גרמים,800.00,100 גרם,false,1,27.20,3.40,true,1,
7290000104201,false,אפונה עדינה סנפרוסט 600 גרם,"איי, בי, אינבוו",IL,אפונה עדינה 600 גר,גרמים,600.00,100 גרם,false,1,19.90,3.32,true,1,
7290000104676,false,אפונה קפואה סנפרוסט 800 גרם,"איי, בי, אינבוו",IL,אפונת גינה 800 גרם,גרמים,800.00,100 גרם,false,1,19.90,2.49,true,1,
7290000104683,false,שעועית ירוקה שלמה סנפרוסט 800 גרם,"סנפרוסט בע""\מ",IL,שעועית ירוקה שלמה,גרמים,800.00,100 גרם,false,1,22.90,2.86,true,1,
7290000104881,false,לקט אפונה וגזר סנפרוסט 800 גרם,"איי, בי, אינבוו",IL,אפונה וגזר 800 גר,גרמים,800.00,100 גרם,false,1,18.90,2.36,true,1,
7290000106526,false,חגיגה ירוקה להקפצה סנפרוסט 800 גרם,"איי, בי, אינבוו",IL,חגיגה ירוקה להקפצה ס,גרמים,800.00,100 גרם,false,1,27.90,3.49,true,1,
7290000107165,false,חטיף סויה אדממה סנפרוסט 400 גרם,"איי, בי, אינבוו",IL,חטיף סויה סנפרוסט,גרמים,400.00,100 גרם,false,1,14.90,3.73,true,1,
7290000107189,false,תחתיות ארטישוק סנפרוסט 400 גרם,"איי, בי, אינבוו",IL,תחתיות ארטישוק 400 ג,גרמים,400.00,100 גרם,false,1,24.90,6.23,true,1,
7290000107295,false,תפרחות ברוקולי סנפרוסט 800 גרם,"איי, בי, אינבוו",IL,ברוקולי 800 גרם סנפר,גרמים,800.00,100 גרם,false,1,28.90,3.61,true,1,
7290000111000,false,שתיה קרה בודד,,,שתיה קרה בודד,Unknown,0.00,Unknown,false,1,1.00,1.00,true,1,
7290000111063,false,מיונז תלמה אמיתי250 גרם,יוניליוור ישראל מזון בע\,IL,מיונז תלמה 250 גרם,גרמים,250.00,100 גרם,false,1,7.90,3.16,true,1,
7290000111186,false,"מיונז אמיתי תלמה 500 גרם בד""צ",יוניליוור ישראל מזון בע\,IL,מיונז תלמה 500 גרם-צ,גרמים,500.00,100 גרם,false,1,11.90,2.38,true,1,
7290000111360,false,"חרדל אמיתי תלמה 250 גרם בד""צ",יוניליוור ישראל מזו,IL,חרדל תלמה 250 גרם-צנ,גרמים,250.00,100 גרם,false,1,7.50,3.00,true,1,
7290000112220,false,טחינה גולמית שומשום טהור בארכה 500 גרם,"רושדי תעשיות מזון בע""\מ",IL,טחינה 500 גר בארכה,גרמים,500.00,100 גרם,false,1,15.90,3.18,true,1,
7290000112497,false,מרק עשיר עוף אטריות קנור 75 גרם - שקיות,יוניליוור ישראל מזון בע\,IL,מרק עשיר עוף אטריות,גרמים,75.00,100 גרם,false,1,13.90,18.53,true,1,
7290000118277,false,כופתאות מצה להכנת מהירה 65 ג' קנור,יוניליוור ישראל מזון בע\,IL,קניידלך 130 גרם-קופ,גרמים,130.00,100 גרם,false,1,12.00,9.23,true,1,
7290000120874,false,מיונז הלמנס לייט מופחת קלוריות 424ג,"יונילוור ארה""ב - HPC",US,מיונז הלמנס לייט 424,גרמים,476.00,100 גרם,false,1,12.80,2.69,true,1,
7290000121093,false,גבינה מותכת לייט בטעם שוויצרי 7% מון בלאן 120 גר',האי נאם סי או אל.טי.,IL,מון בלאן שוצרית 120,גרמים,120.00,100 גרם,false,1,13.90,11.58,true,1,
7290000122830,false,"רוטב מקסיקני סצ'ואן קנור 300 מ""ל",יוניליוור ישראל מזון בע\,IL,רוטב בישול סצואן 370,גרמים,370.00,100 גרם,false,1,13.90,3.76,true,1,
7290000129457,false,אבקת רוטב פטריות קנור 28 ג' שקית,יוניליוור ישראל מזון בע\,IL,קנור רוטב פטריות באב,גרמים,29.00,100 גרם,false,1,5.50,18.97,true,1,
7290000135113,false,"משקה אנרגיה XL פחית ten נענע ליים 250 מ""ל","טמפו משקאות בע""\מ",IL,פחית XL TEN נענע ליי,מיליליטרים,250.00,"100 מ""ל",false,1,4.90,1.96,true,1,
7290000135342,false,"מי סודה טמפו בקבוק 500 מ""ל","טמפו משקאות בע""\מ",IL,"מי סודה 500 מ""ל בקבו",מיליליטרים,500.00,"100 מ""ל",false,1,2.90,0.58,true,1,
7290000135625,false,"רביעיית פחיות בירה גולדסטאר 500 מ""ל","טמפו משקות בע""\מ",IL,רביעיית פחיות גולדסט,מיליליטרים,2000.00,"100 מ""ל",false,1,35.90,1.80,true,1,
7290000136868,false,סאן בנדטו - מים מינרלים - מארז שישיית 1.5 ליטר,אקווה מינרלה סאן בנדטו ב,IT,שישיית מים סאן בנדטו,ליטרים,0.01,ליטר,false,1,19.90,1990.00,true,1,
7290000136875,false,שישיית מים מינרליים מוגזים סן בנדטו 1.5 ליטר,סאן בנדטו San Benedetto,IT,שישיית סאן בנדטו מוג,ליטרים,0.01,ליטר,false,1,19.90,1990.00,true,1,
7290000137513,false,גלידונית גלידה וניל בציפוי שוקולד 60 יח' קרמיסימו,"גלידת שטראוס בע""\מ, רחוב",IL,גלידונית 60 יחידות,גרמים,700.00,100 גרם,false,1,49.90,7.13,true,1,
7290000168173,false,"ברנפלקס קרנצ'ים תלמה בד""ץ 375 גרם",יוניליור ישראל מזון,IL,ברנפלקס קרנצים 375 ג,גרמים,375.00,100 גרם,false,1,25.90,6.91,true,1,
7290000169538,false,"נמס בכוס עגבניות וקרוטונים מרק כשרות בד""ץ 62 ג' קנור",יוניליוור ישראל מזון בע\,IL,מרק נמס בכוס עגבניות,גרמים,56.00,100 גרם,false,1,8.50,15.18,true,1,
7290000169798,false,"עוגי מופחת סוכר 20% פצפוצי שוקו' 500ג' בד""צ",יוניליוור ישראל מזון בע\,IL,עוגי 20% פחות סוכר 5,גרמים,500.00,100 גרם,false,1,26.50,5.30,true,1,
7290000174723,false,שוקולית אבקה להכנת משקה שוקו 500 גרם,הנסיך- מפעל לייצור ט,IL,שוקולית 500 גרם,גרמים,500.00,100 גרם,false,1,15.90,3.18,true,1,
7290000176062,false,קפה טורקי בשקית 100 ג' עלית,שטראוס קפה בי.ויn\.,IL,קפה עלית טורקי 100 ג,גרמים,100.00,100 גרם,false,1,9.50,9.50,true,1,
7290000176079,false,קפה עלית טורקי עם הל 100 גרם,הנסיך- מפעל לייצור ט,IL,קפה עלית טורקי עם הל,גרמים,100.00,100 גרם,false,1,10.90,10.90,true,1,
7290000176420,false,קפה נמס פחית עלית 200 גרם,שטראוס קפה בי.וי,IL,קפה נמס עלית 200 גרם,גרמים,200.00,100 גרם,false,1,21.90,10.95,true,1,
7290000178707,false,תפוצ'יפס בטעם טבעי 50 גרם,"שטראוס פריטו ליי בע""\מ )",IL,תפוציפס טבעי 50 גרם,גרמים,50.00,100 גרם,false,1,4.90,9.80,true,1,
7290000178721,false,תפוצ'יפס בטעם טבעי 200 גרם,"שטראוס פריטו ליי בע""\מ )",IL,תפוציפס טבעי 200 גרם,גרמים,200.00,100 גרם,false,1,10.90,5.45,true,1,
7290000186535,false,נייר טואלט תלת שכבתי לבן לילי 32 יחידות,לילי נייר טואלט חוגלה,IL,לילי טריו לבן 32 גלי,מטרים,537.28,מטר,false,1,44.90,0.08,true,1,
7290000187921,false,נייר טואלט דו שכבתי לבן לילי 32 יחידות,לילי נייר טואלט חוגלה,IL,לילי לבן 32 גלילים,מטרים,588.00,מטר,false,1,41.90,0.07,true,1,
7290000187938,false,לילי - נייר טואולט נייר טואלט פסטל 32 יח',לילי נייר טואלט חוגלה,IL,לילי פסטל 32 גלילים,מטרים,588.00,מטר,false,1,39.90,0.07,true,1,
7290000187952,false,נייר טואלט תלת שכבתי ורוד לילי 32 יחידות,לילי נייר טואלט חוגלה,IL,לילי טריו ורוד 32 גל,מטרים,537.28,מטר,false,1,44.90,0.08,true,1,
7290000189659,false,מטליות לחות לרצפה ניקול 10 יח'-מרכז,עלבד משואות יצחק בעמ,IL,ניקול מטליות לחות לר,Unknown,0.00,Unknown,false,1,14.90,14.90,true,1,
7290000189871,false,"שקיות אשפה עם שרוך 52 * 65 ס""מ ניקול 55 שקיות","אשפלסט תעשיות בע""מ",IL,אשפתון מתכלה ניקול 5,Unknown,0.00,Unknown,false,1,27.90,27.90,true,1,
7290000191652,false,שלישיית ממחטות אולטרה סופט קלינקס 90 יחידות,חוגלה קימברלי,IL,קלינקס שלישייה,Unknown,0.00,Unknown,false,1,12.90,12.90,true,1,
7290000192581,false,מגבת נייר גליל כפול ניקול 12=6 גליל,קימברלי-קלארק,IL,נייר מגבת ניקול 6=12,מטרים,129.72,מטר,false,1,24.00,0.19,true,1,
7290000195216,false,נייר אפייה בשקית ניקול 50 יחידות,ניקול,IL,נייר אפייה ניקול,Unknown,0.00,Unknown,false,1,11.90,11.90,true,1,
7290000195537,false,האגיס - מגבוני האגיס דיילי קר לא מבושם 64 יח' * 4,חוגלה קימברלי,IL,מגבוני האגיס רביעיה,Unknown,0.00,Unknown,false,1,24.90,24.90,true,1,
7290000197654,false,שקיות אשפה ענקיות נשלפות 75*90 ניקול 50 יחידות,"אשפלסט תעשיות בע""מ",IL,אשפתון ניקול ענק 45,Unknown,0.00,Unknown,false,1,25.10,25.10,true,1,
7290000197753,false,ניילון נצמד אנטי בטקריאלי ניקול 30X2מ',חוגלה קימברלי,CN,זוג ניילון נצמד ניקו,מטרים,60.00,מטר,false,1,13.90,0.23,true,1,
7290000197876,false,תבניות אלומיניום קטנות עם מכסה ניקול 4 יחידות,חוגלה קימברלי,CN,מגשית חד פעמית ניקול,Unknown,0.00,Unknown,false,1,11.90,11.90,true,1,
7290000204611,false,שישיית ספוגית הקסם ניקול 6 יחידות,חוגלה קימברלי,US,ספוגית הקסם ניקול שי,Unknown,0.00,Unknown,false,1,13.90,13.90,true,1,
7290000207063,false,רסק עגבניות פריכוז 28% 240 גרם יכין,היינץ צפון אמריקה מק,IL,פריכוז 240 גר,גרמים,240.00,100 גרם,false,1,5.40,2.25,true,1,
7290000207162,false,רוטב עגבניות מרכיב טבעי 100 ג' יכין,"זנלכל בע""\מ",IL,רוטב עגבניות יכין 10,גרמים,100.00,100 גרם,false,1,2.90,2.90,true,1,
7290000208077,false,אפונת גינה רגילה 550 גרם יכין,"זנלכל בע""\מ",IL,אפונת גינה רגילה 550,גרמים,550.00,100 גרם,false,1,8.90,1.62,true,1,
7290000208114,false,"אפונה וגזר יכין A2 פ""ק בית יוסף","זנלכל בע""\מ",IL,אפונה וגזר יכין 550,גרמים,550.00,100 גרם,false,1,8.90,1.62,true,1,
7290000208145,false,גרעיני תירס מתוק לייט 550 גרם יכין,"זנלכל בע""\מ",IL,תירס לייט יכין 550 ג,גרמים,550.00,100 גרם,false,1,10.90,1.98,true,1,
7290000208213,false,שעועית לבנה אפויה A2 ברוטב עגבניות יכין 560ג',היינץ צפון אמריקה מק,IL,שעועית יכין אפויה 58,גרמים,580.00,100 גרם,false,1,9.90,1.71,true,1,
7290000208220,false,"שעועית צ'לי יכין פ""ק A2 בית יוסף",היינץ צפון אמריקה מק,IL,שעועית צלי חריף A2,גרמים,550.00,100 גרם,false,1,10.90,1.98,true,1,
7290000208251,false,שעועית ירוקה חתוכה יכין 550 גרם,"זנלכל בע""מ",IL,שעועית ירוקה יכין 56,גרמים,560.00,100 גרם,false,1,10.90,1.95,true,1,
7290000208312,false,גרעיני תירס מתוק בואקום יכין 400 גר',"זנלכל בע""\מ",IL,תירס מתוק יכין 400 ג,גרמים,400.00,100 גרם,false,1,7.90,1.98,true,1,
7290000208329,false,גרעיני תירס מתוק 550 גרם יכין,"זנלכל בע""\מ",IL,תירס גרעינים 550 גר,גרמים,550.00,100 גרם,false,1,8.90,1.62,true,1,
7290000208480,false,גרעיני תירס מתוק בטעם חמאה 550 גרם יכין,"זנלכל בע""\מ",IL,תירס בטעם חמאה יכין,גרמים,550.00,100 גרם,false,1,10.90,1.98,true,1,
7290000208534,false,גרעיני תירס מתוק לילדים 550 גרם יכין,"זנלכל בע""\מ",IL,תירס קיד יכין 550 גר,גרמים,550.00,100 גרם,false,1,10.90,1.98,true,1,
7290000208800,false,גרעיני תירס מתוק לילדים 400 גרם יכין,זנלכל,IL,תירס ואקום קיד 400 ג,גרמים,400.00,100 גרם,false,1,7.90,1.98,true,1,
7290000208855,false,רוטב לפסטה קלאסי 240 גרם יכין,"זנלכל בע""\מ",IL,רוטב לפסטה 260 גרם י,מיליליטרים,260.00,"100 מ""ל",false,1,6.90,2.65,true,1,
7290000208893,false,גרעיני תירס מתוק לייט 400 גרם יכין,היינץ צפון אמריקה מק,IL,תירס ואקום לייט 400,גרמים,400.00,100 גרם,false,1,7.90,1.98,true,1,
7290000208930,false,עגבניות מרוסקות בתוספת שום 240 גרם יכין,"זנלכל בע""מ",IL,עגבניות +שום 260 גרם,גרמים,260.00,100 גרם,false,1,6.90,2.65,true,1,
7290000208947,false,עגבניות מרוסקות יכין 260 גרם,היינץ צפון אמריקה מק,IL,עגבניות מרוסקות 260,גרמים,260.00,100 גרם,false,1,6.90,2.65,true,1,
7290000208978,false,רוטב עגבניות פריכוז יכין 100 גרם,היינץ צפון אמריקה מק,IL,רסק עגבניות פריכוז 1,גרמים,100.00,100 גרם,false,1,3.40,3.40,true,1,
7290000209012,false,חומץ 1ליטר יכין הדרים,"זנלכל בע""\מ",IL,חומץ הדרים 1 ליטר,מיליליטרים,1000.00,"100 מ""ל",false,1,6.90,0.69,true,1,
7290000209944,false,רוטב לעגבניות בסיס לשקשוקה 240 ג' יכין,"זנלכל בע""\מ",IL,רוטב עגבניות לשקשוק,גרמים,260.00,100 גרם,false,1,6.90,2.65,true,1,
7290000209951,false,רוטב עגבניות לפיצה 260 גרם יכין,"זנלכל בע""\מ",IL,רוטב עגבניות לפיצה,גרמים,260.00,100 גרם,false,1,6.90,2.65,true,1,
7290000211169,false,"אורז תאילנדי אחד אחד סוגת 1 ק""ג",האי נאם סי או אל.טי.,IL,"אורז תאילנדי 1 ק""ג",קילוגרמים,0.00,"ק""ג",false,1,8.30,8.30,true,1,
7290000211312,false,סוגת אורז מלא פרסי אחד אחד 1 קג,האי נאם סי או אל.טי.,IL,"אורז מלא 1 ק""ג",גרמים,1000.00,100 גרם,false,1,10.90,1.09,true,1,
7290000211442,false,"סוגת אורז פרסי קלאסי שקית 1 ק""ג",האי נאם סי או אל.טי.,IL,"אורז פרסי 1 ק""ג סוג",גרמים,1000.00,100 גרם,false,1,10.90,1.09,true,1,
7290000211503,false,סוכר לבן ארוז בשקית,"סוגת תעשיות בע""\מ",IL,"סוכר לבן 1 ק""ג",קילוגרמים,0.00,"ק""ג",false,1,4.90,4.90,true,1,
7290000211985,false,"סוגת אורז עגול ריזוטו 1 ק""ג","סוגת תעשיות בע""\מ",IL,אורז עגול 1 קג,גרמים,1000.00,100 גרם,false,1,9.90,0.99,true,1,
7290000238029,false,"בצק עלים צרפתי מרודד מעדנות 1 ק""ג",מיוצר עי קונדיטוריית,IL,"בצק עלים מרודד 1 ק""ג",גרמים,1000.00,100 גרם,false,1,24.90,2.49,true,1,
7290000238036,false,מלאווח בקופסא מעדנות 700 גרם,מיוצר עי קונדיטוריית,IL,מלאווח מעדנות 700 גר,גרמים,700.00,100 גרם,false,1,18.90,2.70,true,1,
7290000238173,false,בורקס גבינה מעדנות 800 גרם,מיוצר עי קונדיטוריית,IL,בורקס גבינה מעדנות,גרמים,800.00,100 גרם,false,1,25.90,3.24,true,1,
7290000238180,false,בורקס תפוחי אדמה מעדנות 800 גרם,מיוצר עי קונדיטוריית,IL,"בורקס תפו""א 800 גרם",גרמים,800.00,100 גרם,false,1,25.90,3.24,true,1,
7290000245270,false,"פרסיל אבקה לכביסה רגיל שקית 1.25 ק""ג","הנקל סוד בע""מ",IL,אב.כביסה פרסיל 1.25,קילוגרמים,0.00,"ק""ג",false,1,20.30,20.30,true,1,
7290000245287,false,"פרסיל אבקת כביסה 1.250 ק""ג קולור ויניגר","הנקל סוד בע""מ",IL,אב.כביסה פרסיל קולור,קילוגרמים,0.00,"ק""ג",false,1,20.30,20.30,true,1,
7290000253220,false,שוקולד צ'יפס חום אופנהיימר 260 גר',אופנהיימר,IL,שוקולד ציפס אופנהיימ,גרמים,260.00,100 גרם,false,1,13.90,5.35,true,1,
7290000253251,false,שוקולד צ'יפס לבן אופנהיימר 250 גרם,אופנהיימר,IL,שוקו ציפס לבן אופנהי,גרמים,300.00,100 גרם,false,1,13.90,4.63,true,1,
7290000267500,false,קליפות הדר מצופות שוקולד מריר שקדיה 200 גרם,"דין שיווק וקלייה בע""",IL,קליפות הדר מצופות בש,גרמים,200.00,100 גרם,false,1,14.20,7.10,true,1,
7290000267678,false,גרעיני דלעת טבעי קלוף שקדיה 150 ג',"דין שיווק וקלייה בע""",IL,גרעין דלעת טבעי קלוף,גרמים,150.00,100 גרם,false,1,14.50,9.67,true,1,
7290000272726,false,חומץ רכיבים רכיבים טבעיים 5% עסיס 1 ליטר,בית-השיטה עסיס תעשיות מז,IL,חומץ טבעי עסיס 5% -1,מיליליטרים,1000.00,"100 מ""ל",false,1,7.30,0.73,true,1,
7290000295558,false,"רדיד אלומיניום רוחב 30 ס""מ סנו סושי 2 יח' 7.5 מטר",מולינו ניקולי s.p.a,TR,סנו סושי צמד רדידי א,מטרים,15.00,מטר,false,1,10.90,0.73,true,1,
7290000300900,false,שניצל תירס מרכיבים טבעיים טבעול 750 גרם,עיצובים 2020 (4.8),IL,שניצל תירס 750 גרם,גרמים,750.00,100 גרם,false,1,27.90,3.72,true,1,
7290000315126,false,קנור ציר עוף משחתי 300 ג,יוניליוור ישראל מזון בע\,IL,ציר עוף 300 גרם קנור,גרמים,300.00,100 גרם,false,1,27.80,9.27,true,1,
7290000334745,false,"אמריקאן צ'יפס תפוגן 1.5 ק""ג","תעשיות תפוגן בע""מ",IL,תפוגן אמריקן ציפס 1.,קילוגרמים,0.00,"ק""ג",false,1,27.90,27.90,true,1,
7290000336053,false,תרכיז סיידר הגליל מיץ תפוחים מרוכז 330 מל,"טמפו משקאות בע""מ",IL,"סיידר תרכיז 330 מ""ל",מיליליטרים,330.00,"100 מ""ל",false,1,15.20,4.61,true,1,
7290000345116,false,תה ירוק ויסוצקי 125 גרם,תה ויסוצקי,IL,תה ויסוצקי ירוק 125,גרמים,125.00,100 גרם,false,1,14.90,11.92,true,1,
7290000345284,false,תה ויסוצקי קלאסי אריזה ירוקה מרובעת (100 שקיקים),מולינו ניקולי s.p.a,IL,תה קלאסיק 100 שקיקים,גרמים,150.00,100 גרם,false,1,18.90,12.60,true,1,
7290000345291,false,תה ארל גריי ויסוצקי 25 יחידות,תה ויסוצקי,IL,תה ארל גריי 25 שקיקי,Unknown,0.00,Unknown,false,1,18.90,18.90,true,1,
7290000346120,false,חליטת קינמון הגן הקסום ויסוצקי 25 יחידות,תה ויסוצקי,IL,חליטת קסם הקינמון 25,Unknown,0.00,Unknown,false,1,19.90,19.90,true,1,
7290000346205,false,חליטת קמומיל הגן הקסום ויסוצקי 25 יחידות,תה ויסוצקי,IL,חליטת קמומיל 25 שקיק,Unknown,0.00,Unknown,false,1,19.90,19.90,true,1,
7290000347738,false,תה ירוק נענע ויסוצקי 25 יחידות,תה ויסוצקי,IL,תה ירוק נענע 25 שקיק,Unknown,0.00,Unknown,false,1,26.90,26.90,true,1,
7290000347752,false,תה ירוק לימונית ולואיזה 25 שקיקים *1.5 ג'' ויסוצקי,תה ויסוצקי,IL,תה ירוק לימונית לואי,Unknown,0.00,Unknown,false,1,26.90,26.90,true,1,
7290000363363,false,קבנוס נקניק מעושן יבש 160 גרם,הנסיך- מפעל לייצור ט,IL,קבנוס מיוחד 160 גרם,גרמים,160.00,100 גרם,false,1,21.90,13.69,true,1,
7290000363899,false,נקניקיות פיקנטיות טירת צבי 400 גרם,טירת צבי - מדף,IL,נקניקיות פיקנטיות,גרמים,400.00,100 גרם,false,1,14.90,3.73,true,1,
7290000364285,false,דקניקים סלסולי פסטרמה הודו טירת צבי 120 גרם,הנסיך- מפעל לייצור ט,IL,סלסולי פסטרמה הודו,גרמים,120.00,100 גרם,false,1,17.90,14.92,true,1,
7290000364292,false,דקניקים סלסולי פסטרמה הודו על גחלים 1% טירת צבי 120 גרם,הנסיך- מפעל לייצור ט,IL,סלסולי גחלים 120גר,גרמים,120.00,100 גרם,false,1,17.90,14.92,true,1,
7290000364810,false,נקניקיות עגל 500 גרםטירת צבי,הנסיך- מפעל לייצור ט,IL,נקניקיות עגל 500 גרם,גרמים,500.00,100 גרם,false,1,31.10,6.22,true,1,
7290000364858,false,"נקניקיות עוף טרי טירת צבי 1 ק""ג",הנסיך- מפעל לייצור ט,IL,טירת צבי נקניקיות עו,קילוגרמים,0.00,"ק""ג",false,1,27.90,27.90,true,1,
7290000364872,false,נקניקיות עוף טירת צבי 400 גרם,טיב טירת צבי 2000,IL,נקניקיות עוף 400 גרם,גרמים,400.00,100 גרם,false,1,14.90,3.73,true,1,
7290000365909,false,פסטרמה הודו מעושנתטירת צבי,טירת- צבי,IL,פסטרמה הודו מעושנת,Unknown,0.00,"ק""ג",true,0,93.00,93.00,true,1,
7290000390536,false,לבבות חסה,,,לבבות חסה,Unknown,0.00,Unknown,false,1,11.90,11.90,true,1,
7290000408316,false,יוגורט דנונה דל לקטוז 200 גרם,מיוצר עי קונדיטוריית,IL,דנונה דל לקטוז,גרמים,200.00,100 גרם,false,1,3.70,1.85,true,1,
7290000408354,false,יוגורט עם אורז מצופה שוקולד קקאו 175 ג' דנונה,"שטראוס בריאות בע""\מ",IL,דנונה בר פצפוצים 173,גרמים,173.00,100 גרם,false,1,4.80,2.77,true,1,
7290000419909,false,לנדוור קפה שחור לבוקר טחון טורקי 100 גרם,מולינו ניקולי s.p.a,IL,קפה לנדוור טעם אקספר,גרמים,100.00,100 גרם,false,1,8.90,8.90,true,1,
7290000446547,false,חמאת בוטנים טבעית בטר אנד דיפרנט 350 גרם,"בטר אנד דיפרנט בע""מ",IL,חמאת בוטנים טבעית בט,גרמים,350.00,100 גרם,false,1,16.90,4.83,true,1,
7290000453781,false,שמרים יבשים שמרית 125 גרם,"פאקא תעשיות בע""מ",PT,שמרים יבשים שמרית 12,גרמים,125.00,100 גרם,false,1,7.50,6.00,true,1,
7290000461625,false,בייגלה שמיניות מלח בייגל בייגל 400 ג',בייגל את בייגל מזון 198),IL,בייגלה שמיניות מלוח,גרמים,400.00,100 גרם,false,1,13.90,3.48,true,1,
7290000461656,false,בייגלה מקלות מלוחים בייגל בייגל 400 גרם,בייגל את בייגל מזון 198),IL,בייגלה אחד אחד 400 ג,גרמים,400.00,100 גרם,false,1,13.90,3.48,true,1,
7290000474090,false,"חלב בקרטון 1%- 1 ליטר בד""צ - מוצר בפיקוח",מילקו תעשיות בעמ,IL,חלב 1% בקרטון 1 ליטר,מיליליטרים,1000.00,"100 מ""ל",false,1,5.86,0.59,true,1,
7290000474502,false,גבינה לבנה טרה 5% מרכיבים טבעיים,הפריט בפיקוח,IL,גבינה לבנה 5%,גרמים,250.00,100 גרם,false,1,4.98,1.99,true,1,
7290000480107,false,קוואקר שיבולת שועל פחית 500 גרם,וולקרס סנקס לימיטד,GB,קוואקר שיבולת שועל פ,גרמים,500.00,100 גרם,false,1,14.90,2.98,true,1,
7290000480442,false,קוואקר שיבולת שועל בשקית 500 גרם,פריטו ליי FRITO-LAY,IL,קוואקר 500 גרם שקית,גרמים,500.00,100 גרם,false,1,14.80,2.96,true,1,
7290000484747,false,עראק עלית 700 מל 40% כהל,יקב הגליל יוסף גולד ובניו,IL,"ערק עלית 40% 700 מ""ל",מיליליטרים,700.00,"100 מ""ל",false,1,59.90,8.56,true,1,
7290000497044,false,"לחם אקטיב 750 גרם ""ברמן""",מאפית י את א ברמן בע,IL,לחם ברמן אקטיב 750 ג,גרמים,750.00,100 גרם,false,1,17.90,2.39,true,1,
7290000497112,false,"לחם כהה פרוס וארוז ""ברמן""-מוצר בפיקוח",מאפית י את א ברמן בע,IL,אחיד פרוס ברמן,גרמים,750.00,100 גרם,false,1,7.11,0.95,true,1,
7290000497204,false,פיתה אסלי ברמן חמישי,מאפית י את א ברמן בע,IL,פיתות אסלי ברמן 5 יח,גרמים,500.00,100 גרם,false,1,7.50,1.50,true,1,
7290000497358,false,חלה מתוקה ארוזה חלומית 500 גר',מאפית י את א ברמן בע,IL,חלומית ארוזה ברמן 50,גרמים,500.00,100 גרם,false,1,15.90,3.18,true,1,
7290000504278,false,ממתיק סוכרזית אריזת פטנט 700 טבליות,אף.סי תבליני בגליל ב,IL,סוכרזית פטנט 700 טבל,גרמים,574.00,100 גרם,false,1,22.90,3.99,true,1,
7290000525969,false,מיץ תפוזים סחוט רכיבים טבעיים פרימור 1 ליטר,"גניר (1992) בע""מ",IL,מיץ תפוזים סחוט 1 ל,מיליליטרים,1000.00,"100 מ""ל",false,1,17.90,1.79,true,1,
7290000554471,false,נקניק מוצרלה 22 אחוז 180גרם גד מהדרין,"מחלבות גד בע""\מ",IL,מוצרלה 180 גרם,גרמים,180.00,100 גרם,false,1,18.90,10.50,true,1,
7290000554532,false,גבינה צפתית מעודנת במלח ים 5% 200 ג' גד,הנסיך- מפעל לייצור ט,IL,צפתית מעודנת 5% במלח,גרמים,200.00,100 גרם,false,1,15.90,7.95,true,1,
7290000554600,false,מוצרלה מגורדת 22 אחוז 300גרם גד מהדרין,מחלבות גד בעמ,IL,מוצרלה מגורדת 300 גר,גרמים,300.00,100 גרם,false,1,25.50,8.50,true,1,
7290000554624,false,ירח מתוק מעדן חלב עם אורז 3% גד 150 גרם,"מיוצר ע""\י קוד יצרן EDNK",IL,מעדן ירח מתוק 150 גר,גרמים,150.00,100 גרם,false,1,6.10,4.07,true,1,
7290000554686,false,גבינת לאבנה בתוספת שמן זית וזעתר 5% גד 250 גרם,מחלבות גד בעמ,IL,לבנה בשמן זית וזעתר,גרמים,250.00,100 גרם,false,1,16.90,6.76,true,1,
7290000554822,false,ריקוטה גבינה לבנה בסגנון איטלקי 5% גד 250 גרם,מחלבות גד בעמ,IL,ריקוטה 250 גרם,גרמים,250.00,100 גרם,false,1,15.90,6.36,true,1,
7290000554839,false,מסקרפונה שמנת מתוקה קשה בסגנון איטלקי 40% גד 250 גרם,מחלבות גד בעמ,IL,גבינת מסקרפונה 250 ג,גרמים,250.00,100 גרם,false,1,21.90,8.76,true,1,
7290000571294,false,גבינת גאודה מעושנת ב,מחלבה בית יצחק,IL,גאודה מעושנת,Unknown,0.00,"ק""ג",true,0,119.00,119.00,true,1,
7290000571386,false,המחלבה יוגורמה יוגורט מחלב כבשים 5% 850 גרם,גבינות משק אחים מאיר בית,IL,יוגורמה יוגורט כבשים,גרמים,850.00,100 גרם,false,1,28.90,3.40,true,1,
7290000571928,false,"יוגורמה כבשים עם גרעינים, אגוזים וחמוציות ממותקות",המחלבה מבית יצחק,IL,יוגורמה יוגורט כבשים,גרמים,140.00,100 גרם,false,1,6.50,4.64,true,1,
7290000652542,false,פילה אמנון קפוא 5-7 קג,דגי תנובה,IL,פילה אמנון קפוא,Unknown,0.00,"ק""ג",true,0,39.90,39.90,true,1,
7290000654546,false,פילה אמנון 7-9 100% דג תנובה,תנובה,IL,פילה אמנון קפוא 7-9,Unknown,0.00,"ק""ג",true,0,39.90,39.90,true,1,
7290000662817,false,סלמון מעושן 100 גרם נורבגי מדג טרי,דגיים קפואים,IL,סלמון מעושן 100 גרם,גרמים,100.00,100 גרם,false,0,25.90,25.90,true,1,
7290000672038,false,חלה רגילה 500 גרם,,,חלה רגילה 500 גרם,גרמים,500.00,100 גרם,false,1,5.17,1.03,true,1,
7290000688077,false,"מי עדן 0.500 מ""ל פקק רגיל",מופק ממקור בזלתי עדן,IL,"מי עדן 500 מ""ל",מיליליטרים,500.00,"100 מ""ל",false,1,1.90,0.38,true,1,
7290000789538,false,קרנץ שמרים,,,קרנץ שמרים,Unknown,0.00,Unknown,false,1,43.90,43.90,true,1,
7290000982113,false,עגבניית טעם,חקלאי,IL,עגבניית טעם,Unknown,0.00,"ק""ג",true,0,19.90,19.90,true,1,
7290000993560,false,עגבניות שרי ליקופן לבבות,רון שרי,IL,שרי מנומר,Unknown,0.00,Unknown,false,1,14.90,14.90,true,1,
7290000995410,false,נבטים סיניים נבטי העמק,נסטלה פורינה USA קר,IL,נבטים סינים,Unknown,0.00,Unknown,false,1,11.90,11.90,true,1,
7290001045169,false,מיץ תפוחי עץ צלול פרימור 1 ליטר,"גניר (1992) בע""מ",IL,מיץ תפוחים צלול 1 ל,מיליליטרים,1000.00,"100 מ""ל",false,1,17.90,1.79,true,1,
7290001045633,false,פרימור מיץ לימון ונענע סחוט טרי 400מל,פרימור,IL,לימונענע 400 מ פרימו,מיליליטרים,400.00,"100 מ""ל",false,1,11.90,2.98,true,1,
7290001045688,false,"מיץ תפוזים סחוט פרימור 400 מ""ל",פרימור,IL,"תפוזים סחוט 400 מ""ל",מיליליטרים,400.00,"100 מ""ל",false,1,11.90,2.98,true,1,
7290001111500,false,לחם מחמצת בטעמים 700 גרם,,,לחם מחמצת בטעמים 700,גרמים,700.00,100 גרם,false,1,18.50,2.64,true,1,
7290001216040,false,טחינה גולמית שומשום טהור אל ארז 500 גרם,אגס ירוק מסחר ושירותים,IL,טחינה 500 גרם טחינת,גרמים,500.00,100 גרם,false,1,18.90,3.78,true,1,
7290001216231,false,טחינה גולמית שומשום מלא אל ארז 500 גרם,אגס ירוק מסחר ושירותים,IL,טחינה מלאה 500 גרם ט,גרמים,500.00,100 גרם,false,1,19.90,3.98,true,1,
7290001230331,false,סיגריות כאמל בוקס חפ,Unknown,CH,כאמל בוקס חפיסה,Unknown,0.00,Unknown,false,1,30.90,30.90,true,1,
7290001230739,false,כאמל כחול חפיסה חפיסה,Unknown,CH,כאמל כחול חפיסה,Unknown,0.00,Unknown,false,1,30.90,30.90,true,1,
7290001231233,false,סיגריות וינסטון בוקס,Unknown,CH,ווינסטון בוקס חפיסה,Unknown,0.00,Unknown,false,1,33.00,33.00,true,1,
7290001231932,false,ווינסטון כחול בוקס חפיסה,Unknown,CH,ווינסטון כחול בוקס ח,Unknown,0.00,Unknown,false,1,33.00,33.00,true,1,
7290001235938,false,וינסטון כחול ארוך חפיסה,Unknown,CH,ווינסטון כחול ארוך,Unknown,0.00,Unknown,false,1,33.00,33.00,true,1,
7290001247068,false,קרטונית נקטר ספרינג תות בננה 1 ליטר,יפאורה שותפות מובגלת לשיווק,IL,קרטונית נקטר ספרינג,מיליליטרים,1000.00,"100 מ""ל",false,1,7.40,0.74,true,1,
7290001247099,false,קרטונית נקטר ספרינג מנגו 1 ליטר,יפאורה שותפות מובגלת לשיווק,IL,קרטונית נקטר ספרינג,מיליליטרים,1000.00,"100 מ""ל",false,1,7.40,0.74,true,1,
7290001247112,false,קרטונית נקטר ספרינג לימונענע 1 ליטר,יפאורה שותפות מובגלת לשיווק,IL,קרטונית נקטר ספרינג,מיליליטרים,1000.00,"100 מ""ל",false,1,7.40,0.74,true,1,
7290001247143,false,קרטונית נקטר ספרינג תפוחים 1 ליטר,יפאורה שותפות מובגלת לשיווק,IL,קרטונית נקטר ספרינג,מיליליטרים,1000.00,"100 מ""ל",false,1,7.40,0.74,true,1,
7290001265642,false,"מזון חתולים מעדני פטה 1.2 ק""ג מארז 3 יחידות",קריות זול,FR,שלישיית מעדני לה-קט,גרמים,1200.00,100 גרם,false,1,19.90,1.66,true,1,
7290001305188,false,"נוזל לניקוי כלים בריח לימון פלמוליב 750 מ""ל",יבואן ומשווק: ש. שסט,GR,פלמוליב לכלים אקטיב,מיליליטרים,750.00,"100 מ""ל",false,1,13.90,1.85,true,1,
7290001356173,false,סלמון פרוס 200 גרם,ישראגל,,סלמון פרוס 200 גרם,גרמים,200.00,100 גרם,false,1,47.00,23.50,true,1,
7290001407936,false,בארכה-טחינה גולמית מעודנת בקבוק לחיץ 310 ג',"רושדי תעשיות מזון בע""\מ",IL,בארכה טחינה מעודנת 3,גרמים,310.00,100 גרם,false,1,14.50,4.68,true,1,
7290001581094,false,כנפיים עוף ללא נוצות טרי,,,כנפיים עוף ללא נוצות,Unknown,0.00,"ק""ג",true,0,18.90,18.90,true,1,
7290001594568,false,"קרלסברג פחית 500 מ""ל פקדון",מבשלות בירה בינלאומיות ב,RO,"קרלסברג פחית 500 מ""ל",מיליליטרים,500.00,"100 מ""ל",false,1,9.90,1.98,true,1,
7290001594575,false,"בירה טובורג רד פחית 500 מ""ל",מבשלות בירה בינלאומיות ב,IL,"בירה טובורג 500 מ""ל",מיליליטרים,500.00,"100 מ""ל",false,1,9.90,1.98,true,1,
7290001594858,false,"שישייה בירה טובורג רד בקבוק 330 מ""ל",מבשלות בירה בינלאומיות ב,IL,טובורג רד שישייה בקב,מיליליטרים,1980.00,"100 מ""ל",false,1,39.90,2.02,true,1,
7290001975992,false,"בירה ויינשטפן 330 מ""ל בקבוק",קרלסברג יבוא יצוא,DE,"בירה ויינשטפן 330 מ""",מיליליטרים,330.00,"100 מ""ל",false,1,14.90,4.52,true,1,
7290001990094,false,"סוכר חום כהה צנצנת קלאסי סוגת 1ק""ג",האי נאם סי או אל.טי.,IL,סוכר חום קלאסי בצנצנ,גרמים,1000.00,100 גרם,false,1,15.90,1.59,true,1,
7290001990148,false,"סוכר גולדן קלאסי בצנצנת סוגת 1 ק""ג",האי נאם סי או אל.טי.,IL,סוכר גולדן קלאסי צנצ,גרמים,1000.00,100 גרם,false,1,12.90,1.29,true,1,
7290002026341,false,צ'יפס אריסטו רגיל שקיות רשת,מוצרי איכות אמריקאיים,CA,ציפס בטטה פלאנק 500,גרמים,500.00,100 גרם,false,1,21.90,4.38,true,1,
7290002026402,false,בראנץ אנד קראנץ בלינצס גבינה 350 גרם,מוצרי איכות אמריקאיים בע,IL,בלינצס גבינה בראנץ &,גרמים,350.00,100 גרם,false,1,17.30,4.94,true,1,
7290002037569,false,לחמניות באניס 6יח75X'גרם,מאפית ברמן,IL,שישיית לחמניות באניס,גרמים,450.00,100 גרם,false,1,14.90,3.31,true,1,
7290002037637,false,חליות מתוקות מארז 4יח',מאפית י את א ברמן בע,IL,מארז 4 חליות מתוקות,גרמים,360.00,100 גרם,false,1,14.50,4.03,true,1,
7290002053118,false,אטריות ביצים עבות מספר 14 אוריינט 200 גרם,האי נאם סי או אל.טי.,PL,אטריות ביצים 14 200,גרמים,200.00,100 גרם,false,1,8.70,4.35,true,1,
7290002073505,false,מנצגו כבשים דותן במשקל,,,מנצגו כבשים דותן,גרמים,0.00,"ק""ג",true,0,205.00,205.00,true,1,
7290002073635,false,גאודה פסטו הולנדי במשקל,,,גאודה פסטו הולנדי במ,Unknown,0.00,"ק""ג",true,0,139.00,139.00,true,1,
7290002073680,false,גבינה קברה ביין ספרדי עיזים במשקל,,,גבינה קברה ביין ספרד,Unknown,0.00,"ק""ג",true,0,231.00,231.00,true,1,
7290002075233,false,שוקולד אייסקונפקט 250 גרם,איישטי,DE,אייסקונפקט 250 גרם,גרמים,250.00,100 גרם,false,1,18.60,7.44,true,1,
7290002075271,false,סוכריות ריקולה בשקית בטעם צמחים,(EITAN (CHOCOTRADE,CH,סוכריות צמחים ריקולה,גרמים,70.00,100 גרם,false,1,11.90,17.00,true,1,
7290002107071,false,גבינת פטה עיזים מעודנת 16% משק צוריאל 200 גרם,מחלבת משק צוריאל,IL,פטה עיזים מעודנת 16%,גרמים,200.00,100 גרם,false,1,27.50,13.75,true,1,
7290002130567,false,דבש דבורים טהור פרחי בר יד מרדכי 350 גרם,מכוורת יד מרדכי שטראוס ב,IL,דבש טהור יד מרדכי 35,גרמים,350.00,100 גרם,false,1,21.90,6.26,true,1,
7290002132011,false,עוגיות מזרחיות מלוחות עבאדי 400 גרם,מאפיית יוסף ושמחה עבאדי,IL,עבאדי עוגיות מזרחיות,גרמים,400.00,100 גרם,false,1,21.90,5.48,true,1,
7290002204220,false,אוכמניות,,,אוכמניות,Unknown,0.00,Unknown,false,1,19.90,19.90,true,1,
7290002253006,false,שום כתוש דורות בצנצנת 200 גרם,עיצובים 2020 (3.8),IL,שום כתוש בצנצנת 200,גרמים,200.00,100 גרם,false,1,19.90,9.95,true,1,
7290002253105,false,קוביות שום כתוש טרי דורות 80 גרם,עיצובים 2020 (3.8),IL,מגשית שום טרי דורות,גרמים,80.00,100 גרם,false,1,16.90,21.13,true,1,
7290002331025,false,"מים מינרלים נביעות ספורט 500 מ""ל פקדון",נביעות טבע הגליל בעמ,IL,"נביעות 500 מ""ל",מיליליטרים,500.00,"100 מ""ל",false,1,5.90,1.18,true,1,
7290002331360,false,"נביעות מים מינרליים טו גו מארז 500X6מ""ל",נביעות טבע,IL,שישיית מים נביעות,מיליליטרים,3000.00,"100 מ""ל",false,1,16.90,0.56,true,1,
7290002371526,false,דקניקים סלסולי פסטרמה שום וצילי פיקנטי טירת צבי 120 גרם,הנסיך- מפעל לייצור ט,IL,סלסולי פסטרמה שום,גרמים,120.00,100 גרם,false,1,17.90,14.92,true,1,
7290002371533,false,דקניקים סלסולי פסטרמה דבש טירת צבי 120 גרם,הנסיך- מפעל לייצור ט,IL,סלסולי פסטרמה ודבש 1,גרמים,120.00,100 גרם,false,1,17.90,14.92,true,1,
7290002374268,false,שמן חמניות מילומור 1 ליטר,שמן תעשיות,IL,שמן חמניות 1 ליטר,מיליליטרים,1000.00,"100 מ""ל",false,1,13.50,1.35,true,1,
7290002374312,false,"שמן קנולה מילומור 1 ל' עד""ח","נארז ע""י : א.ג. גילר",IL,שמן קנולה 1 ליטר,מיליליטרים,1000.00,"100 מ""ל",false,1,12.90,1.29,true,1,
7290002374640,false,שמן בריאות קנולה פלוס אומגה 3 עץ הזית 1 ליטר,שמן תעשיות,EE,שמן קנולה פלוס אומגה,מיליליטרים,1000.00,"100 מ""ל",false,1,16.90,1.69,true,1,
7290002421122,false,כדורי לאבנה עיזים 200 גרם,מחלבת גדות,,כדורי לאבנה עיזים,גרמים,200.00,100 גרם,false,1,46.90,23.45,true,1,
7290002421399,false,גבינת גאודה צילי 200 גרם,מחלבת גדות,,גבינת גאודה צילי 200,גרמים,200.00,100 גרם,false,1,26.10,13.05,true,1,
7290002421443,false,גבינת צדר 180 גרם חל,מחלבת גדות,,גבינת צדר 180 גרם,גרמים,180.00,100 גרם,false,1,32.40,18.00,true,1,
7290002477556,false,כבד עוף טרי,,,כבד עוף טרי,Unknown,0.00,"ק""ג",true,0,22.90,22.90,true,1,
7290002617013,false,מונטניולו גרמני במשקל,,,מונטניולו גרמני במשק,Unknown,0.00,"ק""ג",true,0,177.00,177.00,true,1,
7290002617723,false,"שרימפס מקולף 1 ק""ג גדול קפוא 26/30",,,שרימפס מקולף גדול,קילוגרמים,0.00,"ק""ג",false,1,111.50,111.50,true,1,
7290002627210,false,גפילטע פיש קציצות מדגי קרפיון וכסיף בצנצנת 560 גרם,האי נאם סי או אל.טי.,IL,גפילטע פיש 570 גר,גרמים,570.00,100 גרם,false,1,15.90,2.79,true,1,
7290002661443,false,פירורי לחם מוזהבים עדינים 200 גר.,,IL,פירור זהוב עדין 200,גרמים,250.00,100 גרם,false,1,3.50,1.40,true,1,
7290002661856,false,מיני קרוטונים מתובלים למרק ולסלט 350 גרם,צ'\וייסר פודס ל.טי.די.,GB,מיני קרוטונים מתובלי,גרמים,350.00,100 גרם,false,1,18.50,5.29,true,1,
7290002697114,false,10 פיתות עבודת יד,,,10 פיתות עבודת יד,גרמים,500.00,100 גרם,false,1,17.90,3.58,true,1,
7290002697176,false,פיתה תימנית 5 יחידות עבודת יד,,,פיתה תימנית 5 יחידות,גרמים,500.00,100 גרם,false,1,8.90,1.78,true,1,
7290002730262,false,"נוזל לניקוי כלים קלאסי פלמוליב 750 מ""ל",יבואן ומשווק: ש. שסט,GR,פלמוליב לכלים אקטיב,מיליליטרים,750.00,"100 מ""ל",false,1,13.90,1.85,true,1,
7290002752332,false,"סוכריות מנטוס פירות בגליל, 37.5 גרם",הדקלאים אגודת שיתופי,NL,מנטוס פירות,גרמים,37.00,100 גרם,false,1,3.60,9.73,true,1,
7290002752349,false,סוכריות מנטוס מנטה 40יח' בגליל 38ג',פרפטי ואן מלה,NL,מנטוס מנטה גליל 37 ג,גרמים,37.00,100 גרם,false,1,3.60,9.73,true,1,
7290002793311,false,שירות והחלפה מילוי גז 60 סודהסטרים,סודה סטרים,IL,שירות והחלפה מילוי ג,Unknown,0.00,Unknown,false,1,59.90,59.90,true,1,
7290002824183,false,"גבינה לבנה סקי 500 גרם 5% ""שטראוס"" -מוצר בפיקוח",מיוצר עי קונדיטוריית,IL,סקי משפחתי 5% 500 גר,גרמים,500.00,100 גרם,false,1,9.96,1.99,true,1,
7290002824466,false,יוגורט דנונה ביו לבן 0% שומן 200 גרם,"שטראוס בריאות בע""\מ",IL,יוגורט דנונה ביו 0%,מיליליטרים,200.00,"100 מ""ל",false,1,3.70,1.85,true,1,
7290002824640,false,"גבינת סקי 250 גרם 5% ""שטראוס"" -מוצר בפיקוח",מיוצר עי קונדיטוריית,IL,גבינת סקי 5% 250 גרם,גרמים,250.00,100 גרם,false,1,4.98,1.99,true,1,
7290002825722,false,סלט כרוב אדום אחלה 500 גרם,מיוצר עי קונדיטוריית,IL,כרוב אדום 500 גר,גרמים,500.00,100 גרם,false,1,17.70,3.54,true,1,
7290002842415,false,פילה אנשובי אמיתי 50 גרם,יו.אס.איי וליו קו,,פילה אנשובי אמיתי 50,גרמים,50.00,100 גרם,false,1,7.90,15.80,true,1,
7290002868996,false,"קוטג' 5% שומן, רכיבים טבעיים, 250 גרם",קריות זול,IL,קוטג 5% מועשר 250 גר,גרמים,250.00,100 גרם,false,1,6.50,2.60,true,1,
7290002881216,false,רסק תפוחי עץ לא ממותק תומר 700 גרם,KONSERVENFABRIEK BALTUSSEN,NL,רסק תפוחי עץ דיאט 7,גרמים,708.00,100 גרם,false,1,12.80,1.81,true,1,
7290002881919,false,פיטריות שמפניון שלמות קטנות תומר 400 גרם,גיבונג אינדסקיאלס,,שימורי פטריות 8 שלם,גרמים,400.00,100 גרם,false,1,9.00,2.25,true,1,
7290002881957,false,סרדינים מרוקאי חריף בשמן חמניות 125ג' תומר,Union des pecheries,,סרדין מרוקאי חריף 12,גרמים,125.00,100 גרם,false,1,6.90,5.52,true,1,
7290002881988,false,סרדינים בשמן חמניות ולימון תומר 125 גרם,תומר,IL,סרדין מרוקאי בשמן ול,גרמים,125.00,100 גרם,false,1,6.90,5.52,true,1,
7290002900436,false,פסטרמה איטלקי מילנו משקל,טירת- צבי,IL,פסטרמה איטלקית,גרמים,0.00,"ק""ג",true,0,93.00,93.00,true,1,
7290002900566,false,פסטרמה ברביקיו דל שומן טירת צבי 400 גרם,הנסיך- מפעל לייצור ט,IL,"פסטרמה ברביקיו ד""ש 3",גרמים,360.00,100 גרם,false,1,30.90,8.58,true,1,
7290002971009,false,"קמח חיטה לבן בהיר שטיבל 1 ק""ג",שטיבל טחנות קמח,IL,"קמח לבן שטיבל 1 ק""ג",גרמים,1000.00,100 גרם,false,1,4.80,0.48,true,1,
7290002971016,false,"שטיבל סולת חיטה 1 ק""ג","שטיבל בע""מ",IL,"סולת שטיבל 1 ק""ג",גרמים,1000.00,100 גרם,false,1,5.10,0.51,true,1,
7290003024001,false,גבינה ברי צרפתי במשקל,,FR,גבינה ברי צרפתי,Unknown,0.00,"ק""ג",true,0,189.00,189.00,true,1,
7290003024513,false,גבינת פקורינו טוסקנו שקיל,,,גבינת פקורינו טוסקנו,Unknown,0.00,"ק""ג",true,0,273.00,273.00,true,1,
7290003029181,false,משקה יטבתה שוקו' בקבוק 1ל מהדרין,שטראוס גרופ,IL,שוקו בקבוק יטבתה,מיליליטרים,1000.00,"100 מ""ל",false,1,12.50,1.25,true,1,
7290003029389,false,"משקה חלב בננה פקק ספורט 250 מ""ל יוטבתה",שטראוס גרופ,IL,"בננה פקק 250 מ""ל",מיליליטרים,250.00,"100 מ""ל",false,1,5.70,2.28,true,1,
7290003029433,false,"משקה יטבתה שוקו פקק 250 מ""ל מהדרין",שטראוס גרופ,IL,שוקו פקק יטבתה 250 מ,מיליליטרים,250.00,"100 מ""ל",false,1,5.70,2.28,true,1,
7290003029532,false,מוקה בבקבוק יטבתה 1 ליטר מהדרין,שטראוס גרופ,IL,מוקה בקבוק 1 ליטר,מיליליטרים,1000.00,"100 מ""ל",false,1,12.50,1.25,true,1,
7290003054220,false,מסטמכר לחם שיפון פומפרניקל 500ג,מסטמאכר ג'.אמ.בי.הי,DE,לחם שיפון פומפרניקל,גרמים,500.00,100 גרם,false,1,15.90,3.18,true,1,
7290003072606,false,נקניקיות עוף מיני טירת צבי 350 גרם,הנסיך- מפעל לייצור ט,IL,מיני נקניקיות עוף טי,גרמים,350.00,100 גרם,false,1,14.90,4.26,true,1,
7290003072804,false,פסטרמה של פעם טירת צבי 200 גרם,טיב טירת צבי 2000,IL,פסטרמה של פעם 200 גר,גרמים,200.00,100 גרם,false,1,24.90,12.45,true,1,
7290003072965,false,קבנוס חריף מעושן טירת צבי 120 גרם,טיב טירת צבי 2000,IL,קבנוס חריף מעושן טיר,גרמים,120.00,100 גרם,false,1,12.90,10.75,true,1,
7290003072972,false,קבנוס בתיבול מעושן טירת צבי 120 גרם,טיב טירת צבי 2000,IL,קבנוס בתיבול מעושן ט,גרמים,120.00,100 גרם,false,1,12.90,10.75,true,1,
7290003094127,false,קוויאר פחיות צארסקיה,א.ר.ד.י.ו,,ביצי דג אילתית 190 ג,גרמים,190.00,100 גרם,false,1,78.90,41.53,true,1,
7290003094400,false,קוויאר פחיות 140 גר,א.ר.ד.י.ו,,קוויאר פחיות 140 גר,Unknown,0.00,Unknown,false,1,45.90,45.90,true,1,
7290003143337,false,סילאן רכיבים טבעיים לחיץ קליית גת 350 גרם,ליימן מותגים,IL,סילאן טבעי קליית גת,גרמים,350.00,100 גרם,false,1,17.90,5.11,true,1,
7290003208586,false,"וורמוט מרטיני לבן 750 מ""ל",מרטיני ורוסי,IT,וורמוט מרטיני לבן 75,Unknown,0.00,Unknown,false,1,54.90,54.90,true,1,
7290003208609,false,"וורמוט מרטיני אדום מתוק 750 מ""ל",מרטיני ורוסי,IT,וורמוט מרטיני אדום מ,Unknown,0.00,Unknown,false,1,54.90,54.90,true,1,
7290003208715,false,"וורמוט מרטיני רוסטו 750 מ""ל",,,וורמוט מרטיני רוסטו,Unknown,0.00,Unknown,false,1,54.90,54.90,true,1,
7290003229109,false,פסטרמה הודו בפפריקה טירת צבי 400 גרם,הנסיך- מפעל לייצור ט,IL,פסטרמה בפפריקה 400 ג,גרמים,400.00,100 גרם,false,1,30.90,7.73,true,1,
7290003229116,false,פסטרמה הודו בדבש שומן טירת צבי 400 גרם,הנסיך- מפעל לייצור ט,IL,פסטרמה בדבש 400 גרם,גרמים,400.00,100 גרם,false,1,30.90,7.73,true,1,
7290003321155,false,יוגורט בר עם פקאן מצופה שוקולד 183 ג' דנונה,"שטראוס בריאות בע""\מ",IL,דנונה בר פקאן 183 גר,גרמים,183.00,100 גרם,false,1,4.80,2.62,true,1,
7290003400500,false,חטיף הרשי ריזס נאטרייגיס 47 גרם,ליימן מותגים,US,חטיף הרשי ריזס,גרמים,47.00,100 גרם,false,1,5.90,12.55,true,1,
7290003402809,false,חטיף הרשי ריזס שוקולד לבן 39 גר,ליימן מותגים,US,חטיף הרשי ריזס שוקול,גרמים,39.00,100 גרם,false,1,3.90,10.00,true,1,
7290003444009,false,הרשי ריזס חטיף במילוי בוטנים 42 גרם,ליימן מותגים,US,חטיף הרשי ריזס שוקול,גרמים,42.00,100 גרם,false,1,4.50,10.71,true,1,
7290003464883,false,אגוז טרי,,,אגוז עגל טרי,Unknown,0.00,"ק""ג",true,0,69.90,69.90,true,1,
7290003578177,false,תירס צעיר שלם וילי פוד 210 גרם,מגסטיק פוד אידסטרי ק,TH,תירס גמדי צעיר שלם 4,גרמים,410.00,100 גרם,false,1,6.90,1.68,true,1,
7290003643004,false,"סוגת אורז בסמטי קלאסי 1 ק""ג",האי נאם סי או אל.טי.,IL,"אורז בסמטי 1 ק""ג",גרמים,1000.00,100 גרם,false,1,14.90,1.49,true,1,
7290003643387,false,"סוכר לבן בצנצנת 1 ק""ג סוגת",האי נאם סי או אל.טי.,IL,"סוכר לבן בצנצנת 1 ק""",גרמים,1000.00,100 גרם,false,1,8.90,0.89,true,1,
7290003643646,false,"סוכר דמררה קלאסי בצנצנת סוגת 1 ק""ג",האי נאם סי או אל.טי.,IL,סוכר חום דמררה צנצנת,גרמים,1000.00,100 גרם,false,1,14.20,1.42,true,1,
7290003643684,false,אפונה יבשה סוגת 500 גר',האי נאם סי או אל.טי.,IL,אפונה 500 גרם,גרמים,500.00,100 גרם,false,1,7.90,1.58,true,1,
7290003643707,false,סוגת גריסים 500 גרם,"סוגת תעשיות בע""מ",IL,גריסים 500 גרם,גרמים,500.00,100 גרם,false,1,5.90,1.18,true,1,
7290003643714,false,חומוס גרגירים 500 גרם סוגת,האי נאם סי או אל.טי.,IL,חומוס 500 גרם,גרמים,500.00,100 גרם,false,1,8.90,1.78,true,1,
7290003643745,false,סוגת כוסמת 500 גרם,האי נאם סי או אל.טי.,IL,כוסמת 500 גרם,גרמים,500.00,100 גרם,false,1,7.90,1.58,true,1,
7290003643752,false,עדשים ירוקים יבש סוגת 500 גר',האי נאם סי או אל.טי.,IL,עדשים ירוקים 500 גרם,גרמים,500.00,100 גרם,false,1,8.50,1.70,true,1,
7290003643769,false,עדשים אדומים יבש סוגת 500 גר',"סוגת תעשיות בע""\מ",IL,עדשים אדומים 500 גרם,גרמים,500.00,100 גרם,false,1,8.90,1.78,true,1,
7290003643776,false,"פופקורן גרעינים סוגת 500 ג' כשל""פ",האי נאם סי או אל.טי.,IL,פופקורן 500 גרם,גרמים,500.00,100 גרם,false,1,6.50,1.30,true,1,
7290003643783,false,קוקוס טחון סוגת 100 גרם,האי נאם סי או אל.טי.,IL,קוקוס 100 גרם,גרמים,100.00,100 גרם,false,1,4.70,4.70,true,1,
7290003643806,false,שעועית לבנה יבשה סוגת 500 ג',האי נאם סי או אל.טי.,IL,שעועית לבנה 500 גרם,גרמים,500.00,100 גרם,false,1,12.90,2.58,true,1,
7290003643813,false,שעועית אדומה יבשה סוגת 500 גר',האי נאם סי או אל.טי.,IL,שעועית אדומה 500 גרם,גרמים,500.00,100 גרם,false,1,12.90,2.58,true,1,
7290003726592,false,טופו מתובל בפסטו במרקם קלאסי,"משק ויילר בע""\מ",IL,טופו וילר בטעם פסטו,גרמים,300.00,100 גרם,false,1,13.90,4.63,true,1,
7290003726615,false,"טופו ויילר 300 גרם ""שטראוס""",הדקלאים אגודת שיתופי,IL,טופו וילר 300 גר,גרמים,300.00,100 גרם,false,1,13.00,4.33,true,1,
7290003779086,false,סלרי ראש,,,סלרי ראש,Unknown,0.00,Unknown,false,1,5.90,5.90,true,1,
7290003779093,false,סלרי עלים,,,סלרי עלים,Unknown,0.00,Unknown,false,1,5.90,5.90,true,1,
7290003779116,false,שורש פטרוזיליה,,,שורש פטרוזיליה,Unknown,0.00,Unknown,false,1,5.90,5.90,true,1,
7290003805501,false,"פתית בסגנון שוודי תלמה בד""צ 300 גרם",יוניליוור ישראל מזון בע\,IL,פתית שוודי חסכוני בד,גרמים,300.00,100 גרם,false,1,19.90,6.63,true,1,
7290003807482,false,קנור רוטב טריאקי מופחת נתרן 370 גרם,יוניליוור ישראל מזון בע\,IL,רוטב קנור טריאקי 30,מיליליטרים,300.00,"100 מ""ל",false,1,13.90,4.63,true,1,
7290003864478,false,סרדינים בשמן צמחי פתח קל ויליפוד 110 גרם,גולדן פרייז קאנינג א,TH,סרדינים בשמן צמחי 11,גרמים,110.00,100 גרם,false,1,5.50,5.00,true,1,
7290003864485,false,סרדינים ברוטב עגבנ יות ויליפוד 110ג' פתח קל,גולדן פרייז קאנינג א,TH,סרדינים ברוטב עגבניו,גרמים,110.00,100 גרם,false,1,5.50,5.00,true,1,
7290003864492,false,סרדינים בשמן צמחי חריף פתח קל ויליפוד 110ג',גולדן פרייז קאנינג א,TH,סרדינים בשמן צמחי חר,גרמים,110.00,100 גרם,false,1,5.50,5.00,true,1,
7290004011338,false,"ספריי קצפת מתוקה מוכנה ריץ' 250 מ""ל",האי נאם סי או אל.טי.,IT,ריץ קצפת במיכל 250 ג,גרמים,250.00,100 גרם,false,1,14.90,5.96,true,1,
7290004011345,false,"ספריי קצפת מתוקה מוכנה פרווה ריץ' 238 מ""ל",האי נאם סי או אל.טי.,IT,ריץ קצפת במיכל 250 ג,גרמים,250.00,100 גרם,false,1,12.90,5.16,true,1,
7290004011796,false,קבבונים בקר קפוא אל גאוצ''ו 400ג',"טיבון ויל אחזקות בע""",IL,קבבונים אל גאוצו 400,גרמים,400.00,100 גרם,false,1,27.90,6.98,true,1,
7290004030544,false,משקה בטעם לימונדה לואיזה ולימון 1 ליטר פריניב,פריניב בעמ,IL,משקה קל לימונענע 1 ל,מיליליטרים,1000.00,"100 מ""ל",false,1,15.90,1.59,true,1,
7290004033705,false,הבורגריה – 6 לחמניות המבורגר בשקית,מאפית י את א ברמן בע,IL,"לחמניות ""הבורגריה"" 6",גרמים,600.00,100 גרם,false,1,14.50,2.42,true,1,
7290004033736,false,"עננים לחם לבן בסגנון בריוש עם פרוסות עבות, 500 גרם",מאפית י את א ברמן בע,IL,לחם עננים בסגנון ברי,גרמים,750.00,100 גרם,false,1,16.90,2.25,true,1,
7290004050788,false,נקניק בייקון 170 גרם,ישרקו שיווק מותגי מז,,בייקון 170 גר,גרמים,170.00,100 גרם,false,1,52.00,30.59,true,1,
7290004050856,false,סלמי מילאנו פרוס 170 גר,ישרקו שיווק מותגי מז,,סלמי מילאנו פרוס 170,גרמים,170.00,100 גרם,false,1,35.00,20.59,true,1,
7290004050887,false,נקניק פרושוטו 120 גר,ישרקו שיווק מותגי מז,,פרושוטו 120 גר,גרמים,120.00,100 גרם,false,1,41.90,34.92,true,1,
7290004050948,false,סלמי כפרית פרוס 170 גר,ישרקו שיווק מותגי מז,,סלמי כפרית פרוס 170,גרמים,170.00,100 גרם,false,1,36.00,21.18,true,1,
7290004050955,false,פטה כבד עוף 170 גר י,ישרקו שיווק מותגי מז,,פטה כבד עוף 170 גר,גרמים,170.00,100 גרם,false,1,17.90,10.53,true,1,
7290004050986,false,רו בייקון פרוס 170 ג,ישרקו שיווק מותגי מז,,רו בייקון 170 גר,גרמים,170.00,100 גרם,false,1,59.90,35.24,true,1,
7290004051068,false,שינקן מעושן פרוס 200 גר,,,שינקן מעושן פרוס 200,גרמים,200.00,100 גרם,false,1,33.50,16.75,true,1,
7290004051334,false,נקניק סלמי פפרוני עג,ישרקו שיווק מותגי מז,,פפרוני עגל 170 גר,גרמים,170.00,100 גרם,false,1,32.90,19.35,true,1,
7290004051419,false,ממרח כבד מיני 220 גר,ישרקו שיווק מותגי מז,,ממרח כבד מיני 220 גר,גרמים,220.00,100 גרם,false,1,19.90,9.05,true,1,
7290004052041,false,קבנוס קלאסי יחידה,ישרקו שיווק מותגי מז,,קבנוס קלאסי 210 גר,גרמים,210.00,100 גרם,false,1,31.50,15.00,true,1,
7290004052690,false,נקניקיות פרגית 600 גר,ישרקו שיווק מותגי מז,,נקניקיות פרגית 600 ג,גרמים,600.00,100 גרם,false,1,23.90,3.98,true,1,
7290004053192,false,נקניקיות עגל בוואקום,,,נקניקיות עגל 600 גר,גרמים,600.00,100 גרם,false,1,26.90,4.48,true,1,
7290004053291,false,קרפלך עגל בטעם ביתי 600 גר,,,קרפלך עגל בטעם ביתי,גרמים,600.00,100 גרם,false,1,23.00,3.83,true,1,
7290004054236,false,גיוזה עוף 320 גרם,,,גיוזה עוף 320 גר,גרמים,320.00,100 גרם,false,1,36.90,11.53,true,1,
7290004054885,false,נקניקיות איטלקיות עם גבינה 400 גר,ישרקו שיווק מותגי מז,,נקניקיות איטלקיות עם,גרמים,400.00,100 גרם,false,1,29.90,7.48,true,1,
7290004055271,false,פניני קבנוס רו 160 ג,,,פניני קבנוס 150 גר,גרמים,150.00,100 גרם,false,1,34.90,23.27,true,1,
7290004063016,false,מלח שולחן -מוצר בפיקוח,האי נאם סי או אל.טי.,IL,"מלח דק 1 ק""ג",גרמים,1000.00,100 גרם,false,1,2.07,0.21,true,1,
7290004063115,false,"מלח מטבח עבה להמלחת בשר ובישול 1 ק""ג 1ק""ג",האי נאם סי או אל.טי.,IL,"מלח מטבח גס 1 ק""ג",גרמים,1000.00,100 גרם,false,1,2.07,0.21,true,1,
7290004068011,false,יוגורט כבשים בדלי 5% שומן 600 ג' גד,"מיוצר ע""י קוד יצרן M",IL,יוגורט כבשים 600 גר,גרמים,600.00,100 גרם,false,1,19.90,3.32,true,1,
7290004068172,false,"יוגורט עיזים בדלי 5% 600 מ""ל רובין",קוד יצרן MKN,IL,יוגורט עיזים דלי 600,גרמים,600.00,100 גרם,false,1,19.90,3.32,true,1,
7290004119133,false,כד יוגורט תנובה 6.5% שומן 1.5 ליטר,מיוצר עי קונדיטוריית,IL,יוגורט 7% 1.5 ליטר,ליטרים,0.00,ליטר,false,1,20.50,20.50,true,1,
7290004119225,false,יופלה יוגורט אננס %3 גביע 150 גרם,תנובה מרכז שיתופי לש,IL,יופלה אננס 3% 150 גר,גרמים,150.00,100 גרם,false,1,5.40,3.60,true,1,
7290004121754,false,יוגורט ביו עוגת גבינה ותות 3% יופלה 150 גרם,תנובה חלב,IL,יופלה עוגת גבינה,גרמים,150.00,100 גרם,false,1,5.40,3.60,true,1,
7290004122119,false,פתיתי פרמזן לפסטה 23% השף הלבן 100 גרם,פ.פ.ח. שאביט,IL,פתיתי פרמזן לפסטה הש,גרמים,220.00,100 גרם,false,1,13.90,6.32,true,1,
7290004122195,false,גוש חלב גבינה צהובה פרוסה 28% תנובה 200 גרם,תנובה חלב,IL,גבינה צהובה גוש חלב,גרמים,200.00,100 גרם,false,1,15.50,7.75,true,1,
7290004122270,false,עמק קלאסית פרוסות גבינה חצי קשה 28% 200 גרם,תנובה מרכז שיתופי לש,IL,גבינה עמק פרוס בקופס,גרמים,200.00,100 גרם,false,1,16.90,8.45,true,1,
7290004122348,false,גבינת עמק לייט פרוס בקופסא 200 גרם,תנובה מרכז שיתופי לש,IL,גבינת עמק לייט פרוס,גרמים,200.00,100 גרם,false,1,16.80,8.40,true,1,
7290004122683,false,עמק חטיף אצבעות גבינה חצי קשה 28% שומן,תנובה מרכז שיתופי לש,IL,אצבעות עמק 172 גר,גרמים,172.00,100 גרם,false,1,16.90,9.83,true,1,
7290004125400,false,"אשל שלי מהדרין 200 מ""ל 4.5% ""תנובה""- מוצר בפיקוח",פארייפאבה אגרואינדוס,IL,"שלי אשל 200 מ""ל",מיליליטרים,200.00,"100 מ""ל",false,1,1.69,0.85,true,1,
7290004125417,false,"גיל 3% שלי 200 מ""ל ""תנובה"" -מוצר בפיקוח",תנובה מרכז שיתופי לש,IL,"שלי גיל 200 מ""ל",מיליליטרים,200.00,"100 מ""ל",false,1,1.50,0.75,true,1,
7290004125455,false,"שמנת חמוצה 200 מ""ל 15% ""תנובה"" -מוצר בפיקוח",תנובה מרכז שיתופי לש,IL,שמנת חמוצה 15% 200 מ,גרמים,200.00,100 גרם,false,1,2.40,1.20,true,1,
7290004125462,false,"שמנת חמוצה 15% תנובה 500 מ""ל מהדרין",תנובה מרכז שיתופי לש,IL,שמנת חמוצה 15% 500 מ,מיליליטרים,500.00,"100 מ""ל",false,1,6.00,1.20,true,1,
7290004125578,false,משקה סויה מעושר בסידן תנובה 1ל',תנובה מרכז שיתופי לש,IL,משקה סויה מועשר 1 לי,מיליליטרים,1000.00,"100 מ""ל",false,1,12.50,1.25,true,1,
7290004125585,false,משקה סויה בטעם וניל תנובה 1 ליטר,תנובה מרכז שיתופי לש,IL,משקה סויה על הבוקר 1,מיליליטרים,1000.00,"100 מ""ל",false,1,12.50,1.25,true,1,
7290004125721,false,"השף הלבן שמנת עמידה לבישול 15% תנובה 250 מ""ל",תנובה מרכז שיתופי לש,IL,שמנת לבישול 15% השף,גרמים,250.00,100 גרם,false,1,8.30,3.32,true,1,
7290004125738,false,שמנת מתוקה להקצפה32% 250מל עמיד השף הלבן,תנובה מרכז שיתופי לש,IL,שמנת מתוקה להקצפה 32,גרמים,250.00,100 גרם,false,1,6.90,2.76,true,1,
7290004126674,false,טל העמק פרוסות גבינה חצי קשה לייט %9 200 גרם בקופסא,תנובה מרכז שיתופי לש,IL,טל העמק לייט 200 גרם,גרמים,200.00,100 גרם,false,1,18.80,9.40,true,1,
7290004127077,false,קוטג תנובה 3% גביע 250 גרם מהדרין,מיוצר עי קונדיטוריית,IL,קוטג 3% 250 גרם,גרמים,250.00,100 גרם,false,1,5.70,2.28,true,1,
7290004127329,false,קוטג תנובה גביע 250 גרם %5 ו.מהדרין,מיוצר עי קונדיטוריית,IL,גבינת קוטג 5% 250 גר,גרמים,250.00,100 גרם,false,1,5.70,2.28,true,1,
7290004127336,false,קוטג תנובה גביע 250 גרם %9 ו.מהדרין,מיוצר עי קונדיטוריית,IL,גבינת קוטג 9% 250 גר,גרמים,250.00,100 גרם,false,1,5.70,2.28,true,1,
7290004128432,false,פתיתים מיוחדים לפיצה על בסיס גבינה 500 ג',תנובה חלב,IL,פתיתים מיוחדים לפיצה,גרמים,500.00,100 גרם,false,1,24.50,4.90,true,1,
7290004129101,false,גבינת שמנת 25% בטעם טבעי 225 ג' נפוליאון,תנובה מרכז שיתופי לש,IL,נפוליאון טבעי 225 גר,גרמים,225.00,100 גרם,false,1,15.00,6.67,true,1,
7290004129156,false,גבינת שמנת25% עם שום שמיר 225 ג' נפוליאון,תנובה מרכז שיתופי לש,IL,נפוליאון שום שמיר 22,גרמים,225.00,100 גרם,false,1,15.00,6.67,true,1,
7290004131074,false,"חלב 1 ליטר 3% קרטון ""תנובה""- מוצר בפיקוח",תנובה מרכז שיתופי לש,IL,חלב קרטון+פקק 3% תנו,מיליליטרים,1000.00,"100 מ""ל",false,1,6.23,0.62,true,1,
7290004131531,false,משקאות חלב תנובה שוקו בקבוק 1ל,תנובה מרכז שיתופי לש,IL,שוקו שוק 20% פחות סו,מיליליטרים,1000.00,"100 מ""ל",false,1,14.60,1.46,true,1,
7290004132552,false,משקה סויה בטעם טבעי לייט תנובה 1 ליטר,תנובה מרכז שיתופי לש,IL,דיאט סויה טבעי 1 ליט,מיליליטרים,1000.00,"100 מ""ל",false,1,12.50,1.25,true,1,
7290004132712,false,חטיף אצבעות גבינת מוצרלה 20% 172 ג' עמק,תנובה מרכז שיתופי לש,IL,אצבעות מוצרלה 172 גר,גרמים,172.00,100 גרם,false,1,16.90,9.83,true,1,
7290004136598,false,מארז הפסקת אוכל עם קורנפלקס ומשקה חלב עמיד בטעם וניל,פארייפאבה אגרואינדוס,IL,מארז הפסקת אוכל-חלב,גרמים,250.00,100 גרם,false,1,10.40,4.16,true,1,
7290004136857,false,מעדן גלי פטל תנובה 125 גרם,תנובה מרכז שיתופי לש,IL,גלי פטל 125גר,גרמים,125.00,100 גרם,false,1,2.60,2.08,true,1,
7290004136864,false,מעדן ג'לי בטעם אננס עם חתיכות תנובה 125 גרם,תנובה חלב,IL,גלי אננס עם חתיכות א,גרמים,125.00,100 גרם,false,1,3.00,2.40,true,1,
7290004136871,false,מעדן ג'לי בטעם אפרסק עם חתיכות תנובה 125 גרם,תנובה מרכז שיתופי לש,IL,גלי אפרסק עם חתיכות,גרמים,150.00,100 גרם,false,1,3.00,2.00,true,1,
7290004137021,false,"שמנת עמידה לבישול מופחת שומן 10% השף הלבן 250 מ""ל",תנובה מרכז שיתופי לש,IL,שמנת לבישול 10%-השף,גרמים,250.00,100 גרם,false,1,8.30,3.32,true,1,
7290004219819,false,קומפלטה מלבין קפה הולנדי 200ג,פריזלנד פודס קיוויט,NL,מלבין קפה הולנדי 200,גרמים,200.00,100 גרם,false,1,12.90,6.45,true,1,
7290004221409,false,וובר רוטב חזרת 453 גרם בקבוק לחיץ,וובר ספרינגפילד,,וובר רוטב חזרת 453 ג,גרמים,453.00,100 גרם,false,1,30.90,6.82,true,1,
7290004494063,false,יין דלתון פטיט סירה 750 מל,"יקב דלתון בע""מ",IL,יין דלתון פטיט סירה,Unknown,0.00,Unknown,false,1,68.90,68.90,true,1,
7290004494148,false,"דלתון גליל מרלו 750 מ""ל","יקב דלתון בע""\מ",IL,"מרלו דלתון 750 מ""ל",Unknown,0.00,Unknown,false,1,68.90,68.90,true,1,
7290004584351,false,גבינה לבנה סימפוניה עם תוספות 200 ג' חמישית 200,"שטראוס בריאות בע""\מ",IL,סימפוניה 5% 200 גרם,גרמים,200.00,100 גרם,false,1,12.90,6.45,true,1,
7290004584528,false,יוגורט דנונה ביו לבן 1.7% שומן 200 גרם,מיוצר עי קונדיטוריית,IL,יוגורט דנונה ביו טבע,גרמים,200.00,100 גרם,false,1,3.70,1.85,true,1,
7290004658960,false,יין אמרלד ריזלינג פרייבט קולקשן יקבי כרמל,אגודת הכורמים הקואופרטיב,IL,יין אמרלד ריזלינג P.,Unknown,0.00,Unknown,false,1,42.90,42.90,true,1,
7290004685089,false,לחם הארץ לחם חמניות 500 גר',מאפית י את א ברמן בע,IL,לחם חמניות 500 גרם,גרמים,500.00,100 גרם,false,1,18.50,3.70,true,1,
7290004685126,false,לחם פומפרניקל לחם הארץ 750 גרם,מאפית י את א ברמן בע,IL,לחם 5 דגנים 750 גרם,גרמים,750.00,100 גרם,false,1,18.50,2.47,true,1,
7290004685157,false,לחם שיפון 100% 750 גרם לחם הארץ,מאפית י את א ברמן בע,IL,לחם שיפון 100%,גרמים,750.00,100 גרם,false,1,17.90,2.39,true,1,
7290004685225,false,לחם שיפון פומפרניקל מקמח שיפון,מאפית י את א ברמן בע,IL,לחם שיפון פומפרניקל,גרמים,750.00,100 גרם,false,1,17.90,2.39,true,1,
7290004685430,false,לחם הארץ כוסמין 100% 500 גרם,מאפית י את א ברמן בע,IL,לחם כוסמין 100% 500,גרמים,500.00,100 גרם,false,1,17.90,3.58,true,1,
7290004685447,false,לחמניות כוסמין 6 בשקית 450 גרם,מאפית ברמן מקבוצת י. את,IL,שישיית לחמניות כוסמי,Unknown,0.00,Unknown,false,1,16.50,16.50,true,1,
7290004872021,false,קרחון רמזור כלפ 48*80גר,גלידות נסטלה )נגה גלידות,IL,קרחון קול רמזור,Unknown,0.00,Unknown,false,1,3.50,3.50,true,1,
7290004872731,false,טילון וניל אקסטרים נסטלה 72 גרם,גלידות נסטלה,IL,אקסטרים וניל,Unknown,0.00,Unknown,false,1,8.90,8.90,true,1,
7290005095573,false,מצית קליפר,,IL,מצת קליפר,Unknown,0.00,Unknown,false,1,7.20,7.20,true,1,
7290005095801,false,רוטב עמבה עם פרי 500,,IL,"עמבה 500 גרם ""תמר""",גרמים,500.00,100 גרם,false,1,14.50,2.90,true,1,
7290005174575,false,טחינה אחלה יום יום משובחת 125ג',מיוצר עי קונדיטוריית,IL,טחינה יום יום 125 גר,גרמים,125.00,100 גרם,false,1,5.80,4.64,true,1,
7290005200786,false,תפוצ'יפס בטעם שמנת בצל עלית 50 גרם,"שטראוס פריטו ליי בע""\מ )",IL,תפוציפס שמנת ובצל 50,גרמים,50.00,100 גרם,false,1,4.90,9.80,true,1,
7290005201882,false,קפה טורקי בצלופן עלית 200 גרם,הנסיך- מפעל לייצור ט,IL,קפה טורקי עלית 200 ג,גרמים,200.00,100 גרם,false,1,17.90,8.95,true,1,
7290005287206,false,רביעיית טונה בשמן סטארקיסט 160 גרם,"סטארקיסט פודור בע""מ",VN,טונה סטארקיסט בשמן ר,גרמים,640.00,100 גרם,false,1,25.90,4.05,true,1,
7290005358241,false,לשון בקר קפוא,,,לשון בקר קפואה,Unknown,0.00,"ק""ג",true,0,38.90,38.90,true,1,
7290005431883,false,מלבי חלבי עדן קינוחים 165 גרם,עדן קינוחים Eden,IL,מלבי חלבי 165 גר,גרמים,165.00,100 גרם,false,1,7.90,4.79,true,1,
7290005431913,false,עוגת גבינה פירורים עדן קינוחים 92 גרם,עדן קינוחים Eden,IL,עוגת גבינה פירורים,גרמים,92.00,100 גרם,false,1,7.90,8.59,true,1,
7290005555100,false,פיקדון רביעייה,,,פיקדון רביעייה,Unknown,0.00,Unknown,false,1,1.20,1.20,true,1,
7290005555101,false,עוגיות שוקולד לבן,Unknown,,פיקדון שישייה,Unknown,0.00,Unknown,false,1,1.80,1.80,true,1,
7290005555777,false,"פיקדון חוזר 1.2 ש""ח בק 500 מ""ל",,,"פיקדון חוזר 1.2 ש""ח",Unknown,0.00,Unknown,false,1,1.20,1.20,true,1,
7290005559907,false,פיצה משפחתית 100% גבינה מעדנות 500 גרם,מיוצר עי קונדיטוריית,IL,פיצה משפחתית גבינה,גרמים,500.00,100 גרם,false,1,24.90,4.98,true,1,
7290005559914,false,פיצה משפחתית עם 100% גבינה בתוספת זיתים מעדנות 550 גרם,מיוצר עי קונדיטוריית,IL,פיצה משפחתית זיתים מ,גרמים,550.00,100 גרם,false,1,25.90,4.71,true,1,
7290005571596,false,סינטה פילה עגלה קוד קניה,,,סינטה פילה עגלה קוד,Unknown,0.00,"ק""ג",true,0,99.90,99.90,true,1,
7290005571909,false,אנטריקוט עגל טרי ללא עצם,,,אנטריקוט עגל טרי,Unknown,0.00,"ק""ג",true,0,169.90,169.90,true,1,
7290005591761,false,דבש טהור מפרחי בר בלחיץ 400 ג' יד מרדכי,מכוורת יד מרדכי שטרא,IL,דבש טהור לחיץ פרחי ב,גרמים,400.00,100 גרם,false,1,24.90,6.23,true,1,
7290005610509,false,צנונית ארוז דוד משה 500ג',ביכורי השקמה,IL,צנונית,Unknown,0.00,Unknown,false,1,9.90,9.90,true,1,
7290005651069,false,"מזון חתולים לה קט מיקס 2.85 ק""ג","ביופט בע""מ",FR,לה-קט 2.85 קג מיקס,קילוגרמים,0.00,"ק""ג",false,1,61.90,61.90,true,1,
7290005697272,false,תום עיזים מונפורט מנות שקיל,גלילי,,תום עיזים מונפורט,Unknown,0.00,"ק""ג",true,0,224.00,224.00,true,1,
7290005697517,false,"יוגורט עיזים טבעי ביו 500 מ""ל ""גלילי""",מחלבת גלילי,IL,יוגורט עיזים טבעי בי,מיליליטרים,500.00,"100 מ""ל",false,1,18.90,3.78,true,1,
7290005697524,false,"יוגורט עיזים תמרים ביו 500 מ""ל ""גלילי""",מחלבת גלילי,IL,יוגורט עיזים תמרים ב,מיליליטרים,500.00,"100 מ""ל",false,1,18.90,3.78,true,1,
7290005697531,false,"יוגורט עיזים תות ביו 500 מ""ל ""גלילי""",מחלבת גלילי,IL,יוגורט עיזים תות ביו,מיליליטרים,500.00,"100 מ""ל",false,1,18.90,3.78,true,1,
7290005697548,false,"יוגורט עיזים פירות יער ביו 500 מ""ל ""גלילי""",גלילי,IL,יוגורט עיזים פירות י,מיליליטרים,500.00,"100 מ""ל",false,1,18.90,3.78,true,1,
7290005697708,false,יוגורט עיזים טבעי מחלבת גלילי 1 ליטר,,,יוגורט עיזים טבעי מח,מיליליטרים,1000.00,"100 מ""ל",false,1,23.00,2.30,true,1,
7290005811111,false,בייגלה מקמח כוסמין עם מלח 300 גרם,"אם החיטה בע""מ",IL,בייגלה מקמח כוסמין ע,גרמים,300.00,100 גרם,false,1,16.90,5.63,true,1,
7290005838002,false,מעדן גבינה ויוגורט בטעם וניל 88 ג' דניאלה,"שטראוס בריאות בע""מ",IL,דניאלה וניל 100 גרם,גרמים,88.00,100 גרם,false,1,4.30,4.89,true,1,
7290005839108,false,גבינה לבנה סימפוניה עם תוספות 200 ג'+זיתים 5%,"שטראוס בריאות בע""\מ",IL,סימפוניה 5% עם זיתים,גרמים,200.00,100 גרם,false,1,12.90,6.45,true,1,
7290005839313,false,"מילקי טופ מגולגלת שטראוס 170 מ""ל",מיוצר עי קונדיטוריית,IL,מילקי טופ מגולגלת 13,גרמים,130.00,100 גרם,false,1,5.30,4.08,true,1,
7290005896620,false,סאן בנדטו - מוגז עדין - 1.5 ליטר,אקווה מינרלה סאן בנד,IT,מים סאן בנדטו 1.5 ל,ליטרים,0.00,ליטר,false,1,3.60,3.60,true,1,
7290005896637,false,סאן בנדטו - מים מינרלים טבעיים מהאלפים 1.5 ליטר,אקווה מינרלה סאן בנדטו ב,IT,מים סאן בנדיטו 1.5 ל,ליטרים,0.00,ליטר,false,1,4.00,4.00,true,1,
7290005992575,false,גבינה בולגרית למריחה 5% גד 250 גרם,מחלבות גד בעמ,IL,בולגרית למריחה 250 ג,גרמים,250.00,100 גרם,false,1,20.50,8.20,true,1,
7290005992735,false,לאבנה טבעית 5% 250 גר' - רבנות,הנסיך- מפעל לייצור ט,IL,גבינה לבנה טבעית 250,גרמים,250.00,100 גרם,false,1,13.50,5.40,true,1,
7290006189028,false,מיני פריזר עגל 480 גרם,,IL,מיני פריזר עגל 480 ג,גרמים,480.00,100 גרם,false,1,22.90,4.77,true,1,
7290006189358,false,סטייק אנטריקוט מוצר בשר מעובד מופשר,,,אנטריקוט מעובד מופשר,Unknown,0.00,"ק""ג",true,0,109.90,109.90,true,1,
7290006190765,false,גבינת גרוייר רזרב שוויצרי במשקל,,CH,גבינת גרוייר רזרב,Unknown,0.00,"ק""ג",true,0,241.00,241.00,true,1,
7290006193704,false,פטה כבשים דותן במשקל,,,פטה כבש דותן במשקל,Unknown,0.00,"ק""ג",true,0,99.00,99.00,true,1,
7290006229427,false,סן בנדטו - מים מינרלים - מארז שישיית 500 מל,קריות זול,IT,שישיית מים מינרלים ס,ליטרים,0.02,ליטר,false,1,14.90,745.00,true,1,
7290006241535,false,"משקה מנגו קפוא פריגת 340 מ""ל",היינץ צפון אמריקה מק,IL,פריז מנגו 340 גרם,ליטרים,0.00,ליטר,false,1,16.90,16.90,true,1,
7290006251275,false,תה ירוק סיני קלאסי ויסוצקי 25 יחידות,תה ויסוצקי,IL,תה ירוק סיני 25 שקיק,Unknown,0.00,Unknown,false,1,26.90,26.90,true,1,
7290006265500,false,פטריות שמפיניון ארוז מרינה,"מרינה פטריות הגליל בע""מ",IL,פטריות שמפיניון ארוז,Unknown,0.00,Unknown,false,1,12.90,12.90,true,1,
7290006271181,false,ג'חנון אפוי למיקרוגל מעדנות 750 גרם,מיוצר עי קונדיטוריית,IL,גחנון אפוי 750 גר,גרמים,750.00,100 גרם,false,1,28.70,3.83,true,1,
7290006272072,false,חטיפי פיצה גבינה מעדנות 650 גרם,"מעדנות בע""\מ",IL,חטיפי פיצה גבינה,גרמים,650.00,100 גרם,false,1,36.90,5.68,true,1,
7290006272430,false,בצק עלים חמאה מעדנות 600 גרם,מיוצר עי קונדיטוריית,IL,בצק עלים חמאה מעדנות,גרמים,600.00,100 גרם,false,1,31.90,5.32,true,1,
7290006306296,false,רביולי במילוי גבינה לילדים 400 ג' פסטה נונה,דורום תעשיות מזון ופסטה,IL,רביולי גבינה לילדים,גרמים,400.00,100 גרם,false,1,27.90,6.98,true,1,
7290006306319,false,רביולי במילוי בטטה 400 ג' פסטה נונה,דורום תעשיות מזון ופסטה,IL,רביולי בטטה 400 גר,גרמים,400.00,100 גרם,false,1,27.90,6.98,true,1,
7290006306357,false,רביולי במילוי גבינת עיזים 400 ג' פסטה נונה,דורום תעשיות מזון ופסטה,IL,רביולי גבינת עיזים 4,גרמים,400.00,100 גרם,false,1,24.90,6.23,true,1,
7290006355065,false,קשקבליו איטלקי במשקל,,,קשקבליו איטלקי במשקל,Unknown,0.00,"ק""ג",true,0,204.00,204.00,true,1,
7290006374738,false,קונפיטורית תות 340 גר' יד מרדכי,אף.סי תבליני בגליל ב,IL,קונפיטורת יד מרדכי ת,גרמים,340.00,100 גרם,false,1,15.90,4.68,true,1,
7290006449559,false,עלי חסה שטופים,Unknown,,עלי חסה שטופים,Unknown,0.00,Unknown,false,1,12.90,12.90,true,1,
7290006464630,false,כף טרי,,,כף טרי,Unknown,0.00,"ק""ג",true,0,69.90,69.90,true,1,
7290006492432,false,גבינת מוצרלה בייבי 18% גד 150 גרם,מחלבות גד בעמ,IL,מוצרלה בייבי 150 גרם,גרמים,170.00,100 גרם,false,1,15.30,9.00,true,1,
7290006492616,false,גבינה בולגרית מעודנת פרוסות 5% גד 250 גרם,DSH עבור מחלבות גד ב,IL,בולגרית בפרוסות 5% 2,גרמים,250.00,100 גרם,false,1,28.30,11.32,true,1,
7290006492630,false,גבינת פרומעז עיזים 22% גד 180 גרם,מחלבות גד בעמ,IL,גליל גבינת עיזים 180,גרמים,180.00,100 גרם,false,1,26.90,14.94,true,1,
7290006492685,false,גבינת לאבנה עיזים 5% גד 250 גרם,מחלבות גד בעמ,IL,לבנה עיזים 3% 250 גר,גרמים,250.00,100 גרם,false,1,19.90,7.96,true,1,
7290006492852,false,גבינת עיזים למריחה 5% שומן 250 ג' גד,קריות זול,IL,גבינה לבנה עיזים 250,גרמים,250.00,100 גרם,false,1,18.20,7.28,true,1,
7290006494917,false,טוסו וופל קלאסי במילוי שוקולד 200 גרם,"איטיליאן פוד, אס.פי.",IL,טוסו וופל קלאסי במיל,גרמים,180.00,100 גרם,false,1,11.90,6.61,true,1,
7290006559029,false,כדורי מוצרלה בופלו במשקל,חוות הבואפלו,,כדורי מוצרלה בופלו,Unknown,0.00,"ק""ג",true,0,170.00,170.00,true,1,
7290006681553,false,קרמבו בטעם וניל שטראוס 8 יחידות,"גלידת שטראוס בע""\מ",IL,שטראוס קרמבו וניל 8,Unknown,0.00,Unknown,false,1,17.90,17.90,true,1,
7290006704764,false,ברוקומיני,,,ברוקומיני,Unknown,0.00,Unknown,false,1,11.90,11.90,true,1,
7290006704832,false,אוכמניות טריות יחידה,,,אוכמניות טריות יחידה,Unknown,0.00,Unknown,false,1,19.90,19.90,true,1,
7290006705334,false,מקלות סורימי 200 גרם,,,מקלות סורימי 200 גרם,גרמים,200.00,100 גרם,false,1,5.10,2.55,true,1,
7290006719058,false,חלה מרובעת ודש,,,חלה רגילה,גרמים,500.00,100 גרם,false,1,5.17,1.03,true,1,
7290006764072,false,"בירה גולדסטאר בקבוק 500 מ""ל חוזר","טמפו משקאות בע""\מ",IL,"בירה גולדסטאר 500 מ""",מיליליטרים,500.00,"100 מ""ל",false,1,7.90,1.58,true,1,
7290006765000,false,טורטיה מקמח מלא שקדיה 540 גרם,אלקטי קוראבייכיסיגיד,TR,טורטיה מקמח מלא 540,גרמים,540.00,100 גרם,false,1,11.40,2.11,true,1,
7290006822192,false,נקטר דיאט חמוציות אושן ספריי פריגת 1 ליטר,מבשלות בירה בינלאומיות ב,IL,נקטר פריגת דיאט חמוצ,מיליליטרים,1000.00,"100 מ""ל",false,1,13.90,1.39,true,1,
7290006833822,false,נקניקיות עוף 600 גר מזרע,,,נקניקיות עוף 600 גר,גרמים,600.00,100 גרם,false,1,23.90,3.98,true,1,
7290006834539,false,גבינת קומבוזולה גרמנית במשקל,,,גבינת קומבוזולה,Unknown,0.00,"ק""ג",true,0,199.00,199.00,true,1,
7290006835321,false,קבנוס עגל מארז 250 ג,,,קבנוס עגל 250 גר,גרמים,250.00,100 גרם,false,1,23.90,9.56,true,1,
7290006866363,false,מיץ סחוט אשכוליות אדומות פרימור 1 ליטר,"גניר (1992) בע""מ",IL,אשכוליות אדומות טבעי,מיליליטרים,1000.00,"100 מ""ל",false,1,19.90,1.99,true,1,
7290006899255,false,סרמוני תה - 20 ארל גריי - קופסת פירמידה,תה סרמוני בעמ,,תה סרמוני א.גריי 20,Unknown,0.00,Unknown,false,1,19.90,19.90,true,1,
7290006899354,false,סרמוני תה - 20 פרחי קמומיל - קופסת פירמידה,תה סרמוני בעמ,IL,תה סרמוני קמומיל 20,Unknown,0.00,Unknown,false,1,19.90,19.90,true,1,
7290006983770,false,עוגת הבית שיש אסם 400 גרם,מיוצר עי קונדיטוריית,IL,עוגת שיש 400 גרם,גרמים,400.00,100 גרם,false,1,13.40,3.35,true,1,
7290006983794,false,עוגת הבית בטעם תפוז אסם 400 גרם,מיוצר עי קונדיטוריית,IL,עוגת תפוז 400 גרם,גרמים,400.00,100 גרם,false,1,13.40,3.35,true,1,
7290008329255,false,מזלגות לבנות 100 י,,TR,מזלגות לבנות 100 י,Unknown,0.00,Unknown,false,1,11.40,11.40,true,1,
7290008329286,false,כפיות אר 100 דנטס,,TR,כפיות לבנות 100,Unknown,0.00,Unknown,false,1,8.90,8.90,true,1,
7290008409216,false,מאמא עוף קפוא שניצל דק פריך 700 גרם,תנובה גליל,IL,שניצל דק דק פריך 700,גרמים,700.00,100 גרם,false,1,42.90,6.13,true,1,
7290008409223,false,שניצל דק דק מתובל מאמא עוף 700 גרם,תנובה גליל שותפות מוגבלת,IL,שניצל דק מתובל 700 ג,גרמים,700.00,100 גרם,false,1,42.90,6.13,true,1,
7290008409407,false,שניצל דק צ'יפס מאמא עוף 700 גרם,תנובה גליל שותפות מוגבלת,IL,שניצל דק בציפוי ציפס,גרמים,700.00,100 גרם,false,1,42.90,6.13,true,1,
7290008425186,false,זיתים אורגניים סורי400גר,,IL,זיתים סורי 400 גרם,גרמים,400.00,100 גרם,false,1,22.90,5.73,true,1,
7290008425193,false,זיתים נבאלי 400 גרם,,IL,זיתים נבאלי 400 גרם,גרמים,400.00,100 גרם,false,1,23.90,5.98,true,1,
7290008437127,false,רגל עגל חלב קפוא מזרע,,,רגל עגל קפוא מזרע,Unknown,0.00,"ק""ג",true,0,36.90,36.90,true,1,
7290008437646,false,שקית גופיה טיב טעם,,,שקית גופיה,Unknown,0.00,Unknown,false,1,0.10,0.10,true,1,
7290008462204,false,חרדל דיז'ון מקורי נטו מאי 380 גרם,יוניליבר צרפת,FR,חרדל דיזון מקורי 380,גרמים,380.00,100 גרם,false,1,18.90,4.97,true,1,
7290008462259,false,חרדל דיז'ון גרגירים מיילי 380 גרם,יוניליוור צרפת,FR,חרדל דיזיון גרגירים,גרמים,345.00,100 גרם,false,1,19.90,5.77,true,1,
7290008464024,false,"בירה גולדסטאר Unfiltered, בירה לא מסוננת, פחית 500 מ""ל","טמפו משקאות בע""מ",IL,בירה גולדסטאר לא מסו,מיליליטרים,500.00,"100 מ""ל",false,1,10.90,2.18,true,1,
7290008464130,false,"בירה גולדסטאר Unfiltered, בירה לא מסוננת, מארז שישייה, בקבוק 330 מ""ל",טמפו,IL,שישיית בירה גולדסטאר,מיליליטרים,1980.00,"100 מ""ל",false,1,37.90,1.91,true,1,
7290008464208,false,"בירה מכבי 7.9%, בירה חזקה, בקבוק 330 מ''ל",פארייפאבה אגרואינדוס,IL,בירה מכבי 7.9% 330 מ,מיליליטרים,330.00,"100 מ""ל",false,1,8.90,2.70,true,1,
7290008464222,false,"בירה מכבי 7.9%, בירה חזקה, פחית 500 מ""ל","טמפו משקאות בע""\מ",IL,בירה מכבי 7.9% פחית,מיליליטרים,500.00,"100 מ""ל",false,1,8.90,1.78,true,1,
7290008464345,false,"בירה גולדסטאר, בקבוק 330 מ''ל",פארייפאבה אגרואינדוס,IL,בירה גולדסטאר בקבוק,מיליליטרים,330.00,"100 מ""ל",false,1,7.90,2.39,true,1,
7290008464468,false,"בירה גולדסטאר, פחית 500 מ""ל",פארייפאבה אגרואינדוס,IL,"גולדסטאר פחית 500 מ""",מיליליטרים,500.00,"100 מ""ל",false,1,9.90,1.98,true,1,
7290008464475,false,"בירה מכבי, פחית 500 מ""ל","טמפו משקאות בע""\מ",IL,בירה מכבי פחית 500 מ,מיליליטרים,500.00,"100 מ""ל",false,1,9.90,1.98,true,1,
7290008464505,false,סאן בנדטו בקבוק פלסטיק 500מל,אקווה מינרלה סאן בנדטו ב,IT,"מים סאן בנדטו 500 מ""",מיליליטרים,500.00,"100 מ""ל",false,1,2.90,0.58,true,1,
7290008464604,false,"בירה הייניקן פחית 500 מ""ל",טמפו משקאות בע''מ,NL,"היינקן פחית 500 מ""ל",מיליליטרים,500.00,"100 מ""ל",false,1,10.90,2.18,true,1,
7290008464673,false,"בירה גולדסטאר SLOWBREW פחית 10%, 500 מ""ל","טמפו משקאות בע""\מ",IL,בירה גולדסטאר SLOW B,מיליליטרים,500.00,"100 מ""ל",false,1,10.90,2.18,true,1,
7290008464697,false,"בירה מכבי 7.9%, בירה חזקה, מארז שישייה, בקבוק 330 מ""ל",טמפו,IL,שישיית בירה מכבי 7.9,מיליליטרים,1980.00,"100 מ""ל",false,1,38.90,1.96,true,1,
7290008464734,false,"שישיית בירה גולדסטאר לאגר SLOW BREW בקבוק 330 מ""ל",טמפו משקאות בע''מ,IL,שישיית גולדסטאר 330,מיליליטרים,1980.00,"100 מ""ל",false,1,41.90,2.12,true,1,
7290008464741,false,"בירה גולדסטאר, מארז שישייה, בקבוק 330 מ''ל","טמפו משקאות בע""\מ",IL,שישיית בקבוקי גולדסט,מיליליטרים,1980.00,"100 מ""ל",false,1,32.90,1.66,true,1,
7290008464796,false,"בירה היינקן, מארז שישייה, בקבוק 330 מ''ל",טמפו משקאות בע''מ,IL,שישיית הייניקן בקבוק,מיליליטרים,1980.00,"100 מ""ל",false,1,38.90,1.96,true,1,
7290008644235,false,עלי בייבי שטראוס 120 גרם,שטראוס בריאות ירקות טריי,IL,עלי בייבי אחלה טבע,גרמים,120.00,100 גרם,false,1,12.90,10.75,true,1,
7290008644945,false,לקט לסלט המושבה שטראוס 450 גרם,שטראוס בריאות ירקות טריי,IL,סלט המושבה אחלה טבע,גרמים,450.00,100 גרם,false,1,12.90,2.87,true,1,
7290008645935,false,חומוס לניגוב 750 ג' אחלה,"שטראוס גרופ בע""\מ",IL,חומוס אחלה 750 גרם,גרמים,750.00,100 גרם,false,1,11.90,1.59,true,1,
7290008690713,false,נקטר חמוציות אושן ספריי פריגת 1 ליטר,מבשלות בירה בינלאומיות ב,IL,נקטר אושן ספריי 1 ל,מיליליטרים,1000.00,"100 מ""ל",false,1,13.90,1.39,true,1,
7290008745239,false,תפוצ'יפס קראנצ' בטעם טבעי עלית 50 גרם,"שטראוס פריטו ליי בע""\מ )",IL,תפוציפס אקסטרא טבעי,גרמים,50.00,100 גרם,false,1,4.90,9.80,true,1,
7290008747547,false,תפוצ'יפס קראנץ' בטעם טבעי עלית 200 גרם,"שטראוס פריטו ליי בע""\מ )",IL,תפוציפס קראנץ טבעי 2,גרמים,200.00,100 גרם,false,1,10.90,5.45,true,1,
7290008750264,false,"מסטיק מאסט ציקלס דובדבן 28 גרם לל""ס מגדים","שטראוס גרופ בע""מ",IL,מסטיק מאסט LL פליפ.ד,Unknown,0.00,Unknown,false,1,4.90,4.90,true,1,
7290008752244,false,תפוצ'יפס קראנץ' בטעם גריל עלית 50 גרם,"שטראוס פריטו ליי בע""\מ )",IL,תפוציפס קראנצי גריל,גרמים,50.00,100 גרם,false,1,4.90,9.80,true,1,
7290008753111,false,תפוצ'יפס קראנץ' בטעם מקסיקני עלית 50 גרם,"שטראוס פריטו ליי בע""\מ )",IL,תפוציפס קראנצי מקסיק,גרמים,50.00,100 גרם,false,1,4.90,9.80,true,1,
7290008753364,false,דוריטוס גריל עלית 55 ג',שטראוס פריטו ליי בע,IL,דוריטוס גריל 55 גר,גרמים,55.00,100 גרם,false,1,4.30,7.82,true,1,
7290008757980,false,קרטונית ספרינג נקטר רימונים 1 ליטר,יפאורה שותפות מובגלת לשיווק,IL,קרטונית ספרינג רימונ,מיליליטרים,1000.00,"100 מ""ל",false,1,7.40,0.74,true,1,
7290008776028,false,המבורגר קלאסי קפוא,,,המבורגר קלאסי קפוא,גרמים,300.00,100 גרם,false,0,31.50,10.50,true,1,
7290008802895,false,יין קברנה סוביניון פרייבט קולקשן יקבי כרמל,אגודת הכורמים הקאופורטיב,IL,קברנה סובניון אדום י,Unknown,0.00,Unknown,false,1,42.90,42.90,true,1,
7290008804745,false,"יין כרמל הסדרה האזורית גוורצטרמינר, 750 מ""ל",אגודת הכורמים הקואופרטיב,IL,יין גורצטמינר גליל,Unknown,0.00,Unknown,false,1,64.90,64.90,true,1,
7290008849845,false,ממרח אוליביה אריסה פיקנטי 180 ג',"אוליביה גרומה בע""מ",IL,אריסה פיקנטית אוליבי,גרמים,185.00,100 גרם,false,1,16.40,8.86,true,1,
7290010002023,false,כורכום הודי טחון תבליני מימון 100 גרם,א.ל ייצור ושיווק תבלינים,IL,כורכום הודי טחון 100,גרמים,100.00,100 גרם,false,1,12.90,12.90,true,1,
7290010002030,false,תבלין כמון טחון תבליני מימון 100 גרם,א.ל ייצור ושיווק תבלינים,IL,כמון 100 גרם,גרמים,100.00,100 גרם,false,1,12.90,12.90,true,1,
7290010002061,false,פלפל לבן טחון תבליני מימון 100 גרם,א.ל ייצור ושיווק תבל,IL,פלפל לבן טחון 120 גר,גרמים,100.00,100 גרם,false,1,19.90,19.90,true,1,
7290010002108,false,תבלין פלפל שחור גרוס גס תבליני מימון 90,א.ל ייצור ושיווק תבלינים,IL,פלפל שחור גרוס גס 90,גרמים,90.00,100 גרם,false,1,16.90,18.78,true,1,
7290010002122,false,פפריקה הונגרית מתוקה תבליני מימון 100 גרם,א.ל ייצור ושיווק תבלינים,IL,פפריקה הונגרית מתוקה,גרמים,100.00,100 גרם,false,1,12.90,12.90,true,1,
7290010002146,false,פפריקה מרוקאית מתוקה תבליני מימון 100 גרם,א.ל ייצור ושיווק תבלינים,IL,פפריקה מרוקאית מתוקה,גרמים,100.00,100 גרם,false,1,12.90,12.90,true,1,
7290010002153,false,פפריקה מרוקאית חריפה תבליני מימון 100 גרם,א.ל ייצור ושיווק תבלינים,IL,פפריקה מרוקאית חריפה,גרמים,100.00,100 גרם,false,1,12.90,12.90,true,1,
7290010002207,false,תבלין קינמון טחון תבליני מימון 100 גרם,א.ל ייצור ושיווק תבלינים,IL,קינמון טחון 100 גרם,גרמים,100.00,100 גרם,false,1,10.50,10.50,true,1,
7290010003839,false,קינמון טחון בשקית תבליני מימון 80 גרם,א.ל ייצור ושיווק תבל,IL,שקיות תבלינים שונים,Unknown,0.00,Unknown,false,1,6.90,6.90,true,1,
7290010116980,false,אבקת שוקולית שקית עלית 850 ג',הנסיך- מפעל לייצור ט,IL,שוקולית 850 גרם,גרמים,850.00,100 גרם,false,1,20.50,2.41,true,1,
7290010117864,false,דוריטוס חטיף תירס בטעם חריף אש עלית 70 גרם,"שטראוס פריטו ליי בע""\מ )",IL,דוריטוס חריף אש 70,גרמים,70.00,100 גרם,false,1,4.90,7.00,true,1,
7290010117970,false,סבבה בוטנים קלויים מצופים - אריזה אישית,"שטראוס פריטו ליי בע""",IL,סבבה בוטנים אמריקאים,Unknown,0.00,Unknown,false,1,3.30,3.30,true,1,
7290010163069,false,צנובר 100 גרם ששון הקולה,"דין שיווק וקלייה בע""",IL,צנובר 100 גרם ששון ו,גרמים,100.00,100 גרם,false,1,29.90,29.90,true,1,
7290010429554,false,"שמן זית כתית מעולה יד מרדכי 2 קלאסי, 750 מ""ל",מכוורת יד מרדכי שטראוס ב,IL,שמן זית כתית מעולה 2,מיליליטרים,750.00,"100 מ""ל",false,1,37.90,5.05,true,1,
7290010471669,false,יוגורט תות עם קורנפלקס מצופה שוקולד ללא גלוטן 3.9%,"שטראוס בריאות בע""\מ",IL,דנונה בר תות קורנפלק,גרמים,175.00,100 גרם,false,1,4.80,2.74,true,1,
7290010513703,false,מזרח ומערב צ'ופסטיקס צפצפה,גולין פנגזו,IL,צופסטיקס 20 יח חד פע,Unknown,0.00,Unknown,false,1,7.90,7.90,true,1,
7290010513727,false,פנקו פרורי לחם 200 גרם (קינגדאו),קינגדאו גוניון פודס,CN,פירורי לחם קינגדאו פ,גרמים,200.00,100 גרם,false,1,9.30,4.65,true,1,
7290010546152,false,גרנולה קלויה בתוספת אגוזים ותמרים 400 ג',יוליניבר,IL,מנדל גרנולה תמרים 4,גרמים,400.00,100 גרם,false,1,20.90,5.23,true,1,
7290010582037,false,פלפלון סוויט בייט יחידה,חקלאי,IL,חטיף פלפלון,Unknown,0.00,Unknown,false,1,9.90,9.90,true,1,
7290010650019,false,אנדיב בלגי אמיתי חוות תקוע,מרינה פטריות הגליל,IL,אנדי בלגי,Unknown,0.00,Unknown,false,1,13.90,13.90,true,1,
7290010777006,false,מארז לחמניות כוסמין 360 גרם,,IL,מארז לחמניות כוסמים,גרמים,360.00,100 גרם,false,1,16.90,4.69,true,1,
7290010777051,false,מארז לחמניות המבורגר 5 יח,שי שאשא,IL,מארז לחמניות המבורגר,Unknown,0.00,Unknown,false,1,15.90,15.90,true,1,
7290010777068,false,מארז לחמניות מתוקות/קלועות 5 יח,,,מארז לחמניות מתוקות/,Unknown,0.00,Unknown,false,1,15.90,15.90,true,1,
7290010777136,false,לחמנייה שמיניה 5 יח,,,לחמניה קלועה 5 יח,Unknown,0.00,Unknown,false,1,15.50,15.50,true,1,
7290010777150,false,שמניית פיתה בריבוע מחיטה מלאה פיתה אקספרס,מגוון שיווק והפצת מא,IL,פיתה בריבוע חיטה מלא,Unknown,0.00,Unknown,false,1,17.90,17.90,true,1,
7290010777297,false,פיתות עבודת יד10 יח'/ פיתה ביס לבן 12 יח',מגוון שיווק והפצת מא,IL,פיתה ביס לבן,גרמים,500.00,100 גרם,false,1,17.90,3.58,true,1,
7290010777358,false,מארז שמיניית פיתות 100% כוסמין מלא,מגוון שיווק והפצת מא,IL,מארז שמיניית פיתות 1,גרמים,400.00,100 גרם,false,1,17.90,4.48,true,1,
7290010777488,false,פיתה מחמצת 100% קמח מלא פיתה אקספרס,מאפיית ביכורים מזון,IL,מארז פיתות 100% מחמצ,גרמים,500.00,100 גרם,false,1,18.90,3.78,true,1,
7290010777525,false,מארז שישייה פיתות כוסמין פיתה אקספרס,מאפיית ביכורים מזון,IL,מארז פיתות כוסמין 6,Unknown,0.00,Unknown,false,1,19.90,19.90,true,1,
7290010945146,false,קוטג' 3% מועשר בסידן טרה 250 ג' מהדרין,קריות זול,IL,קוטג 3% מועשר 250 גר,גרמים,250.00,100 גרם,false,1,6.50,2.60,true,1,
7290010970759,false,"סירופ מלבי 250 מ""ל","ג.מ טעם הארץ בע""\ם",IL,"סירופ מלבי 250 מ""ל",מיליליטרים,250.00,"100 מ""ל",false,1,11.90,4.76,true,1,
7290011017866,false,קוקה קולה קלאסי בפחית,החברה המרכזית לייצור משקאות,IL,"פחית סליק ק""ק 330 מ""",מיליליטרים,330.00,"100 מ""ל",false,1,5.90,1.79,true,1,
7290011017873,false,"פחיות קוקה קולה זירו 330 מ""ל",החברה המרכזית לייצור משקאות,IL,פחית סליק זירו 330 מ,מיליליטרים,330.00,"100 מ""ל",false,1,5.90,1.79,true,1,
7290011017880,false,דיאט קוקה קולה פחית סליק 330מל,החברה המרכזית לייצור משקאות,IL,"פחית סליק ד. ק""ק 330",מיליליטרים,330.00,"100 מ""ל",false,1,5.90,1.79,true,1,
7290011018368,false,ויינשטפן בירת חיטה לא מסוננת,"ויינשטפן, ת.ד 1155 פ",DE,שישיית בירה ויינשטפן,מיליליטרים,1980.00,"100 מ""ל",false,1,72.90,3.68,true,1,
7290011018443,false,"פנטה אורנג פחית סליק 330 מ""ל",החברה המרכזית לייצור משקאות,IL,סליק פאנטה אורנג 330,מיליליטרים,330.00,"100 מ""ל",false,1,5.90,1.79,true,1,
7290011132507,false,סן בנדטו- מים מנרליים - מוגז עדין 500 מל,אקווה מינרלה סאן בנדטו ב,IT,סאן בנדטו מוגז 50 מל,מיליליטרים,500.00,"100 מ""ל",false,1,4.90,0.98,true,1,
7290011142148,false,שישיית לחמניות אצבע מאפיית דואט,מאפיית דואט,,מארז שישית לחמניות,גרמים,450.00,100 גרם,false,1,13.90,3.09,true,1,
7290011142193,false,לחמניות קלועות מתוקות עם צימוקים 400 גרם,מאפיית דואט,,4 לחמניות מתוקות,Unknown,0.00,Unknown,false,1,13.90,13.90,true,1,
7290011142315,false,פרנה מאורך רביעיה 550 גר,מאפיית דואט,IL,פרנה מאורך רביעיה 55,Unknown,0.00,Unknown,false,1,15.90,15.90,true,1,
7290011142445,false,לחם כוסמין מאפית דו,אלון חברה ליצור שיוו,IL,לחם כוסמין 600 גר,גרמים,600.00,100 גרם,false,1,17.90,2.98,true,1,
7290011148935,false,מלפפון בייבי יחידה,חקלאי,IL,מלפפון בייבי,Unknown,0.00,Unknown,false,1,14.90,14.90,true,1,
7290011166366,false,רול און אבן קריסטל לגבר,,,רול און אבן קריסטל ל,Unknown,0.00,Unknown,false,1,29.90,29.90,true,1,
7290011194246,false,קוטג' 5% עם סידן 250 ג' שטראוס,מיוצר עי קונדיטוריית,IL,קוטג 5% 250 גר,גרמים,250.00,100 גרם,false,1,5.90,2.36,true,1,
7290011235024,false,רוזמרין,חקלאי,IL,רוזמרין,Unknown,0.00,Unknown,false,1,5.90,5.90,true,1,
7290011235031,false,בזיליקום,,,רוקולה,Unknown,0.00,Unknown,false,1,5.90,5.90,true,1,
7290011235055,false,עלי בזיליקום רבנות,יבולי הבשור,IL,בזיליקום,Unknown,0.00,Unknown,false,1,5.90,5.90,true,1,
7290011235062,false,עירית ארוזה רבנות,חקלאי,IL,עירית,Unknown,0.00,Unknown,false,1,5.90,5.90,true,1,
7290011235079,false,קורנית (טימין),חקלאי,IL,קורנית,Unknown,0.00,Unknown,false,1,5.90,5.90,true,1,
7290011438142,false,"משקה יטבתה אייס קפה בבקבוק אישי 350 מ""ל",שטראוס גרופ,IL,משקה חלב בטעם קפה,מיליליטרים,350.00,"100 מ""ל",false,1,7.30,2.09,true,1,
7290011499051,false,פטה כבשים מסורתית 20% בגביע 250 גרם - רובין,MKN עבור מחלבות גד ב,IL,פטה כבשים מסורתית 2,גרמים,250.00,100 גרם,false,1,28.90,11.56,true,1,
7290011499129,false,גבינה בולגרית מעודנת קוביות קטנות 5% גד 200 גרם,קוד יצרן DSH,IL,קוביות בולגרית מעודנ,גרמים,200.00,100 גרם,false,1,24.90,12.45,true,1,
7290011499303,false,פטה עיזים מעודנת 5% בגביע 250 גרם - רבנות,ג'נרל מילס סאן אדריא,IL,גבינה בולגרית מעודנת,גרמים,250.00,100 גרם,false,1,33.50,13.40,true,1,
7290011499327,false,גבינה בולגרית מעודנת 5% 250 גרם - רבנות,מיוצר על ידי DSH עבו,IL,גבינה בולגרית מעודנת,גרמים,250.00,100 גרם,false,1,24.90,9.96,true,1,
7290011499341,false,גבינת קשקבל ארוז 26 אחוז 250גרם גד,הנסיך- מפעל לייצור ט,IL,קשקאבל ארוז 200 גר,גרמים,200.00,100 גרם,false,1,29.90,14.95,true,1,
7290011499358,false,פטה עיזים מסורתית 20% בגביע 200 גרם - רובין,מיוצר על ידי קוד יצר,IL,גבינת פטה עיזים 200,גרמים,200.00,100 גרם,false,1,31.90,15.95,true,1,
7290011499365,false,גד חלומי 24% 200 גרם רובין,"מחלבות גד בע""\מ",IL,גבינת חלומי 200 גר,גרמים,200.00,100 גרם,false,1,24.90,12.45,true,1,
7290011499419,false,גבינה במרקם שמנת בטעם טבעי 5% ניו יורק,גבינות מדף,IL,גבינה במרקם שמנת 5%,גרמים,200.00,100 גרם,false,1,12.90,6.45,true,1,
7290011499853,false,שמנת 30% ניו יורק זיתים מחלבות גד,מחלבות גד (שיווק 199,IL,גבינת שמנת זיתים 30%,גרמים,200.00,100 גרם,false,1,13.40,6.70,true,1,
7290011501617,false,חמוציות ברכז תפוחים ללא תוספת סוכר 250 גרם,"דין שיווק וקלייה בע""",IL,חמוציות תפוחים ללא ס,גרמים,250.00,100 גרם,false,1,19.90,7.96,true,1,
7290011502850,false,דלישס מיזלי עם פירות 500גר,"דין שיווק וקלייה בע""",IL,מיזלי פירות 500 גר,גרמים,500.00,100 גרם,false,1,16.50,3.30,true,1,
7290011530945,false,קרפצ'יו עגל פרימיום 210 גרם בלדי,בלדי,IL,קרפציו עגל 210 גרם,גרמים,210.00,100 גרם,false,1,39.90,19.00,true,1,
7290011587451,false,מוזלי קראנצי בתוספת פירות ואגוזים ויטליה 600 גרם,ויטליה,IL,גרנולה פירות 600 גר,גרמים,600.00,100 גרם,false,1,17.30,2.88,true,1,
7290011587468,false,מוזלי קראנצי בתוספת אגוזים ויטליה 600 גרם,Vitalia nikola ltd,MK,מוזלי קראנצ 600 גר,מיליליטרים,600.00,"100 מ""ל",false,1,17.30,2.88,true,1,
7290011587758,false,אטריות נודלס דק 200 גר' -תומר,אופאל,CN,נודלס דק 200 גר,גרמים,200.00,100 גרם,false,1,4.90,2.45,true,1,
7290011728007,false,נאצוס תירס טבעי טרז פזוס 180 גרם,,IL,נאצוס תירס טבעי טרז,גרמים,180.00,100 גרם,false,1,20.80,11.56,true,1,
7290011728298,false,חלפיניו ירוק פרוס עם בצל 195 גר,"דוידוב סלמון בע""מ",IL,חלפיניו ירוק פרוס עם,גרמים,195.00,100 גרם,false,1,26.10,13.38,true,1,
7290011800840,false,רפי כהן סלט טחינה בלאדי צבר 400 גרם,רפי כהן / צבר,IL,טחינה בלאדי רפי כהן,גרמים,400.00,100 גרם,false,1,18.90,4.73,true,1,
7290011860271,false,ביסבול כדורי פירה מתפוחי אדמה תפוגן 700 גרם,"תעשיות תפוגן בע""\מ",IL,תפוגן ביסבול טבעי 70,גרמים,700.00,100 גרם,false,1,18.90,2.70,true,1,
7290011947316,false,זיתא זיתי קלמטה בשמן זית כתית מעולה 215ג,זיתא - י.ט.ב תעשיות,IL,זיתי קלמטה 215 גרם,גרמים,215.00,100 גרם,false,1,14.90,6.93,true,1,
7290011947743,false,זיתים זיתא מיקס זית ירוק וזית קלמטה 215 גרם,זיתא - י.ט.ב תעשיות,IL,מיקס זיתים זיתא 215,גרמים,215.00,100 גרם,false,1,14.90,6.93,true,1,
7290012019012,false,אספרגוס לבן שלם תומר 330 גרם,,,אספרגוס לבן 350 גר,גרמים,350.00,100 גרם,false,1,10.80,3.09,true,1,
7290012019401,false,מיץ דובדבן 100% 1 ליטר תוצרת גרוזיה,Aromaproduct ltd,,מיץ דובדבן 100% 1 לי,מיליליטרים,1000.00,"100 מ""ל",false,1,22.90,2.29,true,1,
7290012040481,false,טבק לגלגול סוגריות מלברו גולד 30 גר בודד,,,טבק לגלגול סוגריות מ,יחידה,1.00,יחידה,false,1,74.90,74.90,true,1,
7290012251047,false,קבנוס כפרי 250 גרם מזרע,,,קבנוס כפרי 250 גרם,גרמים,250.00,100 גרם,false,1,18.90,7.56,true,1,
7290012251092,false,פילה סלמון מנות ללא עור 800 גרם קפוא,,NO,פילה סלמון ללא עור,גרמים,800.00,100 גרם,false,1,89.90,11.24,true,1,
7290012251276,false,תיק בד טיב טעם,,,תיק רב פעמי ממוחזר,Unknown,0.00,Unknown,false,1,5.90,5.90,true,1,
7290012251313,false,גיוזה בטטה 320 גר קפוא מזרע,,,גיוזה בטטה 320 גר,גרמים,320.00,100 גרם,false,1,36.90,11.53,true,1,
7290012251474,false,שרימפס 26/30 מקולף 500 ג' קפוא,,,שרימפס מקולף 500 גר,גרמים,500.00,100 גרם,false,1,51.50,10.30,true,1,
7290012251481,false,שרימפס מקולף 500 גר קפוא L,,,שרימפס מקולף 500 גר,גרמים,500.00,100 גרם,false,1,52.50,10.50,true,1,
7290012251528,false,נקניקיות בוואריה עם גבינה 700 גר מזרע,,,נקניקיות בוואריה,גרמים,700.00,100 גרם,false,1,67.90,9.70,true,1,
7290012251535,false,שרימפס מבושל 750 גר קפוא,,,שרימפס מבושל קפוא,גרמים,750.00,100 גרם,false,1,61.90,8.25,true,1,
7290012251542,false,"שרימפס לא מקולף גדול 1 ק""ג קפוא 26/30",,,שרימפס לא מקולף גדול,קילוגרמים,0.00,"ק""ג",false,1,110.50,110.50,true,1,
7290012251672,false,חמאה צרפתית 200 גר,,,חמאה צרפתית 200 גר,גרמים,200.00,100 גרם,false,1,7.80,3.90,true,1,
7290012252506,false,שלגון שוקולד מצופה מועשר בסידן,,,שלגון שוקולד מצופה מ,Unknown,0.00,Unknown,false,1,6.90,6.90,true,1,
7290012252891,false,נקניקיות אוסטריות מצוננות 600 גרם,,IL,נקניקיות אוסטריות מצ,גרמים,600.00,100 גרם,false,1,32.90,5.48,true,1,
7290012252914,false,נקניקיות בלקניות מצוננות 600 גרם,,IL,נקניקיות בלקניות מצו,גרמים,600.00,100 גרם,false,1,25.90,4.32,true,1,
7290012349522,false,מלח הימלאיה דק,,IL,מלח הימלאיה דק,גרמים,200.00,100 גרם,false,1,11.90,5.95,true,1,
7290012522581,false,טבעול שניצל תירס ללא גלוטן טבעול 664 גרם,עיצובים 2020 (4.8),IL,שניצל תירס טבעול ללא,גרמים,664.00,100 גרם,false,1,38.50,5.80,true,1,
7290012525025,false,שלגון קרחון דובדבן,,,שלגון קרחון דובדבן,Unknown,0.00,Unknown,false,1,3.50,3.50,true,1,
7290012525049,false,קרחון אבטיח 108 גר,,IL,קרחון אבטיח 108 גר,גרמים,108.00,100 גרם,false,1,6.90,6.39,true,1,
7290012525087,false,שלגון בננה מצופה,,,שלגון בננה מצופה,Unknown,0.00,Unknown,false,1,6.90,6.90,true,1,
7290012525452,false,טילון אקסטרים נוק אאוט שוקו וניל 70ג',גלידות נסטלה )נגה גלידות,IL,אקסטרים שוקו וניל,Unknown,0.00,Unknown,false,1,10.00,10.00,true,1,
7290012642586,false,ערמונים קלופים תומר 100 ג',Tangshan huiyuan foo,CN,ערמונים קלופים 100 ג,גרמים,100.00,100 גרם,false,1,7.70,7.70,true,1,
7290012645112,false,יוגורט עיזים 2.8% בדלי חלב הארץ 750 גרם,מחלבות סוסיא,IL,יוגורט עיזים בדלי 75,מיליליטרים,750.00,"100 מ""ל",false,1,21.90,2.92,true,1,
7290012645129,false,יוגורט כבשים 5% בדלי חלב הארץ 750 גרם,מחלבות סוסיא,IL,יוגורט כבשים בדלי 7,מיליליטרים,750.00,"100 מ""ל",false,1,21.90,2.92,true,1,
7290012803765,false,טוסו שוקולד מריר ללא תוספת סוכר 100 גרם,אלטינמארקה גידה סאן,TR,טוסו מר שוקולד מריר,גרמים,100.00,100 גרם,false,1,14.20,14.20,true,1,
7290012864001,false,נבטי חמנייה ארוז א.אדמה,קרונוס,IL,נבטי חמניה,Unknown,0.00,Unknown,false,1,14.90,14.90,true,1,
7290012901355,false,דודלס ארוחת אטריות עם גבינה 206 גרם,האי נאם סי או אל.טי.,US,פולד מקרוני & ציז 20,גרמים,206.00,100 גרם,false,1,12.90,6.26,true,1,
7290012901973,false,"שעועית אדומה, 400 גרם גאלה",יורוקום אס.אר.אל,IT,שעועית אדומה גאלה 40,גרמים,400.00,100 גרם,false,1,12.00,3.00,true,1,
7290012921056,false,"בקבוק בירה מלכה חיטה 330 מ""ל",מבשלת בירה ישראלית,IL,בירה מלכה חיטה 330 מ,מיליליטרים,330.00,"100 מ""ל",false,1,16.90,5.12,true,1,
7290012983160,false,סילאן בקבוק לחיץ 400 גרם,"חצר כנרת מוצרי תמר אגש""ח",IL,סילאן בקבוק לחיץ תמר,גרמים,400.00,100 גרם,false,1,12.90,3.23,true,1,
7290013089809,false,פילה אמנון קפוא במשקל,,,פילה אמנון קפוא,Unknown,0.00,"ק""ג",true,0,37.90,37.90,true,1,
7290013117410,false,בצק פריך מרודד למאפים מתוקים 900 ג' מעדנות,מיוצר עי קונדיטוריית,IL,בצק פריך מתוק 900 גר,גרמים,900.00,100 גרם,false,1,27.50,3.06,true,1,
7290013144232,false,מיימונס פודינג בטעם וניל 80 גרם,א.ל ייצור ושיווק תבלינים,IL,פודינג וניל 85 גר,גרמים,85.00,100 גרם,false,1,6.50,7.65,true,1,
7290013144249,false,מיימונס פודינג שוקולד 95 גרם,א.ל ייצור ושיווק תבלינים,IL,פודינג שוקולד 95 גר,גרמים,95.00,100 גרם,false,1,6.50,6.84,true,1,
7290013144393,false,"תמצית בטעם וניל מימונס 50 מ""ל",א.ל ייצור ושיווק תבלינים,IL,"תמצית וניל 50 מ""ל",מיליליטרים,50.00,"100 מ""ל",false,1,5.50,11.00,true,1,
7290013144508,false,"תמצית בטעם ורדים מיימונס 50 מ""ל",מיוצר עי קונדיטוריית,IL,"תמצית ורדים 50 מ""ל",מיליליטרים,50.00,"100 מ""ל",false,1,11.30,22.60,true,1,
7290013144614,false,"מיימונס סירופ מייפל אמיתי 100% מקנדה 236 מ""ל",הנסיך- מפעל לייצור ט,DK,סירופ מייפל אמיתי,מיליליטרים,236.00,"100 מ""ל",false,1,42.90,18.18,true,1,
7290013145178,false,קוקוס טחון לבן מיימונס 100 גרם,א.ל ייצור ושיווק תבלינים,IL,קוקוס טחון לבן 100 ג,גרמים,100.00,100 גרם,false,1,5.90,5.90,true,1,
7290013145192,false,שומשום מיימונס 100 גרם,א.ל ייצור ושיווק תבלינים,IL,שומשום 100 גר,גרמים,100.00,100 גרם,false,1,5.90,5.90,true,1,
7290013145567,false,מיימונס מיני מיני עדשים 90 גרם.,א.ל ייצור ושיווק תבלינים,IL,מיני מיני עדשים 90 ג,גרמים,90.00,100 גרם,false,1,14.00,15.56,true,1,
7290013145628,false,סוכריות צבעוניות לקישוט מימונס 200 גרם,א.ל ייצור ושיווק תבלינים,IL,סוכריות צבעוניות 200,גרמים,200.00,100 גרם,false,1,10.50,5.25,true,1,
7290013145840,false,סוכר וניל מיימונס 10 יחידות,א.ל ייצור ושיווק תבלינים,IL,סוכר וניל 10 יח בצלו,Unknown,0.00,Unknown,false,1,2.70,2.70,true,1,
7290013145857,false,אבקת אפיה מיימונס 10 יחידות,מימונס אפייה,IL,אבקת אפיה 10 יח בצלו,Unknown,0.00,Unknown,false,1,2.70,2.70,true,1,
7290013145871,false,שמרים יבשים סטיק מימונס 5*11 ג',מימונס אפייה,IL,שמרים יבשים 11 גר*5,גרמים,55.00,100 גרם,false,1,11.40,20.73,true,1,
7290013145901,false,סודה לשתיה מיימונס 100 גרם,א.ל ייצור ושיווק תבלינים,IL,סודה לשתיה 100 גר,גרמים,100.00,100 גרם,false,1,2.00,2.00,true,1,
7290013145963,false,שמרים יבשים בוואקום מיימונס 125 גרם,מימונס אפייה,CN,שמרים יבשים בואקום 1,גרמים,125.00,100 גרם,false,1,6.60,5.28,true,1,
7290013146724,false,אבקת אייס קפה 350 גרם מימונס,מימונס אפייה,IL,אייס קפה מימונס 350,גרמים,350.00,100 גרם,false,1,18.90,5.40,true,1,
7290013153586,false,"משקה פירות יער קפוא פריגת 340 מ""ל",היינץ צפון אמריקה מק,IL,משקה פירות יער קפוא,מיליליטרים,340.00,"100 מ""ל",false,1,16.90,4.97,true,1,
7290013187154,false,מזרע קרפלך טלה מתכון סבתא 600 גר,,,קרפלך כבש מתכון סבתא,גרמים,600.00,100 גרם,false,1,31.50,5.25,true,1,
7290013187215,false,מנות פילה סלמון נורבגי 800 גר,,NO,פילה סלמון נורבגי,גרמים,800.00,100 גרם,false,1,89.90,11.24,true,1,
7290013187765,false,ברוקולי טבעפרוסט 800 גר,,,ברוקולי טבעפרוסט 800,גרמים,800.00,100 גרם,false,1,19.90,2.49,true,1,
7290013187772,false,אפונה ירוקה עדינה טבעפרוסט 800 גר,,,אפונה ירוקה עדינה טב,גרמים,800.00,100 גרם,false,1,19.90,2.49,true,1,
7290013187789,false,אפונה ירוקה טבעפרוסט 800 גר,,,אפונה ירוקה טבעפרוסט,גרמים,800.00,100 גרם,false,1,16.70,2.09,true,1,
7290013187796,false,שעועית ירוקה שלמה טבעפרוסט 800 גר,,,שעועית ירוקה שלמה טב,גרמים,800.00,100 גרם,false,1,16.90,2.11,true,1,
7290013187802,false,שעועית ירוקה עדינה טבעפרוסט 800 גר,,,שעועית ירוקה עדינה ט,גרמים,800.00,100 גרם,false,1,16.90,2.11,true,1,
7290013187819,false,שעועית ירוקה חתוכה טבעפרוסט 800 גר,,,שעועית ירוקה חתוכה ט,גרמים,800.00,100 גרם,false,1,16.90,2.11,true,1,
7290013187833,false,כרובית טבעפרוסט 800 גר,,,כרובית טבעפרוסט 800,גרמים,800.00,100 גרם,false,1,16.90,2.11,true,1,
7290013187857,false,טבעפרוסט תרד 800 גרם,,,תרד טבעפרוסט 800 גר,גרמים,800.00,100 גרם,false,1,16.90,2.11,true,1,
7290013187871,false,נקניק סרוולט אוסטרי,,,סרוולט אוסטרי 170 גר,גרמים,170.00,100 גרם,false,1,35.90,21.12,true,1,
7290013215017,false,פטריות זוגות חוות השמפניון,אראל תוצרת חקלאית בע,IL,פיטריות דואט,Unknown,0.00,Unknown,false,1,19.90,19.90,true,1,
7290013267665,false,סולרו מיני קלאסי - פירות טרופיים (חלבי),"מיוצר ע""\י גלידת שטראוס",IL,מאגדת סולרו פירות,גרמים,354.00,100 גרם,false,1,29.90,8.45,true,1,
7290013269751,false,מטליות לחותריצפז פרש לניקוי ריצפה בניחות מלון בוטיק 10 יח' סנו,טרופיקל דגיל תעשיות,IL,מט.לחות לרצפה סנו רי,Unknown,0.00,Unknown,false,1,14.90,14.90,true,1,
7290013310378,false,כפפות ניטריל S כחולות ללא אבקה 80 יח' EASY TOUCH,איזי טאץ' Easy touch,TH,כפפות ניטרל S כחולות,יחידה,1.00,יחידה,false,1,27.90,27.90,true,1,
7290013358356,false,פירורי לחם מוזהבים מאסטר שף 320 גרם,מנה י.א בעמ,IL,מאסטר שף פירורי לחם,גרמים,320.00,100 גרם,false,1,8.30,2.59,true,1,
7290013358363,false,מאסטר שף פרורי לחם פנקו עבים בסגנון יפני 300 גר,קריניציה ויטמינה אס,IL,פירורי לחם פנקו 300,גרמים,300.00,100 גרם,false,1,13.90,4.63,true,1,
7290013358448,false,"קרוטונים לסלט אקסטרה ארוכים בתיבול שום, בצל ופטרוזיליה",עינת תעשיות מזון אגו,IL,מנה קרוטונים לסלט 4,גרמים,200.00,100 גרם,false,1,16.50,8.25,true,1,
7290013366634,false,כרמל יבולים חסה סלנו,שמיניית מעדן חלב שוק,IL,חסה ראשים 200 גר,גרמים,200.00,100 גרם,false,1,11.90,5.95,true,1,
7290013366658,false,חסה סלנובה עלים חתוך,מרינה פטריות הגליל,IL,חסה סנלובה 200 גר,גרמים,200.00,100 גרם,false,1,14.90,7.45,true,1,
7290013389138,false,"ניוקי 500 ג' ""לה פסטה"" שלושה צבעים 500 גר' 12X",לה פסטה La' Pasta,,ניוקי שלושה צבעים 50,גרמים,500.00,100 גרם,false,1,13.50,2.70,true,1,
7290013430083,false,"בירה אלכסנדר בלונד בקבוק 330 מ""ל",מנדלז סי.אר. פרודקשן,IL,בירה אלכסנדר בלונד 3,מיליליטרים,330.00,"100 מ""ל",false,1,14.90,4.52,true,1,
7290013430090,false,בירה אלכסנדר אמברה AMBREE בירה ישראלית,מנדלז סי.אר. פרודקשן,IL,בירה אלכסנדר אמברה 3,מיליליטרים,330.00,"100 מ""ל",false,1,14.90,4.52,true,1,
7290013492005,false,תפוח אדמה אדום למיקרו 600 ג',שרווין ווליאמס,IL,תפוחוני אדמה למיקרו,גרמים,700.00,100 גרם,false,1,9.90,1.41,true,1,
7290013531759,false,שעועית אפויה במים יכין 330 גרם,"זנלכל בע""\מ",IL,שעועית לבנה במים 550,גרמים,550.00,100 גרם,false,1,10.90,1.98,true,1,
7290013542526,false,כוסות נייר שתיה חמה,כוסות שתייה חמה 3 ב,CN,כוס נייר 50 יח לשתיה,Unknown,0.00,Unknown,false,1,10.90,10.90,true,1,
7290013542588,false,תבניות אלומיניום 731,,CN,תבניות אלומיניום 731,Unknown,1.00,Unknown,false,1,10.50,10.50,true,1,
7290013585455,false,"ויינשטפן פסטביר בק 330 מ""ל",קוקה קולה,,ויינשטפן פסטביר בק 3,מיליליטרים,330.00,"100 מ""ל",false,1,14.90,4.52,true,1,
7290013608260,false,מיץ רימונים 100%מיץ סחוט טרי מצונן 1ליט,"גניר (1992) בע""מ",IL,מיץ רימונים 100% סחו,מיליליטרים,1000.00,"100 מ""ל",false,1,26.90,2.69,true,1,
7290013713049,false,"בירה גמס 8.8 איל בלגי מחוזקת 330 מ""ל","אביר הבר בע""מ",IL,בירה גמס 8.8 איל בלג,מיליליטרים,330.00,"100 מ""ל",false,1,13.90,4.21,true,1,
7290013720436,false,קרפלך בטעם ביתי קפוא 600 גר,,,קרפלך בטעם ביתי קפוא,גרמים,600.00,100 גרם,false,1,21.90,3.65,true,1,
7290013720498,false,פיין שרימפס מבושל 750 גר M,,,פיין שרימפס מבושל,גרמים,750.00,100 גרם,false,1,63.90,8.52,true,1,
7290013720924,false,ממרח פטה אווז 140 גר,,,ממרח פטה אווז 140 גר,גרמים,140.00,100 גרם,false,1,14.90,10.64,true,1,
7290013764041,false,סיידר תפוחים מתוק 330 מל,,BE,סיידר תפוחים מתוק 33,מיליליטרים,330.00,"100 מ""ל",false,1,14.90,4.52,true,1,
7290013764102,false,סיידר תפוחים מתובל 330 מל,,BE,סיידר תפוחים מתובל 3,מיליליטרים,330.00,"100 מ""ל",false,1,14.90,4.52,true,1,
7290013787392,false,רביולי גבינות קלאסי 330 גרם ריקו בית יוסף,דודו איטליאן פרודקטס בע\,IL,רביולי גבינות 330 גר,גרמים,330.00,100 גרם,false,1,28.20,8.55,true,1,
7290013787408,false,רביולי בטטה 330 גרם ריקו בית יוסף,דודו איטליאן פרודקטס בע\,IL,רביולי בטטה 330 גרם,גרמים,330.00,100 גרם,false,1,28.20,8.55,true,1,
7290013787415,false,רביולי ריקוטה תרד 330 גרם ריקו בית יוסף,דודו איטליאן פרודקטס בע\,IL,רביולי ריקוטה תרד 33,גרמים,330.00,100 גרם,false,1,28.20,8.55,true,1,
7290013847454,false,טונה סטארקיסט שמן קנולה רביעיות 4*160 גר,"טונה ויאטנם קו,. אל.טי.ד",VN,טונה סטארקיסט שמן קנ,גרמים,640.00,100 גרם,false,1,25.90,4.05,true,1,
7290013847553,false,נתחי טונה בהירה במים דל נתרן - מארז רביעיה,"סטארקיסט פודור בע""מ",TH,סטארקיסט טונה 4*160,גרמים,640.00,100 גרם,false,1,25.90,4.05,true,1,
7290013847812,false,נתחי טונה בהירה בשמן זית כתית מעולה Yellowfin,סטארקיסט Starkist,IL,טונה ילופין בשמן זית,גרמים,140.00,100 גרם,false,1,11.40,8.14,true,1,
7290013906441,false,קבנוס טירת צבי 120 גרם,הנסיך- מפעל לייצור ט,IL,קבנוס טירת צבי 120 ג,גרמים,120.00,100 גרם,false,1,12.90,10.75,true,1,
7290013906458,false,קבנוס בטעם פיקנטי טירת צבי 120 גרם,הנסיך- מפעל לייצור ט,IL,קבנוס בטעם פיקנטי טי,גרמים,120.00,100 גרם,false,1,12.90,10.75,true,1,
7290013906489,false,חטיפי מיני קבנוס טירת צבי 120 גרם,הנסיך- מפעל לייצור ט,IL,חטיפי קבנוס טירת צבי,גרמים,120.00,100 גרם,false,1,12.90,10.75,true,1,
7290014002203,false,חליטת לימונית ולואיזה הגן הקסום ויסוצקי 25 יחידות,תה ויסוצקי,IL,חליטת קמומיל ולואיזה,Unknown,0.00,Unknown,false,1,19.90,19.90,true,1,
7290014066526,false,לנדוור-קפסולות אספרסו תערובת הבית(11) - 10יח'12X יח,קפה לנדוור,IL,לנדוור קפסולות אספרס,Unknown,0.00,Unknown,false,1,17.90,17.90,true,1,
7290014066533,false,לנדוור-קפסולות אספרסו קלייה כפולה(12) - 10יח'12X יח,קפה לנדוור,IL,לנדוור קפסולות אספרס,Unknown,0.00,Unknown,false,1,17.90,17.90,true,1,
7290014079014,false,לבבות קיסר ארוז נספק,"מרינה פטריות הגליל בע""מ",IL,לבבות קיסר,Unknown,0.00,Unknown,false,1,11.90,11.90,true,1,
7290014079236,false,פטריות פורטובלה מיני יח(צעירות),מרינה פטריות הגליל,IL,פטריות פורטבלו,Unknown,0.00,Unknown,false,1,11.90,11.90,true,1,
7290014094352,false,אגוזי מלך 200 גרם בקופסא,"שקדיה גבע תעשיות בע""",,אגוזי מלך 200 גר,גרמים,200.00,100 גרם,false,1,16.90,8.45,true,1,
7290014094369,false,שקד טבעי 200 גר קופסא ששון הקולה,"דין שיווק וקלייה בע""",IL,שקד טבעי 200 גר קופ,גרמים,200.00,100 גרם,false,1,23.90,11.95,true,1,
7290014095946,false,משוקלדים פקאן בשוקולד מריר 140 גרם,"שקדיה גבע תעשיות בע""",IL,משוקלדים פקאן מריר 1,גרמים,140.00,100 גרם,false,1,14.20,10.14,true,1,
7290014095953,false,פקאן בציפוי שוקולד בקופסא שקדיה 140 גרם,שקדיה גבע בתעשיות עמ,IL,משוקלדים פקאן חלב 14,גרמים,140.00,100 גרם,false,1,14.20,10.14,true,1,
7290014218932,false,חטיפי פיצה בתוספ זיתים בשקית מעדנות 710 גרם,מיוצר עי קונדיטוריית,IL,חטיפי פיצה זיתים,גרמים,710.00,100 גרם,false,1,37.90,5.34,true,1,
7290014435704,false,סלמון מעושן שמיר 100 גרם,שבעת הימים - שמיר,IL,סלמון מעושן 100 גר,גרמים,100.00,100 גרם,false,1,25.90,25.90,true,1,
7290014435803,false,מטיאס הולנדי (פרובנציאל) עם בצל בשמן 180 גרם,שבעת הימים - שמיר,IL,מטיאס הולנדי עם בצל,גרמים,200.00,100 גרם,false,1,21.90,10.95,true,1,
7290014440463,false,"יין מדבר שרדונה סדרה 22 750 מ""ל",,IL,יין מדבר שרדונה סדר,מיליליטרים,750.00,"100 מ""ל",false,1,52.90,7.05,true,1,
7290014440470,false,"יין מדבר סוביניון בלאן סדרה 22 750 מ""ל",,IL,יין מדבר סוביניון בל,מיליליטרים,750.00,"100 מ""ל",false,1,52.90,7.05,true,1,
7290014440487,false,"יקב מדבר סדרה 22 סוביניון 750 מ""ל",,IL,יקב מדבר סדרה 22 סוב,מיליליטרים,750.00,"100 מ""ל",false,1,52.90,7.05,true,1,
7290014440494,false,"יין מדבר רוזה סדרה 22 750 מ""ל",,IL,יין מדבר רוזה סדרה,מיליליטרים,750.00,"100 מ""ל",false,1,52.90,7.05,true,1,
7290014440548,false,"יקב מדבר סדרה 22 קברנה פרנק 750 מ""ל",,IL,יקב מדבר סדרה 22 קבר,מיליליטרים,750.00,"100 מ""ל",false,1,52.90,7.05,true,1,
7290014455252,false,גבינה קשה מגורדת גרנה פדנו 29% שומן,מחלבות גד שיווק 1992,IT,גבינה גרנה פדנו,גרמים,100.00,100 גרם,false,1,13.90,13.90,true,1,
7290014455467,false,ירח מתוק מעדן חלב 2% ושיבולת שועל גד 150ג',גבינות מדף,IL,מעדן שיבולת שועל וחל,גרמים,150.00,100 גרם,false,1,6.20,4.13,true,1,
7290014459373,false,"צ'יפס קראנצ'י לתנור קפוא תפוגן 1.5ק""ג","תעשיות תפוגן בע""\מ",IL,תפוגן ציפס קראנצי לת,קילוגרמים,0.00,"ק""ג",false,1,31.50,31.50,true,1,
7290014466609,false,יין מרלו גמלא 2020 750 מל,יקבי רמת הגולן קצרין,IL,יין מרלו גמלא 2020 7,Unknown,0.00,Unknown,false,1,69.90,69.90,true,1,
7290014466890,false,"יין גמלא השמורה קברנה מרלו 2020 750 מ""ל",יקבי רמת הגולן,IL,יין גמלא השמורה קברנ,Unknown,0.00,Unknown,false,1,69.90,69.90,true,1,
7290014472471,false,גרעיני חמנייה קלוי ענק ששון הקולה 200 גרם,"דין שיווק וקלייה בע""",IL,גרעיני חמניה קלויים,גרמים,200.00,100 גרם,false,1,7.90,3.95,true,1,
7290014472488,false,שקד קלוי ענק פרימיום ששון הקולה 250 גרם,"שקדיה גבע תעשיות בע""",IL,שקד קלוי ענק 250 גרם,גרמים,250.00,100 גרם,false,1,24.90,9.96,true,1,
7290014472495,false,קשיו קלוי ענק פרימיום ששון הקולה 250 גרם,"דין שיווק וקלייה בע""",IL,קשיו קלוי ענק 250 גר,גרמים,250.00,100 גרם,false,1,22.90,9.16,true,1,
7290014472501,false,פיסטוק קלוי ענק פרימיום ששון הקולה 250 גרם,"דין שיווק וקלייה בע""",IL,פיסטוק קלוי ענק 250,גרמים,250.00,100 גרם,false,1,24.90,9.96,true,1,
7290014472525,false,תערובת פיצוחים פרימיום ששון הקולה 250 גרם,"דין שיווק וקלייה בע""",IL,תערובת מובחרת 250 גר,גרמים,250.00,100 גרם,false,1,24.90,9.96,true,1,
7290014648005,false,מסיר לק ללא אציטון לה בלה 250 מל,,,מסיר לק ללא אציטון ל,מיליליטרים,250.00,"100 מ""ל",false,1,12.50,5.00,true,1,
7290014648081,false,סכיני גילוח חד פעמי לה בלה עשירייה,נינגבי הווארד,CN,סכיני גילוח חד פעמי,Unknown,0.00,Unknown,false,1,11.50,11.50,true,1,
7290014725348,false,"סוכרזית קלאסי 100 שקיות כש""לפ",סוכרזית Sucrazit,IL,סוכרזית קלאסי 100 שק,גרמים,130.00,100 גרם,false,1,19.50,15.00,true,1,
7290014749764,false,עוף טוב שניצל עוף ביתי עדין כזה 700 גרם,מוצרי עוף טוב (2001) בע\,IL,עוף טוב שניצל עוף בי,גרמים,700.00,100 גרם,false,1,47.90,6.84,true,1,
7290014749887,false,שניצל דק ענק קריספי קלאסי עוף טוב 720 גרם,מוצרי עוף טוב (2001) בע\,IL,שניצל דק ענק קריספ ק,גרמים,720.00,100 גרם,false,1,36.90,5.13,true,1,
7290014758162,false,חלב עיזים מלא 3.6% קרטון 1 ל' תנובה,תנובה מרכז שיתופי לש,IL,חלב עיזים מלא 3.6% ש,מיליליטרים,1000.00,"100 מ""ל",false,1,17.90,1.79,true,1,
7290014759084,false,גבינת שמנת נפוליאון 16% מופחת שומן תנובה 225 גרם,תנובה מרכז שיתופי לש,IL,נפוליאון מופחת שומן,גרמים,225.00,100 גרם,false,1,15.00,6.67,true,1,
7290014759978,false,גבינת קצקבל גלעד 27% תנובה 200 גרם,תנובה חלב,IL,קולאז קשקבל גלעד פלח,גרמים,200.00,100 גרם,false,1,21.90,10.95,true,1,
7290014759985,false,גבינת פרמזן גבע 23% תנובה 200 גרם,תנובה חלב,IL,קולאז פרמזן גבע פלח,גרמים,200.00,100 גרם,false,1,27.80,13.90,true,1,
7290014759992,false,גבינת רוקפור גליל פלח 140 ג' תנובה,"תנובה, מחלבת תל יוסף",IL,קולאז רוקפור גליל פל,גרמים,140.00,100 גרם,false,1,20.40,14.57,true,1,
7290014760134,false,"מעדן סויה בטעם וניל תנובה 125 מ""ל",תנובה Alternative,IL,מעדן סויה וניל,גרמים,125.00,100 גרם,false,1,4.70,3.76,true,1,
7290014760141,false,משקה שקדים תנובה E אלטרנטיב,תנובה Alternative,IL,משקה שקדים טרי 1 ליט,מיליליטרים,1000.00,"100 מ""ל",false,1,14.90,1.49,true,1,
7290014761063,false,מעדן שוקולד מריר יולו תנובה 123 גרם,מיוצר עי קונדיטוריית,IL,יולו שוקולד מריר,גרמים,123.00,100 גרם,false,1,5.00,4.07,true,1,
7290014761070,false,מעדן שוקולד לבן יולו תנובה 123 גרם,מיוצר עי קונדיטוריית,IL,YOLO שוקולד לבן מעול,גרמים,123.00,100 גרם,false,1,5.00,4.07,true,1,
7290014761414,false,יולו מעדן שכבות שוקולד חלב ולבן 123 גר,מיוצר עי קונדיטוריית,IL,יולו מעדן שכבות,גרמים,123.00,100 גרם,false,1,5.00,4.07,true,1,
7290014762800,false,מעדן סויה שוקולד גביע 125 גרם אלטרנטיב,תנובה מרכז שיתופי לש,IL,מעדן סויה שוקולד 125,גרמים,125.00,100 גרם,false,1,5.10,4.08,true,1,
7290014762831,false,גבינת שמנת נפוליאון 16% עם פלפל חלפיניו תנובה 225 גרם,תנובה מרכז שיתופי לש,IL,גבינת שמנת נפוליאו 2,גרמים,225.00,100 גרם,false,1,15.00,6.67,true,1,
7290014762909,false,פתיתי מוצרלה השף הלבן 10% תוספת מתנה,"תנובה, מחלבת תל יוסף",IL,פתיתי מוצרלה השף הלב,גרמים,220.00,100 גרם,false,1,18.90,8.59,true,1,
7290014763272,false,יוגורט סויה BIO לשתיה תות ובננה אלטרנטיב,תות תעשיות מזון (201,IL,משקה סויה ביו תות בנ,מיליליטרים,250.00,"100 מ""ל",false,1,6.90,2.76,true,1,
7290014791664,false,שישיה מי עדן אישי פקק רגיל 500 מל,מופק ממקור בזלתי עדן,IL,שישיה מי עדן אישי פק,ליטרים,0.00,ליטר,false,1,11.90,11.90,true,1,
7290014860063,false,מקלוני אורז ללא גלוטן 454 גר,oriental food co.ltd,TH,מקלוני אורז ללא גלוט,גרמים,454.00,100 גרם,false,1,10.40,2.29,true,1,
7290014860070,false,"מקלוני אורז ללא גלוטן 5 מ""מ 454גר' (אור)",ניינטי נודל קו,TH,מקלות אורז ללא גלוטן,גרמים,454.00,100 גרם,false,1,11.90,2.62,true,1,
7290014948020,false,סאן-מלח הימלאיה 950 גרם עבה (בשקית),,,סאן-מלח הימלאיה 950,גרמים,950.00,100 גרם,false,1,21.90,2.31,true,1,
7290015129121,false,סקיני פסטה נודלס 270 גרם,הוויזאי וואנגייה פוד,CN,סקיני פסטה נודלס 270,גרמים,270.00,100 גרם,false,1,12.90,4.78,true,1,
7290015129251,false,איטריות קונגאק ללא גלוטן 270 גרם skinny,אף.סי תבליני בגליל ב,CN,איטריות קונגאק ללא ג,גרמים,270.00,100 גרם,false,1,12.90,4.78,true,1,
7290015150118,false,שלישיית עגבניות חתוכות דק גרנד איטליה 400 גרם,אמיליאנה קונסרב ס.פ.,IT,עגבניות חתוכות דק בל,גרמים,1200.00,100 גרם,false,1,18.90,1.58,true,1,
7290015164818,false,רוטב קארי צהובה 400 גרם SUREE כשר,Theppadungporn cocon,TH,רוטב קארי צהובה 400,מיליליטרים,400.00,"100 מ""ל",false,1,21.90,5.48,true,1,
7290015164832,false,מחית קארי ירוק 400 גרם SUREE כשר,טאפאדונגפורן קוקינט,TH,מחית קארי ירוק 400 ג,מיליליטרים,400.00,"100 מ""ל",false,1,21.90,5.48,true,1,
7290015164856,false,רוטב קארי אדומה 400 גרם SUREE כשר,טאפאדונגפורן קוקינט,TH,רוטב קארי אדומה 400,מיליליטרים,400.00,"100 מ""ל",false,1,21.90,5.48,true,1,
7290015282000,false,איקרא אדומה SEVEN SEAS 200 גרם,שבעת הימים - שמיר,IL,איקרה אדומה 200 גרם,גרמים,200.00,100 גרם,false,0,16.70,8.35,true,1,
7290015282024,false,איקרא לבנה SEVEN SEAS 200 גרם,שבעת הימים - שמיר,IL,איקרה לבנה 200 גרם,גרמים,200.00,100 גרם,false,0,16.70,8.35,true,1,
7290015282598,false,חומוס מסעדות גורמה שמיר 200 גרם,"סלטי שמיר 2006 בע""מ",IL,חומוס מסעדות 200 גר,גרמים,200.00,100 גרם,false,1,11.60,5.80,true,1,
7290015282628,false,חציל בטעם כבד גורמה שמיר 200 גרם,"סלטי שמיר 2006 בע""מ",IL,חציל בטעם כבד 200 גר,גרמים,200.00,100 גרם,false,1,13.90,6.95,true,1,
7290015282635,false,חומוס מסבחה גורמה שמיר 200 גרם,"סלטי שמיר 2006 בע""מ",IL,חומוס מסבחה 200 גר,גרמים,200.00,100 גרם,false,1,11.60,5.80,true,1,
7290015282673,false,חציל במיונז ביתי גורמה שמיר 200 גרם,"סלטי שמיר 2006 בע""מ",IL,חציל במיונז ביתי 200,גרמים,200.00,100 גרם,false,1,11.60,5.80,true,1,
7290015282680,false,קישוא בטעם כבד גורמה שמיר 200 גרם,"סלטי שמיר 2006 בע""מ",IL,קישוא בטעם כבד 200 ג,גרמים,200.00,100 גרם,false,1,13.90,6.95,true,1,
7290015282697,false,כרוב אדום שמיר גורמה 200גר,"סלטי שמיר 2006 בע""מ",IL,כרוב אדום 200 גר,גרמים,200.00,100 גרם,false,1,13.90,6.95,true,1,
7290015282734,false,מטבוחה ביתית גורמה שמיר 200 גרם,"סלטי שמיר 2006 בע""מ",IL,מטבוחה ביתית 200 גר,גרמים,200.00,100 גרם,false,1,13.90,6.95,true,1,
7290015528832,false,צלחת 9 מתכלה אר' 25 יח' דנטס,,IN,צלחת 9 בינוני מתכלה,Unknown,1.00,Unknown,false,1,12.80,12.80,true,1,
7290015528863,false,מרקיה מתכלה אר' 25 יח' דנטס,,IN,מרקיה 340 מל מקנה ס,Unknown,1.00,Unknown,false,1,9.90,9.90,true,1,
7290015603584,false,ג'ינגר לבן כבוש ללא מונוסודיום 160 גרם (כ),לאיווי איפנג פודס קו,CN,גינגר לבן כבוש ללא מ,גרמים,160.00,100 גרם,false,1,8.90,5.56,true,1,
7290015603591,false,גינגר ורוד כבוש ללא מונוסודיום 160 גרם,ננטונג הידה אקוטיק פ,CN,גינגר כבוש וורוד 160,גרמים,160.00,100 גרם,false,1,8.90,5.56,true,1,
7290015634175,false,עמק האלה אוור רד ק.סוביניון 2015 750 מל,,IL,עמק האלה אוור רד קבר,Unknown,0.00,Unknown,false,1,46.90,46.90,true,1,
7290015634182,false,עמק האלה אוורד קברנה/ מרלו 2015 750 מל,עמק האלה,IL,עמק האלה אוורד אדום,Unknown,0.00,Unknown,false,1,46.90,46.90,true,1,
7290015634588,false,"יין עמק האלה אדום 750 מ""ל",יקב עמק האלה,IL,יין עמק האלה אדום 75,Unknown,0.00,Unknown,false,1,67.90,67.90,true,1,
7290015634595,false,"יין עמק האלה לבן 750 מ""ל",יקב עמק האלה,IL,יין עמק האלה לבן 750,Unknown,0.00,Unknown,false,1,67.90,67.90,true,1,
7290015652322,false,בוטנים אמריקאיים מצופים 400 גר ששון הקלה,"דין שיווק וקלייה בע""",IL,בוטנים אמריקאיים מצו,גרמים,400.00,100 גרם,false,1,10.00,2.50,true,1,
7290015652605,false,פיסטוק קלוף השף 100 גרם,"דין שיווק וקלייה בע""",IL,פיסטוק קלוף 100 גרם,גרמים,100.00,100 גרם,false,1,32.40,32.40,true,1,
7290015670234,false,מטבעות שומשום דלעת וחמוציות,קונדיטוריה מרסי,IL,מטבעות שומשום דלעת ו,Unknown,0.00,Unknown,false,1,35.90,35.90,true,1,
7290015670418,false,עוגיות מרסי חמאה ורי,קונדיטוריה מרסי,IL,עוגיות אלפחורס,Unknown,0.00,Unknown,false,1,35.90,35.90,true,1,
7290015670432,false,עוגיות ריבועי גרנולה240ג,קונדיטוריה מרסי,IL,עוגיות גרנולה בריאות,Unknown,0.00,Unknown,false,1,35.90,35.90,true,1,
7290015670463,false,עוגיות מרסי חמאה שוק,קונדיטוריה מרסי,IL,עוגיות שוקולד ציפס,Unknown,0.00,Unknown,false,1,35.90,35.90,true,1,
7290015670470,false,עוג.סהרוני שקד חמאה240ג,קונדיטוריה מרסי,IL,סהרוני שקד חמאה 240,גרמים,240.00,100 גרם,false,1,35.90,14.96,true,1,
7290015790000,false,גרגירי רימונים בקופס,רון שיווק,IL,גרעיני רימון,קילוגרמים,0.00,"ק""ג",false,1,17.90,17.90,true,1,
7290015790017,false,פלחי פומלה מוכנים לא,רון שיווק,IL,פלחי פומלה 250 גר,קילוגרמים,0.00,"ק""ג",false,1,17.90,17.90,true,1,
7290015858106,false,"ממרח פסטו ביתי 180 גרם ""עללחם""","מדשא תעשיות מזון בע""\מ",IL,מצונן פסטו ביתי 180,גרמים,180.00,100 גרם,false,1,22.90,12.72,true,1,
7290016006025,false,שוופס סודה 0.50 ליטר בקבוק,יפאורה תבורי בעמ,IL,שוופס סודה שרינק 500,מיליליטרים,500.00,"100 מ""ל",false,1,2.90,0.58,true,1,
7290016006346,false,שוופס סודה 0.5 ליטר מארז שישייה,יפאורה שותפות מובגלת לשיווק,IL,שישיית שוופס סודה 50,מיליליטרים,1500.00,"100 מ""ל",false,1,17.30,1.15,true,1,
7290016028157,false,כוס ליקר (ציסר) 50 יח,,TR,כוס ליקר (ציסר),Unknown,0.00,Unknown,false,1,11.50,11.50,true,1,
7290016028232,false,שיפוד במבוק עבה 30 ס,,CN,שיפוד במבוק עבה 30 ס,Unknown,1.00,Unknown,false,1,2.90,2.90,true,1,
7290016028447,false,נר נשמה 24 שעות,,CN,נר נשמה 24 שעות,Unknown,1.00,Unknown,false,1,2.50,2.50,true,1,
7290016114300,false,נייר טואלט דו שכבתי אורך כפול לבן לילי 16 גלילים,לילי נייר טואלט חוגלה,IL,נייר טואלט לילי לבן,מטרים,588.80,מטר,false,1,41.90,0.07,true,1,
7290016136111,false,"תערובת קמח רב תכליתי ג'י פרי 500 גרם לל""ג",אשבל -מזון פונקציונל,IL,תערובת להכנת מאפים ל,גרמים,500.00,100 גרם,false,1,19.90,3.98,true,1,
7290016150391,false,סלק ואקום 500 גרם,חקלאי,IL,סלק ואקום 500 גרם,Unknown,0.00,Unknown,false,1,7.90,7.90,true,1,
7290016197495,false,ניקול זוג מטליות הקסם מיקרופייבר לרצפה,חוגלה קימברלי,CN,ניקול מטלית קסם לרצפ,Unknown,0.00,Unknown,false,1,24.90,24.90,true,1,
7290016197877,false,שקיות אשפה לפחים בינוניים עם שרוך 50 * 53 ניקול 50 יחידות,"אשפלסט תעשיות בע""מ",IL,שקית לפחי אשפה קטנים,Unknown,0.00,Unknown,false,1,27.20,27.20,true,1,
7290016217971,false,נסיכת הנילוס מעושנת חדש 100 גרם,שבעת הימים - שמיר,IL,נסיכת הנילוס מעושנת,גרמים,100.00,100 גרם,false,1,25.10,25.10,true,1,
7290016217988,false,גרבלקס-סלמון כבוש שמיר 100 גרם,"סלטי שמיר 2006 בע""מ",IL,גרבלקס 100 גרם,גרמים,100.00,100 גרם,false,1,25.50,25.50,true,1,
7290016233384,false,גפילטע פיש 7 קציצות תומר 555 גרם,דג טעים ירושלים,IL,גפילטע פיש 7 קציצות,גרמים,540.00,100 גרם,false,1,18.80,3.48,true,1,
7290016276169,false,טחינה אהרוני משומשום טבעי 500 גרם,אחדות ביחר לטחינה חלוה,IL,טחינה אהרוני משומשו,גרמים,500.00,100 גרם,false,1,17.70,3.54,true,1,
7290016334616,false,בצל ירוק רבנות,רקנאטי,IL,בצל ירוק,Unknown,0.00,Unknown,false,1,5.90,5.90,true,1,
7290016505023,false,שוקולד פנדה קרם נוגט טבעוני 100 גרם,"מדשא תעשיות מזון בע""",IL,שוקולד פנדה קרם נוגט,גרמים,100.00,100 גרם,false,1,21.90,21.90,true,1,
7290016509847,false,פרסיל ג'ל לכביסה כהה בלאק 2.5 ליטר,"הנקל סוד בע""\מ",IL,גל כביסה פרסיל בלאק,ליטרים,0.00,ליטר,false,1,36.90,36.90,true,1,
7290016513288,false,פטל אדום 250 גר,,,פטל אדום 250 גר,גרמים,250.00,100 גרם,false,1,22.90,9.16,true,1,
7290016513301,false,דומדומית שחורה 250 גר,,,דומדומית שחורה 250 ג,גרמים,250.00,100 גרם,false,1,12.50,5.00,true,1,
7290016513332,false,מיקס פירות 250 גר,,,מיקס פירות 250 גר,גרמים,250.00,100 גרם,false,1,12.50,5.00,true,1,
7290016580327,false,מפיות שולחן מהודרות,,CN,מפיות שולחן מהודרות,Unknown,1.00,Unknown,false,1,4.90,4.90,true,1,
7290016584011,false,חטיפוני גזר 350 גרם גיזרונים,"מרינה פטריות הגליל בע""מ",IL,חטיפוני גזר 350 גרם,גרמים,350.00,100 גרם,false,1,10.90,3.11,true,1,
7290016682335,false,מיץ תפוזים סחוט פריניב 2 ליטר,פרי ניב,IL,סחוט טרי תפוזים 2 לי,ליטרים,0.00,ליטר,false,1,29.90,29.90,true,1,
7290016682380,false,מיץ טבעי לימונדה ולואיזה פרי ניב 2 ליטר-,פרי ניב,IL,מיץ לימונדה לואיזה פ,ליטרים,0.00,ליטר,false,1,32.90,32.90,true,1,
7290016682397,false,מיץ חמוציות פרי ניב 2 ליטר-,פרי ניב,IL,מיץ חמוציות 2 ליטר,ליטרים,0.00,ליטר,false,1,26.90,26.90,true,1,
7290016717631,false,יין מוסקטו בעל חוזק אלכוהול נמוך פרייבט קולקשן,אגודת הכורמים הקואופרטיב,IL,יין מוסקטו P.C לבן מ,Unknown,0.00,Unknown,false,1,42.90,42.90,true,1,
7290016866643,false,פרודונטקס מ.שיניים אקסטרה פרש 75 מל,פרודונטקס Parodontax,SK,משחת שיניים פרודנטקס,Unknown,0.00,Unknown,false,1,32.90,32.90,true,1,
7290017023229,false,רביעיית פחיות שוופס מוגז פירות תות ליים 330 מל.,יפאורה תבורי בעמ,IL,שוופס מוגז פירות תות,מיליליטרים,1320.00,"100 מ""ל",false,1,16.90,1.28,true,1,
7290017023663,false,"שוופס מיץ פירות לימונייד פחית מארז 330X4מ""ל",יפאורה תבורי,IL,רביעיית שוופס מוגז ל,מיליליטרים,1320.00,"100 מ""ל",false,1,16.90,1.28,true,1,
7290017023670,false,"שוופס מוגז פירות למונייד פחית 330 מ""ל",,,שוופס מוגז פירות למו,מיליליטרים,330.00,"100 מ""ל",false,1,4.90,1.48,true,1,
7290017058528,false,ממרח זיתים ירוקים יווני,תומר,,ממרח זיתים ירוקים 20,גרמים,200.00,100 גרם,false,1,14.90,7.45,true,1,
7290017065007,false,פרוסות גבינה מוצרלה חצי קשה 22% שומן 200 ג' גד,מחלבות גד בעמ,IL,פרוסות מוצרלה גד 200,גרמים,200.00,100 גרם,false,1,21.90,10.95,true,1,
7290017065137,false,ריקוטה למריחה 5% טבעית 200 גרם - רובין,האי נאם סי או אל.טי.,IL,ריקוטה למריחה 5% טבע,גרמים,200.00,100 גרם,false,1,11.90,5.95,true,1,
7290017065168,false,גבינה כחולה denish blue cheese 100 גרם,ST.CLEMENS-BOMHOLMWS,DK,גבינה כחולה 100 גר,גרמים,100.00,100 גרם,false,1,18.90,18.90,true,1,
7290017065236,false,גבינה בולגרית מעודנת 24% גד 250 גרם,הנסיך- מפעל לייצור ט,IL,גבינה בולגרית מעודנת,גרמים,250.00,100 גרם,false,1,27.90,11.16,true,1,
7290017065380,false,"גרנה פדנו שבבים ""גד"" 100 גרם",מחלבות גד,IT,שבבי גרנה פדנו 100 ג,גרמים,100.00,100 גרם,false,1,15.90,15.90,true,1,
7290017065434,false,גבינה גאודה פרוסה הולנדית 200 גר',מחלבות גד בעמ,NL,פרוסות גאודה בקר 200,גרמים,200.00,100 גרם,false,1,23.90,11.95,true,1,
7290017065441,false,גבינה גאודה עיזים פרוסה הולנדית 200 גר',גבינות מדף,NL,פרוסות גאודה עיזים 2,גרמים,200.00,100 גרם,false,1,35.90,17.95,true,1,
7290017065526,false,קוואטרו פורמאג'י 4 גבינות מגוררות 26%,"מחלבות גד בע""\מ",IL,גבינה קוואטרו פורמאג,גרמים,300.00,100 גרם,false,1,30.90,10.30,true,1,
7290017065786,false,"גבינת צ`דר מחלבות גד , 210 גרם","מחלבות גד בע""\מ",IL,צדר 210 גרם,גרמים,210.00,100 גרם,false,1,24.50,11.67,true,1,
7290017065861,false,קאצ'יו אה פפה-רוטב פקורינו 200 גרם גד,גבינות מדף,IL,קאציו אה פפה 200 גרם,גרמים,200.00,100 גרם,false,1,15.90,7.95,true,1,
7290017105895,false,גרגרי חומוס להכנת חומוס משובח יכין 560 ג,זנלכל,IL,גרגירי חומוס מסעדות,Unknown,550.00,Unknown,false,1,10.90,0.02,true,1,
7290017140308,false,קמח שקדים-שי של הטבע,אופק מן הטבע,IL,קמח שקדים 250 גר,גרמים,250.00,100 גרם,false,1,25.90,10.36,true,1,
7290017141152,false,בקבוק ג'ין ליים - מלפפון מוגז,,IL,גין ליים מלפפון מוגז,מיליליטרים,330.00,"100 מ""ל",false,1,14.90,4.52,true,1,
7290017141176,false,"וודקה עם חמוציות אוק אנד אש 330 מ""ל",,IL,וודקה עם חמוציות אוק,מיליליטרים,330.00,"100 מ""ל",false,1,14.90,4.52,true,1,
7290017142395,false,"LUNCH TO GO פסטה עם טונה בשמן זית 160 גרם ""עץ הזית""",יוניקורד ח.צ בעמ,TH,טונה עם פסטה בשמן זי,גרמים,160.00,100 גרם,false,1,14.90,9.31,true,1,
7290017142456,false,מארז נתחי טונה בהירה בשמן זית 2 * 160 ג' עץ הזית,יוניקורד ח.צ בעמ,TH,נתחי טונה בשמן זית 1,גרמים,320.00,100 גרם,false,1,30.50,9.53,true,1,
7290017142487,false,"LUNCH TO GO בורגול עם חומוס טונה בשמן זית 160 גרם ""עץ הזית""",יוניקורד ח.צ בעמ,TH,בורגול עם גרגירי חומ,גרמים,160.00,100 גרם,false,1,14.90,9.31,true,1,
7290017180588,false,ריבת בצל יין אדום וסויה 250 גרם,,IL,ריבת בצל יין אדום וס,גרמים,250.00,100 גרם,false,1,19.90,7.96,true,1,
7290017181363,false,רוטב לשקשוקה דודה ברטה 700 גרם,,IL,רוטב לשקשוקה דודה בר,גרמים,700.00,100 גרם,false,1,24.90,3.56,true,1,
7290017386164,false,"קמח כוסמין לבן כרם - 1 ק""ג",עץ השדה,IL,קמח כוסמין מלא אורגנ,גרמים,1000.00,100 גרם,false,1,18.90,1.89,true,1,
7290017389011,false,מנגו מיובש ללא סוכר 160 גרם קופסא,"דין שיווק וקלייה בע""",IL,מנגו מיובש ללא סוכר,גרמים,160.00,100 גרם,false,1,24.50,15.31,true,1,
7290017457598,false,"מרכך כביסה סוד מרוכז סאמר בלוסום 900 מ""ל",הנקל סוד,IL,מרכך כביסה סוד מרוכז,מיליליטרים,900.00,"100 מ""ל",false,1,15.90,1.77,true,1,
7290017513775,false,פליפז בייגלה מצופה שוקולד חלב מקוויטיס 140 גרם,שוורצקוף& הנקל דיסלד,TR,בייגלה פליפז מצופה ב,גרמים,140.00,100 גרם,false,1,9.90,7.07,true,1,
7290017513782,false,פליפז בייגלה מצופה שוקולד מריר מקוויטיס 140 גרם,שוורצקוף& הנקל דיסלד,TR,בייגלה פליפז מצופה ב,גרמים,140.00,100 גרם,false,1,9.90,7.07,true,1,
7290017617046,false,נתחי טונה בשמן זית כתית מעולה רביעיה * 140 ג',סטארקיסט,TR,רביעיית טונה בשמן זי,גרמים,560.00,100 גרם,false,1,29.90,5.34,true,1,
7290017712239,false,פרמיו עם עוף במרקם פטה 150 גר,פרמיו Premio,FR,פרמיו שימורי מזון מל,Unknown,0.00,Unknown,false,1,5.90,5.90,true,1,
7290017712246,false,פרמיו עם בקר ולבבות 150 גר,פרמיו Premio,FR,פרמיו שימורי מזון מל,Unknown,0.00,Unknown,false,1,5.90,5.90,true,1,
7290017712680,false,הוריזן עוף לכלב ננסי 100 גר,הורייזן Horizon,,הוריזן עוף לכלב ננסי,Unknown,1.00,Unknown,false,1,4.90,4.90,true,1,
7290017812571,false,מיץ ענבים תירוש אדום 100% טבעי כרמל 1 ליטר,יקבי כרמל Carmel Winery,IL,יין תירוש אדום 100%,Unknown,0.00,Unknown,false,1,21.90,21.90,true,1,
7290017812939,false,"יין דרום רוזה יתיר 750 מ""ל",כרמל מזרחי,IL,יין דרום רוזה יתיר 7,Unknown,0.00,Unknown,false,1,87.90,87.90,true,1,
7290017894171,false,"קרם קוקוס אורגני גרין קוקו 250 מ""ל",גרין קוקו,LK,קרם קוקוס אורגני גרי,מיליליטרים,250.00,"100 מ""ל",false,1,10.90,4.36,true,1,
7290017894256,false,"פריכיות מאורז מלא לל""ג דגש 230 גרם",דגש,IL,פריכיות מאורז מלא לל,גרמים,230.00,100 גרם,false,1,14.90,6.48,true,1,
7290017894331,false,חמאת אגוזי נמר לוז וקשיו 350 גרם,,IT,חמאת אגוזי נמר לוז ו,גרמים,350.00,100 גרם,false,1,34.90,9.97,true,1,
7290018071038,false,מסיכת פנים נובי ציבעונית לילדים 5 יח,,,מסיכת פנים נובי ציבע,יחידה,1.00,יחידה,false,1,5.50,5.50,true,1,
7290018131978,false,טילון נסטלה אוראו 68.5 גרם,פרונרי פולין,PL,טילון אוראו 70 גרם,גרמים,70.00,100 גרם,false,1,10.90,15.57,true,1,
7290018249802,false,ממתיק סוויטאנגו צנצנת 280 גרם,מתבל תעשיות מזון,IL,ממתיק סוויטאנגו 280,גרמים,200.00,100 גרם,false,1,33.50,16.75,true,1,
7290018367346,false,שומשום בטעם וואסבי 100 גרם,Flavor full foods in,TW,שומשום בטעם וואסבי 1,גרמים,100.00,100 גרם,false,1,19.90,19.90,true,1,
7290018380574,false,"סקוויז מחית תפו""ע ואגס 100 גרם",,,"סקוויז מחית תפו""ע וא",גרמים,100.00,100 גרם,false,1,6.50,6.50,true,1,
7290018440445,false,טונה קאלוו בשמן זית 160 גר,"קאלוו קונסרבס ס.ל.יו. ,",ES,טונה קאלוו בשמן זית,גרמים,160.00,100 גרם,false,1,17.90,11.19,true,1,
7290018440520,false,סלט טונה קאלוו מקסיקני 150 גר,"קאלוו קונסרבס ס.ל.יו. ,",ES,סלט טונה קאלוו מקסיק,גרמים,150.00,100 גרם,false,1,14.90,9.93,true,1,
7290018468302,false,נקניקיה טבעונית בסגנון מרגז טירת צבי 400 ג,טירת צבי - מדף,IL,נקניקיה טבעונית בסגנ,גרמים,400.00,100 גרם,false,1,42.90,10.73,true,1,
7290018468319,false,נקניקיה טבעונית בסגנון צוריסוס טירת צבי 400 גרם,טירת צבי - מדף,IL,נקניקיה טבעונית בסגנ,גרמים,400.00,100 גרם,false,1,42.90,10.73,true,1,
7290018468425,false,נקניק טבעוני בטעם פיקנטי 100 גרם טירת צבי,טיב טירת צבי 2000,IL,נקניק טבעוני בטעם פק,גרמים,100.00,100 גרם,false,1,20.90,20.90,true,1,
7290018468432,false,נקניק טבעוני בטעם מעושן 100 גרם טירת צבי,טיב טירת צבי 2000,IL,נקניק טבעוני בטעם מע,גרמים,100.00,100 גרם,false,1,20.90,20.90,true,1,
7290018542811,false,"תבניות אלומיניום זהב/שחור עגולות אישיות 125 מ""ל אר' 8 יח' עם מכסה דנטס",,CN,תבניות אלומיניום זהב,Unknown,1.00,Unknown,false,1,11.90,11.90,true,1,
7290018593325,false,לאבנה שקדים טבעוני פלנטי 220 גרם,פלנטי,IL,לאבנה שקדים טבעוני פ,גרמים,220.00,100 גרם,false,1,21.90,9.95,true,1,
7290018641439,false,אוק אנד אש - ערק אשכולית אדומה מוגז,,IL,ערק אשכולית אדומה מו,מיליליטרים,330.00,"100 מ""ל",false,1,14.90,4.52,true,1,
7290018641446,false,אוק אנד אש - ערק לימונדה מוגז,,IL,ערק לימונדה מוגז 33,מיליליטרים,330.00,"100 מ""ל",false,1,14.90,4.52,true,1,
7290018652015,false,נסטלה שלגון סופרולר 75 גרם,פרונרי איברייה,ES,סופרולר 75 גרם,גרמים,75.00,100 גרם,false,1,9.50,12.67,true,1,
7290018681619,false,זרעי ציה אורגני כרם 300 גרם,,PE,זרעי ציה אורגני כרם,גרמים,300.00,100 גרם,false,1,19.90,6.63,true,1,
7290018703229,false,חטיף חלבון שוקולד אגוזים פראוד 60 גרם,פראוד,NL,חטיף חלבון שוקולד אג,גרמים,60.00,100 גרם,false,1,13.90,23.17,true,1,
7290018925065,false,מיץ פרימור תפוזים סחוט 2 ליטר-,"גניר (1992) בע""מ",IL,מיץ תפוזים סחוט 2 ל,מיליליטרים,2000.00,"100 מ""ל",false,1,28.90,1.45,true,1,
7290018925416,false,"מיץ לימון ופסיפלורה 400 מ""ל פרימור",קריות זול,IL,מיץ לימון ופסיפלורה,מיליליטרים,410.00,"100 מ""ל",false,1,11.90,2.90,true,1,
7290018949009,false,גרופר משקה קל מוגז אורגני תפוזזה 330 מ,מיקס קווידזון,IL,גרופר משקה קל מוגז א,מיליליטרים,330.00,"100 מ""ל",false,1,9.50,2.88,true,1,
7290018949016,false,"גרופר משקה קל מוגז אורגני תפוחחה 330 מ""",מיקס קווידזון,IL,גרופר משקה קל מוגז א,מיליליטרים,330.00,"100 מ""ל",false,1,9.50,2.88,true,1,
7290019056041,false,שוופס מוגז פירות לימונייד ללא סוכר 1.5 ליטר פיקדון,"יפאורה תבורי בע""מ",IL,שוופס מוגז ללא סוכר,ליטרים,0.00,ליטר,false,1,8.80,8.80,true,1,
7290019056065,false,שוופס מוגז עדין פירות יער 1.5 ליטר פיקדון,"יפאורה תבורי בע""\מ",IL,שוופס מוגז עדין פירו,ליטרים,0.00,ליטר,false,1,9.90,9.90,true,1,
7290019056096,false,שוופס מוגז עדין אפרסק 1.5 ליטר פיקדון,"יפאורה תבורי בע""\מ",IL,שוופס מוגז עדין אפרס,ליטרים,0.00,ליטר,false,1,9.90,9.90,true,1,
7290019056164,false,שוופס סודה 1.5 ליטר רביעייה פיקדון,"יפאורה תבורי בע""\מ",IL,רביעיית שוופס סודה 1,ליטרים,0.00,ליטר,false,1,13.10,13.10,true,1,
7290019056300,false,משקה בטעם ביטר לימון 1.5 ל' שוויפס,"יפאורה תבורי בע""\מ",IL,שוופס ביטר 1.5 ליטר,ליטרים,0.00,ליטר,false,1,12.70,12.70,true,1,
7290019056317,false,שוופס ראשן 1.5 ליטר פיקדון,"יפאורה תבורי בע""\מ",IL,משקה שוופס ראשן 1.5,ליטרים,0.00,ליטר,false,1,12.70,12.70,true,1,
7290019056324,false,שוופס טוניק 1.5 ליטר פיקדון,"יפאורה תבורי בע""\מ",IL,שוופס טוניק 1.5 ליטר,ליטרים,0.00,ליטר,false,1,12.70,12.70,true,1,
7290019056331,false,שוופס טוניק ללא סוכר 1.5 ליטר פיקדון,מיוצר עי קונדיטוריית,IL,שוופס טוניק ללא סוכר,ליטרים,0.00,ליטר,false,1,12.70,12.70,true,1,
7290019056485,false,ספריג תה ירוק לימון לואיזה 1.5 ליטר פיקדון,"יפאורה תבורי בע""\מ",IL,משקה ספרינג טי לימון,ליטרים,0.00,ליטר,false,1,8.90,8.90,true,1,
7290019056881,false,שוופס סודה 1.5 ליטר,"יפאורה תבורי בע""מ",IL,שוופס סודה 1.5 ליטר,ליטרים,0.00,ליטר,false,1,4.00,4.00,true,1,
7290019056904,false,סודה שוופס נענע ליים,"כד בני דרום בע""מ",IL,שוופס סודה תפוח 1.5,ליטרים,0.00,ליטר,false,1,3.90,3.90,true,1,
7290019056966,false,מי עדן בקבוק פיקדון 1.5 ליטר,"מי עדן בע""מ",IL,מי עדן 1.5 ליטר,ליטרים,0.00,ליטר,false,1,5.20,5.20,true,1,
7290019056973,false,שישיית מי עדן 1.5 ליטר משפחתי,"מופק ממקור בזלתי עדן ,1",IL,שישיית מי עדן 1.5 לי,ליטרים,0.01,ליטר,false,1,14.90,1490.00,true,1,
7290019153078,false,"שוופס ביטר למון לייט, 1.5 ליטר פקדון","יפאורה תבורי בע""\מ",IL,שוופס ביטר למון לייט,ליטרים,0.00,ליטר,false,1,12.70,12.70,true,1,
7290019167020,false,עוגת גבינה עם פירות יער לייט עדן קינוחים 82 גרם,תנובה,IL,עוגת גבינה עם פירות,גרמים,80.00,100 גרם,false,1,7.90,9.88,true,1,
7290019232094,false,חליטת פירות וצמחים אפרסק הגן הקסום ויסוצקי 25 יחידות,תה ויסוצקי,IL,חליטת פירות וצמחים ב,יחידה,1.00,יחידה,false,1,19.90,19.90,true,1,
7290019232155,false,"חליטת ""לילה טוב"" קמומיל לבנדר ו25 שקיקים ויסוצקי",תה ויסוצקי,IL,תה ויסוצקי חליטת ליל,יחידה,1.00,יחידה,false,1,26.90,26.90,true,1,
7290019232803,false,הולגריין ביסקוויט+קרם חלב ושוקולד חלב 300 גרם רבנות,"אולקר ביסקווי סנאי, א.ס.",TR,ביסקוויט הולגריין קר,גרמים,300.00,100 גרם,false,1,12.90,4.30,true,1,
7290019232827,false,הולגריין ביסקוויט במילוי אגוזי לוז 300 גרם רבנות,"אולקר ביסקווי סנאי, א.ס.",TR,ביסקוויט הולגריין במ,גרמים,300.00,100 גרם,false,1,12.90,4.30,true,1,
7290019232834,false,פליפז בייגלה מצופה קרם עוגיות ושוקולד מקוויטיס 140 גרם,אולקר מקבוצת פלאדיס,TR,בייגלה פליפז מצופה ק,גרמים,140.00,100 גרם,false,1,9.90,7.07,true,1,
7290019297543,false,חמאת בוטנים שקדיה 510 גרם,דין שיווק,IN,חמאת בוטנים 510 גרם,גרמים,510.00,100 גרם,false,1,16.40,3.22,true,1,
7290019297628,false,שקד טבעי בשקית ששון הקולה 150 גרם,"דין שיווק וקלייה בע""",IL,שקד טבעי 150 גרם ששו,גרמים,150.00,100 גרם,false,1,16.90,11.27,true,1,
7290069701151,false,פריזר דוקטורסקיה אוריגינל מזרע,,,פריזר דוקטורסקיה,Unknown,0.00,"ק""ג",true,0,80.00,80.00,true,1,
7290100570234,false,אביזרי מטבח,,,אבזרי מטבח,Unknown,0.00,Unknown,false,1,12.90,12.90,true,1,
7290100572368,false,אביזרי מטבח,,,אבזרי מטבח,Unknown,0.00,Unknown,false,1,19.90,19.90,true,1,
7290100572702,false,אביזרי מטבח ב-11.00,,,אביזרי מטבח,Unknown,0.00,Unknown,false,1,10.90,10.90,true,1,
7290100573396,false,אביזרי מטבח.,,,אביזרי מטבח,Unknown,0.00,Unknown,false,1,9.90,9.90,true,1,
7290100680711,false,פירורית זהב אסם זהב 350ג',עינת תעשיות מזון אגו,IL,פירורית זהב 350 גרם,גרמים,350.00,100 גרם,false,1,9.90,2.83,true,1,
7290100680728,false,פירורית רגילה שקית 350 גרם,מיוצר עי קונדיטוריית,IL,פירורית 350 גרם,גרמים,350.00,100 גרם,false,1,8.90,2.54,true,1,
7290100684764,false,במבה יום הולדת על סרט אסם 25 ג',"אסם תעשיות בע""מ",IL,במבה על סרט 25 גרם,גרמים,25.00,100 גרם,false,1,2.90,11.60,true,1,
7290100700020,false,סוגת גריסי פנינה 500 גרם,האי נאם סי או אל.טי.,IL,גריסי פנינה 500 גרם,גרמים,200.00,100 גרם,false,1,6.50,3.25,true,1,
7290100700273,false,קינואה לבנה 500 ג סו,האי נאם סי או אל.טי.,IL,קינואה 500 גרם,גרמים,500.00,100 גרם,false,1,15.90,3.18,true,1,
7290100700297,false,עדשים שחורות מנומרות סוגת 500 גרם,"סוגת תעשיות בע""מ",IL,עדשים מנומרות 500 גר,גרמים,500.00,100 גרם,false,1,8.80,1.76,true,1,
7290100700372,false,"סוגת אורז בסמטי מלא 1 ק""ג",האי נאם סי או אל.טי.,IL,"אורז בסמטי מלא 1 ק""ג",גרמים,1000.00,100 גרם,false,1,13.90,1.39,true,1,
7290100700396,false,"סוגת אורז יסמין קלאסי 1 ק""ג",האי נאם סי או אל.טי.,IL,אורז יסמין קלאסי 1 ק,גרמים,1000.00,100 גרם,false,1,12.90,1.29,true,1,
7290100700563,false,"סוגת אורז מיקס קלאסי 1 ק""ג",סוגת תעשיות בעמ,IL,"אורז מיקס 1 ק""ג",גרמים,1000.00,100 גרם,false,1,15.90,1.59,true,1,
7290100700587,false,"בורגול ""סוגת"" 500 גרם",האי נאם סי או אל.טי.,IL,בורגול 500 גרם,גרמים,500.00,100 גרם,false,1,4.80,0.96,true,1,
7290100701140,false,"אורז ריזוטו ארבוריו 1 ק""ג ""סוגת""","סוגת תעשיות בע""מ",IL,אורז ריזוטו ארבוריו,גרמים,1000.00,100 גרם,false,1,15.90,1.59,true,1,
7290100701157,false,"אורז להכנת סושי סוגת 1 ק""ג","סוגת תעשיות בע""\מ",IL,"אורז סושי 1 ק""ג",גרמים,1000.00,100 גרם,false,1,15.50,1.55,true,1,
7290100701300,false,קינואה אדומה סוגת 500 גרם,"סוגת תעשיות בע""\מ",IL,קינואה אדומה 500 גר,גרמים,500.00,100 גרם,false,1,15.90,3.18,true,1,
7290100701409,false,קמח תירס סוגת 500 גר,מולינו פילה ספא,IL,קמח תירס 500 גרם,גרמים,500.00,100 גרם,false,1,7.50,1.50,true,1,
7290100701454,false,גרישה בורגול דק סוגת 500 גרם,"סוגת תעשיות בע""\מ",IL,גרישה 500 גר,גרמים,500.00,100 גרם,false,1,4.80,0.96,true,1,
7290100701577,false,קמח לחם קמח חיטה לבן שטיבל,טחנות קמח שטיבל באר שבע,IL,"קמח לחם 1 ק""ג סוגת",גרמים,1000.00,100 גרם,false,1,7.90,0.79,true,1,
7290100701874,false,"קמח כוסמין מלא סוגת 1 ק""ג",טחנות קמח שטיבל באר,IL,"קמח כוסמין 1 ק""ג סוג",גרמים,1000.00,100 גרם,false,1,15.90,1.59,true,1,
7290100701881,false,קמח פיצה ופוקצ'ה- קמח חיטה לבן בהיר שטיבל,"שטיבל בע""\מ - טחנת קמח",IL,"קמח פיצה ופוקצה 1 ק""",גרמים,1000.00,100 גרם,false,1,7.90,0.79,true,1,
7290100702246,false,"שמרים יבשים בוואקום 500 גרם ""סוגת""",אייבי מאורי,IT,שמרים יבשים בואקום 5,גרמים,500.00,100 גרם,false,1,9.90,1.98,true,1,
7290100702277,false,קוסקוס עבה סוגת 350 גרם,"אסיף תעשיות מזון בע""",IL,קוסקוס עבה 350 גרם,גרמים,350.00,100 גרם,false,1,5.90,1.69,true,1,
7290100702383,false,קמח תופח מס' 13 סוגת,"שטיבל בע""\מ - טחנות קמח",IL,"קמח תופח 1 ק""ג סוגת",גרמים,1000.00,100 גרם,false,1,7.90,0.79,true,1,
7290100702611,false,פתיתים אפויים אורז סוגת 500 גרם,"אסיף תעשיות מזון בע""\מ",IL,פתיתים אפויים אורז 5,גרמים,500.00,100 גרם,false,1,6.50,1.30,true,1,
7290100702635,false,פתיתים אפויים כוכבים סוגת 500 גרם,"אסיף תעשיות מזון בע""",IL,פתיתים אפויים כוכבים,גרמים,500.00,100 גרם,false,1,6.50,1.30,true,1,
7290100703007,false,"עדשים שחורות בלוגה 500 גרם ""סוגת""",האי נאם סי או אל.טי.,IL,עדשים שחורות בלוגה 5,גרמים,500.00,100 גרם,false,1,9.90,1.98,true,1,
7290100703557,false,"קמח פוקצה 1 ק""ג ""סוגת""","שטיבל בע""מ",,"קמח פוקצה 1 ק""ג",קילוגרמים,0.00,"ק""ג",false,1,7.90,7.90,true,1,
7290100703625,false,קמח חיטה לבן ללא צורך בניפוי,"שטיבל בע""מ",IL,קמח לבן ללא ניפוי 1,גרמים,1000.00,100 גרם,false,1,9.30,0.93,true,1,
7290100703687,false,"קמח חלה ללא ניפוי סוגת 1 ק""ג","שטיבל בע""מ",IL,קמח חלה ללא ניפוי 1,קילוגרמים,0.00,"ק""ג",false,1,9.30,9.30,true,1,
7290100703854,false,קוביות סוכר לבן דמררה 500 ג' סוגת,טרופיקל,,קוביות סוכר דמררה סו,גרמים,500.00,100 גרם,false,1,11.90,2.38,true,1,
7290100704141,false,סודה לשתייה 100 ג' סוגת,א.ל. ייצור ושיווק תב,IL,סודה לשתייה 100 גרם,גרמים,100.00,100 גרם,false,1,2.50,2.50,true,1,
7290100850909,false,דוריטוס נאצ'ו מקסיקני 70 גרם,"שטראוס פריטו ליי בע""\מ",IL,דוריטוס נאצו מקסיקני,גרמים,70.00,100 גרם,false,1,4.90,7.00,true,1,
7290100850916,false,דוריטוס חמוץ חריף מעודן 70 גרם כשר לפסח,"שטראוס פריטו ליי בע""\מ )",IL,דוריטוס חמוץ חריף 70,גרמים,70.00,100 גרם,false,1,4.90,7.00,true,1,
7290100850923,false,דוריטוס בטעם גריל 70 גרם,"שטראוס פריטו ליי בע""\מ )",IL,דוריטוס גריל 70 גרם,גרמים,70.00,100 גרם,false,1,4.90,7.00,true,1,
7290100850930,false,דוריטוס בטעם טבעי 70 גרם,"שטראוס פריטו ליי בע""\מ )",IL,דוריטוס טבעי 70 גרם,גרמים,70.00,100 גרם,false,1,4.90,7.00,true,1,
7290100858592,false,אבקת קקאו עלית שקית 150 ג',הנסיך- מפעל לייצור ט,IL,קקאו 150 גרם,גרמים,150.00,100 גרם,false,1,11.90,7.93,true,1,
7290101500193,false,מיקס חסה - נספק 200,חקלאי,IL,חסה רומית,Unknown,0.00,Unknown,false,1,11.90,11.90,true,1,
7290101500506,false,פטרוזיליה ארוז רבנות,,,פטרוזיליה ארוזה,Unknown,0.00,Unknown,false,1,5.90,5.90,true,1,
7290101500513,false,שמיר ארוז רבנות,,,שמיר ארוז,Unknown,0.00,Unknown,false,1,5.90,5.90,true,1,
7290101500520,false,כוסברה ארוז רבנות,,,כוסברה ארוזה,Unknown,0.00,Unknown,false,1,5.90,5.90,true,1,
7290101500537,false,נענע ארוז רבנות,,,נענע ארוזה,Unknown,0.00,Unknown,false,1,4.90,4.90,true,1,
7290101500551,false,סלרי אמריקאי ארוז רבנות,חקלאי,IL,סלרי אמריקאי ארוז,Unknown,0.00,Unknown,false,1,7.90,7.90,true,1,
7290101500568,false,שורש סלרי ארוז,חקלאי,IL,סלרי ראש ארוז,Unknown,0.00,Unknown,false,1,5.90,5.90,true,1,
7290101500926,false,עלי תרד ארוז רבנות,יושלם,IL,תרד ארוז רכות,Unknown,0.00,Unknown,false,1,12.90,12.90,true,1,
7290101501176,false,פלפלונים רמי לוי,מ.ע יזמות,IL,פלפל טינקרבל,Unknown,0.00,Unknown,false,1,12.90,12.90,true,1,
7290101501237,false,עגבניה מגי מובחרת ארוזה,יגור חקלאות ועסקים,IL,עגבניות מגי,Unknown,0.00,"ק""ג",true,0,19.90,19.90,true,1,
7290101501305,false,מלפפונים קטנים ארוזי,חקלאי,IL,מלפפוני טעם,Unknown,0.00,Unknown,false,1,14.90,14.90,true,1,
7290101501589,false,שורש ג'ינג'ר טרי יחידה ב,יוליניבר,IL,גינגר טבעי,Unknown,0.00,Unknown,false,1,11.90,11.90,true,1,
7290101551027,false,קפסולות קפה אספרסו חזק במיוחד 14 עלית 10 יח',הנסיך- מפעל לייצור ט,IL,קפסולות 14 חזק במיוח,גרמים,50.00,100 גרם,false,1,18.90,37.80,true,1,
7290101551300,false,סילאן טבעי ללא תוספת סוכר בקבוק לחיץ,מכוורת יד מרדכי שטראוס ב,IL,סילאן טבעי לחיץ יד מ,גרמים,700.00,100 גרם,false,1,16.90,2.41,true,1,
7290101952176,false,מארז קבנוס ציידים 20,,,קבנוס ציידים 200 גרם,גרמים,200.00,100 גרם,false,1,26.90,13.45,true,1,
7290101952497,false,גרגרי חומוס טבעפרוסט 800 כר,,,גרגרי חומוס טבעפרוסט,גרמים,800.00,100 גרם,false,1,19.80,2.48,true,1,
7290101952527,false,לקט בסגנון אסייתי טבעפרוסט 800 גר,,,לקט בסגנון אסייתי טב,גרמים,800.00,100 גרם,false,1,19.80,2.48,true,1,
7290101952558,false,גרעיני תירס קפואים טבעפרוסט 800 גרם,,,גרעיני תירס קפואים,גרמים,800.00,100 גרם,false,1,17.10,2.14,true,1,
7290102303977,false,גוש טונה בשמן זית רוברט 140 גרם,קונסרבס פורטוגל נורטה,PT,גוש טונה בשמן זית רו,גרמים,140.00,100 גרם,false,1,12.90,9.21,true,1,
7290102393169,false,"יוגורט סימפלי פרוט בטעם תות 3% מולר 150 מ""ל",מולר Muller,IL,SIMPLY FRUIT מולר בט,מיליליטרים,150.00,"100 מ""ל",false,1,5.60,3.73,true,1,
7290102393176,false,סימפלי פרוט יוגורט אפרסק 3% שומן 150 ג' מולר,מילקו תעשיות בעמ,IL,SIMPLY FRUIT מולר בט,מיליליטרים,150.00,"100 מ""ל",false,1,5.60,3.73,true,1,
7290102393190,false,"יוגורט סימפלי פרוט בטעם פירות יער 3% מולר 150 מ""ל",מילקו תעשיות בעמ,IL,SIMPLY FRUIT מולר בט,מיליליטרים,150.00,"100 מ""ל",false,1,5.60,3.73,true,1,
7290102393947,false,סימפלי פרוט יוגורט בטעם קיווי 3% שומן 150 ג' מולר,מילקו תעשיות בעמ,IL,SIMPLY FRUIT מולר בט,מיליליטרים,150.00,"100 מ""ל",false,1,5.60,3.73,true,1,
7290102395408,false,נעם גבינה צהובה 28% במשקל,החברה המרכזית,IL,נעם גבינה צהובה 28%,Unknown,0.00,"ק""ג",true,0,44.79,44.79,true,1,
7290102395422,false,נעם גבינה צהובה 22% במשקל,החברה המרכזית,IL,נעם גבינה צהובה 22%,Unknown,0.00,"ק""ג",true,0,42.58,42.58,true,1,
7290102398065,false,חלב טרה בקרטון 2 ליטר מהדרין 3% - מוצר בפיקוח,הפריט בפיקוח,IL,חלב 3% מהדרין 2 ליטר,ליטרים,0.00,ליטר,false,1,12.46,12.46,true,1,
7290102399796,false,מעדן יוגורט לבן מועשר בחלבון 200 ג' מולר אקטיב,מולר Muller,IL,מולר אקטיב יוגורט חל,גרמים,200.00,100 גרם,false,1,6.90,3.45,true,1,
7290102399802,false,יוגורט עם תות מולר אקטיב מועשר בחלבון 200 גר',מולר Muller,IL,מולר אקטיב יוגורט חל,גרמים,200.00,100 גרם,false,1,6.90,3.45,true,1,
7290102399819,false,יוגורט עם פירות יער מולר אקטיב מועשר בחלבון 200 גר',מולר Muller,IL,מולר אקטיב יוגורט,גרמים,200.00,100 גרם,false,1,6.90,3.45,true,1,
7290102611836,false,להבונים בשקית 50 יח,,CN,להבונים בשקית 50 יח,Unknown,1.00,Unknown,false,1,12.50,12.50,true,1,
7290103400231,false,"גזר מגורד שטראוס 400 גרם בד""צ",שטראוס בריאות ירקות טריי,IL,גזר 400 גר,גרמים,400.00,100 גרם,false,1,10.90,2.73,true,1,
7290103408206,false,עלי חסה ערבית שטופים שטראוס 250 גרם,שטראוס בריאות ירקות טריי,IL,עלי חסה שטופים בקופס,גרמים,250.00,100 גרם,false,1,11.90,4.76,true,1,
7290103700324,false,שאפו זוג שקיות אוכל מתכלות בקרטון 300יח',שניב,IL,טאצ שקיות אוכל בקרטו,Unknown,0.00,Unknown,false,1,15.90,15.90,true,1,
7290103703370,false,טאצ מגבוני טואלט לחים מארז שלישייה,,IL,טאצ מגבוני טואלט לחי,Unknown,0.00,Unknown,false,1,15.90,15.90,true,1,
7290103704155,false,נייר מגבת טאצ' 6 גלילים מהדורת 2021,"שניב תעשיות נייר בע""",IL,מגבות טאצ 6 מהדורת 2,Unknown,0.00,Unknown,false,22,10.90,10.90,true,1,
7290103704162,false,נייר טואלט טאצ' 32 גלילים מהדורה 2021,"שניב תעשיות נייר בע""",IL,טואלט טאצ 32 מהדורת,Unknown,0.00,Unknown,false,18,29.90,29.90,true,1,
7290103704186,false,מגבות מטבח כפול טאצ`מהדורת 2021 6 יחידות,,IL,מגבות טאצ 6 גלילים כ,יחידה,1.00,יחידה,false,1,19.90,19.90,true,1,
7290103704759,false,נייר טואלט כפול 16 גלילים טאצ,,IL,טואלט טאצ 16 כפול פר,Unknown,0.00,Unknown,false,1,31.50,31.50,true,1,
7290104065934,false,עלי רוקט שטראוס 150 גרם,שטראוס בריאות ירקות טריי,IL,עלי רוקט 150גר,גרמים,150.00,100 גרם,false,1,10.90,7.27,true,1,
7290104570513,false,"תמר מגהול כחול 1 ק""",פרי וירק טמרה ושותפי,IL,"תמר מגהול 1 ק""ג",קילוגרמים,0.00,"ק""ג",false,1,29.90,29.90,true,1,
7290104615214,false,צמחים,,,צמחים,Unknown,0.00,Unknown,false,1,25.00,25.00,true,1,
7290104615238,false,זרים אחידים,,,צמחים,Unknown,0.00,Unknown,false,1,30.00,30.00,true,1,
7290104615252,false,זרים אחידים,,,צמחים,Unknown,0.00,Unknown,false,1,40.00,40.00,true,1,
7290104615337,false,זרים אחידים,,,צמחים,Unknown,0.00,Unknown,false,1,45.00,45.00,true,1,
7290104615351,false,זרים אחידים,,,צמחים,Unknown,0.00,Unknown,false,1,70.00,70.00,true,1,
7290104615412,false,צמחים,,,צמחים,Unknown,0.00,Unknown,false,1,13.00,13.00,true,1,
7290104615436,false,צמחים,,,צמחים,Unknown,0.00,Unknown,false,1,15.00,15.00,true,1,
7290104615450,false,צמחים,,,צמחים,Unknown,0.00,Unknown,false,1,17.00,17.00,true,1,
7290104615641,false,זר פרחים אחיד,,,חבילת פרחים,Unknown,0.00,Unknown,false,1,34.00,34.00,true,1,
7290104615849,false,צמחים,,,צמחים,Unknown,0.00,Unknown,false,1,45.00,45.00,true,1,
7290104615948,false,צמחים,,,צמחים,Unknown,0.00,Unknown,false,1,55.00,55.00,true,1,
7290104618239,false,צמחים,,,צמחים,Unknown,0.00,Unknown,false,1,75.00,75.00,true,1,
7290104721762,false,מארז שלשות קפה טורקי עלית 85 ג',שטראוס גרופ,IL,מארז קפה טורקי עלית,גרמים,255.00,100 גרם,false,1,24.90,9.76,true,1,
7290104722530,false,תפוצ'יפס בטעם שמנת בצל עלית 200 גרם,"שטראוס פריטו ליי בע""\מ )",IL,תפוציפס שמנת בצל 200,גרמים,200.00,100 גרם,false,1,10.90,5.45,true,1,
7290104728310,false,"שמנת מתוקה עמידה 38% שומן ""יטבתה"" -מוצר בפיקוח",שטראוס גרופ,IL,שמנת עמידה לקצפת 38%,מיליליטרים,250.00,"100 מ""ל",false,1,6.47,2.59,true,1,
7290105360250,false,קפסולות 09 עשיר וארומטי למכונת נספרסו עלית 10יח',הנסיך- מפעל לייצור ט,IL,קפסולות מקיאטו למכונ,גרמים,50.00,100 גרם,false,1,18.90,37.80,true,1,
7290105360335,false,קפסולות אספרסו למכונות נספרסו 50 גר,הנסיך- מפעל לייצור ט,IL,קפסולות אספרסו למכונ,גרמים,50.00,100 גרם,false,1,18.90,37.80,true,1,
7290105362339,false,"שמנת לבישול 15% 250 מ""ל יטבתה מהדרין",שטראוס גרופ,IL,שמנת לבישול 15% מהדר,מיליליטרים,250.00,"100 מ""ל",false,1,9.90,3.96,true,1,
7290105363602,false,מקלות כיף כף קלאסי עלית 40 גרם,שולן צ'\יקולטה גידה סאן.,TR,כיף כף מקלות קלאסי 4,Unknown,0.00,Unknown,false,1,5.50,5.50,true,1,
7290105364289,false,מקלות כיף כף פצפוצים עלית 40 גרם,שולן צ'\יקולטה גידה סאן.,TR,כיף כף מקלות פצפוצים,Unknown,0.00,Unknown,false,1,5.50,5.50,true,1,
7290105369130,false,סימפוניה גבינת שמנת בצל ירוק 5% שטראוס 200 גרם,"שטראוס בריאות בע""\מ",IL,סימפוניה בצל ירוק 3%,גרמים,200.00,100 גרם,false,1,12.90,6.45,true,1,
7290105439505,false,מאסטר שף קרם בטעם מיונז לייט 479 גר כשלפ,רמיה סי.וי. הולנד,NL,קרם בטעם מיונז,גרמים,479.00,100 גרם,false,1,14.20,2.96,true,1,
7290105500151,false,וודקה פינלנדיה בקבוק,"אלטיה קורפ, הלסינקי,",FI,וודקה פינלנדיה 700 מ,מיליליטרים,700.00,"100 מ""ל",false,1,59.90,8.56,true,1,
7290105691224,false,אסם חטיפי פריכונים טורטייה שום בצל 60 גרם,"פרח תעשיות מזון בע""מ.",IL,חטיפי פריכונים טורטי,גרמים,60.00,100 גרם,false,1,8.50,14.17,true,1,
7290105965738,false,יוגורט לשתיה בטעם תות בננה267 ג' דנונה,מיוצר עי קונדיטוריית,IL,משקה בוקר תות בננה 2,מיליליטרים,267.00,"100 מ""ל",false,1,5.60,2.10,true,1,
7290106520066,false,"רבע לשבע שוקולד חלב במילוי אגוזים עלית 160 גרם בד""צ","הגביע מוצרי וופלים בע""\מ",IL,אצבעות וופל רבע לשבע,גרמים,160.00,100 גרם,false,1,13.50,8.44,true,1,
7290106520288,false,יוגורט פרו חלבון עם תות 2.4% שומן 150 ג' דנונה,"שטראוס בריאות בע""מ",IL,דנונה WOW תות 2.4% ש,גרמים,150.00,100 גרם,false,1,5.00,3.33,true,1,
7290106526822,false,פריכיות אורז חום מלא תחתית שוקולד חלב 80 גרם,"טחנת האבן תעשיות בע""",IL,פריכיות אנרגי תחתית,גרמים,80.00,100 גרם,false,1,8.90,11.13,true,1,
7290106528628,false,"דוריטוס טבעי 185 גרם ""עלית""","שטראוס פריטו ליי בע""\מ )",IL,Dippas חטיף דוריטוס,גרמים,185.00,100 גרם,false,1,8.90,4.81,true,1,
7290106528949,false,לקט ערוגות 450 גרם שטראוס,שטראוס בריאות ירקות טריי,IL,לקט ערוגות,Unknown,0.00,Unknown,false,1,12.90,12.90,true,1,
7290106573598,false,צבר חומוס לבנוני 400 גרם,סלטי צבר,IL,חומוס לבנוני 400 גרם,גרמים,400.00,100 גרם,false,1,15.50,3.88,true,1,
7290106573628,false,צבר חומוס עם טחינה 400 גרם,סלטי צבר,IL,חומוס עם טחינה 400 ג,גרמים,400.00,100 גרם,false,1,15.50,3.88,true,1,
7290106574120,false,שלגון שרבט סוכריות גומיגם נסטלה 90 גרם,גלידות נסטלה )נגה גלידות,IL,גומיגם 90 גר,גרמים,90.00,100 גרם,false,1,8.00,8.89,true,1,
7290106576513,false,סלט חומוס צבר 400 גר,סלטי צבר,IL,חומוס חלק 400 גרם,גרמים,400.00,100 גרם,false,1,11.50,2.88,true,1,
7290106577572,false,מטבוחה אמיתית מרובע 400 ג' צבר,סלטי צבר,IL,סלט מטבוחה 400 גר,גרמים,400.00,100 גרם,false,1,15.20,3.80,true,1,
7290106578692,false,ביסלי במבה מיקס מהדורת אליפות אסם 80 גרם,פרו מן יו פתרונות אר,IL,ביסלי במבה גריל מיקס,גרמים,80.00,100 גרם,false,1,4.90,6.13,true,1,
7290106652996,false,כיף כף מקלות קוקוס חלבי 40 גר',סולן בעבור שטראוס,TR,כיף כף מקלות קוקוס 4,Unknown,0.00,Unknown,false,1,5.50,5.50,true,1,
7290106653689,false,לקט לסלט אסייתי שטראוס 350 גרם,שטראוס בריאות ירקות טריי,IL,לקט לסלט אסייתי 350,גרמים,350.00,100 גרם,false,1,12.90,3.69,true,1,
7290106663121,false,"עוגה אישית במילוי קרם חלב ""מילקי קייק"" שטראוס",בובארד איטליה אס.פי.איי,IT,עוגה אישית מילקי 34,גרמים,34.00,100 גרם,false,1,3.30,9.71,true,1,
7290106663558,false,"רוטב טריאקי ורימון יד מרדכי 280מ""ל",אף.סי תבליני בגליל ב,IL,רוטב טריאקי רימון 28,גרמים,320.00,100 גרם,false,1,14.90,4.66,true,1,
7290106667266,false,"דוריטוס חמוץ חריף 185 גרם ""עלית""","שטראוס פריטו ליי בע""\מ )",IL,חטיף דוריטוס חמוץ חר,גרמים,185.00,100 גרם,false,1,8.90,4.81,true,1,
7290106720626,false,צ'יטוס קראנצ' בטעם גבינה - חלבי,"שטראוס פריטו ליי בע""\מ )",IL,ציטוס בטעם גבינה 80,גרמים,80.00,100 גרם,false,1,5.20,6.50,true,1,
7290106723689,false,עלי תרד בייבי שטראוס 200 גרם,שטראוס בריאות ירקות טריי,IL,תרד בייבי 200 גר,גרמים,200.00,100 גרם,false,1,12.90,6.45,true,1,
7290107280341,false,ריצפז מטליות לחות לניקוי הרצפה בניחוח מלון מפנק,"סנו מפעלי ברונוס סע""",IL,מט.לחות לרצפה סנו רצ,Unknown,0.00,Unknown,false,1,14.90,14.90,true,1,
7290107646062,false,אבקת מרק בצל רכיבים טבעיים קנור 400 ג',יוניליוור ישראל מזון בע\,IL,קנור מרק בצל רכיבים,גרמים,400.00,100 גרם,false,1,27.20,6.80,true,1,
7290107646895,false,קנור - רוטב פסטה נפוליטנה 415 גרם חתם סופר,קונסורזיו קאסאלאסקו דל פ,IT,קנור רוטב נפוליטנה 4,גרמים,415.00,100 גרם,false,1,13.90,3.35,true,1,
7290107646963,false,"מיונז תלמה טעם ספייסי 273 גר בד""ץ",יוניליוור מזון,IL,ממרח ספייסי מיו תלמה,גרמים,250.00,100 גרם,false,1,9.90,3.96,true,1,
7290107647816,false,"דגני ברנפלקס ללא תוספת סוכר 500 גרם בד""צ",יוניליוור ישראל מזון בעמ,IL,דגני ברנפלקס ללא תוס,גרמים,500.00,100 גרם,false,1,25.90,5.18,true,1,
7290107879668,false,קרחון שרבט תות לה פרוטה נסטלה 70 גרם,גלידות נסטלה )נגה גלידות,IL,גלידה לה פרוטה תות 7,Unknown,0.00,Unknown,false,1,6.90,6.90,true,1,
7290107932080,false,חלב מועשר יוטבתה בבקבוק 3% 1 ליטר,מחלבת יטבתה,IL,חלב מועשר יוטבתה בבק,מיליליטרים,1000.00,"100 מ""ל",false,1,7.90,0.79,true,1,
7290107933155,false,לקט סלנובה שטראוס 200 גרם,שטראוס בריאות ירקות טריי,IL,לקט סלנובה 200 גר,גרמים,200.00,100 גרם,false,1,13.90,6.95,true,1,
7290107936309,false,דנונה יוגורט 7% יווני לבן 130 ג',"שטראוס בריאות בע""מ",IL,דנונה יווני לבן 5.8%,גרמים,120.00,100 גרם,false,1,3.50,2.92,true,1,
7290107936958,false,עד חצות ביסקוויט אצבעות שוקולד 125 גרם,ביסקוויטס טור ד'\אלבון,FR,אצבעות עד חצות עם ש,גרמים,125.00,100 גרם,false,1,12.90,10.32,true,1,
7290107937542,false,משקה יוגורט אקטיביה עם תות 1.2% שומן,מיוצר עי קונדיטוריית,IL,משקה אקטיביה תות 1.2,מיליליטרים,265.00,"100 מ""ל",false,1,6.40,2.42,true,1,
7290107937627,false,מסטיק מאסט Must קוביות ללא סוכר בטעם מנטה עדינה,אסקום קונפקשיין,DE,צנצנת קוביות ספירמינ,Unknown,0.00,Unknown,false,1,11.50,11.50,true,1,
7290107937634,false,צנצנית מסטיק מאסט קוביות פפירמינט 58 ג' עלית,אסקום קונפקשיין,DE,צנצנת קוביות פפירמינ,Unknown,0.00,Unknown,false,1,11.50,11.50,true,1,
7290107943192,false,"שמנת חמוצה מהערבה 27% שומן 200 מ""ל יטבתה",מחלבת יטבתה,IL,שמנת חמוצה מהערבה,מיליליטרים,200.00,"100 מ""ל",false,1,4.50,2.25,true,1,
7290107943369,false,קוואקר שיבולת שועל ללא גלוטן 511 גרם,היידי שוקולד בירונטי,US,קוואקר שיבולת שועל ל,גרמים,511.00,100 גרם,false,1,19.90,3.89,true,1,
7290107945165,false,קונפיטורת משמש יד מרדכי 340 גרם,אף.סי תבליני בגליל ב,IL,קונפיטורת יד מרדכי,גרמים,340.00,100 גרם,false,1,15.90,4.68,true,1,
7290107951104,false,בפלות ופלים ארוכים בטעם שוקולד,"שטראוס גרופ בע""\מ",IL,בפלות שוקולד 200 גרם,גרמים,200.00,100 גרם,false,1,6.20,3.10,true,1,
7290107954976,false,משקה חלב PRO עם קפה 1.5% 25 גרם חלבון בבקבוק,מחלבת יטבתה,DE,משקה פרו קפה יטבתה 3,מיליליטרים,350.00,"100 מ""ל",false,1,7.20,2.06,true,1,
7290107974073,false,מנה עלי טורטיה קמח לבן מ.שף 20 סמ 320 גר,אלקאטי קורביישיסי גי,ES,מנה עלי טורטיה קמח ל,גרמים,320.00,100 גרם,false,1,11.90,3.72,true,1,
7290107974080,false,מנה עלי טורטיה קמח לבן מ.שף 25 סמ 840 גר,הדקלאים אגודת שיתופי,TR,מנה עלי טורטיה קמח ל,גרמים,840.00,100 גרם,false,1,18.90,2.25,true,1,
7290108353099,false,ממחטות אף במארז ניילון סנו סופט 5 יח' * 100 דף,טרופיקל דגיל תעשיות,IL,ממחטות אף חמישייה 50,Unknown,0.00,Unknown,false,1,15.50,15.50,true,1,
7290108500677,false,כבד דג שיבוט בשמן דג וילי פוד 115 גרם,"איטיליאן פוד, אס.פי.",IS,כבד דג שיבוט בשמן הד,גרמים,115.00,100 גרם,false,1,11.90,10.35,true,1,
7290108506549,false,גליליות וופל במילוי קרם וניל פינוקים 400 גרם,Unknown,GR,גלילי וופל עם קרם ונ,גרמים,400.00,100 גרם,false,1,17.90,4.48,true,1,
7290109351209,false,קרחון שרבט אננס תפוז לה פרוטה נסטלה 70 גרם,גלידות נסטלה )נגה גלידות,IL,גלידה לה פרוטה אננס,Unknown,0.00,Unknown,false,1,6.90,6.90,true,1,
7290109358482,false,עוגיות קרמוגית במילוי קרם בטעם חלבה,"הגביע מוצרי וופלים בע""\מ",IL,עוגיות קרמוגית במילו,גרמים,200.00,100 גרם,false,1,13.90,6.95,true,1,
7290109640198,false,מגורדת לפיצה ולאפיה 20% שומן 200 גרם - משומשו,וי גרדן,IL,מגורדת לפיצה ואפיה 2,גרמים,200.00,100 גרם,false,1,22.90,11.45,true,1,
7290110110352,false,"בירה קרלסברג 0.0 בק 330 מ""ל",קרלסברג רומניהיבואן:,RO,בירה קרלסברג 0.0 בק,מיליליטרים,330.00,"100 מ""ל",false,1,5.20,1.58,true,1,
7290110110369,false,"שישייה בירה קרלסברג LUMA בקבוק 330 מ""ל",מבשלות בירה בינלאומיות ב,IL,שישיית בירה קרלסברג,מיליליטרים,1980.00,"100 מ""ל",false,1,39.90,2.02,true,1,
7290110110574,false,"פחיות קוקה קולה זירו לימון 330 מ""ל",החברה המרכזית לייצור משק,IL,סליק קולה ZERO לימון,מיליליטרים,330.00,"100 מ""ל",false,1,5.90,1.79,true,1,
7290110110659,false,"ספרייט לימון ליים פחית 330מ""ל",החברה המרכזית לייצור משק,IL,ספרייט סליק חדש 330,מיליליטרים,330.00,"100 מ""ל",false,1,5.90,1.79,true,1,
7290110113421,false,"בירה מעוננת קרלסברג luma 330 מ""ל",מבשלות בירה בינלאומיות ב,IL,בירה קרלסברג LUMA בק,מיליליטרים,330.00,"100 מ""ל",false,1,7.90,2.39,true,1,
7290110114855,false,"נביעות מים מינרליים, שישיה 6 * 1.5 ליטר פקדון",נביעות טבע הגליל בעמ,IL,שישיית מים נביעות,ליטרים,0.01,ליטר,false,1,13.90,1390.00,true,1,
7290110114961,false,משקה קל תפוזים פריגת 1.5 ליטר,מבשלות בירה בינלאומיות ב,IL,פריגת תפוזים 1.5 ליט,ליטרים,0.00,ליטר,false,1,9.90,9.90,true,1,
7290110114985,false,משקה קל אשכוליות פריגת 1.5 ליטר,מבשלות בירה בינלאומיות ב,IL,פריגת אשכוליות 1.5 ל,ליטרים,0.00,ליטר,false,1,9.90,9.90,true,1,
7290110115005,false,משקה קל ענבים פריגת 1.5 ליטר,מבשלות בירה בינלאומיות ב,IL,פריגת ענבים 1.5 ליטר,ליטרים,0.00,ליטר,false,1,9.90,9.90,true,1,
7290110115081,false,פריגת צלול ענבים 1.5 ליטר פיקדון,"מבשלות בירה לישראל בע""\מ",IL,פריגת צלול ענבים 1.5,ליטרים,0.00,ליטר,false,1,8.70,8.70,true,1,
7290110115104,false,פריגת צלול אפרסק 1.5 ליטר פיקדון,מבשלות בירה בינלאומיות ב,IL,פריגת צלול אפרסק 1.5,ליטרים,0.00,ליטר,false,1,8.70,8.70,true,1,
7290110115203,false,קוקה קולה 1.5 ליטר פיקדון,החברה המרכזית לייצור משק,IL,קוקה קולה 1.5 ליטר,ליטרים,0.00,ליטר,false,1,9.20,9.20,true,1,
7290110115296,false,משקה מוגז אורנג' פאנטה 1.5 ליטר,החברה המרכזית לייצור משק,IL,פאנטה אורנג 1.5 ליטר,ליטרים,0.00,ליטר,false,1,10.00,10.00,true,1,
7290110115302,false,משקה מוגז אורנג' זירו פאנטה 1.5 ליטר,החברה המרכזית לייצור משק,IL,פאנטה ZERO אורנג 1.5,ליטרים,0.00,ליטר,false,1,10.00,10.00,true,1,
7290110115333,false,פאנטה תות 1.5 ליטר פיקדון,החברה המרכזית לייצור משק,IL,פאנטה תות 1.5 ליטר,ליטרים,0.00,ליטר,false,1,10.00,10.00,true,1,
7290110115364,false,שישייה קוקה קולה 1.5 ליטר פיקדון,החברה המרכזית לייצור משק,IL,קוקה קולה שישייה 1.5,ליטרים,0.01,ליטר,false,1,52.90,5290.00,true,1,
7290110115371,false,דיאט קוקה קולה שישיות 1.5 ליטר פיקדון,החברה המרכזית לייצור משק,IL,קוקה קולה דיאט שישיי,ליטרים,0.01,ליטר,false,1,49.90,4990.00,true,1,
7290110115401,false,קינלי סודה שישייה 1.5 ליטר פיקדון,החברה המרכזית לייצור משק,IL,קינלי סודה שישייה 1,ליטרים,0.01,ליטר,false,1,16.70,1670.00,true,1,
7290110115418,false,מארז שישייה קוקה קולה זירו 1.5 ל',החברה המרכזית לייצור משק,IL,קוקה קולה דיאט ZERO,ליטרים,0.01,ליטר,false,1,49.90,4990.00,true,1,
7290110115449,false,אייס תה בטעם מנגו אננס 1.5ל' FUZE TEA,מבשלות בירה בינלאומיות ב,IL,תה פיוז מנגו 1.5 ליט,ליטרים,0.00,ליטר,false,1,9.90,9.90,true,1,
7290110115494,false,תה קר בטעם ענבים פיוז טי 1.5 ליטר,מבשלות בירה בינלאומית בע,IL,תה פיוז ענבים 1.5 לי,ליטרים,0.00,ליטר,false,1,9.90,9.90,true,1,
7290110115616,false,FUZE tea zero גרין אננס 1.5 ליטר פיקדון,מבשלות בירה בינלאומיות ב,IL,פיוז טי זירו גרין אנ,ליטרים,0.00,ליטר,false,1,9.90,9.90,true,1,
7290110115623,false,משקה פיוז טי זירו ZERO בטעם אפרסק,מבשלות בירה בינלאומיות ב,IL,פיוז טי זירו אפרסק 1,ליטרים,0.00,ליטר,false,1,9.90,9.90,true,1,
7290110115661,false,"פיוז טי זירו בטעם אפרסק 500 מ""ל",מבשלות בירה בינלאומי,IL,תה פיוז זירו אפרסק,מיליליטרים,500.00,"100 מ""ל",false,1,8.80,1.76,true,1,
7290110115777,false,מים מינרליים נביעות 1.5 ל,נביעות,,נביעות 1.5 ליטר,ליטרים,0.00,ליטר,false,1,3.90,3.90,true,1,
7290110115821,false,"ספרייט לימון, 1.5 ליטר פקדון",כלורוקס אוקלנד,IL,ספרייט לימון- ליים 1,ליטרים,0.00,ליטר,false,1,9.00,9.00,true,1,
7290110115838,false,ספרייט לימון- ליים 1.5 ליטר,"אינסטנטה בע""מ",IL,ספרייט זירו לימון- ל,ליטרים,0.00,ליטר,false,1,9.50,9.50,true,1,
7290110115845,false,קוקה קולה 1.5 ליטר פיקדון,"אינסטנטה בע""מ",IL,קוקה קולה 1.5 ליטר,ליטרים,0.00,ליטר,false,1,9.20,9.20,true,1,
7290110115852,false,דיאט קוקה קולה 1.5 ליטר -,תות תעשיות מזון (201,IL,קוקה קולה דיאט 1.5 ל,ליטרים,0.00,ליטר,false,1,9.20,9.20,true,1,
7290110115869,false,קוקה קולה זירו 1.5 ליטר פיקדון,תות תעשיות מזון (201,IL,קוקה קולה 1.5 ליטר,ליטרים,0.00,ליטר,false,1,9.50,9.50,true,1,
7290110115876,false,קינלי סודה 1.5ליטר-,"אינסטנטה בע""מ",IL,קינלי סודה 1.5 ליטר,ליטרים,0.00,ליטר,false,1,3.30,3.30,true,1,
7290110116484,false,פריגת סחוט מיקס תות בננה 1ליטר,פריגת מצוננים,IL,פריגת מיקס תות בננה,מיליליטרים,1000.00,"100 מ""ל",false,1,19.90,1.99,true,1,
7290110116507,false,פריגת סחוט מיקס אננס בננה אגס 1ליטר,פריגת מצוננים,IL,פריגת מיקס אננס בננה,מיליליטרים,1000.00,"100 מ""ל",false,1,19.90,1.99,true,1,
7290110116514,false,פריגת סחוט מיקס תות בננה 400מל,פריגת,IL,פריגת מיקס תות בננה,מיליליטרים,400.00,"100 מ""ל",false,1,10.90,2.73,true,1,
7290110116569,false,"ספרייט זירו ZERO בק LEMON HIT, 1.5 ליטר",החברה המרכזית לייצור משק,IL,ספרייט ZERO בקבוק 1.,ליטרים,0.00,ליטר,false,1,8.90,8.90,true,1,
7290110320850,false,פתיתים גבינה חצי קשה מגורדת 28% שומן,תנובה מרכז שיתופי לש,IL,פתיתי עמק 200 גר,גרמים,200.00,100 גרם,false,1,17.90,8.95,true,1,
7290110320867,false,פתיתים גבינה חצי קשה מגורדת 28% שומן,תנובה מרכז שיתופי לש,IL,פתיתי עמק למאפים 28%,גרמים,500.00,100 גרם,false,1,39.90,7.98,true,1,
7290110320935,false,גבינת מוצרלה תנובה 150ג' פרוסות,תנובה מרכז שיתופי לש,IL,פרוסות מוצרלה 150 גר,גרמים,150.00,100 גרם,false,1,19.50,13.00,true,1,
7290110321703,false,יוגורט עם פירות יער בתוספת חלבוני חלב 2% שומן,מיוצר עי קונדיטוריית,IL,יופלה GO פירות יער 2,מיליליטרים,200.00,"100 מ""ל",false,1,6.20,3.10,true,1,
7290110322014,false,טופו בטעם טבעי תנובה ALTERNATIVE,שוורצקוף& הנקל דיסלד,IL,טופו טבעי 300 גר,גרמים,300.00,100 גרם,false,1,12.90,4.30,true,1,
7290110322021,false,"תנובה טופו בזיליקום 300 גר' בד""צ",שוורצקוף& הנקל דיסלד,IL,טופו בזיליקום 300 גר,גרמים,300.00,100 גרם,false,1,12.90,4.30,true,1,
7290110322038,false,טופו פיקנטי תנובה ALTERNATIVE,שוורצקוף& הנקל דיסלד,IL,טופו פיקנטי 300 גר,גרמים,300.00,100 גרם,false,1,12.90,4.30,true,1,
7290110323073,false,"משקה יוגורט יופלה גו תות פטל 250 מ""ל - רבנות",מיוצר עי קונדיטוריית,IL,משקה יוגורט מועשר בח,מיליליטרים,250.00,"100 מ""ל",false,1,6.90,2.76,true,1,
7290110323301,false,טל העמק בסגנון אמנטל 32% שומן 200 גרם,פ.פ.ח. שאביט,IL,גבינה טל העמק 32% 20,גרמים,200.00,100 גרם,false,1,20.90,10.45,true,1,
7290110324070,false,גבינת חלומי מחלב בקר תנובה 200 גרם,"תנובה בע""\מ",IL,חלומי מחלב בקר 22%,גרמים,200.00,100 גרם,false,1,21.90,10.95,true,1,
7290110324711,false,ממרח סויה 9% שומן בטעם טבעי תנובה 250 גרם,מיוצר עי קונדיטוריית,IL,ממרח סויה טבעי 9% 25,גרמים,250.00,100 גרם,false,1,11.00,4.40,true,1,
7290110324841,false,מעדן שקדים עם שוקולד מריר תנובה 125 גרם,מיוצר עי קונדיטוריית,IL,מעדן שקדים עם שוקולד,גרמים,125.00,100 גרם,false,1,5.30,4.24,true,1,
7290110324858,false,מעדן שקדים בטעם אגוזי לוז תנובה 125 גרם,מיוצר עי קונדיטוריית,IL,מעדן שקדים בטעם אגוז,גרמים,125.00,100 גרם,false,1,5.30,4.24,true,1,
7290110324872,false,גבינה צהובה גלבוע 5% שומן 200 גרם,גלבוע - תנובה,IL,גלבוע 5% 200 גרם,גרמים,200.00,100 גרם,false,1,18.50,9.25,true,1,
7290110324926,false,משקה סויה ללא תוספת סוכר E אלטרנטיב,תנובה מרכז שיתופי לש,IL,משקה סויה ללא תוספת,מיליליטרים,1000.00,"100 מ""ל",false,1,12.50,1.25,true,1,
7290110325114,false,"משקה יוגורט יופלה גו לייט תות בננה 250 מ""ל - רבנות",מיוצר עי קונדיטוריית,IL,משקה יוגורט גו לייט,מיליליטרים,250.00,"100 מ""ל",false,1,6.90,2.76,true,1,
7290110325121,false,"משקה יוגורט יופלה גו לייט מנגו אננס 250 מ""ל","תנובה בע""\מ",IL,משקה יוגורט גו לייט,מיליליטרים,250.00,"100 מ""ל",false,1,6.90,2.76,true,1,
7290110325305,false,יופלה GO סויה 20 גרם חלבון במתיקות מעודנת תנובה 200 גרם,מיוצר עי קונדיטוריית,IL,מעדן סויה גו 200 גרם,גרמים,200.00,100 גרם,false,1,6.20,3.10,true,1,
7290110325312,false,יופלה GO סויה 20 גרם חלבון בטעם תות תנובה 200 גרם,"תנובה בע""\מ",IL,מעדן סויה גו 20 גר ח,גרמים,200.00,100 גרם,false,1,6.20,3.10,true,1,
7290110325619,false,משקה שיבולת שועל תנובה E אלטרנטיב,מיוצר עי קונדיטוריית,IL,משקה שיבולת שועל 1 ל,ליטרים,0.00,ליטר,false,1,14.90,14.90,true,1,
7290110325879,false,פתיתי גאודה תנובה 200 גרם,תנובה- השף הלבן,IL,פתיתי גאודה 200 גרם,גרמים,200.00,100 גרם,false,1,19.90,9.95,true,1,
7290110325893,false,משקה חלב GO מועשר בחלבון בטעם אייס קפה,מיוצר עי קונדיטוריית,IL,"אייס קפה GO 340 מ""ל",גרמים,340.00,100 גרם,false,1,8.90,2.62,true,1,
7290110326333,false,פרוסות גבינה סקנדינבית תנובה 170 גרם,פ.פ.ח. שאביט,IL,גבינה סקנדינבית פרוס,גרמים,170.00,100 גרם,false,0,20.90,12.29,true,1,
7290110326906,false,חלב נטול לקטוז 3% שומן תנובה 1 ליטר,מיוצר עי קונדיטוריית,IL,חלב טרי נטול לקטוז 3,מיליליטרים,1000.00,"100 מ""ל",false,1,8.30,0.83,true,1,
7290110327033,false,משקה סויה תנובה גו מועשר בחלבון במתיקות מופחתת,מיוצר עי קונדיטוריית,IL,משקה סויה גו מועשר מ,מיליליטרים,1000.00,"100 מ""ל",false,1,14.90,1.49,true,1,
7290110327514,false,alternative משקה שיבולת שועל בטעם אגוזי לוז תנובה 1 ליטר,תנובה מרכז שיתופי לש,IL,משקה שיבולת שועל בטע,מיליליטרים,1000.00,"100 מ""ל",false,1,14.90,1.49,true,1,
7290110328610,false,משקה אורז ושקדים בריסטה אלטרנטיב 1 ליטר,תנובה Alternative,IL,משקה אורז ושקדים ברי,ליטרים,1.00,ליטר,false,1,14.90,14.90,true,1,
7290110328627,false,יוגורט יופלה GO במרקם סמיך בטעם בננה קרמל 0%,מיוצר עי קונדיטוריית,IL,יוגורט גו סמיך בננה,מיליליטרים,200.00,"100 מ""ל",false,1,6.20,3.10,true,1,
7290110328764,false,יוגורט יופלה GO במרקם סמיך עם תות 0%,מיוצר עי קונדיטוריית,IL,יוגורט גו סמיך תות,מיליליטרים,200.00,"100 מ""ל",false,1,6.20,3.10,true,1,
7290110328771,false,יוגורט יופלה GO במרקם סמיך עם פירות יער 0%,מיוצר עי קונדיטוריית,IL,יוגורט גו סמיך פירות,מיליליטרים,200.00,"100 מ""ל",false,1,6.20,3.10,true,1,
7290110328788,false,יוגורט יופלה GO במרקם סמיך בטעם אפרסק 0%,תנובה מרכז שיתופי לש,IL,יוגורט גו סמיך אפרסק,מיליליטרים,200.00,"100 מ""ל",false,1,6.20,3.10,true,1,
7290110329136,false,מעדן חלב מעושר בחלבון בטעם שוקולד 120 ג' GO,תנובה מרכז שיתופי לש,IL,מעדן חלב go בטעם שוק,גרמים,120.00,100 גרם,false,1,5.40,4.50,true,1,
7290110329143,false,מעדן חלב מעושר בחלבון בטעם וניל גביע 120 ג' GO,תנובה מרכז שיתופי לש,IL,מעדן חלב go בטעם וני,גרמים,120.00,100 גרם,false,1,5.40,4.50,true,1,
7290110329426,false,טופו טבעי עם רוטב קרם קוקוס קארי פיקנטי 250 גרם,תנובה חלב,IL,טופו טבעי 250 גרם עם,ליטרים,0.31,ליטר,false,1,14.90,48.06,true,1,
7290110329433,false,טופו טבעי עם רוטב סצ'ואן אלטרנטיב 250 גרם,תנובה חלב,IL,טופו טבעי 250 גרם עם,ליטרים,0.31,ליטר,false,1,14.90,48.06,true,1,
7290110329686,false,"משקה חלב גו בטעם עוגיות 340 מ""ל",מיוצר עי קונדיטוריית,IL,משקה חלב גו בטעם עוג,מיליליטרים,340.00,"100 מ""ל",false,1,8.90,2.62,true,1,
7290110329808,false,יוגורט סויה BIO Alternative תות 150 ג' תנובה,מיוצר עי קונדיטוריית,IL,סויה BIO תות גביע 15,גרמים,150.00,100 גרם,false,1,5.10,3.40,true,1,
7290110329822,false,יוגורט סויה BIO Alternative פירות יער 150 ג' תנובה,מיוצר עי קונדיטוריית,IL,מעדן סויה ביו פירות,גרמים,150.00,100 גרם,false,1,5.10,3.40,true,1,
7290110329914,false,מאגדת משקה שיבולת שועל ושקדים 100 גרם*6 יח' ביו אלטרנטיב,תנובה מרכז שיתופי לש,IL,מאגדת משקה שיבולת שו,ליטרים,0.60,ליטר,false,1,19.90,33.17,true,1,
7290110552220,false,יוגורט PRO בטעם תות 0% סוכר לבן 20 גרם חלבון בגביע,"שטראוס בריאות בע""\מ",IL,דנונה פרו תות 20 ג ח,גרמים,200.00,100 גרם,false,1,6.20,3.10,true,1,
7290110553029,false,"אנרג'י קריספס-פריכיות חומוס, עדשים ואפונה עם קייל וסלק","פרח תעשיו מזון בע""מ",IL,פריכיות חלבון קייל ח,גרמים,60.00,100 גרם,false,1,12.80,21.33,true,1,
7290110554422,false,פומודורו רוטב עגבניות ופלפלים לשקשוקה לפסטה יד מרדכי 350 גרם,אמיליאנה קונסרב סוסייטה,IT,רוטב עגבניות ופלפלים,גרמים,350.00,100 גרם,false,1,13.90,3.97,true,1,
7290110554699,false,"קפה עולה קפסולות אספרסו קלייה איטית וכהה מאוד, 10 * 50 ג'",שטראוס קפה בי.וי.,IL,"קפסולות שת""פ קפה עול",גרמים,50.00,100 גרם,false,1,19.90,39.80,true,1,
7290110556242,false,"שוקולד מריר פרווה 100 גר' בד""ץ תוצרת חוץ","שטראוס גרופ בע""מ.",FR,שוקולד מריר פרווה ח,גרמים,100.00,100 גרם,false,1,6.00,6.00,true,1,
7290110558253,false,דנונה שייק נונה ריפרש בננה אננס וצ'יה,"שטראוס בריאות בע""\מ",IL,דנונה ריפרש בננה אננ,מיליליטרים,250.00,"100 מ""ל",false,1,6.50,2.60,true,1,
7290110558314,false,דנונה פרו 20 גרם חלבון ללא סוכר פיסטוק 200 גרם,"שטראוס בריאות בע""\מ",IL,דנונה פרו פיסטוק 20,גרמים,200.00,100 גרם,false,1,5.90,2.95,true,1,
7290110558338,false,דנונה פרו 25 ג' חלבון 200 ג' שטראוס,"שטראוס בריאות בע""\מ",IL,דנונה פרו 25 ג חלבון,גרמים,200.00,100 גרם,false,1,6.20,3.10,true,1,
7290110559007,false,"שועועית חומה טעם הטבע קופסה, 380 גרם",קונסרב איטליה,IT,שעועית חומה 380 גר ש,גרמים,380.00,100 גרם,false,1,7.50,1.97,true,1,
7290110560317,false,"הפריכיות הטעימות חומוס, עדשים שחורות, קינואה ומלח ים","פרח תעשיו מזון בע""מ",IL,פריכיות משולשות אנרג,גרמים,30.00,100 גרם,false,1,5.90,19.67,true,1,
7290110560324,false,"הפריכיות הטעימות תפו""א, אורז, אפונה ומלח ים","פרח תעשיו מזון בע""מ",IL,פריכיות משולשות אנרג,גרמים,30.00,100 גרם,false,1,5.90,19.67,true,1,
7290110563448,false,"משקה קפה קר בסגנון מעודן 230 מ""ל 1.6% יוטבתה",האי נאם סי או אל.טי.,AT,משקה קפה קר 1.6% מעו,מיליליטרים,230.00,"100 מ""ל",false,1,8.90,3.87,true,1,
7290110563462,false,חלב 2% דל לקטוז בבקבוק יטבתה 1 ליטר.,מחלבת יטבתה,IL,חלב נטול לקטוז 2% בב,ליטרים,0.00,ליטר,false,1,9.20,9.20,true,1,
7290110565527,false,יוגורט PRO פרו 1.5% 20 גרם חלבון בגביע,"שטראוס בריאות בע""מ",IL,דנונה פרו 20 גרם חלב,גרמים,200.00,100 גרם,false,1,6.20,3.10,true,1,
7290110566623,false,קפסולות קולומביה עלית 08 למכונת נספרסו מארז 5X10ג',שטראוס קפה בי.וי.,IL,קפסולות קולומביה 08,גרמים,50.00,100 גרם,false,1,18.90,37.80,true,1,
7290110566975,false,דנונה פרו יוגורט 0% תות עשיר בחלבון 200ג',"שטראוס בריאות בע""\מ",IL,דנונה פרו תות 20 גרם,גרמים,200.00,100 גרם,false,1,6.20,3.10,true,1,
7290110568627,false,פסק זמן רול שוקולד חלב קרם אגוזים 26 ג' עלית,STRAUSS-ISRAEL,IL,פסק זמן רול שוקולד ח,גרמים,28.00,100 גרם,false,1,4.90,17.50,true,1,
7290110571382,false,מעדן חלב בטעם וניל מעושר בחלבון 150 ג' שטראוס,"שטראוס בריאות בע""\מ",IL,מעדן חלב בטעם וניל מ,גרמים,150.00,100 גרם,false,1,5.50,3.67,true,1,
7290110571405,false,עלית - מיני פינוקיות בגביע פסק זמן 180 גרם,הגביע,IL,מיני פינוקיות בגביע,גרמים,180.00,100 גרם,false,1,12.90,7.17,true,1,
7290110571535,false,מארז קפה טורקי הל עלית 300 גרם,שטראוס קפה בי.וי.,IL,מארז טורקי הל 3*100,גרמים,300.00,100 גרם,false,1,26.90,8.97,true,1,
7290110572129,false,כיף כף מקלות שוקולד לבן 40 ג' עלית,סולן בעבור שטראוס,TR,כיף כף מקלות שוקולד,Unknown,0.00,Unknown,false,1,5.50,5.50,true,1,
7290110572969,false,כיף כף פצפצים עקרם לבן 40ג' עלית,שולן צ'\יקולטה גידה סאן.,TR,כיף כף פצפצים קרם לב,גרמים,40.00,100 גרם,false,1,6.30,15.75,true,1,
7290110574413,false,פופקורן בטעם טעמי עלית 70 גרם,סראנו בעבור שטראוס,קפריסין,פופקורן בטעם טעמי 70,גרמים,70.00,100 גרם,false,1,8.50,12.14,true,1,
7290110574420,false,פופקורן בטעם פסק זמן עלית 70 גרם,סראנו בעבור שטראוס,קפריסין,פופקורן בטעם פסק זמן,גרמים,70.00,100 גרם,false,1,8.50,12.14,true,1,
7290110576356,false,"שוקולד ספלנדיד מריר 64% - חלבי , מפולי קקאו מפרו",קימ'\ס גריפלנן,BE,ספלנדיד שוקולד מריר,גרמים,100.00,100 גרם,false,1,9.90,9.90,true,1,
7290110576387,false,מאגדת שלישיית שוקולד אגוז חלב 300 ג' עלית,שטראוס,FR,מארז שלישיית אגוז חל,גרמים,300.00,100 גרם,false,1,27.90,9.30,true,1,
7290110576752,false,טבלאות שוקולד ספלנדיד מריר 70% 100 ג' עלית,קימ'\ס גריפלנן,BE,ספלנדיד מריר 70% 22,גרמים,100.00,100 גרם,false,1,12.90,12.90,true,1,
7290110576776,false,טבלאות שוקולד ספלנדיד מריר 85% 100 ג' עלית,קימ'\ס גריפלנן,BE,ספלנדיד מריר 85% 100,גרמים,100.00,100 גרם,false,1,12.90,12.90,true,1,
7290110577230,false,משקה חלב בטעם פיסטוק בבקבוק יטבתה 1 ליטר,שטראוס גרופ,IL,משקה חלב בטעם פיסטוק,מיליליטרים,1000.00,"100 מ""ל",false,1,12.50,1.25,true,1,
7290111340178,false,מטליות לחות ניקול לניקוי כללי בניחוח מרכך כביסה 50 יח',חוגלה קימברלי,IL,מטל.לחות לניקוי כללי,Unknown,0.00,Unknown,false,1,15.60,15.60,true,1,
7290111340185,false,מטליות לחות רצפה ניחוח מרכך כביסה ניקול 10 יחידות,חוגלה קימברלי,IL,מטליות לחות לנ.רצפה,Unknown,0.00,Unknown,false,1,14.90,14.90,true,1,
7290111342042,false,ניקול כריות יפניות אנטיבקטריאלי 4 יחידות,פלסטו פוליש,IL,כריות יפניות ניקול ל,Unknown,0.00,Unknown,false,1,14.90,14.90,true,1,
7290111345814,false,נייר טואלט לילי נטורל קר 30 גלילים מהדורה,לילי נייר טואלט חוגלה,IL,לילי נייר טואלט נטור,מטרים,588.00,מטר,false,1,43.90,0.07,true,1,
7290111346293,false,מגבת נייר ניקול 6 יחידות מהדורה חגיגית,קימברלי קלארק,IL,מגבות ניקול שישייה מ,Unknown,0.00,Unknown,false,1,12.90,12.90,true,1,
7290111564956,false,"ביסלי במבה מיקס 200 גרם ""אסם""",פרו מן יו פתרונות אריזה,IL,ביסלי במבה מיקס 200,גרמים,200.00,100 גרם,false,1,10.60,5.30,true,1,
7290111565502,false,ארטיק אוראו וניל ועוגיות סנדוויץ נסטלה 80 ג',ג'נרל מילס סאן אדריא,IT,גלידה סנדוויץ אוראו,גרמים,80.00,100 גרם,false,1,10.00,12.50,true,1,
7290111566417,false,טבעול טחון מן הצומח משופר 400 גרם,עיצובים 2020 (4.8),IL,טחון צמחוני טבעול 50,גרמים,500.00,100 גרם,false,1,38.50,7.70,true,1,
7290111568206,false,ביסלי פארטי מיקס אסם 150 גר',פרו מן יו פתרונות אר,IL,ביסלי פארטי מיקס 150,גרמים,150.00,100 גרם,false,1,9.90,6.60,true,1,
7290111872952,false,נרות גמבו כוכבים מי,,CN,נרות גמבו כוכבים מי,Unknown,1.00,Unknown,false,12,6.90,6.90,true,1,
7290111872969,false,נרות ג'מבו כוכבים פי ג'יי,,CN,נרות גמבו כוכבים כו,Unknown,1.00,Unknown,false,12,6.90,6.90,true,1,
7290111933462,false,"רוטב צ'ילי מתוק מאסטר שף 300 מ""ל","סיטי פוד בע""מ",TH,רוטב צילי מתוק מאסטר,מיליליטרים,300.00,"100 מ""ל",false,1,11.90,3.97,true,1,
7290111938481,false,"רוטב סויה בהירה מאסטר שף 300 מ""ל",מאסטר שף,TH,רוטב סויה בהירה מאסט,מיליליטרים,300.00,"100 מ""ל",false,1,11.90,3.97,true,1,
7290112330352,false,"יוגורט PRO בטעם וניל 0% , 20 גרם חלבון בגביע","שטראוס בריאות בע""\מ",IL,דנונה פרו וניל 20 גר,גרמים,200.00,100 גרם,false,1,6.20,3.10,true,1,
7290112332585,false,פריכיות משולש תפוא אורז בתיבול סלק ומלח ים אנרג'י 30 גרם,"פרח תעשיו מזון בע""מ",IL,"פריכיות תפו""א, אורז,",גרמים,30.00,100 גרם,false,1,5.90,19.67,true,1,
7290112332691,false,פינוקיות עוגיות קרם פסק זמן אגוזים 200 גרם,"הגביע מוצרי וופלים בע""\מ",IL,עוגיית קרם פסק זמן א,גרמים,200.00,100 גרם,false,1,12.90,6.45,true,1,
7290112334749,false,קפה טורקי בצלופן עלית 200 גרם+ 10% תוספת,שטראוס קפה בי.וי,IL,קפה עלית טורקי 200 ג,גרמים,220.00,100 גרם,false,1,17.90,8.14,true,1,
7290112336644,false,סוכריות מאסט ללא סוכר לימון 80 ג' עלית,שטראוס גרופ,PL,"סוכריות מאסט לל""ס לי",גרמים,80.00,100 גרם,false,1,10.90,13.63,true,1,
7290112336712,false,יוגורט PRO לבן 0% 21 גרם חלבון בגביע,"שטראוס בריאות בע""מ",IL,דנונה פרו 21 גרם חלב,גרמים,200.00,100 גרם,false,1,6.20,3.10,true,1,
7290112339867,false,גמדים לדרך גבינה לבנה עם מחית תות,"שטראוס בריאות בע""\מ",IL,גמדים סקוויז תות 100,גרמים,100.00,100 גרם,false,1,6.50,6.50,true,1,
7290112339874,false,גמדים לדרך גבינה לבנה עם מחיות תות ובננה,"שטראוס בריאות בע""\מ",IL,גמדים סקוויז תות,גרמים,100.00,100 גרם,false,1,6.50,6.50,true,1,
7290112340122,false,הפריכיות הטעימות 3 דגנים אנרג'י 135 גרם,"פרח תעשיות מזון בע""\מ",IL,פריכיות טעימות 3 דגנ,גרמים,135.00,100 גרם,false,1,12.90,9.56,true,1,
7290112342102,false,סימפוניה גבינה במרקם שמנת בצל מקורמל 5%,"שטראוס בריאות בע""\מ",IL,סימפוניה בצל מקורמל,גרמים,200.00,100 גרם,false,1,12.90,6.45,true,1,
7290112343420,false,"משקה חלב עם דגנים מלאים ובננה פרו יטבתה 350מ""ל",מחלבת יטבתה,IL,משקה חלב עם דגנים וב,מיליליטרים,350.00,"100 מ""ל",false,1,8.50,2.43,true,1,
7290112343499,false,חטיף צ'יטוס פאפס אפוי בטעם גבינה,"שטראוס פריטו ליי בע""\מ )",IL,ציטוס 55 גרם 48 יחיד,גרמים,55.00,100 גרם,false,1,4.90,8.91,true,1,
7290112343512,false,צ'יטוס puffs בטעם גבינה 180 גרם,"שטראוס פריטו ליי בע""\מ )",IL,ציטוס 160 גרם 9 יחי,גרמים,160.00,100 גרם,false,1,8.90,5.56,true,1,
7290112344755,false,מילקי שוקולד 26% פחות סוכר 135 גרם,מיוצר עי קונדיטוריית,IL,מילקי מופחת סוכר 133,גרמים,133.00,100 גרם,false,1,2.90,2.18,true,1,
7290112346629,false,דנונה בר יוגורט+קורנפלקס מצופה שוקולד חלב ולבן 172 גרם,"שטראוס בריאות בע""\מ",IL,יוגורט עם קורנפלקס מ,גרמים,172.00,100 גרם,false,1,4.80,2.79,true,1,
7290112347008,false,גמדים לדרך גבינה לבנה עם מחית תות ושיבולת שועל,מיוצר עי קונדיטוריית,IL,גמדים סקוויז תות בננ,גרמים,100.00,100 גרם,false,1,6.20,6.20,true,1,
7290112349606,false,מעדן גבינה ויוגורט תות בננה 88 ג' דניאלה,"שטראוס בריאות בע""\מ",IL,דניאלה תות בננה 88 ג,גרמים,88.00,100 גרם,false,1,4.30,4.89,true,1,
7290112349736,false,בזיליקום רוטב עגבניות לפסטה יד מרדכי 350 גרם,אמיליאנה קונסרב סוסייטה,IT,רוטב עגבניות לפסטה ב,גרמים,350.00,100 גרם,false,1,13.90,3.97,true,1,
7290112350312,false,קפסולות 15 קפה יותר למכונות נספרסו עלית 10יח',הנסיך- מפעל לייצור ט,IL,קפסולות 15 למכונות נ,גרמים,50.00,100 גרם,false,1,18.90,37.80,true,1,
7290112351128,false,שוקולד פרה סוכריות קופצות וועסטהייים,"שטראוס גרופ בע""\מ",IL,שוקולד פרה סוכריות ק,גרמים,90.00,100 גרם,false,1,6.50,7.22,true,1,
7290112354945,false,תפוצ'יפס WAVY בטעם טבעי 50 גרם,שטראוס פריטו ליי בע”,IL,תפוציפס טבעי 50 גר W,גרמים,50.00,100 גרם,false,1,4.90,9.80,true,1,
7290112354952,false,"תפוציפס WAVY בטעם פפריקה , 50 גרם",שטראוס פריטו ליי בע”,IL,תפוציפס פפריקה 50 גר,גרמים,50.00,100 גרם,false,1,4.90,9.80,true,1,
7290112355027,false,דנונה פרו 20 גרם חלבון בטעם קרמל מלוח 200 גרם,"שטראוס בריאות בע""\מ",IL,דנונה פרו 20 גרם חלב,גרמים,200.00,100 גרם,false,1,6.20,3.10,true,1,
7290112355812,false,מילקי טופ קורנפלקס 141 ג' שטראוס,"שטראוס גרופ בע""\מ",IL,מילקי טופ קורנפלקס 1,גרמים,141.00,100 גרם,false,1,5.30,3.76,true,1,
7290112357113,false,גרגרי חומוס בקופסה 380 גר' טעם הטבע,שטראוס טעם הטבע,IT,גרגרי חומוס טעם הטבע,גרמים,380.00,100 גרם,false,1,7.50,1.97,true,1,
7290112358240,false,רוטב גריל יד מרדכי 300 גרם,"בית אל מזון בע""מ",IL,רוטב גריל יד מרדכי,גרמים,300.00,100 גרם,false,1,14.90,4.97,true,1,
7290112358431,false,עד חצות דאבל ביסקוויט עם שוקולד חלב -8 אריזות אישיות,ביסקוויטס טור ד'\אלבון,FR,ביסקוויט עד חצות דאב,גרמים,180.00,100 גרם,false,1,14.90,8.28,true,1,
7290112490032,false,"נמס בכוס טעם תירס קנור 31 גרם מארז זוגי בד""צ",יוניליוור ישראל מזון בעמ,IL,מרק קנור נמס בכוס תי,גרמים,45.00,100 גרם,false,1,8.50,18.89,true,1,
7290112490216,false,מרק נמס בכוס בטעם עוף קנור 100% רכיבים טבעיים,יוניליוור ישראל מזון בעמ,IL,מרק קנור נמס בכוס עו,גרמים,48.00,100 גרם,false,1,8.50,17.71,true,1,
7290112490582,false,חרדל דיג'וןן צרפתי הלמנס 350 גר,יוניליוור מזון,FR,הלמנס חרדל דיזון 350,גרמים,350.00,100 גרם,false,1,16.90,4.83,true,1,
7290112490742,false,מרק עשיר פטריות עם גריסים רכיבים טבעיים 104 ג' קנור,יוניליוור ישראל מזון בע\,IL,מרק פטריות עם גריסים,גרמים,104.00,100 גרם,false,1,14.90,14.33,true,1,
7290112491770,false,בייגלה דקים דקים מלח ים בייגל בייגל 300 גרם.,בייגל את בייגל מזון 198),IL,בייגלה דקים דקים מלח,גרמים,300.00,100 גרם,false,1,13.90,4.63,true,1,
7290112492449,false,פינוק שמפו שיער רגיל 700 מל-חדש,יוניליוור ישראל טיפוח אי,IL,שמפו פינוק לשיער רגי,מיליליטרים,700.00,"100 מ""ל",false,1,13.90,1.99,true,1,
7290112494221,false,קליק - ביסקויט תפזורת 65 גרם,יוניליוור ישראל מזון בע\,IL,קליק ביסקוויט 65 גרם,גרמים,65.00,100 גרם,false,1,6.90,10.62,true,1,
7290112494238,false,קליק - כדורים חלב תפזורת 65 גרם,יוניליוור ישראל מזון בע\,IL,קליק כדורי חלב 65 גר,גרמים,65.00,100 גרם,false,1,6.90,10.62,true,1,
7290112494276,false,קליק כריות בתפזורת כשר לפסח,יוניליוור ישראל מזון בע\,IL,קליק כריות 65 גר,גרמים,65.00,100 גרם,false,1,7.90,12.15,true,1,
7290112494283,false,קליק - מעורב חום לבן תפזורת 65 גרם,יוניליוור ישראל מזון בע\,IL,קליק חום לבן 65 גרם,גרמים,65.00,100 גרם,false,1,6.90,10.62,true,1,
7290112494313,false,קליק - קורנפלקס תפזורת 65 גרם,יוניליוור ישראל מזון בע\,IL,קליק קורנפלקס 65 גרם,גרמים,65.00,100 גרם,false,1,6.90,10.62,true,1,
7290112494344,false,קורנפלקס כספי אלופים תלמה850 גר',"יוניליוור שפע ישראל בע""\",IL,קורנפלקס של אלופים כ,גרמים,850.00,100 גרם,false,1,18.90,2.22,true,1,
7290112495006,false,כריות נוגט 686 גרם - קופסא,"יוניליוור ישראל מזון בע""",IL,כריות נוגט 686 גרם -,גרמים,686.00,100 גרם,false,1,27.90,4.07,true,1,
7290112495112,false,נשנושים טעם זעתר בייגל בייגל 260 גרם,בייגל את בייגל מזון 198),IL,נשנושים זעתר 260 גרם,גרמים,260.00,100 גרם,false,1,14.90,5.73,true,1,
7290112495433,false,דגני דליפקאן תוספת אגוזי פקאן ושקדים 400 גר,"יוניליור שפע ישראל בע""\מ",IL,דליפקאן 400 גרם,גרמים,400.00,100 גרם,false,1,23.90,5.98,true,1,
7290112495662,false,קרקר חיטה מלאה ופשתן בייגל בייגל 300 גרם,"מיוצר ע""י קוד יצרן A",IL,קרקר חיטה מלאה עם פש,גרמים,300.00,100 גרם,false,1,12.50,4.17,true,1,
7290112495761,false,"הלמנס רוטב לחיץ אלף האיים לייט 290 מ""ל",יוניליוור ישראל מזון בעמ,IL,הלמנס לסלט אלף האיים,מיליליטרים,305.00,"100 מ""ל",false,1,15.40,5.05,true,1,
7290112495815,false,"רוטב חרדל ודבש לייט הלמנס 305 גרם בד""צ.",יוניליוור ישראל מזון בעמ,IL,הלמנס רוטב חרדל דבש,גרמים,305.00,100 גרם,false,1,15.40,5.05,true,1,
7290112496287,false,פתית - צ'יפס בטטה בטעם טבעי 21 גרם,JLM גלובל פודסn37\ דרך א,GB,פתית ציפס בטטה בטעם,גרמים,21.00,100 גרם,false,1,5.90,28.10,true,1,
7290112496294,false,חטיף פתית צ'יפס עם אפונה ירוקה צהובה וצ'ילי,JLM גלובל פודסn37\ דרך א,GB,פתית ציפס אפונה בתוס,גרמים,22.00,100 גרם,false,1,5.90,26.82,true,1,
7290112497994,false,"גרנולה תלמה פרוטאין בתוספת חלבון ואגוזים, 300 גרם","רפאלס בריא וטעים בע""\מ,",IL,גרנולה פרוטאין בתוספ,גרמים,300.00,100 גרם,false,1,20.90,6.97,true,1,
7290112498007,false,גרנולה פרוטאין בתוספת חלבון שקדים וחמוציות תלמה 300 ג',"רפאלס בריא וטעים בע""\מ,",IL,גרנולה פרוטאין ת.חלב,גרמים,300.00,100 גרם,false,1,20.90,6.97,true,1,
7290112498915,false,מאגדת מיני מגנום שקדים מובחר שטראוס 250 גרם,"מיוצר ע""\י גלידת שטראוס",IL,מאגדת מיני מגנום שקד,גרמים,250.00,100 גרם,false,1,29.90,11.96,true,1,
7290112499776,false,גלידת שמנת מופחתת שומן וקלוריות בטעם שוקולד לבן 240 גרם,"גלידת שטראוס בע""\מ, רח'\",IL,גודיז 3 שוקולדים,גרמים,240.00,100 גרם,false,1,29.90,12.46,true,1,
7290112499943,false,מיני מאגדת מיני מגנום טעמים שונים וניל+שוקו,"מיוצר ע""\י גלידת שטראוס",IL,מיני מגנום וניל+שוקו,גרמים,270.00,100 גרם,false,1,29.90,11.07,true,1,
7290112965301,false,זוג מרק נמס בטעם עוף עם שקדי מרק רגע חם,"אסם תעשיות בע""מ",IL,אסם זוג מרק נמס טעם,גרמים,52.00,100 גרם,false,1,5.90,11.35,true,1,
7290112965745,false,אוסם - ביסלי פריסטייל בצל מעושן 60 גרם,"אסם השקעות בע""\מ",IL,ביסלי פריסטייל בצל מ,גרמים,60.00,100 גרם,false,1,4.90,8.17,true,1,
7290112965783,false,אוסם - ביסלי פריסטייל על האש 60 גרם,"אסם השקעות בע""\מ",IL,ביסלי פריסטייל על הא,גרמים,60.00,100 גרם,false,1,4.90,8.17,true,1,
7290112965806,false,אוסם - ביסלי פריסטייל חמוץ חריף 60 גרם,"אסם תעשיות בע""מ",IL,ביסלי פריסטייל חמוץ,גרמים,60.00,100 גרם,false,1,4.90,8.17,true,1,
7290112968821,false,פיטנס - קרקר דק בטטה 140 גרם,מפעל אסם יקנעם,IL,פיטנס קרקר דק בטטה 1,גרמים,140.00,100 גרם,false,1,13.90,9.93,true,1,
7290113192324,false,זיתים ירוקים שלמים בינוניים בית השיטה,בית-השיטה עסיס תעשיות מז,IL,זית ירוק A2 בית השיט,גרמים,340.00,100 גרם,false,1,10.90,3.21,true,1,
7290113192355,false,חרוזית זיתים ירוקים ללא גלעין 275 ג' בית השיטה,בית-השיטה עסיס תעשיות מז,IL,זית חרוזית ירוק A2 ב,גרמים,275.00,100 גרם,false,1,10.90,3.96,true,1,
7290113192362,false,זיתים ירוקים טבעות A2 בית השיטה 280 גרם,בית-השיטה עסיס תעשיות מז,IL,זיתים ירוקים טבעות A,גרמים,280.00,100 גרם,false,1,13.50,4.82,true,1,
7290113192393,false,בית השיטה קוקטייל זיתים א2 336 גרם,בית-השיטה עסיס תעשיות מז,IL,קוקטייל זיתים A2 בית,גרמים,336.00,100 גרם,false,1,13.90,4.14,true,1,
7290113192508,false,בית השיטה מלפפונים במלח קטן 1317 320 גרם,בית-השיטה עסיס תעשיות מז,IL,מלפפון במלח 17-13 בי,גרמים,320.00,100 גרם,false,1,12.90,4.03,true,1,
7290113192539,false,בית השיטה מלפפונים במלח גדול 79 320 גרם,בית-השיטה עסיס תעשיות מז,IL,מלפפון במלח 7-9 בית,גרמים,320.00,100 גרם,false,1,7.90,2.47,true,1,
7290113192546,false,"מלפפונים בחומץ רכיבים טבעיים 7-9 ""בית השיטה""",בית-השיטה עסיס תעשיות מז,IL,מלפפון בחומץ 7-9 בי,גרמים,290.00,100 גרם,false,1,7.90,2.72,true,1,
7290113192560,false,בית השיטה פלפל שיפקה חריף כבוש 230 גרם,בית-השיטה עסיס תעשיות מז,IL,פלפל שיפקה A2 בית ה,גרמים,230.00,100 גרם,false,1,8.80,3.83,true,1,
7290113192577,false,בית השיטה כרוב כבוש א2 12*430גרם חדש,"בית-השיטה תעשיות בע""\מ",IL,כרוב כבוש A2 בית השי,גרמים,430.00,100 גרם,false,1,9.90,2.30,true,1,
7290113192881,false,"טורטיה חיטה מופחת קלוריות, קוטר 20 ס""מ - 6 יח'",דין שיווק,TR,טורטיה חיטה מופחתת ק,גרמים,270.00,100 גרם,false,1,11.90,4.41,true,1,
7290114310338,false,צפתית מעודנת 5% בגביע 225 גרם משק צוריאל,מחלבת משק צוריאל,IL,גבינה צפתית מעודנת 5,גרמים,225.00,100 גרם,false,1,19.50,8.67,true,1,
7290114608640,false,קרוטונים לסלט כוסמין מאסטר שף 260 גרם,עינת תעשיות מזון אגו,IL,קרוטונים לסלט כוסמין,גרמים,260.00,100 גרם,false,1,22.90,8.81,true,1,
7290114651561,false,באנר אותיות יום הולד,,CN,באנר אותיות יום הולד,Unknown,1.00,Unknown,false,12,9.90,9.90,true,1,
7290114655354,false,מסכה לפנים חד פעמי מארז 10 יח,,,מסכה לפנים חד פעמי מ,יחידה,1.00,יחידה,false,1,3.90,3.90,true,1,
7290114659949,false,מסכה כירורגית חד פעמית מארז 50 יח',,CN,מסכה לפנים חד פעמי 5,יחידה,1.00,יחידה,false,1,10.90,10.90,true,1,
7290115073676,false,מסכה לפנים חד פעמי 50 יח צבעוניות,שמחה זה אנחנו,CN,מסכה לפנים חד פעמי 5,יחידה,1.00,יחידה,false,1,10.90,10.90,true,1,
7290115073683,false,מסכה לפנים חד פעמי מארז 10 יח צבעוניות,,IL,מסכה לפנים חד פעמי מ,יחידה,1.00,יחידה,false,1,4.90,4.90,true,1,
7290115075038,false,מסכה לפנים לילדים חד פעמי - 5 יח כוח פיג,Unknown,IL,מסכה לפנים לילדים חד,יחידה,1.00,יחידה,false,1,5.90,5.90,true,1,
7290115180282,false,יחידות טבק לחימום ברונז PP,פיליפ מוריס,IL,יחידות טבק לחימום בר,Unknown,0.00,Unknown,false,1,26.50,26.50,true,1,
7290115190014,false,סיגריות מרלבורו רד קצר בוקס,פיליפ מוריס,IL,מרלבורו רד קצר בוקס,Unknown,0.00,Unknown,false,1,35.90,35.90,true,1,
7290115190052,false,סיגריות מרלבורו מדיום פלייבור מיקס,פיליפ מוריס,US,מרלבורו פלייבור מיקס,Unknown,0.00,Unknown,false,1,35.90,35.90,true,1,
7290115190076,false,סיגריות מרלבורו גולד ארוך 100 בוקס,פיליפ מוריס,TR,מרלבורו גולד 100 חפי,Unknown,0.00,Unknown,false,1,35.90,35.90,true,1,
7290115190090,false,סיגריות מרלבורו קצר בוקס בודד,פיליפ מוריס,US,מרלבורו גולד קצר,Unknown,0.00,Unknown,false,1,35.90,35.90,true,1,
7290115190137,false,סיגריות מרלבורו טאצ סילבר יחידה,פיליפ מוריס,IL,מלבורו פיין טאצ 7.1,יחידה,1.00,יחידה,false,1,31.90,31.90,true,1,
7290115190151,false,סיגריות מרלבורו טאצ גולד,פיליפ מוריס,IL,מלבורו גולד טאצ 7.1,יחידה,1.00,יחידה,false,1,31.90,31.90,true,1,
7290115190175,false,פרלמנט סופר סלימס קופסא,פיליפ מוריס,US,פרלמנט סופר סלימס חפ,Unknown,0.00,Unknown,false,1,41.00,41.00,true,1,
7290115190199,false,פרלמנט נייט ארוך חפיסה,פיליפ מוריס,TR,פרלמנט ארוך RCB חפיס,Unknown,0.00,Unknown,false,1,41.00,41.00,true,1,
7290115190212,false,סיגריות פרלמנט בלו 100 BR בודד,פיליפ מוריס,PL,פרלמנט ארוך בלו RCB,Unknown,0.00,Unknown,false,1,41.00,41.00,true,1,
7290115190236,false,סיגריות פרלמנט קצר בלו בודד,פיליפ מוריס,IL,פרלמנט קצר בלו חפיסה,Unknown,0.00,Unknown,false,1,41.00,41.00,true,1,
7290115190250,false,סיגריות פרלמנט קצר בודד,פיליפ מוריס,US,פרלמנט נייט PP חפיסה,Unknown,0.00,Unknown,false,1,41.00,41.00,true,1,
7290115190274,false,סיגריות פרלמנט סילבר,פיליפ מוריס,US,פרלמנט סילבר חפיסה,Unknown,0.00,Unknown,false,1,41.00,41.00,true,1,
7290115190335,false,ל.מ.בלו לייבל ארוך בוקס חפיסה,פיליפ מוריס,TR,ל.מ.בלו לייבל ארוך ב,Unknown,0.00,Unknown,false,1,31.90,31.90,true,1,
7290115190359,false,סיגריות L.M בלו לייבל קצר,פיליפ מוריס,US,L&M בלו לייבל קצר-חפ,Unknown,0.00,Unknown,false,1,31.90,31.90,true,1,
7290115190373,false,סיגריות ל.מ. קפסולהP,פיליפ מוריס,TR,ל.מ.פורוורד חפיסה,Unknown,0.00,Unknown,false,1,31.90,31.90,true,1,
7290115190397,false,סיגריות L.M קצר רד לייבל בודד,פיליפ מוריס,US,ל.מ רדPP חפיסה,Unknown,0.00,Unknown,false,1,31.90,31.90,true,1,
7290115190410,false,סיגריות L.M סילבר לייבל בודד,פיליפ מוריס,TR,ל.מ. סילבר לייבל חפי,Unknown,0.00,Unknown,false,1,31.90,31.90,true,1,
7290115190458,false,סיגריות נקסט פיין אדג' בודד,פיליפ מוריס,TR,נקסט ארג חפיסה,Unknown,0.00,Unknown,false,1,24.90,24.90,true,1,
7290115190472,false,סיגריות נקסט פיין אדג',פיליפ מוריס,TR,נקסט פיין ארג חפיסה,Unknown,0.00,Unknown,false,1,24.90,24.90,true,1,
7290115190496,false,סיגריות נקסט ארוך בודד,פיליפ מוריס,IL,נקסט פיין 100 חפיסה,Unknown,0.00,Unknown,false,1,29.90,29.90,true,1,
7290115190519,false,סיגריות נקסט פיין חפ,פיליפ מוריס,PL,נקסט חפיסה,Unknown,0.00,Unknown,false,1,29.90,29.90,true,1,
7290115190595,false,סיגריות נקסט אוריגינ,פיליפ מוריס,PL,נקסט FF חפיסה,Unknown,0.00,Unknown,false,1,29.90,29.90,true,1,
7290115190892,false,סיגריות מרלבורו פיוז'ן קפסולה בודד,פיליפ מוריס,IL,מרלבורו פיוזן קפסולה,Unknown,0.00,Unknown,false,1,26.90,26.90,true,1,
7290115190960,false,מרלבורו טאץ אדום קרטוש,פיליפ מוריס,TR,מרלבורו טאץ אדום קרט,יחידה,1.00,יחידה,false,1,285.00,285.00,true,1,
7290115190977,false,סיגריות מרלבורו טאץ אדום -בודד,פיליפ מוריס,TR,מלבורו טאצ אדום חפי,יחידה,1.00,יחידה,false,1,28.90,28.90,true,1,
7290115200676,false,עוגיות קרמוגית במילוי קרם בטעם קרמל מלוח,"הגביע מוצרי וופלים בע""\מ",IL,קרמוגית קרמל מלוח 20,גרמים,200.00,100 גרם,false,1,13.90,6.95,true,1,
7290115201680,false,ביסלי בטעם ברביקיו אסם 70 גרם,"אסם השקעות בע""\מ",IL,ביסלי ברביקיו 70 גרם,גרמים,70.00,100 גרם,false,1,4.70,6.71,true,1,
7290115203134,false,פופקו פופקורן במבה אסם 80 גרם,"אסם השקעות בע""\מ",IL,פופקו פופקורן במבה 8,גרמים,80.00,100 גרם,false,1,5.50,6.88,true,1,
7290115203172,false,במבה PRO מכיל 18 גרם חלבון בשקית,"אסם השקעות בע""\מ",IL,במבה פרו 80 גרם,גרמים,80.00,100 גרם,false,1,4.90,6.13,true,1,
7290115205176,false,פיטנס - קרקר דק כפרי פיטנס 140 גרם,נסטלה Nestle,IL,פיטנס קרקר כפרי 140,גרמים,140.00,100 גרם,false,1,13.90,9.93,true,1,
7290115207309,false,אסם אינסטנט פודינג טרמיסימו 70 גרם,"אסם השקעות בע""\מ",IL,אסם אינסטנט פודינג ט,גרמים,70.00,100 גרם,false,1,5.90,8.43,true,1,
7290115207620,false,"רוטב בסגנון סויה קלאסי 290 מ""ל אסם","אסם השקעות בע""\מ",IL,אסם רוטב בסגנון סויה,מיליליטרים,290.00,"100 מ""ל",false,1,16.90,5.83,true,1,
7290115208009,false,סירופ ענבים ויטמינצ'יק 1 ליטר,בית-השיטה עסיס תעשיות מז,IL,סירופ ויטמינציק ענבי,מיליליטרים,1000.00,"100 מ""ל",false,1,23.90,2.39,true,1,
7290115208047,false,סירופ פטל ויטמינצ'יק 1 ליטר,בית-השיטה עסיס תעשיות מז,IL,סירופ ויטמינציק פטל,מיליליטרים,1000.00,"100 מ""ל",false,1,23.90,2.39,true,1,
7290115208320,false,אפרופו חטיף בטעם ביסלי בצל 50 גרם,"אסם השקעות בע""\מ",IL,אפרופו בטעם ביסלי בצ,גרמים,50.00,100 גרם,false,1,5.90,11.80,true,1,
7290115209198,false,במבה אוורירית אסם 80 גרם,"אסם תעשיות בע""מ",IL,במבה אורירית 80 גרם,גרמים,80.00,100 גרם,false,1,4.90,6.13,true,1,
7290115209235,false,ביסקוויט פתי בר קפה אסם 500 גרם,"אסם תעשיות בע""מ",IL,אסם פתי בר קפה 500 ג,גרמים,500.00,100 גרם,false,1,14.90,2.98,true,1,
7290115209372,false,במבה במילוי בראוניז 150ג' אסם,"אסם השקעות בע""\מ",IL,במבה במילוי בראוניז,גרמים,150.00,100 גרם,false,1,10.90,7.27,true,1,
7290115252330,false,וירו - מנת קינואה - בסגנון ספרדי עם ירוקת קלויים 340+130 מל',,PE,וירו מנת קינואה ספרד,גרמים,470.00,100 גרם,false,1,15.90,3.38,true,1,
7290115252484,false,פאי כוסמין פיצוחים400ג,פתפותים לחמים ומאפים מקמ,IL,פאי פיצוחים 400 גרם,גרמים,400.00,100 גרם,false,1,44.90,11.23,true,1,
7290115675696,false,דגני בוקר קראנצ'ים שיבולת שועל עם אגוזים ושקדים,גלידות שטראוס,PL,קוואקר אגוזים 375 ג,גרמים,375.00,100 גרם,false,1,22.90,6.11,true,1,
7290115675702,false,דגני בוקר קראנצ'ים שיבולת שועל עם פירות מיובשים,גלידות שטראוס,PL,קוואקר פירות 375 גר,גרמים,375.00,100 גרם,false,1,22.90,6.11,true,1,
7290115675986,false,דנונה יוגורט בר עם אגוזים מקורמלים 173 גרם,"שטראוס בריאות בע""\מ",IL,דנונה בר אגוזים מקור,גרמים,180.00,100 גרם,false,1,4.80,2.67,true,1,
7290115676037,false,דנונה ריפרש יוגורט עם תות ודומדמניות 1.6% שומן,מיוצר עי קונדיטוריית,IL,דנונה ריפרש תות דומד,מיליליטרים,250.00,"100 מ""ל",false,1,6.90,2.76,true,1,
7290115676051,false,"משקה אקטיביה שיבולת שועל במתיקות מעודנת 250 מ""ל",מיוצר עי קונדיטוריית,IL,משקה אקטיביה ש. שועל,גרמים,265.00,100 גרם,false,1,6.40,2.42,true,1,
7290115676082,false,משקה דנונה פרו 20 יוגורט תות 255 ג' רבנות,"שטראוס בריאות בע""\מ.",IL,משקה דנונה פרו 20 תו,מיליליטרים,265.00,"100 מ""ל",false,1,8.30,3.13,true,1,
7290116531588,false,סיף מגבונים לניקוי כללי בניחוח מרכך 50 יח',יוניליוור,IL,מט.לחות סיף לנ.כללי,Unknown,0.00,Unknown,false,1,11.90,11.90,true,1,
7290116531595,false,מגבונים סיף לניקוי בניחוח מאסק 50 יח',יוניליוור,IL,מט.לחות סיף לנ.כללי,Unknown,0.00,Unknown,false,1,11.90,11.90,true,1,
7290116531779,false,דפים ריחניים למייבש כביסה בדין כחול 40 יחידות,"קלינטסט - 3p ארה""ב",US,בדין נייר מרכך למיי,Unknown,0.00,Unknown,false,1,21.90,21.90,true,1,
7290116531885,false,"מיונז הלמנס טיבעוני בד""ץ 500 גר",יוניליוור ישראל מזון בע\,IL,מיונז טבעוני הלמנס 5,גרמים,500.00,100 גרם,false,1,15.90,3.18,true,1,
7290116532011,false,קליק אוקיי נוגט בציפוי שוקולד חלב 35 גרם,תות תעשיות מזון (2014) ב,IL,קליק חטיף שוקולד נוג,גרמים,35.00,100 גרם,false,1,5.90,16.86,true,1,
7290116532462,false,גלידת שמנת קליק בטעמי שוקולד בננה 384 ג' שטראוס,"גלידת שטראוס בע""\מ, רחוב",IL,גלידת שמנת קליק בטעם,גרמים,384.00,100 גרם,false,1,21.90,5.70,true,1,
7290116930435,false,יופלה גו במרקם סמיך עם דובדבן 0% 200מל,תנובה מרכז שיתופי לש,IL,יוגורט גו סמיך דובדב,מיליליטרים,200.00,"100 מ""ל",false,1,6.20,3.10,true,1,
7290116930466,false,"משקה SHAKE בננה מנגן פסיפלורה והל 230 מ""ל יופלה",קבוצת המזון אקטשלאר,IL,יופלה שייק מנגו בננה,מיליליטרים,230.00,"100 מ""ל",false,1,8.90,3.87,true,1,
7290116930480,false,"משקה SHAKE בננה קיווי תפוח 230 מ""ל יופלה",קבוצת המזון אקטשלאר,IL,יופלה שייק בננה קיוו,מיליליטרים,230.00,"100 מ""ל",false,1,8.90,3.87,true,1,
7290116930701,false,מעדן חלב GO מועשר בחלבון בטעם קרמל מלוח,תנובה מרכז שיתופי לש,IL,מעדן חלב go בטעם קרמ,גרמים,120.00,100 גרם,false,1,5.40,4.50,true,1,
7290116930725,false,סויה BIO קוקוס גביע 150 גרם אלטרנטיב,תנובה חלב,IL,סויה BIO קוקוס גביע,גרמים,150.00,100 גרם,false,1,5.10,3.40,true,1,
7290116931081,false,מעדן סויה - טופי קרמל 125 גרם אלטרנטיב,תנובה מרכז שיתופי לש,IL,מעדן סויה בטעם טופי,גרמים,125.00,100 גרם,false,1,4.70,3.76,true,1,
7290116931104,false,יופלה GO במרקם סמיך עם אננס 0% תנובה 200 גרם,תנובה חלב,IL,יוגורט גו סמיך עם אנ,מיליליטרים,200.00,"100 מ""ל",false,1,6.20,3.10,true,1,
7290117260975,false,זיתי קלמטה מגולענים במי מלח 300 גרם ויליפוד,סיוארס אס.איי,TR,זיתי קלמטה מגולענים,גרמים,350.00,100 גרם,false,1,9.90,2.83,true,1,
7290117261040,false,זיתים שחורים מרינד 454 ג' ויליפוד,,GR,זיתים שחורים מרינד ב,גרמים,454.00,100 גרם,false,1,21.90,4.82,true,1,
7290117261569,false,סלמון אטלנטי מעושן בשמן קנולה 120 גרם ויליפוד,קריות זול,LV,סלמון אטלנטי מעושן ק,גרמים,120.00,100 גרם,false,1,14.90,12.42,true,1,
7290117381229,false,פוף פריכיות מצופות שוקולד חלב 70 גרם,בנליאן פודס,RS,פוף פריכיות מ.שוקולד,גרמים,70.00,100 גרם,false,1,7.90,11.29,true,1,
7290117382318,false,סלים דליס - חטיף חלבון מצופה שוקולד מריר 60 גרם,"י. מרבה ישראל בע""\מ",IT,חטיף חלבון מ.שוקולד,גרמים,60.00,100 גרם,false,1,13.90,23.17,true,1,
7290117382325,false,סלים דליס - פרו 33 חטיף חלבון מצופה שוקולד חלב 60 גרם,"י. מרבה ישראל בע""\מ",IT,חטיף חלבון מ.שוקולד,גרמים,60.00,100 גרם,false,1,13.90,23.17,true,1,
7290117383711,false,"מארז זוג תחליב רחצה חלב ודבש *750 מ""ל פלמוליב",קולגייט פלמוליב,TR,פלמוליב חלב ודבש 750,Unknown,0.00,Unknown,false,1,30.00,30.00,true,1,
7290117383735,false,"מארז זוג תחליב רחצה חימר ורדים *750 מ""ל פלמוליב",קולגייט פלמוליב,TR,פלמוליב חימר ורדים 7,Unknown,0.00,Unknown,false,1,30.00,30.00,true,1,
7290117383742,false,"מארז זוג ג'ל רחצה לגבר 750 מ""ל פלמוליב",קולגייט פלמוליב,TR,פלמוליב גבר מרענן 75,Unknown,0.00,Unknown,false,1,30.00,30.00,true,1,
7290117900949,false,בוטנים מצופים אמריקאים 250 גרם,"שקדיה גבע תעשיות בע""",IL,בוטנים מצופים אמריקא,גרמים,250.00,100 גרם,false,1,10.90,4.36,true,1,
7290117900970,false,שקדים קלויים ששון הקולה 180 גם,דין שיווק וקלייה בעמ,IL,שקדים קלויים 180 גרם,גרמים,180.00,100 גרם,false,1,16.90,9.39,true,1,
7290117900987,false,אגוז פקאן קלוף ששון הקולה 140 גרם,"שקדיה גבע תעשיות בע""",IL,אגוזי פקאן קלוף 140,גרמים,140.00,100 גרם,false,1,16.90,12.07,true,1,
7290117900994,false,פקאן סיני מסוכר ששון הקולה 140 גרם,"שקדיה גבע תעשיות בע""",IL,פקאן סיני מסוכר 140,גרמים,140.00,100 גרם,false,1,15.90,11.36,true,1,
7290117901007,false,פיסטוקים קלויים ששון הקולה 130 גרם,"שקדיה גבע תעשיות בע""",IL,פיסטוקים קלויים 130,גרמים,130.00,100 גרם,false,1,15.90,12.23,true,1,
7290117901021,false,קבוקים בוטנים מצופים עם שומשום 220 גרם,"שקדיה גבע תעשיות בע""",IL,קבוקים בוטנים מצופים,גרמים,220.00,100 גרם,false,1,10.90,4.95,true,1,
7290117901038,false,אגוזי מלך קלופים ששון הקולה 190 גרם,"שקדיה גבע תעשיות בע""",IL,אגוזי מלך קלופים 190,גרמים,190.00,100 גרם,false,1,15.90,8.37,true,1,
7290117901045,false,בוטן רביולי ששון הקולה 200 גרם,דין שיווק וקלייה בעמ,IL,בוטן רביולי 200 גרם,גרמים,200.00,100 גרם,false,1,15.90,7.95,true,1,
7290117901175,false,שקדים קלופים 250 גרם ששון הקולה,,,שקדים קלופים 250 גרם,גרמים,250.00,100 גרם,false,1,20.00,8.00,true,1,
7290118420477,false,אסם בייגלה שטוחים בטעם ביסלי בצל 300 גרם,"אסם תעשיות בע""מ",IL,אסם בייגלה שטוחים בט,גרמים,300.00,100 גרם,false,1,11.90,3.97,true,1,
7291008084816,false,"תמר מג'הול בד""צ 1 ק""ג",מהדרין תנופורט,IL,"תמר מגהול 1 ק""ג",קילוגרמים,0.00,"ק""ג",false,1,29.90,29.90,true,1,
7296082000035,false,"ביצים ""פלוס"" 6 יחידות",המכון למיון ושיווק ב,IL,ביצה פלוס 6 יח L,Unknown,0.00,Unknown,false,1,14.90,14.90,true,1,
7296082000080,false,ביצי חופש 12 יחידות,המכון למיון ושיווק ביצים,IL,ביצי חופש 12 יח,Unknown,0.00,Unknown,false,1,21.90,21.90,true,1,
7296082000134,false,ביצים רגילות לארג' 1,המכון למיון ושיווק ב,IL,ביצים רגילות 12 יח L,Unknown,0.00,Unknown,false,1,12.05,12.05,true,1,
7296082000141,false,ביצים רגילות מדיום 1,המכון למיון ושיווק ב,IL,ביצים רגילות 12 יח,Unknown,0.00,Unknown,false,1,11.15,11.15,true,1,
7296082000165,false,ביצים אורגניות תריסר,המכון למיון ושיווק ב,IL,ביצים אורגניות 12 יח,Unknown,0.00,Unknown,false,1,25.90,25.90,true,1,
7296150000028,false,עלי גפן ממולאים באורז 425 גר,אקמאר,TR,עלי גפן ממולאים באור,גרמים,425.00,100 גרם,false,1,14.90,3.51,true,1,
7297488097995,false,גרנולה דבש ללא גלוטן 250 גרם דגש,תות תעשיות מזון (201,IL,גרנולה דבש דגש 250 ג,גרמים,250.00,100 גרם,false,1,17.90,7.16,true,1,
7297488098152,false,דגש קמח חומוס ללא גל,אף.סי תבליני בגליל ב,IL,קמח חומוס 500 גרם,גרמים,500.00,100 גרם,false,1,17.90,3.58,true,1,
7312220023398,false,אנאס עוגיות דקות בטעם קפוצינו 150 גר,Annas Pepparkakor,SE,אנאס עוגיות דקות בטע,גרמים,150.00,100 גרם,false,1,12.90,8.60,true,1,
7312220035735,false,אנאס עוגיות דקות בטעם תפוז 150 גר,Annas Pepparkakor,SE,אנאס עוגיות דקות בטע,גרמים,150.00,100 גרם,false,1,12.90,8.60,true,1,
7393714369000,false,"קופרברג סיידר אגסים 4.5% בקבוק 330 מ""ל",לני אנד לארי,SE,קופרברג סיידר אגסים,מיליליטרים,330.00,"100 מ""ל",false,1,9.50,2.88,true,1,
7393714369208,false,"קופרברג סיידר פירות יער 330 מ""ל פחית",לני אנד לארי,SE,קופרברג סיידר פירות,מיליליטרים,330.00,"100 מ""ל",false,1,9.50,2.88,true,1,
7394376123337,false,"משקה שיבולת שועל אורגני מפוקח ע""י סקאל",טרנסומס פוד איי.בי,SE,משקה ש.שועל אורגני 1,מיליליטרים,1000.00,"100 מ""ל",false,1,15.90,1.59,true,1,
7394376616778,false,אוטלי משקה שיבולת שועל להקצפה בריסטה 1 ליטר,טרנסומס פוד,SE,משקה ש.שועל להקצפה ב,מיליליטרים,1000.00,"100 מ""ל",false,1,16.90,1.69,true,1,
7394376620294,false,אוטלי משקה שיבולת שועל בטעם וניל 1 ליטר,איי אם פי אס איי תעש,NL,משקה ש.שועל בטעם וני,מיליליטרים,1000.00,"100 מ""ל",false,1,16.90,1.69,true,1,
7501064191466,false,"שישיית בירה קורונה 355 מ""ל בקבוק",סרבסריה מודלו,MX,שישיית בירה קורונה 3,מיליליטרים,2130.00,"100 מ""ל",false,1,35.90,1.69,true,1,
7509546678702,false,קולגייט משחת שיניים טוטל אנטי טרטר 100 מ,קולגייט-פלמוליב,PL,קולגייט טוטל אנטי טר,מיליליטרים,100.00,"100 מ""ל",false,1,19.90,19.90,true,1,
7610100034084,false,מיונז טומי בשפורפרת 265 גרם,נסטלה שוויץ ס.א,CH,מיונז טומי 265 גר,גרמים,265.00,100 גרם,false,1,13.90,5.25,true,1,
7610400010481,false,לינדט אקסלנס שוקולד חלב 100 גרם,לינדט ושפרונגלי קילשברג,FR,לינדט אקסלנס מילק,גרמים,100.00,100 גרם,false,1,17.90,17.90,true,1,
7610400014632,false,שוקולד לינדור בודד וואיט 100 ג',לינדט Lindt,CH,לינדט שוקולד לבן 100,גרמים,100.00,100 גרם,false,1,16.90,16.90,true,1,
7610400014649,false,לינדור קוביות במילוי קרם שוקולד חלב 100 גרם,לינדט ושפרונגלי קילשברג,CH,לינדט שוקולד חלב 100,גרמים,100.00,100 גרם,false,1,16.90,16.90,true,1,
7610700002681,false,ריקולה סוכריות ללא סוכר בטעם צמחים 50 גר',,CH,סוכריות ריקולה ללא ס,גרמים,50.00,100 גרם,false,1,13.90,27.80,true,1,
7610700012642,false,ריקולה בשקית לימון מינט 70 גרם,ריקולה,CH,סוכריות לימון ריקולה,גרמים,70.00,100 גרם,false,1,11.90,17.00,true,1,
7610700013083,false,סוכריות ריקולה ללא סוכר בטעם צמחים 20 יח',,,סוכריות ריקולה ללא ס,גרמים,50.00,100 גרם,false,1,13.90,27.80,true,1,
7610700607046,false,סוכריות צמחים לימון ומנטה ללא תוספת סוכר,ריקולה Ricola,CH,סוכריות ריקולה דיאט,גרמים,50.00,100 גרם,false,1,13.90,27.80,true,1,
7610700607077,false,סוכריות צמחים תפוז ומנטה ללא תוספת סוכר,ריקולה Ricola,CH,סוכריות ריקולה דיאט,גרמים,50.00,100 גרם,false,1,13.90,27.80,true,1,
7613030979647,false,דגני בוקר טריקס פירות עולם היורה 480 ג',ג'נרל מילס סאן אדריא,CL,דגנים טריקס פירות עו,גרמים,480.00,100 גרם,false,1,28.90,6.02,true,1,
7613033548192,false,פיטנס - דגני בוקר שוקולד מריר 375 גרם,נסטלה צרפת איטנקורט,FR,דגני בוקר פיטנס שוקו,גרמים,375.00,100 גרם,false,1,22.90,6.11,true,1,
7613035635845,false,פיטנס גרנולה שוקולד 14*300 גרם,שוורצקוף& הנקל דיסלד,LT,פיטנס גרנולה שוקולד,גרמים,300.00,100 גרם,false,1,17.90,5.97,true,1,
7613035809109,false,פרפקטו רוטב עגבניות ובזיליקום אסם 400 גרם,אסם פרפקטו Perfecto,ES,פרפקטו רוטב עגבניות,גרמים,400.00,100 גרם,false,1,11.90,2.98,true,1,
7613036576734,false,קרטיב חמשושים חדש נסטלה 60 גר,פרונרי איבריה ס.ל,ES,חמשושים 60 גר,גרמים,60.00,100 גרם,false,1,10.00,16.67,true,1,
7613036723671,false,נסטלה דולצה שוקולד מריר 100 גרם,,,נסטלה דולצה שוקולד מ,גרמים,100.00,100 גרם,false,1,8.50,8.50,true,1,
7613036723701,false,נסטלה דולצה שוקולד חלב 100 גרם,,,נסטלה דולצה שוקולד ח,גרמים,100.00,100 גרם,false,1,8.50,8.50,true,1,
7613037686906,false,פיטנס שקדים ודבש 355 גרם מופחת סוכר,נסטלה צרפת איטנקורט,FR,דגני בוקר פיטנס שקדי,גרמים,375.00,100 גרם,false,1,22.90,6.11,true,1,
7613287325808,false,אוסם - דיפ אנד ספרד מטבל איולי שום 295 גרם,נסטלה פולין,PL,רוטב איולי שום לחיץ,גרמים,295.00,100 גרם,false,1,16.90,5.73,true,1,
7614500010013,false,טובלרון - שוקולד חלב קלאסי 100 גרם,,,טובלרון חלב 100 גר,גרמים,100.00,100 גרם,false,1,11.00,11.00,true,1,
7622010001858,false,עוגיות אוראו ממולאות קרם וניל 176 גרם.,פי אר ג'\יי אס אי מנדלז,UA,אוראו ממולאות קרם ונ,גרמים,176.00,100 גרם,false,1,10.90,6.19,true,1,
7622201050757,false,שוקולד מילקה טבלת חלב עם קרמל 100 ג',מילקה Milka,DE,שוקולד חלב עם קרמל מ,גרמים,100.00,100 גרם,false,1,7.90,7.90,true,1,
7622201401900,false,עוגיות סנסיישן אוראו מילקה 156 גרם,מונדלז פולסקה פרודקש,PL,עוגיות מילקה סנסיישן,גרמים,156.00,100 גרם,false,1,12.90,8.27,true,1,
7622201802394,false,שוקולד מילקה חלב מסרונים 100 גרם,מנדלז דויצ'\לנד סנקס פרו,DE,שוקולד מילקה חלב 100,גרמים,100.00,100 גרם,false,1,7.90,7.90,true,1,
7622201813390,false,עוגיות מילקה וואפל במילוי קרם קקאו 150 ג,מונדליז סי.אר. ביסקוויט,CZ,עוגיות מילקה וואפל ב,גרמים,150.00,100 גרם,false,1,12.90,8.60,true,1,
7622201819408,false,שוקולד מילקה דרק קרמל 85 גרם.,מונדלז דויטשלנד סנאק,DE,מילקה דרק קרמל 85 גר,גרמים,85.00,100 גרם,false,1,8.50,10.00,true,1,
7622201819552,false,מילקה דארק שוקולד 85 גרם חדש,מונדלז דויטשלנד סנאק,DE,מילקה דרק 85 גרם,גרמים,85.00,100 גרם,false,1,8.50,10.00,true,1,
7622210078131,false,שוקולד חלב עם שבבי קרמל מילקה דיים 100 גרם,מנדלז דויצ'\לנד סנקס פרו,DE,שוקולד חלב עם דאיים,גרמים,100.00,100 גרם,false,1,7.90,7.90,true,1,
7622210137234,false,עוגיות אוראו עם דאבל קרים וניל 170 גר,מונדלייז,ES,עוגיות אוראו עם דאבל,גרמים,170.00,100 גרם,false,1,12.50,7.35,true,1,
7622210421968,false,לו ביסקוויט פטיט אקולייה 150 גר,,,לו ביסקוויט פטיט אקו,גרמים,150.00,100 גרם,false,1,21.90,14.60,true,1,
7622210644473,false,קדבורי שוקולד חלב ושברי אגוזי לוז 95 גרם,,,קדבורי שוקולד חלב וש,גרמים,95.00,100 גרם,false,1,11.90,12.53,true,1,
7622210748997,false,אוראו פירורי עוגיות בשקית 300 גרם,מונדליז,HU,אוראו פירורי עוגיות,גרמים,300.00,100 גרם,false,1,13.90,4.63,true,1,
7622210765338,false,עוגיות אורגינל 176 ג' אוראו,מונדולז,,עוגיות אוראו 176 גרם,גרמים,176.00,100 גרם,false,1,9.90,5.63,true,1,
7622210835338,false,אוראו עוגיות ממולאות טעם בראוניז 176 גרם,מנדלז אספנה גאלטס פר,ES,אוראו בראוניז 176 גר,גרמים,176.00,100 גרם,false,1,10.90,6.19,true,1,
7622300270506,false,מילקה גריינס - עוגיות שיבולת שועל מצופות שוקולד 168 ג',מונדלז פולסקה פרודקש,PL,עוגיות ש.שועל מצופות,גרמים,168.00,100 גרם,false,1,12.90,7.68,true,1,
7622300441715,false,עוגיות מילקה ביסקוויט ממולא קרם חלב מצופה למחצה בשוקולד חלב 150 גר',מוביל בעל מוניטין,CZ,עוגיות מילקה שוקו מי,גרמים,150.00,100 גרם,false,1,12.90,8.60,true,1,
7622300489434,false,"עוגיות אוראו פאדג' בציפוי שוקולד חלב, 246 גרם",מנדלז אספנה גאלטס פר,ES,אוראו פאדג שוקולד חל,גרמים,246.00,100 גרם,false,1,19.90,8.09,true,1,
7622300495046,false,מילקה שוקולד חלב עם אקסטרה קקאו 100 גרם,מנדלז דויצ'\לנד סנקס פרו,DE,שוקולד מילקה אקסטרה,גרמים,100.00,100 גרם,false,1,7.90,7.90,true,1,
7622300498429,false,מילקה שוקולד חלב עם יוגורט תות 100 גר',מנדלז דויצ'\לנד סנקס פרו,DE,שוקולד מילקה קרם תות,גרמים,100.00,100 גרם,false,1,7.90,7.90,true,1,
7622300503079,false,עוגיות ביסקוויט מצופה שוקולד חלב מילקה 200 גרם,מונדלז פולסקה פרודקש,PL,ביסקוויט מצופה שוקול,גרמים,200.00,100 גרם,false,1,12.90,6.45,true,1,
7622300617820,false,מילקה שוקולד חלב במילוי קרם חלב ווניל ושבבי עוגיות אוראו 100 גרם,מנדלז דויצ'\לנד סנקס פרו,DE,שוקולד מילקה אוראו 1,גרמים,100.00,100 גרם,false,1,7.90,7.90,true,1,
7622300737900,false,שוקולד קדבורי קרמל 120 גרם,מונדליז,GB,קדבורי טבלת שוקולד ח,גרמים,120.00,100 גרם,false,1,11.90,9.92,true,1,
7622300750367,false,קדבורי-שוקולד חלב לוח שנה קריסטמיס 90 ג,,GB,קדבורי-שוקולד חלב לו,גרמים,200.00,100 גרם,false,1,21.90,10.95,true,1,
7630477891714,false,סטארבקס קפסולות קפה אספרסו 10 יחידות,נסטלה שוויץ - קפה,CH,סטארבקס קפסולות אספר,גרמים,57.00,100 גרם,false,1,22.90,40.18,true,1,
7790240094442,false,"יין טרפיצה פיור מלבק 750 מ""ל",,AR,יין טרפיצה פיור מלבק,מיליליטרים,750.00,"100 מ""ל",false,1,60.90,8.12,true,1,
7790240096866,false,"יין פיור מלבק שחור 750 מ""ל",,AR,יין פיור מלבק שחור 7,מיליליטרים,750.00,"100 מ""ל",false,1,60.90,8.12,true,1,
8000040001106,false,קמפרי ביטר אפרטיף 700מל,דויד קמפרי,IT,"קמפרי 700 מ""ל",מיליליטרים,700.00,"100 מ""ל",false,1,89.90,12.84,true,1,
8000139002021,false,פסטה גרפולו קלמרטה 500 גרם,,,פסטה גרפולו קלמרטה 5,גרמים,500.00,100 גרם,false,1,15.40,3.08,true,1,
8000139910227,false,פסטה גרפולו פוזילי 500 גרם,,,פסטה גרפולו פוזילי 5,גרמים,500.00,100 גרם,false,1,14.20,2.84,true,1,
8000139910234,false,פסטה גרפולו פנה ריגטה 500 גר,,,פסטה גרפולו פנה ריגט,גרמים,500.00,100 גרם,false,1,14.20,2.84,true,1,
8000139910241,false,פסטה פארפאלה גרפולו 500 גרם,PASTIFICIO LUCIO/GAR,,פסטה פארפאלה גרפולו,גרמים,500.00,100 גרם,false,1,14.20,2.84,true,1,
8000139910265,false,פסטה ראדיאטורי גרפולו 500 גר,,,פסטה ראדיאטורי גרפול,גרמים,500.00,100 גרם,false,1,14.20,2.84,true,1,
8000139910272,false,פסטה גרפולו פפרדלה נידו 500 גר,,,פסטה גרפולו פפרדלה נ,גרמים,500.00,100 גרם,false,1,15.40,3.08,true,1,
8000139910289,false,פסטה טליאטלה גרפולו 500 גר,,,פסטה גרפולו טליאטלה,גרמים,500.00,100 גרם,false,1,15.40,3.08,true,1,
8000139910357,false,פסטה לומאקוני גרפולו 500 גרם,,,פסטה לומאקוני גארופא,גרמים,500.00,100 גרם,false,1,15.40,3.08,true,1,
8000139910371,false,פסטה גרפולו פרימוורה 500 גרם,,,פסטה גרפולו פרימוורה,גרמים,500.00,100 גרם,false,1,15.40,3.08,true,1,
8000215204219,false,ויטאריז משקה אורז אורגני 1 ליטר,בטר אנד דיפרנט,IT,משקה אורז - אורגני 1,מיליליטרים,1000.00,"100 מ""ל",false,1,15.90,1.59,true,1,
8000215204240,false,ויטאריז משקה שקדים ואורז אורגני 1 ליטר,בטר אנד דיפרנט,IT,משקה שקדים ואורז - א,מיליליטרים,1000.00,"100 מ""ל",false,1,15.90,1.59,true,1,
8000215204370,false,ויטריז לבישול תחל. שמנת צמחי אורגני 200,ויטריז,IT,ויטריז לבישול תחל.,מיליליטרים,200.00,"100 מ""ל",false,1,6.90,3.45,true,1,
8000215204387,false,"רוטב בשמל צמחי אורגני ויטריז 500 מ""ל",ויטריז,IT,רוטב בשמל צמחי אורגנ,מיליליטרים,500.00,"100 מ""ל",false,1,13.90,2.78,true,1,
8000380003761,false,וופל גרנד פטיסרי שוקולד וקוקוס לואקר 100 גרם,קריניציה ויטמינה אס,IT,עוגיות גרנד פטיסרי 1,גרמים,100.00,100 גרם,false,1,13.90,13.90,true,1,
8000380004911,false,קוביות וופל קואדרטיני Quadratini קרם אגוזים,קריניציה ויטמינה אס,AT,וופל קוארדטיני אגוז,גרמים,250.00,100 גרם,false,1,15.90,6.36,true,1,
8000380004966,false,וופל קוארדטיני לואקר קוביות שוקולד 250ג',קריניציה ויטמינה אס,AT,וופל קוארדטיני קקאו,גרמים,250.00,100 גרם,false,1,15.90,6.36,true,1,
8000380007257,false,וופל גרדנה אגוזים לואקר 200 גרם,קריניציה ויטמינה אס,IT,וופל גרדנה אגוז 200,גרמים,200.00,100 גרם,false,1,15.90,7.95,true,1,
8000380144044,false,גרדנה וופל מצופה שוקולד חלב לואקר 200 גרם,"א. לואקר , AG/SpA, ו",IT,וופל גרדנה שוקולד 20,גרמים,200.00,100 גרם,false,1,15.90,7.95,true,1,
8000380148035,false,וופל אגוזי לוג שוקולד מריר גראן פטיסרי Gran Pasticceria,קריניציה ויטמינה אס,IT,עוגיות גרנד פטיסרי 1,גרמים,100.00,100 גרם,false,1,13.90,13.90,true,1,
8000380180745,false,וופל קוביות קקאו במילוי קרם חלב לואקר 250 גרם,"א. לואקר, קונפקט ג'י",AT,לואקר קוביות וופל קק,גרמים,250.00,100 גרם,false,1,15.90,6.36,true,1,
8000380205400,false,וופלים קואדרטיני חמאת בוטנים לואקר 250 גרם,ליימן מותגים,AT,וופל לואקר קואדרטיני,גרמים,250.00,100 גרם,false,1,15.90,6.36,true,1,
8000500018828,false,שלישיית קינדר שוקולד חצי מטר 100 גרם,קדבורי,IT,קינדר אצבעות שוקולד,גרמים,300.00,100 גרם,false,1,23.90,7.97,true,1,
8000500023624,false,חטיפי הפי היפו Happy Hippo במילוי קרם חלב וקקאו,פררו - אלבה,DE,קינדר הפי היפו חמישי,גרמים,104.00,100 גרם,false,1,14.90,14.33,true,1,
8000500023976,false,בונבוניירת רפאלו פררו 150 גרם,פררו - אלבה,PL,בונבוניירה רפאלו 150,גרמים,150.00,100 גרם,false,1,19.90,13.27,true,1,
8000500026731,false,שוקולד ביצי הפתעה קינדר שלישייה,פררו אס.פי.אי,IT,שלישיית ביצי הפתעה ק,גרמים,60.00,100 גרם,false,1,16.00,26.67,true,1,
8000500028124,false,קינדר גוי ביצת הפתעה מארז שלישיה,ליימן שליסל,ZA,ביצת הפתעה קינדר גוי,גרמים,60.00,100 גרם,false,1,15.90,26.50,true,1,
8000500029350,false,מארז וופל מצופה 3יח' *43 גרם קינדר בואנו,פררו - אלבה,PL,שלישייה קינדר בואנו,גרמים,129.00,100 גרם,false,1,12.90,10.00,true,1,
8000500071083,false,אצבעות שוקולד קינדר Kinder שש עשרה יחידות,פררו - אלבה,IT,קינדר שוקולד מארז 20,גרמים,200.00,100 גרם,false,1,14.50,7.25,true,1,
8000500121436,false,מארז קינדר בואנו Kinder Bueno לבן שלוש יחידות,פררו - אלבה,PL,שלישייה קינדר בואנו,גרמים,129.00,100 גרם,false,1,12.90,10.00,true,1,
8000500126325,false,ביצי שוקולד הפתעה קינדר ג'וי ורוד בנות שלישיה,פררו - אלבה,ZA,קינדר גוי ורוד מארז,גרמים,60.00,100 גרם,false,1,15.90,26.50,true,1,
8000500227848,false,נוטלה - בי רדי אצבעות ביסקוויט במילוי שוקולד 6 יח' * 22 גרם,פררו,IT,וופל נוטלה בי רדי שי,גרמים,132.00,100 גרם,false,1,13.90,10.53,true,1,
8000500247150,false,פררו רושה קולקשיין קוקוס מילוי קרם ושקד שלם 172ג',פררו,DE,פררו קוליקשיין 172 ג,גרמים,172.00,100 גרם,false,1,27.90,16.22,true,1,
8000500248744,false,פררו-קינדר עוגת תפוז במצופת שוקולד 36*10,פררו,IT,פררו-קינדר עוגת תפוז,גרמים,360.00,100 גרם,false,1,29.90,8.31,true,1,
8000500249352,false,קינדר בואנו מיני מיקס שקית 205 ג',פררו - אלבה,PL,קינדר בואנו מיני מיק,גרמים,205.00,100 גרם,false,1,19.90,9.71,true,1,
8000500283158,false,עוגת קינד במילוי קרם חלב 270 גרם,פררו,IT,עוגת קינד במילוי קרם,גרמים,270.00,100 גרם,false,1,29.90,11.07,true,1,
8000500283219,false,עוגת קינדר קקאו במילוי קרם שוקולד 290 גר,פררו,IT,עוגת קינדר קקאו במיל,גרמים,290.00,100 גרם,false,1,29.90,10.31,true,1,
8000500283240,false,עוגת קינדר במילוי קרם שוקולד 290 גרם,פררו,IT,פררו-קינדר עוגת ספוג,גרמים,290.00,100 גרם,false,1,29.90,10.31,true,1,
8000500294345,false,רושר איש שלג שוקולד חלב ואגוזי לוז 90 גר,פררו,PL,רושר איש שלג שוקולד,גרמים,90.00,100 גרם,false,1,16.90,18.78,true,1,
8000500360262,false,קינדר שוקולד דמויות חנוכה,צ'וקטה,PL,קינדר חנוכיה 135 גרם,גרמים,135.00,100 גרם,false,1,19.90,14.74,true,1,
8000500392027,false,קינדר מיני ביצים אגוזי לוז 85 גרם,,,קינדר מיני ביצים אגו,גרמים,85.00,100 גרם,false,1,18.90,22.24,true,1,
8000500392041,false,קינדר מיני ביצים שוקולד חלב 85 גרם,,,קינדר מיני ביצים שוק,גרמים,85.00,100 גרם,false,1,18.90,22.24,true,1,
8000570048022,false,"וורמוט מרטיני פיירו 750 מ""ל",בקרדי מרטיני,IT,וורמוט מרטיני פיירו,Unknown,0.00,Unknown,false,1,54.90,54.90,true,1,
8000895003355,false,עוגיות קנטוציני שקדים 175 גרם SAPORI,,,עוגיות קנטוציני שקדי,גרמים,175.00,100 גרם,false,1,13.50,7.71,true,1,
8000895003379,false,עוגיות רכות עם שקדים 175 גרם SAPORI,,,עוגיות רכות עם שקדים,גרמים,175.00,100 גרם,false,1,18.40,10.51,true,1,
8001100050546,false,עוגת פנטונה עם צימוקים וקליפות תפו 500 ג,,,עוגת פנטונה עם צימוק,גרמים,500.00,100 גרם,false,1,37.90,7.58,true,1,
8001200025505,false,פסטה פוזילי מס.78 500 גר Agnesi,,,פסטה פוזילי מס.78 50,גרמים,500.00,100 גרם,false,1,8.80,1.76,true,1,
8001200045299,false,פסטה פנה ריגטה 500 גר Agnesi,,IT,פסטה פנה ריגטה 500 ג,גרמים,500.00,100 גרם,false,1,8.80,1.76,true,1,
8001200045374,false,פסטה צילנטני מסולסל 500 גר Agnesi,,,פסטה צילנטני מסולסל,גרמים,500.00,100 גרם,false,1,8.80,1.76,true,1,
8001200045831,false,פסטה פארפלה מס.61 500 גר Agnesi,,IT,פסטה פארפלה מס.61 50,גרמים,500.00,100 גרם,false,1,8.80,1.76,true,1,
8001291927511,false,"יין ריקאסולי, טראפולה, רוסו 750 מ""ל",,,"יין ריקאסולי, טראפול",Unknown,0.00,Unknown,false,1,76.90,76.90,true,1,
8001387287109,false,קונטיזקה קוואטרו קונטי פרימיטיבו 750 מל,,IT,קונטיזקה קוואטרו קונ,מיליליטרים,750.00,"100 מ""ל",false,1,45.90,6.12,true,1,
8002066001412,false,אטריות ביצים טליאוליני ללא גלוטן 250גר,,IT,אטריות ביצים טליאולי,גרמים,250.00,100 גרם,false,1,18.90,7.56,true,1,
8002213011301,false,"קמח לפסטה סוג 00 ק""ג {כחול}",,,"קמח לפסטה סוג ""00"" 1",גרמים,1000.00,100 גרם,false,1,16.90,1.69,true,1,
8002590055417,false,עוגיות קנטוציני שוקולד 175 גרם SAPORI,,,עוגיות קנטוציני שוקו,גרמים,175.00,100 גרם,false,1,13.50,7.71,true,1,
8003207997861,false,"יין פאבולינו טוסקנה רוסו 750 מ""ל",‎פאבולינו,IT,יין פאבולינו טוסקנה,Unknown,0.00,Unknown,false,1,55.90,55.90,true,1,
8003340091280,false,לינדט לינדור בונבוניירה 60% מוצקי קקאו 200 גרם,לינדט ושפרונגלי קילשברג,IT,בונבוניירה לינדור60%,גרמים,200.00,100 גרם,false,1,34.90,17.45,true,1,
8003410446484,false,שרוול תערובת קפה ערביקה עוצמה 9,,IT,שרוול תערובת קפה סגפ,גרמים,13.00,100 גרם,false,1,21.90,168.46,true,1,
8003440992395,false,צופה צופ חמוץ גומי 150 גרם,פרפטי ואן מלה,ES,צופה צופ חמוץ גומי 1,גרמים,150.00,100 גרם,false,1,12.00,8.00,true,1,
8003866012196,false,פחית קפה טחון 100% ארביקה 250 גרם DIEMME,,,פחית קפה טחון 100% א,גרמים,250.00,100 גרם,false,1,36.50,14.60,true,1,
8004030102033,false,טונה בשמן זית עם מיץ לימון ופלפל שחור - מארז 3 יח',בולטון אלימנטרי,IT,טונה ריו מרה בשמן עם,גרמים,240.00,100 גרם,false,1,28.90,12.04,true,1,
8004030177000,false,טונה בשמן זית וצ'ילי ריו מרה מארז 80X3 גר',ריו מארה Rio Mare,IT,טונה בשמן זית עם ציל,גרמים,240.00,100 גרם,false,1,28.90,12.04,true,1,
8004030344938,false,"ריו מרה טונה בשמן זית 3X80 גרם מתכון חדש כשל""פ","בולטון אלימנטרי בע""\מ",IT,שלישיית טונה ריו מרה,גרמים,240.00,100 גרם,false,1,28.90,12.04,true,1,
8004275058775,false,שמן זית כתית מעולה 500 מל CIRIO,,,שמן זית כתית מעולה 5,מיליליטרים,500.00,"100 מ""ל",false,1,28.20,5.64,true,1,
8004275058942,false,"שמן זית כתית מעולה 750 מ""ל CIRIO",,,שמן זית כתית מעולה 7,מיליליטרים,750.00,"100 מ""ל",false,1,39.90,5.32,true,1,
8004275059888,false,"חומץ בן יין אדום 500 מ""ל CIRIO",,,חומץ בן יין אדום 500,מיליליטרים,500.00,"100 מ""ל",false,1,16.70,3.34,true,1,
8004800004826,false,לאגו פלאסיר - וופלים במילוי קרם קוקוס שוקולד מריר - 98ג,לגו גרופ ס.פ.א.,IT,וופלים לאגו פלאסיר ק,גרמים,98.00,100 גרם,false,1,12.90,13.16,true,1,
8004800005526,false,וופל מיני רול גלילי ופל במילוי קרם קוקוס- 125 ג' לאגו,לגו גרופ ס.פ.א.,IT,גלילי ופל לאגו מיני,גרמים,125.00,100 גרם,false,1,11.90,9.52,true,1,
8005110002243,false,רכז עגבניות Doppio Concentr בשפופרת 185 ג' MUTTI,"איי, בי, אינבוו",IT,רכז עגבניות DOPPIO ב,גרמים,185.00,100 גרם,false,1,8.90,4.81,true,1,
8005110170300,false,עגבניות מרוסקות חתוכות מוטי MUTTI שלישיה *400,מוטי Mutti,IT,POLPA עגבניות חתוכות,גרמים,400.00,100 גרם,false,1,19.90,4.98,true,1,
8005110171215,false,עגבניות חתוכות 690 POLPAPEZZI ג' (כחול) MUTTI,"איי, בי, אינבוו",IT,POLPAPEZZI עגבניות ח,גרמים,500.00,100 גרם,false,1,16.90,3.38,true,1,
8005110191015,false,רסק עגבניות ובזיליקום MUTTI{ירוק } 700 גרם,"איי, בי, אינבוו",IT,רסק עגבניות ובזיליקו,גרמים,500.00,100 גרם,false,1,14.90,2.98,true,1,
8005110200014,false,רסק עגבניות 210 ג' CONCENTRATO MUTTI,"איי, בי, אינבוו",IT,רכז עגבניות 210 גרם,מיליליטרים,212.00,"100 מ""ל",false,1,8.90,4.20,true,1,
8005110550508,false,עגבניות שרי 400 גרם MUTTI,,,עגבניות שרי 400 גרם,מיליליטרים,400.00,"100 מ""ל",false,1,12.25,3.06,true,1,
8005110551253,false,רוטב לפיצה להכנת פיצה איטלקית קלאסית,"איי, בי, אינבוו",IT,רוטב פיצה 400 גרם,גרמים,400.00,100 גרם,false,1,9.90,2.48,true,1,
8005390002667,false,יין פרוסקו ברוט 750 מל,,,יין פרוסקו ברוט 750,Unknown,0.00,Unknown,false,1,60.90,60.90,true,1,
8005390036075,false,סרטורי קברנה סוביניון 750 מל,,,יין וילה מורה קברנה,Unknown,0.00,Unknown,false,1,40.90,40.90,true,1,
8005390083291,false,יין סרטורי וילה מורה פינו ביאנקו 750 מל,,,יין וילה מורה פינו ב,Unknown,0.00,Unknown,false,1,40.90,40.90,true,1,
8005390083437,false,יין וילה מורה סואבה 750 מל,,,יין וילה מורה סואבה,Unknown,0.00,Unknown,false,1,40.90,40.90,true,1,
8006227001372,false,סמנצאטו – לחם מחמצת לבן עם שמן זית ללא קשה 1400 גרם,רו. מאר ס.ר.ל,IT,סמנצאטו לחם לבן שמן,גרמים,400.00,100 גרם,false,1,19.90,4.98,true,1,
8006663001042,false,גראנה פאדנה 200 ג' VIRGILIO,,IT,גרנה פדנו איטלקי,גרמים,200.00,100 גרם,false,1,28.20,14.10,true,1,
8006663001073,false,פרמזנו רגאנו איטלקי 200 גרם,,IT,פרמזנו רגאנו איטלקי,גרמים,200.00,100 גרם,false,1,35.90,17.95,true,1,
8007150901623,false,שמן זרעי ענבים 1 ליטר 1/2 ליטר במארז כשר,,,שמן זרעי ענבים 1 ליט,ליטרים,0.00,ליטר,false,1,57.90,57.90,true,1,
8007178120310,false,חומץ בלסמי ד'מודנה Giacobazzi,פטורייה ג'יאקובאזי ס,IT,חומץ בלסמי גקובזי 50,מיליליטרים,500.00,"100 מ""ל",false,1,24.90,4.98,true,1,
8008825012538,false,מחית עגבניות 690 גרם Rodolfi,,,מחית עגבניות 690 גרם,גרמים,690.00,100 גרם,false,1,12.90,1.87,true,1,
8010024006010,false,השקד – 100% חמאת שקדים 350 גרם,תות תעשיות מזון (201,IT,חמאת שקדים 100% 350,גרמים,350.00,100 גרם,false,1,44.90,12.83,true,1,
8015997000133,false,מאריני-קנטוצ'יני עוגיות עם שקדים 200 גר',,IT,מאריני-קנטוציני עוגי,גרמים,200.00,100 גרם,false,1,15.60,7.80,true,1,
8017938005764,false,נטורפוד-מיץ תפוחים 100% אורגני 1 ליטר,לוצ'ה מריה,IT,מיץ תפוחים אורגני 10,מיליליטרים,1000.00,"100 מ""ל",false,1,23.20,2.32,true,1,
8024985000062,false,נטורה נובה מחית תפוח אורגנית 100% פרי 200 גרם,"נטורפוד בע""מ",IT,מחית תפוח אורגני,גרמים,200.00,100 גרם,false,1,10.90,5.45,true,1,
8024985002783,false,סמוזי נטורה נובה גזר ודלעת 100 גרם,נטורה נובה,IT,סמוזי נטורה נובה גזר,גרמים,100.00,100 גרם,false,1,6.50,6.50,true,1,
8024985002912,false,סמוזי אגס בטטה 100 גר נטורה נובה,נטורה נובה,IT,סמוזי אגס בטטה 100 ג,גרמים,100.00,100 גרם,false,1,6.50,6.50,true,1,
8024985002967,false,סמוזי נטורה נובה בננה תרד 100 גרם,נטורה נובה,IT,סמוזי נטורה נובה בננ,גרמים,100.00,100 גרם,false,1,6.50,6.50,true,1,
8024985003988,false,סמוזי תפוח בננה 100 גר נטורה נובה,נטורה נובה,IT,סמוזי תפוח בננה 100,גרמים,100.00,100 גרם,false,1,6.50,6.50,true,1,
8024985005234,false,סמוזי נטורה נובה סמוצי תפוח מנגו 100 גרם,נטורה נובה,IT,מחית נטורה נובה סמוצ,גרמים,100.00,100 גרם,false,1,6.50,6.50,true,1,
8024985005302,false,סמוזי תפוח רימון פטל אוכמנויות ואסאי אורגני,נטורה נובה,IT,סמוזי תפוח רימון פטל,גרמים,120.00,100 גרם,false,1,8.50,7.08,true,1,
8024985008044,false,נטורה משקה סמודי אגסים אורגני 100 גר,"נטורפוד בע""מ",IT,מחית נטורה נובה סמוצ,גרמים,100.00,100 גרם,false,1,6.50,6.50,true,1,
8024985008051,false,נטורה סמודי פירות אדומים אורגניים 100מל,"נטורפוד בע""מ",IT,מחית נטורה נובה סמוצ,גרמים,100.00,100 גרם,false,1,6.50,6.50,true,1,
8024985011204,false,נטורה נובה-סמוזי תפוח תות בננה 100 גרם,נטורה נובה,IT,סמוזי תפוח תות בננה,גרמים,100.00,100 גרם,false,1,6.50,6.50,true,1,
8030316001011,false,מונטאלבאנו פינו גריגיו 750 מל אורגני,,,מונטאלבאנו פינו,מיליליטרים,750.00,"100 מ""ל",false,1,70.90,9.45,true,1,
8032523530452,false,ממרח פיסטוק פיסטי אי,פיסטי,IT,ממרח פיסטוק 200 גרם,גרמים,200.00,100 גרם,false,1,43.90,21.95,true,1,
8032804431522,false,"ספגטי עדשים אדומות לל""ג אורגני 250 גרם",,IT,ספגטי עדשים אדומות ל,גרמים,250.00,100 גרם,false,1,16.90,6.76,true,1,
8033020445973,false,"PIVETTI קמח 00 לכל מטרה 1 ק""ג",פיווטי Pivetti,IT,PIVETTI קמח 00 לכל מ,גרמים,1000.00,100 גרם,false,1,8.30,0.83,true,1,
8034023209166,false,ארטישוק שלם 530 גר TERRE,,,ארטישוק שלם 530 גר T,גרמים,530.00,100 גרם,false,1,30.50,5.75,true,1,
8034023209173,false,רבעי ארטישוק 290 גרם TERRE,,,רבעי ארטישוק 290 גרם,גרמים,290.00,100 גרם,false,1,20.90,7.21,true,1,
8034023209180,false,ארטישוק בגריל 290 גרם TERRE,,,ארטישוק בגריל 290 גר,גרמים,290.00,100 גרם,false,1,18.60,6.41,true,1,
8076800195057,false,ברילה - צ.א ספגטי מס5 חדש 500 גרם,ברילה גי.אי.אר פרטלי ס.פ,IT,ספגטי ברילה מס 5 ברי,גרמים,500.00,100 גרם,false,1,7.90,1.58,true,1,
8076808050440,false,פסטה מקרוני מספר 44 ברילה 500 גרם,ברילה Barilla,IT,פסטה ברילה מקרוני,גרמים,500.00,100 גרם,false,1,7.90,1.58,true,1,
8076809523561,false,ברילה - רוטב פסטה בטעם טוסקנה 400 גרם,ברילה גי.אי.אר פרטלי ס.פ,IT,רוטב פסטה בטעם פיצה,גרמים,400.00,100 גרם,false,1,16.90,4.23,true,1,
8076809523738,false,דפי לזניה ברילה 500 גרם,ברילה גי.אי.אר פרטלי ס.פ,IT,ברילה לזניה 500 גרם,גרמים,500.00,100 גרם,false,1,25.90,5.18,true,1,
8410076601254,false,נייטשר וואלי וראייטי מיקס 210 גרם,,,נייטשר וואלי וראייט,גרמים,210.00,100 גרם,false,1,19.90,9.48,true,1,
8410342003508,false,"טוראס- ממרח שוקולד ללת""ס 200 גרם",,ES,טוראס- ממרח שוקולד ל,גרמים,200.00,100 גרם,false,1,23.90,11.95,true,1,
8410376042481,false,גולון ביסקווט קרם יוגורט ללא תוספת סוכר 220 גרם,גלטס גולון,ES,גולון ביסקוויט קרם י,גרמים,220.00,100 גרם,false,1,15.90,7.23,true,1,
8410525116759,false,פיני גומי בננה 90 גרם,,ES,פיני גומי בננה 90 גר,גרמים,90.00,100 גרם,false,1,7.50,8.33,true,1,
8410525121500,false,פיני שטיחים מסוכרים 90 גרם,,ES,פיני שטיחים מסוכרים,Unknown,1.00,Unknown,false,1,7.50,7.50,true,1,
8410525160554,false,פיני צורות שונות מיקס 90 גרם,,ES,פיני צורות שונות מיק,גרמים,90.00,100 גרם,false,1,7.50,8.33,true,1,
8411320105108,false,פילה אנשובי בשמן זית 95 גר ORTIZ צנצנת,אורטיז,ES,פילה אנשובי בשמן זית,גרמים,95.00,100 גרם,false,1,54.50,57.37,true,1,
8413165070825,false,אוגרטה ריוחה קוסצה 2012 750 מל,,,אוגרטה ריוחה קוסצה,Unknown,0.00,Unknown,false,1,48.90,48.90,true,1,
8423207206488,false,סלים דליס חטיף דגנים מצופה שוקולד חלב מרבה 6*20 גרם,אף.סי תבליני בגליל ב,ES,חטיף דגנים מלאים מצו,גרמים,120.00,100 גרם,false,1,13.90,11.58,true,1,
8423207207362,false,חטיפי סלים דליס שוקולד לבן מרבה 6 יחידות,ביסנצ'ורי אס.אל.יו,ES,חטיף דגנים סלים דליס,גרמים,120.00,100 גרם,false,1,13.90,11.58,true,1,
8423207208895,false,פריכיות תירס בטעם זיתים ועירית סלים דליס 123 ג',סלים דליס Slim Delis,ES,פריכיות תירס בטעם זי,גרמים,124.00,100 גרם,false,1,10.90,8.79,true,1,
8423371007591,false,שקדים קלויים סאליסול 50 גר,Unknown,,שקדים קלויים סאליסול,גרמים,50.00,100 גרם,false,1,9.90,19.80,true,1,
8423371007614,false,מיקס אגוזים חמוציות וצימוק סאליסול 50 גר,Unknown,ES,מיקס אגוזים חמוציות,גרמים,50.00,100 גרם,false,1,9.90,19.80,true,1,
8423453905692,false,"בירה ווילדר לאגר 500 מ""ל פחית",פונט סאלם וולנסיה ספרד,ES,בירה ווילדר לאגר 500,מיליליטרים,500.00,"100 מ""ל",false,1,7.90,1.58,true,1,
8431438000256,false,מנצגו קייסו ספרדי במשקל,,,מנצגו קייסו ספרדי במ,Unknown,0.00,"ק""ג",true,0,210.00,210.00,true,1,
8595134503302,false,פילטר פארטי 120יח' 6X22,U 4 ROLL,CZ,פילטר ארוך 6 ממ,Unknown,0.00,Unknown,false,1,5.00,5.00,true,1,
8595134503487,false,פילטרים לגילגול 5.3 ארוך PIH,U 4 ROLL,CZ,פילטרים לגילגול 5.3,יחידה,1.00,יחידה,false,1,4.00,4.00,true,1,
8595134503975,false,נייר גלגול בינוני כולל פילטר PIH,,CZ,נייר גלגול בינוני כ,יחידה,1.00,יחידה,false,1,6.00,6.00,true,1,
8606018615827,false,גלידת וניל עם שברי עוגיות אוראו 480 גרם,פרונרי סרביה,RS,פיינט אוראו 480 גרם,גרמים,480.00,100 גרם,false,1,20.90,4.35,true,1,
8683130008355,false,מיונז שום לחיץ אמיתי הלמנס 400 גרם,יוניליוור ישראל שיווק בע,TR,מיונז עם שום הלמנס ל,גרמים,400.00,100 גרם,false,1,17.90,4.48,true,1,
8683130025581,false,"מרכך כביסה מרוכז אקסטרה ענבר בדין 960 מ""ל",יבוא ושיווק: יוניליוור י,TR,בדין אקסטרא gbcr 960,מיליליטרים,960.00,"100 מ""ל",false,1,17.90,1.86,true,1,
8690526039206,false,אי טי אי - מיני וופל במילוי קרם קקאו וחתיכות בוטנים 140 גרם,"GIDA ETI , טורקיה n\",TR,מיני וופל קרם קקאו ו,גרמים,140.00,100 גרם,false,1,12.90,9.21,true,1,
8690637503856,false,ממרח הלמנס כ- 40% פחות שומן לעומת מיונז,אפפילד איסטנבול ייצור מז,TR,ממרח הלמנס לחיץ מופח,גרמים,355.00,100 גרם,false,1,17.70,4.99,true,1,
8690637504426,false,"קרם ניקוי סיף בניחוח לימון 500 מ""ל",יוניליוור סנאיי וי טיקאר,TR,קרם ניקוי סיף בניחוח,יחידה,1.00,יחידה,false,1,15.40,15.40,true,1,
8690637871245,false,הלמנס מיונז אמיתי 395 גר' בקבוק לחיץ.,"בסטפוד - 3P ארה""ב Fo",TR,מיונז אמיתי הלמנס לח,גרמים,395.00,100 גרם,false,1,16.90,4.28,true,1,
8690637989612,false,שלגון שמנת בטעם וניל עם ריפל בטעם שוקולד 246 גרם,יונילוור סנאיי וי טיג'\,TR,מאגדת מיני מגנום דול,גרמים,282.00,100 גרם,false,1,39.90,14.15,true,1,
8690766156381,false,גודייבה שוקולד מריר 90% מוצקי קקאו 90 גרם,"אולקר מקבוצת פלאדיס,",TR,שוקולד מריר 90% גודי,גרמים,90.00,100 גרם,false,1,15.90,17.67,true,1,
8694686405857,false,מיטו מזון לחתול 1 קג,,TR,מיטו מזון לחתול 1 קג,Unknown,0.00,Unknown,false,1,21.90,21.90,true,1,
8697530910750,false,סיגריות פאל מאל כחול ארוך האוס,Unknown,TR,פאל מאל כחול ארוך הא,Unknown,0.00,Unknown,false,1,30.00,30.00,true,1,
8697826469092,false,טורטיה קטנה שקדיה 540 גרם 12 יחידות,דין שיווק,TR,טורטיה קטנה 12 יחיד,גרמים,540.00,100 גרם,false,1,11.90,2.20,true,1,
8710418111213,false,עוגיות חמאה ברינק ספריטס הולנדי 400 גרם,CONTINENTAL BAKERIES,,עוגיות חמאה ברינק ספ,גרמים,400.00,100 גרם,false,1,12.50,3.13,true,1,
8710448580089,false,מיונז אמיתי הולנדי 500מל,רמייה,NL,"מיונז הולנדי 500 מ""ל",גרמים,500.00,100 גרם,false,1,15.40,3.08,true,1,
8710448595175,false,רוטב ברביקיו ט.מעושן450מ,רמייה,NL,"רוטב מעושן 450 מ""ל B",מיליליטרים,450.00,"100 מ""ל",false,1,19.90,4.42,true,1,
8710448595182,false,"רוטב ברביקיו מעושן דבש 500 מ""ל DALTON",רמייה,NL,רוטב ברביקיו מעושן ד,מיליליטרים,500.00,"100 מ""ל",false,1,19.90,3.98,true,1,
8710448636540,false,רוטב סאטה רמייה 290,רמייה,,"רוטב סאטה 290 מ""ל",מיליליטרים,290.00,"100 מ""ל",false,1,12.90,4.45,true,1,
8710502194801,false,"עוגיות שוקלד ציפס רכה פירות יער ""מרבה"" 175 גרם",בנקטבקריי מרבה בי.וי,NL,מרבה עוגיות שוקולד צ,גרמים,175.00,100 גרם,false,1,10.90,6.23,true,1,
8710502405204,false,עוגיות שוקולד צ'יפס עם קרם שוקולד מרבה 175 גרם,קריניציה ויטמינה אס,NL,עוגיות שוק.ציפס ממול,גרמים,175.00,100 גרם,false,1,10.90,6.23,true,1,
8710679158385,false,"ציפס פריטס קלאסי 2.5 ק""ג",,,"ציפס קלאסי 2.5 ק""ג",קילוגרמים,0.00,"ק""ג",false,1,44.90,44.90,true,1,
8710732228918,false,מצת לסיגריה cricket יח,MATCH SWEDISH,NL,מצת קריקט,Unknown,0.00,Unknown,false,1,7.20,7.20,true,1,
8711200443789,false,"חרדל דיז'ון גרגירים בבקבוק לחיץ סיימן 235 מ""ל",מיילי,FR,חרדל גרגרים בבקבוק ל,מיליליטרים,235.00,"100 מ""ל",false,1,16.90,7.19,true,1,
8711281013345,false,חרדל הולנדי מקורי גרגירים 335 גרם,מוסטאד מולן דה האוסמ,NL,חרדל הולנדי מקורי גר,גרמים,335.00,100 גרם,false,1,15.90,4.75,true,1,
8711406032602,false,"בירה לה טראפ בלונד 330 מ""ל",לה טראפ,NL,בירה לה טראפ בלונד 3,מיליליטרים,330.00,"100 מ""ל",false,1,13.90,4.21,true,1,
8712000051099,false,"שישיית בירה היינקן 0% אלכוהל בקבוק 330 מ""ל","מבשלת היינקן, ריטבלדנברג",NL,שישיית בירה היינקן 0,מיליליטרים,1980.00,"100 מ""ל",false,1,35.90,1.81,true,1,
8713501034406,false,גאודה שום הולנדית במשקל,,,גאודה שום הולנדית,Unknown,0.00,"ק""ג",true,0,126.00,126.00,true,1,
8713505038608,false,גאודה הולנדית פטריות כמהין במשקל,,,גאודה הולנדית פטריות,Unknown,0.00,"ק""ג",true,0,189.00,189.00,true,1,
8714100616963,false,"ליפטון אייס תה מוגז 330 מ""ל",,BE,ליפטון אייס תה מוגז,מיליליטרים,330.00,"100 מ""ל",false,1,5.00,1.52,true,1,
8714443620030,false,מרק ירקות אורגני 200 גרם,תות תעשיות מזון (201,NL,מרק ירקות אורגני 200,גרמים,200.00,100 גרם,false,1,34.50,17.25,true,1,
8714599104316,false,ג'ייקובס קפה שחור קלוי וטחון טורקי 200 גרם,אל.אל.סי ג'\ייקובס דאו א,RU,קפה שחור קלוי וטחון,גרמים,200.00,100 גרם,false,1,16.70,8.35,true,1,
8714599513835,false,גי'קובס קרונונג נייט אנד דיי - נטול קופיאין,ג'ייקובס Jacobs,DE,קפה גיקובס קרונונג נ,גרמים,200.00,100 גרם,false,1,38.90,19.45,true,1,
8715700110141,false,מיונז קרמי היינץ צנצנת 460ג',ה.י.היינץ הולדינג בי.וי,NL,מיונז בצנצנת היינץ 4,גרמים,460.00,100 גרם,false,1,12.90,2.80,true,1,
8715700110158,false,היינץ ממרח במרקם קרמי צנצנת 490 גרם,ה.י.היינץ הולדינג בי.וי,NL,מיונז לייט בצנצנת הי,גרמים,490.00,100 גרם,false,1,12.90,2.63,true,1,
8715700419732,false,מתבל עגבניות היינץ 700 גרם,ה.י. היינץ,NL,מתבל היינץ 700 גרם,גרמים,700.00,100 גרם,false,1,13.90,1.99,true,1,
8716605000742,false,גבינה מעושנת 200 גרם,,,גבינה מעושנת 200 גרם,גרמים,200.00,100 גרם,false,1,27.20,13.60,true,1,
8716605000995,false,גבינה מסדאם הולנדית במשקל,,,גבינה מסדאם הולנדית,Unknown,0.00,"ק""ג",true,0,90.00,90.00,true,1,
8716605001022,false,גבינת דניש בלו 100 גר,,,גבינת דניש בלו 100 ג,גרמים,100.00,100 גרם,false,1,15.20,15.20,true,1,
8717677332175,false,טוני שוקולונלי שוקולד חלב אגוזי לוז 180ג,,NL,טוני שוקולונלי שוקול,מיליליטרים,180.00,"100 מ""ל",false,1,21.90,12.17,true,1,
8717677333936,false,טוני שוקולונלי שוקולד חלב נוגט 180 גרם,,NL,טוני שוקולונלי שוקול,מיליליטרים,180.00,"100 מ""ל",false,1,21.90,12.17,true,1,
8717677334094,false,טוני שוקולונלי שוקולד חלב 180 גרם,,NL,טוני שוקולונלי שוקול,מיליליטרים,180.00,"100 מ""ל",false,1,21.90,12.17,true,1,
8717677334667,false,טוני שוקולונלי שוקולד חלב קרמל מלח 180 ג,,NL,טוני שוקולונלי שוקול,מיליליטרים,180.00,"100 מ""ל",false,1,21.90,12.17,true,1,
8717677336722,false,טוני שוקולונלי ש.מריר שקדים ומלח ים 180ג,,NL,טוני שוקולונלי ש.מרי,מיליליטרים,180.00,"100 מ""ל",false,1,21.90,12.17,true,1,
8717677337828,false,טוני שוקולונלי ש.לבן פטל וסוכריות 180 גר,,NL,טוני שוקולונלי ש.לבן,מיליליטרים,180.00,"100 מ""ל",false,1,21.90,12.17,true,1,
8717677338610,false,טוני שוקולונלי שוקולד בייגלה טופ 180 ג,,NL,טוני שוקולונלי שוקול,מיליליטרים,180.00,"100 מ""ל",false,1,21.90,12.17,true,1,
8718692610835,false,שלישית בקבוקי סודה סטרים פיוז 1 ליטר,סודה סטרים,IL,שלישיית בקבוקים 1 ל,Unknown,0.00,Unknown,false,1,63.50,63.50,true,1,
8719956496707,false,טוני שוקולונלי שוק. חלב ושבבי אגוזי 180ג,,,טוני שוקולונלי שוק.,מיליליטרים,180.00,"100 מ""ל",false,1,21.90,12.17,true,1,
8721200060107,false,בקרסלנד-סטרופ וופל הולנדי 250 גרם,דה בנקט גרופ,NL,סטרופ וופל 260 גר בק,גרמים,260.00,100 גרם,false,1,16.50,6.35,true,1,
8801043025256,false,נונגשים ראמאן-נודלס שין חריף בקערה 114ג,,KR,נונגשים ראמאן-נודלס,גרמים,114.00,100 גרם,false,1,18.90,16.58,true,1,
8801043157759,false,נונגשים ראמאן-נודלס צמפונג פירות ים 120ג,,KR,נונגשים ראמאן-נודלס,גרמים,120.00,100 גרם,false,1,11.90,9.92,true,1,
8801055707966,false,קפה טייסטר צו'יס נס קפה בריסטה 180ג',נסטלה קוריאה - קפה,KR,נסקפה טייסטרס צויס ב,גרמים,180.00,100 גרם,false,1,32.90,18.28,true,1,
8801055709427,false,קפה נמס טסטר'ס צ'ויס אלטה ריקה 100 גרם,נסטלה קוריאה - קפה,KR,נסקפה טייסטרס צויס א,גרמים,100.00,100 גרם,false,1,25.10,25.10,true,1,
8801055709434,false,קפה נמס טסטר'ס צ'ויס קולומביה 100 גרם,נסטלה קוריאה - קפה,KR,נסקפה טייסטרס צויס ק,גרמים,100.00,100 גרם,false,1,25.10,25.10,true,1,
8801055709489,false,אבקה להכנת משקה קפה בטעם קפוצ'ינו אגוזים,נסטלה קוריאה - קפה,IL,נסקפה קפוצינו אגוזים,גרמים,180.00,100 גרם,false,1,22.60,12.56,true,1,
8801085020301,false,אטריות נאמה אודון 200 גרם,Alpha international,,אטריות נאמה אודון 20,גרמים,200.00,100 גרם,false,1,11.40,5.70,true,1,
8850180040028,false,קמח טמפורה להכנת בלי,קרנחם אוטאי פחרה,TH,טמפורה 500 גרם GOGI,גרמים,500.00,100 גרם,false,1,12.50,2.50,true,1,
8850206280049,false,רוטב צ'ילי חריף מיו 250 גרם,יאן וואל יון קו.לטד,TH,רוטב צילי חריף מיו 2,גרמים,250.00,100 גרם,false,1,17.70,7.08,true,1,
8850389103111,false,סאפי משקה אלוורה בטעם ענבים 300מל,פארייפאבה אגרואינדוס,TH,משקה קל סאפה בטעם ענ,מיליליטרים,300.00,"100 מ""ל",false,1,9.90,3.30,true,1,
8850389103128,false,"משקה קל סאפה בטעם תפוח 300 מ""ל",פארייפאבה אגרואינדוס,TH,משקה קל סאפה בטעם תפ,מיליליטרים,300.00,"100 מ""ל",false,1,9.90,3.30,true,1,
8850389103159,false,"משקה ליצ'י עם חתיכות גלי קוקוס 320 מ""ל מוגו מוגו",סאפה פובליק קומפני לימיט,TH,מוגו מוגו ליצי עם חת,מיליליטרים,320.00,"100 מ""ל",false,1,8.80,2.75,true,1,
8850389105832,false,סאפה משקה אלוורה בטעם תפוח עם קוביות אלוורה 1 ליטר,סאפה פובליק קומפני לימיט,TH,סאפה אלוורה תפוחים 1,מיליליטרים,1000.00,"100 מ""ל",false,1,15.20,1.52,true,1,
8850389111352,false,"משקה מלון עם חתיכות גלי קוקוס 320 מ""ל מוגו מוגו",סאפה פובליק קומפני לימיט,TH,מוגו מוגו מלון עם חת,מיליליטרים,320.00,"100 מ""ל",false,1,8.80,2.75,true,1,
8851613101378,false,"נוזל קוקוס ארוי די 250 מ""ל",תאי אגרי פוד פובליק קו'\,TH,נוזל קוקוס,מיליליטרים,250.00,"100 מ""ל",false,1,10.90,4.36,true,1,
8853662040400,false,"רוטב סויה 725 מ""ל EXOTIC",,,רוטב סויה EXOTIK,מיליליטרים,725.00,"100 מ""ל",false,1,14.90,2.06,true,1,
8853662056661,false,"רוטב סריראצ''ה מיו 455 מ""ל",EXOTIC FOOD PCL,,רוטב סריראצ`ה מיו 45,מיליליטרים,455.00,"100 מ""ל",false,1,31.50,6.92,true,1,
8854404000621,false,מחית קארי ירוק 70 גר' B.E,"בלו ספייס קו. בע""מ",TH,מחית קארי ירוק 70 גר,גרמים,70.00,100 גרם,false,1,14.20,20.29,true,1,
8854404001055,false,מחית קארי אדום 70 גר' B.E,"בלו ספייס קו. בע""מ",TH,מחית קארי אדום 70 גר,גרמים,70.00,100 גרם,false,1,14.20,20.29,true,1,
8854661001843,false,שרימפס בייבי 500 גרם קפוא,,,שרימפס בייבי 500 גרם,גרמים,500.00,100 גרם,false,1,36.90,7.38,true,1,
8854661002055,false,שרימפס 500 גר לא מקולף 31/40,,,שרימפס קפוא לא קלוף,גרמים,500.00,100 גרם,false,1,51.50,10.30,true,1,
8854661003786,false,שרימפס מבושל עם ראש 500 גר,,,שרימפס מבושל עם ראש,גרמים,510.00,100 גרם,false,1,35.90,7.04,true,1,
8854661007012,false,"שרימפס מבושל מקולף 1 ק""ג קפוא",,,שרימפס מבושל מקולף,קילוגרמים,0.00,"ק""ג",false,1,88.50,88.50,true,1,
8858271003938,false,רוטב קארי ירוק 250 מ'ל - מקסצ'אפ,"ייאן וואל יון בע""מ",TH,רוטב קארי ירוק 250 מ,מיליליטרים,250.00,"100 מ""ל",false,1,13.90,5.56,true,1,
8858271003945,false,"רוטב קארי צהוב 250 מ""ל מקסצאפ",Yan Wal Yun Corpora,TH,רוטב קארי צהוב 250 מ,מיליליטרים,250.00,"100 מ""ל",false,1,13.90,5.56,true,1,
8858271005451,false,"רוטב סויה פורמולה 1 - 250 מ""ל מקסצ'אפ",yan wal yun corpara,TH,רוטב סויה פורמולה 1,מיליליטרים,250.00,"100 מ""ל",false,1,15.40,6.16,true,1,
8858271005772,false,"רוטב סויה ללא גלוטן (תמרי)300 מ""ל (כ)",יאן ונזל יון,TH,רוטב סויה ללא גלוטן,מיליליטרים,300.00,"100 מ""ל",false,1,18.80,6.27,true,1,
8858359000255,false,עלי קפיר ליים יבשים 30 גר (שופרא),סופר גיי,TH,עלי קפיר ליים יבשים,גרמים,30.00,100 גרם,false,1,13.80,46.00,true,1,
8904180001371,false,ממרח קארי רגה 300 גרם,,,ממרח קארי רגה 300 גר,גרמים,300.00,100 גרם,false,1,20.90,6.97,true,1,
8935083158008,false,קוקטייל פירות ים 500 גר,,,קוקטייל פירות ים 500,גרמים,500.00,100 גרם,false,1,33.50,6.70,true,1,
9000101537550,false,פרסיל קאפסולות לכביסה לבנה וצבעונית 52 יח',הנקל סוד,HU,קפסולות פאוור קאפס פ,Unknown,0.00,Unknown,false,1,71.50,71.50,true,1,
9001148803103,false,שיני שום קלופות 170,חקלאי,IL,שום קלוף,Unknown,0.00,Unknown,false,1,17.90,17.90,true,1,
9001414041369,false,מלח ים מתחנה 92 גר KOTANYI,,RU,מלח ים מתחנה 92 גר K,גרמים,92.00,100 גרם,false,1,15.90,17.28,true,1,
9002859026270,false,"מיץ לימון ליים 200 מ""ל ""פיאצ'לי""",GUNZ WARENHANDELS,,מיץ לימון ליים 200 מ,מיליליטרים,200.00,"100 מ""ל",false,1,4.90,2.45,true,1,
9002859031434,false,גונץ-בוגי ג'לי פירות 250 גר' 1/10(83871),GUNZ WARENHANDELS,,גונץ - בוגי גילי פיר,גרמים,250.00,100 גרם,false,1,12.00,4.80,true,1,
9002859042799,false,גונץ - מוצרט כדורים בשקית 300 גר,GUNZ WARENHANDELS,AT,גונץ - מוצרט כדורים,גרמים,300.00,100 גרם,false,1,34.90,11.63,true,1,
9002859050183,false,טורטילה ציפס עם צילי 200 גר גנוץ,,AT,גונץ טורטילה ציפס חר,גרמים,220.00,100 גרם,false,1,14.60,6.64,true,1,
9002859050367,false,בובות סנטה קטנות בשקית 100 גר גונץ,GUNZ WARENHANDELS,,בובות סנטה קטנות בשק,גרמים,100.00,100 גרם,false,1,12.90,12.90,true,1,
9002859050596,false,טורטילה ציפס עם מלח 200 גר גנוץ,,AU,טורטילה ציפס עם מלח,גרמים,200.00,100 גרם,false,1,14.60,7.30,true,1,
9002859050725,false,תפזורת סנטה ברשת 100 גר גונץ,GUNZ WARENHANDELS,DE,תפזורת סנטה ברשת 10,גרמים,100.00,100 גרם,false,1,12.60,12.60,true,1,
9002859058653,false,גונץ ממרח שוקולד אגוזים בכוס 300 גר,,,גונץ ממרח שוקולד אגו,גרמים,300.00,100 גרם,false,1,20.90,6.97,true,1,
9002859066894,false,גונץ - חטיף מרציפן מצופה שוקולד 100 גרם,Gunz,IL,גונץ - חטיף מרציפן מ,גרמים,100.00,100 גרם,false,1,11.00,11.00,true,1,
9002859070921,false,גונץ בוטנים קלוים עם מלח 150 גרם,,,גונץ בוטנים קלוים עם,גרמים,150.00,100 גרם,false,1,10.90,7.27,true,1,
9002859072741,false,ניקו מלח הימאלייה במטחנה 95 גרם גונץ,Gunz,,ניקו מלח הימאלייה במ,גרמים,95.00,100 גרם,false,1,14.60,15.37,true,1,
9002859092657,false,גונץ-בננה ציפוי מריר 150 גר,Gunz,,גונץ-בננה ציפוי מריר,גרמים,150.00,100 גרם,false,1,9.80,6.53,true,1,
9002859099373,false,גונץ-מטבעות קריסמס ברשת 85 גרם,GUNZ WARENHANDELS,DE,גונץ-מטבעות קריסמס ב,גרמים,85.00,100 גרם,false,1,10.90,12.82,true,1,
9002859105630,false,גונץ מרציפן מצופה שוקולד חלב ונוגט 75 גר,,AT,גונץ מרציפן מצופה שו,גרמים,75.00,100 גרם,false,1,10.40,13.87,true,1,
9004380002006,false,"טוויסט מוחיטו 240 מ""ל קרטונית",,AT,לנדסה-משקה מוחיטו 23,מיליליטרים,230.00,"100 מ""ל",false,1,11.90,5.17,true,1,
9004380002204,false,"טוויסט פינה קולדה 0.0% 235 מ""ל קרטונית",,AT,נדסה-משקה מוחיטו 230,מיליליטרים,230.00,"100 מ""ל",false,1,11.90,5.17,true,1,
9008700170666,false,מיץ תפוח פטל 1 ליטר ראוך,Rauch fruchtsafte gm,,מיץ תפוח פטל 1 ליטר,מיליליטרים,1000.00,"100 מ""ל",false,1,15.40,1.54,true,1,
9013100053303,false,"ליקר מוצרט קרם שוקולד לבן 500 מ""ל",,,ליקר מוצרט קרם שוקול,מיליליטרים,500.00,"100 מ""ל",false,1,94.90,18.98,true,1,
9310072028743,false,טים טם ביסקוויט במילוי שוקולד 200 גרם,"ארנוטס ביסקוויטס בע""",AU,טים טם אורגינל 200 ג,גרמים,200.00,100 גרם,false,1,21.70,10.85,true,1,
9310072028750,false,טים טם Tim Tam וופל שוקולד ציפוי כפול,"ארנוטס ביסקוויטס בע""",AU,טים טם דאבל 200 גרם,גרמים,200.00,100 גרם,false,1,21.70,10.85,true,1,
9871184221359,false,גאודה הולנדית 30% במשקל,,,גאודה הולנדית 30%,Unknown,0.00,"ק""ג",true,0,90.00,90.00,true,1,
9871184221363,false,גאודה הולנדית עגבניות זיתים ובזיליקום,,,גאודה הולנדית עגבניה,Unknown,0.00,"ק""ג",true,0,133.00,133.00,true,1,
9871184221367,false,גאודה עיזים הולנדית במשקל,,,גאודה עיזים הולנדית,Unknown,0.00,"ק""ג",true,0,133.00,133.00,true,1,
