code,internal_code,name,manufacturer_name,manufacture_country,manufacturer_item_description,unit_qty,quantity,unit_of_measure,weighted,qty_in_package,price,unit_of_measure_price,allow_discount,status,item_id
30095199,false,אססי - לק גוון17,לוריאל,DE,לק גוון 17,יחידה,1.00,יחידה,false,1,41.90,41.90,true,1,
30143265,false,מסקרה COLOSSAL BIG SHOT שחורה לנפח עוצמתי,מייבלין Maybelline,IT,מסקרה,יחידה,1.00,יחידה,false,0,41.90,41.90,true,1,
30145467,false,אססי אקספרסי 440 יח',לוריאל איפור,FR,אססי אקספרסי גוו,יחידה,1.00,יחידה,false,1,35.00,35.00,true,1,
30150669,false,מייבלין - שפתון ס.ס אינק וויניל 50,סופרוג'ם,FR,שפתון אינק וויני,יחידה,1.00,יחידה,false,1,45.00,45.00,true,1,
30152830,false,מייבלין - מסקרה סקיי היי שחור,סייפו,IT,סקיי היי מסקרה ק,יחידה,1.00,יחידה,false,1,45.00,45.00,true,1,
30166967,false,מייבלין - מסקרה סקיי היי,סייפו,IT,מסקרה HIGH SKY,יחידה,1.00,יחידה,false,1,45.00,45.00,true,1,
30173583,false,לוריאל - קונסילר אינפליבל 323,,IL,קונסילר אינפלבל,יחידה,1.00,יחידה,false,1,67.90,67.90,true,1,
30175792,false,מסקרה במבי שחור יח',,IL,מסקרה במבי שחור,יחידה,1.00,יחידה,false,1,75.00,75.00,true,1,
40144061,false,קנופרס חטיף וופל 25 גרם 24 יח,ליימן שליסל,DE,חטיף וופל,גרמים,25.00,100 גרם,false,1,3.60,14.40,true,1,
42182115,false,אורביט פייב ספירמינט 12 סטיקס 29 גר,ריגלי צרפת,FR,5 מנטה עדינה,גרמים,40.00,100 גרם,false,0,6.90,17.25,true,1,
42188889,false,אורביט פייב אבטיח 12 סטיקס 29 גר,ריגלי צרפת,FR,מסטיק 5 אבטיח,גרמים,40.00,100 גרם,false,0,6.90,17.25,true,1,
50398911,false,"קרם חמצן 9% בקבוק 60 מ""ל",אינדולה Indola,IL,קרם חמצן 9%,מיליליטרים,60.00,"100 מ""ל",false,0,4.90,8.17,true,1,
59079774,false,"רקסונה - דאודורנט רול און לאישה אלוורה 50 מ""ל",יוניליוור,GB,דאודורנט רקסונה,מיליליטרים,50.00,"100 מ""ל",false,1,17.90,35.80,true,1,
72917367,false,טעמי חטיף במילוי קרם נוגט וקרמל,"שטראוס גרופ בע""מ",IL,חטיף טעמי,גרמים,40.00,100 גרם,false,0,4.90,12.25,true,1,
72991008,false,חטיף פסק זמן במילוי ופל מגולגל 45 גרם,"שטראוס גרופ בע""מ",IL,פסק זמן חלב,גרמים,45.00,100 גרם,false,0,5.00,11.11,true,1,
72994061,false,חטיף פסק זמן GOOD גלילית לבן 40 גרם,שולן צ'\יקולטה גידה סאן.,TR,פסק זמן 2 גוד,גרמים,36.00,100 גרם,false,0,5.00,13.89,true,1,
80001287,false,וופל חטיף לואקר אגוז 38 גר',ליימן מותגים,AT,חטיף גרדנה,גרמים,38.00,100 גרם,false,0,4.90,12.89,true,1,
80001461,false,חטיף גרנדה שוקולד 38 גרם,"א. לואקר קונפקט בע""מ",AT,חטיף גרנדה שוקול,גרמים,38.00,100 גרם,false,0,4.90,12.89,true,1,
80052760,false,קינדר בואנו Kinder Bueno עם חלב ואגוזי לוז,פררו - אלבה,PL,קינדר בואנו זוג,גרמים,43.00,100 גרם,false,0,5.50,12.79,true,1,
80761761,false,קינדר בואנו חטיף לבן בודד,ליימן שליסל,PL,קינדר בואנו לבן,גרמים,39.00,100 גרם,false,0,5.50,14.10,true,1,
80762362,false,מסטיק מנטוס וויט בטעם מנטה אקליפטוס,פרפטי ואן מלה,TR,מנטוס וויט,גרמים,60.00,100 גרם,false,1,8.90,14.83,true,1,
80773443,false,מנטוס בקבוק מעוגל - מסטיק ללא סוכר בטעם מנטה 60 גרם,"פרפטי ואן מלה ג'\ידה,סאן",TR,מסטיק מנטוס,גרמים,60.00,100 גרם,false,1,8.90,14.83,true,1,
80776307,false,מסטיק מנטוס ביג בבקבוק מעוגל טעם פירות מנטה 90 ג',פרפטי ואן מלה הולנד,TR,מסטיק מנטוס,גרמים,90.00,100 גרם,false,1,19.90,22.11,true,1,
80790990,false,מסטיק מנטוס בבקבוק מעוגל בטעם פירות -מנטה 60 ג',"פרפטי ואן מלה ג'\ידה,סאן",TR,מסטיק מנטוס,גרמים,60.00,100 גרם,false,1,8.90,14.83,true,1,
80804697,false,מסטיק וויט White בטעם מנטה מתוקה ללא סוכר,פרפטי ואן מלה,TR,מסטיק מנטוס,גרמים,105.00,100 גרם,false,1,19.90,18.95,true,1,
80843184,false,מנטוס מסטיק פיור פרש בטעם ענבים 60גר,פרפטי ואן מלה הולנד,TR,מסטיק מנטוס,גרמים,60.00,100 גרם,false,1,8.90,14.83,true,1,
80864295,false,סוכריות פיור וויט טעם מנטה עדינה 60 ג' מנטוס,"פרפטי ואן מלה ג'ידה,סאן",TR,מנטוס פיור וויט,גרמים,60.00,100 גרם,false,1,8.90,14.83,true,1,
80874652,false,קינדר קלפים בודד 25.6 גר',פררו,IT,קינדר קארדס,גרמים,26.00,100 גרם,false,1,4.90,18.85,true,1,
80913467,false,מנטוס בקבוק מעוגל - מסטיק ללא סוכר בטעם מנטה,פרפטי ואן מלה הולנד,TR,מסטיק מנטוס,גרמים,60.00,100 גרם,false,1,8.90,14.83,true,1,
80926481,false,מסטיק מנטוס פיור פרש בבקבוק בינוני בטעם אבטיח 90ג',"פרפטי ואן מלה ג'ידה,סאן",TR,מסטיק מנטוס,גרמים,90.00,100 גרם,false,1,19.90,22.11,true,1,
80945468,false,סוכריות פיור וויט טעם מנטה מתוקה 60 ג' מנטוס,"פרפטי ואן מלה ג'ידה,סאן",TR,מנטוס פיור וויט,גרמים,60.00,100 גרם,false,1,8.90,14.83,true,1,
80974215,false,מסטיק מנטוס פיור פרש בבקבוק ביג בטעם תות 90ג',"פרפטי ואן מלה ג'ידה,סאן",TR,מסטיק מנטוס,גרמים,90.00,100 גרם,false,1,19.90,22.11,true,1,
80979128,false,מנטוס בקבוק מעוגל - מסטיק ללא סוכר בטעם דובדבן,פרפטי ואן מלה הולנד,TR,מסטיק מנטוס,גרמים,60.00,100 גרם,false,1,8.90,14.83,true,1,
80982470,false,מסטיק מנטוס פיור פרוסט בטעם מנטה חזק 60 גר',פרפטי ואן מלה ברדה,TR,מסטיק מנטוס,גרמים,60.00,100 גרם,false,1,8.90,14.83,true,1,
87108538,false,סוכריות בטעם תות מנטוס 37.5 גרם,הדקלאים אגודת שיתופי,NL,מנטוס תות,גרמים,37.00,100 גרם,false,0,3.90,10.54,true,1,
87108712,false,סוכריות בטעם פירות מנטוס 4*37.5 גרם,פרפטי ואן מלה ברדה,NL,מנטוס פירות 4,גרמים,150.00,100 גרם,false,0,11.90,7.93,true,1,
96033531,true,דאודורנט רול-און רימונים,"יוניליוור אנגליה, דרך קו",GB,דאו רולאון רימון,מיליליטרים,50.00,"100 מ""ל",false,1,13.90,27.80,true,1,
96130339,true,דאו.דאב 0% אלומיניום 50מ,"יוניליוור אנגליה, דרך קו",IT,דאודורנט דאב,מיליליטרים,50.00,"100 מ""ל",false,1,13.90,27.80,true,1,
96137130,true,דאב רולאון ניחוח אגס50מל,"יוניליוור אנגליה, דרך קו",GB,דאב רולאון,מיליליטרים,50.00,"100 מ""ל",false,1,13.90,27.80,true,1,
16000423534,false,חטיפי גרנולה קראנצ'י עם שיבולת שועל ושוקולד מריר נייצ'ר ואלי 5*42 גרם,ג'נרל מילס סאן אדריאן,ES,חטיף נייצ'ר ואלי,גרמים,210.00,100 גרם,false,0,15.90,7.57,true,1,
16000548404,false,חטיפי גרנולה קראנצ'י עם שיבולת שועל ודבש נייצ'ר ואלי 5*42 גרם,ג'נרל מילס סאן אדריאן,ES,חטיף נייטשר ואלי,גרמים,210.00,100 גרם,false,0,15.90,7.57,true,1,
16000548909,false,חטיפי גרנולה קראנצ'י במגוון טעמים נייצ'ר ואלי 5*42 גרם,ג'נרל מילס סאן אדריאן,ES,חטיף נייטשר ואלי,גרמים,210.00,100 גרם,false,0,15.90,7.57,true,1,
20714156893,false,הפי אדפ לאשה 100מל,קליניק בישום,US,הפי אדפ,מיליליטרים,100.00,"100 מ""ל",false,0,169.00,169.00,true,1,
20714881429,false,"הפי הארט 100 מ""ל",קליניק,FR,הפי הארט,מיליליטרים,100.00,"100 מ""ל",false,1,179.00,179.00,true,1,
20714999346,false,"ארומטיק אלקסיר א.ד.פ לאישה 100 מ""ל- קליניק",קליניק בישום,US,ELIXIR AROMATICS,מיליליטרים,100.00,"100 מ""ל",false,0,259.00,259.00,true,1,
22200956932,false,דאודורנט ספיד סטיק גל 24/7 כחול 85 גר,הנסיך- מפעל לייצור ט,US,דאודורנט ג'ל,גרמים,85.00,100 גרם,false,0,17.90,21.06,true,1,
22548228562,false,"בי דלישס גולדן 50 מ""ל",דונה קארן,IL,בי דלישס גולדן,מיליליטרים,50.00,"100 מ""ל",false,0,149.00,298.00,true,1,
25700005698,false,זיפלוק שקיות אחסון בינוניות 24 יחידות,אס.סי.גונסון ובניו,US,שקיות אחסון,יחידה,1.00,יחידה,false,1,10.00,10.00,true,1,
27131187066,false,מייקאפ אסתי לאודר גוון 3C2,אסתי לאודר,BE,WEAR DOUBLE מייק,מיליליטרים,30.00,"100 מ""ל",false,0,235.00,783.33,true,1,
27131392392,false,WEAR DOUBLE מייק אפ 3N2,אסתי לאודר,BE,מייק אפ 3N2,מיליליטרים,30.00,"100 מ""ל",false,0,235.00,783.33,true,1,
36000516890,false,ממחטות אף עם אלוורה + ויטמין E תלת שכבתי,חוגלה קימברלי,US,קלינקס לושן,יחידה,1.00,יחידה,false,1,21.90,21.90,true,1,
37977005424,false,מאמ-נשכן רב תכליתי יחידה,General,HU,נשכן מאמ,יחידה,1.00,יחידה,false,0,33.90,33.90,true,1,
38000232176,false,פרינגלס ביג שמנת בצל 158 גרם,פרינגלס מנופקצ'ורינג קונ,US,פרינגלס שמנת בצל,גרמים,158.00,100 גרם,false,1,11.90,7.53,true,1,
38000232183,false,פרינגלס ביג אורגינל 149 גרם,פרינגלס מנופקצ'ורינג קונ,US,פרינגלס אורגינל,גרמים,149.00,100 גרם,false,1,11.90,7.99,true,1,
40000514510,false,M&M אריזה קטנה's בוטנים אריזה קטנה 49 גרם,M&M אם אנד אם,US,עדשי מ&מ'ס,גרמים,49.00,100 גרם,false,1,5.00,10.20,true,1,
46214731552,false,עוגיות שוקולד צ'יפס 37% גודיס 225 גרם,קריניציה ויטמינה אס,NL,עוגיות ש.צ'יפס,גרמים,225.00,100 גרם,false,0,11.90,5.29,true,1,
56594009998,false,ניוואה סבון מוצק מטפח קרם קר רביעייה,ביירסדורף,DE,ניוואה סבון מוצק,גרמים,360.00,100 גרם,false,1,19.00,5.28,true,1,
58000142169,false,"קולגייט משחת שיניים טוטאל קלין מינט 170 מ""ל",קולגייט,MX,קולגייט קלין,מיליליטרים,170.00,"100 מ""ל",false,1,19.90,11.71,true,1,
58000142176,false,"קולגייט משחת שיניים טוטאל הלבנה 170 מ""ל",cp,MX,קולגייט טוטאל,מיליליטרים,170.00,"100 מ""ל",false,1,19.90,11.71,true,1,
58000142343,false,"קולגייט משחת שיניים מקס פסים מרעננים 150 מ""ל",קולגייט,MX,קולגייט מקס פסים,מיליליטרים,150.00,"100 מ""ל",false,1,15.90,10.60,true,1,
58000313200,false,"קולגייט משחת שיניים פרש כחול 150 מ""ל",קולגייט,MX,מקס פרש כחול,מיליליטרים,150.00,"100 מ""ל",false,1,15.90,10.60,true,1,
74764617729,false,רצועות ריסים מארז זוגי DEMI BLACK 120,,US,מארז ריסים בודדי,יחידה,1.00,יחידה,false,1,49.90,49.90,true,1,
74764620101,false,ריסים מלאכותיים 120,מג'יק,US,ריסים מלאכותיים,יחידה,1.00,יחידה,false,0,41.90,41.90,true,1,
74764626172,false,ריסים Effect Lift 745 יח,,US,ריסים Effec Lift,יחידה,1.00,יחידה,false,1,49.90,49.90,true,1,
74764650573,false,דבק לרצועות ריסים כהה ARDELL,מג'יק,US,דבק ריסים כהה,יחידה,1.00,יחידה,false,1,45.90,45.90,true,1,
74764675941,false,דבק ריסים כהה עם ביוטין,,IL,דבק ריסים כהה ע,יחידה,1.00,יחידה,false,1,59.90,59.90,true,1,
77975094761,false,סניידרס חטיפים על בסיס קמח חיטה בטעם גבינת צ'דר,סניידרס אוף האנובר,US,חטיף סניידרס,גרמים,340.00,100 גרם,false,1,13.90,4.09,true,1,
77975094778,false,שברי בייגלה סניידרס בטעם דבש חרדל 340 גר,סניידרס אוף האנובר,US,סניידרס דבש חרדל,גרמים,340.00,100 גרם,false,1,13.90,4.09,true,1,
78300081098,false,פלייטקס ספורט עם מוליך רגולר 18 יח,פלייטקס מניפאקטורינג בעמ,US,טמפוני פלייטקס,יחידה,1.00,יחידה,false,1,27.90,27.90,true,1,
78300081111,false,פלייטקס ספורט עם מוליך סופר 18 יח,פלייטקס מניפאקטורינג בעמ,US,טמפוני פלייטקס,יחידה,1.00,יחידה,false,1,27.90,27.90,true,1,
79625017861,false,מארז סט מברשות,,IL,מארז סט מברשות,יחידה,1.00,יחידה,false,1,99.00,99.00,true,1,
79625018974,false,מברשת קונטור מתכווננת,,IL,מברשת קונטור מתכ,יחידה,1.00,יחידה,false,1,65.00,65.00,true,1,
79625018998,false,מברשת להנחת מייק אפ,,IL,nברשת להנחת מיי,יחידה,1.00,יחידה,false,1,65.00,65.00,true,1,
79625915426,false,מברשת להנחת קונסילר יח',,IL,מברשת להנחת קונס,יחידה,1.00,יחידה,false,1,40.00,40.00,true,1,
85715168849,false,"אותנטיק אדט לגבר 15 מ""ל",,US,אותנטיק אדט לגבר,מיליליטרים,15.00,"100 מ""ל",false,1,30.90,206.00,true,1,
85805390600,false,"פיפט אבניו 5th Avenue אדפ לאישה 125 מ""ל - אליזבת ארדן",אלפא בישום,US,פיפט אווניו אדפ,מיליליטרים,125.00,"100 מ""ל",false,0,129.00,103.20,true,1,
88300162505,false,"אופוריה Euphoria א.ד.פ לאישה 100 מ""ל",קלווין קליין Calvin Klein,IL,אופוריה א.ד.פ,מיליליטרים,100.00,"100 מ""ל",false,1,298.00,298.00,true,1,
88300162550,false,euphoria א.ד.פ לאשה50 מל,קלווין קליין,FR,euphoria לאשה,מיליליטרים,50.00,"100 מ""ל",false,0,199.00,398.00,true,1,
192333119952,false,תיק מתנות 4 פריטים,קליניק,GB,תיק מתנות,יחידה,1.00,יחידה,false,1,49.00,49.00,true,1,
309970039523,false,שפתון סופר לסטרוס מאט 14,,US,שפתון סופר לסטרו,יחידה,1.00,יחידה,false,1,49.90,49.90,true,1,
309970075583,false,רבלון רולר וולקני סופג שומנים,General,CN,רולר וולקני סופג,יחידה,1.00,יחידה,false,1,95.90,95.90,true,1,
309975410037,false,מייק אפ קולורסטיי 180,רבלון,US,מייק אפ קולורסטי,מיליליטרים,30.00,"100 מ""ל",false,0,104.90,349.67,true,1,
608940543313,false,"ריהנה REB'L FLEUR(א) אדפ 100מ""ל",אלפא בישום,US,Fleur Reb'l לאשה,מיליליטרים,100.00,"100 מ""ל",false,0,99.00,99.00,true,1,
608940574706,false,"רבל פלור לאב אלוויז אדפ 100 מ""ל - ריהאנה",,US,ALWAYS LOVE RRF,מיליליטרים,100.00,"100 מ""ל",false,1,99.00,99.00,true,1,
638102201010,false,חטיף זון קלסיק שוקולד חמאת בוטנים 50 גר,"אבוט נוטרישן, מעבדות",US,חטיף זון בוטנים,גרמים,50.00,100 גרם,false,0,10.00,20.00,true,1,
638102203090,false,חטיף על בסיס חלבון סויה פאדג' גרהם,"אבוט נוטרישן, מעבדות",US,חטיף זון פאדג,גרמים,50.00,100 גרם,false,0,10.00,20.00,true,1,
638102532817,false,חטיף על בסיס חלבון סויה עם שוקולד מריר,"אבוט נוטרישן, מעבדות",US,חטיף זון דארק,גרמים,45.00,100 גרם,false,0,10.00,22.22,true,1,
651080161510,false,פלקרס פולסר לשיניים צפופות-מנטה 35 יחידו,מיוצר עי קונדיטוריית,CN,קיסם עם חוט,יחידה,1.00,יחידה,false,1,13.50,13.50,true,1,
651080366519,false,פלקרס פלוסר כפול טווין ליין,דנטלון,CN,פלאקרס טווין ליי,יחידה,1.00,יחידה,false,0,14.90,14.90,true,1,
651080647519,false,קיסמים עם חוט דנטלי פלאקרס מנטה 35 יחידות,"פלקרס רנור ארה""ב",US,קיסם עם חוט,יחידה,1.00,יחידה,false,1,13.50,13.50,true,1,
667538086151,false,"פיור סדקשין בודי מיסט לאישה 250 מ""ל - ויקטוריה סיקרט",ויקטוריה סיקרט,US,בודי ספריי,מיליליטרים,250.00,"100 מ""ל",false,1,59.00,23.60,true,1,
667548099172,false,"ו.סיקרט בודי ספריי באר ונילה 250מ""ל",ויקטוריה סיקרט,IL,באר ונילה,מיליליטרים,250.00,"100 מ""ל",false,1,59.00,23.60,true,1,
667548099202,false,"ויקטוריה סיקרט - בודי ספריי קוקונאט פאשן 250 מ""ל",ויקטוריה סיקרט,IL,קוקונט פאשן,מיליליטרים,250.00,"100 מ""ל",false,1,59.00,23.60,true,1,
667548879354,false,"מיי גוף ספריי לאב אדיקט ויקטוריה סיקרט - 250 מ""ל",ויקטוריה סיקרט,FR,לאב אדיקט,מיליליטרים,250.00,"100 מ""ל",false,1,59.00,23.60,true,1,
719346065405,false,"פנטזי אדפ לאישה 100 מ""ל - בריטני ספירס",בריטני ספירס BRITNEY SPEARS,US,fantasy א.ד.פ,מיליליטרים,100.00,"100 מ""ל",false,0,99.00,99.00,true,1,
763511009824,false,בי דלישס (א)אדפ 100מל דונה קארן,אינטר פרמיום,IT,DELICIOUS BE אשה,מיליליטרים,100.00,"100 מ""ל",false,0,249.00,249.00,true,1,
788434104821,false,חטיף חלבון וואן בטעם חמאת בוטנים 60 גרם,בלמונט קונפקשנס,US,חטיף וואן חמאת ב,גרמים,60.00,100 גרם,false,1,18.90,31.50,true,1,
788434106757,false,וואן חטיף דונטס מייפל 60 גרם,מדיטרנד,US,חטיף וואן דונטס,גרמים,60.00,100 גרם,false,0,18.90,31.50,true,1,
810905031036,false,מיני פן יח,,CN,מיני פן,יחידה,1.00,יחידה,false,1,399.00,399.00,true,1,
810905036826,false,Perfect Strand מחליק קרמ,,IL,Perfect Strand מ,יחידה,1.00,יחידה,false,1,349.00,349.00,true,1,
810905038332,false,מייבש שיער מקצועי סגול י,,IL,מייבש שיער מקצוע,יחידה,1.00,יחידה,false,1,599.00,599.00,true,1,
815151025778,false,"מוס נפח 251 מ""ל",,IL,מוס נפח,מיליליטרים,251.00,"100 מ""ל",false,1,109.00,43.43,true,1,
815151028519,false,"קרם אנטי פריז 200 מ""ל",,IL,קרם אנטי פריז,מיליליטרים,200.00,"100 מ""ל",false,1,109.00,54.50,true,1,
840117803282,false,UP PERK דריי שמפו 320 מל,HMS,US,UP PERK דריי שמפ,מיליליטרים,320.00,"100 מ""ל",false,1,129.00,40.31,true,1,
840117803695,false,BRASS YOUR BUST - מסכה 2,,IL,BRASS YOUR BUST,מיליליטרים,250.00,"100 מ""ל",false,1,159.00,63.60,true,1,
840117804135,false,מיני מחליק טיטניום ורוד,,IL,מיני מחליק טיטני,יחידה,1.00,יחידה,false,1,180.00,180.00,true,1,
840117804197,false,מסכה לשיקום אינטנסיבי 58,,IL,מסכה לשיקום אינט,גרמים,580.00,100 גרם,false,1,179.00,30.86,true,1,
840117804609,false,"פריימר הקוסם 118 מ""ל",,,פריימר הקוסם,מיליליטרים,118.00,"100 מ""ל",false,1,129.00,109.32,true,1,
840117804647,false,"סולפוד מסכת הזנה 500 מ""ל",,IL,סולפוד מסכת הזנה,מיליליטרים,500.00,"100 מ""ל",false,1,149.00,29.80,true,1,
840117805729,false,"מרכך משקם סילבר 275 מ""ל",HMS,US,מרכך משקם סילבר,מיליליטרים,275.00,"100 מ""ל",false,1,99.00,36.00,true,1,
840117805736,false,שמפו לשיקום השיער 275 מל,HMS,US,שמפו לשיקום השיע,מיליליטרים,275.00,"100 מ""ל",false,1,109.00,39.64,true,1,
840117807976,false,Brush Blow מברשת פן חשמל,,IL,Brush Blow מברשת,יחידה,1.00,יחידה,false,1,469.00,469.00,true,1,
887167353060,false,מייק אפ דאבל וואר 3C2 15,אסתי לאודר,BE,מייקאפ דאבל וואר,מיליליטרים,15.00,"100 מ""ל",false,1,85.00,566.67,true,1,
3014260007867,false,מ. שיניים סופט FLEX PRO,פרוקטר & גמבל,IL,מ. שיניים סופט P,יחידה,1.00,יחידה,false,1,34.90,34.90,true,1,
3014260228842,false,"קצף גילוח ג'ילט לעור רגיל 200 מ""ל",פרוקטר אנד גמבל,GB,קצף גילוח ג'ילט,מיליליטרים,200.00,"100 מ""ל",false,0,14.90,7.45,true,1,
3014260243531,false,גילט מאך 3 סכיני גילוח 4 יחידות חדש,פרוקטר אנד גמבל,PL,סכיני גילוח מא,יחידה,1.00,יחידה,false,0,49.90,49.90,true,1,
3014260289287,false,סכין גילוח גילט בלו 2 לנשים-חמישייה,פרוקטר אנד גמבל,RU,סכיני גילוח,יחידה,1.00,יחידה,false,0,16.90,16.90,true,1,
3059944021197,false,"ויט קרם להסרת שיער לעור רגיש (אריזת חיסכון) 400 מ""ל",רקיט בנקיזר צרפת,FR,מסיר שיער ויט,מיליליטרים,400.00,"100 מ""ל",false,0,59.90,14.98,true,1,
3141360054405,false,פיניש מפיץ ריח למדיח בניחוח לימון וליים,הדקלאים אגודת שיתופי,HU,מפיץ ריח למדיח,יחידה,1.00,יחידה,false,1,14.90,14.90,true,1,
3145891073607,false,"שאנל בלו (ג) א.ד.פ 100 מ""ל",שאנל בישום,FR,CHANEL DE BLEU,מיליליטרים,100.00,"100 מ""ל",false,1,565.00,565.00,true,1,
3274872396197,false,אנג או דמון א.ד.פ 100מל,ג'יבנשי בישום,FR,אנג או דמון אדפ,מיליליטרים,100.00,"100 מ""ל",false,1,499.00,499.00,true,1,
3274872400726,false,"אירזיסטיבל אדפ 50 מ""ל",,IL,אירזיסיטבל אדפ,מיליליטרים,50.00,"100 מ""ל",false,1,419.00,838.00,true,1,
3348901250146,false,"דיור סוואג' א.ד.ט 100 מ""ל",,FR,SAUVAGE Dior,מיליליטרים,100.00,"100 מ""ל",false,1,420.00,420.00,true,1,
3349668589678,false,"INVICTUS אדט 200 מ""ל",,FR,INVICTUS אדט,מיליליטרים,200.00,"100 מ""ל",false,1,369.00,184.50,true,1,
3355991004672,false,INTENSE SCENT SILVER גבר,בוגרט בישום,IL,SCENT SILVER,מיליליטרים,200.00,"100 מ""ל",false,0,199.00,99.50,true,1,
3386460066075,false,"קווטרה אדט לאחשה 100 מ""ל - בוארון",,IL,קוואטרו אדפ,מיליליטרים,100.00,"100 מ""ל",false,1,219.00,219.00,true,1,
3386460095624,false,קיט לנוון יח',,FR,קיט לנוון,יחידה,1.00,יחידה,false,1,29.90,29.90,true,1,
3386460104623,false,גירל אין קפרי ופאוץ יח',,FR,גירל אין קפרי ופ,יחידה,1.00,יחידה,false,1,19.90,19.90,true,1,
3386460108157,false,קואץ פלורל בלאש אישה מתנ,,FR,קואץ פלורל בלאש,יחידה,1.00,יחידה,false,1,49.90,49.90,true,1,
3386460130653,false,מונבלאן סיגנצ'ר אדפ מארז,אינטר פרמיום,FR,מובבלאן סט,יחידה,1.00,יחידה,false,1,309.00,309.00,true,1,
3423222055882,false,נרסיסו פור הר אדט מארז,פרסטיג' שיסיידו,FR,מארז נרסיסו פור,יחידה,1.00,יחידה,false,1,479.00,479.00,true,1,
3423222056070,false,"נרסיסו בלו נואר פרפיום 100 מ""ל",,FR,נרסיסו בלו נואר,מיליליטרים,100.00,"100 מ""ל",false,1,379.00,379.00,true,1,
3423470890075,false,נרסיסו פור הר א.בודי קרם,נרסיסו רדריגז,IL,נרסיסו פור הר א.,מיליליטרים,150.00,"100 מ""ל",false,0,249.00,166.00,true,1,
3423473020233,false,"לייט בלו אדט לאישה 100 מ""ל - דולצ'ה וגבאנה",דולצ'ה&גב.שסטוב,IL,blue light א.ד.ט,מיליליטרים,100.00,"100 מ""ל",false,0,289.00,289.00,true,1,
3423473020516,false,"לייט בלו אדט לגבר 125 מ""ל - דולצ'ה וגבאנה",דולצ'ה&גב.שסטוב,IL,לייט בלו ג.אדט,מיליליטרים,125.00,"100 מ""ל",false,0,219.00,175.20,true,1,
3423473020776,false,"דולצ'ה גאבנה קלאסיק פור הום גבר א.ד.ט 125 מ""ל",דולצ'ה&גב.שסטוב,FR,Homme Pour א.ד.ט,מיליליטרים,125.00,"100 מ""ל",false,1,299.00,239.20,true,1,
3423473032816,false,לייט בלו אינטנס אדפ,דולצ'ה&גב.שסטוב,FR,לייט בלו אינטנס,מיליליטרים,100.00,"100 מ""ל",false,1,319.00,319.00,true,1,
3423474841554,false,איסימיאקי ל'אודיסי פיור,איסימיאקי.,IL,איסימיאקי ל'אודי,מיליליטרים,100.00,"100 מ""ל",false,0,298.00,298.00,true,1,
3423474891856,false,זדיג&וולטיר דיס א.אדפ100,זדיג&וולטייר,FR,IS THIS א.ד.פ,מיליליטרים,100.00,"100 מ""ל",false,0,279.00,279.00,true,1,
3423478509351,false,איסמיאקי לאו דיסי ווד100,ש.שסטוביץ,FR,איסמיאקי לאו דיס,מיליליטרים,100.00,"100 מ""ל",false,1,299.00,299.00,true,1,
3423478515956,false,"פיור מאסק אדפ לאישה 100 מ""ל - נרסיסו רודריגז",נרסיסו רדריגז,FR,פיור מאסק נרסיסו,מיליליטרים,100.00,"100 מ""ל",false,1,399.00,399.00,true,1,
3439600049862,false,"אנג'ל NOVA אדפ 100 מ""ל",,FR,אנג'ל NOVA אדפ,מיליליטרים,100.00,"100 מ""ל",false,1,399.00,399.00,true,1,
3439600056969,false,"ALIEN א.ד.פ לאשה 90 מ""ל",,FR,ALIEN א.ד.פ לאשה,מיליליטרים,90.00,"100 מ""ל",false,1,429.00,476.67,true,1,
3494800042020,false,Classique  א.ד.פ לאשה,רבלון בישום,FR,Classique  לאשה,מיליליטרים,50.00,"100 מ""ל",false,0,98.90,197.80,true,1,
3574660058857,false,גונסונס בייבי שמן 500 מל חדש,גונסון אנד גונסון,IT,שמן ג'ונסון,מיליליטרים,500.00,"100 מ""ל",false,1,20.00,4.00,true,1,
3574660089547,false,טמפונים נורמל קלאסי אובה 32 יחידות,ג'\ונסון אנד ג'\ונסון,GR,טמפוני או בה,יחידה,1.00,יחידה,false,0,30.90,30.90,true,1,
3574660115154,false,או-בה טמפונים קלאסי סופר 32יח',ג'\ונסון אנד ג'\ונסון,GR,טמפוני או בה,יחידה,1.00,יחידה,false,0,30.90,30.90,true,1,
3574660239829,false,קרם ידיים קל סדרה נורבגית נוטרוגינה 50 מ,ניוטרוג'ינה Neutrogena,FR,קרם ידיים קליל,מיליליטרים,75.00,"100 מ""ל",false,0,24.90,33.20,true,1,
3574660240009,false,טמפונים או בה נורמל,ג'ונסון,GR,או-בה נורמל,יחידה,1.00,יחידה,false,1,14.90,14.90,true,1,
3574660514643,false,קרם לחות רב שימושי עשיר נוטרוגינה 300 מל,ניוטרוג'ינה Neutrogena,IT,"קרם רב""ש",מיליליטרים,300.00,"100 מ""ל",false,0,24.90,8.30,true,1,
3574660571769,false,ניוטרוגינה שפתון לחות SPF20,שסטוביץ,FR,שפתון ניוטרוגינה,יחידה,1.00,יחידה,false,0,24.90,24.90,true,1,
3574661098531,false,ניוטרוגינה תחליב גוף מועשר לעור יבש/רגיש,ניוטרוג'ינה Neutrogena,GR,תחליב גוף,מיליליטרים,400.00,"100 מ""ל",false,1,24.90,6.23,true,1,
3574661114637,false,ליסטרין שטיפת פה קול מינט טעם מעודן 500,ג'\ונסון אנד ג'\ונסון,IT,מי פה ליסטרין,מיליליטרים,500.00,"100 מ""ל",false,1,34.90,6.98,true,1,
3574661288345,false,נטרוגינה היידרובוסט גל ניקוי לפנים 200,שסטוביץ,PL,ג'ל ניקוי לפנים,מיליליטרים,200.00,"100 מ""ל",false,1,58.90,29.45,true,1,
3574661332581,false,נטרוגינה קליר& דיפנד קרם לחות 50 מל,שסטוביץ,FR,תחליב לחות,מיליליטרים,50.00,"100 מ""ל",false,1,68.90,137.80,true,1,
3574661363998,false,"מי פה ליסטרין תה ירוק 500 מ""ל",ג'\ונסון אנד ג'\ונסון,IT,מי פה ליסטרין,מיליליטרים,500.00,"100 מ""ל",false,1,38.90,7.78,true,1,
3574661392486,false,"קרם ידיים ניוטרוגינה הידרו בוסט 75 מ""ל",ניוטרוג'ינה Neutrogena,GR,קרם ידיים הידרו,מיליליטרים,75.00,"100 מ""ל",false,1,31.90,42.53,true,1,
3574661428055,false,גונסונס בייבי תחליב לחות מגע כותנה 500 מ,INTERNATIONAL GMBH CILAG,IT,ג'ונסון תחליב,מיליליטרים,500.00,"100 מ""ל",false,1,33.90,6.78,true,1,
3574661458748,false,טלק גונסון 200 ג' חדש,ג'ונסון,IT,טלק לתינוקות,גרמים,200.00,100 גרם,false,1,19.90,9.95,true,1,
3574661475783,false,נטרוגינה סלולר בוסט קרם לחות אנטי אייגינ,שסטוביץ,FR,אנטי אייגיניג סל,מיליליטרים,50.00,"100 מ""ל",false,1,125.00,250.00,true,1,
3574661487328,false,קרפרי מגני תחתון אורגינל פלוס 56 יח',הדקלאים אגודת שיתופי,IT,מגני תחתון קרפרי,יחידה,1.00,יחידה,false,1,14.90,14.90,true,1,
3574661487618,false,קרפרי מגן תחתון מקסי לארג'' מבושם 48 יח'',הדקלאים אגודת שיתופי,IT,קרפרי מגני תחתון,יחידה,1.00,יחידה,false,1,14.90,14.90,true,1,
3574661487625,false,מגני תחתון פלוס לארג' בניחוח עדין L,הדקלאים אגודת שיתופי,IT,מגן תחתון קרפרי,יחידה,1.00,יחידה,false,1,14.90,14.90,true,1,
3574661491806,false,מי פה אדבנס וויט מנטה מסירה כתמים קשים,ג'\ונסון אנד ג'\ונסון,IT,מי פה ליסטרין,מיליליטרים,500.00,"100 מ""ל",false,1,38.90,7.78,true,1,
3574661500355,false,קרפרי מגן תחתון מקסי לונג רגיל 40 יח',ג'ויה מעבדות לקוסמטי,IT,מגני תחתון קרפרי,יחידה,1.00,יחידה,false,1,14.90,14.90,true,1,
3574661500478,false,נטרוגינה בלאקהד מי פנים 200 מל,שסטוביץ,FR,מי פנים לחיסול ר,מיליליטרים,200.00,"100 מ""ל",false,1,59.90,29.95,true,1,
3574661501901,false,שטיפה אינטימית יומיומית מכיל תה ירוק ואלוורה,קולגייט פלמוליב,IT,שטיפה אינטימית,מיליליטרים,200.00,"100 מ""ל",false,1,19.90,9.95,true,1,
3574661504162,false,מוס לשטיפה אינטימית יומיומית מכיל תה ירוק ואלוורה,קולגייט פלמוליב,IT,שטיפה אינטימית,מיליליטרים,150.00,"100 מ""ל",false,1,20.90,13.93,true,1,
3574661530604,false,נטרוגינה כורכום מסכת חימר 50 מל,שסטוביץ,FR,מסכת כורכום וחימ,יחידה,1.00,יחידה,false,0,69.90,69.90,true,1,
3574661530697,false,"ג'ונסונס שמפו מכף רגל ועד ראש בייבי 500 מ""ל",ג'ונסונס Johnson's,IT,ג'ונסון תרחיץ,מיליליטרים,500.00,"100 מ""ל",false,1,21.90,4.38,true,1,
3574661552576,false,קרפרי מגן תחתון רגיל טנגה לבן 56 יח חדש,הדקלאים אגודת שיתופי,GR,מגני תחתון קרפרי,יחידה,1.00,יחידה,false,1,14.90,14.90,true,1,
3574661552804,false,מגן תחתון קרפרי אלוורה 56 יחידות,הדקלאים אגודת שיתופי,IT,מגני תחתון קרפרי,יחידה,1.00,יחידה,false,1,14.90,14.90,true,1,
3574661552811,false,מגן תחתון קרפרי כותון אוורירי 56 יחידות,הדקלאים אגודת שיתופי,GR,מגן תחתון קרפרי,יחידה,1.00,יחידה,false,1,14.90,14.90,true,1,
3574661554877,false,מגן תחתון קרפרי כותון מבושם 56 יחידות,הנסיך- מפעל לייצור ט,GR,מגני תחתון קרפרי,יחידה,1.00,יחידה,false,1,14.90,14.90,true,1,
3574661554884,false,קרפרי מגן תחתון רגיל טנגה מבושם 56 יח,הדקלאים אגודת שיתופי,IT,מגני תחתון קרפרי,יחידה,1.00,יחידה,false,1,14.90,14.90,true,1,
3574661560489,false,נטרוגינה דיפ קלין מגבונים להסרת איפור 25,שסטוביץ,FR,CLEAN DEEP מגבונ,יחידה,1.00,יחידה,false,1,28.90,28.90,true,1,
3574661561219,false,ליסטרין שטיפת פה אדוונס ווייט 250 מל,ג'\ונסון אנד ג'\ונסון,IT,ליסטרין מי פה א,מיליליטרים,250.00,"100 מ""ל",false,1,10.00,4.00,true,1,
3574661650760,false,נטרוגינה קליר דפנד+ ניקוי אקנה 200 מל,שסטוביץ,GR,קליר דפנד+ניקוי,מיליליטרים,200.00,"100 מ""ל",false,1,59.90,29.95,true,1,
3574669908481,false,גונסונס בייבי אל סבון אמבט 750 מל חדש,ג'ונסונס Johnson's,IT,ג'ונסון אל סבון,מיליליטרים,750.00,"100 מ""ל",false,1,24.90,3.32,true,1,
3574669909181,false,גונסונס בייבי שמן אלוורה לתינוק 300 מל,ג'ונסונס Johnson's,IT,שמן ג'ונסון,מיליליטרים,300.00,"100 מ""ל",false,1,24.90,8.30,true,1,
3600520772035,false,לוריאל - פודרה טרומאצ W3,סייפו,IT,פודרה דחוסה,יחידה,1.00,יחידה,false,0,80.90,80.90,true,1,
3600520881799,false,לוריאל - מסקרה טלסקופיק שחור,לוריאל פריז L'OREAL PARIS,IT,TELESCOPIC מסקרה,יחידה,1.00,יחידה,false,0,49.90,49.90,true,1,
3600521094372,false,קסטינג קרם גלוס מס316',לוריאל פריז,BE,צבע שיער קסטינג,יחידה,1.00,יחידה,false,0,34.90,34.90,true,1,
3600521094389,false,קסטינג קרם גלוס מס400',לוריאל פריז,BE,צבע שיער קסטינג,יחידה,1.00,יחידה,false,0,34.90,34.90,true,1,
3600521094419,false,קסטינג קרם גלוס מס500',לוריאל פריז,BE,צבע שיער קסטינג,יחידה,1.00,יחידה,false,0,34.90,34.90,true,1,
3600521720219,false,קרם פנים לילה עם פעולה משולשת לכל סוגי העור,"קרלסרו, גרמניה",DE,קרם לילה,מיליליטרים,50.00,"100 מ""ל",false,0,46.90,93.80,true,1,
3600522337188,false,לוריאל - שפתון עמיד אינפלבל 506,סופרוג'ם,FR,שפתון עמיד,יחידה,1.00,יחידה,false,0,63.90,63.90,true,1,
3600522634034,false,לוריאל - שפתון עמיד אינפלבל 701,סופרוג'ם,FR,שפתון אינפייליבל,יחידה,1.00,יחידה,false,0,63.90,63.90,true,1,
3600522838586,false,לוריאל רויטליפט לייזר X3 קרם-מסכה לילה,KARLSRUHE GERMANY,DE,קרם מסכה לילה,מיליליטרים,50.00,"100 מ""ל",false,0,84.90,169.80,true,1,
3600522851288,false,לוריאל - שפתון קולוריש 630,פרדיס,FR,שפתון קולוריש,יחידה,1.00,יחידה,false,1,58.90,58.90,true,1,
3600522862420,false,לוריאל - מייקאפ טרומאצ N5,לוריאל,FR,N5 MATCH TRUE,מיליליטרים,30.00,"100 מ""ל",false,1,92.90,309.67,true,1,
3600522862482,false,לוריאל - מייקאפ טרומאצ C2,לוריאל,FR,מייק אפ C2,מיליליטרים,30.00,"100 מ""ל",false,1,92.90,309.67,true,1,
3600522862543,false,לוריאל - מייקאפ טרומאצ W3,לוריאל פריז L'OREAL PARIS,FR,W3 MATCH TRUE,מיליליטרים,30.00,"100 מ""ל",false,1,92.90,309.67,true,1,
3600523192717,false,לוריאל - מג'יק ריטאצ' גוון 4 בלונד בז',לוריאל ליברמו,BE,מג'יק ריטאצ' 4 ב,מיליליטרים,75.00,"100 מ""ל",false,1,39.90,53.20,true,1,
3600523193165,false,תרסיס לכיסוי שורשי השיער Magic Retouch חום בהיר,לוריאל ליברמו,BE,ספריי צבע לשיער,מיליליטרים,75.00,"100 מ""ל",false,1,39.90,53.20,true,1,
3600523201303,false,לוריאל - דרמו רויטליפט פילר לילה,"קרלסרו, גרמניה",DE,קרם לילה,מיליליטרים,50.00,"100 מ""ל",false,1,109.00,218.00,true,1,
3600523334506,false,לוריאל - עפרון גבות אייג 01,לוריאל איפור,DE,פרפקט גבות 01 בל,יחידה,1.00,יחידה,false,1,40.00,40.00,true,1,
3600523337712,false,לוריאל - מג'יק ריטאצ' 6 חום מהגוני,לוריאל,BE,מג'יק ריטאצ' חום,מיליליטרים,75.00,"100 מ""ל",false,1,39.90,53.20,true,1,
3600523428663,false,לוריאל - דרמו רויטליפט לייזר יום,"קרלסרו, גרמניה",DE,REVITALIFT קרם,מיליליטרים,50.00,"100 מ""ל",false,1,84.90,169.80,true,1,
3600523450435,false,לוריאל סדרת פרחים גל רחצה לעור רגיש 150,קרלסרו,DE,ג'ל רחצה לפנים,מיליליטרים,150.00,"100 מ""ל",false,1,35.90,23.93,true,1,
3600523503285,false,לוריאל - מסקרה פרדייז שחור,לוריאל איפור,IT,פרדייז מסקרה,יחידה,1.00,יחידה,false,1,78.90,78.90,true,1,
3600523526130,false,לוריאל - מן אקספרט ברבר ג'ל ניקוי 3ב1,SP.Z.O.O KOSMEPOL,DE,ברבר ג'\ל ניקוי,מיליליטרים,200.00,"100 מ""ל",false,1,34.90,17.45,true,1,
3600523527151,false,לור מיקרו טאטו 101,טרופיקל דגיל תעשיות קוסמ,KR,לור מיקרו טאטו 1,יחידה,1.00,יחידה,false,1,52.90,52.90,true,1,
3600523651870,false,שמפו לחיזוק סיב השערה לכל סוגי השיער,לוריאל - אלביב Elvive,TR,אלביב שמפו,מיליליטרים,550.00,"100 מ""ל",false,1,17.90,3.25,true,1,
3600523652242,false,"לוריאל - אלביב שמפו קולור פרוטקט 550 מ""ל",לוריאל - אלביב Elvive,TR,אלביב שמפו,מיליליטרים,550.00,"100 מ""ל",false,1,17.90,3.25,true,1,
3600523652259,false,"לוריאל - אלביב מרכך קולור פרוטקט 550 מ""ל",קוסמטיקס,TR,אלביב מרכך,מיליליטרים,550.00,"100 מ""ל",false,1,17.90,3.25,true,1,
3600523652280,false,"לוריאל אלביב שמפו מועשר ב 6 שמנים, 550 מ""ל",לוריאל - אלביב Elvive,TR,אלביב שמפו,מיליליטרים,550.00,"100 מ""ל",false,1,17.90,3.25,true,1,
3600523716524,false,לוריאל - דרמו רויטליפט קלאסי קרם אדום עברית,"קרלסרו, גרמניה",DE,קרם יום אדום,מיליליטרים,50.00,"100 מ""ל",false,1,59.90,119.80,true,1,
3600523718214,false,לוריאל - מן אקספרט היידרה ג'ל ניקוי מעורר,AULNAYS SOPROREAL-,GB,מן אקספרט היידרה,מיליליטרים,100.00,"100 מ""ל",false,1,29.90,29.90,true,1,
3600523755288,false,לוריאל - מסקרה לגבות 108 חום,,IT,מסקרה לגבות 108,מיליליטרים,4.00,"100 מ""ל",false,1,45.00,1125.00,true,1,
3600523782581,false,מרכך מתיר קשרים לשיער ארוך ופגום Dream Long,לוריאל - אלביב Elvive,FR,אלביב מרכך,מיליליטרים,500.00,"100 מ""ל",false,1,17.90,3.58,true,1,
3600523784448,false,לוריאל - מייקאפ מאט קאבר 175,,IL,מייק אפ מאט קאבר,מיליליטרים,30.00,"100 מ""ל",false,1,103.90,346.33,true,1,
3600523936823,false,אלביב שמן לטיפוח השיער לשיער צבוע ויבש,"אינטרביוטי קוסמטיקס, ישר",IL,שמן לשיער צבוע,מיליליטרים,100.00,"100 מ""ל",false,1,39.90,39.90,true,1,
3600523939206,false,לוריאל - מיקרו טאטואז' גבות 109 חום כהה,טרופיקל דגיל תעשיות קוסמ,KR,לור מיקרו טאטו,יחידה,1.00,יחידה,false,1,52.90,52.90,true,1,
3600523951444,false,לוריאל - פודרה עמידה אינפליבל 120,,IT,פודרה עמידה אינפ,יחידה,1.00,יחידה,false,1,65.00,65.00,true,1,
3600523953554,false,לוריאל - דרמו פרחים מגבונים ורוד עברית,לוריאל,DE,דרמו פרחים מגבונ,יחידה,1.00,יחידה,false,1,15.90,15.90,true,1,
3600523953677,false,לוריאל - דרמו רויטליפט קלאסי יום SPF30 עברית,"קרלסרו, גרמניה",DE,דרמו רויטליפט לח,מיליליטרים,50.00,"100 מ""ל",false,1,59.90,119.80,true,1,
3600523965663,false,לוריאל רויטליפט פילר טונר מי פנים 200 מל,לוריאל,DE,רויטליפט פילר טו,מיליליטרים,200.00,"100 מ""ל",false,1,29.90,14.95,true,1,
3600523967131,false,לוריאל - דרמו רויטליפט פילר מים מיסלריים 200,לוריאל,DE,רויטליפט פילר מי,מיליליטרים,200.00,"100 מ""ל",false,1,29.90,14.95,true,1,
3600523985326,false,לוריאל - דרמו רויטליפט לייזר יום SPF 20 עברי,לוריאל פריס,DE,קרם אנטי אייגינג,מיליליטרים,50.00,"100 מ""ל",false,1,84.90,169.80,true,1,
3600523985838,false,לוריאל - דרמו רויטליפט פילר ג'ל ניקוי לפנים,"לוריאל פרודקשן דויטשלנד,",DE,דרמו רויטליפט פ,מיליליטרים,150.00,"100 מ""ל",false,1,29.90,19.93,true,1,
3600523991525,false,"לוריאל - דרמו רויטליפט קלאסי סרום 30 מ""ל","קרלסרו, גרמניה",DE,סרום רויטליפט קל,מיליליטרים,30.00,"100 מ""ל",false,1,59.90,199.66,true,1,
3600524012601,false,"לוריאל - סרום לפנים מידנייט 30 מ""ל",לוריאל,DE,סרום לילה דרמו ר,מיליליטרים,30.00,"100 מ""ל",false,1,129.90,433.00,true,1,
3600524013448,false,לוריאל אייג פרפקט רנסנס קרם עיניים,לוריאל,FR,קרם עיניים,מיליליטרים,15.00,"100 מ""ל",false,1,99.90,666.00,true,1,
3600524013455,false,לוריאל אייג פרפקט רנסנס קרם לילה,לוריאל,DE,PERFECT AGE קרם,מיליליטרים,50.00,"100 מ""ל",false,1,99.90,199.80,true,1,
3600524026639,false,לוריאל - שחור עמיד אינפליבל,פאבר קסטל,DE,עפרון אינפליבל 3,יחידה,1.00,יחידה,false,1,30.00,30.00,true,1,
3600524026660,false,עפרון אינפליבל 36 שעות,פאבר קסטל,DE,עפרון אינפליבל36,יחידה,1.00,יחידה,false,1,30.00,30.00,true,1,
3600524026691,false,עפרון אינפליבל 36 שעות,פאבר קסטל,DE,עפרון אינפליבל36,יחידה,1.00,יחידה,false,1,30.00,30.00,true,1,
3600524031091,false,לוריאל מסקרה פרו אדום יח,סייפו,IT,לוריאל מסקרה פרו,יחידה,1.00,יחידה,false,1,65.00,65.00,true,1,
3600524031138,false,לוריאל מסקרה פרו כסוף יח,סייפו,IT,לוריאל מסקרה פרו,יחידה,1.00,יחידה,false,1,65.00,65.00,true,1,
3600524051334,false,"לוריאל - אלביב מרכך היאלורונית 400 מ""ל",לוריאל,FR,אלביב מרכך,מיליליטרים,400.00,"100 מ""ל",false,1,17.90,4.48,true,1,
3600524051570,false,לוריאל - אלביב מסכה היאלורונית 300 מ''ל,DEUT PRODUKTION L\'OREAL,FR,אלביב מסכה,מיליליטרים,300.00,"100 מ""ל",false,1,29.90,9.96,true,1,
3600524055400,false,לוריאל - אלביב שמפו היאלורונית 500 מ''ל,לוריאל,FR,אלביב שמפו,מיליליטרים,500.00,"100 מ""ל",false,1,17.90,3.58,true,1,
3600524065621,false,לוריאל סדרת פרחים קרם ניקוי לפנים 150 מל,סופרוריאל אולניי,FR,ג'ל ניקוי כחול,מיליליטרים,150.00,"100 מ""ל",false,1,35.90,23.93,true,1,
3600530695836,false,מייבלין - שפתון סופרסטיי 310,לוריאל,FR,סופר סטיי 310,יחידה,1.00,יחידה,false,1,43.90,43.90,true,1,
3600530695928,false,מייבלין - שפתון סופרסטיי 542,מייבלין Maybelline,FR,STAY542 SUPER,יחידה,1.00,יחידה,false,1,43.90,43.90,true,1,
3600530733842,false,מייבלין - קונסילר ספוגית 01IAR,מייבלין Maybelline,IL,קונסילר אנטי איג,יחידה,1.00,יחידה,false,1,45.90,45.90,true,1,
3600530733866,false,מייבלין - קונסילר ספוגית 03IAR,מייבלין Maybelline,IL,קונסילר אנטי איג,יחידה,1.00,יחידה,false,1,45.90,45.90,true,1,
3600531143459,false,מייבלין - מסקרה לאש שחור,סייפו,IT,מסקרה,יחידה,1.00,יחידה,false,1,39.90,39.90,true,1,
3600531293178,false,מייבלין - צללית פלטה בלאש,מייבלין Maybelline,IT,פלטה צלליות,יחידה,1.00,יחידה,false,0,44.90,44.90,true,1,
3600531384029,false,מייבלין - פודרה פיט מי 220,לוריאל,IL,פודרה פיט מי,יחידה,1.00,יחידה,false,1,36.90,36.90,true,1,
3600531411107,false,מייבלין - שפתון ס.סטיי אינק 15,,IL,שפתון סופר סטיי,יחידה,1.00,יחידה,false,1,43.90,43.90,true,1,
3600531465247,false,מייבלין - קונסילר ספוגית 07IAR,,IL,קונסילר 07,יחידה,1.00,יחידה,false,1,45.90,45.90,true,1,
3600531469498,false,מייבלין - שפתון ס.סטיי אינק 65,מייבלין,IL,שפתון מאט אינק 6,יחידה,1.00,יחידה,false,1,43.90,43.90,true,1,
3600531511654,false,נייל קר הכל באחד יח',לוריאל,IL,נייל קר הכל באחד,יחידה,1.00,יחידה,false,1,62.90,62.90,true,1,
3600531537289,false,מייבלין - סומק פיט מי 40,,IL,סומק פיטמי 40,יחידה,1.00,יחידה,false,1,35.00,35.00,true,1,
3600531537357,false,מייבלין - סומק פיט מי 50,,IL,סומק פיטמי 50,יחידה,1.00,יחידה,false,1,35.00,35.00,true,1,
3600531537470,false,מייבלין - סומק פיט מי 25,מייבלין Maybelline,IL,סומק פיטמי 25,יחידה,1.00,יחידה,false,1,35.00,35.00,true,1,
3600531592974,false,מייבלין - פלטת צלליות ניו יורק,מייבלין Maybelline,IL,פלטת צלליות ניו,יחידה,1.00,יחידה,false,1,50.00,50.00,true,1,
3600531605681,false,מייבלין - שפתון ס.סטיי אינק 180,מייבלין,IL,שפתון מאט אינק,יחידה,1.00,יחידה,false,1,43.90,43.90,true,1,
3600531609733,false,מייבלין - שפתון ליפטר גלוס 05,,FR,שפתון ליפטר גלוס,יחידה,1.00,יחידה,false,1,40.00,40.00,true,1,
3600531609764,false,מייבלין - שפתון ליפטר גלוס 02,,FR,שפתון ליפטר גלוס,יחידה,1.00,יחידה,false,1,40.00,40.00,true,1,
3600531629106,false,מייבלין - מסקרה לאש ליפט אקסטרה בלק,,IT,מסקרה לאש ל,יחידה,1.00,יחידה,false,1,40.00,40.00,true,1,
3600540928863,false,"גרנייה - דאודורנט רול און לאישה אינביזי קליר 50 מ""ל",קוסמופול,FR,דאודורנט גרנייה,מיליליטרים,50.00,"100 מ""ל",false,0,11.90,23.80,true,1,
3600541023291,false,גרניה 7 ימים קרם גוף אלוורה 400 מל,קוסמופול,PL,קרם גוף גרנייה,מיליליטרים,400.00,"100 מ""ל",false,1,14.90,3.73,true,1,
3600541029323,false,גרנייה אסנשיאל מסיר איפור 2 ב- 1,SOPROCOS סופרוקוס,FR,ESSENTIALS מסיר,מיליליטרים,200.00,"100 מ""ל",false,0,19.90,9.95,true,1,
3600541253667,false,"גרנייה - דאודורנט ספריי לאישה אינביזיבל BWC (ורוד) 150 מ""ל","לוריאל ישראל בע""מ",FR,דאו.גרנייה,מיליליטרים,150.00,"100 מ""ל",false,0,11.90,7.94,true,1,
3600541740006,false,"גרנייה דאודורנט ספריי אקשן קונטרול 150 מ""ל","לוריאל ישראל בע""מ",FR,דאו.גרנייה,מיליליטרים,150.00,"100 מ""ל",false,1,11.90,7.94,true,1,
3600541928169,false,"גרנייה פיור פחם ג'ל ניקוי 150 מ""ל","קרלסרו, גרמניה",DE,ג'יל ניקוי פיור,יחידה,1.00,יחידה,false,1,29.90,29.90,true,1,
3600541928275,false,מי פנים מיסלריים דו-פאזיים מסיר איפור עמיד במים,"קוסמופול, פולין",PL,מים מיסלריים דו,מיליליטרים,400.00,"100 מ""ל",false,1,35.00,8.75,true,1,
3600542051057,false,בוטניקל מי פנים ורדים200,"קוסמופול, פולין",PL,מי פנים ורדים,מיליליטרים,200.00,"100 מ""ל",false,1,24.90,12.45,true,1,
3600542097253,false,גרנייה - מסכת טישו פחם אצות שחורות,ביוטיקוס אינטרנשיונאל,CN,מסכת טישו פחם,יחידה,1.00,יחידה,false,1,14.90,14.90,true,1,
3600542216623,false,"גרנייה - דאודורנט רול און לאישה אקשן קונטרול רול 96 שעות 50 מ""ל",סופרוקוס,PL,דאודורנט גרנייה,מיליליטרים,50.00,"100 מ""ל",false,1,11.90,23.80,true,1,
3600542216647,false,"גרנייה - דאודורנט ספריי לאישה 96 שעות אקשן קונטר 150 מ""ל",לוריאל,FR,דאו.ספריי גרנייה,מיליליטרים,150.00,"100 מ""ל",false,1,11.90,7.94,true,1,
3600542245418,false,גרנייה - אוליה מיני קיט 4 חום כהה,לוריאל,PL,אוליה מיני 4 חום,יחידה,1.00,יחידה,false,1,24.90,24.90,true,1,
3600542245425,false,גרנייה - אוליה מיני קיט 4.15 חום שוקולד קרח,לוריאל,PL,אוליהמיני4.15חום,יחידה,1.00,יחידה,false,1,24.90,24.90,true,1,
3600542245456,false,גרנייה - אוליה מיני קיט 5.3 חום זהוב,לוריאל,PL,אוליה 5.3 חום זה,יחידה,1.00,יחידה,false,1,24.90,24.90,true,1,
3600542245548,false,גרנייה - אוליה מיני קיט 7 בלונד כהה,לוריאל,PL,צבע לשיער אוליה,יחידה,1.00,יחידה,false,1,24.90,24.90,true,1,
3600542267953,false,גרנייה - פיור אקטיב מים מיסלריים 400,גרנייה-קוסמטיקה,PL,פיור מי מיסלר,מיליליטרים,400.00,"100 מ""ל",false,1,35.00,8.75,true,1,
3600542281065,false,קולור נטורלס 10.1 בלונד סופר בהיר,לוריאל,PL,קולור נטורלס,יחידה,1.00,יחידה,false,1,22.90,22.90,true,1,
3600542328647,false,גרניה סקין נט קרם גל אלוורה 50 מל,לוריאל,PL,קרם ג'ל אלוורה,יחידה,1.00,יחידה,false,0,47.90,47.90,true,1,
3600542385091,false,"גרנייה - דאודורנט רול און לאישה אקשן קונטרול 72 שעות 50 מ""ל",קוסמופול,PL,רול און גרנייה,מיליליטרים,50.00,"100 מ""ל",false,1,11.90,23.80,true,1,
3600542385251,false,"גרנייה - דאודורנט רול און לאישה פרוטקשן 6 כותנה (ורוד) 50 מ""ל",גרנייה Garnier,FR,רול און גרנייה,מיליליטרים,50.00,"100 מ""ל",false,1,11.90,23.80,true,1,
3600542413626,false,גרנייה - מסכת טישו דובדבן שפתיים,לוריאל,CN,מסכת טישו דובדבן,יחידה,1.00,יחידה,false,1,12.90,12.90,true,1,
3600542421621,false,גרניה פרוקטיס מסכה לשיער בננה 390 מל,"אינטרביוטי קוסמטיק בע""\מ",IL,פרוקטיס היירפוד,מיליליטרים,390.00,"100 מ""ל",false,1,34.90,8.95,true,1,
3600542421638,false,"גרנייה - פרוקטיס היירפוד שמפו מקדמיה 350 מ""ל","אינטרביוטי קוסמטיק בע""\מ",IL,פרוקטיס היירפוד,מיליליטרים,350.00,"100 מ""ל",false,1,14.90,4.26,true,1,
3600542421645,false,"גרנייה - פרוקטיס היירפוד מרכך מקדמיה 350 מ""ל","אינטרביוטי קוסמטיק בע""\מ",IL,פרוקטיס היירפוד,מיליליטרים,350.00,"100 מ""ל",false,1,14.90,4.26,true,1,
3600542421669,false,"גרנייה - פרוקטיס היירפוד מרכך פפאיה 350 מ""ל","אינטרביוטי קוסמטיק בע""\מ",IL,פרוקטיס היירפוד,מיליליטרים,350.00,"100 מ""ל",false,1,14.90,4.26,true,1,
3600542421706,false,"גרנייה - פרוקטיס היירפוד שמפו פפאיה 350 מ""ל","אינטרביוטי קוסמטיק בע""\מ",IL,פרוקטיס היירפוד,מיליליטרים,350.00,"100 מ""ל",false,1,14.90,4.26,true,1,
3600542421720,false,גרנייה פרוקטיס היפורד מסכה פפאיה 390 גר,"אינטרביוטי קוסמטיק בע""\מ",IL,פרוקטיס היירפוד,מיליליטרים,390.00,"100 מ""ל",false,1,34.90,8.95,true,1,
3600542431835,false,גרנייה - קולור נטורלס 3 חום כהה מאוד חדש,לוריאל ישראל קוסמטיקס בע,PL,קולור נטורלס 3,יחידה,1.00,יחידה,false,1,22.90,22.90,true,1,
3600542431866,false,גרנייה קולור נטורלס צבע לשיער חום בהיר 6,גרנייה Garnier,PL,קולור נטורלס 6,יחידה,1.00,יחידה,false,1,22.90,22.90,true,1,
3600542431941,false,גרנייה - קולור נטורלס 5.3 חום זהוב חדש,לוריאל ישראל קוסמטיקס בע,PL,קולור נטורלס 5.3,יחידה,1.00,יחידה,false,1,22.90,22.90,true,1,
3600542431989,false,גרנייה - קולור נטורלס 6.34 חום שוקולד חדש,לוריאל ישראל קוסמטיקס בע,PL,קולור נטורלס6.34,יחידה,1.00,יחידה,false,1,22.90,22.90,true,1,
3600542431996,false,גרנייה - קולור נטורלס 5.15 חום שוקולד עשיר חדש,יבואן ומשווק: n\לוריאל י,PL,צבע שיער קולור,יחידה,1.00,יחידה,false,1,22.90,22.90,true,1,
3600542432009,false,גרנייה - קולור נטורלס 4.5 חום שוקולד כהה חדש,לוריאל ישראל קוסמטיקס בע,PL,קולור נטורלס 4.5,יחידה,1.00,יחידה,false,1,22.90,22.90,true,1,
3600542432016,false,צבע לשיער קולור נטורלס- 5.25 חום מהגוני פנינה בהיר,לוריאל ישראל קוסמטיקס בע,PL,קולור נטורלס 5.2,יחידה,1.00,יחידה,false,1,22.90,22.90,true,1,
3600542432047,false,גרנייה - קולור נטורלס 10.1 בלונד סופר בהיר ב חדש,קוסמופול,PL,קולור נטורלס10.1,יחידה,1.00,יחידה,false,1,22.90,22.90,true,1,
3600542432092,false,גרנייה - קולור נטורלס 5.12 חום שלג חדש,קוסמופול,PL,קולור נטורלס5.12,יחידה,1.00,יחידה,false,1,22.90,22.90,true,1,
3600542432962,false,"גרנייה - סרום לפנים אלוורה 30 מ""ל",לוריאל,DE,גרנייה סרום אלוו,מיליליטרים,30.00,"100 מ""ל",false,1,49.90,166.33,true,1,
3600542433266,false,גרנייה - סרום לפנים ויטמין C סקין אקטיב,לוריאל,DE,גרנייה סרום ויטמ,מיליליטרים,30.00,"100 מ""ל",false,1,49.90,166.33,true,1,
3600542456579,false,גרניה מיסלר ויטמין סי 400 מל,לוריאל,DE,מיסלר ויטמין סי,מיליליטרים,400.00,"100 מ""ל",false,1,35.00,8.75,true,1,
3605530931663,false,לנקום בוקאז רול און 50 מל,לוריאל,IL,BOCAGE דאודורנט,מיליליטרים,50.00,"100 מ""ל",false,0,100.00,200.00,true,1,
3607345264356,false,"אדידס בודי ספריי לגבר דינמיק פולס, ללא אלומיניום, 150 מל",דנשר,PL,ספריי גוף אדידס,מיליליטרים,150.00,"100 מ""ל",false,0,16.90,11.26,true,1,
3607345264912,false,"אדידס בודי ספריי לגבר אייס דייב, ללא אלומיניום, 150 מל",אגריפק אס איי לגרדה,ES,ספריי גוף אדידס,מיליליטרים,150.00,"100 מ""ל",false,0,16.90,11.26,true,1,
3607347733508,false,"רוברטו קוואלי פרדיסו קלאסי – א.ד.פ 75 מ""ל",לילית בישום,GR,paradiso לאשה,מיליליטרים,75.00,"100 מ""ל",false,0,279.00,372.00,true,1,
3614223930722,false,נאוטיקה בלו סייל אדט100מ,סופטאץ בישום,IL,נאוטיקה בלו סייל,מיליליטרים,100.00,"100 מ""ל",false,0,79.00,79.00,true,1,
3614224056537,false,"דאו ספריי לנשים אדידס אדיפוואר 150 מ""ל",COLEPCCL,PT,דאו.אדידס,מיליליטרים,150.00,"100 מ""ל",false,1,16.90,11.27,true,1,
3614225974649,false,קלואה נואמד אישה מוקטן 5,,FR,קלואה נואמד אישה,מיליליטרים,5.00,"100 מ""ל",false,1,29.90,598.00,true,1,
3614226761583,false,קולסטון ספריי בלונד בנונ,דיפלומט,DE,קולסטון ספריי,מיליליטרים,75.00,"100 מ""ל",false,1,39.90,53.20,true,1,
3614226761651,false,תרסיס קולסטון רוט טאצ' אפ בלונד בהיר - כהה,וולה Wella,FR,קולסטון ספריי,מיליליטרים,75.00,"100 מ""ל",false,1,39.90,53.20,true,1,
3614228830515,false,הוגו בוס אלייב אדפ 50 מל,,IL,הוגו בוס אלייב א,מיליליטרים,50.00,"100 מ""ל",false,1,289.00,578.00,true,1,
3614228838139,false,אופוריה אינטנס אדפ 100מל,,FR,אופוריה אינטנס,מיליליטרים,100.00,"100 מ""ל",false,1,319.00,319.00,true,1,
3614228865852,false,סופט קולור 40 חום בינוני,"HFC פרסטיג,'\ שטיינברג,",DE,וולה סופט קולור,יחידה,1.00,יחידה,false,1,34.90,34.90,true,1,
3614228865869,false,סופט קולור 30 חום כהה,"HFC פרסטיג,'\ שטיינברג,",DE,וולה סופט קולור,יחידה,1.00,יחידה,false,1,34.90,34.90,true,1,
3614229396997,false,"קלואה סיגנצ'ר אדט 75 מ""ל",,IL,קלואה סיגנצ'ר אד,מיליליטרים,75.00,"100 מ""ל",false,1,439.00,585.33,true,1,
3614229717044,false,"שמן לשיער וולה דלוקס לשיער יבש 100 מ""ל",דיפלומט,FR,וולה שמן לשיער,מיליליטרים,100.00,"100 מ""ל",false,1,34.90,34.90,true,1,
3614271994844,false,"סי פאשיון SI אדפ לאישה 100 מ""ל - ג'ורג'יו ארמני",לנקום בישום,IL,PASSIONE SI בושם,מיליליטרים,100.00,"100 מ""ל",false,1,359.00,359.00,true,1,
3614272648418,false,"ליברה אדפ 50 מ""ל",,FR,בושם לאשה LIBRE,מיליליטרים,50.00,"100 מ""ל",false,1,299.00,598.00,true,1,
3614272761445,false,ROMA IN BORN אדפ אשה100מ,,FR,r In Born Donna,מיליליטרים,50.00,"100 מ""ל",false,1,499.00,998.00,true,1,
3614273070270,false,"אמפוריו ארמני בושם לאישה 100 מ""ל",,FR,Emporio לאשה,מיליליטרים,100.00,"100 מ""ל",false,1,298.00,298.00,true,1,
3614273346719,false,"BLEU NUIT LA אדט 100 מ""ל",,FR,BLEU NUIT LA אדט,מיליליטרים,100.00,"100 מ""ל",false,1,339.00,339.00,true,1,
3616301296669,false,"RG M DEFY CK אדפ 100 מ""ל",,ES,RG M DEFY CK אדפ,מיליליטרים,100.00,"100 מ""ל",false,1,209.00,209.00,true,1,
3616301781127,false,סי.קיי אברי וואן 100מל,,DE,קלווין קליין אבר,מיליליטרים,100.00,"100 מ""ל",false,1,219.00,219.00,true,1,
3616302681082,false,הוגו בוס דה סנט אדפ 100מ,,FR,הוגו בוס דה סנט,מיליליטרים,100.00,"100 מ""ל",false,1,329.00,329.00,true,1,
3616302931866,false,הוגו מן רפלקטיב אדט125מל,קוטי HFC,FR,הוגו מן רפלקטיב,מיליליטרים,125.00,"100 מ""ל",false,1,219.00,175.20,true,1,
3616302968244,false,הוגו בוס אלייב אנטנס80מל,,DE,הוגו בוס אלייב א,מיליליטרים,80.00,"100 מ""ל",false,1,319.00,398.75,true,1,
3661163990545,false,"אדידס דאודורנט ספריי לגברים אקשיין 200 מ""ל",מיוצר עי קונדיטוריית,PT,דאודורנט אדידס,מיליליטרים,200.00,"100 מ""ל",false,0,16.90,8.45,true,1,
3661163991146,false,"אדידס - דאודורנט ספריי לאישה קול אנד קר פרש 150 מ""ל",מיוצר עי קונדיטוריית,PT,דאודורנט אדידס,מיליליטרים,150.00,"100 מ""ל",false,0,16.90,11.27,true,1,
3800038712169,false,"VICTORIA BEAUTY שמפו צבע לשיער V10 שחור 40 מ""ל",,BG,שמפו צבע,מיליליטרים,40.00,"100 מ""ל",false,1,14.90,37.25,true,1,
3838824127224,false,פלטה סמי קיט חום בינוני 4-0 צבע שיער,שוורצקופף והנקל,SI,צבעי שיער פלטה,יחידה,1.00,יחידה,false,0,29.90,29.90,true,1,
3838824127309,false,פלטה סמי קיט בלונד בהיר 8-0 צבע שיער,שוורצקופף והנקל,SI,צבע לשיער פלטה,יחידה,1.00,יחידה,false,0,29.90,29.90,true,1,
3838824128788,false,פאלטה - דלוקס שמני הזנה אדום לוהט 6-888,שוורצקוף Schwarzkopf,DE,צבע לשיער פלטה,יחידה,1.00,יחידה,false,0,38.90,38.90,true,1,
3838824129068,false,פאלטה - דלוקס שמני הזנה חום קפה 4-68,הנקל סוד,DE,צבע לשיער פלטה,יחידה,1.00,יחידה,false,0,38.90,38.90,true,1,
3838824240275,false,פלטה סמי קיט 8-0 בלונד בהיר,שוורצקופף והנקל,SI,צבע לשיער פלטה,יחידה,1.00,יחידה,false,0,29.90,29.90,true,1,
3838824332130,false,צבע שיער פאלטה סמי קיט 3-68 מהגוני כהה,שוורצקופף והנקל,DE,צבע סמי קיט פלטה,יחידה,1.00,יחידה,false,1,29.90,29.90,true,1,
4000417025005,false,שוקולד מריר במילוי מרציפן ריטר ספורט 100 גרם,ריטר ספורט Ritter sport,DE,שוקולד ריטר,גרמים,100.00,100 גרם,false,0,10.90,10.90,true,1,
4000417222008,false,ריטר ספורט שוקולד חלב עם שברי אגוזים 100 גרם,ריטר ספורט Ritter sport,DE,שוקולד ריטר,גרמים,100.00,100 גרם,false,1,10.90,10.90,true,1,
4005808128631,false,ניוואה 500 גל רחצה לגבר תמציות ליים,ניוואה Nivea,DE,ניוואה גל רחצה,מיליליטרים,500.00,"100 מ""ל",false,0,17.90,3.58,true,1,
4005808185542,false,ניוואה רצועות לניקוי והסרת נקודות שחורות,ניוואה,DE,רצועות לניקוי,יחידה,1.00,יחידה,false,1,29.90,29.90,true,1,
4005808222698,false,ניוואה קצף גילוח לעור רגיש,ביירסדורץ,DE,קצף גילוח ניוואה,מיליליטרים,200.00,"100 מ""ל",false,0,23.90,11.95,true,1,
4005808366392,false,שפתון ליובש כחול קלאסי לבלו 48 גרם,טרופיקל דגיל תעשיות,IL,שפתון לבלו כחול,יחידה,1.00,יחידה,false,1,14.90,14.90,true,1,
4005808502004,false,לבלו שפתון סופט ורוד בליסטר 5.5מל,ביירסדורף,DE,לבלו שפתון,יחידה,1.00,יחידה,false,0,14.90,14.90,true,1,
4005808650002,false,שפתון לבלו כחול,ביירסדורץ,IL,שפתון לבלו,יחידה,1.00,יחידה,false,0,14.90,14.90,true,1,
4005808650200,false,לבלו שפתון סופט ורוד בודד 4.8גר,אלפא,,שפתון לבלו,יחידה,1.00,יחידה,false,0,14.90,14.90,true,1,
4005808650712,false,לבלו שפתון לחות דובדבן,HELLAS BEIERSDORF,DE,לבלו דובדבן,יחידה,1.00,יחידה,false,0,14.90,14.90,true,1,
4005808650729,false,לבלו שפתון תות שדה,ביירסדורף,,לבלו תות שדה,יחידה,1.00,יחידה,false,0,14.90,14.90,true,1,
4005808670314,false,"קרם לחות לפנים לעור רגיל - מעורב ניוואה 50 מ""ל",ניוואה Nivea,PL,קרם לחות,מיליליטרים,50.00,"100 מ""ל",false,0,69.00,138.00,true,1,
4005808698103,false,ניוואה תחליב גוף סמוד לעור יבש 500 מל,בטר אנד דיפרנט,DE,ניוואה תחליב גוף,מיליליטרים,500.00,"100 מ""ל",false,1,22.90,4.58,true,1,
4005808702107,false,ניוואה תחליב גוף לעור יבש מאד 500 מל,בטר אנד דיפרנט,DE,ניוואה תחליב גוף,מיליליטרים,500.00,"100 מ""ל",false,1,22.90,4.58,true,1,
4005808811700,false,"ניוואה ג'ל לניקוי מאזן לעור, 150 מ""ל",ביירסדורץ,DE,ג'ל ניקוי מ/ש,מיליליטרים,150.00,"100 מ""ל",false,0,38.90,25.93,true,1,
4005808812875,false,"ניוואה קרם Q יום נגד קמטים 50 מ""ל",ביירסדורץ,PL,קרם ויסאז' Q10,מיליליטרים,50.00,"100 מ""ל",false,0,79.00,158.00,true,1,
4005808813063,false,תחליב לחות לעור רגיש לאחר גילוח,בטר אנד דיפרנט,DE,ניוואה אפטר שייב,מיליליטרים,100.00,"100 מ""ל",false,0,49.90,49.90,true,1,
4005808817405,false,"ג'ל גילוח לעור רגיש ניוואה 200 מ""ל",פרוטרופיק סיה.,PL,ג'ל גילוח ניוואה,מיליליטרים,200.00,"100 מ""ל",false,0,16.90,8.45,true,1,
4005808817603,false,ג'ל גילוח עם אלוורה Protect & Care,ניוואה Nivea,DE,ג'ל גילוח ניוואה,מיליליטרים,200.00,"100 מ""ל",false,0,16.90,8.45,true,1,
4005808828838,false,"ניוואה - דאודורנט ספריי לגבר קול קיק 150 מ""ל",ניוואה Nivea,DE,דאודורנט אקווה,מיליליטרים,150.00,"100 מ""ל",false,0,14.90,9.94,true,1,
4005808837359,false,"ניוואה - דאודורנט רול און לאישה פרל אנד ביוטי 50 מ""ל",ביירסדורף AG,DE,דאודורנט ניוואה,מיליליטרים,50.00,"100 מ""ל",false,0,14.90,29.80,true,1,
4005808908585,false,"ניוואה - דאודורנט ספריי לאישה פאודר טאץ 150 מ""ל",ביירסדורץ,DE,דאודורנט ניוואה,מיליליטרים,150.00,"100 מ""ל",false,0,14.90,9.94,true,1,
4005900036445,false,"ניוואה - דאודורנט רול און לאישה בלק&וויט פיור 50 מ""ל",ביירסדורץ,DE,דאודורנט ניוואה,מיליליטרים,50.00,"100 מ""ל",false,0,14.90,29.80,true,1,
4005900036476,false,"ניוואה - דאודורנט רול און לאישה בלק אנד וויט קליר 50 מ""ל",טרופיקל דגיל תעשיות,DE,דאודורנט ניוואה,מיליליטרים,50.00,"100 מ""ל",false,0,14.90,29.80,true,1,
4005900036483,false,"ניוואה - דאודורנט ספריי לגבר שקוף בלק וווי 150 מ""ל",בטר אנד דיפרנט,DE,דאודורנט ניוואה,מיליליטרים,150.00,"100 מ""ל",false,0,14.90,9.94,true,1,
4005900036506,false,"ניוואה - דאודורנט רול און לגבר שקוף בלק 50 מ""ל",טרופיקל דגיל תעשיות,DE,דאודורנט ניוואה,מיליליטרים,50.00,"100 מ""ל",false,0,14.90,29.80,true,1,
4005900036568,false,ניוואה דאודורנט רולאון ספריי לאישה בלק אנד וויט 150 מ''ל,ביירסדורף AG,DE,דאודורנט ניוואה,מיליליטרים,150.00,"100 מ""ל",false,0,14.90,9.94,true,1,
4005900037909,false,"ניוואה - דאודורנט ספריי לאישה אינויזיבל פיור 150 מ""ל",ביירסדורץ,DE,דאודורנט ניוואה,מיליליטרים,150.00,"100 מ""ל",false,0,14.90,9.94,true,1,
4005900111449,false,"ניוואה קרם רב שימושי לגבר 150 מ""ל",HELLAS BEIERSDORF,DE,"קרם רב""ש לגבר",מיליליטרים,150.00,"100 מ""ל",false,1,45.90,30.60,true,1,
4005900431776,false,לבלו שפתון וניל בליסטר,ביירסדורף,DE,לבלו ונ,יחידה,1.00,יחידה,false,0,14.90,14.90,true,1,
4005900494900,false,"ניוואה - דאודורנט ספריי לגבר דריי פרש 150 מ""ל",ניואה,DE,ניוואה דאו ספריי,מיליליטרים,150.00,"100 מ""ל",false,1,14.90,9.94,true,1,
4005900547316,false,"ניוואה - דאודורנט ספריי לאישה שקוף בלק וווי 150 מ""ל",בטר אנד דיפרנט,DE,דאודורנט ניוואה,מיליליטרים,150.00,"100 מ""ל",false,1,14.90,9.94,true,1,
4005900562029,false,ניוואה מים מיסלריים בתוספת מי ורדים,אלפא,TR,מים מיסלריים ורד,מיליליטרים,400.00,"100 מ""ל",false,1,29.90,7.48,true,1,
4005900562043,false,ניוואה גל ניקוי פנים בתוספת מי ורדים,אלפא,TR,ג'ל ניקוי פנים,מיליליטרים,150.00,"100 מ""ל",false,1,39.90,26.60,true,1,
4005900583116,false,לבלו KISS שפתון צבעוני אדום פרג,ביירסדורץ,DE,לבלו קיס אדום,יחידה,1.00,יחידה,false,1,24.90,24.90,true,1,
4005900583130,false,לבלו KISS שפתון צבעוני דובדבן שחור,ביירסדורץ,DE,לבלו קיס צבעוני,יחידה,1.00,יחידה,false,1,24.90,24.90,true,1,
4005900661364,false,ניוואה Q10 אקסטרה נורישינג קרם יום מזין,אלפא,PL,Q10 קרם יום שמן,מיליליטרים,50.00,"100 מ""ל",false,1,79.00,158.00,true,1,
4005900683878,false,לבלו סקראב שפתון פילינג אלוורה בליסטר,ביירסדורף,DE,לבלו סקראב אלורה,יחידה,1.00,יחידה,false,1,14.90,14.90,true,1,
4005900683908,false,לבלו סקראב שפתון פילינג רוז היפ בליסטר,ביירסדורף,DE,לבלו סקראב סופר,יחידה,1.00,יחידה,false,1,14.90,14.90,true,1,
4005900730275,false,"ניוואה דאו ספריי לאשה בלק אנד וויט אימפקט 150 מ""ל",ביירסדורף AG,DE,ניוואה דאודורנט,מיליליטרים,150.00,"100 מ""ל",false,1,14.90,9.94,true,1,
4005900730299,false,"ניוואה דאו רול און לאשה בלק אנד וויט אימפקט 50 מ""ל",ביירסדורף,DE,דאודורנט ניוואה,מיליליטרים,50.00,"100 מ""ל",false,1,14.90,29.80,true,1,
4005900777263,false,ניוואה Q10 קרם לילה אנטי אייגינג בתוספת,אלפא,PL,קיו 10 אנרג'י קר,מיליליטרים,50.00,"100 מ""ל",false,1,110.00,220.00,true,1,
4005900823489,false,ניוואה היידרה סקין אפקט קרם לחות במרקם ג'ל ללילה,ניואה,PL,היידרה סקין אפקט,מיליליטרים,50.00,"100 מ""ל",false,1,49.90,99.80,true,1,
4005900828088,false,"ניוואה - דאודורנט רול און לגבר פרש 50 מ""ל",טרופיקל דגיל תעשיות,DE,דאודורנט ניוואה,מיליליטרים,50.00,"100 מ""ל",false,0,14.90,29.80,true,1,
4005900835642,false,"ניקוי פילינג מסכה לפנים 3 ב 1 150 מ""ל ניוואה",ניואה,FR,"3 ב1- ניקוי, פיל",מיליליטרים,150.00,"100 מ""ל",false,1,39.90,26.60,true,1,
4005900841148,false,"ניוואה מן ג'ל גילוח קול קיק פרש 200 מ""ל",ביירסדורף,DE,ג'ק גילוח ניוואה,מיליליטרים,200.00,"100 מ""ל",false,1,16.90,8.45,true,1,
4005900864000,false,"ניוואה היידרה סקין אפקט מים מיסלריים להסרת איפור וניקוי הפנים עם חומצה היאלורונית 400 מ""ל",ניואה,DE,היידרה סקין אפקט,מיליליטרים,400.00,"100 מ""ל",false,1,35.90,8.98,true,1,
4005900978974,false,לבלו - סופט רוז שפתון לחות מטפח מהדורת נסיכות דיסני,ביירסדורף,DE,לבלו סופט יסמין,יחידה,1.00,יחידה,false,1,14.90,14.90,true,1,
4008400170428,false,בונבוניירה פררו רושר לב 100 גרם,גוד פוד פרודקטס S.p,PL,בונבוניירה רושה,גרמים,100.00,100 גרם,false,1,18.90,18.90,true,1,
4008600284871,false,נוק זוג מוצצי סיליקון מיקי 6-18 שחור,פרומדיקו,DE,מוצצי מיקי מאוס,יחידה,1.00,יחידה,false,1,39.90,39.90,true,1,
4008600372370,false,נוק אקטיב קאפ כוס מעבר פו הדב 300 מל,ניאופארם,DE,אקטיב קאפ פו הדב,יחידה,1.00,יחידה,false,1,54.90,54.90,true,1,
4008600378754,false,נוק אקטיב קאפ כוס מעבר ורוד 300 מל,ניאופארם,DE,NUK אקטיב קאפ,יחידה,1.00,יחידה,false,1,54.90,54.90,true,1,
4009900379564,false,מסטיק הובה בובה Hubba Bubba טייפ בטעם פירות,הובה בובה Hubba Bubba,GB,מסטיק הובה בובה,גרמים,56.00,100 גרם,false,0,7.20,12.86,true,1,
4009900402965,false,אורביט וויט בטעם פירות בקבוקון 46מלבניות,ריגלי פולין,PL,אורביט בקבוקון,גרמים,64.00,100 גרם,false,0,8.90,13.90,true,1,
4009900406918,false,מסטיק הובה בובה טייפ טריפל מיקס 56ג',הובה בובה Hubba Bubba,GB,מסטיק הובה בובה,גרמים,56.00,100 גרם,false,0,7.20,12.86,true,1,
4009900420129,false,מסטיק אורביט פרופשנל פפרמינט בקבוקון 64 גר',מרס נדרלנד,PL,אורביט פפרמינט,גרמים,64.00,100 גרם,false,1,8.90,13.90,true,1,
4009900479998,false,אורביט וויט אוכמניות בקבוקון 46 מלבניות,ריגלי פולין,PL,אורביט בקבוקון,גרמים,64.00,100 גרם,false,0,8.90,13.90,true,1,
4009900482417,false,מסטיק אורביט פירות מנטה בקבוקון באבל מינט 45יח,ריגלי פולין,PL,אורביט באבל מינט,גרמים,64.00,100 גרם,false,0,8.90,13.90,true,1,
4009900484091,false,מסטיק אורביט פרופשיונל בטעם מנטה ללא סוכר,ריגלי פולין,PL,אורביט בקבוק,גרמים,84.00,100 גרם,false,0,12.90,15.36,true,1,
4009900531122,false,"מסטיק בטעם מנטה ספירמינט, 64 ג' פרופשיונל אורביט",מרס נדרלנד,PL,אורביט ספירמינט,גרמים,64.00,100 גרם,false,1,8.90,13.90,true,1,
4009900534918,false,סקיטלס גאיינט פירות 141 גרם,ריגלי,CZ,סוכריות סקיטלס,יחידה,1.00,יחידה,false,0,8.90,8.90,true,1,
4009900535519,false,מסטיק אורביט רפרשרס ספירמינט ללא סוכר 15.6גר',אורביט,PL,אורביט רפרשרס,גרמים,15.00,100 גרם,false,1,4.30,28.67,true,1,
4009900539685,false,"מסטיק פייב באונס בטעם מנטה בקבוקון, 61.8 גרם",ריגלי בעמ רוסיה,PL,מסטיק פייב,גרמים,61.00,100 גרם,false,1,10.00,16.40,true,1,
4009900539746,false,"מסטיק פייב באונס בטעם אבטיח בקבוקון, 61.8 גרם",ריגלי בעמ רוסיה,PL,מסטיק פייב,גרמים,61.00,100 גרם,false,1,10.00,16.40,true,1,
4009900540551,false,מסטיק אורביט רפרשרס טרופיקל בקבוקון ללא סוכר,מרס פולין,PL,אורביט רפרשרס,גרמים,67.00,100 גרם,false,1,10.00,14.92,true,1,
4011700410903,false,"טבק דאו' ספריי 200 מ""ל",לילית בישום,IL,טבק דאו' ספריי,מיליליטרים,200.00,"100 מ""ל",false,0,18.90,9.45,true,1,
4011800567613,false,מאגדת קורני מילק דרק & ואיט 120 גרם,מיוצר עי קונדיטוריית,DE,קורני סנדוויץ,גרמים,120.00,100 גרם,false,0,15.90,13.25,true,1,
4011800628512,false,חטיף קורני שוקולד חלב 6 יח 150 גר,מיוצר עי קונדיטוריית,DE,קורני חטיף דגנים,גרמים,150.00,100 גרם,false,0,15.90,10.60,true,1,
4011800630515,false,חטיף קורני שוקולד חלב ובננה 6 יח 150 גר,מיוצר עי קונדיטוריית,DE,קורני חטיף דגנים,גרמים,150.00,100 גרם,false,0,15.90,10.60,true,1,
4011800636517,false,קורני פרי שוקולד חלב מעולה ללא סוכר 6*1,מיוצר עי קונדיטוריית,DE,קורני חטיף דגנים,גרמים,120.00,100 גרם,false,0,15.90,13.25,true,1,
4012273123009,false,נטרוגינה קרם ידיים 50 מל הסדרה הנורבגית,גונסון אנד גונסון,FR,קרם ידיים,מיליליטרים,50.00,"100 מ""ל",false,0,24.90,49.80,true,1,
4014400901191,false,בונבונריית מרסי מבחר ממתקי שוקולד 250 גרם,ליימן מותגים,DE,בונבוניירת מרסי,גרמים,250.00,100 גרם,false,0,24.90,9.96,true,1,
4014400923711,false,בונבוניירה שוקולד אגוזים טופיפי 125 גרם,ליימן מותגים,DE,טופיפי,גרמים,125.00,100 גרם,false,1,15.90,12.72,true,1,
4014400931327,false,וורטר פופקורן קרמל עם תערובת גרעינים 140 גרם,וורטרס Werther's,DE,פופקורן וורטר,גרמים,140.00,100 גרם,false,1,16.50,11.79,true,1,
4015000280372,false,"דאודורנט רול און בניחוח לימון פה 50 מ""ל",שוורצקופף והנקל,DE,דאודורנט FA,מיליליטרים,50.00,"100 מ""ל",false,0,14.90,29.80,true,1,
4015000519915,false,"פה - דאודורנט ספריי לאישה פינק פרדייס 200 מ""ל",שוורצקופף והנקל,TR,דאודורנט FA,מיליליטרים,200.00,"100 מ""ל",false,0,14.90,7.45,true,1,
4015100190793,false,גליס מסכה לשיער יבש ופגום במיוחד Ultimate Repair,שוורצקופף והנקל,SK,מסכת גליס,מיליליטרים,300.00,"100 מ""ל",false,1,39.90,13.30,true,1,
4015400219507,false,טמפקס קומפאק נורמל 16 יח',פרוקטר & גמבל,HU,טמפקס קומפק נורמ,יחידה,1.00,יחידה,false,1,22.90,22.90,true,1,
4015400690313,false,טמפונים פרל רגולר טמפקס קומפאק 18 יח,פרוקטר אנד גמבל,HU,טמפקס,יחידה,1.00,יחידה,false,1,23.90,23.90,true,1,
4015400824725,false,טמפונים סופר עם מוליך טמפקס 30 יחידות,פרוקטר אנד גמבל,HU,טמפקס פלאש סופר,יחידה,1.00,יחידה,false,0,29.90,29.90,true,1,
4015400990482,false,"אבקת כביסה אריאל קולור 3 ק""ג",פרוקטר אנד גמבל,TR,אבקת אריאל קולור,קילוגרמים,3.00,"ק""ג",false,1,37.90,12.63,true,1,
4015600763251,false,שמפו הד&שולדרס קלאסי600מ,פרוקטר אנד גמבל,RO,שמפו הד&שולדרס,מיליליטרים,600.00,"100 מ""ל",false,0,21.90,3.65,true,1,
4015600763299,false,הד&שולדרס 600 שמפו 2ב1 קלאסי,פרוקטר אנד גמבל,RO,שמפו הד&שולדרס,מיליליטרים,600.00,"100 מ""ל",false,0,21.90,3.65,true,1,
4015600763411,false,שמפו הד&שולדרס מנטול 600,פרוקטר אנד גמבל,RO,שמפו הד&שולדרס,מיליליטרים,600.00,"100 מ""ל",false,0,21.90,3.65,true,1,
4015600763534,false,הד&שולדרס 600 שמפו מגע משי,פרוקטר אנד גמבל,RO,שמפו הד&שולדרס,מיליליטרים,600.00,"100 מ""ל",false,0,21.90,3.65,true,1,
4015600766658,false,"הד אנד שולדרס שמפו2 ב 1 מנטול 600 מ""ל",פרוקטר אנד גמבל,RO,שמפו הד&שולדרס,מיליליטרים,600.00,"100 מ""ל",false,0,21.90,3.65,true,1,
4015600802769,false,חוט דנטלי מנטה 35 מטר,פרוקטר & גמבל,IE,חוט דנטלי מנטה,מטרים,35.00,מטר,false,1,19.90,0.57,true,1,
4045787068221,false,"צבע לשיער אינדולה פרוטאין 1 שחור 60 מ""ל",שוורצקופף והנקל,DE,פרוטאין קולור,יחידה,1.00,יחידה,false,0,23.90,23.90,true,1,
4045787068504,false,"אינדולה - פרוטאין צבע 7-35 פקאן 60 מ""ל",שוורצקופף והנקל,DE,פרוטאין קולור,יחידה,1.00,יחידה,false,0,23.90,23.90,true,1,
4045787068566,false,"אינדולה - פרוטאין צבע 8-3 בלונד שמש 60 מ""ל",אינדולה Indola,DE,פרוטאין קולור,יחידה,1.00,יחידה,false,0,23.90,23.90,true,1,
4053700288205,false,"וייט קרם להסרת שיער לעור רגיש 100 מ""ל",רקיט בנקיזר צרפת,FR,קרם להסרת שיער,מיליליטרים,100.00,"100 מ""ל",false,0,39.90,39.90,true,1,
4056800693061,false,וולהפלקס ג'ל חזק במיוחד 150 מל,פרוקטר אנד גמבל,FR,וולהפלקס ג'ל,מיליליטרים,150.00,"100 מ""ל",false,0,14.90,9.93,true,1,
4056800733088,false,שוקוויבס ספריי לשיער 250,HFC פרסטיג',DE,שוקוויבס ספריי,מיליליטרים,250.00,"100 מ""ל",false,1,30.90,12.36,true,1,
4056800777952,false,צבע לשיער קולסטון קיט 5/0 חום,פרוקטר אנד גמבל,DE,קולסטון קיט,יחידה,1.00,יחידה,false,0,38.90,38.90,true,1,
4056800778287,false,צבע לשיער קולסטון קיט 6/0 בלונד כהה,פרוקטר אנד גמבל,DE,קולסטון קיט,יחידה,1.00,יחידה,false,0,38.90,38.90,true,1,
4056800778409,false,צבע לשיער קולסטון קיט 6/7 חום שוקולד,פרוקטר & גמבל,DE,קולסטון קיט,יחידה,1.00,יחידה,false,0,38.90,38.90,true,1,
4056800778706,false,קולסטון קיט 7/0 בלונד בינוני,פרוקטר אנד גמבל,DE,קולסטון קיט,יחידה,1.00,יחידה,false,0,38.90,38.90,true,1,
4056800943739,false,קרם חמצן וולוקסון Welloxon 6%,פרוקטר אנד גמבל,FR,חמצן וולה,מיליליטרים,60.00,"100 מ""ל",false,0,5.90,9.83,true,1,
4056800943791,false,קרם חמצן וולוקסון Welloxon 9%,פרוקטר אנד גמבל,FR,חמצן וולה9%,מיליליטרים,60.00,"100 מ""ל",false,0,5.90,9.83,true,1,
4059729028709,false,Cat. Blush Box 050,CATRICE,DE,סומק 50,יחידה,1.00,יחידה,false,0,15.00,15.00,true,1,
4059729032546,false,"סרום לשפתיים 2.5 מ""ל",,PL,סרום לשפתיים,יחידה,1.00,יחידה,false,0,20.00,20.00,true,1,
4059729036742,false,Cat. Slim'Matic Ultra Precise Brow Pencil Waterproof 040,CATRICE,DE,עיפרון גבות סלים,יחידה,1.00,יחידה,false,0,14.00,14.00,true,1,
4059729049544,false,Cat. Power Plumping Gel Lipstick 030,,DE,קטריס שפתון ג'ל,יחידה,1.00,יחידה,false,1,17.00,17.00,true,1,
4059729049568,false,Catrice Power Plumping Gel Lipstick 050,,DE,קטריס שפתון ג'ל,יחידה,1.00,יחידה,false,1,17.00,17.00,true,1,
4059729049636,false,באלם קוקוס לשפתיים יח',,FR,באלם קוקוס לשפת,יחידה,1.00,יחידה,false,1,17.00,17.00,true,1,
4059729203250,false,Cat. Liquid Camouflage High Coverage Concealer 036,,IL,קונסילר נוזלי 0,יחידה,1.00,יחידה,false,1,15.00,15.00,true,1,
4059729222916,false,Cat. Blush Box Glowing + Multicolour 010,,IL,פלטת סומק 010,יחידה,1.00,יחידה,false,1,17.00,17.00,true,1,
4059729222923,false,Cat. Blush Box Glowing + Multicolour 020,,IL,פלטת סומק 020,יחידה,1.00,יחידה,false,1,17.00,17.00,true,1,
4059729244444,false,קטריס סומק 025 יח',,IL,קטריס סומק 025,יחידה,1.00,יחידה,false,1,15.00,15.00,true,1,
4059729244475,false,"סרום למראה גלואו 30 מ""ל",CATRICE,FR,סרום למראה גלואו,מיליליטרים,30.00,"100 מ""ל",false,1,25.00,83.33,true,1,
4059729244536,false,קונסילר אינסטנט אוויק 02,,IL,קונסילר אינסטנט,יחידה,1.00,יחידה,false,1,21.00,21.00,true,1,
4059729246264,false,עפרון לתיחום העיניים 020,,IL,עפרון לתיחום העי,יחידה,1.00,יחידה,false,1,13.00,13.00,true,1,
4059729246479,false,עיפרון עיניים 030,,IL,עיפרון עיניים 03,יחידה,1.00,יחידה,false,1,14.00,14.00,true,1,
4059729248343,false,Cat. Matt Pro Ink Liquid Lipstick 010,,FR,שפתון מט פרו נוז,יחידה,1.00,יחידה,false,1,21.00,21.00,true,1,
4059729248381,false,Cat. Matt Pro Ink Liquid Lipstick 050,,FR,שפתון מט פרו נוז,יחידה,1.00,יחידה,false,1,21.00,21.00,true,1,
4059729276667,false,עיפרון תוחם שפתיים 010,,FR,תוחם שפתיים 010,יחידה,1.00,יחידה,false,1,11.00,11.00,true,1,
4059729276681,false,עיפרון תוחם שפתיים 030,,FR,עיפרון תוחם שפת,יחידה,1.00,יחידה,false,1,11.00,11.00,true,1,
4059729276711,false,עיפרון תוחם שפתיים 060,,FR,עיפרון תוחם שפת,יחידה,1.00,יחידה,false,1,11.00,11.00,true,1,
4059729276797,false,Catrice Mattlover Lipstick Pen 090,,TW,שפתון מאט,יחידה,1.00,יחידה,false,0,21.00,21.00,true,1,
4059729277084,false,Catrice True Skin High Cover Concealer 010,,IT,קונסילר ל18-שעות,יחידה,1.00,יחידה,false,0,17.00,17.00,true,1,
4059729277374,false,פודרה דחוסה לטשטוש נקבו,,FR,פודרה דחוסה לטש,יחידה,1.00,יחידה,false,1,21.00,21.00,true,1,
4059729312228,false,Catrice 48h Power Stay Brow Gel 010,,CA,ג'ל לגבות,יחידה,1.00,יחידה,false,0,21.00,21.00,true,1,
4059729312259,false,Catrice Brow Fix Soap Stylist 010,,CN,סבון לגבות,יחידה,1.00,יחידה,false,0,17.00,17.00,true,1,
4059729312266,false,Catrice Cheek Oil-Infused Blush 010,,IT,סומק בצבע אפרסקי,יחידה,1.00,יחידה,false,0,21.00,21.00,true,1,
4059729312532,false,Catrice One Step Skin Perfector,,IT,פריימר,מיליליטרים,30.00,"100 מ""ל",false,0,25.00,83.33,true,1,
4059729312631,false,שפתון +חומצה היאלרונית,,IT,שפתון עם חומצה,יחידה,1.00,יחידה,false,0,15.00,15.00,true,1,
4059729312655,false,שפתון +חומצה היאלרונית,,IT,שפתון עם חומצה,יחידה,1.00,יחידה,false,0,15.00,15.00,true,1,
4059729313300,false,Catrice Ult. Waterfr. Lip Tint 040,,PL,ליפגלוס לשפתיים,יחידה,1.00,יחידה,false,0,17.00,17.00,true,1,
4059729313768,false,Catrice Volumizing Extreme Lip Booster 020,,PL,גלוס מנצנץ,יחידה,1.00,יחידה,false,0,17.00,17.00,true,1,
4059729329783,false,Catrice Glam & Doll Sens. Vol. Masc. 010,,LU,מסקרה לעיניים,יחידה,1.00,יחידה,false,0,17.00,17.00,true,1,
4059729330314,false,צללית עמידה לאורך זמן,,IT,צללית לעיניים,יחידה,1.00,יחידה,false,0,13.00,13.00,true,1,
4059729331991,false,Catrice All Matt Shine Make Up 033C,,IT,מייקאפ,מיליליטרים,30.00,"100 מ""ל",false,0,27.00,90.00,true,1,
4059729332912,false,Catrice All Matt Shine Powd. 200,,IT,פודרה,יחידה,1.00,יחידה,false,0,15.00,15.00,true,1,
4059729343239,false,סרום לחידוש עור הפנים יח,,FR,סרום לחידוש עור,יחידה,1.00,יחידה,false,1,25.00,25.00,true,1,
4059729355553,false,שפתון עם חומצה היאלרונית,CATRICE,PL,שפתון עם חומצה ה,יחידה,1.00,יחידה,false,1,21.00,21.00,true,1,
4059729356017,false,Catrice - Hydro Supercharged Serum,CATRICE,FR,סרום לפנים,מיליליטרים,30.00,"100 מ""ל",false,1,25.00,83.33,true,1,
4059729357823,false,Catrice - Super Glue Brow Styling Gel 010,CATRICE,CN,ג'ל לגבות 010,יחידה,1.00,יחידה,false,1,18.00,18.00,true,1,
4059729357939,false,Catrice - Matt. Oil-Control Primer,CATRICE,IT,פריימר לפנים,מיליליטרים,30.00,"100 מ""ל",false,1,21.00,70.00,true,1,
4059729358073,false,"ספריי לקיבוע האיפור50מ""ל",CATRICE,PL,ספריי לקיבוע האי,מיליליטרים,50.00,"100 מ""ל",false,1,21.00,42.00,true,1,
4059729359506,false,Catrice - Volumizing Extreme Lip Booster 040,CATRICE,PL,ליפגלוס שקוף 040,יחידה,1.00,יחידה,false,1,17.00,17.00,true,1,
4064666232409,false,"וולה - פלקס מוס לעיצוב אקסטרה גמיש 200 מ""ל",THEORAT INTERSPRAY,DE,וולהפלקס מוס אקס,מיליליטרים,200.00,"100 מ""ל",false,1,31.90,15.95,true,1,
4084500065536,false,פנטן קרם לחות מוגברת לעיצוב שיער 300 מל,פרוקטר אנד גמבל,FR,קרם לשיער פנטן,מיליליטרים,300.00,"100 מ""ל",false,0,23.90,7.97,true,1,
4084500065598,false,"קרם לחות פנטן לתלתלים מושלמים 300 מ""ל",פרוקטר אנד גמבל,FR,קרם לשיער פנטן,מיליליטרים,300.00,"100 מ""ל",false,0,23.90,7.97,true,1,
4210201176688,false,אורל בי ראש חשמלי סנסיטיב 4 יחידות,פרוקטר אנד גמבל,DE,ראש חשמלי 4 יח,יחידה,1.00,יחידה,false,1,114.90,114.90,true,1,
4210201262183,false,מברשת שיניים חשמלית ויטליטי Vitality נטענת,פרוקטר אנד גמבל,DE,מברשת נטענת,יחידה,1.00,יחידה,false,1,114.90,114.90,true,1,
4210201822448,false,אורל בי מברשת שיניים עם סוללות פרואקספרט,פרוקטר & גמבל,DE,מברשת אורל בי,יחידה,1.00,יחידה,false,1,77.90,77.90,true,1,
4250035261877,false,פלטת קונסילרים יח',CATRICE,DE,פלטת קונסילרים,יחידה,1.00,יחידה,false,0,16.00,16.00,true,1,
4250035288188,false,עפרון קז'אל 40,CATRICE,DE,עפרון קז'אל 40,יחידה,1.00,יחידה,false,0,9.00,9.00,true,1,
4250338446513,false,Cat. Sharpener,CATRICE,DE,מחדד,יחידה,1.00,יחידה,false,0,9.00,9.00,true,1,
4250338474363,false,איילנר נוזלי,CATRICE,DE,איילנר נוזלי,יחידה,1.00,יחידה,false,0,15.00,15.00,true,1,
4250338474400,false,איילנר נוזלי עמיד במים,CATRICE,DE,איילנר נוזלי עמי,יחידה,1.00,יחידה,false,0,16.00,16.00,true,1,
4250338487769,false,Cat. Eye Brow Stylist 030,CATRICE,DE,עיפרון גבות 30,יחידה,1.00,יחידה,false,0,11.00,11.00,true,1,
4250587723588,false,מסקרה לנפח ריסים,CATRICE,DE,מסקרה לנפח ריסים,יחידה,1.00,יחידה,false,0,17.00,17.00,true,1,
4250587754278,false,Cat. All Matt Plus Shine Control Powder 030,CATRICE,DE,פודרה מט 30,יחידה,1.00,יחידה,false,0,15.00,15.00,true,1,
4250587768367,false,Cat. Eye Brow Stylist 040,CATRICE,DE,עיפרון גבות 40,יחידה,1.00,יחידה,false,0,11.00,11.00,true,1,
4250587793338,false,Cat. All Matt Plus Shine Control Powder 025,CATRICE,DE,פודרה מט 25,יחידה,1.00,יחידה,false,0,15.00,15.00,true,1,
4250947543726,false,מעגל ריסים יח',CATRICE,IT,מעגל ריסים,יחידה,1.00,יחידה,false,1,17.00,17.00,true,1,
4250947544686,false,Cat. Liquid Camouflage High Coverage Concealer 020,CATRICE,DE,קונסילר נוזלי 2,יחידה,1.00,יחידה,false,0,15.00,15.00,true,1,
4250947562277,false,מסקרה גלאם&דול מלאכותיים,CATRICE,DE,מסקרה גלאם&דול,יחידה,1.00,יחידה,false,0,17.00,17.00,true,1,
4250947598313,false,Cat. HD Liquid Coverage Foundation 040,CATRICE,DE,מייק אפ 40-HD,מיליליטרים,30.00,"100 מ""ל",false,0,29.00,96.67,true,1,
4250947598368,false,Cat. Prime And Fine Multitalent Fixing Spray,CATRICE,DE,ספריי מקבע רב שי,מיליליטרים,50.00,"100 מ""ל",false,0,20.00,40.00,true,1,
4251232200706,false,עפרון קז'אל 230,CATRICE,DE,עפרון קז'אל 230,יחידה,1.00,יחידה,false,0,9.00,9.00,true,1,
4251232227284,false,Cat. Slim'Matic Ultra Precise Brow Pencil Waterproof 030,CATRICE,DE,עיפרון גבות סלים,יחידה,1.00,יחידה,false,0,14.00,14.00,true,1,
4251232283631,false,Cat. Mattlover Lipstick Pen 070,,IL,שפתון מאט 070,יחידה,1.00,יחידה,false,1,21.00,21.00,true,1,
4251232284485,false,Cat. Power Gel 2in1 Base & Top Coat,CATRICE,DE,בסיס וטופ 2ב1,יחידה,1.00,יחידה,false,0,10.00,10.00,true,1,
4710068001739,false,"מאסטר קפה קולומביאני 250 מ""ל",יוני פרזינדנט אנטרפר,TW,מאסטר קפה,מיליליטרים,240.00,"100 מ""ל",false,0,7.90,3.29,true,1,
4800888150080,false,"דאב - דאודורנט רול און לאישה פרש טאצ' מלפפונים 50 מ""ל",יוניליוור פיליפינים,PH,דאודורנט דאב,מיליליטרים,50.00,"100 מ""ל",false,0,13.90,27.80,true,1,
4800888209429,false,רקסונה - דאודורנט סטיק לאישה כותנה נשים 50 גרם,יוניליוור,PH,דאודורנט רקסונה,גרמים,50.00,100 גרם,false,1,20.90,41.80,true,1,
4891228308049,false,שיק היידרו 5 סנס מארז מכשיר+7 סכינים,ארץ ייצור סכינים: ארהבn\,US,הידרו מארז גילוח,יחידה,1.00,יחידה,false,1,79.90,79.90,true,1,
4891228309268,false,"טאצ' אפ מעצב גבות מקצועי, 3 יחידות",שסטוביץ,CN,שיק סכיני סילק ט,יחידה,1.00,יחידה,false,1,21.90,21.90,true,1,
5000159376655,false,סוכריות SKITTLES פירות קטן 38 גרם אדום,ריגלי ממתקים,CZ,סוכריות סקיטלס,גרמים,38.00,100 גרם,false,0,2.90,7.63,true,1,
5000159376792,false,סוכריות סקיטלס Skittles פירות חמוצים,ריגלי ממתקים,CZ,סוכריות סקיטלס,גרמים,38.00,100 גרם,false,0,2.90,7.63,true,1,
5000204153903,false,מטהר אוויר גלייד מילוי אוטומטי מרכך כביסה,"קוסטר אירוסול ואלף סאן,",TR,גלייד מילוי,מיליליטרים,269.00,"100 מ""ל",false,1,19.90,7.40,true,1,
5000204657913,false,קיווי משחת נעליים בקופסא שחור 50 מל,ג' אל ראיה בוגור,ID,קיווי משחה בשחור,מיליליטרים,50.00,"100 מ""ל",false,0,9.90,19.80,true,1,
5000394140899,false,סוללות AA דורסל פלוס - 8 יח',דורסל Duracell,BE,דורסל שמיניות AA,יחידה,1.00,יחידה,false,1,29.90,29.90,true,1,
5000394141179,false,סוללות AAA דורסל פלוס - 8 יח',דורסל Duracell,BE,דורסל שמיניות AA,יחידה,1.00,יחידה,false,1,29.90,29.90,true,1,
5010182997918,false,דאק ג'ל לניקוי אסלות בניחוח ים 55 מל,"איטיליאן פוד, אס.פי.",IT,דאק ג'ל לאסלה,מיליליטרים,55.00,"100 מ""ל",false,0,11.90,21.64,true,1,
5010415211248,false,זוג פטמות שלב3 טומי טיפי,הכי טבעי-הנסיך,CN,זוג פטמות,יחידה,1.00,יחידה,false,0,44.90,44.90,true,1,
5010415226303,false,טומי טיפי זוג בקבוקים 340 מל מאויר,הכי טבעי-הנסיך,CN,זוג בקבוקים340מל,יחידה,1.00,יחידה,false,1,99.90,99.90,true,1,
5010415323088,false,מברשת לבקבוקים טומי טיפי,טומי טיפי,IL,טומי טיפי מברשת,יחידה,1.00,יחידה,false,0,37.90,37.90,true,1,
5010415330987,false,מסרק+מברשת רכה,,IL,מסרק+מברשת רכה,יחידה,1.00,יחידה,false,0,31.90,31.90,true,1,
5010415334138,false,מוצצים זוהר חושך18-36זוג,הכי טבעי-הנסיך,IL,זוג מוצצים,יחידה,1.00,יחידה,false,0,39.90,39.90,true,1,
5010724527481,false,שמפו יבש בניחוח קלאסי בטיסט 200 גר,צ'\רצ'\ אנד דיוויט,GB,בטיסט שמפו,מיליליטרים,200.00,"100 מ""ל",false,1,29.90,14.95,true,1,
5010724527511,false,שמפו יבש בניחוח טרופי בטיסט 200 גר,צ'\רצ'\ אנד דיוויט,GB,בטיסט שמפו,מיליליטרים,200.00,"100 מ""ל",false,1,29.90,14.95,true,1,
5011408017526,false,אלנט ספריי חזק מאוד200מ,SOPROCOS,FR,אלנט ספריי חזק,מיליליטרים,200.00,"100 מ""ל",false,0,39.90,19.95,true,1,
5011408027990,false,ספרי עיצוב חזק מאוד לשיער Elnett,לוריאל Loreal,FR,אלנט ספריי לשיער,מיליליטרים,400.00,"100 מ""ל",false,0,54.90,13.73,true,1,
5012251008662,false,BEAUTY FORMULAS רטיות עיניים קרירות על בסיס תמציות מלפפונים 12 יח,,GB,רטיות עיניים תמצ,יחידה,1.00,יחידה,false,1,19.90,19.90,true,1,
5012251009423,false,BEAUTY FORMULAS מגבונים לניקוי עדין של עור הפנים בתוספת תמציות משמש 30 יחידות,,GB,מגבוני פנים לניק,יחידה,1.00,יחידה,false,1,14.90,14.90,true,1,
5012251012645,false,רצועות לאף להסרת ראשים שחורים,,GB,מדבקות להוצאת שח,יחידה,1.00,יחידה,false,1,15.90,15.90,true,1,
5012251012850,false,6 זוגות רטיות זהב הידרו ג'ל לעיניים מועשרות בתמציות קולגן ולבנדר BEAUTY FORMULAS,,IL,רטיות זהב הידרו,יחידה,1.00,יחידה,false,1,24.90,24.90,true,1,
5012251013000,false,6 רצועות זהב לניקוי והסרת שחורים מהאף מועשרות בתמציות קולגן BEAUTY FORMULAS,,IL,רצועות זהב לניקו,יחידה,1.00,יחידה,false,1,17.90,17.90,true,1,
5012251013383,false,"BEAUTY FORMULAS - ויטמין סי סרום לחות לפנים 30 מ""ל",,IL,סרום לחות עם ויט,מיליליטרים,30.00,"100 מ""ל",false,1,29.90,99.67,true,1,
5013931015741,false,דיש מטיק - ידית הפלא לשטיפת כלים,דישמטיק Dish matic,US,ידית הפלא לכלים,יחידה,1.00,יחידה,false,1,22.90,22.90,true,1,
5013931015758,false,דיש מטיק - ספוגי החלפה מארז 3 יחידות,דישמטיק Dish matic,US,ספוגי החלפה 3 יח,יחידה,1.00,יחידה,false,1,21.90,21.90,true,1,
5013931015789,false,דישמאטיק ידית הפלא עם כרית פלדה,דישמטיק Dish matic,GB,ידית הפלא +כרית,יחידה,1.00,יחידה,false,1,19.90,19.90,true,1,
5029053039725,false,ממחטות נייר קלינקס נטורל פרש קופסה 72 דף,קימברלי קלארק,IL,קלינקס נטורל פרש,יחידה,1.00,יחידה,false,1,13.90,13.90,true,1,
5029053510828,false,תחבושות סופר פלוס עם כנפיים קוטקס 22יחידות,קימברלי קלארק,CZ,תחבושות קוטקס,יחידה,1.00,יחידה,false,0,21.90,21.90,true,1,
5029053523446,false,קוטקס - תחבושות אולטרה נייט + כנפיים 20 יח',קימברלי קלארק,CZ,תחבושות נייט קוט,יחידה,1.00,יחידה,false,0,21.90,21.90,true,1,
5029053527598,false,תחתוני ספיגה בנים לתופעת הרטבת לילה 8-15 האגיס,חוגלה קימברלי,CZ,תחתוני ספיגה האג,יחידה,1.00,יחידה,false,0,39.90,39.90,true,1,
5029053534596,false,טמפונים נורמל קוטקס 32 יחידות,קימברלי קלארק,CZ,טמפוני קוטקס,יחידה,1.00,יחידה,false,0,29.90,29.90,true,1,
5029053534602,false,טמפונים סופר קוטקס 32 יחידות,קימברלי קלארק,CZ,טמפוני קוטקס,יחידה,1.00,יחידה,false,0,29.90,29.90,true,1,
5029053535210,false,טמפון עם מוליך מיני קוטקס 16 יחידות,קימברלי קלארק,CZ,טמפוני קוטקס,יחידה,1.00,יחידה,false,0,21.90,21.90,true,1,
5029053535227,false,קוטקס טמפון עם מוליך נורמל 16 יחידות,קימברלי קלארק,CZ,טמפוני קוטקס,יחידה,1.00,יחידה,false,0,21.90,21.90,true,1,
5029053535234,false,קוטקס טמפונים עם מוליך סופר,חוגלה קימברלי,CZ,טמפוני קוטקס,יחידה,1.00,יחידה,false,0,21.90,21.90,true,1,
5029053574103,false,האגיס פול אפס תח.גמילה יום בנות 20 יחידו,KC צ'כיה,IL,האגיס גמילה בנות,יחידה,1.00,יחידה,false,1,53.90,53.90,true,1,
5029053574141,false,האגיס פול אפס תח.גמילה לילה בנות 18 יחיד,חוגלה,IL,האגיס גמילה בנות,יחידה,1.00,יחידה,false,1,53.90,53.90,true,1,
5029053574158,false,האגיס פול אפס תח.גמילה לילה בנים 18 יחיד,KC צ'כיה,IL,האגיס גמילה בנים,יחידה,1.00,יחידה,false,1,53.90,53.90,true,1,
5029053578309,false,קופסת ממחטות אולטרה סופט 48 דף קלינקס,קימברלי קלארק,IL,קלינקס אולטרה,יחידה,1.00,יחידה,false,1,8.90,8.90,true,1,
5029054220085,false,האגיס - מגבוני האגיס אקסטרה קר לא מבושם 56 יח' * 4,קימברלי קלארק,IL,מגבונים לרך נולד,יחידה,1.00,יחידה,false,1,34.90,34.90,true,1,
5050456522736,false,נינה צרוטי1881 אדט100מל,,FR,צ'רוטי 1881 אשה,מיליליטרים,100.00,"100 מ""ל",false,1,149.00,149.00,true,1,
5056357901427,false,אם אנד אם חטיף חלבון שוקולד 51 גרם,פארם אקספרס,GB,חטיף חלבון M&M,גרמים,57.00,100 גרם,false,1,17.90,31.40,true,1,
5056357901441,false,אם אנד אם חטיף חלבון בוטנים 51 גרם,פארם אקספרס,GB,חטיף חלבון M&M,גרמים,57.00,100 גרם,false,1,17.90,31.40,true,1,
5060022302273,false,מוס פיוריטי מימי לשיזוף,ST.TROPEZ,GB,מוס פיוריטי מימי,מיליליטרים,200.00,"100 מ""ל",false,1,160.00,80.00,true,1,
5060022302280,false,מיסט שיזוף עצמי פנים80מל,ST.TROPEZ,GB,מיסט שיזוף עצמי,מיליליטרים,80.00,"100 מ""ל",false,1,115.00,143.75,true,1,
5060022307995,false,"סן טרופה - ספריי אקספרס לשיזוף עצמי מיידי 200 מ""ל",ST.TROPEZ,GB,מוס שיזוף עצמי,מיליליטרים,200.00,"100 מ""ל",false,1,169.00,84.50,true,1,
5060103310395,false,מולקולה 04 אדט 100מל,,IL,מולקולה 04 אדט י,מיליליטרים,100.00,"100 מ""ל",false,1,349.00,349.00,true,1,
5060402909542,false,מארס חטיף חלבון קרמל מלוח 59 גרם,פארם אקספרס,US,חטיף חלבון מארס,גרמים,59.00,100 גרם,false,1,17.90,30.34,true,1,
5060420338256,false,סן טרופה - כפפת מריחה מיוחדת למוצרי סן טרופה,ST.TROPEZ,GB,כפפות מריחה מקטי,יחידה,1.00,יחידה,false,1,22.00,22.00,true,1,
5060424705535,false,WARRIOR -חטיף חלבון בטעם שוקולד מריר ובוטנים,"KBF תעשיות בע""מ UK",GB,חטיף חלבון קראנץ,גרמים,64.00,100 גרם,false,1,14.90,23.28,true,1,
5060426150005,false,שרה ג'סיקה פרקר לאבלי 100,,US,בושם לאבלי,מיליליטרים,100.00,"100 מ""ל",false,1,99.00,99.00,true,1,
5060756342781,false,WARRIOR-חטיף חלבון בטעם קרם עוגיות,"KBF תעשיות בע""מ UK",GB,חטיף חלבון קראנץ,גרמים,64.00,100 גרם,false,1,14.90,23.28,true,1,
5201178801030,false,"ניוואה רב שימושי 75 מ""ל",ביירסדורץ,DE,קרם ניוואה,יחידה,1.00,יחידה,false,0,23.90,23.90,true,1,
5201178801054,false,"קרם רב שימושי ניוואה 250 מ""ל",טרופיקל דגיל תעשיות,DE,ניוואה קרם לחות,מיליליטרים,250.00,"100 מ""ל",false,0,20.00,8.00,true,1,
5201263006357,false,תחבושת EVERY DAY סופר 18 יח',,GR,תחבושות סופר,יחידה,1.00,יחידה,false,1,12.90,12.90,true,1,
5201263011474,false,מגן תחתון EVERY DAY לארג' 30 יח',,GR,מגני תחתון לארג',יחידה,1.00,יחידה,false,1,12.90,12.90,true,1,
5201347400545,false,רצועות שעווה מוכנות לשימוש לפנים ולאזורים רגישים,רקיט בנקיזר צרפת,FR,רצועות שעווה ויט,יחידה,1.00,יחידה,false,0,29.90,29.90,true,1,
5201583751111,false,זירו סוכריות ללא סוכר טעם אספרסו קרמי,איתן,GR,סוכריות זירו,גרמים,32.00,100 גרם,false,1,7.50,23.44,true,1,
5201583751418,false,סוכריות זירו אייס בלו סטיביה ללא סוכר 32 ג',איתן,GR,סוכריות זירו,גרמים,32.00,100 גרם,false,1,7.50,23.44,true,1,
5202300043014,false,צבע לשיער קולסטון - 6/7 חום שוקולד,פרוקטר אנד גמבל,DE,קולסטון שפופרת,יחידה,1.00,יחידה,false,0,25.90,25.90,true,1,
5202300043038,false,צבע לשיער קולסטון- 8/73 בלונד דבש טבעי,פרוקטר אנד גמבל,DE,קולסטון שפופרת,יחידה,1.00,יחידה,false,0,25.90,25.90,true,1,
5202300043144,false,צבע לשיער קולסטון - 9/0 בלונד בהיר מאוד,פרוקטר אנד גמבל,DE,קולסטון שפופרת,יחידה,1.00,יחידה,false,0,25.90,25.90,true,1,
5202300043168,false,צבע לשיער קולסטון - 7/0 בלונד בינוני,פרוקטר אנד גמבל,DE,קולסטון,יחידה,1.00,יחידה,false,0,25.90,25.90,true,1,
5202300043175,false,צבע לשיער קולסטון - 6/0 בלונד כהה,פרוקטר אנד גמבל,DE,קולסטון שפופרת,יחידה,1.00,יחידה,false,0,25.90,25.90,true,1,
5202300043182,false,צבע לשיער קולסטון - 5/0 חום בהיר,פרוקטר אנד גמבל,DE,קולסטון שפופרת,יחידה,1.00,יחידה,false,0,25.90,25.90,true,1,
5202300043199,false,צבע לשיער קולסטון - 4/0 חום בינוני,פרוקטר אנד גמבל,DE,קולסטון שפופרת,יחידה,1.00,יחידה,false,0,25.90,25.90,true,1,
5202300043212,false,צבע לשיער קולסטון - 2/0 שחור,פרוקטר אנד גמבל,DE,קולסטון שפופרת,יחידה,1.00,יחידה,false,0,25.90,25.90,true,1,
5202300043250,false,צבע לשיער קולסטון - 11/1 בלונד אפר בהיר במיוחד,פרוקטר אנד גמבל,DE,קולסטון 2000,יחידה,1.00,יחידה,false,0,25.90,25.90,true,1,
5202300043670,false,צבע לשיער קולסטון - 5/7 חום קפה,פרוקטר אנד גמבל,DE,קולסטון שפורפרת,יחידה,1.00,יחידה,false,0,25.90,25.90,true,1,
5391523057929,false,סימילאק גולד שלב 1 תרכובת מזון על בסיס חלב,אבוט מעבדות רפואיות,IE,סימילאק גולד,גרמים,700.00,100 גרם,false,1,69.90,9.99,true,1,
5391523057936,false,סימילאק גולד שלב 2 תרכובת מזון על בסיס חלב,אבוט מעבדות רפואיות,IE,סימילאק גולד,גרמים,700.00,100 גרם,false,1,69.90,9.99,true,1,
5391523058063,false,סימילאק אדבנס פלוס 1 תרכובת מזון על בסיס חלב,טרופיקל דגיל תעשיות,IE,סימילאק אדבנס,גרמים,700.00,100 גרם,false,1,64.90,9.27,true,1,
5391523058070,false,סימילאק אדבנס פלוס 3 תרכובת מזון על בסיס חלב,טרופיקל דגיל תעשיות,IE,סימילאק אדבנס,גרמים,700.00,100 גרם,false,1,64.90,9.27,true,1,
5410076854462,false,חוט דנטלי אורל בי 40 מטר 3D,פרוקטר & גמבל,IE,חוט דנטלי מנטה,מטרים,40.00,מטר,false,1,19.90,0.50,true,1,
5410091648176,false,"פה - דאודורנט רול און לאישה פינק פרדייס 50 מ""ל",שוורצקופף והנקל,DE,דאודורנט FA,מיליליטרים,50.00,"100 מ""ל",false,0,14.90,29.80,true,1,
5410091677992,false,"סאיוס - ספריי לשיער לייצוב מקסימלי 400 מ""ל",שוורצקופף והנקל,DE,ספרי עיצוב סאיוס,מיליליטרים,400.00,"100 מ""ל",false,0,34.90,8.73,true,1,
5410091678043,false,"סאיוס - מוס לשיער מתולתל 250 מ""ל",שוורצקוף,DE,מוס לעיצוב סאיוס,מיליליטרים,250.00,"100 מ""ל",false,0,27.90,11.16,true,1,
5413548040479,false,בונבוניירה רפאלו 240 גרם,ליימן-שליסל,PL,בונבוניירה רפאלו,גרמים,240.00,100 גרם,false,0,30.50,12.71,true,1,
5601036205541,false,צבע לשיער אקסלנס קרם - 3 חום כהה מאוד,לוריאל Loreal,BE,צבע לשיער אקסלנס,יחידה,1.00,יחידה,false,0,36.90,36.90,true,1,
5601036205589,false,צבע לשיער אקסלנס קרם - 5 חום טבעי,לוריאל Loreal,BE,צבע לשיער אקסלנס,יחידה,1.00,יחידה,false,0,36.90,36.90,true,1,
5601036205626,false,צבע לשיער אקסלנס קרם - 6 בלונד כהה,לוריאל Loreal,BE,צבע שיער אקסלנס,יחידה,1.00,יחידה,false,0,36.90,36.90,true,1,
5601036205657,false,צבע לשיער אקסלנס קרם - 7 בלונד,לוריאל Loreal,BE,צבע לשיער אקסלנס,יחידה,1.00,יחידה,false,0,36.90,36.90,true,1,
5601036205664,false,לוריאל - אקסלנס קרם 7.1 בלונד טבעי אפרפר,ליברמו,BE,צבעי שיער אקסלנס,יחידה,1.00,יחידה,false,0,36.90,36.90,true,1,
5601036205671,false,לוריאל - אקסלנס קרם 7.3 בלונד זהוב,ליברמו,BE,צבע לשיער אקסלנס,יחידה,1.00,יחידה,false,0,36.90,36.90,true,1,
5601036205725,false,לוריאל - אקסלנס קרם 10 בלונד מאוד מאוד בהיר,לוריאל ישראל קוסמטיקס בע,BE,צבע שיער אקסלנס,יחידה,1.00,יחידה,false,0,36.90,36.90,true,1,
5900020015174,false,פיטנס חטיפי אנרגיה דגנים בטעם שוקולד נסטלה 6*23.5 גרם,מיוצר עי קונדיטוריית,PL,חטיפי פיטנס 6 יח,גרמים,141.00,100 גרם,false,0,10.00,7.09,true,1,
5900020018908,false,פיטנס חטיפי אנרגיה דגנים בטעם קרם עוגיות נסטלה 6*23.5 גרם,מיוצר עי קונדיטוריית,PL,חטיפי פיטנס 6 יח,גרמים,141.00,100 גרם,false,0,10.00,7.09,true,1,
5901887010326,false,"ziaja - קרם לילה מזין לפנים מחלב עיזים 50 מ""ל",,PL,קרם פנים לילה,מיליליטרים,50.00,"100 מ""ל",false,1,19.90,39.80,true,1,
5901887010593,false,"ziaja - קרם ידיים לעור יבש מחלב עיזים 80 מ""ל",,PL,קרם ידיים וציפור,מיליליטרים,80.00,"100 מ""ל",false,1,11.90,14.88,true,1,
5901887018230,false,"ziaja - חמאת גוף משקמת מחלב עיזים 75 מ""ל",,PL,חמאת גוף חלב עיז,מיליליטרים,200.00,"100 מ""ל",false,1,24.90,12.45,true,1,
5901887026778,false,"jasmine - קרם יום אנטי אייג'ינג לעור בוגר 50+ 30 מ""ל",,PL,יסמין קרם יום,מיליליטרים,30.00,"100 מ""ל",false,1,24.90,83.00,true,1,
5901887026785,false,"jasmine - קרם לילה אנטי אייג'ינג לעור בוגר 50+ 50 מ""ל",,PL,יסמין ק.לילה,מיליליטרים,50.00,"100 מ""ל",false,1,24.90,49.80,true,1,
5901887026792,false,"jasmine - סרום אנטי אייג'ינג לעור בוגר 50+ 30 מ""ל",,PL,יסמין סרום לגיל,מיליליטרים,30.00,"100 מ""ל",false,1,24.90,83.00,true,1,
5901887043751,false,"ziaja - סרום לפנים מחלב עיזים 50 מ""ל",,PL,סרום ממריץ ומחלי,מיליליטרים,50.00,"100 מ""ל",false,1,24.90,49.80,true,1,
5901887043782,false,"ziaja - סקראב לפנים מחלב עיזים 75 מ""ל",,PL,מיקרו פילינג לפנ,מיליליטרים,75.00,"100 מ""ל",false,1,14.90,19.87,true,1,
5902198160403,false,XL משקה אנרגיה מוגז ללא סוכר עד 10 קלוריות לפחית 250 מל,"טמפו משקאות בע""\מ",IL,משקה אנרגיה,מיליליטרים,250.00,"100 מ""ל",false,1,5.90,2.36,true,1,
5906485301012,false,"משקה אנרגיה XL פחית 250 מ""ל","טמפו משקאות בע""מ",IL,משקה אנרגיה XL,מיליליטרים,250.00,"100 מ""ל",false,0,5.90,2.36,true,1,
6001051002320,false,לבלו שפתון וניל,ביירסדורף,DE,לבלו וניל,יחידה,1.00,יחידה,false,0,14.90,14.90,true,1,
6001067025900,false,"מברשות אינטרדנטליות 2מ""מ",קולגייט-פלמוליב,IL,מברשות אינטרדנטל,יחידה,1.00,יחידה,false,0,31.10,31.10,true,1,
6001159125648,false,ביו אויל שמן לטיפוח העור טבעי 125 מל,דנשר,ZA,שמן לטיפוח העור,מיליליטרים,125.00,"100 מ""ל",false,1,129.90,103.92,true,1,
6085010094151,false,"קלאב דה נואיט Club De Nuit א.ד.פ לאישה 105 מ""ל",ארמף Armaf,FR,nuit de club א.ד,מיליליטרים,105.00,"100 מ""ל",false,1,99.00,94.28,true,1,
6085010094977,false,"קלאב דה נויט אינטנס (א) א.ד.פ 105 מ""ל",,IL,קלאב דה נואי אינ,מיליליטרים,105.00,"100 מ""ל",false,1,129.00,122.85,true,1,
6251921000073,false,צמיד סברובסקי יח',,IL,צמיד סברובסקי,יחידה,1.00,יחידה,false,1,69.00,69.00,true,1,
6294015131024,false,"קלאב דה נואי אינסט אדפ לגבר 200 מ""ל-אראמף",,IL,קלאב דה נואי אינ,מיליליטרים,200.00,"100 מ""ל",false,1,199.00,99.50,true,1,
6295124030314,false,"סאפיל אינטנס אדפ 100 מ""ל",,FR,סאפיל אינטנס אדפ,מיליליטרים,100.00,"100 מ""ל",false,1,59.00,59.00,true,1,
6920354822193,false,משחת שיניים נטורל הדרים אקליפטוס קולגייט 90 ג',קולגייט פלמוליב,PL,משחת שיניים נטור,גרמים,90.00,100 גרם,false,1,9.90,11.00,true,1,
6920354822223,false,משחת שיניים נטורל גינגר קוקוס קולגייט 90 ג',קולגייט פלמוליב,PL,משחת שיניים,מיליליטרים,68.00,"100 מ""ל",false,1,9.90,14.56,true,1,
6920354824395,false,"קולגייט נטורל משחת שיניים חמוציות פחם 71 מ""ל",קולגייט פלמוליב,PL,משחת שיניים,גרמים,90.00,100 גרם,false,1,9.90,11.00,true,1,
7038513866304,false,גורדן מברשת בייבי T50 סופט סטפ בי סטפ,ג'ורדן Jordan,MY,מברשת שיניים,יחידה,1.00,יחידה,false,0,14.90,14.90,true,1,
7038513908400,false,גורדן קיסם מבריש רגיל 20 יח,דנטלון,,קיסם ג'ורדן,יחידה,1.00,יחידה,false,0,26.90,26.90,true,1,
7038516140357,false,מברשת שיניים ג'ורדן טוטל סופט מארז 4 יחידות,מיוצר במלזיה עבור ג',NO,מברשת שיניים,יחידה,1.00,יחידה,false,0,10.00,10.00,true,1,
7038516860002,false,ג'ורדן מנקה לשון,ג'ורדן,IL,ג'ורדן מנקה לשון,יחידה,1.00,יחידה,false,0,18.90,18.90,true,1,
7046110030608,false,גורדן זוג מברשות שיניים טרגט סנסיטיב,דנטלון,MY,מארז זוג מברשות,יחידה,1.00,יחידה,false,1,20.00,20.00,true,1,
7046110054093,false,גורדן מברשת GREEN CLEAN לתינוקות ורוד,דנטלון,MY,מברשת שיניים ליל,יחידה,1.00,יחידה,false,1,14.90,14.90,true,1,
7046110055564,false,גורדן מברשת חשמלית קלין סמייל - ורוד,דנטלון,NO,מברשת חשמלית קלי,יחידה,1.00,יחידה,false,1,89.90,89.90,true,1,
7046110060636,false,גורדן מברשת CHANGE למבוגרים צבע כחול,דנטלון,MY,מברשת שיניים ch,יחידה,1.00,יחידה,false,1,21.90,21.90,true,1,
7046110064016,false,ג'ורדן מארז זוג מברשת שיניים לילדים מגיל 3-5,דנטלון,MY,מברשות שיניים,יחידה,1.00,יחידה,false,0,15.00,15.00,true,1,
7046110064047,false,מארז זוג מברשת שיניים ג'ורדן ילדים 6-9,דנטלון,MY,מברשות שיניים,יחידה,1.00,יחידה,false,0,15.00,15.00,true,1,
7046110066034,false,גורדן מברשת אינטרדנטל פלקטרום MICRO 10יח,ג'ורדן,IL,Mמ.שיניים ג'ורדן,יחידה,1.00,יחידה,false,0,39.90,39.90,true,1,
7046110066096,false,גורדן מברשת אינטרדנטל פלקטרום MINI 10 יח,ג'ורדן,IL,Sמ.שיניים ג'ורדן,יחידה,1.00,יחידה,false,0,39.90,39.90,true,1,
7046110069868,false,גורדן מברשת שיניים לילדים 9+ SMILE,ג'ורדן,IL,ג'ורדן מברשות שנ,יחידה,1.00,יחידה,false,0,14.90,14.90,true,1,
7046110070192,false,גורדן שלישייה מברשות שיניים קלין סמייל,דנטלון,MY,3 מברשות שיניים,יחידה,1.00,יחידה,false,0,13.90,13.90,true,1,
7290000066141,false,ביסלי חטיף בטעם גריל אסם 70 גרם,"אסם השקעות בע""\מ",IL,ביסלי גריל,גרמים,70.00,100 גרם,false,0,5.90,8.43,true,1,
7290000066318,false,במבה חטיף בוטנים אסם 80 גרם,"אסם השקעות בע""\מ",IL,במבה,גרמים,80.00,100 גרם,false,0,6.90,8.63,true,1,
7290000066332,false,אפרופו חטיף תירס אסם 50 גרם,מיוצר עי קונדיטוריית,IL,חטיף אפרופו,גרמים,50.00,100 גרם,false,0,6.90,13.80,true,1,
7290000072753,false,קפה נמס מגורען טסטרס צ'ויס 200 גרם-,נסטלה קוריאה - קפה,KR,קפה טסטרס צ'ויס,גרמים,200.00,100 גרם,false,0,34.90,17.45,true,1,
7290000074375,false,אוסם - קרקר זהב 150 גרם,"אסם השקעות בע""\מ",IL,קרקר זהב אסם,גרמים,150.00,100 גרם,false,0,8.90,5.93,true,1,
7290000076126,false,אוסם - בייגלה שמיניות קטנות 80 גרם,"אסם השקעות בע""\מ",IL,בייגלה שמיניות,גרמים,80.00,100 גרם,false,0,3.90,4.88,true,1,
7290000135045,false,"XL TEN משקה אנרגיה פתוח ללא סוכר 250 מ""ל","טמפו משקאות בע""\מ",IL,TEN XL בטעם תפוח,מיליליטרים,250.00,"100 מ""ל",false,1,5.90,2.36,true,1,
7290000135113,false,משקה אנרגיה XL TEN ללא סוכר בטעם נענע ליים,"טמפו משקאות בע""\מ",IL,TEN XL נענע ליים,מיליליטרים,250.00,"100 מ""ל",false,1,5.90,2.36,true,1,
7290000135151,false,"טמפו סודה למון ליים בקבוק 250 מ""ל",טמפו משקאות בעמ,IL,סודה בנגיעות למו,מיליליטרים,275.00,"100 מ""ל",false,1,3.90,1.42,true,1,
7290000146645,false,הוואי - סבון מוצק שחור מסתורי 100 גרם רביעייה,טרופיקל דגיל קוסמטיק,IL,סבון הוואי 4 יח,גרמים,400.00,100 גרם,false,0,13.90,3.48,true,1,
7290000146928,false,"משחת שיניים לילדים בטעם ענבים טום וג'רי 50 מ""ל",טרופיקל דגיל קוסמטיק,IL,משחת טום וג'רי,מיליליטרים,50.00,"100 מ""ל",false,0,9.90,19.80,true,1,
7290000170053,false,"שוקולד פרה חלב 100 גרם בד""צ לל""ג","שטראוס גרופ בע""\מ.",IL,שוקולד פרה חלב,גרמים,100.00,100 גרם,false,0,6.90,6.90,true,1,
7290000176062,false,קפה טורקי בשקית 100 ג' עלית,שטראוס קפה בי.ויn\.,IL,קפה טורקי בצלופן,גרמים,100.00,100 גרם,false,0,12.90,12.90,true,1,
7290000178707,false,תפוצ'יפס בטעם טבעי 50 גרם,"שטראוס פריטו ליי בע""\מ )",IL,חטיף תפוצ'יפס,גרמים,50.00,100 גרם,false,0,4.90,9.80,true,1,
7290000187938,false,"נייר טואלט ""לילי"" פסטל 32 גלילים",לילי נייר טואלט חוגלה,IL,נייר טואלט פסטל,מטרים,588.00,100 מטר,false,0,48.90,8.32,true,1,
7290000188553,false,קוטקס מגן תחתון יאנג ביג 60 יחידות,קימברלי קלארק,CN,מגן תחתון קוטקס,יחידה,1.00,יחידה,false,0,21.90,21.90,true,1,
7290000188591,false,קוטקס מגן תחתון יאנג ביג 60 יחידות,קימברלי קלארק,CN,מגן תחתון קוטקס,יחידה,1.00,יחידה,false,0,21.90,21.90,true,1,
7290000190853,false,לילי פיור נייר טואלט דו שכבתי לבן 30 גלילים,לילי נייר טואלט חוגלה,IL,נייר טואלט לילי,מטרים,537.00,100 מטר,false,0,44.90,8.36,true,1,
7290000191225,false,חיתולים ליטל בייביז מידה 2 האגיס 46 יחידות,קימברלי קלארק שיווק,IL,האגיס ליטל בייבי,יחידה,1.00,יחידה,false,1,36.90,36.90,true,1,
7290000191539,false,חמישיית ממחטות טישו צבועני לילי 100 יחידות,חוגלה קימברלי,IL,מגבוני לילי 90*5,יחידה,1.00,יחידה,false,0,19.90,19.90,true,1,
7290000191645,false,"חיתולים האגיס ליטל בייביס ניו בורן שלב 1 עד 4 ק""ג",קימברלי קלארק ארהב,US,חיתולי האגיס,יחידה,1.00,יחידה,false,0,36.90,36.90,true,1,
7290000191652,false,שלישיית ממחטות אולטרה סופט קלינקס 90 יחידות,חוגלה קימברלי,IL,קלינקס מעוצב 3יח,יחידה,1.00,יחידה,false,0,13.90,13.90,true,1,
7290000193083,false,נובה-לי תחבושות היגייניות לילי 28 יחידות,חוגלה קימברלי,CZ,תחבושות נובה לי,יחידה,1.00,יחידה,false,0,9.90,9.90,true,1,
7290000193540,false,מגן תחתון לונג נטורל לילי 52 יחידות,חוגלה קימברלי,ES,פדיות לילי,יחידה,1.00,יחידה,false,0,14.90,14.90,true,1,
7290000193649,false,תחבושות עם כנפיים נורמל פלוס לילי 24 יחידות,חוגלה קימברלי,ES,תחבושות לילי,יחידה,1.00,יחידה,false,0,14.90,14.90,true,1,
7290000193656,false,תחבושות עם כנפיים סופר פלוס לילי 24 יחידות,חוגלה קימברלי,ES,תחבושות לילי,יחידה,1.00,יחידה,false,0,14.90,14.90,true,1,
7290000194288,false,משטח החתלה האגיס 10 יחידות,חוגלה קימברלי,BE,משטח החתלה האגיס,יחידה,1.00,יחידה,false,0,19.90,19.90,true,1,
7290000195537,false,מגבונים לחים לעור רגיש ללא בישום האגיס 4*64 יחידות,חוגלה קימברלי,IL,מגבונים האגיס 4י,יחידה,1.00,יחידה,false,0,26.90,26.90,true,1,
7290000195773,false,רביעיית מגבון אלוורה ושקד האגיס 64 יחידות,חוגלה קימברלי,IL,מגבונים האגיס 4י,יחידה,1.00,יחידה,false,0,26.90,26.90,true,1,
7290000197425,false,חיתולים פרידום דריי שלב 3 האגיס 52 יחידות,קימברלי קלארק ישראל,IL,חיתולי האגיס,יחידה,1.00,יחידה,false,0,49.90,49.90,true,1,
7290000197456,false,חיתולים פרידום דריי שלב 4 האגיס 44 יחידות,קימברלי קלארק ישראל,IL,חיתולי האגיס,יחידה,1.00,יחידה,false,0,49.90,49.90,true,1,
7290000197463,false,חיתולים פרידום דריי שלב +4 האגיס 40 יחידות,קימברלי קלארק ישראל,IL,חיתולי האגיס,יחידה,1.00,יחידה,false,0,49.90,49.90,true,1,
7290000197548,false,חיתולים פרידום דריי שלב 5 האגיס 36 יחידות,קימברלי קלארק ישראל,IL,חיתולי האגיס,יחידה,1.00,יחידה,false,0,49.90,49.90,true,1,
7290000197678,false,חיתולי האגיס פרידום דריי שלב 6 30 יחידות,קימברלי קלארק ישראל,IL,חיתולי האגיס,יחידה,1.00,יחידה,false,0,49.90,49.90,true,1,
7290000199313,false,קוטקס יאנג תחבושות עם כנפיים נורמל חדש30,חוגלה קימברלי,CZ,קוטקס תחבושות,יחידה,1.00,יחידה,false,0,21.90,21.90,true,1,
7290000201832,false,טיטולים פרימיום שלב 3 50 יחידות,חוגלה קימברלי,IL,טיטולים פרימיום,יחידה,1.00,יחידה,false,1,33.90,33.90,true,1,
7290000201849,false,טיטולים פרימיום שלב 4 42 יח' (8-14),חוגלה קימברלי,IL,טיטולים פרימיום,יחידה,1.00,יחידה,false,1,33.90,33.90,true,1,
7290000201870,false,טיטולים פרימיום שלב 6 30 יחידות,חוגלה קימברלי,IL,טיטולים פרימיום,יחידה,1.00,יחידה,false,1,33.90,33.90,true,1,
7290000205762,false,חיתולי האגיס אקסטרה קר מידה 3 48 יחידות,חוגלה קימברלי,IL,חיתולי האגיס,יחידה,1.00,יחידה,false,1,59.90,59.90,true,1,
7290000205915,false,חיתולי האגיס אקסטרה קייר מידה 4 40 יחידות,חוגלה קימברלי,IL,חיתולי האגיס,יחידה,1.00,יחידה,false,1,59.90,59.90,true,1,
7290000244143,false,"הוואי - קרם לאחר גילוח 120 מ""ל",טרופיקל דגיל קוסמטיק,IL,קרם לאחר גילוח,גרמים,120.00,100 גרם,false,0,15.00,12.50,true,1,
7290000245294,false,"א.כ. פרסיל סופרא שקית 2.5 ק""ג","הנקל סוד בע""\מ",IL,אבקת כביסה פרסיל,קילוגרמים,2.50,"ק""ג",false,0,27.90,11.16,true,1,
7290000262413,false,חיתולי האגיס אקסטרה קייר מידה 5 34 יחידות,חוגלה קימברלי,IL,חיתולי האגיס,יחידה,1.00,יחידה,false,1,59.90,59.90,true,1,
7290000286228,false,ספוגיות לניקוי כללי סנו סושי 6 יחידות,סנו מפעלי ברונו בעמ,IL,ספוגיות לכלים6יח,יחידה,1.00,יחידה,false,0,14.90,14.90,true,1,
7290000286761,false,ניילון נצמד סנו סושי פלסטיק מארז 30X2 מ',מיוצר עי קונדיטוריית,CN,צמד ניילון נצמד,מטרים,60.00,מטר,false,0,12.90,0.22,true,1,
7290000288079,false,סנו - ז'אוול אקונומיקה לימון 2 ליטר,"סנו מפעלי ברונוס בע""מ",IL,סנו JAVEL מלבין,ליטרים,2.00,ליטר,false,0,13.90,6.95,true,1,
7290000293943,false,"מרסס לבן מסיר אבנית 1 ליטר אנטי קאלק ""סנו""",מיוצר עי קונדיטוריית,IL,סנו אנטי קאלק,ליטרים,1.00,ליטר,false,0,17.90,17.90,true,1,
7290000295558,false,"רדיד אלומיניום רוחב 30 ס""מ סנו סושי 2 יח' 7.5 מטר",מולינו ניקולי s.p.a,TR,צמד רדידי אלומינ,מטרים,15.00,מטר,false,0,15.90,1.06,true,1,
7290000347738,false,תה ירוק נענע ויסוצקי 25 יחידות,תה ויסוצקי,IL,תה ירוק נענע,גרמים,37.00,100 גרם,false,0,21.90,59.19,true,1,
7290000442044,false,פמינה תחליב רחצה אינטימי חמוציות 220 מל,פמינה,IL,פמינה חמוציות,מיליליטרים,220.00,"100 מ""ל",false,0,29.90,13.59,true,1,
7290000442587,false,"קרם רב שימושי תוספת 33% גינקו 220 מ""ל.",כ.צ.ט,IL,קרם רב שימושי,מיליליטרים,250.00,"100 מ""ל",false,0,23.90,9.56,true,1,
7290000560533,false,אדג' ג'ל גילוח ירוק לעור רגיל 198גרם,אס.סי ג'ונסון ובניו,US,אדג' ג'ל לגילוח,גרמים,198.00,100 גרם,false,0,18.90,9.55,true,1,
7290000560540,false,אדג' ג'ל גילוח כתום לעור רגיש 198גרם,המאפיה של הרמן,US,אדג' ג'ל לגילוח,גרמים,198.00,100 גרם,false,0,18.90,9.55,true,1,
7290000679631,false,"ד""ר פישר - קמיל בלו קלאסיק 500 מ""ל",פישר מעבדות פרמצבטיות בע,IL,קמיל בלו אלסבון,מיליליטרים,500.00,"100 מ""ל",false,0,16.90,3.38,true,1,
7290000689180,false,בליסטקס שפתון-סטיק מנטה,מדיליין פריגו,IL,בליסטיק סטיק,יחידה,1.00,יחידה,false,0,15.90,15.90,true,1,
7290000803067,false,"משחת שיניים לילדים גילאים 6-2 אלמקס 75 מ""ל",הנסיך- מפעל לייצור ט,PL,משחת שיניים,מיליליטרים,75.00,"100 מ""ל",false,0,17.90,23.87,true,1,
7290000849492,false,"סרקל שמפו לילדים 500 מ""ל",פישר מעבדות פרמצבטיות בע,IL,שמפו לילדים,מיליליטרים,500.00,"100 מ""ל",false,0,16.90,3.38,true,1,
7290001136362,false,נקה 7 תחליב רחצה אלוורה ארומה ירוק 1 ל',מיוצר בסין.יבוא ושיו,IL,תחליב רחצה נקה 7,ליטרים,1.00,ליטר,false,0,14.90,14.90,true,1,
7290001136973,false,נקה 7 תחליב רחצה ארומה קמומיל לבן 1 ל',טרופיקל דגיל תעשיות,IL,תחליב רחצה נקה 7,ליטרים,1.00,ליטר,false,0,14.90,14.90,true,1,
7290001676530,false,מחזק ציפורניים,קרליין,IL,מחזק ציפורניים,יחידה,1.00,יחידה,false,0,14.90,14.90,true,1,
7290001713150,false,סנט מוריץ מתז אקונומיקה Bleach קצף לימון 1 ליטר,קומפלקס כימיקלים בעמ,IL,קצף ניקוי,ליטרים,1.00,ליטר,false,1,9.90,9.90,true,1,
7290001713167,false,סנט מוריץ - מרסס קצף ניקוי 1 ליטר סניטרי אפור,קומפלקס כימיקלים בעמ,IL,קצף ניקוי,ליטרים,1.00,ליטר,false,1,9.90,9.90,true,1,
7290001713242,false,עלמה שקיות אשפה 25 יחידות 75*90 עם ידית,אסיר פלסט,TR,שקיות אשפה עם יד,יחידה,1.00,יחידה,false,1,11.90,11.90,true,1,
7290001713662,false,מרכך כביסה pure בניחוח מלון רויאל 1 ל' סנט מוריץ,"קומפלקס כימיקלים בע""",TR,מרכך כביסה בניחו,ליטרים,1.00,ליטר,false,1,11.90,11.90,true,1,
7290001817728,false,צ'יטוס אפוי כאפה בטעם קטשופ 55 גרם,"שטראוס פריטו ליי בע""\מ )",IL,צ'יטוס כפאה,גרמים,55.00,100 גרם,false,0,3.90,7.09,true,1,
7290001865439,false,פמילי אל סבון נוזלי בניחוח וניל 1 ליטר,אף.סי תבליני בגליל ב,IL,סבון נוזלי פמלי,ליטרים,1.00,ליטר,false,0,12.90,12.90,true,1,
7290001973233,false,"קמיל בלו מגבונים לחים סנסיטיב ד""ר פישר 120 יחידות",פישר מעבדות פרמצבטיות,IL,מגבונים +דיספנסר,יחידה,1.00,יחידה,false,0,13.90,13.90,true,1,
7290002000143,false,"חדש -פנג'ל ק.ידיים קלאסיק 80מ""ל",מיוצר עי קונדיטוריית,IL,קרם ידיים פנג'ל,מיליליטרים,80.00,"100 מ""ל",false,0,8.50,10.63,true,1,
7290002002635,false,הדבש שעווה להסרת שיער מהפנים וממקומות רגישים,"ש. שוורץ (ב""ש) בע""מ",IL,שעווה לפנים,גרמים,80.00,100 גרם,false,0,22.90,28.63,true,1,
7290002003168,false,"שלישיית קרם ידיים קלאסי פנג'ל 80 מ""ל",אינטרקוסמא 1985 במ,IL,קרם יד.פנג'ל 3יח,מיליליטרים,240.00,"100 מ""ל",false,0,20.90,8.71,true,1,
7290002041009,false,"חלאבילין אורגינל 10 מ""ל",תעשיות שיק,IL,דאו.חלאבילין,מיליליטרים,10.00,"100 מ""ל",false,0,39.90,399.00,true,1,
7290002041818,false,"דאו.רול און מידנייט80מ""ל",תעשיות שיק,IL,דאודורנט מידנייט,מיליליטרים,80.00,"100 מ""ל",false,0,22.90,28.63,true,1,
7290002041832,false,דאו.רול און לאב ליין80מ,חלאבין,IL,דאו.רול און,מיליליטרים,80.00,"100 מ""ל",false,0,22.90,28.63,true,1,
7290002515333,false,"ד""ר פישר - קמיל בלו סנסיטיב אל סבון עדין לתינוק 500 מ""ל",פישר מעבדות פרמצבטיות בע,IL,אלסבון קמיל בלו,מיליליטרים,500.00,"100 מ""ל",false,0,19.90,3.98,true,1,
7290002515371,false,"קמיל בלו אל סבון לתינוקות ד""ר פישר 1 ליטר",פישר מעבדות פרמצבטיות בע,IL,קמיל בלו לתינוק,ליטרים,1.00,ליטר,false,0,27.90,27.90,true,1,
7290002730538,false,פדיות להסרת איפור בלונס 80 יחידות,הנסיך- מפעל לייצור ט,GR,פדים להסרת איפור,יחידה,1.00,יחידה,false,0,9.90,9.90,true,1,
7290002730675,false,"קולגייט משחת שיניים אדומה משפחתי 100 מ""ל",קולגייט-פלמוליב,PL,משחת שיניים,מיליליטרים,100.00,"100 מ""ל",false,0,9.90,9.90,true,1,
7290002730811,false,"משחת שיניים ג'ל פסים מרעננים קולגייט 100 מ""ל",הנסיך- מפעל לייצור ט,PL,משחת קולגייט ג'ל,מיליליטרים,100.00,"100 מ""ל",false,0,13.90,13.90,true,1,
7290002730941,false,כדורי צמר גפן בלונס 100 יחידות,הנסיך- מפעל לייצור ט,GR,צמר גפן פרוס,גרמים,100.00,100 גרם,false,0,9.90,9.90,true,1,
7290002752349,false,סוכריות מנטוס מנטה 40יח' בגליל 38ג',פרפטי ואן מלה,NL,סוכריות מנטוס,גרמים,37.00,100 גרם,false,0,3.90,10.54,true,1,
7290002768159,false,"קצף אמבט בת אורן קרליין 500 מ""ל",פארק תעשיות עמק חפרמ,IL,סבון אמבט בת אור,מיליליטרים,500.00,"100 מ""ל",false,0,26.90,5.38,true,1,
7290002814016,false,"מסיר שומנים מתז 750 מ""ל סנט מוריץ כשל""פ עד""ח","קומפלקס כימיקלים בע""",IL,מסיר שומנים קר,מיליליטרים,750.00,"100 מ""ל",false,0,12.90,1.72,true,1,
7290002814498,false,"סנט מוריץ - מרסס חומץ לניקוי כללי 750 מ""ל",קומפלקס כימיקלים,TR,נוזל ניקוי כללי,מיליליטרים,750.00,"100 מ""ל",false,1,8.90,1.19,true,1,
7290002814542,false,סנט מוריץ שקיות אשפה 75*90 -25 יח',קומפלקס כימיקלים בעמ,CN,אשפתון,יחידה,1.00,יחידה,false,1,9.90,9.90,true,1,
7290002814610,false,סנט מוריץ מסיר שומנים מבושם שחור 1 ליטר,קומפלקס כימיקלים בעמ,IL,מסיר שומנים,ליטרים,1.00,ליטר,false,0,15.90,15.90,true,1,
7290002814825,false,סבון אסלה כדוריות שלישייה אוקיינוס כחול,"קומפלקס כימיקלים בע""",TR,כדוריות לאסלה3*,גרמים,150.00,100 גרם,false,1,10.00,6.67,true,1,
7290002814887,false,מטליות רצפה לניקוי ובישום סנטמוריץ,קומפלקס כימיקלים,CN,מטליות רצפה 10יח,יחידה,1.00,יחידה,false,1,10.00,10.00,true,1,
7290003026036,false,"ד""ר פישר - קמיל בלו סנסיטיב אל סבון עדין לתינוק 1 ליטר",פישר מעבדות פרמצבטיות בע,IL,אל סבון קמיל בלו,ליטרים,1.00,ליטר,false,0,31.90,31.90,true,1,
7290003026197,false,"קמיל בלו סנסטיב שמן טיפולי ד""ר פישר 500 מ""ל",פישר מעבדות פרמצבטיות בע,IL,שמן עדין לתינוק,מיליליטרים,500.00,"100 מ""ל",false,0,26.90,5.38,true,1,
7290003026227,false,"קמיל בלו שמפו לתינוק סנסיטיב אל דמע ד""ר פישר 1 ליטר",פישר מעבדות פרמצבטיות בע,IL,שמפו קמיל בלו,ליטרים,1.00,ליטר,false,0,31.90,31.90,true,1,
7290003047642,false,תה שחור יילו לייבל 100*1.5 ג' שקיק ליפטון,"יונילוור רוסייה בע""מ",RU,תה ילו לייבל,גרמים,150.00,100 גרם,false,0,18.40,12.27,true,1,
7290003227112,false,ביוטי פיט רול און 80 מל,חלאבין,IL,ביוטי פיט רול או,מיליליטרים,80.00,"100 מ""ל",false,0,26.90,33.63,true,1,
7290003320257,false,פצירות עץ ארוכות קייזר,מג'יק,IL,פצירות עץ קצרות,יחידה,1.00,יחידה,false,0,19.90,19.90,true,1,
7290003320769,false,פינצטה אל-חלד מכופפת קייזר,.D.M.M סוכנויות ומפיצים,DE,פינצטה אל חלד,יחידה,1.00,יחידה,false,0,59.90,59.90,true,1,
7290003320806,false,2 פצירות רכות שחורות קייזר,מג'יק,IL,2 פצירות רכות שח,יחידה,1.00,יחידה,false,0,19.90,19.90,true,1,
7290003387205,false,דאו' ספיד סטיק בסיסי ירוק רגיל לגבר 63ג',הנסיך- מפעל לייצור ט,US,דאודורנט סטיק,גרמים,56.00,100 גרם,false,0,17.90,31.96,true,1,
7290003401369,false,"קרם לחות לשיער חוחובה נטורל פורמולה 400 מ""ל",מיוצר עי אמיליה קוסמ,IL,קרם לחות לשיער,מיליליטרים,400.00,"100 מ""ל",false,0,18.90,4.73,true,1,
7290003401376,false,"קרם לחות ועיצוב לשיער אלוורה נטורל 400 מ""ל",מיוצר עי אמיליה קוסמ,IL,קרם לחות לשיער,מיליליטרים,400.00,"100 מ""ל",false,0,18.90,4.73,true,1,
7290003401420,false,"קרם לחות לשיער סיליקון כתום נטורל 400 מ""ל",מיוצר עי אמיליה קוסמ,IL,קרם לחות לשיער,מיליליטרים,400.00,"100 מ""ל",false,0,18.90,4.73,true,1,
7290003423909,false,חטיף קוקיס אנד קרים לבן 43 גרם,ליימן מותגים,US,חטיף שוקולד לבן,גרמים,43.00,100 גרם,false,0,5.90,13.72,true,1,
7290003444009,false,הרשי ריזס חטיף במילוי בוטנים 42 גרם,ליימן מותגים,US,חטיף שוקולד חלב,גרמים,42.00,100 גרם,false,0,4.90,11.67,true,1,
7290003521197,false,"ד""ר פישר - סרקל תרסיס מתיר קשרים 340 מ""ל",פישר מעבדות פרמצבטיות בע,IL,סרקל מתיר קשרים,מיליליטרים,340.00,"100 מ""ל",false,0,25.90,7.62,true,1,
7290004019129,false,פינצטה קייזר אל חלד יח',,CN,פינצטה קייזר אל,יחידה,1.00,יחידה,false,1,25.00,25.00,true,1,
7290004022297,false,LINER DIP איילנר שחור,גייד,DE,LINER DIP איילנר,יחידה,1.00,יחידה,false,0,62.90,62.90,true,1,
7290004078942,false,ליידי ספיד סטיק - דאודורנט ג'ל לאישה 65 גרם,קולגייט-פלמוליב,US,דאודורנט,גרמים,65.00,100 גרם,false,0,17.90,27.54,true,1,
7290004731083,false,"סבון נוזלי לידיים ג'נסינג ""כיף""",טרופיקל דגיל תעשיות,IL,אל סבון כיף,ליטרים,1.00,ליטר,false,0,12.90,12.90,true,1,
7290004731472,false,"שלישיית אלסבון צבעוני כיף 500 מ""ל",טרופיקל דגיל תעשיות,IL,אלסבון כיף 3 יח,ליטרים,1.50,ליטר,false,0,19.90,13.27,true,1,
7290005084355,false,סנסודין משחת שיניים דואל קר פלואוריד 75,גלקסו סמית קליין,GB,משחת שיניים,מיליליטרים,75.00,"100 מ""ל",false,0,18.90,25.20,true,1,
7290005124686,false,בליסטקס שפתון-תות,מדיליין פריגו,IL,בליסטיק סטיק,יחידה,1.00,יחידה,false,0,15.90,15.90,true,1,
7290005199738,false,גומי מאסט בטעם פפרמינט ריח פה נעים פליפטופ 28 ג' עלית,"שטראוס גרופ בע""מ",IL,מאסט מנטה מרעננת,גרמים,28.00,100 גרם,false,0,4.90,17.50,true,1,
7290005418709,false,"נטורל קרם לחות לקיבוע תלתלים גלי 400 מ""ל",מיוצר עי אמיליה קוסמ,IL,קרם לחות לתלתלים,מיליליטרים,400.00,"100 מ""ל",false,0,26.90,6.73,true,1,
7290005418716,false,"קרם לחות לבניית תלתלים עגולים נטורל פורמולה 400 מ""ל",מיוצר עי אמיליה קוסמ,IL,קרם לחות לשיער,מיליליטרים,400.00,"100 מ""ל",false,0,26.90,6.73,true,1,
7290005423567,false,מטליות ניקוי רב שימושיות בגליל סנו סושי 40 יחידות,אסותא תעשיות אלבד בע,IL,מטליות לניקוי,יחידה,1.00,יחידה,false,0,19.90,19.90,true,1,
7290005427619,false,"כיף גל לשיער לשיער קוצים 1ק""ג",גוד פוד פרודקטס S.p,IL,ג'ל כיף לשיער,קילוגרמים,1.00,"ק""ג",false,0,23.90,23.90,true,1,
7290005427770,false,"קרמה - קרם לחות לשיער לגבר 400 מ""ל",טרופיקל דגיל תעשיות,IL,קרמה לחות לשיער,מיליליטרים,400.00,"100 מ""ל",false,0,24.90,6.23,true,1,
7290005430602,false,"סנו אוקסיג'ן ספריי להסרת כתמים עם חמצן פעיל 750 מ""ל","סנו מפעלי ברונוס בע""",IL,אוקסיג'ן מ.כתמים,מיליליטרים,750.00,"100 מ""ל",false,0,16.90,2.25,true,1,
7290005680052,false,טמפונים סופר פלוס אובה 32 יחידות,גונסון אנד גונסון,GR,טמפוני או-בה,יחידה,1.00,יחידה,false,0,30.90,30.90,true,1,
7290006185501,false,"פנינה רוזנבלום -אל סבון נוזלי ורוד,1 ליטר",פנינה רוזנבלום,IL,סבון נוזלי ורוד,ליטרים,1.00,ליטר,false,0,8.90,8.90,true,1,
7290006401366,false,"סבון לשטיפה אינטימית ליגיניה פרוטקטיב 200 מ""ל",)פייזר (קונסיומר הלט קר,IT,ליגיניה סבון,מיליליטרים,200.00,"100 מ""ל",false,0,31.90,15.95,true,1,
7290006401373,false,ליגיניה סבון מרענן לשטיפה אינטימית,פייזר )קונסיומר הלט קר(,IT,ליגיניה אקטיב,מיליליטרים,200.00,"100 מ""ל",false,0,31.90,15.95,true,1,
7290006712981,false,"משחת שיניים קולגייט ספיידרמן מגיל שש 50 מ""ל",הנסיך- מפעל לייצור ט,PL,משחת שיניים,מיליליטרים,50.00,"100 מ""ל",false,0,12.90,25.80,true,1,
7290006784018,false,"מילוי מכשיר אוויר 250 מ""ל fashion blablabla סנט מוריץ",קומפלקס כימיקלים בעמ,TR,מטהר אוויר בלהבל,מיליליטרים,250.00,"100 מ""ל",false,1,14.90,5.96,true,1,
7290006784360,false,חלונית סנט מוריץ לניקוי חלונות 1 ליטר,"קומפלקס כימיקלים בע""",IL,מרסס חלונית,ליטרים,1.00,ליטר,false,0,6.90,6.90,true,1,
7290006784438,false,מרכך כביסה pure love לבן 1 ל' סנט מוריץ,קומפלקס כימיקלים בעמ,TR,LOVE PUREמרכך כב,ליטרים,1.00,ליטר,false,1,11.90,11.90,true,1,
7290006784773,false,"ספריי אוויר 250 מ""ל fashion 102 סנט מוריץ",קומפלקס כימיקלים בעמ,TR,מטהר אוויר סקסי,מיליליטרים,250.00,"100 מ""ל",false,1,14.90,5.96,true,1,
7290006788313,false,"קרליין - חלב פנים לעור יבש / עדין 260 מ""ל",קרליין,IL,חלב פנים,מיליליטרים,260.00,"100 מ""ל",false,0,39.90,15.35,true,1,
7290006788320,false,קרליין - מי פנים לעור יבש ללא אלכוהול,קרליין,IL,מי פנים לעור יבש,מיליליטרים,260.00,"100 מ""ל",false,0,39.90,15.35,true,1,
7290006788351,false,דאודורנט קרליין סטיק נושם אקווה,אמיליה קוסמטיקס,IL,דאודורנט קרליין,מיליליטרים,50.00,"100 מ""ל",false,0,18.90,37.80,true,1,
7290006788375,false,קרליין דאודורנט סטיק נושם ורוד,מיוצר עי : אמיליה קוסמטי,IL,דאודורנט קרליין,מיליליטרים,50.00,"100 מ""ל",false,0,18.90,37.80,true,1,
7290006788429,false,"קרליין - נושם סאן רייס דאודורנט רול און לאישה כתום 75 מ""ל","אמיליה קוסמטיקס בע""מ",IL,דאודורנט קרליין,מיליליטרים,75.00,"100 מ""ל",false,0,13.90,18.53,true,1,
7290006788436,false,"קרליין - נושם פיור דאודורנט רול און לאישה ורוד 75 מ""ל",משווק: קוסמופארם בעמ,IL,דאודורנט קרליין,מיליליטרים,75.00,"100 מ""ל",false,0,13.90,18.53,true,1,
7290006788443,false,"קרליין - נושם אוקסיג'ן דאודורנט רול און לאישה סגול 75 מ""ל","אמיליה קוסמטיקס בע""מ",IL,דאודורנט קרליין,מיליליטרים,75.00,"100 מ""ל",false,0,13.90,18.53,true,1,
7290006788467,false,"קרליין - נושם אקטיב דאודורנט ספריי לאישה בורדו 200 מ""ל",מיוצר עי : אמיליה קוסמטי,IL,דאודורנט קרליין,מיליליטרים,200.00,"100 מ""ל",false,0,13.90,6.95,true,1,
7290006788481,false,"קרליין - נושם סאן רייס דאודורנט ספריי לאישה כתום 200 מ""ל",מיוצר עי : אמיליה קוסמטי,IL,דאודורנט קרליין,מיליליטרים,200.00,"100 מ""ל",false,0,13.90,6.95,true,1,
7290006788504,false,"קרליין - נושם אוקסיג'ן דאודורנט ספריי לאישה סגול 200 מ""ל",מיוצר עי : אמיליה קוסמטי,IL,דאודורנט קרליין,מיליליטרים,200.00,"100 מ""ל",false,0,13.90,6.95,true,1,
7290006789617,false,"קרם לחות לתלתול טבעי לשיער גלי עד מתולתל 10 קרליין 400 מ""ל",מיוצר עי : אמיליה קוסמטי,IL,קרליין קרם לשיער,מיליליטרים,400.00,"100 מ""ל",false,0,20.90,5.23,true,1,
7290006789938,false,"קרליין - תמיסה לייבוש פצעים אויל פרי 15 מ""ל",קרליין,IL,תמיסת ייבוש נקוד,מיליליטרים,15.00,"100 מ""ל",false,0,54.90,366.00,true,1,
7290006992161,false,מטרנה - דייסת קורנפלור פרוביוטי 200 גרם,מולינו ניקולי s.p.a,IL,דייסת מטרנה,גרמים,200.00,100 גרם,false,0,14.50,7.25,true,1,
7290008084956,false,בייבי פסטה משחה לתינוק,בייבי פסטה,IL,בייבי פסטה,גרמים,120.00,100 גרם,false,0,17.90,14.92,true,1,
7290008116534,false,ליסטרין שטיפת פה קול מינט 250 מל,ג'\ונסון אנד ג'\ונסון,IT,מי פה ליסטרין,מיליליטרים,250.00,"100 מ""ל",false,0,10.00,4.00,true,1,
7290008116565,false,ליסטרין שטיפת פה פרש 500 מל,ג'\ונסון אנד ג'\ונסון,IT,מי פה ליסטרין,מיליליטרים,500.00,"100 מ""ל",false,0,34.90,6.98,true,1,
7290008116886,false,בלנאום שמן רחצה טיפולי לתינוקות וילדים 5,ניאופארם,DE,בלנאום בייבי פור,מיליליטרים,500.00,"100 מ""ל",false,0,98.90,19.78,true,1,
7290008264013,false,פינצטה מכופפת,סולינגן,IL,פינצטה מכופפת,יחידה,1.00,יחידה,false,0,39.90,39.90,true,1,
7290008264075,false,פינצטה מכופפת,סולינגן,IL,פינצטה מכופפת,יחידה,1.00,יחידה,false,0,39.90,39.90,true,1,
7290008264112,false,פינצטה מכופפת ישר,סולינגן,IL,פינצטה מכופפת יש,יחידה,1.00,יחידה,false,0,84.90,84.90,true,1,
7290008264310,false,צבתית 10 ס'מ להב,סולינגן,IL,צבתית 10 ס'מ להב,יחידה,1.00,יחידה,false,0,124.00,124.00,true,1,
7290008264495,false,מיספרים לציפורניים,סולינגן,IL,מיספרים לציפורני,יחידה,1.00,יחידה,false,0,45.00,45.00,true,1,
7290008318990,false,"מידנייט קרם ידיים 100 מ""ל",חלאבין,IL,קרם ידיים,מיליליטרים,100.00,"100 מ""ל",false,0,12.90,12.90,true,1,
7290008444231,false,"קרליין - קרם ג'ל לחות יאנג 50 מ""ל",קרליין,IL,YOUNG ג'ל לחות,מיליליטרים,50.00,"100 מ""ל",false,0,59.90,119.80,true,1,
7290008444668,false,לק גוון 302,קרליין,,לק,יחידה,1.00,יחידה,false,0,14.90,14.90,true,1,
7290008444750,false,לק גוון 311,קרליין,,לק גוון 311,יחידה,1.00,יחידה,false,0,14.90,14.90,true,1,
7290008464505,false,סן בנדטו - מים מנרליים 500 מל,אקווה מינרלה סאן בנדטו ב,IT,סאן בנדטו רגיל 0,מיליליטרים,500.00,"100 מ""ל",false,0,5.00,1.00,true,1,
7290008464611,false,"הסודה של טמפו, מי סודה בגיזוז חזק, 275 מל",טמפו משקאות בעמ,IL,הסודה של טמפו,מיליליטרים,275.00,"100 מ""ל",false,1,3.90,1.42,true,1,
7290008745239,false,תפוצ'יפס קראנצ' בטעם טבעי עלית 50 גרם,"שטראוס פריטו ליי בע""\מ )",IL,תפוצ'יפס קראנצ',גרמים,50.00,100 גרם,false,0,4.90,9.80,true,1,
7290008747547,false,תפוצ'יפס קראנץ' בטעם טבעי עלית 200 גרם,"שטראוס פריטו ליי בע""\מ )",IL,תפוצ'יפס קראנצ',גרמים,200.00,100 גרם,false,0,12.90,6.45,true,1,
7290008750264,false,"מסטיק מאסט ציקלס דובדבן 28 גרם לל""ס מגדים","שטראוס גרופ בע""מ",IL,מסטיק מאסט,גרמים,28.00,100 גרם,false,0,4.90,17.50,true,1,
7290008754415,false,גומי מאסט בטעם ספירמינט עדין פליפטופ 28 ג' עלית,"שטראוס גרופ בע""מ",IL,מסטיק מאסט LL,גרמים,28.00,100 גרם,false,0,4.90,17.50,true,1,
7290008754422,false,גומי מאסט בטעם פפרמינט קלאסי פליפטופ 28 ג' עלית,"שטראוס גרופ בע""מ",IL,מסטיק LL MUST,גרמים,28.00,100 גרם,false,0,4.90,17.50,true,1,
7290008893329,false,עפרון עינים הי פרסיז'ן02,גייד,IT,עפרון עינים הי פ,יחידה,1.00,יחידה,false,0,39.00,39.00,true,1,
7290008894050,false,מייק אפ קומפקט 02,גייד,IT,מייק אפ קומפקט02,יחידה,1.00,יחידה,false,0,103.90,103.90,true,1,
7290008894098,false,מייק אפ קומפקט 04,גייד,IT,מייק אפ קומפקט04,יחידה,1.00,יחידה,false,0,103.90,103.90,true,1,
7290010065295,false,פרינוק - מחית תפוחי עץ ובננה 130 גרם,פרינוק,CZ,פרינוק מחית,גרמים,130.00,100 גרם,false,0,4.70,3.62,true,1,
7290010065332,false,מחית תפוח עץ בננה ג'וניור פרינוק 190 גרם,פרוטה פודווין איי.אס,CZ,פריניוק ג'וניור,גרמים,190.00,100 גרם,false,0,6.50,3.42,true,1,
7290010065349,false,מחית סלט פירות ג'וניור פרינוק 190 גרם,פרוטה פודווין איי.אס,CZ,פריניק ג'וניור,גרמים,190.00,100 גרם,false,0,6.50,3.42,true,1,
7290010117864,false,דוריטוס חטיף תירס בטעם חריף אש עלית 70 גרם,"שטראוס פריטו ליי בע""\מ )",IL,דוריטוס חריף,גרמים,70.00,100 גרם,false,0,4.90,7.00,true,1,
7290010182237,false,לאב ליין דאו.רול און כתום,חלאבין,,דאו.רול און לאבל,מיליליטרים,80.00,"100 מ""ל",false,0,22.90,28.63,true,1,
7290010182985,false,חלאבלין דאודורנט סטיק 72 שעות כחול,חלאבין,IL,דאו.סטיק 50 מל,מיליליטרים,50.00,"100 מ""ל",false,0,21.90,43.80,true,1,
7290010182992,false,חלאבלין דאודורנט סטיק 72 שעות אדום,חלאבין,IL,דאו.סטיק 50 מל,מיליליטרים,50.00,"100 מ""ל",false,0,21.90,43.80,true,1,
7290010237531,false,"פפסי קולה פלסטיק 500 מ""ל","טמפו משקאות בע""ם.",IL,פפסי בקבוק,מיליליטרים,500.00,"100 מ""ל",false,0,5.90,1.18,true,1,
7290010237548,false,"פפסי מקס דל קלוריות 500 מ""ל בקבוק",טמפו משקאות בעמ,IL,פפסי מקס,מיליליטרים,500.00,"100 מ""ל",false,0,5.90,1.18,true,1,
7290010237562,false,משקה פפסי מרינדה קוו,"טמפו משקאות בע""מ",IL,מירינדה,מיליליטרים,500.00,"100 מ""ל",false,0,5.90,1.18,true,1,
7290010237579,false,משקה סבן אפ קוול 500,"טמפו משקאות בע""מ",IL,סבנ אפ,מיליליטרים,500.00,"100 מ""ל",false,0,5.90,1.18,true,1,
7290010237586,false,"סבן אפ דיאט בקבוק 500 מ""ל","טמפו משקאות בע""מ",IL,סבנ אפ דיאט,מיליליטרים,500.00,"100 מ""ל",false,0,5.90,1.18,true,1,
7290010380725,false,"קרליין - מייק אפ קאר & גלואו 111 30 מ""ל",קרליין,IL,מ.אפ קומפורט גלו,מיליליטרים,30.00,"100 מ""ל",false,0,89.90,299.67,true,1,
7290010380756,false,"קרליין - מייק אפ קאר & גלואו 114 30 מ""ל",קרליין,IL,Care&Glow 114,מיליליטרים,30.00,"100 מ""ל",false,0,89.90,299.67,true,1,
7290010381302,false,קרליין - עפרון עיניים עם חידוד 100,קרליין,DE,עפרון עיניים,יחידה,1.00,יחידה,false,0,29.90,29.90,true,1,
7290010381449,false,קרליין - עפרון שפתיים עם חידוד 154,קרליין,DE,עפרון שפתיים,יחידה,1.00,יחידה,false,0,29.90,29.90,true,1,
7290010381500,false,קרליין - עפרון עיניים ללא חידוד 200,קרליין,DE,עפרון עיניים,יחידה,1.00,יחידה,false,0,29.90,29.90,true,1,
7290010381555,false,קרליין - עפרון עיניים ללא חידוד 205,קרליין,DE,עפרון עיניים,יחידה,1.00,יחידה,false,0,29.90,29.90,true,1,
7290010381630,false,קרליין - עפרון עיניים ללא חידוד 240,קרליין,DE,עפרון שפתיים,יחידה,1.00,יחידה,false,0,29.90,29.90,true,1,
7290010382064,false,קרליין - שפתון ספארקס 906,קרליין,IL,שפתון גלוס עם בר,יחידה,1.00,יחידה,false,0,59.90,59.90,true,1,
7290010382842,false,"קרם נטורל פורמולה קרם לחות קלילה לשיער רגיל, 400 מ""ל קלילה רגיל",מיוצר עי : אמיליה קוסמטי,IL,קרם לחות לשיער,מיליליטרים,400.00,"100 מ""ל",false,0,26.90,6.73,true,1,
7290010382903,false,לק גוון 365,קרליין,IL,לק גוון 365,יחידה,1.00,יחידה,false,0,14.90,14.90,true,1,
7290010822010,false,"ג'אמפ תפוז 500 מ""ל","טמפו משקאות בע""מ",IL,ג'אמפ תפוז 500,מיליליטרים,500.00,"100 מ""ל",false,0,5.90,1.18,true,1,
7290010822034,false,"ג'אמפ ענבים 500 מ""ל","טמפו משקאות בע""מ",IL,ג'אמפ ענבים 500,מיליליטרים,500.00,"100 מ""ל",false,0,5.90,1.18,true,1,
7290010883059,false,אורביטול מברשת שיניים בוב ספוג חשמלית,ELECTRIC S.S.,CN,מברשת שיניים,יחידה,1.00,יחידה,false,0,38.90,38.90,true,1,
7290011026066,false,"ד""ר פישר - סרקל שמפו + מרכך לילדים 1 ליטר",פישר מעבדות פרמצבטיות בע,IL,סרקל 2 ב1-,ליטרים,1.00,ליטר,false,0,23.90,23.90,true,1,
7290011026301,false,"ד""ר פישר - שמפו לשיער כסוף 400 מ""ל",פישר מעבדות פרמצבטיות,IL,שמפו לשיער כסוף,מיליליטרים,400.00,"100 מ""ל",false,1,28.90,7.23,true,1,
7290011026523,false,שמפו לתינוק לפני השינה Senstive עם לבנדר וקמומיל,פישר מעבדות פרמצבטיות בע,IL,אל דמע קמיל,מיליליטרים,500.00,"100 מ""ל",false,0,19.90,3.98,true,1,
7290011116385,false,פודרה למראה אחיד 00,קרליין,IT,פודרה למראה אחיד,יחידה,1.00,יחידה,false,0,59.90,59.90,true,1,
7290011116415,false,קרליין - פודרה פיקס אנד גו 03,קרליין,IT,פודרה 03,יחידה,1.00,יחידה,false,0,59.90,59.90,true,1,
7290011116446,false,אבקת פודרה נטורל 10,קרליין,IT,אבקת פודרה נטורל,יחידה,1.00,יחידה,false,0,60.90,60.90,true,1,
7290011332983,false,מגבונים לניקוי אף מגבונאף קמיל בלו- מארז שלישייה,פישר מעבדות פרמצבטיות בע,IL,מגבונאף קמיל בלו,יחידה,1.00,יחידה,false,0,23.90,23.90,true,1,
7290011522605,false,"גלייז מעצב שיער לתלתלים 400 מ""ל",ג'נרל מילס סאן אדריא,IL,קרם לשיער סטייל,מיליליטרים,400.00,"100 מ""ל",false,0,30.90,7.73,true,1,
7290011525712,false,"קמיל בלו אל סבון סנסיטיב לפני השינה ד""ר פישר 1 ליטר",פישר מעבדות פרמצבטיות בע,IL,אלסבון קמיל,ליטרים,1.00,ליטר,false,0,31.90,31.90,true,1,
7290011598211,false,"סנו - אנטי קאלק מרסס ניקוי כללי 4 ב-1 700 מ""ל",מיוצר עי קונדיטוריית,IL,סנו אנטי קאלק,מיליליטרים,700.00,"100 מ""ל",false,0,16.90,2.41,true,1,
7290011618124,false,חטיף אורז אפוי לתינוקות בטעם ירקות +6,גואנז'ו יונג וואנט פ,CN,בייבי ביס,גרמים,50.00,100 גרם,false,0,14.90,29.80,true,1,
7290011622428,false,כתמטמינים-חטיף בריאות לתינוקות וילדים 45 ג',מיוצר עבור גולדן האר,IL,חטיף בריאות,גרמים,45.00,100 גרם,false,0,7.50,16.67,true,1,
7290011622442,false,טבעונים - חטיף טבעות דגנים מלאים בטעם טבעי 45 גרם,הארט Heart,IL,חטיף בריאות,גרמים,45.00,100 גרם,false,0,7.50,16.67,true,1,
7290011622770,false,אצבעונים - פלוס בטעם וניל 130 גרם,מצות אביב בעמ,IL,אצבעונים בטעם ונ,גרמים,130.00,100 גרם,false,1,23.90,18.38,true,1,
7290011714871,false,בליסטקס סטיק פטל לימון,מדיליין פריגו,IL,בליסטיק רפיל תות,יחידה,1.00,יחידה,false,0,15.90,15.90,true,1,
7290011714895,false,בליסטקס מד-פלוס משחה טיפולית לשפתיים,מדיליין פריגו,US,בליסטיקס מד פלוס,יחידה,1.00,יחידה,false,1,29.90,29.90,true,1,
7290011743833,false,"סנסודיין משחת שיניים פרונאמל 75 מ""ל",גלקסו סמית קליין,GB,משחת שיניים,מיליליטרים,75.00,"100 מ""ל",false,0,20.00,26.67,true,1,
7290011745707,false,משחת שיניים פרונמל Pro namel לילדים לגילאי 6-12,גלקסו סמית קליין,SK,משחת שיניים,מיליליטרים,50.00,"100 מ""ל",false,0,16.90,33.80,true,1,
7290011765095,false,קרמה מן גל גילוח אלוורה ירוק 200 מל,טרופיקל דגיל תעשיות,TR,ג'ל גילוח קרמה,מיליליטרים,200.00,"100 מ""ל",false,0,16.90,8.45,true,1,
7290011765118,false,קצף גילוח קרמה מן דליקט 200 מל,"אביאפ, איסטנבול, תור",TR,קצף גילוח עדין,מיליליטרים,200.00,"100 מ""ל",false,0,11.90,5.95,true,1,
7290011765316,false,מברשת שיניים לילדים עם שעון 4-8 אורביטול,החברה הדרומית,CN,מברשת שיניים,יחידה,1.00,יחידה,false,0,10.90,10.90,true,1,
7290011765446,false,משחת שיניים לילדים בוב ספוג בטעם מיץ ענבים עם פלואוריד למניעת עששת,טרופיקל דגיל תעשיות קוסמ,IL,משחת שיניים,גרמים,70.00,100 גרם,false,0,11.90,17.00,true,1,
7290011870232,false,שלט מארז 8 סוללה פוג,פוג'יקום,CN,סוללות פוג'יקום,יחידה,1.00,יחידה,false,0,16.90,16.90,true,1,
7290011870263,false,סוללה אצבע מארז 8 פו,פוג'יקום,CN,סוללות פוג'יקום,יחידה,1.00,יחידה,false,0,16.90,16.90,true,1,
7290011870720,false,סוללה פוגיקום גדול D,פוג'יקום,CN,סוללת פוגי',יחידה,1.00,יחידה,false,0,19.90,19.90,true,1,
7290011870737,false,סוללה פוגיקום בינוני,פוג'יקום,CN,סוללת פוג'י,יחידה,1.00,יחידה,false,0,19.90,19.90,true,1,
7290011870744,false,סוללה מרובע פוגיקום,פוג'יקום,CN,סוללת פוג'י,יחידה,1.00,יחידה,false,0,19.90,19.90,true,1,
7290011877927,false,"מי פה טריפל בטעם מנטה מתמשך אורביטול 500 מ""ל",קוסמופארם בע'\'\מ,IL,מי פה אורביטול,מיליליטרים,500.00,"100 מ""ל",false,0,20.90,4.18,true,1,
7290011912642,false,ליסטרין שטיפת פה הגנה על השיניים והחניכי,ג'\ונסון אנד ג'\ונסון,IT,מי פה ליסטרין,מיליליטרים,500.00,"100 מ""ל",false,0,34.90,6.98,true,1,
7290012116360,false,פוליויקס נוזל לניקוי רצפות גרניט פורצלן סנו 2 ליטר,"מפעלי סנו ברונוס בע""",IL,סנו פוליויקס,ליטרים,2.00,ליטר,false,0,21.90,10.95,true,1,
7290012117398,false,קרמה מן גל לאחר גילוח לעור עדין 150 מל,החברה הדרומית,IL,קרמה ג'ל גילוח,מיליליטרים,150.00,"100 מ""ל",false,0,29.90,19.93,true,1,
7290012117411,false,"שמפו וג'ל רחצה רויבוס 700 מ""ל ""קרמה""",קוסמופארם בע'\'\מ,IL,קרמה ג'ל רחצה,מיליליטרים,700.00,"100 מ""ל",false,0,22.90,3.27,true,1,
7290012117428,false,"ג'ל רחצה ושמפו מעיינות מנטה קרמה מן 700 מ""ל",טרופיקל דגיל תעשיות,IL,קרמה ג'ל רחצה,מיליליטרים,700.00,"100 מ""ל",false,0,22.90,3.27,true,1,
7290012117534,false,מרכך כביסה מרוכז תכלת קול סנו מקסימה 1 ליטר,"סנו מפעלי ברונוס בע""\מ",IL,מקסימה ס.מרוכז,ליטרים,1.00,ליטר,false,0,17.90,17.90,true,1,
7290012117558,false,מקסימה מרכך כביסה מרוכז ורוד בניחוח מאסק סנו 1 ליטר,"סנו מפעלי ברונוס בע""\מ",IL,מקסימה ס.מרוכז,ליטרים,1.00,ליטר,false,0,17.90,17.90,true,1,
7290012117626,false,שטיפת פה דנטלית לילדים בטעם ענבים בוב ספוג,קוסמופארם בע'\'\מ,IL,אורביטול מי פה,מיליליטרים,250.00,"100 מ""ל",false,0,16.90,6.76,true,1,
7290012193071,false,גורדן קסמי שיניים דקים מארז זוג,ג'ורדן,IL,ג'ורדן מארז זוג,יחידה,1.00,יחידה,false,0,28.90,28.90,true,1,
7290012350245,false,"קרליין - קרם יום משקם רויואל 50 מ""ל",קרליין,IL,רויול קרם יום,מיליליטרים,50.00,"100 מ""ל",false,0,140.00,280.00,true,1,
7290012350276,false,"קרליין - סרום רויואל 30 מ""ל",קרליין,IL,REVIVAL סרום,מיליליטרים,30.00,"100 מ""ל",false,0,140.00,466.67,true,1,
7290012350634,false,קרליין - עפרון שפתיים עם חידוד 160,קרליין,DE,עפרון שפתיים,יחידה,1.00,יחידה,false,0,29.90,29.90,true,1,
7290012352034,false,"נטורל - קרם לחות עם שמן אגוז מקדמיה לשיער מתולתל 400 מ""ל",נטורל פורמולה Natural Formula,IL,קרם לחות נטורל,מיליליטרים,400.00,"100 מ""ל",false,0,26.90,6.73,true,1,
7290012367717,false,קרם ידיים וציפורניים Intensive relief לעור יבש ומגורה,פישר מעבדות פרמצבטיות בע,IL,קרם ידיים,מיליליטרים,150.00,"100 מ""ל",false,0,17.90,11.93,true,1,
7290012367908,false,שמן טיפולי לתינוק בתוספת אלוורה Kamil Blue Sensitive,פישר מעבדות פרמצבטיות בע,IL,קמיל בלו שמן,מיליליטרים,200.00,"100 מ""ל",false,1,16.90,8.45,true,1,
7290012491078,false,"סבון קלנדולה לתינוק 400 מ""ל Mommy Care",מאמי קר Mommy Care,IL,סבון קלנדולה,מיליליטרים,400.00,"100 מ""ל",false,0,35.90,8.98,true,1,
7290012491368,false,מגבונים אקולוגיים 72 יח,מאמי קר,IL,מגבונים מאמי קר,יחידה,1.00,יחידה,false,0,12.90,12.90,true,1,
7290012491405,false,"סבון טבעי לניקוי בקבוקים, מוצצים ומשאבות חלב",מאמי קר Mommy Care,IL,סבון ניקוי בקבוק,מיליליטרים,230.00,"100 מ""ל",false,0,26.90,11.70,true,1,
7290012491771,false,שמן אמבט קלנדולה 200 מ`ל,לה קרים,IL,שמן אמבט לתינוק,מיליליטרים,200.00,"100 מ""ל",false,0,49.90,24.95,true,1,
7290012771095,false,L.L רולאון 48 שעות ללא ריח 80 מל,חלאבין,IL,חלאבלין רול און,מיליליטרים,80.00,"100 מ""ל",false,0,22.90,28.63,true,1,
7290012823237,false,"תחליב רחצה קרמה בריזת ים 700 מ""ל",החברה הדרומית,IL,קרמה תחליב רחצה,מיליליטרים,700.00,"100 מ""ל",false,0,18.90,2.70,true,1,
7290012823381,false,מקסימה מרכך כביסה מרוכז סנסטיב בייבי סנו 1 ליטר,"סנו מפעלי ברונוס בע""\מ",IL,מרכך כביסה,ליטרים,1.00,ליטר,false,0,17.90,17.90,true,1,
7290012823398,false,מטליות חד פעמיות לניקוי הרצפה בניחוח מרכך כביסה 10יח' סנו,סנו מפעלי ברונו בעמ,IL,מטליות ריצפז,יחידה,1.00,יחידה,false,1,14.90,14.90,true,1,
7290012854392,false,בליסטקס תות-בליסטר חדש,מדיליין פריגו,US,בליסטקס תות בליס,יחידה,1.00,יחידה,false,0,15.90,15.90,true,1,
7290012854408,false,בליסטקס מנטה -בליסטר חדש,מדיליין פריגו,US,בליסטקס בטעם מנט,יחידה,1.00,יחידה,false,0,15.90,15.90,true,1,
7290012854675,false,בליסטקס משחה טיפולית לשפתיים נוסחה חדשה,מדיליין פריגו,US,בליסטיקס משחה,יחידה,1.00,יחידה,false,1,29.90,29.90,true,1,
7290012854835,false,בליסטקס לחות לטיפוח יומי תפזורת,מדיליין פריגו,US,בליסטיקס משחה,יחידה,1.00,יחידה,false,1,29.90,29.90,true,1,
7290012938580,false,"סנסודיין משחת שיניים להלבנה עדינה 75 מ""ל",גלקסוסמית'\קליין קונסיומ,GB,משחת סנסודיין,מיליליטרים,75.00,"100 מ""ל",false,0,18.90,25.20,true,1,
7290012938597,false,"סנסודיין משחת שיניים רפיד רליף 75 מ""ל","סמיתקליין ביצ'ם בע""מ",GB,משחת סנסודיין,מיליליטרים,75.00,"100 מ""ל",false,0,20.00,26.67,true,1,
7290012938740,false,"משחת שיניים פרש מינט מנטה 75מ""ל סנסודיין",גלקסו סמית קליין,GB,משחת סנסודיין,מיליליטרים,75.00,"100 מ""ל",false,0,18.90,25.20,true,1,
7290012938924,false,אקוהפרש מי פה ללא אלכוהול 500 מל,מולינו ניקולי s.p.a,GB,מי פה אקווה פרש,מיליליטרים,500.00,"100 מ""ל",false,0,15.00,3.00,true,1,
7290013083661,false,"מטרנה אקסטרה קר שלב 1 חסכון 700 גרם תמ""ל",מטרנה תעשיות ש.מ,IL,מטרנה אקסטרה קר,גרמים,700.00,100 גרם,false,0,59.90,8.56,true,1,
7290013083678,false,"מטרנה אקסטרה קר שלב 2 חסכון 700 גרם תמ""ל",מולינו ניקולי s.p.a,IL,מטרנה אקסטרה קר,גרמים,700.00,100 גרם,false,0,59.90,8.56,true,1,
7290013133816,false,לובלו לגבר בודד,לבלו,IL,לבלו לגבר,יחידה,1.00,יחידה,false,0,14.90,14.90,true,1,
7290013268020,false,מקסימה מרכך כביסה מרוכז בניחוח אולטרא פרש סנו 1 ליטר,"סנו מפעלי ברונוס בע""\מ",IL,מרכך כביסה,ליטרים,1.00,ליטר,false,0,17.90,17.90,true,1,
7290013268440,false,אורביטול צמד מברשות שיניים בובספוג+פיגור,החברה הדרומית,CN,מברשת שיניים,יחידה,1.00,יחידה,false,1,19.90,19.90,true,1,
7290013268983,false,מרכך כביסה סופר מרוכז בבישום עוצמתי סנו מקסימה 1 ל',"סנו מפעלי ברונוס בע""\מ",IL,מרכך מרוכז ג'וי,ליטרים,1.00,ליטר,false,1,17.90,17.90,true,1,
7290013269287,false,סנו - מקסימה ג'ל כביסה מרוכז מאסק 3 ליטר,"סנו מפעלי ברונוס בע""\מ",IL,ג'ל כביסה מרוכז,ליטרים,3.00,ליטר,false,0,29.90,9.97,true,1,
7290013269638,false,ספוג הפלא אקסטרה Extra- מארז 6 יח',החברה הדרומית,IL,ספוג הפלא אקסטרה,יחידה,1.00,יחידה,false,0,13.90,13.90,true,1,
7290013269645,false,ריצפז פרש מטליות לחות לריצפה בניחוח מאסק 10 יחידות,סנו מפעלי ברונוס בעמ,IL,מטליות ריצפז,יחידה,1.00,יחידה,false,0,14.90,14.90,true,1,
7290013269751,false,מטליות לחותריצפז פרש לניקוי ריצפה בניחות מלון בוטיק 10 יח' סנו,טרופיקל דגיל תעשיות,IL,מטליות ריצפז,יחידה,1.00,יחידה,false,1,14.90,14.90,true,1,
7290013275202,false,מברשת קלאסית לשיער דק,מישל מרסייה,IL,מברשת להתרת קשרי,יחידה,1.00,יחידה,false,1,49.00,49.00,true,1,
7290013310323,false,נובי קליפס עם מחזיק וסרט,LTD E.L.CO,CN,נובי קליפס,יחידה,1.00,יחידה,false,1,27.90,27.90,true,1,
7290013412324,false,טפטפים 30 מגבונים לאף,כצט,,טפטפים מגבונים,יחידה,1.00,יחידה,false,0,12.90,12.90,true,1,
7290013473097,false,"ג'ל ברזל 500 מ""ל",מיסטר בונד,IL,ג'ל ברזל,מיליליטרים,500.00,"100 מ""ל",false,1,23.90,4.78,true,1,
7290013539519,false,"מסכת הזנה ארגן מרוקאי סטייל 500 מ""ל",א.ל ארמן,IL,מסכת שיער סטייל,מיליליטרים,500.00,"100 מ""ל",false,0,28.90,5.78,true,1,
7290013652164,false,"ד""ר פישר - נטורל קר מגבונים להסרת איפור לעור רגיש 30 יח' * 3",פישר מעבדות פרמצבטיות בע,IL,GENESIS מגבונים,יחידה,1.00,יחידה,false,0,19.90,19.90,true,1,
7290013652812,false,"נטורל קר קרם ידיים רגיל/יבש 150 מ""ל",פישר מעבדות פרמצבטיות בע,IL,קרם ידיים נטורל,מיליליטרים,150.00,"100 מ""ל",false,0,14.90,9.93,true,1,
7290013652829,false,קרם ידיים לעור יבש במיוחד Natural care,פישר מעבדות פרמצבטיות בע,IL,קרם ידיים נטורל,מיליליטרים,150.00,"100 מ""ל",false,0,14.90,9.93,true,1,
7290013848345,false,מארז מטליות לחיטוי וניקוי יסודי אנטיבקטריאלי 99.9%,סנו מפעלי ברונוס בעמ,IL,מטליות ניקוי 3יח,יחידה,1.00,יחידה,false,1,19.90,19.90,true,1,
7290013848420,false,דאודורנט גל קרמה מן אנטיפרספירנט 70 מל,גוד פוד פרודקטס S.p,IL,דאו.ג'ל ספורט,מיליליטרים,70.00,"100 מ""ל",false,0,19.90,28.43,true,1,
7290013848758,false,מקסימה גל כביסה מרוכז בייבי 3ליטר סנסטיב,"סנו מפעלי ברונוס בע""\מ",IL,ג'ל לכביסה בייבי,ליטרים,3.00,ליטר,false,0,34.90,11.63,true,1,
7290013863591,false,חלאבילין סטיק דאודורנט 60 מל,חלאבין,IL,דאו' סטיק חלאבין,מיליליטרים,60.00,"100 מ""ל",false,1,19.90,33.17,true,1,
7290013971555,false,סוללות פוג'יקום 4AAA+8AA,פוג'יקום,CN,סוללות פוג'יקום,יחידה,1.00,יחידה,false,0,23.90,23.90,true,1,
7290014059085,false,"משחת שיניים סנסודיין 75 מ""ל פרימיום לשיקום והגנה","סמית קליין ביצ'ם בע""",GB,משחת סנסודיין,מיליליטרים,75.00,"100 מ""ל",false,0,20.00,26.67,true,1,
7290014059436,false,"משחת שיניים סנסודיין 75 מ""ל פרימיום לשיקום והגנה מלבינה 75 מ""ל","סמית קליין ביצ'ם בע""",GB,משחת סנסודיין,מיליליטרים,75.00,"100 מ""ל",false,0,20.00,26.67,true,1,
7290014204560,false,"פנינהרוזנבלום- סבון נוזלי לידיים שלישיה,3*500 מ""ל",פ.רוזנבלום כללי,IL,פנינה-סבון 500,ליטרים,1.50,ליטר,false,0,12.90,8.60,true,1,
7290014258716,false,תרכובת מזון צמחי על בסיס חלבון סויה מגיל לידה,מטרנה תעשיות ש.מ,IL,מטרנה צמחי,גרמים,700.00,100 גרם,false,0,47.90,6.84,true,1,
7290014258723,false,תרכובת מזון צמחי לתינוקות מגיל 0 עד גיל שנה,מטרנה תעשיות ש.מ,IL,מטרנה צמחית,גרמים,700.00,100 גרם,false,0,64.90,9.27,true,1,
7290014397514,false,"מבשם אויר סנו פרש הום בניחוח כותנה מלטפת 350 מ""ל","סנו מפעלי ברונוס בע""",IL,סנופרש כותנה,מיליליטרים,350.00,"100 מ""ל",false,0,12.90,3.69,true,1,
7290014424029,false,פראנס ביוטי שעווה למיקרוגל פנים ורוד70גר,נורוליס,IT,השעווה למיקרוגל,גרמים,70.00,100 גרם,false,1,24.90,35.57,true,1,
7290014424098,false,פראנס ביוטי שעווה ברולר-ורוד,נורוליס,IT,שעווה ברולר,מיליליטרים,100.00,"100 מ""ל",false,1,14.90,14.90,true,1,
7290014426061,false,משחת שיניים הלו קיטי בטעם ענבים לגיל 2-6,כצט נוביס,IL,משחת שיניים,מיליליטרים,50.00,"100 מ""ל",false,0,11.90,23.80,true,1,
7290014525290,false,חטיפי סלים דליס קריספי תות מרבה 125 גרם,סלים דליס Slim Delis,NL,סלים דליס חטיפים,גרמים,125.00,100 גרם,false,1,15.90,12.72,true,1,
7290014547353,false,סנסודין זוג מברשות שיניים דואלקר ירוק+יר,"L Co., Industrial Shummi",CN,2 מברשו סנסודיין,יחידה,1.00,יחידה,false,1,20.00,20.00,true,1,
7290014648937,false,PHARMA DENTקיסמי שיניים משולבים בחוט דנטלי בטעם מנטה עדין 36יח',,IL,קיסמי שיניים משו,יחידה,1.00,יחידה,false,1,10.90,10.90,true,1,
7290014800953,false,אמול נטורל שמן רחצה 200מ,פישר מעבדות פרמצבטיות בע,IL,אמול שמן רחצה,מיליליטרים,200.00,"100 מ""ל",false,0,54.90,27.45,true,1,
7290014855434,false,מגבונים בייביסיטר פרפורמנס מבושם רביעיה,בייביסיטר Babysitter,IL,מגבונים לחים 4יח,יחידה,1.00,יחידה,false,1,18.90,18.90,true,1,
7290014901254,false,"מרכך קרטין לאחר החלקה ועיצוב בחום סטייל 750 מ""ל",א.ל ארמן ייצור תמרוק,IL,מרכך קרטין,מיליליטרים,750.00,"100 מ""ל",false,0,29.90,3.99,true,1,
7290014901261,false,"מסכה קרטין לאחר החלקה ועיצוב בחום סטייל 500 מ""ל",א.ל ארמן ייצור תמרוק,IL,מסכת קרטין,מיליליטרים,500.00,"100 מ""ל",false,0,34.90,6.98,true,1,
7290014901896,false,"מי פה סנסודיין מנטה מרענן 500 מ""ל",גלקסוסמיתקליין,GB,סנסודיין מי פה,מיליליטרים,500.00,"100 מ""ל",false,1,27.90,5.58,true,1,
7290014962521,false,"טפטפים משחת שיניים לילדים מגיל 2-6 50 מ""ל",כצט CTS,IL,משחת שיניים,מיליליטרים,50.00,"100 מ""ל",false,0,11.90,23.80,true,1,
7290014989689,false,בליסטקס ליפ בריליאנס,מדיליין פריגו,US,בליסטקס ליפ בריל,יחידה,1.00,יחידה,false,0,15.90,15.90,true,1,
7290015155823,false,מחית תפוחי עץ חטיפטף ללא תוספת סוכר,פרוטה פודיווין איי.א,CZ,חטיפטף פרינוק,גרמים,120.00,100 גרם,false,1,5.50,4.58,true,1,
7290015155847,false,מחית סלט פירות חטיפטף ללא תוספת סוכר,פרוטה פודיווין איי.א,CZ,חטיפטף פרינוק,גרמים,120.00,100 גרם,false,1,5.50,4.58,true,1,
7290015156769,false,מחית פרינוק פאוץ' תפוח ואוכמניות 120 גרם,פרוטה פודווין איי.אס,CZ,פאוץ' פרינוק תפו,גרמים,120.00,100 גרם,false,1,5.50,4.58,true,1,
7290015176392,false,מברשת שיניים חשמלית פוג'יקום לילד ורוד,פוג'יקום,CN,מברשת שיניים,יחידה,1.00,יחידה,false,1,43.90,43.90,true,1,
7290015176446,false,אוזניות סטריאו עם מיקרופ,פוג'יקום,CN,אוזניות עם מקרופ,יחידה,1.00,יחידה,false,1,32.90,32.90,true,1,
7290015176491,false,כבל מקצועי לאייפון יח',פוג'יקום,CN,כבל מקצועי לאיפו,יחידה,1.00,יחידה,false,1,54.90,54.90,true,1,
7290015293624,false,קמיל בלו NATURE אל סבון ושמפו לתינוק 400,פישר מעבדות פרמצבטיות בע,IL,אל סבון ושמפו,מיליליטרים,400.00,"100 מ""ל",false,1,34.90,8.73,true,1,
7290015366663,false,"משחת שיניים מנטה עדין אקווה פרש 100 מ""ל",גלקסוסמיתקליין,SK,משחה אקווה פרש,מיליליטרים,100.00,"100 מ""ל",false,1,5.90,5.90,true,1,
7290015366670,false,משחת שיניים הגנה משולשת מנטה מרענן,גלקסוסמיתקליין,SK,משחה אקווה פרש,מיליליטרים,100.00,"100 מ""ל",false,1,5.90,5.90,true,1,
7290015366748,false,"שמן לשיער ארגן קוקוס סטייל 120 מ""ל",א.ל ארמן,IL,שמן לשיער סטייל,מיליליטרים,120.00,"100 מ""ל",false,1,48.90,40.75,true,1,
7290015424882,false,פמינה מגבונים אינטימיים 20 יח TO GO,פמינה,IL,מגבונים פמינה,יחידה,1.00,יחידה,false,1,14.90,14.90,true,1,
7290015470391,false,קרם ידיים מועשר בשמן זית לעור רגיל עד יבש,אינטרקוסמא,IL,קרם ידיים פנג'ל,מיליליטרים,100.00,"100 מ""ל",false,1,11.90,11.90,true,1,
7290015683500,false,כבל סנכרון USB 3.0 יחידה,פוג'יקום,CN,כבל סנכרון U 3.0,יחידה,1.00,יחידה,false,1,59.90,59.90,true,1,
7290015683586,false,פוג'יקום מטען TYPE C לבית,פוג'יקום,CN,מטען ביתי A 2.4,יחידה,1.00,יחידה,false,1,93.90,93.90,true,1,
7290015733229,false,תרכובת מזון לתינוקות חלבי שלב 2 אקסטרה קר מהדרין,מטרנה,IL,מטרנה אקסטרה,גרמים,700.00,100 גרם,false,1,59.90,8.56,true,1,
7290015733441,false,דייסת מטנה גם וגם דגנים פרו 300 גרם,מטרנה תעשיות ש.מ,IL,דייסת מטרנה,גרמים,300.00,100 גרם,false,1,19.90,6.63,true,1,
7290015733465,false,דייסת מטרנה גם וגם קרנפלור פרו 300 גרם,מטרנה תעשיות ש.מ,IL,דייסת מטרנה,גרמים,300.00,100 גרם,false,1,19.90,6.63,true,1,
7290015733977,false,תרכובת מזון קומפורט על בסיס חלבי דל לקטוז,מטרנה תעשיות ש.מ.,IL,מטרנה קומפורט עם,גרמים,700.00,100 גרם,false,1,69.90,9.99,false,1,
7290015848992,false,"ד""ר פישר - אולטרסול קרם פנים קידס 75 מ""ל 50SPF",פישר מעבדות פרמצבטיות בע,IL,אולטרסול לפנים,מיליליטרים,75.00,"100 מ""ל",false,1,39.90,53.20,true,1,
7290015968393,false,נשכן בננה מ.שיניים נובי,LTD E.L.CO,CN,נשכן בננה נובי,יחידה,1.00,יחידה,false,1,49.90,49.90,true,1,
7290016197495,false,ניקול זוג מטליות הקסם מיקרופייבר לרצפה,חוגלה קימברלי,CN,מטלית לרצפה 2יח,יחידה,1.00,יחידה,false,1,24.90,24.90,true,1,
7290016197600,false,דיפנד - תחבושת לנשים נורמל 12 יח',קימברלי קלארק,VN,תחבושות דיפנד,יחידה,1.00,יחידה,false,1,21.90,21.90,true,1,
7290016197624,false,תחבושות לנשים סופר דיפנד 8 יחידות,קימברלי קלארק,VN,תחבושות דיפנד,יחידה,1.00,יחידה,false,1,21.90,21.90,true,1,
7290016230888,false,סוללות V3 5) יחידות( 5 י,פוג'יקום,IL,סוללות V3,יחידה,1.00,יחידה,false,1,21.90,21.90,true,1,
7290016299021,false,"ARGANIA מרכך טיפולי חומצה היאלרונית וקרטין ללא SLS ללא פארבן ללא מלחים ללא רכיבים מן החי 450 מ""ל",ארגניה יצור ושיווק,IL,מרכך טיפולי חומצ,מיליליטרים,450.00,"100 מ""ל",false,1,38.90,8.64,true,1,
7290016299076,false,"ARGANIA שמפו טיפולי חומצה היאלרונית וקרטין ללא SLS ללא פארבן ללא מלחים ללא רכיבים מן החי 450 מ""ל",ארגניה יצור ושיווק,IL,שמפו טיפולי חומצ,מיליליטרים,450.00,"100 מ""ל",false,1,38.90,8.64,true,1,
7290016299168,false,"ARGANIA סרום קיק לחיזוק שורש השערה 100 מ""ל",ארגניה,IL,סרום קיק לחיזוק,מיליליטרים,100.00,"100 מ""ל",false,1,48.90,48.90,true,1,
7290016299199,false,ארגניה סרום חומצה היאלורונית וקרטין 100,ארגניה,IL,סרום חומצה היאלר,מיליליטרים,100.00,"100 מ""ל",false,1,48.90,48.90,true,1,
7290016299632,false,"ARGANIA - שמפו ארגן לכל סוגי השיער ללא ס.ל.ס 450 מ""ל",ארגניה יצור ושיווק,IL,שמפו לשיער ללא S,מיליליטרים,450.00,"100 מ""ל",false,1,38.90,8.64,true,1,
7290016299878,false,"ARGANIA מסיכה טיפולית לשיער מעושר בחומצה האילרונית וקרטין ללא SLS 500 מ""ל",ארגניה יצור ושיווק,IL,מסיכה טיפולית לש,מיליליטרים,500.00,"100 מ""ל",false,1,44.90,8.98,true,1,
7290016299885,false,"ARGANIA מסיכה קיק לחיזוק השורש והשיערה 500 מ""ל",שיווק TEVACOM,IL,מסיכת קיק,מיליליטרים,500.00,"100 מ""ל",false,1,44.90,8.98,true,1,
7290016299984,false,"ARGANIA שמפו סרפד ועץ התה לטיפול נגד קשקשים 450 מ""ל",ארגניה יצור ושיווק,IL,שמפו לשיער סרפד,מיליליטרים,450.00,"100 מ""ל",false,1,38.90,8.64,true,1,
7290016321661,false,פרש וואנס SENSITIVE מגבונים ללא בישום רביעייה 72 יחידות,עלבד משואות יצחק,IL,פרש וואנס 4יח,יחידה,1.00,יחידה,false,1,15.90,15.90,true,1,
7290016321678,false,מגבונים לחים בניחוח מרענן עם תמציות קמומיל ואלוורה,עלבד משואות יצחק,IL,פרש וואנס 4 יח,יחידה,1.00,יחידה,false,1,15.90,15.90,true,1,
7290016437416,false,דיפנד - גזרה גבוה תחתון מדיום נשים 18 יח',KC Vietnam,IL,תחתון דיפנד,יחידה,1.00,יחידה,false,1,67.90,67.90,true,1,
7290016437430,false,דיפנד - גזרה גבוה תחתון אקסטרה לארג' נשים 16 יח',KC Vietnam,IL,תחתון דיפנד,יחידה,1.00,יחידה,false,1,67.90,67.90,true,1,
7290016437591,false,קוטקס - תחתונים סופגים לנשים לאחר לידה מדיום 8 יח',חוגלה קימברלי,KR,תחתונים סופגים,יחידה,1.00,יחידה,false,0,36.90,36.90,true,1,
7290016437607,false,קוטקס - תחתונים סופגים לנשים לאחר לידה לארג' 8 יח',חוגלה קימברלי,KR,תחתונים סופגים,יחידה,1.00,יחידה,false,0,36.90,36.90,true,1,
7290016437645,false,חיתולי האגיס פרידום דריי pants מידה 5 34 יחידות,קימברלי קלארק צ'כיה,CZ,חיתולי האגיס,יחידה,1.00,יחידה,false,1,48.90,48.90,true,1,
7290016437652,false,חיתולי האגיס פרידום דריי pants מידה 6 30 יחידות,קימברלי קלארק צ'כיה,CZ,חיתולי האגיס,יחידה,1.00,יחידה,false,1,48.90,48.90,true,1,
7290016509786,false,פרסיל גל לכביסה לבנה וצבעונית-ירוק 2.5 ל,"הנקל סוד בע""\מ",IL,ג'ל כביסה פרסיל,ליטרים,2.50,ליטר,false,1,34.90,13.96,true,1,
7290016621358,false,"ד""ר פישר - קמיל אל סבון ניקיון והזנה ורוד 1 ליטר",פישר מעבדות פרמצבטיות בע,IL,אל סבון קמיל,ליטרים,1.00,ליטר,false,1,15.90,15.90,true,1,
7290016621365,false,אל סבון היגייני לניקוי יסודי קמיל Clean & Moisture,פישר מעבדות פרמצבטיות בע,IL,אל סבון קמיל,ליטרים,1.00,ליטר,false,1,15.90,15.90,true,1,
7290016621495,false,אולטרסול תחליב הגנה לילדים +SPF50,פישר מעבדות פרמצבטיות,IL,אולטרסול,מיליליטרים,250.00,"100 מ""ל",false,1,59.90,23.96,true,1,
7290016621952,false,קמיל בלו סנסיטיב קרם פנים לתינוק SPF30,פישר מעבדות פרמצבטיות בע,IL,קרם פנים קמיל,מיליליטרים,75.00,"100 מ""ל",false,1,26.90,35.86,true,1,
7290016732672,false,מברשת שיניים סנסודיין הגנה מלאה,גלקסוס סמית קליין,CN,מברשת סנסודיין,יחידה,1.00,יחידה,false,1,24.90,24.90,true,1,
7290016866643,false,פרודונטקס מ.שיניים אקסטרה פרש 75 מל,פרודונטקס Parodontax,SK,משחה פרודונטקס,מיליליטרים,75.00,"100 מ""ל",false,1,31.90,42.53,true,1,
7290016866650,false,"פרודונטקס - משחת שיניים אוריג'ינל 75 מ""ל",פרודונטקס Parodontax,SK,משחה פרודונטקס,מיליליטרים,75.00,"100 מ""ל",false,1,31.90,42.53,true,1,
7290016866667,false,"פרודונטקס - משחת שיניים ללא פלאוריד 75 מ""ל",פרודונטקס Parodontax,SK,משחה פרודונטקס,מיליליטרים,75.00,"100 מ""ל",false,1,31.90,42.53,true,1,
7290016866674,false,"פרודונטקס - משחת שיניים מלבינה 75 מ""ל",פרודונטקס Parodontax,SK,משחה פרודונטקס,מיליליטרים,75.00,"100 מ""ל",false,1,31.90,42.53,true,1,
7290016866704,false,"סטייל שמפו לאחר החלקה מועשר בויטמין אי, 750 מ""ל",סטייל Style,IL,שמפו קרטין,מיליליטרים,750.00,"100 מ""ל",false,1,29.90,3.99,true,1,
7290016866735,false,סטייל קרם לחות קרטין E 400 מל לשיקום שיע,א.ל. ארמן,IL,קרם לחות קרטין,מיליליטרים,400.00,"100 מ""ל",false,1,34.90,8.73,true,1,
7290016912494,false,"ד""ר פישר - אפקטיב קר תרחיץ פנים לכל סוגי העור 180 מ""ל",פישר מעבדות פרמצבטיות בע,IL,תרחיץ פנים,מיליליטרים,180.00,"100 מ""ל",false,1,13.90,7.72,true,1,
7290016912500,false,"ד""ר פישר - אפקטיב קר תרחיץ פנים לעור רגיש 180 מ""ל",פישר מעבדות פרמצבטיות בע,IL,תרחיץ פנים,מיליליטרים,180.00,"100 מ""ל",false,1,13.90,7.72,true,1,
7290016932829,false,שמפו וג'ל רחצה לגבר400מל,א.משי תעשיות,IL,שמפו וג'ל רחצה,מיליליטרים,400.00,"100 מ""ל",false,1,9.90,2.48,true,1,
7290017002149,false,פראנס ביוטי שעווה למיקרוגל פנים שחור70גר,נורוליס,IT,השעווה למיקרוגל,גרמים,70.00,100 גרם,false,1,24.90,35.57,true,1,
7290017031569,false,סטייל שמפו קרטין פלוס 100 מל לשיקום שיער,גורי,IL,שמפו קרטין סטייל,יחידה,1.00,יחידה,false,1,9.90,9.90,true,1,
7290017031583,false,סטייל מרכך קרטין פלוס 100 מל לשיקום שיער,א.ל ארמן,IL,מרכך קרטין מוקטן,מיליליטרים,100.00,"100 מ""ל",false,1,9.90,9.90,true,1,
7290017031811,false,פרודונטקס מברשת שיניים אקסטרא סופט א.זוג,גלקסוסמיתקליין,CN,מברשות פרודונטקס,יחידה,1.00,יחידה,false,1,28.90,28.90,true,1,
7290017031859,false,"פרודונטקס - משחת שיניים אולטרא קלין 75 מ""ל","מאסטרפוד אוסטריה בע""מ",SK,משחת פרודונטקס,מיליליטרים,75.00,"100 מ""ל",false,1,31.90,42.53,true,1,
7290017088051,false,בייביסיטר - חיתולי סטנדרט מידה 3 - 52 יח',די.פי.אל תעשיות מוצרים ח,IL,חיתולי בייביסיטר,יחידה,1.00,יחידה,false,1,32.90,32.90,true,1,
7290017088068,false,בייביסיטר - חיתולי סטנדרט מידה 4 - 42 יח',די.פי.אל תעשיות מוצרים ח,IL,חיתולי בייביסיטר,יחידה,1.00,יחידה,false,1,32.90,32.90,true,1,
7290017088075,false,בייביסיטר - חיתולי סטנדרט מידה 4+ - 40 יח',די.פי.אל תעשיות מוצרים ח,IL,חיתולי בייביסיטר,יחידה,1.00,יחידה,false,1,32.90,32.90,true,1,
7290017088082,false,בייביסיטר - חיתולי סטנדרט מידה 5 - 36 יח',די.פי.אל תעשיות מוצרים ח,IL,חיתולי בייביסיטר,יחידה,1.00,יחידה,false,1,32.90,32.90,true,1,
7290017088099,false,בייביסיטר - חיתולי סטנדרט מידה 6 - 30 יח',די.פי.אל תעשיות מוצרים ח,IL,חיתולי בייביסיטר,יחידה,1.00,יחידה,false,1,32.90,32.90,true,1,
7290017088327,false,רבעיית מגבונים בייביסיטר אקסטרא סופט ללא בישום 64 יחידות,די.פי.אל בעמ,IL,מגבוני בייביסיטר,יחידה,1.00,יחידה,false,1,19.90,19.90,true,1,
7290017088464,false,תחבושות סופגנית מקסי לונג טופ פד 20 יח',D.P.L,IT,טופ פד,יחידה,1.00,יחידה,false,1,19.90,19.90,true,1,
7290017088495,false,תחבושות טופ פד אקסטרה 20 יח',D.P.L,IT,טופ פד,יחידה,1.00,יחידה,false,1,9.90,9.90,true,1,
7290017088501,false,תחבושות טופ פד אקסטרה לונג 20 יח',D.P.L,IT,טופ פד,יחידה,1.00,יחידה,false,1,9.90,9.90,true,1,
7290017088815,false,בריז תחבושות לבריחת שתן נורמל 12 יח,ניאופארם,IT,בריז תחבושות שתן,יחידה,1.00,יחידה,false,1,15.90,15.90,true,1,
7290017088846,false,BREEZE תחבושות לבריחת שתן מקסי (8 יח'),ניאופארם,IT,בריז תחבושות שתן,יחידה,1.00,יחידה,false,1,15.90,15.90,true,1,
7290017088877,false,BREEZE תחתונים לבריחת שתן מידה XL יח' 14,ניאופארם,IT,בריז תחתונים,יחידה,1.00,יחידה,false,1,74.90,74.90,true,1,
7290017088969,false,חיתולים בייביסיטר NB מידה 1 -42 יחידות,די.פי.אל תעשיות מוצרים ח,IL,חיתול דק מידה 1,יחידה,1.00,יחידה,false,1,26.90,26.90,true,1,
7290017285740,false,"סרקל שמפו ד""ר פישר 1 ליטר",פישר מעבדות פרמצבטיות בע,IL,סרקל שמפו לילדים,ליטרים,1.00,ליטר,false,1,23.90,23.90,true,1,
7290017285993,false,אולטרסול ספריי רציף תחליבי ילדים 50+ 200,פישר מעבדות פרמצבטיות בע,IL,אולטרסול קידס,מיליליטרים,200.00,"100 מ""ל",false,1,59.90,29.95,true,1,
7290017457925,false,סוד מרכך כביסה מרוכז פרש קונטרול ורוד,הנקל סוד,IL,סוד מרכך ורוד,מיליליטרים,900.00,"100 מ""ל",false,1,11.90,1.32,true,1,
7290017457932,false,סוד מרכך כביסה מרוכז פרש קונטרול כחול,הנקל סוד,IL,סוד מרכך כחול,מיליליטרים,900.00,"100 מ""ל",false,1,11.90,1.32,true,1,
7290017637587,false,קרם לתלתלים מיקי בוגנים 200 מל,סאסא קוסמטיקס,IL,MB תרסיס לשיער,מיליליטרים,200.00,"100 מ""ל",false,1,26.90,13.45,true,1,
7290017637594,false,שמפו לשיער מיקי בוגנים 500 מל,סאסא קוסמטיקס,IL,MB שמפו לשיער,מיליליטרים,500.00,"100 מ""ל",false,1,24.90,4.98,true,1,
7290017637600,false,מרכך יומיומי זיכרונות מתוקים 500 מל,סאסא קוסמטיקס,IL,MB מרכך לשיער,מיליליטרים,500.00,"100 מ""ל",false,1,24.90,4.98,true,1,
7290017683010,false,"קרם לחות 50 מ""ל",,IL,קרם לחות,מיליליטרים,50.00,"100 מ""ל",false,1,249.00,498.00,true,1,
7290017695044,false,"קיט החלקה ושמפו 200 מ""ל",מיסטר בונד,IL,קיט החלקה ושמפו,יחידה,1.00,יחידה,false,1,119.00,119.00,true,1,
7290017695259,false,מסכה לשיער ויטמינס 500מל,מיסטר בונד,IL,מסכה לשיער ויטמי,מיליליטרים,500.00,"100 מ""ל",false,1,39.90,7.98,true,1,
7290017871363,false,פמילי יהלום- פמלי סבון ידיים מועשר בשמן מקדמיה לניקוי וטיפוח עור הידיים,המאפיה של הרמן,TR,סבון ידיים פמלי,מיליליטרים,500.00,"100 מ""ל",false,1,11.90,2.38,true,1,
7290017872070,false,מארז מגבונים לחים בניחוח מרענן פרש וואנס שלישייה,"ווטנפס בע""\מn\",IL,פרש וואנס מגבון,יחידה,1.00,יחידה,false,1,12.90,12.90,false,1,
7290017873350,false,קרם יד.פנג'ל אינטנסיב100,"דנלוג אינטרקוסמא בע""\מ",IL,קרם ידיים פנג'ל,מיליליטרים,100.00,"100 מ""ל",false,1,13.90,13.90,true,1,
7290017873367,false,"קרם ידיים ויטליטי לכל סוגי העור 100 מ""ל פנג'ל","דנלוג אינטרקוסמא בע""\מ",IL,קרם ידיים פנג'ל,מיליליטרים,100.00,"100 מ""ל",false,1,13.90,13.90,true,1,
7290017873398,false,"תחליב גוף ויטליטי לכל סוגי העור 400 מ""ל פנג'ל","דנלוג אינטרקוסמא בע""\מ",IL,תחליב גוף פנג'ל,מיליליטרים,400.00,"100 מ""ל",false,1,28.90,7.23,true,1,
7290017917382,false,אל סבון היגייני לניקוי יסודי ולהרגע העור clean & calm,"ד""ר פישר Dr fischer",IL,קמיל סבון ידיים,ליטרים,1.00,ליטר,false,1,15.90,15.90,true,1,
7290017917467,false,אל סבון טיפולי לתינוק קמיל בלו שיבולת שועל,"ד""ר פישר Dr fischer",IL,אל סבון ש.שועל,ליטרים,1.00,ליטר,false,1,31.90,31.90,true,1,
7290017917542,false,"ד""ר פישר שמפו בלונד ללא תוספת מלחים 400 מ""ל",מדי פישר,IL,שמפו ללא מלחים,מיליליטרים,400.00,"100 מ""ל",false,1,39.90,9.98,true,1,
7290017917573,false,אולטרסול קידס ספריי תחליבי SPF50 200,פישר מעבדות פרמצבטיות בע,IL,אולטרסול,מיליליטרים,200.00,"100 מ""ל",false,1,54.90,27.45,true,1,
7290017928821,false,מקלות גריסיני קלאסי מאיר בייגל 200 גרם,מאיר את בייגל,IL,גריסיני קלאסי,גרמים,200.00,100 גרם,false,1,8.90,4.45,true,1,
7290018043196,false,פראוד - חטיף חלבון בטעם שוקולד לבן עוגיות 60 גרם,הרת'סייד פוד סולושיי,NL,פראוד חטיף בטעם,גרמים,60.00,100 גרם,false,1,14.90,24.83,true,1,
7290018043295,false,חטיף חלבון בטעם ונילה קראנץ',הרת'סייד פוד סולושיי,NL,פראוד חטיף וניל,גרמים,60.00,100 גרם,false,1,14.90,24.83,true,1,
7290018043844,false,חטיף חלבון בוטנים קרמל קראנץ 60 ג' פראוד,פראוד PROUD,NL,חטיף חלבון,גרמים,60.00,100 גרם,false,1,13.90,23.17,true,1,
7290018080276,false,מאמי קר רפידות הנקה 60 יחידות,מאמי קר Mommy Care,CN,רפידות הנקה,יחידה,1.00,יחידה,false,1,49.90,49.90,true,1,
7290018080900,false,סינרים חד פעמיים לתינוק,CARE DAILYS,CN,סינרים חד פעמיים,יחידה,1.00,יחידה,false,1,24.90,24.90,true,1,
7290018132067,false,נאן סופרים שלב 1 700 גרם,מטרנה תעשיות ש.מ,IL,נאן סופרים שלב 1,גרמים,700.00,100 גרם,false,1,89.90,12.84,true,1,
7290018132104,false,נאן סופרים שלב 2 700 גרם,מטרנה תעשיות ש.מ,IL,נאן סופרים שלב 2,גרמים,700.00,100 גרם,false,1,89.90,12.84,true,1,
7290018156063,false,אולטרסול קידס סטיק הגנה לפנים +50 לילדים,פישר מעבדות פרמצבטיות בע,IL,אולטרסול,מיליליטרים,13.00,"100 מ""ל",false,1,49.90,383.85,true,1,
7290018182307,false,מקלוני נייר לבן עם צמר גפן צבעוני 200 יח,,CN,מקלוני נייר לבן,יחידה,1.00,יחידה,false,1,9.90,9.90,true,1,
7290018343296,false,דר פישר אלכוגל H לידיים 100 מל,מדי פישר,IL,"אלכוג'ל 100 מ""ל",מיליליטרים,100.00,"100 מ""ל",false,1,9.90,9.90,true,1,
7290018343364,false,"ד""ר פישר - מסכת הזנה משקמת לאחר החלקה ללא תוספת מלח 300 מ""ל",פישר מעבדות פרמצבטיות,IL,מסכה לשיער,מיליליטרים,300.00,"100 מ""ל",false,1,39.90,13.30,true,1,
7290018354704,false,"ווקס לגבר 100 מ""ל",א.משי תעשיות,IL,ווקס לגבר,מיליליטרים,100.00,"100 מ""ל",false,1,14.90,14.90,true,1,
7290018493052,false,"ד""ר פישר - אפקטיב קר קרם ידיים מועשר בשמן אבוקדו 100 מ""ל",פישר מעבדות פרמצבטיות,IL,קרם ידיים,מיליליטרים,100.00,"100 מ""ל",false,1,15.90,15.90,true,1,
7290018493076,false,"אפקטיב קר קרם ידייםמועשר בשמן ארגן ד""ר פישר 100 מ""ל",פישר מעבדות פרמצבטיות,IL,קרם ידיים,מיליליטרים,100.00,"100 מ""ל",false,1,15.90,15.90,true,1,
7290018516348,false,פאוץ' פרינוק סלט פירות ושיבולת שועל 120 גרם,פרוטה פודווין איי.אס,CZ,פרינוק,גרמים,120.00,100 גרם,false,1,5.50,4.58,true,1,
7290018703052,false,חטיף חלבון עוג.קראנץ29גר,,NL,חטיף חלבון פראוד,גרמים,29.00,100 גרם,false,1,11.90,41.03,true,1,
7290018703182,false,חט.חלבון שוק.בוטן+קרמל29,,NL,חטיף חלבון פראוד,גרמים,29.00,100 גרם,false,1,11.90,41.03,true,1,
7290018703229,false,חטיף חלבון שוקולד אגוזים פראוד 60 גרם,פראוד,NL,חטיף חלבון,גרמים,60.00,100 גרם,false,1,14.90,24.83,true,1,
7290018703243,false,חטיף חלבון קרמל קראנצ פראוד 60 גרם,פראוד,NL,חטיף חלבון,גרמים,60.00,100 גרם,false,1,14.90,24.83,true,1,
7290018703311,false,פראוד - חטיף חלבון קרם עוגיות קראנצ' 60ג,v.s.i,NL,חטיף חלבון,גרמים,60.00,100 גרם,false,1,13.90,23.17,true,1,
7290018703496,false,פראוד - חטיף חלבון בטעם בננה טופי 60 גרם,פראוד PROUD,NL,חטיף חלבון,גרמים,60.00,100 גרם,false,1,13.90,23.17,true,1,
7290018733134,false,מרכך לתלתלים ביוטין קרטי,מיסטר בונד,IL,מרכך לתלתלים ביו,מיליליטרים,1000.00,"100 מ""ל",false,1,49.90,4.99,true,1,
7290018733141,false,מסכה לתלתלים 60 שניות 50,מיסטר בונד,IL,מסכה לתלתלים 60,מיליליטרים,500.00,"100 מ""ל",false,1,49.90,9.98,true,1,
7290018733288,false,שמפו ויטמינס לתלתלים 10,מיסטר בונד,IL,שמפו ויטמינס,מיליליטרים,10.00,"100 מ""ל",false,1,9.90,99.00,true,1,
7290018893494,false,עלי וופל דקים בטעם חמאה צ'וקטה 100 גרם,דיסטרופר אוליבייר,NL,עלי וופל דקים,גרמים,100.00,100 גרם,false,1,11.90,11.90,true,1,
7290018921029,false,"ד""ר פישר - קמיל בלו מגבוני סנסיטיב 64 יח' * 4",פישר מעבדות פרמצבטיות בע,IL,מגבוני קמיל בלו,יחידה,1.00,יחידה,false,1,21.90,21.90,true,1,
7290018921265,false,"תחליב רחצה מועשר בתמצית אלוורה 700 מ""ל אפקטיב קר",פישר מעבדות פרמצבטיות בע,IL,תחליב רחצ.אלוורה,מיליליטרים,700.00,"100 מ""ל",false,1,12.90,1.84,true,1,
7290018921449,false,קמיל בלו מגבונים תפרחת חיתולים רביעייה,פישר תעשיות,IL,מגבונים קמיל 4יח,יחידה,1.00,יחידה,false,1,24.90,24.90,true,1,
7290018921616,false,רביעיית מגבוני קמיל בלו שיבולת שועל 64 יח',פישר תעשיות,IL,מגבוני קמיל 4יח,יחידה,1.00,יחידה,false,1,23.90,23.90,true,1,
7290018921654,false,"ד""ר פישר - אפקטיב קר תחליב רחצה תמצית לוונדר 700 מ""ל",פישר מעבדות פרמצבטיות בע,IL,תחליב רחצה לבנדר,מיליליטרים,700.00,"100 מ""ל",false,1,12.90,1.84,true,1,
7290019014508,false,מרכך כביסה אוריאנטל900מ,סאסא טק,IL,מרכך כביסה,מיליליטרים,900.00,"100 מ""ל",false,1,19.90,2.21,true,1,
7290019014614,false,"מרכך כביסה בלו 900 מ""ל",סאסא טק,IL,מרכך כביסה בלו,מיליליטרים,900.00,"100 מ""ל",false,1,19.90,2.21,true,1,
7290019014669,false,ג'ל לכביסה צבעונית 1.35ל,סאסא טק,IL,ג'ל לכביסה ירוק,ליטרים,1.35,ליטר,false,1,29.90,22.15,true,1,
7290019014683,false,נוזל רצפות פרדייס 1.35 ל,סאסא טק,IL,נוזל לרצפות,ליטרים,1.35,ליטר,false,1,24.90,18.44,true,1,
7290019014737,false,"מבשם בדים ביץ קלאב500מ""ל",סאסא טק,IL,מבשם בדים קלאב,מיליליטרים,500.00,"100 מ""ל",false,1,19.90,3.98,true,1,
7290019014744,false,מרסס חלונות פרש וויט750מ,סאסא טק,IL,מרסס חלונות פרש,מיליליטרים,750.00,"100 מ""ל",false,1,13.90,1.85,true,1,
7290019014768,false,"ניקוי כלים 24% 750מ""ל",סאסא טק,IL,ניקוי כלים 24%,מיליליטרים,750.00,"100 מ""ל",false,1,14.90,1.99,true,1,
7290019014775,false,מרסס קצף מסיר שומנים 750,סאסא טק,IL,מרסס מסיר שומנים,מיליליטרים,750.00,"100 מ""ל",false,1,16.90,2.25,true,1,
7290019014782,false,מרסס אקונומיקה לבנדר750מ,סאסא טק,IL,מרסס אקונומיקה,מיליליטרים,750.00,"100 מ""ל",false,1,16.90,2.25,true,1,
7290019014799,false,מסיר אבנית לאמבטיה 750 מ,סאסא טק,IL,קצף מסיר אבנית,מיליליטרים,750.00,"100 מ""ל",false,1,14.90,1.99,true,1,
7290019014805,false,"מרסס מנקה ריפודים 500מ""ל",סאסא טק,IL,מרסס מנקה ריפוד,מיליליטרים,500.00,"100 מ""ל",false,1,24.90,4.98,true,1,
7290019014867,false,"תרסיס מסיר דיו+דבק400מ""ל",סאסא טק,IL,תרסיס מסיר דיו,מיליליטרים,400.00,"100 מ""ל",false,1,26.90,6.73,true,1,
7290019075080,false,"קידס מולטי ויטמין אל סבון 1 ליטר ד""ר פישר","ד""ר פישר",IL,קידס מולטי,ליטרים,1.00,ליטר,false,1,16.90,16.90,true,1,
7290019075608,false,"תחליב רחצה לגוף מועשר בתה ירוק ויסמין 700 מ""ל אפקטיב קר",פישר מעבדות פרמצבטיות בע,IL,תחליב רחצ.אפקטיב,מיליליטרים,700.00,"100 מ""ל",false,1,12.90,1.84,true,1,
7290019075684,false,"קידס מולטי ויטמין שמפו ומרכך 1 ליטר ד""ר פישר","ד""ר פישר",IL,שמפו ומרכך,ליטרים,1.00,ליטר,false,1,16.90,16.90,true,1,
7290019075691,false,"ד""ר פישר - אפקטיב קר תחליב רחצה עדין לידיים מועשר בלבנדר 350 מ""ל",פישר מעבדות פרמצבטיות,IL,אפקטיב קר לבנדר,מיליליטרים,350.00,"100 מ""ל",false,1,8.90,2.55,true,1,
7290019075745,false,"ד""ר פישר - אפקטיב קר קרם ידיים היאלרונית 100 מ""ל",פישר מעבדות פרמצבטיות בע,IL,אפקטיב קר קרם יד,מיליליטרים,100.00,"100 מ""ל",false,1,15.90,15.90,true,1,
7290019274087,false,"ארוסול קצף לאסלות 400מ""ל",סאסא טק,IL,ארוסול קצף ניקוי,מיליליטרים,400.00,"100 מ""ל",false,1,19.90,4.98,true,1,
7290019274100,false,"מרסס לגיהוץ קל 500 מ""ל",סאסא טק,IL,מרסס לגיהוץ קל,מיליליטרים,500.00,"100 מ""ל",false,1,19.90,3.98,true,1,
7290019274315,false,קוקהנומיקה לבנדר 1.25 ל,,IL,קוקנומיקה לבנדר,ליטרים,1.25,ליטר,false,1,14.90,11.92,true,1,
7290019310167,false,חט.פראוד בייטס שוק.חלב48,,PL,חטיף פראוד בייטס,גרמים,48.00,100 גרם,false,1,15.90,33.13,true,1,
7290019310297,false,חטיף שקדים בטעם שוקולד 4,,SI,חטיף שקדים פראוד,גרמים,40.00,100 גרם,false,1,10.90,27.25,true,1,
7290019310303,false,חטיף שקדים בטעם שוקולד40,,SI,חטיף שקדים פראוד,גרמים,40.00,100 גרם,false,1,10.90,27.25,true,1,
7290019401025,false,חטיף פרוטאין קרמל מלוח62,הלטי פוד סופלימנט,SK,חטיף פרוטאין קרמ,גרמים,62.00,100 גרם,false,1,13.90,22.42,true,1,
7290019401032,false,חטיף פרוטאין עוגת גבינה,הלטי פוד סופלימנט,SK,חטיף פרוטאין עוג,גרמים,62.00,100 גרם,false,1,13.90,22.42,true,1,
7290019401070,false,פרוטאין מקס 91גר עוגת גבינה,הלטי פוד סופלימנט,SK,חטיף פרוטאין עוג,גרמים,91.00,100 גרם,false,1,18.90,20.77,true,1,
7290028733124,false,שמפו לתלתלים ביוטין קרטי,מיסטר בונד,IL,שמפו לתלתלים ביו,מיליליטרים,1000.00,"100 מ""ל",false,1,49.90,4.99,true,1,
7290100412718,false,"תרחיץ פנים קלאסק מאסק דר עור 150 מ""ל","אמיליה קוסמטיקס בע""מ",IL,ג'ל ניקוי פנים,מיליליטרים,150.00,"100 מ""ל",false,0,19.90,13.26,true,1,
7290100412749,false,ג'ל ניקוי פנים לעור יבש פרחי בר 150 מל DR OR,אמיליה קוסמטיקס בעמ,IL,ג'ל ניקוי פנים,מיליליטרים,150.00,"100 מ""ל",false,0,19.90,13.26,true,1,
7290100412787,false,"ד""ר עור - תחליב רחצה קלאסי בניחוח פריחת הכותנה 700 מ""ל","אמיליה קוסמטיקס בע""מ",IL,תחליב רחצה,מיליליטרים,700.00,"100 מ""ל",false,1,19.90,2.84,true,1,
7290100412800,false,"תחליב רחצה לעור יבש וילד פלאור דר עור 700 מ""ל","אמיליה קוסמטיקס בע""מ",IL,תחליב רחצה,מיליליטרים,700.00,"100 מ""ל",false,1,19.90,2.84,true,1,
7290100653463,false,"פלמוליב - ארומה ג'ל רחצה מסאז' 500 מ""ל",קולגייט-פלמוליב,TR,סבון פלמוליב,מיליליטרים,500.00,"100 מ""ל",false,0,18.90,3.78,true,1,
7290100687109,false,אוסם - במבה במילוי קרם נוגט 60 גרם,"אסם השקעות בע""\מ",IL,במבה נוגט,גרמים,60.00,100 גרם,false,0,5.90,9.83,true,1,
7290100829639,false,בסט מסיר לק+גליצרין295מל,חורי-קוסמטיקה,CA,בסט מסיר לק,מיליליטרים,295.00,"100 מ""ל",false,0,10.90,3.69,true,1,
7290100850923,false,דוריטוס בטעם גריל 70 גרם,"שטראוס פריטו ליי בע""\מ )",IL,דוריטוס גריל,גרמים,70.00,100 גרם,false,0,4.90,7.00,true,1,
7290100922569,false,קרם לטיפוח עוד הידיים והגוף- מארז שלישייה,טרופיקל דגיל,IL,קרם ידיים ולווטה,מיליליטרים,300.00,"100 מ""ל",false,0,15.90,5.30,true,1,
7290100924631,false,מרכך כביסה מרוכז לבגדי תינוקות ובעלי עור רגיש,"הנקל סוד בע""\מ",IL,סוד מרכךבייבי,מיליליטרים,900.00,"100 מ""ל",false,1,11.90,1.32,true,1,
7290100925669,false,קולור קאצ'ר - דפים למכונת כביסה 10 יח',"הנקל סוד בע""\מ",IE,דפי קולור קאצ'ר,יחידה,1.00,יחידה,false,1,9.90,9.90,true,1,
7290101278955,false,איילנר טוש שחור,גייד,IT,איילנר טוש שחור,יחידה,1.00,יחידה,false,0,59.00,59.00,true,1,
7290101488316,false,ליידי ספיד סטיק - דאודורנט סטיק לאישה ללא סימן ורוד סטיק 65 גרם,ליידי ספיד סטיק Lady Speed Stick,US,ליידי ספיד סטיק,גרמים,65.00,100 גרם,false,0,17.90,27.54,true,1,
7290101488323,false,ליידי ספיד סטיק - דאודורנט סטיק לאישה ללא סימן ירוק סטיק 65 גרם,ליידי ספיד סטיק Lady Speed Stick,US,ליידי ספיד סטיק,גרמים,65.00,100 גרם,false,0,17.90,27.54,true,1,
7290101864127,false,"ספריי להסרת כתמים 750 מ""ל וניש קליה",קליה וניש Kalia Vanish,IL,קליה ספריי,מיליליטרים,750.00,"100 מ""ל",false,0,14.90,1.98,true,1,
7290101865261,false,"פיניש נוזל הברקה למדיח 800 מ""ל",רקיט בנקיזר,PL,פיניש נוזל הברקה,מיליליטרים,800.00,"100 מ""ל",false,0,24.90,3.11,true,1,
7290101866633,false,וניש קליה גל להסרת כתמים 3 ליטר אוקסיפרש,קליה וניש Kalia Vanish,IL,מסיר כתמים וניש,ליטרים,3.00,ליטר,false,0,29.90,9.97,true,1,
7290102062195,false,"משחת שיניים לילדים לגילאי 6-12 אלמקס 75 מ""ל",יבואן ומשווק: ש. שסט,PE,משחת אלמקס,מיליליטרים,75.00,"100 מ""ל",false,0,17.90,23.87,true,1,
7290103120658,false,דאודורנט ספיד סטיק גל שחור 85 גרם,הנסיך- מפעל לייצור ט,US,דאודורנט,גרמים,85.00,100 גרם,false,0,17.90,21.06,true,1,
7290103124601,false,"תחליב רחצה נוזל חלב ודבש משאבה 750מ""ל פלמוליב",הנסיך- מפעל לייצור ט,TR,סבון פלמוליב,מיליליטרים,750.00,"100 מ""ל",false,0,22.90,3.05,true,1,
7290103126797,false,"קולגייט משחת שיניים סנסיטיב פרו ריליף 75 מ""ל",הנסיך- מפעל לייצור ט,BR,משחת קולגייט,מיליליטרים,75.00,"100 מ""ל",false,0,19.90,26.53,true,1,
7290103129378,false,ספיד סטיק - דאודורנט ג'ל לגבר איקס 5 85 גרם,הנסיך- מפעל לייצור ט,US,דאו. ספיד סטיק,גרמים,85.00,100 גרם,false,0,17.90,21.06,true,1,
7290103129408,false,ליידי ספיד סטיק - דאודורנט סטיק לאישה פרש אסנס פריחת הפרדס 65 גרם,ליידי ספיד סטיק Lady Speed Stick,US,ליידי ספיד סטיק,גרמים,65.00,100 גרם,false,0,17.90,27.54,true,1,
7290103330057,false,עפרון עיניים עמיד 305 יח,גייד,IT,עפרון עיניים עמי,יחידה,1.00,יחידה,false,0,49.00,49.00,true,1,
7290103331511,false,ליפגלוס קריסטל לייטס502,גייד,IL,ליפגלוס קריסטל ל,יחידה,1.00,יחידה,false,0,79.00,79.00,true,1,
7290103334321,false,BLACK VANILLA ICON שמן,גייד בישום,IL,VANILLA ICON שמן,מיליליטרים,30.00,"100 מ""ל",false,0,169.00,563.33,true,1,
7290103334338,false,BLACK VANILLA ICON לאשה,גייד בישום,IL,VANILLA ICON אשה,מיליליטרים,50.00,"100 מ""ל",false,0,159.00,318.00,true,1,
7290104367656,false,אוליב קרם לחות לעור רגיל מעורב 50מ'ל,,IL,קרם לחות לעור רג,מיליליטרים,50.00,"100 מ""ל",false,1,24.90,49.80,true,1,
7290104960048,false,שפתון קולוק קוד B14,קרליין,IL,שפתון קולור קוד,יחידה,1.00,יחידה,false,0,59.90,59.90,true,1,
7290104960246,false,"נקה 7 - תחליב רחצה ורד ויסמין 750 מ""ל",טרופיקל דגיל תעשיות קוסמ,IL,תחליב רחצה נקה 7,מיליליטרים,750.00,"100 מ""ל",false,0,10.00,1.33,true,1,
7290104960420,false,לקה 378,קרליין,IL,לקה 378,יחידה,1.00,יחידה,false,0,14.90,14.90,true,1,
7290104961007,false,קרליין - אליינר אינקליינר שחור,קרליין,DE,אייליינר שחור,יחידה,1.00,יחידה,false,0,54.90,54.90,true,1,
7290104961526,false,דאודורנט ספריי גוף טיטניום קלאסיק Titanium Classic,"אמיליה קוסמטיקס בע""מ",IL,טיטניום ספריי,מיליליטרים,150.00,"100 מ""ל",false,0,16.90,11.27,true,1,
7290104961663,false,קרליין - מברשת צללית שטוחה 04,קרליין,CN,מברשת צלליות,יחידה,1.00,יחידה,false,0,24.90,24.90,true,1,
7290104961830,false,קרליין - עפרון עיניים עם חידוד 116,קרל.איפור/טיפוח,IL,עפרון עינים חידו,יחידה,1.00,יחידה,false,0,29.90,29.90,true,1,
7290104961878,false,"שמפו לשיער קרטין אינטנס פורמולה 400 מ""ל נטורל",נטורל פורמולה Natural Formula,IL,שמפו קרטין,מיליליטרים,400.00,"100 מ""ל",false,0,29.90,7.48,true,1,
7290104961885,false,מרכך קרטין טהור לשיער שעבר החלקה או עיצוב בחום,נטורל פורמולה Natural Formula,IL,מרכך קרטין,מיליליטרים,400.00,"100 מ""ל",false,0,29.90,7.48,true,1,
7290104961892,false,מסכת קרטין טהור לשיער שעבר החלקה או עיצוב בחום,נטורל פורמולה Natural Formula,IL,מסכת קרטין,מיליליטרים,350.00,"100 מ""ל",false,0,39.90,11.40,true,1,
7290104961915,false,קרליין - מסקרה בולד שחור,קרליין,IT,BOLD מסקרה שחורה,יחידה,1.00,יחידה,false,1,69.90,69.90,true,1,
7290104961922,false,"קרליין - פריימר אול אין 1 30 מ""ל",קרליין,IL,פריימר IN ALL 1,מיליליטרים,30.00,"100 מ""ל",false,1,103.90,346.33,true,1,
7290104962073,false,דאודורנט ספריי גוף טיטניום גולד Titanium Gold,"אמיליה קוסמטיקס בע""מ",IL,דאו.טיטניום,מיליליטרים,180.00,"100 מ""ל",false,0,16.90,9.39,true,1,
7290104962660,false,"קרליין - נושם דאודורנט ספריי לאישה ללא אלומיניום 200 מ""ל",אמיליה קוסמטיקס בעמ,IL,ספריי נושם,מיליליטרים,200.00,"100 מ""ל",false,0,13.90,6.95,true,1,
7290104962707,false,קרליין 25 מגבונים להסרת איפור דיספנסר,קרליין,IL,מגבונים לפנים,יחידה,1.00,יחידה,false,1,10.90,10.90,true,1,
7290104962882,false,"קרליין - סבון פנים עם מברשת ניקוי 150 מ""ל","קוסמופארם בע""\מ.",IL,סבון פנים מקציף,מיליליטרים,150.00,"100 מ""ל",false,1,44.90,29.93,true,1,
7290104962967,false,לק ג'ל קולור ניילס יח,קרליין,IL,לק ג'ל,יחידה,1.00,יחידה,false,1,29.90,29.90,true,1,
7290104963001,false,סופטקר מגבונים לחים רביעייה בניחוח עדין,החברה הדרומית,IL,מגבונים סופטקר,יחידה,1.00,יחידה,false,1,19.90,19.90,true,1,
7290104963018,false,סופטקר מגבונים לחים רביעייה ללא בישום,החברה הדרומית,IL,מגבונים סופטקר,יחידה,1.00,יחידה,false,1,19.90,19.90,true,1,
7290104963261,false,מייק אפ הידרה בוסט400,קרל.איפור/טיפוח,IL,מייק אפ הידרה בו,מיליליטרים,30.00,"100 מ""ל",false,0,99.90,333.00,true,1,
7290104963377,false,קרליין - עפרון שפתיים עם חידוד 169,קרל.איפור/טיפוח,IL,עפרון שפתייםעם ח,יחידה,1.00,יחידה,false,0,29.90,29.90,true,1,
7290104963414,false,לוק.לק 402,קרל.איפור/טיפוח,IL,.לק 402,יחידה,1.00,יחידה,false,0,14.90,14.90,true,1,
7290104963957,false,"קרליין - תרחיץ פנים אויל פרי 300 מ""ל",General,IL,תרחיץ פנים אוייל,מיליליטרים,300.00,"100 מ""ל",false,1,34.90,11.63,true,1,
7290104964015,false,"סקינגארד - סטיק הגנה לפנים 50 מ""ל SPF50",מיוצר עי : אמיליה קוסמטי,IL,סקין גארד,גרמים,18.00,100 גרם,false,1,49.90,277.22,true,1,
7290104964084,false,"קרליין - מולטי אפקט קרם יום 50 מ""ל 25SPF",זוהר קוסמטיקה,IL,EFFECT MULTI קרם,מיליליטרים,50.00,"100 מ""ל",false,1,44.90,89.80,true,1,
7290104964091,false,"קרליין - מולטי אפקט קרם לילה 50 מ""ל",פאר פארם בעמ,IL,קרם לילה,מיליליטרים,50.00,"100 מ""ל",false,1,44.90,89.80,true,1,
7290104964107,false,"קרליין - מולטי אפקט קרם עיניים 30 מ""ל",פאר פארם בעמ,IL,EFFECT MULTI קרם,מיליליטרים,30.00,"100 מ""ל",false,1,44.90,149.67,true,1,
7290104964220,false,קרליין קליר סקין גל מרענן לניקוי הפנים,אמיליה קוסמטיקס,IL,ג'ל לניקוי פנים,מיליליטרים,300.00,"100 מ""ל",false,1,34.90,11.63,true,1,
7290104964237,false,ספריי מ.אפ לרגל מדיום150,אמיליה קוסמטיקס,IL,ספריי מייק אפ,מיליליטרים,150.00,"100 מ""ל",false,1,74.90,49.93,true,1,
7290104964244,false,קרליין מייק אפ לרגליים - לייט 150 מל,אמיליה קוסמטיקס,IL,ספריי מייק אפ,מיליליטרים,150.00,"100 מ""ל",false,1,74.90,49.93,true,1,
7290104964251,false,"תרחיץ פנים פעולה משולשת מסכה, פילינג וניקוי","קוסמופארם בע""\מ",IL,תרחיץ פנים,מיליליטרים,150.00,"100 מ""ל",false,1,34.90,23.27,true,1,
7290104964428,false,קרליין - קונסילר כיסוי גבוה 01,,IL,קונסילר לכיסוי מ,יחידה,1.00,יחידה,false,1,54.90,54.90,true,1,
7290104964435,false,קרליין - קונסילר כיסוי גבוה 02,,IL,קונסילר לכיסוי מ,יחידה,1.00,יחידה,false,1,54.90,54.90,true,1,
7290104964763,false,"קרליין - ספלאש קרם לחות ליום 50 מ""ל 20SPF",קרליין Careline,IL,ספלאש קרם לחות,מיליליטרים,50.00,"100 מ""ל",false,1,79.90,159.80,true,1,
7290104964930,false,קרליין - פיגמנט ללחיים ולשפתיים,,IL,ליפ טיינט שפתון,מיליליטרים,10.00,"100 מ""ל",false,1,39.90,399.00,true,1,
7290104964961,false,קרליין מסכת בד ויטמין C למראה עור אחיד ו,קרליין,IL,מסכת בד טיפוח,יחידה,1.00,יחידה,false,1,10.00,10.00,true,1,
7290104964978,false,קרליין מסכת בד פחם טבעי לטיהור וניקוי הע,קרליין,IL,מסכת בד טיפוח פח,יחידה,1.00,יחידה,false,1,10.00,10.00,true,1,
7290104965166,false,ג'ל לעיצוב גבות יח',,CN,ג'ל לעיצוב גבות,יחידה,1.00,יחידה,false,0,59.90,59.90,true,1,
7290104965555,false,"מיס קו א.ד.פ לאשה 100מ""ל",קרליין,IL,מיס קו א.ד.פ לאש,מיליליטרים,100.00,"100 מ""ל",false,1,119.00,119.00,true,1,
7290104965654,false,קרליין נושם דאו סטיק סוויט קיס לנערות 50,מיוצר עי : אמיליה קוסמטי,IL,דאורדורנט סטיק,מיליליטרים,50.00,"100 מ""ל",false,1,18.90,37.80,true,1,
7290104969850,false,"קרליין - פרו קולגן בוסטר 30 מ""ל",אגיס,IL,BOOSTER קולגן,מיליליטרים,30.00,"100 מ""ל",false,1,69.90,233.00,true,1,
7290104969867,false,"קרליין - רטינול בוסטר 30 מ""ל",אגיס,IL,BOOSTER רטינול,מיליליטרים,30.00,"100 מ""ל",false,1,69.90,233.00,true,1,
7290104969881,false,קרליין בוסטר סרום חומצה היאלורונית 30 מל,אגיס,IL,BOOSTER חומצה הי,מיליליטרים,30.00,"100 מ""ל",false,1,69.90,233.00,true,1,
7290105360335,false,קפסולות אספרסו למכונות נספרסו 50 גר,הנסיך- מפעל לייצור ט,IL,קפסולות מס' 7,גרמים,50.00,100 גרם,false,0,19.90,39.80,true,1,
7290105363602,false,מקלות כיף כף קלאסי עלית 40 גרם,שולן צ'\יקולטה גידה סאן.,TR,כיף כף מקלות,גרמים,40.00,100 גרם,false,0,6.50,16.25,true,1,
7290105431868,false,"סבון פלמוליב נוזלי ספא קוקוס גרגרים 500 מ""ל",הנסיך- מפעל לייצור ט,TR,פלמוליב ספא,מיליליטרים,500.00,"100 מ""ל",false,0,18.90,3.78,true,1,
7290106266797,false,עפרון עינים ג'ל221יח',א.פ.חורי,IL,עפרון עינים ג'ל,יחידה,1.00,יחידה,false,1,15.90,15.90,true,1,
7290106266810,false,עפרון עינים ג'ל 224 יח',א.פ.חורי,IL,עפרון עינים ג'ל,יחידה,1.00,יחידה,false,1,15.90,15.90,true,1,
7290106269699,false,לסרה מי פנים לרגיש מועשר בתה ירוק ומלפפוני,,IL,מי פנים מועשר ב,מיליליטרים,250.00,"100 מ""ל",false,1,17.90,7.16,true,1,
7290106269750,false,לסרה פילינג לניקוי וחידוש מועשר בתה ירוק ו,,IL,פילינג לניקוי וח,מיליליטרים,200.00,"100 מ""ל",false,1,17.90,8.95,true,1,
7290106290358,false,PEARL ICON א.ד.פ לאשה,גייד בישום,IL,PEARL ICON לאשה,מיליליטרים,50.00,"100 מ""ל",false,0,119.00,238.00,true,1,
7290106290693,false,עפרון שפתיים עמיד83 יח',גייד,IT,עפרון שפתיים 83,יחידה,1.00,יחידה,false,0,49.00,49.00,true,1,
7290106291096,false,מייק אפ איידליק 302 30מל,גייד,IT,מייק אפ איידל302,מיליליטרים,30.00,"100 מ""ל",false,0,135.00,450.00,true,1,
7290106292567,false,VANILLA ICON מי גוף לאשה,גייד,IL,ICON מי גוף לאשה,מיליליטרים,200.00,"100 מ""ל",false,0,79.00,39.50,true,1,
7290106293151,false,גייד גולד פרימיום קרם יום 50 מל,דניה,CH,PREMIUM GOLD קרם,מיליליטרים,50.00,"100 מ""ל",false,0,219.00,438.00,true,1,
7290106294752,false,שפתון גלוס עמיד29 יח',גייד,IT,שפתון גלוס עמ29,יחידה,1.00,יחידה,false,0,79.00,79.00,true,1,
7290106295124,false,לק506.,גייד,FR,לק506.,יחידה,1.00,יחידה,false,0,19.00,19.00,true,1,
7290106295131,false,לק קריסטל 507 יח',גייד,FR,לק קריסטל 507,יחידה,1.00,יחידה,false,0,19.00,19.00,true,1,
7290106295551,false,שפתון טרו קולור196 יח',גייד,IT,שפתון טרו קולור1,יחידה,1.00,יחידה,false,0,69.00,69.00,true,1,
7290106296633,false,עפרון גבות איידיליק 200,גייד,IT,עפרון גבות איידי,יחידה,1.00,יחידה,false,0,59.00,59.00,true,1,
7290106296640,false,עפרון גבות איידיליק 400,גייד,IT,עפרון גבות איידי,יחידה,1.00,יחידה,false,0,59.00,59.00,true,1,
7290106297067,false,צללית בייסיק לגבות יח',גייד,IL,צללית בייסיק לגב,יחידה,1.00,יחידה,false,0,69.00,69.00,true,1,
7290106297203,false,קונסילר איידילק אקסטר16,גייד,IT,קונסילר איידילק,מיליליטרים,10.00,"100 מ""ל",false,0,85.00,850.00,true,1,
7290106299238,false,שפתון גלוס עמיד68 יח',גייד,IT,שפתון גלוס עמ68,יחידה,1.00,יחידה,false,0,79.00,79.00,true,1,
7290106299542,false,גייד מגבונים להסרת איפור לעיניים ולפנים,דניה,IL,מגבון מסיר איפור,יחידה,1.00,יחידה,false,0,19.00,19.00,true,1,
7290106508880,false,אורל בי חשמלית בנות יח',פרוקטר & גמבל,IL,אורל בי חשמלית,יחידה,1.00,יחידה,false,1,83.90,83.90,true,1,
7290106574977,false,בייגלה שטוחים כעכים שטוחים עם מלח,מיוצר עי קונדיטוריית,IL,בייגלה שטוחים,גרמים,300.00,100 גרם,false,0,12.90,4.30,true,1,
7290106658479,false,וופל טורטית שוקלד מגדים 40ג',"שטראוס גרופ בע""\מ",IL,טורטית מגדים,גרמים,40.00,100 גרם,false,1,4.90,12.25,true,1,
7290106720626,false,צ'יטוס קראנצ' בטעם גבינה - חלבי,"שטראוס פריטו ליי בע""\מ )",IL,ציטוס גבינה,גרמים,80.00,100 גרם,false,1,4.90,6.13,true,1,
7290106721913,false,מסטיק מאסט MUST ללא סוכר בטעם מנטה מרעננת,"שטראוס גרופ בע""מ",IL,מסטיק מרעננת,גרמים,66.00,100 גרם,false,1,8.90,13.49,true,1,
7290106820302,false,BYNETA מוס לשיזוף עצמי- גוון אקסטרה דארק,לילית,IT,מוס לשיזוף עצמי,מיליליטרים,150.00,"100 מ""ל",false,1,129.00,86.00,true,1,
7290107280020,false,שלישיית מטליות לחות לניקוי כללי סנו סושי 50 יחידות,טרופיקל דגיל- תעשיות,IL,מטליות לחות מארז,יחידה,1.00,יחידה,false,0,26.90,26.90,true,1,
7290107280662,false,"סנו - מקסימה אבקת כביסה בייבי 1.25 ק""ג",סנו מקסימה,IL,אבקת כביסה מקסימ,קילוגרמים,1.25,"ק""ג",false,1,17.90,14.32,true,1,
7290107280761,false,נוזל לניקוי כלים בניחוח לימון רענן סנו ספארק Spark,מיוצר עי קונדיטוריית,IL,נוזל כלים לימון,ליטרים,1.00,ליטר,false,0,12.90,12.90,true,1,
7290107544481,false,אורנה 19קרם להסרת שיער קלאסי 80 מל,אלפא קוסמטיקה,IL,קרם להסרת שיער,גרמים,80.00,100 גרם,false,1,24.90,31.13,true,1,
7290107646826,false,"חטיף שוגי שוקו תלמה 156 גרם מארז 6 יחידות בד""צ",יוניליוור ישראל מזון בעמ,IL,חטיפי שוגי 6 יח,גרמים,156.00,100 גרם,false,1,15.90,10.19,true,1,
7290107931397,false,כיף כף פצפוצים במילוי שוקולד 40 גרם,שולן צ'\יקולטה גידה סאן.,TR,כיף כף פצפצים,גרמים,40.00,100 גרם,false,1,6.90,17.25,true,1,
7290107936958,false,עד חצות ביסקוויט אצבעות שוקולד 125 גרם,ביסקוויטס טור ד'\אלבון,FR,עד חצות אצבעות,גרמים,125.00,100 גרם,false,1,13.90,11.12,true,1,
7290107937634,false,צנצנית מסטיק מאסט קוביות פפירמינט 58 ג' עלית,אסקום קונפקשיין,DE,קוביות מסטיק,גרמים,58.00,100 גרם,false,1,8.90,15.34,true,1,
7290107937641,false,צנצנת מסטיק בזוקה קוביות ללא סוכר,אסקום קונפקשיין,DE,קוביות מסטיק,גרמים,58.00,100 גרם,false,1,8.90,15.34,true,1,
7290107951715,false,צנצנת מסטיק מאסט קוביות בטעם ענבים 58 ג' עלית,אסקום קונפקשיין,IL,מסטיק קוביות,גרמים,58.00,100 גרם,false,1,8.90,15.34,true,1,
7290107970129,false,"ליידי ספיד סטיק - דאודורנט רול און לאישה פרש אסנס סחלב שחור 50 מ""ל",קולגייט-פלמוליב,IT,ליידי ספיד סטיק,מיליליטרים,50.00,"100 מ""ל",false,1,14.90,29.80,true,1,
7290107973014,false,"סבון ידיים משאבה פלמוליב חלב ודבש 300 מ""ל",הנסיך- מפעל לייצור ט,TR,סבון ידיים,מיליליטרים,300.00,"100 מ""ל",false,1,10.90,3.63,true,1,
7290107973038,false,"סבון ידיים משאבה פלמוליב אקווריום 300 מ""ל",הנסיך- מפעל לייצור ט,IT,סבון פלמוליב,מיליליטרים,300.00,"100 מ""ל",false,1,10.90,3.63,true,1,
7290107975285,false,דאו לנערות תות מתוק ליידי ספיד סטיק 65 ג,ליידי ספיד סטיק Lady Speed Stick,US,ספיד סטיק תות,גרמים,65.00,100 גרם,false,1,17.90,27.54,true,1,
7290107975544,false,"קולגייט משחת שיניים סמיילס ברבי לגילאי 6 50מ""ל",קולגייט- פלמוליב,PL,משחת שיניים,מיליליטרים,50.00,"100 מ""ל",false,1,12.90,25.80,true,1,
7290107977456,false,"פלמוליב - ג'ל רחצה ושמפו ספורט לגבר 750 מ""ל",קולגייט פלמוליב,TR,ג'ל רחצה פלמוליב,מיליליטרים,750.00,"100 מ""ל",false,1,22.90,3.05,true,1,
7290108350616,false,סנו - מקסימה מרכך כביסה מרוכז פריחה כחולה 1 ליטר,"סנו מפעלי ברונוס בע""\מ",IL,מרכך מקסימה,ליטרים,1.00,ליטר,false,1,17.90,17.90,true,1,
7290108350623,false,מרכך כביסה סופר מרוכז סופט סילק מקסימה 1 ל' סנו,"סנו מפעלי ברונוס בע""\מ",IL,מרכך מקסימה,ליטרים,1.00,ליטר,false,1,17.90,17.90,true,1,
7290108350722,false,אורביטול גוניור משחת שיניים בוב ספוג 70ג,טרופיקל דגיל תעשיות קוסמ,IL,משחת אורביטול +6,מיליליטרים,70.00,"100 מ""ל",false,1,11.90,17.00,true,1,
7290108351552,false,"סנו - ג'ט לניקוי כללי בתוספת חומץ בניחוח לבנדר 750 מ""ל","סנו מפעלי ברונוס בע""\מ",IL,סנו ג'ט עם חומץ,מיליליטרים,750.00,"100 מ""ל",false,1,10.00,1.33,true,1,
7290108351613,false,סנו ריצפז פרש הום בניחוח מלון חלומי 2 ל,"סנו מפעלי ברונוס בע""\מ",IL,ריצפז פרש הום,ליטרים,2.00,ליטר,false,1,17.90,8.95,true,1,
7290108351811,false,מרכך כביסה סופר מרוכז Floral touch סנו מקסימה 1 ליטר,מיוצר עי קונדיטוריית,IL,מרכך מקסימה,ליטרים,1.00,ליטר,false,1,17.90,17.90,true,1,
7290108352047,false,אורביטול - צמד מברשות שיניים 808 + חוט דנטלי במתנה,החברה הדרומית,CN,זוג מברשות+חוט,יחידה,1.00,יחידה,false,1,19.90,19.90,true,1,
7290108352078,false,"אורביטול שטיפת פה 500 מ""ל Protective Salt",טרופיקל דגיל תעשיות,IL,אורביטול שטיפה,מיליליטרים,500.00,"100 מ""ל",false,1,24.90,4.98,true,1,
7290108352085,false,"מי פה אורביטול רעננות חריפה 500 מ""ל",טרופיקל דגיל תעשיות,IL,אורביטול שטיפה,מיליליטרים,500.00,"100 מ""ל",false,1,19.90,3.98,true,1,
7290108352641,false,סנו סושי מטלית הפלא לניקוי כללי במארז שלישייה,סנו מפעלי ברונוס.,IL,מטליות הפלא 3 יח,יחידה,1.00,יחידה,false,1,13.90,13.90,true,1,
7290108352825,false,ספוג הפלא נירוסטה סנו סושי 3יח',ltdn s.k.a.tסנו מפעלי בר,CN,ספוג הפלא נירוסט,יחידה,1.00,יחידה,false,1,11.90,11.90,true,1,
7290108352849,false,שלישיית מטליות הפלא לניקוי כללי דקור סנו סושי,טרופיקל דגיל תעשיות,CN,מטלית הפלא,יחידה,1.00,יחידה,false,1,15.90,15.90,true,1,
7290108353099,false,ממחטות אף במארז ניילון סנו סופט 5 יח' * 100 דף,טרופיקל דגיל תעשיות,IL,ממחטות סופט מארז,יחידה,1.00,יחידה,false,1,13.70,13.70,true,1,
7290108353716,false,"קרמה - תחליב רחצה חימר פיטאיה 500 מ""ל","קוסמופארם בע""\מn\",IL,תחליב רחצה חימר,מיליליטרים,500.00,"100 מ""ל",false,1,11.90,2.38,true,1,
7290108353792,false,"תחליב רחצה יפן נקה 7 בניחוח פריחת הדובדבן 750 מ""ל","אמיליה קוסמטיקס בע""מ",IL,תחליב רחצה בניחו,מיליליטרים,750.00,"100 מ""ל",false,1,10.00,1.33,true,1,
7290108353815,false,"תחליב רחצה מדיטציה, בניחוח פצ'ולי לבנדר 600 מ""ל קרימה","קוסמופארם בע""\מ",IL,קרמה תחליב רחצה,מיליליטרים,600.00,"100 מ""ל",false,1,11.90,1.99,true,1,
7290108353891,false,"קרמה - דאודורנט רול און לאישה קרמה מאסק 75 מ""ל","קוסמופארם בע""\מ",IL,דאודורנט קרמה,מיליליטרים,75.00,"100 מ""ל",false,1,13.90,18.53,true,1,
7290108353907,false,"קרמה - דאודורנט רול און לאישה קרמה קלאסי 75 מ""ל","קוסמופארם בע""\מ",IL,דאודורנט קרמה,מיליליטרים,75.00,"100 מ""ל",false,1,13.90,18.53,true,1,
7290108353952,false,"קרמה - דאודורנט ספריי לאישה קרמה קלאסי 150 מ""ל",מיוצר עי : אמיליה קוסמטי,IL,דאודורנט קרמה,מיליליטרים,150.00,"100 מ""ל",false,1,16.90,11.27,true,1,
7290108353983,false,"קרמה - קרם גוף קרמה קלאסי 500 מ""ל",טרופיקל דגיל תעשיות,IL,קרם גוף קלאסי,מיליליטרים,500.00,"100 מ""ל",false,1,24.90,4.98,true,1,
7290108354065,false,קרמה מן גל רחצה פילינג 700 מל לגבר,קוסמופארם בע'\'\מ,IL,קרמה מן ג'ל רחצה,מיליליטרים,700.00,"100 מ""ל",false,1,22.90,3.27,true,1,
7290108354140,false,קרליין - נושם מגבוני דיאורדורנט פיור ורוד,החברה הדרומית,IL,מגבוני דאודורנט,יחידה,1.00,יחידה,false,1,9.90,9.90,true,1,
7290108354416,false,"תחליב רחצה יוגה, בניחוח ברגמוט 600מ""ל קרימה","קוסמופארם בע""\מ",IL,קרמה תחליב רחצה,מיליליטרים,600.00,"100 מ""ל",false,1,11.90,1.99,true,1,
7290108354430,false,"שמפו כיף לשיקום והזנה שמן קוקוס וקרטין 700 מ""ל",קוסמופארם בעמ,IL,שמפו כיף,מיליליטרים,700.00,"100 מ""ל",false,1,10.00,1.43,false,1,
7290108354461,false,קרליין 10 שמפו חימר לכל סוגי השיער 700 מ,"קוסמופארם בע""\מ",IL,קרליין שמפו חימר,מיליליטרים,700.00,"100 מ""ל",false,1,11.90,1.70,true,1,
7290108354478,false,קרליין 10 מרכך חימר לכל סוגי השיער 700 מ,"קוסמופארם בע""\מ",IL,קרליין מרכך חימר,מיליליטרים,700.00,"100 מ""ל",false,1,11.90,1.70,true,1,
7290108354577,false,רול און קרמה וניל פלפל75,"קוסמופארם בע""\מ.",IL,דאודורנט קרמה,מיליליטרים,75.00,"100 מ""ל",false,1,13.90,18.53,true,1,
7290108354591,false,"תחליב רחצה בניחוח מי קקטוס ושמן באבאסו 750 מ""ל נקה 7","אמיליה קוסמטיקס בע""מ",IL,תחליב רחצה נקה 7,מיליליטרים,750.00,"100 מ""ל",false,1,10.00,1.33,true,1,
7290108354614,false,"מרכך בניחוח מי קקטוס ושמן באבאסו 750 מ""ל נקה 7","אמיליה קוסמטיקס בע""מ",IL,מרכך נקה 7 קקטוס,מיליליטרים,750.00,"100 מ""ל",false,1,10.00,1.33,true,1,
7290108354706,false,"קרמה - תחליב רחצה מאסק 500 מ""ל","קוסמופארם בע""\מ",IL,תחליב רחצה קרמה,מיליליטרים,500.00,"100 מ""ל",false,1,11.90,2.38,true,1,
7290108354768,false,"קרמה קרם גוף דבש 500 מ""ל",מיוצר בסין.יבוא ושיו,IL,קרם גוף קרמה דבש,מיליליטרים,500.00,"100 מ""ל",false,1,24.90,4.98,true,1,
7290108354829,false,"קרם ידיים קרמה ורד וניל 100 מ""ל מ""ל",קוסמופארם,IL,קרמה קרם ידיים,מיליליטרים,100.00,"100 מ""ל",false,1,9.90,9.90,true,1,
7290108354836,false,קרם ידיים מרוכז לידיים יבשות מאוד בבישום עדין,קוסמופארם,IL,קרם ידיים מרוכז,מיליליטרים,50.00,"100 מ""ל",false,1,14.90,29.80,true,1,
7290108354850,false,"קרמה דאודורנט רול און בריזת ים 75 מ""ל",החברה הדרומית,IL,דאודורנט קרמה,מיליליטרים,75.00,"100 מ""ל",false,1,13.90,18.53,true,1,
7290108354980,false,קרם ידיים מרוכז לידיים יבשות מאוד ללא בישום,קוסמופארם,IL,קרם ידיים מרוכז,מיליליטרים,50.00,"100 מ""ל",false,1,14.90,29.80,true,1,
7290108355000,false,"שמפו מיניונים לילדים נקה 7 750 מ""ל",אמיליה קוסמטיקס,IL,שמפו נקה7,מיליליטרים,750.00,"100 מ""ל",false,1,13.90,1.85,true,1,
7290108355031,false,"נקה 7 אל סבון לילדים מיניונים 750 מ""ל",קוסמופארם בע'\'\מ,IL,אל סבון נקה7,מיליליטרים,750.00,"100 מ""ל",false,1,13.90,1.85,true,1,
7290108355079,false,לחו.לשיער מקצועי קוקוס נטורל פורמולה 400,נטורל פורמולה,IL,לחות נט.פורמולה,מיליליטרים,400.00,"100 מ""ל",false,1,29.90,7.48,true,1,
7290108355086,false,גלייז מקצועי לפיסול והגדרת תלתלים,נטורל פורמולה Natural Formula,IL,גלייז נט.פורמולה,מיליליטרים,350.00,"100 מ""ל",false,1,39.90,11.40,true,1,
7290108355178,false,"קרמה - קרם ידיים חמאת שיאה וקוקוי 100 מ""ל",החברה הדרומית,IL,קרמה קרם ידיים,מיליליטרים,100.00,"100 מ""ל",false,1,9.90,9.90,true,1,
7290108355185,false,"נטורל מסיכת קרטין אינטנס למניעת קשקשים 350 מ""ל",נטורל פורמולה Natural Formula,IL,מסכה נטורל פורמו,מיליליטרים,350.00,"100 מ""ל",false,1,39.90,11.40,true,1,
7290108355192,false,"נטורל מרכך קרטין אינטנס למניעת קשקשים 400 מ""ל",נטורל פורמולה Natural Formula,IL,מרכך נטורל פורמו,מיליליטרים,400.00,"100 מ""ל",false,1,29.90,7.48,true,1,
7290108355208,false,"שמפו קרטין אינטנס למניעת קשקשים נטורל 400 מ""ל",נטורל פורמולה Natural Formula,IL,שמפו נטורל פורמו,מיליליטרים,400.00,"100 מ""ל",false,1,29.90,7.48,true,1,
7290108355215,false,נ.פורמולה קרטין אינטנס מסכה לשיער +משאבה,נטורל פורמולה,IL,מסכת קרטין,מיליליטרים,450.00,"100 מ""ל",false,1,43.90,9.76,true,1,
7290108355697,false,"קרליין - בודי מיסט פיור לוב 250 מ""ל",החברה הדרומית,IL,קרליין בודי מיסט,מיליליטרים,250.00,"100 מ""ל",false,1,39.90,15.96,true,1,
7290108355765,false,דאודורנט ספריי קרמה בניחוח לבנדר ואקליפטוס,מיוצר עי : אמיליה קוסמטי,IL,דאודורנט קרמה,מיליליטרים,150.00,"100 מ""ל",false,1,16.90,11.27,true,1,
7290108355802,false,"תחליב רחצה קרמה ורד ווניל 700 מ""ל",גוד פוד פרודקטס S.p,IL,תחליב רחצה קרמה,מיליליטרים,700.00,"100 מ""ל",false,1,18.90,2.70,true,1,
7290108355949,false,"תחליב רחצה קרמה נרולי ומנגוליה 700 מ""ל",קוסמופארם בעמ,IL,תחליב רחצה קרמה,מיליליטרים,700.00,"100 מ""ל",false,1,18.90,2.70,true,1,
7290108356021,false,כיף תחליב רחצה בניחוח גלידת קרם עוגיות,גוד פוד פרודקטס S.p,IL,כיף תחליב רחצה,מיליליטרים,700.00,"100 מ""ל",false,1,10.00,1.43,true,1,
7290108356106,false,כיף תחליב רחצה חלב שקדים 700 מל,החברה הדרומית,IL,כיף תחליב רחצה,מיליליטרים,700.00,"100 מ""ל",false,1,10.00,1.43,true,1,
7290108356113,false,כיף תחליב רחצה חלב ודבש 700 מל,קוסמופארם בעמ,IL,כיף תחליב רחצה,מיליליטרים,700.00,"100 מ""ל",false,1,10.00,1.43,true,1,
7290108356120,false,"תחליב רחצה כיף קוקוס וניל 700 מ""ל",קוסמופארם,IL,כיף תחליב רחצה,מיליליטרים,700.00,"100 מ""ל",false,1,10.00,1.43,true,1,
7290108356151,false,"תחליב רחצה כיף מאסק יסמין 700 מ""ל",גוד פוד פרודקטס S.p,IL,כיף תחליב רחצה,מיליליטרים,700.00,"100 מ""ל",false,1,10.00,1.43,true,1,
7290108356168,false,"כיף - תחליב רחצה אוקיינוס 700 מ""ל",גוד פוד פרודקטס S.p,IL,כיף תחליב רחצה,מיליליטרים,700.00,"100 מ""ל",false,1,10.00,1.43,true,1,
7290108356175,false,כיף אל סבון אבטיח ומנטה 1 ליטר משאבה,טרופיקל דגיל תעשיות,IL,אל סבון כיף,ליטרים,1.00,ליטר,false,1,12.90,12.90,true,1,
7290108356182,false,כיף אל סבון תאנה ותה ירוק 1 ליטר משאבה,קוסמופארם בע'\'\מ,IL,אל סבון כיף,ליטרים,1.00,ליטר,false,1,12.90,12.90,true,1,
7290108356229,false,ג'ל גילוח לכל סוגי העור מועשר בפחם פעיל,טרופיקל דגיל תעשיות,TR,ג'ל גילוח מטהר,מיליליטרים,200.00,"100 מ""ל",false,1,16.90,8.45,true,1,
7290108356489,false,"כיף - תחליב רחצה אפרסק וחמאת מורומורו 700 מ""ל",קוסמופארם בעמ,IL,תחליב רחצה אפרסק,מיליליטרים,700.00,"100 מ""ל",false,1,10.00,1.43,true,1,
7290108356519,false,קרליין שמפו 10למניעת קשקשים 700מל,"קוסמופארם בע""\מ",IL,שמפו 10 קרליין,מיליליטרים,700.00,"100 מ""ל",false,1,11.90,1.70,true,1,
7290108356564,false,"קרליין - מרכך 10 לשיער רגיל 700 מ""ל","קוסמופארם בע""\מn\",IL,מרכך 10 קרליין,מיליליטרים,700.00,"100 מ""ל",false,1,11.90,1.70,true,1,
7290108356571,false,"קרליין - מרכך 10 לשיער יבש 700 מ""ל","קוסמופארם בע""\מ",IL,מרכך 10 קרליין,מיליליטרים,700.00,"100 מ""ל",false,1,11.90,1.70,true,1,
7290108356717,false,"כיף - כיף לגבר ULTRA POWER, 3 ב-1, שמפו, ג'ל רחצה וסבון פנים, קפאין",קוסמופארם בעמ,IL,3 ב1- לגבר מועשר,מיליליטרים,700.00,"100 מ""ל",false,1,10.00,1.43,true,1,
7290108357004,false,כיף שמפו ורד ושמן קוקוי לרכות וברק,טרופיקל דגיל תעשיות,IL,שמפו כיף,מיליליטרים,700.00,"100 מ""ל",false,1,10.00,1.43,true,1,
7290108357011,false,כיף קונדישינר לשיער שמן קוקוי 700 מל,טרופיקל דגיל תעשיות,IL,מרכך שיער כיף,מיליליטרים,700.00,"100 מ""ל",false,1,10.00,1.43,true,1,
7290108357059,false,"קרליין - נושם ביו דאודורנט רול און 75 מ""ל Secret Garden לאישה","קוסמופארם בע""\מ",IL,דאו.רול און ביו,מיליליטרים,75.00,"100 מ""ל",false,1,16.90,22.53,true,1,
7290108357097,false,"קרליין - נושם ביו דאודורנט ספריי 150 מ""ל Velvet Rose לאישה",קוסטר אירוסול,IL,דאו.ספריי ביו,מיליליטרים,150.00,"100 מ""ל",false,1,15.90,10.60,true,1,
7290108357110,false,"קרליין - נושם ביו דאודורנט רול און 75 מ""ל Valvet Rose לאישה","קוסמופארם בע""\מ",IL,דאו.רולאון ביו,מיליליטרים,75.00,"100 מ""ל",false,1,16.90,22.53,true,1,
7290108357240,false,סנו אוקסיג'ן אבקה לכביסה להסרת כתמים קשים,החברה הדרומית,IL,אוקסיג'ן פאואר,קילוגרמים,1.40,"ק""ג",false,1,38.90,27.79,true,1,
7290108357509,false,"קרמה קרם גוף וניל ופלפל ורוד 500 מ""ל",טרופיקל דגיל תעשיות,IL,קרם גוף קרמה,מיליליטרים,500.00,"100 מ""ל",false,1,24.90,4.98,true,1,
7290108357578,false,"קרמה קרם ידיים וניל ופלפל ורוד 100 מ""ל","קוסמופארם בע""\מ.",IL,קרם ידיים קרמה,מיליליטרים,100.00,"100 מ""ל",false,1,9.90,9.90,true,1,
7290108357707,false,"כיף שמפו לשיער רגיל- תפוח זרעי צ'יה 700 מ""ל",גוד פוד פרודקטס S.p,IL,כיף שמפו,מיליליטרים,700.00,"100 מ""ל",false,1,10.00,1.43,true,1,
7290108357714,false,"כיף שמפו לשיער יבש -רימונים ושמן ארגן 700 מ""ל",גוד פוד פרודקטס S.p,IL,כיף שמפו,מיליליטרים,700.00,"100 מ""ל",false,1,10.00,1.43,true,1,
7290108357745,false,שמפו ומרכך 2 ב-1 תאנה ומנטה לכל סוגי השיער,גוד פוד פרודקטס S.p,IL,כיף 2in1 שמפו,מיליליטרים,700.00,"100 מ""ל",false,1,10.00,1.43,true,1,
7290108357769,false,"מרכך לשיער רגיל תפוח וזרעי צ'יה 700 מ""ל כיף",גוד פוד פרודקטס S.p,IL,כיף מרכך שיער,מיליליטרים,700.00,"100 מ""ל",false,1,10.00,1.43,true,1,
7290108357837,false,כיף אל סבון 1 ליטר ג'נסינג שקית מילוי + פקק,"קוסמופארם בע""\מ",IL,כיף שקית מילוי,ליטרים,1.00,ליטר,false,1,10.00,10.00,true,1,
7290108357844,false,שקית מילוי אל סבון בניחוח גינסנג 1 ל' כיף,"קוסמופארם בע""\מ",IL,כיף שקית מילוי,ליטרים,1.00,ליטר,false,1,10.00,10.00,true,1,
7290108357851,false,"כיף - ג'ל רחצה אליקסיר אוילס מועשר בשמן קוקוס 700 מ""ל","קוסמופארם בע""\מ",IL,כיף ג'ל רחצה,מיליליטרים,700.00,"100 מ""ל",false,1,10.00,1.43,true,1,
7290108357868,false,"כיף - ג'ל רחצה אליקסיר אויל מועשר בשמן מקדמיה 700 מ""ל","קוסמופארם בע""\מ",IL,כיף ג'ל רחצה,מיליליטרים,700.00,"100 מ""ל",false,1,10.00,1.43,true,1,
7290108357875,false,"כיף - שמפו לחות מוגברת עם אפרסק וחמאת מורומורו 700 מ""ל",קוסמופארם בעמ,IL,כיף שמפו אפרסק,מיליליטרים,700.00,"100 מ""ל",false,1,10.00,1.43,true,1,
7290108358070,false,"תחליב רחצה קרמה קלאסי 700 מ""ל",גוד פוד פרודקטס S.p,IL,קרמה תחליב רחצה,מיליליטרים,700.00,"100 מ""ל",false,1,18.90,2.70,true,1,
7290108359077,false,סנו - סופט לושן ממחטות אף בקופסא 3 שכבות 120 יח',"סנו מפעלו ברונוס בע""\מ",EG,סופט לושן ממחטות,יחידה,1.00,יחידה,false,1,14.90,14.90,true,1,
7290108359824,false,"כיף - בייבי כיף קרם 500 מ""ל",קוסמופארם בעמ,IL,קרם גוף בייבי,מיליליטרים,500.00,"100 מ""ל",false,1,24.90,4.98,true,1,
7290108359985,false,סנו - ז'אוול מרסס קצף לניקוי וחינו בניחוח פריחה לבנה 1 ליטר,סנו ז'אוול Javel,IL,ג'אוול קצף ניקוי,ליטרים,1.00,ליטר,false,1,19.90,19.90,true,1,
7290109341019,false,היילייטר מתנה-פילו טוק י,,IL,היילייטר מתנה-פי,יחידה,1.00,יחידה,false,1,155.00,155.00,true,1,
7290110327798,false,חטיף חלבון GO בטעם שוקולד 20 גרם חלבון,"בלמונט קונפקציות בע""\מ.",US,חטיף חלבון,גרמים,60.00,100 גרם,false,1,13.90,23.17,true,1,
7290110327811,false,חטיף חלבון GO בטעם קוקוס 20 גרם חלבון,"בלמונט קונפקציות בע""\מ.",US,חטיף חלבון,גרמים,60.00,100 גרם,false,1,13.90,23.17,true,1,
7290110327828,false,חטיף חלבון GO בטעם חמאת בוטנים 20 גרם חלבון,"בלמונט קונפקציות בע""\מ.",US,חטיף חלבון,גרמים,60.00,100 גרם,false,1,13.90,23.17,true,1,
7290110450502,false,סומק עם מראה אידיליק40,גייד,IL,סומק עם מראה 40,יחידה,1.00,יחידה,false,0,89.00,89.00,true,1,
7290110451578,false,גייד אקווה גולט קרם גל ממריץ לעיניים 15,דניה,CH,אקווה ג'ולט עיני,מיליליטרים,15.00,"100 מ""ל",false,1,89.00,593.33,true,1,
7290110452070,false,גייד מים מיסלריים לניקוי פנים 200 מל,דניה,IL,מים מיסלריים לני,מיליליטרים,200.00,"100 מ""ל",false,1,45.00,22.50,true,1,
7290110454975,false,שפתון גלוס עמיד 88 יח',,IT,שפתון גלוס עמיד,יחידה,1.00,יחידה,false,1,79.00,79.00,true,1,
7290110455071,false,גייד סיבי2 בוטניק קרם לחות מרגיע עם שמן,דניה,IL,בוטניק קרם לחות,מיליליטרים,50.00,"100 מ""ל",false,1,159.00,318.00,true,1,
7290110455651,false,קריסטל לייטס ליפ 821 יח',,IL,קריסטל לייטס ליפ,יחידה,1.00,יחידה,false,1,79.00,79.00,true,1,
7290110455828,false,סלפי 2 מארז יח',,IL,סלפי 2 מארז,יחידה,1.00,יחידה,false,1,114.00,114.00,true,1,
7290110456122,false,גייד סידאולוגי קרם עיניים להפחתת סימני ע,דניה,IL,סידאולוגי קרם עי,מיליליטרים,15.00,"100 מ""ל",false,1,149.00,993.33,true,1,
7290110456238,false,לק קריסטל גלו 662 יח',,FR,לק קריסטל גלו662,יחידה,1.00,יחידה,false,1,19.00,19.00,true,1,
7290110457303,false,גלו FX שלושה גוונים 139,,IL,גלו FX שלושה גוו,יחידה,1.00,יחידה,false,1,99.00,99.00,true,1,
7290110572129,false,כיף כף מקלות שוקולד לבן 40 ג' עלית,סולן בעבור שטראוס,TR,כיף כף מקלות,גרמים,40.00,100 גרם,false,1,6.50,16.25,true,1,
7290111091520,false,"דר' עור תחליב רחצה קלאסי -קוקוס 700 מ""ל","אמיליה קוסמטיקס בע""מ",IL,תחליב רחצה,מיליליטרים,700.00,"100 מ""ל",false,1,19.90,2.84,true,1,
7290111093722,false,"קצף עדין לניקוי הפנים לילך מאסק 150 מ""ל DR OR",ניאופארם,IL,ג'ל ניקוי פנים,מיליליטרים,150.00,"100 מ""ל",false,1,19.90,13.26,true,1,
7290111096921,false,קוויק מגבונים לניקוי כללי בתוספת חומץ ומלח לימון 50 יח',די.פי.אל,IL,קוויק מגבונים,יחידה,1.00,יחידה,false,1,9.90,9.90,true,1,
7290111097041,false,מגבוני בייביסיטר מבושמים 66*8,קיבוץ עמיר dpl,IL,מגבוני בייביסיטר,יחידה,1.00,יחידה,false,1,22.90,22.90,true,1,
7290111170775,false,Fujicom כבל 2.0 USB Type C,פוג'יקום,CN,כבל USB 2.0,יחידה,1.00,יחידה,false,1,29.90,29.90,true,1,
7290111341434,false,תחבושות דיפנד נורמל אקטיב לנשים 12 יח,קימברלי קלארק,IL,תחבושות דיפנד,יחידה,1.00,יחידה,false,1,21.90,21.90,true,1,
7290111341496,false,תחבושות דיפנד מיני אקטיב לנשים 14 יח,קימברלי קלארק,IL,תחבושות דיפנד,יחידה,1.00,יחידה,false,1,21.90,21.90,true,1,
7290111341984,false,לילי - מגבוני נייר טואלט לח פיור רביעייה,קימברלי,IL,נייר טואלט לח4יח,יחידה,1.00,יחידה,false,1,25.90,25.90,true,1,
7290111342042,false,ניקול כריות יפניות אנטיבקטריאלי 4 יחידות,פלסטו פוליש,IL,כריות יפניות,יחידה,1.00,יחידה,false,1,13.90,13.90,true,1,
7290111344459,false,קוטוקס תחבושות נייט אקסטרא לונג 20 יח',חוגלה קימברלי,CN,תחבושות נייט,יחידה,1.00,יחידה,false,1,21.90,21.90,true,1,
7290111344732,false,קלינקס - טיישו אלרג'י קומפורט ניילון זוגות 140 דף,קימברלי קלארק,IL,קלינקס זוג,יחידה,1.00,יחידה,false,1,16.90,16.90,true,1,
7290111344824,false,מגן תחתון קוטקס אקסטרא אנטיבקטריאלי לארג',חוגלה,CN,מגן תחתון קוטקס,יחידה,1.00,יחידה,false,1,21.90,21.90,true,1,
7290111344855,false,קוטקס - מגיני יום אקסטרא פרוטקט לארג' ביג 52 יח',חוגלה קימברלי,CN,מגן תחתון קוטקס,יחידה,1.00,יחידה,false,1,21.90,21.90,true,1,
7290111344879,false,קוטקס מגיני תחתון 2IN1 מחזור+שתן 44 יחיד,חוגלה,CN,מגן תחתון קוטקס,יחידה,1.00,יחידה,false,1,21.90,21.90,true,1,
7290111345753,false,תחבושות נטורל דואו נורמל 24 יח' קוטקס,קריות זול,CZ,תחבושות כותנה נו,יחידה,1.00,יחידה,false,1,21.90,21.90,true,1,
7290111345760,false,תחבושות נטורל דואו סופר 18 יח' קוטקס,קריות זול,CZ,תחבושות קוטקס,יחידה,1.00,יחידה,false,1,21.90,21.90,true,1,
7290111564277,false,פריכיות דקות ונימוחות 3 דגנים פיטנס Fitness,פרח תעשיות בעמ,IL,פריכיות פיטנס,גרמים,120.00,100 גרם,false,1,12.90,10.75,true,1,
7290111564291,false,פריכיות דקות ונימוחות 3 דגנים וקינואה פיטנס Fitness,פרח תעשיות בעמ,IL,פריכיות פיטנס,גרמים,120.00,100 גרם,false,1,12.90,10.75,true,1,
7290111930935,false,חטיף פוף טבעות קלאסי 40 גרם,פוף POOF,IL,פוף טבעות,גרמים,40.00,100 גרם,false,1,4.90,12.25,true,1,
7290111935800,false,דאו ליידי ספיד סטיק דרמה ויטמין אי 45 גר,ליידי ספיד סטיק Lady Speed Stick,US,ליידי ספיד סטיק,גרמים,45.00,100 גרם,false,1,17.90,39.78,true,1,
7290111936296,false,"פלמוליב סבון נוזלי בניחוח סנסיישן מסאז' ,750 מ""ל",קולגייט פלמוליב,TR,סבון פלמוליב,מיליליטרים,750.00,"100 מ""ל",false,1,22.90,3.05,true,1,
7290111937095,false,ליידי ספיד סטיק דרמה רול און אלוורה,Colgate - Mexico,MX,ליידי ספיד סויק,מיליליטרים,50.00,"100 מ""ל",false,1,14.90,29.80,true,1,
7290112001740,false,ויט רצועות שעווה לפנים 40 יחידות,רקיט בנקיזר,FR,רצועות שעווה ויט,יחידה,1.00,יחידה,false,1,49.90,49.90,true,1,
7290112002457,false,דטול - שלישיית מגבונים לניקוי וחיטוי בניחוח לימון,רקיט בנקיזר,PL,דטול מגבונים 3יח,יחידה,1.00,יחידה,false,1,21.90,21.90,true,1,
7290112004970,false,פיניש אולטימייט קוואנטום 50 טבליות למדיח,רקיט בנקיזר,IL,פיניש אולטימייט,יחידה,1.00,יחידה,false,1,44.90,44.90,true,1,
7290112005076,false,וניש תוסף כביסה רב תכליתי לכביסה צבעונית,קליה וניש Kalia Vanish,IT,וניש אבקה לכביסה,גרמים,480.00,100 גרם,false,1,14.90,3.11,true,1,
7290112192561,false,"משחת שיניים פרודונטקס הגנה מלאה מרעננת הלבנה 75 מ""ל",ג'י.אס.קיי קונסיומר,IE,משחה פרודונטקס,מיליליטרים,75.00,"100 מ""ל",false,1,34.90,46.53,true,1,
7290112192875,false,"סנסודיין - משחת שיניים רגישות וחניכיים 75 מ""ל",סנסודיין Sensodyne,GB,משחת סנסודיין,מיליליטרים,75.00,"100 מ""ל",false,1,34.90,46.53,true,1,
7290112192882,false,"סנסודיין - משחת שיניים רגישות וחניכיים מלבינה 75 מ""ל",ג'י.אס.קיי קונסיומר,GB,משחת סנסודיין,מיליליטרים,75.00,"100 מ""ל",false,1,34.90,46.53,true,1,
7290112197078,false,"סטייל - תחליב רחצה לניקוי וטיפוח הידיים חמאת שיאה 500 מ""ל",רנקסאן פלסטיק יאנגר,TR,תחליב ידיים,מיליליטרים,500.00,"100 מ""ל",false,1,12.90,2.58,true,1,
7290112336644,false,סוכריות מאסט ללא סוכר לימון 80 ג' עלית,שטראוס גרופ,PL,סוכריות מאסט,גרמים,80.00,100 גרם,false,1,8.90,11.13,true,1,
7290112343499,false,חטיף צ'יטוס פאפס אפוי בטעם גבינה,"שטראוס פריטו ליי בע""\מ )",IL,חטיף צ'יטוס puff,גרמים,55.00,100 גרם,false,1,3.90,7.09,true,1,
7290112351463,false,שלישיית סוכריות מאסט FRESH פטל לימון 45 ג' עלית,"הליקון גידה בע""\מ",TR,"סוכריות לל""ס",גרמים,45.00,100 גרם,false,1,9.90,22.00,true,1,
7290112351470,false,סוכריות ללא סוכר בטעם תות רימון מאסט פרש,"הליקון גידה בע""\מ",TR,"סוכריות לל""ס",גרמים,45.00,100 גרם,false,1,9.90,22.00,true,1,
7290112358004,false,פסק זמן קראנצ' עלית 32 גרם,שולן צ'\יקולטה גידה סאן.,TR,חטיף פסק זמן,גרמים,32.00,100 גרם,false,1,5.00,15.63,true,1,
7290112490827,false,תרסיס ריחני למייבש הכביסה בדין בייבי 500,"זוהר דליה, קיבוץ דליה, 1",IL,תרסיס בדין בייבי,מיליליטרים,500.00,"100 מ""ל",false,1,19.90,3.98,true,1,
7290112492456,false,"שמפו פינוק לשיער יבש/פגום 700 מ""ל",יוניליוור ישראל טיפוח אי,IL,שמפו לשיער יבש,מיליליטרים,700.00,"100 מ""ל",false,1,13.90,1.99,true,1,
7290112492685,false,פינוק מרכך לשיער רגיל אריזת נסיעות 100 מ,יוניליוור ישראל טיפוח אי,IL,מרכך פינוק,מיליליטרים,100.00,"100 מ""ל",false,1,6.50,6.50,true,1,
7290112492746,false,"מרכך פינוק אל דמע לסירוק קל לילדים 700 מ""ל",יוניליוור ישראל טיפוח אי,IL,מרכך פינוק ילדים,מיליליטרים,700.00,"100 מ""ל",false,1,14.90,2.13,true,1,
7290112494825,false,תרחיץ פנים לעור רגיש מכיל 25% קרם לחות,יוניליוור ישראל טיפוח אי,IL,דאב תרחיץ פנים,מיליליטרים,180.00,"100 מ""ל",false,1,15.90,8.83,true,1,
7290112497710,false,פינוק בייבי שמפו אל דמע לתינוקות 700 מל,יוניליוור ישראלn\טיפוח א,IL,בייבי שמפו תינוק,מיליליטרים,700.00,"100 מ""ל",false,1,16.90,2.41,true,1,
7290112499509,false,"רקסונה - דאודורנט ספריי לאישה בניחוח אפרסק ולמון גראס 150 מ""ל","ארנסט, רחוב קומבינצקיה 6",RU,דאו ספריי רקסונה,מיליליטרים,150.00,"100 מ""ל",false,1,17.90,11.93,true,1,
7290112968807,false,פיטנס - קרקר דק סלק 140 גרם,מפעל אסם יקנעם,IL,קרקר דק פיטנס,גרמים,140.00,100 גרם,false,1,14.90,10.64,true,1,
7290112968821,false,פיטנס - קרקר דק בטטה 140 גרם,מפעל אסם יקנעם,IL,קרקר דק פיטנס,גרמים,140.00,100 גרם,false,1,14.90,10.64,true,1,
7290113560055,false,פרודונטקס מי פה טיפול יומי לחניכיים 500,"מאסטרפוד אוסטריה בע""מ",GB,פרודונטקס מי פה,מיליליטרים,500.00,"100 מ""ל",false,1,31.90,6.38,true,1,
7290113560109,false,פרודונטקס מ.שיניים בטעם צמחי 75 מל,פרודונטקס Parodontax,SK,משחה פרודונטקס,מיליליטרים,75.00,"100 מ""ל",false,1,31.90,42.53,true,1,
7290114605342,false,פירסט סמייל רפידות הנקה גודל מדיום 110,צאנזו שאנג קאר פרודק,CN,רפידות הנקה,יחידה,1.00,יחידה,false,1,21.90,21.90,true,1,
7290114607391,false,"קולגייט משחת לילדים ברבי 2-5 שנים, 75 מ""ל",קולגייט פלמוליב,PL,קולגייט מינייוני,מיליליטרים,75.00,"100 מ""ל",false,1,16.90,22.53,true,1,
7290114720250,false,פוג'יקום מטען סוללות USB אוניברסלי,פוג'יקום,CN,מטען סוללות USB,יחידה,1.00,יחידה,false,1,79.00,79.00,true,1,
7290114720625,false,מטען אלחוטי MAH 5000 יחי,פוג'יקום,CN,מטען אלחוטי,יחידה,1.00,יחידה,false,1,79.00,79.00,true,1,
7290114720724,false,מארז זוגי של ראשי מברשת אוניברסליים פוג'יקום,פוג'יקום,CN,ראשי מברשת לאורל,יחידה,1.00,יחידה,false,1,24.90,24.90,true,1,
7290114721011,false,פוג'יקום כבל C TO LIGHTNING -USB,פוג'יקום,CN,כבל USB מאושר אפ,יחידה,1.00,יחידה,false,1,69.90,69.90,true,1,
7290114721301,false,זוג ראשי מברשות תואם אורל בי Sensitive,פוג'יקום,CN,ראש למברשת חשמלי,יחידה,1.00,יחידה,false,1,24.90,24.90,true,1,
7290114721400,false,זוג ראשי פחם Soft תואם אורל בי,פוג'יקום,CN,ראש למברשת חשמלי,יחידה,1.00,יחידה,false,1,24.90,24.90,true,1,
7290115205176,false,פיטנס - קרקר דק כפרי פיטנס 140 גרם,נסטלה Nestle,IL,קרקר דק פיטנס,גרמים,140.00,100 גרם,false,1,14.90,10.64,true,1,
7290115205312,false,קרקר פיטנס דק עם זיתי קלמטה ועשבי תיבול,"אסם השקעות בע""\מ",IL,קרקר דק פיטנס,גרמים,140.00,100 גרם,false,1,14.90,10.64,true,1,
7290115206319,false,מטרנה סנסיטיב HM-O לפגים 700 גרם,מטרנה תעשיות ש.מ,IL,מטרנה סנסטיב לפג,גרמים,700.00,100 גרם,false,1,69.90,9.99,true,1,
7290115209198,false,במבה אוורירית אסם 80 גרם,"אסם תעשיות בע""מ",IL,במבה אוורירית,גרמים,80.00,100 גרם,false,1,6.90,8.63,true,1,
7290115671223,false,מסטיק מאסט פאן אבטיח מנגו צנצנת 58 גרם,אסקום קונפקשיין,DE,מסטיק מאסט,גרמים,58.00,100 גרם,false,1,8.90,15.34,true,1,
7290115671346,false,מיני פינוקיות טופי קרמל מלוח עלית 180 גרם,"הגביע מוצרי ופלים בע""\מ",IL,מיני פינוקיות,גרמים,180.00,100 גרם,false,1,12.90,7.17,true,1,
7290115671353,false,מיני פינוקיות עוגיות קקאו במילוי קרם בטעם וניל,"הגביע מוצרי ופלים בע""\מ",IL,מיני פינוקיות,גרמים,180.00,100 גרם,false,1,12.90,7.17,true,1,
7290116244037,false,חד קרן אצבעות שוקולד חלב 84 גרם,סטילנד שוקולד,NL,אצבעות שוקולד,גרמים,84.00,100 גרם,false,1,10.90,12.98,true,1,
7290116930015,false,GO חטיף חלבון חטיף בוטנים קריספי 20 גרם חלבון,"בלמונט קונפקציות בע""\מ.",US,חטיף חלבון GO,גרמים,60.00,100 גרם,false,1,13.90,23.17,true,1,
7290116930022,false,חטיף חלבון GO קרם עוגיות ציפוי קריספי 20 גרם,"בלמונט קונפקציות בע""\מ.",US,חטיף חלבון GO,גרמים,60.00,100 גרם,false,1,13.90,23.17,true,1,
7290117380932,false,קרם ידיים + קרם שפתיים מ,,IL,קרם ידיים+שפתיים,יחידה,1.00,יחידה,false,1,44.90,44.90,true,1,
7290117382332,false,סלים דליס - חטיף חלבון מצופה שוקולד בטעם עוגיות 60 גרם,"י. מרבה ישראל בע""\מ",IT,סלים דליס חטיף,גרמים,60.00,100 גרם,false,1,12.90,21.50,true,1,
7290117825785,false,מסכה KN95 לבן 5 יחידות,,CN,מסכה לפנים KN95,יחידה,1.00,יחידה,false,1,10.00,10.00,true,1,
7290117825860,false,ממתק ליקריץ מקלות 35גר-בטעם פירות LOL,שמחה זה אנחנו,TR,ליקריץ מקלות פיר,גרמים,35.00,100 גרם,false,1,2.90,8.29,true,1,
7290117825914,false,ממתק מקלות קולה 35 גרם,,TR,ממתק מקלות קולה,גרמים,35.00,100 גרם,false,1,2.90,8.29,true,1,
7290117860045,false,שמפו תמציות אלוורה ותה ירוק לשיער רגיל,"טרופיקל דגיל בע""\מ",IL,שמפו הוואי,מיליליטרים,700.00,"100 מ""ל",false,1,14.90,2.13,true,1,
7290117860083,false,"הוואי קרם רחצה יוגורט בניחוח אירוס זהוב ודבש 700 מ""ל","טרופיקל דגיל בע""\מ",IL,קרם רחצה הוואי,מיליליטרים,700.00,"100 מ""ל",false,1,14.90,2.13,true,1,
7290117860090,false,מרכך תמציות אלוורה ותה ירוק לשיער רגיל,"טרופיקל דגיל בע""\מ",IL,מרכך מטפח לשיער,מיליליטרים,700.00,"100 מ""ל",false,1,14.90,2.13,true,1,
7290117860144,false,הוואי שמפו פירות אקזוטיים וקלנדולה 700,"טרופיקל דגיל בע""\מ",IL,שמפו הוואי,מיליליטרים,700.00,"100 מ""ל",false,1,14.90,2.13,true,1,
7290117860182,false,"הוואי - תחליב רחצה בניחוח מגנוליה ושמן שקדים 700 מ""ל","טרופיקל דגיל בע""\מ",IL,תחליב רחצה הוואי,מיליליטרים,700.00,"100 מ""ל",false,1,14.90,2.13,true,1,
7290117860199,false,שמפו שמן ורד הבר ושמן מקדמיה לשיער יבש,"טרופיקל דגיל בע""\מ",IL,שמפו הוואי,מיליליטרים,700.00,"100 מ""ל",false,1,14.90,2.13,true,1,
7290117860281,false,"הוואי - ג'ל רחצה לגבר בניחוח עוצמתי 700 מ""ל","טרופיקל דגיל בע""\מ",IL,ג'ל רחצה לגבר,מיליליטרים,700.00,"100 מ""ל",false,1,14.90,2.13,true,1,
7290117860298,false,שמפו קומפלקס קרטין לשיער עדין או חלש,"טרופיקל דגיל בע""\מ",IL,שמפו הוואי,מיליליטרים,700.00,"100 מ""ל",false,1,14.90,2.13,true,1,
7290117860342,false,מרכך קומפלקס קרטין לשיער עדין או חלש,"טרופיקל דגיל בע""\מ",IL,מרכך הוואי,מיליליטרים,700.00,"100 מ""ל",false,1,14.90,2.13,true,1,
7290117860595,false,הוואי מרכך לילדים רוזמרין מנגו ומשמש 700,"טרופיקל דגיל בע""\מ",IL,מרכך הוואי,מיליליטרים,700.00,"100 מ""ל",false,1,14.90,2.13,true,1,
7290117860694,false,הוואי מרכך קרטין קיק ללא סולפטים 700 מל,"טרופיקל דגיל בע""\מ",IL,מרכך הוואי,מיליליטרים,700.00,"100 מ""ל",false,1,14.90,2.13,true,1,
7290117860748,false,הוואי שמפו תמצית יסמין מעניק נפח 700 מל,"טרופיקל דגיל בע""\מ",IL,שמפו הוואי,מיליליטרים,700.00,"100 מ""ל",false,1,14.90,2.13,true,1,
7290117860892,false,"הוואי - תחליב רחצה יוגורט בניחוח וניל ודבש 700 מ""ל","טרופיקל דגיל בע""\מ",IL,תחליב רחצה הוואי,מיליליטרים,700.00,"100 מ""ל",false,1,14.90,2.13,true,1,
7290117860946,false,"תחליב רחצה יוגורט בניחוח קוקוס 700 מ""ל הוואי","טרופיקל דגיל בע""\מ",IL,תחליב רחצה הוואי,מיליליטרים,700.00,"100 מ""ל",false,1,14.90,2.13,true,1,
7290117860991,false,"תחליב רחצה יוגורט בניחוח שקדים 700 מ""ל הוואי","טרופיקל דגיל בע""\מ",IL,תחליב רחצה הוואי,מיליליטרים,700.00,"100 מ""ל",false,1,14.90,2.13,true,1,
7290118873082,false,אנטיגן משולב שפעת מארז חמישייה,,IL,בדיקות אנטיגן מש,יחידה,1.00,יחידה,false,1,49.90,49.90,true,1,
7296073095583,false,"אצטון שופרסל 100 מ""ל","ש. שוורץ )באר שבע( בע""\מ",IL,אצטון BE,מיליליטרים,100.00,"100 מ""ל",false,0,3.90,3.90,true,1,
7296073179863,false,דבש טבעי לחיץ שופרסל250ג,שופרסל,IL,דבש טבעי לחיץ,גרמים,250.00,100 גרם,false,0,13.90,5.56,true,1,
7296073195115,false,דייסת קורנפלור שופרסל200,שופרסל,IL,דייסת קורנפלור,גרמים,200.00,100 גרם,false,0,9.90,4.95,true,1,
7296073197478,false,שוקולד מריר שוויצרי100*3,"שוקולד פריי בע""מ",CH,שוקולד מריר 3 יח,גרמים,300.00,100 גרם,false,0,15.20,5.07,true,1,
7296073223009,false,שמן זית,,IT,שמן זית,מיליליטרים,750.00,"100 מ""ל",false,0,29.90,3.99,true,1,
7296073230656,false,מגבות נייר שופרסל 6 גל.,"שניב תעשיות נייר בע""\מ",IL,מגבות נייר,מטרים,63.00,מטר,false,0,12.90,0.20,true,1,
7296073237204,false,"4סכיני גילוח רב""פ שופרסל",אדג'וול,US,"סכין גילוח ר""פ",יחידה,1.00,יחידה,false,1,31.90,31.90,true,1,
7296073237556,false,ממחטות אף 100*5 יח',שניב תעשיות נייר,IL,ממחטות אף100*5יח,יחידה,1.00,יחידה,false,1,14.90,14.90,true,1,
7296073239017,false,מכשיר טרימר להסרת שיער,TECHONGGIES TAIKONE,CN,מכשיר טרימר,יחידה,1.00,יחידה,false,1,49.90,49.90,true,1,
7296073241522,false,ממחטות אף 100*5 יח,שניב תעשיות נייר,IL,ממחטות אף 5 יח,יחידה,1.00,יחידה,false,1,14.90,14.90,true,1,
7296073261384,false,"אל סבון מעורב 500*3 מ""ל",טאהא קימיה,TR,אל סבון נוזלי3יח,ליטרים,1.50,ליטר,false,1,12.90,8.60,true,1,
7296073272496,false,נייר טואלט דו שכבתי32גל,שניב תעשיות נייר,IL,נייר טואלט 32גל,מטרים,573.00,100 מטר,false,1,31.90,5.57,true,1,
7296073277248,false,מגבונים ללא בישום 64*5יח,דינמיק,IL,מגבונים לחים 5יח,יחידה,1.00,יחידה,false,1,19.90,19.90,true,1,
7296073277255,false,מארז מגבונים לחים 6 יח,דינמיק,IL,מארז מגבוניםלחים,יחידה,1.00,יחידה,false,1,19.90,19.90,true,1,
7296073281696,false,מגבוני טואלט לילד 40*3יח,שופרסל,IL,"מגבוני נ""ט לילד",יחידה,1.00,יחידה,false,1,9.90,9.90,true,1,
7296073286073,false,"אורז בסמטי בצנצנת 1 ק""ג",SETIA LAL CHAMAN,IN,אורז בסמטי,קילוגרמים,1.00,"ק""ג",false,1,9.90,9.90,true,1,
7296073330394,false,מברשת סומק זוויתית,BE NOW,CN,מברשת סומק זווית,יחידה,1.00,יחידה,false,0,39.90,39.90,true,1,
7296073330417,false,מברשת מחודדת למייקאפ,BE NOW,CN,מברשת למייקאפ,יחידה,1.00,יחידה,false,0,39.90,39.90,true,1,
7296073330493,false,מברשת לסומק משיער טבעי,BE NOW,CN,מברשת לסומק טבעי,יחידה,1.00,יחידה,false,0,49.90,49.90,true,1,
7296073330585,false,מחדד איפור,BE NOW,CN,מחדד איפור,יחידה,1.00,יחידה,false,0,6.90,6.90,true,1,
7296073330691,false,ספוגיות משולשות מתנפחות,BE NOW,CN,ספוגית מתנפחת מ.,יחידה,1.00,יחידה,false,0,17.90,17.90,true,1,
7296073330769,false,ספוג ביוטי למייקאפ טיפה,BE NOW,CN,ספוג מייקאפ טיפה,יחידה,1.00,יחידה,false,0,29.90,29.90,true,1,
7296073330936,false,פינצטה אפורה קצה ישר,BE NOW,CN,פינצטה ישרה אפור,יחידה,1.00,יחידה,false,0,19.90,19.90,true,1,
7296073330943,false,פינצטה אפורה קצה מכופף,BE NOW,CN,פינצטה מ. אפור,יחידה,1.00,יחידה,false,0,19.90,19.90,true,1,
7296073330950,false,פינצטה לבנה קצה אלכסון,BE NOW,CN,פינצטה א. לבן,יחידה,1.00,יחידה,false,0,14.90,14.90,true,1,
7296073330974,false,פינצטה לאב יו איכותית,BE NOW,CN,פינצטה לאב יו,יחידה,1.00,יחידה,false,0,19.90,19.90,true,1,
7296073331063,false,קוצץ גדול,BE NOW,CN,קוצץ גדול,יחידה,1.00,יחידה,false,0,9.90,9.90,true,1,
7296073331094,false,צבת אל חלד לעור,BE NOW,CN,צבת לעור,יחידה,1.00,יחידה,false,0,49.90,49.90,true,1,
7296073331216,false,מספריים אל חלד לשיער,BE NOW,CN,מספריים לשיער,יחידה,1.00,יחידה,false,0,39.90,39.90,true,1,
7296073331278,false,"פצירת מתכת ""7 ידית שחורה",BE NOW,CN,"פצירת מתכת ""7",יחידה,1.00,יחידה,false,0,14.90,14.90,true,1,
7296073331520,false,מברשת שיער שחור,BE NOW,CN,מברשת שיער שחור,יחידה,1.00,יחידה,false,0,19.90,19.90,true,1,
7296073331575,false,מברשת שיער מטקה ורודה L,BE NOW,CN,מברשת מטקה Lורוד,יחידה,1.00,יחידה,false,0,24.90,24.90,true,1,
7296073331629,false,מברשת שיער אובלית שחורה,BE NOW,CN,מברשת אובל שחורה,יחידה,1.00,יחידה,false,0,28.90,28.90,true,1,
7296073331681,false,מברשת קרמית לפן בינונית,BE NOW,CN,מברשת קרמית לפןM,יחידה,1.00,יחידה,false,0,37.90,37.90,true,1,
7296073331704,false,מברשת עץ לפן גדולה,BE NOW,CN,מברשת עץ לפן L,יחידה,1.00,יחידה,false,0,29.90,29.90,true,1,
7296073331766,false,מברשת ש.התרת קשרים ורודה,BE NOW,CN,מברשת קשרים,יחידה,1.00,יחידה,false,0,34.90,34.90,true,1,
7296073331810,false,מברשת שיער ספרים מקצועית,BE NOW,CN,מברשת שיער ספרים,יחידה,1.00,יחידה,false,0,29.90,29.90,true,1,
7296073331834,false,מברשת ש.עגולה עם שיערות,BE NOW,CN,מברשת עגולה שיער,יחידה,1.00,יחידה,false,0,39.90,39.90,true,1,
7296073331841,false,מסרק גדול שחור,BE NOW,CN,מסרק גדול שחור,יחידה,1.00,יחידה,false,0,9.90,9.90,true,1,
7296073331889,false,מסרק שחור עם ידית,BE NOW,CN,מסרק שחור ידית,יחידה,1.00,יחידה,false,0,9.90,9.90,true,1,
7296073331896,false,מסרק חום עם ידית,BE NOW,CN,מסרק חום ידית,יחידה,1.00,יחידה,false,0,9.90,9.90,true,1,
7296073331902,false,2 מברשות למריחת צבע שיער,BE NOW,CN,זוג מברשות לצבע,יחידה,1.00,יחידה,false,0,12.90,12.90,true,1,
7296073331919,false,מסרק ומברשת לצבע שיער,BE NOW,CN,מסרק ומברשת לצבע,יחידה,1.00,יחידה,false,0,6.90,6.90,true,1,
7296073331926,false,קערית לצבע לשיער,BE NOW,CN,קערית לצבע לשיער,יחידה,1.00,יחידה,false,0,9.90,9.90,true,1,
7296073331940,false,גומיות שחורות 12 יח,BE NOW,CN,12 גומיות שחורות,יחידה,1.00,יחידה,false,0,9.90,9.90,true,1,
7296073331988,false,גומיות שחורות דקות 12 יח,BE NOW,CN,12גומיות שחור דק,יחידה,1.00,יחידה,false,0,9.90,9.90,true,1,
7296073332091,false,מארז גומיות שחורות 32 יח,BE NOW,CN,מארז גומיות לשיע,יחידה,1.00,יחידה,false,0,19.90,19.90,true,1,
7296073332114,false,גומיות מגבת שחורות 8 יח,BE NOW,CN,8ג.מגבת שחור,יחידה,1.00,יחידה,false,0,9.90,9.90,true,1,
7296073332121,false,8 גומיות מגבת צבעוניות,BE NOW,CN,8ג.מגבת צבעוני,יחידה,1.00,יחידה,false,0,9.90,9.90,true,1,
7296073332138,false,8 גומיות מגבת צר שחור,BE NOW,CN,8ג.מגבת צר שחור,יחידה,1.00,יחידה,false,0,9.90,9.90,true,1,
7296073332145,false,8 גומיות מגבת צר צבעוני,BE NOW,CN,8ג.מגבת צר צבע,יחידה,1.00,יחידה,false,0,9.90,9.90,true,1,
7296073332152,false,16 גומיות מגבת קטן שחור,BE NOW,CN,16ג.מגבת S שחור,יחידה,1.00,יחידה,false,0,9.90,9.90,true,1,
7296073332169,false,16גומיות מגבת קטן צבעוני,BE NOW,CN,16ג.מגבת S צבע,יחידה,1.00,יחידה,false,0,9.90,9.90,true,1,
7296073332176,false,6 גומיות שחור פתוחות,BE NOW,CN,6גומיות ש. פתוח,יחידה,1.00,יחידה,false,0,9.90,9.90,true,1,
7296073332190,false,גומיות דקות לצמות 100 יח,BE NOW,CN,100 גומיות דקות,יחידה,1.00,יחידה,false,0,9.90,9.90,true,1,
7296073332220,false,2גומיות סקונצים עבה שחור,BE NOW,CN,2גומיות סקונצי'ם,יחידה,1.00,יחידה,false,0,14.90,14.90,true,1,
7296073332251,false,3 גומיות מסולסלות שחורות,BE NOW,CN,3גומיות מסולסלות,יחידה,1.00,יחידה,false,0,9.90,9.90,true,1,
7296073332497,false,סיכות סבתא שחור 40 יח,BE NOW,CN,40סיכות שחורות,יחידה,1.00,יחידה,false,0,14.90,14.90,true,1,
7296073332534,false,קליפסים קטנים 8 יח שחור,BE NOW,CN,8קליפסים S שחור,יחידה,1.00,יחידה,false,0,14.90,14.90,true,1,
7296073332541,false,קליפסים קטנים 8 יח חום,BE NOW,CN,8קליפסים S חום,יחידה,1.00,יחידה,false,0,14.90,14.90,true,1,
7296073332565,false,קליפס בינוני 4 יח חום,BE NOW,CN,4קליפס M חום,יחידה,1.00,יחידה,false,0,14.90,14.90,true,1,
7296073332572,false,קליפס בינוני חזק 3 יח,BE NOW,CN,3קליפס M חזק,יחידה,1.00,יחידה,false,0,14.90,14.90,true,1,
7296073332589,false,"קליפס ענק 13 ס""מ",BE NOW,CN,קליפס ענק 13 סמ,יחידה,1.00,יחידה,false,0,14.90,14.90,true,1,
7296073332619,false,קליפס L גומי מונע החלקה,BE NOW,CN,קליפס ענק גומי,יחידה,1.00,יחידה,false,0,19.90,19.90,true,1,
7296073332626,false,קליפס M חום ייחודי,BE NOW,CN,קליפסM חום מיוחד,יחידה,1.00,יחידה,false,0,12.90,12.90,true,1,
7296073332640,false,קליפס M שחור בצורת רשת,BE NOW,CN,קליפס M שחור רשת,יחידה,1.00,יחידה,false,0,10.90,10.90,true,1,
7296073332664,false,תופסן ספרים 3 יח,BE NOW,CN,תופסן ספרים 3 יח,יחידה,1.00,יחידה,false,0,9.90,9.90,true,1,
7296073332688,false,זוג קליפסים חום,BE NOW,CN,זוג קליפסים חום,יחידה,1.00,יחידה,false,0,9.90,9.90,true,1,
7296073332763,false,קשת עם שיניים גדולות,BE NOW,CN,קשת שיניים גדול,יחידה,1.00,יחידה,false,0,9.90,9.90,true,1,
7296073332817,false,כפפת רחצה,BE NOW,CN,כפפת רחצה,יחידה,1.00,יחידה,false,0,14.90,14.90,true,1,
7296073332862,false,ספוג רשת חיות,BE NOW,CN,ספוג רשת חיות,יחידה,1.00,יחידה,false,0,11.90,11.90,true,1,
7296073332879,false,ספוג רשת חיות כלבלב יח',BE NOW,CN,ספוג רשת חיות,יחידה,1.00,יחידה,false,1,11.90,11.90,true,1,
7296073332893,false,ספוג רשת שלישייה,BE NOW,CN,ספוג רשת שלישיה,יחידה,1.00,יחידה,false,0,9.90,9.90,true,1,
7296073332916,false,מברשת גב עץ,BE NOW,CN,מברשת גב עץ,יחידה,1.00,יחידה,false,0,21.90,21.90,true,1,
7296073332923,false,מברשת גב פלסטיק,BE NOW,CN,מברשת גב פלסטיק,יחידה,1.00,יחידה,false,0,19.90,19.90,true,1,
7296073332961,false,ספוג רחצה טבעי תה ירוק,BE NOW,CN,ספוג רחצה תה,יחידה,1.00,יחידה,false,0,29.90,29.90,true,1,
7296073333005,false,כובע אמבט כפול,BE NOW,CN,כובע אמבטיה כפול,יחידה,1.00,יחידה,false,0,16.90,16.90,true,1,
7296073333555,false,תיק איפור זהב,BE NOW,CN,תיק איפור זהב,יחידה,1.00,יחידה,false,0,29.90,29.90,true,1,
7296073333678,false,מברשת שיער מאורכת סגול L,BE NOW,CN,מברשת מ. Lסגול,יחידה,1.00,יחידה,false,0,24.90,24.90,true,1,
7296073333791,false,מברשת לצלליות מחודדת,BE NOW,CN,מברשת לצלליות,יחידה,1.00,יחידה,false,0,32.90,32.90,true,1,
7296073340096,false,שמפו מפרץ הרפתקאות 1ליטר,,TR,שמפו לילדים,ליטרים,1.00,ליטר,false,1,16.90,16.90,true,1,
7296073343264,false,פדים להסרת איפור-שלישיה,BE NOW,IL,פדים להסרת איפור,יחידה,1.00,יחידה,false,1,19.90,19.90,true,1,
7296073343271,false,פדים להסרת איפור יחידה,BE NOW,IL,פדים להסרת איפור,יחידה,1.00,יחידה,false,1,8.90,8.90,true,1,
7296073343288,false,צמר גפן 100 גר' יחידה,BE NOW,IL,צמר גפן 100 גר',גרמים,100.00,100 גרם,false,1,9.90,9.90,true,1,
7296073343295,false,קסמי אזניים פלסטיק 300 י,BE NOW,IL,קסמי אזניים פלסט,יחידה,1.00,יחידה,false,1,10.90,10.90,true,1,
7296073343301,false,קסמי אזניים פלסטיק 200 י,BE NOW,IL,קסמי אזניים פלסט,יחידה,1.00,יחידה,false,1,6.90,6.90,true,1,
7296073343318,false,קסמי אזניים פלסטיק 100י,BE NOW,IL,קסמי אזניים פלסט,יחידה,1.00,יחידה,false,1,2.90,2.90,true,1,
7296073343325,false,קסמי אזניים מעץ 100 יחיד,BE NOW,CN,קסמי אזניים מעץ,יחידה,1.00,יחידה,false,1,2.90,2.90,true,1,
7296073343479,false,"קרם חמצן 9% 60 מ""ל",,IL,קרם חמצן 9%,מיליליטרים,60.00,"100 מ""ל",false,1,4.90,8.17,true,1,
7296073343493,false,כדורי צמר גפן 100 יח',BE NOW,IL,כדורי צמר גפן,יחידה,1.00,יחידה,false,1,9.90,9.90,true,1,
7296073343592,false,Be אל סבון לידיים מארז,BE NOW,IL,אל סבון לידיים פ,מיליליטרים,1500.00,"100 מ""ל",false,1,12.90,0.86,true,1,
7296073343608,false,אל סבון לבנדר 1 ליטר BE,,IL,אל סבון לבנדר,ליטרים,1.00,ליטר,false,1,10.90,10.90,true,1,
7296073343615,false,אל סבון קמומיל 1 ליטר BE,,IL,אל סבון קמומילBE,ליטרים,1.00,ליטר,false,1,10.90,10.90,true,1,
7296073343653,false,"מסיר לק קלאסי 175 מ""ל BE",,TR,מסיר לק קלאסי,מיליליטרים,175.00,"100 מ""ל",false,1,10.90,6.23,true,1,
7296073343660,false,Be מסיר לק לא אציטון175מ,,TR,מסיר לק ללא אציט,מיליליטרים,175.00,"100 מ""ל",false,1,7.90,4.52,true,1,
7296073344018,false,מסיר צבע יחידה,BE NOW,IL,מסיר צבע,יחידה,1.00,יחידה,false,1,13.90,13.90,true,1,
7296073345299,false,משחת שיניים מלבינה 100מל,,BG,משחת שיניים,מיליליטרים,100.00,"100 מ""ל",false,1,10.90,10.90,true,1,
7296073345305,false,משחת שיניים פרופ+הרבל100,,BG,משחת שיניים הרבל,מיליליטרים,100.00,"100 מ""ל",false,1,8.90,8.90,true,1,
7296073345336,false,משחת שיניים לילדים 2-6,שופרסל,BG,משחת שיניים KIDS,מיליליטרים,50.00,"100 מ""ל",false,1,9.90,19.80,true,1,
7296073345459,false,קיסמים עם חוט בשקית50יח,,CN,קיסמים עם חוט,יחידה,1.00,יחידה,false,1,13.90,13.90,true,1,
7296073345466,false,32 קיסמי פלסטיק מברשת,,CN,קיסמי פלסטיק,יחידה,1.00,יחידה,false,1,13.90,13.90,true,1,
7296073345473,false,חוט דנטלי שעווה 50 מטר,,CN,חוט דנטלי שעווה,מטרים,50.00,מטר,false,1,10.90,0.22,true,1,
7296073345480,false,חוט דנטלי שעווה מנטה 50מ,,CN,חוט דנטלי מנטה,מטרים,50.00,מטר,false,1,10.90,0.22,true,1,
7296073346333,false,עוגות אישיות קרם חלב350ג,קסליני,IT,עוגות אישיות,גרמים,350.00,100 גרם,false,1,14.90,4.26,true,1,
7296073346340,false,עוגות אישיות קרם שוקו350,קסליני,IT,עוגות אישיות,גרמים,350.00,100 גרם,false,1,14.90,4.26,true,1,
7296073348085,false,מברשת שיניים חשמלית,,CN,מברשת שיניים,יחידה,1.00,יחידה,false,1,41.90,41.90,true,1,
7296073348092,false,מברשת שיניים חשמלית ורוד,,CN,מברשת שינ.חשמלית,יחידה,1.00,יחידה,false,1,41.90,41.90,true,1,
7296073362821,false,סב.ידיים בצבעי פסטל500*3,טאהא קימיה,TR,סבון ידיים 3 יח,ליטרים,1.50,ליטר,false,1,14.90,9.93,true,1,
7296073363231,false,שמפו לשיער רגילBE 500,א.משי תעשיות,IL,שמפו לשיער רגיBE,מיליליטרים,500.00,"100 מ""ל",false,1,23.90,4.78,true,1,
7296073363859,false,מגבונים להסרת איפור 25יח,טרופיקל דגיל,IL,מגבונים להסרת אי,יחידה,1.00,יחידה,false,1,8.90,8.90,true,1,
7296073363934,false,צימרוני אוזניים עץ 200,BE NOW,IL,צימרוני אוזניים,יחידה,1.00,יחידה,false,1,4.90,4.90,true,1,
7296073364184,false,"שקיות סלייד 25*20 ס""מ 30",,CN,שקיות סלייד,יחידה,1.00,יחידה,false,1,13.90,13.90,true,1,
7296073364719,false,משחת שיניים לילדים גיל 6,MENUFACLURER,BG,משחת שיניים לילד,מיליליטרים,50.00,"100 מ""ל",false,1,8.90,17.80,true,1,
7296073375722,false,זוג כפיות סיליקון 2 יח,LUV.N`CARE,CN,זוג כפית סיליקון,יחידה,1.00,יחידה,false,1,29.90,29.90,true,1,
7296073380344,false,גומיות מנומרות שחורות יח,BE NOW,CN,גומיות מנומרות,יחידה,1.00,יחידה,false,1,14.90,14.90,true,1,
7296073380450,false,זוג מוצצים קצר 0-6 יחי,,CN,זוג מוצצים קצר,יחידה,1.00,יחידה,false,1,29.90,29.90,true,1,
7296073380665,false,מברשת התרת קשרים שחורה,BE NOW,CN,מברשת התרת קשרים,יחידה,1.00,יחידה,false,1,34.90,34.90,true,1,
7296073380825,false,Be ג'ל רחצה מקדמיה 700מ,קוסמטיקס,TR,Be ג'ל רחצה,מיליליטרים,700.00,"100 מ""ל",false,1,13.90,1.99,true,1,
7296073380870,false,דאו גברCookie Night 150,סאסא קוסמטיקס,IL,דאו לגבר,יחידה,1.00,יחידה,false,0,9.90,9.90,true,1,
7296073380917,false,רצועות שעווה לפנים 12 יח,VIOCOX,ES,רצועות שעווה,יחידה,1.00,יחידה,false,1,17.90,17.90,true,1,
7296073380924,false,רצועות שעווה לעור יבש 16,VIOCOX,ES,רצועות שעווה,יחידה,1.00,יחידה,false,1,17.90,17.90,true,1,
7296073380931,false,ג'ל אלכוהול 70%בניחוח ים,,TR,ג'ל אלכוהול 70%ב,מיליליטרים,500.00,"100 מ""ל",false,1,19.90,3.98,true,1,
7296073381174,false,מברשת ספרים עם שיער .,BE NOW,CN,מברשת ספרים,יחידה,1.00,יחידה,false,1,34.90,34.90,true,1,
7296073381181,false,קליפסים גודל בינוני זוג,BE NOW,CN,קליפסים גודל בינ,יחידה,1.00,יחידה,false,1,12.90,12.90,true,1,
7296073381228,false,"תחליב רחצה Rose 700 מ""ל",שופרסל,TR,תחליב רחצה,מיליליטרים,700.00,"100 מ""ל",false,1,12.90,1.84,true,1,
7296073381242,false,"תחליב רחצה Cotton700מ""",שופרסל,TR,תחליב רחצה,מיליליטרים,700.00,"100 מ""ל",false,1,12.90,1.84,true,1,
7296073381372,false,מברשת ציפורניים NOW יח',,CN,מברשת ציפורניים,יחידה,1.00,יחידה,false,1,9.90,9.90,true,1,
7296073381495,false,קליפסים גודל בינוני זוג,BE NOW,CN,זוג קליפסים,יחידה,1.00,יחידה,false,1,12.90,12.90,true,1,
7296073381501,false,קליפס בינוני חזק חום 3יח,BE NOW,CN,קליפס בינוני,יחידה,1.00,יחידה,false,1,14.90,14.90,true,1,
7296073386063,false,סכיני גילוח חד'פ לנשים 2,EDGEWELL,US,סכין גילוח 5 להב,יחידה,1.00,יחידה,false,1,24.90,24.90,true,1,
7296073392934,false,נייר טואלט גליל כפול24יח,,IL,נייר טואלט 24 גל,מטרים,860.00,100 מטר,false,1,39.90,4.64,true,1,
7296073408932,false,מגבונים לחיטוי+ניקוי20יח,,IL,מגבונים לחיטוי20,יחידה,1.00,יחידה,false,1,12.90,12.90,true,1,
7296073409144,false,מגבונים לחיטוי 50*3 יח',טרופיקל דגיל,IL,מגבונים לחיטוי,יחידה,1.00,יחידה,false,1,24.90,24.90,true,1,
7296073411246,false,מרכך מרוכז יסמין/לילך1ל,,IL,מרכך כביסה מרוכז,ליטרים,1.00,ליטר,false,1,14.90,14.90,true,1,
7296073414094,false,אטבי כביסה מסיליקון 24יח,נינגבו ארט,CN,אטבי כביסה 24 יח,יחידה,1.00,יחידה,false,1,20.00,20.00,true,1,
7296073415114,false,מגני תחתון נורמל 60 יח,קוראטקס,DE,מגני תחתון B,יחידה,1.00,יחידה,false,1,10.90,10.90,true,1,
7296073415121,false,מגני תחתון לארג' 52 יחיד,קוראטקס,DE,מגני תחתון B,יחידה,1.00,יחידה,false,1,10.90,10.90,true,1,
7296073415145,false,60מגני תחתון נערות נורמל,קוראטקס,DE,מגני תחתון B,יחידה,1.00,יחידה,false,1,10.90,10.90,true,1,
7296073415152,false,60מגני תחתון לנערות פלקס,קוראטקס,DE,מגני תחתון B,יחידה,1.00,יחידה,false,1,10.90,10.90,true,1,
7296073423645,false,פתי בר שופרסל 300 גרם,BV BISCUIT PALLY,NL,פתי בר,גרמים,300.00,100 גרם,false,1,4.90,1.63,true,1,
7296073441335,false,פריכיות אורז מלא 110 גרם,"פרח תעשיות מזון בע""\מ",IL,פריכיות אורז מלא,גרמים,110.00,100 גרם,false,1,6.90,6.27,true,1,
7296073444220,false,42 חיתולים שלב 4 שופרסל,די.פי.אל תעשיות מוצרים ח,IL,חיתולים שופרסל,יחידה,1.00,יחידה,false,1,29.90,29.90,true,1,
7296073444237,false,40חיתולים שלב 4+ שופרסל,די.פי.אל תעשיות מוצרים ח,IL,חיתולים שופרסל,יחידה,1.00,יחידה,false,1,29.90,29.90,true,1,
7296073444244,false,34 חיתולים שלב 5 שופרסל,די.פי.אל תעשיות מוצרים ח,IL,חיתולים שופרסל,יחידה,1.00,יחידה,false,1,29.90,29.90,true,1,
7296073444251,false,30 חיתולים שלב 6 שופרסל,די.פי.אל תעשיות מוצרים ח,IL,חיתולים שופרסל,יחידה,1.00,יחידה,false,1,29.90,29.90,true,1,
7296073445548,false,"מכשיר גילוח ר""פ לנשים2+",EDGEWELL,US,מ.גילוח לנשים,יחידה,1.00,יחידה,false,1,36.90,36.90,true,1,
7296073445555,false,סכיני גילוח רב''פ לנשים,EDGEWELL,US,סכיני גילוח נשים,יחידה,1.00,יחידה,false,1,34.90,34.90,true,1,
7296073445692,false,"מחית תפו""ע בננה שופרסל90",DELAFRUIT,ES,"מחית תפו""ע ובננה",גרמים,90.00,100 גרם,false,1,4.90,5.44,true,1,
7296073448136,false,חטיף ש.שועל שוק.מריר42*5,"אפקטבעי בע""\מ",IL,חטיף שבולת שועל,גרמים,210.00,100 גרם,false,1,13.90,6.62,true,1,
7296073448488,false,"Be שמפו לילדים 700 מ""ל",BFF,TR,Be שמפו לילדים,מיליליטרים,700.00,"100 מ""ל",false,1,14.90,2.13,true,1,
7296073448495,false,Beמרכך שיער לילדים700מל,BFF,TR,Be מרכך שיער ליל,מיליליטרים,700.00,"100 מ""ל",false,1,14.90,2.13,true,1,
7296073449119,false,"תחליב רחצה לנערות 700מ""ל",BFF,TR,תחליב רחצה,מיליליטרים,700.00,"100 מ""ל",false,1,14.90,2.13,true,1,
7296073449881,false,מגבות נייר גליל כפול 6יח,שניב תעשיות נייר,IL,מ.נייר גליל כפול,מטרים,130.00,מטר,false,1,19.90,0.15,true,1,
7296073451242,false,משטח עגלה,SUN,CN,משטח עגלה,יחידה,1.00,יחידה,false,1,59.90,59.90,true,1,
7296073451259,false,שמיכת חורף 2 שכבות,SUN,CN,שמיכת חורף,יחידה,1.00,יחידה,false,1,59.90,59.90,true,1,
7296073451266,false,דאו.ספריי פרש פאוו150מל,סאסא קוסמטיקס,IL,דאו.ספריי אישה,מיליליטרים,150.00,"100 מ""ל",false,1,11.90,7.93,true,1,
7296073457619,false,מחית תפוח דלעת ופשתן 90ג,DELAFRUIT,ES,מחית תפוח דלעת,גרמים,90.00,100 גרם,false,1,4.90,5.44,true,1,
7296073460404,false,מראת חיילים  מלבנית יח',,CN,מראת חיילים  מלב,יחידה,1.00,יחידה,false,1,14.90,14.90,true,1,
7296073496533,false,קרם ידיים passion Deep 1,א.משי תעשיות,IL,קרם ידיים p Deep,מיליליטרים,100.00,"100 מ""ל",false,1,19.90,19.90,true,1,
7296073496540,false,קרם ידיים passion Real 1,א.משי תעשיות,IL,קרם ידיים p Real,מיליליטרים,100.00,"100 מ""ל",false,1,19.90,19.90,true,1,
7296073496557,false,קרם ידיים passion Pure,א.משי תעשיות,IL,קרם ידיים Pure,מיליליטרים,100.00,"100 מ""ל",false,1,19.90,19.90,true,1,
7296073514930,false,אגוז מלך טבעי בצנצנת140ג,דין שיווק,US,אגוז מלך טבעי,גרמים,140.00,100 גרם,false,1,14.90,10.64,true,1,
7296073514961,false,פקאן טבעי בצנצנת 200גרם,דין שיווק,US,פקאן טבעי 200גרם,גרמים,200.00,100 גרם,false,1,26.90,13.45,true,1,
7296073516286,false,מגבונים לחים לילדים 72*4,"DPL בע""מ",IL,מגבונים לחים,יחידה,1.00,יחידה,false,1,14.90,14.90,true,1,
7296073527282,false,תירוש מיץ ענבים אדום750מ,כרם מהדרין,IL,תירוש מיץ ענבים,מיליליטרים,750.00,"100 מ""ל",false,1,10.00,1.33,true,1,
7296073528777,false,קיסמי אוזניים עץ שק300יח,אל ואי טי,CN,קיסמי אוזניים,יחידה,1.00,יחידה,false,1,6.90,6.90,true,1,
7296073531289,false,פדים להסרת איפור אובלי40,LTD CO S.T.O,TR,פדים להסרת איפור,יחידה,1.00,יחידה,false,1,7.90,7.90,true,1,
7296073552758,false,סבון נוזלי מעוצב שחור500,טאהא קימיה,TR,סבון נוזלי,מיליליטרים,500.00,"100 מ""ל",false,1,7.90,1.58,true,1,
7296073552833,false,"סבון נוזלי לבן 500 מ""ל",טאהא קימיה,TR,סבון נוזלי,מיליליטרים,500.00,"100 מ""ל",false,1,7.90,1.58,true,1,
7296073564683,false,BE אל סבון מאסק 1ליטר,טאהא קימיה,TR,BE אל סבון,ליטרים,1.00,ליטר,false,1,10.00,10.00,true,1,
7296073565161,false,קוצץ ציפורניים גדול מקצו,BE NOW,CN,קוצץ ציפורניים ג,יחידה,1.00,יחידה,false,1,19.90,19.90,true,1,
7296073566298,false,מטבעות שוקולד חלב 36 גרם,ואל קור קורסניני אס אנ ס,IT,מטבעות שוקולד,גרמים,37.00,100 גרם,false,1,3.90,10.54,true,1,
7296073596608,false,פצצת אמבטיה בצלופן שלישי,,IL,פצצת אמבטיה3*,יחידה,1.00,יחידה,false,1,29.90,29.90,true,1,
7296168001390,false,אציטון 100 גרם,איתן ספקים E,IL,אציטון,מיליליטרים,100.00,"100 מ""ל",false,0,5.90,5.90,true,1,
7296168089077,false,אצבעון לצחצוח שניים יח',סוויטי,CN,אצבעון לצחצוח שנ,יחידה,1.00,יחידה,false,1,11.90,11.90,true,1,
7296168089114,false,כוס חלוקה לאבקת חלב,סוויטי,IL,כוס חלוקה לאבקת,יחידה,1.00,יחידה,false,0,19.90,19.90,true,1,
7296168089183,false,מספריים לתינוק סוויט,סוויטי,IL,מספריים לתינוק,יחידה,1.00,יחידה,false,0,19.90,19.90,true,1,
7296169000613,false,פינצטה שחורה אלכסון רחבה קייזר,מג'יק,IL,פינצטה שחורה אלכ,יחידה,1.00,יחידה,false,0,24.90,24.90,true,1,
7296169000644,false,פינצטה קצה מוזהב אלכסון רחב קייזר,מג'יק,IL,פינצטה קייזר קצה,יחידה,1.00,יחידה,false,0,24.90,24.90,true,1,
7296169005519,false,"צבתית לציפורניים 10 ס""מ קייזר",,CN,צבתית לציפורניים,יחידה,1.00,יחידה,false,1,80.00,80.00,true,1,
7296179006292,false,שיק לק עמיד 282 יח,שיק לקים,IL,שיק לק עמיד,יחידה,1.00,יחידה,false,0,13.90,13.90,true,1,
7296179007411,false,שיק.מסיר לק לא אצטון250מ,שיק לקים,IL,שיק.מסיר לק ללא,מיליליטרים,250.00,"100 מ""ל",false,0,16.90,6.76,true,1,
7296179008319,false,שיק לק עמיד 480 יח,שיק לקים,IL,שיק לק עמיד,יחידה,1.00,יחידה,false,0,13.90,13.90,true,1,
7296179008883,false,לק עמיד 673,שיק לקים,IL,לק 673,יחידה,1.00,יחידה,false,0,13.90,13.90,true,1,
7296179010305,false,שיק לק עמיד 031,שיק לקים,IL,שיק לק עמיד,יחידה,1.00,יחידה,false,0,13.90,13.90,true,1,
7296179010312,false,שיק לק עמיד 032,שיק לקים,IL,שיק לק עמיד,יחידה,1.00,יחידה,false,0,13.90,13.90,true,1,
7296179010329,false,שיק לק עמיד 033,שיק לקים,IL,שיק לק עמיד,יחידה,1.00,יחידה,false,0,13.90,13.90,true,1,
7296179010381,false,שיק לק עמיד 039,שיק לקים,IL,שיק לק עמיד,יחידה,1.00,יחידה,false,0,13.90,13.90,true,1,
7296179010404,false,שיק לק עמיד 041,שיק לקים,IL,שיק לק עמיד,יחידה,1.00,יחידה,false,0,13.90,13.90,true,1,
7296179010596,false,שיק לק עמיד 060,שיק לקים,IL,שיק לק עמיד,יחידה,1.00,יחידה,false,0,13.90,13.90,true,1,
7296179011180,false,שיק לק עמיד 258,שיק לקים,IL,שיק לק עמיד,יחידה,1.00,יחידה,false,0,13.90,13.90,true,1,
7296179011524,false,שיק לק עמיד 201,שיק לקים,IL,שיק לק עמיד,יחידה,1.00,יחידה,false,0,13.90,13.90,true,1,
7296179011791,false,מחזק ציפורניים סגול,שיק לקים,IL,מחזק ציפורניים,יחידה,1.00,יחידה,false,0,32.90,32.90,true,1,
7296179011999,false,מחזק ציפורניים אורנג 17,,IL,מחזק ציפורניים א,מיליליטרים,17.00,"100 מ""ל",false,1,32.90,193.53,true,1,
7296179012071,false,שיק לק עמיד 266,שיק לקים,IL,שיק לק עמיד,יחידה,1.00,יחידה,false,0,13.90,13.90,true,1,
7296179012705,false,שיק לק עמיד 488,שיק לקים,IL,שיק לק עמיד,יחידה,1.00,יחידה,false,0,13.90,13.90,true,1,
7296179014778,false,לק עמיד 115,שיק לקים,IL,לק 115,יחידה,1.00,יחידה,false,0,13.90,13.90,true,1,
7296179021028,false,לק עמיד 036,שיק לקים,IL,שיק.לק 36,יחידה,1.00,יחידה,false,0,13.90,13.90,true,1,
7296179021240,false,לק 800,שיק לקים,IL,לק 800,יחידה,1.00,יחידה,false,0,13.90,13.90,true,1,
7296179021660,false,מידנייט חמאת גוף 300 מל,שיק תעשיות תמרוקים,IL,חמאת גוף מבושמת,מיליליטרים,300.00,"100 מ""ל",false,0,49.90,16.63,true,1,
7296179024562,false,מסיר לק בניחוח תות100 מל,,IL,מסיר לק בניחוח,מיליליטרים,100.00,"100 מ""ל",false,1,7.90,7.90,true,1,
7296179024586,false,"מסיר לק לילך י100 מ""ל",,IL,מסיר לק לילך,מיליליטרים,100.00,"100 מ""ל",false,1,7.90,7.90,true,1,
7296179024593,false,"מסיר לק קוקוס 100 מ""ל",,IL,מסיר לק קוקוס,מיליליטרים,100.00,"100 מ""ל",false,1,7.90,7.90,true,1,
7296179024609,false,"מסיר לק תפוח 100 מ""ל",,IL,מסיר לק תפוח,מיליליטרים,100.00,"100 מ""ל",false,1,7.90,7.90,true,1,
7296179029123,false,לק עמיד 808 יח',שיק לקים,IL,לק עמיד 808,יחידה,1.00,יחידה,false,1,13.90,13.90,true,1,
7296179029642,false,מידנייט WILD דאודורנט רול און 80 מל,חלאבין,IL,רול און 80 מ'ל,מיליליטרים,80.00,"100 מ""ל",false,1,22.90,28.63,true,1,
7296179029765,false,לק עמיד 812 יח',,IL,לק עמיד 812,יחידה,1.00,יחידה,false,1,13.90,13.90,true,1,
7298074501018,false,בליסטקס קלאסיק שפתון לשפתיים יבשות וסדוק,מדיליין פריגו,US,בליסטקס קלאסיק,יחידה,1.00,יחידה,false,1,15.90,15.90,true,1,
7298074502015,false,בליסטקס ליפ סרום - בליסטר,מדיליין פריגו,US,בליסטקס ליפ סרום,יחידה,1.00,יחידה,false,1,29.90,29.90,true,1,
7298074502268,false,בליסטקס ליפ אינפיוזן כחול HYDRATION,מדיליין פריגו,US,בליסטקס אינפיוזן,יחידה,1.00,יחידה,false,1,19.90,19.90,true,1,
7501013101355,false,"נקטר בטעם אפרסק 500 מ""ל JUMEX",חומקס קומר קומרסאליזדורה,MX,משקה גומקס אפרסק,מיליליטרים,473.00,"100 מ""ל",false,1,8.90,1.88,true,1,
7501013101393,false,"נקטר בטעם אננס טבעי 500 מ""ל JUMEX",חומקס קומר קומרסאליזדורה,MX,משקה ג'ומקס אננס,מיליליטרים,473.00,"100 מ""ל",false,1,8.90,1.88,true,1,
7613039547632,false,גרבר מחית תפוח בננה ותות 90 גרם פאוץ,שוורצקוף& הנקל דיסלד,ES,פאוץ גרבר תפוח,גרמים,90.00,100 גרם,false,1,5.90,6.56,true,1,
7613039547922,false,גרבר מחית אגס תפוח ובננה 90 גרם פאוץ,נסטלה ספרד,ES,פאוץ גרבר אגס,גרמים,90.00,100 גרם,false,1,5.90,6.56,true,1,
7613039879382,false,גרבר - מחית תפוחי עץ 190 גרם,נסטלה פולסקה אס.איי,PL,גרבר מחי תפוח עץ,גרמים,190.00,100 גרם,false,1,6.90,3.63,false,1,
7613039880807,false,גרבר מחית תפוח וגזר 190 גרם,נסטלה פולסקה אס.איי,PL,גרבר תפוח גזר,גרמים,190.00,100 גרם,false,1,6.90,3.63,false,1,
7613039881965,false,גרבר מחית גזר תפוח ומנגו 190 גרם,נסטלה פולסקה אס.איי,PL,גרבר גזר תפוח,גרמים,190.00,100 גרם,false,1,6.90,3.63,false,1,
7613287155832,false,גרבר מחית תפוחי עץ 90 גרם פאוץ,"מפעל סברס, נסטלה ספרד ס.",ES,גרבר תפוח,גרמים,90.00,100 גרם,false,1,5.90,6.56,true,1,
7613287155863,false,מטרנה מחית אגס פאוץ' 90 גר',"מפעל סברס, נסטלה ספרד ס.",ES,גרבר אגס פאוץ,גרמים,90.00,100 גרם,false,1,5.90,6.56,true,1,
7616500642584,false,שוקולד מריר פריי 300 גרם,"שוקולד פריי בע""מ",CH,שוקולד מריר 300ג,גרמים,300.00,100 גרם,false,0,15.90,5.30,true,1,
7616500664395,false,שוק.חלב אגוז/צימוק 300 ג,צוקולאט פריי אייץגיץ,CH,שוקולד חלב אגוז,גרמים,300.00,100 גרם,false,1,15.90,5.30,true,1,
7622010001858,false,עוגיות אוראו ממולאות קרם וניל 176 גרם.,פי אר ג'\יי אס אי מנדלז,UA,עוגיות אוראו,גרמים,176.00,100 גרם,false,1,10.90,6.19,true,1,
7622201401900,false,עוגיות סנסיישן אוראו מילקה 156 גרם,מונדלז פולסקה פרודקש,PL,עוגיות מילקה,גרמים,156.00,100 גרם,false,1,14.90,9.55,true,1,
7622201801809,false,מילקה שוקולד חלב עם אגוזים 100 גרם חדש,מנדלז דויצ'\לנד סנקס פרו,DE,שוקולד מילקה,גרמים,100.00,100 גרם,false,1,9.90,9.90,true,1,
7622201808631,false,אוראו מיני עוגיות ממולאות קרם וניל 67גרם,פי.טי. מונדלז אינדונ,ID,עוגיות אוראו מינ,גרמים,67.00,100 גרם,false,1,8.90,13.28,true,1,
7622210137234,false,עוגיות אוראו עם דאבל קרים וניל 170 גר,מונדלייז,ES,עוגיות אוראו,גרמים,170.00,100 גרם,false,1,9.90,5.82,true,1,
7622300200237,false,שוקולד מילקה שוקולד חלב 250 גרם,מונדליז אוסטרייך פרו,AT,שוקולד חלב מילקה,גרמים,250.00,100 גרם,false,0,16.90,6.76,true,1,
7622300503079,false,עוגיות ביסקוויט מצופה שוקולד חלב מילקה 200 גרם,מונדלז פולסקה פרודקש,PL,ביסקוויט מצופה,גרמים,200.00,100 גרם,false,0,14.90,7.45,true,1,
7638900426809,false,סוללות מקס C אנרגייזר2יח,אנרג'יזר Energizer,US,סוללות מקס 2 יח,יחידה,1.00,יחידה,false,1,27.90,27.90,true,1,
7640111494027,false,Cabotine א.ד.ט לאשה,לילית בישום,,Cabotine א.ד.ט,מיליליטרים,100.00,"100 מ""ל",false,0,79.00,79.00,true,1,
7702018321520,false,דאודורנט סטיק לגבר Pro G Arctic ice,תות ממתקי איכות,US,דאודורנט סטיק,מיליליטרים,45.00,"100 מ""ל",false,0,23.90,53.11,true,1,
7702018321582,false,דאודורנט סטיק לגבר Pro G Cool Wave,פרוקטר אנד גמבל,US,דאודורנט סטיק,מיליליטרים,45.00,"100 מ""ל",false,0,23.90,53.11,true,1,
7702018323531,false,ג'ילט - ונוס סמווט' ידית ו2 סכינים,פרוקטר & גמבל,IL,ונוס +SMOOTHסכינ,יחידה,1.00,יחידה,false,1,44.90,44.90,true,1,
7702018347629,false,ונוס אקסטרה סמוט סכיני גילוח רביעייה,ג'ילט ונוס Gillette Venus,PL,גילט רביעית,יחידה,1.00,יחידה,false,1,62.90,62.90,true,1,
7702018441075,false,גילט מארז סכינים פיוזן ידני 12 יחידות,דיפלומט,PL,סכיני גילוח,יחידה,1.00,יחידה,false,1,178.90,178.90,true,1,
7702018459445,false,גילט פיוזן פאואר סכיני גילוח 12 יחידות,פרוקטר & גמבל,DE,סכיני גילוח פיוז,יחידה,1.00,יחידה,false,1,199.00,199.00,true,1,
7702018466917,false,ג'ילט סכין בלו 2 פלוס 10,ג'\ילט,US,ג'ילט סכין בלו 2,יחידה,1.00,יחידה,false,1,29.90,29.90,true,1,
7702018470884,false,גילט מארז פיוזן 16 סכיני גילוח,"פרוקטר אנד גמבל, גרמניה",PL,סכיני גילוח,יחידה,1.00,יחידה,false,1,179.00,179.00,true,1,
7702018609130,false,גילט מארז סקינגארד אלוורה 10 סכינים,"פרוקטר אנד גמבל, גרמניה",PL,סכיני גילוח,יחידה,1.00,יחידה,false,1,179.00,179.00,true,1,
7702018609154,false,גילט מארז פרוגלייד 10 סכינים,"פרוקטר אנד גמבל, גרמניה",DE,סכיני גילוח,יחידה,1.00,יחידה,false,1,179.00,179.00,true,1,
7702018978106,false,"ג'ילט - דאודורנט ג'ל לגבר ארטיק אייס 70 מ""ל",פרוקטר אנד גמבל,PL,דאו.קליר ג'ל,מיליליטרים,70.00,"100 מ""ל",false,0,22.90,32.71,true,1,
7702018978120,false,"ג'ילט - דאודורנט ג'ל לגבר קול וייב 70 מ""ל",פרוקטר אנד גמבל,PL,דאו.קליר ג'ל,מיליליטרים,70.00,"100 מ""ל",false,0,22.90,32.71,true,1,
8000380004911,false,קוביות וופל קואדרטיני Quadratini קרם אגוזים,קריניציה ויטמינה אס,AT,ופל קואדרטיני,גרמים,250.00,100 גרם,false,0,16.90,6.76,true,1,
8000380007219,false,וופלים בטעם אגוזים לואקר 175 גרם,ליימן מותגים,AT,ופלים לואקר,גרמים,175.00,100 גרם,false,0,10.00,5.72,true,1,
8000380007257,false,וופל גרדנה אגוזים לואקר 200 גרם,קריניציה ויטמינה אס,IT,ופלים גרדנה,גרמים,200.00,100 גרם,false,0,15.90,7.95,true,1,
8000380106028,false,טורטינה לואקר וופל שוקולד ואגוזים שישיה 125ג',קריניציה ויטמינה אס,IT,וופל טורטינה,גרמים,125.00,100 גרם,false,0,17.30,13.84,true,1,
8000380153442,false,וופל קלאסיק בטעם אגוזים לואקר 90 גרם,ליימן שליסל,IT,לואקר קלאסי,גרמים,90.00,100 גרם,false,0,8.90,9.89,true,1,
8000500026731,false,שוקולד ביצי הפתעה קינדר שלישייה,פררו אס.פי.אי,IT,ביצי הפתעה קינדר,גרמים,60.00,100 גרם,false,1,17.00,28.33,true,1,
8000500269169,false,קינדר קארדס Kinder Cards - חמישייה,קריות זול,IT,קינדר קארדס,גרמים,128.00,100 גרם,false,1,13.90,10.86,true,1,
8000500310397,false,נוטלה עוגיות נוטלה בגליל 12יח' - NUTELLA BISCUITTS,נוטלה Nutella,IT,ביסקוויט נוטלה,גרמים,166.00,100 גרם,false,1,15.90,9.58,true,1,
8000500366073,false,נוטלה עוגיות נוטלה בשקית 20 יח'- NUTELLA BISCUITTS,נוטלה Nutella,IT,ביסקוויט נוטלה,גרמים,276.00,100 גרם,false,1,23.90,8.66,true,1,
8001090111715,false,תחתונים אולוויז דיסקריט מידה M לבריחת שתן,פרוקטר אנד גמבל,DE,אולוויז דיסקריט,יחידה,1.00,יחידה,false,1,38.90,38.90,true,1,
8001090222428,false,"הרבל אסנסס - שמפו חלב קוקוס 400 מ""ל",הרבל אסנס Herbal Essences,FR,שמפו הרבל אסנס,מיליליטרים,400.00,"100 מ""ל",false,1,25.90,6.48,true,1,
8001090222541,false,הרבל אסנסס שמפו תות שדה ומנטה 400 גרם,הרבל אסנס Herbal Essences,FR,שמפו הרבל אסנס,מיליליטרים,400.00,"100 מ""ל",false,1,25.90,6.48,true,1,
8001090222725,false,"הרבל אסנסס - שמפו שמן מורינגה 400 מ""ל",הרבל אסנס Herbal Essences,FR,שמפו הרבל אסנס,מיליליטרים,400.00,"100 מ""ל",false,1,25.90,6.48,true,1,
8001090222879,false,"הרבל אסנסס - מרכך שיקום שמן ארגן 400 מ""ל",הרבל אסנס Herbal Essences,FR,מרכך הרבל אסנס,מיליליטרים,400.00,"100 מ""ל",false,1,25.90,6.48,true,1,
8001090290830,false,"אוראל בי משחת שיניים- להלבנה פנינה בוהקת 75 מ""ל",פרוקטר אנד גמבל,DE,משחת אורל בי,מיליליטרים,75.00,"100 מ""ל",false,1,21.90,29.20,true,1,
8001090291035,false,"משחת שיניים 3D white להלבנה רעננות ארקטית 75 מ""ל אורל בי",פרוקטר אנד גמבל,DE,משחת אורל בי,מיליליטרים,75.00,"100 מ""ל",false,1,19.90,26.53,true,1,
8001090336354,false,פמפרס בייבי דריי חיתולים מידה 2 46 יח,פרוקטר אנד גמבל,DE,פמפרס בייבי,יחידה,1.00,יחידה,false,1,36.90,36.90,true,1,
8001090336408,false,חיתולים בייבי דריי מידה 3 38 יח' פמפרס,פרוקטר אנד גמבל,DE,פמפרס בייבי,יחידה,1.00,יחידה,false,1,36.90,36.90,true,1,
8001090336491,false,פמפרס בייבי דריי חיתולים מידה +4 31 יח,פרוקטר אנד גמבל,DE,פמפרס בייבי,יחידה,1.00,יחידה,false,1,36.90,36.90,true,1,
8001090364104,false,"משחת שיניים אורל בי G&E אורגינל 75 מ""ל",פרוקטר אנד גמבל,DE,משחת אורל בי,מיליליטרים,75.00,"100 מ""ל",false,1,19.90,26.53,true,1,
8001090364159,false,"משחת שיניים אורל בי G&E רעננות מוגברת 75 מ""ל",פרוקטר אנד גמבל,DE,משחת אורל בי,מיליליטרים,75.00,"100 מ""ל",false,1,19.90,26.53,true,1,
8001090364203,false,"משחת שיניים אורל בי G&E להלבנה עדינה 75 מ""ל",פרוקטר אנד גמבל,DE,משחת אורל בי,מיליליטרים,75.00,"100 מ""ל",false,1,19.90,26.53,true,1,
8001090377531,false,"מסכה לשיער פנטן לצבע מלא חיים 300 מ""ל",פרוקטר אנד גמבל,RO,מסיכה פנטן,מיליליטרים,300.00,"100 מ""ל",false,1,37.90,12.63,true,1,
8001090379337,false,פמפרס פרימיום קר חיתולים שלב 3 40 יח VP,פרוקטר אנד גמבל,PL,פמפרס פרימיום,יחידה,1.00,יחידה,false,1,41.90,41.90,true,1,
8001090379368,false,פמפרס פרימיום קר חיתולים שלב 4 34 יח VP,פרוקטר אנד גמבל,PL,פמפרס פרימיום,יחידה,1.00,יחידה,false,1,41.90,41.90,true,1,
8001090379399,false,פמפרס פרימיום קר חיתולים שלב 5 30 יח VP,פרוקטר אנד גמבל,PL,פמפרס פרימיום,יחידה,1.00,יחידה,false,1,41.90,41.90,true,1,
8001090540577,false,"מי פה אורל בי להלבנה 500 מ""ל",פרוקטר אנד גמבל,DE,מי פה WHITE D,מיליליטרים,500.00,"100 מ""ל",false,1,29.90,5.98,true,1,
8001090678195,false,"הד אנד שולדרס מרכך סופרים לחות 275 מ""ל",פרוקטר אנד גמבל,FR,מרכך הד&שולדרס,מיליליטרים,275.00,"100 מ""ל",false,1,18.90,6.87,true,1,
8001090832450,false,"שמפו פנטן הנוסחה הקלאסית 660 מ""ל",פרוקטר אנד גמבל,RO,שמפו פנטן,מיליליטרים,660.00,"100 מ""ל",false,1,23.90,3.62,true,1,
8001090832535,false,"שמפו פנטן שמן מרוקאי משקם 660 מ""ל",פרוקטר אנד גמבל,RO,שמפו פנטן,מיליליטרים,660.00,"100 מ""ל",false,1,23.90,3.62,true,1,
8001090832573,false,"שמפו פנטן לחות מוגברת 660 מ""ל",פרוקטר אנד גמבל,RO,שמפו פנטן,מיליליטרים,660.00,"100 מ""ל",false,1,23.90,3.62,true,1,
8001090832696,false,"פנטן שמפו לתלתלים מושלמים 660 מ""ל",פרוקטר אנד גמבל,RO,שמפו פנטן,מיליליטרים,660.00,"100 מ""ל",false,1,23.90,3.62,true,1,
8001090832771,false,"פנטן שמפו להזנת קרטין 660 מ""ל",פרוקטר אנד גמבל,RO,שמפו פנטן,מיליליטרים,660.00,"100 מ""ל",false,1,23.90,3.62,true,1,
8001090832818,false,מרכך פנטן הנוסחה הקלאסית לשיער רגיל ומעורב,פרוקטר אנד גמבל,RO,מרכך פנטן,מיליליטרים,660.00,"100 מ""ל",false,1,23.90,3.62,true,1,
8001090832856,false,"פנטן 660 מ""ל קונדישינר מרוקאי משקם",פרוקטר אנד גמבל,RO,מרכך פנטן,מיליליטרים,660.00,"100 מ""ל",false,1,23.90,3.62,true,1,
8001090832894,false,מרכך לשיער חלש ופגום לחות מוגברת,פרוקטר אנד גמבל,RO,מרכך פנטן,מיליליטרים,660.00,"100 מ""ל",false,1,23.90,3.62,true,1,
8001090832931,false,"פנטן 660 מ""ל קונדישינר למגע רך כמשי",פרוקטר אנד גמבל,RO,מרכך פנטן,מיליליטרים,660.00,"100 מ""ל",false,1,23.90,3.62,true,1,
8001090861276,false,"פנטן קונדישנר סופר פוד 660 מ""ל",פרוקטר אנד גמבל,RO,מרכך פנטן,מיליליטרים,660.00,"100 מ""ל",false,1,23.90,3.62,true,1,
8001090899194,false,תחבושות אולוויז פלטינום נורמל 24 יחידות,פרוקטר אנד גמבל,DE,תחבושות אולוויז,יחידה,1.00,יחידה,false,1,25.90,25.90,true,1,
8001090899255,false,תחבושות אולוויז פלטינום לילה 16 יחידות,פרוקטר אנד גמבל,DE,תחבשות אולוויז,יחידה,1.00,יחידה,false,1,25.90,25.90,true,1,
8001090899286,false,תחבושות אולוויז פלטינום לילה בטוח 14 יח',פרוקטר אנד גמבל,DE,תחבושות אולוויז,יחידה,1.00,יחידה,false,1,25.90,25.90,true,1,
8001090992338,false,פיירי טבליות למדיח פלטינום פלוס 50 יחידו,פרוקטר אנד גמבל,BE,פיירי טב' למדיח,יחידה,1.00,יחידה,false,1,68.90,68.90,true,1,
8001090993502,false,טמפקס כותנה סופר 16 יח',פרוקטר אנד גמבל,US,טמפקס כותנה סופר,יחידה,1.00,יחידה,false,1,23.90,23.90,true,1,
8001160001786,false,"משקה אנרגיה גטורייד ספורט כחול 500מ""ל",אקווה מינרלה סאן בנדטו,IT,גטורייד כחול,מיליליטרים,500.00,"100 מ""ל",false,0,11.90,2.38,true,1,
8001620015636,false,"משקה פרוטה מיקס פירות 400 מ""ל",אקווה מינרלה סאן בנדטו ב,IT,משקה פרוטה,מיליליטרים,400.00,"100 מ""ל",false,1,7.90,1.98,true,1,
8001620017449,false,"סן בנדטו ספורט, מים מינרלים טבעיים 500 מל",אקווה מינרלה סאן בנדטו ב,IT,מים מינרלים טבעי,מיליליטרים,500.00,"100 מ""ל",false,1,5.00,1.00,true,1,
8001620017456,false,"סן בנדטו ספורט, מים מינרלים טבעיים 500 מ""ל שישייה",אקווה מינרלה סאן בנדטו ב,IT,מים סאן בנדטו6יח,ליטרים,3.00,ליטר,false,1,15.90,5.30,true,1,
8001620018408,false,"משקה פירות בטעם מנגו תפוח 400 מ""ל פרוטה",אקווה מינרלה סאן בנדטו ב,IT,פרוטה מנגו תפוח,מיליליטרים,400.00,"100 מ""ל",false,1,7.90,1.98,true,1,
8001620019160,false,"סן בנדטו מים מינרלים בטעם אפרסק 500 מ""ל",אקווה מינרלה סאן בנדטו ב,IT,סאן בנדטו אפרסק,מיליליטרים,400.00,"100 מ""ל",false,1,6.90,1.73,true,1,
8001620019177,false,"סן בנדטו מים מינרלים בטעם ענבים 500 מ""ל",אקווה מינרלה סאן בנדטו ב,IT,סאן סנדטו ענבים,מיליליטרים,400.00,"100 מ""ל",false,1,6.90,1.73,true,1,
8001841053684,false,תחבושות אולוויז עבה לונג פלוס 12 יחידות,פרוקטר אנד גמבל )ראה קוד,HU,תחבושות אולוויז,יחידה,1.00,יחידה,false,1,13.90,13.90,true,1,
8001841053806,false,תחבושות היגייניות אולוויז מקסי עבה לילה,פרוקטר אנד גמבל,HU,תחבושות אולוויז,יחידה,1.00,יחידה,false,1,13.90,13.90,true,1,
8001841104799,false,פמפרס פרימיום קר חיתולים שלב 2 46 יח VP,פרוקטר אנד גמבל,PL,פמפרס,יחידה,1.00,יחידה,false,1,39.90,39.90,true,1,
8001841105093,false,פמפרס פרימיום קר חיתולים שלב 6 26 יח VP,פרוקטר אנד גמבל,PL,פמפרס,יחידה,1.00,יחידה,false,1,41.90,41.90,true,1,
8001841332307,false,אולוויז תחבושת בוטיק לונג 8 יח,פרוקטר אנד גמבל,DE,דיסקריט תחבושות,יחידה,1.00,יחידה,false,1,23.90,23.90,true,1,
8001841410524,false,שמפו הד&שולדרס קוקוס600מ,פרוקטר אנד גמבל,RO,שמפו הד&שולדרס,מיליליטרים,600.00,"100 מ""ל",false,1,21.90,3.65,true,1,
8001841500799,false,"הרבל אסנסס - שמפו ללא סולפטים אלוורה ומנגו 380 מ""ל",הרבל אסנס Herbal Essences,FR,שמפו ללא סולפטים,מיליליטרים,380.00,"100 מ""ל",false,1,18.90,4.98,true,1,
8001841500942,false,"הרבל אסנסס - שמפו ללא סולפטים אלוורה ובמבוק 380 מ""ל",הרבל אסנס Herbal Essences,FR,שמפו ללא סולפטים,מיליליטרים,380.00,"100 מ""ל",false,1,18.90,4.98,true,1,
8001841502298,false,"הרבל אסנסס - מרכך ללא סולפטים אלוורה ומנגו 275 מ""ל",הרבל אסנס Herbal Essences,FR,מרכך ללא סולפטים,מיליליטרים,275.00,"100 מ""ל",false,1,18.90,6.87,true,1,
8001841625362,false,"נוזל כלים בניחוח לימון פלטינום 780 מ""ל פיירי",פרוקטר אנד גמבל,GB,פיירי נוזל כלים,מיליליטרים,780.00,"100 מ""ל",false,1,12.90,1.65,true,1,
8001841669465,false,קפסולות לכביסה אריאל בניחוח לנור 24 יחידות,פרוקטר אנד גמבל,FR,קפסולות גל כביסה,יחידה,1.00,יחידה,false,1,39.90,39.90,true,1,
8001841841373,false,הרבל אסנס שמפו ללא סולפטים שמן אבוקדו,דיפלומט,FR,שמפו הרבל,מיליליטרים,380.00,"100 מ""ל",false,1,18.90,4.98,true,1,
8001841971261,false,תחבושות אולוויז כפול נורמל 28 יח,פרוקטר & גמבל,DE,אולוויז תחבושות,יחידה,1.00,יחידה,false,1,19.90,19.90,true,1,
8002110383709,false,נוטרוגינה ס.נורבגית ק.ידיים לא מבושם 50מל,ניוטרוג'ינה Neutrogena,FR,קרם ידיים,מיליליטרים,50.00,"100 מ""ל",false,0,24.90,49.80,true,1,
8003440997857,false,מסטיק פיורפרש מנטה אריזת חיסכון 200 גר,פרפטי ואן מלה ברדה,TR,מסטיק מנטוס,גרמים,200.00,100 גרם,false,1,22.00,11.00,true,1,
8003440997871,false,מסטיק פיורפרש תות אריזת חיסכון 200 ג,פרפטי ואן מלה ברדה,TR,מסטיק מנטוס,גרמים,200.00,100 גרם,false,1,22.00,11.00,true,1,
8004800004802,false,לאגו פלאסיר גליליוופל קרם דומדמניות 100 גרם,לגו גרופ ס.פ.א.,IT,גלילי וופל לאגו,גרמים,100.00,100 גרם,false,1,13.90,13.90,true,1,
8005200486526,false,"נסטי, תה קר בטעם אפרסק 500 מל",מפעל סאנפלגרינו S.p.,IT,נסטי בטעם אפרסק,מיליליטרים,500.00,"100 מ""ל",false,0,5.90,1.18,true,1,
8006540110317,false,שמפו מינרלס ביוטין + במבוק לשיער חזק וארוך,פנטן Pantene,RO,פנטן מיראקלס,גרמים,400.00,100 גרם,false,1,20.90,5.23,true,1,
8006540112823,false,"לנור מרכך כביסה מרוכז בניחוח האוקיינוס 900 מ""ל",פרוקטר אנד גמבל,FR,לנור מרכך מרוכז,מיליליטרים,900.00,"100 מ""ל",false,1,12.90,1.43,true,1,
8006540157374,false,מרכך מינרלס ביוטין + במבוק לשיער חזק וארוך,פנטן Pantene,FR,פנטן מיראקלס,מיליליטרים,275.00,"100 מ""ל",false,1,20.90,7.60,true,1,
8006540221068,false,מגן תחתון אולוויז וליופק לונג פלוס 40 יח,פרוקטר & גמבל,DE,מגן תחתון אולווי,יחידה,1.00,יחידה,false,1,19.90,19.90,true,1,
8006540221341,false,אולוויז מגן תחתון וליופק לארג' 48 יחידות,,DE,מגן תחתון אולווי,יחידה,1.00,יחידה,false,1,19.90,19.90,true,1,
8006540221426,false,מגן תחתון אולוויז סלים 48 יח,,DE,מגן תחתון דייליס,יחידה,1.00,יחידה,false,1,19.90,19.90,true,1,
8006540221464,false,מגן תחתון אולוויז וליופק נורמל 56 יחידות,,DE,מגן תחתון אולווי,יחידה,1.00,יחידה,false,1,19.90,19.90,true,1,
8006540385029,false,הד&שולדרס MEN שמפו ומרכך 2ב-1 אולטרא 540,URLATI GAMBLE & PROCTER,RO,הד&שולדרס מן 2ב1,מיליליטרים,540.00,"100 מ""ל",false,1,21.90,4.05,true,1,
8006540385067,false,הד&שולדרס MEN שמפו אולטרא ספורט מרענן540,URLATI GAMBLE & PROCTER,RO,ה&ש שמפו מן,מיליליטרים,540.00,"100 מ""ל",false,1,21.90,4.05,true,1,
8006540410905,false,הד&שולדרס 7 יתרונות ב-1 עמידות השיער 450,S BLOIS GAMBLE & PROCTER,FR,ה&ש שמפו 7 ב1-,מיליליטרים,450.00,"100 מ""ל",false,1,21.90,4.87,true,1,
8006540592434,false,אולוויז תחבושות נורמל 28 יח,פרוקטר & גמבל,HU,תחבושות אולטרא,יחידה,1.00,יחידה,false,1,19.90,19.90,true,1,
8006540592465,false,תחבושות אולוויז אולטרה לונג כפול 24 יח,פרוקטר & גמבל,HU,תחבושות לונג,יחידה,1.00,יחידה,false,1,19.90,19.90,true,1,
8006540592496,false,תחבושות אולוויז אולטרא כפול לילה 20 יח,פרוקטר & גמבל,HU,תחבושות כפול ליל,יחידה,1.00,יחידה,false,1,19.90,19.90,true,1,
8011003823093,false,יילו דיאמונד אינטנס 90מל,לילית בישום,IL,יילו דיאמונד אינ,מיליליטרים,90.00,"100 מ""ל",false,0,259.00,287.78,true,1,
8011003827343,false,ארוס אדט,לילית בישום,IL,ארוס אדט,מיליליטרים,100.00,"100 מ""ל",false,0,299.00,299.00,true,1,
8011003838011,false,"מוסקינו פרש קוטור גולד אדפ 100 מ""ל לאישה",לילית בישום,IL,.100מוסקינו פר,מיליליטרים,100.00,"100 מ""ל",false,0,169.00,169.00,true,1,
8011003861224,false,EROS א.ד.פ לגבר וסצ'ה,,IT,EROS א.ד.פ לגבר,מיליליטרים,100.00,"100 מ""ל",false,1,249.00,249.00,true,1,
8011003873357,false,מארז ברייט קריסטל לאישה,,IT,ברייט קריסטל סט,יחידה,1.00,יחידה,false,1,389.00,389.00,true,1,
8017331039731,false,בלנקס אינסטנט וויט שוק משחת שיניים להלבנ,זר הייטק,IT,SHOCK WHITE משחה,מיליליטרים,50.00,"100 מ""ל",false,0,39.90,79.80,true,1,
8032880800243,false,פיקניק הפתעה - אגוזי לוז ומקלות אפויים,"הוסטה איטליה, ס.ר.ל.",IT,פיקניק הפתעה,גרמים,50.00,100 גרם,false,0,9.90,19.80,true,1,
8410076621047,false,עוגות אישיות בטעם שוקולד עם חתיכות בטעם שוקולד,"גלאטס סירו בע""\מ",ES,חטיפי פייבר 1,גרמים,120.00,100 גרם,false,1,19.90,16.58,true,1,
8410104511340,false,ויט רצועות שעווה מוכנות לעור יבש 12 יחידות,רקיט בנקיזר צרפת,FR,רצועות שעווה ויט,יחידה,1.00,יחידה,false,0,29.90,29.90,true,1,
8410436218054,false,סאיוס אולאו אינטנס 3-82 מהגוני עדין,סאיוס syoss,DE,צבע לשיער אולאו,יחידה,1.00,יחידה,false,0,43.90,43.90,true,1,
8410436218092,false,צבע שיער סאיוס אולאו אינטנס 4-18,סאיוס syoss,DE,צבע לשיער אולאו,יחידה,1.00,יחידה,false,0,43.90,43.90,true,1,
8410436218177,false,צבע שיער סאיוס אולאו אינטנס 5-86,סאיוס syoss,DE,צבע לשיער אולאו,יחידה,1.00,יחידה,false,0,43.90,43.90,true,1,
8410436227698,false,צבע שיער סאיוס אולאו אינטנס 1-10,סאיוס syoss,DE,צבע לשיער סאיוס,יחידה,1.00,יחידה,false,0,43.90,43.90,true,1,
8411061043868,false,CAROLINA HERRERA MEN E.D.T SP. 100ML,לילית בישום,ES,212 א.ד.ט לגבר,מיליליטרים,100.00,"100 מ""ל",false,1,199.00,199.00,true,1,
8411061723760,false,קרולינה הררה 212 VIP א.ד.ט 100 מ''ל,PUIG בישום,IL,VIP 212 א.ד.ט,מיליליטרים,100.00,"100 מ""ל",false,0,229.00,229.00,true,1,
8411061725948,false,ולנטינו ולנטינה א.אדפ50מ,P&G לילית,IL,ולנטינו ולנטינה,מיליליטרים,50.00,"100 מ""ל",false,0,299.00,598.00,true,1,
8411061865583,false,"קרולינה הררה 212 סקסי א.ד.ט 100 מ""ל",PUIG בישום,IL,212 סקסי אדט,מיליליטרים,100.00,"100 מ""ל",false,0,199.00,199.00,true,1,
8423207206488,false,סלים דליס חטיף דגנים מצופה שוקולד חלב מרבה 6*20 גרם,אף.סי תבליני בגליל ב,ES,חטיפי דגנים מרבה,גרמים,120.00,100 גרם,false,0,15.90,13.25,true,1,
8423207206495,false,סלים דליס חטיף דגנים מצופה שוקולד מריר מרבה 6*20 גרם,אף.סי תבליני בגליל ב,ES,חטיפי דגנים מרבה,גרמים,120.00,100 גרם,false,0,15.90,13.25,true,1,
8423207207362,false,חטיפי סלים דליס שוקולד לבן מרבה 6 יחידות,ביסנצ'ורי אס.אל.יו,ES,סלים דליס,גרמים,120.00,100 גרם,false,0,15.90,13.25,true,1,
8423207210287,false,מרבה סלים דליס שוקולד לבן בטעם יוגורט 120 ג',סלים דליס Slim Delis,ES,סלים דליס 6 יח,גרמים,120.00,100 גרם,false,1,15.90,13.25,true,1,
8435137764730,false,INTENSE PRADA לגבר 100 מ,,FR,INTENSE PRADA לג,מיליליטרים,100.00,"100 מ""ל",false,1,439.00,439.00,true,1,
8435495807605,false,תינוקלין מרכך כביסה היפואלרגני מרוכז 1 ליטר,מולינו ניקולי s.p.a,TR,תינוקלין מרכך,ליטרים,1.00,ליטר,false,1,14.90,14.90,true,1,
8435495807636,false,"תינוקלין ג'ל כביסה בייבי סנסטיב היפואלרגני, 2 ליטר",פרוקטר אנד גמבל,TR,תינוקלין ג'ל,ליטרים,2.00,ליטר,false,1,34.90,17.45,true,1,
8436037792960,false,"קרם רב""ש בפחית 70 מ""ל",RNB,ES,קרם רב שימושי,מיליליטרים,70.00,"100 מ""ל",false,1,14.90,21.29,true,1,
8690572788851,false,"גליס - שמפו ביו טק 400 מ""ל",שוורצקופף והנקל,TR,שמפו גליס ביו טק,מיליליטרים,400.00,"100 מ""ל",false,1,14.90,3.73,true,1,
8690637505935,false,דאב תחליב רחצה לידיים 500 אבוקדו,דאב Dove,TR,תחליב רחצת ידיים,מיליליטרים,500.00,"100 מ""ל",false,1,16.90,3.38,true,1,
8690637506956,false,"דאב - שמפו למניעת קשקשים 600 מ""ל",יוניליוור סנאי ווי טיקאר,TR,דאב שמפו קשקשים,מיליליטרים,600.00,"100 מ""ל",false,1,21.90,3.65,true,1,
8690637704376,false,"שמפו לטיפוח יום יומי דאב 600 מ""ל",יוניליוור סנאיי וי טיקאר,TR,שמפו דאב,מיליליטרים,600.00,"100 מ""ל",false,0,21.90,3.65,true,1,
8690637865589,false,דאב תחליב רחצה לידיים 500 מלפפונים ותה י,General,TR,דאב סבון ידיים,מיליליטרים,500.00,"100 מ""ל",false,1,16.90,3.38,true,1,
8690637865596,false,דאב תחליב רחצה לידיים 500 הזנה עמוקה,קוסטר אירוסול ולף סנ,TR,דאב סבון ידיים,מיליליטרים,500.00,"100 מ""ל",false,1,16.90,3.38,true,1,
8690637871047,false,דאב שמפו בתוספת שמן קוקוס וכורכום 600 מל,יוניליוור סנאיי וי טיקאר,TR,שמפו דאב,מיליליטרים,600.00,"100 מ""ל",false,1,21.90,3.65,true,1,
8690637871061,false,"דאב שמפו עם שמן אבוקדו ותמצית קלנדולה 600 מ""ל",יונילוור - תורכיה,TR,שמפו דאב,מיליליטרים,600.00,"100 מ""ל",false,1,21.90,3.65,true,1,
8690637916977,false,מרכך עם שמן קוקוס וכורכום למראה שיער משוקם,יוניליוור סנאיי וי טיקאר,TR,מרכך דאב,מיליליטרים,600.00,"100 מ""ל",false,1,21.90,3.65,true,1,
8690637916991,false,מרכך דאב עם שמן אבוקדו ותמצית קלנדולה600,יונילוור - תורכיה,TR,מרכך שיער דאב,מיליליטרים,600.00,"100 מ""ל",false,1,21.90,3.65,true,1,
8690637935701,false,"מרכך כביסה אקסטרה פריחת הדובדבן ושקדים 960 מ""ל בדין",יוניליוור סנאיי וי טיקאר,TR,מרכך כביסה בדין,מיליליטרים,960.00,"100 מ""ל",false,1,19.90,2.07,true,1,
8690637946318,false,"מרכך כביסה בדין מרוכז אקסטרה בייבי טלק 960 מ""ל",יוניליוור סנאיי וי טיקאר,TR,מרכך בדין בייבי,מיליליטרים,960.00,"100 מ""ל",false,1,19.90,2.07,true,1,
8691900172854,false,קוטקס תחב.אולטרה לונג20י,חוגלה קימברלי,GB,קוטקס תחבושת,יחידה,1.00,יחידה,false,1,19.90,19.90,true,1,
8693495041461,false,זוג מברשות שיניים קולגייט סלים סופט פחם,הנסיך- מפעל לייצור ט,CN,זוג מברשות,יחידה,1.00,יחידה,false,0,31.90,31.90,true,1,
8693495054058,false,פלמוליב ס.נוזלי לומינוס מקדמיה 750 משאבה,קולגייט פלמוליב,TR,פלמוליב ג'ל רחצה,מיליליטרים,750.00,"100 מ""ל",false,1,22.90,3.05,true,1,
8699568532171,false,וולהפלקס ספריי חזק 75 מל,THEORAT INTERSPRAY,DE,וולהפלקס ספריי,מיליליטרים,75.00,"100 מ""ל",false,1,9.90,13.20,true,1,
8699954702157,false,מסיכת פחם טיהור רעלים יח,,IL,מסיכת פחם טיהור,יחידה,1.00,יחידה,false,1,7.90,7.90,true,1,
8710103831624,false,פיליפס זוג סכינים ONE BLADE לפנים ולגוף,פיליפס-גילוח,ID,וואן בלייד לפנים,יחידה,1.00,יחידה,false,1,199.90,199.90,true,1,
8710103831662,false,ONE BLADE מכשיר לעיצוב זיפים וגילוח פנים וגוף 45 דקות פעולה,פיליפס-גילוח,ID,וואן בלייד לפנים,יחידה,1.00,יחידה,false,1,289.90,289.90,true,1,
8710103845836,false,פיליפס זוג סכינים ONE BLADE,פילפס,ID,סכינים לוואן בלי,יחידה,1.00,יחידה,false,1,119.90,119.90,true,1,
8710103860204,false,פיליפס שלישיית סכינים ONE BLADE,פיליפס-גילוח,ID,סכינים לוואן בלי,יחידה,1.00,יחידה,false,1,159.90,159.90,true,1,
8710103873877,false,אוונט זוג פטמות נטורל מעבר איטי,פיליפס אוונט,GB,פטמת נטורל מעבר,יחידה,1.00,יחידה,false,1,43.90,43.90,true,1,
8710103874058,false,אוונט פטמה נטורל רב שלבית,פיליפס אוונט,GB,פטמה רב שלבית נט,יחידה,1.00,יחידה,false,1,43.90,43.90,true,1,
8710103922582,false,"פיליפס ONE BLADE, מכשיר לעיצוב וגילוח 30 דקות פעולה",פיליפס-גילוח,ID,וואן בלייד30דקות,יחידה,1.00,יחידה,false,1,129.90,129.90,true,1,
8710428016348,false,אבקת משקה להשלמה תזונתית וניל 400 ג' פדיאשור,אבוט מעבדות רפואיות,NL,פדיאשור ונילה,גרמים,400.00,100 גרם,false,1,39.90,9.98,true,1,
8710428017000,false,פדיאשור השלמה תזונתית בטעם וניל 850 גרם,General,NL,פדיאשור ונילה,גרמים,850.00,100 גרם,false,1,79.90,9.40,true,1,
8710428017024,false,פדיאשור השלמה תזונתית בטעם שוקולד 850 גר,פדיאשור Pediasure,NL,פדיאשור שוקולד,גרמים,850.00,100 גרם,false,1,79.90,9.40,true,1,
8710447275313,false,דאב קרם ידיים שמן קוקוס וחלב שקדים,"יוניליוור פולין, רחוב קר",PL,קרם ידיים דאב,מיליליטרים,75.00,"100 מ""ל",false,1,13.90,18.53,true,1,
8710447331095,false,טרזמה בוטניק מסכה לשיער 300 מל,יוניליוור פולין,PL,מסכה טרזמה,מיליליטרים,300.00,"100 מ""ל",false,1,34.90,11.63,true,1,
8710908693809,false,"טרזמה מסכה טיפולית עם קרטין 300מ""ל","יוניליוור פולין, רחוב קר",PL,מסכה טרזמה,מיליליטרים,300.00,"100 מ""ל",false,1,34.90,11.63,true,1,
8712400717984,false,נוטרילון קומפורט תרכובת מזון מגיל לידה,נוטרישה-נוטרילון,NL,נוטרילון 400 גרם,גרמים,400.00,100 גרם,false,0,46.90,11.73,true,1,
8712400718073,false,נוטרילון A.R תרכובת מזון מגיל לידה,נוטרישה-נוטרילון,NL,נוטרילון 400 גרם,גרמים,400.00,100 גרם,false,0,51.90,12.98,true,1,
8712400802499,false,תרכובת מזון המשך לפעוטות על בסיס חלב שלב 1,נוטרישיה קאלק ב. ו.,NL,נוטרילון שלה1-,גרמים,800.00,100 גרם,false,0,68.90,8.61,true,1,
8712400802512,false,תרכובת מזון המשך לפעוטות על בסיס חלב שלב 2,נוטרישיה קאלק ב. ו.,NL,נוטרילון שלב2-,גרמים,800.00,100 גרם,false,0,68.90,8.61,true,1,
8712400802536,false,תרכובת מזון המשך לפעוטות על בסיס חלב שלב 3,נוטרישיה קאלק ב. ו.,NL,נוטרילון שלב3-,גרמים,800.00,100 גרם,false,0,68.90,8.61,true,1,
8712561594240,false,דאב תחליב רחצה להזנה עמוקה 500 מל חדש,"יוניליוור גרמניה, Gmbh &",DE,תחליב רחצה דאב,מיליליטרים,500.00,"100 מ""ל",false,1,17.90,3.58,true,1,
8712561611183,false,דאב סבון נוזלי 500 תמציות מלפפונים ותה,"יוניליוור גרמניה, Gmbh &",DE,תחליב רחצה דאב,מיליליטרים,500.00,"100 מ""ל",false,1,17.90,3.58,true,1,
8712561611411,false,"תחליב רחצה בניחוח מלפפון ותה ירוק דאב 750 מ""ל","יוניליוור גרמניה, Gmbh &",DE,תחליב רחצה דאב,מיליליטרים,750.00,"100 מ""ל",false,1,23.90,3.19,true,1,
8714599512159,false,קפה נמס ג'קובס מונארך190,"אל.אל.סי ""גייקובס דא",RU,קפה נמס ג'קובס,גרמים,190.00,100 גרם,false,1,26.90,14.16,true,1,
8714789177229,false,רבעיית מברשות שיניים קולגייט אקסטרה קלין 1 יחידה,הנסיך- מפעל לייצור ט,CN,4 מברשות שיניים,יחידה,1.00,יחידה,false,0,15.90,15.90,true,1,
8714789529561,false,"משחת שיניים סנסטיב פרו ריליף להלבנה קולגייט 75 מ""ל",קולגייט-פלמוליב,BR,משחת קולגייט,מיליליטרים,75.00,"100 מ""ל",false,0,19.90,26.53,true,1,
8714789582764,false,אג'קס ספריי לניקוי חלונות ומשטחים,קולגייט-פלמוליב,GR,מרסס לחלונות,מיליליטרים,750.00,"100 מ""ל",false,0,17.90,2.39,true,1,
8714789930848,false,"משחת שיניים אופטיק וייט הלבנה מיידית קולגייט 75 מ""ל",הנסיך- מפעל לייצור ט,PL,משחת קולגייט,מיליליטרים,75.00,"100 מ""ל",false,0,18.90,25.20,true,1,
8714789966403,false,ליידי ספיד סטיק פרו ג'ל 65 גרם,קולגייט פלמוליב,US,ליידי ספיד סטיק,גרמים,65.00,100 גרם,false,1,17.90,27.54,true,1,
8717163628812,false,מסכה טרזמה ללא סולפטים להחלקה ולצביעה300,"יוניליוור פולין, רחוב קר",PL,טרזמה מסכה משקמת,מיליליטרים,300.00,"100 מ""ל",false,1,34.90,11.63,true,1,
8717163655764,false,"רקסונה - דאודורנט ספריי לאישה שוואר פרש 150 מ""ל","קוסטר אירוסול, גבזה 4140",GB,דאודורנט רקסונה,מיליליטרים,150.00,"100 מ""ל",false,1,17.90,11.93,true,1,
8717163842676,false,תח.רחצה דאב חימר ורוד ג500 RENEWING GLOW,יוניליוור גרמניה Gmb,DE,תחליב רחצה דאב,מיליליטרים,500.00,"100 מ""ל",false,1,17.90,3.58,true,1,
8718117607662,false,נוטרילון A.R תרכובת מזון מגיל לידה,נוטרישה-נוטרילון,NL,נוטרילון AR,גרמים,900.00,100 גרם,false,1,99.90,11.10,true,1,
8718951030169,false,"קולגייט סנסיטיב הלבנה המסייעת בהגנה לשיניים רגישות 75 מ""ל",קולגייט Colgate,PL,משחת קולגייט,מיליליטרים,75.00,"100 מ""ל",false,1,21.90,29.20,true,1,
8718951030206,false,"קולגייט סנסיטיב פרוטקשן משחת שיניים לשיניים רגישות 75 מ""ל",קולגייט-פלמוליב,PL,משחת קולגייט,מיליליטרים,75.00,"100 מ""ל",false,1,21.90,29.20,true,1,
8718951093331,false,מרידול זוג מברשות שיניים אקסטרה סופט,קולגייט פלמוליב,CH,זוג מברשות מרידו,יחידה,1.00,יחידה,false,1,39.90,39.90,true,1,
8718951176874,false,קולגייט שטיפת פה לילדים מיניונים 250 מל,קולגייט-פלמוליב,PL,מי פה מיניונים,מיליליטרים,250.00,"100 מ""ל",false,1,14.90,5.96,true,1,
8718951187115,false,זוג מברשות שיניים אלמקס לילדים גילאי 3-6,GABA TRISA SWIZ,CN,מברשות אלמקס 2יח,יחידה,1.00,יחידה,false,1,26.90,26.90,true,1,
8718951187122,false,זוג מברשות שיניים אלמקס לילדים גילאי 0-3,GABA TRISA SWIZ,CN,מברשות אלמקס,יחידה,1.00,יחידה,false,1,26.90,26.90,true,1,
8718951236806,false,"קולגייט טוטאל הלבנה משחת שיניים המסייעת בהסרת כתמים 100 מ""ל",קולגייט Colgate,PL,קולגייט טוטל,מיליליטרים,100.00,"100 מ""ל",false,1,15.90,15.90,true,1,
8718951236813,false,"קולגייט טוטאל משחת שיניים ניקוי מתקדם לפה בריא יותר 100 מ""ל",קולגייט פלמוליב,PL,משחת קולגייט,מיליליטרים,100.00,"100 מ""ל",false,1,15.90,15.90,true,1,
8718951259409,false,"פלמוליב תחליב רחצה נטורלס לעור עדין 750 מ""ל",קולגייט פלמוליב,IT,תחליב רחצה נטורל,מיליליטרים,750.00,"100 מ""ל",false,1,22.90,3.05,true,1,
8718951264618,false,"קולגייט אופטיק וייט פחם צ'רקול משחת שיניים, 75 מ""ל",קולגייט-פלמוליב,PL,משחת קולגייט,מיליליטרים,75.00,"100 מ""ל",false,1,19.90,26.54,true,1,
8718951265103,false,מברשת שיניים קולגייט אולטרה סופט זוג,קולגייט פלמוליב,CN,מברשות קולגייט2*,יחידה,1.00,יחידה,false,0,39.90,39.90,true,1,
8718951278851,false,מ.שיניים אדוונס וויט פחם,קולגייט,PL,מ.שיניים קולגייט,מיליליטרים,100.00,"100 מ""ל",false,1,16.90,16.90,true,1,
8718951286733,false,"קולגייט אופטיק וייט לסטינג וייט משחת שיניים 75 מ""ל",קולגייט Colgate,PL,משחת אופטיק וויט,מיליליטרים,75.00,"100 מ""ל",false,1,19.90,26.54,true,1,
8718951288492,false,"משחת שיניים מרידול בי טיוב מארז 2*75 מ""ל",קולגייט פלמוליב,PL,משחת מרידול 2 יח,מיליליטרים,150.00,"100 מ""ל",false,1,32.90,21.93,true,1,
8718951377998,false,קולגייט סופט פואם זוג מברשות שיניים לניק,קולגייט פלמוליב,CN,זוג מברשות סופט,יחידה,1.00,יחידה,false,1,39.90,39.90,true,1,
8718951382718,false,"פלמוליב ג'ל רחצה חימר התחדשות 750 מ""ל",קולגייט פלמוליב,TR,סבון פמוליב,מיליליטרים,750.00,"100 מ""ל",false,1,22.90,3.05,true,1,
8718951392618,false,"קולגייט אופטיק וייט פחם צ'רקול משחת שיניים, 50 מ""ל",קולגייט פלמוליב,PL,משחת קולגייט,מיליליטרים,50.00,"100 מ""ל",false,1,15.90,31.80,true,1,
8718951400597,false,"תחליב רחצה קוקוס וחלב ללא משאבה750 מ""ל פלמוליב",קולגייט פלמוליב,TR,תחליב רחצה קוקוס,מיליליטרים,750.00,"100 מ""ל",false,1,22.90,3.05,true,1,
8718951431614,false,"סבון רחצה סו פירם מינרלים 750 מ""ל פלמוליב",קולגייט פלמוליב,TR,פלמוליב סב.רחצה,מיליליטרים,750.00,"100 מ""ל",false,1,22.90,3.05,true,1,
8718951433120,false,קולגייט טוטאל משחת שיניים לילדים לגילאי,קולגייט פלמוליב,PL,משחת קולגייט ילד,מיליליטרים,50.00,"100 מ""ל",false,1,14.90,29.80,true,1,
8718951452756,false,סבון גוף עדין קוקוס500מ,קולגייט פלמוליב,TR,סבון גוף פלמוליב,מיליליטרים,500.00,"100 מ""ל",false,1,18.90,3.78,true,1,
8718951477384,false,"קולגייט משחת שיניים טוטאל ג'ל מתקדם פיור 75 מ""ל",קולגייט פלמוליב,PL,משחת טוטאל ג'ל,מיליליטרים,75.00,"100 מ""ל",false,1,21.90,29.20,true,1,
8718951509627,false,"קולגייט אופטיק וייט לאוהבי קפה ותה משחת שיניים 75 מ""ל",קולגייט פלמוליב,PL,קולגייט משחה,מיליליטרים,75.00,"100 מ""ל",false,1,29.90,39.87,true,1,
8720181046605,false,דאב - דאודורנט ספריי לאישה אורגינל כחול 150מל,"יוניליוור אנגליה, דרך קו",TR,דאודורנט דאב,מיליליטרים,150.00,"100 מ""ל",false,1,13.90,9.27,true,1,
8720181201332,false,דאב אל סבון מוצק גרגרים 90 גרם רביעייה,יוניליוור ישראל טיפוח אי,DE,דאב סבון מוצק גר,גרמים,360.00,100 גרם,false,1,17.00,4.72,true,1,
8850006331699,false,שלישיית מברשת שיניים קולגייט סלים סופט,קולגייט פלמוליב,CN,3 מברשות קולגייט,יחידה,1.00,יחידה,false,1,33.90,33.90,true,1,
8850389103111,false,סאפי משקה אלוורה בטעם ענבים 300מל,סאפה פובליק קומפני ל,TH,משקה סאפה ענבים,מיליליטרים,300.00,"100 מ""ל",false,0,7.00,2.33,true,1,
8850389104637,false,"משקה קל סאפה אלוורה אפרסק 300 מ""ל",סאפה פובליק קומפני ל,TH,סאפה אפרסק,מיליליטרים,300.00,"100 מ""ל",false,0,7.00,2.33,true,1,
8850389111352,false,"משקה מלון עם חתיכות גלי קוקוס 320 מ""ל מוגו מוגו",סאפה פובליק קומפני לימיי,TH,מוגו מלון קוקוס,מיליליטרים,320.00,"100 מ""ל",false,1,6.90,2.16,true,1,
8888021200720,false,סוללות אנרג'ייזר AAA מקס 8 יחידות,יצרן: אנרג'ייזר סינג,SG,8 סוללות AAA,יחידה,1.00,יחידה,false,0,32.90,32.90,true,1,
8901138846619,false,מש.הימלאיה לילד מסטיק80ג,הימלאיה,IN,משחת הימלאיה,גרמים,80.00,100 גרם,false,1,25.90,32.38,true,1,
8901314116086,false,מברשת שיניים קולגייט ילדים באטמן,קולגייט-פלמוליב,CN,מברשת לילדים,יחידה,1.00,יחידה,false,1,13.90,13.90,true,1,
8901314218377,false,מברשת קולגייט 360 צרקואל,קולגייט-פלמוליב,IN,מברשת קולגייט360,יחידה,1.00,יחידה,false,1,8.90,8.90,true,1,
8901314517487,false,קולגייט מברשת 4יח 3,,IN,מברשת קולגייט360,יחידה,1.00,יחידה,false,1,29.90,29.90,true,1,
8901314517999,false,מברשת קולגייט צ'רקואלי4י,,CN,מברשת קולגייט360,יחידה,1.00,יחידה,false,1,29.90,29.90,true,1,
8901571005833,false,מברשת שיניים סנסודיין שלישייה,,IN,מברשת שיניים 3יח,יחידה,1.00,יחידה,false,1,20.00,20.00,true,1,
8901571011018,false,סנסודיין שלישייה מב.שיניים סנסטיב סופט,הנקל,IN,מברשת שיניים 3יח,יחידה,1.00,יחידה,false,1,20.00,20.00,true,1,
9000100590693,false,"סאיוס - מוס לשיער לייצוב מקסימלי 250 מ""ל",שוורצקופ,DE,מוס לעיצוב סאיוס,מיליליטרים,250.00,"100 מ""ל",false,0,27.90,11.16,true,1,
9000101418163,false,"סבון אסלה בניחוח מתחלף תפוח ירוק נופר, 3 יחידות",ברף Bref,RS,ברף לאסלה 3 יח,גרמים,150.00,100 גרם,false,1,13.90,9.26,true,1,
9000101520965,false,"סבון אסלה בניחוח מתחלף לוטוס עדין במבוק, 3 יחידות",ברף Bref,RS,ברף לאסלה 3 יח,גרמים,150.00,100 גרם,false,1,13.90,9.26,true,1,
9000101548419,false,קולור קאצ`ר דפים למכונת לכביסה מחדש צבע לבן 18 יח',"הנקל סוד בע""\מ",IE,קולר קאצ'ר לבן,יחידה,1.00,יחידה,false,1,14.90,14.90,true,1,
9001616205514,false,מאם מוצצים לטקס 0-6 תכלת,אלפא,HU,2 מוצצי ערב לטקס,יחידה,1.00,יחידה,false,0,38.90,38.90,true,1,
9001616680991,false,"בקבוק לתינוק אנטי קוליק מאמ 260 מ""ל",מאם Mam,AT,בקבוק אנטי קוליק,יחידה,1.00,יחידה,false,1,38.90,38.90,true,1,
9001616682223,false,מאם בקבוק אנטי קוליק 160 מל ורוד,אלפא,HU,בקבוק אנטי קוליק,מיליליטרים,160.00,"100 מ""ל",false,1,38.90,24.31,true,1,
9001616702938,false,מאם בקבוק אנטי קוליק 320 מל ורוד,אלפא,AT,בקבוק אנטי קוליק,יחידה,1.00,יחידה,false,1,38.90,38.90,true,1,
9001616702976,false,"בקבוק לתינוק מאם 270 מ""ל",General,HU,בקבוק תינוק,יחידה,1.00,יחידה,false,1,38.90,38.90,true,1,
9001616702990,false,"בקבוק לתינוק מאמ 330 מ""ל",General,HU,בקבוק תינוק ירו,מיליליטרים,330.00,"100 מ""ל",false,1,38.90,11.79,true,1,
9001616713866,false,מאם מוצץ קומפורט - ורוד,אלפא,HU,מוצץ מאמ קומפורט,יחידה,1.00,יחידה,false,1,38.90,38.90,true,1,
9001616804571,false,מאם זוג ידיות לבקבוק יום ולילה ורוד,אלפא,AT,ידיות לבקבוק ורו,יחידה,1.00,יחידה,false,1,34.90,34.90,true,1,
9005800317014,false,"ניוואה סקראב אורז עור עדין פטל 75 מ""ל",אלפא,DE,פילינג אורז לעור,מיליליטרים,75.00,"100 מ""ל",false,1,29.90,39.87,true,1,
9005800317021,false,ניוואה סקראב אורז עור מעורב אלוורה 75מל,אלפא,DE,פילינג אורז לעור,מיליליטרים,75.00,"100 מ""ל",false,1,29.90,39.87,true,1,
9005800345291,false,"ניוואה היידרה סקין אפקט ג'ל מיסלרי לניקוי הפנים עם חומצה היאלורונית 150 מ""ל",ניואה,DE,היידרה סקין אפקט,מיליליטרים,150.00,"100 מ""ל",false,1,29.90,19.93,true,1,
9310714206157,false,מן פרפקט גל צביעה לגבר שחור טבעי,הנקל סוד,DE,ג'ל צביעה לגבר,יחידה,1.00,יחידה,false,0,64.90,64.90,true,1,
