code,internal_code,name,manufacturer_name,manufacture_country,manufacturer_item_description,unit_qty,quantity,unit_of_measure,weighted,qty_in_package,price,unit_of_measure_price,allow_discount,status,item_id
32147230,false,"מיץ לימון משומר 200 מ""ל",סידג,CH,מיץ לימון משומר,מיליליטרים,200.00,"100 מ""ל",false,0,6.90,3.45,true,1,
40052403,false,חטיף קיט קאט אצבעות41ג,נסטלה,DE,חטיף קיט קאט,גרמים,41.00,100 גרם,false,1,3.90,9.51,true,1,
40084107,false,ביצת קינדר הפתעה 20 גרם,פררו אס.פי.אי,IT,ביצת הפתעה,גרמים,20.00,100 גרם,false,1,5.30,26.50,true,1,
40111216,false,חטיף באונטי 57 גרם,מרס,NL,חטיף באונטי,גרמים,57.00,100 גרם,false,0,3.90,6.84,true,1,
42101666,false,איירוייבז HP אקליפטוס35ג,ריגלי,GB,מסטיק איירווייבז,גרמים,35.00,100 גרם,false,1,5.70,16.29,true,1,
42154662,false,מסטיק ספירמינט מעטפה27ג,ריגלי צרפת,FR,מסטיק אורביט,גרמים,27.00,100 גרם,false,0,5.80,21.48,true,1,
42182108,false,מסטיק פייב פפרמינט סטי40,ריגלי צרפת,FR,מסטיק פייב סטיקס,גרמים,40.00,100 גרם,false,0,6.80,17.00,true,1,
42212119,false,מסטיק פפרמינט מעטפה 27גר,ריגלי צרפת,FR,אורביט מעטפה,גרמים,27.00,100 גרם,false,1,5.80,21.48,true,1,
42307105,false,מסטיק פייב סוויטמינט40ג,מרס,FR,מסטיק פייב סטיקס,גרמים,40.00,100 גרם,false,1,6.80,17.00,true,1,
46024817,false,נקסט חפיסה,פיליפ מוריס,,נקסט יח',יחידה,1.00,יחידה,false,0,29.50,29.50,false,1,
46024824,false,נקסט חפיסה,פיליפ מוריס,,נקסט יח',יחידה,1.00,יחידה,false,0,29.50,29.50,false,1,
54051157,false,אלפרו מעדן ט.שוקו125X4גר,אלפרו,BE,מעדן סויה 4יח',גרמים,500.00,100 גרם,false,0,18.90,3.78,true,1,
59039549,false,ווג פריזון מנטול חפיסה,bat,PL,ווג פריזון מנטול,יחידה,1.00,יחידה,false,0,36.50,36.50,false,1,
59081623,false,דאב דאו.רולאון מאצ'ה50מל,---,GB,דאב דאו.רולאון,מיליליטרים,50.00,"100 מ""ל",false,1,23.20,46.40,true,1,
59455233,false,ווג ליידי כחול חפיסה,bat,PL,ווג ליידי חפיסה,יחידה,1.00,יחידה,false,0,36.50,36.50,false,1,
72909799,false,קליק O.K. 35 גרם,תות תעשיות מזון (2014) ב,IL,קליק O.K.,גרמים,35.00,100 גרם,false,0,4.90,14.00,true,1,
72917329,false,אגוזי 45 גרם,עלית,IL,חטיף אגוזי,גרמים,45.00,100 גרם,false,0,3.90,8.67,true,1,
72917367,false,חטיף טעמי 40 גרם,עלית,IL,חטיף טעמי,גרמים,40.00,100 גרם,false,0,3.90,9.75,true,1,
72917893,false,וופל פסק זמן חלב 45 גרם,עלית,IL,פסק זמן חלב,גרמים,45.00,100 גרם,false,0,4.90,10.89,true,1,
72940761,false,"מילקי בטעם שוקולד 170מ""ל",שטראוס,IL,מילקי טעם שוקולד,מיליליטרים,170.00,"100 מ""ל",false,0,2.90,1.71,true,1,
72940952,false,"מילקי אקסטרה קצפת 170מ""ל","שטראוס גרופ בע""\מ",IL,מילקי אקסטרה,מיליליטרים,170.00,"100 מ""ל",false,0,3.90,2.29,true,1,
72941041,false,מיני מילקי ט.שוקולד90מל,"שטראוס גרופ בע""\מ",IL,מיני מילקי,מיליליטרים,90.00,"100 מ""ל",false,0,2.00,2.22,true,1,
72945308,false,קוביות שמרים לחים אפיה50,"פאקא תעשיות בע""\מ",IL,קוביות שמרים,גרמים,50.00,100 גרם,false,0,3.40,6.80,true,1,
72961506,false,פרילי תות 1.5% 125 גרם,תנובה,IL,פרילי תות,גרמים,125.00,100 גרם,false,0,3.50,2.80,true,1,
72961544,false,באדי תות 3% 125 גרם,תנובה,IL,מעדן באדי תות 3%,גרמים,125.00,100 גרם,false,0,3.00,2.40,true,1,
72963753,false,שמ.של פעם חמוצה27% 200ג,תנובה,IL,שמנת חמוצה תנובה,גרמים,200.00,100 גרם,false,0,4.00,2.00,true,1,
72964422,false,"יוגורט תנובה 4.5% 200מ""ל",תנובה,IL,יוגורט תנובה4.5%,מיליליטרים,200.00,"100 מ""ל",false,0,2.70,1.35,true,1,
72982457,false,מילקי קל טעם שוקולד170מל,"שטראוס גרופ בע""\מ",IL,מילקי קל שוקולד,מיליליטרים,170.00,"100 מ""ל",false,0,3.90,2.29,true,1,
72983225,false,מעדן מילקי הפוך 11% 170מ,"שטראוס גרופ בע""\מ",IL,מעדן מילקי הפוך,מיליליטרים,170.00,"100 מ""ל",false,0,3.90,2.29,true,1,
72983997,false,גולף גולד,,,גולף גולד,יחידה,1.00,יחידה,false,0,29.00,29.00,false,1,
72986424,false,"גל.קרם עוגיות 500 מ""ל",מוצרי איכות אמריקאיים בע,IL,גלידה בן & ג'ר,מיליליטרים,500.00,"100 מ""ל",false,0,25.50,5.10,true,1,
72986455,false,גלידת שוקולד פאדג'אגוזים,מוצרי איכות אמריקאיים בע,IL,גלידה בן & ג'ר,מיליליטרים,500.00,"100 מ""ל",false,0,25.50,5.10,true,1,
72989425,false,גלידה שוקולד בראוניס 500,מוצרי איכות אמריקאיים בע,IL,גלידה בן & ג'ר,מיליליטרים,500.00,"100 מ""ל",false,0,25.50,5.10,true,1,
72991374,false,טיים RED יחידה,,IL,טיים RED יחידה,יחידה,1.00,יחידה,false,0,28.00,28.00,false,1,
72991381,false,טיים RED 100,,IL,טיים RED 100,יחידה,1.00,יחידה,false,0,28.00,28.00,false,1,
72991398,false,טיים BLUE יחיד,,IL,טיים BLUE יחיד,יחידה,1.00,יחידה,false,0,28.00,28.00,false,1,
72991404,false,אירופה יחידה,,IL,אירופה יחידה,יחידה,1.00,יחידה,false,0,28.00,28.00,false,1,
72991459,false,גולף יחידה,,IL,גולף יחידה,יחידה,1.00,יחידה,false,0,29.00,29.00,false,1,
72991497,false,נובלס פילטר חבילה,"דובק בע""מ",IL,נובלס פילטר,יחידה,1.00,יחידה,false,0,27.50,27.50,false,1,
72991886,false,גלידת דולצ'ה דה לצ'ה,מוצרי איכות אמריקאיים בע,IL,גלידה בן & ג'ר,מיליליטרים,500.00,"100 מ""ל",false,0,25.50,5.10,true,1,
72993477,false,ל.מ וייב סלימס חפיסה,פיליפ מוריס,,ל.מ וייב חפ.,יחידה,1.00,יחידה,false,0,31.00,31.00,false,1,
72993637,false,דני שוקולד 1.5% 125 גרם,"שטראוס גרופ בע""\מ",IL,דני שוקולד 1.5%,גרמים,125.00,100 גרם,false,0,2.70,2.16,true,1,
72993767,false,פסק זמן גלילית אגוזים40ג,עלית,IL,פסק זמן גלילית,גרמים,40.00,100 גרם,false,0,4.90,12.25,true,1,
72993927,false,נקסט 100 חפיסה,פיליפ מוריס,,נקסט 100 חפיסה,יחידה,1.00,יחידה,false,0,29.50,29.50,false,1,
72994061,false,פסק זמן 2 גוד 36 גרם,שולן צ'\יקולטה גידה סאן.,TR,פסק זמן 2 גוד,גרמים,36.00,100 גרם,false,0,4.90,13.61,true,1,
72994252,false,סיגריות נקסט לילך חפ.,פיליפ מוריס,IL,סיגריות נקסט,יחידה,1.00,יחידה,false,0,29.50,29.50,false,1,
72994269,false,מרלבורו גולד טאצ' חפיסה,פיליפ מוריס,,מרלבורו גולד חפ.,יחידה,1.00,יחידה,false,0,33.00,33.00,false,1,
72994276,false,מרלבורו פיין טאצ' חפיסה,פיליפ מוריס,,מרלבורו פיין חפ.,יחידה,1.00,יחידה,false,0,33.00,33.00,false,1,
72994313,false,רויאל כחול חפיסה,,IL,רויאל כחול חפיסה,יחידה,1.00,יחידה,false,0,23.50,23.50,false,1,
72994603,false,סיגריות נקסט ריסס חפיסה,פיליפ מוריס,TR,סיגריות נקסט,יחידה,1.00,יחידה,false,1,29.50,29.50,false,1,
76136184,false,פאל מאל סופר סלים בלו חפ,bat,CH,פאל מאל חפיסה,יחידה,1.00,יחידה,false,0,28.50,28.50,false,1,
78009226,false,דאו.דאב סטיק אורגינל50ג,יוניליוור,PH,דאו.דאב,גרמים,50.00,100 גרם,false,0,24.90,49.80,true,1,
80001027,false,חטיף טורטינה 21 גרם,לואקר,IT,חטיף טורטינה,גרמים,21.00,100 גרם,false,0,5.00,23.81,true,1,
80001287,false,חטיף גרדנה אגוז 38 גרם,לואקר,IT,חטיף גרדנה,גרמים,38.00,100 גרם,false,0,4.90,12.89,true,1,
80042556,false,עגבניות חתוכות,,IT,עגבניות חתוכות,גרמים,400.00,100 גרם,false,0,6.00,1.50,true,1,
80042563,false,רסק עגבניות,,IT,רסק עגבניות,גרמים,700.00,100 גרם,false,0,12.30,1.76,true,1,
80050025,false,סוכריות טיק-טק תפוז16גרם,פררו,ZA,טיק טק תפוז,גרמים,16.00,100 גרם,false,0,3.30,20.63,true,1,
80050278,false,פררו רושה שלשה 38 גרם,פררו,IT,פררו רושה שלשה,גרמים,37.00,100 גרם,false,0,5.50,14.86,true,1,
80050780,false,סוכריות טיק טק נענע 16גר,פררו,ZA,טיק טק נענע,גרמים,16.00,100 גרם,false,1,3.30,20.63,true,1,
80051428,false,ממרח נוטלה 825 גרם,פררו,IT,ממרח נוטלה,גרמים,825.00,100 גרם,false,0,24.90,3.02,true,1,
80052760,false,קינדר בואנו 2 * 21.5 גרם,פררו,PL,קינדר בואנו זוג,גרמים,43.00,100 גרם,false,0,3.90,9.07,true,1,
80136194,false,הפי היפו אגוזי לוז 23*5ג,פררו,DE,חטיף הפי היפו5יח,גרמים,115.00,100 גרם,false,1,11.90,10.35,true,1,
80176800,false,נוטלה ממרח שוקולד 750 גר,פררו,IT,ממרח נוטלה,גרמים,750.00,100 גרם,false,0,24.90,3.32,true,1,
80177173,false,ממרח נוטלה 350 גרם,פררו,IT,ממרח נוטלה,גרמים,350.00,100 גרם,false,0,13.90,3.97,true,1,
80177609,false,אצבעות שוקולד קינדר50גרם,פררו,IT,אצבעות קינדר,גרמים,50.00,100 גרם,false,0,4.30,8.60,true,1,
80177616,false,אצבעות שוקולד קינדר100גר,פררו,IT,שוקולד קינדר,גרמים,100.00,100 גרם,false,0,8.20,8.20,true,1,
80273561,false,פלפל שחור במטחנה 45 גרם,דרוגריה ואלימנטרי,IT,פלפל שחור,גרמים,45.00,100 גרם,false,0,12.80,28.44,true,1,
80273592,false,פלפל 4 העונות במטחנה 35ג,דרוגריה ואלימנטרי,IT,פלפל,גרמים,35.00,100 גרם,false,0,12.80,36.57,true,1,
80761761,false,קינדר בואנו לבן 19.5*2גר,פררו,PL,קינדר בואנו לבן,גרמים,39.00,100 גרם,false,0,3.90,10.00,true,1,
80762362,false,מנטוס וויט מנטה אקליפט60,פרפטי ואן מלה,TR,מנטוס וויט,גרמים,60.00,100 גרם,false,1,9.90,16.50,true,1,
80769545,false,מנטוס מסטיק בטעם לימון60,"פרפטי ואן מלה ג'ידה,סאן",TR,מנטוס מסטיק,גרמים,60.00,100 גרם,false,1,9.90,16.50,true,1,
80769699,false,מנטוס וויט פירות מנטה60ג,פרפטי ואן מלה,TR,מנטוס וויט,גרמים,60.00,100 גרם,false,0,9.90,16.50,true,1,
80773429,false,מסטיק מנטוס בקבוק תות60ג,"פרפטי ואן מלה ג'ידה,סאן",TR,מנטוס בקבוק,גרמים,60.00,100 גרם,false,1,9.90,16.50,true,1,
80780595,false,מסטיק מנטה עדינה בקבוק90,---,TR,מסטיק מנטוס,גרמים,90.00,100 גרם,false,1,17.90,19.89,true,1,
80828174,false,מנטוס וויט מנטה מתוקה60ג,פרפטי ואן מלה,TR,מנטוס וויט,גרמים,60.00,100 גרם,false,0,9.90,16.50,true,1,
80850885,false,מנטוס וויט מנטה עדינה60ג,פרפטי ואן מלה,TR,מנטוס וויט,גרמים,60.00,100 גרם,false,0,9.90,16.50,true,1,
80896081,false,מסטיק מנטוס אבטיח60גרם,"פרפטי ואן מלה ג'ידה,סאן",TR,מנטוס בקבוק,גרמים,60.00,100 גרם,false,1,9.90,16.50,true,1,
80913467,false,מסטיק מנטוס מנטה בקבוק60,פרפטי ואן מלה,TR,מסטיק מנטוס,גרמים,60.00,100 גרם,false,1,9.90,16.50,true,1,
80936473,false,סוכריות מנטוס מנטה 99גר,פרפטי ואן מלה,NL,סוכריות מנטוס,גרמים,99.00,100 גרם,false,1,9.90,10.00,true,1,
80936848,false,סוכריות טיק טק תות שדה16,פררו,ZA,טיק טק תות שדה,גרמים,16.00,100 גרם,false,0,3.30,20.63,true,1,
80948698,false,מנטוס מסטיק פ.טרופי60גרם,"פרפטי ואן מלה ג'ידה,סאן",TR,מנטוס מסטיק,גרמים,60.00,100 גרם,false,1,9.90,16.50,true,1,
80969952,false,סוכ.מנטוס מנטה עדינה99גר,פרפטי ואן מלה,NL,סוכריות מנטוס,גרמים,99.00,100 גרם,false,1,9.90,10.00,true,1,
87108538,false,מנטוס תות גליל 37.5 גר,פרפטי ואן מלה ברדה,NL,מנטוס תות,גרמים,37.00,100 גרם,false,0,3.50,9.46,true,1,
87108651,false,מנטוס מנטה 4יח37.5X'גרם,פרפטי ואן מלה ברדה,NL,מנטוס מנטה 4 יח',גרמים,150.00,100 גרם,false,0,11.30,7.53,true,1,
87108712,false,מנטוס טעם פירות4יח37.5Xג,פרפטי ואן מלה,NL,מנטוס פירות 4,גרמים,150.00,100 גרם,false,0,11.30,7.53,true,1,
87311396,false,מנטוס ריינבאו גליל 37.50,פרפטי ואן מלה,NL,מנטוס ריינבאו,גרמים,37.00,100 גרם,false,0,3.50,9.46,true,1,
90087011,true,מיץ 100% תפוחי עץ 1 ליטר,ראוך פרוכטסאפטה,AT,"מיץ תפו""ע",ליטרים,1.00,ליטר,false,1,10.00,10.00,true,1,
90087271,true,נקטר אוכמניות שחורות 1ל,תומר,HU,נקטר אוכמניות,ליטרים,1.00,ליטר,false,0,10.00,10.00,true,1,
90087974,true,"חומץ תפוחי עץ 750 מ""ל",GMBH FRUCHTSAFTE RAUCH,AT,חומץ תפוחי עץ,מיליליטרים,750.00,"100 מ""ל",false,0,13.90,1.85,true,1,
90162602,true,רד בול משקה אנרגיה פח250,רד בול ג'\י.אם.בי. אץ'\,AT,רד בול,מיליליטרים,250.00,"100 מ""ל",false,0,6.90,2.76,true,1,
96009611,true,רקסונה רולאון שאוור 50מ,יוניליוור,GB,דאו. רקסונה,מיליליטרים,50.00,"100 מ""ל",false,1,18.70,37.40,true,1,
11182700954,false,שעועית שחורה 439 גרם,האנאובר פודס קורפורשיין,US,שעועית שחורה439ג,גרמים,439.00,100 גרם,false,1,9.90,2.26,true,1,
11210000094,false,"רוטב טבסקו 60 מ""ל",ניצן,US,רוטב טבסקו,מיליליטרים,60.00,"100 מ""ל",false,0,10.90,18.17,true,1,
11210006508,false,"טבסקו אקסטרה חריף 60 מ""ל",ניצן,US,טבסקו אקסטרה,מיליליטרים,60.00,"100 מ""ל",false,0,15.70,26.17,true,1,
11210009387,false,"רוטב טבסקו ירוק 60 מ""ל",ניצן,US,רוטב טבסקו ירוק,מיליליטרים,60.00,"100 מ""ל",false,0,10.90,18.17,true,1,
12300119139,false,וינסטון כחול בוקס 10יח,jti,CH,וינסטון בוקס,יחידה,1.00,יחידה,false,0,299.90,299.90,false,1,
13495113506,false,קליק ביסקוויט 75 גרם,יוניליוור ישראל מזון בע\,IL,קליק ביסקוויט,גרמים,75.00,100 גרם,false,0,5.90,7.87,true,1,
13495113513,false,קליק שוקולד חלב 75 גרם,יוניליוור ישראל מזון בע\,IL,קליק שוקולד,גרמים,75.00,100 גרם,false,0,5.90,7.87,true,1,
13495113520,false,קליק קורנפלקס 75 גרם,יוניליוור ישראל מזון בע\,IL,קליק קורנפלקס,גרמים,75.00,100 גרם,false,0,5.90,7.87,true,1,
13495113537,false,קליק חום לבן מעורב 75 גר,יוניליוור,IL,קליק מעורב,גרמים,75.00,100 גרם,false,0,5.90,7.87,true,1,
13495113582,false,קליק כריות 75 גרם,יוניליוור ישראל מזון בע\,IL,קליק כריות,גרמים,75.00,100 גרם,false,0,5.90,7.87,true,1,
16000423534,false,קראנצי שיבולת ושוקולד5יח,ג'נרל מילס,ES,חטיף נייצ'ר ואלי,גרמים,210.00,100 גרם,false,0,19.90,9.48,true,1,
16000548404,false,חטיף נייטשר ואלי ש.שועל5,ג'נרל מילס,ES,חטיף נייטשר ואלי,גרמים,210.00,100 גרם,false,0,19.90,9.48,true,1,
16000548503,false,נייטשר וואלי מייפל 5יח,ג'נרל מילס,ES,חטיף נייטשר ואלי,גרמים,210.00,100 גרם,false,0,19.90,9.48,true,1,
16000548909,false,נייטשר וואלי גרנולה 5יח',ג'נרל מילס,ES,חטיף נייטשר ואלי,גרמים,210.00,100 גרם,false,0,19.90,9.48,true,1,
16229924263,false,"קרם קוקוס 250 מ""ל",ויט ורלד קומפני,TH,קרם קוקוס,מיליליטרים,250.00,"100 מ""ל",false,1,8.90,3.56,true,1,
18000701223,false,תערובת לעוגת שוקולד500גר,ג'נרל מילס,IL,תערובת לעוגה,גרמים,500.00,100 גרם,false,0,17.90,3.58,true,1,
24000103684,false,פירות טרופיים מעורבים850,פילפק,PH,פירות טרופיים,גרמים,850.00,100 גרם,false,1,9.70,1.14,true,1,
25675120037,false,םרג 100 תות םעטב םיצוצמח,ירוג,NL,חמצוצים תות,גרמים,100.00,100 גרם,false,0,8.40,8.40,true,1,
27000609064,false,רוטב ברביקיו חרדל ודבש,קונגרה,US,רוטב ברביקיו,גרמים,510.00,100 גרם,false,0,13.70,2.69,true,1,
28200101907,false,מרלבורו גולד 100 בוקס10י,פיליפ מוריס,US,מרלבורו גולד,יחידה,1.00,יחידה,false,0,330.00,330.00,false,1,
28200106902,false,מרלבורו גולד קצר בוקס10י,פיליפ מוריס,US,מרלבורו גולד ק,יחידה,1.00,יחידה,false,0,330.00,330.00,false,1,
28200112507,false,פרלמנט ארוך RCB 10 יח',פיליפ מוריס,,פרלמנט ארוך חב,יחידה,1.00,יחידה,false,0,381.50,381.50,false,1,
28200114907,false,פרלמנט קצר 10יח',פיליפ מוריס,US,פרלמנט קצר10יח,יחידה,1.00,יחידה,false,0,381.50,381.50,false,1,
28200133502,false,מרלבורו רד קצר בוקס 10יח,פיליפ מוריס,IL,מרלבורו רד חבילה,יחידה,1.00,יחידה,false,0,330.00,330.00,false,1,
28200133908,false,פרלמנט סילבר 10 יח',פיליפ מוריס,US,פרלמנט סילבר ח,יחידה,1.00,יחידה,false,0,381.50,381.50,false,1,
28200152701,false,ל.מ. בלו לייבל קצר 10,פיליפ מוריס,US,ל.מ. בלו לייבל,יחידה,1.00,יחידה,false,0,300.00,300.00,false,1,
28200154507,false,ל.מ. רד לייבל קצר 10 יח,פיליפ מוריס,US,ל.מ. רד לייבל,יחידה,1.00,יחידה,false,0,300.00,300.00,false,1,
28200174604,false,פרלמנט ארוך בלו RCB 10יח,פיליפ מוריס,,פרלמנט ארוך בל,יחידה,1.00,יחידה,false,0,381.50,381.50,false,1,
28200176301,false,פרלמנט קצר בלו 10 יח',פיליפ מוריס,US,פרלמנט קצר,יחידה,1.00,יחידה,false,0,381.50,381.50,false,1,
33617000026,false,פת פריכה מקמח מל,,SE,פת פריכה מקמח מל,גרמים,260.00,100 גרם,false,0,11.90,4.58,true,1,
33617322616,false,פת פריכה קלה,,DE,פת פריכה קלה,גרמים,270.00,100 גרם,false,0,11.90,4.41,true,1,
33617340610,false,פת פריכה שיפון,,SE,פת פריכה שיפון,גרמים,250.00,100 גרם,false,0,11.90,4.76,true,1,
34000148301,false,נטיפי שוק.מריר לאפיה340ג,הרשי,US,נטיפי שוקולד מרי,גרמים,340.00,100 גרם,false,1,18.90,5.56,true,1,
34000312177,false,סירופ שוקולד 680 גרם,הרשי,US,סירופ שוקולד,גרמים,680.00,100 גרם,false,0,19.30,2.84,true,1,
36000258295,false,קלינקס לושן עם אלוורה 75,קלינקס,US,קלינקס לושן,יחידה,1.00,יחידה,false,0,10.90,10.90,true,1,
36000258660,false,קלינקס לושן אלוורה 120יח,קלינקס,US,קלינקס לושן,יחידה,1.00,יחידה,false,0,17.90,17.90,true,1,
37600207188,false,חמאת בוטנים קלאסי 462גרם,הורמל,US,חמאת בוטנים,גרמים,462.00,100 גרם,false,0,18.50,4.00,true,1,
37600207256,false,חמאת בוטנים+שברי בוטנ462,הורמל,US,חמאת בוטנים,גרמים,462.00,100 גרם,false,0,18.50,4.00,true,1,
38000138416,false,פרינגלס אורגינל 149 גרם,פרינגלס מנופקצ'ורינג קונ,US,פרינגלס אורגינל,גרמים,149.00,100 גרם,false,1,8.90,5.97,true,1,
38000138430,false,פרינגלס שמנת בצל 158 גרם,פרינגלס מנופקצ'ורינג קונ,US,פרינגלס שמנת בצל,גרמים,158.00,100 גרם,false,1,8.90,5.63,true,1,
38000138638,false,פרינגלס פיצה 158 גרם,פרינגלס מנופקצ'ורינג קונ,US,פרינגלס פיצה,גרמים,158.00,100 גרם,false,1,8.90,5.63,true,1,
38000138720,false,פרינגלס ראנץ 158 גרם,פרינגלס מנופקצ'ורינג קונ,US,פרינגלס ראנץ,גרמים,158.00,100 גרם,false,1,8.90,5.63,true,1,
38000183713,false,פרינגלס ברביקיו 158 גרם,פרינגלס מנופקצ'ורינג קונ,US,פרינגלס ברביקיו,גרמים,158.00,100 גרם,false,1,8.90,5.63,true,1,
38527591060,false,דגנים מרובעים קוואקר412ג,עלית,US,דגנים מרובעים,גרמים,412.00,100 גרם,false,0,19.90,4.83,true,1,
38527591145,false,קפטן קראנצ' בוטנים 355ג,עלית,US,קפטן קראנצ' בוטנ,גרמים,355.00,100 גרם,false,0,19.90,5.61,true,1,
40000508885,false,מ&מ'ס קרמל 286 גרם,---,US,עדשים מ&מ'ס,גרמים,286.00,100 גרם,false,1,22.90,8.01,true,1,
40000512813,false,מ&מ'ס שוקולד מריר 272גרם,---,US,עדשים מ&מ'ס,גרמים,272.00,100 גרם,false,1,22.90,8.42,true,1,
40000527152,false,עדשי מ&מ'ס שוקולד לבן48ג,מרס,US,עדשי מ&מ'ס,גרמים,48.00,100 גרם,false,0,5.00,10.42,true,1,
41390001079,false,"רוטב סויה דל נתרן 444מ""ל",קיקומן פודז אינק,US,רוטב סויה,מיליליטרים,444.00,"100 מ""ל",false,0,19.90,4.48,true,1,
41390001451,false,רוטב סויה קיקומן 1.2ליטר,קיקומן פודז אינק,US,רוטב סויה קיקומן,ליטרים,1.20,ליטר,false,0,51.00,42.50,true,1,
46214731552,false,עוגיות שוקולד צ'יפס225גר,מרבה,NL,עוגיות ש.צ'יפס,גרמים,225.00,100 גרם,false,0,9.90,4.40,true,1,
50000423347,false,פריסקיז לח סלמון 156 גרם,נסטלה פורינה,US,פריסקיז לח לחתול,גרמים,156.00,100 גרם,false,0,6.50,4.17,true,1,
50000445691,false,פריסקיז נ.עוף וסלמון156ג,נסטלה פורינה,US,פריסקיז נתחי עוף,גרמים,156.00,100 גרם,false,0,6.50,4.17,true,1,
51500255162,false,חמאת בוטנים 454 גרם,ג'יי.אם.סמאקר,US,חמאת בוטניםJIF,גרמים,454.00,100 גרם,false,1,17.90,3.94,true,1,
52100002453,false,תערובת תיבול לסטייק 96 ג,---,US,תערובת תיבול,גרמים,96.00,100 גרם,false,1,19.90,20.73,true,1,
52100004488,false,פפריקה מקורמיק 60 גרם,---,US,פפריקה מקורמיק,גרמים,60.00,100 גרם,false,1,22.90,38.17,true,1,
52100030043,false,פלפל שחור טחון גס 42 גרם,מקורמיק אנ גו,US,פלפל שחור טחון,גרמים,42.00,100 גרם,false,1,19.90,47.38,true,1,
52100070865,false,"תמצית וניל טהור 29 מ""ל",---,US,תמצית וניל,מיליליטרים,29.00,"100 מ""ל",false,0,29.90,103.10,true,1,
52100136387,false,פלפל ושום במטחנה 34 גרם,---,FR,פלפל ושום במטחנה,גרמים,34.00,100 גרם,false,0,19.90,58.53,true,1,
64144090013,false,תרסיס שמן טעם חמאה 148מל,קונגרה,US,תרסיס שמן,מיליליטרים,148.00,"100 מ""ל",false,0,17.90,12.09,true,1,
70177077693,false,תה אינגליש ברקפסט 25 שקי,טווינינג,PL,תה אינגליש ברקפס,גרמים,50.00,100 גרם,false,1,18.90,37.80,true,1,
76840000661,false,פינט באטר טבעוני ללאחלב,---,US,פינט באטר טבעוני,גרמים,408.00,100 גרם,false,1,29.90,7.33,true,1,
76840100125,false,גל.צ'אבי האבי וניל ע.פדג,מוצרי איכות אמריקאיים בע,IL,גל בןאנדג'רי,גרמים,473.00,100 גרם,false,0,25.50,5.39,true,1,
76840100583,false,גלידת וניל עם בצק עוגיות,מוצרי איכות אמריקאיים בע,IL,גל.בןאנדג'ריס,מיליליטרים,473.00,"100 מ""ל",false,0,25.50,5.39,true,1,
76840100989,false,"גלידת פיש פוד 473 מ""ל",מוצרי איכות אמריקאיים בע,IL,גל.בןאנדגריז,מיליליטרים,473.00,"100 מ""ל",false,0,25.50,5.39,true,1,
76840101542,false,גלידת קרמל סוטרא 428גרם,מוצרי איכות אמריקאיים בע,IL,גל.קרמל,גרמים,428.00,100 גרם,false,0,25.50,5.96,true,1,
76840400027,false,גלידה בטעם שוקולד,מוצרי איכות אמריקאיים בע,IL,גלידת בן & ג'ר,מיליליטרים,500.00,"100 מ""ל",false,0,25.50,5.10,true,1,
76840400218,false,גל.עוגת גבינה עם תות 420,מוצרי איכות אמריקאיים בע,IL,גל.עוגת גבינ.תות,גרמים,420.00,100 גרם,false,0,25.50,6.07,true,1,
76840551941,false,עוגת גבינה ועוגיות 398,מוצרי איכות אמריקאיים,IL,עוגת גבינה ועוגי,גרמים,398.00,100 גרם,false,1,25.50,6.41,true,1,
76840580767,false,פינט באטרעוגיות טבעוני ל,בן & ג'ריס,US,גל'בן אנד ג'ריס,מיליליטרים,473.00,"100 מ""ל",false,1,29.90,6.32,true,1,
77245110610,false,סוכריות מאסט מנטה 80 גרם,עלית,PL,סוכריות מאסט,גרמים,80.00,100 גרם,false,0,7.50,9.38,true,1,
77975010167,false,מקלוני חיטה + דבש340ג,סניידרס,US,מקלוני חיטה,גרמים,340.00,100 גרם,false,1,16.90,4.97,true,1,
77975022757,false,בייגלה אמריקאי 382 גרם,יאמאסה,US,בייגלה אמריקאי,גרמים,382.00,100 גרם,false,0,16.90,4.42,true,1,
77975036976,false,מתבל עגבניות סניידרס439ג,סניידרס,US,מתבל עגבניות,גרמים,439.00,100 גרם,false,1,17.90,4.08,true,1,
77975036983,false,מתבל עגב.חריף סניידרס439,סניידרס,US,מתבל עגבניות,גרמים,439.00,100 גרם,false,1,17.90,4.08,true,1,
77975088227,false,שברי בייגלה בצל חרדל340ג,סניידרס,US,שברי בייגלה,גרמים,340.00,100 גרם,false,0,16.90,4.97,true,1,
77975092088,false,שברי בייגלה ח. בוטנים283,סניידרס,US,שברי בייגלה,גרמים,283.00,100 גרם,false,1,16.90,5.97,true,1,
78300098379,false,20 טמפונים פלייטקס רגולר,פלייטקס מניפאקטורינג בעמ,US,טמפונים עם מוליך,יחידה,1.00,יחידה,false,1,26.90,26.90,true,1,
96086000577,false,קרקר כוסמין 200 גרם,מצות אביב,IL,קרקר כוסמין,גרמים,200.00,100 גרם,false,0,12.50,6.25,true,1,
305213079004,false,קרם גוף וזלין להזנה 600,יוניליוור,US,קרם גוף ואלין,מיליליטרים,600.00,"100 מ""ל",false,1,27.90,4.65,true,1,
611745285685,false,אבוקדו בשל מארז 2יחידות,מור בריאות,IL,אבוקדו בשל,יחידה,1.00,יחידה,false,1,12.90,12.90,true,1,
633824111838,false,וודקה ואן גוך אננס 750מל,מזקקת קוימאנס טילבורג,NL,וודקה ואן גוך,מיליליטרים,750.00,"100 מ""ל",false,0,159.90,21.32,true,1,
633824913432,false,וודקה ואן גוך אסאי 750מל,מזקקת קוימאנס טילבורג,NL,וודקה ואן גוך,מיליליטרים,750.00,"100 מ""ל",false,0,159.90,21.32,true,1,
649660432020,false,שזיף מיובש נטול גלעין567,היל ויו פקינג קומפני,US,שזיף מיובש,גרמים,567.00,100 גרם,false,1,24.90,4.39,true,1,
728229123590,false,צ'יפס אורגינל 110 גרם,היין סלסטיאל גרופ,US,צ'יפס,גרמים,110.00,100 גרם,false,0,15.90,14.45,true,1,
728229123811,false,צ'יפס מתובל 110 גרם,היין סלסטיאל גרופ,US,צ'יפס מתובל,גרמים,110.00,100 גרם,false,0,15.90,14.45,true,1,
728229124771,false,צ'יפס בטטה ברביקיו 110גר,היין סלסטיאל גרופ,US,ציפס טרה בטטה,גרמים,110.00,100 גרם,false,1,15.90,14.45,true,1,
728229130154,false,צ'יפס בטטה סלק 110 גרם,היין סלסטיאל גרופ,US,צ'יפס בטטה סלק,גרמים,110.00,100 גרם,false,0,15.90,14.45,true,1,
801541070435,false,טולסי ירוק קלאסי 25שק,אורגניק אינדיה,IN,חליטת  טולסי,גרמים,47.00,100 גרם,false,1,16.90,35.96,true,1,
801541500093,false,חליטת טולסי ליקוריץ 25שק,אורגניק אינדיה,IN,חל. טולסי 25 שק.,גרמים,47.00,100 גרם,false,1,16.90,35.96,true,1,
801541508402,false,טולסי דבש קמומיל 25 ש,אורגניק אינדיה,IN,חליטת טולסי,גרמים,42.00,100 גרם,false,1,16.90,40.24,true,1,
801541515004,false,טולסי ירוק לימונ.לואיז25,---,IN,טולסי ירוק,יחידה,1.00,יחידה,false,1,16.90,16.90,true,1,
818570007066,false,וניל טהור וויטקינס 29 מל,ג'י.אר. ווטקינס,US,וניל טהור,מיליליטרים,29.00,"100 מ""ל",false,1,31.90,110.00,true,1,
835811002215,false,מאפינס צבעוני מס 4 200 י,,IL,מאפינס צבעוני,יחידה,1.00,יחידה,false,1,12.90,12.90,true,1,
835811006053,false,קורנפלור 200 גרם,הנמל,IL,קורנפלור 200 גרם,גרמים,200.00,100 גרם,false,0,3.30,1.65,true,1,
839762000641,false,נקטר מנגו איילנד 1 ליטר,אדיר,EG,נקטר איילנד,ליטרים,1.00,ליטר,false,0,9.90,9.90,true,1,
839762000658,false,נקטר גויאבה איילנד 1 ל',אדיר,EG,נקטר איילנד,ליטרים,1.00,ליטר,false,0,9.90,9.90,true,1,
855074007086,false,פלפלון ביס בשקית יחידה,קטיף.,IL,פלפלון ביס בשקית,יחידה,1.00,יחידה,false,1,7.90,7.90,true,1,
856591000062,false,עוגיות מזרחיות מלח400גרם,עבאדי,IL,עוגיות מזרחיות,גרמים,400.00,100 גרם,false,0,17.40,4.35,true,1,
856591000499,false,עיגולים נשנוש ט.טבעי400ג,עבאדי,IL,עיגולים נשנוש,גרמים,400.00,100 גרם,false,1,15.90,3.98,true,1,
884912014245,false,פוסט הני בנצ'ס רוסטד411ג,פוסט,US,פוסט הני בנצ'ס,גרמים,411.00,100 גרם,false,0,23.70,5.77,true,1,
884912014252,false,פוסט הני בנצ'ס אלמונד411,פוסט,US,דגני הני בנצ'ס,גרמים,411.00,100 גרם,false,0,23.70,5.77,true,1,
884912126115,false,דגני גרייט גריינס דטה453,פוסט,US,דגני גרייט גרינס,גרמים,453.00,100 גרם,false,0,25.90,5.72,true,1,
884912288745,false,פוסט קוקו פבלס 425 גרם,פוסט,US,פוסט קוקו פבלס,גרמים,425.00,100 גרם,false,1,22.60,5.32,true,1,
884912301642,false,דגני בוקר אוראו פוסט311ג,---,US,דגני בוקר אוראו,גרמים,311.00,100 גרם,false,1,23.90,7.68,true,1,
960860015432,false,"עוג.ללת""ס מקמח מלא200גרם",מצות אביב 2014 מאפה בעמ,IL,"עוגיות ללת""ס",גרמים,200.00,100 גרם,false,0,14.30,7.15,true,1,
3014260022082,false,2מברשת פרו אקספורט מס40',פרוקטר & גמבל,IL,מברשת אורל בי,יחידה,1.00,יחידה,false,0,41.90,41.90,true,1,
3014260022730,false,2מברשות אדוונטג' מדיום40,פרוקטר & גמבל,IE,זוג מברשות,יחידה,1.00,יחידה,false,0,22.90,22.90,true,1,
3014260214692,false,ג'ל גילוח סירייס 200מל,ג'ילט,GB,ג'ל גילוח סירייס,מיליליטרים,200.00,"100 מ""ל",false,0,20.90,10.45,true,1,
3014260240226,false,קצף גילוח ג'ילט רגיש200מ,ג'ילט,GB,קצף גילוח ג'ילט,מיליליטרים,200.00,"100 מ""ל",false,0,14.90,7.45,true,1,
3045140105502,false,שוקולד חלב מילקה 100 גרם,מונדלייז,DE,שוקולד חלב מילקה,גרמים,100.00,100 גרם,false,0,6.90,6.90,true,1,
3045140280902,false,שוק.מילקה אגוז/צימוק100ג,מונדלייז,DE,שוקולד מילקה,גרמים,100.00,100 גרם,false,0,6.90,6.90,true,1,
3046920017527,false,שוק.מריר לינדט פיסטוק100,לינדט ושפרונגלי,FR,שוקולד אקסלנס,גרמים,100.00,100 גרם,false,1,14.90,14.90,true,1,
3046920028370,false,שוק.מריר לינדט תפוז 100ג,לינדט ושפרונגלי,CH,שוקולד לינדט,גרמים,100.00,100 גרם,false,0,14.90,14.90,true,1,
3046920028721,false,שוק.מריר לינדט 99% 50גרם,לינדט ושפרונגלי,FR,שוקולד אקסלנס,גרמים,50.00,100 גרם,false,1,14.90,29.80,true,1,
3046920029674,false,שוקולד מריר לינדט מלח 10,לינדט ושפרונגלי,DE,שוקולד לינדט,גרמים,100.00,100 גרם,false,0,14.90,14.90,true,1,
3046920029759,false,שוק.מריר לינדט 90% 100ג,לינדט ושפרונגלי קילשברג,DE,שוקולד אקסלנס,גרמים,100.00,100 גרם,false,1,14.90,14.90,true,1,
3046920029780,false,שוק.מריר לינדט70%מילד100,לינדט ושפרונגלי,DE,שוקולד אקסלנס,גרמים,100.00,100 גרם,false,1,14.90,14.90,true,1,
3059943015128,false,אירוויק נטול גז לבנדר345,רקיט בנקיזר,PL,אירוויק מבשם,מיליליטרים,345.00,"100 מ""ל",false,0,16.90,4.90,true,1,
3061990141101,false,עוגיות סנדוויץ שוקולד175,יונייטד ביסקוויטס פראנס,FR,עוגיות סנדוויץ,גרמים,175.00,100 גרם,false,1,6.90,3.94,true,1,
3061990141118,false,עוג.סנדוויץ מיני תות175ג,יונייטד ביסקוויטס פראנס,FR,עוגיות סנדוויץ,גרמים,175.00,100 גרם,false,1,6.90,3.94,true,1,
3178530402353,false,עוגיות מיני מדלן רכות175,סן מישל,FR,עוגיות מיני מדלן,גרמים,175.00,100 גרם,false,1,9.90,5.66,true,1,
3178530407938,false,עוג.מדלן שוקולד ציפס175ג,סן מישל,FR,עוגיות מדלן,גרמים,175.00,100 גרם,false,1,9.90,5.66,true,1,
3179732348913,false,מים מינרלים מוגז פרייה1ל,נסטלה ווטרס ספלאי,FR,פרייה מים מוגז,ליטרים,1.00,ליטר,false,1,8.90,8.90,true,1,
3387390320244,false,דגני בוקר פיטנס+פירות375,סי. פי. צרפת,FR,דגני פיטנס,גרמים,375.00,100 גרם,false,0,19.90,5.31,true,1,
3387390525960,false,קראנץ' דגני בוקר 500 גרם,סי. פי. צרפת,FR,קראנץ דגני בוקר,גרמים,500.00,100 גרם,false,0,22.90,4.58,true,1,
3387390730852,false,דגני בוקר פיטנס 375 גרם,סי פי. צרפת,FR,דגני פיטנס,גרמים,375.00,100 גרם,false,0,19.90,5.31,true,1,
3451790013416,false,ממרח קל מלוח 125 גרם,קורמן,BE,ממרח קל מלוח,גרמים,125.00,100 גרם,false,1,8.90,7.12,true,1,
3574660322651,false,קרפרי רגיל טנגה לבן 56יח,ג'ונסון,GR,קרפרי מגני תחתון,יחידה,1.00,יחידה,false,0,19.30,19.30,true,1,
3574660322675,false,קרפרי טנגה פרש 56 יח',ג'ונסון,GR,קרפרי מגני תחתון,יחידה,1.00,יחידה,false,0,19.30,19.30,true,1,
3574660464368,false,76 קרפרי אלוורה מגה פאק,---,GR,מגן תחתון קרפרי,יחידה,1.00,יחידה,false,0,23.50,23.50,true,1,
3574660464429,false,76 קרפרי אוורירי מגה פאק,ג'ונסון,GR,מגן תחתון קרפרי,יחידה,1.00,יחידה,false,0,23.50,23.50,true,1,
3574660514643,false,"קרם רב""ש ניוטרוג'ינה 300",ג'ונסון,FR,"קרם רב""ש",מיליליטרים,300.00,"100 מ""ל",false,0,31.90,10.63,true,1,
3574661012544,false,תחליב רחצה עדין לבנדר650,---,IT,תחליב רחצה עדין,מיליליטרים,650.00,"100 מ""ל",false,1,19.90,3.06,true,1,
3574661012568,false,תחליב רחצה עדין חלב וניל,---,IT,תחליב רחצה עדין,מיליליטרים,650.00,"100 מ""ל",false,1,19.90,3.06,true,1,
3574661098531,false,תח.גוף ניוטרוג'ינה מ400,ג'ונסון,GR,תחליב גוף,מיליליטרים,400.00,"100 מ""ל",false,1,33.90,8.48,true,1,
3574661098937,false,תח. גוף נטרוג'ינה יבש400,ג'ונסון,FR,תחליב גוף,מיליליטרים,400.00,"100 מ""ל",false,1,33.90,8.48,true,1,
3574661248318,false,מי פה ליסטרין אדוונס500מ,ג'ונסון,IT,מי פה ליסטרין,מיליליטרים,500.00,"100 מ""ל",false,1,34.90,6.98,true,1,
3574661363998,false,מי פה ליסטרין גרין תה500,ג'ונסון,IT,מי פה ליסטרין,מיליליטרים,500.00,"100 מ""ל",false,1,34.90,6.98,true,1,
3574661391373,false,תחליב גוף הידרו בוסט400מ,---,GR,תחליב גוף הידרו,מיליליטרים,400.00,"100 מ""ל",false,1,41.90,10.48,true,1,
3574661401140,false,מי פה ליסטרין לילה 400מל,ג'ונסון,IT,מי פה ליסטרין,מיליליטרים,400.00,"100 מ""ל",false,1,21.90,5.48,true,1,
3574661427935,false,ג'ונסון תרחיץ מ.כותנה500,ג'ונסון,IT,ג'ונסון תרחיץ,מיליליטרים,500.00,"100 מ""ל",false,1,24.90,4.98,true,1,
3574669907781,false,ג'ונסון שמפו גולד 750 מל,ג'ונסון,IT,ג'ונסון שמפו,מיליליטרים,750.00,"100 מ""ל",false,1,26.90,3.59,true,1,
3600523193141,false,ספריי לצביעה מג'יק שחור,ליברמו,BE,ספריי צבע שיער,מיליליטרים,75.00,"100 מ""ל",false,1,44.90,59.87,true,1,
3600523193158,false,ספריי לצביעה מג'יק חום75,ליברמו,BE,ספריי לצביעה שיע,מיליליטרים,75.00,"100 מ""ל",false,1,44.90,59.87,true,1,
3600523642489,false,"מסכה אלביב 6 שמנים300מ""ל",לוריאל,DE,מסכה אלביב,מיליליטרים,300.00,"100 מ""ל",false,1,29.60,9.87,true,1,
3600523651870,false,אלביב שמפו ארגנין 550מל,קוסמטיקס,TR,אלביב שמפו,מיליליטרים,550.00,"100 מ""ל",false,1,16.90,3.07,true,1,
3600523652280,false,אלביב שמפו 6 שמנים 550 מ,קוסמטיקס,TR,אלביב שמפו,מיליליטרים,550.00,"100 מ""ל",false,1,16.90,3.07,true,1,
3600523782567,false,אלביב שמפו דרים לונג500מ,קוסמטיקס,FR,אלביב שמפו,מיליליטרים,500.00,"100 מ""ל",false,1,16.90,3.38,true,1,
3600523782581,false,אלביב מרכך דרים לונג500מ,קוסמטיקס,FR,אלביב מרכך,מיליליטרים,500.00,"100 מ""ל",false,1,16.90,3.38,true,1,
3600540308658,false,צבע קולור נטורלס בלונד 7,קוסמופול,PL,צבע לשיער גרניה,יחידה,1.00,יחידה,false,0,21.60,21.60,true,1,
3600540308665,false,צבע קולור נטורלס בלונד 8,קוסמופול,PL,צבע לשיער גרנייה,יחידה,1.00,יחידה,false,0,21.60,21.60,true,1,
3600541414051,false,דאודורנט רול אינביזי פרש,קוסמופול,PL,דאו.גרנייה,מיליליטרים,50.00,"100 מ""ל",false,0,15.90,31.80,true,1,
3608580730231,false,קונפיטורת תות שדה 370גרם,אנדורס,FR,קונפיטורת תות,גרמים,370.00,100 גרם,false,1,14.90,4.03,true,1,
3608580730248,false,קונפיטורת דובדבנים 370ג,אנדורס,FR,קונפיטורת דובדבן,גרמים,370.00,100 גרם,false,1,14.90,4.03,true,1,
3608580730323,false,קונפיטורת פטל 370 גרם,אנדורס,FR,קונפיטורת פטל,גרמים,370.00,100 גרם,false,1,14.90,4.03,true,1,
3614224051235,false,"דאו.אדידס A3 פרש 200 מ""ל",COLEPCCL,PT,דאו.אדידס,מיליליטרים,200.00,"100 מ""ל",false,1,17.90,8.95,true,1,
3800020434345,false,חטיף קיט קאט פופ צ'וק140,נסטלה,BG,חטיף קיט קאט,גרמים,140.00,100 גרם,false,0,10.90,7.79,true,1,
3838824127224,false,צבע סמי קיט 4-0חום בינונ,הנקל סוד,SI,צבעי שיער פלטה,יחידה,1.00,יחידה,false,0,21.90,21.90,true,1,
3838824127309,false,צבע סמי קיט פלטה מס8-0',הנקל סוד,SI,צבע לשיער פלטה,יחידה,1.00,יחידה,false,0,21.90,21.90,true,1,
3838824127361,false,צבע סמי קיט פלטה מ5-68.,הנקל סוד,SI,צבע לשיער פלטה,יחידה,1.00,יחידה,false,0,21.90,21.90,true,1,
3838824240275,false,צבע סמי קיט פלטה 6-65 יח,הנקל סוד,SI,צבע לשיער פלטה,יחידה,1.00,יחידה,false,0,21.90,21.90,true,1,
3838824332116,false,צבע סמי קיט פלטה 7-57,הנקל סוד,SI,צבע סמי קיט פלטה,יחידה,1.00,יחידה,false,1,21.90,21.90,true,1,
3838824332178,false,צבע סמי קיט פלטה 6-80,הנקל סוד,SI,צבע סמי קיט פלטה,יחידה,1.00,יחידה,false,1,21.90,21.90,true,1,
4000388563803,false,דאב תח. גוף רגיל-יבש 400,יוניליוור,DE,דאב תחליב גוף,מיליליטרים,400.00,"100 מ""ל",false,1,25.90,6.48,true,1,
4000417025005,false,שוק.ריטר עם מרציפן 100גר,אלפרד ריטר,DE,שוקולד ריטר,גרמים,100.00,100 גרם,false,0,9.90,9.90,true,1,
4000417220004,false,שוקולד ריטר חלב+וופל100ג,אלפרד ריטר,DE,שוקולד ריטר,גרמים,100.00,100 גרם,false,1,9.90,9.90,true,1,
4000417931009,false,שוק.ריטר חלב+מריר 55%,אלפרד ריטר,DE,שוקולד ריטר,גרמים,100.00,100 גרם,false,1,11.90,11.90,true,1,
4000417932006,false,שוק.ריטר מריר 61% 100גרם,אלפרד ריטר,DE,שוקולד ריטר,גרמים,100.00,100 גרם,false,1,11.90,11.90,true,1,
4000417933003,false,שוק.ריטר מריר 74% 100גרם,אלפרד ריטר,DE,שוקולד ריטר,גרמים,100.00,100 גרם,false,1,11.90,11.90,true,1,
4000522061752,false,בייגלה מקלות מלוחים100גר,INTERSNACK,HU,בייגלה מקלות,גרמים,100.00,100 גרם,false,1,3.90,3.90,true,1,
4001432775036,false,"גולדן פיק לבן 750 מ""ל",קוואליטי ווינס,DE,יין גולדן פיק,מיליליטרים,750.00,"100 מ""ל",false,1,37.90,5.05,true,1,
4002103250487,false,בירה ארדינגר בהירה500מל,מבשלת ארדינגר ארדינג,DE,בירה ארדינגר,מיליליטרים,500.00,"100 מ""ל",false,1,10.90,2.18,true,1,
4002590000046,false,סוכריות מנטה מרעננות150ג,קלפני,DE,סוכריות קלפני,גרמים,150.00,100 גרם,false,0,8.90,5.93,true,1,
4002590000633,false,סוכ.קלפני טעם פירות150ג,קלפני,DE,סוכריות קלפני,גרמים,150.00,100 גרם,false,0,8.90,5.93,true,1,
4005808128273,false,ניוואה ג'ל רחצה לגבר500מ,ביירסדורץ,DE,ניוואה ג'ל רחצה,מיליליטרים,500.00,"100 מ""ל",false,0,16.80,3.36,true,1,
4005808366392,false,שפתון לבלו כחול,ביירסדורץ,IL,שפתון לבלו כחול,יחידה,1.00,יחידה,false,1,12.90,12.90,true,1,
4005808368280,false,לבלו דובדבן בליסטר,ביירסדורץ,IL,שפתון לבלו,יחידה,1.00,יחידה,false,1,12.90,12.90,true,1,
4005808781935,false,ג'ל רחצה פאוור רפרש500מל,ביירסדורץ,IL,ג'ל רחצה ניוואה,מיליליטרים,500.00,"100 מ""ל",false,0,16.80,3.36,true,1,
4005808813001,false,תחל.לאחר גילוח מרענן100מ,ביירסדורץ,DE,אפטר שייב ניוואה,מיליליטרים,100.00,"100 מ""ל",false,0,54.80,54.80,true,1,
4005808817405,false,ג'ל גילוח ניוואה.רגיש200,ביירסדורץ,DE,ג'ל גילוח ניוואה,מיליליטרים,200.00,"100 מ""ל",false,0,17.70,8.85,true,1,
4005808890507,false,"ניוואה סופט 200 מ""ל",ביירסדורץ,ES,קרם ניוואה סופ,מיליליטרים,200.00,"100 מ""ל",false,0,36.90,18.45,true,1,
4005900816108,false,ניוואה רולאון יבש לגבר50,ביירסדורץ,DE,דאודורנט ניוואה,מיליליטרים,50.00,"100 מ""ל",false,0,17.90,35.80,true,1,
4005900816115,false,ניוואה רול און יבש לאישה,ביירסדורץ,DE,דאודורנט ניוואה,מיליליטרים,50.00,"100 מ""ל",false,0,17.90,35.80,true,1,
4005900828088,false,ניוואה רולאון פרש לגבר50,ביירסדורץ,DE,דאודורנט ניוואה,מיליליטרים,50.00,"100 מ""ל",false,0,17.90,35.80,true,1,
4006067084225,false,קפה נמס ארומה עשירה100גר,מ.דוידס,PL,קפה נמס דוידוף,גרמים,100.00,100 גרם,false,0,21.70,21.70,true,1,
4008400230726,false,ביצת הפתעה מקסי 100 גרם,פררו,BE,ביצת הפתעה מקסי,גרמים,100.00,100 גרם,false,1,22.90,22.90,true,1,
4009300522966,false,תה ירוק עם נענע 20 שק',טיקנה,DE,תה ירוק נענע,גרמים,30.00,100 גרם,false,0,17.90,59.67,true,1,
4009300524588,false,חליטת פירות יער20שקיק3*ג,טיקנה,DE,חליטת פירות יער,גרמים,60.00,100 גרם,false,0,16.90,28.17,true,1,
4009300525684,false,חליטת לימון ג'ינג'ר20שק,טיקנה,DE,חליטת לימון,גרמים,35.00,100 גרם,false,0,16.90,48.29,true,1,
4009300526438,false,תה ירוק קלאסי 20 שקיקים,טיקנה,DE,תה ירוק פומפדור,גרמים,30.00,100 גרם,false,0,17.90,59.67,true,1,
4009900402965,false,אורביט וייט פירות 64גרם,ריגלי,PL,אורביט בקבוקון,גרמים,64.00,100 גרם,false,0,10.90,17.03,true,1,
4009900403023,false,מסטיק אורביט ויט מנטה64ג,ריגלי,PL,אורביט בקבוקון,גרמים,64.00,100 גרם,false,0,10.90,17.03,true,1,
4009900420129,false,אורביט פפרמינט בקבוקון64,---,PL,אורביט פפרמינט,גרמים,64.00,100 גרם,false,1,10.90,17.03,true,1,
4009900426039,false,מסטיק איירוויבז מנטה64ג,ריגלי,PL,מסטיק איירוויבז,גרמים,64.00,100 גרם,false,1,10.90,17.03,true,1,
4009900455299,false,סוכריות סקיטלס פירות174ג,ריגלי ממתקים,CZ,סוכריות סקיטלס,גרמים,174.00,100 גרם,false,0,8.80,5.06,true,1,
4009900465304,false,סוכריות סקיטלס חמוץ174גר,ריגלי ממתקים,CZ,סוכריות סקיטלס,גרמים,174.00,100 גרם,false,0,8.80,5.06,true,1,
4009900479998,false,אורביט אוכמניות בקבוק64ג,ריגלי,PL,אורביט בקבוקון,גרמים,64.00,100 גרם,false,0,10.90,17.03,true,1,
4009900482417,false,אורביט באבל מינט בקבוק64,ריגלי,PL,אורביט באבל מינט,גרמים,64.00,100 גרם,false,0,10.90,17.03,true,1,
4009900483803,false,איירוויבז מנטה M 84 גרם,---,PL,מסטיק איירוויבז,גרמים,84.00,100 גרם,false,1,13.50,16.07,true,1,
4009900484060,false,מסטיק בקבוק M פפרמינט84ג,ריגלי,PL,אורביט בקבוק,גרמים,84.00,100 גרם,false,0,13.50,16.07,true,1,
4009900484091,false,מסטיק בקבוק M ספירמינ84,ריגלי,PL,אורביט בקבוק,גרמים,84.00,100 גרם,false,0,13.50,16.07,true,1,
4009900484305,false,מסטיק בקבוקMסוויטמינט84ג,ריגלי,GB,אורביט בקבוק,גרמים,84.00,100 גרם,false,0,13.50,16.07,true,1,
4009900487283,false,מסטיק סטיקס פירות 5 יח',ריגלי צרפת,FR,מסטיק סטיקס,גרמים,65.00,100 גרם,false,0,9.90,15.23,true,1,
4009900487405,false,מסטיק סטיקס טרופי 5 יח',ריגלי צרפת,FR,מסטיק סטיקס,גרמים,65.00,100 גרם,false,1,9.90,15.23,true,1,
4009900491044,false,איירוויבז Mאוכמניות 84גר,---,PL,מסטיק איירוויבז,גרמים,84.00,100 גרם,false,1,13.50,16.07,true,1,
4009900500166,false,סוכריות סקיטלס פירות125ג,ריגלי ממתקים,CZ,סוכריות סקיטלס,גרמים,125.00,100 גרם,false,1,8.90,7.12,true,1,
4009900504218,false,אורביט תפוז בקבוקון64ג,ריגלי,PL,אורביט בקבוקון,גרמים,64.00,100 גרם,false,1,10.90,17.03,true,1,
4009900512329,false,מסטיק 5 בוקס ספירמינט69ג,ריגלי,RU,מסטיק פייב,גרמים,69.00,100 גרם,false,1,10.90,15.80,true,1,
4009900512350,false,מסטיק 5 בוקס אבטיח69ג,ריגלי,RU,מסטיק פייב,גרמים,69.00,100 גרם,false,1,10.90,15.80,true,1,
4009900514996,false,מסטיק אורביט תות 64 גרם,ריגלי,IL,אורביט בקבוקון,גרמים,64.00,100 גרם,false,1,10.90,17.03,true,1,
4009900523288,false,מסטיק 5 בוקס תות 69 גרם,מרס,RU,מסטיק פייב,גרמים,69.00,100 גרם,false,1,10.90,15.80,true,1,
4009900531122,false,מסטיק אורביט ספירמינט64ג,---,PL,אורביט ספירמינט,גרמים,64.00,100 גרם,false,1,10.90,17.03,true,1,
4009900532327,false,סוכריות סקיטלס סמודיס38ג,ריגלי ממתקים,CZ,סוכריות סקיטלס,גרמים,38.00,100 גרם,false,1,2.90,7.63,true,1,
4011800532024,false,קורני קראנצ ש.שועל+דבש6י,SCHWARTAUER,DE,חטיפי קורני 6 יח,גרמים,120.00,100 גרם,false,1,12.90,10.75,true,1,
4011800536022,false,קורני קראנצ ש.שועל מריר6,SCHWARTAUER,DE,קורני קראנצ 6 יח,גרמים,120.00,100 גרם,false,1,12.90,10.75,true,1,
4011800563417,false,קורני מיי סטייל שוק30*4ג,SCHWARTAUER,DE,חטיפי קורני 4 יח,גרמים,120.00,100 גרם,false,1,12.90,10.75,true,1,
4011800573416,false,קורני מיי סטייל תות30*4ג,SCHWARTAUER,DE,חטיפי קורני 4 יח,גרמים,120.00,100 גרם,false,1,12.90,10.75,true,1,
4011800583415,false,קורני מיי סטייל בננה30*4,SCHWARTAUER,DE,חטיפי קורני 4 יח,גרמים,120.00,100 גרם,false,1,12.90,10.75,true,1,
4011800628512,false,קורני חט.דגנים+שוקולד6יח,Schwartauer,DE,קורני חטיף דגנים,גרמים,150.00,100 גרם,false,0,12.90,8.60,true,1,
4011800630515,false,קורני 6חט.דגנים+שוק+בננה,Schwartauer,DE,קורני חטיף דגנים,גרמים,150.00,100 גרם,false,0,12.90,8.60,true,1,
4011800632519,false,קורני חטיפי קוקוס שוק6יח,Schwartauer,DE,קורני חטיף דגנים,גרמים,150.00,100 גרם,false,0,12.90,8.60,true,1,
4011800633516,false,6קורני+שוק.מריר58% קקאו,Schwartauer,DE,קורני חטיף דגנים,גרמים,138.00,100 גרם,false,0,12.90,9.35,true,1,
4011800636517,false,קורני FREE שוקולד חלב6יח,Schwartauer,DE,קורני חטיף דגנים,גרמים,120.00,100 גרם,false,0,12.90,10.75,true,1,
4013227013391,false,"אייריש קרים 700 מ""ל",קוימנס רויאל,NL,אייריש קרים,מיליליטרים,700.00,"100 מ""ל",false,0,44.90,6.41,true,1,
4014400907902,false,סוכ.וורטר ל.סוכר בוקס42ג,שטורק,DE,סוכריות וורטר,גרמים,42.00,100 גרם,false,0,6.20,14.76,true,1,
4014400910063,false,סוכריות חמאה וורטר135גרם,שטורק,DE,סוכריות וורטר,גרמים,135.00,100 גרם,false,0,8.00,5.93,true,1,
4014400914696,false,סוכ.חמאה וורטר ל.סוכר80ג,שטורק,DE,סוכריות וורטר,גרמים,80.00,100 גרם,false,0,8.00,10.00,true,1,
4014400914924,false,סוכ.וורטר ללא סוכר קפה80,שטורק,DE,סוכריות וורטר,גרמים,80.00,100 גרם,false,0,8.00,10.00,true,1,
4014400920857,false,"סוכ.וורטר לל""ס שוקולד70ג",שטורק,DE,סוכריות וורטר,גרמים,70.00,100 גרם,false,1,8.00,11.43,true,1,
4014400923711,false,טופיפי 125 גרם,שטורק,DE,טופיפי,גרמים,125.00,100 גרם,false,1,12.50,10.00,true,1,
4014400927573,false,וורטר חטיפי קרמל 153 גרם,---,DE,וורטר קרמל,גרמים,153.00,100 גרם,false,1,17.90,11.70,true,1,
4015000519915,false,דאו.ספריי פינק פשיין 200,הנקל סוד,TR,דאודורנט FA,מיליליטרים,200.00,"100 מ""ל",false,0,10.90,5.45,true,1,
4015000615884,false,"דאו.ספרי FA לימון 200מ""ל",הנקל סוד,DE,דאודורנט FA,מיליליטרים,200.00,"100 מ""ל",false,0,10.90,5.45,true,1,
4015000995122,false,דאו. פה כח המשיכה 200 מל,הנקל סוד,DE,דאודורנט פה,מיליליטרים,200.00,"100 מ""ל",false,0,10.90,5.45,true,1,
4015400269762,false,טמפקס פרל רגולר 20יחידות,פרוקטר אנד גמבל,HU,טמפקס פרל,יחידה,1.00,יחידה,false,0,20.90,20.90,true,1,
4015400269793,false,טמפקס פרל סופר 18 יחידות,פרוקטר & גמבל,HU,טמפקס פרל סופר,יחידה,1.00,יחידה,false,0,20.90,20.90,true,1,
4015400564034,false,מגן תח.אולוייז מגה פק +L,פרוקטר אנד גמבל,DE,מגן תחתון אולויז,יחידה,1.00,יחידה,false,0,19.90,19.90,true,1,
4015400564454,false,68מגני תח.אולוייז מגה L,פרוקטר אנד גמבל,DE,מגן תחתון אולויז,יחידה,1.00,יחידה,false,0,19.90,19.90,true,1,
4015400598329,false,56אולוויז קוואטרו נורמל+,פרוקטר אנד גמבל,UA,תחבושות אולוויז,יחידה,1.00,יחידה,false,0,36.90,36.90,true,1,
4015400598381,false,48 אולוויז קוואטרו לונג+,פרוקטר אנד גמבל,UA,תחבושות אולוויז,יחידה,1.00,יחידה,false,0,36.90,36.90,true,1,
4015400598411,false,40 אולוויז קוואטרו לילה,פרוקטר אנד גמבל,UA,תחבושות אולוויז,יחידה,1.00,יחידה,false,0,36.90,36.90,true,1,
4015400681670,false,18תחב.אולוייז לילה בטוח,פרוקטר אנד גמבל,UA,תחבושות אולוייז,יחידה,1.00,יחידה,false,0,19.90,19.90,true,1,
4015400690498,false,18טמפקס קומפאק פרל סופר+,פרוקטר אנד גמבל,HU,טמפקס,יחידה,1.00,יחידה,false,1,20.90,20.90,true,1,
4015400731719,false,20 תח.אולוייז דואו לילה,פרוקטר אנד גמבל,UA,תחבושות אולוייז,יחידה,1.00,יחידה,false,1,19.90,19.90,true,1,
4015400746812,false,80מגני תח.אולוייז מגה פק,פרוקטר אנד גמבל,UA,מגן תחתון אולויז,יחידה,1.00,יחידה,false,1,19.90,19.90,true,1,
4015400755241,false,28תח.אולוייז דואו נורמל+,פרוקטר אנד גמבל,UA,תחבושות אולוייז,יחידה,1.00,יחידה,false,1,19.90,19.90,true,1,
4015400755487,false,24 תח.אולוייז דואו לונג,פרוקטר אנד גמבל,UA,תחבושות אולוייז,יחידה,1.00,יחידה,false,1,19.90,19.90,true,1,
4015600763251,false,שמפו הד&שולדרס קלאסי 600,פרוקטר אנד גמבל,RO,שמפו הד&שולדרס,מיליליטרים,600.00,"100 מ""ל",false,0,23.90,3.98,true,1,
4015600763299,false,"הד&שולדרס 2ב1- 600 מ""ל",פרוקטר אנד גמבל,RO,שמפו הד&שולדרס,מיליליטרים,600.00,"100 מ""ל",false,0,23.90,3.98,true,1,
4015600763411,false,שמפו הד&שולדרס מנטול 600,פרוקטר אנד גמבל,RO,שמפו הד&שולדרס,מיליליטרים,600.00,"100 מ""ל",false,0,23.90,3.98,true,1,
4015600763459,false,שמפו הד&שולדרס תפוח 600,פרוקטר אנד גמבל,RO,שמפו הד&שולדרס,מיליליטרים,600.00,"100 מ""ל",false,0,23.90,3.98,true,1,
4015600763534,false,הד&שולדרס מגע משי 600מ,פרוקטר אנד גמבל,RO,שמפו הד&שולדרס,מיליליטרים,600.00,"100 מ""ל",false,0,23.90,3.98,true,1,
4015600766658,false,שמפו הד&שולדרס 2ב1- 600,פרוקטר אנד גמבל,RO,שמפו הד&שולדרס,מיליליטרים,600.00,"100 מ""ל",false,0,23.90,3.98,true,1,
4015600768966,false,הד&שולדרס עם לחות 600מ,פרוקטר אנד גמבל,RO,שמפו הד&שולדרס,מיליליטרים,600.00,"100 מ""ל",false,0,23.90,3.98,true,1,
4017100198151,false,עוג.סנדוויץ היט וניל220ג,באלסן,PL,עוגיות סנדוויץ,גרמים,220.00,100 גרם,false,1,8.90,4.05,true,1,
4017100210105,false,גלילי ופל ופלטן מריר100ג,בלזן,DE,בלזן וופלטן מריר,גרמים,100.00,100 גרם,false,1,11.50,11.50,true,1,
4017100216800,false,וופל מיניס שוקולד חלב100,באלסן,DE,וופל מיניס,גרמים,100.00,100 גרם,false,1,8.90,8.90,true,1,
4017100290008,false,ביסקוויט שוקולד חלב125ג,בלזן,DE,ביסקוויט שוקולד,גרמים,125.00,100 גרם,false,0,11.50,9.20,true,1,
4017100291005,false,ביסקוויט שוקולד מריר125ג,באלסן,DE,ביסקוויט שוקולד,גרמים,125.00,100 גרם,false,0,11.50,9.20,true,1,
4017100366239,false,עוג.ליבניץ אנד קרים190ג,---,PL,עוגיות ליבניץ,גרמים,190.00,100 גרם,false,1,12.90,6.79,true,1,
4017100373114,false,מיניס שוקו ליבניץ 100 גר,בלזן,PL,מיניס ליבניץ,גרמים,100.00,100 גרם,false,0,7.40,7.40,true,1,
4022025001950,false,בלו ווין רוז.כשר מארז750,לנגוט טראבן,DE,בלו ווין מבעבע,מיליליטרים,750.00,"100 מ""ל",false,1,54.90,7.32,true,1,
4025700001023,false,שוק.חלב אגוזים מילקה100ג,מונדלייז,DE,שוקולד מילקה,גרמים,100.00,100 גרם,false,0,6.90,6.90,true,1,
4033100003530,false,וינסטון סופר סלימס מנטול,jti,CH,וינסטון סופר,יחידה,1.00,יחידה,false,0,299.90,299.90,false,1,
4033100013348,false,אל די ארוך חפיסה,jti,TR,אל די ארוך חפיסה,יחידה,1.00,יחידה,false,0,26.50,26.50,false,1,
4033100014505,false,אל די כחול 10 יח',jti,TR,אל די כחול חבילה,יחידה,1.00,יחידה,false,0,249.90,249.90,false,1,
4033100014529,false,אל די סלימס חפיסה,jti,TR,אל די סלימס חפ.,יחידה,1.00,יחידה,false,0,26.50,26.50,false,1,
4033100014536,false,אל די סלימס 10 יח',jti,TR,אל די סלימס חב.,יחידה,1.00,יחידה,false,0,249.90,249.90,false,1,
4043041008686,false,סוכ.דרופס לימון מנטה33גר,אורביט,CZ,דרופס לימון מנטה,גרמים,33.00,100 גרם,false,0,4.90,14.85,true,1,
4043041008716,false,סוכ.דרופס פירות יער 33גר,אורביט,CZ,דרופס פירות יער,גרמים,33.00,100 גרם,false,0,4.90,14.85,true,1,
4046234767650,false,קפה צ'יבו גולד סלקשין200,צ'יבו,PL,קפה צ'יבו,גרמים,200.00,100 גרם,false,1,24.90,12.45,true,1,
4046234794885,false,קפה צ'יבו בלאק נוויט200ג,צ'יבו,PL,קפה צ'יבו,גרמים,200.00,100 גרם,false,1,24.90,12.45,true,1,
4052197003254,false,בירה בנדיקטינר לאגר500מ,בנדיקטינר וויצבראו,DE,בירה בנדיקטינר,מיליליטרים,500.00,"100 מ""ל",false,1,11.80,2.36,true,1,
4066600612049,false,בירה פאולנ.אוקטוברפסט500,מבשלת פאולנר,DE,בירה פאולנר,מיליליטרים,500.00,"100 מ""ל",false,1,10.90,2.18,true,1,
4066600999614,false,"בירה פאולנר חיטה 500 מ""ל",מבשלת פאולנר,DE,בירה פאולנר חיטה,מיליליטרים,500.00,"100 מ""ל",false,1,10.90,2.18,true,1,
4084500065536,false,פנטן קרם לחות מוגברת 300,פרוקטר אנד גמבל,FR,קרם לשיער פנטן,מיליליטרים,300.00,"100 מ""ל",false,0,23.90,7.97,true,1,
4084500065598,false,פנטן קרם לחות לתלתלים300,פרוקטר אנד גמבל,FR,קרם לשיער פנטן,מיליליטרים,300.00,"100 מ""ל",false,0,23.90,7.97,true,1,
4084500088917,false,פיירי לכלים לימון650מל,פרוקטר אנד גמבל,GB,פיירי נוזל לכלים,מיליליטרים,650.00,"100 מ""ל",false,0,10.90,1.68,true,1,
4084500371453,false,"אבקת כביסה טייד 8 ק""ג",פרוקטר אנד גמבל,TR,אבקת כביסה טייד,קילוגרמים,8.00,"ק""ג",false,0,44.90,5.61,true,1,
4084500853553,false,פיירי אורגינל 650מל,פרוקטר אנד גמבל,GB,נוזל כלים פיירי,מיליליטרים,650.00,"100 מ""ל",false,1,10.90,1.68,true,1,
4084500853744,false,פיירי פלטינום לימון 515,פרוקטר אנד גמבל,GB,פיירי לכלים,מיליליטרים,515.00,"100 מ""ל",false,1,10.90,2.12,true,1,
4084500853898,false,פיירי אלוורה/מלפפונים515,פרוקטר אנד גמבל,GB,פיירי נוזל לכלים,מיליליטרים,515.00,"100 מ""ל",false,1,10.90,2.12,true,1,
4101730002718,false,מוצרט 5 כדורים 100 גרם,---,DE,מוצרט 5 כדורים,גרמים,100.00,100 גרם,false,1,12.90,12.90,true,1,
4101730003852,false,בונ.מוצרט לבבות 80 גרם,רבר,DE,בונבוניירה מוצרט,גרמים,80.00,100 גרם,false,0,16.90,21.13,true,1,
4101730004392,false,בונ.מוצרט שוקיס קלאסי100,רבר,DE,מוצרט שוקיס,גרמים,100.00,100 גרם,false,1,16.90,16.90,true,1,
4101730040024,false,שוקולד פיסטוק מוצרט100ג,רבר,DE,שוקולד מוצרט,גרמים,100.00,100 גרם,false,1,15.90,15.90,true,1,
4101730040048,false,שוקולד נוגט מוצרט 100גרם,רבר,DE,שוקולד מוצרט,גרמים,100.00,100 גרם,false,1,15.90,15.90,true,1,
4105120623941,false,"בירה ויינשטפן בק 500 מ""ל",ויינשטפן,DE,בירה ויינשטפן,מיליליטרים,500.00,"100 מ""ל",false,1,11.90,2.38,true,1,
4105120624412,false,בירה ויינשטפן ויטוס500מל,"ויינשטפן, ת.ד 1155 פרייז",DE,בירה ויישטפן,מיליליטרים,500.00,"100 מ""ל",false,1,11.90,2.38,true,1,
4210201181538,false,ראש חשמלי ספידי מקוון4יח,פרוקטר & גמבל,DE,ראש חשמלי 4 יח,יחידה,1.00,יחידה,false,0,89.90,89.90,true,1,
4606203001279,false,נקסט FF 10 יח',פיליפ מוריס,,נקסט FF חבילה,יחידה,1.00,יחידה,false,0,281.00,281.00,false,1,
4606203001293,false,נקסט 10 יח',פיליפ מוריס,,נקסט חבילה,יחידה,1.00,יחידה,false,0,281.00,281.00,false,1,
4607026530212,false,כוסמת 900 גרם,,RU,כוסמת,גרמים,900.00,100 גרם,false,0,12.90,1.43,true,1,
4607086730423,false,גרעין חמנייה קלוי 200גרם,KARPAI,IL,גרעין חמנייה,גרמים,200.00,100 גרם,false,1,11.90,5.95,true,1,
4607086730782,false,גרעין חמנייה עם מלח 200ג,KARPAI,IL,גרעין חמניה מלח,גרמים,200.00,100 גרם,false,1,11.90,5.95,true,1,
4640018990335,false,פיניש קוואנטום 54 טבליות,רקיט בנקיזר,PL,פיניש 54 טבליות,יחידה,1.00,יחידה,false,1,54.90,54.90,true,1,
4710068001692,false,"מאסטר קפה לאטה 240 מ""ל",,TW,מאסטר קפה,מיליליטרים,240.00,"100 מ""ל",false,0,6.90,2.88,true,1,
4710068001739,false,מאסטר קפה,,IL,מאסטר קפה,מיליליטרים,240.00,"100 מ""ל",false,0,6.90,2.88,true,1,
4751007730938,false,שפרוטים מעושנים 240 גרם,פודסטוק,LV,שפרוטים מעושנים,גרמים,240.00,100 גרם,false,1,11.60,4.83,true,1,
4751007733212,false,פילה סלמון ברוטב חרדל170,KARAVELLA,LV,פילה סלמון ברוטב,גרמים,170.00,100 גרם,false,1,11.90,7.00,true,1,
4751007733991,false,סלמון במיץ טבעי 200 גרם,KARAVELLA,LV,סלמון במיץ טבעי,גרמים,200.00,100 גרם,false,1,11.90,5.95,true,1,
4770209042274,false,חלב כחוש מרוכז וממותק397,פריז'אמפולס פייאנה,LT,חלב מרוכז ממותק,גרמים,397.00,100 גרם,false,1,7.90,1.99,true,1,
4800888190154,false,דאו.דאב רול און טלק 50מל,יוניליוור,PH,דאודורנט דאב,מיליליטרים,50.00,"100 מ""ל",false,1,23.20,46.40,true,1,
4820163121437,false,וודקה חורטיצה פלטינום700,אימיג' הולדינג,UA,וודקה חורטיצה,מיליליטרים,700.00,"100 מ""ל",false,1,59.90,8.56,true,1,
4860019001414,false,מים מינרליים,,GE,מים מינרליים,מיליליטרים,750.00,"100 מ""ל",false,0,9.00,1.20,true,1,
4891434225413,false,שמן שומשום 150 גרם,או איק גואם פוד אינדוסטר,SG,שמן שומשום,מיליליטרים,150.00,"100 מ""ל",false,0,11.80,7.87,true,1,
4903001925784,false,רוטב סויה מופחת נתרן500מ,יאמאסה,JP,רוטב סויה,מיליליטרים,500.00,"100 מ""ל",false,0,17.90,3.58,true,1,
4903001930993,false,"רוטב טריאקי יאמאסה500מ""ל",יאמאסה,JP,רוטב טריאקי,מיליליטרים,500.00,"100 מ""ל",false,1,17.90,3.58,true,1,
5000127533196,false,קלוג'ס וראייטי 191 גרם,---,GB,קלוגס וראייטי,גרמים,191.00,100 גרם,false,1,22.90,11.99,true,1,
5000146048671,false,סילבו מטליות לכלי כסף,רקיט בנקיזר,PT,מטליות ניקוי,גרמים,75.00,100 גרם,false,1,14.90,19.87,true,1,
5000146401568,false,וולייט 10 דפים שומרי צבע,רקיט בנקיזר,IT,וולייט דפים,יחידה,1.00,יחידה,false,0,14.90,14.90,true,1,
5000159020312,false,שוקולד מלטיזרס 37 גרם,---,NL,שוקולד מלטיזרס,גרמים,37.00,100 גרם,false,1,5.00,13.51,true,1,
5000159376655,false,סוכריות סקיטלס פירות38ג,ריגלי ממתקים,CZ,סוכריות סקיטלס,גרמים,38.00,100 גרם,false,0,2.90,7.63,true,1,
5000159407236,false,חטיף מרס 51 גרם,מרס,NL,חטיף מרס,גרמים,51.00,100 גרם,false,0,3.90,7.65,true,1,
5000159452977,false,מיני מיקס בשקית 400 גרם,מרס,NL,מיני מיקס,גרמים,400.00,100 גרם,false,0,21.90,5.48,true,1,
5000159459228,false,חטיף טוויקס 50 גרם,מרס,NL,חטיף טוויקס,גרמים,50.00,100 גרם,false,0,3.90,7.80,true,1,
5000159461122,false,חטיף סניקרס 50 גרם,מרס,NL,חטיף סניקרס,גרמים,50.00,100 גרם,false,0,3.90,7.80,true,1,
5000159468534,false,חטיפי סניקרס 4+1 50*5ג,---,NL,חטיפי סניקרס,גרמים,250.00,100 גרם,false,1,12.90,5.16,true,1,
5000159493093,false,חטיף סניקרס בייטס 150גרם,מרס,NL,חטיף סניקרס בייט,גרמים,150.00,100 גרם,false,0,11.90,7.93,true,1,
5000159493338,false,חטיף מרס בייטס 150 גרם,מרס,NL,חטיף מרס בייטס,גרמים,150.00,100 גרם,false,0,11.90,7.93,true,1,
5000168191898,false,מקוויטיס מצופה טו גו200ג,DIGESTIVE MCVITIES,GB,מקוויטיס מצופה,גרמים,200.00,100 גרם,false,1,11.90,5.95,true,1,
5000168199221,false,שוקולד חלב גודייבה 90 גר,גודייבה,TR,שוקולד גודייבה,גרמים,90.00,100 גרם,false,1,15.90,17.67,true,1,
5000168199320,false,שוק.מריר 72% קקאו90גר,גודייבה,TR,שוקולד גודייבה,גרמים,90.00,100 גרם,false,1,15.90,17.67,true,1,
5000168211954,false,שוק.מריר 90% קקאו 90 גרם,גודייבה,TR,שוקולד גודייבה,גרמים,90.00,100 גרם,false,1,15.90,17.67,true,1,
5000168211992,false,שוק.חלב שקד+דבש+מלח 90גר,גודייבה,TR,שוקולד גודייבה,גרמים,90.00,100 גרם,false,1,15.90,17.67,true,1,
5000204658125,false,קיווי נוזל נעליים חום75מ,ג'ונסון,PL,קיווי נוזל,מיליליטרים,75.00,"100 מ""ל",false,0,14.90,19.87,true,1,
5000204658187,false,קיווי נוזל נעליים שחור75,ג'ונסון,PL,קיווי נוזל,מיליליטרים,75.00,"100 מ""ל",false,0,14.90,19.87,true,1,
5000213000359,false,"בירה גינס 330 מ""ל",תשלובת גינס,IE,בירה גינס,מיליליטרים,330.00,"100 מ""ל",false,1,13.80,4.18,true,1,
5000213014905,false,"בירה גינס פחית 440 מ""ל",קרלסברג ישראל,IE,בירה גינס פחית,מיליליטרים,440.00,"100 מ""ל",false,0,15.80,3.59,true,1,
5000219023772,false,פאקט סיגריות סטרים פילטר,bat,TR,פאקט סיגריות,יחידה,1.00,יחידה,false,0,269.90,269.90,false,1,
5000219120112,false,פאל מאל כחול ארוך 10 יח',bat,TR,פאל מאל כחול,יחידה,1.00,יחידה,false,1,269.90,269.90,false,1,
5000267014234,false,וויסקי ג'וני ווקר אדום,ג'וני ווקר,GB,ג'וני ווקר אדום,מיליליטרים,700.00,"100 מ""ל",false,0,99.90,14.27,true,1,
5000267024202,false,וויסקי ג'וני ווקר שחור,ג'וני ווקר,GB,ויסקי ג'וני ווקר,מיליליטרים,700.00,"100 מ""ל",false,0,119.90,17.13,true,1,
5000394002562,false,4 סוללות דורסל AAאולטרה,דורסל,BE,סוללות דורסל,יחידה,1.00,יחידה,false,1,19.90,19.90,true,1,
5000394098756,false,6 סוללות דורסל AA,דורסל,BE,6 סוללות דורסל,יחידה,1.00,יחידה,false,1,20.90,20.90,true,1,
5000396037548,false,ביסק.מצופה שוק.מריר200ג,DIGESTIVE MCVITIES,GB,ביסקוויט מקויטיס,גרמים,200.00,100 גרם,false,1,10.90,5.45,true,1,
5000396037944,false,ביסקוויט מקוויטיס 250 גר,DIGESTIVE MCVITIES,GB,ביסקוויט מקויטיס,גרמים,250.00,100 גרם,false,1,9.90,3.96,true,1,
5000396044140,false,חטיף ניבלס שוקולד חלב80ג,DIGESTIVE MCVITIES,TR,חטיף ניבלס,גרמים,80.00,100 גרם,false,1,5.90,7.38,true,1,
5010123703547,false,מי פה ליסטרין בורסק 500מ,ג'ונסון,IT,מי פה ליסטרין,מיליליטרים,500.00,"100 מ""ל",false,1,21.90,4.38,true,1,
5010123703585,false,"ליסטרין קול מינט 500 מ""ל",ג'ונסון,IT,מי פה ליסטרין,מיליליטרים,500.00,"100 מ""ל",false,1,21.90,4.38,true,1,
5010182997918,false,דאק ג'ל אסלה ניחוח ים 55,DEOFLOR,IT,דאק ג'ל לאסלה,מיליליטרים,55.00,"100 מ""ל",false,0,9.90,18.00,true,1,
5010327000046,false,"גרנט'ס ויסקי 700 מ""ל",גרנט'ס,GB,וויסקי גרנט'ס,מיליליטרים,700.00,"100 מ""ל",false,0,90.20,12.89,true,1,
5010327755014,false,"ג'ין הנדריקס 700 מ""ל",גרנט'ס,GB,ג'ין הנדריקס,מיליליטרים,700.00,"100 מ""ל",false,1,179.90,25.70,true,1,
5010677551397,false,"בריזר למון ליים 275 מ""ל","בקרדי בע""מ",DE,בריזר למון ליים,מיליליטרים,275.00,"100 מ""ל",false,1,14.50,5.27,true,1,
5010677552387,false,בריזר ט.אננס בקבוק 275מל,"בקרדי בע""מ",DE,בריזר בטעם אננס,מיליליטרים,275.00,"100 מ""ל",false,0,14.50,5.27,true,1,
5011026108033,false,"וויסקי טולמור דיו 700מ""ל",גרנט'ס,IE,וויסקי טולמור,מיליליטרים,700.00,"100 מ""ל",false,0,89.90,12.84,true,1,
5011157630281,false,"אורז טילדה המשלי 1 ק""ג",טילדה,GB,אורז טילדה המשלי,קילוגרמים,1.00,"ק""ג",false,0,24.90,24.90,true,1,
5011408028034,false,אלנט ספריי לשיער חזק 400,kozmetik canan,FR,אלנט ספריי לשיער,מיליליטרים,400.00,"100 מ""ל",false,0,29.60,7.40,true,1,
5014271002675,false,מעדן תפוח וקינמון 284 גר,סאן דלפור - שמבור,FR,מעדן תפוח קינמון,גרמים,284.00,100 גרם,false,1,18.90,6.65,true,1,
5014271002767,false,מעדן מנגו ופסיפלורה284גר,סאן דלפור - שמבור,FR,מעדן מנגו,גרמים,284.00,100 גרם,false,1,18.90,6.65,true,1,
5014271300429,false,מעד.משמש ל.תוספת סוכר284,סאן דלפור - שמבור,FR,מעדן מישמש,גרמים,284.00,100 גרם,false,0,18.90,6.65,true,1,
5014271310428,false,מעדן דובדבן שחור 284 גרם,סאן דלפור - שמבור,FR,מעדן דובדבן שחור,גרמים,284.00,100 גרם,false,0,18.90,6.65,true,1,
5014271350424,false,מעדן ארבעה פירות 284 גרם,סאן דלפור - שמבור,FR,מעדן 4 פירות,גרמים,284.00,100 גרם,false,0,18.90,6.65,true,1,
5014271360423,false,מעד.תפוז ללא תוס.סוכר284,סאן דלפור - שמבור,FR,מעדן תפוזים,גרמים,284.00,100 גרם,false,0,18.90,6.65,true,1,
5014271370422,false,מעדן אפרסק 284 גרם,סאן דלפור - שמבור,FR,מעדן אפרסקים,גרמים,284.00,100 גרם,false,0,18.90,6.65,true,1,
5014271400426,false,מעדן תות שדה 284 גרם,סאן דלפור - שמבור,FR,מעדן תות שדה,גרמים,284.00,100 גרם,false,0,18.90,6.65,true,1,
5014271560427,false,מעדן תפוז+ג'ינג'ר 284גרם,סאן דלפור - שמבור,FR,מעדן תפוז+גינג'ר,גרמים,284.00,100 גרם,false,0,18.90,6.65,true,1,
5014271796147,false,מעדן רימון ופטל 284 גרם,סאן דלפור - שמבור,FR,מעדן רימון ופטל,גרמים,284.00,100 גרם,false,0,18.90,6.65,true,1,
5014379009972,false,"בירה באדוויזר 500 מ""ל","איי, בי, אינבוו",GB,בירה באדוויזר,מיליליטרים,500.00,"100 מ""ל",false,1,9.90,1.98,true,1,
5029053002408,false,נ.ט. קלינקס לבן 9 גל.,חוגלה קימברלי,IL,נייר טואלט,מטרים,276.00,100 מטר,false,0,31.90,11.56,true,1,
5029053019598,false,קלינקס מגבוני אף 15יח,חוגלה קימברלי,IT,מגבוני אף דיסני,יחידה,1.00,יחידה,false,1,15.90,15.90,true,1,
5029053019659,false,קלינקס ממחטות דיסני56יח,חוגלה קימברלי,GB,קלינקס דיסני,יחידה,1.00,יחידה,false,1,7.90,7.90,true,1,
5029053032658,false,ממחטות קלינקס 9*8 יחידות,חוגלה קימברלי,IT,קלינקס שמיניה,יחידה,1.00,יחידה,false,1,8.60,8.60,true,1,
5029053510811,false,30תח.קוטקס נורמל כנפיים,חוגלה קימברלי,CZ,תחבושות קוטקס,יחידה,1.00,יחידה,false,0,19.90,19.90,true,1,
5029053523446,false,20 תח.קוטקס אולטרא נייט,חוגלה קימברלי,CN,תחבושות קוטקס,יחידה,1.00,יחידה,false,0,19.90,19.90,true,1,
5029053534596,false,32 טמפוני קוטקס נורמל,חוגלה קימברלי,CZ,טמפוני קוטקס,יחידה,1.00,יחידה,false,0,29.00,29.00,true,1,
5029054220085,false,מגבונים לרך נולד 56*4 יח,חוגלה קימברלי,GB,מגבונים לרך נולד,יחידה,1.00,יחידה,false,1,29.90,29.90,true,1,
5035766044772,false,סיידר תפוח 4 יח,,BE,סיידר תפוח 4 יח,ליטרים,1.32,ליטר,false,0,29.60,22.42,true,1,
5050083559761,false,קוקו פופס שוקוס קלוג500',קלוג'ס,ES,קוקו פופס קלוג'ס,גרמים,500.00,100 גרם,false,0,19.90,3.98,true,1,
5053827173353,false,קלוגס קוקו פופס 510 גרם,קלוג'ס,GB,קוקו פופס קלוגס,גרמים,510.00,100 גרם,false,1,19.90,3.90,true,1,
5053827193368,false,קלוגס ברנפלקס 500 גרם,קלוגס קומפני אוף גרייט ב,GB,קלוגס ברנפלקס,גרמים,500.00,100 גרם,false,1,23.50,4.70,true,1,
5053827193849,false,דגני צעצוע של סיפור350ג,קלוג'ס,PL,דגני ילדים דיסני,גרמים,350.00,100 גרם,false,1,14.90,4.26,true,1,
5053827194891,false,קלוגס ספיישל קיי 375 גרם,---,GB,קלוגס ספיישל קיי,גרמים,375.00,100 גרם,false,1,23.60,6.29,true,1,
5056051802440,false,צ'יפס בטטה עם מלח ים125ג,---,GB,צ'יפס בטטה,גרמים,125.00,100 גרם,false,1,13.90,11.12,true,1,
5060042641413,false,צ'יפס תפוא צ'ילי מתוק150,---,GB,"צ'יפס תפו""א",גרמים,150.00,100 גרם,false,1,9.90,6.60,true,1,
5060042641420,false,ציפס תפו.מלח פלפ.שחור150,---,GB,"צ'יפס תפו""א",גרמים,150.00,100 גרם,false,1,9.90,6.60,true,1,
5060108450003,false,"פרימיום מי טוניק 200 מ""ל",פיבר טרי,GB,מי טוניק פרימיום,מיליליטרים,200.00,"100 מ""ל",false,1,7.50,3.75,true,1,
5060108450089,false,ג'ינג'ר אייל פרמיום 200מ,פיבר טרי,GB,ג'ינג'ר אייל,מיליליטרים,200.00,"100 מ""ל",false,1,7.50,3.75,true,1,
5060169982079,false,קפה נמס ט.בצק עוגיות50ג,ביניס קפה,GB,קפה נמס ביניס,גרמים,50.00,100 גרם,false,1,17.90,35.80,true,1,
5060169982123,false,קפה נמס ט.אייריש קרים50ג,ביניס קפה,GB,קפה נמס ביניס,גרמים,50.00,100 גרם,false,1,17.90,35.80,true,1,
5060465390004,false,"בירה סקיני לאגר 330 מ""ל",סקיני,GB,בירה סקיני לאגר,גרמים,330.00,100 גרם,false,1,10.90,3.30,true,1,
5201004020338,false,גלילי וופל רולס קלאסי400,א.ג פאפאגופולוס,GR,גלילי וופל קפריס,גרמים,400.00,100 גרם,false,1,19.90,4.98,true,1,
5201178801054,false,"קרם ניוואה 250 מ""ל",ביירסדורץ,,ניוואה קרם לחות,מיליליטרים,250.00,"100 מ""ל",false,0,29.60,11.84,true,1,
5201347160326,false,"קלגון ג'ל 750 מ""ל",רקיט בנקיזר,IT,קלגון ג'ל,מיליליטרים,750.00,"100 מ""ל",false,1,29.90,3.99,true,1,
5201347400545,false,ויט 12רצועות שעווה לפנים,רקיט בנקיזר,FR,רצועות שעווה ויט,יחידה,1.00,יחידה,false,0,29.90,29.90,true,1,
5201940010110,false,זיתים שחורים,,GR,זיתים שחורים,גרמים,454.00,100 גרם,false,0,18.50,4.07,true,1,
5202300014472,false,"וולפלקס ספריי חזק 250מ""ל",פרוקטר & גמבל,DE,וולהפלקס ספריי,מיליליטרים,250.00,"100 מ""ל",false,0,35.40,14.16,true,1,
5202300043007,false,קולסטון 7/7 חום שטני,פרוקטר & גמבל,DE,קולסטון שפופרת,מיליליטרים,60.00,"100 מ""ל",false,0,26.50,44.17,true,1,
5202300043052,false,קולסטון 7/75 אגוז בהיר,פרוקטר & גמבל,DE,קולסטון שפופרת,מיליליטרים,60.00,"100 מ""ל",false,0,26.50,44.17,true,1,
5202300043144,false,קולסטון 9/0 בלונד בהיר מ,פרוקטר & גמבל,DE,קולסטון שפופרת,מיליליטרים,60.00,"100 מ""ל",false,0,26.50,44.17,true,1,
5202300043205,false,קולסטון 3/0 חום כהה,פרוקטר & גמבל,DE,קולסטון חום כהה,מיליליטרים,60.00,"100 מ""ל",false,0,26.50,44.17,true,1,
5391523057929,false,סימילאק גולד שלב 1 700 ג,אבוט,IE,סימילאק גולד,גרמים,700.00,100 גרם,false,1,82.90,11.84,true,1,
5391523057936,false,סימילאק גולד שלב 2 700 ג,אבוט,IE,סימילאק גולד,גרמים,700.00,100 גרם,false,1,82.90,11.84,true,1,
5391523058063,false,סימילאק אדבנס+ שלב1 700ג,אבוט,IE,סימילאק אדבנס,גרמים,700.00,100 גרם,false,1,68.90,9.84,true,1,
5391523058070,false,סימילאק אדבנס+ שלב3 700ג,אבוט,IE,סימילאק אדבנס,גרמים,700.00,100 גרם,false,1,68.90,9.84,true,1,
5391523058087,false,סימילאק אדבנס+ שלב2 700ג,אבוט,IE,סימילאק אדבנס,גרמים,700.00,100 גרם,false,1,68.90,9.84,true,1,
5400265022826,false,דפדפי שוקולד תפוז 125גרם,NV HAMLET,BE,דפדפי שוקולד,גרמים,125.00,100 גרם,false,0,11.90,9.52,true,1,
5410076933129,false,אריאל שושן צחור 3קג,פרוקטר & גמבל,CZ,אריאל שושן צחור,קילוגרמים,3.00,"ק""ג",false,0,39.90,13.30,true,1,
5410126006087,false,ביסקוויט בטעם קרמל 700 ג,לוטוס ביקרי,BE,ביסקוויט לוטוס,גרמים,700.00,100 גרם,false,0,26.90,3.84,true,1,
5410126106183,false,ביסקוויט לוטוס ארוז 50יח,לוטוס ביקרי,BE,ביסקוויט לוטוס,גרמים,312.00,100 גרם,false,0,16.80,5.38,true,1,
5410126116953,false,ממרח ביסקוויט לוטוס 400ג,לוטוס ביקרי,BE,ממרח ביסקוויט,גרמים,400.00,100 גרם,false,0,22.90,5.73,true,1,
5410126666038,false,ביסקוויט לוטוס קרמל279ג,לוטוס ביקרי,BE,ביסקוויט לוטוס,גרמים,279.00,100 גרם,false,1,13.90,4.98,true,1,
5410126716016,false,ביסקוויט לוטוס ט.קרמל250,לוטוס ביקרי,BE,ביסקויט לוטוס,גרמים,250.00,100 גרם,false,0,11.80,4.72,true,1,
5410126726947,false,ממרח עוג.לוטוס קראנץ380ג,לוטוס ביקרי,BE,ממרח עוגיות,גרמים,380.00,100 גרם,false,0,23.20,6.11,true,1,
5410173210055,false,קפה לפילטר,,IL,קפה לפילטר,גרמים,70.00,100 גרם,false,0,18.90,27.00,true,1,
5410228144755,false,בירה סטלה ארטואה 330*6מל,מבשלות בירה בינלאומיות ב,IL,בירה סטלה 6 יח',ליטרים,1.98,ליטר,false,0,34.90,17.63,true,1,
5410228267515,false,"בירה באדוויזר 330*6 מ""ל",איי.בי.אינבוו,GB,בירה באדוויזר6בק,ליטרים,1.98,ליטר,false,1,39.90,20.15,true,1,
5410291022011,false,ממרח אגוזי לוז צ'וקטה350,נאטרא,BE,ממרח אגוזי לוז,גרמים,350.00,100 גרם,false,1,10.90,3.11,true,1,
5410291022738,false,ממרח חום לבן צ'וקטה350ג,נאטרא,BE,ממרח חום לבן,גרמים,350.00,100 גרם,false,1,10.90,3.11,true,1,
5410316994019,false,וודקה סמירנוף,,IT,וודקה סמירנוף,מיליליטרים,700.00,"100 מ""ל",false,0,79.90,11.41,true,1,
5410471110774,false,ביסקוויט חמאה פריך 100גר,ג'ולס דסטרופר,BE,ביסקוויט וופל,גרמים,100.00,100 גרם,false,1,12.90,12.90,true,1,
5410471130901,false,ביסקוויט מצופה שוקולד100,ג'ולס דסטרופר,BE,ביסקוויט מצופה,גרמים,100.00,100 גרם,false,1,12.90,12.90,true,1,
5411188094159,false,אלפרו מעדן ט.שוקולד125X4,אלפרו,BE,מעדן סויה 4יח',גרמים,500.00,100 גרם,false,0,18.90,3.78,true,1,
5411188096108,false,"שמנת צמחית לבישול 250מ""ל",אלפרו,BE,שמנת צמחית,מיליליטרים,250.00,"100 מ""ל",false,0,9.90,3.96,true,1,
5411188110835,false,אלפרו משקה שקדים 1 ליטר,אלפרו,BE,אלפרו משקה שקדים,ליטרים,1.00,ליטר,false,0,13.90,13.90,true,1,
5411188111375,false,משקה אורז וניל 1 ליטר,אלפרו,BE,משקה אורז וניל,ליטרים,1.00,ליטר,false,0,13.90,13.90,true,1,
5411188112549,false,אלפרו משקה אורז 1 ליטר,אלפרו,BE,אלפרו משקה אורז,מיליליטרים,1000.00,"100 מ""ל",false,0,13.90,1.39,true,1,
5411188116592,false,אלפרו משקה קוקוס 1 ליטר,אלפרו,BE,אלפרו משקה קוקוס,מיליליטרים,1000.00,"100 מ""ל",false,0,13.90,1.39,true,1,
5411188118732,false,משקה קוקוס ושקדים 1 ליטר,אלפרו,GB,משקה קוקוס ושקד,ליטרים,1.00,ליטר,false,1,13.90,13.90,true,1,
5411188120742,false,משקה שקדים טעם וניל 1ל,אלפרו,GB,משקה שקדים,ליטרים,1.00,ליטר,false,1,13.90,13.90,true,1,
5411188120988,false,"אלפרו שמנת ע""ב אורז250גר",אלפרו,BE,אלפרו שמנת אורז,גרמים,250.00,100 גרם,false,1,9.90,3.96,true,1,
5411188121978,false,משקה סויה ט.שוקולד250*3מ,אלפרו סי.וי. איי,BE,משקה סויה 3 יח,מיליליטרים,750.00,"100 מ""ל",false,1,15.90,2.12,true,1,
5411188122029,false,משקה סויה ט.בננה 250*3מל,אלפרו,BE,משקה סויה 3 יח,מיליליטרים,750.00,"100 מ""ל",false,1,15.90,2.12,true,1,
5411188122661,false,"משקה שקד.לא קלוי ללת""ס1ל",אלפרו,BE,משקה שקדים,ליטרים,1.00,ליטר,false,1,13.90,13.90,true,1,
5411188300328,false,אלפרו סויה שוקו 1 ליטר,אלפרו,BE,אלפרו סויה שוקו,ליטרים,1.00,ליטר,false,0,15.90,15.90,true,1,
5412533001617,false,נוזל כלים אלוורה לימון1ל,אקובר,BE,נוזל לכלים,ליטרים,1.00,ליטר,false,0,16.90,16.90,true,1,
5413149634893,false,אריאל אבקה אלפיין פרש6קג,פרוקטר & גמבל,TR,אריאל אבקת כביסה,קילוגרמים,6.00,"ק""ג",false,1,49.90,8.32,true,1,
5413149635197,false,אריאל אבקה קולור 6קג,פרוקטר & גמבל,TR,אריאל קולור אבקה,קילוגרמים,6.00,"ק""ג",false,1,49.90,8.32,true,1,
5413548040479,false,בונ.רפאלו 240 גרם,פררו,PL,בונבוניירה רפאלו,גרמים,240.00,100 גרם,false,0,30.20,12.58,true,1,
5413548280189,false,קינדר שוקובון 125 גרם,פררו,BE,קינדר שוקובון,גרמים,125.00,100 גרם,false,0,13.20,10.56,true,1,
5600395030689,false,סרדין בשמן סויה חריף115ג,קופיסה אס.איי,PT,סרדין בשמן,גרמים,115.00,100 גרם,false,0,7.00,6.09,true,1,
5600395030719,false,סרדין בשמן זית נפטון115ג,קופיסה אס.איי,PT,סרדין בשמן זית,גרמים,115.00,100 גרם,false,0,7.00,6.09,true,1,
5600395030818,false,סרדין בשמן סויה נפטון115,קופיסה אס.איי,PT,סרדין בשמן,גרמים,115.00,100 גרם,false,0,7.00,6.09,true,1,
5601008200444,false,עוג.גודיס שוקולד חלב150ג,מרבה,PT,עוגיות גודיס,גרמים,150.00,100 גרם,false,0,6.90,4.60,true,1,
5601008200468,false,עוגי.גודיס שוקולד לבן150,מרבה,PT,עוגיות גודיס,גרמים,150.00,100 גרם,false,0,6.90,4.60,true,1,
5601036205558,false,אקסלנס חום כהה מס4',ליברמו,BE,צבע שיער אקסלנס,יחידה,1.00,יחידה,false,0,39.60,39.60,true,1,
5601036205596,false,אקסלנס חום זהוב מס5.3',ליברמו,BE,צבע לשיער אקסלנס,יחידה,1.00,יחידה,false,0,39.60,39.60,true,1,
5601036205626,false,אקסלנס בלונד כהה מס6',ליברמו,BE,צבע שיער אקסלנס,יחידה,1.00,יחידה,false,0,39.60,39.60,true,1,
5601036205657,false,אקסלנס בלונד מס7',ליברמו,BE,צבע לשיער אקסלנס,יחידה,1.00,יחידה,false,0,39.60,39.60,true,1,
5601036205688,false,אקסלנס בלונד בהיר מס8',ליברמו,BE,צבע לשיער אקסלנס,יחידה,1.00,יחידה,false,0,39.60,39.60,true,1,
5604912415041,false,סרדינים בשמן חמניות125גר,קונסרבס פורטוגל,PT,סרדינים בשמן,גרמים,125.00,100 גרם,false,1,6.90,5.52,true,1,
5604912425057,false,מקרלים חריפים בשמן 125ג,קונסרבס פורטוגל נורטה לי,PT,מקרלים חריפים,גרמים,125.00,100 גרם,false,1,6.90,5.52,true,1,
5701092108708,false,פיניש קוואנטום לימון20טב,רקיט בנקיזר,PL,טבליות קוואנטום,יחידה,1.00,יחידה,false,0,29.60,29.60,true,1,
5701932026964,false,הוטפופ טעם טבעי100*6ג,פופז,US,פופקורן הוטפופ,גרמים,600.00,100 גרם,false,0,14.90,2.48,true,1,
5701932026995,false,הוטפופ ט.טבעי מופחת שומן,פופז,US,הוטפופ טעם טבעי,גרמים,510.00,100 גרם,false,0,14.90,2.92,true,1,
5706516031358,false,הוטפופ 100קל' לאריזה160ג,פופז,US,הוט פופ 100 קל',גרמים,160.00,100 גרם,false,0,14.90,9.31,true,1,
5711953099946,false,קסטלו גבינת ברי 125 גרם,ארלה פודס אמבה,IL,קסטלו ברי 125 גר,גרמים,125.00,100 גרם,false,1,19.90,15.92,true,1,
5712341107274,false,באלי נטורל חום,,IL,באלי נטורל חום,גרמים,35.00,100 גרם,false,0,96.00,274.29,false,1,
5740900403215,false,ממרח לורפק עם מלח 250 גר,ארלה פודס אמבה,DK,ממרח לורפק,גרמים,250.00,100 גרם,false,1,16.90,6.76,true,1,
5740900403222,false,ממרח לורפק+מלח מופחת250ג,ארלה פודס אמבה,DK,ממרח לורפק,גרמים,250.00,100 גרם,false,1,16.90,6.76,true,1,
5900020015174,false,פיטנס חטיף דגנים שוק6.יח,סי. פי. פולין,PL,חטיפי פיטנס 6 יח,גרמים,141.00,100 גרם,false,0,15.80,11.21,true,1,
5900020022066,false,פיטנס חט.דגנים קרמל6יח',נסטלה,PL,חטיף דגנים פיטנס,גרמים,141.00,100 גרם,false,0,15.80,11.21,true,1,
5900020026552,false,האני נאט צ'יריוס 625גרם,סי. פי. צרפת,FR,האני נאט צ'יריוס,גרמים,625.00,100 גרם,false,1,25.90,4.14,true,1,
5900020026859,false,צ'ריוס האני נאט 375 גרם,רומילי,FR,צ'ריוס האני נאט,גרמים,375.00,100 גרם,false,1,13.90,3.71,true,1,
5900020032454,false,פיטנס חטיף דגנ.עוגיות6יח,סי. פי. פולין,PL,חטיפי פיטנס 6 יח,גרמים,188.00,100 גרם,false,1,15.80,8.40,true,1,
5900020032539,false,פיטנס חט.דגנים שוקולד6יח,סי. פי. פולין,PL,חטיפי פיטנס 6 יח,גרמים,188.00,100 גרם,false,1,15.80,8.40,true,1,
5900020033314,false,חטיפי  דגנים ליון 25*6 ג,סי.פי.פולין,PL,חטיפי דגנים ליון,גרמים,150.00,100 גרם,false,1,15.80,10.53,true,1,
5900020034021,false,חטיפי דגנים שוק.בננה 6יח,סי. פי. פולין,PL,חטיפי פיטנס 6 יח,גרמים,141.00,100 גרם,false,1,15.80,11.21,true,1,
5900627063233,false,פיניש AIO הכל ב1 50 טב',רקיט בנקיזר,PL,פיניש AIO,יחידה,1.00,יחידה,false,1,45.90,45.90,true,1,
5900907000583,false,מלפפונים שלמים בחומץ900ג,סגל דברים טובים,PL,מלפפונים בחומץ,גרמים,900.00,100 גרם,false,0,15.60,1.73,true,1,
5901367005019,false,כוסמת קלויה 500 גרם,,PL,כוסמת קלויה,גרמים,500.00,100 גרם,false,0,10.30,2.06,true,1,
5901414200411,false,היט מיניס שוקו 130 גרם,באלסן,DE,היט מיניס שוקו,גרמים,130.00,100 גרם,false,0,6.30,4.85,true,1,
5902198160403,false,משקה אנרגיה TEN XL,"טמפו משקאות בע""\מ",IL,משקה אנרגיה,מיליליטרים,250.00,"100 מ""ל",false,1,4.00,1.60,true,1,
5903141006694,false,ווג פריזון מנטול 10 יח',bat,PL,ווג פריזון מנטול,יחידה,1.00,יחידה,false,0,347.90,347.90,false,1,
5904941751302,false,"משקה אנרגיה בלו 250 מ""ל",אקו ביט,PL,משקה אנרגיה,מיליליטרים,250.00,"100 מ""ל",false,0,3.70,1.48,true,1,
5904941751920,false,בלו דיי משקה אנרגיה250מ,אקו ביט,PL,בלו דיי משקה,מיליליטרים,250.00,"100 מ""ל",false,0,3.70,1.48,true,1,
5906485301012,false,משקה אנרגיה XL,,IL,משקה אנרגיה XL,מיליליטרים,250.00,"100 מ""ל",false,0,4.00,1.60,true,1,
5948530002130,false,ווג ליידי כחול 10 יח',bat,PL,ווג ליידי 10יח,יחידה,1.00,יחידה,false,0,347.90,347.90,false,1,
5948530002147,false,ווג לילך 10 יח',bat,PL,ווג לילך 10יח,יחידה,1.00,יחידה,false,0,347.90,347.90,false,1,
5997321701806,false,"קלגון אבקה 1 ק""ג",רקיט בנקיזר,PL,"קלגון אבקה 1 ק""ג",קילוגרמים,1.00,"ק""ג",false,1,29.90,29.90,true,1,
6001067017530,false,מברשת ילדים באטמן/ברבי,קולגייט- פלמוליב,CN,מברשת לילדים,יחידה,1.00,יחידה,false,0,12.90,12.90,true,1,
6008165003984,false,סיגריות סטרים פילטר חפ.,bat,TR,סיגריות פאל מאל,יחידה,1.00,יחידה,false,0,28.50,28.50,false,1,
6008165271192,false,פאל מאל ארוך אדום,bat,TR,פאל מאל ארוך,יחידה,1.00,יחידה,false,0,28.50,28.50,false,1,
6008165274629,false,פאל מאל כחול ארוך יח,bat,TR,פאל מאל כחול,יחידה,1.00,יחידה,false,1,28.50,28.50,false,1,
6008165276128,false,רוטמנס כחול 10 יח,bat,TR,רוטמנס כחול,יחידה,1.00,יחידה,false,1,268.00,268.00,false,1,
6111094000259,false,קוסקוס דארי בינוני500גרם,דארי קוספטה אל-זהרה,MA,קוסקוס דארי,גרמים,500.00,100 גרם,false,1,8.80,1.76,true,1,
6487111125367,false,אדממה בנגיעות שום 100גרם,פרו מן יו פתרונות אריזה,CN,אדממה שום,גרמים,100.00,100 גרם,false,0,7.90,7.90,true,1,
6924421202017,false,פטריות שי מגי יחידה,חוות פטריות תקוע,IL,פטריות שי מגי,יחידה,1.00,יחידה,false,0,12.90,12.90,true,1,
7290000000022,true,עגבניה,קטיף.,IL,עגבניה,קילוגרמים,0.00,"ק""ג",true,0,5.90,5.90,true,1,
7290000000046,true,מלפפון,קטיף.,IL,מלפפונים,קילוגרמים,0.00,"ק""ג",true,0,6.90,6.90,true,1,
7290000000053,true,קישואים,קטיף.,IL,קישואים,קילוגרמים,0.00,"ק""ג",true,0,9.90,9.90,true,1,
7290000000084,true,פלפל ירוק בהיר,שותפות מזרחי,IL,פלפל ירוק בהיר,קילוגרמים,0.00,"ק""ג",true,0,9.90,9.90,true,1,
7290000000091,true,פלפל אדום,קטיף.,IL,פלפל אדום,קילוגרמים,0.00,"ק""ג",true,0,8.90,8.90,true,1,
7290000000107,true,פלפל ירוק כהה,קטיף.,IL,פלפל ירוק כהה,קילוגרמים,0.00,"ק""ג",true,0,8.90,8.90,true,1,
7290000000114,true,חציל,קטיף.,IL,חצילים,קילוגרמים,0.00,"ק""ג",true,0,6.90,6.90,true,1,
7290000000121,true,גזר ארוז,קטיף.,IL,גזר ארוז,קילוגרמים,0.00,"ק""ג",true,0,3.90,3.90,true,1,
7290000000138,true,כרוב לבן,קטיף.,IL,כרוב לבן,קילוגרמים,0.00,"ק""ג",true,0,4.90,4.90,true,1,
7290000000145,true,כרוב אדום,קטיף.,IL,כרוב אדום,קילוגרמים,0.00,"ק""ג",true,0,4.90,4.90,true,1,
7290000000169,true,כרוב סיני יחידה,קטיף.,IL,כרוב סיני יחידה,יחידה,1.00,יחידה,false,0,6.90,6.90,true,1,
7290000000176,true,כרובית,קטיף.,IL,כרובית,קילוגרמים,0.00,"ק""ג",true,0,10.90,10.90,true,1,
7290000000183,true,סלק,קטיף.,IL,סלק,קילוגרמים,0.00,"ק""ג",true,0,4.90,4.90,true,1,
7290000000220,true,קולורבי,קטיף.,IL,קולורבי,קילוגרמים,0.00,"ק""ג",true,0,7.90,7.90,true,1,
7290000000282,true,חסה ערבית יחידה,---,IL,חסה ערבית,יחידה,1.00,יחידה,false,0,4.90,4.90,true,1,
7290000000299,true,חסה עגולה יחידה,קטיף.,IL,חסה עגולה,יחידה,1.00,יחידה,false,0,6.90,6.90,true,1,
7290000000411,true,שום מארז יחידה,קטיף.,XX,שום מארז יחידה,יחידה,1.00,יחידה,false,0,7.90,7.90,true,1,
7290000000428,true,בטטה מובחר,קטיף.,IL,בטטה,קילוגרמים,0.00,"ק""ג",true,0,9.90,9.90,true,1,
7290000000435,true,סלרי עלים יחידה,---,IL,סלרי עלים,יחידה,1.00,יחידה,false,0,5.90,5.90,true,1,
7290000000442,true,נבטי סיניים  יחידה,---,IL,נבטי סיניים יח',יחידה,1.00,יחידה,false,0,6.50,6.50,true,1,
7290000000459,true,נבטי אלפלפא יחידה,---,IL,נבטי אלפלפא-יח',יחידה,1.00,יחידה,false,0,6.50,6.50,true,1,
7290000000466,true,בצל ירוק יחידה,---,IL,בצל ירוק,יחידה,1.00,יחידה,false,0,4.90,4.90,true,1,
7290000000480,true,בצל יבש,קטיף.,IL,בצל יבש,קילוגרמים,0.00,"ק""ג",true,0,3.90,3.90,true,1,
7290000000503,true,תפוח אדמה קטן ארוז,קטיף.,IL,"תפו""א קטן ארוז",קילוגרמים,0.00,"ק""ג",true,0,4.90,4.90,true,1,
7290000000510,true,פטרוזיליה יחידה,---,IL,פטרוזיליה,יחידה,1.00,יחידה,false,0,3.90,3.90,true,1,
7290000000527,true,שמיר  יחידה,---,IL,שמיר,יחידה,1.00,יחידה,false,0,3.90,3.90,true,1,
7290000000534,true,סלרי ראש יחידה,---,IL,סלרי ראש,יחידה,1.00,יחידה,false,0,5.90,5.90,true,1,
7290000000541,true,שורש יחידה,---,IL,שורש,יחידה,1.00,יחידה,false,0,5.90,5.90,true,1,
7290000000558,true,כוסברה יחידה,---,IL,כוסברה,יחידה,1.00,יחידה,false,0,3.90,3.90,true,1,
7290000000565,true,נענע יחידה,---,IL,נענע,יחידה,1.00,יחידה,false,0,3.90,3.90,true,1,
7290000000572,true,שומר,קטיף.,IL,שומר,קילוגרמים,0.00,"ק""ג",true,0,7.90,7.90,true,1,
7290000000589,true,תפוח אדמה ירושלמי,קטיף.,IL,תפוא ירושלמי,קילוגרמים,0.00,"ק""ג",true,0,14.90,14.90,true,1,
7290000000596,true,תפוח אדמה לבן תפזורת,קטיף.,IL,תפוח אדמה תפזורת,קילוגרמים,0.00,"ק""ג",true,0,5.90,5.90,true,1,
7290000000619,true,פלפל חריף,שותפות מזרחי,IL,פלפל חריף,קילוגרמים,0.00,"ק""ג",true,0,8.90,8.90,true,1,
7290000000633,true,עירית יחידה,---,IL,עירית יחידה,יחידה,1.00,יחידה,false,0,5.50,5.50,true,1,
7290000000701,true,פטריות למילוי,קטיף.,IL,פטריות למילוי,קילוגרמים,0.00,"ק""ג",true,0,34.90,34.90,true,1,
7290000000718,true,פטריות חורש,קטיף.,IL,פטריות חורש,קילוגרמים,0.00,"ק""ג",true,0,39.90,39.90,true,1,
7290000000732,true,דלורית,קטיף.,IL,דלורית,קילוגרמים,0.00,"ק""ג",true,0,4.90,4.90,true,1,
7290000000794,true,סלרי קצוץ  יחידה,קטיף.,IL,סלרי קצוץ-יח',יחידה,1.00,יחידה,false,0,5.90,5.90,true,1,
7290000000824,true,קישוא ירוק,קטיף.,IL,קישוא ירוק,קילוגרמים,0.00,"ק""ג",true,0,9.90,9.90,true,1,
7290000000848,true,תירס קלוף ארוז,קטיף.,IL,תירס קלוף ארוז,קילוגרמים,0.00,"ק""ג",true,0,8.90,8.90,true,1,
7290000000855,true,פלפל צהוב,קטיף.,IL,פלפל צהוב,קילוגרמים,0.00,"ק""ג",true,0,8.90,8.90,true,1,
7290000000954,true,רוקט ג.נחל חידה,קטיף.,IL,רוקט+ג.נחל-יח,יחידה,1.00,יחידה,false,0,5.50,5.50,true,1,
7290000001029,true,פילפל צילי יחידה,קטיף.,IL,פילפל צילי יח,יחידה,1.00,יחידה,false,0,5.90,5.90,true,1,
7290000001036,true,בצל יבש אדום,קטיף.,XX,בצל יבש אדום,קילוגרמים,0.00,"ק""ג",true,0,5.90,5.90,true,1,
7290000001050,true,בזילקום יחידה,---,IL,בזילקום  יחידה,יחידה,1.00,יחידה,false,0,5.90,5.90,true,1,
7290000001104,true,פטריות חורש יחידה,קטיף.,IL,פטריות חורש,יחידה,1.00,יחידה,false,0,9.90,9.90,true,1,
7290000001661,true,גזר תפזורת,קטיף.,IL,גזר תפזורת,קילוגרמים,0.00,"ק""ג",true,0,4.90,4.90,true,1,
7290000001692,true,תפוח אדמה אדום ארוז,קטיף.,IL,תפוא אדום ארוז,קילוגרמים,0.00,"ק""ג",true,0,5.50,5.50,true,1,
7290000001715,true,תפוח אדמה לבן ארוז,קטיף.,IL,תפוח אדמה לבן,קילוגרמים,0.00,"ק""ג",true,0,4.90,4.90,true,1,
7290000001722,true,תפוח אדמה אדום תפזורת,קטיף.,IL,"תפו""א אדום תפז'",קילוגרמים,0.00,"ק""ג",true,0,5.90,5.90,true,1,
7290000002019,true,לחם לבן 750 גרם,מאפית ברמן,IL,לחם לבן,גרמים,750.00,100 גרם,false,0,5.00,0.67,true,1,
7290000002026,true,לחם אחיד 750 גרם,מאפית ברמן,IL,לחם אחיד,גרמים,750.00,100 גרם,false,0,5.00,0.67,true,1,
7290000002040,true,חלה רגילה 500 גרם,מאפית ברמן,IL,חלה רגילה,גרמים,500.00,100 גרם,false,0,5.17,1.03,true,1,
7290000002071,true,חלה קלועה רגילה 500 גרם,מאפית ברמן,IL,חלה קלועה רגילה,גרמים,500.00,100 גרם,false,0,5.17,1.03,true,1,
7290000016023,true,גבינה קשה גאודה,,IL,גבינה קשה גאודה,קילוגרמים,0.00,"ק""ג",true,0,115.00,115.00,true,1,
7290000016030,true,גבינה עזים קשה,,IL,גבינה עזים קשה,קילוגרמים,0.00,"ק""ג",true,0,139.00,139.00,true,1,
7290000023007,false,"ברנדי שטוק 84 750 מ""ל",יקבי ברקן,IL,ברנדי שטוק 84,מיליליטרים,750.00,"100 מ""ל",false,0,69.90,9.32,true,1,
7290000023083,false,"ערק אשקלון 700 מ""ל",,IL,ערק אשקלון,מיליליטרים,700.00,"100 מ""ל",false,0,49.90,7.13,true,1,
7290000023847,false,יין לבן שרדונה קלאסיק750,יקבי ברקן שיווק והפצה בע,IL,יין לבן שרדונה,מיליליטרים,750.00,"100 מ""ל",false,0,31.80,4.24,true,1,
7290000023977,false,"ברקן קלאסיק מרלו 750 מ""ל",יקבי ברקן שיווק והפצה בע,IL,מרלו קלאסיק,מיליליטרים,750.00,"100 מ""ל",false,0,27.90,3.72,true,1,
7290000024202,false,"ברקן רזרב קברנה 750 מ""ל",יקבי ברקן,IL,ברקן רזרב,מיליליטרים,750.00,"100 מ""ל",false,0,49.90,6.65,true,1,
7290000024530,false,יין מתוק לקידוש סגל750מל,יקבי ברקן,IL,יין מתוק לקידוש,מיליליטרים,750.00,"100 מ""ל",false,0,19.10,2.55,true,1,
7290000034256,false,ביסקוויט תירוש 175 גרם,מגדנית הדר,IL,ביסקוויט תירוש,גרמים,175.00,100 גרם,false,0,5.90,3.37,true,1,
7290000040042,false,יוגורט יופלה תות3% 150גר,תנובה בעמ,IL,יופלה תות 3%,גרמים,150.00,100 גרם,false,0,5.00,3.33,true,1,
7290000040066,false,יופלה דובדבן3% 150 גרם,תנובה בעמ,IL,יופלה דובדבן3%,גרמים,150.00,100 גרם,false,0,5.00,3.33,true,1,
7290000040080,false,יוגורט יופלה אפרסק3% 150,תנובה בעמ,IL,יופלה אפרסק3%,גרמים,150.00,100 גרם,false,0,5.00,3.33,true,1,
7290000040301,false,עין גדי קממבר24% 125 גר,תנובה,IL,עין גדי קממבר,גרמים,125.00,100 גרם,false,0,18.50,14.80,true,1,
7290000040318,false,גבי. עדי ברי רכה24% 125ג,תנובה,IL,גבינת עדי ברי24%,גרמים,125.00,100 גרם,false,0,19.50,15.60,true,1,
7290000040974,false,חלב טרי 2% דל לקטוז 1 ל,תנובה,IL,חלב טרי דל לקטוז,ליטרים,1.00,ליטר,false,0,7.10,7.10,true,1,
7290000041858,false,שמנת חמוצה15% מועשרת200,מחלבת יטבתה,IL,שמנת חמוצה יטבתה,מיליליטרים,200.00,"100 מ""ל",false,0,2.40,1.20,true,1,
7290000041872,false,"לבן יטבתה 3% 200 מ""ל",מחלבת יטבתה,IL,לבן יטבתה 3%,מיליליטרים,200.00,"100 מ""ל",false,0,2.00,1.00,true,1,
7290000042008,false,חלב מפוסטר 3%שקית 1 ל',תנובה,IL,חלב 3% בשקית,ליטרים,1.00,ליטר,false,0,5.17,5.17,true,1,
7290000042015,false,חלב 3% מהדרין שקית 1 ל',---,IL,חלב 3% שקית,ליטרים,1.00,ליטר,false,0,5.17,5.17,true,1,
7290000042022,false,חלב על הבוקר1%קרט+.פקק1ל,תנובה,IL,חלב על הבוקר 1%,ליטרים,1.00,ליטר,false,0,8.00,8.00,true,1,
7290000042244,false,חלב 3% שומן בכד 2 ליטר,תנובה,IL,חלב 3% כד 2 ליטר,ליטרים,2.00,ליטר,false,0,11.88,5.94,true,1,
7290000042404,false,חלב מועשר3% יטבתה שקית1ל,מחלבת יטבתה,IL,חלב 3% בשקית,ליטרים,1.00,ליטר,false,0,5.90,5.90,true,1,
7290000042435,false,חלב מפוסטר 1% בקרטון 1 ל,תנובה,IL,חלב %1 בקרטון,ליטרים,1.00,ליטר,false,0,5.59,5.59,true,1,
7290000042442,false,חלב מפוסטר 3% בקרטון 1 ל,תנובה,IL,חלב תנובה 3%,ליטרים,1.00,ליטר,false,0,5.94,5.94,true,1,
7290000042466,false,חלב מועשר 1% בקרטון 1 ל',תנובה,IL,חלב מועשר בקרטון,ליטרים,1.00,ליטר,false,0,8.00,8.00,true,1,
7290000042503,false,חלב עמיד הומוגני 3% 1 ל',תנובה,IL,חלב עמיד 3%,ליטרים,1.00,ליטר,false,0,7.00,7.00,true,1,
7290000042541,false,חלב עמיד 1% הומוגני 1 ל',תנובה,IL,חלב עמיד 1%,ליטרים,1.00,ליטר,false,0,7.70,7.70,true,1,
7290000042640,false,"חלב עמיד 3% שומן 250 מ""ל",תנובה,IL,חלב עמיד 3% שומן,מיליליטרים,250.00,"100 מ""ל",false,0,2.70,1.08,true,1,
7290000042855,false,"שוקו בשקית יוטבתה 225מ""ל",יטבתה,IL,שוקו בשקית,מיליליטרים,225.00,"100 מ""ל",false,0,2.50,1.11,true,1,
7290000043012,false,"שוקו שוק עמיד 250 מ""ל",תנובה,IL,שוקו עמיד,מיליליטרים,250.00,"100 מ""ל",false,0,4.60,1.84,true,1,
7290000043111,false,חמאה 200 גרם,תנובה,IL,חמאה תנובה,גרמים,200.00,100 גרם,false,0,7.88,3.94,true,1,
7290000043814,false,שמנת עמידה לקצפת38% 250מ,תנובה,IL,שמנת עמידה לקצפת,מיליליטרים,250.00,"100 מ""ל",false,0,6.18,2.47,true,1,
7290000043890,false,רויון 1.5% בקרטון 1ל,תנובה,IL,רויון בקרטון1.5%,ליטרים,1.00,ליטר,false,0,11.30,11.30,true,1,
7290000043944,false,יוגורט בכד 4% 1.5 ל',תנובה,IL,יוגורט בכד 4%,ליטרים,1.50,ליטר,false,0,16.30,10.87,true,1,
7290000044248,false,רויון בקרטון 1.5% 500 מל,תנובה,IL,רויון בקרטון,מיליליטרים,500.00,"100 מ""ל",false,0,6.50,1.30,true,1,
7290000046020,false,גב.גלבוע 22% במשקל,תנובה,IL,גבינת גלבוע 22%,קילוגרמים,0.00,"ק""ג",true,0,40.59,40.59,true,1,
7290000047027,false,גב.קולאז' גלעד 27% במשקל,תנובה,IL,גבינת גלעד,קילוגרמים,0.00,"ק""ג",true,0,124.00,124.00,true,1,
7290000047034,false,גבינת רוקפור 26%כבש משקל,תנובה,IL,גבינת רוקפור,קילוגרמים,0.00,"ק""ג",true,0,126.00,126.00,true,1,
7290000047485,false,גב.בולגרית 24%במשקל,תנובה,IL,גבינה בולגרית,קילוגרמים,0.00,"ק""ג",true,0,59.00,59.00,true,1,
7290000047546,false,גב.כנען 5% 500 גרם,תנובה,IL,גבינת כנען 5%,גרמים,500.00,100 גרם,false,0,23.70,4.74,true,1,
7290000048185,false,גב.לבנה רכה 5% שומן 250ג,מחלבת אלון תבור,IL,גבינה לבנה 5%,גרמים,250.00,100 גרם,false,0,4.75,1.90,true,1,
7290000048192,false,גב.לבנה רכה 9% 250 גרם,מחלבת אלון תבור,IL,גבינה לבנה 9%,גרמים,250.00,100 גרם,false,0,4.80,1.92,true,1,
7290000048413,false,גב.חמד פיראוס16% 250 גר,תנובה,IL,גבינה מלוחה 16%,גרמים,250.00,100 גרם,false,0,18.90,7.56,true,1,
7290000048437,false,גבי. צפתית פיראוס5% 200ג,תנובה,IL,גבינה צפתית 5%,גרמים,200.00,100 גרם,false,0,14.90,7.45,true,1,
7290000050300,false,גבינה לבנה 5%,,IL,גבינה לבנה 5%,גרמים,125.00,100 גרם,false,0,2.38,1.90,true,1,
7290000051307,false,מארז הפסקת אוכל עוגי,תנובה,IL,מארז הפסקת אוכל,יחידה,1.00,יחידה,false,0,9.50,9.50,true,1,
7290000051352,false,חלב של פעם מלא3.6%-4% 1ל,תנובה,IL,חלב של פעם מלא,ליטרים,1.00,ליטר,false,0,7.40,7.40,true,1,
7290000051376,false,יופלה דיאט אננס 0% 150גר,תנובה בעמ,IL,יופלה דיאט אננס,גרמים,150.00,100 גרם,false,0,5.00,3.33,true,1,
7290000051956,false,טל העמק 9%,,,טל העמק 9%,קילוגרמים,0.00,"ק""ג",true,0,82.00,82.00,true,1,
7290000052311,false,עמק 15% פרוס בקופסא 200,תנובה,IL,עמק 15% פרוס,גרמים,200.00,100 גרם,false,0,15.80,7.90,true,1,
7290000052649,false,לאבנה פיראוס 5% 500 גרם,תנובה,IL,לאבנה פיראוס 5%,גרמים,500.00,100 גרם,false,0,19.50,3.90,true,1,
7290000053219,false,טל העמק חריץ 32% משקל,תנובה,IL,טל העמק 32%,קילוגרמים,0.00,"ק""ג",true,1,58.00,58.00,true,1,
7290000055329,false,משקה יוגורט תות-מלון250ג,תנובה בעמ,IL,משקה יוגורט,גרמים,250.00,100 גרם,false,0,5.40,2.16,true,1,
7290000055350,false,גבינת עמק 28% חריץ במשקל,תנובה,IL,גבינת עמק 28%,קילוגרמים,0.00,"ק""ג",true,1,42.70,42.70,true,1,
7290000055565,false,שלגונים מצופים 10,גלידות נסטלה,IL,שלגון שוקו בננה,גרמים,600.00,100 גרם,false,0,30.50,5.08,true,1,
7290000056784,false,פטה כבשים5% משקל,,IL,פטה כבשים5% משקל,קילוגרמים,0.00,"ק""ג",true,0,109.00,109.00,true,1,
7290000056845,false,חלב טרי הומוגני3% 1.5ל',תנובה,IL,חלב תנובה 3%,ליטרים,1.50,ליטר,false,0,8.91,5.94,true,1,
7290000056883,false,יופלה 3% טעמים 150*8גרם,תנובה בעמ,IL,יופלה 8 יח במארז,קילוגרמים,1.20,"ק""ג",false,0,29.90,24.92,true,1,
7290000056906,false,יופלה לבן 1.5% 150*8גרם,מחלבת אלון תבור,IL,יופלה לבן 1.5%,קילוגרמים,1.20,"ק""ג",false,0,17.30,14.42,true,1,
7290000056951,false,שמנת לבישול 15%,,IL,שמנת לבישול 15%,מיליליטרים,500.00,"100 מ""ל",false,0,16.20,3.24,true,1,
7290000057088,false,גבינת עמק דק 28% 200 גרם,תנובה,IL,גבינת עמק דק 28%,גרמים,200.00,100 גרם,false,0,15.80,7.90,true,1,
7290000057118,false,גבינת עמק פרוסה,,IL,גבינת עמק פרוסה,גרמים,400.00,100 גרם,false,0,20.90,5.23,true,1,
7290000057132,false,יוגורט תנובה1.5%,,IL,יוגורט תנובה1.5%,גרמים,200.00,100 גרם,false,0,3.20,1.60,true,1,
7290000057149,false,יוגורט תנובה 3% 200 גרם,תנובה,IL,יוגורט תנובה 3%,גרמים,200.00,100 גרם,false,0,3.20,1.60,true,1,
7290000058030,false,8שטוזים משקה תות,,IL,8שטוזים משקה תות,מיליליטרים,800.00,"100 מ""ל",false,0,20.60,2.58,true,1,
7290000060071,false,חטיפ.פריכונים ט.טבעי80גר,"פרח תעשיות מזון בע""מ.",IL,חטיפי פריכונים,גרמים,80.00,100 גרם,false,0,7.90,9.88,true,1,
7290000060088,false,בייגלה מקלות מלוחים400גר,"אסם השקעות בע""\מ",IL,בייגלה מקלות,גרמים,400.00,100 גרם,false,0,9.90,2.48,true,1,
7290000060118,false,פסטה ספגטי מס' 3 250 גר,פסטה זארה,IT,ספגטי אסם,גרמים,250.00,100 גרם,false,0,3.90,1.56,true,1,
7290000060163,false,אטריות דקות 400 גרם,"אסם השקעות בע""מ",IL,אטריות דקות,גרמים,400.00,100 גרם,false,0,6.90,1.73,true,1,
7290000060200,false,פתיתים אפויים קוסקוס500ג,"אסם השקעות בע""מ",IL,פתיתים אפויים,גרמים,500.00,100 גרם,false,0,6.90,1.38,true,1,
7290000060217,false,פסטה מקרוני 7 500 גרם,פסטה זארה,IT,פסטה מקרוני 7,גרמים,500.00,100 גרם,false,0,5.90,1.18,true,1,
7290000060248,false,פסטה אסם תלתלים 500 גרם,פסטה זארה,IT,פסטה תלתלים,גרמים,500.00,100 גרם,false,0,5.90,1.18,true,1,
7290000060316,false,ספגטי פרפקטו  500 גרם,פסטה זארה,IT,ספגטי פרפקטו,גרמים,500.00,100 גרם,false,0,6.90,1.38,true,1,
7290000060323,false,ספגטיני פרפקטו 500 גרם,פסטה זארה,IT,ספגטיני פרפקטו,גרמים,500.00,100 גרם,false,0,6.90,1.38,true,1,
7290000060330,false,ספירלי פרפקטו 500 גרם,פסטה זארה,IT,ספירלי פרפקטו,גרמים,500.00,100 גרם,false,0,6.90,1.38,true,1,
7290000060408,false,פתיתים טבעות 500 גרם,"אסם השקעות בע""\מ",IL,פתיתים טבעות,גרמים,500.00,100 גרם,false,0,6.90,1.38,true,1,
7290000060538,false,פרפקטו צדפים 500 גרם,פסטה זארה,IT,פרפקטו צדפים,גרמים,500.00,100 גרם,false,0,6.90,1.38,true,1,
7290000060576,false,"פתיתים אפויים""כוכבים500""","אסם השקעות בע""\מ",IL,פתיתים אפויים,גרמים,500.00,100 גרם,false,0,6.90,1.38,true,1,
7290000060781,false,פסטה מסולסלת אסם 500 גרם,פסטה זארה,IT,פסטה מסולסלת,גרמים,500.00,100 גרם,false,0,5.90,1.18,true,1,
7290000060828,false,פסטה קרניים בינוניות500ג,פסטה זארה,IT,פסטה קרניים,גרמים,500.00,100 גרם,false,0,5.90,1.18,true,1,
7290000060842,false,פסטה צדפים גדולים 500 גר,פסטה זארה,IT,פסטה צדפים אסם,גרמים,500.00,100 גרם,false,0,5.90,1.18,true,1,
7290000060859,false,פסטה צדפים אסם 500 גרם,פסטה זארה,IT,פסטה צדפים,גרמים,500.00,100 גרם,false,0,5.90,1.18,true,1,
7290000060880,false,פסטה ספגטי מס 8 אסם 500ג,פסטה זארה,IT,ספגטי מס' 8,גרמים,500.00,100 גרם,false,0,5.90,1.18,true,1,
7290000060903,false,פתיתים אפויים אורז 500 ג,"אסם השקעות בע""\מ",IL,פתיתים אפויים,גרמים,500.00,100 גרם,false,0,6.90,1.38,true,1,
7290000060958,false,אטריות בינוניות 400 גרם,"אסם השקעות בע""\מ",IL,אטריות בינוניות,גרמים,400.00,100 גרם,false,0,6.90,1.73,true,1,
7290000060965,false,אטריות רחבות 400 גרם,"אסם השקעות בע""\מ",IL,אטריות רחבות,גרמים,400.00,100 גרם,false,0,6.90,1.73,true,1,
7290000060972,false,אטריות דקיקות אסם 400 גר,פסטה זארה,IT,אטריות דקיקות,גרמים,400.00,100 גרם,false,0,6.90,1.73,true,1,
7290000061085,false,"רוטב צ'ילי מתוק 290 מ""ל","אסם השקעות בע""\מ",IL,רוטב צ'ילי אסם,מיליליטרים,290.00,"100 מ""ל",false,0,9.90,3.41,true,1,
7290000061108,false,"רוטב טריאקי אסם 290 מ""ל","אסם השקעות בע""\מ",IL,רוטב טריאקי,מיליליטרים,290.00,"100 מ""ל",false,0,9.90,3.41,true,1,
7290000061214,false,פתיתים אפויים עם בצל500ג,"אסם השקעות בע""\מ",IL,פתיתים אפויים,גרמים,500.00,100 גרם,false,0,6.90,1.38,true,1,
7290000061245,false,עוג.שוקוצ'יפס ממולאות220,"אסם השקעות בע""\מ",IL,עוגיות ש.צ'יפס,גרמים,220.00,100 גרם,false,0,10.60,4.82,true,1,
7290000061450,false,פתיתים אפויים 3צבעים500ג,"אסם השקעות בע""\מ",IL,פתיתים אפויים,גרמים,500.00,100 גרם,false,0,6.90,1.38,true,1,
7290000061764,false,נסקפה רד מאג 200 גרם,נסטלה,ES,נסקפה רד מאג,גרמים,200.00,100 גרם,false,0,21.90,10.95,true,1,
7290000062242,false,דובונים שמנת בצל 40 גרם,"אסם השקעות בע""\מ",IL,דובונים שמנת בצל,גרמים,40.00,100 גרם,false,0,4.30,10.75,true,1,
7290000062952,false,מיני קרוטונים מתובל 250ג,עינת תעשיות,IL,מיני קרוטונים,גרמים,250.00,100 גרם,false,0,13.90,5.56,true,1,
7290000063096,false,קטשופ בקב.לחיץ 750*2 גרם,"אסם השקעות בע""\מ",IL,קטשופ זוג,קילוגרמים,1.50,"ק""ג",false,0,19.90,13.27,true,1,
7290000063102,false,קמח תופח מאליו 350 גרם,"אסם השקעות בע""\מ",IL,קמח תופח מאליו,גרמים,350.00,100 גרם,false,0,4.90,1.40,true,1,
7290000063133,false,שקדי מרק רכיבים טבעי100ג,"אסם השקעות בע""מ",IL,שקדי מרק אסם,גרמים,100.00,100 גרם,false,0,5.80,5.80,true,1,
7290000063140,false,שקדי מרק רכיבים טבעי400ג,"אסם השקעות בע""מ",IL,שקדי מרק אסם,גרמים,400.00,100 גרם,false,0,10.90,2.73,true,1,
7290000063157,false,"קמח תופח מאליו 1 ק""ג",אסם,IL,קמח תופח מאליו,קילוגרמים,1.00,"ק""ג",false,0,8.90,8.90,true,1,
7290000063294,false,סירופ ויטמינצ'יק ענבים2ל,בית השיטה,IL,ויטמינצ'יק ענבים,ליטרים,2.00,ליטר,false,0,23.90,11.95,true,1,
7290000064758,false,קוסקוס בינוני 350 גרם,קוסקוס מזון,IL,קוסקוס בינוני,גרמים,350.00,100 גרם,false,0,7.90,2.26,true,1,
7290000064871,false,מנה חמה פירה בצל 56 גרם,"אסם השקעות בע""מ",IL,מנה חמה פירה,גרמים,56.00,100 גרם,false,0,5.90,10.54,true,1,
7290000065090,false,מיני קרוטונים מתובל400 ג,עינת תעשיות,IL,מיני קרוטונים,גרמים,400.00,100 גרם,false,0,22.80,5.70,true,1,
7290000065557,false,מ.חמה קוסקוס עם ירקות 84,"אסם השקעות בע""מ",IL,מנה חמה קוסקוס,גרמים,84.00,100 גרם,false,0,5.90,7.02,true,1,
7290000065717,false,סירופ ויטמינצ'יק פטל 1ל',בית השיטה,IL,ויטמינצ'יק פטל,ליטרים,1.00,ליטר,false,0,12.90,12.90,true,1,
7290000065724,false,סירופ ויטמינצ'יק לימון1ל,בית השיטה,IL,ויטמינצ'יק לימון,ליטרים,1.00,ליטר,false,0,12.90,12.90,true,1,
7290000065748,false,סירופ ויטמינצ'יק אננס 1ל,בית השיטה,IL,ויטמינצ'יק אננס,ליטרים,1.00,ליטר,false,0,12.90,12.90,true,1,
7290000066134,false,ביסלי פלאפל 70 גרם,"אסם השקעות בע""\מ",IL,ביסלי פלאפל,גרמים,70.00,100 גרם,false,0,4.40,6.29,true,1,
7290000066141,false,ביסלי גריל 70 גרם,"אסם השקעות בע""\מ",IL,ביסלי גריל,גרמים,70.00,100 גרם,false,0,4.40,6.29,true,1,
7290000066158,false,ביסלי בצל 67 גרם,"אסם השקעות בע""\מ",IL,ביסלי בטעם בצל,גרמים,67.00,100 גרם,false,0,4.40,6.57,true,1,
7290000066165,false,ביסלי ברביקיו 67 גרם,"אסם השקעות בע""\מ",IL,ביסלי ברביקיו,גרמים,67.00,100 גרם,false,0,4.40,6.57,true,1,
7290000066172,false,ביסלי פיצה 70 גרם,"אסם השקעות בע""\מ",IL,ביסלי פיצה,גרמים,70.00,100 גרם,false,0,4.40,6.29,true,1,
7290000066189,false,ביסלי פלאפל 200 גרם,"אסם השקעות בע""\מ",IL,ביסלי פלאפל,גרמים,200.00,100 גרם,false,0,7.50,3.75,true,1,
7290000066196,false,ביסלי גריל 200 גרם,"אסם השקעות בע""\מ",IL,ביסלי גריל,גרמים,200.00,100 גרם,false,0,7.50,3.75,true,1,
7290000066202,false,ביסלי בצל 190 גרם,"אסם השקעות בע""\מ",IL,ביסלי בטעם בצל,גרמים,190.00,100 גרם,false,0,7.50,3.95,true,1,
7290000066219,false,ביסלי ברביקיו 190 גרם,"אסם השקעות בע""\מ",IL,ביסלי ברביקיו,גרמים,190.00,100 גרם,false,0,7.50,3.95,true,1,
7290000066264,false,דובונים-חטיפים מלוחים40ג,"אסם השקעות בע""\מ",IL,חטיפי דובונים,גרמים,40.00,100 גרם,false,0,4.30,10.75,true,1,
7290000066295,false,במבה מתוקה 30 גרם,"אסם השקעות בע""\מ",IL,במבה מתוקה,גרמים,30.00,100 גרם,false,0,2.90,9.67,true,1,
7290000066318,false,במבה 80 גרם,"אסם השקעות בע""\מ",IL,במבה,גרמים,80.00,100 גרם,false,0,4.30,5.38,true,1,
7290000066332,false,אפרופו 50 גרם,"אסם השקעות בע""\מ",IL,חטיף אפרופו,גרמים,50.00,100 גרם,false,0,5.00,10.00,true,1,
7290000066349,false,אפרופו 100 גרם,"אסם השקעות בע""\מ",IL,אפרופו חטיף תירס,גרמים,100.00,100 גרם,false,0,8.90,8.90,true,1,
7290000066431,false,פופקו בטעם חמאה ודבש80גר,"אסם השקעות בע""\מ",IL,חטיף פופקו,גרמים,80.00,100 גרם,false,0,5.40,6.75,true,1,
7290000066943,false,סירופ ויטמינצ'יק ענבים1ל,בית השיטה,IL,ויטמינצ'יק ענבים,ליטרים,1.00,ליטר,false,0,12.90,12.90,true,1,
7290000066950,false,"ויטמינצ'יק סירופ תפו""ע1ל",בית השיטה,IL,"ויטמינצ'יק תפו""ע",ליטרים,1.00,ליטר,false,0,12.90,12.90,true,1,
7290000067070,false,עוג.מיני ממולא.שוקולד300,"אסם השקעות בע""\מ",IL,עוגיות ממולאות,גרמים,300.00,100 גרם,false,0,10.90,3.63,true,1,
7290000067544,false,פירורית זהב 200 גרם,עינת תעשיות,IL,פירורית זהב,גרמים,200.00,100 גרם,false,0,6.40,3.20,true,1,
7290000067599,false,מנה חמה ספגטי בולונז 65ג,"אסם השקעות בע""\מ",IL,מנה חמה בולונז,גרמים,65.00,100 גרם,false,0,5.90,9.08,true,1,
7290000068138,false,אינסטנט פודינג וניל 80גר,"אסם השקעות בע""מ",IL,אינסטנט פודינג,גרמים,80.00,100 גרם,false,0,5.50,6.88,true,1,
7290000068169,false,אינסטנט פודינג שוקולד95ג,"אסם השקעות בע""מ",IL,אינסטנט פודינג,גרמים,95.00,100 גרם,false,0,5.50,5.79,true,1,
7290000068190,false,ג'לי בטעם תות 90 גרם,אסם,IL,ג'לי בטעם תות,גרמים,90.00,100 גרם,false,0,6.40,7.11,true,1,
7290000068237,false,ג'לי בטעם פטל 85 גרם,אסם,IL,ג'לי בטעם פטל,גרמים,85.00,100 גרם,false,0,6.40,7.53,true,1,
7290000068251,false,ג'לי בטעם אננס 85 גרם,אסם,IL,ג'לי בטעם אננס,גרמים,85.00,100 גרם,false,0,6.40,7.53,true,1,
7290000068343,false,פריכונים מאורז מלא 140גר,"פרח תעשיות מזון בע""מ.",IL,פריכונים מאורז,גרמים,140.00,100 גרם,false,0,7.90,5.64,true,1,
7290000068701,false,שקדי מרק במיכל 400 גרם,"אסם השקעות בע""מ",IL,שקדי מרק במיכל,גרמים,400.00,100 גרם,false,0,16.30,4.08,true,1,
7290000068770,false,"במבה יום הולדת 80ג בד""צ","אסם השקעות בע""\מ",IL,במבה יום הולדת,גרמים,80.00,100 גרם,false,0,4.30,5.38,true,1,
7290000068787,false,"במבה יום הולדת 25ג בד""צ","אסם השקעות בע""\מ",IL,במבה יום הולדת,גרמים,25.00,100 גרם,false,0,2.20,8.80,true,1,
7290000068893,false,במבה נוגט 60*4 גרם,"אסם השקעות בע""\מ",IL,במבה נוגט 4 יח',גרמים,240.00,100 גרם,false,0,17.00,7.08,true,1,
7290000069258,false,פנה ריגאטה פרפקטו 500 גר,פסטה זארה,IT,פנה ריגאטה,גרמים,500.00,100 גרם,false,0,6.90,1.38,true,1,
7290000071008,false,בייגלה שטוח מלח 60 גרם,"אסם השקעות בע""\מ",IL,בייגלה שטוחים,גרמים,60.00,100 גרם,false,0,3.10,5.17,true,1,
7290000072067,false,במבה במילוי קרם חלווה60ג,אסם,IL,במבה במילוי חלוה,גרמים,60.00,100 גרם,false,0,4.90,8.17,true,1,
7290000072227,false,"רוטב סויה סיני 290 מ""ל",אסם,IL,רוטב סויה,מיליליטרים,290.00,"100 מ""ל",false,0,9.90,3.41,true,1,
7290000072623,false,קטשופ בקבוק לחיץ 750 גרם,"אסם השקעות בע""מ",IL,קטשופ בקבוק לחיץ,גרמים,750.00,100 גרם,false,0,10.90,1.45,true,1,
7290000072753,false,נסקפה טסטר'ס צ'ויס200ג,נסטלה,KR,נסקפה טסטרס צויס,גרמים,200.00,100 גרם,false,0,29.90,14.95,true,1,
7290000072777,false,טסטרס צ'ויס נט.קפאין200,נסטלה,KR,קפה טסטרס צויס,גרמים,200.00,100 גרם,false,0,38.90,19.45,true,1,
7290000072968,false,סיני מיניס 500 גרם,נסטלה,PL,דגני נסטלה,גרמים,500.00,100 גרם,false,0,24.60,4.92,true,1,
7290000073125,false,מ.חמה פסטה ברוטב עגבניות,"אסם השקעות בע""\מ",IL,מנה חמה פסטה,גרמים,62.00,100 גרם,false,0,5.90,9.52,true,1,
7290000073415,false,מ.חמה פסטה ברוטב פיצה,"אסם השקעות בע""\מ",IL,מנה חמה פסטה,גרמים,61.00,100 גרם,false,0,5.90,9.67,true,1,
7290000073750,false,מ.חמה נודלס טעם עוף70גרם,טאי רזידנט,TH,מנה חמה נודלס,גרמים,70.00,100 גרם,false,0,5.90,8.43,true,1,
7290000074153,false,פתי בר בטעם שוקולד500גרם,"אסם השקעות בע""\מ",IL,פתי בר שוקו,גרמים,500.00,100 גרם,false,0,13.90,2.78,true,1,
7290000074184,false,ביסקוויט פתי בר 500 גרם,"אסם השקעות בע""\מ",IL,ביסקוויט פתי בר,גרמים,500.00,100 גרם,false,0,10.90,2.18,true,1,
7290000074245,false,קרם קרקר 250 גרם,"אסם השקעות בע""\מ",IL,קרם קרקר אסם,גרמים,250.00,100 גרם,false,0,9.80,3.92,true,1,
7290000074252,false,קרקר שומשום 250 גרם,"אסם השקעות בע""\מ",IL,קרקר שומשום אסם,גרמים,250.00,100 גרם,false,0,9.90,3.96,true,1,
7290000074375,false,קרקר זהב 150 גרם,"אסם השקעות בע""\מ",IL,קרקר זהב אסם,גרמים,150.00,100 גרם,false,0,7.50,5.00,true,1,
7290000074658,false,"ביסקוויט פתי בר 1 ק""ג","אסם השקעות בע""\מ",IL,ביסקוויט פתי בר,קילוגרמים,1.00,"ק""ג",false,0,19.90,19.90,true,1,
7290000074962,false,עוג.מיני שוקוצ'יפס 225גר,כרמית,IL,עוגיות שוקוצ'יפס,גרמים,225.00,100 גרם,false,0,9.80,4.36,true,1,
7290000075204,false,לחמית חיטה מלאה 250 גרם,"אסם השקעות בע""\מ",IL,לחמית חיטה מלאה,גרמים,250.00,100 גרם,false,0,9.50,3.80,true,1,
7290000076126,false,בייגלה שמיניות קטנות80גר,"אסם השקעות בע""\מ",IL,בייגלה שמיניות,גרמים,80.00,100 גרם,false,0,3.10,3.88,true,1,
7290000076133,false,בייגלה שמיניות קטנות400ג,"אסם השקעות בע""\מ",IL,בייגלה שמיניות,גרמים,400.00,100 גרם,false,0,9.90,2.48,true,1,
7290000077017,false,קרמוגית ממולא שוקו200.גר,"אסם השקעות בע""\מ",IL,קרמוגית שוקולד,גרמים,200.00,100 גרם,false,0,10.90,5.45,true,1,
7290000077253,false,לחמית כפרית 190 גרם,"אסם השקעות בע""\מ",IL,לחמית כפרית,גרמים,190.00,100 גרם,false,0,9.90,5.21,true,1,
7290000078212,false,קרוטונים מתובלים 250גרם,עינת תעשיות,IL,קרוטונים מתובל,גרמים,250.00,100 גרם,false,0,13.90,5.56,true,1,
7290000078762,false,חטיפי פריכונים עם דבש80ג,הרטו,IL,חטיפי פריכונים,גרמים,80.00,100 גרם,false,0,7.90,9.88,true,1,
7290000080758,false,טוסטעים פת קלויה 100 גרם,ון דר מולן,NL,טוסטעים פת קלוי,גרמים,100.00,100 גרם,false,0,10.50,10.50,true,1,
7290000080765,false,טוסטעים פת קלוי+שומשו100,ון דר מולן,NL,טוסטעים +שומשו,גרמים,100.00,100 גרם,false,0,10.50,10.50,true,1,
7290000090030,true,מאפה נפולאון מחיר לפי מש,גידרון,IL,מאפה נפוליאון,קילוגרמים,0.00,"ק""ג",true,0,39.00,39.00,true,1,
7290000090832,true,בייגל אמריקאי רגיל,גידרון,IL,בייגל אמריקאי,יחידה,1.00,יחידה,false,0,4.20,4.20,true,1,
7290000091808,true,בייגל שמינייה,גידרון,IL,בייגל שמינייה,יחידה,1.00,יחידה,false,0,4.20,4.20,true,1,
7290000092614,true,טורקי פטריות במשקל,גידרון,IL,טורקי פטריות,קילוגרמים,0.00,"ק""ג",true,0,39.00,39.00,true,1,
7290000093031,true,לחם ג'בטה,גידרון,IL,לחם ג'בטה,יחידה,1.00,יחידה,false,0,6.90,6.90,true,1,
7290000094199,true,לחם חצי ג'בטה,גידרון,IL,חצי ג'בטה לבן,יחידה,1.00,יחידה,false,0,4.20,4.20,true,1,
7290000094373,true,לחם חצי ג'בטה כפרי,גידרון,IL,לחם חצי ג'בטה,יחידה,1.00,יחידה,false,0,4.20,4.20,true,1,
7290000096018,true,שנייק קינמון במשקל,גידרון,IL,שנייק קינמון,קילוגרמים,0.00,"ק""ג",true,0,39.00,39.00,true,1,
7290000096414,true,סופגניות מארז 6 * 80 גרם,גידרון,IL,סופגניות 6 יח,גרמים,480.00,100 גרם,false,6,24.00,5.00,true,1,
7290000096520,true,"בורקס טורקי תפו""א במשקל",גידרון,IL,בורקס טורקי תפ,קילוגרמים,0.00,"ק""ג",true,0,39.00,39.00,true,1,
7290000096926,true,שנייק פיצה חלבי במשקל,גידרון,IL,שנייק פיצה,קילוגרמים,0.00,"ק""ג",true,0,39.00,39.00,true,1,
7290000096995,true,בצליות חלבי במשקל,גידרון,IL,בצליות במשקל,קילוגרמים,0.00,"ק""ג",true,0,39.00,39.00,true,1,
7290000097237,true,בגט 280 גרם,גידרון,IL,בגט גדרון,יחידה,1.00,יחידה,false,0,4.50,4.50,true,1,
7290000097596,true,לחמנית 1/3 באגט,גידרון,IL,לחמנית בגט,יחידה,1.00,יחידה,false,0,3.00,3.00,true,1,
7290000097633,true,לחמניית קשר,גידרון,IL,לחמניית קשר,יחידה,1.00,יחידה,false,0,3.00,3.00,true,1,
7290000097657,true,לחמניית חלה,גידרון,IL,לחמניית חלה,יחידה,1.00,יחידה,false,0,4.20,4.20,true,1,
7290000098289,true,בייגלה,גידרון,IL,בייגלה,יחידה,1.00,יחידה,false,0,4.20,4.20,true,1,
7290000098296,true,לחמניית אצבע,גידרון,IL,לחמניית אצבע,יחידה,1.00,יחידה,false,0,2.20,2.20,true,1,
7290000099248,true,בורקס גבינה במשקל,גידרון,IL,בורקס גבינה,קילוגרמים,0.00,"ק""ג",true,0,39.00,39.00,true,1,
7290000099255,true,בורקס תפוח אדמה מחיר לקג,גידרון,IL,"בורקס תפו""א",קילוגרמים,0.00,"ק""ג",true,0,39.00,39.00,true,1,
7290000099385,true,גביניות במשקל,גידרון,IL,גביניות,קילוגרמים,0.00,"ק""ג",true,0,39.00,39.00,true,1,
7290000099415,true,רוגלך במשקל,גידרון,IL,רוגלך,קילוגרמים,0.00,"ק""ג",true,0,39.00,39.00,true,1,
7290000099439,true,קרואסון קטן במשקל,גידרון,IL,קרואסונים קטני,קילוגרמים,0.00,"ק""ג",true,0,39.00,39.00,true,1,
7290000099477,true,קרואסון ביס שוקולד במשקל,גידרון,IL,קרואסון שוקולד,קילוגרמים,0.00,"ק""ג",true,0,39.00,39.00,true,1,
7290000099514,true,מאפה צימוקים קטן במשקל,גידרון,IL,מאפה צימוקים,קילוגרמים,0.00,"ק""ג",true,0,39.00,39.00,true,1,
7290000099804,true,קוקיס שוקולד לבן במשקל,גידרון,IL,קוקיס שוקולד,קילוגרמים,0.00,"ק""ג",true,0,49.00,49.00,true,1,
7290000099927,true,בורקיטס במשקל,גידרון,IL,בורקיטס,קילוגרמים,0.00,"ק""ג",true,0,39.00,39.00,true,1,
7290000099941,true,גזר אורגני ארוז,,IL,גזר אורגני ארוז,קילוגרמים,0.00,"ק""ג",true,0,11.90,11.90,true,1,
7290000100029,false,פתיתי כרובית 800 גרם,סנפרוסט בעמ,IL,פתיתי כרובית,גרמים,800.00,100 גרם,false,1,19.90,2.49,true,1,
7290000100036,false,פתיתי ברוקולי 800 גרם,סנפרוסט,IL,פתיתי ברוקולי,גרמים,800.00,100 גרם,false,1,19.90,2.49,true,1,
7290000100296,false,תות בננה קפוא 300 גרם,"סנפרוסט בע""\מ",IL,תות בננה קפוא,גרמים,300.00,100 גרם,false,1,17.90,5.97,true,1,
7290000103365,false,מרק ירקות עשיר 560גרם,סנפרוסט,IL,מרק ירקות,גרמים,560.00,100 גרם,false,0,17.90,3.20,true,1,
7290000103433,false,לקט ירקות לתנור 800גרם,"סנפרוסט בע""\מ",IL,לקט ירקות לתנור,גרמים,800.00,100 גרם,false,1,22.90,2.86,true,1,
7290000103815,false,לקט להקפצה תאילנדי 800גר,סנפרוסט,IL,לקט תאילנדי,גרמים,800.00,100 גרם,false,0,24.90,3.11,true,1,
7290000103839,false,מרק כתום 572גרם,סנפרוסט,IL,מרק כתום,גרמים,572.00,100 גרם,false,0,17.90,3.13,true,1,
7290000103846,false,מרק אפונה 572גרם,סנפרוסט,IL,מרק אפונה,גרמים,572.00,100 גרם,false,0,17.90,3.13,true,1,
7290000103860,false,מרק עדשים 572גרם,סנפרוסט,IL,מרק עדשים,גרמים,572.00,100 גרם,false,0,17.90,3.13,true,1,
7290000103877,false,מרק שעועית 644גרם,סנפרוסט,IL,מרק שעועית,גרמים,644.00,100 גרם,false,0,17.90,2.78,true,1,
7290000104188,false,שעועית אדומה מבושלת 800,סנפרוסט,IL,שעועית אדומה,גרמים,800.00,100 גרם,false,0,18.70,2.34,true,1,
7290000104201,false,אפונה עדינה 600 גרם,סנפרוסט,IL,אפונה עדינה קפוא,גרמים,600.00,100 גרם,false,0,17.90,2.98,true,1,
7290000104218,false,במיה מוקפאת 600 גרם,סנפרוסט,IL,במיה מוקפאת,גרמים,600.00,100 גרם,false,0,15.80,2.63,true,1,
7290000104225,false,בצל קצוץ מוקפא 600 גרם,סנפרוסט,IL,בצל קצוץ מוקפא,גרמים,600.00,100 גרם,false,0,17.00,2.83,true,1,
7290000104676,false,אפונה ירוקה מוקפאת 800גר,סנפרוסט,IL,אפונה ירוקה קפוא,גרמים,800.00,100 גרם,false,0,17.90,2.24,true,1,
7290000104683,false,שעועית שלמה מוקפאת 800 ג,סנפרוסט,IL,שעועית שלמה-קפוא,גרמים,800.00,100 גרם,false,0,19.90,2.49,true,1,
7290000104690,false,תירס גרעינים מוקפא 800 ג,סנפרוסט,IL,גרעיני תירס קפוא,גרמים,800.00,100 גרם,false,0,17.90,2.24,true,1,
7290000104706,false,גזר גמדי מוקפא 800 גרם,סנפרוסט,IL,גזר גמדי מוקפא,גרמים,800.00,100 גרם,false,0,18.50,2.31,true,1,
7290000104713,false,פול ירוק מוקפא 800 גרם,סנפרוסט,IL,פול ירוק מוקפא,גרמים,800.00,100 גרם,false,0,23.60,2.95,true,1,
7290000104720,false,שעועית ירוקה חתוכה 800 ג,סנפרוסט,IL,שעועית ירוקה,גרמים,800.00,100 גרם,false,0,18.70,2.34,true,1,
7290000104737,false,שעועית צהובה חתוכה 800 ג,סנפרוסט,IL,שעועית צהובה,גרמים,800.00,100 גרם,false,0,19.00,2.38,true,1,
7290000104751,false,כרוב ניצנים מוקפא 800 גר,סנפרוסט,IL,כרוב ניצנים קפוא,גרמים,800.00,100 גרם,false,0,24.90,3.11,true,1,
7290000104768,false,תרד עלים מוקפא 800 גרם,סנפרוסט,IL,תרד עלים מוקפא,גרמים,800.00,100 גרם,false,0,25.60,3.20,true,1,
7290000104775,false,מדליוני תרד קפוא 800 גרם,סנפרוסט,IL,מדליוני תרד קפ,גרמים,800.00,100 גרם,false,0,26.20,3.28,true,1,
7290000104799,false,שעועית לבנה מבושלת 800גר,סנפרוסט,IL,שעועית לבנה,גרמים,800.00,100 גרם,false,0,19.80,2.48,true,1,
7290000104805,false,גרגרי חומוס מבושל 800גרם,סנפרוסט,IL,גרגרי חומוס קפוא,גרמים,800.00,100 גרם,false,0,19.70,2.46,true,1,
7290000104836,false,שעועית עדינה שלמה 600גרם,סנפרוסט,IL,שעועית שלמה קפוא,גרמים,600.00,100 גרם,false,0,21.90,3.65,true,1,
7290000104874,false,לקט לקוסקוס 800 גרם,"סנפרוסט בע""\מ",IL,לקט לקוסקוס קפוא,גרמים,800.00,100 גרם,false,0,23.00,2.88,true,1,
7290000104881,false,אפונה וגזר 800 גרם,סנפרוסט,IL,אפונה וגזר קפוא,גרמים,800.00,100 גרם,false,0,15.90,1.99,true,1,
7290000104904,false,לקט ירקות מעורבים 800גרם,סנפרוסט,IL,לקט ירקות מעור,גרמים,800.00,100 גרם,false,0,23.00,2.88,true,1,
7290000104911,false,לקט נורמנדי 800 גרם,"סנפרוסט בע""\מ",IL,לקט נורמנדי קפוא,גרמים,800.00,100 גרם,false,0,23.00,2.88,true,1,
7290000106175,false,"לקט כפרי 2 ק""ג",סנפרוסט,IL,לקט כפרי קפוא,קילוגרמים,2.00,"ק""ג",false,0,39.90,19.95,true,1,
7290000106526,false,חגיגה ירוקה להקפצה 800 ג,"סנפרוסט בע""\מ",IL,חגיגה ירוקה להקפ,גרמים,800.00,100 גרם,false,1,24.90,3.11,true,1,
7290000106533,false,קינואה עדשים וירקות,סנפרוסט,IL,קינואה עדשים ויר,גרמים,800.00,100 גרם,false,1,23.00,2.88,true,1,
7290000107189,false,ארטישוק תחתיות 400 גרם,סנפרוסט,IL,תחתיות ארטישוק,גרמים,400.00,100 גרם,false,0,21.90,5.48,true,1,
7290000107615,false,אסייתית צבעונית ועשירה 8,"סנפרוסט בע""\מ",IL,אסייתית צבעונית,גרמים,800.00,100 גרם,false,1,24.90,3.11,true,1,
7290000107622,false,ירקות ופסטה א-לה איטליה,"סנפרוסט בע""\מ",IL,ירקות ופסטה א-לה,גרמים,800.00,100 גרם,false,1,24.90,3.11,true,1,
7290000107677,false,שעועית צהובה עדינה 600גר,סנפרוסט,IL,שעועית צהובה,גרמים,600.00,100 גרם,false,0,23.80,3.97,true,1,
7290000110059,false,"מרגרינה בלובנד ללת""ס200ג",יוניליוור ישראל מזון בע\,IL,מרגרינה בלו-בנד,גרמים,200.00,100 גרם,false,0,4.50,2.25,true,1,
7290000110073,false,מרגרינה בטעם חמאה 200גר,יוניליוור,IL,מחמאה מרגרינה,גרמים,200.00,100 גרם,false,0,4.80,2.40,true,1,
7290000110851,false,כיפלי בצל 70 גרם,יוניליוור,IL,כיפלי בטעם בצל,גרמים,70.00,100 גרם,false,0,5.90,8.43,true,1,
7290000111063,false,מיונז תלמה אמיתי250 גרם,יוניליוור ישראל מזון בע\,IL,מיונז אמיתי תלמה,גרמים,250.00,100 גרם,false,0,6.80,2.72,true,1,
7290000111117,false,מרכך כביסה בדין לבן 4 לי,יוניליוור,IL,מרכך כביסה בדין,ליטרים,4.00,ליטר,false,0,19.90,4.98,true,1,
7290000111186,false,מיונז אמיתי תלמה 500 גרם,"יוניליוור ישראל מזון בע""",IL,מיונז אמיתי תלמה,גרמים,500.00,100 גרם,false,0,9.90,1.98,true,1,
7290000111353,false,"מיונז אמיתי תלמה 1 ק""ג",יוניליוור ישראל מזון בע\,IL,מיונז אמיתי תלמה,קילוגרמים,1.00,"ק""ג",false,0,16.90,16.90,true,1,
7290000111360,false,חרדל אמיתי תלמה 250 גרם,יוניליוור,IL,חרדל אמיתי תלמה,גרמים,250.00,100 גרם,false,0,5.90,2.36,true,1,
7290000112220,false,טחינה גולמית 100% 500 גר,"רושדי תעשיות מזון בע""\מ",IL,טחינה גולמית,גרמים,500.00,100 גרם,false,0,15.00,3.00,true,1,
7290000112237,false,"טחינה גולמית 100% 1 ק""ג","רושדי תעשיות מזון בע""\מ",IL,טחינה גולמית,קילוגרמים,1.00,"ק""ג",false,0,30.00,30.00,true,1,
7290000112619,false,מרק עוף קנור 400 גרם,"יוניליוור ישראל מזון בע""",IL,מרק עוף אמיתי,גרמים,400.00,100 גרם,false,0,19.90,4.98,true,1,
7290000112770,false,מרק עשיר אפונה קנור117גר,יוניליוור,IL,מרק אפונה קנור,גרמים,117.00,100 גרם,false,0,9.40,8.03,true,1,
7290000113203,false,"כיפלי צ'יפס קטשופ בד""צ50",יוניליוור ישראל מזון בעמ,IL,כיפלי צ'יפס,גרמים,50.00,100 גרם,false,0,5.60,11.20,true,1,
7290000114255,false,קווקר שבולת שועל 500 גרם,יוניליוור,IL,שיבולת שועל,גרמים,500.00,100 גרם,false,0,14.50,2.90,true,1,
7290000116204,false,מרק דגש טעם עוף שקית 1קג,יוניליוור ישראל מזון בע\,IL,מרק דגש טעם עוף,קילוגרמים,1.00,"ק""ג",false,0,14.90,14.90,true,1,
7290000116921,false,רוטב צ'ילי מתוק קנור300מ,"יוניליוור ישראל מזון בע""",IL,רוטב צ'ילי מתוק,מיליליטרים,300.00,"100 מ""ל",false,0,10.90,3.63,true,1,
7290000116945,false,"רוטב סויה קנור 300 מ""ל","יוניליוור ישראל מזון בע""",IL,רוטב סויה קלאסי,מיליליטרים,300.00,"100 מ""ל",false,0,10.90,3.63,true,1,
7290000117720,false,מרק נמס בכוס פטריות 43גר,יוניליוור,IL,מרק נמס בכוס,גרמים,43.00,100 גרם,false,0,6.90,16.05,true,1,
7290000118277,false,קניידלך כופתאות מצה65*2ג,יוניליוור ישראל מזון בע\,IL,אבקה לקניידלך,גרמים,130.00,100 גרם,false,0,9.80,7.54,true,1,
7290000118307,false,סחלב 2שקיות * 56ג בקופסא,יוניליוור ישראל מזון בע\,IL,תערובת לסחלב,גרמים,112.00,100 גרם,false,0,11.90,10.63,true,1,
7290000120836,false,מיונז הלמנס 394 גרם,יוניליוור,CA,מיונז הלמנס,גרמים,394.00,100 גרם,false,0,10.90,2.77,true,1,
7290000120874,false,מיונז הלמנס לייט 424 גרם,יוניליוור,US,מיונז הלמנס,גרמים,424.00,100 גרם,false,0,10.90,2.57,true,1,
7290000121055,false,גבינת טעם טוב 7%,,IL,גבינת טעם טוב 7%,גרמים,100.00,100 גרם,false,0,9.80,9.80,true,1,
7290000121093,false,גב.מון בלן ט.שויצרי 120ג,נטו,IL,גבינת מון בלאן,גרמים,120.00,100 גרם,false,0,11.90,9.92,true,1,
7290000121109,false,גבינה מון בלאן+זיתים120ג,נטו,IL,גבינת מון בלאן,גרמים,120.00,100 גרם,false,0,11.90,9.92,true,1,
7290000121154,false,מון בלאן לייט +סלמון120ג,נטו,IL,גבינת מון בלאן,גרמים,120.00,100 גרם,false,0,11.90,9.92,true,1,
7290000121239,false,מיוקל5% ללא כולסטרול500ג,"יוניליוור ישראל מזון בע""",IL,מיוקל 5% שומן,גרמים,500.00,100 גרם,false,0,12.90,2.58,true,1,
7290000122830,false,רוטב סצ'ואן סיני קנור300,"יוניליוור ישראל מזון בע""",IL,רוטב סצ'ואן סיני,מיליליטרים,300.00,"100 מ""ל",false,0,10.90,3.63,true,1,
7290000123158,false,מזולה טעם חמאה 250 גרם,"יוניליוור ישראל מזון בע""",IL,מזולה טעם חמאה,גרמים,250.00,100 גרם,false,0,10.40,4.16,true,1,
7290000129099,false,תיבוליות עשבי תיבול 72גר,"יוניליוור ישראל מזון בע""",IL,תיבוליות,גרמים,72.00,100 גרם,false,0,8.90,12.36,true,1,
7290000129457,false,רוטב פטריות 28 גרם,"יוניליוור ישראל מזון בע""",IL,רוטב פטריות,גרמים,28.00,100 גרם,false,0,3.90,13.93,true,1,
7290000133645,false,מ.ש.אורביטול סודה145*3ג,טרופיקל דגיל תעשיות קוסמ,IL,משחת שיניים 3 יח,גרמים,435.00,100 גרם,false,0,17.70,4.07,true,1,
7290000134147,false,מוסקט טחון 40 גרם,תבליני טעם וריח,IL,מוסקט טחון,גרמים,40.00,100 גרם,false,0,16.80,42.00,true,1,
7290000134307,false,קינמון טחון 50 גרם,תבליני טעם וריח,IL,קינמון טחון,גרמים,50.00,100 גרם,false,0,6.80,13.60,true,1,
7290000134352,false,קינמון טחון 80 גרם,תבליני טעם וריח,IL,קינמון טחון,גרמים,80.00,100 גרם,false,0,10.80,13.50,true,1,
7290000134550,false,עלי דפנה 20 גרם בשקית,תבליני טעם וריח,IL,עלי דפנה בשקית,גרמים,20.00,100 גרם,false,0,6.30,31.50,true,1,
7290000134666,false,רוזמרין 15 גרם,תבליני טעם וריח,IL,רוזמרין,גרמים,15.00,100 גרם,false,0,6.80,45.33,true,1,
7290000134680,false,קימל שלם 40 גרם,תבליני טעם וריח,IL,קימל שלם,גרמים,40.00,100 גרם,false,0,6.80,17.00,true,1,
7290000134826,false,זעתר מעורב 100 גרם,תבליני טעם וריח,IL,זעתר מעורב,גרמים,100.00,100 גרם,false,0,11.80,11.80,true,1,
7290000134833,false,כמון טחון 100 גרם,תבליני טעם וריח,IL,כמון טחון,גרמים,100.00,100 גרם,false,0,11.80,11.80,true,1,
7290000134840,false,כורכום טחון 100 גרם,תבליני טעם וריח,IL,כורכום טחון,גרמים,100.00,100 גרם,false,0,10.80,10.80,true,1,
7290000134857,false,פפריקה מתוקה במיכל100גרם,תבליני טעם וריח,IL,פפריקה במיכל,גרמים,100.00,100 גרם,false,0,11.80,11.80,true,1,
7290000134864,false,פפריקה חריפה במיכל100גרם,תבליני טעם וריח,IL,פפריקה במיכל,גרמים,100.00,100 גרם,false,0,11.80,11.80,true,1,
7290000134871,false,פלפל שחור במיכל 100 גרם,תבליני טעם וריח,IL,פלפל שחור במיכ,גרמים,100.00,100 גרם,false,0,12.90,12.90,true,1,
7290000134987,false,פלפל שחור גרוס במיכל90גר,תבליני טעם וריח,IL,פלפל שחור גרוס,גרמים,90.00,100 גרם,false,0,16.50,18.33,true,1,
7290000134994,false,טימין 20 גרם,תבליני טעם וריח,IL,טימין,גרמים,20.00,100 גרם,false,0,7.90,39.50,true,1,
7290000135045,false,"TEN XL בטעם תפוח 250 מ""ל","טמפו משקאות בע""\מ",IL,TEN XL בטעם תפוח,מיליליטרים,250.00,"100 מ""ל",false,1,4.00,1.60,true,1,
7290000135052,false,"TEN XL בטעם מנגו 250 מ""ל","טמפו משקאות בע""\מ",IL,TEN XL בטעם מנגו,מיליליטרים,250.00,"100 מ""ל",false,1,4.00,1.60,true,1,
7290000136004,false,ג'אמפ לימונדה 1.5 ליטר,"טמפו משקאות בע""מ",IL,ג'אמפ לימונדה,ליטרים,1.50,ליטר,false,1,6.20,4.13,true,1,
7290000137513,false,גלידונית וניל 60יח 630גר,שטראוס,IL,גלידונית,גרמים,630.00,100 גרם,false,0,44.90,7.13,true,1,
7290000137643,false,מאגדת טעמקור משפ8'יח 50,שטראוס,IL,מאגד טעמקור משפ',גרמים,400.00,100 גרם,false,0,39.90,9.98,true,1,
7290000139104,false,שלווה בשקית 230 גרם,שופרסל,IL,שלווה בשקית,גרמים,230.00,100 גרם,false,0,8.30,3.61,true,1,
7290000139227,false,דגן תפוח ממותק,,IL,דגן תפוח ממותק,גרמים,150.00,100 גרם,false,0,8.30,5.53,true,1,
7290000143200,false,מרכך הוואי לשיער יבש700מ,טרופיקל דגיל,IL,מרכך שיער הוואי,מיליליטרים,700.00,"100 מ""ל",false,0,9.90,1.41,true,1,
7290000143217,false,שמפו הוואי שיער יבש 700מ,טרופיקל דגיל,IL,שמפו הוואי,מיליליטרים,700.00,"100 מ""ל",false,0,9.90,1.41,true,1,
7290000143255,false,שמפו הוואי לשיער רגיל700,טרופיקל דגיל,IL,שמפו הוואי,מיליליטרים,700.00,"100 מ""ל",false,0,9.90,1.41,true,1,
7290000143279,false,"הוואי שמפו אדום 700 מ""ל",טרופיקל דגיל,IL,שמפו הוואי,מיליליטרים,700.00,"100 מ""ל",false,0,9.90,1.41,true,1,
7290000143286,false,"הוואי מרכך ירוק 700 מ""ל",טרופיקל דגיל,IL,מרכך הוואי,מיליליטרים,700.00,"100 מ""ל",false,0,9.90,1.41,true,1,
7290000144160,false,שמן זית בטעם מודגש 750מל,שמן תעשיות,IL,שמן זית מודגש,מיליליטרים,750.00,"100 מ""ל",false,0,33.90,4.52,true,1,
7290000144467,false,שמן חמניות+נוגדי חמצון1ל,שמן תעשיות,IL,שמן חמניות,ליטרים,1.00,ליטר,false,0,16.40,16.40,true,1,
7290000144474,false,שמן קנולה מועשר 1 ליטר,שמן תעשיות,IL,שמן קנולה,ליטרים,1.00,ליטר,false,0,14.90,14.90,true,1,
7290000146645,false,סבון הוואי שחור 100*4גרם,טרופיקל דגיל,IL,סבון הוואי 4 יח,גרמים,400.00,100 גרם,false,0,11.90,2.98,true,1,
7290000146652,false,סבון הוואי ורוד 100*4גרם,טרופיקל דגיל,PL,סבון הוואי 4 יח,גרמים,400.00,100 גרם,false,0,11.90,2.98,true,1,
7290000146676,false,סבון הוואי לגבר 100*4גרם,טרופיקל דגיל,PL,סבון הוואי 4 יח,גרמים,400.00,100 גרם,false,0,11.90,2.98,true,1,
7290000146683,false,סב.הוואי אפקט דאו100*4.,טרופיקל דגיל,PL,סבון הוואי 4 יח,גרמים,400.00,100 גרם,false,0,11.90,2.98,true,1,
7290000146997,false,משחת טום וג'רי מסטיק 50מ,טרופיקל דגיל,IL,משחת טום וג'רי,מיליליטרים,50.00,"100 מ""ל",false,0,9.20,18.40,true,1,
7290000148298,false,מיץ תפוזים סחוט קלאסי2ל,גת,IL,מיץ תפוזים סחוט,ליטרים,2.00,ליטר,false,0,25.90,12.95,true,1,
7290000149615,false,סבון נקה 7 לתינוק100*4 ג,נקה,IL,נקה 7 סבון 4 יח,גרמים,400.00,100 גרם,false,0,12.50,3.13,true,1,
7290000149851,false,סינטבון כפול לנקיון 460ג,נקה,IL,סינטבון נקה כפול,גרמים,460.00,100 גרם,false,0,9.60,2.09,true,1,
7290000149905,false,טקסטיל נוזל לכביסה 1ליטר,סנו מפעלי ברונוס בעמ,IL,נוזל כביס טקסטיל,ליטרים,1.00,ליטר,false,0,14.10,14.10,true,1,
7290000150956,false,מקלוני קבנוס 160 גרם,מוצרי עוף טוב (2001) בע\,IL,מקלוני קבנוס,גרמים,160.00,100 גרם,false,0,11.90,7.44,true,1,
7290000151281,false,פסטרמה ברביקיו דל שומן 3,מוצרי עוף טוב (2001) בע\,IL,פסטרמה ברביקיו,גרמים,300.00,100 גרם,false,0,21.90,7.30,true,1,
7290000152288,false,נקניקיות עוף 400 גרם,מוצרי עוף טוב (2001) בע\,IL,נקניקיות עוף,גרמים,400.00,100 גרם,false,0,15.00,3.75,true,1,
7290000153469,false,קציצות עוף קלאסיות 600גר,"מוצרי עוף טוב (2001) בע""",IL,קציצות עוף,גרמים,600.00,100 גרם,false,0,29.10,4.85,true,1,
7290000156545,false,פסטרמה מקסיקנית 300גרם,מוצרי עוף טוב (2001) בע\,IL,פסטרמה מקסיקנית,גרמים,300.00,100 גרם,false,0,21.90,7.30,true,1,
7290000158235,false,שניצל עוף דקיק צ'יפס שמח,"מוצרי עוף טוב (2001) בע""",IL,שניצל דקיק ציפס,גרמים,700.00,100 גרם,false,0,37.90,5.41,true,1,
7290000159010,false,שניצל עוף מיני דובונים 7,"מוצרי עוף טוב (2001) בע""",IL,שניצל דובונים,גרמים,700.00,100 גרם,false,0,38.70,5.53,true,1,
7290000159034,false,שניצל עוף ביתי קריספי,"מוצרי עוף טוב (2001) בע""",IL,שניצל עוף ביתי,גרמים,700.00,100 גרם,false,0,34.90,4.99,true,1,
7290000160252,false,דאב תרחיץ פנים רגיל180מל,יוניליוור,IL,דאב תרחיץ פנים,מיליליטרים,180.00,"100 מ""ל",false,0,16.90,9.39,true,1,
7290000160269,false,דאב תרחיץ פנים רגיש180מל,יוניליוור,IL,דאב תרחיץ פנים,מיליליטרים,180.00,"100 מ""ל",false,0,16.90,9.39,true,1,
7290000160771,false,"כריות וניל בד""צ 750 גרם",יוניליוור ישראל מזון בע\,IL,כריות וניל,גרמים,750.00,100 גרם,false,0,24.90,3.32,true,1,
7290000161167,false,מחמאה גביע 250 גרם,יוניליוור,IL,מחמאה,גרמים,250.00,100 גרם,false,0,8.60,3.44,true,1,
7290000161358,false,מיונז משמן קנולה 500 גרם,"יוניליוור ישראל מזון בע""",IL,מיונז אמיתי תלמה,גרמים,500.00,100 גרם,false,0,13.80,2.76,true,1,
7290000161648,false,קליק IN במילוי קרם חלב38,יוניליוור ישראל מזון בע\,IL,קליק IN קרם חל,גרמים,38.00,100 גרם,false,0,4.90,12.89,true,1,
7290000164632,false,בדין אקסטרה בייבי 960 מל,יוניליוור,IL,בדין אקסטרה,מיליליטרים,960.00,"100 מ""ל",false,0,15.90,1.66,true,1,
7290000167503,false,רוטב לסלט שום לייט300ג,"יוניליוור ישראל מזון בע""",IL,רוטב לסלט,גרמים,300.00,100 גרם,false,0,10.90,3.63,true,1,
7290000168173,false,ברנפלקס קרנצ'ים 375 גרם,יוניליוור,IL,ברנפלקס קרנצ'ים,גרמים,375.00,100 גרם,false,0,22.90,6.11,true,1,
7290000168289,false,שמפו פינוק שמן מרוקאי700,יוניליוור ישראל טיפוח אי,IL,שמפו פינוק,מיליליטרים,700.00,"100 מ""ל",false,0,11.90,1.70,true,1,
7290000168296,false,מרכך פינוק שמן מרוקאי700,יוניליוור ישראל טיפוח אי,IL,מרכך פינוק,מיליליטרים,700.00,"100 מ""ל",false,0,11.90,1.70,true,1,
7290000168302,false,תחליב פינוק שמן מרוקא700,יוניליוור ישראל טיפוח אי,IL,תחליב רחצה פינוק,מיליליטרים,700.00,"100 מ""ל",false,0,10.90,1.56,true,1,
7290000169798,false,עוגי 20% פחות סוכר 500גר,"יוניליוור ישראל מזון בע""",IL,עוגי מופחת סוכר,גרמים,500.00,100 גרם,false,0,20.90,4.18,true,1,
7290000170053,false,שוקולד פרה חלב 100 גרם,עלית,IL,שוקולד פרה חלב,גרמים,100.00,100 גרם,false,0,5.50,5.50,true,1,
7290000170077,false,שוק.מריר 100 גרם,עלית,IL,שוקולד מריר,גרמים,100.00,100 גרם,false,0,5.50,5.50,true,1,
7290000170275,false,שוקולד ממולא קרם נוגט100,שטראוס,IL,שוקולד ממולא,גרמים,100.00,100 גרם,false,0,5.50,5.50,true,1,
7290000171470,false,כיף כף 45 גרם,עלית,IL,כיף כף,גרמים,45.00,100 גרם,false,0,3.90,8.67,true,1,
7290000174099,false,בפלות בטעם שוקולד 500 גר,עלית,IL,בפלות טעם שוקולד,גרמים,500.00,100 גרם,false,0,12.40,2.48,true,1,
7290000174723,false,שוקולית בפחית עלית 500גר,שטראוס קפה בי.וי.,IL,שוקולית,גרמים,500.00,100 גרם,false,0,11.90,2.38,true,1,
7290000175027,false,ממרחית שוקולד 500 גרם,עלית,IL,ממרחית שוקולד,גרמים,500.00,100 גרם,false,0,9.70,1.94,true,1,
7290000176062,false,קפה טורקי בצלופן 100 גרם,שטראוס קפה בי.ויn\.,IL,קפה טורקי בצלופן,גרמים,100.00,100 גרם,false,0,8.90,8.90,true,1,
7290000176093,false,קפה אלדין טורקי ואקום200,שטראוס קפה בי.ויn\.,IL,קפה טורקי אלדין,גרמים,200.00,100 גרם,false,0,17.90,8.95,true,1,
7290000176192,false,קפה טורקי האג ואקום200גר,עלית,IL,קפה טורקי האג,גרמים,200.00,100 גרם,false,0,27.10,13.55,true,1,
7290000176413,false,קפה נמס 50 גרם,עלית,IL,קפה נמס,גרמים,50.00,100 גרם,false,0,9.60,19.20,true,1,
7290000176420,false,קפה נמס 200 גרם,שטראוס קפה בי.וי,IL,קפה נמס,גרמים,200.00,100 גרם,false,0,19.90,9.95,true,1,
7290000176475,false,האג נטול קופאין 200 גרם,עלית,VN,קפה נמס האג,גרמים,200.00,100 גרם,false,0,34.90,17.45,true,1,
7290000176857,false,שוקולד לבן 100 גרם,שטראוס,IL,שוקולד לבן,גרמים,100.00,100 גרם,false,0,5.50,5.50,true,1,
7290000177694,false,קפה טורקי ואקום 200 גרם,שטראוס קפה בי.ויn\.,IL,קפה טורקי ואקום,גרמים,200.00,100 גרם,false,0,18.90,9.45,true,1,
7290000178134,false,שוקולד פרה מריר 100*4 ג,שטראוס,IL,שוקולד מריר 4 יח,גרמים,400.00,100 גרם,false,0,19.60,4.90,true,1,
7290000178707,false,תפוצ'יפס בטעם טבעי 50 גר,"שטראוס פריטו ליי בע""\מ )",IL,חטיף תפוצ'יפס,גרמים,50.00,100 גרם,false,0,4.00,8.00,true,1,
7290000178721,false,תפוציפס בטעם טבעי200גרם,"שטראוס פריטו ליי בע""\מ )",IL,חטיף תפוצ'יפס,גרמים,200.00,100 גרם,false,0,9.90,4.95,true,1,
7290000180212,false,שוקולד מריר אגוז 100 גרם,שטראוס,IL,שוקולד מריר,גרמים,100.00,100 גרם,false,0,5.50,5.50,true,1,
7290000181103,false,ביסקויט בשוקולד חלב 200ג,עלית,IL,ביסקויט מצופה,גרמים,200.00,100 גרם,false,0,12.90,6.45,true,1,
7290000182766,false,ממרחית טעם חלב 500 גרם,עלית,IL,ממרחית טעם חלב,גרמים,500.00,100 גרם,false,0,11.50,2.30,true,1,
7290000186931,false,כריות קרצוף חתוכות 12 יח,ניקול,US,כריות קרצוף,יחידה,1.00,יחידה,false,0,10.90,10.90,true,1,
7290000187921,false,נ.טואלט לילי קלאסיק 32גל,חוגלה קימברלי,IL,נייר טואלט לילי,מטרים,588.00,100 מטר,false,0,39.90,6.79,true,1,
7290000187938,false,נ.טואלט לילי פסטל 32 גלי,חוגלה קימברלי,IL,נייר טואלט,מטרים,588.00,100 מטר,false,0,39.90,6.79,true,1,
7290000188249,false,מגבת ויוה חוזק מוגבר,חוגלה קימברלי,US,מגבת ויוה,מטרים,14.00,מטר,false,0,13.30,0.95,true,1,
7290000188553,false,60מגני תחתון קוטקס סילקN,חוגלה קימברלי,CN,מגן תחתון קוטקס,יחידה,1.00,יחידה,false,0,19.90,19.90,true,1,
7290000188591,false,60מגני תחתון קוטקס סילקY,חוגלה קימברלי,CN,מגן תחתון קוטקס,יחידה,1.00,יחידה,false,0,19.90,19.90,true,1,
7290000189079,false,תבניות אינגליש קייק 6יח',,CN,תבניות אינגליש,יחידה,1.00,יחידה,false,0,11.90,11.90,true,1,
7290000189192,false,ניקול מגבת רב שימושית,חוגלה קימברלי,CO,מטליות נייר,מטרים,18.00,מטר,false,0,16.90,0.94,true,1,
7290000189482,false,4 תבניות קרטון מרובעות,חוגלה קימברלי,IL,תבניות קרטון,יחידה,1.00,יחידה,false,0,9.90,9.90,true,1,
7290000189505,false,5 תבניות קרטון אינגליש,ניקול,IL,תבניות קרטון,יחידה,1.00,יחידה,false,0,9.90,9.90,true,1,
7290000189550,false,שקיות אשפה לפח ענק10*2יח,אשפלסט,IL,אשפתון ענק זוג,יחידה,1.00,יחידה,false,0,25.90,25.90,true,1,
7290000191539,false,מגבוני לילי צבעוני90*5יח,חוגלה קימברלי,IL,מגבוני לילי 90*5,יחידה,1.00,יחידה,false,0,13.90,13.90,true,1,
7290000191546,false,מגבוני לילי צבעוני 90*3י,חוגלה קימברלי,IL,לילי צבעוני90*3,יחידה,1.00,יחידה,false,0,9.70,9.70,true,1,
7290000191652,false,קלינקס מעוצב 90*3 יחידות,חוגלה קימברלי,IL,קלינקס מעוצב 3יח,יחידה,1.00,יחידה,false,0,10.90,10.90,true,1,
7290000191966,false,נ.טואלט לח נטורל קר 48 י,חוגלה קימברלי,IL,נ.טואלט לח,יחידה,1.00,יחידה,false,0,7.90,7.90,true,1,
7290000193014,false,פדים לילי אינטרלוד 50 יח,חוגלה קימברלי,IL,לילי פדים,יחידה,1.00,יחידה,false,0,9.90,9.90,true,1,
7290000193083,false,תחבושות נובה לי 28 יח',חוגלה קימברלי,CZ,תחבושות נובה לי,יחידה,1.00,יחידה,false,0,9.90,9.90,true,1,
7290000195216,false,נייר אפיה 50 יחידות,---,IL,נייר אפיה,יחידה,1.00,יחידה,false,0,11.90,11.90,true,1,
7290000195537,false,מגב.האגיס ללא בישום 64*4,חוגלה קימברלי,IL,מגבוני האגיס 4יח,יחידה,1.00,יחידה,false,0,21.50,21.50,true,1,
7290000195544,false,מגב.האגיס בישום עדין64*4,חוגלה קימברלי,IL,מגבוני האגיס 4יח,יחידה,1.00,יחידה,false,0,21.50,21.50,true,1,
7290000195773,false,מגבוני האגיס אלוורה 64*4,חוגלה קימברלי,IL,מגבוני האגיס 4יח,יחידה,1.00,יחידה,false,0,21.50,21.50,true,1,
7290000196039,false,מפת שולחן דמוי בד 2 יח 1,---,IL,מפת שולחן,יחידה,1.00,יחידה,false,0,12.00,12.00,true,1,
7290000196763,false,40 שקיות אשפה חזקות L,אשפלסט,IL,שקיות אשפה,יחידה,1.00,יחידה,false,0,25.90,25.90,true,1,
7290000197012,false,15 שקי.ריצ-'רץ' שומר טרי,חוגלה קימברלי,CN,שקיות ריצ-'רץ',יחידה,1.00,יחידה,false,0,13.40,13.40,true,1,
7290000197128,false,100 האגיס מגה פק שלב3,---,IL,חיתולי האגיס,יחידה,1.00,יחידה,false,0,78.90,78.90,true,1,
7290000197210,false,76 האגיס מגה פק שלב+4,---,IL,חיתולי האגיס,יחידה,1.00,יחידה,false,0,78.90,78.90,true,1,
7290000197227,false,72 האגיס מגה פק שלב5,---,IL,חיתולי האגיס,יחידה,1.00,יחידה,false,0,78.90,78.90,true,1,
7290000197258,false,64 האגיס מגה פק שלב6,---,IL,חיתולי האגיס,יחידה,1.00,יחידה,false,1,78.90,78.90,true,1,
7290000197326,false,זוג רדיד.אלומינ0.3*7.5.מ,---,IL,זוג רדידי אלומינ,מטרים,15.00,מטר,false,0,10.90,0.73,true,1,
7290000197432,false,סנדויצ'ון 150*2 יח,---,IL,סנדוויצ'ון זוג,יחידה,1.00,יחידה,false,0,13.90,13.90,true,1,
7290000197548,false,36האגיס פרידום דריי שלב5,חוגלה קימברלי,IL,חיתולי האגיס,יחידה,1.00,יחידה,false,0,43.90,43.90,true,1,
7290000197654,false,שקיות לפחים ענקיים45יח,---,IL,שקיות אשפה,יחידה,1.00,יחידה,false,0,21.80,21.80,true,1,
7290000197678,false,30האגיס פרידום דריי שלב6,חוגלה קימברלי,IL,חיתולי האגיס,יחידה,1.00,יחידה,false,0,43.90,43.90,true,1,
7290000197753,false,ניילון נצמד ניקול 30*2מ,חוגלה קימברלי,IL,ניילון נצמד זוג,מטרים,60.00,מטר,false,0,11.90,0.20,true,1,
7290000197883,false,4 מגשית 100 מוכספת ניקול,חוגלה קימברלי,CN,מגשיות אלומיניום,יחידה,1.00,יחידה,false,0,9.90,9.90,true,1,
7290000197951,false,3מגשיות 200 מוכספת ניקול,חוגלה קימברלי,CN,מגשית ניקול,יחידה,1.00,יחידה,false,0,9.90,9.90,true,1,
7290000197999,false,2 רדידי אלומינ7.5X0.30.מ,---,IL,זוג רדידי אלומינ,מטרים,15.00,מטר,false,0,17.90,1.19,true,1,
7290000200460,false,60 מגן תחתון קוטקס דקים,חוגלה קימברלי,IL,מגן תחתון קוטקס,יחידה,1.00,יחידה,false,0,16.10,16.10,true,1,
7290000201856,false,38טיטולים פרימיום שלב+4,חוגלה קימברלי,IL,טיטולים פרימיום,יחידה,1.00,יחידה,false,1,29.90,29.90,true,1,
7290000201863,false,34טיטולים פרימיום שלב 5,חוגלה קימברלי,IL,טיטולים פרימיום,יחידה,1.00,יחידה,false,1,29.90,29.90,true,1,
7290000204253,false,9 מטליות רב שימושי.ניקול,חוגלה קימברלי,IL,מטליות ניקול,יחידה,1.00,יחידה,false,0,10.50,10.50,true,1,
7290000204512,false,10מטליות לרצפה ריח לימון,חוגלה קימברלי,IL,מטליות רצפה לחות,יחידה,1.00,יחידה,false,1,11.50,11.50,true,1,
7290000207063,false,רוטב עגבניות פריכוז260גר,זנלכל,IL,רוטב עגבניות,גרמים,260.00,100 גרם,false,0,4.10,1.58,true,1,
7290000207162,false,רוטב עגבניות 22% 100 גרם,זנלכל,IL,רוטב עגבניות,גרמים,100.00,100 גרם,false,0,1.90,1.90,true,1,
7290000207438,false,עגבניות קוביות 800 גרם,זנלכל,IL,עגבניות קוביות,גרמים,800.00,100 גרם,false,0,7.20,0.90,true,1,
7290000208022,false,עגבניות מרוסקות 800 גרם,זנלכל,IL,עגבניות מרוסקות,גרמים,800.00,100 גרם,false,0,7.20,0.90,true,1,
7290000208077,false,אפונת גינה גדול יכין550ג,זנלכל,IL,אפונת גינה,גרמים,550.00,100 גרם,false,0,5.90,1.07,true,1,
7290000208091,false,אפונת גינה קטנה 550 גרם,זנלכל,IL,אפונת גינה קטנה,גרמים,550.00,100 גרם,false,0,6.40,1.16,true,1,
7290000208114,false,אפונת גינה וגזר 550 גרם,זנלכל,IL,אפונת גינה וגז,גרמים,550.00,100 גרם,false,0,6.50,1.18,true,1,
7290000208121,false,סירופ דיאט תות בננה 1ל,זנלכל,IL,סירופ תות בננה,ליטרים,1.00,ליטר,false,0,8.00,8.00,true,1,
7290000208138,false,סירופ ענבים דיאט1ל' יכין,זנלכל,IL,סירופ דיאט ענבים,ליטרים,1.00,ליטר,false,0,8.00,8.00,true,1,
7290000208213,false,שעוע.אפויה+רוטב עגב580גר,"זנלכל בע""\מ",IL,שעועית ברוטב,גרמים,580.00,100 גרם,false,0,6.60,1.14,true,1,
7290000208312,false,תירס ואקום 400 גרם יכין,זנלכל,IL,תירס ואקום,גרמים,400.00,100 גרם,false,0,5.40,1.35,true,1,
7290000208329,false,גרעיני תירס מתוק 550 גרם,זנלכל,IL,גרעיני תירס מתוק,גרמים,550.00,100 גרם,false,0,6.50,1.18,true,1,
7290000208404,false,פול מצרי 550 גרם,"זנלכל בע""\מ",IL,פול מצרי,גרמים,550.00,100 גרם,false,0,5.80,1.05,true,1,
7290000208428,false,חומוס שלם יכין 550 גרם,"זנלכל בע""\מ",IL,חומוס שלם,גרמים,560.00,100 גרם,false,0,6.30,1.13,true,1,
7290000208947,false,עגבניות מרוסקות 260 גרם,"זנלכל בע""\מ",IL,עגבניות מרוסקות,גרמים,260.00,100 גרם,false,0,4.90,1.88,true,1,
7290000208978,false,רוטב עגבניות פריכוז100גר,"זנלכל בע""\מ",IL,רוטב עגבניות,גרמים,100.00,100 גרם,false,0,3.00,3.00,true,1,
7290000209043,false,לימון משומר 1 ליטר,"זנלכל בע""\מ",IL,לימון משומר,ליטרים,1.00,ליטר,false,0,4.90,4.90,true,1,
7290000209173,false,חומץ סינטטי 5% 1 ליטר,"זנלכל בע""\מ",IL,חומץ סינטטי,ליטרים,1.00,ליטר,false,0,4.70,4.70,true,1,
7290000209371,false,תירס גרעינים 165*3 גרם,KFT KECSKEMET,IL,תירס גרעינים 3יח,גרמים,495.00,100 גרם,false,1,9.90,2.00,true,1,
7290000209388,false,תירס לייט 165*3 גרם,KFT KECSKEMET,HU,תירס לייט 3 יח,גרמים,495.00,100 גרם,false,0,9.70,1.96,true,1,
7290000209517,false,סירופ דיאט לימון 1 ליטר,"זנלכל בע""\מ",IL,סירופ דיאט לימון,ליטרים,1.00,ליטר,false,0,8.00,8.00,true,1,
7290000209531,false,סירופ דיאט אשכוליות 1 ל',זנלכל,IL,סירופ אשכוליות,ליטרים,1.00,ליטר,false,0,8.00,8.00,true,1,
7290000209555,false,סירופ תפוחי עץ דיאט 1 ל',"זנלכל בע""\מ",IL,"סירופ תפו""ע דיאט",ליטרים,1.00,ליטר,false,0,8.00,8.00,true,1,
7290000209579,false,סירופ דיאט אננס 1 ל'יכין,"זנלכל בע""\מ",IL,סירופ אננס דיאט,ליטרים,1.00,ליטר,false,0,8.00,8.00,true,1,
7290000209708,false,עגבנ.מרוסקות בזיליקום260,"זנלכל בע""\מ",IL,עגבניות מרוסקות,גרמים,260.00,100 גרם,false,0,4.90,1.88,true,1,
7290000209722,false,רוטב עגבניות פריכוז580ג,"זנלכל בע""\מ",IL,רוטב עגבניות,גרמים,580.00,100 גרם,false,0,7.50,1.29,true,1,
7290000209944,false,בסיס לשקשוקה 260גרם,"זנלכל בע""\מ",IL,בסיס לשקשוקה,גרמים,260.00,100 גרם,false,0,4.90,1.88,true,1,
7290000209951,false,רוטב עגבניות לפיצה260גרם,"זנלכל בע""\מ",IL,רוטב עגבניות,גרמים,260.00,100 גרם,false,0,4.90,1.88,true,1,
7290000209968,false,רוטב ללזניה 260 גרם,"זנלכל בע""\מ",IL,רוטב ללזניה,גרמים,260.00,100 גרם,false,0,4.90,1.88,true,1,
7290000211169,false,"אורז תאילנדי סוגת 1 ק""ג","סוגת תעשיות בע""מ",IL,אורז תאילנדי,קילוגרמים,1.00,"ק""ג",false,0,5.90,5.90,true,1,
7290000211312,false,"אורז מלא ארוך ""סוגת"" 1קג","סוגת תעשיות בע""מ",IL,אורז מלא ארוך,קילוגרמים,1.00,"ק""ג",false,0,8.50,8.50,true,1,
7290000211374,false,"קמח חיטה מלא סוגת 1 ק""ג",סוגת,IL,קמח חיטה מלא,קילוגרמים,1.00,"ק""ג",false,0,6.90,6.90,true,1,
7290000211381,false,"סוכר חום כהה סוגת 1 ק""ג",סוגת,ZA,סוכר חום כהה,קילוגרמים,1.00,"ק""ג",false,0,10.50,10.50,true,1,
7290000211442,false,"אורז פרסי קלאסי 1ק""ג","סוגת תעשיות בע""מ",IL,אורז פרסי קלאסי,קילוגרמים,1.00,"ק""ג",false,0,9.90,9.90,true,1,
7290000211626,false,"חיש אורז 1 ק""ג","סוגת תעשיות בע""מ",IL,אורז חיש סוגת,קילוגרמים,1.00,"ק""ג",false,0,9.90,9.90,true,1,
7290000211985,false,"אורז עגול 1 ק""ג","סוגת תעשיות בע""מ",IL,אורז עגול סוגת,קילוגרמים,1.00,"ק""ג",false,0,9.90,9.90,true,1,
7290000212401,false,מצופית 400 גרם,"מנעמים תעשיות מזון בע""\מ",IL,מצופית 400 גרם,גרמים,400.00,100 גרם,false,0,8.30,2.08,true,1,
7290000214115,false,מרק עוף בצנצנת ויטה400גר,פרי גליל,IL,מרק עוף צנצנת,גרמים,400.00,100 גרם,false,0,9.90,2.48,true,1,
7290000238029,false,"בצק עלים 1 ק""ג","מעדנות בע""מ",IL,בצק עלים מרודד,קילוגרמים,1.00,"ק""ג",false,0,21.90,21.90,true,1,
7290000238036,false,מלווח מעדנות 700 גרם,"מעדנות בע""\מ",IL,מלווח מעדנית,גרמים,700.00,100 גרם,false,0,16.90,2.41,true,1,
7290000238173,false,בורקס גבינה 800 גרם,"מעדנות בע""מ",IL,בורקס גבינה קפוא,גרמים,800.00,100 גרם,false,0,19.90,2.49,true,1,
7290000240558,false,עלים בלינצ'ס/קרפ סוזט700,"מעדנות בע""מ",IL,עלי בלינצ'ס,גרמים,700.00,100 גרם,false,0,26.00,3.71,true,1,
7290000244143,false,קרם הוואי לאחר גילוח120ג,טרופיקל דגיל,IL,קרם לאחר גילוח,גרמים,120.00,100 גרם,false,0,23.90,19.92,true,1,
7290000245157,false,מרכך סוד סנסיישן 4 ל',"הנקל סוד בע""\מ",IL,מרכך כביסה סוד,ליטרים,4.00,ליטר,false,0,18.90,4.73,true,1,
7290000245294,false,א.כביסה פרסיל סופרה 2.5ק,"הנקל סוד בע""\מ",IL,אבקת כביסה פרסיל,קילוגרמים,2.50,"ק""ג",false,0,25.90,10.36,true,1,
7290000245799,false,מרכך כביסה סוד כחול 4 ל',"הנקל סוד בע""\מ",IL,מרכך כביסה סוד,ליטרים,4.00,ליטר,false,0,18.90,4.73,true,1,
7290000253220,false,שוקולד צ'יפס חום 300 גרם,---,IL,שוקולד צ'יפס,גרמים,300.00,100 גרם,false,0,10.90,3.63,true,1,
7290000253251,false,שוקולד צ'יפס לבן 300 גרם,---,IL,שוקו צ'יפס לבן,גרמים,300.00,100 גרם,false,0,10.90,3.63,true,1,
7290000260969,false,ספרינג אשכולית/אננס לייט,"יפאורה תבורי בע""\מ",IL,ספרינג לייט,ליטרים,1.50,ליטר,false,0,6.20,4.13,true,1,
7290000262239,false,נייר טואלט מולט 48גלילים,חוגלה קימברלי,IL,נייר טואלט מולט,מטרים,843.00,100 מטר,false,0,39.90,4.73,true,1,
7290000262413,false,34האגיס אקסטרה קר מידה5,חוגלה קימברלי,CZ,חיתולי האגיס,יחידה,1.00,יחידה,false,1,55.90,55.90,true,1,
7290000263298,false,מגבות נייר 4גליל כפול,חוגלה קימברלי,IL,מגבות נייר ג'מבו,מטרים,86.00,מטר,false,1,13.90,0.16,true,1,
7290000263359,false,40 האגיס ליטל בייביס,חוגלה קימברלי,IL,חיתולי האגיס,יחידה,1.00,יחידה,false,0,31.90,31.90,true,1,
7290000267036,false,שקד מולבן משובב100גשקדיה,שקדיה,IL,שקד מולבן משובב,גרמים,100.00,100 גרם,false,0,12.80,12.80,true,1,
7290000267050,false,שקד טבעי טחון100ג-'שקדיה,שקדיה,IL,שקד טבעי טחון,גרמים,100.00,100 גרם,false,0,12.80,12.80,true,1,
7290000267104,false,שקד טבעי גרוס100ג'שקדיה,שקדיה,IL,שקד טבעי גרוס,גרמים,100.00,100 גרם,false,0,12.80,12.80,true,1,
7290000267500,false,קליפות הדר בשוקולד200גרם,שקדיה,IL,קליפות הדר בשוק,גרמים,200.00,100 גרם,false,0,15.90,7.95,true,1,
7290000267548,false,אגוז מלך טחון100ג'שקדיה,שקדיה,IL,אגוז מלך טחון,גרמים,100.00,100 גרם,false,0,12.80,12.80,true,1,
7290000267609,false,פיסטוק חלבי קלוף 150גרם,שקדיה,IL,פיסטוק חלבי קלוף,גרמים,150.00,100 גרם,false,0,28.70,19.13,true,1,
7290000267616,false,צנובר 100גרם,שקדיה,IL,צנובר 100 גרם,גרמים,100.00,100 גרם,false,0,28.70,28.70,true,1,
7290000272443,false,סירופ תפוז דיאט 1 ליטר,בית השיטה,IL,סירופ דיאט תפוז,ליטרים,1.00,ליטר,false,0,10.90,10.90,true,1,
7290000272696,false,מיץ לימון משומר-עסיס 1ל',בית השיטה,IL,מיץ לימון משומר,ליטרים,1.00,ליטר,false,0,9.90,9.90,true,1,
7290000272726,false,חומץ 5% 1 ליטר,בית השיטה,IL,חומץ 5%,ליטרים,1.00,ליטר,false,0,6.90,6.90,true,1,
7290000275901,false,חומוסטחינה צנובר צבר400ג,סלטי צבר,IL,חומוסטחינה צנובר,גרמים,400.00,100 גרם,false,1,14.10,3.53,true,1,
7290000284316,false,קוקה קולה בקבוק 1.5 ליטר,החברה המרכזית לייצור משק,IL,קוקה קולה,ליטרים,1.50,ליטר,false,0,6.50,4.33,true,1,
7290000284347,false,קינלי סודה 1.5 ליטר,החברה המרכזית לייצור משק,IL,קינלי סודה,ליטרים,1.50,ליטר,false,0,4.00,2.67,true,1,
7290000284361,false,קולה דיאט בקבוק 1.5 ל',החברה המרכזית לייצור משק,IL,קוקה קולה דיאט,ליטרים,1.50,ליטר,false,0,6.50,4.33,true,1,
7290000285849,false,שוופס מי סודה 1.5 ליטר,יפאורה שותפות מובגלת לשי,IL,שוופס מי סודה,ליטרים,1.50,ליטר,false,0,3.30,2.20,true,1,
7290000286228,false,ספוגיות לניקוי כלים 6 יח,סנו,IL,ספוגיות לכלים6יח,יחידה,1.00,יחידה,false,0,10.90,10.90,true,1,
7290000286297,false,סנו אנטיקאלק מסיר אבן700,סנו מפעלי ברונוס בעמ,IL,סנו מסיר אבן,מיליליטרים,700.00,"100 מ""ל",false,0,11.80,1.69,true,1,
7290000286549,false,מטליות רב שימוש 9 יח',סנו,IL,מטליות לכל 9 יח,יחידה,1.00,יחידה,false,0,10.50,10.50,true,1,
7290000286594,false,סנוX- לימון 600 גרם,סנו מפעלי ברונוס בעמ,IL,סנוX- קרם לניק,גרמים,600.00,100 גרם,false,0,9.90,1.65,true,1,
7290000286761,false,ניילון נצמד 30*2 מטר,סנו,IL,צמד ניילון נצמד,מטרים,60.00,מטר,false,0,10.90,0.18,true,1,
7290000286891,false,סנו מגן קריסטל לרצפות1לי,סנו,IL,סנו מגן קריסטל,ליטרים,1.00,ליטר,false,0,28.00,28.00,true,1,
7290000286921,false,"סנוקל רסס וכבס 750 מ""ל",סנו מפעלי ברונוס בעמ,IL,סנוקל רסס וכבס,מיליליטרים,750.00,"100 מ""ל",false,0,16.90,2.25,true,1,
7290000286945,false,"סנו רהיט מרסס 500 מ""ל","סנו מפעלי ברונוס בע""\מ",IL,סנו רהיט מרסס,מיליליטרים,500.00,"100 מ""ל",false,0,27.00,5.40,true,1,
7290000287102,false,סנו שמפו לשטיחים 540 גרם,סנו מפעלי ברונוס בעמ,IL,סנו שמפו לשטיחים,גרמים,540.00,100 גרם,false,0,19.90,3.69,true,1,
7290000287195,false,סנורהיט מבריק רהיטים305ג,סנו מפעלי ברונוס בעמ,IL,סנו רהיט מרסס,מיליליטרים,305.00,"100 מ""ל",false,0,13.90,4.56,true,1,
7290000287485,false,סנובון לובר 55*3 גרם,---,IL,סנובון בריח לובר,גרמים,165.00,100 גרם,false,0,10.90,6.61,true,1,
7290000287492,false,סנובון נוזלי לימון 750מל,"סנו מפעלי ברונוס בע""מ",IL,סנובון נוזלי,מיליליטרים,750.00,"100 מ""ל",false,0,8.90,1.19,true,1,
7290000287621,false,סנו אנטי קאלק לאסלות750מ,סנו מפעלי ברונוס בעמ,IL,סנו מנקה אסלות,מיליליטרים,750.00,"100 מ""ל",false,0,12.80,1.71,true,1,
7290000288024,false,סנו ג'אוול לימון 4 ליטר,"סנו מפעלי ברונוס בע""מ",IL,סנו JAVEL אקונומ,ליטרים,4.00,ליטר,false,0,15.90,3.98,true,1,
7290000288031,false,סנו אקונומיקה 4 ליטר,סנו,IL,סנו אקונומיקה,ליטרים,4.00,ליטר,false,0,10.90,2.73,true,1,
7290000288048,false,סנו ג'אוול מרסס לבנדר 1ל,"סנו מפעלי ברונוס בע""מ",IL,סנו ג'אוול לבנדר,ליטרים,1.00,ליטר,false,0,15.90,15.90,true,1,
7290000288079,false,סנו ג'אוול לימון 2 ליטר,"סנו מפעלי ברונוס בע""מ",IL,סנו JAVEL מלבין,ליטרים,2.00,ליטר,false,0,11.90,5.95,true,1,
7290000288352,false,300-K קוטל חרק/.זוחל630מ,"סנו מפעלי ברונוס בע""מ",IL,300-K קוטל חרק,מיליליטרים,630.00,"100 מ""ל",false,0,20.90,3.32,true,1,
7290000289069,false,סנו ג'אוול מרסס לימון 1ל,"סנו מפעלי ברונוס בע""מ",IL,סנו ג'אוול מרסס,ליטרים,1.00,ליטר,false,0,15.90,15.90,true,1,
7290000289472,false,סושי 50 שקיות אשפה HD,סנו,IL,50 שקיות אשפה,יחידה,1.00,יחידה,false,0,18.90,18.90,true,1,
7290000289496,false,ג'אוול ג'ל קרם לימון750מ,סנו,IL,ג'אוול ג'ל קרם,מיליליטרים,750.00,"100 מ""ל",false,0,10.90,1.45,true,1,
7290000289601,false,סנו ג'אוול לבנדר 2 ליטר,"סנו מפעלי ברונוס בע""מ",IL,סנו ג'אוול,ליטרים,2.00,ליטר,false,0,11.90,5.95,true,1,
7290000289748,false,"סנו פורטה שומנים 750 מ""ל","סנו מפעלי ברונוס בע""\מ",IL,סנו פורטה,מיליליטרים,750.00,"100 מ""ל",false,0,14.90,1.99,true,1,
7290000292687,false,סנובון כחול שלישיה55*3גר,סנו מפעלי ברונו בעמ,IL,סנובון כחול 3 יח,גרמים,165.00,100 גרם,false,0,15.90,9.64,true,1,
7290000292915,false,"סנו רסס ונגב מרסס 750מ""ל","סנו מפעלי ברונוס בע""\מ",IL,סנו רסס נגב מרסס,מיליליטרים,750.00,"100 מ""ל",false,0,14.90,1.99,true,1,
7290000292939,false,אקווה בלו למיכל אסלה100ג,סנו מפעלי ברונוס בעמ,IL,אקווה בלו לאסלה,גרמים,100.00,100 גרם,false,0,13.90,13.90,true,1,
7290000293073,false,מרכך כביסה מקסימה ביו4ל',סנו,IL,מרכך כביסה,ליטרים,4.00,ליטר,false,0,19.90,4.98,true,1,
7290000293561,false,"סנו מסיר עובש 750 מ""ל","סנו מפעלי ברונוס בע""\מ",IL,סנו מסיר עובש,מיליליטרים,750.00,"100 מ""ל",false,0,14.90,1.99,true,1,
7290000293837,false,דאו.ג'ל קרמה מן פאוור70מ,קוסמופארם,IL,דאו.ג'ל קרמה מן,מיליליטרים,70.00,"100 מ""ל",false,1,15.90,22.71,true,1,
7290000293943,false,סנו אנטי קאלק מרסס 1 ל',סנו מפעלי ברונוס בעמ,IL,סנו אנטי קאלק,ליטרים,1.00,ליטר,false,0,16.90,16.90,true,1,
7290000294391,false,סנו ג'ט לניקוי כללי 4ל,סנו מפעלי ברונוס בעמ,IL,סנו ג'ט,ליטרים,4.00,ליטר,false,0,17.90,4.48,true,1,
7290000294773,false,סנו ג'אוול לבנדר 4 ליטר,סנו,IL,סנו ג'אוול 4 ליט,ליטרים,4.00,ליטר,false,0,15.90,3.98,true,1,
7290000294780,false,סנו ג'אול אקונומ.סמיכה4ל,"סנו מפעלי ברונוס בע""מ",IL,סנו ג'אוול 4 ל,ליטרים,4.00,ליטר,false,0,15.90,3.98,true,1,
7290000295299,false,סנו סושי כרית יפנית 4 יח,סנו,IL,כרית יפנית,יחידה,1.00,יחידה,false,0,9.70,9.70,true,1,
7290000295336,false,אבקת מקסימה סנסטיב 1.25ק,סנו,IL,אבקת כביסה,קילוגרמים,1.25,"ק""ג",false,0,18.50,14.80,true,1,
7290000295404,false,סושי60שקיות אשפה כחולות,סנו,IL,שקיות אשפה,יחידה,1.00,יחידה,false,0,21.90,21.90,true,1,
7290000295503,false,סושי זוג שקיות אוכל150*2,סנו,IL,שקיות אוכל צמד,יחידה,1.00,יחידה,false,0,13.90,13.90,true,1,
7290000295541,false,סנו סושי 75רב מגבת ג'מבו,סנו,IL,סנו סושי רב מגבת,מטרים,21.00,מטר,false,0,16.90,0.80,true,1,
7290000295558,false,2רדידי אלומיניום0.3*7.5מ,סנו,CN,צמד רדידי אלומינ,מטרים,15.00,מטר,false,0,10.90,0.73,true,1,
7290000295572,false,"מנקה אסלות ""00"" 750*2מל",סנו מפעלי ברונוס בעמ,IL,צמד מנקה אסלות,ליטרים,1.50,ליטר,false,0,16.90,11.27,true,1,
7290000295824,false,סושי אלומ.חסכונ0.3 100*מ,סנו,IL,רדידי אלומיניום,מטרים,100.00,מטר,false,0,49.90,0.50,true,1,
7290000300900,false,שניצל תירס 750 גרם,טבעול,IL,שניצל תירס טבעול,גרמים,750.00,100 גרם,false,0,22.70,3.03,true,1,
7290000302027,false,טיים RED 10 יח',"דובק בע""מ",IL,טיים RED חבילה,יחידה,1.00,יחידה,false,0,264.90,264.90,false,1,
7290000302102,false,מונטנה פילטר 10 יח',"דובק בע""מ",IL,מונטנה פילטר,יחידה,1.00,יחידה,false,0,274.90,274.90,false,1,
7290000302805,false,גולף סופר סלימס 10 יח',"דובק בע""מ",,גולף סלימס,יחידה,1.00,יחידה,false,0,274.90,274.90,false,1,
7290000302874,false,גולף סלימס מנטול 10יח',"דובק בע""מ",,גולף 10 יח',יחידה,1.00,יחידה,false,0,274.90,274.90,false,1,
7290000303604,false,חומוס שלם 550 גרם,פרי גליל,IL,חומוס שלם,גרמים,550.00,100 גרם,false,0,6.20,1.13,true,1,
7290000304663,false,"סלט טונה פיקנטי""נון160""ג",סטארקיסט,IL,סלט טונה פיקנט,גרמים,160.00,100 גרם,false,0,6.90,4.31,true,1,
7290000307015,false,אפונת גינה גדולה 550 גר',פרי גליל,IL,אפונת גינה,גרמים,550.00,100 גרם,false,0,6.80,1.24,true,1,
7290000307046,false,אפונת גינה וגזר 550 גרם,פרי גליל,IL,אפונת גינה וגזר,גרמים,550.00,100 גרם,false,0,6.50,1.18,true,1,
7290000307220,false,גרעיני תירס ואקום 340 גר,פרי גליל,IL,גרעיני תירס,גרמים,340.00,100 גרם,false,0,6.20,1.82,true,1,
7290000307237,false,גרעיני תירס מתוק 550 גרם,פרי גליל,IL,גרעיני תירס,גרמים,550.00,100 גרם,false,0,5.90,1.07,true,1,
7290000307343,false,שעועית ירוקה חתוכה 550 ג,פרי גליל,IL,שעועית ירוקה,גרמים,550.00,100 גרם,false,0,6.90,1.25,true,1,
7290000311203,false,ופלים מן בטעם שוקולד200ג,רוקחמן,IL,ופלים טעם שוקולד,גרמים,200.00,100 גרם,false,0,4.40,2.20,true,1,
7290000311210,false,ופלים מן בטעם לימון 200ג,רוקחמן,IL,וופלים לימון,גרמים,200.00,100 גרם,false,0,4.40,2.20,true,1,
7290000311425,false,ופלים מצופים כחול 22*10ג,רוקחמן,IL,ופלים מצופים,גרמים,220.00,100 גרם,false,0,6.90,3.14,true,1,
7290000313160,false,עוגיות שוקולד זהבה 250גר,אסם,IL,עוגיות זהבה,גרמים,250.00,100 גרם,false,0,8.00,3.20,true,1,
7290000313184,false,עוג.גן חיות וניל 250 גרם,"הגביע מוצרי וופלים בע""\מ",IL,עוגיות גן חיות,גרמים,250.00,100 גרם,false,0,8.00,3.20,true,1,
7290000313283,false,נודלס אטריות ביצים 300גר,פסטה זארה,IT,אטריות נודלס,גרמים,300.00,100 גרם,false,0,10.90,3.63,true,1,
7290000313290,false,נודלס אטריות מסולסל200גר,טאי רזידנט,TH,אטריות נודלס,גרמים,200.00,100 גרם,false,0,10.90,5.45,true,1,
7290000318806,false,סלמי סרוולד אמיתי במשקל,מעדני יחיעם,IL,סלמי סרוולד.,קילוגרמים,0.00,"ק""ג",true,0,140.00,140.00,true,1,
7290000318929,false,סלמי צרפתי מובחר במשקל,מעדני יחיעם,IL,סלמי צרפתי מובחר,קילוגרמים,0.00,"ק""ג",true,0,139.00,139.00,true,1,
7290000319124,false,סלמי סרוולט 250 גרם,מעדני יחיעם,IL,סלמי סרוולט,גרמים,250.00,100 גרם,false,0,33.90,13.56,true,1,
7290000319520,false,סלמי צרפתי 100 גרם,מעדני יחיעם,IL,סלמי צרפתי,גרמים,100.00,100 גרם,false,0,19.90,19.90,true,1,
7290000319704,false,כתף בקר מעושן משקל,מעדני יחיעם,IL,כתף בקר מעושן,קילוגרמים,0.00,"ק""ג",true,0,109.00,109.00,true,1,
7290000327440,false,ג'אמפ מנגו פסיפלורה 1.5ל,טמפו משקאות בעמ,IL,ג'אמפ מנגו,ליטרים,1.50,ליטר,false,0,6.20,4.13,true,1,
7290000327532,false,פפסי קולה 1.5*6 ליטר,"טמפו משקאות בע""\מ",IL,פפסי קולה 6 יח,ליטרים,9.00,ליטר,false,0,24.90,2.77,true,1,
7290000327624,false,מי סודה טמפו 1.5 ליטר,"טמפו משקאות בע""מ",IL,מי סודה טמפו,ליטרים,1.50,ליטר,false,0,3.20,2.13,true,1,
7290000327631,false,גזוז ראש & טוניק 1.5ליטר,"טמפו משקאות בע""\מ",IL,גזוז ראש & טוניק,ליטרים,1.50,ליטר,false,1,8.90,5.93,true,1,
7290000327723,false,גזוז בטעם טוניק 1.5 ליטר,"טמפו משקאות בע""מ",IL,גזוז בטעם טוניק,ליטרים,1.50,ליטר,false,1,8.90,5.93,true,1,
7290000334684,false,טבעות בצל לתנור 700 גרם,"תעשיות תפוגן בע""\מ",IL,טבעות בצל לתנור,גרמים,700.00,100 גרם,false,0,17.90,2.56,true,1,
7290000336053,false,סיידר תרכיז טבעי בק330.מ,"טמפו משקאות בע""מ",IL,סיידר תרכיז טב,מיליליטרים,330.00,"100 מ""ל",false,0,12.70,3.85,true,1,
7290000339191,false,רן אבקת הלבנה 350 גרם,זוהר דליה,IL,רן אבקת הלבנה,גרמים,350.00,100 גרם,false,0,18.60,5.31,true,1,
7290000339566,false,מרכך כביסה בדין ורוד 4 ל,יוניליוור,IL,מרכך כביסה בדין,ליטרים,4.00,ליטר,false,0,19.90,4.98,true,1,
7290000341071,false,מרכך כביסה בדין בייבי 2ל,יוניליוור,IL,מרכך כביסה בייבי,ליטרים,2.00,ליטר,false,0,14.90,7.45,true,1,
7290000342856,false,מרכך כביסה בדין כחול 4 ל,יוניליוור,IL,מרכך כביסה בדין,ליטרים,4.00,ליטר,false,0,19.90,4.98,true,1,
7290000345208,false,תה ויסוצקי 25שק* 1 גרם,ויסוצקי,IL,תה ויסוצקי מעודן,גרמים,25.00,100 גרם,false,0,6.40,25.60,true,1,
7290000345260,false,תה ויסוצקי 25שק1.5*גרם,תה ויסוצקי,IL,תה ויסוצקי,גרמים,37.00,100 גרם,false,0,6.90,18.65,true,1,
7290000345277,false,תה ויסוצקי 50שק1.5* גרם,תה ויסוצקי,IL,תה ויסוצקי 50 שק,גרמים,75.00,100 גרם,false,0,12.90,17.20,true,1,
7290000345284,false,תה קלאסיק 100שק1.5*גרם,ויסוצקי,IL,תה ויסוצקי ירוק,גרמים,150.00,100 גרם,false,0,16.90,11.27,true,1,
7290000345291,false,תה ארל גריי 25שק1.5*גרם,ויסוצקי,IL,תה ארל גריי,גרמים,37.00,100 גרם,false,0,16.60,44.86,true,1,
7290000345307,false,תה ארל גריי 50 שק1.5*גרם,תה ויסוצקי,IL,תה ארל גריי 50שק,גרמים,75.00,100 גרם,false,0,29.90,39.87,true,1,
7290000345536,false,תה נענע 25 שק1.5* גרם,ויסוצקי,IL,תה נענע,גרמים,37.00,100 גרם,false,0,17.90,48.38,true,1,
7290000346021,false,חליטת קמומיל 50 שק* 1.5ג,בית ויסוצקי,IL,חליטת קמומיל,גרמים,75.00,100 גרם,false,0,35.90,47.87,true,1,
7290000346137,false,הילולי פירות הגן25שק2.5*,ויסוצקי,IL,חליטת פירות,גרמים,62.00,100 גרם,false,0,18.90,30.48,true,1,
7290000346168,false,חליטת שומר 25שק * 1.5גר,ויסוצקי,IL,חליטת שומר,גרמים,37.00,100 גרם,false,0,18.90,51.08,true,1,
7290000346199,false,תה פירות יער 25שק2.7*גר,ויסוצקי,IL,חליטת פירות היער,גרמים,67.00,100 גרם,false,0,18.90,28.21,true,1,
7290000346205,false,חל.קמומיל-גן קסום25ש1.5*,ויסוצקי,IL,חליטת קמומיל,גרמים,37.00,100 גרם,false,0,18.90,51.08,true,1,
7290000347738,false,תה ירוק עם נענע 1.5*25גר,ויסוצקי,IL,תה ירוק נענע,גרמים,37.00,100 גרם,false,0,24.90,67.30,true,1,
7290000363011,false,נקניק קוניאק מובחר משקל,טיב טירת צבי 2000,IL,נקניק קוניאק,קילוגרמים,0.00,"ק""ג",true,0,75.00,75.00,true,1,
7290000363189,false,סלמי סרוולד משקל,טיב טירת צבי 2000,IL,סלמי סרוולד,קילוגרמים,0.00,"ק""ג",true,0,148.00,148.00,true,1,
7290000363202,false,נקניק סלמי גליל 600 גרם,טיב טירת צבי 2000,IL,נקניק סלמי גליל,גרמים,600.00,100 גרם,false,0,34.60,5.77,true,1,
7290000363462,false,מעושן איטלקי משקל,טירת צבי,IL,מעושן איטלקי,קילוגרמים,0.00,"ק""ג",true,0,75.00,75.00,true,1,
7290000363486,false,נקניק תה במשקל,טירת צבי,IL,נקניק תה,קילוגרמים,0.00,"ק""ג",true,0,55.00,55.00,true,1,
7290000364261,false,סלסולי כתף בקר 120 גרם,טיב טירת צבי 2000,IL,דקניקים כתף בקר,גרמים,120.00,100 גרם,false,0,14.90,12.42,true,1,
7290000364278,false,סלסולי סלמי איטלקי 120גר,טיב טירת צבי 2000,IL,דקניקים סלמי דק,גרמים,120.00,100 גרם,false,0,14.90,12.42,true,1,
7290000364285,false,סלסולי פסטרמה הודו 120גר,טיב טירת צבי 2000,IL,דקניקים פסטרמה,גרמים,120.00,100 גרם,false,0,14.90,12.42,true,1,
7290000364292,false,סלסולי פסטרמה גחלים 120ג,טיב טירת צבי 2000,IL,דקמיקים פסטרמה,גרמים,120.00,100 גרם,false,0,14.90,12.42,true,1,
7290000364810,false,נקניקיות עגל 500 גרם,טיב טירת צבי 2000,IL,נקניקיות עגל,גרמים,500.00,100 גרם,false,0,26.90,5.38,true,1,
7290000364858,false,"נקניקיות עוף בואקום 1ק""ג",טיב טירת צבי 2000,IL,נקניקיות עוף,קילוגרמים,1.00,"ק""ג",false,0,29.90,29.90,true,1,
7290000364957,false,נקניקיות מיני מיני 700גר,טיב טירת צבי 2000,IL,נקניקיות מיני,גרמים,700.00,100 גרם,false,0,27.30,3.90,true,1,
7290000365046,false,כתף בקר מעושן במשקל,טירת צבי,IL,כתף בקר מעושן,קילוגרמים,0.00,"ק""ג",true,0,98.00,98.00,true,1,
7290000365077,false,חזה אווז מעושן משקל,טירת צבי,IL,חזה אווז מעושן,קילוגרמים,0.00,"ק""ג",true,0,189.00,189.00,true,1,
7290000365107,false,כתף מפולפל משקל,טירת צבי,IL,כתף מפולפל,קילוגרמים,0.00,"ק""ג",true,0,98.00,98.00,true,1,
7290000365398,false,חזה הודו בדבש במשקל,טירת צבי,IL,חזה הודו בדבש,קילוגרמים,0.00,"ק""ג",true,0,80.00,80.00,true,1,
7290000365749,false,פס.הודו מעושנת ד.שומן קג,טירת צבי,IL,פס.הודו מעושנת,קילוגרמים,0.00,"ק""ג",true,0,80.00,80.00,true,1,
7290000365909,false,"פסטרמה הודו מעושנת ק""ג",טירת צבי,IL,פסטרמה הודו מעוש,קילוגרמים,0.00,"ק""ג",true,0,80.00,80.00,true,1,
7290000365954,false,פסטרמה על גחלים משקל,טירת צבי,IL,פסטרמה על גחלי,קילוגרמים,0.00,"ק""ג",true,0,80.00,80.00,true,1,
7290000367590,false,פסטרמה כפרית+סלמי 400*2ג,טיב טירת צבי 2000,IL,צמד כפרי נקניקים,גרמים,800.00,100 גרם,false,0,34.90,4.36,true,1,
7290000377445,false,חטיפי נאש צ'אנס קלויים,גי אנד גי,IL,נאש צ'אנס,גרמים,200.00,100 גרם,false,0,11.90,5.95,true,1,
7290000379128,false,חלה פרוס.וארוז500.גרם231,מאפיית שלמה א. אנג'\ל בע,IL,חלה פרוסה וארוזה,גרמים,500.00,100 גרם,false,0,9.20,1.84,true,1,
7290000379142,false,לחם עינן פרוס וארוז 750ג,מאפיית שלמה א. אנג'\ל בע,IL,לחם עינן פרוס,גרמים,750.00,100 גרם,false,0,15.90,2.12,true,1,
7290000379203,false,לחם עינן קל 500 גרם,מאפיית שלמה א. אנג'\ל בע,IL,לחם עינן קל,גרמים,500.00,100 גרם,false,0,15.90,3.18,true,1,
7290000379258,false,חלת קונדיטוריה ארוזה500ג,מאפיית שלמה א. אנג'\ל בע,IL,חלת קונדיטוריה,גרמים,500.00,100 גרם,false,0,15.30,3.06,true,1,
7290000379357,false,חלה קלה פרוסה 500 גרם,מאפיית שלמה א. אנג'\ל בע,IL,חלה קלה פרוסה,גרמים,500.00,100 גרם,false,0,13.80,2.76,true,1,
7290000408316,false,יוגורט ביו 3% דנונה 200ג,"שטראוס בריאות בע""\מ",IL,יוגורט ביו 3%,גרמים,200.00,100 גרם,false,0,3.70,1.85,true,1,
7290000408354,false,דנונה בר פצפוצים 173 גרם,"שטראוס בריאות בע""\מ",IL,דנונה בר פצפוצים,גרמים,173.00,100 גרם,false,0,4.60,2.66,true,1,
7290000412139,false,ריצפז אורנים 3 ליטר,סנו,IL,ריצפז אורנים,ליטרים,3.00,ליטר,false,0,14.80,4.93,true,1,
7290000412481,false,"מנקה אסלות ""00"" 1 ליטר",סנו מפעלי ברונוס בעמ,IL,"מנקה אסלות 00""",ליטרים,1.00,ליטר,false,0,8.50,8.50,true,1,
7290000416021,false,ממרח בטעם שוקולד 500גר,השחר,IL,ממרח השחר,גרמים,500.00,100 גרם,false,0,12.90,2.58,true,1,
7290000416045,false,ממרח מובחר מריחה השחר1קג,השחר,IL,ממרח השחר,קילוגרמים,1.00,"ק""ג",false,0,21.90,21.90,true,1,
7290000419107,false,קפה שחור לנדוור 100 גרם,"קפה לנדוור בע""\מ",IL,קפה שחור לנדוור,גרמים,100.00,100 גרם,false,0,8.50,8.50,true,1,
7290000419893,false,קפה לנדור לבוקר טחון100ג,"קפה לנדוור בע""\מ",IL,קפה שחור לבוקר,גרמים,100.00,100 גרם,false,0,8.50,8.50,true,1,
7290000420325,false,גרע.תירס טבעי-מיקרו100*5,פרסטון פארמס,US,פופקורן למיקרו,גרמים,500.00,100 גרם,false,0,15.50,3.10,true,1,
7290000420332,false,פופקורן חמאה מיקרו100*5ג,פרסטון פארמס,US,פופקורן למיקרו,גרמים,500.00,100 גרם,false,0,15.50,3.10,true,1,
7290000420417,false,גלילונית עם שרוך 65*52סמ,אשפלסט,IL,גלילונית שרוך,יחידה,1.00,יחידה,false,0,21.50,21.50,true,1,
7290000432120,false,נרות חנוכה,,IL,נרות חנוכה,יחידה,1.00,יחידה,false,0,3.40,3.40,true,1,
7290000432489,false,נרות חנוכה,,IL,נרות חנוכה,יחידה,1.00,יחידה,false,0,5.90,5.90,true,1,
7290000432670,false,נרות שבת,,IL,נרות שבת,יחידה,1.00,יחידה,false,0,4.10,4.10,true,1,
7290000432694,false,נרות שבת,,IL,נרות שבת,יחידה,1.00,יחידה,false,0,4.50,4.50,true,1,
7290000433714,false,סבן אפ 1.5 ליטר,"טמפו משקאות בע""\מ",IL,סבן אפ,ליטרים,1.50,ליטר,false,0,5.50,3.67,true,1,
7290000433745,false,מירינדה 1.5 ליטר,"טמפו משקאות בע""מ",IL,מירינדה תפוזים,ליטרים,1.50,ליטר,false,0,5.50,3.67,true,1,
7290000433899,false,דיאט סבן אפ 1.5 ליטר,טמפו,IL,דיאט סבן אפ,ליטרים,1.50,ליטר,false,0,5.50,3.67,true,1,
7290000433974,false,פפסי מקס 1.5 ליטר,"טמפו משקאות בע""מ",IL,פפסי מקס,ליטרים,1.50,ליטר,false,0,6.00,4.00,true,1,
7290000442587,false,גינקו קרם רב שימושי 220מ,כצט,IL,קרם רב שימושי,מיליליטרים,250.00,"100 מ""ל",false,0,20.60,8.24,true,1,
7290000446547,false,חמאת בוטנים,,IL,חמאת בוטנים,גרמים,350.00,100 גרם,false,0,13.90,3.97,true,1,
7290000450209,false,טונה פוסידון בשמן 108גרם,פוסידון תעשיות,IL,טונה פוסידון,גרמים,108.00,100 גרם,false,0,6.00,5.56,true,1,
7290000453019,false,שמרית-שמרים לחים 50 גרם,פאקא,IL,שמרית-שמרים טרי,גרמים,50.00,100 גרם,false,0,4.20,8.40,true,1,
7290000453408,false,בצק פיצה דק מצונן 415 גר,---,FR,בצק פיצה מצונן,גרמים,415.00,100 גרם,false,1,16.90,4.07,true,1,
7290000461656,false,בייגל אחד אחד 400 גרם,בייגל את בייגל מזון 198),IL,בייגלה מקלות,גרמים,400.00,100 גרם,false,0,10.40,2.60,true,1,
7290000461700,false,בייגלה שמינ.גדול.מלוח400,בייגל את בייגל מזון 198),IL,בייגלה גדול,גרמים,400.00,100 גרם,false,0,13.90,3.48,true,1,
7290000461861,false,דג דג חטיף מלוח 400 גרם,בייגל את בייגל מזון 198),IL,דג דג חטיף מלוח,גרמים,400.00,100 גרם,false,0,13.50,3.38,true,1,
7290000462141,false,זחוק אדום חריף מאוד 150ג,זהבי הכרם,IL,זחוק אדום חריף,גרמים,150.00,100 גרם,false,0,8.50,5.67,true,1,
7290000463377,false,זיתים חרוזית 560 גרם,בית השיטה,IL,זיתים חרוזית,גרמים,560.00,100 גרם,false,0,9.50,1.70,true,1,
7290000466163,false,מלפ.גולן מלח 7-9 560 גרם,בית השיטה,IL,מלפפונים במלח,גרמים,560.00,100 גרם,false,0,6.30,1.13,true,1,
7290000466170,false,מלפ.גלעד 12-10מלח 560גרם,בית השיטה,IL,מלפפונים במלח,גרמים,560.00,100 גרם,false,0,7.00,1.25,true,1,
7290000466187,false,מלפפונים במלח 13-17 560ג,בית השיטה,IL,מלפפונים במלח,גרמים,560.00,100 גרם,false,0,10.00,1.79,true,1,
7290000467177,false,מלפפון 12-10 בחומץ 560גר,בית השיטה,IL,מלפפונים בחומץ,גרמים,560.00,100 גרם,false,0,7.00,1.25,true,1,
7290000467184,false,מלפפון חומץ קטן13-17 560,בית השיטה,IL,מלפפונים בחומץ,גרמים,560.00,100 גרם,false,0,10.00,1.79,true,1,
7290000467320,false,מלך חומוס אבו מרוואן400ג,סלטי צבר,IL,מלך החומוס צבר,גרמים,400.00,100 גרם,false,0,14.10,3.53,true,1,
7290000468006,false,כרוב כבוש בית השיטה 560ג,בית השיטה,IL,כרוב כבוש,גרמים,560.00,100 גרם,false,0,7.60,1.36,true,1,
7290000474090,false,חלב הומוגני 1% קרטון 1 ל,מילקו תעשיות בעמ,IL,חלב טרי טרה 1%,ליטרים,1.00,ליטר,false,0,5.59,5.59,true,1,
7290000474502,false,גבינה לבנה 5% טרה 250 גר,טרה,IL,גבינה לבנה 5%,גרמים,250.00,100 גרם,false,0,4.75,1.90,true,1,
7290000474540,false,גבי. טוב טעם 3% 250גרם,טרה,IL,גבינת טוב טעם3%,גרמים,250.00,100 גרם,false,0,10.90,4.36,true,1,
7290000480107,false,קוואקר ש.שועל פח 500גרם,עלית,GB,קוואקר שיבולת,גרמים,500.00,100 גרם,false,0,12.90,2.58,true,1,
7290000480442,false,קוואקר באריזת אלומינ500ג,עלית,IL,קוואקר,גרמים,500.00,100 גרם,false,0,12.80,2.56,true,1,
7290000481883,false,לחמניות אצבע 75*10 גרם,מאפ. דגנית עין-בר,IL,לחמניות אצבע10יח,גרמים,750.00,100 גרם,false,0,12.90,1.72,true,1,
7290000483139,false,מרציפן גולמי 100 גרם,המרשלג,IL,מרציפן,גרמים,100.00,100 גרם,false,0,9.80,9.80,true,1,
7290000490625,false,מאגדת בטעם שוקו 8יח',גלידות פלדמן,IL,מאגדת בטעם שוקו,יחידה,1.00,יחידה,false,1,19.80,19.80,true,1,
7290000493183,false,רוטב פטריות לבשר-אבקה30ג,"אסם השקעות בע""\מ",IL,רוטב פטריות,גרמים,30.00,100 גרם,false,0,4.00,13.33,true,1,
7290000497044,false,לחם ברמן אקטיב 750 גרם,"י.את.א.ברמן בע""\מ",IL,לחם ברמן אקטיב,גרמים,750.00,100 גרם,false,0,15.50,2.07,true,1,
7290000497228,false,לחמניות רגילות 75*6 גרם,"י.את.א.ברמן בע""\מ",IL,6 לחמניות בשקית,גרמים,450.00,100 גרם,false,0,10.90,2.42,true,1,
7290000497273,false,לחמניות אקטיב 75*6 גרם,"י.את.א.ברמן בע""\מ",IL,6 לחמניות אקטיב,גרמים,450.00,100 גרם,false,1,13.90,3.09,true,1,
7290000497303,false,לחמניות מקמח מלא 75*6 גר,"י.את.א.ברמן בע""\מ",IL,6לחמניות קמח מלא,גרמים,450.00,100 גרם,false,0,11.90,2.64,true,1,
7290000497426,false,לחם ברמן קל לענין 500גרם,"י.את.א.ברמן בע""\מ",IL,לחם ברמן קל,גרמים,500.00,100 גרם,false,0,13.90,2.78,true,1,
7290000497457,false,לחם דגנים 750 גרם,"י.את.א.ברמן בע""\מ",IL,לחם דגנים,גרמים,750.00,100 גרם,false,0,13.80,1.84,true,1,
7290000497488,false,חלה קלה 500 גרם,"י.את.א.ברמן בע""\מ",IL,חלה קלה,גרמים,500.00,100 גרם,false,0,13.90,2.78,true,1,
7290000497532,false,לחם ברמן לענין 750 גרם,"י.את.א.ברמן בע""\מ",IL,לחם ברמן לענין,גרמים,750.00,100 גרם,false,0,13.60,1.81,true,1,
7290000497570,false,לחם דגני קלות פרוס 500גר,"י.את.א.ברמן בע""\מ",IL,לחם דגני קלות,גרמים,500.00,100 גרם,false,0,13.90,2.78,true,1,
7290000498003,false,לחם E-FREE קמח חיטה750ג,מאפית ברמן,IL,לחם מקמח חיטה,גרמים,750.00,100 גרם,false,1,15.50,2.07,true,1,
7290000498010,false,לחם E-FREE קמח שיפון750ג,מאפית ברמן,IL,לחם שיפון,גרמים,750.00,100 גרם,false,1,15.50,2.07,true,1,
7290000498034,false,לחם E-FREEקמח כוסמי750ג,מאפית ברמן,IL,לחם מקמח כוסמין,גרמים,750.00,100 גרם,false,1,15.50,2.07,true,1,
7290000504049,false,סוכרזית 1200 טבליות,"ביסקול בע""מ",IL,סוכרזית טבליות,גרמים,98.00,100 גרם,false,0,19.90,20.31,true,1,
7290000504261,false,"כמו סוכר"" אבקה ממתיק75ג","ביסקול בע""מ",IL,כמו סוכר,גרמים,75.00,100 גרם,false,0,25.20,33.60,true,1,
7290000506111,false,חזרת פיאו 400 גרם,פיאו,IL,חזרת פיאו,גרמים,400.00,100 גרם,false,0,12.90,3.23,true,1,
7290000518176,false,מתוק וקל ענק 250 שקיות,למפדוס,IL,מתוק וקל ענק,גרמים,250.00,100 גרם,false,0,19.90,7.96,true,1,
7290000518220,false,סוכרה דיאט 100 שקיות,מתוק וקל,IL,סוכרה דיאט,גרמים,80.00,100 גרם,false,1,25.90,32.38,true,1,
7290000518251,false,מתוק וקל זהב 100 שקיות,למפדוס,IL,מתוק וקל זהב,יחידה,1.00,יחידה,false,0,12.90,12.90,true,1,
7290000521008,false,יין אדום יבש של סגל750מל,יינות סגל,IL,יין סגל אדום,מיליליטרים,750.00,"100 מ""ל",false,0,19.90,2.65,true,1,
7290000521015,false,"יין לבן יבש של סגל750מ""ל",יינות סגל,IL,יין לבן של סגל,מיליליטרים,750.00,"100 מ""ל",false,0,19.90,2.65,true,1,
7290000522142,false,חלב הרים טהור 3% 1 ליטר,"מחלבות רמה""ג",IL,חלב הרים טהור,ליטרים,1.00,ליטר,false,0,8.20,8.20,true,1,
7290000522159,false,חלב הרים טהור 1% 1 ליטר,"מחלבות רמה""ג",IL,חלב הרים טהור,ליטרים,1.00,ליטר,false,0,8.90,8.90,true,1,
7290000522166,false,חלב הרים נטול לקטוז3% 1ל,מחלבות רמת הגולן,IL,חלב הרים 1 ליטר,ליטרים,1.00,ליטר,false,0,10.90,10.90,true,1,
7290000522272,false,"שמנת לקפה 10% 500מ""ל",מחלבות רמת הגולן,IL,שמנת לקפה,מיליליטרים,500.00,"100 מ""ל",false,0,9.90,1.98,true,1,
7290000522418,false,רוטב אלפרדו שמנת15% 250מ,מחלבות רמת הגולן,IL,רוטב אלפרדו,מיליליטרים,250.00,"100 מ""ל",false,1,10.00,4.00,true,1,
7290000522487,false,"משקה סויה מועשר 1000 מ""ל",מחלבות רמת הגולן,IL,משקה סויה מועשר,ליטרים,0.00,ליטר,false,1,8.90,8.90,true,1,
7290000523118,false,"מלח ים יבש 1 ק""ג",תעשיות מלח לישראל,IL,מלח ים שולחני,קילוגרמים,1.00,"ק""ג",false,0,6.70,6.70,true,1,
7290000523125,false,מלח ים יבש 250 גרם,תעשיות מלח לישראל,IL,מלח ים יבש,גרמים,250.00,100 גרם,false,0,5.90,2.36,true,1,
7290000523224,false,מלח ים דק 500 גרם,תעשיות מלח לישראל,IL,מלח ים דק,גרמים,500.00,100 גרם,false,0,7.90,1.58,true,1,
7290000523521,false,מלח ים מועשר ביוד 250גרם,תעשיות מלח לישראל,IL,מלח ים מועשר,גרמים,250.00,100 גרם,false,0,5.90,2.36,true,1,
7290000523804,false,"מלח הארץ עדין צנצנת 1ק""ג",תעשיות מלח לישראל,,מלח הארץ עדין,קילוגרמים,1.00,"ק""ג",false,0,7.20,7.20,true,1,
7290000523811,false,"מלח הארץ גס צנצנת 1 ק""ג",תעשיות מלח לישראל,IL,מלח הארץ גס,קילוגרמים,1.00,"ק""ג",false,0,7.20,7.20,true,1,
7290000530048,false,סלמי פפרוני במשקל,זוגלובק,IL,סלמי פפרוני,גרמים,0.00,"ק""ג",true,0,59.00,59.00,true,1,
7290000530062,false,נקניק מעושן איטלקי במשקל,זוגלובק,IL,נקניק איטלקי,קילוגרמים,0.00,"ק""ג",true,0,80.00,80.00,true,1,
7290000530086,false,נקניק מעושן7000- 600 גרם,זוגלובק,IL,נקניק מעושן,גרמים,600.00,100 גרם,false,0,34.00,5.67,true,1,
7290000530109,false,קבנוס בואקום 180X2 גרם,זוגלובק,IL,זוג קבנוס בואקום,גרמים,360.00,100 גרם,false,0,24.90,6.92,true,1,
7290000530116,false,נקניק סלמי בשן 470 גרם,זוגלובק,IL,נקניק סלמי בשן,גרמים,470.00,100 גרם,false,0,24.90,5.30,true,1,
7290000530178,false,נקניק קוניאק במשקל,זוגלובק,IL,נקניק קוניאק,קילוגרמים,0.00,"ק""ג",true,0,85.00,85.00,true,1,
7290000530260,false,נקניק מרטדלה רחב במשקל,זוגלובק,IL,נקניק מרטדלה,קילוגרמים,0.00,"ק""ג",true,0,38.00,38.00,true,1,
7290000530468,false,"נקניקיות וינר 1 ק""ג",זוגלובק,IL,נקניקיות וינר,קילוגרמים,1.00,"ק""ג",false,0,32.00,32.00,true,1,
7290000530598,false,נקניקיות וינר 500 גרם,זוגלובק,IL,נקניקיות וינר,גרמים,500.00,100 גרם,false,0,15.80,3.16,true,1,
7290000531410,false,"פסטרמה בדבש טהור ק""ג",זוגלובק,IL,פסטרמה בדבש טהור,קילוגרמים,0.00,"ק""ג",true,0,85.00,85.00,true,1,
7290000531601,false,סטייק בורגר 400גר',זוגלובק,IL,סטייק בורגר 00,גרמים,400.00,100 גרם,false,0,21.90,5.48,true,1,
7290000533353,false,"בצק עלים 1 ק""ג",זוגלובק,IL,בצק עלים,גרמים,1000.00,100 גרם,false,0,15.90,1.59,true,1,
7290000534718,false,חזה הודו תבור דל שומן מש,זוגלובק,IL,חזה הודו תבור,קילוגרמים,0.00,"ק""ג",true,0,85.00,85.00,true,1,
7290000536743,false,קריספי סטיקס תירס 500גרם,זוגלובק,IL,קריספי סטיקסתירס,גרמים,500.00,100 גרם,false,0,17.90,3.58,true,1,
7290000537566,false,נקניקיות עוף 400 גרם,זוגלובק,IL,נקניקיות עוף,גרמים,400.00,100 גרם,false,0,12.90,3.23,true,1,
7290000537603,false,"נקניקיות עוף טריות 1 ק""ג",זוגלובק,IL,נקניקיות עוף,קילוגרמים,1.00,"ק""ג",false,0,29.20,29.20,true,1,
7290000540931,false,עוגיות האחים 400 גרם,האחים יצרני חטיפים,IL,עוגיות האחים,גרמים,400.00,100 גרם,false,1,11.90,2.98,true,1,
7290000552927,false,טחון עוף 500 גרם,"טיבון ויל אחזקות בע""\מ",IL,טחון עוף,גרמים,500.00,100 גרם,false,0,14.90,2.98,true,1,
7290000552989,false,בשר טחון מובחר 500 גרם,"טיבון ויל אחזקות בע""\מ",IL,בשר טחון מובחר,גרמים,500.00,100 גרם,false,0,29.50,5.90,true,1,
7290000554006,false,קשקבל 22% במשקל,מחלבות גד,IL,גבינת קשקבל,קילוגרמים,0.00,"ק""ג",true,0,129.00,129.00,true,1,
7290000554402,false,מלבי 160 גרם,מחלבות גד,IL,מלבי,גרמים,160.00,100 גרם,false,0,5.60,3.50,true,1,
7290000554457,false,גבינה צפתית5% שומן 350ג,מחלבות גד,IL,גבינה צפתית5%,גרמים,350.00,100 גרם,false,0,21.00,6.00,true,1,
7290000554471,false,גבינת מוצרלה 22% 180 גרם,"מחלבות גד בע""\מ",IL,גבינת מוצרלה 22%,גרמים,180.00,100 גרם,false,0,16.40,9.11,true,1,
7290000554532,false,גב.צפתית מעודנת5% 200גרם,מחלבות גד,IL,צפתית מעודנת 5%,גרמים,200.00,100 גרם,false,0,14.90,7.45,true,1,
7290000554600,false,גבי.מוצרלה מגורדת22% 300,מחלבות גד,IL,מוצרלה מגורדת,גרמים,300.00,100 גרם,false,0,24.90,8.30,true,1,
7290000554624,false,ירח מתוק מעד.חלב+אורז150,מחלבות גד,IL,מעדן חלב ואורז,גרמים,150.00,100 גרם,false,0,5.60,3.73,true,1,
7290000554686,false,לבנה בשמן זית+זעתר5% 250,מחלבות גד,IL,לאבנה בשמן זית5%,גרמים,250.00,100 גרם,false,0,15.00,6.00,true,1,
7290000554792,false,גבינה בולגרית 5%במשקל,מחלבות גד,IL,גבינה בולגרית 5%,קילוגרמים,0.00,"ק""ג",true,0,60.00,60.00,true,1,
7290000554815,false,מוצרלה נקניק 22% במשקל,מחלבות גד,IL,גבינת מוצרלה,גרמים,0.00,"ק""ג",true,0,83.00,83.00,true,1,
7290000554822,false,ריקוטה גד 5% שומן 250 גר,מחלבות גד,IL,גבינת ריקוטה 5%,גרמים,250.00,100 גרם,false,0,14.50,5.80,true,1,
7290000554839,false,גבינה מסקרפונה 40% 250 ג,מחלבות גד,IL,גבינה מסקרפונה,גרמים,250.00,100 גרם,false,0,21.60,8.64,true,1,
7290000554969,false,גב.שמנת 30%שומן במשקל,מחלבות גד,IL,גבינת שמנת 30%,קילוגרמים,0.00,"ק""ג",true,0,52.00,52.00,true,1,
7290000554983,false,גבינה לאבנה 5%,,IL,גבינה לאבנה 5%,קילוגרמים,0.00,"ק""ג",true,0,40.00,40.00,true,1,
7290000560533,false,"אדג' פרו ג'ל רגיל 200מ""ל",אנרג'ייזר,US,אדג' ג'ל לגילוח,מיליליטרים,200.00,"100 מ""ל",false,0,18.90,9.45,true,1,
7290000560540,false,אדג' פרו ג'ל רגיש 200 מל,אנרג'ייזר,US,אדג' ג'ל לגילוח,מיליליטרים,200.00,"100 מ""ל",false,0,18.90,9.45,true,1,
7290000571119,false,גבינה גאודה 30% משקל,תנובה,IL,גבינת גאודה,קילוגרמים,0.00,"ק""ג",true,0,108.00,108.00,true,1,
7290000571126,false,גאודה כמון,,IL,גאודה כמון,קילוגרמים,0.00,"ק""ג",true,0,108.00,108.00,true,1,
7290000571188,false,גב.גאודה תום עיזים משקל,תנובה,IL,גבינת עיזים,קילוגרמים,0.00,"ק""ג",true,0,144.00,144.00,true,1,
7290000571294,false,גאודה מעושנת,,IL,גאודה מעושנת,קילוגרמים,0.00,"ק""ג",true,0,108.00,108.00,true,1,
7290000571386,false,יוגורמה מחלב כבשים5% 850,תנובה,IL,יוגורמה 5%,גרמים,850.00,100 גרם,false,0,26.90,3.16,true,1,
7290000572628,false,"ח.חלווה לייט ללת""ס25*11ג","אחדות בע""מ א.ת. ברקן",IL,חטיף חלווה לייט,גרמים,275.00,100 גרם,false,0,11.90,4.33,true,1,
7290000574066,false,לחם מלא פלוס שיפון 750 ג,מאפ. דגנית עין-בר,IL,לחם מלא,גרמים,750.00,100 גרם,false,0,14.90,1.99,true,1,
7290000574110,false,לחם טבע קל,,IL,לחם טבע קל,גרמים,750.00,100 גרם,false,0,14.80,1.97,true,1,
7290000574141,false,לחם חיטה מלא 750 גרם,מאפ. דגנית עין-בר,IL,לחם חיטה מלא,גרמים,750.00,100 גרם,false,0,11.90,1.59,true,1,
7290000574172,false,לחם קל מחיטה מלאה 750גרם,מאפ. דגנית עין-בר,IL,לחם קל חיטה מלאה,גרמים,750.00,100 גרם,false,0,14.50,1.93,true,1,
7290000574257,false,לחם שחור קל פרוס 750 גרם,מאפ. דגנית עין-בר,IL,לחם שחור קל פר,גרמים,750.00,100 גרם,false,0,15.10,2.01,true,1,
7290000574370,false,לחם שיפון קל 750 גרם,מאפ. דגנית עין-בר,IL,לחם שיפון קל,גרמים,750.00,100 גרם,false,0,15.10,2.01,true,1,
7290000574455,false,לחם חיטה מלא +כוסמין750ג,דגנית עין בר,IL,לחם חיטה מלא,גרמים,750.00,100 גרם,false,1,13.90,1.85,true,1,
7290000612867,false,שווארמה נקבה טרי ארוז,עוף עוז,IL,שווארמה הודו טרי,קילוגרמים,0.00,"ק""ג",true,0,54.90,54.90,true,1,
7290000612904,false,חזה הודו טרי ארוז,עוף עוז,IL,חזה הודו טרי,קילוגרמים,0.00,"ק""ג",true,0,29.90,29.90,true,1,
7290000612911,false,שוק הודו מפורק טרי ארוז,עוף עוז,IL,שוק הודו מפורק,קילוגרמים,0.00,"ק""ג",true,0,44.90,44.90,true,1,
7290000612928,false,כנף הודו טרי ארוז,עוף עוז,IL,כנף הודו טרי,קילוגרמים,0.00,"ק""ג",true,0,17.90,17.90,true,1,
7290000642345,false,נתחי הודו טרי ארוז,תנובה,IL,נתחי הודו טרי,קילוגרמים,0.00,"ק""ג",true,0,27.90,27.90,true,1,
7290000644530,false,גרון הודו נ.טרי ארוז,תנובה,IL,גרון הודו טרי,קילוגרמים,0.00,"ק""ג",true,0,23.90,23.90,true,1,
7290000646091,false,חזה הודו נ.טרי ארוז,שונות,IL,חזה הודו טרי,קילוגרמים,0.00,"ק""ג",true,0,29.90,29.90,true,1,
7290000653006,false,שוקי עוף טרי ארוז דיל,תנובה,IL,שוקיים עוף טרי,קילוגרמים,0.00,"ק""ג",true,0,32.90,32.90,true,1,
7290000658926,false,פילה מרלוזה קפוא קג,תנובה,IL,פילה מרלוזה קפוא,קילוגרמים,0.00,"ק""ג",true,1,29.90,29.90,true,1,
7290000659312,false,פילה סלמון ממותג קפוא קג,תנובה,IL,פילה סלמון,קילוגרמים,0.00,"ק""ג",true,0,73.90,73.90,true,1,
7290000688084,false,מי עדן פקק ספורטאים500מל,מי עדן,IL,מי עדן פקק ספורט,מיליליטרים,500.00,"100 מ""ל",false,0,2.80,0.56,true,1,
7290000688114,false,מי-עדן מים מינרלים 1.5 ל,מי עדן,IL,מי עדן 1.5 ליטר,ליטרים,1.50,ליטר,false,0,5.00,3.33,true,1,
7290000688374,false,"מי עדן בייבי 250*6 מ""ל",מי עדן,IL,מי עדן בייבי 6יח,ליטרים,1.50,ליטר,false,0,15.00,10.00,true,1,
7290000688381,false,מים מינרליים מי עדן500*6,מי עדן,IL,מי עדן אישי 6 בק,ליטרים,3.00,ליטר,false,0,13.90,4.63,true,1,
7290000688503,false,מים מינרליים מי עדן750*6,מי עדן,IL,"מי עדן 6*750 מ""ל",ליטרים,4.50,ליטר,false,0,14.90,3.31,true,1,
7290000688732,false,מים מינרליים מי עדן1.5*6,מי עדן,IL,מי עדן 6 יח,ליטרים,9.00,ליטר,false,0,11.90,1.32,true,1,
7290000692227,false,פלמוליב לשטיפת כלים 1 ל',קולגייט-פלמוליב,GR,פלמוליב לכלים,ליטרים,1.00,ליטר,false,0,13.90,13.90,true,1,
7290000692302,false,אג'קס נוז.נ.כללי כחול 2ל,קולגייט פלמוליב,GR,אג'קס ניקוי כללי,ליטרים,2.00,ליטר,false,0,22.90,11.45,true,1,
7290000692456,false,אג'קס חלונות750*2מל,"ש. שסטוביץ בע""\מ",GR,אג'קס לחלונות,ליטרים,1.50,ליטר,false,0,24.90,16.60,true,1,
7290000692746,false,"משחת קולגייט 75 מ""ל",קולגייט-פלמוליב,BE,משחת שיניים,מיליליטרים,75.00,"100 מ""ל",false,0,10.50,14.00,true,1,
7290000692937,false,קולגייט משפחתי אדום100*2,קולגייט פלמוליב,PL,זוג משחות שיניים,מיליליטרים,200.00,"100 מ""ל",false,0,18.80,9.40,true,1,
7290000803180,false,שטיפה דנטלית מרידול 400מ,קולגייט פלמוליב,CH,שטיפה מרידול,מיליליטרים,400.00,"100 מ""ל",false,0,27.70,6.93,true,1,
7290000910321,true,נתח פילה דג סלמון קפוא ק,נטו,NO,נתח פילה סלמון,קילוגרמים,0.00,"ק""ג",true,1,84.90,84.90,true,1,
7290000913476,true,כרעייםעוף בגריל)עצמי( קג,שונות,IL,כרעייםעוף בגרי,קילוגרמים,0.00,"ק""ג",true,0,49.90,49.90,true,1,
7290000919133,true,עוף בגריל)עצמי( יח',שונות,IL,עוף בגריל,יחידה,1.00,יחידה,false,0,34.90,34.90,true,1,
7290000928265,true,פילה סלמון קפוא נורווגי,נטו,IL,פילה סלמון קפוא,קילוגרמים,0.00,"ק""ג",true,0,74.90,74.90,true,1,
7290000929354,true,שוקיים הודו בגריל,שונות,IL,שוקיים הודובגר,קילוגרמים,0.00,"ק""ג",true,0,34.60,34.60,true,1,
7290000929361,true,כנף הודו גריל קג,שונות,IL,כנף הודו גריל,קילוגרמים,0.00,"ק""ג",true,0,29.60,29.60,true,1,
7290000929996,true,כנף עוף גריל)עצמי( קג,שונות,IL,כנף עוףגריל קג,קילוגרמים,0.00,"ק""ג",true,0,29.60,29.60,true,1,
7290000935775,true,פילה אמנון קפוא )מקוצר(,שונות,IL,פילה אמנון קפוא,קילוגרמים,0.00,"ק""ג",true,0,29.90,29.90,true,1,
7290000940694,true,נבטי חמניות  יחידה,---,IL,נבטי חמניות יח,יחידה,1.00,יחידה,false,0,8.00,8.00,true,1,
7290000960548,true,מלפפון אורגני,,IL,מלפפון אורגני,קילוגרמים,0.00,"ק""ג",true,0,9.90,9.90,true,1,
7290000961484,true,נבטוטים  יחידה,---,IL,נבטוטים -יח',יחידה,1.00,יחידה,false,0,8.00,8.00,true,1,
7290000961491,true,נבטי ברוקולי יחידה,---,IL,נבטי ברוקולי יח,יחידה,1.00,יחידה,false,0,8.00,8.00,true,1,
7290000961552,true,פלפל כתום,קטיף.,IL,פלפל כתום,קילוגרמים,0.00,"ק""ג",true,0,9.90,9.90,true,1,
7290000961606,true,שורש גינגר,קטיף.,XX,שורש גינגר,קילוגרמים,0.00,"ק""ג",true,0,30.90,30.90,true,1,
7290000962474,true,חציל בלדי,קטיף.,IL,חציל בלדי,קילוגרמים,0.00,"ק""ג",true,0,7.90,7.90,true,1,
7290000962535,true,רוזמרין יחידה,קטיף.,IL,רוזמרין  יחידה,יחידה,1.00,יחידה,false,0,5.50,5.50,true,1,
7290000962559,true,קורנית  יחידה,---,IL,קורנית  יחידה,יחידה,1.00,יחידה,false,0,5.50,5.50,true,1,
7290000962573,true,אורגנו  יחידה,קטיף.,IL,אורגנו  יחידה,יחידה,1.00,יחידה,false,0,5.50,5.50,true,1,
7290000963082,true,תפוח עץ מוזהב 70,קטיף.,XX,"ת""ע מוזהב",קילוגרמים,0.00,"ק""ג",true,0,9.90,9.90,true,1,
7290000963136,true,תפוח עץ מוזהב 65,קטיף.,XX,תפוח עץ מוזהב,קילוגרמים,0.00,"ק""ג",true,0,9.90,9.90,true,1,
7290000963204,true,תפוח עץ יונתן 70,קטיף.,XX,תפוח עץ יונתן,קילוגרמים,0.00,"ק""ג",true,0,9.90,9.90,true,1,
7290000963280,true,תפוח עץ סטרקינג 70,קטיף.,XX,תפוח עץ סטרקינג,קילוגרמים,0.00,"ק""ג",true,0,9.90,9.90,true,1,
7290000963297,true,תפוח עץ סטרקינג 65,קטיף.,XX,תפוח סטרקינג,קילוגרמים,0.00,"ק""ג",true,0,9.90,9.90,true,1,
7290000963310,true,תפוח עץ קנזי,קטיף.,XX,"תפו""ע קנזי",קילוגרמים,0.00,"ק""ג",true,0,14.90,14.90,true,1,
7290000963341,true,אגס אסיאתי,קטיף.,CN,אגס אסיאתי,קילוגרמים,0.00,"ק""ג",true,0,13.90,13.90,true,1,
7290000963372,true,תפוח עץ פינקריספי 70,קטיף.,XX,תפוח עץ פינקריספ,קילוגרמים,0.00,"ק""ג",true,0,15.90,15.90,true,1,
7290000963419,true,תפוח עץ גאלה65,קטיף.,XX,תפוח עץ גאלה,קילוגרמים,0.00,"ק""ג",true,0,9.90,9.90,true,1,
7290000963426,true,תפוח עץ גאלה 70,קטיף.,XX,תפוח עץ גאלה,קילוגרמים,0.00,"ק""ג",true,0,9.90,9.90,true,1,
7290000963518,true,תפוח עץ סמיט 70,קטיף.,XX,תפוח עץ סמיט,קילוגרמים,0.00,"ק""ג",true,0,9.90,9.90,true,1,
7290000963563,true,תפוח עץ סמיט65,קטיף.,XX,תפוח עץ סמיט,קילוגרמים,0.00,"ק""ג",true,0,9.90,9.90,true,1,
7290000963754,true,אגס קונפרנס,קטיף.,ES,אגס קונפרנס,קילוגרמים,0.00,"ק""ג",true,0,14.90,14.90,true,1,
7290000964300,true,תפוז,קטיף.,IL,תפוז,קילוגרמים,0.00,"ק""ג",true,0,5.90,5.90,true,1,
7290000964348,true,תפוז ברשת למיץ,קטיף.,IL,תפוז ברשת למיץ,קילוגרמים,0.00,"ק""ג",true,0,5.90,5.90,true,1,
7290000964362,true,פומלה לבנה,קטיף.,IL,פומלה לבנה,קילוגרמים,0.00,"ק""ג",true,0,7.90,7.90,true,1,
7290000964379,true,אשכולית לבנה,קטיף.,IL,אשכולית לבנה,קילוגרמים,0.00,"ק""ג",true,0,6.90,6.90,true,1,
7290000964393,true,אשכולית אדומה,קטיף.,IL,אשכולית אדומה,קילוגרמים,0.00,"ק""ג",true,0,6.90,6.90,true,1,
7290000964423,true,פומלה אדומה,קטיף.,IL,פומלה אדומה,קילוגרמים,0.00,"ק""ג",true,0,7.90,7.90,true,1,
7290000964461,true,פומלית,קטיף.,IL,פומלית,קילוגרמים,0.00,"ק""ג",true,0,6.90,6.90,true,1,
7290000964492,true,לימון תפזורת,קטיף.,IL,לימון,קילוגרמים,0.00,"ק""ג",true,0,9.90,9.90,true,1,
7290000964560,true,קלמנטינה,קטיף.,IL,קלמנטינה,קילוגרמים,0.00,"ק""ג",true,0,5.90,5.90,true,1,
7290000964775,true,בננה,קטיף.,IL,בננה,קילוגרמים,0.00,"ק""ג",true,0,5.90,5.90,true,1,
7290000964829,true,אגס ספדונה 55,קטיף.,IL,אגס ספדונה,קילוגרמים,0.00,"ק""ג",true,0,10.90,10.90,true,1,
7290000964836,true,אגס ספדונה גודל 60,קטיף.,IL,אגס ספדונה,קילוגרמים,0.00,"ק""ג",true,0,10.90,10.90,true,1,
7290000964980,true,אבוקדו,קטיף.,IL,אבוקדו,קילוגרמים,0.00,"ק""ג",true,0,13.90,13.90,true,1,
7290000965055,true,מלון מובחר,קטיף.,IL,מלון מובחר,קילוגרמים,0.00,"ק""ג",true,0,6.90,6.90,true,1,
7290000966328,true,אפרסמון סיני65,קטיף.,IL,אפרסמון סיני,קילוגרמים,0.00,"ק""ג",true,0,11.90,11.90,true,1,
7290000966564,true,רימון,קטיף.,IL,רימון,קילוגרמים,0.00,"ק""ג",true,0,7.90,7.90,true,1,
7290000966588,true,חבוש גדול,קטיף.,IL,חבושים גדול,קילוגרמים,0.00,"ק""ג",true,0,11.90,11.90,true,1,
7290000966656,true,קיווי מובחר שקיל,קטיף.,IL,קיווי,קילוגרמים,0.00,"ק""ג",true,0,15.90,15.90,true,1,
7290000966663,true,קיווי שקיל,קטיף.,IL,קיווי,קילוגרמים,0.00,"ק""ג",true,0,15.90,15.90,true,1,
7290000966670,true,אנונה,קטיף.,IL,אנונה,קילוגרמים,0.00,"ק""ג",true,0,19.90,19.90,true,1,
7290000967936,true,נבטי צנונית יחידה,קטיף.,IL,נבטי צנונית יח,יחידה,1.00,יחידה,false,0,8.00,8.00,true,1,
7290000979700,true,חסה לבבות יחידה,קטיף.,IL,חסה לבבות,יחידה,1.00,יחידה,false,0,8.90,8.90,true,1,
7290000982939,true,לוף פרסה-יחידה,קטיף.,IL,לוף פרסה-יחידה,יחידה,1.00,יחידה,false,0,8.90,8.90,true,1,
7290000984629,true,אבטיח אישי במיכלים,קטיף.,IL,אבטיח אישי,קילוגרמים,0.00,"ק""ג",true,0,9.90,9.90,true,1,
7290000986906,true,חסה עגולה ארוזה,קטיף.,IL,חסה עגולה,יחידה,1.00,יחידה,false,0,6.90,6.90,true,1,
7290000992228,true,מצוננים חיסול מלאי,פרסקו,IL,מצוננים חיסול מלאי,יחידה,1.00,יחידה,false,0,5.90,5.90,true,1,
7290000992839,true,מלון גולדן סוויט-צהוב,קטיף.,IL,מלון גולדן סוויט,קילוגרמים,0.00,"ק""ג",true,0,6.90,6.90,true,1,
7290000993362,true,שום ישראלי יחידה,---,IL,שום ישראלי,יחידה,1.00,יחידה,false,0,7.90,7.90,true,1,
7290000993461,true,עגבניה שרי צהוב יחידה,קטיף.,IL,עגבניה שרי צהובה,יחידה,1.00,יחידה,false,0,9.90,9.90,true,1,
7290000993560,true,עגבניה שרי שוקו יחידה,קטיף.,IL,שרי שוקו  יח,יחידה,1.00,יחידה,false,0,9.90,9.90,true,1,
7290000995441,true,קייל  יחידה,קטיף.,IL,קייל - יחידה,יחידה,1.00,יחידה,false,0,12.00,12.00,true,1,
7290001006337,false,חזה הודו בדבש שופרסל קג,עוף טוב,IL,חזה הודו בדבש,קילוגרמים,0.00,"ק""ג",true,1,75.00,75.00,true,1,
7290001006344,false,חזה הודו ברביקיו שופרסל,עוף טוב,IL,חזה הודו ברביקיו,קילוגרמים,0.00,"ק""ג",true,1,75.00,75.00,true,1,
7290001006368,false,פסטרמה איטלקית שופרסל קג,עוף טוב,IL,פסטרמה איטלקית,קילוגרמים,0.00,"ק""ג",true,1,75.00,75.00,true,1,
7290001006375,false,פסטרמה מקסיקני שופרסל קג,עוף טוב,IL,פסטרמה מקסיקני,קילוגרמים,0.00,"ק""ג",true,1,75.00,75.00,true,1,
7290001006467,false,שוקיים בתיבול צ'ילי טרי,עוף טוב,IL,שוקיים בתיבול,קילוגרמים,0.00,"ק""ג",true,1,42.90,42.90,true,1,
7290001006474,false,כרעיים בתיבול סילאן טרי,עוף טוב,IL,כרעיים בתיבול,קילוגרמים,0.00,"ק""ג",true,1,39.90,39.90,true,1,
7290001045220,false,מיץ תפוזים סחוט 2 ליטר,גניר,IL,מיץ תפוזים סחוט,ליטרים,2.00,ליטר,false,0,24.90,12.45,true,1,
7290001045237,false,משקה לימון עם נענע 2ליטר,גניר,IL,משקה לימון נענע,ליטרים,2.00,ליטר,false,0,24.90,12.45,true,1,
7290001121054,false,צמד חמד 700 גרם,מעדני יחיעם,IL,צמד חמד,גרמים,700.00,100 גרם,false,0,26.90,3.84,true,1,
7290001136294,false,שמפו נקה 7 יבש/צבוע750מל,קוסמופארם,IL,שמפו נקה 7,מיליליטרים,750.00,"100 מ""ל",false,0,10.90,1.45,true,1,
7290001136362,false,תחליב רחצה נקה7 ירוק 1 ל,אמיליה קוסמטיקס,IL,תחליב רחצה נקה 7,ליטרים,1.00,ליטר,false,0,12.90,12.90,true,1,
7290001136973,false,תחליב רחצה נקה 7 לבן 1 ל,אמיליה קוסמטיקס,IL,תחליב רחצה נקה 7,ליטרים,1.00,ליטר,false,0,12.90,12.90,true,1,
7290001158579,false,עוף טחון,שונות,IL,עוף טחון,קילוגרמים,0.00,"ק""ג",true,0,31.90,31.90,true,1,
7290001158586,false,הודו טחון אדום,שונות,IL,הודו טחון אדום,קילוגרמים,0.00,"ק""ג",true,0,44.90,44.90,true,1,
7290001158722,false,חזה עוף טרי תפזורת עצמי,שונות,IL,חזה עוף טרי,קילוגרמים,0.00,"ק""ג",true,0,31.90,31.90,true,1,
7290001216040,false,טחינה גולמית אל ארז 500ג,אגס ירוק מסחר ושירותים,IL,טחינה גולמית,גרמים,500.00,100 גרם,false,0,15.00,3.00,true,1,
7290001216231,false,טחינה מלאה 500 גרם,אגס ירוק מסחר ושירותים,IL,טחינה מלאה,גרמים,500.00,100 גרם,false,0,16.90,3.38,true,1,
7290001230331,false,כאמל בוקס חפיסה,jti,CH,כאמל בוקס יח',יחידה,1.00,יחידה,false,0,31.50,31.50,false,1,
7290001230739,false,כאמל כחול חפיסה חפיסה,jti,CH,כאמל כחול יח',יחידה,1.00,יחידה,false,0,31.50,31.50,false,1,
7290001234133,false,כאמל כתום חפיסה,jti,CH,כאמל כתום,יחידה,1.00,יחידה,false,0,31.50,31.50,false,1,
7290001247020,false,קריסטל אורנג' 2 ליטר,"יפאורה תבורי בע""\מ",IL,קריסטל אורנג',ליטרים,2.00,ליטר,false,0,4.00,2.00,true,1,
7290001247037,false,גזוז בטעם מנטה קריסטל 2ל,"יפאורה תבורי בע""\מ",IL,גזוז בטעם מנטה,ליטרים,2.00,ליטר,false,0,4.00,2.00,true,1,
7290001247044,false,קריסטל תות מוגז 2 ליטר,"יפאורה תבורי בע""\מ",IL,קריסטל מוגז תות,ליטרים,2.00,ליטר,false,0,4.00,2.00,true,1,
7290001247068,false,נקטר ספרינג תות-בננה 1ל',"יפאורה תבורי בע""\מ",IL,נקטר תות בננה,ליטרים,1.00,ליטר,false,0,5.50,5.50,true,1,
7290001247082,false,נקטר עגבניות ספרינג 1 ל',"יפאורה תבורי בע""\מ",IL,נקטר עגבניות,ליטרים,1.00,ליטר,false,0,5.50,5.50,true,1,
7290001247099,false,נקטר ספרינג מנגו 1 ליטר,"יפאורה תבורי בע""\מ",IL,נקטר ספרינג מנגו,ליטרים,1.00,ליטר,false,0,5.50,5.50,true,1,
7290001247112,false,נקטר ספרינג לימונענע 1ל',"יפאורה תבורי בע""\מ",IL,משקה לימונענע,ליטרים,1.00,ליטר,false,0,5.50,5.50,true,1,
7290001247129,false,נקטר ספרינג תפוזים 1ליטר,"יפאורה תבורי בע""\מ",IL,נקטר ספרינג תפוז,ליטרים,1.00,ליטר,false,0,5.50,5.50,true,1,
7290001247143,false,נקטר ספרינג תפוחים 1ליטר,"יפאורה תבורי בע""\מ",IL,נקטר ספרינג תפוח,ליטרים,1.00,ליטר,false,0,5.50,5.50,true,1,
7290001247952,false,"תפוזינה משק""ל ענבים1.5ל","יפאורה תבורי בע""\מ",IL,תפוזינה ענבים,ליטרים,1.50,ליטר,false,0,6.20,4.13,true,1,
7290001258019,false,קממבר עיזים בייבי במשקל,גבינות משק יעקבס,IL,קממבר עיזים,קילוגרמים,0.00,"ק""ג",true,1,125.00,125.00,true,1,
7290001258101,false,גאודה 28% במשקל,גבינות משק יעקבס,IL,גאודה בטעמים,קילוגרמים,0.00,"ק""ג",true,0,89.00,89.00,true,1,
7290001258200,false,גבינת שמנת 30% במשקל,גבינות משק יעקבס,IL,גבינת שמנת,קילוגרמים,0.00,"ק""ג",true,0,45.00,45.00,true,1,
7290001258217,false,לאבנה עיזים 5% משקל,גבינות משק יעקבס,IL,לאבנה עיזים 5%,קילוגרמים,0.00,"ק""ג",true,0,59.00,59.00,true,1,
7290001258385,false,מוצרלה במים 20% במשקל,גבינות משק יעקבס,IL,מוצרלה במים 20%,קילוגרמים,0.00,"ק""ג",true,0,89.00,89.00,true,1,
7290001258446,false,"יוגורט כבשים 5% 850 מ""ל",משק יעקבס,IL,יוגורט כבשים5%,מיליליטרים,850.00,"100 מ""ל",false,0,19.70,2.32,true,1,
7290001258668,false,גבינת עז מה 250 גרם,משק יעקבס,IL,גבינת עז מה,גרמים,250.00,100 גרם,false,0,15.80,6.32,true,1,
7290001258811,false,מוצרלה בייבי במשקל,גבינות משק יעקבס,IL,מוצרלה בייבי,קילוגרמים,0.00,"ק""ג",true,1,89.00,89.00,true,1,
7290001258989,false,קממבר בקר בייבי במשקל,גבינות משק יעקבס,IL,קממבר בקר בייבי,קילוגרמים,0.00,"ק""ג",true,1,100.00,100.00,true,1,
7290001274422,false,מאגדת מצופה בטעם בננה 8,גלידות פלדמן,IL,מאגדת בליסימו,יחידה,1.00,יחידה,false,0,19.80,19.80,true,1,
7290001274934,false,גלידל פרי לימון דייט,גלידות פלדמן,IL,גלידל פרי לימון,גרמים,640.00,100 גרם,false,0,26.90,4.20,true,1,
7290001274941,false,גלידל פרי דיאטטי פטל,גלידות פלדמן,IL,גלידל פרי פטל,גרמים,640.00,100 גרם,false,0,26.90,4.20,true,1,
7290001303023,false,קוקטייל עוף טרי ארוז דיל,עוף עוז,IL,קוקטייל עוף טרי,קילוגרמים,0.00,"ק""ג",true,1,27.90,27.90,true,1,
7290001305058,false,סב.נוז.פלמול.חלב דבש500מ,קולגייט פלמוליב,TR,סב.נוזלי פלמוליב,מיליליטרים,500.00,"100 מ""ל",false,0,18.90,3.78,true,1,
7290001312995,false,בגט 280 גרם,גידרון,IL,באגט,יחידה,1.00,יחידה,false,0,4.50,4.50,true,1,
7290001327180,false,קרמיסימו וניל צ'יפ 1.33ל,שטראוס,IL,גלידה קרמיסימו,ליטרים,1.33,ליטר,false,0,18.90,14.21,true,1,
7290001327227,false,קרמיסימו ריבת חלב 1.33ל',שטראוס,IL,גלידה קרמיסימו,ליטרים,1.33,ליטר,false,0,18.90,14.21,true,1,
7290001327357,false,גל.קרמיסימו וניל 1.33ל',שטראוס,IL,גלידה קרמיסימו,ליטרים,1.33,ליטר,false,0,18.90,14.21,true,1,
7290001327838,false,מאגדת מיני מגנום קלאסיק,שטראוס,IL,מאגדת מיני מגנום,גרמים,250.00,100 גרם,false,0,26.90,10.76,true,1,
7290001407547,false,טחינה פי 6 שומש.מלא 500ג,"רושדי תעשיות מזון בע""\מ",IL,טחינה שומשום מלא,גרמים,500.00,100 גרם,false,1,17.90,3.58,true,1,
7290001407752,false,טחינה עם פטרוזיליה 500גר,"רושדי תעשיות מזון בע""\מ",IL,טחינה גולמית,גרמים,500.00,100 גרם,false,0,17.10,3.42,true,1,
7290001407769,false,טחינה שומש.מלא בארכה500ג,"רושדי תעשיות מזון בע""\מ",IL,טחינה שומשום,גרמים,500.00,100 גרם,false,0,17.80,3.56,true,1,
7290001407844,false,חלבה וניל בארכה 350 גרם,"רושדי תעשיות מזון בע""\מ",IL,חלבה וניל,גרמים,350.00,100 גרם,false,0,17.10,4.89,true,1,
7290001407936,false,טחינה מעודנת בארכה310גרם,"רושדי תעשיות מזון בע""\מ",IL,טחינה מעודנת,גרמים,310.00,100 גרם,false,1,12.90,4.16,true,1,
7290001455234,false,פילה אמנון קפוא קג,,IL,פילה אמנון קפןא,קילוגרמים,0.00,"ק""ג",true,1,32.90,32.90,true,1,
7290001476208,false,ברי פקאן,,IL,ברי פקאן,קילוגרמים,0.00,"ק""ג",true,0,132.00,132.00,true,1,
7290001482933,false,גב.גאודה מהולנד30% משקל,---,DE,גבינה גאודה,קילוגרמים,0.00,"ק""ג",true,0,84.00,84.00,true,1,
7290001491096,false,תה ירוק לימונ+לואיזה50שק,ויסוצקי,IL,תה ירוק לימונית,גרמים,75.00,100 גרם,false,0,44.90,59.87,true,1,
7290001507162,false,אובלטים שומשום אורגני100,אם החיטה,IL,אובלטים שומשום,גרמים,100.00,100 גרם,false,0,7.50,7.50,true,1,
7290001507179,false,אובלטים קימל,,IL,אובלטים קימל,גרמים,100.00,100 גרם,false,0,7.50,7.50,true,1,
7290001509470,false,שניצל דק טרי ארוז דיל,מילועוף,IL,שניצל דק טרי,קילוגרמים,0.00,"ק""ג",true,1,39.90,39.90,true,1,
7290001567814,false,סלמי מעושן איטלקי 300גרם,מעדני יחיעם,IL,סלמי מעושן איטלק,גרמים,300.00,100 גרם,false,1,25.90,8.63,true,1,
7290001594377,false,"פריגת תפוזים 500 מ""ל",מבשלות בירה בינלאומיות ב,IL,פריגת תפוזים,מיליליטרים,500.00,"100 מ""ל",false,0,6.40,1.28,true,1,
7290001594384,false,"פריגת אשכוליות 500 מ""ל",---,IL,פריגת אשכוליות,מיליליטרים,500.00,"100 מ""ל",false,0,6.40,1.28,true,1,
7290001594391,false,"פריגת ענבים 500 מ""ל",מבשלות בירה בינלאומיות ב,IL,פריגת ענבים,מיליליטרים,500.00,"100 מ""ל",false,0,6.40,1.28,true,1,
7290001594568,false,"בירה קרלסברג בפחית500מ""ל",מבשלות בירה בינלאומיות ב,IL,בירה קרלסברג פח,מיליליטרים,500.00,"100 מ""ל",false,0,9.20,1.84,true,1,
7290001594575,false,"בירה טובורג פחית 500 מ""ל",מבשלות בירה בינלאומיות ב,IL,בירה טובורג פחית,מיליליטרים,500.00,"100 מ""ל",false,0,9.20,1.84,true,1,
7290001594858,false,בירה טובורג רד בק330*6מל,מבשלות בירה בינלאומיות ב,IL,טובורג רד 6 יח,ליטרים,1.98,ליטר,false,0,39.90,20.15,true,1,
7290001648643,false,קפה טורקי כתר 3 יח100X'ג,רוני רג'ואן ושות,IL,מארז טורקי כתר,גרמים,300.00,100 גרם,false,0,13.80,4.60,true,1,
7290001670194,false,עוגיות מרוקאיות 400 גרם,הנמל,IL,עוגיות מרוקאיות,גרמים,400.00,100 גרם,false,0,14.90,3.73,true,1,
7290001696415,false,"בורקס יווני תפו""א פטריות",גידרון,IL,בורקס יווני,קילוגרמים,0.00,"ק""ג",true,1,39.00,39.00,true,1,
7290001696422,false,בורקס יווני גבינה תרד לק,גידרון,IL,בורקס יווני,קילוגרמים,0.00,"ק""ג",true,1,39.00,39.00,true,1,
7290001710869,false,"שניצל עוף קפוא לק""ג",מעדני הטלה,IL,שניצל עוף קפוא,קילוגרמים,0.00,"ק""ג",true,1,44.90,44.90,true,1,
7290001713150,false,אקונומיקה קצף ניקוי 1 לי,קומפלקס כימיקלים,IL,קצף ניקוי,ליטרים,1.00,ליטר,false,1,11.90,11.90,true,1,
7290001713853,false,אקונומיקה מבושמת 4 ליטר,קומפלקס כימיקלים,IL,אקונומיקה מבושמת,ליטרים,4.00,ליטר,false,0,9.90,2.48,true,1,
7290001791349,false,פיסגה אקונומיקה ריחנית4ל,"סנו מפעלי ברונוס בע""מ",IL,אקונומיקה פיסגה,ליטרים,4.00,ליטר,false,0,9.90,2.48,true,1,
7290001791363,false,סנופרש אוטומטי וניל 250מ,סנו מפעלי ברונוס בעמ,IL,סנופרש אוטומטי,מיליליטרים,250.00,"100 מ""ל",false,0,15.90,6.36,true,1,
7290001808214,false,שניצל הודו דקדק ארוז טרי,קורניש,IL,שניצל הודו טרי,קילוגרמים,0.00,"ק""ג",true,1,39.90,39.90,true,1,
7290001813881,false,פתי בר בטעם חמאה 500 גרם,עלית,IL,פתי בר עלית,גרמים,500.00,100 גרם,false,0,9.90,1.98,true,1,
7290001814147,false,ממרח בטעם שוקולד פרה500ג,עלית,IL,ממרח בטעם שוקולד,גרמים,500.00,100 גרם,false,0,9.90,1.98,true,1,
7290001814222,false,שוקולד חלב עם עדשים 100ג,עלית,IL,שוקולד עדשים,גרמים,100.00,100 גרם,false,0,5.50,5.50,true,1,
7290001817063,false,טופי מזל וברכות 850 גרם,עלית,IL,טופי מזל וברכות,גרמים,850.00,100 גרם,false,0,15.50,1.82,true,1,
7290001817377,false,ציטוס איקס עיגול פיצה60ג,"שטראוס פריטו ליי בע""\מ )",IL,צ'יטוס איקס,גרמים,60.00,100 גרם,false,0,3.50,5.83,true,1,
7290001817728,false,צ'יטוס כאפה 55 גרם,"שטראוס פריטו ליי בע""\מ )",IL,צ'יטוס כפאה,גרמים,55.00,100 גרם,false,0,3.50,6.36,true,1,
7290001865439,false,סבון פמלי לבן +משאבה 1ל',אינטרקוסמא,IL,סבון נוזלי פמלי,ליטרים,1.00,ליטר,false,0,14.20,14.20,true,1,
7290001865453,false,סבון פמלי סגול+משאבה 1ל',אינטרקוסמא,IL,סבון נוזלי פמלי,ליטרים,1.00,ליטר,false,0,14.20,14.20,true,1,
7290001875315,false,שניצל דק טרי פרימיום קג,עוף עוז,IL,שניצל דק פרימיום,קילוגרמים,0.00,"ק""ג",true,1,44.90,44.90,true,1,
7290001875322,false,פילה עוף טרי פרימיום קג,עוף עוז,IL,פילה פרמיום טרי,קילוגרמים,0.00,"ק""ג",true,1,39.90,39.90,true,1,
7290001875339,false,כנפיים עוף טרי פרימיום ק,עוף עוז,IL,כנפיים -פרמיום ט,קילוגרמים,0.00,"ק""ג",true,1,14.90,14.90,true,1,
7290001875353,false,שוקיים עוף טרי פרימיום ק,עוף עוז,IL,שוקיים פרמיום טר,קילוגרמים,0.00,"ק""ג",true,1,37.90,37.90,true,1,
7290001875377,false,פרגיות עוף טרי פרימיום ק,עוף עוז,IL,פרגיות פרימיום,קילוגרמים,0.00,"ק""ג",true,1,64.90,64.90,true,1,
7290001902134,false,לחם איטלקי 290 גרם,גידרון,IL,לחם איטלקי,יחידה,1.00,יחידה,false,0,6.50,6.50,true,1,
7290001902301,false,חלה מתוקה קלועה 450 גרם,גידרון,IL,חלה מתוקה קלוע,יחידה,1.00,יחידה,false,0,11.90,11.90,true,1,
7290001902318,false,חלה מתוקה קלוע+צימוקקפוא,גידרון,IL,חלה מתוקה קלוע,יחידה,1.00,יחידה,false,0,11.90,11.90,true,1,
7290001902325,false,"חלת ""גדרון""",גידרון,IL,"חלת ""גדרון""",יחידה,1.00,יחידה,false,0,11.90,11.90,true,1,
7290001902677,false,לחמניה מקמח מלא,גידרון,IL,לחמניה מקמח מלא,יחידה,1.00,יחידה,false,0,3.00,3.00,true,1,
7290001902776,false,לחמנית עם דגנים קפוא,גידרון,IL,לחמנית עם דגנים,יחידה,1.00,יחידה,false,0,4.70,4.70,true,1,
7290001902783,false,לחמנית המבורגר,גידרון,IL,לחמנית המבורגר,יחידה,1.00,יחידה,false,0,3.00,3.00,true,1,
7290001985311,false,מאגדת מיני מגנום לבן+שקד,שטראוס,IL,מאגדת מיני מגנום,גרמים,250.00,100 גרם,false,0,26.90,10.76,true,1,
7290001989388,false,מעדן מטיאס הולנדי משקל,סלטי שמיר,IL,מעדן מטיאס,קילוגרמים,0.00,"ק""ג",true,0,59.00,59.00,true,1,
7290001989395,false,הרינג כבוש במשקל,סלטי שמיר,IL,הרינג כבוש,קילוגרמים,0.00,"ק""ג",true,0,50.00,50.00,true,1,
7290001990148,false,"סוכר גולדן קלאסי 1 ק""ג","סוגת תעשיות בע""מ",IL,סוכר גולדן,קילוגרמים,1.00,"ק""ג",false,0,11.00,11.00,true,1,
7290001990261,false,"חומוס 1 ק""ג","סוגת תעשיות בע""מ",IL,חומוס,קילוגרמים,1.00,"ק""ג",false,0,14.90,14.90,true,1,
7290001990278,false,"שעועית לבנה 1 ק""ג","סוגת תעשיות בע""מ",IL,שעועית לבנה,קילוגרמים,1.00,"ק""ג",false,0,17.90,17.90,true,1,
7290001990407,false,"עדשים ירוקות 1 ק""ג","סוגת תעשיות בע""מ",IL,עדשים ירוקות,קילוגרמים,1.00,"ק""ג",false,0,11.90,11.90,true,1,
7290001990414,false,"עדשים אדומות 1 ק""ג","סוגת תעשיות בע""מ",IL,עדשים אדומות,קילוגרמים,1.00,"ק""ג",false,0,12.00,12.00,true,1,
7290001990421,false,"גרעיני תירס 1 ק""ג","סוגת תעשיות בע""מ",IL,"פופקורן 1 ק""ג",קילוגרמים,1.00,"ק""ג",false,0,9.80,9.80,true,1,
7290002000136,false,שעוות הדבש משי מיקרו500ג,ש.שוורץ,IL,שעוות מגע משי,גרמים,500.00,100 גרם,false,0,19.90,3.98,true,1,
7290002007234,false,אבקת סוכר 100 גרם,הנמל,IL,אבקת סוכר,גרמים,100.00,100 גרם,false,0,1.70,1.70,true,1,
7290002007241,false,סודה לשתיה 50 גרם,הנמל,IL,סודה לשתיה,גרמים,50.00,100 גרם,false,0,2.50,5.00,true,1,
7290002007371,false,פירורי לחם 500 גרם,הנמל,IL,פירורי לחם,גרמים,500.00,100 גרם,false,0,5.90,1.18,true,1,
7290002007395,false,דובדבנים מסוכרים 100 גרם,פוליבה בעמ,IL,דובדבנים מסוכרים,גרמים,100.00,100 גרם,false,0,5.90,5.90,true,1,
7290002008187,false,קשים מתקפלים 40 יח',הנמל,IL,קשים מתקפלים,יחידה,1.00,יחידה,false,0,0.90,0.90,true,1,
7290002008224,false,מזרה עגול צבעוני צנצ100.,הנמל,IL,סוכריות לקישוט,גרמים,100.00,100 גרם,false,0,5.70,5.70,true,1,
7290002008507,false,נייר אפייה 50 יח',הנמל,IL,נייר אפייה,יחידה,1.00,יחידה,false,0,10.90,10.90,true,1,
7290002008743,false,סוכר וניל 10 * 10 גרם,הנמל,IL,סוכר וניל 10 יח,גרמים,100.00,100 גרם,false,0,3.20,3.20,true,1,
7290002008750,false,אבקת אפיה 10*10 גרם,הנמל,IL,אבקת אפיה,גרמים,100.00,100 גרם,false,0,3.20,3.20,true,1,
7290002008934,false,סוכריות לקישוט 200 גרם,הנמל,IL,סוכריות לקישוט,גרמים,200.00,100 גרם,false,0,7.80,3.90,true,1,
7290002008989,false,קישקשים בקופסא 225 יח',שיווק: הנמל אריזות ושיוו,CN,קישקשים,יחידה,1.00,יחידה,false,0,5.90,5.90,true,1,
7290002013006,false,פסטרמה מקסיקנית במשקל,זוגלובק,IL,פסטרמה מקסיקנית,קילוגרמים,0.00,"ק""ג",true,0,85.00,85.00,true,1,
7290002013037,false,פסטרמה פרגיות במשקל,זוגלובק,IL,פסטרמה פרגיות,קילוגרמים,0.00,"ק""ג",true,0,85.00,85.00,true,1,
7290002014997,false,סלמון מעושן פרוס 100 גרם,מעדני מיקי,IL,סלמון מעושן,גרמים,100.00,100 גרם,false,0,18.90,18.90,true,1,
7290002019114,false,תרכיז עגבנ.פ.ניר28% 580ג,פרי ניר,IL,תרכיז עגבניות,גרמים,580.00,100 גרם,false,0,6.50,1.12,true,1,
7290002019763,false,עגבנ.מרוסקות פרי ניר800ג,פרי ניר,IL,עגבניות מרוסקות,גרמים,800.00,100 גרם,false,0,6.70,0.84,true,1,
7290002019787,false,רוטב עגבניות מרוכז260גר,פרי ניר,IL,רוטב עגבניות,גרמים,260.00,100 גרם,false,0,3.60,1.38,true,1,
7290002019794,false,רסק עגבניות מרוכז100גר,פרי ניר,IL,רסק עגבניות,גרמים,100.00,100 גרם,false,0,1.90,1.90,true,1,
7290002020189,false,סופגניה מיני עם ריבה,גידרון,IL,סופגניה מיני,גרמים,35.00,100 גרם,false,0,3.50,10.00,true,1,
7290002020493,false,פילו תרד פרימיום לקג,גידרון,,פילו תרד,קילוגרמים,0.00,"ק""ג",true,0,39.00,39.00,true,1,
7290002026341,false,ציפס בטטה 500 גרם,מוצרי איכות אמריקאיים,CA,ציפס בטטה,גרמים,500.00,100 גרם,false,12,19.90,3.98,true,1,
7290002026358,false,ציפס בטטה זיג זג 500 גרם,מוצרי איכות אמריקאיים,CA,ציפס בטטה זיג זג,גרמים,500.00,100 גרם,false,1,19.90,3.98,true,1,
7290002026365,false,טבעות בצל 500 גרם,מוצרי איכות אמריקאיים,BE,טבעות בצל,גרמים,500.00,100 גרם,false,20,14.80,2.96,true,1,
7290002026778,false,גל.קון סוויט קון 428גרם,מוצרי איכות אמריקאיים בע,IL,גל.קון סוויט קון,גרמים,428.00,100 גרם,false,1,25.50,5.96,true,1,
7290002026983,false,גלידת שוקולד בצק עוגיות,מוצרי איכות אמריקאיים בע,IL,גלידת שוקולד בצק,מיליליטרים,500.00,"100 מ""ל",false,1,25.50,5.10,true,1,
7290002027393,false,חטיף תמרים קקאו+קוקוס120,"תות תעשיות מזון בע""מ",IL,חטיף תמרים,גרמים,120.00,100 גרם,false,1,12.90,10.75,true,1,
7290002027843,false,חטיף תמרים+אגוזי לוז150ג,"תות תעשיות מזון בע""מ",IL,חטיף תמרים,גרמים,150.00,100 גרם,false,1,12.90,8.60,true,1,
7290002037040,false,חלה קלה פרוסה 500 גרם,מאפית ודש,IL,חלה קלה פרוסה,גרמים,500.00,100 גרם,false,0,13.80,2.76,true,1,
7290002037057,false,לחם פרוס לבן 500 גרם,"י.את.א.ברמן בע""\מ",IL,לחם לבן פרוס,גרמים,500.00,100 גרם,false,0,5.90,1.18,true,1,
7290002037125,false,חלה פרוסה 500 גרם,מאפית ודש,IL,חלה פרוסה,גרמים,500.00,100 גרם,false,0,9.20,1.84,true,1,
7290002037194,false,לחם שחור קמח מלא 750 גרם,"י.את.א.ברמן בע""\מ",IL,לחם שחור קמח מלא,גרמים,750.00,100 גרם,false,0,13.10,1.75,true,1,
7290002037309,false,לחמניות המבורגר 50*8 גרם,"י.את.א.ברמן בע""\מ",IL,8לחמניות המבורגר,גרמים,400.00,100 גרם,false,0,11.90,2.98,true,1,
7290002037545,false,לחם שחור קל פרוס 750 גרם,מאפית ודש,IL,לחם שחור קל פרוס,גרמים,750.00,100 גרם,false,0,13.80,1.84,true,1,
7290002037637,false,חליות מתוקות 4 יח',מאפית ודש,IL,חליות מתוקות 4יח,גרמים,350.00,100 גרם,false,0,11.90,3.40,true,1,
7290002040019,false,קוסקוס רגיל 350 גרם,קוסקוס מזון,IL,קוסקוס רגיל,גרמים,350.00,100 גרם,false,0,4.90,1.40,true,1,
7290002040064,false,קוסקוס דק 350 גרם,קוסקוס מזון,IL,קוסקוס דק,גרמים,350.00,100 גרם,false,0,4.90,1.40,true,1,
7290002040071,false,קוסקוס עבה 350 גרם,קוסקוס מזון,IL,קוסקוס עבה,גרמים,350.00,100 גרם,false,0,4.90,1.40,true,1,
7290002040088,false,קוסקוס מלא 350 גרם,קוסקוס מזון,IL,קוסקוס מלא,גרמים,350.00,100 גרם,false,0,6.30,1.80,true,1,
7290002053095,false,אטריות ביצים מס10. 200גר,אוריינט,PL,אטריות ביצים,גרמים,200.00,100 גרם,false,0,7.20,3.60,true,1,
7290002057031,false,זיתים מבוקעים פיקנטי540ג,קבוצת יבנה,IL,זיתים מבוקע פיקנ,גרמים,540.00,100 גרם,false,0,8.00,1.48,true,1,
7290002057048,false,זית סורי מבוקע 540 גרם,קבוצת יבנה,IL,זית סורי מבוקע,גרמים,540.00,100 גרם,false,0,11.50,2.13,true,1,
7290002057055,false,זיתים סורים ירוקים540גרם,קבוצת יבנה,IL,זית סורי ירוק,גרמים,540.00,100 גרם,false,0,10.50,1.94,true,1,
7290002057093,false,זית מנזנילו ירוק גדול540,קבוצת יבנה,IL,זית מנזנילו יר,גרמים,540.00,100 גרם,false,0,8.50,1.57,true,1,
7290002057123,false,מנזנילו ירוק ל.גלעין540ג,קבוצת יבנה,IL,זית ללא גלעין,גרמים,540.00,100 גרם,false,0,8.90,1.65,true,1,
7290002057130,false,מנזנילו ירוק ל.גלעין1250,קבוצת יבנה,IL,זית ללא גלעין,קילוגרמים,1.25,"ק""ג",false,0,21.50,17.20,true,1,
7290002057161,false,זית חתוך במרינד 540 גרם,קבוצת יבנה,IL,זית חתוך במרינד,גרמים,540.00,100 גרם,false,0,9.00,1.67,true,1,
7290002057185,false,טבעות זיתים ירוקים540גרם,קבוצת יבנה,IL,טבעות זיתים,גרמים,540.00,100 גרם,false,0,9.30,1.72,true,1,
7290002057352,false,מלפפונים 7-9 במלח 540גרם,קבוצת יבנה,IL,מלפפון במלח 7-9,גרמים,540.00,100 גרם,false,0,6.30,1.17,true,1,
7290002057369,false,מלפפון במלח 10-12 540גרם,קבוצת יבנה,IL,מלפפונים במלח,גרמים,540.00,100 גרם,false,0,7.50,1.39,true,1,
7290002057376,false,מלפ. במלח קטן13-17 540גר,קבוצת יבנה,IL,מלפפונים במלח,גרמים,540.00,100 גרם,false,0,9.50,1.76,true,1,
7290002057383,false,מלפפון במלח 18-25 540גרם,קבוצת יבנה,IL,מלפפונים במלח,גרמים,540.00,100 גרם,false,0,12.30,2.28,true,1,
7290002057468,false,מלפפון בחומץ 10-12 540גר,קבוצת יבנה,IL,מלפפון בחומץ,גרמים,540.00,100 גרם,false,0,7.50,1.39,true,1,
7290002057475,false,מלפ.בחומץ קטן13-17 540גר,קבוצת יבנה,IL,מלפפונים בחומץ,גרמים,540.00,100 גרם,false,0,9.50,1.76,true,1,
7290002057482,false,מלפפון בחומץ 18-25 540גר,קבוצת יבנה,IL,מלפפונים בחומץ,גרמים,540.00,100 גרם,false,0,12.30,2.28,true,1,
7290002057604,false,פלפל חריף שיפקה 540 גרם,קבוצת יבנה,IL,פלפל חריף שיפקה,גרמים,540.00,100 גרם,false,0,6.30,1.17,true,1,
7290002057628,false,טבעות זיתים מושחרים540גר,קבוצת יבנה,IL,טבעות זיתים,גרמים,540.00,100 גרם,false,0,9.50,1.76,true,1,
7290002065555,false,לחמניות בשקית 75*6 גרם,מאפיית שלמה א. אנג'\ל בע,IL,6 לחמניות בשקית,גרמים,450.00,100 גרם,false,0,11.50,2.56,true,1,
7290002065616,false,לחם שיפון גרעינים 750גרם,מאפיית שלמה א. אנג'\ל בע,IL,לחם שיפון,גרמים,750.00,100 גרם,false,0,11.90,1.59,true,1,
7290002065623,false,לחם שיפון כפרי 750 גרם,מאפיית שלמה א. אנג'\ל בע,IL,לחם שיפון כפרי,גרמים,750.00,100 גרם,false,0,11.90,1.59,true,1,
7290002077268,false,מיני קציצות דג לבישול 00,דלידג,IL,קציצות דג,גרמים,500.00,100 גרם,false,0,21.90,4.38,true,1,
7290002107019,false,גב.צפתית מעודנת5% 250גרם,משק צוריאל תבור,IL,צפתית מעודנת5%,גרמים,250.00,100 גרם,false,0,17.50,7.00,true,1,
7290002107316,false,גבינת טבורוג 5% משקל,משק צוריאל תבור,IL,גבינת טבורוג 5%,קילוגרמים,0.00,"ק""ג",true,0,47.00,47.00,true,1,
7290002107743,false,צפתית מעודנת5%משק צוריאל,משק צוריאל תבור,IL,גבינה צפתית 5%,קילוגרמים,0.00,"ק""ג",true,0,57.00,57.00,true,1,
7290002107798,false,בולגרית מעודנת 5% 250 גר,משק צוריאל תבור,IL,גבינה בולגרית 5%,גרמים,250.00,100 גרם,false,0,21.40,8.56,true,1,
7290002109488,false,קבב אמיתי 100% 440גרם,טיבון ויל - נטו,IL,קבב אמיתי 440גרם,גרמים,440.00,100 גרם,false,0,19.90,4.52,true,1,
7290002129370,false,פילה אמנון ללא עור דלידג,דלידג - נטו,IL,פילה אמנון ללא,קילוגרמים,0.00,"ק""ג",true,1,39.90,39.90,true,1,
7290002129462,false,זוג פיצה משפחתית 640 גרם,נטו,IT,זוג פיצה משפחתית,גרמים,640.00,100 גרם,false,1,21.90,3.42,true,1,
7290002130567,false,דבש טהור יד מרדכי 350גרם,מכוורת יד מרדכי שטראוס ב,IL,דבש טהור,גרמים,350.00,100 גרם,false,0,19.90,5.69,true,1,
7290002130581,false,דבש בצנצנת יד מרדכי 1ק,מכוורת יד מרדכי שטראוס ב,IL,דבש טהור,קילוגרמים,1.00,"ק""ג",false,0,42.90,42.90,true,1,
7290002133032,false,גבינת קשקבל טחון 300 גרם,מחלבת השומרון,IL,גבינת קשקבל טחון,גרמים,300.00,100 גרם,false,0,28.70,9.57,true,1,
7290002133063,false,גב.צפתית קשה 29%במשקל,מחלבת השומרון,IL,גבינה צפתית,קילוגרמים,0.00,"ק""ג",true,0,69.00,69.00,true,1,
7290002133070,false,גב.קשקבל טורקי צאן22%משק,מחלבת השומרון,IL,גבינת קשקבל,קילוגרמים,0.00,"ק""ג",true,0,119.00,119.00,true,1,
7290002133087,false,גבינה בולגרית צאן20%משקל,מחלבת השומרון,,גב. בולגרית צאן,גרמים,0.00,"ק""ג",true,0,87.00,87.00,true,1,
7290002133094,false,ברינזה צאן 20% במשקל,מחלבת השומרון,IL,גבינה ברינזה צאן,קילוגרמים,0.00,"ק""ג",true,0,90.00,90.00,true,1,
7290002133117,false,בולגרית מעודנת 5% במשקל,מחלבת השומרון,IL,גבינה בולגרית 5%,קילוגרמים,0.00,"ק""ג",true,0,55.00,55.00,true,1,
7290002133131,false,גבינה ריקוטה 5% 250 גרם,מחלבת השומרון,,גבינה ריקוטה 5%,גרמים,250.00,100 גרם,false,0,13.50,5.40,true,1,
7290002133148,false,צפתית רכה 5% במשקל,מחלבת השומרון,IL,גבינה צפתית 5%,קילוגרמים,0.00,"ק""ג",true,0,58.00,58.00,true,1,
7290002133193,false,גבינה בולגרית 5% משקל,מחלבת השומרון,IL,גבינה בולגרית 5%,קילוגרמים,0.00,"ק""ג",true,0,58.00,58.00,true,1,
7290002133506,false,יוג.של פעם חלב עיזים400ג,מחלבת השומרון,IL,יוגורט של פעם,גרמים,400.00,100 גרם,false,0,12.00,3.00,true,1,
7290002133575,false,יוג.של פעם חלב כבשים400ג,מחלבת השומרון,IL,יוגורט של פעם,גרמים,400.00,100 גרם,false,0,12.10,3.03,true,1,
7290002133889,false,גב.בולגרית מעודנת5% 250ג,מחלבת השומרון,IL,גבינה בולגרית 5%,גרמים,250.00,100 גרם,false,0,19.90,7.96,true,1,
7290002150305,false,סיגר בשר 1קג,"אדריה בע""מ",IL,סיגר בשר 1קג,גרמים,1000.00,100 גרם,false,0,29.90,2.99,true,1,
7290002150688,false,קרפלך תפו'א 1קג,"אדריה בע""מ",IL,"קרפלך תפו""א",יחידה,1.00,יחידה,false,0,26.90,26.90,true,1,
7290002157830,false,קוביות גולש עגל 100% 800,---,IL,קוביות גולש עגל,גרמים,800.00,100 גרם,false,1,34.90,4.36,true,1,
7290002157953,false,טונה בשמן קנולה140*4ג,ויליגר,TH,טונה בשמן 4 יח,גרמים,560.00,100 גרם,false,1,19.90,3.55,true,1,
7290002157960,false,טונה במים 4 * 140 גרם,ויליגר,TH,טונה במים 4 יח,גרמים,560.00,100 גרם,false,1,19.90,3.55,true,1,
7290002199786,false,קורני ביג שוק.בננה 50*3ג,שוורטאוור,DE,חטיפי קורני 3 יח,גרמים,150.00,100 גרם,false,0,11.90,7.93,true,1,
7290002241164,false,פילה בקלה 1קג יח,---,CN,פילה בקלה 1קג יח,גרמים,1000.00,100 גרם,false,0,19.90,1.99,true,1,
7290002253006,false,שום כתוש דורות 200 גרם,דורות,IL,שום טרי כתוש,גרמים,200.00,100 גרם,false,0,15.90,7.95,true,1,
7290002253150,false,בזיליקום קצוץ מגשית 70 ג,דורות,IL,בזיליקום קצוץ,גרמים,70.00,100 גרם,false,0,10.40,14.86,true,1,
7290002253167,false,פטרוזיליה קצוצה קפואה70ג,דורות,IL,פטרוזיליה מוקפאת,גרמים,70.00,100 גרם,false,0,10.40,14.86,true,1,
7290002253181,false,כוסברה קצוצה מגשית 70 גר,דורות,IL,כוסברה קצוצה,גרמים,70.00,100 גרם,false,0,10.40,14.86,true,1,
7290002253259,false,דורות רוטב עגבניות בזילי,דורות,IL,דורות רוטב עגבני,גרמים,160.00,100 גרם,false,16,11.90,7.44,true,1,
7290002253495,false,תיבול לטחינה דורות 70 גר,דורות,IL,תיבול לטחינה דור,גרמים,70.00,100 גרם,false,1,10.40,14.86,true,1,
7290002277804,false,פילה נסיכת נילוס קפוא לק,נטו,IL,פילה נסיכת נילוס,קילוגרמים,0.00,"ק""ג",true,1,39.90,39.90,true,1,
7290002281894,false,צלעות מס' 2 חלק קפוא קג,פניסקו,AR,צלעות מס' 2 קפוא,קילוגרמים,0.00,"ק""ג",true,1,39.90,39.90,true,1,
7290002281917,false,חזה מס3' חלק קפוא קג,פניסקו,AR,חזה מס3' קפוא,קילוגרמים,0.00,"ק""ג",true,1,34.90,34.90,true,1,
7290002281931,false,כתף מס4' חלק קפוא קג,פניסקו,AR,כתף מס4' קפוא,קילוגרמים,0.00,"ק""ג",true,1,44.90,44.90,true,1,
7290002304203,false,קונפ.תות שדה לייט 600גרם,ענבי ציון,IL,קונפיטורה תות,גרמים,600.00,100 גרם,false,0,24.60,4.10,true,1,
7290002304241,false,קונפ.פירות יער לייט600גר,ענבי ציון,IL,קונפ.פירות יער,גרמים,600.00,100 גרם,false,0,24.60,4.10,true,1,
7290002304609,false,קונפיטורה תות שדה 600גרם,ענבי ציון,IL,קונפ. תות שדה,גרמים,600.00,100 גרם,false,0,20.60,3.43,true,1,
7290002317654,false,זיתים ירוקים נובו ענק700,מוטולה,IL,זיתים ירוקים,גרמים,700.00,100 גרם,false,1,10.90,1.56,true,1,
7290002317746,false,זיתים שחורים גדול גרם560,מוטולה,IL,זיתים שחורים,גרמים,560.00,100 גרם,false,1,9.90,1.77,true,1,
7290002319054,false,פרג טחון 100 גרם,מיה,IL,פרג טחון,גרמים,100.00,100 גרם,false,0,4.90,4.90,true,1,
7290002323198,false,ספרינג מיץ תפוחים 1.5 ל',"יפאורה תבורי בע""\מ",IL,ספרינג תפוחים,ליטרים,1.50,ליטר,false,0,6.20,4.13,true,1,
7290002323815,false,משקה קל תפוזים קריסטל 2ל,"יפאורה תבורי בע""\מ",IL,משקה קל תפוזים,ליטרים,2.00,ליטר,false,0,4.00,2.00,true,1,
7290002323822,false,מיץ אשכוליות קריסטל2ליטר,"יפאורה תבורי בע""\מ",IL,קריסטל אשכוליות,ליטרים,2.00,ליטר,false,0,4.00,2.00,true,1,
7290002323839,false,משקה קל ענבים קריסטל 2ל',"יפאורה תבורי בע""\מ",IL,משקה קל ענבים,ליטרים,2.00,ליטר,false,0,4.00,2.00,true,1,
7290002327059,false,"בצק עלים 1 ק""ג",אופרה,IL,בצק עלים מרודד,קילוגרמים,1.00,"ק""ג",false,0,20.70,20.70,true,1,
7290002331117,false,נביעות+טעם ענבים 1.5ליטר,"נביעות טבע הגליל בע""\מ",IL,נביעות+ענבים,ליטרים,1.50,ליטר,false,0,7.50,5.00,true,1,
7290002331124,false,נביעות טעם תפוח עדין500מ,נביעות טבע הגליל בעמ,IL,נביעות תפוח,מיליליטרים,500.00,"100 מ""ל",false,0,5.90,1.18,true,1,
7290002331148,false,נביעות+טעם תפוח 1.5 ליטר,נביעות טבע הגליל בעמ,IL,נביעות+תפוח,ליטרים,1.50,ליטר,false,0,7.50,5.00,true,1,
7290002331155,false,נביעות ט.אפרסק עדין 500מ,נביעות טבע הגליל בעמ,IL,נביעות אפרסק,מיליליטרים,500.00,"100 מ""ל",false,0,5.90,1.18,true,1,
7290002331179,false,נביעות+טעם אפרסק 1.5ליטר,נביעות טבע,IL,נביעות+אפרסק,ליטרים,1.50,ליטר,false,0,7.50,5.00,true,1,
7290002331322,false,מים מינרל.נביעות 1.5*6ל,נביעות טבע הגליל בעמ,IL,מים נביעות 6 יח,ליטרים,9.00,ליטר,false,0,10.90,1.21,true,1,
7290002331421,false,נביעות פקק טו גו 6 755*מ,נביעות טבע הגליל בעמ,IL,נביעות פקק טו גו,ליטרים,4.53,ליטר,false,0,18.30,4.04,true,1,
7290002331483,false,"נביעות בייבי 320*6 מ""ל",נביעות טבע הגליל בעמ,IL,נביעות בייבי 6יח,ליטרים,1.92,ליטר,false,0,14.90,7.76,true,1,
7290002331490,false,נביעות מים מינרלים 1 ל,נביעות טבע הגליל בעמ,IL,מים נביעות,ליטרים,1.00,ליטר,false,0,3.30,3.30,true,1,
7290002331643,false,נביעות מוגז 1.5*6 ליטר,נביעות טבע הגליל בעמ,IL,נביעות מוגז 6 יח,ליטרים,9.00,ליטר,false,0,15.80,1.76,true,1,
7290002353836,false,סרדינ.בשמן זית רוברט125ג,נטו,PT,סרדינים בשמן זית,גרמים,115.00,100 גרם,false,0,7.20,6.26,true,1,
7290002360285,false,חליטת קמומיל 20 שק1.5*ג,טיקנה,DE,חליטת קמומיל,גרמים,30.00,100 גרם,false,0,16.90,56.33,true,1,
7290002370130,false,גבינת ברי צרפתית משקל,,FR,גבינת ברי צרפתית,קילוגרמים,0.00,"ק""ג",true,1,119.00,119.00,true,1,
7290002371403,false,מארז פסטרמה+נקניק 600גרם,טיב טירת צבי 2000,IL,פסטרמה+נקניק,גרמים,600.00,100 גרם,false,0,28.40,4.73,true,1,
7290002371533,false,סלסולי פסטרמה דבש 120 גר,טיב טירת צבי 2000,IL,סלסולי פסטרמה,גרמים,120.00,100 גרם,false,0,14.90,12.42,true,1,
7290002371540,false,קורנדביף 120 גרם,טיב טירת צבי 2000,IL,קורנדביף,גרמים,120.00,100 גרם,false,0,14.90,12.42,true,1,
7290002371571,false,פסטרמה פרגיות לבגט במשקל,טירת צבי,IL,פסטרמה פרגיות,קילוגרמים,0.00,"ק""ג",true,0,80.00,80.00,true,1,
7290002371854,false,"נקניקיות עוף חריפות 1ק""ג",טיב טירת צבי 2000,IL,נקניקיות עוף,קילוגרמים,1.00,"ק""ג",false,0,31.10,31.10,true,1,
7290002374640,false,שמן קנולה פלוס אומגה3 1ל,שמן תעשיות,IL,שמן קנולה פלוס,ליטרים,1.00,ליטר,false,0,16.60,16.60,true,1,
7290002385745,false,פקורינו משולשים,,,פקורינו משולשים,קילוגרמים,0.00,"ק""ג",true,0,137.00,137.00,true,1,
7290002399414,false,פילה הרינג חתוך+שמן משקל,מעדני מיקי,IL,פילה הרינג בשמן,קילוגרמים,0.00,"ק""ג",true,1,54.00,54.00,true,1,
7290002410713,false,קישקע ממולא קפוא 500גרם,מעדני הטלה והעגל,IL,קישקע ממולא,גרמים,500.00,100 גרם,false,0,14.90,2.98,true,1,
7290002439080,false,פיצה ביס 100%גבינה 700גר,נטו,IL,פיצה ביס 100%גבי,גרמים,700.00,100 גרם,false,8,26.70,3.81,true,1,
7290002439981,false,קלאסיקו קבב בקר אלגאוצ'ו,אלגרצ'ו,IL,קלאסיקו קבב,גרמים,400.00,100 גרם,false,1,23.90,5.98,true,1,
7290002472094,false,עוגת פס קרמשניט 600 גרם,גידרון,IL,עוגת קרמשניט,גרמים,600.00,100 גרם,false,0,39.90,6.65,true,1,
7290002472209,false,מאפין שוקו וניל 550 גרם,גידרון,IL,מאפין שוקו וני,יחידה,1.00,יחידה,false,0,19.90,19.90,true,1,
7290002472223,false,עוגת מאפין תפוז 550 גרם,גידרון,IL,עוג.מאפין תפוז,יחידה,1.00,יחידה,false,0,19.90,19.90,true,1,
7290002472254,false,עוגת מאפין אגוזים 550גרם,גידרון,IL,מאפין אגוזים,יחידה,1.00,יחידה,false,0,19.90,19.90,true,1,
7290002472261,false,"עוגת מאפין תפו""ע 550 גרם",גידרון,IL,עוגת מאפין,גרמים,550.00,100 גרם,false,0,19.90,3.62,true,1,
7290002472841,false,עוגת סבתא שוקולד 850 גרם,גידרון,IL,עוגת סבתא שוקו,יחידה,1.00,יחידה,false,0,25.90,25.90,true,1,
7290002478416,false,קבב טורקי 800 גרם,מעדני הטלה והעגל,IL,קבב טורקי,גרמים,800.00,100 גרם,false,0,54.90,6.86,true,1,
7290002485001,false,חומוס מסעדות 250גרם,סלטי שמיר,IL,סלט חומוס,גרמים,250.00,100 גרם,false,0,8.90,3.56,true,1,
7290002485032,false,חומוס מסבחה 250גרם,סלטי שמיר,IL,סלט חומוס מסבחה,גרמים,250.00,100 גרם,false,0,8.90,3.56,true,1,
7290002485056,false,חומוס אבו גוש 250גרם,סלטי שמיר,IL,חומוס אבו גוש,גרמים,250.00,100 גרם,false,0,8.90,3.56,true,1,
7290002485070,false,סלט טחינה לבנה 250 גרם,סלטי שמיר,IL,סלט טחינה לבנה,גרמים,250.00,100 גרם,false,0,8.30,3.32,true,1,
7290002485124,false,סלט חציל תאילנדי 250 גרם,סלטי שמיר,IL,סלט חציל תאילנדי,גרמים,250.00,100 גרם,false,0,13.80,5.52,true,1,
7290002485339,false,סלט ביצים עם אבוקדו250ג,סלטי שמיר,IL,סלט ביצים+אבוקדו,גרמים,250.00,100 גרם,false,0,17.90,7.16,true,1,
7290002485346,false,סלט ביצים 250 גרם,סלטי שמיר,IL,סלט ביצים,גרמים,250.00,100 גרם,false,0,17.70,7.08,true,1,
7290002507277,false,קציצות דג 700 גרם,דלידג - נטו,IL,קציצות דג 700 גר,יחידה,1.00,יחידה,false,1,24.90,24.90,true,1,
7290002507383,false,בולגרית 5% במשקל,מחלבות בכר,IL,גבינה בולגרית 5%,קילוגרמים,0.00,"ק""ג",true,1,75.00,75.00,true,1,
7290002517375,false,בזיליקום עלים 30 גרם,תבליני טעם וריח,IL,בזיליקום עלים,גרמים,30.00,100 גרם,false,0,7.80,26.00,true,1,
7290002517825,false,פלפל לבן טחון 40 גרם,תבליני טעם וריח,IL,פלפל לבן,גרמים,40.00,100 גרם,false,0,11.50,28.75,true,1,
7290002541370,false,משקה סויה אלפרו 1 ליטר,אלפרו,BE,משקה סויה אלפרו,ליטרים,1.00,ליטר,false,0,13.90,13.90,true,1,
7290002541981,false,משקה סויה ללא תוספת סוכר,אלפרו,BE,משקה סויה,ליטרים,1.00,ליטר,false,0,13.90,13.90,true,1,
7290002543046,false,פרוסטיס 750 גרם,קלוג'ס,ES,פרוסטיס 750 גרם,גרמים,750.00,100 גרם,false,0,22.90,3.05,true,1,
7290002543237,false,קלוג'ס קורנפלקס 750 גרם,קלוג'ס,GB,קורנפלקס קלוגס,גרמים,750.00,100 גרם,false,0,15.90,2.12,true,1,
7290002551003,false,טונה סטארקיסט בשמן 160 ג,סטארקיסט,IL,טונה סטארקיסט,גרמים,160.00,100 גרם,false,0,7.40,4.63,true,1,
7290002551010,false,טונה סטארקיסט במים 160 ג,סטארקיסט,IL,טונה סטארקיסט,גרמים,160.00,100 גרם,false,0,7.40,4.63,true,1,
7290002603474,false,פיצת שף מאיטליה פטריות 2,שגב,IT,פיצת השף מאיטליה,גרמים,200.00,100 גרם,false,1,14.90,7.45,true,1,
7290002661115,false,"לחם הולנדי 1.200 ק""ג",מאפית ודש,IL,לחם הולנדי,קילוגרמים,1.20,"ק""ג",false,0,16.50,13.75,true,1,
7290002661153,false,"לחם דני קל 1 ק""ג","י.את.א.ברמן בע""\מ",IL,לחם דני קל,גרמים,1000.00,100 גרם,false,0,16.50,1.65,true,1,
7290002661214,false,לחם גלילי קל 750 גרם,"י.את.א.ברמן בע""\מ",IL,לחם גלילי קל,גרמים,750.00,100 גרם,false,0,14.90,1.99,true,1,
7290002663522,false,תפוזינה משקה קל תפוז1.5ל,"יפאורה תבורי בע""\מ",IL,תפוזינה תפוזים,ליטרים,1.50,ליטר,false,0,6.20,4.13,true,1,
7290002663539,false,תפוזינה אשכוליות 1.5ליטר,"יפאורה תבורי בע""\מ",IL,תפוזינה אשכוליות,ליטרים,1.50,ליטר,false,0,6.20,4.13,true,1,
7290002663805,false,שוופס טוניק 1.5 ליטר,"יפאורה תבורי בע""\מ",IL,שוופס מי טוניק,ליטרים,1.50,ליטר,false,0,10.30,6.87,true,1,
7290002663812,false,שוופס ג'ינג'ר 1.5 ליטר,"יפאורה תבורי בע""\מ",IL,שוופס ג'ינג'ר,ליטרים,1.50,ליטר,false,0,10.30,6.87,true,1,
7290002663829,false,שוופס ביטר לימון 1.5ליטר,"יפאורה תבורי בע""\מ",IL,שוופס ביטר לימון,ליטרים,1.50,ליטר,false,0,10.30,6.87,true,1,
7290002684015,false,עוף שלם טרי שופרסל,קורניש,IL,עוף שלם טרי,קילוגרמים,0.00,"ק""ג",true,1,18.90,18.90,true,1,
7290002684022,false,כרעיים ע.טרי שופרסל,קורניש,IL,כרעיים עוף טרי,קילוגרמים,0.00,"ק""ג",true,1,27.90,27.90,true,1,
7290002684039,false,קוקטייל טרי שופרסל,קורניש,IL,קוקטייל עוף טרי,קילוגרמים,0.00,"ק""ג",true,1,27.90,27.90,true,1,
7290002684060,false,פילה עוף טרי שופרסל,קורניש,IL,פילה עוף טרי,קילוגרמים,0.00,"ק""ג",true,1,34.90,34.90,true,1,
7290002684091,false,פרגיות עוף טרי שופרסל,קורניש,IL,פרגיות עוף טרי,קילוגרמים,0.00,"ק""ג",true,1,54.90,54.90,true,1,
7290002684107,false,שוקיים עוף טרי שופרסל,קורניש,IL,שוקיים עוף טרי,קילוגרמים,0.00,"ק""ג",true,1,32.90,32.90,true,1,
7290002684114,false,כנפיים עוף טרי שופרסל,קורניש,IL,כנפיים עוף טרי,קילוגרמים,0.00,"ק""ג",true,1,11.90,11.90,true,1,
7290002684121,false,כבד עוף טרי שופרסל,קורניש,IL,כבד עוף טרי,קילוגרמים,0.00,"ק""ג",true,1,19.90,19.90,true,1,
7290002684138,false,לב עוף טרי שופרסל קג,קורניש,IL,לב עוף טרי,קילוגרמים,0.00,"ק""ג",true,1,23.90,23.90,true,1,
7290002692393,false,שמן קנולה מועשר 1 ליטר,שמן תעשיות,IL,שמן קנולה מועשר,ליטרים,1.00,ליטר,false,0,13.80,13.80,true,1,
7290002692409,false,שמן חמניות מועשר ויטמיןE,שמן תעשיות,IL,שמן חמניות,ליטרים,1.00,ליטר,false,0,14.50,14.50,true,1,
7290002692478,false,שמן זית מעודן כ.מעולה750,שמן תעשיות,IL,שמן זית מעודן,מיליליטרים,750.00,"100 מ""ל",false,0,33.90,4.52,true,1,
7290002692768,false,"תרסיס שמן קנולה 200 מ""ל",שמן תעשיות,US,תרסיס שמן קנולה,מיליליטרים,200.00,"100 מ""ל",false,0,15.90,7.95,true,1,
7290002692782,false,"תרסיס שמן זית 148 מ""ל",שמן תעשיות,US,תרסיס שמן זית,מיליליטרים,148.00,"100 מ""ל",false,0,15.90,10.74,true,1,
7290002715375,false,קבב יוני 400 גרם,טיבון ויל - נטו,IL,קבב יווני,גרמים,400.00,100 גרם,false,0,19.90,4.98,true,1,
7290002715504,false,מג'יק נודלס,,SG,מג'יק נודלס,גרמים,70.00,100 גרם,false,0,4.50,6.43,true,1,
7290002715511,false,מג'יק אטריות,,SG,מג'יק אטריות,גרמים,70.00,100 גרם,false,0,4.50,6.43,true,1,
7290002715528,false,מג'יק אטריות,,SG,מג'יק אטריות,גרמים,70.00,100 גרם,false,0,4.50,6.43,true,1,
7290002715580,false,מג'יק נודלס,,SG,מג'יק נודלס,גרמים,70.00,100 גרם,false,0,4.50,6.43,true,1,
7290002730262,false,פלמוליב קלאסי ירוק 750מל,קולגייט-פלמוליב,GR,פלמוליב לכלים,מיליליטרים,750.00,"100 מ""ל",false,0,9.90,1.32,true,1,
7290002730675,false,"משחת קולגייט אדום 100מ""ל",קולגייט פלמוליב,BE,משחת שיניים,מיליליטרים,100.00,"100 מ""ל",false,0,9.90,9.90,true,1,
7290002730910,false,סב.פלמוליב פרי הדר 90*4ג,קולגייט פלמוליב,TR,סבון פלמוליב 4יח,גרמים,360.00,100 גרם,false,0,16.80,4.67,true,1,
7290002730941,false,"צמר גפן פרוס ""בלונס100""ג",ספטונה,GR,צמר גפן פרוס,גרמים,100.00,100 גרם,false,0,5.90,5.90,true,1,
7290002730958,false,סב.פלמוליב ירוק 90*4 גרם,"ש. שסטוביץ בע""\מ",TR,סבון פלמוליב 4יח,גרמים,360.00,100 גרם,false,0,16.80,4.67,true,1,
7290002741077,false,כריות צוקולדה 750 גרם,"יוניליוור ישראל מזון בע""",IL,כריות צוקולדה,גרמים,750.00,100 גרם,false,0,24.90,3.32,true,1,
7290002752332,false,סוכ.מנטוס טעם פירות37.5ג,מנטוס,NL,סוכריות מנטוס,גרמים,37.00,100 גרם,false,0,3.50,9.46,true,1,
7290002753995,false,סט דרז'ה צבעוני קישוט150,וורנר טורנש,DE,סט דרז'ה צבעוני,גרמים,150.00,100 גרם,false,0,18.10,12.07,true,1,
7290002757535,false,בור.פילו אצבעות גב700.גר,נטו,IL,פילו אצבעות,גרמים,700.00,100 גרם,false,0,20.70,2.96,true,1,
7290002757542,false,אטריות קדאיף 400 גרם,"שגמור בע""מ",IL,אטריות קדאיף,גרמים,400.00,100 גרם,false,0,17.90,4.48,true,1,
7290002759126,false,מארז 10יח מיני פיתהאסלית,מעיין תעשיות מאפה,IL,מיני פיתה,גרמים,500.00,100 גרם,false,0,12.90,2.58,true,1,
7290002759393,false,סופגניות מיני מארז 8 יח',גידרון,IL,סופגניות מיני 8י,יחידה,1.00,יחידה,false,0,24.00,24.00,true,1,
7290002759768,false,פילס פיצה מחיר לפי משקל,גידרון,IL,פילס פיצהנדוס,קילוגרמים,0.00,"ק""ג",true,0,39.00,39.00,true,1,
7290002766056,false,עגבניה שרי תמר יחידה,קטיף.,IL,עגבניה שרי תמר,יחידה,1.00,יחידה,false,1,9.90,9.90,true,1,
7290002771104,false,קפה אל נח'לה עם הל 500גר,קפה אל נח'לה,IL,קפה עם הל,גרמים,500.00,100 גרם,false,0,31.20,6.24,true,1,
7290002771111,false,קפה אל נח'לה עם הל250גרם,קפה אל נח'לה,IL,קפה עם הל,גרמים,250.00,100 גרם,false,0,16.50,6.60,true,1,
7290002771326,false,קפסולות קפה עם הל 50 גרם,קפה אל נח'לה,IL,קפסולות קפה,גרמים,50.00,100 גרם,false,1,19.90,39.80,true,1,
7290002794422,false,קנט קלאסי ארוך חפיסה,bat,TR,קנט קלאסי יח',יחידה,1.00,יחידה,false,0,35.50,35.50,false,1,
7290002812522,false,פרלמנט ארוך RCB חפיסה,פיליפ מוריס,,פרלמנט ארוך יח,יחידה,1.00,יחידה,false,0,39.50,39.50,false,1,
7290002814054,false,אנטרטיק מרסס 1 ליטר,קומפלקס כימיקלים בעמ,IL,אנטרטיק מרסס,ליטרים,1.00,ליטר,false,1,12.90,12.90,true,1,
7290002814078,false,אנטרטיק לניקוי אמבטיה1ל,קומפלקס כימיקלים,IL,אנטרטיק לאמבט,ליטרים,1.00,ליטר,false,0,9.30,9.30,true,1,
7290002814160,false,מסיר שומנים סנט מוריץ 1ל,קומפלקס כימיקלים,IL,מסיר שומנים,ליטרים,1.00,ליטר,false,1,18.90,18.90,true,1,
7290002814412,false,שמפו לכלים ירוק 1.5 ליטר,קומפלקס כימיקלים,IL,שמפו לכלים,ליטרים,1.50,ליטר,false,0,13.90,9.27,true,1,
7290002814528,false,נוזל לאסלה מס' 1 1 ליטר,קומפלקס כימיקלים,IL,נוזל לאסלה מס' 1,ליטרים,1.00,ליטר,false,0,6.90,6.90,true,1,
7290002814603,false,מסיר שומנים מבושם לימון,קומפלקס כימיקלים,IL,מסיר שומנים קר,מיליליטרים,750.00,"100 מ""ל",false,1,12.90,1.72,true,1,
7290002814928,false,פרלמנט קצר בודד,פיליפ מוריס,IL,פרלמנט קצר בודד,יחידה,1.00,יחידה,false,0,39.50,39.50,false,1,
7290002824183,false,גב.סקי משפחתי5%שומן500ג,"שטראוס בריאות בע""\מ",IL,גבינת סקי 5%,גרמים,500.00,100 גרם,false,0,9.50,1.90,true,1,
7290002824466,false,יוגורט ביו 0% דנונה 200ג,"שטראוס בריאות בע""\מ",IL,יוגורט ביו 0%,גרמים,200.00,100 גרם,false,0,3.70,1.85,true,1,
7290002824640,false,גב.סקי5%לבנה מעודנת250ג,"שטראוס בריאות בע""\מ",IL,גבינת סקי 5%,גרמים,250.00,100 גרם,false,0,4.75,1.90,true,1,
7290002825722,false,כרוב אדום אחלה 500 גרם,"שטראוס גרופ בע""\מ",IL,סלט כרוב אחלה,גרמים,500.00,100 גרם,false,0,14.20,2.84,true,1,
7290002833525,false,מרלבורו רד קצר בוקס חפ.,פיליפ מוריס,,מרלבורו רד חפיסה,יחידה,1.00,יחידה,false,0,34.00,34.00,false,1,
7290002833923,false,פרלמנט סילבר חפיסה,פיליפ מוריס,US,פרלמנט סילבר,יחידה,1.00,יחידה,false,0,39.50,39.50,false,1,
7290002842002,false,קוואקר אנגלי,,GB,קוואקר אנגלי,גרמים,500.00,100 גרם,false,0,11.50,2.30,true,1,
7290002862000,false,אריסה תוניסאית 250 גרם,"הררית מזון בע""מ",IL,אריסה תוניסאית,גרמים,250.00,100 גרם,false,0,13.90,5.56,true,1,
7290002862017,false,שום כתוש 250 גרם,"הררית מזון בע""מ",IL,שום כתוש,גרמים,250.00,100 גרם,false,0,13.90,5.56,true,1,
7290002862055,false,לימון כבוש,,IL,לימון כבוש,גרמים,250.00,100 גרם,false,0,13.90,5.56,true,1,
7290002862093,false,חזרת 250 גרם,"הררית מזון בע""מ",IL,חזרת,גרמים,250.00,100 גרם,false,0,13.90,5.56,true,1,
7290002862123,false,סחוג ירוק 150 גרם,הררית מזון בעמ,IL,סחוג ירוק,גרמים,150.00,100 גרם,false,0,9.90,6.60,true,1,
7290002862277,false,לימון כבוש 200 גרם,הררית,IL,לימון כבוש,גרמים,200.00,100 גרם,false,0,13.90,6.95,true,1,
7290002862864,false,פירורי לחם מתובל קלאס400,"הררית מזון בע""מ",ES,פירורי לחם מתובל,גרמים,400.00,100 גרם,false,1,6.90,1.73,true,1,
7290002868996,false,קוטג' 5% רכיבים טבעי250ג,טרה,IL,קוטג' 5% 250גרם,גרמים,250.00,100 גרם,false,0,5.40,2.16,true,1,
7290002871248,false,"טובורג רד בק.חוזר 500מ""ל",מבשלות בירה בינלאומיות ב,IL,בירה טובורג רד,מיליליטרים,500.00,"100 מ""ל",false,0,8.60,1.72,true,1,
7290002871361,false,בירה קרלסברג בק.חוזר500מ,מבשלות בירה בינלאומיות ב,IL,בירה קרלסברג,מיליליטרים,500.00,"100 מ""ל",false,0,8.60,1.72,true,1,
7290002871446,false,פריגת ענבים 1.5 ליטר,מבשלות בירה בינלאומיות ב,IL,פריגת ענבים,ליטרים,1.50,ליטר,false,0,6.70,4.47,true,1,
7290002871460,false,פריגת תפוזים 1.5 ליטר,מבשלות בירה בינלאומיות ב,IL,פריגת תפוזים,ליטרים,1.50,ליטר,false,0,6.70,4.47,true,1,
7290002871477,false,פריגת אשכוליות 1.5 ליטר,מבשלות בירה בינלאומיות ב,IL,פריגת אשכוליות,ליטרים,1.50,ליטר,false,0,6.70,4.47,true,1,
7290002871484,false,פריגת  תפוזים לייט 1.5 ל,מבשלות בירה בינלאומיות ב,IL,פריגת תפוזים,ליטרים,1.50,ליטר,false,0,6.70,4.47,true,1,
7290002871491,false,פריגת אשכוליות לייט 1.5,מבשלות בירה בינלאומיות ב,IL,פריגת  אשכוליות,ליטרים,1.50,ליטר,false,0,6.70,4.47,true,1,
7290002874629,false,פרלמנט ארוך RCB בלו חפ,פיליפ מוריס,,פרלמנט ארוך יח,יחידה,1.00,יחידה,false,0,39.50,39.50,false,1,
7290002876326,false,פרלמנט קצר בלו בודד,פיליפ מוריס,IL,פרלמנט קצר בלו,יחידה,1.00,יחידה,false,0,39.50,39.50,false,1,
7290002881209,false,"רסק תפו""ע 700 גרם",KONSERVENFABRI BALTUSSEN,NL,"רסק תפו""ע",גרמים,700.00,100 גרם,false,0,10.00,1.43,true,1,
7290002881216,false,"רסק תפו""ע דיאט צנצנת700ג",KONSERVENFABRI BALTUSSEN,NL,"רסק תפו""ע דיאט",גרמים,700.00,100 גרם,false,0,10.00,1.43,true,1,
7290002886925,false,מרלבורו גולד קצר בוקס,פיליפ מוריס,US,מרלבורו גולד קצר,יחידה,1.00,יחידה,false,0,34.00,34.00,false,1,
7290002900436,false,פסטרמה איטלקי מילנו משקל,טירת צבי,,פסטרמה איטלקית,קילוגרמים,0.00,"ק""ג",true,0,84.00,84.00,true,1,
7290002900566,false,פסטרמה ברביקיו מופחת360ג,טיב טירת צבי 2000,IL,פסטרמה ברביקיו,גרמים,360.00,100 גרם,false,0,29.90,8.31,true,1,
7290002922117,false,עוג.פרימיום אקלר200-250ג,"אקלר בע""מ",IL,עוגיות פרימיום,גרמים,200.00,100 גרם,false,0,19.90,9.95,true,1,
7290002923466,false,בקר טחון קפוא 1קג,טיבון ויל - נטו,IL,בקר טחון קפוא,גרמים,1000.00,100 גרם,false,0,39.90,3.99,true,1,
7290002925798,false,גם וגם ירוק,,IL,גם וגם ירוק,מיליליטרים,120.00,"100 מ""ל",false,0,16.00,13.33,true,1,
7290002929536,false,קובה למרק 600 גרם,שלושת האופים,IL,קובה למרק,גרמים,600.00,100 גרם,false,0,16.80,2.80,true,1,
7290002929642,false,טונה בשמן 4 יח,,TH,טונה בשמן 4 יח,גרמים,560.00,100 גרם,false,0,19.90,3.55,true,1,
7290002946700,false,מצית פחם נוזלי,,IL,מצית פחם נוזלי,מיליליטרים,200.00,"100 מ""ל",false,0,9.90,4.95,true,1,
7290002954026,false,"שמן תירס ""שוקחה"" 3 ליטר",a.o.r,BE,"שמן תירס ""שוקח",ליטרים,3.00,ליטר,false,0,28.30,9.43,true,1,
7290002954460,false,"אורז אוסטרלי עגול 1 ק""ג",רייס גרוברס,AU,אורז אוסטרלי,קילוגרמים,1.00,"ק""ג",false,0,9.40,9.40,true,1,
7290002958208,false,רויאל כחול,,IL,רויאל כחול,יחידה,1.00,יחידה,false,0,225.00,225.00,false,1,
7290002987963,false,"חומוס אחלה 1 ק""ג","שטראוס גרופ בע""\מ",IL,"חומוס אחלה 1 ק""ג",קילוגרמים,1.00,"ק""ג",false,0,13.90,13.90,true,1,
7290003009183,false,"סירופ תפוחים דיאט 750מ""ל",פריגת,IL,סירופ תפוחים,מיליליטרים,750.00,"100 מ""ל",false,0,17.90,2.39,true,1,
7290003009626,false,סירופ פטל פריגת 1.5 ליטר,גת גבעת חיים,IL,סירופ פטל,ליטרים,1.50,ליטר,false,0,20.90,13.93,true,1,
7290003009633,false,סירופ לימונים פריגת 1.5ל,גת גבעת חיים,IL,סירופ לימונים,ליטרים,1.50,ליטר,false,0,20.90,13.93,true,1,
7290003009640,false,מיץ תפוזים סחוט 1 ליטר,---,IL,מיץ תפוזים סחוט,ליטרים,1.00,ליטר,false,0,14.90,14.90,true,1,
7290003015474,false,מגבונ.עבים בייבי כיף72*4,קוסמופארם,IL,מגבוני בייבי כיף,יחידה,1.00,יחידה,false,0,21.60,21.60,true,1,
7290003015627,false,סנו ריצפז פרש אפרסק2ליטר,סנו,IL,ריצפז פרש,ליטרים,2.00,ליטר,false,0,18.90,9.45,true,1,
7290003023165,false,שוקו בכד יטבתה 2 ליטר,מחלבת יטבתה,IL,שוקו בכד יטבתה,ליטרים,2.00,ליטר,false,0,19.90,9.95,true,1,
7290003029181,false,שוקו יטבתה בבקבוק 1 ליטר,מחלבת יטבתה,IL,שוקו יטבתה,ליטרים,1.00,ליטר,false,0,11.90,11.90,true,1,
7290003029389,false,משקה בננה יטבתה+פקק 250מ,מחלבת יטבתה,IL,משקה בננה,מיליליטרים,250.00,"100 מ""ל",false,0,5.50,2.20,true,1,
7290003029433,false,שוקו יטבתה+פקק נשלף 250מ,מחלבת יטבתה,IL,שוקו יטבתה,מיליליטרים,250.00,"100 מ""ל",false,0,5.50,2.20,true,1,
7290003029532,false,מוקה יטבתה בקבוק 2% 1ל,מחלבת יטבתה,IL,מוקה יטבתה בקבוק,ליטרים,1.00,ליטר,false,0,11.90,11.90,true,1,
7290003029792,false,שוקו יטבתה מארז 225*8 מל,מחלבת יטבתה,IL,שקיות שוקו 8 יח',ליטרים,1.80,ליטר,false,0,18.90,10.50,true,1,
7290003029815,false,חלב מועשר יטבתה 3%כד 2ל',מחלבת יטבתה,IL,חלב מועשר יטבתה,ליטרים,2.00,ליטר,false,0,15.00,7.50,true,1,
7290003029907,false,אייס קפה יטבתה 2% 1ל,מחלבת יטבתה,IL,אייס קפה יטבתה,ליטרים,1.00,ליטר,false,0,11.90,11.90,true,1,
7290003047642,false,ליפטון ילו לייבל100ש1.5*,יוניליוור,RU,תה ילו לייבל,גרמים,150.00,100 גרם,false,0,14.90,9.93,true,1,
7290003054657,false,חרדל אקסטרא פורטה 370גרם,ריין דיג'ון,FR,חרדל דיז'ון,גרמים,370.00,100 גרם,false,0,11.60,3.14,true,1,
7290003056941,false,5 פיתות ארוזות,,IL,5 פיתות ארוזות,יחידה,1.00,יחידה,false,0,7.90,7.90,true,1,
7290003069583,false,סטייק דג סלמון פרוס קפוא,דלידג - נטו,CL,סטייק סלמון קפוא,קילוגרמים,0.00,"ק""ג",true,0,64.90,64.90,true,1,
7290003072637,false,נתחוני עוף בתיבול שוארמה,טיב טירת צבי 2000,IL,נתחוני עוף שוארמ,גרמים,135.00,100 גרם,false,1,19.90,14.74,true,1,
7290003072644,false,נתחוניעוף בתיבוליםתיכוני,טיב טירת צבי 2000,IL,נתחוני עוף ים תי,גרמים,135.00,100 גרם,false,1,19.90,14.74,true,1,
7290003072651,false,נתחוני עוף בתיבול פלפלים,טיב טירת צבי 2000,IL,נתחוני עוף פלפלי,גרמים,135.00,100 גרם,false,1,19.90,14.74,true,1,
7290003072750,false,נתחוני עוף בתיבול שוארמה,טיב טירת צבי 2000,IL,נתחוני עוף שוארמ,גרמים,300.00,100 גרם,false,1,34.90,11.63,true,1,
7290003072804,false,פסטרמה של פעם 200 גרם,טיב טירת צבי 2000,IL,פסטרמה של פעם,גרמים,200.00,100 גרם,false,1,22.90,11.45,true,1,
7290003072811,false,נקניקיות בראטוורסט 320 ג,טיב טירת צבי 2000,IL,נקניקיות בראטוו3,גרמים,320.00,100 גרם,false,1,22.90,7.16,true,1,
7290003072835,false,נקניקיות קנאקוורסט 320 ג,טיב טירת צבי 2000,IL,נקניקיות קנאקוור,גרמים,320.00,100 גרם,false,1,22.90,7.16,true,1,
7290003107216,false,"קמח לבן 1 ק""ג",טחנת קמח דגן לישראל,IL,קמח לבן,קילוגרמים,1.00,"ק""ג",false,0,4.90,4.90,true,1,
7290003107223,false,"סולת 1 ק""ג",טחנת קמח דגן לישראל,IL,סולת,קילוגרמים,1.00,"ק""ג",false,0,4.90,4.90,true,1,
7290003107247,false,שמרים יבשים אינסטנט33גרם,שטיבל,IL,שמרים יבשים,גרמים,33.00,100 גרם,false,0,5.00,15.15,true,1,
7290003107353,false,משפר אפייה ביתי 30 גרם,שטיבל,IL,משפר אפייה ביתי,גרמים,30.00,100 גרם,false,0,5.50,18.33,true,1,
7290003107360,false,קמח לבן בהיר ללא ניפוי1ק,"שטיבל בע""מ",IL,קמח לבן בהיר,קילוגרמים,1.00,"ק""ג",false,1,8.90,8.90,true,1,
7290003115532,false,פרגיות עוף טרי ארוז דיל,מילועוף,IL,פרגיות עוף טרי,קילוגרמים,0.00,"ק""ג",true,0,54.90,54.90,true,1,
7290003115549,false,עוף שלם טרי ארוז דיל,מילועוף,IL,עוף טיר שלם,קילוגרמים,0.00,"ק""ג",true,0,18.90,18.90,true,1,
7290003115556,false,חזה עוף טרי ארוז דיל,מילועוף,IL,חזה עוף טרי,קילוגרמים,0.00,"ק""ג",true,0,31.90,31.90,true,1,
7290003115563,false,כרעי עוף טרי ארוז דיל,מילועוף,IL,כרעי עוף טרי,קילוגרמים,0.00,"ק""ג",true,0,27.90,27.90,true,1,
7290003115587,false,שוקי עוף טרי ארוז דיל,מילועוף,IL,שוקיים עוף טרי,קילוגרמים,0.00,"ק""ג",true,0,32.90,32.90,true,1,
7290003115594,false,כנפי עוף טרי ארוז דיל,מילועוף,IL,כנפיים עוף טרי,קילוגרמים,0.00,"ק""ג",true,0,11.90,11.90,true,1,
7290003115600,false,כבד עוף טרי ארוז דיל,מילועוף,IL,כבד עוף טרי,קילוגרמים,0.00,"ק""ג",true,0,19.90,19.90,true,1,
7290003115631,false,שניצל עוף טרי ארוז דיל,מילועוף,IL,שניצל עוף טרי,קילוגרמים,0.00,"ק""ג",true,0,34.90,34.90,true,1,
7290003115655,false,פילה עוף טרי ארוז דיל,מילועוף,IL,פילה עוף טרי,קילוגרמים,0.00,"ק""ג",true,0,34.90,34.90,true,1,
7290003115662,false,קוקטייל טרי ארוז דיל,מילועוף,IL,קוקטייל עוף טרי,קילוגרמים,0.00,"ק""ג",true,0,27.90,27.90,true,1,
7290003119110,false,קוקה קולה 1.5*6 ליטר,החברה המרכזית לייצור משק,IL,קוקה קולה 1.5*6ל,ליטרים,9.00,ליטר,false,0,36.90,4.10,true,1,
7290003119165,false,קוקה קולה דיאט 1.5*6ל,החברה המרכזית לייצור משק,IL,קולה דיאט 6 יח,ליטרים,9.00,ליטר,false,0,36.90,4.10,true,1,
7290003120475,false,"מאלטי בקבוק חוזר 500 מ""ל",מבשלות בירה בינלאומיות ב,IL,בירה מאלטי,מיליליטרים,500.00,"100 מ""ל",false,0,4.40,0.88,true,1,
7290003126712,false,יוגורט עיזים ביו 3% 150ג,משק צוריאל תבור,IL,יוגורט ביו 3%,גרמים,150.00,100 גרם,false,0,6.00,4.00,true,1,
7290003130184,false,"פיניש מלח למדיח 2*2 ק""ג",רקיט בנקיזר,IL,מלח למדיח 2 יח,קילוגרמים,4.00,"ק""ג",false,0,26.40,6.60,true,1,
7290003143146,false,ממרח תמרים גת 450 גרם,טעמי הגליל,IL,ממרח תמרים,גרמים,450.00,100 גרם,false,0,6.30,1.40,true,1,
7290003144068,false,שוק.מריר60% צ'וקטה100*3ג,קומרשל שוקולד לקאזה אז.א,ES,שוקולד מריר 3 יח,גרמים,300.00,100 גרם,false,1,9.90,3.30,true,1,
7290003144082,false,עוגות אישיות צ'וקטה300גר,קונדיטוריה אס.פי.אי,IT,עוגות אישיות,גרמים,300.00,100 גרם,false,1,15.80,5.27,true,1,
7290003144310,false,תער אגוזים שקד וחמוציות,גי אנד גי,IL,ת.אגוז שקד וחמוצ,גרמים,150.00,100 גרם,false,1,18.90,12.60,true,1,
7290003144679,false,הוטפופ גביע 100*5 גרם,פופז,US,הוטפופ גביע,גרמים,500.00,100 גרם,false,1,14.90,2.98,true,1,
7290003144686,false,סוכריות טופי ממולאות600ג,סאדאט,TR,סוכריות טופי,גרמים,600.00,100 גרם,false,1,12.90,2.15,true,1,
7290003144778,false,בונ.צ'וקטה צדפות בלגי125,נאטרא,BE,בונ.צ'וקטה צדפות,גרמים,125.00,100 גרם,false,1,13.90,11.12,true,1,
7290003144907,false,סוכריות ממולאות 250 גרם,סאדאט,TR,סוכריות ממולאות,גרמים,250.00,100 גרם,false,1,7.90,3.16,true,1,
7290003145539,false,שוק.מריר60% צ'וקטה100*6ג,צוקטה,ES,שוקולד מריר 6 יח,גרמים,600.00,100 גרם,false,1,19.80,3.30,true,1,
7290003153831,false,שוש חטיף בוטנים 80 גרם,"שטראוס פריטו ליי בע""\מ )",IL,שוש חטיף בוטנים,גרמים,80.00,100 גרם,false,0,3.90,4.88,true,1,
7290003158164,false,פילו ריקוטה פרימיום קג,גידרון,IL,פילו ריקוטה,קילוגרמים,0.00,"ק""ג",true,0,39.00,39.00,true,1,
7290003189199,false,מעדן חריפה 26% במשקל,תעש' מזון יבנה,IL,מעדן חריפה,קילוגרמים,0.00,"ק""ג",true,0,37.00,37.00,true,1,
7290003189267,false,הצהובה הטובה קלאס5% 200ג,צי תעשיות מזון יבנה,IL,הצהובה טובה לייט,גרמים,200.00,100 גרם,false,0,14.80,7.40,true,1,
7290003189274,false,בנוסח מעושנת גליל26%משקל,תעש' מזון יבנה,IL,בנוסח מעושנת,קילוגרמים,0.00,"ק""ג",true,0,43.00,43.00,true,1,
7290003208586,false,"מרטיני ביאנקו 750 מ""ל",מרטיני ורוסי,IT,מרטיני ביאנקו,מיליליטרים,750.00,"100 מ""ל",false,0,54.90,7.32,true,1,
7290003217014,false,פיתות 5 יח',,IL,פיתות 5 יח',יחידה,1.00,יחידה,false,0,7.50,7.50,true,1,
7290003220502,false,"מי קוקוס 400 מ""ל",תאי קוקונאט,TH,מי קוקוס,מיליליטרים,400.00,"100 מ""ל",false,0,6.90,1.73,true,1,
7290003220588,false,רוטב צ'ילי דיאט,,TH,רוטב צ'ילי דיאט,מיליליטרים,700.00,"100 מ""ל",false,0,17.80,2.54,true,1,
7290003220595,false,"אורז לסושי 1 ק""ג",---,IL,אורז לסושי,קילוגרמים,1.00,"ק""ג",false,0,13.80,13.80,true,1,
7290003220700,false,מחצלת לגלגול סושי 1 יחיד,קוסומאי במבוק,CN,מחצלת גלגול סושי,יחידה,1.00,יחידה,false,0,5.90,5.90,true,1,
7290003220786,false,מקלות אורז עובי 5 400גרם,אסיאן סופירה פודס,TH,מקלות אורז,גרמים,400.00,100 גרם,false,0,8.80,2.20,true,1,
7290003220830,false,"חומץ אורז 500 מ""ל",דיאמונד פריזרוד פודס,TH,חומץ אורז,מיליליטרים,500.00,"100 מ""ל",false,0,14.80,2.96,true,1,
7290003220878,false,"רוטב מירין לתיבול 500מ""ל",---,TH,רוטב מירין,מיליליטרים,500.00,"100 מ""ל",false,0,21.70,4.34,true,1,
7290003229109,false,פסטרמה בפפריקה 400 גרם,טיב טירת צבי 2000,IL,פסטרמה בפפריקה,גרמים,400.00,100 גרם,false,0,31.40,7.85,true,1,
7290003229116,false,פסטרמה הודו בדבש 400 גרם,טירת צבי,IL,פסטרמה הודו בדבש,גרמים,400.00,100 גרם,false,0,31.40,7.85,true,1,
7290003229123,false,פסטרמה על גחלים 400 גרם,טיב טירת צבי 2000,IL,פסטרמה על גחלים,גרמים,400.00,100 גרם,false,0,31.70,7.93,true,1,
7290003229147,false,סלמי איטלקי 300 גרם,טיב טירת צבי 2000,IL,סלמי איטלקי,גרמים,300.00,100 גרם,false,0,28.90,9.63,true,1,
7290003229154,false,סלמי קוניאק 300 גרם,טיב טירת צבי 2000,IL,סלמי קוניאק,גרמים,300.00,100 גרם,false,0,28.90,9.63,true,1,
7290003229192,false,פסטרמה כתף בקר מעושן 400,טיב טירת צבי 2000,IL,פסטרמה כתף בקר,גרמים,400.00,100 גרם,false,0,33.90,8.48,true,1,
7290003231508,false,שמפו פינוק עם קרטין700מל,יוניליוור ישראל טיפוח אי,IL,שמפו פינוק,מיליליטרים,700.00,"100 מ""ל",false,0,11.90,1.70,true,1,
7290003231607,false,מרכך פינוק עם קרטין 700,יוניליוור ישראל טיפוח אי,IL,מרכך פינוק,מיליליטרים,700.00,"100 מ""ל",false,0,11.90,1.70,true,1,
7290003268252,false,לחם חיטה מלא לילדים750ג,דגנית עין בר,IL,לחם חיטה מלא,גרמים,750.00,100 גרם,false,1,13.90,1.85,true,1,
7290003268429,false,לחם ירוק מקמח מלא 750 גר,מאפ. דגנית עין-בר,IL,לחם ירוק קמח מלא,גרמים,750.00,100 גרם,false,0,14.90,1.99,true,1,
7290003310555,false,מאגדת טילון קרם עוגיות,מוצרי איכות אמריקאיים,IL,מאגדת טילון קרם,גרמים,400.00,100 גרם,false,0,27.90,6.98,true,1,
7290003321155,false,דנונה בר פקאן 183 גרם,"שטראוס בריאות בע""\מ",IL,דנונה בר פקאן,גרמים,183.00,100 גרם,false,0,4.60,2.51,true,1,
7290003321292,false,גב.סקי 9% שומן 250 גרם,"שטראוס בריאות בע""\מ",IL,גבינת סקי 9%,גרמים,250.00,100 גרם,false,0,4.80,1.92,true,1,
7290003332045,false,קפה שחור בלי ה,,IL,קפה שחור בלי ה,גרמים,250.00,100 גרם,false,0,13.90,5.56,true,1,
7290003387373,false,דאו.ספיד סטיק ספורט50גרם,קולגייט פלמוליב,US,דאודורנט,גרמים,50.00,100 גרם,false,0,19.70,39.40,true,1,
7290003387410,false,פדים להסרת איפור 80*3 יח,ספטונה,GR,פדים בלונס 3 יח,יחידה,1.00,יחידה,false,0,25.00,25.00,true,1,
7290003401369,false,קרם לחות לשיער חוחובה400,קרליין,IL,קרם לחות לשיער,מיליליטרים,400.00,"100 מ""ל",false,0,19.90,4.98,true,1,
7290003411238,false,שמרים יבשים 500 גרם,הנמל,BE,שמרים יבשים,גרמים,500.00,100 גרם,false,0,14.60,2.92,true,1,
7290003411726,false,קיסמים מלחיה 300 יחידות,הנמל,IL,קיסמי שיניים,יחידה,1.00,יחידה,false,0,3.80,3.80,true,1,
7290003411832,false,גרנולה אגוזים 400 גרם,הנמל,IL,גרנולה אגוזים,גרמים,400.00,100 גרם,false,0,11.20,2.80,true,1,
7290003411849,false,גרנולה תמרים ושקדים 400ג,הנמל,IL,גרנולה תמרים,גרמים,400.00,100 גרם,false,0,11.20,2.80,true,1,
7290003411993,false,גפרורים 10 יח',הנמל,IL,גפרורים,יחידה,1.00,יחידה,false,0,3.20,3.20,true,1,
7290003427154,false,"שמן זית כתית מעולה750מ""ל",זיתא,IL,שמן זית כתית,מיליליטרים,750.00,"100 מ""ל",false,0,34.90,4.65,true,1,
7290003434053,false,סופר פופאייס 8יח,,IL,סופר פופאייס 8יח,מיליליטרים,800.00,"100 מ""ל",false,0,7.90,0.99,true,1,
7290003438006,false,רוטב פסטו אוליביה 180 גר,אוליביה,IL,רוטב פסטו,גרמים,180.00,100 גרם,false,0,13.90,7.72,true,1,
7290003438013,false,ממרח זיתים ירוקים 190גרם,אוליביה,IL,ממרח זיתים,גרמים,190.00,100 גרם,false,0,13.90,7.32,true,1,
7290003438990,false,עיטורי עגבנ.מיובשות 280ג,אוליביה,IL,עגבניות מיובשות,גרמים,280.00,100 גרם,false,0,17.90,6.39,true,1,
7290003444009,false,חט.שוקו.חלב+חמאת בוטנ42ג,הרשי,US,חטיף שוקולד חלב,גרמים,42.00,100 גרם,false,0,3.90,9.29,true,1,
7290003450602,false,חרדל אמיתי היינץ 255 גרם,היינץ,US,חרדל אמיתי,גרמים,255.00,100 גרם,false,0,11.50,4.51,true,1,
7290003451555,false,שריר מס8' מוכשר קפוא 1,בלדי,IL,שריר מס8',קילוגרמים,0.00,"ק""ג",true,0,29.90,29.90,true,1,
7290003457991,false,חטיפי גל.קורנטו קלאסיקו,שטראוס,IL,חטיפי קורנטו,גרמים,300.00,100 גרם,false,0,34.90,11.63,true,1,
7290003495030,false,מאפה שקדים במשקל,גידרון,IL,מאפה שקדים,קילוגרמים,0.00,"ק""ג",true,0,39.00,39.00,true,1,
7290003521074,false,מרכך לילדים,פישר מעבדות פרמצבטיות בע,IL,מרכך לילדים,ליטרים,1.00,ליטר,false,0,25.60,25.60,true,1,
7290003521081,false,סרקל שמפו לילדים 1 ליטר,פישר מעבדות פרמצבטיות בע,IL,סרקל שמפו לילדים,ליטרים,1.00,ליטר,false,0,25.60,25.60,true,1,
7290003521166,false,"סרקל קרם רוזמרי 325 מ""ל",פישר מעבדות פרמצבטיות בע,IL,סרקל קרם רוזמרין,מיליליטרים,325.00,"100 מ""ל",false,0,24.90,7.66,true,1,
7290003521197,false,סרקל תרסיס מתיר קשרים340,פישר מעבדות פרמצבטיות בע,IL,סרקל מתיר קשרים,מיליליטרים,340.00,"100 מ""ל",false,0,24.90,7.32,true,1,
7290003524297,false,אספרגוס לבן שלם 330 גרם,נטו,CN,אספרגוס לבן שלם,גרמים,330.00,100 גרם,false,0,8.90,2.70,true,1,
7290003525461,false,סלט טונה פיקנטי,,IL,סלט טונה פיקנטי,גרמים,160.00,100 גרם,false,0,6.00,3.75,true,1,
7290003525478,false,סלט טונה,,IL,סלט טונה,גרמים,160.00,100 גרם,false,0,6.00,3.75,true,1,
7290003538140,false,תמרים דחוסים ללא גלעינים,"חצר כנרת מוצרי תמר אגש""ח",IL,תמר דחוס ללא גלע,גרמים,500.00,100 גרם,false,1,13.90,2.78,true,1,
7290003550333,false,טחון בקר מופחת שומן 500,טיבון ויל אחזקות בעמ,IL,טחון בקר מ.שומן,גרמים,500.00,100 גרם,false,0,34.50,6.90,true,1,
7290003550753,false,טונה פוסידון בשמן108*4ג,פוסידון תעשיות,IL,טונה בשמן 4 יח',גרמים,432.00,100 גרם,false,0,19.90,4.61,true,1,
7290003578061,false,לבבות דקל שלם,,EC,לבבות דקל שלם,גרמים,400.00,100 גרם,false,0,9.80,2.45,true,1,
7290003578108,false,לפתן אננס חתוך,,TH,לפתן אננס חתוך,גרמים,850.00,100 גרם,false,0,6.80,0.80,true,1,
7290003578177,false,תירס צעיר שלם,,TH,תירס צעיר שלם,גרמים,410.00,100 גרם,false,0,5.20,1.27,true,1,
7290003578290,false,מקלוני אורז,,CN,מקלוני אורז,גרמים,300.00,100 גרם,false,0,5.00,1.67,true,1,
7290003608898,false,תפוזינה תפוזים לייט1.5ל,"יפאורה תבורי בע""\מ",IL,תפוזינה לייט,ליטרים,1.50,ליטר,false,0,6.20,4.13,true,1,
7290003643004,false,אורז בסמטי קלאסי בשקית1ק,"סוגת תעשיות בע""מ",IL,אורז בסמטי קלאסי,קילוגרמים,1.00,"ק""ג",false,0,13.90,13.90,true,1,
7290003643325,false,קוסקוס בינוני,"אסיף תעשיות מזון בע""מ",IL,קוסקוס בינוני,גרמים,350.00,100 גרם,false,0,4.90,1.40,true,1,
7290003643387,false,"סוכר לבן צנצנת 1 ק""ג","סוגת תעשיות בע""מ",IL,סוכר לבן צנצנת,קילוגרמים,1.00,"ק""ג",false,0,7.90,7.90,true,1,
7290003643646,false,"סוכר דמררה צנצנת 1 ק""ג","סוגת תעשיות בע""מ",IL,סוכר דמררה,קילוגרמים,1.00,"ק""ג",false,0,11.50,11.50,true,1,
7290003643684,false,אפונה 500 גרם,"סוגת תעשיות בע""מ",IL,אפונה 500 גרם,גרמים,500.00,100 גרם,false,0,5.90,1.18,true,1,
7290003643738,false,חיטה 500 גרם,"סוגת תעשיות בע""מ",IL,חיטה 500 גרם,גרמים,500.00,100 גרם,false,0,5.90,1.18,true,1,
7290003643745,false,כוסמת 500 גרם,"סוגת תעשיות בע""מ",IL,כוסמת,גרמים,500.00,100 גרם,false,0,5.90,1.18,true,1,
7290003643752,false,עדשים ירוקות 500 גרם,"סוגת תעשיות בע""מ",IL,עדשים ירוקות,גרמים,500.00,100 גרם,false,0,6.90,1.38,true,1,
7290003643769,false,עדשים אדומות 500 גרם,"סוגת תעשיות בע""מ",IL,עדשים אדומות,גרמים,500.00,100 גרם,false,0,6.90,1.38,true,1,
7290003643776,false,פופקורן 500 גרם,"סוגת תעשיות בע""מ",IL,פופקורן 500 גרם,גרמים,500.00,100 גרם,false,0,5.90,1.18,true,1,
7290003643806,false,שעועית לבנה 500 גרם,"סוגת תעשיות בע""מ",IL,שעועית לבנה,גרמים,500.00,100 גרם,false,0,11.80,2.36,true,1,
7290003643820,false,חומוס ענק סוגת 500 גרם,סוגת,IL,חומוס ענק,גרמים,500.00,100 גרם,false,0,9.90,1.98,true,1,
7290003648207,false,מטיאס הולנדי במשקל,סלטי שמיר,IL,מטיאס הולנדי,קילוגרמים,0.00,"ק""ג",true,0,59.00,59.00,true,1,
7290003667109,false,פאנטה אורנג' 1.5 ל',החברה המרכזית לייצור משק,IL,פאנטה אורנג',ליטרים,1.50,ליטר,false,0,6.70,4.47,true,1,
7290003667369,false,פריגת מיקס תות-בננה1.5ל,מבשלות בירה בינלאומיות ב,IL,פריגת תות בננה,ליטרים,1.50,ליטר,false,0,6.70,4.47,true,1,
7290003667673,false,פנטה דיאט אורנג' 1.5ליטר,החברה המרכזית לייצור משק,IL,פנטה דיאט אורנג',ליטרים,1.50,ליטר,false,0,6.70,4.47,true,1,
7290003719259,false,לחם אקסקלוסיבי שיפ.מלא1ק,"י.את.א.ברמן בע""\מ",IL,לחם אקסקלוסיבי,קילוגרמים,1.00,"ק""ג",false,0,15.90,15.90,true,1,
7290003726110,false,טופו אורגני,,IL,טופו אורגני,גרמים,300.00,100 גרם,false,0,13.20,4.40,true,1,
7290003726615,false,טופו ויילר 300 גרם,"משק ווילר בע""\מ",IL,טופו ויילר,גרמים,300.00,100 גרם,false,1,12.00,4.00,true,1,
7290003727667,false,"סלט חומוס צבר 1 ק""ג",סלטי צבר,IL,סלט חומוס צבר,קילוגרמים,1.00,"ק""ג",false,0,14.90,14.90,true,1,
7290003782130,false,פילה הרינג בשמן במשקל,מעדני מיקי,IL,פילה הרינג בשמן,קילוגרמים,0.00,"ק""ג",true,0,54.00,54.00,true,1,
7290003804252,false,תיבול.קנור לאורז-הודי72ג,"יוניליוור ישראל מזון בע""",IL,תיבוליות קנור,גרמים,72.00,100 גרם,false,0,8.90,12.36,true,1,
7290003804375,false,תיבולית קנור ניחוח צלי72,"יוניליוור ישראל מזון בע""",IL,תיבולית קנור,גרמים,72.00,100 גרם,false,0,8.90,12.36,true,1,
7290003804382,false,תיבולית קנור פיטריות72גר,"יוניליוור ישראל מזון בע""",IL,תיבוליות פטריות,גרמים,72.00,100 גרם,false,0,8.90,12.36,true,1,
7290003805501,false,פתית חסכוני שוודית 300גר,יוניליוור ישראל מזון בע\,IL,פתית קרקר שוודי,גרמים,300.00,100 גרם,false,0,16.90,5.63,true,1,
7290003805587,false,"פתית חיטה מלאה בד""צ250גר",יוניליוור ישראל מזון בע\,IL,פתית חיטה מלאה,גרמים,250.00,100 גרם,false,0,16.90,6.76,true,1,
7290003805709,false,"כריות נוגט בד""צ 750 גרם",יוניליוור ישראל מזון בע\,IL,כריות נוגט,גרמים,750.00,100 גרם,false,0,24.90,3.32,true,1,
7290003806577,false,דאו. דאב אורגינל 150מל,יוניליוור,GB,דאודורנט דאב,מיליליטרים,150.00,"100 מ""ל",false,1,14.90,9.93,true,1,
7290003806584,false,"דאו. דאב ללא סימן 150מ""ל",יוניליוור,GB,דאודורנט דאב,מיליליטרים,150.00,"100 מ""ל",false,1,14.90,9.93,true,1,
7290003806591,false,דאו. דאב מלפפונים150מ,יוניליוור,GB,דאודורנט דאב,מיליליטרים,150.00,"100 מ""ל",false,1,14.90,9.93,true,1,
7290003806812,false,בדין אקסטרא יערת הדבש960,יוניליוור,TR,מרכך בדין אקסטרא,מיליליטרים,960.00,"100 מ""ל",false,0,15.90,1.66,true,1,
7290003864485,false,סרדינים ברוטב,,TH,סרדינים ברוטב,גרמים,110.00,100 גרם,false,0,5.30,4.82,true,1,
7290003864492,false,סרדין פיקנטי,,TH,סרדין פיקנטי,גרמים,110.00,100 גרם,false,0,5.30,4.82,true,1,
7290003882922,false,עלי גפן ממולאים,,CN,עלי גפן ממולאים,גרמים,400.00,100 גרם,false,0,8.90,2.23,true,1,
7290003896141,false,אלמנדוס 200גרם,גי אנד גי,IL,אלמנדוס 200גרם,גרמים,200.00,100 גרם,false,0,11.90,5.95,true,1,
7290003903955,false,שוקולד קרם חלב 100 גרם,שטראוס,IL,שוקולד קרם חלב,גרמים,100.00,100 גרם,false,0,5.50,5.50,true,1,
7290003905331,false,שוק.חלב+שברי אגוזים100גר,שטראוס,IL,שוק.חלב אגוזים,גרמים,100.00,100 גרם,false,0,5.50,5.50,true,1,
7290003956012,false,פטאקי 18% במשקל,מחלבת השומרון,IL,פטאקי 18% במשקל,קילוגרמים,0.00,"ק""ג",true,0,40.00,40.00,true,1,
7290003989096,false,חציל פיקנטי אחלה 500 גרם,"שטראוס גרופ בע""\מ",IL,חציל פיקנטי אחלה,גרמים,500.00,100 גרם,false,0,15.50,3.10,true,1,
7290003989539,false,רביולי עם גבינה 400 גרם,"שטראוס גרופ בע""\מ",IL,רביולי גבינה,גרמים,400.00,100 גרם,false,0,19.90,4.98,true,1,
7290004011284,false,"ריצ' להכנת קצפת 212 מ""ל",נטו,US,ריצ' להכנת קצפת,מיליליטרים,212.00,"100 מ""ל",false,0,9.00,4.25,true,1,
7290004011338,false,"קצפת ריצ' במיכל 250 מ""ל",נטו,IT,קצפת ריצ' במיכל,מיליליטרים,250.00,"100 מ""ל",false,0,15.90,6.36,true,1,
7290004011345,false,קצפת מתוקה,,IT,קצפת מתוקה,גרמים,250.00,100 גרם,false,0,15.90,6.36,true,1,
7290004011802,false,צ'וריסוס אלגאוצ'ו 400 גר,טיבון ויל - נטו,IL,צ'וריסוס,גרמים,400.00,100 גרם,false,0,23.90,5.98,true,1,
7290004011826,false,מיני המבורגר אלגאוצו320,---,IL,מיני המבורגר,גרמים,320.00,100 גרם,false,0,23.90,7.47,true,1,
7290004030025,false,מיץ תפוזים סחוט שמוטי2ל,פרי ניב,IL,מיץ תפוזים סחוט,ליטרים,2.00,ליטר,false,0,24.90,12.45,true,1,
7290004030032,false,מיץ תפוזים סחוט ולנסיה2ל,פרי ניב,IL,מיץ תפוזים סחוט,ליטרים,2.00,ליטר,false,0,24.90,12.45,true,1,
7290004030063,false,נקטר גויאבה,,IL,נקטר גויאבה,ליטרים,1.00,ליטר,false,0,12.90,12.90,true,1,
7290004030117,false,מיץ אננס 100% סחוט 1 ל',פריניב,IL,מיץ אננס סחוט,ליטרים,1.00,ליטר,false,1,18.30,18.30,true,1,
7290004030223,false,מיץ תפוחים סחוט,,IL,מיץ תפוחים סחוט,ליטרים,1.00,ליטר,false,0,18.30,18.30,true,1,
7290004030414,false,מיץ תפוזים מצונן,,IL,מיץ תפוזים מצונן,ליטרים,2.00,ליטר,false,0,19.90,9.95,true,1,
7290004030445,false,מיץ תפוזים סחוט,,IL,מיץ תפוזים סחוט,ליטרים,1.00,ליטר,false,0,12.90,12.90,true,1,
7290004030612,false,משקה תפוח קיווי,,IL,משקה תפוח קיווי,ליטרים,1.00,ליטר,false,0,14.20,14.20,true,1,
7290004030810,false,מיץ תפוז בננה פסיפלורה1ל,פריניב,IL,מיץ פריניב,מיליליטרים,1000.00,"100 מ""ל",false,1,18.30,1.83,true,1,
7290004030834,false,מיץ רימונים,,IL,מיץ רימונים,ליטרים,1.00,ליטר,false,0,22.90,22.90,true,1,
7290004043108,false,עדשי מ&מ'ס שוקולד 89 גרם,מרס,US,עדשי מ&מ'ס,גרמים,89.00,100 גרם,false,1,6.90,7.75,true,1,
7290004043205,false,עדשי שוק.מ&מ'ס בוטנים90ג,מרס,US,עדשי מ&מ'ס,גרמים,90.00,100 גרם,false,1,6.90,7.67,true,1,
7290004064099,false,מטחנה מלח הרי ההימלאיה,מלח הארץ אילת,IL,מטחנה מלח,גרמים,250.00,100 גרם,false,1,16.90,6.76,true,1,
7290004064174,false,"מלח דק הימלאיה 1 ק""ג",מלח הארץ אילת,PK,מלח דק הימלאיה,קילוגרמים,1.00,"ק""ג",false,1,19.90,19.90,true,1,
7290004064297,false,מלח מועשר ביוד צנצנת 1קג,חברת מלח הארץ אילת בעמ,IL,מלח מועשר ביוד,קילוגרמים,1.00,"ק""ג",false,1,9.90,9.90,true,1,
7290004068011,false,יוגורט כבשים,,IL,יוגורט כבשים,גרמים,600.00,100 גרם,false,0,17.20,2.87,true,1,
7290004068028,false,ציזיקי לשתיה,,IL,ציזיקי לשתיה,מיליליטרים,500.00,"100 מ""ל",false,0,9.20,1.84,true,1,
7290004068332,false,גבינת קממבר בקר,,IL,גבינת קממבר בקר,קילוגרמים,0.00,"ק""ג",true,0,117.00,117.00,true,1,
7290004068424,false,גבינת גאודה,,IL,גבינת גאודה,קילוגרמים,0.00,"ק""ג",true,0,117.00,117.00,true,1,
7290004068585,false,גאודה עיזים משולשים משקל,מחלבת אמלטי,NL,גאודה עיזים,קילוגרמים,0.00,"ק""ג",true,1,131.00,131.00,true,1,
7290004078270,false,פלמוליב לכלים לימון1ליטר,קולגייט-פלמוליב,GR,פלמוליב לכלים,ליטרים,1.00,ליטר,false,0,13.90,13.90,true,1,
7290004091248,false,וזלין טהור 106 גרם,יוניליוור,US,וזלין טהור,גרמים,106.00,100 גרם,false,0,13.90,13.11,true,1,
7290004119133,false,יוגורט בכד6.5%  1.5 ליטר,מחלבת אלון תבור,IL,יוגורט בכד,ליטרים,1.50,ליטר,false,0,17.30,11.53,true,1,
7290004119522,false,"שוקו תנובה בשקית 225 מ""ל",תנובה,IL,שוקו בשקית,מיליליטרים,225.00,"100 מ""ל",false,0,2.80,1.24,true,1,
7290004119973,false,מעדן שוקו קרלו3% 125גרם,מחלבת אלון תבור,IL,קרלו שוקולדה,גרמים,125.00,100 גרם,false,0,2.90,2.32,true,1,
7290004120108,false,יופלה דובדבן 0% 150 גרם,תנובה בעמ,IL,יופלה דיאט 0%,גרמים,150.00,100 גרם,false,0,5.00,3.33,true,1,
7290004120269,false,"שוקו בשקית 225*6מ""ל",---,IL,שוקו 6 שקיות,ליטרים,1.35,ליטר,false,0,16.20,12.00,true,1,
7290004120634,false,גב.בולגרית פיראוס5% 250ג,תנובה,IL,גבינה בולגרית5%,גרמים,250.00,100 גרם,false,0,21.90,8.76,true,1,
7290004121488,false,יופלה דיאט אפרסק 150 גרם,תנובה בעמ,IL,יופלה דיאט אפרסק,גרמים,150.00,100 גרם,false,0,5.00,3.33,true,1,
7290004121525,false,יופלה אפרסק+תות3% 150*8ג,תנובה בעמ,IL,יופלה 3% 8 יח',קילוגרמים,1.20,"ק""ג",false,0,29.90,24.92,true,1,
7290004121839,false,גבינת פטה פיראוס20% 250ג,תנובה,IL,גבינת פטה כבשים,גרמים,250.00,100 גרם,false,0,26.80,10.72,true,1,
7290004121853,false,פיראוס קוב.בולגרית5% 200,תנובה,IL,קוביות בולגרית5%,גרמים,200.00,100 גרם,false,0,21.60,10.80,true,1,
7290004122119,false,פתיתי פרמזן לפסטה 100גרם,תנובה,IL,פתיתי פרמזן,גרמים,100.00,100 גרם,false,0,12.20,12.20,true,1,
7290004122195,false,גוש חלב פרוס28% 200מהדרי,תנובה,IL,גבינה גוש חלב,גרמים,200.00,100 גרם,false,0,13.80,6.90,true,1,
7290004122270,false,עמק פרוס סגירה חוזרת 200,תנובה,IL,גבינת עמק פרוס,גרמים,200.00,100 גרם,false,0,15.80,7.90,true,1,
7290004122348,false,גב.עמק לייט9% שומן 200גר,תנובה,IL,גבינת עמק לייט,גרמים,200.00,100 גרם,false,0,16.60,8.30,true,1,
7290004122607,false,גבינת עמק לייט 9% במשקל,תנובה,IL,גבינת עמק לייט9%,קילוגרמים,0.00,"ק""ג",true,0,72.00,72.00,true,1,
7290004122676,false,גבינת חמד לייט 5% 250 גר,תנובה,IL,גבינת חמד לייט5%,גרמים,250.00,100 גרם,false,0,18.50,7.40,true,1,
7290004122683,false,אצבעות עמק חטיף גבינה172,תנובה,IL,אצבעות עמק,גרמים,172.00,100 גרם,false,0,16.40,9.53,true,1,
7290004124205,false,יופלה דיאט תות0% 150 גר,תנובה בעמ,IL,יופלה דיאט תות0%,גרמים,150.00,100 גרם,false,0,5.00,3.33,true,1,
7290004124847,false,קצפת צמחית השף הלבן500מל,סוי מג'יק,IL,קצפת צמחית,מיליליטרים,500.00,"100 מ""ל",false,0,16.40,3.28,true,1,
7290004125370,false,שמנת חמוצה 9% שומן 200מל,תנובה,IL,שמנת חמוצה 9%,מיליליטרים,200.00,"100 מ""ל",false,0,3.50,1.75,true,1,
7290004125400,false,"אשל מהדרין 4.5% 200 מ""ל",תנובה,IL,אשל 4.5% שומן,מיליליטרים,200.00,"100 מ""ל",false,0,1.61,0.81,true,1,
7290004125417,false,"גיל 3% מהדרין 200מ""ל",תנובה,IL,גיל לבן 3%שומן,מיליליטרים,200.00,"100 מ""ל",false,0,1.44,0.72,true,1,
7290004125455,false,שמנת תנובה 15%שומן200מל,תנובה,IL,שמנת תנובה 15%,מיליליטרים,200.00,"100 מ""ל",false,0,2.28,1.14,true,1,
7290004125509,false,שמנת חמוצה15% חצי מנה100,תנובה,IL,שמנת חמוצה 15%,מיליליטרים,100.00,"100 מ""ל",false,0,1.70,1.70,true,1,
7290004125578,false,משקה סויה מועשר בסידן1ל,סוי מג'יק,IL,משקה סויה,ליטרים,1.00,ליטר,false,0,9.90,9.90,true,1,
7290004125585,false,משקה סויה בטעם וניל 1 לי,סוי מג'יק,IL,משקה סויה וניל,ליטרים,1.00,ליטר,false,0,9.90,9.90,true,1,
7290004125721,false,שמנת בישול-15%שף לבן250מ,תנובה,IL,שמנת לבישול15%,מיליליטרים,250.00,"100 מ""ל",false,0,8.30,3.32,true,1,
7290004125738,false,שמנת להקצפה-32%שף לבן250,תנובה,IL,שמנת להקצפה32%,מיליליטרים,250.00,"100 מ""ל",false,0,6.50,2.60,true,1,
7290004125776,false,גב.עמק פרוס% 28קופסא400ג,תנובה,IL,גבינת עמק פרוס,גרמים,400.00,100 גרם,false,0,27.80,6.95,true,1,
7290004126650,false,גבינה צפתית 5% משקל,תנובה,IL,גבינה צפתית 5%,קילוגרמים,0.00,"ק""ג",true,0,59.00,59.00,true,1,
7290004126674,false,גבינה טל העמק לייט 200גר,תנובה,IL,גבינה טל העמק,גרמים,200.00,100 גרם,false,0,18.50,9.25,true,1,
7290004126759,false,יופלה פירות יער0% 150 גר,תנובה בעמ,IL,יופלה דיאט,גרמים,150.00,100 גרם,false,0,5.00,3.33,true,1,
7290004127077,false,קוטג' תנובה 3% שומן 250,מחלבת אלון תבור,IL,קוטג' 3% שומן,גרמים,250.00,100 גרם,false,0,5.50,2.20,true,1,
7290004127329,false,קוטג' 5% 250 גרם בעלז,מחלבת אלון תבור,IL,קוטג' תנובה 5%,גרמים,250.00,100 גרם,false,0,5.50,2.20,true,1,
7290004127336,false,קוטג' תנובה 9% שומן 250ג,מחלבת אלון תבור,IL,קוטג' תנובה 9%,גרמים,250.00,100 גרם,false,0,5.50,2.20,true,1,
7290004127800,false,גב.לבנה 5% שומן 500 גרם,מחלבת אלון תבור,IL,גבינה לבנה 5%,גרמים,500.00,100 גרם,false,0,9.50,1.90,true,1,
7290004127817,false,גב.לבנה 9% שומן 500 גרם,מחלבת אלון תבור,IL,גבינה לבנה 9%,גרמים,500.00,100 גרם,false,0,9.50,1.90,true,1,
7290004127862,false,גבינה לבנה 5% 750 גרם,תנובה,IL,גבינה לבנה 5%,גרמים,750.00,100 גרם,false,0,14.25,1.90,true,1,
7290004128333,false,לבנה 9% פיראוס 500 גרם,תנובה,IL,לבנה פיראוס 9%,גרמים,500.00,100 גרם,false,0,19.50,3.90,true,1,
7290004128340,false,גבינת קרם ט.טבעי 5% 200ג,תנובה,IL,גבינת שמנת,גרמים,200.00,100 גרם,false,0,11.30,5.65,true,1,
7290004128364,false,גב.שמנת עם זיתים 5% 200ג,תנובה,IL,גבינת שמנת זיתים,גרמים,200.00,100 גרם,false,0,11.30,5.65,true,1,
7290004128401,false,פטה פיראוס 20%,,IL,פטה פיראוס 20%,קילוגרמים,0.00,"ק""ג",true,0,111.00,111.00,true,1,
7290004129101,false,גב.נפולאון טעם טבעי 225ג,תנובה,IL,גבינת נפוליאון,גרמים,225.00,100 גרם,false,0,13.90,6.18,true,1,
7290004129118,false,גב.נפולאון טעם זיתים225ג,מחלבת אלון תבור,IL,גבינת נפוליאון,גרמים,225.00,100 גרם,false,0,13.90,6.18,true,1,
7290004129156,false,גב.נפולאון שום-שמיר 225ג,מחלבת אלון תבור,IL,גבינת נפוליאון,גרמים,225.00,100 גרם,false,0,13.90,6.18,true,1,
7290004129545,false,גבינה למריחה 3% 250 גרם,מחלבת אלון תבור,IL,גבינה לבנה 3%,גרמים,250.00,100 גרם,false,0,4.80,1.92,true,1,
7290004129736,false,יופלה לבן מעודן1.5% 200ג,תנובה,IL,יופלהלבן מעודן,גרמים,200.00,100 גרם,false,0,4.20,2.10,true,1,
7290004129767,false,יופלה לבן 3% 150*8גרם,מחלבת אלון תבור,IL,יופלה לבן  3%,קילוגרמים,1.20,"ק""ג",false,0,17.30,14.42,true,1,
7290004129903,false,נפוליאון גב.שמנת25% משקל,תנובה,IL,גבינת שמנת,קילוגרמים,0.00,"ק""ג",true,0,47.00,47.00,true,1,
7290004130794,false,משקה סויה במתיקות מופחתת,סוי מג'יק,IL,משקה סויה,ליטרים,1.00,ליטר,false,0,9.90,9.90,true,1,
7290004130916,false,יופלה פירות יער+שמנת150ג,תנובה בעמ,IL,יופלה פירות יער,גרמים,150.00,100 גרם,false,0,5.00,3.33,true,1,
7290004131074,false,חלב בקרטון 3% שומן 1 ל',---,IL,חלב בקרטון 3%,ליטרים,1.00,ליטר,false,0,5.94,5.94,true,1,
7290004131227,false,גבינה לבנה3% 500 גרם,מחלבת אלון תבור,IL,גבינה לבנה 3%,גרמים,500.00,100 גרם,false,0,9.50,1.90,true,1,
7290004131432,false,יופלה ביו לבן 3% 200 גרם,מחלבת אלון תבור,IL,יופלה לבן 3%,גרמים,200.00,100 גרם,false,0,3.90,1.95,true,1,
7290004131456,false,יופלה לבן 1.5% 200 גרם,מחלבת אלון תבור,IL,יופלה לבן 1.5%,גרמים,200.00,100 גרם,false,0,4.00,2.00,true,1,
7290004131531,false,שוקו תנובה בקבוק 1 ליטר,תנובה,IL,שוקו בקבוק,ליטרים,1.00,ליטר,false,0,12.80,12.80,true,1,
7290004131814,false,פיראוס צפתית מעוד5% 200ג,תנובה,IL,פיראוס צפתית5%,גרמים,200.00,100 גרם,false,0,14.90,7.45,true,1,
7290004132231,false,"משקה חלב לקפה 800 מ""ל",תנובה,IL,משקה חלב לקפה,מיליליטרים,800.00,"100 מ""ל",false,0,6.70,0.84,true,1,
7290004132552,false,משקה סויה לייט 1ל,סוי מג'יק,IL,משקה סויה,ליטרים,1.00,ליטר,false,0,9.90,9.90,true,1,
7290004132712,false,חטיפ.מוצרלה אצבעות21.5*8,תנובה,IL,חטיפי מוצרלה,גרמים,172.00,100 גרם,false,0,16.40,9.53,true,1,
7290004133511,false,יופלה לבן מעוד1.5% 150*8,מחלבת אלון תבור,IL,יופלה מעודן 8 יח,קילוגרמים,1.20,"ק""ג",false,0,20.40,17.00,true,1,
7290004133627,false,חלב על הבוקר וניל 3% 1 ל,תנובה,IL,חלב על הבוקר 3%,ליטרים,1.00,ליטר,false,0,8.00,8.00,true,1,
7290004133900,false,קצפת צמחית השף הלבן250מל,סוי מג'יק,IL,קצפת צמחית,מיליליטרים,250.00,"100 מ""ל",false,0,9.00,3.60,true,1,
7290004134983,false,פרוסות גבינת עמק 5% 200ג,תנובה,IL,גבינת עמק 5%,גרמים,200.00,100 גרם,false,0,17.80,8.90,true,1,
7290004135324,false,פיראוס בולגרית מע5%משקל,תנובה,IL,פיראוס בולגרית,קילוגרמים,0.00,"ק""ג",true,0,49.00,49.00,true,1,
7290004135614,false,בולג.מעוד.פיראוס 5% 250ג,תנובה,IL,בולגרית פיראוס5%,גרמים,250.00,100 גרם,false,0,21.90,8.76,true,1,
7290004136130,false,"שוקו תנובה בקבוק 340 מ""ל",תנובה,IL,שוקו תנובה בקבוק,מיליליטרים,340.00,"100 מ""ל",false,0,6.50,1.91,true,1,
7290004136154,false,משקה אייס קפה בקבוק340מל,תנובה,IL,משקה אייס קפה,מיליליטרים,340.00,"100 מ""ל",false,0,6.70,1.97,true,1,
7290004136871,false,מעדן ג'לי אפרסק+חתיכ125.,סוי מג'יק,IL,מעדן ג'לי אפרסק,גרמים,125.00,100 גרם,false,0,2.80,2.24,true,1,
7290004137021,false,שמנת לבישול 10%שומן250מ,תנובה,IL,שמנת לבישול10%,מיליליטרים,250.00,"100 מ""ל",false,0,8.30,3.32,true,1,
7290004137311,false,עמק לייט משפחתית 400 גרם,תנובה,IL,גבינת עמק לייט,גרמים,400.00,100 גרם,false,0,30.90,7.73,true,1,
7290004165017,false,"רסק תפו""ע ללת""ס","זנלכל בע""\מ",IL,"רסק תפו""ע דיאט",גרמים,560.00,100 גרם,false,0,5.90,1.05,true,1,
7290004170844,false,לחם אותנטי עםשיפון 500 ג,גידרון,IL,לחם אותנטי שיפון,גרמים,500.00,100 גרם,false,1,11.90,2.38,true,1,
7290004170851,false,לחם אותנטי 500 גרם,גידרון,IL,לחם אותנטי,גרמים,500.00,100 גרם,false,1,11.90,2.38,true,1,
7290004219277,false,אנשובי בצנצנת ארוך 80גרם,קמפיאס,IT,פילה אנשובי,גרמים,80.00,100 גרם,false,0,12.90,16.13,true,1,
7290004219826,false,מלבין קפה קומפלט,,NL,מלבין קפה קומפלט,גרמים,400.00,100 גרם,false,0,19.80,4.95,true,1,
7290004225278,false,בסגנון דנבלו,,IL,בסגנון דנבלו,קילוגרמים,0.00,"ק""ג",true,0,88.00,88.00,true,1,
7290004225285,false,בסגנון דנאבלו,,DK,בסגנון דנאבלו,גרמים,100.00,100 גרם,false,0,12.20,12.20,true,1,
7290004225872,false,קרם קוקוס ויליגר,,VN,קרם קוקוס ויליגר,מיליליטרים,400.00,"100 מ""ל",false,0,7.90,1.98,true,1,
7290004228415,false,פיצה עבה סיציליאנית,שגב,IL,פיצה עבה סיציליא,גרמים,425.00,100 גרם,false,1,16.90,3.98,true,1,
7290004229740,false,סגנון פטה 21% במשקל,ממן מגירי,DK,סגנון פטה 21%,קילוגרמים,0.00,"ק""ג",true,1,33.00,33.00,true,1,
7290004230340,false,מקלות בורקס פילו תרד בצל,שגב,IL,מקלות בורקס פילו,גרמים,600.00,100 גרם,false,0,20.90,3.48,true,1,
7290004256753,false,עלי בצק למילוי סגרים 450,נטו,IL,עלי בצק למילוי,גרמים,450.00,100 גרם,false,1,11.90,2.64,true,1,
7290004256920,false,טחון מן הצומח שגב 400גר,שגב,IL,טחון מן הצומח,גרמים,400.00,100 גרם,false,1,29.90,7.48,true,1,
7290004256944,false,בורגר מן הצומח שגב 400 ג,שגב,IL,בורגר מן הצומח,גרמים,400.00,100 גרם,false,1,29.90,7.48,true,1,
7290004423353,false,פריגת תפוחים 1.5 ליטר,מבשלות בירה בינלאומיות ב,IL,פריגת תפוחים,ליטרים,1.50,ליטר,false,0,6.70,4.47,true,1,
7290004485771,false,פילה טבעוף טרי ארוז קג,טבעוף,IL,פילה טבעוף טרי,קילוגרמים,0.00,"ק""ג",true,1,49.90,49.90,true,1,
7290004485788,false,שניצל טבעוף טרי ארוז קג,טבעוף,IL,שניצל טבעוף טרי,קילוגרמים,0.00,"ק""ג",true,1,46.90,46.90,true,1,
7290004485795,false,סטייק פרגית טבעוף טרי קג,טבעוף,IL,סטייק פרגית טרי,קילוגרמים,0.00,"ק""ג",true,1,74.90,74.90,true,1,
7290004485818,false,שוקיים טבעוף טרי ארוז קג,טבעוף,IL,שוקיים טבעוף טרי,קילוגרמים,0.00,"ק""ג",true,1,44.90,44.90,true,1,
7290004485832,false,כנפיים טבעוף טרי ארוז,טבעוף,IL,כנפיים טבעוף טרי,קילוגרמים,0.00,"ק""ג",true,1,14.90,14.90,true,1,
7290004485856,false,כבד טבעוף טרי ארוז קג,טבעוף,IL,כבד טבעוף טרי,קילוגרמים,0.00,"ק""ג",true,1,29.90,29.90,true,1,
7290004492816,false,נישנושים מלוח 350 גרם,בייגל את בייגל מזון 198),IL,נישנושי קרקר,גרמים,350.00,100 גרם,false,0,12.90,3.69,true,1,
7290004492823,false,נישנושים שומשום 350 גרם,בייגל את בייגל מזון 198),IL,נישנושים שומשום,גרמים,350.00,100 גרם,false,0,12.90,3.69,true,1,
7290004504731,false,לחם רוסי קפוא 550גרם,גידרון,IL,לחם רוסי,יחידה,1.00,יחידה,false,1,9.90,9.90,true,1,
7290004504748,false,לחם בצל קפוא 550גרם,גידרון,IL,לחם בצל,יחידה,1.00,יחידה,false,1,9.90,9.90,true,1,
7290004504755,false,לחם שיפון קפוא 550 גרם,גידרון,IL,לחם שיפון,יחידה,1.00,יחידה,false,1,9.90,9.90,true,1,
7290004504762,false,לחם קמח מלא קפוא 550 גרם,גידרון,IL,לחם קמח מלא,יחידה,1.00,יחידה,false,1,9.90,9.90,true,1,
7290004554354,false,גל.פנטסיה שוקו-וניל חלבי,שטראוס,IL,"גלידת ""פנטסיה""",ליטרים,1.00,ליטר,false,0,23.30,23.30,true,1,
7290004554903,false,גל.פנטזיה פרווה 1 ליטר,שטראוס,IL,גל.פנטזיה פרווה,מיליליטרים,1000.00,"100 מ""ל",false,0,23.30,2.33,true,1,
7290004584351,false,גב.סימפוניה 5% 200 גרם,"שטראוס בריאות בע""\מ",IL,גבינת סימפוניה,גרמים,200.00,100 גרם,false,0,11.00,5.50,true,1,
7290004584528,false,יוגורט ביו 1.7%דנונה200ג,"שטראוס בריאות בע""\מ",IL,יוגורט ביו 1.7%,גרמים,200.00,100 גרם,false,0,3.70,1.85,true,1,
7290004585907,false,דני וניל 1.5% שומן 125 ג,"שטראוס גרופ בע""\מ",IL,דני וניל 1.5%,גרמים,125.00,100 גרם,false,0,2.70,2.16,true,1,
7290004611590,false,עוף טרי מחולק,שונות,IL,עוף טרי מחולק,קילוגרמים,0.00,"ק""ג",true,0,21.90,21.90,true,1,
7290004658618,false,תירוש מיץ ענבים לבן 1 ל',יקבי כרמל,IL,מיץ תירוש לבן,ליטרים,1.00,ליטר,false,0,17.90,17.90,true,1,
7290004658625,false,מיץ ענבים תירוש אדום 1ל',יקבי כרמל,IL,מיץ תירוש אדום,ליטרים,1.00,ליטר,false,0,16.90,16.90,true,1,
7290004658960,false,"אמרלד ריזלינג P.C 750מ""ל",יקבי כרמל,IL,אמרלד ריזלינג,מיליליטרים,750.00,"100 מ""ל",false,0,39.90,5.32,true,1,
7290004685010,false,לחם 100% שיפון קל 500 גר,"י.את.א.ברמן בע""\מ",IL,לחם שיפון קל,גרמים,500.00,100 גרם,false,0,15.90,3.18,true,1,
7290004685027,false,לחם מחיטה מלאה קל 500 גר,"י.את.א.ברמן בע""\מ",IL,לחם מחיטה מלא קל,גרמים,500.00,100 גרם,false,0,15.90,3.18,true,1,
7290004685041,false,לחם הארץ חיטה מלאה750גרם,"י.את.א.ברמן בע""\מ",IL,לחם חיטה מלאה,גרמים,750.00,100 גרם,false,0,15.90,2.12,true,1,
7290004685089,false,לחם חמניות 500 גרם,מאפית ברמן,IL,לחם חמניות,גרמים,500.00,100 גרם,false,0,15.90,3.18,true,1,
7290004685126,false,לחם הארץ חמישה דגנים750ג,"י.את.א.ברמן בע""\מ",IL,לחם הארץ 5 דגנים,גרמים,750.00,100 גרם,false,0,15.90,2.12,true,1,
7290004685157,false,לחם שיפון 100%פרוס 750ג,"י.את.א.ברמן בע""\מ",IL,לחם שיפון פרוס,גרמים,750.00,100 גרם,false,0,15.90,2.12,true,1,
7290004685195,false,לחם 10 דגנים פרוס 750גרם,"י.את.א.ברמן בע""\מ",IL,לחם 10 דגנים,גרמים,750.00,100 גרם,false,0,15.90,2.12,true,1,
7290004685201,false,לחם הארץ שיפון אגוזים500,"י.את.א.ברמן בע""\מ",IL,לחם שיפון אגוזים,גרמים,500.00,100 גרם,false,0,15.90,3.18,true,1,
7290004685225,false,לחם פומפרניקל 750 גרם,"י.את.א.ברמן בע""\מ",IL,לחם פומפרניקל,גרמים,750.00,100 גרם,false,0,15.90,2.12,true,1,
7290004685232,false,לחם שאור ללא שמרים 750גר,"י.את.א.ברמן בע""\מ",IL,לחם הארץ שאור,גרמים,750.00,100 גרם,false,0,15.90,2.12,true,1,
7290004685430,false,לחם הארץ כוסמין100% 500ג,"י.את.א.ברמן בע""\מ",IL,לחם הארץ כוסמין,גרמים,500.00,100 גרם,false,1,15.90,3.18,true,1,
7290004685447,false,לחמניות כוסמין 6יח 450ג,"י.את.א.ברמן בע""\מ",IL,לחמניות כוסמין,גרמים,450.00,100 גרם,false,1,14.90,3.31,true,1,
7290004725600,false,גבינה סקנדינבית31% משקל,תנובה,IL,גבינה סקנדינבית,קילוגרמים,0.00,"ק""ג",true,1,75.00,75.00,true,1,
7290004731076,false,אל סבון כיף אלוורה 1ליטר,קוסמופארם,IL,אל סבון כיף,ליטרים,1.00,ליטר,false,0,10.90,10.90,true,1,
7290004731090,false,אל סבון כיף קמומיל 1ליטר,קוסמופארם,IL,אל סבון כיף,ליטרים,1.00,ליטר,false,0,10.90,10.90,true,1,
7290004731137,false,ק.ידיים קרמה עור יבש100מ,קוסמופארם,IL,קרמה קרם ידיים,מיליליטרים,100.00,"100 מ""ל",false,0,8.90,8.90,true,1,
7290004731472,false,אלסבון כיף צבעוני 500*3מ,קוסמופארם,IL,אלסבון כיף 3 יח,ליטרים,1.50,ליטר,false,0,19.50,13.00,true,1,
7290004731564,false,מקסימה למייבש בלוסום750מ,---,IL,מקסימה למייבש,מיליליטרים,750.00,"100 מ""ל",false,1,16.30,2.17,true,1,
7290004731670,false,דואו פרש פצ'ולי לבנדר300,"סנו מפעלי ברונוס בע""\מ",IL,סנו דואו פרש,מיליליטרים,300.00,"100 מ""ל",false,0,10.90,3.63,true,1,
7290004731816,false,מגבות הפלא,,,מגבות הפלא,מטרים,84.00,מטר,false,0,13.90,0.17,true,1,
7290004737719,false,אספרגוס מקולף,,CN,אספרגוס מקולף,גרמים,330.00,100 גרם,false,0,8.50,2.58,true,1,
7290004923099,false,עין גדי מים מינרל. 2*6 ל,עין גדי מיים מינרלים,IL,מים עין גדי 6 יח,ליטרים,12.00,ליטר,false,0,11.50,0.96,true,1,
7290004982355,false,טריפל צ'דר במשקל,כושר דיירי,GB,גבינת צ'דר,קילוגרמים,0.00,"ק""ג",true,1,119.00,119.00,true,1,
7290005041402,false,שיפודי שווארמה)פרגית(,מעדני הטלה והעגל,IL,שיפודי שווארמה,גרמים,600.00,100 גרם,false,1,54.90,9.15,true,1,
7290005068058,false,תירס קל 550 גרם,פרי גליל,IL,תירס קל,גרמים,550.00,100 גרם,false,0,6.90,1.25,true,1,
7290005082962,false,פרצלס 80 גרם,גידרון,IL,פרצלס,גרמים,80.00,100 גרם,false,0,5.20,6.50,true,1,
7290005082979,false,חלת דגנים קלועה 560 גרם,גידרון,IL,חלת דגנים קלועה,גרמים,560.00,100 גרם,false,0,11.90,2.13,true,1,
7290005084355,false,משח.סנסודיין דואל קייר75,MICLEN DE,GB,משחת שיניים,מיליליטרים,75.00,"100 מ""ל",false,0,20.90,27.87,true,1,
7290005095252,false,חלבה סנדוויץ נוגט במשקל,"אחדות בע""מ א.ת. ברקן",IL,חלבה נוגט אחדות,קילוגרמים,0.00,"ק""ג",true,0,53.00,53.00,true,1,
7290005113222,false,מיקס זיתים,,IL,מיקס זיתים,גרמים,340.00,100 גרם,false,0,9.30,2.74,true,1,
7290005174513,false,חציל במיונז אחלה 500 גרם,"שטראוס גרופ בע""\מ",IL,סלט חציל מיונז,גרמים,500.00,100 גרם,false,0,15.90,3.18,true,1,
7290005174551,false,חומוס יום יום 125 גרם,"שטראוס גרופ בע""\מ",IL,חומוס יום יום,גרמים,125.00,100 גרם,false,0,4.90,3.92,true,1,
7290005174575,false,טחינה יום יום 125 גרם,"שטראוס גרופ בע""\מ",IL,טחינה יום יום,גרמים,125.00,100 גרם,false,0,4.90,3.92,true,1,
7290005197628,false,שוקולד חלב פרה 100*6 גרם,עלית,IL,שוקולד חלב 6 יח,גרמים,600.00,100 גרם,false,0,24.90,4.15,true,1,
7290005197635,false,שוקולד מריר פרה 100*6 גר,שטראוס,IL,שוקולד מריר 6 יח,גרמים,600.00,100 גרם,false,0,24.90,4.15,true,1,
7290005199622,false,עד חצות מריר 200 גרם,עלית,IL,עד חצות מריר,גרמים,200.00,100 גרם,false,0,12.90,6.45,true,1,
7290005199738,false,מאסט LL ריח פה פפרמינט28,עלית,IL,מסטיק מאסט LL,גרמים,28.00,100 גרם,false,0,4.30,15.36,true,1,
7290005200786,false,תפוצ'יפס ט.שמנת ובצל50גר,"שטראוס פריטו ליי בע""\מ )",IL,תפוצ'יפס שמנת,גרמים,50.00,100 גרם,false,0,4.00,8.00,true,1,
7290005200908,false,שוק.פרה עם ביסקוויט 100ג,עלית,IL,שוקולד+ביסקויט,גרמים,100.00,100 גרם,false,0,5.90,5.90,true,1,
7290005201455,false,קפה נמס ארומה 200 גרם,עלית,PL,קפה נמס ארומה,גרמים,200.00,100 גרם,false,0,21.90,10.95,true,1,
7290005201882,false,קפה טורקי בצלופן 200 גרם,עלית,IL,קפה טורקי בצלופן,גרמים,200.00,100 גרם,false,0,15.90,7.95,true,1,
7290005287060,false,טונה סטארקיסט במים120גרם,סטארקיסט,IL,טונה סטארקיסט,גרמים,120.00,100 גרם,false,0,6.30,5.25,true,1,
7290005287206,false,טונה סטארקיסט בשמן160*4ג,סטארקיסט,IL,טונה סטארקיסט4יח,גרמים,640.00,100 גרם,false,0,24.90,3.89,true,1,
7290005287251,false,טונה סטארקיסט במים160*4ג,סטארקיסט,IL,טונה סטארקיסט4יח,גרמים,640.00,100 גרם,false,0,24.90,3.89,true,1,
7290005326585,false,פסטו בזיליקום 180 גרם,"אוליביה גורמה בע""מ",IL,פסטו בזיליקום,גרמים,180.00,100 גרם,false,1,12.90,7.17,true,1,
7290005384868,false,בסיגנון דנאבלו,,DK,בסיגנון דנאבלו,קילוגרמים,0.00,"ק""ג",true,0,79.00,79.00,true,1,
7290005418709,false,קר.לחות נטורל קיבוע תלתל,קרליין,IL,קרם לחות לתלתלים,מיליליטרים,400.00,"100 מ""ל",false,0,21.70,5.43,true,1,
7290005423567,false,40מטליות לניקוי סנו סושי,סנו,IL,מטליות לניקוי,יחידה,1.00,יחידה,false,0,20.20,20.20,true,1,
7290005423635,false,ריצפז פלוס דוחה תיקנים2ל,סנו מפעלי ברונוס בעמ,IL,ריצפז דוחה חרקים,ליטרים,2.00,ליטר,false,0,21.90,10.95,true,1,
7290005423734,false,מרכך מקסימה אולטרה 4 ל',סנו,IL,מרכך כביסה,ליטרים,4.00,ליטר,false,0,19.90,4.98,true,1,
7290005423833,false,פוליויקס פרקט 2 ליטר,"סנו מפעלי ברונוס בע""\מ",IL,פוליויקס פרקט,ליטרים,2.00,ליטר,false,0,24.90,12.45,true,1,
7290005423871,false,משחת אורביטול145*3ג,טרופיקל דגיל תעשיות קוסמ,IL,משחת שיניים,גרמים,435.00,100 גרם,false,0,17.70,4.07,true,1,
7290005423888,false,אלסבון כיף סגול 500*3מל,קוסמופארם,IL,אל סבון כיף 3 יח,ליטרים,1.50,ליטר,false,0,19.50,13.00,true,1,
7290005423918,false,מרכך מקסימה בייבי 4 ל',סנו,IL,מרכך כביסה,ליטרים,4.00,ליטר,false,0,21.90,5.48,true,1,
7290005424694,false,קרמה תח.רחצה קלאסיק 750מ,קוסמופארם,IL,קרמה תחליב רחצה,מיליליטרים,750.00,"100 מ""ל",false,0,15.90,2.12,true,1,
7290005424847,false,מפיות חד שכבתי 150יח *30,סנו,IL,מפיות דו שכבתי,יחידה,1.00,יחידה,false,0,7.90,7.90,true,1,
7290005425196,false,אבקת מקסימה סנסיטיב2.5קג,סנו מפעלי ברונוס בעמ,IL,אבקת כביסה,קילוגרמים,2.50,"ק""ג",false,0,25.90,10.36,true,1,
7290005425455,false,תחליב רחצה קרמה קלאסי500,קוסמופארם,IL,קרמה תחליב רחצה,מיליליטרים,500.00,"100 מ""ל",false,0,12.90,2.58,true,1,
7290005425646,false,סנוקליר ניקוי חלונות 1ל',"סנו מפעלי ברונוס בע""\מ",IL,סנוקליר 1 ליטר,ליטרים,1.00,ליטר,false,0,9.90,9.90,true,1,
7290005426360,false,קרמה תח.רחצה חלב ודבש750,קוסמופארם,IL,קרמה תחליב רחצ,מיליליטרים,750.00,"100 מ""ל",false,0,15.90,2.12,true,1,
7290005426575,false,ק.לחות קרמה שיער יבש400מ,קוסמופארם,IL,קרם לחות קרמה,מיליליטרים,400.00,"100 מ""ל",false,0,19.80,4.95,true,1,
7290005427107,false,מגבות נייר סנו סושי 6 גל,סנו,IL,מגבות נייר סנו,מטרים,63.00,מטר,false,0,10.90,0.17,true,1,
7290005427749,false,אלסבון כיף אצות ים 2ליטר,קוסמופארם,IL,אלסבון כיף,ליטרים,2.00,ליטר,false,0,20.90,10.45,true,1,
7290005430602,false,אוקסיג'ן מ.כתמים,,IL,אוקסיג'ן מ.כתמים,מיליליטרים,750.00,"100 מ""ל",false,0,17.90,2.39,true,1,
7290005509445,false,מיני קוקיס חמאה צנצנ600ג,כרמית,IL,מיני קוקיס,גרמים,600.00,100 גרם,false,0,19.60,3.27,true,1,
7290005559587,false,מאפה נקניקיות 800 גרם,"מעדנות בע""מ",IL,מאפה נקניקיות,גרמים,800.00,100 גרם,false,0,28.10,3.51,true,1,
7290005559907,false,פיצה משפחתית גבינה 500גר,"מעדנות בע""\מ",IL,פיצה משפחתית,גרמים,500.00,100 גרם,false,0,23.90,4.78,true,1,
7290005559990,false,בצק פילאס תורקי 600 גרם,"מעדנות בע""מ",IL,בצק פילאס תורכי,גרמים,600.00,100 גרם,false,0,22.90,3.82,true,1,
7290005564253,false,ספרינג אגס סברס תפוח1.5ל,"יפאורה תבורי בע""\מ",IL,משקה ספרינג,ליטרים,1.50,ליטר,false,0,6.20,4.13,true,1,
7290005564970,false,"קריסטל תפו""ע מוגז 2 ליטר","יפאורה תבורי בע""\מ",IL,גזוז בטעם תפוח,ליטרים,2.00,ליטר,false,0,4.00,2.00,true,1,
7290005590016,false,עוף שלם טרי ארוז שופרסל,עוף הגליל,IL,עוף שלם טרי,קילוגרמים,0.00,"ק""ג",true,1,18.90,18.90,true,1,
7290005590023,false,כרעיים עוף טרי ארוז שופר,עוף הגליל,IL,כרעיים עוף טרי,קילוגרמים,0.00,"ק""ג",true,1,27.90,27.90,true,1,
7290005590108,false,כנפיים עוף טרי ארוז שופר,עוף הגליל,IL,כנפיים עוף טרי,קילוגרמים,0.00,"ק""ג",true,1,11.90,11.90,true,1,
7290005590139,false,חזה עוף חצוי טרי ארוז שו,עוף הגליל,IL,חזה עוף טרי,קילוגרמים,0.00,"ק""ג",true,1,31.90,31.90,true,1,
7290005604133,false,פריגת מנגו 1.5 ליטר,---,IL,פריגת מנגו,ליטרים,1.50,ליטר,false,0,6.70,4.47,true,1,
7290005610448,false,גזר חבל מעון,קטיף.,IL,גזר חבל מעון,קילוגרמים,0.00,"ק""ג",true,0,3.90,3.90,true,1,
7290005610509,false,צנונית יחידה,קטיף.,IL,צנונית -יח',יחידה,1.00,יחידה,false,0,4.90,4.90,true,1,
7290005651069,false,"לה קט מיקס 2.85 ק""ג",ביופט,FR,לה קט מיקס,קילוגרמים,2.85,"ק""ג",false,0,69.00,24.21,true,1,
7290005678073,false,פלפל צ'ילי זהבי יחידה,מושב לכיש,IL,פלפל צ'ילי זהבי,יחידה,1.00,יחידה,false,0,5.90,5.90,true,1,
7290005678585,false,ענב סקרלוטהללא חרצן ארוז,קטיף.,IL,ענב סקרלוטה,קילוגרמים,0.00,"ק""ג",true,0,24.90,24.90,true,1,
7290005718021,false,שטרודל גבינה,גידרון,IL,שטרודל גבינה,יחידה,1.00,יחידה,false,0,25.90,25.90,true,1,
7290005838002,false,"דניאלה מעדן גבינה 150מ""ל","שטראוס גרופ בע""\מ",IL,מעדן דניאלה,מיליליטרים,150.00,"100 מ""ל",false,0,4.10,2.73,true,1,
7290005838613,false,סקי מעדן גבינה וניל 125ג,"שטראוס בריאות בע""\מ",IL,סקי מעדן גבינה,גרמים,125.00,100 גרם,false,0,3.70,2.96,true,1,
7290005838972,false,גב.סקי 5% 125 גרם,"שטראוס בריאות בע""\מ",IL,גבינת סקי,גרמים,125.00,100 גרם,false,0,3.10,2.48,true,1,
7290005839078,false,דנונה ביו 3% 150*8 גרם,"שטראוס בריאות בע""\מ",IL,דנונה ביו 8 יח,קילוגרמים,1.20,"ק""ג",false,0,16.90,14.08,true,1,
7290005839108,false,גב.סימפוניה +5%זיתים200ג,"שטראוס בריאות בע""\מ",IL,גבינת סימפוניה,גרמים,200.00,100 גרם,false,0,11.00,5.50,true,1,
7290005839313,false,מילקי טופ שוקול.מגולג170,"שטראוס גרופ בע""\מ",IL,מילקי טופ,מיליליטרים,170.00,"100 מ""ל",false,0,4.90,2.88,true,1,
7290005896439,false,בירה מכבי,,IL,בירה מכבי,מיליליטרים,500.00,"100 מ""ל",false,0,6.60,1.32,true,1,
7290005896453,false,בירה מכבי7.9%בק.חוזר500מ,טמפו,IL,בירה מכבי 7.9%,מיליליטרים,500.00,"100 מ""ל",false,1,7.00,1.40,true,1,
7290005896828,false,מים מינרל.סאן בנדטו1.5*6,טמפו,IT,מים סן בנדטו 6יח,ליטרים,9.00,ליטר,false,0,15.90,1.77,true,1,
7290005896835,false,מים סאן בנדטו מוגז1.5*6ל,טמפו,IT,מים מינרלים 6 יח,ליטרים,9.00,ליטר,false,0,15.90,1.77,true,1,
7290005896972,false,פפסי מקס 1.5*6 ליטר,טמפו,IL,פפסי מקס 6 יח',ליטרים,9.00,ליטר,false,0,27.90,3.10,true,1,
7290005966033,false,"יין לבן הר חרמון 750 מ""ל",יקבי רמת הגולן קצרין,IL,יין לבן חרמון,מיליליטרים,750.00,"100 מ""ל",false,0,29.90,3.99,true,1,
7290005966088,false,יין אדום הר חרמון 750 מל,יקבי רמת הגולן קצרין,IL,יין אדום חרמון,מיליליטרים,750.00,"100 מ""ל",false,0,29.90,3.99,true,1,
7290005966392,false,גולן קברנה סוביניון750מל,יקבי רמת הגולן קצרין,IL,קברנה סוביניון,מיליליטרים,750.00,"100 מ""ל",false,0,35.60,4.75,true,1,
7290005966903,false,"שיאון אדום 750 מ""ל",יקבי רמת הגולן קצרין,IL,יין שיאון אדום,מיליליטרים,750.00,"100 מ""ל",false,0,21.90,2.92,true,1,
7290005992018,false,יוגורט עיזים מלא 3% 500מ,מחלבות גד,IL,יוגורט חלב עיזים,מיליליטרים,500.00,"100 מ""ל",false,0,12.20,2.44,true,1,
7290005992575,false,גב.בולגרית למריחה5% 250ג,מחלבות גד,IL,בולגרית למריחה,גרמים,250.00,100 גרם,false,0,15.90,6.36,true,1,
7290005992735,false,גבינת לאבנה 5%שומן 250ג,מחלבות גד,IL,גבינת לאבנה גד5%,גרמים,250.00,100 גרם,false,0,12.50,5.00,true,1,
7290005992858,false,פטה עיזים5% משקל,,IL,פטה עיזים5% משקל,קילוגרמים,0.00,"ק""ג",true,0,119.00,119.00,true,1,
7290005992872,false,גב.צפתית במים 5% במשקל,מחלבות גד,IL,גבינה צפתית 5%,קילוגרמים,0.00,"ק""ג",true,0,64.00,64.00,true,1,
7290006185501,false,סבון נוזלי פנינה ורוד 1ל,סאסא קוסמטיקס,IL,סבון נוזלי ורוד,ליטרים,1.00,ליטר,false,0,9.80,9.80,true,1,
7290006199027,false,שלגון וניל מצופה תות,פלקו,IL,שלגוני וניל מצופ,גרמים,600.00,100 גרם,false,0,33.50,5.58,true,1,
7290006199942,false,גלידל  דובדבן 8יח,פלקו,IL,פרי דובדבן 8יח,גרמים,640.00,100 גרם,false,0,26.90,4.20,true,1,
7290006229083,false,ג'אמפ צלול אגס 1.5 ליטר,"טמפו משקאות בע""\מ",IL,ג'אמפ אגס,ליטרים,1.50,ליטר,false,1,6.20,4.13,true,1,
7290006241689,false,פריגת לימון פריז 280 מל,---,IL,פריגת לימון,מיליליטרים,280.00,"100 מ""ל",false,0,9.90,3.54,true,1,
7290006251107,false,תה מסאלה צ'אי 25שק2*גרם,תה ויסוצקי,IL,תה צ'אי מסאלה,גרמים,50.00,100 גרם,false,0,18.90,37.80,true,1,
7290006251275,false,תה ירוק סיני25 שק1.5Xגרם,ויסוצקי,IL,תה ירוק סיני,גרמים,37.00,100 גרם,false,0,24.90,67.30,true,1,
7290006251343,false,חליטת פסיפלורה+מנגו25ש3*,ויסוצקי,IL,חליטת פסיפלורה,גרמים,62.00,100 גרם,false,0,18.90,30.48,true,1,
7290006251589,false,תה ירוק נענע 50שק1.5*גרם,בית ויסוצקי,IL,תה ירוק נענע,גרמים,75.00,100 גרם,false,0,44.90,59.87,true,1,
7290006267191,false,קברנה טרה רוסו,,IL,קברנה טרה רוסו,מיליליטרים,750.00,"100 מ""ל",false,0,59.50,7.93,true,1,
7290006271648,false,מיני בורקס תפו'א,"מעדנות בע""\מ",IL,"מיני בורקס תפו""א",גרמים,800.00,100 גרם,false,1,22.70,2.84,true,1,
7290006271761,false,מיני ג'חנון אפוי 600 גרם,"מעדנות בע""מ",IL,מיני גחנון אפו,גרמים,600.00,100 גרם,false,0,23.60,3.93,true,1,
7290006272072,false,חטיפי פיצה גבינה 650 ג ק,"מעדנות בע""\מ",IL,חטיפי פיצה גבינה,גרמים,650.00,100 גרם,false,1,33.90,5.22,true,1,
7290006272430,false,בצק עלים חמאה 600 גרם,"מעדנות בע""מ",IL,בצק עלים חמאה,גרמים,600.00,100 גרם,false,0,28.60,4.77,true,1,
7290006273239,false,עוגת שמרים שוקולד 380גרם,לחמי,IL,עוגת שוקולד,גרמים,380.00,100 גרם,false,0,17.00,4.47,true,1,
7290006306302,false,רביולי פרמזן ריקוטה400גר,פסטה נונה,IL,רביולי גבינה,גרמים,400.00,100 גרם,false,0,24.40,6.10,true,1,
7290006374653,false,דש לייט 350 גרם,יד מרדכי,IL,דש לייט,גרמים,350.00,100 גרם,false,0,26.70,7.63,true,1,
7290006374660,false,שמן זית 2 קלאסי1ליטר',מכוורת יד מרדכי שטראוס ב,IL,שמן זית 2 קלאסי,ליטרים,1.00,ליטר,false,0,49.90,49.90,true,1,
7290006374738,false,קונפיטורה תות 340 גרם,"ב.א. מזון בע""\מ",IL,קונפיטורה תות,גרמים,340.00,100 גרם,false,0,13.60,4.00,true,1,
7290006385178,false,לחם שאור עם אגוזים+צימוק,גידרון,IL,לחם שאור+אגוזים,גרמים,525.00,100 גרם,false,0,16.90,3.22,true,1,
7290006390745,false,שבלול עם צימוקים,גידרון,IL,שבלול עם צימוקים,יחידה,1.00,יחידה,false,0,4.20,4.20,true,1,
7290006391025,false,ביגלה ירושלמי,גידרון,IL,ביגלה ירושלמי,יחידה,1.00,יחידה,false,0,5.20,5.20,true,1,
7290006396836,false,בייגל טוסט לבן יח',גידרון,IL,בייגל טוסט לבן,יחידה,1.00,יחידה,false,0,4.20,4.20,true,1,
7290006459008,false,חלבה פ.יבשים קשיו במשקל,"עדן תעשיות חלבה בע""מ",,חלבה  עדן,קילוגרמים,0.00,"ק""ג",true,0,42.00,42.00,true,1,
7290006459015,false,חלבה שוקו עדן במשקל,עדן,IL,חלבה שוקו עדן,קילוגרמים,0.00,"ק""ג",true,1,42.00,42.00,true,1,
7290006459046,false,חלבה וניל עדן במשקל,עדן,IL,חלבה וניל עדן,קילוגרמים,0.00,"ק""ג",true,0,42.00,42.00,true,1,
7290006459077,false,חלבה רגילה קסטה עדן משקל,עדן,IL,חלבה קסטה עדן,קילוגרמים,0.00,"ק""ג",true,1,42.00,42.00,true,1,
7290006459572,false,מרמלדה משקל,"עדן תעשיות חלבה בע""מ",IL,מרמלדה במשקל עדן,קילוגרמים,0.00,"ק""ג",true,0,40.00,40.00,true,1,
7290006492432,false,גבינה מוצרלה בייבי 150גר,מחלבות גד,IL,גבינה מוצרלה,גרמים,150.00,100 גרם,false,0,15.00,10.00,true,1,
7290006492616,false,פרוסות גב. בולגר5%. 250ג,מחלבות גד,IL,גבינה בולגרית,גרמים,250.00,100 גרם,false,0,26.80,10.72,true,1,
7290006492630,false,גליל גבינת עיזים20% 180ג,מחלבות גד,IL,גליל גבינת עיזים,גרמים,180.00,100 גרם,false,0,22.90,12.72,true,1,
7290006492685,false,לאבנה עיזים 5%שומן 250גר,מחלבות גד,IL,לאבנה עיזים גד,גרמים,250.00,100 גרם,false,0,17.40,6.96,true,1,
7290006492852,false,גבינה לבנה 5% עיזים 250ג,מחלבות גד,IL,גבינת עיזים גד,גרמים,250.00,100 גרם,false,0,16.40,6.56,true,1,
7290006492913,false,ציזיקי למריחה,,IL,ציזיקי למריחה,גרמים,250.00,100 גרם,false,0,13.20,5.28,true,1,
7290006511157,false,פטריות שלמות,,IN,פטריות שלמות,גרמים,400.00,100 גרם,false,0,7.20,1.80,true,1,
7290006511935,false,סרדין בשמן+פלפ.חריף110*3,,TH,סרדין פיקנטי 3יח,גרמים,330.00,100 גרם,false,0,12.90,3.91,true,1,
7290006618078,false,אסטוניש מרסס למטבח 750מ,אסטוניש,GB,אסטוניש מרסס,מיליליטרים,750.00,"100 מ""ל",false,0,11.90,1.59,true,1,
7290006618085,false,אסטוניש מרסס חדר אמבט750,אסטוניש,GB,אסטוניש מרסס,מיליליטרים,750.00,"100 מ""ל",false,0,11.90,1.59,true,1,
7290006644480,false,"תפוזינה תפוז 500 מ""ל","יפאורה תבורי בע""\מ",IL,תפוזינה תפוז,מיליליטרים,500.00,"100 מ""ל",false,0,4.80,0.96,true,1,
7290006644497,false,"תפוזינה אשכוליות 500 מ""ל",יפאורה תבורי בעמ,IL,תפוזינה אשכול.,מיליליטרים,500.00,"100 מ""ל",false,0,4.80,0.96,true,1,
7290006644527,false,"תפוזינה תות בננה 500 מ""ל","יפאורה תבורי בע""\מ",IL,תפוזינה תות בננה,מיליליטרים,500.00,"100 מ""ל",false,0,4.80,0.96,true,1,
7290006644589,false,משקה קל אשכוליות דיאט 2ל,"יפאורה תבורי בע""\מ",IL,אשכוליות דיאט,ליטרים,2.00,ליטר,false,0,4.00,2.00,true,1,
7290006644596,false,קריסטל אקזוטי מוגז 2ליטר,"יפאורה תבורי בע""\מ",IL,קריסטל אקזוטי,ליטרים,2.00,ליטר,false,0,4.00,2.00,true,1,
7290006644732,false,ספרינג פירות טרופיים 1 ל,"יפאורה תבורי בע""\מ",IL,נקטר ספרינג,ליטרים,1.00,ליטר,false,0,5.50,5.50,true,1,
7290006644848,false,ספרינג תפוחים דיאט 1ליטר,"יפאורה תבורי בע""\מ",IL,ספרינג דיאט,ליטרים,1.00,ליטר,false,0,5.50,5.50,true,1,
7290006652027,false,במבה מארז 20 * 15 גרם,"אסם השקעות בע""\מ",IL,במבה 20 יח',גרמים,300.00,100 גרם,false,0,23.90,7.97,true,1,
7290006653819,false,קוסקוס דק 350 גרם,קוסקוס מזון,IL,קוסקוס דק,גרמים,350.00,100 גרם,false,0,7.90,2.26,true,1,
7290006664051,false,"אקטימל לבן 100*14 מ""ל","שטראוס בריאות בע""\מ",IL,אקטימל מארז14יח',ליטרים,1.40,ליטר,false,0,29.90,21.36,true,1,
7290006664310,false,גבינת סקי3% 250 גרם,"שטראוס בריאות בע""\מ",IL,גבינת סקי 3%,גרמים,250.00,100 גרם,false,0,4.80,1.92,true,1,
7290006664402,false,גבינת סקי5% 750 גרם,"שטראוס בריאות בע""\מ",IL,גבינת סקי5%,גרמים,750.00,100 גרם,false,0,14.25,1.90,true,1,
7290006664532,false,דנונה תות 3% 150 גרם,"שטראוס גרופ בע""\מ",IL,דנונה תות 3%,גרמים,150.00,100 גרם,false,0,3.90,2.60,true,1,
7290006664655,false,"אקטימל לבן 100*8 מ""ל","שטראוס גרופ בע""\מ",IL,אקטימל לבן 8 יח,מיליליטרים,800.00,"100 מ""ל",false,0,20.90,2.61,true,1,
7290006664693,false,דנונה אפרסק 3% 150 גרם,"שטראוס גרופ בע""\מ",IL,דנונה אפרסק %3,גרמים,150.00,100 גרם,false,0,3.90,2.60,true,1,
7290006664990,false,דנונה ביו 1.7% 150*8גרם,"שטראוס גרופ בע""\מ",IL,דנונה ביו 8 יח',קילוגרמים,1.20,"ק""ג",false,0,16.90,14.08,true,1,
7290006681003,false,סורבט תות לימון קרמ1.33.,שטראוס,IL,קרמיסימו סורבט,ליטרים,1.33,ליטר,false,0,18.90,14.21,true,1,
7290006681089,false,גל.לייט מיני סנדוויץ 10י,שטראוס,IL,גלידה לייט,גרמים,250.00,100 גרם,false,0,29.30,11.72,true,1,
7290006681553,false,קרמבו וניל 8 * 29 גרם,שטראוס,IL,קרמבו וניל 8 יח,גרמים,234.00,100 גרם,false,0,13.90,5.94,true,1,
7290006681560,false,קרמבו מוקה 8 * 29 גרם,שטראוס,IL,קרמבו מוקה 8 יח,גרמים,234.00,100 גרם,false,0,13.90,5.94,true,1,
7290006681577,false,אסקימו לימון דובדבן 8+2,שטראוס,IL,אסקימו לימון8+2,גרמים,700.00,100 גרם,false,0,16.90,2.41,true,1,
7290006681843,false,גלידה לייט פרי 6 יחידות,שטראוס,IL,מאגדת גלידה לייט,גרמים,300.00,100 גרם,false,0,26.90,8.97,true,1,
7290006681980,false,קרמיסימו סורבה אפרסק/פסי,שטראוס,IL,קרמיסימו סורבה,ליטרים,1.33,ליטר,false,0,18.90,14.21,true,1,
7290006707390,false,פרגיות עוף טרי ארוז,עוף טוב,IL,פרגיות עוף טרי,קילוגרמים,0.00,"ק""ג",true,0,54.90,54.90,true,1,
7290006707420,false,עוף שלם טרי ארוז,עוף טוב,IL,עוף שלם טרי ארוז,קילוגרמים,0.00,"ק""ג",true,0,18.90,18.90,true,1,
7290006708007,false,חזה הודו נ.טרי ארוז,עוף טוב,IL,חזה הודו טרי,קילוגרמים,0.00,"ק""ג",true,0,29.90,29.90,true,1,
7290006708038,false,שוק הודו נ.טרי ארוז,עוף טוב,IL,שוק  הודו טרי,קילוגרמים,0.00,"ק""ג",true,0,28.90,28.90,true,1,
7290006708069,false,גרון הודו נ.טרי ארוז,עוף טוב,IL,גרון הודו טרי,קילוגרמים,0.00,"ק""ג",true,0,23.90,23.90,true,1,
7290006708199,false,עוף שלם  טרי ארוז דיל,עוף טוב,IL,עוף שלם  טרי,קילוגרמים,0.00,"ק""ג",true,1,18.90,18.90,true,1,
7290006708236,false,פילה עוף טרי ארוז דיל,עוף טוב,IL,פילה עוף טרי,קילוגרמים,0.00,"ק""ג",true,1,34.90,34.90,true,1,
7290006708298,false,פרגיות עוף טרי ארוז דיל,עוף טוב,IL,פרגיות עוף טרי,קילוגרמים,0.00,"ק""ג",true,1,54.90,54.90,true,1,
7290006712981,false,"קולגייט סמיילס +6 50 מ""ל",קולגייט פלמוליב,PL,משחת שיניים,מיליליטרים,50.00,"100 מ""ל",false,0,14.00,28.00,true,1,
7290006714428,false,רגל עגל  פרוס קפוא קג,לאטי עזרא,IL,רגל עגל פרוס,קילוגרמים,0.00,"ק""ג",true,0,35.90,35.90,true,1,
7290006732668,false,עוגת שושנים טריפל שוק380,לחמי,IL,עוגת שושנים,גרמים,380.00,100 גרם,false,0,17.00,4.47,true,1,
7290006738615,false,קבב זהב 400 גרם,זוגלובק,IL,קבב זהב 400 גרם,גרמים,400.00,100 גרם,false,0,21.90,5.48,true,1,
7290006739247,false,פסטרמה איטלקית במשקל,זוגלובק,IL,פסטרמה איטלקית,קילוגרמים,0.00,"ק""ג",true,0,85.00,85.00,true,1,
7290006739407,false,שניצל תירס לייט 630 גרם,זוגלובק,IL,שניצל תירס,גרמים,630.00,100 גרם,false,0,27.90,4.43,true,1,
7290006739414,false,סלמי קוניאק 300 גרם,זוגלובק,IL,סלמי קוניאק,גרמים,300.00,100 גרם,false,0,28.70,9.57,true,1,
7290006739544,false,כתף בקר 300 גרם,זוגלובק,IL,כתף בקר,גרמים,300.00,100 גרם,false,0,32.40,10.80,true,1,
7290006742162,false,המבורגר מזרחי 400 גרם,זוגלובק,IL,המבורגר מזרחי,גרמים,400.00,100 גרם,false,0,21.90,5.48,true,1,
7290006742179,false,קבב מזרחי 400 גרם,זוגלובק,IL,קבב מזרחי,גרמים,400.00,100 גרם,false,0,21.90,5.48,true,1,
7290006742209,false,שניצל תירס 750גרם%33+,זוגלובק,IL,שניצל תירס,גרמים,1000.00,100 גרם,false,0,25.90,2.59,true,1,
7290006742292,false,פסטרמה בדבש 330 גרם,זוגלובק,IL,פסטרמה בדבש,גרמים,330.00,100 גרם,false,0,29.90,9.06,true,1,
7290006742315,false,חזה הודו ברביקיו 330 גרם,זוגלובק,IL,חזה הודו ברביקיו,גרמים,330.00,100 גרם,false,0,29.90,9.06,true,1,
7290006742339,false,פסטרמה חזה עוף 330 גרם,זוגלובק,IL,פסטרמה חזה עוף,גרמים,330.00,100 גרם,false,0,29.90,9.06,true,1,
7290006748072,false,1 ע צ י ץ,פרחי ליידי דיאן,IL,1 ע צ י ץ,יחידה,1.00,יחידה,false,0,35.00,35.00,true,1,
7290006748157,false,זר מיוחד,פרחי ליידי דיאן,IL,זר מיוחד,יחידה,1.00,יחידה,false,0,30.00,30.00,true,1,
7290006764065,false,בירה נשר מאלט בק.חוזר500,טמפו,IL,בירה נשר מאלט,מיליליטרים,500.00,"100 מ""ל",false,0,4.60,0.92,true,1,
7290006764072,false,"גולדסטאר בק.חוזר 500 מ""ל","טמפו משקאות בע""\מ",IL,בירה גולדסטאר,מיליליטרים,500.00,"100 מ""ל",false,0,7.60,1.52,true,1,
7290006764096,false,בירה איגל בקבוק חוזר500מ,"טמפו משקאות בע""\מ",IL,בירה איגל,מיליליטרים,500.00,"100 מ""ל",false,1,5.90,1.18,true,1,
7290006764157,false,גולדסטאר ל.מסונן-חוזר500,טמפו משקאות בע''מ,IL,בירה גולדסטאר,מיליליטרים,500.00,"100 מ""ל",false,1,7.90,1.58,true,1,
7290006764164,false,גולדסטאר ל.מסנ.חוזר500*6,טמפו משקאות בע''מ,IL,בירה גולדסטאר6יח,ליטרים,3.00,ליטר,false,1,45.90,15.30,true,1,
7290006764485,false,בירה נשר מאלט בקב330*6.מ,טמפו,IL,נשר מאלט 6 יח,ליטרים,1.98,ליטר,false,0,27.90,14.09,true,1,
7290006764713,false,מירינדה 1.5*6 ליטר,"טמפו משקאות בע""\מ",IL,מירינדה 6 יחידות,ליטרים,9.00,ליטר,false,0,26.90,2.99,true,1,
7290006764737,false,נשר מאלט דיאט ב.חוזר500מ,טמפו,IL,נשר מאלט דיאט,מיליליטרים,500.00,"100 מ""ל",false,0,4.60,0.92,true,1,
7290006784360,false,מרסס חלונית ס.מוריץ1ליטר,קומפלקס כימיקלים,IL,מרסס חלונית,ליטרים,1.00,ליטר,false,0,6.90,6.90,true,1,
7290006788009,false,"שמפו ""10"" לשיער רגיל700מ",קרליין,IL,שמפו 10 לשיער,מיליליטרים,700.00,"100 מ""ל",false,0,11.90,1.70,true,1,
7290006788016,false,"שמפו ""10"" לשיער יבש 700מ",קרליין,IL,שמפו 10 לשיער,מיליליטרים,700.00,"100 מ""ל",false,0,11.90,1.70,true,1,
7290006788078,false,"מרכך ""10"" לשיער יבש 700מ",קרליין,IL,מרכך 10 לשיער,מיליליטרים,700.00,"100 מ""ל",false,0,11.90,1.70,true,1,
7290006788085,false,"מרכך ""10"" לשיער צבוע700מ",קרליין,IL,מרכך 10 לשיער,מיליליטרים,700.00,"100 מ""ל",false,0,11.90,1.70,true,1,
7290006788368,false,דאו.קרליין סטיקSUNRICE50,קרליין,IL,דאודורנט קרליין,מיליליטרים,50.00,"100 מ""ל",false,0,13.90,27.80,true,1,
7290006788399,false,דאו.קרליין רולאון נושם75,אמיליה קוסמטיקס בעמ,IL,דאודורנט קרליין,גרמים,75.00,100 גרם,false,0,14.80,19.73,true,1,
7290006788436,false,דאו.קרליין רולאון ורוד75,קרליין,IL,דאודורנט קרליין,מיליליטרים,75.00,"100 מ""ל",false,0,14.80,19.73,true,1,
7290006788481,false,דאו.קרליין 200SUNRISE,קרליין,IL,דאודורנט קרליין,מיליליטרים,200.00,"100 מ""ל",false,0,13.90,6.95,true,1,
7290006822192,false,אושן ספריי חמוציות דיאט,---,IL,אושן ספריי,ליטרים,1.00,ליטר,false,0,10.50,10.50,true,1,
7290006822840,false,מאלטי 1.5 ליטר,מבשלות בירה בינלאומיות ב,IL,בירה מאלטי,ליטרים,1.50,ליטר,false,0,7.60,5.07,true,1,
7290006822857,false,מאלטי דיאט 1.5 ליטר,מבשלות בירה בינלאומיות ב,IL,מאלטי דיאט,ליטרים,1.50,ליטר,false,0,7.60,5.07,true,1,
7290006866363,false,מיץ אשכוליות אדומות 1 ל',גניר,IL,מיץ אשכולית סחוט,ליטרים,1.00,ליטר,false,0,14.90,14.90,true,1,
7290006869449,false,"לבן 3% שומן 150 מ""ל",טרה,IL,לבן 3% שומן טרה,מיליליטרים,150.00,"100 מ""ל",false,0,1.08,0.72,true,1,
7290006920836,false,מעושן פרוס 350 גרם,צי תעשיות מזון יבנה,IL,מעושן פרוס 350גר,גרמים,350.00,100 גרם,false,0,14.90,4.26,true,1,
7290006936059,false,משחת כלים,,,משחת כלים,קילוגרמים,3.50,"ק""ג",false,0,28.50,8.14,true,1,
7290006983152,false,קרוטונים מתובלים למרק400,עינת תעשיות,IL,קרוטונים מתובלים,גרמים,400.00,100 גרם,false,0,19.60,4.90,true,1,
7290006983176,false,לחמית שיפון 230 גרם,"אסם השקעות בע""\מ",IL,לחמית שיפון אסם,גרמים,230.00,100 גרם,false,0,9.50,4.13,true,1,
7290006983763,false,עוגה בטעם שוקולד 400 גרם,"אסם השקעות בע""\מ",IL,עוגת שוקולד,גרמים,400.00,100 גרם,false,0,11.90,2.98,true,1,
7290006983770,false,עוגת הבית שיש אסם 400 גר,"אסם השקעות בע""\מ",IL,עוגת שיש,גרמים,400.00,100 גרם,false,0,11.90,2.98,true,1,
7290006983794,false,עוגת הבית תפוז 400 גרם,"אסם השקעות בע""\מ",IL,עוגת תפוז,גרמים,400.00,100 גרם,false,0,11.90,2.98,true,1,
7290006984647,false,חטיפי פריכונים מלוח 80גר,"פרח תעשיות מזון בע""מ.",IL,חטיפי פריכונים,גרמים,80.00,100 גרם,false,0,7.90,9.88,true,1,
7290008018654,false,"שמפו פינוק לילדים 700מ""ל",יוניליוור ישראל טיפוח אי,IL,שמפו פינוק,מיליליטרים,700.00,"100 מ""ל",false,0,11.90,1.70,true,1,
7290008021043,false,שמפו פינוק שיער רגיל700מ,יוניליוור ישראל טיפוח אי,IL,שמפו פינוק,מיליליטרים,700.00,"100 מ""ל",false,0,11.90,1.70,true,1,
7290008021050,false,שמפו פינוק יבש מאוד700מל,יוניליוור ישראל טיפוח אי,IL,שמפו פינוק,מיליליטרים,700.00,"100 מ""ל",false,0,11.90,1.70,true,1,
7290008021104,false,"מרכך פינוק רגיל 700 מ""ל",יוניליוור ישראל טיפוח אי,IL,מרכך שיער פינוק,מיליליטרים,700.00,"100 מ""ל",false,0,11.90,1.70,true,1,
7290008021111,false,מרכ.פינוק יבש מאוד 700מל,יוניליוור ישראל טיפוח אי,IL,מרכך שיער פינוק,מיליליטרים,700.00,"100 מ""ל",false,0,11.90,1.70,true,1,
7290008021135,false,שמפו פינוק 2ב1- רגיל700מ,יוניליוור ישראל טיפוח אי,IL,שמפו+מרכך פינוק,מיליליטרים,700.00,"100 מ""ל",false,0,11.90,1.70,true,1,
7290008021142,false,שמפו פינוק 2ב1- יבש 700מ,יוניליוור ישראל טיפוח אי,IL,שמפו ומרכך פינוק,מיליליטרים,700.00,"100 מ""ל",false,0,11.90,1.70,true,1,
7290008154222,false,שניצלונים 700 גרם,"מוצרי עוף טוב (2001) בע""",IL,שניצלונים 700ג,גרמים,700.00,100 גרם,false,0,20.70,2.96,true,1,
7290008175760,false,גבינת מנצ'גו,,ES,גבינת מנצ'גו,קילוגרמים,0.00,"ק""ג",true,0,109.00,109.00,true,1,
7290008175777,false,גבינת איבריקו,,ES,גבינת איבריקו,קילוגרמים,0.00,"ק""ג",true,0,109.00,109.00,true,1,
7290008175814,false,פטריות חתוכות,,PL,פטריות חתוכות,גרמים,400.00,100 גרם,false,0,4.50,1.13,true,1,
7290008175906,false,גבינת עיזים100%,,NL,גבינת עיזים100%,קילוגרמים,0.00,"ק""ג",true,0,125.00,125.00,true,1,
7290008190909,false,מיני קוקיס שוק.צ'יפס600ג,כרמית,IL,מיני קוקיס,גרמים,600.00,100 גרם,false,0,19.60,3.27,true,1,
7290008328913,false,סילאן תמרים טהור,,IL,סילאן תמרים טהור,גרמים,900.00,100 גרם,false,0,21.70,2.41,true,1,
7290008330381,false,בדין 40 דפי מרכך ורוד,קלינטסט,US,בדין דפי מרכך,יחידה,1.00,יחידה,false,0,18.30,18.30,true,1,
7290008330398,false,בדין 40 דפי מרכך כחול,קלינטסט,US,בדין דפי מרכך,יחידה,1.00,יחידה,false,0,18.30,18.30,true,1,
7290008333115,false,אבקת ג'לטין טהור 28 גרם,מאיר עזרא ובניו,TW,אבקת ג'לטין,גרמים,28.00,100 גרם,false,0,9.50,33.93,true,1,
7290008343602,false,קובה בשר מטוגן 1 ק'ג של,שלושת האופים,IL,קובה במילוי בשר,קילוגרמים,1.00,"ק""ג",false,0,24.90,24.90,true,1,
7290008343626,false,פלאפל 1קג,שלושת האופים,IL,פלאפל 1 ק'ג,גרמים,1000.00,100 גרם,false,0,24.90,2.49,true,1,
7290008344258,false,המבורגר מזרחי 400 גרם,טיבון ויל - נטו,IL,המבורגר מזרחי,גרמים,400.00,100 גרם,false,0,20.90,5.23,true,1,
7290008345156,false,פילה מקרוסקה במשקל,דלידג - נטו,IL,פילה מקרוסקה,קילוגרמים,0.00,"ק""ג",true,0,101.00,101.00,true,1,
7290008345170,false,מקרל חצאים במשקל,דלידג - נטו,IL,מקרל חצאים,קילוגרמים,0.00,"ק""ג",true,0,90.00,90.00,true,1,
7290008345576,false,איקרה ביתית לבנה 300 גרם,דלידג - נטו,IL,איקרה ביתית לבנה,גרמים,300.00,100 גרם,false,0,17.90,5.97,true,1,
7290008347730,false,סלמון הילטון,,,סלמון הילטון,קילוגרמים,0.00,"ק""ג",true,0,189.00,189.00,true,1,
7290008409100,false,אצבעות שניצל בשומשום 700,תנובה גליל שותפות מוגבלת,IL,אצבעות שניצל,גרמים,700.00,100 גרם,false,0,36.90,5.27,true,1,
7290008409124,false,שניצל ג'ונגל 700 גרם,תנובה גליל שותפות מוגבלת,IL,שניצל ג'ונגל,גרמים,700.00,100 גרם,false,0,36.90,5.27,true,1,
7290008409216,false,שניצל דק דק פריך 700 גרם,תנובה,IL,שניצל דק דק פריך,גרמים,700.00,100 גרם,false,0,39.90,5.70,true,1,
7290008409407,false,שניצל דק בציפוי צ'יפס 00,תנובה גליל שותפות מוגבלת,IL,שניצל דק צ'יפס,גרמים,700.00,100 גרם,false,0,39.90,5.70,true,1,
7290008409551,false,שניצל עוף אמיתי מעודן700,תנובה גליל שותפות מוגבלת,IL,שניצל עוף אמיתי,גרמים,700.00,100 גרם,false,0,41.70,5.96,true,1,
7290008409568,false,שניצל ציפס אמיתי 700 גרם,תנובה גליל שותפות מוגבלת,IL,שניצל ציפס אמיתי,גרמים,700.00,100 גרם,false,0,41.70,5.96,true,1,
7290008409643,false,פילה עוף בתיבול על האש 0,תנובה גליל שותפות מוגבלת,IL,פילה עוף,גרמים,600.00,100 גרם,false,0,43.90,7.32,true,1,
7290008409667,false,טבעות עוף בציפוי 700 גרם,תנובה גליל שותפות מוגבלת,IL,טבעות עוף 700גרם,גרמים,700.00,100 גרם,false,0,36.90,5.27,true,1,
7290008409773,false,קציצות עוף ביתיות 700 גר,תנובה גליל שותפות מוגבלת,IL,קציצות אמיתיות,גרמים,700.00,100 גרם,false,0,31.60,4.51,true,1,
7290008443616,false,מרכך נקה 7 לשיר יבש 750מ,אמיליה קוסמטיקס,IL,קונדישנר נקה 7,מיליליטרים,750.00,"100 מ""ל",false,0,10.90,1.45,true,1,
7290008461221,false,סרדין רוברט,,PT,סרדין רוברט,גרמים,120.00,100 גרם,false,0,5.90,4.92,true,1,
7290008462259,false,חרדל דיז'ון,,FR,חרדל דיז'ון,גרמים,380.00,100 גרם,false,0,17.70,4.66,true,1,
7290008464000,false,סבן אפ 1.5*6 ליטר,טמפו,IL,סבן אפ 6 יחידות,ליטרים,9.00,ליטר,false,0,26.90,2.99,true,1,
7290008464017,false,סבן אפ דיאט 1.5*6 ליטר,"טמפו משקאות בע""\מ",IL,סבן אפ דיאט 6 יח,ליטרים,9.00,ליטר,false,0,26.90,2.99,true,1,
7290008464130,false,בירה גולדסטאר6יח,,IL,בירה גולדסטאר6יח,ליטרים,1.98,ליטר,false,0,39.90,20.15,true,1,
7290008464307,false,פיקסי תפוח למון גראס1.5ל,"טמפו משקאות בע""מ",IL,פיקסי תפוח למון,ליטרים,1.50,ליטר,false,1,6.90,4.60,true,1,
7290008464468,false,בירה גולדסטאר פחית 500מל,טמפו,IL,בירה גולדסטאר,מיליליטרים,500.00,"100 מ""ל",false,0,8.60,1.72,true,1,
7290008464567,false,פיקסי אפרסק 1.5 ליטר,"טמפו משקאות בע""מ",IL,פיקסי אפרסק,ליטרים,1.50,ליטר,false,1,6.90,4.60,true,1,
7290008464604,false,"בירה הייניקן פחית 500מ""ל",היינקן,NL,בירה היינקן פחית,מיליליטרים,500.00,"100 מ""ל",false,0,12.20,2.44,true,1,
7290008464611,false,"הסודה של טמפו 275 מ""ל",טמפו משקאות בעמ,IL,הסודה של טמפו,מיליליטרים,275.00,"100 מ""ל",false,1,3.90,1.42,true,1,
7290008464734,false,גולדסטארBREW SLOW 330*6,טמפו,IL,בירה גולדסטאר6יח,ליטרים,1.98,ליטר,false,1,44.90,22.68,true,1,
7290008464741,false,"בירה גולדסטאר בק330*6מ""ל","טמפו משקאות בע""\מ",IL,גולדסטאר 6 יח',ליטרים,1.98,ליטר,false,0,36.90,18.64,true,1,
7290008464796,false,"בירה הייניקן בק330*6 מ""ל",היינקן,IL,בירה הייניקן 6יח,ליטרים,1.98,ליטר,false,0,48.90,24.70,true,1,
7290008464987,false,סודה טמפו 1.5*6 ליטר,"טמפו משקאות בע""מ",IL,סודה טמפו שישיה,ליטרים,9.00,ליטר,false,0,15.90,1.77,true,1,
7290008469562,false,בשר מס' 5 מוכשר קפוא קג,שונות,XX,בשר מס' 5 מוכש,קילוגרמים,0.00,"ק""ג",true,0,49.90,49.90,true,1,
7290008469579,false,בשר מדומה 6 מוכשר קפוא,לחוביץ,XX,בשר מס6' קפוא,קילוגרמים,0.00,"ק""ג",true,0,44.90,44.90,true,1,
7290008493314,false,בייגלה שמיניות מלוח400גר,מאיר בייגל,IL,בייגלה שמיניות,גרמים,400.00,100 גרם,false,0,8.50,2.13,true,1,
7290008493390,false,גריסיני קלאסי 200 גרם,מאיר בייגל,IL,גריסיני טבעי,גרמים,200.00,100 גרם,false,0,9.40,4.70,true,1,
7290008493406,false,גריסיני שומשום 175 גרם,מאיר בייגל,IL,גריסיני שומשום,גרמים,175.00,100 גרם,false,0,9.40,5.37,true,1,
7290008493413,false,פירורי גריסיני 200 גרם,מאיר בייגל,IL,פירורי גריסיני,גרמים,200.00,100 גרם,false,0,6.20,3.10,true,1,
7290008493482,false,בייגלה גדול שומשום 300גר,מאיר בייגל,IL,בייגלה שומשום,גרמים,300.00,100 גרם,false,0,8.50,2.83,true,1,
7290008493499,false,בייגלה שטוחל'ה מלח350גרם,מאיר בייגל,IL,בייגלה שטוחל'ה,גרמים,350.00,100 גרם,false,0,9.90,2.83,true,1,
7290008493505,false,בייגלה שטוחל'ה שומשום300,מאיר בייגל,IL,בייגלה שטוחלה,גרמים,300.00,100 גרם,false,0,9.90,3.30,true,1,
7290008493574,false,בייגלה שטוחלה פינוקים300,מאיר בייגל,IL,בייגלה שטוחלה,גרמים,300.00,100 גרם,false,0,9.90,3.30,true,1,
7290008493710,false,פירורי גריסיני זהב 200ג,מאיר בייגל,IL,פירורי גריסיני,גרמים,200.00,100 גרם,false,1,6.20,3.10,true,1,
7290008614535,false,פילה מדומה מס6' חלק קפוא,לחוביץ,XX,פ.מדומה מס6'קפוא,קילוגרמים,0.00,"ק""ג",true,1,44.90,44.90,true,1,
7290008644112,false,סלט מטבוחה יום יום 125גר,"שטראוס גרופ בע""\מ",IL,מטבוחה יום יום,גרמים,125.00,100 גרם,false,0,4.90,3.92,true,1,
7290008644235,false,עלי בייבי 120גרם-שטראוס,שטראוס,IL,עלי בייבי,גרמים,120.00,100 גרם,false,0,9.90,8.25,true,1,
7290008644839,false,ח.ערבית/איסברג-300שטראוס,"שטראוס גרופ בע""\מ",IL,ח.ערבית/אייסברג,גרמים,300.00,100 גרם,false,0,10.50,3.50,true,1,
7290008644945,false,סלט המושבה 450גרם-שטראוס,"שטראוס גרופ בע""\מ",IL,סלט המושבה,גרמים,450.00,100 גרם,false,0,12.90,2.87,true,1,
7290008645935,false,חומוס אחלה 750 גרם,"שטראוס גרופ בע""\מ",IL,חומוס אחלה,גרמים,750.00,100 גרם,false,0,11.90,1.59,true,1,
7290008690713,false,אושן ספריי חמוציות 1ליטר,---,IL,אושן ספריי,ליטרים,1.00,ליטר,false,0,10.50,10.50,true,1,
7290008693134,false,דניאלה תות מוקצף5% 150מ,"שטראוס גרופ בע""\מ",IL,דניאלה תות מוקצף,מיליליטרים,150.00,"100 מ""ל",false,0,4.10,2.73,true,1,
7290008713016,false,לחם שבעה דגנים קל 500גרם,מאפיית שלמה א. אנג'\ל בע,IL,לחם שבעה דגנים,גרמים,500.00,100 גרם,false,0,15.50,3.10,true,1,
7290008713900,false,לחם שיפון עגול 750 גרם,מאפיית אנג'\ל אורנים מאפ,IL,לחם שיפון עגול,גרמים,750.00,100 גרם,false,0,11.90,1.59,true,1,
7290008713917,false,לחם שיפון כהה 750 גרם,מאפיית שלמה א. אנג'\ל בע,IL,לחם שיפון כהה,גרמים,750.00,100 גרם,false,0,11.90,1.59,true,1,
7290008745239,false,תפוצ'יפס קראנצ' טעם טבעי,"שטראוס פריטו ליי בע""\מ )",IL,תפוצ'יפס קראנצ',גרמים,50.00,100 גרם,false,0,4.00,8.00,true,1,
7290008747424,false,שוקולד במילוי תות 100גרם,עלית,IL,שוקולד במלוי תות,גרמים,100.00,100 גרם,false,0,5.50,5.50,true,1,
7290008747547,false,תפוציפס קראנצ' ט.טבעי200,"שטראוס פריטו ליי בע""\מ )",IL,תפוצ'יפס קראנצ',גרמים,200.00,100 גרם,false,0,9.90,4.95,true,1,
7290008748384,false,שוקולד ספלנדיד מריר100גר,עלית,IL,שוקולד ספלנדיד,גרמים,100.00,100 גרם,false,0,10.90,10.90,true,1,
7290008749343,false,בפלות שחור לבן 400 גרם,עלית,IL,בפלות שחור לבן,גרמים,400.00,100 גרם,false,0,15.40,3.85,true,1,
7290008750400,false,שוקולד לבן+עוגיות100 גרם,שטראוס,IL,שוקולדלבן עוגיות,גרמים,100.00,100 גרם,false,0,5.50,5.50,true,1,
7290008752244,false,תפוצ'יפס קראנצ' גריל 50ג,"שטראוס פריטו ליי בע""\מ )",IL,תפוצ'יפס גריל,גרמים,50.00,100 גרם,false,0,4.00,8.00,true,1,
7290008753111,false,תפוצ'יפס מקסיקני 50 גרם,"שטראוס פריטו ליי בע""\מ )",IL,תפוצ'יפס קראנצ',גרמים,50.00,100 גרם,false,0,4.00,8.00,true,1,
7290008753876,false,בפלות עוגת גבינה+פירו350,שטראוס,IL,בפלות עוגת גבינה,גרמים,350.00,100 גרם,false,0,15.40,4.40,true,1,
7290008753883,false,בפלות טרפלס+פירורים350גר,עלית,IL,בפלות טרפלס,גרמים,350.00,100 גרם,false,0,15.40,4.40,true,1,
7290008753982,false,שוקולד חלב אוורירי 85גרם,עלית,IL,שוקולד אוורירי,גרמים,85.00,100 גרם,false,0,5.50,6.47,true,1,
7290008754415,false,מאסט LL עדין ספירמינט28ג,עלית,IL,מסטיק מאסט LL,גרמים,28.00,100 גרם,false,0,4.30,15.36,true,1,
7290008754422,false,LL MUST קלאסי פפרמינט28ג,עלית,IL,מסטיק LL MUST,גרמים,28.00,100 גרם,false,0,4.30,15.36,true,1,
7290008754613,false,רולדת שוקולד מצופה 350גר,עלית,IL,רולדת שוקולד,גרמים,350.00,100 גרם,false,0,14.90,4.26,true,1,
7290008757034,false,"שוופס סודה חד פעמי250מ""ל",יפאורה תבורי בעמ,IL,מי סודה,מיליליטרים,250.00,"100 מ""ל",false,0,3.80,1.52,true,1,
7290008757980,false,נקטר ספרינג רימונים 1 ל',"יפאורה תבורי בע""\מ",IL,נקטר רימונים,ליטרים,1.00,ליטר,false,0,5.50,5.50,true,1,
7290008775816,false,ערגליות שוקו 300 גרם,"אסם השקעות בע""\מ",IL,ערגליות שוקו,גרמים,300.00,100 גרם,false,0,9.90,3.30,true,1,
7290008775823,false,ערגליות תות 300 גרם,"אסם השקעות בע""\מ",IL,ערגליות תות,גרמים,300.00,100 גרם,false,0,9.90,3.30,true,1,
7290008801157,false,מרלו סלקטד,,,מרלו סלקטד,מיליליטרים,750.00,"100 מ""ל",false,0,27.90,3.72,true,1,
7290008801522,false,"יין קונקורד 750מ""ל",יקבי כרמל,IL,יין קונקורד,מיליליטרים,750.00,"100 מ""ל",false,0,24.00,3.20,true,1,
7290008801546,false,"מוסקט קינג דיווד 750 מ""ל",יקבי כרמל,IL,מוסקט קינג דיווד,מיליליטרים,750.00,"100 מ""ל",false,0,24.00,3.20,true,1,
7290008801843,false,קברנה סוביניון,,,קברנה סוביניון,מיליליטרים,750.00,"100 מ""ל",false,0,27.90,3.72,true,1,
7290008801850,false,אמרלד ריזלינג סלקטד750מל,יקבי כרמל,IL,אמרלד ריזלינג,מיליליטרים,750.00,"100 מ""ל",false,0,27.90,3.72,true,1,
7290008802512,false,"יין אדום יבש וינו 750מ""ל",יקבי כרמל,IL,יין אדום יבש,מיליליטרים,750.00,"100 מ""ל",false,0,19.70,2.63,true,1,
7290008805049,false,"רוזה סלקטד 750 מ""ל",יקבי כרמל,IL,רוזה סלקטד,מיליליטרים,750.00,"100 מ""ל",false,0,27.90,3.72,true,1,
7290008805384,false,"סלקטד מוסקטו 750 מ""ל",יקבי כרמל,,סלקטד מוסקטו,מיליליטרים,750.00,"100 מ""ל",false,0,27.90,3.72,true,1,
7290008806961,false,קרמיסימו פרה שוקולד1.33ל,שטראוס,IL,גלידה קרמיסימו,ליטרים,1.33,ליטר,false,0,18.90,14.21,true,1,
7290008806985,false,נשנושי שוקווניל פרווה60י,שטראוס,IL,נשנושי שוקווניל,גרמים,630.00,100 גרם,false,0,44.90,7.13,true,1,
7290008846219,false,שמן זית כתית מעולה 750מל,חלוצה,IL,שמן זית כתית,מיליליטרים,750.00,"100 מ""ל",false,0,39.70,5.29,true,1,
7290008849661,false,ממרח עגבניות מיובשות180ג,"אוליביה גרומה בע""מ",IL,ממרח עגבניות,גרמים,180.00,100 גרם,false,1,12.90,7.17,true,1,
7290008909167,false,פריגת ענבים מרלו 1.5 ליט,פריגת,IL,פריגת ענבים,ליטרים,1.50,ליטר,false,0,6.70,4.47,true,1,
7290008909440,false,פאנטה אורנג' מנגו 1.5 ל',החברה המרכזית לייצור משק,IL,פאנטה אורנג',ליטרים,1.50,ליטר,false,0,6.70,4.47,true,1,
7290008909860,false,קוקה קולה זירו 1.5 ליטר,החברה המרכזית לייצור משק,IL,קוקה קולה זירו,ליטרים,1.50,ליטר,false,0,6.70,4.47,true,1,
7290008909877,false,קוקה קולה זירו 1.5*6 ל',החברה המרכזית לייצור משק,IL,קולה זירו 1.5*6ל,ליטרים,9.00,ליטר,false,0,36.90,4.10,true,1,
7290008945202,false,50 גלילונית למשרד90*75סמ,קילט ניהול פרוייקטים,TH,גלילונית למשרד,יחידה,1.00,יחידה,false,0,13.80,13.80,true,1,
7290008975780,false,"בונזו גזע קטן 3 ק""ג",food pet united,FR,בונזו גזע קטן,קילוגרמים,3.00,"ק""ג",false,0,44.90,14.97,true,1,
7290009011043,true,פילה אמנון טרי שופרסל קג,דגת הארץ,IL,פילה אמנון טרי,קילוגרמים,0.00,"ק""ג",true,1,86.90,86.90,true,1,
7290009011067,true,פילה באס טרי שופרסל לקג,דגת הארץ,IL,פילה באס טרי,קילוגרמים,0.00,"ק""ג",true,1,119.90,119.90,true,1,
7290009011128,true,פילה סלמון טרי שופרסל לק,דגת הארץ,IL,פילה סלמון טרי,קילוגרמים,0.00,"ק""ג",true,1,119.90,119.90,true,1,
7290009011159,true,אמנון שלם טרי שופרסל לקג,דגת הארץ,IL,אמנון שלם טרי,קילוגרמים,0.00,"ק""ג",true,1,36.90,36.90,true,1,
7290009012705,true,אנטריקוט טרי מוכשר אנגוס,,IL,אנטריקוט טרי אנג,קילוגרמים,0.00,"ק""ג",true,1,139.90,139.90,true,1,
7290009012712,true,צלעות טרי מוכשר אנגוס קג,,IL,צלעות טרי אנגוס,קילוגרמים,0.00,"ק""ג",true,1,79.90,79.90,true,1,
7290009012729,true,כתף טרי מוכשר אנגוס קג,,IL,כתף טרי אנגוס,קילוגרמים,0.00,"ק""ג",true,1,84.90,84.90,true,1,
7290009012781,true,פ.מדומה טרי מוכשר אנגוס,,IL,פ.מדומה טרי אנגו,קילוגרמים,0.00,"ק""ג",true,1,84.90,84.90,true,1,
7290009012798,true,שריר טרי מוכשר אנגוס קג,,IL,שריר טרי אנגוס,קילוגרמים,0.00,"ק""ג",true,1,69.90,69.90,true,1,
7290009012804,true,צוואר טרי מוכשר אנגוס קג,,IL,צוואר טרי אנגוס,קילוגרמים,0.00,"ק""ג",true,1,59.90,59.90,true,1,
7290009012880,true,"כרעיים בתיבול גריל ק""ג",עוף טוב,IL,כרעיים בתיבול,קילוגרמים,0.00,"ק""ג",true,1,39.90,39.90,true,1,
7290009012934,true,"שוקיים בתיבול גריל ק""ג",עוף טוב,IL,שוקיים בתיבול,קילוגרמים,0.00,"ק""ג",true,1,42.90,42.90,true,1,
7290009017038,true,נקניק סלמי צרפתי שופרסל,מעדני יחיעם,IL,סלמי צרפתי,קילוגרמים,0.00,"ק""ג",true,1,120.00,120.00,true,1,
7290009017069,true,נקניק סרוולד שופרסל קג,מעדני יחיעם,IL,נקניק סרוולד,קילוגרמים,0.00,"ק""ג",true,1,120.00,120.00,true,1,
7290009017076,true,נקניק סלמי תה שופרסל קג,מעדני יחיעם,IL,סלמי תה,קילוגרמים,0.00,"ק""ג",true,1,49.00,49.00,true,1,
7290009090512,true,בשר טחון טרי חלק קג,,IL,בשר טחון טרי,קילוגרמים,0.00,"ק""ג",true,1,39.00,39.00,true,1,
7290009091298,true,פילה טבעוף טרי ארוז קג,טבעוף,IL,פילה טבעוף טרי,קילוגרמים,0.00,"ק""ג",true,1,49.90,49.90,true,1,
7290009095845,true,שניצל טבעוף טרי ארוז קג,טבעוף,IL,שניצל טבעוף טרי,קילוגרמים,0.00,"ק""ג",true,0,46.90,46.90,true,1,
7290009096965,true,כנפיים טבעוף טרי ארוז קג,טבעוף,IL,כנפיים טבעוף טרי,קילוגרמים,0.00,"ק""ג",true,0,14.90,14.90,true,1,
7290009099478,true,שוקיים טבעוף טרי ארוז קג,טבעוף,IL,שוקיים טבעוף טרי,קילוגרמים,0.00,"ק""ג",true,0,44.90,44.90,true,1,
7290009398021,true,לחמניית ביס באגט,גידרון,IL,לחמניית ביס באגט,יחידה,1.00,יחידה,false,0,1.60,1.60,true,1,
7290009398618,true,סופגניה עם ריבה,גידרון,IL,סופגניה עם ריבה,גרמים,80.00,100 גרם,false,0,4.00,5.00,true,1,
7290009398687,true,דונטס,גידרון,IL,דונטס,יחידה,1.00,יחידה,false,0,5.00,5.00,true,1,
7290009398786,true,פיתות אסליות 100*5 גרם,,IL,פיתות אסליות 5יח,גרמים,500.00,100 גרם,false,0,7.90,1.58,true,1,
7290009398816,true,פרס בורגר שוקולד 500 גרם,גידרון,IL,פרס בורגר שוקולד,גרמים,500.00,100 גרם,false,0,25.90,5.18,true,1,
7290009398823,true,פרס בורגר פרג 500 גרם,גידרון,IL,פרס בורגר פרג,גרמים,500.00,100 גרם,false,0,25.90,5.18,true,1,
7290009398847,true,לחמניית חלה מתוקה,גידרון,IL,לחמניית חלה מתוק,יחידה,1.00,יחידה,false,0,4.20,4.20,true,1,
7290009399165,true,לחמניה קלה,גידרון,IL,לחמניה קלה,יחידה,1.00,יחידה,false,0,3.00,3.00,true,1,
7290009399288,true,פס גבינה אפוי,גידרון,,פס גבינה אפוי,יחידה,1.00,יחידה,false,0,39.90,39.90,true,1,
7290009399806,true,עוגת קרנץ טעם שוקולד600ג,גידרון,,עוגת קרנץ שוקולד,גרמים,600.00,100 גרם,false,0,24.90,4.15,true,1,
7290009399813,true,עוגת קרנץ עם פרג 600 גרם,גידרון,IL,עוגת קרנץ פרג,גרמים,600.00,100 גרם,false,0,24.90,4.15,true,1,
7290009401790,true,פיתה קמח מלא מארז 100*5ג,מאפיית אנג'ל,IL,פיתה קמח מלא 5יח,גרמים,500.00,100 גרם,false,0,8.90,1.78,true,1,
7290009802191,true,עוף שלם טרי א.דיל ארוז,,IL,עוף שלם טרי,קילוגרמים,0.00,"ק""ג",true,1,18.90,18.90,true,1,
7290009802221,true,כרעי עוף טרי א.דיל עצמי,,IL,כרעי עוף טרי,קילוגרמים,0.00,"ק""ג",true,1,27.90,27.90,true,1,
7290009804591,true,כנפי עוף טרי א.דיל עצמי,.,IL,כנפי עוף טרי,קילוגרמים,0.00,"ק""ג",true,1,11.90,11.90,true,1,
7290009806571,true,חזה עוף טרי א.דיל עצמי,.,IL,חזה עוף טרי,קילוגרמים,0.00,"ק""ג",true,1,31.90,31.90,true,1,
7290009807592,true,כבד עוף טרי א.דיל עצמי,.,IL,כבד עוף טרי,קילוגרמים,0.00,"ק""ג",true,1,19.90,19.90,true,1,
7290009807622,true,לב עוף טרי א.דיל ארוז,,IL,לב עוף טרי,קילוגרמים,0.00,"ק""ג",true,1,23.90,23.90,true,1,
7290009811490,true,שניצל עוף טרי א.דיל עצמי,,IL,שניצל עוף טרי,קילוגרמים,0.00,"ק""ג",true,1,34.90,34.90,true,1,
7290009811896,true,פרגיות עוף טרי אדיל עצמי,.,IL,פרגיות עוף טרי,קילוגרמים,0.00,"ק""ג",true,1,54.90,54.90,true,1,
7290009814316,true,פילה עוף טרי א.דיל עצמי,.,IL,פילה עוף טרי,קילוגרמים,0.00,"ק""ג",true,1,34.90,34.90,true,1,
7290009819120,true,שניצל דק טרי ארוז עצמי,.,IL,שניצל דק טרי,קילוגרמים,0.00,"ק""ג",true,1,39.90,39.90,true,1,
7290009819144,true,נתחי הודו טרי ארוז עצמי,.,IL,נתחי הודו טרי,קילוגרמים,0.00,"ק""ג",true,1,27.90,27.90,true,1,
7290009819151,true,שוק הודו נ.טרי א.עצמי,.,IL,שוק הודו טרי,קילוגרמים,0.00,"ק""ג",true,1,28.90,28.90,true,1,
7290009819175,true,שוארמה הודו נ.טרי א.עצמי,.,IL,שוארמה הודו טרי,קילוגרמים,0.00,"ק""ג",true,1,54.90,54.90,true,1,
7290009819199,true,כנף הודו נ.טרי ארוז עצמי,.,IL,כנף הודו טרי,קילוגרמים,0.00,"ק""ג",true,1,17.90,17.90,true,1,
7290009819212,true,גרון הודו נ.טרי א.עצמי,.,IL,גרון הודו טרי,קילוגרמים,0.00,"ק""ג",true,1,23.90,23.90,true,1,
7290009819267,true,חזה הודו נ.טרי ארוז עצמי,.,IL,חזה הודו טרי,קילוגרמים,0.00,"ק""ג",true,1,29.90,29.90,true,1,
7290009950724,true,מיני סופגניה מצופה,גידרון,IL,סופגנ.מיני מצופה,יחידה,1.00,יחידה,false,0,3.50,3.50,true,1,
7290009951325,true,מים מינרליים,,,מים מינרליים,מיליליטרים,500.00,"100 מ""ל",false,0,5.30,1.06,true,1,
7290009951899,true,מאפה מלוח משקל,גידרון,IL,מאפה מלוח,קילוגרמים,0.00,"ק""ג",true,0,39.00,39.00,true,1,
7290009951912,true,מאפה מתוק משקל,גידרון,IL,מאפה מתוק,קילוגרמים,0.00,"ק""ג",true,0,39.00,39.00,true,1,
7290009952988,true,מוצרלה מגורדת,,IL,מוצרלה מגורדת,קילוגרמים,0.00,"ק""ג",true,0,83.00,83.00,true,1,
7290009952995,true,מים מינרליים,,,מים מינרליים,ליטרים,1.50,ליטר,false,0,5.00,3.33,true,1,
7290009954234,true,נועם גב.צהובה9%חריץ משקל,טרה,IL,גבינת נועם 9%,קילוגרמים,0.00,"ק""ג",true,0,71.00,71.00,true,1,
7290009954241,true,נועם ג.צהובה22%חריץ משקל,טרופיקל דגיל תעשיות קוסמ,IL,גבינת נועם 22%,קילוגרמים,0.00,"ק""ג",true,0,40.59,40.59,true,1,
7290009954258,true,נועם ג.צהובה28%חריץ משקל,י. מלכי מוצרים,IL,גבינת נועם 28%,קילוגרמים,0.00,"ק""ג",true,0,42.70,42.70,true,1,
7290009954357,true,גבינת עמק מגורדת,,IL,גבינת עמק מגורדת,קילוגרמים,0.00,"ק""ג",true,0,42.70,42.70,true,1,
7290009954364,true,גב.גלבוע מגורדת במשקל,תנובה,IL,גב.גלבוע מגורדת,קילוגרמים,0.00,"ק""ג",true,0,40.59,40.59,true,1,
7290009954371,true,עמק לייט מגורדת 9% במשקל,תנובה,IL,עמק לייט מגורדת,קילוגרמים,0.00,"ק""ג",true,0,72.00,72.00,true,1,
7290009954388,true,טל העמק מגורדת32% במשקל,תנובה,IL,טל העמק מגורדת,קילוגרמים,0.00,"ק""ג",true,0,58.00,58.00,true,1,
7290009954395,true,קולאז פרמזן מגורדת במשקל,תנובה,IL,פרמזן מגורדת,קילוגרמים,0.00,"ק""ג",true,0,113.00,113.00,true,1,
7290009954531,true,נעם צהובה 9% מגורדת משקל,טרה,IL,נועם 9% מגורדת,קילוגרמים,0.00,"ק""ג",true,0,71.00,71.00,true,1,
7290009954562,true,נועם 22% מגורדת במשקל,טרה,IL,נועם מגורדת 22%,קילוגרמים,0.00,"ק""ג",true,0,40.59,40.59,true,1,
7290009955309,true,גב.פרמז'ן27% שופרסל משקל,ז'נטי אס.פי.אי,IT,גבינת פרמז'ן,קילוגרמים,0.00,"ק""ג",true,1,99.00,99.00,true,1,
7290009955330,true,גב.מוצרלה21% שופרסל משקל,אס סי מודסט,LE,גבינה מוצרלה 21%,קילוגרמים,0.00,"ק""ג",true,1,59.00,59.00,true,1,
7290009955460,true,פרמז'ן 27% מגורדת במשקל,ז'נטי אס.פי.אי,IT,פרמז'ן מגורדת,קילוגרמים,0.00,"ק""ג",true,1,99.00,99.00,true,1,
7290009955477,true,מוצרלה 21% מגורדת במשקל,בלו-בנד - יוניליוור,LE,מוצרלה מגורדת,קילוגרמים,0.00,"ק""ג",true,1,59.00,59.00,true,1,
7290009955538,true,נועם צהובה 28%מגורד.משקל,טרה,IL,נועם 28% מגורדת,קילוגרמים,0.00,"ק""ג",true,1,42.70,42.70,true,1,
7290009956009,true,גבינת אמנטל 28% במשקל,וילקיסקיו איי.בי,LT,גבינת אמנטל,קילוגרמים,0.00,"ק""ג",true,1,59.00,59.00,true,1,
7290009956139,true,גבינת גאודה 30.4% במשקל,ROUVEEN,NL,גבינת גאודה,קילוגרמים,0.00,"ק""ג",true,1,69.00,69.00,true,1,
7290009956313,true,גבינת מוצרלה 21% במשקל,אס.סי מודסט,LT,גבינת מוצרלה,קילוגרמים,0.00,"ק""ג",true,1,59.00,59.00,true,1,
7290009956528,true,פילה דג סלמון קפוא קג,---,IL,פילה דג סלמון,קילוגרמים,0.00,"ק""ג",true,1,64.90,64.90,true,1,
7290009956535,true,רצועות פילה נילוס קפוא ק,---,IL,רצועות נילוס,קילוגרמים,0.00,"ק""ג",true,1,51.90,51.90,true,1,
7290009956887,true,גבינה צהובה 28% במשקל,MLEKOVITA,PL,גבינה צהובה 28%,קילוגרמים,0.00,"ק""ג",true,1,29.00,29.00,true,1,
7290009956894,true,גבינה צהובה28%מגורד משקל,MLEKOVITA,PL,גב.צהובה מגורדת,קילוגרמים,0.00,"ק""ג",true,1,29.00,29.00,true,1,
7290009956917,true,גאודה 30% הולנד משקל,KAAS HEIDEN UAN,NL,גאודה,קילוגרמים,0.00,"ק""ג",true,1,32.00,32.00,true,1,
7290009956924,true,גאודה30%הולנד מגורד משקל,KAAS HEIDEN UAN,NL,גאודה מגורדת,קילוגרמים,0.00,"ק""ג",true,1,32.00,32.00,true,1,
7290009957020,true,גאודה עגבניות+זית32%משקל,ROUVEEN CZ,NL,גאודה עגבניות,קילוגרמים,0.00,"ק""ג",true,1,99.00,99.00,true,1,
7290009957037,true,גבינת צ'ילי במשקל,ROUVEEN CZ,NL,גבינת צ'ילי,קילוגרמים,0.00,"ק""ג",true,1,89.00,89.00,true,1,
7290009957044,true,גבינת פרמזן מיושנת משקל,זנטי,IT,גבינת פרמזן,קילוגרמים,0.00,"ק""ג",true,1,109.00,109.00,true,1,
7290009957051,true,פרמזן מיושנת שמיניה משקל,זנטי,IT,גבינת פרמזן,קילוגרמים,0.00,"ק""ג",true,1,109.00,109.00,true,1,
7290009957068,true,גאודה עיזים תיבול32%משקל,VANDERSTERRE,NL,גאודה עיזים,קילוגרמים,0.00,"ק""ג",true,1,99.00,99.00,true,1,
7290009957075,true,גבינת גאודה 16% במשקל,אמרלנד,DE,גבינת גאודה 16%,קילוגרמים,0.00,"ק""ג",true,1,59.00,59.00,true,1,
7290009957105,true,ממרח לורפק במשקל,ארלה פודס אמבה,DK,ממרח לורפק,קילוגרמים,0.00,"ק""ג",true,1,44.00,44.00,true,1,
7290010002092,false,פלפל שחור גרוס דק 90 גרם,א.ל ייצור ושיווק תבלינים,IL,פלפל שחור גרוס,גרמים,90.00,100 גרם,false,0,15.50,17.22,true,1,
7290010002108,false,פלפל שחור גרוס גס 90 גרם,א.ל ייצור ושיווק תבלינים,IL,פלפל שחור גרוס,גרמים,90.00,100 גרם,false,0,15.50,17.22,true,1,
7290010002122,false,פפריקה הונגרית מתוקה100ג,א.ל ייצור ושיווק תבלינים,IL,פפריקה הונגרית,גרמים,100.00,100 גרם,false,0,10.90,10.90,true,1,
7290010002146,false,פפריקה מרוקאית מתוקה100ג,א.ל ייצור ושיווק תבלינים,IL,פפריקה מרוקאית,גרמים,100.00,100 גרם,false,0,10.90,10.90,true,1,
7290010002214,false,צ'ילי מקסיקני גרוס 70גרם,א.ל ייצור ושיווק תבלינים,IL,צ'ילי מקסיקני,גרמים,70.00,100 גרם,false,0,10.90,15.57,true,1,
7290010023141,false,חל.לימונענע גן קסום25שק',ויסוצקי,IL,חליטת לימונענע,גרמים,55.00,100 גרם,false,0,18.90,34.36,true,1,
7290010023622,false,תה קלאסי.נגיעות נענע100ש,תה ויסוצקי,IL,תה קלאסיק+נענע,גרמים,100.00,100 גרם,false,0,17.70,17.70,true,1,
7290010045051,false,עוגיות מלבן שקדים 200גרם,לחמי,IL,עוגיות שקדים,גרמים,200.00,100 גרם,false,0,18.90,9.45,true,1,
7290010049028,false,תרכיז פטל מרמולייט 1ליטר,זנלכל,IL,תרכיז דיט פטל,ליטרים,1.00,ליטר,false,0,10.80,10.80,true,1,
7290010049059,false,עוגיות גרנולה 200 גרם,"הגביע מוצרי וופלים בע""\מ",IL,עוגיות גרנולה,גרמים,200.00,100 גרם,false,0,16.90,8.45,true,1,
7290010049806,false,"עוג.סנדויץ ללת""ס וניל150",מגדנית הדר,IL,עוגיות סנדוויץ,גרמים,150.00,100 גרם,false,0,7.90,5.27,true,1,
7290010049974,false,"עוג.סנדוויץ ללת""ס שוק150",מגדנית הדר,IL,עוגיות סנדוויץ,גרמים,150.00,100 גרם,false,0,7.90,5.27,true,1,
7290010065301,false,פרינוק מחית סלט פירות130,פרינוק,CZ,פרינוק מחית,גרמים,130.00,100 גרם,false,0,4.80,3.69,true,1,
7290010066001,false,נתחי טונה בשמן צמחי 960ג,תעשיות פילטונה,IL,נתחי טונה בשמן,גרמים,960.00,100 גרם,false,0,36.90,3.84,true,1,
7290010066513,false,טונה בשמן צמחי 158*4 גרם,תעשיות פילטונה,IL,טונה בשמן 4 יח,גרמים,632.00,100 גרם,false,0,22.90,3.62,true,1,
7290010066575,false,טונה במי מלח 158*4 גרם,תעשיות פילטונה,IL,טונה במי מלח 4יח,גרמים,632.00,100 גרם,false,0,22.90,3.62,true,1,
7290010066582,false,טונה בשמן קנולה 158*4 גר,תעשיות פילטונה,IL,טונה בשמן 4 יח,גרמים,632.00,100 גרם,false,0,22.90,3.62,true,1,
7290010066957,false,נתחי טונה בשמ צמחי960ג,תעשיות פילטונה,IL,נתחי טונה בשמן,גרמים,960.00,100 גרם,false,0,29.90,3.11,true,1,
7290010115938,false,פתיבר שוקו פריך עשיר500ג,עלית,IL,פתיבר שוקו,גרמים,500.00,100 גרם,false,0,9.90,1.98,true,1,
7290010116980,false,שוקולית 850 גרם,שטראוס קפה בי.וי.,IL,שוקולית עלית,גרמים,850.00,100 גרם,false,0,17.90,2.11,true,1,
7290010117864,false,דוריטוס בטעם חריף אש70גר,"שטראוס פריטו ליי בע""\מ )",IL,דוריטוס חריף,גרמים,70.00,100 גרם,false,0,3.60,5.14,true,1,
7290010129003,false,עוגיות אוזניים 600 גרם,דולצ'ה ויטה,IL,עוגיות אוזניים,גרמים,600.00,100 גרם,false,0,17.90,2.98,true,1,
7290010129010,false,עוג.כתר במילוי ריבה 600ג,דולצ'ה ויטה,IL,עוגיות כתר ריבה,גרמים,600.00,100 גרם,false,0,17.90,2.98,true,1,
7290010129287,false,עוגיות + שבבי צימקאו600ג,דולצ'ה ויטה,IL,עוגיות שבב.צמקאו,גרמים,600.00,100 גרם,false,0,17.90,2.98,true,1,
7290010129348,false,עוגיות בטעם שוקולד 600גר,דולצ'ה ויטה,IL,עוגיות שוקולד,גרמים,600.00,100 גרם,false,0,17.90,2.98,true,1,
7290010129355,false,עוגיות אצבע תמר 600 גרם,ק.א. ומשווק בבלעדיות על,IL,עוגיות דולצ'ה,גרמים,600.00,100 גרם,false,0,17.90,2.98,true,1,
7290010129553,false,עוג.מערוד רולדה תמרים600,---,IL,עוגיות רולדה,גרמים,600.00,100 גרם,false,1,17.90,2.98,true,1,
7290010129560,false,עוגיות פרסת תמרים 600גרם,---,IL,עוגיות תמרים,גרמים,600.00,100 גרם,false,1,17.90,2.98,true,1,
7290010129577,false,עוגיות שומשומיות 600 גרם,ק.א. ומשווק בבלעדיות על,IL,עוגיות שומשומיות,גרמים,600.00,100 גרם,false,1,17.90,2.98,true,1,
7290010129614,false,עוגיות מקלות סוכר 600גרם,ק.א. ומשווק בבלעדיות על,IL,עוגיות מקלות סוכ,גרמים,600.00,100 גרם,false,1,17.90,2.98,true,1,
7290010129645,false,רייף מרוקאיות ע. יד 350ג,קונדטוריית אנגל,IL,רייף 350 ג,גרמים,350.00,100 גרם,false,1,16.80,4.80,true,1,
7290010129706,false,עוגיות נשיקות ע.יד 350ג,אנגל,IL,עוגיות נשיקות,גרמים,350.00,100 גרם,false,1,16.80,4.80,true,1,
7290010129775,false,עוגיות אצבע שוקולד 600גר,ק.א. ומשווק בבלעדיות על,IL,עוגיות אצבע שוקו,גרמים,600.00,100 גרם,false,1,17.90,2.98,true,1,
7290010129942,false,עוגת שמרים שוק.קרנץ500גר,קונדטוריית אנגל,IL,עוגת שמרים,גרמים,500.00,100 גרם,false,0,11.80,2.36,true,1,
7290010154005,false,סחוג תימני 250 גרם,נטו,IL,סחוג תימני,גרמים,250.00,100 גרם,false,0,13.90,5.56,true,1,
7290010154029,false,אריסה מתוקה 250 גרם,נטו,IL,אריסה מתוקה,גרמים,250.00,100 גרם,false,0,13.90,5.56,true,1,
7290010154241,false,חזרת 250 גרם,נטו,IL,סלט חזרת ביתית,גרמים,250.00,100 גרם,false,0,13.90,5.56,true,1,
7290010154265,false,פלפל צ'ומה ביטון 250 גרם,נטו,IL,פלפל צ'ומה,גרמים,250.00,100 גרם,false,0,13.90,5.56,true,1,
7290010154678,false,אריסה מרוקאית 250 גרם,תבליני יוחי ביטון,IL,אריסה מרוקאית,גרמים,250.00,100 גרם,false,1,13.90,5.56,true,1,
7290010163632,false,שזיף ללא גלעין400ג'שקדיה,---,IL,שזיף ללא גלעין,גרמים,400.00,100 גרם,false,0,26.70,6.68,true,1,
7290010163663,false,א.קאשיו טבעי 200ג'שקדיה,שקדיה,IL,אגוז קאשיו טבעי,גרמים,200.00,100 גרם,false,0,23.70,11.85,true,1,
7290010163700,false,שקד קלוף טבעי200ג שקדיה,שקדיה,IL,שקד טבעי,גרמים,200.00,100 גרם,false,0,18.90,9.45,true,1,
7290010173068,false,גליל קברנה סוביניון750מל,יקב הרי גליל,IL,קברנה הרי גליל,מיליליטרים,750.00,"100 מ""ל",false,0,35.90,4.79,true,1,
7290010173334,false,"סירה הרי גליל 750 מ""ל",יקב הרי גליל,IL,סירה הרי גליל,מיליליטרים,750.00,"100 מ""ל",false,0,35.90,4.79,true,1,
7290010237531,false,פפסי בקבוק,,IL,פפסי בקבוק,מיליליטרים,500.00,"100 מ""ל",false,0,4.00,0.80,true,1,
7290010237548,false,פפסי מקס,,IL,פפסי מקס,מיליליטרים,500.00,"100 מ""ל",false,0,4.00,0.80,true,1,
7290010237562,false,מירינדה,,IL,מירינדה,מיליליטרים,500.00,"100 מ""ל",false,0,4.00,0.80,true,1,
7290010237579,false,סבנ אפ,,IL,סבנ אפ,מיליליטרים,500.00,"100 מ""ל",false,0,4.00,0.80,true,1,
7290010237586,false,סבנ אפ דיאט,,IL,סבנ אפ דיאט,מיליליטרים,500.00,"100 מ""ל",false,0,4.00,0.80,true,1,
7290010237623,false,בירה נשר מאלט 1.5 ליטר,"טמפו משקאות בע""מ",IL,נשר מאלט,ליטרים,1.50,ליטר,false,0,7.20,4.80,true,1,
7290010237630,false,בירה נשר מאלט דיאט 1.5 ל,"טמפו משקאות בע""מ",IL,נשר מאלט דיאט,ליטרים,1.50,ליטר,false,0,7.20,4.80,true,1,
7290010237890,false,בירה הייניקן בק.חוזר500מ,היינקן,IL,בירה הייניקן,מיליליטרים,500.00,"100 מ""ל",false,0,9.20,1.84,true,1,
7290010259359,false,נודלס ביצים,,CN,נודלס ביצים,גרמים,200.00,100 גרם,false,0,3.90,1.95,true,1,
7290010259823,false,מנת השף נודלס,,TH,מנת השף נודלס,גרמים,70.00,100 גרם,false,0,4.50,6.43,true,1,
7290010259830,false,מנת השף נודלס,,TH,מנת השף נודלס,גרמים,70.00,100 גרם,false,0,4.50,6.43,true,1,
7290010259847,false,מנת השף נודלס,,TH,מנת השף נודלס,גרמים,70.00,100 גרם,false,0,4.50,6.43,true,1,
7290010259854,false,מנת השף נודלס,,TH,מנת השף נודלס,גרמים,70.00,100 גרם,false,0,4.50,6.43,true,1,
7290010382842,false,קרם לחות קליל-רגיל 400מל,קרליין,IL,קרם לחות לשיער,מיליליטרים,400.00,"100 מ""ל",false,0,21.70,5.43,true,1,
7290010429554,false,"שמן זית 2 קלאסי 750מ""ל",מכוורת יד מרדכי שטראוס ב,IL,שמן זית 2 קלאסי,מיליליטרים,750.00,"100 מ""ל",false,0,33.90,4.52,true,1,
7290010471669,false,דנונה בר תות קורנפ175.גר,"שטראוס בריאות בע""\מ",IL,דנונה בר תות,גרמים,175.00,100 גרם,false,0,4.60,2.63,true,1,
7290010472307,false,גמדים לשתיה תות בננ100*8,"שטראוס בריאות בע""\מ",IL,גמדים לשתיה 8 יח,מיליליטרים,800.00,"100 מ""ל",false,0,20.00,2.50,true,1,
7290010472390,false,דני שוקולד 125*8גרם,"שטראוס גרופ בע""\מ",IL,דני שוקולד 8 יח',קילוגרמים,1.00,"ק""ג",false,0,15.90,15.90,true,1,
7290010472765,false,סופר גמדים תות 100*4 גרם,"שטראוס בריאות בע""\מ",IL,סופר גמדים 4 יח,גרמים,400.00,100 גרם,false,0,11.70,2.93,true,1,
7290010609079,false,טרופיקש 10 יח,,IL,טרופיקש 10 יח,ליטרים,2.00,ליטר,false,0,11.90,5.95,true,1,
7290010627004,false,טחינה ירושלים 500 גרם,"טחינה ירושלים בע""מ",IL,טחינה ירושלים,גרמים,500.00,100 גרם,false,0,15.90,3.18,true,1,
7290010627844,false,טחינה מלאה ירושלים 500 ג,"טחינה ירושליים בע""מ",IL,טחינה מלאה,גרמים,500.00,100 גרם,false,1,15.90,3.18,true,1,
7290010650019,false,עולש - יחידה,חוות פטריות תקוע,IL,עולש,יחידה,1.00,יחידה,false,0,11.90,11.90,true,1,
7290010650033,false,בצלצלי שאלוט -יחידה,קטיף.,IL,בצלצלי שאלוט,יחידה,1.00,יחידה,false,0,14.00,14.00,true,1,
7290010650040,false,פטריות שיטאקי-יחידה,חוות פטריות תקוע,IL,פיטריות שיטאקי,יחידה,1.00,יחידה,false,0,12.90,12.90,true,1,
7290010650194,false,שורש גינגר טרי ארוז יח,קטיף.,XX,שורש גינגר טרי,יחידה,1.00,יחידה,false,0,12.90,12.90,true,1,
7290010650224,false,פטריות מלך היער-יחידה,חוות פטריות תקוע,IL,פטריותמלך היער,יחידה,1.00,יחידה,false,0,14.90,14.90,true,1,
7290010650415,false,עגבניה לחה -יחידה,חוות פטריות תקוע,IL,עגבניה לחה,יחידה,1.00,יחידה,false,0,15.00,15.00,true,1,
7290010650828,false,פטריות שי מגי יחידה,קפקו לונגהאי,CN,פטריות שי מגי,יחידה,1.00,יחידה,false,1,12.90,12.90,true,1,
7290010748891,false,ק.גוף אפקטיב קר רגיל700מ,פישר מעבדות פרמצבטיות,IL,קרם גוף,מיליליטרים,700.00,"100 מ""ל",false,0,27.00,3.86,true,1,
7290010766956,false,ממרח פלפל גמבה 180 גרם,אוליביה,IL,ממרח פלפל גמבה,גרמים,180.00,100 גרם,false,0,13.90,7.72,true,1,
7290010777099,false,פיתות במרקם מיוחד 100*8ג,פיתה אקספרס,IL,פיתות אקספרס 8יח,גרמים,800.00,100 גרם,false,1,10.00,1.25,true,1,
7290010777150,false,פיתות 100%חיטה מלא 8יח',פיתה אקספרס,IL,פיתות ריבוע,גרמים,900.00,100 גרם,false,0,12.90,1.43,true,1,
7290010777297,false,פיתות ביס 12יח' 600גרם,פיתה אקספרס,IL,פיתות ביס,גרמים,600.00,100 גרם,false,0,11.90,1.98,true,1,
7290010777327,false,פיתות קלות 79קלוריות10יח,פיתה אקספרס,IL,פיתות קלות 79קל',גרמים,500.00,100 גרם,false,0,12.90,2.58,true,1,
7290010777358,false,פיתה100% כוסמין 50*8 גרם,פיתה אקספרס,IL,פיתות כוסמין 8יח,גרמים,400.00,100 גרם,false,1,15.90,3.98,true,1,
7290010814695,false,"שוקולד מריר ללת""ס 85 גרם",כרמית תעשיות ממתקים בעמ,IL,שוקולד מריר,גרמים,85.00,100 גרם,false,0,6.90,8.12,true,1,
7290010838424,false,"דאק לאסלה רענן 750*2 מ""ל",ג'ונסון,NL,דאק לאסלה זוג,ליטרים,1.50,ליטר,false,0,19.90,13.27,true,1,
7290010838431,false,דאק לאסלה ניחוח ים750*2מ,ג'ונסון,NL,דאק לאסלה זוג,ליטרים,1.50,ליטר,false,0,19.90,13.27,true,1,
7290010883370,false,סנו סושי כפפות אלוורה M,סנו,,סנו סוש כפפות,יחידה,1.00,יחידה,false,0,10.40,10.40,true,1,
7290010931330,false,סלט מטבוחה 500 גרם,"שטראוס גרופ בע""\מ",IL,סלט מטבוחה אחלה,גרמים,500.00,100 גרם,false,0,14.20,2.84,true,1,
7290010945146,false,קוטג' 3%רכיבים טביעי250ג,טרה,IL,קוטג'  3%  250גר,גרמים,250.00,100 גרם,false,0,5.40,2.16,true,1,
7290010945450,false,גבינה לבנה 3% 250 גרם,טרה,IL,גבינה לבנה3%,גרמים,250.00,100 גרם,false,0,4.80,1.92,true,1,
7290010945481,false,גבינה לבנה 5% 500 גרם,טרה,IL,גבינה לבנה 5%,גרמים,500.00,100 גרם,false,0,9.50,1.90,true,1,
7290010970193,false,סילאן תמרים טבעי 900 גרם,ג.מ.טעם הארץ,IL,סילאן תמרים טבעי,גרמים,900.00,100 גרם,false,1,19.90,2.21,true,1,
7290010970261,false,"חומץ תפוחי עץ 500 מ""ל",ג.מ.טעם הארץ,IL,חומץ תפוחי עץ,מיליליטרים,500.00,"100 מ""ל",false,0,15.20,3.04,true,1,
7290010970407,false,"חומץ תפוחים בלסמי 500מ""ל",ג.מ.טעם הארץ,IL,חומץ תפוחים בלסמ,גרמים,500.00,100 גרם,false,1,19.90,3.98,true,1,
7290010970551,false,"שמן אבוקדו 250 מ""ל",ג.מ.טעם הארץ,IL,שמן אבוקדו,מיליליטרים,250.00,"100 מ""ל",false,1,29.60,11.84,true,1,
7290010970759,false,"סירופ מלבי 250 מ""ל",ג.מ.טעם הארץ,IL,סירופ מלבי,מיליליטרים,250.00,"100 מ""ל",false,1,10.90,4.36,true,1,
7290010970773,false,סילאן טבעי לחיץ 350 גרם,ג.מ.טעם הארץ,IL,סילאן טבעי,גרמים,350.00,100 גרם,false,1,14.90,4.26,true,1,
7290010970797,false,"רוטב רימונים 250 מ""ל",ג.מ.טעם הארץ,IL,רוטב רימונים,מיליליטרים,250.00,"100 מ""ל",false,1,14.90,5.96,true,1,
7290011015862,false,סירופ דיאט לימונענע750מל,פריגת,IL,סירופ לימונענע,מיליליטרים,750.00,"100 מ""ל",false,0,17.90,2.39,true,1,
7290011017606,false,פאנטה לימונדה 1.5 ליטר,החברה המרכזית לייצור משק,IL,פאנטה לימונדה,ליטרים,1.50,ליטר,false,0,6.70,4.47,true,1,
7290011017866,false,"סליק קוקה קולה 330מ""ל",החברה המרכזית לייצור משק,IL,קוקה קולה סליק,מיליליטרים,330.00,"100 מ""ל",false,0,5.00,1.52,true,1,
7290011017873,false,"סליק קוקה זירו 330 מ""ל",החברה המרכזית לייצור משק,IL,קוקה זירו,מיליליטרים,330.00,"100 מ""ל",false,0,5.00,1.52,true,1,
7290011018184,false,פיוז טי אפרסק,,IL,פיוז טי אפרסק,מיליליטרים,500.00,"100 מ""ל",false,0,6.80,1.36,true,1,
7290011018252,false,תה מנגו אננס,,IL,תה מנגו אננס,ליטרים,1.50,ליטר,false,0,6.90,4.60,true,1,
7290011018283,false,פיוז טי אפרסק,,IL,פיוז טי אפרסק,ליטרים,1.50,ליטר,false,0,6.90,4.60,true,1,
7290011018306,false,פיוז טי אפרסק,,IL,פיוז טי אפרסק,ליטרים,1.50,ליטר,false,0,6.90,4.60,true,1,
7290011018443,false,"סליק פאנטה אורנג' 330מ""ל",החברה המרכזית לייצור משק,IL,פאנטה אורנג',מיליליטרים,330.00,"100 מ""ל",false,0,5.00,1.52,true,1,
7290011018474,false,סיידר תפוחים אלכוהולי330,קרלסברג ישראל,DK,סיידר תפוחים,מיליליטרים,330.00,"100 מ""ל",false,1,9.50,2.88,true,1,
7290011018832,false,"קוקה קולה 330*6 מ""ל",החברה המרכזית לייצור משק,IL,קוקה קולה 6פחיות,ליטרים,1.98,ליטר,false,0,19.90,10.05,true,1,
7290011018917,false,"קוקה קולה זירו 330*6 מ""ל",החברה המרכזית לייצור משק,IL,קוקה קולה זירו6י,ליטרים,1.98,ליטר,false,0,19.90,10.05,true,1,
7290011051136,false,שוופס סודה 1.5*4 ליטר,"יפאורה תבורי בע""\מ",IL,שוופס סודה 4 יח',ליטרים,6.00,ליטר,false,0,10.90,1.82,true,1,
7290011051327,false,קריסטל אשכוליות מוגז 2ל',"יפאורה תבורי בע""\מ",IL,גזוז טעם אשכולית,ליטרים,2.00,ליטר,false,0,4.00,2.00,true,1,
7290011051341,false,שוופס סודה לימון 1.5*4 ל,יפאורה שותפות מובגלת לשי,IL,סודה לימון 4 יח,ליטרים,6.00,ליטר,false,0,10.90,1.82,true,1,
7290011051389,false,שוופס פירות יער מוגז1.5ל,"יפאורה תבורי בע""\מ",IL,שוופס מוגז עדין,ליטרים,1.50,ליטר,false,0,6.70,4.47,true,1,
7290011051488,false,תה ספרינג אפרסק 1.5 ליטר,"יפאורה תבורי בע""\מ",IL,ספרינג תה אפרסק,ליטרים,1.50,ליטר,false,0,6.50,4.33,true,1,
7290011051518,false,תה ספרינג דיאט אפרסק1.5ל,"יפאורה תבורי בע""\מ",IL,תה ספרינג דיאט,ליטרים,1.50,ליטר,false,0,6.50,4.33,true,1,
7290011065829,false,פלפל ארבע עונות מטחנה60ג,א.ל ייצור ושיווק תבלינים,IL,פלפל ארבע עונות,גרמים,60.00,100 גרם,false,1,17.90,29.83,true,1,
7290011081492,false,קרמיסימו שלושה שוקולדים,שטראוס,IL,קרמיסימו שוקולדי,ליטרים,1.33,ליטר,false,0,18.90,14.21,true,1,
7290011081690,false,גל.קרמיסימו צ'יפ וניל/שו,שטראוס,IL,קרמיסימו צ'יפ,ליטרים,1.33,ליטר,false,0,18.90,14.21,true,1,
7290011115159,false,סבון נקה 7 מועשר 4*100גר,נקה,,סבון נקה 4X 7,גרמים,400.00,100 גרם,false,0,12.50,3.13,true,1,
7290011115166,false,תחליב רחצה נקה7  לבנדר1ל,אמיליה קוסמטיקס,IL,תחליב רחצה נקה 7,ליטרים,1.00,ליטר,false,0,12.90,12.90,true,1,
7290011115173,false,תחליב רחצה נקה7 וניל 1 ל,אמיליה קוסמטיקס,IL,תחליב רחצה נקה 7,ליטרים,1.00,ליטר,false,0,12.90,12.90,true,1,
7290011115203,false,סבון נקה 7 ורוד 100*4 גר,נקה,,סבון נקה 7 4 יח,גרמים,400.00,100 גרם,false,0,12.50,3.13,true,1,
7290011115272,false,סבון מוצק נקה7ירוק100*4ג,נקה,,סבון נקה 4X 7,גרמים,400.00,100 גרם,false,0,12.50,3.13,true,1,
7290011126209,false,גן קסום תפוח+קינמון 25שק,ויסוצקי,IL,חליטת תפוח קנמון,גרמים,67.00,100 גרם,false,0,18.90,28.21,true,1,
7290011126346,false,ניחוח.גליל לימ/לואיזה25ש,ויסוצקי,IL,חליטת צמחים,גרמים,55.00,100 גרם,false,0,16.70,30.36,true,1,
7290011126452,false,חליטת קמומיל+נענע25ש1.5*,ויסוצקי,IL,חליטת קמומיל,גרמים,37.00,100 גרם,false,0,18.90,51.08,true,1,
7290011126469,false,חל.קמומיל+דבש גן קסום25ש,ויסוצקי,IL,חליטת קמומיל+דבש,גרמים,37.00,100 גרם,false,0,18.90,51.08,true,1,
7290011128012,false,גזר צבעוני יחידה,גזר שליט,IL,גזר צבעוני,יחידה,1.00,יחידה,false,1,7.90,7.90,true,1,
7290011131371,false,"מיזלי קראנץ שקדים 1 ק""ג",וויטליה,MK,מיזלי שקדים,קילוגרמים,1.00,"ק""ג",false,0,25.90,25.90,true,1,
7290011131388,false,"מיזלי תפוח קינמון 1 ק""ג",וויטליה,MK,מיזלי תפוח קינמו,קילוגרמים,1.00,"ק""ג",false,0,25.90,25.90,true,1,
7290011131395,false,מיזלי קראנץ 30%פירות 1 ק,וויטליה,MK,מיזלי קראנץ,קילוגרמים,1.00,"ק""ג",false,0,25.90,25.90,true,1,
7290011131654,false,"מיזלי ביג מיקס 1 ק""ג",וויטליה,MK,מיזלי ביג מיקס,קילוגרמים,1.00,"ק""ג",false,0,25.90,25.90,true,1,
7290011131975,false,"גרנולה פירות 1 ק""ג",וויטליה,MK,גרנולה פירות,קילוגרמים,1.00,"ק""ג",false,0,27.60,27.60,true,1,
7290011133375,false,"מכבי שנדי אפרסק 330*6מ""ל","טמפו משקאות בע""מ",IL,מכבי שנדי 6 יח,ליטרים,1.98,ליטר,false,0,35.30,17.83,true,1,
7290011148935,false,מלפפון בייבי יחידה,קטיף.,IL,מלפפון טעם,יחידה,1.00,יחידה,false,0,9.90,9.90,true,1,
7290011194246,false,קוטג' 5% שומן 250 גרם,"שטראוס בריאות בע""\מ",IL,קוטג' 5% שומן,גרמים,250.00,100 גרם,false,0,5.80,2.32,true,1,
7290011223243,false,דאק ג'ל אסלה לבנדר 55 מל,DEOFLOR,IT,דאק ג'ל לאסלה,מיליליטרים,55.00,"100 מ""ל",false,0,9.90,18.00,true,1,
7290011223786,false,סבון פמילי מעורב3 * 500מ,אברנסל קוסמטיקס,IL,סבון פמילי,ליטרים,1.50,ליטר,false,0,15.90,10.60,true,1,
7290011308179,false,קרקר חיטה מלאה+פשתן300גר,אפיפית,IL,קרקר חיטה מלאה,גרמים,300.00,100 גרם,false,0,9.90,3.30,true,1,
7290011308858,false,נישנושים ביס שמנת בצל60ג,יוניליוור,IL,נישנושים ביס,גרמים,60.00,100 גרם,false,0,3.90,6.50,true,1,
7290011308872,false,נישנושים ביס בצל 60 גרם,יוניליוור,IL,נישנושים ביס,גרמים,60.00,100 גרם,false,0,3.90,6.50,true,1,
7290011447304,false,מטרנה חלבי שלב 3 700ג,נסטלה,IL,מטרנה חלבי שלב 3,גרמים,700.00,100 גרם,false,0,49.90,7.13,true,1,
7290011447373,false,מטרנה מהדרין שלב 2 700גר,נסטלה,IL,מטרנה מהדרין,גרמים,700.00,100 גרם,false,0,49.90,7.13,true,1,
7290011468460,false,טחינה אמיתית הנסיך 450 ג,הנסיך,IL,טחינה אמיתית,גרמים,450.00,100 גרם,false,1,13.40,2.98,true,1,
7290011499051,false,פטה כבשים 20% 250ג,מחלבות גד,IL,פטה כבשים,גרמים,250.00,100 גרם,false,0,24.70,9.88,true,1,
7290011499105,false,גבינה בולגרית 5% 250 גרם,מחלבות גד,IL,גבינה בולגרית 5%,גרמים,250.00,100 גרם,false,0,22.60,9.04,true,1,
7290011499112,false,גבינה בולגרית 16% 250גרם,מחלבות גד,IL,גבינה בולגרית,גרמים,250.00,100 גרם,false,0,22.60,9.04,true,1,
7290011499129,false,קוב.בולג.מעודנת 5% 200ג,מחלבות גד,IL,קוביות בולגרית,גרמים,200.00,100 גרם,false,0,20.60,10.30,true,1,
7290011499303,false,פטה מעודנת עיזים5% 250ג,מחלבות גד,IL,פטה מעודנת עיזים,גרמים,250.00,100 גרם,false,0,30.90,12.36,true,1,
7290011499327,false,גב.בולגרית מעודנת5% 250ג,מחלבות גד,IL,בולגרית מעודנת5%,גרמים,250.00,100 גרם,false,0,22.60,9.04,true,1,
7290011499419,false,גב.שמנת ט.טבעי5% 200גרם,מחלבות גד,IL,גבינת שמנת גד5%,גרמים,200.00,100 גרם,false,0,11.40,5.70,true,1,
7290011499624,false,גבינת שמנת 30% טבעי200גר,מחלבות גד,IL,גבינת שמנת 30%,גרמים,200.00,100 גרם,false,0,12.90,6.45,true,1,
7290011499846,false,ריקוטה פרסקה 9%,,IL,ריקוטה פרסקה 9%,גרמים,300.00,100 גרם,false,0,18.00,6.00,true,1,
7290011501617,false,חמוציות דל סוכר250ג שקדי,שקדיה,IL,חמוציות דל סוכר,גרמים,250.00,100 גרם,false,0,19.70,7.88,true,1,
7290011518561,false,"אקטימל תות 100*14 מ""ל","שטראוס בריאות בע""\מ",IL,אקטימל מארז14יח',ליטרים,1.40,ליטר,false,0,29.90,21.36,true,1,
7290011530945,false,קרפצ'יו עגל 210 גרם,בלדי,IL,קרפצ'יו עגל,גרמים,210.00,100 גרם,false,1,39.90,19.00,true,1,
7290011570132,false,"קמח נטול גלוטן 1 ק""ג",גלעם,IL,קמח נטול גלוטן,קילוגרמים,1.00,"ק""ג",false,0,4.90,4.90,true,1,
7290011575250,false,הפי מבריק וצובע נעליים,מרקה,ES,הפי לנעליים,יחידה,1.00,יחידה,false,0,9.90,9.90,true,1,
7290011587598,false,פילה אנשובי 45 גרם,אינוורסינס פריסקו,PE,פילה אנשובי,גרמים,45.00,100 גרם,false,0,6.90,15.33,true,1,
7290011598211,false,סנו אנטי קאלק נ.כללי700מ,סנו מפעלי ברונוס בעמ,IL,סנו אנטי קאלק,מיליליטרים,700.00,"100 מ""ל",false,0,16.90,2.41,true,1,
7290011598457,false,נייר טואלט סופט,,IL,נייר טואלט סופט,מטרים,883.00,100 מטר,false,0,39.90,4.52,true,1,
7290011615260,false,טורטיות,,TR,טורטיות,גרמים,540.00,100 גרם,false,0,10.90,2.02,true,1,
7290011615277,false,עלי טורטייה,,TR,עלי טורטייה,גרמים,840.00,100 גרם,false,0,15.90,1.89,true,1,
7290011618025,false,בייבי ביס בטעם טבעי 50 ג,want-want,CN,בייבי ביס,גרמים,50.00,100 גרם,false,0,12.50,25.00,true,1,
7290011618162,false,ביסקו.שוק.שמנת זביונה180,TAGO,PL,ביסקוויט שוקולד,גרמים,180.00,100 גרם,false,0,14.50,8.06,true,1,
7290011668143,false,"מסיכה משקמת פנינה 1 ק""ג",א.ל ארמן,IL,מסיכה לשיער,קילוגרמים,1.00,"ק""ג",false,0,29.90,29.90,true,1,
7290011668570,false,חגיגת גרנולה פ.יבשים500ג,אפקט טבעי,IL,חגיגת גרנולה,גרמים,500.00,100 גרם,false,0,28.70,5.74,true,1,
7290011743833,false,משחה סנסודיין פרונמל75מל,MICLEN DE,GB,משחת שיניים,מיליליטרים,75.00,"100 מ""ל",false,0,22.90,30.53,true,1,
7290011744892,false,משחת אקווה פרש ג'וניור50,MICLEN DE,SK,משחת שיניים א.פ,מיליליטרים,50.00,"100 מ""ל",false,0,13.60,27.20,true,1,
7290011765088,false,ג'ל גילוח קרמה COOL 200מ,קוסמופארם,IL,ג'ל גילוח קרמה,מיליליטרים,200.00,"100 מ""ל",false,0,16.30,8.15,true,1,
7290011765095,false,ג'ל גילוח קרמה דליקט200מ,קוסמופארם,IL,ג'ל גילוח קרמה,מיליליטרים,200.00,"100 מ""ל",false,0,16.30,8.15,true,1,
7290011765118,false,קצף גילוח קרמה דליקט200מ,קוסמופארם,IL,קצף גילוח קרמה,מיליליטרים,200.00,"100 מ""ל",false,0,9.70,4.85,true,1,
7290011765446,false,משחה אורביטול ענבים 70 ג,טרופיקל דגיל תעשיות קוסמ,IL,משחת שיניים,גרמים,70.00,100 גרם,false,0,8.90,12.71,true,1,
7290011800642,false,סלט מטבוחה רפי כהן 400גר,סלטי צבר,IL,סלט מטבוחה,גרמים,400.00,100 גרם,false,0,15.90,3.98,true,1,
7290011800703,false,פלפלים קלויים רפי כהן400,סלטי צבר,IL,סלט פלפלים,גרמים,400.00,100 גרם,false,0,15.90,3.98,true,1,
7290011800840,false,טחינה בלאדי רפי כהן 400ג,סלטי צבר,IL,סלט טחינה בלאדי,גרמים,400.00,100 גרם,false,0,15.90,3.98,true,1,
7290011810252,false,חציל במיונז 250גרם,סלטי שמיר,IL,סלט חציל במיונז,גרמים,250.00,100 גרם,false,0,8.30,3.32,true,1,
7290011810726,false,חומוס+חריף אבו-גוש 250גר,סלטי שמיר,IL,חומוס עם חריף,גרמים,250.00,100 גרם,false,0,8.90,3.56,true,1,
7290011877156,false,"סנו פרש ענק מאסק 375 מ""ל",סנו מפעלי ברונוס בעמ,IL,סנו פרש ענק,מיליליטרים,375.00,"100 מ""ל",false,0,9.80,2.61,true,1,
7290011877859,false,סנו אינסטלטור 200 גרם,סנו מפעלי ברונוס בעמ,IL,סנו אינסטלטור,גרמים,200.00,100 גרם,false,0,13.90,6.95,true,1,
7290011877866,false,"א.כביסה מקסימה מאסק 6ק""ג",סנו,IL,אבקת כביסה,קילוגרמים,6.00,"ק""ג",false,0,44.90,7.48,true,1,
7290011947262,false,זית ירוק בתיבול גלילי215,---,IL,זית ירוק בתיבול,גרמים,215.00,100 גרם,false,0,9.90,4.60,true,1,
7290011947309,false,זית סורי+לימון כבוש 230ג,---,IL,זית סורי,גרמים,230.00,100 גרם,false,0,13.90,6.04,true,1,
7290011964702,false,תיבול לשווארמה 100 גרם,תבליני טעם וריח,IL,תיבול לשווארמה,גרמים,100.00,100 גרם,false,0,10.80,10.80,true,1,
7290012001994,false,חרדל דיז'ון ריין 350 גרם,ריין דיג'ון,FR,חרדל דיז'ון ריין,גרמים,350.00,100 גרם,false,0,11.90,3.40,true,1,
7290012019036,false,שיני שום כבושים בחומץ330,ליני דשן פוד,CN,שיני שום כבושים,גרמים,330.00,100 גרם,false,1,10.00,3.03,true,1,
7290012019258,false,"רסק תפו""ע 4 * 113 גרם",GROWERS CHERRY,US,"רסק תפו""ע 4 יח",גרמים,452.00,100 גרם,false,0,9.90,2.19,true,1,
7290012019265,false,"רסק תפו""ע ללת""ס 113*4 גר",GROWERS CHERRY,US,"רסק תפו""ע ללת""ס",גרמים,452.00,100 גרם,false,0,9.90,2.19,true,1,
7290012019272,false,"רסק תפו""ע וקינמון 113*4ג",GROWERS CHERRY,US,"רסק תפו""ע",גרמים,452.00,100 גרם,false,0,9.90,2.19,true,1,
7290012019388,false,סלמון במיץ טבעי 213 גרם,SEAFOODS ICICLE,US,סלמון במיץ טבעי,גרמים,213.00,100 גרם,false,0,11.90,5.59,true,1,
7290012022005,false,קריספיות טבעי,דילייט,IL,קריספיות טבעי,גרמים,60.00,100 גרם,false,0,11.90,19.83,true,1,
7290012022050,false,קריספיות מרובה דגנים 75,דילייט,IL,קריספיות דגנים,גרמים,75.00,100 גרם,false,0,13.90,18.53,true,1,
7290012022067,false,קריספיות קידס 30 גרם,דילייט,IL,קריספיות קידס,גרמים,30.00,100 גרם,false,0,10.90,36.33,true,1,
7290012028007,false,ל.מ. וייב סלימס 10 יח',פיליפ מוריס,,ל.מ. וייב חב,יחידה,1.00,יחידה,false,0,300.00,300.00,false,1,
7290012028052,false,נקסט 100 10 יח',פיליפ מוריס,,נקסט 100 חבילה,יחידה,1.00,יחידה,false,0,281.00,281.00,false,1,
7290012028113,false,סיגריות נקסט לילך10יח,פיליפ מוריס,IL,סיגריות נקסט,יחידה,1.00,יחידה,false,0,281.00,281.00,false,1,
7290012028137,false,מרלבורו פיין טאצ' 10 יח',פיליפ מוריס,,מרלבורו פיין10יח,יחידה,1.00,יחידה,false,0,319.00,319.00,false,1,
7290012028441,false,טבק לגלגול מרלבורו גולד,פיליפ מוריס,IL,טבק לגלגול,יחידה,1.00,יחידה,false,0,82.30,82.30,false,1,
7290012030475,false,ל.מ רד לייבל קצר יח,פיליפ מוריס,US,ל.מ רד לייבל קצר,יחידה,1.00,יחידה,false,1,31.00,31.00,false,1,
7290012030499,false,ל.מ. בלו לייבל קצר בוקס,פיליפ מוריס,TR,ל.מ. בלו לייבל,יחידה,1.00,יחידה,false,1,31.00,31.00,false,1,
7290012030512,false,ל.מ בלו לייבל ארוך בוקס,פיליפ מוריס,TR,ל.מ בלו,יחידה,1.00,יחידה,false,1,31.00,31.00,false,1,
7290012030574,false,ל.מ פורוורד יח,פיליפ מוריס,TR,ל.מ פורוורד,יחידה,1.00,יחידה,false,1,31.00,31.00,false,1,
7290012086007,false,מלפפון בייבי יחידה,---,IL,מלפפון בייבי,יחידה,1.00,יחידה,false,1,9.90,9.90,true,1,
7290012086113,false,עגבניה שרי אשכולות מובחר,---,IL,שרי אשכולות יח,יחידה,1.00,יחידה,false,0,9.90,9.90,true,1,
7290012116537,false,אבקת כב.מקסימה מאסק 2.5ק,סנו,IL,אבקת כביסה,קילוגרמים,2.50,"ק""ג",false,0,25.90,10.36,true,1,
7290012116551,false,"סנו אנטי קאלק רב""ש 2ליטר",סנו מפעלי ברונוס בעמ,IL,סנו אנטי קאלק,ליטרים,2.00,ליטר,false,0,20.90,10.45,true,1,
7290012116612,false,4 מברשות שיניים אורביטול,קוסמופארם,CN,4 מברשות שיניים,יחידה,1.00,יחידה,false,0,11.90,11.90,true,1,
7290012116681,false,"קרמה דאו.ג'ל קאלם 70מ""ל",קוסמופארם,IL,דאו.קרמה ג'ל,מיליליטרים,70.00,"100 מ""ל",false,0,15.90,22.71,true,1,
7290012116735,false,נ.טואלט סופט גל.כפול24גל,סנו,IL,נייר טואלט סופט,מטרים,900.00,100 מטר,false,0,39.90,4.43,true,1,
7290012117039,false,"סנו""00"" לניקוי אמבטיה 1ל",סנו מפעלי ברונוס בעמ,IL,"סנו ""00"" לאמבטיה",ליטרים,1.00,ליטר,false,0,9.80,9.80,true,1,
7290012117275,false,סנוקליר שקית מילוי 750מל,סנו מפעלי ברונו בעמ,IL,סנוקליר מילוי,מיליליטרים,750.00,"100 מ""ל",false,0,5.90,0.79,true,1,
7290012117350,false,סנו ריצפז פרש לילך 2ליטר,"סנו מפעלי ברונוס בע""\מ",IL,סנו ריצפז,ליטרים,2.00,ליטר,false,0,18.90,9.45,true,1,
7290012117381,false,קרמה ג'ל אחר גילוח רג150,קוסמופארם,IL,קרמה ג'ל לגילוח,מיליליטרים,150.00,"100 מ""ל",false,0,31.70,21.13,true,1,
7290012117428,false,קרמה ג'ל רח.ושמפו גבר700,קוסמופארם,IL,קרמה ג'ל רחצה,מיליליטרים,700.00,"100 מ""ל",false,0,17.70,2.53,true,1,
7290012117435,false,קרמה ג'ל רחצה אלוורה700מ,קוסמופארם,IL,קרמה ג'ל רחצה,מיליליטרים,700.00,"100 מ""ל",false,0,17.70,2.53,true,1,
7290012117534,false,מרכ.מקסימה ס.מרוכז קול1ל,"סנו מפעלי ברונוס בע""\מ",IL,מקסימה ס.מרוכז,ליטרים,1.00,ליטר,false,0,15.90,15.90,true,1,
7290012117558,false,מרכ.מקסימה ס.מרוכז מסק1ל,"סנו מפעלי ברונוס בע""\מ",IL,מקסימה ס.מרוכז,ליטרים,1.00,ליטר,false,0,15.90,15.90,true,1,
7290012117916,false,אינסטלטור נוזלי,,IL,אינסטלטור נוזלי,ליטרים,1.00,ליטר,false,0,29.60,29.60,true,1,
7290012139482,false,בונזו ג'וי+עצם מעושנת160,Yang Ping,CN,בונזו ג'וי,גרמים,160.00,100 גרם,false,0,17.90,11.19,true,1,
7290012226120,false,קבנוס 135 גרם,זוגלובק,IL,קבנוס,גרמים,135.00,100 גרם,false,0,11.20,8.30,true,1,
7290012226342,false,נקנקיה טבעונית 460 גרם,זוגלובק,IL,נקניקיה טבעונית,גרמים,460.00,100 גרם,false,1,29.90,6.50,true,1,
7290012226779,false,שניצל ירוק ללא גלוטן 540,זוגלובק,NL,ש.ירוק ללא גלוטן,גרמים,540.00,100 גרם,false,1,25.90,4.80,true,1,
7290012226922,false,קבנוס בטעם שום 135 גרם,זוגלובק,IL,קבנוס בטעם שום,גרמים,135.00,100 גרם,false,0,11.20,8.30,true,1,
7290012226939,false,קבנוס בטעם צ'ילי 135 גרם,זוגלובק,IL,קבנוס בטעם צ'ילי,גרמים,135.00,100 גרם,false,0,11.20,8.30,true,1,
7290012226946,false,קבנוס בטעם בצל 135 גרם,זוגלובק,IL,קבנוס בטעם בצל,גרמים,135.00,100 גרם,false,0,11.20,8.30,true,1,
7290012226991,false,"נקניקיות ג'מבו 1.5 ק""ג",זוגלובק,IL,נקניקיות ג'מבו,גרמים,1500.00,100 גרם,false,0,28.90,1.93,true,1,
7290012227264,false,שניצל תירס ללא גלוטן 560,זוגלובק,NL,ש.תירס לא גלוטן,גרמים,560.00,100 גרם,false,1,29.90,5.34,true,1,
7290012227998,false,חזה בקר דק דק 120 גרם 12,זוגלובק,IL,חזה בקר דק דק,גרמים,120.00,100 גרם,false,1,11.90,9.92,true,1,
7290012228124,false,קבנוס סטיקס דק דק 50 גרם,זוגלובק,IL,קבנוס סטיקס דק ד,גרמים,50.00,100 גרם,false,1,9.90,19.80,true,1,
7290012228186,false,בורקס מיני גבינה 400,מאפיית אריאל,IL,בורקס מיני גבינה,גרמים,400.00,100 גרם,false,1,14.90,3.73,true,1,
7290012228230,false,פסטרמה חזה עוף דק דק דק,זוגלובק,IL,פסטרמה חזה עוף,גרמים,120.00,100 גרם,false,1,11.90,9.92,true,1,
7290012228711,false,קבנוס סטיקס בטעםסיציליאנ,זוגלובק,IL,קבנוס סטיקס בטעם,גרמים,50.00,100 גרם,false,1,9.90,19.80,true,1,
7290012228728,false,קבנוס סטיקס בטעם מקסיקני,זוגלובק,IL,קבנוס סטיקס בטעם,גרמים,50.00,100 גרם,false,1,9.90,19.80,true,1,
7290012228735,false,שקית אחסון 1 יחידות,זוגלובק,IL,שקית אחסון,יחידה,1.00,יחידה,false,1,3.90,3.90,true,1,
7290012244018,false,עוג.מוס ר.חלב+שוק.לבן1קג,גידרון,IL,עוגת מוס,יחידה,1.00,יחידה,false,0,69.90,69.90,true,1,
7290012244124,false,פחזניות 500 גרם,גידרון,IL,פחזניות,גרמים,500.00,100 גרם,false,0,29.90,5.98,true,1,
7290012244407,false,עוגת סופלה שוקולד 150X2ג,גידרון,IL,מארז עוגת סופלה,גרמים,300.00,100 גרם,false,0,19.90,6.63,true,1,
7290012244605,false,מוס ריבת חלב פרווה 850גר,---,IL,עוגת מוס פרווה,גרמים,850.00,100 גרם,false,0,69.90,8.22,true,1,
7290012244643,false,מארז פיתה תימנית5יח100*ג,---,IL,פיתה תימנית 5יח,גרמים,500.00,100 גרם,false,0,11.90,2.38,true,1,
7290012313554,false,עלי גפן ממולאים אורז400ג,קבוצת יבנה,IL,עלי גפן ממולאים,גרמים,400.00,100 גרם,false,1,8.90,2.23,true,1,
7290012352034,false,קרם לחות+GOשמן מקדמיה400,דנאגיס,IL,קרם לחות נטורל,מיליליטרים,400.00,"100 מ""ל",false,0,21.70,5.43,true,1,
7290012367700,false,ק.גוף אפקטיב קר שיבול700,פישר מעבדות פרמצבטיות,IL,קרם גוף,מיליליטרים,700.00,"100 מ""ל",false,0,27.00,3.86,true,1,
7290012367717,false,ק.ידיים שיבולת שועל 150מ,פישר מעבדות פרמצבטיות,IL,קרם ידיים,מיליליטרים,150.00,"100 מ""ל",false,0,16.10,10.73,true,1,
7290012404146,false,שוופס מוגז תפוחים1.5ל',"יפאורה תבורי בע""\מ",IL,שוופס תפוחים,ליטרים,1.50,ליטר,false,0,6.90,4.60,true,1,
7290012404283,false,תפוזינה מנגו עסיס 1.5 ל',"יפאורה תבורי בע""\מ",IL,תפוזינה מנגו,ליטרים,1.50,ליטר,false,0,6.20,4.13,true,1,
7290012404863,false,ספרינג תה מנגו אפרסק1.5ל,"יפאורה תבורי בע""\מ",IL,ספרינג תה מנגו,ליטרים,1.50,ליטר,false,0,6.50,4.33,true,1,
7290012404955,false,ספרינג קולקש.חמוציות1.25,"יפאורה תבורי בע""\מ",IL,ספרינג חמוציות,ליטרים,1.25,ליטר,false,0,10.90,8.72,true,1,
7290012413636,false,תה ירוק צ'אי מסאלה 25שק',ויסוצקי,IL,תה ירוק צ'אי,גרמים,38.00,100 גרם,false,0,24.90,65.53,true,1,
7290012522581,false,שניצל תירס טבעול ל.גלוטן,טבעול,IL,שניצל תירס,גרמים,664.00,100 גרם,false,0,24.90,3.75,true,1,
7290012576614,false,"ריזלינג פרמייר 750 מ""ל",יקבי ברקן שיווק והפצה בע,IL,פרמייר ריזלינג,מיליליטרים,750.00,"100 מ""ל",false,0,26.70,3.56,true,1,
7290012642692,false,קוקטייל פירות פלסט113*4.,FOODS HUIZIANG JIANGSU,CN,קוקטייל פירות 4י,גרמים,452.00,100 גרם,false,0,11.90,2.63,true,1,
7290012642852,false,פלפל אדום קלוי 540 גרם,סאטקו,BG,פלל אדום קלוי,גרמים,540.00,100 גרם,false,0,11.90,2.20,true,1,
7290012645112,false,יוגורט עיזים בדלי 750גרם,מחלבת סוסיא,IL,יוגורט עיזים,גרמים,750.00,100 גרם,false,1,20.50,2.73,true,1,
7290012697081,false,סוכרזית סטיוויה 100 שק',"ביסקול בע""מ",IL,סוכרזית סטיוויה,גרמים,100.00,100 גרם,false,0,29.90,29.90,true,1,
7290012803451,false,"שוק.מריר 62% ללת""ס 100ג",אלטינמארקה,IL,שוקולד מריר62%,גרמים,100.00,100 גרם,false,0,12.50,12.50,true,1,
7290012803765,false,"שוקולד מריר ללת""ס 100גרם",אלטינמארקה,TR,שוקולד מריר,גרמים,100.00,100 גרם,false,0,12.50,12.50,true,1,
7290012823381,false,מקסימה ס.מרוכז סנסטיב 1ל,"סנו מפעלי ברונוס בע""\מ",IL,מרכך כביסה,ליטרים,1.00,ליטר,false,0,15.90,15.90,true,1,
7290012823947,false,מ.מקסימה פרפיום קריסט750,סנו מפעלי ברונוס בעמ,IL,מקסימה פרפיום,מיליליטרים,750.00,"100 מ""ל",false,0,16.90,2.25,true,1,
7290012921032,false,"בירה מלכה אדמונית 330מ""ל",בירה מלכה,IL,בירה מלכה,מיליליטרים,330.00,"100 מ""ל",false,0,14.20,4.30,true,1,
7290012936944,false,אגוז מוסקט טחון צנצנת40ג,א.ל ייצור ושיווק תבלינים,IL,אגוז מוסקט טחון,גרמים,40.00,100 גרם,false,0,16.50,41.25,true,1,
7290012938405,false,רדיד אלומיניום רחב דיימו,ריינולדס,US,רדיד אלומיניום,מטרים,7.00,מטר,false,0,15.90,2.27,true,1,
7290012938580,false,מש.סנסודיין הלבנה עדינ75,MICLEN DE,GB,משחת סנסודיין,מיליליטרים,75.00,"100 מ""ל",false,0,20.90,27.87,true,1,
7290012938597,false,משחת סנסודין רפיד רליף75,MICLEN DE,GB,משחת סנסודיין,מיליליטרים,75.00,"100 מ""ל",false,0,22.90,30.53,true,1,
7290012938924,false,מי פה ללא אלכוהול 500 מל,MICLEN DE,GB,מי פה אקווה פרש,מיליליטרים,500.00,"100 מ""ל",false,0,19.90,3.98,true,1,
7290013027399,false,לחם מלא+100%שיפון-קל750ג,מאפיית שלמה א. אנג'\ל בע,IL,אנג'ל -100קל,גרמים,750.00,100 גרם,false,0,14.90,1.99,true,1,
7290013038234,false,מים אקווה נובה 2*6 ליטר,"טמפו משקאות בע""\מ",IL,אקווה נובה 6 בקב,ליטרים,12.00,ליטר,false,0,9.90,0.83,true,1,
7290013068361,false,"שמן זית אליעד 750 מ""ל",אליעד בית בד בגולן,IL,שמן זית,מיליליטרים,750.00,"100 מ""ל",false,0,36.90,4.92,true,1,
7290013068378,false,שמן זית ישראלי כתית 2 ל',אליעד בית בד בגולן,IL,שמן זית ישראלי,ליטרים,2.00,ליטר,false,0,79.30,39.65,true,1,
7290013068460,false,סרדינים בשמן צמחי 120 גר,---,MA,סרדינים בשמן,גרמים,120.00,100 גרם,false,0,6.00,5.00,true,1,
7290013068682,false,שמן זית כתית מעולה 750 מ,אליעד בית בד בגולן,IL,שמן זית כתית,מיליליטרים,750.00,"100 מ""ל",false,0,36.90,4.92,true,1,
7290013068705,false,שמן זית ישראלי כתית750מ,אליעד בית בד בגולן,IL,"שמן זית 750 מ""ל",מיליליטרים,750.00,"100 מ""ל",false,0,36.90,4.92,true,1,
7290013083661,false,מטרנה אקסטרה קר שלב1 700,נסטלה,IL,מטרנה אקסטרה קר,גרמים,700.00,100 גרם,false,0,59.90,8.56,true,1,
7290013083678,false,מטרנה אקסטרה קר שלב2 700,נסטלה,IL,מטרנה אקסטרה קר,גרמים,700.00,100 גרם,false,0,59.90,8.56,true,1,
7290013083685,false,מטרנה אקסטרה קר שלב3 700,נסטלה,IL,מטרנה אקסטרה קר,גרמים,700.00,100 גרם,false,0,59.90,8.56,true,1,
7290013117212,false,בורקס פילו גבינה 600 גרם,"מעדנות בע""מ",IL,בורקס גבינה,גרמים,600.00,100 גרם,false,0,19.90,3.32,true,1,
7290013117229,false,"בורקס פילו תפו""א 600 גרם","מעדנות בע""מ",IL,"בורקס תפו""א",גרמים,600.00,100 גרם,false,0,19.90,3.32,true,1,
7290013117243,false,בורקס פילו בולגרית 600 ג,"מעדנות בע""מ",IL,בורקס בולגרית,גרמים,600.00,100 גרם,false,0,19.90,3.32,true,1,
7290013117410,false,בצק פריך מתוק 450X2 900,"מעדנות בע""מ",IL,בצק פריך,גרמים,900.00,100 גרם,false,0,24.80,2.76,true,1,
7290013144218,false,תערובת עוגת וניל 560 גרם,א.ל ייצור ושיווק תבלינים,IL,תערובת עוגה וניל,גרמים,560.00,100 גרם,false,0,17.50,3.13,true,1,
7290013144232,false,פודינג וניל 80 גרם,א.ל ייצור ושיווק תבלינים,IL,פודינג וניל,גרמים,80.00,100 גרם,false,0,6.30,7.88,true,1,
7290013144393,false,"תמצית בטעם וניל 50 מ""ל",א.ל ייצור ושיווק תבלינים,IL,תמצית וניל,מיליליטרים,50.00,"100 מ""ל",false,0,4.80,9.60,true,1,
7290013144614,false,סירופ מייפל 100% 236 גרם,INDUSRIES LES,DK,סירופ מייפל,גרמים,236.00,100 גרם,false,0,32.90,13.94,true,1,
7290013144751,false,סירופ בטעם מייפל 500גרם,גלעם,IL,סירופ טעם מייפל,גרמים,500.00,100 גרם,false,0,12.80,2.56,true,1,
7290013144768,false,סירופ בטעם שוקולד 500גרם,גלעם,IL,סירופ טעם שוקולד,גרמים,500.00,100 גרם,false,0,12.80,2.56,true,1,
7290013145178,false,קוקוס טחון לבן 100 גרם,א.ל ייצור ושיווק תבלינים,IL,קוקוס טחון לבן,גרמים,100.00,100 גרם,false,0,4.80,4.80,true,1,
7290013145192,false,שומשום 100 גרם,א.ל ייצור ושיווק תבלינים,IL,שומשום,גרמים,100.00,100 גרם,false,0,4.00,4.00,true,1,
7290013145215,false,שומשום 400 גרם,א.ל ייצור ושיווק תבלינים,IL,שומשום,גרמים,400.00,100 גרם,false,0,13.50,3.38,true,1,
7290013145390,false,שוקולד צ'יפס 250 גרם,אינטרגטה,IL,שוקולד צ'יפס,גרמים,250.00,100 גרם,false,0,9.00,3.60,true,1,
7290013145437,false,שוקולד צ'יפס 48% 250 גרם,אינטרגטה,IL,שוקולד צ'יפס,גרמים,250.00,100 גרם,false,0,13.50,5.40,true,1,
7290013145598,false,טיפות לקישוט 60 גרם,א.ל ייצור ושיווק תבלינים,IL,טיפות לקישוט,גרמים,60.00,100 גרם,false,0,15.50,25.83,true,1,
7290013145628,false,סוכ.צבעוניות לקישוט 200ג,א.ל ייצור ושיווק תבלינים,IL,סוכריות צבעוניות,גרמים,200.00,100 גרם,false,0,8.80,4.40,true,1,
7290013145901,false,סודה לשתיה 100 גרם,א.ל ייצור ושיווק תבלינים,IL,סודה לשתיה,גרמים,100.00,100 גרם,false,0,2.00,2.00,true,1,
7290013145918,false,אבקת סוכר 100 גרם,א.ל ייצור ושיווק תבלינים,IL,אבקת סוכר,גרמים,100.00,100 גרם,false,0,2.00,2.00,true,1,
7290013145956,false,שמרים יבשים בוואקום500ג,אנג'ל איסט,CN,שמרים יבשים,גרמים,500.00,100 גרם,false,0,12.50,2.50,true,1,
7290013153395,false,פריגת סחוט רימונים 1ליטר,גת,IL,מיץ סחוט רימונים,ליטרים,1.00,ליטר,false,1,20.10,20.10,true,1,
7290013153425,false,מיץ סחוט לימון נענע 2ל,---,IL,סחוט לימון נענע,ליטרים,2.00,ליטר,false,1,25.90,12.95,true,1,
7290013156006,false,עוגיות מרוקאיות 350 גרם,אלף נשיקות,IL,עוגיות מרוקאיות,גרמים,350.00,100 גרם,false,1,14.90,4.26,true,1,
7290013268020,false,מקסימה סופר מרוכז פרש 1ל,"סנו מפעלי ברונוס בע""\מ",IL,מרכך כביסה,ליטרים,1.00,ליטר,false,0,15.90,15.90,true,1,
7290013268037,false,מקסימה ס.מרוכז לבנדר 1ל',"סנו מפעלי ברונוס בע""\מ",IL,מרכך כביסה,ליטרים,1.00,ליטר,false,0,15.90,15.90,true,1,
7290013268204,false,20מגבונ.לחיטוי מושב אסלה,סנו,IL,מגבונים לאסלה,יחידה,1.00,יחידה,false,1,7.90,7.90,true,1,
7290013268839,false,פוליויקס פרקט מלון 2 ל',סנו,IL,פוליויקס פרקט,ליטרים,2.00,ליטר,false,1,24.90,12.45,true,1,
7290013268884,false,סנו ריצפז פרש מאסק 2ליטר,סנו מפעלי ברונוס בעמ,IL,ריצפז פרש לרצפות,ליטרים,2.00,ליטר,false,0,18.90,9.45,true,1,
7290013268891,false,אוקסיג'ן ג'ל 3ליטר,סנו,,אוקסיג'ן ג'ל,ליטרים,3.00,ליטר,false,0,28.90,9.63,true,1,
7290013268990,false,מקסימה מרכך מרוכז ביו1ל,"סנו מפעלי ברונוס בע""\מ",IL,מקסימה מרכך,ליטרים,1.00,ליטר,false,0,15.90,15.90,true,1,
7290013269003,false,מקסימה מרכך בייבי 1 ליטר,"סנו מפעלי ברונוס בע""\מ",IL,מקסימה מרכך,ליטרים,1.00,ליטר,false,0,15.90,15.90,true,1,
7290013269560,false,קרמה תחליב רחצה מאסק750מ,קוסמופארם,IL,קרמה תחליב רחצה,מיליליטרים,750.00,"100 מ""ל",false,0,15.90,2.12,true,1,
7290013269621,false,ריצפז פרש הום בוטיק 2ל,סנו,IL,ריצפז פרש הום,ליטרים,2.00,ליטר,false,1,19.90,9.95,true,1,
7290013269638,false,ספוג הפלא אקסטרה,,IL,ספוג הפלא אקסטרה,יחידה,1.00,יחידה,false,0,9.70,9.70,true,1,
7290013269669,false,ריצפז פנטזיה,,IL,ריצפז פנטזיה,ליטרים,3.00,ליטר,false,0,11.70,3.90,true,1,
7290013269850,false,נייר אפיה,,,נייר אפיה,יחידה,1.00,יחידה,false,0,17.90,17.90,true,1,
7290013284105,false,טבעות זיתים,,,טבעות זיתים,גרמים,500.00,100 גרם,false,0,8.80,1.76,true,1,
7290013284136,false,מלפפונים במלח,,,מלפפונים במלח,גרמים,560.00,100 גרם,false,0,6.10,1.09,true,1,
7290013284143,false,מלפפונים במלח,,,מלפפונים במלח,גרמים,560.00,100 גרם,false,0,6.80,1.21,true,1,
7290013284310,false,רוטב פסטה,,IL,רוטב פסטה,גרמים,240.00,100 גרם,false,0,5.50,2.29,true,1,
7290013284662,false,רוטב פיצה פיתה,,IL,רוטב פיצה פיתה,גרמים,240.00,100 גרם,false,0,5.50,2.29,true,1,
7290013310163,false,מדליק פחם מוצק 40 יחידות,BX.P,DE,מדליק פחם מוצק,יחידה,1.00,יחידה,false,0,6.50,6.50,true,1,
7290013310385,false,כפפות ניטריל M 80 יח',LTD G.G.CO,TH,כפפות ניטריל,יחידה,1.00,יחידה,false,0,30.20,30.20,true,1,
7290013358356,false,פירורי לחם מוזהבים350גרם,עינת,IL,פירורי לחם,גרמים,350.00,100 גרם,false,0,8.50,2.43,true,1,
7290013358363,false,פרורי לחם יפני מוזהב300ג,עינת,IL,פרורי לחם יפני,גרמים,300.00,100 גרם,false,0,9.80,3.27,true,1,
7290013358370,false,פרורי לחם יפני שום 300גר,עינת,IL,פרורי לחם יפני,גרמים,300.00,100 גרם,false,0,9.80,3.27,true,1,
7290013358417,false,רוטב טריאקי אסייאתי300מ,קי.אר.אס. ספייסי פוד,TH,רוטב טריאקי,מיליליטרים,300.00,"100 מ""ל",false,1,12.80,4.27,true,1,
7290013358424,false,"רוטב סויה בהירה 500 מ""ל",קי.אר.אס. ספייסי פוד,TH,רוטב סויה,מיליליטרים,500.00,"100 מ""ל",false,1,16.90,3.38,true,1,
7290013358493,false,"קרם קוקוס פחית 400 מ""ל",תאי קוקונט פבליק קומפני,TH,קרם קוקוס,מיליליטרים,400.00,"100 מ""ל",false,1,9.80,2.45,true,1,
7290013358530,false,"רוטב צ'ילי מתוק 700 מ""ל",קי.אר.אס. ספייסי פוד,TH,רוטב צ'ילי מתוק,מיליליטרים,700.00,"100 מ""ל",false,1,11.90,1.70,true,1,
7290013358547,false,"רוטב צ'ילי חריף 700 מ""ל",קי.אר.אס. ספייסי פוד,TH,רוטב צ'ילי חריף,מיליליטרים,700.00,"100 מ""ל",false,1,11.90,1.70,true,1,
7290013358578,false,"אטריות אורז רחבות 5 מ""מ",ליינג טונג רייספלוור,TH,אטריות אורז,גרמים,400.00,100 גרם,false,1,8.90,2.23,true,1,
7290013358585,false,נודלס ביצים להקפצה 400ג,לינהאנג אינדסטריאל,CN,נודלס ביצים,גרמים,400.00,100 גרם,false,1,9.80,2.45,true,1,
7290013378149,false,חטיף ג'אקס קרמל+עוגיות50,שטראוס,TR,חטיף ג'אקס,גרמים,50.00,100 גרם,false,1,3.80,7.60,true,1,
7290013389091,false,בצלצלים פנינה כבושים350ג,---,IN,בצלצלים כבושים,גרמים,350.00,100 גרם,false,1,8.90,2.54,true,1,
7290013430250,false,בירה אלכסנדר חיטה 330 מל,אלכסנדר- בירה ישראלית מע,IL,בירה אלכסנדר,מיליליטרים,330.00,"100 מ""ל",false,1,12.90,3.91,true,1,
7290013430496,false,"בירה אלכסנדר 330 מ""ל",אלכסנדר- בירה ישראלית מע,IL,בירה אלכסנדר,מיליליטרים,330.00,"100 מ""ל",false,1,12.90,3.91,true,1,
7290013440785,false,מאגדת קרחוני לייט לימון,נסטלה,IL,מאגדת קרחוני,גרמים,560.00,100 גרם,false,0,21.70,3.88,true,1,
7290013531117,false,רוטב פסטה לילדים 260 גרם,"זנלכל בע""\מ",IL,רוטב פסטה,גרמים,260.00,100 גרם,false,0,4.90,1.88,true,1,
7290013531346,false,סירופ דיאט לימונענע 1ל,"זנלכל בע""\מ",IL,סירופ  לימונענע,ליטרים,1.00,ליטר,false,1,8.00,8.00,true,1,
7290013531582,false,זיתים ללא גלעין 200*3 גר,פרופר,IL,זית ללא גלעין3יח,גרמים,600.00,100 גרם,false,1,11.90,1.98,true,1,
7290013531759,false,שעועית אפויה במים 550גרם,"זנלכל בע""\מ",IL,שעועית אפויה,גרמים,550.00,100 גרם,false,1,6.60,1.20,true,1,
7290013531797,false,אפונה קטנה 200*3 גרם,KFT KECSKEMET,HU,אפונה קטנה 3 יח,גרמים,600.00,100 גרם,false,1,10.50,1.75,true,1,
7290013540034,false,פתיתי טונה בשמן 158*4גרם,תעשיות פילטונה,IL,פתיתי טונה 4 יח,גרמים,632.00,100 גרם,false,0,19.70,3.12,true,1,
7290013579768,false,צלי כתף מס5' מוכשר קפוא,בלדי,XX,צלי כתף מס5',קילוגרמים,0.00,"ק""ג",true,0,49.90,49.90,true,1,
7290013584175,false,ספרייט 1.5*6 ליטר,החברה המרכזית לייצור משק,IL,ספרייט שישייה,ליטרים,9.00,ליטר,false,0,36.90,4.10,true,1,
7290013584816,false,פריגת לימונענע 1.5 ליטר,מבשלות בירה בינלאומיות ב,IL,"משק""ל פריגת",ליטרים,1.50,ליטר,false,0,6.70,4.47,true,1,
7290013585240,false,ספרייט זירו 1.5 ליטר,החברה המרכזית לייצור משק,IL,ספרייט זירו,ליטרים,1.50,ליטר,false,1,6.90,4.60,true,1,
7290013585271,false,ספרייט זירו 1.5*6 ליטר,החברה המרכזית לייצור משק,IL,ספרייט זירו 6 יח,ליטרים,9.00,ליטר,false,1,36.90,4.10,true,1,
7290013585349,false,בירה קרלסברג 330*6מ,"מבשלות בירה לישראל בע""מ",IL,בירה קרלסברג,ליטרים,1.98,ליטר,false,0,34.90,17.63,true,1,
7290013585387,false,קולה זירו 1 ליטר,החברה המרכזית לייצור משק,IL,קולה זירו,ליטרים,1.00,ליטר,false,1,6.00,6.00,true,1,
7290013585394,false,קוקה קולה 1 ליטר,החברה המרכזית לייצור משק,IL,קוקה קולה,ליטרים,1.00,ליטר,false,1,6.00,6.00,true,1,
7290013585653,false,"פריגת אננס אקסטרא420מ""ל",---,IL,פריגת אננס,מיליליטרים,420.00,"100 מ""ל",false,1,7.90,1.88,true,1,
7290013586605,false,ויסוצקי ICE נענע 1.5ליטר,מבשלות בירה ישראל,IL,ויסוצקי ICE,ליטרים,1.50,ליטר,false,1,7.50,5.00,true,1,
7290013586728,false,ויסוצקי ICEפירות אדומ1.5,---,IL,ויסוצקי ICE,ליטרים,1.50,ליטר,false,1,7.50,5.00,true,1,
7290013608260,false,מיץ רימונים סחוט טרי 1ל',גניר,IL,מיץ רימונים,ליטרים,1.00,ליטר,false,0,23.20,23.20,true,1,
7290013608451,false,משקה קל ענבים 1.5 ליטר,גניר,IL,משקה קל ענבים,ליטרים,1.50,ליטר,false,1,6.50,4.33,true,1,
7290013608468,false,משקה קל תות בננה1.5 ליטר,גניר,IL,משקה קל תות בננה,ליטרים,1.50,ליטר,false,1,6.50,4.33,true,1,
7290013608529,false,משקה קל אשכוליות 1.5ליטר,גניר,IL,משקה קל אשכוליות,ליטרים,1.50,ליטר,false,1,6.50,4.33,true,1,
7290013608543,false,משקה קל תפוח עץ 1.5 ליטר,גניר,IL,משקה תפוח עץ,ליטרים,1.50,ליטר,false,1,6.50,4.33,true,1,
7290013608550,false,נקטר תפוזים פרימור 1ליטר,גניר,IL,נקטר תפוזים,ליטרים,1.00,ליטר,false,1,7.90,7.90,true,1,
7290013608635,false,נקטר לימון עם נענע 1ליטר,גניר,IL,נקטר לימון,ליטרים,1.00,ליטר,false,1,7.90,7.90,true,1,
7290013608642,false,נקטר אפרסק פרימור 1 ליטר,גניר,IL,נקטר אפרסק,ליטרים,1.00,ליטר,false,1,7.90,7.90,true,1,
7290013608680,false,נקטר עגבניות פרימור 1 לי,גניר,IL,נקטר עגבניות,ליטרים,1.00,ליטר,false,1,7.90,7.90,true,1,
7290013652157,false,מגב.מסירי איפור רגיל30*3,פישר מעבדות פרמצבטיות בע,IL,מגבונים 3 יח,יחידה,1.00,יחידה,false,0,24.90,24.90,true,1,
7290013683595,false,עוגת פס שביל החלב 600 גר,גידרון,IL,עוגת פס שביל חלב,גרמים,600.00,100 גרם,false,0,39.90,6.65,true,1,
7290013702005,false,מים טעם פירות יער 1.5 ל,"יפאורה תבורי בע""\מ",IL,מים פירות יער,ליטרים,1.50,ליטר,false,0,6.40,4.27,true,1,
7290013702029,false,שוופס מים טעם אפרסק 1.5ל,יפאורה תבורי בעמ,IL,שוופס מים אפרסק,ליטרים,1.50,ליטר,false,0,6.40,4.27,true,1,
7290013702371,false,שוופס מים בטעם תפוח 1.5ל,יפאורה תבורי בעמ,IL,שוופס מים תפוח,ליטרים,1.50,ליטר,false,0,6.40,4.27,true,1,
7290013702388,false,"שוופס מים ט.תפוח 500 מ""ל",יפאורה תבורי בעמ,IL,שוופס מים תפוח,מיליליטרים,500.00,"100 מ""ל",false,0,4.90,0.98,true,1,
7290013702463,false,שוופס מוגז למונייד 1.5 ל,"יפאורה תבורי בע""\מ",IL,שוופס למונייד,ליטרים,1.50,ליטר,false,0,6.90,4.60,true,1,
7290013702470,false,שוופס מוגז לימונדה ורודה,"יפאורה תבורי בע""\מ",IL,שוופס לימונדה,ליטרים,1.50,ליטר,false,0,6.90,4.60,true,1,
7290013702494,false,שוופס מוגז למון ליים1.5ל,"יפאורה תבורי בע""\מ",IL,שוופס למון ליים,ליטרים,1.50,ליטר,false,0,6.50,4.33,true,1,
7290013702555,false,שוופס מוגז עדין אננס1.5ל,יפאורה תבורי בעמ,IL,שוופס מוגז עדין,ליטרים,1.50,ליטר,false,0,6.70,4.47,true,1,
7290013724960,false,שקדים בשוקולד חלב 160גרם,שקדיה,IL,שקדים בשוקולד,גרמים,160.00,100 גרם,false,0,14.80,9.25,true,1,
7290013724977,false,צימוק בשוקולד מריר 160גר,שקדיה,IL,צימוק בשוקולד,גרמים,160.00,100 גרם,false,0,14.80,9.25,true,1,
7290013771384,false,יוגורט יווני 8% 400 גרם,מחלבת השומרון,IL,יוגורט יווני,גרמים,400.00,100 גרם,false,1,10.90,2.73,true,1,
7290013847317,false,טונה סטארקיסט בשמן140*6ג,סטארקיסט,TH,טונה סטארקיסט6יח,גרמים,840.00,100 גרם,false,1,31.90,3.80,true,1,
7290013847393,false,טונה 4% עשבי תיבול 140גר,סטארקיסט,IL,טונה סטארקיסט,גרמים,140.00,100 גרם,false,1,8.90,6.36,true,1,
7290013847454,false,טונה סטארקיסט קנולה160*4,סטארקיסט,IL,טונה בשמן 4 יח,גרמים,640.00,100 גרם,false,1,24.90,3.89,true,1,
7290013847492,false,טונה סטארקיסט במים140*6ג,סטארקיסט,IL,טונה סטארקיסט6יח,גרמים,840.00,100 גרם,false,1,31.90,3.80,true,1,
7290013847812,false,טונה בשמן זית כתית 140גר,סטארקיסט,IL,טונה בשמן זית,גרמים,140.00,100 גרם,false,1,9.90,7.07,true,1,
7290013848345,false,מטליות לחיטוי 50*3 יח',סנו מפעלי ברונוס בעמ,IL,מטליות ניקוי 3יח,יחידה,1.00,יחידה,false,1,21.90,21.90,true,1,
7290013848383,false,קמה מן ג'ל רחצה אקטיב700,קוסמופארם,IL,ג'ל רחצה קרמה מן,מיליליטרים,700.00,"100 מ""ל",false,0,17.70,2.53,true,1,
7290013848758,false,ג'ל לכביסה בייבי 3 ליטר,"סנו מפעלי ברונוס בע""\מ",IL,ג'ל לכביסה בייבי,ליטרים,3.00,ליטר,false,0,34.90,11.63,true,1,
7290013861955,false,תערובת פיצוחים 200גרם,שקדיה,IL,תערובת פיצוחים,גרמים,200.00,100 גרם,false,0,23.70,11.85,true,1,
7290013861962,false,פיסטוק חלבי קלוי 200גרם,שקדיה,IL,פיסטוק קלוי,גרמים,200.00,100 גרם,false,0,23.70,11.85,true,1,
7290013861979,false,שקד קלוף קלוי 200גרם,שקדיה,IL,שקד קלוף קלוי,גרמים,200.00,100 גרם,false,0,22.70,11.35,true,1,
7290013906205,false,פסטרמה שום וצ'ילי 400 גר,טיב טירת צבי 2000,IL,פסטרמה שום+צ'לי,גרמים,400.00,100 גרם,false,0,31.50,7.88,true,1,
7290013906212,false,"נקניקיות וינר 1 ק""ג",טיב טירת צבי 2000,IL,נקניקיות וינר,קילוגרמים,1.00,"ק""ג",false,0,31.90,31.90,true,1,
7290013906441,false,קבנוס 120 גרם,טיב טירת צבי 2000,IL,קבנוס,גרמים,120.00,100 גרם,false,0,11.80,9.83,true,1,
7290013906489,false,חטיפי קבנוס 120 גרם,טיב טירת צבי 2000,IL,חטיפי קבנוס,גרמים,120.00,100 גרם,false,0,11.90,9.92,true,1,
7290013994165,false,משקה אורז,,IT,משקה אורז,ליטרים,1.00,ליטר,false,0,12.80,12.80,true,1,
7290013994783,false,שעועית עדינ.קפוא אורג800,פינגווין,BE,שעועית עדינה,גרמים,800.00,100 גרם,false,1,22.90,2.86,true,1,
7290014002197,false,חליטת קמומיל ולימונית25ש,ויסוצקי,IL,חליטת קמומיל,גרמים,75.00,100 גרם,false,0,18.90,25.20,true,1,
7290014002203,false,חליטת לימונית לואיזה 25ש,ויסוצקי,IL,חליטת לימונית,גרמים,75.00,100 גרם,false,0,18.90,25.20,true,1,
7290014002647,false,תה ירוק לימונ.לואיזה15שק,---,IL,תה ירוק 15 שקיק.,גרמים,22.00,100 גרם,false,0,13.90,63.18,true,1,
7290014002944,false,חליטת חמדת שקד גן קסום25,ויסוצקי,IL,חליטת חמדת שקד,גרמים,57.00,100 גרם,false,0,18.90,33.16,true,1,
7290014002982,false,תה ירוק סטיביה+לימונית25,ויסוצקי,IL,תה ירוק סטיביה,גרמים,37.00,100 גרם,false,0,24.90,67.30,true,1,
7290014046016,false,פסטרמה של פעם 250גרם,מעדני יחיעם,IL,פסטרמה של פעם,גרמים,250.00,100 גרם,false,0,27.90,11.16,true,1,
7290014083806,false,עוגיות טעם חמאה,,PT,עוגיות טעם חמאה,גרמים,350.00,100 גרם,false,0,12.50,3.57,true,1,
7290014094062,false,גרעין שחור קלוי 200גרם,שקדיה,IL,גרעין שחור קלוי,גרמים,200.00,100 גרם,false,0,7.80,3.90,true,1,
7290014094079,false,בוטן קלוף קלוי 200גרם,שקדיה,IL,בוטן קלוף קלוי,גרמים,200.00,100 גרם,false,0,9.80,4.90,true,1,
7290014094116,false,מנצ'ס 200גרם,שקדיה,IL,מנצ'ס,גרמים,200.00,100 גרם,false,0,10.80,5.40,true,1,
7290014094260,false,שיני שום קלופות,יאנונינגלנאגג פרודיס לטד,CN,שיני שום קלופות,יחידה,1.00,יחידה,false,1,9.90,9.90,true,1,
7290014095021,false,אגוז מלך טבעי150ג שקדיה,שקדיה,IL,אגוז מלך קלוף,גרמים,150.00,100 גרם,false,0,13.90,9.27,true,1,
7290014095052,false,פקאן מסוכר 150גרם,שקדיה,IL,פקאן מסוכר,גרמים,150.00,100 גרם,false,1,18.70,12.47,true,1,
7290014095922,false,"דבש מפרחי הדר 1 ק""ג",שקדיה,ES,דבש מפרחי הדר,קילוגרמים,1.00,"ק""ג",false,0,40.00,40.00,true,1,
7290014126428,false,טבליות סטיביה 150 יחידות,סוראל,CN,טבליות סטיביה,גרמים,9.00,100 גרם,false,0,28.70,318.89,true,1,
7290014204874,false,רוטב לעוף של פנינה 800גר,פוליבה,IL,רוטב לעוף,גרמים,800.00,100 גרם,false,1,19.90,2.49,true,1,
7290014217003,false,פפריקה מעושנת במיכל90ג,תבליני טעם וריח,IL,פפריקה,גרמים,90.00,100 גרם,false,0,10.80,12.00,true,1,
7290014217065,false,אורגנו במיכל 30 גרם,תבליני טעם וריח,IL,אורגנו,גרמים,30.00,100 גרם,false,0,9.80,32.67,true,1,
7290014217140,false,תערובת ראס אל חנות100ג,תבליני טעם וריח,IL,תיבול רס אל חנות,גרמים,100.00,100 גרם,false,1,10.80,10.80,true,1,
7290014217157,false,תערובת תיבול טוסקנה120ג,תבליני טעם וריח,IL,תערובת טוסקנה,גרמים,120.00,100 גרם,false,1,8.80,7.33,true,1,
7290014217225,false,גריל עוף במיכל 120 גרם,תבליני טעם וריח,IL,גריל עוף,גרמים,120.00,100 גרם,false,0,10.80,9.00,true,1,
7290014217263,false,תערובת תיבול לפרגיות100ג,תבליני טעם וריח,IL,תערובת לפרגיות,גרמים,100.00,100 גרם,false,1,10.90,10.90,true,1,
7290014217355,false,אבקת קרי 100 גרם,תבליני טעם וריח,IL,אבקת קרי,גרמים,100.00,100 גרם,false,0,10.80,10.80,true,1,
7290014217362,false,תיבול לקציצות 100 גרם,תבליני טעם וריח,IL,תיבול לקציצות,גרמים,100.00,100 גרם,false,0,10.80,10.80,true,1,
7290014218130,false,פיצה דקה גבינה 380גרם,"מעדנות בע""\מ",IL,פיצה דקה גבינה,גרמים,380.00,100 גרם,false,10,16.90,4.45,true,1,
7290014218154,false,פיצה דקה שום 410גרם,"מעדנות בע""\מ",IL,פיצה דקה שום,גרמים,410.00,100 גרם,false,10,16.90,4.12,true,1,
7290014218338,false,"בורקס יפו תפו""א 600גרם","מעדנות בע""מ",IL,"בורקס יפו תפו""א",גרמים,600.00,100 גרם,false,1,15.90,2.65,true,1,
7290014218536,false,בצק עלים מופחת שומן1קג,"מעדנות בע""מ",IL,בצק עלים מופחת,גרמים,1000.00,100 גרם,false,1,22.90,2.29,true,1,
7290014218840,false,עוגת קראנץ שמרים נוגט 50,"מעדנות בע""\מ",IL,עוגת קראנץ שמרים,גרמים,500.00,100 גרם,false,1,26.90,5.38,true,1,
7290014218857,false,שטרודל גבינה 400 גרם,"מעדנות בע""\מ",IL,שטרודל גבינה,גרמים,400.00,100 גרם,false,1,26.90,6.73,true,1,
7290014241589,false,מיקס אגוזים 150גרם,פיצוחי הטיב,IL,מיקס אגוזים,גרמים,150.00,100 גרם,false,0,16.90,11.27,true,1,
7290014256637,false,מוסקטו מבעבע באזז 750 מל,יקבי כרמל,IL,מוסקטו באזז,מיליליטרים,750.00,"100 מ""ל",false,0,29.60,3.95,true,1,
7290014258914,false,מטרנה אקסטרה קר קומפ700,נסטלה,IL,מטרנה קומפורט,גרמים,700.00,100 גרם,false,1,69.90,9.99,true,1,
7290014397279,false,שקיות מזון,,CN,שקיות מזון,יחידה,1.00,יחידה,false,0,11.80,11.80,true,1,
7290014397453,false,מסיר כתמים 3ליטר,,IL,מסיר כתמים 3ליטר,ליטרים,3.00,ליטר,false,0,28.90,9.63,true,1,
7290014397507,false,סנופרש מאסק מעוד,,IL,סנופרש מאסק מעוד,מיליליטרים,350.00,"100 מ""ל",false,0,10.90,3.11,true,1,
7290014397699,false,פוליויקס גרניט פורצל 2+1,סנו,IL,פוליוקס פורצלן,ליטרים,3.00,ליטר,false,0,21.70,7.23,true,1,
7290014397729,false,אקונומיקה פיסגה,,IL,אקונומיקה פיסגה,ליטרים,2.00,ליטר,false,0,9.90,4.95,true,1,
7290014397781,false,ריצפז פרש הום,,IL,ריצפז פרש הום,ליטרים,2.00,ליטר,false,0,19.90,9.95,true,1,
7290014397897,false,מבשם בגדים ואריגים 350מל,סנו מפעלי ברונוס בעמ,IL,מבשם בגדים,מיליליטרים,350.00,"100 מ""ל",false,0,17.00,4.86,true,1,
7290014397996,false,סנובון WAVE אקונומיקה,סנו,PL,סנובון WAVE,גרמים,45.00,100 גרם,false,1,8.90,19.78,true,1,
7290014455467,false,מעדן שיבולת שועל 150 גרם,מחלבות גד,IL,מעדן שיבולת שועל,גרמים,150.00,100 גרם,false,1,5.60,3.73,true,1,
7290014459007,false,"קוביות ת""א 700גרם","תעשיות תפוגן בע""\מ",IL,"קוביות ת""א",גרמים,700.00,100 גרם,false,0,14.80,2.11,true,1,
7290014459137,false,סטייק צ'יפס תפוגן 1.5קג,"תעשיות תפוגן בע""\מ",IL,סטייק ציפס1.5קג,גרמים,1500.00,100 גרם,false,0,24.90,1.66,true,1,
7290014459373,false,"ציפס קראנצי לתנור 1.5ק""ג","תעשיות תפוגן בע""\מ",IL,ציפס קראנצי,גרמים,1500.00,100 גרם,false,1,26.90,1.79,true,1,
7290014466128,false,"אינדיגו הר חרמון 750 מ""ל",מיוצר וממולא על ידי יקב,IL,הר חרמון אינדיגו,מיליליטרים,750.00,"100 מ""ל",false,0,29.90,3.99,true,1,
7290014466463,false,"מוסקטו הר חרמון 750 מ""ל",יקבי רמת הגולן קצרין,IL,הר חרמון מוסקטו,מיליליטרים,750.00,"100 מ""ל",false,0,29.90,3.99,true,1,
7290014466609,false,"גמלא מרלו 750 מ""ל",יקבי רמת הגולן קצרין,IL,גמלא מרלו,מיליליטרים,750.00,"100 מ""ל",false,1,59.40,7.92,true,1,
7290014525016,false,סלים פרוט יוגורט תות 5י,סלים פרוטס,ES,חטיפי דגנים מרבה,גרמים,182.00,100 גרם,false,0,10.90,5.99,true,1,
7290014525290,false,סלים דליס קריספי תות125ג,סלים דליס,NL,סלים דליס חטיפים,גרמים,125.00,100 גרם,false,1,10.90,8.72,true,1,
7290014525313,false,סלים דליס קריספי שוק125ג,סלים דליס,NL,סלים דליס חטיפים,גרמים,125.00,100 גרם,false,1,10.90,8.72,true,1,
7290014603073,false,מאגדת מיני דואט עם נוגט,שטראוס,IL,מאגדת מיני מגנום,גרמים,310.00,100 גרם,false,0,26.90,8.68,true,1,
7290014692565,false,גרעיני תירס מתוק,,HU,גרעיני תירס מתוק,גרמים,320.00,100 גרם,false,0,4.90,1.53,true,1,
7290014725294,false,סוכרזית סוכרלוז 100שקיות,"ביסקול בע""מ",IL,סוכרזית סוכרלוז,גרמים,100.00,100 גרם,false,0,18.90,18.90,true,1,
7290014746480,false,אצבעות שניצל שומשום,מוצרי עוף טוב (2001) בע\,IL,אצבעות שניצל,גרמים,700.00,100 גרם,false,1,34.30,4.90,true,1,
7290014746565,false,שניצל ביתי עדין מופחת מל,מוצרי עוף טוב (2001) בע\,IL,שניצל ביתי עדין,גרמים,700.00,100 גרם,false,1,34.90,4.99,true,1,
7290014747753,false,פסטרמה רומנית דלי 240גרם,מוצרי עוף טוב (2001) בע\,IL,פסטרמה  דלי,גרמים,240.00,100 גרם,false,1,23.90,9.96,true,1,
7290014747777,false,פסטרמה פולנית דלי 240גרם,מוצרי עוף טוב (2001) בע\,IL,פסטרמה  דלי,גרמים,240.00,100 גרם,false,8,23.90,9.96,true,1,
7290014747791,false,פסטרמה אמרק.סטייל דלי,מוצרי עוף טוב (2001) בע\,IL,פסטרמה דלי,גרמים,240.00,100 גרם,false,8,23.90,9.96,true,1,
7290014747999,false,פסטרמה ברביקיו דלי דקדק,מוצרי עוף טוב (2001) בע\,IL,פסטרמה ברביקיו,גרמים,120.00,100 גרם,false,1,12.90,10.75,true,1,
7290014748132,false,קורנביף ניורקי דלי 180 ג,מוצרי עוף טוב (2001) בע\,IL,קורנביף ניורקי,גרמים,180.00,100 גרם,false,1,23.90,13.28,true,1,
7290014748590,false,מקלוני דג בציפוי צ'ילי 6,מוצרי עוף טוב (2001) בע\,IL,מקלוני דג בציפוי,גרמים,600.00,100 גרם,false,1,29.90,4.98,true,1,
7290014748613,false,מקלוני דג בציפוי צ'יפס,מוצרי עוף טוב (2001) בע\,IL,מקלוני דג בציפוי,גרמים,600.00,100 גרם,false,1,29.90,4.98,true,1,
7290014748699,false,קציצות דגים נורווגיות600,מוצרי עוף טוב (2001) בע\,IL,קציצות דגים קפוא,גרמים,600.00,100 גרם,false,1,29.90,4.98,true,1,
7290014748729,false,שניצל עוףביתי בטאץ מתובל,מוצרי עוף טוב (2001) בע\,IL,שניצל עוף ביתי,גרמים,600.00,100 גרם,false,1,37.90,6.32,true,1,
7290014748958,false,פופקורן מיני אמנון ציפס,מוצרי עוף טוב (2001) בע\,IL,אמנון פופקורן,גרמים,400.00,100 גרם,false,1,34.90,8.73,true,1,
7290014748972,false,פופקורן מיני פילה אמנון,מוצרי עוף טוב (2001) בע\,IL,אמנון פופקורן,גרמים,400.00,100 גרם,false,1,34.90,8.73,true,1,
7290014749054,false,מקלוני קבנוס 100,עוף טוב,IL,מקלוני קבנוס,גרמים,100.00,100 גרם,false,1,8.90,8.90,true,1,
7290014749078,false,מקלוני קבנוס 200 גרם,עוף טוב,IL,מקלוני קבנוס,גרמים,200.00,100 גרם,false,1,17.90,8.95,true,1,
7290014758100,false,יוגורט ביו 8 יח,,IL,יוגורט ביו 8 יח,קילוגרמים,1.20,"ק""ג",false,0,16.90,14.08,true,1,
7290014758117,false,יוגורט ביו 8 יח,,IL,יוגורט ביו 8 יח,קילוגרמים,1.20,"ק""ג",false,0,16.90,14.08,true,1,
7290014758162,false,חלב עיזים מלא 1ל,,IL,חלב עיזים מלא 1ל,ליטרים,1.00,ליטר,false,0,14.90,14.90,true,1,
7290014758681,false,קוטג 1% שומן,,IL,קוטג 1% שומן,גרמים,250.00,100 גרם,false,0,5.50,2.20,true,1,
7290014759084,false,גבינת נפוליאון,,IL,גבינת נפוליאון,גרמים,225.00,100 גרם,false,0,13.90,6.18,true,1,
7290014759978,false,קולאז' קצ'קבל,,IL,קולאז' קצ'קבל,גרמים,200.00,100 גרם,false,0,26.60,13.30,true,1,
7290014759985,false,קולאז' פרמזן,,IL,קולאז' פרמזן,גרמים,200.00,100 גרם,false,0,25.50,12.75,true,1,
7290014760134,false,מעדן סויה בטעם וניל 125ג,---,IL,מעדן סויה וניל,גרמים,125.00,100 גרם,false,1,4.20,3.36,true,1,
7290014760141,false,משקה שקדים טרי 1 ליטר,סוי מג'יק,IL,משקה שקדים,ליטרים,1.00,ליטר,false,1,12.90,12.90,true,1,
7290014761056,false,יולו שוקולד חלב,,IL,יולו שוקולד חלב,גרמים,123.00,100 גרם,false,0,4.70,3.82,true,1,
7290014761063,false,יולו שוקולד מריר,,IL,יולו שוקולד מריר,גרמים,123.00,100 גרם,false,0,4.70,3.82,true,1,
7290014761070,false,יולו שוקולד לבן,,IL,יולו שוקולד לבן,גרמים,123.00,100 גרם,false,0,4.70,3.82,true,1,
7290014761414,false,יולו שכבות שוקו.,,IL,יולו שכבות שוקו.,גרמים,123.00,100 גרם,false,0,4.70,3.82,true,1,
7290014762756,false,נפוליאון 16%עם בצל 225ג,תנובה,IL,גבינת נפוליאון,גרמים,225.00,100 גרם,false,1,13.90,6.18,true,1,
7290014762770,false,מעדן סויה טעם אפרסק125גר,סוי מג'יק,IL,מעדן סויה,גרמים,125.00,100 גרם,false,1,4.20,3.36,true,1,
7290014762787,false,מעדן סויה בטעם תות 125גר,סוי מג'יק,IL,מעדן סויה ט.תות,גרמים,125.00,100 גרם,false,1,4.20,3.36,true,1,
7290014762794,false,מעדן סויה מתיק.מעודנת125,סוי מג'יק,IL,מעדן סויה,גרמים,125.00,100 גרם,false,1,4.20,3.36,true,1,
7290014762800,false,מעדן סויה טעם שוקולד125ג,סוי מג'יק,IL,מעדן סויה ט.שוקו,גרמים,125.00,100 גרם,false,1,4.20,3.36,true,1,
7290014763272,false,משקה סויה ביו תות בנ250מ,סוי מג'יק,IL,משקה סויה ביו,מיליליטרים,250.00,"100 מ""ל",false,1,5.90,2.36,true,1,
7290014763289,false,משקה סויה +BIOתפוח ופטל,סוי מג'יק,IL,משקה סויה BIO,מיליליטרים,250.00,"100 מ""ל",false,1,5.90,2.36,true,1,
7290014763579,false,מעדן סויה ביו פ.יער125גר,---,IL,מעדן סויה ביו,גרמים,125.00,100 גרם,false,1,4.20,3.36,true,1,
7290014763678,false,משקה חלבוןGO טעם וניל250,תנובה,IL,משקה חלבון GO,מיליליטרים,250.00,"100 מ""ל",false,1,5.90,2.36,true,1,
7290014791091,false,"שוופס לימונייד 500 מ""ל",יפאורה שותפות מובגלת לשי,IL,שוופס לימונייד,מיליליטרים,500.00,"100 מ""ל",false,0,4.90,0.98,true,1,
7290014791138,false,ספרינג קולקשן דובדבן1.25,יפאורה תבורי בעמ,IL,ספרינג דובדבנים,ליטרים,1.25,ליטר,false,0,10.90,8.72,true,1,
7290014791213,false,שוופס מים 0קלור.תפוח1.5ל,יפאורה שותפות מובגלת לשי,IL,שוופס מים תפוח,ליטרים,1.50,ליטר,false,0,6.40,4.27,true,1,
7290014791237,false,שוופס מים 0קלור.אפרסק1.5,יפאורה שותפות מובגלת לשי,IL,שוופס מים אפרסק,ליטרים,1.50,ליטר,false,0,6.40,4.27,true,1,
7290014791558,false,שוופס סודה נענע לי1.5*4ל,"יפאורה תבורי בע""\מ",IL,שוופס סודה 4 יח,ליטרים,6.00,ליטר,false,0,10.90,1.82,true,1,
7290014791589,false,תפוזינה לימונדה נענע1.5ל,"יפאורה תבורי בע""\מ",IL,תפוזינה לימונדה,ליטרים,1.50,ליטר,false,0,6.20,4.13,true,1,
7290014791725,false,"שוופס מוגז תפוח 500 מ""ל",יפאורה שותפות מובגלת לשי,IL,שוופס מוגז תפוח,מיליליטרים,500.00,"100 מ""ל",false,1,4.90,0.98,true,1,
7290014791770,false,פרוט ווטר ענבים 1.5 ליטר,"יפאורה תבורי בע""\מ",IL,פרוט ווטר ענבים,ליטרים,1.50,ליטר,false,1,7.30,4.87,true,1,
7290014791787,false,פרוט ווטר אננס 1.5 ליטר,"יפאורה תבורי בע""\מ",IL,פרוט ווטר אננס,ליטרים,1.50,ליטר,false,1,7.30,4.87,true,1,
7290014791800,false,פרוט ווטר אפרסק 1.5 ליטר,"יפאורה תבורי בע""\מ",IL,פרוט ווטר אפרסק,ליטרים,1.50,ליטר,false,1,7.30,4.87,true,1,
7290014791817,false,פרוט ווטר אבטיח 1.5 ליטר,"יפאורה תבורי בע""\מ",IL,פרוט ווטר אבטיח,ליטרים,1.50,ליטר,false,1,7.30,4.87,true,1,
7290014791824,false,פרוט ווטר תות 1.5 ליטר,"יפאורה תבורי בע""\מ",IL,פרוט ווטר תות,ליטרים,1.50,ליטר,false,1,7.30,4.87,true,1,
7290014860087,false,מקלוני אורז,,TH,מקלוני אורז,גרמים,250.00,100 גרם,false,0,5.90,2.36,true,1,
7290014890206,false,קרם פרש שמנת 40% 250ג,משק יעקבס,IL,קרם פרש,גרמים,250.00,100 גרם,false,1,13.90,5.56,true,1,
7290014910386,false,קורנישונים במלח לינה690ג,יוניקורן פיקלס,IN,קורנישונים במלח,גרמים,690.00,100 גרם,false,1,9.90,1.43,true,1,
7290014910461,false,"ערק יודה 700 מ""ל",קאוור,IL,ערק יודה,מיליליטרים,700.00,"100 מ""ל",false,1,59.90,8.56,true,1,
7290014910515,false,שפרוטים מעושנים 250 גרם,סיא אונדה,LV,שפרוטים מעושנים,גרמים,250.00,100 גרם,false,1,12.90,5.16,true,1,
7290014940901,false,לחם פשוט מלא 750 גרם,מאפיית שלמה א. אנג'\ל בע,IL,לחם מלא,גרמים,750.00,100 גרם,false,1,13.90,1.85,true,1,
7290015009294,false,גבינת פרמיזאנו רזאנו170ג,ביג גראנה,IT,גבינת פרמיזאנו,גרמים,170.00,100 גרם,false,1,32.90,19.35,true,1,
7290015025959,false,4 * 64 פרש וואנס נעדין,על בד,IL,פרש וואנס 4 יח,יחידה,1.00,יחידה,false,1,17.90,17.90,true,1,
7290015027021,false,עוגת שמרים ברליס 500 גרם,קונדיטורית אנטיקוביץ,IL,עוגת שמרים,גרמים,500.00,100 גרם,false,1,19.90,3.98,true,1,
7290015039246,false,נתחי טונה בשמן,,TH,נתחי טונה בשמן,גרמים,640.00,100 גרם,false,0,21.90,3.42,true,1,
7290015039338,false,נתחי טונה במים,,TH,נתחי טונה במים,גרמים,640.00,100 גרם,false,0,21.90,3.42,true,1,
7290015040006,false,ממתיק סוויטאנגו  200 גרם,מתבל תעשיות מזון,IL,ממתיק סוויטאנגו,גרמים,200.00,100 גרם,false,1,27.90,13.95,true,1,
7290015055000,false,עגבניה שרי ליקופ,,IL,עגבניה שרי ליקופ,יחידה,1.00,יחידה,false,0,9.90,9.90,true,1,
7290015116800,false,תפוח אדמה נשיקות ארוז,קטיף.,IL,תפוח אדמה נשיקות,קילוגרמים,0.00,"ק""ג",true,0,5.90,5.90,true,1,
7290015150088,false,מחית עגבניות קלה 700 גרם,ויסוצקי,IT,מחית עגבניות,גרמים,700.00,100 גרם,false,1,12.30,1.76,true,1,
7290015150118,false,עגבניות חתוכות דק400*3ג,ויסוצקי,IT,עגבניות חתוכות,קילוגרמים,1.20,"ק""ג",false,1,17.60,14.67,true,1,
7290015150590,false,תה ירוק ג'ינג'ר חריף25שק,ויסוצקי,IL,תה ירוק ויסוצקי,גרמים,37.00,100 גרם,false,1,24.90,67.30,true,1,
7290015155892,false,חטיפטף חטיף בננה 28 גרם,נאמצואו,TH,חטיפטף חטיף אורז,גרמים,28.00,100 גרם,false,1,7.90,28.21,true,1,
7290015309011,false,פומלה מקולפת בקופסא יח,פרי קלוף,IL,פומלה מקולפת,יחידה,1.00,יחידה,false,0,15.90,15.90,true,1,
7290015324007,false,פלפל שחור גרוס בשקית80ג,תבליני טעם וריח,IL,פלפל שחור גרוס,גרמים,80.00,100 גרם,false,0,10.90,13.63,true,1,
7290015324014,false,פלפל שחור טחון בשקית80ג,תבליני טעם וריח,IL,פלפל שחור טחון,גרמים,80.00,100 גרם,false,0,10.90,13.63,true,1,
7290015324038,false,פפריקה בשמן בשקית 80 גרם,תבליני טעם וריח,IL,פפריקה בשמן,גרמים,80.00,100 גרם,false,0,7.80,9.75,true,1,
7290015324052,false,פפריקה מתוקה בשקית 80גרם,תבליני טעם וריח,IL,פפריקה מתוקה,גרמים,80.00,100 גרם,false,0,5.20,6.50,true,1,
7290015324069,false,גריל עוף בשקית 80 גרם,תבליני טעם וריח,IL,גריל עוף,גרמים,80.00,100 גרם,false,0,5.90,7.38,true,1,
7290015324076,false,זעתר בשקית 80 גרם,תבליני טעם וריח,IL,זעתר,גרמים,80.00,100 גרם,false,0,7.80,9.75,true,1,
7290015324083,false,מלח לימון בשקית 80 גרם,תבליני טעם וריח,IL,מלח לימון,גרמים,80.00,100 גרם,false,0,5.90,7.38,true,1,
7290015324090,false,כמון בשקית 80 גרם,תבליני טעם וריח,IL,כמון,גרמים,80.00,100 גרם,false,0,7.80,9.75,true,1,
7290015324106,false,כורכום בשקית 80 גרם,תבליני טעם וריח,IL,כורכום,גרמים,80.00,100 גרם,false,0,7.80,9.75,true,1,
7290015324281,false,שבבי בצל מטוגן 200 גרם,תבליני טעם וריח,NL,שבבי בצל מטוגן,גרמים,200.00,100 גרם,false,1,9.90,4.95,true,1,
7290015366663,false,משחה אקווה פרש עדין100,MICLEN DE,SK,משחה אקווה פרש,מיליליטרים,100.00,"100 מ""ל",false,1,7.90,7.90,true,1,
7290015366670,false,משחה אקווה פרש מנטה 100,MICLEN DE,SK,משחה אקווה פרש,מיליליטרים,100.00,"100 מ""ל",false,1,7.90,7.90,true,1,
7290015395045,false,קינואה 400 גרם,שקדיה,IL,קינואה,גרמים,400.00,100 גרם,false,0,11.90,2.98,true,1,
7290015493130,false,נביעות+ רכיבי מנגו 1.5ל',"נביעות טבע הגליל בע""מ",IL,נביעות פרי מנגו,ליטרים,1.50,ליטר,false,1,7.90,5.27,true,1,
7290015493147,false,נביעות+רכיבי פרי ליצי1.5,"נביעות טבע הגליל בע""\מ",IL,נביעות פרי ליצ'י,ליטרים,1.50,ליטר,false,1,7.90,5.27,true,1,
7290015493154,false,נביעות+ רכיבי אבטיח 1.5ל,"נביעות טבע הגליל בע""מ",IL,נביעות+פרי אבטיח,ליטרים,1.50,ליטר,false,1,7.90,5.27,true,1,
7290015493161,false,נביעות+ רכיבי אננס 1.5ל',"נביעות טבע הגליל בע""מ",IL,נביעות פרי אננס,ליטרים,1.50,ליטר,false,1,7.90,5.27,true,1,
7290015596251,false,"אלכוג'ל תפוח 100 מ""ל",פישר מעבדות פרמצבטיות בע,IL,אלכוג'ל,מיליליטרים,100.00,"100 מ""ל",false,0,10.00,10.00,true,1,
7290015597210,false,מאגדת קורנטו וניל 378 גר,שטראוס,IL,מאגדת קורנטו וני,גרמים,378.00,100 גרם,false,1,34.90,9.23,true,1,
7290015597326,false,מאגדת אייס לייט 312גרם,שטראוס,IL,מאגדת אייס לייט,גרמים,312.00,100 גרם,false,1,26.90,8.62,true,1,
7290015597548,false,קרמיסימו בננה שוקולד 1.3,שטראוס,IL,קרמיסימו בננה,יחידה,1.00,יחידה,false,1,18.90,18.90,true,1,
7290015599023,false,צהובה טבעונית,,GR,צהובה טבעונית,גרמים,200.00,100 גרם,false,0,24.30,12.15,true,1,
7290015599054,false,צהובה טבעונית,,GR,צהובה טבעונית,גרמים,200.00,100 גרם,false,0,24.30,12.15,true,1,
7290015599061,false,צהובה טבעונית מוצרלה200ג,ויוטרוס ס.א,GR,צהובה טבעונית,גרמים,200.00,100 גרם,false,1,24.30,12.15,true,1,
7290015599191,false,ממרח טבעוני קלאסי 170 גר,ביוט איילנד פודס,GB,ממרח טבעוני,גרמים,170.00,100 גרם,false,1,18.90,11.12,true,1,
7290015626460,false,שקד קלוף טבעי 250גרם,---,IL,שקד קלוף טבעי,גרמים,250.00,100 גרם,false,1,29.90,11.96,true,1,
7290015626811,false,אגוז מלך אמריקאי 250גרם,ששון ושות,US,אגוז מלך אמריקאי,גרמים,250.00,100 גרם,false,1,23.90,9.56,true,1,
7290015644297,false,לחמניות פשוט מלא 75*6גרם,מאפיית שלמה א. אנג'\ל בע,IL,לחמניות 6 יח',גרמים,450.00,100 גרם,false,1,10.90,2.42,true,1,
7290015644426,false,לחם צרפתי ח.מלאה+דגנ600ג,מאפיית שלמה א. אנג'\ל בע,IL,לחם צרפתי,גרמים,600.00,100 גרם,false,1,15.90,2.65,true,1,
7290015644433,false,לחם צרפתי100%שיפון600ג,מאפיית שלמה א. אנג'\ל בע,IL,לחם צרפתי,גרמים,600.00,100 גרם,false,1,15.90,2.65,true,1,
7290015644716,false,צרפתי חיטה מלאה+חמנ600.ג,מאפיית שלמה א. אנג'ל,IL,לחם צרפתי,גרמים,600.00,100 גרם,false,1,15.90,2.65,true,1,
7290015726108,false,לחם שאור תמרים יח,מאפ גדרון,IL,לחם שאור תמרים,יחידה,1.00,יחידה,false,11,16.90,16.90,true,1,
7290015726115,false,לחם שאור מקמח מלא יח,מאפ גדרון,IL,לחם שאור קמח מלא,יחידה,1.00,יחידה,false,11,16.90,16.90,true,1,
7290015726504,false,עוגת פס מוס ריבת חלב650ג,גידרון,IL,עוגת פס מוס,גרמים,650.00,100 גרם,false,1,44.90,6.91,true,1,
7290015733144,false,מטרנה גולד שלב 2 700 גרם,מטרנה,IL,מטרנה גולד שלב 2,גרמים,700.00,100 גרם,false,1,74.90,10.70,true,1,
7290015781114,false,"מרלו אימפרשן 750 מ""ל","יקב טפרברג 1870 בע""מ",IL,יין מרלו,מיליליטרים,750.00,"100 מ""ל",false,1,44.90,5.99,true,1,
7290015781169,false,יין חצי יבש אימפרשן 750,"יקב טפרברג 1870 בע""מ",IL,יין חצי יבש,מיליליטרים,750.00,"100 מ""ל",false,1,44.90,5.99,true,1,
7290015858106,false,פסטו ביתי 180 גרם,מדשא תעשיות מזון,IL,פסטו ביתי,גרמים,180.00,100 גרם,false,1,16.90,9.39,true,1,
7290015858113,false,ממרח עגבניות מיובשות180,מדשא תעשיות מזון,IL,ממרח עגבניות,גרמים,180.00,100 גרם,false,1,16.90,9.39,true,1,
7290015858144,false,ממרח ארטישוק 180 גרם,מדשא תעשיות מזון,IL,ממרח ארטישוק,גרמים,180.00,100 גרם,false,1,16.90,9.39,true,1,
7290015858175,false,ממרח פלפלים קלויים 180גר,מדשא תעשיות מזון,IL,ממרח פלפלים קלוי,גרמים,180.00,100 גרם,false,1,16.90,9.39,true,1,
7290015858212,false,ממרח לימון כבוש 180 גרם,מדשא תעשיות מזון,IL,ממרח לימון כבוש,גרמים,180.00,100 גרם,false,1,16.90,9.39,true,1,
7290015951227,false,"גמלא השמורה סירה 750 מ""ל",מיוצר וממולא על ידי יקב,IL,גמלא השמורה סירה,מיליליטרים,750.00,"100 מ""ל",false,1,69.90,9.32,true,1,
7290015951890,false,"הר חרמון קברנה 750 מ""ל",יקבי רמת הגולן קצרין,IL,קברנה סוביניון,מיליליטרים,750.00,"100 מ""ל",false,1,29.90,3.99,true,1,
7290015968577,false,שיפודי במבוק מרובעים50יח,,CN,שיפודי במבוק,יחידה,1.00,יחידה,false,1,4.50,4.50,true,1,
7290016006148,false,"שוופס מוגז ענבים 500 מ""ל",יפאורה שותפות מובגלת לשי,IL,שוופס מוגז ענבים,מיליליטרים,500.00,"100 מ""ל",false,1,4.90,0.98,true,1,
7290016006292,false,ספרינג מנגו בננה מלון1ל,"יפאורה תבורי בע""\מ",IL,נקטר ספרינג,ליטרים,1.00,ליטר,false,1,5.50,5.50,true,1,
7290016006322,false,מי עדן 1 ליטר,מי עדן,IL,מי עדן,ליטרים,1.00,ליטר,false,1,4.90,4.90,true,1,
7290016006346,false,"שוופס סודה 500*6 מ""ל",יפאורה תבורי בעמ,IL,שוופס סודה,ליטרים,3.00,ליטר,false,1,14.50,4.83,true,1,
7290016077759,false,רוטב ברביקיו קלאסי 480גר,היינץ,NL,רוטב ברביקיו,גרמים,480.00,100 גרם,false,1,17.90,3.73,true,1,
7290016077766,false,שעועית אפויה היינץ 753גר,היינץ,CA,שעועית אפויה,גרמים,753.00,100 גרם,false,1,8.90,1.18,true,1,
7290016087147,false,רוטב עגב.מתובל לפיצה240ג,פריניר,IL,רוטב עגבניות,גרמים,240.00,100 גרם,false,1,5.50,2.29,true,1,
7290016087215,false,עגבניות מרוסקות+שום230ג,פריניר,IL,עגבניות מרוסקות,גרמים,230.00,100 גרם,false,1,5.50,2.39,true,1,
7290016087499,false,עגבניות חתוכות דק 400*3ג,פרי ניר,IL,עגבניות חתוכ3.יח,קילוגרמים,1.20,"ק""ג",false,1,12.90,10.75,true,1,
7290016096675,false,טונה בשמן זית 80*3 גרם,---,IL,טונה בשמן זית3יח,גרמים,240.00,100 גרם,false,1,14.90,6.21,true,1,
7290016096705,false,טונה בשמן צמחי 108*4 גרם,תעשיות פילטונה,IL,טונה בשמן 4 יח,גרמים,432.00,100 גרם,false,1,19.90,4.61,true,1,
7290016114300,false,נייר טואלט לילי כפול16י,חוגלה קימברלי,IL,נייר טואלט לילי,מטרים,588.00,100 מטר,false,1,39.90,6.79,true,1,
7290016135558,false,פסטה ביצים ח.כמרים 3צבע,פ.פ.ה. טאביס,PL,פסטה ביצים,גרמים,400.00,100 גרם,false,1,10.90,2.73,true,1,
7290016188042,false,"קברנה מרלו P.C 750 מ""ל",יקבי כרמל,IL,קברנה מרלו P.C,מיליליטרים,750.00,"100 מ""ל",false,1,39.90,5.32,true,1,
7290016197488,false,מטלית למשטחים 3יח,---,CN,מטלית למשטחים,יחידה,1.00,יחידה,false,1,15.50,15.50,true,1,
7290016197495,false,מטלית לרצפה 2יח,---,CN,מטלית לרצפה 2יח,יחידה,1.00,יחידה,false,1,22.90,22.90,true,1,
7290016197600,false,12 תחבושות דיפנד נורמל,חוגלה קימברלי,VN,תחבושות דיפנד,יחידה,1.00,יחידה,false,1,19.90,19.90,true,1,
7290016197617,false,10תחבושות דיפנד אקסטרה,חוגלה קימברלי,VN,תחבושות דיפנד,יחידה,1.00,יחידה,false,1,19.90,19.90,true,1,
7290016197624,false,8 תחבושות דיפנד סופר,חוגלה קימברלי,VN,תחבושות דיפנד,יחידה,1.00,יחידה,false,1,19.90,19.90,true,1,
7290016197853,false,50שקיות אשפה גודל S,אשפלסט,IL,שקיות אשפה,יחידה,1.00,יחידה,false,1,21.90,21.90,true,1,
7290016217711,false,איקרה לבנה 200 גרם,---,IL,איקרה לבנה,גרמים,200.00,100 גרם,false,1,10.90,5.45,true,1,
7290016217728,false,איקרה אדומה 200 גרם,---,IL,איקרה אדומה,גרמים,200.00,100 גרם,false,1,10.90,5.45,true,1,
7290016246018,false,חלבה מיקס פינוקיות20*10ג,"רושדי תעשיות מזון בע""\מ",IL,חלבה בארכה מיקס,גרמים,200.00,100 גרם,false,1,13.50,6.75,true,1,
7290016246209,false,חטיף חלבה וניל בארכה100ג,"רושדי תעשיות מזון בע""\מ",IL,חטיף חלבה וניל,גרמים,100.00,100 גרם,false,1,3.80,3.80,true,1,
7290016246292,false,חטיף חלבה וניל לוז 18*7ג,"רושדי תעשיות מזון בע""\מ",IL,חטיפי חלבה,גרמים,126.00,100 גרם,false,1,13.50,10.71,true,1,
7290016246308,false,חטיף חלבה וניל קוקוס18*7,"רושדי תעשיות מזון בע""\מ",IL,חטיפי חלבה,גרמים,126.00,100 גרם,false,1,13.50,10.71,true,1,
7290016246445,false,טחינה מעודנת שומש.מלא310,"רושדי תעשיות מזון בע""\מ",IL,טחינה מעודנת,גרמים,310.00,100 גרם,false,1,12.90,4.16,true,1,
7290016246711,false,טחינה מעודנת בארכה310גרם,"רושדי תעשיות מזון בע""\מ",IL,טחינה מעודנת,גרמים,310.00,100 גרם,false,1,12.90,4.16,true,1,
7290016273090,false,סוכריה על מקל בטעמים31גר,,US,סוכריה על מקל,גרמים,31.00,100 גרם,false,1,5.00,16.13,true,1,
7290016314762,false,פרובנציאל מטיאס 200 גרם,סלטי שמיר,IL,פרובנציאל מטיאס,גרמים,200.00,100 גרם,false,1,15.90,7.95,true,1,
7290016314779,false,פילה מטיאס הולנדי 200גרם,סלטי שמיר,IL,פילה מטיאס,גרמים,200.00,100 גרם,false,1,15.90,7.95,true,1,
7290016314786,false,הרינג כבוש במרינדה 220גר,סלטי שמיר,IL,הרינג כבוש,גרמים,220.00,100 גרם,false,1,15.90,7.23,true,1,
7290016314793,false,מקרל מעושן פרוס בשמן190ג,סלטי שמיר,IL,מקרל מעושן,גרמים,190.00,100 גרם,false,1,18.90,9.95,true,1,
7290016314847,false,סלמון מובחר 100גרם,סלטי שמיר,IL,סלמון מובחר,גרמים,100.00,100 גרם,false,1,19.90,19.90,true,1,
7290016319101,false,גלייד ג'ל מוצק לבנדר 150,ג'ונסון,TR,גלייד ג'ל מוצק,גרמים,150.00,100 גרם,false,1,9.50,6.33,true,1,
7290016319866,false,תחליב .פמלי מאסק לב700,אקסן קוסמטיק,TR,תחליב רחצה פמלי,מיליליטרים,700.00,"100 מ""ל",false,1,12.90,1.84,true,1,
7290016321661,false,64*4 פרש וואנס ללא בישום,על בד,IL,פרש וואנס 4יח,יחידה,1.00,יחידה,false,1,17.90,17.90,true,1,
7290016321678,false,64*4פרש וואנס ניחוח מרענ,על בד,IL,פרש וואנס 4 יח,יחידה,1.00,יחידה,false,1,17.90,17.90,true,1,
7290016321890,false,מגבוני נייר טואלט40*3יח,על בד,IL,מגבוני נ.טואלט,יחידה,1.00,יחידה,false,1,14.90,14.90,true,1,
7290016329278,false,מגבונים קמיל בלו 64*4יח,פישר מעבדות פרמצבטיות,IL,מגבונים קמיל בלו,יחידה,1.00,יחידה,false,1,19.90,19.90,true,1,
7290016370904,false,זיתים ירוקים חרוזית430גר,קבוצת יבנה,IL,זיתים חרוזית,גרמים,430.00,100 גרם,false,1,6.90,1.60,true,1,
7290016370973,false,פלפל אדום קלוי 540 גרם,קבוצת יבנה,IL,פלפל אדום קלוי,גרמים,540.00,100 גרם,false,1,11.90,2.20,true,1,
7290016372212,false,תה ירוק נענע 15 שקיקים,ויסוצקי,IL,תה ירוק,גרמים,22.00,100 גרם,false,1,13.90,63.18,true,1,
7290016372373,false,רסק עגבניות 135*2 גרם,ויסוצקי,IT,רסק עגבניות 2 יח,גרמים,270.00,100 גרם,false,1,7.90,2.93,true,1,
7290016372397,false,תה ירוק תפ.גינגר כורכו25,ויסוצקי,IL,תה ירוק,גרמים,48.00,100 גרם,false,1,24.90,51.88,true,1,
7290016372458,false,חליטת לימונית לואיזה50שק,ויסוצקי,IL,חליטת לימונית,גרמים,75.00,100 גרם,false,1,35.90,47.87,true,1,
7290016372489,false,חליטת ג'ינג'ר ולימון 20ש,ויסוצקי,IL,חליטת ג'ינג'ר,גרמים,30.00,100 גרם,false,1,19.90,66.33,true,1,
7290016372496,false,חליטת ג'ינג'ר ודבש 20שק',ויסוצקי,IL,חליטת ג'ינג'ר,גרמים,30.00,100 גרם,false,1,19.90,66.33,true,1,
7290016408294,false,מרשמלו ורוד לבן 150 גרם,כרמית,IL,מרשמלו ורוד לבן,גרמים,150.00,100 גרם,false,1,5.90,3.93,true,1,
7290016437645,false,32האגיס פרידום פנטס שלב5,---,CZ,חיתולי האגיס,יחידה,1.00,יחידה,false,1,44.90,44.90,true,1,
7290016497243,false,ביגלה רומני 150גרם,גידרון,IL,ביגלה רומני,גרמים,150.00,100 גרם,false,1,5.20,3.47,true,1,
7290016497526,false,בגט אותנטי 280גרם,מאפ גדרון,IL,בגט אותנטי,גרמים,280.00,100 גרם,false,1,7.90,2.82,true,1,
7290016509229,false,סוד ג'ל כביסה לבנדר 2.7,"הנקל סוד בע""\מ",IL,סוד ג'ל כביסה,ליטרים,2.70,ליטר,false,1,22.90,8.48,true,1,
7290016509243,false,פרסיל קפסולות ג'ל 24 יחי,הנקל סוד,HU,פרסיל ג'ל,יחידה,1.00,יחידה,false,1,32.90,32.90,true,1,
7290016509304,false,כדוריות לאסלה לבנדר 50גר,הנקל סוד,HU,כדוריות לאסלה,גרמים,50.00,100 גרם,false,1,8.90,17.80,true,1,
7290016509502,false,סוד ג'ל כביסה טוטל 4.5ל,"הנקל סוד בע""\מ",IL,ג'ל כביסה טוטל,ליטרים,4.50,ליטר,false,1,32.90,7.31,true,1,
7290016509786,false,פרסיל ג'ל ירוק 2.5 ליטר,"הנקל סוד בע""\מ",IL,פרסיל ג'ל כביסה,ליטרים,2.50,ליטר,false,1,32.90,13.16,true,1,
7290016509809,false,פרסיל ג'ל קולור2.5 ליטר,"הנקל סוד בע""\מ",IL,פרסיל ג'ל כביסה,ליטרים,2.50,ליטר,false,1,32.90,13.16,true,1,
7290016509816,false,פרסיל ג'ל קולור 4 ליטר,"הנקל סוד בע""\מ",IL,פרסיל ג'ל קולור,ליטרים,4.00,ליטר,false,1,39.90,9.98,true,1,
7290016509830,false,פרסיל ג'ל בייבי 2.5 ליטר,"הנקל סוד בע""\מ",IL,פרסיל ג'ל בייבי,ליטרים,2.50,ליטר,false,1,32.90,13.16,true,1,
7290016509991,false,פרסיל ג'ל 2.5ל +תוספת60%,---,IL,פרסיל ג'ל כביסה,ליטרים,4.00,ליטר,false,1,32.90,8.23,true,1,
7290016510096,false,שמפו הוואי מי קוקוס700מל,הנקל סוד,IL,שמפו הוואי,מיליליטרים,700.00,"100 מ""ל",false,1,9.90,1.41,true,1,
7290016510225,false,ג'ל רחצה הוואי וניל 700מ,טרופיקל דגיל,IL,ג'ל רחצה הוואי,מיליליטרים,700.00,"100 מ""ל",false,1,9.90,1.41,true,1,
7290016510232,false,תחליב רחצ.הוואי קוקוס700,טרופיקל דגיל,IL,תחליב רחצה הוואי,מיליליטרים,700.00,"100 מ""ל",false,1,9.90,1.41,true,1,
7290016510249,false,תחליב רח.הוואי יוגורט700,טרופיקל דגיל,IL,תחליב רחצה הוואי,מיליליטרים,700.00,"100 מ""ל",false,1,9.90,1.41,true,1,
7290016510317,false,תח.רח.הוואי לגבר פול700,טרופיקל דגיל,IL,תחליב רחצה הוואי,מיליליטרים,700.00,"100 מ""ל",false,1,9.90,1.41,true,1,
7290016510430,false,תח רח.הוואי מגנוליה700,טרופיקל דגיל,IL,תחליב רחצה הוואי,מיליליטרים,700.00,"100 מ""ל",false,1,9.90,1.41,true,1,
7290016510768,false,תחליב רח.הוואי יוגורט700,טרופיקל דגיל,IL,תחליב רחצה הוואי,מיליליטרים,700.00,"100 מ""ל",false,1,9.90,1.41,true,1,
7290016510898,false,שמפו הוואי פרחי דובדב700,טרופיקל דגיל,IL,שמפו הוואי,מיליליטרים,700.00,"100 מ""ל",false,1,9.90,1.41,true,1,
7290016510904,false,מרכך הוואי פרחי דובדב700,טרופיקל דגיל,IL,מרכך הוואי,מיליליטרים,700.00,"100 מ""ל",false,1,9.90,1.41,true,1,
7290016584127,false,מארז חטיפוני גזר רביעייה,מרינה,IL,חטיפוני גזר,יחידה,1.00,יחידה,false,1,9.90,9.90,true,1,
7290016621365,false,אל סבון כחול קמיל 1ליטר,פישר מעבדות פרמצבטיות בע,IL,אל סבון קמיל,ליטרים,1.00,ליטר,false,1,14.90,14.90,true,1,
7290016682182,false,שייק תמר בננ.פחות סוכרל1,פריניב,IL,שייק תמר בננה,מיליליטרים,1000.00,"100 מ""ל",false,1,14.40,1.44,true,1,
7290016682199,false,שייק תות בננ.פחות סוכר1ל,פריניב,IL,שייק תות בננה,מיליליטרים,1000.00,"100 מ""ל",false,1,14.40,1.44,true,1,
7290016682243,false,מיץ 100%אשכולית אדומה 1ל,פריניב,IL,מיץ אשכולית אדומ,ליטרים,1.00,ליטר,false,1,14.20,14.20,true,1,
7290016717099,false,אדום חצי יבש סלקטד 750 מ,יקבי כרמל,IL,אדום חצי יבש,מיליליטרים,750.00,"100 מ""ל",false,1,27.90,3.72,true,1,
7290016717631,false,"מוסקטו P.C 750 מ""ל",יקבי כרמל,IL,מוסקטו P.C,מיליליטרים,750.00,"100 מ""ל",false,1,39.90,5.32,true,1,
7290016717754,false,"יין ישן נושן 750 מ""ל",יקבי כרמל,IL,יין ישן נושן 750,מיליליטרים,750.00,"100 מ""ל",false,1,17.90,2.39,true,1,
7290016717860,false,"קברנה מהדורת רטרו 750מ""ל",יקבי כרמל,IL,קברנה רטרו,מיליליטרים,750.00,"100 מ""ל",false,1,27.90,3.72,true,1,
7290016865943,false,אטריות ביצים פטוצ'יני400,פ.פ.פ טאביט פולין,PL,אטריות ביצים,גרמים,400.00,100 גרם,false,1,11.90,2.98,true,1,
7290016866650,false,מש.פרודונטקס אוריגינל75מ,DEMICLEN,SK,משחה פרודונטקס,מיליליטרים,75.00,"100 מ""ל",false,1,29.90,39.87,true,1,
7290016866674,false,משחה פרודונטקס מלבינה75מ,DEMICLEN,SK,משחה פרודונטקס,מיליליטרים,75.00,"100 מ""ל",false,1,29.90,39.87,true,1,
7290016967074,false,לחם אנג'ל חיטה מלאה750ג,מאפיית שלמה א. אנג'\ל בע,IL,אנג'ל חיטה מלאה,גרמים,750.00,100 גרם,false,1,14.90,1.99,true,1,
7290016967456,false,לחם צרפתי100% כוסמין600,"מאפיית אנג'\ל בעמ, מקבוצ",IL,לחם צרפתי כוסמין,גרמים,600.00,100 גרם,false,1,15.90,2.65,true,1,
7290017023212,false,"שוופס מוגז תפוח 330*4מ""ל",יפאורה תבורי בעמ,IL,שוופס מוגז4פחיות,ליטרים,1.32,ליטר,false,1,12.90,9.77,true,1,
7290017023229,false,שוופס מוגז תות ליים330*4,יפאורה תבורי בעמ,IL,שוופס מוגז4פחיות,ליטרים,1.32,ליטר,false,1,12.90,9.77,true,1,
7290017023687,false,שוופס אננס ללא סוכר 1.5ל,יפאורה תבורי,IL,שוופס אננס,ליטרים,1.50,ליטר,false,1,6.90,4.60,true,1,
7290017023717,false,שוופס טוניק ללא סוכר1.5ל,יפאורה תבורי בעמ,IL,מי טוניק ל.סוכר,ליטרים,1.50,ליטר,false,1,10.30,6.87,true,1,
7290017023878,false,שוופס סודה נענע 250*4מל,יפאורה תבורי בעמ,IL,שוופס סודה 4 יח,ליטרים,1.00,ליטר,false,1,14.90,14.90,true,1,
7290017023922,false,שוופס סודה למ.גראס1.5*4ל,"יפאורה תבורי בע""\מ",IL,שוופס סודה 4 יח,ליטרים,6.00,ליטר,false,1,10.90,1.82,true,1,
7290017031323,false,אטריות ביצים פפרדלה400ג,פ.פ.פ טאביט פולין,PL,אטריות ביצים,גרמים,400.00,100 גרם,false,1,11.90,2.98,true,1,
7290017031477,false,סנסודין רפיד רליף מלבי75,MICLEN DE,GB,משחת סנסודיין,מיליליטרים,75.00,"100 מ""ל",false,1,22.90,30.53,true,1,
7290017031859,false,פרודונטקס אולטרה קלין75מ,"מאסטרפוד אוסטריה בע""מ",GB,משחת פרודונטקס,מיליליטרים,75.00,"100 מ""ל",false,1,29.90,39.87,true,1,
7290017046051,false,עוגיות מרוקאית ללא סוכר,גידרון,IL,עגיות ללא סוכר,גרמים,500.00,100 גרם,false,1,16.90,3.38,true,1,
7290017046075,false,"עוגיות ש.שועל ללת""ס 500ג",גידרון,IL,עוגיות ש.שועל,גרמים,500.00,100 גרם,false,1,16.90,3.38,true,1,
7290017046112,false,עוגיות כתר 500 גרם,גידרון,IL,עוגיות כתר,גרמים,500.00,100 גרם,false,1,14.90,2.98,true,1,
7290017046129,false,עוגיות דמקה 500 גרם,גידרון,IL,עוגיות דמקה,גרמים,500.00,100 גרם,false,1,14.90,2.98,true,1,
7290017046136,false,עוגיות פרסה 500 גרם,גידרון,IL,עוגיות פרסה,גרמים,500.00,100 גרם,false,1,14.90,2.98,true,1,
7290017058139,false,"רסק תפו""ע+תות שדה113*4ג",GROWERS CHERRY,US,"רסק תפו""ע",גרמים,452.00,100 גרם,false,1,9.90,2.19,true,1,
7290017058146,false,"רסק תפו""ע עם אפרסק113*4",GROWERS CHERRY,US,"רסק תפו""ע",גרמים,452.00,100 גרם,false,1,9.90,2.19,true,1,
7290017065007,false,מוצרלה פרוסות22% 150 גרם,מחלבות גד,IL,מוצרלה פרוסות,גרמים,150.00,100 גרם,false,1,18.50,12.33,true,1,
7290017065137,false,ריקוטה למריחה 5% 200 גרם,מחלבות גד,IL,ריקוטה למריחה,גרמים,200.00,100 גרם,false,1,10.10,5.05,true,1,
7290017065144,false,ריקוטה בזיליקום5% 200גרם,מחלבות גד,IL,ריקוטה למריחה,גרמים,200.00,100 גרם,false,1,10.10,5.05,true,1,
7290017065151,false,ריקוטה פלפל 4 עונות 200ג,מחלבות גד,IL,ריקוטה למריחה,גרמים,200.00,100 גרם,false,1,10.10,5.05,true,1,
7290017065236,false,בולגרית מעודנת 24% 250 ג,מחלבות גד,IL,בולגרית מעודנת,גרמים,250.00,100 גרם,false,1,22.60,9.04,true,1,
7290017065373,false,פטה למריחה 9% 250 גרם,מחלבות גד,IL,פטה למריחה,גרמים,250.00,100 גרם,false,1,19.90,7.96,true,1,
7290017065380,false,גרנה פדנו שבבים 100 גרם,---,IT,גרנה פדנו שבבים,גרמים,100.00,100 גרם,false,1,13.90,13.90,true,1,
7290017065427,false,ריקוטה למריחה+חציל 200ג,מחלבות גד,IL,ריקוטה עם חציל,גרמים,200.00,100 גרם,false,1,10.10,5.05,true,1,
7290017068442,false,"שמן זית כתית 750 מ""ל",מיה,ES,שמן זית כתית,מיליליטרים,750.00,"100 מ""ל",false,1,29.90,3.99,true,1,
7290017105062,false,חומוס שלם יכין 200 גרם,"זנלכל בע""\מ",IL,חומוס שלם יכין,גרמים,200.00,100 גרם,false,1,3.90,1.95,true,1,
7290017105079,false,שעועית אפויה ברוטב 200גר,"זנלכל בע""\מ",IL,שעועית אפויה,גרמים,200.00,100 גרם,false,1,3.90,1.95,true,1,
7290017105086,false,שעועית צ'ילי יכין 200גרם,"זנלכל בע""\מ",IL,שעועית צ'ילי,גרמים,200.00,100 גרם,false,1,3.90,1.95,true,1,
7290017105109,false,שעועית מנומרת יכין 200גר,"זנלכל בע""\מ",IL,שעועית מנומרת,גרמים,200.00,100 גרם,false,1,3.90,1.95,true,1,
7290017105116,false,תורמוס יכין 200 גרם,"זנלכל בע""\מ",IL,תורמוס יכין,גרמים,200.00,100 גרם,false,1,3.90,1.95,true,1,
7290017105123,false,פול מצרי יכין 200 גרם,"זנלכל בע""\מ",IL,פול מצרי יכין,גרמים,200.00,100 גרם,false,1,3.90,1.95,true,1,
7290017121048,false,פלפל צ'ומה 250 גרם,מדשא תעשיות מזון,IL,פלפל צ'ומה,גרמים,250.00,100 גרם,false,1,14.90,5.96,true,1,
7290017121390,false,לימון בלאדי 250 גרם,מדשא תעשיות מזון,IL,לימון בלאדי,גרמים,250.00,100 גרם,false,1,14.90,5.96,true,1,
7290017142104,false,פתיתי טונה במי מלח85TOGO,יוניקורד,TH,פתיתי טונה,גרמים,85.00,100 גרם,false,1,8.90,10.47,true,1,
7290017142111,false,פתיתי טונה שמן זית85TOGO,יוניקורד,TH,פתיתי טונה,גרמים,85.00,100 גרם,false,1,9.90,11.65,true,1,
7290017142128,false,שמן זית כתית קלאסי 750מל,שמן תעשיות,IL,שמן זית כתית,מיליליטרים,750.00,"100 מ""ל",false,1,33.90,4.52,true,1,
7290017142159,false,טונה בהירה בשמן זית80*3ג,יוניקורד,TH,טונה בהירה,גרמים,240.00,100 גרם,false,1,23.90,9.96,true,1,
7290017142166,false,פילה טונ.פרוס+שמן זית120,יוניקורד,TH,פילה טונה פרוס,גרמים,120.00,100 גרם,false,1,14.90,12.42,true,1,
7290017142203,false,פילה טונה פרוס מעושן120ג,יוניקורד,TH,פילה טונה פרוס,גרמים,120.00,100 גרם,false,1,14.90,12.42,true,1,
7290017142289,false,תרסיס שמן חמניות מזוכ200,י.ב טכנולוגיות אריזה בעמ,IL,תרסיס שמן חמניות,מיליליטרים,200.00,"100 מ""ל",false,1,15.90,7.95,true,1,
7290017142388,false,שמן חמניות+אומגה 3 1ליטר,שמן תעשיות בעמ,IL,חמניות פלוס,ליטרים,1.00,ליטר,false,1,16.60,16.60,true,1,
7290017217314,false,נרות חימום הדרים 50 יח,LTD T.G.C,CN,נרות חימום,יחידה,1.00,יחידה,false,1,10.00,10.00,true,1,
7290017266244,false,שוקון גביע וופל 40*3גרם,גילרו,IL,שוקון גביע וופל,גרמים,120.00,100 גרם,false,1,11.90,9.92,true,1,
7290017304885,false,לחם שיפון מלא פרוס 750גר,מאפיית שלמה א. אנג'\ל בע,IL,לחם שיפון מלא,גרמים,750.00,100 גרם,false,1,14.90,1.99,true,1,
7290017334080,false,שמ.זית כתית כבישה קרה750,שמן זית אליעד,IL,שמן זית כתית,מיליליטרים,750.00,"100 מ""ל",false,1,29.90,3.99,true,1,
7290017457550,false,מרכך סוד סופרים גלמור600,---,AT,מרכך סוד סופרים,מיליליטרים,600.00,"100 מ""ל",false,1,13.90,2.32,true,1,
7290017457604,false,"אבקת פרסיל פרימיום 3 ק""ג","הנקל סוד בע""\מ",IL,פרסיל פרימיום,קילוגרמים,3.00,"ק""ג",false,1,34.90,11.63,true,1,
7290017457673,false,פרסיל ג'ל פרמיום 2.4ליטר,"הנקל סוד בע""\מ",IL,פרסיל ג'ל פרמיום,ליטרים,2.40,ליטר,false,1,34.90,14.54,true,1,
7290017457703,false,סוד מרכך 20% בושם זהב900,---,IL,סוד מרכך מרוכז,מיליליטרים,900.00,"100 מ""ל",false,1,13.90,1.54,true,1,
7290017457727,false,סוד מרכך 20%בושם כחול900,---,IL,סוד מרכך מרוכז,מיליליטרים,900.00,"100 מ""ל",false,1,13.90,1.54,true,1,
7290017457765,false,פרסיל ג'ל פרמיום 2.4 ל,"הנקל סוד בע""\מ",IL,פרסיל ג'ל קולור,ליטרים,2.40,ליטר,false,1,34.90,14.54,true,1,
7290017457802,false,פרסיל קפסולות ג'ל 56יח,הנקל סוד,HU,פרסיל קפסולות,יחידה,1.00,יחידה,false,1,64.90,64.90,true,1,
7290017513003,false,חל.דובדבן+נשנ.פירות10יח,בית ויסוצקי,IL,חליטה+פירות,גרמים,115.00,100 גרם,false,1,24.90,21.65,true,1,
7290017513034,false,תה ירוק נענע 20 שקיקים,ויסוצקי,IL,תה ירוק נענע,גרמים,30.00,100 גרם,false,1,19.90,66.33,true,1,
7290017513058,false,תה ירוק סיני 20 שקיקים,ויסוצקי,IL,תה ירוק סיני,גרמים,30.00,100 גרם,false,1,19.90,66.33,true,1,
7290017513393,false,תה ירוק סופר גרין1.5*25ג,ויסוצקי,IL,תה ירוק,גרמים,37.00,100 גרם,false,1,24.90,67.30,true,1,
7290017618111,false,עוג.מלבן טריפל שוקולד180,לחמי,IL,עוגיות לחמי,גרמים,180.00,100 גרם,false,1,18.90,10.50,true,1,
7290017618135,false,עוג.מלבן שוקולד ושקד180ג,לחמי,IL,מלבן שוקולד ושקד,גרמים,180.00,100 גרם,false,1,18.90,10.50,true,1,
7290017618142,false,עוגיות שוק.צ'יפס מריר150,לחמי,IL,עוגיות שוקוצ'יפס,גרמים,150.00,100 גרם,false,1,10.00,6.67,true,1,
7290017618159,false,עוג.שוק.ציפס לבן/מריר150,לחמי,IL,עוגיות שוקוציפס,גרמים,150.00,100 גרם,false,1,10.00,6.67,true,1,
7290017677804,false,"רוטב סויה קיקומן 444 מ""ל",קיקומן פודז אינק,US,רוטב סויה קיקומן,מיליליטרים,444.00,"100 מ""ל",false,1,19.90,4.48,true,1,
7290017677811,false,"רוטב סויה קיקומן 296 מ""ל",קיקומן פודז אינק,NL,רוטב סויה קיקומן,מיליליטרים,296.00,"100 מ""ל",false,1,13.50,4.56,true,1,
7290017812052,false,שיראז-קברנה אקסלנס 750מל,יקבי כרמל,IL,שיראז-קברנה,מיליליטרים,750.00,"100 מ""ל",false,1,29.90,3.99,true,1,
7290017812069,false,ריזלינג-שרדונה אקסלנס750,יקבי כרמל,IL,ריזלינג-שרדונה,מיליליטרים,750.00,"100 מ""ל",false,1,29.90,3.99,true,1,
7290017816012,false,קרם קרקר כוסמין 250 גרם,מגדנית הדר,IL,קרם קרקר כוסמין,גרמים,250.00,100 גרם,false,1,14.90,5.96,true,1,
7290017888026,false,פרוט&וג' אננ.תפוח גזר350,יפאורה תבורי בעמ,IL,משקה פרוט&וג',מיליליטרים,350.00,"100 מ""ל",false,1,7.00,2.00,true,1,
7290017888293,false,פרוט ווטר תפ.למ.גראס1.5ל,"יפאורה תבורי בע""\מ",IL,פרוט ווטר תפוח,ליטרים,1.50,ליטר,false,1,7.30,4.87,true,1,
7290017888385,false,תפוזינה וואו תפוזים1.5ל,יפאורה תבורי,IL,תפוזינה תפוזים,ליטרים,1.50,ליטר,false,1,6.20,4.13,true,1,
7290017888408,false,תפוזינה וואו לימונענע1.5,יפאורה תבורי,IL,תפוזינה לימון,ליטרים,1.50,ליטר,false,1,6.20,4.13,true,1,
7290017888453,false,שוופס אנרג'י קלאסיק250מל,"יפאורה תבורי בע""\מ",IL,שוופס אנרג'י,מיליליטרים,250.00,"100 מ""ל",false,1,5.00,2.00,true,1,
7290017888620,false,שוופס מי טוניק 4 * 250 מ,יפאורה תבורי בעמ,IL,4שוופס מי טוניק,ליטרים,1.00,ליטר,false,1,15.00,15.00,true,1,
7290017917634,false,קמיל שמפו אל דמע 750*2מ,---,IL,קמיל שמפו אל דמע,מיליליטרים,1500.00,"100 מ""ל",false,1,34.90,2.33,true,1,
7290017917665,false,קמיל אל סבון לתינוק750*2,---,IL,קמיל בלו אל סבון,מיליליטרים,1500.00,"100 מ""ל",false,1,34.90,2.33,true,1,
7290017930060,false,גרגירי רימון יחידה,פרי קלוף,IL,גרגירי רימון,יחידה,1.00,יחידה,false,1,17.90,17.90,true,1,
7290018029046,false,עוגיות ש. שועל ע.יד 350ג,קונדטוריית אנגל,IL,עוגיות ש.שועל,גרמים,350.00,100 גרם,false,1,16.80,4.80,true,1,
7290018029206,false,עוגיות כתר ריבה מיקס600ג,דולצ'ה ויטה,IL,עוגיות דולצ'ה,גרמים,600.00,100 גרם,false,1,17.90,2.98,true,1,
7290018115008,false,תירס למיקרוגל,צמח אבוקדו,IL,תירס למיקרוגל,יחידה,1.00,יחידה,false,1,12.90,12.90,true,1,
7290019297215,false,"פולי סויה אדממה 1ק""ג",שקדיה,IL,פולי סויה אדממה,גרמים,1000.00,100 גרם,false,0,19.90,1.99,true,1,
7290019297222,false,פולי סויה אדממה 450גרם,שקדיה,IL,פולי סויה אדממה,גרמים,450.00,100 גרם,false,0,11.90,2.64,true,1,
7290019297444,false,פקאן טבעי 100גרם,שקדיה,IL,פקאן טבעי 100גרם,גרמים,100.00,100 גרם,false,1,16.90,16.90,true,1,
7290100240144,false,בדין תרסיס מייבש ורוד500,זוהר דליה,IL,תרסיס למייבש,מיליליטרים,500.00,"100 מ""ל",false,0,18.30,3.66,true,1,
7290100240632,false,פתית 6 דגנים 250 גרם,יוניליוור ישראל מזון בע\,IL,פתית 6 דגנים,גרמים,250.00,100 גרם,false,0,16.90,6.76,true,1,
7290100243671,false,"בדין אקסטרה כחול 960 מ""ל",יוניליוור,TR,מרכך כביסה בדין,מיליליטרים,960.00,"100 מ""ל",false,0,15.90,1.66,true,1,
7290100243688,false,"בדין אקסטרה ורוד 960 מ""ל",יוניליוור,TR,מרכך כביסה בדין,מיליליטרים,960.00,"100 מ""ל",false,0,15.90,1.66,true,1,
7290100244609,false,רוטב לסלט אלף האיים290מל,יוניליוור ישראל מזון בעמ,IL,רוטב אלף האיים,מיליליטרים,290.00,"100 מ""ל",false,0,10.90,3.76,true,1,
7290100244616,false,רוטב לסלט חרדל ודבש290מל,יוניליוור ישראל מזון בעמ,IL,רוטב חרדל ודבש,מיליליטרים,290.00,"100 מ""ל",false,0,10.90,3.76,true,1,
7290100245231,false,נמס בכוס ט.עוף ש.מרק50גר,יוניליוור,IL,נמס בכוס ט.עוף,גרמים,50.00,100 גרם,false,0,6.90,13.80,true,1,
7290100247051,false,תח.רחצה פינוק קלאסי 700מ,יוניליוור ישראל טיפוח אי,IL,תחליב רחצה פינוק,מיליליטרים,700.00,"100 מ""ל",false,0,10.90,1.56,true,1,
7290100247068,false,תחליב פינוק לבנד.וניל700,יוניליוור ישראל טיפוח אי,IL,תחליב רחצה פינוק,מיליליטרים,700.00,"100 מ""ל",false,0,10.90,1.56,true,1,
7290100247808,false,נמס בכוס ט.עוף אקסטרה28ג,יוניליוור,IL,נמס בכוס טעם עוף,גרמים,28.00,100 גרם,false,0,4.50,16.07,true,1,
7290100247815,false,נמס בכוס עגבנ.אקסטרה39גר,יוניליוור,IL,נמס בכוס עגבניות,גרמים,39.00,100 גרם,false,0,4.50,11.54,true,1,
7290100247822,false,נמס בכוס פטריות אקסטרה32,יוניליוור ישראל מזון בע\,IL,נמס בכוס פטריות,גרמים,32.00,100 גרם,false,0,4.50,14.06,true,1,
7290100247839,false,נמס בכוס ירקות אקסטרה35ג,"יוניליוור ישראל מזון בע""",IL,נמס בכוס ירקות,גרמים,35.00,100 גרם,false,0,4.50,12.86,true,1,
7290100247969,false,קליק כריות צ'וקולדה75גרם,יוניליוור ישראל מזון בעמ,IL,קליק כריות,גרמים,75.00,100 גרם,false,0,5.90,7.87,true,1,
7290100249352,false,מרק טעם עוף 400 גרם,יוניליוור ישראל מזון בע\,IL,מרק טעם עוף,גרמים,400.00,100 גרם,false,0,14.90,3.73,true,1,
7290100249512,false,פירה בטעם ביתי 130*2 גרם,"יוניליוור ישראל מזון בע""",IL,פירה בטעם ביתי,גרמים,260.00,100 גרם,false,0,11.90,4.58,true,1,
7290100249659,false,רוטב לעוף צ'ילי שום320גר,"יוניליוור ישראל מזון בע""",IL,רוטב לעוף,גרמים,320.00,100 גרם,false,0,10.90,3.41,true,1,
7290100412435,false,קוויק50מגבונים ניקוי כלל,די.פי.אל,IL,קוויק מגבונים,יחידה,1.00,יחידה,false,1,8.90,8.90,true,1,
7290100412442,false,קוויק 50 מגבונים לאמבטיה,די.פי.אל,IL,מגבונים לאמבטיה,יחידה,1.00,יחידה,false,1,8.90,8.90,true,1,
7290100412718,false,ג'ל ניקוי פנים מאסק150מ,אמיליה,IL,ג'ל ניקוי פנים,מיליליטרים,150.00,"100 מ""ל",false,0,24.90,16.60,true,1,
7290100412800,false,תחליב רחצה עור יבש 700 מ,אמיליה,IL,תחליב רחצה,מיליליטרים,700.00,"100 מ""ל",false,1,19.90,2.84,true,1,
7290100412831,false,תחליב רח.אנטיאיג'נג700,אמיליה,IL,תחליב רחצה,מיליליטרים,700.00,"100 מ""ל",false,1,19.90,2.84,true,1,
7290100413593,false,קוויק 40 מגבונים לניקוי,די.פי.אל,IL,קוויק מגבונים,יחידה,1.00,יחידה,false,1,8.90,8.90,true,1,
7290100613603,false,גרעין אבטיח קלוי 200גרם,פיצוחי ציון,IL,גרעין אבטיח קלוי,גרמים,200.00,100 גרם,false,0,14.90,7.45,true,1,
7290100613641,false,קשיו קלוי וממולח 200גרם,פיצוחי ציון,VN,קשיו קלוי וממולח,גרמים,200.00,100 גרם,false,0,21.90,10.95,true,1,
7290100613658,false,גרעין חמניה קלוי וממולח,פיצוחי ציון,IL,גרעין חמניה קלוי,גרמים,200.00,100 גרם,false,0,7.80,3.90,true,1,
7290100614242,false,בוטן קלוי וממולח 200 גרם,פיצוחי ציון,IL,בוטן קלוי 200גרם,גרמים,200.00,100 גרם,false,1,6.90,3.45,true,1,
7290100614419,false,אגוז קשיו טבעי 200גרם,פיצוחי ציון,IL,אגוז קשיו טבעי,גרמים,200.00,100 גרם,false,1,23.90,11.95,true,1,
7290100614617,false,תערובת אגוזים ומשמש 150ג,פיצוחי ציון,IL,תע אגוזים ומשמש,גרמים,150.00,100 גרם,false,1,15.90,10.60,true,1,
7290100614648,false,אגוז מלך טבעי 150גרם,פיצוחי ציון,IL,אגוז מלך טבעי,גרמים,150.00,100 גרם,false,1,13.90,9.27,true,1,
7290100653586,false,ליידי ס.סטיק24/7ג'ל ורוד,קולגייט פלמוליב,US,דאודורנט,גרמים,65.00,100 גרם,false,0,19.90,30.62,true,1,
7290100680650,false,מנה חמה נודלס תאילנדי76ג,טאי רזידנט,TH,מנה חמה אסם,גרמים,76.00,100 גרם,false,0,5.90,7.76,true,1,
7290100680667,false,מנה חמה נודלס סצ'ואן76גר,טאי רזידנט,TH,מנה חמה נודלס,גרמים,76.00,100 גרם,false,0,5.90,7.76,true,1,
7290100680711,false,פירורית זהב 350 גרם,עינת תעשיות,IL,פירורית זהב אסם,גרמים,350.00,100 גרם,false,0,8.80,2.51,true,1,
7290100680728,false,פירורית רגילה 350 גרם,"אסם השקעות בע""\מ",IL,פירורית אסם,גרמים,350.00,100 גרם,false,0,7.60,2.17,true,1,
7290100681015,false,אינסטנ.פודינג ריבת חלב84,"אסם השקעות בע""מ",IL,אינסטנט פודינג,גרמים,84.00,100 גרם,false,0,5.50,6.55,true,1,
7290100681138,false,אפרופו 50*3 גרם,"אסם השקעות בע""\מ",IL,אפרופו 3יח במארז,גרמים,150.00,100 גרם,false,0,12.90,8.60,true,1,
7290100681503,false,סירופ לימונענע דיאט 1 ל',בית השיטה,IL,סירופ דיאט,ליטרים,1.00,ליטר,false,0,10.90,10.90,true,1,
7290100681510,false,סירופ אשכ.אדומה דיאט 1ל',בית השיטה,IL,סירופ דיאט,ליטרים,1.00,ליטר,false,0,10.90,10.90,true,1,
7290100683200,false,"רוטב ברביקיו 290 מ""ל","אסם השקעות בע""\מ",IL,רוטב ברביקיו,מיליליטרים,290.00,"100 מ""ל",false,0,9.90,3.41,true,1,
7290100683217,false,"ויטמינצ'יק תפו""ע 2 ליטר",בית השיטה,IL,"ויטמינצ'יק תפו""ע",ליטרים,2.00,ליטר,false,0,23.90,11.95,true,1,
7290100683613,false,ויטמינצ'יק מנגו אפרסק 1ל,בית השיטה,IL,סירופ ויטמינצ'יק,ליטרים,1.00,ליטר,false,0,12.90,12.90,true,1,
7290100685136,false,"מרק טעם עוף פרווה 1 ק""ג","אסם השקעות בע""\מ",IL,מרק טעם עוף,קילוגרמים,1.00,"ק""ג",false,0,15.50,15.50,true,1,
7290100685334,false,מרק עוף רכיבים טבעיים400,"אסם השקעות בע""\מ",IL,מרק עוף אמיתי,גרמים,400.00,100 גרם,false,0,21.70,5.43,true,1,
7290100686164,false,ביסלי ברביקיו 35*6 גרם,"אסם השקעות בע""\מ",IL,ביסלי מארז 6 יח,גרמים,210.00,100 גרם,false,0,12.90,6.14,true,1,
7290100686171,false,ביסלי גריל 6 * 35 גרם,"אסם השקעות בע""\מ",IL,ביסלי מארז 6 יח,גרמים,210.00,100 גרם,false,0,12.90,6.14,true,1,
7290100687109,false,במבה נוגט 60 גרם,"אסם השקעות בע""\מ",IL,במבה נוגט,גרמים,60.00,100 גרם,false,0,4.90,8.17,true,1,
7290100700020,false,גריסי פנינה 500 גרם,"סוגת תעשיות בע""מ",IL,גריסי פנינה,גרמים,500.00,100 גרם,false,0,5.90,1.18,true,1,
7290100700242,false,"אורז מלא עגול סוגת 1 ק""ג","סוגת תעשיות בע""מ",IL,אורז מלא עגול,קילוגרמים,1.00,"ק""ג",false,0,9.90,9.90,true,1,
7290100700273,false,קינואה סוגת 500 גרם,"סוגת תעשיות בע""מ",IL,קינואה סוגת,גרמים,500.00,100 גרם,false,0,13.90,2.78,true,1,
7290100700327,false,"גריסי פנינה 1 ק""ג","סוגת תעשיות בע""מ",IL,"גריסי פנינה 1ק""ג",קילוגרמים,1.00,"ק""ג",false,0,7.90,7.90,true,1,
7290100700396,false,"אורז יסמין קלאסי 1 ק""ג","סוגת תעשיות בע""מ",IL,אורז יסמין סוגת,קילוגרמים,1.00,"ק""ג",false,0,11.90,11.90,true,1,
7290100700419,false,"בורגול 1 ק""ג","סוגת תעשיות בע""מ",IL,"בורגול 1 ק""ג",קילוגרמים,1.00,"ק""ג",false,0,7.90,7.90,true,1,
7290100700587,false,בורגול 500 גרם,"סוגת תעשיות בע""מ",IL,בורגול 500 גרם,גרמים,500.00,100 גרם,false,0,5.90,1.18,true,1,
7290100701300,false,קינואה אדומה 500 גרם,"סוגת תעשיות בע""מ",IL,קינואה אדומה,גרמים,500.00,100 גרם,false,0,12.90,2.58,true,1,
7290100701331,false,"קמח רב תכליתי 1 ק""ג","שטיבל בע""מ - טחנות קמח",IL,קמח רב תכליתי,קילוגרמים,1.00,"ק""ג",false,0,6.90,6.90,true,1,
7290100701577,false,"קמח לחם 1 ק""ג",טחנות קמח שטיבל באר שבע,IL,"קמח לחם 1 ק""ג",קילוגרמים,1.00,"ק""ג",false,0,6.90,6.90,true,1,
7290100701881,false,"קמח פיצה 1 ק""ג","שטיבל בע""מ - טחנת קמח",IL,קמח פיצה,קילוגרמים,1.00,"ק""ג",false,0,6.90,6.90,true,1,
7290100702253,false,שמרים יבשים בפחית 100גרם,אייבי מאורי,IT,שמרים יבשים,גרמים,100.00,100 גרם,false,1,14.90,14.90,true,1,
7290100703007,false,עדשים שחורות בלוגה 500ג,"סוגת תעשיות בע""מ",IL,עדשים שחורות,גרמים,500.00,100 גרם,false,1,8.90,1.78,true,1,
7290100703458,false,כוסמת לא קלויה 500 גרם,"סוגת תעשיות בע""מ",IL,כוסמת לא קלויה,גרמים,500.00,100 גרם,false,1,6.90,1.38,true,1,
7290100850336,false,מיני פסק זמן 195 גרם,שטראוס,IL,מיני פסק זמן,גרמים,195.00,100 גרם,false,0,14.90,7.64,true,1,
7290100850343,false,מיני מקופלת 200 גרם,עלית,IL,מיני מקופלת,גרמים,200.00,100 גרם,false,0,14.90,7.45,true,1,
7290100850459,false,מיקס חטיפים 390 גרם,עלית,IL,מיקס חטיפים,גרמים,390.00,100 גרם,false,0,21.90,5.62,true,1,
7290100850909,false,דוריטוס נאצ'ו מקסיקני70ג,"שטראוס פריטו ליי  בע""\מ",IL,דוריטוס נאצ'ו,גרמים,70.00,100 גרם,false,0,3.60,5.14,true,1,
7290100850916,false,דוריטוס חמוץ חריף 70 גרם,"שטראוס פריטו ליי בע""\מ )",IL,דוריטוס חמוץ ח,גרמים,70.00,100 גרם,false,0,3.60,5.14,true,1,
7290100850923,false,דוריטוס גריל 70 גרם,"שטראוס פריטו ליי בע""\מ )",IL,דוריטוס גריל,גרמים,70.00,100 גרם,false,0,3.60,5.14,true,1,
7290100850930,false,דוריטוס בטעם טבעי 70 גרם,"שטראוס פריטו ליי בע""\מ )",IL,חטיף דוריטוס,גרמים,70.00,100 גרם,false,0,3.60,5.14,true,1,
7290100852606,false,קפה טורקי 100*4 גרם,שטראוס קפה בי.ויn\.,IL,קפה טורקי 4 יח,גרמים,400.00,100 גרם,false,0,30.90,7.73,true,1,
7290100853689,false,בראוניז שוקולד עשירה380ג,עלית,IL,בראוניז שוקולד,גרמים,380.00,100 גרם,false,0,16.00,4.21,true,1,
7290100858592,false,קקאו עלית 150 גרם,עלית,IL,קקאו עלית,גרמים,150.00,100 גרם,false,0,9.90,6.60,true,1,
7290100858653,false,מיקס חטיפים סגול 390 גרם,שטראוס,IL,מיקס חטיפים,גרמים,390.00,100 גרם,false,0,21.90,5.62,true,1,
7290100921401,false,שמפו הוואי קרטין מחזק700,טרופיקל דגיל,IL,שמפו הוואי,מיליליטרים,700.00,"100 מ""ל",false,0,9.90,1.41,true,1,
7290100921593,false,כדוריות לאסלה לימון50ג,"הנקל סוד בע""\מ",RS,סבון אסלה,גרמים,50.00,100 גרם,false,0,8.90,17.80,true,1,
7290100922569,false,קרם ידיים ולווטה 100*3מל,טרופיקל דגיל,IL,קרם ידיים ולווטה,מיליליטרים,300.00,"100 מ""ל",false,0,19.90,6.63,true,1,
7290100922606,false,שמפו הוואי 7שמנים פרח700,טרופיקל דגיל,IL,שמפו הוואי,מיליליטרים,700.00,"100 מ""ל",false,1,9.90,1.41,true,1,
7290100924204,false,אבקת כביסה פרסיל,,IL,אבקת כביסה פרסיל,קילוגרמים,8.00,"ק""ג",false,0,55.90,6.99,true,1,
7290100924631,false,סוד מרכך מרוכז בייבי900מ,"הנקל סוד בע""\מ",IL,סוד מרכךבייבי,מיליליטרים,900.00,"100 מ""ל",false,1,12.90,1.43,true,1,
7290100925669,false,קולור קאצ'ר 10 דפים,"הנקל סוד בע""\מ",IE,קולור קאצ'ר,יחידה,1.00,יחידה,false,1,13.90,13.90,true,1,
7290100925751,false,סוד נוזל כלים תפוח 650מל,"הנקל סוד בע""\מ",IL,נוזל כלים תפוח,מיליליטרים,650.00,"100 מ""ל",false,1,6.50,1.00,true,1,
7290100925782,false,סוד נוזל כלים לימון 1.25,"הנקל סוד בע""\מ",IL,סוד לכלים,ליטרים,1.25,ליטר,false,1,9.90,7.92,true,1,
7290100928752,false,נוזל הברקה למדיח,,RS,נוזל הברקה למדיח,מיליליטרים,750.00,"100 מ""ל",false,0,19.70,2.63,true,1,
7290101110149,false,גל.וניל עם נטיפי שוקולד,גלידות פלדמן,IL,גל.פלדמן,ליטרים,1.30,ליטר,false,0,21.90,16.85,true,1,
7290101110279,false,גל.שוקולד פקאן 1.3,גלידות פלדמן,IL,גל.פלדמן,ליטרים,1.30,ליטר,false,0,21.90,16.85,true,1,
7290101110811,false,גלידל ו.פסיפלורה 8יח,גלידות פלדמן,IL,גלידל פסיפלורה,גרמים,600.00,100 גרם,false,0,33.50,5.58,true,1,
7290101111085,false,גל.שוקולד חלב מריר,גלידות פלדמן,IL,גל.פלדמן,ליטרים,1.30,ליטר,false,0,21.90,16.85,true,1,
7290101111573,false,מאגדת פרוזן יוגורט מנגו,גלידות פלדמן,IL,מאגדת פרוזן,גרמים,420.00,100 גרם,false,0,25.90,6.17,true,1,
7290101111597,false,מאגדת פרוזן יוגורט פסיפ,גלידות פלדמן,IL,מאגדת פרוזן,גרמים,420.00,100 גרם,false,0,25.90,6.17,true,1,
7290101112921,false,מאגדת גלידל פירות טרופים,פלקו בעמ,IL,מאגדת גלידל פרי,גרמים,640.00,100 גרם,false,1,26.90,4.20,true,1,
7290101112983,false,מאגדת גרניטה אפרסק 515 ג,"פלקו בע""\מ, חברה ישראלית",IL,מאגדת גרניטה אפר,גרמים,515.00,100 גרם,false,1,22.90,4.45,true,1,
7290101113096,false,מאגדת גרניטה דובדבן 6 יח,"פלקו בע""\מ, חברה ישראלית",IL,מאגדת גרניטה דוב,גרמים,480.00,100 גרם,false,1,22.90,4.77,true,1,
7290101113119,false,מאגדת שייק פרי מנגו פסיפ,פלקו בעמ,IL,מאגדת שייק מנגו,גרמים,325.00,100 גרם,false,1,29.90,9.20,true,1,
7290101488316,false,ליידי ספיד סטיק ורוד 65ג,קולגייט פלמוליב,US,ליידי ספיד סטיק,גרמים,65.00,100 גרם,false,0,19.90,30.62,true,1,
7290101488323,false,ליידי ספיד סטיק סגול 65ג,קולגייט פלמוליב,US,ליידי ספיד סטיק,גרמים,65.00,100 גרם,false,0,19.90,30.62,true,1,
7290101551027,false,"קפסולות מס' 14 כשל""פ50ג",שטראוס קפה בי.וי,IL,קפסולות מס' 14,גרמים,50.00,100 גרם,false,1,16.50,33.00,true,1,
7290101551300,false,"סילאן טבעי לחיץ ללת""ס380",מכוורת יד מרדכי שטראוס ב,IL,סילאן טבעי לחיץ,גרמים,380.00,100 גרם,false,1,14.90,3.92,true,1,
7290101551539,false,דנונה פרו+חלבון אפרסק200,"שטראוס בריאות בע""מ",IL,דנונה פרו אפרסק,גרמים,200.00,100 גרם,false,1,5.90,2.95,true,1,
7290101551584,false,תפוצ'יפס קידס 20*10 גרם,"שטראוס פריטו ליי בע""מ )פ",IL,תפוצ'יפס קידס10*,גרמים,200.00,100 גרם,false,1,14.90,7.45,true,1,
7290101551607,false,שוש מארז 10 * 25 גרם,"שטראוס פריטו ליי בע""מ )פ",IL,שוש מארז 10 יח',גרמים,250.00,100 גרם,false,1,12.90,5.16,true,1,
7290101551614,false,צ'יטוס קראנצ' גבינה30*8ג,"שטראוס פריטו ליי בע""מ )פ",IL,צ'יטוס גבינה 8יח,גרמים,240.00,100 גרם,false,1,13.90,5.79,true,1,
7290101551621,false,צ'יטוס דולפינים 20*10 גר,"שטראוס פריטו ליי בע""מ )פ",IL,ציטוס דולפין10יח,גרמים,200.00,100 גרם,false,1,12.90,6.45,true,1,
7290101551638,false,צ'יטוס כאפה מארז 20*10 ג,"שטראוס פריטו ליי בע""מ )פ",IL,צ'יטוס כאפה 10יח,גרמים,200.00,100 גרם,false,1,12.90,6.45,true,1,
7290101551645,false,צ'יטוס איקס עיגול20*10ג,"שטראוס פריטו ליי בע""מ )פ",IL,צ'יטוס 10 יח',גרמים,200.00,100 גרם,false,1,12.90,6.45,true,1,
7290101864127,false,"וניש ספריי 750 מ""ל",רקיט בנקיזר,IL,וניש גולד ספריי,מיליליטרים,750.00,"100 מ""ל",false,0,18.90,2.52,true,1,
7290101865261,false,"פיניש נוזל הברקה 800 מ""ל",רקיט בנקיזר,PL,פיניש נוזל הברקה,מיליליטרים,800.00,"100 מ""ל",false,0,19.90,2.49,true,1,
7290101866633,false,וניש ג'ל מסיר כתמים 3 ל,רקיט בנקיזר,IL,וניש ג'ל,ליטרים,3.00,ליטר,false,0,26.90,8.97,true,1,
7290101869788,false,איירוויק מילוי 250מל,רקיט בנקיזר,GB,אירוויק מילוי,מיליליטרים,250.00,"100 מ""ל",false,1,19.90,7.96,true,1,
7290101869795,false,איירוויק מילוי 250מל,רקיט בנקיזר,GB,אירוויק מילוי,מיליליטרים,250.00,"100 מ""ל",false,1,19.90,7.96,true,1,
7290101869832,false,איירוויק מילוי ליל קיץ,רקיט בנקיזר,CN,אירוויק מילוי,מיליליטרים,19.00,"100 מ""ל",false,1,19.90,104.74,true,1,
7290101980919,false,ביצי שוקולד 3 יח',,IT,ביצי שוקולד,יחידה,1.00,יחידה,false,0,14.50,14.50,true,1,
7290102030330,false,תפוצ'יפס מקסיקני 200 גרם,"שטראוס פריטו ליי בע""\מ )",IL,תפוצ'יפס,גרמים,200.00,100 גרם,false,0,9.90,4.95,true,1,
7290102031276,false,"אקטימל תות בננה 100*8מ""ל","שטראוס גרופ בע""\מ",IL,אקטימל 8 יח,מיליליטרים,800.00,"100 מ""ל",false,0,20.90,2.61,true,1,
7290102032334,false,קפה נמס וניל 200 גרם,שטראוס קפה בי.וי,IL,קפה נמס וניל,גרמים,200.00,100 גרם,false,0,23.90,11.95,true,1,
7290102060764,false,2 מברשות שיניים מרידול,גאבה,CH,2 מברשות שיניים,יחידה,1.00,יחידה,false,0,33.90,33.90,true,1,
7290102060979,false,"משחה שיניים אלמקס 100מ""ל",קולגייט- פלמוליב,PL,משחת שיניים,מיליליטרים,100.00,"100 מ""ל",false,0,15.90,15.90,true,1,
7290102062195,false,"משחת אלמקס ג'וניור 75מ""ל",קולגייט- פלמוליב,PE,משחת אלמקס,מיליליטרים,75.00,"100 מ""ל",false,0,13.80,18.40,true,1,
7290102300822,false,צ'דר אנגלי כתום,,GB,צ'דר אנגלי כתום,גרמים,200.00,100 גרם,false,0,20.90,10.45,true,1,
7290102390465,false,יוג.קציפת אפרסק+פסיפל150,טרה,IL,יוגורט מולר,מיליליטרים,150.00,"100 מ""ל",false,0,5.00,3.33,true,1,
7290102390489,false,"יוגורט לימון מולר 150מ""ל",טרה,IL,יוגורט לימון,מיליליטרים,150.00,"100 מ""ל",false,0,5.00,3.33,true,1,
7290102391844,false,יוגורט מולר פירות יער150,טרה,IL,יוגורט מולר,מיליליטרים,150.00,"100 מ""ל",false,0,5.00,3.33,true,1,
7290102392094,false,חלב עיזים קרטון4.1% 1ל',מילקו תעשיות בעמ,IL,חלב עיזים קרטון,ליטרים,1.00,ליטר,false,0,15.50,15.50,true,1,
7290102392254,false,חלב 1% בקרטון 2 ליטר,מילקו תעשיות בעמ,IL,חלב 1% בקרטון,ליטרים,2.00,ליטר,false,0,11.18,5.59,true,1,
7290102392728,false,יוגורט לבן ביו 2.8% 200ג,טרה,IL,יוגורט לבן ביו,גרמים,200.00,100 גרם,false,0,4.00,2.00,true,1,
7290102393039,false,יוג.מולר מיקס פצפוצים150,טרה,IL,יוגורט מולר מיקס,גרמים,150.00,100 גרם,false,0,5.90,3.93,true,1,
7290102393169,false,יוג.תות+חתיכות פרי3% 150,טרה,IL,יוגורט מולר תות,גרמים,150.00,100 גרם,false,0,5.00,3.33,true,1,
7290102393176,false,יוגורט+חתיכ.אפרסק3% 150ג,מילקו תעשיות בעמ,IL,יוגורט אפרסק,גרמים,150.00,100 גרם,false,0,5.00,3.33,true,1,
7290102393190,false,יוג.פירות יער+פרי3% 150ג,מילקו תעשיות בעמ,IL,יוגורט מולר,גרמים,150.00,100 גרם,false,0,5.00,3.33,true,1,
7290102393299,false,יוגורט עיזים לשתייה500גר,משק צוריאל תבור,IL,יוגורט עיזים,גרמים,500.00,100 גרם,false,0,11.70,2.34,true,1,
7290102393947,false,יוג.סימפלי פרוט קיוי150ג,מילקו תעשיות בעמ,IL,יוגורט מולר קיוי,גרמים,150.00,100 גרם,false,0,5.00,3.33,true,1,
7290102394258,false,מה עז 9% שומן 180 גרם,משק צוריאל תבור,IL,מה עז9%שומן,גרמים,180.00,100 גרם,false,0,24.10,13.39,true,1,
7290102394845,false,גב.צהובה נעם דק דק9% 200,מילקו תעשיות בעמ,IL,גבינה צהובה דק9%,גרמים,200.00,100 גרם,false,0,16.90,8.45,true,1,
7290102395224,false,יוג.מולר נטורל1.7% 150*8,טרה,IL,יוגורט ביאנקו 8י,קילוגרמים,1.20,"ק""ג",false,0,17.90,14.92,true,1,
7290102395231,false,יוג.מולר נטורל2.8% 150*8,טרה,IL,יוגורט ביאנקו 8י,קילוגרמים,1.20,"ק""ג",false,0,17.90,14.92,true,1,
7290102395262,false,סימפלי תות+אפרסק3% 150*8,טרה,IL,מולר תות אפרסק8י,קילוגרמים,1.20,"ק""ג",false,0,30.30,25.25,true,1,
7290102395446,false,מו וניל וקצפת 123 גרם,טרה,IL,מו וניל וקצפת,גרמים,123.00,100 גרם,false,0,2.90,2.36,true,1,
7290102395477,false,מו שוקולד וקצפת 123 גרם,טרה,IL,מו שוקולד וקצפת,גרמים,123.00,100 גרם,false,0,2.90,2.36,true,1,
7290102396399,false,מעדן שוקולד 100*8גר,טרה,IL,מעדן שוקולד 8 יח,גרמים,800.00,100 גרם,false,0,13.70,1.71,true,1,
7290102396436,false,מעדן שוקולד מוו1.5% 125ג,מילקו תעשיות בעמ,IL,מעדן שוקולד,גרמים,125.00,100 גרם,false,0,2.90,2.32,true,1,
7290102396665,false,גב.צהובה נעם דק 15% 200ג,מילקו תעשיות בעמ,IL,גבינה צהובה נעם,גרמים,200.00,100 גרם,false,1,15.90,7.95,true,1,
7290102396672,false,גב.צהובה נעם דק9% 360גרם,מילקו תעשיות בעמ,IL,גבינה צהובה נעם,גרמים,360.00,100 גרם,false,1,26.80,7.44,true,1,
7290102396719,false,יוגורט0% סימפלי תות 150ג,טרה,IL,יוגורט תות,גרמים,150.00,100 גרם,false,0,5.00,3.33,true,1,
7290102396726,false,יוגורט0%סימפלי אפרסק150ג,טרה,IL,יוגורט אפרסק,גרמים,150.00,100 גרם,false,0,5.00,3.33,true,1,
7290102396740,false,מולר סימפלי0%תות/אפ150*8,מילקו תעשיות בעמ,IL,מולר סימפלי 8 יח,קילוגרמים,1.20,"ק""ג",false,0,30.30,25.25,true,1,
7290102397334,false,בולגרית גלילית5% 250 גרם,משק צוריאל תבור,IL,בולגרית גלילית5%,גרמים,250.00,100 גרם,false,1,21.40,8.56,true,1,
7290102397600,false,מולר מיקס שקד+בוטנים168ג,מולר,IL,מולר מיקס,גרמים,168.00,100 גרם,false,1,5.90,3.51,true,1,
7290102397679,false,קוטג וחצי 5% 375 גרם,טרה,IL,קוטג וחצי 5%,גרמים,375.00,100 גרם,false,1,7.50,2.00,true,1,
7290102397730,false,אמנטל נועם פתיח.חוזרת200,טרה,IL,גבינת אמנטל נועם,גרמים,200.00,100 גרם,false,1,17.10,8.55,true,1,
7290102397891,false,גבינה מותכת 4 * 25 גרם,---,IL,גבינה מותכת,גרמים,100.00,100 גרם,false,1,7.10,7.10,true,1,
7290102398058,false,חלב 3% בשקית מהדרין 1 לי,---,IL,חלב 3% בשקית 1ל,ליטרים,1.00,ליטר,false,1,5.17,5.17,true,1,
7290102398065,false,חלב 3% בקרטון מהדרין 2ל',טרה,IL,חלב 3% בקרטון,ליטרים,2.00,ליטר,false,1,11.80,5.90,true,1,
7290102398072,false,חלב 3% בקרטון מהדרין 1 ל,טרה,IL,חלב 3% בקרטון,ליטרים,1.00,ליטר,false,1,5.94,5.94,true,1,
7290102398140,false,מעדן חלב+אורז מת.עדינ170,טרה,IL,מעדן חלב ואורז,גרמים,170.00,100 גרם,false,1,4.90,2.88,true,1,
7290102398188,false,מעדן חלב ואורז + תות170ג,טרה,IL,מעדן חלב ואורז,גרמים,170.00,100 גרם,false,1,4.90,2.88,true,1,
7290102398317,false,חלב מועשר בחלבון3% 1ליטר,טרה,IL,חלב מועשר בחלבון,ליטרים,1.00,ליטר,false,1,7.70,7.70,true,1,
7290102398331,false,חלב מועשר דל לקטוז2% 1ל',טרה,IL,חלב דל לקטוז,ליטרים,1.00,ליטר,false,1,7.70,7.70,true,1,
7290102398560,false,שוקו מועשר בבקבוק 1 ליטר,מילקו תעשיות בעמ,IL,שוקו מועשר בקבוק,ליטרים,1.00,ליטר,false,1,10.90,10.90,true,1,
7290102398577,false,שוקו מועשר טרה בקבוק250מ,מילקו תעשיות בעמ,IL,שוקו בבקבוק טרה,מיליליטרים,250.00,"100 מ""ל",false,1,5.40,2.16,true,1,
7290102398614,false,משקה חלב בטעם בננה 1ליטר,מילקו תעשיות בעמ,IL,משקה חלב בננה,ליטרים,1.00,ליטר,false,1,11.30,11.30,true,1,
7290102398638,false,משקה חלב בטעם מוקה 1ליטר,מילקו תעשיות בעמ,IL,משקה חלב מוקה,ליטרים,1.00,ליטר,false,1,11.30,11.30,true,1,
7290102398652,false,שוקו אגוזים טרה בקבוק1ל,מילקו תעשיות בעמ,IL,שוקו אגוזים,ליטרים,1.00,ליטר,false,1,10.90,10.90,true,1,
7290102398713,false,יוגורט עזים פירות יער150,טרה,IL,יוגורט עיזים,גרמים,150.00,100 גרם,false,1,6.00,4.00,true,1,
7290102399048,false,קשקבל פרוסות 200 גרם,טרה,IL,קשקבל פרוס,גרמים,200.00,100 גרם,false,1,22.90,11.45,true,1,
7290102399161,false,מולר רייס דובד.בתחתית170,טרה,IL,מולר רייס,גרמים,170.00,100 גרם,false,1,4.90,2.88,true,1,
7290103126797,false,"קולגייט פרו ריליף 75 מ""ל",קולגייט פלמוליב,BR,משחת קולגייט,מיליליטרים,75.00,"100 מ""ל",false,0,23.90,31.87,true,1,
7290103129408,false,ליידי ספיד סטיק פרש אסנס,קולגייט פלמוליב,US,ליידי ספיד סטיק,גרמים,65.00,100 גרם,false,0,19.90,30.62,true,1,
7290103401382,false,קפה פלטינום אפריקאי 200,עלית,IL,קפה פלטינום,גרמים,200.00,100 גרם,false,0,25.90,12.95,true,1,
7290103401429,false,קפה פלטינום ברזילאי 200,עלית,IL,קפה פלטינום,גרמים,200.00,100 גרם,false,0,25.90,12.95,true,1,
7290103402815,false,אצבעות שוקולד+קרם חלב96ג,עלית,IL,אצבעות שוקולד,גרמים,96.00,100 גרם,false,0,7.60,7.92,true,1,
7290103404758,false,סלט כרוב אדום יום יום120,"שטראוס גרופ בע""\מ",IL,כרוב אדום אחלה,גרמים,120.00,100 גרם,false,0,4.80,4.00,true,1,
7290103408206,false,חסה ערבית שטוף250גרם,שטראוס בריאות ירקות טריי,IL,חסה ערבית250ג',גרמים,250.00,100 גרם,false,0,10.90,4.36,true,1,
7290103681173,false,"קברנה הר תבור 750 מ""ל",מיוצר על ידי יקב תבור,IL,קברנה הר תבור,מיליליטרים,750.00,"100 מ""ל",false,1,35.90,4.79,true,1,
7290103681197,false,"שיראז הר תבור 750 מ""ל",מיוצר על ידי יקב תבור,IL,יין שיראז הר,מיליליטרים,750.00,"100 מ""ל",false,1,35.90,4.79,true,1,
7290103681210,false,"שרדונה הר תבור 750 מ""ל",מיוצר על ידי יקב תבור,IL,שרדונה הר תבור,מיליליטרים,750.00,"100 מ""ל",false,1,35.90,4.79,true,1,
7290104060403,false,מסטיק מאסט בזוקה ענבים28,עלית,IL,מסטיק מאסט בזוקה,גרמים,28.00,100 גרם,false,0,4.30,15.36,true,1,
7290104061219,false,רבע לשבע אצבעות אגוז120ג,עלית,IL,רבע לשבע אגוז,גרמים,120.00,100 גרם,false,0,10.90,9.08,true,1,
7290104061417,false,חומוס עם טחינה אחלה 400ג,"שטראוס גרופ בע""\מ",IL,חומוס טחינה אחלה,גרמים,400.00,100 גרם,false,0,10.90,2.73,true,1,
7290104061431,false,חומוס עם צנובר אחלה 400ג,"שטראוס גרופ בע""\מ",IL,חומוס צנובר אחלה,גרמים,400.00,100 גרם,false,0,10.90,2.73,true,1,
7290104061448,false,חומוס עם חריף אחלה 400 ג,"שטראוס גרופ בע""\מ",IL,חומוס חריף אחלה,גרמים,400.00,100 גרם,false,0,10.90,2.73,true,1,
7290104065934,false,עלי רוקט 150גרם שטראוס,"שטראוס גרופ בע""\מ",IL,עלי רוקט 150גרם,גרמים,150.00,100 גרם,false,0,9.90,6.60,true,1,
7290104066016,false,"מילקי טופ עדשים 170 מ""ל","שטראוס גרופ בע""\מ",IL,מילקי טופ עדשים,מיליליטרים,170.00,"100 מ""ל",false,0,4.90,2.88,true,1,
7290104066566,false,טחינה אחלה 500 גרם,"שטראוס גרופ בע""\מ",IL,טחינה אחלה 500גר,גרמים,500.00,100 גרם,false,0,14.90,2.98,true,1,
7290104069680,false,עלי תרד ניו זילנדי 300ג,"שטראוס גרופ בע""\מ",IL,עלי תרד ניו זילנ,גרמים,300.00,100 גרם,false,0,14.50,4.83,true,1,
7290104500572,false,אפרופו איטליאנו 50 גרם,"אסם השקעות בע""\מ",IL,אפרופו איטליאנו,גרמים,50.00,100 גרם,false,0,5.00,10.00,true,1,
7290104504228,false,מיני דובונים 20*5 גרם,"אסם השקעות בע""\מ",IL,מיני דובונים 5יח,גרמים,100.00,100 גרם,false,0,13.90,13.90,true,1,
7290104508943,false,במבה חטיף בוטנים 200 גרם,"אסם השקעות בע""\מ",IL,במבה חטיף בוטנים,גרמים,200.00,100 גרם,false,0,8.90,4.45,true,1,
7290104570162,false,תמר כבוש500גרם,ששון,IL,תמר כבוש500גרם,גרמים,500.00,100 גרם,false,0,16.90,3.38,true,1,
7290104721533,false,רצועות פלפלים קלויים400ג,"שטראוס גרופ בע""\מ",IL,רצועות פלפלים,גרמים,400.00,100 גרם,false,0,15.90,3.98,true,1,
7290104721953,false,לקט מסולסלים350ג שטראוס,שטראוס בריאות ירקות טריי,IL,לקט מסולסלים350ג,גרמים,350.00,100 גרם,false,0,13.00,3.71,true,1,
7290104722219,false,עוגת יומולדת ק.שוקולד330,שטראוס,IL,עוגת יומולדת,גרמים,330.00,100 גרם,false,0,16.20,4.91,true,1,
7290104722530,false,תפוצ'יפס שמנת בצל 200גרם,"שטראוס פריטו ליי בע""\מ )",IL,תפוצ'יפס שמנת,גרמים,200.00,100 גרם,false,0,9.90,4.95,true,1,
7290104726262,false,דני שלוק שוקולד 125*4גרם,"שטראוס גרופ בע""\מ",IL,דני שלוק 4 יח,גרמים,500.00,100 גרם,false,0,10.90,2.18,true,1,
7290104726712,false,מארז מילקי ט.שוקולד170*8,"שטראוס גרופ בע""\מ",IL,מארז מילקי 8 יח',ליטרים,1.36,ליטר,false,0,19.90,14.63,true,1,
7290104728310,false,שמנת עמידה לקצפת38% 250מ,מחלבת יטבתה,IL,שמנת עמידה לקצפת,גרמים,250.00,100 גרם,false,0,6.18,2.47,true,1,
7290104960239,false,סבון נקה7 ארומה לבן 750מ,אמיליה קוסמטיקס,IL,תחליב רחצה נקה 7,מיליליטרים,750.00,"100 מ""ל",false,0,9.90,1.32,true,1,
7290104960246,false,תחליב רח.נקה 7  ורוד 750,אמיליה קוסמטיקס,IL,תחליב רחצה נקה 7,מיליליטרים,750.00,"100 מ""ל",false,0,9.90,1.32,true,1,
7290104960253,false,סבון נקה7 ארומה לבנדר750,אמיליה קוסמטיקס,IL,תחליב רחצה נרה 7,מיליליטרים,750.00,"100 מ""ל",false,0,9.90,1.32,true,1,
7290104960338,false,תחליב רח.נקה 7 אלוורה750,אמיליה קוסמטיקס,IL,תחליב רחצה נקה 7,מיליליטרים,750.00,"100 מ""ל",false,0,9.90,1.32,true,1,
7290104961243,false,תח.רחצה נקה7 קוקוס 750מ,אמיליה קוסמטיקס,IL,תחליב רחצה,מיליליטרים,750.00,"100 מ""ל",false,0,9.90,1.32,true,1,
7290104961250,false,תחליב רחצה נקה7 וניל 750,נקה,IL,תחליב רחצה נקה,מיליליטרים,750.00,"100 מ""ל",false,0,9.90,1.32,true,1,
7290104961885,false,"מרכך קרטין נטורל 400 מ""ל",קוסמופארם,IL,מרכך קרטין,מיליליטרים,400.00,"100 מ""ל",false,0,29.90,7.48,true,1,
7290104961892,false,"מסכת קרטין נטורל 350 מ""ל",קוסמופארם,IL,מסכת קרטין,מיליליטרים,350.00,"100 מ""ל",false,0,40.00,11.43,true,1,
7290104962110,false,"דאו.קרליין  לנערות200מ""ל",קרליין,IL,ספריי נושם,מיליליטרים,200.00,"100 מ""ל",false,0,13.90,6.95,true,1,
7290104962660,false,דאו.נושם ללא אלומיניו200,אמיליה קוסמטיקס בעמ,IL,ספריי נושם,מיליליטרים,200.00,"100 מ""ל",false,0,13.90,6.95,true,1,
7290104963001,false,מגבונים סופטקר עדין72*4,טרופיקל דגיל,IL,מגבונים סופטקר,יחידה,1.00,יחידה,false,1,17.90,17.90,true,1,
7290104963216,false,סופטקר אל סבון עדין 1 ל',נקה,IL,סופטקר אל סבון,ליטרים,1.00,ליטר,false,1,19.90,19.90,true,1,
7290105360328,false,קפסולות מס' 10 50 גרם,שטראוס קפה בי.וי.,IL,קפסולות מס' 10,גרמים,50.00,100 גרם,false,0,16.50,33.00,true,1,
7290105360335,false,קפסולות מס' 7 50 גרם,שטראוס קפה בי.וי.,IL,קפסולות מס' 7,גרמים,50.00,100 גרם,false,0,16.50,33.00,true,1,
7290105360762,false,"שמן זית 1 עדין 750 מ""ל",מכוורת יד מרדכי שטראוס ב,IL,שמן זית 1 עדין,מיליליטרים,750.00,"100 מ""ל",false,0,33.90,4.52,true,1,
7290105361707,false,כיף כף לבן 45 גרם,עלית,IL,כיף כף לבן,גרמים,45.00,100 גרם,false,0,3.90,8.67,true,1,
7290105362339,false,שמנת לבישול15%מהדרין250,מחלבת יטבתה,IL,שמנת לבישול 15%,מיליליטרים,250.00,"100 מ""ל",false,0,8.40,3.36,true,1,
7290105363602,false,כיף כף מקלות קלאסי 40 גר,שולן צ'\יקולטה גידה סאן.,TR,כיף כף מקלות,גרמים,40.00,100 גרם,false,0,4.80,12.00,true,1,
7290105364289,false,כיף כף מקלות פצפוצים40גר,שולן צ'\יקולטה גידה סאן.,TR,כיף כף מקלות,גרמים,40.00,100 גרם,false,0,4.80,12.00,true,1,
7290105364883,false,ביסקוויט עד חצות לבן200ג,עלית,IL,ביסקוויט עד חצות,גרמים,200.00,100 גרם,false,0,12.90,6.45,true,1,
7290105366023,false,חציל בטעם כבד 400 גרם,"שטראוס גרופ בע""\מ",IL,חציל בטעם כבד,גרמים,400.00,100 גרם,false,0,15.90,3.98,true,1,
7290105366047,false,טחינה לבנה 400 גרם,"שטראוס גרופ בע""\מ",IL,טחינה לבנה,גרמים,400.00,100 גרם,false,0,15.90,3.98,true,1,
7290105366993,false,סימפוניה שיפקה חריף200,שטראוס,IL,סימפוניה פלפל,גרמים,200.00,100 גרם,false,0,11.00,5.50,true,1,
7290105368225,false,חומוס עם פלפל שיפקה 400ג,שטראוס,IL,חומוס עם פלפל,גרמים,400.00,100 גרם,false,0,10.90,2.73,true,1,
7290105368294,false,שום ישראלי קלוף 120 גר י,"איקה חקלאות בע""מ",IL,שום ישראלי קלוף,גרמים,120.00,100 גרם,false,1,10.90,9.08,true,1,
7290105368904,false,"שמנת מתוקה 32% 250 מ""ל",מחלבת יטבתה,IL,שמנת מתוקה32%,מיליליטרים,250.00,"100 מ""ל",false,0,7.60,3.04,true,1,
7290105368928,false,שמנת 9% יטבתה מהדרין200מ,מחלבת יטבתה,IL,שמנת 9% יטבתה,מיליליטרים,200.00,"100 מ""ל",false,0,3.10,1.55,true,1,
7290105368959,false,פונץ בננה+פקק מהדרין250מ,מחלבת יטבתה,IL,משקה פונץ' בננה,מיליליטרים,250.00,"100 מ""ל",false,0,5.50,2.20,true,1,
7290105430458,false,סבון פלמוליב שקדים 750 מ,קולגייט פלמוליב,TR,סבון פלמוליב,מיליליטרים,750.00,"100 מ""ל",false,0,16.90,2.25,true,1,
7290105431516,false,חטיפי FREE תמר+בוטנים5יח,טבעית,IL,חטיפי FREE,גרמים,125.00,100 גרם,false,0,18.00,14.40,true,1,
7290105439499,false,מיונז מאסטר שף 481 גרם,רמיה סי.וי.הולנד,NL,מיונז מאסטר שף,גרמים,481.00,100 גרם,false,1,9.90,2.06,true,1,
7290105439505,false,קרם בטעם מיונז לייט479ג,רמיה סי.וי.הולנד,NL,קרם בטעם מיונז,גרמים,479.00,100 גרם,false,1,11.90,2.48,true,1,
7290105439581,false,חרדל דיז'ון צרפתי 370גרם,רמיה סי.וי.הולנד,FR,חרדל דיז'ון,גרמים,370.00,100 גרם,false,1,11.90,3.22,true,1,
7290105474063,false,לה קט מעדן מוס כבד 155ג,PRODUCTS FOOD HIQ,TH,לה קט מעדן כבד,גרמים,155.00,100 גרם,false,0,5.90,3.81,true,1,
7290105500151,false,וודקה פינלנדיה,,FI,וודקה פינלנדיה,מיליליטרים,700.00,"100 מ""ל",false,0,64.90,9.27,true,1,
7290105691248,false,קריספי טורטיה תירס 60 גר,"פרח תעשיות מזון בע""מ.",IL,קריספי טורטיה,גרמים,60.00,100 גרם,false,0,7.80,13.00,true,1,
7290105691415,false,בייגלה שמיניות ללא גלוטן,"אסם השקעות בע""\מ",IL,בייגלה שמיניות,גרמים,250.00,100 גרם,false,0,12.90,5.16,true,1,
7290105691934,false,"קמח שמרים 1 ק""ג",תחנת קמח המפרץ,IL,"קמח שמרים 1 ק""ג",קילוגרמים,1.00,"ק""ג",false,0,9.90,9.90,true,1,
7290105693341,false,במבה 25*10 גרם,"אסם השקעות בע""\מ",IL,במבה 10 יח,גרמים,250.00,100 גרם,false,0,14.90,5.96,true,1,
7290105694904,false,מרק פטריות רכיבים טבעיים,"אסם השקעות בע""\מ",IL,מרק פטריות,גרמים,220.00,100 גרם,false,0,17.60,8.00,true,1,
7290105694928,false,מרק בצל רכיבים טבעיים220,"אסם השקעות בע""\מ",IL,מרק בצל,גרמים,220.00,100 גרם,false,0,17.60,8.00,true,1,
7290105695024,false,פתיתים אורז ואטריות500ג,"אסם השקעות בע""\מ",IL,פתיתים אפויים,גרמים,500.00,100 גרם,false,0,6.90,1.38,true,1,
7290105695895,false,עוגת דמקה דבש 320 גרם,"אסם השקעות בע""מ",IL,עוגת דבש דמקה,גרמים,320.00,100 גרם,false,0,11.90,3.72,true,1,
7290105961525,false,שוק.ספלנדיד מריר85% 100ג,"שטראוס גרופ בע""\מ",IL,שוקולד ספלנדיד,גרמים,100.00,100 גרם,false,0,10.90,10.90,true,1,
7290105962331,false,סחוג חריף מאוד זהבי220ג,זהבי הכרם,IL,סחוג חריף זהבי,גרמים,220.00,100 גרם,false,0,11.50,5.23,true,1,
7290105964564,false,חומוס אחלה 400 גרם,"שטראוס גרופ בע""\מ",IL,סלט חומוס אחלה,גרמים,400.00,100 גרם,false,1,8.50,2.13,true,1,
7290105965493,false,ספלנדיד מריר+מוס שוק105ג,עלית,IL,ספלנדיד מריר,גרמים,105.00,100 גרם,false,1,10.90,10.38,true,1,
7290105965509,false,שוק.מריר62% +מוס גאנדויה,עלית,IL,שוקולד ספלנדיד,גרמים,105.00,100 גרם,false,1,10.90,10.38,true,1,
7290105965738,false,דנונה לשתיה תות בננה267ג,"שטראוס גרופ בע""\מ",IL,דנונה לשתיה,גרמים,267.00,100 גרם,false,0,5.00,1.87,true,1,
7290105966469,false,"חומץ בלסמי 250 מ""ל",יד מרדכי,IT,חומץ בלסמי,גרמים,250.00,100 גרם,false,0,14.70,5.88,true,1,
7290105968654,false,רביולי בטטה פרווה 400 גר,"שטראוס גרופ בע""\מ",IL,רביולי בטטה 400ג,גרמים,400.00,100 גרם,false,0,19.90,4.98,true,1,
7290105968777,false,פריכיות תחתחת שוק.מריר70,"שטראוס גרופ בע""\מ",IL,פריכיות + שוקולד,גרמים,70.00,100 גרם,false,0,7.90,11.29,true,1,
7290106268678,false,"יופ א.ד.ט לגבר 125 מ""ל",לילית בישום,IL,יופ א.ד.ט לגבר,מיליליטרים,125.00,"100 מ""ל",false,1,149.00,119.20,true,1,
7290106520066,false,רבע לשבע גלילית אגוז160ג,"הגביע מוצרי ופלים בע""\מ",IL,רבע לשבע 160 גרם,גרמים,160.00,100 גרם,false,0,10.90,6.81,true,1,
7290106520288,false,יוגורט דנונה פרו תות150ג,"שטראוס גרופ בע""\מ",IL,דנונה פרו תות,גרמים,150.00,100 גרם,false,1,4.90,3.27,true,1,
7290106520813,false,תפוצ'יפס בטעם טבעי 50*6ג,"שטראוס פריטו ליי בע""\מ )",IL,תפוצ'יפס 6 יח,גרמים,300.00,100 גרם,false,0,14.90,4.97,true,1,
7290106520905,false,סלט טורקי 400 גרם,"שטראוס גרופ בע""\מ",IL,סלט טורקי,גרמים,400.00,100 גרם,false,0,15.90,3.98,true,1,
7290106520912,false,"שמנת לבישול 9% 250 מ""ל",מחלבת יטבתה,IL,שמנת לבישול 9%,מיליליטרים,250.00,"100 מ""ל",false,0,8.40,3.36,true,1,
7290106521612,false,מאגדת טורטית 40*4 גרם,עלית,IL,טורטית 4 יחידות,גרמים,160.00,100 גרם,false,0,12.90,8.06,true,1,
7290106521650,false,מאגדת טעמי 40*4 גרם,עלית,IL,טעמי 4 יחידות,גרמים,160.00,100 גרם,false,0,12.90,8.06,true,1,
7290106523937,false,תפוצ'יפס טבעי 30*7 גרם,שטראוס,IL,תפוצ'יפס 7 יח,גרמים,210.00,100 גרם,false,0,14.10,6.71,true,1,
7290106524439,false,תפוצ'יפס פופס טבעי 60גרם,"שטראוס פריטו ליי בע""\מ )",IL,תפוצ'יפס פופס,גרמים,60.00,100 גרם,false,1,4.00,6.67,true,1,
7290106525320,false,שוקולית לאפיה 500 גרם,שטראוס קפה בי.וי.,IL,שוקולית לאפיה,גרמים,500.00,100 גרם,false,0,15.50,3.10,true,1,
7290106525399,false,קפסולות ברזיל 06 50 גרם,שטראוס קפה בי.וי.,IL,קפסולות קפה,גרמים,50.00,100 גרם,false,1,16.50,33.00,true,1,
7290106526822,false,פריכיות תחתית חלב 80גרם,"שטראוס גרופ בע""\מ",IL,פריכיות,גרמים,80.00,100 גרם,false,0,7.90,9.88,true,1,
7290106527386,false,פריכיות אנרג'י שוק.חלב70,"שטראוס גרופ בע""\מ",IL,פריכיות אנרג'י,גרמים,70.00,100 גרם,false,0,7.90,11.29,true,1,
7290106528567,false,דוריטוס גריל 185 גרם,"שטראוס פריטו ליי בע""\מ )",IL,דוריטוס גריל,גרמים,185.00,100 גרם,false,1,7.40,4.00,true,1,
7290106528628,false,דוריטוס בטעם טבעי 185גרם,"שטראוס פריטו ליי בע""\מ )",IL,דוריטוס,גרמים,185.00,100 גרם,false,1,7.40,4.00,true,1,
7290106528949,false,לקט ערוגות שטראוס 450גרם,"שטראוס גרופ בע""\מ",IL,לקט ערוגות,גרמים,450.00,100 גרם,false,0,12.90,2.87,true,1,
7290106571037,false,מאגדת גומיגם 5יח,גלידות נסטלה )נגה גלידות,IL,מאגדת גומיגם,גרמים,450.00,100 גרם,false,0,28.50,6.33,true,1,
7290106571563,false,אפרופו 200 גרם,"אסם השקעות בע""\מ",IL,אפרופו,גרמים,200.00,100 גרם,false,0,11.00,5.50,true,1,
7290106571907,false,עוגיות שוקולד צ'יפס180ג,אסם,IL,עוגיות פיטנס,גרמים,180.00,100 גרם,false,0,11.90,6.61,true,1,
7290106571921,false,עוגיות חמוציות פיטנס180ג,אסם,IL,עוגיות פיטנס,גרמים,180.00,100 גרם,false,0,11.90,6.61,true,1,
7290106572614,false,דובונים פיצה 40 גרם,"אסם השקעות בע""\מ",IL,דובונים פיצה,גרמים,40.00,100 גרם,false,0,4.30,10.75,true,1,
7290106572959,false,אפרופו קלאסי מארז 25*5גר,"אסם השקעות בע""\מ",IL,אפרופו 5 יח,גרמים,125.00,100 גרם,false,0,12.50,10.00,true,1,
7290106572997,false,"קמח שמרים לפיצה 1 ק""ג",תחנת קמח המפרץ,IL,קמח שמרים לפיצה,קילוגרמים,1.00,"ק""ג",false,0,9.90,9.90,true,1,
7290106573024,false,סירופ אננס דיאט 1 ליטר,בית השיטה,IL,סירופ אננס דיאט,ליטרים,1.00,ליטר,false,0,10.90,10.90,true,1,
7290106573086,false,קוסקוס 350*2 גרם,קוסקוס מזון,IL,קוסקוס 2 יח,גרמים,700.00,100 גרם,false,0,10.90,1.56,true,1,
7290106573277,false,חט.קריספי טאפאס זיתים150,"אסם השקעות בע""\מ",IL,חטיפי קריספי,גרמים,150.00,100 גרם,false,0,11.80,7.87,true,1,
7290106573574,false,חומוס ירושלמי צבר 400גרם,סלטי צבר,IL,חומוס צבר,גרמים,400.00,100 גרם,false,0,11.50,2.88,true,1,
7290106573628,false,חומוס עם טחינה צבר 400גר,סלטי צבר,IL,חומוס עם טחינה,גרמים,400.00,100 גרם,false,0,11.90,2.98,true,1,
7290106573642,false,חומוס צנובר צבר 400 גרם,סלטי צבר,IL,חומוס צנובר,גרמים,400.00,100 גרם,false,0,11.90,2.98,true,1,
7290106573819,false,חומוס אבו גוש 400 גרם,סלטי צבר,IL,חומוס אבו גוש,גרמים,400.00,100 גרם,false,0,11.50,2.88,true,1,
7290106575011,false,פתיתים פלוס חיטה מלאה400,"אסם השקעות בע""\מ",IL,פתיתים פלוס,גרמים,400.00,100 גרם,false,0,6.90,1.73,true,1,
7290106576513,false,חומוס צבר 400 גרם,סלטי צבר,IL,חומוס צבר,גרמים,400.00,100 גרם,false,0,9.90,2.48,true,1,
7290106576537,false,חומוס מסעדה צבר 700גרם,סלטי צבר,IL,חומוס מסעדה צבר,גרמים,700.00,100 גרם,false,0,10.90,1.56,true,1,
7290106576858,false,לה קרמריה תותים,גלידות נסטלה )נגה גלידות,IL,לה קרמריה,ליטרים,1.40,ליטר,false,0,22.90,16.36,true,1,
7290106576919,false,לה קרמריה סורבה,נסטלה,IL,לח קרמריה,ליטרים,1.40,ליטר,false,0,22.90,16.36,true,1,
7290106577282,false,טחינה צבר מרובע 400 גרם,סלטי צבר,IL,טחינה צבר,גרמים,400.00,100 גרם,false,0,12.10,3.03,true,1,
7290106577480,false,חציל על האש בטחינה400גר,סלטי צבר,IL,חציל על האש צבר,גרמים,400.00,100 גרם,false,0,12.90,3.23,true,1,
7290106577503,false,חציל במיונז מרובע 400גרם,סלטי צבר,IL,חציל במיונז צבר,גרמים,400.00,100 גרם,false,0,12.10,3.03,true,1,
7290106577541,false,כרוב אדום מרובע צבר400ג,סלטי צבר,IL,כרוב אדום צבר,גרמים,400.00,100 גרם,false,0,12.40,3.10,true,1,
7290106578821,false,עוגת שמרים שוקולד 350גרם,"אסם השקעות בע""\מ",IL,עוגת שמרים,גרמים,350.00,100 גרם,false,0,17.30,4.94,true,1,
7290106653207,false,פיתה קראנצ' זעתר 300 גרם,"שטראוס פריטו ליי בע""\מ )",IL,פיתה קראנצ',גרמים,300.00,100 גרם,false,0,13.50,4.50,true,1,
7290106653689,false,לקט לסלט אסייאתי 350גרם,שטראוס,IL,לקט לסלט אסייאתי,גרמים,350.00,100 גרם,false,1,10.90,3.11,true,1,
7290106654099,false,מילקי קייק 34*8 גרם,שטראוס,IT,מילקי קייק 8 יח',גרמים,272.00,100 גרם,false,1,20.00,7.35,true,1,
7290106654921,false,תפוציפס אקסטרא טבעי50ג,עלית,IL,תפוצ'יפס אקסטרא,גרמים,50.00,100 גרם,false,0,3.90,7.80,true,1,
7290106656260,false,פופקורן בטעם טבעי 65 גרם,"שטראוס פריטו ליי בע""\מ )",IL,פופקורן טבעי,גרמים,65.00,100 גרם,false,1,4.20,6.46,true,1,
7290106657137,false,תפוציפס אקסטרא טבעי200ג,שטראוס,IL,תפוצ'יפס אקסטרא,גרמים,200.00,100 גרם,false,0,9.90,4.95,true,1,
7290106660649,false,ציטוס בוטנים 80 גרם,"שטראוס פריטו ליי בע""\מ )",IL,ציטוס בוטנים,גרמים,80.00,100 גרם,false,1,4.50,5.63,true,1,
7290106662223,false,"אפיפיות שוקולד לל""ג400ג","שטראוס גרופ בע""\מ",IL,אפיפיות לל.גלוטן,גרמים,400.00,100 גרם,false,1,14.90,3.73,true,1,
7290106662230,false,"בפלות טוב טעם בד""צ 445גר",שטראוס,IL,בפלות טוב טעם,גרמים,445.00,100 גרם,false,1,16.50,3.71,true,1,
7290106662971,false,סוכריות ג'לית 80 גרם,שטראוס,IL,סוכריות ג'לית,גרמים,80.00,100 גרם,false,1,4.90,6.13,true,1,
7290106663008,false,פסק זמן נשנושים 130 גרם,"שטראוס גרופ בע""\מ",IL,פסק זמן נשנושים,גרמים,130.00,100 גרם,false,1,11.90,9.15,true,1,
7290106663091,false,לאבנה 9% 500 גרם,שטראוס,IL,לאבנה 9%,גרמים,500.00,100 גרם,false,1,19.50,3.90,true,1,
7290106663534,false,"רוטב מנגו קארי 310 מ""ל",בית אל מזון,IL,רוטב מנגו קארי,מיליליטרים,310.00,"100 מ""ל",false,1,15.50,5.00,true,1,
7290106663541,false,רוטב צ'ילי מתוק 320 גרם,בית אל מזון,IL,רוטב צ'ילי מתוק,מיליליטרים,320.00,"100 מ""ל",false,1,15.50,4.84,true,1,
7290106664067,false,לאבנה ש.זית וזעתר10% 400,שטראוס,IL,לאבנה שמן זית,גרמים,400.00,100 גרם,false,1,15.10,3.78,true,1,
7290106664562,false,רוטב שמנת+פטריות 9% 200מ,יטבתה,IL,רוטב שמנת פטריות,מיליליטרים,250.00,"100 מ""ל",false,1,10.90,4.36,true,1,
7290106667266,false,דוריטוס חמוץ חריף 185גרם,"שטראוס פריטו ליי בע""\מ )",IL,דוריטוס,גרמים,185.00,100 גרם,false,1,7.40,4.00,true,1,
7290106668577,false,"מיץ לימון 250 מ""ל",יד מרדכי,IT,מיץ לימון,גרמים,250.00,100 גרם,false,1,7.80,3.12,true,1,
7290106668713,false,דנונה פירות יער 3% 150גר,"שטראוס גרופ בע""\מ",IL,דנונה פירות יער,גרמים,150.00,100 גרם,false,1,3.90,2.60,true,1,
7290106669451,false,עד חצות זוג 250 גרם,עלית,FR,עד חצות זוג,גרמים,250.00,100 גרם,false,1,17.90,7.16,true,1,
7290106720626,false,ציטוס גבינה 80 גרם,"שטראוס פריטו ליי בע""\מ )",IL,ציטוס גבינה,גרמים,80.00,100 גרם,false,1,4.50,5.63,true,1,
7290106720695,false,מיקס חטיפים צהוב 182גרם,שטראוס,IL,מיקס חטיפים צהוב,גרמים,182.00,100 גרם,false,0,10.90,5.99,true,1,
7290106721531,false,דוריטוס אסייתי 70 גרם,"שטראוס פריטו ליי בע""מ )פ",IL,דוריטוס אסייתי,גרמים,70.00,100 גרם,false,0,3.60,5.14,true,1,
7290106721906,false,מסטיק בזוקה צ'יקלט 66גרם,עלית,IL,מסטיק בזוקה,גרמים,66.00,100 גרם,false,1,9.90,15.00,true,1,
7290106721913,false,מסטיק מרעננת מגדים 66גרם,עלית,IL,מסטיק מרעננת,גרמים,66.00,100 גרם,false,1,9.90,15.00,true,1,
7290106721920,false,מסטיק ספירמינט צ'יקלט66ג,עלית,IL,מסטיק ספירמינט,גרמים,66.00,100 גרם,false,1,9.90,15.00,true,1,
7290106725423,false,רבע לשבע חלבה 120 גרם,עלית,IL,רבע לשבע חלבה,גרמים,120.00,100 גרם,false,1,10.90,9.08,true,1,
7290106725874,false,"סירופ מייפל טבעי 236 מ""ל",יד מרדכי,CA,סירופ מייפל,מיליליטרים,236.00,"100 מ""ל",false,1,41.90,17.75,true,1,
7290106726161,false,דנונה פרו אפרסק2.4% 150ג,"שטראוס גרופ בע""\מ",IL,דנונה פרו אפרסק,גרמים,150.00,100 גרם,false,1,4.90,3.27,true,1,
7290106726178,false,דנונה פרו פירות יער150ג,"שטראוס גרופ בע""\מ",IL,דנונה פרו פ.יער,גרמים,150.00,100 גרם,false,1,4.90,3.27,true,1,
7290106728127,false,חלב טבעי בקבוק3.6% 1ליטר,מחלבת יטבתה,IL,חלב טבעי 3.6% 1ל,ליטרים,1.00,ליטר,false,1,7.70,7.70,true,1,
7290106729186,false,עד חצות שוק.חלב אגוז180ג,"שטראוס גרופ בע""\מ",IL,עד חצות,גרמים,180.00,100 גרם,false,1,12.90,7.17,true,1,
7290106729421,false,עוגת בראוניז טורטית380ג,"שטראוס גרופ בע""\מ",IL,עוגת בראוניז,גרמים,380.00,100 גרם,false,1,16.00,4.21,true,1,
7290106729544,false,בפלות שוקולד קראנצ'י 1קג,"שטראוס גרופ בע""\מ",IL,בפלות קראנצ'י,קילוגרמים,1.00,"ק""ג",false,1,19.90,19.90,true,1,
7290107280020,false,מטליות לחות מארז,,IL,מטליות לחות מארז,יחידה,1.00,יחידה,false,0,16.90,16.90,true,1,
7290107280068,false,תבניות אלומיניום לאפיהXL,,TR,תבניות אלומיניום,יחידה,1.00,יחידה,false,1,7.90,7.90,true,1,
7290107280075,false,תבניות אלומיניום לאפיהL,,TR,תבניות אלומיניום,יחידה,1.00,יחידה,false,1,7.90,7.90,true,1,
7290107280082,false,תבניות אלומיניום לאפיה 7,,TR,תבניות אלומיניום,יחידה,1.00,יחידה,false,1,7.90,7.90,true,1,
7290107280099,false,מגבוני נייר טואלט48*3יח,סנו,IL,מגבוני נייר לחים,יחידה,1.00,יחידה,false,0,15.90,15.90,true,1,
7290107280129,false,סושי 20שקיות אשפה XXL,סנו,IL,שקיות אשפה,יחידה,1.00,יחידה,false,1,23.90,23.90,true,1,
7290107280273,false,קרמה ק.ידיים מזין 100מל,---,IL,קרמה קרם ידיים,מיליליטרים,100.00,"100 מ""ל",false,0,8.90,8.90,true,1,
7290107280389,false,מתז ג'ט לאמבט,,IL,מתז ג'ט לאמבט,מיליליטרים,750.00,"100 מ""ל",false,0,14.90,1.99,true,1,
7290107280488,false,סנובון WAVE פרחים 45גר,סנו,PL,סנובון WAVE,גרמים,45.00,100 גרם,false,0,8.90,19.78,true,1,
7290107280495,false,סנובון WAVE לימון 45גר,סנו,PL,סנובון WAVE,גרמים,45.00,100 גרם,false,0,8.90,19.78,true,1,
7290107280501,false,סנובון WAVE אורנים 45גר,סנו,PL,סנובון WAVE,גרמים,45.00,100 גרם,false,0,8.90,19.78,true,1,
7290107280570,false,ג'ל כביסה,,IL,ג'ל כביסה,ליטרים,3.00,ליטר,false,0,29.60,9.87,true,1,
7290107280600,false,ספארק טבליות למדיח 100יח,סנו,PL,ספארק טב' למדיח,גרמים,100.00,100 גרם,false,1,59.90,59.90,true,1,
7290107280655,false,מקסימה בייבי,,IL,מקסימה בייבי,קילוגרמים,3.25,"ק""ג",false,0,31.60,9.72,true,1,
7290107280709,false,ספארק נוזל הברקה 700מל,---,IL,נוזל הברקה למדיח,מיליליטרים,700.00,"100 מ""ל",false,1,15.90,2.27,true,1,
7290107280716,false,"ספארק מלח למדיח 2 ק""ג",סנו,IL,ספארק מלח למדיח,קילוגרמים,2.00,"ק""ג",false,1,10.90,5.45,true,1,
7290107280747,false,"נוזל לכלים קלאסי 700מ""ל",סנו,IL,נוזל לכלים קלאסי,מיליליטרים,700.00,"100 מ""ל",false,0,9.90,1.41,true,1,
7290107280761,false,ספארק לכלים לימון+משאבה,סנו,IL,נוזל כלים לימון,ליטרים,1.00,ליטר,false,0,10.90,10.90,true,1,
7290107280822,false,ריצפז פרש הום ספא 2 ליטר,"סנו מפעלי ברונוס בע""\מ",IL,ריצפז פרש הום,ליטרים,2.00,ליטר,false,0,19.90,9.95,true,1,
7290107280839,false,קרם גוף קרמה לחות 500 מל,סנו,IL,קרם גוף קרמה,מיליליטרים,500.00,"100 מ""ל",false,1,22.90,4.58,true,1,
7290107640145,false,"דאו.דאב ספריי טלק 150מ""ל",יוניליוור,GB,דאודורנט דאב,מיליליטרים,150.00,"100 מ""ל",false,1,14.90,9.93,true,1,
7290107642675,false,"שמפו פינוק2ב1לגבר 700מ""ל",יוניליוור ישראל טיפוח אי,IL,שמפו פינוק לגבר,מיליליטרים,700.00,"100 מ""ל",false,1,11.90,1.70,true,1,
7290107644716,false,פינוק שמפו שמן קוקוס700מ,יוניליוור,IL,שמפו פינוק,מיליליטרים,700.00,"100 מ""ל",false,1,11.90,1.70,true,1,
7290107644730,false,פינוק רחצה שמן קוקוס700מ,יוניליוור,IL,פינוק תחליב רחצה,מיליליטרים,700.00,"100 מ""ל",false,1,10.90,1.56,true,1,
7290107645584,false,מרק עוף אמיתי ר.טבעים400,"יוניליוור ישראל מזון בע""",IL,מרק עוף אמיתי,גרמים,400.00,100 גרם,false,1,26.90,6.73,true,1,
7290107645591,false,מרק טעם עוף ר.טבעיים400ג,יוניליוור,IL,מרק טעם עוף,גרמים,400.00,100 גרם,false,1,18.50,4.63,true,1,
7290107646055,false,מרק פטריות רכ.טבעיים400ג,"יוניליוור ישראל מזון בע""",IL,מרק פטריות,גרמים,400.00,100 גרם,false,1,25.00,6.25,true,1,
7290107646062,false,מרק בצל רכיבים טבעיים400,"יוניליוור ישראל מזון בע""",IL,מרק בצל,גרמים,400.00,100 גרם,false,1,25.00,6.25,true,1,
7290107646147,false,חטיף שוגי קורנפלקס 26*6ג,יוניליוור ישראל מזון בעמ,IL,חטיפי שוגי 6 יח,גרמים,156.00,100 גרם,false,1,12.90,8.27,true,1,
7290107646154,false,חטיפי קוקומן פצפוצ 21*6ג,יוניליוור ישראל מזון בעמ,IL,חטיפי קוקומן 6יח,גרמים,126.00,100 גרם,false,1,12.90,10.24,true,1,
7290107646826,false,חטיפי שוגי שוקו 26*6גרם,יוניליוור ישראל מזון בעמ,IL,חטיפי שוגי 6 יח,גרמים,156.00,100 גרם,false,1,12.90,8.27,true,1,
7290107646901,false,רוטב עגבניות ארביאטה415ג,יוניליוור,IT,רוטב ארביאטה,גרמים,415.00,100 גרם,false,1,13.90,3.35,true,1,
7290107646918,false,רוטב עגבניות לשקשוקה415ג,יוניליוור,IT,רוטב לשקשוקה,גרמים,415.00,100 גרם,false,1,13.90,3.35,true,1,
7290107646925,false,ברנפלקס אקסטרה פייבר410ג,יוניליוור ישראל מזון בע\,IL,ברנפלקס אקסטרה,גרמים,410.00,100 גרם,false,1,24.90,6.07,true,1,
7290107647076,false,קרמיסימו תותים ושוקולד ל,שטראוס,IL,גלידת קרמיסימו,גרמים,665.00,100 גרם,false,1,18.90,2.84,true,1,
7290107647359,false,דומסטוס סבון אסלה 55*3ג,יוניליוור פולין,PL,סבון לאסלה 3 יח,גרמים,165.00,100 גרם,false,1,16.00,9.70,true,1,
7290107647366,false,דומסטוס סבון אסלה 55*3ג,יוניליוור פולין,PL,סבון לאסלה 3 יח,גרמים,165.00,100 גרם,false,1,16.00,9.70,true,1,
7290107647533,false,גודיז - שוקולד מריר ושקד,שטראוס,IL,גודיז שוקולד מרי,גרמים,280.00,100 גרם,false,1,19.90,7.11,true,1,
7290107647656,false,מאגדת מיני סולרו קוקוס א,שטראוס,IL,מאגדת מיני סולרו,גרמים,245.00,100 גרם,false,1,24.90,10.16,true,1,
7290107647694,false,קוקומן כדורים שוקולד500ג,יוניליוור ישראל מזון בעמ,IL,קוקומן כדורים,גרמים,500.00,100 גרם,false,1,21.90,4.38,true,1,
7290107647731,false,קוקומן חום לבן 375 גרם,יוניליוור ישראל מזון בעמ,IL,קוקומן חום לבן,גרמים,375.00,100 גרם,false,1,19.90,5.31,true,1,
7290107647748,false,שוגי פיצי מתיק.מעודנת500,יוניליוור ישראל מזון בעמ,IL,שוגי פיצי,גרמים,500.00,100 גרם,false,1,21.90,4.38,true,1,
7290107647755,false,קורנפלקס של אלופים 750 ג,יוניליוור,IL,קורנפלקס אלופים,גרמים,750.00,100 גרם,false,1,15.50,2.07,true,1,
7290107647762,false,"קורנפלקס אלופים 750בד""צ",יוניליוור ישראל מזון בעמ,IL,קורנפלקס אלופים,גרמים,750.00,100 גרם,false,1,15.50,2.07,true,1,
7290107647816,false,"ברנפלקס ללת""ס 500 גרם",יוניליוור ישראל מזון בעמ,IL,"ברנפלקס ללת""ס",גרמים,500.00,100 גרם,false,1,24.70,4.94,true,1,
7290107647823,false,ברנפלקס תלמה 500 גרם,יוניליוור ישראל מזון בעמ,IL,ברנפלקס תלמה,גרמים,500.00,100 גרם,false,1,22.90,4.58,true,1,
7290107647854,false,שוגי מצופים סוכר 500 גרם,יוניליוור ישראל מזון בעמ,IL,שוגי,גרמים,500.00,100 גרם,false,1,21.90,4.38,true,1,
7290107649605,false,שוק.קליק קורנפל+פיצפוצ85,יוניליוור ישראל מזון בעמ,IL,שוקולד קליק,גרמים,85.00,100 גרם,false,1,5.40,6.35,true,1,
7290107649773,false,קרמיסימו פיסטוק ושוקולד,שטראוס,IL,קרמיסימו פיסטוק,ליטרים,0.85,ליטר,false,1,18.90,22.24,true,1,
7290107649834,false,מאגדת מיניפסק זמן על מקל,שטראוס,IL,מאגדת מיני פסק,גרמים,280.00,100 גרם,false,1,29.90,10.68,true,1,
7290107870429,false,"רוטב בסיס לבישול 580 מ""ל","אסם השקעות בע""\מ",IL,רוטב בסיס לבישול,מיליליטרים,580.00,"100 מ""ל",false,0,15.90,2.74,true,1,
7290107871990,false,פסטה צינורות 500 גרם,פסטה זארה,IT,פסטה צינורות,גרמים,500.00,100 גרם,false,0,5.90,1.18,true,1,
7290107873062,false,פתי בר שוקולד מריר500גרם,"אסם השקעות בע""\מ",IL,פתיבר שוקולד,גרמים,500.00,100 גרם,false,1,10.90,2.18,true,1,
7290107875400,false,להקרמריה פיסטוק מוקה 1.4,גלידות נסטלה )נגה גלידות,IL,להקרמריה,ליטרים,1.40,ליטר,false,0,22.90,16.36,true,1,
7290107932080,false,חלב מועשר3% בקבוק 1ליטר,מחלבת יטבתה,IL,חלב מועשר 3%,ליטרים,1.00,ליטר,false,1,7.70,7.70,true,1,
7290107932134,false,חלב מועשר1% בקבוק 1ליטר,מחלבת יטבתה,IL,חלב מועשר 1%,ליטרים,1.00,ליטר,false,1,7.70,7.70,true,1,
7290107933155,false,לקט סלנובה 200גרם,שטראוס,IL,לקט סלנובה,גרמים,200.00,100 גרם,false,1,12.90,6.45,true,1,
7290107933315,false,חלב דל לקטוז בקבוק2% 1ל,מחלבת יטבתה,IL,חלבדל לקטוז 2%,ליטרים,1.00,ליטר,false,1,7.70,7.70,true,1,
7290107933643,false,משקה חלב+דגנים ובננה250מ,מחלבת יטבתה,IL,משקה חלב+דגנים,מיליליטרים,250.00,"100 מ""ל",false,1,4.80,1.92,true,1,
7290107933650,false,משקה חלב+דגנים ותות250מ,מחלבת יטבתה,IL,משקה חלב+דגנים,מיליליטרים,250.00,"100 מ""ל",false,1,4.80,1.92,true,1,
7290107934473,false,דנונה אקטיביה1.5% 150*8מ,"שטראוס גרופ בע""\מ",IL,אקטביה 1.5% 8 יח,ליטרים,1.20,ליטר,false,1,19.90,16.58,true,1,
7290107936309,false,דנונה יווני לבן 7% 130גר,"שטראוס גרופ בע""\מ",IL,דנונה יווני,גרמים,130.00,100 גרם,false,1,3.50,2.69,true,1,
7290107936460,false,דנכול בטעם מעודן 100*8גר,"שטראוס גרופ בע""\מ",IL,דנכול מעודן 8 יח,גרמים,800.00,100 גרם,false,1,29.60,3.70,true,1,
7290107936958,false,עד חצות אצבעות 125 גרם,עלית,FR,עד חצות אצבעות,גרמים,125.00,100 גרם,false,1,11.90,9.52,true,1,
7290107936965,false,עד חצות עיגולים 225 גרם,עלית,FR,עד חצות עיגולים,גרמים,230.00,100 גרם,false,1,12.90,5.61,true,1,
7290107937498,false,חרדל דיז'ון+גרגירים350ג,אי.די.סי,FR,חרדל דיז'ון,גרמים,350.00,100 גרם,false,1,12.90,3.69,true,1,
7290107937627,false,קוביות ספירמינט צנצנת58ג,אסקום קונפקשיין,DE,קוביות מסטיק,גרמים,58.00,100 גרם,false,1,9.90,17.07,true,1,
7290107937641,false,מסטיק בזוקה קוביות צנצ58,עלית,DE,קוביות מסטיק,גרמים,58.00,100 גרם,false,1,9.90,17.07,true,1,
7290107937856,false,קפסולות מס' 11 50 גרם,שטראוס קפה בי.וי.,IL,קפסולות עלית,גרמים,50.00,100 גרם,false,1,16.50,33.00,true,1,
7290107938396,false,"מארז אקטימל תות 100*8מ""ל","שטראוס בריאות בע""\מ",IL,אקטימל תות 8יח',מיליליטרים,800.00,"100 מ""ל",false,1,20.90,2.61,true,1,
7290107939027,false,גזר דק דק 250גרם,שטראוס מזון טרי שדה ניצן,IL,גזר דק דק 250גרם,גרמים,250.00,100 גרם,false,1,7.90,3.16,true,1,
7290107939881,false,דוריטוס טקסס גריל70ג,"שטראוס פריטו ליי  בע""\מ",IL,דוריטוס  גריל,גרמים,70.00,100 גרם,false,1,3.60,5.14,true,1,
7290107939959,false,דנ.פרו טריפל זירו תות150,"שטראוס גרופ בע""\מ",IL,דנונה פרו,גרמים,150.00,100 גרם,false,1,4.90,3.27,true,1,
7290107940252,false,השוקו שלי ללא תוס.סוכר1ל,מחלבת יטבתה,IL,השוקו שלי,ליטרים,1.00,ליטר,false,1,11.90,11.90,true,1,
7290107940467,false,אקטיביה 1.5% 200 גרם,"שטראוס גרופ בע""\מ",IL,אקטיביה 1.5%,גרמים,200.00,100 גרם,false,1,4.00,2.00,true,1,
7290107941266,false,שעועית אדומה מבושלת 475ג,שטראוס,ES,שעועית אדומה,גרמים,475.00,100 גרם,false,1,14.90,3.14,true,1,
7290107942447,false,ממרח פסק זמן מגדים 350גר,"שטראוס גרופ בע""\מ",IL,ממרח פסק זמן,גרמים,350.00,100 גרם,false,1,13.90,3.97,true,1,
7290107942454,false,ממרח פסק זמן מגדים700ג,"שטראוס גרופ בע""\מ",IL,ממרח פסק זמן,גרמים,700.00,100 גרם,false,1,24.90,3.56,true,1,
7290107943369,false,קוואקר שיב.שועל ל.ג511גר,קואקר אוטס,US,קוואקר ללא גלוטן,גרמים,511.00,100 גרם,false,1,18.90,3.70,true,1,
7290107944472,false,סימפוניה שום שמיר5% 200ג,"שטראוס בריאות בע""\מ",IL,גבינת סימפוניה,גרמים,200.00,100 גרם,false,1,11.00,5.50,true,1,
7290107944564,false,פתיבר מהדורת אביב 500גרם,עלית,IL,פתיבר אביב,גרמים,500.00,100 גרם,false,1,9.90,1.98,true,1,
7290107944717,false,מיני טורטית 390 גרם,"שטראוס גרופ בע""\מ",IL,מיני טורטית,גרמים,390.00,100 גרם,false,1,21.90,5.62,true,1,
7290107946193,false,חטיף שוק.חלב+עוג99קל100ג,עלית,IL,חטיף שוקולד פרה,גרמים,100.00,100 גרם,false,1,13.90,13.90,true,1,
7290107947480,false,אנרג'י מצופה שוקולד24*6ג,"שטראוס גרופ בע""\מ",IL,חטיפי אנרג'י 6יח,גרמים,144.00,100 גרם,false,1,12.80,8.89,true,1,
7290107948029,false,שוק.אקסטרה צימוק+אגוז100,"שטראוס גרופ בע""\מ",IL,שוקולד אקסטרה,גרמים,100.00,100 גרם,false,1,6.80,6.80,true,1,
7290107948487,false,שוק.חלב ניבס 99קל100'ג,"שטראוס גרופ בע""\מ",IL,שוקולד 99 קל',גרמים,100.00,100 גרם,false,1,13.90,13.90,true,1,
7290107950190,false,מעדן דיאט שוקולד מריר130,"שטראוס גרופ בע""\מ",IL,מעדן דיאט שוקולד,גרמים,130.00,100 גרם,false,1,3.30,2.54,true,1,
7290107950206,false,מעדן דיאט שוקולד 130 גרם,"שטראוס גרופ בע""\מ",IL,מעדן דיאט שוקולד,גרמים,130.00,100 גרם,false,1,3.30,2.54,true,1,
7290107951104,false,בפלות ט.שוקולד ארוכ200גר,"שטראוס גרופ בע""\מ",IL,בפלות טעם שוקולד,גרמים,200.00,100 גרם,false,1,4.90,2.45,true,1,
7290107951395,false,משקה פרו וניל יטבתה250מ,מחלבת יטבתה,IL,משקה פרו וניל,מיליליטרים,250.00,"100 מ""ל",false,1,5.00,2.00,true,1,
7290107951401,false,משקה פרו קפה יטבתה250מ,מחלבת יטבתה,IL,משקה פרו קפה,מיליליטרים,250.00,"100 מ""ל",false,1,5.00,2.00,true,1,
7290107951548,false,שוקולד בלונדי שקדים100ג,"שטראוס גרופ בע""\מ",IL,שוקולד בלונדי,גרמים,100.00,100 גרם,false,1,7.60,7.60,true,1,
7290107951623,false,שוק.בלונדי קרמל ומלח100ג,"שטראוס גרופ בע""\מ",IL,שוקולד בלונדי,גרמים,100.00,100 גרם,false,1,7.60,7.60,true,1,
7290107951630,false,שוק.בלונדי שבבי קוקוס100,"שטראוס גרופ בע""\מ",IL,שוקולד בלונדי,גרמים,100.00,100 גרם,false,1,7.60,7.60,true,1,
7290107953559,false,קפה טורקי לדרך 24 * 7 גר,שטראוס קפה בי.וי.,IL,קפה טורקי לדרך,גרמים,168.00,100 גרם,false,1,18.90,11.25,true,1,
7290107953788,false,טוויסט נשנושים 130 גרם,"שטראוס גרופ בע""\מ",IL,טוויסט נשנושים,גרמים,130.00,100 גרם,false,1,11.90,9.15,true,1,
7290107954457,false,בראוניז פסק זמן 380 גרם,שטראוס,IL,בראוניז פסק זמן,גרמים,380.00,100 גרם,false,1,16.00,4.21,true,1,
7290107954976,false,משקה פרו קפה יטבתה350מ,מחלבת יטבתה,IL,משקה פרו קפה,מיליליטרים,350.00,"100 מ""ל",false,1,6.50,1.86,true,1,
7290107955768,false,"שוקולד פרה חלב ללת""ס100ג",שטראוס,IL,"שוקולד פרה ללת""ס",גרמים,100.00,100 גרם,false,1,8.50,8.50,true,1,
7290107955805,false,שוק.חלב מתיקות מעודנת100,"שטראוס גרופ בע""\מ",IL,שוקולד חלב,גרמים,100.00,100 גרם,false,1,8.90,8.90,true,1,
7290107955812,false,שוק.אגוז מתוק מעודן100גר,"שטראוס גרופ בע""\מ",IL,שוקולד אגוז,גרמים,100.00,100 גרם,false,1,8.90,8.90,true,1,
7290107955829,false,שוק.קוקוס מתוק מעודן100ג,"שטראוס גרופ בע""\מ",IL,שוקולד קוקוס,גרמים,100.00,100 גרם,false,1,8.90,8.90,true,1,
7290107956642,false,"תרסיס שמן זית 150 מ""ל",סובנה,ES,תרסיס שמן זית,מיליליטרים,150.00,"100 מ""ל",false,1,17.90,11.93,true,1,
7290107956826,false,עוגיות שוקוצ'יפס לבן180ג,"שטראוס גרופ בע""\מ",IL,עוגיות שוקוצ'יפס,גרמים,180.00,100 גרם,false,1,8.90,4.94,true,1,
7290107956833,false,עוגיות שוקוצ'יפס חלב180ג,"שטראוס גרופ בע""\מ",IL,עוגיות שוקוצ'יפס,גרמים,180.00,100 גרם,false,1,8.90,4.94,true,1,
7290107956895,false,קפסולות אספרסו קרמל50גרם,שטראוס קפה בי.וי.,IL,קפסולות אספרסו,גרמים,50.00,100 גרם,false,1,16.50,33.00,true,1,
7290107956925,false,קפסולות אוגנדה 13 50 גרם,שטראוס קפה בי.וי.,IL,קפסולות קפה,גרמים,50.00,100 גרם,false,1,16.50,33.00,true,1,
7290107956932,false,קפסולות אינדונזיה מס12,שטראוס קפה בי.וי.,IL,קפסולות אינדונזי,גרמים,50.00,100 גרם,false,1,16.50,33.00,true,1,
7290107957069,false,מסטיק עלמה אוכמניות66גרם,"שטראוס גרופ בע""\מ",IL,מסטיק עלמה,גרמים,66.00,100 גרם,false,1,9.90,15.00,true,1,
7290107957076,false,מסטיק עלמה ספירמינט66ג,"שטראוס גרופ בע""\מ",IL,מסטיק עלמה,גרמים,66.00,100 גרם,false,1,9.90,15.00,true,1,
7290107957908,false,דנונה פרו פאוצ' תות 150ג,"שטראוס בריאות בע""\מ",IL,דנונה פרו פאוצ',גרמים,150.00,100 גרם,false,1,6.90,4.60,true,1,
7290107957991,false,מיני מילקי קייק 144 גרם,בובארד איטליה אס.פי.איי,IT,מארז מיני מילקי,גרמים,144.00,100 גרם,false,1,14.90,10.35,true,1,
7290107958035,false,דנונה מתיקות מעודנת150*8,"שטראוס בריאות בע""\מ",IL,דנונה מעודן 8 יח,קילוגרמים,1.20,"ק""ג",false,1,18.50,15.42,true,1,
7290107958042,false,דבש+תמצית צ'ילי חריף230ג,מכוורת יד מרדכי שטראוס ב,IL,דבש צ'ילי חריף,גרמים,230.00,100 גרם,false,1,15.90,6.91,true,1,
7290107958639,false,מטבוחה מרוקאית חריפה400ג,"שטראוס גרופ בע""\מ",IL,מטבוחה,גרמים,400.00,100 גרם,false,1,15.90,3.98,true,1,
7290107959032,false,מעדן SOOM טחינה נוגט125ג,"שטראוס גרופ בע""\מ",IL,מעדן טחינה SOOM,גרמים,125.00,100 גרם,false,1,4.20,3.36,true,1,
7290107959049,false,מעדן SOOM טחינה וניל125ג,"שטראוס גרופ בע""\מ",IL,מעדן טחינה SOOM,גרמים,125.00,100 גרם,false,1,4.20,3.36,true,1,
7290107959056,false,מעדן SOOMטחינה שוקולד125,"שטראוס גרופ בע""\מ",IL,מעדן טחינה SOOM,גרמים,125.00,100 גרם,false,1,4.20,3.36,true,1,
7290107972307,false,קולגייט אופטיק וויטן75מל,קולגייט פלמוליב,PL,קולגייט אופטיק,מיליליטרים,75.00,"100 מ""ל",false,1,29.90,39.87,true,1,
7290107973014,false,סב.ידיים פלמוליב דבש300מ,"ש. שסטוביץ בע""\מ",TR,סבון ידיים,מיליליטרים,300.00,"100 מ""ל",false,1,8.90,2.97,true,1,
7290107973038,false,פלמוליב סב.אקווריום300מל,קולגייט פלמוליב,IT,סבון פלמוליב,מיליליטרים,300.00,"100 מ""ל",false,1,8.90,2.97,true,1,
7290107973809,false,קוביות עגבניות 400 גרם,פראנו אנריקו ופיגלי,IT,קוביות עגבניות,גרמים,400.00,100 גרם,false,1,5.90,1.48,true,1,
7290107973861,false,עגבניות קצוצות דק 400*3ג,קונסורזיו קאסאלאסקו,IT,עגבניות קצוצות3י,קילוגרמים,1.20,"ק""ג",false,1,16.90,14.08,true,1,
7290107974806,false,"אורז בסמטי מאסטר שף 1ק""ג",דווה סינג שיהם,IN,אורז בסמטי,קילוגרמים,1.00,"ק""ג",false,1,11.90,11.90,true,1,
7290107974820,false,ממרח מתובל ספייסי 250גרם,רמיה סי.וי.הולנד,NL,ממרח מתובל ספייס,גרמים,250.00,100 גרם,false,1,7.90,3.16,true,1,
7290107974837,false,ממרח מתובל שום 250 גרם,רמיה סי.וי.הולנד,NL,ממרח מתובל שום,גרמים,250.00,100 גרם,false,1,7.90,3.16,true,1,
7290107975094,false,שימורי גרגירי חומוס400ג,פראנו אנריקו ופיגלי,IT,חומוס גרגירים,גרמים,400.00,100 גרם,false,1,6.90,1.73,true,1,
7290107975940,false,שימורי עדשים ירוקות400ג,פראנו אנריקו ופיגלי,IT,עדשים ירוקות,גרמים,400.00,100 גרם,false,1,6.90,1.73,true,1,
7290107976725,false,"רוטב סויה דל נתרן 620מ""ל",מסוונג רונרוג,TH,רוטב סויה,מיליליטרים,620.00,"100 מ""ל",false,1,15.90,2.56,true,1,
7290107976848,false,סבון פלמוליב קמומיל90*4,קולגייט-פלמוליב,TR,סבון פלמוליב 4יח,גרמים,380.00,100 גרם,false,1,16.80,4.42,true,1,
7290107976855,false,סב.נוזלי לומינוס אבק500מ,קולגייט פלמוליב,TR,סבון נוזלי,מיליליטרים,500.00,"100 מ""ל",false,1,18.90,3.78,true,1,
7290107976862,false,סב.נוזלי לומינוס מקד500מ,קולגייט פלמוליב,TR,סבון נוזלי,מיליליטרים,500.00,"100 מ""ל",false,1,18.90,3.78,true,1,
7290107977456,false,ג'ל רחצה פלמוליב לגבר750,---,TR,ג'ל רחצה פלמוליב,מיליליטרים,750.00,"100 מ""ל",false,1,16.90,2.25,true,1,
7290107978101,false,אופטיק וייט אקסטרה 75מל,קולגייט,PL,משחת אופטיק וייט,מיליליטרים,75.00,"100 מ""ל",false,1,29.90,39.87,true,1,
7290107978378,false,רסק עגבניות 140*3 גרם,ג'יאגוארז ס.פ.א,IT,רסק עגבניות 3 יח,גרמים,420.00,100 גרם,false,1,9.90,2.36,true,1,
7290107978453,false,קראנצ'וס גריל 70 גרם,מנה,IL,קראנצ'וס גריל,גרמים,70.00,100 גרם,false,1,4.30,6.14,true,1,
7290107978637,false,"משחת מרידול 75 מ""ל",קולגייט פלמוליב,PL,משחת מרידול,מיליליטרים,75.00,"100 מ""ל",false,1,15.90,21.20,true,1,
7290108200188,false,גולד ג'ל מסיר כתמים 940,רקיט בנקיזר,IT,וניש גולד ג'ל,מיליליטרים,940.00,"100 מ""ל",false,1,19.70,2.10,true,1,
7290108200201,false,גולד להסרת כתמים 1.35קג,רקיט בנקיזר,IT,גולד אבקה,קילוגרמים,1.35,"ק""ג",false,1,31.90,23.63,true,1,
7290108201543,false,וניש  גולד 2 ליטר,רקיט בנקיזר,IT,וניש גולד,ליטרים,2.00,ליטר,false,1,26.90,13.45,true,1,
7290108201871,false,קולון ג'ל קאפס 42 יחידות,רקיט בנקיזר,IT,קולון ג'ל קאפס,יחידה,1.00,יחידה,false,1,39.90,39.90,true,1,
7290108350128,false,40שק.אשפה חזקות אקסטרה,סנו,IL,שקיות אשפה,יחידה,1.00,יחידה,false,1,23.90,23.90,true,1,
7290108350210,false,30שקיות אשפה חזקות75*65ס,סנו,IL,שקיות אשפה חזקות,יחידה,1.00,יחידה,false,1,24.90,24.90,true,1,
7290108350531,false,ספארק לכלים קלאסי+משאבה,סנו מפעלי ברונוס בעמ,IL,ספארק לכלים,ליטרים,1.00,ליטר,false,1,10.90,10.90,true,1,
7290108350586,false,ספארק נוזל לכלים 1.5 ל',"סנו מפעלי ברונוס בע""\מ",IL,ספארק נוזל לכלים,ליטרים,1.50,ליטר,false,1,13.90,9.27,true,1,
7290108350616,false,מרכך מקסימה בלו 1 ליטר,"סנו מפעלי ברונוס בע""\מ",IL,מרכך מקסימה,ליטרים,1.00,ליטר,false,1,15.90,15.90,true,1,
7290108350623,false,מרכך מקסימה סופט סילק1ל,"סנו מפעלי ברונוס בע""\מ",IL,מרכך מקסימה,ליטרים,1.00,ליטר,false,1,15.90,15.90,true,1,
7290108350968,false,דאו.קרמה אנטיפרספירט 150,קוסמופארם,IL,דאודורנט קרמה,מיליליטרים,150.00,"100 מ""ל",false,1,15.80,10.53,true,1,
7290108351156,false,סנו ג'ט רצפות חומץ 1.5ל,"סנו מפעלי ברונוס בע""\מ",IL,סנו ג'ט פלוס,ליטרים,1.50,ליטר,false,1,14.90,9.93,true,1,
7290108351507,false,מרכך כביסה סופט סליק 4 ל,סנו,IL,מרכך מקסימה,ליטרים,4.00,ליטר,false,1,19.90,4.98,true,1,
7290108351583,false,סנו ג'ט מנקה אסלות 750מל,סנו מפעלי ברונו בעמ,IL,סנו ג'ט לאסלות,מיליליטרים,750.00,"100 מ""ל",false,1,9.90,1.32,true,1,
7290108351590,false,"סנופרש הום בלוסם 350 מ""ל",סנו,IL,סנופרש בלוסם,מיליליטרים,350.00,"100 מ""ל",false,1,10.90,3.11,true,1,
7290108351613,false,ריצפז פרש הום בית מלון2ל,"סנו מפעלי ברונוס בע""\מ",IL,ריצפז פרש הום,ליטרים,2.00,ליטר,false,1,19.90,9.95,true,1,
7290108351637,false,"א.כ.מקסימה סמארט 5 ק""ג",סנו,IL,אבקת כביסה,קילוגרמים,5.00,"ק""ג",false,1,49.90,9.98,true,1,
7290108351767,false,סנו פרש אוטמטי+מילוי,סנו,IL,סנו פרש אוטומטי,מיליליטרים,250.00,"100 מ""ל",false,1,46.90,18.76,true,1,
7290108351804,false,מרכך כביסה ג'נטל בריז 1ל,סנו מפעלי ברונוס בעמ,IL,מרכך מקסימה,ליטרים,1.00,ליטר,false,1,15.90,15.90,true,1,
7290108351811,false,מרכך כביסה פלורל טאצ1ל,סנו מפעלי ברונוס בעמ,IL,מרכך מקסימה,ליטרים,1.00,ליטר,false,1,15.90,15.90,true,1,
7290108351927,false,ספארק טבליות למדיח 70 יח,גרופה אינקו,PL,טבליות למדיח,יחידה,1.00,יחידה,false,1,49.90,49.90,true,1,
7290108351941,false,רינגס סב.אסלה-יערות40*3ג,SWARZEDZ DRAMERSSA,PL,סבון אסלה 3 יח,גרמים,120.00,100 גרם,false,1,15.00,12.50,true,1,
7290108351958,false,רינגס סב.אסלה-אוקיינוס3י,סנו מפעלי ברונוס בעמ,PL,סבון אסלה 3 יח,גרמים,120.00,100 גרם,false,1,15.00,12.50,true,1,
7290108352641,false,מטלית הפלא 3 יחידות,,CN,מטליות הפלא 3 יח,יחידה,1.00,יחידה,false,1,14.90,14.90,true,1,
7290108352672,false,מטליות לרצפה סנו סושי2יח,,CN,מטליות לרצפה 2יח,יחידה,1.00,יחידה,false,1,19.90,19.90,true,1,
7290108352801,false,100שקיות אשפה-פחים קטנים,"סנו מפעלי ברונוס בע""מ",IL,שקיות אשפה 100יח,יחידה,1.00,יחידה,false,1,18.90,18.90,true,1,
7290108352894,false,סנו סושי מפת שולחן חגיגי,שואוגאנג,CN,מפת שולחן חגיגית,יחידה,1.00,יחידה,false,1,10.00,10.00,true,1,
7290108353044,false,סנו סושי - תבניות אפייה,גיינגין נייס,CN,תבניות אפייה מני,יחידה,1.00,יחידה,false,1,12.90,12.90,true,1,
7290108353068,false,2כרית קרצוף סיבי נירוסטה,פושן קלינינג,CN,כריות קרצוף 2 יח,יחידה,1.00,יחידה,false,1,11.90,11.90,true,1,
7290108353082,false,ממחטות סופט נשלפות 120יח,סנו מפעלי ברונוס בעמ,IL,ממחטות  דו שכבתי,יחידה,1.00,יחידה,false,1,12.80,12.80,true,1,
7290108353099,false,ממחטות אף סופט 5 * 100יח,איימי פייפר,CN,ממחטות סופט מארז,יחידה,1.00,יחידה,false,1,14.50,14.50,true,1,
7290108354751,false,סנו ג'ט בתוספת סודה750מל,סנו,IL,סנו ג'ט עם סודה,מיליליטרים,750.00,"100 מ""ל",false,1,15.90,2.12,true,1,
7290108354874,false,סבון קרמה מאסק 100*4 גרם,גליל כימיקלים בעמ,IL,סבון מאסק 4 יח,גרמים,400.00,100 גרם,false,1,12.90,3.23,true,1,
7290108355147,false,תחליב רחצה שמני הזנה 750,אמיליה קוסמטיקס,IL,תחליב רחצה נקה 7,מיליליטרים,750.00,"100 מ""ל",false,1,9.90,1.32,true,1,
7290108355192,false,"מרכך קרטין נטורל 400 מ""ל",קוסמופארם,IL,מרכך נטורל פורמו,מיליליטרים,400.00,"100 מ""ל",false,1,29.90,7.48,true,1,
7290108355253,false,נקה -7ג'ל רחצה לגבר 750,קוסמופארם,IL,נקה -7ג'ל רחצה,מיליליטרים,750.00,"100 מ""ל",false,1,10.90,1.45,true,1,
7290108356045,false,כיף תחליב רחצה גלידה 700,קוסמופארם,IL,כיף תחליב רחצה,מיליליטרים,700.00,"100 מ""ל",false,1,12.90,1.84,true,1,
7290108356083,false,כיף תחליב רחצה סורבה700,קוסמופארם,IL,כיף תחליב רחצה,מיליליטרים,700.00,"100 מ""ל",false,1,12.90,1.84,true,1,
7290108356106,false,כיף תחליב רחצה שקדים700מ,קוסמופארם,IL,כיף תחליב רחצה,מיליליטרים,700.00,"100 מ""ל",false,1,12.90,1.84,true,1,
7290108356113,false,כיף תחליב רח.חלב ודבש700,קוסמופארם,IL,כיף תחליב רחצה,מיליליטרים,700.00,"100 מ""ל",false,1,12.90,1.84,true,1,
7290108356120,false,כיף תחליב רחצה קוקוס700,קוסמופארם,IL,כיף תחליב רחצה,מיליליטרים,700.00,"100 מ""ל",false,1,12.90,1.84,true,1,
7290108356137,false,כיף תחליב רחצה לבנדר700מ,קוסמופארם,IL,כיף תחליב רחצה,מיליליטרים,700.00,"100 מ""ל",false,1,12.90,1.84,true,1,
7290108356151,false,כיף תחליב רחצה מאסק700מ,קוסמופארם,IL,כיף תחליב רחצה,מיליליטרים,700.00,"100 מ""ל",false,1,12.90,1.84,true,1,
7290108356168,false,כיף תחליב רח.אוקיינוס700,קוסמופארם,IL,כיף תחליב רחצה,מיליליטרים,700.00,"100 מ""ל",false,1,12.90,1.84,true,1,
7290108357707,false,כיף שמפו לשיער רגיל 700מ,קוסמופארם,IL,כיף שמפו,מיליליטרים,700.00,"100 מ""ל",false,1,12.90,1.84,true,1,
7290108357714,false,כיף שמפו לשיער יבש700מ,קוסמופארם,IL,כיף שמפו,מיליליטרים,700.00,"100 מ""ל",false,1,12.90,1.84,true,1,
7290108357745,false,"כיף 2ב1 שמפו ומרכך 700מ""",קוסמופארם,IL,כיף 2in1 שמפו,מיליליטרים,700.00,"100 מ""ל",false,1,12.90,1.84,true,1,
7290108357769,false,כיף מרכך לשיער רגיל700מל,קוסמופארם,IL,כיף מרכך שיער,מיליליטרים,700.00,"100 מ""ל",false,1,12.90,1.84,true,1,
7290108357776,false,כיף מרכך לשיער יבש 700מל,קוסמופארם,IL,כיף מרכך שיער,מיליליטרים,700.00,"100 מ""ל",false,1,12.90,1.84,true,1,
7290108357806,false,כיף מרכך לשיער מעוצב 700,קוסמופארם,IL,כיף מרכך שיער,מיליליטרים,700.00,"100 מ""ל",false,1,12.90,1.84,true,1,
7290108359879,false,בייבי כיף אל סבון 750מ,קוסמופארם,IL,בייבי כיף אלסבון,מיליליטרים,750.00,"100 מ""ל",false,1,17.90,2.39,true,1,
7290108501353,false,אנשובי אמיתי ארוך בשמן45,קונסרבאס סילביה,IT,פילה אנשובי בשמן,גרמים,45.00,100 גרם,false,1,7.40,16.44,true,1,
7290108501599,false,משקה סויה 1 ליטר,פוד אס,IT,משקה סויה,ליטרים,1.00,ליטר,false,1,11.90,11.90,true,1,
7290108501612,false,משקה שקדים 1 ליטר,---,IT,משקה שקדים,ליטרים,1.00,ליטר,false,1,12.90,12.90,true,1,
7290108501629,false,משקה אורז  1 ליטר,---,IT,משקה אורז,ליטרים,1.00,ליטר,false,1,11.90,11.90,true,1,
7290108501797,false,ממרח חמאה מליחות עדין500,---,IE,ממרח חמאה,גרמים,500.00,100 גרם,false,1,25.90,5.18,true,1,
7290108501919,false,פסטה PRO פנה 500 גרם,---,TR,פסטה PRO,גרמים,500.00,100 גרם,false,1,6.90,1.38,true,1,
7290108501964,false,חטיף אגוז וצימוק 35*4גרם,פודס,GR,חטיף הפי נאטס4יח,גרמים,140.00,100 גרם,false,1,14.90,10.64,true,1,
7290108501971,false,חטיף בוטנים ומשמש 35*4גר,פודס,GR,חטיף הפי נאטס4יח,גרמים,140.00,100 גרם,false,1,14.90,10.64,true,1,
7290108501988,false,חטיף שקדים וחמוציות35*4ג,פודס,GR,חטיף הפי נאטס4יח,גרמים,140.00,100 גרם,false,1,14.90,10.64,true,1,
7290108502220,false,"פחם אקולוגי 2 ק""ג",גלו,ZA,פחם אקולוגי,קילוגרמים,2.00,"ק""ג",false,1,14.90,7.45,true,1,
7290108502503,false,גיוזה עם עוף 250 ג,---,IL,גיוזה עם עוף,גרמים,250.00,100 גרם,false,1,25.90,10.36,true,1,
7290108502732,false,"אורז PRO  בסמטי 1 ק""ג",אל.טי.פודס בעמ,IN,אורז בסמטי,קילוגרמים,1.00,"ק""ג",false,1,12.90,12.90,true,1,
7290108502985,false,"תפוחונים תפו""ע מיובשים22",הביי דונגפנג פוד קו. בעמ,CN,"תפוחונים תפו""ע מ",גרמים,22.00,100 גרם,false,1,4.50,20.45,true,1,
7290108504347,false,עלי גפן ממולא פיקנטי400ג,הזה פלאקספו,CN,גלי גפן ממולאים,גרמים,400.00,100 גרם,false,1,8.90,2.23,true,1,
7290109351025,false,חומוסטחינה צבר 400 גרם,סלטי צבר,IL,חומוסטחינה צבר,גרמים,400.00,100 גרם,false,1,14.10,3.53,true,1,
7290109351186,false,אטריות דקיקות25%תוספת500,פסטה זארה,IT,אטריות דקיקות,גרמים,500.00,100 גרם,false,1,6.90,1.38,true,1,
7290109351315,false,אח של ביסלי סלסה 70 גרם,אסם,IL,אח של ביסלי סלסה,גרמים,70.00,100 גרם,false,1,4.40,6.29,true,1,
7290109351971,false,פיטנס פריכיות שוק.חלב84ג,CA,IL,פיטנס בר פריכיות,גרמים,84.00,100 גרם,false,1,13.90,16.55,true,1,
7290109352916,false,פיטנס פריכיות שוק.לבן84ג,כרמית,IL,פיטנס בר פריכיות,גרמים,84.00,100 גרם,false,1,13.90,16.55,true,1,
7290109353395,false,קמח שמרים ללא גלוטן350גר,אסם,IL,קמח שמרים,גרמים,350.00,100 גרם,false,1,12.50,3.57,true,1,
7290109353753,false,ספירלי טריו פרפקטו 500גר,פסטה זארה,IT,פסטה ספירלי טריו,גרמים,500.00,100 גרם,false,1,6.90,1.38,true,1,
7290109354019,false,מנה חמה קוסקוס+עדשים87ג,אסם,IL,מנה חמה קוסקוס,גרמים,87.00,100 גרם,false,1,5.90,6.78,true,1,
7290109354101,false,לחמית ללא גלוטן 200 גרם,אסם,IL,לחמית ללא גלוטן,גרמים,200.00,100 גרם,false,1,10.90,5.45,true,1,
7290109354828,false,חומוס מהדורה מיוחדת 600,סלטי צבר,IL,סלט חומוס,גרמים,600.00,100 גרם,false,1,8.90,1.48,true,1,
7290109354880,false,חומוס+טחינה גר.חומוס375ג,סלטי צבר,IL,צבר חומוס,גרמים,375.00,100 גרם,false,1,12.90,3.44,true,1,
7290109354972,false,פתי בר ל.גלוטן קלאסי200ג,"אסם השקעות בע""\מ",IL,פתי בר ללא גלוטן,גרמים,200.00,100 גרם,false,1,11.90,5.95,true,1,
7290109358116,false,ויטמינצ'יק אננס 2 ליטר,בית השיטה,IL,ויטמינצ'יק אננס,ליטרים,2.00,ליטר,false,1,23.90,11.95,true,1,
7290109358284,false,שניצל תירס עם חלבון 664,אסם,IL,שניצל תירס,גרמים,664.00,100 גרם,false,1,29.90,4.50,true,1,
7290109358482,false,קרמוגית במילוי חלבה200גר,"הגביע מוצרי וופלים בע""\מ",IL,קרמוגית חלבה,גרמים,200.00,100 גרם,false,1,10.90,5.45,true,1,
7290109358543,false,פסטה מסולסלים פלוס 400גר,פסטה זארה,IT,פסטה מסולסלים,גרמים,400.00,100 גרם,false,1,5.90,1.48,true,1,
7290109358604,false,קוסקוס פלוס סיבים 330גרם,אסם,IL,קוסקוס + סיבים,גרמים,330.00,100 גרם,false,1,7.90,2.39,true,1,
7290109358765,false,קראנץ' רולס 450 גרם,"אסם השקעות בע""\מ",IL,קראנץ' רולס,גרמים,450.00,100 גרם,false,1,23.90,5.31,true,1,
7290109920320,false,משמיד עובש אסטוניש 750מל,אסטוניש,GB,משמיד עובש,מיליליטרים,750.00,"100 מ""ל",false,1,11.90,1.59,true,1,
7290109920603,false,אסטוניש קרם למטבח 500 מל,אסטוניש,GB,אסטוניש קרם,מיליליטרים,500.00,"100 מ""ל",false,1,11.90,2.38,true,1,
7290109920665,false,אסטוניש מס.אוכל שרוף750מ,אסטוניש -לידס,GB,מסיר אוכל שרוף,מיליליטרים,750.00,"100 מ""ל",false,1,11.90,1.59,true,1,
7290110110420,false,פריגת צלול תפוחים1.5ליטר,"מבשלות בירה לישראל בע""מ",IL,פריגת צלול תפוח,ליטרים,1.50,ליטר,false,1,6.70,4.47,true,1,
7290110110437,false,פריגת צלול אפרסק 1.5ליטר,מבשלות בירה בינלאומיות ב,IL,פריגת צלול אפרסק,ליטרים,1.50,ליטר,false,1,6.70,4.47,true,1,
7290110110444,false,פריגת צלול אננס 1.5 ליטר,"מבשלות בירה לישראל בע""מ",IL,פריגת צלול אננס,ליטרים,1.50,ליטר,false,1,6.70,4.47,true,1,
7290110110581,false,קולה זירו נטול קפאין1.5ל,החברה המרכזית לייצור משק,IL,קולה זירו נטול,ליטרים,1.50,ליטר,false,1,6.70,4.47,true,1,
7290110110598,false,קולה זירו לימון 1.5 ליטר,החברה המרכזית לייצור משק,IL,קולה זירו לימון,ליטרים,1.50,ליטר,false,1,6.70,4.47,true,1,
7290110110611,false,ספרייט ליים 1.5 ליטר,---,IL,ספרייט ליים,ליטרים,1.50,ליטר,false,1,6.70,4.47,true,1,
7290110110628,false,ספרייט ליים 1.5*6 ליטר,---,IL,ספרייט ליים 6 יח,ליטרים,9.00,ליטר,false,1,36.90,4.10,true,1,
7290110110659,false,ספרייט ליים פחית 330מ,החברה המרכזית לייצור משק,IL,ספרייט ליים פחית,מיליליטרים,330.00,"100 מ""ל",false,1,5.00,1.52,true,1,
7290110110758,false,פיוז טי גרין לימ.נענ1.5ל,מבשלות בירה בינלאומיות ב,IL,פיוז טי לימון,ליטרים,1.50,ליטר,false,1,6.90,4.60,true,1,
7290110111687,false,פריגת צלול מנגו 1.5 ליטר,"מבשלות בירה לישראל בע""\מ",IL,פריגת צלול מנגו,ליטרים,1.50,ליטר,false,1,6.70,4.47,true,1,
7290110111724,false,מאלטי 3 דגנים 1.5 ליטר,מבשלות בירה בינלאומיות ב,IL,מאלטי 3 דגנים,מיליליטרים,1500.00,"100 מ""ל",false,1,7.60,0.51,true,1,
7290110112257,false,קוקה קולה עם קפה פחית250,החברה המרכזית לייצור משק,IL,קוקה קולה עם קפה,מיליליטרים,250.00,"100 מ""ל",false,1,5.00,2.00,true,1,
7290110112332,false,פריגת אננס לימון 1.5ליטר,מבשלות בירה בינלאומיות ב,IL,פריגת אננס לימון,ליטרים,1.50,ליטר,false,1,6.70,4.47,true,1,
7290110320591,false,בולגרית16%במרקם מעודן250,תנובה,IL,גבינה בולגרית,גרמים,250.00,100 גרם,false,1,23.70,9.48,true,1,
7290110320867,false,פתיתי עמק 28% 500גרם,תנובה,IL,פתיתי עמק,גרמים,500.00,100 גרם,false,1,34.90,6.98,true,1,
7290110321031,false,יופלהGOמועשר בחלבון 200ג,תנובה,IL,יופלה GO יוגורט,גרמים,200.00,100 גרם,false,1,5.60,2.80,true,1,
7290110321048,false,יופלהGO מתיקות מעודנ200ג,---,IL,יופלה GO יוגורט,גרמים,200.00,100 גרם,false,1,5.60,2.80,true,1,
7290110321277,false,קוטג' בקטנה 5% 100 גרם,תנובה,IL,קוטג' בקטנה 5%,גרמים,100.00,100 גרם,false,1,2.60,2.60,true,1,
7290110321284,false,קוטג' בקטנה 9% 100 גרם,תנובה,IL,קוטג' בקטנה 9%,גרמים,100.00,100 גרם,false,1,2.60,2.60,true,1,
7290110321680,false,יופלה GO תות 200 גרם,מחלבת אלון תבור,IL,יופלה GO יוגורט,גרמים,200.00,100 גרם,false,1,5.70,2.85,true,1,
7290110321703,false,יופלה GO פירות יער 200 ג,"תנובה בע""מ",IL,יופלה GO יוגורט,גרמים,200.00,100 גרם,false,1,5.70,2.85,true,1,
7290110322014,false,טופו בטעם טבעי 300 גרם,א.י.ן תעשיות,IL,טופו טבעי300 גרם,גרמים,300.00,100 גרם,false,1,12.50,4.17,true,1,
7290110322946,false,יופלה טיוב תות בננה58*6ג,תנובה בעמ,IL,יופלה טיוב 6 יח,גרמים,348.00,100 גרם,false,1,11.90,3.42,true,1,
7290110322977,false,יופלה טיוב ענבים 58*6גרם,תנובה בעמ,IL,יופלה טיוב 6 יח,גרמים,348.00,100 גרם,false,1,11.90,3.42,true,1,
7290110323066,false,משקה יוגורטGOבנ.אפרס250מ,תנובה,IL,משקה יוגורט GO,מיליליטרים,250.00,"100 מ""ל",false,1,6.30,2.52,true,1,
7290110323073,false,משקה יוגוGO תות-פטל 250מ,תנובה,IL,משקה יוגורט GO,מיליליטרים,250.00,"100 מ""ל",false,1,6.30,2.52,true,1,
7290110323301,false,גבינת טל העמק 32% 200 גר,---,IL,גבינת טל העמק,גרמים,200.00,100 גרם,false,1,18.90,9.45,true,1,
7290110323523,false,חלב דל לקטוז 3% 1 ליטר,"תנובה בע""\מ",IL,חלב דל לקטוז 3%,ליטרים,1.00,ליטר,false,1,7.10,7.10,true,1,
7290110323783,false,יולו  שוקולד חלב+קצפת120,"תנובה בע""\מ",IL,יולו מעדן + קצפת,גרמים,120.00,100 גרם,false,1,3.70,3.08,true,1,
7290110323790,false,יולו שוקולד מריר+קצפת120,"תנובה בע""\מ",IL,יולו מעדן + קצפת,גרמים,120.00,100 גרם,false,1,3.70,3.08,true,1,
7290110323943,false,משקה חלב גו קפה+חלבון340,תנובה,IL,משקה חלב + חלבון,מיליליטרים,340.00,"100 מ""ל",false,1,7.70,2.26,true,1,
7290110324070,false,גבינת חלומי פיראוס 200 ג,---,IL,גבינת חלומי,גרמים,200.00,100 גרם,false,1,19.90,9.95,true,1,
7290110324612,false,יוגורט2% תות שמנת+קש200ג,"תנובה בע""\מ",IL,יוגורט עם קש,גרמים,200.00,100 גרם,false,1,6.50,3.25,true,1,
7290110324629,false,יוגורט קוקוס לימון+קש200,"תנובה בע""\מ",IL,יוגורט עם קש,גרמים,200.00,100 גרם,false,1,6.50,3.25,true,1,
7290110324711,false,ממרח סויה9% טעם טבעי250ג,"תנובה בע""\מ",IL,ממרח סויה 9%,גרמים,250.00,100 גרם,false,1,9.90,3.96,true,1,
7290110324735,false,ממרח סויה 9% טוסקנה 250ג,"תנובה בע""\מ",IL,ממרח סויה 9%,גרמים,250.00,100 גרם,false,1,9.90,3.96,true,1,
7290110324759,false,יופלה דיאט פאי לימון150ג,תנובה,IL,יופלה דיאט,גרמים,150.00,100 גרם,false,1,5.00,3.33,true,1,
7290110324803,false,משקה חלב1% לקפה קרמל800מ,תנובה,IL,משקה חלב לקפה,מיליליטרים,800.00,"100 מ""ל",false,1,6.70,0.84,true,1,
7290110325114,false,משקה יוגורט GO לייט תות,תנובה,IL,משקה יוגורט GO,מיליליטרים,250.00,"100 מ""ל",false,1,6.90,2.76,true,1,
7290110325121,false,משק.יוגורטGOלייט מנגו250,תנובה,IL,משקה יוגורט GO,מיליליטרים,250.00,"100 מ""ל",false,1,6.90,2.76,true,1,
7290110325237,false,גלבוע 22% דקדק 200 גרם,תנובה,IL,גבינת גלבוע דקדק,גרמים,200.00,100 גרם,false,1,13.00,6.50,true,1,
7290110560522,false,קפה נמס ט.אגוזי לוז 100ג,שטראוס קפה בי.וי,IL,נמס אגוזי לוז,גרמים,100.00,100 גרם,false,1,14.90,14.90,true,1,
7290110560836,false,מילקי בטעם פסק זמן 133 ג,"שטראוס גרופ בע""\מ",IL,מילקי פסק זמן,גרמים,133.00,100 גרם,false,1,2.90,2.18,true,1,
7290110560867,false,גמדים לדרך תות בננה70*4ג,"שטראוס בריאות בע""\מ",IL,גמדים לדרך 4 יח',גרמים,280.00,100 גרם,false,1,16.90,6.04,true,1,
7290110561352,false,דנונה דל לקטוז 200 גרם,"שטראוס בריאות בע""\מ",IL,דנונה דל לקטוז,גרמים,200.00,100 גרם,false,1,3.70,1.85,true,1,
7290110561543,false,פרו טריפל זירו וניל 150ג,"שטראוס בריאות בע""\מ",IL,דנונה פרו,גרמים,150.00,100 גרם,false,1,4.90,3.27,true,1,
7290110561604,false,גמדים תות בננה 100*8 גרם,"שטראוס בריאות בע""\מ",IL,גמדים תות בננה8י,גרמים,800.00,100 גרם,false,1,18.70,2.34,true,1,
7290110561901,false,תפוצ'יפס אפוי ע.תיבול45ג,פריטו ליי טורקיה,TR,תפוצ'יפס אפוי,גרמים,45.00,100 גרם,false,1,4.00,8.89,true,1,
7290110561918,false,תפוציפס אפוי יוגורט שו45,פריטו ליי טורקיה,IL,תפוצ'יפס אפוי,גרמים,45.00,100 גרם,false,1,4.00,8.89,true,1,
7290110563448,false,אייס קפה 1.6% מעודן 230מ,אנסטל מילק,AT,משקה אייס קפה,מיליליטרים,230.00,"100 מ""ל",false,1,7.90,3.43,true,1,
7290110563462,false,חלב נטול לקטוז 2% 1 ליטר,מחלבת יטבתה,IL,חלב נטול לקטוז,ליטרים,1.00,ליטר,false,1,7.90,7.90,true,1,
7290110563851,false,אנרגי תחתית שוק.חלב24*6ג,"שטראוס גרופ בע""\מ",IL,חטיפי אנרגי 6 יח,גרמים,144.00,100 גרם,false,1,12.80,8.89,true,1,
7290110563868,false,אנרגי תחתית מריר 24*6 גר,"שטראוס גרופ בע""\מ",IL,חטיפי אנרגי 6 יח,גרמים,144.00,100 גרם,false,1,12.80,8.89,true,1,
7290110563905,false,"פסק זמן ללת""ס 3 * 45 גרם","שטראוס גרופ בע""\מ",IL,פסק זמן 3 יח,גרמים,135.00,100 גרם,false,1,14.90,11.04,true,1,
7290110564339,false,חומוס עשיר ב30% טחינה400,"שטראוס גרופ בע""\מ",IL,חומוס בטחינה,גרמים,400.00,100 גרם,false,1,14.20,3.55,true,1,
7290110564346,false,שוק.בלונדי ק.בראוניז100ג,"שטראוס גרופ בע""\מ",IL,שוקולד בלונדי,גרמים,100.00,100 גרם,false,1,7.60,7.60,true,1,
7290110564360,false,חומוס עשיר ב40% טחינה400,"שטראוס גרופ בע""\מ",IL,חומוס בטחינה,גרמים,400.00,100 גרם,false,1,14.20,3.55,true,1,
7290110564391,false,חומוס עשיר ב30% טחינה400,"שטראוס גרופ בע""\מ",IL,חומוס בטחינה,גרמים,400.00,100 גרם,false,1,14.20,3.55,true,1,
7290110564414,false,חומוס עשיר ב30%טחינה600ג,"שטראוס גרופ בע""\מ",IL,חומוס 30% טחינה,גרמים,600.00,100 גרם,false,1,14.90,2.48,true,1,
7290110564513,false,עוגת אגוזי עם קרם 380גרם,שטראוס,IL,עוגת אגוזי,גרמים,380.00,100 גרם,false,1,16.00,4.21,true,1,
7290110564742,false,אייס קפה 1.2% חזק 230 מל,אנסטל מילק kg,AT,משקה אייס קפה,מיליליטרים,230.00,"100 מ""ל",false,1,7.90,3.43,true,1,
7290110565497,false,"משקה פרו קפה ללת""ס250מ""ל",מחלבת יטבתה,IL,משקה פרו קפה,מיליליטרים,250.00,"100 מ""ל",false,1,5.00,2.00,true,1,
7290110565527,false,דנונה פרו 20ג חלבון 200ג,"שטראוס גרופ בע""\מ",IL,דנונה פרו חלבון,גרמים,200.00,100 גרם,false,1,5.90,2.95,true,1,
7290110565893,false,"אנרגי מאג ללת""ס מצופה6יח","שטראוס גרופ בע""\מ",IL,חטיפי אנרג'י 6יח,גרמים,156.00,100 גרם,false,1,12.90,8.27,true,1,
7290110566418,false,רבע לשבע מריר 60% 120ג,"הגביע מוצרי ופלים בע""\מ",IL,רבע לשבע מריר,גרמים,120.00,100 גרם,false,1,10.90,9.08,true,1,
7290110566623,false,קפסולות קולומביה מס' 8,שטראוס קפה בי.וי.,IL,קפסולות מס' 8,גרמים,50.00,100 גרם,false,1,16.50,33.00,true,1,
7290110566975,false,דנונ.פרו20ג חלבון תות200,"שטראוס בריאות בע""\מ",IL,דנונה פרו חלבון,גרמים,200.00,100 גרם,false,1,5.90,2.95,true,1,
7290110567057,false,מסטיק מנטה אקליפטוס 64גר,אסקום קונפקשיין,DE,מסטיק מאסט,גרמים,64.00,100 גרם,false,1,9.90,15.47,true,1,
7290110567064,false,מסטיק מנטה פטל צנצנת64ג,אסקום קונפקשיין,DE,מסטיק מאסט,גרמים,64.00,100 גרם,false,1,9.90,15.47,true,1,
7290110567309,false,פסק זמן בלונדי קרם חלב45,"שטראוס גרופ בע""\מ",IL,פסק זמן בלונדי,גרמים,45.00,100 גרם,false,1,4.90,10.89,true,1,
7290110568238,false,קצפת צמחית יטבתה21% 250מ,מחלבת יטבתה,IL,קצפת צמחית יטבתה,מיליליטרים,250.00,"100 מ""ל",false,1,7.90,3.16,true,1,
7290110568986,false,רוטב לעוף גריל 310 גרם,"ב.א. מזון בע""\מ",IL,רוטב לעוף גריל,גרמים,310.00,100 גרם,false,1,15.50,5.00,true,1,
7290111341366,false,מפיות אירוח לשימוש יומיו,"משווק ע""י קימברלי קלארק",SK,מפיות אירוח,יחידה,1.00,יחידה,false,1,8.90,8.90,true,1,
7290111341434,false,12דיפנד אקטיב תחבושת N,חוגלה קימברלי,VN,תחבושות  דיפנד,יחידה,1.00,יחידה,false,1,19.90,19.90,true,1,
7290111342004,false,לילי נייר טואלט לח KIDS,חוגלה קימברלי,IL,נ.טואלט לח KIDS,יחידה,1.00,יחידה,false,1,7.90,7.90,true,1,
7290111350030,false,"רסק תפו""ע טבעי צנצנת670ג",---,IL,"רסק תפו""ע טבעי",גרמים,670.00,100 גרם,false,1,10.90,1.63,true,1,
7290111350221,false,מבחר ריטר ספורט מיני100ג,ריטר,DE,שוקולד ריטר מיני,גרמים,100.00,100 גרם,false,1,11.90,11.90,true,1,
7290111350719,false,נאצ'וס בסגנון מסעדות322ג,---,US,חטיף נאצ'וס,גרמים,322.00,100 גרם,false,1,16.90,5.25,true,1,
7290111350924,false,קואדרטיני אגוז+כוס250*2ג,---,AT,מארז קואדרטיני,גרמים,500.00,100 גרם,false,1,26.90,5.38,true,1,
7290111350993,false,סוכריות גומי דובונים200ג,טופגאם,IL,סוכריות גומי דוב,גרמים,200.00,100 גרם,false,1,9.90,4.95,true,1,
7290111351013,false,סוכ.גומי נחשים חמוץ200ג,טופגאם תעשיות ממתקים בעמ,IL,סוכריות גומי,גרמים,200.00,100 גרם,false,1,9.90,4.95,true,1,
7290111351020,false,סוכריות גומי יין 200 גרם,טופגאם תעשיות ממתקים בעמ,IL,סוכריות גומי יין,גרמים,200.00,100 גרם,false,1,9.90,4.95,true,1,
7290111351457,false,ממרח קקאו צ'וקטה 450 גרם,פוליבה,IL,ממרח קקאו צ'וקטה,גרמים,450.00,100 גרם,false,1,9.90,2.20,true,1,
7290111351501,false,גלילי וופל שוקולד חלב180,---,PL,גלילי וופל,גרמים,180.00,100 גרם,false,1,8.90,4.94,true,1,
7290111560583,false,"קמח תופח30%+ח.מלאה 1 ק""ג","אסם השקעות בע""\מ",IL,קמח תופח פלוס,קילוגרמים,1.00,"ק""ג",false,1,10.90,10.90,true,1,
7290111563140,false,חומוס סמיר הגדול מגדל600,סלטי צבר,IL,חומוס צבר,גרמים,600.00,100 גרם,false,1,14.10,2.35,true,1,
7290111563492,false,סלט מטבוחה חריפה צבר400ג,סלטי צבר,IL,סלט מטבוחה צבר,גרמים,400.00,100 גרם,false,1,11.50,2.88,true,1,
7290111563928,false,אפרופו שוקולד 40 גרם,CA,IL,אפרופו שוקולד,גרמים,40.00,100 גרם,false,1,5.00,12.50,true,1,
7290111564239,false,"מאגדת מיני קראנץ 275 ג""ר",גלידות נסטלה )נגה גלידות,IL,מאגדת מיני קראנץ,גרמים,275.00,100 גרם,false,1,27.90,10.15,true,1,
7290111564277,false,פריכיות דק.פיטנס3דגנ120ג,פרח תעשיות בעמ,IL,פריכיות פיטנס,גרמים,120.00,100 גרם,false,1,10.90,9.08,true,1,
7290111564291,false,פריכיות דקות+קינואה120גר,פרח תעשיות בעמ,IL,פריכיות פיטנס,גרמים,120.00,100 גרם,false,1,10.90,9.08,true,1,
7290111564642,false,המבורגר צמחוני 630 גרם,טבעול,IL,המבורגר צמחוני,גרמים,630.00,100 גרם,false,1,31.90,5.06,true,1,
7290111564666,false,כדורי בשר צמחוניים500 ג,טבעול,IL,כדורי בשר צמחוני,גרמים,500.00,100 גרם,false,1,31.90,6.38,true,1,
7290111564819,false,אח של ביסלי מעושן 70 גרם,"אסם השקעות בע""\מ",IL,אח של ביסלי,גרמים,70.00,100 גרם,false,1,4.40,6.29,true,1,
7290111564932,false,אח של ביסלי צ'ילי 70 גרם,אסם,IL,אח של ביסלי,גרמים,70.00,100 גרם,false,1,4.40,6.29,true,1,
7290111565038,false,לה קרמריה קוקילידה 1.4 ל,גלידות נסטלה )נגה גלידות,IL,להקרמריה קוקיליד,ליטרים,1.40,ליטר,false,1,22.90,16.36,true,1,
7290111565182,false,קציצות דלורית אדממה 525,טבעול,IL,קציצות דלורית,גרמים,525.00,100 גרם,false,1,31.90,6.08,true,1,
7290111565946,false,ספגטי פלוס 50%חלבון400ג,פסטה זארה,IT,ספגטי פלוס,גרמים,400.00,100 גרם,false,1,5.90,1.48,true,1,
7290111566127,false,מאגדת אוראו 198 גרם,נסטלה,IT,מאגדת אוראו,גרמים,198.00,100 גרם,false,1,24.90,12.58,true,1,
7290111566271,false,חטיפי תירס טבעול 657 גרם,טבעול,IL,חטיפי תירס טבעול,גרמים,657.00,100 גרם,false,1,29.90,4.55,true,1,
7290111566332,false,נקניקיות וינר צמחונית680,טבעול,IL,נקנ' וינר צמחוני,גרמים,680.00,100 גרם,false,1,31.90,4.69,true,1,
7290111566417,false,טחון צמחוני טבעול 500 גר,טבעול,IL,טחון צמחוני טבעו,גרמים,500.00,100 גרם,false,1,31.90,6.38,true,1,
7290111566547,false,חזה בגריל צמחוני99קלוריו,טבעול,IL,חזה בגריל צמחוני,גרמים,560.00,100 גרם,false,1,31.90,5.70,true,1,
7290111566561,false,שניצל ברוקולי 99 קלוריות,טבעול,IL,שניצל ברוקולי 99,גרמים,560.00,100 גרם,false,1,31.90,5.70,true,1,
7290111566660,false,קציצות עדשים כתומות 525,טבעול,IL,קציצות עדשיםכתומ,גרמים,525.00,100 גרם,false,1,31.90,6.08,true,1,
7290111566714,false,המבורגר צמחוני 99קלוריות,טבעול,IL,המבורגר צמחוני,גרמים,600.00,100 גרם,false,1,31.90,5.32,true,1,
7290111566738,false,מיניהמבורגר פטריות טבעול,טבעול,IL,מיני המבורגר פטר,גרמים,585.00,100 גרם,false,1,31.90,5.45,true,1,
7290111566752,false,שניצל תירס 99 קלוריות 69,טבעול,IL,שניצל תירס 99,גרמים,693.00,100 גרם,false,1,31.90,4.60,true,1,
7290111567315,false,חומוס עם המון חצילים375ג,סלטי צבר,IL,צבר חומוס,גרמים,375.00,100 גרם,false,1,12.90,3.44,true,1,
7290111568107,false,פסטה מסולסלת פלוס 400גרם,זארה,IT,פסטה פלוס,גרמים,400.00,100 גרם,false,1,5.90,1.48,true,1,
7290111568251,false,נודלס אטריות להקפצה 350ג,אסם,TH,נודלס להקפצה,גרמים,350.00,100 גרם,false,1,10.90,3.11,true,1,
7290111568275,false,נודלס אטריות אורז רחב300,אסם,TH,נודלס אטריות,גרמים,300.00,100 גרם,false,1,10.90,3.63,true,1,
7290111568312,false,נודלס אטריות ביצים רחבות,פסטה זארה,IT,נודלס אטריות,גרמים,400.00,100 גרם,false,1,10.90,2.73,true,1,
7290111568466,false,רוטב אסיאתי למוקפץ 290מל,"אסם השקעות בע""\מ",IL,רוטב אסיאתי,מיליליטרים,290.00,"100 מ""ל",false,1,15.90,5.48,true,1,
7290111568510,false,ביסלי בלאק בורגר טריקס60,"אסם השקעות בע""\מ",IL,ביסלי בלאק,גרמים,60.00,100 גרם,false,1,4.40,7.33,true,1,
7290111568572,false,נתחי סויה דמויי עוף,טבעול,CZ,נתחי סויהדמויעוף,גרמים,350.00,100 גרם,false,1,31.90,9.11,true,1,
7290111569364,false,מאגדת טילוני אקסטרים FRE,גלידות נסטלה )נגה גלידות,IL,מאגדת טילוני אקס,גרמים,360.00,100 גרם,false,1,32.90,9.14,true,1,
7290111569616,false,צבר חומוס+המון חריף375ג,סלטי צבר,IL,חומוס+המון חריף,גרמים,375.00,100 גרם,false,1,12.90,3.44,true,1,
7290111569623,false,חומוס עם המון פטריות375ג,סלטי צבר,IL,חומוס עם פטריות,גרמים,375.00,100 גרם,false,1,12.90,3.44,true,1,
7290111930799,false,קראנצ'וס בצל 70 גרם,מנה,IL,קראנצ'וס בצל,גרמים,70.00,100 גרם,false,1,4.30,6.14,true,1,
7290111930805,false,קראנצ'וס ברביקיו 70 גרם,מנה,IL,קראנצ'וס ברביקיו,גרמים,70.00,100 גרם,false,1,4.30,6.14,true,1,
7290111930904,false,פוף כוכבים בצל 40 גרם,מנה,IL,פוף כוכבים בצל,גרמים,40.00,100 גרם,false,1,3.90,9.75,true,1,
7290111930935,false,פוף טבעות קלאסי 40 גרם,מנה,IL,פוף טבעות,גרמים,40.00,100 גרם,false,1,3.90,9.75,true,1,
7290111931338,false,סבון פלמוליב לומינוס 500,קולגייט פלמוליב,TR,סבון פלמוליב,מיליליטרים,500.00,"100 מ""ל",false,1,18.90,3.78,true,1,
7290111932083,false,גרעיני תירס מתוק 425 גרם,---,TH,גרעיני תירס מתוק,גרמים,425.00,100 גרם,false,1,5.90,1.39,true,1,
7290111932380,false,"משחת מרידול 75*2 מ""ל",---,PL,משחת מרידול 2 יח,מיליליטרים,150.00,"100 מ""ל",false,1,38.90,25.93,true,1,
7290111933318,false,סבון פלמוליב לומינו750,קולגייט פלמוליב,TR,סבון פמוליב,מיליליטרים,750.00,"100 מ""ל",false,1,16.90,2.25,true,1,
7290111933462,false,"רוטב צ'ילי מתוק 300 מ""ל","סיטי פוד בע""מ",TH,רוטב צ'ילי מתוק,מיליליטרים,300.00,"100 מ""ל",false,1,7.90,2.63,true,1,
7290111933530,false,"מיץ לימון טבעי 250 מ""ל",---,IT,מיץ לימון טבעי,מיליליטרים,250.00,"100 מ""ל",false,1,7.90,3.16,true,1,
7290111933585,false,אפונת גינה עדינה 410 גרם,---,IT,אפונה עדינה,גרמים,410.00,100 גרם,false,1,5.90,1.44,true,1,
7290111934827,false,פלמוליב סבון לידיים 300מ,---,TR,סבון פלמוליב,מיליליטרים,300.00,"100 מ""ל",false,1,8.90,2.97,true,1,
7290111935527,false,קולגייט טוטל קלין 100*2,קולגייט פלמוליב,PL,משחת קולגייט,מיליליטרים,200.00,"100 מ""ל",false,1,29.90,14.95,true,1,
7290111935923,false,זיתים חרוזית 370 גרם,---,ES,זיתים חרוזית,גרמים,370.00,100 גרם,false,1,7.90,2.14,true,1,
7290111935954,false,זיתים שלמים ענק 350 גרם,אסיטורנס קזורלה,ES,זיתים שלמים ענק,גרמים,350.00,100 גרם,false,1,7.90,2.26,true,1,
7290111936296,false,סבון פלמוליב סנסיישן 750,קולגייט פלמוליב,TR,סבון פלמוליב,מיליליטרים,750.00,"100 מ""ל",false,1,16.90,2.25,true,1,
7290111936333,false,ג'ל רחצה מיסלרי כותנה500,---,TR,ג'ל רחצה מיסלרי,מיליליטרים,500.00,"100 מ""ל",false,1,22.90,4.58,true,1,
7290111936340,false,ג'ל רחצ.מיסלרי ורדדים500,קולגייט פלמוליב,TR,ג'ל רחצה מיסלרי,מיליליטרים,500.00,"100 מ""ל",false,1,22.90,4.58,true,1,
7290111937248,false,חטיפ.פרי תמר+קשיו+לוז5יח,"טבעית מוצרים מהטבע בע""\מ",IL,חטיפי פרי 5 יח,גרמים,125.00,100 גרם,false,1,16.90,13.52,true,1,
7290111939280,false,משחת קולגייט אדומה 75*4מ,---,PL,משחת קולגייט 4יח,מיליליטרים,300.00,"100 מ""ל",false,1,29.90,9.97,true,1,
7290111939389,false,קולגייט אופטיק וייט75*2מ,קולגייט פלמוליב,PL,משחת קולגייט 2יח,מיליליטרים,150.00,"100 מ""ל",false,1,31.90,21.27,true,1,
7290111939624,false,ספגטי ברילה 3 500*4 גרם,---,IT,ספגטי ברילה 4 יח,קילוגרמים,2.00,"ק""ג",false,1,26.90,13.45,true,1,
7290111939631,false,ספגטי ברילה 5 500*4 גרם,---,IT,ספגטי ברילה 4 יח,קילוגרמים,2.00,"ק""ג",false,1,26.90,13.45,true,1,
7290112000057,false,ג'ל כביסה קרטין זהב 3 ל,רקיט בנקיזר,IT,ג'ל כביסה,ליטרים,3.00,ליטר,false,1,29.90,9.97,true,1,
7290112000385,false,"דטול תרסיס למטבח 750 מ""ל",רקיט בנקיזר,PL,דטול תרסיס למטבח,מיליליטרים,750.00,"100 מ""ל",false,1,14.90,1.99,true,1,
7290112000408,false,דטול תרסיס רב שימושי750מ,רקיט בנקיזר,PL,דטול תרסיס,מיליליטרים,750.00,"100 מ""ל",false,1,14.90,1.99,true,1,
7290112000736,false,פיניש טבליות הכל ב1 80יח,רקיט בנקיזר,PL,פיניש 80 טבליות,יחידה,1.00,יחידה,false,1,59.90,59.90,true,1,
7290112001559,false,טבליות קוואנטום בפח 80יח,רקיט בנקיזר,PL,טבליות קוואנטום,יחידה,1.00,יחידה,false,1,64.90,64.90,true,1,
7290112001757,false,וולייט מרכך מגנוליה 1.2ל,רקיט בנקיזר,IT,וולייט מרכך,ליטרים,1.20,ליטר,false,1,17.90,14.92,true,1,
7290112001764,false,וולייט מרכך כחול 1.2 ל',רקיט בנקיזר,IT,וולייט מרכך,ליטרים,1.20,ליטר,false,1,17.90,14.92,true,1,
7290112001771,false,וולייט מרכך ורוד 1.2 ל',רקיט בנקיזר,IT,וולייט מרכך,ליטרים,1.20,ליטר,false,1,17.90,14.92,true,1,
7290112001900,false,ג'ל אקולוגי למדיח 1ל,רקיט בנקיזר,PL,פיניש ג'ל למדיח,ליטרים,1.00,ליטר,false,1,39.90,39.90,true,1,
7290112002136,false,קולון ג'ל כביסה 4 ליטר,רקיט בנקיזר,IL,קולון ג'ל כביסה,ליטרים,4.00,ליטר,false,1,34.90,8.73,true,1,
7290112002143,false,קולון ג'ל ניחוח לילך 4 ל,רקיט בנקיזר,IL,קולון ג'ל כביסה,ליטרים,4.00,ליטר,false,1,34.90,8.73,true,1,
7290112002204,false,אירוויק ג'ל מרענן 180 גר,---,CN,אירוויק ג'ל מוצק,גרמים,180.00,100 גרם,false,1,14.90,8.28,true,1,
7290112002334,false,"אבקת כביסה קולון 1+5 ק""ג",---,IL,אבקת קולון 1+5,קילוגרמים,6.00,"ק""ג",false,1,34.90,5.82,true,1,
7290112002372,false,וניש גולד אבקה 470*2 גרם,רקיט בנקיזר,IT,וניש גולד אבקה2*,גרמים,940.00,100 גרם,false,1,29.90,3.18,true,1,
7290112192561,false,פרודונטקס הגנה מלבינה75מ,DEMICLEN,IE,משחה פרודונטקס,מיליליטרים,75.00,"100 מ""ל",false,1,34.90,46.53,true,1,
7290112192578,false,משחת פרודונטקס הגנה 75מל,DEMICLEN,IE,משחת פרודונטקס,מיליליטרים,75.00,"100 מ""ל",false,1,34.90,46.53,true,1,
7290112330390,false,דנונה פרו 20פ.יער0% 200ג,"שטראוס בריאות בע""\מ",IL,דנונה פרו 0%,גרמים,200.00,100 גרם,false,1,5.90,2.95,true,1,
7290112330420,false,דנונה פרו לבן 2.9% 150גר,"שטראוס בריאות בע""\מ",IL,דנונה פרו לבן,גרמים,150.00,100 גרם,false,1,4.90,3.27,true,1,
7290112331519,false,פיתה קראנצ זעתר פרפ 60ג,"שטראוס פריטו ליי בע""\מ )",IL,פיתה קראנצ זעתר,גרמים,60.00,100 גרם,false,1,4.90,8.17,true,1,
7290112332158,false,בלונדי קרם שמנת 100 גרם,"שטראוס גרופ בע""\מ",IL,בלונדי קרם שמנת,גרמים,100.00,100 גרם,false,1,7.60,7.60,true,1,
7290112332172,false,כיף כף פצפצים שוקו 40גרם,שולן צ'\יקולטה גידה סאן.,TR,כיף כף פצפצים,גרמים,40.00,100 גרם,false,1,4.90,12.25,true,1,
7290112332691,false,עוגיות ק.פסק זמן אגוז200,"הגביע מוצרי וופלים בע""\מ",IL,עוגיות קרם,גרמים,200.00,100 גרם,false,1,10.90,5.45,true,1,
7290112332707,false,רבע לשבע אחד אחד 140 גרם,"הגביע מוצרי וופלים בע""\מ",IL,רבע לשבע אחד אחד,גרמים,140.00,100 גרם,false,1,15.90,11.36,true,1,
7290112332875,false,מאסט קוביות מנטה עדינה86,אסקום קונפקשיין,DE,מאסט קוביות,גרמים,86.00,100 גרם,false,1,14.90,17.33,true,1,
7290112332899,false,בזוקה פופים קלאסי58גרם,אסקום קונפקשיין,DE,מסטיק בזוקה,גרמים,58.00,100 גרם,false,1,9.90,17.07,true,1,
7290112333278,false,דוריטוס אפקט הרענון 70גר,"שטראוס פריטו ליי  בע""\מ",IL,חטיף דוריטוס,גרמים,70.00,100 גרם,false,1,3.60,5.14,true,1,
7290112333315,false,דוריטוס אפקט החריפות 70ג,"שטראוס פריטו ליי  בע""\מ",IL,חטיף דוריטוס,גרמים,70.00,100 גרם,false,1,3.60,5.14,true,1,
7290112333445,false,צ'יטוס שפמים 55 גרם,"שטראוס פריטו ליי בע""\מ )",IL,צ'יטוס שפמים,גרמים,55.00,100 גרם,false,1,3.50,6.36,true,1,
7290112335036,false,משק.פרו 18טריפל0% תות265,"שטראוס בריאות בע""\מ.",IL,משקה דנונה פרו0%,גרמים,265.00,100 גרם,false,1,6.90,2.60,true,1,
7290112335043,false,מרשמלו בזוקה 150 גרם,עלית,IL,מרשמלו בזוקה,גרמים,150.00,100 גרם,false,1,6.90,4.60,true,1,
7290112335067,false,קפה טורקי קולומביאני100ג,שטראוס רומניה,RO,קפה קולומביאני,גרמים,100.00,100 גרם,false,1,10.70,10.70,true,1,
7290112335111,false,מאסט קוביות בטעם בזוקה86,אסקום קונפקשיין,DE,מאסט קוביות,גרמים,86.00,100 גרם,false,1,14.90,17.33,true,1,
7290112335609,false,קפה נמס+בפלות 200 גרם,עלית,IL,קפה נמס + בפלות,גרמים,200.00,100 גרם,false,1,19.90,9.95,true,1,
7290112335890,false,דנונה פרו18 תות1.5% 200ג,"שטראוס בריאות בע""\מ",IL,דנונה פרו 18,גרמים,200.00,100 גרם,false,1,5.90,2.95,true,1,
7290112335937,false,חט.אנרגי אגוז קוקוס24*6ג,"שטראוס גרופ בע""\מ",IL,חטיפי אנרג'י 6יח,גרמים,144.00,100 גרם,false,1,12.80,8.89,true,1,
7290112336620,false,רבע לשבע שלוק שוק.חלב120,"הגביע מוצרי וופלים בע""\מ",IL,רבע לשבע,גרמים,120.00,100 גרם,false,1,10.90,9.08,true,1,
7290112336682,false,מרשמלו מיני וניל 130 גרם,תות תעשיות מזון,IL,מרשמלו מיני וניל,גרמים,130.00,100 גרם,false,1,6.50,5.00,true,1,
7290112337450,false,מסטיק בזוקה פופים תות58ג,אסקום קונפקשיין,DE,מסטיק בזוקה,גרמים,58.00,100 גרם,false,1,9.90,17.07,true,1,
7290112338655,false,קפסולות מלבי מי ורדים50ג,שטראוס קפה בי.וי.,IL,קפסולות עלית,גרמים,50.00,100 גרם,false,1,16.50,33.00,true,1,
7290112338662,false,קפסולות עוגיית מרציפן50ג,שטראוס קפה בי.וי.,IL,קפסולות עלית,גרמים,50.00,100 גרם,false,1,16.50,33.00,true,1,
7290112338693,false,קפסולות עוגת תבלינים50ג,שטראוס קפה בי.וי.,IL,קפסולות עלית,גרמים,50.00,100 גרם,false,1,16.50,33.00,true,1,
7290112338853,false,יוגורט פרו20 במתיקות200ג,"שטראוס בריאות בע""\מ",IL,דנונה פרו 20,גרמים,200.00,100 גרם,false,1,5.90,2.95,true,1,
7290112338877,false,סקי תות 125 גרם,"שטראוס בריאות בע""\מ",IL,סקי תות,גרמים,125.00,100 גרם,false,1,3.70,2.96,true,1,
7290112339218,false,סימפוניה 5% צ'יפוטלה200ג,"שטראוס בריאות בע""\מ",IL,סימפוניה ספייסי,גרמים,200.00,100 גרם,false,1,11.00,5.50,true,1,
7290112339232,false,סימפוניה 5% תות 200 גרם,"שטראוס בריאות בע""\מ",IL,סימפוניה 5% תות,גרמים,200.00,100 גרם,false,1,11.00,5.50,true,1,
7290112339867,false,גמדים סקוויז לדרך תות100,"שטראוס בריאות בע""\מ",IL,גמדים לדרך,גרמים,100.00,100 גרם,false,1,5.90,5.90,true,1,
7290112339874,false,גמדים לדרך תות בננה100ג,"שטראוס בריאות בע""\מ",IL,גמדים לדרך,גרמים,100.00,100 גרם,false,1,5.90,5.90,true,1,
7290112340245,false,מסטיק דובדבן צנצנת 66גרם,"שטראוס גרופ בע""\מ",IL,מסטיק דובדבן,גרמים,66.00,100 גרם,false,1,9.90,15.00,true,1,
7290112340276,false,עוגיות קרם קפה נמס 200גר,"הגביע מוצרי וופלים בע""\מ",IL,עוגיות קרם,גרמים,200.00,100 גרם,false,1,10.90,5.45,true,1,
7290112340559,false,פיתה קראנצ טעם טבעי 300ג,"שטראוס פריטו ליי בע""\מ )",IL,פיתה קראנצ',גרמים,300.00,100 גרם,false,1,13.50,4.50,true,1,
7290112340917,false,חומוס+גרגרים בטחינה400ג,"שטראוס גרופ בע""\מ",IL,חומוס בטחינה,גרמים,400.00,100 גרם,false,1,14.20,3.55,true,1,
7290112341099,false,באגט קראנצ' טעם טבעי300ג,טוטיז,GR,באגט קראנצ',גרמים,300.00,100 גרם,false,1,13.50,4.50,true,1,
7290112341105,false,באגט קראנצ' בטעם שום300ג,טוטיז,GR,באגט קראנצ',גרמים,300.00,100 גרם,false,1,13.50,4.50,true,1,
7290112341112,false,משקה חלב מוקה בקבוק350מ,מחלבת יטבתה,IL,משקה חלב מוקה,מיליליטרים,350.00,"100 מ""ל",false,1,6.20,1.77,true,1,
7290112341174,false,חטיף אנרגי אגוז קרמל24*6,"שטראוס גרופ בע""\מ",IL,חטיפי אנרג'י 6יח,גרמים,144.00,100 גרם,false,1,12.80,8.89,true,1,
7290112341594,false,ספלנדיד רובי 90 גרם,קימס,BE,ספלנדיד רובי,גרמים,90.00,100 גרם,false,1,13.90,15.44,true,1,
7290112341600,false,ספלנדיד רובי+שברי לוז90ג,קימס,BE,ספלנדיד רובי,גרמים,90.00,100 גרם,false,1,13.90,15.44,true,1,
7290112341617,false,ספלנדיד רובי+פולי קקאו90,קימס,BE,ספלנדיד רובי,גרמים,90.00,100 גרם,false,1,13.90,15.44,true,1,
7290112341631,false,שוק.ספלנדיד מריר פרו90ג,קימס,BE,שוקולד ספלנדיד,גרמים,90.00,100 גרם,false,1,10.90,12.11,true,1,
7290112341648,false,שוק.ספלנדיד אוגנדה100ג,עלית,BE,שוקולד ספלנדיד,גרמים,90.00,100 גרם,false,1,10.90,12.11,true,1,
7290112341679,false,אקטיביה 3% שומן 200 גרם,"שטראוס בריאות בע""\מ",IL,אקטיביה 3%,גרמים,200.00,100 גרם,false,1,4.00,2.00,true,1,
7290112341686,false,אקטיביה 3% מארז 150*8 גר,"שטראוס בריאות בע""\מ",IL,אקטיביה מארז 8יח,קילוגרמים,1.20,"ק""ג",false,1,19.90,16.58,true,1,
7290112341754,false,שוקולד חלב אגוז 100*3 גר,סמואה,FR,שוקולד אגוז 3 יח,גרמים,300.00,100 גרם,false,1,22.50,7.50,true,1,
7290112342072,false,משקה חלב בלונדי3% 1ליטר,מחלבת יטבתה,IL,משקה חלב בלונדי,ליטרים,1.00,ליטר,false,1,11.90,11.90,true,1,
7290112342423,false,אקטיביה שוט ט.טבעי108*8ג,"שטראוס בריאות בע""\מ",IL,אקטיביה שוט 8 יח,גרמים,864.00,100 גרם,false,1,21.90,2.53,true,1,
7290112342553,false,"משקה חלב בלונדי 350 מ""ל",מחלבת יטבתה,IL,משקה חלב בלונדי,מיליליטרים,350.00,"100 מ""ל",false,1,6.20,1.77,true,1,
7290112342621,false,"משקה שוקו בקבוק 350 מ""ל",מחלבת יטבתה,IL,משקה שוקו,מיליליטרים,350.00,"100 מ""ל",false,1,6.20,1.77,true,1,
7290112344410,false,דבש טהור 400 גרם,מכוורת יד מרדכי שטראוס ב,IL,דבש טהור,גרמים,400.00,100 גרם,false,1,22.00,5.50,true,1,
7290112345264,false,מעדן פרו שוקולד+חלבון130,"שטראוס גרופ בע""\מ",IL,מעדן פרו שוקולד,גרמים,130.00,100 גרם,false,1,4.90,3.77,true,1,
7290112345332,false,עוגת שמרים שוקולד350גרם,עלית,IL,עוגת שמרים,גרמים,350.00,100 גרם,false,1,16.00,4.57,true,1,
7290112345349,false,עוגת שמרים פסק זמן350גרם,עלית,IL,עוגת שמרים,גרמים,350.00,100 גרם,false,1,16.00,4.57,true,1,
7290112345622,false,"חט.אנרגי אגוז ללת""ס24*6ג","שטראוס גרופ בע""\מ",IL,חטיפי אנרג'י 6יח,גרמים,144.00,100 גרם,false,1,12.90,8.96,true,1,
7290112346377,false,חומוס עם חציל פיקנטי375ג,"שטראוס גרופ בע""\מ",IL,חומוס עם חציל,גרמים,375.00,100 גרם,false,1,10.90,2.91,true,1,
7290112490032,false,נמס בכוס תירס 45 גרם,יוניליוור ישראל מזון בעמ,IL,נמס בכוס תירס,גרמים,45.00,100 גרם,false,1,6.90,15.33,true,1,
7290112490063,false,כיפלי בצל 36*4 ג,יוניליוור ישראל מזון בעמ,IL,כיפלי בצל 4 יח,גרמים,144.00,100 גרם,false,1,14.90,10.35,true,1,
7290112490117,false,שוקולד קליק וופל ואגוז85,יוניליוור ישראל מזון בעמ,IL,שוקולד קליק,גרמים,85.00,100 גרם,false,1,5.40,6.35,true,1,
7290112490209,false,נמס בכוס עגבניות ר. טבעי,יוניליוור ישראל מזון בעמ,IL,מרק נמס בכוס,גרמים,56.00,100 גרם,false,1,6.90,12.32,true,1,
7290112490230,false,נמס בכוס אפונה ר. טבעיים,יוניליוור ישראל מזון בעמ,IL,מרק נמס בכוס,גרמים,50.00,100 גרם,false,1,6.90,13.80,true,1,
7290112490650,false,קונפיטורת תות שדה 340גרם,יוניליוור,BE,קונפיטורת תות,גרמים,340.00,100 גרם,false,1,12.90,3.79,true,1,
7290112490667,false,קונפיטורת משמש 778 340גר,יוניליוור,BE,קונפיטורה 778,גרמים,340.00,100 גרם,false,1,12.90,3.79,true,1,
7290112490674,false,קונפ.דובדבנים 778 340ג,יוניליוור,BE,קונפוטורה 778,גרמים,340.00,100 גרם,false,1,12.90,3.79,true,1,
7290112490698,false,קונפ778 תות שדה לייט260ג,יוניליוור,IL,קונפיטורה תות,גרמים,260.00,100 גרם,false,1,12.90,4.96,true,1,
7290112490711,false,נמס בכוס ר.טבעיים פטריות,יוניליוור ישראל מזון בעמ,IL,מרק נמס בכוס,גרמים,48.00,100 גרם,false,1,6.90,14.38,true,1,
7290112490735,false,מרק עשיר עגבנ.ר.טבעים105,יוניליוור ישראל מזון בעמ,IL,מרק עשיר עגבניות,גרמים,105.00,100 גרם,false,1,11.90,11.33,true,1,
7290112490759,false,מרק עשיר עוף רכ.טבעי74גר,יוניליוור ישראל מזון בעמ,IL,מרק עשיר עוף,גרמים,74.00,100 גרם,false,1,11.90,16.08,true,1,
7290112490858,false,רוטב לסלט צ'ילי תפוז305ג,יוניליוור ישראל מזון בעמ,IL,רוטב לסלט הלמנס,גרמים,305.00,100 גרם,false,1,10.90,3.57,true,1,
7290112491237,false,שמפו פינוק חמאת שיאה700מ,יוניליוור ישראל טיפוח אי,IL,שמפו פינוק,מיליליטרים,700.00,"100 מ""ל",false,1,11.90,1.70,true,1,
7290112491541,false,שוקולד מריר 100*5 גרם,יוניליוור ישראל מזון בע\,IL,שוקולד מריר 5 יח,גרמים,500.00,100 גרם,false,1,16.90,3.38,true,1,
7290112491701,false,ברנפלקס אקסטרה חלבון375ג,יוניליוור ישראל מזון בעמ,IL,ברנפלקס אקסטרה,גרמים,375.00,100 גרם,false,1,24.90,6.64,true,1,
7290112491770,false,בייגלה דקים+מלח ים 300ג,בייגל את בייגל מזון 198),IL,בייגלה דקים,גרמים,300.00,100 גרם,false,1,9.90,3.30,true,1,
7290112492210,false,פריכיות פתית קינואה 25 ג,גוד פוד פרודקטס,PL,פרכיות פתית,גרמים,25.00,100 גרם,false,1,3.90,15.60,true,1,
7290112492258,false,פריכיות פתית תירס דקות25,גוד פוד פרודקטס,PL,פריכיות פתית,גרמים,25.00,100 גרם,false,1,3.90,15.60,true,1,
7290112492371,false,חטיף חלבון טו גו קרמל200,"לקלרק ביסקוויטים בע""מ",CA,חטיף חלבון טו גו,גרמים,200.00,100 גרם,false,1,21.90,10.95,true,1,
7290112492791,false,פינוק שמפו שמן חוחובה700,יוניליוור,IL,שמפו פינוק,מיליליטרים,700.00,"100 מ""ל",false,1,11.90,1.70,true,1,
7290112492807,false,פינוק מרכך שמן חוחובה700,יוניליוור,IL,מרכך פינוק,מיליליטרים,700.00,"100 מ""ל",false,1,11.90,1.70,true,1,
7290112493163,false,קליק מיקס כריות+גליליו65,יוניליוור ישראל מזון בעמ,IL,קליק מיקס,גרמים,65.00,100 גרם,false,1,5.90,9.08,true,1,
7290112493170,false,קליק כריות נוגט בלבן75ג,יוניליוור ישראל מזון בעמ,IL,קליק כריות נוגט,גרמים,75.00,100 גרם,false,1,5.90,7.87,true,1,
7290112493187,false,שוק.קליק פצפוצים וקרמל85,יוניליוור ישראל מזון בעמ,IL,שוקולד קליק,גרמים,85.00,100 גרם,false,1,5.40,6.35,true,1,
7290112493262,false,דגני אקטיב פירות 350 גרם,יוניליוור ישראל מזון בע\,IL,דגני אקטיב תלמה,גרמים,350.00,100 גרם,false,1,19.90,5.69,true,1,
7290112493316,false,מרק עשיר אפונה ר.טבעי117,יוניליוור,IL,מרק עשיר אפונה,גרמים,117.00,100 גרם,false,1,11.90,10.17,true,1,
7290112493910,false,מאגדת ננסים בטעמים 180 ג,שטראוס,IL,מאגדת ננסים בטעמ,גרמים,180.00,100 גרם,false,1,26.70,14.83,true,1,
7290112494016,false,מיונז מופחת שומן 500 גרם,יוניליוור,IL,מיונז מופחת שומן,גרמים,500.00,100 גרם,false,1,10.90,2.18,true,1,
7290112494023,false,חט.חלבון טו גו קוקוס200ג,"לקלרק ביסקוויטים בע""מ",CA,חטיף חלבון טו גו,גרמים,200.00,100 גרם,false,1,21.90,10.95,true,1,
7290112494412,false,ברנפלקס קרנצ'ים קפה 375ג,יוניליוור,IL,ברנפלקס קרנצ'ים,גרמים,375.00,100 גרם,false,1,22.90,6.11,true,1,
7290112960115,false,שקדי מרק 30% קמח מלא350ג,אסם,IL,שקדי מרק אסם,גרמים,350.00,100 גרם,false,1,10.90,3.11,true,1,
7290112960672,false,מרק עוף אמיתי 450 גרם,אסם,IL,מרק עוף אמיתי,גרמים,450.00,100 גרם,false,1,18.70,4.16,true,1,
7290112960955,false,בצק שמרים כוסמין,בונז'\ור,IL,בצק שמרים כוסמי,גרמים,530.00,100 גרם,false,1,19.90,3.75,true,1,
7290112961327,false,בייגלה כפיות כפרי 300גרם,אסם,IL,בייגלה כפיות,גרמים,300.00,100 גרם,false,1,10.90,3.63,true,1,
7290112961648,false,אח של ביסלי במסיבה60גרם,פרו מן יו פתרונות אריזה,IL,אח של ביסלי מבלה,גרמים,60.00,100 גרם,false,1,4.40,7.33,true,1,
7290112961662,false,אח של ביסלי בסרט60ג,פרו מן יו פתרונות אריזה,IL,אח של ביסלי,גרמים,60.00,100 גרם,false,1,4.40,7.33,true,1,
7290112961754,false,עוג.שוקוצ'יפס ק.אגוז220ג,"אסם השקעות בע""\מ",IL,עוגיות שוקוצ'יפס,גרמים,220.00,100 גרם,false,1,10.60,4.82,true,1,
7290112961808,false,מאגדת קראנץ/וניל עוגיות,גלידות נסטלה )נגה גלידות,IL,מאגדת קראנץ/וניל,גרמים,275.00,100 גרם,false,1,27.90,10.15,true,1,
7290112962249,false,טבעול לביבות בטטה 99 קלו,טבעול,IL,לביבות בטטה,גרמים,500.00,100 גרם,false,1,31.90,6.38,true,1,
7290112962263,false,טבעול נקניקיות טבעוניות,טבעול,IL,נקניקיות טבעוניו,גרמים,490.00,100 גרם,false,1,31.90,6.51,true,1,
7290112962324,false,שניצל כרובית 99 קלוריות,טבעול,IL,שניצל כרובית 99,גרמים,500.00,100 גרם,false,1,31.90,6.38,true,1,
7290112962652,false,מרק בטעם עוף 800 גרם,"אסם השקעות בע""\מ",IL,מרק בטעם עוף,גרמים,800.00,100 גרם,false,1,12.40,1.55,true,1,
7290112962737,false,שניצל מהצומח עם חלבון,"טבעול תעשיות מזון בע""\מ\",IL,שניצל מהצומח,גרמים,664.00,100 גרם,false,1,29.90,4.50,true,1,
7290112963895,false,קרקר דק כפרי פיטנס 150גר,אסם,IL,קרקר דק פיטנס,גרמים,150.00,100 גרם,false,1,12.90,8.60,true,1,
7290112963918,false,קרקר דק רוזמרין פיטנס140,אסם,IL,קרקר דק פיטנס,גרמים,140.00,100 גרם,false,1,12.90,9.21,true,1,
7290112964175,false,אפרופופקו מיקס 100גרם,פרו מן יו פתרונות אריזה,IL,אפרופופקו מיקס,גרמים,100.00,100 גרם,false,1,8.90,8.90,true,1,
7290112964212,false,קונכיות פתיתים קלאסי 400,אסם,IL,קונכיות פתיתים,גרמים,400.00,100 גרם,false,1,7.90,1.98,true,1,
7290112964298,false,קונכיות פתיתים תרד 400 ג,אסם,IL,קונכיות פתיתים,גרמים,400.00,100 גרם,false,1,7.90,1.98,true,1,
7290112964410,false,רוטב אלף האיים 290 גרם,אסם,IL,רוטב אלף האיים,גרמים,290.00,100 גרם,false,1,10.90,3.76,true,1,
7290112964458,false,רוטב ויניגרט 295 גרם,אסם,IL,רוטב ויניגרט,גרמים,295.00,100 גרם,false,1,10.90,3.69,true,1,
7290112964472,false,רוטב שום לסלט 290 גרם,אסם,IL,רוטב שום,גרמים,290.00,100 גרם,false,1,10.90,3.76,true,1,
7290112964625,false,רוטב שום לייט לסלט 310 ג,אסם,IL,רוטב שום לייט,גרמים,310.00,100 גרם,false,1,10.90,3.52,true,1,
7290112964700,false,רוטב חרדל ודבש לסלט295גר,אסם,IL,רוטב חרדל ודבש,גרמים,295.00,100 גרם,false,1,10.90,3.69,true,1,
7290112965127,false,מנה חמה פסטה עגב.מוקרם66,אסם,IL,מנה חמה פסטה,גרמים,66.00,100 גרם,false,1,5.90,8.94,true,1,
7290112966186,false,אפרופו מצ.שוקולד מריר40ג,אסם,IL,אפרופו שוקולד,גרמים,40.00,100 גרם,false,1,5.00,12.50,true,1,
7290112966209,false,אפרופו מצ.שוקולד לבן40ג,CA,IL,אפרופו שוקולד,גרמים,40.00,100 גרם,false,1,5.00,12.50,true,1,
7290112966643,false,במבה במילוי קרם נוגט100ג,אסם,IL,במבה נוגט,גרמים,100.00,100 גרם,false,1,8.10,8.10,true,1,
7290127082161,false,מיקס גוגי ברי 400גרם,י.ח בהאמס,IL,מיקס גוגי ברי,גרמים,400.00,100 גרם,false,1,35.60,8.90,true,1,
7296073005735,false,עוג.סנדוויץ שוק.שופרס150,שופרסל,IL,עוגיות סנדוויץ,גרמים,150.00,100 גרם,false,0,4.20,2.80,true,1,
7296073005841,false,אפונה ירוקה שופרסל500גרם,מיה,IL,אפונה ירוקה,גרמים,500.00,100 גרם,false,0,5.50,1.10,true,1,
7296073005858,false,בורגול שופרסל 500 גרם,מיה,IL,בורגול,גרמים,500.00,100 גרם,false,0,4.90,0.98,true,1,
7296073005865,false,גריסי פנינה שופרסל500גרם,מיה,IL,גריסי פנינה,גרמים,500.00,100 גרם,false,0,4.90,0.98,true,1,
7296073005896,false,חיטה שופרסל 500 גרם,מיה,IL,חיטה שופרסל,גרמים,500.00,100 גרם,false,0,4.90,0.98,true,1,
7296073005902,false,כוסמת שופרסל 500 גרם,מיה,IL,כוסמת שופרסל,גרמים,500.00,100 גרם,false,0,5.50,1.10,true,1,
7296073005919,false,עדשים ירוקות שופרסל500ג,מיה,IL,עדשים ירוקות,גרמים,500.00,100 גרם,false,0,5.50,1.10,true,1,
7296073005926,false,עדשים אדומות שופרסל500גר,מיה,IL,עדשים אדומות,גרמים,500.00,100 גרם,false,0,5.70,1.14,true,1,
7296073005971,false,שעועית אדומה שופרסל500גר,מיה,IL,שעועית אדומה,גרמים,500.00,100 גרם,false,0,8.80,1.76,true,1,
7296073006008,false,"שעועית לבנה שופרסל 1 ק""ג",מיה,IL,שעועית לבנה,קילוגרמים,1.00,"ק""ג",false,0,14.90,14.90,true,1,
7296073006060,false,חומוס לבן ענק שופרסל 1קג,מיה,IL,חומוס לבן ענק,קילוגרמים,1.00,"ק""ג",false,0,13.60,13.60,true,1,
7296073006077,false,שעועית מעורבת שופרסל500ג,מיה,IL,שעועית מעורבת,גרמים,500.00,100 גרם,false,0,12.80,2.56,true,1,
7296073006114,false,"עדשים ירוקות שופרסל 1ק""ג",מיה,IL,עדשים ירוקות,קילוגרמים,1.00,"ק""ג",false,0,10.80,10.80,true,1,
7296073006121,false,"עדשים אדומות שופרסל 1ק""ג",מיה,IL,עדשים אדומות,קילוגרמים,1.00,"ק""ג",false,0,10.50,10.50,true,1,
7296073006138,false,"חיטה שופרסל 1 ק""ג",שופרסל,IL,"חיטה 1 ק""ג",קילוגרמים,1.00,"ק""ג",false,0,7.80,7.80,true,1,
7296073006176,false,"סוכר שופרסל 1 ק""ג","סוגת תעשיות בע""מ",IL,סוכר לבן,קילוגרמים,1.00,"ק""ג",false,0,4.50,4.50,true,1,
7296073006381,false,מנזנילו בינונ.שופרסל560ג,שופרסל,IL,זיתים ירוקים,גרמים,560.00,100 גרם,false,0,6.30,1.13,true,1,
7296073006398,false,מנזנילו גדול ירוק 560 גר,שופרסל,IL,זיתי מנזנילו,גרמים,560.00,100 גרם,false,0,6.80,1.21,true,1,
7296073006411,false,מלפ.במלח 10-12שופרסל560ג,בני דרום,IL,מלפפון במלח12-,גרמים,560.00,100 גרם,false,0,6.80,1.21,true,1,
7296073006428,false,מלפ.במלח 13-17שופרסל560ג,שופרסל,IL,מלפפון במלח,גרמים,560.00,100 גרם,false,0,9.50,1.70,true,1,
7296073006435,false,מלפ.במלח 18-25שופרסל560ג,שופרסל,IL,מלפפון במלח,גרמים,560.00,100 גרם,false,0,10.90,1.95,true,1,
7296073006497,false,גביעי גלידה שופרסל 30יח',"גילרו בע""\מ",IL,גביעי גלידה,גרמים,115.00,100 גרם,false,0,9.50,8.26,true,1,
7296073006640,false,מלפפ.כבישה בית.שופר1.65ק,שופרסל,IL,מלפפון כבוש ביתי,קילוגרמים,1.65,"ק""ג",false,0,24.90,15.09,true,1,
7296073009771,false,מים מינרליים שופרסל1.5*6,שופרסל,IT,מים שופרסל 6 יח,ליטרים,9.00,ליטר,false,0,9.90,1.10,true,1,
7296073011217,false,פסטה פנה ריגטה31שופר500ג,שופרסל,IT,פסטה פנה ריגטה,גרמים,500.00,100 גרם,false,0,4.90,0.98,true,1,
7296073011224,false,פסטה פוסילי36שופר 500גרם,שופרסל,IT,פסטה פוסילי,גרמים,500.00,100 גרם,false,0,4.90,0.98,true,1,
7296073011248,false,פסטה פרפלה מס57שופרסל500,שופרסל,IT,פסטה פרפלה,גרמים,500.00,100 גרם,false,0,4.90,0.98,true,1,
7296073012009,false,קוסקוס בינוני שופרסל350ג,אסיף תעשיות מזון,IL,קוסקוס בינוני,גרמים,350.00,100 גרם,false,0,4.50,1.29,true,1,
7296073020356,false,150כוס שתייה קרה בייסיק,שופרסל,,כוס שתיה,יחידה,1.00,יחידה,false,0,6.90,6.90,true,1,
7296073020370,false,צלחת גדולה BASIC 100 יח',שופרסל,IL,"צלחות ח""פ גדולות",יחידה,1.00,יחידה,false,0,15.90,15.90,true,1,
7296073020394,false,"קערית מרק  BASIC 50 יח,'",שופרסל,IL,"קעריות ח""פ",יחידה,1.00,יחידה,false,0,12.90,12.90,true,1,
7296073020400,false,קערית אובלית BASIC 25 יח,שופרסל,IL,"קעריות ח""פ",יחידה,1.00,יחידה,false,0,7.90,7.90,true,1,
7296073020936,false,פטריות חתוכות שופרסל400ג,פרוצ'אמפ,NL,פטריות חתוכות,גרמים,400.00,100 גרם,false,0,4.20,1.05,true,1,
7296073021568,false,"קמח לבן שופרסל 1 ק""ג",שופרסל,IL,קמח לבן,קילוגרמים,1.00,"ק""ג",false,0,3.60,3.60,true,1,
7296073021575,false,"קמח תופח שופרסל 1 ק""ג",שופרסל,IL,קמח תופח מאיליו,קילוגרמים,1.00,"ק""ג",false,0,5.90,5.90,true,1,
7296073021582,false,"סולת חיטה שופרסל 1 ק""ג",שופרסל,IL,סולת חיטה,קילוגרמים,1.00,"ק""ג",false,0,4.20,4.20,true,1,
7296073033752,false,שמן קנולה שופרסל 1 ליטר,NV AOR,BE,שמן קנולה 1 ל',ליטרים,1.00,ליטר,false,0,7.50,7.50,true,1,
7296073036500,false,שמן קנולה שופרסל 3 ל',NV AOR,BE,שמן קנולה 3 ל',ליטרים,3.00,ליטר,false,0,21.90,7.30,true,1,
7296073048992,false,פסטרמה בדבש שופרסל 300גר,---,IL,פסטרמה בדבש,גרמים,300.00,100 גרם,false,0,20.90,6.97,true,1,
7296073049029,false,כתף בקר שופרסל 300 גרם,מעדני יחיעם,IL,כתף בקר,גרמים,300.00,100 גרם,false,0,27.90,9.30,true,1,
7296073049043,false,פסטרמה ברבקיו שופרסל300ג,---,IL,פסטרמה ברבקיו,גרמים,300.00,100 גרם,false,0,20.90,6.97,true,1,
7296073049050,false,פסטרמה רומנית שופרסל300ג,---,IL,פסטרמה רומנית,גרמים,300.00,100 גרם,false,0,26.90,8.97,true,1,
7296073049654,false,טבעות זיתים ירוקים 560גר,שופרסל,IL,טבעות זיתים,גרמים,560.00,100 גרם,false,0,8.40,1.50,true,1,
7296073053743,false,פסטה קונקיליוני39 שופרסל,שופרסל,IL,פסטה קונקיליוני,גרמים,500.00,100 גרם,false,0,4.90,0.98,true,1,
7296073053750,false,פסטה לומקה ריגטה 48 שופר,שופרסל,IL,פסטה לומקה,גרמים,500.00,100 גרם,false,0,4.90,0.98,true,1,
7296073053767,false,דפי לזניה שופרסל 500 גרם,שופרסל,IT,דפי לזניה,גרמים,500.00,100 גרם,false,0,13.50,2.70,true,1,
7296073058984,false,גרנולה קראנץ פירות+אג400,בריגן קי. ג'י,DE,גרנולה קראנץ,גרמים,400.00,100 גרם,false,0,14.50,3.63,true,1,
7296073058991,false,מוזלי שופרסל 500 גרם,בריגן קי ג'י,DE,מוזלי שופרסל,גרמים,500.00,100 גרם,false,0,14.50,2.90,true,1,
7296073059059,false,ברנפלקס שופרסל 500 גרם,בריגן קי. ג'י,DE,ברנפלקס שופרסל,גרמים,500.00,100 גרם,false,0,16.80,3.36,true,1,
7296073059691,false,"צלחת גדולה BASIC 50 יח,'",שופרסל,IL,"צלחות ח""פ גדולות",יחידה,1.00,יחידה,false,0,9.90,9.90,true,1,
7296073059707,false,"צלחת קטנה BASIC 50 יח,'",שופרסל,IL,"צלחות קטנות ח""פ",יחידה,1.00,יחידה,false,0,7.90,7.90,true,1,
7296073059745,false,"צלחת לפתן BASIC 50 יח,'",שופרסל,IL,"לפתניות ח""פ",יחידה,1.00,יחידה,false,0,7.90,7.90,true,1,
7296073064367,false,"בורקס תפו""א שופרסל 800 ג",שופרסל,IL,"800 בורקס תפו""א",גרמים,800.00,100 גרם,false,0,14.90,1.86,true,1,
7296073064398,false,בורקס גבינה שופרסל 800 ג,מאפ גדרון,IL,בורקס גבינה800,גרמים,800.00,100 גרם,false,0,15.90,1.99,true,1,
7296073066330,false,חלווה מעודנת שופרסל 400ג,"אחדות בע""מ א.ת. ברקן",IL,חלווה מעודנת,גרמים,400.00,100 גרם,false,0,12.20,3.05,true,1,
7296073066354,false,חטיפי חלווה שופרסל 250 ג,"אחדות בע""מ א.ת. ברקן",IL,חטיפי חלווה,גרמים,250.00,100 גרם,false,0,9.70,3.88,true,1,
7296073066361,false,עוג.סנדביץ' שוקו שופר900,שופרסל,IL,עוגיות סנדביץ',גרמים,900.00,100 גרם,false,0,18.50,2.06,true,1,
7296073066378,false,עוג.סנדביץ' וניל שופר900,"אחים פפושדו ובניהם בע""מ",IL,עוגיות סנדביץ,גרמים,900.00,100 גרם,false,0,18.50,2.06,true,1,
7296073074434,false,פתי בר גדול שופרסל500גרם,שופרסל,IL,פתי בר שופרסל,גרמים,500.00,100 גרם,false,0,8.90,1.78,true,1,
7296073074441,false,פתי בר שוקו גדול שופר500,שופרסל,IL,פתי בר שוקו,גרמים,500.00,100 גרם,false,0,8.90,1.78,true,1,
7296073078395,false,תפוח אדמה נשיקות תפזורת,קטיף.,IL,תפוח אדמה נשיקות,קילוגרמים,0.00,"ק""ג",true,0,5.90,5.90,true,1,
7296073078579,false,דבש טבעי שופרסל 350 גרם,שופרסל,IL,דבש טבעי,גרמים,350.00,100 גרם,false,0,16.90,4.83,true,1,
7296073078586,false,דבש טבעי שופרסל צנצ500גר,שופרסל,IL,דבש טבעי שופרסל,גרמים,500.00,100 גרם,false,0,22.80,4.56,true,1,
7296073078821,false,4 כריות יפניות שופרסל,פלסטו פוליש,IL,כריות יפניות,יחידה,1.00,יחידה,false,0,7.70,7.70,true,1,
7296073078838,false,6 כריות יפניות שופרסל,פלסטו פוליש,IL,כריות יפניות,יחידה,1.00,יחידה,false,0,9.50,9.50,true,1,
7296073078890,false,15מטליות ניקוי כללי שופר,שופרסל,IL,מטליות לניקוי,יחידה,1.00,יחידה,false,0,13.80,13.80,true,1,
7296073078975,false,פריכיות אורז מלא שופר100,שופרסל,IL,פריכיות אורז,גרמים,100.00,100 גרם,false,0,5.90,5.90,true,1,
7296073078982,false,פריכ.אורז 5דגנים שופר100,שופרסל,IL,פריכיות אורז,גרמים,100.00,100 גרם,false,0,5.90,5.90,true,1,
7296073078999,false,פריכ.אורז שיבולת שופר100,שופרסל,IL,פריכיות אורז,גרמים,100.00,100 גרם,false,0,5.90,5.90,true,1,
7296073079002,false,פריכ.דקות אורז מלא ש100.,שופרסל,IL,פריכיות דקות,גרמים,100.00,100 גרם,false,0,6.90,6.90,true,1,
7296073079019,false,פריכיות דק.קצח 100ג שופר,שופרסל,IL,פריכיות דקות,גרמים,100.00,100 גרם,false,0,6.90,6.90,true,1,
7296073079040,false,פריכיות זעתר שופרסל 50גר,שופרסל,IL,פריכיות אורז,גרמים,50.00,100 גרם,false,0,7.50,15.00,true,1,
7296073079057,false,פריכיות מעושן שופרסל50גר,שופרסל,IL,פריכיות שופרסל,גרמים,50.00,100 גרם,false,0,7.50,15.00,true,1,
7296073079859,false,קוביות עגבניות שופר800.ג,פריניר,IL,עגבניות קוביות,גרמים,800.00,100 גרם,false,0,6.20,0.78,true,1,
7296073079866,false,עגבניות מרוסקות שופר800ג,פריניר,IL,עגבניות מרוסקות,גרמים,800.00,100 גרם,false,0,6.20,0.78,true,1,
7296073079903,false,רסק עגבניות 22%שופר100ג,פריניר,IL,רסק עגבניות,גרמים,100.00,100 גרם,false,0,1.80,1.80,true,1,
7296073080497,false,שעועית אפויה שופרסל 570ג,פרי גליל,IL,שעועית אפויה,גרמים,570.00,100 גרם,false,0,5.90,1.04,true,1,
7296073080503,false,אפונה בינונית שופרסל550ג,פרי גליל,IL,אפונה בינונית,גרמים,550.00,100 גרם,false,0,5.40,0.98,true,1,
7296073080510,false,חומוס שלם שופרסל 560 גרם,פרי גליל,IL,חומוס שלם,גרמים,560.00,100 גרם,false,0,5.40,0.96,true,1,
7296073080534,false,תירס מתוק שופרסל 550 גרם,פרי גליל,IL,תירס גרעינים,גרמים,550.00,100 גרם,false,0,5.80,1.05,true,1,
7296073080541,false,אפונה וגזר שופרסל 550 גר,פרי גליל,IL,אפונה וגזר,גרמים,550.00,100 גרם,false,0,5.80,1.05,true,1,
7296073080558,false,תירס לייט שופרסל 550 גרם,פרי גליל,IL,תירס לייט,גרמים,550.00,100 גרם,false,0,6.50,1.18,true,1,
7296073081449,false,פירורי לחם מוזהב שופר200,שופרסל,IL,פירורי לחם,גרמים,200.00,100 גרם,false,0,3.50,1.75,true,1,
7296073081456,false,פירורי לחם לבן שופרסל200,שופרסל,IL,פירורי לחם לבן,גרמים,200.00,100 גרם,false,0,4.70,2.35,true,1,
7296073081579,false,צמר גפן נתלש שופרסל100גר,שופרסל,IL,צמר גפן נתלש,גרמים,100.00,100 גרם,false,0,5.50,5.50,true,1,
7296073081678,false,מזון יבש לכלבים שופר12.ק,סנשיין מילס,US,מזון יבש מלא כלב,קילוגרמים,12.00,"ק""ג",false,0,99.90,8.33,true,1,
7296073081685,false,מזון יבש לחתול שופר1.5.ק,Tuffy's,US,מזון לחתולים,קילוגרמים,1.50,"ק""ג",false,0,27.70,18.47,true,1,
7296073081692,false,מזון יבש לחתול שופרסל3קג,Tuffy's,US,מזון לחתולים,קילוגרמים,3.00,"ק""ג",false,0,46.50,15.50,true,1,
7296073083771,false,פירורי לחם מתובל.שופר200,שופרסל,IL,פירורי לחם,גרמים,200.00,100 גרם,false,0,5.20,2.60,true,1,
7296073087175,false,ריבת תות שופרסל 370 גרם,LTD 99 CIMA,BG,ריבת תות שדה,גרמים,370.00,100 גרם,false,0,9.50,2.57,true,1,
7296073087182,false,ריבת מישמש שופרסל 370גרם,LTD 99 CIMA,BG,ריבת מישמש,גרמים,370.00,100 גרם,false,0,9.50,2.57,true,1,
7296073087243,false,קונפ.דובדבנים שופרסל370ג,LTD 99 CIMA,BG,קונפ.דובדבנים,גרמים,370.00,100 גרם,false,0,12.10,3.27,true,1,
7296073087274,false,קונפ.שזיפים שופרסל 370גר,LTD 99 CIMA,BG,קונפיט.שזיפים,גרמים,370.00,100 גרם,false,0,12.10,3.27,true,1,
7296073087281,false,קונפ.תות שדה שופרסל 370ג,LTD 99 CIMA,BG,קונפיטורת תות,גרמים,370.00,100 גרם,false,0,12.10,3.27,true,1,
7296073087298,false,קונפ.מישמש שופרסל 370 גר,LTD 99 CIMA,BG,קונפיטורה מישמש,גרמים,370.00,100 גרם,false,0,12.10,3.27,true,1,
7296073090496,false,צמר פלדה שופרסל 100 גרם,פלסטו פוליש,IL,צמר פלדה,גרמים,100.00,100 גרם,false,0,5.90,5.90,true,1,
7296073091172,false,פופקורן למיקרו ט.טבעי600,שופרסל,US,פופקורן למיקרו,גרמים,600.00,100 גרם,false,0,13.50,2.25,true,1,
7296073091189,false,פופקורן למיקרו ט.חמאה600,שופרסל,US,פופקורן למיקרו,גרמים,600.00,100 גרם,false,0,13.50,2.25,true,1,
7296073091394,false,גרעין דלעת קלוי במלח,ששון,IL,גרעין לבן קלוי,גרמים,400.00,100 גרם,false,0,17.90,4.48,true,1,
7296073091417,false,בוטן קלוי בקליפה400שופרס,ששון,IL,בוטן קלוי בקליפה,גרמים,400.00,100 גרם,false,0,17.90,4.48,true,1,
7296073091462,false,פיסטוק קלוי200ג שופרסל,ששון,IL,פיסטוק חלבי קלוי,גרמים,200.00,100 גרם,false,0,22.90,11.45,true,1,
7296073091479,false,שקד קלוף קלוי וממולח,ששון,IL,שקד קלוף קלוי,גרמים,200.00,100 גרם,false,0,17.90,8.95,true,1,
7296073091486,false,אגוז קשיו קלוי וממולח,ששון,IL,אגוז קשיו קלוי,גרמים,200.00,100 גרם,false,0,22.90,11.45,true,1,
7296073091493,false,גרעין חמניה קלוי וממולח,ששון,IL,גרעין שחור קלוי,גרמים,200.00,100 גרם,false,0,6.80,3.40,true,1,
7296073091547,false,צימוקים בהירים,ששון,IL,צימוק בהיר,גרמים,400.00,100 גרם,false,0,21.90,5.48,true,1,
7296073091554,false,צימוקים כהים,ששון,IL,צימוק כהה,גרמים,400.00,100 גרם,false,0,17.90,4.48,true,1,
7296073091585,false,שקדים קלופים טבעי,ששון,IL,שקד קלוף טבעי,גרמים,200.00,100 גרם,false,0,17.90,8.95,true,1,
7296073091608,false,אגוזי קשיו טבעיים,ששון,IL,אגוזי קשיו טבעים,גרמים,200.00,100 גרם,false,0,23.90,11.95,true,1,
7296073091622,false,אגוזי ברזיל טבעי,ששון,IL,אגוזי ברזיל טבעי,גרמים,200.00,100 גרם,false,0,24.90,12.45,true,1,
7296073091646,false,צנוברים קלופים,ששון,IL,צנוברים קלופים,גרמים,100.00,100 גרם,false,0,24.90,24.90,true,1,
7296073091653,false,בננה צ'יפס 250גרם,ששון,PH,בננה צ'יפס,גרמים,250.00,100 גרם,false,0,11.50,4.60,true,1,
7296073091677,false,חמוציות מיובשות,ששון,IL,חמוציות 250גרם,גרמים,250.00,100 גרם,false,0,11.90,4.76,true,1,
7296073093176,false,כרוב כבוש שופרסל 560 גרם,שופרסל,IL,כרוב כבוש,גרמים,560.00,100 גרם,false,0,6.90,1.23,true,1,
7296073093213,false,אבקת שוקו שופרסל 500 גרם,שופרסל,IL,אבקת שוקו,גרמים,500.00,100 גרם,false,0,10.80,2.16,true,1,
7296073094746,false,חלווה וניל שופרסל 400גרם,"אחדות בע""מ א.ת. ברקן",IL,חלווה וניל,גרמים,400.00,100 גרם,false,0,12.20,3.05,true,1,
7296073094753,false,חלווה וניל שופרסל 500 גר,"אחדות בע""מ א.ת. ברקן",IL,חלווה וניל,גרמים,500.00,100 גרם,false,0,12.90,2.58,true,1,
7296073095583,false,"אצטון שופרסל 100 מ""ל",שופרסל,IL,אצטון שופרסל,מיליליטרים,100.00,"100 מ""ל",false,0,3.00,3.00,true,1,
7296073103813,false,תפוח אדמה לבן ארוז,---,IL,"תפו""א לבן ארוז",קילוגרמים,0.00,"ק""ג",true,0,4.90,4.90,true,1,
7296073103820,false,תפוח אדמה לטיגון ארוז,---,IL,"תפו""א לטיגון",קילוגרמים,0.00,"ק""ג",true,0,5.50,5.50,true,1,
7296073103844,false,תפוח אדמה למיקרו,קטיף.,IL,"תפו""א למיקרו",יחידה,1.00,יחידה,false,0,6.90,6.90,true,1,
7296073106074,false,טליאטלה שופרסל 500 גרם,שופרסל,IL,פסטה טליאטלה,גרמים,500.00,100 גרם,false,0,9.80,1.96,true,1,
7296073106081,false,טריקולור פרפלה שופר500.ג,שופרסל,IL,טריקולור פרפלה,גרמים,500.00,100 גרם,false,0,6.80,1.36,true,1,
7296073106098,false,פריכיות דק.כוסמת שופר100,שופרסל,IL,פריכיות כוסמת,גרמים,100.00,100 גרם,false,0,6.90,6.90,true,1,
7296073106241,false,מטליות רצפה 6X,,,מטליות רצפה 6X,יחידה,1.00,יחידה,false,0,15.50,15.50,true,1,
7296073107392,false,גרנולה צימוק שקד תפוח400,בריגן קי ג'י,DE,גרנולה שופרסל,גרמים,400.00,100 גרם,false,0,14.50,3.63,true,1,
7296073107408,false,גרנולה שוקו.פקאן שופר400,בריגן קי ג'י,DE,גרנולה שוקולד,גרמים,400.00,100 גרם,false,0,14.50,3.63,true,1,
7296073107989,false,גרעיני תירס שופרסל 800 ג,פרי גליל,IL,גרעיני תירס,גרמים,800.00,100 גרם,false,0,15.50,1.94,true,1,
7296073108146,false,תחתיות ארטישוק שופרסל400,---,IL,תחתיות ארטישוק,גרמים,400.00,100 גרם,false,0,18.20,4.55,true,1,
7296073108269,false,עלי חסה ערבית שטופים,פרסקו,IL,עלי חסה ערבית,גרמים,250.00,100 גרם,false,0,9.90,3.96,true,1,
7296073108313,false,סלט קולסלאו שטוף 400גרם,פרסקו,IL,סלט קולסלאו שטוף,גרמים,400.00,100 גרם,false,0,8.50,2.13,true,1,
7296073108320,false,שבבי גזר שטופים 400גרם,---,IL,שבבי גזר שטופים,גרמים,400.00,100 גרם,false,0,8.50,2.13,true,1,
7296073108344,false,לקט קלאסי שטוף350גרם,פרסקו,IL,לקט קלאסי שטוף,גרמים,350.00,100 גרם,false,0,10.50,3.00,true,1,
7296073108351,false,חסה אייסברג שטופה 300גרם,פרסקו,IL,חסה אייסברג שטוף,גרמים,300.00,100 גרם,false,0,9.90,3.30,true,1,
7296073108368,false,לקט הגינה שטוף 300גרם,---,IL,לקט הגינה שטוף,גרמים,300.00,100 גרם,false,0,10.50,3.50,true,1,
7296073108375,false,כרוב לבן שטוף לאכילה400ג,פרסקו,IL,כרוב לבן שטוף,גרמים,400.00,100 גרם,false,0,8.50,2.13,true,1,
7296073108443,false,"קמח מלא שופרסל 1 ק""ג",שופרסל,IL,קמח חיטה מלא,קילוגרמים,1.00,"ק""ג",false,0,6.30,6.30,true,1,
7296073108573,false,קרם קרקר שופרסל 230 גרם,שופרסל,IL,קרם קרקר,גרמים,230.00,100 גרם,false,0,7.50,3.26,true,1,
7296073109822,false,תמר מג'הול 400ג שופרסל,הדיקלאים,IL,תמר מג'הול 400ג,גרמים,400.00,100 גרם,false,0,12.90,3.23,true,1,
7296073112464,false,פוזילי חיטה מלא.שופר500ג,שופרסל,IT,פוזילי שופרסל,גרמים,500.00,100 גרם,false,0,7.50,1.50,true,1,
7296073112471,false,ספגטי חיטה מלאה שופר500ג,שופרסל,IL,ספגטי שופרסל,גרמים,500.00,100 גרם,false,0,7.50,1.50,true,1,
7296073112617,false,6 ספוג.לניקוי מופלא שופר,שופרסל,DE,ספוגית ניקוי,יחידה,1.00,יחידה,false,0,8.80,8.80,true,1,
7296073113256,false,חרדל דיז'ון שופרסל 370גר,שופרסל,FR,חרדל דיז'ון,גרמים,370.00,100 גרם,false,0,8.90,2.41,true,1,
7296073113263,false,חרדל צרפתי שופרסל 370גרם,שופרסל,FR,חרדל צרפתי,גרמים,370.00,100 גרם,false,0,6.50,1.76,true,1,
7296073115762,false,קורנפלור שופרסל 200 גרם,שופרסל,IL,קורנפלור,גרמים,200.00,100 גרם,false,0,3.50,1.75,true,1,
7296073116769,false,קוקוס טחון שופרסל 100גרם,מיה,IL,קוקוס טחון,גרמים,100.00,100 גרם,false,0,4.00,4.00,true,1,
7296073116776,false,קוקוס טחון שופרסל 400גרם,מיה,IL,קוקוס טחון,גרמים,400.00,100 גרם,false,0,11.70,2.93,true,1,
7296073116790,false,שומשום שופרסל 400 גרם,מיה,IL,שומשום שופרסל,גרמים,400.00,100 גרם,false,0,11.50,2.88,true,1,
7296073116837,false,קוואקר שופרסל 500 גרם,שופרסל,IL,קוואקר שופרסל,גרמים,500.00,100 גרם,false,0,9.60,1.92,true,1,
7296073117872,false,חרוזי זיתים מושחר שופ560,שופרסל,IL,חרוזי זיתים,גרמים,540.00,100 גרם,false,0,8.00,1.48,true,1,
7296073118770,false,עלי בייבי שטופים 300גרם,פרסקו,IL,עלי בייבי שטופים,גרמים,300.00,100 גרם,false,0,13.90,4.63,true,1,
7296073121176,false,תמר חלאוי 400ג שופרסל,הדיקלאים,IL,תמר חלאוי400גרם,גרמים,400.00,100 גרם,false,0,12.90,3.23,true,1,
7296073121183,false,תמר דקל נור 400ג שופרסל,ערדום תמרים,IL,תמר דקל נור 400ג,גרמים,400.00,100 גרם,false,0,12.90,3.23,true,1,
7296073121190,false,תמר אמרי 400גרם שופרסל,הדיקלאים,IL,תמר אמרי 400 גרם,גרמים,400.00,100 גרם,false,0,12.90,3.23,true,1,
7296073122258,false,תערובת אגוזים 200גשופרסל,ששון,IL,תערובת אגוזים,גרמים,200.00,100 גרם,false,0,22.90,11.45,true,1,
7296073123712,false,"תמצית רום שופרסל 50 מ""ל",מיה,IL,תמצית רום,מיליליטרים,50.00,"100 מ""ל",false,0,4.00,8.00,true,1,
7296073123729,false,"תמצית וניל שופרסל 50 מ""ל",מיה,IL,תמצית וניל,מיליליטרים,50.00,"100 מ""ל",false,0,4.00,8.00,true,1,
7296073123996,false,שעועית מש שופרסל 500 גרם,מיה,IL,שעועית מש,גרמים,500.00,100 גרם,false,0,9.80,1.96,true,1,
7296073124160,false,שום קפוא מגשית שופרסל 80,שופרסל,IL,שום קפוא מגשית,גרמים,80.00,100 גרם,false,0,11.90,14.88,true,1,
7296073124177,false,שום כתוש צנצנת שופרסל200,שופרסל,IL,שום כתוש,גרמים,200.00,100 גרם,false,0,14.90,7.45,true,1,
7296073124382,false,ספגטיני מספר 3 שופרסל500,שופרסל,IT,ספגטיני מס' 3,גרמים,500.00,100 גרם,false,0,4.90,0.98,true,1,
7296073124399,false,ספגטי מספר 5 שופרסל 500ג,שופרסל,IT,ספגטי מס' 5,גרמים,500.00,100 גרם,false,0,4.90,0.98,true,1,
7296073125303,false,מלפפונים בחומץ 7-9 540גר,שופרסל,IL,מלפפונים בחומץ,גרמים,540.00,100 גרם,false,0,6.30,1.17,true,1,
7296073125327,false,מלפפונים בחומץ10-12 540ג,שופרסל,IL,מלפפונים בחומץ,גרמים,540.00,100 גרם,false,0,6.80,1.26,true,1,
7296073125341,false,מלפפונים בחומץ18-25 540ג,שופרסל,IL,מלפפונים בחומץ,גרמים,540.00,100 גרם,false,0,10.90,2.02,true,1,
7296073125358,false,מלפפ.במלח7-9שופר560ג20%+,שופרסל,IL,מלפפונים במלח,גרמים,650.00,100 גרם,false,0,6.30,0.97,true,1,
7296073125884,false,שמן סויה שופרסל 1 ליטר,NV AOR,BE,שמן סויה,ליטרים,1.00,ליטר,false,0,7.50,7.50,true,1,
7296073125907,false,מי פה ט.מנטה שופרסל500מל,שופרסל,ES,מי פה מנטה,מיליליטרים,500.00,"100 מ""ל",false,0,13.90,2.78,true,1,
7296073125914,false,מי פה ט.מרענן שופרסל500מ,מעבדות בוניקט,ES,מי פה טעם מרענן,מיליליטרים,500.00,"100 מ""ל",false,0,13.90,2.78,true,1,
7296073128229,false,מעדן תות שדה שופרסל284גר,LTD 99 CIMA,BG,מעדן תות שדה,גרמים,284.00,100 גרם,false,0,12.80,4.51,true,1,
7296073128236,false,מעדן משמש שופרסל 284 גרם,LTD 99 CIMA,BG,מעדן מישמש,גרמים,284.00,100 גרם,false,0,12.80,4.51,true,1,
7296073128250,false,מעדן אוכמניות כחולות284ג,LTD 99 CIMA,IL,מעדן אוכמניות,גרמים,284.00,100 גרם,false,0,12.80,4.51,true,1,
7296073128267,false,מעדן פירות אדומ.שופר284ג,LTD 99 CIMA,BG,מעדן פירות אדומ.,גרמים,284.00,100 גרם,false,0,12.80,4.51,true,1,
7296073129431,false,פתיתים קוסקוס שופרסל500ג,אסיף תעשיות מזון,IL,פתיתים קוסקוס,גרמים,500.00,100 גרם,false,0,4.50,0.90,true,1,
7296073129448,false,פתיתים טבעות שופרסל500גר,אסיף תעשיות מזון,IL,פתיתים טבעות,גרמים,500.00,100 גרם,false,0,4.50,0.90,true,1,
7296073129455,false,פתיתים אורז שופרסל 500גר,אסיף תעשיות מזון,IL,פתיתים אורז,גרמים,500.00,100 גרם,false,0,4.50,0.90,true,1,
7296073129479,false,פתיתים כוכבים שופרסל500ג,אסיף תעשיות מזון,IL,פתיתים כוכבים,גרמים,500.00,100 גרם,false,0,4.50,0.90,true,1,
7296073129523,false,נר נשמה שבועי שופרסל,שופרסל,IL,נר נשמה שבועי,יחידה,1.00,יחידה,false,0,9.90,9.90,true,1,
7296073130499,false,"מיץ לימון שופרסל 200 מ""ל",סי פרווידר,IT,מיץ לימון שופרסל,מיליליטרים,200.00,"100 מ""ל",false,0,5.90,2.95,true,1,
7296073132400,false,"מיץ לימון שופרסל 500 מ""ל",סי פרווידר,IT,מיץ לימון,מיליליטרים,500.00,"100 מ""ל",false,0,6.20,1.24,true,1,
7296073132448,false,שמן תירס שופרסל 1 ליטר,NV AOR,BE,שמן תירס שופרסל,ליטרים,1.00,ליטר,false,0,13.60,13.60,true,1,
7296073132462,false,לבבות דקל חתוכ.שופר400.ג,אינדוסטריה אגריקולה,EC,לבבות דקל,גרמים,400.00,100 גרם,false,0,8.00,2.00,true,1,
7296073132479,false,לבבות דקל שלמים שופר400ג,אינדוסטריה אגריקולה,EC,לבבות דקל שלמים,גרמים,400.00,100 גרם,false,0,8.50,2.13,true,1,
7296073132806,false,חרוזי זיתים שופרסל560גרם,קבוצת יבנה,IL,חרוזי זיתים,גרמים,560.00,100 גרם,false,0,8.80,1.57,true,1,
7296073132820,false,סלק בואקום 500 גרם,שופרסל,XX,סלק בואקום 500ג,גרמים,500.00,100 גרם,false,0,8.90,1.78,true,1,
7296073132936,false,עוגת מאפין שיש שופרסל400,גידרון,IL,עוגת מאפין,גרמים,400.00,100 גרם,false,0,10.90,2.73,true,1,
7296073132943,false,עוגת מאפין שוק.שופרסל400,גידרון,IL,עוגת מאפין,גרמים,400.00,100 גרם,false,0,10.90,2.73,true,1,
7296073132950,false,עוגת מאפין וניל שופר400ג,גידרון,IL,עוגת מאפין,גרמים,400.00,100 גרם,false,0,10.90,2.73,true,1,
7296073132974,false,צלחת לבן ELEGANT ענק 25,,IL,צלחות ענק,יחידה,1.00,יחידה,false,0,14.90,14.90,true,1,
7296073132981,false,צלחת גדולה לבנה ELEGANT,,IL,צלחות גדולה,יחידה,1.00,יחידה,false,0,9.90,9.90,true,1,
7296073132998,false,צלחת קטנה לבנה ELEGANT 9,,IL,צלחות קטנות,יחידה,1.00,יחידה,false,0,7.90,7.90,true,1,
7296073133001,false,קערית מרק לבן אלגנט 25יח,שופרסל,IL,קעריות מרק,יחידה,1.00,יחידה,false,0,7.90,7.90,true,1,
7296073133056,false,צלחת קרם אלגנט ענק 25 יח,,IL,צלחות קרם ענק,יחידה,1.00,יחידה,false,0,14.90,14.90,true,1,
7296073133070,false,צלחות קטנות קרם שופרסל 2,,IL,צלחות קטנות,יחידה,1.00,יחידה,false,0,7.90,7.90,true,1,
7296073133087,false,קעריות מרק קרם ELEGANT 2,שופרסל,IL,קעריות מרק,יחידה,1.00,יחידה,false,0,7.90,7.90,true,1,
7296073134442,false,קרקר חיטה שופרסל 300 גרם,שופרסל,CZ,קרקר חיטה,גרמים,300.00,100 גרם,false,0,13.50,4.50,true,1,
7296073134459,false,קרקר סגנ.שוודי שופרסל300,שופרסל,CZ,קרקר שוודי,גרמים,300.00,100 גרם,false,0,13.50,4.50,true,1,
7296073134534,false,קפה טורקי שופרסל 100 גרם,שופרסל,IL,קפה טורקי שופרסל,גרמים,100.00,100 גרם,false,0,5.50,5.50,true,1,
7296073134541,false,קפה טורקי שופרסל 100*3גר,שופרסל,IL,קפה טורקי 3 יח',גרמים,300.00,100 גרם,false,0,14.80,4.93,true,1,
7296073134930,false,שעועית ארגנטינאית 500גרם,מיה,IL,שעועית ארגנטינאי,גרמים,500.00,100 גרם,false,0,9.80,1.96,true,1,
7296073140177,false,עוגת מאפין דבש שופר360גר,---,IL,עוגת מאפין דבש,גרמים,360.00,100 גרם,false,0,14.10,3.92,true,1,
7296073140184,false,עוגת מאפין תפוז שופר400ג,גידרון,IL,עוגת מאפין תפוז,גרמים,400.00,100 גרם,false,0,10.90,2.73,true,1,
7296073140801,false,חטיף חלבה וניל שופרסל100,"אחדות בע""מ א.ת. ברקן",IL,חטיף חלבה שופרסל,גרמים,100.00,100 גרם,false,0,2.80,2.80,true,1,
7296073140979,false,60מגן תחתון נורמל שופרסל,קוראטקס,DE,מגן תחתון שופרסל,יחידה,1.00,יחידה,false,0,12.90,12.90,true,1,
7296073140986,false,52מגן תחתון לארג' שופרסל,שופרסל,DE,מגן תחתון שופרסל,יחידה,1.00,יחידה,false,0,12.90,12.90,true,1,
7296073140993,false,28 תחבושות נורמל+ שופרסל,קוראטקס,DE,תחבושות שופרסל,יחידה,1.00,יחידה,false,0,12.50,12.50,true,1,
7296073141006,false,24 תחבושות סופר+ שופרסל,קוראטקס,DE,תחבושות שופרסל,יחידה,1.00,יחידה,false,0,12.50,12.50,true,1,
7296073141143,false,שוקולד חלב שופרסל100 גרם,"שוקולד פריי בע""מ",CH,שוקולד חלב,גרמים,100.00,100 גרם,false,0,5.00,5.00,true,1,
7296073143437,false,"ברנפלקס ללת""ס שופרסל 500",בריגן קי. ג'י,DE,"ברנפלקס ללת""ס",גרמים,500.00,100 גרם,false,0,16.80,3.36,true,1,
7296073150442,false,תערובת לכדורי שוקולד500ג,"י.כהן בע""מ",IL,תערובת לכדורים,גרמים,500.00,100 גרם,false,0,14.00,2.80,true,1,
7296073150527,false,קורנפלקס שופרסל 750 גרם,שופרסל,DK,קורנפלקס שופרסל,גרמים,750.00,100 גרם,false,0,11.50,1.53,true,1,
7296073151463,false,פריכיות דקות דל נתרן100ג,שופרסל,IL,פריכיות דקות,גרמים,100.00,100 גרם,false,0,6.90,6.90,true,1,
7296073151548,false,מלח בישול גס שופרסל 1 קג,מלח הארץ אילת,IL,מלח בישול גס,קילוגרמים,1.00,"ק""ג",false,0,1.80,1.80,true,1,
7296073151555,false,מלח שולחן דק שופרסל 1 קג,מלח הארץ אילת,IL,מלח שולחן דק,קילוגרמים,1.00,"ק""ג",false,0,1.80,1.80,true,1,
7296073153238,false,גזר ארוז שופרסל,,IL,גזר ארוז שופרסל,קילוגרמים,0.00,"ק""ג",true,0,3.90,3.90,true,1,
7296073153290,false,מזון לחתול מיקס שופרסל3ק,Tuffy's,GB,מזון לחתולים,קילוגרמים,3.00,"ק""ג",false,0,48.00,16.00,true,1,
7296073153337,false,מקרוני בוקטיני מס14 500ג,שופרסל,IL,מקרוני בוקטיני,גרמים,500.00,100 גרם,false,0,4.90,0.98,true,1,
7296073153849,false,זוג רדידי אלומיניום 7.2X,שופרסל,IL,זוג רדידי אלומינ,מטרים,30.00,מטר,false,0,9.90,0.33,true,1,
7296073153870,false,זוג רדידי אלומיניום רחב,שופרסל,IL,זוג רדידי אלומינ,מטרים,15.00,מטר,false,0,15.90,1.06,true,1,
7296073156246,false,עוגת בראוניס ש.צ'יפס400ג,גידרון,IL,עוגת בראוניס,גרמים,400.00,100 גרם,false,0,14.90,3.73,true,1,
7296073156611,false,שוקולד מריר 60% קקאו100ג,"שוקולד פריי בע""מ",CH,שוקולד מריר 60%,גרמים,100.00,100 גרם,false,0,6.80,6.80,true,1,
7296073160663,false,פסטה פוזילי 3 דקות 500 ג,שופרסל,IL,פסטה פוזילי,גרמים,500.00,100 גרם,false,0,6.30,1.26,true,1,
7296073160670,false,פסטה גנצ'טי 3 דקות 500 ג,שופרסל,IT,פסטה גנצ'ט'י,גרמים,500.00,100 גרם,false,0,6.30,1.26,true,1,
7296073161479,false,פריכיות תירס 100 גרם,שופרסל,IL,פריכיות תירס,גרמים,100.00,100 גרם,false,0,6.90,6.90,true,1,
7296073161493,false,שוק.מריר60%שופרסל 100*2ג,שופרסל,CH,שוקולד מריר זוג,גרמים,200.00,100 גרם,false,0,12.50,6.25,true,1,
7296073161509,false,שוק.חלב אגוזי לוז100*3גר,שופרסל,CH,שוקולד אגוז 3 יח,גרמים,300.00,100 גרם,false,0,18.90,6.30,true,1,
7296073161721,false,נייר אפיה 50 יח' 42X38 ס,שופרסל,IL,נייר אפיה,יחידה,1.00,יחידה,false,0,9.90,9.90,true,1,
7296073161783,false,קבוקים שומשום400ג שופרסל,שופרסל,CN,קבוקים עם שומשום,גרמים,400.00,100 גרם,false,0,14.90,3.73,true,1,
7296073162520,false,ברזלית בצלינדר שופרסל6יח,פלסטו פוליש,CN,ברזלית בצלינדר,יחידה,1.00,יחידה,false,0,13.80,13.80,true,1,
7296073163084,false,נקניקיות וינר שופרסל400ג,מעדני יחיעם,IL,נקניקיות וינר,גרמים,400.00,100 גרם,false,0,10.00,2.50,true,1,
7296073163107,false,נקניקיות וינר שופרסל1.5ק,שופרסל,IL,נקניקיות וינר,קילוגרמים,1.50,"ק""ג",false,0,28.90,19.27,true,1,
7296073163114,false,נקניקיות מיני שופרסל600ג,---,IL,נקניקיות מיני,גרמים,600.00,100 גרם,false,0,15.90,2.65,true,1,
7296073169239,false,רוטב עגבניות לשקשוקה260ג,שופרסל,IL,רוטב לשקשוקה,גרמים,260.00,100 גרם,false,0,4.30,1.65,true,1,
7296073169246,false,רוטב עגבניות לפסטה260גרם,שופרסל,IL,רוטב לפסטה,גרמים,260.00,100 גרם,false,0,4.30,1.65,true,1,
7296073169543,false,40 מטליות רב שימושיות,שופרסל,IL,"מטליות רב""ש",יחידה,1.00,יחידה,false,0,18.70,18.70,true,1,
7296073169550,false,3 מטליות מיקרופייבר שופר,שופרסל,CN,מטליות מיקרופיבר,יחידה,1.00,יחידה,false,0,12.80,12.80,true,1,
7296073169833,false,"שוק.מריר 72%ללת""ס 100 גר",שופרסל,CH,"שוקולד ללת""ס",גרמים,100.00,100 גרם,false,0,9.50,9.50,true,1,
7296073169840,false,"שוק.חלב ללת""ס 100 גרם","שוקולד פריי בע""מ",CH,"שוקולד ללת""ס",גרמים,100.00,100 גרם,false,0,9.50,9.50,true,1,
7296073170839,false,שוקולד לבן שוויצרי 100גר,"שוקולד פריי בע""מ",CH,שוקולד לבן,גרמים,100.00,100 גרם,false,0,5.00,5.00,true,1,
7296073170853,false,צ'יפס קלאסי שופרסל 2.5קג,תפוגן,IL,צ'יפס קלאסי,קילוגרמים,2.50,"ק""ג",false,0,31.90,12.76,true,1,
7296073170860,false,צ'יפס קלאסי שופרסל 1.5קג,תפוגן,IL,צ'יפס קלאסי,קילוגרמים,1.50,"ק""ג",false,0,19.90,13.27,true,1,
7296073170877,false,צ'יפס אמריקאי שופרסל 1.5,תפוגן,IL,צ'יפס אמריקאי,קילוגרמים,1.50,"ק""ג",false,0,19.90,13.27,true,1,
7296073170884,false,סטייק צ'יפס שופרסל 1.5קג,תפוגן,IL,סטייק צ'יפס,קילוגרמים,1.50,"ק""ג",false,0,19.90,13.27,true,1,
7296073170938,false,44 מגני תחתון לונג +,קוראטקס,DE,מגני תחתון,יחידה,1.00,יחידה,false,0,12.90,12.90,true,1,
7296073171126,false,שוק.לבן שוויצרי 100*3 גר,שופרסל,CH,שוקולד לבן 3 יח',גרמים,300.00,100 גרם,false,0,14.50,4.83,true,1,
7296073173045,false,דבש טבעי לחיץ שופרסל500ג,שופרסל,IL,דבש לחיץ שופרסל,גרמים,500.00,100 גרם,false,0,27.60,5.52,true,1,
7296073173199,false,אפונה ירוקה עדינה שופרסל,שופרסל,IL,אפונה עדינה,גרמים,600.00,100 גרם,false,0,16.90,2.82,true,1,
7296073173205,false,שעועית ירוקה עדינה שופרס,ARDO,BE,שעועית ירוקה,גרמים,600.00,100 גרם,false,0,18.90,3.15,true,1,
7296073173212,false,שעועית ירוקה שלמה שופרסל,ARDO,IL,שעועית ירוקה,גרמים,800.00,100 גרם,false,0,16.60,2.08,true,1,
7296073173229,false,שעועית ירוקה חתוכה שופרס,ARDO,BE,שעועית ירוקה,גרמים,800.00,100 גרם,false,0,15.50,1.94,true,1,
7296073173304,false,"קמח חיטה לאפיית לחם 1ק""ג",שופרסל,IL,קמח לאפית לחם,קילוגרמים,1.00,"ק""ג",false,0,6.30,6.30,true,1,
7296073173311,false,קמח תופח מועשר שופרסל 1ק,שופרסל,IL,קמח תופח מועשר,קילוגרמים,1.00,"ק""ג",false,0,6.30,6.30,true,1,
7296073179689,false,עינוגי פקאן שופרסל 400גר,שופרסל,DE,עינוגי פקאן,גרמים,400.00,100 גרם,false,0,17.90,4.48,true,1,
7296073179863,false,דבש טבעי לחיץ שופרסל250ג,שופרסל,IL,דבש לחיץ,גרמים,250.00,100 גרם,false,0,15.50,6.20,true,1,
7296073179979,false,תחתיות ארטישוק שופרסל 00,LTD ALEX COLD,EG,תחתיות ארטישוק,גרמים,400.00,100 גרם,false,0,18.20,4.55,true,1,
7296073180203,false,עלי רוקט שטופים 150גרם,פרסקו,IL,עלי רוקט150ג',גרמים,150.00,100 גרם,false,0,9.50,6.33,true,1,
7296073180210,false,עלי תרד בייבי שטופים400ג,פרסקו,IL,עלי תרד בייבי,גרמים,400.00,100 גרם,false,0,15.90,3.98,true,1,
7296073180449,false,רוטב לפסטה,,IL,רוטב לפסטה,גרמים,350.00,100 גרם,false,0,8.90,2.54,true,1,
7296073180548,false,אגוזי מלך קלוף טבעי 150ג,ששון,IL,א.מלך טבעי קלוף,גרמים,150.00,100 גרם,false,0,12.90,8.60,true,1,
7296073180630,false,מטליות לחות לרצפה 10יח,טרופיקל דגיל,IL,מטליות לחות,יחידה,1.00,יחידה,false,0,9.90,9.90,true,1,
7296073187363,false,פחם דרום אמריקאי,,PY,פחם דרום אמריקאי,קילוגרמים,2.00,"ק""ג",false,0,13.90,6.95,true,1,
7296073189572,false,פקאן סיני 200גרם שופרסל,שקרצי,IL,פקאן סיני 200גרם,גרמים,200.00,100 גרם,false,0,24.90,12.45,true,1,
7296073189589,false,פקאן טבעי 200גרם שופרסל,שקרצי,IL,פקאן טבעי 200גרם,גרמים,200.00,100 גרם,false,0,25.90,12.95,true,1,
7296073189596,false,בוטן מטוגן200גרם שופרסל,שקרצי,IL,בוטן מטוגן200גרם,גרמים,200.00,100 גרם,false,0,7.90,3.95,true,1,
7296073189602,false,בוטן מטוגן 400גרם שופרסל,שקרצי,IL,בוטן מטוגן,גרמים,400.00,100 גרם,false,0,14.90,3.73,true,1,
7296073189671,false,גרעיני דלעת קלופים,ששון,IL,גרעין דלעת קלוף,גרמים,150.00,100 גרם,false,0,11.90,7.93,true,1,
7296073189688,false,ג.חמניה קלוף150ג שופרסל,ששון,IL,גרעין חמניה 150ג,גרמים,150.00,100 גרם,false,0,5.80,3.87,true,1,
7296073191162,false,יין אדום מתוק קדרון650מל,הכורמים,IL,יין אדום קדרון,מיליליטרים,650.00,"100 מ""ל",false,0,14.40,2.22,true,1,
7296073191261,false,תחתיות ארטישוק שופר390גר,Raal El Conservas,ES,תחתיות ארטישוק,גרמים,390.00,100 גרם,false,0,9.30,2.38,true,1,
7296073191421,false,קפה טורקי 4 יח,,IL,קפה טורקי 4 יח,גרמים,400.00,100 גרם,false,0,19.90,4.98,true,1,
7296073191452,false,מסיר כתמים מרסס,,IL,מסיר כתמים מרסס,מיליליטרים,750.00,"100 מ""ל",false,0,9.80,1.31,true,1,
7296073193784,false,כרובית שטופה 500גרם,---,IL,כרובית שטופה,גרמים,500.00,100 גרם,false,0,14.00,2.80,true,1,
7296073193791,false,ברוקולי שטוף 400גרם,פרסקו,IL,ברוקולי שטוף,גרמים,400.00,100 גרם,false,0,15.00,3.75,true,1,
7296073195252,false,פריכיות אורז מלא,,IL,פריכיות אורז מלא,גרמים,100.00,100 גרם,false,0,7.50,7.50,true,1,
7296073195894,false,אטריות דקיקות שופרסל400ג,שיבולים בני דרום,IL,אטריות דקיקות,גרמים,400.00,100 גרם,false,0,4.90,1.23,true,1,
7296073195900,false,אטריות דקות שופרסל 400ג,שיבולים בני דרום,IL,אטריות דקות,גרמים,400.00,100 גרם,false,0,4.90,1.23,true,1,
7296073195924,false,אטריות רחבות שופרסל400ג,שיבולים בני דרום,IL,אטריות דקות,גרמים,400.00,100 גרם,false,0,4.90,1.23,true,1,
7296073197478,false,שוקולד מריר 3 יח,,CH,שוקולד מריר 3 יח,גרמים,300.00,100 גרם,false,0,12.90,4.30,true,1,
7296073199380,false,רוטב צ'ילי מתוק שופר810ג,תאי פרידה אינדסטרי,TH,רוטב צ'ילי מתוק,גרמים,810.00,100 גרם,false,0,12.80,1.58,true,1,
7296073200987,false,פטריות חתוכות 3 * 400 גר,פרוצ'אמפ,NL,פטריות חתוכות3יח,קילוגרמים,1.20,"ק""ג",false,0,11.90,9.92,true,1,
7296073201410,false,נודלס רחב להקפצה 400ג,פרוצ'אמפ,CN,נודלס רחב להקפצה,גרמים,400.00,100 גרם,false,0,9.80,2.45,true,1,
7296073202479,false,שוקולד מריר 6 יח,,CH,שוקולד מריר 6 יח,גרמים,600.00,100 גרם,false,0,23.90,3.98,true,1,
7296073204640,false,בוטן אמריקאי200ג שופרסל,ששון,IL,בוטנים אמריקאים,גרמים,200.00,100 גרם,false,0,6.90,3.45,true,1,
7296073204879,false,שניצל תירס שופרסל 750גרם,---,IL,שניצל תירס,גרמים,750.00,100 גרם,false,0,19.90,2.65,true,1,
7296073205081,false,מיונז,,IL,מיונז,גרמים,500.00,100 גרם,false,0,7.90,1.58,true,1,
7296073205418,false,פוזילי מלא,,IT,פוזילי מלא,גרמים,500.00,100 גרם,false,0,8.90,1.78,true,1,
7296073205487,false,ספגטי מלא אורגני,,IT,ספגטי מלא אורגני,גרמים,500.00,100 גרם,false,0,8.90,1.78,true,1,
7296073205692,false,רוט.עגב.שום אורג.גרין350,אלת'אה אס.פי.איי,IT,רוטבעגבניות שום,גרמים,350.00,100 גרם,false,0,13.90,3.97,true,1,
7296073205975,false,מסיר לק,,IL,מסיר לק,מיליליטרים,100.00,"100 מ""ל",false,0,10.20,10.20,true,1,
7296073206347,false,דבש אקליפטוס,,IL,דבש אקליפטוס,גרמים,500.00,100 גרם,false,0,24.70,4.94,true,1,
7296073206682,false,טונה בשמן קנולה 160*4ג,תעשיות פילטונה,IL,טונה בשמן 4 יח,גרמים,640.00,100 גרם,false,0,21.90,3.42,true,1,
7296073207078,false,בוטן קלוף קלוי במלח,ששון,IL,בוטן קלוף קלוי,גרמים,300.00,100 גרם,false,0,12.90,4.30,true,1,
7296073208624,false,סילאן לחיץ,,IL,סילאן לחיץ,גרמים,400.00,100 גרם,false,0,11.80,2.95,true,1,
7296073209225,false,"3ספוגיות קירצוף 9*72 ס""מ",פלסטו פוליש,IL,ספוגיות קירצוף,יחידה,1.00,יחידה,false,0,7.90,7.90,true,1,
7296073209249,false,ספגיות קירצוף 6 יחידות,פלסטו פוליש,IL,ספוגיות קירצוף,יחידה,1.00,יחידה,false,0,4.90,4.90,true,1,
7296073211624,false,פילה אמנון קפוא קג,---,CN,פילה אמנון קפוא,קילוגרמים,0.00,"ק""ג",true,0,29.90,29.90,true,1,
7296073211822,false,"רוטב סויה לבישול 700 מ""ל",תאי פרידה אינדסטרי,TH,רוטב סויה,מיליליטרים,700.00,"100 מ""ל",false,0,10.90,1.56,true,1,
7296073211969,false,ופל בלגי שוקולד200 גרם,גילרו,IL,ופל בלגי שוקולד,גרמים,200.00,100 גרם,false,0,4.00,2.00,true,1,
7296073214120,false,חתיכות אננס,,TH,חתיכות אננס,גרמים,850.00,100 גרם,false,0,8.30,0.98,true,1,
7296073214137,false,פלחי אפרסקים,,CN,פלחי אפרסקים,גרמים,820.00,100 גרם,false,0,7.90,0.96,true,1,
7296073215820,false,כורכום טחון,,IL,כורכום טחון,גרמים,100.00,100 גרם,false,0,6.70,6.70,true,1,
7296073215844,false,כורכום טחון,,IL,כורכום טחון,גרמים,40.00,100 גרם,false,0,5.90,14.75,true,1,
7296073215851,false,כורכום במיכל,,IL,כורכום במיכל,גרמים,100.00,100 גרם,false,0,9.80,9.80,true,1,
7296073215875,false,כמון טחון,,IL,כמון טחון,גרמים,100.00,100 גרם,false,0,7.70,7.70,true,1,
7296073215929,false,קנמון טחון,,IL,קנמון טחון,גרמים,40.00,100 גרם,false,0,5.90,14.75,true,1,
7296073215936,false,קנמון טחון,,IL,קנמון טחון,גרמים,80.00,100 גרם,false,0,6.90,8.63,true,1,
7296073215943,false,אורגנו בשקית,,IL,אורגנו בשקית,גרמים,20.00,100 גרם,false,0,5.30,26.50,true,1,
7296073215967,false,שוםגבישי,,IL,שוםגבישי,גרמים,100.00,100 גרם,false,0,9.50,9.50,true,1,
7296073215974,false,שום גבישי,,IL,שום גבישי,גרמים,120.00,100 גרם,false,0,10.80,9.00,true,1,
7296073215981,false,אבקת שום,,IL,אבקת שום,גרמים,90.00,100 גרם,false,0,8.20,9.11,true,1,
7296073216018,false,תערובת תיבול,,IL,תערובת תיבול,גרמים,100.00,100 גרם,false,0,7.70,7.70,true,1,
7296073216032,false,תערובת גריל עוף,,IL,תערובת גריל עוף,גרמים,150.00,100 גרם,false,0,10.80,7.20,true,1,
7296073216049,false,תערוב תיבול,,IL,תערוב תיבול,גרמים,100.00,100 גרם,false,0,6.30,6.30,true,1,
7296073216063,false,חוואג' למרק,,IL,חוואג' למרק,גרמים,100.00,100 גרם,false,0,7.70,7.70,true,1,
7296073216100,false,צ'ילי כתוש,,IL,צ'ילי כתוש,גרמים,25.00,100 גרם,false,0,6.00,24.00,true,1,
7296073216117,false,אבקת קרי,,IL,אבקת קרי,גרמים,100.00,100 גרם,false,0,5.60,5.60,true,1,
7296073216148,false,פלפל שחור טחון,,IL,פלפל שחור טחון,גרמים,100.00,100 גרם,false,0,12.20,12.20,true,1,
7296073216155,false,פלפל שחור,,IL,פלפל שחור,גרמים,40.00,100 גרם,false,0,9.90,24.75,true,1,
7296073216193,false,פלפל שחור,,IL,פלפל שחור,גרמים,90.00,100 גרם,false,0,14.90,16.56,true,1,
7296073216216,false,פלפל לבן,,IL,פלפל לבן,גרמים,40.00,100 גרם,false,0,10.90,27.25,true,1,
7296073216223,false,פפריקה מתוקה,,IL,פפריקה מתוקה,גרמים,80.00,100 גרם,false,0,4.80,6.00,true,1,
7296073216247,false,פפריקה מתוקה,,IL,פפריקה מתוקה,גרמים,100.00,100 גרם,false,0,10.80,10.80,true,1,
7296073216261,false,פפריקה מתוקה,,IL,פפריקה מתוקה,גרמים,80.00,100 גרם,false,0,6.10,7.63,true,1,
7296073216278,false,פפריקה מרוקאית,,IL,פפריקה מרוקאית,גרמים,90.00,100 גרם,false,0,8.80,9.78,true,1,
7296073216292,false,פפריקה חריפה,,IL,פפריקה חריפה,גרמים,80.00,100 גרם,false,0,4.70,5.88,true,1,
7296073216308,false,פפריקה חריפה,,IL,פפריקה חריפה,גרמים,100.00,100 גרם,false,0,10.80,10.80,true,1,
7296073218159,false,תיבול לקציצות,,IL,תיבול לקציצות,גרמים,100.00,100 גרם,false,0,5.60,5.60,true,1,
7296073218166,false,פלפל אנגלי שלם,,IL,פלפל אנגלי שלם,גרמים,25.00,100 גרם,false,0,6.50,26.00,true,1,
7296073218234,false,סוכר חום אורגני,,IL,סוכר חום אורגני,קילוגרמים,1.00,"ק""ג",false,0,11.80,11.80,true,1,
7296073218333,false,פופקורן מופחת,,US,פופקורן מופחת,גרמים,510.00,100 גרם,false,0,13.50,2.65,true,1,
7296073218753,false,פתי בר שופרסל 500 גרם,BV BISCUIT PALLY,NL,פתי בר,גרמים,500.00,100 גרם,false,0,8.90,1.78,true,1,
7296073218807,false,בישקוטים,,IT,בישקוטים,גרמים,200.00,100 גרם,false,0,7.20,3.60,true,1,
7296073218920,false,לחם אחיד פרוס שופרסל 750,מאפיית שלמה א. אנג'ל,IL,לחם אחיד פרוס,גרמים,750.00,100 גרם,false,0,6.10,0.81,true,1,
7296073219088,false,מיונז אמיתי 1 קג,,IL,מיונז אמיתי 1 קג,קילוגרמים,1.00,"ק""ג",false,0,14.50,14.50,true,1,
7296073219101,false,אבקת כביסה,,IL,אבקת כביסה,קילוגרמים,7.00,"ק""ג",false,0,39.60,5.66,true,1,
7296073219118,false,אבקת כביסה,,IL,אבקת כביסה,קילוגרמים,2.50,"ק""ג",false,0,19.90,7.96,true,1,
7296073219255,false,קפה נמס,,IL,קפה נמס,גרמים,200.00,100 גרם,false,0,13.90,6.95,true,1,
7296073219262,false,קפה טורקי עם הל,,IL,קפה טורקי עם הל,גרמים,100.00,100 גרם,false,0,6.30,6.30,true,1,
7296073219347,false,לחם אחיד פרוס750ג שופרסל,מאפית ברמן,IL,לחם אחיד פרוס,גרמים,750.00,100 גרם,false,0,6.10,0.81,true,1,
7296073219606,false,כדורי דגנים,,LT,כדורי דגנים,גרמים,500.00,100 גרם,false,0,12.90,2.58,true,1,
7296073219880,false,פודינג שוקולד,,IL,פודינג שוקולד,גרמים,95.00,100 גרם,false,0,4.50,4.74,true,1,
7296073219897,false,פודינג וניל,,IL,פודינג וניל,גרמים,80.00,100 גרם,false,0,4.50,5.63,true,1,
7296073219910,false,ג'לי משמש,,IL,ג'לי משמש,גרמים,85.00,100 גרם,false,0,5.00,5.88,true,1,
7296073219927,false,ג'לי תות,,IL,ג'לי תות,גרמים,85.00,100 גרם,false,0,5.00,5.88,true,1,
7296073219941,false,חטיף דגנים שוקו+שוק23*6ג,back and Snack,AU,חטיף דגנים,גרמים,138.00,100 גרם,false,0,9.90,7.17,true,1,
7296073219958,false,חט.דגנים שוקו+מריר23*6ג,back and Snack,AT,חטיף דגנים,גרמים,138.00,100 גרם,false,0,9.90,7.17,true,1,
7296073220022,false,אבקת קקאו,,IL,אבקת קקאו,גרמים,150.00,100 גרם,false,0,7.50,5.00,true,1,
7296073220121,false,חטיפי קרח,,IL,חטיפי קרח,ליטרים,2.10,ליטר,false,0,9.90,4.71,true,1,
7296073220251,false,אבקת קקאו,,IL,אבקת קקאו,גרמים,500.00,100 גרם,false,0,23.70,4.74,true,1,
7296073220275,false,ופל שוקולד שופרסל500ג,מנעמים,IL,ופל טעם שוקולד,גרמים,500.00,100 גרם,false,0,8.90,1.78,true,1,
7296073220282,false,ופלים לימון שופרסל400גר,"מנעמים תעשיות מזון בע""\מ",IL,ופל טעם לימון,גרמים,500.00,100 גרם,false,0,8.90,1.78,true,1,
7296073220398,false,חטיפי קרח,,IL,חטיפי קרח,מיליליטרים,800.00,"100 מ""ל",false,0,6.90,0.86,true,1,
7296073220411,false,אוכמניות קפוא שופרסל 300,d.o.o Lukowa,RS,אוכמניות,גרמים,300.00,100 גרם,false,0,16.90,5.63,true,1,
7296073221319,false,"כף קרם 100 יח,' 2 גרם",,IL,"כף קרם ח""פ",יחידה,1.00,יחידה,false,0,7.90,7.90,true,1,
7296073221326,false,"כפית קרם 100 יח,' 1.4גרם",,IL,"כפית קרם ח""פ",יחידה,1.00,יחידה,false,0,7.90,7.90,true,1,
7296073221791,false,ופל אגוזים 400 גרם,מנעמים,IL,ופל אגוזים,גרמים,400.00,100 גרם,false,0,8.90,2.23,true,1,
7296073222262,false,קבנוס שופרסל 100 גרם,מעדני יחיעם,IL,קבנוס,גרמים,100.00,100 גרם,false,0,7.90,7.90,true,1,
7296073222309,false,ג'חנון קפוא שופרסל 650 ג,אופרה,IL,ג'חנון קפוא שופר,גרמים,650.00,100 גרם,false,0,12.90,1.98,true,1,
7296073222323,false,מלווח קפוא שופרסל700ג,אופרה,IL,מלווח קפוא שופרס,גרמים,700.00,100 גרם,false,0,12.90,1.84,true,1,
7296073223009,false,שמן זית,,IT,שמן זית,מיליליטרים,750.00,"100 מ""ל",false,0,29.90,3.99,true,1,
7296073224013,false,מזון חתולים,,FR,מזון חתולים,גרמים,400.00,100 גרם,false,0,6.90,1.73,true,1,
7296073224020,false,מזון חתולים,,FR,מזון חתולים,גרמים,400.00,100 גרם,false,0,6.90,1.73,true,1,
7296073224204,false,שמן זית,,IT,שמן זית,ליטרים,1.00,ליטר,false,0,39.90,39.90,true,1,
7296073224228,false,"דבש טבעי שופרסל 1 ק""ג",מאאס הוני איי אנ טי,ES,דבש טבעי,קילוגרמים,1.00,"ק""ג",false,0,38.90,38.90,true,1,
7296073224365,false,קמח שמרים,,IL,קמח שמרים,קילוגרמים,1.00,"ק""ג",false,0,8.50,8.50,true,1,
7296073224402,false,גרגירי חומוס,,IL,גרגירי חומוס,גרמים,500.00,100 גרם,false,0,11.90,2.38,true,1,
7296073224457,false,כוסמת אורגנית,,IL,כוסמת אורגנית,גרמים,500.00,100 גרם,false,0,7.90,1.58,true,1,
7296073224488,false,בורגול אורגני,,IL,בורגול אורגני,גרמים,500.00,100 גרם,false,0,7.90,1.58,true,1,
7296073224525,false,קוואקר אורגני,,IL,קוואקר אורגני,גרמים,500.00,100 גרם,false,0,10.90,2.18,true,1,
7296073224556,false,קוואקר אורג.עבה,,IL,קוואקר אורג.עבה,גרמים,500.00,100 גרם,false,0,10.90,2.18,true,1,
7296073224563,false,סלט טחינה שופרסל 400 גרם,סלטי שמיר,IL,סלט טחינה,גרמים,400.00,100 גרם,false,0,9.90,2.48,true,1,
7296073224570,false,חומוס אסלי שופרסל 400גרם,סלטי שמיר,IL,חומוס אסלי,גרמים,400.00,100 גרם,false,0,9.90,2.48,true,1,
7296073224594,false,סלט חציל במיונז שופר400ג,סלטי שמיר,IL,סלט חצילים מיונז,גרמים,400.00,100 גרם,false,0,9.90,2.48,true,1,
7296073224600,false,"חומוס שופרסל 1 ק""ג",סלטי שמיר,IL,סלט חומוס,קילוגרמים,1.00,"ק""ג",false,0,11.90,11.90,true,1,
7296073224693,false,ביציםM שופרסל 12,,IL,ביציםM שופרסל 12,יחידה,1.00,יחידה,false,0,10.40,10.40,true,1,
7296073224709,false,ביציםL שופרסל 12,,IL,ביציםL שופרסל 12,יחידה,1.00,יחידה,false,0,11.30,11.30,true,1,
7296073224822,false,מרכך מרוכז ורוד,,IL,מרכך מרוכז ורוד,ליטרים,1.00,ליטר,false,0,10.90,10.90,true,1,
7296073224839,false,מרכך מרוכז לבן,,IL,מרכך מרוכז לבן,ליטרים,1.00,ליטר,false,0,10.90,10.90,true,1,
7296073224846,false,מרכך מרוכז סגול,,IL,מרכך מרוכז סגול,ליטרים,1.00,ליטר,false,0,10.90,10.90,true,1,
7296073224907,false,אפונה וגזר שופרסל 800גרם,ARDO,BE,אפונה וגזר,גרמים,800.00,100 גרם,false,0,13.80,1.73,true,1,
7296073225010,false,ריבועי דגנים+קינמון500גר,פודס,LT,ריבועי דגנים,גרמים,500.00,100 גרם,false,0,12.90,2.58,true,1,
7296073225072,false,לחמניות שופרסל 75*6 גרם,מאפיית שלמה א. אנג'\ל בע,IL,לחמניות 6 יחידות,גרמים,450.00,100 גרם,false,0,8.90,1.98,true,1,
7296073225195,false,שמ.זית אורג.כתית גרין750,OLIVENSA,ES,שמן זית אורגני,ליטרים,0.75,ליטר,false,1,44.90,59.87,true,1,
7296073225249,false,גרעין חמניה לא תוספת מלח,ששון,IL,גרעין חמניה,גרמים,200.00,100 גרם,false,0,6.80,3.40,true,1,
7296073225256,false,גרעין חמנייה קליית עפולה,ששון,IL,גרעין חמנייה,גרמים,200.00,100 גרם,false,0,6.80,3.40,true,1,
7296073225270,false,עוגיות בציפוי,,IT,עוגיות בציפוי,גרמים,300.00,100 גרם,false,0,7.90,2.63,true,1,
7296073225461,false,פיצה מרגריטה 360גרם,SOCICO CON S.R.L AR,IT,פיצה מרגריטה,גרמים,360.00,100 גרם,false,0,15.90,4.42,true,1,
7296073225492,false,רסק עגבני.מרוכז22% 260ג,פריניר,IL,רסק עגבניות,גרמים,260.00,100 גרם,false,0,3.10,1.19,true,1,
7296073225508,false,כוס שתיה חמה גדולה 300מל,,CN,כוסות קפה גדולות,יחידה,1.00,יחידה,false,0,11.90,11.90,true,1,
7296073225515,false,"מכסים לכוסות קפה ח""פ 50",,CN,מכסים לכוסות קפה,יחידה,1.00,יחידה,false,0,5.90,5.90,true,1,
7296073225560,false,"ופלים שוקולד ללת""ס200גרם",מנעמים,IL,ופל שוקולד ללתס,גרמים,200.00,100 גרם,false,0,6.90,3.45,true,1,
7296073225577,false,"ופלים בלגים ללת""ס200ג",גילרו,IL,"ופליםבלגים ללת""ס",גרמים,200.00,100 גרם,false,0,7.80,3.90,true,1,
7296073225744,false,חצילים על האש שופרסל400ג,סלטי שמיר,IL,סלט חצילים,גרמים,400.00,100 גרם,false,0,9.90,2.48,true,1,
7296073225751,false,חציל בטחינה 400 גרם,סלטי שמיר,IL,סלט חציל בטחינה,גרמים,400.00,100 גרם,false,0,9.90,2.48,true,1,
7296073225775,false,רצועות סלק שופרסל 400גרם,סלטי שמיר,IL,סלט סלק שופרסל,גרמים,400.00,100 גרם,false,0,9.90,2.48,true,1,
7296073226314,false,חיתולים שופרסל,,IL,חיתולים שופרסל,יחידה,1.00,יחידה,false,0,29.90,29.90,true,1,
7296073226321,false,חיתולים שופרסל,,IL,חיתולים שופרסל,יחידה,1.00,יחידה,false,0,29.90,29.90,true,1,
7296073226338,false,חיתולים שופרסל,,IL,חיתולים שופרסל,יחידה,1.00,יחידה,false,0,29.90,29.90,true,1,
7296073226536,false,וופל קוביות קרם אגוז250ג,בלקוני,IT,וופל קוביות,גרמים,250.00,100 גרם,false,0,10.80,4.32,true,1,
7296073226680,false,חט.דגנים שוק.חלב+ביסקויט,back and Snack,AT,חטיף דגנים,גרמים,138.00,100 גרם,false,0,9.90,7.17,true,1,
7296073226994,false,סלט חומוס עם חריף 400גרם,סלטי שמיר,IL,חומוס עם חריף,גרמים,400.00,100 גרם,false,0,9.90,2.48,true,1,
7296073229674,false,לינגויני שופרסל 500 גרם,,IT,לינגויני,גרמים,500.00,100 גרם,false,1,4.90,0.98,true,1,
7296073230021,false,מנקה רצפות כחול 2 ליטר,קליר כימיקלים,IL,מנקה רצפות כחול,ליטרים,2.00,ליטר,false,0,13.90,6.95,true,1,
7296073230038,false,מנקה רצפות ורוד 2 ליטר,קליר כימיקלים,IL,מנקה רצפות,ליטרים,2.00,ליטר,false,0,13.90,6.95,true,1,
7296073230045,false,מנקה רצפות סגול 2 ליטר,קליר כימיקלים,IL,מנקה רצפות,ליטרים,2.00,ליטר,false,0,13.90,6.95,true,1,
7296073230052,false,מנקה רצפות דוחה חרקים2ל,קליר כימיקלים,IL,מנקה רצפות,ליטרים,2.00,ליטר,false,0,17.70,8.85,true,1,
7296073230106,false,"סלט תפו""א שופרסל 400 גרם",שופרסל,IL,"סלט תפו""א",גרמים,400.00,100 גרם,false,0,9.90,2.48,true,1,
7296073230113,false,לפתן פירות בסירופ קל225ג,,CN,לפתן פירות,גרמים,225.00,100 גרם,false,0,4.50,2.00,true,1,
7296073230410,false,כוס שתיה חמה,,IL,כוס שתיה חמה,יחידה,1.00,יחידה,false,0,7.90,7.90,true,1,
7296073230632,false,דגני טבעות דבש 500 גרם,UAB FOODS CERERA,LT,טבעות דבש,גרמים,500.00,100 גרם,false,0,12.90,2.58,true,1,
7296073230656,false,מגבות נייר שופרסל 6 גל.,שניב תעשיות נייר,IL,מגבות נייר,מטרים,63.00,מטר,false,0,9.90,0.16,true,1,
7296073230663,false,מגבות נייר שופרסל 8 גל.,שניב תעשיות נייר,IL,מגבות נייר,מטרים,84.00,מטר,false,0,12.90,0.15,true,1,
7296073230731,false,נוזל לניקוי כלים  750מל,קליר כימיקלים,IL,נוזל לכלים תפוח,מיליליטרים,750.00,"100 מ""ל",false,0,7.50,1.00,true,1,
7296073230816,false,"נוזל לניקוי כלים 750מ""ל",קליר כימיקלים,IL,נוזל לכלים לימון,מיליליטרים,750.00,"100 מ""ל",false,0,7.50,1.00,true,1,
7296073230885,false,גלילי ופל במלוי אגוז100ג,מנעמים,IL,גלילי וופל,גרמים,100.00,100 גרם,false,1,4.90,4.90,true,1,
7296073230892,false,50כוסות שתיה,,IL,50כוסות שתיה,יחידה,1.00,יחידה,false,0,12.90,12.90,true,1,
7296073230960,false,קרקר+מלח אורגני גרין250ג,נובה אינדסטריה,IT,קרקר עם מלח,גרמים,250.00,100 גרם,false,1,11.90,4.76,true,1,
7296073231271,false,מרכ.כביסה ורוד שופרסל 4ל,גליל כימיקלים,IL,מרכך כביסה,ליטרים,4.00,ליטר,false,1,15.90,3.98,true,1,
7296073231295,false,מרכ.כביסה כחול שופרסל 4ל,גליל כימיקלים,IL,מרכך כביסה,ליטרים,4.00,ליטר,false,1,15.90,3.98,true,1,
7296073231547,false,חלב 1% בקרטון שופרסל 1ל,מחלבות רמת הגולן,IL,חלב 1% קרטון 1ל',ליטרים,1.00,ליטר,false,1,5.30,5.30,true,1,
7296073231554,false,חלב 3% בקרטון שופרסל 1ל,מחלבות רמת הגולן,IL,חלב 3% קרטון 1ל',ליטרים,1.00,ליטר,false,1,5.50,5.50,true,1,
7296073231578,false,שוקו בקרטון שופרסל 1 ל',מחלבות רמת הגולן,IL,שוקו קרטון 1ליטר,ליטרים,1.00,ליטר,false,1,8.90,8.90,true,1,
7296073231691,false,חט.פריכיות שוקו תפוז18*5,בנליין פודס,RS,חטיף פריכיות,גרמים,90.00,100 גרם,false,1,9.90,11.00,true,1,
7296073231769,false,חול לחתולים נטול ריח10ק,---,TR,חול לחתלים,קילוגרמים,10.00,"ק""ג",false,1,49.90,4.99,true,1,
7296073231776,false,חול לחתולים לבנדר 10קג,---,TR,חול לחתולים,קילוגרמים,10.00,"ק""ג",false,1,49.90,4.99,true,1,
7296073232124,false,גב.פרמז'ן קשה27%שופר200ג,,IT,משולש פרמז'ן,גרמים,200.00,100 גרם,false,1,23.90,11.95,true,1,
7296073232377,false,חלב1% נטול לקטוז גרין1ל,מחלבת רמת-הגולן,IL,חלב נטול לקטוז,ליטרים,1.00,ליטר,false,1,7.90,7.90,true,1,
7296073232384,false,שוקו נטול לקטוז1%גרין1ל,מחלבות רמת הגולן,IL,שוקו נטול לקטוז,ליטרים,1.00,ליטר,false,1,7.90,7.90,true,1,
7296073232391,false,"סוכר לבן שופרסל 1 ק""ג","אגרנה צוקר בע""מ",PL,סוכר לבן,קילוגרמים,1.00,"ק""ג",false,1,4.50,4.50,true,1,
7296073232438,false,משקה חלב מועשר 1% 1ליטר,מחלבות רמת הגולן,IL,משקה חלב מועשר1%,ליטרים,1.00,ליטר,false,1,5.10,5.10,true,1,
7296073232445,false,משקה חלב מועשר 3% 1 ליטר,מחלבות רמת הגולן,IL,משקה חלב מועשר3%,ליטרים,1.00,ליטר,false,1,6.90,6.90,true,1,
7296073235651,false,רדיד אלומיניום כוכבים30מ,אופל אריזות,IL,רדיד אלומיניום,מטרים,30.00,מטר,false,1,16.90,0.56,true,1,
7296073235767,false,ג'ל ניקוי אסלות 750מל,קליר כימיקלים,IL,ג'ל  לאסלות,מיליליטרים,750.00,"100 מ""ל",false,1,8.80,1.17,true,1,
7296073236641,false,לקט למרק שופרסל 800גרם,שופרסל,BE,לקט למרק,גרמים,800.00,100 גרם,false,12,17.90,2.24,true,1,
7296073236887,false,סלט גזר מרוקאי 400 גרם,סלטי שמיר,IL,סלט גזר מרוקאי,גרמים,400.00,100 גרם,false,1,9.90,2.48,true,1,
7296073236931,false,קליונז מופחת קלוריות500ג,מיטב,IL,קליונז,גרמים,500.00,100 גרם,false,1,8.80,1.76,true,1,
7296073237235,false,4 סכיני גילוח 3 להבים,אדג'וול,US,"סכין גילוח ח""פ",יחידה,1.00,יחידה,false,1,14.90,14.90,true,1,
7296073237525,false,קוקטייל פירות בסירופ קל,CANNED QIWWEI LINYI,CN,קוקטייל פירות,גרמים,820.00,100 גרם,false,1,7.90,0.96,true,1,
7296073237556,false,ממחטות אף 100*5 יח',שניב תעשיות נייר,IL,ממחטות אף100*5יח,יחידה,1.00,יחידה,false,1,11.90,11.90,true,1,
7296073237655,false,שוק.מריר 72% קקאו 100 גר,"שוקולד פריי בע""מ",CH,שוקולד מריר 72%,גרמים,100.00,100 גרם,false,1,9.90,9.90,true,1,
7296073237662,false,שוק72%. מריר תפוז 100גרם,פריי )שוקולד(,CH,שוקולד מריר תפוז,גרמים,100.00,100 גרם,false,1,9.90,9.90,true,1,
7296073237686,false,שוקולד חלב+אגוזי לוז100ג,פריי )שוקולד(,CH,שוקולד אגוזי לוז,גרמים,100.00,100 גרם,false,1,9.90,9.90,true,1,
7296073237747,false,חמאה הולנדית 200 גרם,SPRL MATHOT,BE,חמאה הולנדית,גרמים,200.00,100 גרם,false,1,7.60,3.80,true,1,
7296073238461,false,רביעיית סוללות AA שופרסל,פוג'יקום,CN,רביעיית סוללות,יחידה,1.00,יחידה,false,1,9.90,9.90,true,1,
7296073238485,false,שמיניית סוללות AA שופרסל,פוג'יקום,CN,שמיניית סוללות,יחידה,1.00,יחידה,false,1,16.90,16.90,true,1,
7296073238492,false,שמינית סוללות AAA שופרסל,פוג'יקום,CN,שמיניית סוללות,יחידה,1.00,יחידה,false,1,16.90,16.90,true,1,
7296073238508,false,שמיניית סוללות +AAרביעיה,פוג'יקום,CN,שמיניית סוללות,יחידה,1.00,יחידה,false,1,22.90,22.90,true,1,
7296073238577,false,פינצטה אלחלד ישרה יח,TECHONGGIES TAIKONE,CN,פינצטה אלחלד,יחידה,1.00,יחידה,false,1,19.90,19.90,true,1,
7296073238614,false,פינצטה צבעונית יח,TECHONGGIES TAIKONE,CN,פינצטה צבעונית,יחידה,1.00,יחידה,false,1,19.90,19.90,true,1,
7296073238713,false,קוצץ ציפורניים גדול יח,TECHONGGIES TAIKONE,CN,קוצץ ציפורניים,יחידה,1.00,יחידה,false,1,14.90,14.90,true,1,
7296073238768,false,קוצץ עם אשפתון יח,TECHONGGIES TAIKONE,CN,קוצץ עם אשפתון,יחידה,1.00,יחידה,false,1,14.90,14.90,true,1,
7296073238799,false,פצירת יהלום יח,TECHONGGIES TAIKONE,CN,פצירת יהלום,יחידה,1.00,יחידה,false,1,14.90,14.90,true,1,
7296073238867,false,כבל סנכרון למכשירי USB,פוג'יקום,CN,כבל סנכרון,יחידה,1.00,יחידה,false,1,15.00,15.00,true,1,
7296073239239,false,"כוס שתיה חמה 240מ""ל 50יח",---,CN,כוסות שתיה חמה,יחידה,1.00,יחידה,false,1,9.90,9.90,true,1,
7296073239956,false,כוס שתיה חמה אספרסו120מל,---,CN,כוס שתיה חמה,יחידה,1.00,יחידה,false,1,4.90,4.90,true,1,
7296073240006,false,משקה סויה שוקו אורגני 1,ביוסלים,IT,משקה סויה שוקו,ליטרים,1.00,ליטר,false,1,11.90,11.90,true,1,
7296073240013,false,משקה סויה אורגני וניל 1,ביוסלים,IT,משקה סויה וניל,ליטרים,1.00,ליטר,false,1,11.90,11.90,true,1,
7296073240204,false,"40יח' כוס יהלום 240מ""ל",,CN,40כוסות יהלום,יחידה,1.00,יחידה,false,1,8.90,8.90,true,1,
7296073240853,false,"ופלים שוקולד 1 ק""ג",מנעמים,IL,ופלים שוקולד,קילוגרמים,1.00,"ק""ג",false,1,15.50,15.50,true,1,
7296073241119,false,קרואסונים מילוי שוקולד6י,מידי,IT,קרואסונים 6 יח,גרמים,300.00,100 גרם,false,1,13.50,4.50,true,1,
7296073241324,false,אננס פרוסות 850 גרם,CANNING FRUIT KUIBURI,TH,אננס פרוסות,גרמים,850.00,100 גרם,false,1,8.90,1.05,true,1,
7296073241386,false,פטרולטום טהור שופרסל100מ,ש.שוורץ,IL,פטרולטום טהור,מיליליטרים,100.00,"100 מ""ל",false,1,9.90,9.90,true,1,
7296073241539,false,ממחטות אף בקופסא 100 יח,שניב תעשיות נייר,IL,ממחטות אף בקופסא,יחידה,1.00,יחידה,false,1,8.90,8.90,true,1,
7296073241935,false,נייר טואלט סופר דיל 48גל,שניב,IL,נ.טואלט סופר דיל,מטרים,860.00,100 מטר,false,1,39.90,4.64,true,1,
7296073242291,false,"קרם רגליים שופרסל 100מ""ל",ש.שוורץ,IL,קרם רגליים,מיליליטרים,100.00,"100 מ""ל",false,1,9.90,9.90,true,1,
7296073242314,false,קרם חמצן 6% שופרסל60מ,שופרסל,IL,קרם חמצן,מיליליטרים,60.00,"100 מ""ל",false,1,3.90,6.50,true,1,
7296073242321,false,קרם חמצן 9% שופרסל 60 מל,שופרסל,IL,קרם חמצן,מיליליטרים,60.00,"100 מ""ל",false,1,3.90,6.50,true,1,
7296073242338,false,ספוג אמבט ג'ינג'ר שופרסל,TECHONGGIES TAIKONE,CN,ספוג אמבט,יחידה,1.00,יחידה,false,1,29.90,29.90,true,1,
7296073242581,false,מארז סיכות תיקתק,שופרסל,IL,סיכן ראש,יחידה,1.00,יחידה,false,1,9.90,9.90,true,1,
7296073242598,false,8 גומיות שופרסל,שופרסל,IL,סט גומיות,יחידה,1.00,יחידה,false,1,8.90,8.90,true,1,
7296073242635,false,כוסות שתיה קרה מעוטר כסף,,IL,50כוסות שתייה,יחידה,1.00,יחידה,false,1,9.90,9.90,true,1,
7296073242901,false,מברשת שיער מרובעת רחבה,שופרסל,CN,מברשת שיער,יחידה,1.00,יחידה,false,1,24.90,24.90,true,1,
7296073242918,false,מברשת שיער מטקה רחבה,שופרסל,IL,מברשת שיער,יחידה,1.00,יחידה,false,1,24.90,24.90,true,1,
7296073242925,false,מברשת שיער מלבנית צרה *,שופרסל,IL,מברשת שיער,יחידה,1.00,יחידה,false,1,22.90,22.90,true,1,
7296073242932,false,מברשת שיער ילדים,שופרסל,IL,מברשת שיער,יחידה,1.00,יחידה,false,1,19.90,19.90,true,1,
7296073243076,false,"12כ.שתיה חמה 240מ""ל+מכסה",,IL,כוסות שתיה חמה,יחידה,1.00,יחידה,false,1,7.90,7.90,true,1,
7296073243328,false,"ניוקי תפו""א עגבנ.ל.ג500ג",צ'יימה,IT,"ניוקי תפו""א",גרמים,500.00,100 גרם,false,1,12.90,2.58,true,1,
7296073243335,false,"ניוקי תפו""א תרד ל.ג500גר",צ'יימה,IT,"ניוקי תפו""א תרד",גרמים,500.00,100 גרם,false,1,12.90,2.58,true,1,
7296073243731,false,ריבת חלב שופרסל 400 גרם,מיה,IL,ריבת חלב שופרסל,גרמים,400.00,100 גרם,false,1,12.80,3.20,true,1,
7296073243854,false,כוסות שתייה מעוטר זהב,,IL,50כוסות שתייה,יחידה,1.00,יחידה,false,1,9.90,9.90,true,1,
7296073244066,false,אבקת הבהרה לשיער 10גרם,שופרסל,IL,אבקת הבהרה לשיער,גרמים,10.00,100 גרם,false,1,4.90,49.00,true,1,
7296073244769,false,"סוכר חום דמררה צנצ. 1ק""ג","סוגת תעשיות בע""מ",IL,סוכר חום דמררה,קילוגרמים,1.00,"ק""ג",false,1,9.90,9.90,true,1,
7296073244868,false,"5 סכיני גילוח ח""פ לגברים",---,US,סכיני גילוח גבר,יחידה,1.00,יחידה,false,1,9.90,9.90,true,1,
7296073244875,false,טחינה גולמית 500 גרם,---,IL,טחינה גולמית,גרמים,500.00,100 גרם,false,1,12.90,2.58,true,1,
7296073245308,false,סרדינים בשמן זית 125 גרם,SOCIETE DANSA,MA,סרדינים בשמן זית,גרמים,125.00,100 גרם,false,1,5.30,4.24,true,1,
7296073246015,false,כפפות ויניל ללא אבקה S,אינטרסן,CN,כפפות ויניל,יחידה,1.00,יחידה,false,1,18.90,18.90,true,1,
7296073246022,false,כפפות ויניל ללא אבקה M,אינטרסן,CN,כפפות ויניל,יחידה,1.00,יחידה,false,1,18.90,18.90,true,1,
7296073246060,false,פולי סויה בקליפה 450 גרם,שופרסל,CN,פולי סויה,גרמים,450.00,100 גרם,false,1,11.90,2.64,true,1,
7296073246084,false,פולי סויה בקליפה 1 קג,שופרסל,CN,פולי סויה 1קג,גרמים,1000.00,100 גרם,false,1,19.70,1.97,true,1,
7296073246251,false,קפיץ להסרת שיער שופרסל,TECHONGGIES TAIKONE,IL,קפיץ להסרת שיער,יחידה,1.00,יחידה,false,1,44.90,44.90,true,1,
7296073246633,false,פרוסות אננס בסירופ קל227,CANNING FRUIT KUIBURI,TH,פרוסות אננס,גרמים,227.00,100 גרם,false,1,3.90,1.72,true,1,
7296073246640,false,חתיכות אננס בסירופ קל227,CANNING FRUIT KUIBURI,TH,חתיכות אננס,גרמים,227.00,100 גרם,false,1,3.90,1.72,true,1,
7296073247494,false,רביולי גבינה ותרד 300 גר,פסטה נונה,IL,רביולי גבינה תרד,גרמים,300.00,100 גרם,false,1,12.90,4.30,true,1,
7296073247500,false,רביולי גבינה 300 גרם,פסטה נונה,IL,רביולי גבינה,גרמים,300.00,100 גרם,false,1,12.90,4.30,true,1,
7296073247517,false,רביולי בטטה 300 גרם,פסטה נונה,IL,רביולי בטטה,גרמים,300.00,100 גרם,false,1,12.90,4.30,true,1,
7296073247524,false,רביולי גבינה ופטריות300ג,פסטה נונה,IL,רביולי גבינה,גרמים,300.00,100 גרם,false,1,12.90,4.30,true,1,
7296073254096,false,טונה במי מלח 160*4 גרם,אסיאן אליאנס,TH,טונה במי מלח 4יח,גרמים,640.00,100 גרם,false,1,19.90,3.11,true,1,
7296073254102,false,טונה בשמן סויה 160*4 גרם,אסיאן אליאנס,VN,טונה בשמן 4 יח,גרמים,640.00,100 גרם,false,1,19.90,3.11,true,1,
7296073254133,false,"שמן זית פרימיום 750 מ""ל",אליעד בית בד בגולן,IL,שמן זית פרימיום,מיליליטרים,750.00,"100 מ""ל",false,1,35.90,4.79,true,1,
7296073254256,false,ערמונים אורגניים גרין100,CO FOODS LIYUAN HEBEI,CN,ערמונים אורגניים,גרמים,100.00,100 גרם,false,1,7.90,7.90,true,1,
7296073254270,false,"אל סבון ירוק 500*3 מ""ל",שופרסל,TR,אל סבון נוזלי3יח,ליטרים,1.50,ליטר,false,1,12.90,8.60,true,1,
7296073254287,false,"אל סבון כחול 500*3 מ""ל",שופרסל,TR,אל סבון נוזלי3יח,ליטרים,1.50,ליטר,false,1,12.90,8.60,true,1,
7296073260318,false,מברשת אובלית רטובה *,שופרסל,IL,מברשת שיער,יחידה,1.00,יחידה,false,1,34.90,34.90,true,1,
7296073261179,false,200 קסמי אוזניים פלסטיק,PRODUC UES DAILY JIEYANG,CN,קסמי אוזניים,יחידה,1.00,יחידה,false,1,6.50,6.50,true,1,
7296073261193,false,קסמי אוזניים מעץ שופרסל,PRODUC UES DAILY JIEYANG,CN,קסמי אוזניים,יחידה,1.00,יחידה,false,1,2.00,2.00,true,1,
7296073261216,false,פדים חלקים שופרסל 3 * 80,PRODUC UES DAILY JIEYANG,CN,פדים חלקים,יחידה,1.00,יחידה,false,1,18.90,18.90,true,1,
7296073261223,false,פדים להסרת איפור 80 יח,PRODUC UES DAILY JIEYANG,CN,פדים להסרת איפור,יחידה,1.00,יחידה,false,1,7.50,7.50,true,1,
7296073262909,false,תרסיס שמן קנול.ללא גז150,S.L AEROLS FOOD,ES,תרסיס שמן קנולה,מיליליטרים,150.00,"100 מ""ל",false,1,14.90,9.93,true,1,
7296073262916,false,תרסיס שמן זית כתית 150מל,S.L AEROLS FOOD,ES,תרסיס שמן זית,מיליליטרים,150.00,"100 מ""ל",false,1,14.90,9.93,true,1,
7296073262923,false,תרסיס שמן בטעם חמאה150מ,S.L AEROLS FOOD,ES,תרסיס שמן,מיליליטרים,150.00,"100 מ""ל",false,1,14.90,9.93,true,1,
7296073262930,false,פסטה קלמרטה 400 גרם,שופרסל,IL,פסטה קלמרטה,גרמים,400.00,100 גרם,false,1,6.90,1.73,true,1,
7296073262947,false,פסטה קזרצ'ה 400 גרם,שופרסל,IL,פסטה קזרצ'ה,גרמים,400.00,100 גרם,false,1,6.90,1.73,true,1,
7296073262954,false,פסטה מאפלדה 400 גרם,שופרסל,IT,פסטה מאפלדה,גרמים,400.00,100 גרם,false,1,6.90,1.73,true,1,
7296073262985,false,גרנולה טריפל שוקולד 400ג,בריגן,DE,גרנולה פרימיום,גרמים,400.00,100 גרם,false,1,19.90,4.98,true,1,
7296073263166,false,מרכך בייבי מרוכז 1ל,גליל כימיקלים,IL,מרכך בייבי מרוכז,ליטרים,1.00,ליטר,false,1,14.90,14.90,true,1,
7296073263173,false,אבקת כביסה בייבי 2.5 קג,גליל כימיקלים,IL,אבקת כביסה בייבי,קילוגרמים,2.50,"ק""ג",false,1,19.90,7.96,true,1,
7296073263449,false,מרק עדשים מצונן 550 גרם,"סי.אי.פי מבוא חורון בע""מ",IL,מרק עדשים מצונן,גרמים,550.00,100 גרם,false,1,12.90,2.35,true,1,
7296073263456,false,מרק עגבניות מצונן 550 גר,"סי.אי.פי מבוא חורון בע""מ",IL,מרק עגבניות,גרמים,550.00,100 גרם,false,1,12.90,2.35,true,1,
7296073263463,false,מרק כתום מצונן 550 גרם,"סי.אי.פי מבוא חורון בע""מ",IL,מרק כתום מצונן,גרמים,550.00,100 גרם,false,1,12.90,2.35,true,1,
7296073263470,false,אוש פלאו 550 גרם,סי.אי.פי מבוא חורון,IL,אוש פלאו,גרמים,550.00,100 גרם,false,1,18.90,3.44,true,1,
7296073263487,false,נודלס מוקפץ 550 גרם,סי.אי.פי מבוא חורון,IL,נודלס מוקפץ,גרמים,550.00,100 גרם,false,1,18.90,3.44,true,1,
7296073263494,false,אורז אסייתי 550 גרם,סי.אי.פי מבוא חורון,IL,אורז אסייתי,גרמים,550.00,100 גרם,false,1,18.90,3.44,true,1,
7296073263500,false,קוסקוס עם ירקות 650גרם,סי.אי.פי מבוא חורון,IL,קוסקוס עם ירקות,גרמים,650.00,100 גרם,false,1,18.90,2.91,true,1,
7296073263517,false,שקיות אוכל שופרסל 150*2,WEIFANG,CN,שקיות אוכל זוג,יחידה,1.00,יחידה,false,1,10.90,10.90,true,1,
7296073263845,false,קינואה שופרסל 500 גרם,הנמל,IL,קינואה שופרסל,גרמים,500.00,100 גרם,false,1,12.90,2.58,true,1,
7296073263913,false,לפתן ליצ'י שופרסל 567 גר,זאנגזו גאנגצ'נג,CN,לפתן ליצ'י,גרמים,567.00,100 גרם,false,1,6.90,1.22,true,1,
7296073265122,false,דובשניות 600 גרם,קונדיטוריית אנג'ל,IL,דובשניות,גרמים,600.00,100 גרם,false,1,12.90,2.15,true,1,
7296073265306,false,משקה סויה מתיקות מופחת1ל,מחלבת רמת-הגולן,IL,משקה סויה,ליטרים,1.00,ליטר,false,1,8.50,8.50,true,1,
7296073265344,false,חלב נטול לקטוז3%גרין 1ל,מחלבת רמת-הגולן,IL,חלב נטול לקטוז,ליטרים,1.00,ליטר,false,1,8.50,8.50,true,1,
7296073265504,false,חט.תירס צהוב ל.ג גרין120,S.R.L PATA,IT,חטיף תירס,גרמים,120.00,100 גרם,false,1,6.90,5.75,true,1,
7296073265610,false,סוכ.גומי בננה שופרסל100ג,טרולי,ES,סוכריות גומי,גרמים,100.00,100 גרם,false,1,4.90,4.90,true,1,
7296073265641,false,סוכ.גומי דובים שופרסל100,טרולי,ES,סוכריות גומי,גרמים,100.00,100 גרם,false,1,4.90,4.90,true,1,
7296073265658,false,סוכריות גומי נשיקות100ג,טרולי,ES,סוכריות גומי,גרמים,100.00,100 גרם,false,1,4.90,4.90,true,1,
7296073266266,false,קוקטייל בסירופ קל 113*4ג,FOODS HUIXANG JIANGSU,CN,קוקטייל פירות,גרמים,452.00,100 גרם,false,1,9.90,2.19,true,1,
7296073266303,false,"רסק תפוחי עץ ללת""ס113*4ג",FOODS HUIXANG JIANGSU,CN,רסק תפוחי עץ,גרמים,452.00,100 גרם,false,1,9.90,2.19,true,1,
7296073266587,false,פירורי לחם תיב.מרוקאי350,---,IL,פירורי לחם,גרמים,350.00,100 גרם,false,1,7.90,2.26,true,1,
7296073266600,false,גרעיני תירס וואקום160*3ג,KFT KONZERVGYAR SZATMARI,HU,גרעיני תירס 3 יח,גרמים,480.00,100 גרם,false,1,8.90,1.85,true,1,
7296073266693,false,מיץ תפוזים אורגני גרין1ל,גניר,IL,מיץ תפוזים,ליטרים,1.00,ליטר,false,1,15.90,15.90,true,1,
7296073266976,false,חטיף בוטנים ל.ג גרין80גר,סנקי,IL,חטיף בוטנים,גרמים,80.00,100 גרם,false,1,4.00,5.00,true,1,
7296073266983,false,חטיף בוטנים ל.ג גרין25גר,סנקי,IL,חטיף בוטנים,גרמים,25.00,100 גרם,false,1,2.20,8.80,true,1,
7296073267171,false,100כדורי צמר גפן צבעוני,LTD CO S.T.O,CN,כדורי צמר גפן,יחידה,1.00,יחידה,false,1,9.90,9.90,true,1,
7296073267867,false,תרסיס על בסיס בזיליקום40,FIRENZE TURCI,IT,תמצית תבלין,מיליליטרים,40.00,"100 מ""ל",false,1,9.90,24.75,true,1,
7296073268925,false,נייר טואלט 16 גליל כפול,שניב תעשיות נייר,IL,נייר טואלט,מטרים,573.00,100 מטר,false,1,29.90,5.22,true,1,
7296073270157,false,לקט הכפר 400גרם,פרסקו,IL,לקט הכפר,גרמים,400.00,100 גרם,false,1,9.90,2.48,true,1,
7296073270287,false,תבנית אלומיניום אינגליש,,IL,תבנית אינגליש,יחידה,1.00,יחידה,false,1,12.90,12.90,true,1,
7296073270294,false,תבנית אלומיניום מוארכת 9,,IL,תבנית מוארכת,יחידה,1.00,יחידה,false,1,12.90,12.90,true,1,
7296073270300,false,תבנית אלומיניום קטנה 15י,,IL,תבנית קטנה,יחידה,1.00,יחידה,false,1,12.90,12.90,true,1,
7296073270324,false,תבנית אלומיניום גדולה 7י,,IL,תבנית מלבנית,יחידה,1.00,יחידה,false,1,12.90,12.90,true,1,
7296073270331,false,תבנית אלומיניום ענקית 5י,,IL,תבנית ענקיות,יחידה,1.00,יחידה,false,1,12.90,12.90,true,1,
7296073270348,false,תבנית אלומיניום קטנה 10י,,IL,תבנית קטנה,יחידה,1.00,יחידה,false,1,12.90,12.90,true,1,
7296073270973,false,לחם אחיד פרוס שופרסל 750,דגנית עין בר,IL,לחם אחיד פרוס,גרמים,750.00,100 גרם,false,1,6.10,0.81,true,1,
7296073271123,false,טירמיסו שופרסל 2 * 80 גר,רקאלי,IT,טירימיסו 2 יח,גרמים,160.00,100 גרם,false,1,12.90,8.06,true,1,
7296073271130,false,פרופיטרולים שופרסל 80*2ג,רקאלי,IT,פרופיטרולים 2 יח,גרמים,160.00,100 גרם,false,1,12.90,8.06,true,1,
7296073271550,false,ממרח עגבניות מיובשות190ג,SPA POLLI F.LLI,IT,ממרח עגבניות,גרמים,190.00,100 גרם,false,1,10.90,5.74,true,1,
7296073271567,false,ממרח זיתים ירוקים 190 גר,SPA POLLI F.LLI,IT,ממרח זיתים ירוק,גרמים,190.00,100 גרם,false,1,10.90,5.74,true,1,
7296073271581,false,ממרח פסטו ירוק שופרסל190,SPA POLLI F.LLI,IT,ממרח פסטו,גרמים,190.00,100 גרם,false,1,10.90,5.74,true,1,
7296073271635,false,סב.נוזלי קוביה סגלגל500,אקסן קוסמטיק,TR,סבון נוזלי,מיליליטרים,500.00,"100 מ""ל",false,1,9.90,1.98,true,1,
7296073271642,false,סב.נוזלי קוביה שמנת500,שופרסל,TR,סבון נוזלי,מיליליטרים,500.00,"100 מ""ל",false,1,9.90,1.98,true,1,
7296073272465,false,"רוטב שום שופרסל 450 מ""ל",מיטב,IL,רוטב שום שופרסל,מיליליטרים,450.00,"100 מ""ל",false,1,11.90,2.64,true,1,
7296073272496,false,נייר טואלט שופרסל 32 גל,שניב תעשיות נייר,IL,נייר טואלט 32גל,מטרים,573.00,100 מטר,false,1,29.90,5.22,true,1,
7296073272557,false,סילאן טבעי שופרסל 900גרם,חצר כנרת מוצרי תמר,IL,סילאן טבעי,גרמים,900.00,100 גרם,false,1,21.90,2.43,true,1,
7296073272809,false,נייר אפיה בגליל 25 מטר,,IL,נייר אפיה,יחידה,1.00,יחידה,false,1,22.90,22.90,true,1,
7296073273189,false,מפרום שופרסל 770 גרם,סי.אי.פי מבוא חורון,IL,מפרום,גרמים,770.00,100 גרם,false,1,29.90,3.88,true,1,
7296073273196,false,קציצות ברוטב עגבניות620ג,סי.אי.פי מבוא חורון,IL,קציצות ברוטב,גרמים,620.00,100 גרם,false,1,29.90,4.82,true,1,
7296073273226,false,גפילטע פיש 400 גרם,"דג עים בע""מ",IL,גפילטע פיש מצונן,גרמים,400.00,100 גרם,false,1,24.90,6.23,true,1,
7296073273455,false,תרסיס אלוורה שופרסל250מל,ש.שוורץ,IL,תרסיס ג'ל אלוורה,מיליליטרים,250.00,"100 מ""ל",false,1,19.90,7.96,true,1,
7296073273684,false,"עוג.שוקו ציפס ללת""ס200גר",FEINGEBACK COPPENRATH,DE,עוגיות שוקו ציפס,גרמים,200.00,100 גרם,false,1,11.90,5.95,true,1,
7296073273691,false,"עוג.אגוזי לוז ללת""ס200גר",FEINGEBACK COPPENRATH,DE,עוגיות אגוזי לוז,גרמים,200.00,100 גרם,false,1,11.90,5.95,true,1,
7296073273738,false,אטבי כביסה שופרסל 48 יח',---,CN,אטבי כביסה,יחידה,1.00,יחידה,false,1,14.90,14.90,true,1,
7296073273844,false,מפות אל בד מקופלות חלק 4,,CN,מפות אל בד,יחידה,1.00,יחידה,false,1,12.90,12.90,true,1,
7296073274414,false,קולה שופרסל 1.5 ליטר,אולקר,TR,קולה שופרסל,ליטרים,1.50,ליטר,false,1,4.30,2.87,true,1,
7296073274575,false,סבון אסלה בניחוח ים 50 ג,פול הון פולין,PL,סבון אסלה שופרסל,גרמים,50.00,100 גרם,false,1,4.90,9.80,true,1,
7296073274582,false,סבון אסלה ניחוח לימון50ג,פול הון פולין,PL,סבון אסלה שופרסל,גרמים,50.00,100 גרם,false,1,4.90,9.80,true,1,
7296073274599,false,סבון אסלה ניחוח פרחים50,פול הון פולין,PL,סבון אסלה שופרסל,גרמים,50.00,100 גרם,false,1,4.90,9.80,true,1,
7296073275152,false,שלישיית רדידי אלומיניום,,IL,רדיד אלומיניום,מטרים,22.00,מטר,false,1,13.90,0.63,true,1,
7296073277248,false,מגבונים ללא בישום 64*5יח,דינמיק,IL,מגבונים לחים 5יח,יחידה,1.00,יחידה,false,1,21.90,21.90,true,1,
7296073277255,false,מגבונים לחים 72*6 יח,דינמיק,IL,מגבונים לחים 6יח,יחידה,1.00,יחידה,false,1,21.90,21.90,true,1,
7296073277279,false,לקט להקפצה אסיאתי 500גרם,---,IL,לקט להקפצה,גרמים,500.00,100 גרם,false,1,14.90,2.98,true,1,
7296073277286,false,לקט להקפצה בווק 500גרם,---,IL,לקט להקפצה,גרמים,500.00,100 גרם,false,1,14.90,2.98,true,1,
7296073277378,false,לחמ.המבורגר ללג כשלפ90*4,מאפ גדרון,IL,מאפה להמבורגר4יח,גרמים,360.00,100 גרם,false,1,18.90,5.25,true,1,
7296073277477,false,כפפות לטקס S 100 יחידות,---,TH,כפפות לטקס S,יחידה,1.00,יחידה,false,1,17.90,17.90,true,1,
7296073277484,false,כפפות לטקס M 100 יחידות,---,IL,כפפות לטקס M,יחידה,1.00,יחידה,false,1,17.90,17.90,true,1,
7296073277491,false,כפפות לטקס L 100 יחידות,---,TH,כפפות לטקס L,יחידה,1.00,יחידה,false,1,17.90,17.90,true,1,
7296073277781,false,פוקאצ'ה ירקות קלוים 250,SOCICO CON S.R.L AR,IL,פוקאצ'ה ירקות קל,גרמים,250.00,100 גרם,false,1,12.90,5.16,true,1,
7296073277798,false,פוקאצ'ה עם עגבניות שרי,SOCICO CON S.R.L AR,IL,פוקאצ'ה עגבניות,גרמים,240.00,100 גרם,false,1,12.90,5.38,true,1,
7296073277903,false,ופל מצ.שוק.גרין21.5*3ל.ג,הלווה ופלבקרי,NL,וופל מצופה,גרמים,64.00,100 גרם,false,1,7.90,12.34,true,1,
7296073280323,false,רביולי גבינה וכמהין 300,פסטה נונה,IL,רביולי מצונן,גרמים,300.00,100 גרם,false,1,15.90,5.30,true,1,
7296073281696,false,מגבוני נ.טואלט לילד,---,IL,"מגבוני נ""ט לילד",יחידה,1.00,יחידה,false,1,9.80,9.80,true,1,
7296073281702,false,מגבוני נ.טואלט למבוגרים,דינמיק תעשיות מגבונים,IL,מגבונ.נייר טואלט,יחידה,1.00,יחידה,false,1,9.90,9.90,true,1,
7296073281863,false,שמפו לשיער מוחלק שופרסל,"א.מ.ש.י תעשיות בע""מ",IL,שמפו לשיער מוחלק,מיליליטרים,750.00,"100 מ""ל",false,1,19.90,2.65,true,1,
7296073281894,false,מרכך לשיער מוחלק 750מל,"א.מ.ש.י תעשיות בע""מ",IL,מרכך שופרסל,מיליליטרים,750.00,"100 מ""ל",false,1,19.90,2.65,true,1,
7296073281924,false,מסכה לשיער יבש שופרסל 50,"א.י.ן תעשיות בע""מ",IL,מסכה לשיער מוחלק,מיליליטרים,500.00,"100 מ""ל",false,1,34.90,6.98,true,1,
7296073281931,false,"מסכה לשיער מוחלק 500 מ""ל","א.מ.ש.י תעשיות בע""מ",IL,מסכה לשיער יבש,מיליליטרים,500.00,"100 מ""ל",false,1,34.90,6.98,true,1,
7296073283720,false,נקניקיות הודו פרימיום 30,זוגלובק,IL,נקניקיות הודו,גרמים,300.00,100 גרם,false,1,17.90,5.97,true,1,
7296073283737,false,נקניקיות הודו בקר פרימיו,זוגלובק,IL,נקניקיות הודו בק,גרמים,310.00,100 גרם,false,1,17.90,5.77,true,1,
7296073283805,false,חתיכות אננס קפוא 300גרם,d.o.o Lukowa,RS,חתיכות אננס קפוא,גרמים,300.00,100 גרם,false,1,16.90,5.63,true,1,
7296073283812,false,קוביות  מנגו קפוא 300 ג,d.o.o Lukowa,RS,קוביות  מנגו,גרמים,300.00,100 גרם,false,1,16.90,5.63,true,1,
7296073283829,false,מיקס פירות טרופי קפוא 30,d.o.o Lukowa,RS,מיקס פירות טרופי,גרמים,300.00,100 גרם,false,1,16.90,5.63,true,1,
7296073284499,false,"מסיר לק עם משאבה 160 מ""ל",אמיליה קוסמטיקס,IL,מסיר לק עם משאבה,מיליליטרים,150.00,"100 מ""ל",false,1,9.90,6.60,true,1,
7296073284963,false,"משק""ל בטעם תפוז 1.5 ליטר",גניר,IL,"משק""ל בטעם תפוז",ליטרים,1.50,ליטר,false,1,5.50,3.67,true,1,
7296073284994,false,"משק""ל בטעם תפוח 1.5 ליטר",גניר,IL,"משק""ל בטעם תפוח",ליטרים,1.50,ליטר,false,1,5.50,3.67,true,1,
7296073285007,false,"משק""ל בטעם ענבים 1.5ליטר",גניר,IL,"משק""ל בטעם ענבים",ליטרים,1.50,ליטר,false,1,5.50,3.67,true,1,
7296073285021,false,"משק""ל ט.אשכוליות דיאט1.5",---,IL,"משק""ל אשכוליות",ליטרים,1.50,ליטר,false,1,5.50,3.67,true,1,
7296073285267,false,"סכין שקוף עבה ח""פ 100 יח",,CN,סכין שקוף עבה,יחידה,1.00,יחידה,false,1,12.90,12.90,true,1,
7296073285274,false,"מזלג שקוף עבה ח""פ 100 יח",,CN,מזלג שקוף עבה,יחידה,1.00,יחידה,false,1,12.90,12.90,true,1,
7296073285281,false,"כפית שקוף עבה ח""פ 100 יח",,CN,כפית שקוף עבה,יחידה,1.00,יחידה,false,1,12.90,12.90,true,1,
7296073285298,false,"כף שקוף עבה ח""פ 100 יח",,CN,כף שקוף עבה,יחידה,1.00,יחידה,false,1,12.90,12.90,true,1,
7296073285397,false,נר נשמה 24 שעות יחידה,CANDLE ITBRIGHT,CN,נר נשמה 24 שעות,יחידה,1.00,יחידה,false,1,2.00,2.00,true,1,
7296073285403,false,נרות חימום בשקית 50 יח,CANDLE ITBRIGHT,CN,נרות חימום בשקית,יחידה,1.00,יחידה,false,1,10.00,10.00,true,1,
7296073285410,false,נרות חימום בשקית 100 יחי,CANDLE ITBRIGHT,CN,נרות חימום בשקית,יחידה,1.00,יחידה,false,1,19.90,19.90,true,1,
7296073285663,false,ממרח אגוז ללא שמן דקל350,---,IT,ממרח אגוזים,גרמים,350.00,100 גרם,false,1,9.80,2.80,true,1,
7296073285670,false,ממרח אגוז ללא שמן דקל750,SRL NUTKAO,IT,ממרח אגוזים,גרמים,750.00,100 גרם,false,1,18.70,2.49,true,1,
7296073286011,false,אורז פרסי זיפר שופרסל1קג,ltd co produce Uthai,TH,אורז פרסי,קילוגרמים,1.00,"ק""ג",false,1,5.90,5.90,true,1,
7296073286035,false,"אורז תאילנדי זיפר 1 ק""ג",ltd co produce Uthai,TH,אורז תאילנדי,קילוגרמים,1.00,"ק""ג",false,1,4.90,4.90,true,1,
7296073286042,false,אורז יסמין זיפר שופרסל1ק,ltd co produce Uthai,TH,אורז יסמין,קילוגרמים,1.00,"ק""ג",false,1,9.90,9.90,true,1,
7296073286066,false,אורז בסמטי זיפר שופרסל1ק,SETIA LAL CHAMAN,IN,אורז בסמטי,קילוגרמים,1.00,"ק""ג",false,1,12.80,12.80,true,1,
7296073286073,false,"אורז בסמטי בצנצנת 1 ק""ג",SETIA LAL CHAMAN,IN,אורז בסמטי,קילוגרמים,1.00,"ק""ג",false,1,13.90,13.90,true,1,
7296073286165,false,עוגיות בפח שופרסל 280גרם,FRITAG HANS,DE,עוגיות בפח,גרמים,280.00,100 גרם,false,1,11.90,4.25,true,1,
7296073286172,false,ופלים בפח שופרסל 250גרם,FRITAG HANS,DE,ופלים בפח שופרסל,גרמים,250.00,100 גרם,false,1,11.90,4.76,true,1,
7296073286196,false,מיקס ופליםשופרסל400ג25%+,FRITAG HANS,DE,מיקס ופלים,גרמים,500.00,100 גרם,false,1,11.90,2.38,true,1,
7296073286493,false,צמד פטריות חורש ושמפניון,קטיף.,IL,צמד פטריות,יחידה,1.00,יחידה,false,1,16.90,16.90,true,1,
7296073286509,false,פטריות שמפניון יחידה,---,IL,פטריות שמפניון,יחידה,1.00,יחידה,false,1,9.90,9.90,true,1,
7296073287155,false,יעה פס גומי יחידה,המברשת רוחמה,IL,יעה פס גומי,יחידה,1.00,יחידה,false,1,4.90,4.90,true,1,
7296073287520,false,תחליב רח. ושמפו אל דמ750,אמיליה קוסמטיקס,TR,תחליב רחצה ושמפו,מיליליטרים,750.00,"100 מ""ל",false,1,10.80,1.44,true,1,
7296073287551,false,"שמן גוף לתינוק 400 מ""ל",אמיליה קוסמטיקס,TR,שמן גוף לתינוק,מיליליטרים,400.00,"100 מ""ל",false,1,15.80,3.95,true,1,
7296073287568,false,משחת החתלה לתינוק 110 גר,---,TR,משחת החתלה לתינו,גרמים,110.00,100 גרם,false,1,10.90,9.91,true,1,
7296073288756,false,תירס ארוז,קטיף.,IL,תירס ארוז,קילוגרמים,0.00,"ק""ג",true,1,8.90,8.90,true,1,
7296073289586,false,נייר סנדוויץ 100 יחידות,שניב,IL,נייר סנדוויץ,יחידה,1.00,יחידה,false,1,11.90,11.90,true,1,
7296073289739,false,שקיות צליה שופרסל 10 יח,.,TR,שקיות צליה,יחידה,1.00,יחידה,false,1,10.90,10.90,true,1,
7296073289746,false,50 מגבונים לניקוי כללי,דינמיק תעשיות מגבונים,IL,מגבונים לניקוי,יחידה,1.00,יחידה,false,1,8.90,8.90,true,1,
7296073290223,false,פיטריות שמפניון שלמות400,PROCHAMP,NL,פיטריות שלמות,גרמים,400.00,100 גרם,false,1,6.60,1.65,true,1,
7296073290650,false,גומיות עבות שחורות 12 יח,TECHONGGIES TAIKONE,CN,גומיות עבות שחור,יחידה,1.00,יחידה,false,1,9.90,9.90,true,1,
7296073290803,false,חציל קלוי על האש שופרסל,בלו גלו,IL,חציל קלוי,גרמים,650.00,100 גרם,false,1,10.90,1.68,true,1,
7296073290810,false,פלפל אדום קלוי על האש650,בלו גלו,TR,פלפל אדום קלוי,גרמים,650.00,100 גרם,false,1,10.90,1.68,true,1,
7296073290827,false,פלפלים ירוקים כבושים650ג,בלו גלו,TR,פלפלים ירוקים,גרמים,650.00,100 גרם,false,1,10.90,1.68,true,1,
7296073290841,false,"נוזל קוקוס שופרסל 400מ""ל",COCONUT THAI,TH,נוזל קוקוס,מיליליטרים,400.00,"100 מ""ל",false,1,5.90,1.48,true,1,
7296073290858,false,"קרם קוקוס שופרסל 400 מ""ל",COCONUT THAI,TH,קרם קוקוס,מיליליטרים,400.00,"100 מ""ל",false,1,6.90,1.73,true,1,
7296073291107,false,פתיתים אורז10%תוספת550ג,---,IL,פתיתים אורז,גרמים,550.00,100 גרם,false,1,4.50,0.82,true,1,
7296073291114,false,פתית.קוסקוס10%+תוספת550ג,אסיף תעשיות מזון,IL,פתיתים קוסקוס,גרמים,550.00,100 גרם,false,1,4.50,0.82,true,1,
7296073291244,false,חומץ 5% שופרסל 1 ליטר,מיטב,IL,חומץ 5%,ליטרים,1.00,ליטר,false,1,5.90,5.90,true,1,
7296073291299,false,מלפפון לנשנוש וכבישה יח,---,IL,מלפפון לנשנוש,יחידה,1.00,יחידה,false,1,14.90,14.90,true,1,
7296073291763,false,מברשת מאורכת חריצים,PIAOY,CN,מברשת שיער,יחידה,1.00,יחידה,false,1,19.90,19.90,true,1,
7296073291923,false,מיני ניוקי שופרסל 500גרם,ALIMENTARI CLEMME,IT,מיני ניוקי,גרמים,500.00,100 גרם,false,1,9.80,1.96,true,1,
7296073291947,false,ניוקי תרד שופרסל 500גרם,ALIMENTARI CLEMME,IT,ניוקי תרד,גרמים,500.00,100 גרם,false,1,9.80,1.96,true,1,
7296073292012,false,אננס ראש,קטיף.,IL,אננס ראש,קילוגרמים,0.00,"ק""ג",true,1,29.90,29.90,true,1,
7296073292821,false,תפוחונים גרין 1+5 ל.ג,היינג,CN,תפוחונים גרין1+5,גרמים,132.00,100 גרם,false,1,15.90,12.05,true,1,
7296073292906,false,פירורי לחם מוזהב.זיפר350,חטיפים מן הטבע,IL,פירורי לחם מוזהב,גרמים,350.00,100 גרם,false,1,5.90,1.69,true,1,
7296073292913,false,פירורי לחם לבן זיפר350גר,חטיפים מן הטבע,IL,פירורי לחם לבן,גרמים,350.00,100 גרם,false,1,5.90,1.69,true,1,
7296073293040,false,תבניות אפיה מוארכות+מכסה,,IL,תבנית אפיה+מכסה,יחידה,1.00,יחידה,false,1,12.90,12.90,true,1,
7296073293583,false,שמן קוקוס אורגני גרין330,סנקי,LK,שמן קוקוס אורגני,מיליליטרים,330.00,"100 מ""ל",false,1,28.90,8.76,true,1,
7296073294238,false,שמיר יחידה,---,IL,שמיר,יחידה,1.00,יחידה,false,1,4.90,4.90,true,1,
7296073294245,false,נענע יחידה,---,IL,נענע,יחידה,1.00,יחידה,false,1,4.90,4.90,true,1,
7296073295068,false,פירורי לחם חיטה מלאה350ג,עינת,IL,פירורי לחם,גרמים,350.00,100 גרם,false,1,9.90,2.83,true,1,
7296073295136,false,עוג.בטעם קרמל מצופות90ג,לזרוני,IT,עוגיות בטעם קרמל,גרמים,90.00,100 גרם,false,1,8.90,9.89,true,1,
7296073295228,false,מפיות תלת שכבתי 20יחידות,,IT,מפיות,יחידה,1.00,יחידה,false,1,7.90,7.90,true,1,
7296073295617,false,שוק.חלב אורגני גרין 100ג,---,IT,שוקולד חלב,גרמים,100.00,100 גרם,false,1,8.90,8.90,true,1,
7296073295624,false,שוק.מריר אורגני גרין100ג,---,IT,שוקולד מריר,גרמים,100.00,100 גרם,false,1,8.90,8.90,true,1,
7296073296751,false,שמרים יבשים בוואקום 125ג,---,TR,שמרים יבשים,גרמים,125.00,100 גרם,false,1,3.90,3.12,true,1,
7296073296935,false,חליטת תפוח וקינמון 60גרם,---,IL,חליטת תפוח+קינמו,גרמים,60.00,100 גרם,false,1,12.90,21.50,true,1,
7296073297826,false,שוקולד חלב מיניז 100 גרם,פריי )שוקולד(,CH,שוקולד חלב מיניז,גרמים,100.00,100 גרם,false,1,12.90,12.90,true,1,
7296073298014,false,חטיפוני גזר 130גרם,---,IL,חטיפוני גזר,גרמים,130.00,100 גרם,false,1,6.90,5.31,true,1,
7296073298021,false,חטיפוני גזר 350גרם,---,IL,חטיפוני גזר,גרמים,350.00,100 גרם,false,1,10.90,3.11,true,1,
7296073298090,false,מזלג מוכסף 50 יח',,CN,מזלג מוכסף,יחידה,1.00,יחידה,false,1,12.90,12.90,true,1,
7296073298106,false,סכין מוכסף 50 יחידות,,CN,סכין מוכסף,יחידה,1.00,יחידה,false,1,12.90,12.90,true,1,
7296073298120,false,כפית מוכספת 50 יחידות,,CN,כפית מוכסף,יחידה,1.00,יחידה,false,1,12.90,12.90,true,1,
7296073298373,false,"חומץ מיין לבן 500 מ""ל",---,ES,חומץ מיין לבן,מיליליטרים,500.00,"100 מ""ל",false,1,14.90,2.98,true,1,
7296073298588,false,"ניוקי טריקולור ל""ג 500 ג",---,IT,ניוקי ללא גלוטן,גרמים,500.00,100 גרם,false,1,13.90,2.78,true,1,
7296073319795,false,רוטב עגבנ.אורגני גרין700,פרוטאגל,IT,רוטב עגבניות,גרמים,700.00,100 גרם,false,1,9.90,1.41,true,1,
7296073319801,false,עגב.מרוסק אורגני גרין690,פרוטאגל,IT,עגבניות מרוסקות,גרמים,690.00,100 גרם,false,1,9.90,1.43,true,1,
7296073320081,false,"תפו""א למיקרו",---,IL,"תפו""א למירקו",יחידה,1.00,יחידה,false,1,6.90,6.90,true,1,
7296073320289,false,אלסבון סילקי ארט 500*3מל,אקסן קוסמטיק,TR,אלסבון שופרסל3יח,ליטרים,1.50,ליטר,false,1,12.90,8.60,true,1,
7296073320388,false,עלי בייבי 120גרם,---,IL,עלי בייבי 120גרם,גרמים,120.00,100 גרם,false,1,9.50,7.92,true,1,
7296073320395,false,עלי תרד בייבי 200גרם,---,IL,עלי תרד בייבי,גרמים,200.00,100 גרם,false,1,9.90,4.95,true,1,
7296073320401,false,לקט בסגנון איטלקי 300גרם,---,IL,לקט סגנון איטלקי,גרמים,300.00,100 גרם,false,1,10.50,3.50,true,1,
7296073320425,false,לקט בסגנון תאילנדי300גרם,---,IL,לקט סגנון תאילנד,גרמים,300.00,100 גרם,false,1,14.90,4.97,true,1,
7296073320456,false,קרקר דק+שומשום ופשתן175ג,B.V BERGBANKET,NL,קרקר דק+שומשום,גרמים,175.00,100 גרם,false,1,12.90,7.37,true,1,
7296073320517,false,יוגורט יווני מסורת2% 150,S.A MEVGAL,GR,יוגורט יווני,גרמים,150.00,100 גרם,false,1,5.90,3.93,true,1,
7296073320524,false,יוגורט יווני תות0.9% 150,S.A MEVGAL,GR,יוגורט יווני,גרמים,150.00,100 גרם,false,1,5.90,3.93,true,1,
7296073320531,false,יוג.יווני תפוח קינמון150,S.A MEVGAL,GR,יוגורט יווני,גרמים,150.00,100 גרם,false,1,5.90,3.93,true,1,
7296073320548,false,יוג.יווני פ.אדומים0.9%,S.A MEVGAL,GR,יוגורט יווני,גרמים,150.00,100 גרם,false,1,5.90,3.93,true,1,
7296073320555,false,יוג.יווני מסורתי10% 150ג,---,GR,יוגורט יווני,גרמים,150.00,100 גרם,false,1,5.90,3.93,true,1,
7296073320623,false,"ופל ט.שוק.מצופה כשל""פ110",כרמית,IL,וופל טעם שוקולד,גרמים,110.00,100 גרם,false,1,8.90,8.09,true,1,
7296073320760,false,ממרח פלפלים קלויים 190גר,---,IL,ממרח פלפלים קלוי,גרמים,190.00,100 גרם,false,1,10.90,5.74,true,1,
7296073320777,false,ממרח פלפל קלוי+חצילים190,---,BG,ממרח פלפל קלוי,גרמים,190.00,100 גרם,false,1,10.90,5.74,true,1,
7296073320869,false,מטאטא באמפר+מקל יחדה,מיקסליר,IT,מטאטא באמפר+מקל,יחידה,1.00,יחידה,false,1,19.90,19.90,true,1,
7296073320883,false,יעה מתקפל יחידה,מיקסליר,IT,יעה מתקפל,יחידה,1.00,יחידה,false,1,14.90,14.90,true,1,
7296073320906,false,יעה פס גומי יחידה,מיקסליר,IT,יעה פס גומי,יחידה,1.00,יחידה,false,1,4.90,4.90,true,1,
7296073320913,false,סט שירותים יחידה,מיקסליר,IT,סט שירותים,יחידה,1.00,יחידה,false,1,9.90,9.90,true,1,
7296073320951,false,"מגב חלונות 30ס""מ יחידה",לדריבריס,CN,"מגב חלונות 30ס""מ",יחידה,1.00,יחידה,false,1,9.90,9.90,true,1,
7296073320968,false,"מגב לחלונות 20 ס""מ יחידה",לדריבריס,IT,מגב לחלונות,יחידה,1.00,יחידה,false,1,6.90,6.90,true,1,
7296073320975,false,מברשת מעוצבת לכלים יחידה,לדריבריס,IT,מברשת לכלים,יחידה,1.00,יחידה,false,1,4.90,4.90,true,1,
7296073320982,false,מברשת לכלים יחידה,לדריבריס,CN,מברשת לכלים,יחידה,1.00,יחידה,false,1,3.90,3.90,true,1,
7296073321033,false,מברשת לשטיחים יחידה,לדריבריס,CN,מברשת לשטיחים,יחידה,1.00,יחידה,false,1,14.90,14.90,true,1,
7296073321071,false,דלי שטיפה 12 ליטר יחידה,לדריבריס,CN,דלי שטיפה,יחידה,1.00,יחידה,false,1,14.90,14.90,true,1,
7296073321101,false,"מגב דיסקברי 40ס""מ+מקל יח",מוסקו,IL,מגב דיסקברי +מקל,יחידה,1.00,יחידה,false,1,19.90,19.90,true,1,
7296073321149,false,מפה פלנל+הבלטות לבן,,CN,מפה פלנל+הבלטות,יחידה,1.00,יחידה,false,1,9.90,9.90,true,1,
7296073321200,false,אבקת אפיה שופרסל 10*10גר,א.ל ייצור ושיווק תבלינים,IL,אבקת אפיה 10 יח,גרמים,100.00,100 גרם,false,1,3.00,3.00,true,1,
7296073321217,false,סוכר וניל שופרסל 10*10 ג,שופרסל,IL,סוכר וניל 10 יח,גרמים,100.00,100 גרם,false,1,2.70,2.70,true,1,
7296073321224,false,סודה לשתיה שופרסל 100גרם,א.ל ייצור ושיווק תבלינים,IL,סודה לשתיה,גרמים,100.00,100 גרם,false,1,2.20,2.20,true,1,
7296073321231,false,אבקת סוכר שופרסל 100 גרם,א.ל ייצור ושיווק תבלינים,IL,אבקת סוכר שופרסל,גרמים,100.00,100 גרם,false,1,1.80,1.80,true,1,
7296073321361,false,חטיפי אורז אפוי 50 גרם,וונט וונט,CN,חטיפי אורז אפוי,גרמים,50.00,100 גרם,false,1,9.90,19.80,true,1,
7296073321378,false,חטיפי אורז בננה 50 גרם,וונט וונט,CN,חטיפי אורז בננה,גרמים,50.00,100 גרם,false,1,9.90,19.80,true,1,
7296073321446,false,סבון כחול לאסלה 50*3 גרם,ברן איסטנבול,TR,3סבון כחול לאסלה,גרמים,150.00,100 גרם,false,1,11.90,7.93,true,1,
7296073321637,false,"מיץ ענבים שופרסל 750 מ""ל",יקבי ירושלים,IL,מיץ ענבים,מיליליטרים,750.00,"100 מ""ל",false,1,12.90,1.72,true,1,
7296073321675,false,שוק.דואט חלב/לבן+תות100ג,פריי )שוקולד(,CH,שוקולד דואט,גרמים,100.00,100 גרם,false,1,7.90,7.90,true,1,
7296073321712,false,תבנית נייר אינגליש קייק,,CN,תבנית נייר,יחידה,1.00,יחידה,false,1,9.90,9.90,true,1,
7296073321729,false,תבנית נייר מלבנית 4יח' 2,,CN,תבנית נייר,יחידה,1.00,יחידה,false,1,9.90,9.90,true,1,
7296073321736,false,תבנית נייר עגולה 5יחידות,,CN,תבנית נייר,יחידה,1.00,יחידה,false,1,9.90,9.90,true,1,
7296073322474,false,פריכיות חומוס+קינואה100ג,פרח תעשיות מזון,IL,פריכיות חומוס,גרמים,100.00,100 גרם,false,1,9.90,9.90,true,1,
7296073322481,false,פריכיות חומוס+צ'יאה100ג,פרח תעשיות מזון,IL,פריכיות חומוס,גרמים,100.00,100 גרם,false,1,9.90,9.90,true,1,
7296073322580,false,מיץ ענבים תירוש 1 ליטר,יקבי ירושלים,IL,מיץ ענבים תירוש,ליטרים,1.00,ליטר,false,1,13.50,13.50,true,1,
7296073322634,false,ניילון נצמד 150מטר,,CN,ניילון נצמד,מטרים,150.00,מטר,false,1,23.90,0.16,true,1,
7296073322931,false,משקה מוגז ט.אפרסק 315מל,"אינבנטו בע""מ",PL,גזוז בטעם אפרסק,מיליליטרים,315.00,"100 מ""ל",false,1,4.90,1.56,true,1,
7296073323006,false,תה שחור שופרסל1.5*100 גר,עדנים,IL,תה שחור 100 שק.,גרמים,150.00,100 גרם,false,1,9.90,6.60,true,1,
7296073323013,false,תה ארל גריי שופרסל25 שק,עדנים,IL,תה ארל גריי 25שק,גרמים,37.00,100 גרם,false,1,7.50,20.27,true,1,
7296073323020,false,תה ירוק יסמין שופרסל25שק,עדנים,IL,תה ירוק יסמין,גרמים,37.00,100 גרם,false,1,12.90,34.86,true,1,
7296073323044,false,תה ירוק לימונית לואיזה25,עדנים,IL,תה ירוק לימונית,גרמים,37.00,100 גרם,false,1,12.90,34.86,true,1,
7296073323129,false,שעועית לבן אורג.גרין400ג,---,IT,שעועית לבנה,גרמים,400.00,100 גרם,false,1,7.90,1.98,true,1,
7296073323211,false,שקדים מולבנים טחונים,ששון ושות)ש.ת תעשיות(,US,שקדים מולבנים,גרמים,100.00,100 גרם,false,1,11.90,11.90,true,1,
7296073323228,false,שקדים מולבנים גרוסים,---,IL,שקד מולבן גרוס,גרמים,100.00,100 גרם,false,1,11.90,11.90,true,1,
7296073323235,false,בוטנים גרוסים,---,IL,בוטן גרוס 100גרם,גרמים,100.00,100 גרם,false,1,4.90,4.90,true,1,
7296073323242,false,אגוזי מלך טחונים,ששון ושות)ש.ת תעשיות(,IL,אגוז מלך 100גרם,גרמים,100.00,100 גרם,false,1,11.90,11.90,true,1,
7296073323433,false,סירופ מייפל אורג.גרין250,קופדקס,DK,סירופ מייפל,מיליליטרים,250.00,"100 מ""ל",false,1,26.90,10.76,true,1,
7296073323587,false,עגבניה שרי וויטני יחידה,עידו נחום,IL,שרי וויטני,יחידה,1.00,יחידה,false,1,9.90,9.90,true,1,
7296073323594,false,נייר אפייה אקולוגי יח,,IL,נייר אפייה,יחידה,1.00,יחידה,false,1,12.90,12.90,true,1,
7296073323648,false,פריפלצת מחית בננ.תות120ג,גו פרוסלבה,ES,מחית פירות,גרמים,120.00,100 גרם,false,1,4.50,3.75,true,1,
7296073323655,false,פריפלצת מחית תפוח בננ120,גו פרוסלבה,ES,מחית פירות,גרמים,120.00,100 גרם,false,1,4.50,3.75,true,1,
7296073323662,false,פריפלצת מיקס פירות120ג,גו פרוסלבה,ES,מחית פירות,גרמים,120.00,100 גרם,false,1,4.50,3.75,true,1,
7296073323679,false,פריפלצת מחית אגס 120ג,גו פרוסלבה,ES,מחית פירות,גרמים,120.00,100 גרם,false,1,4.50,3.75,true,1,
7296073323686,false,פריפלצת מחית בננה 120ג,גו פרוסלבה,ES,מחית פירות,גרמים,120.00,100 גרם,false,1,4.50,3.75,true,1,
7296073323693,false,פריפלצת מחית תפוח 120 גר,גו פרוסלבה,ES,מחית פירות,גרמים,120.00,100 גרם,false,1,4.50,3.75,true,1,
7296073323747,false,קיש תרד קפוא 380 גרם,KOVCARZ,FR,קיש תרד קפוא,גרמים,380.00,100 גרם,false,1,19.90,5.24,true,1,
7296073323877,false,לחמניות מקמח מלא 6יחידות,מאפית ברמן,IL,6לחמניות קמח מלא,גרמים,450.00,100 גרם,false,1,9.90,2.20,true,1,
7296073324027,false,מנצ'ס פיקנטי 200גרם,FOODS HARVEST DEZHOU,CN,מנצ'ס פיקנטי,גרמים,200.00,100 גרם,false,1,10.90,5.45,true,1,
7296073324713,false,עלי גפן אורגניים 320 גרם,אדא אורגניק,TR,עלי גפן,גרמים,320.00,100 גרם,false,1,11.90,3.72,true,1,
7296073324867,false,פטריות סטייק פורטובלה,---,IL,פ.סטייק פורטובלה,יחידה,1.00,יחידה,false,1,19.90,19.90,true,1,
7296073325130,false,40חיתולים בייבי שלב 4+,פיבי ספא,TR,חיתולים שלב 4+,יחידה,1.00,יחידה,false,1,34.90,34.90,true,1,
7296073325239,false,רדיד אלומיניום 16מיקרון,,CN,רדיד אלומיניום,יחידה,1.00,יחידה,false,1,29.00,29.00,true,1,
7296073326748,false,גרעין אבטיח קלוי מלח,---,IL,גרעין אבטיח קלוי,גרמים,200.00,100 גרם,false,1,13.90,6.95,true,1,
7296073327448,false,קמח לבן מנופה זיפר 1קג,בר רב מפעלי תעשייה והשקע,IL,קמח לבן בהיר,קילוגרמים,1.00,"ק""ג",false,1,5.90,5.90,true,1,
7296073327455,false,קמח תופח מנופה זיפר 1 קג,בר רב מפעלי תעשיה,IL,קמח תופח מנופה,קילוגרמים,1.00,"ק""ג",false,1,7.90,7.90,true,1,
7296073327462,false,קמח כוסמין מנופה זיפר1קג,בר רב מפעלי תעשייה והשקע,IL,קמח כוסמין מלא,קילוגרמים,1.00,"ק""ג",false,1,11.90,11.90,true,1,
7296073327479,false,קמח ח.מלאה מנופה זיפר1קג,בר רב מפעלי תעשייה והשקע,IL,קמח מלא זיפר,קילוגרמים,1.00,"ק""ג",false,1,7.90,7.90,true,1,
7296073327486,false,גאודה נטול לקטוז150גר,---,PL,גאודה נטול לקטוז,גרמים,150.00,100 גרם,false,1,5.70,3.80,true,1,
7296073328070,false,משקה קוקוס בטעם תות460מל,---,TW,משקה קוקוס תות,מיליליטרים,460.00,"100 מ""ל",false,1,5.90,1.28,true,1,
7296073328087,false,"משקה קוקוס ט.מנגו 460מ""ל",---,TW,משקה קוקוס מנגו,מיליליטרים,460.00,"100 מ""ל",false,1,5.90,1.28,true,1,
7296073328902,false,תמר מגהול 400גרם,---,IL,תמר מגהול 400גרם,גרמים,400.00,100 גרם,false,1,12.90,3.23,true,1,
7296073328940,false,כרוב אדום 7% שומן 400 גר,סלטי שמיר,IL,סלט כרוב אדום,גרמים,400.00,100 גרם,false,1,9.90,2.48,true,1,
7296073328957,false,סלט חציל 7% שומן 400 גרם,---,IL,סלט חציל 7% שומן,גרמים,400.00,100 גרם,false,1,9.90,2.48,true,1,
7296073340027,false,קרם ידיים ניאון ורוד 75מ,שופרסל,IL,קרם ידיים,מיליליטרים,75.00,"100 מ""ל",false,1,9.90,13.20,true,1,
7296073340034,false,סבון נוזלי ניאון צהוב350,שופרסל,TR,סבון נוזלי,מיליליטרים,350.00,"100 מ""ל",false,1,9.90,2.83,true,1,
7296073340096,false,שמפו מפרץ הרפתקאות 1ליטר,---,TR,שמפו לילדים,ליטרים,1.00,ליטר,false,1,14.90,14.90,true,1,
7296073340546,false,מגבוני נ.טואלט לילדים,דינמיק תעשיות מגבונים,IL,מגבוני נ.טואל,יחידה,1.00,יחידה,false,1,9.90,9.90,true,1,
7296073341314,false,סבון סילקי אפרסק 100ג,שופרסל,TR,סבון מוצק סילקי,גרמים,100.00,100 גרם,false,1,9.90,9.90,true,1,
7296073341697,false,ממחטות אף לכיס 10 יחידות,שניב תעשיות נייר,IT,ממחטות אף לכיס,יחידה,1.00,יחידה,false,1,7.90,7.90,true,1,
7296073342328,false,שקדים מולבנים פרוסים,---,IL,שקד מולבן פרוס,גרמים,100.00,100 גרם,false,1,11.90,11.90,true,1,
7296073342335,false,שקדים מולבנים חצויים,---,IL,שקדים מולבן חצוי,גרמים,100.00,100 גרם,false,1,11.90,11.90,true,1,
7296073342496,false,דלעת ארוזה,קטיף.,IL,דלעת ארוזה,קילוגרמים,0.00,"ק""ג",true,1,8.90,8.90,true,1,
7296073342847,false,פוקאצ'ה עם רוזמרין 190 ג,---,IT,פוקאצ'ה עם רוזמן,גרמים,190.00,100 גרם,false,1,12.90,6.79,true,1,
7296073342908,false,פסטה מק אנדג צ'יז 300 גר,---,IT,פסטה מקאנדצ'יז,גרמים,300.00,100 גרם,false,1,19.90,6.63,true,1,
7296073342939,false,סלמי צרפתי 120גרם,מעדני יחיעם,IL,סלמי צרפתי120גרם,גרמים,120.00,100 גרם,false,1,16.90,14.08,true,1,
7296073342946,false,סלמי סרוולט 120גרם,מעדני יחיעם,IL,סלמי סרוולט,גרמים,120.00,100 גרם,false,1,16.90,14.08,true,1,
7296073342953,false,כתף בקר מפולפל 100 גרם,מעדני יחיעם,IL,כתף בקר 100גרם,גרמים,100.00,100 גרם,false,1,18.90,18.90,true,1,
7296073343134,false,אל סבון ההרפתקאות ורוד1ל,אמיליה קוסמטיקס,IL,אל סבון ורוד,ליטרים,1.00,ליטר,false,1,14.90,14.90,true,1,
7296073343158,false,קפסולות קפה טעם קוקוס50ג,רוני רג'ואן ושות,IL,קפסולות קפה,גרמים,50.00,100 גרם,false,1,14.90,29.80,true,1,
7296073343172,false,קפסולות קפה שוקול.מריר50,רוני רג'ואן ושות,IL,קפסולות קפה,גרמים,50.00,100 גרם,false,1,14.90,29.80,true,1,
7296073343196,false,קפסולות קפה בטעם שקדים50,רוני רג'ואן ושות,IL,קפסולות קפה,גרמים,50.00,100 גרם,false,1,14.90,29.80,true,1,
7296073343202,false,פריכיות כוסמת שופרסל100ג,פרח תעשיות מזון,IL,פריכיות כוסמת,גרמים,100.00,100 גרם,false,1,7.90,7.90,true,1,
7296073343219,false,פריכיות שופרסל 310 גרם,פרח תעשיות מזון,IL,פריכיות שופרסל,גרמים,310.00,100 גרם,false,1,14.90,4.81,true,1,
7296073343233,false,דגני בוקר+חלבון וקקאו375,---,IL,דגני בוקר+חלבון,גרמים,375.00,100 גרם,false,1,17.90,4.77,true,1,
7296073344421,false,מרגרינה ללא תוספת מלח200,---,TR,מרגרינה,גרמים,200.00,100 גרם,false,1,3.90,1.95,true,1,
7296073344438,false,מרגרינה בטעם חמאה 200 גר,מרסה,TR,מרגרינה,גרמים,200.00,100 גרם,false,1,3.90,1.95,true,1,
7296073344599,false,מגבונים ניקולודיאון72*3,"DPL בע""מ",IL,מגבונים ניקולודי,יחידה,1.00,יחידה,false,1,12.90,12.90,true,1,
7296073344711,false,מקלות חמאה קינמון 200גרם,B.V BERGBANKET,NL,מקלות חמאה,גרמים,200.00,100 גרם,false,1,12.90,6.45,true,1,
7296073344759,false,פסטה פטוצ'ני עגבניות500ג,סי.אי.פי מבוא חורון,IL,פסטה מצוננת,גרמים,500.00,100 גרם,false,1,18.90,3.78,true,1,
7296073344872,false,נוזל רצפות ניחוח לוונדר2,קליר כימיקלים,IL,נוזל לרצפות,ליטרים,2.00,ליטר,false,1,14.90,7.45,true,1,
7296073344902,false,נוזל כלים מסיר שומנים750,---,IL,נוזל כלים מ.שומן,מיליליטרים,750.00,"100 מ""ל",false,1,9.90,1.32,true,1,
7296073344919,false,נוזל כלים+תוסף הברקה 750,---,IL,נוזל כלים+הברקה,מיליליטרים,750.00,"100 מ""ל",false,1,9.90,1.32,true,1,
7296073344933,false,"מגבונים לרצפה רב""פ 8 יח'",שניב תעשיות נייר,IL,מגבונים לרצפה,יחידה,1.00,יחידה,false,1,12.90,12.90,true,1,
7296073345084,false,לחם גרעינים ל.גלוטן500גר,גידרון,IL,לחם גרעינים,גרמים,500.00,100 גרם,false,1,17.90,3.58,true,1,
7296073345091,false,ג'בטות ללא גלוטן 120*3 ג,גידרון,IL,ג'בטה ל.גלוטן3יח,גרמים,360.00,100 גרם,false,1,16.90,4.69,true,1,
7296073345107,false,לחמניות המבורגר ל.ג90*4ג,גידרון,IL,לחמניות המבורגר,גרמים,360.00,100 גרם,false,1,14.90,4.14,true,1,
7296073345206,false,מבריק הפלא 3 יחידות,אלבגינו,PL,מבריק הפלא,יחידה,1.00,יחידה,false,1,9.90,9.90,true,1,
7296073345299,false,משחת שיניים להלבנה 100 מ,---,BG,משחת שיניים להלב,מיליליטרים,100.00,"100 מ""ל",false,1,9.90,9.90,true,1,
7296073345305,false,משחת שיניים פרופ+הרבל100,---,BG,משחת שיניים הרבל,מיליליטרים,100.00,"100 מ""ל",false,1,8.90,8.90,true,1,
7296073345329,false,משחת שיניים טריפל 250 מל,---,BG,משחת שיניים טריפ,מיליליטרים,250.00,"100 מ""ל",false,1,14.90,5.96,true,1,
7296073345336,false,משחת שיניים לילדים 2-6,שופרסל,BG,משחת שיניים KIDS,מיליליטרים,50.00,"100 מ""ל",false,1,8.90,17.80,true,1,
7296073345350,false,מברשת שיניים ילדים גיל+5,---,TR,מברשת שיניים KID,יחידה,1.00,יחידה,false,1,9.90,9.90,true,1,
7296073345381,false,מברשות שיניים 3 יחידות,---,TR,מברשות שיניים3יח,יחידה,1.00,יחידה,false,1,12.90,12.90,true,1,
7296073345428,false,מברשת שיניים חשמלית בנים,---,CN,מברשת שינ.חשמלית,יחידה,1.00,יחידה,false,1,39.90,39.90,true,1,
7296073345473,false,חוט דנטלי שעווה 50 מטר,---,CN,חוט דנטלי שעווה,מטרים,50.00,מטר,false,1,9.90,0.20,true,1,
7296073345732,false,טופו אורגני גרין 300 גרם,כפרי בריא משק ויילר,IL,טופו אורגני,גרמים,300.00,100 גרם,false,1,11.90,3.97,true,1,
7296073345749,false,טופו רך גרין 300 גרם,כפרי בריא משק ויילר,IL,טופו רך,גרמים,300.00,100 גרם,false,1,9.90,3.30,true,1,
7296073345756,false,טופו בתוספת סידן גרין300,כפרי בריא משק ויילר,IL,טופו בתוספת סידן,גרמים,300.00,100 גרם,false,1,9.90,3.30,true,1,
7296073345763,false,טופו טעם טבעי  300 גרם,כפרי בריא משק ויילר,IL,טופו  טעם טבעי,גרמים,300.00,100 גרם,false,1,9.90,3.30,true,1,
7296073345794,false,בייגלה אצבעות שומשום200ג,---,IL,בייגלה אצבעות,גרמים,200.00,100 גרם,false,1,4.90,2.45,true,1,
7296073345817,false,בייגלה שטוח שומשום 200גר,---,IL,בייגלה שטוח,גרמים,200.00,100 גרם,false,1,4.90,2.45,true,1,
7296073345879,false,פלפל ננסי יחידה,בייבי של ירקות,IL,פלפל ננסי,יחידה,1.00,יחידה,false,1,7.90,7.90,true,1,
7296073345916,false,ג'ל רחצה לגבר 3 ב1- 750מ,---,TR,ג'ל רחצה לגבר,מיליליטרים,750.00,"100 מ""ל",false,1,11.90,1.59,true,1,
7296073345923,false,חצאי אפרסקים בסירופ820ג,---,GR,חצאי אפרסקים,גרמים,820.00,100 גרם,false,1,6.40,0.78,true,1,
7296073346333,false,עוגות אישיות קרם חלב350ג,קסליני,IT,עוגות אישיות,גרמים,350.00,100 גרם,false,1,13.90,3.97,true,1,
7296073346340,false,עוגות אישיות קרם שוקו350,קסליני,IT,עוגות אישיות,גרמים,350.00,100 גרם,false,1,13.90,3.97,true,1,
7296073346739,false,שקדים מצופ.שוק.מריר 125ג,רובצאל,IL,שקדים מצופים,גרמים,125.00,100 גרם,false,1,11.90,9.52,true,1,
7296073346791,false,חטיף אגוז+בוטנ.בדבש35*3ג,"SLANY,SPOL.SR.O EKOFRUKT",CZ,חטיפי אגוזים 3יח,גרמים,105.00,100 גרם,false,1,12.90,12.29,true,1,
7296073347323,false,גרנולה שוקולד פקאן 50 גר,---,PL,גרנולה שוקולד,גרמים,50.00,100 גרם,false,1,4.90,9.80,true,1,
7296073347330,false,גרנולה קראנץ טרופי 50 גר,---,PL,גרנולה טרופי,גרמים,50.00,100 גרם,false,1,4.90,9.80,true,1,
7296073347385,false,ברנפלקס אגוזים ומייפל375,---,DE,ברנפלקס אגוזים,גרמים,375.00,100 גרם,false,1,16.90,4.51,true,1,
7296073347453,false,פטרוזליה יחידה,תנובות לכיש,IL,פטרוזליה,יחידה,1.00,יחידה,false,1,3.90,3.90,true,1,
7296073347460,false,שמיר יחידה,תנובות לכיש,IL,שמיר,יחידה,1.00,יחידה,false,1,3.90,3.90,true,1,
7296073347477,false,כוסברה,תנובות לכיש,IL,כוסברה,יחידה,1.00,יחידה,false,1,3.90,3.90,true,1,
7296073347484,false,נענע,תנובות לכיש,IL,נענע,יחידה,1.00,יחידה,false,1,3.90,3.90,true,1,
7296073348023,false,שבבי שקדים מולבנים,---,US,שבבי שקד מולבן,גרמים,100.00,100 גרם,false,1,11.90,11.90,true,1,
7296073348177,false,גב.צהובה 28% פרוסות 400ג,---,PL,גבינה צהובה פרוס,גרמים,400.00,100 גרם,false,1,15.20,3.80,true,1,
7296073348191,false,גבינה צהובה 28% 200 גרם,---,PL,גבינה צהובה,גרמים,200.00,100 גרם,false,1,7.60,3.80,true,1,
7296073348214,false,מטהר אויר ורוד 350מל,---,IL,מטהר אויר נ.גז,מיליליטרים,350.00,"100 מ""ל",false,1,8.90,2.54,true,1,
7296073348238,false,מטהר אויר נטול גז לבנדר,---,IL,מטהר אויר נ.גז,מיליליטרים,350.00,"100 מ""ל",false,1,8.90,2.54,true,1,
7296073348245,false,מטהר אויר אלוורה 350מל,---,IL,מטהר אויר נ.גז,מיליליטרים,350.00,"100 מ""ל",false,1,8.90,2.54,true,1,
7296073348801,false,שוקולד חלב מנגו ופטל100ג,---,CH,שוקולד חלב מנגו,גרמים,100.00,100 גרם,false,1,9.90,9.90,true,1,
7296073348818,false,שוק.לבן בטעם פטל+וניל100,---,CH,שוקולד לבן פטל,גרמים,100.00,100 גרם,false,1,9.90,9.90,true,1,
7296073348825,false,שוק.חלב עם פקאן 100 גרם,---,IL,שוקולד חלב פקאן,גרמים,100.00,100 גרם,false,1,9.90,9.90,true,1,
7296073348849,false,שוקולד לבן קוקוס 100 גרם,---,CH,שוקולד לבן קוקוס,גרמים,100.00,100 גרם,false,1,9.90,9.90,true,1,
7296073348955,false,ספגטי אמר אורגני 500 גרם,---,IT,ספגטי אמר,גרמים,500.00,100 גרם,false,1,16.90,3.38,true,1,
7296073348979,false,פוזילי אמר אורגני 500ג,---,IT,פוזילי אמר,גרמים,500.00,100 גרם,false,1,16.90,3.38,true,1,
7296073349259,false,שקדי מרק ניקולודיון400ג,---,IL,שקדי מרק ניקולוד,גרמים,400.00,100 גרם,false,1,7.90,1.98,true,1,
7296073349396,false,דובד.חמוצים מגולענים680ג,---,HU,דובדבנים חמוצים,גרמים,680.00,100 גרם,false,1,11.00,1.62,true,1,
7296073350149,false,"מפיות 40*40ס""מ תלת שכבתי",,CN,מפיות,יחידה,1.00,יחידה,false,1,12.90,12.90,true,1,
7296073350156,false,"מזלג וינטג' 20 יח,' 10 ג",,CN,מזלג וינטג',יחידה,1.00,יחידה,false,1,10.00,10.00,true,1,
7296073352846,false,"מפיות חד שכבתי 100 יח,'",,IL,מפיות,יחידה,1.00,יחידה,false,1,6.90,6.90,true,1,
7296073352853,false,מפיות לבן 150יחידות,,IL,מפיות,יחידה,1.00,יחידה,false,1,7.90,7.90,true,1,
7296073352860,false,"מפיות בדיספנסר 100 יח,'",,IL,מפיות,יחידה,1.00,יחידה,false,1,3.90,3.90,true,1,
7296073352914,false,חט.בראוניז שוק.ציפס25*5ג,---,CA,חטיפי בראוניז5יח,גרמים,125.00,100 גרם,false,1,14.90,11.92,true,1,
7296073352921,false,חטיפי בראוניז קינמון25*5,---,CA,חטיפי בראוניז5יח,גרמים,125.00,100 גרם,false,1,14.90,11.92,true,1,
7296073359234,false,גרעיני תירס מתוק 340 גרם,---,HU,גרעיני תירס מתוק,גרמים,340.00,100 גרם,false,1,5.00,1.47,true,1,
7296073359241,false,60מגני תחתון לנערות נורמ,---,DE,מגן תחתון לנערות,יחידה,1.00,יחידה,false,1,12.90,12.90,true,1,
7296073359838,false,עוגיות מקלות מרוקאיות500,גידרון,IL,עוגיות מרוקאיות,גרמים,500.00,100 גרם,false,1,14.90,2.98,true,1,
7296073359845,false,"עוגיות מרוקאיות ללת""ס500",---,IL,עוגיות מרוקאיות,גרמים,500.00,100 גרם,false,1,14.90,2.98,true,1,
7296073359852,false,עוגיות גרנולה 500 גרם,---,IL,עוגיות גרנולה,גרמים,500.00,100 גרם,false,1,14.90,2.98,true,1,
7296073359876,false,עוג.פרפריות ט.שוקולד500ג,---,IL,עוגיות פרפריות,גרמים,500.00,100 גרם,false,1,14.90,2.98,true,1,
7296073359906,false,עוג.כתר ריבה טעם תות500ג,---,IL,עוגיות ריבה,גרמים,500.00,100 גרם,false,1,14.90,2.98,true,1,
7296073359913,false,עוגיות לבבות 500 גרם,---,IL,עוגיות לבבות,גרמים,500.00,100 גרם,false,1,14.90,2.98,true,1,
7296073359920,false,עוגיות שוקוצ'יפס 500 גרם,---,IL,עוגיות שוקוצ'יפס,גרמים,500.00,100 גרם,false,1,14.90,2.98,true,1,
7296073359937,false,עוגיות מעמול תמרים 500גר,---,IL,עוגיות מעמול תמר,גרמים,500.00,100 גרם,false,1,14.90,2.98,true,1,
7296073361350,false,שמפו ללא מלחים רגיל 100,"א.מ.ש.י תעשיות בע""מ",IL,שמפו ללא מלחים,מיליליטרים,100.00,"100 מ""ל",false,1,9.90,9.90,true,1,
7296073361367,false,שמפו ללא מלחים יבש 100 מ,"א.מ.ש.י תעשיות בע""מ",IL,שמפו ללא מלחים,מיליליטרים,100.00,"100 מ""ל",false,1,9.90,9.90,true,1,
7296073361381,false,מרכך ללא מלחים רגיל 100,"א.מ.ש.י תעשיות בע""מ",IL,מרכך ללא מלחים,מיליליטרים,100.00,"100 מ""ל",false,1,9.90,9.90,true,1,
7296073361404,false,מרכך ללא מלחים מוחלק 100,"א.מ.ש.י תעשיות בע""מ",IL,מרכך ללא מלחים,מיליליטרים,100.00,"100 מ""ל",false,1,9.90,9.90,true,1,
7296073361442,false,"מטליות היגיניות רב""ש 5יח",נועם אורים,IL,מטלית הגיניות,יחידה,1.00,יחידה,false,1,9.90,9.90,true,1,
7296073361473,false,חטיפי שוקולד טוויניז147ג,---,SE,חטיפי שוקולד,גרמים,147.00,100 גרם,false,1,14.90,10.14,true,1,
7296073361671,false,רוטב ברביקיו 510 גרם,---,US,רוטב ברביקיו,גרמים,510.00,100 גרם,false,1,11.90,2.33,true,1,
7296073361695,false,רוטב ברביקיו עם דבש510גר,---,US,רוטב ברביקיו,גרמים,510.00,100 גרם,false,1,11.90,2.33,true,1,
7296073361701,false,רוטב ברביקיו ט.מעושן510ג,---,US,רוטב ברביקיו,גרמים,510.00,100 גרם,false,1,11.90,2.33,true,1,
7296073361947,false,"צלחת גדולה 40 יח,' ""9",,TR,צלחות גדולות,יחידה,1.00,יחידה,false,1,19.90,19.90,true,1,
7296073361954,false,צלחת גדולה במארז 100 יח',,TR,צלחות גדולות,יחידה,1.00,יחידה,false,1,25.00,25.00,true,1,
7296073361961,false,"סכו""ם מעורב 120 יחידות",,TR,סכום,יחידה,1.00,יחידה,false,1,12.90,12.90,true,1,
7296073362111,false,פטוצ'יני מצונן 300 גרם,---,IL,פטוצ'יני מצונן,גרמים,300.00,100 גרם,false,1,9.90,3.30,true,1,
7296073362128,false,קרוסלה מצונן 300 גרם,---,IL,קרוסלה מצונן,גרמים,300.00,100 גרם,false,1,9.90,3.30,true,1,
7296073362630,false,אקונומיקה מבושמת 4 ליטר,---,IL,אקונומיקה מבושמת,ליטרים,4.00,ליטר,false,1,12.90,3.23,true,1,
7296073362647,false,אקונומיקה סמיכה שופרסל4ל,---,IL,אקונומיקה סמיכה,ליטרים,4.00,ליטר,false,1,12.90,3.23,true,1,
7296073362654,false,אקונומיקה שופרסל 4 ליטר,---,IL,אקונומיקה שופרסל,ליטרים,4.00,ליטר,false,1,8.90,2.23,true,1,
7296073362678,false,שמיר יחידה,---,IL,שמיר יחידה,יחידה,1.00,יחידה,false,1,3.90,3.90,true,1,
7296073362722,false,תבשיל אורז עם עדשים550ג,---,IL,תבשיל אורז+עדשים,גרמים,550.00,100 גרם,false,1,18.90,3.44,true,1,
7296073362739,false,חמאת בוטנים 510 גרם,---,IN,חמאת בוטנים,גרמים,510.00,100 גרם,false,1,14.90,2.92,true,1,
7296073362777,false,סלרי עלים,תנובות לכיש,IL,סלרי עלים,יחידה,1.00,יחידה,false,1,5.90,5.90,true,1,
7296073362784,false,סלרי ראש,תנובות לכיש,IL,סלרי ראש,יחידה,1.00,יחידה,false,1,5.90,5.90,true,1,
7296073362791,false,שורש,תנובות לכיש,IL,שורש,יחידה,1.00,יחידה,false,1,5.90,5.90,true,1,
7296073362807,false,פזיל,תנובות לכיש,IL,פזיל,יחידה,1.00,יחידה,false,1,5.90,5.90,true,1,
7296073362814,false,בצל ירוק,תנובות לכיש,IL,בצל ירוק,יחידה,1.00,יחידה,false,1,4.90,4.90,true,1,
7296073362821,false,סב.ידיים בצבעי פסטל500*3,---,TR,סבון ידיים 3 יח,ליטרים,1.50,ליטר,false,1,14.90,9.93,true,1,
7296073364177,false,"שקיות זיפר 20*20 ס""מ",---,CN,שקיות זיפר 50יח,יחידה,1.00,יחידה,false,1,10.00,10.00,true,1,
7296073364184,false,"שקיות סלייד 25*20 ס""מ 30",---,CN,שקיות סלייד,יחידה,1.00,יחידה,false,1,12.90,12.90,true,1,
7296073364368,false,חומוס ענק לבן זיפר 500גר,---,IL,חומוס ענק לבן,גרמים,500.00,100 גרם,false,1,7.30,1.46,true,1,
7296073364429,false,שעועית לבנה זיפר 500 גרם,---,IL,שעועית לבנה,גרמים,500.00,100 גרם,false,1,9.80,1.96,true,1,
7296073364481,false,"אפונה ירוקה זיפר 1 ק""ג",---,IL,אפונה ירוקה,קילוגרמים,1.00,"ק""ג",false,1,7.80,7.80,true,1,
7296073364528,false,"גריסים זיפר שופרסל 1 ק""ג",---,IL,גריסים,קילוגרמים,1.00,"ק""ג",false,1,7.50,7.50,true,1,
7296073364542,false,"אורז לבן עגול זיפר 1 ק""ג",---,IL,אורז לבן עגול,קילוגרמים,1.00,"ק""ג",false,1,7.50,7.50,true,1,
7296073364580,false,פופקורן גרעינים זיפר 1קג,---,IL,פופקורן גרעינים,קילוגרמים,1.00,"ק""ג",false,1,8.80,8.80,true,1,
7296073365075,false,פטריות חתוכות 400*3גרם,---,NL,פטריות חתוכות,קילוגרמים,1.20,"ק""ג",false,1,11.90,9.92,true,1,
7296073365341,false,נייר טואלט תלת שכבתי32גל,שניב תעשיות נייר,IL,נייר טואלט 32 גל,מטרים,523.00,100 מטר,false,1,39.90,7.63,true,1,
7296073365747,false,מאגדת מצופים שוקולד 8 יח,---,IL,מאגדת מצופים שוק,גרמים,560.00,100 גרם,false,1,18.90,3.38,true,1,
7296073365754,false,מאגדת גביע ופל וניל 260,---,IL,מאגדת גביע ופל,גרמים,260.00,100 גרם,false,1,19.90,7.65,true,1,
7296073365778,false,מאגדת טרופיקל מנגו פסיפל,---,IL,מאגדת טרופיקלפרי,גרמים,400.00,100 גרם,false,1,19.90,4.98,true,1,
7296073365785,false,מאגדת קרח לימון דובדבן,---,IL,מאגדת קרח,גרמים,800.00,100 גרם,false,1,12.90,1.61,true,1,
7296073365808,false,מאגדת מיני ברשוקולד 5 יח,---,IL,מאגדת מיני בר,גרמים,300.00,100 גרם,false,1,24.90,8.30,true,1,
7296073365877,false,ג'חנון ללא גלוטן 400 גרם,נטורל קייקס,IL,ג'חנון ללא גלוטן,גרמים,400.00,100 גרם,false,1,24.90,6.23,true,1,
7296073365891,false,פיצה מרגריטה זיתים 400גר,נטורל קייקס,IL,פיצה מרגריטה,גרמים,400.00,100 גרם,false,1,26.90,6.73,true,1,
7296073365907,false,קורנפלור ללא גלוטן 500 ג,---,IL,"קורנפלור לל""ג",גרמים,500.00,100 גרם,false,1,7.90,1.58,true,1,
7296073366393,false,ממרח חמאה שופרסל 250 גרם,---,IE,ממרח חמאה,גרמים,250.00,100 גרם,false,1,14.90,5.96,true,1,
7296073366409,false,ממרח חמאה שופרסל 500 גרם,---,IE,ממרח חמאה,גרמים,500.00,100 גרם,false,1,26.90,5.38,true,1,
7296073366706,false,מרכך כביסה 3 * 1 ליטר,גליל כימיקלים,IL,מרכך כביסה 3 יח,ליטרים,3.00,ליטר,false,1,29.90,9.97,true,1,
7296073366898,false,גבינת קממבר 200 גרם,---,FR,גבינת קמבבר,גרמים,200.00,100 גרם,false,1,19.90,9.95,true,1,
7296073366904,false,רביולי תרד גבינה 300 גרם,---,IL,רביולי תרד,גרמים,300.00,100 גרם,false,1,14.90,4.97,true,1,
7296073366911,false,רביולי סלק וגבינה 300 גר,פסטה נונה,IL,רביולי סלק+גבינה,גרמים,300.00,100 גרם,false,1,14.90,4.97,true,1,
7296073366942,false,עוגת טורט קרם קקאו 400גר,---,IT,עוגת טורט קקאו,גרמים,400.00,100 גרם,false,1,14.90,3.73,true,1,
7296073366966,false,מים מינרלים מוגז עדין1ל,SPA TAVINA,IT,מים מינרלים,ליטרים,1.00,ליטר,false,1,8.20,8.20,true,1,
7296073367468,false,מעמד+קפסולות 36יח שחור,רוני רג'ואן ושות,IL,מעמד + קפסולות,גרמים,180.00,100 גרם,false,1,59.90,33.28,true,1,
7296073367826,false,טבעות דגנים עם דבש 500 ג,---,LT,דגנים טבעות דבש,גרמים,500.00,100 גרם,false,1,12.90,2.58,true,1,
7296073368212,false,טחינה אורגנית גרין 500 ג,---,IL,טחינה אורגנית,גרמים,500.00,100 גרם,false,1,15.90,3.18,true,1,
7296073368229,false,טחינה אורגנית מלאה 500 ג,---,IL,טחינה אורגנית,גרמים,500.00,100 גרם,false,1,15.90,3.18,true,1,
7296073368557,false,ממרח עגבניות עם פרמזן190,---,IT,ממרח עגבניות,גרמים,190.00,100 גרם,false,1,10.90,5.74,true,1,
7296073368670,false,מגבונים לחים מארז ענק 12,---,IL,מגבונים לחים,יחידה,1.00,יחידה,false,1,42.90,42.90,true,1,
7296073368687,false,מגבוני בייבי פרימיום64*4,---,IL,מגבונים לחים,יחידה,1.00,יחידה,false,1,24.90,24.90,true,1,
7296073368830,false,טורטיות מקמח חיטה 320 גר,---,RS,טורטיות,גרמים,320.00,100 גרם,false,1,8.90,2.78,true,1,
7296073368854,false,טורטיות מקמח חיטה מלא320,---,RS,טורטיות,גרמים,320.00,100 גרם,false,1,8.90,2.78,true,1,
7296073368892,false,תערובת קדירה לקט חמין500,מיה,IL,תערובת קדירה,גרמים,500.00,100 גרם,false,1,9.90,1.98,true,1,
7296073368908,false,תע.קדירה לקט בריאות500ג,---,IL,תערובת קדירה,גרמים,500.00,100 גרם,false,1,9.90,1.98,true,1,
7296073369318,false,גזר צבעוני יחידה,מרינה,IL,גזר צבעוני,יחידה,1.00,יחידה,false,1,9.90,9.90,true,1,
7296073369639,false,ערמונים קלופים קלויים,---,CN,ערמונים קלופים,גרמים,100.00,100 גרם,false,1,6.90,6.90,true,1,
7296073372271,false,שמנת לבישול נ.לקטוז250מל,---,IL,שמנת לבישול15%,מיליליטרים,250.00,"100 מ""ל",false,1,7.50,3.00,true,1,
7296073372288,false,שמנת להקצפה נ.לקטוז 250מ,---,IL,שמנת להקצפה38%,מיליליטרים,250.00,"100 מ""ל",false,1,7.50,3.00,true,1,
7296073372790,false,עלי כרוב אורג.גרין 320גר,,TR,עלי כרוב אורג.,גרמים,320.00,100 גרם,false,1,13.90,4.34,true,1,
7296073373285,false,עגבניה מגי יחידה,אלון שלו,IL,עגבניה מגי,יחידה,1.00,יחידה,false,1,8.90,8.90,true,1,
7296073373421,false,קצף אקונומיקה 1 ליטר,---,IL,קצף אקונומיקה,ליטרים,1.00,ליטר,false,1,12.70,12.70,true,1,
7296073373476,false,ברוקולי ארוז,---,IL,ברוקולי ארוז,יחידה,1.00,יחידה,false,1,9.90,9.90,true,1,
7296073373483,false,בייבי גאודה 280 גרם,BV KAAS WILLIG HENRI,NL,בייבי גאודה,גרמים,280.00,100 גרם,false,1,29.90,10.68,true,1,
7296073373490,false,בייבי גאודה פלפל 280 גרם,---,NL,בייבי גאודה,גרמים,280.00,100 גרם,false,1,29.90,10.68,true,1,
7296073373513,false,בייבי גאודה פסטו 280 גרם,BV KAAS WILLIG HENRI,NL,בייבי גאודה פסטו,גרמים,280.00,100 גרם,false,1,29.90,10.68,true,1,
7296073373537,false,גבינת גאודה פרוס 150גרם,VANDERSTERRE,NL,גבינת גאודה פרוס,גרמים,150.00,100 גרם,false,1,16.90,11.27,true,1,
7296073373544,false,גבינת גאודה ס 200 גרם,VANDERSTERRE,NL,גבינת גאודה,גרמים,200.00,100 גרם,false,1,17.90,8.95,true,1,
7296073373551,false,גבינת צ'ילי שופרסל 180 ג,תעשיות מלח לישראל,NL,גבינת צ'ילי,גרמים,180.00,100 גרם,false,1,17.90,9.94,true,1,
7296073373636,false,בייבי גאודה עיזים 280 גר,הנרי וויליך,NL,גאודה עיזים,גרמים,280.00,100 גרם,false,1,33.90,12.11,true,1,
7296073373827,false,קלאודס שוקולד ותירס150ג,---,DE,קלאודס שוקולד,גרמים,150.00,100 גרם,false,1,11.90,7.93,true,1,
7296073373841,false,קלאודס שוק+שבבי קוקוס150,---,DE,קלאודס שוקולד,גרמים,150.00,100 גרם,false,1,11.90,7.93,true,1,
7296073376521,false,כפית וינטג' לבן 20 יחיד,,CN,כפית וינטג',יחידה,1.00,יחידה,false,1,10.00,10.00,true,1,
7296073376613,false,מפיות חד שכבתי זיג זג 80,,CN,מפיות חד שכבתי,יחידה,1.00,יחידה,false,1,7.90,7.90,true,1,
7296073376804,false,תבניות רוסטר עבות 12יחיד,,TR,תבניות רוסטר,יחידה,1.00,יחידה,false,1,39.00,39.00,true,1,
7296073377269,false,פולי סויה אדממה 454 גרם,---,CN,פולי סויה אדממה,גרמים,454.00,100 גרם,false,1,10.90,2.40,true,1,
7296073378723,false,"צלחות לבן PP 10"" 100 יח",,TR,צלחות PP,יחידה,1.00,יחידה,false,1,29.00,29.00,true,1,
7296073378730,false,"צלחות לבן PP 9"" 100 יח",,TR,צלחות PP,יחידה,1.00,יחידה,false,1,19.00,19.00,true,1,
7296073378754,false,מרקייה לבן PP 100 יח,,TR,צלחות PP,יחידה,1.00,יחידה,false,1,15.00,15.00,true,1,
7296073378761,false,"צלחות ""10 קרם PP 100יח",,TR,צלחות PP,יחידה,1.00,יחידה,false,1,29.00,29.00,true,1,
7296073378785,false,"צלחות קרם PP 7"" 100 יח",,TR,צלחות PP,יחידה,1.00,יחידה,false,1,15.00,15.00,true,1,
7296073379195,false,משקה אסרולה טעם תפוז500מ,---,IL,משקה אסרולה,מיליליטרים,500.00,"100 מ""ל",false,1,5.90,1.18,true,1,
7296073379256,false,מרכך מרוכז EXOTIC 1 ליטר,---,IL,מרכך מרוכז ספא,ליטרים,1.00,ליטר,false,1,14.90,14.90,true,1,
7296073379263,false,מרכך מרוכז DIVING DEEP,---,IL,מרכך מרוכז ספא,ליטרים,1.00,ליטר,false,1,14.90,14.90,true,1,
7296073379270,false,מרכך מרוכז TOUCH VELVET,---,IL,מרכך מרוכז ספא,ליטרים,1.00,ליטר,false,1,14.90,14.90,true,1,
7296073379294,false,ג'ל כביסה מרוכז כחול 3 ל,---,IL,ג'ל כביסה מרוכז,ליטרים,3.00,ליטר,false,1,24.90,8.30,true,1,
7296073379300,false,ג'ל כביסה מרוכז לבן 3 ל,---,IL,ג'ל כביסה מרוכז,ליטרים,3.00,ליטר,false,1,24.90,8.30,true,1,
7296073379331,false,רוטב לסלט ויניגרט חרדל,---,IL,ויניגרט חרדל,מיליליטרים,280.00,"100 מ""ל",false,1,12.90,4.61,true,1,
7296073379348,false,רוטב לסלט ויניגרט הדרים,---,IL,רוטב לסלט הדרים,מיליליטרים,1.00,"100 מ""ל",false,1,12.90,1290.00,true,1,
7296073379379,false,רוטב לסלט לימונענע,---,IL,רוטב לימונענע,מיליליטרים,280.00,"100 מ""ל",false,1,12.90,4.61,true,1,
7296073379607,false,שניצל בקר  דק 250גרם,---,IL,שניצל בקר דק,גרמים,250.00,100 גרם,false,1,19.90,7.96,true,1,
7296073380153,false,עגבניות שרי מנומר יחידה,עידו נחום,IL,שרי מנומר,יחידה,1.00,יחידה,false,1,9.90,9.90,true,1,
7296073386407,false,"וופלים טעם שוקולד 1.2ק""ג",---,IL,וופלים שוקולד,קילוגרמים,1.20,"ק""ג",false,1,15.50,12.92,true,1,
7296073386414,false,נוזל לניקוי חלונות 1ליטר,---,IL,נוזל לחלונות,ליטרים,1.00,ליטר,false,1,7.90,7.90,true,1,
7296073386438,false,עוג.במילוי ק.שוקולד 150ג,---,IT,עוגיות במילוי קר,גרמים,150.00,100 גרם,false,1,7.50,5.00,true,1,
7296073386568,false,ספגטי סלק,---,IL,ספגטי סלק,גרמים,250.00,100 גרם,false,1,12.90,5.16,true,1,
7296073387046,false,מארז תה חגיגי 60 שקיקים,---,IL,מארז תה חגיגי,גרמים,90.00,100 גרם,false,1,19.90,22.11,true,1,
7296073389507,false,צנונית יחידה,מרינה,IL,צנונית,יחידה,1.00,יחידה,false,1,4.90,4.90,true,1,
7296073390916,false,שווארמה מג'דרה 550 גרם,סי.אי.פי מבוא חורון,IL,שווארמה מג'דרה,גרמים,550.00,100 גרם,false,1,29.90,5.44,true,1,
7296073390923,false,נודלס עוף שופרסל 550 גרם,סי.אי.פי מבוא חורון,IL,נודלס עוף,גרמים,550.00,100 גרם,false,1,29.90,5.44,true,1,
7296073390930,false,עוף סצ'ואן שופרסל 550 גר,---,IL,עוף סצ'ואן,גרמים,550.00,100 גרם,false,1,29.90,5.44,true,1,
7296073753896,false,זוג ניילון נצמד שופרסל 3,,CN,זוג ניילון,יחידה,1.00,יחידה,false,1,9.90,9.90,true,1,
7296082000035,false,"ביצים ""פלוס"" 6 יחידות",ביו אומגה,IL,ביצים פלוס 6 י,יחידה,1.00,יחידה,false,0,14.90,14.90,true,1,
7296149163932,false,בובת הלו קיטי יושבת,ליפונג,CN,בובת הלו קיטי,יחידה,1.00,יחידה,false,1,39.90,39.90,true,1,
7312040017683,false,וודקה אבסולוט,,SE,וודקה אבסולוט,מיליליטרים,700.00,"100 מ""ל",false,0,69.90,9.99,true,1,
7314710603325,false,עוגיות לבבות ג'ינג'ר425ג,,SE,עוגיות לבבות,גרמים,425.00,100 גרם,false,1,19.90,4.68,true,1,
7393714509604,false,סיידר תפוחים קופרברג330מ,קופרברג,SE,סיידר תפוחים,מיליליטרים,330.00,"100 מ""ל",false,1,9.90,3.00,true,1,
7501013101362,false,גומקס משקה קוקוס אננס473,חומקס קומרסאליזדורה,MX,משקה קוקוס אננס,מיליליטרים,473.00,"100 מ""ל",false,1,7.50,1.59,true,1,
7501013122039,false,ג'ומקס משקה מנגו קרטון1ל,חומקס קומרסאליזדורה,MX,משקה ג'ומקס מנגו,ליטרים,1.00,ליטר,false,1,8.90,8.90,true,1,
7501013122114,false,ג'ומקס משקה אננס קרטון1ל,חומקס קומרסאליזדורה,MX,משקה ג'ומקס אננס,ליטרים,1.00,ליטר,false,1,8.90,8.90,true,1,
7501013122992,false,ג'ומקס משקה קוקוס אננס1ל,חומקס קומרסאליזדורה,MX,משקה קוקוס אננס,ליטרים,1.00,ליטר,false,1,8.90,8.90,true,1,
7501013132038,false,נקטר מנגו,,MX,נקטר מנגו,ליטרים,1.00,ליטר,false,0,11.90,11.90,true,1,
7501013132052,false,נקטר אפרסק,,MX,נקטר אפרסק,ליטרים,1.00,ליטר,false,0,11.90,11.90,true,1,
7501013132403,false,מיץ קוקוס אננס 1 ליטר,ELORO.S.A COMERCIAIZADOR,MX,מיץ קוקוס אננס,ליטרים,1.00,ליטר,false,1,11.90,11.90,true,1,
7501064191466,false,בירה קורונה 6 יח,,,בירה קורונה 6 יח,ליטרים,2.13,ליטר,false,0,39.90,18.73,true,1,
7610023051212,false,שוקו X דגנים+שוק.ציפס500,ביו פמיליה,CH,שוקו X דגנים,גרמים,500.00,100 גרם,false,0,25.50,5.10,true,1,
7610100034084,false,מיונז טומי 265 גרם,טומי,CH,מיונז טומי,גרמים,265.00,100 גרם,false,1,14.90,5.62,true,1,
7610400010481,false,שוק.לינדט אקסלנס מילק100,לינדט ושפרונגלי,FR,שוקולד לינדט,גרמים,100.00,100 גרם,false,0,14.90,14.90,true,1,
7610400068505,false,בונבונ.לינדור מילק 200גר,לינדט ושפרונגלי,CH,בונבונירה לינדור,גרמים,200.00,100 גרם,false,0,29.90,14.95,true,1,
7610400068529,false,בונ.לינדור קורנה מעור200,לינדט ושפרונגלי,CH,בונבונ.לינדור,גרמים,200.00,100 גרם,false,0,29.90,14.95,true,1,
7610400074155,false,שוק.לינדור מריר60% 100ג,לינדט ושפרונגלי קילשברג,CH,שוקולד לינדור,גרמים,100.00,100 גרם,false,0,15.80,15.80,true,1,
7610400075787,false,שוק.לינדט מילק אג.לוז150,לינדט ושפרונגלי קילשברג,CH,שוקולד לגרנד,גרמים,150.00,100 גרם,false,1,23.90,15.93,true,1,
7613032045753,false,דגנ.בוקר פיטנס שוקולד375,סי פי. צרפת,FR,פיטנס שוקולד,גרמים,375.00,100 גרם,false,0,19.90,5.31,true,1,
7613033539022,false,"מחית תפו""ע שלב 1 130 גרם",נסטלה,PL,מחית שלב 1 מטרנה,גרמים,130.00,100 גרם,false,0,5.20,4.00,true,1,
7613033539121,false,מחית סלט פירות שלב2 130ג,נסטלה,PL,מחית שלב 2 מטרנה,גרמים,130.00,100 גרם,false,0,5.20,4.00,true,1,
7613033539169,false,מחית תפוח עץ שלב 3 190 ג,נסטלה,PL,מחית שלב 3 מטרנה,גרמים,190.00,100 גרם,false,0,5.90,3.11,true,1,
7613033539749,false,מחית תפוח בננה שלב3 190ג,נסטלה,PL,מחית שלב 3 מטרנה,גרמים,190.00,100 גרם,false,0,5.90,3.11,true,1,
7613033548192,false,פיטנס שוקולד מריר 375גרם,סי פי. צרפת,FR,פיטנס שוקולד,גרמים,375.00,100 גרם,false,0,19.90,5.31,true,1,
7613033691843,false,מרק עגבניות שלב 3 190ג,נסטלה,PL,מרק שלב 3 מטרנה,גרמים,190.00,100 גרם,false,1,5.90,3.11,true,1,
7613033692383,false,"מחית תפו""ע+דגנ.שלב2 130ג",נסטלה,PL,מחית שלב 2 מטרנה,גרמים,130.00,100 גרם,false,0,5.20,4.00,true,1,
7613034042170,false,פיטנס שקדים ודבש 585 גרם,סי פי. צרפת,FR,פיטנס שקדים ודבש,גרמים,585.00,100 גרם,false,0,27.50,4.70,true,1,
7613034146823,false,ONE בקר לכלב מיני 800 גר,נסטלה פורינה איטליה,IT,ONEלכלב מיני,גרמים,800.00,100 גרם,false,1,34.90,4.36,true,1,
7613034792785,false,מולטי צ'יריוס 565 גרם,סי.פי אנגליה,GB,מולטי צ'יריוס,גרמים,565.00,100 גרם,false,0,21.90,3.88,true,1,
7613035622623,false,גרנולה שקד+דבש פיטנס300ג,נסטלה,BE,גרנולה פיטנס,גרמים,300.00,100 גרם,false,1,15.00,5.00,true,1,
7613035807778,false,רוטב עגבניות לבולונז400ג,נסטלה,ES,רוטב עגבניות,גרמים,400.00,100 גרם,false,1,9.90,2.48,true,1,
7613035809109,false,רוטב עגבניות+בזיליקום400,נסטלה,ES,רוטב עגבניות,גרמים,400.00,100 גרם,false,1,9.90,2.48,true,1,
7613035885141,false,פריסקיז פאוצ' בקר 100ג,נסטלה פורינה,HU,פריסקיז פאוצ',גרמים,100.00,100 גרם,false,1,5.00,5.00,true,1,
7613036045544,false,פייבר וואן 460 גרם,נסטלה,PT,פייבר וואן,גרמים,460.00,100 גרם,false,1,22.90,4.98,true,1,
7613036710879,false,קיט קאט צ'אנקי 194 גרם,נסטלה,DE,קיט קאט צ'אנקי,גרמים,194.00,100 גרם,false,1,14.90,7.68,true,1,
7613036727280,false,ליון דגני שוקולד+קרמל480,סי. פי. צרפת,FR,ליון דגני בוקר,גרמים,480.00,100 גרם,false,1,25.90,5.40,true,1,
7613036760195,false,קפסולות נסקפה אינטנסו112,נסטלה אנגליה,GB,קפסולות נסקפה,גרמים,112.00,100 גרם,false,1,28.90,25.80,true,1,
7613036867870,false,קפסולות נסקפה בריסטה112ג,נסטלה,ES,קפסולות נסקפה,גרמים,128.00,100 גרם,false,1,28.90,22.58,true,1,
7613600003796,false,פאל מאל סופר סלים בלו10י,bat,CH,פאל מאל חבילה,יחידה,1.00,יחידה,false,0,269.90,269.90,false,1,
7616500647251,false,שוקולד חלב עם אגוזים180ג,פריי )שוקולד(,CH,שוקולד חלב+אגוז,גרמים,180.00,100 גרם,false,0,14.90,8.28,true,1,
7616500647268,false,שוקולד מריר+אגוזים180גר,פריי )שוקולד(,CH,שוקולד מריר,גרמים,180.00,100 גרם,false,0,14.90,8.28,true,1,
7617014149293,false,קפסולות קפה,,CH,קפסולות קפה,גרמים,96.00,100 גרם,false,0,29.60,30.83,true,1,
7617014149330,false,קפסולות קפה,,CH,קפסולות קפה,גרמים,96.00,100 גרם,false,0,29.60,30.83,true,1,
7622010001858,false,עוג.אוראו קרם וניל 176ג,מונדלייז,UA,עוגיות אוראו,גרמים,176.00,100 גרם,false,1,8.90,5.06,true,1,
7622201050757,false,שוקולד מילקה קרמל 100גרם,מונדלייז,DE,שוקולד מילקה,גרמים,100.00,100 גרם,false,0,6.90,6.90,true,1,
7622210117762,false,בונ.בושה שמינייה 200 גרם,מונדלייז,SK,בונבוניירת בושה,גרמים,200.00,100 גרם,false,0,17.90,8.95,true,1,
7622210453327,false,עוג.מילקה סנסיישנס 156 ג,מונדלייז,PL,עוגיות מילקה,גרמים,156.00,100 גרם,false,1,12.90,8.27,true,1,
7622210650924,false,עוגיות אוראו דקים שוקו96,מונדלייז,UA,עוגיות אוראו,גרמים,96.00,100 גרם,false,1,8.90,9.27,true,1,
7622210658708,false,עוגיות אוראו דקים וניל96,מונדלייז,UA,עוגיות אוראו,גרמים,96.00,100 גרם,false,1,8.90,9.27,true,1,
7622210690852,false,שוקולד מילקה טריולד 280,מונדלייז,AT,שוקולד מילקה,גרמים,280.00,100 גרם,false,1,17.90,6.39,true,1,
7622210693266,false,שוק.חלב אגוזי לוז שלם270,מונדלייז,AT,שוקולד מילקה,גרמים,270.00,100 גרם,false,1,17.90,6.63,true,1,
7622210835338,false,עוגיות אוראו בראוניז176ג,מונדלייז,ES,עוגיות אוראו,גרמים,176.00,100 גרם,false,1,8.90,5.06,true,1,
7622210874351,false,עוגיות מיני אוראו וניל67,---,ID,עוגיות אוראו מינ,גרמים,67.00,100 גרם,false,1,7.90,11.79,true,1,
7622210984678,false,וופל ממולא מילקה 150 גרם,מונדלייז,CZ,וופל ממולא מילקה,גרמים,150.00,100 גרם,false,1,12.90,8.60,true,1,
7622300200237,false,שוקולד חלב מילקה,,AT,שוקולד חלב מילקה,גרמים,250.00,100 גרם,false,0,16.00,6.40,true,1,
7622300270469,false,ביסקוויט מילקה 150 גרם,מונדלייז,FR,ביסקוויט מילקה,גרמים,150.00,100 גרם,false,1,12.90,8.60,true,1,
7622300270506,false,עוגיות ש.שועל שוקולד168ג,מונדלייז,PL,עוגיות מילקה,גרמים,168.00,100 גרם,false,0,12.90,7.68,true,1,
7622300356767,false,עוג.שוקולד צ'יפס מילק168,מונדלייז,PL,עוגיות שוקוצ'יפס,גרמים,168.00,100 גרם,false,0,12.90,7.68,true,1,
7622300441715,false,עוג.מילקה שוקומיני150 גר,מונדלייז,CZ,עוגיות שוקומיני,גרמים,150.00,100 גרם,false,1,12.90,8.60,true,1,
7622300489427,false,אוראו מצופה שוק.לבן246ג,מונדלייז,ES,עוגיות אוראו,גרמים,246.00,100 גרם,false,1,19.40,7.89,true,1,
7622300489434,false,אוראו מצופה שוק.חלב246ג,מונדלייז,ES,עוגיות אוראו,גרמים,246.00,100 גרם,false,1,19.40,7.89,true,1,
7622300495046,false,מילקה אקסטרה קקאו 100גר,מונדלייז,DE,שוקולד מילקה,גרמים,100.00,100 גרם,false,0,6.90,6.90,true,1,
7622300498429,false,שוקולד מילקה קרם תות 100,מונדלייז,DE,שוק.מילקה ק. תות,גרמים,100.00,100 גרם,false,0,6.90,6.90,true,1,
7622300503079,false,ביסקוויט מצופה שוקו200גר,מונדלייז,PL,ביסקוויט מצופה,גרמים,200.00,100 גרם,false,0,12.90,6.45,true,1,
7622300617820,false,שוקולד מילקה אוראו 100 ג,מונדלייז,DE,שוקולד מילקה,גרמים,100.00,100 גרם,false,0,6.90,6.90,true,1,
7622400005190,false,שוקולד מילקה חום לבן100ג,מונדלייז,DE,שוקולד מילקה,גרמים,100.00,100 גרם,false,0,6.90,6.90,true,1,
7638900248357,false,2 סוללות אנרגייזר 2032,אנרגייזר,CN,סוללות אנרג''זר,יחידה,1.00,יחידה,false,1,19.50,19.50,true,1,
7638900295641,false,זוג סוללות אנרגייזר A23,אנרגייזר,CN,סוללות אנרג''זר,יחידה,1.00,יחידה,false,1,18.90,18.90,true,1,
7638900410297,false,אנרג'ייזר סוללות מקס 9V,אנרג'\ייזר,CN,אנרג'ייזר סוללו,יחידה,1.00,יחידה,false,1,28.20,28.20,true,1,
7702018355518,false,מכשיר פרוגלייד  פלקס בול,פרוקטר & גמבל,IL,מכשיר פרוגלייד,יחידה,1.00,יחידה,false,0,55.90,55.90,true,1,
7702018405145,false,ג'ל גילוח סירייס הגנה200,פרוקטר & גמבל,GB,ג'ל גילוח סירייס,מיליליטרים,200.00,"100 מ""ל",false,1,20.90,10.45,true,1,
7702018464753,false,ג'ל גילוח פיוז'ן ע.רגיש,פרוקטר & גמבל,GB,ג'ל גילוח פיוז'ן,מיליליטרים,200.00,"100 מ""ל",false,1,25.20,12.60,true,1,
7702018468447,false,10 סכיני גילוח בלו II +,פרוקטר אנד גמבל,PL,סכיני גילוח,יחידה,1.00,יחידה,false,1,29.90,29.90,true,1,
7702018978106,false,"דאו.קליר ג'ל A.L 70 מ""ל",פרוקטר אנד גמבל,PL,דאו.קליר ג'ל,מיליליטרים,70.00,"100 מ""ל",false,0,15.90,22.71,true,1,
7702018978120,false,"דאו.קליר ג'ל C.W 70 מ""ל",פרוקטר אנד גמבל,PL,דאו.קליר ג'ל,מיליליטרים,70.00,"100 מ""ל",false,0,15.90,22.71,true,1,
7702024074625,false,חטיפי קרקר חיטה מלאה234ג,קומסטיבלס לה רוזה אס.איי,CO,חטיפי קרקר פיטנס,גרמים,234.00,100 גרם,false,1,12.90,5.51,true,1,
7702174068833,false,יוגטה אייס קרים בשקית216,אלדור,CO,לקקן יוגטה,גרמים,216.00,100 גרם,false,0,8.90,4.12,true,1,
7702174070201,false,לקקן יוגטה מגיק 216גרם,אלדור,CO,לקקן יוגטה מג'יק,גרמים,216.00,100 גרם,false,0,8.90,4.12,true,1,
7790070013644,false,חליטת ג'רבה מטה 500 גרם,מולינוס ריו דה לפלטה,AR,חליטת ג'רבה,גרמים,500.00,100 גרם,false,0,19.90,3.98,true,1,
7792860006218,false,בייבי דול לקקן 24 גרם,לרטייר,AR,בייבי דול לקקן,גרמים,24.00,100 גרם,false,0,2.20,9.17,true,1,
7804414000884,false,"דון חוליו שרדונה 750 מ""ל",---,CL,דון חוליו שרדו,מיליליטרים,750.00,"100 מ""ל",false,0,31.90,4.25,true,1,
7805000784027,false,דאו.רקסונה סטיק טלק 50 ג,יוניליוור,PH,דאודורנט רקסונה,גרמים,50.00,100 גרם,false,1,19.90,39.80,true,1,
7891024030974,false,משחת קולגייט טריפל אקש75,קולגייט פלמוליב,BR,משחת שיניים,מיליליטרים,75.00,"100 מ""ל",false,1,5.90,7.87,true,1,
8000040001106,false,קאמפרי ביטר אפרטיף700מ,,IT,קאמפרי ביטר,מיליליטרים,700.00,"100 מ""ל",false,0,99.90,14.27,true,1,
8000070003798,false,קפסולות קפה דליסיוזו8 1י,לאוג'י לוואצה אס.פי.אי,IT,קפסולות קפה,גרמים,120.00,100 גרם,false,1,29.90,24.92,true,1,
8000070003972,false,קפסולות קפה סואבה 5 112,לאוג'י לוואצה אס.פי.אי,IT,קפסולות קפה,גרמים,112.00,100 גרם,false,1,29.90,26.70,true,1,
8000070081154,false,קפסול.אספרסו דרגה 4 55גר,לאוג'י לוואצה אס.פי.אי,IT,קפסולות קפה אספר,גרמים,55.00,100 גרם,false,1,19.90,36.18,true,1,
8000070502130,false,מכונת לוואצה מינו לבנה,---,IT,מכונת קפה,יחידה,1.00,יחידה,false,1,499.00,499.00,true,1,
8000113003402,false,קמח תירס,,IT,קמח תירס,קילוגרמים,1.00,"ק""ג",false,0,16.20,16.20,true,1,
8000380003723,false,גראנד פטיסרי אגוז 100גרם,א. לואקר,IT,גראנד פטיסרי,גרמים,100.00,100 גרם,false,0,12.20,12.20,true,1,
8000380004911,false,ופלים קואדרטיני אגוז250ג,א. לואקר,AT,ופל קואדרטיני,גרמים,250.00,100 גרם,false,0,13.90,5.56,true,1,
8000380004966,false,ופלים קואדרטיני קקאו250ג,א. לואקר,AT,ופל קואדרטיני,גרמים,250.00,100 גרם,false,0,13.90,5.56,true,1,
8000380007257,false,ופלים גרדנה 200 גרם,א. לואקר,IT,ופלים גרדנה,גרמים,200.00,100 גרם,false,0,14.40,7.20,true,1,
8000380007264,false,ופלים לואקר ט.קקאו 175גר,א. לואקר,AT,ופלים לואקר,גרמים,175.00,100 גרם,false,0,11.80,6.74,true,1,
8000380106028,false,וופל טורטינה אורגינל125ג,א. לואקר,IT,וופל טורטינה,גרמים,125.00,100 גרם,false,0,17.60,14.08,true,1,
8000380157570,false,וופל לואקר קלאסי175ג50%+,לואקר,AT,וופל לואקר,גרמים,262.00,100 גרם,false,1,11.80,4.50,true,1,
8000380158546,false,לואקיני מריר 100 גרם,לואקר,IT,לואקיני מריר,גרמים,100.00,100 גרם,false,1,15.90,15.90,true,1,
8000380180745,false,ופל קואדרטיני שוק/חלב250,לואקר,AT,וופל קואדרטיני,גרמים,250.00,100 גרם,false,1,13.90,5.56,true,1,
8000380192588,false,קוארדטיני דאבל שוק250גרם,לואקר,AT,קואדרטיני דאבל,גרמים,250.00,100 גרם,false,1,13.90,5.56,true,1,
8000500023624,false,חטיף קינדר הפי היפו 5יח',פררו,DE,קינדר הפי היפו,גרמים,102.00,100 גרם,false,0,11.90,11.67,true,1,
8000500023976,false,בונ.רפאלו 150 גרם,פררו - אלבה,PL,בונבונ.רפאלו,גרמים,150.00,100 גרם,false,0,15.90,10.60,true,1,
8000500026731,false,ביצי הפתעה קינדר 20*3 גר,פררו,IT,ביצי הפתעה קינדר,גרמים,60.00,100 גרם,false,1,14.90,24.83,true,1,
8000500029350,false,קינדר בואנו 43*3 גרם,פררו,PL,קינדר בואנו,גרמים,129.00,100 גרם,false,0,9.90,7.67,true,1,
8000500036334,false,סוכריות טיק טק נענע16*4ג,פררו - אלבה,ZA,טיק טק נענע 4 יח,גרמים,64.00,100 גרם,false,1,10.90,17.03,true,1,
8000500045497,false,ממרח נוטלה &גו מארז52*2ג,פררו,DE,מארז נוטלה &גו,גרמים,104.00,100 גרם,false,1,9.80,9.42,true,1,
8000500071083,false,שוקולד קינדר 200 גרם,פררו,IT,שוקולד חלב קינדר,גרמים,200.00,100 גרם,false,0,11.90,5.95,true,1,
8000500075708,false,ביצי קינדר ג'וי כחול20*3,פררו,ZA,קינדר ג'וי כחול,גרמים,60.00,100 גרם,false,0,14.50,24.17,true,1,
8000500121436,false,קינדר בואנו לבן 39*3 גרם,פררו,PL,קינדר בואנו לבן,גרמים,117.00,100 גרם,false,0,9.90,8.46,true,1,
8000500126325,false,ביצי קינדר ג'וי ורוד20*3,פררו,ZA,קינדר ג'וי ורוד,גרמים,60.00,100 גרם,false,0,14.50,24.17,true,1,
8000500167656,false,קינדר שוקולד עם דגנים94ג,פררו,IT,קינדר שוקולד,גרמים,94.00,100 גרם,false,1,7.90,8.40,true,1,
8000500214138,false,קינדר בואנו דארק43*3גר,פררו,PL,קינדר בואנו דארק,גרמים,129.00,100 גרם,false,1,9.90,7.67,true,1,
8000500247150,false,פררו רושה קולקשיין 172גר,פררו,DE,פררו רושה,גרמים,172.00,100 גרם,false,1,25.90,15.06,true,1,
8000500249352,false,קינדר בואנו מיני מיקס205,פררו,PL,קינדר בואנו מיני,גרמים,205.00,100 גרם,false,1,17.90,8.73,true,1,
8000500256213,false,שוקולד מיני קינדר 120גרם,פררו - אלבה,IT,שוקולד מיני,גרמים,120.00,100 גרם,false,1,9.90,8.25,true,1,
8000500267103,false,עוגות אישי.קינדר דליס390,פררו,IT,עוגות קינדר דליס,גרמים,390.00,100 גרם,false,1,19.90,5.10,true,1,
8001003100164,false,סוכ.ג'לי בטעמי פירות450ג,סרג'יאטו,IT,סוכריות ג'לי,גרמים,450.00,100 גרם,false,1,12.90,2.87,true,1,
8001060033160,false,פסטו עגבניות פרווה190גרם,פרטלי סאקלה,IT,רוטב פסטו,גרמים,190.00,100 גרם,false,1,13.90,7.32,true,1,
8001060033191,false,פסטו בזיליקום+גבינה190ג,פרטלי סאקלה,IT,רוטב פסטו,גרמים,190.00,100 גרם,false,1,13.90,7.32,true,1,
8001060033207,false,פסטו עגבניות+גבינה190ג,פרטלי סאקלה,IT,רוטב פסטו,גרמים,190.00,100 גרם,false,1,13.90,7.32,true,1,
8001090016003,false,פיירי טבליות הכל ב1 84יח,פרוקטר אנד גמבל,BE,פיירי טבליות,יחידה,1.00,יחידה,false,1,57.90,57.90,true,1,
8001090016102,false,פיירי למדיח 48 טבליות,פרוקטר אנד גמבל,BE,פיירי טב' למדיח,יחידה,1.00,יחידה,false,0,39.90,39.90,true,1,
8001090066046,false,דיסקריט 6 תחבושות לילה,פרוקטר & גמבל,IL,תחבושות לילה,יחידה,1.00,יחידה,false,1,19.90,19.90,true,1,
8001090184375,false,פיירי לכלים אוריגינל 900,פרוקטר אנד גמבל,GB,פיירי לכלים,מיליליטרים,900.00,"100 מ""ל",false,1,12.50,1.39,true,1,
8001090184412,false,פיירי לכלים לימון 900 מל,פרוקטר אנד גמבל,GB,פיירי לכלים,מיליליטרים,900.00,"100 מ""ל",false,1,12.50,1.39,true,1,
8001090222428,false,שמפו הרבל חלב קוקוס 400מ,פרוקטר אנד גמבל,FR,שמפו הרבל אסנס,מיליליטרים,400.00,"100 מ""ל",false,1,23.90,5.98,true,1,
8001090379368,false,34פמפרס פרימיוםVP מידה4,פרוקטר & גמבל,TR,פמפרס פרימיום,גרמים,34.00,100 גרם,false,1,32.90,96.76,true,1,
8001090379399,false,30פמפרס פרימיוםVP מידה5,פרוקטר & גמבל,TR,פמפרס פרימיום,גרמים,30.00,100 גרם,false,1,32.90,109.67,true,1,
8001090458353,false,פיירי אנטי בקטריאלי 515,פרוקטר אנד גמבל,GB,פיירי א.בקטריאלי,מיליליטרים,515.00,"100 מ""ל",false,1,10.90,2.12,true,1,
8001090459169,false,78פמפרס אקטיב בייבי שלב5,פרוקטר אנד גמבל,DE,חיתולי פמפרס,יחידה,1.00,יחידה,false,1,74.90,74.90,true,1,
8001090459374,false,96פמפרס אקטיב ביבי שלב+4,פרוקטר אנד גמבל,DE,חיתולי פמפרס,יחידה,1.00,יחידה,false,1,74.90,74.90,true,1,
8001090493675,false,הד&שולדרס אולטר.טוטאל540,פרוקטר אנד גמבל,RO,שמפו הד&שולדרס,מיליליטרים,540.00,"100 מ""ל",false,1,23.90,4.43,true,1,
8001090580122,false,הד&שולדרס סופרים משקם400,פרוקטר אנד גמבל,FR,שמפו הד&שולדרס,מיליליטרים,400.00,"100 מ""ל",false,1,19.90,4.98,true,1,
8001090678225,false,הד&שולדרס סופרים משקם275,פרוקטר אנד גמבל,RO,מרכך הד&שולדרס,מיליליטרים,275.00,"100 מ""ל",false,1,16.90,6.15,true,1,
8001090678614,false,שמפו הד&שולרס סופרים400,פרוקטר אנד גמבל,FR,שמפו הד&שולדרס,מיליליטרים,400.00,"100 מ""ל",false,1,19.90,4.98,true,1,
8001090721099,false,קפסולות כביסה אריאל 27יח,פרוקטר אנד גמבל,FR,קפסולות גל כביסה,יחידה,1.00,יחידה,false,1,34.90,34.90,true,1,
8001090721150,false,אריאל קפסולות לכביסה 40,פרוקטר אנד גמבל,FR,קפסולות לכביסה,יחידה,1.00,יחידה,false,1,42.90,42.90,true,1,
8001090727862,false,אריאל אבקת כביסה7קג,פרוקטר & גמבל,TR,אריאל אבקת כביסה,קילוגרמים,7.00,"ק""ג",false,1,64.90,9.27,true,1,
8001090734044,false,64מגני תח.אולוויז מגה L,פרוקטר & גמבל,DE,מגן תחתון אולווי,יחידה,1.00,יחידה,false,1,19.90,19.90,true,1,
8001090740717,false,76מגני תח.אולוויז מגה N,פרוקטר & גמבל,DE,מגן תחתון אולווי,יחידה,1.00,יחידה,false,1,19.90,19.90,true,1,
8001090745903,false,"טייד אלפיין פרש 4 ק""ג",פרוקטר אנד גמבל,CZ,טייד אבקת כביסה,קילוגרמים,4.00,"ק""ג",false,1,29.90,7.48,true,1,
8001090802385,false,טייד קפסולות ג'ל 26 יחיד,פרוקטר אנד גמבל,FR,טייד קפסולות ג'ל,יחידה,1.00,יחידה,false,1,29.90,29.90,true,1,
8001090832450,false,"שמפו פנטן קלאסי 660 מ""ל",פרוקטר & גמבל,RO,שמפו פנטן,מיליליטרים,660.00,"100 מ""ל",false,1,19.90,3.02,true,1,
8001090832535,false,שמפו פנטן שמן מרוקאי660מ,פרוקטר אנד גמבל,RO,שמפו פנטן,מיליליטרים,660.00,"100 מ""ל",false,1,19.90,3.02,true,1,
8001090832573,false,שמפו פנטן לחות מוגברת660,פרוקטר אנד גמבל,RO,שמפו פנטן,מיליליטרים,660.00,"100 מ""ל",false,1,19.90,3.02,true,1,
8001090832818,false,"מרכך פנטן קלאסי 660 מ""ל",פרוקטר אנד גמבל,RO,מרכך פנטן,מיליליטרים,660.00,"100 מ""ל",false,1,19.90,3.02,true,1,
8001090832856,false,מרכך פנטן שמן מרוקאי660מ,פרוקטר אנד גמבל,RO,מרכך פנטן,מיליליטרים,660.00,"100 מ""ל",false,1,19.90,3.02,true,1,
8001090832894,false,מרכך פנטן לחות מוגברת660,פרוקטר אנד גמבל,RO,מרכך פנטן,מיליליטרים,660.00,"100 מ""ל",false,1,19.90,3.02,true,1,
8001090832931,false,"מרכך פנטן מגע משי660 מ""ל",פרוקטר אנד גמבל,RO,מרכך פנטן,מיליליטרים,660.00,"100 מ""ל",false,1,19.90,3.02,true,1,
8001090833013,false,מרכך פנטן שיער צבוע660מל,פרוקטר אנד גמבל,RO,מרכך פנטן,מיליליטרים,660.00,"100 מ""ל",false,1,19.90,3.02,true,1,
8001090833228,false,אריאל ג'ל נ.קולור 2.365ל,פרוקטור אנד גמבל,FR,אריאל ג'ל כביסה,ליטרים,2.37,ליטר,false,1,32.90,13.88,true,1,
8001090833259,false,אריאל ג'ל נ.הרים 3.74ל,פרוקטר אנד גמבל,FR,אריאל ג'ל כביסה,ליטרים,3.74,ליטר,false,1,39.90,10.67,true,1,
8001090883490,false,הד&שולדרס קולור פרפקט400,פרוקטר אנד גמבל,FR,הד&שולדרס קולור,מיליליטרים,400.00,"100 מ""ל",false,1,19.90,4.98,true,1,
8001090899194,false,24אולוויז פלטינום נורמל,פרוקטר אנד גמבל,DE,תחבושות אולוויז,יחידה,1.00,יחידה,false,1,23.90,23.90,true,1,
8001090899224,false,20 אולוויז פלטינום לונג,פרוקטר אנד גמבל,DE,תחבושות אולוייז,יחידה,1.00,יחידה,false,1,23.90,23.90,true,1,
8001090899286,false,14אולוויז פלטינום לילה,פרוקטר אנד גמבל,UA,תחבושות אולוויז,יחידה,1.00,יחידה,false,1,23.90,23.90,true,1,
8001090985439,false,פיירי פלטינום פלוס 30 טב,פרוקטר אנד גמבל,BE,פיירי פלטינום טב,יחידה,1.00,יחידה,false,1,39.90,39.90,true,1,
8001160000888,false,"גטורייד תפוז 500 מ""ל",אקווה מינרלה סאן בנדטו,IT,גטורייד תפוז,מיליליטרים,500.00,"100 מ""ל",false,1,9.90,1.98,true,1,
8001160001786,false,גטורייד כחול,,IT,גטורייד כחול,מיליליטרים,500.00,"100 מ""ל",false,0,9.90,1.98,true,1,
8001160001892,false,גטורייד תפוז,,IT,גטורייד תפוז,מיליליטרים,500.00,"100 מ""ל",false,0,9.90,1.98,true,1,
8001841006635,false,לנור מבשם ניחוח סחלב210ג,---,US,לנור מבשם כביסה,גרמים,210.00,100 גרם,false,1,31.90,15.19,true,1,
8001841053646,false,14תחב.אולוויז עבה נורמל+,פרוקטר & גמבל,UA,תחבושות אולוויז,יחידה,1.00,יחידה,false,1,12.90,12.90,true,1,
8001841053684,false,12תחב.אולוויז עבה לונג+,פרוקטר אנד גמבל )ראה קוד,UA,תחבושות אולוויז,יחידה,1.00,יחידה,false,1,12.90,12.90,true,1,
8001841053806,false,9תחבוש.אולוויז עבות לילה,פרוקטר אנד גמבל,DE,תחבושות אולוויז,יחידה,1.00,יחידה,false,1,12.90,12.90,true,1,
8001841105093,false,26 פמפרס פרימיום שלב 6,פרוקטר אנד גמבל,US,פמפרס,יחידה,1.00,יחידה,false,1,32.90,32.90,true,1,
8001841198347,false,דאו.ג'ילט קול וויב 150מל,פרוקטר & גמבל,GB,דאודורנט ג'ילט,מיליליטרים,150.00,"100 מ""ל",false,1,21.90,14.60,true,1,
8001841317861,false,מרכך לנור אוקיינוס 900מל,---,US,לנור מרכך מרוכז,מיליליטרים,900.00,"100 מ""ל",false,1,15.90,1.77,true,1,
8002110383709,false,קרם ידיים ניוטרוג'ינה50מ,ג'ונסון,FR,קרם ידיים,מיליליטרים,50.00,"100 מ""ל",false,0,28.70,57.40,true,1,
8002267014945,false,ביצי הפתעה הוט ווילס20*3,דולפין,IT,ביצי הפתעה,גרמים,60.00,100 גרם,false,1,12.90,21.50,true,1,
8002267016475,false,ביצי הפתעה בוב הבנאי20*3,דולפין,IT,ביצי הפתעה 3 יח,גרמים,60.00,100 גרם,false,1,12.90,21.50,true,1,
8002450201008,false,"רספברי ספרקלטיני 750 מ""ל",בוסקה,IT,רספברי ספרקלטיני,מיליליטרים,750.00,"100 מ""ל",false,0,27.90,3.72,true,1,
8002450202005,false,"ורדי אסאי 750 מ""ל",בוסקה,IL,ורדי אסאי,מיליליטרים,750.00,"100 מ""ל",false,0,27.90,3.72,true,1,
8002450203002,false,"ורדי בטעם אבטיח 750 מ""ל",בוסקה,IT,ורדי בטעם אבטיח,מיליליטרים,750.00,"100 מ""ל",false,1,27.90,3.72,true,1,
8002450205006,false,"ורדי תות שדה 750 מ""ל",בוסקה,IT,ורדי תות שדה,מיליליטרים,750.00,"100 מ""ל",false,1,27.90,3.72,true,1,
8002450208007,false,"ורדי גרין אפל 750 מ""ל",בוסקה,IT,ורדי גרין אפל,מיליליטרים,750.00,"100 מ""ל",false,0,27.90,3.72,true,1,
8002450208304,false,"ורדי גוורצטרמינר 750 מ""ל",בוסקה,IT,ורדי גוורצטרמינר,מיליליטרים,750.00,"100 מ""ל",false,1,27.90,3.72,true,1,
8002920012028,false,עגבניות מרוסקות 400*3 גר,---,IT,עגבניות מרוסק3יח,קילוגרמים,1.20,"ק""ג",false,1,13.90,11.58,true,1,
8003340091280,false,בונ.לינדור 60% מריר200גר,לינדט ושפרונגלי קילשברג,IT,בונבונ.לינדור,גרמים,200.00,100 גרם,false,0,29.90,14.95,true,1,
8004030022010,false,ירקות גינה עם טונה160גרם,בולטון,IT,ירקות עם טונה,גרמים,160.00,100 גרם,false,1,15.00,9.38,true,1,
8004030177000,false,טונה בשמן זית+צ'ילי80*3ג,---,IT,טונה ריו מרה 3יח,גרמים,240.00,100 גרם,false,1,26.90,11.21,true,1,
8004030344938,false,טונה בשמן זית 80*3גרם,בולטון,IT,טונה ריו מרה 3יח,גרמים,240.00,100 גרם,false,0,26.90,11.21,true,1,
8004030381681,false,טונה בשמן זית 160*2 גרם,---,IT,טונה שמן זית 2יח,גרמים,320.00,100 גרם,false,1,29.90,9.34,true,1,
8004030860001,false,אנסלטיסמה קוסקוס+טונה160,בולטון,IT,קוסקוס עם טונה,גרמים,160.00,100 גרם,false,1,15.00,9.38,true,1,
8005110060007,false,עגבניות מקולפות,,IT,עגבניות מקולפות,גרמים,400.00,100 גרם,false,0,6.70,1.68,true,1,
8005110170300,false,עגבניות חתוכות3*,,IT,עגבניות חתוכות3*,קילוגרמים,1.20,"ק""ג",false,0,16.90,14.08,true,1,
8005110171215,false,עגבניות חתוכות 690 גרם,מוטי,IT,עגבניות חתוכות,גרמים,690.00,100 גרם,false,0,14.90,2.16,true,1,
8005110191015,false,רסק עגבניות+בזיליקום700ג,מוטי,IT,רסק עגבניות,גרמים,700.00,100 גרם,false,0,12.90,1.84,true,1,
8005110551215,false,רוטב לפיצה 400 גרם,מוטי,IT,רוטב לפיצה,גרמים,400.00,100 גרם,false,1,8.90,2.23,true,1,
8005200496525,false,נסטי בטעם אפרסק 1.5 ליטר,סן-פלגרינו,IT,נסטי בטעם אפרסק,ליטרים,1.50,ליטר,false,0,6.40,4.27,true,1,
8005200516520,false,נסטי דיאט טעם אפרסק 1.5ל,סן-פלגרינו,IT,נסטי דיאט אפרסק,ליטרים,1.50,ליטר,false,0,6.40,4.27,true,1,
8005200536528,false,נסטי מנגו אננס 1.5 ליטר,סן-פלגרינו,IT,נסטי מנגו אננס,ליטרים,1.50,ליטר,false,0,6.40,4.27,true,1,
8005217176557,false,נסטי ענבים  1.5 ליטר,סן-פלגרינו,IT,נסטי ענבים,ליטרים,1.50,ליטר,false,0,6.40,4.27,true,1,
8007178120310,false,"חומץ בלסמי גקובזי 500מ""ל",ג'אקובזי,IT,חומץ בלסמי,מיליליטרים,500.00,"100 מ""ל",false,0,23.20,4.64,true,1,
8007178223547,false,"קרם בלסמי מצומצם 250 מ""ל",ג'אקובזי,IT,קרם בלסמי מצומצם,מיליליטרים,250.00,"100 מ""ל",false,1,24.90,9.96,true,1,
8008343200134,false,פסטה רומו לינגוינה 500גר,רומו,IT,פסטה רומו,גרמים,500.00,100 גרם,false,1,8.90,1.78,true,1,
8008343200424,false,פסטה קונקילי ריגטה500ג,רומו,IT,פסטה רומו,גרמים,500.00,100 גרם,false,1,8.90,1.78,true,1,
8008343200486,false,פסטה רומו פוזילי 500 גרם,רומו,IT,פסטה רומו,גרמים,500.00,100 גרם,false,1,8.90,1.78,true,1,
8008343200851,false,פסטה רומו פרפלה 500 גרם,רומו,IT,פסטה רומו,גרמים,500.00,100 גרם,false,1,8.90,1.78,true,1,
8008343201377,false,פסטה רומו רדיאטורי 500גר,רומו,IT,פסטה רומו,גרמים,500.00,100 גרם,false,1,8.90,1.78,true,1,
8008343279802,false,רוטב פסטה נפוליטנה350גר,גרופו פיני,IT,רוטב פסטה רומו,גרמים,350.00,100 גרם,false,1,11.90,3.40,true,1,
8008343279819,false,רוטב פסטה ארביאטה 350גרם,גרופו פיני,IT,רוטב פסטה רומו,גרמים,350.00,100 גרם,false,1,11.90,3.40,true,1,
8008343279826,false,רוטב פסטה בזיליקום350גר,גרופו פיני,IT,רוטב פסטה רומו,גרמים,350.00,100 גרם,false,1,11.90,3.40,true,1,
8008660210045,false,מעדן פירות יער 300 גרם,מנז אנד גאסר,IT,מעדן פירות יער,גרמים,300.00,100 גרם,false,1,16.90,5.63,true,1,
8014515330738,false,קוביות עגבניות פומו400גר,שופרסל-ייבוא,IT,קוביות עגבניות,גרמים,400.00,100 גרם,false,0,5.90,1.48,true,1,
8015565030203,false,חטיף קרקר עם רוזמרין175ג,---,IT,קרקר עם רוזמרין,גרמים,175.00,100 גרם,false,1,8.90,5.09,true,1,
8015565030210,false,חטיף קרקר עם זיתים175ג,לוריארי אס אל אר,IT,קרקר עם זיתים,גרמים,175.00,100 גרם,false,1,8.90,5.09,true,1,
8015565030234,false,חטיף קרקר עם שום 175 גרם,לוריארי אס אל אר,IT,קרקר עם שום,גרמים,175.00,100 גרם,false,1,8.90,5.09,true,1,
8015565030241,false,חטיף קרקר עם מלח ים175ג,---,IT,קרקר עם מלח ים,גרמים,175.00,100 גרם,false,1,8.90,5.09,true,1,
8015565030258,false,חטיף קרקר טעם פיצה 175 ג,לוריארי אס אל אר,IT,קרקר טעם פיצה,גרמים,175.00,100 גרם,false,1,8.90,5.09,true,1,
8032793342458,false,עגבניות מרוסקות דק 700גר,קונסוריזיו קאסאלסקו,IT,עגבניות מרוסקות,גרמים,700.00,100 גרם,false,1,10.90,1.56,true,1,
8051191569588,false,תפוח עץ אמברוזיה ארוז,RIVOIRA,IT,תפוח אמברוזיה,קילוגרמים,0.00,"ק""ג",true,1,16.90,16.90,true,1,
8076800195019,false,ספגטי מס' 1 קפליני500גרם,ברילה,IT,ספגטי ברילה,גרמים,500.00,100 גרם,false,0,6.90,1.38,true,1,
8076800195033,false,ספגטיני מס' 3 500 גרם,ברילה,IT,ספגטיני מס' 3,גרמים,500.00,100 גרם,false,0,6.90,1.38,true,1,
8076800195057,false,ספגטיני מס' 5 ברילה500גר,ברילה,IT,ספגטי מס 5 ברילה,גרמים,500.00,100 גרם,false,0,6.90,1.38,true,1,
8076800195132,false,אטריות בבטה מס13' 500גרם,ברילה,IT,אטריות בבטה,גרמים,500.00,100 גרם,false,0,6.90,1.38,true,1,
8076800315097,false,ספגטי בוקטיני מס9' 500גר,ברילה,IT,ספגטי בוקטיני,גרמים,500.00,100 גרם,false,0,6.90,1.38,true,1,
8076800315271,false,כוכבים סטלינה 500 גרם,ברילה,IT,כוכבים סטלינה,גרמים,500.00,100 גרם,false,1,6.90,1.38,true,1,
8076802085738,false,פנה ריגטה מס73' 500 גרם,ברילה,IT,פנה ריגטה ברילה,גרמים,500.00,100 גרם,false,0,6.90,1.38,true,1,
8076802085837,false,פסטה טורטיליוני 500 גרם,"ש. שסטוביץ בע""\מ",IT,פסטה טורטיליוני,גרמים,500.00,100 גרם,false,1,6.90,1.38,true,1,
8076802085936,false,קונצ'יליה ריגטי 500 גרם,ברילה,IT,קונצ'יליה,גרמים,500.00,100 גרם,false,0,6.90,1.38,true,1,
8076802085981,false,פסטה פוזילי מס98' 500גרם,ברילה,IT,פוזילי ברילה,גרמים,500.00,100 גרם,false,0,6.90,1.38,true,1,
8076808050440,false,פסטה מקרוני מס44' 500 גר,ברילה,IT,מקרוני ברילה,גרמים,500.00,100 גרם,false,0,6.90,1.38,true,1,
8076808060654,false,פסטה פרפלה מס65' 500 גרם,ברילה,IL,פסטה פרפלה ברילה,גרמים,500.00,100 גרם,false,0,6.90,1.38,true,1,
8076808070882,false,קנלוני ברילה 250 גרם,ברילה,IT,קנלוני ברילה,גרמים,250.00,100 גרם,false,0,14.50,5.80,true,1,
8076808150072,false,ספגטי מס' 7 500 גרם,ברילה,IT,ספגטי ברילה,גרמים,500.00,100 גרם,false,0,6.90,1.38,true,1,
8076809501415,false,פסטה פנה טריקולור 500גרם,"ש. שסטוביץ בע""\מ",IT,פסטה פנה טריקול,גרמים,500.00,100 גרם,false,0,13.80,2.76,true,1,
8076809512268,false,פסטה גירנדולה מס34' 500ג,ברילה,IT,פסטה גירנדולה,גרמים,500.00,100 גרם,false,0,6.90,1.38,true,1,
8076809513388,false,רוטב לפסטה ארביאטה400גרם,ברילה,IT,רוטב לפסטה,גרמים,400.00,100 גרם,false,0,12.90,3.23,true,1,
8076809513395,false,רוטב פומודורו ברילה 400ג,ברילה,IT,רוטב עגבניות,גרמים,400.00,100 גרם,false,0,12.90,3.23,true,1,
8076809513654,false,בסיס לרוטב בולונז 400 גר,ברילה,IT,בסיס לרוטב,גרמים,400.00,100 גרם,false,0,12.90,3.23,true,1,
8076809513715,false,ברילה רוטב זיתים 400 גרם,---,IT,רוטב זיתים,גרמים,400.00,100 גרם,false,1,12.90,3.23,true,1,
8076809513739,false,רוטב בזיליקום ברילה400גר,ברילה,IT,רוטב בזיליקום,גרמים,400.00,100 גרם,false,0,12.90,3.23,true,1,
8076809523561,false,רוטב עגבניות טוסקנה400ג,ברילה,IT,רוטב עגבניות,גרמים,400.00,100 גרם,false,0,12.90,3.23,true,1,
8076809523714,false,טליאטלה אטריות 500 גרם,"ש. שסטוביץ בע""\מ",IT,טליאטלה אטריות,גרמים,500.00,100 גרם,false,0,22.90,4.58,true,1,
8076809529419,false,ספגטי מחיטה מלאה 500 גרם,ברילה,IT,ספגטי חיטה מלא,גרמים,500.00,100 גרם,false,0,14.00,2.80,true,1,
8076809529433,false,פנטה רגטה מחיטה מלאה500ג,"ש. שסטוביץ בע""\מ",IT,פנטה רגטה,גרמים,500.00,100 גרם,false,0,14.00,2.80,true,1,
8076809571302,false,"פסטה ברילה פוזילי 1 ק""ג",ברילה,IT,פסטה ברילה,קילוגרמים,1.00,"ק""ג",false,1,10.00,10.00,true,1,
8076809571319,false,פסטה ברילה פנה ריגטה 1קג,ברילה,IT,פסטה ברילה,קילוגרמים,1.00,"ק""ג",false,1,10.00,10.00,true,1,
8076809571333,false,"פסטה ברילה ספגטי 1 ק""ג",ברילה,IT,פסטה ברילה,קילוגרמים,1.00,"ק""ג",false,1,10.00,10.00,true,1,
8076809572569,false,רוטב פסטו ברילה 195 גרם,---,IT,רוטב פסטו,גרמים,195.00,100 גרם,false,1,13.90,7.13,true,1,
8410076600622,false,קראנץ שבבי שוקולד 210ג,ג'נרל מילס,ES,נייצר וואלי שוקו,גרמים,210.00,100 גרם,false,0,19.90,9.48,true,1,
8410076610379,false,נייטשר פרוטאין שוקו40*4ג,ג'נרל מילס,ES,נייטשר וואלי,גרמים,160.00,100 גרם,false,1,24.90,15.56,true,1,
8410076610386,false,נייטשר פרוטאין קרמל40*4ג,ג'\נרל מילס סאן אדריאן S,ES,נייטשר וואלי 4יח,גרמים,160.00,100 גרם,false,1,24.90,15.56,true,1,
8410076610492,false,חטיפי צ'ואי בוטנים 30*5ג,ג'נרל מילס,ES,חטיפי צ'ואי 5 יח,גרמים,150.00,100 גרם,false,1,19.90,13.27,true,1,
8410076620231,false,חט.פייבר 1 קרמל מלוח24*5,ג'נרל מילס,ES,חטיפי פייבר1 5יח,גרמים,120.00,100 גרם,false,1,19.90,16.58,true,1,
8410076620361,false,נייטשר ואלי קרם שקד38*4ג,"סרלטו סינטרה מזון בע""מ",PT,חטיף נייטשר ואלי,גרמים,196.00,100 גרם,false,1,19.90,10.15,true,1,
8410076620613,false,קאפס נאט קרים בוטנים140ג,גרופו סירו,PT,קאפס נאט בוטנים,גרמים,140.00,100 גרם,false,1,19.90,14.21,true,1,
8410076620620,false,קאפס נאט קרים שקדים140גר,גרופו סירו,PT,קאפס קרם שקדים,גרמים,140.00,100 גרם,false,1,19.90,14.21,true,1,
8410076620941,false,קאפס נאט קרים א.לוז140ג,ג'נרל מילס,PT,נייטשר ואלי קאפס,גרמים,140.00,100 גרם,false,1,19.90,14.21,true,1,
8410104039134,false,"פיניש לניקוי מדיח 250מ""ל",רקיט בנקיזר,PL,פיניש ניקוי מדיח,מיליליטרים,250.00,"100 מ""ל",false,0,14.90,5.96,true,1,
8410104044916,false,"פיניש אבקה למדיח 2.7 ק""ג",רקיט בנקיזר,PL,פיניש אבקה למדיח,קילוגרמים,2.70,"ק""ג",false,0,47.90,17.74,true,1,
8410179000411,false,שמן צמחי E+Dויטמין 1ל,PONTU BORGES ACEITES,ES,שמן צמחי מועשר,ליטרים,1.00,ליטר,false,1,12.90,12.90,true,1,
8410179004501,false,שמן חמניות+ E ויטמין 1ל,PONTU BORGES ACEITES,ES,שמן חמניות,ליטרים,1.00,ליטר,false,1,12.90,12.90,true,1,
8410179014814,false,שמן צמחיE+ויטמין 1ליטר,PONTU BORGES ACEITES,ES,שמן צמחי מועשר,ליטרים,1.00,ליטר,false,1,12.90,12.90,true,1,
8410179014821,false,שמן קנולה + E ויטמין 1ל,PONTU BORGES ACEITES,ES,שמן קנולה,ליטרים,1.00,ליטר,false,1,12.90,12.90,true,1,
8410179100043,false,שמן זית בורחס מעולה750מל,PONTU BORGES ACEITES,ES,שמן זית בורחס,מיליליטרים,750.00,"100 מ""ל",false,0,32.90,4.39,true,1,
8423207206501,false,סלים דליס רב דגנים חלב6י,סלים דליס,ES,חטיפי דגנים מרבה,גרמים,120.00,100 גרם,false,0,10.90,9.08,true,1,
8423207207362,false,סלים דליס שוקולד לבן20*6,סלים דליס,ES,סלים דליס,גרמים,120.00,100 גרם,false,0,10.90,9.08,true,1,
8423207208680,false,סלים דליס ילדים ש.חלב6יח,סלים דליס,ES,סלים דליס 6 יח,גרמים,120.00,100 גרם,false,1,10.90,9.08,true,1,
8423207208697,false,סלים דליס ילדים ש.לבן6יח,סלים דליס,ES,סלים דליס 6 יח,גרמים,120.00,100 גרם,false,1,10.90,9.08,true,1,
8423207208703,false,סלים דליס שוקו.מריר 6 יח,סלים דליס,ES,סלים דליס 6 יח,גרמים,120.00,100 גרם,false,1,10.90,9.08,true,1,
8423207208871,false,פריכיות תירס ט.טבעי 130ג,ביסנצורי,ES,פריכיות תירס,גרמים,130.00,100 גרם,false,1,9.90,7.62,true,1,
8423207209786,false,סלים דליס שוקולד מריר6+1,ביסצ'ורי,ES,סלים דליס 6+1,גרמים,168.00,100 גרם,false,1,10.90,6.49,true,1,
8423207209793,false,סלים דליס שוקולד חלב6+1,ביסצ'ורי,ES,סלים דליס 6+1,גרמים,168.00,100 גרם,false,1,10.90,6.49,true,1,
8423453905715,false,בירה ווילדר חיטה פחית500,פונט סאלם וולנסיה,ES,בירה ווילדר פחית,מיליליטרים,500.00,"100 מ""ל",false,1,7.90,1.58,true,1,
8425206000081,false,ריבת חלב,,ES,ריבת חלב,גרמים,450.00,100 גרם,false,0,19.90,4.42,true,1,
8435495807575,false,תינוקלין מרכך כחול 1 ל',סארוהאן,TR,תינוקלין מרכך,ליטרים,1.00,ליטר,false,1,19.90,19.90,true,1,
8435495807605,false,תינוקלין מרכך לבן 1 ליטר,סארוהאן,TR,תינוקלין מרכך,ליטרים,1.00,ליטר,false,1,19.90,19.90,true,1,
8435495807636,false,תינוקלין ג'ל כביסה 2 ל',סארוהאן,TR,תינוקלין ג'ל,ליטרים,2.00,ליטר,false,1,34.90,17.45,true,1,
8436037791499,false,קרם עיניים אנטי אייג' 15,RNB,ES,קרם עיניים,מיליליטרים,15.00,"100 מ""ל",false,1,39.90,266.00,true,1,
8436037791802,false,"קרם ידיים אלוורה 125 מ""ל",RNB,ES,קרם ידיים,מיליליטרים,125.00,"100 מ""ל",false,1,14.90,11.92,true,1,
8436037792359,false,ג'ל לחיטוי ידיים ורוד 50,RNB,ES,ג'ל לחיטוי ידיים,מיליליטרים,50.00,"100 מ""ל",false,1,10.90,21.80,true,1,
8436037792427,false,"קרם לכפות הרגליים 125מ""ל",RNB,ES,קרם לכף הרגל,מיליליטרים,125.00,"100 מ""ל",false,1,12.90,10.32,true,1,
8436037792465,false,"קרם רב""ש עם שמן זית 200",RNB,ES,קרם גוף,מיליליטרים,200.00,"100 מ""ל",false,1,19.90,9.95,true,1,
8436037792526,false,"קרם ידיים קמומיל 125 מ""ל",RNB,ES,קרם ידיים,מיליליטרים,125.00,"100 מ""ל",false,1,14.90,11.92,true,1,
8690504081920,false,ביסקוויט טינס מריר150ג,DIGESTIVE MCVITIES,TR,ביסקוויט טינס,גרמים,150.00,100 גרם,false,1,9.90,6.60,true,1,
8690504153740,false,שוקולד מריר קרם גנאש 86ג,גודייבה,TR,שוקולד מריר קרם,גרמים,86.00,100 גרם,false,1,14.90,17.33,true,1,
8690504153849,false,שוקולד חלב קרם אגוזים83ג,גודייבה,TR,שוקולד חלב,גרמים,83.00,100 גרם,false,1,14.90,17.95,true,1,
8690504155591,false,שוקולד חלב קרם גנאש 88גר,גודייבה,TR,שוקולד חלב  קרם,גרמים,88.00,100 גרם,false,1,14.90,16.93,true,1,
8690530015043,false,מגבות נייר 3 שכבות 6 גלי,איפק,TR,מגבות נייר סלפאק,מטרים,57.00,מטר,false,1,13.90,0.24,true,1,
8690530212220,false,ממחטות בוטיק סלפאק 48 יח,---,TR,ממחטות בקופסא,יחידה,1.00,יחידה,false,1,6.90,6.90,true,1,
8690530274471,false,נייר טואלט קומפורט 32 גל,איפק,TR,נייר טואלט סלפאק,מטרים,674.00,100 מטר,false,1,32.90,4.88,true,1,
8690530284463,false,נייר טואלט 3 שכבות 32 גל,איפק,TR,נייר טואלט סלפאק,מטרים,595.00,100 מטר,false,1,39.90,6.71,true,1,
8690637555084,false,בדין אקסטרא פריחת התפוז,יוניליוור,TR,מרכך בדין אקסטרא,מיליליטרים,960.00,"100 מ""ל",false,0,15.90,1.66,true,1,
8690637622908,false,דאו.רקסונה סטיק אקסטרה50,יוניליוור,PH,דאודורנט רקסונה,גרמים,50.00,100 גרם,false,1,19.90,39.80,true,1,
8690637704376,false,"דאב שמפו יום יומי 600מ""ל",יוניליוור סנאיי וי טיקאר,TR,שמפו דאב,מיליליטרים,600.00,"100 מ""ל",false,0,18.90,3.15,true,1,
8690637799594,false,תה ירוק נענע מרוקאי 20שק,יוניליוור,TR,תה ירוק נענע,גרמים,36.00,100 גרם,false,1,16.50,45.83,true,1,
8690637799853,false,מאגדת מגנום דאבל קרמל,שטראוס,TR,מאגדת מגנום,גרמים,282.00,100 גרם,false,1,33.00,11.70,true,1,
8690637840258,false,בדין אקסטרה יקינטון960מ,יוניליוור,TR,בדין אקסטרה,מיליליטרים,960.00,"100 מ""ל",false,1,15.90,1.66,true,1,
8690637842399,false,מגנום מיני דאבל פרי+שוקו,שטראוס,TR,מגנום מיני דאבל,גרמים,323.00,100 גרם,false,1,33.00,10.22,true,1,
8690637858734,false,סיף ג'ל אקונומ.לימון750מ,יוניליוור,TR,סיף ג'ל לימון,מיליליטרים,750.00,"100 מ""ל",false,1,13.50,1.80,true,1,
8690637865596,false,דאב סבון ידיים לחות500מ,---,TR,דאב סבון ידיים,מיליליטרים,500.00,"100 מ""ל",false,1,17.90,3.58,true,1,
8690637871061,false,שמפו דאב שמן אבוקדו 600מ,יוניליוור,IL,שמפו דאב,מיליליטרים,600.00,"100 מ""ל",false,1,18.90,3.15,true,1,
8690637871085,false,רוטב ברביקיו הלמנס 285 ג,יוניליוור,TR,רוטב ברביקיו,גרמים,285.00,100 גרם,false,1,12.90,4.53,true,1,
8690637871108,false,הלמנ'ס ממרח חרדל 250 גרם,---,TR,ממרח חרדל,גרמים,250.00,100 גרם,false,1,12.90,5.16,true,1,
8690637874925,false,בדין אקסטרא בייבי טלק960,יוניליוור סנאיי וי טיקאר,TR,בדין בייבי,מיליליטרים,960.00,"100 מ""ל",false,1,15.90,1.66,true,1,
8690637890666,false,מגנום מיני דאבל פיס/שוקו,שטראוס,IL,מגנום מיני דאבל,גרמים,282.00,100 גרם,false,1,33.00,11.70,true,1,
8690777206051,false,חציל קלוי,,TR,חציל קלוי,גרמים,650.00,100 גרם,false,0,12.90,1.98,true,1,
8690777221405,false,פלפל אדום קלוי,,TR,פלפל אדום קלוי,גרמים,650.00,100 גרם,false,0,12.90,1.98,true,1,
8690784211802,false,גלייד אירוסול לבנדר 300מ,vaill aerosol coster,TR,גלייד מטהר אוויר,מיליליטרים,300.00,"100 מ""ל",false,0,9.30,3.10,true,1,
8690784514880,false,גלייד ניחוח וניל 269מל,vaill aerosol coster,TR,גלייד מילוי,מיליליטרים,269.00,"100 מ""ל",false,1,23.70,8.81,true,1,
8690784516440,false,דאק נוזל ג'ל לבנדר 750מל,אס סי ג'ונסון,NL,דאק נוזל ג'ל,מיליליטרים,750.00,"100 מ""ל",false,1,10.00,1.33,true,1,
8690784516662,false,דאק ג'ל אקונומ.לבנדר750מ,---,NL,ג'ל מקציף דאק,מיליליטרים,750.00,"100 מ""ל",false,1,12.90,1.72,true,1,
8690784518222,false,"דאק ג'ל נוזל פריחה750מ""ל",ג'ונסון,NL,דאק נוזל לאסלה,מיליליטרים,750.00,"100 מ""ל",false,1,10.00,1.33,true,1,
8690784616775,false,דאק סבון אסלה אקווה בלו,---,RS,דאק סבון אסלה,גרמים,80.00,100 גרם,false,1,9.90,12.38,true,1,
8693323084028,false,סוכ.ממולאות טעם פירות220,סאדאט,TR,סוכריות ממולאות,גרמים,220.00,100 גרם,false,1,7.90,3.59,true,1,
8693323086107,false,מקלות חמוצים ט.פירות80גר,סאדאט,TR,מקלות חמוצים,גרמים,80.00,100 גרם,false,1,4.50,5.63,true,1,
8693495050333,false,פלמוליב  לימון ירוק500מ,קולגייט פלמוליב,TR,פלמוליב,מיליליטרים,500.00,"100 מ""ל",false,1,14.90,2.98,true,1,
8693495051002,false,מברשת קולגייט מיניונים+6,קולגייט פלמוליב,CN,מברשת קולגייט,יחידה,1.00,יחידה,false,1,12.90,12.90,true,1,
8693495052177,false,סבון פלמוליב זיתים 750 מ,קולגייט פלמוליב,TR,סבון פלמוליב,מיליליטרים,750.00,"100 מ""ל",false,1,16.90,2.25,true,1,
8693495052214,false,סבון פלמוליב פטל שחור750,קולגייט פלמוליב,TR,סבון פלמוליב,מיליליטרים,750.00,"100 מ""ל",false,1,16.90,2.25,true,1,
8697530910743,false,פאל מאל כחול חפיסה,bat,TR,פאל מאל חפ.,יחידה,1.00,יחידה,false,0,28.50,28.50,false,1,
8697530910750,false,פאל מאל כחול ארוך חפ.,bat,TR,פאל מאל חפ.,יחידה,1.00,יחידה,false,0,28.50,28.50,false,1,
8697530910781,false,פאל מאל אדום חפיסה,bat,TR,פאל מאל,יחידה,1.00,יחידה,false,0,28.50,28.50,false,1,
8697530910941,false,פאל מאל כחול 10 יח',bat,TR,פאל מאל,יחידה,1.00,יחידה,false,0,269.90,269.90,false,1,
8697530910958,false,פאל מאל כחול ארוך 10יח,bat,TR,פאל מאל,יחידה,1.00,יחידה,false,0,269.90,269.90,false,1,
8697530910989,false,פאל מאל אדום 10 יח',bat,TR,פאל מאל חב.,יחידה,1.00,יחידה,false,0,269.90,269.90,false,1,
8697530911313,false,קנט קצר 10 יח',bat,TR,קנט קצר חבילה,יחידה,1.00,יחידה,false,0,337.90,337.90,false,1,
8699954702041,false,מסכת בד לפנים מרווה,,TR,מסכת בד,יחידה,1.00,יחידה,false,1,9.90,9.90,true,1,
8699954702058,false,מסכת בד לפנים אלוורה יחי,,TR,מסכת בד,יחידה,1.00,יחידה,false,1,9.90,9.90,true,1,
8710428005762,false,סימילאק צמחי שלב2 400 גר,אבוט,NL,סימילאק  צמחי,גרמים,400.00,100 גרם,false,0,43.50,10.88,true,1,
8710428021533,false,סימילאק פדיאשור ונילה400,אבוט,NL,סימילאק פדיאשור,גרמים,400.00,100 גרם,false,0,39.90,9.98,true,1,
8710447224342,false,"טרזמה שמפו קרטין 400 מ""ל",יוניליוור פולין,PL,טרזמה שמפו קרטין,מיליליטרים,400.00,"100 מ""ל",false,1,18.90,4.73,true,1,
8710447224366,false,"טרזמה מרכך קרטין 400 מ""ל",יוניליוור פולין,PL,טרזמה מרכך קרטין,מיליליטרים,400.00,"100 מ""ל",false,1,18.90,4.73,true,1,
8710447275306,false,דאב ק.ידיים שמן אבוקדו75,יוניליוור,PL,קרם ידיים דאב,מיליליטרים,75.00,"100 מ""ל",false,1,12.90,17.20,true,1,
8710447284117,false,"אקס ג'ל רחצה בלק 400 מ""ל",יוניליוור גרמניה,DE,אקס ג'ל רחצה בלק,מיליליטרים,400.00,"100 מ""ל",false,1,14.90,3.73,true,1,
8710447331095,false,"טרזמה מסכת בוטניק 300 מ""",יוניליוור פולין,PL,מסכה טרזמה,מיליליטרים,300.00,"100 מ""ל",false,1,31.90,10.63,true,1,
8710447438497,false,ג'ל רחצה לגבר קוליז'ן400,יוניליוור גרמניה,DE,אקס ג'ל רחצה,מיליליטרים,400.00,"100 מ""ל",false,1,14.90,3.73,true,1,
8710502139017,false,עוג.טריפל שוקוצ'יפס180גר,מרבה,NL,עוגיות שוקוצ'יפס,גרמים,180.00,100 גרם,false,0,9.90,5.50,true,1,
8710502260032,false,עוגיות שוקולד צ'יפס150ג,מרבה,NL,עוגיות שוקולד,גרמים,150.00,100 גרם,false,0,9.00,6.00,true,1,
8710502405204,false,עוג.מרבה ממולאות שוקו175,מרבה,NL,עוגיות מרבה,גרמים,175.00,100 גרם,false,0,9.90,5.66,true,1,
8710502470028,false,עוג.שוקוצ'יפס נוגטלי160ג,מרבה,NL,עוגיות שוקוצ'יפס,גרמים,160.00,100 גרם,false,0,9.90,6.19,true,1,
8710522397732,false,אקס גל רחצה פרש פורסט400,יוניליוור,DE,אקס ג'ל רחצה,מיליליטרים,400.00,"100 מ""ל",false,1,14.90,3.73,true,1,
8710732228918,false,מצת cricket גדול יח,MATCH SWEDISH,NL,מצת cricket גדול,יחידה,1.00,יחידה,false,1,4.00,4.00,false,1,
8710739494897,false,וופל טוסט 250 גרם,BANKETGRORP DE,NL,וופל טוסט,גרמים,250.00,100 גרם,false,1,9.90,3.96,true,1,
8710847908439,false,דאו.אקס פרש פורסט 150 מל,יוניליוור,GB,דאודורנט אקס פרש,מיליליטרים,150.00,"100 מ""ל",false,1,14.90,9.93,true,1,
8710908250996,false,רקסונה ספריי אקסטרה150,יוניליוור אנגליה,GB,דאודורנט רקסונה,מיליליטרים,150.00,"100 מ""ל",false,1,17.70,11.80,true,1,
8710908251290,false,רקסונה ספריי V8 לגבר150מ,יוניליוור אנגליה,GB,דאודורנט רקסונה,מיליליטרים,150.00,"100 מ""ל",false,1,17.70,11.80,true,1,
8710908688041,false,דאו.אקס ספריי אדרנלין150,יוניליוור אנגליה,GB,דאו.אקס,מיליליטרים,150.00,"100 מ""ל",false,1,16.90,11.27,true,1,
8710908778230,false,דאב תח.גוף שמן קוקוס400מ,יוניליוור גרמניה,DE,תחליב גוף דאב,מיליליטרים,400.00,"100 מ""ל",false,1,25.90,6.48,true,1,
8711000362570,false,קפסולות לור 9 פורזה 52גר,JDE,IL,קפסולות לור,גרמים,52.00,100 גרם,false,1,19.90,38.27,true,1,
8711000362617,false,קפסולות 8 לונגופרופונדו,JDE,FR,קפסולות לור,גרמים,52.00,100 גרם,false,1,19.90,38.27,true,1,
8711000362693,false,קפסולות לור פפואה52גרם,JDE,FR,קפסולות לור,גרמים,52.00,100 גרם,false,1,19.90,38.27,true,1,
8711000362747,false,קפסולות לור 11 ריסטרטו52,גיקובס דאו אגברטס צרפת,FR,קפסולות לור,גרמים,52.00,100 גרם,false,1,19.90,38.27,true,1,
8711000371176,false,קפסולות קפה 7 קלאסיקו52ג,ג'\ייקובס דאו אגברטס צרפ,FR,קפסולות ג'קובס,גרמים,52.00,100 גרם,false,1,16.90,32.50,true,1,
8711000397466,false,קפסולות נטול מס 9 52 גרם,ג'\ייקובס דאו אגברטס צרפ,FR,קפסולות לור,גרמים,52.00,100 גרם,false,1,19.90,38.27,true,1,
8712000051099,false,הייניקן 0% אלכוהול330*6,"מבשלת היינקן, ריטבלדנברג",NL,6 בירה הייניק0%,ליטרים,1.98,ליטר,false,1,30.90,15.61,true,1,
8712561594240,false,תח.רחצה דאב הזנה עמוק500,יוניליוור,DE,תחליב רחצה דאב,מיליליטרים,500.00,"100 מ""ל",false,1,17.90,3.58,true,1,
8712561594608,false,תח.רחצה להזנה עמוקה 750מ,יוניליוור,DE,תחליב רחצה דאב,מיליליטרים,750.00,"100 מ""ל",false,1,19.90,2.65,true,1,
8712561611411,false,תח.רחצה דאב תה ירוק 750מ,יוניליוור,DE,תחליב רחצה דאב,מיליליטרים,750.00,"100 מ""ל",false,1,19.90,2.65,true,1,
8712561626286,false,תחליב רחצה דאב זוהר 750מ,יוניליוור,DE,תחליב רחצה דאב,מיליליטרים,750.00,"100 מ""ל",false,1,19.90,2.65,true,1,
8712566050116,false,ממרח בוטנים חלק 350 גרם,יונילוור הולנד,NL,ממרח בוטנים חלק,גרמים,350.00,100 גרם,false,1,19.90,5.69,true,1,
8713276001177,false,פופקורן טבסקו 90 גרם,גימי פרודוכטס בי וי,NL,פופקורן טבסקו,גרמים,90.00,100 גרם,false,1,5.90,6.56,true,1,
8713276001207,false,פופקורן פפריקה 90 גרם,גימי פרודוכטס בי וי,NL,פופקורן פפריקה,גרמים,90.00,100 גרם,false,1,5.90,6.56,true,1,
8713276001238,false,פופקורן מלח 70 גרם,גימי פרודוכטס בי וי,NL,פופקורן מלח,גרמים,90.00,100 גרם,false,1,5.90,6.56,true,1,
8713621810966,false,ביסקוויט חמאה דאלמנס140ג,---,NL,ביסקוויט חמאה,גרמים,140.00,100 גרם,false,1,10.90,7.79,true,1,
8713621850511,false,וופל במילוי קרמל 230גרם,---,NL,וופל במילוי קרמל,גרמים,230.00,100 גרם,false,1,10.90,4.74,true,1,
8714100279014,false,בוב מרלי 475 מיל,מוצרי איכות אמריקאיים בע,IL,בוב מרלי,מיליליטרים,475.00,"100 מ""ל",false,1,25.50,5.37,true,1,
8714599410325,false,קפה קלוי ג'קובס קרוננ230,ג'יי.די.אי.,RU,קפה אספרסו ג'קוב,גרמים,230.00,100 גרם,false,1,28.90,12.57,true,1,
8714599410530,false,קפה גקובס קרוננג רפיל200,ג'יי.די.אי.,RU,קפה נמס ג'קובס,גרמים,200.00,100 גרם,false,1,19.90,9.95,true,1,
8714599410592,false,קפה ג'קובס קרוננג200+50ג,ג'יי.די.אי.,RU,קפה ג'קובס,גרמים,250.00,100 גרם,false,1,26.90,10.76,true,1,
8714599513781,false,קפה נמס ג'קובס גולד 200ג,ג'יי.די.אי.,RU,קפה נמס ג'קובס,גרמים,200.00,100 גרם,false,1,25.90,12.95,true,1,
8714599513835,false,קפה ג'קובס נט.קופאין200ג,*ג'יי.די.אי,RU,קפה ג'קובס נטול,גרמים,200.00,100 גרם,false,1,34.90,17.45,true,1,
8714599513866,false,קפה נמס ג'קובס קרוננג200,ג'יי.די.אי.,RU,קפה נמס ג'קובס,גרמים,200.00,100 גרם,false,1,26.90,13.45,true,1,
8714789177229,false,4 מב.קולגייט אקסטרה קלין,קולגייט פלמוליב,CN,4 מברשות שיניים,יחידה,1.00,יחידה,false,0,11.90,11.90,true,1,
8714789402918,false,אג'קס חג.פרחים אדום 1.5ל,קולגייט פלמוליב,GR,אג'קס לניקוי,ליטרים,1.50,ליטר,false,0,19.90,13.27,true,1,
8714789402970,false,אג'קס חגיגת פרח.ירוק 1.5,קולגייט פלמוליב,GR,אג'קס לניקוי,ליטרים,1.50,ליטר,false,0,19.90,13.27,true,1,
8714789582764,false,מרסס לניקוי חלונות 750 מ,"ש. שסטוביץ בע""\מ",GR,מרסס לחלונות,מיליליטרים,750.00,"100 מ""ל",false,0,15.30,2.04,true,1,
8714789791913,false,אג'קס פרחי לוטוס 1.5 ל,קולגייט פלמוליב,GR,אג'קס פרחי לוטוס,ליטרים,1.50,ליטר,false,0,19.90,13.27,true,1,
8714789834467,false,פלמוליב נוזל לכלים 1.5ל',קולגייט פלמוליב,GR,פלמוליב לכלים,ליטרים,1.50,ליטר,false,0,13.90,9.27,true,1,
8714789930848,false,משחת אופטיק וייט אינסט75,קולגייט פלמוליב,PL,משחת קולגייט,מיליליטרים,75.00,"100 מ""ל",false,0,21.90,29.20,true,1,
8714800004114,false,בירה בוואריה,,NL,בירה בוואריה,מיליליטרים,500.00,"100 מ""ל",false,0,7.90,1.58,true,1,
8715700110141,false,ממרח מיונז צנצנת היינ460,היינץ,NL,ממרח מיונז,גרמים,460.00,100 גרם,false,1,11.90,2.59,true,1,
8715700110158,false,ממרח מיונז במרקם קרמי490,היינץ,NL,ממרח מיונז,גרמים,490.00,100 גרם,false,1,11.90,2.43,true,1,
8715700115641,false,ממרח במרקם קרמי לחיץ420ג,היינץ,NL,ממרח במרקם קרמי,גרמים,420.00,100 גרם,false,1,14.90,3.55,true,1,
8715700416021,false,ממרח סנדוויץ מלפפונים300,היינץ,NL,ממרח סנדוויץ,גרמים,300.00,100 גרם,false,1,15.90,5.30,true,1,
8715700419732,false,מתבל עגבניות היינץ700גרם,היינץ,NL,מתבל עגבניות,גרמים,700.00,100 גרם,false,0,11.90,1.70,true,1,
8715700421056,false,ממרח סנדוויץ פיקנטי300גר,היינץ,NL,ממרח סנדוויץ,גרמים,300.00,100 גרם,false,1,15.90,5.30,true,1,
8715700421322,false,רוטב ברביקיו צ'ילי 490גר,היינץ,NL,רוטב ברביקיו,גרמים,490.00,100 גרם,false,1,17.90,3.65,true,1,
8715700423906,false,מתבל עגב.מופ.סוכר/מלח550,היינץ,NL,מתבל עגבניות,גרמים,555.00,100 גרם,false,1,11.50,2.07,true,1,
8717163647202,false,אקס ספריי גוף אנרכי 150מ,יוניליוור,GB,אקס ספריי,מיליליטרים,150.00,"100 מ""ל",false,1,14.90,9.93,true,1,
8717163647219,false,אקס ספריי גוף אפולו 150מ,יוניליוור,GB,אקס ספריי,מיליליטרים,150.00,"100 מ""ל",false,1,14.90,9.93,true,1,
8717163647226,false,אקס ספריי גוף בלאק 150מל,יוניליוור אנגליה,GB,אקס ספריי,מיליליטרים,150.00,"100 מ""ל",false,1,14.90,9.93,true,1,
8717163647233,false,אקס ספרי בלאק נייט 150מ,יוניליוור אנגליה,GB,אקס ספריי,מיליליטרים,150.00,"100 מ""ל",false,1,14.90,9.93,true,1,
8717163647240,false,אקס ספריי גוף שוקולד150מ,יוניליוור אנגליה,GB,אקס ספריי,מיליליטרים,150.00,"100 מ""ל",false,1,14.90,9.93,true,1,
8717163647257,false,אקס ספריי גוף גולד 150 מ,יוניליוור אנגליה,GB,אקס ספריי,מיליליטרים,150.00,"100 מ""ל",false,1,14.90,9.93,true,1,
8717163647264,false,אקס ספריי גוף אייס 150מ,יוניליוור אנגליה,GB,אקס ספריי,מיליליטרים,150.00,"100 מ""ל",false,1,14.90,9.93,true,1,
8717163666753,false,אקס.ספריי אייס צ'יל 150מ,יוניליוור אנגליה,GB,אקס ספריי,מיליליטרים,150.00,"100 מ""ל",false,1,16.90,11.27,true,1,
8717163687772,false,תחליב רח.דאב מאצ'ה500מל,יוניליוור,DE,תחליב רחצה דאב,מיליליטרים,500.00,"100 מ""ל",false,1,17.90,3.58,true,1,
8717703690071,false,נייר בינוני לגלגול+פילטר,pro,CN,נייר בינוני,יחידה,1.00,יחידה,false,0,5.00,5.00,false,1,
8718114047249,false,סבון מוצק דאב 100*6 גרם,יוניליוור,DE,סבון דאב שישייה,גרמים,600.00,100 גרם,false,0,19.90,3.32,true,1,
8718951001602,false,אג'קס ספריי רב פעולות600,קולגייט פלמוליב,GR,אג'קס רב פעולות,מיליליטרים,600.00,"100 מ""ל",false,1,14.90,2.48,true,1,
8718951044913,false,"משחת מרידול להלבנה 75מ""ל",קולגייט פלמוליב,GB,משחת מרידול,מיליליטרים,75.00,"100 מ""ל",false,1,20.90,27.87,true,1,
8718951076402,false,קולגייט הרבל הלבנה 100 מ,קולגייט פלמוליב,BR,משחת שיניים הרבל,מיליליטרים,100.00,"100 מ""ל",false,1,13.10,13.10,true,1,
8718951093331,false,2 מברשות מרידול סופט,קולגייט פלמוליב,CH,זוג מברשות מרידו,יחידה,1.00,יחידה,false,1,33.90,33.90,true,1,
8718951159808,false,3 מברשות קולגייט 360,קולגייט-פלמוליב,CN,3 מברשות קולגייט,יחידה,1.00,יחידה,false,1,29.90,29.90,true,1,
8718951166288,false,מש.קולגייט מקס וייט125מל,קולגייט פלמוליב,PL,משחת קולגייט מקס,מיליליטרים,125.00,"100 מ""ל",false,1,14.90,11.92,true,1,
8718951166561,false,קולגייט מקס פרש כחול125מ,קולגייט פלמוליב,PL,משחת קולגייט מקס,מיליליטרים,125.00,"100 מ""ל",false,1,14.90,11.92,true,1,
8718951236790,false,קולגייט טוטל קלין 100 מל,קולגייט פלמוליב,PL,קולגייט טוטל,מיליליטרים,100.00,"100 מ""ל",false,1,16.90,16.90,true,1,
8718951236806,false,קולגייט טוטל להלבנה 100מ,---,PL,קולגייט טוטל,מיליליטרים,100.00,"100 מ""ל",false,1,16.90,16.90,true,1,
8718951236813,false,קולגייט טוטל אדוונס100מ,קולגייט פלמוליב,PL,משחת קולגייט,מיליליטרים,100.00,"100 מ""ל",false,1,16.90,16.90,true,1,
8718951240742,false,קולגייט טוטל פסים 100 מל,קולגייט פלמוליב,PL,קולגייט טוטל,מיליליטרים,100.00,"100 מ""ל",false,1,16.90,16.90,true,1,
8718951254527,false,משחת פרו רליף סנסטיב75מל,קולגייט פלמוליב,PL,משחת פרו רליף,מיליליטרים,75.00,"100 מ""ל",false,1,23.90,31.87,true,1,
8722100020420,false,רוטב לציפס וכריכים 850מל,רמייה ביוי,NL,רוטס לציפס וכריך,מיליליטרים,850.00,"100 מ""ל",false,1,19.90,2.34,true,1,
8801055706952,false,נסקפה קפוצ'ינו קרמל170גר,נסטלה,KR,קפוצ'ינו קרמל,גרמים,170.00,100 גרם,false,0,19.30,11.35,true,1,
8801055707010,false,נסקפה קפוצינו קלאסיק125ג,נסטלה,KR,נס קפה קפוצ'ינו,גרמים,125.00,100 גרם,false,0,19.30,15.44,true,1,
8801055707188,false,נסקפה קפוצ'ינו אגוזים180,נסטלה,KR,נס קפה קפוצ'ינו,גרמים,180.00,100 גרם,false,0,19.30,10.72,true,1,
8801055707966,false,טסטרס צ'וייס בריסטה180ג,נסטלה,KR,טסטרס צ'וייס,גרמים,180.00,100 גרם,false,1,29.90,16.61,true,1,
8850006331699,false,מברשות קולגייט סלים סופט,קולגייט פלמוליב,CN,3 מברשות קולגייט,יחידה,1.00,יחידה,false,1,29.90,29.90,true,1,
8850206112029,false,"רוטב צ'ילי חריף 700 מ""ל",יאן ואל יון,TH,רוטב צ'ילי חריף,מיליליטרים,700.00,"100 מ""ל",false,0,13.90,1.99,true,1,
8850206251698,false,רוטב תאילנדי פאד תאי300מ,תאצין סאמוסטאקורן,TH,רוטב פאד תאי,מיליליטרים,300.00,"100 מ""ל",false,1,9.90,3.30,true,1,
8850389104637,false,סאפה אפרסק,,TH,סאפה אפרסק,מיליליטרים,300.00,"100 מ""ל",false,0,6.00,2.00,true,1,
8850389105825,false,סאפה אלוורה טעם ענבים 1ל,FOOD GENERAL SAPANAN,IL,סאפה ענבים,ליטרים,1.00,ליטר,false,0,11.90,11.90,true,1,
8850389105832,false,סאפה אלוורה ט.תפוחים 1ל,FOOD GENERAL SAPANAN,TH,סאפה תפוחים,ליטרים,1.00,ליטר,false,0,11.90,11.90,true,1,
8850389115336,false,משקה אלוורה מלון 1 ליטר,FOOD GENERAL SAPANAN,IL,משקה אלוורה,ליטרים,1.00,ליטר,false,1,11.90,11.90,true,1,
8850632604372,false,יוגטה חמוץ שטיח תות 50גר,סאאדת,TH,יוגטה ממתק חמוץ,גרמים,50.00,100 גרם,false,0,4.60,9.20,true,1,
8850632605201,false,יוגטה חמוץ שטיח מעורב50ג,סאאדת,TH,יוגטה ממתק חמוץ,גרמים,50.00,100 גרם,false,0,4.60,9.20,true,1,
8851613101378,false,"נוזל קוקוס 250 מ""ל",,TH,נוזל קוקוס,מיליליטרים,250.00,"100 מ""ל",false,0,8.80,3.52,true,1,
8851613101385,false,"חלב קוקוס 500 מ""ל",,TH,חלב קוקוס,מיליליטרים,500.00,"100 מ""ל",false,0,11.60,2.32,true,1,
8857101301008,false,רוטב צ'ילי,,TH,רוטב צ'ילי,מיליליטרים,700.00,"100 מ""ל",false,0,9.80,1.40,true,1,
8886303210504,false,קרם קוקונט 24% קארה500מל,ג'ומון,ID,קרם קוקונט,מיליליטרים,500.00,"100 מ""ל",false,1,14.90,2.98,true,1,
8888021200256,false,שמינית סוללות AA,אנרג'ייזר,SG,שמינית סוללות,יחידה,1.00,יחידה,false,0,27.90,27.90,true,1,
8888021200720,false,שמינית סוללות AAA,אנרג'ייזר,SG,8 סוללות AAA,יחידה,1.00,יחידה,false,0,27.90,27.90,true,1,
8888021206203,false,סוללות אנרג'ייזר AA 8+4,---,SG,סוללות אנרג'ייזר,יחידה,1.00,יחידה,false,1,27.90,27.90,true,1,
8888757103005,false,"שמן שומשום טהור 300 מ""ל",תאי פרזידנס פוד בנגקפי,SG,שמן שומשום,מיליליטרים,300.00,"100 מ""ל",false,0,18.30,6.10,true,1,
8901537024014,false,אורז בסמטי,,IN,אורז בסמטי,קילוגרמים,1.00,"ק""ג",false,0,12.90,12.90,true,1,
9000100760591,false,"דאו.פה פיג'י דרים 50 מ""ל",הנקל סוד,DE,דאודורנט פה,מיליליטרים,50.00,"100 מ""ל",false,1,10.90,21.80,true,1,
9000100798709,false,דאו.רולאון פה פורס 50,הנקל סוד,DE,דאודורנט פה,מיליליטרים,50.00,"100 מ""ל",false,0,10.90,21.80,true,1,
9310072028743,false,טים טם אורגינל 200 גרם,ספץ תעשיות,AU,טים טם אורגינל,גרמים,200.00,100 גרם,false,1,19.90,9.95,true,1,
9310072028750,false,טים טם דאבל 200 גרם,ספץ תעשיות,AU,טים טם דאבל,גרמים,200.00,100 גרם,false,1,19.90,9.95,true,1,
9310088007015,false,8 תחבושות דיפנד לילה,חוגלה קימברלי,CN,תחבושות  דיפנד,יחידה,1.00,יחידה,false,0,19.90,19.90,true,1,
9312931540076,false,סוללות אנרג'ייזר 1.5V,אנרג'ייזר,CN,סללות,יחידה,1.00,יחידה,false,1,12.90,12.90,true,1,
9312931720294,false,מכשיר אינטואישן 2+סכינים,אדג'וול,CN,מכשיר+סכ.גילוח,יחידה,1.00,יחידה,false,1,34.90,34.90,true,1,
9312931720300,false,3סכיני גילוח שיק אינטאיש,אדג'וול,CN,סכיני גילוח שיק,יחידה,1.00,יחידה,false,1,37.90,37.90,true,1,
9720188050109,false,ממרח טופו בטעם טבעי 225ג,---,IL,ממרח טופו גבינה,גרמים,225.00,100 גרם,false,0,19.90,8.84,true,1,
9720188060108,false,ממרח טופו בטעם טבעי340גר,---,IL,ממרח טופו שמנת,גרמים,340.00,100 גרם,false,0,19.90,5.85,true,1,
