code,internal_code,name,manufacturer_name,manufacture_country,manufacturer_item_description,unit_qty,quantity,unit_of_measure,weighted,qty_in_package,price,unit_of_measure_price,allow_discount,status,item_id
54051140,false,מעדן סויה ט.וניל 125*4גר,אלפרו C.V.A,BE,מעדן סויה 4 יח',גרמים,500.00,100 גרם,false,0,17.90,3.58,true,1,
80043638,false,כורכום אורגני 47 גרם,קנהמלה,IT,כורכום אורגני,גרמים,47.00,100 גרם,false,1,14.90,31.70,true,1,
80044079,false,קינמון טחון אורגני 42 גר,קנהמלה,IT,קינמון טחון,גרמים,42.00,100 גרם,false,1,14.90,35.48,true,1,
80473206,false,פפריקה מתוקה אורגני 50 ג,קנהמלה,IT,פפריקה מתוקה,גרמים,50.00,100 גרם,false,1,14.90,29.80,true,1,
80473213,false,כמון אורגני 32 גרם,קנהמלה,IT,כמון אורגני,גרמים,32.00,100 גרם,false,1,14.90,46.56,true,1,
80473336,false,פלפל שחור טחון אורגני50ג,בונומלי,IT,פלפל שחור טחון,גרמים,50.00,100 גרם,false,1,14.90,29.80,true,1,
80655404,false,שום גבישי אורגני 70 גרם,קנהמלה,IT,שום גבישי אורגני,גרמים,70.00,100 גרם,false,1,14.90,21.29,true,1,
80718765,false,טונה במים,,IT,טונה במים,גרמים,160.00,100 גרם,false,0,22.90,14.31,true,1,
8112100298,false,שמן שומשום,,TW,שמן שומשום,מיליליטרים,185.00,"100 מ""ל",false,0,15.90,8.59,true,1,
16229914578,false,מי קוקוס טבעי פוקו 1 ל',ויט וורלד קומפני,VN,מי קוקוס טבעי,ליטרים,1.00,ליטר,false,1,23.90,23.90,true,1,
16229917593,false,"מי קוקוס 330 מ""ל",ויט וורלד קומפני,VN,מי קוקוס,מיליליטרים,330.00,"100 מ""ל",false,1,10.90,3.30,true,1,
16229917616,false,"מי קוקוס + גויאבה 330מ""ל",ויט וורלד קומפני,VN,מי קוקוס+גויאבה,מיליליטרים,330.00,"100 מ""ל",false,1,10.90,3.30,true,1,
16229917654,false,"מי קוקוס + ליצ'י 330 מ""ל",ויט וורלד קומפני,VN,מי קוקוס+ליצ'י,מיליליטרים,330.00,"100 מ""ל",false,1,10.90,3.30,true,1,
21723339994,false,"רוטב דגים 300 מ""ל",טאנג סאנג הא,TH,רוטב דגים,גרמים,300.00,100 גרם,false,0,11.90,3.97,true,1,
30568115281,false,סוכריות ג'ינג'ר,,US,סוכריות ג'ינג'ר,גרמים,100.00,100 גרם,false,0,19.50,19.50,true,1,
55369902564,false,רסק תפוחים 4 יח,,CA,רסק תפוחים 4 יח,גרמים,452.00,100 גרם,false,0,14.90,3.30,true,1,
58449450009,false,דייסת אינסטנט מיקס אורגנ,נייטשר פאת'\,US,דייסת אינסטנט,גרמים,400.00,100 גרם,false,0,28.90,7.23,true,1,
58449450573,false,דייסת אינסטנט ט.בית320ג,נייטשר פאת',US,דייסת אינסטנט,גרמים,320.00,100 גרם,false,1,37.90,11.84,true,1,
58449450634,false,דייסת אינס.מבחר טעמים320,נייטשר פאת'\,US,דייסת אינסטנט,גרמים,320.00,100 גרם,false,1,37.90,11.84,true,1,
58449620013,false,פצפוני אורז אורגני 170 ג,נייטשר פאת',US,פצפוני אורז ללתס,גרמים,170.00,100 גרם,false,1,19.90,11.71,true,1,
58449620044,false,פצפוצי חיטת קמוט 170 ג,נייטשר פאת',US,פצפוצי חיטה קמוט,גרמים,170.00,100 גרם,false,1,19.90,11.71,true,1,
58449779032,false,טבעות תירס ואורז 325 גרם,נייטשר פאת'\,US,טבעות תירס ואורז,גרמים,325.00,100 גרם,false,0,22.90,7.05,true,1,
58449860037,false,קואלה קריספ דגני בוקר326,נייטשר פאת'\,US,דגני בוקר,גרמים,326.00,100 גרם,false,0,24.90,7.64,true,1,
63517877145,false,חטיף אורגני טעם צ'דר113ג,,CA,חטיף אורגני,גרמים,113.00,100 גרם,false,1,19.90,17.61,true,1,
63517877169,false,חטיף אורגני ט.ברביקיו113,,CA,חטיף אורגני,גרמים,113.00,100 גרם,false,1,19.90,17.61,true,1,
75810112250,false,רוטב טריאקי,,US,רוטב טריאקי,מיליליטרים,296.00,"100 מ""ל",false,0,26.90,9.09,true,1,
85696608037,false,טופו רך,,US,טופו רך,גרמים,340.00,100 גרם,false,0,10.00,2.94,true,1,
85696608044,false,טופו ללא גלוטן,,US,טופו ללא גלוטן,גרמים,340.00,100 גרם,false,0,10.00,2.94,true,1,
96086000003,false,קיטו מיני גריסיני 200 ג,מצות אביב,IL,קיטו מיני גריסינ,גרמים,200.00,100 גרם,false,1,23.90,11.95,true,1,
96086000294,false,לחמנ.קיטו קמח שקדים100*4,מצות אביב 2014 מאפה בעמ,IL,לחמניות קיטו 4יח,גרמים,400.00,100 גרם,false,1,29.90,7.48,true,1,
96086000560,false,קרקר חמישה דגנים 200 גרם,מצות אביב 2014 מאפה בעמ,IL,קרקר חמישה דגנים,גרמים,200.00,100 גרם,false,0,11.90,5.95,true,1,
96086000577,false,קרקר כוסמין 200 גרם,מצות אביב 2014 מאפה בעמ,IL,קרקר כוסמין,גרמים,200.00,100 גרם,false,0,11.90,5.95,true,1,
96086000584,false,קרקר שיפון,,IL,קרקר שיפון,גרמים,200.00,100 גרם,false,0,11.90,5.95,true,1,
96086000676,false,"עוגיות כוסמין ללת""ס200גר",מצות אביב 2014 מאפה בעמ,IL,עוגיות כוסמין,גרמים,200.00,100 גרם,false,1,16.50,8.25,true,1,
96086000829,false,קיטו נודלס 255 גרם,אינדוסטריה אגריקולה אקספ,EC,קיטו נודלס,גרמים,255.00,100 גרם,false,1,19.90,7.80,true,1,
96086000966,false,קרקר כוסמין,,IL,קרקר כוסמין,גרמים,200.00,100 גרם,false,0,11.90,5.95,true,1,
96086001031,false,פירורי קיטו 300 גרם,מצות אביב 2014 מאפה בעמ,IL,פירורי קיטו,גרמים,300.00,100 גרם,false,1,23.90,7.97,true,1,
96086001512,false,עוג.לימון ל.תוספת סוכ200,מצות אביב 2014 מאפה בעמ,IL,עוגיות לימון,גרמים,200.00,100 גרם,false,0,16.50,8.25,true,1,
96086001789,false,קרקר ביס כוסמין מלא 150ג,מצות אביב 2014 מאפה בעמ,IL,קרקר ביס כוסמין,גרמים,150.00,100 גרם,false,1,13.90,9.27,true,1,
308910525744,false,איטריות אורז ומיצ'לי454ג,,TH,איטריות אורז,גרמים,454.00,100 גרם,false,0,11.90,2.62,true,1,
621683920555,false,פסטה ללא גלוטן,,CA,פסטה ללא גלוטן,גרמים,454.00,100 גרם,false,0,23.90,5.26,true,1,
621683920654,false,פסטה אורז פוסילי,,CA,פסטה אורז פוסילי,גרמים,454.00,100 גרם,false,0,23.90,5.26,true,1,
621683921255,false,פסטה אורז ספירלה,,CA,פסטה אורז ספירלה,גרמים,454.00,100 גרם,false,0,23.90,5.26,true,1,
638102532817,false,חטיף זון דארק שוקולד45גר,אדיר סחר,US,חטיף זון דארק,גרמים,45.00,100 גרם,false,0,13.90,30.89,true,1,
728229123590,false,צ'יפס ירקות טעם טבעי110ג,היין סלסטיאל גרופ,HN,צ'יפס,גרמים,110.00,100 גרם,false,0,15.50,14.09,true,1,
728229123811,false,צ'יפס ירקות ים תיכוני110,היין סלסטיאל גרופ,HN,צ'יפס מתובל,גרמים,110.00,100 גרם,false,0,15.50,14.09,true,1,
728229130154,false,צ'יפס בטטה סלק 110 גרם,היין סלסטיאל גרופ,HN,צ'יפס בטטה סלק,גרמים,110.00,100 גרם,false,0,15.50,14.09,true,1,
761720988183,false,אבקת אפיה ארגו 340 גרם,איי סי אייץ,US,אבקת אפיה,גרמים,340.00,100 גרם,false,1,22.90,6.74,true,1,
769904000607,false,שקדי מרק,,IL,שקדי מרק,גרמים,200.00,100 גרם,false,0,14.90,7.45,true,1,
769904000997,false,"שקדי מרק לל""ג",,IL,"שקדי מרק לל""ג",גרמים,200.00,100 גרם,false,0,16.90,8.45,true,1,
770009011924,false,100% נייר אפייה,,IL,100% נייר אפייה,יחידה,1.00,יחידה,false,0,24.40,24.40,true,1,
770009250262,false,שקיות אוכל מנייר,,IL,שקיות אוכל מנייר,יחידה,1.00,יחידה,false,0,22.50,22.50,true,1,
788434104821,false,חטיף וואן חמאת בוטנים60ג,מדיטרנד,NL,חטיף וואן חמאת ב,גרמים,60.00,100 גרם,false,1,17.90,29.83,true,1,
788434108379,false,חטיף חלבון קרם עוגיות60ג,מדיטרנד,US,חטיף וואן קרם עו,גרמים,60.00,100 גרם,false,0,17.90,29.83,true,1,
788434108515,false,ח.וואן שוקולד בראוני60גר,מדיטרנד,US,חטיף וואן שוקולד,גרמים,60.00,100 גרם,false,0,17.90,29.83,true,1,
788434108812,false,חטיף וואן שוקולד ציפס60ג,מדיטרנד,US,חטיף וואן שוקולד,גרמים,60.00,100 גרם,false,0,17.90,29.83,true,1,
801541040438,false,חליטת טולסי ג'ינג'ר 25שק,אורגניק אינדיה,IN,טולסי 25 שק.,גרמים,43.00,100 גרם,false,1,17.90,41.63,true,1,
801541050505,false,חליטת טולסי אורגינל 25שק,אורגניק אינדיה,IN,טולסי 25 שק.,גרמים,45.00,100 גרם,false,1,17.90,39.78,true,1,
801541070435,false,טולסי ירוק קלאסי 25שק,אורגניק אינדיה,IN,חליטת  טולסי,גרמים,47.00,100 גרם,false,1,17.90,38.09,true,1,
801541080434,false,טולסי צ'אי מסאלה 25שק,אורגניק אינדיה,IN,חליטת טולסי,גרמים,52.00,100 גרם,false,1,17.90,34.42,true,1,
801541500086,false,טולסי לימון+ג'ינג'ר25,אורגניק אינדיה,IN,חליטת טולסי,גרמים,50.00,100 גרם,false,0,17.90,35.80,true,1,
801541508402,false,טולסי דבש קמומיל 25 ש,אורגניק אינדיה,IN,חליטת טולסי,גרמים,42.00,100 גרם,false,1,17.90,42.62,true,1,
801541512324,false,טולסי כורכום ג'ינגר25שק,אורגניק אינדיה,IN,טולסי 25 שק.,גרמים,47.00,100 גרם,false,1,17.90,38.09,true,1,
801541514243,false,חליטת טולסי יסמי 1.7*25ג,אורגניק אינדיה,IN,חליטת יסמין,יחידה,1.00,יחידה,false,1,17.90,17.90,true,1,
801541514274,false,תה טולסי קינמון ורדים25ש,אורגניק אינדיה,IN,תה טולסי 25 שק.,יחידה,1.00,יחידה,false,1,17.90,17.90,true,1,
801541514991,false,חליטת טולסי נענע 25שק,אורגניק אינדיה,IN,חל טולסי 25 שק.,יחידה,1.00,יחידה,false,1,17.90,17.90,true,1,
811961021139,false,אבקת קקאו אורגנית 227 גר,נביטס,US,אבקת קקאו,גרמים,227.00,100 גרם,false,1,62.90,27.71,true,1,
811961021214,false,אבקת מאקה אורגנית 227 גר,נביטס,US,אבקת מאקה,גרמים,227.00,100 גרם,false,1,150.90,66.48,true,1,
812130020496,false,סטיביה סוכר חום 510 גרם,,US,סטיביה סוכר חום,גרמים,510.00,100 גרם,false,1,34.90,6.84,true,1,
833949000295,false,סירופ מייפל אמיתי 1 ליטר,דיקסר,CA,סירופ מייפל אמית,ליטרים,1.00,ליטר,false,1,122.90,122.90,true,1,
842515006722,false,משמשים מיובשים בשמש250ג,קיי.אפ.סי,TR,משמשים מיובשים,גרמים,250.00,100 גרם,false,1,28.90,11.56,true,1,
842515010125,false,תאנים מיובשות אורג 250גר,קיי.אפ.סי,TR,תאנים מיובשות,גרמים,250.00,100 גרם,false,1,28.90,11.56,true,1,
842515020155,false,צימוקים סולטנה250ג,קיי.אפ.סי,TR,צימוקים סולטנה,גרמים,250.00,100 גרם,false,1,26.90,10.76,true,1,
855694004472,false,לזניה מלבבות דקל 338 גרם,,EC,לזניה מלבבות דקל,גרמים,338.00,100 גרם,false,1,21.90,6.48,true,1,
859605002052,false,צ'יקי מאנקי עם בננה 60 ג,סנקי,IL,צ'יקי מאנקי בננה,גרמים,60.00,100 גרם,false,1,7.90,13.17,true,1,
897581000365,false,מרשמלו טבעוני 283 גרם,,US,מרשמלו טבעוני,גרמים,283.00,100 גרם,false,1,23.90,8.45,true,1,
897581000372,false,מיני מרשמלו טבעוני 283 ג,,US,מיני מרשמלו,גרמים,283.00,100 גרם,false,1,23.90,8.45,true,1,
898193001252,false,חליטת קמומיל,,IT,חליטת קמומיל,גרמים,28.00,100 גרם,false,0,14.90,53.21,true,1,
960860015432,false,"עוג.ללת""ס מקמח מלא200גרם",מצות אביב 2014 מאפה בעמ,IL,"עוגיות ללת""ס",גרמים,200.00,100 גרם,false,0,16.50,8.25,true,1,
3067140013113,false,תחל.קפה ציקוריה 100 גרם,לרו,FR,תחליף קפה ציקורי,גרמים,100.00,100 גרם,false,0,30.00,30.00,true,1,
3067140243114,false,תחל.קפה ציקוריה קרמל100ג,לרו,FR,תחליף קפה ציקורי,גרמים,100.00,100 גרם,false,0,30.00,30.00,true,1,
4000799136887,false,קפה נמס אורג.מיובש בהקפא,,DE,קפה נמס אורגני,גרמים,100.00,100 גרם,false,1,40.60,40.60,true,1,
4007745058804,false,מיונז אורגני נטורפוד340ג,הורלין,DE,מיונז אורגני,גרמים,340.00,100 גרם,false,0,25.90,7.62,true,1,
4007745058811,false,חרדל אורגני,,DE,חרדל אורגני,גרמים,200.00,100 גרם,false,0,14.50,7.25,true,1,
4007745058828,false,חרדל גרגרים,,DE,חרדל גרגרים,גרמים,145.00,100 גרם,false,0,14.50,10.00,true,1,
4009300522935,false,תה ירוק לימונית+לואיזה20,טיקנה,DE,תה ירוק לואיזה,גרמים,30.00,100 גרם,false,0,23.50,78.33,true,1,
4009309740422,false,רסק תפוחים אורגני 700 גר,פאלסן,DE,רסק תפוחים,גרמים,700.00,100 גרם,false,1,17.50,2.50,true,1,
4010442413357,false,פרוסות מנגו אורגני 100 ג,,DE,פרוסות מנגו,גרמים,100.00,100 גרם,false,1,20.90,20.90,true,1,
4033634030071,false,קרקר כוסמין קינואה110ג,,DE,חטיף קרקר כוסמין,גרמים,110.00,100 גרם,false,1,12.90,11.73,true,1,
4033634030095,false,חטיף קרקר ציה אמרנט110ג,,DE,חטיף קרקר ציה,גרמים,110.00,100 גרם,false,1,12.90,11.73,true,1,
4033634066070,false,קרקר קמח כוסמין200,,DE,קרקר קמח כוסמין,גרמים,200.00,100 גרם,false,1,16.90,8.45,true,1,
4033634066094,false,קרקר כוסמין מוזלי200,,DE,קרקרכוסמין מוזלי,גרמים,200.00,100 גרם,false,1,16.90,8.45,true,1,
4044889002904,false,שוקולד אורגני 99% 80 גרם,אקופינה,DE,שוקולד אורגני,גרמים,80.00,100 גרם,false,1,19.50,24.38,true,1,
4100470106700,false,חומץ תפוחים,,DE,חומץ תפוחים,מיליליטרים,750.00,"100 מ""ל",false,0,22.90,3.05,true,1,
4260334140049,false,שוק.גנדויה טבעוני+לוז65ג,וגו גוד,IT,שוקולד טבעוני,גרמים,65.00,100 גרם,false,1,12.90,19.85,true,1,
4260334140605,false,שוקולד טבעוני לוז 150 גר,איקם ספא,IT,שוקולד טבעוני,גרמים,150.00,100 גרם,false,1,19.90,13.27,true,1,
4770577229062,false,סלק אדום מבושל אורגני500,,LT,סלק אדום אורגני,גרמים,500.00,100 גרם,false,1,10.90,2.18,true,1,
4792032060454,false,"מי קוקוס אורגני 330 מ""ל",גרין קוקו,VN,מי קוקוס אורגני,מיליליטרים,330.00,"100 מ""ל",false,1,10.40,3.15,true,1,
4793000637005,false,מקלות קינמון אורגני 70 ג,אינטרנשיונל קומודטי אקספ,LK,מקלות קינמון,גרמים,70.00,100 גרם,false,1,16.50,23.57,true,1,
4793000637012,false,קינמון ציילוני טחון 70 ג,אינטרנשיונל קומודטי אקספ,LK,קינמון ציילוני,גרמים,70.00,100 גרם,false,1,16.50,23.57,true,1,
4793000637029,false,אבקת מורינגה אורגנית 70,commodity international,LK,אבקת מורינגה,גרמים,70.00,100 גרם,false,1,16.50,23.57,true,1,
4793000637036,false,מורינגה אורגנית 25 גרם,commodity international,LK,מורינגה אורגנית,גרמים,25.00,100 גרם,false,1,16.50,66.00,true,1,
4903001155310,false,רוטב סויה יאמסה,,IL,רוטב סויה יאמסה,קילוגרמים,0.00,"ק""ג",true,0,280.20,280.20,true,1,
4903001925784,false,רוטב סויה מופחת נתרן500מ,יאמאסה,JP,רוטב סויה,מיליליטרים,500.00,"100 מ""ל",false,0,21.00,4.20,true,1,
4978094999219,false,מחית סויה לבנה,,CN,מחית סויה לבנה,גרמים,500.00,100 גרם,false,0,13.90,2.78,true,1,
5014271400426,false,מעדן תות שדה 284 גרם,סאן דלפור - שמבור,FR,מעדן תות שדה,גרמים,284.00,100 גרם,false,0,22.90,8.06,true,1,
5018357006755,false,תע.דגנים50% פרי ואגוז540,דורסט סיריאלס,GB,תערובת דגנים,גרמים,540.00,100 גרם,false,0,30.90,5.72,true,1,
5018357006779,false,דגנים50% פרי+אגוז+חמצ540,דורסט סיריאלס,GB,מוזלי דגנים,גרמים,540.00,100 גרם,false,0,38.90,7.20,true,1,
5060319120023,false,תה קינמון אורגני 30 גרם,,GB,תה קינמון,גרמים,30.00,100 גרם,false,1,17.90,59.67,true,1,
5060319120047,false,תה ורי ברי אורגני 30 גרם,אונלי נטורל פרודקטס,GB,תה ורי ברי,גרמים,30.00,100 גרם,false,1,17.90,59.67,true,1,
5060319120078,false,תה איבנינג אורגני 30 גרם,אונלי נטורל פרודקטס,GB,תה איבנינג,גרמים,30.00,100 גרם,false,1,17.90,59.67,true,1,
5060319120108,false,תה ירוק ארל גריי אורגנ33,אונלי נטורל פרודקטס,GB,תה ארל גריי,גרמים,33.00,100 גרם,false,1,17.90,54.24,true,1,
5060319120115,false,תה ירוק אורגני 33 גרם,אונלי נטורל פרודקטס,GB,תה ירוק,גרמים,33.00,100 גרם,false,1,17.90,54.24,true,1,
5060319120122,false,תה ירוק צ'אי אורגני 33גר,אונלי נטורל פרודקטס,GB,תה ירוק צ'אי,גרמים,33.00,100 גרם,false,1,17.90,54.24,true,1,
5060319129286,false,תה לבן אורגני 40 גרם,אונלי נטורל פרודקטס,GB,תה לבן אורגני,גרמים,40.00,100 גרם,false,1,17.90,44.75,true,1,
5060319129491,false,חליטת כורכום אורגני 30ג,אונלי נטורל פרודקטס,GB,חליטת כורכום,גרמים,30.00,100 גרם,false,1,17.90,59.67,true,1,
5201671803593,false,זית ירוק ללא גלעין 150ג,,GR,זיתים ללא גלעין,גרמים,150.00,100 גרם,false,1,19.90,13.27,true,1,
5202302000022,false,זיתים שחורים,,GR,זיתים שחורים,גרמים,275.00,100 גרם,false,0,15.80,5.75,true,1,
5202302000039,false,זיתים שחורים,,GR,זיתים שחורים,גרמים,275.00,100 גרם,false,0,23.50,8.55,true,1,
5202390020407,false,בסגנון פטה יוונית 200 גר,וויטרוס אס.אי.,GR,בסגנון פטה,גרמים,200.00,100 גרם,false,1,26.90,13.45,true,1,
5411188081852,false,משקה סויה בטעם וניל 1 ל,אלפרו C.V.A,BE,משקה סויה וניל,ליטרים,1.00,ליטר,false,0,14.90,14.90,true,1,
5411188094159,false,מעדן סויה שוק.מריר125*4ג,אלפרו C.V.A,BE,מעדן סויה 4 יח',גרמים,500.00,100 גרם,false,0,17.90,3.58,true,1,
5411188110835,false,משקה שקדים אלפרו 1 ליטר,אלפרו C.V.A,BE,משקה שקדים אלפרו,ליטרים,1.00,ליטר,false,0,14.90,14.90,true,1,
5411188112709,false,"משקה שקדים ללת""ס אלפרו1ל",אלפרו C.V.A,BE,משקה שקדים אלפרו,ליטרים,1.00,ליטר,false,0,14.90,14.90,true,1,
5411188115366,false,משקה שיבולת שועל אלפרו1ל,אלפרו C.V.A,BE,משקה שיבולת שועל,ליטרים,1.00,ליטר,false,0,14.90,14.90,true,1,
5411188121923,false,משקה סויה אלפרו 3 * 250מ,אלפרו C.V.A,BE,משקה סויה 3 יח,מיליליטרים,750.00,"100 מ""ל",false,1,15.90,2.12,true,1,
5411188121978,false,משקה סויה ט.שוקולד250*3מ,אלפרו C.V.A,BE,משקה סויה 3 יח,מיליליטרים,750.00,"100 מ""ל",false,1,15.90,2.12,true,1,
5411188124689,false,"משקה ש.שועל ללת""ס1 ליטר",אלפרו C.V.A,BE,משקה ש.שועל,ליטרים,1.00,ליטר,false,1,14.90,14.90,true,1,
5411188124726,false,משקה ש.שועל שקדים 1 ל,אלפרו C.V.A,BE,משקה שיבולת שועל,ליטרים,1.00,ליטר,false,1,14.90,14.90,true,1,
5411188126195,false,משקה שקדים ביו אלפרו 1 ל,אלפרו C.V.A,BE,משקה שקדים אלפרו,ליטרים,1.00,ליטר,false,1,14.90,14.90,true,1,
5411188127697,false,משקה ש.שועל בריסטה 1 ל,אלפרו C.V.A,BE,משקה שיבולת שועל,ליטרים,1.00,ליטר,false,1,14.90,14.90,true,1,
5412533001617,false,נוזל כלים אלוורה לימון1ל,,BE,נוזל לכלים,ליטרים,1.00,ליטר,false,0,15.90,15.90,true,1,
5412533002287,false,"נוזל ניקוי אסלות 750 מ""ל",,BE,נוזל ניקוי אסלות,מיליליטרים,750.00,"100 מ""ל",false,0,19.90,2.65,true,1,
5412533003857,false,נוזל אקולוגי נ.אסלות750מ,,BE,נוזל ניקוי אסלות,מיליליטרים,750.00,"100 מ""ל",false,0,19.90,2.65,true,1,
5412533416626,false,טבליות מדיח הכל באחד1.3ק,,BE,טבליות למדיח,קילוגרמים,1.30,"ק""ג",false,1,91.90,70.69,true,1,
5412533418781,false,נוזל כביסה זירו 1.5 ליטר,,BE,נוזל כביסה זירו,ליטרים,1.50,ליטר,false,1,65.90,43.93,true,1,
5412533419566,false,"נוזל כביסה עדינה 750 מ""ל",,BE,נוזל כביסה עדינה,מיליליטרים,750.00,"100 מ""ל",false,1,23.90,3.19,true,1,
5412533419665,false,מרכך כביסה שקד תפוח750מל,,BE,מרכך כביסה,מיליליטרים,750.00,"100 מ""ל",false,1,17.90,2.39,true,1,
5412533419702,false,"מרכך כביסה וניל 750 מ""ל",,BE,מרכך כביסה,מיליליטרים,750.00,"100 מ""ל",false,1,17.90,2.39,true,1,
5412533420364,false,נוזל לכביסה אוניברסלי1 ל,,BE,נוזל לכביסה,ליטרים,1.00,ליטר,false,1,43.90,43.90,true,1,
5412533421514,false,נוזל לניקוי רצפות 1 ליטר,,BE,נוזל לניקוי,ליטרים,1.00,ליטר,false,1,19.90,19.90,true,1,
5412533421828,false,תרסיס לניקוי משטחים500מל,,BE,תרסיס לניקוי,מיליליטרים,500.00,"100 מ""ל",false,1,25.90,5.18,true,1,
5412533421958,false,תרסיס לניקוי חלונות500מל,,BE,תרסיס לניקוי,מיליליטרים,500.00,"100 מ""ל",false,1,25.90,5.18,true,1,
5412533421989,false,"מסיר אבנית אקובר 500 מ""ל",,BE,מסיר אבנית,מיליליטרים,500.00,"100 מ""ל",false,1,24.90,4.98,true,1,
5600286004089,false,תפוחונים אורגנ.חמצמץ 40ג,,PT,תפוחונים אורגני,גרמים,40.00,100 גרם,false,1,7.90,19.75,true,1,
5600395034076,false,נתחי טונה בהיר שמ.זית120,קופיסה אס.איי,PT,נתחי טונה בהירה,גרמים,120.00,100 גרם,false,1,10.90,9.08,true,1,
6086142556418,false,עלי מורינגה אורגניים יח,אודי,IL,עלי מורינגה,יחידה,1.00,יחידה,false,1,13.90,13.90,true,1,
6912977000140,false,אטריות שעועית,,CN,אטריות שעועית,גרמים,250.00,100 גרם,false,0,9.80,3.92,true,1,
6921052701001,false,אצות ווקאמה 40 גרם,טאפאדונגפורן קוקנט,CN,אצות ווקאמה,גרמים,40.00,100 גרם,false,0,9.90,24.75,true,1,
6936745600783,false,חומץ אורז 500 מל,,CN,חומץ אורז 500 מל,מיליליטרים,500.00,"100 מ""ל",false,0,17.90,3.58,true,1,
7290000090924,true,אוכמניות בלו בריז במשקל,,IL,אוכמניות בלו,קילוגרמים,0.00,"ק""ג",true,0,108.00,108.00,true,1,
7290000091150,true,בננה ללא תוספת סוכר משקל,,IL,"בננה ללת""ס",קילוגרמים,0.00,"ק""ג",true,0,94.00,94.00,true,1,
7290000091273,true,גוג'י ברי,,IL,גוג'י ברי,קילוגרמים,0.00,"ק""ג",true,0,64.00,64.00,true,1,
7290000091518,true,גולדן ברי במשקל,,IL,גולדן ברי,קילוגרמים,0.00,"ק""ג",true,0,115.00,115.00,true,1,
7290000091648,true,קוקוס פיליפיני טחון משקל,,IL,קוקוס פיליפיני,קילוגרמים,0.00,"ק""ג",true,0,18.00,18.00,true,1,
7290000091730,true,"קוקוס צ'יפס ללת""ס במשקל",,IL,קוקוס צ'יפס ללתס,קילוגרמים,0.00,"ק""ג",true,0,79.00,79.00,true,1,
7290000091778,true,קוקוס רצועות טבעי במשקל,,IL,קוקוס רצועות,קילוגרמים,0.00,"ק""ג",true,0,55.00,55.00,true,1,
7290000099866,true,עגבניה תמר אורגנית במשקל,יבולי בר אורגני,IL,עגבניה תמר,קילוגרמים,0.00,"ק""ג",true,0,15.90,15.90,true,1,
7290000099941,true,גזר אורגני ארוז,,IL,גזר אורגני ארוז,קילוגרמים,0.00,"ק""ג",true,0,9.90,9.90,true,1,
7290000446547,false,חמאת בוטנים,,IL,חמאת בוטנים,גרמים,350.00,100 גרם,false,0,16.20,4.63,true,1,
7290000446714,false,שמן שומשום,,IL,שמן שומשום,מיליליטרים,500.00,"100 מ""ל",false,0,49.90,9.98,true,1,
7290000446776,false,פיצפוצי אורז מלא,,IL,פיצפוצי אורז מלא,גרמים,450.00,100 גרם,false,0,21.90,4.87,true,1,
7290000453316,false,בצק עלים ללא גלוטן 280 ג,,FR,בצק עלים ל.גלוטן,גרמים,280.00,100 גרם,false,1,23.90,8.54,true,1,
7290000453330,false,תערובת לעוגת וניל 500ג,,IL,תערובת לעוגה,גרמים,500.00,100 גרם,false,1,16.90,3.38,true,1,
7290000480329,false,הרמזית 800 טבליות,הרמס סוויטנרס,CH,ממתיק הרמזית,גרמים,9.00,100 גרם,false,0,30.20,335.56,true,1,
7290000518336,false,"מוש צמר גפן ללת""ס100גרם",מתוק וקל בעמ,IL,צמר גפן מתוק,גרמים,10.00,100 גרם,false,1,5.90,59.00,true,1,
7290000841557,false,סטרילי נוזל לח,,IL,סטרילי נוזל לח,מיליליטרים,500.00,"100 מ""ל",false,0,13.50,2.70,true,1,
7290000900445,true,שום יבש אורגני,,IL,שום יבש אורגני,קילוגרמים,0.00,"ק""ג",true,0,29.90,29.90,true,1,
7290000901374,true,בצל אדום אורגני,,NL,בצל אדום אורגני,קילוגרמים,0.00,"ק""ג",true,0,11.90,11.90,true,1,
7290000901404,true,"תפו""א אדום אורגנ",,IL,"תפו""א אדום אורגנ",קילוגרמים,0.00,"ק""ג",true,0,9.90,9.90,true,1,
7290000901787,true,קיווי אורגני במשקל,,IL,קיווי אורגני,קילוגרמים,0.00,"ק""ג",true,0,30.90,30.90,true,1,
7290000916248,true,כרוב לבן אורגני,,IL,כרוב לבן אורגני,קילוגרמים,0.00,"ק""ג",true,0,10.90,10.90,true,1,
7290000960258,true,תפוז אורגני במשקל,,IL,תפוז אורגני,קילוגרמים,0.00,"ק""ג",true,0,11.90,11.90,true,1,
7290000960272,true,עגבניה אורגנית,,IL,עגבניה אורגנית,קילוגרמים,0.00,"ק""ג",true,0,15.90,15.90,true,1,
7290000960395,true,תפוח גרנד סמיט אורגני,,IL,תפוח סמיט אורגנ,קילוגרמים,0.00,"ק""ג",true,0,20.90,20.90,true,1,
7290000960548,true,מלפפון אורגני,,IL,מלפפון אורגני,קילוגרמים,0.00,"ק""ג",true,0,11.90,11.90,true,1,
7290000960760,true,פלפל אדום אורגני,,IL,פלפל אדום אורגני,קילוגרמים,0.00,"ק""ג",true,0,13.90,13.90,true,1,
7290000960906,true,בצל יבש אורגני,,IL,בצל יבש אורגני,קילוגרמים,0.00,"ק""ג",true,0,9.90,9.90,true,1,
7290000961279,true,פלפל צהוב אורגני,,IL,פלפל צהוב אורגני,קילוגרמים,0.00,"ק""ג",true,0,15.90,15.90,true,1,
7290000961446,true,פלפל כתום אורגני,,IL,פלפל כתום אורגני,קילוגרמים,0.00,"ק""ג",true,0,14.90,14.90,true,1,
7290000965598,true,בטטה אורגני,,IL,בטטה אורגני,קילוגרמים,0.00,"ק""ג",true,0,13.90,13.90,true,1,
7290000965765,true,תפוחזהוב אורגנ,,IT,תפוחזהוב אורגנ,קילוגרמים,0.00,"ק""ג",true,0,20.90,20.90,true,1,
7290000965772,true,בננה אורגנית,,IL,בננה אורגנית,קילוגרמים,0.00,"ק""ג",true,0,12.90,12.90,true,1,
7290000965819,true,פאפיה אורגני,,IL,פאפיה אורגני,קילוגרמים,0.00,"ק""ג",true,0,33.90,33.90,true,1,
7290000965826,true,לימון אורגני,,IL,לימון אורגני,קילוגרמים,0.00,"ק""ג",true,0,11.90,11.90,true,1,
7290000965888,true,ליים אורגני,,IL,ליים אורגני,קילוגרמים,0.00,"ק""ג",true,0,17.90,17.90,true,1,
7290000965956,true,רימון אורגני,,IL,רימון אורגני,קילוגרמים,0.00,"ק""ג",true,0,15.90,15.90,true,1,
7290000967509,true,תפוח אדמה אורגני,,IL,תפוח אדמה אורגני,קילוגרמים,0.00,"ק""ג",true,0,8.90,8.90,true,1,
7290000969367,true,עגבנ.שרי אורגני,,IL,עגבנ.שרי אורגני,קילוגרמים,0.00,"ק""ג",true,0,26.90,26.90,true,1,
7290000972800,true,אשכולית אדומה,,IL,אשכולית אדומה,קילוגרמים,0.00,"ק""ג",true,0,10.90,10.90,true,1,
7290000976679,true,חציל אורגני,,IL,חציל אורגני,קילוגרמים,0.00,"ק""ג",true,0,13.90,13.90,true,1,
7290000992013,true,פלפל רומירו אורג,,IL,פלפל רומירו אורג,קילוגרמים,0.00,"ק""ג",true,0,23.90,23.90,true,1,
7290000994147,true,שומר אורגני,,IL,שומר אורגני,קילוגרמים,0.00,"ק""ג",true,0,13.90,13.90,true,1,
7290000994215,true,קולורבי אורגני במשקל,,IL,קולורבי אורגני,קילוגרמים,0.00,"ק""ג",true,0,11.90,11.90,true,1,
7290000994604,true,דלעת ערמונים,,IL,דלעת ערמונים,קילוגרמים,0.00,"ק""ג",true,0,20.90,20.90,true,1,
7290000994741,true,אפרסמון אורגני,,IL,אפרסמון אורגני,קילוגרמים,0.00,"ק""ג",true,0,35.90,35.90,true,1,
7290000994819,true,קלמנטינה אורגנית,,IL,קלמנטינה אורגנית,קילוגרמים,0.00,"ק""ג",true,0,11.90,11.90,true,1,
7290000994956,true,מלון אורגני,,IL,מלון אורגני,קילוגרמים,0.00,"ק""ג",true,0,15.90,15.90,true,1,
7290000995021,true,תפוח  גאלה אורגנ,,IT,תפוח  גאלה אורגנ,קילוגרמים,0.00,"ק""ג",true,0,20.90,20.90,true,1,
7290001164266,false,גרנולה ממותקת,,IL,גרנולה ממותקת,גרמים,500.00,100 גרם,false,0,19.90,3.98,true,1,
7290001164273,false,חגיגת גרנולה,,IL,חגיגת גרנולה,גרמים,500.00,100 גרם,false,0,20.20,4.04,true,1,
7290001246900,false,"מסיר שומנים 750 מ""ל",סאסאטק,IL,מסיר שומנים,מיליליטרים,750.00,"100 מ""ל",false,1,17.20,2.29,true,1,
7290001246917,false,"מנקה אמבטיה/כיור 750מ""ל",סאסאטק,IL,מנקה אמבטיה/כיור,מיליליטרים,750.00,"100 מ""ל",false,1,15.50,2.07,true,1,
7290001246955,false,"מנקה פירות וירקות 750מ""ל",סאסאטק,IL,מנקה פירות וירקו,מיליליטרים,750.00,"100 מ""ל",false,1,17.50,2.33,true,1,
7290001246986,false,נוזל לניקוי רב תכליתי1ל,סאסאטק,IL,נוזל לניקוי,ליטרים,1.00,ליטר,false,1,19.90,19.90,true,1,
7290001246993,false,אקופרנד נוזל רצפות4 ליטר,סאסאטק,IL,אקופרנד נוזל,ליטרים,4.00,ליטר,false,1,25.50,6.38,true,1,
7290001427255,false,מיץ תפוחים קשת 1 ליטר,קשת רמת הגולן,IL,מיץ תפוחים קשת,ליטרים,1.00,ליטר,false,0,17.90,17.90,true,1,
7290001427453,false,מיץ תפוחי פינק ליידי 1 ל,פריניב,IL,מיץ תפוחים פינק,ליטרים,1.00,ליטר,false,1,21.90,21.90,true,1,
7290001507063,false,פתי בר קמח מלא אורגני200,השדה מוצרים אורגניים,IL,פתי בר אורגני,גרמים,200.00,100 גרם,false,0,7.90,3.95,true,1,
7290001507070,false,פתי בר חרובים טבעי200גרם,השדה מוצרים אורגניים,IL,פתי בר אורגני,גרמים,200.00,100 גרם,false,0,7.90,3.95,true,1,
7290001507162,false,אובלטים שומשום אורגני100,אם החיטה,IL,אובלטים שומשום,גרמים,100.00,100 גרם,false,0,9.50,9.50,true,1,
7290001507360,false,אובלטים ק.כוסמין אורג100,אם החיטה,IL,אובלטים כוסמין,גרמים,100.00,100 גרם,false,0,11.90,11.90,true,1,
7290002040088,false,קוסקוס מלא 350 גרם,קוסקוס מזון,IL,קוסקוס מלא,גרמים,350.00,100 גרם,false,0,6.90,1.97,true,1,
7290002196174,false,מזון מלכות 35.000 450 גר,"משק דבורים לין בע""\מ",IL,מזון מלכות,גרמים,450.00,100 גרם,false,0,75.00,16.67,true,1,
7290002196730,false,חרוסת,,,חרוסת,גרמים,250.00,100 גרם,false,0,12.10,4.84,true,1,
7290002196990,false,טחינה מלא אורג.אתיופי700,"משק דבורים לין בע""\מ",IL,טחינה מלאה,גרמים,700.00,100 גרם,false,0,37.90,5.42,true,1,
7290002320487,false,"מעדן 100% מישמש ללת""ס284",בית יצחק,IL,מעדן מישמש,גרמים,284.00,100 גרם,false,0,18.90,6.65,true,1,
7290002333098,false,חומוס אורגני 500 גרם,אול אורגני,IL,חומוס אורגני,גרמים,500.00,100 גרם,false,0,13.90,2.78,true,1,
7290002333104,false,בורגול אורגני 500 גרם,אול אורגני,IL,בורגול אורגני,גרמים,500.00,100 גרם,false,0,8.90,1.78,true,1,
7290002333128,false,"קמח מלא אורגני 1 ק""ג 1",טחנת קמח יפו,IL,קמח מלא אורגני,קילוגרמים,1.00,"ק""ג",false,0,14.90,14.90,true,1,
7290002333319,false,קמח שיפון מלא אורגני 1 ק,טחנת קמח יפו,IL,"קמח שיפון 1 ק""ג",קילוגרמים,1.00,"ק""ג",false,0,16.90,16.90,true,1,
7290002333456,false,גריסי פנינה אורגני 500גר,אול אורגני,IL,גריסי פנינה,גרמים,500.00,100 גרם,false,0,8.90,1.78,true,1,
7290002333463,false,שעועית מש הרדוף 500 גרם,אול אורגני,IL,שעועית מש אורגני,גרמים,500.00,100 גרם,false,0,14.90,2.98,true,1,
7290002333494,false,שעועית אורגנית,,IL,שעועית אורגנית,גרמים,500.00,100 גרם,false,0,12.90,2.58,true,1,
7290002333500,false,עדשים אדומים אורגני500גר,אול אורגני,IL,עדשים אורגני,גרמים,500.00,100 גרם,false,0,11.90,2.38,true,1,
7290002333678,false,שומשום מלא אורגנ,,IL,שומשום מלא אורגנ,גרמים,300.00,100 גרם,false,0,12.90,4.30,true,1,
7290002333692,false,דוחן אורגני הרדוף 500גרם,אול אורגני,IL,דוחן אורגני,גרמים,500.00,100 גרם,false,0,10.90,2.18,true,1,
7290002333951,false,עדשים ירוקים אורגני500גר,אול אורגני,IL,עדשים אורגניים,גרמים,500.00,100 גרם,false,0,13.90,2.78,true,1,
7290002333982,false,שעועית לבנה אורגנית500גר,אול אורגני,IL,שעועית אורגנית,גרמים,500.00,100 גרם,false,0,10.90,2.18,true,1,
7290002333999,false,גרעיני חמניות 300 גרם,אול אורגני,IL,גרעיני חמניות,גרמים,300.00,100 גרם,false,0,10.90,3.63,true,1,
7290002544227,false,ממרח זיתים שחורים 180גרם,מוטי שף,IL,ממרח זיתים שחור,גרמים,180.00,100 גרם,false,0,19.90,11.06,true,1,
7290002703747,false,דבש אורגני מפרחי בר500גר,נאימן,AR,דבש מפרחי בר,גרמים,500.00,100 גרם,false,1,34.90,6.98,true,1,
7290003070077,false,טחינה שומשום מלא,,IL,טחינה שומשום מלא,גרמים,700.00,100 גרם,false,0,42.90,6.13,true,1,
7290003070084,false,טחינה שומשום מלא,,,טחינה שומשום מלא,גרמים,350.00,100 גרם,false,0,26.90,7.69,true,1,
7290003434657,false,אשכולות אגוז לוז+חמוצ120,,IL,אשכולות אגוזים,גרמים,120.00,100 גרם,false,1,13.90,11.58,true,1,
7290003520572,false,מטריות שוקולד,,,מטריות שוקולד,גרמים,54.00,100 גרם,false,0,14.90,27.59,true,1,
7290003726011,false,טופו במרקם רך,,IL,טופו במרקם רך,גרמים,300.00,100 גרם,false,0,12.90,4.30,true,1,
7290003726110,false,טופו אורגני,,IL,טופו אורגני,גרמים,300.00,100 גרם,false,0,14.50,4.83,true,1,
7290003726301,false,נשנושי קוקוס פיסטוק 300ג,קינג דיויד,IL,נשנושי אנרגיה,גרמים,300.00,100 גרם,false,1,26.90,8.97,true,1,
7290003726424,false,טופו פסטרמה,,IL,טופו פסטרמה,גרמים,200.00,100 גרם,false,0,19.90,9.95,true,1,
7290003726745,false,קציצות טופו עם סלק 400 ג,משק ויילר,IL,קציצות טופו סלק,גרמים,400.00,100 גרם,false,1,19.90,4.98,true,1,
7290003726769,false,קציצות טופו בטטה וגזר400,משק ויילר,IL,קציצות טופו,גרמים,400.00,100 גרם,false,1,19.90,4.98,true,1,
7290003726776,false,שניצל טופו בטעם עוף420ג,"פרה מזון בע""\מ",IL,שניצל טופו,גרמים,420.00,100 גרם,false,1,19.90,4.74,true,1,
7290003726783,false,שניצל טופו עם תירס 420 ג,"פרה מזון בע""\מ",IL,שניצל טופו,גרמים,420.00,100 גרם,false,1,19.90,4.74,true,1,
7290003726806,false,שניצל טופו עם ברוקולי420,פרה מזון,IL,שניצל טופו,גרמים,420.00,100 גרם,false,1,19.90,4.74,true,1,
7290003976003,false,נוזל ניקוי אסלה 1 ליטר,סאסאטק,IL,נוזל ניקוי אסלה,ליטרים,1.00,ליטר,false,1,14.10,14.10,true,1,
7290003976010,false,מרכך כביסה אקולו 4ליטר,סאסטרק,IL,מרכך כביסה,ליטרים,4.00,ליטר,false,1,28.80,7.20,true,1,
7290003976058,false,מרכך חבצלת אקופרנד 1ל,סאסאטק,IL,מרכך כביסה חבצלת,ליטרים,1.00,ליטר,false,1,19.90,19.90,true,1,
7290003976089,false,אקופרנד ג'ל כביסה 4 ליטר,סאסטרק,IL,ג'ל כביסה,ליטרים,4.00,ליטר,false,1,43.50,10.88,true,1,
7290003976096,false,ג'ל כביסה מרוכז 1 ליטר,סאסטרק,IL,ג'ל כביסה מרוכז,ליטרים,1.00,ליטר,false,1,19.50,19.50,true,1,
7290003976300,false,מטליות רב פעמיות 100 יח,נטורפוד,IL,מטליות רב פעמיות,יחידה,1.00,יחידה,false,1,22.00,22.00,true,1,
7290003976331,false,מנקה ומחטא אקופרנד 750מל,סאסאטק,IL,מנקה ומחטא,מיליליטרים,750.00,"100 מ""ל",false,1,16.90,2.25,true,1,
7290004023041,false,לחם מחמצת שיפון,,IL,לחם מחמצת שיפון,גרמים,750.00,100 גרם,false,0,14.90,1.99,true,1,
7290004067441,false,"מעדן 100% תפוז ללת""ס284ג",בית יצחק,IL,מעדן תפוז,גרמים,284.00,100 גרם,false,0,18.90,6.65,true,1,
7290004067656,false,"מע.פירות יער100%ללת""ס284",בית יצחק,IL,מעדן פירות יער,גרמים,284.00,100 גרם,false,1,18.90,6.65,true,1,
7290004125585,false,משקה סויה בטעם וניל 1 לי,סוי מג'יק,IL,משקה סויה וניל,ליטרים,1.00,ליטר,false,0,11.90,11.90,true,1,
7290004130794,false,משקה סויה במתיקות מופחתת,סוי מג'יק,IL,משקה סויה,ליטרים,1.00,ליטר,false,0,11.90,11.90,true,1,
7290004132552,false,משקה סויה לייט 1ל,סוי מג'יק,IL,משקה סויה,ליטרים,1.00,ליטר,false,0,11.90,11.90,true,1,
7290004232894,false,שוקיים עוף קפוא,,,שוקיים עוף קפוא,קילוגרמים,0.00,"ק""ג",true,0,83.20,83.20,true,1,
7290004339630,false,סייטן,,IL,סייטן,גרמים,350.00,100 גרם,false,0,20.90,5.97,true,1,
7290004339784,false,המבורגר ניו יורק,,IL,המבורגר ניו יורק,גרמים,400.00,100 גרם,false,0,25.90,6.48,true,1,
7290004952785,false,פריכיות אורגניות,,IL,פריכיות אורגניות,גרמים,100.00,100 גרם,false,0,13.90,13.90,true,1,
7290004952792,false,פריכיות אורז דק.ארגני100,הרדוף,IL,פריכיות אורגני,גרמים,100.00,100 גרם,false,0,13.90,13.90,true,1,
7290005416095,false,גבינת עזים 5% טל,,IL,גבינת עזים 5% טל,גרמים,200.00,100 גרם,false,0,15.50,7.75,true,1,
7290005416262,false,יוגורט עיזים תות,,IL,יוגורט עיזים תות,מיליליטרים,500.00,"100 מ""ל",false,0,14.90,2.98,true,1,
7290005416279,false,יוגורט עיזים,,IL,יוגורט עיזים,מיליליטרים,500.00,"100 מ""ל",false,0,14.90,2.98,true,1,
7290005416286,false,יוגורט עיזים,,IL,יוגורט עיזים,מיליליטרים,500.00,"100 מ""ל",false,0,14.90,2.98,true,1,
7290005416415,false,יוגורט עזים טבעי,,IL,יוגורט עזים טבעי,גרמים,200.00,100 גרם,false,0,6.50,3.25,true,1,
7290005416491,false,יוגורט מחלב עיזי,,IL,יוגורט מחלב עיזי,מיליליטרים,750.00,"100 מ""ל",false,0,17.90,2.39,true,1,
7290005697517,false,"יוגורט עיזים ביו500 מ""ל",מחלבת גלילי,IL,יוגורט עיזים ביו,מיליליטרים,500.00,"100 מ""ל",false,1,14.90,2.98,true,1,
7290005697524,false,יוגורט עיזים תמר ביו500מ,מחלבת גלילי,IL,יוגורט עיזים תמר,מיליליטרים,500.00,"100 מ""ל",false,1,14.90,2.98,true,1,
7290005697531,false,יוגורט עיזים תות ביו500מ,מחלבת גלילי,IL,יוגורט עיזים תות,מיליליטרים,500.00,"100 מ""ל",false,1,14.90,2.98,true,1,
7290005697555,false,יוגורט עיזים ביו1ליטר,מחלבת גלילי,IL,יוגורט עיזים ביו,ליטרים,1.00,ליטר,false,1,20.90,20.90,true,1,
7290005697630,false,יוג.עיזים תאנים ביו500מל,מחלבת גלילי,IL,יוגורט עיזים,מיליליטרים,500.00,"100 מ""ל",false,1,14.90,2.98,true,1,
7290005697814,false,יוגורט אורגני 1 ליטר,,IL,יוגורט אורגני,ליטרים,1.00,ליטר,false,1,22.90,22.90,true,1,
7290006541949,false,ממרח ארטישוק,,IL,ממרח ארטישוק,גרמים,180.00,100 גרם,false,0,19.90,11.06,true,1,
7290006559388,false,יורט ביו ביו5% בופאלו850,מחלבת חוות הבופאלו,IL,יורט ביו ביו,גרמים,850.00,100 גרם,false,0,25.50,3.00,true,1,
7290006559692,false,גבינת קדם,,IL,גבינת קדם,גרמים,500.00,100 גרם,false,0,24.90,4.98,true,1,
7290006559784,false,דבקה גבינה צ'רקסית 250גר,מחלבת חוות הבופאלו,IL,גבינה צ'רקסית,גרמים,250.00,100 גרם,false,1,27.90,11.16,true,1,
7290006559807,false,בלה מוצרלה 18% שומן150גר,מחלבת חוות הבופאלו,IL,בלה מוצרלה,גרמים,150.00,100 גרם,false,1,26.90,17.93,true,1,
7290006577511,false,גבינה פטה,,IL,גבינה פטה,גרמים,200.00,100 גרם,false,0,33.50,16.75,true,1,
7290006577658,false,ברינזה עיזים אורגני 200ג,מחלבת גלילי,IL,ברינזה עיזים,גרמים,200.00,100 גרם,false,0,33.50,16.75,true,1,
7290006577665,false,גבינה מעודנת ביו,,IL,גבינה מעודנת ביו,גרמים,200.00,100 גרם,false,0,19.50,9.75,true,1,
7290006577986,false,יוגורט ביו,,IL,יוגורט ביו,מיליליטרים,500.00,"100 מ""ל",false,0,16.60,3.32,true,1,
7290006660602,false,מי קוקוס אורגני 1 ליטר,גרין קוקו,VN,מי קוקוס אורגני,ליטרים,1.00,ליטר,false,1,20.90,20.90,true,1,
7290006855183,false,ברבריא תמרים+אגוזים30*4ג,,IL,חטיפי ברבריא 4יח,גרמים,120.00,100 גרם,false,0,15.80,13.17,true,1,
7290008263023,false,פוסילי אורגני 500 גרם,הרדוף,IT,פוסילי אורגני,גרמים,500.00,100 גרם,false,0,11.90,2.38,true,1,
7290008263054,false,ספגטי קמח מלא אורגני500ג,הרדוף,IT,ספגטי קמח מלא,גרמים,500.00,100 גרם,false,0,11.90,2.38,true,1,
7290008263597,false,קוואקר אורגני 500 גרם,אול אורגני,IL,קוואקר אורגני,גרמים,500.00,100 גרם,false,0,11.90,2.38,true,1,
7290008263719,false,טחינה אורגנית 400 גרם,אחדות,IL,טחינה אורגנית,גרמים,400.00,100 גרם,false,0,17.90,4.48,true,1,
7290008425032,false,גבינת פטה אורגני,,IL,גבינת פטה אורגני,גרמים,200.00,100 גרם,false,0,27.90,13.95,true,1,
7290008425094,false,יוגורט ביו אורגנ,,IL,יוגורט ביו אורגנ,ליטרים,1.00,ליטר,false,0,28.90,28.90,true,1,
7290008425124,false,יוגורט לאסי,,IL,יוגורט לאסי,מיליליטרים,500.00,"100 מ""ל",false,0,15.90,3.18,true,1,
7290008425155,false,שמן זית אורגני,,IL,שמן זית אורגני,מיליליטרים,750.00,"100 מ""ל",false,0,59.90,7.99,true,1,
7290008425186,false,זיתים אורגניים,,IL,זיתים אורגניים,גרמים,400.00,100 גרם,false,0,21.90,5.48,true,1,
7290008425490,false,נקטר משמש,,IL,נקטר משמש,ליטרים,1.00,ליטר,false,0,24.20,24.20,true,1,
7290008425575,false,סילאן,,IL,סילאן,גרמים,710.00,100 גרם,false,0,41.90,5.90,true,1,
7290008425681,false,זיתים אורגניים,,IL,זיתים אורגניים,גרמים,400.00,100 גרם,false,0,21.90,5.48,true,1,
7290008425704,false,נקטר שזיף אורגני,,IL,נקטר שזיף אורגני,ליטרים,1.00,ליטר,false,0,24.20,24.20,true,1,
7290008989473,false,ממרח חרובים,,IL,ממרח חרובים,גרמים,350.00,100 גרם,false,0,16.90,4.83,true,1,
7290008989671,false,ציפוי עדיף פריך,,IL,ציפוי עדיף פריך,גרמים,250.00,100 גרם,false,0,12.90,5.16,true,1,
7290008989749,false,פריכיות קינואה,,IL,פריכיות קינואה,גרמים,200.00,100 גרם,false,0,14.90,7.45,true,1,
7290009137897,true,אבוקדו במשקל,,IL,אבקודו גליל,קילוגרמים,0.00,"ק""ג",true,1,19.90,19.90,true,1,
7290009694598,true,עוגיות קוקוס,,IL,עוגיות קוקוס,גרמים,300.00,100 גרם,false,0,26.90,8.97,true,1,
7290009953060,true,אגוז ברזיל,,,אגוז ברזיל,קילוגרמים,0.00,"ק""ג",true,0,95.00,95.00,true,1,
7290009953114,true,פקאן קלוף טבעי,,,פקאן קלוף טבעי,קילוגרמים,0.00,"ק""ג",true,0,114.00,114.00,true,1,
7290009953138,true,צימוקים לבנים,,,צימוקים לבנים,קילוגרמים,0.00,"ק""ג",true,0,44.00,44.00,true,1,
7290009953145,true,צנובר,,,צנובר,קילוגרמים,0.00,"ק""ג",true,0,185.00,185.00,true,1,
7290009953220,true,שקד אמריקאי,,,שקד אמריקאי,קילוגרמים,0.00,"ק""ג",true,0,86.00,86.00,true,1,
7290009953251,true,תפוח עץ מיובש,,,תפוח עץ מיובש,קילוגרמים,0.00,"ק""ג",true,0,60.00,60.00,true,1,
7290009953350,true,דובדבן שחור,,,דובדבן שחור,קילוגרמים,0.00,"ק""ג",true,0,104.00,104.00,true,1,
7290009953510,true,קשיו,,,קשיו,קילוגרמים,0.00,"ק""ג",true,0,69.00,69.00,true,1,
7290009953527,true,פיסטוק מקולף,,,פיסטוק מקולף,קילוגרמים,0.00,"ק""ג",true,0,160.00,160.00,true,1,
7290009953541,true,זנגביל דל סוכר,,,זנגביל דל סוכר,קילוגרמים,0.00,"ק""ג",true,0,41.00,41.00,true,1,
7290009953565,true,"אננס ללת""ס במשקל",,,"אננס ללת""ס במשקל",קילוגרמים,0.00,"ק""ג",true,0,99.00,99.00,true,1,
7290009953589,true,חמוציות רכז תפוח,,,חמוציות רכז תפוח,קילוגרמים,0.00,"ק""ג",true,0,53.00,53.00,true,1,
7290009958515,true,"תפו""ע קנדין אורגני במשקל",,IT,תפוח עץ קנדין,קילוגרמים,0.00,"ק""ג",true,1,20.90,20.90,true,1,
7290010032303,false,דבש פרחי הדר,,IL,דבש פרחי הדר,גרמים,500.00,100 גרם,false,0,28.80,5.76,true,1,
7290010032310,false,דבש פרחי בר,,IL,דבש פרחי בר,גרמים,500.00,100 גרם,false,0,28.80,5.76,true,1,
7290010032327,false,דבש אקליפטוס,,IL,דבש אקליפטוס,גרמים,500.00,100 גרם,false,0,28.80,5.76,true,1,
7290010032334,false,דבש זעתר,,IL,דבש זעתר,גרמים,500.00,100 גרם,false,0,28.80,5.76,true,1,
7290010032341,false,דבש אשל 500 גרם,,IL,דבש אשל 500 גרם,גרמים,500.00,100 גרם,false,0,28.80,5.76,true,1,
7290010032402,false,דבש פרחי הדר,,IL,דבש פרחי הדר,קילוגרמים,1.00,"ק""ג",false,0,55.90,55.90,true,1,
7290010032419,false,דבש פרחי בר,,IL,דבש פרחי בר,קילוגרמים,1.00,"ק""ג",false,0,55.90,55.90,true,1,
7290010032426,false,דבש אקליפטוס,,IL,דבש אקליפטוס,קילוגרמים,1.00,"ק""ג",false,0,55.90,55.90,true,1,
7290010032433,false,"דבש זעתר 1 ק""ג",,IL,"דבש זעתר 1 ק""ג",קילוגרמים,1.00,"ק""ג",false,0,55.90,55.90,true,1,
7290010032716,false,קרם דבש פרחי בר,,IL,קרם דבש פרחי בר,גרמים,400.00,100 גרם,false,0,33.50,8.38,true,1,
7290010328819,false,"ממרח טחינה שוק.ללת""ס400ג",אחדות,IL,ממרח טחינה,גרמים,400.00,100 גרם,false,1,14.90,3.73,true,1,
7290010329854,false,"מיני קוקיס חמאה ללת""ס600",כרמית,IL,מיני קוקיס חמאה,גרמים,600.00,100 גרם,false,0,21.90,3.65,true,1,
7290010513727,false,פנקו פרוי לחם,,CN,פנקו פרוי לחם,גרמים,200.00,100 גרם,false,0,9.80,4.90,true,1,
7290010561711,false,אבקה להכנת קפה 30 גרם,אשבל,IL,אבקה להכנת קפה,גרמים,30.00,100 גרם,false,1,10.90,36.33,true,1,
7290010561728,false,אבקה להכנת משקה שוקו 40,אשבל,IL,אבקה משקה שוקו,גרמים,40.00,100 גרם,false,1,10.90,27.25,true,1,
7290010561780,false,אבקת הכנת פודינג וניל35ג,אשבל,IL,אבקת פודינג,גרמים,35.00,100 גרם,false,1,10.90,31.14,true,1,
7290010561797,false,אבקת להכנת פודינג 43 גרם,אשבל,IL,אבקת פודינג,גרמים,43.00,100 גרם,false,1,10.90,25.35,true,1,
7290010701568,false,תערובת להכנת ת.בשר130ג,,IL,תערובת חלבון,גרמים,130.00,100 גרם,false,1,30.90,23.77,true,1,
7290010701575,false,תערובת על בסיס חלבון130ג,,IL,תערובת חלבון,גרמים,130.00,100 גרם,false,1,30.90,23.77,true,1,
7290010814695,false,"שוקולד מריר ללת""ס 85 גרם","כרמית תעשיות ממתקים בע""\",IL,שוקולד מריר,גרמים,85.00,100 גרם,false,0,7.90,9.29,true,1,
7290010814701,false,"שוקולד חלב ללת""ס 85 גרם","כרמית תעשיות ממתקים בע""\",IL,שוקולד חלב,גרמים,85.00,100 גרם,false,0,7.90,9.29,true,1,
7290010970018,false,תמרים מרוסקים 500 גרם,,AE,תמרים מרוסקים,גרמים,500.00,100 גרם,false,1,14.90,2.98,true,1,
7290011426033,false,פשתן טחון - טבע,,IL,פשתן טחון - טבע,גרמים,300.00,100 גרם,false,0,11.00,3.67,true,1,
7290011426040,false,נבט חיטה,,IL,נבט חיטה,גרמים,300.00,100 גרם,false,0,11.00,3.67,true,1,
7290011426057,false,כח לכל טבע,,IL,כח לכל טבע,גרמים,300.00,100 גרם,false,0,37.90,12.63,true,1,
7290011426071,false,פשתן טחון אורגני,,IL,פשתן טחון אורגני,גרמים,300.00,100 גרם,false,0,11.10,3.70,true,1,
7290011426293,false,סובין שבולת שועל,,IL,סובין שבולת שועל,גרמים,500.00,100 גרם,false,0,17.80,3.56,true,1,
7290011426507,false,שמן פשתן,,IL,שמן פשתן,מיליליטרים,400.00,"100 מ""ל",false,0,48.50,12.13,true,1,
7290011426521,false,שמן פשתן אורגני,,IL,שמן פשתן אורגני,מיליליטרים,400.00,"100 מ""ל",false,0,54.90,13.73,true,1,
7290011426576,false,שקדימון,,IL,שקדימון,גרמים,300.00,100 גרם,false,0,42.90,14.30,true,1,
7290011426613,false,שקדימון,,IL,שקדימון,גרמים,200.00,100 גרם,false,0,32.60,16.30,true,1,
7290011473549,false,קמח קינואה אורגני 500 גר,תבואות,BO,קמח קינואה,גרמים,500.00,100 גרם,false,1,18.90,3.78,true,1,
7290011473778,false,משמש מיובש,,TR,משמש מיובש,גרמים,250.00,100 גרם,false,0,20.90,8.36,true,1,
7290011473907,false,סובין חיטה,,IL,סובין חיטה,גרמים,200.00,100 גרם,false,0,4.90,2.45,true,1,
7290011474461,false,"מלח ים עבה 1 ק""ג",,PT,"מלח ים עבה 1 ק""ג",קילוגרמים,1.00,"ק""ג",false,0,21.00,21.00,true,1,
7290011493165,false,תמצית וניל טהורה,,US,תמצית וניל טהורה,מיליליטרים,50.00,"100 מ""ל",false,0,61.90,123.80,true,1,
7290011498092,false,מרציפן נטו 56% 200 גרם,הבאר מעדנים,IL,מרציפן 56%,גרמים,200.00,100 גרם,false,1,21.90,10.95,true,1,
7290011498177,false,ממרח שקד לבן מקולף 700 ג,,IL,ממרח שקד לבן,גרמים,700.00,100 גרם,false,0,67.90,9.70,true,1,
7290011498283,false,חמאת בוטנים 700 גרם,,IL,חמאת בוטנים,גרמים,700.00,100 גרם,false,1,26.90,3.84,true,1,
7290011498351,false,חמאת אגוזי לוז 200 גרם,אלמנדוס,IL,חמאת אגוזי לוז,גרמים,200.00,100 גרם,false,1,24.90,12.45,true,1,
7290011498726,false,שמן שקדים100%,,IL,שמן שקדים100%,מיליליטרים,250.00,"100 מ""ל",false,0,32.90,13.16,true,1,
7290011498894,false,חט.תמר חמאת בוטנים150ג,,IL,חטיפי תמר,גרמים,150.00,100 גרם,false,0,18.90,12.60,true,1,
7290011498900,false,חטיף תמר+חמאת שקד 150 גר,שקד תבור,IL,חטיפי תמר,גרמים,150.00,100 גרם,false,0,18.90,12.60,true,1,
7290011498917,false,חטיפי תמר+קוקוס מצופ150ג,,AR,חטיפי תמר מארז,גרמים,150.00,100 גרם,false,0,19.90,13.27,true,1,
7290011498955,false,אגוזי אדמה חמאת בוטנ300ג,שקרצי,IL,חמאת בוטנים,גרמים,300.00,100 גרם,false,0,13.90,4.63,true,1,
7290011498962,false,שקד לבן בכבישה קרה 300 ג,מרכז השקד,IL,שקד לבן כבישה קר,גרמים,300.00,100 גרם,false,0,34.90,11.63,true,1,
7290011498986,false,חטיף תמרים+חמאת קשיו150ג,שקד תבור,IL,חטיף תמרים,גרמים,150.00,100 גרם,false,0,18.90,12.60,true,1,
7290011498993,false,חמאת קשיו  100% ממרח300ג,שקד תבור,IL,חמאת קשיו  100%,גרמים,300.00,100 גרם,false,0,29.90,9.97,true,1,
7290011552015,false,"מנטרל ריח טבעי 150 מ""ל",RAN           רן בוטניקל,,מנטרל ריח טבעי,מיליליטרים,150.00,"100 מ""ל",false,0,29.60,19.73,true,1,
7290011830007,false,סוכר קנים חום,,IN,סוכר קנים חום,קילוגרמים,1.00,"ק""ג",false,0,13.00,13.00,true,1,
7290011830144,false,פתיתים אורגנים,,IL,פתיתים אורגנים,גרמים,400.00,100 גרם,false,0,18.90,4.73,true,1,
7290011830168,false,פירורי לחם ארגנ.כסמין200,חטיפים מן הטבע,IL,פירורי לחם,גרמים,200.00,100 גרם,false,0,13.90,6.95,true,1,
7290011830182,false,פסטה פוזילי כוסמין אורגנ,לנסי,IT,פסטה פוזילי כוסמ,גרמים,400.00,100 גרם,false,0,20.90,5.23,true,1,
7290011830236,false,בייגלה אורגני,,IL,בייגלה אורגני,גרמים,200.00,100 גרם,false,0,16.90,8.45,true,1,
7290011830243,false,אטריות מאורז תאילנדי250ג,השדה מוצרים אורגניים,CN,אטריות אורז תאי,גרמים,250.00,100 גרם,false,0,16.90,6.76,true,1,
7290011830250,false,אטריות כוסמת לל.גלוטן250,השדה מוצרים אורגניים,CN,אטריות כוסמת,גרמים,250.00,100 גרם,false,0,18.90,7.56,true,1,
7290011830274,false,אטריות מאורז שחור 250 גר,השדה מוצרים אורגניים,CN,אטריות אורז שחור,גרמים,250.00,100 גרם,false,0,18.90,7.56,true,1,
7290011830564,false,פתי בר כוסמין,,IL,פתי בר כוסמין,גרמים,180.00,100 גרם,false,0,13.00,7.22,true,1,
7290011830601,false,פינגווינים אורגנ,,IT,פינגווינים אורגנ,גרמים,400.00,100 גרם,false,0,14.50,3.63,true,1,
7290011830830,false,צ'יקי מאנקי חטיף בוטנ20ג,סנקי,IL,צ'יקי מאנקי,גרמים,20.00,100 גרם,false,0,3.90,19.50,true,1,
7290011830991,false,חטיף בוטנים,,IL,חטיף בוטנים,גרמים,60.00,100 גרם,false,0,7.00,11.67,true,1,
7290011878351,false,תמר מג'הול,,IL,תמר מג'הול,גרמים,400.00,100 גרם,false,0,27.90,6.98,true,1,
7290011878597,false,שיטה גבינה בולגר,,IL,שיטה גבינה בולגר,גרמים,200.00,100 גרם,false,0,30.90,15.45,true,1,
7290011878924,false,מעדן מדברי שזיף אורגני30,טבעית,IL,חטיף מעדן מדברי,גרמים,30.00,100 גרם,false,1,8.90,29.67,true,1,
7290011878931,false,מעדן מדברי משמש אורגני30,טבעית,IL,חטיף מעדן מדברי,גרמים,30.00,100 גרם,false,1,8.90,29.67,true,1,
7290011923303,false,טופו בטעם טבעי,,IL,טופו בטעם טבעי,גרמים,300.00,100 גרם,false,0,11.90,3.97,true,1,
7290011971694,false,ספגטי טריקולור,,IT,ספגטי טריקולור,גרמים,500.00,100 גרם,false,0,15.90,3.18,true,1,
7290012052316,false,גרנולה תענוג שפע פירות1ק,רפאלס,IL,גרנולה,קילוגרמים,1.00,"ק""ג",false,1,26.90,26.90,true,1,
7290012052347,false,גרנולה תענוג צימוק/שקד1ק,רפאלס,IL,גרנולה,קילוגרמים,1.00,"ק""ג",false,1,26.90,26.90,true,1,
7290012208362,false,פריכיות כוסמת+טף בהיר135,זן - בר המכללה לטבעונות,IL,פריכיות כוסמת,גרמים,135.00,100 גרם,false,1,12.90,9.56,true,1,
7290012208386,false,סוכר אורג.פרח הקוקוס300ג,פונדוק דאיה בוקטג'ה,ID,סוכר אורגני,גרמים,300.00,100 גרם,false,1,16.50,5.50,true,1,
7290012208485,false,פריכיות כוסמין+עדשים120ג,זן - בר המכללה לטבעונות,IL,פריכיות כוסמין,גרמים,120.00,100 גרם,false,1,11.90,9.92,true,1,
7290012208614,false,עגבניות מרוסקות 700 גרם,,IT,עגבניות מרוסקות,גרמים,700.00,100 גרם,false,1,11.90,1.70,true,1,
7290012208768,false,וופל בלגי ללא גלוטן 250ג,מאפה פסח,IL,וופל בלגי,גרמים,250.00,100 גרם,false,1,29.90,11.96,true,1,
7290012208959,false,חלבון סויה מיובש 300 גרם,נאיהואנג יג'\יה פוד רו א,CN,חלבון סויה מיובש,גרמים,100.00,100 גרם,false,0,20.90,20.90,true,1,
7290012349560,false,מלח עבה גבישי הימלאיה,,IL,מלח עבה גבישי,גרמים,500.00,100 גרם,false,0,14.90,2.98,true,1,
7290012475887,false,ממרח קרם טבעוני 150 גרם,,IT,ממרח קרם טבעוני,גרמים,150.00,100 גרם,false,1,24.90,16.60,true,1,
7290012697081,false,סוכרזית סטיוויה 100 שק',ביסקול בע''מ,IL,סוכרזית סטיוויה,גרמים,100.00,100 גרם,false,0,33.50,33.50,true,1,
7290012759017,false,חטיף אנרגיה ממה,,IL,חטיף אנרגיה ממה,גרמים,50.00,100 גרם,false,0,7.90,15.80,true,1,
7290012759253,false,טראפלס תמרים וקקאו 280 ג,,IL,טראפלס תמרים,גרמים,280.00,100 גרם,false,1,31.90,11.39,true,1,
7290012759475,false,חטיף קינואה אננס 30 גרם,,IL,חטיף קינואה אננס,גרמים,30.00,100 גרם,false,1,7.50,25.00,true,1,
7290012803222,false,ופל בלגי ט.לימון ללתס200,"גילרו בע""\מ",IL,וופל בלגי,גרמים,200.00,100 גרם,false,0,9.90,4.95,true,1,
7290012803451,false,"שוק.מריר 62% ללת""ס 100ג",אלטינמארקה,TR,שוקולד מריר62%,גרמים,100.00,100 גרם,false,0,13.10,13.10,true,1,
7290012803765,false,"שוקולד מריר ללת""ס 100גרם",אלטינמארקה,TR,שוקולד מריר,גרמים,100.00,100 גרם,false,0,13.10,13.10,true,1,
7290012803789,false,"שוק.מריר אגוז ללת""ס 100ג",אלטינמארקה,TR,שוקולד מריר אגוז,גרמים,100.00,100 גרם,false,0,13.10,13.10,true,1,
7290012803796,false,"שוק.חלב אגוז ללת""ס 100ג",אלטינמארקה,TR,שוקולד חלב אגוז,גרמים,100.00,100 גרם,false,0,13.10,13.10,true,1,
7290013090157,false,חסה אורגני יחידה,,IL,חסה אורגני,יחידה,1.00,יחידה,false,0,6.90,6.90,true,1,
7290013090225,false,סלרי עלים אורגני יחידה,,IL,סלרי עלים אורגני,יחידה,1.00,יחידה,false,0,11.90,11.90,true,1,
7290013090362,false,עלי מנגולד אורגני יחידה,,IL,עלי מנגולד אורגנ,יחידה,1.00,יחידה,false,0,10.90,10.90,true,1,
7290013090379,false,בצל ירוק אורגני יחידה,,IL,בצל ירוק אורגני,יחידה,1.00,יחידה,false,0,9.90,9.90,true,1,
7290013090485,false,בזיליקום אורגני יח,,IL,בזיליקום אורגני,יחידה,1.00,יחידה,false,0,8.90,8.90,true,1,
7290013090492,false,כוסברה אורגני,,IL,כוסברה אורגני,יחידה,1.00,יחידה,false,0,6.90,6.90,true,1,
7290013090522,false,שמיר אורגני,,IL,שמיר אורגני,יחידה,1.00,יחידה,false,0,6.90,6.90,true,1,
7290013090652,false,מרווה אורגני יח,,IL,מרווה אורגני יח,יחידה,1.00,יחידה,false,1,9.90,9.90,true,1,
7290013121011,false,"חלת שבת לל""ג",,IL,"חלת שבת לל""ג",גרמים,500.00,100 גרם,false,0,23.90,4.78,true,1,
7290013121035,false,לחם פשתן,,IL,לחם פשתן,גרמים,500.00,100 גרם,false,0,20.90,4.18,true,1,
7290013121103,false,רביעיית באגטים,,IL,רביעיית באגטים,גרמים,400.00,100 גרם,false,0,18.90,4.73,true,1,
7290013121127,false,לחמניות מיני,,IL,לחמניות מיני,גרמים,460.00,100 גרם,false,0,18.90,4.11,true,1,
7290013121134,false,בייגל ללא גלוטן,,IL,בייגל ללא גלוטן,גרמים,400.00,100 גרם,false,0,20.90,5.23,true,1,
7290013121158,false,רביעיית לחמניות,,IL,רביעיית לחמניות,גרמים,460.00,100 גרם,false,0,18.90,4.11,true,1,
7290013121769,false,"שליש באגט ללת""ס",,IL,"שליש באגט ללת""ס",גרמים,400.00,100 גרם,false,0,20.90,5.23,true,1,
7290013121776,false,"לחם כפרי ללת""ס",,IL,"לחם כפרי ללת""ס",גרמים,700.00,100 גרם,false,0,20.90,2.99,true,1,
7290013433077,false,גרנולה אגוזים,,IL,גרנולה אגוזים,גרמים,300.00,100 גרם,false,0,18.90,6.30,true,1,
7290013433084,false,גרנולה קשיו,,IL,גרנולה קשיו,גרמים,300.00,100 גרם,false,0,18.90,6.30,true,1,
7290013433107,false,גרנולה,,IL,גרנולה,גרמים,300.00,100 גרם,false,0,18.90,6.30,true,1,
7290013433336,false,גרנולה 48% סופרפוד 300 ג,אפקטבעי,IL,גרנולה סופרפוד,גרמים,300.00,100 גרם,false,1,18.90,6.30,true,1,
7290013433367,false,"קרם קוקוס אורגני 330מ""ל",BETRIMEX,VN,קרם קוקוס אורגני,מיליליטרים,330.00,"100 מ""ל",false,1,12.90,3.91,true,1,
7290013433381,false,משקה קקאו על קוקוס330מל,בן טרה ג'וינט סטוק,VN,משקה קקאו קוקוס,מיליליטרים,330.00,"100 מ""ל",false,1,13.90,4.21,true,1,
7290013453082,false,עוגיות גרנולה,,IL,עוגיות גרנולה,גרמים,230.00,100 גרם,false,0,24.90,10.83,true,1,
7290013453105,false,עוגיות מרוקאיות,,IL,עוגיות מרוקאיות,גרמים,240.00,100 גרם,false,0,19.90,8.29,true,1,
7290013453266,false,מקלוני כוסמין וקצח 200 ג,"דני וגלית בע""מ",IL,מקלוני כוסמין,גרמים,200.00,100 גרם,false,1,20.90,10.45,true,1,
7290013453280,false,מקלוני כוסמין וזעתר200גר,"דני וגלית בע""מ",IL,מקלוני כוסמין,גרמים,200.00,100 גרם,false,1,20.90,10.45,true,1,
7290013453389,false,עוג.ח.בוטנ.תוספ.חלבון180,"דני וגלית בע""מ",IL,עוגיות חמאת בוטנ,גרמים,180.00,100 גרם,false,1,21.90,12.17,true,1,
7290013453419,false,עוג.שוקולד תוספ.חלבון180,FIZER,IL,עוגיות שוקולד,גרמים,180.00,100 גרם,false,1,21.90,12.17,true,1,
7290013453587,false,עוגיות גרנולה ושוקוצ'יפס,"דני וגלית בע""מ",IL,עוגיות גרנולה,גרמים,230.00,100 גרם,false,1,24.90,10.83,true,1,
7290013453600,false,ביסקוטי שוקולד ופירות170,"דני וגלית בע""מ",IL,ביסקוטי שוקולד,גרמים,170.00,100 גרם,false,1,24.90,14.65,true,1,
7290013453624,false,עוגיות שוקולד צ'יפס230גר,"דני וגלית בע""מ",IL,עוג.שוקולד צ'יפס,גרמים,230.00,100 גרם,false,1,26.90,11.70,true,1,
7290013453631,false,עוגיות חמאת בוטנים 200 ג,"דני וגלית בע""מ",IL,עוג.חמאת בוטנים,גרמים,200.00,100 גרם,false,1,26.90,13.45,true,1,
7290013453655,false,עוג.קוקוס לוז קמח שקד230,"דני וגלית בע""מ",IL,עוגיות קוקוס לוז,גרמים,230.00,100 גרם,false,1,26.90,11.70,true,1,
7290013453679,false,עוג.אוכמניות קמח שקד230ג,,IL,עוגיות אוכמניות,גרמים,230.00,100 גרם,false,1,26.90,11.70,true,1,
7290013521101,false,פסטה כוסמין,,HU,פסטה כוסמין,גרמים,350.00,100 גרם,false,0,20.90,5.97,true,1,
7290013521187,false,ספגטי עדשים אדומות 250 ג,,IT,ספגטי עדשים,גרמים,250.00,100 גרם,false,0,14.90,5.96,true,1,
7290013521224,false,ספגטי כוסמת אורגני 250 ג,אנדריאני,IT,ספגטי כוסמת,גרמים,250.00,100 גרם,false,0,14.90,5.96,true,1,
7290013521385,false,רסק תפוחים אורגנ,,NL,רסק תפוחים אורגנ,גרמים,700.00,100 גרם,false,0,18.90,2.70,true,1,
7290013521415,false,אבקת מרק אורגנית,,NL,אבקת מרק אורגנית,גרמים,200.00,100 גרם,false,0,22.90,11.45,true,1,
7290013521422,false,סוכר קנים אורגני,,IL,סוכר קנים אורגני,קילוגרמים,1.00,"ק""ג",false,0,16.90,16.90,true,1,
7290013521491,false,קטשופ אורגני,,US,קטשופ אורגני,גרמים,568.00,100 גרם,false,0,18.90,3.33,true,1,
7290013521835,false,פסטה כוסמין פוזילי 300גר,רדי,HU,פסטה כוסמין,גרמים,300.00,100 גרם,false,1,19.90,6.63,true,1,
7290013521842,false,"חטיף אפוי מתפו""א 65 גרם","סיבי, נובי פריס",SK,"חטיף תפו""א אפוי",גרמים,65.00,100 גרם,false,1,13.90,21.38,true,1,
7290013521859,false,"חטיף תפו""א+ירקות 65 גרם","סיבי, נובי פריס",SK,"חטיף תפו""א+ירקות",גרמים,65.00,100 גרם,false,1,13.90,21.38,true,1,
7290013521866,false,"חטיף תפו""א אפוי 65 גרם","סיבי, נובי פריס",SK,"חטיף תפו""א אפוי",גרמים,65.00,100 גרם,false,1,13.90,21.38,true,1,
7290013521873,false,סוכר קוקוס אורגני 300 גר,סנקי,ID,סוכר קוקוס,גרמים,300.00,100 גרם,false,1,17.00,5.67,true,1,
7290013521897,false,גליליות מקמח כוסמין100ג,הגביע,IL,גליליות כוסמין,גרמים,100.00,100 גרם,false,1,16.90,16.90,true,1,
7290013645050,false,פרורי לחם,,IL,פרורי לחם,גרמים,300.00,100 גרם,false,0,22.70,7.57,true,1,
7290013645531,false,עוגיות מזרחיות,,IL,עוגיות מזרחיות,גרמים,230.00,100 גרם,false,0,22.70,9.87,true,1,
7290013903150,false,קוביות מנגו מוקפא 300 ג,,RS,קוביות מנגו,גרמים,300.00,100 גרם,false,0,25.90,8.63,true,1,
7290013903594,false,רסק תפוחים טבעי 670 גרם,טעמי הגליל,IL,רסק תפוחים טבעי,גרמים,670.00,100 גרם,false,1,12.90,1.93,true,1,
7290013927101,false,"עוגה ללת""ס תפו""ע 450 גרם","אחדות בע""מ א.ת. ברקן",IL,עוגת תפוח עץ,גרמים,450.00,100 גרם,false,0,14.90,3.31,true,1,
7290013994080,false,פנה מקמח כוסמין,,IT,פנה מקמח כוסמין,גרמים,400.00,100 גרם,false,0,20.90,5.23,true,1,
7290013994301,false,קינואה שחורה אורגנית 500,אול אורגני,IL,קינואה שחורה,גרמים,500.00,100 גרם,false,1,22.90,4.58,true,1,
7290013994370,false,אפונה אורגנית 340 גרם,די איי אף אס אר,IT,אפונה אורגנית,גרמים,340.00,100 גרם,false,1,11.80,3.47,true,1,
7290013994387,false,גרעיני תירס מתוק340גרם,אול אורגני,IT,שימורי תירס,גרמים,340.00,100 גרם,false,1,11.80,3.47,true,1,
7290013994417,false,גרע.שיבולת שועל אורג500ג,אול אורגני,IL,גרעיני שיבולת,גרמים,500.00,100 גרם,false,1,10.90,2.18,true,1,
7290013994424,false,גרעיני כוסמין אורגני500ג,אול אורגני,IL,גרעיני כוסמין,גרמים,500.00,100 גרם,false,1,10.90,2.18,true,1,
7290013994547,false,אורז בסמטי חום אורגני500,אול אורגני,IL,אורז בסמטי חום,גרמים,500.00,100 גרם,false,0,12.90,2.58,true,1,
7290013994554,false,אורז בסמטי לבן אורגני500,אול אורגני,IL,אורז בסמטי לבן,גרמים,500.00,100 גרם,false,0,12.90,2.58,true,1,
7290013994585,false,גרעיני דלעת,,IL,גרעיני דלעת,גרמים,300.00,100 גרם,false,0,16.90,5.63,true,1,
7290013994677,false,עדשים שחורות אורגני 500,אול אורגני,IL,עדשים שחורות,גרמים,500.00,100 גרם,false,0,17.90,3.58,true,1,
7290013994684,false,אפונה ירוק חצויה 500 גרם,אול אורגני,IL,אפונה ירוקה חצוי,גרמים,500.00,100 גרם,false,0,13.90,2.78,true,1,
7290013994752,false,מקלות בייגלה ק.מ+מלח200ג,אם החיטה,IL,מקלות בייגלה,גרמים,200.00,100 גרם,false,1,12.90,6.45,true,1,
7290013994769,false,מקלות בייגלה שומש.ק.מ200,אם החיטה,IL,מקלות בייגלה,גרמים,200.00,100 גרם,false,1,12.90,6.45,true,1,
7290013994776,false,גרגירי תירס קפוא אורג800,פינגווין,BE,גרגירי תירס קפוא,גרמים,800.00,100 גרם,false,1,24.90,3.11,true,1,
7290013994813,false,שעועית שחורה אורגני500גר,אול אורגני,IL,שעועית שחורה,גרמים,500.00,100 גרם,false,1,11.90,2.38,true,1,
7290013994905,false,קמח חיטה 70% אורגני 1 קג,,IL,קמח חיטה 70%,קילוגרמים,1.00,"ק""ג",false,1,15.90,15.90,true,1,
7290013994912,false,קמח כוסמין 70%אורגני 1קג,,IL,קמח כוסמין 70%,קילוגרמים,1.00,"ק""ג",false,1,21.90,21.90,true,1,
7290014001008,false,דבש מהרי ירושלים 500 גרם,"משק דבורים לין בע""\מ",IL,דבש מהרי ירושלים,גרמים,500.00,100 גרם,false,0,33.30,6.66,true,1,
7290014001015,false,"דבש מהרי ירושלים 1 ק""ג","משק דבורים לין בע""\מ",IL,דבש מהרי ירושלים,גרמים,1000.00,100 גרם,false,0,60.60,6.06,true,1,
7290014001930,false,ממרח עגבניות מיובשות185ג,"משק דבורים לין בע""\מ",IL,ממרח עגבניות,גרמים,185.00,100 גרם,false,1,19.90,10.76,true,1,
7290014021501,false,חטיף בננות קראנצי פרי20,לנאקו שוואנגטי פודסטאף,CN,חטיף בננות,גרמים,20.00,100 גרם,false,1,11.90,59.50,true,1,
7290014021532,false,חטיף אגסים קראנצי פרי20,לנאקו שוואנגטי פודסטאף,CN,חטיף אגסים,גרמים,30.00,100 גרם,false,1,11.90,39.67,true,1,
7290014021549,false,חטיף תפוחים קראנצי פרי20,,CN,חטיף תפוחים,גרמים,20.00,100 גרם,false,1,11.90,59.50,true,1,
7290014076426,false,"תמצית סטיוויה 100 מ""ל","שליידר לבורטוריס בע""מ",IL,תמצית סטיוויה,מיליליטרים,100.00,"100 מ""ל",false,1,41.90,41.90,true,1,
7290014451018,false,ספוג שטיפת כלים 4יח,גרין-פלאש,CA,ספוג לכלים 4 יח,יחידה,1.00,יחידה,false,0,13.90,13.90,true,1,
7290014451230,false,נייר אפיה טבעי 30 יח,גרין פלאש,IL,נייר אפיה טבעי,יחידה,1.00,יחידה,false,1,12.90,12.90,true,1,
7290014451247,false,גליל מטליות במבוק 92 מטל,גרין-פלאש,IL,גלי מטליות,יחידה,1.00,יחידה,false,1,15.90,15.90,true,1,
7290014548466,false,פטה 5%,,IL,פטה 5%,גרמים,200.00,100 גרם,false,0,29.50,14.75,true,1,
7290014548497,false,גבינה מעודנת 5%,,IL,גבינה מעודנת 5%,גרמים,200.00,100 גרם,false,0,17.50,8.75,true,1,
7290014548541,false,לאבנה 5%,,IL,לאבנה 5%,גרמים,200.00,100 גרם,false,0,17.50,8.75,true,1,
7290014548572,false,גבינה צ'רקסית,,IL,גבינה צ'רקסית,גרמים,200.00,100 גרם,false,0,23.50,11.75,true,1,
7290014562462,false,תרכיז תפוחים,,IL,תרכיז תפוחים,מיליליטרים,650.00,"100 מ""ל",false,0,30.90,4.75,true,1,
7290014760134,false,מעדן סויה בטעם וניל 125ג,,IL,מעדן סויה וניל,גרמים,125.00,100 גרם,false,1,4.70,3.76,true,1,
7290014760141,false,משקה שקדים טרי 1 ליטר,סוי מג'יק,IL,משקה שקדים,ליטרים,1.00,ליטר,false,1,14.80,14.80,true,1,
7290014762800,false,מעדן סויה טעם שוקולד125ג,סוי מג'יק,IL,מעדן סויה ט.שוקו,גרמים,125.00,100 גרם,false,1,4.70,3.76,true,1,
7290014763272,false,משקה סויה ביו תות בנ250מ,סוי מג'יק,IL,משקה סויה ביו,מיליליטרים,250.00,"100 מ""ל",false,1,6.90,2.76,true,1,
7290014860070,false,מקלוני אורז,,TH,מקלוני אורז,גרמים,454.00,100 גרם,false,0,11.90,2.62,true,1,
7290014860087,false,מקלוני אורז,,TH,מקלוני אורז,גרמים,250.00,100 גרם,false,0,7.90,3.16,true,1,
7290014860247,false,שבבי אורז,,TH,שבבי אורז,גרמים,227.00,100 גרם,false,0,8.90,3.92,true,1,
7290014952898,false,מאמי קר נ.כביסה אקולוגי,מאמי קר,IL,נ.כביסה אקולוגי,ליטרים,2.00,ליטר,false,1,39.90,19.95,true,1,
7290015129121,false,אטריות קונגאק,,CN,אטריות קונגאק,גרמים,270.00,100 גרם,false,0,11.90,4.41,true,1,
7290015129145,false,אטריות קונגאק,,CN,אטריות קונגאק,גרמים,270.00,100 גרם,false,0,11.90,4.41,true,1,
7290015129251,false,פסטה פטוצ'יני קונגאק270ג,סצ'\ואן סנטאיואן,CN,פסטה קונגאק,גרמים,270.00,100 גרם,false,1,11.90,4.41,true,1,
7290015129749,false,פסטה שיב.שועל נודלס270 ג,סצ'\ואן סנטאיואן,CN,פסטה שיבולת שועל,גרמים,270.00,100 גרם,false,1,11.90,4.41,true,1,
7290015139250,false,"שוק.מריר פצפוצי ללת""ס85ג","כרמית תעשיות ממתקים בע""\",IL,שוקולד מריר,גרמים,85.00,100 גרם,false,1,7.90,9.29,true,1,
7290015139267,false,"שוק.מריר שקדים ללת""ס85גר","כרמית תעשיות ממתקים בע""\",IL,שוקולד מריר,גרמים,85.00,100 גרם,false,1,7.90,9.29,true,1,
7290015161244,false,קרם קוקוס אורגני17% שומן,COCOLAND NARA,LK,קרם קוקוס אורגני,מיליליטרים,400.00,"100 מ""ל",false,1,9.90,2.48,true,1,
7290015161329,false,"תער.לחם ש.שועל לל""ג 500ג",הלינסקי מילס אל.טי.די,FI,תערובת לחם שבולת,גרמים,500.00,100 גרם,false,1,28.90,5.78,true,1,
7290015161350,false,אבקת מרק ירקות אורגנ200ג,ויטאם הפה פרודקט,DE,אבקת מרק ירקות,גרמים,200.00,100 גרם,false,1,23.90,11.95,true,1,
7290015161534,false,קוואקר עבה ללא גלוטן400ג,הלינסקי מילס אל.טי.די,DK,"קוואקר עבה לל""ג",גרמים,400.00,100 גרם,false,1,21.90,5.48,true,1,
7290015161565,false,"גרנולה פירות לל""ג300גרם",,IL,גרנולה פירות,גרמים,300.00,100 גרם,false,1,23.90,7.97,true,1,
7290015161572,false,"גרנולה אגוזים לל""ג 300 ג",,IL,גרנולה אגוזים,גרמים,300.00,100 גרם,false,1,23.90,7.97,true,1,
7290015161589,false,קרקר פריך ירקות אורגנ100,אקסטרודו בצ'\יצה,CZ,קרקר פריך,גרמים,100.00,100 גרם,false,1,12.90,12.90,true,1,
7290015161626,false,אבקת אפייה ל.גלוטן 120 ג,,LV,אבקת אפיה אורגני,גרמים,120.00,100 גרם,false,1,14.90,12.42,true,1,
7290015161640,false,סודה לשתייה ל.גלוטן120ג,,LV,סודה לשתייה,גרמים,120.00,100 גרם,false,1,14.90,12.42,true,1,
7290015161763,false,אב.מרק ירקות ל.שמרים200ג,ויטאם הפה פרודקט,DE,אבקת מרק ירקות,גרמים,200.00,100 גרם,false,1,23.90,11.95,true,1,
7290015161831,false,פת פריכה אמרנט ל.ג100ג,אקסטרודו בצ'\יצה,CZ,פת פריכה,גרמים,100.00,100 גרם,false,1,13.90,13.90,true,1,
7290015161848,false,פת פריכ.כוסמ.קינוא100ל.ג,אקסטרודו בצ'\יצה,CZ,פת פריכה,גרמים,100.00,100 גרם,false,1,13.90,13.90,true,1,
7290015161862,false,פת פריכה+ערמונים100ל.ג,אקסטרודו בצ'\יצה,CZ,פת פריכה,גרמים,100.00,100 גרם,false,1,13.90,13.90,true,1,
7290015161879,false,פת פריכה עדשים אדומות100,אקסטרודו בצ'\יצה,CZ,פת פריכה עדשים,גרמים,100.00,100 גרם,false,1,18.30,18.30,true,1,
7290015161978,false,פסטה מקמח עדשים250 גרם,FARM GOVI,IT,פסטה אורגניים,גרמים,250.00,100 גרם,false,1,18.90,7.56,true,1,
7290015164832,false,מחית קארי ירוקה,,TH,מחית קארי ירוקה,גרמים,400.00,100 גרם,false,0,20.90,5.23,true,1,
7290015164856,false,מחית קארי אדומה,,TH,מחית קארי אדומה,גרמים,400.00,100 גרם,false,0,20.90,5.23,true,1,
7290015335607,false,מעדן ביו טבעי 150 גרם,ניה סחר ומזון,IL,מעדן ביו טבעי,גרמים,150.00,100 גרם,false,1,7.90,5.27,true,1,
7290015371049,false,שמן קוקוס וירג'ין 300 גר,פוקה,GB,שמן קוקוס,גרמים,300.00,100 גרם,false,1,64.90,21.63,true,1,
7290015371056,false,חמאת גהיי 300 גרם,פוקה,GB,חמאת גהיי,גרמים,300.00,100 גרם,false,1,116.90,38.97,true,1,
7290015371063,false,"שמן המפ אורגני 250 מ""ל",פוקה,GB,שמן המפ,מיליליטרים,250.00,"100 מ""ל",false,1,124.90,49.96,true,1,
7290015470094,false,"שוק.מריר תפוז ללת""ס100גר",אלטינמארקה,TR,שוקולד מריר ללתס,גרמים,100.00,100 גרם,false,1,13.10,13.10,true,1,
7290015599047,false,בלוק צהובה טבעו.גירוד200,אריויה ס.א.,GR,צהובה טבעונית,גרמים,200.00,100 גרם,false,0,17.90,8.95,true,1,
7290015599061,false,צהובה טבעונית מוצרלה200ג,אריויה ס.א.,GR,צהובה טבעונית,גרמים,200.00,100 גרם,false,1,23.80,11.90,true,1,
7290015599078,false,צהובה טבעונית,,GR,צהובה טבעונית,גרמים,200.00,100 גרם,false,0,23.80,11.90,true,1,
7290015599191,false,ממרח טבעוני קלאסי 170 גר,ביוט איילנד פודס,GB,ממרח טבעוני,גרמים,170.00,100 גרם,false,1,18.80,11.06,true,1,
7290015599214,false,שמרים יבש תוס.ויטמין110ג,רד סטאר,US,שמרים יבשים,גרמים,110.00,100 גרם,false,1,19.90,18.09,true,1,
7290015599283,false,חביתה טבעונית 250 גרם,א.ל.ייצור ושיווק תבלינים,IL,חביתה טבעונית,גרמים,250.00,100 גרם,false,1,27.90,11.16,true,1,
7290015599504,false,ממרח טעם חמאה אורגני225ג,דראגסבייאק,DK,ממרח טעם חמאה,גרמים,225.00,100 גרם,false,1,18.90,8.40,true,1,
7290015599719,false,צהובה טבעונית 150 גרם,אריויה ס.א.,GR,צהובה טבעונית,גרמים,150.00,100 גרם,false,1,24.90,16.60,true,1,
7290015599733,false,קובה מן הצומח 400 גרם,,IL,קובה מן הצומח,גרמים,400.00,100 גרם,false,1,30.90,7.73,true,1,
7290015599740,false,אמפנדה מן הצומח 400 גרם,,IL,אמפנדה מן הצומח,גרמים,400.00,100 גרם,false,1,30.90,7.73,true,1,
7290015603188,false,איטריות ביצים 454 גרם,פוגיאן לונגהי אנלידה אינ,CN,איטריות ביצים,גרמים,454.00,100 גרם,false,1,10.90,2.40,true,1,
7290015603218,false,איטריות עם עגבניה 454גרם,פוג'יאן לונגהי,CN,איטריות עם עגבני,גרמים,454.00,100 גרם,false,1,10.90,2.40,true,1,
7290015603546,false,"קרם קוקוס 19% 400 מ""ל",c coconut Theppadungporn,TH,קרם קוקוס 19%,מיליליטרים,400.00,"100 מ""ל",false,1,10.90,2.73,true,1,
7290015603560,false,"קרם קוקוס 20-22% 400 מ""ל",אסיאטיק אגרו אינדוסטרי,TH,קרם קוקוס,מיליליטרים,400.00,"100 מ""ל",false,1,10.90,2.73,true,1,
7290015662031,false,ספירולינה טריה 140 גרם,"אלגמור בע""מ",IL,ספירולינה טריה,גרמים,140.00,100 גרם,false,1,49.90,35.64,true,1,
7290015673181,false,המבורגר קלאסי+ברוקולי400,טבע דלי,IL,המבורגר+ברוקולי,גרמים,400.00,100 גרם,false,1,25.90,6.48,true,1,
7290015673211,false,טחון מהצומח לבולונז500גר,טבע דלי,IL,טחון מהצומח,גרמים,500.00,100 גרם,false,1,25.90,5.18,true,1,
7290015673587,false,קריספי טופו אסייתי 350 ג,טבע דלי,IL,קריספי טופו,גרמים,350.00,100 גרם,false,1,27.90,7.97,true,1,
7290015695855,false,נבטי חמניה אורגני יח,אודי,IL,נבטי חמניה,יחידה,1.00,יחידה,false,1,11.90,11.90,true,1,
7290015695886,false,מיקס נבטים אורגני יח,אודי,IL,מיקס נבטים,יחידה,1.00,יחידה,false,1,11.90,11.90,true,1,
7290015695893,false,מיקס נבטוטים אורגני יח,אודי,IL,נבטי נבטוטים,יחידה,1.00,יחידה,false,1,11.90,11.90,true,1,
7290015695923,false,נבטים סיניים אורגני יח,אודי,IL,נבטים סיניים,יחידה,1.00,יחידה,false,1,11.90,11.90,true,1,
7290015695992,false,פטריות שמפיניון אורג200ג,,IL,פטריות שמפיניון,גרמים,200.00,100 גרם,false,1,18.90,9.45,true,1,
7290015856713,false,חטיף אפונה בטעם אריסה50ג,אפיפית,IL,חטיף אפונה,גרמים,50.00,100 גרם,false,1,5.90,11.80,true,1,
7290015879729,false,תערובת לאפיה ללא גלוטן.,,IT,תערובת לאפיה,גרמים,500.00,100 גרם,false,1,19.90,3.98,true,1,
7290016035032,false,לחמניות פשתן טרי 250 גרם,ביכורים,IL,לחמניות פשטן טרי,גרמים,250.00,100 גרם,false,1,25.90,10.36,true,1,
7290016083088,false,"מאפה זיווה כשל""פ 500 גרם",,IL,"מאפה זיווה כשל""פ",גרמים,500.00,100 גרם,false,1,24.90,4.98,true,1,
7290016146004,false,קמח שקד קלוף 300 גר,שקד תבור,IL,קמח שקד קלוף,גרמים,300.00,100 גרם,false,1,27.90,9.30,true,1,
7290016146110,false,סירופ חרובים לחיץ 500 גר,,IL,סירופ חרובים,גרמים,500.00,100 גרם,false,1,28.90,5.78,true,1,
7290016146455,false,שוקולד תבור100%ביו 100ג,שקד תבור,IL,שוקולד תבור% 100,גרמים,100.00,100 גרם,false,1,17.90,17.90,true,1,
7290016245318,false,לחם פשתן פרוס 450 גרם,ביכורים,IL,לחם פשתן פרוס,גרמים,450.00,100 גרם,false,1,25.90,5.76,true,1,
7290016245325,false,לחם טחינה פרוס 450 גרם,ביכורים,IL,לחם טחינה פרוס,גרמים,450.00,100 גרם,false,1,29.50,6.56,true,1,
7290016306002,false,"גלידת וניל קוקוס 473 מ""ל",גלידת אילו,IL,גלידת וניל קוקוס,מיליליטרים,473.00,"100 מ""ל",false,1,34.90,7.38,true,1,
7290016306040,false,גלידת קרמל פקאן קלוי473מ,גלידת אילו,IL,גלידת קרמל פקאן,מיליליטרים,473.00,"100 מ""ל",false,1,34.90,7.38,true,1,
7290016306101,false,גלידת קפוצינו שוק.מר473מ,גלידת אילו,IL,גלידת קפוצינו,מיליליטרים,473.00,"100 מ""ל",false,1,34.90,7.38,true,1,
7290016306224,false,"גלידת וניל פיצפוצ473מ""ל",גלידת אילו,IL,גלידת וניל,מיליליטרים,473.00,"100 מ""ל",false,1,34.90,7.38,true,1,
7290016306323,false,"גלידת שוקו בננה 473 מ""ל",גלידת אילו,IL,גלידת שוקו בננה,מיליליטרים,473.00,"100 מ""ל",false,1,34.90,7.38,true,1,
7290016319187,false,עוג.סנדוויץ שוקו ללתס300,אפיפית,IL,עוגיות סנדוויץ,גרמים,300.00,100 גרם,false,1,18.90,6.30,true,1,
7290016505016,false,שוקולד פנדה קלאסי 100 גר,,IL,שוקולד קלאסי,גרמים,100.00,100 גרם,false,1,18.70,18.70,true,1,
7290016505023,false,ממתק פנדה קרם נוגט 100ג,,IL,ממתק פנדה,גרמים,100.00,100 גרם,false,1,18.70,18.70,true,1,
7290016505030,false,שוקולד פנדה אגוזי לוז100,,IL,שוקולד אגוזי לוז,גרמים,100.00,100 גרם,false,1,18.70,18.70,true,1,
7290016505085,false,פנדה נוגט+פצפוצי אורז45ג,"פנדהמוצריםטבעונייםבע""מ",IL,חטיף נוגט פנדה,גרמים,45.00,100 גרם,false,1,8.70,19.33,true,1,
7290016505115,false,שוקולד פנדה מריר קפה100ג,,IL,שוקולד מריר,גרמים,100.00,100 גרם,false,1,18.70,18.70,true,1,
7290016574012,false,ממרח פסטו ושמן כמהין180ג,מוטי שף,IL,ממרח פסטו ושמן,גרמים,180.00,100 גרם,false,1,19.90,11.06,true,1,
7290016594003,false,מסיבת אגוזים 300גרם,,IL,מסיבת אגוזים,גרמים,300.00,100 גרם,false,1,32.50,10.83,true,1,
7290016594027,false,חמאת אגוזי לוז ונמר300ג,,IL,חמאת אגוזי לוז,גרמים,300.00,100 גרם,false,1,32.50,10.83,true,1,
7290016594065,false,ממרח אגוזי נמר וקשיו 300,,IL,ממרח אגוזי נמר,גרמים,300.00,100 גרם,false,1,32.50,10.83,true,1,
7290016594140,false,מחית אורגני תפוח אגס120ג,ביואיטליה,IT,מחית אורגנית,גרמים,120.00,100 גרם,false,1,6.90,5.75,true,1,
7290016594201,false,ממרח קוקוס אגוזי,,,ממרח קוקוס אגוזי,יחידה,1.00,יחידה,false,0,32.50,32.50,true,1,
7290016606164,false,פריגורט תות אורגני 500 ג,חוות גבעות עולם,IL,פריגורט תות,גרמים,500.00,100 גרם,false,1,14.90,2.98,true,1,
7290016606171,false,פריגורט עיזים פ.יער 500ג,חוות גבעות עולם,IL,פריגורט עיזים,גרמים,500.00,100 גרם,false,1,14.90,2.98,true,1,
7290016606188,false,פריגורט עיזים פסיפלור500,חוות גבעות עולם,IL,פריגורט עיזים,גרמים,500.00,100 גרם,false,1,14.90,2.98,true,1,
7290016606522,false,יוגורט טבעי חלב עיזים850,לולי חוות גבעות עולם,IL,יוגורט חלב עיזים,גרמים,850.00,100 גרם,false,1,23.90,2.81,true,1,
7290016646122,false,"חלווה טעם של פעם לל""ס400",,IL,חלווה טעם של פעם,גרמים,400.00,100 גרם,false,1,27.90,6.98,true,1,
7290016646146,false,"חלווה עם קוקוס לל""ס 400ג",,IL,"חלווה קוקוס לל""ס",גרמים,400.00,100 גרם,false,1,27.90,6.98,true,1,
7290016682359,false,מיץ תפוזים סחוט שמוטי2ל,,IL,מיץ תפוזים סחוט,ליטרים,2.00,ליטר,false,0,27.90,13.95,true,1,
7290016867008,false,לחם מחמצת כוסמין 750 גרם,המאפה של דר' מארק,IL,לחם מחמצת,גרמים,750.00,100 גרם,false,1,20.90,2.79,true,1,
7290016867046,false,פיתות קלות כוסמין 6 יח',,IL,פיתות קלות 6 יח,גרמים,303.00,100 גרם,false,1,16.90,5.58,true,1,
7290016867114,false,לחם קל מכוסמין מלא 500 ג,,IL,לחם קל מכוסמין,גרמים,500.00,100 גרם,false,1,19.90,3.98,true,1,
7290016867152,false,פיתות קלות ק.כוסמין66*5ג,המאפה של דר' מארק,IL,פיתות קלות,גרמים,330.00,100 גרם,false,1,14.90,4.52,true,1,
7290016867176,false,לחמ.קלות שומ.כוסמין 351ג,,IL,לחמניות קלות,גרמים,351.00,100 גרם,false,1,15.90,4.53,true,1,
7290016867190,false,6 לחמניות קלות כוסמין321,,IL,6 לחמניות קלות,גרמים,321.00,100 גרם,false,1,16.90,5.26,true,1,
7290016897029,false,חליטת צ'אי מסאלה 20 שק.,"תה עדנים בע""מ",IL,חליטת צמחים,גרמים,36.00,100 גרם,false,1,17.90,49.72,true,1,
7290016897043,false,תה כורכום ג'ינג'ר 45 גרם,,IL,תה כורכום ג'ינגר,גרמים,45.00,100 גרם,false,1,12.90,28.67,true,1,
7290016995848,false,שום כתוש אורגני 185 גרם,,CN,שום כתוש אורגני,גרמים,185.00,100 גרם,false,1,15.90,8.59,true,1,
7290017142005,false,"שמן קוקוס אורגני 320 מ""ל",אקספולנקה,LK,שמן קוקוס אורגני,מיליליטרים,320.00,"100 מ""ל",false,1,31.90,9.97,true,1,
7290017142012,false,"שמן קוקוס אורגני 500 מ""ל",אקספולנקה,LK,שמן קוקוס אורגני,מיליליטרים,500.00,"100 מ""ל",false,1,41.90,8.38,true,1,
7290017325316,false,מיקס אורז אפונה+עדשים250,לה בונטה,IT,מיקס אורז אפונה,גרמים,250.00,100 גרם,false,1,14.90,5.96,true,1,
7290017325323,false,מיקס כוסמת+אורז 250 גרם,לה בונטה,IT,מיקס כוסמת+אורז,גרמים,250.00,100 גרם,false,1,14.90,5.96,true,1,
7290017325347,false,מקלות ביגלה כוסמין 200גר,"אם החיטה בע""\מ",IL,מקלות ביגלה,גרמים,200.00,100 גרם,false,1,16.90,8.45,true,1,
7290017325422,false,"פריכ.אורז מלא ללת""מ100 ג",פרח תעשיות מזון,IL,פריכיות אורז מלא,גרמים,100.00,100 גרם,false,1,13.90,13.90,true,1,
7290017325453,false,"משקה שקדים ללת""ס 1 ליטר",ליקואטס,ES,"משקה שקדים ללת""ס",ליטרים,1.00,ליטר,false,1,14.90,14.90,true,1,
7290017325477,false,רסק עגבניות אורגני 100 ג,,IL,רסק עגבניות,גרמים,100.00,100 גרם,false,1,3.90,3.90,true,1,
7290017325620,false,משקה אורז ושקדים 1 ליטר,ליקואטס,ES,משקה אורז ושקדים,ליטרים,1.00,ליטר,false,1,12.50,12.50,true,1,
7290017325644,false,אורז שחור אורגני500 גרם,,IT,אורז שחור אורגני,גרמים,500.00,100 גרם,false,1,26.90,5.38,true,1,
7290017325668,false,עדשים מנומרות אורגני500ג,אול אורגני,IL,עדשים מנומרות,גרמים,500.00,100 גרם,false,1,16.90,3.38,true,1,
7290017325682,false,פריכיות כוסמת אורגני160ג,פרח תעשיות מזון,IL,פריכיות כוסמת,גרמים,160.00,100 גרם,false,1,13.90,8.69,true,1,
7290017325712,false,קמח אורז מלא  ל.גלוטן500,,IL,קמח אורז מלא,גרמים,500.00,100 גרם,false,1,16.90,3.38,true,1,
7290017325729,false,קמח כוסמת ירוקה 500 גרם,,IL,קמח כוסמת ירוקה,גרמים,500.00,100 גרם,false,1,20.90,4.18,true,1,
7290017325743,false,קמח עדשים ל.גלוטן500ג,,IL,קמח עדשים,גרמים,500.00,100 גרם,false,1,18.90,3.78,true,1,
7290017325774,false,ספגטי אורגני מכוסמין400ג,,IT,ספגטי אורגני,גרמים,400.00,100 גרם,false,1,20.90,5.23,true,1,
7290017325781,false,פסטה ריגטיני כוסמין400ג,,IT,פסטה ריגטיני,גרמים,400.00,100 גרם,false,1,20.90,5.23,true,1,
7290017325798,false,קוואקר עבה ל.גלוטן500,,IL,קוואקר עבה,גרמים,500.00,100 גרם,false,1,18.90,3.78,true,1,
7290017325804,false,קוואקר עדין ל.גלוטן500,,IL,קוואקר עדין,גרמים,500.00,100 גרם,false,1,18.90,3.78,true,1,
7290017325811,false,שעועית בובס 400 גרם,אול אורגני,IL,שעועית בובס,גרמים,400.00,100 גרם,false,1,13.90,3.48,true,1,
7290017325842,false,פריכיות אורז מלא 110 גרם,פרח תעשיות מזון,IL,פריכיות אורז מלא,גרמים,110.00,100 גרם,false,1,8.90,8.09,true,1,
7290017325873,false,קרקר שיפון מלא 125 גרם,"ל.ב. סחר ושיווק בע""\מ",IL,קרקר שיפון מלא,גרמים,125.00,100 גרם,false,1,20.90,16.72,true,1,
7290017325910,false,קורנפלקס אורגני הרדוף375,לאמרי,IT,קורנפלקס אורגני,גרמים,375.00,100 גרם,false,1,20.90,5.57,true,1,
7290017325927,false,ברנפלקס אורגני הרדוף375ג,לאמרי,IT,ברנפלקס אורגני,גרמים,375.00,100 גרם,false,1,20.90,5.57,true,1,
7290017325934,false,טחינה מלאה אורגנית 450ג,אחדות,IL,טחינה מלאה הרדוף,גרמים,450.00,100 גרם,false,1,19.90,4.42,true,1,
7290017516295,false,חטיף חלבון אגוזי לוז60ג,,IL,חטיף חלבון,גרמים,60.00,100 גרם,false,1,11.50,19.17,true,1,
7290017516318,false,ח.חלבון פנגיאה שוקולד60ג,,IL,חטיף חלבון,גרמים,60.00,100 גרם,false,1,11.50,19.17,true,1,
7290017516424,false,מארז פנגיאה לוז 300ג,,IL,מארז פנגיאה,גרמים,300.00,100 גרם,false,1,33.90,11.30,true,1,
7290017516479,false,חטיף חלבון פנגיאה וניל60,,IL,חטיף חלבון וניל,גרמים,60.00,100 גרם,false,1,11.50,19.17,true,1,
7290017516509,false,חטיף חלבון פנגיאה קרמל60,,IL,חטיף חלבון,גרמים,60.00,100 גרם,false,1,11.50,19.17,true,1,
7290017516585,false,חטיפי חלבון וניל קפה60*3,,IL,חטיפי חלבון 3 יח,גרמים,180.00,100 גרם,false,1,29.90,16.61,true,1,
7290017816081,false,טורטיות כוסמין 320 גרם,,RS,טורטיות כוסמין,גרמים,320.00,100 גרם,false,1,16.90,5.28,true,1,
7290017871462,false,ח.פצ.אורז שוקולד21*5כשלפ,תות תעשיות מזון (2014) ב,IL,חטיף פצפוצי אורז,גרמים,105.00,100 גרם,false,1,15.90,15.15,true,1,
7290017871707,false,חטיף פצ.אורז+קוקוס 21*5ג,תות תעשיות מזון (2014) ב,IL,חטיף פצפוצי אורז,גרמים,105.00,100 גרם,false,1,15.90,15.15,true,1,
7290017872186,false,"עוגיות פקאן ללת""ס200ג","הגביע מוצרי וופלים בע""\מ",IL,עוגיות פקאן,גרמים,200.00,100 גרם,false,1,17.90,8.95,true,1,
7290017872414,false,"עוגיות פקאן ללת""ס 150 גר","הגביע מוצרי וופלים בע""\מ",IL,עוגיות פקאן,גרמים,150.00,100 גרם,false,1,17.90,11.93,true,1,
7290017894010,false,מי קוקוס אורגני אננס1ל,בן טרה ג'\וינט סטוק )בטר,VN,מי קוקוס אורגני,ליטרים,1.00,ליטר,false,1,20.90,20.90,true,1,
7290017894072,false,אבקת הלבנה אקופרנד 500 ג,,IL,אבקת הלבנה,גרמים,500.00,100 גרם,false,1,20.90,4.18,true,1,
7290017894157,false,נייר אפייה טבעי 40יחידות,,IL,נייר אפייה טבעי,יחידה,1.00,יחידה,false,1,14.90,14.90,true,1,
7290017907222,false,קמח תמי תופח 500 גרם,,IL,קמח תמי תופח,גרמים,500.00,100 גרם,false,1,16.90,3.38,true,1,
7290017907253,false,פתיתים תמי 300 גרם,,IL,פתיתים תמי,גרמים,300.00,100 גרם,false,1,14.90,4.97,true,1,
7290017907260,false,פלאפל תמי 300 גרם,,IL,פלאפל תמי,גרמים,300.00,100 גרם,false,1,14.90,4.97,true,1,
7290017932316,false,"רוטב פסטה עגבנ.כשל""פ680ג",,IL,רוטב פסטה,גרמים,680.00,100 גרם,false,1,17.90,2.63,true,1,
7290017962009,false,גרנולה וניל אגוזים 330 ג,"דני וגלית בע""מ",IL,גרנולה וניל אגוז,גרמים,330.00,100 גרם,false,1,19.90,6.03,true,1,
7290018098493,false,פיצה זיתים ללא לקטוז350ג,"אופק מן הטבע בע""\מ",IL,פיצה משפחתית,גרמים,350.00,100 גרם,false,1,22.90,6.54,true,1,
7290018098578,false,המבורגר צמחי 230 גרם,"אופק מן הטבע בע""\מ",IL,המבורגר צמחי,גרמים,230.00,100 גרם,false,1,22.90,9.96,true,1,
7290018098592,false,שווארמה צמחית 300 גרם,"אופק מן הטבע בע""\מ",IL,שווארמה צמחית,גרמים,300.00,100 גרם,false,1,22.90,7.63,true,1,
7290018140055,false,בורגר טבעוני פטריות 250ג,חמים וטעים,IL,בורגר טבעוני,גרמים,250.00,100 גרם,false,1,26.90,10.76,true,1,
7290018140062,false,בורגר טבעוני 250 גרם,חמים וטעים,IL,בורגר טבעוני,גרמים,250.00,100 גרם,false,1,26.90,10.76,true,1,
7290018140741,false,רצועות סויה סגנון בקר300,,FI,רצועות סויה,גרמים,300.00,100 גרם,false,1,30.90,10.30,true,1,
7290018249154,false,ממרח קקאו אגוזי לוז350ג,אחדות,IL,ממרח קקאו,גרמים,350.00,100 גרם,false,1,33.90,9.69,true,1,
7290018249802,false,סוויטאנגו 280גרם,מתבל תעשיות מזון,IL,סוויטאנגו,גרמים,280.00,100 גרם,false,1,27.90,9.96,true,1,
7290018338070,false,חיטה פריקי טבעי 500 גרם,,IL,חיטה פריקי,גרמים,500.00,100 גרם,false,1,15.90,3.18,true,1,
7290018338254,false,גינגר טחון אורגני 75 גרם,,IN,גינגר טחון,גרמים,75.00,100 גרם,false,1,14.90,19.87,true,1,
7290018371008,false,ח.טורטייה ציפס בצ'ילי70ג,,PE,חטיף טורטייה,גרמים,70.00,100 גרם,false,1,17.90,25.57,true,1,
7290018371015,false,ח.טורטיה ציפס קינואה70ג,,PE,חטיף טורטיה ציפס,גרמים,70.00,100 גרם,false,1,17.90,25.57,true,1,
7290018371091,false,בייגלה כוסמין אורגני200ג,מאיר בייגל,IL,בייגלה כוסמין,גרמים,200.00,100 גרם,false,1,16.90,8.45,true,1,
7290018371176,false,זיתים אורגניים + שום295ג,,GR,זיתים עם שום,גרמים,295.00,100 גרם,false,1,19.90,6.75,true,1,
7290018371183,false,זיתי קלמטה אורגניים300ג,,GR,זיתי קלמטה,גרמים,300.00,100 גרם,false,1,16.90,5.63,true,1,
7290018371213,false,"מחית תפו""ע ואפרסק 100גרם",ספרונט,ES,"מחית תפו""ע אפרסק",גרמים,100.00,100 גרם,false,1,5.20,5.20,true,1,
7290018371275,false,מיני פריכיות כוסמת 80 גר,פרח,IL,מיני פריכיות,גרמים,80.00,100 גרם,false,1,12.90,16.13,true,1,
7290018371299,false,אובלטים מקמח חומוס 100ג,אם החיטה,IL,אובלטים אורגניים,גרמים,100.00,100 גרם,false,1,13.80,13.80,true,1,
7290018371305,false,אובלטים מקמח עדשים 100ג,אם החיטה,IL,אובלטים אורגניים,גרמים,100.00,100 גרם,false,1,13.80,13.80,true,1,
7290018371503,false,וופל כוסמין אגוזים200 גר,,IL,וופל קמח כוסמין,גרמים,200.00,100 גרם,false,1,16.90,8.45,true,1,
7290018371510,false,וופל כוסמין לימון 200 גר,,IL,וופל קמח כוסמין,גרמים,200.00,100 גרם,false,1,16.90,8.45,true,1,
7290018371534,false,וופל קוביות כוסמין 200גר,,IL,וופל קוביות חרוב,גרמים,200.00,100 גרם,false,1,16.90,8.45,true,1,
7290018468401,false,פסטרמה צמחונית גריל120ג,טיב טירת צבי 2000,IL,פסטרמה צמחונית,גרמים,120.00,100 גרם,false,1,15.90,13.25,true,1,
7290018468418,false,פסטרמה צמחונית מפולפל120,טיב טירת צבי 2000,IL,פסטרמה צמחונית,גרמים,120.00,100 גרם,false,1,15.90,13.25,true,1,
7290018468425,false,נקניק טבעוני פיקנטי120ג,טיב טירת צבי 2000,IL,נקניק טבעוני,גרמים,120.00,100 גרם,false,1,15.90,13.25,true,1,
7290018593004,false,פטה שקדים טבעי 200 גרם,,IL,פטה שקדים טבעי,גרמים,200.00,100 גרם,false,1,29.90,14.95,true,1,
7290018593042,false,מוצרלה קשיו מגורדת 300 ג,פלנטי,IL,מוצרלה קשיו,גרמים,300.00,100 גרם,false,1,32.90,10.97,true,1,
7290018593066,false,אגוז'נו בסגנון פרמז'ן115,,IL,אגוז'נו פרמז'ן,גרמים,115.00,100 גרם,false,1,26.90,23.39,true,1,
7290018593080,false,קשיו צ'דר 200 גרם,פלנטי,IL,קשיו צ'דר,גרמים,200.00,100 גרם,false,1,28.90,14.45,true,1,
7290018593127,false,רביולי תרד גבינות 400גרם,,IL,רביולי מילוי תרד,גרמים,400.00,100 גרם,false,1,39.90,9.98,true,1,
7290018677124,false,גרנולה קראנצ' חמוציות300,,CZ,גרנולה קראנצ',גרמים,300.00,100 גרם,false,1,24.90,8.30,true,1,
7290018677148,false,גרנולה קראנצ' שוקולד300,,CZ,גרנולה קראנצ',גרמים,300.00,100 גרם,false,1,24.90,8.30,true,1,
7290018724866,false,פתיתי ספירולינה קראנץ100,,IL,פתיתי ספירולינה,גרמים,100.00,100 גרם,false,1,72.90,72.90,true,1,
7290018752708,false,מארז תמר+חמאת שקד 120ג,,IL,שוקלדתמר מארז,גרמים,120.00,100 גרם,false,1,17.90,14.92,true,1,
7290018752722,false,שוקולדתמר חמאת בוטנים120,,IL,שוקולדתמר מארז,גרמים,120.00,100 גרם,false,1,17.90,14.92,true,1,
7290018752814,false,ריבועי מרציפן אגוז 120ג,,IL,ריבועי מרציפן,גרמים,120.00,100 גרם,false,1,22.90,19.08,true,1,
7290018752838,false,ריבועי מרציפן פיסטוק120ג,,IL,ריבועי מרציפן,גרמים,120.00,100 גרם,false,1,22.90,19.08,true,1,
7290018757116,false,קמח שקדים ללא גלוטן250ג,טחנת קמח טל,IL,קמח שקדים,גרמים,250.00,100 גרם,false,1,26.90,10.76,true,1,
7290018757123,false,פתיתי ש.שועל דקה 400ג,,FI,פתיתי ש.שועל,גרמים,400.00,100 גרם,false,1,20.90,5.23,true,1,
7290018757147,false,קמח שיבולת שועל מלאה400ג,,FI,קמח שיבולת שועל,גרמים,400.00,100 גרם,false,1,19.90,4.98,true,1,
7290018757161,false,קמח טף ללא גלוטן 400 גרם,טחנת קמח טל,IL,קמח טף ללא גלוטן,גרמים,400.00,100 גרם,false,1,24.90,6.23,true,1,
7290018757178,false,קמח כוסמת אורגני400ג,טחנת קמח טל,IL,קמח כוסמת אורגני,גרמים,400.00,100 גרם,false,1,16.90,4.23,true,1,
7290018757192,false,קמח טף חום 400 גרם,,IL,קמח טף חום,גרמים,400.00,100 גרם,false,1,24.90,6.23,true,1,
7290018757222,false,בורגר פטריות טבעוני375ג,"פרה מזון בע""\מ",IL,בורגר פטריות טבע,גרמים,375.00,100 גרם,false,1,22.90,6.11,true,1,
7290018757246,false,שווארמה טבעונית 400 גרם,פרה מזון בעמ,IL,שווארמה טבעונית,גרמים,400.00,100 גרם,false,1,21.90,5.48,true,1,
7290018757253,false,קבבונים טבעוניים 400 גרם,פרה מזון בעמ,IL,קבבונים טבעוניים,גרמים,400.00,100 גרם,false,1,21.90,5.48,true,1,
7290018757260,false,בורגר סלק טבעוני 400 גרם,פרה מזון בעמ,IL,בורגר סלק טבעוני,גרמים,400.00,100 גרם,false,1,19.90,4.98,true,1,
7290018757277,false,בורגר ירקות טבעוני400ג,פרה מזון בעמ,IL,בורגר ירקות,גרמים,400.00,100 גרם,false,1,19.90,4.98,true,1,
7290018757291,false,זרעי צ'יה לבנה 230 גרם,,PY,זרעי צ'יה לבנה,גרמים,230.00,100 גרם,false,1,20.90,9.09,true,1,
7290018757338,false,אבקת אסאי אורגנית 100 גר,,BR,אבקת אסאי אורגני,גרמים,100.00,100 גרם,false,1,109.90,109.90,true,1,
7290018757369,false,אבקת ספירולינה 250 גרם,,CN,אבקת ספירולינה,גרמים,250.00,100 גרם,false,1,124.90,49.96,true,1,
7290018757383,false,לחם קמח טף טבעוני 500 גר,אשבל בעמ,IL,לחם קמח טף,גרמים,500.00,100 גרם,false,1,23.90,4.78,true,1,
7290018757420,false,חלבון סויה מיובש קשר300ג,נאיהואנג יג'\יה פוד רו א,CN,חלבון סויה מיובש,גרמים,300.00,100 גרם,false,1,20.90,6.97,true,1,
7290018757437,false,חלבון סויה מיובש רצוע240,נאיהואנג יג'\יה פוד רו א,CN,חלבון סויה מיובש,גרמים,240.00,100 גרם,false,1,20.90,8.71,true,1,
7290018757505,false,סודה שתיה ל.אלומיניום600,אשבל בעמ,IL,סודה לשתיה,גרמים,600.00,100 גרם,false,1,19.90,3.32,true,1,
7290018757512,false,א.אפייה ל.אלומיניום600ג,,IL,אבקת אפייה,גרמים,600.00,100 גרם,false,1,19.90,3.32,true,1,
7290018757581,false,אבקת ארוניה אורגנית 100ג,,CN,אבקת ארוניה א,גרמים,100.00,100 גרם,false,1,40.90,40.90,true,1,
7290018757598,false,אבקת כלורלה אורגנית100ג,,CN,אבקת כלורלה,גרמים,100.00,100 גרם,false,1,82.90,82.90,true,1,
7290018757666,false,אבקת מורינגה אורגנית100ג,,IN,אבקת מורינגה,גרמים,100.00,100 גרם,false,1,93.90,93.90,true,1,
7290018757710,false,אבקת קקאו אורגנית 100 גר,,GH,אבקת קקאו אורגני,גרמים,100.00,100 גרם,false,1,15.90,15.90,true,1,
7290018757819,false,אבקת אשווגנדה אורגנית100,,CN,אבקת אשווגנדה,גרמים,250.00,100 גרם,false,1,93.90,37.56,true,1,
7290018758045,false,חסה לאליק 4 יחידות,,IL,חסה לאליק,יחידה,1.00,יחידה,false,1,23.90,23.90,true,1,
7290018777206,false,חט.ספירולינה תמר/קוקו5יח,"אפקטבעי בע""\מ",IL,חטיפי ספירולינה,גרמים,200.00,100 גרם,false,1,49.90,24.95,true,1,
7290018857748,false,שקד לבן אורגני 300 גרם,,IL,שקד לבן אורגני,גרמים,300.00,100 גרם,false,1,43.90,14.63,true,1,
7290018949009,false,"משקה מוגז תפוזזה330 מ""ל",מיקס קווידזון,PL,משקה קל מוגז,מיליליטרים,330.00,"100 מ""ל",false,1,10.50,3.18,true,1,
7290018949016,false,"משקה מוגז תפוחחה 330מ""ל",מיקס קווידזון,PL,משקה קל מוגז,מיליליטרים,330.00,"100 מ""ל",false,1,10.50,3.18,true,1,
7290019047537,false,בדיקת קורונה מארז 20 יח,פארמה דיל,CN,בדיקת קורונה מאר,יחידה,1.00,יחידה,false,1,189.00,189.00,true,1,
7290019078784,false,אבקת קקאו אורגני 400 גרם,שקד תבור,PE,אבקת קקאו אורגני,גרמים,400.00,100 גרם,false,1,32.90,8.23,true,1,
7290100659090,false,חטיף FREE תמר וקינמון5יח,טבעית מוצרים מן הטבע בעמ,IL,חטיף FREE תמרים,גרמים,110.00,100 גרם,false,0,18.50,16.82,true,1,
7290100790243,false,קפה שחור אורגני 250 גרם,אווא אופציות קפה,IL,קפה שחור אורגני,גרמים,250.00,100 גרם,false,1,34.90,13.96,true,1,
7290100799857,false,פולי תמר קלוי,,IL,פולי תמר קלוי,גרמים,250.00,100 גרם,false,0,29.90,11.96,true,1,
7290100799864,false,פולי תמר קלוי,,IL,פולי תמר קלוי,גרמים,250.00,100 גרם,false,0,29.90,11.96,true,1,
7290101486688,false,חטיף FREE עם שוקולד 5יח',טבעית מוצרים מן הטבע בעמ,IL,חטיף FREE 5 יח',גרמים,100.00,100 גרם,false,0,18.50,18.50,true,1,
7290105436382,false,חטיף FREE תמרים קשיו25*5,טבעית מוצרים מן הטבע בעמ,IL,חטיפי FREE,גרמים,125.00,100 גרם,false,0,18.50,14.80,true,1,
7290107943369,false,קוואקר ל.גלוטן ש.שועל511,קוואקר אוטס קומפני,US,קוואקר ללא גלוטן,גרמים,511.00,100 גרם,false,1,17.00,3.32,true,1,
7290109354972,false,פתי בר ל.גלוטן קלאסי200ג,"אסם השקעות בע""\מ",IL,פתי בר ללא גלוטן,גרמים,200.00,100 גרם,false,1,11.90,5.95,true,1,
7290109354996,false,פתי בר לל.גלוטן שוקו200ג,"אסם השקעות בע""\מ",IL,פתי בר ללא גלוטן,גרמים,200.00,100 גרם,false,1,11.90,5.95,true,1,
7290109640198,false,מגורדת לפיצה ואפיה 200 ג,ויגרדן,IL,מגורדת לפיצה,גרמים,200.00,100 גרם,false,1,19.90,9.95,true,1,
7290109640372,false,"ממרח+זיתים ע""ב קוקוס200ג",גן שמואל-תעשיות בריאות,IL,"ממרח ע""ב קוקוס",גרמים,200.00,100 גרם,false,1,16.90,8.45,true,1,
7290109640396,false,"ממ.שום שמיר ע""ב קוקוס200",גן שמואל-תעשיות בריאות,IL,"ממרח ע""ב קוקוס",גרמים,200.00,100 גרם,false,1,16.90,8.45,true,1,
7290110000493,false,חמאת בוטנים קרנצי350' ג,,IL,חמאת בוטנים,גרמים,350.00,100 גרם,false,1,16.20,4.63,true,1,
7290110001841,false,חמאת בוטנים טבעית 760 גר,בטר אנד דיפרנט,IL,תמאת בוטנים טבעי,גרמים,760.00,100 גרם,false,1,25.90,3.41,true,1,
7290110322014,false,טופו בטעם טבעי 300 גרם,א.י.ן תעשיות,IL,טופו טבעי300 גרם,גרמים,300.00,100 גרם,false,1,12.50,4.17,true,1,
7290110322021,false,טופו בזיליקום 300 גרם,א.י.ן תעשיות,IL,טופו בזיליקום,גרמים,300.00,100 גרם,false,1,12.50,4.17,true,1,
7290110322038,false,טופו פיקנטי 300 גרם,א.י.ן תעשיות,IL,טופו פיקנטי,גרמים,300.00,100 גרם,false,1,12.50,4.17,true,1,
7290110324711,false,ממרח סויה9% טעם טבעי250ג,"תנובה בע""\מ",IL,ממרח סויה 9%,גרמים,250.00,100 גרם,false,1,10.90,4.36,true,1,
7290110324841,false,מעדן שקדים שוקולד מריר12,תנובה בעמ,IL,מעדן שקדים,גרמים,125.00,100 גרם,false,1,4.50,3.60,true,1,
7290110324858,false,מעדן שקדים אגוזי לוז125ג,תנובה בעמ,IL,מעדן שקדים,גרמים,125.00,100 גרם,false,1,4.50,3.60,true,1,
7290110324926,false,"משקה סויה ללת""ס 1 ליטר","תנובה בע""\מ",IL,"משקה סויה ללת""ס",ליטרים,1.00,ליטר,false,1,11.90,11.90,true,1,
7290110325305,false,מעדן סויה ביו במתיקות200,תנובה,IL,מעדן גו סויה,גרמים,200.00,100 גרם,false,1,5.70,2.85,true,1,
7290110325312,false,מעדן סויה ביו טעם תות200,"תנובה בע""\מ",IL,מעדן סויה ביו,גרמים,200.00,100 גרם,false,1,5.70,2.85,true,1,
7290110325619,false,משקה שיבולת שועל 1 ליטר,"תנובה בע""\מ",IL,משקה שיבולת שועל,ליטרים,1.00,ליטר,false,1,14.80,14.80,true,1,
7290110327033,false,משקה סויה מועשר חלבון 1ל,תנובה בעמ,IL,משקה סויה מועשר,ליטרים,1.00,ליטר,false,1,14.80,14.80,true,1,
7290110327064,false,אייס קפה ש.שועל קרמל 1ל,,IL,אייס קפה ש.שועל,ליטרים,1.00,ליטר,false,1,13.90,13.90,true,1,
7290110327514,false,משקה ש.שועל אגוז לוז 1ל,,IL,משקה ש.שועל,ליטרים,1.00,ליטר,false,1,14.80,14.80,true,1,
7290110327798,false,חטיף חלבון גו ט.שוקולד60,"בלמונט קונפקציות בע""\מ.",US,חטיף חלבון,גרמים,60.00,100 גרם,false,1,13.90,23.17,true,1,
7290110327804,false,חטיף חלבון גו ט.עוגיות60,"בלמונט קונפקציות בע""\מ.",US,חטיף חלבון,גרמים,60.00,100 גרם,false,1,13.90,23.17,true,1,
7290110327811,false,חטיף חלבון גו ט.קוקוס60ג,"בלמונט קונפקציות בע""\מ.",US,חטיף חלבון,גרמים,60.00,100 גרם,false,1,13.90,23.17,true,1,
7290110328610,false,משקה אורז ושקדים 1 ליטר,תנובה בעמ,IL,משקה אורז ושקדים,ליטרים,1.00,ליטר,false,1,14.80,14.80,true,1,
7290110328641,false,טופו טבעי 500 גרם,,IL,טופו טבעי,גרמים,500.00,100 גרם,false,1,19.90,3.98,true,1,
7290110329792,false,מעדן סויה ביו אפרסק150ג,"תנובה בע""\מ",IL,מעדן סויה ביו,גרמים,150.00,100 גרם,false,1,5.50,3.67,true,1,
7290110329808,false,מעדן סויה ביו תות 150 גר,"תנובה בע""\מ",IL,מעדן סויה ביו,גרמים,150.00,100 גרם,false,1,5.50,3.67,true,1,
7290110329815,false,מעדן סויה ביו מעודנת150ג,"תנובה בע""\מ",IL,מעדן סויה ביו,גרמים,150.00,100 גרם,false,1,5.50,3.67,true,1,
7290110329822,false,מעדן סויה ביו פ.יער150גר,"תנובה בע""\מ",IL,מעדן סויה ביו,גרמים,150.00,100 גרם,false,1,5.50,3.67,true,1,
7290110329846,false,מעדן סויה ביו טבעי 150 ג,"תנובה בע""\מ",IL,מעדן ביו טבעי,גרמים,150.00,100 גרם,false,1,5.50,3.67,true,1,
7290111564666,false,כדורי בשר צמחוניים500 ג,טבעול,IL,כדורי בשר צמחוני,גרמים,500.00,100 גרם,false,1,34.90,6.98,true,1,
7290111936784,false,חטיפי פרי תמרים+לוז 5יח,"טבעית מוצרים מהטבע בע""\מ",IL,חטיפי פרי 5 יח,גרמים,125.00,100 גרם,false,1,17.90,14.32,true,1,
7290111937248,false,חטיפ.פרי תמר+קשיו+לוז5יח,"טבעית מוצרים מהטבע בע""\מ",IL,חטיפי פרי 5 יח,גרמים,125.00,100 גרם,false,1,17.90,14.32,true,1,
7290111937255,false,חטיפ.פרי תמר+בוטנ+לוז5יח,"טבעית מוצרים מהטבע בע""\מ",IL,חטיפי פרי 5 יח,גרמים,125.00,100 גרם,false,1,17.90,14.32,true,1,
7290111937262,false,חטיפ.פרי תמר+אגוז+קקאו5י,"טבעית מוצרים מהטבע בע""\מ",IL,חטיפי פרי 5 יח,גרמים,125.00,100 גרם,false,1,17.90,14.32,true,1,
7290112498069,false,"קוקומן דגני בוקר לל""ג375","מולינו ניקולי ,S.p.A ויה",IT,קוקומן ללא גלוטן,גרמים,375.00,100 גרם,false,1,23.90,6.37,true,1,
7290114320191,false,קרמאמא שום שמיר 240 גרם,מאמא קיו,IL,קרמאמא שום שמיר,גרמים,240.00,100 גרם,false,1,16.90,7.04,true,1,
7290114320207,false,קראמאמא זיתים 240 גרם,מאמא קיו,IL,קראמאמא זיתים,גרמים,240.00,100 גרם,false,1,16.90,7.04,true,1,
7290114320214,false,קרמאמא מעושנת בצל 240גרם,מאמא קיו,IL,קרמאמא מעושנת,גרמים,240.00,100 גרם,false,1,16.90,7.04,true,1,
7290114320238,false,גליל טבעוני גב.עיזים160ג,מאמא קיו,IL,גליל טבעוני,גרמים,160.00,100 גרם,false,1,16.90,10.56,true,1,
7290114320245,false,גליל טבעוני בטעם טבעי160,מאמא קיו,IL,גליל טבעוני,גרמים,160.00,100 גרם,false,1,16.90,10.56,true,1,
7290114320269,false,גליל טבעוני ט.פלפל קלוי,מאמא קיו,IL,גליל טבעוני,גרמים,160.00,100 גרם,false,1,16.90,10.56,true,1,
7290114320276,false,גליל טבעוני תוספת עגבניה,מאמא קיו,IL,גליל טבעוני,גרמים,160.00,100 גרם,false,1,16.90,10.56,true,1,
7290116531885,false,ממרח טבעוני הלמנס 500 גר,יוניליוור ישראל מזון בע\,IL,ממרח טבעוני,גרמים,500.00,100 גרם,false,1,17.90,3.58,true,1,
7290116930725,false,מעדן סויה ביו קוקוס150ג,תנובה בעמ,IL,מעדן סויה ביו,גרמים,150.00,100 גרם,false,1,5.50,3.67,true,1,
7290116931081,false,מעדן סויה טופי קרמל 125ג,תנובה בעמ,IL,מעדן סויה טופי,גרמים,125.00,100 גרם,false,1,4.70,3.76,true,1,
7290117260937,false,קרקר ל.גלוטן +עגבניות125,,IT,קרקר לללא גלוטן,גרמים,125.00,100 גרם,false,1,6.90,5.52,true,1,
7290117260968,false,ביסקוויטים ללא גלוטן125ג,,IT,ביסקוויט ל.גלוטן,גרמים,125.00,100 גרם,false,1,6.90,5.52,true,1,
7296058000519,false,"פריכ.כוסמת לל""ת מלח 160ג","פרח תעשיות מזון בע""מ.",IL,פריכיות כוסמת,גרמים,160.00,100 גרם,false,1,9.50,5.94,true,1,
7296058000526,false,פרכיות כוסמת,,IL,פרכיות כוסמת,גרמים,160.00,100 גרם,false,0,8.50,5.31,true,1,
7296073164388,false,עלי תרד אורגניים,,IL,עלי תרד אורגניים,יחידה,1.00,יחידה,false,0,12.90,12.90,true,1,
7296073164685,false,קייל אורגני גרין,,IL,קייל אורגני גרין,יחידה,1.00,יחידה,false,0,12.90,12.90,true,1,
7296073189596,false,חצאי בוטן מטוגן וממולח,שקרצי,IL,בוטן מטוגן200גרם,גרמים,200.00,100 גרם,false,0,8.90,4.45,true,1,
7296073195245,false,חלווה אורגנית גרין 300גר,"אחדות בע""מ א.ת. ברקן",IL,חלווה אורגנית,גרמים,300.00,100 גרם,false,0,14.80,4.93,true,1,
7296073195252,false,פריכיות אורז מלא,"פרח תעשיות מזון בע""\מ",IL,פריכיות אורז מלא,גרמים,100.00,100 גרם,false,0,8.50,8.50,true,1,
7296073195269,false,פריכיות אורז מלא+קינואה,,IL,פריכיות אורז מלא,גרמים,100.00,100 גרם,false,0,8.50,8.50,true,1,
7296073199274,false,קמח חיטה מלא,,IL,קמח חיטה מלא,קילוגרמים,1.00,"ק""ג",false,0,8.90,8.90,true,1,
7296073205111,false,"ניוקי תפו""א",,IT,"ניוקי תפו""א",גרמים,500.00,100 גרם,false,0,10.00,2.00,true,1,
7296073205418,false,פוזילי מלא,,IT,פוזילי מלא,גרמים,500.00,100 גרם,false,0,10.90,2.18,true,1,
7296073205456,false,פנה מלא אורגני,,IT,פנה מלא אורגני,גרמים,500.00,100 גרם,false,0,10.90,2.18,true,1,
7296073205463,false,פנה אורגני,,IT,פנה אורגני,גרמים,500.00,100 גרם,false,0,10.90,2.18,true,1,
7296073205616,false,תמר מג'הול אורגני גרין1ק,אלסקה,IL,תמר מג'הול גרין,קילוגרמים,1.00,"ק""ג",false,0,22.90,22.90,true,1,
7296073205692,false,רוט.עגב.שום אורג.גרין350,אלת'אה אס.פי.איי,IT,רוטבעגבניות שום,גרמים,350.00,100 גרם,false,0,10.00,2.86,true,1,
7296073205708,false,רוט.פסט.בזיליקום אורג350,אלת'אה אס.פי.איי,IT,רוטב פסטה,גרמים,350.00,100 גרם,false,0,10.00,2.86,true,1,
7296073206354,false,דבש הדרים גרין 500 גרם,,IL,דבש הדרים,גרמים,500.00,100 גרם,false,0,25.70,5.14,true,1,
7296073211679,false,קורנפלקס ללא גלוטן 500ג,נקסקוב מילס,DK,קורנפלקס,גרמים,500.00,100 גרם,false,0,12.00,2.40,true,1,
7296073218234,false,סוכר קנים חום,,IL,סוכר קנים חום,קילוגרמים,1.00,"ק""ג",false,0,10.00,10.00,true,1,
7296073220008,false,ממתיק סוכרלוז 100 שקיות,"ביסקול בע""מ",IL,ממתיק סוכרלוז,גרמים,100.00,100 גרם,false,0,17.90,17.90,true,1,
7296073224402,false,גרגירי חומוס,,IL,גרגירי חומוס,גרמים,500.00,100 גרם,false,0,11.90,2.38,true,1,
7296073224419,false,שומשום מלא,,IL,שומשום מלא,גרמים,100.00,100 גרם,false,0,5.90,5.90,true,1,
7296073224433,false,אורז חום עגול,,IL,אורז חום עגול,גרמים,500.00,100 גרם,false,0,11.90,2.38,true,1,
7296073224457,false,כוסמת אורגנית,,IL,כוסמת אורגנית,גרמים,500.00,100 גרם,false,0,9.90,1.98,true,1,
7296073224464,false,אורז לבן ארוך,,IL,אורז לבן ארוך,גרמים,500.00,100 גרם,false,0,11.90,2.38,true,1,
7296073224471,false,עדשים אדומות,,IL,עדשים אדומות,גרמים,500.00,100 גרם,false,0,10.90,2.18,true,1,
7296073224488,false,בורגול אורגני,,IL,בורגול אורגני,גרמים,500.00,100 גרם,false,0,9.90,1.98,true,1,
7296073224518,false,גרעיני חמניה,,IL,גרעיני חמניה,גרמים,100.00,100 גרם,false,0,5.90,5.90,true,1,
7296073224525,false,קוואקר אורגני,,IL,קוואקר אורגני,גרמים,500.00,100 גרם,false,0,11.90,2.38,true,1,
7296073224549,false,זרעי פשתן,,IL,זרעי פשתן,גרמים,500.00,100 גרם,false,0,11.90,2.38,true,1,
7296073224556,false,קוואקר אורג.עבה,,IL,קוואקר אורג.עבה,גרמים,500.00,100 גרם,false,0,11.90,2.38,true,1,
7296073224662,false,12ביצים חופש אורגניות M,חוות גבעות עולם,IL,ביצי חופש 12 יח,יחידה,1.00,יחידה,false,0,22.90,22.90,true,1,
7296073224679,false,12ביצים חופש אורגני L,חוות גבעות עולם,IL,ביצי חופש 12 יח,יחידה,1.00,יחידה,false,0,22.90,22.90,true,1,
7296073225560,false,"וופל ט.שוקולד ללת""ס 200ג","מנעמים תעשיות מזון בע""\מ",IL,"ופל שוקולד ללת""ס",גרמים,200.00,100 גרם,false,0,6.50,3.25,true,1,
7296073225720,false,שעועית מש,,IL,שעועית מש,גרמים,500.00,100 גרם,false,0,13.90,2.78,true,1,
7296073225737,false,שעועית אזוקי,,IL,שעועית אזוקי,גרמים,500.00,100 גרם,false,0,12.90,2.58,true,1,
7296073229698,false,12ביצים אורגנ+L.אומגה3,חוות גבעות עולם,IL,ביצים אורגניות,יחידה,1.00,יחידה,false,0,26.90,26.90,true,1,
7296073230960,false,קרקר+מלח אורגני גרין250ג,נובה אינדסטריה,IT,קרקר עם מלח,גרמים,250.00,100 גרם,false,1,6.90,2.76,true,1,
7296073230977,false,קרקר+שומש.רוזמ.גרין אורג,נובה אינדסטריה,IT,קרקר שומשום,גרמים,250.00,100 גרם,false,1,5.90,2.36,true,1,
7296073236139,false,ביצים אורגניות שופרסל XL,חוות גבעות עולם,IL,ביצים אורגניות,יחידה,1.00,יחידה,false,1,26.90,26.90,true,1,
7296073241331,false,עגבנ.שרי אדומות 460 גרם,יבולי בר אורגני,IL,עגבניות שרי,גרמים,460.00,100 גרם,false,1,13.90,3.02,true,1,
7296073244417,false,קורנפלקס ללא גלוטן 500ג,נקסקוב מילס,DK,קורנפלקס,גרמים,500.00,100 גרם,false,1,12.00,2.40,true,1,
7296073246367,false,תות שדה קפוא 300 גרם,,RS,תות שדה קפוא,גרמים,300.00,100 גרם,false,12,16.80,5.60,true,1,
7296073254164,false,"דג.בוקר נוגט לל""ג 375 גר",נייס פוד,IT,דגני בוקר נוגט,גרמים,375.00,100 גרם,false,1,16.90,4.51,true,1,
7296073254256,false,ערמונים אורגניים גרין100,CO FOODS LIYUAN HEBEI,CN,ערמונים אורגניים,גרמים,100.00,100 גרם,false,1,8.90,8.90,true,1,
7296073265344,false,חלב נטול לקטוז3%גרין 1ל,מחלבת רמת-הגולן,IL,חלב נטול לקטוז,ליטרים,1.00,ליטר,false,1,8.90,8.90,true,1,
7296073265351,false,ספגטי ללא גלוטן 400 גרם,SPA MENNUCCI PASTIFICI,IT,ספגטי ללא גלוטן,גרמים,400.00,100 גרם,false,1,11.90,2.98,true,1,
7296073265375,false,פוזילי ללא גלוטן,SPA MENNUCCI PASTIFICI,IT,פוזילי ללא גלוטן,גרמים,400.00,100 גרם,false,1,11.90,2.98,true,1,
7296073266310,false,"רסק תפו""ע ללת""ס 113*4 גר",FOODS HUIZIANG JIANGSU,CN,"רסק תפו""ע 4 יח",גרמים,452.00,100 גרם,false,1,10.90,2.41,true,1,
7296073266693,false,מיץ תפוזים אורגני גרין1ל,גניר,IL,מיץ תפוזים,ליטרים,1.00,ליטר,false,1,18.90,18.90,true,1,
7296073266709,false,"רוט.סויה ללא גלוטן280מ""ל",DEVELOPMENT YI LIAN,CN,רוטב סויה,מיליליטרים,280.00,"100 מ""ל",false,1,13.90,4.96,true,1,
7296073266723,false,רוטב סויה אורגני,DEVELOPMENT YI LIAN,CN,רוטב סויה אורגני,גרמים,300.00,100 גרם,false,1,16.90,5.63,true,1,
7296073266976,false,חטיף בוטנים ללא גלוטן80ג,סנקי,IL,חטיף בוטנים,גרמים,80.00,100 גרם,false,1,4.80,6.00,true,1,
7296073266983,false,חטיף בוטנים ללא גלוטן25ג,סנקי,IL,חטיף בוטנים,גרמים,25.00,100 גרם,false,1,2.50,10.00,true,1,
7296073269991,false,שמן זרעי ענבים מזוכך1ל,"אוליפיציו סלוודורי בע""מ",IT,שמן זרעי ענבים,ליטרים,1.00,ליטר,false,1,24.90,24.90,true,1,
7296073270003,false,חומץ בלסמי אורגני 6%,אקווניל,ES,חומץ בלסמי,מיליליטרים,500.00,"100 מ""ל",false,1,25.90,5.18,true,1,
7296073270010,false,חומץ תפוחים אורגני 5%,אקווניל,ES,חומץ תפוחים,מיליליטרים,750.00,"100 מ""ל",false,1,15.90,2.12,true,1,
7296073270027,false,חומץ יין לבן אורגני 5%,אקווניל,ES,חומץ יין לבן,מיליליטרים,500.00,"100 מ""ל",false,1,16.90,3.38,true,1,
7296073272519,false,אצות נורי לסושי 28 גרם,נאטונג איידיאה פוד,CN,אצות נורי אורגני,גרמים,28.00,100 גרם,false,1,12.90,46.07,true,1,
7296073273509,false,מקלוני אורז ללא גלוטן454,פוג'יאן לונגהי,CN,מקלוני אורז רחב,גרמים,454.00,100 גרם,false,1,9.90,2.18,true,1,
7296073274957,false,חמאת בוטנים טבעית510גרם,יונייטד פודס,IN,חמאת בוטנים,גרמים,510.00,100 גרם,false,1,12.90,2.53,true,1,
7296073277903,false,ופל מצ.שוק.גרין21.5*3ל.ג,הלווה ופלבקרי,NL,וופל מצופה,גרמים,64.00,100 גרם,false,1,9.90,15.47,true,1,
7296073285953,false,אורז בסמ.מלא אורג.גרין1ק,קהמן,IN,אורז בסמטי אורגנ,קילוגרמים,1.00,"ק""ג",false,1,10.00,10.00,true,1,
7296073288886,false,תאנים אורגני גרין 500 גר,שרייבר&רופ,TR,תאנים אורגני,גרמים,500.00,100 גרם,false,1,28.90,5.78,true,1,
7296073293019,false,פלפל אורג.סוויט גרין200ג,יבולי בר אורגני,IL,פלפל אורגני,גרמים,200.00,100 גרם,false,1,12.90,6.45,true,1,
7296073293729,false,מיץ תפוחים אורגני גרין1ל,אקילאה,IT,מיץ תפוחים,ליטרים,1.00,ליטר,false,1,18.90,18.90,true,1,
7296073294788,false,פירורי לחם ללא גלוטן250ג,אשבל מזון פונקציונלי בע\,IL,פירורי לחם,גרמים,250.00,100 גרם,false,1,15.90,6.36,true,1,
7296073294801,false,פתיתים אורז ללא גלוטן200,אשבול,IL,פתיתים אורז,גרמים,200.00,100 גרם,false,1,13.90,6.95,true,1,
7296073294825,false,תערובת לעוגה לא גלוטן500,אשבול,IL,תערובת לעוגה,גרמים,500.00,100 גרם,false,1,17.50,3.50,true,1,
7296073295655,false,"שוק.חלב ללת""ס שופרסל100ג",,IT,"שוקולד חלב ללת""ס",גרמים,100.00,100 גרם,false,1,6.90,6.90,true,1,
7296073295662,false,"שוק.מריר ללת""ס שופרסל100",,IT,שוקולד מריר ללתס,גרמים,100.00,100 גרם,false,1,6.90,6.90,true,1,
7296073298588,false,"ניוקי טריקולור לל""ג500 ג",סיימה אלימינטרי,IT,ניוקי ללא גלוטן,גרמים,500.00,100 גרם,false,1,15.90,3.18,true,1,
7296073320128,false,מלפפון בייבי אורגני יח,,IL,מלפפון בייבי,יחידה,1.00,יחידה,false,1,13.90,13.90,true,1,
7296073320159,false,חסה לבבות אורגני גרין יח,,IL,חסה לבבות,יחידה,1.00,יחידה,false,1,13.90,13.90,true,1,
7296073321392,false,צנונית אורגני גרין יח,יבולי בר אורגני,IL,צנונית אורגני,יחידה,1.00,יחידה,false,1,13.90,13.90,true,1,
7296073322542,false,סוכר קוקוס אורגני,סנקי,IL,סוכר קוקוס,גרמים,300.00,100 גרם,false,1,12.90,4.30,true,1,
7296073323051,false,פלפל חריף צ'ילי גרין80גר,נוברסקו,IT,פלפל חריף צ'ילי,גרמים,80.00,100 גרם,false,1,11.90,14.88,true,1,
7296073323129,false,שעועית לבן אורג.גרין400ג,,IT,שעועית לבנה,גרמים,400.00,100 גרם,false,1,7.90,1.98,true,1,
7296073323433,false,"סירופ מייפל טבעי 250 מ""ל",קופדקס,DK,סירופ מייפל,מיליליטרים,250.00,"100 מ""ל",false,1,22.90,9.16,true,1,
7296073323631,false,פריפלצת מחית מנגו בננ120,גו פרוסלבה,ES,מחית פירות,גרמים,120.00,100 גרם,false,1,4.50,3.75,true,1,
7296073323648,false,פריפלצת מחית בננ.תות120ג,גו פרוסלבה,ES,מחית פירות,גרמים,120.00,100 גרם,false,1,4.50,3.75,true,1,
7296073323655,false,פריפלצת מחית תפוח בננ120,גו פרוסלבה,ES,מחית פירות,גרמים,120.00,100 גרם,false,1,4.50,3.75,true,1,
7296073323662,false,פריפלצת מיקס פירות120ג,גו פרוסלבה,ES,מחית פירות,גרמים,120.00,100 גרם,false,1,4.50,3.75,true,1,
7296073323679,false,פריפלצת מחית אגס 120ג,גו פרוסלבה,ES,מחית פירות,גרמים,120.00,100 גרם,false,1,4.50,3.75,true,1,
7296073323686,false,פריפלצת מחית בננה 120ג,גו פרוסלבה,ES,מחית פירות,גרמים,120.00,100 גרם,false,1,4.50,3.75,true,1,
7296073323693,false,פריפלצת מחית תפוח 120 גר,גו פרוסלבה,ES,מחית פירות,גרמים,120.00,100 גרם,false,1,4.50,3.75,true,1,
7296073324690,false,מיץ אשכול.אדום אורגני1ל,גניר,IL,מיץ אשכוליות,ליטרים,0.00,ליטר,false,1,18.90,18.90,true,1,
7296073327264,false,פופק.ללא גלוטן דבש 60גרם,אשבל,IL,פופקורן דבש חמאה,גרמים,60.00,100 גרם,false,1,4.90,8.17,true,1,
7296073341444,false,חומץ תפוחים אורגני מלא5%,,ES,חומץ תפוחים,מיליליטרים,750.00,"100 מ""ל",false,1,18.90,2.52,true,1,
7296073345060,false,לחם לבן ללא גלוטן 500 גר,גידרון,IL,לחם לבן ל.גלוטן,גרמים,500.00,100 גרם,false,1,15.90,3.18,true,1,
7296073345732,false,טופו אורגני 300 גרם,"משק ויילר בע""\מ",IL,טופו אורגני,גרמים,300.00,100 גרם,false,1,9.90,3.30,true,1,
7296073345749,false,טופו רך גרין 300 גרם,כפרי בריא משק ויילר,IL,טופו רך,גרמים,300.00,100 גרם,false,1,8.90,2.97,true,1,
7296073345763,false,טופו טעם טבעי  300 גרם,כפרי בריא משק ויילר,IL,טופו  טעם טבעי,גרמים,300.00,100 גרם,false,1,8.90,2.97,true,1,
7296073348955,false,ספגטי אמר אורגני 500גרם,,IT,ספגטי אמר אורגני,גרמים,500.00,100 גרם,false,1,12.90,2.58,true,1,
7296073348962,false,פסטה אמר פנה אורגני500גר,,IT,פסטה פנה אורגני,גרמים,500.00,100 גרם,false,1,12.90,2.58,true,1,
7296073348993,false,פליני חיטה מלאה 500 גרם,,IT,פליני מלא אורגני,גרמים,500.00,100 גרם,false,1,10.90,2.18,true,1,
7296073352150,false,פנה עדשים אדומות 250ג,,IT,פנה עדשים אדומות,גרמים,250.00,100 גרם,false,1,6.90,2.76,true,1,
7296073352167,false,פוזילי אפונה גרין 250גר,,IT,פוזילי אפונה ללג,גרמים,250.00,100 גרם,false,1,6.90,2.76,true,1,
7296073364221,false,עלי בייבי אורגני גרין יח,,IL,עלי בייבי אורגני,יחידה,1.00,יחידה,false,1,14.90,14.90,true,1,
7296073365914,false,קמח אורז לבן ל.גלוטן 500,,IL,"קמח אורז לל""ג",גרמים,500.00,100 גרם,false,1,10.90,2.18,true,1,
7296073365938,false,קמח טפיוקה498 גרם,,IL,קמח טפיוקה,גרמים,498.00,100 גרם,false,1,11.90,2.39,true,1,
7296073368212,false,טחינה אורגנית גרין 500 ג,,IL,טחינה אורגנית,גרמים,500.00,100 גרם,false,1,10.00,2.00,true,1,
7296073372486,false,משקה אורז שקדים אורגני1ל,ליקואטס וגטאלס,ES,משקה אורז שקדים,ליטרים,1.00,ליטר,false,1,12.90,12.90,true,1,
7296073372516,false,"משקה סויה אורגני ללת""ס1ל",ליקואטס וגטאלס,ES,משקה סויה אורגני,ליטרים,1.00,ליטר,false,1,12.90,12.90,true,1,
7296073372523,false,משקה שקדים אורגני 1 ליטר,ליקואטס וגטאלס,ES,משקה שקדים,ליטרים,1.00,ליטר,false,1,12.90,12.90,true,1,
7296073372530,false,"משקה שקדים ללת""ס 1 ליטר",ליקואטס וגטאלס,ES,"משקה שקדים ללת""ס",ליטרים,1.00,ליטר,false,1,12.90,12.90,true,1,
7296073372547,false,משקה ש.שועל שקדים 1 ליטר,ליקואטס וגטאלס,ES,משקה שיבולת שועל,ליטרים,1.00,ליטר,false,1,12.90,12.90,true,1,
7296073372554,false,משקה ש.שועל אורגני 1ליטר,ליקואטס וגטאלס,ES,משקה שיבולת שועל,ליטרים,1.00,ליטר,false,1,12.90,12.90,true,1,
7296073377269,false,פולי סויה אדממה 454 גרם,,CN,פולי סויה אדממה,גרמים,454.00,100 גרם,false,1,12.90,2.84,true,1,
7296073379560,false,אטריות שעועית ל.גלוטן250,,CN,אטריות שעועית,גרמים,250.00,100 גרם,false,1,8.90,3.56,true,1,
7296073381709,false,גרעיני דלעת אורגניים300ג,,IL,גרעיני דלעת,גרמים,300.00,100 גרם,false,1,15.90,5.30,true,1,
7296073381747,false,עדשים שחורות אורגניות500,,IL,עדשים שחורות,גרמים,500.00,100 גרם,false,1,15.90,3.18,true,1,
7296073384779,false,פריפלצת אגס גזר דלעת120,פרוסלה,ES,פריפלצת אגס גזר,גרמים,120.00,100 גרם,false,1,4.50,3.75,true,1,
7296073384786,false,פריפלצת גזר בטטה 120 גרם,פרוסלה,ES,פריפלצת גזר בטטה,גרמים,120.00,100 גרם,false,1,4.50,3.75,true,1,
7296073384793,false,פריפלצת דלעת בטטה 120ג,פרוסלה,ES,פריפלצת דלעת,גרמים,120.00,100 גרם,false,1,4.50,3.75,true,1,
7296073389422,false,"שמן זית אורגני 750 מ""ל",,IT,שמן זית אורגני,מיליליטרים,750.00,"100 מ""ל",false,1,29.90,3.98,true,1,
7296073389446,false,בגט גרעינים ללא גלוטן240,,IL,"בגט גרעינים לל""ג",גרמים,240.00,100 גרם,false,1,15.90,6.63,true,1,
7296073389460,false,לחם  בסגנון צרפתי 500 גר,,IL,לחם בסגנון צרפתי,גרמים,500.00,100 גרם,false,1,23.90,4.78,true,1,
7296073389477,false,לחם גרעינים ללא גלוטן500,,IL,לחם עם גרעינים,גרמים,500.00,100 גרם,false,1,24.90,4.98,true,1,
7296073392880,false,"חטיף אורז ואפונה לל""ג60ג",,IT,חטיף אורז ואפונה,גרמים,60.00,100 גרם,false,1,10.90,18.17,true,1,
7296073393580,false,פת פריכה ל.גלוטן200ג,,CZ,פת פריכה ל.גלוטן,גרמים,200.00,100 גרם,false,1,10.00,5.00,true,1,
7296073398141,false,תפוחונים ללא גלוטן22 גרם,,CN,"תפוחונים לל""ג",גרמים,22.00,100 גרם,false,1,4.50,20.45,true,1,
7296073398158,false,תפוחונים גרין1+5מארז132ג,,CN,תפוחונים מארז6יח,גרמים,132.00,100 גרם,false,1,13.90,10.53,true,1,
7296073398271,false,טופו חומוס 300 גרם,"משק ויילר בע""\מ",IL,טופו חומוס,גרמים,300.00,100 גרם,false,1,12.50,4.17,true,1,
7296073399544,false,חלב נטול לקטוז2% 1 ליטר,מחלבות רמת הגולן,IL,חלב נטול לקטוז,ליטרים,1.00,ליטר,false,1,8.90,8.90,true,1,
7296073402961,false,"מלח הימלאיה גס 1 ק""ג",סולטס אן סולטס,PK,מלח הימלאיה גס,קילוגרמים,1.00,"ק""ג",false,1,17.90,17.90,true,1,
7296073402978,false,"מלח אטלנטי 1 ק""ג",סולטס אן סולטס,PT,"מלח אטלנטי 1 ק""ג",קילוגרמים,1.00,"ק""ג",false,1,10.00,10.00,true,1,
7296073404255,false,שורש כורכום אורג.גרין יח,,IL,שורש כורכום גרין,יחידה,1.00,יחידה,false,1,21.90,21.90,true,1,
7296073404262,false,בוקצ'וי אורגני גרין יח,,IL,בוקצ'וי  אורגני,יחידה,1.00,יחידה,false,1,14.90,14.90,true,1,
7296073415336,false,טחינה עם שום בקבוק  300ג,,IL,טחינה עם שום,גרמים,300.00,100 גרם,false,1,15.90,5.30,true,1,
7296073415572,false,שניצלוני תירס צמחוני 650,"טיבון ויל אחזקות בע""\מ",IL,שניצלוני תירס צמ,גרמים,650.00,100 גרם,false,1,21.90,3.37,true,1,
7296073416005,false,"תפוחונים קינמון לל""ג 22ג",,CN,תפוחונים קינמון,גרמים,22.00,100 גרם,false,1,4.50,20.45,true,1,
7296073416012,false,תפוחונים קינמון 1+5מארז,,CN,תפוחונים 6 יח,גרמים,132.00,100 גרם,false,1,13.90,10.53,true,1,
7296073416098,false,מי קוקוס טבעי אורגני 1 ל,,VN,מי קוקוס טבעי,ליטרים,1.00,ליטר,false,1,16.90,16.90,true,1,
7296073416104,false,"מי קוקוס אורגני 330 מ""ל",,VN,מי קוקוס טבעי,מיליליטרים,330.00,"100 מ""ל",false,1,9.60,2.91,true,1,
7296073416111,false,"מי קוקוס אננס 330 מ""ל",,VN,מי קוקוס אננס,מיליליטרים,330.00,"100 מ""ל",false,1,9.60,2.91,true,1,
7296073420323,false,פריכיות כוסמת אורגנית160,,IL,פריכיות כוסמת,גרמים,160.00,100 גרם,false,1,10.90,6.81,true,1,
7296073420330,false,פריכיות כוסמת ללא מלח160,,IL,פריכיות כוסמת,גרמים,160.00,100 גרם,false,1,10.90,6.81,true,1,
7296073424376,false,חסה אורגני יחידה,,IL,חסה אורגני יחידה,יחידה,1.00,יחידה,false,1,6.90,6.90,true,1,
7296073424406,false,בצל ירוק אורגני יחידה,,IL,בצל ירוק אורגני,יחידה,1.00,יחידה,false,1,9.90,9.90,true,1,
7296073424437,false,פטרוזיליה אורגני יחידה,,IL,פטרוזיליה אורגני,יחידה,1.00,יחידה,false,1,6.90,6.90,true,1,
7296073424451,false,נענע אורגני יחידה,,IL,נענע אורגני,יחידה,1.00,יחידה,false,1,6.90,6.90,true,1,
7296073426523,false,חלב אורגני גרין 3% 1 ל,מחלבות רמת הגולן,IL,חלב אורגני גרין,ליטרים,1.00,ליטר,false,1,10.90,10.90,true,1,
7296073426530,false,חלב אורגני גרין 1% 1ליטר,מחלבות רמת הגולן,IL,חלב אורגני גרין,ליטרים,1.00,ליטר,false,1,10.90,10.90,true,1,
7296073426608,false,עוג.ללא גלוטן  לימון150ג,,IT,עוגיות ללא גלוטן,גרמים,150.00,100 גרם,false,1,12.90,8.60,true,1,
7296073429142,false,פיתה עגולה ללא גלוטן450ג,,IL,"פיתה קפואות לל""ג",גרמים,450.00,100 גרם,false,1,20.90,4.64,true,1,
7296073431244,false,גאודה נטול לקטוז 150 גרם,,PL,גאודה נטול לקטוז,גרמים,150.00,100 גרם,false,1,7.50,5.00,true,1,
7296073444428,false,קינואה אורגנית אדומה340ג,,PE,קינואה אורגנית,גרמים,340.00,100 גרם,false,1,14.90,4.38,true,1,
7296073447108,false,קמח עמילן ללא גלוטן500,,IT,קמח בסיס עמילן,גרמים,500.00,100 גרם,false,1,14.90,2.98,true,1,
7296073451501,false,"בורקס תפו""א ללא גלוטן500",גידרון,IL,"בורקס תפו""א",גרמים,500.00,100 גרם,false,1,24.90,4.98,true,1,
7296073454274,false,יוגורט BIO אורגני3% 180ג,מחלבות רמת הגולן,IL,יוגורט ביו 3%,גרמים,180.00,100 גרם,false,1,4.70,2.61,true,1,
7296073458029,false,יוגורט BIO אורגני1801.5%,מחלבות רמת הגולן,IL,יוגורט ביו 1.5%,גרמים,180.00,100 גרם,false,1,4.70,2.61,true,1,
7296073459231,false,קמח רב תכליתי ללא גלוטן,NIEDZWIADY MLYN,PL,קמח רב תכליתי,גרמים,500.00,100 גרם,false,1,19.90,3.98,true,1,
7296073473664,false,עוגת שוקולד ללא גלוטן350,גידרון,IL,עוגת שוקולד,גרמים,350.00,100 גרם,false,1,20.90,5.97,true,1,
7296073473800,false,ספגטי קונג'אק ל.גלוטן270,MORNING EASTERN SICHUAN,CN,ספגטי קונג'אק,גרמים,270.00,100 גרם,false,1,10.90,4.04,true,1,
7296073473824,false,נודלס קונג'אק ל.גלוטן270,MORNING EASTERN SICHUAN,CN,נודלס קונג'אק,גרמים,270.00,100 גרם,false,1,10.90,4.04,true,1,
7296073473886,false,משקה סויה מתוק.מעודן1ל,,ES,משקה סויה אורגני,ליטרים,1.00,ליטר,false,1,12.90,12.90,true,1,
7296073485629,false,גרנולה בתוספת גרעינים300,"אפקטבעי בע""\מ",IL,גרנולה בתוספת,גרמים,300.00,100 גרם,false,1,17.90,5.97,true,1,
7296073495857,false,טופו אורגני רך 300 גרם,"משק ויילר בע""\מ",IL,טופו אורגני,גרמים,300.00,100 גרם,false,1,9.90,3.30,true,1,
7296073496601,false,קרם קוקוס אורגני 500 גרם,COCONUT THAI,TH,קרם קוקוס אורגני,מיליליטרים,500.00,"100 מ""ל",false,1,15.90,3.18,true,1,
7296073496830,false,עגבנ.אורגניות מקולפות400,S.P.A DAVIA,IT,עגבניות אורגניות,גרמים,400.00,100 גרם,false,1,3.90,0.98,true,1,
7296073497431,false,ופלים אפיפיות ל.גלוטן400,"כרמית תעשיות ממתקים בע""\",IL,וופלים אפיפיות,גרמים,400.00,100 גרם,false,1,14.90,3.73,true,1,
7296073497721,false,ש.שועל דקה ללא גלוטן500ג,,IL,שיבולת שועל דקה,גרמים,500.00,100 גרם,false,1,18.90,3.78,true,1,
7296073497738,false,ש.שועל עבה ללא גלוטן500ג,,IL,שבולת שועל עבה,גרמים,500.00,100 גרם,false,1,18.90,3.78,true,1,
7296073497813,false,סילאן אורגני 900 גרם,FACTORY DATES BARAKAH AL,AE,סילאן אורגני,גרמים,900.00,100 גרם,false,1,25.90,2.88,true,1,
7296073516019,false,דגנים ציפוי שוק.לבן65ג,נטורל קייקס,IL,דגנים בציפוי ללג,גרמים,65.00,100 גרם,false,1,9.90,15.23,true,1,
7296073516026,false,דגנים בציפוי שוקולד 65ג,נטורל קייקס,IL,דגנים בציפוי,גרמים,65.00,100 גרם,false,1,9.90,15.23,true,1,
7296073526414,false,שזיפים אורגניים מיובש250,SERENA,BG,שזיפים אורגניים,גרמים,250.00,100 גרם,false,1,21.90,8.76,true,1,
7296073526438,false,צימוקים אורגניים250 גרם,FOODS OZGUR,TR,צימוקים אורגניים,גרמים,250.00,100 גרם,false,1,11.90,4.76,true,1,
7296073526445,false,צימוקים אורגניים 500 גרם,FOODS OZGUR,TR,צימוקים אורגניים,גרמים,500.00,100 גרם,false,1,20.90,4.18,true,1,
7296073530374,false,טחינה אורגנית גרין 500 ג,אחדות,IL,טחינה אורגנית,גרמים,500.00,100 גרם,false,1,10.00,2.00,true,1,
7296073530381,false,טחינה אורגנית מלאה500ג,אחדות,IL,טחינה אורגנית,גרמים,500.00,100 גרם,false,1,10.00,2.00,true,1,
7297488098152,false,קמח חומוס,,IL,קמח חומוס,גרמים,500.00,100 גרם,false,0,18.00,3.60,true,1,
7297488098169,false,קמח תירס ל.גלוטן,,IL,קמח תירס ל.גלוטן,גרמים,500.00,100 גרם,false,0,9.90,1.98,true,1,
7297488098183,false,קמח אורז,,IL,קמח אורז,גרמים,500.00,100 גרם,false,0,11.50,2.30,true,1,
7297488098220,false,"קמח תפו""א",,IL,"קמח תפו""א",גרמים,500.00,100 גרם,false,0,12.90,2.58,true,1,
7297488098299,false,קמח טפיוקה,,IL,קמח טפיוקה,גרמים,500.00,100 גרם,false,0,10.00,2.00,true,1,
7297488098305,false,קמח שקדים,,IL,קמח שקדים,גרמים,250.00,100 גרם,false,0,27.90,11.16,true,1,
7297488099760,false,עוג.חלווה ללא גלוטן250גר,תגלית הטעם,IL,עוגיות חלווה,גרמים,250.00,100 גרם,false,1,29.90,11.96,true,1,
7297488099821,false,"גרנולה ל.גלוטן ללת""ס250ג",תגלית הטעם,IL,"גרנולה ללת""ס",גרמים,250.00,100 גרם,false,1,17.50,7.00,true,1,
7297488099890,false,פרוסות קלאסי 9% 200 גרם,ויגרדן,IL,פרוסות קלאסי,גרמים,200.00,100 גרם,false,1,19.90,9.95,true,1,
7297488099906,false,פרוסות קלאסי 18% 200 גרם,ויגרדן,IL,פרוסות קלאסי,גרמים,200.00,100 גרם,false,1,19.90,9.95,true,1,
7297488099951,false,מלוחה 5% 250 גרם,ויגרדן,IL,מלוחה 5%,גרמים,250.00,100 גרם,false,1,19.90,7.96,true,1,
7297488099968,false,מלוחה 16% 250 גרם,ויגרדן,IL,מלוחה 16%,גרמים,250.00,100 גרם,false,1,19.90,7.96,true,1,
7394376123337,false,משקה ש.שועל אורגני 1ל,טרנסומס פוד,SE,משקה שיבולת שועל,ליטרים,1.00,ליטר,false,1,14.90,14.90,true,1,
7394376615825,false,משקה ש.שועל מועשר סידן1ל,טרנסומס פוד,SE,משקה שיבולת שועל,ליטרים,1.00,ליטר,false,1,14.90,14.90,true,1,
7394376616778,false,משקה שבולת שועל בריסטנ1ל,,SE,משקה שיבולת שועל,ליטרים,1.00,ליטר,false,1,16.90,16.90,true,1,
7503012779405,false,סירופ אגבה,,MX,סירופ אגבה,גרמים,660.00,100 גרם,false,0,30.90,4.68,true,1,
7610148246586,false,שוקולד 100% פולי קקאו70ג,שוקולד סטלה,CH,שוקולד פולי קקאו,גרמים,70.00,100 גרם,false,0,19.90,28.43,true,1,
7613037811629,false,גו פרי קורנפלקס 500 גרם,סי. פי. אנגליה,GB,גו פרי קורנפלקס,גרמים,500.00,100 גרם,false,1,14.90,2.98,true,1,
8000215204219,false,משקה אורז אורגני,,IT,משקה אורז אורגני,ליטרים,1.00,ליטר,false,0,15.90,15.90,true,1,
8000215204240,false,משקה שקדים ואורז 1 ליטר,אלינור,IT,משקה שקדים ואורז,ליטרים,1.00,ליטר,false,0,15.90,15.90,true,1,
8000215204264,false,"משקה אורז אישי 200 מ""ל",אלינור,IT,משקה אורז,מיליליטרים,200.00,"100 מ""ל",false,1,4.50,2.25,true,1,
8000215204370,false,תחליף שמנת צמחי אורג200,,IT,תחליף שמנת,מיליליטרים,200.00,"100 מ""ל",false,1,6.80,3.40,true,1,
8000215204387,false,"רוטב בשמל צמחי 500 מ""ל",ויטריז,IT,רוטב בשמל צמחי,מיליליטרים,500.00,"100 מ""ל",false,1,12.90,2.58,true,1,
8000215204394,false,משקה אגוזי לוז ואורז 1ל,אלינור,US,משקה ויטריז,ליטרים,1.00,ליטר,false,0,19.90,19.90,true,1,
8000215204554,false,משקה אורז קוקוס אורגני1ל,אלינור,IT,משקה אורז קוקוס,ליטרים,1.00,ליטר,false,1,15.90,15.90,true,1,
8000215204561,false,משקה שקדים אורגני1ליטר,אלינור,IT,משקה שקדים,ליטרים,1.00,ליטר,false,1,13.90,13.90,true,1,
8000215204653,false,משקה סויה אורגני 1ליטר,אלינור,IT,משקה סויה אורגני,ליטרים,1.00,ליטר,false,1,14.50,14.50,true,1,
8000215204677,false,משקה ש.שועל בריסטה 1 ל',אלינור,IT,משקה שיבולת שועל,ליטרים,1.00,ליטר,false,1,15.90,15.90,true,1,
8000215204714,false,משקה שיבולת שועל,,IT,משקה שיבולת שועל,ליטרים,1.00,ליטר,false,0,15.90,15.90,true,1,
8001505000184,false,מ.אוכמניות אורגנ,,IT,מ.אוכמניות אורגנ,גרמים,250.00,100 גרם,false,0,23.90,9.56,true,1,
8001505000306,false,מעדן פירות יער,,IT,מעדן פירות יער,גרמים,250.00,100 גרם,false,0,19.70,7.88,true,1,
8001505000313,false,מ.אגוזי לוז,,IT,מ.אגוזי לוז,גרמים,270.00,100 גרם,false,0,23.90,8.85,true,1,
8001505001105,false,ממרח אגוזי לוז טבעוני270,ריג'\וני דה אסינו,IT,ממרח אגוזי לוז,גרמים,270.00,100 גרם,false,1,23.90,8.85,true,1,
8007270999012,false,שמן גרעיני ענבים,,IT,שמן גרעיני ענבים,ליטרים,1.00,ליטר,false,0,47.90,47.90,true,1,
8008698002100,false,"גריסיני אפויים לל""ג150ג",,IT,גריסיני אפויים,גרמים,150.00,100 גרם,false,0,21.90,14.60,true,1,
8008698004807,false,קמח ללא גלוטן שר,,AT,קמח ללא גלוטן שר,גרמים,1000.00,100 גרם,false,0,31.90,3.19,true,1,
8008698004852,false,תערוב.למאפים ללא גלוטן1ק,טעמן,IT,תערובת למאפים,קילוגרמים,1.00,"ק""ג",false,0,31.90,31.90,true,1,
8008698008157,false,עוגיות ממולאות,,IT,עוגיות ממולאות,גרמים,100.00,100 גרם,false,0,10.90,10.90,true,1,
8008698024065,false,"פאן בלנקו פרוס לל""ג250ג",,IT,פאן בלנקו פרוס,גרמים,250.00,100 גרם,false,1,17.90,7.16,true,1,
8008698024188,false,"פאן רוסטיקו פרוס לל""ג250",,IT,פאן רוסטיקו פרוס,גרמים,250.00,100 גרם,false,1,17.90,7.16,true,1,
8008940228005,false,עוג.כוסמין גנדולה 300 גר,גנדולה ביסקוטי,IT,עוגיות כוסמין,גרמים,300.00,100 גרם,false,1,18.90,6.30,true,1,
8010024006010,false,חמאת שקדים100% 350 גרם,נטורפוד בעמ,IT,חמאת שקדים100%,גרמים,350.00,100 גרם,false,1,44.90,12.83,true,1,
8017938005122,false,ח. תפוחים אורגני,,IT,ח. תפוחים אורגני,מיליליטרים,750.00,"100 מ""ל",false,0,16.90,2.25,true,1,
8017938005764,false,מיץ תפוחים,,IT,מיץ תפוחים,ליטרים,1.00,ליטר,false,0,21.00,21.00,true,1,
8023678161363,false,משקה שיבולת שועל אורגני1,אבאפודס,IT,משקה שיבולת שועל,ליטרים,1.00,ליטר,false,0,12.90,12.90,true,1,
8023678164517,false,"משקה שקדים טבעי ללת""ס1 ל",אבאפודס,IT,משקה שקדים טבעי,ליטרים,1.00,ליטר,false,1,16.90,16.90,true,1,
8024046201018,false,מחית שזיפים אורגני 120 ג,ביואיטליה,IT,מחית אורגנית,גרמים,120.00,100 גרם,false,1,6.90,5.75,true,1,
8024046202015,false,מחית אורגני תות בננה120ג,ביואיטליה,IT,מחית אורגנית,גרמים,120.00,100 גרם,false,1,6.90,5.75,true,1,
8024046203012,false,מחית תפוחי עץ ואוכמניות,ביואיטליה,IT,מחית אורגנית,גרמים,120.00,100 גרם,false,1,6.90,5.75,true,1,
8024046204019,false,מחית גזר משמש דלעת 120 ג,ביואיטליה,IT,מחית אורגנית,גרמים,120.00,100 גרם,false,1,6.90,5.75,true,1,
8024046205016,false,"מחית ת""ע קיווי תרד 120 ג",ביואיטליה,IT,מחית אורגנית,גרמים,120.00,100 גרם,false,1,6.90,5.75,true,1,
8024985002783,false,סמוזי גזר ודלעת אורגנ100,נטורה נובה,IT,סמוזי גזר ודלעת,גרמים,100.00,100 גרם,false,1,6.50,6.50,true,1,
8024985002912,false,סמוזי תפוח אגס בטטה 100ג,נטורה נובה,IT,סמוזי תפוח אגס,גרמים,100.00,100 גרם,false,1,6.50,6.50,true,1,
8024985002950,false,סמוזי שזיף אורגני 100 גר,נטורה נובה,IT,סמוזי שזיף,גרמים,100.00,100 גרם,false,1,6.50,6.50,true,1,
8024985005234,false,סמוזי תפוח אפרסק 100 גרם,נטורה נובה,IT,סמוזי תפוח אפרסק,גרמים,100.00,100 גרם,false,1,6.50,6.50,true,1,
8024985005302,false,סמוזי תפ.רימ.פטל אורג120,נטורה נובה,IT,סמוזי,גרמים,120.00,100 גרם,false,1,6.00,5.00,true,1,
8024985008044,false,סמוזי אגס,,IT,סמוזי אגס,גרמים,100.00,100 גרם,false,0,6.50,6.50,true,1,
8024985008051,false,סמוזי פירות אדום,,IT,סמוזי פירות אדום,גרמים,100.00,100 גרם,false,0,6.50,6.50,true,1,
8024985011204,false,סמוזי תפוח תות בננה 100ג,נטורה נובה,IT,סמוזי תפוח,גרמים,100.00,100 גרם,false,1,6.50,6.50,true,1,
8032685196800,false,עגבניות מרוסקות,,IT,עגבניות מרוסקות,גרמים,720.00,100 גרם,false,0,15.50,2.15,true,1,
8032804430471,false,פסטה עדשים אדום ל.ג250גר,מולינו אנדריאני,IT,פסטה עדשים,גרמים,250.00,100 גרם,false,1,12.90,5.16,true,1,
8032804432017,false,פוזילי כוסמת אורג.ל.ג340,מולינו אנדריאני,IT,פוזילי כוסמת,גרמים,340.00,100 גרם,false,1,14.90,4.38,true,1,
8032804432024,false,לזניה אורז מלא אורגני250,מולינו אנדריאני,IT,לזניה אורז מלא,גרמים,250.00,100 גרם,false,1,17.50,7.00,true,1,
8052440756216,false,שמן חמניות 1ליטר,,IT,שמן חמניות 1ליטר,ליטרים,1.00,ליטר,false,0,34.00,34.00,true,1,
8052440756315,false,שמן קנולה 1ליטר,,IT,שמן קנולה 1ליטר,ליטרים,1.00,ליטר,false,0,33.20,33.20,true,1,
8121300207004,false,טרוביה סטיביה בצנצנת270ג,קארגיל,US,טרוביה בצנצנת,גרמים,270.00,100 גרם,false,1,34.90,12.93,true,1,
8121300207172,false,תערובת סוכר קנים500 גרם,,US,סטיביה סוכר קנים,גרמים,500.00,100 גרם,false,1,34.90,6.98,true,1,
8121300208780,false,טרוביה תחליף סוכר 360 גר,,US,טרוביה תחליף,גרמים,360.00,100 גרם,false,1,35.90,9.97,true,1,
8410128768355,false,משקה סויה ויוה סוי 1 ל',S.A.U\n PASCUAL CALIDAD,ES,משקה סויה,ליטרים,1.00,ליטר,false,1,11.90,11.90,true,1,
8410128768416,false,משקה בריסטה ויוה סוי 1 ל,S.A.U\n PASCUAL CALIDAD,ES,משקה סויה בריסטה,ליטרים,1.00,ליטר,false,1,11.90,11.90,true,1,
8410376010701,false,"ביסקוויט מרי ללת""ס 400 ג",גולון,ES,"ביסקוויט ללת""ס",גרמים,400.00,100 גרם,false,1,19.90,4.98,true,1,
8410376037883,false,עוג.שוקוצ'יפס ל.גלוטן130,גולון,ES,שוקולד שוקוצ'יפס,גרמים,130.00,100 גרם,false,0,12.90,9.92,true,1,
8437000299653,false,חטיף צ'יפס מתובל125ג,,ES,חטיף צ'יפס,גרמים,125.00,100 גרם,false,0,18.90,15.12,true,1,
8714443620030,false,מרק ירקות,,NL,מרק ירקות,גרמים,200.00,100 גרם,false,0,26.90,13.45,true,1,
8850161167089,false,קוקו וואי משקה קוקוס 1 ל,טויו טייקאן קו.אל.טי.די,TH,משקה קוקוס,ליטרים,1.00,ליטר,false,1,18.90,18.90,true,1,
8850367992164,false,קרם קוקוס22%ל.גלוטן250מל,c coconut Theppadungporn,TH,קרם קוקוס,מיליליטרים,250.00,"100 מ""ל",false,0,8.80,3.52,true,1,
8858271003938,false,רוטב קארי ירוק,,TH,רוטב קארי ירוק,גרמים,250.00,100 גרם,false,0,14.80,5.92,true,1,
9322969000015,false,פריכיות תירס 150 גרם,אלגם גיל,AU,פריכיות תירס,גרמים,150.00,100 גרם,false,0,12.90,8.60,true,1,
9322969000022,false,פריכיות תירס+סויה150כשלפ,אלגם גיל,AU,פריכיות תירס,גרמים,150.00,100 גרם,false,0,12.90,8.60,true,1,
9322969000039,false,"פריכ.תירס+דגנים150כשל""פ",ריאל פודס בעמ,AU,פריכיות תירס,גרמים,150.00,100 גרם,false,1,12.90,8.60,true,1,
9322969000046,false,פריכיות תירס אורגני150גר,ריאל פודס בעמ,AU,פריכיות תירס,גרמים,150.00,100 גרם,false,0,12.90,8.60,true,1,
