code,internal_code,name,manufacturer_name,manufacture_country,manufacturer_item_description,unit_qty,quantity,unit_of_measure,weighted,qty_in_package,price,unit_of_measure_price,allow_discount,status,item_id
55,true,משלוחים לבית,,,משלוחים לבית,יחידה,0.00,יחידה,false,,29.90,0.0000,true,1,54571
161,true,קישוא עגול,,,קישוא עגול,קילוגרמים,1.00,"ק""ג",true,,13.90,13.9000,true,1,54589
173,true,דלעת ערמונים,,,דלעת ערמונים,קילוגרמים,1.00,"ק""ג",true,,12.90,12.9000,true,1,54594
301,true,בקבוק ריק חוזר בירה,,,בקבוק ריק חוזר בירה,יחידה,0.00,יחידה,false,,1.20,0.0000,true,1,7178
374,true,פטריות שמפניון,,,פטריות שמפניון,יח',1.00,יח',false,,10.90,10.9000,true,1,54620
413,true,רול/קוקטייל בולגרית/,,,רול/קוקטייל בולגרית/,קילוגרמים,1.00,"ק""ג",true,,45.00,45.0000,true,1,2828
505,true,כלי בית טקסטיל,,,כלי בית טקסטיל,יחידה,0.00,יחידה,false,,44.90,0.0000,true,1,29404
519,true,מעורב בבגט,,,מעורב בבגט,יחידה,0.00,יחידה,false,,25.00,0.0000,true,1,72629
572,true,קופון מצטרף חדש למוע,,,קופון מצטרף חדש למוע,יחידה,0.00,יחידה,false,,0.01,0.0000,true,1,37970
996,true,חלה קלועה,,,חלה קלועה,יח',1.00,יח',false,,13.90,13.9000,true,1,210096
998,true,חלה מתוקה קלועה,,,חלה מתוקה קלועה,יח',1.00,יח',false,,13.90,13.9000,true,1,2840
1009,true,בגט שלם,,,בגט שלם,יח',1.00,יח',false,,5.50,5.5000,true,1,66436
1011,true,לחמנית קוראסול,,,לחמנית קוראסול,יח',1.00,יח',false,,5.20,5.2000,true,1,66438
1014,true,בגט רוסטיק,,,בגט רוסטיק,יח',1.00,יח',false,,9.90,9.9000,true,1,2846
1020,true,שליש בגט,,,שליש בגט,יח',1.00,יח',false,,3.70,3.7000,true,1,2849
1028,true,חצי בגט,,,חצי בגט,יח',1.00,יח',false,,4.50,4.5000,true,1,66439
1043,true,כרוב לבן כשר,,,כרוב לבן כשר,קילוגרמים,1.00,"ק""ג",true,,14.90,14.9000,true,1,54706
1050,true,לחמניה חיטה מלאה (10,,,לחמניה חיטה מלאה (10,יח',1.00,יח',false,,3.90,3.9000,true,1,66441
1058,true,חלה רגילה/חלה ציפורי,,,חלה רגילה/חלה ציפורי,גרמים,500.00,100 גרם,false,,5.17,1.0340,true,1,5033
1060,true,פלפל טינקרבל אורגני,,,פלפל טינקרבל אורגני,גרמים,200.00,100 גרם,false,,11.90,5.9500,true,1,54709
1073,true,סופגניה גדולה בודדת,,,סופגניה גדולה בודדת,יחידה,0.00,יחידה,false,,4.30,0.0000,true,1,105759
1079,true,מיני סופגניה בודדת,,,מיני סופגניה בודדת,יחידה,0.00,יחידה,false,,3.60,0.0000,true,1,97380
1091,true,צנונית בייבי,,,צנונית בייבי,גרמים,400.00,100 גרם,false,,6.90,1.7250,true,1,54716
1095,true,בייבי בטטה,,,בייבי בטטה,יח',1.00,יח',false,,9.90,9.9000,true,1,54719
1128,true,אגס חום,,,אגס חום,קילוגרמים,1.00,"ק""ג",true,,17.90,17.9000,true,1,54727
1475,true,עגבניות מגי (שקיל),,,עגבניות מגי (שקיל),קילוגרמים,1.00,"ק""ג",true,,14.90,14.9000,true,1,282255
1488,true,אשכולית אדומה,,,אשכולית אדומה,קילוגרמים,1.00,"ק""ג",true,,6.90,6.9000,true,1,54738
1494,true,תפו`א לבן תפזורת,,,תפו`א לבן תפזורת,קילוגרמים,1.00,"ק""ג",true,,5.90,5.9000,true,1,54744
1495,true,תפו`א אדום תפזורת,,,תפו`א אדום תפזורת,קילוגרמים,1.00,"ק""ג",true,,6.90,6.9000,true,1,102649
1500,true,פלפל כתום,,,פלפל כתום,קילוגרמים,1.00,"ק""ג",true,,10.90,10.9000,true,1,54750
1501,true,עגבניות,,,עגבניות,קילוגרמים,1.00,"ק""ג",true,,8.90,8.9000,true,1,54751
1502,true,מלפפונים,,,מלפפונים,קילוגרמים,1.00,"ק""ג",true,,8.90,8.9000,true,1,54752
1503,true,גזר ארוז,,,גזר ארוז,קילוגרמים,1.00,"ק""ג",true,,5.90,5.9000,true,1,54753
1504,true,סלק,,,סלק,קילוגרמים,1.00,"ק""ג",true,,5.90,5.9000,true,1,54754
1505,true,כרוב לבן,,,כרוב לבן,קילוגרמים,1.00,"ק""ג",true,,5.90,5.9000,true,1,54755
1506,true,כרוב אדום,,,כרוב אדום,קילוגרמים,1.00,"ק""ג",true,,5.90,5.9000,true,1,54756
1507,true,כרובית,,,כרובית,קילוגרמים,1.00,"ק""ג",true,,13.90,13.9000,true,1,54757
1510,true,קישואים,,,קישואים,קילוגרמים,1.00,"ק""ג",true,,9.90,9.9000,true,1,54759
1511,true,חצילים,,,חצילים,קילוגרמים,1.00,"ק""ג",true,,8.90,8.9000,true,1,54760
1513,true,פלפל ירוק,,,פלפל ירוק,קילוגרמים,1.00,"ק""ג",true,,9.90,9.9000,true,1,54761
1515,true,פלפל חריף,,,פלפל חריף,קילוגרמים,1.00,"ק""ג",true,,9.90,9.9000,true,1,54763
1516,true,פלפל אדום,,,פלפל אדום,קילוגרמים,1.00,"ק""ג",true,,10.90,10.9000,true,1,54764
1517,true,פלפל רומרו,,,פלפל רומרו,קילוגרמים,1.00,"ק""ג",true,,16.90,16.9000,true,1,102726
1519,true,בצל יבש,,,בצל יבש,קילוגרמים,1.00,"ק""ג",true,,5.90,5.9000,true,1,54767
1521,true,קולורבי,,,קולורבי,קילוגרמים,1.00,"ק""ג",true,,9.90,9.9000,true,1,54768
1522,true,חסה ערבית,,,חסה ערבית,יח',1.00,יח',false,,5.90,5.9000,true,1,54769
1527,true,פטרוזיליה גומי,,,פטרוזיליה גומי,יח',1.00,יח',false,,3.90,3.9000,true,1,54773
1528,true,כוסברה גומי,,,כוסברה גומי,יח',1.00,יח',false,,3.90,3.9000,true,1,54774
1529,true,שמיר גומי,,,שמיר גומי,יח',1.00,יח',false,,3.90,3.9000,true,1,54775
1530,true,נענע גומי,,,נענע גומי,יח',1.00,יח',false,,3.90,3.9000,true,1,54776
1531,true,לפת,,,לפת,קילוגרמים,1.00,"ק""ג",true,,9.90,9.9000,true,1,54777
1533,true,שעועית ירוקה,,,שעועית ירוקה,קילוגרמים,1.00,"ק""ג",true,,23.90,23.9000,true,1,54779
1535,true,תפו`א אדום ארוז,,,תפו`א אדום ארוז,קילוגרמים,1.00,"ק""ג",true,,5.90,5.9000,true,1,54781
1541,true,ארטישוק,,,ארטישוק,קילוגרמים,1.00,"ק""ג",true,,19.90,19.9000,true,1,102731
1545,true,שום ארוז ייבוא יח',,,שום ארוז ייבוא יח',יח',1.00,יח',false,,5.90,5.9000,true,1,54791
1547,true,שומר,,,שומר,קילוגרמים,1.00,"ק""ג",true,,8.90,8.9000,true,1,54793
1548,true,תות שדה ביח',,,תות שדה ביח',יח',1.00,יח',false,,24.90,24.9000,true,1,101377
1550,true,תפו`א לבן ארוז,,,תפו`א לבן ארוז,קילוגרמים,1.00,"ק""ג",true,,4.90,4.9000,true,1,54796
1551,true,לימון,,,לימון,קילוגרמים,1.00,"ק""ג",true,,9.90,9.9000,true,1,54797
1552,true,תפוז,,,תפוז,קילוגרמים,1.00,"ק""ג",true,,6.90,6.9000,true,1,54798
1553,true,ענב לבן,,,ענב לבן,קילוגרמים,1.00,"ק""ג",true,,29.90,29.9000,true,1,54799
1555,true,תפוז ארוז,,,תפוז ארוז,קילוגרמים,1.00,"ק""ג",true,,5.90,5.9000,true,1,54801
1556,true,בננה מובחרת,,,בננה מובחרת,קילוגרמים,1.00,"ק""ג",true,,6.90,6.9000,true,1,54802
1557,true,צנון,,,צנון,קילוגרמים,1.00,"ק""ג",true,,9.90,9.9000,true,1,54803
1558,true,אשכולית צהובה,,,אשכולית צהובה,קילוגרמים,1.00,"ק""ג",true,,6.90,6.9000,true,1,54804
1560,true,דלעת ארוזה,,,דלעת ארוזה,קילוגרמים,1.00,"ק""ג",true,,10.90,10.9000,true,1,54806
1561,true,תפוח עץ זהוב,,,תפוח עץ זהוב,קילוגרמים,1.00,"ק""ג",true,,11.90,11.9000,true,1,54807
1563,true,תפוח עץ חרמון,,,תפוח עץ חרמון,קילוגרמים,1.00,"ק""ג",true,,11.90,11.9000,true,1,54809
1564,true,תפוח עץ סמיט,,,תפוח עץ סמיט,קילוגרמים,1.00,"ק""ג",true,,11.90,11.9000,true,1,54810
1568,true,רימון,,,רימון,קילוגרמים,1.00,"ק""ג",true,,12.90,12.9000,true,1,54813
1570,true,קלמנטינה,,,קלמנטינה,קילוגרמים,1.00,"ק""ג",true,,6.90,6.9000,true,1,54815
1571,true,פלפל שושקה,,,פלפל שושקה,קילוגרמים,1.00,"ק""ג",true,,12.90,12.9000,true,1,54816
1572,true,אבוקדו מובחר,,,אבוקדו מובחר,קילוגרמים,1.00,"ק""ג",true,,13.90,13.9000,true,1,54817
1573,true,מנגו,,,מנגו,קילוגרמים,1.00,"ק""ג",true,,26.90,26.9000,true,1,54818
1574,true,בטטה מתוקה,,,בטטה מתוקה,קילוגרמים,1.00,"ק""ג",true,,10.90,10.9000,true,1,54819
1576,true,אגס,,,אגס,קילוגרמים,1.00,"ק""ג",true,,15.90,15.9000,true,1,54820
1581,true,פלפל צהוב,,,פלפל צהוב,קילוגרמים,1.00,"ק""ג",true,,10.90,10.9000,true,1,54824
1588,true,תירס ארוז,,,תירס ארוז,קילוגרמים,1.00,"ק""ג",true,,9.90,9.9000,true,1,54829
1590,true,משורית סרט 1590 ממ,,,משורית סרט 1590 ממ,,1000.00,,false,,8.90,0.0089,true,1,86399
1590,true,משורית סרט 1590 ממ,,,פומלה,קילוגרמים,1.00,"ק""ג",true,,8.90,8.9000,true,1,54830
1591,true,ענב אדום,,,ענב אדום,קילוגרמים,1.00,"ק""ג",true,,29.90,29.9000,true,1,54831
1595,true,חציל בלדי,,,חציל בלדי,קילוגרמים,1.00,"ק""ג",true,,11.90,11.9000,true,1,54834
1601,true,סלרי חתוך ליח,,,סלרי חתוך ליח,יח',1.00,יח',false,,6.90,6.9000,true,1,54839
1604,true,אפרסמון,,,אפרסמון,קילוגרמים,1.00,"ק""ג",true,,16.90,16.9000,true,1,54842
1605,true,גויאבה,,,גויאבה,קילוגרמים,1.00,"ק""ג",true,,21.90,21.9000,true,1,54843
1607,true,תפו`א קטן אפיה ארוז,,,תפו`א קטן אפיה ארוז,קילוגרמים,1.00,"ק""ג",true,,5.90,5.9000,true,1,54845
1613,true,דלורית,,,דלורית,קילוגרמים,1.00,"ק""ג",true,,6.90,6.9000,true,1,54850
1615,true,בצל אדום,,,בצל אדום,קילוגרמים,1.00,"ק""ג",true,,7.90,7.9000,true,1,54852
1616,true,כוסברה כשר,,,כוסברה כשר,יח',1.00,יח',false,,5.90,5.9000,true,1,55588
1617,true,אננס,,,אננס,יח',1.00,יח',false,,49.90,49.9000,true,1,54853
1618,true,אפרסמון קרמבו,,,אפרסמון קרמבו,קילוגרמים,1.00,"ק""ג",true,,16.90,16.9000,true,1,98056
1619,true,פומלית,,,פומלית,קילוגרמים,1.00,"ק""ג",true,,6.90,6.9000,true,1,54855
1620,true,קיווי,,,קיווי,קילוגרמים,1.00,"ק""ג",true,,19.90,19.9000,true,1,54856
1621,true,קרמבולה,,,קרמבולה,קילוגרמים,1.00,"ק""ג",true,,39.90,39.9000,true,1,54857
1632,true,קישוא זוקיני ירוק,,,קישוא זוקיני ירוק,קילוגרמים,1.00,"ק""ג",true,,12.90,12.9000,true,1,54865
1634,true,פפאיה,,,פפאיה,קילוגרמים,1.00,"ק""ג",true,,19.90,19.9000,true,1,54866
1645,true,תפוח עץ גלה,,,תפוח עץ גלה,קילוגרמים,1.00,"ק""ג",true,,11.90,11.9000,true,1,54873
1646,true,סלרי ראש,,,סלרי ראש,יח',1.00,יח',false,,6.90,6.9000,true,1,177031
1673,true,קישוא כרעה,,,קישוא כרעה,קילוגרמים,1.00,"ק""ג",true,,14.90,14.9000,true,1,54885
1682,true,פסיפלורה יח',,,פסיפלורה יח',גרמים,300.00,100 גרם,false,,19.90,6.6333,true,1,54894
1683,true,תפוח עץ פינק קריפס,,,תפוח עץ פינק קריפס,קילוגרמים,1.00,"ק""ג",true,,14.90,14.9000,true,1,54895
1708,true,גזר תפזורת,,,גזר תפזורת,קילוגרמים,1.00,"ק""ג",true,,6.90,6.9000,true,1,54912
1733,true,שורש פטרוזיליה,,,שורש פטרוזיליה,יח',1.00,יח',false,,6.90,6.9000,true,1,54920
1840,true,ברוקולי,,,ברוקולי,קילוגרמים,1.00,"ק""ג",true,,18.90,18.9000,true,1,54946
1841,true,תפוח פינק קריפס מאר,,,תפוח פינק קריפס מאר,גרמים,600.00,100 גרם,false,,14.90,2.4833,true,1,54947
1845,true,שעועית ירוקה יח`,,,שעועית ירוקה יח`,יח',1.00,יח',false,,15.90,15.9000,true,1,54949
1847,true,גזר צבעוני,,,גזר צבעוני,יח',1.00,יח',false,,9.90,9.9000,true,1,54950
1883,true,שום יבש תפזורת,,,שום יבש תפזורת,קילוגרמים,1.00,"ק""ג",true,,19.90,19.9000,true,1,62179
1988,true,כרובית ארוזה,,,כרובית ארוזה,יח',1.00,יח',false,,13.90,13.9000,true,1,242325
2000,true,"בורקס גבינה/תפו""א",,,"בורקס גבינה/תפו""א",קילוגרמים,1.00,"ק""ג",true,,45.00,45.0000,true,1,2860
2001,true,מב בורקס תורכי בטעמי,,,*מבצע* בורקס תורכי ב,קילוגרמים,1.00,"ק""ג",true,,37.00,37.0000,true,1,2861
2002,true,עוגיות שמרים/ביס חיט,,,עוגיות שמרים/ביס חיט,קילוגרמים,1.00,"ק""ג",true,,45.00,45.0000,true,1,2862
2008,true,רוגלך,,,רוגלך,קילוגרמים,1.00,"ק""ג",true,,41.00,41.0000,true,1,39756
2012,true,מב אוזני פיל פרווה,,,*מבצע* אוזני פיל פרו,קילוגרמים,1.00,"ק""ג",true,,27.90,27.9000,true,1,65201
3500,true,עוף טרי שלם,,,עוף טרי שלם,קילוגרמים,1.00,"ק""ג",true,,19.90,19.9000,true,1,28000
3501,true,כרעיים עוף טרי,,,כרעיים עוף טרי,קילוגרמים,1.00,"ק""ג",true,,29.90,29.9000,true,1,28001
3502,true,חזה עוף טרי,,,חזה עוף טרי,קילוגרמים,1.00,"ק""ג",true,,34.90,34.9000,true,1,28002
3507,true,שניצל עוף פרוס טרי,,,שניצל עוף פרוס טרי,קילוגרמים,1.00,"ק""ג",true,,38.90,38.9000,true,1,20241
3512,true,שוארמה נקבה טרי,,,שוארמה נקבה טרי,קילוגרמים,1.00,"ק""ג",true,,74.90,74.9000,true,1,28010
3517,true,שוקיים פטם טרי,,,שוקיים פטם טרי,קילוגרמים,1.00,"ק""ג",true,,34.90,34.9000,true,1,28014
3522,true,שוארמה פרגיות טרי,,,שוארמה פרגיות טרי,קילוגרמים,1.00,"ק""ג",true,,59.90,59.9000,true,1,28018
3546,true,בשר עוף טרי טחון,,,בשר עוף טרי טחון,קילוגרמים,1.00,"ק""ג",true,,36.90,36.9000,true,1,16079
3551,true,גרון עוף טרי,,,גרון עוף טרי,קילוגרמים,1.00,"ק""ג",true,,7.90,7.9000,true,1,41485
4015,true,קוקוס ראש,,,קוקוס ראש,יח',1.00,יח',false,,6.90,6.9000,true,1,54991
4650,true,5 יח' לחמניות שמיניה,,,5 יח' לחמניות שמיניה,יח',1.00,יח',false,,18.90,18.9000,true,1,216422
5504,true,דונאטס בטעמים מצופה,,,דונאטס בטעמים מצופה,גרמים,45.00,100 גרם,false,,6.90,15.3333,true,1,184836
7664,true,שרי תמר תפזורת לובלו,,,שרי תמר תפזורת לובלו,קילוגרמים,1.00,"ק""ג",true,,25.90,25.9000,true,1,54994
8888,true,פיקדון זיכוי לקוח,,,פיקדון זיכוי לקוח,יחידה,0.00,יחידה,false,,0.30,0.0000,true,1,39511
9999,true,פיקדון בקבוקים,,,פיקדון בקבוקים,יחידה,0.00,יחידה,false,,0.30,0.0000,true,1,17
5678585,true,ענב סקרלוטה,,,ענב סקרלוטה,קילוגרמים,1.00,"ק""ג",true,,29.90,29.9000,true,1,130677
40084107,false,ביצת שוקולד הפתעה קינדר,קריות זול,IT,ביצת הפתעה קינדר 20,גרמים,20.00,100 גרם,false,,7.30,36.5000,true,1,85045
59039549,false,סיגריות ווג פריזון מ,Unknown,,ווג קופסא בודדת פריס,יחידה,0.00,יחידה,false,,39.00,0.0000,false,1,4655
59455233,false,סיגריות ווג ליידי כח,Unknown,,ווג ליידי בלו קופסא,יחידה,0.00,יחידה,false,,39.00,0.0000,false,1,4656
72917367,false,טעמי חטיף במילוי קרם נוגט וקרמל,"שטראוס גרופ בע""מ",IL,טעמי 40 גר',גרמים,40.00,100 גרם,false,,4.90,12.2500,true,1,23991
72940754,false,מעדן מילקי בטעם וניל עם קצפת,"שטראוס גרופ בע""מ",IL,"מילקי וניל 170 מ""ל",מיליליטרים,170.00,"100 מ""ל",false,,3.10,1.8235,true,1,24727
72940761,false,מעדן מילקי בטעם שוקולד עם קצפת,מיוצר עי קונדיטוריית,IL,מילקי שוקולד מהדרין,מיליליטרים,170.00,"100 מ""ל",false,,3.10,1.8235,true,1,24728
72940952,false,מעדן מילקי בטעם שוקולד עם אקסטרה קצפת,"שטראוס גרופ בע""מ",IL,מילקי אקסטראה קצפת מ,מיליליטרים,110.00,"100 מ""ל",false,,4.10,3.7273,true,1,24729
72940983,false,חומוס אחלה 250 גרם,אחלה - שטראוס,IL,אחלה חומוס 250ג,גרמים,250.00,100 גרם,false,,7.90,3.1600,true,1,24731
72941041,false,מעדן מילקי מיני בטעם שוקולד עם קצפת,"שטראוס גרופ בע""מ",IL,מיני מילקי שוקולד 70,מיליליטרים,70.00,"100 מ""ל",false,,2.60,3.7143,true,1,24732
72961506,false,יוגורט עם תות 1.5% שומן 125 ג' פרילי,מיוצר עי קונדיטוריית,IL,פרילי תות 1.5% 125מל,מיליליטרים,125.00,"100 מ""ל",false,,4.10,3.2800,true,1,27094
72961520,false,יוגורט עם אננס 1.5% שומן 125 ג' פרילי,מיוצר עי קונדיטוריית,IL,פרילי אננס 1.5% 125מ,מיליליטרים,125.00,"100 מ""ל",false,,4.10,3.2800,true,1,27096
72961544,false,באדי יוגורט בטעם תות שדה 3%,מחלבת אלון תבור,IL,באדי תות 125מל,מיליליטרים,125.00,"100 מ""ל",false,,3.50,2.8000,true,1,27097
72963753,false,שמנת אורגינל של פעם 27% שומן 200 ג' תנובה,תנובה מרכז שיתופי לש,IL,תנובה שמנת של פעם 27,מיליליטרים,200.00,"100 מ""ל",false,,4.20,2.1000,true,1,27103
72964132,false,פרילי טבע עם גרנולה 1.5% 200מל,מיוצר עי קונדיטוריית,IL,פרילי טבע עם גרנולה,מיליליטרים,200.00,"100 מ""ל",false,,5.50,2.7500,true,1,27105
72964422,false,תנובה יוגורט פרחים 4.5% 200מל,מחלבת תנובה,IL,תנובה יוגורט פרחים 4,מיליליטרים,200.00,"100 מ""ל",false,,3.50,1.7500,true,1,27107
72983997,false,סיגריות גולף גולד 10,דובק,,גולף גולד ארוך,יחידה,0.00,יחידה,false,,30.90,0.0000,false,1,5165
72986370,false,"גלידת בן & ג'ריס פיינטים וניל 500מ""ל",מוצרי איכות אמריקאים,IL,גלידת פיינטים וניל צ,מיליליטרים,420.00,"100 מ""ל",false,,26.90,6.4048,true,1,15064
72986424,false,"גלידת בן & ג'ריס פיינטים קרם עוגיות 500מ""ל",מוצרי איכות אמריקאיי,IL,גלידת פיינטים קרם עו,מיליליטרים,420.00,"100 מ""ל",false,,26.90,6.4048,true,1,15065
72986448,false,"גלידת בן & ג'ריס פיינטים טופי קראנץ 500מ""ל",מוצרי איכות אמריקאיי,IL,גלידת טופי קרנץ,מיליליטרים,420.00,"100 מ""ל",false,,26.90,6.4048,true,1,15066
72986455,false,"ניו יורק סופר גלידת שוקולד, חתיכות פאדג' ואגוזים",מוצרי איכות אמריקאיי,IL,גלידת פיינטים ניו-יו,מיליליטרים,420.00,"100 מ""ל",false,,26.90,6.4048,true,1,15067
72986479,false,"צ'אנקי מנקי גלידת וניל, בננות, חתיכות פאדג' ואגוזים",מוצרי איכות אמריקאיי,IL,גלידת פיינטים צאנקי,מיליליטרים,420.00,"100 מ""ל",false,,26.90,6.4048,true,1,15068
72989425,false,"גלידת בן & ג'ריס פיינטים שוקולד בראוניז 500מ""ל",מוצרי איכות אמריקאיי,IL,גלידת פיינטים שוקולד,מיליליטרים,500.00,"100 מ""ל",false,,26.90,5.3800,true,1,15070
72991008,false,פסק זמן חלב מגדים 45גרם,"שטראוס גרופ בע""מ",IL,"פסק זמן קלאסי בד""צ",גרמים,45.00,100 גרם,false,,5.90,13.1111,true,1,23997
72991374,false,סיגריות טיים רד חפיס,דובק,,טיים רד,יחידה,0.00,יחידה,false,,29.90,0.0000,false,1,5167
72991381,false,סיגריות טיים 100 רד,דובק,,טיים רד ארוך,יחידה,0.00,יחידה,false,,29.90,0.0000,false,1,5168
72993637,false,מעדן חלב בטעם שוקולד 125 ג' דני,מחלבת אחיהוד,IL,דני מהדרין שוקו בודד,מיליליטרים,125.00,"100 מ""ל",false,,3.10,2.4800,true,1,24736
72994061,false,חטיף פסק זמן Z Good ופל מגולגל,שולן צ'יקולטה גידה ס,TR,פסק זמן 36גר,גרמים,36.00,100 גרם,false,,5.90,16.3889,true,1,96820
76136184,false,סיגריות פאל מאל סלים כחול,Unknown,,פאל מאל בלו סופרסלימ,יחידה,0.00,יחידה,false,,31.00,0.0000,false,1,4658
80050124,false,סוכריות מנטה 16 ג' טיק טק,קריות זול,ZA,טיק טק סוכריות,גרמים,16.00,100 גרם,false,,4.10,25.6250,true,1,48717
80052760,false,קינדר בואנו Kinder Bueno עם חלב ואגוזי לוז,קריות זול,PL,חטיף קינדר בואנו שוק,גרמים,43.00,100 גרם,false,,5.90,13.7209,true,1,48721
80176800,false,"ממרח שוקולד נוטלה, 750 גר",פררו תעשיות איטליה ס,IT,ממרח שוקולד נוטלה 75,גרמים,750.00,100 גרם,false,,29.00,3.8667,true,1,48723
80177173,false,ממרח אגוזי לוז עם קקאו,נוטלה Nutella,IT,ממרח נוטלה קקאו עם א,גרמים,350.00,100 גרם,false,,17.90,5.1143,true,1,48724
80177609,false,אצבעות שוקולד קינדר Kinder ארבע יחידות,קריות זול,IT,קינדר אצבעות שוק.חלב,גרמים,50.00,100 גרם,false,,5.50,11.0000,true,1,48725
80177616,false,אצבעות שוקולד קינדר Kinder שמונה יחידות,קריות זול,IT,אצבעות שוקולד קינדר,גרמים,100.00,100 גרם,false,,9.40,9.4000,true,1,48726
80773429,false,מסטיק מנטוס פיור פרש בבקבוק בינוני בטעם תות 60 ג',פרפטי ואן מלה הולנד,TR,מסטיק מנטוס בקבוק בט,גרמים,60.00,100 גרם,false,,10.90,18.1667,true,1,114210
80773443,false,מסטיק מנטוס בבקבוק מעוגל בטעם מנטה מעודנת 60 ג',פרפטי ואן מלה הולנד,TR,מסטיק מנטוס בקבוק בט,גרמים,60.00,100 גרם,false,,10.90,18.1667,true,1,84883
80790990,false,מסטיק מנטוס בבקבוק מעוגל בטעם פירות -מנטה 60 ג',פרפטי ואן מלה הולנד,TR,מסטיק מנטוס בקבוק בט,גרמים,60.00,100 גרם,false,,10.90,18.1667,true,1,84884
80854753,false,סוכריות מנטוס מנטה 30 יח' ללא סוכר CLEAN BREATH,מנטוס Mentos,NL,"ס.מנטוס מנטה לל""ס 30",גרמים,21.00,100 גרם,false,,7.90,37.6190,true,1,236368
80864295,false,סוכריות פיור וויט טעם מנטה עדינה 60 ג' מנטוס,פרפטי ואן מלה הולנד,TR,מנטוס פיור וויט ללא,גרמים,60.00,100 גרם,false,,10.90,18.1667,true,1,374710
80874652,false,קינדר קארדס 120 גרם - בודד,פררו,IT,קינדר קארדס חטיף בוד,גרמים,25.60,100 גרם,false,,4.50,17.5781,true,1,139069
80896081,false,מסטיק מנטוס פיור פרש בבקבוק בינוני בטעם אבטיח 60 ג',פרפטי ואן מלה הולנד,TR,מסטיק מנטוס בקבוק בט,גרמים,60.00,100 גרם,false,,10.90,18.1667,true,1,114215
80913467,false,מסטיק מנטו בבקבוק מעוגל בטעם מנטה 60 ג',פרפטי ואן מלה הולנד,TR,מסטיק מנטוס בקבוק בט,גרמים,60.00,100 גרם,false,,10.90,18.1667,true,1,84885
80945468,false,סוכריות פיור וויט טעם מנטה מתוקה 60 ג' מנטוס,פרפטי ואן מלה הולנד,TR,מנטוס פיור וויט ללא,גרמים,60.00,100 גרם,false,,10.90,18.1667,true,1,374711
80986348,false,סוכריות פיור וויט טעם מנטה 60 ג' מנטוס,פרפטי ואן מלה הולנד,TR,מנטוס פיור וויט ללא,גרמים,60.00,100 גרם,false,,10.90,18.1667,true,1,374712
80995128,false,מנטוס - מסטיק בטעם הדרים בתוספת ויטמינים 60 גרם,פרפטי ואן מלה הולנד,TR,מסטיק מנטוס ויטמין ל,גרמים,60.00,100 גרם,false,,10.90,18.1667,true,1,497871
87108538,false,סוכריות מנטוס Mentos תות שדה,הדקלאים אגודת שיתופי,NL,מנטוס תות בגליל 37.5,גרמים,37.50,100 גרם,false,,4.50,12.0000,true,1,13743
87108651,false,מארז סוכריות מנטוס Mentos מנטה,הדקלאים אגודת שיתופי,NL,סוכריות מנטוס מנטה 1,גרמים,150.00,100 גרם,false,,12.90,8.6000,true,1,13744
87108712,false,מארז סוכריות מנטוס Mentos פירות,פרפטי ואן מלה ברדה,NL,סוכריות מנטוס פירות,גרמים,150.00,100 גרם,false,,12.90,8.6000,true,1,13745
87221503,false,מיונז הולנדי אמיתי 6,,,מיונז הולנדי אמיתי 6,גרמים,650.00,100 גרם,false,,34.90,5.3692,true,1,453146
90087974,false,"חומץ תפוחים 5% 750 מ""ל",ראוך פרוכטסאפה,,חומץ תפוחים 5% תומר,מיליליטרים,750.00,"100 מ""ל",false,,16.90,2.2533,true,1,26266
90162602,false,משקה אנרגיה רד בול 250 מ''ל,רד בול ג'י.אם.בי. אץ,AT,משקה אנרגיה RED BULL,מיליליטרים,250.00,"100 מ""ל",false,,8.50,3.4000,true,1,11875
198888886,false,עיגול אגורות,,,עיגול אגורות,יחידה,0.00,יחידה,false,,1.00,0.0000,true,1,57462
8112100298,false,שמן שומשום טהור לא מ,Flavor full foods in,,שמן שומשום טהור לא מ,מיליליטרים,185.00,"100 מ""ל",false,,15.90,8.5946,true,1,15126
8421361250,false,בובת TY עיניים גדולות (S) דיוק הכלב לבן חום,,,בובות TY עיניים גדול,יחידה,0.00,יחידה,false,,28.90,0.0000,true,1,34365
9800800056,false,חטיף שוקולד עם מקלות לחם אנד גו,נוטלה Nutella,DE,ממרח נוטלה & GO,גרמים,52.00,100 גרם,false,,6.90,13.2692,true,1,48731
10900678148,false,רדיד אלומיניום נון ס,,,רדיד אלומיניום נון ס,יחידה,0.00,יחידה,false,,15.90,0.0000,true,1,371447
11182700954,false,קינג קול שעועית שחורה 439 גרם,קינג קול,,שעועית שחורה 232 גרם,גרמים,439.00,100 גרם,false,,10.90,2.4829,true,1,64504
11210000094,false,"רוטב ""טבסקו"" על בסיס פלפל אדום 60 מ""ל",מקאילהייני אייבורי,US,טבסקו,מיליליטרים,60.00,"100 מ""ל",false,,13.90,23.1667,true,1,51611
12300119139,false,סיגריות וינסטון כחול,Unknown,,ווינסטון בלו פאקט 10,יחידה,0.00,יחידה,false,,330.00,0.0000,false,1,4665
16000185517,false,דגני בוקר פייבר וואן עתירי סובין FIBRE1,בטר אנד דיפרנט,US,פייבר1- דגני בוקר עת,גרמים,555.00,100 גרם,false,,26.90,4.8468,true,1,369833
16000423534,false,ניטשר ואלי חטיף שיבולת שועל שוקולד מריר קראנצי 210ג',ג'נרל מילס סאן אדריא,ES,חטיף קראנצי שיבולת ש,גרמים,210.00,100 גרם,false,,22.90,10.9048,true,1,13754
16000548404,false,ניטשר ואלי חטיף קראנצי גרנולה שיבולת שועל 210 ג',ג'נרל מילס סאן אדריא,ES,חטיף קראנצי גרנולה ש,גרמים,210.00,100 גרם,false,,22.90,10.9048,true,1,13758
16229924263,false,"קרם קוקוס 250 מ""ל.",ארוי די AROY-D,,"קרם קוקוס 250 מ""ל.",מיליליטרים,250.00,"100 מ""ל",false,,10.90,4.3600,true,1,110200
18000701223,false,תערובת להכנת עוגה בטעם שוקולד,הדקלאים אגודת שיתופי,IL,תערובת לעוגת שוק.דוי,גרמים,500.00,100 גרם,false,,19.90,3.9800,true,1,13763
18000703494,false,תערובת עוגת וניל פיסברי 500 גר',הדקלאים אגודת שיתופי,IL,תערובת לעוגת וניל פר,גרמים,517.00,100 גרם,false,,19.90,3.8491,true,1,13764
18000766413,false,תערובת בראוניס פילסברי 500 גר',הדקלאים אגודת שיתופי,IL,תערובת לעוגת בראוניס,גרמים,550.00,100 גרם,false,,19.90,3.6182,true,1,13766
25675120068,false,סאוור סטיקס Sour Sticks בטעם קולה,פשקז Paskesz,NL,חמצוצים מקלות קולה 1,גרמים,100.00,100 גרם,false,,10.90,10.9000,true,1,4379
31200001597,false,גרגירי חמוציות ממותקים ומיובשים,אושן ספריי,,חמוציות ממותקות ומיו,גרמים,170.00,100 גרם,false,,11.90,7.0000,true,1,13770
31290140176,false,שוקולד מריר בתוספת שקדים 90 ג' Godiva sticks,פלאדיס,TR,שוקולד מריר בתוספת ש,גרמים,90.00,100 גרם,false,,16.90,18.7778,true,1,263912
34000148301,false,הרשי נטיפי אפייה שוקולד מריר 340 ג',הרשיס Hershey's,,הרשי נטיפי אפייה שוק,גרמים,340.00,100 גרם,false,,19.90,5.8529,true,1,91315
34000196173,false,קוקיס אנד קרים בטעם שוקולד לבן עם שברי עוגיות,הרשיס Hershey's,,הרשיז קוקיס אנד קרים,גרמים,113.00,100 גרם,false,,8.90,7.8761,true,1,13776
34000996643,false,הרשי דרופס פאוצ' 215 גרם,,,מטבעות בטעם שוקולד ל,גרמים,215.00,100 גרם,false,,19.90,9.2558,true,1,461987
37600207256,false,חמאת בוטנים סקיפי עם שברי בוטנים 462 גר',חברת המזון אלגוד,US,סקיפי חמאת בוטנים עם,גרמים,462.00,100 גרם,false,,21.90,4.7403,true,1,5840
38000232152,false,פרינגלס ברביקיו 158 גרם – חדש,פרינגלס מניופקצ'ורינ,US,פרינגלס ביג ברביקיו,גרמים,158.00,100 גרם,false,,10.90,6.8987,true,1,215333
38000232176,false,חטיף צ'יפס שמנת חמוצה ובצל,פרינגלס מניופקצ'ורינ,US,פרינגלס ביג שמנת בצל,גרמים,158.00,100 גרם,false,,10.90,6.8987,true,1,215334
38000232183,false,פרינגלס אורגינל 149 גרם,פרינגלס מניופקצ'ורינ,US,פרינגלס ביג אורגינל,גרמים,158.00,100 גרם,false,,10.90,6.8987,true,1,215335
38527591053,false,קוואקר מרובעים קינמון דגני בוקר 412 גרם,BEVERAGES FOODS & SE,US,דגני בוקר מרובעים קי,גרמים,412.00,100 גרם,false,,23.90,5.8010,true,1,25318
38527591060,false,דגני קוואקר מרובעים Quaker Squares עם סוכר חום,BEVERAGES FOODS & SE,US,דגני בוקר מרובעים קו,גרמים,412.00,100 גרם,false,,23.90,5.8010,true,1,25319
40000513568,false,סוכריות אם אנד אמס M&M שוקולד חלב,M&M אם אנד אם,US,עדשי שוקולד M&M,גרמים,156.00,100 גרם,false,,13.90,8.9103,true,1,97805
40000514480,false,M&M אריזה קטנה's שוקולד אריזה קטנה 48 גרם,M&M אם אנד אם,,עדשי שוקולד M&M שוקו,גרמים,48.00,100 גרם,false,,5.90,12.2917,true,1,14679
40000514510,false,M&M אריזה קטנה's בוטנים אריזה קטנה 49 גרם,M&M אם אנד אם,,בוטנים 49 גרם M&M עד,גרמים,49.00,100 גרם,false,,5.90,12.0408,true,1,14680
46214731552,false,עוגיות שוקולד ציפס מובחרות 225 ג',קריניציה ויטמינה אס,NL,מרבה עוגיות שוקולד צ,גרמים,225.00,100 גרם,false,,11.90,5.2889,true,1,23252
50000100347,false,"פריסקיז - מעדני החתול מועשר בחלב 1.40 ק""ג",נסטלה פורינה USA מק,US,פריסקיז מעדני החתול,קילוגרמים,1.40,"ק""ג",false,,39.90,28.5000,true,1,20964
50000170180,false,פריסקיז ריים פילה עוף ברוטב 156 ג',פורינה Purina,US,פריסקיז פריים פילה ע,גרמים,156.00,100 גרם,false,,7.50,4.8077,true,1,20965
50000429448,false,פנסי פיסט - מוס סלמון 85 גרם,נסטלה פורינה USA סט,US,פנסי פיסט פטה מוס סל,גרמים,85.00,100 גרם,false,,6.90,8.1176,true,1,20976
50000429646,false,פנסי פיסט - דג אוקיינוס 85 גרם,נסטלה פורינה USA ג',US,פנסי פיסט פטה דג אוק,גרמים,85.00,100 גרם,false,,6.90,8.1176,true,1,20977
52100006260,false,אבקת שום 88 גרם McCo,מקרומיק,US,אבקת שום 88 גרם McCo,גרמים,88.00,100 גרם,false,,29.90,33.9773,true,1,447621
52100040806,false,תערובת תיבול שום בצל,מקורמיק,US,תערובת תיבול שום בצל,גרמים,120.00,100 גרם,false,,27.90,23.2500,true,1,447695
54881005654,false,תה אהמאד ירוק יסמין מארז 2X20ג',תה אחמד Ahmad tea,,תה ירוק יסמין 20 שקי,גרמים,180.00,100 גרם,false,,11.90,6.6111,true,1,282741
54881006958,false,תה אהמאד שחור קינמון מארז 2X20ג',תה אחמד Ahmad tea,,תה שחור קינמון 20 שק,גרמים,695.00,100 גרם,false,,10.90,1.5683,true,1,282724
55369902564,false,אפלסנקס רביעיות רסק תפוחי עץ ללא תוספת סוכר עברית,ליייהי אורצ'רדס,,אפלסנקס רסק תפוחי עץ,גרמים,452.00,100 גרם,false,,14.90,3.2965,true,1,39985
58000142169,false,קולגייט טוטאל קלין מ,CP,MX,משחת שיניים קולגייט,מיליליטרים,170.00,"100 מ""ל",false,,29.90,17.5882,true,1,511170
64144090013,false,תרסיס שמן טעם חמאה פאם 141 ג',קונאגרה פודס,US,תרסיס שמן פאם חמאה 1,מיליליטרים,148.00,"100 מ""ל",false,,21.90,14.7973,true,1,13789
64144090051,false,"תרסיס שמן קנולה פאם 148 מ""ל",קונאגרה פודס,US,תרסיס שמן קנולה פאם,מיליליטרים,148.00,"100 מ""ל",false,,21.90,14.7973,true,1,13791
70177077563,false,תה טווינינג ארל גריי,אר. טווינינגס אנד קו,PL,טווינינג ארל גריי 50,גרמים,50.00,100 גרם,false,,19.90,39.8000,true,1,128539
70177077693,false,טווינינג אינגליש ברק,אר. טווינינגס אנד קו,PL,טווינינג אינגליש ברק,גרמים,50.00,100 גרם,false,,19.90,39.8000,true,1,128540
76840002542,false,"גלידת בן & ג'ריס פיינט נטפליקס וצ'ילד 500מ""ל",מוצרי איכות אמריקאים,IL,גלידת פיינטים נטפליק,מיליליטרים,420.00,"100 מ""ל",false,,26.90,6.4048,true,1,238338
76840100583,false,"גלידת וניל עם בצק עוגיות בן וג'ירי 473 מ""ל",מוצרי איכות אמריקאיי,IL,גלידה וניל +בצק עוגי,מיליליטרים,473.00,"100 מ""ל",false,,26.90,5.6871,true,1,15081
76840400218,false,"גלידה בן&ג'ריס תות שדה ועוגת גבינה 500מ""ל",מוצרי איכות אמריקאיי,IL,בן&גריס גלידה תות שד,מיליליטרים,475.00,"100 מ""ל",false,,26.90,5.6632,true,1,15096
77245110610,false,סוכריות מאסט ללא סוכר בטעם מנטה 80 ג'עלית,MIESZKO S.A - MS. JO,IL,סוכריות מאסט ללא סוכ,גרמים,80.00,100 גרם,false,,8.90,11.1250,true,1,24005
77975094631,false,סנדביץ בייגלה במילוי קרם בטעם צ'דר 226 גרם סניידרס,סניידרס Snyder's,,סניידרס בייגלה סנדוו,גרמים,266.00,100 גרם,false,,17.90,6.7293,true,1,298855
77975094761,false,שברי בייגלה בטעם צ'דר 340 גרם סניידרס,סניידרס Snyder's,US,סניידרס צ'דר 340 גרם,גרמים,340.00,100 גרם,false,,17.90,5.2647,true,1,298870
77975094778,false,סניידרס שברי בייגל בטעם דבש וחרדל 340 גר,סניידרס Snyder's,US,סניידרס שברי בייגלה,גרמים,340.00,100 גרם,false,,17.90,5.2647,true,1,332995
77975095157,false,סניידרס שברי בייגלה חלפינו 318ג,סניידרס Snyder's,,בייגלה סניידרס בטעם,גרמים,318.00,100 גרם,false,,17.90,5.6289,true,1,458190
77975095164,false,שברי בייגלה בטעם פרמז'ן ושום 318 ג' סניידרס,סניידרס,US,בייגלה סניידרס בטעם,גרמים,318.00,100 גרם,false,,17.90,5.6289,true,1,497888
611745285685,true,אבוקדו בשל יח,,,אבוקדו בשל יח,גרמים,470.00,100 גרם,false,,9.90,2.1064,true,1,109948
628154383659,false,דגני בוקר פרוטי פבלס 311 ג' POST,פוסט לקיוויל,PL,דגני בוקר פרוטי פבלס,גרמים,311.00,100 גרם,false,,26.90,8.6495,true,1,413679
693493065641,false,טחינה הר כנען 500 גר,,,טחינת הר כנען 100% ש,גרמים,500.00,100 גרם,false,,15.90,3.1800,true,1,379100
710535495539,false,"אורז בסמטי 96% 1 ק""ג Avel",,,"אבאל אורז בסמטי 1 ק""",קילוגרמים,1.00,"ק""ג",false,,12.90,12.9000,true,1,245107
728229124764,false,ציפס חטיף טרה בטטה מ,היין פיוצ'ור נטורל פ,US,טרה צ'יפס חטיף בטטה,גרמים,110.00,100 גרם,false,,16.90,15.3636,true,1,133983
768404001640,false,"גלידה בן&ג'ריס קפה משפחתית 500מ""ל",מוצרי איכות אמריקאיי,IL,גלידה פיינטס קפה 473,מיליליטרים,473.00,"100 מ""ל",false,,26.90,5.6871,true,1,15103
769904000997,false,דגש שקדי מרק ללא גלו,משובח תעשיות מזון,IL,דגש שקדי מרק ללא גלו,גרמים,200.00,100 גרם,false,,16.90,8.4500,true,1,50536
787269647770,false,"קפה קר אספרסו 250 מ""",,,"קפה קר אספרסו 250 מ""",מיליליטרים,250.00,"100 מ""ל",false,,6.90,2.7600,true,1,340551
833949000264,false,סירופ מייפל אורגני 3,כפרי בריא,CA,סירופ מייפל אמיתי 10,גרמים,330.00,100 גרם,false,,39.90,12.0909,true,1,271584
835811000402,false,כפות 50 יח` קרם עבה במיוחד,,,כפות 50 יח' קרם עבה,יחידה,0.00,יחידה,false,,17.90,0.0000,true,1,141755
835811000419,false,כפיות 50 יח` קרם עבה במיוחד,,,כפיות 50 יח' קרם עבה,יחידה,0.00,יחידה,false,,17.90,0.0000,true,1,141756
835811000426,false,מזלגות קרם עבה במיוחד 50 יח',,,מזלגות 50 יח' קרם עב,יחידה,0.00,יחידה,false,,17.90,0.0000,true,1,141757
835811001201,false,מגש אובלי בינוני מדק,,,מגש אובלי בינוני מדק,יח',5.00,יח',false,,21.90,4.3800,true,1,358377
835811003588,false,צלחות קלאסי גדול לבן 65 יח' הנמל,,,צלחות קלאסי לבן גדול,יחידה,0.00,יחידה,false,,35.90,0.0000,true,1,407460
835811003595,false,צלחות קלאסי קטן לבן 65 יח' הנמל,,,צלחות קלאסי לבן קטן,יחידה,0.00,יחידה,false,,25.90,0.0000,true,1,407461
835811004431,false,מארז ממחטות טישו משי 100X5 יח' הנמל,,,מארז ממחטות נייר טי,יח',5.00,יח',false,,10.90,2.1800,true,1,377742
835811005803,false,שקיות אשפה עם ידיות 25 יח' X90-מרכז,תעשיות והשקעה אל רסא,IL,הנמל שקיות אשפה עם י,יחידה,0.00,יחידה,false,,14.90,0.0000,true,1,8160
835811005810,false,מגש הכסף תבנית מרובע קטן +מכסה 10 יח`,הנמל,IL,תבנית אלומיניום מרוב,יחידה,0.00,יחידה,false,,14.90,0.0000,true,1,8161
835811007357,false,לפתניות אובלי 25 יח',הנמל,TR,סלטינות 25 יחידות,יחידה,0.00,יחידה,false,,8.90,0.0000,true,1,8240
839762000658,false,משקה נקטר איילנד גויאבה 1 ל',The Egyptian Co. for,EG,איילנד נקטר גויאבה 1,ליטרים,1.00,ליטר,false,,12.50,12.5000,true,1,10106
841058006633,false,"אדג' ג'יל גילוח מועשר בשיבולת שועל 198 מ""ל",,US,ג'ל גילוח אדג' מועשר,מיליליטרים,198.00,"100 מ""ל",false,,18.90,9.5455,true,1,273021
859547004084,false,ספוג קרצוף סקראב דדי,,,ספוג ניקוי בניחוח לי,גרמים,34.00,100 גרם,false,,18.90,55.5882,true,1,402855
884912126115,false,פוסט גרייט גריינט דייטס 453 גר',הנסיך- מפעל לייצור ט,US,דגני בוקר גרייט גריי,גרמים,453.00,100 גרם,false,,28.90,6.3797,true,1,119061
884912359421,false,דגני בוקר האני באנצס פקאן ומייפל 340 ג' POST,פוסט לקיוויל,US,דגני בוקר שיבולת שוע,גרמים,340.00,100 גרם,false,,27.90,8.2059,true,1,409494
884912365200,false,דגני בוקר אוראו הדור הבא 311 ג',פוסט לקיוויל,US,דגני בוקר עם פירורי,גרמים,311.00,100 גרם,false,,27.90,8.9711,true,1,471876
3010470155299,false,פריסקיז Friskies פטה בקר וירקות,ניו פטפוד איטליה,IT,פריסקיז פטה בקר וירק,גרמים,400.00,100 גרם,false,,10.90,2.7250,true,1,84365
3045206360609,false,"דזיטול נוזל מחטא בגדים בכביסה, 1 ליטר",רלוי,,דזיטול נוזל מחטא בגד,מיליליטרים,1.00,"100 מ""ל",false,,25.90,2590.0000,true,1,415544
3046920010801,false,שוקולד מריר אקסלנס עם אגוזי לוז,לינדט ושפרונגלי אס.א,FR,לינדט אקסלנס 100ג,גרמים,100.00,100 גרם,false,,18.90,18.9000,true,1,91068
3046920016377,false,שוקולד לינדט אקסלנס,לינדט ושפרונגלי,DE,לינדט אקסלנס מילד 10,גרמים,100.00,100 גרם,false,,18.90,18.9000,true,1,251269
3046920028004,false,שוקולד מריר אקסלנס 70%,לינדט ושפרונגלי,FR,לינדט אקסלנס 70% 100,גרמים,100.00,100 גרם,false,,18.90,18.9000,true,1,14699
3046920028363,false,שוקולד מריר אקסלנס 85%,לינדט ושפרונגלי,FR,לינדט אקסלנס 85% 100,גרמים,100.00,100 גרם,false,,18.90,18.9000,true,1,14700
3046920029759,false,שוקולד מריר אקסלנס 90% קקאו,לינדט ושפרונגלי ג'י.,DE,לינדט אקסלנס 90% 100,גרמים,100.00,100 גרם,false,,18.90,18.9000,true,1,14704
3068320017846,false,מים מינרלים טבעיים מ,קריניציה ויטמינה אס,FR,מים מינרלים טבעיים מ,ליטרים,1.00,ליטר,false,,13.90,13.9000,true,1,31766
3073781161663,false,גבינה מותכת 18.5% שומן לה וואש קירי,לה וואש קירי La Vache qui rit,FR,גבינת לה וואש קירי 8,גרמים,128.00,100 גרם,false,,13.90,10.8594,true,1,314676
3073781161687,false,גבינת לבש קירי כשר 2,בל,FR,גבינה מותכת לה וואש,גרמים,256.00,100 גרם,false,,24.90,9.7266,true,1,314677
3073781161700,false,גבינה מותכת לה וואש,,,גבינה מותכת לה וואש,גרמים,480.00,100 גרם,false,,40.90,8.5208,true,1,314678
3073781162790,false,גבינת בייבי בל אדם 1,מחלבות בל,FR,בייבי בל 24% אדום 12,גרמים,120.00,100 גרם,false,,23.90,19.9167,true,1,436934
3073781177220,false,גבינת אדם בייבי בל ר,מחלבות בל,FR,גבינת בייבי בל רול 1,גרמים,102.00,100 גרם,false,,23.90,23.4314,true,1,463584
3080216034645,false,בירה גרימברגן אמברה,,,בירה Grimbergen ambr,מיליליטרים,330.00,"100 מ""ל",false,,11.20,3.3939,true,1,425376
3161911229199,false,אלוויר חמאה רכה 250ג,אלל אה וויר,FR,אלוויר חמאה רכה 250ג,גרמים,250.00,100 גרם,false,,23.90,9.5600,true,1,18235
3161911366429,false,חמאה רכה מלוחה אלווי,ארזינא,FR,אלוויר חמאה רכה מלוח,גרמים,250.00,100 גרם,false,,23.90,9.5600,true,1,18237
3162330060479,false,בירה SAER BRAU 6*250,,,בירה SAER BRAU 6*250,ליטרים,1.50,ליטר,false,,15.90,10.6000,true,1,499239
3175460000017,false,גבינת בורסן עשבי תיב,השחר,FR,גבינת בורסאן שום עשב,גרמים,150.00,100 גרם,false,,22.90,15.2667,true,1,108506
3175460030083,false,גבינת בורסן בצל ועיר,השחר,FR,בורסאן בצל ועירית 40,גרמים,150.00,100 גרם,false,,22.90,15.2667,true,1,18240
3178530402353,false,עוגיות ספוג קטנות מיני מדלן,סן מישל St Michel,FR,עוגיות רכות מיני מדל,גרמים,175.00,100 גרם,false,,13.90,7.9429,true,1,120705
3178530407938,false,עוגיות מיני מדלן עם פצפוצי שוקולד,סן מישל St Michel,FR,עוגיות שוקולד צ'יפס,גרמים,175.00,100 גרם,false,,13.90,7.9429,true,1,120707
3178530417340,false,בראוניז שוקולד עוגות,סן מישל,FR,בראוניז שוקולד סאן מ,גרמים,210.00,100 גרם,false,,18.90,9.0000,true,1,385400
3178530417357,false,בראוניז שוקולד לבן ע,סן מישל,FR,בראוניז שוקולד לבן ס,גרמים,210.00,100 גרם,false,,18.90,9.0000,true,1,385401
3245412211393,false,שוקולד חלב מעולה קרפ,,FR,שוקולד חלב מעולה קרפ,גרמים,300.00,100 גרם,false,,8.90,2.9667,true,1,442689
3245412211409,false,שוקולד חלב מעולה עם,,FR,שוקולד חלב מעולה עם,גרמים,300.00,100 גרם,false,,16.90,5.6333,true,1,442490
3270190128151,false,קרפור שוקולד חלב אור,,FR,קרפור שוקולד חלב אור,גרמים,100.00,100 גרם,false,,7.90,7.9000,true,1,515073
3270190151654,false,שוקולד מריר מעולה עם,,FR,שוקולד מריר מעולה עם,גרמים,100.00,100 גרם,false,,6.90,6.9000,true,1,442508
3270190174936,false,שוקולד חלב עם תכולת,,FR,שוקולד חלב עם תכולת,גרמים,100.00,100 גרם,false,,6.90,6.9000,true,1,442524
3296324219007,false,יין לגנד בורדו רוטשי,יקבי רמת הגולן,IL,דומיין ברון דה רוטשי,מיליליטרים,750.00,"100 מ""ל",false,,99.90,13.3200,true,1,416906
3387390320244,false,פיטנס Fitness דגנים מלאים עם פירות,נסטלה צרפת איטנקורט,FR,פיטנס פירות דגני עם,גרמים,375.00,100 גרם,false,,23.90,6.3733,true,1,20990
3387390525960,false,קראנץ' Crunch דגנים פריכים עם שוקולד,הנסיך- מפעל לייצור ט,FR,דגני קראנץ' נסטלה 50,גרמים,500.00,100 גרם,false,,27.90,5.5800,true,1,20991
3387390730852,false,פיטנס Fitness קלאסי דגנים מלאים ואורז,נסטלה צרפת איטנקורט,FR,דגני פיטנס נסטלה 375,גרמים,375.00,100 גרם,false,,23.90,6.3733,true,1,20992
3523230025638,false,גבינת עיזים מיני בוש,אוריאל,FR,גבינת עיזים בושה טבע,גרמים,125.00,100 גרם,false,,26.90,21.5200,true,1,18261
3523230025652,false,גבינהת עזים מיני בוש,,,גבינהת עזים מיני בוש,גרמים,125.00,100 גרם,false,,26.90,21.5200,true,1,18262
3523230026888,false,גבינת עיזים למריחה עם שום ועשבי תיבול,סואניון SOIGNON,FR,פרמידה עיזים שום ועש,גרמים,140.00,100 גרם,false,,26.90,19.2143,true,1,18265
3523230038959,false,גבינת עיזים מיני בוש,אוריאל,FR,גבינת עיזים מיני בוש,גרמים,125.00,100 גרם,false,,26.90,21.5200,true,1,227455
3560070249343,false,קרפור- שוקולד חלב עם,,FR,קרפור- שוקולד חלב עם,גרמים,100.00,100 גרם,false,,6.90,6.9000,true,1,514964
3560070415755,false,קרפור-תה ירוק 25 יחי,,,קרפור-תה ירוק 25 יחי,גרמים,32.50,100 גרם,false,,8.90,27.3846,true,1,499335
3560070659517,false,קרפור-תה ארל גריי 20,,,קרפור-תה ארל גריי 20,גרמים,36.00,100 גרם,false,,10.90,30.2778,true,1,499319
3560070669981,false,שוקולד מריר מעולה 80,,FR,שוקולד מריר מעולה 80,גרמים,80.00,100 גרם,false,,5.90,7.3750,true,1,442475
3560070701407,false,שוקולד מריר מעולה עם,,FR,שוקולד מריר מעולה עם,גרמים,100.00,100 גרם,false,,6.90,6.9000,true,1,442509
3560070800230,false,קרפור שוקו קרלס 375,,,קרפור שוקו קרלס 375,גרמים,375.00,100 גרם,false,,7.90,2.1067,true,1,479864
3560070800353,false,קרפור הוני בולז 375,,,קרפור הוני בולז 375,גרמים,375.00,100 גרם,false,,7.90,2.1067,true,1,479882
3560070820221,false,קרפור-חטיף דגנים אגו,,,קרפור-חטיף דגנים אגו,גרמים,125.00,100 גרם,false,,6.90,5.5200,true,1,499608
3560070826186,false,קרפור מוזלי שוקולד ו,,,קרפור מוזלי שוקולד ו,גרמים,750.00,100 גרם,false,,15.90,2.1200,true,1,479829
3560070852086,false,קרפור-תה ירוק בטעם נ,,,קרפור-תה ירוק בטעם נ,גרמים,40.00,100 גרם,false,,7.90,19.7500,true,1,499447
3560070888108,false,קרפור-תה שחור בטעם ל,,,קרפור-תה שחור בטעם ל,גרמים,40.00,100 גרם,false,,7.90,19.7500,true,1,499479
3560070888115,false,קרפור-חליטת טיליה 25,,,קרפור-חליטת טיליה 25,גרמים,42.50,100 גרם,false,,7.90,18.5882,true,1,499383
3560070928194,false,קרפור-חליטת לואיזה 2,,,קרפור-חליטת לואיזה 2,גרמים,32.50,100 גרם,false,,7.90,24.3077,true,1,499367
3560071005191,false,קרפור -שוקולד לבן עם,,FR,קרפור -שוקולד לבן עם,גרמים,100.00,100 גרם,false,,6.90,6.9000,true,1,514980
3560071006327,false,שוקולד מריר מעולה קר,,FR,שוקולד מריר מעולה קר,גרמים,200.00,100 גרם,false,,6.90,3.4500,true,1,442493
3560071013127,false,קרפור סטייליס עם שוק,,,קרפור סטייליס עם שוק,גרמים,300.00,100 גרם,false,,9.90,3.3000,true,1,479830
3560071013196,false,קרפור סטייליס בטעם ט,,,קרפור סטייליס בטעם ט,גרמים,500.00,100 גרם,false,,10.90,2.1800,true,1,479831
3560071015725,false,קרפור פיברה עם 5 פיר,,,קרפור פיברה עם 5 פיר,גרמים,500.00,100 גרם,false,,12.90,2.5800,true,1,479865
3560071018566,false,קרפור-חטיף דגנים בוט,,,קרפור-חטיף דגנים בוט,גרמים,125.00,100 גרם,false,,6.90,5.5200,true,1,499592
3560071081256,false,קרפור-תה שחור 20 יחי,,,קרפור-תה שחור 20 יחי,גרמים,36.00,100 גרם,false,,10.90,30.2778,true,1,499271
3560071081263,false,קרפור-תה ירוק סיני 2,,,קרפור-תה ירוק סיני 2,גרמים,36.00,100 גרם,false,,10.90,30.2778,true,1,499303
3560071081270,false,קרפור-תה ירוק נענע 2,,,קרפור-תה ירוק נענע 2,גרמים,36.00,100 גרם,false,,10.90,30.2778,true,1,499287
3560071090821,false,קרפור שוקו בולז 375,,,קרפור שוקו בולז 375,גרמים,375.00,100 גרם,false,,7.90,2.1067,true,1,479848
3560071095598,false,קרפור-חטיף דגנים חמו,,,קרפור-חטיף דגנים חמו,גרמים,125.00,100 גרם,false,,6.90,5.5200,true,1,499609
3560071095659,false,קרפור-חטיף דגנים קוק,,,קרפור-חטיף דגנים קוק,גרמים,125.00,100 גרם,false,,6.90,5.5200,true,1,499610
3560071413750,false,קרפור-שוקולד מריר 80,,FR,קרפור-שוקולד מריר 80,גרמים,100.00,100 גרם,false,,7.90,7.9000,true,1,515057
3560071431914,false,קפסולות קפה קרפור עו,,FR,קפסולות קפה קרפור עו,גרמים,52.00,100 גרם,false,,7.90,15.1923,true,1,480796
3560071432003,false,קפסולות קפה קרפור עו,,FR,קפסולות קפה קרפור עו,גרמים,52.00,100 גרם,false,,7.90,15.1923,true,1,480814
3560071432034,false,קפסולות קפה נטול קרפ,,FR,קפסולות קפה נטול קרפ,גרמים,52.00,100 גרם,false,,7.90,15.1923,true,1,480815
3560071432065,false,קפסולות קפה קרפור עו,,FR,קפסולות קפה קרפור עו,גרמים,52.00,100 גרם,false,,7.90,15.1923,true,1,480816
3560071432157,false,קפסולות קפה וניל קרפ,,FR,קפסולות קפה וניל קרפ,גרמים,52.00,100 גרם,false,,7.90,15.1923,true,1,480818
3560071432188,false,קפסולות קפה קרמל קרפ,,FR,קפסולות קפה קרמל קרפ,גרמים,52.00,100 גרם,false,,7.90,15.1923,true,1,480819
3560071432218,false,קפסולות קפה אגוז קרפ,,FR,קפסולות קפה אגוז קרפ,גרמים,52.00,100 גרם,false,,7.90,15.1923,true,1,480820
3560071432249,false,קפסולות קפה ברזיל קר,,FR,קפסולות קפה ברזיל קר,גרמים,52.00,100 גרם,false,,7.90,15.1923,true,1,480821
3560071432270,false,קפסולות קפה קולומביה,,FR,קפסולות קפה קולומביה,גרמים,52.00,100 גרם,false,,7.90,15.1923,true,1,480822
3560071432300,false,קפסולות קפה אתיופיה,,FR,קפסולות קפה אתיופיה,גרמים,52.00,100 גרם,false,,7.90,15.1923,true,1,480823
3560071432331,false,קפסולות קפה לאוס קרפ,,FR,קפסולות קפה לאוס קרפ,גרמים,52.00,100 גרם,false,,7.90,15.1923,true,1,480824
3560071432362,false,קפסולות קפה קניה קרפ,,FR,קפסולות קפה קניה קרפ,גרמים,52.00,100 גרם,false,,7.90,15.1923,true,1,480825
3560071432393,false,קפסולות קפה קוסטה רי,,FR,קפסולות קפה קוסטה רי,גרמים,52.00,100 גרם,false,,7.90,15.1923,true,1,480826
3560071432690,false,קפסולות קפה קרפור עו,,FR,קפסולות קפה קרפור עו,גרמים,52.00,100 גרם,false,,7.90,15.1923,true,1,480828
3560071442545,false,בירה SAER BRAU 6*250,,,בירה SAER BRAU 6*250,ליטרים,1.50,ליטר,false,,15.90,10.6000,true,1,499255
3574660089547,false,או-בה טמפונים קלאסי נורמל 32יח',ג'ונסון אנד ג'ונסון,GR,טמפון קלאסי נורמל או,יחידה,0.00,יחידה,false,,25.90,0.0000,true,1,23265
3574660115154,false,או-בה טמפונים קלאסי סופר 32יח',ג'ונסון אנד ג'ונסון,IT,אובה קלאסי סופר אובה,יחידה,0.00,יחידה,false,,25.90,0.0000,true,1,23269
3574661552576,false,קרפרי מגן תחתון רגיל טנגה לבן 56 יח חדש,הדקלאים אגודת שיתופי,IT,קרפרי רגיל טנגה לבן,יחידה,0.00,יחידה,false,,17.90,0.0000,true,1,227513
3574661552811,false,קרפרי כותון אוורירי 56 יח',הדקלאים אגודת שיתופי,GR,קרפרי כותון אוורירי,יחידה,0.00,יחידה,false,,17.90,0.0000,true,1,227637
3574661554877,false,מגן תחתון אוורירי מבושם,הנסיך- מפעל לייצור ט,GR,קרפרי כותון מבושם 56,יחידה,0.00,יחידה,false,,17.90,0.0000,true,1,227515
3600522344032,false,לוריאל - אלביב מסכה טוטאל ריפר 300,,,מסכת אלביב טוטל ריפי,מיליליטרים,300.00,"100 מ""ל",false,,28.90,9.6333,true,1,13194
3600523652280,false,"לוריאל אלביב שמפו מועשר ב 6 שמנים, 550 מ""ל",לוריאל - אלביב Elvive,,שמפו 6 שמנים אלביב 5,מיליליטרים,550.00,"100 מ""ל",false,,17.90,3.2545,true,1,124422
3600523782574,false,לוריאל - אלביב מסכה דרים לונג 300,לוריאל - אלביב Elvive,FR,מסכה דרים לונג אלביב,מיליליטרים,300.00,"100 מ""ל",false,,28.90,9.6333,true,1,143454
3600524051334,false,"לוריאל - אלביב מרכך היאלורונית 400 מ""ל",,,אלביב מרכך היאלורוני,מיליליטרים,400.00,"100 מ""ל",false,,15.90,3.9750,true,1,451739
3600524055400,false,לוריאל - אלביב שמפו היאלורונית 500 מ''ל,,,אלביב שמפו היאלורוני,מיליליטרים,400.00,"100 מ""ל",false,,15.90,3.9750,true,1,451740
3608580071389,false,ממרח ערמונים בון מא,,FR,ממרח ערמונים 370 גרם,גרמים,370.00,100 גרם,false,,21.90,5.9189,true,1,445358
3608580730255,false,קונפיטורה משמש 370 ג' בוני מאמן,,,קונפיטורה משמש 370 ג,גרמים,370.00,100 גרם,false,,21.90,5.9189,true,1,22591
3616180424856,false,קרפור הום -30 מפיות,,,קרפור הום -30 מפיות,יחידה,0.00,יחידה,false,,6.90,0.0000,true,1,507589
3616180425099,false,קרפור הום -30 מפיות,,,קרפור הום -30 מפיות,יחידה,0.00,יחידה,false,,6.90,0.0000,true,1,507595
3616180425129,false,קרפור הום -30 מפיות,,,קרפור הום -30 מפיות,יחידה,0.00,יחידה,false,,6.90,0.0000,true,1,507596
3616180425174,false,קרפור הום -30 מפיות,,,קרפור הום -30 מפיות,יחידה,0.00,יחידה,false,,6.90,0.0000,true,1,507599
4000417022004,false,שוקולד ריטר ספורט צימוק אגוז 100 גרם חלב נוכרי,ריטר ספורט Ritter sport,DE,שוקולד ריטר ספורט חל,גרמים,100.00,100 גרם,false,,10.90,10.9000,true,1,13810
4000417025005,false,שוקולד ריטר ספורט מרציפן 100 גרם חלב נוכרי,ריטר ספורט Ritter sport,DE,שוקולד ריטר ספורט מר,גרמים,100.00,100 גרם,false,,10.90,10.9000,true,1,13813
4000417026002,false,שוקולד ריטר ספורט פרלין 100 גרם חלב נוכרי,ריטר ספורט Ritter sport,DE,שוקולד חלב ממולא קרם,גרמים,100.00,100 גרם,false,,10.90,10.9000,true,1,13814
4000417101211,false,גלילי וופל עם קרם אגוזי לוז בציפוי שוקולד חלב,אמיצ'לי Amicelli,AT,גלילי וופל עם קרם אג,גרמים,150.00,100 גרם,false,,19.90,13.2667,true,1,400819
4000417101310,false,אמיצלי - גלילי וופל קרם קקאו 150 גרם,Unknown,,גלילי וופל קרם קקאו,גרמים,150.00,100 גרם,false,,19.90,13.2667,true,1,497919
4000417222008,false,שוקולד ריטר ספורט חלב+שברי אגוזים 100 גרם חלב נוכרי,ריטר ספורט Ritter sport,DE,ריטר שוקולד ספורט חל,גרמים,100.00,100 גרם,false,,10.90,10.9000,true,1,13817
4000417294005,false,שוקולד ריטר מוס קקאו 100 גרם חלב נוכרי,ריטר ספורט Ritter sport,DE,שוקולד חלב קרם קקאו,גרמים,100.00,100 גרם,false,,10.90,10.9000,true,1,13822
4000539280726,false,שוקולד לינדט אקסלנס,לינדט ושפרונגלי,DE,לינדט אקסלנס 70% 100,גרמים,100.00,100 גרם,false,,18.90,18.9000,true,1,459073
4000539280740,false,שוקולד לינדט אקסלנס,,,לינדט אקסלנס 78% 100,גרמים,100.00,100 גרם,false,,18.90,18.9000,true,1,459057
4002448017684,false,"סיליט באנג ספריי רב שימושי כתום 750 מ""ל",הדקלאים אגודת שיתופי,PL,סיליט באנג ספריי רב,מיליליטרים,750.00,"100 מ""ל",false,,17.90,2.3867,true,1,22758
4002448019480,false,"סיליט באנג ספריי מסיר שומנים 750 מ""ל",סיליט באנג Cillit Bang,PL,סיליט באנג ספריי מסי,מיליליטרים,750.00,"100 מ""ל",false,,17.90,2.3867,true,1,22759
4005808166206,false,ניוואה קרם רב שימושי,,,ניוואה קרם רב שימושי,מיליליטרים,250.00,"100 מ""ל",false,,46.90,18.7600,true,1,214382
4005808502004,false,לבלו שפתון סופט ורוד בליסטר 5.5מל,ביירסדורף,DE,שפתון לבלו ורוד בשרי,גרמים,4.80,100 גרם,false,,13.90,289.5833,true,1,1080
4005900555540,false,לבלו שפתון כחול,,,לבלו כחול,יחידה,0.00,יחידה,false,,10.90,0.0000,true,1,371046
4008287058161,false,בירה קרומבאכר פילס 4.8% שישיה 6 * 330 מל,מנדלז סי.אר. פרודקשן,DE,בירה קרומבכר פילס שי,ליטרים,1.98,ליטר,false,,33.90,17.1212,true,1,333305
4009300525684,false,חליטת צמחים ג'ינג'ר לימונית,פומפדור Pompadour,DE,פומפדור חליטת לימוןג,גרמים,35.00,100 גרם,false,,17.90,51.1429,true,1,23332
4009309740422,false,רסק תפוחים אורגני 70,,,רסק תפוחים אורגני 70,גרמים,700.00,100 גרם,false,,17.50,2.5000,true,1,271457
4009900379564,false,מסטיק הובה בובה Hubba Bubba טייפ בטעם פירות,הובה בובה Hubba Bubba,GB,הובה בובה טייפ פירות,גרמים,56.00,100 גרם,false,,6.90,12.3214,true,1,48357
4009900402965,false,מסטיק אורביט וויט בטעם פירות ללא סוכר,ריגלי פולין,PL,אורביט וויט פירות בק,גרמים,64.00,100 גרם,false,,12.90,20.1563,true,1,48369
4009900403023,false,מסטיק אורביט בקבוקון דאבל white קלאסי 64ג',"ב.א מזון בע""מ",PL,אורביט וויט מנטה בקב,גרמים,64.00,100 גרם,false,,12.90,20.1563,true,1,48370
4009900455299,false,סוכריות סקיטלס בטעם פירות,סקיטלס Skittles,CZ,סקיטלס פירות 174 גר,גרמים,174.00,100 גרם,false,,9.90,5.6897,true,1,48387
4009900465304,false,סוכריות סקיטלס פירות חמוצים 174 גרם,סקיטלס Skittles,CZ,סקיטלס פירות חמוצים,גרמים,174.00,100 גרם,false,,9.90,5.6897,true,1,48391
4009900479998,false,מסטיק אורביט בטעם אוכמניות ללא סוכר,ריגלי פולין,PL,אורביט מסטיק בקבוקון,גרמים,64.00,100 גרם,false,,12.90,20.1563,true,1,48396
4009900482417,false,מסטיק אורביט פירות מנטה בקבוקון באבל מינט 45יח,ריגלי פולין,PL,אורביט באבל מינט בקב,גרמים,64.00,100 גרם,false,,12.90,20.1563,true,1,48398
4009900483803,false,מסטיק איירובס מנטה אקליפטוס בקבוקון 60יח',איירוויבס Airwaves,PL,אירוויבז בקבוק M מנט,גרמים,84.00,100 גרם,false,,14.90,17.7381,true,1,140313
4009900484060,false,מסטיק אורביט פרופשיונל בטעם מנטה ללא סוכר,אורביט Orbit,PL,אורביט פרופשיונל מנט,יחידה,0.00,יחידה,false,,15.90,0.0000,true,1,48400
4009900484091,false,מסטיק אורביט פרופשיונל בטעם מנטה ללא סוכר,אורביט Orbit,,אורביט פרופשיונל ספי,גרמים,84.00,100 גרם,false,,15.90,18.9286,true,1,48401
4009900509770,false,מסטיק אורביט בטעם תות ללא סוכר,אורביט Orbit,,אורביט באריזת בקבוק,יחידה,0.00,יחידה,false,,15.90,0.0000,true,1,48415
4009900531122,false,"מסטיק בטעם מנטה ספירמינט, 64 ג' פרופשיונל אורפיט",מרס נדרלנד,PL,אורביט פרופשייונל ספ,גרמים,64.00,100 גרם,false,,12.90,20.1563,true,1,136590
4009900536288,false,מסטיק אורביט רפרשרס פפרמינט בקבוקון ללא סוכר 67 גר',מרס ריגלי קונפקשונרי,PL,מסטיק אורביט רפרשרס,גרמים,67.00,100 גרם,false,,13.90,20.7463,true,1,306722
4009900536486,false,מסטיק אורביט רפרשרס באבלמינט בקבוקון ללא סוכר 67 גר',מרס ריגלי קונפקשונרי,PL,מסטיק אורביט רפרשרס,גרמים,67.00,100 גרם,false,,13.90,20.7463,true,1,282844
4009900539340,false,סקיטלס ג'יינט סאוור 141 גרם,מרס ריגלי קונפקשונרי,PL,סוכריות סקיטלס ענקיו,גרמים,141.00,100 גרם,false,,9.90,7.0213,true,1,398403
4009900539685,false,"מסטיק פייב באונס בטעם מנטה בקבוקון, 61.8 גרם",ריגלי בעמ רוסיה,PL,מסטיק בטעם מנטה ללא,גרמים,61.80,100 גרם,false,,13.90,22.4919,true,1,406734
4009900539746,false,"מסטיק פייב באונס בטעם אבטיח בקבוקון, 61.8 גרם",ריגלי בעמ רוסיה,PL,מסטיק בטעם אבטיח ללא,גרמים,31.80,100 גרם,false,,13.90,43.7107,true,1,406735
4009900540551,false,מסטיק אורביט רפרשרס טרופיקל בקבוקון ללא סוכר,מרס פולין,PL,אורביט רפרשרס טרופיק,גרמים,67.00,100 גרם,false,,13.90,20.7463,true,1,400525
4011800628512,false,חטיף דגנים עם שוקולד חלב,מיוצר עי קונדיטוריית,DE,חטיף דגנים עם שוקולד,גרמים,150.00,100 גרם,false,,15.90,10.6000,true,1,6260
4011800630515,false,חטיף דגנים עם שוקולד חלב ובננה,מיוצר עי קונדיטוריית,DE,חטיף דגנים עם שוקולד,גרמים,150.00,100 גרם,false,,15.90,10.6000,true,1,6262
4011800633516,false,חטיף דגנים עם שוקולד מריר מעולה,שוורטאוור וורקה,DE,חטיף דגנים שוקולד מר,גרמים,138.00,100 גרם,false,,15.90,11.5217,true,1,67079
4014400901191,false,בונבונירה מרסי קלאסי 250 גרם חלב נוכרי,אוגוסט שטורק,DE,בונבונירה מרסי 250 ג,גרמים,250.00,100 גרם,false,,29.90,11.9600,true,1,13843
4014400904277,false,סוכריות אייס פרש 425 ג',תות ממתקי איכות,DE,סוכריות אייס פרש 425,גרמים,425.00,100 גרם,false,,20.90,4.9176,true,1,13847
4014400904390,false,סוכריות וולמילש ממולא ט.חלב 325גרם,קריניציה ויטמינה אס,DE,סוכריות וולמליש 325ג,גרמים,325.00,100 גרם,false,,20.90,6.4308,true,1,13851
4014400910063,false,סוכריות וורטר טופי חמאה 135ג',אוגוסט שטורק,DE,סוכריות חמאה וורטר 1,גרמים,135.00,100 גרם,false,,10.90,8.0741,true,1,13855
4014400914696,false,וורטר אורגינל סוכריות ללא סוכר 80 ג',אוגוסט שטורק,DE,80 סוכריות חמאה וורט,גרמים,80.00,100 גרם,false,,9.90,12.3750,true,1,13861
4014400914924,false,סוכריות וורטר אורגינל ללא סוכר קפה 80 ג',קריניציה ויטמינה אס,DE,80 סוכריות קפה וורטר,גרמים,80.00,100 גרם,false,,9.90,12.3750,true,1,13862
4014400923711,false,טופיפי 125 גר' - חלב נוכרי,אוגוסט שטורק,DE,טופיפי בונבונירה שוק,גרמים,125.00,100 גרם,false,,14.90,11.9200,true,1,13866
4014400925319,false,סוכריות וורטר פופקורן קרמל 140 גר',וורטרס Werther's,DE,חטיף פופקורן בציפוי,גרמים,140.00,100 גרם,false,,15.90,11.3571,true,1,270402
4014600202609,false,רגולדס -סוכריות בפח עם ליים ואוכמניות 150 ג',RAGOLDS GMBH,,סוכריות בפח עם ליים,גרמים,150.00,100 גרם,false,,10.90,7.2667,true,1,456638
4015400564034,false,מגני תחתון אולוויז לונג פלוס עם ניחוח,פרוקטר אנד גמבל,TR,מגן תחתון לונג פלוס,יחידה,0.00,יחידה,false,,18.90,0.0000,true,1,28690
4015400564454,false,מגני תחתון אולוויז לארג' עם ניחוח מגה פק,פרוקטר אנד גמבל,DE,מגן תחתון לארג מגה פ,יחידה,0.00,יחידה,false,,18.90,0.0000,true,1,28694
4015400746812,false,מגני תחתון אולוויז נורמל עם ניחוח מגה פק,פרוקטר אנד גמבל,UA,מגן תחתון מגה פק נור,יחידה,0.00,יחידה,false,,18.90,0.0000,true,1,28759
4015400990482,false,אבקת כביסה אריאל קולור,אריאל Ariel,,אבקת כביסה אריאל קול,קילוגרמים,3.00,"ק""ג",false,,39.90,13.3000,true,1,28770
4017100210105,false,גלילי וופל בלזן וופלטן שוקו' מריר 100ג',הדקלאים אגודת שיתופי,DE,בלזן גלילי וופל מריר,גרמים,100.00,100 גרם,false,,15.90,15.9000,true,1,120301
4017100364112,false,עוגיות היט Hit במילוי קרם בטעם שוקולד,הדקלאים אגודת שיתופי,PL,היט עוגיות סנדביץ בט,גרמים,220.00,100 גרם,false,,9.90,4.5000,true,1,120308
4018722100133,false,אטריות כוסמין וביצים,אלב גולד,DE,אלב גולד - איטריות כ,גרמים,250.00,100 גרם,false,,15.90,6.3600,true,1,271436
4018722102632,false,ספגטי כוסמין מלא אור,,,אלב גולד - ספגטי כוס,גרמים,500.00,100 גרם,false,,16.90,3.3800,true,1,271498
4018722344308,false,טליאטלה כוסמין אורגנ,אלב גולד,DE,אלב גולד - טליאטלה כ,גרמים,500.00,100 גרם,false,,19.90,3.9800,true,1,271471
4025700001962,false,שוקולד מילקה לבן 100 גר',פי אר ג'יי אס סי מונ,HU,מילקה שוקולד לבן 100,גרמים,100.00,100 גרם,false,,7.90,7.9000,true,1,233835
4052197000017,false,בירה בנדיקטינר בקבוק,בנדיקטינר וויצבראו,DE,בירה בנדיקטינר 500 מ,מיליליטרים,500.00,"100 מ""ל",false,,13.50,2.7000,true,1,117083
4065698201159,false,זוג דונאטס אוראו,,,זוג דונאטס אוראו,גרמים,146.00,100 גרם,false,,17.90,12.2603,true,1,366609
4065698201166,false,זוג דונאטס מילקה,,,זוג דונאטס מילקה,גרמים,146.00,100 גרם,false,,17.90,12.2603,true,1,366639
4066600999614,false,"בירה פאולנר 500 מ""ל בקבוק",מבשלת פאולנר,DE,בירה פאולנר בקבוק 50,מיליליטרים,500.00,"100 מ""ל",false,,13.50,2.7000,true,1,67328
4084500853836,false,סבון כלים ורדים וסאטן,פרוקטר אנד גמבל,GB,פיירי נוזל כלים ורדי,מיליליטרים,515.00,"100 מ""ל",false,,10.90,2.1165,true,1,28967
4603400000043,false,וודקה רוסקי סטנדרט ב,רוסקי סטנדרט וודקה,RU,רוסקי סטנדרט 700מ'ל,מיליליטרים,700.00,"100 מ""ל",false,,76.90,10.9857,true,1,67641
4607109409619,false,טבליות פיניש AIO MAX למדיח 25 יח',הדקלאים אגודת שיתופי,PL,טבליות למדיח כלים AI,גרמים,470.00,100 גרם,false,,34.90,7.4255,true,1,22764
4640018993343,false,פיניש קואנטום קפסולות ג'יל רגיל 30 יחי,רקיט בנקיזר,PL,פיניש קוואנטום למדיח,יחידה,0.00,יחידה,false,,45.90,0.0000,true,1,230689
4640018993350,false,קפסולות למדיח פיניש קוואנטום לימון 30 יח',רקיט בנקיזר,PL,פיניש קוואנטום לימון,יחידה,0.00,יחידה,false,,45.90,0.0000,true,1,230690
4710068001715,false,"מאסטר קפה טרמיסו 240 מ""ל",יוני פרזינדנט אנטרפר,,מאסטר קפה טירמיסו 24,מיליליטרים,240.00,"100 מ""ל",false,,6.90,2.8750,true,1,43167
4710068003313,false,"מאסטר קפה אמריקאנו פחית 240מ""ל",מאיטה פוד אינדוסטריא,TW,מאסטר קפה אמריקנו בל,מיליליטרים,240.00,"100 מ""ל",false,,7.90,3.2917,true,1,363747
4796019790020,false,שמן קוקוס גרין קוקו,גרין קוקו,LK,גרין קוקו - שמן קוקו,מיליליטרים,500.00,"100 מ""ל",false,,26.90,5.3800,true,1,271035
4800888150080,false,"דאב - דאודורנט רול און לאישה פרש טאצ' מלפפונים 50 מ""ל",יוניליוור פיליפינים,PH,דאו' רולאון מלפפונים,מיליליטרים,50.00,"100 מ""ל",false,,19.90,39.8000,true,1,11118
4891228430061,false,סכיני גילוח שיק אקזקטה 2 לנשים ורוד 10 יח',הנסיך- מפעל לייצור ט,CN,סכיני גילוח לאישה שי,יחידה,0.00,יחידה,false,,31.90,0.0000,true,1,23345
4903001904192,false,"רוטב סויה יאמסה פרימיום 500 מ""ל",הדקלאים אגודת שיתופי,JP,רוטב סויה יאמאסה פרמ,מיליליטרים,500.00,"100 מ""ל",false,,19.90,3.9800,true,1,13883
4903001904208,false,רוטב סויה פרימיום יא,הדקלאים אגודת שיתופי,JP,רוטב סויה פרימיום יא,ליטרים,1.00,ליטר,false,,32.90,32.9000,true,1,13884
4903001925784,false,סויה יאמאסה 500 מל דל נתרן,הדקלאים אגודת שיתופי,JP,רוטב סויה יאמאסה דל,מיליליטרים,500.00,"100 מ""ל",false,,19.90,3.9800,true,1,13885
5000146401568,false,וולייט דפים למניעת העברת צבע 10 דפים,ווליט Woolite,IT,לכביסה ווליט דפים שו,יחידה,0.00,יחידה,false,,19.90,0.0000,true,1,22775
5000157143365,false,מתבל בטעם מיונז וקטשופ היינץ 425 ג',היינץ Heinz,PL,מתבל בטעם מיונז וקטש,מיליליטרים,425.00,"100 מ""ל",false,,16.90,3.9765,true,1,209606
5000204658187,false,"קיווי נוזל נעליים שחור 75מ""ל-חדש",אס' סי' ג'ונסון במה,PL,קיווי נוזל נעליים שח,מיליליטרים,75.00,"100 מ""ל",false,,17.90,23.8667,true,1,6294
5000394137516,false,רביעיות סוללות אופטימום AAA דורסל,דורסל Duracell,,סוללות דורסל רבעיות,יחידה,0.00,יחידה,false,,23.90,0.0000,true,1,409311
5000394140820,false,שישיות סוללות AA פלוס פאוור דורסל,Unknown,,סוללות דורסל שישיות,יחידה,0.00,יחידה,false,,24.90,0.0000,true,1,409295
5000396037548,false,ביסקוויט מקוויטיס מצופה שוקולד מריר 200 גר',ברנדס סרטרה נשיונל,,מקוויטיס מצופה שוקול,גרמים,200.00,100 גרם,false,,12.90,6.4500,true,1,100271
5000396037944,false,מקוויטיס ביסקוויט אורגינל 250 גרם,ברנדס סרטרה נשיונל,,מקוויטים ביסקוויטים,גרמים,250.00,100 גרם,false,,9.90,3.9600,true,1,100260
5010026515933,false,מורנפלייק מוזלי פירות ואגוזים 750 גרם,,,מוזלי קריספי פירות ו,גרמים,750.00,100 גרם,false,,25.90,3.4533,true,1,336467
5010182996805,false,רייד מונע עש לבנדר 20גר',זובלה,IT,זוג רייד נגד עש לבנ,גרמים,20.00,100 גרם,false,,15.90,79.5000,true,1,6309
5010182997338,false,"טואלט דאק ג'ל אסלה ניחוח רענן 55 מ""ל","איטיליאן פוד, אס.פי.",IT,דאק ג'ל אסלה ניחוח ר,גרמים,55.00,100 גרם,false,,9.90,18.0000,true,1,6311
5010677551281,false,"בקרדי בריזר לימון 275 מ""ל",בקרדי בריזר Bacardi Breezer,BE,בקרדי בריזר לימון 27,מיליליטרים,275.00,"100 מ""ל",false,,14.90,5.4182,true,1,10120
5011157630281,false,אורז לבן ארוך בסמטי טילדה Tilda,טילדה Tilda,GB,טילדה אורז הימשלי בס,קילוגרמים,1.00,"ק""ג",false,,26.90,26.9000,true,1,23364
5011157730271,false,אורז יסמין לבן ארוך טילדה,טילדה Tilda,,אורז יסמין טילדה 1 ק,קילוגרמים,1.00,"ק""ג",false,,26.90,26.9000,true,1,415822
5014271300429,false,סן דלפו מעדן משמש ללא סוכר 284גר,סנדלפור St.dalfour,FR,סאן דלפור מעדן משמש,גרמים,284.00,100 גרם,false,,22.90,8.0634,true,1,18277
5014271310428,false,סן דלפו מעדן דבדבן שחור ללא סוכ 284 ג',המאפיה של הרמן,FR,סאן דלפור מעדן דובדב,גרמים,284.00,100 גרם,false,,22.90,8.0634,true,1,18278
5014271330426,false,"מעדן סנט דלפור אוכמניות לל""ס 284ג'",סנדלפור St.dalfour,FR,סאן דלפור מעדן אוכמנ,גרמים,284.00,100 גרם,false,,22.90,8.0634,true,1,18279
5014271350424,false,מעדן ארבע פירות סאנת דלפור 284 ג',המאפיה של הרמן,FR,סאן דלפור מעדן ארבע,גרמים,284.00,100 גרם,false,,22.90,8.0634,true,1,18280
5014271360423,false,סן דלפו מעדן תפוז ללא סוכר 284 ג',המאפיה של הרמן,FR,סאן דלפור מעדן תפוז,גרמים,284.00,100 גרם,false,,22.90,8.0634,true,1,18281
5014271400426,false,סן דלפו מעדן תות שדה ללא סוכר 284 ג',המאפיה של הרמן,FR,סאן דלפור מעדן תות ש,גרמים,284.00,100 גרם,false,,22.90,8.0634,true,1,18285
5014271795980,false,מעדן פרי חמוציות ואוכמניות,סנדלפור St.dalfour,FR,סאן דלפור מעדן חמוצי,גרמים,284.00,100 גרם,false,,22.90,8.0634,true,1,18290
5029053039725,false,קופסת ממחטות נטורל פרש 72 דף קלינקס,עלבד,,טישו נטורל פרש קופסא,יחידה,0.00,יחידה,false,,11.90,0.0000,true,1,355406
5029053510811,false,קוטקס - תחבושות אולטרה נורמל + כנפיים 30 יח',קימברלי קלארק,,תחבושות אולטרה נורמל,יחידה,0.00,יחידה,false,,21.90,0.0000,true,1,9563
5029053510828,false,קוטקס - תחבושות אולטרה סופר + כנפיים 22 יח',קימברלי קלארק,,תחבושת אולטרה סופר+כ,יחידה,0.00,יחידה,false,,21.90,0.0000,true,1,9564
5029053523446,false,קוטקס - תחבושות אולטרה נייט + כנפיים 20 יח',קימברלי קלארק,,תחבושות אולטרה נייט+,יחידה,0.00,יחידה,false,,21.90,0.0000,true,1,9565
5029053578309,false,קופסת ממחטות אולטרה סופט 48 דף קלינקס,קימברלי,IL,טישו אולטרה סופט קוב,יחידה,0.00,יחידה,false,,8.90,0.0000,true,1,355421
5060517886486,false,"משקה אנרגיה מונסטר פח 500 מ""ל",מונסטר אנרג'י Monster Energy,RU,מונסטר אנרג'י פחית 5,מיליליטרים,500.00,"100 מ""ל",false,,7.90,1.5800,true,1,209607
5201178801054,false,"ניוואה קרם רב שימושי 250מ""ל",טרופיקל דגיל תעשיות,DE,קרם רב שימושי ניוואה,מיליליטרים,250.00,"100 מ""ל",false,,36.90,14.7600,true,1,1172
5201340003392,false,טונה מעושנת בלימון 160 ג' TRATA,,,טונה מעושנת בלימון 1,גרמים,160.00,100 גרם,false,,17.90,11.1875,true,1,362308
5201940010110,false,זיתים שחורים מזן קלמטה בפח 454 ג',סיוארס אס.איי,GR,זיתים שחורים קלמטה ו,גרמים,250.00,100 גרם,false,,18.90,7.5600,true,1,3541
5391523057943,false,סימילאק גולד שלב 3 תרכובת מזון על בסיס חלב,אבוט לבורטיז,IE,סימילאק גולד שלב 3 7,גרמים,700.00,100 גרם,false,,72.90,10.4143,true,1,122189
5391523058063,false,סימילאק אדבנס פלוס 1 תרכובת מזון על בסיס חלב,טרופיקל דגיל תעשיות,IE,סימילאק אדוואנס פלוס,גרמים,700.00,100 גרם,false,,65.90,9.4143,true,1,126366
5400265032993,false,נשיקות מרנג לבן המלט,,,נשיקות מרנג לבן 100,גרמים,100.00,100 גרם,false,,13.90,13.9000,true,1,453098
5400265033006,false,נשיקות מרנג צבעוני ה,,,נשיקות מרנג צבעוני 1,גרמים,100.00,100 גרם,false,,13.90,13.9000,true,1,453099
5410126006087,false,לוטוס עוגיות קרמל 700 גרם,כלורוקס אוקלנד,BE,לוטוס עוגיות קרמל 70,גרמים,700.00,100 גרם,false,,34.90,4.9857,true,1,5942
5410126666038,false,עוגיות לוטוס 18*2 279 גרם,לוטוס ביקרי,BE,עוגיות לוטוס 279 גרם,גרמים,279.00,100 גרם,false,,16.90,6.0573,true,1,130072
5410126716016,false,"ביסקוויט בטעם קרמל לוטוס בד""צ 250 ג'",לוטוס ביקרי בלגיה,BE,ביסקוויט בטעם קרמל ל,גרמים,250.00,100 גרם,false,,12.90,5.1600,true,1,29152
5410126726947,false,ממרח עוגיות לוטוס קראנץ' 380 גרם,לוטוס בייקרי בלגיה נ,BE,לוטוס קראנץ ממרח עוג,גרמים,380.00,100 גרם,false,,25.20,6.6316,true,1,5946
5410316983693,false,"אייס סמירנוף בודד 275 מ""ל",סמירנוף אייס Smirnoff ice,IT,סמירנוף אייס בודד,מיליליטרים,275.00,"100 מ""ל",false,,13.90,5.0545,true,1,7574
5411188080268,false,משקה סויה אורגני 1 ל' אלפרי,הנסיך- מפעל לייצור ט,BE,אלפרו משקה סויה אורג,ליטרים,1.00,ליטר,false,,17.30,17.3000,true,1,23365
5411188081852,false,אלפרו משקה סויה בטעם וניל 1 ל',הנסיך- מפעל לייצור ט,BE,אלפרו משקה סויה בטעם,יחידה,0.00,יחידה,false,,17.30,0.0000,true,1,23366
5411188094159,false,מעדן סויה שוקולד בלגי אלפרו 4*125 ג',הנסיך- מפעל לייצור ט,BE,אלפרו מעדן סויה שוק.,מיליליטרים,500.00,"100 מ""ל",false,,20.90,4.1800,true,1,23367
5411188110835,false,אלפרו חלב סויה שקדים וניל 1ל',הנסיך- מפעל לייצור ט,BE,אלפרו משקה שקדים 1 ל,ליטרים,1.00,ליטר,false,,19.50,19.5000,true,1,23372
5411188112709,false,משקה אלפרו שקדים ללא סוכר 1 ליטר,הנסיך- מפעל לייצור ט,BE,אלפרו משקה שקדים ללא,יחידה,0.00,יחידה,false,,19.50,0.0000,true,1,23376
5411188115366,false,אלפרו משקה שיבולת שועל 1 ליטר,הנסיך- מפעל לייצור ט,BE,אלפרו משקה שיבולת שו,יחידה,0.00,יחידה,false,,19.50,0.0000,true,1,23379
5411188115472,false,אלפרו משקה סויה 1 ליטר,הנסיך- מפעל לייצור ט,BE,אלפרו משקה סויה 1 לי,ליטרים,1.00,ליטר,false,,17.30,17.3000,true,1,254996
5411188120742,false,אלפרו חלב משקה שקדים בטעם וניל 1 ל',הנסיך- מפעל לייצור ט,BE,אלפרו משקה שקדים בטע,ליטרים,1.00,ליטר,false,,19.50,19.5000,true,1,23386
5411188121978,false,"משקה סויה בטעם שוקולד 3 * 250 מ""ל אלפרו",אלפרו C.V.A,BE,אלפרו סויה שוקו סיד,מיליליטרים,750.00,"100 מ""ל",false,,16.90,2.2533,true,1,109620
5411188124689,false,משקה שיבולת שועל ללא סוכר 1ל' אלפרו,אלפרו Alpro,BE,אלפרו משקה שיבולת שו,יחידה,0.00,יחידה,false,,19.50,0.0000,true,1,279289
5411188124726,false,אלפרו משקה שיבולת שועל שקדים 1 ל',הדקלאים אגודת שיתופי,BE,אלפרו משקה שיבולת שו,יחידה,0.00,יחידה,false,,17.90,0.0000,true,1,106969
5411188134985,false,אלפרו 3.5% NOT M*LK שיבולת שועל 1 ליטר בית יוסף,הנסיך- מפעל לייצור ט,BE,אלפרו 3.5% שומן NOT,ליטרים,1.00,ליטר,false,,16.20,16.2000,true,1,334194
5411188135005,false,אלפרו 1.8% NOT M*LK שיבולת שועל 1 ליטר בית יוסף,הנסיך- מפעל לייצור ט,BE,אלפרו 1.8% שומן NOT,ליטרים,1.00,ליטר,false,,16.20,16.2000,true,1,337425
5411188543398,false,משקה סויה ללא סוכר 1 ל' אלפרו,הנסיך- מפעל לייצור ט,BE,אלפרו משקה סויה ללא,ליטרים,1.00,ליטר,false,,17.30,17.3000,true,1,259509
5413121355099,false,בלג'יאן-שוקולד מריר 72% פוךי קפה 100ג',BCG,,שוקולד מריר 72% עם פ,גרמים,100.00,100 גרם,false,,12.90,12.9000,true,1,455739
5413121355143,false,בלג'יאן-שוקולד לבן משובח 72% 100ג',BCG,,שוקולד לבן משובח בלג,גרמים,100.00,100 גרם,false,,12.90,12.9000,true,1,455768
5413121388905,false,"בלג'יאן-טראפלס אגוז ""חג שמח""150גר'",,,שוקולד טראפלס אגוז,גרמים,150.00,100 גרם,false,,15.90,10.6000,true,1,455801
5413548280189,false,קינדר שוקובון 125 גרם,פררו,BE,קינדר שוקו בון 125ג,גרמים,125.00,100 גרם,false,,16.90,13.5200,true,1,48734
5420066370018,false,טראפל שוקולד בלגי קק,,,טראפל שוקולד בלגי קק,גרמים,150.00,100 גרם,false,,15.90,10.6000,true,1,456675
5701932026964,false,פופקורן להכנה במיקרוגל בטעם טבעי 6 שקיות,הוט פופ Hot pop,US,הוט פופ .פופקורן עם,גרמים,600.00,100 גרם,false,,17.90,2.9833,true,1,13894
5701932026971,false,פופקורן להכנה במיקרוגל בטעם חמאה 6 שקיות,הוט פופ Hot pop,US,הוט פופ פופקורן בטעם,גרמים,600.00,100 גרם,false,,17.90,2.9833,true,1,13895
5701932026995,false,פופקורן להכנה במיקרוגל בטעם טבעי מופחת שומן 6 שקיות,קריניציה ויטמינה אס,US,הוט פופ פופקורן לייט,גרמים,510.00,100 גרם,false,,17.90,3.5098,true,1,13896
5706516031358,false,פופקורן להכנה במיקרוגל בטעם טבעי מופחת שומן 5 שקיות,הוט פופ Hot pop,US,הוט פופ 100 קלוריות,גרמים,160.00,100 גרם,false,,17.90,11.1875,true,1,13897
5711953106583,false,גבינת שמנת בטעם טבעי 200 גרם ארלה,ארלה פודס אמבה,DK,ארלה גבינת שמנת טבעי,גרמים,200.00,100 גרם,false,,18.70,9.3500,true,1,191113
5740900403215,false,ממרח לורפק חמאה עם מלח 250 ג',לורפאק Lurpak,,ממרח לורפק עם מלח 25,גרמים,250.00,100 גרם,false,,18.90,7.5600,true,1,133582
5740900403222,false,ממרח לורפק חמאה עם מלח מופחת שומן 250 ג,לורפאק Lurpak,,ממרח לורפק עם מלח מו,גרמים,250.00,100 גרם,false,,18.90,7.5600,true,1,133583
5740900403239,false,ממרח לורפק חמאה בלי מלח 250 ג',לורפאק Lurpak,,ממרח לורפק ללא מלח 2,גרמים,250.00,100 גרם,false,,18.90,7.5600,true,1,133584
5740900403260,false,ממרח מחמאת לורפק ללא מלח 27% פחות שומן,ארלה פודס אמבה,DK,ממרח לורפק ללא מלח מ,גרמים,250.00,100 גרם,false,,18.90,7.5600,true,1,133587
5765220190188,false,עטרות נייר אפייה 5 -130 יחידות,,,עטרות נייר לאפייה 5,יח',130.00,יח',false,,6.90,0.0531,true,1,279913
5765571206613,false,נר נשמה 9 ימים בפלסטיק,,,נר נשמה 9 ימים בפלסט,יחידה,0.00,יחידה,false,,11.90,0.0000,true,1,495579
5900020012814,false,דגני בוקר בטעם שוקולד נסקוויק Nesquik,מיוצר עי קונדיטוריית,PL,דגני בוקר נסקוויק נס,גרמים,500.00,100 גרם,false,,28.90,5.7800,true,1,20994
5900020015174,false,חטיף דגנים פיטנס Fitness עם שוקולד מריר,מיוצר עי קונדיטוריית,PL,פיטנס חטיף דגנים שוק,גרמים,141.00,100 גרם,false,,18.90,13.4043,true,1,20995
5900020020710,false,נסטלה - קראנץ' שוקו וניל חטיף דגנים 25 גרם * 6,נסטלה פולין ברים,PL,חטיף דגנים קראנץ בר,גרמים,150.00,100 גרם,false,,18.90,12.6000,true,1,21002
5900020025647,false,פיטנס דליס Fitness Delice חטיף דגנים עם שוקולד חלב,מיוצר עי קונדיטוריית,PL,פיטנס בר דליס שוקולד,גרמים,135.00,100 גרם,false,,18.90,14.0000,true,1,21009
5900020026552,false,דגני בוקר האני נאט צ'יריוס בטעם דבש ושקדים,נסטלה צרפת איטנקורט,FR,האני נאט ציריוס נסטל,גרמים,625.00,100 גרם,false,,28.90,4.6240,true,1,21017
5900020029669,false,פיטנס - חטיף דגנים פירות יער 23.50 גרם * 6,נסטלה פולין דגני בוק,,פיטנס חטיף דגנים פיר,גרמים,141.00,100 גרם,false,,18.90,13.4043,true,1,105946
5900020033314,false,חטיף דגני בוקר Lion בטעם קרמל ושוקולד על קרם חלב,נסטלה פולין ברים,PL,חטיף דגנים ליון נסטל,גרמים,150.00,100 גרם,false,,18.90,12.6000,true,1,133192
5900020036407,false,דגני בוקר ליון Lion בטעם שוקולד וקרמל,נסטלה פולין דגני בוק,,דגני בוקר שוקולד וקר,גרמים,480.00,100 גרם,false,,28.90,6.0208,true,1,228658
5901414200411,false,מיני עוגיות היט Hit במילוי קרם שוקולד,באלזן Bahlsen,PL,היט מיניס קרם קקאו 1,גרמים,130.00,100 גרם,false,,6.90,5.3077,true,1,120312
5902198160403,false,"משקה אנרגיה XL TEN פחית לל""ס 250מ""ל","טמפו משקאות בע""מ",IL,אקס אל משקה אנרגיה ט,מיליליטרים,250.00,"100 מ""ל",false,,4.90,1.9600,true,1,83115
5904941750312,false,"משקה אנרגיה BLU מוחיטו 250 מ""ל",אקו - ביט,PL,בלו בודד מוחיטו 250,מיליליטרים,250.00,"100 מ""ל",false,,4.90,1.9600,true,1,2243
5906485301012,false,"משקה אנרגיה XL פחית 250 מ""ל","טמפו משקאות בע""מ",IL,אקס אל משקה אנרגיה 2,מיליליטרים,250.00,"100 מ""ל",false,,4.90,1.9600,true,1,10133
5941021011147,false,טבלת שוקולד פלורנטין מריר היידי גראנדור 100 ג',,,טבלת היידי גראנדור פ,גרמים,100.00,100 גרם,false,,12.90,12.9000,true,1,435319
5941021016401,false,טבלת שוקולד מריר שקד היידי גראנדור 100 ג',,,טבלת היידי גראנדור מ,גרמים,100.00,100 גרם,false,,12.90,12.9000,true,1,435286
5997321701806,false,אבקה למניעת אבנית במכונת כביסה 2 ב-1,רקיט בנקיזר פולין,PL,"קלגון אבקה 1 ק""ג",קילוגרמים,1.00,"ק""ג",false,,39.90,39.9000,true,1,88215
6902019042061,false,מארז בלונים 50 יח קרביץ,,,מארז בלונים 50 יח,יחידה,0.00,יחידה,false,,10.90,0.0000,true,1,158228
6903132699705,false,מסחטת מיץ פרי הדר,,,מסחטת מיץ פרי הדר,יחידה,0.00,יחידה,false,,9.90,0.0000,true,1,463213
6918647655351,false,דבק דו צדדי זוג 1.7*,,,דבק דו צדדי זוג 1.7*,יחידה,0.00,יחידה,false,,9.90,0.0000,true,1,442163
6923450656310,false,"תותח קונפטי 40 ס""מ",,,תותח קונפטי,יח',1.00,יח',false,,9.90,9.9000,true,1,377713
6924421202017,false,פטריות שימג'י לבן/חו,,,פטריות שי-מג'י חוות,גרמים,150.00,100 גרם,false,,12.90,8.6000,true,1,55576
6936745600783,false,"חומץ אורז 500 מ""ל (דאניינג)",דאנינג יוה פודס קו,CN,"חומץ אורז 500 מ""ל (ד",גרמים,500.00,100 גרם,false,,17.90,3.5800,true,1,15152
6951097101030,false,מאג לונדון,,,מאג לונדון,יחידה,0.00,יחידה,false,,5.90,0.0000,true,1,30034
6951097101078,false,מאג לאטה 240,,,מאג לאטה 240,יחידה,0.00,יחידה,false,,4.90,0.0000,true,1,324230
6951097101139,false,מאג קליר ניו בלינק 3,,,מאג קליר ניו בלינק 3,יחידה,0.00,יחידה,false,,5.90,0.0000,true,1,30038
7180589856540,false,נייס שבלולים לשיער,,,נייס שבלולים לשיער,יחידה,0.00,יחידה,false,,3.90,0.0000,true,1,37200
7262626058497,false,כובע צמר לגבר,,,כובע צמר לגבר,יחידה,0.00,יחידה,false,,29.90,0.0000,true,1,95411
7262626058930,false,טייץ טרמי שחור,,,טייץ טרמי שחור,יחידה,0.00,יחידה,false,,24.90,0.0000,true,1,95414
7262626088180,false,טייץ טרמי שחור,,,טייץ טרמי שחור,יחידה,0.00,יחידה,false,,29.90,0.0000,true,1,261573
7262626088197,false,טייץ טרמי צבעוני,,,טייץ טרמי צבעוני,יחידה,0.00,יחידה,false,,29.90,0.0000,true,1,261159
7262626088289,false,מטריה סיליקון נקודות,,,מטריה סיליקון נקודות,יחידה,0.00,יחידה,false,,39.90,0.0000,true,1,384083
7262626088296,false,מטריה סיליקון עם הדפ,,,מטריה סיליקון עם הדפ,יחידה,0.00,יחידה,false,,39.90,0.0000,true,1,384084
7262626088319,false,כובע חורף נשים פונפו,,,כובע חורף נשים פונפו,יחידה,0.00,יחידה,false,,29.90,0.0000,true,1,510361
7271730901261,false,ווקי מאק ארוחת אטריות עם גבינה 156 גרם,ניו וורלד פסטה קומפנ,US,ארוחת אטריות וואקי מ,גרמים,156.00,100 גרם,false,,11.90,7.6282,true,1,70364
7290000000311,false,קרואסון ביס בטעמים ח,,,קרואסון ביס בטעמים ח,קילוגרמים,1.00,"ק""ג",true,,45.00,45.0000,true,1,2815
7290000000465,false,נקניקיות/סרדלקי טליא,"ולדמן ביח""ר לנקניק ו",,לחמניה שמינייה,יח',1.00,יח',false,,4.90,4.9000,true,1,96230
7290000000626,false,ברוקולי ארוז במגשית,,,ברוקולי ארוז במגשית,יח',1.00,יח',false,,9.90,9.9000,true,1,379465
7290000000978,true,חסה כשר,,,חסה כשר,יח',1.00,יח',false,,7.90,7.9000,true,1,93982
7290000000985,true,פטרוזיליה כשר,,,פטרוזיליה כשר,יח',1.00,יח',false,,5.90,5.9000,true,1,94061
7290000001104,false,פטריות חורש מיני ארוז 200 ג',"מרינה פטריות הגליל בע""מ",IL,פטריות חורש ארוז,יח',1.00,יח',false,,10.90,10.9000,true,1,102811
7290000001193,false,בונז'ור בייבי חליות,,,בונז'ור בייבי חליות,גרמים,70.00,100 גרם,false,,2.60,3.7143,true,1,96223
7290000001579,true,סלרי אמריקאי כשר,,,סלרי אמריקאי כשר,יח',1.00,יח',false,,6.90,6.9000,true,1,114242
7290000001586,true,שמיר כשר,,,שמיר כשר,יח',1.00,יח',false,,5.90,5.9000,true,1,114243
7290000001593,true,נענע כשר,,,נענע כשר,יח',1.00,יח',false,,5.90,5.9000,true,1,114244
7290000002858,false,פטה עזים גד 5% במשקל,,,פטה עזים גד 5% במשקל,קילוגרמים,1.00,"ק""ג",true,,143.00,143.0000,true,1,15332
7290000002889,false,גורגונזולה פיקנטי/דו,,,גבינות שמנת שום שמיר,קילוגרמים,1.00,"ק""ג",true,,61.00,61.0000,true,1,15334
7290000003285,false,פטינה מחלבת ארלה 21%,,,פטינה מחלבת ארלה 21%,קילוגרמים,1.00,"ק""ג",true,,32.00,32.0000,true,1,156962
7290000003286,false,בלוז דנאבלו מחלבת אר,,,בלוז דנאבלו מחלבת אר,קילוגרמים,1.00,"ק""ג",true,,69.00,69.0000,true,1,156963
7290000003790,true,5יח לחמניה שמיניה דג,,,5יח לחמניה שמיניה דג,יח',1.00,יח',false,,15.90,15.9000,true,1,3203
7290000004444,false,שקיות גופיה 20 מקרו,,,שקיות גופיה 20 מקרו,יחידה,0.00,יחידה,false,,0.10,0.0000,true,1,454200
7290000004792,false,בולגרית מעודנת גד 5%,,,בולגרית מעודנת גד 5%,קילוגרמים,1.00,"ק""ג",true,,70.00,70.0000,true,1,15346
7290000004815,false,מוצרלה גד 22% במשקל,,,מוצרלה גד 22% במשקל,קילוגרמים,1.00,"ק""ג",true,,94.00,94.0000,true,1,15347
7290000004921,false,ריקוטה גד 5% במשקל,,,ריקוטה גד 5% במשקל,קילוגרמים,1.00,"ק""ג",true,,70.00,70.0000,true,1,15350
7290000004969,false,גבינות שמנת טבעי גד,,,גבינות שמנת טבעי גד,קילוגרמים,1.00,"ק""ג",true,,61.00,61.0000,true,1,15353
7290000004983,false,לאבנה גד 5% במשקל,,,לאבנה גד 5% במשקל,קילוגרמים,1.00,"ק""ג",true,,49.00,49.0000,true,1,15355
7290000004991,false,מארז תרומה אגרות פתח,,,מארז תרומה אגרות פתח,יחידה,0.00,יחידה,false,,10.00,0.0000,true,1,331525
7290000005025,false,בייגל בטעמים,,,בייגל בטעמים,יח',1.00,יח',false,,5.90,5.9000,true,1,96155
7290000005455,false,בולגרית מעודנת מהדרי,,,בולגרית מעודנת מהדרי,קילוגרמים,1.00,"ק""ג",true,,70.00,70.0000,true,1,15362
7290000009350,false,בשר טחון טרי,,,בשר טחון טרי,קילוגרמים,1.00,"ק""ג",true,,39.90,39.9000,true,1,467055
7290000009352,false,בשר טחון פרימיום טרי,,,בשר טחון פרימיום טרי,קילוגרמים,1.00,"ק""ג",true,,49.90,49.9000,true,1,467264
7290000009354,false,צלעות בקר טרי,,,צלעות בקר טרי,קילוגרמים,1.00,"ק""ג",true,,79.90,79.9000,true,1,467441
7290000009358,false,כתף בקר טרי,,,כתף בקר טרי,קילוגרמים,1.00,"ק""ג",true,,69.90,69.9000,true,1,467532
7290000009362,false,צלי כתף טרי,,,צלי כתף טרי,קילוגרמים,1.00,"ק""ג",true,,89.90,89.9000,true,1,467704
7290000009366,false,פילה מדומה טרי,,,פילה מדומה טרי,קילוגרמים,1.00,"ק""ג",true,,79.90,79.9000,true,1,467551
7290000009370,false,שריר טרי,,,שריר טרי,קילוגרמים,1.00,"ק""ג",true,,64.90,64.9000,true,1,467843
7290000009395,false,אסאדו ע.ע. טרי,,,אסאדו ע.ע. טרי,קילוגרמים,1.00,"ק""ג",true,,69.90,69.9000,true,1,468331
7290000009399,false,סינטה טרי,,,סינטה טרי,קילוגרמים,1.00,"ק""ג",true,,129.90,129.9000,true,1,468383
7290000009462,false,צוואר ע.ע טרי,,,צוואר ע.ע טרי,קילוגרמים,1.00,"ק""ג",true,,49.90,49.9000,true,1,477891
7290000010110,false,5 יח' לחמנית קוראסו,,,5 יח' לחמנית קוראסו,יח',1.00,יח',false,,17.90,17.9000,true,1,216441
7290000010250,false,5 יח' בייגלה בטעמים,,,5 יח' בייגלה בטעמים,יח',1.00,יח',false,,19.90,19.9000,true,1,216425
7290000011040,false,5 יח' לחמניה קשר,,,5 יח' לחמניה קשר,יח',1.00,יח',false,,15.90,15.9000,true,1,90927
7290000011593,false,שזיף,,,שזיף,קילוגרמים,1.00,"ק""ג",true,,22.90,22.9000,true,1,54996
7290000013006,false,פסטרמה מקסיקנית 1% ז,,,פסטרמה מקסיקנית 1% ז,קילוגרמים,1.00,"ק""ג",true,,89.00,89.0000,true,1,42602
7290000014510,false,חסה עגולה,,,חסה עגולה,יח',1.00,יח',false,,7.90,7.9000,true,1,54999
7290000023809,false,"יין ברקן קלאסיק קברנה סובניון 750מ""ל",יקבי ברקן שיווק והפצ,IL,קלאסיק קברנה סובניון,מיליליטרים,750.00,"100 מ""ל",false,,35.50,4.7333,true,1,10159
7290000023977,false,"יין ברקן קלאסיק מרלו 750 מ""ל",יקבי ברקן שיווק והפצ,IL,קלאסיק מרלו 750מל.,מיליליטרים,750.00,"100 מ""ל",false,,35.50,4.7333,true,1,10166
7290000032665,false,רוטב עגבניות 28% 580ג' פרי זה,,,רוטב עגבניות 28% ברי,גרמים,580.00,100 גרם,false,,8.50,1.4655,true,1,9335
7290000035324,false,בולגרית חלב נוכרי פי,,,בולגרית חלב נוכרי פי,קילוגרמים,1.00,"ק""ג",true,,59.00,59.0000,true,1,26954
7290000036291,false,צפתית מעודנת מהדרין,,,צפתית מעודנת מהדרין,קילוגרמים,1.00,"ק""ג",true,,57.00,57.0000,true,1,26957
7290000039234,false,סינטה עגל טרי,,,סינטה עגל טרי,קילוגרמים,1.00,"ק""ג",true,,139.90,139.9000,true,1,2050
7290000040042,false,יוגורט תות %3 גביע 150 ג' יופלה,תנובה בעמ,IL,יופלה תות שובב 3% 15,מיליליטרים,150.00,"100 מ""ל",false,,5.70,3.8000,true,1,27112
7290000040066,false,יוגורט דובדבן 3% שומן 150 ג' יופלה,תנובה בעמ,IL,יופלה דובדבן פראי 3%,מיליליטרים,150.00,"100 מ""ל",false,,5.70,3.8000,true,1,27114
7290000040301,false,"גבינת קולאז קממבר עין גדי 24%, 125 ג'",תנובה מרכז שיתופי לש,IL,תנובה גבינת קממבר עי,גרמים,125.00,100 גרם,false,,21.90,17.5200,true,1,27118
7290000040462,false,גבינת טוסטי עמק אמריקאי אדם 23% 200 ג',תנובה מרכז שיתופי לש,IL,טוסטי טעם אדם 22% 20,גרמים,200.00,100 גרם,false,,20.90,10.4500,true,1,95747
7290000040974,false,חלב תנובה קרטון דל לקטוז 2% 1ל,תנובה מרכז שיתופי לש,IL,חלב תנובה קרטון דל ל,ליטרים,1.00,ליטר,false,,7.90,7.9000,true,1,27122
7290000041445,false,קוטג' 5% תנובה מהדרין 250ג',מיוצר עי קונדיטוריית,IL,"קוטג' 5% תנובה בד""צ",גרמים,250.00,100 גרם,false,,5.80,2.3200,true,1,27124
7290000041858,false,"שמנת חמוצה 15% יטבתה 200 מ""ל מהדרין",שטראוס גרופ,IL,יטבתה שמנת חמוצה 15%,מיליליטרים,200.00,"100 מ""ל",false,,2.70,1.3500,true,1,24737
7290000041865,false,"לבן 4.5% יטבתה מהדרין 200מ""ל",מחלבת יטבתה,IL,יטבתה לבן 4.5% 200מל,מיליליטרים,200.00,"100 מ""ל",false,,2.50,1.2500,true,1,24738
7290000042008,false,חלב תנובה טרי 3% שקית 1 ל',"תנובה, מחלבת רחובות",IL,חלב תנובה רבנות 3% ב,ליטרים,1.00,ליטר,false,,5.43,5.4300,true,1,27129
7290000042015,false,חלב טרי 3% תנובה שקית 1ל' מהדרין,תנובה מרכז שיתופי לש,IL,חלב תנובה טרי שקית,יחידה,0.00,יחידה,false,,5.43,0.0000,true,1,27130
7290000042435,false,חלב טרי 1% קרטון פקק 1ל' תנובה,תנובה מרכז שיתופי לש,IL,חלב תנובה בקרטון 1%,ליטרים,1.00,ליטר,false,,5.86,5.8600,true,1,27136
7290000042442,false,חלב הומוגני 3% בקרטון 1ל' תנובה,קריות זול,IL,חלב תנובה בקרטון רבנ,ליטרים,1.00,ליטר,false,,6.23,6.2300,true,1,27137
7290000042640,false,"חלב תנובה עמיד 3% קרטון 250 מ""ל",תנובה מרכז שיתופי לש,IL,חלב תנובה עמיד 3% מה,מיליליטרים,250.00,"100 מ""ל",false,,2.90,1.1600,true,1,27143
7290000042855,false,יוטבתה שוקו שקית 225מל,שטראוס גרופ,IL,יטבתה שוקו שקית 225,מיליליטרים,225.00,"100 מ""ל",false,,2.90,1.2889,true,1,24742
7290000043012,false,"שוקו עמיד 2% בקרטון 250 מ""ל תנובה",תנובה מרכז שיתופי לש,IL,שוק שוקו עמיד 2% בקר,מיליליטרים,250.00,"100 מ""ל",false,,4.90,1.9600,true,1,27146
7290000043814,false,"שמנת מתוקה להקצפה 38% 250 מ""ל תנובה",תנובה מרכז שיתופי לש,IL,שף לבן שמנת לקצפת עמ,מיליליטרים,250.00,"100 מ""ל",false,,6.47,2.5880,true,1,27149
7290000043890,false,רויון בקרטון 1 ליטר,תנובה מרכז שיתופי לש,IL,ריויון 1.5% 1ל,ליטרים,1.00,ליטר,false,,12.50,12.5000,true,1,27152
7290000043944,false,כד יוגורט תנובה 4% שומן 1.5 ליטר,מיוצר עי קונדיטוריית,IL,יוגורט כדים תנובה 1.,ליטרים,1.50,ליטר,false,,18.70,12.4667,true,1,27153
7290000044712,false,יוגורט עם תות 1.5% שומן 500 ג' פרילי,מיוצר עי קונדיטוריית,IL,פרילי תות 1.5% 500מל,מיליליטרים,500.00,"100 מ""ל",false,,10.90,2.1800,true,1,27159
7290000044880,false,באדי יוגורט תות 3% שומן 500 ג' תנובה,מיוצר עי קונדיטוריית,IL,באדי תות 3% 500מל,מיליליטרים,500.00,"100 מ""ל",false,,9.90,1.9800,true,1,27161
7290000045580,false,"גבינת מותכת נעמה חורש 25%, 240 ג'",תנובה מרכז שיתופי לש,IL,נעמה גבינת מותכת 25%,גרמים,240.00,100 גרם,false,,19.90,8.2917,true,1,27164
7290000045917,false,תנובה גבינת פרומעז 23% גלילית 200ג,קריות זול,IL,תנובה גבינת פרומעז 2,גרמים,200.00,100 גרם,false,,29.90,14.9500,true,1,27166
7290000046006,false,גבינה צהובה עמק בלוק,תנובה מרכז שיתופי לש,,עמק 28% במשקל,קילוגרמים,1.00,"ק""ג",true,,42.70,42.7000,true,1,26961
7290000046020,false,"גבינה גלבוע בלוק ק""ג",תנובה מרכז שיתופי לש,,גלבוע 22% במשקל,קילוגרמים,1.00,"ק""ג",true,,42.58,42.5800,true,1,26962
7290000046327,false,"גבינת גלבוע פרוס 22%, 200 ג' תנובה",תנובה מרכז שיתופי לש,IL,גלבוע גבינה פרוסה 22,גרמים,200.00,100 גרם,false,,13.90,6.9500,true,1,27169
7290000046501,false,גבינה טל העמק בלוק ק,קריות זול,,טל העמק במשקל,קילוגרמים,1.00,"ק""ג",true,,58.00,58.0000,true,1,26967
7290000046549,false,מוצרלה חריץ תנובה במ,תנובה מרכז שיתופי לש,,מוצרלה חריץ תנובה במ,קילוגרמים,1.00,"ק""ג",true,,82.00,82.0000,true,1,26968
7290000046563,false,גבע פרמזן תנובה במשק,תנובה מרכז שיתופי לש,,גבע פרמזן תנובה במשק,קילוגרמים,1.00,"ק""ג",true,,114.00,114.0000,true,1,26970
7290000046662,false,עמק דליקטס סקנדינבית,תנובה מרכז שיתופי לש,,סקנדינבית חריץ מעדני,קילוגרמים,1.00,"ק""ג",true,,79.00,79.0000,true,1,26971
7290000047027,false,גבינה גלעד קצקאבל27%,תנובה מרכז שיתופי לש,,קשקבל גלעד במשקל,קילוגרמים,1.00,"ק""ג",true,,128.00,128.0000,true,1,26973
7290000047034,false,"גבינה רוקפור גליל ק""",תנובה מרכז שיתופי לש,,רוקפור גליל במשקל,קילוגרמים,1.00,"ק""ג",true,,130.00,130.0000,true,1,26974
7290000047485,false,בולגרית פיראוס 24% ב,תנובה מרכז שיתופי לש,,בולגרית פיראוס 24% ב,קילוגרמים,1.00,"ק""ג",true,,64.00,64.0000,true,1,26977
7290000047546,false,כנען גבינה לבנה ללא מלח 5% 500 ג',תנובה מרכז שיתופי לש,IL,שף לבן כנען 5% 500ג,גרמים,500.00,100 גרם,false,,28.20,5.6400,true,1,27172
7290000047730,false,סלמון פילה מעושן מצו,,,סלמון פילה מעושן מצו,קילוגרמים,1.00,"ק""ג",true,,199.00,199.0000,true,1,17414
7290000048185,false,גבינה לבנה 5% שומן 250 ג' תנובה,מיוצר עי קונדיטוריית,IL,גבינה לבנה רכה 5% תנ,גרמים,250.00,100 גרם,false,,4.98,1.9920,true,1,27177
7290000048192,false,גבינה לבנה 9% שומן 250 ג' תנובה,מחלבת אלון תבור,IL,גבינה לבנה רכה 9% בד,גרמים,250.00,100 גרם,false,,5.10,2.0400,true,1,27178
7290000048207,false,פילה הרינג בסגנון מט,,,פילה הרינג בסגנון מט,קילוגרמים,1.00,"ק""ג",true,,84.00,84.0000,true,1,19719
7290000048413,false,גבינה חמד %16 שקית 250 ג' פיראוס,תנובה מרכז שיתופי לש,IL,פיראוס חמד 16% 250ג,גרמים,250.00,100 גרם,false,,20.90,8.3600,true,1,27182
7290000048437,false,גבינה צפתית 5% 200 ג' פיראוס,פארייפאבה אגרואינדוס,IL,פיראוס צפתית 5% 200,גרמים,200.00,100 גרם,false,,17.90,8.9500,true,1,27183
7290000049458,false,גבינת פטה עיזים 16% גביע פיראוס 250 ג',תנובה מרכז שיתופי לש,IL,פיראוס בולגרית עיזים,גרמים,250.00,100 גרם,false,,32.90,13.1600,true,1,27188
7290000050447,false,יוגורט תות 500 ג' יופלה,מיוצר עי קונדיטוריית,IL,יופלהYYY תות 3% 500מ,מיליליטרים,500.00,"100 מ""ל",false,,14.90,2.9800,true,1,27195
7290000051307,false,מארז הפסקת אוכל עם דגני עוגי ומשקה חלב עמיד בטעם וניל,תנובה מרכז שיתופי לש,IL,חלב תנובה הפ.אוכל עו,מיליליטרים,150.00,"100 מ""ל",false,,10.50,7.0000,true,1,27214
7290000051352,false,חלב מלא בטעם של פעם 3.4% תנובה קרטון 1 ל',תנובה מרכז שיתופי לש,IL,חלב תנובה של פעם בקר,ליטרים,1.00,ליטר,false,,7.90,7.9000,true,1,27215
7290000051376,false,יופלה דיאט אננס גביע 150 ג',תנובה מרכז שיתופי לש,IL,יופלה דיאט אננס ספור,מיליליטרים,150.00,"100 מ""ל",false,,5.60,3.7333,true,1,27216
7290000051710,false,לאבנה 9% עם שמן זית וזעתר 263 ג' פיראוס,"תנובה, מחלבת אלון תב",IL,פיראוס לאבנה עם שמן,גרמים,263.00,100 גרם,false,,14.90,5.6654,true,1,27219
7290000052311,false,גבינה צהובה לייט 15% 200 ג' עמק,תנובה מרכז שיתופי לש,IL,עמק מהדרין 15% 200 ג,גרמים,200.00,100 גרם,false,,17.90,8.9500,true,1,27232
7290000052649,false,גבינת לאבנה 5% שומן 500 ג' פיראוס,תנובה מרכז שיתופי לש,IL,פיראוס לאבנה 5% 500ג,גרמים,500.00,100 גרם,false,,22.90,4.5800,true,1,27238
7290000053219,false,טל העמק 32% במשקל,תנובה מרכז שיתופי לש,,טל העמק 32% במשקל,קילוגרמים,1.00,"ק""ג",true,,61.00,61.0000,true,1,26985
7290000055015,false,גבינת פיראוס פטה כבשים 5% 250 ג' פיראוס,תנובה מרכז שיתופי לש,IL,פיראוס גבינת פטה כבש,גרמים,250.00,100 גרם,false,,32.90,13.1600,true,1,27282
7290000055329,false,יופלה משקה יוגורט תות מלון 1.5% 250מל.,תנובה מרכז שיתופי לש,IL,יופלה משקה יוגורט תו,מיליליטרים,250.00,"100 מ""ל",false,,6.50,2.6000,true,1,27288
7290000055343,false,יופלה משקה יוגורט טרופי 1.5% 250מל,תנובה מרכז שיתופי לש,IL,יופלה משקה יוגורט טר,מיליליטרים,250.00,"100 מ""ל",false,,6.50,2.6000,true,1,27290
7290000055350,false,גבינה צהובה חריץ עמק,תנובה מרכז שיתופי לש,,עמק קלאסית 28% במשקל,קילוגרמים,1.00,"ק""ג",true,,44.79,44.7900,true,1,26989
7290000055893,false,חמאה משמנת מפוסטרת 200ג' כ.מהדרין,תנובה מרכז שיתופי לש,IL,חמאה מהדרין תנובה 20,גרמים,200.00,100 גרם,false,,8.20,4.1000,true,1,27296
7290000056784,false,פטה כבשים פיראוס 5%,תנובה מרכז שיתופי לש,,פטה כבשים פיראוס 5%,קילוגרמים,1.00,"ק""ג",true,,119.00,119.0000,true,1,26994
7290000056845,false,חלב טרי 3% הומוגני קרטון 1.5 ל' תנובה,פארייפאבה אגרואינדוס,IL,חלב תנובה בקרטון 3%,ליטרים,1.50,ליטר,false,,9.34,6.2267,true,1,27314
7290000056883,false,יופלה מאגדת פרי 3% 8 יח' * 150 ג',תנובה מרכז שיתופי לש,IL,יופלה טעמים משתנים 3,קילוגרמים,1.20,"ק""ג",false,,35.90,29.9167,true,1,27316
7290000056906,false,מאגדת לבן טבעי 1.5% שומן 8 יח' * 150 ג' יופלה,מחלבת אלון תבור,IL,יופלה לבן 1.5% 8*150,ליטרים,1.20,ליטר,false,,19.90,16.5833,true,1,27318
7290000057088,false,גבינת דק דק 28% 200 ג' עמק,תנובה מרכז שיתופי לש,IL,עמק דק דק 28% 200גר,גרמים,200.00,100 גרם,false,,17.90,8.9500,true,1,27325
7290000057118,false,עמק סמי מעדנייה כשרות מהדרין,תנובה מרכז שיתופי לש,IL,עמק סמי 28% 400 גר,גרמים,400.00,100 גרם,false,,24.90,6.2250,true,1,27327
7290000057132,false,יוגורט טבעי 1.5% שומן 200 ג' תנובה,מחלבת אלון תבור,IL,תנובה יוגורט טבעי 1.,מיליליטרים,200.00,"100 מ""ל",false,,3.50,1.7500,true,1,27328
7290000057149,false,יוגורט טבעי 3% שומן 200 ג' תנובה,מיוצר עי קונדיטוריית,IL,תנובה יוגורט טבעי 3%,גרמים,200.00,100 גרם,false,,3.50,1.7500,true,1,27329
7290000058001,false,עצמות עגל חלק טרי,,,עצמות עגל חלק טרי,קילוגרמים,1.00,"ק""ג",true,,35.00,35.0000,true,1,2064
7290000058030,false,"יופלה שטוזים משקה יוגורט תות 8 יח' * 100 מ""ל",מיוצר עי קונדיטוריית,IL,יופלה שטוזים משקה יו,מיליליטרים,800.00,"100 מ""ל",false,,22.90,2.8625,true,1,27349
7290000058047,false,**שף לבן שמנת מתוקה מהדרין 38% פקק 500מ,תנובה מרכז שיתופי לש,IL,שף לבן שמנת מתוקה מה,מיליליטרים,500.00,"100 מ""ל",false,,12.94,2.5880,true,1,27350
7290000058580,false,קוקילידה וניל ועוגיות שוקולד נסטלה 83ג',נגה גלידות (גלידות נ,IL,קוקילידה וניל,יחידה,0.00,יחידה,false,,10.90,0.0000,true,1,16976
7290000060088,false,בייגלה אסם מקלות מלוחים 400 גרם,מיוצר עי קונדיטוריית,IL,בייגלה אסם מקלות מלו,גרמים,400.00,100 גרם,false,,12.90,3.2250,true,1,68376
7290000060163,false,פסטה אסם אטריות דקות 400גר,"אסם השקעות בע""מ",IL,אטריות דקות אסם 400,גרמים,400.00,100 גרם,false,,7.90,1.9750,true,1,21026
7290000060200,false,פסטה אסם פתיתים אפויים קוסקוס 500גר,"אסם השקעות בע""מ",IL,פתיתים אפויים קוסקוס,גרמים,500.00,100 גרם,false,,7.90,1.5800,true,1,21027
7290000060217,false,פסטה אסם מקרוני 7 500 גר,קריות זול,IT,פסטה מקרוני אסם 500,גרמים,500.00,100 גרם,false,,6.90,1.3800,true,1,21028
7290000060248,false,פסטה אסם פתיתים תלתלים 500גר,קריות זול,IT,פסטה תלתלים אסם 500,גרמים,500.00,100 גרם,false,,6.90,1.3800,true,1,21029
7290000060316,false,פסטה פרפקטו ספגטי 500ג' אסם,קריות זול,IT,פסטה ספגטי פרפקטו 50,גרמים,500.00,100 גרם,false,,7.90,1.5800,true,1,21031
7290000060408,false,פסטה אסם פתיתים אפויים טבעות 500 גר,"אסם השקעות בע""מ",IL,פתיתים אפויים טבעות,גרמים,500.00,100 גרם,false,,7.90,1.5800,true,1,21035
7290000060415,false,פסטה פרפקטו לזאניה אסם 500ג',קריות זול,IT,לזאניה פרפקטו 500 ג,גרמים,500.00,100 גרם,false,,15.90,3.1800,true,1,21036
7290000060576,false,פסטה אסם פתיתים אפוי כוכב 500גר,"אסם השקעות בע""מ",IL,פתיתים אפויים כוכבים,גרמים,500.00,100 גרם,false,,7.90,1.5800,true,1,21041
7290000060781,false,פסטה אסם פתיתים מסולסלים 500גר,קריות זול,IT,פסטה מסולסלים אסם 50,גרמים,500.00,100 גרם,false,,6.90,1.3800,true,1,21042
7290000060880,false,פסטה מס' 8 ספגטי אסם 500ג',קריות זול,IT,ספגטי אסם 500 גרם,גרמים,500.00,100 גרם,false,,6.90,1.3800,true,1,21046
7290000060903,false,פסטה אסם פתיתים אפויים אורז 500גר,"אסם השקעות בע""מ",IL,פתיתים אפויים אורז א,גרמים,500.00,100 גרם,false,,7.90,1.5800,true,1,21047
7290000060958,false,פסטה אסם אטריות בינוניות 400 גרם,"אסם השקעות בע""מ",IL,אטריות בינוניות אסם,גרמים,400.00,100 גרם,false,,7.90,1.9750,true,1,21049
7290000060965,false,פסטה אסם אטריות רחבות 400גר,"אסם השקעות בע""מ",IL,אטריות רחבות אסם 400,גרמים,400.00,100 גרם,false,,7.90,1.9750,true,1,21050
7290000061061,false,קרקר בצל אסם 250 גרם,"אסם השקעות בע""מ",IL,אסם קרקר בצל 250גרם,גרמים,250.00,100 גרם,false,,11.90,4.7600,true,1,21052
7290000061085,false,"רוטב צ'ילי מתוק אסם 290מ""ל",אסם תעשיות,IL,אסם רוטב צ'ילי מתוק,מיליליטרים,290.00,"100 מ""ל",false,,13.90,4.7931,true,1,21053
7290000061108,false,"רוטב טריאקי 290 מ""ל אסם","אסם השקעות בע""מ",IL,רוטב טריאקי אסם 290,מיליליטרים,290.00,"100 מ""ל",false,,13.90,4.7931,true,1,21054
7290000061214,false,פתיתים אפויים קוסקוס עם בצל אסם 500 גר',"אסם השקעות בע""מ",IL,פתיתים קוסקוס בצל אס,גרמים,500.00,100 גרם,false,,7.90,1.5800,true,1,21055
7290000061245,false,עוגיות שוקוצ'יפס ממולאו שוקו' אסם 220ג',מיוצר עי קונדיטוריית,IL,אסם עוגיות שוקוצ'יפס,גרמים,220.00,100 גרם,false,,12.90,5.8636,true,1,21056
7290000061764,false,נסקפה רד מאג טעם חדש 200ג',נסטלה ספרד קפה,ES,נס קפה רד מאג טעם חד,גרמים,200.00,100 גרם,false,,24.90,12.4500,true,1,21059
7290000062952,false,אוסם - מיני קרוטונים למרק ולסלט 250 גרם,עינת תעשיות מזון,IL,מיני קרוטונים למרק ו,גרמים,250.00,100 גרם,false,,16.90,6.7600,true,1,21065
7290000063140,false,שקדי מרק רכיבים טבעיים בשקית 400 ג' אסם,"אסם השקעות בע""מ",IL,שקדי מרק רכיבים טבעי,גרמים,400.00,100 גרם,false,,14.90,3.7250,true,1,21070
7290000063157,false,"קמח תופח מאליו אסם 1 ק""ג","אסם השקעות בע""מ",IL,קמח עוגה תופח מאליו,קילוגרמים,1.00,"ק""ג",false,,10.90,10.9000,true,1,21071
7290000064758,false,קוסקוס בינוני אמיתי אסם 350 ג',"מיוצר ע""י קוד יצרן K",IL,קוסקוס אמיתי אסם 350,גרמים,350.00,100 גרם,false,,8.90,2.5429,true,1,21081
7290000065090,false,מיני קרוטונים למרק ולסלט 400 ג' אסם,עינת תעשיות מזון,IL,מיני קרוטונים למרק ו,גרמים,400.00,100 גרם,false,,28.90,7.2250,true,1,21083
7290000065335,false,אוסם - מנה חמה פירה עם ירקות 55 גרם,"אסם השקעות בע""מ",IL,מנה חמה פירה וירקות,גרמים,55.00,100 גרם,false,,6.90,12.5455,true,1,21085
7290000066134,false,ביסלי בטעם פלאפל אסם,"אסם השקעות בע""מ",IL,ביסלי פלאפל 70גרם,גרמים,70.00,100 גרם,false,,4.90,7.0000,true,1,21094
7290000066141,false,ביסלי בטעם גריל אסם,"אסם השקעות בע""מ",IL,ביסלי גריל 70 גר'.,גרמים,70.00,100 גרם,false,,4.90,7.0000,true,1,21095
7290000066196,false,ביסלי גדול בטעם גריל 200 ג' אסם,מיוצר עי קונדיטוריית,IL,ביסלי גריל 200גרם,גרמים,200.00,100 גרם,false,,7.90,3.9500,true,1,21100
7290000066264,false,אוסם - חטיף דובונים 40 גרם,"אסם השקעות בע""מ",IL,דובונים 40גרם,גרמים,40.00,100 גרם,false,,5.00,12.5000,true,1,21104
7290000066318,false,במבה קלאסי 80 גרם,"אסם השקעות בע""מ",IL,במבה קלאסי 80 גרם,גרמים,80.00,100 גרם,false,,4.90,6.1250,true,1,21107
7290000066332,false,אפרופו חטיף אסם 50ג',מיוצר עי קונדיטוריית,IL,אפרופו 50 גרם,גרמים,50.00,100 גרם,false,,5.90,11.8000,true,1,21108
7290000066431,false,פופקו חטיף תירס בטעם חמאה ודבש 80 גרם,מיוצר עי קונדיטוריית,IL,פופקו חמאה ודבש 80גר,גרמים,80.00,100 גרם,false,,5.90,7.3750,true,1,21110
7290000067544,false,פירורית זהב שקית 200גר,עינת תעשיות מזון,IL,אסם פירורית פירורי ל,גרמים,200.00,100 גרם,false,,7.90,3.9500,true,1,21118
7290000067599,false,אוסם - מנה חמה ספגטי רוטב בולנז 65 גרם,"אסם השקעות בע""מ",IL,מנה חמה ספגטי בולונז,גרמים,65.00,100 גרם,false,,6.90,10.6154,true,1,21122
7290000068138,false,אסם פודינג אינסטנט וניל 80 גרם,מיוצר עי קונדיטוריית,IL,אסם פודינג אינסטנט ו,גרמים,80.00,100 גרם,false,,6.50,8.1250,true,1,21128
7290000068206,false,ג'לי משמש אסם צבע טבעי 85 ג',מיוצר עי קונדיטוריית,IL,אסם ג'לי משמש צבעים,גרמים,85.00,100 גרם,false,,7.90,9.2941,true,1,21133
7290000068251,false,ג'לי אננס אסם צבע טבעי 85 ג',מיוצר עי קונדיטוריית,IL,אסם ג'לי אננס צבעים,גרמים,85.00,100 גרם,false,,7.90,9.2941,true,1,21135
7290000068343,false,אוסם - פירכונים מאורז מלא 140 גרם,"מיוצר ע""י PT, משווק",IL,פריכונים מאורז מלא א,גרמים,140.00,100 גרם,false,,9.50,6.7857,true,1,21138
7290000068701,false,שקדי מרק רכיבים טבע.מיכל 400ג' אסם,"אסם השקעות בע""מ",IL,שקדי מרק במיכל אסם 4,גרמים,400.00,100 גרם,false,,17.90,4.4750,true,1,68386
7290000068770,false,במבה יום הולדת אסם 8,"אסם השקעות בע""מ",IL,במבה יום הולדת 80גרם,גרמים,80.00,100 גרם,false,,4.90,6.1250,true,1,21140
7290000068787,false,במבה יום הולדת 25גרם,מיוצר עי קונדיטוריית,IL,במבה יום הולדת 25גרם,גרמים,25.00,100 גרם,false,,2.90,11.6000,true,1,21141
7290000069258,false,פסטה פרפקטו פנה ריגאטה 500ג' אסם,קריות זול,IT,פנה ריגאטה פרפקטו 50,גרמים,500.00,100 גרם,false,,7.90,1.5800,true,1,21147
7290000069364,false,פריכונים עגולים אורז דל נתרן אסם 140 גרם,"מיוצר ע""י PT, משווק",IL,פריכונים מאורז מלא ל,גרמים,140.00,100 גרם,false,,9.50,6.7857,true,1,21148
7290000070308,false,אבקת מרק עוף אמיתי במיכל 400 גרם,"אסם השקעות בע""מ",IL,מרק עוף אמיתי אסם 40,גרמים,400.00,100 גרם,false,,26.90,6.7250,true,1,21159
7290000070322,false,אבקת מרק פטריות רכיבים טבעיים אוסם 400 ג',"אסם השקעות בע""מ",IL,אבקת מרק פטריות רכיב,גרמים,400.00,100 גרם,false,,30.90,7.7250,true,1,21160
7290000070353,false,אבקת מרק בצל רכיבים טבעיים 400 ג' אסם,"אסם השקעות בע""מ",IL,אבקת מרק בצל רכיבים,גרמים,400.00,100 גרם,false,,30.90,7.7250,true,1,21161
7290000072241,false,אסם רוטב לפיצה בקבוק,"אסם השקעות בע""מ",IL,אסם רוטב פיצה 290מל,מיליליטרים,290.00,"100 מ""ל",false,,13.90,4.7931,true,1,21180
7290000072623,false,אסם קטשופ בקבוק לחיץ,"אסם השקעות בע""מ",IL,אסם קטשופ בקבוק לחיץ,גרמים,750.00,100 גרם,false,,12.50,1.6667,true,1,21182
7290000072743,false,פסטרמה מפולפלת טירת,,,פסטרמה מפולפלת טירת,קילוגרמים,1.00,"ק""ג",true,,89.00,89.0000,true,1,139991
7290000072753,false,קפה טייסטר צ'ויס קפה מגורען 200ג',נסטלה קוריאה - קפה,IL,נס קפה טייסטרס צ'ויס,גרמים,200.00,100 גרם,false,,33.90,16.9500,true,1,21185
7290000072784,false,קפה טייסטר צויס נטול קופאין 100 גר',לוטה נסטלה קוריאה,KR,טייסטרס צוייס נטול ק,גרמים,100.00,100 גרם,false,,31.90,31.9000,true,1,21188
7290000072968,false,דגני בוקר סיני מיניס נסטלה 500 ג',נסטלה פולין דגני בוק,PL,סיני מיניס דגני נסטל,גרמים,500.00,100 גרם,false,,28.90,5.7800,true,1,68392
7290000073125,false,אוסם - מנה חמה פסטה עם עגבניות 62 גרם,"אסם השקעות בע""מ",IL,מנה חמה פסטה עם עגבנ,גרמים,62.00,100 גרם,false,,6.90,11.1290,true,1,68393
7290000073415,false,אוסם - מנה חמה פסטה ברוטב פיצה 61 גרם,"אסם השקעות בע""מ",IL,מנה חמה פסטה ברוטב פ,גרמים,61.00,100 גרם,false,,6.90,11.3115,true,1,21195
7290000073699,false,סלט חומוס צבר 150 גר,סלטי צבר,IL,צבר חומוס חלק 150ג,גרמים,150.00,100 גרם,false,,5.90,3.9333,true,1,21980
7290000073750,false,אוסם - מנה חמה נודלס בטעם עוף 70 גרם,טאי רזידנט,CN,מנה חמה נודלס בטעם ע,גרמים,70.00,100 גרם,false,,6.90,9.8571,true,1,68394
7290000073767,false,אוסם - מנה חמה נודלס בטעם בקר 70 גרם,טאי רזידנט,CN,מנה חמה נודלס בטעם ב,גרמים,70.00,100 גרם,false,,6.90,9.8571,true,1,21198
7290000073774,false,אוסם - מנה חמה נודלס בטעם פיקנטי 70 גרם,טאי רזידנט,CN,מנה חמה נודלס בטעם פ,גרמים,70.00,100 גרם,false,,6.90,9.8571,true,1,68395
7290000074153,false,ביסקוויט פתיבר שוקו,מיוצר עי קונדיטוריית,IL,אסם פתי בר שוקו 500ג,גרמים,500.00,100 גרם,false,,15.50,3.1000,true,1,21204
7290000074184,false,אוסם - פתי בר בינוני 500 גרם,"אסם השקעות בע""מ",IL,אסם פתי בר 500גרם.,גרמים,500.00,100 גרם,false,,12.00,2.4000,true,1,21206
7290000074245,false,אוסם - קרם קרקר אסם 250 גרם,"אסם השקעות בע""מ",IL,אסם קרם קרקר 250גרם,גרמים,250.00,100 גרם,false,,11.90,4.7600,true,1,68399
7290000074252,false,קרקר אסם שומשום 250 גרם,"אסם השקעות בע""מ",IL,אסם קרקר שומשום 250ג,גרמים,250.00,100 גרם,false,,11.90,4.7600,true,1,21208
7290000074375,false,אוסם - קרקר זהב 150 גרם,"אסם השקעות בע""מ",IL,אסם קרקר זהב 150גרם,גרמים,150.00,100 גרם,false,,8.90,5.9333,true,1,21212
7290000074481,false,לחמית אגוזים אסם 160 ג',"אסם השקעות בע""מ",IL,לחמית אגוזים 160גרם,גרמים,160.00,100 גרם,false,,11.90,7.4375,true,1,21214
7290000074696,false,"קרם קרקר 1 ק""ג אוסם","אסם השקעות בע""מ",IL,אסם קרם קרקר 1קג,קילוגרמים,1.00,"ק""ג",false,,24.90,24.9000,true,1,68363
7290000075204,false,אוסם - לחמית חיטה מלאה 250 גרם,"אסם השקעות בע""מ",IL,לחמית חיטה מלאה 250ג,גרמים,250.00,100 גרם,false,,9.90,3.9600,true,1,21223
7290000075693,false,עוגת הבית שמרים בריוש שוקולד 360ג',מיוצר עי קונדיטוריית,IL,עוגת שמרים בריוש שוק,גרמים,360.00,100 גרם,false,,18.90,5.2500,true,1,21225
7290000076133,false,בייגלה שמיניות קטנות 400 גרם אסם,"אסם השקעות בע""מ",IL,בייגלה אסם שמיניות ק,גרמים,400.00,100 גרם,false,,12.90,3.2250,true,1,68407
7290000077017,false,עוגיות קרמוגית וקרם שוקולד אסם 200 גרם,מיוצר עי קונדיטוריית,IL,אסם קרמוגית במילוי ש,גרמים,200.00,100 גרם,false,,12.90,6.4500,true,1,21230
7290000077253,false,אוסם - לחמית כפרית עם דגנים מלאים 190 גרם,"אסם השקעות בע""מ",IL,לחמית כפרית 190גרם,גרמים,190.00,100 גרם,false,,11.90,6.2632,true,1,21231
7290000078762,false,אוסם - חטיפי פריכונים מאורז מלא בטעם דבש 80גר,סנורייס בלגיום אן. ו,BE,חטיפי פריכונים אורז,גרמים,80.00,100 גרם,false,,8.90,11.1250,true,1,21236
7290000079412,false,אמנטל נעם מהדרין במש,,,אמנטל נעם מהדרין במש,קילוגרמים,1.00,"ק""ג",true,,72.00,72.0000,true,1,84522
7290000080758,false,אוסם - טוסטעים פת קלוי 100 גרם,ון דר מולן האלום,NL,טוסטעים פת קלוי אסם,גרמים,100.00,100 גרם,false,,11.90,11.9000,true,1,21239
7290000081663,false,בייגלה אסם טבעות שומשום 300 גרם,מיוצר עי קונדיטוריית,IL,בייגלה אסם טבעות שומ,גרמים,300.00,100 גרם,false,,12.90,4.3000,true,1,68408
7290000085180,false,פתי בר וניל 470 גר' גטניו,"אחים גטניו בע""מ",,גטניו - פתיבר וניל 4,גרמים,470.00,100 גרם,false,,9.90,2.1064,true,1,120451
7290000089045,false,הולנדי במשקל,,,הולנדי במשקל,קילוגרמים,1.00,"ק""ג",true,,42.90,42.9000,true,1,20534
7290000089199,false,חריפה במשקל,,,חריפה במשקל,קילוגרמים,1.00,"ק""ג",true,,42.90,42.9000,true,1,20536
7290000089274,false,נקניק מעושן מעדנייה,,,נקניק מעושן מעדנייה,קילוגרמים,1.00,"ק""ג",true,,42.90,42.9000,true,1,20538
7290000089388,false,מעדן הרינג בסגנון מט,,,מעדן הרינג בסגנון מט,קילוגרמים,1.00,"ק""ג",true,,84.00,84.0000,true,1,19745
7290000089395,false,הרינג כבוש עם בצל,,,הרינג כבוש עם בצל,קילוגרמים,1.00,"ק""ג",true,,84.00,84.0000,true,1,19746
7290000095408,false,נעם 28% חריץ מעדניה,,,נעם 28% חריץ מעדניה,קילוגרמים,1.00,"ק""ג",true,,44.79,44.7900,true,1,7018
7290000095415,false,נעם 9% חריץ מעדניה-,,,נעם 9% חריץ מעדניה-,קילוגרמים,1.00,"ק""ג",true,,82.00,82.0000,true,1,7019
7290000095422,false,גבינת נועם 22% חריץ,,,גבינת נועם 22% חריץ,קילוגרמים,1.00,"ק""ג",true,,42.58,42.5800,true,1,7020
7290000100018,false,גביניות,,,גביניות,קילוגרמים,1.00,"ק""ג",true,,45.00,45.0000,true,1,2909
7290000100081,false,לחמניה קשר/קלועה,,,לחמניה קשר/קלועה,יח',1.00,יח',false,,3.20,3.2000,true,1,96233
7290000100128,false,פירות קפואים תות סנפרוסט 300 ג',סנפרוסט בעמ,IL,סדרת פירות קפואים-תו,גרמים,300.00,100 גרם,false,,19.90,6.6333,true,1,125443
7290000100135,false,פירות קפואים דובדבן סנפרוסט 300 ג',סנפרוסט בעמ,IL,סדרת פירות קפואים-דו,גרמים,300.00,100 גרם,false,,20.90,6.9667,true,1,125444
7290000100156,false,נילס קוקיס חלבי,,,נילס קוקיס חלבי,קילוגרמים,1.00,"ק""ג",true,,55.00,55.0000,true,1,117369
7290000100160,false,נילס קוקיס שוקו,,,נילס קוקיס שוקו,קילוגרמים,1.00,"ק""ג",true,,55.00,55.0000,true,1,2916
7290000100300,false,לחם מחמצת טוסקני כפר,,,לחם מחמצת טוסקני כפר,גרמים,530.00,100 גרם,false,,17.90,3.3774,true,1,216315
7290000100593,false,פרוסות אנטיפסטי לתנור סנפורסט 600 ג',"סנפרוסט בע""מ",IL,פרוסות אנטיפסטי לתנו,גרמים,600.00,100 גרם,false,,28.90,4.8167,true,1,213649
7290000100609,false,קוביות אנטי פסטי להקפצה סנפורסט 600 ג',"סנפרוסט בע""מ",IL,קוביות אנטיפסטי להקפ,גרמים,600.00,100 גרם,false,,28.90,4.8167,true,1,213650
7290000100615,false,5 יח' חליות לחמניו,,,5 יח' חליות לחמניו,יח',1.00,יח',false,,14.90,14.9000,true,1,90929
7290000101934,false,מיקס פירות יער מוקפאות 300 ג' סנפרוסט,"סנפרוסט בע""מ",IL,מיקס פירות יער 300 ג,גרמים,300.00,100 גרם,false,,19.90,6.6333,true,1,79200
7290000101941,false,אננס חתוך מוקפא סנפרוסט 300ג',"סנפרוסט בע""מ",IL,אננס מוקפא 300 גרם,גרמים,300.00,100 גרם,false,,19.90,6.6333,true,1,377149
7290000101958,false,מנגו חתוך מוקפא סנפרוסט 300ג',"סנפרוסט בע""מ",IL,מנגו מוקפא 300 גרם,גרמים,300.00,100 גרם,false,,19.90,6.6333,true,1,79201
7290000103365,false,מרק ירקות 550 ג' סנפרוסט,"איי, בי, אינבוו",IL,סנפרוסט מרק ירקות 50,גרמים,500.00,100 גרם,false,,20.90,4.1800,true,1,26800
7290000103433,false,ירקות לתנור סנפרוסט,"איי, בי, אינבוו",IL,לקט ירקות לתנור 800,גרמים,800.00,100 גרם,false,,26.90,3.3625,true,1,26807
7290000103839,false,מרק כתום קפוא 570 ג' סנפרוסט,"סנפרוסט בע""מ",IL,סנפרוסט מרק כתום קפו,גרמים,572.00,100 גרם,false,,20.90,3.6538,true,1,26834
7290000103846,false,מרק אפונה 570 ג' סנפרוסט,"סנפרוסט בע""מ",IL,סנפרוסט מרק אפונה קפ,גרמים,570.00,100 גרם,false,,20.90,3.6667,true,1,26835
7290000103860,false,מרק עדשים קפוא 570 ג' סנפרוסט,"איי, בי, אינבוו",IL,סנפרוסט מרק עדשים קפ,גרמים,572.00,100 גרם,false,,20.90,3.6538,true,1,26836
7290000103877,false,מרק שעועית קפוא 640 ג' סנפרוסט,"סנפרוסט בע""מ",IL,סנפרוסט מרק שעועית ק,גרמים,644.00,100 גרם,false,,20.90,3.2453,true,1,26837
7290000104072,false,עדשים ירוקות מבושלות מוקפאות 800 ג' סנפרוסט,"איי, בי, אינבוו",IL,סנפרוסט עדשים ירוקות,גרמים,800.00,100 גרם,false,,22.90,2.8625,true,1,26841
7290000104188,false,שעועית אדומה מבושלת סנפרוסט 800 גרם,"סנפרוסט בע""מ",IL,סנפרוסט שעועית אדומה,גרמים,800.00,100 גרם,false,,20.90,2.6125,true,1,26843
7290000104201,false,אפונה עדינה קפואה 600 גרם סנפרוסט,"איי, בי, אינבוו",IL,אפונה עדינה סנפרוסט,גרמים,600.00,100 גרם,false,,20.90,3.4833,true,1,26844
7290000104676,false,אפונה קפואה סנפרוסט 800 גרם,"איי, בי, אינבוו",IL,אפונת גינה סנפרוסט 8,גרמים,800.00,100 גרם,false,,20.90,2.6125,true,1,26848
7290000104683,false,שעועית שלמה 800 ג' סנפרוסט,"סנפרוסט בע""מ",IL,שעועית שלמה סנפרוסט,גרמים,800.00,100 גרם,false,,24.90,3.1125,true,1,26849
7290000104690,false,תירס גרעינים 800 ג' סנפרוסט,"איי, בי, אינבוו",IL,תירס גרעינים 800גר,גרמים,800.00,100 גרם,false,,20.90,2.6125,true,1,26850
7290000104706,false,גזר גמדי סנפרוסט 800ג',"סנפרוסט בע""מ",IL,גזר גמדי 800 גרם,גרמים,800.00,100 גרם,false,,19.90,2.4875,true,1,26851
7290000104720,false,שעועית ירוקה סנפרוסט 800ג',"סנפרוסט בע""מ",IL,שעועית ירוקה חתוכה ס,גרמים,800.00,100 גרם,false,,21.90,2.7375,true,1,26853
7290000104744,false,כרובית סנפרוסט 800גר,"סנפרוסט בע""מ",IL,כרובית 800גר,גרמים,800.00,100 גרם,false,,27.90,3.4875,true,1,26855
7290000104751,false,כרוב ניצנים סנפרוסט 800 גרם,"איי, בי, אינבוו",IL,כרוב ניצנים 800גר,גרמים,800.00,100 גרם,false,,29.90,3.7375,true,1,26856
7290000104768,false,תרד עלים סנפרוסט 800 ג ',"איי, בי, אינבוו",IL,תרד עלים 800 גרם,גרמים,800.00,100 גרם,false,,30.90,3.8625,true,1,26857
7290000104775,false,תרד מדליונים סנפרוסט,"איי, בי, אינבוו",IL,תרד מדליונים 800גר,גרמים,800.00,100 גרם,false,,29.90,3.7375,true,1,26858
7290000104799,false,שעועית לבנה מבושלת סנפרוסט 800גר,"איי, בי, אינבוו",IL,שעועית לבנה מבושלת 8,גרמים,800.00,100 גרם,false,,22.90,2.8625,true,1,26859
7290000104805,false,גרגירי חומוס קפוא סנפרוסט 800 ג',"איי, בי, אינבוו",IL,גרגירי חומוס קפוא 80,גרמים,800.00,100 גרם,false,,22.90,2.8625,true,1,26860
7290000104829,false,"קלחוני תירס 1 ק""ג סנפרוסט","סנפרוסט בע""מ",IL,"קלחוני תירס 1 ק""ג",קילוגרמים,1.00,"ק""ג",false,,20.90,20.9000,true,1,26861
7290000104836,false,שעועית עדינה שלמה סנפרוסט 600ג',"סנפרוסט בע""מ",IL,שעועית עדינה שלמה סנ,גרמים,600.00,100 גרם,false,,25.90,4.3167,true,1,26862
7290000104881,false,אפונה וגזר קפוא סנפרוסט 800ג',"איי, בי, אינבוו",IL,אפונה וגזר 800 גרם ס,גרמים,800.00,100 גרם,false,,18.90,2.3625,true,1,26865
7290000104904,false,לקט ירקות מעורבים 800 ג' סנפרוסט,"איי, בי, אינבוו",IL,לקט ירקות מעורבים 80,גרמים,800.00,100 גרם,false,,26.90,3.3625,true,1,26866
7290000104911,false,לקט נורמנדי סנפרוסט 800ג',"איי, בי, אינבוו",IL,לקט נורמנדי 800גר,גרמים,800.00,100 גרם,false,,26.90,3.3625,true,1,26867
7290000106526,false,ירקות מעורבים מוקפאים חגיגה ירוקה להקפצה,"איי, בי, אינבוו",IL,סנפרוסט חגיגה ירוקה,גרמים,800.00,100 גרם,false,,28.90,3.6125,true,1,143864
7290000107165,false,פולי סויה אדממה סנפרוסט 400 ג',"איי, בי, אינבוו",IL,פולי סויה אדממה קפוא,גרמים,400.00,100 גרם,false,,15.90,3.9750,true,1,26871
7290000107295,false,תפרחות ברוקולי סנפרוסט 800 ג',"איי, בי, אינבוו",IL,תפרחות ברוקולי 800ג,גרמים,800.00,100 גרם,false,,30.90,3.8625,true,1,26873
7290000107622,false,פסטה וירקות א-לה איטליה סנפרוסט 800 ג',"איי, בי, אינבוו",IL,סנפרוסט פסטה וירקות,גרמים,800.00,100 גרם,false,,28.90,3.6125,true,1,143867
7290000112220,false,טחינה גולמית 100%בארכה 500ג',רושדי תעשיות מזון בע,IL,בארכה טחינה 100% שומ,גרמים,500.00,100 גרם,false,,15.90,3.1800,true,1,21243
7290000112237,false,"בארכה טחינה גולמית, 1 ק""ג",רושדי תעשיות מזון בע,IL,בארכה טחינה 100% שומ,קילוגרמים,1.00,"ק""ג",false,,31.90,31.9000,true,1,21244
7290000117720,false,קנור - נמס בכוס זוג פטריות 21.50 גרם * 2,יוניליוור ישראל מזון,IL,מרק נמס בכוס פטריות,גרמים,43.00,100 גרם,false,,7.90,18.3721,true,1,67498
7290000121017,false,גבינה מותכת 7% שומרון 120 גרם,שלושת האופים,IL,מון בלאן שומרון 7% 1,גרמים,120.00,100 גרם,false,,13.90,11.5833,true,1,18295
7290000121093,false,גבינה מון בלאן שוויצרית 120ג',האי נאם סי או אל.טי.,IL,מון בלאן שויצרית 7%,גרמים,120.00,100 גרם,false,,13.90,11.5833,true,1,18299
7290000121109,false,"גבינת מון בלאן זיתים, 120 ג'",האי נאם סי או אל.טי.,IL,מון בלאן זיתים 7% 12,גרמים,120.00,100 גרם,false,,13.90,11.5833,true,1,18300
7290000121147,false,גבינה מון בלאן לייט 7% פיקנטי 120ג',"שלושת האופים בע""מ",IL,מון בלאן פיקנטי 7% 1,גרמים,120.00,100 גרם,false,,13.90,11.5833,true,1,18301
7290000122607,false,עמק לייט 9% חריץ כשר,,,עמק לייט 9% חריץ כשר,קילוגרמים,1.00,"ק""ג",true,,76.00,76.0000,true,1,27006
7290000128401,false,פטה כבש 24% פיראוס,,,פטה כבש 24% פיראוס,קילוגרמים,1.00,"ק""ג",true,,113.00,113.0000,true,1,27007
7290000129457,false,אבקת רוטב פטריות קנור 28 ג' שקית,יוניליוור ישראל מזון,IL,רוטב פטריות 28גר,גרמים,28.00,100 גרם,false,,5.50,19.6429,true,1,11211
7290000133117,false,בולגרית מעודנת השומר,,,בולגרית מעודנת השומר,קילוגרמים,1.00,"ק""ג",true,,55.00,55.0000,true,1,15533
7290000134147,false,טעם וריח מוסקט טחון מיכל 40גר,תות ממתקי איכות,IL,טעם וריח מוסקט טחון,גרמים,40.00,100 גרם,false,,18.70,46.7500,true,1,49574
7290000134338,false,תבלין אבקת שום טעם ו,תבליני טעם וריח,IL,תבלין אבקת שום טעם ו,גרמים,90.00,100 גרם,false,,11.90,13.2222,true,1,49577
7290000134352,false,תבלין קינמון טחון 90 גר',תות ממתקי איכות,IL,טעם וריח קימנון טחון,גרמים,80.00,100 גרם,false,,11.80,14.7500,true,1,49578
7290000134376,false,תבלין פפריקה בשמן 90 גר',תות ממתקי איכות,IL,טעם וריח פפריקה בשמן,גרמים,90.00,100 גרם,false,,11.80,13.1111,true,1,49579
7290000134673,false,תבלין זנגביל טעם ורי,תות ממתקי איכות,IL,תבלין זנגביל טעם ורי,גרמים,30.00,100 גרם,false,,6.90,23.0000,true,1,49585
7290000134680,false,תבלין קמיל שלם טעם ו,תות ממתקי איכות,IL,תבלין קמיל שלם טעם ו,גרמים,40.00,100 גרם,false,,6.90,17.2500,true,1,135987
7290000134826,false,תבלין זעתר מעורב 100 גר',תות ממתקי איכות,IL,תבלין זעתר טעם וריח,גרמים,100.00,100 גרם,false,,11.90,11.9000,true,1,49588
7290000134833,false,תבלין כמון טחון 100 גר',תות ממתקי איכות,IL,טעם וריח ת.כמון במיכ,גרמים,100.00,100 גרם,false,,12.80,12.8000,true,1,49589
7290000134840,false,תבלין כורכום טחון 100 גר',תות ממתקי איכות,IL,טעם וריח ת.כורכום במ,גרמים,100.00,100 גרם,false,,11.90,11.9000,true,1,49590
7290000134857,false,תבלין פפריקה מתוקה 100 גר',תות ממתקי איכות,IL,טעם וריח ת.פפריקה מת,גרמים,100.00,100 גרם,false,,11.80,11.8000,true,1,49591
7290000134864,false,תבלין פפריקה חריפה 100 גר',"תבליני טעם וריח בע""מ",IL,תבלין פפריקה חריפה ט,גרמים,100.00,100 גרם,false,,11.80,11.8000,true,1,49592
7290000134871,false,תבלין פלפל שחור טחון 100 גר',תות ממתקי איכות,IL,טעם וריח ת. פלפל שחו,גרמים,100.00,100 גרם,false,,16.90,16.9000,true,1,49593
7290000135045,false,"משקה אנרגיה XL TEN תפוח 250 מ""ל","טמפו משקאות בע""מ",IL,אקס אל TEN פחית תפוח,מיליליטרים,250.00,"100 מ""ל",false,,4.90,1.9600,true,1,141281
7290000135052,false,"משקה אנרגיה XL TEN מנגו 250 מ""ל","טמפו משקאות בע""מ",IL,אקס אל TEN פחית מנגו,מיליליטרים,250.00,"100 מ""ל",false,,4.90,1.9600,true,1,141282
7290000135113,false,משקה אנרגיה XL TEN ללא סוכר בטעם נענע ליים,אקסל XL,IL,פחית XL TEN נענע ליי,מיליליטרים,250.00,"100 מ""ל",false,,4.90,1.9600,true,1,208295
7290000135311,false,פפסי מקס ליים 1.5 ליטר בודד,"טמפו משקאות בע""מ",IL,פפסי מקס ליים 1.5 ל',ליטרים,1.50,ליטר,false,,8.50,5.6667,true,1,239403
7290000136158,false,פפסי מקס 1.5 ליטר פיקדון,פפסי Pepsi,IL,פפסי מקס 1.5 ליטר,ליטרים,1.50,ליטר,false,,8.50,5.6667,true,1,366182
7290000136165,false,מירינדה בקבוק 1.5 לי,מירינדה Mirinda,IL,מירינדה 1.5 ליטר,ליטרים,1.50,ליטר,false,,8.50,5.6667,true,1,366101
7290000136189,false,דיאט סבן אפ 1.5 ליטר FREE,סבן אפ 7up,IL,סבן אפ דיאט 1.5 ליטר,ליטרים,1.50,ליטר,false,,8.50,5.6667,true,1,366085
7290000136646,false,משקה מאלט תריסר 1.5 ל' נשר,טמפו,IL,נשר מאלט 1.5 ליטר,ליטרים,1.50,ליטר,false,,9.90,6.6000,true,1,365768
7290000136653,false,משקה מאלט דיאט תריסר 1.5 ל' נשר,טמפו,IL,נשר מאלט דיאט 1.5 לי,ליטרים,1.50,ליטר,false,,9.90,6.6000,true,1,365785
7290000136660,false,סודה טמפו ליטר וחצי,טמפו,IL,טמפו סודה 1.5 ליטר,ליטרים,1.50,ליטר,false,,4.50,3.0000,true,1,366010
7290000136684,false,פפסי מקס פיקדון 1.5 ליטר,טמפו,IL,פפסי מקס 1.5 ליטר,ליטרים,1.50,ליטר,false,,8.50,5.6667,true,1,366183
7290000136776,false,מארז פפסי מקס שישיה 1.5ל',פפסי Pepsi,IL,פפסי מקס 6*1.5 ליטר,ליטרים,9.00,ליטר,false,,42.90,4.7667,true,1,366167
7290000136790,false,מארז סודה שישייה 1.5 ל' טמפו,טמפו,IL,טמפו סודה 6*1.5 ליטר,ליטרים,9.00,ליטר,false,,20.70,2.3000,true,1,365915
7290000136868,false,שישיית מים מינרלים סאן בנדטו,סאן בנדטו San Benedetto,IL,מים סאן בנדטו 6* 1.5,ליטרים,9.00,ליטר,false,,20.70,2.3000,true,1,365832
7290000136875,false,מארז מים מינרלים מוגז 6* 1.5 ל' סאן בנדטו,סאן בנדטו San Benedetto,IL,סאן בנדטו מים מינרלי,ליטרים,9.00,ליטר,false,,20.90,2.3222,true,1,365900
7290000143187,false,"הוואי שמפו 2 ב 1 לגבר 700 מ""ל",שוורצקוף& הנקל דיסלד,IL,שמפו לגבר הוואי 700,מיליליטרים,700.00,"100 מ""ל",false,,10.90,1.5571,true,1,8675
7290000143200,false,"הוואי - מרכך לשיער יבש 700 מ""ל",שוורצקוף& הנקל דיסלד,IL,מרכך לשיער יבש הוואי,מיליליטרים,700.00,"100 מ""ל",false,,10.90,1.5571,true,1,8677
7290000144160,false,שמן זית כתית מעולה ארומתי מודגש 750מל,"מרקאולאו, ספרד.אבסה,",IT,שמן זית כתית מעולה א,מיליליטרים,750.00,"100 מ""ל",false,,37.90,5.0533,true,1,31513
7290000144467,false,שמן חמניות מועשר בנוגדי חמצון 1 ל' עץ הזית,"נארז ע""י : א.ג. גילר",GR,שמן חמניות בריאות מה,ליטרים,1.00,ליטר,false,,18.40,18.4000,true,1,31517
7290000144474,false,שמן קנולה בריאות מהטבע 1 ליטר,שמן תעשיות,EE,שמן קנולה בריאות עץ,ליטרים,1.00,ליטר,false,,18.40,18.4000,true,1,31518
7290000146645,false,הוואי - סבון מוצק שחור מסתורי 100 גרם רביעייה,טרופיקל דגיל,IL,סבון מוצק שחור מסתור,גרמים,400.00,100 גרם,false,,12.90,3.2250,true,1,8684
7290000148380,false,פיסטוקים קלויים קליי,"ג'י אנד ג'י בע""מ",IL,פיסטוק קלוי 200 גרם,גרמים,200.00,100 גרם,false,,21.90,10.9500,true,1,13901
7290000148618,false,אגוזי קשיו מטוגנים ק,"ג'י אנד ג'י בע""מ",IL,אגוז קשיו מטוגן 200,גרמים,200.00,100 גרם,false,,20.90,10.4500,true,1,13903
7290000148748,false,גרעיני חמניה קלית גת 200 ג',"ג'י אנד ג'י בע""מ",IL,גרעיני חמניה 200 גרם,גרמים,200.00,100 גרם,false,,7.90,3.9500,true,1,13904
7290000148939,false,שקדים קלויים קלית גת 200 ג',"ג'י אנד ג'י בע""מ",IL,שקדים קלויים 200 גרם,גרמים,200.00,100 גרם,false,,21.90,10.9500,true,1,13905
7290000149851,false,סינטבון סבון מארז 460X2ג',יבואן ומשווק: ש. שסט,IL,סינטבון כפול 460גר,גרמים,460.00,100 גרם,false,,11.90,2.5870,true,1,31789
7290000169538,false,"נמס בכוס עגבניות וקרוטונים מרק כשרות בד""ץ 62 ג' קנור",יוניליוור ישראל מזון,IL,נמס בכוס עגבניות וקר,גרמים,62.00,100 גרם,false,,7.90,12.7419,true,1,11338
7290000170053,false,שוקולד פרה 100 ג' חלב.,"תופינית בע""מ",IL,שוקולד חלב פרה 100 ג,גרמים,100.00,100 גרם,false,,6.30,6.3000,true,1,24009
7290000174723,false,אבקת שוקולית עלית קופסא 500ג',הנסיך- מפעל לייצור ט,IL,שוקולית 500 גרם,גרמים,500.00,100 גרם,false,,15.90,3.1800,true,1,24017
7290000175760,false,מנציגו כבשים ויליפו,,,מנציגו כבשים ויליפו,קילוגרמים,1.00,"ק""ג",true,,116.00,116.0000,true,1,3462
7290000175777,false,איבריקו ויליפוד31%,,,איבריקו ויליפוד31%,קילוגרמים,1.00,"ק""ג",true,,113.00,113.0000,true,1,3463
7290000175906,false,גאודה עיזים ויליפוד,,,גאודה עיזים ויליפוד,קילוגרמים,1.00,"ק""ג",true,,132.00,132.0000,true,1,3465
7290000176079,false,קפה טורקי עם היל עלית 100 ג',הנסיך- מפעל לייצור ט,IL,טורקי עלית קפה עם הל,גרמים,100.00,100 גרם,false,,10.90,10.9000,true,1,24020
7290000176420,false,קפה נמס אבקתי 200ג עלית,שטראוס קפה בי.וי,IL,קפה נמס עלית פחית 20,גרמים,200.00,100 גרם,false,,22.90,11.4500,true,1,24026
7290000176468,false,קפה נמס נטול קפאין 50 ג' קפה האג,"איי, בי, אינבוו",IL,האג קפה נטול קפאין 5,גרמים,50.00,100 גרם,false,,10.90,21.8000,true,1,24027
7290000178707,false,חטיף תפוציפס טבעי 50,"שטראוס פריטו ליי בע""",IL,תפוציפס טבעי 50 גרם,גרמים,50.00,100 גרם,false,,4.90,9.8000,true,1,25322
7290000178721,false,חטיף תפוציפס טבעי 20,"שטראוס פריטו ליי בע""",IL,תפוציפס טבעי 200 גרם,גרמים,200.00,100 גרם,false,,11.90,5.9500,true,1,25324
7290000180212,false,שוקולוד פרה מריר אגוזים 100ג' עלית,"שטראוס גרופ בע""מ",IL,פרה שוקולד מריר ושבר,גרמים,100.00,100 גרם,false,,6.90,6.9000,true,1,24036
7290000185590,false,סילאן טבעי לחיץ כנרת 650 גר',,,סילאן 100% תמרים טבע,גרמים,635.00,100 גרם,false,,21.90,3.4488,true,1,483014
7290000186535,false,נייר טואלט טריו לבן 32 גלילים לילי,קימברלי קלארק ישראל,IL,לילי נייר טואלט טריו,מטרים,537.00,מטר,false,,48.90,0.0911,true,1,9593
7290000187860,false,מגבוני טואלט לחים לילי דיספנסר 40יח',עלבד משואות יצחק בעמ,IL,לילי נייר טואלט לח ד,יחידה,0.00,יחידה,false,,9.90,0.0000,true,1,9601
7290000187921,false,נייר טואלט לבן 32 גלילים לילי,קימברלי קלארק ישראל,IL,"נייר טואלט ""לילי"" לב",מטרים,588.00,מטר,false,,44.90,0.0764,true,1,9604
7290000187938,false,לילי - נייר טואולט נייר טואלט פסטל 32 יח',קימברלי קלארק,IL,"נייר טואלט ""לילי"" פס",מטרים,588.00,מטר,false,,45.90,0.0781,true,1,9605
7290000187952,false,נייר טואלט טריו לילי פרימיום 32גליל,קימברלי קלארק,IL,נייר טאולט לילי טריו,מטרים,537.00,מטר,false,,48.90,0.0911,true,1,9606
7290000188270,false,קליניקס ממחטות אף אולטרא סופט 2*80 דף,חוגלה קימברלי,,קליניקס ממחטות אף או,יחידה,0.00,יחידה,false,,21.90,0.0000,true,1,9609
7290000188591,false,קוטקס - מגן תחתון סילק יאנג 60 יח',קימברלי קלארק,CN,מגן תחתון סילק יאנג,יחידה,0.00,יחידה,false,,19.90,0.0000,true,1,9617
7290000189116,false,ניקול תבניות אלומניום עגולות 5 יח',בראבו,CN,ניקול תבניות עגולות,יחידה,0.00,יחידה,false,,14.90,0.0000,true,1,9623
7290000189215,false,מטלית קסם לרצפה ניקו,קריות זול,CN,מטלית קסם לרצפה,יחידה,0.00,יחידה,false,,16.90,0.0000,true,1,9626
7290000189260,false,ניקול תבניות מלבניות 26*32*7,בראבו,,ניקול תבניות מלבניות,יחידה,0.00,יחידה,false,,14.90,0.0000,true,1,9630
7290000189550,false,אשפתון 78X90 ענק ניקול 20יח',קריות זול,IL,אשפתון זוג ענק 20,יחידה,0.00,יחידה,false,,32.90,0.0000,true,1,9638
7290000189598,false,מטליות לחות חד פעמיות לניקוי כללי 50 יח' ניקול,עלבד משואות יצחק בעמ,IL,מטליות לחות חד פעמיו,יחידה,0.00,יחידה,false,,14.90,0.0000,true,1,9639
7290000189659,false,מטליות לחות לרצפה ניקול 10 יח'-מרכז,עלבד משואות יצחק בעמ,IL,ניקול מטליות לחות לר,יחידה,0.00,יחידה,false,,12.90,0.0000,true,1,9640
7290000191469,false,לחם אחיד 750 גרם,מאפיות ברמן,,לחם אחיד 750 גרם,גרמים,750.00,100 גרם,false,,5.12,0.6827,true,1,377223
7290000191539,false,ממחטות טישו לילי צבעוני חמישיה,חוגלה קימברלי,IL,לילי צבעוני חמישיה-9,יחידה,0.00,יחידה,false,,16.90,0.0000,true,1,9671
7290000191652,false,קלינקס ממחטות טישו אולטרא סופט מארז 90X3יח',חוגלה קימברלי,IL,קלינקס קלאסיק ניילון,יחידה,0.00,יחידה,false,,14.90,0.0000,true,1,9676
7290000192581,false,מגבת נייר גליל כפול ניקול 12=6 גליל,,,מגבת כפולה ניקול 6=1,מטרים,129.70,מטר,false,,23.90,0.1843,true,1,125873
7290000193618,false,לילי אינטימייט מגן תחתון נורמל 24 יח',קריות זול,,מגן תחתון נטורל לייט,יחידה,0.00,יחידה,false,,18.90,0.0000,true,1,9691
7290000195216,false,נייר אפייה בשקית ניקול 50 יח',אופל,IL,ניקול נייר אפייה בשק,יחידה,0.00,יחידה,false,,13.90,0.0000,true,1,9706
7290000195537,false,האגיס - מגבוני האגיס דיילי קר לא מבושם 64 יח' * 4,חוגלה קימברלי,IL,מגבוני האגיס דיילי ק,יחידה,0.00,יחידה,false,,21.90,0.0000,true,1,9713
7290000195773,false,האגיס - מגבוני האגיס סנסטיב קר לא מבושם 64 יח' * 4,חוגלה קימברלי,IL,מגבוני האגיס סנסטיב,יחידה,0.00,יחידה,false,,21.90,0.0000,true,1,9717
7290000196763,false,ניקול שקיות לאשפה השקית החזקה 40 יח',אשפלסט,IL,ניקול השקית החזקה,יחידה,0.00,יחידה,false,,32.90,0.0000,true,1,9723
7290000197326,false,רדיד אלומניום ניקול זוגי 30X7.5מ',קריות זול,IL,ניקול רדיד אלומיניום,מטרים,15.00,מטר,false,,14.90,0.9933,true,1,9735
7290000197432,false,שקיות אוכל סנדביצ'ון ניקול מארז 150X2יח',אשלפסט תעשיות בעמ,IL,ניקול שקיות אוכל זוג,יחידה,0.00,יחידה,false,,15.90,0.0000,true,1,9740
7290000197456,false,האגיס - פרידום דריי שלב 4 44 יח',קימברלי קלארק ישראל,IL,האגיס פרידום דריי של,יחידה,0.00,יחידה,false,,49.90,0.0000,true,1,9742
7290000197463,false,האגיס - פרידום דריי שלב 4+ 40 יח',קימברלי קלארק ישראל,IL,האגיס פרידום דריי של,יחידה,0.00,יחידה,false,,49.90,0.0000,true,1,9743
7290000197470,false,מקפיאון שקיות הקפאה מתכלות ניקול 250יח',אשלפסט תעשיות בעמ,IL,"ניקול שקיות רב""ש 250",יחידה,0.00,יחידה,false,,16.90,0.0000,true,1,9744
7290000197548,false,האגיס - פרידום דריי שלב 5 36 יח',קימברלי קלארק ישראל,IL,האגיס פרידום דריי של,יחידה,0.00,יחידה,false,,49.90,0.0000,true,1,9747
7290000197678,false,האגיס - פרידום פלוס שלב 6 30 יח',קימברלי קלארק ישראל,IL,האגיס פרידום דריי ש,יחידה,0.00,יחידה,false,,49.90,0.0000,true,1,9749
7290000197753,false,ניילון נצמד אנטי בטקריאלי ניקול 30X2מ',קריות זול,,ניקול ניילונית זוג,מטרים,60.00,מטר,false,,13.90,0.2317,true,1,9750
7290000197999,false,רדיד אלומיניום עבה ניקול זוגי 30X7.5מ',קריות זול,IL,ניקול רדיד אלומיניום,מטרים,15.00,מטר,false,,20.90,1.3933,true,1,9756
7290000204086,false,כרית קרצוף סקוטש ניקול 1+2,חוגלה קימברלי,US,ניקול כרית קרצוף,יחידה,0.00,יחידה,false,,13.90,0.0000,true,1,9790
7290000204215,false,ניקול כריות יפניות 6 יח',פלסטו פוליש (ברקן),IL,ניקול כריות יפניות 6,יחידה,0.00,יחידה,false,,13.90,0.0000,true,1,9792
7290000204512,false,מטליות לחות לרצפה בניחוח לימון 10 יח' ניקול,עלבד משואות יצחק בעמ,IL,מטליות לחות לרצפה בר,יחידה,0.00,יחידה,false,,12.90,0.0000,true,1,9796
7290000204611,false,ספוגיות הקסם ניקול 6יח',קריות זול,US,ניקול ספוגית הקסם*6,יחידה,0.00,יחידה,false,,13.90,0.0000,true,1,9797
7290000205762,false,חיתולי האגיס אקסטרה קייר מידה 3 48 יח',חוגלה קימברלי,IL,האגיס אקסטרה קייר מי,יחידה,0.00,יחידה,false,,61.90,0.0000,true,1,9799
7290000207063,false,רסק עגבניות פריכוז 28% 240 גרם יכין,היינץ צפון אמריקה מק,IL,רוטב עגבניות פריכוז,גרמים,240.00,100 גרם,false,,4.90,2.0417,true,1,9338
7290000207162,false,רוטב עגבניות מרכיב טבעי 100 ג' יכין,"זנלכל בע""מ",IL,רוטב עגבניות 100 גרם,גרמים,100.00,100 גרם,false,,2.50,2.5000,true,1,9341
7290000208022,false,עגבניות מרוסקות פריכוז 800 ג' יכין,"זנלכל בע""מ",IL,עגבניות מרוסקות יכין,גרמים,800.00,100 גרם,false,,10.90,1.3625,true,1,9345
7290000208077,false,אפונת גינה גדולה 550 גרם יכין,"זנלכל בע""מ",IL,אפונת גינה גדולה L י,גרמים,335.00,100 גרם,false,,9.90,2.9552,true,1,9347
7290000208114,false,אפונת גינה וגזר 550 ג' יכין,"זנלכל בע""מ",IL,אפונת גינה וגזר יכין,גרמים,330.00,100 גרם,false,,9.90,3.0000,true,1,9350
7290000208138,false,סירופ ענבים דיאט 1 ליטר יכין,"זנלכל בע""מ",IL,סירופ דייאט ענבים יכ,ליטרים,1.00,ליטר,false,,17.90,17.9000,true,1,9352
7290000208213,false,שעועית לבנה אפויה A2 ברוטב עגבניות יכין 560ג',היינץ צפון אמריקה מק,IL,שעועית לבנה ברוטב עג,גרמים,355.00,100 גרם,false,,9.90,2.7887,true,1,9355
7290000208220,false,שעועית צילי חריף 550 ג' יכין,היינץ צפון אמריקה מק,IL,שעועית צילי חריף יכי,גרמים,355.00,100 גרם,false,,10.90,3.0704,true,1,9356
7290000208312,false,גרעיני תירס מתוק בואקום יכין 400 גר',"זנלכל בע""מ",IL,גרעיני תירס מתוק יכי,גרמים,400.00,100 גרם,false,,7.90,1.9750,true,1,9360
7290000208329,false,גרעיני תירס מתוק A2 יכין 550ג',"זנלכל בע""מ",IL,גרעיני תירס מתוק יכי,גרמים,335.00,100 גרם,false,,9.90,2.9552,true,1,9361
7290000208336,false,רסק עגבניות 22% יכין 240ג',"זנלכל בע""מ",IL,רוטב עגבניות יכין 24,גרמים,240.00,100 גרם,false,,5.50,2.2917,true,1,9362
7290000208404,false,A2 פול מצרי 550 גרם יכין,"זנלכל בע""מ",IL,פול מצרי יכין 550 גר,גרמים,350.00,100 גרם,false,,8.90,2.5429,true,1,9366
7290000208428,false,גרגרי חומוס שלם 550 גרם יכין,"זנלכל בע""מ",IL,חומוס שלם יכין 550 ג,גרמים,290.00,100 גרם,false,,9.90,3.4138,true,1,9367
7290000208534,false,גרעיני תירס ילדים 550 גרם יכין,"זנלכל בע""מ",IL,גרעיני תירס קיד מתוק,גרמים,335.00,100 גרם,false,,11.90,3.5522,true,1,9372
7290000208800,false,תירס קיד מתוק יכין 4,,,תירס קיד מתוק יכין 4,גרמים,400.00,100 גרם,false,,6.90,1.7250,true,1,9374
7290000208893,false,תירס לייט ואקום יכין 340ג',היינץ צפון אמריקה מק,IL,תירס לייט יכין 400 ג,גרמים,400.00,100 גרם,false,,6.90,1.7250,true,1,9376
7290000208947,false,עגבניות מרוסקות 240 גרם יכין,היינץ צפון אמריקה מק,IL,עגבניות מרוסקות יכין,יחידה,260.00,יחידה,false,,6.50,0.0250,true,1,9378
7290000208978,false,רסק עגבניות פריכוז 28% 100 גרם יכין,היינץ צפון אמריקה מק,IL,רוטב עגבניות פריכוז,גרמים,100.00,100 גרם,false,,3.90,3.9000,true,1,9379
7290000209012,false,חומץ הדרים יכין 1 לי,"זנלכל בע""מ",IL,חומץ הדרים 5% יכין 1,ליטרים,1.00,ליטר,false,,7.90,7.9000,true,1,9381
7290000209043,false,מיץ לימון משומר 1 ל' יכין,היינץ צפון אמריקה מק,IL,מיץ לימון משומר יכין,ליטרים,1.00,ליטר,false,,5.90,5.9000,true,1,9382
7290000209371,false,שלישיית תירס קטן יכי,היינץ צפון אמריקה מק,IL,תירס שלישיה יכין 3*1,גרמים,495.00,100 גרם,false,,15.90,3.2121,true,1,9393
7290000209388,false,תירס גרגרים לייט וואקום מארז 60X3ג',יכין,,תירס לייט שלישיה יכי,גרמים,420.00,100 גרם,false,,15.90,3.7857,true,1,9394
7290000209708,false,עגבניות מרוסקות עם בזיליקום 240 גרם יכין,היינץ צפון אמריקה מק,IL,עגבניות מרוסקות בזיל,גרמים,260.00,100 גרם,false,,6.50,2.5000,true,1,9403
7290000209722,false,רסק עגבניות 28% פריכוז 580 גרם יכין,"זנלכל בע""מ",IL,רוטב עגבניות מרוכז מ,גרמים,580.00,100 גרם,false,,10.90,1.8793,true,1,9405
7290000209906,false,עגבניות מרוסקות בתוספת בצל 240 ג' יכין,זנלכל,IL,עגבניות מרוסקות עם ב,גרמים,260.00,100 גרם,false,,6.50,2.5000,true,1,9406
7290000209944,false,רוטב לעגבניות בסיס לשקשוקה 240 ג' יכין,"זנלכל בע""מ",IL,רוטב לעגבניות לשקשוק,גרמים,260.00,100 גרם,false,,6.50,2.5000,true,1,9408
7290000209951,false,רוטב עגבניות לפיצה 240 גרם יכין,"זנלכל בע""מ",IL,רוטב עגבניות לפיצה י,מיליליטרים,260.00,"100 מ""ל",false,,6.50,2.5000,true,1,9409
7290000209968,false,רוטב עגבניות ללזניה יכין 240 גרם,"זנלכל בע""מ",IL,רוטב ללזניה יכין 240,גרמים,260.00,100 גרם,false,,6.50,2.5000,true,1,9410
7290000210896,false,רוטב בולונז לפסטה יכין 240 גר',"זנלכל בע""מ",IL,רוטב לפסטה בולונז יכ,גרמים,260.00,100 גרם,false,,6.50,2.5000,true,1,9415
7290000211138,false,סיימן גבינת עיזים הו,,,סיימן גבינת עיזים הו,קילוגרמים,1.00,"ק""ג",true,,189.00,189.0000,true,1,17489
7290000211169,false,"אורז תאילנדי אחד אחד סוגת 1 ק""ג",האי נאם סי או אל.טי.,IL,אורז תאילנדי 1 ק'ג,קילוגרמים,1.00,"ק""ג",false,,8.50,8.5000,true,1,19363
7290000211312,false,סוגת אורז מלא פרסי אחד אחד 1 קג,האי נאם סי או אל.טי.,IL,אורז מלא אחד אחד 1קג,קילוגרמים,1.00,"ק""ג",false,,9.90,9.9000,true,1,19364
7290000211374,false,"קמח מלא סוגת 1 ק""ג",תחנות קמח דגן 2006 ב,IL,"קמח מלא סוגת 1 ק""ג",קילוגרמים,1.00,"ק""ג",false,,8.90,8.9000,true,1,19365
7290000211442,false,"סוגת אורז פרסי קלאסי שקית 1 ק""ג",האי נאם סי או אל.טי.,IL,סוגת אורז פרסי קלאסי,קילוגרמים,1.00,"ק""ג",false,,12.50,12.5000,true,1,19367
7290000211503,false,סוכר לבן ארוז בשקית,"סוגת תעשיות בע""מ",IL,"סוכר סוגת לבן 1 ק""ג",קילוגרמים,1.00,"ק""ג",false,,4.90,4.9000,true,1,19368
7290000211626,false,"אורז חיש 1 ק""ג סוגת",סוגת תעשיות,IL,"אורז חיש 1 ק""ג",קילוגרמים,1.00,"ק""ג",false,,12.90,12.9000,true,1,19369
7290000211985,false,"אורז ריזוטו עגול סוגת 1 ק""ג","סוגת תעשיות בע""מ",IL,סוגת אורז עגול 1קג,קילוגרמים,1.00,"ק""ג",false,,12.90,12.9000,true,1,19371
7290000212173,false,וופל טעם שוקולד מנעמ,קריות זול,,ופל שוקו מנעמים 500,גרמים,500.00,100 גרם,false,,11.90,2.3800,true,1,69062
7290000225278,false,סיימן מסוג דנבלו 27%,,,סיימן מסוג דנבלו 27%,קילוגרמים,1.00,"ק""ג",true,,79.00,79.0000,true,1,17499
7290000238029,false,"בצק עלים צרפתי מרודד מעדנות 1ק""ג",מיוצר עי קונדיטוריית,IL,"בצק עלים 1ק""ג",קילוגרמים,1.00,"ק""ג",false,,26.90,26.9000,true,1,38980
7290000238036,false,מלאווח 6יח' מעדנות 700ג',מיוצר עי קונדיטוריית,IL,מעדנות מלווח 700גר,גרמים,700.00,100 גרם,false,,19.90,2.8429,true,1,38981
7290000238173,false,בורקס גבינה 800 ג' מעדנות,מיוצר עי קונדיטוריית,IL,בורקס גבינה מעדנות 8,גרמים,800.00,100 גרם,false,,23.90,2.9875,true,1,38982
7290000238180,false,בורקס תפוחי אדמה מעדנות 800ג',מיוצר עי קונדיטוריית,IL,"בורקס תפו""א 800גר",גרמים,800.00,100 גרם,false,,22.90,2.8625,true,1,38983
7290000240541,false,ריבועי בצק בורקס מעדנות 800 ג',מיוצר עי קונדיטוריית,IL,ריבועי בצק בורקס 800,גרמים,800.00,100 גרם,false,,28.90,3.6125,true,1,69813
7290000245270,false,"פרסיל אבקת כביסה סופרא 1.250 ק""ג","הנקל סוד בע""מ",IL,אבקת כביסה פרסיל סופ,קילוגרמים,1.25,"ק""ג",false,,16.90,13.5200,true,1,38204
7290000253220,false,שוקולד צ'יפס חום אופנהיימר 260 גר',אופנהיימר,IL,שוקולד צ'יפס אופנהיי,גרמים,260.00,100 גרם,false,,13.90,5.3462,true,1,14776
7290000253374,false,מיני שוקולד צ'יפס - נטיפי שוקולד מריר,אופנהיימר,IL,מיני שוקולד צ'יפס או,גרמים,250.00,100 גרם,false,,16.90,6.7600,true,1,500287
7290000262031,false,נייר טואלט מולט לב 32 גליל,חוגלה קימברלי,,נייר טואלט מולט לב 3,מטרים,563.00,מטר,false,,32.90,0.0584,true,1,9801
7290000263359,false,האגיס - פיור נטורל שלב 1 ניו בורן 40 יח',קימברלי קלארק שיווק,IL,האגיס אקסטרא קייר של,יחידה,0.00,יחידה,false,,37.90,0.0000,true,1,9814
7290000272443,false,סירופ עסיס דיאט תפוזים צ.טבעי 1 ל',בית-השיטה עסיס תעשיו,IL,סירופ דיאט תפוז עסיס,יחידה,0.00,יחידה,false,,16.90,0.0000,true,1,21251
7290000272467,false,סירופ עסיס דיאט פטל 1ל,בית-השיטה עסיס תעשיו,IL,סירופ דיאט פטל עסיס,ליטרים,1.00,ליטר,false,,16.90,16.9000,true,1,21252
7290000272726,false,חומץ טבעי 5% עסיס 1 ל' אסם,בית השיטה עסיס תעשיו,IL,חומץ טבעי 5% עסיס 1,ליטרים,1.00,ליטר,false,,7.90,7.9000,true,1,21254
7290000286228,false,כרית קרצוף לכלים סנו סושי 6יח',סנו מפעלי ברונו בעמ,IL,סנו סושי שישיות כריו,יחידה,0.00,יחידה,false,,12.90,0.0000,true,1,31794
7290000286298,false,פילה דג סלמון נורווג,,,פילה דג סלמון נורווג,קילוגרמים,1.00,"ק""ג",true,,79.90,79.9000,true,1,483804
7290000286549,false,סנו סושי מטליות לניקוי כללי 9 יח',טרופיקל דגיל תעשיות,IL,סנו סושי מטליות לכל,יחידה,0.00,יחידה,false,,12.90,0.0000,true,1,31802
7290000286761,false,ניילון נצמד סנו סושי פלסטיק מארז 30X2 מ',מיוצר עי קונדיטוריית,CN,סנו סושי פלסטיק נצמד,מטרים,60.00,מטר,false,,12.90,0.2150,true,1,31806
7290000286921,false,"סנוקל רסס וכבס 750 מ""ל",סנו מפעלי ברונוס בעמ,IL,סנוקל רסס כבס,מיליליטרים,750.00,"100 מ""ל",false,,17.90,2.3867,true,1,31811
7290000286945,false,"סנו רהיט אקדח מרסס 500מ""ל","סנו מפעלי ברונוס בע""",IL,"סנו רהיט נוזל 500 מ""",מיליליטרים,500.00,"100 מ""ל",false,,31.20,6.2400,true,1,31812
7290000286947,false,פילה דג סלמון נורווג,,,פילה דג סלמון נורווג,קילוגרמים,1.00,"ק""ג",true,,89.90,89.9000,true,1,487334
7290000287102,false,"סנו שמפו שטיחים אירוסול 600 מ""ל",מיוצר עי קונדיטוריית,IL,סנו שמפו שטיחים אירו,מיליליטרים,600.00,"100 מ""ל",false,,22.90,3.8167,true,1,31814
7290000287195,false,"סנו רהיט ספריי עשיר בווקס להברקה 305 מ""ל",מיוצר עי קונדיטוריית,IL,סנו רהיט ספריי עשיר,מיליליטרים,305.00,"100 מ""ל",false,,16.90,5.5410,true,1,31815
7290000287430,false,סנובון צבעוני לאסלה בריח לימון שלישייה,סנו מפעלי ברונו בעמ,IL,סנובון שלישיה צבעוני,גרמים,165.00,100 גרם,false,,12.90,7.8182,true,1,31818
7290000287492,false,"סנו - סנובון נוזלי לימון 750 מ""ל","איי, בי, אינבוו",IL,סנובון נוזלי בניחוח,מיליליטרים,750.00,"100 מ""ל",false,,10.90,1.4533,true,1,31820
7290000288017,false,אקונומיקה בריח לימון,"סנו מפעלי ברונוס בע""",IL,סנו זאוול 1ליטר לימו,ליטרים,1.00,ליטר,false,,8.90,8.9000,true,1,31830
7290000288024,false,סנו - ז'אוול אקונומיקה בריח לימון 4 ליטר,"סנו מפעלי ברונוס בע""",IL,סנו ז'אוול בריח לימו,ליטרים,4.00,ליטר,false,,17.90,4.4750,true,1,31831
7290000288031,false,סנו אקונומיקה 4 ליטר תו תקן,"סנו מפעלי ברונוס בע""",IL,סנו אקנומיקה 4 ל,ליטרים,4.00,ליטר,false,,12.90,3.2250,true,1,31832
7290000288048,false,סנו ז'אוול קצף לבנדר מרסס 1ל',קריות זול,IL,סנו ג'אוול מרסס אילנ,ליטרים,1.00,ליטר,false,,19.90,19.9000,true,1,31833
7290000288079,false,סנו - ז'אוול אקונומיקה לימון 2 ליטר,"סנו מפעלי ברונוס בע""",IL,סנו זאוול בריח לימון,ליטרים,2.00,ליטר,false,,13.90,6.9500,true,1,31834
7290000288086,false,"סנו ז'אוול אבקת ואקונומיקה לימון 600 מ""ל",מיוצר עי קונדיטוריית,IL,אבקת ניקוי ג'אוול לי,גרמים,600.00,100 גרם,false,,12.90,2.1500,true,1,31835
7290000288109,false,"אבקת כביסה מקסימה אפקט ג''אוול 1.25 ק""ג סנו",סנו מפעלי ברונוס בעמ,IL,סנו מקסימה אפקט ג'או,קילוגרמים,1.25,"ק""ג",false,,15.90,12.7200,true,1,31836
7290000288383,false,"סנו K-500 נמלים ותיקנים 630מ""ל",מיוצר עי קונדיטוריית,IL,K - 500,מיליליטרים,405.00,"100 מ""ל",false,,26.90,6.6420,true,1,31841
7290000288727,false,"אבקת כביסה מקסימה מאסק 1.25 ק""ג סנו",קריות זול,IL,סנו מקסימה מאסק 1.25,קילוגרמים,1.25,"ק""ג",false,,15.90,12.7200,true,1,31849
7290000289069,false,סנו - ז'אוול מרסס קצף ניקוי בתוספת אקונומיקה בריח לימון 1 ליטר,"סנו מפעלי ברונוס בע""",IL,סנו ג'אוול מרסס לימו,ליטרים,1.00,ליטר,false,,19.90,19.9000,true,1,31853
7290000289472,false,סנו סושי שקיות 76*90 50 יח' XXL,מיוצר עי קונדיטוריית,IL,סנו סושי שקיות HD 76,יחידה,0.00,יחידה,false,,21.90,0.0000,true,1,31855
7290000289601,false,סנו ז'אוול בריח לבנדר 2 ל',"סנו מפעלי ברונוס בע""",IL,אקונומיקה LEVAJ לבנד,ליטרים,2.00,ליטר,false,,13.90,6.9500,true,1,135982
7290000291857,false,סנו פוליווקס סאנרייז 2 ל',קריות זול,IL,סנו פוליווקס לוטוס 2,ליטרים,2.00,ליטר,false,,26.00,13.0000,true,1,31864
7290000291963,false,סנו ז'אוול סמיכה לימון 1 ל',קריות זול,IL,סנו ז'אוול סמיכה לימ,יחידה,0.00,יחידה,false,,8.90,0.0000,true,1,31867
7290000292533,false,ג'ל סנו כחול לניקוי כללי 1 ליטר,קריות זול,,סנו ג'ל לניקוי כללי,ליטרים,1.00,ליטר,false,,17.90,17.9000,true,1,31872
7290000292915,false,"סנו רסס ונגב אקדח 750מ""ל","סנו מפעלי ברונוס בע""",IL,סנו רסס ונגב אקדח 75,מיליליטרים,750.00,"100 מ""ל",false,,17.90,2.3867,true,1,31877
7290000293073,false,מרכך כביסה מקסימה ביו לבן 4 ל' סנו,"סנו מפעלי ברונוס בע""",IL,מרכך כביסה סנו מקסימ,ליטרים,4.00,ליטר,false,,23.90,5.9750,true,1,31879
7290000293820,false,"קרמה מן שמפו וג'ל גל רחצה אקטיב בלוק 700מ""ל",קוסמופארם בעמ,IL,שמפו וג'ל רחצה קרבון,מיליליטרים,700.00,"100 מ""ל",false,,19.90,2.8429,true,1,124720
7290000293943,false,סנו אנטי קאלק מסיר אבנית וחלודה 1ל',מיוצר עי קונדיטוריית,IL,סנו אנטי קאלק+מתז 1,ליטרים,1.00,ליטר,false,,20.90,20.9000,true,1,31885
7290000294780,false,סנו - ז'אוול אקונומיקה סמיכה מבושמת 4 ליטר,"סנו מפעלי ברונוס בע""",IL,סנו ז'אוול סמיכה 4 ל,ליטרים,4.00,ליטר,false,,17.90,4.4750,true,1,31892
7290000295121,false,מטליות זיגזג סנו סושי לניקוי רצפות 3יח',קריות זול,IL,מטלית זיגזג 3יח,יחידה,0.00,יחידה,false,,12.90,0.0000,true,1,31893
7290000295299,false,כרית קרצוף יפניות סנו סושי 4 יח',סנו מפעלי ברונו בעמ,IL,כריות יפניות סנו סוש,יחידה,0.00,יחידה,false,,12.90,0.0000,true,1,31894
7290000295336,false,"סנו - מקסימה אבקת כביסה סנסטיב 1.25 ק""ג",סנו מפעלי ברונוס בעמ,IL,סנו מקסימה סנסיטיב 1,קילוגרמים,1.25,"ק""ג",false,,15.90,12.7200,true,1,31896
7290000295343,false,"אבקת כביסה מקסימה ביו 1.25 ק""ג סנו",קריות זול,IL,סנו מקסימה ביו 1.25,קילוגרמים,1.25,"ק""ג",false,,15.90,12.7200,true,1,31897
7290000295404,false,סנו סושי שקית אשפה חזקות 70*50 60 יח',מיוצר עי קונדיטוריית,IL,שקיות אשפה נשלפות סנ,יחידה,0.00,יחידה,false,,24.90,0.0000,true,1,31899
7290000295541,false,סנו רב מגבת גמבו 75 דפים בגליל,מיוצר עי קונדיטוריית,IL,סנו רב מגבת גמבו,יחידה,0.00,יחידה,false,,21.90,0.0000,true,1,31901
7290000295558,false,רדיד אלומיניום סנו סושי זוגי 30X7.5מ',מולינו ניקולי s.p.a,CN,צמד רדיד אלומיניום ק,מטרים,15.00,מטר,false,,12.90,0.8600,true,1,31902
7290000295572,false,"סנו מנקה אסלות 00 זוג * 750 מ""ל",מיוצר עי קונדיטוריית,IL,מנקה אסלות 00 צמד,ליטרים,1.50,ליטר,false,,21.90,14.6000,true,1,31904
7290000300877,false,סיימן גבינת צדר אנגל,,,סיימן גבינת צדר אנגל,קילוגרמים,1.00,"ק""ג",true,,140.00,140.0000,true,1,17537
7290000300884,false,סיימן גבינת צ'דר אנג,,,סיימן גבינת צ'דר אנג,קילוגרמים,1.00,"ק""ג",true,,140.00,140.0000,true,1,17538
7290000300900,false,טבעול שניצל תירס 8*750גרם רכיבים טבעיים,עיצובים 2020 (4.8),IL,שניצל תירס טבעול רכי,גרמים,750.00,100 גרם,false,,28.90,3.8533,true,1,22054
7290000302881,false,גולף גולד פאקט 10*20,קריות זול,,גולף גולד 100 (פקט),יחידה,0.00,יחידה,false,,295.00,0.0000,false,1,85017
7290000307343,false,שעועית ירוקה חתוכה A2 פרי גליל 550ג',"פרי הגליל בע""""מ",IL,שעועית ירוקה חתוכה פ,גרמים,550.00,100 גרם,false,,8.00,1.4545,true,1,8889
7290000313160,false,עוגיות חברים זהבה ו-3 הדובים שוקו' אסם 250 גר',היינץ צפון אמריקה מק,IL,חברים זהבה ושלושת הד,גרמים,250.00,100 גרם,false,,9.50,3.8000,true,1,68409
7290000313184,false,עוגיות חברים גן חיות וניל אסם 250 גר',הגביע מוצרי וופלים ב,IL,חברים ביסקויט גן חיו,גרמים,250.00,100 גרם,false,,9.50,3.8000,true,1,21256
7290000313290,false,אסם נודלס נודלס אטריות מסולסלות 200גר,תאי פרזידנט פוד בנגק,TH,נודלס אטריות מסולסלו,יחידה,200.00,יחידה,false,,10.90,0.0545,true,1,21258
7290000318127,false,נקניקיות ביס 380 ג' יחיעם,מעדני יחיעם 1993,IL,נקניקיות ביס 380 גרם,גרמים,380.00,100 גרם,false,,12.90,3.3947,true,1,16421
7290000318479,false,פרושטו בקר יחיעם 100,תאי פרזידנט פוד פאבל,IL,פרושטו בקר יחיעם 100,גרמים,100.00,100 גרם,false,,31.90,31.9000,true,1,16429
7290000318677,false,סלמי סרוולט 150 ג' יחיעם,מעדני יחיעם 1993,IL,סלמי סרוולט 150גר יח,גרמים,150.00,100 גרם,false,,27.90,18.6000,true,1,16431
7290000318806,false,סלמי סרוולט מעדנ.יחי,מעדני יחיעם,IL,סלמי סרוולט מעדנ.יחי,קילוגרמים,1.00,"ק""ג",true,,147.00,147.0000,true,1,16397
7290000318929,false,סלמי צרפתי יחיעם מעד,מעדני יחיעם,IL,סלמי צרפתי יחיעם מעד,קילוגרמים,1.00,"ק""ג",true,,147.00,147.0000,true,1,16402
7290000319124,false,סלמי סרוולד יחיעם 25,מעדני יחיעם 1993,IL,סלמי סרוולט 250 גרם,גרמים,250.00,100 גרם,false,,41.90,16.7600,true,1,16441
7290000319131,false,נקניקיות עוף 400 ג' יחיעם,מעדני יחיעם 1993,IL,נקניקיות עוף יחיעם 4,גרמים,400.00,100 גרם,false,,12.90,3.2250,true,1,16442
7290000319520,false,סלמי בסגנון צרפתי 10,מעדני יחיעם 1993,IL,סאלמי צרפתי יחיעם 10,גרמים,100.00,100 גרם,false,,23.90,23.9000,true,1,16450
7290000319803,false,קבנוס קלאסי 125 ג' יחיעם,תאי פרזידנט פוד פאבל,IL,קבנוס קלאסי 125גר,גרמים,125.00,100 גרם,false,,16.90,13.5200,true,1,16457
7290000319834,false,קבנוס פפרוני 125 ג' יחיעם,תאי פרזידנט פוד פאבל,IL,יחיעם קבנוס פפרוני ק,גרמים,125.00,100 גרם,false,,16.90,13.5200,true,1,16458
7290000334684,false,טבעות בצל 700 ג' תפוגן,"תעשיות תפוגן בע""מ",IL,טבעות בצל 700 גרם,גרמים,700.00,100 גרם,false,,20.90,2.9857,true,1,22067
7290000334745,false,"אמריקאן צ'יפס תפוגן 1.5 ק""ג","תעשיות תפוגן בע""מ",IL,"אמריקאן ציפס 1.5 ק""ג",קילוגרמים,1.50,"ק""ג",false,,30.90,20.6000,true,1,22069
7290000345215,false,תה ויסוצקי קלאסיק 100/1 כחול מעודן,מולינו ניקולי s.p.a,IL,תה ויסוצקי קלאסיק 10,גרמים,100.00,100 גרם,false,,20.90,20.9000,true,1,26032
7290000345260,false,תה ויסוצקי קלאסיק 25X1.50יח',מולינו ניקולי s.p.a,IL,תה ויסוצקי קלאסיק 25,גרמים,37.50,100 גרם,false,,8.80,23.4667,true,1,26033
7290000345284,false,תה ויסוצקי קלאסיק טעם עשיר 100/1.5יח',מולינו ניקולי s.p.a,IL,תה ויסוצקי 1.5 קלאסי,גרמים,150.00,100 גרם,false,,20.90,13.9333,true,1,26035
7290000345291,false,תה ארל גריי 25 שקיקים ויסוצקי,קריות זול,IL,תה ארל גריי 1.5/25,גרמים,37.50,100 גרם,false,,18.50,49.3333,true,1,26036
7290000345307,false,תה ארל גריי 50 שקיקים ויסוצקי,מולינו ניקולי s.p.a,IL,תה ארל גריי 1.5/50,גרמים,75.00,100 גרם,false,,33.90,45.2000,true,1,26037
7290000345536,false,תה נענע 25 שקיקים *1.5 ג',מולינו ניקולי s.p.a,IL,תה נענע 25 שקיות 1.5,גרמים,37.50,100 גרם,false,,19.90,53.0667,true,1,26038
7290000346021,false,תה הגן הקסום קמומיל 50יח',בית ויסוצקי,IL,תה קמומיל 50 שקיקים,גרמים,75.00,100 גרם,false,,37.90,50.5333,true,1,26044
7290000346120,false,תה ויסוצקי חליטת קסם הקינמון 25יח',קריות זול,IL,תה קסם הקנמון 25 שקי,גרמים,62.50,100 גרם,false,,19.90,31.8400,true,1,26045
7290000346137,false,תה הגן הקסום הילולי פירות 25 שקיקים,קריות זול,IL,תה הילולי פירות 25 ש,גרמים,62.50,100 גרם,false,,19.90,31.8400,true,1,26046
7290000346168,false,תה ויסוצקי חליטת שומר הגן הקסום 25יח',קריות זול,IL,תה חליטת שומר גן קסו,גרמים,37.50,100 גרם,false,,19.90,53.0667,true,1,26049
7290000346199,false,תה הגן הקסום תה פירות יער 25 יח',קריות זול,IL,תה פירות יער 25 שקיק,גרמים,67.50,100 גרם,false,,19.90,29.4815,true,1,26050
7290000346205,false,תה הגן הקסום תה קמומיל 25 יח',קריות זול,IL,תה קמומיל 25 שקיקים,גרמים,37.50,100 גרם,false,,19.90,53.0667,true,1,26051
7290000347738,false,תה ירוק נענע 25 שקיקים 1.5 גרם,קריות זול,IL,תה ירוק נענע 25 שקיק,גרמים,37.50,100 גרם,false,,26.90,71.7333,true,1,26059
7290000347752,false,תה ירוק לימונית ולואיזה 25 שקיקים *1.5 ג'' ויסוצקי,קריות זול,IL,תה ירוק לימונית ולוא,גרמים,37.50,100 גרם,false,,26.90,71.7333,true,1,26061
7290000363011,false,סלמי קוניאק טירת צבי,הנסיך- מפעל לייצור ט,IL,נקניק קוניאק מובחר ט,קילוגרמים,1.00,"ק""ג",true,,79.00,79.0000,true,1,26675
7290000363363,false,קבנוס מיוחד טירת צבי,הנסיך- מפעל לייצור ט,IL,קבנוס מיוחד 160 גרם,גרמים,160.00,100 גרם,false,,20.90,13.0625,true,1,26714
7290000363400,false,סלמי פפרוני טירת צבי,הנסיך- מפעל לייצור ט,IL,סלמי פפרוני טירת צבי,קילוגרמים,1.00,"ק""ג",true,,79.00,79.0000,true,1,26677
7290000363462,false,סלמי מעושן איטלקי טי,טירת צבי,IL,סלמי מעושן איטלקי טי,קילוגרמים,1.00,"ק""ג",true,,79.00,79.0000,true,1,26678
7290000363486,false,נקניק תה טירת צבי מע,טירת צבי,IL,נקניק תה טירת צבי מע,קילוגרמים,1.00,"ק""ג",true,,58.00,58.0000,true,1,26679
7290000364261,false,דקניקים סלסולי כתף בקר 120 ג' טירת צבי,הנסיך- מפעל לייצור ט,IL,סלסולי כתף בקר 120 ג,גרמים,120.00,100 גרם,false,,16.90,14.0833,true,1,26718
7290000364278,false,דקניקים סילסולי סלמי איטלקי 120 ג' טירת צבי,הנסיך- מפעל לייצור ט,IL,סלסולי סלמי איטלקי מ,גרמים,120.00,100 גרם,false,,16.90,14.0833,true,1,26719
7290000364285,false,דקניקים סלסולי פסטרמה הודו 120 ג' טירת צבי,הנסיך- מפעל לייצור ט,IL,טירת צבי סלסולי פסטר,גרמים,120.00,100 גרם,false,,16.90,14.0833,true,1,26720
7290000364292,false,דקניקים סלסולי פסטרמה הודו על גחלים 120 ג' טירת צבי,הנסיך- מפעל לייצור ט,IL,סלסולי פסטרמה גחלים,גרמים,120.00,100 גרם,false,,16.90,14.0833,true,1,26721
7290000364803,false,נקניקיות קרנץ אמריקאי טירת צבי 500 ג',הנסיך- מפעל לייצור ט,IL,נקניקיות קרנץ אמריקא,גרמים,500.00,100 גרם,false,,34.90,6.9800,true,1,26724
7290000364858,false,"נקניקיות עוף טרי 1 ק""ג טירת צבי",הנסיך- מפעל לייצור ט,IL,נקניקיות עוף טרי 1 ק,קילוגרמים,1.00,"ק""ג",false,,30.90,30.9000,true,1,26726
7290000364872,false,נקניקיות עוף טירת צבי 400 ג',טיב טירת צבי 2000,IL,נקניקיות עוף 400 גרם,גרמים,400.00,100 גרם,false,,14.90,3.7250,true,1,26727
7290000365046,false,פסטרמה כתף בקר מעושן,טירת צבי,IL,כתף מעושן טירת צבי מ,קילוגרמים,1.00,"ק""ג",true,,109.00,109.0000,true,1,26684
7290000365398,false,פסטרמה חזה הודו בדבש,טירת צבי,IL,חזה הודו בדבש ט.צבי,קילוגרמים,1.00,"ק""ג",true,,89.00,89.0000,true,1,26690
7290000365749,false,נקניק פסטרמה 2 טבעית,טירת צבי,IL,פסט. טבעית ד.ש.ט.צבי,קילוגרמים,1.00,"ק""ג",true,,85.00,85.0000,true,1,26691
7290000365756,false,נקניק פסטרמה ברביקיו,טירת צבי,IL,פסט. עלגחלים ד.ש.ט.צ,קילוגרמים,1.00,"ק""ג",true,,89.00,89.0000,true,1,26692
7290000365909,false,פסטרמה הודו מעושנת ט,טירת צבי,IL,פסט.טבעית ט.צבי מעדנ,קילוגרמים,1.00,"ק""ג",true,,89.00,89.0000,true,1,26694
7290000365954,false,פסטרמה הודו גחלים טי,טירת צבי,IL,פסט.על גחלים ט.צבי מ,קילוגרמים,1.00,"ק""ג",true,,89.00,89.0000,true,1,26695
7290000367590,false,צמד כפרי סלמי+פסטרמה 800 גרם טירת צבי,טיב טירת צבי 2000,IL,צמד כפרי נק.סלמי+פסט,גרמים,800.00,100 גרם,false,,30.90,3.8625,true,1,26730
7290000369341,false,לאבנה אבו גוש ניצן מ,יושלם,,לאבנה אבו גוש ניצן מ,קילוגרמים,1.00,"ק""ג",true,,49.00,49.0000,true,1,6777
7290000370284,false,גבינה קשקבל חצי קשה,,,גבינה קשקבל חצי קשה,קילוגרמים,1.00,"ק""ג",true,,100.00,100.0000,true,1,128753
7290000370420,false,גבינת גאודה מהולנד 3,,,גבינת גאודה מהולנד 3,קילוגרמים,1.00,"ק""ג",true,,109.00,109.0000,true,1,196968
7290000370789,false,גבינת כבשים עם פטריו,,,גבינת כבשים עם פטריו,קילוגרמים,1.00,"ק""ג",true,,182.00,182.0000,true,1,373085
7290000371571,false,פסט.פרגיות לבאגט ט.צ,,,פסט.פרגיות לבאגט ט.צ,קילוגרמים,1.00,"ק""ג",true,,89.00,89.0000,true,1,26700
7290000377612,false,"מיץ סחוט תפוזים פריגת 400 מ""ל",גת גבעת חיים,IL,פריגת סחוט תפוזים 40,מיליליטרים,400.00,"100 מ""ל",false,,10.90,2.7250,true,1,7085
7290000379258,false,חלת קונדיטורית ארוזה 500 ג' אנג'ל,מאפיית שלמה א. אנג'ל,IL,חלת קונדיטורית אנגל,גרמים,500.00,100 גרם,false,,15.90,3.1800,true,1,69624
7290000382210,false,שקיות גופיה ינות בית,,,שקיות גופיה ינות בית,יחידה,0.00,יחידה,false,,0.10,0.0000,true,1,43528
7290000408316,false,דנונה ביו יוגורט טבעי 3% 200 ג',מיוצר עי קונדיטוריית,IL,דנונה טבעי 3% 200מל,מיליליטרים,200.00,"100 מ""ל",false,,4.10,2.0500,true,1,24746
7290000408354,false,יוגורט עם אורז מצופה שוקולד קקאו 175 ג' דנונה,"שטראוס בריאות בע""מ",IL,דנונה קראנצ' פצפוצים,מיליליטרים,175.00,"100 מ""ל",false,,5.20,2.9714,true,1,24747
7290000410874,false,רבעי פרגיות מלוח,,,רבעי פרגיות מלוח,קילוגרמים,1.00,"ק""ג",true,,54.90,54.9000,true,1,12788
7290000412481,false,סנו - מנקה אסלות 00 1 ליטר,מיוצר עי קונדיטוריית,IL,מנקה אסלות 1 ליטר 00,ליטרים,1.00,ליטר,false,,8.90,8.9000,true,1,31911
7290000416021,false,ממרח שוקולד השחר חלבי 500 גר',השחר העולה,IL,ממרח שוקולד השחר 500,גרמים,500.00,100 גרם,false,,15.90,3.1800,true,1,31060
7290000416045,false,ממרח שוקולד השחר דלי,השחר העולה,IL,ממרח שוקולד השחר 1 ק,קילוגרמים,1.00,"ק""ג",false,,27.90,27.9000,true,1,31062
7290000416618,false,"ממרח שוקולד השחר פרווה בד""צ 400 גר'",השחר העולה בעמ,IL,ממרח שוקולד פרווה הש,גרמים,400.00,100 גרם,false,,13.90,3.4750,true,1,31072
7290000418131,false,תחבושות טופ פד מקופלת 18 יח',מוצרי נייר עמיר,IL,תחבושות סופר מקופלת,יחידה,0.00,יחידה,false,,5.90,0.0000,true,1,31596
7290000419114,false,לנדוור כחול קפה טחון,קפה לנדוור,IL,לנדוור המקורי קפה טח,גרמים,200.00,100 גרם,false,,18.90,9.4500,true,1,21260
7290000419220,false,לנדוור כחול המקורי קפה טחון טורקי 3*100 גרם 16 יח',קפה לנדוור,IL,לנדוור כחול המקורי ק,גרמים,300.00,100 גרם,false,,19.90,6.6333,true,1,21261
7290000419374,false,לנדוור לבוקר טחון טורקי 3*100גר,קפה לנדוור,IL,לנדוור לבוקר קפה טחו,גרמים,300.00,100 גרם,false,,19.90,6.6333,true,1,21262
7290000420325,false,פופ קורן טבעי למיקרוגל 5 יח',קריות זול,US,פופסטאר פופקורן טבעי,גרמים,500.00,100 גרם,false,,17.90,3.5800,true,1,6371
7290000420332,false,פופ קורן חמאה למיקרוגל 5יח',קריות זול,US,פופסטאר פופקורן חמאה,גרמים,500.00,100 גרם,false,,17.90,3.5800,true,1,6372
7290000420417,false,גלילונית שקיות אשפה 50*70 - 60 יח',"איטיליאן פוד, אס.פי.",TH,גלילונית שקיות אשפה,יחידה,0.00,יחידה,false,,24.90,0.0000,true,1,6373
7290000448026,false,נפוליאון גבינת שמנת,,,נפוליאון גבינת שמנת,קילוגרמים,1.00,"ק""ג",true,,43.00,43.0000,true,1,369414
7290000448040,false,נפוליאון גבינת שמנת,,,נפוליאון גבינת שמנת,קילוגרמים,1.00,"ק""ג",true,,43.00,43.0000,true,1,369443
7290000453019,false,שמרים טריים לאפייה שקית שמרית 50 ג',"פאקא תעשיות בע""מ",IL,שמרית שמרים טריים לא,גרמים,50.00,100 גרם,false,,4.90,9.8000,true,1,24748
7290000453125,false,שמרית שמרים טריים לאפייה +משפר אפייה 100ג,"פאקא תעשיות בע""מ",IL,שמרית שמרים טריים לא,גרמים,100.00,100 גרם,false,,8.50,8.5000,true,1,24749
7290000453408,false,בצק פיצה דק מצונן ומוכן לאפייה שמרית,"פאקא תעשיות בע""מ",GR,שמרית בצק פיצה דק מצ,גרמים,415.00,100 גרם,false,,17.90,4.3133,true,1,163153
7290000453415,false,בצק עלים מצונן ומוכן לאפייה שמרית,"פאקא תעשיות בע""מ",FR,שמרית בצק עלים מצונן,גרמים,300.00,100 גרם,false,,16.90,5.6333,true,1,197471
7290000453446,false,פיצה קראסט בצק שמרים מצונן להכנת פיצה ופוקצ'ה,שטראוס,IL,פיצה קראסט שמרית מצו,גרמים,500.00,100 גרם,false,,21.90,4.3800,true,1,364633
7290000453798,false,שמרים יבשים אקטיביים שימרית 500 ג',"גי' בי' רכיבים בע""מ",,שמרים יבשים אקטיביים,גרמים,500.00,100 גרם,false,,13.90,2.7800,true,1,24043
7290000453866,false,נטורינה קוקוס לאפייה שמרית 200ג',גרונבאנג- גרונדנסק א,DK,נטורינה קוקוס שטראוס,גרמים,200.00,100 גרם,false,,8.50,4.2500,true,1,105973
7290000453897,false,מרגרינה בטעם חמאה שימרית 200 ג',גרונבאנג- גרונדנסק א,IL,מרגרינה בטעם חמאה 20,גרמים,200.00,100 גרם,false,,5.50,2.7500,true,1,24751
7290000462141,false,סחוג אדום חריף מאוד (מכסה אדום) 150 גרם,קריניסה ויטמין אס אי,IL,סחוג אדום חריף מאוד,גרמים,150.00,100 גרם,false,,8.90,5.9333,true,1,24753
7290000467153,false,צבר חומוס סמיר הגדול 400גר,סלטי צבר,IL,צבר חומוס סמיר הגדול,גרמים,400.00,100 גרם,false,,14.90,3.7250,true,1,22079
7290000472821,false,גבינה צהובה 28% הר,,,גבינה צהובה 28% הר,קילוגרמים,1.00,"ק""ג",true,,31.00,31.0000,true,1,442845
7290000474090,false,חלב הומוגני 1% קרטון טרה 1ל',מילקו תעשיות בעמ,IL,טרה חלב בקרטון 1% 1ל,ליטרים,1.00,ליטר,false,,5.86,5.8600,true,1,7093
7290000474502,false,גבינה לבנה 5% 250ג' טרה מהדרין,קריות זול,IL,טרה גבינה לבנה 5% 25,גרמים,250.00,100 גרם,false,,4.98,1.9920,true,1,7102
7290000474540,false,גבינה טוב טעם 3% טרה 250ג' מהדרין,קריות זול,IL,טוב טעם גבינה 3% 250,גרמים,250.00,100 גרם,false,,12.50,5.0000,true,1,7103
7290000474830,false,גבינה צהובה מגורדת 28% שומן 500 ג' נעם,מילקו תעשיות בעמ,IL,נעם גבינה צהובה מגור,גרמים,500.00,100 גרם,false,,36.90,7.3800,true,1,7104
7290000478157,false,רבעי פרגיות מתוק,,,רבעי פרגיות מתוק,קילוגרמים,1.00,"ק""ג",true,,54.90,54.9000,true,1,423662
7290000480107,false,קוואקר שיבולת שועל פחית 500 גר',וולקרס סנקס לימיטד,GB,"קוואקר מהיר אטוס לל""",גרמים,500.00,100 גרם,false,,15.90,3.1800,true,1,25327
7290000480442,false,קוואקר שיבולת שועל שקית 500 גר',פריטו ליי FRITO-LAY,IL,שיבולת שועל בשקית קו,גרמים,500.00,100 גרם,false,,15.90,3.1800,true,1,25328
7290000481029,false,עשיריית פיתות תנעמי,יוניליוור גרמניה Gm,IL,פיתות 10 יחידות בטעם,קילוגרמים,1.00,"ק""ג",false,,13.90,13.9000,true,1,219554
7290000481531,false,דגנית עין בר לחמניות אצבע מחיטה מלאה בשקית 750 ג',יוניליוור גרמניה Gm,IL,לחמניות 10 יחידות חי,גרמים,750.00,100 גרם,false,,14.90,1.9867,true,1,5072
7290000481883,false,דגנית עין בר מארז לחמניות 10 יח'*75 ג',יוניליוור גרמניה Gm,IL,10 לחמניות דגנית,גרמים,750.00,100 גרם,false,,14.90,1.9867,true,1,5076
7290000484747,false,עראק עלית 700 מל 40% כהל,יקב הגליל שווק בעמ,IL,"עלית הארק 40% 700 מ""",מיליליטרים,700.00,"100 מ""ל",false,,60.90,8.7000,true,1,31152
7290000490311,false,קרמבו מנבו וניל 144 ג',,,מנבו וניל 6 יחידות,גרמים,144.00,100 גרם,false,,12.90,8.9583,true,1,39647
7290000490717,false,גלית מאגדת שמיניה 560 ג',הגלידות של פלדמן,IL,גלית שרבט בטעם תות 8,גרמים,560.00,100 גרם,false,,29.90,5.3393,true,1,39649
7290000493176,false,אבקת רוטב צלי לבשר 22ג' אסם,"אסם השקעות בע""מ",IL,אסם אבקת רוטב צלי לב,גרמים,22.00,100 גרם,false,,4.00,18.1818,true,1,21294
7290000493183,false,אבקת רוטב פיטריות 30 ג' אסם,"אסם השקעות בע""מ",IL,אסם אבקת רוטב פטריות,גרמים,30.00,100 גרם,false,,4.00,13.3333,true,1,21295
7290000496360,false,פילה בקלה דרום אפרי,,,פילה בקלה דרום אפרי,קילוגרמים,1.00,"ק""ג",true,,43.90,43.9000,true,1,345774
7290000504025,false,סוכרזית פטריה 300 טבליות,אף.סי תבליני בגליל ב,IL,סוכרזית פטריה 300 טב,גרמים,246.00,100 גרם,false,,10.90,4.4309,true,1,24048
7290000504278,false,סוכרזית - קלאסי פטנט 700 טבליות,אף.סי תבליני בגליל ב,IL,סוכרזית פטנט 700 טבל,גרמים,574.00,100 גרם,false,,17.90,3.1185,true,1,24053
7290000507383,false,בולגרית 5% פנחס אמית,,,בולגרית 5% פנחס אמית,קילוגרמים,1.00,"ק""ג",true,,80.00,80.0000,true,1,17679
7290000521015,false,"יין סגל לבן יבש 750מ""ל","מיוצר ע""י כרמי צבי-",IL,"לבן סגל 750 מ""ל",מיליליטרים,750.00,"100 מ""ל",false,,22.90,3.0533,true,1,10225
7290000521022,false,יין של סגל לבן חצי י,"מיוצר ע""י כרמי צבי-",IL,סגל לבן חצי יבש 750,מיליליטרים,750.00,"100 מ""ל",false,,22.90,3.0533,true,1,10226
7290000521411,false,יין מרום גליל סינגל מרלו 750מל,כרמי צבי אחים סגל בע,IL,מרום גליל סינגל מרלו,מיליליטרים,750.00,"100 מ""ל",false,,42.90,5.7200,true,1,10236
7290000522166,false,חלב הרים עמיד נטול ל,"מחלבות רמת הגולן בע""",IL,חלב הרים טהור נ.לקטו,ליטרים,1.00,ליטר,false,,11.90,11.9000,true,1,7111
7290000522272,false,חלב הרים שמנת לקפה 1,"מחלבות רמה""ג",IL,חלב הרים שמנת לקפה 1,מיליליטרים,500.00,"100 מ""ל",false,,9.90,1.9800,true,1,7115
7290000523125,false,מלח הארץ הים האדום 250 ג' עדין,חברת מלח הארץ אילת ב,IL,מלח ים יבש הארץ 250,גרמים,250.00,100 גרם,false,,6.90,2.7600,true,1,26063
7290000523224,false,מלח הארץ הים האדום 500 ג' עדין,חברת מלח הארץ אילת ב,IL,מלח ים יבש הארץ 500,גרמים,500.00,100 גרם,false,,8.90,1.7800,true,1,26064
7290000523521,false,מלח ים מועשר ביוד 250 ג' מלח הארץ,חברת מלח הארץ אילת ב,IL,מלח מעושר ביוד הארץ,גרמים,250.00,100 גרם,false,,7.90,3.1600,true,1,26066
7290000523804,false,"מלח עדין צנצנת 1 ק""ג מלח הארץ",חברת מלח הארץ אילת ב,IL,מלח עדין בצנצנת הארץ,קילוגרמים,1.00,"ק""ג",false,,7.90,7.9000,true,1,26067
7290000523811,false,"צנצנת מלח גס 1 ק""ג מלח הארץ",חברת מלח הארץ אילת ב,IL,מלח גס בצנצנת הארץ 1,קילוגרמים,1.00,"ק""ג",false,,7.90,7.9000,true,1,26068
7290000525969,false,פרימור סחוט תפוזים טבעי 1ל',"גניר (1992) בע""מ",IL,פרימור מיץ תפוזים 1ל,ליטרים,1.00,ליטר,false,,17.20,17.2000,true,1,24759
7290000530024,false,נקניק תה מעושן רחב,זוגלובק,IL,תה מעושן זוגלובק,קילוגרמים,1.00,"ק""ג",true,,57.00,57.0000,true,1,42617
7290000530048,false,סלמי פפרוני זוגלובק,כצט,IL,סלמי פפרוני זוגלובק,קילוגרמים,1.00,"ק""ג",true,,62.00,62.0000,true,1,42619
7290000530062,false,נקניק מעושן איטלקי ז,זוגלובק,IL,סלמי מעו. איטלקי זוג,קילוגרמים,1.00,"ק""ג",true,,86.00,86.0000,true,1,42620
7290000530178,false,נקניק קוניאק זוגלובק,זוגלובק,IL,סלמי קוניאק זוגלובק.,קילוגרמים,1.00,"ק""ג",true,,89.00,89.0000,true,1,42623
7290000530369,false,פסטרמה גולן הודו מעו,כצט,IL,פסט. גולן 3% זוגלובק,קילוגרמים,1.00,"ק""ג",true,,89.00,89.0000,true,1,42627
7290000530444,false,כתף בקר מעושן זוגלוב,זוגלובק,IL,כתף בקר מעושן זוגלוב,קילוגרמים,1.00,"ק""ג",true,,110.00,110.0000,true,1,42628
7290000530468,false,נקניקיות וינר זוגלוב,,,נקניקיות וינר טרי 1ק,קילוגרמים,1.00,"ק""ג",false,,34.90,34.9000,true,1,42670
7290000530598,false,נקניקיות וינר 500 ג' טרי זוגלובק,נקניק נהריה כשר זוגל,IL,נקניקיות וינר טרי זו,גרמים,500.00,100 גרם,false,,17.90,3.5800,true,1,42673
7290000530703,false,זוג במארז חרמון הודו + סלמי תה זוגלובק 800 גר',נקניק נהריה כשר זוגל,IL,זוג תה 400 + חרמון 4,גרמים,800.00,100 גרם,false,,36.90,4.6125,true,1,42675
7290000531410,false,פסטרממיה בדבש טהור,זוגלובק,IL,פסט. בדבש טהור 3% זו,קילוגרמים,1.00,"ק""ג",true,,89.00,89.0000,true,1,42630
7290000532400,false,פסטרמה ברביקיו זוגלו,זוגלובק,IL,ברביקיו חזה הודו זוג,קילוגרמים,1.00,"ק""ג",true,,89.00,89.0000,true,1,42631
7290000533353,false,"בצק עלים צרפתי 1 ק""ג זוגלובק",מאפיית אריאל וגידרון,IL,זוגלובק בצק עלים 1קג,קילוגרמים,1.00,"ק""ג",false,,17.90,17.9000,true,1,42685
7290000534718,false,פסטרמה חזה תבור זוגל,זוגלובק,IL,תבור חזה מעושן ד.ש.,קילוגרמים,1.00,"ק""ג",true,,89.00,89.0000,true,1,42638
7290000536316,false,"שניצל מן הצומח זוגלובק 1 ק""ג",נקניק נהריה כשר זוגל,IL,"שניצל מן הצומח 1 ק""ג",קילוגרמים,1.00,"ק""ג",false,,30.90,30.9000,true,1,42692
7290000537566,false,נקניקיות עוף טרי 400 ג' זוגלובק,נקניק נהריה כשר זוגל,IL,נקניקיות עוף טרי 400,גרמים,400.00,100 גרם,false,,14.90,3.7250,true,1,42699
7290000537603,false,נקניקיות עוף זוגלובק,זוגלובק,IL,"נקנקיות עוף 1 ק""ג -ז",קילוגרמים,1.00,"ק""ג",false,,34.90,34.9000,true,1,42700
7290000538099,false,פסטרמה כפרית במשקל ז,כצט,IL,פסט. כפרית 1% זוגלוב,קילוגרמים,1.00,"ק""ג",true,,89.00,89.0000,true,1,42644
7290000538709,false,סלמי תה מעושן 200 ג' זוגלובק,זוגלובק,IL,תה מעושן 200 גרם,גרמים,200.00,100 גרם,false,,16.00,8.0000,true,1,42707
7290000552194,false,קישקע קפוא 500 גרם,טיבון ויל אחזקות בעמ,IL,קישקע קפוא 500 גרם,גרמים,500.00,100 גרם,false,,17.90,3.5800,true,1,18313
7290000552569,false,סטייק בורגר נטו 400 גרם,"טיבון ויל אחזקות בע""",IL,סטייק בורגר 400 ג'-ט,גרמים,400.00,100 גרם,false,,24.90,6.2250,true,1,18314
7290000552927,false,טחון עוף 500 גרם,"טיבון ויל אחזקות בע""",IL,טחון עוף 500 גרם,גרמים,500.00,100 גרם,false,,16.90,3.3800,true,1,18317
7290000552989,false,בשר טחון מובחר טיבון 500 ג',"טיבון ויל אחזקות בע""",IL,בשר עגל טחון קפוא 50,גרמים,500.00,100 גרם,false,,22.90,4.5800,true,1,18319
7290000554402,false,מלבי 160גר מחלבות גד,"מיוצר ע""י קוד יצרן E",IL,"גד מלבי 160 מ""ל",מיליליטרים,160.00,"100 מ""ל",false,,7.00,4.3750,true,1,15443
7290000554457,false,גבינה צפתית מיני 5% גד 350ג',"מחלבות גד בע""מ",IL,גד צפתית מיני 5% 350,גרמים,350.00,100 גרם,false,,25.30,7.2286,true,1,15444
7290000554471,false,גבינת מוצרלה 22% נקניק 180ג' גד,"מחלבות גד בע""מ",IL,גד מוצרלה נקניק טבעי,גרמים,180.00,100 גרם,false,,20.20,11.2222,true,1,15445
7290000554532,false,גבינה צפתית מעודנת במלח ים 5% 200 ג' גד,הנסיך- מפעל לייצור ט,IL,גד צפתית מעודנת במלח,גרמים,200.00,100 גרם,false,,17.90,8.9500,true,1,15446
7290000554600,false,מוצרלה מגורדת 18% 300 גרם - רובין,מחלבות גד בעמ,IL,גד מוצרלה מגורדת %18,גרמים,300.00,100 גרם,false,,29.90,9.9667,true,1,15447
7290000554624,false,ירח מתוק 3% 150 גרם רובין,"מיוצר ע""י קוד יצרן E",IL,גד ירח מתוק 150מל,גרמים,150.00,100 גרם,false,,7.00,4.6667,true,1,15448
7290000554686,false,לאבנה שמן זית וזעתר 5% 250 גרם - רבנות,מחלבות גד בעמ,IL,גד לאבנה בשמן זית וז,גרמים,250.00,100 גרם,false,,17.20,6.8800,true,1,15449
7290000554822,false,גבינת ריקוטה טבעית 5% גד 250ג',מחלבות גד בעמ,IL,גד ריקוטה טבעי 5% 25,גרמים,250.00,100 גרם,false,,17.40,6.9600,true,1,15450
7290000554839,false,שמנת מתוקה קשה בסגנון איטלקי 40% שומן 250 ג' גד,מחלבות גד בעמ,IL,גד מסקרפונה 40% 250ג,גרמים,250.00,100 גרם,false,,24.50,9.8000,true,1,15451
7290000560533,false,אדג' ג'ל ירוק לעור רגיל 198גרם,אס.סי ג'ונסון ובניו,US,ג'ל גילוח ירוק לעור,מיליליטרים,200.00,"100 מ""ל",false,,18.90,9.4500,true,1,6379
7290000560540,false,אדג' ג'ל כתום לעור רגיש 198גרם,המאפיה של הרמן,US,ג'ל גילוח כתום לעור,מיליליטרים,200.00,"100 מ""ל",false,,18.90,9.4500,true,1,6380
7290000561158,false,תערובת בריאות 150 גר,,,תערובת בריאות 150 גר,גרמים,150.00,100 גרם,false,,15.90,10.6000,true,1,117262
7290000561714,false,צנוברים 100 גר,,,צנובר 100 גרם,גרמים,100.00,100 גרם,false,,26.90,26.9000,true,1,1628
7290000571119,false,גאודה חריץ בית יצחק,תנובה מרכז שיתופי לש,,גאודה טבעי המחלבה,קילוגרמים,1.00,"ק""ג",true,,114.00,114.0000,true,1,27012
7290000571294,false,גאודה מעושנת המחלבה,,,גאודה מעושנת המחלבה,קילוגרמים,1.00,"ק""ג",true,,114.00,114.0000,true,1,27015
7290000571386,false,יוגורט כבשים 850 ג' יוגורמה,גבינות משק אחים מאיר,IL,יוגורמה דלי 5% 850 ג,גרמים,850.00,100 גרם,false,,32.00,3.7647,true,1,27382
7290000571881,false,משקה יוגורט מחלב עיז,גבינות משק אחים מאיר,IL,משקה יוגורט מחלב עיז,מיליליטרים,500.00,"100 מ""ל",false,,15.90,3.1800,true,1,136961
7290000574035,false,לחם אחיד פרוס 750ג' דגנית עין בר,יוניליוור גרמניה Gm,IL,לחם אחיד פרוס דגנית,גרמים,750.00,100 גרם,false,,7.11,0.9480,true,1,5082
7290000574141,false,לחם חיטה מלא 750ג' דגנית עין בר,דגנית עין בר תעשיות,IL,לחם חיטה מלאה דגנית,גרמים,750.00,100 גרם,false,,15.90,2.1200,true,1,5089
7290000574172,false,לחם קל מחיטה מלאה 750 ג' דגנית עין בר,יוניליוור גרמניה Gm,IL,לחם קל חיטה מלאה דגנ,גרמים,750.00,100 גרם,false,,16.90,2.2533,true,1,5091
7290000578085,false,גבינת מוצרלה 21% ויל,,,גבינת מוצרלה 21% ויל,קילוגרמים,1.00,"ק""ג",true,,58.00,58.0000,true,1,3484
7290000604343,false,תמר דקל נור 400 גר,פרי וירק טמרה ושותפי,,תמר דקל נור 400גר,גרמים,400.00,100 גרם,false,,12.90,3.2250,true,1,55597
7290000611039,false,פילה סלמון נורבגי קפ,,,פילה סלמון נורבגי קפ,קילוגרמים,1.00,"ק""ג",true,,84.90,84.9000,true,1,302858
7290000627906,false,גאודה בקר 31.2% שקי,,,גאודה בקר 31.2% שקי,קילוגרמים,1.00,"ק""ג",true,,75.00,75.0000,true,1,214604
7290000627913,false,גאודה עיזים שקיל מעד,,,גאודה עיזים שקיל מעד,קילוגרמים,1.00,"ק""ג",true,,105.00,105.0000,true,1,214605
7290000644783,false,נתחי פילה סלמון בואק,X MAK,DK,דגי תנובה נתחי פילה,קילוגרמים,1.00,"ק""ג",true,,89.90,89.9000,true,1,27979
7290000652177,false,נתחי פילה נסיכת הנילוס 100%,,,נתחי פילה נסיכה 100%,קילוגרמים,1.00,"ק""ג",true,,69.90,69.9000,true,1,253959
7290000655376,false,פילה דניס קפוא 100%,,TR,פילה דניס קפוא,קילוגרמים,1.00,"ק""ג",true,,89.90,89.9000,true,1,64109
7290000659312,false,דגי תנובה פילה סלומון קפוא בוואקום,PEQUERA DEL,,דגי תנובה פילה סלמון,קילוגרמים,1.00,"ק""ג",true,,79.90,79.9000,true,1,27987
7290000662817,false,סלמון מעושן 100 גרם נורבגי,,צ'ילה (TDE),סלמון מעושן פרוס 100,גרמים,100.00,100 גרם,false,,21.90,21.9000,true,1,293587
7290000663036,false,פילה אמנון ללא עור 100% דג,תנובה,IL,פילה אמנון ללא עור 1,קילוגרמים,1.00,"ק""ג",true,,44.90,44.9000,true,1,317501
7290000663135,false,קוביות סלמון קפוא 300 גר',תנובה,IL,קוביות סלמון 300 גרם,גרמים,300.00,100 גרם,false,,32.90,10.9667,true,1,338364
7290000679370,false,גרון הודו נקבה ארוז,,,גרון הודו נקבה ארוז,קילוגרמים,1.00,"ק""ג",true,,29.90,29.9000,true,1,124858
7290000680123,false,כנפיים עוף טרי ארוז,,,כנפיים עוף טרי ארוז,קילוגרמים,1.00,"ק""ג",true,,12.90,12.9000,true,1,125143
7290000680130,false,שוקיים עוף טרי ארוז,,,שוקיים עוף טרי ארוז,קילוגרמים,1.00,"ק""ג",true,,34.90,34.9000,true,1,125144
7290000680451,false,כבד עוף טרי ארוז.,,,כבד עוף טרי ארוז.,קילוגרמים,1.00,"ק""ג",true,,23.90,23.9000,true,1,125142
7290000688084,false,מים מינרליים פקק ספו,מופק ממקור בזלתי עדן,IL,מי עדן 1/2 ליטר ספור,מיליליטרים,500.00,"100 מ""ל",false,,3.50,0.7000,true,1,12209
7290000688374,false,"מי עדן בייבי מארז 330X6 מ""ל","מי עדן בע""מ",,"מי עדן בייבי 330 מ""ל",ליטרים,1.98,ליטר,false,,16.90,8.5354,true,1,12212
7290000688381,false,מי עדן פקק ספורט 6*500 מל.,"מי עדן בע""מ",IL,מי עדן פקק ספורט 6*5,ליטרים,3.00,ליטר,false,,15.90,5.3000,true,1,12213
7290000707512,false,פטם חזה פרוס ארוז קפ,,,פטם חזה פרוס ארוז קפ,קילוגרמים,1.00,"ק""ג",true,,39.90,39.9000,true,1,489244
7290000725600,false,סקנדינבית חריץ מע.,,,סקנדינבית חריץ מע.,קילוגרמים,1.00,"ק""ג",true,,82.00,82.0000,true,1,27024
7290000731104,false,אסאדו ע.ע עגל כשר טר,,,אסאדו ע.ע עגל כשר טר,קילוגרמים,1.00,"ק""ג",true,,74.90,74.9000,true,1,2117
7290000731135,false,כתף עגל כשר טרי,,,כתף עגל כשר טרי,קילוגרמים,1.00,"ק""ג",true,,89.90,89.9000,true,1,2135
7290000731138,false,פילה מדומה עגל כשר ט,,,פילה מדומה עגל כשר ט,קילוגרמים,1.00,"ק""ג",true,,89.90,89.9000,true,1,2138
7290000739247,false,פסטרמה איטלקית זוגלו,,,פסט. איטלקית זוגלובק,קילוגרמים,1.00,"ק""ג",true,,89.00,89.0000,true,1,42649
7290000835954,false,פילה אמנון 5-7 בוואק,,,פילה אמנון 5-7 בוואק,קילוגרמים,1.00,"ק""ג",true,,32.90,32.9000,true,1,232904
7290000900313,false,פסט. ספרדית ט.צבי מע,,,פסט. ספרדית ט.צבי מע,קילוגרמים,1.00,"ק""ג",true,,89.00,89.0000,true,1,26701
7290000900436,false,פסט.איטלקית ט.צבי מע,,,פסט.איטלקית ט.צבי מע,קילוגרמים,1.00,"ק""ג",true,,89.00,89.0000,true,1,26704
7290000910291,false,פלפל צ`ילי,,,פלפל צ`ילי,גרמים,100.00,100 גרם,false,,7.90,7.9000,true,1,55602
7290000934678,false,אנטריקוט עגל כשר טרי,,,אנטריקוט עגל כשר טרי,קילוגרמים,1.00,"ק""ג",true,,159.90,159.9000,true,1,2147
7290000934701,false,טחון עגל כשר טרי,,,טחון עגל כשר טרי,קילוגרמים,1.00,"ק""ג",true,,49.90,49.9000,true,1,2154
7290000934727,false,צלי כתף עגל כשר טרי,,,צלי כתף עגל כשר טרי,קילוגרמים,1.00,"ק""ג",true,,99.90,99.9000,true,1,2160
7290000934730,false,צלעות עגל כשר טרי,,,צלעות עגל כשר טרי,קילוגרמים,1.00,"ק""ג",true,,79.90,79.9000,true,1,2163
7290000993294,false,עגבניות שרי לובלו 46,,,עגבניות שרי לובלו 46,גרמים,460.00,100 גרם,false,,12.90,2.8043,true,1,448994
7290001041130,false,ממרח תמרים מיה 450 גר',,,ממרח תמרים מיה 450 ג,גרמים,450.00,100 גרם,false,,7.90,1.7556,true,1,52568
7290001041161,false,"שעועית לבנה יבשה מיה 1 ק""ג",מיה,IL,שעועית 1 ק'ג,קילוגרמים,1.00,"ק""ג",false,,16.90,16.9000,true,1,52571
7290001041185,false,"פופקורן גרעינים מיה 1 ק""ג",מיה,IL,פופקורן 1 ק'ג,קילוגרמים,1.00,"ק""ג",false,,10.90,10.9000,true,1,52573
7290001041192,false,"עדשים אדומים יבשים מיה 1 ק""ג",מיה,IL,עדשים אדומות 1 ק'ג,קילוגרמים,1.00,"ק""ג",false,,13.90,13.9000,true,1,52574
7290001041994,false,"סוכר חום דמררה מיה 1 ק""ג",מיה תעשיות מזון,IL,סוכר זהב דמררה צנצנת,קילוגרמים,1.00,"ק""ג",false,,11.90,11.9000,true,1,15664
7290001045169,false,פרימור סחוט תפוחי עץ צלול 1 ל',"גניר (1992) בע""מ",IL,פרימור מיץ תפוחים צל,ליטרים,1.00,ליטר,false,,17.20,17.2000,true,1,24760
7290001045688,false,"פרימור סחוט תפוחים 400מ""ל",גניר,IL,פרימור מיץ תפוזים 40,מיליליטרים,400.00,"100 מ""ל",false,,8.50,2.1250,true,1,24765
7290001121238,false,קורנדביף יחיעם 180 ג',מעדני יחיעם 1993,IL,יחיעם קורנד ביף 180,גרמים,180.00,100 גרם,false,,27.90,15.5000,true,1,16463
7290001123775,false,שווארמה פרגיות 500 ג',"טיבול ויל אחזקות בע""",IL,שווארמה פרגיות 500 ג,גרמים,500.00,100 גרם,false,,27.90,5.5800,true,1,18325
7290001123782,false,שווארמה הודו 500 גרם,טיבון ויל,IL,שווארמה הודו 500 גרם,גרמים,500.00,100 גרם,false,,27.90,5.5800,true,1,18326
7290001136287,false,"נקה 7 - שמפו רגיל ירוק 750 מ""ל","קוסמופארם בעמ, ח.פ 5",IL,שמפו רגיל ירוק נקה 7,מיליליטרים,750.00,"100 מ""ל",false,,12.90,1.7200,true,1,31914
7290001136294,false,"שמפו נקה 7 לשיער יבש אדום 750מ""ל",גוד פוד פרודקטס S.p,IL,שמפו יבש אדום נקה 7,מיליליטרים,750.00,"100 מ""ל",false,,12.90,1.7200,true,1,31915
7290001136362,false,נקה 7 תחליב רחצה אלוורה ארומה ירוק 1 ל',מיוצר בסין.יבוא ושיו,IL,תחליב רחצה אלוורה ות,יחידה,0.00,יחידה,false,,16.90,0.0000,true,1,31917
7290001136799,false,נקה 7 תחליב רחצה ארומה ורוד יסמין 1 ל',מיוצר בסין.יבוא ושיו,IL,תחליב רחצה ורד ויסמי,יחידה,0.00,יחידה,false,,16.90,0.0000,true,1,31920
7290001136973,false,נקה 7 תחליב רחצה ארומה קמומיל לבן 1 ל',טרופיקל דגיל תעשיות,IL,תחליב רחצה קמומיל נק,יחידה,0.00,יחידה,false,,16.90,0.0000,true,1,31921
7290001201589,false,ביצים רגילות לארג' 1,לסר,IL,12 ביצים L מ.לסר,יחידה,0.00,יחידה,false,,12.05,0.0000,true,1,14640
7290001201596,false,מ.לסר ביצים רגילות מ,,,12 ביצים M מ.לסר,יחידה,0.00,יחידה,false,,11.15,0.0000,true,1,14641
7290001201824,false,ביצים לארג' אורגניות 12 יח',לסר,IL,12 ביצים L אורגני מ,יחידה,0.00,יחידה,false,,24.90,0.0000,true,1,14648
7290001201862,false,ביצים לארג' חופש 12 יח',לסר,IL,12 ביצים חופש L מ. ל,יחידה,0.00,יחידה,false,,21.90,0.0000,true,1,14650
7290001201893,false,12 ביצים M אומגה 3,,,12 ביצים M אומגה 3,יחידה,0.00,יחידה,false,,18.90,0.0000,true,1,96542
7290001216040,false,טחינה גולמית אל ארז,דולפין ספא,IL,טחינה אל ארז 100% שו,גרמים,500.00,100 גרם,false,,18.90,3.7800,true,1,38170
7290001216057,false,"טחינה גולמית אל ארז 1 ק""ג",טחינה אל ארז,IL,טחינה אל ארז 100% שו,קילוגרמים,1.00,"ק""ג",false,,32.90,32.9000,true,1,38171
7290001216101,false,אל ארז טחינה מלאה 1קג,טחינה אל ארז,IL,טחינה אל ארז 100% שו,קילוגרמים,1.00,"ק""ג",false,,35.90,35.9000,true,1,464610
7290001216231,false,טחינה גולמית שומשום מלא אל ארז 500ג',דולפין ספא,IL,טחינה מלאה 100% שומש,גרמים,500.00,100 גרם,false,,19.90,3.9800,true,1,38178
7290001231932,false,סיגריות וינסטון כחול,Unknown,,וינסטון קופסא בודדת,יחידה,0.00,יחידה,false,,34.00,0.0000,false,1,4640
7290001245699,false,אקונומיקה סמיכה בניחוח לימון 4 ל' טאצ',,,ג'ל אקונומיקה סמיכה,ליטרים,4.00,ליטר,false,,14.90,3.7250,true,1,152481
7290001245705,false,אקונומיקה מבושמת טאצ' 4 ליטר,סאסאטק,IL,אקונומיקה מבושמת 4 ל,ליטרים,4.00,ליטר,false,,10.90,2.7250,true,1,152482
7290001245729,false,ג'ל כביסה ירוקה טאצ 3 ליטר סלקט,,,ג'ל כביסה ירוק 3 ליט,ליטרים,1.00,ליטר,false,,19.90,19.9000,true,1,152499
7290001245736,false,ג'ל כביסה כחול טאצ' 3 ליטר סלקט,,,ג'ל כביסה כחול 3 ליט,ליטרים,1.00,ליטר,false,,19.90,19.9000,true,1,152500
7290001245972,false,מרכך כביסה לבן טאצ' 4 ליטר,,,מרכך כביסה טאצ' לבן,ליטרים,4.00,ליטר,false,,15.90,3.9750,true,1,152511
7290001246085,false,ניקוי חלונות טאצ' 1 ל',,,תרסיס מנקה חלונות 1,ליטרים,1.00,ליטר,false,,6.90,6.9000,true,1,152484
7290001247068,false,נקטר ספרינג תות בננה קרטונית 1 ל',"יפאורה תבורי בע""מ",IL,ספרינג תות בננה קרטו,ליטרים,1.00,ליטר,false,,7.90,7.9000,true,1,12218
7290001247099,false,נקטר ספרינג מנגו קרטונית 1 ל',"יפאורה תבורי בע""מ",IL,ספרינג מנגו קרטונית,ליטרים,1.00,ליטר,false,,7.90,7.9000,true,1,12221
7290001247112,false,נקטר ספרינג לימונענע קרטונית 1 ל',"יפאורה תבורי בע""מ",IL,ספרינג לימונענע קרטו,ליטרים,1.00,ליטר,false,,7.90,7.9000,true,1,12223
7290001247129,false,נקטר ספרינג תפוזים קרטונית 1 ל',"יפאורה תבורי בע""מ",IL,ספרינג תפוז קרטונית,ליטרים,1.00,ליטר,false,,7.90,7.9000,true,1,12224
7290001247143,false,נקטר ספרינג תפוחים קרטונית 1 ל',"יפאורה תבורי בע""מ",IL,ספרינג תפוח קרטונית,ליטרים,1.00,ליטר,false,,7.90,7.9000,true,1,12226
7290001274576,false,גלידל גלידה משפחתית,פלדמן,IL,גלידל בטעם תות וניל,גרמים,450.00,100 גרם,false,,23.90,5.3111,true,1,302135
7290001305058,false,"פלמוליב - נטורלס תחליב רחצה חלב ודבש 500 מ""ל",הנסיך- מפעל לייצור ט,TR,סבון נוזלי חלב ודבש,מיליליטרים,500.00,"100 מ""ל",false,,17.90,3.5800,true,1,23427
7290001305188,false,פלמוליב כלים שקוף לימון 750 בקבוק חדש,יבואן ומשווק: ש. שסט,GR,פלמוליב לכלים פריחת,מיליליטרים,750.00,"100 מ""ל",false,,12.90,1.7200,true,1,23428
7290001327791,false,שטראוס קרמיסימו עוגיות 1.33 ליטר,"גלידת שטראוס בע""מ, ר",IL,קרמיסימו עוגיות 1.33,ליטרים,1.33,ליטר,false,,22.90,17.2180,true,1,4784
7290001407127,false,בארכה פרוסות חלווה וניל 400גר,,,פרוסות חלבה וניל באר,גרמים,400.00,100 גרם,false,,19.90,4.9750,true,1,21302
7290001407936,false,בארכה-טחינה גולמית מעודנת בקבוק לחיץ 310 ג',רושדי תעשיות מזון בע,IL,בארכה טחינה מעודנת 3,גרמים,310.00,100 גרם,false,,14.90,4.8065,true,1,21314
7290001419618,false,וופל בלגי עלמה שחור לבן וניל 200ג',גילרו,,וופל עלמה בלגי שוקו,גרמים,200.00,100 גרם,false,,4.90,2.4500,true,1,70382
7290001419779,false,וופל שוקו' עלמה קלאסי 200 גר,"גילרו בע""מ",,וופל עלמה קלאסי 200,גרמים,200.00,100 גרם,false,,4.90,2.4500,true,1,70383
7290001459928,false,גזר גמדי בלדי 800 גר',,,גזר גמדי בלדי 800 גר,גרמים,800.00,100 גרם,false,,12.90,1.6125,true,1,476248
7290001482094,false,גבינה פרמז'נו משולשים ויליפוד 200ג',זנטי אס. אי לאלין,IT,וילי פוד פרמזן משולש,גרמים,200.00,100 גרם,false,,27.90,13.9500,true,1,3556
7290001482186,false,לפתן אננס חתוך ויליפ,הנסיך- מפעל לייצור ט,TH,אננס חתוך ויליפוד 56,גרמים,565.00,100 גרם,false,,6.90,1.2212,true,1,139480
7290001491010,false,תה ירוק יסמין 25 שקיקים 1.5 גרם,קריות זול,IL,תה ירוק עם יסמין T.T,גרמים,37.50,100 גרם,false,,26.90,71.7333,true,1,26070
7290001491096,false,תה ירוק בתוספת לימונית ולואיזה 50 שקיקים ויסוצקי,קריות זול,IL,תה ירוק בתוספת לימונ,גרמים,75.00,100 גרם,false,,49.50,66.0000,true,1,26071
7290001567760,false,פסטרמה של פעם 300 ג' יחיעם,פ.פ.ח. שאביט,IL,פסטרמה של פעם 300 גר,גרמים,300.00,100 גרם,false,,29.90,9.9667,true,1,16480
7290001591703,false,קבב אנגוס עגול 500 גר' חלק רבנות,,,קבב בקר אנגוס עגול ט,גרמים,500.00,100 גרם,false,,24.90,4.9800,true,1,410858
7290001591710,false,המבורגר אנגוס 600 גר' רבנות,,,המבורגר אנגוס טיבון,גרמים,600.00,100 גרם,false,,24.90,4.1500,true,1,410859
7290001591734,false,מרגז נקנקיה בסגנון מרוקאי 500 ג' טיבון ויל,,,נקניקיות מרגז בסגנון,גרמים,500.00,100 גרם,false,,24.90,4.9800,true,1,410861
7290001594155,false,קוקה קולה בקבוק 500מ,החברה המרכזית לייצור,IL,קוקה קולה 500מל,מיליליטרים,500.00,"100 מ""ל",false,,7.90,1.5800,true,1,7128
7290001594179,false,פאנטה אורנג בקבוק 50,החברה המרכזית לייצור,IL,פאנטה אורנג' 500 בקב,מיליליטרים,500.00,"100 מ""ל",false,,7.90,1.5800,true,1,7129
7290001594858,false,"בירה טובורג בקבוק 330X6מ""ל",קרלסברג ישראל,IL,טובורג רד בקבוק פקדו,ליטרים,1.98,ליטר,false,,44.90,22.6768,true,1,7615
7290001594865,false,"קרלסברג בירה בקבוק 6* 330 מ""ל",קרלסברג ישראל,IL,קרלסברג בירה בקבוק 6,ליטרים,1.98,ליטר,false,,44.90,22.6768,true,1,7616
7290001648643,false,מארז קפה טורקי כתר 3,רוני רג'ואן,IL,כתר קפה טורקי 3*100ג,גרמים,300.00,100 גרם,false,,13.90,4.6333,true,1,134995
7290001713150,false,סנט מוריץ מתז אקונומיקה Bleach קצף לימון 1 ליטר,קומפלקס כימיקלים,IL,אקונומיקה קצף ניקוי,ליטרים,1.00,ליטר,false,,14.90,14.9000,true,1,142096
7290001713242,false,עלמה שקיות אשפה 25 יחידות 75*90 עם ידית,אסיר פלסט,TR,"שקיות אשפה 25 י""ח 75",יחידה,0.00,יחידה,false,,13.90,0.0000,true,1,413664
7290001791349,false,אקונומיקה פסגה ריחנית 4ליטר,"סנו מפעלי ברונוס בע""",IL,אקונומיקה ריחנית פסג,ליטרים,4.00,ליטר,false,,12.90,3.2250,true,1,31986
7290001817377,false,צ'יטוס חטיף איקס עיגול פיצה 60 גרם,"שטראוס פריטו ליי בע""",IL,ציטוס איקס עיגול 60ג,גרמים,60.00,100 גרם,false,,3.90,6.5000,true,1,25330
7290001817728,false,צ'יטוס חטיף כאפה קטשופ 55 גרם,"שטראוס פריטו ליי בע""",IL,ציטוס כאפה 55 גרם,גרמים,55.00,100 גרם,false,,3.90,7.0909,true,1,25332
7290001865439,false,פמלי לקשרי 1ליטר וניל טהור +משאבה,אף.סי תבליני בגליל ב,IL,סבון נוזלי וניל + מש,יחידה,0.00,יחידה,false,,11.90,0.0000,true,1,6400
7290001865453,false,פמלי לקשרי 1ליטר לבנדר ארומטי+משאבה,מיוצר עי קונדיטוריית,TR,סבון נוזלי לבנדר+ מש,יחידה,0.00,יחידה,false,,11.90,0.0000,true,1,6401
7290001867600,false,"תפו""א בייבי פרימיום",אראל תוצרת חקלאית בע,IL,"תפו""א בייבי פרימיום",קילוגרמים,1.00,"ק""ג",true,,8.90,8.9000,true,1,302081
7290001873458,false,סטייק בורגר בלאק אנג,מולינו ניקולי s.p.a,IL,סטייק בורגר בלאק אנג,גרמים,320.00,100 גרם,false,,24.90,7.7812,true,1,219192
7290001873489,false,קרפצ'יו בלאק אנגוס 1,טיבון ויל אחזקות בעמ,IL,קרפצ'יו בלאק אנגוס 1,גרמים,120.00,100 גרם,false,,20.90,17.4167,true,1,219194
7290001990148,false,"סוכר גולדן קלאסי צנצנת 1ק""ג סוגת",האי נאם סי או אל.טי.,IL,סוכר גולדן קלאסי בצנ,קילוגרמים,1.00,"ק""ג",false,,14.50,14.5000,true,1,19376
7290001990261,false,"סוגת חומוס 1 ק""ג",Unknown,,"סוגת חומוס 1 ק""ג",קילוגרמים,1.00,"ק""ג",false,,16.90,16.9000,true,1,19377
7290001990278,false,"שעועית לבנה סוגת 1 ק""ג",סוגת,,סוגת שעועית לבנה 1 ק,קילוגרמים,1.00,"ק""ג",false,,20.90,20.9000,true,1,19378
7290001990391,false,"אפונה 1 ק""ג סוגת",,,"אפונה 1 ק""ג",קילוגרמים,1.00,"ק""ג",false,,14.40,14.4000,true,1,19380
7290001990407,false,"עדשים ירוקים 1 ק""ג סוגת",סוגת,,עדשים ירוקים 1 קג,קילוגרמים,1.00,"ק""ג",false,,17.90,17.9000,true,1,19381
7290001990414,false,"עדשים אדומים 1 ק""ג סוגת",,,סוגת עדשים אדומים 1,קילוגרמים,1.00,"ק""ג",false,,17.90,17.9000,true,1,114371
7290002007890,false,כוסות שתייה קרה 100 יח` 200 PP מל`,,IL,כוס שתיה קרה 100 יח,יחידה,0.00,יחידה,false,,12.90,0.0000,true,1,8371
7290002007999,false,"צלחות גדולות ח""פ הנמל 50 יח'",,,צלחות גדול 50יח הנמל,יחידה,0.00,יחידה,false,,16.90,0.0000,true,1,8375
7290002008149,false,מדליק פחם מוצק הנמל אריזת 40יח',מ.א.יצור ויבוא מטליו,IL,מדליק פחם מוצק 40 קו,גרמים,300.00,100 גרם,false,,6.90,2.3000,true,1,8384
7290002008224,false,סוכריות לקישוט צבעונית הנמל 100 ג',ממתקי עלה בעמ,IL,קישוט לעוגה גליד.,גרמים,60.00,100 גרם,false,,6.90,11.5000,true,1,8390
7290002008507,false,נייר אפייה 50 יח' הנמל,הנמל אריזות ושיווק ב,IL,נייר אפיה 50יח,יחידה,0.00,יחידה,false,,9.90,0.0000,true,1,8400
7290002008750,false,אבקת אפיה הנמל מארז 10X10 ג',"מיוצר ע""י:ר.ס. חברה",IL,אבקת אפיה 10*10 גרם,גרמים,100.00,100 גרם,false,,3.90,3.9000,true,1,8406
7290002008989,false,קישקשים קשים לשתיה 225יח הנמל,הנמל אריזות ושיווק ב,CN,קישקשים 225 יח,יחידה,0.00,יחידה,false,,10.90,0.0000,true,1,8414
7290002043065,false,פריכיות אורז חום מלא בציפוי שוקולד מריר בלגי 70 ג',נוהלס,BG,פריכוני אורז בציפוי,גרמים,70.00,100 גרם,false,,10.30,14.7143,true,1,261073
7290002043096,false,פריכיות אורז חום מלא בציפוי שוקולד לבן בלגי 70 ג',נוהלס,BG,פריכוני אורז בציפוי,גרמים,70.00,100 גרם,false,,10.30,14.7143,true,1,261088
7290002043188,false,ציפס אורז חום מלא צי'לי חריף אקסטרא 60 ג',נוהלס,BG,אקסטרא צ'יפס אורז חו,גרמים,60.00,100 גרם,false,,9.40,15.6667,true,1,298971
7290002043232,false,צ'יפס אורז חום מלא טקסס ברביקיו 120 ג',,,חטיף צ'יפס משפחתי בט,גרמים,120.00,100 גרם,false,,13.80,11.5000,true,1,410318
7290002043591,false,צ'יפס אורז חום מלא פפריקה אקסטרה 120 ג',,,חטיף צ'יפס משפחתי בט,גרמים,120.00,100 גרם,false,,13.80,11.5000,true,1,410319
7290002053538,false,נודלס בסגנון תאילנדי 25% תוספת 400 ג',,,נודלס אוריינט 400 גר,גרמים,500.00,100 גרם,false,,14.90,2.9800,true,1,196729
7290002057123,false,זיתים חרוזית ירוק A2 יבנה 540ג',קריות זול,IL,זיתים חרוזית ירוק קב,גרמים,275.00,100 גרם,false,,10.90,3.9636,true,1,30141
7290002057185,false,טבעות זיתים ירוקים 560 ג' יבנה,קריות זול,IL,טבעות זיתים ירוקים ק,גרמים,540.00,100 גרם,false,,9.90,1.8333,true,1,30145
7290002057369,false,מלפפון במלח ‏12‏-‏10‏ 560 ג' יבנה,קבוצת יבנה,IL,מלפפון במלח 10-12 קב,גרמים,560.00,100 גרם,false,,8.90,1.5893,true,1,30151
7290002057376,false,מלפפון במלח ‏17‏-‏13‏ 560 ג' יבנה,קבוצת יבנה,IL,מלפפון במלח 13-17 קב,גרמים,560.00,100 גרם,false,,10.90,1.9464,true,1,30152
7290002057437,false,שיפקונית קבוצת יבנה,קבוצת יבנה,IL,שיפקונית קבוצת יבנה,גרמים,560.00,100 גרם,false,,10.90,1.9464,true,1,277274
7290002057451,false,מלפפון בחומץ ‏9‏-‏7‏ %‏20‏ 560 ג' יבנה,אף.סי תבליני בגליל ב,IL,מלפפון בחומץ 7-9 קבו,גרמים,560.00,100 גרם,false,,7.90,1.4107,true,1,30155
7290002057468,false,מלפפון חומץ ‏12‏-‏10‏ 560 ג' יבנה,קבוצת יבנה,IL,מלפפון בחומץ 10-12 ק,גרמים,560.00,100 גרם,false,,8.90,1.5893,true,1,30156
7290002057604,false,שיפקה פלפל חריף A2 יבנה 600ג',קבוצת יבנה,IL,פלפל חריף שיפקה קבוצ,גרמים,560.00,100 גרם,false,,6.90,1.2321,true,1,30160
7290002065555,false,לחמניה אנג'ל ארוכה שקית 6יח,מאפיית שלמה א. אנג'ל,IL,6 לחמניות רכות אנגל,גרמים,450.00,100 גרם,false,,11.90,2.6444,true,1,69671
7290002065616,false,לחם שיפון גרעינים 750 ג' אנג'ל,מאפיית שלמה א. אנג'ל,IL,שיפון גרעינים אנגל 7,גרמים,750.00,100 גרם,false,,14.90,1.9867,true,1,69672
7290002065623,false,לחם שיפון כפרי 750 ג' אנג'ל,מאפיית שלמה א. אנג'ל,IL,לחם שיפון כפרי אנגל,גרמים,750.00,100 גרם,false,,14.90,1.9867,true,1,69673
7290002077725,false,סלומון נורווגי מצונן דלידג 100ג',וי קינג V King,IL,סלמון מעושן 100 גרם,גרמים,100.00,100 גרם,false,,22.90,22.9000,true,1,18359
7290002107491,false,גבינת עזים למריחה טבעי 5% צוריאל 250 ג',מחלבת משק צוריאל,IL,צוריאל גבינת עזים למ,גרמים,250.00,100 גרם,false,,17.90,7.1600,true,1,7140
7290002107965,false,טבורוג גבינה לאפייה 5% צוריאל 500 ג',מחלבת משק צוריאל,IL,צוריאל טבורוג גבינה,גרמים,500.00,100 גרם,false,,29.90,5.9800,true,1,7144
7290002111085,false,רסק עגבניות 22% 100 גר' פרי מבורך,זנלכל,IL,רוטב עגבניות 22% פרי,גרמים,100.00,100 גרם,false,,2.50,2.5000,true,1,9421
7290002111337,false,רסק עגבניות 22% 260 גר' פרי מבורך,זנלכל,IL,רוטב עגבניות 22% פרי,גרמים,240.00,100 גרם,false,,5.50,2.2917,true,1,114361
7290002111634,false,חומוס פרי מבורך 550 גר A2,זנלכל,IL,חומוס שלם פרי מבורך,גרמים,550.00,100 גרם,false,,9.90,1.8000,true,1,9430
7290002111696,false,עגבניות מרוסקות 800 גר' פרי מבורך,זנלכל,IL,עגבניות מרוסקות פרי,גרמים,800.00,100 גרם,false,,10.90,1.3625,true,1,9433
7290002111764,false,שעועית לבנה אפויה פרי מבורך 600 ג',זנלכל,IL,שעועית לבנה ברוטב עג,גרמים,580.00,100 גרם,false,,9.90,1.7069,true,1,9434
7290002129455,false,פיצה איטלקית XL שלוש,,,פיצה איטלקית 450 ג,גרמים,450.00,100 גרם,false,,22.90,5.0889,true,1,109605
7290002130567,false,דבש טהור מפרחי בר בזכוכית 350 גרם,מכוורת יד מרדכי שטרא,IL,דבש טהור מפרחי בר בצ,גרמים,350.00,100 גרם,false,,22.90,6.5429,true,1,24069
7290002130574,false,דבש טהור מפרחי בר בזכוכית 500 ג' יד מרדכי,מכוורת יד מרדכי שטרא,IL,דבש טהור מפרחי בר בצ,גרמים,500.00,100 גרם,false,,32.10,6.4200,true,1,24070
7290002130581,false,דבש טהור מפרחי בר בצ,קריות זול,IL,דבש טהור מפרחי בר בצ,קילוגרמים,1.00,"ק""ג",false,,50.90,50.9000,true,1,24071
7290002204169,true,אגס נאשי מארז,,,אגס נאשי מארז,גרמים,500.00,100 גרם,false,,14.90,2.9800,true,1,480812
7290002253006,false,דורות שום כתוש טרי 200 גרם,עיצובים 2020 (3.8),IL,דורות שום כתוש טרי 2,גרמים,200.00,100 גרם,false,,18.90,9.4500,true,1,22082
7290002253105,false,מגשית קוביות שום טרי דורות 80 ג',עיצובים 2020 (3.8),IL,דורות מגשית קוביות ש,גרמים,80.00,100 גרם,false,,15.90,19.8750,true,1,22085
7290002253167,false,פטרוזליה קצוצה דורות 70 גר',עיצובים 2020 (3.8),IL,פטרוזליה טרייה קצוצה,גרמים,70.00,100 גרם,false,,12.90,18.4286,true,1,22087
7290002253181,false,כוסברה טריה קצוצה 70 ג' דורות,עיצובים 2020 (3.8),IL,כוסברה טריה קצוצה 70,גרמים,70.00,100 גרם,false,,11.90,17.0000,true,1,22089
7290002253198,false,ג'ינג'ר טרי כתוש במגשית 70 ג' דורות,עיצובים 2020 (3.8),IL,דורות ג'ינג'ר טרי כת,גרמים,70.00,100 גרם,false,,12.30,17.5714,true,1,22090
7290002255215,false,"עלי סיגר מרובע בד""צ",חטיפי אלקיים בעמ,IL,עלים לסיגר 500ג,גרמים,500.00,100 גרם,false,,11.90,2.3800,true,1,67268
7290002259664,false,רדיד אלומיניום דיימונד גדול 60X0.60מ',ריינולדס מוצרי צריכה,US,רדיד אלומניום 30*60.,מטרים,60.90,מטר,false,,59.90,0.9836,true,1,4431
7290002317128,false,מלפפון 560ג במלח 10-12 A2 מטולה,שימורי מוטולה,IL,מלפפון במלח 10-12 מו,גרמים,560.00,100 גרם,false,,12.80,2.2857,true,1,25665
7290002317135,false,מלפפון 560ג במלח 13-17 A2 מטולה,שימורי מוטולה,IL,מלפפון במלח 13-17 מו,גרמים,560.00,100 גרם,false,,12.50,2.2321,true,1,25666
7290002317166,false,מלפפון 560ג בחומץ 10-12 A2 מטולה,,,מלפפון בחומץ 10-12 מ,גרמים,560.00,100 גרם,false,,12.80,2.2857,true,1,25668
7290002317265,false,מלפפון 650ג במלח +20% 7-9 A2 מטולה,שימורי מוטולה,IL,מלפפון במלח 20% 7-9,גרמים,670.00,100 גרם,false,,11.40,1.7015,true,1,25675
7290002317289,false,חצילים כבושים מוטול,שימורי מוטולה,IL,חצילים מוטולה 560 גר,גרמים,560.00,100 גרם,false,,10.90,1.9464,true,1,25676
7290002317579,false,זיתים טבעות ירוק 560ג A2 מטולה,שימורי מוטולה,IL,טבעות זיתים ירוקים מ,גרמים,560.00,100 גרם,false,,12.50,2.2321,true,1,25697
7290002317661,false,זיתים מנזלינו גדול מ,שימורי מוטולה,IL,זיתים מנזלינו גדול מ,גרמים,560.00,100 גרם,false,,12.50,2.2321,true,1,25703
7290002319016,false,אבקת אפיה מיה מארז 10X10 ג',מיה תעשיות מזון בעמ,IL,אבקת אפיה 10 יח' מיה,גרמים,100.00,100 גרם,false,,2.90,2.9000,true,1,52590
7290002319061,false,קוקוס טחון מיה 100 ג,מיה,IL,.קוקוס טחון 100 גר.,גרמים,100.00,100 גרם,false,,4.50,4.5000,true,1,52594
7290002319092,false,קמח תפוחי אדמה מיה 500 גר',מיה תעשיות מזון,IL,קמח תפוחי אדמה מיה 5,גרמים,500.00,100 גרם,false,,5.90,1.1800,true,1,15670
7290002319115,false,חומוס גדול יבש מיה 500 גר',מיה,IL,חומוס גדול מיה 500 ג,גרמים,500.00,100 גרם,false,,8.90,1.7800,true,1,52597
7290002319122,false,גריסים יבשים מיה 500 גר',מיה,IL,גריסים מיה 500 גרם,גרמים,500.00,100 גרם,false,,5.90,1.1800,true,1,15671
7290002319146,false,שעועית אדומה יבשה 500 ג',מיה תעשיות מזון בעמ,IL,שעועית אדומה מיה 500,גרמים,500.00,100 גרם,false,,11.90,2.3800,true,1,52599
7290002319160,false,אפונה ירוקה יבשה מיה 500 ג',מיה,IL,אפונה יבשה מיה 500 ג,גרמים,500.00,100 גרם,false,,5.90,1.1800,true,1,52600
7290002319191,false,עדשים ירוקים יבשים מיה 500 גר',מיה,IL,עדשים ירוקים מיה 500,גרמים,500.00,100 גרם,false,,7.90,1.5800,true,1,52603
7290002319221,false,חיטה מיה 500 גרם,מיה,IL,חיטה מיה 500 גרם,גרמים,500.00,100 גרם,false,,6.50,1.3000,true,1,52606
7290002319375,false,"קורנפלור 200 ג' בד""ץ מיה",מיה תעשיות מזון,IL,קורנפלור 250 גר בד`ץ,גרמים,200.00,100 גרם,false,,3.90,1.9500,true,1,15672
7290002319689,false,סודה לשתייה בקופסא 150 גר' מיה,מיה תעשיות מזון בעמ,IL,סודה לשתיה 150 ג,גרמים,150.00,100 גרם,false,,6.50,4.3333,true,1,52627
7290002319771,false,"תמצית אפיה וניל 50מ""ל מיה",מיה תעשיות מזון בעמ,IL,תמצית אפיה וניל,מיליליטרים,50.00,"100 מ""ל",false,,2.90,5.8000,true,1,52632
7290002319825,false,אבקת סוכר מיה 100גרם,מיה תעשיות מזון,IL,.אבקת סוכר 100 גר. ב,גרמים,100.00,100 גרם,false,,2.90,2.9000,true,1,52634
7290002327059,false,"בצק עלים 1 ק""ג שלושת האופים קהילות",שלושת האופים,IL,בצק עלים 1 ק`ג,קילוגרמים,1.00,"ק""ג",false,,22.90,22.9000,true,1,18388
7290002331094,false,"נביעות+ מים טעם ענבים 755מ""ל",נביעות טבע הגליל בעמ,IL,755מל מים מינרלים TO,מיליליטרים,755.00,"100 מ""ל",false,,5.90,0.7815,true,1,7148
7290002331360,false,"נביעות מים מינרליים טו גו מארז 500X6מ""ל",קריות זול,IL,נביעות TO GO שישייה,ליטרים,3.00,ליטר,false,,19.90,6.6333,true,1,7633
7290002331421,false,"מים אישי נביעות מארז שישייה* 755 מ""ל",קריות זול,IL,נביעות 6*755מל,ליטרים,4.53,ליטר,false,,20.90,4.6137,true,1,7152
7290002331711,false,נביעות פלוס בטעם ענבים 500מל,נביעות טבע הגליל בעמ,IL,נביעות מים מינרלים ב,מיליליטרים,500.00,"100 מ""ל",false,,7.50,1.5000,true,1,7648
7290002345022,false,אנטריקוט דק דק אל גאצ'ו 250ג' מינוט,"טיבון ויל אחזקות בע""",IL,אנטריקוט דקדק 250 ג,גרמים,250.00,100 גרם,false,,15.90,6.3600,true,1,109441
7290002348061,false,פטריות שמפניון חתוכות 385 ג' וליגיר,גריניארד פריפרד,NL,פטריות חתוכות שמפניו,גרמים,400.00,100 גרם,false,,5.90,1.4750,true,1,18398
7290002348238,false,אננס חתוך 820 ג' ויליגר,טיפקו,TH,לפתן אננס חתוך ויליג,גרמים,830.00,100 גרם,false,,7.90,0.9518,true,1,223722
7290002353836,false,סרדין רוברט בשמן זית 120 ג',קונסרבס פורטוגל נורט,PT,סרדינים רוברט בשמן ז,גרמים,120.00,100 גרם,false,,10.90,9.0833,true,1,18407
7290002360285,false,תה פומפדור חליטת צמחים קמומיל 20 שק,TEEKANNE- POMPADOU,DE,פומפדור חליטת קמומיל,גרמים,30.00,100 גרם,false,,17.90,59.6667,true,1,23434
7290002371533,false,דקניקים סלסולי פסטרמה בדבש 120 ג' טירת צבי,הנסיך- מפעל לייצור ט,IL,טירת צבי סלסולי פסטר,גרמים,120.00,100 גרם,false,,16.90,14.0833,true,1,26734
7290002371540,false,דקניקים קורנדביף 120 ג' טירת צבי,הנסיך- מפעל לייצור ט,IL,טירת צבי קורנדביף דק,גרמים,120.00,100 גרם,false,,16.90,14.0833,true,1,26735
7290002371939,false,טירת צבי סרוולד צרפת,הנסיך- מפעל לייצור ט,IL,טירת צבי סרוולד צרפת,גרמים,120.00,100 גרם,false,,31.90,26.5833,true,1,26738
7290002374268,false,שמן חמניות מילומור 1 ליטר,שמן תעשיות,IL,שמן חמניות מילומור 1,ליטרים,1.00,ליטר,false,,13.90,13.9000,true,1,31531
7290002374312,false,שמן קנולה מילומור 1 ליטר,"נארז ע""י : א.ג. גילר",IL,שמן קנולה מילומור 1,ליטרים,1.00,ליטר,false,,12.90,12.9000,true,1,31532
7290002374640,false,שמן קנולה פלוס אומגה 3 1ל' עץ הזית,שמן תעשיות,IL,שמן קנולה פלוס אומגה,ליטרים,1.00,ליטר,false,,19.40,19.4000,true,1,31534
7290002502296,false,בונז'ור לחמניה קלועה קנוי 100 ג',Unknown,,בונז'ור לחמניוה קלוע,יח',1.00,יח',false,,4.90,4.9000,true,1,119538
7290002512011,false,צנעני גחנון 900 גרם,צנעני,IL,צנעני גחנון 900 גרם,גרמים,900.00,100 גרם,false,,21.90,2.4333,true,1,66387
7290002515371,false,קמיל בלו אל סבון מעושר בלחות 1 ל',,,קמיל בלו משפחתי 1 לי,ליטרים,1.00,ליטר,false,,27.90,27.9000,true,1,31285
7290002517269,false,תבלין פלפל שחור שלם 35ג',תות ממתקי איכות,IL,תבלין פלפל שחור שלם,גרמים,35.00,100 גרם,false,,10.90,31.1429,true,1,49605
7290002542773,false,"בירה סטלה ארטואה בקבוק 330 מ""ל",סטלה,BE,סטלה ארטואה בק' 330,מיליליטרים,330.00,"100 מ""ל",false,,7.90,2.3939,true,1,319035
7290002542780,false,"שישיית בירה סטלה ארטואה 330 מ""ל*6",סטלה ארטואה Stella Artois,BE,סטלה ארטואה בקבוק 6*,ליטרים,1.98,ליטר,false,,40.90,20.6566,true,1,319019
7290002543237,false,קלוגס קורנפלקס 750גר,קלוגס קומפני אוף גרי,DE,קורנפלקס קלוגס 750 ג,גרמים,750.00,100 גרם,false,,17.90,2.3867,true,1,67023
7290002577508,false,פילה דג הרינג מלוח בשמן ובצל דלידג 240 ג',מיוצר על ידי קוד יצר,IL,פילה הרינג בשמן ובצל,גרמים,240.00,100 גרם,false,,27.90,11.6250,true,1,377277
7290002603481,false,פיצת השף מאיטליה CHEF שגב פסטו ועגבניות 200 גרם,האי נאם סי או אל.טי.,IT,פיצת השף מאיטליה CHE,גרמים,200.00,100 גרם,false,,18.90,9.4500,true,1,134514
7290002603498,false,פיצת השף שגב אנטיפסט,האי נאם סי או אל.טי.,IT,פיצת השף מאיטליה CHE,גרמים,220.00,100 גרם,false,,18.90,8.5909,true,1,134515
7290002603504,false,פיצת השף מאיטליה CHEF שגב עגבניות ובצל סגול 200 גרם,סוילה אס.אר.אל,IT,פיצת השף מאיטליה CHE,גרמים,200.00,100 גרם,false,,18.90,9.4500,true,1,134516
7290002608509,false,לחם מחמצת זיתי קלמנט,,,לחם מחמצת זיתי קלמנט,גרמים,530.00,100 גרם,false,,18.90,3.5660,true,1,216403
7290002627210,false,"גפילטעפיש קציצות מדגי קרפיון וכסיף 560 גר' בעל""ז",האי נאם סי או אל.טי.,IL,גפילטע פיש בצנצנת דל,גרמים,560.00,100 גרם,false,,14.90,2.6607,true,1,209643
7290002628088,false,טחון הודו בלדי קפוא,,,טחון הודו קפוא 500 ג,גרמים,500.00,100 גרם,false,,12.90,2.5800,true,1,377429
7290002628293,false,טחון עוף בלדי קפוא 5,,,טחון עוף קפוא 500 גר,גרמים,500.00,100 גרם,false,,12.90,2.5800,true,1,94239
7290002651116,false,"גחנון חמסי 1 ק""ג",מעדני הטלה,,"גחנון חמסי 1 ק""ג",קילוגרמים,1.00,"ק""ג",false,,19.90,19.9000,true,1,67685
7290002651123,false,חמסי מלווח 1 קילו,חמסי,,"מלווח חמסי 1 ק""ג",קילוגרמים,1.00,"ק""ג",false,,19.90,19.9000,true,1,67686
7290002651253,false,ג'חנון אפוי חמסי 60,מעדני הטלה,,ג'חנון אפוי חמסי 60,גרמים,600.00,100 גרם,false,,19.90,3.3167,true,1,67687
7290002692393,false,שמן קנולה מועשר עץ ה,שמן תעשיות,IL,שמן קנולה מועשר עץ ה,ליטרים,1.00,ליטר,false,,18.40,18.4000,true,1,31537
7290002692478,false,"שמן זית כתית מעולה קלאסי מעודן 750 מ""ל עץ הזית","מרקאולאו, ספרד.אבסה,",IT,שמן זית כתית מעולה מ,מיליליטרים,750.00,"100 מ""ל",false,,37.90,5.0533,true,1,31539
7290002692768,false,"תרסיס קנולה מופחת קלוריות 200 מ""ל עץ הזית",טרנסומס פוד איי בי,IT,תרסיס שמן קנולה עץ ה,מיליליטרים,200.00,"100 מ""ל",false,,20.90,10.4500,true,1,31546
7290002692782,false,"תרסיס מופחת קלוריות זית 200 מ""ל עץ הזית",י.ב טכנולוגיות אריזה,IL,תרסיס שמן זית עץ הזי,מיליליטרים,200.00,"100 מ""ל",false,,20.90,10.4500,true,1,31548
7290002703068,false,צנצנת דבש עין חרוד 1,עין חרוד,IL,צנצנת דבש עין חרוד 1,קילוגרמים,1.00,"ק""ג",false,,47.90,47.9000,true,1,39242
7290002703310,false,צנצנת דבש עין חרוד 5,,,צנצנת דבש עין חרוד 5,גרמים,500.00,100 גרם,false,,24.90,4.9800,true,1,39248
7290002703426,false,דבש לחיץ מכוורת 250,,,דבש לחיץ מכוורת 250,גרמים,250.00,100 גרם,false,,14.90,5.9600,true,1,39251
7290002703617,false,סילאן 100% טבעי לחיץ,,,סילאן 100% טבעי לחיץ,גרמים,385.00,100 גרם,false,,14.90,3.8701,true,1,136936
7290002703662,false,סילאן 100% טבעי צנצנ,,,סילאן 100% טבעי צנצנ,גרמים,900.00,100 גרם,false,,21.90,2.4333,true,1,39252
7290002730262,false,פלמוליב כלים שקוף קלאסי 750 בקבוק חדש,יבואן ומשווק: ש. שסט,GR,פלמוליב לכלים קלאסי,מיליליטרים,750.00,"100 מ""ל",false,,12.90,1.7200,true,1,23438
7290002730811,false,"קולגייט משחת שיניים ג'ל משפחתי 100מ""ל",הנסיך- מפעל לייצור ט,PL,משחת שיניים גל משפחת,מיליליטרים,100.00,"100 מ""ל",false,,14.80,14.8000,true,1,23445
7290002730941,false,בלונס צמר גפן פרוס 100גר',הנסיך- מפעל לייצור ט,GR,צמר גפן פרוס בלונס 1,גרמים,100.00,100 גרם,false,,7.90,7.9000,true,1,23449
7290002730958,false,פלמוליב סבון מוצק? ירוק זית רביעייה * 100 ג',הנסיך- מפעל לייצור ט,TR,סבון מוצק ירוק זית פ,גרמים,400.00,100 גרם,false,,17.90,4.4750,true,1,23450
7290002735007,false,"בצק עלים 1 ק""ג ינון",,,"בצק עלים 1 ק""ג",קילוגרמים,1.00,"ק""ג",false,,14.90,14.9000,true,1,119024
7290002735014,false,מלוואח ארוז ינון 800 גר',ג'נרל מילס סאן אדריא,IL,ינון מלווח ארוז 800,גרמים,800.00,100 גרם,false,,14.90,1.8625,true,1,119025
7290002735021,false,ינון גחנון ארוז 750גר,ג'נרל מילס סאן אדריא,IL,ינון גחנון ארוז 750,גרמים,750.00,100 גרם,false,,14.90,1.9867,true,1,119026
7290002735274,false,ינון גחנון אפוי 600 גר,ג'נרל מילס סאן אדריא,IL,ינון גחנון אפוי 600,גרמים,600.00,100 גרם,false,,16.90,2.8167,true,1,119031
7290002750338,false,לחם רוסטיק עגבניות מ,,,לחם עגבניות מיובשות,גרמים,530.00,100 גרם,false,,17.90,3.3774,true,1,216408
7290002752332,false,"סוכריות מנטוס פירות בגליל, 37.5 גרם",הדקלאים אגודת שיתופי,NL,מנטוס .סוכריות פירות,גרמים,37.50,100 גרם,false,,4.50,12.0000,true,1,13913
7290002757139,false,מלוואח 700 גר' שלושת האופים קהילות,שלושת האופים,IL,שלושת האופים מלוואח,גרמים,700.00,100 גרם,false,,15.90,2.2714,true,1,18448
7290002757146,false,"קובה חמוסטה למרק שלושת האופים 1ק""ג",שלושת האופים,IL,שלושת האופים קובה חמ,קילוגרמים,1.00,"ק""ג",false,,17.90,17.9000,true,1,118608
7290002757511,false,דלידג קציצות דג לבישול 750 גר קהילות,האי נאם סי או אל.טי.,IL,דלידג קציצות דג לביש,גרמים,750.00,100 גרם,false,,35.90,4.7867,true,1,18451
7290002757665,false,קבב מזרחי טיבון ויל 400 ג',טיבון ויל,,קבב מזרחי 400 גרם,גרמים,400.00,100 גרם,false,,14.90,3.7250,true,1,18455
7290002757672,false,המבורגר מזרחי טיבון ויל 400ג',טיבון ויל,,המבורגר 400גרם נטו,גרמים,400.00,100 גרם,false,,14.90,3.7250,true,1,18456
7290002768159,false,"בת אורן סבון קצף לאמבט 500 מ""ל",פארק תעשיות עמק חפרמ,IL,קצף אמבט בת אורן 500,מיליליטרים,500.00,"100 מ""ל",false,,17.90,3.5800,true,1,32009
7290002814603,false,"סנט מוריץ - מרסס מסיר שומנים קר מבושם לימון 750 מ""ל",אלמוג דיל בעמ,IL,מסיר שומנים קר מבושם,מיליליטרים,750.00,"100 מ""ל",false,,15.90,2.1200,true,1,135957
7290002824183,false,גבינה לבנה 5% שומן 500 ג' שטראוס,מיוצר עי קונדיטוריית,IL,גבינה לבנה 5% סקי 50,גרמים,500.00,100 גרם,false,,9.50,1.9000,true,1,24767
7290002824466,false,דנונה יוגורט ביו 0% 200מל,"שטראוס בריאות בע""מ",IL,דנונה יוגורט ביו 0%,מיליליטרים,200.00,"100 מ""ל",false,,4.10,2.0500,true,1,24768
7290002824640,false,גבינה שטראוס 5% 250 ג',מיוצר עי קונדיטוריית,IL,גבינה 5% סקי 250 גרם,גרמים,250.00,100 גרם,false,,4.98,1.9920,true,1,24769
7290002825722,false,סלט כרוב אדום אחלה 5,מיוצר עי קונדיטוריית,IL,אחלה כרוב אדום 500ג,גרמים,500.00,100 גרם,false,,18.40,3.6800,true,1,24771
7290002868996,false,קוטג' 5% מועשר טרה 250ג' מהדרין,קריות זול,IL,טרה קוטג מועשר 5% 25,גרמים,250.00,100 גרם,false,,5.90,2.3600,true,1,7158
7290002871248,false,"בירה טובורג רד חוזר 500 מ""ל",מבשלות בירה בינלאומי,IL,בירה טובורג רד בקבוק,מיליליטרים,500.00,"100 מ""ל",false,,10.90,2.1800,true,1,7656
7290002871361,false,"קרלסברג בירה בק.חוזר 500 מ""ל",מבשלות בירה בינלאומי,IL,קרלסברג בירה בק.חוזר,מיליליטרים,500.00,"100 מ""ל",false,,10.90,2.1800,true,1,7657
7290002881216,false,רסק תפוחי עץ בצנצנת 700 ג' תומר,Geurts conservenfabr,,"רסק תפו""ע דיאט תפוחי",גרמים,700.00,100 גרם,false,,12.90,1.8429,true,1,26325
7290002881247,false,אננס שלם פרוסות תומר,סאן רייז,,אננס שלם פרוסות תומר,גרמים,850.00,100 גרם,false,,11.90,1.4000,true,1,26327
7290002881254,false,קוקטייל פירות טרופי תומר 820 ג',סאן רייז,,קוקטייל טרופי תומר 8,גרמים,850.00,100 גרם,false,,10.90,1.2824,true,1,26328
7290002881612,false,לפתן דובדבנים חמוצים,Fructo sliven jsc,,לפתן דובדבנים חמוצים,גרמים,700.00,100 גרם,false,,9.90,1.4143,true,1,26348
7290002900566,false,פסטרמה ברביקיו דל שומן טירת צבי 360 ג',הנסיך- מפעל לייצור ט,IL,פסטרמה ברביקיו דל שו,גרמים,360.00,100 גרם,false,,35.90,9.9722,true,1,26739
7290002971993,false,"קמח כוסמין מלא שטיבל 1 ק""ג",,,קמח כוסמין מלא ללא צ,קילוגרמים,1.00,"ק""ג",false,,15.90,15.9000,true,1,84403
7290002972365,false,קמח תופח שטיבל ללא נ,מיוצר עי קונדיטוריית,IL,קמח תופח ללא צורך בנ,קילוגרמים,1.00,"ק""ג",false,,9.90,9.9000,true,1,10045
7290002973669,false,קמח לחם ללא צורך בני,,,קמח לחם ללא צורך בני,קילוגרמים,1.00,"ק""ג",false,,9.90,9.9000,true,1,263621
7290002973676,false,קמח לחלה ללא צורך בנ,,,קמח לחלה ללא צורך בנ,קילוגרמים,1.00,"ק""ג",false,,9.90,9.9000,true,1,263622
7290002986652,false,פתי בר שוקו 470 ג' גטניו,"אחים גטניו בע""מ",,גטניו - פתיבר שוקו 4,גרמים,470.00,100 גרם,false,,9.90,2.1064,true,1,133986
7290002987963,false,"סלט חומוס אחלה 1 ק""ג",מיוצר עי קונדיטוריית,IL,אחלה חומוס 1קג,קילוגרמים,1.00,"ק""ג",false,,15.90,15.9000,true,1,24772
7290003009312,false,בוטן קלוי קלית גת 200 ג',הדקלאים אגודת שיתופי,IL,בוטן קלוי 200 גרם,גרמים,200.00,100 גרם,false,,8.90,4.4500,true,1,13918
7290003009329,false,בוטן אמריקאי קלית גת 200 ג',הדקלאים אגודת שיתופי,IL,בוטן אמריקאי מצופה 2,גרמים,200.00,100 גרם,false,,6.90,3.4500,true,1,13919
7290003009336,false,קבוקים מצופים קליית,הדקלאים אגודת שיתופי,IL,קבוקים מצופים 200 גר,גרמים,200.00,100 גרם,false,,6.90,3.4500,true,1,13920
7290003011087,false,"אורז בסמטי 1 ק""ג אלפנט",,IN,אלסקה אורז בסמטי אלפ,קילוגרמים,1.00,"ק""ג",false,,10.90,10.9000,true,1,5272
7290003026197,false,"ד""ר פישר - קמיל בלו שמן טיפולי 500 מ""ל","ד""ר פישר Dr fischer",IL,קמיל בלו שמן טיפולי,מיליליטרים,500.00,"100 מ""ל",false,,32.90,6.5800,true,1,31288
7290003029181,false,משקה יטבתה שוקו' בקבוק 1ל מהדרין,מחלבת יטבתה,IL,יטבתה שוקו בקבוק 1ל,ליטרים,1.00,ליטר,false,,12.50,12.5000,true,1,24776
7290003029372,false,משקה חלב בננה בקבוק 1ל' יוטבתה,מחלבת יטבתה,IL,יטבתה משקה חלב בננה,ליטרים,1.00,ליטר,false,,12.50,12.5000,true,1,24779
7290003029433,false,"משקה יטבתה שוקו פקק 250 מ""ל מהדרין",מחלבת יטבתה,IL,יטבתה שוקו +פקק 250,מיליליטרים,250.00,"100 מ""ל",false,,5.90,2.3600,true,1,24781
7290003029532,false,מוקה בקבוק 1 ל' יוטבתה,מחלבת יטבתה,IL,יטבתה מוקה 1ל,ליטרים,1.00,ליטר,false,,12.50,12.5000,true,1,24783
7290003029792,false,"משקה יטבתה שוקו שקיות מהדרין מארז 225X8מ""ל",שטראוס גרופ,IL,יטבתה מהדרין שוקו שק,ליטרים,1.80,ליטר,false,,22.90,12.7222,true,1,24785
7290003029815,false,חלב יוטבתה מועשר 3% בכד 2ל',מחלבת יטבתה,IL,חלב מועשר בכד2 ליטר,ליטרים,2.00,ליטר,false,,16.90,8.4500,true,1,24786
7290003054190,false,מסטמכר לחם שיפון עם שלושה דגנים 500ג,מרום את קונפינו,DE,לחם שיפון 3 דגנים מס,גרמים,500.00,100 גרם,false,,15.90,3.1800,true,1,117824
7290003054657,false,חרדל דיזון אקסטרה פורטה 370 גרם,מרום את קונפינו,FR,חרדל דיג'ון אקסטרא פ,גרמים,370.00,100 גרם,false,,13.90,3.7568,true,1,29206
7290003072804,false,פסטרמה של פעם טירת צבי 200 ג',טירת צבי,,טירת צבי פסטרמה של פ,גרמים,200.00,100 גרם,false,,22.90,11.4500,true,1,166939
7290003072811,false,נקניקיות בראטוורסט מבשר בקר והודו,טירת צבי,,טירת צבי נקניקיות בר,גרמים,320.00,100 גרם,false,,22.90,7.1562,true,1,166940
7290003072835,false,נקניקיות קנאקוורסט 3,טירת צבי,,טירת צבי נקניקיות קנ,גרמים,320.00,100 גרם,false,,22.90,7.1562,true,1,166942
7290003072859,false,רוסטביף טירת צבי 120 ג',הנסיך- מפעל לייצור ט,IL,רוסטביף טירת צבי 120,גרמים,120.00,100 גרם,false,,23.90,19.9167,true,1,218565
7290003107216,false,קמח 1 קג שימורי איכ,טחנות קמח דגן 2006,IL,"קמח לבן דגן 1 ק""ג",קילוגרמים,1.00,"ק""ג",false,,6.90,6.9000,true,1,10050
7290003107223,false,טחנת קמח דגן סולת 1קג,טחנות קמח דגן 2006,IL,"סולת חיטה דגן 1 ק""ג",קילוגרמים,1.00,"ק""ג",false,,6.90,6.9000,true,1,10051
7290003107315,false,"סולת דגן 1 ק""ג",,,"סולת דגן 1 ק""ג",קילוגרמים,1.00,"ק""ג",false,,4.90,4.9000,true,1,10054
7290003107346,false,טחנת קמח דגן קמח 1 קג,,,קמח חיטה לבן דגן 1 ק,קילוגרמים,1.00,"ק""ג",false,,4.90,4.9000,true,1,10056
7290003126712,false,יוגורט עיזים בגביע 3% צוריאל 150 ג',מחלבת משק צוריאל,IL,צוריאל יוגורט עיזים,מיליליטרים,150.00,"100 מ""ל",false,,7.30,4.8667,true,1,7181
7290003126958,false,טופו גבינה גוש בואקום צוריאל 300 ג',א.י.ן תעשיות מזון בע,IL,צוריאל גבינה גוש טופ,גרמים,300.00,100 גרם,false,,14.90,4.9667,true,1,7182
7290003141159,false,מרשמלו יוגטה 180 גרם,סאדאט,IL,יוגטה מרשמלו 180 גר',גרמים,180.00,100 גרם,false,,8.90,4.9444,true,1,13924
7290003142422,false,קליית גת גרעינים שחורים ללא מלח 180ג,ג'י אנד ג'י,IL,גרעיני חמניה ללא מלח,גרמים,180.00,100 גרם,false,,6.90,3.8333,true,1,13930
7290003143146,false,ממרח תמרים קליית גת 450 ג',הדקלאים אגודת שיתופי,IL,ממרח תמרים 450 גרם,גרמים,450.00,100 גרם,false,,6.90,1.5333,true,1,13942
7290003143276,false,יוגטה מרשמלו מגולגל 180גר,מוטקה החולב,TR,יוגטה מרשמלו מגולגל,גרמים,180.00,100 גרם,false,,8.90,4.9444,true,1,13949
7290003143351,false,תערובת עוגת וניל 500,,,תערובת עוגת וניל 500,גרמים,500.00,100 גרם,false,,16.90,3.3800,true,1,13952
7290003145751,false,קשיו קלוי קלית גת 200 ג',הדקלאים אגודת שיתופי,IL,קשיו קלוי 200 גרם,גרמים,200.00,100 גרם,false,,21.90,10.9500,true,1,14001
7290003145782,false,צנוברים קלופים 100 ג,הדקלאים אגודת שיתופי,IL,צנובר טבעי 100 גרם,גרמים,100.00,100 גרם,false,,27.90,27.9000,true,1,14003
7290003163939,false,"נקניקיות גריל 1.5 ק""",יושלם,,"נקניקיות גריל 1.5 ק""",קילוגרמים,1.50,"ק""ג",false,,29.90,19.9333,true,1,12865
7290003220588,false,"רוטה צ'ילי מתוק ללא סוכר 700 מ""ל WOK",תאי פרידה אינדסטרי ב,,ווק רוטב צ'ילי מתוק,מיליליטרים,700.00,"100 מ""ל",false,,19.90,2.8429,true,1,377396
7290003220595,false,אורז לסושי WOK שקית,"מיה תעשיות מזון בע""מ",IL,אורז לסושי 1 ק'ג WOK,קילוגרמים,1.00,"ק""ג",false,,14.90,14.9000,true,1,377397
7290003220717,false,אצות נורי סילבר 10 ג' WOK,JAEWON GLOBAL NET,,אצות נורי סילוור 10,גרמים,22.00,100 גרם,false,,13.90,63.1818,true,1,377402
7290003220755,false,ווק רוטב סויה כהה 64,ליאנג סאנג האנד הואד,,ווק רוטב סויה כהה 64,מיליליטרים,640.00,"100 מ""ל",false,,15.90,2.4844,true,1,377405
7290003220977,false,עוגיות חצי ירח מצופה 175 נאפה מעדני מלך,אפיפית,,מעדני מלך ירח חצי מצ,גרמים,175.00,100 גרם,false,,7.90,4.5143,true,1,300181
7290003229109,false,פסטרמה בפפריקה טירת צבי 400 ג',הנסיך- מפעל לייצור ט,IL,א.מ .פסטרמה בפפריקה,גרמים,400.00,100 גרם,false,,31.90,7.9750,true,1,26748
7290003229116,false,פסטרמה בדבש טירת צבי 400 ג',הנסיך- מפעל לייצור ט,IL,א.מ פסטרמה בדבש 400,גרמים,400.00,100 גרם,false,,31.90,7.9750,true,1,26749
7290003229123,false,פסטרמה על גחלים טירת צבי 400 ג',הנסיך- מפעל לייצור ט,IL,א.מ. פסטרמה על גחלים,גרמים,400.00,100 גרם,false,,31.90,7.9750,true,1,26750
7290003229154,false,סלמי קוניאק מובחר טירת צבי 300 ג',הנסיך- מפעל לייצור ט,IL,א.מ. סלמי קוניאק מוב,גרמים,300.00,100 גרם,false,,29.90,9.9667,true,1,26752
7290003229192,false,כתף בקר מעושן טירת צבי 400 ג' צבי,טיב טירת צבי 2000,IL,א.מ. כתף בקר מעושן 4,גרמים,400.00,100 גרם,false,,34.90,8.7250,true,1,26754
7290003251308,false,"אציטון משובח 100 מ""",שוורץ,,"אציטון משובח 100 מ""",מיליליטרים,100.00,"100 מ""ל",false,,4.90,4.9000,true,1,23226
7290003318100,false,וופל בטעם שוקולד מנעמים 200 ג',מנעמים תעשיות מזון,IL,ופל שוקו מנעמים 200,גרמים,200.00,100 גרם,false,,4.90,2.4500,true,1,26074
7290003318131,false,ופל קלאסיק אגוז 200 גרם מנעמים,מנעמים תעשיות מזון,IL,ופל אגוז מנעמים 200,גרמים,200.00,100 גרם,false,,4.90,2.4500,true,1,119864
7290003318155,false,וופל טעם לימון מנעמים 200 ג',מנעמים תעשיות מזון,IL,ופל לימון מנעמים 200,גרמים,250.00,100 גרם,false,,4.90,1.9600,true,1,26076
7290003318599,false,וופל וניל 200 גרם מנעמים,מנעמים תעשיות מזון,IL,ופל וניל מנעמים 200,גרמים,200.00,100 גרם,false,,4.90,2.4500,true,1,119866
7290003321292,false,גבינה לבנה 9% שומן 250 ג' שטראוס,מיוצר עי קונדיטוריית,IL,גבינה 9% סקי 250 גרם,גרמים,250.00,100 גרם,false,,5.10,2.0400,true,1,24790
7290003332014,false,קפה נחלה אדום עם הל,קפה נחלה,IL,קפה נחלה סובחי 500 ג,גרמים,500.00,100 גרם,false,,30.90,6.1800,true,1,37085
7290003387410,false,בלונס פדים להסרת איפור שלישיה,SEPTONA S.A.,GR,מגבונים להסרת איפור,יחידה,0.00,יחידה,false,,23.90,0.0000,true,1,23453
7290003401369,false,"קרם לחות ועיצוב לשיער חוחובה נטורל 400 מ""ל",מיוצר עי אמיליה קוסמ,IL,קרם לחות ועיצוב לשיע,מיליליטרים,400.00,"100 מ""ל",false,,22.90,5.7250,true,1,32025
7290003411238,false,שמרים יבשים נמסים הנ,ברוגמאן גנט,BE,ברוגמן שמרים יבשים נ,גרמים,500.00,100 גרם,false,,15.90,3.1800,true,1,8441
7290003411696,false,"מרקיות לבן ח""פ הנמל 25 יח'",,IL,מרקיות חד פעמי 25 יח,יחידה,0.00,יחידה,false,,10.90,0.0000,true,1,8453
7290003411993,false,גפרורים הנמל 10 יחיד,"איטיליאן פוד, אס.פי.",SE,גפרורים 10 יחידות,יחידה,0.00,יחידה,false,,3.90,0.0000,true,1,8464
7290003423909,false,הרשי חטיף קוקיס&קרם לבן 43 גרם,הרשי,US,קוקיז אנד קרים 43 גר,גרמים,43.00,100 גרם,false,,4.90,11.3953,true,1,13699
7290003427154,false,"שמן זית כתית מעולה זיתא 750 מ""ל",זיתא – י.ט.ב תעשיות,IL,שמן זית כתית מעולה ז,מיליליטרים,750.00,"100 מ""ל",false,,40.90,5.4533,true,1,26079
7290003438006,false,ממרח אולביה פסטו וצנובר איטלקי 190ג',מיוצר עי קונדיטוריית,IL,אוליביה ממרח פסטו אי,גרמים,180.00,100 גרם,false,,14.90,8.2778,true,1,4058
7290003438013,false,ממרח זיתים ירוקים 190 ג' אוליביה,קריות זול,IL,אוליביה ממרח זיתים א,גרמים,190.00,100 גרם,false,,14.90,7.8421,true,1,4059
7290003438020,false,ממרח עגבניות מיובשות 190 ג' אוליביה,מיוצר עי קונדיטוריית,IL,אוליביה ממרח עגבניות,גרמים,190.00,100 גרם,false,,14.90,7.8421,true,1,4060
7290003444009,false,ריזס חטיף שוקולד 42 גרם,הרשי,US,ריזס שוקולד חלב במיל,גרמים,42.00,100 גרם,false,,3.90,9.2857,true,1,13701
7290003450602,false,חרדל אמיתי צהוב בקבוק לחיץ 255 גר,היינץ צפון אמריקה -,US,חרדל אמיתי צהוב בקבו,גרמים,255.00,100 גרם,false,,11.90,4.6667,true,1,29210
7290003514007,false,שקדי מרק מאסטר שף 40,מנה Mana,IL,שקדי מרק מנה 400 גרם,גרמים,400.00,100 גרם,false,,10.90,2.7250,true,1,23455
7290003521074,false,"ד""ר פישר - סרקל מרכך שיער לילדים 1 ליטר",הדקלאים אגודת שיתופי,IL,סרקל מרכך שיער לילדי,יחידה,0.00,יחידה,false,,31.90,0.0000,true,1,31295
7290003521197,false,"ד""ר פישר - סרקל תרסיס מתיר קשרים 340 מ""ל",פישר מעבדות פרמצבטיו,IL,סרקל מתיר קשרים 340,מיליליטרים,340.00,"100 מ""ל",false,,27.90,8.2059,true,1,31299
7290003525898,false,סלט טונה שלישיה * 180 ג' וילגיר,,,סלט טונה ויליגר שליש,גרמים,480.00,100 גרם,false,,18.90,3.9375,true,1,18548
7290003527380,false,דובדובן ללא חרצן 680 ג',גולדסטארקפט,,דובדבן ללא חרצן וילי,גרמים,680.00,100 גרם,false,,9.90,1.4559,true,1,18559
7290003570164,false,מינוט בלדי שווארמה פרגית 300 ',"בלדי בע""מ",IL,מינוט שוארמה פרגית 3,גרמים,300.00,100 גרם,false,,31.90,10.6333,true,1,123499
7290003570171,false,מינוט שניצל 300 ג' בלדי,,,מינוט שניצל 300 גר',גרמים,300.00,100 גרם,false,,26.90,8.9667,true,1,123500
7290003570928,false,קבב בלדי קצביה ארוז קפוא 500ג',בלאדי,IL,קבב בלדי קצביה ארוז,גרמים,500.00,100 גרם,false,,31.90,6.3800,true,1,114104
7290003578078,false,קוקטיל פירות טרופי ויליפוד 850 ג',קריות זול,CN,לפתן קוקטיל טרופי פי,גרמים,850.00,100 גרם,false,,10.90,1.2824,true,1,3562
7290003578108,false,אננס חתיכות ויליפוד 850 ג',טקרנג פינאפל אינדסטר,TH,אננס חתוך ויליפוד 85,גרמים,490.00,100 גרם,false,,9.90,2.0204,true,1,3564
7290003578177,false,תירס גמדי שלם ויליפוד 410 ג',מגסטיק פוד אידסטרי ק,TH,תירס גמדי שלם ויליפו,גרמים,210.00,100 גרם,false,,7.90,3.7619,true,1,3566
7290003578313,false,דובדבנים חמוצים ללא חרצנים 680גר,דל מונטה היילס אס.אי,HU,דובדבנים חמוצים ללא,גרמים,350.00,100 גרם,false,,10.90,3.1143,true,1,3569
7290003578672,false,שמן חמניות מזוכך ויליפוד 1 ל',וילי פוד,TR,שמן חמניות 1 ליטר,ליטרים,1.00,ליטר,false,,15.90,15.9000,true,1,3571
7290003598311,false,מינוט סטייק חלק ריאה 300 ג',בלדי,IL,מינוט סטייק 300 גר'/,גרמים,300.00,100 גרם,false,,37.90,12.6333,true,1,111928
7290003643004,false,"אורז בסמטי קלאסי 1 ק""ג סוגת",האי נאם סי או אל.טי.,IL,"סוגת אורז בסמטי 1 ק""",קילוגרמים,1.00,"ק""ג",false,,15.90,15.9000,true,1,19385
7290003643387,false,"סוכר לבן בצנצנת 1 ק""ג סוגת",האי נאם סי או אל.טי.,IL,סוכר לבן בצנצנת סוגת,קילוגרמים,1.00,"ק""ג",false,,10.90,10.9000,true,1,19396
7290003643646,false,"סוכר דמררה קלאסי בצנצנת סוגת 1 ק""ג",האי נאם סי או אל.טי.,IL,סוכר דמררה בצנצנת חו,קילוגרמים,1.00,"ק""ג",false,,14.50,14.5000,true,1,19397
7290003643684,false,אפונה יבשה סוגת 500 גר',האי נאם סי או אל.טי.,IL,אפונה יבשה 500 גרם,גרמים,500.00,100 גרם,false,,8.90,1.7800,true,1,19398
7290003643714,false,חומוס סוגת 500 גרם,האי נאם סי או אל.טי.,IL,חומוס 500 גרם,גרמים,500.00,100 גרם,false,,8.90,1.7800,true,1,19400
7290003643738,false,סוגת חיטה 500 גרם,האי נאם סי או אל.טי.,IL,סוגת חיטה 500 גר,גרמים,500.00,100 גרם,false,,5.90,1.1800,true,1,19401
7290003643745,false,סוגת כוסמת 500 גרם,האי נאם סי או אל.טי.,IL,כוסמת 500 גרם,גרמים,500.00,100 גרם,false,,7.90,1.5800,true,1,19402
7290003643752,false,עדשים ירוקים יבש סוגת 500 גר',האי נאם סי או אל.טי.,IL,עדשים ירוקות 500 גרם,גרמים,500.00,100 גרם,false,,10.90,2.1800,true,1,19403
7290003643776,false,"פופקורן גרעינים סוגת 500 ג' כשל""פ",האי נאם סי או אל.טי.,IL,סוגת פופקורן 500 גרם,גרמים,500.00,100 גרם,false,,5.90,1.1800,true,1,19405
7290003643783,false,קוקוס סוגת 100 גרם,האי נאם סי או אל.טי.,IL,קוקוס 100 גר,גרמים,100.00,100 גרם,false,,3.90,3.9000,true,1,19406
7290003643806,false,שעועית לבנה יבשה סוגת 500 ג',האי נאם סי או אל.טי.,IL,שעועית לבנה 500 גרם,גרמים,500.00,100 גרם,false,,12.90,2.5800,true,1,19407
7290003643813,false,שעועית אדומה יבשה סוגת 500 גר',האי נאם סי או אל.טי.,IL,שעועית אדומה 500 גרם,גרמים,500.00,100 גרם,false,,12.90,2.5800,true,1,19408
7290003681716,false,גריסי פנינה מיה 500 גר',מיה,IL,גריסי פנינה 500 גרם,גרמים,500.00,100 גרם,false,,6.90,1.3800,true,1,52659
7290003706167,false,בצל ירוק ארוז,,,בצל ירוק ארוז,יח',1.00,יח',false,,5.90,5.9000,true,1,78253
7290003718610,false,"במיה 400 ג' בית יוסף כשל""פ",,,במיה מוקפאת בלדי 400,גרמים,400.00,100 גרם,false,,12.90,3.2250,true,1,476249
7290003726141,false,טופו משק גאיה 300גרם,ג'נרל מילס סאן אדריא,IL,טופו משק גאיה 300ג,גרמים,300.00,100 גרם,false,,16.30,5.4333,true,1,15453
7290003726615,false,טופו הבית משק ויילר,הדקלאים אגודת שיתופי,IL,טופו ויילר 300 גרם.,גרמים,300.00,100 גרם,false,,12.90,4.3000,true,1,142272
7290003726622,false,טופו פיקנטי 300 ג' משק ויילר,משק וואיילר,IL,טופו קשה בטעם פיקנטי,גרמים,300.00,100 גרם,false,,13.90,4.6333,true,1,400590
7290003726776,false,שניצל טופו בטעם עוף,משק ויילר,IL,שניצל טופו בטעם עוף,גרמים,420.00,100 גרם,false,,29.90,7.1190,true,1,472742
7290003726783,false,טופו שניצל בתוספת תי,משק ויילר,IL,שניצל טופו בטעם עוף,גרמים,420.00,100 גרם,false,,29.90,7.1190,true,1,472758
7290003726875,false,טופו חומוס בתוספת פסטו 300 ג' משק ויילר,משק וואיילר,IL,טופו חומוס עם פסטו 3,גרמים,300.00,100 גרם,false,,13.90,4.6333,true,1,400592
7290003781652,false,צלפים במי מלח ויליפוד 350 ג',קריות זול,TR,צלפים במלח ויליפוד 3,גרמים,350.00,100 גרם,false,,9.90,2.8286,true,1,3576
7290003804320,false,תיבולית שום ופטרוזיליה 72 ג' קנור,יוניליוור ישראל מזון,IL,תיבוליות שום ופטרוזי,גרמים,72.00,100 גרם,false,,10.90,15.1389,true,1,11411
7290003864478,false,סרדינים בשמן צמחי ויליפוד 110ג' פתח קל,גולדן פרייז קאנינג א,TH,סרדין בשמן צמחי וילי,גרמים,110.00,100 גרם,false,,6.50,5.9091,true,1,3579
7290003882922,false,עלי גפן ממולאים באורז ויליפוד 400ג',הזה פלאקספו פוד קו ב,CN,עלי גפן ממולאים באור,גרמים,360.00,100 גרם,false,,9.90,2.7500,true,1,3586
7290003896141,false,אלמנדוס חטיף ספרדי פ,הדקלאים אגודת שיתופי,IL,אלמנדוס 200 גרם,גרמים,200.00,100 גרם,false,,12.90,6.4500,true,1,118323
7290003976614,false,גל אקונומיקה סמיכה פרחים טאצ' לבנדר 4 ל',,,ג'ל אקונומיקה סמיכה,ליטרים,4.00,ליטר,false,,14.90,3.7250,true,1,254968
7290003989096,false,סלט חציל פיקנטי אחלה,מיוצר עי קונדיטוריית,IL,אחלה חציל פיקנטי 500,גרמים,500.00,100 גרם,false,,17.70,3.5400,true,1,24791
7290003989539,false,לורנצו רביולי במילוי גבינה,מיוצר עי קונדיטוריית,IL,EAT GOOD רביולי גבינ,גרמים,400.00,100 גרם,false,,22.90,5.7250,true,1,24792
7290004011277,false,"ריצ' לבישול והקרמה 220 מ""ל","אינסטנטה בע""מ",IL,שמנת לבישול על בסיס,מיליליטרים,220.00,"100 מ""ל",false,,9.90,4.5000,true,1,18571
7290004011284,false,ריצ בסיס להכנת קצפת 25% 212מל,ריצ' פרודקטס קורפריי,IL,ריצ בסיס להכנת קצפת,מיליליטרים,212.00,"100 מ""ל",false,,9.90,4.6698,true,1,18572
7290004011338,false,"קצפת מתוקה מכונה 250 מ""ל ריץ'",האי נאם סי או אל.טי.,IT,ריצ קצפת במיכל 250מל,מיליליטרים,250.00,"100 מ""ל",false,,12.90,5.1600,true,1,18574
7290004011345,false,"קצפת ריצ` פרווה במיכל 250 מ""ל",האי נאם סי או אל.טי.,IT,קצפת ריץ במיכל פרווה,מיליליטרים,238.00,"100 מ""ל",false,,12.90,5.4202,true,1,18575
7290004014407,false,סוכריות M&M בוטנים 46 ג',מרס נדרלנד,,פינאטבאטר M&M עדשי ש,גרמים,46.00,100 גרם,false,,5.90,12.8261,true,1,14798
7290004026776,false,לחם מחמצת אגוזים וצי,פילסברי,,לחם מחמצת אגוזים וצי,גרמים,530.00,100 גרם,false,,18.90,3.5660,true,1,216386
7290004030018,false,"פריניב מיץ לימון סחוט פרי לתיבול 500 מ""ל",הנסיך- מפעל לייצור ט,IL,מיץ לימון סחוט פרי פ,מיליליטרים,500.00,"100 מ""ל",false,,7.90,1.5800,true,1,42834
7290004030223,false,פריניב נקטר תפוחים סחוט 1 ליטר,פריניב בעמ,IL,פרי ניב מיץ תפוח סחו,יחידה,0.00,יחידה,false,,20.60,0.0000,true,1,42840
7290004030445,false,פריניב סחוט טבעי תפוזים 1ליטר,פריניב בעמ,IL,פרי ניב תפוז סחוט 1ל,ליטרים,1.00,ליטר,false,,15.90,15.9000,true,1,42852
7290004030544,false,פריניב מיץ לימונדה לואיזה ולמון גראס 1 ליטר,,,לימונדה לואיזה ולמון,יחידה,0.00,יחידה,false,,15.90,0.0000,true,1,42853
7290004043108,false,אמ&אמס אריזה בינונית,מרס,,M&M עדשי שוקולד 89 ג,גרמים,89.00,100 גרם,false,,7.50,8.4270,true,1,97802
7290004048679,false,"קובה למרק שלושת האופים 1 ק""ג",שלושת האופים,IL,קובה למרק 1 קג שלושת,קילוגרמים,1.00,"ק""ג",false,,17.90,17.9000,true,1,118636
7290004063016,false,מלח שולחן מעולה דק 1,האי נאם סי או אל.טי.,IL,"מלח שולחן סלית 1 ק""ג",קילוגרמים,1.00,"ק""ג",false,,2.07,2.0700,true,1,16357
7290004063115,false,"מלח מטבח עבה להמלחת בשר ובישול 1 ק""ג",האי נאם סי או אל.טי.,IL,מלח מטבח גס לבישול כ,קילוגרמים,1.00,"ק""ג",false,,2.07,2.0700,true,1,16358
7290004064099,false,מטחנה מלח מהרי ההימלאיה 250 גרם,חברת מלח הארץ אילת ב,IL,מטחנה מלח מהרי ההימל,גרמים,250.00,100 גרם,false,,18.90,7.5600,true,1,26097
7290004064303,false,מלח אטלנטי בצנצנת 800 ג',מולינו ניקולי s.p.a,IL,מלח אטלנטי בצנצנת הא,גרמים,800.00,100 גרם,false,,20.90,2.6125,true,1,142385
7290004064389,false,מלח הימלאיה דק מלחייה 250 ג',,,מלח הימלאיה דק מלחיי,גרמים,250.00,100 גרם,false,,11.90,4.7600,true,1,288499
7290004068011,false,גד יוגורט מחלב כבשים,"מיוצר ע""י קוד יצרן M",IL,גד יוגורט כבשים 5% 6,מיליליטרים,600.00,"100 מ""ל",false,,21.30,3.5500,true,1,15454
7290004068028,false,"ציזיקי יוגורט לשתיה גד 500 מ""ל",מיוצר על ידי קוד יצר,IL,גד משקה צזיקי 2% 500,מיליליטרים,500.00,"100 מ""ל",false,,11.70,2.3400,true,1,15455
7290004068035,false,"איירן יוגורט לשתייה 3% גד 500 מ""ל","מיוצר ע""י קוד יצרן M",IL,גד משקה איירן בסגנון,גרמים,500.00,100 גרם,false,,10.60,2.1200,true,1,15456
7290004068172,false,"יוגורט עיזים בדלי 5% 600 מ""ל רובין",קוד יצרן MKN,IL,גד יוגורט עיזים 5% 6,מיליליטרים,600.00,"100 מ""ל",false,,20.20,3.3667,true,1,15457
7290004078263,false,מקלות לאוזניים בלונס,SEPTONA S.A,GR,צמרונים בקופסא זוג ב,יחידה,0.00,יחידה,false,,12.90,0.0000,true,1,23479
7290004078270,false,נוזל כלים פלמוליב צילינדר לימון 1 ליטר,יבואן ומשווק: ש. שסט,GR,פלמוליב לכלים לימון-,יחידה,0.00,יחידה,false,,14.90,0.0000,true,1,23480
7290004091217,false,"גודרס להברקת כלי כסף 125מ""ל",אס סי גונסון פורטוגל,PT,גודרס לכלי נחושת וכס,מיליליטרים,125.00,"100 מ""ל",false,,16.90,13.5200,true,1,6443
7290004091248,false,וזלין פטרוליום אינטנסיב קאר ג'ל 106 גר',"יוניליוור ארה""ב, ג'ו",US,וזלין אינטנסיב קאר פ,מיליליטרים,106.00,"100 מ""ל",false,,16.90,15.9434,true,1,11475
7290004119133,false,כד יוגורט תנובה 6.5% שומן 1.5 ליטר,מיוצר עי קונדיטוריית,IL,יוגורט כדים תנובה 7%,ליטרים,1.50,ליטר,false,,19.80,13.2000,true,1,27413
7290004119928,false,מעדן וניל גביע 1.5% שומן 125 ג' קרלו,מחלבת אלון תבור,IL,קרלו וניל 3% 125מל,מיליליטרים,125.00,"100 מ""ל",false,,3.50,2.8000,true,1,27419
7290004119973,false,מעדן שוקו 1.5% שומן 125 ג' קרלו,תנובה מרכז שיתופי לש,IL,קרלו שוקולדה 3% 125מ,מיליליטרים,125.00,"100 מ""ל",false,,3.50,2.8000,true,1,27420
7290004120061,false,קרלו שוקולד וניל 125,תנובה מרכז שיתופי לש,IL,קרלו שוניל 3% 125מל,מיליליטרים,125.00,"100 מ""ל",false,,3.50,2.8000,true,1,27421
7290004120108,false,יופלה דיאט יוגורט דובדבן %0 גביע 150ג',תנובה מרכז שיתופי לש,IL,יופלה דיאט דובדבן 0%,מיליליטרים,150.00,"100 מ""ל",false,,5.60,3.7333,true,1,27424
7290004120573,false,גבינה בולגרית %16 250 ג' פיראוס,תנובה מרכז שיתופי לש,IL,פיראוס בולגרית בקר 1,גרמים,250.00,100 גרם,false,,26.90,10.7600,true,1,27443
7290004120634,false,גבינה בולגרית %5 250 ג' פיראוס,תנובה מרכז שיתופי לש,IL,פיראוס בולגרית 5% 25,גרמים,250.00,100 גרם,false,,26.90,10.7600,true,1,27444
7290004121488,false,יופלה דיאט אפרסק 0% גביע 150 ג',תנובה מרכז שיתופי לש,IL,יופלה דיאט אפרסק 0%,מיליליטרים,150.00,"100 מ""ל",false,,5.60,3.7333,true,1,27451
7290004121525,false,יופלה מאגדת פרי 4 תות 4 אפרסק 3% 8 יח'*150 ג',תנובה מרכז שיתופי לש,IL,יופלה אפרסק תות 3% 8,קילוגרמים,1.20,"ק""ג",false,,35.90,29.9167,true,1,27452
7290004121754,false,יוגורט עוגת גבינה ותות 3% שומן 150 ג' יופלה,תנובה בעמ,IL,יופלה קרם גבינה ותות,גרמים,150.00,100 גרם,false,,5.70,3.8000,true,1,27455
7290004121853,false,גבינה בולגרית בקוביות %5 200 ג' פיראוס,תנובה מרכז שיתופי לש,IL,פיראוס בולגרית בקובי,גרמים,200.00,100 גרם,false,,23.90,11.9500,true,1,27458
7290004122119,false,פתיתי פרמזן לפסטה %23 100 ג' השף הלבן,פ.פ.ח. שאביט,IL,שף לבן פתיתי פרמזן ל,גרמים,100.00,100 גרם,false,,14.90,14.9000,true,1,27462
7290004122195,false,"גבינת גוש חלב פרוס 28%, כשרות מהדרין, 200 ג'",קריות זול,IL,גוש חלב פרוס 28% 200,גרמים,200.00,100 גרם,false,,15.90,7.9500,true,1,27463
7290004122270,false,גבינה צהובה פרוס בקופסא %28 200 ג' עמק,תנובה מרכז שיתופי לש,IL,עמק פרוס סגירה חוזרת,גרמים,200.00,100 גרם,false,,17.90,8.9500,true,1,27464
7290004122348,false,עמק לייט 9% פרוס בקופסא,תנובה מרכז שיתופי לש,IL,עמק לייט 9% 200ג,גרמים,200.00,100 גרם,false,,18.80,9.4000,true,1,27466
7290004122676,false,גבינת חמד לייט 5% פיראוס 250 ג',"תנובה,מחלבת טנא נוגה",IL,פיראוס חמד לייט 5% 2,גרמים,250.00,100 גרם,false,,20.90,8.3600,true,1,27470
7290004122683,false,חטיף גבינת אצבעות 28% 172 ג' עמק,תנובה מרכז שיתופי לש,IL,עמק אצבעות 172ג,גרמים,172.00,100 גרם,false,,18.80,10.9302,true,1,27471
7290004124205,false,יוגורט דיאט תות %0 שומן 150 ג' יופלה,תנובה מרכז שיתופי לש,IL,יופלה דיאט תות 0% 15,מיליליטרים,150.00,"100 מ""ל",false,,5.60,3.7333,true,1,27486
7290004124847,false,"קצפת צמחית השף הלבן 500 מ""ל תנובה",תנובה מרכז שיתופי לש,IL,שף לבן קצפת צמחית 24,מיליליטרים,500.00,"100 מ""ל",false,,18.50,3.7000,true,1,27493
7290004125370,false,שמנת חמוצה מופחתת שומן 9%,תנובה מרכז שיתופי לש,IL,תנובה שמנת מופחתת 9%,מיליליטרים,200.00,"100 מ""ל",false,,4.10,2.0500,true,1,27497
7290004125400,false,"שלי אשל 4.5% תנובה 200מ""ל מהדרין",פארייפאבה אגרואינדוס,IL,"אשל 4.5% בד""צ מהדרין",מיליליטרים,200.00,"100 מ""ל",false,,1.69,0.8450,true,1,27498
7290004125417,false,"שלי גיל 3% תנובה 200מ""ל מהדרין",תנובה מרכז שיתופי לש,IL,"גיל 3% בד""צ מהדרין",מיליליטרים,200.00,"100 מ""ל",false,,1.51,0.7550,true,1,27499
7290004125455,false,**תנובה שמנת אורגינל מהדרין 15% 200מל,תנובה מרכז שיתופי לש,IL,תנובה שמנת אורגינל מ,מיליליטרים,200.00,"100 מ""ל",false,,2.40,1.2000,true,1,27500
7290004125462,false,"שמנת אורגינל 15% מהדרין 500 מ""ל",תנובה מרכז שיתופי לש,IL,תנובה שמנת חמוצה 15%,מיליליטרים,500.00,"100 מ""ל",false,,6.00,1.2000,true,1,27501
7290004125509,false,"שמנת 15% חצי מנה 100 מ""ל תנובה",תנובה מרכז שיתופי לש,IL,תנובה שמנת חצי מנה 1,מיליליטרים,100.00,"100 מ""ל",false,,1.90,1.9000,true,1,27502
7290004125578,false,משקה סויה מעושר בסידן תנובה 1ל',תנובה מרכז שיתופי לש,IL,משקה סויה תנובה מועש,ליטרים,1.00,ליטר,false,,13.50,13.5000,true,1,27503
7290004125585,false,משקה סויה וניל תנובה E אלטרנטיב,תנובה מרכז שיתופי לש,IL,סויה תנובה משקה סויה,ליטרים,1.00,ליטר,false,,13.50,13.5000,true,1,27504
7290004125721,false,"שמנת לבישול 15% שומן 250 מ""ל תנובה",תנובה מרכז שיתופי לש,IL,שף לבן שמנת לבישול 1,מיליליטרים,250.00,"100 מ""ל",false,,8.90,3.5600,true,1,27507
7290004125738,false,שמנת מתוקה עמידה להקצפה 32% השף הלבן,תנובה מרכז שיתופי לש,IL,שף לבן שמנת להקצפה 3,מיליליטרים,250.00,"100 מ""ל",false,,7.20,2.8800,true,1,27508
7290004125776,false,גבינה צהובה 28% שומן 400 ג' עמק,קריות זול,IL,עמק גבינה קשה פרוסה,גרמים,400.00,100 גרם,false,,32.90,8.2250,true,1,27511
7290004126759,false,יופלה דיאט פירות יער %0 גביע 150 ג',תנובה בעמ,IL,יופלה דיאט פירות יער,מיליליטרים,150.00,"100 מ""ל",false,,5.60,3.7333,true,1,27520
7290004126872,false,משקאות חלב תנובה שוקו בקבוק 250מל,קריות זול,IL,משקאות חלב תנובה שוק,מיליליטרים,250.00,"100 מ""ל",false,,5.90,2.3600,true,1,27521
7290004127077,false,קוטג' 3% שומן 250 ג' תנובה,מיוצר עי קונדיטוריית,IL,קוטג תנובה 3% 250 ג,גרמים,250.00,100 גרם,false,,5.80,2.3200,true,1,27522
7290004127329,false,קוטג' 5% תנובה 250ג' מהדרין,מיוצר עי קונדיטוריית,IL,קוטג' 5% תנובה מהדרי,גרמים,250.00,100 גרם,false,,5.80,2.3200,true,1,27524
7290004127336,false,קוטג' 9% תנובה 250 ג' הדרין,מיוצר עי קונדיטוריית,IL,קוטג' תנובה מהדרין 9,גרמים,250.00,100 גרם,false,,5.80,2.3200,true,1,27525
7290004127800,false,גבינה לבנה 5% שומן 500 ג' תנובה,מיוצר עי קונדיטוריית,IL,תנובה גבינה לבנה 5%,גרמים,500.00,100 גרם,false,,9.96,1.9920,true,1,27529
7290004127817,false,גבינה לבנה 9% שומן 500 ג' תנובה,מיוצר עי קונדיטוריית,IL,תנובה גבינה לבנה 9%,גרמים,500.00,100 גרם,false,,9.70,1.9400,true,1,27530
7290004127862,false,**תנובה גבינה למריחה מהדרין 5% 750ג,תנובה מרכז שיתופי לש,IL,תנובה גבינה למריחה מ,גרמים,750.00,100 גרם,false,,14.90,1.9867,true,1,27531
7290004128333,false,לאבנה על בסיס יוגורט %9 שומן 500 ג' פיראוס,קריות זול,IL,פיראוס לאבנה גביע %9,גרמים,500.00,100 גרם,false,,22.90,4.5800,true,1,27541
7290004129101,false,גבינת שמנת 25% בטעם טבעי 225 ג' נפוליאון,תנובה מרכז שיתופי לש,IL,נפוליאון בטעם טבעי 2,גרמים,225.00,100 גרם,false,,16.50,7.3333,true,1,27547
7290004129118,false,גבינת שמנת 24% עם זיתים ירוקים 225 ג' נפוליאון,תנובה מרכז שיתופי לש,IL,נפוליאון בטעם זיתים,גרמים,225.00,100 גרם,false,,16.50,7.3333,true,1,27548
7290004129156,false,גבינת שמנת25% עם שום שמיר 225 ג' נפוליאון,תנובה מרכז שיתופי לש,IL,נפוליאון שום שמיר 25,גרמים,225.00,100 גרם,false,,16.50,7.3333,true,1,27549
7290004129545,false,גבינה לבנה 3% שומן 250 ג' תנובה,מחלבת אלון תבור,IL,גבינת מהדרין 3% תנוב,גרמים,250.00,100 גרם,false,,5.10,2.0400,true,1,27550
7290004129736,false,יוגורט במתיקות מעודנת 1.5% שומן 200 ג' יופלה,תנובה מרכז שיתופי לש,IL,יופלה קרם יוגרט מעוד,מיליליטרים,200.00,"100 מ""ל",false,,4.90,2.4500,true,1,27552
7290004129767,false,יופלה לבן טבעי מאגדת 3% 8*150מל,מחלבת אלון תבור,IL,יופלה לבן מאגדת 3% 8,קילוגרמים,1.20,"ק""ג",false,,19.90,16.5833,true,1,27553
7290004130794,false,משקה סויה טבעי במתיקות מופחתת 1 ליטר,תנובה מרכז שיתופי לש,IL,סויה תנובה טבעי במתי,ליטרים,1.00,ליטר,false,,12.50,12.5000,true,1,27560
7290004131074,false,**חלב תנובה טרי מהדרין קרטון 3% 1ל,תנובה מרכז שיתופי לש,IL,חלב תנובה הומוגני מה,ליטרים,1.00,ליטר,false,,6.23,6.2300,true,1,27567
7290004131456,false,יוגורט ביו 1.5% שומן 200 ג' יופלה,מיוצר עי קונדיטוריית,IL,יופלה לבן 1.5% 200מל,מיליליטרים,200.00,"100 מ""ל",false,,4.50,2.2500,true,1,27575
7290004131814,false,גבינה צפתית 5% מעודנת 200 ג' פיראוס,פארייפאבה אגרואינדוס,IL,פיראוס צפתית מעודנת,גרמים,200.00,100 גרם,false,,17.90,8.9500,true,1,27585
7290004132552,false,משקה סויה לייט בטעם טבעי טרי 1 ליטר,תנובה מרכז שיתופי לש,IL,סויה תנובה לייט בטעם,ליטרים,1.00,ליטר,false,,12.50,12.5000,true,1,27594
7290004132712,false,חטיף אצבעות גבינת מוצרלה 20% 172 ג' עמק,תנובה מרכז שיתופי לש,IL,עמק אצבעות מוצרלה 20,גרמים,174.00,100 גרם,false,,18.80,10.8046,true,1,27598
7290004133511,false,יופלה מאגדת לבן 1.5% מעודן 8 יח' * 150 ג',מחלבת אלון תבור,IL,יופלה לבן מעודן 1.5%,ליטרים,1.20,ליטר,false,,23.90,19.9167,true,1,27611
7290004134945,false,יוגורט מוקה 3% שומן 150 ג' יופלה,תנובה מרכז שיתופי לש,IL,יופלה מוקה 3% 150מל,גרמים,150.00,100 גרם,false,,5.70,3.8000,true,1,27626
7290004135058,false,מאגדת קרלו מיני שוקולד 8 יח' * 100 ג',תנובה מרכז שיתופי לש,IL,קרלו מהדרין מיני שוק,מיליליטרים,800.00,"100 מ""ל",false,,14.90,1.8625,true,1,27630
7290004135225,false,מעדן תנובה דיאט שוקולדה 0% 150מל,תנובה מרכז שיתופי לש,IL,מעדן תנובה דיאט שוקו,מיליליטרים,150.00,"100 מ""ל",false,,4.50,3.0000,true,1,27637
7290004135614,false,גבינה בולגרית מעודנת 5% 250 ג' פיראוס,קריות זול,IL,פיראוס בולגרית מעודנ,גרמים,250.00,100 גרם,false,,25.10,10.0400,true,1,27645
7290004136154,false,"משקה חלב אייס קפה תנובה בבקבוק 340 מ""ל",גוד פוד פרודקטס S.p,IL,משקאות חלב תנובה איי,מיליליטרים,340.00,"100 מ""ל",false,,7.90,2.3235,true,1,27653
7290004136598,false,מארז הפסקת אוכל עם קורנפלקס ומשקה חלב עמיד בטעם וניל,פארייפאבה אגרואינדוס,IL,מארז הפסקת אוכל חלב,גרמים,150.00,100 גרם,false,,10.50,7.0000,true,1,27661
7290004136857,false,מעדן גלי בטעם פטל 12,תנובה מרכז שיתופי לש,IL,ג'לי תנובה פטל 125מל,מיליליטרים,125.00,"100 מ""ל",false,,2.90,2.3200,true,1,27663
7290004136864,false,ג'לי תנובה אננס עם חתיכות אננס 125מל,קריות זול,IL,ג'לי תנובה אננס עם ח,מיליליטרים,125.00,"100 מ""ל",false,,2.90,2.3200,true,1,27664
7290004136871,false,ג'לי תנובה אפרסק עם חתיכות אפרסק 125מל,תנובה מרכז שיתופי לש,IL,ג'לי תנובה אפרסק עם,מיליליטרים,125.00,"100 מ""ל",false,,2.90,2.3200,true,1,27665
7290004137021,false,"שמנת לבישול 10% עמיד השף הלבן 250 מ""ל",תנובה מרכז שיתופי לש,IL,שף לבן שמנת לבישול 1,מיליליטרים,250.00,"100 מ""ל",false,,8.90,3.5600,true,1,27667
7290004137311,false,עמק לייט משפחתית 9% 400ג-ועדת מהדרין,תנובה,IL,עמק לייט משפחתית 9%,גרמים,400.00,100 גרם,false,,33.90,8.4750,true,1,27670
7290004200244,false,שקית פרסים,,,פרסים רמה 3,יחידה,0.00,יחידה,false,,9.50,0.0000,true,1,35109
7290004225285,false,גבינה בסגנון דנאבלו 100 ג',האי נאם סי או אל.טי.,DK,סגנון דנאבלו 100 גרם,גרמים,100.00,100 גרם,false,,12.90,12.9000,true,1,18590
7290004230081,false,קציצות עוף ברוטב עגבניות 800 ג' שגב,קרלו,IL,שגב קציצות עוף ברוטב,גרמים,800.00,100 גרם,false,,32.90,4.1125,true,1,18604
7290004324605,false,"גבינת מון בלאן רוקפור 7%, 120 ג'",האי נאם סי או אל.טי.,IL,מון בלאן רוקפור 7% 1,גרמים,120.00,100 גרם,false,,13.90,11.5833,true,1,18643
7290004537258,false,אפונה וגזר 800 גר שד,,,אפונה וגזר 800 גר שד,גרמים,800.00,100 גרם,false,,15.90,1.9875,true,1,105262
7290004537265,false,אפונה עדינה קפואה 60,,,אפונה עדינה קפואה 60,גרמים,600.00,100 גרם,false,,16.90,2.8167,true,1,105263
7290004537326,false,לקט ירקות העונה 800,,,לקט ירקות העונה 800,גרמים,800.00,100 גרם,false,,15.90,1.9875,true,1,105273
7290004537333,false,חומוס גרגירים 800 גר,,,חומוס גרגירים 800 גר,גרמים,800.00,100 גרם,false,,15.90,1.9875,true,1,139914
7290004584306,false,רבעיית גמדים בטעם תות בננה * 100 ג' שטראוס,מיוצר עי קונדיטוריית,IL,גמדים תות בננה 4*100,מיליליטרים,400.00,"100 מ""ל",false,,13.50,3.3750,true,1,24794
7290004584351,false,גבינה במרקם שמנת 5% טבעי 200 ג' סימפוניה,"שטראוס בריאות בע""מ",IL,סימפוניה חמישית 200ג,גרמים,200.00,100 גרם,false,,12.90,6.4500,true,1,24795
7290004584528,false,דנונה ביו יוגורט טבעי 1.5% 200 ג',מיוצר עי קונדיטוריית,IL,דנונה יוגורט טבעי 1.,מיליליטרים,200.00,"100 מ""ל",false,,4.10,2.0500,true,1,24796
7290004585907,false,דני ועדן וניל 1.5% 125ג' שטראוס,מיוצר עי קונדיטוריית,IL,דני וניל מהדרין 130מ,מיליליטרים,130.00,"100 מ""ל",false,,3.10,2.3846,true,1,24797
7290004731083,false,כיף - סבון ידיים ג'ינסנג 1 ליטר,טרופיקל דגיל תעשיות,IL,אלסבון ג'נסנג כיף 1,ליטרים,1.00,ליטר,false,,14.90,14.9000,true,1,32044
7290004731564,false,"סנו - מקסימה מרסס למייבש כביסה פריחה כחולה 750 מ""ל",סנו,IL,סנו מקסימה מבשם ומרכ,מיליליטרים,750.00,"100 מ""ל",false,,19.90,2.6533,true,1,135983
7290004737900,false,וילי פוד חלב מרוכז ממותק397ג,יו.איי.בי מאריג'אמפו,LT,וילי פוד חלב מרוכז מ,גרמים,397.00,100 גרם,false,,10.90,2.7456,true,1,3596
7290004872229,false,שוקולד מצופה - מועשר בסידן,תות תעשיות מזון (201,IL,שוקולד מצופה - מועשר,יחידה,0.00,יחידה,false,,5.00,0.0000,true,1,17010
7290004872250,false,שלגון שרבט אבטיח נסטלה 108'ג,נגה גלידות (גלידות נ,IL,אבטיח שרבט,גרמים,540.00,100 גרם,false,,6.90,1.2778,true,1,17012
7290005008184,false,"פלמוליב - תחליב רחצה נטורלס שקדים 500 מ""ל",הנסיך- מפעל לייצור ט,TR,סבון נוזלי חלב שקדים,מיליליטרים,500.00,"100 מ""ל",false,,17.90,3.5800,true,1,23487
7290005008481,false,ספיד סטיק - דאודורנט ג'ל לגבר ספורט 85 גרם,הנסיך- מפעל לייצור ט,BY,דאודורנט ג'ל ספורט ס,גרמים,85.00,100 גרם,false,,22.90,26.9412,true,1,23489
7290005040993,false,ערמונים קלויים קלופי,,,ערמונים קלויים קלופי,יח',1.00,יח',false,,5.90,5.9000,true,1,55723
7290005041198,false,"קבב ביתי 1ק""ג",לאטי עזרא גלם ודגים,,"קבב ביתי 1ק""ג",קילוגרמים,1.00,"ק""ג",false,,53.90,53.9000,true,1,12872
7290005084355,false,"סנסודיין - משחת שיניים דואל קר זהב 75 מ""ל",גלקסו סמית קליין,GB,משחת שיניים דואל קר,מיליליטרים,75.00,"100 מ""ל",false,,22.70,30.2667,true,1,4444
7290005174551,false,סלט חומוס עם צנוברים 125 ג' אחלה,מיוצר עי קונדיטוריית,IL,אחלה חומוס 125ג,גרמים,125.00,100 גרם,false,,5.90,4.7200,true,1,24799
7290005174575,false,טחינה אחלה יום יום משובחת 125ג',מיוצר עי קונדיטוריית,IL,אחלה טחינה 125גר,גרמים,125.00,100 גרם,false,,5.90,4.7200,true,1,24801
7290005197758,false,עוגיות חיוכים שוקו שוקו 150ג',אפיפית נצרת תעשיות ב,IL,חיוכים של שוקו,גרמים,150.00,100 גרם,false,,6.50,4.3333,true,1,24084
7290005199288,false,גומי מאסט בטעם פטל לימון 28 ג' עלית,"שטראוס גרופ בע""מ",IL,מאסט פטל לימון 28 גר,גרמים,28.00,100 גרם,false,,5.20,18.5714,true,1,24087
7290005199738,false,גומי מאסט בטעם פפרמינט ריח פה נעים פליפטופ 28 ג' עלית,"שטראוס גרופ בע""מ",IL,מאסט ריח פה נעים 28ג,גרמים,28.00,100 גרם,false,,5.20,18.5714,true,1,24092
7290005200786,false,תפוצ'יפס שמנת ובצל 50 גרם,"שטראוס פריטו ליי בע""",IL,תפוציפס שמנת ובצל 50,גרמים,50.00,100 גרם,false,,4.90,9.8000,true,1,25336
7290005201882,false,קפה טורקי קלוי וטחון,הנסיך- מפעל לייצור ט,IL,טורקי עלית 200 גר',גרמים,200.00,100 גרם,false,,18.90,9.4500,true,1,24096
7290005287206,false,טונה בשמן סטארקיסט 4*160 ג',"סטארקיסט פודור בע""מ",,טונה בשמן סטארקיסט ר,גרמים,640.00,100 גרם,false,,25.90,4.0469,true,1,28439
7290005287251,false,טונה במים סטארקיסט 4*160 ג',"איטיליאן פוד, אס.פי.",,טונה במים סטארקיסט ר,גרמים,640.00,100 גרם,false,,25.90,4.0469,true,1,28442
7290005403972,false,תחתיות ארטישוק 400 ג,,,תחתיות ארטישוק 400 ג,גרמים,400.00,100 גרם,false,,17.90,4.4750,true,1,111085
7290005403989,false,במיה קפואה 600 גרם ש,,,במיה קפואה 600 גרם ש,גרמים,600.00,100 גרם,false,,13.90,2.3167,true,1,110257
7290005423567,false,מטליות לניקוי כללי בגליל 40 יח' סנו סושי,אסותא תעשיות אלבד בע,IL,סנו סושי מטלית לכל 3,יחידה,0.00,יחידה,false,,22.90,0.0000,true,1,32084
7290005423635,false,ריצפז נוזל לניקוי רצפות דוחה חרקים 2 ל',מיוצר עי קונדיטוריית,IL,נוזל לניקוי רצפות דו,ליטרים,2.00,ליטר,false,,25.90,12.9500,true,1,32085
7290005423888,false,אלסבון כיף שלישיה מעורב,טרופיקל דגיל תעשיות,IL,שלישיית אלסבון מעורב,ליטרים,1.50,ליטר,false,,20.90,13.9333,true,1,32089
7290005423918,false,סנו - מקסימה מרכך כביסה היפואלרגני אלוורה 4 ליטר,"סנו מפעלי ברונוס בע""",IL,מרכך כביסה סנו מקסימ,ליטרים,4.00,ליטר,false,,24.90,6.2250,true,1,32090
7290005424762,false,נוזל רצפות ריצפז ווקס דוחה חרקים 2 ליטר,"סנו מפעלי ברונוס בע""",IL,ריצפז פלוס ווקס דוחה,ליטרים,2.00,ליטר,false,,30.90,15.4500,true,1,32100
7290005424847,false,מפיות סנו סושי לבן לאירוח 150יח',מיוצר עי קונדיטוריית,TR,סנו סופט מפיות 30*30,יחידה,0.00,יחידה,false,,9.90,0.0000,true,1,32104
7290005425196,false,"סנו לכביסה מקסימה סנסיטיב 2.5 ק""ג",מיוצר עי קונדיטוריית,IL,אבקת כביסה סנו מקסימ,קילוגרמים,2.50,"ק""ג",false,,28.90,11.5600,true,1,32111
7290005426193,false,ספוג הפלא אריזת סנו 6יח',טרופיקל דגיל תעשיות,IL,סנו סושי ספוג הפלא,יחידה,0.00,יחידה,false,,12.90,0.0000,true,1,32129
7290005426230,false,מטלית הפלא לרצפה מיקרופייבר סנו 1יח',N.S.,IL,סנו סושי מטלית הפלא,יחידה,0.00,יחידה,false,,13.90,0.0000,true,1,32130
7290005426940,false,"סנו K-300 פלוס 8 400 מ""ל",טרופיקל דגיל תעשיות,IL,סנו 300 K פלוס 8,מיליליטרים,400.00,"100 מ""ל",false,,22.90,5.7250,true,1,32144
7290005426964,false,סנובון כחול בריח אפרסק 3 יח' * 55 ג',קריות זול,IL,סנובון כחול שלישיה ב,גרמים,165.00,100 גרם,false,,18.90,11.4545,true,1,32145
7290005426971,false,סנובון כחול בריח תפוח 3 יח' * 55 ג',קריות זול,IL,סנובון כחול שלישיה ב,גרמים,165.00,100 גרם,false,,18.90,11.4545,true,1,32146
7290005431883,false,קינוח מלבי חלבי עדן,עדן קינוחים Eden,IL,עדן מלבי חלבי 165 גר,גרמים,165.00,100 גרם,false,,8.20,4.9697,true,1,205583
7290005431906,false,קינוח קדאיף עדן 82 ג,עדן קינוחים Eden,IL,עדן קדאיף 82 גרם,גרמים,82.00,100 גרם,false,,8.20,10.0000,true,1,205585
7290005431913,false,עוגת גבינה פירורים 92 גרם.,עדן קינוחים Eden,IL,קינוחי עדן עוגת גבינ,גרמים,92.00,100 גרם,false,,8.20,8.9130,true,1,205586
7290005431920,false,עוגת גבינה פירורים ללא תוספת סוכר,עדן קינוחים Eden,IL,עדן עוגת גבינה פירור,גרמים,78.00,100 גרם,false,,8.20,10.5128,true,1,205587
7290005431937,false,קינוח טירמיסו עדן 82,עדן קינוחים Eden,IL,עדן טירמיסו 82 גרם,גרמים,82.00,100 גרם,false,,8.20,10.0000,true,1,205588
7290005559709,false,בורקס פיצה מעדנות 700 ג',"מעדנות בע""מ",IL,בורקס פיצה 700 גרם,גרמים,700.00,100 גרם,false,,30.90,4.4143,true,1,38990
7290005559907,false,פיצה משפחתית גבינה 500 ג' מעדנות,מיוצר עי קונדיטוריית,IL,פיצה משפחתית גבינה 5,גרמים,500.00,100 גרם,false,,25.90,5.1800,true,1,38993
7290005559914,false,פיצה משפחתית זיתים 550 ג' מעדנות,מיוצר עי קונדיטוריית,IL,פיצה משפחתית זיתים 5,גרמים,550.00,100 גרם,false,,28.90,5.2545,true,1,38994
7290005559990,false,בצק פילאס תורכי מעדנות 600 גרם,מיוצר עי קונדיטוריית,IL,בצק פילאס תורכי מעדנ,גרמים,600.00,100 גרם,false,,29.90,4.9833,true,1,38999
7290005591761,false,דבש טהור מפרחי בר בלחיץ 400 ג' יד מרדכי,מכוורת יד מרדכי שטרא,IL,דבש טהור מפרחי בר בל,גרמים,400.00,100 גרם,false,,27.90,6.9750,true,1,24097
7290005610011,false,תפוחי אדמה אדום ארוז,,,תפו`א אדום דוד משה,קילוגרמים,1.00,"ק""ג",true,,6.90,6.9000,true,1,138409
7290005610127,false,תפו`א גורמה לבן דוד,אראל תוצרת חקלאית בע,IL,תפו`א גורמה לבן דוד,קילוגרמים,1.00,"ק""ג",true,,8.90,8.9000,true,1,55179
7290005610196,false,תפוח אדמה בייבי גורמ,אראל תוצרת חקלאית בע,IL,תפו`א בייבי גורמה,קילוגרמים,1.00,"ק""ג",true,,6.90,6.9000,true,1,141642
7290005610226,false,תפוח אדמה גורמה אדום,,,תפו`א גורמה אדום ד,קילוגרמים,1.00,"ק""ג",true,,7.90,7.9000,true,1,141625
7290005719189,false,לחם מחמצת שיפון אגוז,,,לחם מחמצת שיפון אגו,יח',1.00,יח',false,,18.90,18.9000,true,1,143318
7290005838002,false,מעדן גבינה ויוגורט בטעם וניל 88 ג' דניאלה,"שטראוס בריאות בע""מ",IL,דניאלה מעדן גבינה 15,מיליליטרים,150.00,"100 מ""ל",false,,4.50,3.0000,true,1,24803
7290005839078,false,"דנונה יוגורט ביו 3% לבן מארז 150X8מ""ל",מיוצר עי קונדיטוריית,IL,דנונה ביו מארז חסכון,קילוגרמים,1.20,"ק""ג",false,,18.90,15.7500,true,1,24806
7290005839108,false,סימפוניה 5% עם זיתים 200 ג' שטראוס,"שטראוס בריאות בע""מ",IL,סימפוניה עם זיתים 5%,גרמים,200.00,100 גרם,false,,12.90,6.4500,true,1,24807
7290005839313,false,"מילקי טופ שוקולד מגולגל 170 מ""ל",מיוצר עי קונדיטוריית,IL,מילקי טופ מגולגלת 14,מיליליטרים,142.00,"100 מ""ל",false,,5.00,3.5211,true,1,24808
7290005896453,false,"בירה מכבי 7.9% בקבוק חוזר 500מ""ל",טמפו משקאות בע''מ,IL,בירה מכבי 7.9 בקבוק,מיליליטרים,500.00,"100 מ""ל",false,,8.90,1.7800,true,1,118075
7290005938245,false,ממרח פסטו קלאסי פרסקו 220ג' מצונן,מיוצר עי פרסקו חצבה,IL,פרסקו ממרח מצונן פסט,גרמים,220.00,100 גרם,false,,20.90,9.5000,true,1,18651
7290005966033,false,"יין הר חרמון לבן 750 מ""ל",יקב רמת הגולן,IL,יקבי רמת הגולן הר חר,מיליליטרים,750.00,"100 מ""ל",false,,39.90,5.3200,true,1,115328
7290005992018,false,"יוגורט עיזים לשתייה 3% 500 מ""ל רובין","מיוצר ע""י קוד יצרן M",IL,גד יוגורט עיזים 3% 5,מיליליטרים,500.00,"100 מ""ל",false,,14.90,2.9800,true,1,15461
7290005992575,false,בולגרית למריחה 5% 250 גרם - רבנות,מחלבות גד בעמ,IL,גד בולגרית למריחה 5%,גרמים,250.00,100 גרם,false,,20.20,8.0800,true,1,15464
7290005992735,false,לאבנה טבעית 5% 250 גר' - רבנות,הנסיך- מפעל לייצור ט,IL,גד לאבנה 5% 250ג,גרמים,250.00,100 גרם,false,,15.00,6.0000,true,1,15466
7290005996078,false,סרוולד הונגרי יחיעם,מעדני יחיעם,IL,סלמי סרוולט הונגרי 1,גרמים,125.00,100 גרם,false,,31.90,25.5200,true,1,221917
7290005996221,false,פסטרמה של פעם דק דק 120 גר',פ.פ.ח. שאביט,IL,פסטרמה של פעם דק דק,גרמים,120.00,100 גרם,false,,14.90,12.4167,true,1,236904
7290006065391,false,פילה דג נסיכת הנילו,,,פילה דג נסיכת הנילו,קילוגרמים,1.00,"ק""ג",true,,43.90,43.9000,true,1,331640
7290006065599,false,פילה בקלה מרלוזה ארג,,,פילה בקלה מרלוזה ארג,קילוגרמים,1.00,"ק""ג",true,,37.90,37.9000,true,1,331642
7290006199942,false,שמיניית גלידל פרי דו,הגלידות של פלדמן,IL,פופסיקל בטעם דובדבן,גרמים,640.00,100 גרם,false,,29.90,4.6719,true,1,226947
7290006229427,false,"סאן בנדטו מים מהאלפים מארז 500X6מ""ל",קריות זול,,"סאן בנדטו 6*500 מ""ל",ליטרים,3.00,ליטר,false,,13.90,4.6333,true,1,10250
7290006229588,false,בירה איגל פחית זהב 500 מל',"טמפו משקאות בע""מ",IL,איגל בירה פחית זהב 5,מיליליטרים,500.00,"100 מ""ל",false,,6.90,1.3800,true,1,123645
7290006241191,false,אגוזי מלך קליית גת 1,הדקלאים אגודת שיתופי,US,אגוזי מלך 150 גרם קל,גרמים,150.00,100 גרם,false,,17.90,11.9333,true,1,14017
7290006241504,false,פריגת תפוזים קפוא 345 גרם,פריגת מצוננים,IL,קפוא תפוזים 340 גרם,גרמים,340.00,100 גרם,false,,14.90,4.3824,true,1,7193
7290006241511,false,"פריגת קפוא לימון נענע 280 מ""ל",היינץ צפון אמריקה מק,IL,קפוא לימון נענע 340,גרמים,340.00,100 גרם,false,,14.90,4.3824,true,1,7194
7290006241535,false,תרכיז מנגו קפוא פריג,היינץ צפון אמריקה מק,IL,קפוא מנגו 340 גרם,גרמים,340.00,100 גרם,false,,14.90,4.3824,true,1,7195
7290006241689,false,משקה לימון מרוכז קפו,היינץ צפון אמריקה מק,IL,קפוא לימון 340 גרם,גרמים,340.00,100 גרם,false,,14.90,4.3824,true,1,7198
7290006251107,false,תה ויסוצקי צ'אי מסאלה 25 יח',מולינו ניקולי s.p.a,IL,תה מסאלה ויסוצקי 2/2,גרמים,50.00,100 גרם,false,,21.90,43.8000,true,1,26101
7290006251275,false,תה ויסוצקי ירוק סיני 25יח',קריות זול,IL,תה ירוק סיני,גרמים,37.50,100 גרם,false,,26.90,71.7333,true,1,26103
7290006251343,false,תה חליטה הגן הקסום פסיפלורה מנגו 25 שקיקים,קריות זול,IL,תה חליטה הגן הקסום פ,גרמים,62.50,100 גרם,false,,19.90,31.8400,true,1,26105
7290006256775,false,יין גאטו נגרו מלבק 7,,,גאטו נגרו מלבק 750 מ,מיליליטרים,750.00,"100 מ""ל",false,,42.90,5.7200,true,1,8039
7290006265548,false,נבטים סינים מרינה ארוז 360ג',"מרינה פטריות הגליל בע""מ",IL,נבטים סינים,יח',1.00,יח',false,,7.90,7.9000,true,1,55753
7290006265890,false,נבטי גרעיני חמניה יח,"מרינה פטריות הגליל בע""מ",IL,נבטי חמניה יח,יח',1.00,יח',false,,8.90,8.9000,true,1,55754
7290006271174,false,ג'חנון לאפיה בתנור מעדנות 700 ג',מיוצר עי קונדיטוריית,IL,גחנון לאפיה בתנור מע,גרמים,700.00,100 גרם,false,,21.90,3.1286,true,1,39000
7290006271181,false,מעדנות גחנון אפוי 750 גרם,מיוצר עי קונדיטוריית,IL,מעדנות גחנון אפוי 75,גרמים,750.00,100 גרם,false,,30.90,4.1200,true,1,39001
7290006271648,false,"מיני בורקס תפו""א 800 ג' מעדנות","מעדנות בע""מ",IL,מיני בורקס תפו`א 800,גרמים,800.00,100 גרם,false,,26.90,3.3625,true,1,119825
7290006271655,false,מיני בורקס גבינה 800 ג' מעדנות,מיוצר עי קונדיטוריית,IL,מיני בורקס גבינה 800,גרמים,800.00,100 גרם,false,,28.90,3.6125,true,1,119826
7290006272072,false,חטיפי פיצה בשקית מעדנות 650ג',"מעדנות בע""מ",IL,חטיפי פיצה מעדנות 65,גרמים,650.00,100 גרם,false,,38.90,5.9846,true,1,119828
7290006272430,false,בצק עלים חמאה מעדנות 600 ג',מיוצר עי קונדיטוריית,IL,בצק עלים חמאה 600 גר,גרמים,600.00,100 גרם,false,,33.90,5.6500,true,1,39011
7290006306296,false,רביולי לורנצו גבינה 400ג' פסטה נונה,פסטנונה רמת דלטון מר,IL,פסטה נונה פסטה נונה,גרמים,400.00,100 גרם,false,,30.60,7.6500,true,1,27714
7290006306319,false,רביולי במילוי בטטה 400 ג' פסטה נונה,דורום תעשיות מזון ופ,IL,פסטה נונה פסטה נונה,גרמים,400.00,100 גרם,false,,30.60,7.6500,true,1,27716
7290006306326,false,רביולי במילוי פטריות וגבינת פרמזן פסטה נונה 400 ג',דורום תעשיות מזון ופ,IL,פסטה נונה ריביולי פט,גרמים,400.00,100 גרם,false,,30.60,7.6500,true,1,27717
7290006342065,false,בוטנים קלויים 200 ג ששון הקולה,,,בוטנים קלויים 200 ג,גרמים,200.00,100 גרם,false,,8.90,4.4500,true,1,5282
7290006342515,false,מנציס 200 גרם,יושלם,,מנציס 200 גרם,גרמים,200.00,100 גרם,false,,7.90,3.9500,true,1,117704
7290006374738,false,קונפיטורה תות 340 ג' יד מרדכי,אף.סי תבליני בגליל ב,IL,קונפיטורת תות יד מור,גרמים,340.00,100 גרם,false,,14.90,4.3824,true,1,24104
7290006449955,false,מלפפון בייבי מארז,"מרינה פטריות הגליל בע""מ",IL,מלפפון בייבי,יח',1.00,יח',false,,9.90,9.9000,true,1,329595
7290006492432,false,גבינת מוצרלה בייבי 18% 300 ג' גד,מחלבות גד בעמ,IL,גד בייבי מוצרלה 150ג,גרמים,170.00,100 גרם,false,,17.00,10.0000,true,1,15467
7290006492616,false,גבינה בולגרית פרוסות 5% 250 ג' גד,DSH עבור מחלבות גד ב,IL,גד בולגרית פרוסות 5%,גרמים,250.00,100 גרם,false,,32.00,12.8000,true,1,15469
7290006492630,false,גליל גד עז 22% 180 גרם - רבנות,מחלבות גד בעמ,IL,גד גבינת גליל גד עזי,גרמים,180.00,100 גרם,false,,25.60,14.2222,true,1,15470
7290006492685,false,לאבנה עיזים 5% 250 גרם - רובין,מחלבות גד בעמ,IL,גד לאבנה עזים 3% 250,גרמים,250.00,100 גרם,false,,21.50,8.6000,true,1,15472
7290006492852,false,גבינת עיזים למריחה 5% שומן 250 ג' גד,קריות זול,IL,גד גבינת עיזים למריח,גרמים,250.00,100 גרם,false,,20.40,8.1600,true,1,15473
7290006492913,false,לאבנה ציזיקי למריחה 5% שומן 250 ג' גד,מחלבות גד בעמ,IL,לאבנה ציזיקי גד 250,גרמים,250.00,100 גרם,false,,16.10,6.4400,true,1,15474
7290006511157,false,"פטריות שלמות ויליפוד 400 גרם בד""ץ",אוקצ'מפס אס.איי אויי,PL,פטריות שלמות שמפיניו,גרמים,230.00,100 גרם,false,,8.50,3.6957,true,1,3605
7290006511751,false,פטריות שמפניון חתוך ויליפוד 290X3 ג' בד”צ,לוטס,,פטריות חתוכות ויליפו,גרמים,870.00,100 גרם,false,,13.00,1.4943,true,1,3608
7290006532008,false,צ'יפס טעים טעים 1.8,,,צ'יפס טעים טעים 1.8,קילוגרמים,1.80,"ק""ג",false,,26.90,14.9444,true,1,177633
7290006567048,false,קוסקוס ישראלי מפתול אסם 350ג',"מיוצר ע""י קוד יצרן K",IL,קוסקוס ישראלי בשקית,גרמים,350.00,100 גרם,false,,8.90,2.5429,true,1,21319
7290006582799,false,גינגר מיובש שקדיה 20,,,ג'ינג'ר מסוכר 200 גר,גרמים,200.00,100 גרם,false,,14.90,7.4500,true,1,5304
7290006618078,false,"אסטוניש מרסס ניקוי יסודי 750 מ""ל",אסטוניש Astonish,GB,אסטוניש מרסס ניקוי צ,מיליליטרים,750.00,"100 מ""ל",false,,14.90,1.9867,true,1,12107
7290006652027,false,במבה מארז 20 יח' *15ג' אסם,מיוצר עי קונדיטוריית,IL,במבה יום הולדת מאח.1,גרמים,300.00,100 גרם,false,,26.90,8.9667,true,1,21324
7290006653765,false,פסטה פרפקטו פטוציני 500ג' אסם,קריות זול,IT,פטוציני פרפקטו 500 ג,גרמים,500.00,100 גרם,false,,7.90,1.5800,true,1,21326
7290006653819,false,קוסקוס דק בשקית אסם,"מיוצר ע""י קוד יצרן K",IL,קוסקוס דק בשקית אסם,גרמים,350.00,100 גרם,false,,8.90,2.5429,true,1,21327
7290006664051,false,"אקטימל לבן מארז 100X14 מ""ל",מיוצר עי קונדיטוריית,IL,אקטימל טבעי 14*100מל,ליטרים,1.40,ליטר,false,,33.90,24.2143,true,1,24814
7290006664310,false,גבינה לבנה 3% שומן 250 ג' שטראוס,מיוצר עי קונדיטוריית,IL,גבינה 3% סקי 250 גרם,גרמים,250.00,100 גרם,false,,5.10,2.0400,true,1,24817
7290006664402,false,גבינה 5% שומן 750 ג' שטראוס,מיוצר עי קונדיטוריית,IL,שטראוס גבינה 5% 750ג,גרמים,750.00,100 גרם,false,,14.25,1.9000,true,1,24819
7290006664532,false,יוגורט עם תות 3% שומן 150 ג' דנונה,מיוצר עי קונדיטוריית,IL,דנונה תות 3% 150מל,גרמים,150.00,100 גרם,false,,4.10,2.7333,true,1,24820
7290006664655,false,"אקטימל לבן טבעי מארז 100X8 מ""ל",מיוצר עי קונדיטוריית,IL,אקטימל טבעי 8*100מל,מיליליטרים,800.00,"100 מ""ל",false,,23.90,2.9875,true,1,24822
7290006664693,false,יוגורט עם אפרסק 3% שומן 150 ג' דנונה,מיוצר עי קונדיטוריית,IL,דנונה אפרסק 3% 150מל,גרמים,150.00,100 גרם,false,,4.10,2.7333,true,1,24823
7290006664990,false,דנונה ביו מארז חיסכון 1.5% 8 יח' *150 ג',מיוצר עי קונדיטוריית,IL,דנונה ביו מארז חיסכו,קילוגרמים,1.20,"ק""ג",false,,18.90,15.7500,true,1,24826
7290006704016,false,בזיליקום ארוז יחידה,,,בזיליקום ארוז יחידה,יח',1.00,יח',false,,6.90,6.9000,true,1,55757
7290006704511,false,"תפו""א גמדי אדום למיקרו מרינה 750ג'","מרינה פטריות הגליל בע""מ",IL,תפוא ננסי מיקרוגל,גרמים,750.00,100 גרם,false,,7.90,1.0533,true,1,55772
7290006704658,false,ברוקולי ארוז יח,יריב חג'בי,IL,ברוקולי,,0.00,,false,,9.90,0.0000,true,1,103794
7290006739131,false,בצק גולמי פילו זוגלובק 500ג',מאפיית אריאל,IL,זוגלובק בצק פילו 500,גרמים,500.00,100 גרם,false,,18.90,3.7800,true,1,42732
7290006739346,false,נקניקיות פרגיות טרי 400 גרם זוגלובק,נקניק נהריה כשר זוגל,IL,נקניקיות פרגיות טרי,גרמים,400.00,100 גרם,false,,20.90,5.2250,true,1,42737
7290006739421,false,סלמי מעושן איטלקי 300 ג' זוגלובק,נקניק נהריה כשר זוגל,IL,סלמי מעושן איטלקי ז,גרמים,300.00,100 גרם,false,,34.90,11.6333,true,1,42741
7290006739445,false,שניצל תירס קלאסי 750 ג' זוגלובק,נקניק נהריה כשר זוגל,IL,שניצל תירס קלאסי 750,גרמים,750.00,100 גרם,false,,29.90,3.9867,true,1,42742
7290006753915,false,נקניקיות מיני מרגז פ,,,נקניקיות מיני מרגז פ,גרמים,500.00,100 גרם,false,,31.90,6.3800,true,1,438244
7290006764065,false,"בירה נשר מאלט בקבוק חוזר 500 מ""ל","טמפו משקאות בע""ם.",IL,נשר מאלט בקבוק פקדון,מיליליטרים,500.00,"100 מ""ל",false,,5.90,1.1800,true,1,10252
7290006764072,false,"גולדסטאר בירה בק חוזר 500 מ""ל","טמפו משקאות בע""מ",IL,גולדסטאר בירה בק חוז,מיליליטרים,500.00,"100 מ""ל",false,,7.90,1.5800,true,1,10253
7290006764478,false,בירה שחורה מאלט בקבו,"טמפו משקאות בע""מ",IL,נשר מאלט 330מל,מיליליטרים,330.00,"100 מ""ל",false,,5.30,1.6061,true,1,67347
7290006764485,false,"בירה נשר מאלט שחורה מארז 330X6מ""ל",קריות זול,,נשר מאלט 6*330מל,ליטרים,1.98,ליטר,false,,36.70,18.5354,true,1,10256
7290006765765,false,פפאיה מיובשת מסוכרת,"דין שיווק וקליה בע""מ",,פפאיה מיובשת מסוכרת,גרמים,200.00,100 גרם,false,,12.90,6.4500,true,1,5307
7290006765772,false,אננס מסוכר מיובש בקו,שקדיה,,אננס טבעות מסוכר 160,גרמים,160.00,100 גרם,false,,13.90,8.6875,true,1,5308
7290006788436,false,"קרליין - נושם פיור דאודורנט רול און לאישה ורוד 75 מ""ל",משווק: קוסמופארם בעמ,IL,דאו' רולאון נושם פיו,גרמים,75.00,100 גרם,false,,14.90,19.8667,true,1,32237
7290006788498,false,"קרליין - נושם פיור דאודורנט ספריי לאישה ורוד 200 מ""ל",מיוצר עי : אמיליה קו,IL,דאו' תרסיס נושם ורוד,מיליליטרים,200.00,"100 מ""ל",false,,13.90,6.9500,true,1,32243
7290006789655,false,"קרליין קרם לחות לבניית תלתלים 400 מ""ל",מיוצר עי : אמיליה קו,IL,קרם לחות לבניית תלתל,מיליליטרים,400.00,"100 מ""ל",false,,18.00,4.5000,true,1,32280
7290006804907,false,פיתות אסלי קפוא 5 יח' אפיה,פילסברי,,פיתות אסלי 5 יח',גרמים,500.00,100 גרם,false,,8.90,1.7800,true,1,216446
7290006805850,false,תערובת להכנת פנקייקס 500ג' פילסברי,הדקלאים אגודת שיתופי,IL,תערובת להכנת פנקייקס,גרמים,500.00,100 גרם,false,,19.90,3.9800,true,1,14020
7290006822192,false,מיץ חמוציות דיאט אושן ספריי 1 ליטר,מבשלות בירה בינלאומי,IL,אושן ספרי דיאט חמוצי,ליטרים,1.00,ליטר,false,,13.50,13.5000,true,1,7711
7290006866363,false,פרימור סחוט אשכולית אדומה 1ל',"גניר (1992) בע""מ",IL,פרימור מיץ אשכולית א,ליטרים,1.00,ליטר,false,,17.20,17.2000,true,1,24827
7290006908360,false,שקד קלוי חממה 150 גר,בוטנת,,שקד קלוי 150 גר` פיצ,גרמים,150.00,100 גרם,false,,17.90,11.9333,true,1,127142
7290006908384,false,פיסטוק חלבי חממה 150,בוטנת,,פיסטוק חלבי 150 גרם,גרמים,150.00,100 גרם,false,,18.90,12.6000,true,1,127144
7290006983152,false,קרוטונים מתובלים למרק 400 ג' אסם,עינת תעשיות מזון,IL,קרוטונים מתובלים אסם,גרמים,400.00,100 גרם,false,,21.90,5.4750,true,1,21330
7290006983176,false,אוסם - לחמית שיפון 250 גרם,"אסם השקעות בע""מ",IL,לחמית שיפון אסם 250,גרמים,230.00,100 גרם,false,,9.90,4.3043,true,1,21331
7290006983763,false,עוגת הבית שוקולד 400 גרם אסם.,מיוצר עי קונדיטוריית,IL,עוגת הבית שוקולד 400,גרמים,400.00,100 גרם,false,,15.90,3.9750,true,1,21335
7290006983770,false,עוגת הבית שיש 400 ג' אסם,מיוצר עי קונדיטוריית,IL,עוגת הבית שיש 400גר,גרמים,400.00,100 גרם,false,,15.90,3.9750,true,1,21336
7290006983787,false,עוגת הבית שוקוציפס 400 גרם אסם,מיוצר עי קונדיטוריית,IL,עוגת הבית שוקוציפס 4,גרמים,400.00,100 גרם,false,,15.90,3.9750,true,1,21337
7290006983794,false,עוגת הבית תפוז 400 ג' אסם,מיוצר עי קונדיטוריית,IL,עוגת הבית תפוז 400גר,גרמים,400.00,100 גרם,false,,15.90,3.9750,true,1,21338
7290006992208,false,מטרנה - דייסת דגנים מעורבים 200 גרם,מטרנה תעשיות ש.מ,IL,מטרנה דייסת דגנים פר,גרמים,200.00,100 גרם,false,,16.90,8.4500,true,1,21344
7290006992390,false,"מטרנה - דייסת וניל פרוביוטי כשל""פ 200 גרם",מולינו ניקולי s.p.a,IL,מטרנה דייסת וניל פרו,גרמים,200.00,100 גרם,false,,16.90,8.4500,true,1,21345
7290008101318,false,קריספ פירורי לחם זהוב 300 גרם,,,פירורי לחם זהוב קלאס,גרמים,300.00,100 גרם,false,,8.90,2.9667,true,1,435883
7290008116534,false,"מי פה ליסטרין קול מינט 250 מ""ל",,,קולמינט מי פה ליסטרי,מיליליטרים,250.00,"100 מ""ל",false,,17.90,7.1600,true,1,136174
7290008116541,false,"שטיפת פה ליסטרין קול מינט 500 מ""ל",ג'ונסון אנד ג'ונסון,IT,מי פה ליסטרין בטעם מ,מיליליטרים,500.00,"100 מ""ל",false,,23.90,4.7800,true,1,31620
7290008116565,false,מי פה ליסטרין פרש בר,ג'ונסון אנד ג'ונסון,IT,מי פה פרש ליסטרין 50,מיליליטרים,500.00,"100 מ""ל",false,,23.90,4.7800,true,1,31622
7290008154222,false,שניצלונים עוף טוב 700 גרם,מולינו ניקולי s.p.a,IL,שניצלונים עוף טוב 70,גרמים,700.00,100 גרם,false,,21.90,3.1286,true,1,22118
7290008268288,true,מארז תפוח קריפס פינק,,,מארז תפוח קריפס פינק,גרמים,900.00,100 גרם,false,,13.90,1.5444,true,1,515377
7290008268301,false,אוכמניות יחידה,מרינה,IL,אוכמניות,גרמים,120.00,100 גרם,false,,14.90,12.4167,true,1,143006
7290008268455,false,קיווי ישראלי בראשית,חקלאי,IL,קיווי ארוז בראשית,יח',1.00,יח',false,,12.90,12.9000,true,1,370323
7290008300599,false,70*50 'שקיות אשפה שר,,,70*50 'שקיות אשפה שר,יחידה,0.00,יחידה,false,,17.90,0.0000,true,1,377351
7290008300629,false,שקיות אוכל בקופסא של,,,שקיות אוכל בקופסא של,יחידה,0.00,יחידה,false,,13.90,0.0000,true,1,123919
7290008333115,false,אבקת ג'לטין טהור נטו 28 גרם,ג'ליק פיניור,,.ג'לטין טהור 28 גר,גרמים,28.00,100 גרם,false,,11.50,41.0714,true,1,18663
7290008343466,false,בצק פילו 500 ג' שלושת האופים,כלורוקס אוקלנד,IL,בצק פילו 500 גרם,גרמים,500.00,100 גרם,false,,21.90,4.3800,true,1,18680
7290008343558,false,"סיגרים בשר שלושת האופים 1 ק""ג",שלושת האופים,IL,סיגרים בשר 1 ק`ג שלו,קילוגרמים,1.00,"ק""ג",false,,17.90,17.9000,true,1,118647
7290008343602,false,"קובה בשר 1 ק""ג שלושת האופים",שלושת האופים,IL,קובה בשר 1 ק`ג שלושת,קילוגרמים,1.00,"ק""ג",false,,17.90,17.9000,true,1,118650
7290008343619,false,"פסטלים תפו""א שלושת האופים 1 ק""ג",שלושת האופים,IL,פסטלים תפו`א שלושת ה,קילוגרמים,1.00,"ק""ג",false,,17.90,17.9000,true,1,118651
7290008344258,false,המבורגר מזרחי 400 גר,"טיבון ויל אחזקות בע""",IL,המבורגר מזרחי 400 ג',גרמים,400.00,100 גרם,false,,24.90,6.2250,true,1,18693
7290008344272,false,המבורגר 100% 400 ג' טיבון ויל,טיבון ויל אחזקות בעמ,IL,המבורגר 100% 400 ג'-,גרמים,400.00,100 גרם,false,,24.90,6.2250,true,1,18695
7290008345118,false,מקרל בשמן דלידג 240 ג',מיוצר על ידי קוד יצר,IL,מקרל בשמן דלידג 240,גרמים,240.00,100 גרם,false,,26.90,11.2083,true,1,214531
7290008345583,false,"סלט איקרה ורודה, 300 גרם דלידג",כלורוקס אוקלנד,IL,300 איקרה ביתית ורוד,גרמים,300.00,100 גרם,false,,21.90,7.3000,true,1,18703
7290008409100,false,אצבעות שניצל ציפוי שומשום 700 ג' מאמא עוף,תנובה גליל שותפות מו,IL,אצבעות שניצל ציפוי ש,גרמים,700.00,100 גרם,false,,40.90,5.8429,true,1,28307
7290008409124,false,מאמא עוף קפוא שניצל ג'ונגל פריך 700 גרם,תנובה גליל שותפות מו,IL,מאמא עוף קפוא שניצל,גרמים,700.00,100 גרם,false,,40.90,5.8429,true,1,28308
7290008409216,false,מאמא עוף קפוא שניצל דק פריך 700 גרם,תנובה גליל,IL,מאמא עוף קפוא שניצל,גרמים,700.00,100 גרם,false,,45.90,6.5571,true,1,69258
7290008409568,false,שניצל ציפס אמיתי מאמא עוף 700 ג',תנובה גליל שותפות מו,IL,שניצל ציפס אמיתי מאמ,גרמים,700.00,100 גרם,false,,46.90,6.7000,true,1,28321
7290008409582,false,שניצל אמיתי בציפוי ביתי מאמא עוף 700 ג',תנובה גליל שותפות מו,IL,שניצל אמיתי בציפוי ב,גרמים,700.00,100 גרם,false,,46.90,6.7000,true,1,28323
7290008409605,false,כוכבי עוף מאמא עוף 700 גר',תנובה גליל שותפות מו,IL,כוכבי עוף בציפוי מעו,גרמים,700.00,100 גרם,false,,40.90,5.8429,true,1,28324
7290008409773,false,קציצות עוף ביתיות מאמא עוף 700 ג',תנובה גליל שותפות מו,IL,מאמא עוף קפוא קציצות,גרמים,700.00,100 גרם,false,,39.90,5.7000,true,1,28327
7290008443616,false,"מרכך לשיער יבש אדום 750 מ""ל נקה 7",אמיליה קוסמטיקס בעמ,IL,מרכך לשיער יבש אדום,מיליליטרים,750.00,"100 מ""ל",false,,12.90,1.7200,true,1,32313
7290008461238,false,סרדין רוברט בשמן חמניות ופלפל חריף 115 ג',"רמירז, מטוסינוס",PT,סרדינים רוברט בשמן ח,גרמים,115.00,100 גרם,false,,7.90,6.8696,true,1,18711
7290008462204,false,חרדל דיזון מיילי מקו,יוניליבר צרפת,FR,חרדל דיזון מקורי 380,גרמים,380.00,100 גרם,false,,19.90,5.2368,true,1,18713
7290008464130,false,"בירה גולדסטאר לא מסונן 330X6מ""ל",טמפו,IL,גולדסטאר לא מסונן 6*,ליטרים,1.98,ליטר,false,,46.90,23.6869,true,1,10270
7290008464345,false,"בירה גולדסטאר בקבוק 330 מ""ל",טמפו משקאות בע''מ,IL,"גולדסטאר בירה ח""פ 33",יחידה,330.00,יחידה,false,,8.70,0.0264,true,1,10275
7290008464468,false,"בירה גולדסטאר פחית 500 מ""ל","טמפו משקות בע""מ",IL,"גולדסטאר פחית 500מ""ל",מיליליטרים,500.00,"100 מ""ל",false,,9.90,1.9800,true,1,10281
7290008464505,false,סאן בנדטו בקבוק פלסטיק 500מל,אקווה מינרלה סאן בנד,IT,סן בנדטו 0.5ל. מים מ,מיליליטרים,500.00,"100 מ""ל",false,,3.90,0.7800,true,1,10283
7290008464604,false,"בירה היינקן פחית 500מ""ל",טמפו משקאות בע''מ,NL,הייניקן בירה פח 500מ,מיליליטרים,500.00,"100 מ""ל",false,,13.90,2.7800,true,1,10288
7290008464611,false,"סודה טמפו בקבוק זכוכית 275 מ""ל",טמפו משקאות בעמ,IL,"מי סודה טמפו 275 מ""ל",מיליליטרים,275.00,"100 מ""ל",false,,3.50,1.2727,true,1,127729
7290008464703,false,"שישיית בירה מכבי 6 *330מ""ל",טמפו,,בירה מכבי מארז 6 *33,ליטרים,1.98,ליטר,false,,36.90,18.6364,true,1,10290
7290008464741,false,"בירה גולדסטאר בק' מארז 330X6מ""ל",קריות זול,IL,"גולדסטאר ח""פ בקבוק 6",ליטרים,1.98,ליטר,false,,40.90,20.6566,true,1,10292
7290008500128,false,עוגת שמרים טעם שוקול,פילסברי,IL,עוגת שמרים טעם שוקול,גרמים,500.00,100 גרם,false,,28.90,5.7800,true,1,297905
7290008500142,false,עוגת שמרים עם תפוח ע,פילסברי,IL,"עוגת שמרים טעם תפו""ע",גרמים,480.00,100 גרם,false,,28.90,6.0208,true,1,350753
7290008500166,false,עוגת שמרים טעם פרג 5,פילסברי,IL,עוגת שמרים טעם פרג 5,גרמים,520.00,100 גרם,false,,28.90,5.5577,true,1,297908
7290008644112,false,סלט מטבוחה יום יום אחלה 125 ג',"שטראוס גרופ בע""מ",IL,אחלה מטבוחה 125ג,גרמים,125.00,100 גרם,false,,5.90,4.7200,true,1,24828
7290008644235,false,עלי בייבי טעם הטבע 1,שטראוס בריאות ירקות,IL,עלי בייבי 120 ג ירקו,גרמים,120.00,100 גרם,false,,11.50,9.5833,true,1,55792
7290008644945,false,סלט המושבה שטופים שט,שטראוס בריאות ירקות,IL,סלט המושבה 450 ג ירק,גרמים,450.00,100 גרם,false,,14.60,3.2444,true,1,24831
7290008670012,false,"יין רקאנטי קברנה סוביניון 2019 750 מ""ל",תות ממתקי איכות,IL,רקנאטי קברנה סובניו,מיליליטרים,750.00,"100 מ""ל",false,,55.90,7.4533,true,1,8040
7290008670142,false,"יין רקנאטי יסמין אדום 2019 750 מ""ל",יקב רקאנטי,IL,רקנאטי יסמין אדום 75,מיליליטרים,750.00,"100 מ""ל",false,,39.90,5.3200,true,1,8042
7290008670159,false,יין רקנאטי יסמין לבן,"יקבי רקנאטי בע""מ",IL,רקנאטי יסמין לבן 750,מיליליטרים,750.00,"100 מ""ל",false,,39.90,5.3200,true,1,8043
7290008690713,false,פריגת אושן ספריי חמוציות 1ל',מבשלות בירה בינלאומי,IL,אושן ספרי חמוציות 1ל,ליטרים,1.00,ליטר,false,,13.50,13.5000,true,1,7732
7290008693134,false,מעדן גבינה ויוגורט בטעם תות 5% שומן 88 ג' דניאלה,"שטראוס בריאות בע""מ",IL,דניאלה תות מעדן גבינ,מיליליטרים,150.00,"100 מ""ל",false,,4.50,3.0000,true,1,24833
7290008713900,false,לחם שיפון עגול 750 ג' אנג'ל,מאפיית אנג'ל אורנים,IL,לחם שיפון עגול אנגל,גרמים,750.00,100 גרם,false,,14.90,1.9867,true,1,69743
7290008713917,false,לחם שיפון כהה 750 ג' אנג'ל,מאפית אורנים,IL,לחם שיפון כהה אנגל 7,גרמים,750.00,100 גרם,false,,14.90,1.9867,true,1,69744
7290008747547,false,תפוצ'יפס אקסטרא 200גר טבעי,"שטראוס פריטו ליי בע""",IL,תפוציפס קראנץ טבעי 2,גרמים,200.00,100 גרם,false,,11.90,5.9500,true,1,25341
7290008750264,false,גומי מאסט בטעם דובדבן 28 ג' עלית,"שטראוס גרופ בע""מ",IL,מאסט דובדבן 28ג,גרמים,28.00,100 גרם,false,,5.20,18.5714,true,1,24114
7290008752244,false,תפוצ'יפס אקסטרא גריל 50 גרם,"שטראוס פריטו ליי בע""",IL,תפוציפס קראנץ גריל 5,גרמים,50.00,100 גרם,false,,4.90,9.8000,true,1,25347
7290008753111,false,תפוציפס קראנץ מקסיקנ,"שטראוס פריטו ליי בע""",IL,תפוציפס מקסיקני 50גר,גרמים,50.00,100 גרם,false,,4.90,9.8000,true,1,25349
7290008754040,false,ממרח פרה שוקולד 850 גר - מגדים,STRAUSS-ISRAEL,IL,ממרח פרה שוקולד 850,גרמים,850.00,100 גרם,false,,18.90,2.2235,true,1,24122
7290008775816,false,ערגליות שוקו חדש12*300גרם 2020,מיוצר עי קונדיטוריית,IL,ערגליות שוקולד 300 ג,גרמים,300.00,100 גרם,false,,11.90,3.9667,true,1,21347
7290008775823,false,ערגליות תות חדש12*300גרם 2020,מיוצר עי קונדיטוריית,IL,ערגליות תות שדה 300,גרמים,300.00,100 גרם,false,,11.90,3.9667,true,1,21348
7290008801478,false,יין טופז זהב אדום מת,קריות זול,,"טופז זהב 750 מ""ל",מיליליטרים,750.00,"100 מ""ל",false,,21.90,2.9200,true,1,511
7290008801522,false,"יין קינג דיויד קונקורד אדום 750 מ""ל",אגודת הכורמים הקואופ,IL,יין קונקורד קינג דיו,מיליליטרים,750.00,"100 מ""ל",false,,23.90,3.1867,true,1,512
7290008802529,false,"יין לבן חצי יבש וינו 750 מ""ל",קריות זול,IL,יין וינו לבן יבש,מיליליטרים,750.00,"100 מ""ל",false,,23.90,3.1867,true,1,519
7290008849470,false,ממרחפלפל צומה 185 ג' אוליביה,אוליביה גורמה בעמ,IL,אוליביה ממרח פלפל צו,גרמים,185.00,100 גרם,false,,14.90,8.0541,true,1,4131
7290008849609,false,אוליביה רוטב לכרעיים,אוליביה גורמה (1996),IL,רוטב שום דבש אוליבי,גרמים,330.00,100 גרם,false,,14.90,4.5152,true,1,4135
7290008849753,false,רוטב טריאקי עשיר אוליביה 300 מל,מיוצר עי קונדיטוריית,IL,רוטב טריאקי עשיר אול,מיליליטרים,300.00,"100 מ""ל",false,,15.90,5.3000,true,1,4138
7290008849777,false,רוטב צילי מתוק אוליביה 350 ג',קריות זול,IL,אוליביה רוטב צילי מת,גרמים,350.00,100 גרם,false,,15.90,4.5429,true,1,4139
7290008909761,false,"קרלסברג בקבוק יחיד 330מ""ל",מבשלות בירה בינלאומי,IL,קרלסברג בקבוק יחיד 3,מיליליטרים,330.00,"100 מ""ל",false,,8.90,2.6970,true,1,7751
7290009018004,false,פיקדון בקבוק/פחית בו,Unknown,,פיקדון בקבוק/פחית בו,יחידה,0.00,יחידה,false,,0.30,0.0000,true,1,49
7290009018011,false,פיקדון בקבוק/פחיות ש,,,פיקדון בקבוק/פחיות ש,יחידה,0.00,יחידה,false,,1.80,0.0000,true,1,854
7290009018264,false,פיקדון בקבוק/פחית רב,,,פיקדון בקבוק/פחית רב,יחידה,0.00,יחידה,false,,1.20,0.0000,true,1,625
7290009174397,false,כריך עובד מגה,,,כריך עובד מגה,יחידה,0.00,יחידה,false,,1.50,0.0000,true,1,57382
7290010002023,false,מימון כורכום הודי טח,א.ל ייצור ושיווק תבל,IL,מימון כורכום הודי טח,גרמים,100.00,100 גרם,false,,12.90,12.9000,true,1,161
7290010002030,false,מימון כמון במיכל 100,א.ל ייצור ושיווק תבל,IL,מימון כמון במיכל 100,גרמים,100.00,100 גרם,false,,12.90,12.9000,true,1,162
7290010002061,false,פלפל לבן טחון 100 גרם,,,מימון פלפל לבן טחון,גרמים,100.00,100 גרם,false,,19.30,19.3000,true,1,165
7290010002078,false,מימון פלפל שחור טחון,א.ל ייצור ושיווק תבל,IL,מימון פלפל שחור טחון,גרמים,100.00,100 גרם,false,,15.90,15.9000,true,1,166
7290010002092,false,מימון פלפל שחור גרוס,,,מימון פלפל שחור גרוס,גרמים,90.00,100 גרם,false,,15.90,17.6667,true,1,168
7290010002146,false,פפריקה מרוקאית מתוקה,א.ל ייצור ושיווק תבל,IL,מימון פפריקה מרוקאית,גרמים,100.00,100 גרם,false,,12.90,12.9000,true,1,173
7290010002191,false,מימון מקלות קינמון ב,TLV צ'יף,IL,מימון מקלות קינמון ב,גרמים,70.00,100 גרם,false,,10.50,15.0000,true,1,175
7290010002207,false,מימון קינמון טחון במ,א.ל ייצור ושיווק תבל,IL,מימון קינמון טחון במ,גרמים,100.00,100 גרם,false,,10.50,10.5000,true,1,176
7290010002214,false,מימון צילי גרוס 80 ג,א.ל ייצור ושיווק תבל,IL,מימון צילי גרוס 80 ג,גרמים,80.00,100 גרם,false,,12.90,16.1250,true,1,177
7290010002320,false,מימון תיבול לגריל עו,א.ל ייצור ושיווק תבל,IL,מימון תיבול לגריל עו,גרמים,100.00,100 גרם,false,,12.90,12.9000,true,1,182
7290010002351,false,מימון זעתר ושומשום 1,א.ל ייצור ושיווק תבל,IL,מימון זעתר ושומשום 1,גרמים,100.00,100 גרם,false,,12.90,12.9000,true,1,185
7290010002375,false,מימון קארי 100 גרם,א.ל ייצור ושיווק תבל,IL,מימון קארי 100 גרם,גרמים,100.00,100 גרם,false,,12.90,12.9000,true,1,187
7290010002696,false,אקסטרא צ'יפס אורז חו,,,אקסטרא צ'יפס אורז חו,גרמים,60.00,100 גרם,false,,9.40,15.6667,true,1,435916
7290010003075,false,פפריקה מרוקאית מתוקה,TLV צ'יף,IL,מימון פפריקה מרוקאית,גרמים,400.00,100 גרם,false,,27.40,6.8500,true,1,201
7290010003709,false,מימון פלפל שחור טחון,TLV צ'יף,IL,מימון פלפל שחור טחון,גרמים,50.00,100 גרם,false,,8.70,17.4000,true,1,208
7290010003761,false,מימון כורכום טחון שק,א.ל ייצור ושיווק תבל,IL,מימון כורכום טחון שק,גרמים,80.00,100 גרם,false,,6.50,8.1250,true,1,210
7290010003778,false,מימון תיבול לגריל עו,TLV צ'יף,IL,מימון תיבול לגריל עו,גרמים,80.00,100 גרם,false,,6.50,8.1250,true,1,211
7290010003792,false,מימון מלח לימון שקית,א.ל ייצור ושיווק תבל,IL,מימון מלח לימון שקית,גרמים,100.00,100 גרם,false,,6.50,6.5000,true,1,213
7290010003808,false,מימון זעתר ושומשום ש,TLV צ'יף,IL,מימון זעתר ושומשום ש,גרמים,80.00,100 גרם,false,,6.50,8.1250,true,1,214
7290010003822,false,מימון פפריקה חריפה ש,א.ל ייצור ושיווק תבל,IL,מימון פפריקה חריפה ש,גרמים,80.00,100 גרם,false,,6.50,8.1250,true,1,216
7290010003839,false,מימון קינמון טחון שק,TLV צ'יף,IL,מימון קינמון טחון שק,גרמים,80.00,100 גרם,false,,6.50,8.1250,true,1,217
7290010045006,false,עוגיות חמאה פריכות 200 ג',מאפיית אריאל,IL,עוגיות חמאה פריכות ל,גרמים,200.00,100 גרם,false,,19.90,9.9500,true,1,26129
7290010045051,false,עוגיות מלבן שקדים 200 ג',מאפיית אריאל,IL,עוגיות מלבן שקדים לח,גרמים,200.00,100 גרם,false,,19.90,9.9500,true,1,26132
7290010045068,false,עוגיות הנסיכה משושים,מאפיית אריאל,IL,עוגיות הנסיכה לחמי 2,גרמים,250.00,100 גרם,false,,19.90,7.9600,true,1,26133
7290010066513,false,נתחי טונה בשמן צמחי רביעיה *158ג' פילטונה,,,נתחי טונה בשמן צמחי,גרמים,632.00,100 גרם,false,,25.90,4.0981,true,1,28378
7290010066575,false,נתחי טונה במים רביעיה *158ג' פילטונה,,,נתחי טונה במים פילטו,גרמים,632.00,100 גרם,false,,25.90,4.0981,true,1,28380
7290010066582,false,נתחי טונה בשמן קנולה רביעיה * 158 ג' פילטונה,,,נתחי טונה בשמן קנולה,גרמים,632.00,100 גרם,false,,25.90,4.0981,true,1,28381
7290010066599,false,נתחי טונה בשמן זית 4*158ג' פילטונה,תעשיות פילטונה,IL,נתחי טונה בשמן זית פ,גרמים,632.00,100 גרם,false,,32.90,5.2057,true,1,93784
7290010116980,false,אבקת שוקולית שקית עלית 850 ג',הנסיך- מפעל לייצור ט,IL,שוקולית 850 גרם,גרמים,850.00,100 גרם,false,,18.90,2.2235,true,1,24136
7290010117864,false,דוריטוס בטעם חריף אש,שטראוס פריטו ליי בע,IL,דוריטוס חריף אש 70 ג,גרמים,70.00,100 גרם,false,,4.70,6.7143,true,1,25359
7290010118328,false,מארז תפוצ'יפס בטעם טבעי,שטראוס,IL,תפוצ'יפס טבעי 6*40 ג,גרמים,240.00,100 גרם,false,,14.90,6.2083,true,1,25363
7290010124107,false,סטייקבורגר זהב 400 גר',,,סטייק בורגר 400 גרם,גרמים,400.00,100 גרם,false,,20.90,5.2250,true,1,141761
7290010129003,false,עוגיות אוזן בצק עלים,קריניציה ויטמינה אס,IL,עוגיות אוזניים 600גר,גרמים,600.00,100 גרם,false,,22.90,3.8167,true,1,68630
7290010129010,false,עוגיות כתר ריבה 600,קריניציה ויטמינה אס,IL,עוגיות ריבה 600גר,גרמים,600.00,100 גרם,false,,22.90,3.8167,true,1,22337
7290010129027,false,עוגיות מרוקאיות 600,שיבולים א.ד.ל,IL,עוגיות מרוקאיות 600,גרמים,600.00,100 גרם,false,,22.90,3.8167,true,1,22338
7290010129676,false,עוגיות מרוקאיות ארוך,,,עוגיות מרוקאיות ארוך,גרמים,350.00,100 גרם,false,,19.90,5.6857,true,1,142193
7290010129720,false,עוגיות שמרים שניק קי,שיבולים א.ד.ל,IL,עוגיות שמרים שניק קי,גרמים,400.00,100 גרם,false,,14.90,3.7250,true,1,142196
7290010129959,false,עוגיות שמרים רוגלעך,שיבולים א.ד.ל,IL,עוגיות שמרים רוגלעך,גרמים,400.00,100 גרם,false,,14.90,3.7250,true,1,22368
7290010153510,false,בורגול יבש מיה 500 גר',מיה,IL,בורגול מיה 500 גרם,גרמים,500.00,100 גרם,false,,6.50,1.3000,true,1,15750
7290010153688,false,"חומץ טבעי מיה 1 ליטר בד""צ",פרידמן תעשיות חומץ ו,IL,חומץ טבעי מיה 1 ליטר,ליטרים,1.00,ליטר,false,,6.90,6.9000,true,1,15759
7290010153794,false,ציפוי לשניצל עם עשבי תיבול מיה 500 גר',מיה תעשיות מזון,IL,ציפוי לשניצל עם עשבי,גרמים,500.00,100 גרם,false,,10.90,2.1800,true,1,15768
7290010153800,false,ציפוי לשניצל עם תיבול עדין מיה 500 גר',מיה תעשיות מזון,IL,ציפוי לשניצל עם תיבו,גרמים,500.00,100 גרם,false,,10.90,2.1800,true,1,15769
7290010154241,false,סלט חזרת ריף ביטון 250 ג',תבליני ביטון יוחאי,IL,סלט חזרת ביטון 250 ג,גרמים,250.00,100 גרם,false,,16.90,6.7600,true,1,18720
7290010154265,false,פלפל צ'ומה חריף פיקנטי,תבליני ביטון יוחאי,IL,פלפל צ`ומה ביטון 250,גרמים,250.00,100 גרם,false,,16.90,6.7600,true,1,18721
7290010154418,false,סחוג אדום ביטון 130 גר',תבליני ביטון יוחאי,IL,יוחאי ביטון סחוג אדו,גרמים,130.00,100 גרם,false,,9.90,7.6154,true,1,18726
7290010154678,false,אריסה מרוקאית ביטון 250 ג' ביטון,תבליני ביטון יוחאי,IL,יוחאי ביטון אריסה מר,גרמים,250.00,100 גרם,false,,16.90,6.7600,true,1,121812
7290010154685,false,סלט שום כתוש 250 ג' ביטון יוחאי,תבליני ביטון יוחאי,IL,סלט שום כתוש 250 גר',גרמים,250.00,100 גרם,false,,16.90,6.7600,true,1,121813
7290010192007,false,פטרוזיליה,,,פטרוזיליה,יח',1.00,יח',false,,4.90,4.9000,true,1,55800
7290010192014,false,שמיר,,,שמיר,יח',1.00,יח',false,,4.90,4.9000,true,1,55801
7290010192021,false,כוסברה ארוז,,,כוסברה,יח',1.00,יח',false,,4.90,4.9000,true,1,55802
7290010192038,false,שורש פטרוזיליה ארוז,,,שורש פטרוזיליה ארוז,יח',1.00,יח',false,,6.90,6.9000,true,1,55803
7290010192045,false,נענע יחידה,,,נענע יחידה,יח',1.00,יח',false,,4.90,4.9000,true,1,55804
7290010192052,false,סלרי עלים (אמריקאי),,,סלרי עלים (אמריקאי),יח',1.00,יח',false,,6.90,6.9000,true,1,55805
7290010192069,false,סלרי ראש ארוז,,,סלרי ראש ארוז,יח',1.00,יח',false,,6.90,6.9000,true,1,55806
7290010192083,false,מנגולד ארוז,,,מנגולד ארוז,יח',1.00,יח',false,,6.90,6.9000,true,1,55807
7290010195275,false,פופקורן להכנה במיקרוגל בטעם חמאה מופחת שומן,פופ סטאר,US,פופסטאר פופקורן מופח,גרמים,425.00,100 גרם,false,,17.90,4.2118,true,1,6507
7290010237685,false,"הייניקן בירה צואר ארוך 330מ""ל",טמפו משקאות בע''מ,IL,היינקן בירה צואר ארו,מיליליטרים,330.00,"100 מ""ל",false,,10.90,3.3030,true,1,10309
7290010259823,false,מנת השף מרק עם נודלס טעם עוף בדץ 70ג,נמצ'או(תאילנד) בעמ,TH,נודלס בטעם עוף מנת ה,גרמים,70.00,100 גרם,false,,5.90,8.4286,true,1,3627
7290010259854,false,מנת השף נודלס בטעם פטריות בדץ 70ג,נמצ'או(תאילנד) בעמ,TH,נודלס בטעם פטריות מנ,גרמים,70.00,100 גרם,false,,5.90,8.4286,true,1,117568
7290010259861,false,מנת השף מרק עם נודלס בטעם ירקות בדץ 70ג,קריות זול,TH,נודלס בטעם ירקות מנת,גרמים,70.00,100 גרם,false,,5.90,8.4286,true,1,3631
7290010259977,false,שמן קנולה ויליפוד 1ליטר,וילי פוד,PL,שמן קנולה ויליפוד 1,ליטרים,1.00,ליטר,false,,12.90,12.9000,true,1,3635
7290010259991,false,וילי פוד צנימים בדץ 250ג,קריות זול,PT,"צנימים בד""ץ וילי פוד",גרמים,250.00,100 גרם,false,,8.90,3.5600,true,1,117569
7290010279227,false,"זיקוק 15 ס""מ 6 בשקית",,,זיקוק 15 ס`מ 6 יח`,יחידה,0.00,יחידה,false,,15.90,0.0000,true,1,35142
7290010429554,false,"שמן זית כתית מעולה יד מרדכי 2 קלאסי, 750 מ""ל",מכוורת יד מרדכי שטרא,IL,שמן זית כתית מעולה 2,מיליליטרים,750.00,"100 מ""ל",false,,39.90,5.3200,true,1,24141
7290010439300,false,130*70 מגבת גוף גקרד,,,130*70 מגבת גוף גקרד,יחידה,0.00,יחידה,false,,30.90,0.0000,true,1,30177
7290010471669,false,יוגורט תות עם קורנפלקס מצופה שוקולד ללא גלוטן 3.9%,"שטראוס בריאות בע""מ",IL,דנונה קראנצ' יוגורט,מיליליטרים,175.00,"100 מ""ל",false,,5.20,2.9714,true,1,24834
7290010513727,false,פנקו פרורי לחם יפניי,קינגדאו גוניון פודס,CN,פנקו פרורי לחם יפניי,גרמים,200.00,100 גרם,false,,7.90,3.9500,true,1,22625
7290010627004,false,טחינה גולמית מסורתית ירושלים 500 ג',"בראשית ירושלים בע""מ",IL,טחינה ירושלים 500 גר,גרמים,500.00,100 גרם,false,,18.90,3.7800,true,1,26134
7290010627844,false,טחינה גולמית שומשום מלא ירושלים 500גרם,"בראשית ירושלים בע""מ",IL,טחינה ירושלים 500 מל,גרמים,500.00,100 גרם,false,,18.90,3.7800,true,1,26136
7290010650019,false,עולש אנדיב בלגי חוות,מרינה פטריות הגליל,IL,עולש אנדיב בלגי חוות,יח',1.00,יח',false,,14.90,14.9000,true,1,75047
7290010650033,false,בצלצלי שאלוט ארוז לי,חוות פטריות תקוע,IL,בצלצלי שאלוט,גרמים,350.00,100 גרם,false,,15.00,4.2857,true,1,55813
7290010650255,false,לקט פטריות מיובשות ל,קרלו,IL,לקט פטריות מיובשות ל,גרמים,40.00,100 גרם,false,,19.90,49.7500,true,1,55825
7290010650590,false,ריזוטו פטריות מיובשו,קרלו,IL,ריזוטו פטריות מיובשו,גרמים,285.00,100 גרם,false,,17.90,6.2807,true,1,98952
7290010672868,false,מאפינס חמישיות וניל,,,מאפינס חמישיות וניל,גרמים,200.00,100 גרם,false,,14.90,7.4500,true,1,520226
7290010690138,false,ברוקולי ארוז במגשית,חקלאי,IL,ברוקולי ארוז,יח',1.00,יח',false,,9.90,9.9000,true,1,55838
7290010690466,false,כרוב סיני,גלקסמן סמית קליים,IL,כרוב סיני,יח',1.00,יח',false,,8.90,8.9000,true,1,55847
7290010748860,false,"ד""ר פישר - אפקטיב קר קרם ידיים אינטנסיב 150 מ""ל",פישר מעבדות פרמצבטיו,IL,קרם ידיים אינטנסיב א,מיליליטרים,150.00,"100 מ""ל",false,,17.90,11.9333,true,1,31348
7290010766949,false,ממרח תחתיות ארטישוק 180ג' אוליביה,אוליביה,IL,אוליביה ממרח ארטישוק,גרמים,180.00,100 גרם,false,,14.90,8.2778,true,1,4185
7290010777099,false,פיתה עבודת יד אקספרס מארז 8 יח',מגוון שיווק והפצת מא,,8 פיתות במרקם מיוחד,גרמים,800.00,100 גרם,false,,12.90,1.6125,true,1,119132
7290010777150,false,פיתה חיטה מלאה בריבוע 8יח' שקית 800 גר',מגוון שיווק והפצת מא,IL,8 פיתות בריבוע חיטה,גרמים,500.00,100 גרם,false,,15.90,3.1800,true,1,119133
7290010777297,false,פיתה אקספרס מארז 12יח',מגוון שיווק והפצת מא,IL,10 פיתות ביס,קילוגרמים,1.00,"ק""ג",false,,15.90,15.9000,true,1,119137
7290010777358,false,פיתה כוסמין אקספרס מארז 8יח',מגוון שיווק והפצת מא,IL,8 פיתות כוסמין מלא 1,גרמים,400.00,100 גרם,false,,16.90,4.2250,true,1,68800
7290010777488,false,פיתות מחמצת 100% קמח מלא 10 יח,מאפיית ביכורים מזון,IL,פיתה מחמצת מקמח מלא,יחידה,0.00,יחידה,false,,17.90,0.0000,true,1,431576
7290010777525,false,פיתות 100% כוסמין דק 99 קל 6 יח,מאפיית ביכורים מזון,IL,פיתות קוסמין-פיתה אק,גרמים,50.00,100 גרם,false,,17.90,35.8000,true,1,431577
7290010814251,false,שלשות שוקולד חלב 85 גר*3 בלמינט*18 בקרט בדצ,כרמית תעשיות ממתקים,IL,שוקולד חלב אגו 3 יח',גרמים,255.00,100 גרם,false,,11.90,4.6667,true,1,42289
7290010838219,false,ממתיק על בסיס צמח הסטיביה - שקיות,תות ממתקי איכות,IL,סטיביה 100 שקיות,גרמים,100.00,100 גרם,false,,33.90,33.9000,true,1,6510
7290010839865,false,רוטב רכז רימונים ויליפוד 320 ג',ניו ג'רסי סטאר סנקס,TR,רוטב רימונים 320 גרם,מיליליטרים,320.00,"100 מ""ל",false,,11.90,3.7188,true,1,3642
7290010922949,false,תות שדה קפוא 250 ג - Shake It,,,תות שדה קפוא שייק אי,גרמים,250.00,100 גרם,false,,11.90,4.7600,true,1,450602
7290010931330,false,סלט מטבוחה אחלה 500ג,מיוצר עי קונדיטוריית,IL,אחלה מטבוחה 500ג,גרמים,500.00,100 גרם,false,,17.60,3.5200,true,1,24842
7290010945146,false,קוטג' 3% מועשר בסידן טרה 250 ג' מהדרין,קריות זול,IL,טרה קוטג מועשר 3% 25,גרמים,250.00,100 גרם,false,,5.90,2.3600,true,1,7226
7290010945450,false,טרה גבינה לבנה מהדרין 3% 250ג,קריות זול,IL,טרה גבינה לבנה מהדרי,גרמים,250.00,100 גרם,false,,4.98,1.9920,true,1,7230
7290010945481,false,גבינה לבנה 5% שומן 500 ג' טרה,קריות זול,IL,טרה גבינה לבנה 5% 50,גרמים,500.00,100 גרם,false,,9.96,1.9920,true,1,7231
7290011015862,false,"פריגת סירופ דיאט לימונענע 750 מ""ל",סירופ - גבעת חיים,IL,סירופ דיאט לימונענע,מיליליטרים,750.00,"100 מ""ל",false,,23.90,3.1867,true,1,7761
7290011017866,false,קוקה קולה קלאסי בפחית,החברה המרכזית לייצור,IL,קוקה קולה פחית סליק,מיליליטרים,330.00,"100 מ""ל",false,,5.70,1.7273,true,1,7791
7290011017873,false,"קוקה קולה זירו פחית 330 מ""ל",החברה המרכזית לייצור,IL,ZERO קולה פחית סליק,מיליליטרים,330.00,"100 מ""ל",false,,5.50,1.6667,true,1,7792
7290011017880,false,דיאט קוקה קולה פחית סליק 330מל,החברה המרכזית לייצור,IL,קולה דיאט פחית סליק,מיליליטרים,330.00,"100 מ""ל",false,,5.50,1.6667,true,1,7793
7290011018443,false,"פנטה אורנג פחית סליק 330 מ""ל",החברה המרכזית לייצור,IL,פאנטה אורנג פחית סלי,מיליליטרים,330.00,"100 מ""ל",false,,5.70,1.7273,true,1,7815
7290011110000,false,חסה רומית שלמה,,,חסה רומית שלמה,גרמים,430.00,100 גרם,false,,9.90,2.3023,true,1,62180
7290011110024,false,חסה סלנובה,,,חסה סלנובה,יח',1.00,יח',false,,12.90,12.9000,true,1,131127
7290011110031,false,לבבות חסה,,,לבבות חסה,יח',1.00,יח',false,,10.90,10.9000,true,1,128143
7290011110048,false,פלפל סוויט בייט,,,פלפל סוויט בייט,גרמים,220.00,100 גרם,false,,9.90,4.5000,true,1,361624
7290011110079,false,בזיליקום.,,,בזיליקום.,יח',1.00,יח',false,,6.90,6.9000,true,1,176596
7290011110093,false,מנגולד,,,מנגולד,גרמים,250.00,גרם,false,,7.90,0.0316,true,1,128145
7290011110116,false,תרד ניו-זילנדי,,,תרד ניו-זילנדי,גרמים,200.00,גרם,false,,9.90,0.0495,true,1,135131
7290011110123,false,עירית,,,עירית,יח',1.00,יח',false,,6.90,6.9000,true,1,158575
7290011110130,false,רוקולה,,,רוקולה,יח',1.00,יח',false,,9.90,9.9000,true,1,174771
7290011110154,false,קורנית (טימין),,,קורנית (טימין),יח',1.00,יח',false,,6.90,6.9000,true,1,158577
7290011110215,false,מלפפון בייבי,,,מלפפון בייבי,גרמים,350.00,100 גרם,false,,9.90,2.8286,true,1,361626
7290011110390,false,חסה אייסברג -יגור,,,חסה אייסברג -יגור,יח',1.00,יח',false,,7.90,7.9000,true,1,247531
7290011110512,false,חסה לאליק 280גרם,חקלאי,IL,חסה לאליק -יגור,יח',1.00,יח',false,,12.90,12.9000,true,1,328997
7290011115166,false,נקה 7 ארומה סבון נוזלי לבנדר 1 ל',טרופיקל דגיל תעשיות,IL,תחליב רחצה לבנדר נקה,יחידה,0.00,יחידה,false,,16.90,0.0000,true,1,32446
7290011126452,false,תה הגן הקסום קמומיל ונענע 25 יח',קריות זול,IL,תה קמומיל ונענע 1.5ג,גרמים,37.50,100 גרם,false,,19.90,53.0667,true,1,26145
7290011126469,false,תה קמומיל ודבש 1.5ג' *25 שקיקים,קריות זול,IL,תה קמומיל ודבש 1.5גר,גרמים,37.50,100 גרם,false,,19.90,53.0667,true,1,26146
7290011131050,false,גרנולה בתוספת פקאן וצימוקים,ויטליאה ניקולה דו,MK,גרנולה פקאן גרין 1 ק,קילוגרמים,1.00,"ק""ג",false,,28.70,28.7000,true,1,118398
7290011132309,false,גולדסטאר מהדורת black roast שישייה,,,בירה גולדסטאר Black,ליטרים,1.98,ליטר,false,,46.90,23.6869,true,1,440307
7290011148911,false,פלפלים מתוקים טינקרב,מרינה פטריות הגליל,IL,פלפלים מתוקים טינקרב,גרמים,300.00,100 גרם,false,,9.90,3.3000,true,1,55869
7290011148942,false,שרי עגבניות - מיקס,,,שרי עגבניות - מיקס,יח',1.00,יח',false,,12.90,12.9000,true,1,65621
7290011194215,false,מעדן גבינה ויוגורט בטעם בננה 5% שומן 88 ג' דניאלה,"שטראוס בריאות בע""מ",IL,"דניאלה בננה 150 מ""ל",מיליליטרים,150.00,"100 מ""ל",false,,4.50,3.0000,true,1,24843
7290011194246,false,קוטג שטראוס 5% עם סידן 250ג,מיוצר עי קונדיטוריית,IL,קוטג שטראוס 5% עם סי,גרמים,250.00,100 גרם,false,,6.20,2.4800,true,1,24844
7290011223243,false,"טואלט דאק ג'ל לאסלה בניחוח לבנדר 55 מ""ל","איטיליאן פוד, אס.פי.",IT,דאק ג'ל אסלה ניחוח ל,מיליליטרים,55.00,"100 מ""ל",false,,9.90,18.0000,true,1,6532
7290011249748,false,רולים גלילי ופל במילוי קרם שוקולד 100 ג' עלמה,גילרו,,גילרו רולים שוקו 100,גרמים,100.00,100 גרם,false,,5.40,5.4000,true,1,70412
7290011254032,false,קינואה מיה 500 גרם,מיה,IL,קינואה 500 גרם,גרמים,500.00,100 גרם,false,,15.90,3.1800,true,1,15784
7290011254469,false,סוכריות לימון ללא סוכר 80גרם,מיה תעשיות מזון,IL,סוכריות ללא סוכר לימ,גרמים,80.00,100 גרם,false,,6.90,8.6250,true,1,15815
7290011254490,false,סוכריות פירות יער ללא סוכר 80גרם,מיה תעשיות מזון,IL,סוכריות ללא סוכר טעם,גרמים,80.00,100 גרם,false,,6.90,8.6250,true,1,15818
7290011312381,false,פטריות חורש למנגל 320 ג',"מרינה פטריות הגליל בע""מ",IL,פורטבלה על אש מרינה,גרמים,300.00,100 גרם,false,,16.90,5.6333,true,1,114410
7290011378028,false,חלבה קלאסית בטעם וניל ללא תוספת סוכר,רושדי תעשיות מזון בע,IL,בארכה חלבה וניל ללא,גרמים,350.00,100 גרם,false,,16.90,4.8286,true,1,21357
7290011378233,false,בארכה מאגדת חטיפי חלווה וניל ל.סוכר 120גר,רושדי תעשיות מזון בע,IL,בארכה בקטנה מאגדת ונ,גרמים,120.00,100 גרם,false,,14.90,12.4167,true,1,21359
7290011378769,false,בארכה - חטיף בקטנה חלבה וניל 20 גרם * 6,רושדי תעשיות מזון בע,IL,בארכה בקטנה מאגדת ונ,גרמים,120.00,100 גרם,false,,14.90,12.4167,true,1,21362
7290011379018,false,מארז משפחתי שמפיניון 500 ג' מרינה,מרינה פטריות הגליל,IL,פטריות צמד חמד,גרמים,500.00,100 גרם,false,,17.90,3.5800,true,1,55873
7290011438142,false,"משקה יטבתה אייס קפה בבקבוק אישי 350 מ""ל",שטראוס גרופ,IL,יטבתה אייס קפה בבקבו,מיליליטרים,350.00,"100 מ""ל",false,,6.90,1.9714,true,1,24850
7290011499051,false,פטה כבשים מסורתית 20% בגביע 250 גרם - רובין,MKN עבור מחלבות גד ב,IL,גד פטה כבשים גביע 20,גרמים,250.00,100 גרם,false,,31.20,12.4800,true,1,15475
7290011499105,false,בולגרית מסורתית 5% 250 גרם -רבנות,ג'נרל מילס סאן אדריא,IL,גד בולגרית 5% 250ג,גרמים,250.00,100 גרם,false,,25.60,10.2400,true,1,15476
7290011499129,false,בולגרית מעודנת קוביות קטנות 5% 200 גרם - רבנות,קוד יצרן DSH,IL,גד בולגרית מעודנת קו,גרמים,200.00,100 גרם,false,,26.60,13.3000,true,1,15478
7290011499327,false,גבינה בולגרית מעודנת 5% 250 גרם - רבנות,מיוצר על ידי DSH עבו,IL,גד בולגרית בקר מעודנ,גרמים,250.00,100 גרם,false,,25.60,10.2400,true,1,15484
7290011499358,false,פטה עיזים מסורתית 20% בגביע 200 גרם - רובין,מיוצר על ידי קוד יצר,IL,גד פטה עיזים 20% 200,גרמים,200.00,100 גרם,false,,32.00,16.0000,true,1,15487
7290011499365,false,גד חלומי 24% 200 גרם רובין,"מחלבות גד בע""מ",IL,גד חלומי 24% 200ג,גרמים,200.00,100 גרם,false,,24.50,12.2500,true,1,15488
7290011499419,false,גבינה במרקם שמנת בטעם טבעי 5% ניו יורק,מחלבות גד,IL,גבינה במרקם שמנת 5%,גרמים,200.00,100 גרם,false,,12.90,6.4500,true,1,116149
7290011499525,false,גד לאבנה דרוזית 9% 500 ג',מחלבות גד בעמ,IL,גד לאבנה דרוזית 9% 5,גרמים,500.00,100 גרם,false,,23.70,4.7400,true,1,15493
7290011499624,false,שמנת 30% ניו יורק טבעי 200 גרם רבנות,מחלבות גד,IL,גד ניו יורק גבינת שמ,גרמים,200.00,100 גרם,false,,15.20,7.6000,true,1,15494
7290011499846,false,גבינת ריקוטה פרסקה 9% 300 ג' גד,מחלבות גד בעמ,IL,גד ריקוטה פרסקה 5% 3,גרמים,300.00,100 גרם,false,,20.50,6.8333,true,1,15507
7290011505806,false,קיסמי שיניים דנטאליים מפלסטיק 200 יחידות בחבית,הוסטס Hostess,,קיסמי שיניים פלסטיק,יחידה,0.00,יחידה,false,,10.90,0.0000,true,1,964
7290011515683,false,מעדן קפוא אקסטרים Extreme בטעם וניל - 6 יח',תות תעשיות מזון (201,IL,אקסטרים וניל מאגדת 6,גרמים,432.00,100 גרם,false,,40.90,9.4676,true,1,17020
7290011518561,false,"אקטימל תות משפחתי מארז 14X100מ""ל",מיוצר עי קונדיטוריית,IL,אקטימל תות משפחתי 14,ליטרים,1.40,ליטר,false,,33.90,24.2143,true,1,24855
7290011530525,false,מיקס פירות קפואים שייק איט צהוב - 3*150 ג',"הבו-קדו בע""מ",IL,שייק איט יום שלישי 4,גרמים,450.00,100 גרם,false,,33.90,7.5333,true,1,234289
7290011530945,false,קרפציו עגל פרימיום 2,בלדי,IL,קרפציו עגל 210 גר',גרמים,210.00,100 גרם,false,,42.90,20.4286,true,1,201278
7290011587123,false,קרם קוקוס תומר 400 מ,Thai coconut co ltd,,קרם קוקוס תומר 400 מ,מיליליטרים,400.00,"100 מ""ל",false,,9.90,2.4750,true,1,26412
7290011587451,false,גרנולה בתוספת פירות ואגוזים,ויטליה,,גרנולה + פירות ואגוז,גרמים,600.00,100 גרם,false,,16.90,2.8167,true,1,69135
7290011593087,false,"שמן זית כתית מעולה 750 מ""ל סבא חביב",סאן אויל עיבוד ושיוו,IL,סבא חביב שמן זית כתי,מיליליטרים,750.00,"100 מ""ל",false,,33.90,4.5200,true,1,51653
7290011593704,false,"שמן זית סורי 750 מ""ל סבא חביב",,,שמן זית סורי הסדרה ה,מיליליטרים,750.00,"100 מ""ל",false,,44.00,5.8667,true,1,487057
7290011598211,false,"סנו - אנטי קאלק מרסס ניקוי כללי 4 ב-1 700 מ""ל",מיוצר עי קונדיטוריית,IL,מנקה כללי אנטיקאלק 7,מיליליטרים,700.00,"100 מ""ל",false,,19.90,2.8429,true,1,32483
7290011598259,false,"סנו - פרש מילוי למטהר אוויר מאסק 250 מ""ל",סנו מפעלי ברונוס בעמ,IL,סנו פרש אוטומטיק מאס,מיליליטרים,250.00,"100 מ""ל",false,,16.90,6.7600,true,1,32484
7290011607180,false,"קולון 101 לכביסה 1.25 ק""ג",ריקט בנקיזר ( ניר אי,IL,"קולון 101 1.25 ק""ג",קילוגרמים,1.25,"ק""ג",false,,16.90,13.5200,true,1,22868
7290011668570,false,גרנולה פירות יבשים ללא תוספת סוכר,בריא מהטבע פנינה רוזנבלום,IL,חגיגת גרנולה פירות י,גרמים,500.00,100 גרם,false,,28.90,5.7800,true,1,68238
7290011723200,false,טחינה הר ברכה טחינה,הר ברכה תעשיות,,טחינה הר ברכה טחינה,גרמים,500.00,100 גרם,false,,21.90,4.3800,true,1,78735
7290011877446,false,"כיף - בייבי כיף קרם גירויים 100 מ""ל",קוסמופארם בע''מ,IL,קרם נגד גירויים בייב,גרמים,100.00,100 גרם,false,,12.90,12.9000,true,1,32514
7290011877859,false,סנו אינסטלטור חדש פותח סתימות 200ג',מיוצר עי קונדיטוריית,IL,סנו אינסטלטור פותח ס,מיליליטרים,200.00,"100 מ""ל",false,,16.90,8.4500,true,1,32521
7290011931162,false,סוכרלייט ממתיק נוזלי על בסיס סוכרלוז,אף.סי תבליני בגליל ב,IL,סוכרלייט נוזלי 220מל,מיליליטרים,220.00,"100 מ""ל",false,,31.90,14.5000,true,1,24152
7290011947309,false,זיתים מצוננים סורי מבוקע ולימון כבוש זיתא 230 ג',זיתא – י.ט.ב תעשיות,IL,זית סורי מבוקע עם לי,גרמים,215.00,100 גרם,false,,15.90,7.3953,true,1,26161
7290011947316,false,זיתא זיתי קלמטה בשמן זית כתית מעולה 215ג,סטאר סנקס,IL,זיתי קלמטה זיתא 215,גרמים,215.00,100 גרם,false,,15.90,7.3953,true,1,26162
7290011947781,false,מיקס זית ירוק וזית קלמטה ללא גלעין עם שמן זית 190 ג',זיתא,IL,מיקס זית ירוק קלמטה,גרמים,190.00,100 גרם,false,,16.90,8.8947,true,1,282552
7290011947798,false,זית קלמטה ללא גלעין עם שמן זית כתית 190 ג',זיתא,IL,זית קלמטה ללא גלעין,גרמים,190.00,100 גרם,false,,16.90,8.8947,true,1,282553
7290011947903,false,מיקס זיתים יווני זיתא 215 ג',זיתא,IL,זיתים מיקס ייווני זי,גרמים,215.00,100 גרם,false,,15.90,7.3953,true,1,346888
7290011964658,false,תבלין מלח לימון טעם,תות ממתקי איכות,IL,תבלין מלח לימון טעם,גרמים,170.00,100 גרם,false,,11.90,7.0000,true,1,49653
7290011964689,false,תבלין תיבול על האש ללא מונוס' 100ג',תות ממתקי איכות,IL,תבלין על האש ללא מונ,גרמים,100.00,100 גרם,false,,10.90,10.9000,true,1,49654
7290012001994,false,חרדל דיז'ון גרעינים 350 ג' ריין דיזון,ריין דיז'ון reine dijon,FR,חרדל דיגון גרעינים 3,גרמים,350.00,100 גרם,false,,14.90,4.2571,true,1,5978
7290012022203,false,פריכיות קליליות חיטה,דילייט,,קליליות חיטה מלאה די,גרמים,100.00,100 גרם,false,,14.90,14.9000,true,1,31083
7290012022272,false,פריכיות קליליות קידס,דילייט,,פריכיות קליליות קידס,יחידה,0.00,יחידה,false,,13.90,0.0000,true,1,33951
7290012086113,false,עגבניות שרי צימן קופסא 500ג',מרינה,IL,עגבניות שרי,גרמים,500.00,100 גרם,false,,9.90,1.9800,true,1,55878
7290012116537,false,"סנו מקסימה אבקת כביסה 2.5 ק""ג מאסק",טרופיקל דגיל תעשיות,IL,אבקת כביסה סנו מקסימ,קילוגרמים,2.50,"ק""ג",false,,28.90,11.5600,true,1,32536
7290012116612,false,אורביטול מברשת שיניים מארז 4 יח',ג'נרל מילס סאן אדריא,CN,מארז מברשות שיניים א,יחידה,0.00,יחידה,false,,15.90,0.0000,true,1,32540
7290012117275,false,נוזל רב תכליתי לניקוי ולהברקה מילוי,טרופיקל דגיל תעשיות,IL,סנוקליר שקית מילוי 7,מיליליטרים,750.00,"100 מ""ל",false,,7.90,1.0533,true,1,32556
7290012117435,false,"קרמה - שמפו וג'ל רחצה 2 ב-1 אלוורה 700 מ""ל",טרופיקל דגיל תעשיות,IL,שמפו וג'ל רחצה אלוור,מיליליטרים,700.00,"100 מ""ל",false,,19.90,2.8429,true,1,32564
7290012117589,false,כפפות סנו סושי לטקס L אריזת 100יח',סנו סושי,TH,L סנו סושי כפפות לטק,יחידה,0.00,יחידה,false,,46.90,0.0000,true,1,32571
7290012191053,true,המנגליסט גפרור ארוך,,,המנגליסט גפרור ארוך,יחידה,0.00,יחידה,false,,5.90,0.0000,true,1,302317
7290012226021,false,סלמי מעושן פראג יבש 400 ג' זוגלובק,נקניק נהריה כשר זוגל,IL,סלמי מעושן פראג יבש,גרמים,400.00,100 גרם,false,,23.90,5.9750,true,1,42778
7290012226120,false,קבנוס זוגלובק 135גר,נקניק נהריה כשר זוגל,IL,זוגלובק קבנוס 135ג.,גרמים,135.00,100 גרם,false,,13.90,10.2963,true,1,42779
7290012227325,false,סלמי דק דק מעושן איטלקי 120 ג' זוגלובק,זוגלובק,IL,זוגלובק סלמי מעושן ד,גרמים,120.00,100 גרם,false,,15.90,13.2500,true,1,108420
7290012227974,false,פסטרמה הודו בדבש טהור דק דק דק,זוגלובק,IL,זוגלובק פסטרמה בדבש,גרמים,120.00,100 גרם,false,,15.90,13.2500,true,1,108421
7290012227981,false,פסטרמה דק דק ברביקיו 120 ג' זוגלובק,זוגלובק,IL,פסטרמה ברביקיו זוגלו,גרמים,120.00,100 גרם,false,,15.90,13.2500,true,1,108422
7290012228261,false,נקנקיות קנקרס הודו ועוף ריינהולד'ס זוגלובק 300 ג',זוגלובק,IL,נקנקיות הודו קנקרס ר,גרמים,300.00,100 גרם,false,,22.90,7.6333,true,1,63553
7290012228278,false,נקנקיות בוקוורסט עוף ובקר ריינהולד'ס 310 ג' זוגלובק,זוגלובק,IL,נקנקיות בוקוורסט הוד,גרמים,300.00,100 גרם,false,,22.90,7.6333,true,1,63548
7290012313141,false,מלפפון פרוס במלח A2 ק.יבנה 540ג',אף.סי תבליני בגליל ב,IL,פרוסות מלפפון במלח י,גרמים,540.00,100 גרם,false,,7.90,1.4630,true,1,52544
7290012367717,false,קרם ידיים וציפורניים Intensive relief לעור יבש ומגורה,פישר מעבדות פרמצבטיו,IL,קרם ידיים אפקטיב קר,מיליליטרים,150.00,"100 מ""ל",false,,17.90,11.9333,true,1,31382
7290012372155,false,"קמח כוסמין 80% 1ק""ג רובינפלד",,,קמח כוסמין 80% רובינ,קילוגרמים,1.00,"ק""ג",false,,18.90,18.9000,true,1,119961
7290012522581,false,טבעול שניצל תירס ללא גלוטן טבעול 664 גרם,עיצובים 2020 (4.8),IL,טבעול שניצל תירס ללא,גרמים,664.00,100 גרם,false,,27.90,4.2018,true,1,22150
7290012561337,false,כורכום טרי כתוש 70 ג' דורות,גוד פוד פרודקטס S.p,IL,כורכום טרי כתוש דורו,גרמים,180.00,100 גרם,false,,12.90,7.1667,true,1,332879
7290012561405,false,בצל חצי מטוגן דורות 180 גרם,עיצובים 2020 (3.8),IL,בצל חצי מטוגן דורות,גרמים,180.00,100 גרם,false,,12.90,7.1667,true,1,22154
7290012576362,false,קברנה סוביניון ספייש,יקבי ברקן שיווק והפצ,IL,קברנה סוביניון ספייש,מיליליטרים,750.00,"100 מ""ל",false,,70.20,9.3600,true,1,407804
7290012576379,false,יין ספיישל רזרב מרלו,יקבי ברקן שיווק והפצ,IL,מרלו ספיישל רזרב 750,מיליליטרים,750.00,"100 מ""ל",false,,70.20,9.3600,true,1,407805
7290012645129,false,"יוגורט כבשים בדלי חלב הארץ 750מ""ל",מחלבות סוסיא,IL,יוגורט כבשים בדלי 75,מיליליטרים,750.00,"100 מ""ל",false,,22.90,3.0533,true,1,24866
7290012645389,false,יוגורט עיזים טבעי חלב הארץ 1 ל',מחלבות סוסיא,IL,חלב הארץ יוגורט ביו,ליטרים,1.00,ליטר,false,,24.90,24.9000,true,1,24874
7290012697081,false,סוכרזית מהטבע סטיוויה 100 שקיות,"סוכרזית בע""מ",IL,סוכרזית מהטבע סטיווי,גרמים,100.00,100 גרם,false,,35.90,35.9000,true,1,24155
7290012803451,false,שוקולד מריר מעולה 62% ללא תוספת סוכר,טוסו tusso,TR,טוסו שוקלד מריר 62%,גרמים,100.00,100 גרם,false,,12.90,12.9000,true,1,6602
7290012803789,false,שוקולד מריר עם אגוזים ללא תוספת סוכר,האי נאם סי או אל.טי.,TR,טוסו שוקלד מריר ואגו,גרמים,100.00,100 גרם,false,,12.90,12.9000,true,1,6617
7290012823251,false,אל סבון כיף יסמין לבנדר 1 ליטר,קוסמופארם,IL,אל סבון יסמין לבנדר,ליטרים,1.00,ליטר,false,,14.90,14.9000,true,1,32612
7290012823381,false,מרכך כביסה מקסימה סנסיטיב מרוכז ורוד 1 ל' סנו,"סנו מפעלי ברונוס בע""",IL,סנו מקסימה סנסטיב מר,יחידה,0.00,יחידה,false,,18.90,0.0000,true,1,32614
7290012823398,false,מטליות חד פעמיות לניקוי הרצפה בניחוח מרכך כביסה 10יח' סנו,סנו מפעלי ברונו בעמ,IL,ריצפז מטליות לחות בנ,יחידה,0.00,יחידה,false,,12.90,0.0000,true,1,90056
7290012823923,false,מרכך כביסה סופר מרוכז פרפיום גולדן סנרייז,סנו מפעלי ברונוס בעמ,IL,סנו מקסימה מרכך פרפי,מיליליטרים,750.00,"100 מ""ל",false,,19.90,2.6533,true,1,32637
7290012823947,false,"סנו - מרכך כביסה מרוכז פרפיום קריסטל נואר 750 מ""ל",מיוצר עי קונדיטוריית,IL,סנו מקסימה מרכך פרפי,מיליליטרים,750.00,"100 מ""ל",false,,19.90,2.6533,true,1,32639
7290012884986,false,תפוגן ציפס לתנור עד 4% שומן 1.5 קג,"תעשיות תפוגן בע""מ",IL,תפוגן ציפס לתנור עד,קילוגרמים,1.50,"ק""ג",false,,31.90,21.2667,true,1,22158
7290012901355,false,דודלס ארוחת אטריות עם גבינה 206 גרם,האי נאם סי או אל.טי.,US,דודלס ארוחת איטריות,גרמים,206.00,100 גרם,false,,11.90,5.7767,true,1,70019
7290012901973,false,גאלה שעועית אדומה 400 גרם,,,שעועית אדומה 400 גרם,גרמים,400.00,100 גרם,false,,10.90,2.7250,true,1,324288
7290012936937,false,מימון בהרט 40 גרם,א.ל ייצור ושיווק תבל,IL,מימון בהרט 40 גרם,גרמים,50.00,100 גרם,false,,12.90,25.8000,true,1,270
7290013027399,false,לחם קמח מלא קל בתוספת שיפון 750 ג' אנג'ל,מאפיית שלמה א. אנג'ל,IL,לחם 100 בתוספת שיפון,גרמים,750.00,100 גרם,false,,15.90,2.1200,true,1,69764
7290013117410,false,בצק פריך מרודד למאפים מתוקים 900 ג' מעדנות,מיוצר עי קונדיטוריית,IL,מעדנות בצק פריך מרוד,גרמים,900.00,100 גרם,false,,27.90,3.1000,true,1,69837
7290013117427,false,בצק פריך מרודד למאפים מלוחים 900 ג' מעדנות,מיוצר עי קונדיטוריית,IL,מעדנות בצק פריך מרוד,גרמים,900.00,100 גרם,false,,28.90,3.2111,true,1,39025
7290013121158,false,רביעיית לחמניות סנדביץ ללא גלוטן,אביב קונדיטוריה מעול,IL,רביעיית לחמניות סנדב,גרמים,460.00,100 גרם,false,,20.90,4.5435,true,1,34283
7290013121165,false,לחמניות נקניקיה ללא גלוטן,אביב קונדיטוריה מעול,IL,"לחמניות נקניקיה כשל""",גרמים,460.00,100 גרם,false,,20.90,4.5435,true,1,50539
7290013144195,false,תערובת כדורי שוקולד מימונס 500 ג',מיוצר עי קונדיטוריית,IL,תערובת כדורי שוקולד,גרמים,500.00,100 גרם,false,,17.90,3.5800,true,1,67968
7290013144270,false,קרם פטיסייר מימונס 100 ג',מיוצר עי קונדיטוריית,IL,קרם פטיסייר 100 גרם,גרמים,100.00,100 גרם,false,,10.90,10.9000,true,1,16261
7290013144393,false,"תמצית בטעם וניל מימונס 50 מ""ל",מיוצר עי קונדיטוריית,IL,תמצית בטעם וניל 50גר,גרמים,50.00,100 גרם,false,,5.50,11.0000,true,1,16269
7290013144508,false,"תמצית בטעם ורדים מימונס 50 מ""ל",מיוצר עי קונדיטוריית,IL,תמצית בטעם ורדים 50ג,מיליליטרים,50.00,"100 מ""ל",false,,9.80,19.6000,true,1,16273
7290013144614,false,"סירופ מייפל אמיתי 100% מימונס 236 מ""ל",הנסיך- מפעל לייצור ט,DK,סירופ מייפל אמיתי 10,מיליליטרים,236.00,"100 מ""ל",false,,44.90,19.0254,true,1,16279
7290013144751,false,מימונס סירופ בטעם מייפל 500 מל,,,מימונס סירופ בטעם מי,מיליליטרים,500.00,"100 מ""ל",false,,14.90,2.9800,true,1,16280
7290013144805,false,אייס קפה לייט להכנה,,,אייס קפה לייט להכנה,גרמים,245.00,100 גרם,false,,21.90,8.9388,true,1,449860
7290013144980,false,תרסיס שמן קנולה מימונס 170 ג',מולינו ניקולי s.p.a,FI,תרסיס שמן קונולה מימ,גרמים,170.00,100 גרם,false,,16.90,9.9412,true,1,16284
7290013145109,false,שקד מולבן טחון מימונס 100 גר',,,מימונס שקד מולבן טחו,גרמים,100.00,100 גרם,false,,13.90,13.9000,true,1,16293
7290013145116,false,שקד מולבן מקלות מימונס 100 גר',,,מימונס שקד מולבן מקל,גרמים,100.00,100 גרם,false,,13.90,13.9000,true,1,16294
7290013145178,false,קוקוס טחון לבן מימונס 100 ג',,,קוקוס טחון לבן 100 ג,גרמים,100.00,100 גרם,false,,5.90,5.9000,true,1,16299
7290013145192,false,שומשום מימונס 100 ג',,,שומשום 100גר,גרמים,100.00,100 גרם,false,,6.90,6.9000,true,1,16300
7290013145277,false,עלים לקרמשניט 300 גר מימונס,,,עלים לקרמשניט 300 גר,גרמים,300.00,100 גרם,false,,19.90,6.6333,true,1,80764
7290013145628,false,סוכריות צבעוניות לקישוט מימונס 200 ג',א.ל ייצור ושיווק תבל,IL,סוכריות צבעוניות לקי,גרמים,200.00,100 גרם,false,,9.90,4.9500,true,1,16316
7290013145796,false,מארז צבעי ג'ל למאכל,,,מארז צבעי ג'ל למאכל,מיליליטרים,100.00,"100 מ""ל",false,,53.90,53.9000,true,1,440786
7290013145840,false,סוכר וניל מימונס 10* 10 ג',מיוצר עי קונדיטוריית,IL,מימונס סוכר וניל 10*,גרמים,100.00,100 גרם,false,,3.50,3.5000,true,1,16331
7290013145857,false,אבקת אפייה 10 יח' בצלופן,י. כהן בעמ,IL,אבקת אפיה 10* 10 גרם,גרמים,100.00,100 גרם,false,,3.50,3.5000,true,1,16332
7290013145901,false,סודה לשתיה מימונס 100 ג',,,סודה לשתיה 100 גרם,גרמים,100.00,100 גרם,false,,2.90,2.9000,true,1,16335
7290013145963,false,שמרים יבשים בוואקום מימונוס 125 ג',,,מימונס שמרים יבשים ב,גרמים,125.00,100 גרם,false,,7.90,6.3200,true,1,16340
7290013145970,false,קורנפלור מימונס בשקית 200 ג',א.ל ייצור ושיווק תבל,IL,מימונס קורנפלור 200,גרמים,200.00,100 גרם,false,,4.90,2.4500,true,1,16341
7290013146243,false,פודינג בטעם וניל 320,,,פודינג בטעם וניל 320,גרמים,320.00,100 גרם,false,,20.90,6.5312,true,1,467342
7290013146304,false,קורנפלור 500 גרם מימונס.,,,מימונס קורנפלור 500,גרמים,500.00,100 גרם,false,,7.90,1.5800,true,1,114370
7290013203182,false,שרי מנומר -ליקופן,,,שרי מנומר -ליקופן,גרמים,200.00,100 גרם,false,,11.90,5.9500,true,1,55894
7290013220349,false,דומדמניות אדומות 500,א.מ שרון,PL,דומדמנית אדומה 500 ג,גרמים,500.00,100 גרם,false,,24.90,4.9800,true,1,50593
7290013267665,false,מאגדת מיני סולרו פירות טרופי 6 יח' 354 ג',"מיוצר ע""י גלידת שטרא",IL,סולרו מאגדת מיני *,גרמים,354.00,100 גרם,false,,28.90,8.1638,true,1,4877
7290013268020,false,סנו - מקסימה מרכך כביסה מרוכז אולטרה פרש 1 ליטר,"סנו מפעלי ברונוס בע""",IL,סנו מקסימה אולטרא פר,יחידה,0.00,יחידה,false,,18.90,0.0000,true,1,32641
7290013268037,false,סנו מקסימה מרכך כביסה פצ''ולי מרוכז סגול 1 ל',סנו מקסימה,IL,סנו מקסימה פצ'ולי מר,יחידה,0.00,יחידה,false,,18.90,0.0000,true,1,32642
7290013268242,false,תרכיז ריחני לניקוי רצפות בריח מלון מפנק ריצפז פרש,"סנו מפעלו ברונוס בע""",IL,ריצפז פרש הום בניחוח,ליטרים,2.00,ליטר,false,,24.90,12.4500,true,1,198891
7290013268839,false,סנו פוליויקס פרקט בריח מלון חלומי,סנו פוליויקס,IL,סנו פוליויקס פרקט בנ,ליטרים,2.00,ליטר,false,,24.90,12.4500,true,1,126892
7290013268884,false,ריצפז פרש בניחוח מאסק,מיוצר עי קונדיטוריית,IL,ריצפז פרש מאסק 2 ליט,ליטרים,2.00,ליטר,false,,19.90,9.9500,true,1,32677
7290013268891,false,מסיר כתמים ג'ל אוקסיג'ן ללא אקונומיקה,"סנו מפעלי ברונוס בע""",IL,סנו אוקסיג'ן 3 ליטר,ליטרים,3.00,ליטר,false,,32.90,10.9667,true,1,32678
7290013268990,false,סנו - מקסימה מרכך כביסה מרוכז ביו 1 ליטר,"סנו מפעלי ברונוס בע""",IL,סנו מקסימה מרכך מרוכ,יחידה,0.00,יחידה,false,,18.90,0.0000,true,1,32682
7290013269287,false,סנו - מקסימה ג'ל כביסה מרוכז מאסק 3 ליטר,"סנו מפעלי ברונוס בע""",IL,מקסימה מאסק גל כביסה,ליטרים,3.00,ליטר,false,,35.90,11.9667,true,1,32693
7290013269300,false,ניילון נצמד + לשימוש במיקרוגל,"מיוצר בהונג קונג, סי",CN,סנו סושי פלסטיק נצמד,מטרים,150.00,מטר,false,,27.90,0.1860,true,1,32694
7290013269621,false,ריצפז פרש לניקוי רצפות בניחוח מלון בוטיק,מיוצר עי קונדיטוריית,IL,ריצפז פרש הום בניחוח,ליטרים,2.00,ליטר,false,,24.90,12.4500,true,1,134034
7290013269645,false,מטליות לחות לניקוי הרצפה בניחוח מאסק ריצפז פרש,סנו מפעלי ברונוס בעמ,IL,ריצפז פרש מטליות לחו,יחידה,0.00,יחידה,false,,12.90,0.0000,true,1,32701
7290013269669,false,ריצפז בניחוח פנטזיה לניקוי הרצפה,"סנו מפעלי ברונוס בע""",IL,ריצפז פנטזיה 3ל,ליטרים,3.00,ליטר,false,,13.90,4.6333,true,1,32703
7290013269751,false,מטליות לחותריצפז פרש לניקוי ריצפה בניחות מלון בוטיק 10 יח' סנו,טרופיקל דגיל תעשיות,IL,ריצפז מטליות לחות לנ,יחידה,0.00,יחידה,false,,12.90,0.0000,true,1,136242
7290013269850,false,סנו - סושי נייר אפייה אקולוגי 50 יח',מולינו ניקולי s.p.a,IL,סנו סושי נייר אפיה א,יחידה,0.00,יחידה,false,,17.90,0.0000,true,1,32710
7290013284310,false,רוטב פסטה לילדים 240 ג' פריניר,פריניר ( הדס 1987) ב,IL,רוטב לפסטה לילדים פר,גרמים,240.00,100 גרם,false,,6.90,2.8750,true,1,18754
7290013284662,false,רוטב פיצה פיתה לילדים 240 ג' פריניר,פריניר ( הדס 1987) ב,IL,רוטב פיצה פיתה פריני,גרמים,240.00,100 גרם,false,,6.90,2.8750,true,1,18762
7290013358356,false,מאסטר שף - פירורי לחם מוזהבים 320 גרם,מנה י.א בעמ,IL,מאסטר שף פירורי לחם,גרמים,350.00,100 גרם,false,,9.90,2.8286,true,1,23508
7290013358363,false,פירורי לחם פנקו מזוהבים מאסטר שף מנה 300 ג',קריניציה ויטמינה אס,IL,מאסטר שף פירורי לחם,גרמים,300.00,100 גרם,false,,10.90,3.6333,true,1,23509
7290013358493,false,"קרם קוקוס מאסטר שף 400 מ""ל",תאי קוקונט פבליק קומ,TH,מאסטר שף אסייאתי קרם,מיליליטרים,400.00,"100 מ""ל",false,,9.90,2.4750,true,1,23519
7290013358530,false,מאסטר שף אסייאתי רוטב צ'ילי מתוק 700 מל,קריניציה ויטמינה אס,TH,מאסטר שף רוטב צ'ילי,מיליליטרים,700.00,"100 מ""ל",false,,15.90,2.2714,true,1,23523
7290013430083,false,"בירה אלכסנדר בלונד 330 מ""ל",מנדלז סי.אר. פרודקשן,IL,אלכסנדר בלונד בירה 3,מיליליטרים,330.00,"100 מ""ל",false,,13.20,4.0000,true,1,118390
7290013430250,false,"בירה אלכסנדר חיטה ישראלית 330 מ""ל",יקבי כרמל,IL,אלכסנדר חיטה ישראלית,מיליליטרים,330.00,"100 מ""ל",false,,13.20,4.0000,true,1,291134
7290013440648,false,מאגדת שלגוני אבטיח נסטלה 108X5ג',גלידות נסטלה (נגה גל,IL,אבטיח קרחונים מאגדת,גרמים,540.00,100 גרם,false,,28.90,5.3519,true,1,17042
7290013531117,false,רוטב פסטה לילדים 240 גרם יכין,"זנלכל בע""מ",IL,רוטב לפסטה לילדים יכ,גרמים,260.00,100 גרם,false,,6.50,2.5000,true,1,9467
7290013531759,false,שעועית אפויה במים 550 ג' יכין,"זנלכל בע""מ",IL,שעועית אפויה במים יכ,גרמים,550.00,100 גרם,false,,10.90,1.9818,true,1,9485
7290013585257,false,ספרייט זירו בקבוק 500מל,החברה המרכזית לייצור,IL,ZERO ספרייט 0.5 ל,מיליליטרים,500.00,"100 מ""ל",false,,7.90,1.5800,true,1,7848
7290013585387,false,קוקה קולה זירו בקבוק,החברה המרכזית לייצור,IL,קולה זירו 1 ליטר,ליטרים,1.00,ליטר,false,,7.90,7.9000,true,1,7857
7290013585394,false,קוקה קולה קלאסי,החברה המרכזית לייצור,IL,קוקה קולה 1 ליטר,ליטרים,1.00,ליטר,false,,7.90,7.9000,true,1,7858
7290013608260,false,פרימור מיץ רימונים 100% סחוט טרי 1ל',"גניר (1992) בע""מ",IL,פרימור מיץ רימונים ס,יחידה,0.00,יחידה,false,,27.70,0.0000,true,1,24878
7290013675545,false,שניצל כלי תחבורה מאמא עוף 700 ג',,,שניצל כלי תחבורה 700,גרמים,700.00,100 גרם,false,,40.90,5.8429,true,1,121739
7290013677679,false,סודה לשתייה 80גרם שקית,מיה תעשיות מזון בעמ,IL,סודה לשתיה בשקית 80,גרמים,80.00,100 גרם,false,,4.90,6.1250,true,1,15920
7290013702883,false,"שוויפס למונדה ורודה 500 מ""ל",,,משקה פינק למונייד שו,מיליליטרים,500.00,"100 מ""ל",false,,6.50,1.3000,true,1,12386
7290013787392,false,רביולי גבינות קלאסי 330 גרם ריקו בית יוסף,יוניליוור גרמניה Gm,IL,רביולי גבינות קלאסי,גרמים,330.00,100 גרם,false,,29.90,9.0606,true,1,254911
7290013787408,false,רביולי בטטה 330 גרם ריקו בית יוסף,יוניליוור גרמניה Gm,IL,רביולי בטטה ריקו 330,גרמים,330.00,100 גרם,false,,29.90,9.0606,true,1,254912
7290013847102,false,נתחי טונה בהירה בשמן - מארז שלישיה,סטארקיסט Starkist,,טונה בשמן סטארקיסט ש,גרמים,240.00,100 גרם,false,,16.90,7.0417,true,1,114381
7290013847867,false,מארז זוג טונה בשמן סויה 140 ג' סטארקיסט,טונה ויטנאם קו. אל.ט,IL,נתחי טונה בהירה בשמן,גרמים,140.00,100 גרם,false,,13.90,9.9286,true,1,501150
7290013848345,false,מארז מטליות לחיטוי וניקוי יסודי אנטיבקטריאלי 99.9%,סנו מפעלי ברונוס בעמ,IL,מטליות לחות לחיטוי י,יחידה,0.00,יחידה,false,,24.90,0.0000,true,1,138928
7290013848383,false,ג'ל רחצה לגבר 12 שעות של הגנה Active block,טרופיקל דגיל תעשיות,IL,ג'ל רחצה אנטי בלוק ק,מיליליטרים,700.00,"100 מ""ל",false,,19.90,2.8429,true,1,32720
7290013848758,false,סנו - מקסימה ג'ל כביסה מרוכז בייבי 3 ליטר,"סנו מפעלי ברונוס בע""",IL,סנו מקסימה ג'ל כביסה,ליטרים,3.00,ליטר,false,,38.90,12.9667,true,1,32736
7290013906052,false,נקניקיות פרגיות טירת צבי 300 גר',הנסיך- מפעל לייצור ט,IL,טירת צבי נקניקיות פר,גרמים,300.00,100 גרם,false,,14.90,4.9667,true,1,26760
7290013906441,false,קבנוס 120 ג' טירת צבי,הנסיך- מפעל לייצור ט,IL,טירת צבי קבנוס 120 ג,גרמים,120.00,100 גרם,false,,12.90,10.7500,true,1,26775
7290013906458,false,קבנוס טעם פיקנטי טירת צבי 120 ג',הנסיך- מפעל לייצור ט,IL,טירת צבי קבנוס פיקנט,גרמים,120.00,100 גרם,false,,12.90,10.7500,true,1,26776
7290013906496,false,פסטרמה עגל בסגנון רומני,הנסיך- מפעל לייצור ט,IL,טירת צבי פסטרמה עגל,גרמים,120.00,100 גרם,false,,17.90,14.9167,true,1,26778
7290013906687,false,פסט' צמד כפרית ברביקיו ודבש 300X2ג' טירת צבי,הנסיך- מפעל לייצור ט,IL,טירת צבי צמד כפרית ב,גרמים,600.00,100 גרם,false,,29.90,4.9833,true,1,26781
7290013906694,false,נקניקיות שקית קילו וחצי טירת צבי,הנסיך- מפעל לייצור ט,IL,"נקניקיות עוף 1.5 ק""ג",קילוגרמים,1.50,"100 ק""ג",false,,38.90,2593.3333,true,1,398522
7290014002203,false,תה ויסוצקי חליטת לימונית ולואיזה 20יח',HIQ FOOD PRODUCTS,IL,תה חליטת לימונית ולו,גרמים,37.50,100 גרם,false,,19.90,53.0667,true,1,26185
7290014059436,false,"סנסודיין משחת שיניים לשיקום והגנה מלבינה 75 מ""ל",סמית קליין ביצ'ם,GB,משחת שיניים לשיקום ס,מיליליטרים,75.00,"100 מ""ל",false,,26.90,35.8667,true,1,4531
7290014079076,false,נבטי אלפלפא יח,"מרינה פטריות הגליל בע""מ",IL,נבטי אלפלפא,יח',1.00,יח',false,,7.90,7.9000,true,1,55921
7290014079236,false,פטריות פורטובלה מיני סלסלה,מרינה פטריות הגליל,IL,פטריות מיני חורש,יח',1.00,יח',false,,9.90,9.9000,true,1,65742
7290014083806,false,עוגיות בטעם חמאה .400 ג',דן קייק,PT,וילי פוד עוגיות בטעם,גרמים,350.00,100 גרם,false,,14.90,4.2571,true,1,117576
7290014083813,false,וילי פוד מריגה שפרוטים מעושנים בשמן 190ג,הנסיך- מפעל לייצור ט,LV,בריוולס וילניס שפרוט,גרמים,190.00,100 גרם,false,,10.90,5.7368,true,1,3696
7290014094369,false,ששון הקולה שקד טבעי,"דין שיווק וקליה בע""מ",IL,ששון הקולה שקד טבעי,גרמים,200.00,100 גרם,false,,22.90,11.4500,true,1,5362
7290014094376,false,שזיפים ללא גלעין ששו,"דין שיווק וקליה בע""מ",,שזיף ללא גלעין בקופס,גרמים,250.00,100 גרם,false,,25.90,10.3600,true,1,5363
7290014094383,false,משמש מיובש ששון הקול,"דין שיווק וקליה בע""מ",,שקדיה משמש מיובש 250,גרמים,250.00,100 גרם,false,,24.90,9.9600,true,1,5364
7290014094390,false,חמוציות מסוכרות ששון,"דין שיווק וקליה בע""מ",,חמוציות מסוכרות בקופ,גרמים,250.00,100 גרם,false,,15.90,6.3600,true,1,5365
7290014094406,false,צימוק לבן 330 ג' בקופסא,"דין שיווק וקליה בע""מ",,צימוק בהיר בקופסא 2,גרמים,250.00,100 גרם,false,,17.90,7.1600,true,1,5366
7290014094628,false,פקאן טבעי 200 ג' בקופסא,ששון הקולה,,פקאן טבעי 200גר ששון,גרמים,200.00,100 גרם,false,,27.90,13.9500,true,1,5383
7290014094659,false,בונדוק טבעי בקופסא 2,דין שיווק,IL,אגוז לוז טבעי 250 גר,גרמים,250.00,100 גרם,false,,24.90,9.9600,true,1,117719
7290014094864,false,פיסטוק קלוי ששון הקו,"דין שיווק וקליה בע""מ",IL,פיסטוק קלוי 170 גרם,גרמים,170.00,100 גרם,false,,17.90,10.5294,true,1,5393
7290014094895,false,אגוזים קלופים ששון הקולה 150 ג',,,אגוז מלך 150גר ששון,גרמים,150.00,100 גרם,false,,11.90,7.9333,true,1,5396
7290014095861,false,שיבולת שועל דקה להכנה מהירה,"דין שיווק וקליה בע""מ",IL,שיבולת שועל דקה קווא,גרמים,500.00,100 גרם,false,,6.90,1.3800,true,1,5401
7290014217065,false,תבלין אורגנו עלים 30 גר',תות ממתקי איכות,IL,טעם וריח אורגנו מיכל,גרמים,30.00,100 גרם,false,,11.90,39.6667,true,1,49666
7290014217157,false,תערובת תיבול טוסקנה מיכל 120 גר,תות ממתקי איכות,IL,תבלין תערובת תיבול ט,גרמים,120.00,100 גרם,false,,9.80,8.1667,true,1,49671
7290014217171,false,תערובת תיבול תיבול גריל דג מיכל 100ג',תות ממתקי איכות,IL,תבלין בתיבול גריל דג,גרמים,100.00,100 גרם,false,,9.80,9.8000,true,1,49673
7290014217225,false,תבלין גריל עוף מיכל 120גר,תות ממתקי איכות,IL,טעם וריח גריל עוף מי,גרמים,120.00,100 גרם,false,,11.90,9.9167,true,1,49674
7290014217263,false,תערובת תיבול לפרגיות 100ג',תות ממתקי איכות,IL,תבלין תיבול פרגית טע,גרמים,100.00,100 גרם,false,,11.90,11.9000,true,1,49676
7290014217348,false,צ'ילי כתוש חריף (פלפל קיינה),תות ממתקי איכות,IL,תבליני טעם וריח צילי,גרמים,70.00,100 גרם,false,,11.90,17.0000,true,1,49679
7290014218932,false,חטיפי פיצה בתוספת זיתים 710 ג' מעדנות,מיוצר עי קונדיטוריית,IL,חטיפי פיצה בתוספת זי,גרמים,710.00,100 גרם,false,,38.90,5.4789,true,1,141439
7290014256637,false,יין לבן מתוק מבעבע Buzz מוסקטו,יקבי כרמל Carmel Winery,IL,יין באזז מוסקטו 750מ,מיליליטרים,750.00,"100 מ""ל",false,,31.90,4.2533,true,1,560
7290014325036,false,סוכריות ג'לי עטופות שמחות 600גרם,מיה תעשיות מזון בעמ,IL,ג'לי שמחות 600 גרם,גרמים,600.00,100 גרם,false,,21.90,3.6500,true,1,15937
7290014325531,false,חמאת בוטנים מיה 500 גר',,,חמאת בוטנים 500 גרם,גרמים,500.00,100 גרם,false,,14.90,2.9800,true,1,15955
7290014397286,false,מרכך כביסה מקסימה מרוכז חלב ודבש 1 ל' סנו,סנו מקסימה,IL,סנו מקסימה קר מרכך מ,ליטרים,1.00,ליטר,false,,18.90,18.9000,true,1,32762
7290014397514,false,"סנו פרש הום מבשם כותנה מלטפת 350מ""ל","סנו מפעלי ברונוס בע""",IL,סנו פרש הום כותנה מל,מיליליטרים,350.00,"100 מ""ל",false,,12.90,3.6857,true,1,32769
7290014397767,false,סנו ריצפז פרש הום 2 ליטר בניחוח כותנה-מרכז,"סנו מפעלי ברונוס בע""",IL,ריצפז פרש הום כותנה,ליטרים,2.00,ליטר,false,,24.90,12.4500,true,1,32788
7290014435704,false,סלמון מעושן 100גר' שמיר,שבעת הימים - שמיר,IL,סלמון מעושן סלטי שמי,גרמים,100.00,100 גרם,false,,28.90,28.9000,true,1,19895
7290014435834,false,מקרל מעושן פרוס בשמן 180 גרם,שבעת הימים - שמיר,IL,מקרל מעושן פרוס בשמן,גרמים,180.00,100 גרם,false,,29.90,16.6111,true,1,19900
7290014435841,false,פילה מטיאס הולנדי בשמן שמיר 180ג',סלטי שמיר 2006 בעמ,IL,פילה מטיאס הולנדי  ב,גרמים,180.00,100 גרם,false,,21.90,12.1667,true,1,19901
7290014435872,false,סלט הרינג ומיונז שמיר 250ג',שבעת הימים - שמיר,IL,סלט הרינג עם מיונז 1,גרמים,180.00,100 גרם,false,,21.90,12.1667,true,1,19902
7290014435889,false,סלט מטיאס עם מיונז 180 גרם,שבעת הימים - שמיר,IL,סלט מטיאס עם מיונז 1,גרמים,180.00,100 גרם,false,,21.90,12.1667,true,1,19903
7290014455245,false,גבינת גרנה פדנו משולש 29% 200 גרם בית יוסף,מחלבת סוציאלה מנטובה,IT,גד גרנה פדנו משולש כ,גרמים,200.00,100 גרם,false,,28.70,14.3500,true,1,15511
7290014455252,false,גבינה קשה מגורדת גרנה פדנו 29% שומן,מחלבות גד שיווק 1992,IT,גד גרנה פדנו מגורד כ,גרמים,100.00,100 גרם,false,,13.80,13.8000,true,1,15512
7290014455320,false,גבינה כדורי מוצרלה פרסקה גד 100ג',מחלבות גד בעמ,IL,גד כדור מוצרלה פרסקה,גרמים,100.00,100 גרם,false,,11.70,11.7000,true,1,15515
7290014455467,false,ירח מתוק מעדן חלב 2% ושיבולת שועל גד 150ג',מחלבות גד,IL,גד מעדן שיבולת שועל,מיליליטרים,150.00,"100 מ""ל",false,,7.00,4.6667,true,1,15520
7290014459137,false,"צ'יפס תפוגן סטייק 1.5 ק""ג","תעשיות תפוגן בע""מ",IL,תפוגן סטייק ציפס 1.5,קילוגרמים,1.50,"ק""ג",false,,28.90,19.2667,true,1,22169
7290014459472,false,"צ'יפס תפוגן קלאסי 2 ק""ג",עיצובים 2020 (4.5),,תפוגן צ`יפס קלאסי 2,קילוגרמים,2.00,"ק""ג",false,,30.90,15.4500,true,1,22175
7290014471412,false,"מוזלי בוטנים אגוזים ושקדים 1 ק""ג - 412 ירוק שקדיה",דין שיווק,IL,מוזלי בוטנים אגוזים,קילוגרמים,1.00,"ק""ג",false,,19.90,19.9000,true,1,117721
7290014471443,false,"גרנולה צימוקים אגוזים ושקדים1 ק""ג חדש - 443 כתום שקדיה (כתום)",דין שיווק,IL,גרנולה צימוקים אגוזי,קילוגרמים,1.00,"ק""ג",false,,19.90,19.9000,true,1,5408
7290014472136,false,גרעין שחור קלוי ששון הקולה 150 ג',דין שיווק,IL,גרעין שחור קלוי 150,גרמים,150.00,100 גרם,false,,4.90,3.2667,true,1,5417
7290014472235,false,פקאן סיני מסוכר בקופ,ששון הקולה,,פקאן סיני מסוכר בקופ,גרמים,200.00,100 גרם,false,,26.90,13.4500,true,1,5420
7290014472471,false,גרעינים שחור ענק 200גר' פרימיום,דין שיווק,IL,גרעין שחור ענק 200 ג,גרמים,200.00,100 גרם,false,,7.90,3.9500,true,1,5427
7290014472488,false,שקד קלוי ענק 250גר' פרימיום,דין שיווק,IL,שקד קלוי פרימיום 250,גרמים,250.00,100 גרם,false,,27.90,11.1600,true,1,5428
7290014472495,false,קשיו קלוי ענק פרימיו,דין שיווק,IL,קשיו קלוי ענק פרימיו,גרמים,250.00,100 גרם,false,,21.90,8.7600,true,1,5429
7290014472501,false,פיסטוק קלוי ענק 250 ג' פרימיום,דין שיווק,IL,פיסטוק קלוי ענק 250,גרמים,250.00,100 גרם,false,,26.90,10.7600,true,1,5430
7290014525290,false,חטיף קריספי עם מילוי בטעם תות שדה,סלים דליס Slim Delis,NL,חטיף מרבה קריספי תות,גרמים,125.00,100 גרם,false,,13.90,11.1200,true,1,23558
7290014525313,false,מרבה סלים דליס קריספי שוקולד 125 גר,סלים דליס Slim Delis,NL,חטיף מרבה קריספי שוק,גרמים,125.00,100 גרם,false,,13.90,11.1200,true,1,23560
7290014636378,false,סט מצעים זוגי סטאן ר,,,סט מצעים זוגי סטאן ר,יחידה,0.00,יחידה,false,,99.90,0.0000,true,1,16374
7290014636545,false,שלישית מגבות מטבח ג'קרד,,,שלישית מגבות מטבח פס,יחידה,0.00,יחידה,false,,19.90,0.0000,true,1,399411
7290014636675,false,מגבת גוף חלקה 550 גר,,,מגבת גוף מנהטן 70*13,יחידה,0.00,יחידה,false,,34.90,0.0000,true,1,123866
7290014636682,false,מגבת פנים חלקה 550 גרם,,,מגבת פנים,יחידה,0.00,יחידה,false,,19.90,0.0000,true,1,125284
7290014636842,false,כרית ממורי ויסקו,,,כרית ויסקו,יחידה,0.00,יחידה,false,,89.90,0.0000,true,1,403190
7290014636903,false,כרבולית קורל מינק 170*130,,,כרבולית מינק 130/170,יחידה,0.00,יחידה,false,,49.90,0.0000,true,1,492334
7290014692299,false,גבינת ברי 125 ג' קסטיאלו ויליפוד,יורו צ'יז Euro Cheese,DK,גבינת ברי 125 גרם EU,גרמים,125.00,100 גרם,false,,19.90,15.9200,true,1,3700
7290014692305,false,גבינת קממבר 125ג' CASTELLO ויליפוד,הנסיך- מפעל לייצור ט,DK,גבינת קממבר 125 גרם,גרמים,125.00,100 גרם,false,,19.90,15.9200,true,1,3701
7290014748613,false,מקלוני דג בציפוי צ'יפס,עיצובים 2020 (4.9),IL,דג טוב מקלוני דגים ב,גרמים,600.00,100 גרם,false,,37.90,6.3167,true,1,133487
7290014749245,false,ספיישל רצועות שניצל שומשום עוף טוב 600 גרם,מוצרי עוף טוב (2001),IL,רצועות שניצל שומשום,גרמים,600.00,100 גרם,false,,42.90,7.1500,true,1,228520
7290014749764,false,עוף טוב שניצל עוף ביתי עדין 700,מוצרי עוף טוב (2001),IL,שניצל עוף ביתי כזה ע,גרמים,700.00,100 גרם,false,,45.90,6.5571,true,1,228485
7290014749788,false,רצועות שניצל בציפוי צ'יפס צ'ונגו 600 ג' עוף טוב,מוצרי עוף טוב (2001),IL,רצועות שניצל ציפס צ',גרמים,600.00,100 גרם,false,,42.90,7.1500,true,1,228522
7290014758100,false,מאגדת יוגורט ביו 3% שומן 8 יח' *150ג' תנובה,מיוצר עי קונדיטוריית,IL,יוגורט תנובה 3% 8*15,קילוגרמים,1.20,"ק""ג",false,,17.90,14.9167,true,1,27739
7290014758117,false,מאגדת יוגורט ביו 1.5% שומן 8 יח' *150 ג' תנובה,מיוצר עי קונדיטוריית,IL,יוגורט תנובה 1.5% 8*,קילוגרמים,1.20,"ק""ג",false,,17.90,14.9167,true,1,27740
7290014758162,false,חלב עיזים מלא 3.6% קרטון 1 ל' תנובה,תנובה מרכז שיתופי לש,IL,חלב תנובה עיזים מלא,ליטרים,1.00,ליטר,false,,17.70,17.7000,true,1,27742
7290014758681,false,קוטג' תנובה 1% גביע 250 ג',מיוצר עי קונדיטוריית,IL,קוטג תנובה 1% 250ג,גרמים,250.00,100 גרם,false,,5.80,2.3200,true,1,27761
7290014759084,false,גבינת שמנת 16% בטעם טבעי 225 ג' נפוליאון,תנובה מרכז שיתופי לש,IL,נפוליאון 16% 225גר,גרמים,225.00,100 גרם,false,,16.50,7.3333,true,1,27764
7290014759978,false,"גבינת קצקבל פלח גלעד 27%, 200 ג'",תנובה,IL,גבינות תנובה קצקבל פ,גרמים,200.00,100 גרם,false,,30.90,15.4500,true,1,27781
7290014759985,false,"גבינת פרמזן גבע 23% פלח, 200 ג'",תנובה,IL,גבינה קשה מחלב בקר 2,גרמים,200.00,100 גרם,false,,29.90,14.9500,true,1,27782
7290014760134,false,מעדן סויה בטעם וניל אלטרנטיב,תנובה Alternative,IL,גביע מעדן סויה בטעם,גרמים,125.00,100 גרם,false,,5.10,4.0800,true,1,111707
7290014760141,false,משקה שקדים תנובה E אלטרנטיב,תנובה Alternative,IL,תנובה משקה שקדים טרי,יחידה,0.00,יחידה,false,,15.50,0.0000,true,1,27785
7290014760448,false,גבינה צהובה גלבוע 400 גרם 22% שומן תנובה,מחלבת בית יצחק,IL,גלבוע 22% 400 גרם,גרמים,400.00,100 גרם,false,,26.10,6.5250,true,1,27792
7290014760912,false,פרוסות גבינה 28% שומן 400 ג' גוש חלב,תנובה מרכז שיתופי לש,IL,גוש חלב 28% מהדרין 4,גרמים,400.00,100 גרם,false,,27.90,6.9750,true,1,27806
7290014761056,false,מעדן שוקולד חלב מעולה 123 ג' יולו,מיוצר עי קונדיטוריית,IL,יולו שוקולד חלב מעול,גרמים,122.00,100 גרם,false,,5.70,4.6721,true,1,27810
7290014761063,false,מעדן שוקולד מריר מעולה 123 ג' יולו,מיוצר עי קונדיטוריית,IL,יולו שוקולד מריר מעו,גרמים,122.00,100 גרם,false,,5.70,4.6721,true,1,27811
7290014761070,false,מעדן שוקולד לבן מעולה 123 ג' יולו,מיוצר עי קונדיטוריית,IL,יולו שוקולד לבן מעול,גרמים,122.00,100 גרם,false,,5.70,4.6721,true,1,27812
7290014761193,false,יוגורט עם פירות יער 1.5% שומן 125 ג' פרילי,תנובה מרכז שיתופי לש,IL,פרילי פירות יער 1.5%,גרמים,125.00,100 גרם,false,,4.10,3.2800,true,1,27815
7290014762756,false,נפוליאון גבינת שמנת עם בצל 16% שומן,הרדוף חלב,IL,נפוליאון 16% עם בצל,גרמים,225.00,100 גרם,false,,16.50,7.3333,true,1,27884
7290014762800,false,מעדן סויה שוקולד גביע 125 גרם אלטרנטיב,תנובה מרכז שיתופי לש,IL,גביע מעדן סויה בטעם,גרמים,125.00,100 גרם,false,,5.10,4.0800,true,1,92302
7290014762831,false,גבינת שמנת חלפיניו 24% שומן 225 ג' נפוליאון,תנובה מרכז שיתופי לש,IL,גבינת שמנת נפוליאון,גרמים,225.00,100 גרם,false,,16.50,7.3333,true,1,27886
7290014762909,false,פתיתי מוצרלה 20% שומן 200 ג' השף הלבן,"תנובה, מחלבת תל יוסף",IL,פתיתי מוצרלה 200 גר`,גרמים,200.00,100 גרם,false,,19.90,9.9500,true,1,27892
7290014763098,false,קרם גבינת שמנת 5% עם פלפל שום ובצל 200 ג' תנובה,תנובה,IL,קרם גבינת שמנת 5% טו,גרמים,200.00,100 גרם,false,,13.40,6.7000,true,1,27897
7290014763272,false,יוגורט סויה BIO לשתייה תות ובננה אלטרנטיב,תות תעשיות מזון (201,IL,משקה סויה ביו עם תות,מיליליטרים,250.00,"100 מ""ל",false,,7.20,2.8800,true,1,27905
7290014789913,false,עוגיות אוראו עם מילוי קרם וניל 3 * 176 ג',,,עוגיות אוראו מארז 3,גרמים,528.00,100 גרם,false,,23.90,4.5265,true,1,5866
7290014791091,false,"שוויפס לימונייד 500 מ""ל",,,משקה למונייד שוופס 5,מיליליטרים,500.00,"100 מ""ל",false,,6.50,1.3000,true,1,12391
7290014855434,false,מגבונים בייביסיטר פרפורמנס מבושם רביעיה,בייביסיטר Babysitter,,בייביסיטר פרפורמנס מ,יחידה,0.00,יחידה,false,,18.90,0.0000,true,1,31704
7290014855458,false,מגבוני בייביסיטר פרפורמנס ללא בישום מארז 72X4יח',בייביסיטר Babysitter,,מגבוני בייבי פרפורמנ,יחידה,0.00,יחידה,false,,18.90,0.0000,true,1,31705
7290014860070,false,"מקלוני אורז ללא גלוטן 5 מ""מ 454גר' (אור)",ניינטי נודל קו,TH,"מקלוני אורז 5 מ""מ לל",גרמים,454.00,100 גרם,false,,11.90,2.6211,true,1,120552
7290014860247,false,שבבי אורז מרובעים לל,ליאן תאי רייס,TH,שבבי אורז מרובעים לל,גרמים,227.00,100 גרם,false,,10.90,4.8018,true,1,421304
7290014910515,false,שפרוטים מעושנים רויא,,,שפרוטים מעושנים רויא,גרמים,250.00,100 גרם,false,,14.90,5.9600,true,1,108115
7290014940901,false,לחם פשוט מלא 750 ג' אנג'ל,מאפית אנגל,IL,לחם פשוט מלא אנגל 75,גרמים,750.00,100 גרם,false,,15.90,2.1200,true,1,69779
7290014974562,false,גביעי גלידה רגיל טילון עלמה גילרו 24 יח',"א.ג גילרו בע""מ",IL,עלמה גביעי גלידה 24,גרמים,120.00,100 גרם,false,,6.90,5.7500,true,1,85273
7290015009027,false,חומץ בלסמי חומציות 6,אקובינל,ES,חומץ בלסמי חומציות 6,מיליליטרים,500.00,"100 מ""ל",false,,23.90,4.7800,true,1,74391
7290015009355,false,רוטב חומץ בלסמי מצומ,,,רוטב חומץ בלסמי מצומ,מיליליטרים,250.00,"100 מ""ל",false,,24.90,9.9600,true,1,430307
7290015009447,false,זיתים שחורים שלמים מ,,,זיתים שחורים מזן קלמ,גרמים,440.00,100 גרם,false,,22.90,5.2045,true,1,429797
7290015014168,false,עלי בייבי 150 ג',,,עלי בייבי,גרמים,120.00,100 גרם,false,,7.90,6.5833,true,1,93672
7290015014182,false,קיסר בנספק,,,לבבות חסה,יח',1.00,יח',false,,9.90,9.9000,true,1,94761
7290015014458,false,מרווה (בוסתן),,,מרווה (בוסתן),יח',1.00,יח',false,,6.90,6.9000,true,1,93855
7290015014465,false,רוזמרין (בוסתן),,,רוזמרין (בוסתן),יח',1.00,יח',false,,6.90,6.9000,true,1,93856
7290015014472,false,קורנית(בוסתן),,,קורנית(בוסתן),יח',1.00,יח',false,,4.90,4.9000,true,1,93964
7290015014663,false,שיבה,,,שיבה,יח',1.00,יח',false,,6.90,6.9000,true,1,1805
7290015039338,false,נתחי טונה במי מלח רביעיה * 160 ג' וילי פוד,וילי פוד,,טונה במי מלח ויליפוד,גרמים,640.00,100 גרם,false,,24.60,3.8438,true,1,3733
7290015129251,false,אטריות קונג'אק בצורת פטוצ'יני,אף.סי תבליני בגליל ב,CN,סקיני - פסטה פטוצ'ינ,גרמים,270.00,100 גרם,false,,12.90,4.7778,true,1,271299
7290015150118,false,עגבניות חתוכות דק בלה איטליה 3*400 ג',אמיליאנה קונסרב ס.פ.,IT,עגבניות חתוכות דק בל,גרמים,400.00,100 גרם,false,,20.90,5.2250,true,1,26226
7290015150903,false,תה ירוק קינמון דבש 25 שקיקים,ויסוצקי ירוק,IL,תה ירוק קינמון ודבש,גרמים,37.50,100 גרם,false,,26.90,71.7333,true,1,26241
7290015164832,false,מחית קארי ירוקה מזרח,טאפאדונגפורן קוקינט,TH,מחית ירוקה על בסיס ק,גרמים,400.00,100 גרם,false,,19.90,4.9750,true,1,15256
7290015193566,false,אובלטים שומשום מעדני המלך 300 גר',אם החיטה,,אובלטים שומשום 300 ג,גרמים,300.00,100 גרם,false,,10.90,3.6333,true,1,72772
7290015251174,false,"שלישיית סבון ידים ירוק נובו 500 מ""ל",סאסאטק,IL,נובו סבון ידיים ירוק,ליטרים,1.50,ליטר,false,,13.90,9.2667,true,1,41658
7290015282581,false,חומוס שמיר אבו גוש עם חריף 200 גר',"סלטי שמיר 2006 בע""מ",IL,חומוס אבו גוש עם חרי,גרמים,200.00,100 גרם,false,,11.90,5.9500,true,1,79788
7290015282598,false,חומוס שמיר מסעדות 200 גר',"סלטי שמיר 2006 בע""מ",IL,חומוס מסעדות,גרמים,200.00,100 גרם,false,,11.90,5.9500,true,1,79789
7290015282604,false,טחינה שמיר מיוחדת גורמה 200ג',"סלטי שמיר 2006 בע""מ",IL,טחינה מיוחדת,גרמים,200.00,100 גרם,false,,11.90,5.9500,true,1,79790
7290015282635,false,חומוס שמיר מסבחה 200 גר',"סלטי שמיר 2006 בע""מ",IL,חומוס מסבחה,גרמים,200.00,100 גרם,false,,11.90,5.9500,true,1,79792
7290015282642,false,חומוס שמיר אבו גוש 200 גר',"סלטי שמיר 2006 בע""מ",IL,חומוס אבו גוש,גרמים,200.00,100 גרם,false,,11.90,5.9500,true,1,79793
7290015282673,false,חציל שמיר במיונז ביתי 200 גורמה גר',"סלטי שמיר 2006 בע""מ",IL,חציל במיונז ביתי,גרמים,200.00,100 גרם,false,,11.90,5.9500,true,1,79794
7290015282680,false,קישוא בטעם כבד שמיר 200 גר',"סלטי שמיר 2006 בע""מ",IL,קישוא בטעם כבד סלטי,גרמים,200.00,100 גרם,false,,13.90,6.9500,true,1,79795
7290015282710,false,קוביות סלק שמיר 200 גר',"סלטי שמיר 2006 בע""מ",IL,קוביות סלק סלטי שמיר,גרמים,200.00,100 גרם,false,,11.90,5.9500,true,1,79797
7290015282734,false,מטבוחה שמיר ביתית גורמה 200 ג ',"סלטי שמיר 2006 בע""מ",IL,מטבוחה ביתית.,גרמים,200.00,100 גרם,false,,13.90,6.9500,true,1,79799
7290015282741,false,חציל תאילנדי אסלי שמיר 200 ג',"סלטי שמיר 2006 בע""מ",IL,חציל תילאנדי סלטי שמ,גרמים,200.00,100 גרם,false,,13.90,6.9500,true,1,79800
7290015282772,false,פלפל רצועות קלוי/מטוגן 200 גרם,"סלטי שמיר 2006 בע""מ",IL,פלפל רצועות קלוי/מטו,גרמים,200.00,100 גרם,false,,13.90,6.9500,true,1,79803
7290015324007,false,תבלין פלפל שחור גרוס 80 ג',תות ממתקי איכות,IL,טעם וריח פלפל שחור ג,גרמים,80.00,100 גרם,false,,12.90,16.1250,true,1,49684
7290015324014,false,תבלין פלפל שחור טחון 80 ג',תות ממתקי איכות,IL,טעם וריח פלפל שחור ט,גרמים,80.00,100 גרם,false,,12.90,16.1250,true,1,49685
7290015324038,false,פפריקה מרוקאית מתוקה בשמן,תות ממתקי איכות,IL,טעם וריח פפריקה בשמן,גרמים,80.00,100 גרם,false,,6.50,8.1250,true,1,49686
7290015324045,false,תבלין פפריקה חריפה 80 גר' שק',תות ממתקי איכות,IL,תבלין פפריקה חריפה ב,גרמים,80.00,100 גרם,false,,6.50,8.1250,true,1,49687
7290015324052,false,תבלין פפריקה מתוקה 80 ג',תות ממתקי איכות,IL,טעם וריח פפריקה מתוק,גרמים,80.00,100 גרם,false,,6.50,8.1250,true,1,49688
7290015324076,false,טעם וריח זעתר שקית 8,תות ממתקי איכות,IL,טעם וריח זעתר שקית 8,גרמים,80.00,100 גרם,false,,6.90,8.6250,true,1,49690
7290015324083,false,טעם וריח מלח לימון ש,תות ממתקי איכות,IL,טעם וריח מלח לימון ש,גרמים,80.00,100 גרם,false,,6.50,8.1250,true,1,49691
7290015324090,false,תבלין כמון טחון 80 ג',תות ממתקי איכות,IL,טעם וריח כמון שקית 8,גרמים,80.00,100 גרם,false,,8.90,11.1250,true,1,49692
7290015324106,false,תבלין כורכום טחון 80 גר',תות ממתקי איכות,IL,טעם וריח כורכום שקית,גרמים,80.00,100 גרם,false,,8.90,11.1250,true,1,49693
7290015324113,false,טעם וריח בהרט שקית 8,תות ממתקי איכות,IL,טעם וריח בהרט שקית 8,גרמים,80.00,100 גרם,false,,6.90,8.6250,true,1,49694
7290015324120,false,טעם וריח שום גבישי ב,תות ממתקי איכות,IL,טעם וריח שום גבישי ב,גרמים,80.00,100 גרם,false,,9.90,12.3750,true,1,49695
7290015324151,false,תבלין חוויאג למרק ב,תות ממתקי איכות,IL,תבלין חוויאג למרק ב,גרמים,80.00,100 גרם,false,,6.90,8.6250,true,1,49696
7290015324731,false,"מחית ג`ינג`ר `טעם וריח', 210 גרם",,,מחית ג'ינג'ר 210 גרם,גרמים,210.00,100 גרם,false,,14.90,7.0952,true,1,427931
7290015328647,false,נר נשמה בפח 24 שעות,,,נר נשמה בפח 24 שעות,יחידה,0.00,יחידה,false,,1.90,0.0000,true,1,131381
7290015328692,false,מנורת לד 12 וולט,,,מנורת לד 12 וולט,יחידה,0.00,יחידה,false,,9.90,0.0000,true,1,125876
7290015347464,false,קינואה מעורבת 400גרם,,,מיה קינואה מעורבת 50,גרמים,400.00,100 גרם,false,,17.90,4.4750,true,1,15976
7290015347488,false,"סוכר דמררה חום שקית מיה 1 ק""ג",מיה,IL,סוכר דמררה בשקית מיה,קילוגרמים,1.00,"ק""ג",false,,11.90,11.9000,true,1,15978
7290015374279,false,"סיגר במילוי בשר בד""צ",,,סיגר במילוי בשר 400,גרמים,400.00,100 גרם,false,,12.90,3.2250,true,1,67276
7290015374286,false,"סיגר במילוי תפו""א בד",,,סיגר במילוי תפו'א 40,גרמים,400.00,100 גרם,false,,12.90,3.2250,true,1,67277
7290015374309,false,"פסטל במילוי תפו""א בד",,,פסטל במילוי תפו'א 40,גרמים,400.00,100 גרם,false,,12.90,3.2250,true,1,67279
7290015374323,false,קובה ביתי במילוי בשר,,,קובה ביתי במילוי בשר,גרמים,400.00,100 גרם,false,,12.90,3.2250,true,1,67280
7290015374330,false,"קובה מרק בד""צ 400גר",,,קובה מרק 400 גרם,גרמים,400.00,100 גרם,false,,12.90,3.2250,true,1,67281
7290015437431,false,רכז רימונים תומר 420,תומר,,רכז רימונים תומר 42,גרמים,420.00,100 גרם,false,,23.90,5.6905,true,1,257889
7290015572033,false,שרי צהוב,,,שרי צהוב,יח',1.00,יח',false,,11.90,11.9000,true,1,103825
7290015603522,false,נוזל אגוזי קוקוס 5-7,אסי אטיק גרו אינדוסט,TH,נוזל אגוזי קוקוס 5-7,מיליליטרים,400.00,"100 מ""ל",false,,7.90,1.9750,true,1,15266
7290015603546,false,"שימורי קרם קוקוס 17-19% 400 מ""ל (ASIATIC)(כ)",אסיאטיק אגרו אינדסטר,TH,שימורי קרם קוקוס 17-,מיליליטרים,400.00,"100 מ""ל",false,,9.90,2.4750,true,1,15267
7290015603560,false,שימורי קרם קוקוס 400,אסי אטיק גרו אינדוסט,TH,שימורי קרם קוקוס 20-,מיליליטרים,400.00,"100 מ""ל",false,,9.90,2.4750,true,1,63171
7290015603584,false,ג'ינגר לבן כבוש ללא מונוסודיום 160 גרם (כ),לאיווי איפנג פודס קו,CN,ג'ינג'ר לבן כבוש ללא,גרמים,160.00,100 גרם,false,,8.90,5.5625,true,1,15268
7290015603638,false,"אורז קלרוז 1 ק""ג (כ) (Minh)",מינה פונג גרין אגריק,CN,אורז עגול קלרוז לסוש,קילוגרמים,1.00,"ק""ג",false,,12.90,12.9000,true,1,59518
7290015644297,false,אנג'ל הלחמניה המלאה 6יח 450 ג',מאפיית שלמה א. אנג'ל,IL,6 לחמניות פשוט מלא א,יחידה,0.00,יחידה,false,,11.90,0.0000,true,1,79190
7290015644426,false,לחם צרפתי חיטה מלאה ודגנים,"איטיליאן פוד, אס.פי.",IL,לחם מחמצת חיטה מלאה,גרמים,600.00,100 גרם,false,,18.90,3.1500,true,1,69782
7290015644433,false,לחם צרפתי שיפון 100% קל,מאפית אנגל,IL,לחם מחמצת 100% שיפון,גרמים,600.00,100 גרם,false,,18.90,3.1500,true,1,69783
7290015652087,false,תערובת פיצוחים 150 גר' שקדיה,דין שיווק,IL,תערובת פיצוחים 150גר,גרמים,150.00,100 גרם,false,,12.90,8.6000,true,1,64753
7290015652254,false,גרעיני חמניה קלויים 500 ג',דין שיווק,IL,גרעיני חמניה קלויים,גרמים,400.00,100 גרם,false,,10.00,2.5000,true,1,5475
7290015652261,false,בוטנים קלויים 350 ג' ששון הקולה,דין שיווק,IL,בוטנים קלויים ששון ה,גרמים,300.00,100 גרם,false,,10.00,3.3333,true,1,114348
7290015652278,false,תערובת פיצוחים ששון,"דין שיווק וקליה בע""מ",IL,תערובת פיצוחים ששון,גרמים,250.00,100 גרם,false,,20.00,8.0000,true,1,5477
7290015652605,false,פיסטוק קלוף דין שיוו,"דין שיווק וקליה בע""מ",,פיסטוק קלוף 100 גרם,גרמים,100.00,100 גרם,false,,21.90,21.9000,true,1,5493
7290015733977,false,תרכובת מזון קומפורט על בסיס חלבי דל לקטוז,מטרנה,,מטרנה קומפורט 700 גר,גרמים,700.00,100 גרם,false,,69.90,9.9857,true,1,294372
7290015781015,false,"יין ויז'ן מלבק 750 מ""ל",יקב טפרברג 1870 בעמ,IL,ויז'ן מלבק,מיליליטרים,750.00,"100 מ""ל",false,,42.90,5.7200,true,1,12483
7290015781091,false,"יין ויז'ן קברנה סובניון 750 מ""ל",יקב טפרברג 1870 בעמ,IL,ויז'ן קברנה סובניון,מיליליטרים,750.00,"100 מ""ל",false,,42.90,5.7200,true,1,12486
7290015858113,false,ממרח עגבניות מיובשות 180 גרם עללחם,"מדשא תעשיות מזון בע""",IL,ממרח עגבניות מיובשות,גרמים,180.00,100 גרם,false,,18.90,10.5000,true,1,141135
7290015858144,false,ממרח ארטישוק עלחחם 180 ג',זאביק יצור ושיווק מז,IL,ממרח ארטישוק עללחם 1,גרמים,180.00,100 גרם,false,,18.90,10.5000,true,1,141136
7290015858151,false,ממרח שום 180 גרם עללחם בית יוסף,רוג'ר אנד רוג'ר,IL,ממרח שום עללחם 180 ג,גרמים,180.00,100 גרם,false,,18.90,10.5000,true,1,480426
7290015865692,false,תענוג פרי תות שדה ענ,קריות זול,IL,תענוג פרי תות שדה ענ,גרמים,400.00,100 גרם,false,,20.90,5.2250,true,1,378704
7290015951869,false,יקבי רמת הגולן הר חר,מיוצר וממולא על ידי,IL,יקבי רמת הגולן הר חר,מיליליטרים,750.00,"100 מ""ל",false,,39.90,5.3200,true,1,123671
7290016006322,false,מים מינרליים מי עדן,מופק ממקור בזלתי עדן,IL,מי עדן 1 ליטר,ליטרים,1.00,ליטר,false,,2.90,2.9000,true,1,12436
7290016006339,false,מים מינרלים - מארז רביעייה,מופק ממקור בזלתי עדן,IL,מי עדן רביעייה 1 ליט,ליטרים,4.00,ליטר,false,,11.90,2.9750,true,1,12437
7290016006346,false,שוופס סודה מארז שישייה * 0.5 ל',יפאורה תבורי בעמ,IL,שוופס סודה שישייה 0.,ליטרים,3.00,ליטר,false,,16.90,5.6333,true,1,12438
7290016096217,false,רביעיית נתחי טונה קט,,,רביעיית נתחי טונה קט,גרמים,560.00,100 גרם,false,,24.90,4.4464,true,1,88903
7290016096491,false,נתחי טונה בהירה בשמן צמחי שלישיה *80ג' פילטונה,,,נתחי טונה בשמן צמחי,גרמים,240.00,100 גרם,false,,11.90,4.9583,true,1,123088
7290016096675,false,טונה בשמן זית פילטונ,,,טונה בשמן זית פילטונ,גרמים,240.00,100 גרם,false,,18.90,7.8750,true,1,127406
7290016098181,false,ביסקוויט אותיות אלף-,,,ביסקוויט אותיות אלף-,גרמים,200.00,100 גרם,false,,4.90,2.4500,true,1,266033
7290016144017,false,"קמח חיטה מלאה נפלאות 100% 1 ק""ג",קמח מלכים,IL,קמח חיטה מלאה 100% נ,קילוגרמים,1.00,"ק""ג",false,,10.90,10.9000,true,1,120499
7290016144024,false,"קמח כוסמין מלא נפלאות 100% 1 ק""ג","קמח מלכים בע""מ",IL,קמח כוסמין מלא 100%,קילוגרמים,1.00,"ק""ג",false,,15.90,15.9000,true,1,120548
7290016144048,false,"קמח כוסמין לבן נפלאות 1 ק""ג","קמח מלכים בע""מ",IL,קמח כוסמין לבן נפלאו,קילוגרמים,1.00,"ק""ג",false,,17.90,17.9000,true,1,138349
7290016150117,false,סלק אדום מבושל 500 ג' בוואקום,חקלאי,IL,מעדן סלק בוואקום 500,גרמים,500.00,100 גרם,false,,6.90,1.3800,true,1,98658
7290016162233,false,עוגיות ממולאות פרימיום סוגים שונים 200 גר',,,עוגיות דיזרט פרימיום,גרמים,200.00,100 גרם,false,,22.90,11.4500,true,1,70279
7290016197488,false,מטליות מיקרופייבר למשטחים ניקול 3יח',UFO INC,CN,מטלית קסם לשיש מארז,יחידה,0.00,יחידה,false,,12.90,0.0000,true,1,9842
7290016217735,false,חציל על האש סלטי שמי,"סלטי שמיר 2006 בע""מ",IL,חציל על האש סלטי שמי,גרמים,200.00,100 גרם,false,,11.90,5.9500,true,1,79805
7290016217742,false,חציל בטחינה שמיר 200 ג',"סלטי שמיר 2006 בע""מ",IL,חציל בטחינה סלטי שמי,גרמים,200.00,100 גרם,false,,11.90,5.9500,true,1,79806
7290016217988,false,גרבדלקס סלמון כבוש 100 גרם,"סלטי שמיר 2006 בע""מ",,דגים גרבדלקס 100גר,גרמים,100.00,100 גרם,false,,28.90,28.9000,true,1,79810
7290016233384,false,גפילטע פיש 7קציצות מ,,,גפילטא פיש 7 קציצות,גרמים,555.00,100 גרם,false,,17.90,3.2252,true,1,91489
7290016246018,false,בארכה מיקס פינוקיות חלווה 10*20ג,רושדי תעשיות מזון בע,IL,בארכה מיקס פינוקיות,גרמים,200.00,100 גרם,false,,14.90,7.4500,true,1,21405
7290016246025,false,בארכה מיקס פינוקיות חלווה ללא סוכר 10*20ג,רושדי תעשיות מזון בע,IL,בארכה פנוקיות חלבה ל,גרמים,200.00,100 גרם,false,,14.90,7.4500,true,1,21406
7290016246490,false,בארכה חלבה קלאסיק 400 גר',,,בארכה חלבה קלאסית 40,גרמים,400.00,100 גרם,false,,10.90,2.7250,true,1,137126
7290016319309,false,פמלי פרלי 1ליטר מאסק קלאסי+משאבה,הנסיך- מפעל לייצור ט,TR,אל סבון מאסק+משאבה פ,ליטרים,1.00,ליטר,false,,11.90,11.9000,true,1,6711
7290016321661,false,מגבונים פרש וואנס סנסיטיב קר רביעיה,עלבד משואות יצחק,IL,מגבוני פרש וואנס רבי,יחידה,0.00,יחידה,false,,21.90,0.0000,true,1,143283
7290016329278,false,מגבוני קמיל בלו 64 יח' * רביעיה,"ד""ר פישר Dr fischer",,מגבוני קמיל 64 יח` מ,יחידה,0.00,יחידה,false,,22.90,0.0000,true,1,31250
7290016334036,false,עירית (בוסתן),,,עירית (בוסתן),יח',1.00,יח',false,,6.90,6.9000,true,1,1807
7290016334166,false,לוף רגיל ארוז ליח,,,לוף רגיל ארוז ליח,יח',1.00,יח',false,,8.90,8.9000,true,1,93857
7290016334500,false,לבבות חסה זוגות בשקי,,,לבבות חסה זוגות בשקי,יח',1.00,יח',false,,9.90,9.9000,true,1,93867
7290016334654,false,תרד ניו-זילנדי,,,תרד ניו-זילנדי,גרמים,300.00,100 גרם,false,,12.90,4.3000,true,1,214535
7290016334784,false,ג'ינג'ר ארוז 200 גרם,,,ג'ינג'ר ארוז 200 גרם,יח',1.00,יח',false,,11.90,11.9000,true,1,60027
7290016334975,false,אספרגוס ארוז,,,אספרגוס ארוז,יח',1.00,יח',false,,34.90,34.9000,true,1,125449
7290016372342,false,עגבניות חתוך קוביות גראנד איטליה מארז 400X3ג',גרנד איטליה Grand Italia,,עגבניות חתוכות לקובי,גרמים,400.00,100 גרם,false,,20.90,5.2250,true,1,97015
7290016372373,false,רסק עגבניות ללא תוספת סוכר ומלח - מארז זוג,גרנד איטליה Grand Italia,,רסק עגבניות איטליה ב,גרמים,280.00,100 גרם,false,,8.90,3.1786,true,1,97016
7290016372489,false,ויסוצקי חליטת ג'ינג'ר ולימון סודות הצמחים 25 שקיקים,HIQ FOOD PRODUCTS,IL,סודות הצמחים ג'ינג'ר,גרמים,30.00,100 גרם,false,,19.90,66.3333,true,1,97724
7290016372496,false,חליטת פירות וצמחים בטעם ג'ינג'ר ודבש -אפקט הג'ינג'ר,קריות זול,IL,סודות הצמחים ג'ינג'ר,גרמים,30.00,100 גרם,false,,19.90,66.3333,true,1,97725
7290016437645,false,האגיס פרידום דריי פנטס מידה 5 34 יח',קימברלי,CZ,האגיס פרידום דריי 32,יחידה,0.00,יחידה,false,,50.90,0.0000,true,1,72580
7290016437737,false,תחבושות קוטקס קווארט,חוגלה קימברלי,IL,תחבושות יאנג נייט קו,יחידה,0.00,יחידה,false,,44.90,0.0000,true,1,9545
7290016440904,false,ירקות חמוצים בטעם טב,,,ירקות חמוצים בטעם טב,גרמים,300.00,100 גרם,false,,19.90,6.6333,true,1,413953
7290016440911,false,מלפפונים ביתיים כבושים,מעדני עופר,,מלפפונים ביתיים כבוש,גרמים,500.00,100 גרם,false,,23.90,4.7800,true,1,352853
7290016440959,false,ירקות חמוצים סיני מע,,,ירקות חמוצים סיני מע,גרמים,300.00,100 גרם,false,,19.90,6.6333,true,1,413954
7290016513684,false,"כיסונים כפרי במילוי בשר הודו, 750 גרם",,,כיסונים כפריים במילו,גרמים,0.75,100 גרם,false,,31.90,4253.3333,true,1,462265
7290016513981,false,קרפלך תפוא מהדורה חד,,,קרפלך במילוי תפוח אד,גרמים,0.60,100 גרם,false,,19.90,3316.6667,true,1,462481
7290016682168,false,"פריניב מיץ תפוזים ולנסיה סחוט 100% 400 מ""ל",פריניב,,מיץ תפוזים סחוט וולנ,מיליליטרים,400.00,"100 מ""ל",false,,9.30,2.3250,true,1,312923
7290016682328,false,מיץ תפוזים מרכז 2 ליטר,פריניב,IL,פרי ניב מיץ תפוזים ט,ליטרים,2.00,ליטר,false,,21.80,10.9000,true,1,364926
7290016682359,false,מיץ תפוזים שמוטי 2 ליטר,פריניב,IL,פרי ניב מיץ 100% טבע,ליטרים,2.00,ליטר,false,,27.90,13.9500,true,1,364956
7290016682441,false,100% מיץ תפוזים מיוצר מרכז טבעי,פריניב,IL,פריניב מיץ תפוזים סח,ליטרים,1.00,ליטר,false,,16.90,16.9000,true,1,388476
7290016693294,false,"יין בראשית רוזה 750 מ""ל",,,יין היוצר בראשית רוז,מיליליטרים,750.00,"100 מ""ל",false,,41.90,5.5867,true,1,115837
7290016717631,false,יין מוסקטו בעל חוזק אלכוהול נמוך פרייבט קולקשן,אגודת הכורמים הקואופ,IL,יין P.C מוסקטו יין,מיליליטרים,750.00,"100 מ""ל",false,,44.90,5.9867,true,1,121359
7290016717754,false,"יין ישן נושן היובל 750 מ""ל",אגודת הכורמים הקואופ,IL,"ישן נושן 750מ""ל.",מיליליטרים,750.00,"100 מ""ל",false,,20.90,2.7867,true,1,116021
7290016717976,false,יין באזז ספארקלינג א,קריות זול,IL,יין באזז ספארקלינג א,מיליליטרים,750.00,"100 מ""ל",false,,31.90,4.2533,true,1,231615
7290016866643,false,משחת שיניים פרודונטקס אקסטרה פרש,פרודונטקס Parodontax,SK,מש.שיניים פרש פרודונ,מיליליטרים,75.00,"100 מ""ל",false,,33.90,45.2000,true,1,124732
7290016866650,false,"פרודונטקס - משחת שיניים אוריג'ינל 75 מ""ל",פרודונטקס Parodontax,SK,מש.שיניים אוריגינל פ,מיליליטרים,75.00,"100 מ""ל",false,,33.90,45.2000,true,1,124733
7290016867039,false,פיתות קלות כוסמין בתוספת מחמצת 6 יח',המאפה של דר מרק בריא,IL,פיתות קלות כוסמין בת,גרמים,324.00,100 גרם,false,,17.80,5.4938,true,1,352153
7290016867046,false,פיתות קלות כוסמין במתיקות מעודנת 6 יח',המאפה של דר מרק בריא,IL,פיתות קלות כוסמין במ,גרמים,303.00,100 גרם,false,,17.80,5.8746,true,1,352154
7290016867053,false,לחם קל כוסמין בתוספת מחמצת 450 גר',המאפה של דר מרק בריא,IL,לחם קל כוסמין בתוספת,גרמים,450.00,100 גרם,false,,22.00,4.8889,true,1,352086
7290016867114,false,לחם כוסמין קל מלא 500 גר',המאפה של דר מרק בריא,IL,לחם כוסמין קל מלא 50,גרמים,500.00,100 גרם,false,,21.00,4.2000,true,1,352087
7290016867152,false,"פיתות קלות כוסמין ד""ר מרק 5יח'",המאפה של דר מרק בריא,IL,פיתות קלות כוסמין 29,גרמים,292.00,100 גרם,false,,15.70,5.3767,true,1,352137
7290016867176,false,"לחמניות קלות כוסמין שומשום 6יח' ד""ר מרק",המאפה של דר מרק,IL,לחמניות ק. כוסמין שו,גרמים,300.00,100 גרם,false,,16.80,5.6000,true,1,352138
7290016867237,false,לחם קל כוסמין במתיקות מעודנת 400 גר',המאפה של דר מרק בריא,IL,לחם קל כוסמין במתיקו,גרמים,400.00,100 גרם,false,,21.80,5.4500,true,1,352088
7290016967074,false,לחם אנג'ל 100 חיטה מלאה 750 גר',מאפיית שלמה א. אנג'ל,IL,חיטה מלאה אנגל 750 ג,גרמים,750.00,100 גרם,false,,17.90,2.3867,true,1,69616
7290016998184,false,עלי חסה ערבית שטופים,,,עלי חסה ערבית שטופה,גרמים,250.00,100 גרם,false,,10.90,4.3600,true,1,306885
7290016998191,false,מיקס עלי בייבי נטורז,,,מיקס עלי ביבי 120 גר,גרמים,120.00,100 גרם,false,,9.90,8.2500,true,1,306886
7290016998207,false,לקט קסם השדה נטורזה,,,לקט קסם השדה 350 גר,גרמים,350.00,100 גרם,false,,10.90,3.1143,true,1,306887
7290016998221,false,מיקס צבעי הטבע נטורז,,,מיקס צבעי הטבע 350 ג,גרמים,350.00,100 גרם,false,,10.90,3.1143,true,1,306563
7290016998269,false,לקט קולסלאו נטורזה 4,,,לקט קולסלאו 400 גר,גרמים,400.00,100 גרם,false,,8.90,2.2250,true,1,306892
7290016998276,false,גזר חתוך דק נטורזה 2,,,גזר חתוך דק 250 גר,גרמים,250.00,100 גרם,false,,7.90,3.1600,true,1,306893
7290016998320,false,לבבות קיסר נטורזה יח,מרינה,IL,לבבות קיסר מארז,יח',1.00,יח',false,,11.90,11.9000,true,1,306898
7290017023212,false,"שוויפס מוגז פירות תפוח מארז רביעייה* 330 מ""ל",יפאורה תבורי,IL,רביעיית משקה שוופס ב,ליטרים,1.32,ליטר,false,,14.90,11.2879,true,1,121650
7290017023229,false,רביעיית פחיות שוופס מוגז פירות תות ליים 330 מל.,יפאורה תבורי,IL,רביעיית משקה שוופס ב,ליטרים,1.32,ליטר,false,,14.90,11.2879,true,1,121651
7290017023236,false,רביעיית פחיות שוופס מוגז פירות ענבים 330 מל.,יפאורה תבורי,IL,רביעיית משקה שוופס ב,ליטרים,1.32,ליטר,false,,14.90,11.2879,true,1,121652
7290017023663,false,"שוופס מיץ פירות לימונייד פחית מארז 330X4מ""ל",יפאורה תבורי,IL,רביעיית משקה שוופס ל,ליטרים,1.32,ליטר,false,,14.90,11.2879,true,1,128514
7290017023670,false,"שוויפס מוגז למונייד פחית סליק 330 מ""ל",,,פחית שוופס לימונייד,מיליליטרים,330.00,"100 מ""ל",false,,5.20,1.5758,true,1,128763
7290017031156,false,דפים על בסיס קמח תירס ואורז ללא גלוטן 250 גר',,,דפים לזניה קמח תירס,גרמים,250.00,100 גרם,false,,16.90,6.7600,true,1,145910
7290017058573,false,תומר פרוסות פלפל חלפיניו בחומץ 340 גרם,,,פרוסות פלפל חלפיניו,גרמים,340.00,100 גרם,false,,10.90,3.2059,true,1,138970
7290017062693,false,מרכך כביסה מרוכז לבן טאצ 1ל',סאסאטק,IL,מרכך כביסה מרוכז טאצ,ליטרים,1.00,ליטר,false,,14.90,14.9000,true,1,276801
7290017062730,false,"נוזל כלים 36% לבנדר +משאבה 750 מ""ל",,,נוזל כלים לבנדר 36%,מיליליטרים,750.00,"100 מ""ל",false,,9.90,1.3200,true,1,268475
7290017062754,false,"נוזל כלים 36% לימון+משאבה 750 מ""ל",,,נוזל כלים לימון 36%,מיליליטרים,750.00,"100 מ""ל",false,,9.90,1.3200,true,1,269779
7290017062914,false,"קצף לכלים בניחוח לימון פלירוסול 500 מ""ל טאצ",,,קצף לכלים בניחוח לימ,מיליליטרים,500.00,"100 מ""ל",false,,22.90,4.5800,true,1,400671
7290017065007,false,פרוסות גבינה מוצרלה חצי קשה 22% שומן 200 ג' גד,מחלבות גד בעמ,IL,מוצרלה פרוסה חצי קש,גרמים,200.00,100 גרם,false,,21.30,10.6500,true,1,76198
7290017065137,false,ריקוטה למריחה 5% טבעית 200 גרם - רובין,האי נאם סי או אל.טי.,IL,גבינה ריקוטה למריחה,גרמים,200.00,100 גרם,false,,11.50,5.7500,true,1,107730
7290017065144,false,גבינת ריקוטה למריחה 5% בזיליקום 200ג' גד,האי נאם סי או אל.טי.,IL,גבינה ריקוטה למריחה,גרמים,200.00,100 גרם,false,,11.50,5.7500,true,1,107731
7290017065212,false,גבינת קרם מסקרפונה מחלבות גד 250 גר,מיוצר עי קוד יצרן ED,IL,קרם מסקרפונה להקצפה,גרמים,250.00,100 גרם,false,,24.70,9.8800,true,1,121767
7290017065236,false,גבינה בולגרית מעודנת 24% גד 250 ג',הנסיך- מפעל לייצור ט,IL,בולגרית מעודנת 24% 2,גרמים,250.00,100 גרם,false,,25.60,10.2400,true,1,121768
7290017065434,false,פרוסות גבינה גאודה הולנדית חצי קשה 200 גרם בית יוסף,מחלבות גד בעמ,NL,גד פרוסות גאודה 200,גרמים,200.00,100 גרם,false,,26.20,13.1000,true,1,141391
7290017065441,false,גבינה גאודה עיזים פרוסה הולנדית 200 גר',מחלבות גד,NL,גד פרוסות גאודה עיזי,גרמים,200.00,100 גרם,false,,41.50,20.7500,true,1,141392
7290017065526,false,קוואטרו פורמאג'י 4 גבינות מגוררות 26%,מחלבות גד בעמ,IL,גד קוואטרו פורמאג'י,גרמים,300.00,100 גרם,false,,34.10,11.3667,true,1,141397
7290017065731,false,גבינת שמנת 30% ניו יורק +כמהין 200 גרם רבנות,פ.פ.ח. שאביט,IL,גבינת שמנת ניו יורק,גרמים,200.00,100 גרם,false,,15.20,7.6000,true,1,302578
7290017065762,false,מאנורי גבינה בסגנון יווני לצליה 30% שומן 100 גרם,מחלבות גד,IL,מאנורי גבינה בסגנון,גרמים,100.00,100 גרם,false,,13.30,13.3000,true,1,403029
7290017068350,false,עדשים שחורות בלוגה מיה 500 גר',מיה,IL,עדשים שחורות בלוגה מ,גרמים,500.00,100 גרם,false,,10.90,2.1800,true,1,397085
7290017068367,false,שמרים בוואקום 125 גר',מיה,IL,מיה שמרים בוואקום 12,גרמים,125.00,100 גרם,false,,5.90,4.7200,true,1,143489
7290017068886,false,ג'לי דובונים בציפוי שמן 350 גר',מיה תעשיות מזון בעמ,IL,ג'לי דובונים מיה 350,גרמים,350.00,100 גרם,false,,15.90,4.5429,true,1,395415
7290017068978,false,שיבולת שועל מלאה להכנה מהירה 500 גר',,,שיבולת שועל מלאה להכ,קילוגרמים,1.00,"ק""ג",false,,11.90,11.9000,true,1,445505
7290017088082,false,בייביסיטר - חיתולי סטנדרט מידה 5 - 36 יח',,,חיתולי ביייביסיטר סט,יח',36.00,יח',false,,37.90,1.0528,true,1,449111
7290017088099,false,בייביסיטר - חיתולי סטנדרט מידה 6 - 30 יח',,,חיתולי ביייביסיטר סט,יח',34.00,יח',false,,37.90,1.1147,true,1,449112
7290017088105,false,טיטולי בייביסיטר מידה 3 38 יח,די.פי.אל תעשיות מוצר,IL,ביייביסיטר נוחות מיד,יח',40.00,יח',false,,34.90,0.8725,true,1,122199
7290017088846,false,BREEZE תחבושות לבריחת שתן מקסי (8 יח'),בריז Breeze,,תחבושות Breeze לבריח,יח',12.00,יח',false,,19.90,1.6583,true,1,311249
7290017088860,false,BREEZE תחתונים לבריחת שתן מידה L יח' 14,,,תחתונים סופגים Breez,יח',14.00,יח',false,,74.90,5.3500,true,1,311383
7290017094199,false,סלט קוביות חציל ברוטב 200 גר',,,מעדן חצילים 200 גרם,גרמים,200.00,100 גרם,false,,11.90,5.9500,true,1,298884
7290017105048,false,טבעות ירוקים זיתים י,,,טבעות ירוקים זיתים י,גרמים,200.00,100 גרם,false,,19.90,9.9500,true,1,235218
7290017105062,false,חומוס OZ6 יכין 200 ג,היינץ צפון אמריקה מק,IL,חומוס 6OZ יכין 200 ג,גרמים,200.00,100 גרם,false,,4.90,2.4500,true,1,103954
7290017105079,false,שעועית אפויה OZ6 יכי,היינץ צפון אמריקה מק,IL,שעועית אפויה 6OZ יכי,גרמים,200.00,100 גרם,false,,4.90,2.4500,true,1,103955
7290017105086,false,שעועית צילי OZ6 יכין,"זנלכל בע""מ",IL,שעועית צ'ילי 6OZ יכי,גרמים,200.00,100 גרם,false,,4.90,2.4500,true,1,103956
7290017105116,false,תורמוס OZ6 יכין 200,"זנלכל בע""מ",IL,תורמוס 6OZ יכין 200,גרמים,200.00,100 גרם,false,,4.90,2.4500,true,1,103959
7290017105123,false,פול מצרי OZ6 יכין 20,היינץ צפון אמריקה מק,IL,פול מצרי 6OZ יכין 20,גרמים,200.00,100 גרם,false,,4.90,2.4500,true,1,103960
7290017105468,false,שלישיית אפונה קטן -,קשקמט קונסרב הונגריה,HU,אפונה יכין 3*120 גרם,גרמים,360.00,100 גרם,false,,14.90,4.1389,true,1,212961
7290017105550,false,רסק עגבניות מארז 100X4גר',היינץ צפון אמריקה מק,IL,מאגדת רסק עגבניות יכ,גרמים,400.00,100 גרם,false,,12.90,3.2250,true,1,212589
7290017105895,false,גרגרי חומוס להכנת חומוס 550 גרם יכין,זנלכל,IL,גרגרי חומוס מסעדות י,גרמים,550.00,100 גרם,false,,10.90,1.9818,true,1,246185
7290017140254,false,קמח כוסמת ירוקה שי ש,,,קמח כוסמת ירוקה שי ש,גרמים,500.00,100 גרם,false,,17.50,3.5000,true,1,387325
7290017142128,false,"שמן זית כתית מעולה עץ הזית 750 מ""ל",שמן תעשיות,,שמן זית כתית מעולה ק,מיליליטרים,750.00,"100 מ""ל",false,,37.90,5.0533,true,1,109483
7290017142159,false,מארז נתחי טונה בהירה בשמן זית 3*80 ג' עץ הזית,יוניקורד ח.צ בעמ,TH,נתחי טונה בהירה בשמן,גרמים,240.00,100 גרם,false,,26.90,11.2083,true,1,123286
7290017142166,false,פילה טונה בשמן זית עץ הזית 120 גר',"יוניקורד ח.צ בע""מ",TH,פילה טונה פרוס עם בש,גרמים,120.00,100 גרם,false,,16.90,14.0833,true,1,140175
7290017142180,false,פילה פרוס ושמן זית בנגיעות טעם לימון ופלפל שחור,"יוניקורד ח.צ בע""מ",TH,פילה טונה פרוס זית ל,גרמים,120.00,100 גרם,false,,16.90,14.0833,true,1,140176
7290017142203,false,פילה טונה בשמן זית בטעם מעושן עץ המוצר 120 ג',"יוניקורד ח.צ בע""מ",TH,פילה טונה פרוס עם בש,גרמים,120.00,100 גרם,false,,16.90,14.0833,true,1,140177
7290017142289,false,"תרסיס שמן חמניות לל""ת גז עץ הזית 200מ""ל",שמן תעשיות,,תרסיס שמן חמניות עץ,מיליליטרים,200.00,"100 מ""ל",false,,20.90,10.4500,true,1,135052
7290017142388,false,שמן חמניות אומגה 3 פלוס 1 ליטר עץ הזית,עץ הזית,,שמן חמניות פלוס אומג,ליטרים,1.00,ליטר,false,,18.40,18.4000,true,1,153885
7290017142395,false,ארוחה פסטה עם טונה בשמן זית 160 גר',,,פסטה עם טונה בשמן זי,גרמים,160.00,100 גרם,false,,15.90,9.9375,true,1,198953
7290017304885,false,לחם שיפון מחיטה מלאה ללא תוספת סוכר 750 ג' אנג'ל,מאפית אנגל,IL,לחם שיפון וחיטה מלאה,גרמים,750.00,100 גרם,false,,17.90,2.3867,true,1,152467
7290017457727,false,"סוד - מרכך כביסה מרוכז פרש סקיי 900 מ""ל",הנקל סוד,IL,מרכך כביסה מרוכז סוד,מיליליטרים,900.00,"100 מ""ל",false,,13.90,1.5444,true,1,140161
7290017457734,false,"סוד - מרכך כביסה מרוכז ווילד רוז 900 מ""ל",הנקל סוד,IL,מרכך כביסה מרוכז סוד,מיליליטרים,900.00,"100 מ""ל",false,,13.90,1.5444,true,1,140162
7290017477169,false,קשיו קלוי ששון הקולה,ששון,IL,קשיו קלוי ששון הקולה,גרמים,250.00,100 גרם,false,,20.00,8.0000,true,1,123640
7290017513485,false,מחית עגבניות רוסטיקה בלה איטליה 680 ג',היצרן: ס.פ. פודנצנו,IT,מחית עגבניות רוסטיקה,גרמים,680.00,100 גרם,false,,13.90,2.0441,true,1,198921
7290017513850,false,תה ירוק נענע 25 שקיקים בתוספת ויטמינים Cּּ+D,ויסוצקי ירוק,IL,תה ירוק נענע בתוספת,גרמים,37.50,100 גרם,false,,26.90,71.7333,true,1,266018
7290017589565,false,"יין קלאסיק גוורצטרמינר 750 מ""ל.",יקבי ברקן שיווק והפצ,IL,"קלאסיק גוורץ 750 מ""ל",מיליליטרים,750.00,"100 מ""ל",false,,35.50,4.7333,true,1,138023
7290017599229,false,ממתיק סוכרלוז 200 טבליות סוכרזית,"סוכרזית בע""מ",IL,סוכרזית סוכרלוז 200,גרמים,17.00,100 גרם,false,,26.50,155.8824,true,1,391041
7290017599267,false,סוכרלוז 120 שקיות ממתיק שולחני,סוכרזית Sucrazit,IL,סוכרזית סוכרלוז ממתי,גרמים,120.00,100 גרם,false,,26.90,22.4167,true,1,474218
7290017599274,false,סוכרזית סטיוויה 120 שקיות,ביסקול בע''מ,IL,סוכרזית סטיוויה ממת,גרמים,120.00,100 גרם,false,,26.90,22.4167,true,1,472342
7290017616902,false,שעועית ירוקה שלמה עד,בסט מייסטר,IL,שעועית ירוקה שלמה עד,גרמים,800.00,100 גרם,false,,9.90,1.2375,true,1,314400
7290017617046,false,נתחי טונה בשמן זית כתית מעולה רביעיה * 140 ג',דרדנל,TR,טונה בשמן זית סטארקי,גרמים,560.00,100 גרם,false,,31.90,5.6964,true,1,209611
7290017637587,false,קרם לתלתלים מושלמים,מיקי בוגנים,,קרם CURLS לתלתלים מו,מיליליטרים,200.00,"100 מ""ל",false,,29.90,14.9500,true,1,432596
7290017647425,false,יין גמלא קברנה סוביניון 2018 750 מל,יקב רמת הגולן,,יין גמלא קברנה סובינ,מיליליטרים,750.00,"100 מ""ל",false,,68.50,9.1333,true,1,248607
7290017677804,false,"רוטב סויה קיקומן 444 מ""ל",ראקוטו קאסיי,US,קיקומן רוטב סויה ללא,מיליליטרים,444.00,"100 מ""ל",false,,21.90,4.9324,true,1,142683
7290017812069,false,יין אמרלד ריזלינג שרדונה אקסלנס Excellence,יקבי כרמל Carmel Winery,IL,אקסלנס ריזלינג שרדונ,מיליליטרים,750.00,"100 מ""ל",false,,30.90,4.1200,true,1,135189
7290017812380,false,תירוש מיץ ענבים אדום,,,תירוש מיץ ענבים אדום,מיליליטרים,750.00,"100 מ""ל",false,,13.90,1.8533,true,1,160785
7290017812663,false,מיץ ענבים טבעי מבעבע לבן,מנדלז סי.אר. פרודקשן,IL,תירוש לבן מבעבע יקבי,מיליליטרים,750.00,"100 מ""ל",false,,21.90,2.9200,true,1,333290
7290017864556,false,בייבי תרד,,,בייבי תרד,גרמים,150.00,100 גרם,false,,9.90,6.6000,true,1,239778
7290017864594,false,שיני שום בצנצנת,,,שיני שום צנצנת,גרמים,140.00,100 גרם,false,,9.90,7.0714,true,1,239779
7290017871998,false,פודינג וניל טוסו ללא,קריות זול,IL,פודינג אינסטנט בטעם,גרמים,30.00,100 גרם,false,,12.90,43.0000,true,1,270845
7290017888729,false,שוופס סודה בקבוק 1 ל',"יפאורה תבורי בע""מ",IL,שוופס סודה 1 ליטר,ליטרים,1.00,ליטר,false,,4.90,4.9000,true,1,233044
7290017888972,false,מי עדן 1 ליטר פקק ספורט בודד,מופק ממקור בזלתי עדן,IL,מי עדן פקק ספורט 1 ל,ליטרים,1.00,ליטר,false,,4.90,4.9000,true,1,238451
7290017917283,false,מגבוני קמיל בלו ללא בישום רביעיה,,,מגבוני קמיל 64 יח` מ,יחידה,0.00,יחידה,false,,22.90,0.0000,true,1,280429
7290017928524,false,בייגלה שטוח ניגובים מלח 330 ג' מאיר בייגל,מאיר בייגל,IL,בייגלה שטוח ניגובים,גרמים,300.00,100 גרם,false,,13.90,4.6333,true,1,358639
7290017928616,false,מאיר בייגל שטוחהלה שומשום 300 גר',מאיר בייגל,,שטוחלה שומשום מאיר ב,גרמים,300.00,100 גרם,false,,13.90,4.6333,true,1,211079
7290017928722,false,בייגלה שטוח ניגובים שומשום 300 ג' מאיר בייגל,מאיר בייגל,IL,בייגלה שטוח ניגובים,גרמים,300.00,100 גרם,false,,13.90,4.6333,true,1,358640
7290017941288,false,נר נשמה 24 שעות,,,נר נשמה 24 שעות,יחידה,0.00,יחידה,false,,2.50,0.0000,true,1,328287
7290017941301,false,נר נשמה 48 שעות בזכו,,,נר נשמה 48 שעות בזכו,יחידה,0.00,יחידה,false,,5.90,0.0000,true,1,328288
7290017941370,false,להבונים 50 יח' 3 שעו,,,להבונים 50 יח' 3 שעו,יחידה,0.00,יחידה,false,,10.90,0.0000,true,1,328291
7290017941455,false,כוסות 9oz לשתיה חמה,,,כוסות 9oz לשתיה חמה,יחידה,0.00,יחידה,false,,14.90,0.0000,true,1,306497
7290017941462,false,כוסות שתיה חמה 8B י,,,כוסות שתיה חמה 8B י,יחידה,0.00,יחידה,false,,10.90,0.0000,true,1,298911
7290017941820,false,כוסות שתיה קרה כחול,,,כוסות שתיה קרה כחול,יחידה,0.00,יחידה,false,,14.90,0.0000,true,1,284483
7290017941998,false,שיפודים רחבים לקבב 9,,,שיפודים רחבים לקבב 9,יחידה,0.00,יחידה,false,,6.90,0.0000,true,1,294218
7290017946368,false,סוד סבון 4 כדוריות לאסלה אוקיינוס 3*50 ג,,,סוד כדוריות לאסלה P.,גרמים,150.00,100 גרם,false,,20.90,13.9333,true,1,279817
7290017947105,false,לחם בסגנון אמריקה 500 גר',מאפיית שלמה א. אנג'ל,IL,לחם בסגנון אמריקה אנ,גרמים,500.00,100 גרם,false,,15.90,3.1800,true,1,212978
7290017947464,false,מארז 8 פיתות מקמח כוסמין מלא 400ג',"איטיליאן פוד, אס.פי.",IL,שמיניית פיתות כוסמין,גרמים,400.00,100 גרם,false,,17.90,4.4750,true,1,259658
7290017947495,false,לחמניות כוסמין 450 ג' אנג'ל,"איטיליאן פוד, אס.פי.",IL,6 לחמניות כוסמין אנג,גרמים,450.00,100 גרם,false,,16.90,3.7556,true,1,274420
7290017947891,false,לחם כוסמין וחיטה מלאה 750 ג' אנג'ל,מאפיית שלמה א. אנג'ל,IL,לחם כוסמין וחיטה מלא,גרמים,750.00,100 גרם,false,,17.90,2.3867,true,1,211758
7290017947921,true,מארז לחמניות המבורגר,,,מארז לחמניות המבורגר,גרמים,450.00,100 גרם,false,,15.90,3.5333,true,1,234945
7290017947938,false,מיני לחמניות המבורגר בסגנון אמריקה 400 ג' אנג'ל,מאפיית שלמה א. אנג'ל,IL,8 לחמניות המבורגר בס,גרמים,4000.00,100 גרם,false,,15.90,0.3975,true,1,274852
7290017974255,false,קרפלך גבינה מתוקה 600 גר,,,קרפלך במילוי גבינה מ,גרמים,0.60,100 גרם,false,,27.90,4650.0000,true,1,462497
7290018023037,false,זיתים מתובלים צ'ימושים 215 ג' סבא חביב,,,זיתים מתובלים צ'ימיש,גרמים,215.00,100 גרם,false,,11.90,5.5349,true,1,215839
7290018043844,false,חטיף חלבון בוטנים קרמל קראנץ 60 ג' פראוד,פראוד PROUD,NL,חטיף חלבון בטעם בוטנ,גרמים,60.00,100 גרם,false,,15.90,26.5000,true,1,417521
7290018045312,false,זוג ספוגים לניקוי סק,,,ספוגים SCOUR DADDY,יחידה,0.00,יחידה,false,,18.90,0.0000,true,1,498569
7290018045503,false,דגני בוקר הלו קיטי לבבות 311 גרם,נורדגטריידה,DE,דגני חיטה ואורז בטעם,גרמים,311.00,100 גרם,false,,26.90,8.6495,true,1,507822
7290018045695,false,דגנים במילוי קרם קרמל מלוח 480 ג' BON & BON,מונדיי Monday,DE,דגנים במילוי קרם קרמ,גרמים,480.00,100 גרם,false,,23.90,4.9792,true,1,385476
7290018091616,false,מקלות פילו גבינה מעדנות 450 ג',מיוצר עי קונדיטוריית,IL,מקלות פילו גבינה 450,גרמים,450.00,100 גרם,false,,18.90,4.2000,true,1,244814
7290018098493,false,פיצה טבעונית משפחתית זיתים 350 גרם MILK FREE,נטורל קייקס,IL,פיצה משפחתית זיתים 3,גרמים,350.00,100 גרם,false,,23.90,6.8286,true,1,445552
7290018131251,false,אקסטרים מטבע שוקולד לבן וליבת קרם עוגיות 115ג',גלידות נסטלה (נגה גל,IL,אקסטרים מטבע שוקולד,יחידה,0.00,יחידה,false,,9.90,0.0000,true,1,226793
7290018131879,false,אקסטרים טילון ריבת חלב בדצ 6*72 גר',גלידות נסטלה (נגה גל,IL,אקסטרים מאגדת טילון,גרמים,432.00,100 גרם,false,,39.90,9.2361,true,1,310824
7290018156124,false,"אל סבון קמיל צבעוני ד""ר פישר שלישיה* 500 מ""ל",,,"אל סבון קמיל 500 מ""ל",ליטרים,1.50,ליטר,false,,21.90,14.6000,true,1,280446
7290018165010,false,"יין ברקן רזרב גולד גוורצטרמינר 750 מ""ל",יקבי ברקן שיווק והפצ,IL,יין רזרב גוורצטרמינר,מיליליטרים,750.00,"100 מ""ל",false,,49.90,6.6533,true,1,210233
7290018237373,false,פסטרמה צרובה על הגריל נתח שלם עוף טוב 300 ג',עיצובים 2020 (4.9),IL,פסטרמה צרובה על הגרי,גרמים,300.00,100 גרם,false,,30.90,10.3000,true,1,327408
7290018237397,false,עוף טוב פסטרמה מקורמלת נתח שלם 300 גר',מולינו ניקולי s.p.a,IL,פסטרמה מקורמלת נתח ש,גרמים,300.00,100 גרם,false,,30.90,10.3000,true,1,327409
7290018237410,false,עוף טוב פסטרמה במעשנה נתח שלם 300 גר',מולינו ניקולי s.p.a,IL,פסטרמה במעשנה נתח של,גרמים,300.00,100 גרם,false,,30.90,10.3000,true,1,327410
7290018237922,false,שניצלונים ציפוי ציפס עוף טוב 700 גר',עיצובים 2020 (4.9),IL,שניצלונים ציפוי ציפס,גרמים,700.00,100 גרם,false,,21.90,3.1286,true,1,450852
7290018249086,false,ממרח חלבה פיסטוק סוו,,,סוויטאנגו ממרח בטעם,גרמים,350.00,100 גרם,false,,33.90,9.6857,true,1,507901
7290018249994,false,סוויטאנגו תחליף סוכר ממתיק 700 גר',מתבל תעשיות מזון,IL,סוויטאנגו ממתיק אריז,גרמים,700.00,100 גרם,false,,57.90,8.2714,true,1,500177
7290018294901,false,מונלייט אדום יבש 750 מל',יקבי כרמל Carmel Winery,IL,יין מונלייט אדום יבש,מיליליטרים,750.00,"100 מ""ל",false,,39.90,5.3200,true,1,452720
7290018294918,false,מונלייט מוסקטו רוזה מתוק מבעבע 750מל,יקבי כרמל Carmel Winery,IL,יין מונלייט סמוק מבע,מיליליטרים,750.00,"100 מ""ל",false,,39.90,5.3200,true,1,452721
7290018344095,false,חטיף חלבון בטעם בוטנים מלח 50 ג' VEG PROTEIN,טבע ירוק,IL,חטיף חלבון בוטנים ומ,גרמים,50.00,100 גרם,false,,12.90,25.8000,true,1,359371
7290018359112,false,יכין פאסאטה מחית עגבניות איטלקיות 690 ג',זנלכל,IL,פאסאטה מחית עגבניות,גרמים,690.00,100 גרם,false,,10.90,1.5797,true,1,290229
7290018359129,false,יכין פולפה עגבניות חתוכות מקולפות דק 690 ג',זנלכל,IL,פאסאטה מחית עגבניות,גרמים,690.00,100 גרם,false,,10.90,1.5797,true,1,290230
7290018359334,false,רכז עגבניות טבעי פריכוז שף 28% 580 גר',,,רכז עגבניות טבעי פרי,גרמים,580.00,100 גרם,false,,10.90,1.8793,true,1,264732
7290018359686,false,יכין חומוס ענק 550 גר,היינץ צפון אמריקה מק,IL,חומוס ענק יכין 550 ג,גרמים,550.00,100 גרם,false,,10.90,1.9818,true,1,343664
7290018359716,false,רוטב פיצה טוסקנה יכין 240 גר',"זנלכל בע""מ",IL,רוטב פיצה טוסקנה יכי,גרמים,240.00,100 גרם,false,,6.50,2.7083,true,1,299363
7290018359853,false,עדשים שחורות יכין 400 גר',"זנלכל בע""מ",IL,עדשים שחורות יכין 40,גרמים,400.00,100 גרם,false,,8.90,2.2250,true,1,343665
7290018359938,false,"רוטב עגבניות לשקשוקה יכין, 400 גרם",יכין,IL,רוטב עגבניות לשקשוקה,גרמים,400.00,100 גרם,false,,13.90,3.4750,true,1,448372
7290018359969,false,רוטב עגבניות לפיצה יכין 400 גרם,יכין,IL,רוטב עגבניות לפיצה י,גרמים,400.00,100 גרם,false,,13.90,3.4750,true,1,448375
7290018380871,false,פטיסון כבוש שלם תומר,Polan polsko francus,,פטיסון כבוש שלם תומר,גרמים,670.00,100 גרם,false,,14.90,2.2239,true,1,409926
7290018400234,false,חומוס לחומוס סנפרוסט,סנפרוסט,IL,חומוס לחומוס סנפרוסט,גרמים,800.00,100 גרם,false,,20.90,2.6125,true,1,292596
7290018400470,false,כרישה חתוכה קפואה סנ,,,כרישה חתוכה קפואה סנ,גרמים,600.00,100 גרם,false,,16.90,2.8167,true,1,463519
7290018400647,false,תערובת של בננה ותמר,"סנפרוסט בע""מ",IL,תערובת של בננה ותמר,גרמים,300.00,100 גרם,false,,19.90,6.6333,true,1,303264
7290018400661,false,לקט פאייה בסגנון ספרדי סנפרוסט 800 ג',"סנפרוסט בע""מ",IL,לקט פאייה בסגנון ספר,גרמים,800.00,100 גרם,false,,28.90,3.6125,true,1,326980
7290018440223,false,חווית הצ'אי- מסאלה עוצמתי,קריות זול,IL,חווית הצ'אי- מסאלה ע,גרמים,50.00,100 גרם,false,,23.90,47.8000,true,1,362930
7290018440230,false,צ'אי ורדים 25 שק' ויסוצקי,קריות זול,IL,חווית הצ'אי- ורדים 2,גרמים,50.00,100 גרם,false,,23.90,47.8000,true,1,362931
7290018440247,false,צ'אי שקדים 25 שק' ויסוצקי,קריות זול,IL,חווית הצ'אי- שקדים 2,גרמים,50.00,100 גרם,false,,23.90,47.8000,true,1,362932
7290018440254,false,צ'אי קרמל מלוח 25 שק' ויסוצקי,קריות זול,IL,חווית הצ'אי- קרמל מל,גרמים,50.00,100 גרם,false,,23.90,47.8000,true,1,362947
7290018440438,false,טונה בשמן זית פתיחה קלה 3 * 65 גר,,,טונה easy flip בשמן,גרמים,195.00,100 גרם,false,,26.90,13.7949,true,1,454855
7290018440445,false,נתחי טונה בהירה בשמן,,,נתחי טונה בהירה בשמן,גרמים,160.00,100 גרם,false,,17.90,11.1875,true,1,443181
7290018443231,false,פרחי כרובית 400 גר -,,,פרחי כרובית 400 גר -,גרמים,400.00,100 גרם,false,,11.90,2.9750,true,1,432522
7290018443545,false,פלפל צ'ילי 200 גרם,,,פלפל צ'ילי 200 גרם,גרמים,200.00,100 גרם,false,,10.90,5.4500,true,1,463846
7290018443743,false,חמציץ ארוז,,,חמציץ,יח',1.00,יח',false,,9.90,9.9000,true,1,424703
7290018443835,false,עגבניות שרי לובלו ב,,,עגבניות שרי לובלו ב,גרמים,500.00,100 גרם,false,,12.90,2.5800,true,1,406840
7290018468319,false,נקניקיה צמחית בסגנון צ'וריסוס 400 ג' טירת צבי,טירת צבי,IL,נקניקיות צמחוניות בס,גרמים,400.00,100 גרם,false,,41.90,10.4750,true,1,430051
7290018468425,false,נקניק טבעוני בטעם מעושן,טיב טירת צבי 2000,IL,נקניק טבעוני בטעם מע,גרמים,100.00,100 גרם,false,,16.90,16.9000,true,1,487170
7290018468432,false,"נקניק טבעוני בטעם מעושן, 100 גרם",טיב טירת צבי 2000,IL,נקניק טבעוני בטעם פי,גרמים,100.00,100 גרם,false,,16.90,16.9000,true,1,487152
7290018471029,false,"סודה בטעם לימון - מארז 6 בקבוקים 500 מ""ל",יפאורה תבורי בעמ,IL,שוופס סודה לימון שיש,ליטרים,3.00,ליטר,false,,16.90,5.6333,true,1,268624
7290018471463,false,תפוזינה נקטר תפוז מנגו קרטונית 1 ליטר,"יפאורה תבורי בע""מ",IL,נקטר תפוזינה ENJOY ב,ליטרים,1.00,ליטר,false,,7.90,7.9000,true,1,310439
7290018471906,false,שוופס מוגז פירות לימונדה ורודה 1.5 ליטר פיקדון,"יפאורה תבורי בע""מ",IL,שוופס מוגז לימונדה ו,ליטרים,1.50,ליטר,false,,9.90,6.6000,true,1,366230
7290018471913,false,שוופס מוגז פירות תפוחים 1.5 ל',"יפאורה תבורי בע""מ",IL,שוופס פרוטס תפוחים 1,ליטרים,1.50,ליטר,false,,9.90,6.6000,true,1,366245
7290018471920,false,שוופס מוגז פירות ענבים 1.5 ליטר פיקדון,"יפאורה תבורי בע""מ",IL,שוופס ענבים מוגז 1.5,ליטרים,1.50,ליטר,false,,9.90,6.6000,true,1,366246
7290018471944,false,שוופס מוגז פירות לימונייד 1.5 ליטר פיקדון,"יפאורה תבורי בע""מ",IL,שוופס מוגז למונייד 1,ליטרים,1.50,ליטר,false,,9.90,6.6000,true,1,366248
7290018493045,false,"קרם ידיים בשמן קוקוס ד""ר פישר 100מ""ל",,,קרם ידיים אפקטיב קר,מיליליטרים,100.00,"100 מ""ל",false,,16.90,16.9000,true,1,431765
7290018493069,false,"קרם ידיים בשמן כותנה ד""ר פישר 100מ""ל",,,קרם ידיים אפקטיב קר,מיליליטרים,100.00,"100 מ""ל",false,,16.90,16.9000,true,1,433243
7290018493144,false,"ד""ר פישר אל סבון נוזלי לידיים קמיל ש ארגן 1 ל'",,,אל סבון ארגאן סגול,ליטרים,1.00,ליטר,false,,16.90,16.9000,true,1,285232
7290018500361,false,לחם אנג'ל אחיד פרוס 900 גר',מאפיית שלמה א. אנג'ל,IL,לחם אחיד פרוס מאפיית,גרמים,900.00,100 גרם,false,,8.53,0.9478,true,1,450092
7290018500385,true,חלה רגילה אנגל 650 ג,,,חלה רגילה אנגל 650 ג,גרמים,650.00,100 גרם,false,,6.50,1.0000,true,1,472806
7290018500392,true,חלה קלועה אנגל 650 ג,,,חלה קלועה אנגל 650 ג,גרמים,650.00,100 גרם,false,,6.50,1.0000,true,1,472807
7290018540329,false,שקית פיתה פיתה בלדי 800 ג' אנג'ל,מאפיית שלמה א. אנג'ל,IL,פיתה פיתה אנגל 880 ג,יח',10.00,יח',false,,13.90,1.3900,true,1,288525
7290018540817,false,ארטיזנל כוסנין-לחם מחמצת 500 גר',מאפיית אורנים,IL,לחם ארטיזנל כוסמין א,גרמים,500.00,100 גרם,false,,19.90,3.9800,true,1,414691
7290018540831,false,לחם מחמצת חיטה מלאה וגרעינים 500 ג' ארטיזנל,מאפיית אורנים,IL,לחם מחמצת חיטה מלאה,גרמים,500.00,100 גרם,false,,19.90,3.9800,true,1,415037
7290018571064,false,טופי מקלונים מיה 450,מיה תעשיות מזון בעמ,IL,מקלוני טופי מיה 450,גרמים,450.00,100 גרם,false,,15.90,3.5333,true,1,293725
7290018571415,false,מיה-לקקנים מולטיקולור תות בננה 220 גר',,,לקקנים מולטיקולור תו,גרמים,220.00,100 גרם,false,,9.90,4.5000,true,1,395479
7290018571521,false,סוכריות מולטי ויטמין עם אבץ לילדים בטעם ענבים,מיה תעשיות מזון בעמ,IL,סוכריות מולטי ויטמין,גרמים,175.00,100 גרם,false,,39.90,22.8000,true,1,483884
7290018571613,false,סוכריות אומגה 3 מבוגרים אצבעות רחבות 240גרם,מיה תעשיות מזון בעמ,IL,סוכריות אומגה 3- מבו,גרמים,210.00,100 גרם,false,,39.90,19.0000,true,1,483888
7290018571729,false,"אורז ריזוטו עגול 1 ק""ג מיה.",,,אורז ריזווטו עגול 1,קילוגרמים,1.00,"ק""ג",false,,9.90,9.9000,true,1,445459
7290018571736,false,אורז בסמטי הודי 1ק''ג,,,"אורז בסמטי 1 ק""ג",קילוגרמים,1.00,"ק""ג",false,,12.90,12.9000,true,1,445460
7290018626009,false,צלחות וינטג' ענקיות,,,צלחות וינטג' ענקיות,יחידה,0.00,יחידה,false,,22.90,0.0000,true,1,303079
7290018626306,false,פיצה מרגריטה פיטריות,,,פיצה מרגריטה פיטריות,גרמים,400.00,100 גרם,false,,12.90,3.2250,true,1,337475
7290018626528,false,ניילון נצמד 30*150 ע,,,ניילון נצמד 30*150 ע,מטרים,150.00,מטר,false,,19.90,0.1327,true,1,312139
7290018626610,false,צימרונים לאוזנים מאר,,,צימרונים לאוזנים מאר,יחידה,0.00,יחידה,false,,9.90,0.0000,true,1,333677
7290018626672,false,מארז צלחות 12+12 מא,,,מארז צלחות 12+12 מא,יחידה,0.00,יחידה,false,,52.90,0.0000,true,1,358062
7290018626801,false,מגש עגול מחולק ל-6 ק,,,מגש עגול מחולק ל-6 ק,יחידה,0.00,יחידה,false,,9.90,0.0000,true,1,355242
7290018652671,false,גלידה קרמריה שוקולד ווניל 1.4 ליטר,נסטלה,IL,גלידת שוקו וניל מופח,גרמים,0.00,100 גרם,false,,25.90,0.0000,true,1,401097
7290018652770,false,אקסטרים ביגלה מתוק מלוח 115 ג' נסטלה,גלידות נסטלה,IL,אקסטרים בטעם בייגלה,גרמים,115.00,100 גרם,false,,9.90,8.6087,true,1,401128
7290018652909,false,מאגדת מאגנום קפה שוקולד ופקאן 5 *43 ג' נסטלה,גלידות נסטלה,IL,מאגדת שלגונים אספרסו,גרמים,225.00,100 גרם,false,,31.90,14.1778,true,1,432755
7290018652923,false,מאגדת תות עוגת גבינה שוקולד 5 *43 ג' נסטלה,גלידות נסטלה,IL,מאגדת מסקרפונה תות *,גרמים,225.00,100 גרם,false,,31.90,14.1778,true,1,432771
7290018777268,false,חטיף חלבון בננה קקאו 50 ג'VEG PROTEIN,טבע ירוק,IL,חטיף חלבון קקאו בננה,גרמים,50.00,100 גרם,false,,12.90,25.8000,true,1,377785
7290018777275,false,חטיף חלבון בטעם עוגיות וניל 50 ג' VEG PROTEIN,טבע ירוק,IL,חטיף חלבון וניל עוגי,גרמים,50.00,100 גרם,false,,12.90,25.8000,true,1,377786
7290018792841,false,אבקת קקאו טבעי 150ג גאנה,גאנס לודרס,IL,אבקת קקאו דל שומן 15,גרמים,150.00,100 גרם,false,,11.90,7.9333,true,1,482982
7290018886175,false,כפיות עבות 50 יח' ש,,,כפיות עבות 50 יח' ש,יחידה,0.00,יחידה,false,,10.90,0.0000,true,1,333692
7290018886205,false,סכינים עבות 50 יח',,,סכינים עבות 50 יח',יחידה,0.00,יחידה,false,,10.90,0.0000,true,1,333695
7290018886229,false,מזלגות עבות 50 יח',,,מזלגות עבות 50 יח',יחידה,0.00,יחידה,false,,10.90,0.0000,true,1,333697
7290018886236,false,כפות עבות 50 יח' שק,,,כפות עבות 50 יח' שק,יחידה,0.00,יחידה,false,,10.90,0.0000,true,1,333698
7290018886991,false,שמן קנולה אלומות 1 ל,סקנולה,EE,שמן קנולה אלומות 1 ל,ליטרים,1.00,ליטר,false,,12.90,12.9000,true,1,348745
7290018893135,false,מקלות אפויים בתוספת מלח Salty,צ'וקטה Chocketa,,צ'וקטה גריסיני מלח 1,גרמים,120.00,100 גרם,false,,10.00,8.3333,true,1,452135
7290018893142,false,מקלות אפויים בתוספת שמן זית Salty,צ'וקטה Chocketa,,צ'וקטה גריסיני שמן ז,גרמים,120.00,100 גרם,false,,10.00,8.3333,true,1,452136
7290018893456,false,צ'וקטה מארז עוגות אישיות במילוי קרם ובציפוי שוקולד 10*30ג,פרדי קונדטוריה אס.פי,IT,צ'וקטה עוגות אישיות,יחידה,300.00,יחידה,false,,14.90,0.0497,true,1,338037
7290018893500,false,צ'וקטה עוגיות סנדביץ שוקו 180 גרם חלב נכרי,,,צ'וקטה עוגיות סנדביץ,גרמים,180.00,100 גרם,false,,5.90,3.2778,true,1,427948
7290018894019,false,עוגות אישיות במילוי קרם חלבי ובציפוי קרם קקאו,בלקוני Balconi,IT,עוגות אישיות מיקס מק,גרמים,350.00,100 גרם,false,,15.90,4.5429,true,1,432046
7290018921166,false,"אל סבון נוזלי ניקוי יסודי ד""ר פישר 1 ל""",,,אל סבון ניקיון ולחות,ליטרים,1.00,ליטר,false,,16.90,16.9000,true,1,358537
7290018925065,false,פרימור מיץ תפוזים סחוט 2 ליטר,פרימור,IL,פרימור מיץ תפוזים סח,ליטרים,2.00,ליטר,false,,28.90,14.4500,true,1,373455
7290018989005,false,יכין פולפה טבעית 400*3 גר,זנלכל,IL,פולפה טבעית יכין 3*,קילוגרמים,1.20,"ק""ג",false,,17.90,14.9167,true,1,389573
7290018989081,false,חומוס הבית להכנת חומוס טרי יכין,זנלכל,IL,חומוס הבית יכין 400,גרמים,400.00,100 גרם,false,,9.90,2.4750,true,1,447289
7290019031062,false,תבנית R-2 מלבנית 7 י,,,תבנית R-2 מלבנית 7 י,יחידה,0.00,יחידה,false,,9.90,0.0000,true,1,407164
7290019031079,false,תבנית R-29 מרובעת קט,,,תבנית R-29 מרובעת קט,יחידה,0.00,יחידה,false,,9.90,0.0000,true,1,407165
7290019031086,false,תבנית R-31 גדולה 7 י,,,תבנית R-31 גדולה 7 י,יחידה,0.00,יחידה,false,,9.90,0.0000,true,1,407166
7290019031093,false,תבנית R-64 בינונית 7,,,תבנית R-64 בינונית 7,יחידה,0.00,יחידה,false,,9.90,0.0000,true,1,407167
7290019031109,false,תבנית R-88 אינגליש 1,,,תבנית R-88 אינגליש 1,יחידה,0.00,יחידה,false,,9.90,0.0000,true,1,407168
7290019031116,false,תבנית R-99 ענקית 3 י,,,תבנית R-99 ענקית 3 י,יחידה,0.00,יחידה,false,,9.90,0.0000,true,1,407169
7290019031185,false,כפפות לטקס 100 יח' M,,,כפפות לטקס 100 יח' M,יחידה,0.00,יחידה,false,,32.90,0.0000,true,1,397823
7290019031307,false,לפתניות לבנות 25 יח',,,לפתניות לבנות 25 יח',יחידה,0.00,יחידה,false,,6.90,0.0000,true,1,402041
7290019031352,false,"צלחות ענקיות 10"" לבנ",,,"צלחות ענקיות 10"" לבנ",יחידה,0.00,יחידה,false,,24.90,0.0000,true,1,402059
7290019031420,false,אל סבון נוזלי שלישיי,,,אל סבון נוזלי שלישיי,מיליליטרים,500.00,"100 מ""ל",false,,12.90,2.5800,true,1,413141
7290019031444,false,אשפתון 65X54 XL חזקו,,,אשפתון 65X54 XL חזקו,יחידה,0.00,יחידה,false,,19.90,0.0000,true,1,426182
7290019031550,false,מנגל קטן 40*25 WIZ,,,מנגל קטן 40*25 WIZ,יחידה,0.00,יחידה,false,,39.90,0.0000,true,1,419055
7290019031598,false,מארז 5 מכלים + מכסים,,,מארז 5 מכלים + מכסים,ליטרים,0.50,ליטר,false,,10.90,21.8000,true,1,407916
7290019031604,false,מארז 5 מכלים + מכסים,,,מארז 5 מכלים + מכסים,ליטרים,1.00,ליטר,false,,10.90,10.9000,true,1,407917
7290019031611,false,מארז 4 מכלים + מכסים,,,מארז 4 מכלים + מכסים,ליטרים,1.00,ליטר,false,,10.90,10.9000,true,1,407950
7290019031635,false,פחם מסעדות דרום אמרי,,,פחם מסעדות דרום אמרי,יחידה,0.00,יחידה,false,,26.90,0.0000,true,1,489443
7290019031642,false,WIZ צלחות ענקיות שקו,,,WIZ צלחות ענקיות שקו,יחידה,0.00,יחידה,false,,24.90,0.0000,true,1,462365
7290019031659,false,WIZ צלחות גדולות  שק,,,WIZ צלחות גדולות  שק,יחידה,0.00,יחידה,false,,15.90,0.0000,true,1,462366
7290019031673,false,"WIZ מרקיות שקופות 7""",,,"WIZ מרקיות שקופות 7""",יחידה,0.00,יחידה,false,,10.90,0.0000,true,1,462383
7290019056034,false,שוופס מוגז פירות אננס ללא סוכר 1.5 ליטר פיקדון,"יפאורה תבורי בע""מ",IL,שוופס מוגז פירות אננ,ליטרים,1.50,ליטר,false,,8.90,5.9333,true,1,366279
7290019056041,false,שוופס מוגז פירות לימונייד ללא סוכר 1.5 ליטר פיקדון,"יפאורה תבורי בע""מ",IL,שוופס מוגז פירות ללא,ליטרים,1.50,ליטר,false,,8.90,5.9333,true,1,366280
7290019056072,false,שוופס מוגז עדין אננס 1.5 ליטר פיקדון,"יפאורה תבורי בע""מ",IL,שוופס מוגז עדין אננס,ליטרים,1.50,ליטר,false,,8.90,5.9333,true,1,365933
7290019056089,false,שוופס מוגז עדין ענבי ריזלינג 1.5 ליטר פיקדון,"יפאורה תבורי בע""מ",IL,שוופס מוגז עדין טעם,ליטרים,1.50,ליטר,false,,8.90,5.9333,true,1,365934
7290019056096,false,שוופס מוגז עדין אפרסק 1.5 ליטר פיקדון,"יפאורה תבורי בע""מ",IL,שוופס מוגז עדין אפרס,ליטרים,1.50,ליטר,false,,8.90,5.9333,true,1,365951
7290019056119,false,שוופס סודה 1.5 ליטר פיקדון,"יפאורה תבורי בע""מ",IL,שוופס סודה 1.5ליטר,ליטרים,1.50,ליטר,false,,4.50,3.0000,true,1,365815
7290019056126,false,שוופס סודה לימון 1.5 ליטר בק' בודד פיקדון,"יפאורה תבורי בע""מ",IL,שוופס סודה לימון 1.5,ליטרים,1.50,ליטר,false,,4.50,3.0000,true,1,366281
7290019056164,false,שוופס סודה 1.5 ליטר רביעייה פיקדון,"יפאורה תבורי בע""מ",IL,שוופס סודה 4*1.5ליטר,ליטרים,6.00,ליטר,false,,13.10,2.1833,true,1,365816
7290019056171,false,שוופס סודה לימון 1.5 ליטר רביעייה פיקדון,"יפאורה תבורי בע""מ",IL,שוופס סודה לימון 4*1,ליטרים,6.00,ליטר,false,,13.10,2.1833,true,1,365833
7290019056188,false,שוופס סודה נענע ליים 1.5 ליטר רביעייה פיקדון,"יפאורה תבורי בע""מ",IL,שוופס סודה נענע ליים,ליטרים,6.00,ליטר,false,,13.10,2.1833,true,1,365849
7290019056201,false,שוופס סודה פירות יער 1.5 ליטר רביעייה פיקדון,"יפאורה תבורי בע""מ",IL,שוופס פירות יער סודה,ליטרים,6.00,ליטר,false,,13.10,2.1833,true,1,365866
7290019056256,false,שוופס מים בטעמים תפוחים 1.5 ליטר פיקדון,"יפאורה תבורי בע""מ",IL,שוופס וואטר בטעם תפו,ליטרים,1.50,ליטר,false,,9.50,6.3333,true,1,365769
7290019056263,false,שוופס מים בטעמים אפרסק 1.5 ליטר פיקדון,"יפאורה תבורי בע""מ",IL,שוופס וואטר אפרסק 1.,ליטרים,1.50,ליטר,false,,9.50,6.3333,true,1,365770
7290019056270,false,שוופס מים בטעמים פירות יער 1.5 ליטר פיקדון,"יפאורה תבורי בע""מ",IL,שוופס וואטר פירות יע,ליטרים,1.50,ליטר,false,,9.50,6.3333,true,1,367866
7290019056300,false,משקה בטעם ביטר לימון 1.5 ל' שוויפס,"יפאורה תבורי בע""מ",IL,שוופס ביטר לימון 1.5,ליטרים,1.50,ליטר,false,,12.90,8.6000,true,1,366313
7290019056317,false,שוופס ראשן 1.5 ליטר פיקדון,"יפאורה תבורי בע""מ",IL,שוופס ראשן 1.5 ליטר,ליטרים,1.50,ליטר,false,,12.90,8.6000,true,1,366314
7290019056324,false,שוופס טוניק 1.5 ליטר פיקדון,"יפאורה תבורי בע""מ",IL,שוופס מי טוניק 1.5 ל,ליטרים,1.50,ליטר,false,,12.90,8.6000,true,1,366315
7290019056331,false,שוופס טוניק ללא סוכר 1.5 ליטר פיקדון,"יפאורה תבורי בע""מ",IL,שוופס טוניק ללא סוכר,ליטרים,1.50,ליטר,false,,11.90,7.9333,true,1,366316
7290019056355,false,משקה בטעם לימונענע עם חתיכות פרי,"יפאורה תבורי בע""מ",IL,תפוזינה לימונדה נענע,ליטרים,1.50,ליטר,false,,9.50,6.3333,true,1,365260
7290019056362,false,תפוזינה ענבים 1.5 ליטר פיקדון,"יפאורה תבורי בע""מ",IL,תפוזינה ענבים 1.5 לי,ליטרים,1.50,ליטר,false,,9.50,6.3333,true,1,365398
7290019056379,false,תפוזינה תפוזים 1.5 ליטר פיקדון,"יפאורה תבורי בע""מ",IL,תפוזינה תפוזים 1.5 ל,ליטרים,1.50,ליטר,false,,9.50,6.3333,true,1,365449
7290019056393,false,תפוזינה תות בננה 1.5 ליטר פיקדון,"יפאורה תבורי בע""מ",IL,תפוזינה תות בננה 1.5,ליטרים,1.50,ליטר,false,,9.50,6.3333,true,1,365468
7290019056423,false,מיץ בטעם תפוח רענן 1.5ל' תפוזינה,"יפאורה תבורי בע""מ",IL,תפוזינה תפוח רענן 1.,ליטרים,1.50,ליטר,false,,9.50,6.3333,true,1,365528
7290019056430,false,תפוזינה תפוזים לייט 1.5 ליטר פיקדון,"יפאורה תבורי בע""מ",IL,תפוזינה תפוז 1.5 ליט,ליטרים,1.50,ליטר,false,,8.90,5.9333,true,1,365543
7290019056508,false,פרוט ווטר ענבים 1.5 ליטר פיקדון,"יפאורה תבורי בע""מ",IL,פרוט ווטר ענבים 1.5,ליטרים,1.50,ליטר,false,,9.50,6.3333,true,1,365663
7290019056515,false,פרוט ווטר אננס 1.5 ליטר פיקדון,"יפאורה תבורי בע""מ",IL,פרוט ווטר אננס 1.5 ל,ליטרים,1.50,ליטר,false,,9.50,6.3333,true,1,365693
7290019056539,false,פרוט ווטר אפרסק 1.5 ליטר פיקדון,"יפאורה תבורי בע""מ",IL,פרוט ווטר אפרסק 1.5,ליטרים,1.50,ליטר,false,,9.50,6.3333,true,1,365723
7290019056553,false,עין גדי מים מינרלים 2 ליטר*6 יח',עין גדי מים מינרליים,IL,עין גדי מים מינרלים,ליטרים,12.00,ליטר,false,,13.80,1.1500,true,1,366462
7290019056560,false,עין גדי 2 ליטר בק' בודד פיקדון,יפאורה תבורי,IL,עין גדי מים מינרלים,ליטרים,2.00,ליטר,false,,4.50,2.2500,true,1,366463
7290019056577,false,ספרינג מנגו 1.5 ליטר פיקדון,"יפאורה תבורי בע""מ",IL,ספרינג מנגו 1.5 ליטר,ליטרים,1.50,ליטר,false,,9.50,6.3333,true,1,365143
7290019056584,false,ספרינג תפוזים 1.5 ליטר פיקדון,"יפאורה תבורי בע""מ",IL,ספרינג תפוזים 1.5 לי,ליטרים,1.50,ליטר,false,,9.50,6.3333,true,1,365158
7290019056591,false,ספרינג ענבים 1.5 ליטר פיקדון,"יפאורה תבורי בע""מ",IL,ספרינג ענבים 1.5 ליט,ליטרים,1.50,ליטר,false,,9.50,6.3333,true,1,365159
7290019056607,false,ספרינג תפוחים 1.5 ליטר פיקדון,"יפאורה תבורי בע""מ",IL,ספרינג תפוחים 1.5 לי,ליטרים,1.50,ליטר,false,,9.50,6.3333,true,1,365160
7290019056614,false,ספרינג אפרסק 1.5 ליטר פיקדון,"יפאורה תבורי בע""מ",IL,ספרינג אפרסק 1.5 ליט,ליטרים,1.50,ליטר,false,,9.50,6.3333,true,1,365161
7290019056621,false,ספרינג פירות טרופיים 1.5 ליטר פיקדון,"יפאורה תבורי בע""מ",IL,ספרינג פירות טרופיים,ליטרים,1.50,ליטר,false,,9.50,6.3333,true,1,365177
7290019056638,false,ספרינג תות בננה 1.5 ליטר פיקדון,"יפאורה תבורי בע""מ",IL,ספרינג תות בננה 1.5,ליטרים,1.50,ליטר,false,,9.50,6.3333,true,1,365178
7290019056645,false,ספרחנג אגס תפוח סברס 1.5 ליטר פיקדון,"יפאורה תבורי בע""מ",IL,ספרינג אגס סברס תפוח,ליטרים,1.50,ליטר,false,,9.50,6.3333,true,1,365200
7290019056652,false,ספרינג אננס בננה 1.5 ליטר פיקדון,"יפאורה תבורי בע""מ",IL,ספרינג אננס בננה 1.5,ליטרים,1.50,ליטר,false,,9.50,6.3333,true,1,365219
7290019056669,false,ספרינג תפוחים גיאט 1.5 ליטר פיקדון,"יפאורה תבורי בע""מ",IL,ספרינג תפוחים דיאט 1,ליטרים,1.50,ליטר,false,,8.90,5.9333,true,1,365220
7290019056744,false,קריסטל מיץ תפוזים 2 ליטר פיקדון,יפאורה תבורי,IL,קריסטל מיץ תפוזים 2,ליטרים,2.00,ליטר,false,,8.50,4.2500,true,1,366347
7290019056959,false,מי עדן 1.5 ליטר בק' בודד פיקדון,מופק ממקור בזלתי עדן,IL,מי עדן 1.5 ליטר,ליטרים,1.50,ליטר,false,,3.90,2.6000,true,1,377134
7290019056973,false,מי עדן 1.5 ליטר שישייה פיקדון,מופק ממקור בזלתי עדן,IL,מי עדן 6*1.5 ליטר,ליטרים,9.00,ליטר,false,,14.90,1.6556,true,1,366431
7290019153269,false,שוופס סודה אננס 1.5 ליטר רביעייה פיקדון,"יפאורה תבורי בע""מ",IL,שוופס סודה אננס 4*1.,ליטרים,6.00,ליטר,false,,13.10,2.1833,true,1,429708
7290019153351,false,מיץ בטעם פינק אוזו 1.5 ל' תפוזינה,"יפאורה תבורי בע""מ",IL,תפוזינה פינק אוזו 1.,ליטרים,1.50,ליטר,false,,9.50,6.3333,true,1,438156
7290019153375,false,מיץ בטעם מוחיטו 1.5 ל' תפוזינה,"יפאורה תבורי בע""מ",IL,תפוזינה מוחיטו 1.5 ל,ליטרים,1.50,ליטר,false,,9.50,6.3333,true,1,438157
7290019167037,false,תותים בקצפת 82 ג' קינוחי עדן,עדן קינוחים Eden,,תותים בקצפת 82 גרם,גרמים,82.00,100 גרם,false,,8.20,10.0000,true,1,524458
7290019167044,false,קצפת עם קרם בייגלה מתוק מלוח 82 ג' עדן,עדן קינוחים Eden,,קצפת עם קרם בייגלה מ,גרמים,82.00,100 גרם,false,,8.20,10.0000,true,1,524441
7290019204305,false,חזה הודו פסטרמה ברביקיו 350 גר',עיצובים 2020 (4.9),,פסטרמה ברביקיו עוף ט,גרמים,350.00,100 גרם,false,,27.90,7.9714,true,1,470167
7290019230007,false,חלה קמח כוסמין ספיישל בייקרי,ספיישל בייקרי,IL,חלה כוסמין ארוזה ביי,גרמים,500.00,100 גרם,false,,17.90,3.5800,true,1,368014
7290019230014,false,חלה קמח מלא ספיישל בייקרי,ספיישל בייקרי,IL,חלה קמח מלא ארוזה בי,גרמים,500.00,100 גרם,false,,17.90,3.5800,true,1,368015
7290019230021,false,חלה גדולה ספיישל ביקרי,ספיישל בייקרי,IL,חלה גדולה ארוזה בייק,גרמים,500.00,100 גרם,false,,15.90,3.1800,true,1,368016
7290019232155,false,"חליטת ""לילה טוב"" קמומיל לבנדר ו25 שקיקים ויסוצקי",ויסוצקי,IL,לילה טוב חליטת קמומי,גרמים,37.50,100 גרם,false,,25.90,69.0667,true,1,505720
7290019232377,false,חווית הצ'איתה שחור בטעם וניל והל 25 יח' ויסוצקי,קריות זול,IL,חווית הצ'אי- 25 שקי,גרמים,55.00,100 גרם,false,,23.90,43.4545,true,1,512998
7290019232384,false,חווית הצ'אי תה שחור בטעם מוקה 25*50 ג' ויסוצקי,קריות זול,IL,חווית הצ'אי- מוקה 25,גרמים,50.00,100 גרם,false,,23.90,47.8000,true,1,512999
7290019233008,false,רוטב עגבניות עם קוביות ארטישוק ושמן זית 420ג ויסוצקי,זיתא,IT,רוטב עגבניות עם קובי,גרמים,420.00,100 גרם,false,,15.90,3.7857,true,1,464455
7290019233015,false,רוטב שקשוקה תבשיל ירקות עם שמן זית כתית מעולה 420ג זיתא,זיתא,IT,שקשוקה ירוקה תבשיל י,גרמים,420.00,100 גרם,false,,15.90,3.7857,true,1,464472
7290019233039,false,שקשוקה קלאסית- רוטב עגבניות עם קוביות פלפלים צלויים,זיתא,IT,רוטב עגבניות לשקשוקה,גרמים,420.00,100 גרם,false,,15.90,3.7857,true,1,443245
7290019245001,false,שמן קנולה אלומות 1 ל,סקנולה,EE,שמן קנולה אלומות 1 ל,ליטרים,1.00,ליטר,false,,12.90,12.9000,true,1,424775
7290019267737,true,חלה וויזניץ 500 גרם,,,חלה וויזניץ 500 גרם,יח',1.00,יח',false,,19.90,19.9000,true,1,508460
7290019297239,false,צימוק חום 250 גרם בק,"דין שיווק וקליה בע""מ",,צימוק כהה 250 גרם,גרמים,250.00,100 גרם,false,,14.90,5.9600,true,1,5534
7290019297635,false,שקדים קלויים ששון הק,"דין שיווק וקליה בע""מ",IL,שקד קלוי 150 גרם,גרמים,150.00,100 גרם,false,,16.90,11.2667,true,1,5556
7290019308188,false,ציפס קלאסי בסט צ'יפס,גרין האוס,EG,"צ'יפס קלאסי 1.5 ק""ג",קילוגרמים,1.50,"ק""ג",false,,19.90,13.2667,true,1,509556
7290022005104,false,רוטב עגבניות שרי בזי,,,רוטב עגבניות שרי בזי,גרמים,400.00,100 גרם,false,,16.90,4.2250,true,1,299
7290022005562,false,קריספ פירורי לחם שום 300 גרם,,,פירורי לחם עם שום קר,גרמים,300.00,100 גרם,false,,9.90,3.3000,true,1,435900
7290100240137,false,"תרסיס למייבש כביסה כחול 500 מ""ל בדין","זוהר דליה, קיבוץ דלי",IL,בדין תרסיס למייבש כב,מיליליטרים,500.00,"100 מ""ל",false,,22.90,4.5800,true,1,11536
7290100245231,false,נמס בכוס מרק בטעם עוף עם אטריות ושקדי מרק-2 שקיות,יוניליוור ישראל מזון,IL,נמס בכוס ועוד טעם עו,גרמים,50.00,100 גרם,false,,7.90,15.8000,true,1,11565
7290100412718,false,"תרחיץ פנים קלאסק מאסק דר עור 150 מ""ל","ד""ר עור DOCTOR OR",,דר' עור ג'ל ניקוי פנ,מיליליטרים,150.00,"100 מ""ל",false,,26.90,17.9333,true,1,109976
7290100570234,false,אביזרי מטבח,,,אביזרי מטבח,יחידה,0.00,יחידה,false,,12.90,0.0000,true,1,37801
7290100572146,false,כ.סט מקפיאון,,,כ.סט מקפיאון,יחידה,0.00,יחידה,false,,24.90,0.0000,true,1,37808
7290100572368,false,אביזרי מטבח,,,אביזרי מטבח,יחידה,0.00,יחידה,false,,19.90,0.0000,true,1,37810
7290100572702,false,אביזרי מטבח ב-11.00,,,אביזרי מטבח ב-11.00,יחידה,0.00,יחידה,false,,10.90,0.0000,true,1,37814
7290100573402,false,אביזרי מטבח,,,אביזרי מטבח,יחידה,0.00,יחידה,false,,14.90,0.0000,true,1,37817
7290100575086,false,אביזרי מטבח ב-6.99,,,אביזרי מטבח ב-6.99,יחידה,0.00,יחידה,false,,6.90,0.0000,true,1,37823
7290100613900,false,פאפאיה מיובשת 250 גר,,,פאפאיה מיובשת 250 גר,גרמים,250.00,100 גרם,false,,13.90,5.5600,true,1,54206
7290100653463,false,"פלמוליב - ארומה ג'ל רחצה מסאז' 500 מ""ל",קולגייט פלמוליב,IT,סבון נוזלי ספא מסאג',מיליליטרים,500.00,"100 מ""ל",false,,17.90,3.5800,true,1,23571
7290100653586,false,"דאו' ליידי ספיד סטיק 24/7 ג'ל ורוד 50מ""ל",ליידי ספיד סטיק Lady Speed Stick,US,דיאודורנט ליידי ספיד,גרמים,65.00,100 גרם,false,,18.90,29.0769,true,1,23572
7290100658338,false,נוזל כלים אוקסי פלוס עם נוסחת החמצן הפעיל,הנסיך- מפעל לייצור ט,GR,פלמוליב לכלים אוקסי-,מיליליטרים,750.00,"100 מ""ל",false,,12.90,1.7200,true,1,23577
7290100680650,false,מנה חמה נודלס-אטריות ירקות טעם תאילנדי אסם 76 ג',THAI PRESIDENT FOODS,TH,מנה חמה נודלס תאילנד,גרמים,76.00,100 גרם,false,,6.90,9.0789,true,1,68419
7290100680667,false,מנה חמה נודלס-אטריות+ירקות טעם סצ'ואן,THAI PRESIDENT FOODS,TH,מנה חמה נודלס ירקות,גרמים,76.00,100 גרם,false,,6.90,9.0789,true,1,68420
7290100680711,false,פירורית זהב אסם זהב 350ג',עינת תעשיות מזון,IL,אסם פירורית זהב 350,גרמים,350.00,100 גרם,false,,9.90,2.8286,true,1,21412
7290100680728,false,פירורית רגילה שקית 350 גרם,מיוצר עי קונדיטוריית,IL,פירורית רגילה שקית 3,גרמים,350.00,100 גרם,false,,8.90,2.5429,true,1,21413
7290100681015,false,פודינג אינסטנט ריבת חלב 84 ג' אסם,מיוצר עי קונדיטוריית,IL,אסם פודינג אינסטנט ר,גרמים,84.00,100 גרם,false,,6.50,7.7381,true,1,21415
7290100681138,false,מארז אפרופו חטיף תירס 3 יחידות,"אסם השקעות בע""מ",IL,אפרופו מאח 3*50 גר',גרמים,150.00,100 גרם,false,,13.90,9.2667,true,1,21417
7290100683880,false,אבקה להכנת פירה 260 ג' אסם,"אסם השקעות בע""מ",IL,פירה אסם 260 גרם,גרמים,260.00,100 גרם,false,,16.90,6.5000,true,1,68421
7290100685136,false,"מרק בטעם עוף 1 ק""ג אסם","אסם השקעות בע""מ",IL,מרק בטעם עוף אסם 1 ק,קילוגרמים,1.00,"ק""ג",false,,17.90,17.9000,true,1,21439
7290100685334,false,אבקת מרק עוף אמיתי ר.טבעיים 400ג' אסם,"אסם השקעות בע""מ",IL,מרק עוף מרכיבים טבעי,גרמים,400.00,100 גרם,false,,27.90,6.9750,true,1,21441
7290100685341,false,מרק בטעם עוף זך רכיבים טבעיים 400 ג' אסם,"אסם השקעות בע""מ",IL,מרק זך טעם עוף רכיבי,גרמים,400.00,100 גרם,false,,19.90,4.9750,true,1,21442
7290100686164,false,ביסלי ברביקיו מארז 6 יח' * 35 ג' אסם,מיוצר עי קונדיטוריית,IL,ביסלי ברביקיו מאח.8,גרמים,210.00,100 גרם,false,,14.90,7.0952,true,1,21450
7290100686171,false,ביסלי גריל מארז 6 יח' * 35 ג' אסם,אסם תעשיות,IL,ביסלי גריל מאח.8 6*3,גרמים,210.00,100 גרם,false,,14.90,7.0952,true,1,68427
7290100687109,false,במבה במילוי קרם נוגט 60ג' אסם,"אסם השקעות בע""מ",IL,במבה במילוי קרם נוגט,גרמים,60.00,100 גרם,false,,4.90,8.1667,true,1,21454
7290100689301,false,אבקת מרק עוף זך עדיף אסם 400 גר',"אסם השקעות בע""מ",IL,מרק בטעם עוף זך אסם,גרמים,400.00,100 גרם,false,,16.90,4.2250,true,1,21461
7290100700020,false,סוגת גריסי פנינה 500גרם,האי נאם סי או אל.טי.,IL,סוגת גריסי פנינה 500,גרמים,500.00,100 גרם,false,,6.90,1.3800,true,1,19418
7290100700075,false,פירורי לחם מוזהבים 200 ג' סוגת,"סוגת תעשיות בע""מ",IL,פירורי לחם מוזהבים ש,גרמים,200.00,100 גרם,false,,4.90,2.4500,true,1,68154
7290100700242,false,"אורז מלא עגול סוגת 1 ק""ג","סוגת תעשיות בע""מ",IL,סוגת אורז מלא עגול 1,קילוגרמים,1.00,"ק""ג",false,,12.90,12.9000,true,1,19420
7290100700273,false,קינואה סוגת 500 גרם,האי נאם סי או אל.טי.,IL,קינואה סוגת 500 גרם,גרמים,500.00,100 גרם,false,,16.90,3.3800,true,1,19422
7290100700372,false,"סוגת אורז בסמטי מלא 1 ק""ג",האי נאם סי או אל.טי.,IL,אורז בסמטי מלא 1 ק'ג,קילוגרמים,1.00,"ק""ג",false,,14.90,14.9000,true,1,19428
7290100700396,false,"סוגת אורז יסמין קלאסי 1 ק""ג",האי נאם סי או אל.טי.,IL,סוגת אורז יסמין קלאס,קילוגרמים,1.00,"ק""ג",false,,14.50,14.5000,true,1,19430
7290100700402,false,"חומוס ענק 1 ק""ג סוגת",,,חומוס ענק 1 ק'ג,קילוגרמים,1.00,"ק""ג",false,,21.90,21.9000,true,1,78020
7290100700587,false,סוגת בורגול 500 גרם,האי נאם סי או אל.טי.,IL,סוגת בורגול 500 גר,גרמים,500.00,100 גרם,false,,6.90,1.3800,true,1,19435
7290100701157,false,אורז להכנת סושי סוגת,Unknown,,אורז סושי 1 קג,קילוגרמים,1.00,"ק""ג",false,,15.90,15.9000,true,1,19438
7290100701331,false,קמח רב תכליתי שטיבל קמח חיטה לבן בהיר,"שטיבל בע""מ - טחנות ק",IL,קמח רב תכליתי סוגת,קילוגרמים,1.00,"ק""ג",false,,8.90,8.9000,true,1,19441
7290100701348,false,"קמח שיפון מלא 1ק""ג סוגת",טחנות קמח שטיבל באר,IL,קמח שיפון מלא סוגת,קילוגרמים,1.00,"ק""ג",false,,8.90,8.9000,true,1,19442
7290100701454,false,גרישה - בורגול דק,"סוגת תעשיות בע""מ",IL,גרישה 500 גרם,גרמים,500.00,100 גרם,false,,6.90,1.3800,true,1,19447
7290100701577,false,קמח לחם קמח חיטה לבן שטיבל,שטיבל טחנות קמח,IL,קמח לחם מועשר בויטמי,קילוגרמים,1.00,"ק""ג",false,,8.90,8.9000,true,1,68157
7290100701874,false,"קמח כוסמין 1 ק""ג סוגת",טחנות קמח שטיבל באר,IL,"קמח כוסמין סוגת 1 ק""",קילוגרמים,1.00,"ק""ג",false,,14.90,14.9000,true,1,68158
7290100701881,false,קמח פיצה ופוקצ'ה- קמח חיטה לבן בהיר שטיבל,"שטיבל בע""מ - טחנת קמ",IL,קמח פיצה ופוקצה סוגת,קילוגרמים,1.00,"ק""ג",false,,8.90,8.9000,true,1,19454
7290100702284,false,קוסקוס מלא סוגת 350 גרם,סוגת,IL,קוסקוס מלא סוגת 350,גרמים,350.00,100 גרם,false,,5.90,1.6857,true,1,19459
7290100702383,false,"קמח תופח סוגת 1 ק""ג",שטיבל טחנות קמח,IL,"קמח תופח סוגת 1 ק""ג",קילוגרמים,1.00,"ק""ג",false,,8.90,8.9000,true,1,19462
7290100702611,false,פתיתים אפויים אורז סוגת 500 ג',אסיף,,פתיתים אפויים אורז ס,גרמים,500.00,100 גרם,false,,5.20,1.0400,true,1,19470
7290100702628,false,פתיתים אפויים קוסקוס סוגת 500 ג',יושלם,,פתיתים אפויים קוסקוס,גרמים,500.00,100 גרם,false,,5.20,1.0400,true,1,19471
7290100702635,false,פתיתים אפויים כוכבים סוגת 500 ג',,,פתיתים אפויים כוכבים,גרמים,500.00,100 גרם,false,,5.20,1.0400,true,1,19472
7290100702741,false,"סוכר חום בהיר בצנצנת 1 ק""ג סוגת",סוגת,IL,סוכר חום בהיר בצנצנת,קילוגרמים,1.00,"ק""ג",false,,14.50,14.5000,true,1,19481
7290100702987,false,פתיתי שיבולת שועל דק סוגת 500ג',סוגת תעשיות,,פתיתי שיבולת שועל סו,גרמים,500.00,100 גרם,false,,7.90,1.5800,true,1,68170
7290100702994,false,סוגת סוכר דמררה קלאסי בשקית 500 גרם,"סוגת תעשיות בע""מ",IL,סוכר דמררה בשקית סוג,גרמים,500.00,100 גרם,false,,6.90,1.3800,true,1,19499
7290100703007,false,עדשים שחורות בלוגה סוגת 500 גר',האי נאם סי או אל.טי.,IL,סוגת עדשים שחורות בל,גרמים,500.00,100 גרם,false,,9.90,1.9800,true,1,19500
7290100703564,false,פתיתי שיבולת שועל עבה סוגת 500 ג',,,שיבולת שועל עבה סוגת,גרמים,500.00,100 גרם,false,,7.90,1.5800,true,1,81273
7290100703922,false,פופקורן להכנה במיקרוגל בטעם טבעי - מארז 6 שקיות,סוגת,,מארז פופקורן למיקרוג,גרמים,540.00,100 גרם,false,,15.90,2.9444,true,1,117001
7290100704141,false,סודה לשתייה 100 ג' סוגת,א.ל. ייצור ושיווק תב,IL,סוגת סודה לשתייה 100,גרמים,100.00,100 גרם,false,,2.90,2.9000,true,1,134793
7290100704615,false,סוכר לבן דק דק בצנצנת 500 ג',סוגת,,סוכר לבן דק דק בצנצנ,גרמים,500.00,100 גרם,false,,9.90,1.9800,true,1,362769
7290100704622,false,סוכר דמררה דק דק בצנצנת 500 גרם,סוגת,,סוכר דמררה דק דק בצנ,גרמים,500.00,100 גרם,false,,9.90,1.9800,true,1,362770
7290100850909,false,דוריטוס בטעם נאצ'ו מקסיקני,שטראוס פריטו ליי בע,IL,דוריטוס נאצו מקסיקני,גרמים,70.00,100 גרם,false,,4.70,6.7143,true,1,25367
7290100850916,false,דוריטוס בטעם חמוץ חריף,"שטראוס פריטו ליי בע""",IL,דוריטוס חמוץ חריף 70,גרמים,70.00,100 גרם,false,,4.70,6.7143,true,1,25368
7290100850923,false,דוריטוס גריל 70 גרם,שטראוס פריטו ליי בע,IL,דוריטוס גריל 70 גרם,גרמים,70.00,100 גרם,false,,4.70,6.7143,true,1,25369
7290100850930,false,דוריטוס דיפ טבעי 70ג,שטראוס פריטו ליי בע,IL,דוריטוס טבעי 70 גרם,גרמים,70.00,100 גרם,false,,4.70,6.7143,true,1,25370
7290100858592,false,אבקת קקאו עלית שקית 150 ג',הנסיך- מפעל לייצור ט,IL,עלית קקאו 150ג,גרמים,150.00,100 גרם,false,,10.90,7.2667,true,1,24193
7290100922651,false,הוואי - סבון מוצק מי קוקוס 100 גרם רביעייה,,,סבון מוצק מי קוקוס ה,גרמים,400.00,100 גרם,false,,12.90,3.2250,true,1,8767
7290100924464,false,כדוריות סבון נתלה לאסלה עם אקונומיקה - 3 יח',הנקל סוד,HU,סוד סבון 4 כדוריות ל,גרמים,150.00,100 גרם,false,,20.90,13.9333,true,1,38273
7290100924631,false,מרכך כביסה מרוכז לבגדי תינוקות ובעלי עור רגיש,"הנקל סוד בע""מ",IL,מרכך כביסה סוד מרוכז,מיליליטרים,900.00,"100 מ""ל",false,,13.90,1.5444,true,1,38282
7290101110149,false,גלידה בלסימו וניל עם פליק 1.3 ל' פלדמן,הגלידות של פלדמן,IL,בליסימו בטעם וניל עם,ליטרים,1.30,ליטר,false,,23.90,18.3846,true,1,302150
7290101110460,false,גלידה בליסימו וניל צרפתי 1.3 ל' פלדמן,הגלידות של פלדמן,IL,בליסימו בטעם וניל צר,ליטרים,1.30,ליטר,false,,23.90,18.3846,true,1,302166
7290101113614,false,מאגדת טילון בטעם וני,,,מאגדת טילון בטעם וני,גרמים,350.00,100 גרם,false,,24.90,7.1143,true,1,302260
7290101113751,false,מאגדת שלגון קרמל ושוקולד בלונדי רביעיה * 50 ג' יולו,הגלידות של פלדמן,IL,מאגדת רביעייה שלגון,גרמים,200.00,100 גרם,false,,22.90,11.4500,true,1,405235
7290101113904,false,מנבו בטעם וניל 12 יח,הגלידות של פלדמן,IL,מנבו וניל 12 יח 288,גרמים,288.00,100 גרם,false,,24.90,8.6458,true,1,488086
7290101113911,false,מנבו בטעם מוקה 12 יח,הגלידות של פלדמן,IL,מנבו מוקה 12 יח 288,גרמים,288.00,100 גרם,false,,24.90,8.6458,true,1,488087
7290101459880,false,נרות אותיות- יום הול,,,נרות אותיות- יום הול,יחידה,0.00,יחידה,false,,9.90,0.0000,true,1,35435
7290101551027,false,קפסולות קפה אספרסו חזק במיוחד 14 עלית 10 יח',הנסיך- מפעל לייצור ט,IL,קפסולות אספרסו 14 למ,גרמים,50.00,100 גרם,false,,19.90,39.8000,true,1,137023
7290101551539,false,יוגורט PRO בטעם אפרסק 0% 20 גרם חלבון בגביע,דנונה - שטראוס,IL,דנונה פרו 20 אפרסק 2,גרמים,200.00,100 גרם,false,,6.50,3.2500,true,1,133466
7290101551577,false,קוואקר שיבות שועל פחית מארז 2*500 גר',קואקר אוטס,GB,זוג קוואקר פחית שיבו,קילוגרמים,1.00,"ק""ג",false,,24.90,24.9000,true,1,133540
7290101551584,false,תפוצ'יפס קידס מארז 10 יח' * 20 ג',"שטראוס פריטו ליי בע""",IL,מארז תפוצ'יפס קידס 1,גרמים,200.00,100 גרם,false,,18.50,9.2500,true,1,132222
7290101864127,false,"ספריי להסרת כתמים 750 מ""ל וניש קליה",קליה וניש Kalia Vanish,IL,קליה אוקסי ספריי 750,מיליליטרים,750.00,"100 מ""ל",false,,19.90,2.6533,true,1,22899
7290101866633,false,ווניש קליה ג`ל להסרת כתמים 3 ל',קליה וניש Kalia Vanish,IL,וניש קליה ג'ל 3 ליטר,ליטרים,3.00,ליטר,false,,31.90,10.6333,true,1,22924
7290101869702,false,"ג 'ל פיניש AIO MAX מרוכז למדיח 600מ""ל",פיניש רקיט בנקיזר,,פיניש ג'ל 600 מלAIO,מיליליטרים,600.00,"100 מ""ל",false,,37.90,6.3167,true,1,22975
7290101869726,false,ג'ל מרוכז למדיח פיניש all in one max,רקיט בנקיזר,PL,ג'ל 1 ליטר AIO פיניש,ליטרים,1.00,ליטר,false,,45.90,45.9000,true,1,22977
7290101869795,false,מילוי למכשיר ספריי אוטומטי חלום ליל קיץ,איירוויק Air Wick,GB,איירוויק מילוי מבשם,מיליליטרים,250.00,"100 מ""ל",false,,15.90,6.3600,true,1,22984
7290101982470,false,ממתק רולר 30 מל' בטעמים,יושלם,,ממתק רולר 30 גרם,גרמים,30.00,100 גרם,false,,7.00,23.3333,true,1,35475
7290101985365,false,בקבוק אלומיניום גדול,,,בקבוק אלומיניום גדול,יחידה,0.00,יחידה,false,,22.50,0.0000,true,1,35548
7290101999720,false,נרות מטה לבבות פו,,,נרות מטה לבבות פו,יחידה,0.00,יחידה,false,,7.50,0.0000,true,1,35911
7290102030330,false,תפוצ'יפס קראנצ' בטעם מקסיקני,"שטראוס פריטו ליי בע""",IL,תפוצ'יפס קראנץ מקסיק,גרמים,200.00,100 גרם,false,,11.90,5.9500,true,1,25378
7290102031276,false,מארז 8 יחידות אקטימל משקה יוגורט בטעם תות בננה,מיוצר עי קונדיטוריית,IL,אקטימל תות בננה 8*10,מיליליטרים,800.00,"100 מ""ל",false,,23.90,2.9875,true,1,24888
7290102032334,false,אבקה להכנת משקה קפה בטעם וניל,STRAUSS-ISRAEL,IL,קפה נמס עלית בטעם ונ,גרמים,200.00,100 גרם,false,,31.90,15.9500,true,1,24203
7290102300822,false,גבינת צ'דר אנגלי כתום 35%,דאולי צ'יסמייקרס,GB,סיימן גבינת צדר אנגל,גרמים,200.00,100 גרם,false,,27.90,13.9500,true,1,18780
7290102300860,false,גבינת צ'דר אנגלי לבן 35%,דאוליי צ'יסמייקרס,GB,שביק גבינת צדר אנגלי,גרמים,200.00,100 גרם,false,,27.90,13.9500,true,1,18781
7290102302864,false,גבינה הולנדית עם פסטו ירוק 34%,הנרי ויליך Henri Willig,NL,גבינה הולנדית חצי קש,גרמים,200.00,100 גרם,false,,33.90,16.9500,true,1,425698
7290102302888,false,גבינה הולנדית עם כמו,מיוצר עי קונדיטוריית,NL,גבינה הולנדית עם כמו,גרמים,200.00,100 גרם,false,,33.90,16.9500,true,1,425681
7290102303977,false,טונה רוברט בשמן זית,Ramirez,PT,טונה בשמן זית רוברט,גרמים,120.00,100 גרם,false,,13.90,11.5833,true,1,459999
7290102390427,false,יוגורט ביו עם קציפת תות 3% שומן 150 ג' מולר,מולר Muller,IL,מולר פרופ תות 3% 150,גרמים,150.00,100 גרם,false,,5.80,3.8667,true,1,7273
7290102390465,false,יוגורט ביו עם קציפת אפרסק ופסיפלורה 3% שומן 150 ג' מולר,מולר Muller,IL,מולר פרופ אפרסק פסיפ,גרמים,150.00,100 גרם,false,,5.80,3.8667,true,1,7274
7290102390489,false,יוגורט ביו עם קציפת לימון 3% שומן 150 ג' מולר,מולר Muller,IL,מולר פרופ לימון 3% 1,גרמים,150.00,100 גרם,false,,5.80,3.8667,true,1,7276
7290102392094,false,חלב עיזים 4.1% צוריאל 1 ל' קרטון,מילקו תעשיות בעמ,IL,צוריאל חלב עיזים 1ל,ליטרים,1.00,ליטר,false,,17.90,17.9000,true,1,7302
7290102393169,false,סימפלי פרוט יוגורט תות 3% שומן 150 ג' מולר,מולר Muller,IL,מולר סימפלי פרוט תות,גרמים,150.00,100 גרם,false,,5.80,3.8667,true,1,7339
7290102393268,false,**טרה גבינה לבנה אריזת חיסכון 5% 750ג,טרה,IL,טרה גבינה לבנה אריזת,גרמים,750.00,100 גרם,false,,14.90,1.9867,true,1,7343
7290102393299,false,יוגורט עיזים לשתייה 3% שומן 500 ג' צוריאל,מיוצר עי קוד יצרן HG,IL,צוריאל יוגורט עיזים,מיליליטרים,500.00,"100 מ""ל",false,,14.60,2.9200,true,1,7344
7290102393947,false,סימפלי פרוט יוגורט בטעם קיווי 3% שומן 150 ג' מולר,מילקו תעשיות בעמ,IL,מולר סימפלי פרוט קיו,מיליליטרים,150.00,"100 מ""ל",false,,5.80,3.8667,true,1,7358
7290102394821,false,נעם גבינה צהובה דק דק פ.ח 28% 200גר,מילקו תעשיות בעמ,IL,נעם גבינה צהובה דק ד,גרמים,200.00,100 גרם,false,,17.90,8.9500,true,1,7382
7290102394845,false,פרוסות גבינת נעם מופחתת שומן 9%,מילקו תעשיות בעמ,IL,נעם גבינה צהובה דק ד,גרמים,200.00,100 גרם,false,,18.90,9.4500,true,1,7383
7290102395101,false,גבינה עם ממרח שוקולד 200ג' טרה,מילקו תעשיות בעמ,IL,מוו ממרח גבינה ושוקו,גרמים,200.00,100 גרם,false,,12.60,6.3000,true,1,7390
7290102395217,false,מאגדת שמיניה מולר במתיקות מעודנת 1.2% 8*150 ג',מולר Muller,IL,מולר ביאנקו במתיקות,קילוגרמים,1.20,"ק""ג",false,,21.90,18.2500,true,1,7394
7290102395224,false,מארז 8 גביעים יוגורט ביו בטעם טבעי 1.7%,מולר Muller,IL,מולר נטורל 1.7% 8*15,קילוגרמים,1.20,"ק""ג",false,,19.90,16.5833,true,1,7395
7290102395231,false,מולר נטורל 2.8% ביאנקו מאגדת 8 יח' * 150 ג',מולר Muller,IL,מולר נטורל 2.8% 8*15,קילוגרמים,1.20,"ק""ג",false,,19.90,16.5833,true,1,7396
7290102395446,false,מעדן חלב בטעם וניל עם קצפת 123 ג' טרה,טרה,IL,מוו וניל קצפת 123מל,מיליליטרים,123.00,"100 מ""ל",false,,3.70,3.0081,true,1,7405
7290102395521,false,"שמנת לבישול 15% שומן 500 מ""ל טרה",מילקו תעשיות בעמ,IL,טרה שמנת לבישול 15%+,מיליליטרים,500.00,"100 מ""ל",false,,17.50,3.5000,true,1,7409
7290102396580,false,מעדן שוקולד ומוס שוקולד 123 ג' טרה,טרה,IL,מוו מעדן שוקולד ומוס,גרמים,118.00,100 גרם,false,,3.70,3.1356,true,1,7456
7290102396665,false,פרוסות גבינת נעם מופחתת שומן 15%,מילקו תעשיות בעמ,IL,גבנ`צ דקדק פתח סגור,גרמים,200.00,100 גרם,false,,17.90,8.9500,true,1,7461
7290102396672,false,גבינה צהובה נעם 9% דק דק 360ג',טרה,,נעם צהובה דק דק 9% 3,גרמים,360.00,100 גרם,false,,31.90,8.8611,true,1,7462
7290102397204,false,פרוסות גבינה 22% שומן 200 ג' נעם,מילקו תעשיות בעמ,IL,נעם צהובה דק דק 22%,גרמים,200.00,100 גרם,false,,17.90,8.9500,true,1,7493
7290102397464,false,יוגורט ביו בתוספת גרעינים אגוזים וחמוציות 170 ג' מולר,מולר Muller,IL,מולר יוגורט נטורל +,גרמים,150.00,100 גרם,false,,6.20,4.1333,true,1,74382
7290102397600,false,מיקס יוגורט בתוספת שקדים ובוטנים מקורמלים 170 ג' מולר,מילקו תעשייה בעמ,IL,מולר מיקס שקדים ובוט,גרמים,168.00,100 גרם,false,,6.20,3.6905,true,1,7518
7290102397617,false,יוגורט ביו קרמי עם כדורים מצופים שוקולד חום לבן,מולר Muller,IL,מולר מיקס קליק 168 ג,גרמים,168.00,100 גרם,false,,6.20,3.6905,true,1,7519
7290102397730,false,פרוסות גבינה אמנטל חצי קשה 30% שומן 200 ג' נעם,Unknown,IL,גבינת אמנטל נעם פתיח,גרמים,200.00,100 גרם,false,,18.90,9.4500,true,1,81705
7290102397747,false,פרוסות גבינת מוצרלה נעם מחלב בקר 22%,טרה,IL,מוצרלה נעם רכיבים ט,גרמים,200.00,100 גרם,false,,20.90,10.4500,true,1,107205
7290102397891,false,גבינת מותכת 18% צוריאל 100ג',משק צוריאל,IL,רביעייה גבינה מותכת,גרמים,100.00,100 גרם,false,,8.30,8.3000,true,1,74377
7290102398065,false,**חלב בקרטון 2 ליטר 3% מהדרין - טרה,Unknown,IL,טרה חלב קרטון 3% מהד,יחידה,0.00,יחידה,false,,12.46,0.0000,true,1,89711
7290102398331,false,חלב דל לקטוז 2% מועשר בויטמין D,Unknown,IL,חלב מועשר 1 ליטר דל,ליטרים,1.00,ליטר,false,,8.90,8.9000,true,1,110247
7290102398560,false,שוקו מעושר בבקבוק 1ל' טרה,מילקו תעשיות בעמ,IL,שוקו טרה מועשר בבקבו,ליטרים,1.00,ליטר,false,,13.50,13.5000,true,1,125176
7290102398577,false,משקה חלב בטעם שוקו 2% בבקבוק אישי,מילקו תעשיות בעמ,IL,שוקו טרה מועשר בבקבו,מיליליטרים,250.00,"100 מ""ל",false,,6.10,2.4400,true,1,133575
7290102398836,false,משקה שקדים קלאסי 1 ליטר משק צוריאל,משק צוריאל,IT,משקה שקדים קלאסי משק,ליטרים,1.00,ליטר,false,,14.90,14.9000,true,1,196534
7290102399048,false,פרוסות גבינת קשקבל נעם 200 ג' טרה,טרה,IL,קשקבל נעם פתיחה חוזר,גרמים,200.00,100 גרם,false,,27.90,13.9500,true,1,141886
7290103400194,false,כרוב לבן קצוץ שטראוס,"טרופיקל דגיל בע""מ אז",IL,כרוב לבן 400 ג בדצ י,גרמים,400.00,100 גרם,false,,12.00,3.0000,true,1,24893
7290103401429,false,עלית אוריגינס קצב ברזילאי 200ג,הנסיך- מפעל לייצור ט,IL,קפה אוריגינס קצב ברז,גרמים,200.00,100 גרם,false,,30.90,15.4500,true,1,24217
7290103404758,false,כרוב אדום במיונז אחל,מיוצר עי קונדיטוריית,IL,אחלה כרוב אדום 120ג,גרמים,120.00,100 גרם,false,,5.90,4.9167,true,1,24898
7290103408206,false,עלי חסה ערבית שטופים,שטראוס בריאות ירקות,IL,עלי חסה ערבית שטופים,גרמים,250.00,100 גרם,false,,12.50,5.0000,true,1,24902
7290103681227,false,"יין תבור הר גיוורצטרמינר 750 מ""ל",מיוצר על ידי יקב תבו,IL,הר תבור גוורצטרמינר,מיליליטרים,750.00,"100 מ""ל",false,,39.90,5.3200,true,1,139606
7290103700386,false,כריות יפניות טאצ' מארז 6יח',"שניב תעשיות נייר בע""",,טאצ' כריות יפניות 6י,יחידה,0.00,יחידה,false,,10.90,0.0000,true,1,25741
7290103700393,false,טאצ' כריות יפניות עבות עם תעלות 4 יח',"שניב תעשיות נייר בע""",,טאצ' כריות יפניות עב,יחידה,0.00,יחידה,false,,9.90,0.0000,true,1,25742
7290103701017,false,נייר אפייה נשלף טאצ 50 יחידות כשלפ,"שניב תעשיות נייר בע""",,טאצ' נייר אפייה נשלף,יחידה,0.00,יחידה,false,,10.90,0.0000,true,1,25747
7290103701093,false,טאצ' מטליות מיקרופייבר לרצפה 2 יח',"שניב תעשיות נייר בע""",,טאצ מטליות מקרופייבר,יחידה,0.00,יחידה,false,,15.90,0.0000,true,1,25750
7290103701130,false,טאצ' מטליות מיקרופייבר לניקוי כללי 7 יח',,,טאצ מטליות מקרופייבר,יחידה,0.00,יחידה,false,,15.90,0.0000,true,1,25751
7290103702229,false,מפות שולחן עבות במיו,"שניב תעשיות נייר בע""",,טאצ מפות עבות במיוחד,יחידה,0.00,יחידה,false,,9.80,0.0000,true,1,25760
7290103702298,false,טאצ' אשפתון עבה בגליל 77*90 50 יח',"שניב תעשיות נייר בע""",,טאצ אשפתון בגליל 50,יחידה,0.00,יחידה,false,,16.90,0.0000,true,1,25766
7290103702304,false,טאצ' אשפתון עבה במיוחד 35 יח',"שניב תעשיות נייר בע""",,טאצ אשפתון בגליל 35,יחידה,0.00,יחידה,false,,16.90,0.0000,true,1,25767
7290103702526,false,ממחטות בקופסא טאצ' 1,סאסאטק,IL,ממחטות טאצ` 100 יח`,יחידה,0.00,יחידה,false,,6.90,0.0000,true,1,25773
7290103702779,false,מפיות אירוח טאצ` 15,,,מפיות אירוח טאצ` 15,יחידה,0.00,יחידה,false,,9.90,0.0000,true,1,25777
7290103703233,false,מטליות טאצ' לחות תפוח לניקוי כללי דלי,,,טאצ' מטליות לחות לני,יחידה,0.00,יחידה,false,,20.90,0.0000,true,1,114453
7290103703370,false,טאצ מגבוני טואלט לחים מארז שלישיה,,,טאצ' מגבוני נייר טוא,יח',3.00,יח',false,,16.90,5.6333,true,1,126919
7290103703578,false,נייר טואלט לובלי תלת,,,לובלי נייר טואלט תלת,יחידה,0.00,יחידה,false,,42.90,0.0000,true,1,134066
7290103704186,false,מגבות מטבח כפול טאצ`מהדורת 2021 6 יחידות,,,מגבות טאצ' גליל כפול,יחידה,0.00,יחידה,false,,20.90,0.0000,true,1,386306
7290103704575,false,נייר טואלט טאצ' פרימיום 48 גלילים,,,נייר טואלט טאצ' 48 י,יחידה,0.00,יחידה,false,,39.90,0.0000,true,1,300128
7290103704766,false,נייר טואלט 24 גליל כפול מהדורת פרח סגול,,,נייר טואלט 24 גליל,יחידה,0.00,יחידה,false,,43.90,0.0000,true,1,437136
7290103746001,false,ממחטות טאצ' 5*100 צץ רץ (19*195),"שניב תעשיות נייר בע""",,ממחטות טאצ' חמישייה,יחידה,0.00,יחידה,false,,13.90,0.0000,true,1,25787
7290104061417,false,חומוס טחינה אחלה 400 ג',"שטראוס גרופ בע""מ",IL,אחלה חומוס טחינה 400,גרמים,400.00,100 גרם,false,,12.90,3.2250,true,1,24905
7290104061431,false,חומוס אחלה עם צנובר 400 ג',"שטראוס גרופ בע""מ",IL,אחלה חומוס צנובר 400,גרמים,400.00,100 גרם,false,,12.90,3.2250,true,1,24907
7290104061448,false,חומוס עם חריף 400 ג' אחלה,מיוצר עי קונדיטוריית,IL,אחלה חומוס חריף 400ג,גרמים,400.00,100 גרם,false,,12.90,3.2250,true,1,24908
7290104065187,false,אבקה להכנת משקה קפה בטעם מוקה,STRAUSS-ISRAEL,IL,קפה נמס עלית בטעם מו,גרמים,200.00,100 גרם,false,,31.90,15.9500,true,1,24248
7290104065934,false,שטראוס עלי רוקט 150ג,שטראוס בריאות ירקות,IL,שטראוס עלי רוקט 150ג,גרמים,150.00,100 גרם,false,,11.50,7.6667,true,1,24911
7290104066566,false,טחינה משומשום מלא אח,מיוצר עי קונדיטוריית,IL,אחלה טחינה 500ג,גרמים,500.00,100 גרם,false,,17.60,3.5200,true,1,24914
7290104068539,false,גומי מאסט בטעם מלון ואבטיח 28 ג' עלית,"שטראוס גרופ בע""מ",IL,מאסט מלון ואבטיח 28ג,גרמים,28.00,100 גרם,false,,5.20,18.5714,true,1,24255
7290104501661,false,אינסטנט פודינג בטעם וניל צרפתי,מיוצר עי קונדיטוריית,IL,אסם פודינג בטעם וניל,גרמים,80.00,100 גרם,false,,6.50,8.1250,true,1,21467
7290104501807,false,מיני מאפינס שוקו חמישיה,תבואות בר,IL,בונז'ור מיני מאפינס,גרמים,200.00,100 גרם,false,,9.90,4.9500,true,1,119593
7290104504228,false,מארז אריזות מיני חטיף דובונים - 5 יח',"אסם השקעות בע""מ",IL,דובונים קדמ.מארז אחי,גרמים,100.00,100 גרם,false,,14.90,14.9000,true,1,21474
7290104508943,false,במבה אריזת חסכון 200 גרם,"אסם השקעות בע""מ",IL,במבה קלאסי 18*200 גר,גרמים,200.00,100 גרם,false,,9.90,4.9500,true,1,21485
7290104570131,false,תמר מג'הול הדקלאים,,,"תמר מג'הול 1 ק""ג",קילוגרמים,1.00,"ק""ג",false,,18.90,18.9000,true,1,60962
7290104721762,false,קפה טורקי עלית מארז 85X3ג',,,טורקי עלית 3*85 גר'.,גרמים,255.00,100 גרם,false,,20.90,8.1961,true,1,24260
7290104722530,false,תפוצ'יפס בטעם שמנת ובצל,"שטראוס פריטו ליי בע""",IL,תפוציפס שמנת בצל 200,גרמים,200.00,100 גרם,false,,11.90,5.9500,true,1,25419
7290104726262,false,מארז 4 יחידות דני לשתייה בטעם שוקולד + קשים,מיוצר עי קונדיטוריית,IL,דני שוקולד לשתייה מא,מיליליטרים,500.00,"100 מ""ל",false,,12.50,2.5000,true,1,24933
7290104726712,false,מארז 8 יחידות מעדן מילקי בטעם שוקולד עם קצפת,"שטראוס גרופ בע""מ",IL,מילקי שמינייה מארז 8,קילוגרמים,1.06,"ק""ג",false,,22.90,21.6038,true,1,24935
7290104728310,false,"שמנת עמידה לקצפת 38% שומן 250 מ""ל יוטבתה",מחלבת יטבתה,IL,יטבתה שמנת עמידה לקצ,מיליליטרים,250.00,"100 מ""ל",false,,6.47,2.5880,true,1,24940
7290104960239,false,"תחליב רחצה נקה 7 ארומה לבן 750 מ""ל",טרופיקל דגיל תעשיות,IL,תחליב רחצה קמומיל נק,מיליליטרים,750.00,"100 מ""ל",false,,12.90,1.7200,true,1,32803
7290104960246,false,"נקה 7 - תחליב רחצה ורד ויסמין 750 מ""ל",אמיליה קוסמטיקס,IL,תחליב רחצה ורד ויסמי,מיליליטרים,750.00,"100 מ""ל",false,,12.90,1.7200,true,1,32804
7290104961878,false,"שמפו לשיער קרטין אינטנס פורמולה 400 מ""ל נטורל",נטורל פורמולה Natural Formula,IL,קרטין אינטנס שמפו נט,מיליליטרים,400.00,"100 מ""ל",false,,31.90,7.9750,true,1,32833
7290104961885,false,מרכך קרטין טהור לשיער שעבר החלקה או עיצוב בחום,נטורל פורמולה Natural Formula,IL,מרכך קרטין אינטנס נט,מיליליטרים,400.00,"100 מ""ל",false,,31.90,7.9750,true,1,32834
7290104964152,false,"טיטניום - אוורסט בושם לגבר א.ד.ט 100 מ""ל",,,טיטניום לגבר א.ד.ט 1,יחידה,0.00,יחידה,false,,84.90,0.0000,true,1,523450
7290105360250,false,קפסולות 09 עשיר וארומטי למכונת נספרסו עלית 10יח',הנסיך- מפעל לייצור ט,IL,עלית קפסולות מקיאטו,גרמים,50.00,100 גרם,false,,19.90,39.8000,true,1,24281
7290105360328,false,קפסולות אספרסו חזק למכונות נספרסו 10 יח',הנסיך- מפעל לייצור ט,IL,עלית קפסולות אספרסו,גרמים,50.00,100 גרם,false,,19.90,39.8000,true,1,24282
7290105360762,false,שמן כתית מעולה עדין 1,מכוורת יד מרדכי שטרא,IL,שמן זית 1 עדין כתית,מיליליטרים,750.00,"100 מ""ל",false,,39.90,5.3200,true,1,24287
7290105362339,false,"שמנת לבישול 15% 250 מ""ל יטבתה מהדרין",מחלבת יטבתה,IL,יטבתה שמנת לבישול 15,מיליליטרים,250.00,"100 מ""ל",false,,9.40,3.7600,true,1,24945
7290105363602,false,כיף כף - מקלות קלאסי 40 גרם,"איי, בי, אינבוו",TR,כיף כף מקלות קלאסי 4,גרמים,40.00,100 גרם,false,,6.20,15.5000,true,1,24296
7290105364289,false,כיף כף - מקלות פצפוצים 40 גרם,"איי, בי, אינבוו",TR,כיף כף מקלות פצפוצים,גרמים,40.00,100 גרם,false,,6.20,15.5000,true,1,24298
7290105364302,false,"עלית חטיף שוקולד כיף כף מקלות אגוזים, 40 גרם","איי, בי, אינבוו",TR,כיף כף מקלות אגוזים,גרמים,42.00,100 גרם,false,,6.20,14.7619,true,1,24299
7290105366993,false,סימפוניה גבינה במרקם שמנת פלפל שיפקה חריף 5%,"שטראוס בריאות בע""מ",IL,סימפוניה פלפל שיפקה,גרמים,200.00,100 גרם,false,,12.90,6.4500,true,1,24956
7290105368331,false,מעדן מילקי בטעם תות עם קצפת,מחלבת אחיהוד,IL,"מילקי תות 170 מ""ל",מיליליטרים,170.00,"100 מ""ל",false,,3.10,1.8235,true,1,24968
7290105368904,false,"שמנת מתוקה להקצפה 32% שומן 250 מ""ל יוטבתה",מחלבת יטבתה,IL,יטבתה שמנת עמידה לקצ,מיליליטרים,250.00,"100 מ""ל",false,,8.30,3.3200,true,1,24978
7290105368928,false,"שמנת 9% שומן 200 מ""ל יוטבתה",מחלבת יטבתה,IL,יטבתה שמנת 9% 200מל,מיליליטרים,200.00,"100 מ""ל",false,,3.70,1.8500,true,1,24979
7290105369130,false,סימפוניה גבינה במרקם שמנת בצל ירוק 5%,"שטראוס בריאות בע""מ",IL,סימפוניה שטראוס בצל,גרמים,200.00,100 גרם,false,,12.90,6.4500,true,1,24982
7290105439581,false,חרדל דיז'ון צרפתי 370ג' מ.שף,סאס קווינור,FR,מאסטר שף מאסטר שף חר,מיליליטרים,370.00,"100 מ""ל",false,,14.90,4.0270,true,1,23679
7290105500151,false,וודקה פינלנדיה בקבוק,"אלטיה קורפ, הלסינקי,",FI,וודקה פינלנדיה 700 מ,מיליליטרים,700.00,"100 מ""ל",false,,70.90,10.1286,true,1,14378
7290105500236,false,וויסקי ג'ק דניאלס מס' 7 Brand No,ג'ק דניאלס Jack Daniel's,US,גק דניאלס וויסקי 700,מיליליטרים,700.00,"100 מ""ל",false,,120.90,17.2714,true,1,67818
7290105500953,false,"וויסקי ג'ק דניאלס דבש 700 מ""ל",ג'ק דניאל'ס,BE,ג'ק נדיאלס וויסקי דב,מיליליטרים,700.00,"100 מ""ל",false,,120.90,17.2714,true,1,118393
7290105691248,false,פריכונים חטיפי טורטיה תירס 60 ג' אוסם,"מיוצר ע""י PT, משווק",IL,חטיפי פריכונים טורטי,גרמים,60.00,100 גרם,false,,8.10,13.5000,true,1,21508
7290105693341,false,במבה מארז 10 יח' * 25 ג' אסם,"אסם השקעות בע""מ",IL,במבה מאח.15 10*25גרם,גרמים,250.00,100 גרם,false,,18.90,7.5600,true,1,21525
7290105693457,false,עוגת הבית דמקה שוקו וניל 320 ג' אסם,מיוצר עי קונדיטוריית,IL,עוגת הבית דמקה שוקו,גרמים,320.00,100 גרם,false,,15.90,4.9688,true,1,21526
7290105694904,false,אבקת מרק פטריות רכיבים טבעיים 220 ג' אסם,"אסם השקעות בע""מ",IL,אבקת מרק פטריות רכיב,גרמים,220.00,100 גרם,false,,20.90,9.5000,true,1,21534
7290105695024,false,אסם פתיתים אפויים אורז עם אטריות 500 גר,"אסם השקעות בע""מ",IL,פתיתים אפויים אורז ע,גרמים,500.00,100 גרם,false,,7.90,1.5800,true,1,21536
7290105695321,false,עוגת שוקולד בראוניז פאדג' 380 ג',מיוצר עי קונדיטוריית,IL,הבית עוגות בראוניס פ,גרמים,380.00,100 גרם,false,,19.90,5.2368,true,1,21539
7290105962331,false,זחוק אדום תימני מקורי חריף מאוד,קריניסה ויטמין אס אי,IL,סחוג חריף מאוד זהבי,גרמים,220.00,100 גרם,false,,12.90,5.8636,true,1,24984
7290105964564,false,אחלה חומוס אחלה 400ג,מיוצר עי קונדיטוריית,IL,אחלה חומוס אחלה 400ג,גרמים,400.00,100 גרם,false,,10.20,2.5500,true,1,24989
7290105965738,false,יוגורט לשתיה בטעם תות בננה267 ג' דנונה,מיוצר עי קונדיטוריית,IL,דנונה משקה תות בננה,גרמים,267.00,100 גרם,false,,5.50,2.0599,true,1,24997
7290105966469,false,"חומץ בלסמי יד מרדכי 250מ""ל",אצטייה ג'וזפה קרמוני,IT,חומץ בלסמי יד מרדכי,גרמים,250.00,100 גרם,false,,17.90,7.1600,true,1,24337
7290105968098,false,סלט קולסלאו אחלה 500 ג',אחלה - שטראוס,IL,אחלה קולסלאו 500ג,גרמים,500.00,100 גרם,false,,18.90,3.7800,true,1,25009
7290105968654,false,רביולי בטטה פרווה פסטה נונה 400 ג',מיוצר עי קונדיטוריית,IL,שטראוס רביולי בטטה 4,גרמים,400.00,100 גרם,false,,22.90,5.7250,true,1,25010
7290105968777,false,פריכיות עם תחתית שוקולד מריר 70 ג' אנרגי,"טחנת האבן תעשיות בע""",IL,פריכיות תחתית שוקלד,גרמים,70.00,100 גרם,false,,9.40,13.4286,true,1,24344
7290106520066,false,רבע לשבע במילוי קרם אגוזים ובציפוי שוקולד חלב,הגביע מוצרי וופלים ב,IL,רבע לשבע 160 גרם,גרמים,160.00,100 גרם,false,,13.90,8.6875,true,1,24346
7290106520912,false,"שמנת לבישול 9% 250 מ""ל יטבתה",מחלבת יטבתה,IL,יטבתה שמנת לבישול 9%,מיליליטרים,250.00,"100 מ""ל",false,,9.40,3.7600,true,1,25022
7290106521049,false,קוביות סלק אחלה 400 גר',מיוצר עי קונדיטוריית,IL,אחלה קוביות סלק 400,גרמים,400.00,100 גרם,false,,18.90,4.7250,true,1,25024
7290106521926,false,שקית קפה טורקי 150 ג' עלית,,,קפה טורקי עלית 150 ג,גרמים,150.00,100 גרם,false,,15.90,10.6000,true,1,89537
7290106524439,false,תפוצ'יפס טבעי פופס 60גר',"שטראוס פריטו ליי בע""",IL,תפוציפס פופס 60 גרם,גרמים,60.00,100 גרם,false,,4.90,8.1667,true,1,110542
7290106526822,false,פריכיות אורז עם תחתית שוקולד חלב 80 ג' אנרגי,"טחנת האבן תעשיות בע""",IL,פריכיות עם תחתית שוק,גרמים,80.00,100 גרם,false,,9.40,11.7500,true,1,24380
7290106528628,false,דוריטוס טבעי עלית 185 ג',"שטראוס פריטו ליי בע""",IL,דוריטוס טבעי 185 גר`,גרמים,185.00,100 גרם,false,,9.70,5.2432,true,1,25464
7290106528949,false,סלט ערוגות טעם הטבע,שטראוס בריאות ירקות,IL,לקט ערוגות,גרמים,450.00,100 גרם,false,,14.60,3.2444,true,1,25050
7290106572027,false,אוסם - לחמית חמישה דגנים 190 גרם,"אסם השקעות בע""מ",IL,לחמית חמישה דגנים אס,גרמים,190.00,100 גרם,false,,9.90,5.2105,true,1,21556
7290106574120,false,שלגון גומיגם לימון ופטל וסוכר' 90ג',גלידות נסטלה (נגה גל,IL,גומיגם 90גר.,גרמים,90.00,100 גרם,false,,7.50,8.3333,true,1,17086
7290106574953,false,בייגלה שטוחים כעכים שטוחים עם שומשום,מיוצר עי קונדיטוריית,IL,אסם בייגלה שטוחים שו,גרמים,300.00,100 גרם,false,,12.90,4.3000,true,1,68468
7290106574977,false,בייגלה שטוחים כעכים שטוחים עם מלח,מיוצר עי קונדיטוריית,IL,אסם בייגלה שטוחים עם,גרמים,300.00,100 גרם,false,,12.90,4.3000,true,1,68469
7290106575257,false,עוגת הבית סופלה בטעם שוקולד 340 ג' אסם,מיוצר עי קונדיטוריית,IL,עוגת הבית סופלה בטעם,גרמים,340.00,100 גרם,false,,15.90,4.6765,true,1,68472
7290106575431,false,עוגת הבית סופלה בטעם שוקוניל 340 ג' אסם,מיוצר עי קונדיטוריית,IL,עוגת הבית סופלה בטעם,גרמים,340.00,100 גרם,false,,15.90,4.6765,true,1,21600
7290106576513,false,סלט חומוס צבר 400 גר,סלטי צבר,IL,צבר חומוס 400 גרם,גרמים,400.00,100 גרם,false,,10.90,2.7250,true,1,22229
7290106576537,false,צבר חומוס מסעדה 700 גר,סלטי צבר,IL,צבר חומוס מסעדה 700,גרמים,700.00,100 גרם,false,,13.90,1.9857,true,1,22230
7290106576919,false,גלידה קרמריה סורבה תות לימון 1.4 ליטר,המאפיה של הרמן,IL,גלידה קרמריה סורבה ת,ליטרים,1.40,ליטר,false,,25.90,18.5000,true,1,17102
7290106576957,false,"לה קרמריה גלידת שוקו וניל פליק פרווה כשל""פ 1.4",תות תעשיות מזון (201,IL,גלידה קרמריה פרווה ש,ליטרים,1.40,ליטר,false,,25.90,18.5000,true,1,17104
7290106577039,false,גלידה לה קרמריה שוקו וניל פליק 1.4 ל' נסטלה,תות תעשיות מזון (201,IL,לה קרמריה שוקו וניל,ליטרים,1.40,ליטר,false,,25.90,18.5000,true,1,17107
7290106577527,false,סלט קולסלאו כרוב לבן וגזר 400 ג' צבר,סלטי צבר,IL,צבר מרובע קולסלו 400,גרמים,400.00,100 גרם,false,,14.90,3.7250,true,1,22236
7290106577541,false,כרוב אדום מרובע 400 ג' צבר,סלטי צבר,IL,צבר מרובע כרוב אדום,גרמים,400.00,100 גרם,false,,13.90,3.4750,true,1,22237
7290106577572,false,צבר מטבוחה מרובע 400גרם,סלטי צבר,IL,צבר מרובע מטבוחה 40,גרמים,400.00,100 גרם,false,,14.90,3.7250,true,1,22238
7290106578692,false,אוסם - במבה ביסלי מיקס 80 גרם,פרו מן יו פתרונות אר,IL,במבה ביסלי מיקס 36*8,גרמים,80.00,100 גרם,false,,4.90,6.1250,true,1,21619
7290106578821,false,הבית עוגת שמרים קלאסית בטעם שוקולד 350גר.,מיוצר עי קונדיטוריית,IL,עוגת הבית שמרים קלאס,גרמים,350.00,100 גרם,false,,19.90,5.6857,true,1,21622
7290106653689,false,לקט לסלט בסגנון אסייתי,שטראוס בריאות ירקות,IL,לקט לסלט אסייתי שטרא,גרמים,350.00,100 גרם,false,,11.50,3.2857,true,1,62082
7290106654099,false,מילקי CAKE עוגות אישיות במילוי קרם חלב,STRAUSS-ISRAEL,,עוגות אישיות מילקי ק,גרמים,272.00,100 גרם,false,,22.80,8.3824,true,1,119249
7290106656734,false,עוגיות חיוכים וניל 600 ג'רם,אפיפית נצרת,IL,"חיוכים וניל בד""צ 600",גרמים,600.00,100 גרם,false,,22.90,3.8167,true,1,68965
7290106658479,false,עלית וופל בטעם טורטית אגוזים 40ג,"שטראוס גרופ בע""מ",IL,עלית וופל בטעם טורטי,גרמים,40.00,100 גרם,false,,4.90,12.2500,true,1,24429
7290106663121,false,מילקי cake עוגה אישית 34 גרם,בובארד איטליה אס.פי.,IT,מילקי קייק עוגה בודד,גרמים,34.00,100 גרם,false,,3.10,9.1176,true,1,25094
7290106663558,false,"רוטב טריאקי ורימון יד מרדכי 280מ""ל",אף.סי תבליני בגליל ב,IL,יד מרדכי רוטב טריאקי,מיליליטרים,280.00,"100 מ""ל",false,,15.90,5.6786,true,1,24473
7290106664555,false,"רוטב שמנת עם עגבניות 9% שומן 250 מ""ל יוטבתה",מחלבת יטבתה,IL,יטבתה רוטב שמנת עם ע,מיליליטרים,250.00,"100 מ""ל",false,,11.90,4.7600,true,1,25103
7290106664562,false,רוטב שמנת עם פטריות 9% שומן 258 ג' יוטבתה,מחלבת יטבתה,IL,יטבתה רוטב שמנת עם פ,גרמים,250.00,100 גרם,false,,11.90,4.7600,true,1,25104
7290106667266,false,דוריטוס חמוץ חריף עלית 185 ג',הנסיך- מפעל לייצור ט,IL,דוריטוס חמוץ חריף 18,גרמים,185.00,100 גרם,false,,9.70,5.2432,true,1,25539
7290106668577,false,"מיץ לימון טבעי יד מרדכי 250 מ""ל",האי נאם סי או אל.טי.,IT,מיץ לימון טבעי יד מר,מיליליטרים,250.00,"100 מ""ל",false,,8.90,3.5600,true,1,24500
7290106668713,false,יוגורט עם פירות יער 3% שומן 150 ג' דנונה,מיוצר עי קונדיטוריית,IL,דנונה פירות יער3% 15,מיליליטרים,150.00,"100 מ""ל",false,,4.10,2.7333,true,1,25113
7290106669857,false,קפסולות 06 אספרסו בטעם וניל עלית 10יח',הנסיך- מפעל לייצור ט,IL,עלית קפסולות בטעם ונ,גרמים,50.00,100 גרם,false,,19.90,39.8000,true,1,63513
7290106720626,false,צ'יטוס קראנצ' בטעם גבינה - חלבי,"שטראוס פריטו ליי בע""",IL,ציטוס גבינה 80 גרם,גרמים,80.00,100 גרם,false,,5.50,6.8750,true,1,76922
7290106721920,false,צנצנת מסטיק מאסט בטעם ספירמינט עדין 66 ג' עלית,"שטראוס גרופ בע""מ.",IL,מאסט צנצנת ספירמינט,גרמים,66.00,100 גרם,false,,12.90,19.5455,true,1,24536
7290106723689,false,עלי תרד בייבי שטראוס,שטראוס בריאות ירקות,IL,שטראוס תרד בייבי 200,גרמים,200.00,100 גרם,false,,12.50,6.2500,true,1,25124
7290106725867,false,"סירופ מייפל טהור 189 מ""ל יד מרדכי",קוסלסי פוד,CA,יד מרדכי סירופ מייפל,מיליליטרים,189.00,"100 מ""ל",false,,38.90,20.5820,true,1,24587
7290106727984,false,כיף כף פצפוצים ושוקולד 135 ג',שולן צ'יקולטה גידה ס,TR,כיף כף פצפצים 135 גר,גרמים,135.00,100 גרם,false,,13.60,10.0741,true,1,24593
7290107280020,false,מטליות לחות סנו סושי לניקוי כללי שלישיה *50 יח',טרופיקל דגיל- תעשיות,IL,סנו סושי מגבונים לני,יחידה,0.00,יחידה,false,,20.90,0.0000,true,1,32890
7290107280099,false,מגבוני טואלט לחים סנו סופט שלישייה * 48 יח',טרופיקל דגיל- תעשיות,IL,סנו סופט מגבוני טואל,יחידה,0.00,יחידה,false,,18.90,0.0000,true,1,32896
7290107280112,false,נייר טואלט סופט סילק 24 גליל,Unknown,,סנו סופט נייר טואלט,מטרים,441.00,מטר,false,,27.90,0.0633,true,1,105954
7290107280341,false,ריצפז מטליות לחות לניקוי הרצפה בניחוח מלון מפנק,"סנו מפעלי ברונוס סע""",IL,ריצפז מטליות לחות לנ,יחידה,0.00,יחידה,false,,12.90,0.0000,true,1,198784
7290107280570,false,סנו - מקסימה ג'ל כביסה מרוכז לכביסה צבעונית 3 ליטר,מיוצר עי קונדיטוריית,IL,מקסימה ג'ל כביסה מיק,ליטרים,3.00,ליטר,false,,35.90,11.9667,true,1,32912
7290107280709,false,"סנו ספארק נוזל הברקה למדיח 700 מ""ל","סנו מפעלי ברונוס בע""",IL,סנו ספארק נוזל הברקה,מיליליטרים,700.00,"100 מ""ל",false,,18.90,2.7000,true,1,32919
7290107280723,false,נוזל לניקוי כלים סנו ספארק Spark בניחוח לימון רענן,סנו כימיקלים,IL,סנו ספארק נוזל לניקו,מיליליטרים,700.00,"100 מ""ל",false,,11.90,1.7000,true,1,32921
7290107280747,false,נוזל לניקוי כלים סנו ספארק Spark קלאסי,סנו כימיקלים,IL,סנו ספארק נוזל לניקו,מיליליטרים,700.00,"100 מ""ל",false,,11.90,1.7000,true,1,32924
7290107280761,false,נוזל לניקוי כלים בניחוח לימון רענן סנו ספארק Spark,מיוצר עי קונדיטוריית,IL,ספארק נוזל לכלים לימ,יחידה,0.00,יחידה,false,,12.90,0.0000,true,1,32926
7290107340526,false,מטען בית טייפ סי,,,מטען בית טייפ סי,יחידה,0.00,יחידה,false,,39.90,0.0000,true,1,425095
7290107342087,false,אוזניות חיבור ישיר ט,,,אוזניות חיבור ישיר ט,יחידה,0.00,יחידה,false,,49.90,0.0000,true,1,425120
7290107870047,false,"טילון אקסטרים מטבע ענק בראוניז, 115 ג'",תות תעשיות מזון (201,IL,אקסטרים מטבע ענק ברא,גרמים,115.00,100 גרם,false,,9.90,8.6087,true,1,17114
7290107871990,false,פסטה צינורות 500 ג' אסם,פסטה זארה,IT,פסטה צינורות אסם 500,גרמים,500.00,100 גרם,false,,6.90,1.3800,true,1,21653
7290107874502,false,ביסלי גריל מארז 4 יח' * 55 ג' אסם,מיוצר עי קונדיטוריית,IL,ביסלי גריל 4*55 גרם,גרמים,220.00,100 גרם,false,,13.90,6.3182,true,1,68502
7290107875004,false,פופקורן חמאה ודבש מארז12*20גר',,,פופקו חמאה ודבש מארז,גרמים,240.00,100 גרם,false,,20.90,8.7083,true,1,130435
7290107875820,false,קרוטונים אפויים בתיבול ביתי אוסם 180 ג',עינת תעשיות מזון,IL,קרוטונים אפויים בתיב,גרמים,180.00,100 גרם,false,,13.90,7.7222,true,1,21700
7290107877619,false,מארז במבה במילוי קרם נוגט 5*30ג' אסם,אסם תעשיות,IL,במבה במילוי קרם נוגט,גרמים,150.00,100 גרם,false,,14.90,9.9333,true,1,21732
7290107879668,false,קרחון לה פרוטה תות 70 ג' נסטלה,המאפיה של הרמן,IL,לה פרוטה תות,יחידה,0.00,יחידה,false,,6.90,0.0000,true,1,17155
7290107930321,false,קונפיטורה דובדבן יד מרדכי 340 ג',בית אל מזון,IL,יד מרדכי קונפיטורה ד,גרמים,340.00,100 גרם,false,,14.90,4.3824,true,1,24611
7290107931397,false,כיף כף פצפוצים ביסקוויט 40ג',שולן צ'יקולטה גידה ס,TR,כיף כף פצפצים 40גר`,גרמים,40.00,100 גרם,false,,6.20,15.5000,true,1,24624
7290107932080,false,חלב בבקבוק 3% שומן 1 ל' יוטבתה,מחלבת יטבתה,IL,יטבתה חלב בבקבוק 3%,ליטרים,1.00,ליטר,false,,8.30,8.3000,true,1,25168
7290107932134,false,חלב בבקבוק 1% שומן 1 ל' יוטבתה,מחלבת יטבתה,IL,יטבתה חלב בבקבוק 1%,ליטרים,1.00,ליטר,false,,8.30,8.3000,true,1,25170
7290107933155,false,לקט סלנובה טעם הטבע,שטראוס בריאות ירקות,IL,לקט סלנובה 200 גרם,גרמים,200.00,100 גרם,false,,15.60,7.8000,true,1,25172
7290107933193,false,שטראוס סלק מבושל בוו,הורקסה 5 גאמא ס.א.,ES,שטראוס סלק מבושל בוו,גרמים,500.00,100 גרם,false,,7.90,1.5800,true,1,25173
7290107934473,false,מארז 8 יח' אקטיביה יוגורט קרמי 1.5% שומן,דנונה - שטראוס,IL,אקטיביה מארז מיוחד 1,קילוגרמים,1.20,"ק""ג",false,,23.90,19.9167,true,1,25186
7290107936309,false,דנונה יוגורט 7% יווני לבן 130 ג',"שטראוס בריאות בע""מ",IL,דנונה יווני לבן 130,גרמים,130.00,100 גרם,false,,4.10,3.1538,true,1,25196
7290107936958,false,עד חצות ביסקוויט אצבעות שוקולד 125 גרם,הדקלאים אגודת שיתופי,FR,עד חצות אצבעות 125 ג,גרמים,125.00,100 גרם,false,,11.90,9.5200,true,1,101809
7290107936965,false,עד חצות עוגיות עיגולים 225 גר',ביסקווטרי עוגיות סנט,FR,עד חצות עיגולים 225,גרמים,125.00,100 גרם,false,,15.90,12.7200,true,1,101810
7290107937634,false,צנצנית מסטיק מאסט קוביות פפירמינט 58 ג' עלית,אסקום קונפקשיין,DE,צנצנת קוביות פפירמינ,גרמים,58.00,100 גרם,false,,12.90,22.2414,true,1,24667
7290107937641,false,מסטיק בצנצנת קוביות בזוקה 58 ג',אסקום קונפקשיין,DE,צנצנת קוביות בזוקה 5,גרמים,58.00,100 גרם,false,,12.90,22.2414,true,1,24668
7290107938396,false,"אקטימל משקה פרוביוטי תות 100X8 מ""ל",מיוצר עי קונדיטוריית,IL,דנונה Actimel בנים ב,גרמים,864.00,100 גרם,false,,23.90,2.7662,true,1,25210
7290107940030,false,חומוס אחלה 650 גר',,,חומוס אחלה 650 גר,גרמים,650.00,100 גרם,false,,10.90,1.6769,true,1,25229
7290107940467,false,אקטיביה יוגורט 1.5% שומן 200 ג' דנונה,מיוצר עי קונדיטוריית,IL,דנונה אקטיביה יוגורט,גרמים,200.00,100 גרם,false,,4.70,2.3500,true,1,25237
7290107941259,false,עדשים ירוקות מבושלות,הורקסה לס לגונס דה ס,IL,עדשים ירוקות מבושלות,גרמים,475.00,100 גרם,false,,12.90,2.7158,true,1,25247
7290107941266,false,שעועית מבושלת אדומה,הורקסה לס לגונס דה ס,IL,שעועית אדומה מבושלת,גרמים,475.00,100 גרם,false,,15.90,3.3474,true,1,25248
7290107941273,false,חומוס מבושל טעם הטבע,הורקסה לס לגונס דה ס,IL,חומוס מבושל 475 גרם,גרמים,475.00,100 גרם,false,,12.90,2.7158,true,1,25249
7290107943192,false,"שמנת חמוצה מהערבה 27% שומן 200 מ""ל יטבתה",יטבתה,,יטבתה שמנת 27% 200מ,מיליליטרים,200.00,"100 מ""ל",false,,4.70,2.3500,true,1,101845
7290107943369,false,קוואקר שיבולת שועל ללא גלוטן 511 גר'.,היידי שוקולד בירונטי,US,שיבולת שועל ללא גלוט,גרמים,511.00,100 גרם,false,,20.90,4.0900,true,1,100007
7290107944243,false,"וופל אפיפית ללא גלוטן 200ג' בד""צ","שטראוס גרופ בע""מ",IL,"אפיפית ללא גלוטן בד""",גרמים,200.00,100 גרם,false,,7.90,3.9500,true,1,96846
7290107944472,false,סימפוניה גבינה במרקם שמנת 5% שום שמיר,"שטראוס בריאות בע""מ",IL,סימפוניה 5% שום שמיר,גרמים,200.00,100 גרם,false,,12.90,6.4500,true,1,25269
7290107945165,false,קונפיטורה משמש יד מרדכי 340 ג',אף.סי תבליני בגליל ב,IL,יד מרדכי קונפיטורת מ,גרמים,340.00,100 גרם,false,,14.90,4.3824,true,1,62065
7290107950190,false,מעדן חלב דל קלוריות בטעם שוקולד מריר 0.5% שומן,מיוצר עי קונדיטוריית,IL,מעדן דיאט שוקולד מרי,גרמים,130.00,100 גרם,false,,4.10,3.1538,true,1,25279
7290107950206,false,מעדן חלב דל קלוריות בטעם שוקולד 0% שומן,מיוצר עי קונדיטוריית,IL,מעדן דיאט שוקולד % 0,גרמים,130.00,100 גרם,false,,4.10,3.1538,true,1,25280
7290107951104,false,בפלות ופלים ארוכים בטעם שוקולד,"א.ג. גילרו בע""מ",IL,בפלות 200 גרם שוקולד,גרמים,200.00,100 גרם,false,,6.20,3.1000,true,1,24708
7290107953559,false,קפה טורקי עלית לדרך שקיות 24X7ג',הנסיך- מפעל לייצור ט,IL,קפה טורקי לדרך 168 ג,גרמים,168.00,100 גרם,false,,20.90,12.4405,true,1,24720
7290107954709,false,קונפיטורה יד מרדכי פירות יער 340 ג',יד מרדכי,IL,יד מרדכי קונפיטורת פ,גרמים,340.00,100 גרם,false,,14.90,4.3824,true,1,86951
7290107954976,false,"משקה יטבתה חלבון פרו קפה 350מ""ל",מחלבת יטבתה,DE,משקה פרו בטעם קפה יט,מיליליטרים,350.00,"100 מ""ל",false,,7.30,2.0857,true,1,90119
7290107956925,false,קפסולות 13 אוגנדה למכונת נספרסו עלית 10יח',שטראוס קפה בי.וי,IL,עלית קפסולות אוגנדה,גרמים,50.00,100 גרם,false,,19.90,39.8000,true,1,133135
7290107956932,false,קפסולות 12 אינדונזיה למכונות NESPRESSO,שטראוס קפה בי.וי,IL,עלית קפסולות אידונזי,גרמים,50.00,100 גרם,false,,19.90,39.8000,true,1,101816
7290107957113,false,סימפוניה 5% זיתים פיקנטיים 200 ג' שטראוס,קריות זול,IL,סימפוניה עם זיתים פי,גרמים,200.00,100 גרם,false,,12.90,6.4500,true,1,133468
7290107958035,false,יוגורט במתיקות מעודנת 2% ללא תוספת סוכר- מארז 8 יח,דנונה - שטראוס,IL,8 דנונה מתיקות מעודנ,קילוגרמים,1.20,"ק""ג",false,,20.80,17.3333,true,1,106767
7290107971744,false,"קולגייט - מי פה טוטל ירוק ספרמינט 500 מ""ל",יבואן ומשווק: ש. שסט,PL,קולגייט מי פה טוטל י,מיליליטרים,500.00,"100 מ""ל",false,,32.90,6.5800,true,1,23710
7290107973793,false,שימורי עגבניות שלמות 400 ג' מאסטר שף,פראנו אריקו ופיגלי ס,IT,עגבניות שלמות מאסטר,גרמים,400.00,100 גרם,false,,6.90,1.7250,true,1,23727
7290107973861,false,מאסטר שף - עגבניות קצוצות דק שלישיה 400 גרם * 3,קונסרזיו קאסאלאסקו ד,IT,עגבניות קצוצות דק מא,קילוגרמים,1.20,"ק""ג",false,,18.90,15.7500,true,1,23729
7290107974066,false,"עלי טורטיה קמח מלא 20ס""מ 8יח' מאסטר שף 320ג'",אלקטי קורביישיסי,DE,עלי טורטיה קמח מלא מ,גרמים,320.00,100 גרם,false,,12.90,4.0313,true,1,68855
7290107974073,false,עלי טורטיה קמח לבן מאסטר שף 320ג',הנסיך- מפעל לייצור ט,DE,עלי טורטיה קמח לבן מ,גרמים,320.00,100 גרם,false,,12.90,4.0313,true,1,68856
7290107974080,false,טורטיות קמח לבן מנה 840 ג',הדקלאים אגודת שיתופי,DE,עלי טורטיה קמח לבן מ,גרמים,820.00,100 גרם,false,,19.90,2.4268,true,1,68857
7290107974301,false,ליידי ספיד סטיק - דאודורנט ג'ל לאישה אלוורה 45 גרם,ליידי ספיד סטיק Lady Speed Stick,US,דיאודורנט ג'ל אלוורה,גרמים,65.00,100 גרם,false,,18.90,29.0769,true,1,81726
7290107974806,false,"מאסטר שף - אורז בסמטי 1 ק""ג",דווה סינג שיהם,,אורז בסמטי מאסטר שף,קילוגרמים,1.00,"ק""ג",false,,14.90,14.9000,true,1,23743
7290107974813,false,"אורז יסמין 1 ק""ג מאסטר שף",מאסטר שף,,אורז יסמין מאסטר שף,קילוגרמים,1.00,"ק""ג",false,,14.90,14.9000,true,1,23744
7290107976916,false,פלמוליב סבון ידיים חלב זיתים 300מל,פלמוליב Palmolive,,פלמוליב סבון ידיים ח,מיליליטרים,300.00,"100 מ""ל",false,,10.90,3.6333,true,1,89473
7290107978330,false,מאסטר שף אטריות דקות 400 ג',הדקלאים אגודת שיתופי,PL,איטריות דקות מאסטר ש,גרמים,400.00,100 גרם,false,,6.90,1.7250,true,1,92510
7290107978347,false,מאסטר שף אטריות ביניניות 400 ג',הדקלאים אגודת שיתופי,PL,איטריות בינוניות מאס,גרמים,400.00,100 גרם,false,,6.90,1.7250,true,1,92482
7290108070316,false,שקית 50 פסטל,,,שקית 50 פסטל,יחידה,0.00,יחידה,false,,11.90,0.0000,true,1,36279
7290108350128,false,סנו סושי שקיות אשפה חזקות במיוחד 40 יח',מיוצר עי קונדיטוריית,IL,סנו סושי שקיות חזקות,יחידה,0.00,יחידה,false,,28.90,0.0000,true,1,32935
7290108350210,false,סנו סושי שקיות אשפה חזקות 30 יח' XL,מיוצר עי קונדיטוריית,IL,סושי שקיות אקסטרא חז,יחידה,0.00,יחידה,false,,26.90,0.0000,true,1,32943
7290108350258,false,נייר טואלט דו שכבתי ארוך פי 3 - מארז 12 גלילים,מפעלי ברונוס בעמ,IL,סופט נייר טואלט גליל,מטרים,180.00,מטר,false,,44.90,0.2494,true,1,32944
7290108350531,false,סנו ספארק נוזל כלים בניחוח קלאסי עם משאבה 1 ל',מיוצר עי קונדיטוריית,IL,סנו ספארק משאבה בניח,ליטרים,1.00,ליטר,false,,12.90,12.9000,true,1,32948
7290108350586,false,נוזל לניקוי כלים סנו ספארק Spark בניחוח לימון רענן,סנו,,ספארק נוזל כלים בניח,ליטרים,1.50,ליטר,false,,15.90,10.6000,true,1,32952
7290108350616,false,סנו - מקסימה מרכך כביסה מרוכז פריחה כחולה 1 ליטר,"סנו מפעלי ברונוס בע""",IL,מרכך כביסה מקסימה סו,יחידה,0.00,יחידה,false,,18.90,0.0000,true,1,32955
7290108351033,false,"WHITE POWDER - בושם לאישה א.ד.פ 50 מ""ל",,,"בושם לאישה 50 מ""ל wh",יחידה,0.00,יחידה,false,,84.90,0.0000,true,1,520441
7290108351514,false,מרכך כביסה בבישום עוצמתי פריחה כחולה,סנו מקסימה,IL,מרכך כביסה סנו מקסימ,ליטרים,4.00,ליטר,false,,23.90,5.9750,true,1,32981
7290108351552,false,"סנו - ג'ט לניקוי כללי בתוספת חומץ בניחוח לבנדר 750 מ""ל","סנו מפעלי ברונוס בע""",IL,סנו ג'ט מתז חומץ 750,מיליליטרים,750.00,"100 מ""ל",false,,15.90,2.1200,true,1,107987
7290108351613,false,סנו ריצפז פרש הום 2 ליטר בניחוח מלון חלומי,"סנו מפעלי ברונוס בע""",IL,ריצפז פרש הום מלון ח,ליטרים,2.00,ליטר,false,,24.90,12.4500,true,1,79932
7290108351699,false,סנו - ג'ט מטליות לחות לניקוי כללי בתוספת חומץ לבנדר שלישיה,סנו מפעלי ברונוס על,IL,מגבונים ג'ט+חומץ מאר,יחידה,0.00,יחידה,false,,23.90,0.0000,true,1,131618
7290108351811,false,מקסימה מרכך כביסה סופר מרוכז פלור טאצ' 1 ליטר,מיוצר עי קונדיטוריית,IL,סנו מקסימה מרכך כביס,יחידה,0.00,יחידה,false,,18.90,0.0000,true,1,161804
7290108352207,false,קפסולות כביסה מקסימה פלורל 40 יח' סנו,טרופיקל דגיל תעשיות,IL,קפס' כביסה בניחוח פל,גרמים,840.00,100 גרם,false,,44.90,5.3452,true,1,231660
7290108352214,false,סנו - מקסימה קפסולות כביסה בניחוח בריזה מרעננת 40 יח',טרופיקל דגיל תעשיות,IL,קפסולות כביסה בניחוח,גרמים,840.00,100 גרם,false,,44.90,5.3452,true,1,231661
7290108352269,false,דלי מטליות לחיטוי ולניקוי 99.9 % 400 יח' סנו,הורביץ סחר,IL,מטליות לחיטוי ולניקו,יחידה,0.00,יחידה,false,,35.90,0.0000,true,1,228069
7290108352344,false,"סנו - פרש מילוי למטהר אוויר מלון בוטיק 250 מ""ל",מיוצר עי קונדיטוריית,IL,סנו פרש הום אוטומטיק,גרמים,250.00,100 גרם,false,,16.90,6.7600,true,1,235141
7290108352399,false,ריצפז פרש הום בניחוח מרכך כביסה פלורל טאצ',"סנו מפעלי ברונוס בע""",IL,ריצפז פרש הום פלורל,ליטרים,2.00,ליטר,false,,24.90,12.4500,true,1,385592
7290108352450,false,ריצפז פרש הום בניחוח מרכך כביסה בלו בלוסום,סנו מפעלי ברונוס בעמ,IL,ריצפז פרש הום בניחוח,ליטרים,2.00,ליטר,false,,24.90,12.4500,true,1,264035
7290108352498,false,מכשיר אוטומטי מעוצב ואלגנטי עם מילוי מלון בוטיק סנו פרש,"יצרן מכשיר: זובלה,",IL,מכשיר אוטומטי לבישום,מיליליטרים,250.00,"100 מ""ל",false,,47.90,19.1600,true,1,327081
7290108352672,false,מטלית הפלא לריצפה זוג סנו סושי,סנו מפעלי ברונוס.,CN,סנו סושי זוג מטלית ה,יחידה,0.00,יחידה,false,,20.90,0.0000,true,1,90442
7290108352689,false,סנו סושי כריות קרצוף ללכלוך קשה 9 יח',טרופיקל דגיל תעשיות,US,כריות קרצוף ללכלוך ק,יחידה,0.00,יחידה,false,,10.90,0.0000,true,1,32986
7290108353402,false,צמד מברשות שיניים עם סיבי פחם דקים במיוחד,יבואן ומשווק: ש. שסט,CN,צמד מברשות שיניים או,יחידה,0.00,יחידה,false,,21.90,0.0000,true,1,211689
7290108353501,false,סנו סושי שקיות אשפה עם ידיות 25 יח' XXL,טרופיקל דגיל תעשיות,TR,שקיות אשפה עם ידיות,יחידה,0.00,יחידה,false,,21.90,0.0000,true,1,201348
7290108353532,false,"שקיות אשפה נשלפות עם שרוך 65*54 ס""מ L",סנו סושי,IL,שקיות אשפה בגליל סנו,יחידה,0.00,יחידה,false,,34.90,0.0000,true,1,201349
7290108353549,false,נייר אפיה סנו סושי 100 יח',"טופ פלסט 2002 בע""מ",IL,נייר אפיה סנו סושי 1,יחידה,0.00,יחידה,false,,22.90,0.0000,true,1,201350
7290108353556,false,נייר טואלט סופט שלוש שכבות 32 גלילים סנו,טרופיקל דגיל תעשיות,IL,נייר טואלט סנו סופט,יחידה,0.00,יחידה,false,,47.90,0.0000,true,1,232719
7290108354270,false,מרכך כביסה מרוכז בבישום עוצמתי 1 ל' סנו מקסימה,מיוצר עי קונדיטוריית,IL,מרכך בבישום עוצמתי מ,ליטרים,1.00,ליטר,false,,18.90,18.9000,true,1,360643
7290108354591,false,"תחליב רחצה בניחוח מי קקטוס ושמן באבאסו 750 מ""ל נקה 7",סנו,IL,תחליב רחצה ביו נקה,מיליליטרים,750.00,"100 מ""ל",false,,12.90,1.7200,true,1,443432
7290108356113,false,"כיף תחליב רחצה דבש 700 מ""ל-מרכז",קוסמופארם בעמ,IL,תחליב רחצה דבש כיף 7,מיליליטרים,700.00,"100 מ""ל",false,,12.90,1.8429,true,1,135364
7290108356137,false,"כיף - תחליב רחצה לבנדר 700 מ""ל",קריות זול,IL,תחליב רחצה לבנדר כיף,מיליליטרים,700.00,"100 מ""ל",false,,12.90,1.8429,true,1,135366
7290108356489,false,"כיף - תחליב רחצה אפרסק וחמאת מורומורו 700 מ""ל",קוסמופארם,IL,תחליב רחצה אפרסק וחמ,מיליליטרים,700.00,"100 מ""ל",false,,12.90,1.8429,true,1,414200
7290108357288,false,אקונומיקה ז'אוול בניחוח פריחה לבנה 4 ל' סנו,סנו ז'אוול Javel,IL,סנו ז'אוול בניחוח פר,ליטרים,4.00,ליטר,false,,17.90,4.4750,true,1,402026
7290108357707,false,"כיף שמפו לשיער רגיל-תפוח זרעי צ'יה 700 מ""ל",גוד פוד פרודקטס S.p,IL,שמפו לשיער רגיל תפוח,מיליליטרים,700.00,"100 מ""ל",false,,13.90,1.9857,true,1,137709
7290108357714,false,"כיף שמפו לשיער יבש -רימונים ושמן ארגן 700 מ""ל",גוד פוד פרודקטס S.p,IL,שמפו לשיער יבש רימונ,מיליליטרים,700.00,"100 מ""ל",false,,13.90,1.9857,true,1,137710
7290108358087,false,"תחליב רחצה קרמה מאסק 700 מ""ל",גוד פוד פרודקטס S.p,IL,קרמה תחליב רחצה מאסק,מיליליטרים,700.00,"100 מ""ל",false,,17.90,2.5571,true,1,265265
7290108358124,false,דפי בישום לחים למייבש הכביסה בניחוח מרכך כביסה 20 יח' מקסימה,קוסמופארם,IL,דפי בישום לחים למייב,יחידה,0.00,יחידה,false,,13.90,0.0000,true,1,498504
7290108359008,false,סושי שקיות זיפר עם סליידר 15 יח לארג',,,שקיות זיפר עם סליידר,יחידה,0.00,יחידה,false,,15.90,0.0000,true,1,387258
7290108359060,false,כריות לניקוי כלים לשבת סנו סושי 4 יח',סנו,IL,כריות ניקוי לשבת 4 י,יחידה,0.00,יחידה,false,,12.90,0.0000,true,1,362483
7290108359176,false,סנו סופט ממחטות אף תלת שכבתיות עשירות בלחות,סנו סופט Soft,IL,סנו סופט ממחטות אף ת,יח',200.00,יח',false,,14.90,0.0745,true,1,501211
7290108359190,false,סושי מגבת הפלא 4 יח' = 12 גליל ארוך פי 3,סנו סושי,IL,סנו סושי מגבות הפלא,יחידה,0.00,יחידה,false,,27.90,0.0000,true,1,503109
7290108359985,false,סנו - ז'אוול מרסס קצף לניקוי וחינו בניחוח פריחה לבנה 1 ליטר,סנו ז'אוול Javel,IL,אקונומיקה מרסס עם ממ,ליטרים,1.00,ליטר,false,,19.90,19.9000,true,1,402120
7290108501353,false,אנשובי פילה ארוך בשמן ויליפוד 50 ג',,,פילה אנשובי ארוך בשמ,גרמים,45.00,100 גרם,false,,7.90,17.5556,true,1,114772
7290108501971,false,חטיף בוטנים ומשמש הפי נאטס מארז 35X4ג',וילי פוד,GR,חטיף שקדים ומשמש HAP,גרמים,140.00,100 גרם,false,,13.90,9.9286,true,1,125108
7290108502305,false,גבינת גרדה פדנו משולש 150 גר`וילי פוד,וילי פוד,IT,גבינת גרנה פדנו משול,גרמים,150.00,100 גרם,false,,19.90,13.2667,true,1,133482
7290108502541,false,גבינת שמנת טבעי 200ג' EURO CHEESE,קסוס אל פסטור,TR,גבינת שמנת טעם טבעי,גרמים,200.00,100 גרם,false,,13.90,6.9500,true,1,131136
7290108502763,false,גבינת קממבר 200 גרם,,,גבינה קממבר 200 גרם,גרמים,200.00,100 גרם,false,,22.90,11.4500,true,1,128743
7290108504378,false,גבינת שמנת עם זיתים 200 ג' - EURO CHEESE,אטלסר ואלפרי,DE,גבינת שמנת עם זיתים,גרמים,200.00,100 גרם,false,,13.90,6.9500,true,1,206936
7290108504699,false,נתחי טונה בשמן קנולה רביעיה * 160 ג' וילי פוד,וילי פוד,,נתחי טונה בשמן קנולה,גרמים,640.00,100 גרם,false,,24.60,3.8438,true,1,213180
7290108505153,false,יוגורט בטעם טבעי 2% שומן 150 ג',Euro יורו מחלבות אירופה,GR,יוגורט יווני בטעם טב,גרמים,150.00,100 גרם,false,,5.90,3.9333,true,1,234859
7290108505177,false,יוגורט עם אננס 0% שומן 150 ג',Euro יורו מחלבות אירופה,GR,יוגורט יווני עם אננס,גרמים,150.00,100 גרם,false,,5.90,3.9333,true,1,234879
7290108505184,false,יוגורט עם קוקוס 5% שומן 150 ג',Euro יורו מחלבות אירופה,GR,יוגורט יווני עם קוקו,גרמים,150.00,100 גרם,false,,5.90,3.9333,true,1,234880
7290108505191,false,יוגורט עם פצפוצי שוקולד 5% שומן 150 ג',Euro יורו מחלבות אירופה,GR,י.יווני עם פצפוצי שו,גרמים,150.00,100 גרם,false,,5.90,3.9333,true,1,234881
7290108505207,false,יוגורט עם אוכמניות 0% שומן 150 ג',Euro יורו מחלבות אירופה,GR,יוגורט יווני עם אוכמ,גרמים,150.00,100 גרם,false,,5.90,3.9333,true,1,234882
7290108505740,false,גבינת קשקבל קשה למחצה 25% שומן,Euro יורו מחלבות אירופה,TR,גבינת קשקבל חצי קשה,גרמים,200.00,100 גרם,false,,17.90,8.9500,true,1,234620
7290108507065,false,גבינת פרמגיאנו רגיאנ,זנאתי,IT,גבינת פרמגיאנו רגיאנ,גרמים,100.00,100 גרם,false,,17.90,17.9000,true,1,297995
7290108507645,false,ביסקויט פריך בשוקולד מריר 100 גרם -קהילות,מודרן צוקולטה,TR,ביסקויט פריך בשוקולד,גרמים,100.00,100 גרם,false,,7.90,7.9000,true,1,396028
7290108507652,false,ביסקויט פריך בשוקולד לבן 100 גרם -קהילות,מודרן צוקולטה,TR,ביסקויט פריך בשוקולד,גרמים,100.00,100 גרם,false,,7.90,7.9000,true,1,396029
7290108508444,false,גבינת טולום חצי קשה,,,גבינת טולום חצי קשה,גרמים,200.00,100 גרם,false,,20.90,10.4500,true,1,297980
7290108508499,false,"איירן משקה יוגורט בסגנון טורקי יורו 293 מ""ל",Euro יורו מחלבות אירופה,TR,משקה יוגורט בסגנון ט,גרמים,293.00,100 גרם,false,,5.90,2.0137,true,1,297948
7290108509113,false,"גבינה בולגרית מעודנת 18% שומן 250 גרם חת""ס פ""ת",Euro יורו מחלבות אירופה,TR,גבינה בולגרית מעודנת,גרמים,250.00,100 גרם,false,,13.90,5.5600,true,1,320663
7290108509199,false,גבינת פטה 17% שומן יורו 500 ג',קוליוס,TW,גבינה פטה 500 גרם -,גרמים,500.00,100 גרם,false,,24.90,4.9800,true,1,322279
7290108509212,false,ויליפוד חטיף אורז אפוי בטעם ירקות לתינוקות 50 גר',,,חטיף אורז אפוי לתינו,גרמים,50.00,100 גרם,false,,12.90,25.8000,true,1,382153
7290108509250,false,"אנטיפסטי ארטישוק+עגבניות מיובשות וצלפים בשמן חמניות 380 מ""ל",,,אנטיפסטי ארטישוק עג,גרמים,580.00,100 גרם,false,,22.90,3.9483,true,1,315370
7290108509595,false,גבינה מלוחה עם ריחן 24% 153גרם,,GR,גבינה מלוחה עם עגבני,גרמים,153.00,100 גרם,false,,17.90,11.6993,true,1,508215
7290108509700,false,אורז פרסי דאווט 1 קג,אל טי פוד,IN,"אורז פרסי 1 ק""ג DAAW",קילוגרמים,1.00,"ק""ג",false,,12.90,12.9000,true,1,363459
7290108970708,false,מטריה מתקפלת אוטומטי,,,מטריה מתקפלת אוטומטי,יחידה,0.00,יחידה,false,,49.90,0.0000,true,1,355048
7290108970753,false,מטריה סופר מיני אוטו,,,מטריה סופר מיני אוטו,גרמים,405.00,100 גרם,false,,39.90,9.8519,true,1,261498
7290109351025,false,מלך החומוס חומוסטחינה 40% טחינה גולמית,סלטי צבר,IL,מלך החומוס חומוס טחי,גרמים,400.00,100 גרם,false,,14.90,3.7250,true,1,22249
7290109354057,false,קרחוני לה פרוטה La Frutta בטעמי אננס תפוז- 5 יח',תות תעשיות מזון (201,IL,"מאגדת 5 י""ח לה פרוטה",גרמים,350.00,100 גרם,false,,29.90,8.5429,true,1,17165
7290109354101,false,לחמית ללא גלוטן 200 ג' אסם,אסם,IL,לחמית ללא גלוטן 200,גרמים,200.00,100 גרם,false,,11.90,5.9500,true,1,84356
7290109580067,false,"טחון וונדרס 0% בשר , טבעוני",זוגלובק וונדרס Wonders,,טחון מן הצומח וונדרס,גרמים,340.00,100 גרם,false,,35.90,10.5588,true,1,296451
7290109580104,false,פסטרמה פרימיום רוסטביף 150 גר',זוגלובק,IL,רוסטביף זוגלובק פרמי,גרמים,150.00,100 גרם,false,,27.90,18.6000,true,1,297763
7290109580166,false,פרימיום סרוולד קלאסי זוגלובק 150 ג',זוגלובק,IL,סרוולד קלאסי זוגלובק,גרמים,150.00,100 גרם,false,,27.90,18.6000,true,1,297767
7290109580227,false,נקניקיות עוף ובקר בסגנון ברלינאי קאריוורסט,זוגלובק,IL,נקנקיות ריינהולד'ס ק,גרמים,300.00,100 גרם,false,,22.90,7.6333,true,1,377861
7290109580241,false,נאגטס מן הצומח 500 ג' זוגלובק,זוגלובק טבע,IL,נאגטס מן הצומח זוגלו,גרמים,500.00,100 גרם,false,,27.90,5.5800,true,1,443340
7290109580319,false,"בורגר וונדרס 0% בשר , טבעוני",זוגלובק וונדרס Wonders,IL,בורגר מן הצומח וונדר,גרמים,280.00,100 גרם,false,,35.90,12.8214,true,1,385981
7290109580432,false,פסטרמה חזה הודו מעושן 120 גר' זוגלובק,זוגלובק,IL,פסטרמה אקסטרה מעושנת,גרמים,120.00,100 גרם,false,,14.90,12.4167,true,1,443555
7290109640464,false,פתיתים טבעוניים בסגנ,"טרופיקל דגיל בע""מ אז",IL,פתיתים טבעוניים בסגנ,גרמים,150.00,100 גרם,false,,20.90,13.9333,true,1,353015
7290109640785,false,מאפה פילאס טבעוני במילוי בסגנון פיצה,סנו מפעלי ברונוס.,IL,מאפה פילאס טבעוני במ,גרמים,600.00,100 גרם,false,,24.90,4.1500,true,1,353061
7290109920146,false,"דורגול מסיר אבנית מקומקומים 750 מ""ל",דורינג,,דורגול מסיר אבן לקומ,מיליליטרים,750.00,"100 מ""ל",false,,23.90,3.1867,true,1,12198
7290109920627,false,"אסטוניש קרם ואקונומיקה לניקוי אמבטיות 500 מ""ל",אסטוניש,GB,"אסטוניש קרם 500 מ""ל",מיליליטרים,500.00,"100 מ""ל",false,,14.90,2.9800,true,1,113036
7290110058814,false,ביצי שוקולד סמיילי שלישייה,מונדזיר,,שלישיית ביצי שוקולד,גרמים,60.00,100 גרם,false,,15.90,26.5000,true,1,36614
7290110110659,false,"ספרייט לימון ליים פחית 330מ""ל",החברה המרכזית לייצור,IL,סליק ספרייט חדש 330,מיליליטרים,330.00,"100 מ""ל",false,,5.70,1.7273,true,1,115060
7290110114787,false,נביעות + תפוח 1.5 ליטר פיקדון,נביעות טבע הגליל בעמ,IL,נביעות + תפוח 1.5 לי,ליטרים,1.50,ליטר,false,,10.90,7.2667,true,1,364987
7290110114794,false,נביעות + אפרסק 1.5 ליטר פיקדון,"נביעות טבע הגליל בע""",IL,נביעות + אפרסק 1.5 ל,ליטרים,1.50,ליטר,false,,10.90,7.2667,true,1,364988
7290110114800,false,נביעות + ענבים 1.5 ליטר פיקדון,"נביעות טבע הגליל בע""",IL,נביעות + ענבים 1.5 ל,ליטרים,1.50,ליטר,false,,10.90,7.2667,true,1,365004
7290110114855,false,"נביעות מים מינרליים, שישיה 6 * 1.5 ליטר פקדון",נביעות טבע הגליל בעמ,IL,מי נביעות שישייה 1.5,ליטרים,9.00,ליטר,false,,14.90,1.6556,true,1,365048
7290110114893,false,מיץ סחוט תפוז 2 ל' פריגת,פריגת,IL,פריגת סחוט תפוזים 2,ליטרים,2.00,ליטר,false,,30.30,15.1500,true,1,364876
7290110114954,false,מיץ תפוזים מתקתקים 100% 2 ל' פריגת,פריגת,IL,מיץ תפוזים מתקתק 100,ליטרים,2.00,ליטר,false,,24.20,12.1000,true,1,364910
7290110114961,false,מיץ בטעם תפוזים 1.5ל' פריגת,מבשלות בירה בינלאומי,IL,פריגת תפוזים 1.5 ליט,ליטרים,1.50,ליטר,false,,9.90,6.6000,true,1,365063
7290110114985,false,פריגת אשכולית 1.5 ליטר פיקדון,מבשלות בירה בינלאומי,IL,פריגת אשכולית 1.5 לי,ליטרים,1.50,ליטר,false,,9.90,6.6000,true,1,365079
7290110114992,false,פריגת light אשכולית 1.5 ליטר פיקדון,מבשלות בירה בינלאומי,IL,פריגת דיאט אשכולית 1,ליטרים,1.50,ליטר,false,,9.90,6.6000,true,1,365080
7290110115005,false,פריגת ענבים 1.5 ליטר פיקדון,מבשלות בירה בינלאומי,IL,פריגת ענבים 1.5 ליטר,ליטרים,1.50,ליטר,false,,9.90,6.6000,true,1,365095
7290110115012,false,מיץ ענבים בניחוח מרלו 1.5 ל' פריגת,פריגת,IL,פריגת ענבים בניחוח מ,ליטרים,1.50,ליטר,false,,9.90,6.6000,true,1,365110
7290110115036,false,פריגת מנגו 1.5 ליטר פיקדון,מבשלות בירה בינלאומי,IL,פריגת מנגו 1.5 ליטר,ליטרים,1.50,ליטר,false,,9.90,6.6000,true,1,365140
7290110115043,false,פריגת לימונענע 1.5 ליטר פיקדון,מבשלות בירה בינלאומי,IL,פריגת לימונענע 1.5 ל,ליטרים,1.50,ליטר,false,,9.90,6.6000,true,1,365141
7290110115050,false,פריגת מיקס תות בננה 1.5 ליטר פיקדון,מבשלות בירה בינלאומי,IL,פריגת מיקס תות בננה,ליטרים,1.50,ליטר,false,,9.90,6.6000,true,1,365142
7290110115081,false,פריגת צלול ענבים 1.5 ליטר פיקדון,מבשלות בירה לישראל ב,IL,פריגת צלול ענבים 1.5,ליטרים,1.50,ליטר,false,,9.90,6.6000,true,1,365196
7290110115128,false,פריגת צלול בטעם לימונענע 1.5 ליטר פיקדון,מבשלות בירה לישראל ב,IL,פריגת צלול בטעם לימו,ליטרים,1.50,ליטר,false,,9.90,6.6000,true,1,365218
7290110115180,false,מים מינרליים נביעות,"נביעות טבע הגליל בע""",IL,נביעות 1.5 ליטר,ליטרים,1.50,ליטר,false,,4.20,2.8000,true,1,380196
7290110115203,false,קוקה קולה 1.5 ליטר פיקדון,קוקה קולה Coca Cola,IL,קוקה קולה 1.5 ליטר,ליטרים,1.50,ליטר,false,,9.50,6.3333,true,1,365252
7290110115210,false,דיאט קוקה קולה 1.5 ליטר פיקדון,קוקה קולה Coca Cola,IL,דיאט קוקה קולה 1.5 ל,ליטרים,1.50,ליטר,false,,9.90,6.6000,true,1,365253
7290110115227,false,קולה ZERO 1.5 ליטר פיקדון,קוקה קולה Coca Cola,IL,קוקה קולה זירו בקבוק,ליטרים,1.50,ליטר,false,,9.90,6.6000,true,1,365254
7290110115234,false,קולה ZERO נטול 1.5 ליטר פיקדון,החברה המרכזית לייצור,IL,קולה ZERO נטול 1.5 ל,ליטרים,1.50,ליטר,false,,9.90,6.6000,true,1,365255
7290110115241,false,קוקה קולה זירו לימון 1.5 ליטר,החברה המרכזית לייצור,IL,קולה ZERO לימון 1.5,ליטרים,1.50,ליטר,false,,9.90,6.6000,true,1,365256
7290110115265,false,ספרייט 1.5 ליטר LIME פיקדון,החברה המרכזית לייצור,IL,ספרייט 1.5 ליטר LIME,ליטרים,1.50,ליטר,false,,9.00,6.0000,true,1,365334
7290110115272,false,ZERO ספרייט זירו 1.5 ליטר פיקדון,החברה המרכזית לייצור,IL,ספרייט זירו 1.5 ליטר,ליטרים,1.50,ליטר,false,,9.90,6.6000,true,1,365349
7290110115296,false,פאנטה אורנג' 1.5 ליטר פיקדון,החברה המרכזית לייצור,IL,פאנטה אורנג' 1.5 ליט,ליטרים,1.50,ליטר,false,,10.50,7.0000,true,1,365395
7290110115302,false,פאנטה ZERO אורנג' 1.5 ליטר פיקדון,החברה המרכזית לייצור,IL,פאנטה זירו בטעם אורנ,ליטרים,1.50,ליטר,false,,10.50,7.0000,true,1,365396
7290110115319,false,פאנטה אקזוטיק 1.5 ליטר פיקדון,החברה המרכזית לייצור,IL,פאנטה אקזוטיק 1.5 לי,ליטרים,1.50,ליטר,false,,10.50,7.0000,true,1,365413
7290110115340,false,פאנטה ענבים 1.5 ליטר פיקדון,קוקה קולה,IL,פאנטה ענבים 1.5 ליטר,ליטרים,1.50,ליטר,false,,10.50,7.0000,true,1,365430
7290110115357,false,קינלי סודה 1.5 ליטר פיקדון,קריות זול,,קינלי סודה 1.5 ליטר,ליטרים,1.50,ליטר,false,,5.50,3.6667,true,1,365445
7290110115364,false,קוקה קולה שישיות 1.5 ליטר פיקדון,החברה המרכזית לייצור,IL,קוקה קולה 6*1.5 ליטר,ליטרים,9.00,ליטר,false,,52.90,5.8778,true,1,365258
7290110115395,false,ZERO ספרייט שישיות 1.5 ליטר פיקדון,החברה המרכזית לייצור,IL,ספרייט זירו 6* 1.5 ל,ליטרים,9.00,ליטר,false,,50.70,5.6333,true,1,365380
7290110115418,false,מארז שישייה קוקה קולה זירו 1.5 ל',החברה המרכזית לייצור,IL,קוקה קולה זירו שישיי,ליטרים,9.00,ליטר,false,,49.90,5.5444,true,1,365275
7290110115425,false,FUZE TEA גרין לימונענע -נענע 1.5 ליטר פיקדון,מבשלות בירה בינלאומי,IL,פיוז טי לימון נענע 1,ליטרים,1.50,ליטר,false,,10.50,7.0000,true,1,365446
7290110115449,false,אייס תה בטעם מנגו אננס 1.5ל' FUZE TEA,מבשלות בירה בינלאומי,IL,פיוז טי מנגו אננס 1.,ליטרים,1.50,ליטר,false,,10.50,7.0000,true,1,365448
7290110115456,false,"תה קר בטעם אפרסק 19 קלוריות ב- 100 מ""ל",מבשלות בירה בינלאומי,IL,פיוז טי אפרסק 19 קל,ליטרים,1.50,ליטר,false,,10.50,7.0000,true,1,365465
7290110115463,false,אייס תה בטעם אפרסק 1.5ל' FUZE TEA,מבשלות בירה בינלאומי,IL,פיוז טי אפרסק 1.5 לי,ליטרים,1.50,ליטר,false,,10.50,7.0000,true,1,365466
7290110115869,false,קוקה קולה זירו 1.5 ליטר פיקדון,תות תעשיות מזון (201,IL,קוקה קולה זירו בקבוק,ליטרים,1.50,ליטר,false,,9.90,6.6000,true,1,489663
7290110116200,false,מים 0 קלוריות בטעם לימון-ליים 0.5 ל נביעות,"נביעות טבע הגליל בע""",IL,נביעות+ פרי בטעם מנג,מיליליטרים,500.00,"100 מ""ל",false,,7.20,1.4400,true,1,460522
7290110116507,false,מיץ מיקס אננה בננה אגס 1 ל' פריגת,גת,IL,פריגת סחוט MIX אננס,ליטרים,1.00,ליטר,false,,15.90,15.9000,true,1,480700
7290110116514,false,"פריגת מיקס תות בננה 400 מ""ל",פריגת,IL,פריגת סחוט MIX תות ב,מיליליטרים,400.00,"100 מ""ל",false,,9.90,2.4750,true,1,497966
7290110116521,false,"פריגת מיקס אפרסק ומשמש 400 מ""ל",פריגת,IL,פריגת סחוט MIX אפרסק,מיליליטרים,400.00,"100 מ""ל",false,,9.90,2.4750,true,1,497935
7290110320850,false,פתיתים גבינה חצי קשה מגורדת 28% שומן,תנובה מרכז שיתופי לש,IL,עמק פתיתים 200 גרם,גרמים,200.00,100 גרם,false,,16.90,8.4500,true,1,102930
7290110320867,false,פתיתים גבינה חצי קשה מגורדת 28% שומן,תנובה מרכז שיתופי לש,IL,עמק פתיתים למאפים 28,גרמים,500.00,100 גרם,false,,38.90,7.7800,true,1,98626
7290110321031,false,מעדן חלב GO יוגורט מועשר בחלבון טבעי 200 ג' יופלה,"תנובה, מחלבת אלון תב",IL,יופלה גו 200 גרם תנו,גרמים,200.00,100 גרם,false,,6.90,3.4500,true,1,98572
7290110321277,false,קוטג' בקטנה % 5 100 ג' תנובה,פארייפאבה אגרואינדוס,IL,קוטג' תנובה בקטנה 5,גרמים,100.00,100 גרם,false,,2.90,2.9000,true,1,107834
7290110321284,false,קוטג' בקטנה 9% 100 ג' תנובה,פארייפאבה אגרואינדוס,IL,קוטג' תנובה בקטנה 9,גרמים,100.00,100 גרם,false,,2.90,2.9000,true,1,107835
7290110321680,false,יוגורט GO בטעם תות 20 גרם חלבון בגביע,מיוצר עי קונדיטוריית,IL,יופלה גו בטעם תות 20,גרמים,200.00,100 גרם,false,,6.20,3.1000,true,1,111336
7290110321697,false,יוגורט GO בטעם אפרסק 20 גרם חלבון בגביע,מיוצר עי קונדיטוריית,IL,יופלה גו בטעם אפרסק,מיליליטרים,200.00,"100 מ""ל",false,,6.20,3.1000,true,1,111337
7290110321703,false,יוגורט GO בטעם פירות יער 20 גרם חלבון בגביע,מיוצר עי קונדיטוריית,IL,יופלה גו בטעם פרות י,מיליליטרים,200.00,"100 מ""ל",false,,6.20,3.1000,true,1,124201
7290110321789,false,גבינת מסקרפונה 38% השף הלבן 250 ג',תנובה,IL,גבינת מסקרפונה 38% ש,גרמים,250.00,100 גרם,false,,22.90,9.1600,true,1,121749
7290110322014,false,טופו בטעם טבעי תנובה ALTERNATIVE,שוורצקוף& הנקל דיסלד,IL,טופו טבעי 300 גרם,גרמים,300.00,100 גרם,false,,14.50,4.8333,true,1,124209
7290110322038,false,טופו פיקנטי תנובה ALTERNATIVE,שוורצקוף& הנקל דיסלד,IL,טופו פיקנטי 300 גרם,גרמים,300.00,100 גרם,false,,14.50,4.8333,true,1,124211
7290110323585,false,יופלה יוגורט עם דובדבן מופחת קלוריות 200 ג' GO,יופלה Yoplait,,יופלה GO לייט עם דוב,גרמים,200.00,100 גרם,false,,6.20,3.1000,true,1,135746
7290110323714,false,משקה קוקוס שקדים תנובה E אלטרנטיב,מיוצר עי קונדיטוריית,IL,תנובה משקה קוקוס שקד,יחידה,0.00,יחידה,false,,15.50,0.0000,true,1,136969
7290110324353,false,יוגורט GO לייט בטעם אננס 20 גרם חלבון בגביע,"תנובה בע""מ",IL,יופלה גו לייט בטעם א,גרמים,200.00,100 גרם,false,,6.20,3.1000,true,1,142260
7290110324551,false,יופלה טיוב יוגורט במרקם חלק בטעם תות 348 ג',יופלה Yoplait,IL,יופלה טיוב יוגורט במ,מיליליטרים,348.00,"100 מ""ל",false,,14.90,4.2816,true,1,141436
7290110324711,false,ממרח סויה בטעם טבעי 9% שומן אלטרנטיב,מיוצר עי קונדיטוריית,IL,ממרח סויה 9% בטעם טב,גרמים,250.00,100 גרם,false,,10.90,4.3600,true,1,143818
7290110324841,false,מעדן שקדים עם שוקולד מריר אלטרנטיב,מיוצר עי קונדיטוריית,IL,מעדן שקדים עם שוקולד,גרמים,125.00,100 גרם,false,,4.90,3.9200,true,1,205592
7290110324858,false,מעדן שקדים בטעם אגוזי לוז אלטרנטיב,תנובה Alternative,IL,מעדן שקדים בטעם אגוז,גרמים,125.00,100 גרם,false,,4.90,3.9200,true,1,205593
7290110324872,false,גבינה צהובה גלבוע 5% שומן 200 גרם,גלבוע - תנובה,IL,גלבוע גבינה פרוסה 5%,גרמים,200.00,100 גרם,false,,20.90,10.4500,true,1,205253
7290110324926,false,משקה סויה ללא תוספת סוכר E אלטרנטיב,תנובה מרכז שיתופי לש,IL,משקה סויה ללא תוספת,יחידה,0.00,יחידה,false,,13.50,0.0000,true,1,193390
7290110325169,false,פרוסות גבינת גאודה 30%,תנובה,IL,פרוסות גאודה 170 גרם,גרמים,170.00,100 גרם,false,,19.90,11.7059,true,1,224026
7290110325305,false,מעדן סויה GO מועשר בחלבון במתיקות מעודנת,מיוצר עי קונדיטוריית,IL,יופלה סויה גו 20 גרם,גרמים,200.00,100 גרם,false,,6.20,3.1000,true,1,197606
7290110325312,false,מעדן סויה GO מועשר בחלבון בטעם תות,"תנובה בע""מ",IL,יופלה סויה גו 20 גרם,גרמים,200.00,100 גרם,false,,6.20,3.1000,true,1,197607
7290110325619,false,משקה שיבולת שועל תנובה E אלטרנטיב,מיוצר עי קונדיטוריית,IL,תנובה משקה שיבולת שו,יחידה,0.00,יחידה,false,,15.50,0.0000,true,1,208279
7290110325893,false,משקה חלב GO מועשר בחלבון בטעם אייס קפה,מיוצר עי קונדיטוריית,IL,משקה תנובה GO אייס ק,גרמים,340.00,100 גרם,false,,7.90,2.3235,true,1,208281
7290110326173,false,יולו COOKIES שוקולדלבן בטעם קרם עוגיות+עוגיות ונטיפי שוקולד 120 ג',תנובה,IL,יולו קוקיז ש.לבן בטע,גרמים,120.00,100 גרם,false,,5.60,4.6667,true,1,232297
7290110326227,false,יוגורט און טופ קורנפלקס 157 ג' יופלה,מיוצר עי קונדיטוריית,IL,יופלה און טופ קורנפל,גרמים,157.00,100 גרם,false,,5.90,3.7580,true,1,224010
7290110326234,false,יוגורט און טופ כוכבים 157 ג' יופלה,מיוצר עי קונדיטוריית,IL,יופלה און טופ כוכבים,גרמים,157.00,100 גרם,false,,5.90,3.7580,true,1,224011
7290110326241,false,יופלה און טופ גרנולה 157 גרם.,מיוצר עי קונדיטוריית,IL,יופלה און טופ גרנולה,יחידה,157.00,יחידה,false,,5.90,0.0376,true,1,224012
7290110326876,false,לאבנה עיזים פיראוס 2,Unknown,,לאבנה עיזים פיראוס 2,גרמים,250.00,100 גרם,false,,19.50,7.8000,true,1,497341
7290110326906,false,חלב נטול לקטוז 3% 1 ליטר,מיוצר עי קונדיטוריית,IL,חלב נטול לקטוז 3% שו,ליטרים,1.00,ליטר,false,,7.90,7.9000,true,1,274866
7290110327279,false,גבינת שמנת בסגנון טוסקנה נפוליאון 24% שומן 225 ג',תנובה מרכז שיתופי לש,IL,נפוליאון טוסקנה 25%,גרמים,225.00,100 גרם,false,,16.50,7.3333,true,1,254799
7290110327514,false,משקה שיבולת שועל בטעם אגוזי לוז 1 ליטר אלטרנטיב,תנובה מרכז שיתופי לש,IL,משקה שיבולת שועל בטע,יחידה,0.00,יחידה,false,,15.50,0.0000,true,1,329610
7290110327545,false,מעדן און טופ תות פצפוצים מצופים שוקולד 157ג' יופלה,מיוצר עי קונדיטוריית,IL,יופלה און טופ בטעם ת,גרמים,157.00,100 גרם,false,,5.90,3.7580,true,1,274967
7290110327804,false,חטיף חלבון GO - עוגיות 60 ג' חלב נוכרי - רבנות,"בלמונט קונפקציות בע""",US,GO חטיף חלבון בטעם ב,גרמים,60.00,100 גרם,false,,14.90,24.8333,true,1,315623
7290110327811,false,חטיף חלבון GO - קוקוס 60 ג' חלב נוכרי - רבנות,"בלמונט קונפקציות בע""",US,GO חטיף חלבון עם קוק,גרמים,60.00,100 גרם,false,,14.90,24.8333,true,1,315624
7290110328016,false,משקה סויה מועשר בחלבון בטעם אגוזי לוז 250 גרם,תנובה מרכז שיתופי לש,IL,משקה סויה מעושר בחלב,גרמים,250.00,100 גרם,false,,6.90,2.7600,true,1,286422
7290110328221,false,יוגורט תנובה נטול לקטוז 200 ג',מיוצר עי קונדיטוריית,IL,יוגורט תנובה נטול לק,גרמים,200.00,100 גרם,false,,4.90,2.4500,true,1,291678
7290110328436,false,פלח גאודה עיזים - מעודן 150 גרם - רבנות,"תנובה בע""מ",IL,פלח גאודה עיזים בטעם,גרמים,150.00,100 גרם,false,,22.90,15.2667,true,1,303051
7290110328580,false,יוגורט ביו 5% 200 ג' תנובה,מיוצר עי קונדיטוריית,IL,יוגורט טבעי תנובה 5%,גרמים,200.00,100 גרם,false,,3.50,1.7500,true,1,386100
7290110328627,false,יוגורט יופלה GO במרקם סמיך בטעם בננה קרמל 0%,מיוצר עי קונדיטוריית,IL,יוגורט גו סמיך 0% בנ,גרמים,200.00,100 גרם,false,,6.20,3.1000,true,1,318985
7290110328641,false,טופו טבעי 500 ג אלטרנטיב 2*250 גרם,תנובה,IL,טופו טבעי 2 יחידות,גרמים,500.00,100 גרם,false,,19.90,3.9800,true,1,335314
7290110328764,false,יוגורט יופלה GO במרקם סמיך עם תות 0%,מיוצר עי קונדיטוריית,IL,יוגורט גו סמיך 0% תו,גרמים,200.00,100 גרם,false,,6.20,3.1000,true,1,319003
7290110328771,false,יוגורט יופלה GO במרקם סמיך עם פירות יער 0%,מיוצר עי קונדיטוריית,IL,יוגורט גו סמיך 0% פי,גרמים,200.00,100 גרם,false,,6.20,3.1000,true,1,318986
7290110328788,false,יוגורט יופלה GO במרקם סמיך בטעם אפרסק 0%,תנובה מרכז שיתופי לש,IL,יוגורט גו סמיך 0% אפ,גרמים,200.00,100 גרם,false,,6.20,3.1000,true,1,318987
7290110329136,false,מעדן חלב מעושר בחלבון בטעם שוקולד 120 ג' GO,תנובה מרכז שיתופי לש,IL,מעדן חלב גו בטעם שוק,גרמים,120.00,100 גרם,false,,4.90,4.0833,true,1,369588
7290110329143,false,מעדן חלב מעושר בחלבון בטעם וניל גביע 120 ג' GO,תנובה מרכז שיתופי לש,IL,מעדן חלב גו בטעם וני,גרמים,120.00,100 גרם,false,,4.90,4.0833,true,1,369573
7290110329266,false,יוגורט תנובה מחלב עיזים מלא תנובה 140 ג',קריות זול,IL,יוגורט מחלב עיזים מל,גרמים,140.00,100 גרם,false,,6.90,4.9286,true,1,335343
7290110329273,false,יוגורט מחלב עיזים מלא תנובה 750 ג',תנובה,IL,יוגורט מחלב עיזים מל,גרמים,750.00,100 גרם,false,,20.90,2.7867,true,1,335400
7290110329303,false,פרוסות צהובה 200 גרם אלטרנטיב אלטרנטיב,תנובה Alternative,IL,פרוסות צהובה קלאסית,גרמים,200.00,100 גרם,false,,22.90,11.4500,true,1,369604
7290110329808,false,יוגורט סויה BIO Alternative תות 150 ג' תנובה,מיוצר עי קונדיטוריית,IL,סויה BIO תות גביע 15,גרמים,150.00,100 גרם,false,,5.80,3.8667,true,1,391938
7290110329815,false,סויה BIO מתיקות מעודנת גביע 150 גרם אלטרנטיב,מיוצר עי קונדיטוריית,IL,סויה BIO מתיקות מעוד,גרמים,150.00,100 גרם,false,,5.80,3.8667,true,1,391939
7290110329822,false,יוגורט סויה BIO Alternative פירות יער 150 ג' תנובה,מיוצר עי קונדיטוריית,IL,סויה BIO פירות יער ג,גרמים,150.00,100 גרם,false,,5.80,3.8667,true,1,391940
7290110329839,false,פרוסות צהובה בטעם זיתים 200 ג' אלטרנטיב אלטרנטיב,מיוצר עי קונדיטוריית,IL,פרוסות צהובה בטעם זי,גרמים,200.00,100 גרם,false,,22.90,11.4500,true,1,369891
7290110329846,false,יוגורט סויה BIO Alternative בטעם טבעי 150 ג' תנובה,תנובה Alternative,IL,סויה BIO טבעי גביע 1,גרמים,150.00,100 גרם,false,,5.80,3.8667,true,1,391941
7290110551254,false,נשנושי תירס טעם הטבע,,,נשנושי תירס 600 גרם,גרמים,600.00,100 גרם,false,,17.00,2.8333,true,1,476755
7290110552121,false,יוגורט בתוספת סידן וויטמין ד 100 ג' דנונה,תנובה מרכז שיתופי לש,IL,היוגורט הראשון שלי 5,גרמים,100.00,100 גרם,false,,2.50,2.5000,true,1,435030
7290110552220,false,יוגורט PRO בטעם תות 0% סוכר לבן 20 גרם חלבון בגביע,"שטראוס בריאות בע""מ",IL,דנונה PRO 20 גרם חלב,גרמים,200.00,100 גרם,false,,6.50,3.2500,true,1,385725
7290110552237,false,יוגורט פרו בטעם אפרסק מנגו ללא סוכר 200 ג' דנונה,"שטראוס בריאות בע""מ",IL,דנונה PRO 20 גרם חלב,גרמים,200.00,100 גרם,false,,6.50,3.2500,true,1,385710
7290110553029,false,"אנרג'י קריספס-פריכיות חומוס, עדשים ואפונה עם קייל וסלק","פרח תעשיו מזון בע""מ",IL,פריכיות חלבון קייל ח,גרמים,60.00,100 גרם,false,,12.90,21.5000,true,1,388604
7290110553036,false,קריספס-פריכיות עם אפונה ובטטה סגולה בטעם בצל מקורמל,"פרח תעשיו מזון בע""מ",IL,פרכית חלבון בטטה סגו,גרמים,60.00,100 גרם,false,,12.90,21.5000,true,1,388605
7290110553173,false,אנרג'י - פריכיות בטעם קרמל 40 גרם,סאנורייס בלגיום,IL,פריכיות אורז בטעם קר,גרמים,40.00,100 גרם,false,,8.90,22.2500,true,1,488230
7290110554583,false,מארז חטיפי צ'יטוס פאפס בטעם גבינה - 10 יחידות,שטראוס,IL,מארז צ'יטוס PUFFS בט,גרמים,200.00,100 גרם,false,,15.20,7.6000,true,1,378584
7290110554705,false,"קפסולות קפה יונילקו אספרסו קלוי וטחון, 10 * 50 ג'",שטראוס קפה בי.וי.,IL,"קפסולות שת""פ קפה 50",גרמים,50.00,100 גרם,false,,21.00,42.0000,true,1,482453
7290110555306,false,רבע לשבע טבעוני סינמון באן 25ג' עלית,הגביע מוצרי וופלים ב,IL,רבע לשבע טבעוני סינמ,גרמים,120.00,100 גרם,false,,13.90,11.5833,true,1,427343
7290110555665,false,קקאו דל שומן קופסא 220 ג' עלית,,,אבקת קקאו דל שומן 22,גרמים,220.00,100 גרם,false,,19.90,9.0455,true,1,496670
7290110555788,false,נסקפה קפוצ'ינו פחית וניל 200 ג' עלית,שטראוס,IL,אבקה להכנת משקה קפה,גרמים,200.00,100 גרם,false,,25.90,12.9500,true,1,496638
7290110556242,false,"שוקולד מריר פרווה 100 גר' בד""ץ תוצרת חוץ","שטראוס גרופ בע""מ.",IL,שוקולד מריר מעולה 10,גרמים,100.00,100 גרם,false,,6.30,6.3000,true,1,476436
7290110557027,false,חומוס עשיר 50% טחינה גולמית 400 ג' אחלה,מיוצר עי קונדיטוריית,IL,חומוס הסדרה עשיר ב50,גרמים,400.00,100 גרם,false,,15.90,3.9750,true,1,368826
7290110557102,false,מעדן חלב עם שוקולד מועשר בחלבון 150 ג' שטראוס,מיוצר עי קונדיטוריית,IL,מעדן פרו חלב עם שוקו,גרמים,150.00,100 גרם,false,,6.20,4.1333,true,1,353580
7290110557133,false,מעדן הגולן וניל 125 ג' שטראוס,מיוצר עי קונדיטוריית,IL,מעדן הגולן מעדן חלב,גרמים,125.00,100 גרם,false,,3.50,2.8000,true,1,363717
7290110557317,false,יוגורט בתוספת סידן וויטמין ד עם שיבולת שועל 100 ג' דנונה,תנובה מרכז שיתופי לש,IL,היוגורט הראשון שלי ש,גרמים,100.00,100 גרם,false,,2.50,2.5000,true,1,435031
7290110557478,false,חומוס גלילי במרקם מעודן 600 גרם,שטראוס,IL,חומוס גלילי אחלה 60,גרמים,600.00,100 גרם,false,,14.90,2.4833,true,1,414452
7290110557645,false,אנרג'י מיקס צימוקים חמוציות וש.לבן 100 גר שטראוס,Unknown,,מיקס מאגדת צימוקים ח,גרמים,100.00,100 גרם,false,,18.90,18.9000,true,1,451354
7290110558130,false,אקטיביה עם שיבולת שועל ודבש 150 ג' דנונה,"שטראוס בריאות בע""מ",IL,אקטיביה עם דבש ושיבו,גרמים,150.00,100 גרם,false,,5.10,3.4000,true,1,432679
7290110558215,false,"דנונה קראנצ`פיסטוק עם פיצפוץ לבן קראנצי פיסטוק, 173 גרם","שטראוס בריאות בע""מ",IL,דנונה קראנצ' בטעם פי,גרמים,173.00,100 גרם,false,,5.20,3.0058,true,1,478572
7290110558284,false,יוגורט ביו מולטי 200 ג' דנונה,"שטראוס בריאות בע""מ",IL,דנונה מולטי 3% שומן,מיליליטרים,200.00,"100 מ""ל",false,,4.70,2.3500,true,1,443355
7290110558666,false,מעדן גבינה בטעם תפוח 88 ג' דניאלה,"שטראוס בריאות בע""מ",IL,דניאלה בטעם תפוח 88,גרמים,88.00,100 גרם,false,,4.50,5.1136,true,1,478540
7290110558918,false,עלי חסה קראנצ שטופים,שטראוס בריאות ירקות,IL,עלי חסה קראנצ שטופים,גרמים,150.00,100 גרם,false,,11.50,7.6667,true,1,478151
7290110559748,false,ריל - מאגדת שקדים קוקוס ושוקולד מריר 35 גרם * 3,ואמואליס פודס,GR,מאגדת חטיף Real אנר,גרמים,105.00,100 גרם,false,,16.90,16.0952,true,1,451432
7290110560300,false,"הפריכיות הטעימות חומוס, עדשים שחורות, קינואה ופלפל שחור",אנרג'י Energy - שטראוס,IL,פריכיות משולשות פלפל,גרמים,30.00,100 גרם,false,,6.20,20.6667,true,1,136223
7290110560324,false,"הפריכיות הטעימות תפו""א, אורז, אפונה ומלח ים","פרח תעשיו מזון בע""מ",IL,פריכיות משולשות אפונ,גרמים,30.00,100 גרם,false,,6.20,20.6667,true,1,136225
7290110560836,false,מילקי פסק זמן מהדרין 133ג',מיוצר עי קונדיטוריית,IL,מילקי בטעם פסק זמן 1,מיליליטרים,170.00,"100 מ""ל",false,,3.10,1.8235,true,1,121706
7290110561352,false,דנונה יוגורט ביו פרוביוטי 3% דל לקטוז 150ג',"שטראוס בריאות בע""מ",IL,דנונה ביו דל לקטוז ב,גרמים,200.00,100 גרם,false,,4.10,2.0500,true,1,123711
7290110563462,false,חלב בבקבוק נטול לקטוז 2% יטבתה 1 ל',מחלבת יטבתה,IL,יטבתה חלב בבקבוק נטו,ליטרים,1.00,ליטר,false,,9.30,9.3000,true,1,139485
7290110564339,false,חומוס אחלה הסידרה המובחר 30% טחינה 400 גר',מיוצר עי קונדיטוריית,IL,חומוס הסדרה המובחרת,גרמים,400.00,100 גרם,false,,15.90,3.9750,true,1,112776
7290110564360,false,חומוס אחלה הסידרה המובחר 40% טחינה 400 גר',מיוצר עי קונדיטוריית,IL,חומוס אחלה עשיר ב 40,גרמים,400.00,100 גרם,false,,15.90,3.9750,true,1,112777
7290110564414,false,חומוס אחלה הסידרה המובחר 30% טחינה 600 גר',מיוצר עי קונדיטוריית,IL,חומוס הסדרה המובחרת,גרמים,600.00,100 גרם,false,,16.90,2.8167,true,1,112858
7290110565435,false,ג'לי לימבו פטל חלבי שטראוס 125ג',STRAUSS-ISRAEL,,לימבו בטעם פטל 0% שו,גרמים,125.00,100 גרם,false,,2.50,2.0000,true,1,110677
7290110565527,false,יוגורט PRO פרו 1.5% 20 גרם חלבון בגביע,"שטראוס בריאות בע""מ",IL,דנונה PRO 20 גרם חלב,גרמים,200.00,100 גרם,false,,6.50,3.2500,true,1,106760
7290110566975,false,דנונה פרו יוגורט 0% תות עשיר בחלבון 200ג',"שטראוס בריאות בע""מ",IL,דנונה PRO 20 גרם חלב,גרמים,200.00,100 גרם,false,,6.50,3.2500,true,1,123758
7290110568238,false,"קצפת צמחית 21% שומן 250 מ""ל יוטבתה",מחלבת יטבתה,IL,קצפת צימחית 21% במתי,מיליליטרים,250.00,"100 מ""ל",false,,8.90,3.5600,true,1,127748
7290110568276,false,משקה וניל פרו Pro מועשר בחלבון 1.5%,מילקוורק,DE,משקה פרו וניל יטבתה,מיליליטרים,350.00,"100 מ""ל",false,,7.30,2.0857,true,1,125101
7290110568627,false,עלית - פסק זמן רול שוקולד חלב עם קרם אגוזים 26 גרם,STRAUSS-ISRAEL,,פסק זמן רול ש.חלב עם,גרמים,28.00,100 גרם,false,,4.90,17.5000,true,1,224407
7290110568924,false,עלית - פסק זמן רול שוקולד חלב עם קרם חלב וקוקוס 26 גרם,STRAUSS-ISRAEL,,פסק זמן רול ש.חלב עם,גרמים,26.00,100 גרם,false,,4.90,18.8462,true,1,227773
7290110570125,false,"משקה קפה קר בטעם אייריש קרים230 מ""ל יוטבתה",אנסטל מילק kg,AT,קפה קר אייריש קרים 2,מיליליטרים,230.00,"100 מ""ל",false,,7.90,3.4348,true,1,478508
7290110570224,false,משקה קפה קר בטעם עוגיות 230ג' יוטבתה,אנסטל מילק kg,AT,משקה קפה קר בטעם עוג,מיליליטרים,230.00,"100 מ""ל",false,,7.90,3.4348,true,1,443525
7290110571399,false,עלית - צנצנת מאסט בטעם גלידה תות,STRAUSS-ISRAEL,,מסטיק ללא סוכר בטעם,גרמים,66.00,100 גרם,false,,12.90,19.5455,true,1,443981
7290110571535,false,מארז קפה טורקי הל 3*100 ג' עלית,שטראוס קפה בי.וי,IL,קפה עלית טורקי הל מא,גרמים,300.00,100 גרם,false,,27.90,9.3000,true,1,424300
7290110572129,false,כיף כף מקלות שוקולד לבן 40 ג' עלית,עלית,,כיף כף מקלות שוקולד,גרמים,40.00,100 גרם,false,,6.20,15.5000,true,1,499161
7290110572884,false,"קפסולות קפה מספר 20 למכונת אספרס אספרסו, 50 גרם",שטראוס קפה בי.וי.,IL,קפסולות אספרסו קפה ע,גרמים,50.00,100 גרם,false,,19.90,39.8000,true,1,496654
7290110572976,false,כיף כף פצפצים בגביע במילוי קרם בטעם שוקולד לבן,שולן צ'יקולטה גידה ס,TR,כיף כף פצפצים קרם לב,גרמים,135.00,100 גרם,false,,13.60,10.0741,true,1,451234
7290110574413,false,עלית - פופקורן בטעם טעמי 70 גרם,סראנו עבור שטראוס,קפריסין,נשנושי פופקורן מתוק,גרמים,70.00,100 גרם,false,,8.90,12.7143,true,1,504760
7290110576752,false,טבלאות שוקולד ספלנדיד מריר 70% 100 ג' עלית,קימ'ס גריפלנן,BE,שוקולד ספלנדיד מריר,גרמים,100.00,100 גרם,false,,12.90,12.9000,true,1,496732
7290110576776,false,טבלאות שוקולד ספלנדיד מריר 85% 100 ג' עלית,קימ'ס גריפלנן,BE,שוקולד ספלנדיד מריר,גרמים,100.00,100 גרם,false,,12.90,12.9000,true,1,496733
7290110576790,false,סקי בטעם מוקה 125 ג' שטראוס,"שטראוס בריאות בע""מ",IL,מעדן גבינה בטעם מוקה,גרמים,125.00,100 גרם,false,,4.10,3.2800,true,1,478524
7290110576851,false,"גמדים לשתיה סלט פירות 8 יח' *100מ""ל",קריות זול,IL,מארז גמדים לשתייה ס,מיליליטרים,864.00,"100 מ""ל",false,,20.90,2.4190,true,1,480154
7290110577728,false,"משקה שייק חלבון מי גבינה עם פירות יער 350מ""ל יטבתה",מחלבת יטבתה,IL,שייק חלבון whey עם פ,מיליליטרים,350.00,"100 מ""ל",false,,7.90,2.2571,true,1,497171
7290111093982,false,טרופיקל תחליב רחצה פסיפלורה ואינקה אינצ'י דר עור,,,תחליב רחצה פסיפלורה,מיליליטרים,700.00,"100 מ""ל",false,,20.90,2.9857,true,1,480473
7290111097041,false,בייביסיטר מגבונים לח,,,בייביסיטר מגבונים לח,יחידה,0.00,יחידה,false,,22.90,0.0000,true,1,327537
7290111097836,false,מגבונים דוחה אבק למשטחים בניחוח מרכך כביסה 50 יח' קוויק,,,קוויק מגבונים לניקוי,יחידה,0.00,יחידה,false,,8.90,0.0000,true,1,403438
7290111285288,false,צלחת במבוק 9 ספיידרמן,,,צלחת במבוק 9 אנץ,יחידה,0.00,יחידה,false,,10.90,0.0000,true,1,125519
7290111340185,false,מטליות לחות ניקול לניקוי רצפות בניחוח מרכך 10 יח',ניקול,,ניקול לחות לניקוי רצ,יחידה,0.00,יחידה,false,,12.90,0.0000,true,1,86255
7290111342042,false,כריות יפניות לניקוי וקרצוף אנטיבקטריאלי,פלסטו פוליש,IL,כריות יפניות אנטיבקט,יחידה,0.00,יחידה,false,,14.90,0.0000,true,1,212049
7290111342059,false,מטליות לחות לניקוי משטחים אנטיבקטריאלי,ניקול,IL,מטליות לחות אנטיבקטר,יחידה,0.00,יחידה,false,,14.90,0.0000,true,1,212050
7290111342073,false,מטליות מקרופייבר למשטחים אנטיבקטריאלי ניקול,סנו,CN,מטליות מיקורפייבר אנ,יחידה,0.00,יחידה,false,,14.90,0.0000,true,1,212051
7290111343117,false,זוג ממחטות לושן סופט קלינקס -140 דף,קימברלי,IL,טישו לושן סופט קליני,יחידה,0.00,יחידה,false,,15.90,0.0000,true,1,268517
7290111344206,false,האגיס נטורל קר מגבונים לחים בבישום עדין רביעייה,חוגלה קימברלי,IL,מגבוני האגיס נטורל ק,יחידה,0.00,יחידה,false,,21.90,0.0000,true,1,362133
7290111344732,false,קלינקס - טיישו אלרג'י קומפורט ניילון זוגות 140 דף,קימברלי,IL,קלינקס אלרג'י קומפור,יחידה,0.00,יחידה,false,,15.90,0.0000,true,1,354014
7290111345753,false,תחבושות נטורל דואו נורמל 24 יח' קוטקס,קריות זול,CN,תחבושות כותנה נורמל,יחידה,0.00,יחידה,false,,21.90,0.0000,true,1,403058
7290111345777,false,תחבושת קוטקס כותנה לילה 16 יח' קוטקס,קריות זול,CN,תחבושות כותנה נייט +,יחידה,0.00,יחידה,false,,21.90,0.0000,true,1,403060
7290111345814,false,נייר טואולט 30 גלילים לילי נטורל קר,קימברלי קלארק,IL,נייר טואלט נטורל קר,יח',30.00,יח',false,,37.90,1.2633,true,1,379129
7290111346118,false,מגבוני האגיס לחים מהדורה בבישום עדין 56*4,,,מגבוני האגיס מהדורה,יח',288.00,יח',false,,21.90,0.0760,true,1,453523
7290111346293,false,מגבת נייר ניקול שישייה מהדורת חג,קימברלי קלארק,IL,מגבות מטבח ניקול לבנ,מטרים,64.80,מטר,false,,13.90,0.2145,true,1,433446
7290111350030,false,רסק תפוחי עץ טבעי 670 גרם,טעמי הגליל,IL,רסק תפוחי עץ טבעי קל,גרמים,670.00,100 גרם,false,,12.90,1.9254,true,1,14040
7290111350726,false,נאצוס הופופ בטעם מקסיקני 322ג',הוט פופ Hot pop,US,הוטפופ נאצ'וס בסגנון,גרמים,322.00,100 גרם,false,,18.90,5.8696,true,1,140174
7290111352973,false,יוגוטה קוביות חמוצות ממולאות בטעם פירות,יוגטה yogueta,TR,יוגטה קוביות חמוציות,גרמים,220.00,100 גרם,false,,7.90,3.5909,true,1,252715
7290111353437,false,חטיף בטטה ומלח ים 120 גרם הוט פופ,קריות זול,,הוטפופ ווגי' צ'יפס ח,גרמים,120.00,100 גרם,false,,15.90,13.2500,true,1,291814
7290111353444,false,חטיף בטטות ומלח ים 120 גרם הוט פופ,קריות זול,,הוטפופ ווגי' צ'יפס ח,גרמים,120.00,100 גרם,false,,15.90,13.2500,true,1,291815
7290111353550,false,חמאת בוטנים טבעית 350ג',,,חמאת בוטנים טבעית קל,גרמים,300.00,100 גרם,false,,16.90,5.6333,true,1,451026
7290111353680,false,גרעיני חמניה קליית ג,,,גרעיני חמנייה 350 גר,גרמים,350.00,100 גרם,false,,12.90,3.6857,true,1,311728
7290111534140,false,עוגיות פרימיום צילינ,,,מיני נשיקות צבעוני -,גרמים,150.00,100 גרם,false,,22.90,15.2667,true,1,144879
7290111564239,false,שלגוני קראנץ' Crunch בטעם וניל - 5 יח',גלידות נסטלה (נגה גל,IL,קראנץ' מאגדת מיני ונ,גרמים,275.00,100 גרם,false,,31.90,11.6000,true,1,112336
7290111564277,false,פריכיות דקות ונימוחות 3 דגנים פיטנס Fitness,פרח תעשיות,IL,פריכיות 3 דגנים דקות,גרמים,120.00,100 גרם,false,,12.90,10.7500,true,1,88203
7290111564291,false,פריכיות דקות ונימוחות 3 דגנים וקינואה פיטנס Fitness,פרח תעשיות,IL,פריכיות קינואה דקות,גרמים,120.00,100 גרם,false,,12.90,10.7500,true,1,88204
7290111565502,false,ארטיק אוראו וניל ועוגיות סנדוויץ נסטלה 80 ג',ג'נרל מילס סאן אדריא,IT,סנדוויץ אוראו,יחידה,0.00,יחידה,false,,9.90,0.0000,true,1,112352
7290111566127,false,מעדן אוראו קפוא בטעם וניל עם עוגיות בטעם שוקולד,ג'נרל מילס סאן אדריא,IT,אוראו מאגדת סנדביץ 6,גרמים,198.00,100 גרם,false,,28.90,14.5960,true,1,112338
7290111566318,false,טבעול שניצל דק מן הצומח 564 גר',עיצובים 2020 (4.8),IL,שניצל דק צמחוני בט,גרמים,564.00,100 גרם,false,,37.90,6.7199,true,1,113504
7290111566417,false,טחון צמחוני עם המון חלבון,עיצובים 2020 (4.8),IL,טחון מן הצומח 500,גרמים,500.00,100 גרם,false,,34.90,6.9800,true,1,118985
7290111566585,false,טבעול שניצל צמחוני 99 קלוריות 650 גר',עיצובים 2020 (4.8),IL,שניצל מן הצומח מופח,גרמים,650.00,100 גרם,false,,37.90,5.8308,true,1,118987
7290111566714,false,טבעול המבורגר צמחוני 99 קלוריות 600 גר',עיצובים 2020 (4.8),IL,המבורגר מן הצומח 6,גרמים,600.00,100 גרם,false,,37.90,6.3167,true,1,118990
7290111566776,false,טבעול נקניקיות קוקטייל צמחוניות 680 גר',עיצובים 2020 (4.8),IL,נקנקיות קוקטייל מן,גרמים,680.00,100 גרם,false,,37.90,5.5735,true,1,112967
7290111568275,false,אטריות נודלס אורז רחבות אסם אסייתי 300גרם,תאי פרזידנט,TH,נודלס אטריות אורז רח,גרמים,300.00,100 גרם,false,,10.90,3.6333,true,1,125501
7290111870897,false,מרשמלו מסולסל ארוך בשקית 18 גר'-LOL,,,מרשמלו מסולסל ארוך 1,גרמים,432.00,100 גרם,false,,32.90,7.6157,true,1,359948
7290111870910,false,מרשמלו מסולסל ארוך 18 גר'- כוח פי גיי,,,מרשמלו מסולסל ארוך 1,גרמים,432.00,100 גרם,false,,32.90,7.6157,true,1,359930
7290111871061,false,מרשמלו מסולסל ארוך 18 גר'-סמי הכבאי,,,מרשמלו מסולסל ארוך 1,גרמים,432.00,100 גרם,false,,32.90,7.6157,true,1,359949
7290111879074,false,בקבוק טריטן מרובע 60,,,בקבוק טריטן מרובע 60,יחידה,0.00,יחידה,false,,24.90,0.0000,true,1,126191
7290111930911,false,פוף חטיף לבבות קלאסי 40 ג',פוף POOF,IL,פוף לבבות קלאסי 40 ג,גרמים,40.00,100 גרם,false,,4.90,12.2500,true,1,102107
7290111933462,false,"רוטב צ'ילי מתוק מאסטר שף 300 מ""ל",סיטי פוד,,רוטב צ'ילי מתוק 300,מיליליטרים,300.00,"100 מ""ל",false,,10.90,3.6333,true,1,116161
7290111933554,false,עגבניות איטלקיות קוביות - מארז שלישיה,פראנו אנריקו ופיגלי,IT,עגבניות קוביות מאסטר,קילוגרמים,1.20,"ק""ג",false,,18.90,15.7500,true,1,133446
7290111934827,false,"סבון ידיים היגיינה 300 מ""ל פלמוליב",פלמוליב Palmolive,TR,פלמוליב סבון ידיים ה,מיליליטרים,300.00,"100 מ""ל",false,,10.90,3.6333,true,1,142065
7290111935961,false,מאסטר שף מחית עגבניות 690 ג',קליסה,IT,מחית עגבניות מאסטר ש,גרמים,690.00,100 גרם,false,,10.90,1.5797,true,1,142143
7290111936296,false,"פלמוליב - ג'ל רחצה ארומה מסאז' 750 מ""ל",קולגייט פלמוליב,TR,פלמוליב ארומה סנסייש,מיליליטרים,750.00,"100 מ""ל",false,,21.90,2.9200,true,1,141889
7290111936487,false,"קולגייט זוג משחת שיניים טוטל קלין להלבנה 100 מ""ל",,,קולגייט טוטל הלבנה ז,מיליליטרים,200.00,"100 מ""ל",false,,29.90,14.9500,true,1,137899
7290111936647,false,"משחת שיניים קולגייט מקס כחול 125 מ""ל*2 כשלפ",קולגייט פלמוליב,PL,קולגייט מקס זוג 2*12,מיליליטרים,250.00,"100 מ""ל",false,,30.90,12.3600,true,1,137900
7290111938481,false,"רוטב סויה בהיר מאסטר שף 300 מ""ל",מאסטר שף,TH,רוטב סויה בהירה מ.שף,מיליליטרים,300.00,"100 מ""ל",false,,11.90,3.9667,true,1,238165
7290112000736,false,טבליות למדיח Power All In One,פיניש Finish,,פיניש הכל ב-1 80 טבל,יחידה,0.00,יחידה,false,,61.90,0.0000,true,1,125777
7290112000798,false,"דיטול תרסיסי חיטוי וניקוי אנטי בקטריאלי 750 מ""ל",רקיט בנקיזר,PL,מחטא משטחים לימון מנ,מיליליטרים,750.00,"100 מ""ל",false,,17.90,2.3867,true,1,132032
7290112000842,false,דטול מגבונים לניקוי כללי בניחות לימון 60 יח',דטול Dettol,,מגבונים לניקוי כללי,יח',60.00,יח',false,,12.90,0.2150,true,1,132034
7290112002099,false,ג'ל כביסה מרוכז קולון 101 קלאסי,רקיט בנקיזר,IL,קולון ג'ל 2.5 ליטר ב,ליטרים,2.50,ליטר,false,,30.90,12.3600,true,1,190636
7290112002105,false,ג'ל כביסה מרוכז קולון 101 בניחוח לילך,זוהר דליה,IL,קולון ג'ל 2.5 ליטר כ,ליטרים,2.50,ליטר,false,,30.90,12.3600,true,1,190637
7290112003997,false,אבקה להסרת כתמים לבג,,,אבקה להסרת כתמים לבג,קילוגרמים,1.62,"ק""ג",false,,34.90,21.5432,true,1,406661
7290112004192,false,טבליות פיניש אקולוגי,רקיט בנקיזר,PL,פיניש טבליות למדיח א,יחידה,0.00,יחידה,false,,61.90,0.0000,true,1,357130
7290112004963,false,"פיניש אולטימייט קפסולות לניקוי כלים במדיח, 25 יחידות",רקיט בנקיזר,PL,פיניש אולטימייט 25 י,יחידה,0.00,יחידה,false,,45.90,0.0000,true,1,464439
7290112005045,false,וניש תוסף כביסה רב תכליתי לבגדים לבנים,קליה וניש Kalia Vanish,IT,וניש אבקה לכביסה לבנ,מיליליטרים,480.00,"100 מ""ל",false,,17.90,3.7292,true,1,451843
7290112005076,false,וניש תוסף כביסה רב תכליתי לכביסה צבעונית,קליה וניש Kalia Vanish,IT,וניש אבקה לכביסה צבע,גרמים,480.00,100 גרם,false,,17.90,3.7292,true,1,451844
7290112190468,false,"שמן זית 750 מ""ל G -FOOD",,,"שמן זית 750 מ""ל G FO",מיליליטרים,750.00,"100 מ""ל",false,,35.90,4.7867,true,1,341744
7290112195579,false,שמן זית איטליה 750 מ,,,שמן זית איטליה 750 מ,מיליליטרים,750.00,"100 מ""ל",false,,35.90,4.7867,true,1,373667
7290112330352,false,"יוגורט PRO בטעם וניל 0% , 20 גרם חלבון בגביע","שטראוס בריאות בע""מ",IL,דנונה פרו 20 גר וניל,גרמים,200.00,100 גרם,false,,6.50,3.2500,true,1,142245
7290112330390,false,יוגורט PRO בטעם פירות יער 0% 20 גרם חלבון בגביע,"שטראוס בריאות בע""מ",IL,דנונה פרו 20 גר פירו,גרמים,200.00,100 גרם,false,,6.50,3.2500,true,1,142246
7290112332585,false,"פריכיות תפו""א, אורז בתיבול סלק ומלח חי 30 גר'","פרח תעשיו מזון בע""מ",IL,"פריכיות הטעימות תפו""",גרמים,30.00,100 גרם,false,,6.20,20.6667,true,1,143886
7290112332691,false,עוגיות קרם אגוזים פסק זמן 200 ג' עלית,הגביע מוצרי ופלים בע,IL,פינוקיות עוגיית קרם,גרמים,200.00,100 גרם,false,,14.70,7.3500,true,1,146166
7290112334596,false,אבקה להכנת שוקו 850,שטראוס קפה בי.וי,IL,אבקה להכנת שוקו 850,גרמים,935.00,100 גרם,false,,18.90,2.0214,true,1,501305
7290112335494,false,הפריכיות הטעימות תפוחי אדמה בטעם פוטטוס,"פרח תעשיות מזון בע""מ",IL,פריכיות הטעימות פוטט,גרמים,135.00,100 גרם,false,,13.90,10.2963,true,1,143441
7290112335500,false,"הפריכיות הטעימות חומוס, אורז, עדשים שחורות וקינואה",אנרג'י Energy - שטראוס,IL,פריכיות הטעימות עשיר,גרמים,135.00,100 גרם,false,,13.90,10.2963,true,1,143442
7290112336613,false,עוגיות עד חצות סנדוויץ 135 ג' עלית,STRAUSS-ISRAEL,,עד חצות סנדוויץ' 135,גרמים,135.00,100 גרם,false,,10.90,8.0741,true,1,204652
7290112336637,false,סוכריות מאסט Must ללא סוכר יוגורט תות ואוכניות,MIESZKO S.A - MS. JO,PL,"סוכריות מאסט לל""ס יו",גרמים,80.00,100 גרם,false,,8.90,11.1250,true,1,191529
7290112336644,false,סוכריות מאסט ללא סוכר לימון 80 ג' עלית,MIESZKO S.A - MS. JO,PL,"סוכריות מאסט לל""ס לי",גרמים,80.00,100 גרם,false,,8.90,11.1250,true,1,191530
7290112336712,false,יוגורט PRO לבן 0% 21 גרם חלבון בגביע,"שטראוס בריאות בע""מ",IL,דנונה פרו 21 0% שומן,גרמים,200.00,100 גרם,false,,6.50,3.2500,true,1,139489
7290112337474,false,סוכריות מאסט ללא סוכר פטל לימון 80 ג' עלית,MIESZKO S.A - MS. JO,PL,"סוכריות מאסט לל""ס פט",גרמים,80.00,100 גרם,false,,8.90,11.1250,true,1,191531
7290112338877,false,מעדן גבינה בטעם תות 3% 125ג' סקי,"שטראוס בריאות בע""מ",IL,גבינת סקי תות 3% 125,גרמים,125.00,100 גרם,false,,4.10,3.2800,true,1,136489
7290112339171,false,מעדן מילקי מוס שוקול,מיוצר עי קונדיטוריית,IL,מילקי מוס 81 גרם.,גרמים,81.00,100 גרם,false,,3.90,4.8148,true,1,136491
7290112339867,false,גמדים לדרך גבינה לבנה עם מחית תות,שטראוס,IL,גמדים סקוויז בודד תו,גרמים,100.00,100 גרם,false,,5.90,5.9000,true,1,138071
7290112339874,false,גמדים לדרך גבינה לבנה עם מחיות תות ובננה,שטראוס,IL,גמדים סקוויז בודד תו,גרמים,100.00,100 גרם,false,,5.90,5.9000,true,1,138072
7290112340122,false,הפריכיות הטעימות 3 דגנים 135 גרם.,אנרג'י Energy - שטראוס,IL,פריכיות הטעימות 3 דג,גרמים,135.00,100 גרם,false,,13.90,10.2963,true,1,143443
7290112340252,false,צנצנת מסטיק מאסט בטעם אבטיח מלון 66 ג' עלית,"שטראוס גרופ בע""מ",IL,צנצנת מאסט בטעם אבטי,גרמים,66.00,100 גרם,false,,12.90,19.5455,true,1,140281
7290112340276,false,עוגיות קרם קפה נמס 200 ג' עלית,הגביע מוצרי ופלים בע,IL,פינוקיות עוגיית קרם,גרמים,200.00,100 גרם,false,,14.70,7.3500,true,1,146167
7290112341686,false,מארז שמיניה אקטיביה 3% 150 ג',מיוצר עי קונדיטוריית,IL,אקטיביה מארז 3% 8*15,קילוגרמים,1.20,"ק""ג",false,,23.90,19.9167,true,1,190618
7290112342102,false,סימפוניה גבינה במרקם שמנת בצל מקורמל 5%,"שטראוס בריאות בע""מ",IL,סימפוניה 5% בצל מקור,גרמים,200.00,100 גרם,false,,12.90,6.4500,true,1,211485
7290112342508,false,דוריטוס קול ראנץ Cool Ranch,STRAUSS-ISRAEL,IL,דוריטוס קול ראנץ' 70,גרמים,70.00,100 גרם,false,,4.70,6.7143,true,1,198757
7290112343420,false,"משקה חלב עם דגנים מלאים ובננה פרו יטבתה 350מ""ל",מחלבת יטבתה,IL,משקה יטבתה פרו 20 אר,מיליליטרים,350.00,"100 מ""ל",false,,7.90,2.2571,true,1,199325
7290112343499,false,חטיף צ'יטוס פאפס אפוי בטעם גבינה,"שטראוס פריטו ליי בע""",IL,ציטוס Puffs בטעם גבי,גרמים,55.00,100 גרם,false,,3.90,7.0909,true,1,355620
7290112344724,false,מעדן בטעם שוקולד בלונדי 170 ג' מילקי,מיוצר עי קונדיטוריית,IL,מילקי בטעם שוקולד בל,מיליליטרים,170.00,"100 מ""ל",false,,3.90,2.2941,true,1,199311
7290112344755,false,מילקי שוקולד 26% פחות סוכר 135 גרם,מיוצר עי קונדיטוריית,IL,מילקי עם 26% פחות סו,מיליליטרים,135.00,"100 מ""ל",false,,3.10,2.2963,true,1,275773
7290112344786,false,קפה פלטינום קלאסיק 200 ג' עלית,שטראוס קפה בי.וי.,IL,פלטינום קלאסיק עלית,גרמים,200.00,100 גרם,false,,30.90,15.4500,true,1,212659
7290112346537,false,עוגיות פינוקיות בטעם טורטית 200 ג' עלית,הגביע מוצרי ופלים בע,IL,פינוקיות עוגיות בטעם,גרמים,200.00,100 גרם,false,,14.70,7.3500,true,1,204559
7290112346629,false,דנונה בר יוגורט+קורנפלקס מצופה שוקולד חלב ולבן 172 גרם,"שטראוס בריאות בע""מ",IL,דנונה קראנצ' עם קורנ,מיליליטרים,172.00,"100 מ""ל",false,,5.20,3.0233,true,1,239268
7290112347008,false,גמדים לדרך גבינה לבנה עם מחית תות ושיבולת שועל,מיוצר עי קונדיטוריית,IL,גמדים ארוחת בוקר תות,גרמים,100.00,100 גרם,false,,5.90,5.9000,true,1,199313
7290112348142,false,שעועית לבנה 380 גר' בקופסה טעם הטבע,שטראוס טעם הטבע,,שעועית לבנה טעם הטבע,גרמים,380.00,100 גרם,false,,7.90,2.0789,true,1,231293
7290112348999,false,פריכיות טעימות תירס דקות 135 גר',Unknown,IL,פריכיות טעימות תירס,גרמים,135.00,100 גרם,false,,13.90,10.2963,true,1,280897
7290112349606,false,מעדן גבינה ויוגורט תות בננה 88 ג' דניאלה,"שטראוס בריאות בע""מ",IL,דניאלה תות בננה 150,מיליליטרים,150.00,"100 מ""ל",false,,4.50,3.0000,true,1,385740
7290112349736,false,בזיליקום רוטב עגבניות לפסטה 350 גר' יד מרדכי,אמיליאנה קונסרב סוסי,IT,רוטב עגבניות בזיליקו,גרמים,350.00,100 גרם,false,,14.10,4.0286,true,1,212798
7290112349750,false,פיצה רוטב עגבניות לפיצה 350 גר' יד מרדכי,אימילאנה,IL,רוטב עגבניות לפיצה 3,גרמים,350.00,100 גרם,false,,14.10,4.0286,true,1,212800
7290112349897,false,מסטיק מאסט Must קוביות בטעם מנטה ללא סוכר,רוג'ר אנד רוג'ר,DE,מאסט קוביות מנטה 86,גרמים,86.00,100 גרם,false,,14.90,17.3256,true,1,225968
7290112350312,false,קפסולות 15 קפה יותר למכונות נספרסו עלית 10יח',הנסיך- מפעל לייצור ט,IL,עלית קפסולות 15 למכ,גרמים,50.00,100 גרם,false,,19.90,39.8000,true,1,262073
7290112351067,false,סילאן טבעי 100% תמר מג'הול ללא תוספת סוכר,יד מרדכי,,סילאן טבעי לחיץ יד מ,גרמים,630.00,100 גרם,false,,26.90,4.2698,true,1,229028
7290112351104,false,שוקולד פרה ממולא פיצפוצי אורז 100 ג' עלית,STRAUSS-ISRAEL,IL,שוקולד פרה פיצפוצי א,גרמים,100.00,100 גרם,false,,6.90,6.9000,true,1,236333
7290112351128,false,שוקולד פרה סוכריות קופצות 100 ג' עלית,"שטראוס גרופ בע""מ",IL,שוקולד פרה חלב סוכרי,גרמים,100.00,100 גרם,false,,6.90,6.9000,true,1,321097
7290112351524,false,עלי סלנובה טעם הטבע,שטראוס טעם הטבע,,עלי סלנובה טעם הטבע,גרמים,200.00,100 גרם,false,,13.50,6.7500,true,1,244241
7290112354945,false,חטיף תפוצ'יפס WAVY בטעם טבעי,שטראוס פריטו ליי בע”,IL,תפוצ'יפס wavy 50 גר,גרמים,50.00,100 גרם,false,,4.90,9.8000,true,1,500144
7290112354952,false,"תפוציפס WAVY בטעם פפריקה , 50 גרם",שטראוס פריטו ליי בע”,IL,תפוצ'יפס wavy פפריקה,גרמים,50.00,100 גרם,false,,4.90,9.8000,true,1,500145
7290112355027,false,יוגורט פרו בטעם קרמל מלוח 200 ג' דנונה,"שטראוס בריאות בע""מ",IL,דנונה פרו 20 גר' בטע,גרמים,200.00,100 גרם,false,,6.50,3.2500,true,1,275806
7290112355102,false,גמדים פאוץ סלט פירות 100 ג' שטראוס,"שטראוס בריאות בע""מ",IL,סקוויז גמדים לדרך סל,גרמים,100.00,100 גרם,false,,5.90,5.9000,true,1,282254
7290112356536,false,אבקת קקאו עלית 150+10% גר',הנסיך- מפעל לייצור ט,IL,עלית קקאו 150 גרם +,גרמים,150.00,100 גרם,false,,10.90,7.2667,true,1,251228
7290112357045,false,עגבניות איטלקיות מרוסקות 390 גר' בקופסה טעם הטבע,שטראוס טעם הטבע,IT,עגבניות איטלקיות מרו,גרמים,390.00,100 גרם,false,,6.90,1.7692,true,1,231294
7290112357069,false,מחית עגבניות איטלקיות בקופסה 500 גר' טעם הטבע,שטראוס טעם הטבע,IT,מחית עגבניות איטלקיו,גרמים,500.00,100 גרם,false,,8.60,1.7200,true,1,231295
7290112357083,false,אפונת גינה טעם הטבע 380 גר' בקופסה,שטראוס טעם הטבע,,אפונה ירוקה טעם הטבע,גרמים,380.00,100 גרם,false,,7.90,2.0789,true,1,347408
7290112357106,false,שעועית אדומה 380 גר' בקופסה טעם הטבע,שטראוס טעם הטבע,,שעועית אדומה טעם הטב,גרמים,380.00,100 גרם,false,,7.90,2.0789,true,1,231296
7290112357113,false,גרגרי חומוס בקופסה 380 גר' טעם הטבע,שטראוס טעם הטבע,IT,גרגרי חומוס טעם הטבע,גרמים,380.00,100 גרם,false,,7.90,2.0789,true,1,231297
7290112357175,false,קפסולות BOOST למכונות נספרסו 50 ג',שטראוס קפה בי.וי,IL,קפסולות BOOST למכונו,גרמים,50.00,100 גרם,false,,19.90,39.8000,true,1,212631
7290112358004,false,חטיף שוקולד פסק זמן,שולן צ'יקולטה גידה ס,TR,פסק זמן קראנץ' 32 גר,גרמים,32.00,100 גרם,false,,5.90,18.4375,true,1,291560
7290112358127,false,יוגורט PRO בטעם וניל עוגיות פלוס מגנזיום,מיוצר עי קונדיטוריית,IL,דנונה פרו 20 גר עם מ,גרמים,200.00,100 גרם,false,,7.20,3.6000,true,1,270633
7290112358219,false,יד מרדכי רוטב צ'ילי מתוק 300 גרם,אף.סי תבליני בגליל ב,IL,יד מורדכי רוטב צ'ילי,מיליליטרים,300.00,"100 מ""ל",false,,15.90,5.3000,true,1,251170
7290112358257,false,רוטב לעוף עם שזיפים יד מרדכי 300 גר',יד מרדכי,,יד מורדכי רוטב לעוף,מיליליטרים,300.00,"100 מ""ל",false,,15.90,5.3000,true,1,231252
7290112358431,false,עד חצות דאבל ביסקוויט עם שוקולד חלב -8 אריזות אישיות,הדקלאים אגודת שיתופי,FR,דאבל ביסקוויט עם שוק,גרמים,200.00,100 גרם,false,,15.90,7.9500,true,1,305225
7290112359384,false,עלית - קפה נמס אלפחורס ריבת חלב 100 גרם,שטראוס,IL,קפה נמס אלפחורס ריבת,גרמים,100.00,100 גרם,false,,17.90,17.9000,true,1,268276
7290112490209,false,נמס בכוס מרק עגבניות עם קרוטונים רכיבים טבעיים,יוניליוור,,נמס בכוס מרק עגבניות,גרמים,56.00,100 גרם,false,,7.90,14.1071,true,1,131749
7290112490827,false,"תרסיס למייבש כביסה בייבי 500 מ""ל בדין","זוהר דליה, קיבוץ דלי",IL,בדין בייבי תרסיס למי,מיליליטרים,500.00,"100 מ""ל",false,,22.90,4.5800,true,1,130771
7290112491695,false,קונפיטורת משמש לייט,778,,קונפיטורת 778 משמש ל,גרמים,260.00,100 גרם,false,,16.90,6.5000,true,1,289235
7290112492722,false,"2ב-1 שמפו ומרכך פינוק אל דמע לסירוק קל לילדים 700 מ""ל",יוניליוור,IL,פינוק 2 ב 1 ילדים 70,מיליליטרים,700.00,"100 מ""ל",false,,12.90,1.8429,true,1,242497
7290112495044,false,קוקומן פצפוצים בטעם שוקולד,יוניליור שפע ישראל ב,IL,קוקומן פצפוצים תלמה,גרמים,375.00,100 גרם,false,,24.90,6.6400,true,1,196992
7290112495433,false,דגני דליפקאן תוספת אגוזי פקאן ושקדים 400 גר,יוניליור שפע ישראל ב,IL,"דליפקאן תלמה בד""ץ 40",גרמים,400.00,100 גרם,false,,26.90,6.7250,true,1,167311
7290112496027,false,"סירופ שוקולד 580 מ""ל אפיכל",יוניליוור ישראל מזון,IL,"סירופ שוקולד 600 מ""ל",מיליליטרים,600.00,"100 מ""ל",false,,14.90,2.4833,true,1,213913
7290112499776,false,מאגדת גלידת גודיז שלגון אישי  240 ג',"גלידת שטראוס בע""מ, ר",IL,מאגדת גודיז שלגון אי,גרמים,240.00,100 גרם,false,,31.90,13.2917,true,1,219742
7290112960856,false,טילון אקסטרים מטבע שוקולד וריבת חלב 126 גר',שוורצקוף& הנקל דיסלד,IL,אקסטרים מטבע שוקולד,גרמים,115.00,100 גרם,false,,9.90,8.6087,true,1,143037
7290112961464,false,פיטנס חטיפי פריכיות דגנים וחומוס מתובלות,"פרח תעשיות מזון בע""מ",IL,חטיפי פריכיות דקות מ,גרמים,60.00,100 גרם,false,,8.90,14.8333,true,1,137706
7290112962287,false,טבעול שווארמה טבעונית 6*450 גרם,מיוצר עי קונדיטוריית,IL,שווארמה טבעונית טבעו,גרמים,450.00,100 גרם,false,,34.90,7.7556,true,1,218686
7290112962546,false,ארטיק לה פרוטה מלון תפוח מאגדת 443 גר',שוורצקוף& הנקל דיסלד,IL,לה פרוטה מלון תפוח 5,גרמים,350.00,100 גרם,false,,29.90,8.5429,true,1,137862
7290112963918,false,חטיפי קרקר דק רוזמרין 140 ג' פיטנס,נסטלה Nestle,IL,פיטנס חטיפי קרקר דק,גרמים,140.00,100 גרם,false,,14.90,10.6429,true,1,153824
7290112964410,false,רוטב אוסם אלף האיים לסלט 290 ג' אסם,Unknown,IL,אסם רוטב אלף האיים ל,מיליליטרים,290.00,"100 מ""ל",false,,13.90,4.7931,true,1,146531
7290112964434,false,רוטב לסלט קיסר 295 ג' אוסם,אסם,IL,אסם רוטב קיסר לסלט 2,מיליליטרים,295.00,"100 מ""ל",false,,13.90,4.7119,true,1,146516
7290112964458,false,רוטב וינגרט לסלט 295 ג' אסם,Unknown,IL,אסם רוטב ויניגרט לסל,מיליליטרים,295.00,"100 מ""ל",false,,13.90,4.7119,true,1,146522
7290112964472,false,רוטב שום לסלט 290 ג' אסם,Unknown,IL,אסם רוטב שום לסלט 29,מיליליטרים,295.00,"100 מ""ל",false,,13.90,4.7119,true,1,146532
7290112965103,false,תבשיל קוסקוס עם ירקות 146 גר',אסם,,קוסקוס עם ירקות אסם,גרמים,146.00,100 גרם,false,,13.90,9.5205,true,1,198595
7290112965165,false,מרק נמס בטעם פטריות זוג * 24 ג' אסם,אסם,IL,זוג מרק נמס פטריות ב,גרמים,48.00,100 גרם,false,,6.90,14.3750,true,1,153825
7290112965240,false,מרק נמס בטעם עגבניות זוג * 44 ג' אסם,Unknown,IL,זוג מרק נמס עגבניות,גרמים,60.00,100 גרם,false,,6.90,11.5000,true,1,153828
7290112965264,false,אוסם - מרק נמס אפונה זוג 26 גרם * 2,Unknown,,זוג מרק נמס אפונה בד,גרמים,30.00,100 גרם,false,,6.90,23.0000,true,1,153829
7290112965288,false,אוסם - מרק נמס ירקות זוג 28 גרם * 2,Unknown,IL,זוג מרק נמס ירקות בד,גרמים,30.00,100 גרם,false,,6.90,23.0000,true,1,153830
7290112965301,false,זוג מרק נמס בטעם עוף עם שקדי מרק רגע חם,Unknown,IL,זוג מרק נמס טעם עוף,גרמים,38.00,100 גרם,false,,6.90,18.1579,true,1,153831
7290112965325,false,תבשיל אורז ספרדי אוסם 140 גרם,אסם,IL,אורז ספרדי אסם 140 ג,גרמים,140.00,100 גרם,false,,13.90,9.9286,true,1,198588
7290112965585,false,פרפקטו פסטה קסרצה 500 גר',אסם פרפקטו Perfecto,IL,פסטה קסרצה פרפקטו 50,גרמים,500.00,100 גרם,false,,7.90,1.5800,true,1,160795
7290112965660,false,פיטנס - חטיף מולטיגריין מלח פלפל 25 גרם,מיוצר עי קונדיטוריית,IL,פיטנס חטיף מולטיגריי,גרמים,25.00,100 גרם,false,,5.80,23.2000,true,1,275637
7290112965684,false,פיטנס - חטיף מולטיגריין עשבי תיבול 25 גרם,מיוצר עי קונדיטוריית,IL,פיטנס חטיף מולטיגריי,גרמים,25.00,100 גרם,false,,5.80,23.2000,true,1,275638
7290112965707,false,פיטנס - חטיף מולטיגריין צילי מעודן 25 גרם,"אסם השקעות בע""מ",IL,פיטנס חטיף מולטיגריי,גרמים,25.00,100 גרם,false,,5.80,23.2000,true,1,275639
7290112965806,false,אוסם - ביסלי פריסטייל חמוץ חריף 60 גרם,Unknown,IL,ביסלי פריסטייל חמוץ,גרמים,60.00,100 גרם,false,,4.90,8.1667,true,1,323494
7290112965967,false,טבעול נאגטס ירקות כתומים 500 גר',טבעול תעשיות מזון בע,IL,טבעול נאגטס ירקות כת,גרמים,500.00,100 גרם,false,,37.90,7.5800,true,1,274436
7290112966001,false,טבעול גורמה ארוחת ירוקים,טבעול (מקבוצת אסם הש,IL,טבעול גורמה ארוחת יר,גרמים,450.00,100 גרם,false,,36.90,8.2000,true,1,453447
7290112966094,false,עוגת הבית בטעם תפוז - פחות סוכר,מיוצר עי קונדיטוריית,IL,עוגת הבית תפוז מופחת,גרמים,400.00,100 גרם,false,,15.90,3.9750,true,1,198605
7290112966780,false,טחינה באלדי עם חציל קלוי צבר 350 גר',שוורצקוף& הנקל דיסלד,IL,צבר טחינה בלאדי עם ח,גרמים,350.00,100 גרם,false,,16.90,4.8286,true,1,192999
7290112967138,false,בייגלה שמיניות ללא גלוטן 250 גר' אסם,מיוצר עי קונדיטוריית,IL,אסם בייגלה שמיניות ל,גרמים,250.00,100 גרם,false,,15.90,6.3600,true,1,198689
7290112968449,false,סלט כרוב אדום צבר 250 גר',שוורצקוף& הנקל דיסלד,IL,סלט כרוב אדום צבר 25,גרמים,250.00,100 גרם,false,,13.90,5.5600,true,1,213018
7290112968524,false,סלט חומוס גרגירים רכים צבר 250 גרם,שוורצקוף& הנקל דיסלד,IL,סלט חומוס סמיר צבר 2,גרמים,250.00,100 גרם,false,,13.90,5.5600,true,1,213020
7290112968807,false,פיטנס - קרקר דק סלק 140 גרם,מפעל אסם יקנעם,IL,פיטנס קרקר דק סלק 14,גרמים,140.00,100 גרם,false,,14.90,10.6429,true,1,282949
7290112968821,false,פיטנס - קרקר דק בטטה 140 גרם,מפעל אסם יקנעם,IL,פיטנס קרקר דק בטטה 1,גרמים,140.00,100 גרם,false,,14.90,10.6429,true,1,282950
7290112969248,false,אסם בישולים רוטב סילאן ובצל 335 גר'.,"אסם השקעות בע""מ",IL,אוסם בישולים רוטב סי,גרמים,335.00,100 גרם,false,,18.90,5.6418,true,1,279523
7290113100626,false,תבנית אפייה עגולה +מ,,,תבנית אפייה עגולה +מ,יחידה,0.00,יחידה,false,,160.90,0.0000,true,1,127550
7290113101258,false,קולפן דגם רון,,,קולפן דגם רון,יחידה,0.00,יחידה,false,,35.90,0.0000,true,1,127592
7290113103160,false,פטיש עוף,,,פטיש עוף,יחידה,0.00,יחידה,false,,29.90,0.0000,true,1,156886
7290113177857,false,שטיח סף 70*40,,,שטיח סף 70*40,יח',1.00,יח',false,,29.90,29.9000,true,1,379700
7290113192300,false,זיתים חרוזית מושחר A2 בית השיטה 275 גר',בית השיטה,IL,זיתים חרוזית מושחר ב,גרמים,275.00,100 גרם,false,,12.90,4.6909,true,1,206170
7290113192317,false,בית השיטה טבעות זיתים מושחרים 280 גר',בית השיטה,IL,טבעות זיתים מושחרים,גרמים,280.00,100 גרם,false,,12.90,4.6071,true,1,205040
7290113192324,false,זיתים ירוקים שלמים בינוניים,בית השיטה,IL,זית ירוק בית השיטה 3,גרמים,340.00,100 גרם,false,,10.90,3.2059,true,1,205041
7290113192348,false,זיתים ירוקים שלמים גדולים מאוד בטעם שום,בית השיטה,IL,זית ירוק שום 17-19בי,גרמים,560.00,100 גרם,false,,11.90,2.1250,true,1,205043
7290113192355,false,חרוזית זיתים ירוקים ללא גלעין 275 ג' בית השיטה,בית השיטה,IL,זיתים חרוזית ירוק בי,גרמים,275.00,100 גרם,false,,10.90,3.9636,true,1,205058
7290113192362,false,טבעות זיתים ירוקים 280 ג' בית השיטה,בית השיטה,IL,טבעות זיתים ירוקים ב,גרמים,280.00,100 גרם,false,,11.90,4.2500,true,1,205059
7290113192379,false,בית השיטה זיתים ירוקים מבוקעים א2 340גר',בית השיטה,IL,זיתים ירוקים מבוקעים,גרמים,340.00,100 גרם,false,,11.90,3.5000,true,1,205060
7290113192386,false,זיתים סורי מבוקע A2 בית השיטה 340ג',בית השיטה,IL,זית סורי מבוקע בית ה,גרמים,340.00,100 גרם,false,,12.90,3.7941,true,1,205074
7290113192393,false,בית השיטה קוקטייל זיתים א2 336גר',בית השיטה,IL,קוקטייל זיתים בית הש,גרמים,336.00,100 גרם,false,,12.90,3.8393,true,1,205075
7290113192478,false,בית השיטה מלפפונים במלח בינוני 10-12 320 גרם,בית השיטה,IL,מלפפון במלח 10-12 בי,גרמים,320.00,100 גרם,false,,8.90,2.7813,true,1,205267
7290113192485,false,בית השיטה מלפפונים בחומץ בינוני 10-12 290 גרם,בית השיטה,IL,מלפפון בחומץ 12-10 ב,גרמים,290.00,100 גרם,false,,8.90,3.0690,true,1,205268
7290113192492,false,בית השיטה מלפפונים בחומץ קטנים 1317 290 גרם,בית השיטה,IL,מלפפון בחומץ 13-17 ב,גרמים,290.00,100 גרם,false,,11.90,4.1034,true,1,205269
7290113192508,false,בית השיטה מלפפונים במלח קטן 1317 320 גרם,בית השיטה,IL,מלפפון במלח 13-17 בי,גרמים,320.00,100 גרם,false,,11.90,3.7188,true,1,205270
7290113192515,false,בית השיטה מלפפונים במלח קטן מאוד 1825 320 גרם,בית השיטה,IL,מלפפון במלח 18-25 בי,גרמים,320.00,100 גרם,false,,13.90,4.3438,true,1,205271
7290113192522,false,בית השיטה מלפפונים בחומץ קטן מאוד 1825 290 גרם,בית השיטה,IL,מלפפון בחומץ 18-25 ב,גרמים,290.00,100 גרם,false,,13.90,4.7931,true,1,205272
7290113192539,false,בית השיטה מלפפונים במלח גדול 79 320 גרם,בית השיטה,IL,מלפפון במלח 7-9 בית,גרמים,560.00,100 גרם,false,,7.90,1.4107,true,1,205286
7290113192546,false,בית השיטה מלפפונים בחומץ גדול 79 290 גרם,בית השיטה,IL,מלפפון בחומץ 7-9 בית,גרמים,560.00,100 גרם,false,,7.90,1.4107,true,1,205287
7290113192553,false,בית השיטה מלפפונים במלח 13-17 בלדי 320 גר',בית השיטה,IL,מלפפון במלח בלדי 13-,גרמים,320.00,100 גרם,false,,12.90,4.0313,true,1,205301
7290113192560,false,בית השיטה פלפל שיפקה חריף כבוש 230 גרם,בית השיטה,IL,פלפל שיפקה בית השיטה,גרמים,230.00,100 גרם,false,,8.90,3.8696,true,1,205302
7290113192577,false,בית השיטה כרוב כבוש חתוך 430 גרם,בית השיטה,IL,כרוב כבוש בית השיטה,יחידה,430.00,יחידה,false,,8.90,0.0207,true,1,205303
7290113193017,false,בית השיטה קוקטייל זיתים 275 גר',בית השיטה,IL,בית השיטה קוקטייל זי,גרמים,275.00,100 גרם,false,,12.90,4.6909,true,1,269512
7290113193031,false,חרוזית קלמטה - זיתים שחורים ללא גלעין קלמטה,שוורצקוף& הנקל דיסלד,IL,חרוזית קלמטה בית השי,גרמים,275.00,100 גרם,false,,15.90,5.7818,true,1,269513
7290113195066,false,חלבה טורקית בטעם וניל 400 גרם,,,חלבה טורקית בטעם וני,גרמים,400.00,100 גרם,false,,12.90,3.2250,true,1,344645
7290113195073,false,חלווה טורקית עם פיסט,,,חלבה טורקית עם פיסטו,גרמים,400.00,100 גרם,false,,13.90,3.4750,true,1,344646
7290113195158,false,בית השיטה מיקס רצועות פלפל 12*215גרם,,,מיקס רצועות פלפל בית,גרמים,215.00,100 גרם,false,,14.90,6.9302,true,1,303771
7290113196414,false,"אורז בסמטי שקדיה 1 ק""ג",קריות זול,IN,אורז בסמטי שקדיה 1 ק,קילוגרמים,1.00,"ק""ג",false,,10.50,10.5000,true,1,344348
7290113284517,false,נייר טואלט דו שכבתי,,,נייר טואלט דו שכבתי,יחידה,0.00,יחידה,false,,29.90,0.0000,true,1,507869
7290113289192,false,צלחות מתכלות יהלום ק,,,צלחות מתכלות יהלום ק,יחידה,0.00,יחידה,false,,10.90,0.0000,true,1,373990
7290113289475,false,מפיות חד שכבתיות 80,,,מפיות חד שכבתיות 80,יחידה,0.00,יחידה,false,,5.90,0.0000,true,1,360183
7290114310215,false,"**טרה שמנת מתוקה 38% 250 מ""ל בקבוק.",מילקו תעשיות בעמ,IL,שמנת מתוקה 38% בקבוק,מיליליטרים,250.00,"100 מ""ל",false,,6.47,2.5880,true,1,232024
7290114310222,false,חלב 1.5 ליטר 3% מועשר בסידן וויטמין D.,מילקו תעשיות בעמ,IL,חלב מועשר בסידן 1.5,ליטרים,1.50,ליטר,false,,13.50,9.0000,true,1,243937
7290114310383,false,מולר קציפת יוגורט בטעם וניל צרפתי 97 גרם,מולר Muller,IL,יוגורט מוקצף בטעם ונ,גרמים,97.00,100 גרם,false,,5.80,5.9794,true,1,478862
7290114310390,false,"מולר פרופ קציפת יוגורט בננה לוטי 5% 150 מ""ל",מולר Muller,IL,יוגורט מוקצף בטעם בנ,גרמים,97.00,100 גרם,false,,5.80,5.9794,true,1,478880
7290114310406,false,"מולר פרופ קציפת יוגורט תות 5% 150 מ""ל",מולר Muller,IL,יוגורט מוקצף בטעם תו,גרמים,97.00,100 גרם,false,,5.80,5.9794,true,1,478881
7290114310611,false,"משקה חלב בננה בבקבוק פקק ספורט טרה 250 מ""ל",Unknown,IL,משקה חלב בננה בבקבוק,מיליליטרים,250.00,"100 מ""ל",false,,6.10,2.4400,true,1,320725
7290114310628,false,משקה חלב בטעם וניל עוגיות 1.5% שומן,מילקו תעשיות בעמ,IL,משקה חלב וניל עוגיות,ליטרים,1.00,ליטר,false,,13.50,13.5000,true,1,308917
7290114310673,false,גבינת לאבנה 9% 250 גרם,טרה,IL,לאבנה מחלב בקר 9% 25,גרמים,250.00,100 גרם,false,,13.50,5.4000,true,1,303655
7290114311014,false,"משקה חלב אייס קפוצ'ינו בבקבוק 250 מ""ל",Unknown,IL,משקה חלב אייס קפוצ'י,מיליליטרים,250.00,"100 מ""ל",false,,6.10,2.4400,true,1,427812
7290114311038,false,שמנת מתוקה עמידה 32% 250מל בקבוק,מילקו,IL,שמנת מתוקה 32% בקבוק,מיליליטרים,250.00,"100 מ""ל",false,,8.30,3.3200,true,1,427797
7290114311069,false,יוגורט לבן מועשר בחלבון 0% שומן 200 גרם muller active,מולר Muller,IL,יוגורט בטעם טבעי 25,גרמים,200.00,100 גרם,false,,7.20,3.6000,true,1,407899
7290114311076,false,"חמאת מולר צהובה עם שום, 200 גרם",מולר Muller,IL,חמאה צהובה עם שום מו,גרמים,200.00,100 גרם,false,,13.50,6.7500,true,1,424488
7290114311106,false,מולר נטורל חצוי+יוגורט ביו+גרנולה וסירופ עם סילאן 177 ג',מולר,IL,יוגורט BIO קרמי בתוס,גרמים,170.00,100 גרם,false,,7.20,4.2353,true,1,401727
7290114311298,false,יוגורט קציפת תות בננה מלון 150 ג' מולר,מולר Muller,IL,מולר פרופ תות בננה מ,גרמים,150.00,100 גרם,false,,5.80,3.8667,true,1,453222
7290114311328,false,חלב נטול לקטוז 2% שומן מועשר בויטמין D,ג'י.אר.אמ.גרופו אלימ,IL,חלב נטול לקטוז טרה 1,ליטרים,1.00,ליטר,false,,8.30,8.3000,true,1,463615
7290114311434,false,"מולר אקטיב בטעם קרמל מלוח 0% שומן, 200 גרם",מולר Muller,IL,מולר אקטיב בטעם קרמל,גרמים,200.00,100 גרם,false,,6.90,3.4500,true,1,478845
7290114311441,false,"מולר אקטיב בטעם עוגיות חמאה 0% שומן, 200 גרם",מולר Muller,IL,מולר אקטיב בטעם עוגי,גרמים,200.00,100 גרם,false,,6.90,3.4500,true,1,478846
7290114311458,false,"חלב מועשר 3% וויטמין קרטון, 1 ל טרה",Unknown,IL,קרטון חלב מועשר ויטמ,ליטרים,1.00,ליטר,false,,9.90,9.9000,true,1,480748
7290114311502,false,"משקה חלב בקבוק בטעם סחלב, 1 ליטר",מילקו תעשיות בעמ,IL,משקה חלב בטעם סחלב 1,ליטרים,1.00,ליטר,false,,13.50,13.5000,true,1,515969
7290114311526,false,מולר יוגורט פרופ עם קציפת תפוז ג'ינג'ר 3%,מולר Muller,IL,מולר פרופ תפוז ג'ינג,גרמים,150.00,100 גרם,false,,5.90,3.9333,true,1,514681
7290114600941,false,מיונז מאסטר שף מיונז לחיץ 435 ג',קפה לנדוור,NL,מאסטר שף מאסטר שף מ,גרמים,435.00,100 גרם,false,,15.90,3.6552,true,1,247972
7290114600996,false,"רוטב שום מאסטר שף 250 מ""ל",קפה לנדוור,NL,מאסטר שף רוטב שום 25,מיליליטרים,250.00,"100 מ""ל",false,,12.90,5.1600,true,1,248002
7290114603041,false,"פרי גרנולה בוטנים אגוזים וקוקוס, 300 ג'","אפקט טבעי בע""מ",IL,פרי גרנולה בוטנים אג,גרמים,300.00,100 גרם,false,,18.90,6.3000,true,1,275279
7290114603522,false,רוטב קארי ירוק מאסטר שף 340 ג',תאי סופרים,TH,מאסטר שף רוטב קארי י,גרמים,340.00,100 גרם,false,,15.90,4.6765,true,1,290300
7290114603768,false,"אג'קס לשירותים, זוג 2 * 750 מ""ל",,,אג'קס שירותים 750 מ',מיליליטרים,750.00,"100 מ""ל",false,,32.90,4.3867,true,1,248638
7290114604895,false,ממרח ספייסי לחיץ 446 גר' מאסטר שף,מאסטר שף,NL,מאסטר שף ממרח ספייסי,גרמים,446.00,100 גרם,false,,15.90,3.5650,true,1,304952
7290114604901,false,ממרח שום לחיץ מאסטר שף444 ג',מאסטר שף,NL,מאסטר שף ממרח שום לח,גרמים,242.00,100 גרם,false,,15.90,6.5702,true,1,304953
7290114606547,false,מיונז עם פטריות כמהין מאסטר שף 242 ג',מאסטר שף,NL,מאסטר שף מיונז עם כמ,גרמים,242.00,100 גרם,false,,15.90,6.5702,true,1,304955
7290114606554,false,מיונז מופחת קלוריות בקבוק לחיץ,מאסטר שף,NL,מאסטר שף מיונז לייט,גרמים,470.00,100 גרם,false,,15.90,3.3830,true,1,304956
7290114606578,false,מאסטר שף שקדי מרק 400 גר,,,שקדי מרק מאסטר שף 40,גרמים,400.00,100 גרם,false,,11.90,2.9750,true,1,349541
7290114607391,false,"קולגייט משחת לילדים ברבי 2-5 שנים, 75 מ""ל",CP UK,MX,משחת שיניים קולגייט,מיליליטרים,75.00,"100 מ""ל",false,,16.90,22.5333,true,1,432151
7290114608664,false,סילאן לחיץ מאסטר שף,,,סילאן לחיץ 100% תמרי,גרמים,680.00,100 גרם,false,,18.90,2.7794,true,1,460095
7290115190014,false,סיגריות מרלבורו רד קצר בוקס,פיליפ מוריס,,סיגריות מרלבורו חפי,יחידה,0.00,יחידה,false,,36.50,0.0000,false,1,266663
7290115190083,false,סיגריות מרלבורו גולד,פיליפ מוריס,,מרלבורו גולד פאקט 1,יחידה,0.00,יחידה,false,,345.00,0.0000,false,1,266709
7290115190090,false,סיגריות מרלבורו גולד קצר בוקס,פיליפ מוריס,,סיגריות מרלבורו חפי,יחידה,0.00,יחידה,false,,36.50,0.0000,false,1,266679
7290115190137,false,מלברו עדין פיין טאץ 7.1,פיליפ מוריס,,מרלבורו פיין טאצ בוד,יחידה,0.00,יחידה,false,,32.50,0.0000,false,1,266664
7290115190151,false,סיגריות מרלבורו טאץP,פיליפ מוריס,,מרלבורו גולד טאצ בוד,יחידה,0.00,יחידה,false,,32.50,0.0000,false,1,266646
7290115190236,false,סיגריות פרלמנט קצר בלו,פיליפ מוריס,,סיגריות פרלמנט (חפיס,יחידה,0.00,יחידה,false,,42.00,0.0000,false,1,266612
7290115190335,false,ל.מ כחול לייבל ארוך,פיליפ מוריס,,אל אם בלו ארוך,יחידה,0.00,יחידה,false,,33.90,0.0000,false,1,309688
7290115190359,false,סיגריות ל.מ בלוPP חפ,פיליפ מוריס,,אל אם בלו לייבל קצר,יחידה,0.00,יחידה,false,,33.90,0.0000,false,1,259777
7290115190380,false,ל.מ רדPP פאקט סיגריו,פיליפ מוריס,,אל אם רד פאקט 10*20,יחידה,0.00,יחידה,false,,325.90,0.0000,false,1,259876
7290115190496,false,סיגריות נקסט פיין 10,פיליפ מוריס,IL,סיגריות נקסט (בודד),יחידה,0.00,יחידה,false,,31.90,0.0000,false,1,288502
7290115190595,false,סיגריות נקסט אוריגינ,פיליפ מוריס,,סיגריות נקסט(בודד),יחידה,0.00,יחידה,false,,31.90,0.0000,false,1,266613
7290115190632,false,טבק מלברו גולד (לייט ),פיליפ מוריס,,מלברו גולד טבק לגלגו,יחידה,0.00,יחידה,false,,79.00,0.0000,false,1,279209
7290115200003,false,פתי בר פינוקי וניל 220 גר' אסם,תאי פרזידנט פוד פאבל,PL,פתי בר פינוקי וניל 2,גרמים,220.00,100 גרם,false,,12.90,5.8636,true,1,275455
7290115200027,false,פתי בר פינוקי שוקו 220 גר' אסם.,קריות זול,PL,פתי בר פינוקי שוקו 2,גרמים,220.00,100 גרם,false,,12.90,5.8636,true,1,275456
7290115200713,false,מארז במבה קלאסי 5*50 ג' אסם,אסם,IL,מארז במבה קלאסי אסם,גרמים,250.00,100 גרם,false,,13.90,5.5600,true,1,277342
7290115201475,false,טבעול גורמה לביבות כרישה 434 גר',טבעול (מקבוצת אסם הש,IL,טבעול גורמה לביבות כ,גרמים,434.00,100 גרם,false,,36.90,8.5023,true,1,453429
7290115201680,false,ביסלי ברביקיו אסם 70,"אסם השקעות בע""מ",IL,ביסלי ברביקיו 70 גרם,גרמים,70.00,100 גרם,false,,4.90,7.0000,true,1,282240
7290115202786,false,מנה חמה פאוצ' נדלס טעם בקר 70 ג' אסם,Unknown,,מנה חמה פאוצ' נדלסאט,גרמים,70.00,100 גרם,false,,4.90,7.0000,true,1,303754
7290115202816,false,מנה חמה פאוצ' נדלס טעם עוף 70 ג' אסם,Unknown,,מנה חמה פאוצ' נדלסאט,גרמים,70.00,100 גרם,false,,4.90,7.0000,true,1,303755
7290115202847,false,מנה חמה פאוצ' נדלס ספייסי אסם 70 ג',Unknown,,מנה חמה פאוצ' נדלסאט,גרמים,70.00,100 גרם,false,,4.90,7.0000,true,1,303756
7290115204056,false,אסם קטשופ מופחת סוכר 690 גר',קריות זול,IL,אסם קטשופ מופחת סוכר,גרמים,690.00,100 גרם,false,,11.90,1.7246,true,1,311289
7290115205176,false,פיטנס - קרקר דק כפרי פיטנס 140 גרם,נסטלה Nestle,IL,פיטנס קרקר THIN כפרי,גרמים,140.00,100 גרם,false,,14.90,10.6429,true,1,366727
7290115205312,false,קרקר פיטנס דק עם זיתי קלמטה ועשבי תיבול,"אסם השקעות בע""מ",IL,פיטנס קרקר Thin Deli,גרמים,140.00,100 גרם,false,,14.90,10.6429,true,1,441307
7290115205633,false,טבעול סנסשיונל/גורמה נקנקיות 350 גר',עיצובים 2020 (4.8),,טבעול סנסשיונל נקנקי,גרמים,350.00,100 גרם,false,,36.90,10.5429,true,1,453431
7290115205695,false,אסם בונזור בצק מצונן לפיצה 460 גר',נסטלה סוויס (שוויץ),IL,בצק מצונן לפיצה בונז,גרמים,460.00,100 גרם,false,,19.90,4.3261,true,1,384443
7290115205718,false,בצק מצונן עלים 230 גר' בונז'ור,נסטלה סוויס (שוויץ),IL,בצק עלים מצונן בונז',גרמים,230.00,100 גרם,false,,14.90,6.4783,true,1,384458
7290115205978,false,פתיבר ואצבעות שוקולד 180 גרם - רבנות,"ד""ר ג'רארד בע""מ",PL,פתי בר אצבעות שוקולד,גרמים,180.00,100 גרם,false,,12.90,7.1667,true,1,410076
7290115206135,false,טבעול גורמה ארוחת קינואה,טבעול (מקבוצת אסם הש,IL,טבעול גורמה ארוחת קי,גרמים,450.00,100 גרם,false,,36.90,8.2000,true,1,453462
7290115207965,false,סירופ מנגו ואפרסק 1 ל' ויטמינצ'יק,בית-השיטה עסיס תעשיו,IL,ויטמינצ'יק מנגו 1 לי,ליטרים,1.00,ליטר,false,,23.50,23.5000,true,1,396906
7290115207989,false,סירופ לימון 1 ל' ויטמינצ'יק,בית-השיטה עסיס תעשיו,IL,ויטמינצ'יק לימון 1 ל,ליטרים,1.00,ליטר,false,,23.50,23.5000,true,1,396907
7290115208009,false,סירופ ענבים 1ל' ויטמינצ'יק,בית-השיטה עסיס תעשיו,IL,ויטמינצ'יק ענבים 1 ל,ליטרים,1.00,ליטר,false,,23.50,23.5000,true,1,396908
7290115208047,false,סירופ פטל 1 ל' ויטמינצ'יק,בית-השיטה עסיס תעשיו,IL,ויטמינצ'יק פטל 1 ליט,ליטרים,1.00,ליטר,false,,23.50,23.5000,true,1,396909
7290115209136,false,"טבעול חטיפי עוף צימחי העדה החרדית 1ק""ג",טבעול ישראל,IL,חטיפים צמחוניים בטעם,קילוגרמים,1.20,"100 ק""ג",false,,44.90,3741.6667,true,1,463488
7290115410075,false,טחינה 400 גרם סלטי ה,סלטי היום,IL,טחינה 400 גרם סלטי ה,גרמים,400.00,100 גרם,false,,13.90,3.4750,true,1,343500
7290115410082,false,סלט טורקי סלטי היום,סלטי היום,IL,טורקי 400 גרם סלטי ה,גרמים,400.00,100 גרם,false,,13.90,3.4750,true,1,343501
7290115410112,false,חומוס 400 גרם סלטי ה,סלטי היום,IL,חומוס 400 גרם סלטי ה,גרמים,400.00,100 גרם,false,,13.90,3.4750,true,1,343483
7290115410150,false,כרוב אדום סלטי היום,סלטי היום,IL,כרוב אדום 400 גרם סל,גרמים,400.00,100 גרם,false,,13.90,3.4750,true,1,402667
7290115410556,false,המעדניה חומוס מסבחה ירוק 250 גר',סלטי היום,IL,חומוס מסבחה 250 גרם,גרמים,250.00,100 גרם,false,,11.90,4.7600,true,1,343445
7290115410587,false,טחינה לבנה המעדניה 2,סלטי היום,IL,טחינה לבנה 250 גרם -,גרמים,250.00,100 גרם,false,,11.90,4.7600,true,1,343448
7290115410594,false,המעדניה חציל תיאלנדי 250 גר',סלטי היום,IL,חציל תאילנדי 250 גרם,גרמים,250.00,100 גרם,false,,11.90,4.7600,true,1,343449
7290115410600,false,המעדניה חציל במיונז 250 גר',סלטי היום,IL,חציל במיונז 250 גרם-,גרמים,250.00,100 גרם,false,,11.90,4.7600,true,1,343464
7290115410631,false,המעדניה חציל בטעם כבד 250 גר',,,חציל בטעם כבד 250 גר,גרמים,250.00,100 גרם,false,,11.90,4.7600,true,1,343467
7290115671162,false,סוכריות ג'לי ברכות 540 גר',STRAUSS-ISRAEL,,סוכריות ג'לי מסוכרות,גרמים,540.00,100 גרם,false,,22.90,4.2407,true,1,305142
7290115671339,false,מיני פינוקיות בראוניז בייגל בוטן עלית 180 ג' עלית,הגביע מוצרי ופלים בע,IL,מיני פינוקיות בראוני,גרמים,180.00,100 גרם,false,,11.90,6.6111,true,1,332701
7290115671346,false,מיני פינוקיות טופי קרמל מלוח 180 ג' עלית,הגביע מוצרי ופלים בע,IL,מיני פינוקיות במילוי,גרמים,180.00,100 גרם,false,,11.90,6.6111,true,1,332717
7290115675559,false,מארז קפה טורקי לדרך 70ג' עלית,שטראוס קפה בי.וי.,IL,מארז קפה טורקי לדרך,גרמים,70.00,100 גרם,false,,8.90,12.7143,true,1,283254
7290115675696,false,דגני בוקר קראנצ'ים שיבולת שועל עם אגוזים ושקדים,גלידות שטראוס,IL,דגני בוקר קוואקר שיב,גרמים,375.00,100 גרם,false,,23.90,6.3733,true,1,327376
7290115675702,false,דגני בוקר קראנצ'ים שיבולת שועל עם פירות מיובשים,גלידות שטראוס,IL,דגני בוקר קוואקר שיב,גרמים,375.00,100 גרם,false,,23.90,6.3733,true,1,327360
7290115675719,false,דגני בוקר קראנצ'ים שיבולת שועל וחתיכות שוקולד מריר,קוואקר Quaker,IL,דגני בוקר קוואקר שיב,גרמים,375.00,100 גרם,false,,23.90,6.3733,true,1,327361
7290115675986,false,יוגורט עם אגוזי לוז ושקדים בקרמל מלוח 4.5%,"שטראוס בריאות בע""מ",IL,דנונה קראנצ' אגוזים,גרמים,173.00,100 גרם,false,,5.20,3.0058,true,1,282651
7290115677140,false,"תפוצ'יפס WAVY פפריקה, 200 ג'",שטראוס פריטו ליי בע”,IL,תפוצ'יפס wavy פפריקה,גרמים,200.00,100 גרם,false,,11.90,5.9500,true,1,500033
7290115677362,false,נודלס טריאקי 350 ג' דלישס,"טרופיקל דגיל בע""מ אז",IL,נודלס טריאקי שטראוס,גרמים,350.00,100 גרם,false,,28.90,8.2571,true,1,361933
7290115677409,false,אורז קארי צהוב עם ירקות ברוטב קארי וקרם קוקוס,אוכל ביתי ניר עציון,IL,אורז קארי צהוב שטראו,גרמים,350.00,100 גרם,false,,28.90,8.2571,true,1,361934
7290115677966,false,ממרח אבוקדו טעם הטבע,סנטה אירפואטו,MX,ממרח אבוקדו אחלה 200,גרמים,200.00,100 גרם,false,,16.90,8.4500,true,1,351109
7290115678376,false,מעדן הגולן שוקולד 125 גרם,מיוצר עי קונדיטוריית,IL,מעדן הגולן מעדן חלב,גרמים,125.00,100 גרם,false,,3.50,2.8000,true,1,334355
7290115678383,false,מעדן הגולן שוקולד מריר 125 גר,מיוצר עי קונדיטוריית,IL,מעדן הגולן מעדן חלב,גרמים,125.00,100 גרם,false,,3.50,2.8000,true,1,334370
7290115678598,false,חסה אייסברג חיתוך גס,קריות זול,,חסה אייסברג חיתוך גס,גרמים,300.00,100 גרם,false,,10.90,3.6333,true,1,359340
7290115679878,false,פיצה מבצק עם סלק שטר,גסטרונומיה פרוסט אס.,IT,פיצה מבצק עם סלק שטר,גרמים,320.00,100 גרם,false,,21.90,6.8437,true,1,362045
7290115679960,false,ציטוס פופקורן טבעי 60 גר',"שטראוס פריטו ליי בע""",IL,ציטוס פופקורן בטעם ט,גרמים,60.00,100 גרם,false,,4.90,8.1667,true,1,357690
7290116244037,false,אצבעות שוקולד חלב 84 גר'-חד קרן,,,אצבעות שוקולד חלב חד,גרמים,84.00,100 גרם,false,,8.90,10.5952,true,1,402246
7290116244044,false,אצבעות שוקולד חלב 84 גר'-מיניונים,,,אצבעות שוקולד חלב מי,גרמים,84.00,100 גרם,false,,8.90,10.5952,true,1,402247
7290116530185,false,דגני בוקר דלישקד קרמל מלוח 400 ג' תלמה,יוניליוור שפע ישראל,IL,דגני בוקר דלישקד קרמ,גרמים,400.00,100 גרם,false,,26.90,6.7250,true,1,389647
7290116531083,false,ברנפלקס קוקומן שוקו בננה 375ג' תלמה,יוניליוור שפע ישראל,IL,דגני בוקר ברנפלקס לל,גרמים,500.00,100 גרם,false,,27.90,5.5800,true,1,390186
7290116532462,false,גלידת שמנת קליק בטעמי שוקולד בננה 384 ג' שטראוס,"גלידת שטראוס בע""מ, ר",IL,גלידת שמנת קליק בטעם,מיליליטרים,520.00,"100 מ""ל",false,,20.90,4.0192,true,1,447119
7290116532479,false,קליק גלידת שמנת בטעמי שוקולד לבן עוגיות 384 ג' שטראוס,"גלידת שטראוס בע""מ, ר",IL,קליק גלידת שמנת בטעם,מיליליטרים,520.00,"100 מ""ל",false,,20.90,4.0192,true,1,447120
7290116533063,false,שוגי בטעם קרטיב ענבים 400 גרם,יוניליוור,IL,שוגי דגני בוקר בטעם,גרמים,400.00,100 גרם,false,,24.90,6.2250,true,1,443922
7290116930015,false,חטיף חלבון GO קרמל ח.בוטנים קריספי 20 גרם חלבון,תנובה,IL,חטיף חלבון בטעם קרמל,גרמים,60.00,100 גרם,false,,14.90,24.8333,true,1,414572
7290116930282,false,ארוחה בקטנה לאבנה עם קרקרים 150ג' תנובה,תנובה,IL,לאבנה 9% שומן עם קרק,גרמים,150.00,100 גרם,false,,8.50,5.6667,true,1,452299
7290116930459,false,"משקה SHAKE בננה אננס וקוקוס 230 מ""ל יופלה",יופלה Yoplait,IL,יופלה SHAKE בננה אנ,מיליליטרים,230.00,"100 מ""ל",false,,8.50,3.6957,true,1,452332
7290116930480,false,"משקה SHAKE בננה קיווי תפוח 230 מ""ל יופלה",יופלה Yoplait,IL,יופלה SHAKE בננה קי,מיליליטרים,230.00,"100 מ""ל",false,,8.50,3.6957,true,1,452334
7290116930626,false,ארוחה בקטנה ציזיקי עם קרקרים 150ג' תנובה,תנובה,IL,ציזיקי עם קרקרים תנו,גרמים,150.00,100 גרם,false,,8.50,5.6667,true,1,452300
7290116930657,false,"משקה חלב GO בננה תמר שיבולת שועל 340 מ""ל",תנובה מרכז שיתופי לש,IL,משקה GO בננה תמר עם,מיליליטרים,340.00,"100 מ""ל",false,,7.90,2.3235,true,1,499162
7290116930718,false,מעדן תנובה דיאט בטעם שוקולד וקרמל מלוח 0% 150ג' תנובה,"תנובה בע""מ",IL,מעדן דיאט בטעם שוקו,גרמים,150.00,100 גרם,false,,4.50,3.0000,true,1,453924
7290116930954,false,יוגורט טעם פאי תפוחים 3% 150 ג' יופלה,"תנובה בע""מ",IL,יופלה בטעם פאי תפוחי,מיליליטרים,150.00,"100 מ""ל",false,,5.70,3.8000,true,1,499097
7290116931074,false,פרוסות טל העמק 32% 300 גרם,"תנובה בע""מ",IL,גבינת טל העמק 32% שו,גרמים,300.00,100 גרם,false,,28.90,9.6333,true,1,463009
7290116931289,false,יוגורט GO סמיך אלפחורס 200 גרם,תנובה מרכז שיתופי לש,IL,יוגורט גו סמיך 0% אל,גרמים,200.00,100 גרם,false,,6.20,3.1000,true,1,497044
7290117261354,false,גבינת ריקוטה 200ג5%שומן,באלבן גידה סנאי,TR,גבינת ריקוטה 5% שומ,גרמים,200.00,100 גרם,false,,10.90,5.4500,true,1,451322
7290117261668,false,לבנה טבעונית בסגנון,,,לבנה טבעונית בסגנון,גרמים,200.00,100 גרם,false,,16.90,8.4500,true,1,478427
7290117381205,false,שמן שומשום מאסטר שף,,,מאסטר שף שמן שומשום,מיליליטרים,370.00,"100 מ""ל",false,,25.90,7.0000,true,1,497060
7290117383742,false,"מארז זוג ג'ל רחצה לגבר 750 מ""ל פלמוליב",קולגייט פלמוליב,TR,פלמוליב גבר מרענן 75,ליטרים,1500.00,100 ליטר,false,,30.00,2.0000,true,1,493071
7290117821398,false,ביצת הפתעה פלסטיק עם סוכריות קשות 10 גרם כבאית,שמחה,IL,ביצת הפתעה פלסטיק עם,גרמים,10.00,100 גרם,false,,6.50,65.0000,true,1,452870
7290117821435,false,ביצת הפתעה פלסטיק עם סוכריות קשות 10 גרם חד קרן,שמחה,IL,ביצת הפתעה פלסטיק עם,גרמים,10.00,100 גרם,false,,6.50,65.0000,true,1,452873
7290117823798,false,בדיקה עצמית מהירה לז,,,בדיקה עצמית מהירה לז,יחידה,0.00,יחידה,false,,39.90,0.0000,true,1,395792
7290117829592,false,צמר גפן מתוק בדלי 50,,,צמר גפן מתוק בדלי 50,גרמים,50.00,100 גרם,false,,10.00,20.0000,true,1,497831
7290117829615,false,צמר גפן מתוק בדלי 50,,,צמר גפן מתוק בדלי 50,גרמים,50.00,100 גרם,false,,10.00,20.0000,true,1,497833
7290117860038,false,"הוואי - תחליב רחצה יוגורט בניחוח אוכמניות 700 מ""ל",הוואי,,תחליב רחצה יוגורט בנ,מיליליטרים,700.00,"100 מ""ל",false,,15.90,2.2714,true,1,493938
7290117860045,false,שמפו תמציות אלוורה ותה ירוק לשיער רגיל,"טרופיקל גליל בע""מ",IL,שמפו מטפח לשיער רגיל,מיליליטרים,700.00,"100 מ""ל",false,,15.90,2.2714,true,1,490297
7290117860090,false,מרכך תמציות אלוורה ותה ירוק לשיער רגיל,"טרופיקל גליל בע""מ",IL,מרכך מטפח לשיער רגיל,מיליליטרים,700.00,"100 מ""ל",false,,15.90,2.2714,true,1,490298
7290117860137,false,"הוואי קרם רחצה בניחוח פרח הקמליה, 700 מ""ל",הוואי,,תחליב רחצה בניחוח פר,מיליליטרים,700.00,"100 מ""ל",false,,15.90,2.2714,true,1,493940
7290117860144,false,שמפו למניעת קשקשים לשימוש יומיומי,"טרופיקל גליל בע""מ",IL,שמפו נגד קשקשים הווא,מיליליטרים,700.00,"100 מ""ל",false,,15.90,2.2714,true,1,490299
7290117860182,false,"הוואי - תחליב רחצה בניחוח מגנוליה ושמן שקדים 700 מ""ל",הוואי,,תחליב רחצה בניחוח מג,מיליליטרים,700.00,"100 מ""ל",false,,15.90,2.2714,true,1,493941
7290117860199,false,שמפו שמן ורד הבר ושמן מקדמיה לשיער יבש,קריות זול,,שמפו לשיער יבש הוואי,מיליליטרים,700.00,"100 מ""ל",false,,15.90,2.2714,true,1,490300
7290117860236,false,"הוואי - קרם רחצה בניחוח ויולה ורודה 700 מ""ל",הוואי,,תחליב רחצה בניחוח וי,מיליליטרים,700.00,"100 מ""ל",false,,15.90,2.2714,true,1,493942
7290117860243,false,"הוואי - מרכך מעניק לחות לשיער יבש 700 מ""ל","טרופיקל גליל בע""מ",IL,מרכך לשיער יבש הוואי,מיליליטרים,700.00,"100 מ""ל",false,,15.90,2.2714,true,1,490301
7290117860281,false,"הוואי - ג'ל רחצה לגבר בניחוח עוצמתי 700 מ""ל",הוואי,,ג'ל רחצה לגבר בניחוח,מיליליטרים,700.00,"100 מ""ל",false,,15.90,2.2714,true,1,493943
7290117860298,false,שמפו קומפלקס קרטין לשיער עדין או חלש,הוואי,,שמפו קרטין מחזק הווא,מיליליטרים,700.00,"100 מ""ל",false,,15.90,2.2714,true,1,495301
7290117860335,false,"ג'ל רחצה לגבר בניחוח מעורר 700 מ""ל הוואי",,,ג'ל רחצה לגבר בניחוח,מיליליטרים,700.00,"100 מ""ל",false,,15.90,2.2714,true,1,493944
7290117860649,false,"שמפו קרטין, שמן קיק ומי ורדים",טרופיקל דגיל,IL,שמפו ללא סולפטים הוו,מיליליטרים,700.00,"100 מ""ל",false,,15.90,2.2714,true,1,495304
7290117860694,false,"מרכך קרטין, שמן קיק ומי ורדים","טרופיקל גליל בע""מ",IL,מרכך ללא סולפטים הוו,מיליליטרים,700.00,"100 מ""ל",false,,15.90,2.2714,true,1,495305
7290117860748,false,שמפו תמצית יסמין מעניק נפח לשיער דק,קריות זול,,שמפו מעניק נפח הוואי,מיליליטרים,700.00,"100 מ""ל",false,,15.90,2.2714,true,1,495306
7290117860793,false,מרכך תמצית יסמין מעניק נפח לשיער דק,קריות זול,,מרכך מעניק נפח הוואי,מיליליטרים,700.00,"100 מ""ל",false,,15.90,2.2714,true,1,495307
7290117860946,false,"תחליב רחצה יוגורט בניחוח קוקוס 700 מ""ל הוואי",הוואי,,תחליב רחצה יוגורט בנ,מיליליטרים,700.00,"100 מ""ל",false,,15.90,2.2714,true,1,493947
7290117860991,false,"תחליב רחצה יוגורט בניחוח שקדים 700 מ""ל הוואי",,,תחליב רחצה יוגורט בנ,מיליליטרים,700.00,"100 מ""ל",false,,15.90,2.2714,true,1,493948
7290118420415,false,קטשופ קלאסי היתר מכירה 750ג' אסם,"אסם תעשיות מזון בע""מ",IL,.אסם קטשופ בקבוק לחי,גרמים,750.00,100 גרם,false,,12.50,1.6667,true,1,520332
7290118420477,false,בייגלה שטוחים בטעם ביסלי בצל 300ג' אסם,אסם,IL,בייגלה שטוחים בטעם ב,גרמים,300.00,100 גרם,false,,12.90,4.3000,true,1,485086
7290589856775,false,נייס שבלולים לשיער,,,נייס שבלולים לשיער,יחידה,0.00,יחידה,false,,5.90,0.0000,true,1,37202
7291008084915,false,תמר מג'הול 500גר,,,תמר מג'הול 500גר,גרמים,500.00,100 גרם,false,,10.00,2.0000,true,1,412740
7293556389962,true,שום לבן (סולו) ארוז,,,שום לבן (סולו) ארוז,גרמים,250.00,100 גרם,false,,11.90,4.7600,true,1,245528
7296082000035,false,ביצים פלוס אומגה3 6י,המכון למיון ושיווק ב,IL,6 ביצים L אומגה ביצה,יחידה,0.00,יחידה,false,,15.90,0.0000,true,1,51262
7296102266113,false,קרש חיתוך פלסטיק ג',,,קרש חיתוך פלסטיק ג',יחידה,0.00,יחידה,false,,16.90,0.0000,true,1,289875
7297028164590,false,גרבי גבר אקרילן,,,גרבי גבר אקרילן,יחידה,0.00,יחידה,false,,29.90,0.0000,true,1,378034
7297094011002,false,שלישיית חיתולי טטרה בנים,,,חיתולי בד בנים מודפס,יחידה,0.00,יחידה,false,,29.90,0.0000,true,1,215159
7297094105756,false,סט פליז - זוגי,,,סט פליז - זוגי,יחידה,0.00,יחידה,false,,149.90,0.0000,true,1,263827
7297094118916,false,סט פליז זוגי,,,סט פליז זוגי,יחידה,0.00,יחידה,false,,149.90,0.0000,true,1,393818
7297373004404,false,רב מגבת לבן 800 גרם,,,רב מגבת לבן 800 גרם,יחידה,0.00,יחידה,false,,19.90,0.0000,true,1,467898
7297461004316,false,שמיכת כבש זוגית,,,שמיכת כבש זוגית,יחידה,0.00,יחידה,false,,149.90,0.0000,true,1,380256
7297461005986,false,מפת שולחן ג'אקרד ( 1,,,מפת שולחן ג'אקרד ( 1,יחידה,0.00,יחידה,false,,49.90,0.0000,true,1,394923
7297478002978,false,גרבי ילדים,,,גרבי ילדים,יחידה,0.00,יחידה,false,,12.90,0.0000,true,1,370100
7297478003678,false,גרבי חיילות,,,גרבי חיילות,יחידה,0.00,יחידה,false,,19.90,0.0000,true,1,370180
7297488098152,false,דגש קמח חומוס ללא גל,אף.סי תבליני בגליל ב,IL,דגש קמח חומוס ללא גל,גרמים,500.00,100 גרם,false,,18.00,3.6000,true,1,50562
7297488098169,false,דגש קמח תירס ללא גלו,תבליני העליון 2007 ב,IL,דגש קמח תירס ללא גלו,גרמים,500.00,100 גרם,false,,11.90,2.3800,true,1,50563
7297488098305,false,קמח שקדים ללא גלוטן,תות תעשיות מזון (201,IL,דגש קמח שקדים 250 גר,גרמים,250.00,100 גרם,false,,27.90,11.1600,true,1,50576
7297488099753,false,עוגיות עם שוקולד וקוקוס,תות תעשיות מזון (201,IL,דגש עוגיות בטעם שוקו,גרמים,250.00,100 גרם,false,,29.90,11.9600,true,1,271284
7297488099821,false,גרנולה ללא תוספת סוכר לנמנעים מגלוטן,תות תעשיות מזון (201,IL,דגש גרנולה ללא תוספו,גרמים,250.00,100 גרם,false,,17.20,6.8800,true,1,270957
7297488199620,false,פצפוצי אורז מלא תפוח ללא גלוטן,דגש- דוכן גן שמואל,IL,דגש פצפוצי אורז מלא,גרמים,450.00,100 גרם,false,,23.90,5.3111,true,1,271108
7297588028455,false,מטריה סיליקון חצי או,,,מטריה סיליקון חצי או,יחידה,0.00,יחידה,false,,39.90,0.0000,true,1,261500
7297588028479,false,מטריה סיליקון חצי או,,,מטריה סיליקון חצי או,יחידה,0.00,יחידה,false,,39.90,0.0000,true,1,261502
7297621000998,false,מגבונים בדלי 250 יח',,,מגבונים בדלי 250 יח',יחידה,0.00,יחידה,false,,19.90,0.0000,true,1,467882
7298171185487,false,גרבי בנים מיקי מאוס,,,גרבי בנים מיקי מאוס,יחידה,0.00,יחידה,false,,19.90,0.0000,true,1,375592
7298171201446,false,כרבולית קורל נוער מי,,,כרבולית קורל נוער מי,יחידה,0.00,יחידה,false,,49.90,0.0000,true,1,355962
7298171201507,false,שמיכת קורל פליז זוגי,,,שמיכת קורל פליז זוגי,יחידה,0.00,יחידה,false,,99.90,0.0000,true,1,355947
7380580005255,false,נייס שבלולים לשיער,,,נייס שבלולים לשיער,יחידה,0.00,יחידה,false,,7.90,0.0000,true,1,37208
7394376123337,false,"משקה שיבולת שועל אורגני אוטלי , 1 ל'",טרנסומס פוד איי.בי,SE,משקה שיבולת שועל אור,ליטרים,1.00,ליטר,false,,16.90,16.9000,true,1,243823
7394376615825,false,"אוטלי משקה שיבולת שועל בתוספת סידן וויטמינים , 1 ל'",אוטלי OATLY,SE,משקה שיבולת שועל מוע,ליטרים,1.00,ליטר,false,,16.90,16.9000,true,1,243824
7394376616778,false,אוטלי משקה שיבולת שועל להקצפה בריסטה 1 ליטר,אוטלי OATLY,SE,משקה שיבולת שועל להק,ליטרים,1.00,ליטר,false,,18.90,18.9000,true,1,243826
7450014901320,false,נעלי בית חורף נשים,,,נעלי בית חורף נשים,יחידה,0.00,יחידה,false,,39.90,0.0000,true,1,194249
7450014901344,false,נעלי בית חורף נשים צ,,,נעלי בית חורף נשים צ,יחידה,0.00,יחידה,false,,39.90,0.0000,true,1,508621
7480588956563,false,נייס שבלולים לשיער,,,נייס שבלולים לשיער,יחידה,0.00,יחידה,false,,9.90,0.0000,true,1,37211
7501064191466,false,קורונה מארז שישיה 6*,סובסריה מודלו,,קורונה מארז שישיה 6*,ליטרים,2.13,ליטר,false,,37.90,17.7934,true,1,31770
7503012779306,false,סירופ אגבה כחולה אורגני,נוטריגבאס דה מקסיקו,MX,נטורפוד סירופ אגבה כ,גרמים,330.00,100 גרם,false,,20.90,6.3333,true,1,59148
7509546666846,false,"קולגייט טוטאל משחת שיניים פחם 75 מ""ל",קולגייט פלמוליב,MX,קולגייט טוטאל משחת ש,מיליליטרים,75.00,"100 מ""ל",false,,21.90,29.2000,true,1,315324
7610400014649,false,שוקולד חלב במילוי קרם רך,לינדט ושפרונגלי,CH,לינדט לינדור שוק.חלב,גרמים,100.00,100 גרם,false,,18.90,18.9000,true,1,14818
7610400068505,false,בונבוניירת לינדור Lindor שוקולד חלב,לינדט ושפרונגלי,CH,לינדור בונבוניירה חל,גרמים,200.00,100 גרם,false,,35.90,17.9500,true,1,14821
7610400068529,false,בונבוניירת לינדור Lindor מעורבב,לינדט ושפרונגלי,CH,לינדור בונבוניירה אס,גרמים,200.00,100 גרם,false,,35.90,17.9500,true,1,14822
7610400074155,false,שוקולד מריר במילוי קרם,"לינדט ושפרונגלי, CH-",CH,לינדט לינדור 60% 100,גרמים,100.00,100 גרם,false,,18.90,18.9000,true,1,14825
7613030979647,false,דגני בוקר טריקס פירות עולם היורה 480 ג',ג'נרל מילס סאן אדריא,IL,דגני בוקר טריקס 480,גרמים,480.00,100 גרם,false,,28.90,6.0208,true,1,120849
7613032045753,false,פיטנס - דגני בוקר שוקולד 375 גרם,נסטלה צרפת איטנקורט,FR,דגני פיטנס שוקולד נס,גרמים,375.00,100 גרם,false,,23.90,6.3733,true,1,21835
7613033548192,false,פיטנס - דגני בוקר שוקולד מריר 375 גרם,נסטלה צרפת איטנקורט,FR,דגני בוקר פיטנס שוקו,גרמים,375.00,100 גרם,false,,23.90,6.3733,true,1,68563
7613035548374,false,דגני בוקר גולדן מיניס מחיטה מלאה ותירס,נסטלה צרפת איטנקורט,FR,דגני בוקר גולדן מיני,גרמים,570.00,100 גרם,false,,28.90,5.0702,true,1,21874
7613035622623,false,פיטנס - גרנולה שקדים ודבש 300 גרם,שוורצקוף& הנקל דיסלד,LT,פיטנס גרנולה שקדים ו,גרמים,300.00,100 גרם,false,,16.90,5.6333,true,1,21875
7613035635845,false,פיטנס גרנולה שוקולד 14*300 גרם,שוורצקוף& הנקל דיסלד,LT,פיטנס גרנולה שוקולד,גרמים,300.00,100 גרם,false,,16.90,5.6333,true,1,21876
7613035758834,false,גרנולה חומציות 300 ג' פיטנס,שוורצקוף& הנקל דיסלד,LT,פיטנס גרנולה חמוציות,גרמים,300.00,100 גרם,false,,16.90,5.6333,true,1,21877
7613035807778,false,פרפקטו רוטב עגבניות לבולונז 400 ג' אסם,אסם פרפקטו Perfecto,ES,פרפקטו רוטב עגבניות,גרמים,400.00,100 גרם,false,,10.90,2.7250,true,1,21878
7613035809109,false,פרפקטו רוטב עגבניות ובזיליקום 400 ג'אסם,אסם פרפקטו Perfecto,ES,פרפקטו רוטב עגבניות,גרמים,400.00,100 גרם,false,,10.90,2.7250,true,1,21879
7613035809857,false,פרפקטו רוטב עגבניות לפסטה ולבישול 400 ג' אסם,אסם פרפקטו Perfecto,ES,פרפקטו רוטב עגבניות,גרמים,400.00,100 גרם,false,,10.90,2.7250,true,1,21881
7613036105545,false,דוגלי בטעם בקר גזע ק,נסטלה פורינה באק הונ,HU,דוגלי בטעם בקר גזע ק,קילוגרמים,3.00,"ק""ג",false,,53.60,17.8667,true,1,92165
7613036105606,false,דוגלי בקר לכלבים בוגרים,נסטלה פורינה פטקר הו,HU,דוגלי בוגר בקר 4*3קג,קילוגרמים,3.00,"ק""ג",false,,55.90,18.6333,true,1,92171
7613037204797,false,סטארבקס - פולי קפה בלונד אספרסו 450 גרם,Unknown,IL,סטארבקס פולי קפה בלו,גרמים,450.00,100 גרם,false,,54.90,12.2000,true,1,313102
7613037276091,false,נסטלה מיקס מיני אריזות דגני בוקר 200 ג',נסטלה Nestle,FR,מיקס מיני אריזות דגנ,גרמים,200.00,100 גרם,false,,20.90,10.4500,true,1,146578
7613037686906,false,פיטנס - דגני בוקר שקדים ודבש 355 גרם,נסטלה צרפת איטנקורט,FR,פיטנס שקדים ודבש נסט,גרמים,355.00,100 גרם,false,,23.90,6.7324,true,1,198570
7613037687132,false,דגני פיטנס שקדים ודב,נסטלה צרפת איטנקורט,,דגני פיטנס שקדים ודב,גרמים,585.00,100 גרם,false,,29.90,5.1111,true,1,198690
7613037811629,false,דגני בוקר קורנפלקס גו פרי 500 גר',שוורצקוף& הנקל דיסלד,IL,קורנפלקס גו פרי 500,גרמים,500.00,100 גרם,false,,17.90,3.5800,true,1,215924
7613038268262,false,דגני בוקר צ'יריוס דבש ושקדים במתיקות מעודנת,נסטלה פולין דגני בוק,FR,האני נאט ציריוס מופח,גרמים,410.00,100 גרם,false,,22.90,5.5854,true,1,213215
7613039770450,false,סנסשיונל בורגר טבעול 226 ג',ג'נרל מילס סאן אדריא,IL,בורגר צמחוני טבעוני,גרמים,226.00,100 גרם,false,,37.90,16.7699,true,1,269156
7613287325808,false,אוסם - דיפ אנד ספרד מטבל איולי שום 295 גרם,נסטלה פולין,PL,רוטב איולי שום לחיץ,גרמים,295.00,100 גרם,false,,15.90,5.3898,true,1,367062
7613287325983,false,אוסם - דיפ אנד ספרד מטבל סלסה 335 גרם,דפטונה פולין,PL,רוטב סלסה לחיץ אסם 3,גרמים,335.00,100 גרם,false,,15.90,4.7463,true,1,367032
7613287394323,false,אסם מולטי צ'יריוס 14*600 גרם 2021,פרומבראפ - אנגליה,GB,מולטי צ'יריוס 100% ד,גרמים,600.00,100 גרם,false,,23.90,3.9833,true,1,320487
7613287476494,false,אוסם - דיפ אנד ספרד מיונז בסגנון צרפתי 280 גרם,נסטלה פולין,PL,מיונז לחיץ אסם 280 ג,גרמים,280.00,100 גרם,false,,15.90,5.6786,true,1,367047
7613287476678,false,דגני בוקר סינימיניס צ'ורוס נסטלה 360 ג',נסטלה אוונקה,PT,סינימיניס צ'ורוס 360,גרמים,360.00,100 גרם,false,,28.90,8.0278,true,1,329349
7613287821348,false,נתחוני עוף טבעוני סנסשיונל טבעול 350 ג',ג'נרל מילס סאן אדריא,CZ,נתחוני עוף טבעוני סנ,גרמים,350.00,100 גרם,false,,33.90,9.6857,true,1,375003
7613600003796,false,פאל מאל בלו סופרסלימ,Unknown,,פאל מאל בלו סופרסלימ,יחידה,0.00,יחידה,false,,290.00,0.0000,false,1,4729
7622010001858,false,עוגיות אוראו ממולאות קרם וניל 176 ג',פי אר ג'יי אס אי מנד,UA,עוגיות אוראו סנדביץ,גרמים,176.00,100 גרם,false,,10.90,6.1932,true,1,5877
7622201137052,false,אוראו מיני קוקיס - עוגיות שוקולד צ'יפס ותחתית מצופה שוקולד חלב,מונדלז אספנה גלטאס פ,ES,מיני קוקיז מילקה 110,גרמים,110.00,100 גרם,false,,9.90,9.0000,true,1,366913
7622201139278,false,גבינת שמנת 27% שומן 150 ג' פילדלפיה,מיודלז אספניה פרודוק,ES,פילדלפיה גבינת שמנת,גרמים,150.00,100 גרם,false,,16.90,11.2667,true,1,212532
7622201521493,false,גבינת שמנת עם שום ועשבי תיבול 12% שומן,מיודלז אספניה פרודוק,ES,גבינת שמנת עם שום וע,גרמים,150.00,100 גרם,false,,16.90,11.2667,true,1,454667
7622201801809,false,מילקה- שוק' חלב עם אגוזים 100 גר' חדש,מנדלז דויצ'לנד סנקס,DE,מילקה שוקוד חלב עם א,גרמים,100.00,100 גרם,false,,7.90,7.9000,true,1,334079
7622201802363,false,שוקולד מילקה טבלה חלב צימוקים ואגוזים 100ג',מנדלז דויצ'לנד סנקס,DE,מילקה שוקולד חלב עם,גרמים,100.00,100 גרם,false,,7.90,7.9000,true,1,334080
7622201802394,false,שוקולד מילקה טבלה חלב 100 ג',מנדלז דויצ'לנד סנקס,DE,מילקה שוקולד חלב 100,גרמים,100.00,100 גרם,false,,7.90,7.9000,true,1,334064
7622201813390,false,וופל במילוי קרם קקאו בציפוי שוקולד חלב,מונדליז סי.אר. ביסקו,,מילקה וואפל במילוי ק,גרמים,150.00,100 גרם,false,,15.90,10.6000,true,1,321785
7622210453327,false,עוגיות שוקוצ'יפס במילוי שוקולד סנסיישן,מנדלז פולסקה פרודקשן,PL,מילקה סנסיישן 156 גר,גרמים,156.00,100 גרם,false,,15.90,10.1923,true,1,102072
7622210637994,false,מיני עוגיות אוראו קראנצ'י בייטס אורגינל,מונדלז אספניה ג'לאטס,ES,קראנצ'י בייטס אוראו,גרמים,110.00,100 גרם,false,,10.90,9.9091,true,1,366956
7622300270506,false,מילקה גריינס - עוגיות שיבולת שועל מצופות שוקולד 168 ג',מונדלז פולסקה פרודקש,PL,מילקה גריינס עוגיות,גרמים,168.00,100 גרם,false,,15.90,9.4643,true,1,5889
7622300489427,false,עוגיות אוראו בציפוי שוקולד לבן 246 ג',מנדלז אספנה גאלטס פר,ES,אוראו פאג שוקולד לבן,גרמים,246.00,100 גרם,false,,21.90,8.9024,true,1,117803
7622300489434,false,"עוגיות אוראו פאדג' בציפוי שוקולד חלב, 246 גרם",מנדלז אספנה גאלטס פר,ES,אוראו פאג שוקולד חלב,גרמים,246.00,100 גרם,false,,21.90,8.9024,true,1,117804
7622300503079,false,"מילקה, עוגיות ביסקוויט מצופות שוקולד - 200 גרם",מונדלז פולסקה פרודקש,PL,מילקה מוו - ביסקוויט,גרמים,200.00,100 גרם,false,,15.90,7.9500,true,1,5896
7622300617820,false,שוקלד מילקה טבלת חלב אוראו 100ג',מנדלז דויצ'לנד סנקס,DE,מילקה שוקולד אוראו 1,גרמים,100.00,100 גרם,false,,7.90,7.9000,true,1,5897
7630311507016,false,קפסולות סאני דיי 57 ג' סטארבקס,נסטלה שוויץ - קפה,CH,סטארבקס קפסולות סאני,גרמים,57.00,100 גרם,false,,23.90,41.9298,true,1,443463
7630477891592,false,קפסולות האוס בלנד לונגו עוצמה 8 - 10 יח',נסטלה שוויץ - קפה,CH,קפסולות האוס בלנד סט,גרמים,57.00,100 גרם,false,,23.90,41.9298,true,1,273658
7630477891639,false,קפסולות קפה ורונה עוצמה 10 - 10 יח',נסטלה שוויץ - קפה,CH,סטארבקס קפסולות ורונ,גרמים,55.00,100 גרם,false,,23.90,43.4545,true,1,263707
7630477891691,false,סטארבקס - קפסולות קולומביה 57 גרם * 10,נסטלה שוויץ - קפה,IL,סטארבקס קפסולות קולו,גרמים,57.00,100 גרם,false,,23.90,41.9298,true,1,263709
7638900426663,false,סוללת אדוונס פורמולה,,,סוללת אדוונס פורמולה,יחידה,0.00,יחידה,false,,27.90,0.0000,true,1,206953
7638900426809,false,סוללת MAX אנרג'ייזר,אנרג'יזר Energizer,,סוללת MAX אנרג'ייזר,יחידה,0.00,יחידה,false,,24.90,0.0000,true,1,277873
7638900426823,false,סוללת MAX אנרג'ייזר,,,סוללת MAX אנרג'ייזר,יחידה,0.00,יחידה,false,,26.90,0.0000,true,1,277874
7690589856667,false,נייס שבלולים לשיער,,,נייס שבלולים לשיער,יחידה,0.00,יחידה,false,,12.90,0.0000,true,1,37212
7702174068826,false,סוכריות לקקן במילוי טופי בטעמי יוגורט פירות,יוגטה yogueta,CO,יוגטה לקקן חדש 12יח,גרמים,216.00,100 גרם,false,,12.90,5.9722,true,1,14045
7702174068833,false,סוכריות לקקן במילוי טופי בטעמי גלידת פירות,יוגטה yogueta,CO,'לקקן יוגטה אייס קרי,גרמים,216.00,100 גרם,false,,12.90,5.9722,true,1,14046
7702174070201,false,סוכריות לקקן במילוי טופי בטעם מסטיק,יוגטה yogueta,CO,לקקן בטעם מסטיק ממול,גרמים,216.00,100 גרם,false,,12.90,5.9722,true,1,14049
7790040420076,false,בונבון מיני אלפחורס 117 גר',,,אלפחורס עוגיות סנדבי,גרמים,117.00,100 גרם,false,,9.90,8.4615,true,1,271777
7792860006218,false,סוכריות לקקנים בייבי דול Baby Doll לריטר,גוד פוד פרודקטס S.p,AR,בייבי דול לקקן 20גר,גרמים,24.00,100 גרם,false,,2.90,12.0833,true,1,14829
7800601801005,false,פלסטרים מיקס בצבע עור 100יח,,,פלסטרים 100 יח' - לי,יחידה,0.00,יחידה,false,,8.90,0.0000,true,1,262398
7800601801029,false,פלסטרים שקופים 100 יחי',,,פלסטרים 100 יח' - לי,יחידה,0.00,יחידה,false,,8.90,0.0000,true,1,262400
7861500002740,false,בירה לף בראון בקבוק,מנדלז סי.אר. פרודקשן,BE,בירה לף בראון - בק',מיליליטרים,330.00,"100 מ""ל",false,,12.90,3.9091,true,1,339546
7900250001013,false,מברשת שיער פן רחבה,,,אביזרי שיער,יחידה,0.00,יחידה,false,,19.90,0.0000,true,1,37214
8000070003798,false,קפסולות קפה דליסיוזו AMM8 לוואצה 120 ג',לוואצה Lavazza,,קפסולת LAVAZZA DELIZ,גרמים,120.00,100 גרם,false,,29.90,24.9167,true,1,473829
8000070003880,false,קפסולות קפה קרמה דולצ'ה AMM6 לוואצה 120ג',לוואצה Lavazza,,קפסולת LAVAZZA CREMA,גרמים,120.00,100 גרם,false,,29.90,24.9167,true,1,473832
8000070010680,false,קפסולות לאווצה ויגורוסו 12 10 יח',לאוג'י לוואצה אס.פי.,IT,לוואצ'ה קפסולות קפה,גרמים,50.00,100 גרם,false,,21.90,43.8000,true,1,368516
8000215204219,false,משקה ואורז אורגני וי,בטר אנד דיפרנט,IT,משקה אורז אורגני 1 ל,ליטרים,1.00,ליטר,false,,15.90,15.9000,true,1,271137
8000215204714,false,משקה שיבולת שועל אור,בטר אנד דיפרנט,IT,משקה שיבולת שועל אור,ליטרים,1.00,ליטר,false,,15.90,15.9000,true,1,271141
8000380003723,false,גרנד פטיסרי עוגיות וופל אגוזים 100ג',קריניציה ויטמינה אס,IT,גרנד פטיסרי ופל אגוז,גרמים,100.00,100 גרם,false,,13.90,13.9000,true,1,14053
8000380003761,false,וופל גרנדה פטיסרי קוקוס שוקולד 100ג',קריניציה ויטמינה אס,IT,גרנד פטיסרי ופל קוקו,גרמים,100.00,100 גרם,false,,13.90,13.9000,true,1,14054
8000380004669,false,וופל לואקר סנדוויץ קוביות ושוקולד 200ג',"א. לואקר, קונפקט ג'י",AT,לואקר וופל סנדוויץ',גרמים,200.00,100 גרם,false,,14.90,7.4500,true,1,14056
8000380004676,false,קוביות וופל סנדוויץ Sandwich עם וניל וחלב,"א. לואקר, קונפקט ג'י",AT,לואקר וופל קרם וניל,גרמים,200.00,100 גרם,false,,14.90,7.4500,true,1,14057
8000380004911,false,קוביות וופל קואדרטיני Quadratini קרם אגוזים,קריניציה ויטמינה אס,AT,וופל קואדרטיני אגוז,גרמים,250.00,100 גרם,false,,15.90,6.3600,true,1,14059
8000380004966,false,וופל קוארדטיני לואקר קוביות שוקולד 250ג',קריניציה ויטמינה אס,AT,וופל קואדרטיני קקאו,גרמים,250.00,100 גרם,false,,15.90,6.3600,true,1,14062
8000380007219,false,וופל לואקר אגוז קלאסי 175ג',קריות זול,AT,וופל לואקר אגוז 175,גרמים,175.00,100 גרם,false,,13.90,7.9429,true,1,67734
8000380007257,false,וופל גרנדה מצופה שוקולד 200ג',קריניציה ויטמינה אס,IT,.וופל מצופה שוקולד ג,גרמים,200.00,100 גרם,false,,15.90,7.9500,true,1,67736
8000380007264,false,וופל קקאו לואקר 175 גר',קריניציה ויטמינה אס,AT,וופל לואקר קקאו 175,גרמים,175.00,100 גרם,false,,13.90,7.9429,true,1,14071
8000380144044,false,וופל גרדנה לואקר שוקולד 200ג',"א. לואקר , AG/SpA, ו",IT,וופל גרדנה שוקולד 20,גרמים,200.00,100 גרם,false,,15.90,7.9500,true,1,14077
8000380180721,false,וופל לואקר קקאו וקרם חלב 175ג',קריניציה ויטמינה אס,AT,וופל לואקר קלאסיק שו,גרמים,175.00,100 גרם,false,,13.90,7.9429,true,1,67745
8000380187119,false,עוגיות אגוזי לוז 100 ג'-לואקר,לואקר Loacker,AT,עוגיות לואקר אגוזי ל,גרמים,100.00,100 גרם,false,,15.90,15.9000,true,1,267948
8000380187249,false,עוגיות עם מילוי קרם שקדים ושוקולד חלב,לואקר Loacker,AT,עוגיות לואקר שקדים 1,גרמים,100.00,100 גרם,false,,15.90,15.9000,true,1,267926
8000380187300,false,עוגיות פתיתי שוקולד 120 ג'-לואקר,לואקר Loacker,AT,עוגיות לואקר פתיתי ש,גרמים,120.00,100 גרם,false,,15.90,13.2500,true,1,267949
8000380192243,false,וופלים לואקר מקסי בטעם אגוז 200 גר',לואקר Loacker,AT,וופל לואקר מקסי אגוז,גרמים,200.00,100 גרם,false,,15.90,7.9500,true,1,137441
8000380206896,false,וופל גרדנה בטעם חמאת בוטנים מצופה,לואקר Loacker,,לואקר גרדנה חמאת בוט,גרמים,200.00,100 גרם,false,,15.90,7.9500,true,1,449890
8000500009673,false,בונבוניירה פררו רושה 300ג',קריות זול,IT,רושר בונבוניירה 300,גרמים,300.00,100 גרם,false,,50.90,16.9667,true,1,48737
8000500023624,false,חטיפי הפי היפו Happy Hippo במילוי קרם חלב וקקאו,קינדר Kinder,DE,הפי היפו 5*20ג,גרמים,102.00,100 גרם,false,,14.90,14.6078,true,1,14107
8000500023976,false,בונבוניירת רפאלו Raffaello,קריות זול,PL,בונבוניירת רפאלו 150,גרמים,150.00,100 גרם,false,,18.90,12.6000,true,1,48738
8000500029350,false,מארז וופל מצופה 3יח' *43 גרם קינדר בואנו,קינדר Kinder,PL,קינדר בואנו 3*43 גרם,גרמים,129.00,100 גרם,false,,13.90,10.7752,true,1,48740
8000500032237,false,בונבוניירה פררו רושר 375ג',פררו Ferrero,IT,רושר 375 גרם,גרמים,375.00,100 גרם,false,,50.90,13.5733,true,1,48741
8000500037874,false,בונבוניירה פררו רושה 200ג',קריות זול,IT,בונבוניירת רושר 200ג,גרמים,200.00,100 גרם,false,,29.90,14.9500,true,1,48742
8000500071083,false,אצבעות שוקולד קינדר Kinder שש עשרה יחידות,קינדר Kinder,IT,קינדר אצבעות שוקולד,גרמים,200.00,100 גרם,false,,15.90,7.9500,true,1,48743
8000500121436,false,מארז קינדר בואנו Kinder Bueno לבן שלוש יחידות,קינדר Kinder,PL,קינדר בואנו לבן 3*43,גרמים,117.00,100 גרם,false,,13.90,11.8803,true,1,48745
8000500227848,false,נוטלה - בי רדי אצבעות ביסקוויט במילוי שוקולד 6 יח' * 22 גרם,Unknown,,'וופל מלוח במילוי ממ,גרמים,132.00,100 גרם,false,,13.90,10.5303,true,1,123809
8000500249352,false,קינדר בואנו מיני מיקס שקית 205 ג',קינדר Kinder,PL,קינדר בואנו מיני מיק,יחידה,0.00,יחידה,false,,20.90,0.0000,true,1,94658
8000500256213,false,קינדר שוקולד מיני בשקית.,קדבורי,IT,פרר-קינדר שוקולד מינ,גרמים,120.00,100 גרם,false,,11.90,9.9167,true,1,139070
8000500267103,false,קינדר דליס שוקול' אישי מארז 10 יח' 420 גר',קינדר Kinder,,פררו-קינדר דליס עשיר,יחידה,0.00,יחידה,false,,22.90,0.0000,true,1,129137
8000500310397,true,ביסקוויטים במילוי נו,,,ביסקוויטים במילוי נו,גרמים,166.00,100 גרם,false,,15.90,9.5783,true,1,509810
8000500366073,true,ביסקוויטים במילוי נו,,,ביסקוויטים במילוי נו,גרמים,276.00,100 גרם,false,,22.90,8.2971,true,1,509794
8001003100164,false,יוגטה סוכריות ג'לי בטעמי פירות,יוגטה yogueta,,יוגטה סוכריות ג'לי פ,גרמים,450.00,100 גרם,false,,14.90,3.3111,true,1,129281
8001090493637,false,"הד אנד שולדרס שמפו אולטרא טוטאל קר 450 מ""ל",הד אנד שולדרס H&S,,שמפו אולטרא טוטאל קר,מיליליטרים,450.00,"100 מ""ל",false,,19.90,4.4222,true,1,95338
8001090832450,false,"שמפו פנטן נוסחה קלאסית 660 מ""ל",פרוקטר & גמבל,RO,שמפו הנוסחה הקלאסית,מיליליטרים,660.00,"100 מ""ל",false,,21.90,3.3182,true,1,230668
8001090832535,false,"שמפו פנטן שמן מרוקאי משקם 660 מ""ל",פרוקטר & גמבל,RO,שמפו שמן מרוקאי משקם,מיליליטרים,660.00,"100 מ""ל",false,,21.90,3.3182,true,1,230669
8001090832573,false,"שמפו פנטן לחות מוגברת 660 מ""ל",פרוקטר & גמבל,RO,שמפו לחות מוגברת פנט,מיליליטרים,660.00,"100 מ""ל",false,,21.90,3.3182,true,1,230670
8001440118944,false,שלישיית עגבניות פולפה *400 ג' צ'יריו,סיריו,,שלישיית עגבניות פולפ,גרמים,1200.00,100 גרם,false,,16.90,1.4083,true,1,516486
8001620011935,false,מים מינרלים מוגזים שישייה בקבוק אישי,אקווה מינרלה סאן בנד,IT,סאן בנדטו מוגז 6*500,ליטרים,3.00,ליטר,false,,13.90,4.6333,true,1,10380
8001620015636,false,"משקה פירות פרוטה-מיקס פירות 400 מ""ל סאן בנדטו",אקווה מינרלה סאן בנד,IT,סן בנדטו בטעם מיקס פ,מיליליטרים,400.00,"100 מ""ל",false,,8.50,2.1250,true,1,299349
8001620019177,false,"סן בנדטו ענבים 400 מ""ל 12 יח'",אקווה מינרלה סאן בנד,IT,סאן בנדטו משקה בטעם,מיליליטרים,400.00,"100 מ""ל",false,,6.90,1.7250,true,1,444444
8001841470290,false,נוזל ניקוי כלים פייר,,,נוזל ניקוי כלים פייר,מיליליטרים,750.00,"100 מ""ל",false,,14.90,1.9867,true,1,500081
8001841625188,false,סבון כלים פלטינום לימון X3 פעולות להסרת שומנים,פרוקטר אנד גמבל,GB,פיירי נוזל כלים פלטי,מיליליטרים,515.00,"100 מ""ל",false,,10.90,2.1165,true,1,235260
8001841625362,false,"נוזל כלים בניחוח לימון פלטינום 780 מ""ל פיירי",,,פיירי נוזל כלים פלטי,מיליליטרים,780.00,"100 מ""ל",false,,14.90,1.9103,true,1,432787
8001841625461,false,סבון כלים פלטינום X3 פעולות להסרת שומנים,פרוקטר אנד גמבל,GB,פיירי נוזל כלים פלטי,מיליליטרים,515.00,"100 מ""ל",false,,10.90,2.1165,true,1,235262
8001841664866,false,"פנטן - שמפו סופר פוד 400 מ""ל",,,"שמפו פאנטן 400 מ""ל",מיליליטרים,400.00,"100 מ""ל",false,,15.90,3.9750,true,1,514789
8001841664903,false,"שמפו פאנטן 400 מ""ל",,,"שמפו פאנטן 400 מ""ל",מיליליטרים,400.00,"100 מ""ל",false,,15.90,3.9750,true,1,514790
8001841665139,false,"שמפו פאנטן 400 מ""ל",,,"שמפו פאנטן 400 מ""ל",מיליליטרים,400.00,"100 מ""ל",false,,15.90,3.9750,true,1,518926
8001841665450,false,"שמפו פאנטן 400 מ""ל",,,"שמפו פאנטן 400 מ""ל",מיליליטרים,400.00,"100 מ""ל",false,,15.90,3.9750,true,1,514791
8001841665498,false,"שמפו פאנטן 400 מ""ל",,,"שמפו פאנטן 400 מ""ל",מיליליטרים,400.00,"100 מ""ל",false,,15.90,3.9750,true,1,514792
8001841665610,false,"שמפו פאנטן 400 מ""ל",,,"שמפו פאנטן 400 מ""ל",מיליליטרים,400.00,"100 מ""ל",false,,15.90,3.9750,true,1,518927
8001841665856,false,"שמפו פאנטן 400 מ""ל",,,"שמפו פאנטן 400 מ""ל",מיליליטרים,400.00,"100 מ""ל",false,,15.90,3.9750,true,1,514794
8001841810461,false,"שמפו פאנטן 400 מ""ל",,,"שמפו פאנטן 400 מ""ל",מיליליטרים,400.00,"100 מ""ל",false,,15.90,3.9750,true,1,514795
8002267016475,false,צ'וקטה ביצת הפתעה בוב הבנאי מארז 3,מולינו ניקולי s.p.a,IT,צ'וקטה ביצת הפתעה בו,יח',60.00,יח',false,,13.90,0.2317,true,1,135916
8002270436581,false,סאן פלגרינו מים מוגז,סן-פלגרינו,,סאן פלגרינו מים מוגז,ליטרים,3.00,ליטר,false,,35.70,11.9000,true,1,146545
8002270846472,false,סן פלגרינו פלאסטיק ב,סן פלגרינו,IT,סאן פלגרינו 500מל,מיליליטרים,500.00,"100 מ""ל",false,,4.90,0.9800,true,1,10386
8002270866524,false,סאן פלנגרינו מים מינ,סן פלגרינו San Pellegrino,IT,סאן פלנגרינו מים מינ,ליטרים,1.00,ליטר,false,,8.90,8.9000,true,1,10387
8002450204009,false,ורדי ספרקלטיני אפרסק,"איי, בי, אינבוו",IT,ורדי אפרסק 750 מל,מיליליטרים,750.00,"100 מ""ל",false,,31.90,4.2533,true,1,8006
8002450208007,false,ורדי גרין אפל ספרקלטיני,בוסקה Bosca,,ורדי ספרקלטיני גרין,מיליליטרים,750.00,"100 מ""ל",false,,31.90,4.2533,true,1,8014
8003477500044,false,"פרימלוצ'י ספגטי מ""ס",,,"פרימלוצ'י ספגטי מ""ס",גרמים,500.00,100 גרם,false,,6.90,1.3800,true,1,479423
8003477500051,false,"פרימלוצ'י ספגטי מ""ס",,,"פרימלוצ'י ספגטי מ""ס",גרמים,500.00,100 גרם,false,,6.90,1.3800,true,1,479424
8003477500327,false,פרימלוצ'י קורנטי 500,,,פרימלוצ'י קורנטי 500,גרמים,500.00,100 גרם,false,,6.90,1.3800,true,1,479425
8003477500365,false,פרימלוצ'י קונקילייה,,,פרימלוצ'י קונקילייה,גרמים,500.00,100 גרם,false,,6.90,1.3800,true,1,479426
8003477500594,false,פרימלוצ'י פנה ריגאטה,,,פרימלוצ'י פנה ריגאטה,גרמים,500.00,100 גרם,false,,6.90,1.3800,true,1,479766
8003753158587,false,אילי קפסולות אספרסו פורטה 10 יח' 57 גרם,ג'ייקובס דאו אגרבטס,FR,אילי קפסולות אספרסו,גרמים,57.00,100 גרם,false,,27.90,48.9474,true,1,406361
8003753158617,false,אילי קפסולות אספרסו לונגו קלאסיקו 10 יח' 57 גרם,ג'ייקובס דאו אגרבטס,FR,אילי קפסולות אספרסו,גרמים,57.00,100 גרם,false,,27.90,48.9474,true,1,406362
8003753158648,false,אילי קפסולות אספרסו אינטנסו 10 יח' 57 גר',ג'ייקובס דאו אגרבטס,FR,אילי קפסולות אספרסו,גרמים,57.00,100 גרם,false,,27.90,48.9474,true,1,406363
8004030022010,false,ירקות גינה עם טונה ריו מרה אינסלטיסימי 160 ג',"בולטון אלימנטרי בע""מ",IT,טונה וירקות גינה ריו,גרמים,160.00,100 גרם,false,,18.90,11.8125,true,1,23772
8004030026018,false,"מקסיקני עם טונה ריו מרה אינסלטיסימי, 160 ג'","בולטון אלימנטרי בע""מ",IT,ריו מרה טונה עם שעוע,גרמים,160.00,100 גרם,false,,18.90,11.8125,true,1,23773
8004030177000,false,טונה בשמן זית וצ'ילי ריו מרה מארז 80X3 גר',ריו מארה Rio Mare,,טונה בשמן זית עם צ'י,גרמים,240.00,100 גרם,false,,32.90,13.7083,true,1,126390
8004030845046,false,טונה עם ירקות בתוספת עם אורז ריו מרה אינסלטיסימי 160 ג',בולטון אלימנטרי,IT,אינסלטיסימי אורז עם,גרמים,160.00,100 גרם,false,,18.90,11.8125,true,1,140213
8004030860001,false,ירקות עם קוקוס וטונה ריו מרה אינסלטיסימי 160 ג',"בולטון אלימנטרי בע""מ",IT,קוסקוס וטונה ריו מרה,גרמים,160.00,100 גרם,false,,18.90,11.8125,true,1,23778
8004800000064,false,לאגו פלאסיר- גלילי ופל קרם קקאו בציפוי ש.חלב - 100 ג',לאגו,IT,גלילי ופל במילוי קרם,גרמים,100.00,100 גרם,false,,11.90,11.9000,true,1,481160
8004800000071,false,לאגו פלאסיר- גלילי ופל במילוי קרם אגוזי לוז שוקולד חלב - 100 ג',לאגו,IT,לאגו פלאסיר- גלילי ו,גרמים,100.00,100 גרם,false,,11.90,11.9000,true,1,483265
8004800004819,false,"וופלים במילוי ק.פסיפלורה, 110 גרם",לאגו,IT,לאגו פלאסיר- וופלים,גרמים,110.00,100 גרם,false,,11.90,10.8182,true,1,483267
8005110170300,false,עגבניות מרוסקות חתוכות מוטי MUTTI שלישיה *400,מוטי Mutti,IT,עגבניות MUTTI מרוסקו,קילוגרמים,1.20,"ק""ג",false,,19.90,16.5833,true,1,167707
8005200256587,false,משקה תה בטעם אפרסק 1.5ל' NESTEA,מפעל סאנפלגרינו S.P.,IT,נסטי אפרסק 1.5 ליטר,ליטרים,1.50,ליטר,false,,9.90,6.6000,true,1,366213
8006227000405,false,סמנצאטו לחם מחמצת פר,,,לחם מחמצת פרוס חיטה,גרמים,400.00,100 גרם,false,,17.90,4.4750,true,1,453148
8006227001372,false,סמנצאטו לחם מחמצת לב,רו. מאר ס.ר.ל,IT,לחם מחמצת לבן עם שמן,גרמים,400.00,100 גרם,false,,19.90,4.9750,true,1,452934
8006540106709,false,אולוויז - מגן תחתון נורמל 58 יח',,,מגן תחתון מגה פק נור,יחידה,0.00,יחידה,false,,18.90,0.0000,true,1,498308
8006540112823,false,"לנור מרכך כביסה מרוכז בניחוח האוקיינוס 900 מ""ל",פרוקטר אנד גמבל,FR,לנור מרכך מרוכז בניח,מיליליטרים,900.00,"100 מ""ל",false,,17.90,1.9889,true,1,315948
8006540491539,false,"נוזל כלים פלטינום אורגינל 780 מ""ל פיירי",,,פיירי נוזל כלים פלטי,מיליליטרים,780.00,"100 מ""ל",false,,14.90,1.9103,true,1,432740
8006540495216,false,"מרכך כביסה בניחוח אמאטיסט 900 מ""ל לנור",פרוקטר & גמבל,FR,לנור מרכך מרוכז בניח,מיליליטרים,900.00,"100 מ""ל",false,,17.90,1.9889,true,1,448870
8006540628737,false,שמפו הד שולדרס קלאסי,,,שמפו הד שולדרס קלאסי,מיליליטרים,350.00,"100 מ""ל",false,,16.90,4.8286,true,1,474006
8006540690260,false,"שמפו פאנטן 400 מ""ל",,,"שמפו פאנטן 400 מ""ל",מיליליטרים,400.00,"100 מ""ל",false,,15.90,3.9750,true,1,514798
8008245004847,true,ממרח אגוזי לוז וקקאו,,,ממרח אגוזי לוז וקקאו,גרמים,300.00,100 גרם,false,,17.90,5.9667,true,1,284598
8008245004861,true,ממרח אגוזי לוז עם חל,,,ממרח אגוזי לוז עם חל,גרמים,300.00,100 גרם,false,,17.90,5.9667,true,1,284599
8008660210038,false,מעדן פרי תות שדה 100% רכיבי פרי,קריניציה ויטמינה אס,IT,מעדן תות שדה 300 גר`,גרמים,300.00,100 גרם,false,,18.90,6.3000,true,1,26251
8008660210045,false,מעדן פרי פירות יער 100% רכיבי פרי,שוורצקוף& הנקל דיסלד,IT,מעדן פירות יער 300 ג,גרמים,300.00,100 גרם,false,,18.90,6.3000,true,1,26252
8008660210052,false,מעדן פרי תפוז 100% רכיבי פרי,מנז אנד גאסר Menz&Gasser,IT,מעדן פרי תפוז 300 גר,גרמים,300.00,100 גרם,false,,18.90,6.3000,true,1,142363
8008912010034,false,ספגטי ליגורי 500 גר',,,פסטה ספגטי מספר 3 -,גרמים,500.00,100 גרם,false,,8.90,1.7800,true,1,443196
8008912010300,false,פסטה פרפלה ליגורי 500 גר',ליגורי LIGUORI,,פסטה פרפלה מספר 30 -,גרמים,500.00,100 גרם,false,,8.90,1.7800,true,1,443199
8008912010317,false,פסטה פוזלי ליגורי 500 גר',,,פסטה פוזלי מספר 31 -,גרמים,500.00,100 גרם,false,,8.90,1.7800,true,1,443200
8008912010331,false,פסטה ניוקטי סרדי בצורת קונכיות מס' 33,ליגורי LIGUORI,,פסטה ניוקטי סרדי בצו,גרמים,500.00,100 גרם,false,,8.90,1.7800,true,1,490598
8008912010423,false,פסטה פנה ריגטה 500 ג ליגורי,ליגורי LIGUORI,,פסטה פנה ריגטה מספר,גרמים,500.00,100 גרם,false,,8.90,1.7800,true,1,443201
8010024006003,false,חמאת שקדים השקד 100%,,,השקד - 100% חמאת שקד,גרמים,250.00,100 גרם,false,,35.90,14.3600,true,1,271588
8012901009367,false,קינוח טראפלס סולו אי,סולו,IT,קינוח טראפלס סולו אי,גרמים,100.00,100 גרם,false,,7.90,7.9000,true,1,131728
8012901012800,false,סולו איטליה קינוח טי,,,סולו איטליה קינוח טי,גרמים,90.00,100 גרם,false,,7.90,8.7778,true,1,363356
8015997000911,false,מאריני- בישקוטים 200 ג',Biscottificio Verona,,בישקוטים פריכים 200,גרמים,200.00,100 גרם,false,,7.90,3.9500,true,1,453131
8023788030610,false,שוקולד חלב 300 גרם,,,שוקולד חלב 300 גרם,גרמים,300.00,100 גרם,false,,17.90,5.9667,true,1,461023
8023788030627,false,שוקולד מריר מעולה 3,,,שוקולד מריר מעולה 3,גרמים,300.00,100 גרם,false,,17.90,5.9667,true,1,461007
8023788030634,false,שוקולד חלב עם שברי א,,,שוקולד חלב עם שברי א,גרמים,300.00,100 גרם,false,,17.90,5.9667,true,1,461024
8023788030658,false,עוגיות מלוחות בטעם ט,,,עוגיות מלוחות בטעם ט,גרמים,400.00,100 גרם,false,,14.90,3.7250,true,1,489628
8023788030672,false,עוגיות מלוחות בתוספת,,,עוגיות מלוחות בתוספת,גרמים,400.00,100 גרם,false,,14.90,3.7250,true,1,489630
8023788030689,false,עוגיות מלוחות בטעם ע,,,עוגיות מלוחות בטעם ע,גרמים,400.00,100 גרם,false,,14.90,3.7250,true,1,490034
8024985002943,false,סמוזי נטורה נובה תפו,נטורה נובה,IT,נטורה נובה - סמוזי ת,גרמים,100.00,100 גרם,false,,6.50,6.5000,true,1,271348
8032880800243,false,פיקניק הפתעה 50 גרם-איגוד רבנים,"הוסטה איטליה, ס.ר.ל.",IT,פיקניק הפתעה 50ג,גרמים,50.00,100 גרם,false,,9.90,19.8000,true,1,14128
8076800105056,false,פסטה ספגטי בקופסה בר,ברילה Barilla,,פסטה ספגטי בקופסה בר,קילוגרמים,1.00,"ק""ג",false,,14.90,14.9000,true,1,460111
8076800105735,false,פנה ריגטה בקופסה ברי,,,פנה ריגטה בקופסה ברי,קילוגרמים,1.00,"ק""ג",false,,14.90,14.9000,true,1,460127
8076800105988,false,פוזלי בקופסה ברילה 1,ברילה Barilla,,פוזלי בקופסה ברילה 1,קילוגרמים,1.00,"ק""ג",false,,14.90,14.9000,true,1,460143
8076800195019,false,ברילה - צ.א ספגטי מס1 קפליני 500 גרם,ברילה גי.אי.אר פרטלי,IT,ספגטי קפליני מס' 1 ב,גרמים,500.00,100 גרם,false,,8.90,1.7800,true,1,23780
8076800195033,false,ברילה - צ.א ספגטיני מס3 חדש 500 גרם,ברילה גי.אי.אר פרטלי,IT,ספגטי מס' 3 ברילה 50,גרמים,500.00,100 גרם,false,,8.90,1.7800,true,1,23781
8076800195057,false,ברילה - צ.א ספגטי מס5 חדש 500 גרם,ברילה גי.אי.אר פרטלי,IT,ספגטיני מס' 5 ברילה,גרמים,500.00,100 גרם,false,,8.90,1.7800,true,1,23782
8076800315097,false,ברילה - צ.א בוקטיני מס9 500 גרם,ברילה גי.אי.אר פרטלי,IT,ספגטי בוקטיני מס' 9,גרמים,500.00,100 גרם,false,,8.90,1.7800,true,1,23784
8076802085738,false,ברילה - צ.ק פנה רגטה חדש 500 גרם,ברילה גי.אי.אר פרטלי,IT,פנה רגטה מס' 73 בריל,גרמים,500.00,100 גרם,false,,8.90,1.7800,true,1,23786
8076802085981,false,ברילה - צ.ק פוזילי חדש 500 גרם,ברילה גי.אי.אר פרטלי,IT,פסטה פוזילי 98 ברילה,גרמים,500.00,100 גרם,false,,8.90,1.7800,true,1,23789
8076808050440,false,ברילה פסטה מקרוני מס 44 500 גר,ברילה Barilla,IT,פסטה מקרוני מס' 44 ב,גרמים,500.00,100 גרם,false,,8.90,1.7800,true,1,119180
8076808060654,false,ברילה - צ.ק פרפלה חדש 500 גרם,ברילה גי.אי.אר פרטלי,IT,פסטה פרפלה 65 ברילה,גרמים,500.00,100 גרם,false,,8.90,1.7800,true,1,23791
8076808070882,false,פסטה ברילה קנלוני מס'88 250ג',פאסטיפיקו ריגו אס.אר,IT,קנלוני ברילה 250 גרם,גרמים,250.00,100 גרם,false,,15.90,6.3600,true,1,68870
8076809501415,false,ברילה פנה טריקולור מס' 78 500גר,ברילה Barilla,IT,ברילה פסטה פנה טריקו,גרמים,500.00,100 גרם,false,,15.90,3.1800,true,1,119181
8076809513388,false,ברילה - רוטב ארביאטה 400 גרם,ברילה גי.אי.אר פרטלי,IT,ברילה רוטב ארביאטה 4,גרמים,400.00,100 גרם,false,,16.90,4.2250,true,1,23796
8076809513395,false,רוטב פסטה ברילה פורמודרו 400ג',ברילה גי.אי.אר פרטלי,IT,ברילה רוטב פורמודרו,גרמים,400.00,100 גרם,false,,16.90,4.2250,true,1,23797
8076809513692,false,רוטב פסטה ברילה נפוליטנה 400ג',ברילה גי.אי.אר פרטלי,IT,ברילה רוטב נפוליטנה,גרמים,400.00,100 גרם,false,,16.90,4.2250,true,1,23799
8076809513739,false,רוטב פסטה ברילה בזיליקום 400 ג',ברילה גי.אי.אר פרטלי,IT,ברילה רוטב בזיליקום,גרמים,400.00,100 גרם,false,,16.90,4.2250,true,1,23800
8076809514774,false,ברילה איטריות ביצים פפרדלה 250ג',ברילה גי.אי.אר פרטלי,IT,ברילה פפרדלה ביצים 2,גרמים,250.00,100 גרם,false,,18.90,7.5600,true,1,119182
8076809529433,false,ברילה פנטה רגטה מחיטה מלאה 500ג',"ש. שסטוביץ בע""מ",IT,פנה רגטה מחיטה מלאה,גרמים,500.00,100 גרם,false,,18.90,3.7800,true,1,23808
8076809537711,false,פסטה טרופי ברילה 500,,,פסטה טרופי ברילה 500,גרמים,500.00,100 גרם,false,,15.90,3.1800,true,1,305764
8076809545457,false,פסטה צינורות ללא גלוטין ברילה 400ג',ברילה ג'.אי.אר פרטלי,IT,ברילה צינורות עבה קמ,גרמים,400.00,100 גרם,false,,15.90,3.9750,true,1,23811
8076809576352,false,ברילה לזניה ללא גלוטן 250 ג',ברילה גי.אי.אר פרטלי,IT,לזניה ללא גלוטן בריל,גרמים,500.00,100 גרם,false,,22.90,4.5800,true,1,305778
8121300206946,false,ממתיק סיטיביה טרוביה 80 שקיות אישיות,טרוביה Truvia,,טרוביה - סטיביה ממתי,גרמים,80.00,100 גרם,false,,22.90,28.6250,true,1,277901
8410076600622,false,חטיפי גרנולה Crunchy שיבולת שועל מלאה ושבבי שוקולד מריר,ג'נרל מילס סאן אדריא,ES,חטיף קראנצי שבבי שוק,גרמים,210.00,100 גרם,false,,22.90,10.9048,true,1,14133
8410076610379,false,נייטשר ואלי פרוטאין בוטנים ושבבי שוקולד 160 ג',סריילטו ספיין פודס,ES,פרוטאין בוטנים ושבבי,גרמים,160.00,100 גרם,false,,28.90,18.0625,true,1,14140
8410076610492,false,סוויט אנד סולטי שוקולד מריר בציפוי חמאת בוטנים,יבואן ומשווק: ש. שסט,,חטיף בוטנים ושיבולת,גרמים,150.00,100 גרם,false,,22.90,15.2667,true,1,67759
8410076621009,false,עוגות אישיות בטעם קרמל עם חתיכות בטעם קרמל מלוח,"גלאטס סירו בע""מ",ES,חטיף פייבר 1 בטעם קר,גרמים,120.00,100 גרם,false,,16.90,14.0833,true,1,275692
8410076621047,false,עוגות אישיות בטעם שוקולד עם חתיכות בטעם שוקולד,"גלאטס סירו בע""מ",ES,חטיף פייבר 1 בטעם שו,גרמים,120.00,100 גרם,false,,16.90,14.0833,true,1,275706
8410104045111,false,"פיניש מלח למדיח כלים 2ק""ג",פ.פ.ח. שאביט,IL,"פיניש מלח למדיח 2 ק""",קילוגרמים,2.00,"ק""ג",false,,17.90,8.9500,true,1,23035
8410128783587,false,ויוה סוי שיבולת שועל,,,ויוה סוי שיבולת שועל,ליטרים,1.00,ליטר,false,,11.90,11.9000,true,1,453808
8410342004789,false,שוקולד מריר 72% ללא,,,שוקולד מריר 72% ללא,גרמים,100.00,100 גרם,false,,17.90,17.9000,true,1,453008
8410342004796,false,שוקולד מריר 85% ללא סוכר טוראס 100ג',צ'יקולטס טוארס,ES,שוקולד מריר 85% ללא,גרמים,100.00,100 גרם,false,,17.90,17.9000,true,1,453009
8420708012822,false,קשקבל צאן ספרדי בשלה,מיוצר עי קונדיטוריית,ES,קשקבל צאן ספרדי בשלה,גרמים,200.00,100 גרם,false,,31.90,15.9500,true,1,18837
8423207206488,false,מרבה סלים דליס שוקולד חלב חדש,אף.סי תבליני בגליל ב,ES,סלים דליס חטיף דגנים,גרמים,120.00,100 גרם,false,,13.90,11.5833,true,1,23823
8423207206495,false,מרבה סלים דליס שוקולד מריר חדש,אף.סי תבליני בגליל ב,ES,סלים דליס חטיף דגנים,גרמים,120.00,100 גרם,false,,13.90,11.5833,true,1,23824
8423207207362,false,סלים דליס חטיף דגנים שוקולד לבן 120 ג',ביסנצ'ורי אס.אל.יו,ES,סלים דליס חטיף דגנים,גרמים,120.00,100 גרם,false,,13.90,11.5833,true,1,23827
8423207208680,false,מרבה סלים דליס לילדים עם שוקולד חלב,ביסנצ'ורי אס.אל.יו,ES,סלים דליס קידס בציפו,גרמים,121.00,100 גרם,false,,13.90,11.4876,true,1,23835
8423207208888,false,פריכיות תירס בטעם עגבניות ועשבי תיבול סלים דליס 123 ג',ביסנצ'ורי אס.אל.יו,ES,פריכיות תירס בטעם עג,גרמים,123.00,100 גרם,false,,10.90,8.8618,true,1,4320
8423207210928,false,חטיף דגנים מצופה שוקולד חלב ואגוזי לוז - 5 במארז,ביסנצ'ורי אס.אל.יו,ES,סלים דליס טופינג בטע,גרמים,90.00,100 גרם,false,,13.90,15.4444,true,1,248209
8424842050016,false,חטיף ציפס בטעם כמהין,רביו,ES,חטיף צ'יפס בטעם כמהי,גרמים,130.00,100 גרם,false,,13.90,10.6923,true,1,396567
8424842050030,false,ציפס רוביו מלח הימלא,רביו,ES,חטיף צ'יפס עם שמן זי,גרמים,125.00,100 גרם,false,,13.90,11.1200,true,1,396568
8424842050085,false,ציפס רוביו חרדל ודבש,רביו,ES,חטיף צ'יפס דבש וחרדל,גרמים,125.00,100 גרם,false,,13.90,11.1200,true,1,396569
8431876245561,false,קרפור - חלב סויה עשי,,,קרפור - חלב סויה עשי,ליטרים,1.00,ליטר,false,,6.90,6.9000,true,1,520747
8431876245578,false,קרפור - חלב סויה ללא,,,קרפור - חלב סויה ללא,ליטרים,1.00,ליטר,false,,6.90,6.9000,true,1,520767
8431876247220,false,קרפור - חלב סויה בטע,,,קרפור - חלב סויה בטע,ליטרים,1.00,ליטר,false,,9.90,9.9000,true,1,520696
8431876289558,false,קרפור - חלב שיבולת ש,,,קרפור - חלב שיבולת ש,ליטרים,1.00,ליטר,false,,8.90,8.9000,true,1,520729
8431876289565,false,קרפור - חלב שיבולת ש,,,קרפור - חלב שיבולת ש,ליטרים,1.00,ליטר,false,,9.90,9.9000,true,1,520609
8431876289572,false,קרפור - חלב שקדים עש,,,קרפור - חלב שקדים עש,ליטרים,1.00,ליטר,false,,8.90,8.9000,true,1,520800
8431876289589,false,קרפור - חלב שקדים לל,,,קרפור - חלב שקדים לל,ליטרים,1.00,ליטר,false,,9.90,9.9000,true,1,520626
8431876289596,false,קרפור - חלב שקדים עש,,,קרפור - חלב שקדים עש,ליטרים,1.00,ליטר,false,,8.90,8.9000,true,1,520847
8431876293272,false,קרפור - חלב סויה ללא,,,קרפור - חלב סויה ללא,ליטרים,1.00,ליטר,false,,7.90,7.9000,true,1,520680
8435495819363,false,תינוקלין - מרכך כביסה פרש & ג'נטל 1 ליטר,תינוקלין,,תינוקלין מרכך כביסה,ליטרים,1.00,ליטר,false,,22.90,22.9000,true,1,346630
8594403707977,false,בירה באדוויזר לאגר פ,Bud?jovick? Budvar,,"באדוויזר לאגר 500 מ""",מיליליטרים,330.00,"100 מ""ל",false,,9.90,3.0000,true,1,498201
8606018615827,false,גלידת וניל עם שברי עוגיות אוראו 480 ג',נסטלה,IL,גלידת וניל עם שברי ע,מיליליטרים,300.00,"100 מ""ל",false,,13.90,4.6333,true,1,503818
8606018615841,false,גלידת וניל עם ליבת שוקולד חלב 480 ג' מילקה,נסטלה,IL,פיינט מילקה וניל ליב,מיליליטרים,300.00,"100 מ""ל",false,,13.90,4.6333,true,1,503801
8606018615865,false,גלידת קרמל ליבת שוקולד 480 ג' מילקה,נסטלה,IL,פיינט מילקה קרמל ליב,מיליליטרים,300.00,"100 מ""ל",false,,13.90,4.6333,true,1,503802
8681863065287,false,מלח הימלאיה 350 ג' ויליפוד,SALTBAE,,מלח הימלאיה 350 גרם,גרמים,350.00,100 גרם,false,,25.90,7.4000,true,1,447198
8681863065294,false,מלח ים בטעם מעושן 350 ג' ויליפוד,SALTBAE,,מלח ים בטעם מעושן 35,גרמים,350.00,100 גרם,false,,25.90,7.4000,true,1,447199
8690504081913,false,טינס מצופה שוקולד חלב 150 גר,"אולקר ביסקווי סנאי,",TR,טינס מצופה שוקולד חל,גרמים,150.00,100 גרם,false,,9.90,6.6000,true,1,121315
8690504081920,false,טינס מצופה שוקולד מריר 150 גר,"אולקר ביסקווי סנאי,",TR,טינס מצופה שוקולד מר,גרמים,150.00,100 גרם,false,,9.90,6.6000,true,1,121316
8690504153849,false,שוקולד חלב במילוי קרם בטעם פרלין אגוזים,"אולקר מקבוצת פלאדיס,",TR,טבלת שוקולד חלב קרם,גרמים,83.00,100 גרם,false,,16.90,20.3614,true,1,127368
8690766156367,false,שוקולד גודייבה חלב מעולה 90 גר,"אולקר מקבוצת פלאדיס,",TR,גודייבה שוקולד חלב מ,גרמים,90.00,100 גרם,false,,17.90,19.8889,true,1,250177
8690766156374,false,שוקולד גודייבה מריר 72% מוצרי קקאו 90 גר,"אולקר מקבוצת פלאדיס,",TR,גודייבה שוקולד מריר,גרמים,90.00,100 גרם,false,,17.90,19.8889,true,1,238983
8690766156381,false,שוקולד גודייבה מריר מעולה 90% קקאו 90 גר,"אולקר מקבוצת פלאדיס,",TR,גודייבה ש.מריר מעולה,גרמים,90.00,100 גרם,false,,17.90,19.8889,true,1,234167
8690766156398,false,שוקולד חלב מעולה בתוספת שברי שקדים קלויים דבש ומלח 90ג',"אולקר מקבוצת פלאדיס,",TR,גודייבה שוקולד חלב ש,גרמים,90.00,100 גרם,false,,17.90,19.8889,true,1,250178
8690766156404,false,שוקולד מריר מעולה גודייבה תפוז אדום 90 גרם,גודייבה,TR,גודייבה שוקולד מריר,גרמים,90.00,100 גרם,false,,17.90,19.8889,true,1,250162
8690777204071,false,פלפלים כבושים - חריפים,יוליניבר,TR,פלפל חריף סרה 640 גר,גרמים,640.00,100 גרם,false,,14.90,2.3281,true,1,3812
8690777206051,false,חצילים קלויים על האש סארה 650 גר',קוראהן פזלרמה וי דיס,TR,חציל קלוי על האש סרה,גרמים,650.00,100 גרם,false,,14.90,2.2923,true,1,3813
8690777221405,false,פלפל אדום קלוי על האש סארה 650גרם,קוראהן פזלרמה וי דיס,TR,פלפל אדום קלוי על הא,גרמים,650.00,100 גרם,false,,14.90,2.2923,true,1,3814
8690946270074,false,פסטה ספגטי 500 גרם B,,,פסטה ספגטי 500 גרם B,גרמים,500.00,100 גרם,false,,4.90,0.9800,true,1,490933
8690946270111,false,פסטה פוזלי 500 גרם B,,,פסטה פוזלי 500 גרם B,גרמים,500.00,100 גרם,false,,4.90,0.9800,true,1,490934
8690946270241,false,פסטה קונכיות גדולות,,,פסטה קונכיות גדולות,גרמים,500.00,100 גרם,false,,4.90,0.9800,true,1,490935
8690946272320,false,פסטה מקרוני 500 גרם,,,פסטה מקרוני 500 גרם,גרמים,500.00,100 גרם,false,,4.90,0.9800,true,1,490937
8691900174049,false,קוטקס תחבושות אולטרה לונג 18 יח',,,תחבושות קוטקס long 1,100 יח',18.00,100 יח',false,,17.90,99.4444,true,1,449300
8691900174056,false,קוטקס תחבושות אולטרה לילה 16 י',,,תחבושות קוטקס לילה,100 יח',16.00,100 יח',false,,17.90,111.8750,true,1,449301
8693357155763,false,סט1 קערה הגשה+6 קערו,,,סט1 קערה הגשה+6 קערו,יחידה,0.00,יחידה,false,,169.90,0.0000,true,1,475710
8693495052177,false,תחליב רחצה זיתים ואלוורה,קולגייט פלמוליב,TR,פלמוליב נטורלס תחליב,מיליליטרים,750.00,"100 מ""ל",false,,21.90,2.9200,true,1,110529
8697418280333,false,שערות קדאיף מיובשות,פרנסס און וה,TR,שערות קדאיף מיובשות,גרמים,500.00,100 גרם,false,,20.50,4.1000,true,1,74378
8697530910743,false,סיגריות פאל מאל כחול קצר מטאליק,Unknown,,פאל מאל בלו,יחידה,0.00,יחידה,false,,31.00,0.0000,false,1,4737
8697530910750,false,סיגריות פאל מאל כחול ארוך האוס,Unknown,,פאל מאל בלו ארוך,יחידה,0.00,יחידה,false,,31.00,0.0000,false,1,4738
8698996006353,false,ממחטות אף 3 שכבות 100 יח',,,ממחטות אף בקרטון 10,יחידה,0.00,יחידה,false,,10.90,0.0000,true,1,501430
8710502064814,false,עוגיות שוקולד ציפס במרקם רך 175 ג',בנקטבקריי מרבה בי.וי,NL,מרבה עוגיות שוקוציפס,גרמים,175.00,100 גרם,false,,11.90,6.8000,true,1,23864
8710502279010,false,מרבה עוגיות שוקולד צ'יפס מצופות שוקולד 175 ג',"מרבה בע""מ",NL,מרבה עוגיות שוקולד צ,גרמים,175.00,100 גרם,false,,11.90,6.8000,true,1,289962
8710502470028,false,עוגיות שוקולד צ'יפס ממולאות בקרם נוגט,COLGATE PALMOLIVE,NL,מרבה עוגיות נוגטלי 1,גרמים,160.00,100 גרם,false,,11.90,7.4375,true,1,23875
8710800027573,false,סוכריות מיני מנטוס פירות שקית 178ג',מנטוס Mentos,NL,מיני מנטוס שקית,גרמים,178.00,100 גרם,false,,18.90,10.6180,true,1,14187
8710800961310,false,סוכריות מנטוס תות מארז 37.5X4ג',פרפטי ואן מלה ברדה,NL,מנטוס 1/4 תות,גרמים,150.00,100 גרם,false,,12.90,8.6000,true,1,14189
8711000371176,false,קפסולות קפה אספרסו קלאסיקו 10*52 ג' ג'ייקובס,קריניציה ויטמינה אס,FR,ג'ייקובס קפסולות קפה,גרמים,52.00,100 גרם,false,,18.90,36.3462,true,1,138335
8711000371206,false,קפסולות קפה אספרסו ריסטרטו 10*52 ג' ג'ייקובס,קריניציה ויטמינה אס,FR,ג'ייקובס קפסולות קפה,גרמים,52.00,100 גרם,false,,18.90,36.3462,true,1,138337
8712561594608,false,"דאב תחליב רחיצה להזנה עמוקה 750 מ""ל","יוניליוור גרמניה, Gm",DE,תחליב רחצה להזנה עמו,מיליליטרים,750.00,"100 מ""ל",false,,22.90,3.0533,true,1,11831
8712561611411,false,תחליב רחצה מזין בניחוח מלפפון ותה ירוק,"יוניליוור גרמניה, Gm",DE,תחליב רחצה תה ירוק ו,מיליליטרים,750.00,"100 מ""ל",false,,22.90,3.0533,true,1,11833
8712561631570,false,"דאב סבון נוזלי חלב קוקוס 750מ""ל",יוניליוור,DE,תחליב רחצה חלב קוקוס,מיליליטרים,750.00,"100 מ""ל",false,,22.90,3.0533,true,1,11837
8714599410530,false,ג'ייקובס קרוננג שקית ריפיל 200ג',גייקובס,UA,גייקובס קפה נמס 200ג,גרמים,200.00,100 גרם,false,,23.90,11.9500,true,1,104742
8714599412336,false,קפה נמס בריסטה אמריקנו קלוי וטחון 160 ג' ג'ייקובס,ג'ייקובס דאו אגברטס,RU,ג'ייקובס בריסטה אמרי,גרמים,160.00,100 גרם,false,,31.90,19.9375,true,1,367999
8714599513781,false,קפה נמס גולד מיובש בהקפאה 200 ג' ג'ייקובס,אל.אל. סי ג''יקובס ד,RU,קפה ג'יקובס גולד 200,גרמים,200.00,100 גרם,false,,31.90,15.9500,true,1,5907
8714599513835,false,קפה ג'יקובס נטול קופאין מיובש בהקפאה 200 ג',ג'ייקובס Jacobs,,קפה ג`יקובס נטול קופ,גרמים,200.00,100 גרם,false,,42.90,21.4500,true,1,5908
8714599513866,false,"ג'ייקובס קרוננג מיובש בהקפאה כשל""פ 200 ג'",אל.אל.סי גייקובס דאו,DE,קפה ג'יקובס קרונונג,גרמים,200.00,100 גרם,false,,31.90,15.9500,true,1,5909
8714789177229,false,מברשת שיניים אקסטרה קלין מדיום - מארז רביעיה,הנסיך- מפעל לייצור ט,CN,מב.שיניים אקסטרא קלי,יחידה,0.00,יחידה,false,,11.90,0.0000,true,1,23878
8714789834467,false,פלמוליב נוזל כלים 1.5 ליטר,פלמוליב Palmolive,GR,פלמוליב נוזל כלים 1.,ליטרים,1.50,ליטר,false,,16.90,11.2667,true,1,23912
8715700419732,false,מתבל עגבניות היינץ 7,ה.י. היינץ,NL,היינץ קטשופ 700 גרם,גרמים,700.00,100 גרם,false,,15.90,2.2714,true,1,6016
8715700423906,false,קטשופ מתובל עגבניות 50% פחות סוכר 555ג' היינץ,היינץ צפון אמריקה מק,NL,מתבל עגבניות היינץ 2,גרמים,555.00,100 גרם,false,,12.90,2.3243,true,1,115907
8717163655825,false,"רקסונה דאו' ספריי לנשים בניחוח כותנה, 150 מ""ל",יוניליוור,,רקסונה ספריי כותנה 1,מיליליטרים,150.00,"100 מ""ל",false,,15.90,10.6000,true,1,235194
8718951093331,false,מרידול מברשת שיניים אקסטרה סופט זוג,קולגייט פלמוליב,,מברשת שיניים מרידול,יחידה,0.00,יחידה,false,,37.90,0.0000,true,1,23931
8718951144064,false,מרידול מברשת שיניים פרודונט אקספרט זוג,מרידול Meridol,,זוג מברשות שיניים פר,יחידה,0.00,יחידה,false,,37.90,0.0000,true,1,23936
8718951159808,false,מברשות שיניים 360 מדיום- מארז שלישייה,קולגייט פלמוליב,CN,מארז שלישייה מברשת 3,יחידה,0.00,יחידה,false,,33.90,0.0000,true,1,89480
8718951160897,false,תרסיס ניקוי אופטימל 7 מכיל אקונומיקה,קולגייט פלמוליב,GR,אגקס עוצמת ה 7 טריגר,מיליליטרים,500.00,"100 מ""ל",false,,16.90,3.3800,true,1,86732
8718951236790,false,"קולגייט טוטאל משחת שיניים קלין מינט לפה בריא 100 מ""ל",קולגייט Colgate,PL,משחת שיניים קלין מינ,מיליליטרים,100.00,"100 מ""ל",false,,18.90,18.9000,true,1,136234
8718951236806,false,"קולגייט טוטאל הלבנה להסרת כתמים מהשן 100 מ""ל",קולגייט Colgate,PL,מש.שיניים להלבנה קול,מיליליטרים,100.00,"100 מ""ל",false,,18.90,18.9000,true,1,136221
8718951240742,false,"קולגייט טוטאל משחת שיניים פסים מרעננים 100 מ""ל",קולגייט Colgate,PL,מש.שיניים פסים מרעננ,גרמים,128.00,100 גרם,false,,18.90,14.7656,true,1,136235
8718951259577,false,תחליב רחצה פלמוליב נ,,,תחליב רחצה פלמוליב נ,ליטרים,1.00,ליטר,false,,24.90,24.9000,true,1,332485
8718951345119,false,"אג'קס לניקוי כללי עוצמת 7 היביסקוס, 2 ל'",הנסיך- מפעל לייצור ט,GR,אג'קס ניקוי כללי עוצ,ליטרים,2.00,ליטר,false,,24.90,12.4500,true,1,279763
8718951382787,false,"משחת שיניים אופטיק וויט חימר ומינרלים 75 מ""ל קולגייט",קולגייט Colgate,PL,משחת שיניים אופטיק ו,מיליליטרים,75.00,"100 מ""ל",false,,29.90,39.8667,true,1,398926
8718951461413,false,"קולגייט טוטאל קלין מינט ביטיוב 100 מ""ל*2 כשל""פ",קולגייט פלמוליב,PL,משחת שיניים קולגייט,מיליליטרים,200.00,"100 מ""ל",false,,29.90,14.9500,true,1,410756
8718951497207,false,"סבון גוף מועשר בלחות 750 מ""ל פלמוליב",,IT,תחליב רחצה מועשר בלח,מיליליטרים,750.00,"100 מ""ל",false,,21.90,2.9200,true,1,511219
8719200997998,false,מרגרינה למריחה בישול וטיגון 200 ג' בלו בנד,יוניליוור,IL,בלו בנד לבישול וטיגו,גרמים,200.00,100 גרם,false,,4.90,2.4500,true,1,197390
8719200998001,false,מרגרינה לאפיה ובישול בלי מלח 200 ג' בלו בנד,מיוצר עי קונדיטוריית,IL,בלו בנד ללא מלח 200,גרמים,200.00,100 גרם,false,,4.90,2.4500,true,1,197391
8719200998018,false,מחמאה מרגרינה בטעם חמאה 200 ג' בלו בנד,פארייפאבה אגרואינדוס,IL,מחמאה מרגרינה בטעם ח,גרמים,200.00,100 גרם,false,,5.50,2.7500,true,1,197392
8719200998032,false,מזולה גלורי טעם חמאה 250ג',פארייפאבה אגרואינדוס,IL,מזולה בטעם חמאה 250,גרמים,250.00,100 גרם,false,,10.90,4.3600,true,1,197414
8719200998094,false,מרגרינה מזולה בטעם טבעי ללא תוספת מלח,"מיוצר ע""י יוניליוור",IL,מזולה מרגרינה לאפייה,גרמים,200.00,100 גרם,false,,6.90,3.4500,true,1,197399
8719200998100,false,מרגרינה בטעם חמאה לאפייה 200 ג' מזולה,פארייפאבה אגרואינדוס,IL,מזולה מרגרינה לאפייה,גרמים,200.00,100 גרם,false,,6.90,3.4500,true,1,197400
8721200060107,false,בקרסלנד סטרופ וופל ה,דה בנקט גרופ,,סטרופ וופל הולנדי 25,גרמים,250.00,100 גרם,false,,12.90,5.1600,true,1,118783
8801055707966,false,קפה טייסטר צו'יס נס קפה בריסטה 180ג',נסטלה קוריאה - קפה,IL,נס קפה טייסטרס צ'ויס,גרמים,180.00,100 גרם,false,,33.90,18.8333,true,1,21909
8801055709465,false,אבקה להכנת משקה קפה בטעם קפוצ'ינו וניל,נסטלה קוריאה - קפה,DE,נסקפה קפוצ'ינו וניל,גרמים,185.00,100 גרם,false,,20.90,11.2973,true,1,408911
8803733180788,false,"קופסא 807 -470 מ""ל עם מכסה ורוד/כחול/צהוב",,,"קופסא807 -470מ""ל L&L",יחידה,0.00,יחידה,false,,29.90,0.0000,true,1,113906
8803733181716,false,קופסא 1.4 ליטר 817H,,,קופסא 1.4 ליטר 817H,יחידה,0.00,יחידה,false,,45.90,0.0000,true,1,48252
8803733181785,false,קופסא 1 ליטר 817 L&,,,קופסא 1 ליטר 817 L&,ליטרים,1.00,ליטר,false,,38.90,38.9000,true,1,113896
8803733813020,false,קופסת ואקום לקמח 813,,,קופסת ואקום לקמח 813,יחידה,0.00,יחידה,false,,59.90,0.0000,true,1,50903
8850206250592,false,רוטב צ'ילי סריראצ'ה 540 גרם (מזרח ומערב),יאן וואל יון קו.לטד,TH,רוטב צ'ילי סיראצ'ה מ,גרמים,540.00,100 גרם,false,,21.90,4.0556,true,1,421260
8850367992164,false,קרם קוקוס ללא גלוטן,טאפ פאד ונגפורן,CN,קרם קוקוס ללא גלוטן,גרמים,250.00,100 גרם,false,,8.90,3.5600,true,1,15284
8850389103111,false,"סאפה אלוורה ענבים 300מ""ל",סאפה פובליק קומפני ל,TH,סאפה משקה אלוורה ענב,מיליליטרים,300.00,"100 מ""ל",false,,7.90,2.6333,true,1,43202
8850389105825,false,סאפה אלוורה ענבים 1ליטר,סאפה פובליק קומפני ל,TH,סאפה משקה אלוורה ענב,ליטרים,1.00,ליטר,false,,14.50,14.5000,true,1,10395
8850389105832,false,משקה אלוורה בטעם תפוחים,סאפה פובליק קומפני ל,TH,סאפה משקה אלוורה תפו,ליטרים,1.00,ליטר,false,,14.50,14.5000,true,1,10396
8850389105849,false,משקה אלוורה בטעם אפרסק,סאפה פובליק קומפני ל,TH,סאפה משקה אלוורה אפר,ליטרים,1.00,ליטר,false,,14.50,14.5000,true,1,10397
8850632604259,false,חיספוסים ממתק בטעם תות שדה בצורת מקלות,ג'נרל קנדי בעמ,TH,יוגטה חיספוסים מקלות,גרמים,50.00,100 גרם,false,,5.90,11.8000,true,1,14195
8850632604372,false,יוגטה מקלות חמוצות שטיח - תות שדה 50 גרם,ג'נרל קנדי בעמ,TH,יוגטה ממתק תות שדה ב,גרמים,50.00,100 גרם,false,,5.90,11.8000,true,1,14197
8850632604402,false,יוגטה מקלות חמוצות שטיח בטעם מעורב24 יח',"ג'נרל קנדי בע""מ",TH,יוגטה ממתק תות ענבים,גרמים,50.00,100 גרם,false,,5.90,11.8000,true,1,14198
8851613101378,false,משקה קוקוס ארוי-די,כלורוקס אוקלנד,TH,משקה קוקוס ארוי-די,מיליליטרים,250.00,"100 מ""ל",false,,10.90,4.3600,true,1,4360
8858271004799,false,רוטב צ'ילי מתוק מזרח,יאן ונזל יון,TH,רוטב צ'ילי מתוק מזרח,מיליליטרים,700.00,"100 מ""ל",false,,13.90,1.9857,true,1,15309
8888021200256,false,סוללות אנרגייזר שמינ,יצרן: אנרג'ייזר סינג,SG,AAאנרג'ייזר סוללות מ,יחידה,0.00,יחידה,false,,29.90,0.0000,true,1,6767
8888021200720,false,סוללת אנרגייזר שמיני,יצרן: אנרג'ייזר סינג,SG,AAAאנרג'ייזר סוללות,יחידה,0.00,יחידה,false,,29.90,0.0000,true,1,6768
8901314532022,false,קולגייט זיז זג שרקול רבעייה סופט,,,רביעיית מברשת שיניים,יחידה,0.00,יחידה,false,,14.90,0.0000,true,1,404191
8901537024014,false,"אורז בסמטי מובחר 1 ק""ג - דוואט) יורה דיעה",הנסיך- מפעל לייצור ט,IN,וילי פוד אורז בסמטי,גרמים,1000.00,100 גרם,false,,15.90,1.5900,true,1,3822
9000101372878,false,קפסולות דיסקס לניקוי כביסה לבנה וצבעונית Deep Clean,פרסיל Persil,HU,פרסיל דיסקס לכביסה ל,יח',22.00,יח',false,,38.90,1.7682,true,1,321256
9000101380255,false,דיסקס לכביסה ניקיון הגייני 22 יח' פרסיל,פרסיל Persil,,פרסיל דיסקס לכביסה ל,יח',22.00,יח',false,,38.90,1.7682,true,1,337255
9000101521436,false,ברף בניחוח מתחלף תפו,,,כדוריות לאסלה Bref,גרמים,50.00,100 גרם,false,,10.90,21.8000,true,1,351228
9002859050763,false,גונץ-חיפושיות שוקולד ברשת 100 גר',,,חיפושיות שוקולד ברשת,גרמים,100.00,100 גרם,false,,10.90,10.9000,true,1,456586
9002859053801,false,שוקולד סטיקס מריר מנ,,,שוקולד סטיקס מריר מנ,גרמים,75.00,100 גרם,false,,12.90,17.2000,true,1,456848
9002859053849,false,שוקולד סטיקס מריר תפ,,,שוקולד סטיקס מריר תפ,גרמים,75.00,100 גרם,false,,12.90,17.2000,true,1,456850
9002859058172,false,גונץ-בננה ציפוי שוקולד מריר 300ג',GUNZ WARENHANDELS,AT,בננה ציפוי שוקולד מר,גרמים,300.00,100 גרם,false,,15.90,5.3000,true,1,20884
9002859077678,false,שוקולד לבן 100 גרם,,,שוקולד לבן 100 גרם,גרמים,100.00,100 גרם,false,,10.90,10.9000,true,1,456499
9310072028750,false,טים טם Tim Tam וופל שוקולד ציפוי כפול,"ארנוטס ביסקוויטס בע""",AU,טים טם קרם דאבל 200,גרמים,200.00,100 גרם,false,,22.90,11.4500,true,1,67863
9322969000022,false,פריכיות תירס עם סויה וזרעי פשתן ללא גלוטן,אף.סי תבליני בגליל ב,AU,פריכיות תירס עם סויה,גרמים,150.00,100 גרם,false,,14.90,9.9333,true,1,6771
9322969000053,false,פריכיות אורז מלא 150 ג' RICE THINS,סנו מפעלי ברונוס.,IT,פריכיות אורז מלא ריל,גרמים,150.00,100 גרם,false,,14.90,9.9333,true,1,387437
9720188050109,false,טופוטי ממרח טופו בטעם גבינה 227 ג`,טופוטי ברנדס אינק.ג',IL,טופוטי ממרח טופו בטע,גרמים,225.00,100 גרם,false,,24.90,11.0667,true,1,7530
9770793914006,false,עיתון ג`רוסלם פוסט,,,עיתון ג`רוסלם פוסט,יחידה,0.00,יחידה,false,,22.00,0.0000,true,1,50408
9771565025005,false,`מעריב סופהשבוע`,,,`מעריב סופהשבוע`,יחידה,0.00,יחידה,false,,20.00,0.0000,true,1,50411
9771565038319,false,עיתון ידיעות אחרונות,,,ידיעות אחרונות יום א,יחידה,0.00,יחידה,false,,0.50,0.0000,true,1,11040
9771565038326,false,עיתון ידיעות אחרונות,,,ידיעות אחרונות יום ב,יחידה,0.00,יחידה,false,,0.50,0.0000,true,1,11041
9771565038333,false,עיתון ידיעות אחרונות,,,ידיעות אחרונות יום ג,יחידה,0.00,יחידה,false,,0.50,0.0000,true,1,11042
9771565038340,false,עיתון ידיעות אחרונות,,,ידיעות אחרונות יום ד,יחידה,0.00,יחידה,false,,0.50,0.0000,true,1,11043
9771565038357,false,עיתון ידיעות אחרונות,,,ידיעות אחרונות יום ה,יחידה,0.00,יחידה,false,,0.50,0.0000,true,1,11044
9771565051066,false,ידיעות אחרונות יום ו,,,ידיעות אחרונות יום ו,יחידה,0.00,יחידה,false,,12.00,0.0000,true,1,11057
9771565209269,false,מעריב יום ו`,,,מעריב יום ו`,יחידה,0.00,יחידה,false,,15.00,0.0000,true,1,50412
