code,internal_code,name,manufacturer_name,manufacture_country,manufacturer_item_description,unit_qty,quantity,unit_of_measure,weighted,qty_in_package,price,unit_of_measure_price,allow_discount,status,item_id
54051140,false,אלפרו מעדן ט.וניל 125X4ג,אלפרו,BE,אלפרו מעדן ט.וניל 125X4ג,גרמים,500.00,100 גרם,false,0,19.80,3.96,true,1,
54051157,false,אלפרו מעדן ט.שוקו125X4גר,אלפרו,BE,אלפרו מעדן ט.שוקו125X4גר,גרמים,500.00,100 גרם,false,0,19.80,3.96,true,1,
18787762165,false,סבון נוזלי לתינוקות,דר ברונר,US,סבון נוזלי לתינוקות,מיליליטרים,472.00,"100 מ""ל",false,0,42.90,9.09,true,1,
18787765166,false,סבון נוזלי מנטה אורגני,דר ברונר,US,סבון נוזלי מנטה אורגני,מיליליטרים,472.00,"100 מ""ל",false,0,42.90,9.09,true,1,
18787779163,false,סב.נוזלי תה ירוק אורגני,דר ברונר,US,סב.נוזלי תה ירוק אורגני,מיליליטרים,472.00,"100 מ""ל",false,0,42.90,9.09,true,1,
18787784051,false,סבון מוצק לבנדר,דר ברונר,US,סבון מוצק לבנדר,גרמים,140.00,100 גרם,false,0,20.30,14.50,true,1,
18787787052,false,סבון מוצק תפוז דר' ברונר,דר ברונר,US,סבון מוצק תפוז דר' ברונר,גרמים,140.00,100 גרם,false,0,20.30,14.50,true,1,
20188013012,false,חטיף סויה טעם וניל 8 יח,,US,חטיף סויה טעם וניל 8 יח,יחידה,1.00,יחידה,false,0,29.40,29.40,true,1,
20188013074,false,סנקור סויה שוק.טופוטי8יח,טופוטי,US,סנקור סויה שוק.טופוטי8יח,יחידה,1.00,יחידה,false,0,29.40,29.40,true,1,
23243007476,false,סבון ירדן שמן זית שלישיי,אשר שיווק טבע,IL,סבון ירדן שמן זית שלישיי,גרמים,300.00,100 גרם,false,0,40.90,13.63,true,1,
30568115229,false,סוכריות בטעם דובדבן100גר,,IL,סוכריות בטעם דובדבן100גר,גרמים,100.00,100 גרם,false,0,20.40,20.40,true,1,
33617000309,false,פת פריכה זרעי פשתן 260 ג,,IL,פת פריכה זרעי פשתן 260 ג,גרמים,260.00,100 גרם,false,0,14.00,5.38,true,1,
33617322616,false,פת פריכה קלה מקמח שיפון,,IL,פת פריכה קלה מקמח שיפון,גרמים,270.00,100 גרם,false,0,14.00,5.19,true,1,
33617340610,false,פת פריכה קמח שיפון 250גר,,IL,פת פריכה קמח שיפון 250גר,גרמים,250.00,100 גרם,false,0,14.00,5.60,true,1,
33617350756,false,פת פריכה קמח חיטה שומשום,,IL,פת פריכה קמח חיטה שומשום,גרמים,230.00,100 גרם,false,0,14.00,6.09,true,1,
35102296389,false,חמש עונות במטבח יח,,IL,חמש עונות במטבח יח,יחידה,1.00,יחידה,false,0,85.00,85.00,true,1,
41190750177,false,נקטר חמוציות 1.89 ליטר,אדיר,IL,נקטר חמוציות 1.89 ליטר,ליטרים,1.89,ליטר,false,0,20.30,10.74,true,1,
41570044261,false,קרקרים על בסיס שקדים,,US,קרקרים על בסיס שקדים,גרמים,120.00,100 גרם,false,0,24.40,20.33,true,1,
41570068366,false,"משקה שקדים וניל 946 מ""ל",,US,"משקה שקדים וניל 946 מ""ל",מיליליטרים,946.00,"100 מ""ל",false,0,23.00,2.43,true,1,
41617002209,false,אבקת אפיה טבעית 113 גרם,,,אבקת אפיה טבעית 113 גרם,גרמים,113.00,100 גרם,false,0,8.10,7.17,true,1,
51000002846,false,"V8 מיץ ירקות 946 מ""ל",אדיר,IL,"V8 מיץ ירקות 946 מ""ל",מיליליטרים,946.00,"100 מ""ל",false,0,21.60,2.28,true,1,
51000138033,false,"V8 מיץ ירקות 354 מ""ל",,IL,"V8 מיץ ירקות 354 מ""ל",מיליליטרים,354.00,"100 מ""ל",false,0,9.10,2.57,true,1,
55369901666,false,אפלסנקס תפוע פירות 113*4,,CA,אפלסנקס תפוע פירות 113*4,גרמים,452.00,100 גרם,false,0,16.90,3.74,true,1,
58449450009,false,דייסת אינסטנט מיקס אורגנ,נייטשר פאת',US,דייסת אינסטנט מיקס אורגנ,גרמים,400.00,100 גרם,false,0,29.50,7.38,true,1,
58449771036,false,סמארט בראן +פסיליום300ג,נייטשר פאת',US,סמארט בראן +פסיליום300ג,גרמים,300.00,100 גרם,false,0,29.90,9.97,true,1,
58449860020,false,גורילה דגני בוקר 400 גרם,נייטשר פאת',IL,גורילה דגני בוקר 400 גרם,גרמים,400.00,100 גרם,false,0,23.90,5.98,true,1,
70281001164,false,חרדל צהוב אורגני 340 גרם,,US,חרדל צהוב אורגני 340 גרם,גרמים,340.00,100 גרם,false,0,21.00,6.18,true,1,
70577000383,false,כוסמת קלויה 369 גרם,,US,כוסמת קלויה 369 גרם,גרמים,369.00,100 גרם,false,0,23.20,6.29,true,1,
74410470050,false,אצות קומבו רונגצ'אנג 57ג,,IL,אצות קומבו רונגצ'אנג 57ג,גרמים,57.00,100 גרם,false,0,15.90,27.89,true,1,
78522000099,false,קונדישנר משמש גייסון473מ,K&C,US,קונדישנר משמש גייסון473מ,מיליליטרים,473.00,"100 מ""ל",false,0,52.40,11.08,true,1,
78522021131,false,סבון גוף לבנדר 887מל,K&C,US,סבון גוף לבנדר 887מל,מיליליטרים,887.00,"100 מ""ל",false,0,90.80,10.24,true,1,
78522021230,false,ג'ל רחצה מי ורדים 887מל,K&C,US,ג'ל רחצה מי ורדים 887מל,מיליליטרים,887.00,"100 מ""ל",false,0,90.80,10.24,true,1,
78522030270,false,סבון גוף עץ התה887מל,K&C,US,סבון גוף עץ התה887מל,מיליליטרים,887.00,"100 מ""ל",false,0,90.80,10.24,true,1,
78522050193,false,"קונדישנר ויטמין 473 מ""ל",K&C,US,"קונדישנר ויטמין 473 מ""ל",מיליליטרים,473.00,"100 מ""ל",false,0,52.40,11.08,true,1,
78522060055,false,קונדישנר לבנדר גייסון473,K&C,US,קונדישנר לבנדר גייסון473,מיליליטרים,473.00,"100 מ""ל",false,0,52.40,11.08,true,1,
78522083221,false,קרם הגנה לילדים SPF45 12,K&C,US,קרם הגנה לילדים SPF45 12,מיליליטרים,120.00,"100 מ""ל",false,1,84.90,70.75,true,1,
78522083276,false,קרם הגנה לפנים SPF20 120,K&C,US,קרם הגנה לפנים SPF20 120,מיליליטרים,135.00,"100 מ""ל",false,1,84.90,62.89,true,1,
78522090519,false,דאו.רולאון לבנדרגיסון71ג,K&C,US,דאו.רולאון לבנדרגיסון71ג,גרמים,71.00,100 גרם,false,0,49.90,70.28,true,1,
84213017499,false,מיזלי פ.יער אורגני 500גר,מסטמאכר,DE,מיזלי פ.יער אורגני 500גר,גרמים,500.00,100 גרם,false,0,20.40,4.08,true,1,
85696608037,false,טופו רך ללא גלוטן 340 גר,,US,טופו רך ללא גלוטן 340 גר,גרמים,340.00,100 גרם,false,0,12.90,3.79,true,1,
85696608044,false,טופו ללא גלוטן 340 גרם,,US,טופו ללא גלוטן 340 גרם,גרמים,340.00,100 גרם,false,0,12.90,3.79,true,1,
96086000546,false,עוג.גרנולה קמח כוסמין200,,IL,עוג.גרנולה קמח כוסמין200,גרמים,200.00,100 גרם,false,0,12.10,6.05,true,1,
98400000140,false,פאלמרוזה-תחליף לש.פנים,ביוקר קוסמטיקה,GB,פאלמרוזה-תחליף לש.פנים,מיליליטרים,100.00,"100 מ""ל",false,0,110.00,110.00,true,1,
98400006777,false,דאודורנט לימון כוסברה100,ביוקר קוסמטיקה,IL,דאודורנט לימון כוסברה100,מיליליטרים,100.00,"100 מ""ל",false,0,81.40,81.40,true,1,
621683920159,false,פסטה אורז ספגטי 454 גרם,,CA,פסטה אורז ספגטי 454 גרם,גרמים,454.00,100 גרם,false,0,22.90,5.04,true,1,
621683921354,false,אטריות אורז חום לזניה280,,IL,אטריות אורז חום לזניה280,גרמים,280.00,100 גרם,false,0,26.30,9.39,true,1,
650748777605,false,אטריות אורגני ש.סויה200ג,LTD FOOD ETHICAL,TH,אטריות אורגני ש.סויה200ג,גרמים,200.00,100 גרם,false,0,13.00,6.50,true,1,
654749351000,false,"אבלון שמפו לבנדר 325 מ""ל",K&C,US,"אבלון שמפו לבנדר 325 מ""ל",מיליליטרים,325.00,"100 מ""ל",false,0,52.50,16.15,true,1,
654749351055,false,"אבלון שמפו לימון 325 מ""ל",K&C,US,"אבלון שמפו לימון 325 מ""ל",מיליליטרים,325.00,"100 מ""ל",false,0,52.50,16.15,true,1,
654749351550,false,קונדישנר לימון אבאלון325,K&C,US,קונדישנר לימון אבאלון325,מיליליטרים,325.00,"100 מ""ל",false,0,52.50,16.15,true,1,
654749351673,false,"אבלון מרכך עץ התה 325 מ""",K&C,US,"אבלון מרכך עץ התה 325 מ""",מיליליטרים,325.00,"100 מ""ל",false,0,52.50,16.15,true,1,
654749351802,false,ג'ל רחצה לבנדר 355מל,K&C,US,ג'ל רחצה לבנדר 355מל,מיליליטרים,355.00,"100 מ""ל",false,0,52.50,14.79,true,1,
654749351970,false,ג'ל רחצה ענבים זית355מל,K&C,US,ג'ל רחצה ענבים זית355מל,מיליליטרים,355.00,"100 מ""ל",false,0,52.50,14.79,true,1,
654749361023,false,שמפו ביוטין אבלון 400 מ,K&C,US,שמפו ביוטין אבלון 400 מ,מיליליטרים,400.00,"100 מ""ל",false,0,59.90,14.98,true,1,
654749361221,false,מרכך ביוטין אבלון 400 מ,K&C,US,מרכך ביוטין אבלון 400 מ,מיליליטרים,400.00,"100 מ""ל",false,0,59.90,14.98,true,1,
661176010028,false,3N צבע לשיער נטורטינט,פארמה גורי,ES,3N צבע לשיער נטורטינט,יחידה,1.00,יחידה,false,0,61.00,61.00,true,1,
661176010042,false,6N צבע לשיער נטורטינט,פארמה גורי,ES,6N צבע לשיער נטורטינט,יחידה,1.00,יחידה,false,0,61.00,61.00,true,1,
661176010073,false,9N צבע לשיער נטורטינטN,פארמה גורי,ES,9N צבע לשיער נטורטינטN,יחידה,1.00,יחידה,false,0,61.00,61.00,true,1,
661176010103,false,6G צבע לשיער נטורטינט,פארמה גורי,IL,6G צבע לשיער נטורטינט,מיליליטרים,155.00,"100 מ""ל",false,0,61.00,39.35,true,1,
661176010905,false,4N צבע לשיער נטורטינט,פארמה גורי,IL,4N צבע לשיער נטורטינט,מיליליטרים,155.00,"100 מ""ל",false,0,61.00,39.35,true,1,
675684915126,false,A236 סירופ מייפל אורגני,,IL,A236 סירופ מייפל אורגני,מיליליטרים,236.00,"100 מ""ל",false,0,37.40,15.85,true,1,
691535525016,false,חטיף נוגו שוקו מנטה,,IL,חטיף נוגו שוקו מנטה,גרמים,50.00,100 גרם,false,0,15.20,30.40,true,1,
728229123590,false,צ'יפס אורגינל 110 גרם,גלובל פרודאכט,IL,צ'יפס אורגינל 110 גרם,גרמים,110.00,100 גרם,false,0,13.90,12.64,true,1,
728229130154,false,צ'יפס בטטה סלק 110 גרם,גלובל פרודאכט,US,צ'יפס בטטה סלק 110 גרם,גרמים,110.00,100 גרם,false,0,13.90,12.64,true,1,
732168909801,false,דאו.אבן ספריי נטוראל,אשר שיווק טבע,IL,דאו.אבן ספריי נטוראל,מיליליטרים,120.00,"100 מ""ל",false,0,35.50,29.58,true,1,
744473912353,false,משקה קוקוס לא ממותק 946מ,,US,משקה קוקוס לא ממותק 946מ,מיליליטרים,946.00,"100 מ""ל",false,0,24.20,2.56,true,1,
769904000997,false,שקדי מרק ללא גלוטן200גרם,,IL,שקדי מרק ללא גלוטן200גרם,גרמים,200.00,100 גרם,false,0,11.50,5.75,true,1,
769904001109,false,פתיתים קוסקוס משובח 400,,,פתיתים קוסקוס משובח 400,גרמים,400.00,100 גרם,false,0,20.30,5.08,true,1,
770009250262,false,שקיות אוכל מנייר 100%,,IL,שקיות אוכל מנייר 100%,יחידה,1.00,יחידה,false,0,23.90,23.90,true,1,
771726412568,false,גב.טופו בסגנון שויצרי200,,IL,גב.טופו בסגנון שויצרי200,גרמים,200.00,100 גרם,false,0,19.90,9.95,true,1,
771726412872,false,גבינת טופו הולנדית200גר,,IL,גבינת טופו הולנדית200גר,גרמים,200.00,100 גרם,false,0,19.90,9.95,true,1,
771726414098,false,גב.טופו בטעם מוצרלה200גר,,IL,גב.טופו בטעם מוצרלה200גר,גרמים,200.00,100 גרם,false,0,19.90,9.95,true,1,
777915888299,false,רוטב סויה ללא גלוטן450מל,,CA,רוטב סויה ללא גלוטן450מל,מיליליטרים,450.00,"100 מ""ל",false,0,17.90,3.98,true,1,
810165011656,false,סוכ.אורגניות על מקל 15יח,,IL,סוכ.אורגניות על מקל 15יח,יחידה,1.00,יחידה,false,0,20.20,20.20,true,1,
810607020208,false,חטיף ציפס אפוי+ברביקיו25,אידיאל סנייק,US,חטיף ציפס אפוי+ברביקיו25,גרמים,25.00,100 גרם,false,0,5.90,23.60,true,1,
810607020215,false,חטיף ציפס אפוי+מלח ים25ג,אידיאל סנייק,US,חטיף ציפס אפוי+מלח ים25ג,גרמים,25.00,100 גרם,false,0,5.90,23.60,true,1,
810607023087,false,חט.פופקורן צ'יפס חמאה85ג,פיירבנקס,US,חט.פופקורן צ'יפס חמאה85ג,גרמים,85.00,100 גרם,false,1,10.90,12.82,true,1,
810607023100,false,חטיף פופקורן ציפס מלח85,פיירבנקס,US,חטיף פופקורן ציפס מלח85,גרמים,85.00,100 גרם,false,1,10.90,12.82,true,1,
810607023117,false,חט.פופקורן צ'יפס מתוק85ג,פיירבנקס,US,חט.פופקורן צ'יפס מתוק85ג,גרמים,85.00,100 גרם,false,1,10.90,12.82,true,1,
811639040028,false,תה איבנינג אורגני 22 גרם,,GB,תה איבנינג אורגני 22 גרם,גרמים,22.00,100 גרם,false,0,17.30,78.64,true,1,
811639040066,false,תה ורי ברי אורגני 33 גרם,,GB,תה ורי ברי אורגני 33 גרם,גרמים,33.00,100 גרם,false,0,17.30,52.42,true,1,
811639040127,false,0 תה קמומיל ונילה אורגני,,,0 תה קמומיל ונילה אורגני,גרמים,30.00,100 גרם,false,0,17.30,57.67,true,1,
811639040141,false,תה צ'אי ירוק אורגני 40 ג,,,תה צ'אי ירוק אורגני 40 ג,גרמים,40.00,100 גרם,false,0,17.30,43.25,true,1,
833949000264,false,"סירופ מייפל אורגני250מ""ל",,CA,"סירופ מייפל אורגני250מ""ל",מיליליטרים,250.00,"100 מ""ל",false,0,37.90,15.16,true,1,
858748002103,false,רסק משמש אורגני 113*4גר,,US,רסק משמש אורגני 113*4גר,גרמים,452.00,100 גרם,false,0,14.90,3.30,true,1,
858748002134,false,מחית תפוע מנגו אורג113*4,,US,מחית תפוע מנגו אורג113*4,גרמים,452.00,100 גרם,false,0,14.90,3.30,true,1,
858748002141,false,"מחית ת""ע ופירות יער113*4",,US,"מחית ת""ע ופירות יער113*4",גרמים,452.00,100 גרם,false,0,14.90,3.30,true,1,
890146001012,false,סוכריות על מקל 15 יחידות,,,סוכריות על מקל 15 יחידות,יחידה,1.00,יחידה,false,0,20.20,20.20,true,1,
893594002044,false,חטיף צ'יפס עם חמאה 32גרם,,,חטיף צ'יפס עם חמאה 32גרם,גרמים,32.00,100 גרם,false,0,5.90,18.44,true,1,
898967000412,false,עוגיות שוקולד מילוי וניל,,IL,עוגיות שוקולד מילוי וניל,גרמים,240.00,100 גרם,false,0,27.50,11.46,true,1,
3067140013113,false,תחל.קפה ציקוריה טבעי100ג,לרו,FR,תחליף קפה ציקורי,גרמים,100.00,100 גרם,false,0,30.30,30.30,true,1,
3067140243114,false,תחל.קפה ציקוריה קרמל100ג,לרו,FR,תחל.קפה ציקוריה קרמל100ג,גרמים,100.00,100 גרם,false,0,30.30,30.30,true,1,
4000799035920,false,קפה נמס נטול קופאין 100ג,,DE,קפה נמס נטול קופאין 100ג,גרמים,100.00,100 גרם,false,0,41.00,41.00,true,1,
4001638086875,false,"קרם לחות ורד הבר 30 מ""ל",סמואלוב,DE,"קרם לחות ורד הבר 30 מ""ל",מיליליטרים,30.00,"100 מ""ל",false,0,171.50,571.67,true,1,
4001638097079,false,"דאודורנט לימון 100 מ""ל",סמואלוב,CH,"דאודורנט לימון 100 מ""ל",מיליליטרים,100.00,"100 מ""ל",false,0,75.70,75.70,true,1,
4007745058804,false,מיונז אורגני נטורפוד,נטורפוד,,מיונז אורגני נטורפוד,גרמים,340.00,100 גרם,false,0,24.20,7.12,true,1,
4007745058811,false,חרדל אורגני 145גרם,,DE,חרדל אורגני 145גרם,גרמים,145.00,100 גרם,false,0,13.90,9.59,true,1,
4007745058828,false,חרדל גרגרים אורגני 145ג,,DE,חרדל גרגרים אורגני 145ג,גרמים,145.00,100 גרם,false,0,13.90,9.59,true,1,
4009300522935,false,תה ירוק לימונית+לואיזה20,טייקנה,DE,תה ירוק לימונית+לואיזה20,גרמים,30.00,100 גרם,false,0,23.70,79.00,true,1,
4009309456453,false,סלק אדום אורגני 670 גרם,פאלסן,DE,סלק אדום אורגני 670 גרם,גרמים,670.00,100 גרם,false,0,15.90,2.37,true,1,
4009309740422,false,רסק תפוחים אורגני 700 גר,פאלסן,DE,רסק תפוחים אורגני 700 גר,גרמים,700.00,100 גרם,false,1,16.90,2.41,true,1,
4044889000054,false,שוקולד אורגני 85% 100גרם,אקופינה,DE,שוקולד אורגני 85% 100גרם,גרמים,100.00,100 גרם,false,0,17.90,17.90,true,1,
4044889000610,false,שוק.ויואני 70% מריר 100ג,אקופינה,DE,שוק.ויואני 70% מריר 100ג,גרמים,100.00,100 גרם,false,0,19.90,19.90,true,1,
4044889001006,false,שוק.ויואני 71% מריר100גר,אקופינה,DE,שוק.ויואני 71% מריר100גר,גרמים,100.00,100 גרם,false,0,17.90,17.90,true,1,
4260272980073,false,"חטיף תפו""א עם מלח 110גרם",co & gmbh snack Aroma,DE,"חטיף תפו""א עם מלח 110גרם",גרמים,110.00,100 גרם,false,0,14.90,13.55,true,1,
4260272980080,false,"חטיף תפו""א+עגבניות110גרם",co & gmbh snack Aroma,DE,"חטיף תפו""א+עגבניות110גרם",גרמים,110.00,100 גרם,false,0,14.90,13.55,true,1,
4260272980097,false,חטיף תפוחי אדמה+רוזמרין,co & gmbh snack Aroma,DE,חטיף תפוחי אדמה+רוזמרין,גרמים,110.00,100 גרם,false,0,14.90,13.55,true,1,
4710144802045,false,קרקר אורז מתוק ללא גלוטן,want-want,IL,קרקר אורז מתוק,גרמים,100.00,100 גרם,false,0,10.90,10.90,true,1,
4710144805107,false,קרקר אורז טבעי 100 גרם,want-want,CN,קרקר אורז טבעי 100 גרם,גרמים,100.00,100 גרם,false,0,10.90,10.90,true,1,
4710144805305,false,קרקר אורז עם בצל 100 גרם,want-want,CN,קרקר אורז עם בצל 100 גרם,גרמים,100.00,100 גרם,false,0,10.90,10.90,true,1,
4710144805404,false,קרקר אורז שומשום 100 גרם,want-want,CN,קרקר אורז שומשום 100 גרם,גרמים,100.00,100 גרם,false,0,10.90,10.90,true,1,
4710964104916,false,"שמן שומשום טהור 370 מ""ל",,IL,"שמן שומשום טהור 370 מ""ל",מיליליטרים,370.00,"100 מ""ל",false,0,27.90,7.54,true,1,
4804888940009,false,נ.אגוזי קוקוס 7%-5% 400ג,,,נ.אגוזי קוקוס 7%-5% 400ג,גרמים,400.00,100 גרם,false,0,7.60,1.90,true,1,
4895060582292,false,מארז משפחתי סוכריות 136ג,,CN,מארז משפחתי סוכריות 136ג,גרמים,136.00,100 גרם,false,0,18.20,13.38,true,1,
4996445000117,false,אטריות סובה 300 גרם,,,אטריות סובה 300 גרם,גרמים,300.00,100 גרם,false,0,10.20,3.40,true,1,
5014271310428,false,מעדן דובדבן שחור 284 גרם,סאן דלפור - שמבור,FR,מעדן דובדבן שחור 284 גרם,גרמים,284.00,100 גרם,false,0,20.50,7.22,true,1,
5014271330426,false,מעדן אוכמניות כחולות284ג,סאן דלפור - שמבור,FR,מעדן אוכמניות כחולות284ג,גרמים,284.00,100 גרם,false,0,20.50,7.22,true,1,
5014271370422,false,מעדן אפרסק 284 גרם,סאן דלפור - שמבור,FR,מעדן אפרסק 284 גרם,גרמים,284.00,100 גרם,false,0,20.50,7.22,true,1,
5014271390420,false,מע.פטל ללא תוספת סוכר284,סאן דלפור - שמבור,FR,מע.פטל ללא תוספת סוכר284,גרמים,284.00,100 גרם,false,0,20.50,7.22,true,1,
5014271400426,false,מעדן תות שדה 284 גרם,סאן דלפור - שמבור,FR,מעדן תות שדה 284 גרם,גרמים,284.00,100 גרם,false,0,20.50,7.22,true,1,
5014271560427,false,מעדן תפוז+ג'ינג'ר 284גרם,סאן דלפור - שמבור,FR,מעדן תפוז+ג'ינג'ר 284גרם,גרמים,284.00,100 גרם,false,0,20.50,7.22,true,1,
5014271796147,false,מעדן רימון ופטל 284 גרם,סאן דלפור - שמבור,FR,מעדן רימון ופטל 284 גרם,גרמים,284.00,100 גרם,false,0,20.50,7.22,true,1,
5014653025018,false,לחם חיטה נבוטה נטורפוד,נטורפוד,GB,לחם חיטה נבוטה נטורפוד,גרמים,400.00,100 גרם,false,0,25.40,6.35,true,1,
5018357010011,false,גרנולה דבש 550 גרם,,GB,גרנולה דבש 550 גרם,גרמים,550.00,100 גרם,false,0,27.90,5.07,true,1,
5018357010431,false,דייסת פטל דורסט420 גרם,,IL,דייסת פטל דורסט420 גרם,גרמים,420.00,100 גרם,false,0,23.90,5.69,true,1,
5018357010653,false,גרנולה שיבולת שועל 550 ג,,IL,גרנולה שיבולת שועל 550 ג,גרמים,550.00,100 גרם,false,0,25.90,4.71,true,1,
5018357010691,false,גרנולה ברי 550 גרם,,IL,גרנולה ברי 550 גרם,גרמים,550.00,100 גרם,false,0,25.90,4.71,true,1,
5202390015618,false,צהוב.טבעונית אורגינלי200,,GR,צהוב.טבעונית אורגינלי200,גרמים,200.00,100 גרם,false,0,24.90,12.45,true,1,
5202390015632,false,צהובה טבעוני עגב.בזיל200,,GR,צהובה טבעוני עגב.בזיל200,גרמים,200.00,100 גרם,false,0,24.90,12.45,true,1,
5202390015649,false,צהובה טבע.עשבי תיבול200ג,,GR,צהובה טבע.עשבי תיבול200ג,גרמים,200.00,100 גרם,false,0,24.90,12.45,true,1,
5206154000629,false,חט. מחומוס+פלפל אדוםג120,,GR,חט. מחומוס+פלפל אדוםג120,גרמים,120.00,100 גרם,false,0,16.90,14.08,true,1,
5206154000636,false,חט.מקמח חומוס+זיתים 120ג,,GR,חט.מקמח חומוס+זיתים 120ג,גרמים,120.00,100 גרם,false,0,16.90,14.08,true,1,
5206154000643,false,חטיף מקמח חומוס 120 גרם,,GR,חטיף מקמח חומוס 120 גרם,גרמים,120.00,100 גרם,false,0,16.90,14.08,true,1,
5206154000667,false,חטיף עדשים+מלח ים 140 גר,,GR,חטיף עדשים+מלח ים 140 גר,גרמים,140.00,100 גרם,false,0,16.90,12.07,true,1,
5206154000674,false,חטיף עדשים+רוזמרין 140גר,,GR,חטיף עדשים+רוזמרין 140גר,גרמים,140.00,100 גרם,false,0,16.90,12.07,true,1,
5411188081852,false,אלפרו סויה וניל 1 ליטר,אלפרו,BE,אלפרו סויה וניל 1 ליטר,ליטרים,1.00,ליטר,false,0,16.80,16.80,true,1,
5411188094159,false,אלפרו מעדן ט.שוקולד125X4,אלפרו,BE,אלפרו מעדן ט.שוקולד125X4,גרמים,500.00,100 גרם,false,0,19.80,3.96,true,1,
5411188096108,false,שמנת צמחית לבישול 250גרם,אלפרו,BE,שמנת צמחית לבישול 250גרם,גרמים,250.00,100 גרם,false,0,10.90,4.36,true,1,
5411188110835,false,אלפרו משקה שקדים 1 ליטר,אלפרו,BE,אלפרו משקה שקדים 1 ליטר,ליטרים,1.00,ליטר,false,0,16.90,16.90,true,1,
5411188110842,false,אלפרו משקה אגוזים 1 ליטר,אלפרו,BE,אלפרו משקה אגוזים 1 ליטר,ליטרים,1.00,ליטר,false,0,16.90,16.90,true,1,
5411188111375,false,משקה אורז וניל 1 ליטר,אלפרו,BE,משקה אורז וניל 1 ליטר,ליטרים,1.00,ליטר,false,0,16.90,16.90,true,1,
5411188115366,false,אלפרו משקה שיבולת שועל 1,אלפרו,BE,אלפרו משקה שיבולת שועל 1,מיליליטרים,1000.00,"100 מ""ל",false,0,16.90,1.69,true,1,
5411188116592,false,אלפרו משקה קוקוס 1 ליטר,אלפרו,BE,אלפרו משקה קוקוס 1 ליטר,מיליליטרים,1000.00,"100 מ""ל",false,0,16.90,1.69,true,1,
5411188300328,false,אלפרו סויה שוקו 1 ליטר,אלפרו,BE,אלפרו סויה שוקו 1 ליטר,ליטרים,1.00,ליטר,false,0,16.80,16.80,true,1,
5412533001914,false,'נוזל ניקוי רב תכליתי 1ל,אקובר,BE,'נוזל ניקוי רב תכליתי 1ל,ליטרים,1.00,ליטר,false,0,22.30,22.30,true,1,
5412533002652,false,מסיר כתמים 200מל,אקובר,BE,מסיר כתמים 200מל,מיליליטרים,200.00,"100 מ""ל",false,0,27.40,13.70,true,1,
5412533003857,false,נוזל אקולוגי נ.אסלות750מ,אקובר,BE,נוזל אקולוגי נ.אסלות750מ,מיליליטרים,750.00,"100 מ""ל",false,0,20.30,2.71,true,1,
5412533004335,false,תרסיס ניקוי חלונות 500מל,אקובר,BE,תרסיס ניקוי חלונות 500מל,מיליליטרים,500.00,"100 מ""ל",false,0,27.40,5.48,true,1,
5412533004618,false,תרסיס לניקוי משטחים500מ,אקובר,BE,תרסיס לניקוי משטחים500מ,מיליליטרים,500.00,"100 מ""ל",false,0,27.30,5.46,true,1,
5412533006018,false,נוזל לשטיפת רצפות 1 ליטר,אקובר,BE,נוזל לשטיפת רצפות 1 ליטר,ליטרים,1.00,ליטר,false,0,26.50,26.50,true,1,
5412533009019,false,מרכך כביסה תחת השמש 1 ל,אקובר,BE,מרכך כביסה תחת השמש 1 ל,ליטרים,1.00,ליטר,false,0,22.50,22.50,true,1,
5412533400168,false,"אבקה לכביסה לבנה 1.2 ק""ג",אקובר,BE,"אבקה לכביסה לבנה 1.2 ק""ג",גרמים,1200.00,100 גרם,false,0,50.90,4.24,true,1,
5412533400274,false,אבקה לכביסה צבעונית 1.2ק,אקובר,BE,אבקה לכביסה צבעונית 1.2ק,גרמים,1200.00,100 גרם,false,0,50.90,4.24,true,1,
5412533407471,false,טבליות למדיח כלים 1.4 קג,אקובר,BE,טבליות למדיח כלים 1.4 קג,קילוגרמים,1.40,"ק""ג",false,0,96.90,69.21,true,1,
5412860010016,false,חטיף פרלין עם סטיביה35גר,קלינגל שוקולד,BE,חטיף פרלין עם סטיביה35גר,גרמים,35.00,100 גרם,false,0,10.00,28.57,true,1,
5412860010030,false,חטיף שוקולד עם סטיביה35ג,קלינגל שוקולד,BE,חטיף שוקולד עם סטיביה35ג,גרמים,35.00,100 גרם,false,0,10.00,28.57,true,1,
5412860120012,false,שוק.מריר72%ללא סוכר100גר,קלינגל שוקולד,BE,שוק.מריר72%ללא סוכר100גר,גרמים,100.00,100 גרם,false,0,17.00,17.00,true,1,
5425000191025,false,רייס דרים משקה אגוזים1ל,היין,BE,רייס דרים משקה אגוזים1ל,ליטרים,1.00,ליטר,false,0,19.40,19.40,true,1,
5425000197157,false,אורז אגוזי לוז ר.דרים 1ל,היין,IT,אורז אגוזי לוז ר.דרים 1ל,ליטרים,1.00,ליטר,false,0,19.40,19.40,true,1,
5425000198055,false,אלמונד דרים שקדים 1 ליטר,היין,BE,אלמונד דרים שקדים 1 ליטר,ליטרים,1.00,ליטר,false,0,19.40,19.40,true,1,
5601010111035,false,סרדינים בשמן זית,,PT,סרדינים בשמן זית,גרמים,125.00,100 גרם,false,0,14.20,11.36,true,1,
5601010211070,false,סרדינים במים 125 גרם,,PT,סרדינים במים 125 גרם,גרמים,125.00,100 גרם,false,0,11.10,8.88,true,1,
5948935002629,false,פאטוצ'יני קמח תירס 500גר,,IL,פאטוצ'יני קמח תירס 500גר,גרמים,500.00,100 גרם,false,0,9.90,1.98,true,1,
6410500090014,false,פריכיות שיפון דקות 200גר,אלגם גיל,FI,פריכיות שיפון דקות 200גר,גרמים,200.00,100 גרם,false,0,12.90,6.45,true,1,
6410500091868,false,קרקר פין קריספ דגנים200ג,אלגם גיל,FI,קרקר פין קריספ דגנים200ג,גרמים,175.00,100 גרם,false,0,12.90,7.37,true,1,
6437005058448,false,פריכיות 5 דגנים 190 גרם,אלגם גיל,IL,פריכיות 5 דגנים 190 גרם,גרמים,190.00,100 גרם,false,0,14.80,7.79,true,1,
6437005060526,false,פריכיות סיבים ושומשום200,אלגם גיל,FI,פריכיות סיבים ושומשום200,גרמים,200.00,100 גרם,false,0,14.80,7.40,true,1,
6910191800287,false,אצות ים נורי 10 דף 28 גר,,IL,אצות ים נורי 10 דף 28 גר,גרמים,28.00,100 גרם,false,0,9.20,32.86,true,1,
6922657299221,false,פטריות שיטאקה מיובשות100,,CN,פטריות שיטאקה מיובשות100,גרמים,100.00,100 גרם,false,0,15.90,15.90,true,1,
6923052620276,false,אטריות תרד 454 גרם,,,אטריות תרד 454 גרם,גרמים,454.00,100 גרם,false,0,8.20,1.81,true,1,
6923052620306,false,אטריות דלעת 454 גרם,,CN,אטריות דלעת 454 גרם,גרמים,454.00,100 גרם,false,0,8.20,1.81,true,1,
6923052650051,false,איטריות קמח מלא 454 גרם,,CN,איטריות קמח מלא 454 גרם,גרמים,454.00,100 גרם,false,0,10.00,2.20,true,1,
6928740700544,false,"תפוחונים-תפו""ע מיובשים22",,CN,"תפוחונים-תפו""ע מיובשים22",גרמים,22.00,100 גרם,false,0,4.90,22.27,true,1,
6936745600462,false,"מירין דאניינג 500 מ""ל",,IL,"מירין דאניינג 500 מ""ל",מיליליטרים,500.00,"100 מ""ל",false,0,23.90,4.78,true,1,
6941156100166,false,מחית סויה אדומה 500 גרם,,CN,מחית סויה אדומה 500 גרם,גרמים,500.00,100 גרם,false,0,19.20,3.84,true,1,
7290000031507,false,מיץ תפוז טבעי בק.זכו1 ל',,IL,מיץ תפוז טבעי בק.זכו1 ל',ליטרים,1.00,ליטר,false,0,11.20,11.20,true,1,
7290000091907,true,שעועית לבנה אורגני במשקל,,IL,שעועית לבנה אורגני במשקל,קילוגרמים,0.00,"ק""ג",true,0,25.00,25.00,true,1,
7290000099941,true,גזר אורגני במשקל,,IL,גזר אורגני במשקל,קילוגרמים,0.00,"ק""ג",true,0,8.90,8.90,true,1,
7290000529424,false,25שXתה ירוק עם לימון1.5ג,עדנים,IL,25שXתה ירוק עם לימון1.5ג,גרמים,30.00,100 גרם,false,0,17.20,57.33,true,1,
7290000529783,false,חליטת קמומיל אורגנית,עדנים,IL,חליטת קמומיל אורגנית,גרמים,26.00,100 גרם,false,0,17.20,66.15,true,1,
7290000841557,false,סטרילי נוזל לחיטוי פירות,,IL,סטרילי נוזל לחיטוי פירות,מיליליטרים,500.00,"100 מ""ל",false,0,15.20,3.04,true,1,
7290000900162,true,סלק אורגני במשקל,.,IL,סלק אורגני במשקל,קילוגרמים,0.00,"ק""ג",true,0,9.90,9.90,true,1,
7290000901374,true,בצל אדום יבש אורגני משקל,,IL,בצל אדום יבש אורגני משקל,קילוגרמים,0.00,"ק""ג",true,0,13.90,13.90,true,1,
7290000901497,true,פלפל רמירו ארוז אורגני,,IL,פלפל רמירו ארוז אורגני,יחידה,1.00,יחידה,false,0,7.90,7.90,true,1,
7290000910345,true,דלורית אורגני,,IL,דלורית אורגני,קילוגרמים,0.00,"ק""ג",true,0,8.90,8.90,true,1,
7290000916248,true,כרוב לבן אורגני,,IL,כרוב לבן אורגני,קילוגרמים,0.00,"ק""ג",true,0,11.90,11.90,true,1,
7290000960272,true,עגבניה אורגנית,,IL,עגבניה אורגנית,קילוגרמים,0.00,"ק""ג",true,0,8.90,8.90,true,1,
7290000960548,true,מלפפון אורגני,,IL,מלפפון אורגני,קילוגרמים,0.00,"ק""ג",true,0,9.90,9.90,true,1,
7290000960616,true,קישוא כהה אורגני,,IL,קישוא כהה אורגני,קילוגרמים,0.00,"ק""ג",true,0,13.90,13.90,true,1,
7290000960760,true,פלפל אדום אורגני,,IL,פלפל אדום אורגני,קילוגרמים,0.00,"ק""ג",true,0,14.90,14.90,true,1,
7290000960906,true,בצל יבש אורגני,,IL,בצל יבש אורגני,קילוגרמים,0.00,"ק""ג",true,0,13.90,13.90,true,1,
7290000963334,true,מנגו טומי אורגני במשקל,,IL,מנגו טומי אורגני במשקל,קילוגרמים,0.00,"ק""ג",true,0,16.90,16.90,true,1,
7290000965482,true,אגס אורגני,,IL,אגס אורגני,קילוגרמים,0.00,"ק""ג",true,0,26.90,26.90,true,1,
7290000965598,true,בטטה אורגני,,IL,בטטה אורגני,קילוגרמים,0.00,"ק""ג",true,0,12.90,12.90,true,1,
7290000967509,true,"תפו""א אורגני",,IL,"תפו""א אורגני",קילוגרמים,0.00,"ק""ג",true,0,7.90,7.90,true,1,
7290000969367,true,עגבנית שרי עגולה אורגנית,,IL,עגבנית שרי עגולה אורגנית,קילוגרמים,0.00,"ק""ג",true,0,16.90,16.90,true,1,
7290000976679,true,חציל אורגני,,IL,חציל אורגני,קילוגרמים,0.00,"ק""ג",true,0,5.90,5.90,true,1,
7290000988245,true,רוזמרין אורגני,,IL,רוזמרין אורגני,יחידה,1.00,יחידה,false,0,8.90,8.90,true,1,
7290000994604,true,דלעת ערמונים אורגני משקל,,IL,דלעת ערמונים אורגני משקל,קילוגרמים,0.00,"ק""ג",true,0,24.90,24.90,true,1,
7290000994888,true,אבטיח אורגני במשקל,.,IL,אבטיח אורגני במשקל,קילוגרמים,0.00,"ק""ג",true,0,4.90,4.90,true,1,
7290001164273,false,חגיגת גרנולה 500 גרם,,IL,חגיגת גרנולה 500 גרם,גרמים,500.00,100 גרם,false,0,20.40,4.08,true,1,
7290001164372,false,חטיף פיקנטי 150 גרם,,,חטיף פיקנטי 150 גרם,גרמים,150.00,100 גרם,false,0,10.20,6.80,true,1,
7290001164389,false,סויה קלוי ללא סוכר 200גר,,IL,סויה קלוי ללא סוכר 200גר,גרמים,200.00,100 גרם,false,0,8.70,4.35,true,1,
7290001164402,false,ג'עלה 200 גרם,,IL,ג'עלה 200 גרם,גרמים,200.00,100 גרם,false,0,14.30,7.15,true,1,
7290001164419,false,ג'עלה 550 גרם,,IL,ג'עלה 550 גרם,גרמים,550.00,100 גרם,false,0,32.60,5.93,true,1,
7290001164471,false,שפע גרעינים ופשתן 200גרם,,IL,שפע גרעינים ופשתן 200גרם,גרמים,200.00,100 גרם,false,0,12.20,6.10,true,1,
7290001427040,false,מיץ תפוחים גזר טבעי1ליטר,,IL,מיץ תפוחים גזר טבעי1ליטר,ליטרים,1.00,ליטר,false,0,21.40,21.40,true,1,
7290001427071,false,מיץ סלק תפוחים טבעי 1ל',,IL,מיץ סלק תפוחים טבעי 1ל',ליטרים,1.00,ליטר,false,0,21.40,21.40,true,1,
7290001427088,false,מיץ גזר ותפוחים קשת500מל,,IL,מיץ גזר ותפוחים קשת500מל,מיליליטרים,500.00,"100 מ""ל",false,0,14.00,2.80,true,1,
7290001427095,false,"מיץ סלק ותפוחים 500 מ""ל",,IL,"מיץ סלק ותפוחים 500 מ""ל",מיליליטרים,500.00,"100 מ""ל",false,0,14.00,2.80,true,1,
7290001427132,false,"מיץ רימונים טבעי 500 מ""ל",,IL,"מיץ רימונים טבעי 500 מ""ל",מיליליטרים,500.00,"100 מ""ל",false,0,21.50,4.30,true,1,
7290001427255,false,מיץ תפוחים קשת 1 ליטר,,IL,מיץ תפוחים קשת 1 ליטר,ליטרים,1.00,ליטר,false,0,17.50,17.50,true,1,
7290001427262,false,מיץ לימון ותפוח קשת 330מ,,IL,מיץ לימון ותפוח קשת 330מ,מיליליטרים,330.00,"100 מ""ל",false,0,10.40,3.15,true,1,
7290001489079,false,טופו טיבעי בואקום 300גרם,,IL,טופו טיבעי בואקום 300גרם,גרמים,330.00,100 גרם,false,0,13.90,4.21,true,1,
7290001489185,false,מיונז טיבעי שום שמיר340ג,,IL,מיונז טיבעי שום שמיר340ג,גרמים,340.00,100 גרם,false,0,21.90,6.44,true,1,
7290001489192,false,מיונז שום שמיר שיזן340גר,,IL,מיונז שום שמיר שיזן340גר,גרמים,340.00,100 גרם,false,0,21.90,6.44,true,1,
7290001489673,false,קטיפה לבנה שום שמיר200ג,,,קטיפה לבנה שום שמיר200ג,גרמים,200.00,100 גרם,false,0,19.90,9.95,true,1,
7290001489680,false,זן גב.סויה טאפנד זית200ג,,,זן גב.סויה טאפנד זית200ג,גרמים,200.00,100 גרם,false,0,19.90,9.95,true,1,
7290001489741,false,זן גבינת סויה טבעי 200גר,,,זן גבינת סויה טבעי 200גר,גרמים,200.00,100 גרם,false,0,19.90,9.95,true,1,
7290001489796,false,לחם פרוס טף ללא גלוטן500,,IL,לחם פרוס טף ללא גלוטן500,גרמים,500.00,100 גרם,false,0,24.90,4.98,true,1,
7290001489802,false,שליש באגט טף ל.גלוט120*3,,IL,שליש באגט טף ל.גלוט120*3,גרמים,360.00,100 גרם,false,0,24.90,6.92,true,1,
7290001489819,false,לחמניות טף ל.גלוטן90*4גר,,IL,לחמניות טף ל.גלוטן90*4גר,גרמים,360.00,100 גרם,false,0,24.90,6.92,true,1,
7290001507018,false,גלילית אורגני+ק.חרוב100ג,השדה מוצרים אורגניים,IL,גלילית אורגני+ק.חרוב100ג,גרמים,100.00,100 גרם,false,0,13.10,13.10,true,1,
7290001507049,false,וופלים חרובים אורגני500ג,השדה מוצרים אורגניים,IL,וופלים חרובים אורגני500ג,גרמים,500.00,100 גרם,false,0,25.20,5.04,true,1,
7290001507162,false,אובלטים שומשום אורגני100,השדה מוצרים אורגניים,IL,אובלטים שומשום אורגני100,גרמים,100.00,100 גרם,false,0,8.00,8.00,true,1,
7290001507179,false,אובלטים אורגניים+קימל100,,IL,אובלטים אורגניים+קימל100,גרמים,100.00,100 גרם,false,0,8.00,8.00,true,1,
7290001507285,false,בייגלה שומשום קמח מלא200,השדה מוצרים אורגניים,IL,בייגלה שומשום קמח מלא200,גרמים,200.00,100 גרם,false,0,13.10,6.55,true,1,
7290001507292,false,בייגלה מלח קמח מלא 200גר,השדה מוצרים אורגניים,IL,בייגלה מלח קמח מלא 200גר,גרמים,200.00,100 גרם,false,0,13.10,6.55,true,1,
7290001507339,false,פתיתים אורגנים-קוסקוס400,השדה מוצרים אורגניים,IL,פתיתים אורגנים-קוסקוס400,גרמים,400.00,100 גרם,false,0,17.20,4.30,true,1,
7290001507353,false,פתיתים אורגנים-קוסקוס500,השדה מוצרים אורגניים,IL,פתיתים אורגנים-קוסקוס500,גרמים,500.00,100 גרם,false,0,14.20,2.84,true,1,
7290001507360,false,אובלטים ק.כוסמין אורג100,השדה מוצרים אורגניים,IL,אובלטים ק.כוסמין אורג100,גרמים,100.00,100 גרם,false,0,11.10,11.10,true,1,
7290001507391,false,ספגטי מקמח מלא אורגני500,השדה מוצרים אורגניים,IT,ספגטי מקמח מלא אורגני500,גרמים,500.00,100 גרם,false,0,10.20,2.04,true,1,
7290001507698,false,אטריות ורמיצ'לי אורגני מ,השדה מוצרים אורגניים,IT,אטריות ורמיצ'לי אורגני מ,גרמים,500.00,100 גרם,false,0,17.20,3.44,true,1,
7290001909430,false,חטיף תמרים בריאות מהטבע,,IL,חטיף תמרים בריאות מהטבע,יחידה,1.00,יחידה,false,0,6.10,6.10,true,1,
7290002040088,false,קוסקוס מלא 350 גרם,קוסקוס מזון,IL,קוסקוס מלא 350 גרם,גרמים,350.00,100 גרם,false,0,7.00,2.00,true,1,
7290002196020,false,מזון מלכות משק לין,משק לין,,מזון מלכות משק לין,גרמים,450.00,100 גרם,false,0,71.20,15.82,true,1,
7290002196105,false,דבש משק לין 500 גרם,משק לין,IL,דבש משק לין 500 גרם,גרמים,500.00,100 גרם,false,0,30.30,6.06,true,1,
7290002196129,false,"דבש משק לין 1 ק""ג",משק לין,IL,"דבש משק לין 1 ק""ג",קילוגרמים,1.00,"ק""ג",false,0,57.50,57.50,true,1,
7290002196174,false,מזון מלכות 35.000 450 גר,משק לין,IL,מזון מלכות 35.000 450 גר,גרמים,450.00,100 גרם,false,0,90.60,20.13,true,1,
7290002196341,false,רוטב סילאן מוקפץ 320 גרם,משק לין,IL,רוטב סילאן מוקפץ 320 גרם,גרמים,320.00,100 גרם,false,0,23.20,7.25,true,1,
7290002196358,false,רוטב סילאן על האש 320גרם,משק לין,IL,רוטב סילאן על האש 320גרם,גרמים,320.00,100 גרם,false,0,23.20,7.25,true,1,
7290002196372,false,רוטב סילאן גריל 320 גרם,משק לין,IL,רוטב סילאן גריל 320 גרם,גרמים,320.00,100 גרם,false,0,23.20,7.25,true,1,
7290002196495,false,רוטב ג'ינג'ר ופלפל אדום,משק לין,IL,רוטב ג'ינג'ר ופלפל אדום,גרמים,130.00,100 גרם,false,0,23.20,17.85,true,1,
7290002196617,false,רוטב חרדל ודבש 320 גרם,משק לין,,רוטב חרדל ודבש 320 גרם,גרמים,320.00,100 גרם,false,0,23.20,7.25,true,1,
7290002196709,false,טחינה אתיופית ט.מונבט350,משק לין,IL,טחינה אתיופית ט.מונבט350,גרמים,350.00,100 גרם,false,0,24.90,7.11,true,1,
7290002196754,false,"סילאן טבעי ללת""ס 450 גרם",משק לין,IL,"סילאן טבעי ללת""ס 450 גרם",גרמים,450.00,100 גרם,false,0,33.50,7.44,true,1,
7290002196822,false,רוטב שום לימון ושמן זית,משק לין,,רוטב שום לימון ושמן זית,גרמים,320.00,100 גרם,false,0,23.20,7.25,true,1,
7290002196938,false,טחינה אתיופית ט.מונבט700,משק לין,IL,טחינה אתיופית ט.מונבט700,גרמים,700.00,100 גרם,false,0,44.90,6.41,true,1,
7290002232971,false,קורנפלקס ללא גלוטן 500גר,,IL,קורנפלקס ללא גלוטן 500גר,גרמים,500.00,100 גרם,false,0,23.40,4.68,true,1,
7290002320463,false,"מעדן 100% תות ללת""ס284גר",בית יצחק,IL,"מעדן 100% תות ללת""ס284גר",גרמים,284.00,100 גרם,false,0,18.30,6.44,true,1,
7290002320487,false,"מעדן 100% מישמש ללת""ס284",בית יצחק,IL,"מעדן 100% מישמש ללת""ס284",גרמים,284.00,100 גרם,false,0,18.30,6.44,true,1,
7290002333104,false,בורגול אורגני 500 גרם,הרדוף,IL,בורגול אורגני 500 גרם,גרמים,500.00,100 גרם,false,0,10.10,2.02,true,1,
7290002333241,false,לחם שאור קל 750 גרם,הרדוף,IL,לחם שאור קל 750 גרם,גרמים,750.00,100 גרם,false,0,16.20,2.16,true,1,
7290002333319,false,קמח שיפון מלא אורגני 1 ק,,IL,קמח שיפון מלא אורגני 1 ק,גרמים,500.00,100 גרם,false,0,17.20,3.44,true,1,
7290002333456,false,גריסי פנינה אורגני 500גר,הרדוף,IL,גריסי פנינה אורגני 500גר,גרמים,500.00,100 גרם,false,0,13.10,2.62,true,1,
7290002333463,false,שעועית מש הרדוף 500 גרם,הרדוף,IL,שעועית מש הרדוף 500 גרם,גרמים,500.00,100 גרם,false,0,15.20,3.04,true,1,
7290002333494,false,שעועית אזוקי אורגנית500ג,,,שעועית אזוקי אורגנית500ג,גרמים,500.00,100 גרם,false,0,15.90,3.18,true,1,
7290002333500,false,עדשים אדומים אורגני500גר,הרדוף,IL,עדשים אדומים אורגני500גר,גרמים,500.00,100 גרם,false,0,16.90,3.38,true,1,
7290002333609,false,פסטה גן חיות מקמח לבן500,,IT,פסטה גן חיות מקמח לבן500,גרמים,500.00,100 גרם,false,0,12.10,2.42,true,1,
7290002333616,false,פסטה ג.חיות מלא ארגני500,הרדוף,IT,פסטה ג.חיות מלא ארגני500,גרמים,500.00,100 גרם,false,0,12.20,2.44,true,1,
7290002333982,false,שעועית לבנה אורגנית500גר,הרדוף,IL,שעועית לבנה אורגנית500גר,גרמים,500.00,100 גרם,false,0,13.10,2.62,true,1,
7290002333999,false,גרעיני חמניות 300 גרם,הרדוף,IL,גרעיני חמניות 300 גרם,גרמים,300.00,100 גרם,false,0,13.10,4.37,true,1,
7290002359418,false,ממרח חרוב שקד 400 גרם,,IL,ממרח חרוב שקד 400 גרם,גרמים,500.00,100 גרם,false,0,32.30,6.46,true,1,
7290002359708,false,ממרח חרובים ללא סוכר400ג,,IL,ממרח חרובים ללא סוכר400ג,גרמים,400.00,100 גרם,false,0,36.30,9.08,true,1,
7290002359722,false,ממרח שקדים ללא סוכר 400ג,,IL,ממרח שקדים ללא סוכר 400ג,גרמים,400.00,100 גרם,false,0,36.30,9.08,true,1,
7290002359845,false,ממרח חרובים 500 גרם,,IL,ממרח חרובים 500 גרם,גרמים,500.00,100 גרם,false,0,32.30,6.46,true,1,
7290002360155,false,חליטת שומר 20 שק2Xגרם,טייקנה,IL,חליטת שומר 20 שק2Xגרם,גרמים,40.00,100 גרם,false,0,20.20,50.50,true,1,
7290002360285,false,חליטת קמומיל 20 שק1.5Xג,טייקנה,DE,חליטת קמומיל 20 שק1.5Xג,גרמים,30.00,100 גרם,false,0,20.20,67.33,true,1,
7290002541479,false,"משקה סויה שוקו 250X3 מ""ל",אלפרו,BE,"משקה סויה שוקו 250X3 מ""ל",מיליליטרים,750.00,"100 מ""ל",false,0,18.20,2.43,true,1,
7290002544203,false,ממרח פסטו מוטי שף 180גרם,,,ממרח פסטו מוטי שף 180גרם,גרמים,180.00,100 גרם,false,0,22.50,12.50,true,1,
7290002544210,false,ממרח זיתים ירוקים 180גרם,,IL,ממרח זיתים ירוקים 180גרם,גרמים,180.00,100 גרם,false,0,22.50,12.50,true,1,
7290002544234,false,ממרח עגבניות מיובשות180ג,,IL,ממרח עגבניות מיובשות180ג,גרמים,180.00,100 גרם,false,0,22.50,12.50,true,1,
7290002566632,false,חטיפי גרנולה ללא סוכר220,,IL,חטיפי גרנולה ללא סוכר220,גרמים,220.00,100 גרם,false,0,20.20,9.18,true,1,
7290002566700,false,בקלוואה ק.מלא ל.סוכר300ג,,IL,בקלוואה ק.מלא ל.סוכר300ג,גרמים,300.00,100 גרם,false,0,29.90,9.97,true,1,
7290002862178,false,ממרח פסטו כוסברה 180גרם,,IL,ממרח פסטו כוסברה 180גרם,גרמים,180.00,100 גרם,false,0,22.50,12.50,true,1,
7290003054176,false,לחם שיפון עם מיסלי500גרם,מסטמאכר,DE,לחם שיפון עם מיסלי500גרם,גרמים,500.00,100 גרם,false,0,15.90,3.18,true,1,
7290003054206,false,לחם שיפון+זרעי חמניות500,.,DE,לחם שיפון+זרעי חמניות500,גרמים,500.00,100 גרם,false,1,15.90,3.18,true,1,
7290003726332,false,עוגיות תמר וטופו 500 גרם,,IL,עוגיות תמר וטופו 500 גרם,גרמים,500.00,100 גרם,false,0,24.20,4.84,true,1,
7290003726356,false,עוגיות תמרים ותפוחים350ג,,IL,עוגיות תמרים ותפוחים350ג,גרמים,350.00,100 גרם,false,0,24.20,6.91,true,1,
7290004023041,false,"לחם שיפון ד""ר מרק",,IL,"לחם שיפון ד""ר מרק",גרמים,750.00,100 גרם,false,0,15.30,2.04,true,1,
7290004023058,false,לחם שבולת שועל דר מרק750,,IL,לחם שבולת שועל דר מרק750,גרמים,750.00,100 גרם,false,0,15.50,2.07,true,1,
7290004023423,false,"לחם שיפון ד""ר מרק 500 גר",,,"לחם שיפון ד""ר מרק 500 גר",גרמים,500.00,100 גרם,false,0,15.50,3.10,true,1,
7290004023430,false,לחם כוסמין ללא שמרים400ג,,IL,לחם כוסמין ללא שמרים400ג,גרמים,400.00,100 גרם,false,0,20.90,5.23,true,1,
7290004023447,false,לחם שיבולת שועל 500 גרם,,IL,לחם שיבולת שועל 500 גרם,גרמים,500.00,100 גרם,false,0,20.90,4.18,true,1,
7290004074043,false,גבינת לאבנה אורגנית250ג,חוות גבעות עולם,IL,גבינת לאבנה אורגנית250ג,גרמים,250.00,100 גרם,false,0,19.90,7.96,true,1,
7290004074067,false,גבינת צפתית אורגנית200ג,חוות גבעות עולם,IL,גבינת צפתית אורגנית200ג,גרמים,200.00,100 גרם,false,0,19.90,9.95,true,1,
7290004074135,false,גבינת פטה אורגנית 200 גר,חוות גבעות עולם,IL,גבינת פטה אורגנית 200 גר,גרמים,200.00,100 גרם,false,0,29.90,14.95,true,1,
7290004074180,false,יוגורט עיזים אורגני 1 ל,חוות גבעות עולם,IL,יוגורט עיזים אורגני 1 ל,ליטרים,1.00,ליטר,false,0,21.90,21.90,true,1,
7290004074272,false,פריגורט עיזים אפרסק 500,חוות גבעות עולם,IL,פריגורט עיזים אפרסק 500,גרמים,500.00,100 גרם,false,0,13.90,2.78,true,1,
7290004074296,false,"פריגורט עיזים פרג 500מ""ל",חוות גבעות עולם,IL,"פריגורט עיזים פרג 500מ""ל",גרמים,500.00,100 גרם,false,0,13.90,2.78,true,1,
7290004074364,false,גבינה למריחה אורגנית250ג,חוות גבעות עולם,IL,גבינה למריחה אורגנית250ג,גרמים,250.00,100 גרם,false,0,19.90,7.96,true,1,
7290004074807,false,"פריגורט תות 500 מ""ל",חוות גבעות עולם,IL,"פריגורט תות 500 מ""ל",מיליליטרים,500.00,"100 מ""ל",false,1,13.90,2.78,true,1,
7290004074814,false,"פריגורט פירות יער 500מ""ל",חוות גבעות עולם,IL,"פריגורט פירות יער 500מ""ל",מיליליטרים,500.00,"100 מ""ל",false,1,13.90,2.78,true,1,
7290004125578,false,'משקה סויה מועשר בסידן1ל,תנובה,IL,'משקה סויה מועשר בסידן1ל,ליטרים,1.00,ליטר,false,0,11.70,11.70,true,1,
7290004125585,false,משקה סויה על הבוקר 1ליטר,תנובה,IL,משקה סויה על הבוקר 1ליטר,ליטרים,1.00,ליטר,false,0,11.70,11.70,true,1,
7290004130794,false,משקה סויה במתיקות מופחתת,תנובה,IL,משקה סויה במתיקות מופחתת,ליטרים,1.00,ליטר,false,0,11.70,11.70,true,1,
7290004131296,false,חלב אורגני 3% בקרטון 1 ל,הרדוף,IL,חלב אורגני 3% בקרטון 1 ל,ליטרים,1.00,ליטר,false,0,12.50,12.50,true,1,
7290004132552,false,משקה סויה טבעי לייט 1 לי,תנובה,IL,משקה סויה טבעי לייט 1 לי,ליטרים,1.00,ליטר,false,0,11.70,11.70,true,1,
7290004232825,false,עוף שלם קפוא אורגני משקל,,,עוף שלם קפוא אורגני משקל,קילוגרמים,0.00,"ק""ג",true,0,39.90,39.90,true,1,
7290004232849,false,חזה עוף קפוא אורגני משקל,,,חזה עוף קפוא אורגני משקל,קילוגרמים,0.00,"ק""ג",true,0,79.90,79.90,true,1,
7290004232870,false,שניצל עוף קפ.אורגני משקל,,,שניצל עוף קפ.אורגני משקל,קילוגרמים,0.00,"ק""ג",true,0,89.90,89.90,true,1,
7290004232887,false,כנפיים עוף קפ.אורגנ.משקל,,,כנפיים עוף קפ.אורגנ.משקל,קילוגרמים,0.00,"ק""ג",true,0,27.90,27.90,true,1,
7290004232894,false,שוקיים עוף קפ.אורגנ.משקל,,,שוקיים עוף קפ.אורגנ.משקל,קילוגרמים,0.00,"ק""ג",true,0,83.90,83.90,true,1,
7290004232924,false,ירכיים עוף קפ.אורגנ.משקל,,,ירכיים עוף קפ.אורגנ.משקל,קילוגרמים,0.00,"ק""ג",true,0,59.90,59.90,true,1,
7290004232993,false,עוף מחולק לארבע לפי משקל,,IL,עוף מחולק לארבע לפי משקל,קילוגרמים,0.00,"ק""ג",true,0,44.90,44.90,true,1,
7290004339432,false,סייטן עוף 500 גרם,,IL,סייטן עוף 500 גרם,גרמים,500.00,100 גרם,false,0,15.90,3.18,true,1,
7290004339531,false,400 נקניק איטלקי טבע דלי,,IL,400 נקניק איטלקי טבע דלי,גרמים,400.00,100 גרם,false,0,23.30,5.83,true,1,
7290004339685,false,סייטן קצוץ כפרי 350 גרם,,,סייטן קצוץ כפרי 350 גרם,גרמים,350.00,100 גרם,false,0,17.90,5.11,true,1,
7290004952136,false,1 קמח כוסמין מלא אורגני,,IL,1 קמח כוסמין מלא אורגני,קילוגרמים,1.00,"ק""ג",false,0,27.90,27.90,true,1,
7290004952228,false,חלת טבע הרדוף 750 גרם,הרדוף,IL,חלת טבע הרדוף 750 גרם,גרמים,750.00,100 גרם,false,0,16.20,2.16,true,1,
7290004952778,false,טופו אורגני-הרדוף 300גרם,הרדוף,IL,טופו אורגני-הרדוף 300גרם,גרמים,300.00,100 גרם,false,0,15.20,5.07,true,1,
7290005158278,false,עוגת שיפון 450 גרם,,IL,עוגת שיפון 450 גרם,גרמים,450.00,100 גרם,false,0,33.30,7.40,true,1,
7290005158568,false,שטרודל תמרים אגוזים ללא,,IL,שטרודל תמרים אגוזים ללא,גרמים,450.00,100 גרם,false,0,33.30,7.40,true,1,
7290005158667,false,עוגיות אוזני פיל,,IL,עוגיות אוזני פיל,גרמים,350.00,100 גרם,false,0,33.30,9.51,true,1,
7290005182136,false,סוכרה דיאט 100 יחידות80ג,גורי,IL,סוכרה דיאט 100 יחידות80ג,גרמים,80.00,100 גרם,false,0,28.90,36.13,true,1,
7290005416033,false,יוגורט טבעי ביו 3% 500מל,,IL,יוגורט טבעי ביו 3% 500מל,מיליליטרים,500.00,"100 מ""ל",false,0,15.10,3.02,true,1,
7290005416262,false,"יוגורט עיזים תות 500 מ""ל",,IL,"יוגורט עיזים תות 500 מ""ל",מיליליטרים,500.00,"100 מ""ל",false,0,15.70,3.14,true,1,
7290005416279,false,יוגורט עיזים פ.יער 500מל,,IL,יוגורט עיזים פ.יער 500מל,מיליליטרים,500.00,"100 מ""ל",false,0,15.70,3.14,true,1,
7290005416286,false,"יוגורט עיזים אננס 500מ""ל",,IL,"יוגורט עיזים אננס 500מ""ל",מיליליטרים,500.00,"100 מ""ל",false,0,15.70,3.14,true,1,
7290005416293,false,"יוגורט עיזים משמש 500מ""ל",,IL,"יוגורט עיזים משמש 500מ""ל",מיליליטרים,500.00,"100 מ""ל",false,0,15.70,3.14,true,1,
7290005416415,false,יוגורט עזים טבעי 3% 200ג,,IL,יוגורט עזים טבעי 3% 200ג,גרמים,200.00,100 גרם,false,0,6.60,3.30,true,1,
7290005583568,false,אוריריות כוסמת עם מלח50ג,,IL,אוריריות כוסמת עם מלח50ג,גרמים,150.00,100 גרם,false,0,14.90,9.93,true,1,
7290005583643,false,אוריריות כוסמ.ללא מלח150,,GB,אוריריות כוסמ.ללא מלח150,גרמים,150.00,100 גרם,false,0,14.90,9.93,true,1,
7290006502544,false,"סכין לחם ""8 ""8",,IL,"סכין לחם ""8 ""8",יחידה,1.00,יחידה,false,0,101.70,101.70,true,1,
7290006541925,false,ממרח עגבנ.לחות ולימון180,,IL,ממרח עגבנ.לחות ולימון180,גרמים,180.00,100 גרם,false,0,22.50,12.50,true,1,
7290006559098,false,לבנה כדורים בופאלו 250גר,,IL,לבנה כדורים בופאלו 250גר,גרמים,250.00,100 גרם,false,0,25.00,10.00,true,1,
7290006559180,false,לבנה למריחה בופאלו 250גר,,IL,לבנה למריחה בופאלו 250גר,גרמים,250.00,100 גרם,false,0,20.00,8.00,true,1,
7290006559227,false,יוגורט בופאלו 5%שומן850ג,,IL,יוגורט בופאלו 5%שומן850ג,גרמים,850.00,100 גרם,false,0,21.90,2.58,true,1,
7290006559371,false,יוגורט בופאלו תות 200 גר,,IL,יוגורט בופאלו תות 200 גר,גרמים,200.00,100 גרם,false,0,8.90,4.45,true,1,
7290006559593,false,גב.בופאלו טבעי 5% 250גרם,,IL,גב.בופאלו טבעי 5% 250גרם,גרמים,250.00,100 גרם,false,0,24.00,9.60,true,1,
7290006559920,false,שמנת בופאלו 10% 500 גרם,,IL,שמנת בופאלו 10% 500 גרם,גרמים,500.00,100 גרם,false,0,19.00,3.80,true,1,
7290006577153,false,חלב עיזים6%. אורגני 1ל,,IL,חלב עיזים6%. אורגני 1ל,ליטרים,1.00,ליטר,false,0,20.90,20.90,true,1,
7290006577160,false,יוג.טבעי עיזים אורגני 1ל,,IL,יוג.טבעי עיזים אורגני 1ל,ליטרים,1.00,ליטר,false,0,20.90,20.90,true,1,
7290006577511,false,גבינה פטה 5% אורגני 200,,IL,גבינה פטה 5% אורגני 200,גרמים,200.00,100 גרם,false,0,32.50,16.25,true,1,
7290006577627,false,חמאה עיזים אורגנית 200גר,,IL,חמאה עיזים אורגנית 200גר,גרמים,100.00,100 גרם,false,0,12.90,12.90,true,1,
7290006577665,false,גב.מעודנת ביו3%אורגני200,,IL,גב.מעודנת ביו3%אורגני200,גרמים,200.00,100 גרם,false,0,18.90,9.45,true,1,
7290006577689,false,גבינה צפתית5%אורגני200ג,,IL,גבינה צפתית5%אורגני200ג,גרמים,200.00,100 גרם,false,0,27.90,13.95,true,1,
7290006577900,false,יוגורט תמר3.3%אורגני500מ,,IL,יוגורט תמר3.3%אורגני500מ,מיליליטרים,500.00,"100 מ""ל",false,0,15.90,3.18,true,1,
7290006577986,false,יוגורט3.6% ביו אורגני500,,IL,יוגורט3.6% ביו אורגני500,מיליליטרים,500.00,"100 מ""ל",false,0,15.90,3.18,true,1,
7290006660022,false,נוזל ניקוי רב תכליתי 1ל,,IL,נוזל ניקוי רב תכליתי 1ל,ליטרים,1.00,ליטר,false,0,17.20,17.20,true,1,
7290006660039,false,נוזל כלים אקופרנד 1 ליטר,,IL,נוזל כלים אקופרנד 1 ליטר,מיליליטרים,1000.00,"100 מ""ל",false,0,15.20,1.52,true,1,
7290006660046,false,מסיר שומנים אקופרנד750מל,נטורפוד,IL,מסיר שומנים אקופרנד750מל,מיליליטרים,750.00,"100 מ""ל",false,0,19.30,2.57,true,1,
7290006660121,false,מרכך כביסה פריחת העמק4ל,,IL,מרכך כביסה פריחת העמק4ל,ליטרים,4.00,ליטר,false,0,33.90,8.48,true,1,
7290006660152,false,מ.כביסה חבצלת אקופרנד 1ל,,IL,מ.כביסה חבצלת אקופרנד 1ל,ליטרים,1.00,ליטר,false,0,19.90,19.90,true,1,
7290006660367,false,נוז.כלים לימון אקופרנד1ל,,IL,נוז.כלים לימון אקופרנד1ל,מיליליטרים,1000.00,"100 מ""ל",false,0,15.20,1.52,true,1,
7290006660428,false,ג'ל למדיח כלים 1 ליטר,נטורפוד,IL,ג'ל למדיח כלים 1 ליטר,ליטרים,1.00,ליטר,false,0,35.90,35.90,true,1,
7290006660435,false,נוזל הברקה למדיח כלים500,נטורפוד,IL,נוזל הברקה למדיח כלים500,מיליליטרים,500.00,"100 מ""ל",false,0,15.90,3.18,true,1,
7290006724847,false,סובין ש.שועל אורגני 500ג,,IL,סובין ש.שועל אורגני 500ג,גרמים,500.00,100 גרם,false,0,14.20,2.84,true,1,
7290006866967,false,נקטר חמוציות 1 ליטר,גניר,IL,נקטר חמוציות 1 ליטר,ליטרים,1.00,ליטר,false,0,12.20,12.20,true,1,
7290008017633,false,"שמפו לתינוק 250 מ""ל",מורז,,"שמפו לתינוק 250 מ""ל",יחידה,1.00,יחידה,false,0,29.90,29.90,true,1,
7290008017985,false,ק.קוסמטי לידיים 100מל,מורז,,ק.קוסמטי לידיים 100מל,מיליליטרים,100.00,"100 מ""ל",false,0,29.90,29.90,true,1,
7290008263030,false,פנה פסטה אורגנית 500 גרם,,IT,פנה פסטה אורגנית 500 גרם,גרמים,500.00,100 גרם,false,0,10.10,2.02,true,1,
7290008263047,false,ספגטי קמח לבן אורגני500ג,הרדוף,IT,ספגטי קמח לבן אורגני500ג,גרמים,500.00,100 גרם,false,0,10.10,2.02,true,1,
7290008263054,false,ספגטי קמח מלא אורגני500ג,הרדוף,IL,ספגטי קמח מלא אורגני500ג,גרמים,500.00,100 גרם,false,0,10.10,2.02,true,1,
7290008263443,false,משקה סויה מעושר אורגני1ל,,IL,משקה סויה מעושר אורגני1ל,ליטרים,1.00,ליטר,false,0,13.90,13.90,true,1,
7290008263481,false,פסטה פנה לבן הרדוף500גרם,הרדוף,IT,פסטה פנה לבן הרדוף500גרם,גרמים,500.00,100 גרם,false,0,10.10,2.02,true,1,
7290008263597,false,קווקר אורגני 500 גרם,הרדוף,IL,קווקר אורגני 500 גרם,גרמים,500.00,100 גרם,false,0,14.20,2.84,true,1,
7290008263610,false,קורנפלקס אורגני 375 גרם,הרדוף,IL,קורנפלקס אורגני 375 גרם,גרמים,375.00,100 גרם,false,0,19.00,5.07,true,1,
7290008263641,false,קוואקר עדין אורגני 500גר,הרדוף,IL,קוואקר עדין אורגני 500גר,גרמים,500.00,100 גרם,false,0,14.20,2.84,true,1,
7290008263658,false,משקה סויה ללא תוס.סוכר1ל,,IL,משקה סויה ללא תוס.סוכר1ל,ליטרים,1.00,ליטר,false,0,13.90,13.90,true,1,
7290008263665,false,"לחם דגנים""רק בריאות750""ג",הרדוף,IL,"לחם דגנים""רק בריאות750""ג",גרמים,750.00,100 גרם,false,0,16.20,2.16,true,1,
7290008263719,false,טחינה אורגנית 400 גרם,הרדוף,HU,טחינה אורגנית 400 גרם,גרמים,400.00,100 גרם,false,0,19.90,4.98,true,1,
7290008263764,false,פוזילי טריקולור 500 גרם,הרדוף,IT,פוזילי טריקולור 500 גרם,גרמים,500.00,100 גרם,false,0,12.90,2.58,true,1,
7290008263801,false,יוגורט עיזים אורגני 1 ל,הרדוף,IL,יוגורט עיזים אורגני 1 ל,ליטרים,1.00,ליטר,false,0,28.90,28.90,true,1,
7290008263924,false,"טחינה מלאה אורגני 1 ק""ג",הרדוף,IL,"טחינה מלאה אורגני 1 ק""ג",קילוגרמים,1.00,"ק""ג",false,0,45.90,45.90,true,1,
7290008263931,false,'לחמניות אורגניות 5יח,הרדוף,IL,'לחמניות אורגניות 5יח,יחידה,1.00,יחידה,false,0,16.20,16.20,true,1,
7290008292290,false,"קמח שיפון מלא אדמה 1ק""ג",אדמה,IL,"קמח שיפון מלא אדמה 1ק""ג",קילוגרמים,1.00,"ק""ג",false,0,9.90,9.90,true,1,
7290008292313,false,"קמח מלא מנופה-אדמה 1 ק""ג",אדמה,IL,"קמח מלא מנופה-אדמה 1 ק""ג",קילוגרמים,1.00,"ק""ג",false,0,13.90,13.90,true,1,
7290008292559,false,פרכיות אורז אורגני 100גר,אדמה,IL,פרכיות אורז אורגני 100גר,גרמים,100.00,100 גרם,false,0,9.10,9.10,true,1,
7290008425032,false,גבינת פטה ערבה 200 גרם,,IL,גבינת פטה ערבה 200 גרם,גרמים,200.00,100 גרם,false,0,26.60,13.30,true,1,
7290008425094,false,יוגורט ביו אורגני 1 ליטר,,IL,יוגורט ביו אורגני 1 ליטר,ליטרים,1.00,ליטר,false,0,27.90,27.90,true,1,
7290008425155,false,"שמן זית אורגני 750 מ""ל",,IL,"שמן זית אורגני 750 מ""ל",מיליליטרים,750.00,"100 מ""ל",false,0,55.00,7.33,true,1,
7290008425179,false,זיתים אורגניים שחורים,,IL,זיתים אורגניים שחורים,גרמים,400.00,100 גרם,false,0,19.50,4.88,true,1,
7290008425186,false,זיתים אורגניים סורי400גר,,IL,זיתים אורגניים סורי400גר,גרמים,400.00,100 גרם,false,0,19.50,4.88,true,1,
7290008425216,false,"שמן זית אורגני 500 מ""ל",,IL,"שמן זית אורגני 500 מ""ל",מיליליטרים,500.00,"100 מ""ל",false,0,38.90,7.78,true,1,
7290008425278,false,"מיץ תפוחים סמדר 330 מ""ל",,IL,"מיץ תפוחים סמדר 330 מ""ל",מיליליטרים,330.00,"100 מ""ל",false,0,12.20,3.70,true,1,
7290008425285,false,"מיץ ענבים סמדר 330 מ""ל",,IL,"מיץ ענבים סמדר 330 מ""ל",מיליליטרים,330.00,"100 מ""ל",false,0,12.20,3.70,true,1,
7290008425322,false,"נקטר משמש סמדר 330 מ""ל",,IL,"נקטר משמש סמדר 330 מ""ל",מיליליטרים,330.00,"100 מ""ל",false,0,11.20,3.39,true,1,
7290008425339,false,"נקטר שזיף סמדר 330 מ""ל",,IL,"נקטר שזיף סמדר 330 מ""ל",מיליליטרים,330.00,"100 מ""ל",false,0,11.20,3.39,true,1,
7290008425353,false,"נקטר נקטרינה סמדר 330מ""ל",,IL,"נקטר נקטרינה סמדר 330מ""ל",מיליליטרים,330.00,"100 מ""ל",false,0,11.20,3.39,true,1,
7290008425452,false,מיץ אשכולית טבעי סמדר330,,IL,מיץ אשכולית טבעי סמדר330,מיליליטרים,330.00,"100 מ""ל",false,0,10.10,3.06,true,1,
7290008425490,false,נקטר משמש אורגני 1 ליטר,,,נקטר משמש אורגני 1 ליטר,ליטרים,1.00,ליטר,false,0,21.40,21.40,true,1,
7290008425506,false,נקטר נקטרינה נאות סמדר1ל,,IL,נקטר נקטרינה נאות סמדר1ל,ליטרים,1.00,ליטר,false,0,21.40,21.40,true,1,
7290008425728,false,נקטר קוקטיל פירות 1ליטר,,IL,נקטר קוקטיל פירות 1ליטר,ליטרים,1.00,ליטר,false,0,21.40,21.40,true,1,
7290008968003,false,"שמפו קמילוטרקט 270 מ""ל",הרבה דרם,IL,"שמפו קמילוטרקט 270 מ""ל",מיליליטרים,270.00,"100 מ""ל",false,0,45.80,16.96,true,1,
7290009693676,true,שטרודל במלית 350 גרם,,IL,שטרודל במלית 350 גרם,גרמים,350.00,100 גרם,false,0,24.20,6.91,true,1,
7290009694802,true,עוגיות פרג 350 גרם,,IL,עוגיות פרג 350 גרם,גרמים,350.00,100 גרם,false,0,25.40,7.26,true,1,
7290009953060,true,אגוז ברזיל במשקל,,,אגוז ברזיל במשקל,קילוגרמים,0.00,"ק""ג",true,0,83.00,83.00,true,1,
7290009953077,true,אגוזי לוז בונדוק במשקל,,,אגוזי לוז בונדוק במשקל,קילוגרמים,0.00,"ק""ג",true,0,154.00,154.00,true,1,
7290009953107,true,אגוזי מקדמיה במשקל מחיר,,,אגוזי מקדמיה במשקל מחיר,קילוגרמים,0.00,"ק""ג",true,0,185.00,185.00,true,1,
7290009953114,true,פקאן קלוף טבעי במשקל,,,פקאן קלוף טבעי במשקל,קילוגרמים,0.00,"ק""ג",true,0,115.00,115.00,true,1,
7290009953138,true,צימוקים לבנים במשקל,,,צימוקים לבנים במשקל,קילוגרמים,0.00,"ק""ג",true,0,29.00,29.00,true,1,
7290009953145,true,צנובר במשקל,,,צנובר במשקל,קילוגרמים,0.00,"ק""ג",true,0,245.00,245.00,true,1,
7290009953213,true,שזיף מגולען במשקל,,,שזיף מגולען במשקל,קילוגרמים,0.00,"ק""ג",true,0,38.00,38.00,true,1,
7290009953220,true,שקד טבעי,,,שקד טבעי,קילוגרמים,0.00,"ק""ג",true,0,105.00,105.00,true,1,
7290009953237,true,שקד לבן חצאים משקל,,IL,שקד לבן חצאים משקל,קילוגרמים,0.00,"ק""ג",true,0,115.00,115.00,true,1,
7290009953251,true,תפוח עץ מיובש במשקל,,,תפוח עץ מיובש במשקל,קילוגרמים,0.00,"ק""ג",true,0,47.00,47.00,true,1,
7290009953305,true,חומוס גרגרים אורגני משקל,,,חומוס גרגרים אורגני משקל,קילוגרמים,0.00,"ק""ג",true,0,21.00,21.00,true,1,
7290009953398,true,גרעיני חמניה אורגני משקל,,,גרעיני חמניה אורגני משקל,קילוגרמים,0.00,"ק""ג",true,0,29.00,29.00,true,1,
7290009953411,true,שעועית אדומה אורגני משקל,,,שעועית אדומה אורגני משקל,קילוגרמים,0.00,"ק""ג",true,0,23.00,23.00,true,1,
7290009953428,true,שעועית אזוקי אורגני משקל,,,שעועית אזוקי אורגני משקל,קילוגרמים,0.00,"ק""ג",true,0,21.00,21.00,true,1,
7290009953442,true,בורגול אורגני במשקל,,,בורגול אורגני במשקל,קילוגרמים,0.00,"ק""ג",true,0,17.00,17.00,true,1,
7290009953466,true,משמש אורגני מיובש במשקל,,,משמש אורגני מיובש במשקל,קילוגרמים,0.00,"ק""ג",true,0,99.00,99.00,true,1,
7290009953527,true,פיסטוק מקולף במשקל,,,פיסטוק מקולף במשקל,קילוגרמים,0.00,"ק""ג",true,0,210.00,210.00,true,1,
7290009953534,true,אגוז מלך במשקל,,,אגוז מלך במשקל,קילוגרמים,0.00,"ק""ג",true,0,75.00,75.00,true,1,
7290009953541,true,זנגביל דל סוכר במשקל,,,זנגביל דל סוכר במשקל,קילוגרמים,0.00,"ק""ג",true,0,50.00,50.00,true,1,
7290009953558,true,שזיפים קליפורניה במשקל,,,שזיפים קליפורניה במשקל,קילוגרמים,0.00,"ק""ג",true,0,42.00,42.00,true,1,
7290009953589,true,חמוציות ברכז תפוחים משקל,,,חמוציות ברכז תפוחים משקל,קילוגרמים,0.00,"ק""ג",true,0,50.00,50.00,true,1,
7290010199907,false,אל סבון סטייל תה ירוק500,,IL,אל סבון סטייל תה ירוק500,מיליליטרים,500.00,"100 מ""ל",false,0,11.20,2.24,true,1,
7290010202003,false,עשבי חיטה אורגני,,IL,עשבי חיטה אורגני,גרמים,250.00,100 גרם,false,0,12.90,5.16,true,1,
7290010202010,false,נבטי חמניות אורגני שטמפר,,IL,נבטי חמניות אורגני שטמפר,יחידה,1.00,יחידה,false,0,12.90,12.90,true,1,
7290010202034,false,נבטי ברוקולי אורגנים,,IL,נבטי ברוקולי אורגנים,יחידה,1.00,יחידה,false,0,8.90,8.90,true,1,
7290010202041,false,נבטי חילבה אורגנים שטמפר,,IL,נבטי חילבה אורגנים שטמפר,יחידה,1.00,יחידה,false,0,8.90,8.90,true,1,
7290010202058,false,נבטי אלפלפא אורגנים,,IL,נבטי אלפלפא אורגנים,יחידה,1.00,יחידה,false,0,8.90,8.90,true,1,
7290010202065,false,נבטי גרגיר אורגנים שטמפר,,IL,נבטי גרגיר אורגנים שטמפר,יחידה,1.00,יחידה,false,0,8.90,8.90,true,1,
7290010202072,false,נבטי צנונית אורגני שטמפר,,IL,נבטי צנונית אורגני שטמפר,יחידה,1.00,יחידה,false,0,8.90,8.90,true,1,
7290010202089,false,נבטוטים מעורבים אורגנים,,IL,נבטוטים מעורבים אורגנים,גרמים,300.00,100 גרם,false,0,9.90,3.30,true,1,
7290010202423,false,מיץ עשב חיטה אורגני קפוא,,IL,מיץ עשב חיטה אורגני קפוא,יחידה,1.00,יחידה,false,0,6.00,6.00,true,1,
7290010486076,false,מאפנס שוקוצ'יפס עם סוכר,,IL,מאפנס שוקוצ'יפס עם סוכר,גרמים,275.00,100 גרם,false,0,20.30,7.38,true,1,
7290010486366,false,פיתות ללא גלוטן 5 יחידות,,IL,פיתות ללא גלוטן 5 יחידות,יחידה,1.00,יחידה,false,0,18.90,18.90,true,1,
7290010486472,false,לשוניות שום ללא גלוטן225,,IL,לשוניות שום ללא גלוטן225,גרמים,255.00,100 גרם,false,0,18.20,7.14,true,1,
7290010513727,false,פנקו פרורי לחם 200 גרם,,CN,פנקו פרורי לחם 200 גרם,גרמים,200.00,100 גרם,false,0,9.90,4.95,true,1,
7290010546138,false,חטיף גרנולה אורגני,,IL,חטיף גרנולה אורגני,גרמים,40.00,100 גרם,false,0,6.00,15.00,true,1,
7290010561025,false,עוג' שוקולד ללא סוכר180ג,,IL,עוג' שוקולד ללא סוכר180ג,גרמים,180.00,100 גרם,false,0,20.00,11.11,true,1,
7290010561230,false,קרנץ חלווה ללא סוכר 180ג,,IL,קרנץ חלווה ללא סוכר 180ג,גרמים,180.00,100 גרם,false,0,20.00,11.11,true,1,
7290010561285,false,תעורבת להכנת פנקייק400ג,,IL,תעורבת להכנת פנקייק400ג,גרמים,400.00,100 גרם,false,0,18.20,4.55,true,1,
7290010561445,false,עוגיות שוקוצ'יפס 180 גרם,,IL,עוגיות שוקוצ'יפס 180 גרם,גרמים,180.00,100 גרם,false,0,20.00,11.11,true,1,
7290010561483,false,שלישיית 1/3 באגט ל.סוכר,,IL,שלישיית 1/3 באגט ל.סוכר,גרמים,360.00,100 גרם,false,0,17.20,4.78,true,1,
7290010561490,false,לחמניות ללא סוכר 370 גרם,,IL,לחמניות ללא סוכר 370 גרם,גרמים,370.00,100 גרם,false,0,14.90,4.03,true,1,
7290010561513,false,בייגל ללא סוכר 480 גרם,,IL,בייגל ללא סוכר 480 גרם,גרמים,480.00,100 גרם,false,0,22.30,4.65,true,1,
7290010561520,false,לחם ללא גלוטן וסוכר500ג,,IL,לחם ללא גלוטן וסוכר500ג,גרמים,600.00,100 גרם,false,0,18.90,3.15,true,1,
7290010561575,false,בסיס לפיצה ללא סוכר330ג,,IL,בסיס לפיצה ללא סוכר330ג,גרמים,330.00,100 גרם,false,0,17.20,5.21,true,1,
7290010561766,false,פתיתים אפויים אורז 250 ג,,IL,פתיתים אפויים אורז 250 ג,גרמים,250.00,100 גרם,false,0,14.90,5.96,true,1,
7290010561803,false,לחם קל+גרעיני צ'יה 500ג,,IL,לחם קל+גרעיני צ'יה 500ג,גרמים,500.00,100 גרם,false,0,23.30,4.66,true,1,
7290010561827,false,ג'בטה ללא סוכר 380 גרם,,IL,ג'בטה ללא סוכר 380 גרם,גרמים,380.00,100 גרם,false,0,16.90,4.45,true,1,
7290010561834,false,לחמניות ביס ללא סוכר360ג,,IL,לחמניות ביס ללא סוכר360ג,גרמים,360.00,100 גרם,false,0,16.20,4.50,true,1,
7290010650675,false,פטריות שיטאקי אורגני יח,,IL,פטריות שיטאקי אורגני יח,יחידה,1.00,יחידה,false,0,14.90,14.90,true,1,
7290010719037,false,"שמן זית אורגני 750 מ""ל",,IL,"שמן זית אורגני 750 מ""ל",מיליליטרים,750.00,"100 מ""ל",false,0,51.90,6.92,true,1,
7290010720026,false,מיץ עשב חיטה קפוא,,IL,מיץ עשב חיטה קפוא,יחידה,1.00,יחידה,false,0,126.90,126.90,true,1,
7290010720040,false,מיץ עשב שעורה קפוא 21 יח,,,מיץ עשב שעורה קפוא 21 יח,יחידה,1.00,יחידה,false,0,126.90,126.90,true,1,
7290010720231,false,"משקה בריאות תפו""ע ועשב",,IL,"משקה בריאות תפו""ע ועשב",מיליליטרים,250.00,"100 מ""ל",false,0,14.90,5.96,true,1,
7290010720255,false,משקה בריאות תפוחים רימון,,IL,משקה בריאות תפוחים רימון,מיליליטרים,250.00,"100 מ""ל",false,0,14.90,5.96,true,1,
7290010720293,false,קרקר פשתן זעתר 180 גרם,,IL,קרקר פשתן זעתר 180 גרם,גרמים,180.00,100 גרם,false,0,27.90,15.50,true,1,
7290010814695,false,"שוקולד מריר ללת""ס 85 גרם",כרמית,IL,"שוקולד מריר ללת""ס 85 גרם",גרמים,85.00,100 גרם,false,0,8.70,10.24,true,1,
7290010814701,false,"שוקולד חלב ללת""ס 85 גרם",כרמית,IL,"שוקולד חלב ללת""ס 85 גרם",גרמים,85.00,100 גרם,false,0,8.70,10.24,true,1,
7290010838219,false,ממתיק סטיביה 100שקיות,"קיפל טבליות וממתיקים בע""מ",IL,ממתיק סטיביה 100שקיות,גרמים,100.00,100 גרם,false,0,36.60,36.60,true,1,
7290011154370,false,רסק תפוחי עץ 670 גרם,,IL,רסק תפוחי עץ 670 גרם,גרמים,670.00,100 גרם,false,0,12.90,1.93,true,1,
7290011426033,false,פשתן טחון ט.מהדרין 300גר,,IL,פשתן טחון ט.מהדרין 300גר,גרמים,300.00,100 גרם,false,0,11.10,3.70,true,1,
7290011426040,false,נבט חיטה טבע מהדרין300גר,,IL,נבט חיטה טבע מהדרין300גר,גרמים,300.00,100 גרם,false,0,11.10,3.70,true,1,
7290011426057,false,כח לכל טבע מהדרין 300 גר,,IL,כח לכל טבע מהדרין 300 גר,גרמים,300.00,100 גרם,false,0,32.90,10.97,true,1,
7290011426071,false,פשתן טחון אורגני 300 גרם,,IL,פשתן טחון אורגני 300 גרם,גרמים,300.00,100 גרם,false,0,11.20,3.73,true,1,
7290011426101,false,אבקת חרובים אורגנית250גר,,IL,אבקת חרובים אורגנית250גר,גרמים,250.00,100 גרם,false,0,15.20,6.08,true,1,
7290011426248,false,סובין חיטה 150 גרם,,IL,סובין חיטה 150 גרם,גרמים,150.00,100 גרם,false,0,7.10,4.73,true,1,
7290011426293,false,סובין שיבולת שועל 500 גר,,IL,סובין שיבולת שועל 500 גר,גרמים,500.00,100 גרם,false,0,18.00,3.60,true,1,
7290011426576,false,שקדימון 300 גרם,,IL,שקדימון 300 גרם,גרמים,300.00,100 גרם,false,0,44.90,14.97,true,1,
7290011426583,false,שקדימון צנצנת זכוכית750ג,,IL,שקדימון צנצנת זכוכית750ג,גרמים,750.00,100 גרם,false,0,99.90,13.32,true,1,
7290011473068,false,אורז מעורב תבואות 500גרם,,IT,אורז מעורב תבואות 500גרם,גרמים,500.00,100 גרם,false,0,18.20,3.64,true,1,
7290011473082,false,אורז בסמטי מלא תבואות500,,IL,אורז בסמטי מלא תבואות500,גרמים,500.00,100 גרם,false,0,17.90,3.58,true,1,
7290011473143,false,קוסקוס אורגני תבואות500ג,,FR,קוסקוס אורגני תבואות500ג,גרמים,500.00,100 גרם,false,0,14.30,2.86,true,1,
7290011473181,false,עדשים שחורים אורגניים500,,NL,עדשים שחורים אורגניים500,גרמים,500.00,100 גרם,false,0,17.30,3.46,true,1,
7290011473242,false,פשתן אורגני 500 גרם,,,פשתן אורגני 500 גרם,גרמים,500.00,100 גרם,false,0,12.10,2.42,true,1,
7290011473259,false,פשתן טחון אורגני 350 גרם,,,פשתן טחון אורגני 350 גרם,גרמים,350.00,100 גרם,false,0,13.10,3.74,true,1,
7290011473297,false,גריסי פנינה אורגני500גרם,,US,גריסי פנינה אורגני500גרם,גרמים,500.00,100 גרם,false,0,11.20,2.24,true,1,
7290011473310,false,פולי אזוקי אורגני 500 גר,,,פולי אזוקי אורגני 500 גר,גרמים,500.00,100 גרם,false,0,14.30,2.86,true,1,
7290011473327,false,שעועית מש אורגני 500 גרם,,US,שעועית מש אורגני 500 גרם,גרמים,500.00,100 גרם,false,0,15.30,3.06,true,1,
7290011473334,false,שעועית לבנה אורגני 500גר,,US,שעועית לבנה אורגני 500גר,גרמים,500.00,100 גרם,false,0,13.90,2.78,true,1,
7290011473358,false,שעועית שחורה אורגני500גר,,US,שעועית שחורה אורגני500גר,גרמים,500.00,100 גרם,false,0,12.20,2.44,true,1,
7290011473365,false,דוחן אורגני 500 גרם,,US,דוחן אורגני 500 גרם,גרמים,500.00,100 גרם,false,0,11.60,2.32,true,1,
7290011473389,false,קמח כוסמין לבן 500 גרם,,IL,קמח כוסמין לבן 500 גרם,גרמים,500.00,100 גרם,false,0,15.90,3.18,true,1,
7290011473440,false,גרעיני שיב.שועל אורגנ500,,GB,גרעיני שיב.שועל אורגנ500,גרמים,500.00,100 גרם,false,0,11.20,2.24,true,1,
7290011473457,false,שומשום שחור אורגני 400 ג,,CN,שומשום שחור אורגני 400 ג,גרמים,400.00,100 גרם,false,0,14.30,3.58,true,1,
7290011473464,false,סובין שיבולת שועל 400גרם,,GB,סובין שיבולת שועל 400גרם,גרמים,400.00,100 גרם,false,0,11.90,2.98,true,1,
7290011473471,false,אורז בסמטי לבן אורגני500,,IN,אורז בסמטי לבן אורגני500,גרמים,500.00,100 גרם,false,0,17.90,3.58,true,1,
7290011473495,false,שמרי בירה פתיתים 200 גרם,,IL,שמרי בירה פתיתים 200 גרם,גרמים,200.00,100 גרם,false,0,25.90,12.95,true,1,
7290011473532,false,סוכר ענבים 500 גרם,,,סוכר ענבים 500 גרם,גרמים,500.00,100 גרם,false,0,12.20,2.44,true,1,
7290011473556,false,סוכר פירות 500 גרם,,,סוכר פירות 500 גרם,גרמים,500.00,100 גרם,false,0,19.40,3.88,true,1,
7290011473587,false,נבט חיטה 250 גרם,,,נבט חיטה 250 גרם,גרמים,250.00,100 גרם,false,0,8.20,3.28,true,1,
7290011473648,false,"סוכר דמררה אורגני 1 ק""ג",,IL,"סוכר דמררה אורגני 1 ק""ג",קילוגרמים,1.00,"ק""ג",false,0,15.30,15.30,true,1,
7290011473655,false,"סוכר קנים אורגני 1 ק""ג",,BR,"סוכר קנים אורגני 1 ק""ג",קילוגרמים,1.00,"ק""ג",false,0,15.30,15.30,true,1,
7290011473679,false,"חיטה מלאה אורגנית 1 ק""ג",,IL,"חיטה מלאה אורגנית 1 ק""ג",קילוגרמים,1.00,"ק""ג",false,0,14.30,14.30,true,1,
7290011473730,false,אורז פרא מעורב תבואות1ק,,,אורז פרא מעורב תבואות1ק,קילוגרמים,1.00,"ק""ג",false,0,22.50,22.50,true,1,
7290011473808,false,פישתן זהב אורגני 500 גרם,,,פישתן זהב אורגני 500 גרם,גרמים,500.00,100 גרם,false,0,13.30,2.66,true,1,
7290011473860,false,שמרי בירה אבקה 250 גרם,,IL,שמרי בירה אבקה 250 גרם,גרמים,250.00,100 גרם,false,0,25.90,10.36,true,1,
7290011473891,false,עדשים צהובות אורגניות500,,TR,עדשים צהובות אורגניות500,גרמים,500.00,100 גרם,false,0,15.20,3.04,true,1,
7290011473907,false,סובין חיטה 200 גרם,,,סובין חיטה 200 גרם,גרמים,200.00,100 גרם,false,0,6.10,3.05,true,1,
7290011473938,false,תבשיל טיבטי טבעי 250 גרם,,IL,תבשיל טיבטי טבעי 250 גרם,גרמים,250.00,100 גרם,false,0,16.90,6.76,true,1,
7290011473983,false,תערובת קטניות אורגני500ג,,IL,תערובת קטניות אורגני500ג,גרמים,500.00,100 גרם,false,0,16.30,3.26,true,1,
7290011474096,false,סולת חיטה מלאה תבואות 00,,,סולת חיטה מלאה תבואות 00,גרמים,500.00,100 גרם,false,0,10.20,2.04,true,1,
7290011474157,false,תב.אורז עדשים וירקות250ג,,IL,תב.אורז עדשים וירקות250ג,גרמים,250.00,100 גרם,false,0,14.90,5.96,true,1,
7290011474171,false,מיקס קינואה עם ירקות250ג,,IL,מיקס קינואה עם ירקות250ג,גרמים,250.00,100 גרם,false,0,19.90,7.96,true,1,
7290011474379,false,קמח כוסמת תבואות 500 גרם,,,קמח כוסמת תבואות 500 גרם,גרמים,500.00,100 גרם,false,0,13.00,2.60,true,1,
7290011474485,false,מלח ים אטלנטי דק,,,מלח ים אטלנטי דק,קילוגרמים,1.00,"ק""ג",false,0,22.40,22.40,true,1,
7290011474676,false,תע.קדרה אפריקאית אורג500,,,תע.קדרה אפריקאית אורג500,גרמים,500.00,100 גרם,false,0,18.40,3.68,true,1,
7290011474713,false,שבבי סויה 200 גרם,,IL,שבבי סויה 200 גרם,גרמים,200.00,100 גרם,false,0,7.90,3.95,true,1,
7290011474782,false,דומדמניות מיובש אורגנ200,,IL,דומדמניות מיובש אורגנ200,גרמים,200.00,100 גרם,false,0,16.90,8.45,true,1,
7290011474836,false,קמח מש אורגני 500 גרם,,IL,קמח מש אורגני 500 גרם,גרמים,500.00,100 גרם,false,0,16.90,3.38,true,1,
7290011474898,false,סוכר קוקוס אורגני 300 גר,,IL,סוכר קוקוס אורגני 300 גר,גרמים,300.00,100 גרם,false,0,17.90,5.97,true,1,
7290011482138,false,"מי זהר 250 מ""ל",,IL,"מי זהר 250 מ""ל",מיליליטרים,250.00,"100 מ""ל",false,0,12.90,5.16,true,1,
7290011482145,false,"מי ורדים 250 מ""ל",,IL,"מי ורדים 250 מ""ל",מיליליטרים,250.00,"100 מ""ל",false,0,12.90,5.16,true,1,
7290011493004,false,מקלות וניל,רנדי,US,מקלות וניל,יחידה,1.00,יחידה,false,0,22.90,22.90,true,1,
7290011493165,false,"תמצית וניל טהורה 50 מ""ל",,US,"תמצית וניל טהורה 50 מ""ל",מיליליטרים,50.00,"100 מ""ל",false,0,34.30,68.60,true,1,
7290011498108,false,מרציפן נטו 75 גרם,,IL,מרציפן נטו 75 גרם,גרמים,75.00,100 גרם,false,0,10.10,13.47,true,1,
7290011498153,false,מרציפן ללא סוכר 75 גרם,,IL,מרציפן ללא סוכר 75 גרם,גרמים,75.00,100 גרם,false,0,11.50,15.33,true,1,
7290011498238,false,כיכר מרציפן נטו 250 גרם,,IL,כיכר מרציפן נטו 250 גרם,גרמים,250.00,100 גרם,false,0,25.20,10.08,true,1,
7290011498313,false,60 מרציפן אורגני במילוי,,,60 מרציפן אורגני במילוי,גרמים,60.00,100 גרם,false,0,10.10,16.83,true,1,
7290011498382,false,חטיף מרציפן אורגני 60 גר,,IL,חטיף מרציפן אורגני 60 גר,גרמים,60.00,100 גרם,false,0,10.10,16.83,true,1,
7290011498412,false,חמאת קקאו 200 גרם,,IL,חמאת קקאו 200 גרם,גרמים,200.00,100 גרם,false,0,36.90,18.45,true,1,
7290011498436,false,פולי קקאו גרוסים 250 גרם,,IL,פולי קקאו גרוסים 250 גרם,גרמים,250.00,100 גרם,false,0,36.90,14.76,true,1,
7290011498443,false,עיסת קקאו 100% קקאו250גר,,IL,עיסת קקאו 100% קקאו250גר,גרמים,250.00,100 גרם,false,0,27.90,11.16,true,1,
7290011498450,false,אבקת קקאו אורגני 250 גרם,,IL,אבקת קקאו אורגני 250 גרם,גרמים,250.00,100 גרם,false,0,35.90,14.36,true,1,
7290011498542,false,ערכת שוקולד ביתי 250 גרם,,IL,ערכת שוקולד ביתי 250 גרם,גרמים,250.00,100 גרם,false,0,31.90,12.76,true,1,
7290011498566,false,שוקולד מריר 85% 200 גרם,,IL,שוקולד מריר 85% 200 גרם,גרמים,200.00,100 גרם,false,0,35.90,17.95,true,1,
7290011498573,false,שוק.מריר 61% ללא סוכר200,,IL,שוק.מריר 61% ללא סוכר200,גרמים,200.00,100 גרם,false,0,35.90,17.95,true,1,
7290011498641,false,כיכר מרציפן ללא סוכר200ג,,,כיכר מרציפן ללא סוכר200ג,גרמים,200.00,100 גרם,false,0,25.20,12.60,true,1,
7290011498740,false,שקד מלא טחון בכבישה קרה,,IL,שקד מלא טחון בכבישה קרה,גרמים,310.00,100 גרם,false,0,43.50,14.03,true,1,
7290011498894,false,חטיף שקד וחמוציות תבור37,מרכז השקד,IL,חטיף שקד וחמוציות תבור37,גרמים,37.00,100 גרם,false,0,7.00,18.92,true,1,
7290011498917,false,חטיף שקד שוק.חמוציות37גר,מרכז השקד,IL,חטיף שקד שוק.חמוציות37גר,גרמים,37.00,100 גרם,false,0,6.90,18.65,true,1,
7290011498924,false,חטיף שקד תמר שזיף אגוז 3,מרכז השקד,IL,חטיף שקד תמר שזיף אגוז 3,גרמים,37.00,100 גרם,false,0,6.90,18.65,true,1,
7290011498955,false,אגוזי אדמה חמאת בוטנ300.,שקרצי,IL,אגוזי אדמה חמאת בוטנ300.,גרמים,300.00,100 גרם,false,0,17.90,5.97,true,1,
7290011498979,false,שקד לבן בתוספת סיבים 300,מרכז השקד,IL,שקד לבן בתוספת סיבים 300,גרמים,300.00,100 גרם,false,0,43.50,14.50,true,1,
7290011498993,false,קשיו לבן 100% טבעי 300 ג,מרכז השקד,IL,קשיו לבן 100% טבעי 300 ג,גרמים,300.00,100 גרם,false,0,43.50,14.50,true,1,
7290011570132,false,"קמח נטול גלוטן 1 ק""ג",גלעם,IL,"קמח נטול גלוטן 1 ק""ג",קילוגרמים,1.00,"ק""ג",false,0,5.50,5.50,true,1,
7290011615048,false,קריספונים פלפל ושום50גרם,,IL,קריספונים פלפל ושום50גרם,גרמים,50.00,100 גרם,false,0,4.90,9.80,true,1,
7290011615055,false,קריספונים צ'ילי מתוק50גר,,TH,קריספונים צ'ילי מתוק50גר,גרמים,50.00,100 גרם,false,0,4.90,9.80,true,1,
7290011618025,false,בייבי ביס טעם טבעי 50 גר,want-want,CN,בייבי ביס טעם טבעי 50 גר,גרמים,50.00,100 גרם,false,0,12.10,24.20,true,1,
7290011830007,false,סוכר קנים חום אורגני 1קג,,IL,סוכר קנים חום אורגני 1קג,קילוגרמים,1.00,"ק""ג",false,0,13.10,13.10,true,1,
7290011830014,false,פסטה קמח דורום פוסילי500,השדה מוצרים אורגניים,IT,פסטה קמח דורום פוסילי500,גרמים,500.00,100 גרם,false,0,10.20,2.04,true,1,
7290011830021,false,פסטה מקמח דורום פנה500גר,השדה מוצרים אורגניים,IT,פסטה מקמח דורום פנה500גר,גרמים,500.00,100 גרם,false,0,10.20,2.04,true,1,
7290011830045,false,פסטה אורגנית מלאה פרפלה,השדה מוצרים אורגניים,IT,פסטה אורגנית מלאה פרפלה,גרמים,500.00,100 גרם,false,0,10.30,2.06,true,1,
7290011830052,false,פסטה פוזילי אורגני 500גר,השדה מוצרים אורגניים,IT,פסטה פוזילי אורגני 500גר,גרמים,500.00,100 גרם,false,0,10.20,2.04,true,1,
7290011830106,false,דובשניות אורגניות 300גרם,,IL,דובשניות אורגניות 300גרם,גרמים,300.00,100 גרם,false,0,14.10,4.70,true,1,
7290011830113,false,דובשנ.קמח כוסמין אורג300,,IL,דובשנ.קמח כוסמין אורג300,גרמים,300.00,100 גרם,false,0,17.20,5.73,true,1,
7290011830120,false,פתיתים אורגנים-אורז500גר,השדה מוצרים אורגניים,IL,פתיתים אורגנים-אורז500גר,גרמים,500.00,100 גרם,false,0,14.20,2.84,true,1,
7290011830144,false,פתיתים אורגנים כוסמין400,,IL,פתיתים אורגנים כוסמין400,גרמים,400.00,100 גרם,false,0,17.20,4.30,true,1,
7290011830151,false,פירורי לחם מלא אורגני200,השדה מוצרים אורגניים,IL,פירורי לחם מלא אורגני200,גרמים,200.00,100 גרם,false,0,10.10,5.05,true,1,
7290011830182,false,פסטה פוזילי כוסמין אורגנ,השדה מוצרים אורגניים,HU,פסטה פוזילי כוסמין אורגנ,גרמים,400.00,100 גרם,false,0,21.20,5.30,true,1,
7290011830205,false,פסטה פטוצ'יני כוסמין350ג,השדה מוצרים אורגניים,HU,פסטה פטוצ'יני כוסמין350ג,גרמים,350.00,100 גרם,false,0,21.20,6.06,true,1,
7290011830212,false,פסטה כוסמין אורגנית 400ג,השדה מוצרים אורגניים,HU,פסטה כוסמין אורגנית 400ג,גרמים,400.00,100 גרם,false,0,21.20,5.30,true,1,
7290011830243,false,אטריות מאורז תאילנדי250ג,השדה מוצרים אורגניים,CN,אטריות מאורז תאילנדי250ג,גרמים,250.00,100 גרם,false,0,13.10,5.24,true,1,
7290011830250,false,אטריות כוסמת לל.גלוטן250,השדה מוצרים אורגניים,IL,אטריות כוסמת לל.גלוטן250,גרמים,250.00,100 גרם,false,0,14.20,5.68,true,1,
7290011830267,false,אטריות מאורז מלא 250 גר,השדה מוצרים אורגניים,CN,אטריות מאורז מלא 250 גר,גרמים,250.00,100 גרם,false,0,13.10,5.24,true,1,
7290011830274,false,אטריות מאורז שחור 250 גר,השדה מוצרים אורגניים,CN,אטריות מאורז שחור 250 גר,גרמים,250.00,100 גרם,false,0,14.20,5.68,true,1,
7290011830281,false,קרוטונים מקמח מלא 250גרם,השדה מוצרים אורגניים,IL,קרוטונים מקמח מלא 250גרם,גרמים,250.00,100 גרם,false,0,16.20,6.48,true,1,
7290011830304,false,"מיץ לימון 200 מ""ל",השדה מוצרים אורגניים,IL,"מיץ לימון 200 מ""ל",מיליליטרים,200.00,"100 מ""ל",false,0,10.20,5.10,true,1,
7290011830472,false,עוגיות בצורת אותיות 250ג,השדה מוצרים אורגניים,IL,עוגיות בצורת אותיות 250ג,גרמים,250.00,100 גרם,false,0,13.10,5.24,true,1,
7290011830489,false,עוגיות אורגניות חרוב250ג,השדה מוצרים אורגניים,IL,עוגיות אורגניות חרוב250ג,גרמים,250.00,100 גרם,false,0,13.10,5.24,true,1,
7290011830496,false,קורנפלור אורגני 200 גרם,השדה מוצרים אורגניים,IL,קורנפלור אורגני 200 גרם,גרמים,200.00,100 גרם,false,0,12.90,6.45,true,1,
7290011830670,false,גליליות במילוי שוקולד100,השדה מוצרים אורגניים,IL,גליליות במילוי שוקולד100,גרמים,100.00,100 גרם,false,0,13.10,13.10,true,1,
7290011830830,false,צ'יקי מאנקי חטיף בוטנ20ג,השדה מוצרים אורגניים,IL,צ'יקי מאנקי חטיף בוטנ20ג,גרמים,20.00,100 גרם,false,0,3.00,15.00,true,1,
7290011830854,false,510 חמאת בוטנים אורגנית,,IL,510 חמאת בוטנים אורגנית,גרמים,510.00,100 גרם,false,0,30.60,6.00,true,1,
7290011830991,false,חטיף בוטנ.צ'יקימאנקי 60ג,,IL,חטיף בוטנ.צ'יקימאנקי 60ג,גרמים,60.00,100 גרם,false,0,6.10,10.17,true,1,
7290011878276,false,סילאן אורגני 360 גרם,,IL,סילאן אורגני 360 גרם,גרמים,360.00,100 גרם,false,0,27.90,7.75,true,1,
7290011878344,false,ריבת משמש ללא סוכר250גרם,,IL,ריבת משמש ללא סוכר250גרם,גרמים,250.00,100 גרם,false,0,19.40,7.76,true,1,
7290011878399,false,ריבת נקטרינות ל.סוכר250ג,,IL,ריבת נקטרינות ל.סוכר250ג,גרמים,250.00,100 גרם,false,0,19.40,7.76,true,1,
7290011878405,false,ריבת שזיף ללא סוכר250גרם,,,ריבת שזיף ללא סוכר250גרם,גרמים,250.00,100 גרם,false,0,19.40,7.76,true,1,
7290011878429,false,מעדן מדברי אורגני 80 גרם,,IL,מעדן מדברי אורגני 80 גרם,גרמים,80.00,100 גרם,false,0,13.20,16.50,true,1,
7290011878627,false,יין תירוש אורגני אדום 1ל,,,יין תירוש אורגני אדום 1ל,ליטרים,1.00,ליטר,false,0,27.80,27.80,true,1,
7290011878733,false,מעדן מדברי אורגני 40 גרם,,GB,מעדן מדברי אורגני 40 גרם,גרמים,40.00,100 גרם,false,0,8.90,22.25,true,1,
7290011878849,false,מעדן שזיף מדברי 40 גרם,,IL,מעדן שזיף מדברי 40 גרם,גרמים,40.00,100 גרם,false,0,8.90,22.25,true,1,
7290011878856,false,מעדן משמש מדברי 40 גרם,,IL,מעדן משמש מדברי 40 גרם,גרמים,40.00,100 גרם,false,0,8.90,22.25,true,1,
7290011899011,false,תרכיז חמוציות 237 דינמיק,,IL,תרכיז חמוציות 237 דינמיק,מיליליטרים,237.00,"100 מ""ל",false,0,58.90,24.85,true,1,
7290011908027,false,פיצוץ בריאות - אמה,,IL,פיצוץ בריאות - אמה,גרמים,300.00,100 גרם,false,0,30.90,10.30,true,1,
7290011908089,false,שומשום אגוז ל.ת.סוכר220ג,אמה,IL,שומשום אגוז ל.ת.סוכר220ג,גרמים,220.00,100 גרם,false,0,30.90,14.05,true,1,
7290011908096,false,בר בריאות ל.ת.סוכר220גרם,אמה,IL,בר בריאות ל.ת.סוכר220גרם,גרמים,220.00,100 גרם,false,0,30.90,14.05,true,1,
7290011908133,false,תאנים טבעוני 250 גרם,אמה,IL,תאנים טבעוני 250 גרם,גרמים,250.00,100 גרם,false,0,30.90,12.36,true,1,
7290011923204,false,"שמן קנולה אורגני 750 מ""ל",,IL,"שמן קנולה אורגני 750 מ""ל",מיליליטרים,750.00,"100 מ""ל",false,0,32.50,4.33,true,1,
7290011923211,false,"שמן זית אורגני 750 מ""ל",,IL,"שמן זית אורגני 750 מ""ל",מיליליטרים,750.00,"100 מ""ל",false,0,45.90,6.12,true,1,
7290011948924,false,קמח תמי רב תכליתי 500 גר,א.ל ייצור ושיווק תבלינים,IL,קמח תמי רב תכליתי 500 גר,גרמים,500.00,100 גרם,false,0,28.90,5.78,true,1,
7290011948931,false,קמח תמי ללחם ומאפים 500ג,א.ל ייצור ושיווק תבלינים,IL,קמח תמי ללחם ומאפים 500ג,גרמים,500.00,100 גרם,false,0,28.90,5.78,true,1,
7290011971632,false,עגבנ.מרוסקות 300*2 גרם,,IL,עגבנ.מרוסקות 300*2 גרם,גרמים,600.00,100 גרם,false,0,16.90,2.82,true,1,
7290011971694,false,ספגטי טריקולור 500 גרם,,IT,ספגטי טריקולור 500 גרם,גרמים,500.00,100 גרם,false,0,12.90,2.58,true,1,
7290011971700,false,לחם השלושה אורגני 750גרם,הרדוף,IL,לחם השלושה אורגני 750גרם,גרמים,750.00,100 גרם,false,0,16.20,2.16,true,1,
7290011971724,false,פתיתי כוסמין אורגני 500ג,הרדוף,IL,פתיתי כוסמין אורגני 500ג,גרמים,500.00,100 גרם,false,0,18.20,3.64,true,1,
7290011971915,false,קורנפלקס אורגני+אגבה375ג,,IT,קורנפלקס אורגני+אגבה375ג,גרמים,375.00,100 גרם,false,0,23.90,6.37,true,1,
7290012040085,false,טורטילות תירס 15יח 440גר,,,טורטילות תירס 15יח 440גר,גרמים,440.00,100 גרם,false,0,30.60,6.95,true,1,
7290012052163,false,גרנ.אגוז זרעים פירות350ג,,,גרנ.אגוז זרעים פירות350ג,גרמים,350.00,100 גרם,false,0,17.90,5.11,true,1,
7290012052187,false,גרנ.חלבה תמר שקד350גרם,,,גרנ.חלבה תמר שקד350גרם,גרמים,350.00,100 גרם,false,0,17.90,5.11,true,1,
7290012052194,false,גרנולה פירות יער קשיו350,,,גרנולה פירות יער קשיו350,גרמים,350.00,100 גרם,false,0,17.90,5.11,true,1,
7290012052354,false,גרנולה טבעית שוק+אגוז350,,,גרנולה טבעית שוק+אגוז350,גרמים,350.00,100 גרם,false,0,17.90,5.11,true,1,
7290012052484,false,חטיפי אגוז/פירות יער23*6,רפאלס,IL,חטיפי אגוז/פירות יער23*6,גרמים,138.00,100 גרם,false,1,18.90,13.70,true,1,
7290012112782,false,פיתות ל.סויה ל.גלוטן450ג,,,פיתות ל.סויה ל.גלוטן450ג,גרמים,450.00,100 גרם,false,0,19.20,4.27,true,1,
7290012132025,false,שמפו סרפד רוזמרין400מל,אשר שיווק טבע,IL,שמפו סרפד רוזמרין400מל,מיליליטרים,400.00,"100 מ""ל",false,0,49.90,12.48,true,1,
7290012132223,false,סבון רחצה למון גראס400מ,אשר שיווק טבע,IL,סבון רחצה למון גראס400מ,מיליליטרים,400.00,"100 מ""ל",false,0,36.00,9.00,true,1,
7290012132285,false,מרכך פירות אורגני LOVLIS,אשר שיווק טבע,IL,מרכך פירות אורגני LOVLIS,מיליליטרים,400.00,"100 מ""ל",false,0,45.70,11.43,true,1,
7290012132704,false,שמפו אורגני רוזמרין LOVL,אשר שיווק טבע,IL,שמפו אורגני רוזמרין LOVL,מיליליטרים,400.00,"100 מ""ל",false,0,35.50,8.88,true,1,
7290012132759,false,שמפו אורגני סרפד LOVLIS,אשר שיווק טבע,IL,שמפו אורגני סרפד LOVLIS,מיליליטרים,400.00,"100 מ""ל",false,0,35.50,8.88,true,1,
7290012208232,false,קמח שקדים ללא גלוטן250גר,"ל.ד בראל בע""מ",IL,קמח שקדים ללא גלוטן250גר,גרמים,250.00,100 גרם,false,1,36.90,14.76,true,1,
7290012208294,false,קמח טף ללא גלוטן 400 גרם,"ל.ד בראל בע""מ",IL,קמח טף ללא גלוטן 400 גרם,גרמים,400.00,100 גרם,false,1,24.90,6.23,true,1,
7290012208331,false,קמח טף בהיר ללא גלוטן400,"ל.ד בראל בע""מ",IL,קמח טף בהיר ללא גלוטן400,גרמים,400.00,100 גרם,false,1,24.90,6.23,true,1,
7290012208348,false,קמח עדשים אדום ל.ג400.גר,"ל.ד בראל בע""מ",IL,קמח עדשים אדום ל.ג400.גר,גרמים,400.00,100 גרם,false,1,21.90,5.48,true,1,
7290012208812,false,פולי קקאו אורגני 100גרם,,,פולי קקאו אורגני 100גרם,גרמים,100.00,100 גרם,false,0,26.90,26.90,true,1,
7290012208836,false,גרגירי גוג'י ברי 50 גרם,,,גרגירי גוג'י ברי 50 גרם,גרמים,50.00,100 גרם,false,0,10.90,21.80,true,1,
7290012349539,false,מלח קריסטל גבישי מן,,IL,מלח קריסטל גבישי מן,גרמים,500.00,100 גרם,false,0,27.30,5.46,true,1,
7290012349577,false,מלח קריסטל גבישי מן,,IL,מלח קריסטל גבישי מן,גרמים,200.00,100 גרם,false,0,13.10,6.55,true,1,
7290012349805,false,אבקת קקאו אורגנית 100 גר,,,אבקת קקאו אורגנית 100 גר,גרמים,100.00,100 גרם,false,0,21.20,21.20,true,1,
7290012359361,false,דבש טהור מפרחי הדרים350,,TR,דבש טהור מפרחי הדרים350,גרמים,350.00,100 גרם,false,0,20.90,5.97,true,1,
7290012359378,false,דבש טהור מפרחי אבוקדו350,,TR,דבש טהור מפרחי אבוקדו350,גרמים,350.00,100 גרם,false,0,20.90,5.97,true,1,
7290012359392,false,סילאן טבעי 900 גרם,,IL,סילאן טבעי 900 גרם,גרמים,900.00,100 גרם,false,0,29.90,3.32,true,1,
7290012372469,false,עוג.כוסמין שוקוצ'יפס225ג,,IL,עוג.כוסמין שוקוצ'יפס225ג,גרמים,225.00,100 גרם,false,0,28.90,12.84,true,1,
7290012372483,false,עוגיות כוסמין ושקדים225ג,,,עוגיות כוסמין ושקדים225ג,גרמים,225.00,100 גרם,false,0,28.90,12.84,true,1,
7290012372490,false,עוגיות כוסמין פקאן 225 ג,,,עוגיות כוסמין פקאן 225 ג,גרמים,225.00,100 גרם,false,0,28.90,12.84,true,1,
7290012372506,false,עוגיות שיפון פקאן 225 גר,,,עוגיות שיפון פקאן 225 גר,גרמים,225.00,100 גרם,false,0,28.90,12.84,true,1,
7290012372513,false,עוגיות שיפון שקדים 225 ג,,,עוגיות שיפון שקדים 225 ג,גרמים,225.00,100 גרם,false,0,28.90,12.84,true,1,
7290012463044,false,80 ג FOOD RAW תפוח מיובש,,,80 ג FOOD RAW תפוח מיובש,גרמים,80.00,100 גרם,false,0,20.40,25.50,true,1,
7290012475108,false,משקה שעורה אורגני 100גרם,.,IL,משקה שעורה אורגני 100גרם,גרמים,100.00,100 גרם,false,0,15.90,15.90,true,1,
7290012475399,false,מיץ שזיפים אורגני 1 ליטר,,IL,מיץ שזיפים אורגני 1 ליטר,ליטרים,1.00,ליטר,false,0,18.20,18.20,true,1,
7290012475634,false,מעדן שזיפים אורגני 255 ג,,IL,מעדן שזיפים אורגני 255 ג,גרמים,255.00,100 גרם,false,0,18.00,7.06,true,1,
7290012475719,false,עגבנ.שלמות אורגניות400ג,,IL,עגבנ.שלמות אורגניות400ג,גרמים,400.00,100 גרם,false,0,7.50,1.88,true,1,
7290012624070,false,סבון נוזלי קוקוס וניל500,גליל אורגניק,,סבון נוזלי קוקוס וניל500,מיליליטרים,500.00,"100 מ""ל",false,0,30.00,6.00,true,1,
7290012624100,false,סבון נוזלי לבנדר וניל500,גליל אורגניק,,סבון נוזלי לבנדר וניל500,גרמים,500.00,100 גרם,false,0,30.00,6.00,true,1,
7290012624124,false,סבון מוצק גליל לבנדר 100,גליל אורגניק,IL,סבון מוצק גליל לבנדר 100,גרמים,100.00,100 גרם,false,0,19.90,19.90,true,1,
7290012624148,false,שמ.טיפולי טבעי סילק500+מ,גליל אורגניק,,שמ.טיפולי טבעי סילק500+מ,מיליליטרים,500.00,"100 מ""ל",false,0,59.90,11.98,true,1,
7290012624322,false,סבון ידיים לבנדר 350מל,גליל אורגניק,IL,סבון ידיים לבנדר 350מל,מיליליטרים,350.00,"100 מ""ל",false,0,30.00,8.57,true,1,
7290012624384,false,פריחת הגליל שרי וניל 500,גליל אורגניק,IL,פריחת הגליל שרי וניל 500,מיליליטרים,500.00,"100 מ""ל",false,1,30.00,6.00,true,1,
7290012624513,false,סבון מוצק גליל הדר100,גליל אורגניק,IL,סבון מוצק גליל הדר100,גרמים,100.00,100 גרם,false,0,19.90,19.90,true,1,
7290012624520,false,סבון מוצק גליל למון100,גליל אורגניק,IL,סבון מוצק גליל למון100,גרמים,100.00,100 גרם,false,0,19.90,19.90,true,1,
7290012645006,false,חלב 1 ליטר,מחלבת סוסיא,IL,חלב 1 ליטר,ליטרים,1.00,ליטר,false,0,16.00,16.00,true,1,
7290012645020,false,"יוגורט טבעי 500 מ""ל",מחלבת סוסיא,IL,"יוגורט טבעי 500 מ""ל",מיליליטרים,500.00,"100 מ""ל",false,0,13.00,2.60,true,1,
7290012645150,false,"יוגורט פירות יער 500 מ""ל",מחלבת סוסיא,IL,"יוגורט פירות יער 500 מ""ל",מיליליטרים,500.00,"100 מ""ל",false,0,15.60,3.12,true,1,
7290012645167,false,יוגורט תות חלב הארץ 500מ,מחלבת סוסיא,IL,יוגורט תות חלב הארץ 500מ,מיליליטרים,500.00,"100 מ""ל",false,0,15.60,3.12,true,1,
7290012645273,false,יוג.עיזים פסיפלורה3% 150,,IL,יוג.עיזים פסיפלורה3% 150,גרמים,150.00,100 גרם,false,0,6.50,4.33,true,1,
7290012645280,false,יוגורט כבשים טבעי5% 150ג,,IL,יוגורט כבשים טבעי5% 150ג,גרמים,150.00,100 גרם,false,0,5.90,3.93,true,1,
7290012645297,false,יוגורט טבעי בגביע 150גרם,מחלבת סוסיא,IL,יוגורט טבעי בגביע 150גרם,גרמים,150.00,100 גרם,false,0,5.90,3.93,true,1,
7290012645303,false,יוג.עיזים תות שדה 3% 150,מחלבת סוסיא,IL,יוג.עיזים תות שדה 3% 150,גרמים,150.00,100 גרם,false,0,6.50,4.33,true,1,
7290012645310,false,יוג.עיזים3% פירות יער150,מחלבת סוסיא,IL,יוג.עיזים3% פירות יער150,גרמים,150.00,100 גרם,false,0,6.50,4.33,true,1,
7290012645334,false,יוגורט בדלי 850 גרם,מחלבת סוסיא,IL,יוגורט בדלי 850 גרם,גרמים,850.00,100 גרם,false,0,25.00,2.94,true,1,
7290012645389,false,יוגורט טבעי בקבוק 1 ליטר,מחלבת סוסיא,IL,יוגורט טבעי בקבוק 1 ליטר,ליטרים,1.00,ליטר,false,0,23.70,23.70,true,1,
7290012645440,false,יוגורט עזים 4יח125*גרם,מחלבת סוסיא,IL,יוגורט עזים 4יח125*גרם,גרמים,500.00,100 גרם,false,0,16.00,3.20,true,1,
7290012645457,false,יוגורט פירות יער4יח125*ג,מחלבת סוסיא,IL,יוגורט פירות יער4יח125*ג,גרמים,500.00,100 גרם,false,0,17.00,3.40,true,1,
7290012645464,false,יוגורט תות 4יח125*גרם,מחלבת סוסיא,IL,יוגורט תות 4יח125*גרם,גרמים,500.00,100 גרם,false,0,17.00,3.40,true,1,
7290012645525,false,יוגורט כבש.חלב הארץ 850ג,מחלבת סוסיא,IL,יוגורט כבש.חלב הארץ 850ג,גרמים,850.00,100 גרם,false,0,25.00,2.94,true,1,
7290012678219,false,מוזלי בריאות אורגני500ג,,IL,מוזלי בריאות אורגני500ג,גרמים,500.00,100 גרם,false,0,27.30,5.46,true,1,
7290012678226,false,מוזלי פירות אורגני 500 ג,,IL,מוזלי פירות אורגני 500 ג,גרמים,500.00,100 גרם,false,0,27.30,5.46,true,1,
7290012678448,false,שוקו בום אורז תפוח 750מל,אדמה,IT,שוקו בום אורז תפוח 750מל,מיליליטרים,750.00,"100 מ""ל",false,0,28.30,3.77,true,1,
7290012702020,false,ק.הגנה טבעי SPF30 100מל,מורז,,ק.הגנה טבעי SPF30 100מל,יחידה,1.00,יחידה,false,0,74.90,74.90,true,1,
7290012759017,false,חטיף אנרגיה אישי-מיקס,,IL,חטיף אנרגיה אישי-מיקס,גרמים,50.00,100 גרם,false,0,8.70,17.40,true,1,
7290012759024,false,חטיף אנרגיה אישי ספיישל,,IL,חטיף אנרגיה אישי ספיישל,גרמים,50.00,100 גרם,false,0,8.70,17.40,true,1,
7290012759031,false,ח.אנרגיה אישי בטעם בננה,,IL,ח.אנרגיה אישי בטעם בננה,גרמים,50.00,100 גרם,false,0,8.70,17.40,true,1,
7290012759215,false,חטיף קינואה טחינה ואגוז,,,חטיף קינואה טחינה ואגוז,גרמים,25.00,100 גרם,false,0,8.70,34.80,true,1,
7290012795008,false,קרקר משיפון מלא 190 גרם,,IL,קרקר משיפון מלא 190 גרם,גרמים,190.00,100 גרם,false,0,19.90,10.47,true,1,
7290012803215,false,וופל בלגי בטעם שוקולד200,גילרו,IL,וופל בלגי בטעם שוקולד200,גרמים,200.00,100 גרם,false,0,11.20,5.60,true,1,
7290012886812,false,בייגלס קמח דגנים מלא454ג,,US,בייגלס קמח דגנים מלא454ג,גרמים,454.00,100 גרם,false,0,28.90,6.37,true,1,
7290012901362,false,אפלסנקס אורג.לא ממותק678,,CA,אפלסנקס אורג.לא ממותק678,גרמים,678.00,100 גרם,false,0,27.30,4.03,true,1,
7290012911859,false,"דפי אורז עגולים 16 ס""מ",,IL,"דפי אורז עגולים 16 ס""מ",גרמים,300.00,100 גרם,false,0,12.10,4.03,true,1,
7290013014122,false,מלח ארומטי וניל היבסיסקו,לבידו טיפוח,IL,מלח ארומטי וניל היבסיסקו,גרמים,350.00,100 גרם,false,0,35.90,10.26,true,1,
7290013014375,false,"בושם פטשולי 30 מ""ל",לבידו טיפוח,IL,"בושם פטשולי 30 מ""ל",מיליליטרים,30.00,"100 מ""ל",false,0,100.00,333.33,true,1,
7290013014412,false,סבון פנים לעור רגיל100מל,לבידו טיפוח,,סבון פנים לעור רגיל100מל,מיליליטרים,100.00,"100 מ""ל",false,0,59.90,59.90,true,1,
7290013014450,false,סרום רימונים/הדרים 30 מל,לבידו טיפוח,,סרום רימונים/הדרים 30 מל,מיליליטרים,30.00,"100 מ""ל",false,0,212.90,709.67,true,1,
7290013014498,false,"קרם לחות 50 מ""ל",לבידו טיפוח,,"קרם לחות 50 מ""ל",מיליליטרים,50.00,"100 מ""ל",false,0,142.90,285.80,true,1,
7290013014658,false,"קרם גוף לבנדר 120 מ""ל",לבידו טיפוח,,"קרם גוף לבנדר 120 מ""ל",מיליליטרים,120.00,"100 מ""ל",false,0,61.00,50.83,true,1,
7290013014665,false,"קרם גוף לבנדר 250 מ""ל",לבידו טיפוח,,"קרם גוף לבנדר 250 מ""ל",מיליליטרים,250.00,"100 מ""ל",false,0,91.50,36.60,true,1,
7290013014689,false,"קרם גוף פטשולי 250 מ""ל",לבידו טיפוח,,"קרם גוף פטשולי 250 מ""ל",מיליליטרים,250.00,"100 מ""ל",false,0,91.50,36.60,true,1,
7290013014825,false,"שמפו רוזמרין 250 מ""ל",לבידו טיפוח,,"שמפו רוזמרין 250 מ""ל",מיליליטרים,250.00,"100 מ""ל",false,0,50.80,20.32,true,1,
7290013085078,false,משקה סויה אורגני 1 ליטר,אדמה,ES,משקה סויה אורגני 1 ליטר,ליטרים,1.00,ליטר,false,0,13.10,13.10,true,1,
7290013085641,false,קרקר כוסמין מלא אורג190ג,אדמה,IL,קרקר כוסמין מלא אורג190ג,גרמים,190.00,100 גרם,false,0,24.20,12.74,true,1,
7290013090157,false,חסה אורגני יחידה,.,IL,חסה אורגני יחידה,יחידה,1.00,יחידה,false,0,7.90,7.90,true,1,
7290013090225,false,סלרי עלים אורגני יחידה,.,IL,סלרי עלים אורגני יחידה,יחידה,1.00,יחידה,false,0,10.90,10.90,true,1,
7290013090386,false,לוף אורגני יחידה,.,IL,לוף אורגני יחידה,יחידה,1.00,יחידה,false,0,11.90,11.90,true,1,
7290013090485,false,בזיליקום אורגני יח,.,IL,בזיליקום אורגני יח,יחידה,1.00,יחידה,false,0,6.90,6.90,true,1,
7290013090492,false,כוסברה אורגני יח,,IL,כוסברה אורגני יח,יחידה,1.00,יחידה,false,0,6.50,6.50,true,1,
7290013090508,false,נענע אורגני יחידה,,IL,נענע אורגני יחידה,יחידה,1.00,יחידה,false,0,6.50,6.50,true,1,
7290013090515,false,פטרוזיליה אורגני יח,,IL,פטרוזיליה אורגני יח,יחידה,1.00,יחידה,false,0,6.50,6.50,true,1,
7290013090522,false,שמיר אורגני יח,,IL,שמיר אורגני יח,יחידה,1.00,יחידה,false,0,6.50,6.50,true,1,
7290013121011,false,חלת שבת ללא גלוטן,,IL,חלת שבת ללא גלוטן,גרמים,500.00,100 גרם,false,0,19.90,3.98,true,1,
7290013121059,false,500 לחם זיתים ללא גלוטן,,IL,500 לחם זיתים ללא גלוטן,גרמים,500.00,100 גרם,false,0,21.20,4.24,true,1,
7290013121103,false,רביעיית באגטים שליש 400ג,,IL,רביעיית באגטים שליש 400ג,גרמים,400.00,100 גרם,false,0,15.90,3.98,true,1,
7290013121127,false,לחמניות מיני לא גלוטן460,,IL,לחמניות מיני לא גלוטן460,גרמים,460.00,100 גרם,false,0,16.90,3.67,true,1,
7290013121134,false,בייגל ל.גלוטן גרין לייט,,IL,בייגל ל.גלוטן גרין לייט,גרמים,400.00,100 גרם,false,0,19.90,4.98,true,1,
7290013121141,false,'פיתות ללא גלוטן גרין5יח,,,'פיתות ללא גלוטן גרין5יח,גרמים,480.00,100 גרם,false,0,18.90,3.94,true,1,
7290013121158,false,רביעיית לחמניות סנדוויץ,,,רביעיית לחמניות סנדוויץ,יחידה,1.00,יחידה,false,0,19.90,19.90,true,1,
7290013121226,false,בסיס לפיצה ל.גלוטן גרין,,IL,בסיס לפיצה ל.גלוטן גרין,גרמים,400.00,100 גרם,false,0,17.90,4.48,true,1,
7290013121301,false,בורקס תפוחי אדמה 500 גרם,,IL,בורקס תפוחי אדמה 500 גרם,גרמים,500.00,100 גרם,false,0,33.60,6.72,true,1,
7290013121318,false,בורקס גבינה לא גלוטן500ג,,IL,בורקס גבינה לא גלוטן500ג,גרמים,500.00,100 גרם,false,0,33.60,6.72,true,1,
7290013121332,false,בצק עלים ללא גלוטן 500גר,,IL,בצק עלים ללא גלוטן 500גר,גרמים,500.00,100 גרם,false,0,26.40,5.28,true,1,
7290013121578,false,עוג.מרוקאיות ל.גלוטן200ג,,IL,עוג.מרוקאיות ל.גלוטן200ג,גרמים,200.00,100 גרם,false,0,24.20,12.10,true,1,
7290013121769,false,שליש באגט ללא סוכר 400 ג,,IL,שליש באגט ללא סוכר 400 ג,גרמים,400.00,100 גרם,false,0,18.90,4.73,true,1,
7290013121776,false,לחם כפרי ללא סוכר 700 גר,,IL,לחם כפרי ללא סוכר 700 גר,גרמים,700.00,100 גרם,false,0,22.90,3.27,true,1,
7290013144133,false,קמח תופח ללא גלוטן 350 ג,א.ל ייצור ושיווק תבלינים,IL,קמח תופח ללא גלוטן 350 ג,גרמים,350.00,100 גרם,false,0,27.90,7.97,true,1,
7290013144775,false,תערובת להכנת לחם כהה 400,א.ל ייצור ושיווק תבלינים,IL,תערובת להכנת לחם כהה 400,גרמים,400.00,100 גרם,false,0,28.90,7.23,true,1,
7290013250070,false,"קרם לחות ורדים 50 מ""ל",הילה קוסמטיקה,IL,"קרם לחות ורדים 50 מ""ל",מיליליטרים,50.00,"100 מ""ל",false,0,180.00,360.00,true,1,
7290013250100,false,"מסכת בוץ ואצות 60 מ""ל",הילה קוסמטיקה,IL,"מסכת בוץ ואצות 60 מ""ל",מיליליטרים,60.00,"100 מ""ל",false,0,130.00,216.67,true,1,
7290013250124,false,קרם עיניים נר הלילה 30מל,הילה קוסמטיקה,IL,קרם עיניים נר הלילה 30מל,מיליליטרים,30.00,"100 מ""ל",false,0,180.00,600.00,true,1,
7290013250155,false,"קרם גוף גרניום 200 מ""ל",הילה קוסמטיקה,IL,"קרם גוף גרניום 200 מ""ל",מיליליטרים,200.00,"100 מ""ל",false,0,140.00,70.00,true,1,
7290013282040,false,שוקולד חרובים טבעי 100גר,,IL,שוקולד חרובים טבעי 100גר,גרמים,100.00,100 גרם,false,0,13.10,13.10,true,1,
7290013282057,false,שוקולד מריר פרווה 100גרם,,IL,שוקולד מריר פרווה 100גרם,גרמים,100.00,100 גרם,false,0,13.10,13.10,true,1,
7290013282064,false,שוקולד אגוזים 100 גרם,,IL,שוקולד אגוזים 100 גרם,גרמים,100.00,100 גרם,false,0,13.10,13.10,true,1,
7290013329370,false,קמח קוקוס 500 גרם,,PH,קמח קוקוס 500 גרם,גרמים,500.00,100 גרם,false,0,29.90,5.98,true,1,
7290013433046,false,ח.בוטנים קרם שקד תפוח30ג,,IL,ח.בוטנים קרם שקד תפוח30ג,גרמים,30.00,100 גרם,false,0,7.00,23.33,true,1,
7290013433053,false,חטיף בוטנים קרם שקד30גר,,IL,חטיף בוטנים קרם שקד30גר,גרמים,30.00,100 גרם,false,0,7.00,23.33,true,1,
7290013433060,false,חטיף בוטנים קרם שקד30גר,,IL,חטיף בוטנים קרם שקד30גר,גרמים,30.00,100 גרם,false,0,7.00,23.33,true,1,
7290013433077,false,גרנולה אגוז/פירות300גר,,IL,גרנולה אגוז/פירות300גר,גרמים,300.00,100 גרם,false,0,20.00,6.67,true,1,
7290013433107,false,גרנולה חלבה תמר קשיו300ג,,IL,גרנולה חלבה תמר קשיו300ג,גרמים,300.00,100 גרם,false,0,20.00,6.67,true,1,
7290013433114,false,חמאת קוקוס טבעי 300 גרם,,IL,חמאת קוקוס טבעי 300 גרם,גרמים,300.00,100 גרם,false,0,30.90,10.30,true,1,
7290013433121,false,טחינה מלאה שחורה 250 גרם,,IL,טחינה מלאה שחורה 250 גרם,גרמים,250.00,100 גרם,false,0,25.90,10.36,true,1,
7290013433145,false,פריתיבר טבעי 200 גרם,מצות אביב,IL,פריתיבר טבעי 200 גרם,גרמים,200.00,100 גרם,false,0,12.90,6.45,true,1,
7290013453020,false,"גרנולה תמר חלבה ללת""ס300",,,"גרנולה תמר חלבה ללת""ס300",גרמים,300.00,100 גרם,false,0,20.40,6.80,true,1,
7290013453068,false,עוגיות כוסמין פירות יער,,,עוגיות כוסמין פירות יער,גרמים,240.00,100 גרם,false,0,25.90,10.79,true,1,
7290013453143,false,עוגיות טחינה ואגוזי לוז,,,עוגיות טחינה ואגוזי לוז,גרמים,270.00,100 גרם,false,0,25.90,9.59,true,1,
7290013453167,false,קרקר עגבניות וטימין170גר,,,קרקר עגבניות וטימין170גר,גרמים,170.00,100 גרם,false,0,25.50,15.00,true,1,
7290013453228,false,"גרנולה שוק.אגוז ללת""ס300",,IL,"גרנולה שוק.אגוז ללת""ס300",גרמים,300.00,100 גרם,false,0,20.40,6.80,true,1,
7290013453235,false,עוגיות טחינה וכוסמין230ג,,IL,עוגיות טחינה וכוסמין230ג,גרמים,230.00,100 גרם,false,0,25.90,11.26,true,1,
7290013516060,false,שווארמה מהצומח שפעמן300ג,,,שווארמה מהצומח שפעמן300ג,גרמים,300.00,100 גרם,false,0,19.90,6.63,true,1,
7290013516077,false,גולש מן הצומח שפעמן300גר,,,גולש מן הצומח שפעמן300גר,גרמים,300.00,100 גרם,false,0,19.90,6.63,true,1,
7290013516114,false,נתחי סויה+רוטב ברבקיו300,,IL,נתחי סויה+רוטב ברבקיו300,גרמים,300.00,100 גרם,false,0,20.90,6.97,true,1,
7290013517852,false,פולי קקאו נא ניבס 100 גר,,PE,פולי קקאו נא ניבס 100 גר,גרמים,100.00,100 גרם,false,0,31.00,31.00,true,1,
7290013521088,false,בייגלה שומשום אורגני 50ג,,GB,בייגלה שומשום אורגני 50ג,גרמים,50.00,100 גרם,false,0,4.10,8.20,true,1,
7290013521095,false,בייגלה אורגני ללא מלח200,,GB,בייגלה אורגני ללא מלח200,גרמים,200.00,100 גרם,false,0,13.10,6.55,true,1,
7290013521125,false,אטריות אורגניות אורז דלע,,GB,אטריות אורגניות אורז דלע,גרמים,250.00,100 גרם,false,0,14.20,5.68,true,1,
7290013521170,false,פתי בר אורגני ציפוי חרוב,,,פתי בר אורגני ציפוי חרוב,גרמים,150.00,100 גרם,false,0,14.20,9.47,true,1,
7290013521248,false,פסטה שיפון אורגני 250 גר,,HU,פסטה שיפון אורגני 250 גר,גרמים,250.00,100 גרם,false,0,14.30,5.72,true,1,
7290013521262,false,עוג.ממולא קרם חרובים150ג,,IL,עוג.ממולא קרם חרובים150ג,גרמים,150.00,100 גרם,false,0,13.00,8.67,true,1,
7290013521309,false,מיונז אורגני 330 גרם,,NL,מיונז אורגני 330 גרם,גרמים,330.00,100 גרם,false,0,23.90,7.24,true,1,
7290013521330,false,מיונז אורגני+שמן זית230ג,,NL,מיונז אורגני+שמן זית230ג,גרמים,230.00,100 גרם,false,0,23.90,10.39,true,1,
7290013521347,false,חרדל דיז'ון אורגני 200 ג,,NL,חרדל דיז'ון אורגני 200 ג,גרמים,200.00,100 גרם,false,0,14.90,7.45,true,1,
7290013521361,false,סלסה אורגנית חריפה 250 ג,,NL,סלסה אורגנית חריפה 250 ג,גרמים,250.00,100 גרם,false,0,18.90,7.56,true,1,
7290013521378,false,סלסה אורגנית 250 גרם,,NL,סלסה אורגנית 250 גרם,גרמים,250.00,100 גרם,false,0,18.90,7.56,true,1,
7290013521392,false,רסק תפוחים אורגני 360 גר,,NL,רסק תפוחים אורגני 360 גר,גרמים,360.00,100 גרם,false,0,13.90,3.86,true,1,
7290013521408,false,אבקת מרק ירקות אורג200ג,,NL,אבקת מרק ירקות אורג200ג,גרמים,200.00,100 גרם,false,0,24.90,12.45,true,1,
7290013521415,false,אבקת מרק אורגנית 200 גרם,,NL,אבקת מרק אורגנית 200 גרם,גרמים,200.00,100 גרם,false,0,24.90,12.45,true,1,
7290013521422,false,"סוכר קנים אורגני 1 ק""ג",,IL,"סוכר קנים אורגני 1 ק""ג",קילוגרמים,1.00,"ק""ג",false,0,17.00,17.00,true,1,
7290013521446,false,שטוחונים אורג.שומשום150ג,,IL,שטוחונים אורג.שומשום150ג,גרמים,150.00,100 גרם,false,0,12.90,8.60,true,1,
7290013521453,false,חמאת בוטנ.קרנץ אורגני510,,CA,חמאת בוטנ.קרנץ אורגני510,גרמים,510.00,100 גרם,false,0,30.60,6.00,true,1,
7290013521460,false,בייגלה מצופה קרם חרוב40ג,,IL,בייגלה מצופה קרם חרוב40ג,גרמים,40.00,100 גרם,false,0,6.90,17.25,true,1,
7290013521477,false,לזניה כוסמין מלא אורג400,,HU,לזניה כוסמין מלא אורג400,גרמים,400.00,100 גרם,false,0,21.90,5.48,true,1,
7290013521484,false,לזניה כוסמין תרד אורג400,,HU,לזניה כוסמין תרד אורג400,גרמים,400.00,100 גרם,false,0,21.90,5.48,true,1,
7290013521491,false,קטשופ אורגני 567 גרם,,US,קטשופ אורגני 567 גרם,גרמים,568.00,100 גרם,false,0,19.90,3.50,true,1,
7290013521507,false,אבקת חרובים אורגני 250גר,,IL,אבקת חרובים אורגני 250גר,גרמים,250.00,100 גרם,false,0,13.90,5.56,true,1,
7290013521514,false,מיני פריכ.ציפוי ק.חרוב80,,IL,מיני פריכ.ציפוי ק.חרוב80,גרמים,80.00,100 גרם,false,0,12.90,16.13,true,1,
7290013645272,false,נשיקות 100 גרם,,IL,נשיקות 100 גרם,גרמים,100.00,100 גרם,false,0,22.90,22.90,true,1,
7290013645715,false,עוגיות סנדביץ' ריבה250ג,,IL,עוגיות סנדביץ' ריבה250ג,גרמים,250.00,100 גרם,false,0,28.90,11.56,true,1,
7290013645722,false,עוגיות שוקולד צ'פס 200 ג,,IL,עוגיות שוקולד צ'פס 200 ג,גרמים,200.00,100 גרם,false,0,22.90,11.45,true,1,
7290013746238,false,עוג.ציפס קוקיס כוסמין250,,IL,עוג.ציפס קוקיס כוסמין250,גרמים,250.00,100 גרם,false,0,29.50,11.80,true,1,
7290013746245,false,עוג.ציפס קוקיס קקאו250ג,,IL,עוג.ציפס קוקיס קקאו250ג,גרמים,250.00,100 גרם,false,0,29.50,11.80,true,1,
7290013746306,false,כעכים מקמח מלא ל.סוכר280,,IL,כעכים מקמח מלא ל.סוכר280,גרמים,280.00,100 גרם,false,0,29.50,10.54,true,1,
7290013746351,false,רוגעלך שוק.ללא סוכר430גר,,IL,רוגעלך שוק.ללא סוכר430גר,גרמים,430.00,100 גרם,false,0,33.30,7.74,true,1,
7290013746375,false,עוגיות תמר פריכות מלא300,,IL,עוגיות תמר פריכות מלא300,גרמים,300.00,100 גרם,false,0,29.50,9.83,true,1,
7290013746481,false,רולדת תפוחי עץ כ400- גרם,,IL,רולדת תפוחי עץ כ400- גרם,גרמים,400.00,100 גרם,false,0,29.50,7.38,true,1,
7290013927156,false,עוגה ללא סוכר פ.יער450ג,"אחדות בע""מ א.ת. ברקן",IL,עוגה ללא סוכר פ.יער450ג,גרמים,450.00,100 גרם,false,0,18.30,4.07,true,1,
7290013994004,false,אורז ארוך לבן אורגני500ג,,IL,אורז ארוך לבן אורגני500ג,גרמים,500.00,100 גרם,false,0,13.90,2.78,true,1,
7290013994011,false,אורז חום מלא ארוך אורגני,,IL,אורז חום מלא ארוך אורגני,גרמים,500.00,100 גרם,false,0,13.90,2.78,true,1,
7290013994028,false,אורז חום מלא עגול אורגני,,IL,אורז חום מלא עגול אורגני,גרמים,500.00,100 גרם,false,0,12.90,2.58,true,1,
7290013994035,false,"אורז חום מלא אורגני 1ק""ג",,IL,"אורז חום מלא אורגני 1ק""ג",קילוגרמים,1.00,"ק""ג",false,0,22.90,22.90,true,1,
7290013994066,false,ספטפלקס אורגני 375 גרם,,IT,ספטפלקס אורגני 375 גרם,גרמים,375.00,100 גרם,false,0,23.90,6.37,true,1,
7290013994073,false,פוסילי קמח כוסמין מלא400,,IL,פוסילי קמח כוסמין מלא400,גרמים,400.00,100 גרם,false,0,19.90,4.98,true,1,
7290013994080,false,פנה מקמח כוסמין מלא400גר,,IL,פנה מקמח כוסמין מלא400גר,גרמים,400.00,100 גרם,false,0,19.90,4.98,true,1,
7290013994097,false,פפרדלה קמח לבן אורגני500,,IL,פפרדלה קמח לבן אורגני500,גרמים,500.00,100 גרם,false,0,11.90,2.38,true,1,
7290013994103,false,טליאטלה קמח לבן אורג250ג,,IL,טליאטלה קמח לבן אורג250ג,גרמים,250.00,100 גרם,false,0,11.90,4.76,true,1,
7290013994110,false,טליאטלה קמח לבן ותרד250ג,,IL,טליאטלה קמח לבן ותרד250ג,גרמים,250.00,100 גרם,false,0,11.90,4.76,true,1,
7290013994165,false,משקה אורז בתוספת שקדים1ל,,IT,משקה אורז בתוספת שקדים1ל,ליטרים,1.00,ליטר,false,0,13.90,13.90,true,1,
7290013994172,false,משקה כוסמין אורגני 1 ל,,IT,משקה כוסמין אורגני 1 ל,ליטרים,1.00,ליטר,false,0,17.90,17.90,true,1,
7290013994189,false,משקה אורז,,IT,משקה אורז,ליטרים,1.00,ליטר,false,0,13.90,13.90,true,1,
7290013994196,false,ח.גרעיני חמניות ופשתן110,,IL,ח.גרעיני חמניות ופשתן110,גרמים,110.00,100 גרם,false,0,24.90,22.64,true,1,
7290013994202,false,חטיף שומשום תמר אגוז110,,IL,חטיף שומשום תמר אגוז110,גרמים,110.00,100 גרם,false,0,24.90,22.64,true,1,
7290013994226,false,דבש אורגני מפרחי בר350גר,,IL,דבש אורגני מפרחי בר350גר,גרמים,350.00,100 גרם,false,0,34.90,9.97,true,1,
7290013994233,false,דבש אורגני מפרחי בר500גר,,IL,דבש אורגני מפרחי בר500גר,גרמים,500.00,100 גרם,false,0,49.90,9.98,true,1,
7290013994523,false,תערבות 4דגנים אורגני500ג,,IL,תערבות 4דגנים אורגני500ג,גרמים,500.00,100 גרם,false,0,15.90,3.18,true,1,
7290013994554,false,אורז בסמטי לבן אורגני500,אול אורגני,IL,אורז בסמטי לבן אורגני500,גרמים,500.00,100 גרם,false,0,17.90,3.58,true,1,
7290013994561,false,שעוע.אורד מלא אורגני500ג,אול אורגני,IL,שעוע.אורד מלא אורגני500ג,גרמים,500.00,100 גרם,false,0,14.90,2.98,true,1,
7290013994585,false,גרעיני דלעת קלופ.או300.ג,,IL,גרעיני דלעת קלופ.או300.ג,גרמים,300.00,100 גרם,false,0,24.90,8.30,true,1,
7290013994684,false,אפונה ירוק חצוי אורגנ500,אול אורגני,IL,אפונה ירוק חצוי אורגנ500,גרמים,500.00,100 גרם,false,0,16.90,3.38,true,1,
7290014001008,false,דבש מהרי ירושלים 500 גרם,משק לין,,דבש מהרי ירושלים 500 גרם,גרמים,500.00,100 גרם,false,0,33.60,6.72,true,1,
7290014001015,false,"דבש מהרי ירושלים 1 ק""ג",משק לין,,"דבש מהרי ירושלים 1 ק""ג",גרמים,1000.00,100 גרם,false,0,61.10,6.11,true,1,
7290014001145,false,רוטב ברביקיו שום וסילאן,משק לין,,רוטב ברביקיו שום וסילאן,גרמים,320.00,100 גרם,false,0,23.20,7.25,true,1,
7290014001275,false,רוטב ברביקיו חריף אש 320,משק לין,IL,רוטב ברביקיו חריף אש 320,גרמים,320.00,100 גרם,false,0,23.20,7.25,true,1,
7290014001596,false,רוט.ויניגרט רימון/דבש320,משק לין,IL,רוט.ויניגרט רימון/דבש320,גרמים,320.00,100 גרם,false,0,23.20,7.25,true,1,
7290014001671,false,טחינ.אתיופית+זרעי ציה330,משק לין,IL,טחינ.אתיופית+זרעי ציה330,גרמים,330.00,100 גרם,false,0,26.90,8.15,true,1,
7290014001695,false,טחינה באבן רחיים+זרעיציה,משק לין,IL,טחינה באבן רחיים+זרעיציה,גרמים,330.00,100 גרם,false,0,26.90,8.15,true,1,
7290014001787,false,ממ.חרובים ואגוזי לוז200ג,משק לין,IL,ממ.חרובים ואגוזי לוז200ג,גרמים,200.00,100 גרם,false,0,17.90,8.95,true,1,
7290014001794,false,ממרח קקאו ואגוזי לוז200ג,משק לין,IL,ממרח קקאו ואגוזי לוז200ג,גרמים,200.00,100 גרם,false,0,17.90,8.95,true,1,
7290014001893,false,ממרח סילאן קקאו 200 גרם,משק לין,IL,ממרח סילאן קקאו 200 גרם,גרמים,200.00,100 גרם,false,0,18.90,9.45,true,1,
7290014016019,false,לחם פרוס ללא תוס.סוכר450,,IL,לחם פרוס ללא תוס.סוכר450,גרמים,450.00,100 גרם,false,0,22.20,4.93,true,1,
7290014016026,false,לחם+אגוזים וגרעינים450גר,,IL,לחם+אגוזים וגרעינים450גר,גרמים,450.00,100 גרם,false,0,22.20,4.93,true,1,
7290014016033,false,לחם בצל ללא גלוטן 450 גר,,IL,לחם בצל ללא גלוטן 450 גר,גרמים,450.00,100 גרם,false,0,22.20,4.93,true,1,
7290014016040,false,לחם רך במיוחד 450 גרם,,IL,לחם רך במיוחד 450 גרם,גרמים,450.00,100 גרם,false,0,21.20,4.71,true,1,
7290014016088,false,שליש באגט 4 יח100*גרם,,IL,שליש באגט 4 יח100*גרם,גרמים,400.00,100 גרם,false,0,18.90,4.73,true,1,
7290014016118,false,לחמניות סנדויץ 4יח112* ג,,IL,לחמניות סנדויץ 4יח112* ג,גרמים,450.00,100 גרם,false,0,18.90,4.20,true,1,
7290014016279,false,פיצה מרגריטה ל.גלוטן400ג,,IL,פיצה מרגריטה ל.גלוטן400ג,גרמים,400.00,100 גרם,false,0,29.90,7.48,true,1,
7290014016286,false,פיצה מרגריטה זיתים 400 ג,,IL,פיצה מרגריטה זיתים 400 ג,גרמים,400.00,100 גרם,false,0,29.90,7.48,true,1,
7290014016439,false,בורקס גבינה ללא חיטה500ג,,,בורקס גבינה ללא חיטה500ג,גרמים,500.00,100 גרם,false,0,30.60,6.12,true,1,
7290014016446,false,"בורקס תפו""א ללא חיטה500ג",,,"בורקס תפו""א ללא חיטה500ג",גרמים,500.00,100 גרם,false,0,30.60,6.12,true,1,
7290014016477,false,מלוואח ללא גלוטן 400 גרם,,IL,מלוואח ללא גלוטן 400 גרם,גרמים,400.00,100 גרם,false,0,28.30,7.08,true,1,
7290014016767,false,עוגיות שוקולד ללא גלוטן,,,עוגיות שוקולד ללא גלוטן,גרמים,200.00,100 גרם,false,0,22.90,11.45,true,1,
7290014016934,false,ציפוי לשניצל גס 250 גרם,,IL,ציפוי לשניצל גס 250 גרם,גרמים,250.00,100 גרם,false,0,17.20,6.88,true,1,
7290014017023,false,"500 קמח תפו""א ללא גלוטן",,,"500 קמח תפו""א ללא גלוטן",גרמים,500.00,100 גרם,false,0,11.10,2.22,true,1,
7290014017320,false,0 אבקת מרק עוף ללא גלוטן,,,0 אבקת מרק עוף ללא גלוטן,גרמים,400.00,100 גרם,false,0,19.90,4.98,true,1,
7290014017337,false,אב.מרק בצל ללא גלוטן400ג,,,אב.מרק בצל ללא גלוטן400ג,גרמים,400.00,100 גרם,false,0,22.40,5.60,true,1,
7290014017344,false,אבקת מרק פטריות 400 גרם,,,אבקת מרק פטריות 400 גרם,גרמים,400.00,100 גרם,false,0,24.50,6.13,true,1,
7290014017351,false,אבקת מרק ירקות ללא גלוטן,,,אבקת מרק ירקות ללא גלוטן,גרמים,400.00,100 גרם,false,0,20.90,5.23,true,1,
7290014136038,false,לחם פשתן דל פחמימות 500,,IL,לחם פשתן דל פחמימות 500,גרמים,500.00,100 גרם,false,0,21.90,4.38,true,1,
7290014321014,false,שמן קוקוס אורגני 1 ליטר,Serendipol,LK,שמן קוקוס אורגני 1 ליטר,מיליליטרים,1000.00,"100 מ""ל",false,0,77.00,7.70,true,1,
7290014407404,false,שומשומיות ללא גלוטן225גר,,IL,שומשומיות ללא גלוטן225גר,גרמים,225.00,100 גרם,false,0,27.00,12.00,true,1,
7290014407992,false,תערובת להכנת פלאפל400ג,,IL,תערובת להכנת פלאפל400ג,גרמים,400.00,100 גרם,false,0,26.90,6.73,true,1,
7290014525092,false,עוג.ספריטס ללא סוכר200ג,מרבה,DE,עוג.ספריטס ללא סוכר200ג,גרמים,200.00,100 גרם,false,0,20.00,10.00,true,1,
7290014548459,false,צפתית 5% 200 גרם,,IL,צפתית 5% 200 גרם,גרמים,200.00,100 גרם,false,0,24.90,12.45,true,1,
7290014548466,false,פטה 5% 200 גרם,,IL,פטה 5% 200 גרם,גרמים,200.00,100 גרם,false,0,28.90,14.45,true,1,
7290014548541,false,לאבנה 5%עם שמן זית 200 ג,,IL,לאבנה 5%עם שמן זית 200 ג,גרמים,200.00,100 גרם,false,0,16.90,8.45,true,1,
7290014548565,false,גבינה צ'רקסית 12% 200 גר,,IL,גבינה צ'רקסית 12% 200 גר,גרמים,200.00,100 גרם,false,0,22.90,11.45,true,1,
7290014548633,false,יוגורט טבעי 3.6% 1 ליטר,,IL,יוגורט טבעי 3.6% 1 ליטר,ליטרים,1.00,ליטר,false,0,17.90,17.90,true,1,
7290014548657,false,"יוגורט ביו 3.6% 500 מ""ל",,IL,"יוגורט ביו 3.6% 500 מ""ל",מיליליטרים,500.00,"100 מ""ל",false,0,13.90,2.78,true,1,
7290014548688,false,"יוגורט תמרים 3.3% 500מ""ל",,IL,"יוגורט תמרים 3.3% 500מ""ל",מיליליטרים,500.00,"100 מ""ל",false,0,13.90,2.78,true,1,
7290014587090,false,"תמצית סטיביה 100 מ""ל",,IL,"תמצית סטיביה 100 מ""ל",מיליליטרים,100.00,"100 מ""ל",false,0,43.90,43.90,true,1,
7290014587113,false,קמח קוקוס אורגני 500 גרם,,IL,קמח קוקוס אורגני 500 גרם,גרמים,500.00,100 גרם,false,0,29.90,5.98,true,1,
7290014612129,false,3סבון טבעי מועשר בשמנים,אשר שיווק טבע,IL,3סבון טבעי מועשר בשמנים,גרמים,450.00,100 גרם,false,0,42.90,9.53,true,1,
7290014676008,false,כלי להכנת ממולאים,,IL,כלי להכנת ממולאים,יחידה,1.00,יחידה,false,0,90.80,90.80,true,1,
7290014758346,false,מעדן סויה שוק2%. 125*2גר,,IL,מעדן סויה שוק2%. 125*2גר,גרמים,250.00,100 גרם,false,0,9.00,3.60,true,1,
7290014758353,false,מ.סויה1.8%מתיק.מעוד125*2,,IL,מ.סויה1.8%מתיק.מעוד125*2,גרמים,250.00,100 גרם,false,0,9.00,3.60,true,1,
7290014758360,false,מעדן סויה תות1.6% 125*2ג,,IL,מעדן סויה תות1.6% 125*2ג,גרמים,250.00,100 גרם,false,0,9.00,3.60,true,1,
7290014758377,false,מע.סויה אפרסק1.6% 125*2ג,,IL,מע.סויה אפרסק1.6% 125*2ג,גרמים,250.00,100 גרם,false,0,9.00,3.60,true,1,
7290014760141,false,משקה שקדים טרי 1 ליטר,סוי מג'יק,IL,משקה שקדים טרי 1 ליטר,ליטרים,1.00,ליטר,false,1,14.90,14.90,true,1,
7290014860070,false,"מקלוני אורז ל.ג 5מ""מ454ג",,TH,"מקלוני אורז ל.ג 5מ""מ454ג",גרמים,454.00,100 גרם,false,0,10.00,2.20,true,1,
7290014860087,false,"מקלוני אורז ל.ג 5מ""מ250ג",,TH,"מקלוני אורז ל.ג 5מ""מ250ג",גרמים,250.00,100 גרם,false,0,6.00,2.40,true,1,
7290014860247,false,שבבי אורז ללא גלוטן 227ג,,TH,שבבי אורז ללא גלוטן 227ג,גרמים,227.00,100 גרם,false,0,10.90,4.80,true,1,
7290014860988,false,קרם קוקוס 17% 400 גרם,,IL,קרם קוקוס 17% 400 גרם,גרמים,400.00,100 גרם,false,0,9.90,2.48,true,1,
7290014901759,false,גרנולה קראנץ שוק.אגוז375,,CZ,גרנולה קראנץ שוק.אגוז375,גרמים,375.00,100 גרם,false,0,17.90,4.77,true,1,
7290014901766,false,גרנולה קראנץ פירות 375ג,,CZ,גרנולה קראנץ פירות 375ג,גרמים,375.00,100 גרם,false,0,17.90,4.77,true,1,
7290014901773,false,מיזלי אורגני35%+פירות375,,CZ,מיזלי אורגני35%+פירות375,גרמים,375.00,100 גרם,false,0,17.90,4.77,true,1,
7290014949645,false,"מעדן פרי תאנים ללת""ס250ג","מעבדות מטרנה בע""מ",BE,"מעדן פרי תאנים ללת""ס250ג",גרמים,250.00,100 גרם,false,0,15.90,6.36,true,1,
7290014949652,false,מעדן פרי תות ל.ת.סוכר250,"מעבדות מטרנה בע""מ",BE,מעדן פרי תות ל.ת.סוכר250,גרמים,250.00,100 גרם,false,0,15.90,6.36,true,1,
7290014950658,false,סבון טבעי יסמין 120 גרם,לבידו טיפוח,,סבון טבעי יסמין 120 גרם,גרמים,120.00,100 גרם,false,0,26.90,22.42,true,1,
7290014950665,false,סבון טבעי עץ התה 120 ג,לבידו טיפוח,IL,סבון טבעי עץ התה 120 ג,גרמים,120.00,100 גרם,false,0,26.90,22.42,true,1,
7290014950672,false,סבון טבעי פטשולי וניל120,לבידו טיפוח,IL,סבון טבעי פטשולי וניל120,גרמים,120.00,100 גרם,false,0,26.90,22.42,true,1,
7290014950689,false,סבון טבעי לבנדר 120 ג,לבידו טיפוח,IL,סבון טבעי לבנדר 120 ג,גרמים,120.00,100 גרם,false,0,26.90,22.42,true,1,
7290015039116,false,ערמונים אורגני קלופים105,,IL,ערמונים אורגני קלופים105,גרמים,105.00,100 גרם,false,0,7.90,7.52,true,1,
7290015129138,false,אטריות קונגאק אורז 270גר,,CN,אטריות קונגאק אורז 270גר,גרמים,270.00,100 גרם,false,0,12.90,4.78,true,1,
7290015129220,false,פסטה קוסקוס קונגאק 270 ג,הווזאי וואנגיה פוד,CN,פסטה קוסקוס קונגאק 270 ג,גרמים,270.00,100 גרם,false,1,12.90,4.78,true,1,
7290015129237,false,פסטה לזניה קונגאק 270 גר,הווזאי וואנגיה פוד,CN,פסטה לזניה קונגאק 270 גר,גרמים,270.00,100 גרם,false,1,12.90,4.78,true,1,
7290015284011,false,מרכך י.ירוקים אקולוב 500,אורגניק זון,IL,מרכך י.ירוקים אקולוב 500,מיליליטרים,500.00,"100 מ""ל",false,0,30.90,6.18,true,1,
7290015284035,false,ס.ידים ירקות ירוקים500מל,אורגניק זון,IL,ס.ידים ירקות ירוקים500מל,מיליליטרים,500.00,"100 מ""ל",false,0,27.90,5.58,true,1,
7290015284042,false,שמפו י.אדומים אקולוב 500,אורגניק זון,IL,שמפו י.אדומים אקולוב 500,מיליליטרים,500.00,"100 מ""ל",false,0,30.90,6.18,true,1,
7290015284059,false,מרכך י.אדומים אקולוב 500,אורגניק זון,IL,מרכך י.אדומים אקולוב 500,מיליליטרים,500.00,"100 מ""ל",false,0,30.90,6.18,true,1,
7290015284066,false,ס.גוף ירקות אדומים 500מל,אורגניק זון,IL,ס.גוף ירקות אדומים 500מל,מיליליטרים,500.00,"100 מ""ל",false,0,30.90,6.18,true,1,
7290015284080,false,שמפו י.כתומים אקולוב 500,אורגניק זון,IL,שמפו י.כתומים אקולוב 500,מיליליטרים,500.00,"100 מ""ל",false,0,30.90,6.18,true,1,
7290015284110,false,ס.ידים ירקות כתומים500מל,אורגניק זון,IL,ס.ידים ירקות כתומים500מל,מיליליטרים,500.00,"100 מ""ל",false,0,27.90,5.58,true,1,
7290015284134,false,מסיכה לשיער רגיל-יבש 350,דר עור,IL,מסיכה לשיער רגיל-יבש 350,מיליליטרים,350.00,"100 מ""ל",false,1,39.90,11.40,true,1,
7290015458375,false,בושם מאסק קוקוס 30 מל,לבידו טיפוח,IL,בושם מאסק קוקוס 30 מל,מיליליטרים,30.00,"100 מ""ל",false,1,100.00,333.33,true,1,
7290015579162,false,מלח רוזמרין אורגני 110 ג,ש.פרנסיס,IL,מלח רוזמרין אורגני 110 ג,גרמים,110.00,100 גרם,false,0,19.90,18.09,true,1,
7290015599009,false,צהובה טבעונ.פלפל חריף200,,GR,צהובה טבעונ.פלפל חריף200,גרמים,200.00,100 גרם,false,0,24.90,12.45,true,1,
7290015599054,false,צהובה טבעונית צ'דר 200גר,,GR,צהובה טבעונית צ'דר 200גר,גרמים,200.00,100 גרם,false,0,24.90,12.45,true,1,
7290015599078,false,צהובה טבעו.עשבי תיבול200,,GR,צהובה טבעו.עשבי תיבול200,גרמים,200.00,100 גרם,false,0,24.90,12.45,true,1,
7290015599153,false,חביתה טבעונית 100 גרם,.,IL,חביתה טבעונית 100 גרם,גרמים,100.00,100 גרם,false,1,15.90,15.90,true,1,
7290015599221,false,תחליף ביצה טבעוני 60 גרם,סנקי,US,תחליף ביצה טבעוני 60 גרם,גרמים,60.00,100 גרם,false,1,30.90,51.50,true,1,
7290015599238,false,תחליף ביצה טבעוני 60 גרם,סנקי,US,תחליף ביצה טבעוני 60 גרם,גרמים,60.00,100 גרם,false,1,30.90,51.50,true,1,
7290015673006,false,טחון אורז ועדשים קפוא500,,IL,טחון אורז ועדשים קפוא500,גרמים,500.00,100 גרם,false,0,23.30,4.66,true,1,
7290015673013,false,טחון מהצומח צליה גריל500,,IL,טחון מהצומח צליה גריל500,גרמים,500.00,100 גרם,false,0,23.30,4.66,true,1,
7290055090801,false,"שוקולד לבן ללת""ס 85 גרם",כרמית,IL,"שוקולד לבן ללת""ס 85 גרם",גרמים,85.00,100 גרם,false,0,8.70,10.24,true,1,
7290100659106,false,חטיף FREE בוטנים 5יחידות,טבעית,IL,חטיף FREE בוטנים 5יחידות,גרמים,120.00,100 גרם,false,0,19.20,16.00,true,1,
7290100689035,false,פייבר וואן נסטלה 460 גרם,נסטלה,US,פייבר וואן נסטלה 460 גרם,גרמים,460.00,100 גרם,false,0,27.50,5.98,true,1,
7290100799840,false,קפה שחור אספרסו אורגנ200,,,קפה שחור אספרסו אורגנ200,גרמים,200.00,100 גרם,false,0,24.90,12.45,true,1,
7290100799864,false,קפה תמרים מעודן טורקי200,,,קפה תמרים מעודן טורקי200,גרמים,200.00,100 גרם,false,0,24.90,12.45,true,1,
7290101190318,false,גרנולה סיבים מועשרת 1קג,,IL,גרנולה סיבים מועשרת 1קג,קילוגרמים,1.00,"ק""ג",false,0,24.50,24.50,true,1,
7290101190325,false,"גרנולה מוזלי 1 ק""ג",,IL,"גרנולה מוזלי 1 ק""ג",קילוגרמים,1.00,"ק""ג",false,0,24.50,24.50,true,1,
7290101482208,false,משקה אורז טבעי 1ליטר,היין,BE,משקה אורז טבעי 1ליטר,ליטרים,1.00,ליטר,false,0,17.50,17.50,true,1,
7290101484080,false,משקה אורז וניל 1ליטר,היין,DE,משקה אורז וניל 1ליטר,ליטרים,1.00,ליטר,false,0,17.50,17.50,true,1,
7290101486688,false,חטיף FREE עם שוקולד 5יח',טבעית,IL,חטיף FREE עם שוקולד 5יח',גרמים,100.00,100 גרם,false,0,19.20,19.20,true,1,
7290101489306,false,משקה שיבולת שועל 1 ליטר,היין,DE,משקה שיבולת שועל 1 ליטר,ליטרים,1.00,ליטר,false,0,19.40,19.40,true,1,
7290104502903,false,ביסקוויט ללא גלוטן 200גר,אסם,IL,ביסקוויט ללא גלוטן 200גר,גרמים,200.00,100 גרם,false,0,13.10,6.55,true,1,
7290104509568,false,במבה ללא גלוטן 80 גרם,אסם,,במבה ללא גלוטן 80 גרם,גרמים,80.00,100 גרם,false,0,5.60,7.00,true,1,
7290105431509,false,חטיפי FREE שומש.מלא+חמוצ,טבעית,IL,חטיפי FREE שומש.מלא+חמוצ,גרמים,110.00,100 גרם,false,0,19.20,17.45,true,1,
7290105431516,false,חטיפי FREE תמר+בוטנים5יח,טבעית,IL,חטיפי FREE תמר+בוטנים5יח,גרמים,125.00,100 גרם,false,0,19.20,15.36,true,1,
7290105436382,false,מארז FREE תמרים קשיו25*5,טבעית,IL,מארז FREE תמרים קשיו25*5,גרמים,125.00,100 גרם,false,0,19.20,15.36,true,1,
7290105691415,false,בייגלה שמיניות ללא גלוטן,אסם,,בייגלה שמיניות ללא גלוטן,גרמים,250.00,100 גרם,false,0,15.20,6.08,true,1,
7290108360219,false,סטריפים לכביסה 22 יח,דיזולב גרופ,CA,סטריפים לכביסה 22 יח,יחידה,1.00,יחידה,false,0,42.90,42.90,true,1,
7295694000129,false,חליטת אורגנו 50 גרם,,IL,חליטת אורגנו 50 גרם,גרמים,50.00,100 גרם,false,0,6.00,12.00,true,1,
7295694003922,false,חליטת ג'נסנג סיבירי 50 ג,,IL,חליטת ג'נסנג סיבירי 50 ג,גרמים,50.00,100 גרם,false,0,18.20,36.40,true,1,
7295694005827,false,חליטת זקן התירס 50 גרם,,IL,חליטת זקן התירס 50 גרם,גרמים,50.00,100 גרם,false,0,12.20,24.40,true,1,
7295694005926,false,ורבנה אורגנית 50 גרם,,IL,ורבנה אורגנית 50 גרם,גרמים,50.00,100 גרם,false,0,17.20,34.40,true,1,
7295694006329,false,חליטת זעתר 50 גרם,,IL,חליטת זעתר 50 גרם,גרמים,50.00,100 גרם,false,0,7.10,14.20,true,1,
7295694006527,false,חילבה שלם 250 גרם,,IL,חילבה שלם 250 גרם,גרמים,250.00,100 גרם,false,0,6.70,2.68,true,1,
7295694008125,false,כוסברה שלם,,IL,כוסברה שלם,גרמים,50.00,100 גרם,false,0,6.10,12.20,true,1,
7295694009221,false,חליטת מרווה 50 גרם,,IL,חליטת מרווה 50 גרם,גרמים,50.00,100 גרם,false,0,9.10,18.20,true,1,
7295694009528,false,חליטת מנטה 50 גרם,,IL,חליטת מנטה 50 גרם,גרמים,50.00,100 גרם,false,0,8.10,16.20,true,1,
7295694009627,false,חליטת מליסה 50 גרם,,IL,חליטת מליסה 50 גרם,גרמים,50.00,100 גרם,false,0,14.20,28.40,true,1,
7295694009726,false,חליטת נענע 50 גרם,,IL,חליטת נענע 50 גרם,גרמים,50.00,100 גרם,false,0,5.00,10.00,true,1,
7295694013921,false,חליטת קורנית 50 גרם,,IL,חליטת קורנית 50 גרם,גרמים,50.00,100 גרם,false,0,7.10,14.20,true,1,
7295694020905,false,תה צמחים שן ארי,,IL,תה צמחים שן ארי,גרמים,38.00,100 גרם,false,0,14.20,37.37,true,1,
7295694021094,false,תה אלואיזה-הרבה סנטר,,IL,תה אלואיזה-הרבה סנטר,גרמים,38.00,100 גרם,false,0,15.20,40.00,true,1,
7295694200116,false,ביי ביי באג הדברה טבעית,,IL,ביי ביי באג הדברה טבעית,מיליליטרים,650.00,"100 מ""ל",false,0,46.90,7.22,true,1,
7296073143437,false,"ברנפלקס ללת""ס שופרסל 500",שופרסל,,"ברנפלקס ללת""ס שופרסל 500",גרמים,500.00,100 גרם,false,0,18.30,3.66,true,1,
7296073164289,false,עגבניות שרי אורגני חבילה,,IL,עגבניות שרי אורגני חבילה,יחידה,1.00,יחידה,false,0,12.90,12.90,true,1,
7296073164302,false,שום ארוז אורגני,,IL,שום ארוז אורגני,יחידה,1.00,יחידה,false,0,10.90,10.90,true,1,
7296073164531,false,פלפל חריף אורגני-חבילה,,IL,פלפל חריף אורגני-חבילה,יחידה,1.00,יחידה,false,0,9.90,9.90,true,1,
7296073164685,false,קייל אורגני,,IL,קייל אורגני,יחידה,1.00,יחידה,false,0,10.90,10.90,true,1,
7296073191872,false,מעדן סויה שוק.גרין100*2ג,קופרלט סוק קופ,IT,מעדן סויה שוק.גרין100*2ג,גרמים,200.00,100 גרם,false,0,7.00,3.50,true,1,
7296073195191,false,טחינה שומשום מלא גרין500,"אחדות בע""מ א.ת. ברקן",IL,טחינה שומשום מלא גרין500,גרמים,500.00,100 גרם,false,0,16.90,3.38,true,1,
7296073195207,false,טחינה אורגנית גרין 500גר,"אחדות בע""מ א.ת. ברקן",IL,טחינה אורגנית גרין 500גר,גרמים,500.00,100 גרם,false,0,16.90,3.38,true,1,
7296073195245,false,חלווה אורגנית גרין 300גר,"אחדות בע""מ א.ת. ברקן",IL,חלווה אורגנית גרין 300גר,גרמים,300.00,100 גרם,false,0,14.90,4.97,true,1,
7296073195252,false,פריכיות אורז מלא גרין100,,IL,פריכיות אורז מלא גרין100,גרמים,100.00,100 גרם,false,0,7.10,7.10,true,1,
7296073195269,false,פריכיות קינואה,,IL,פריכיות קינואה,גרמים,100.00,100 גרם,false,0,7.10,7.10,true,1,
7296073205111,false,"ניוקי תפו""א ל.ג.גרין500ג",,IT,"ניוקי תפו""א ל.ג.גרין500ג",גרמים,500.00,100 גרם,false,0,12.90,2.58,true,1,
7296073205418,false,פוסילי מלא אורג.גרין500ג,,IT,פוסילי מלא אורג.גרין500ג,גרמים,500.00,100 גרם,false,0,8.90,1.78,true,1,
7296073205425,false,פוסילי אורגני גרין 500 ג,,IT,פוסילי אורגני גרין 500 ג,גרמים,100.00,100 גרם,false,0,8.90,8.90,true,1,
7296073205487,false,ספגטי מלא אורגני גרין500,,IT,ספגטי מלא אורגני גרין500,גרמים,500.00,100 גרם,false,0,8.90,1.78,true,1,
7296073205494,false,ספגטי אורגני גרין 500גרם,,IT,ספגטי אורגני גרין 500גרם,גרמים,500.00,100 גרם,false,0,8.90,1.78,true,1,
7296073205722,false,תמר מ'הול אורגני גרין400,,IL,תמר מ'הול אורגני גרין400,גרמים,400.00,100 גרם,false,0,22.00,5.50,true,1,
7296073206101,false,סירופ אגבה אורג.גרין660ג,,MX,סירופ אגבה אורג.גרין660ג,גרמים,660.00,100 גרם,false,0,29.90,4.53,true,1,
7296073206354,false,דבש הדרים גרין 500 גרם,,IL,דבש הדרים גרין 500 גרם,גרמים,500.00,100 גרם,false,0,25.90,5.18,true,1,
7296073211488,false,"טחינה אורגנית גרין 1 ק""ג","אחדות בע""מ א.ת. ברקן",IL,"טחינה אורגנית גרין 1 ק""ג",קילוגרמים,1.00,"ק""ג",false,0,35.90,35.90,true,1,
7296073211952,false,סירופ מייפל אורג.גרין250,,CA,סירופ מייפל אורג.גרין250,מיליליטרים,250.00,"100 מ""ל",false,0,33.90,13.56,true,1,
7296073212249,false,לחם קמח מלא+גרעינים גרין,,IL,לחם קמח מלא+גרעינים גרין,גרמים,750.00,100 גרם,false,0,14.90,1.99,true,1,
7296073212256,false,חלה אורגנית גרין 750 גרם,,IL,חלה אורגנית גרין 750 גרם,גרמים,750.00,100 גרם,false,0,14.90,1.99,true,1,
7296073212263,false,לחם שיפון אורגני גרין750,,IL,לחם שיפון אורגני גרין750,גרמים,750.00,100 גרם,false,0,14.90,1.99,true,1,
7296073217527,false,אטריות אורז חום רחבות226,LTD FOOD ETHICAL,IL,אטריות אורז חום רחבות226,גרמים,226.00,100 גרם,false,0,9.90,4.38,true,1,
7296073218234,false,סוכר חום אורגני גרין 1 ק,,IL,סוכר חום אורגני גרין 1 ק,קילוגרמים,1.00,"ק""ג",false,0,10.90,10.90,true,1,
7296073222811,false,סילאן טבעי גרין 340 גרם,,IL,סילאן טבעי גרין 340 גרם,גרמים,340.00,100 גרם,false,0,17.90,5.26,true,1,
7296073224389,false,אורז חום ארוך מלא אורגני,,IL,אורז חום ארוך מלא אורגני,גרמים,500.00,100 גרם,false,0,11.90,2.38,true,1,
7296073224402,false,גרגירי חומוס אורגני גרין,,IL,גרגירי חומוס אורגני גרין,גרמים,500.00,100 גרם,false,0,11.90,2.38,true,1,
7296073224419,false,שומשום מלא אורגני גר100ג,,IL,שומשום מלא אורגני גר100ג,גרמים,100.00,100 גרם,false,0,5.90,5.90,true,1,
7296073224433,false,אורז חום עגול מלא גר500,,IL,אורז חום עגול מלא גר500,גרמים,500.00,100 גרם,false,0,11.90,2.38,true,1,
7296073224457,false,כוסמת אורגנית גרין 500 ג,,IL,כוסמת אורגנית גרין 500 ג,גרמים,500.00,100 גרם,false,0,9.90,1.98,true,1,
7296073224464,false,אורז לבן ארוך גרין 500 ג,,IL,אורז לבן ארוך גרין 500 ג,גרמים,500.00,100 גרם,false,0,11.90,2.38,true,1,
7296073224471,false,עדשים אדומות אורגני גרין,,IL,עדשים אדומות אורגני גרין,גרמים,500.00,100 גרם,false,0,11.90,2.38,true,1,
7296073224488,false,בורגול אורגני גרין 500 ג,,IL,בורגול אורגני גרין 500 ג,גרמים,500.00,100 גרם,false,0,8.90,1.78,true,1,
7296073224495,false,עדשים ירוק אורג.גרין500ג,,IL,עדשים ירוק אורג.גרין500ג,גרמים,500.00,100 גרם,false,0,13.90,2.78,true,1,
7296073224525,false,שבבי שיב.שוע500גרוס גרין,,IL,שבבי שיב.שוע500גרוס גרין,גרמים,500.00,100 גרם,false,0,11.90,2.38,true,1,
7296073224549,false,זרעי פשתן גרין 500 גרם,,IL,זרעי פשתן גרין 500 גרם,גרמים,500.00,100 גרם,false,0,10.90,2.18,true,1,
7296073224556,false,שבבי שיבולת שועל גרין500,,IL,שבבי שיבולת שועל גרין500,גרמים,500.00,100 גרם,false,0,11.90,2.38,true,1,
7296073224662,false,12ביצים חופש אורגניות M,חוות גבעות עולם,IL,12ביצים חופש אורגניות M,יחידה,1.00,יחידה,false,0,21.90,21.90,true,1,
7296073225560,false,"וופל שוקולד ללת""ס200גרם",מנעמים,IL,"וופל שוקולד ללת""ס200גרם",גרמים,200.00,100 גרם,false,0,7.90,3.95,true,1,
7296073225720,false,שעועית מש 500 גרם,,IL,שעועית מש 500 גרם,גרמים,500.00,100 גרם,false,0,12.90,2.58,true,1,
7296073225737,false,שעועית אזוקי 500 גרם,,IL,שעועית אזוקי 500 גרם,גרמים,500.00,100 גרם,false,0,12.90,2.58,true,1,
7296073226192,false,לחם שאור קל פרוס 750 גרם,,IL,לחם שאור קל פרוס 750 גרם,גרמים,750.00,100 גרם,false,0,14.90,1.99,true,1,
7296073229360,false,מרק אטריות עוף ל.גלוטן57,LTD FOOD ETHICAL,IL,מרק אטריות עוף ל.גלוטן57,גרמים,57.00,100 גרם,false,0,6.90,12.11,true,1,
7296073229377,false,מרק טעם בקר ללא גלוטן57ג,LTD FOOD ETHICAL,IL,מרק טעם בקר ללא גלוטן57ג,גרמים,57.00,100 גרם,false,0,6.90,12.11,true,1,
7296073229384,false,מרק ירקות ללא גלוטן57גר,LTD FOOD ETHICAL,IL,מרק ירקות ללא גלוטן57גר,גרמים,57.00,100 גרם,false,0,6.90,12.11,true,1,
7296073229391,false,אטריות אורז אדום רחב226,LTD FOOD ETHICAL,IL,אטריות אורז אדום רחב226,גרמים,226.00,100 גרם,false,0,9.90,4.38,true,1,
7296073229407,false,אטריות אורז אדום דק 226ג,LTD FOOD ETHICAL,IL,אטריות אורז אדום דק 226ג,גרמים,226.00,100 גרם,false,0,9.90,4.38,true,1,
7296073229681,false,12ביצים אורגניות+Mאומגה3,חוות גבעות עולם,IL,12ביצים אורגניות+Mאומגה3,יחידה,1.00,יחידה,false,0,25.90,25.90,true,1,
7296073229766,false,סילאן טבעי גרין 490 גרם,מכוורת עמק חפר,IL,סילאן טבעי גרין 490 גרם,גרמים,490.00,100 גרם,false,0,20.90,4.27,true,1,
7296073231455,false,"גביעי גלידה ללת""ס 24 יח",מנעמים,IL,"גביעי גלידה ללת""ס 24 יח",יחידה,1.00,יחידה,false,1,11.90,11.90,true,1,
7297488098015,false,גרנולה קראנץ' ל.גלוטן250,,,גרנולה קראנץ' ל.גלוטן250,גרמים,250.00,100 גרם,false,0,14.90,5.96,true,1,
7297488098060,false,וופל שוקולד מצופה,,IL,וופל שוקולד מצופה,גרמים,130.00,100 גרם,false,0,9.90,7.62,true,1,
7297488098084,false,"וופל שוקולד ל.גלוטן דג""ש",,IL,"וופל שוקולד ל.גלוטן דג""ש",גרמים,200.00,100 גרם,false,0,9.90,4.95,true,1,
7297488098169,false,"קמח תירס ללא גלוטן דג""ש",,IL,"קמח תירס ללא גלוטן דג""ש",גרמים,500.00,100 גרם,false,0,9.20,1.84,true,1,
7297488098183,false,קמח אורז ללא גלוטן 500 ג,,,קמח אורז ללא גלוטן 500 ג,גרמים,500.00,100 גרם,false,0,10.10,2.02,true,1,
7297488098190,false,0 קמח אורז מלא ללא גלוטן,,,0 קמח אורז מלא ללא גלוטן,גרמים,500.00,100 גרם,false,0,14.30,2.86,true,1,
7297488098213,false,500 קמח קינואה ללא גלוטן,,,500 קמח קינואה ללא גלוטן,גרמים,500.00,100 גרם,false,0,23.30,4.66,true,1,
7297488098237,false,תערובת אינסטנט לאפית לחם,,,תערובת אינסטנט לאפית לחם,גרמים,500.00,100 גרם,false,0,14.20,2.84,true,1,
7297488098268,false,500 אבקת פלאפל ללא גלוטן,,,500 אבקת פלאפל ללא גלוטן,גרמים,500.00,100 גרם,false,0,25.40,5.08,true,1,
7297488098299,false,קמח טפיוקה ללא גלוטן500ג,,,קמח טפיוקה ללא גלוטן500ג,גרמים,500.00,100 גרם,false,0,6.90,1.38,true,1,
7297488199804,false,פתיתי קוסקוס עם ירקות140,חיים טובים מזון,IL,פתיתי קוסקוס עם ירקות140,גרמים,140.00,100 גרם,false,0,15.90,11.36,true,1,
7297488199811,false,רולים בטעם שוקולד 100 גר,,IL,רולים בטעם שוקולד 100 גר,גרמים,100.00,100 גרם,false,0,9.90,9.90,true,1,
7297488199859,false,"מצות מקמח תפו""א 300 גרם",,IL,"מצות מקמח תפו""א 300 גרם",גרמים,300.00,100 גרם,false,0,29.90,9.97,true,1,
7297488199880,false,פפריקה מתוקה 100 גרם,,IL,פפריקה מתוקה 100 גרם,גרמים,100.00,100 גרם,false,0,12.00,12.00,true,1,
7297488199903,false,פלפל שחור טחון 80 גרם,,IL,פלפל שחור טחון 80 גרם,גרמים,100.00,100 גרם,false,0,12.00,12.00,true,1,
7297488199910,false,כמון מזרחי 100 גרם,,IL,כמון מזרחי 100 גרם,גרמים,100.00,100 גרם,false,0,12.00,12.00,true,1,
7297488199927,false,תבלין זעתר עם שומשום100ג,,IL,תבלין זעתר עם שומשום100ג,גרמים,100.00,100 גרם,false,0,12.00,12.00,true,1,
7297488199934,false,אורגנו 50 גרם,,IL,אורגנו 50 גרם,גרמים,50.00,100 גרם,false,0,12.00,24.00,true,1,
7297488199965,false,בצל מטוגן 100 גרם,,IL,בצל מטוגן 100 גרם,גרמים,100.00,100 גרם,false,0,12.00,12.00,true,1,
7297488199972,false,תערובת לאורז 100 גרם,,IL,תערובת לאורז 100 גרם,גרמים,100.00,100 גרם,false,0,14.00,14.00,true,1,
7297488199996,false,תערובת לעוף 100 גרם,,IL,תערובת לעוף 100 גרם,גרמים,100.00,100 גרם,false,0,14.00,14.00,true,1,
7503012779306,false,סירופ אגבה כחולה אורגני,,,סירופ אגבה כחולה אורגני,גרמים,330.00,100 גרם,false,0,20.30,6.15,true,1,
7610148246586,false,שוקולד 100% פולי קקאו70ג,שוקולד סטלה,CH,שוקולד 100% פולי קקאו70ג,גרמים,70.00,100 גרם,false,0,19.90,28.43,true,1,
7610313015405,false,הרבה מארה אורגני 125 גרם,,CH,הרבה מארה אורגני 125 גרם,גרמים,125.00,100 גרם,false,0,21.20,16.96,true,1,
7610313414826,false,קפה במבו גדול אורגני200ג,,IL,קפה במבו גדול אורגני200ג,גרמים,200.00,100 גרם,false,0,60.50,30.25,true,1,
7898925542766,false,אסאי ברזיל 100 גרם,,BR,אסאי ברזיל 100 גרם,גרמים,100.00,100 גרם,false,0,11.50,11.50,true,1,
8000113005826,false,קורנפלקס ללא סוכר 375גרם,אדמה,IL,קורנפלקס ללא סוכר 375גרם,גרמים,375.00,100 גרם,false,0,21.20,5.65,true,1,
8000113007608,false,ברנפלקס ללא סוכר 375 גרם,אדמה,IT,ברנפלקס ללא סוכר 375 גרם,גרמים,375.00,100 גרם,false,0,21.20,5.65,true,1,
8000113008094,false,375 קורנפלקס אורגני אדמה,אדמה,IL,375 קורנפלקס אורגני אדמה,גרמים,375.00,100 גרם,false,0,21.20,5.65,true,1,
8000113008117,false,קעריות שוקו אדמה 375 גרם,אדמה,IL,קעריות שוקו אדמה 375 גרם,גרמים,375.00,100 גרם,false,0,28.30,7.55,true,1,
8000215202253,false,מעדן אורז קקאו 2יח100*גר,אלינור,IT,מעדן אורז קקאו 2יח100*גר,גרמים,200.00,100 גרם,false,0,9.00,4.50,true,1,
8000215204219,false,משקה אורז אורגני 1 ליטר,,IL,משקה אורז אורגני 1 ליטר,ליטרים,1.00,ליטר,false,0,14.90,14.90,true,1,
8000215204233,false,משקה אורז בתוספת סידן 1ל,אלינור,IT,משקה אורז בתוספת סידן 1ל,ליטרים,1.00,ליטר,false,0,14.90,14.90,true,1,
8000215204271,false,משקה שקדים ואורז אישי200,אלינור,IT,משקה שקדים ואורז אישי200,גרמים,200.00,100 גרם,false,0,3.90,1.95,true,1,
8000215204356,false,משקה אורז אורגני+קקאו1ל,אלינור,IT,משקה אורז אורגני+קקאו1ל,יחידה,1.00,יחידה,false,0,15.90,15.90,true,1,
8000215204370,false,תחליף שמנת צמחי אורג200,ויטריז,IT,תחליף שמנת צמחי אורג200,מיליליטרים,200.00,"100 מ""ל",false,1,6.90,3.45,true,1,
8000215204714,false,משקה שיבולת שועל 1 ליטר,,IT,משקה שיבולת שועל 1 ליטר,ליטרים,1.00,ליטר,false,0,15.20,15.20,true,1,
8001505000184,false,250 מעדן אוכמניות אורגני,,,250 מעדן אוכמניות אורגני,גרמים,250.00,100 גרם,false,0,20.90,8.36,true,1,
8001505000306,false,50 מעדן פירות יער אורגני,,,50 מעדן פירות יער אורגני,גרמים,250.00,100 גרם,false,0,20.90,8.36,true,1,
8001505000320,false,250 מעדן תותים ותותי בר,,,250 מעדן תותים ותותי בר,גרמים,250.00,100 גרם,false,0,20.90,8.36,true,1,
8001561301706,false,160 טונה קליפו בשמן זית,,,160 טונה קליפו בשמן זית,גרמים,160.00,100 גרם,false,0,19.90,12.44,true,1,
8005120011099,false,צימוקים אורגניים 250 גרם,,IT,צימוקים אורגניים 250 גרם,גרמים,250.00,100 גרם,false,0,20.20,8.08,true,1,
8005120208246,false,עגבניות מיובשות 100 גרם,,IL,עגבניות מיובשות 100 גרם,גרמים,100.00,100 גרם,false,0,18.20,18.20,true,1,
8005120210195,false,קוקוס מיובש טחון אורג250,,IT,קוקוס מיובש טחון אורג250,גרמים,250.00,100 גרם,false,0,19.90,7.96,true,1,
8005120210287,false,תאנים מיובש אורגני200גר,,IL,תאנים מיובש אורגני200גר,גרמים,200.00,100 גרם,false,0,25.90,12.95,true,1,
8005120210300,false,שזיפים מיובש אורגני200,,IL,שזיפים מיובש אורגני200,גרמים,200.00,100 גרם,false,0,17.90,8.95,true,1,
8005120210768,false,ערמונים אורגני 100 גרם,,IT,ערמונים אורגני 100 גרם,גרמים,100.00,100 גרם,false,0,17.90,17.90,true,1,
8006050090239,false,"חומץ בלסמי מאצטי 500 מ""ל",נטורפוד,IT,"חומץ בלסמי מאצטי 500 מ""ל",מיליליטרים,500.00,"100 מ""ל",false,0,29.30,5.86,true,1,
8007270701172,false,שמן גרעיני ענבים 1 ליטר,,IT,שמן גרעיני ענבים 1 ליטר,ליטרים,1.00,ליטר,false,0,43.00,43.00,true,1,
8008698002100,false,150 גריסיני ללא גלוטן שר,,,150 גריסיני ללא גלוטן שר,גרמים,150.00,100 גרם,false,0,32.60,21.73,true,1,
8008698004630,false,עוג.ממולאות קרם קקאו250ג,,,עוג.ממולאות קרם קקאו250ג,גרמים,250.00,100 גרם,false,0,30.60,12.24,true,1,
8008698004807,false,"קמח ללא גלוטן שר 1 ק""ג",,,"קמח ללא גלוטן שר 1 ק""ג",גרמים,1000.00,100 גרם,false,0,40.70,4.07,true,1,
8008698007303,false,פריכיות אורז תירס ל.ג150,ביוסנטורי סלו,ES,פריכיות אורז תירס ל.ג150,גרמים,150.00,100 גרם,false,0,19.90,13.27,true,1,
8008698008157,false,עוג.ממולא קרם וניל100גר,,IL,עוג.ממולא קרם וניל100גר,גרמים,100.00,100 גרם,false,0,14.90,14.90,true,1,
8008698010051,false,איטריות פנה ל.גלוטן250גר,,IT,איטריות פנה ל.גלוטן250גר,גרמים,250.00,100 גרם,false,0,13.90,5.56,true,1,
8008698010075,false,איטריות פוסילי ל.ג 250גר,,IT,איטריות פוסילי ל.ג 250גר,גרמים,250.00,100 גרם,false,0,13.90,5.56,true,1,
8023678161363,false,משקה שיבולת שועל אורגני1,אבאפודס אס.אר.אל,IL,משקה שיבולת שועל אורגני1,ליטרים,1.00,ליטר,false,0,14.90,14.90,true,1,
8024985000062,false,מחית תפוח 100% פרי 200ג,,IL,מחית תפוח 100% פרי 200ג,גרמים,200.00,100 גרם,false,0,8.90,4.45,true,1,
8024985000079,false,מחית תפוח משמש 200ג,,IL,מחית תפוח משמש 200ג,גרמים,200.00,100 גרם,false,0,8.90,4.45,true,1,
8024985000093,false,מחית תפוח שזיף 100% פרי,,IL,מחית תפוח שזיף 100% פרי,גרמים,200.00,100 גרם,false,0,8.90,4.45,true,1,
8024985000116,false,מחית תפ.אוכמ100%.פרי200ג,,IL,מחית תפ.אוכמ100%.פרי200ג,גרמים,200.00,100 גרם,false,0,8.90,4.45,true,1,
8024985008037,false,סמוזי תפוח 100 גרם,,IT,סמוזי תפוח 100 גרם,גרמים,100.00,100 גרם,false,0,5.50,5.50,true,1,
8024985008044,false,סמוזי אגס 100 גרם,,IT,סמוזי אגס 100 גרם,גרמים,100.00,100 גרם,false,0,5.50,5.50,true,1,
8024985008051,false,סמוזי פירות אדומים 100גר,,IT,סמוזי פירות אדומים 100גר,גרמים,100.00,100 גרם,false,0,5.50,5.50,true,1,
8032685196770,false,עגבניות מקולפות 400 גרם,נטורפוד,IT,עגבניות מקולפות 400 גרם,גרמים,400.00,100 גרם,false,0,7.10,1.78,true,1,
8032685196787,false,עגבניות חתוכות 400 גרם,נטורפוד,IT,עגבניות חתוכות 400 גרם,גרמים,400.00,100 גרם,false,0,7.10,1.78,true,1,
8032685196800,false,עגבניות מרוסקות 720 גרם,,IL,עגבניות מרוסקות 720 גרם,גרמים,720.00,100 גרם,false,0,12.10,1.68,true,1,
8032804431027,false,פנה אורז מלא אורג.ל.ג250,פליסיה,IT,פנה אורז מלא אורג.ל.ג250,גרמים,250.00,100 גרם,false,0,8.90,3.56,true,1,
8032804431041,false,פוזילי אורז מלא ל.ג250גר,פליסיה,IT,פוזילי אורז מלא ל.ג250גר,גרמים,250.00,100 גרם,false,0,8.90,3.56,true,1,
8032804431164,false,פוזילי4דגנים אורג.ל.ג500,פליסיה,IT,פוזילי4דגנים אורג.ל.ג500,גרמים,500.00,100 גרם,false,0,16.90,3.38,true,1,
8032804436176,false,טריקולור אורגני ל.ג500גר,פליסיה,IT,טריקולור אורגני ל.ג500גר,גרמים,500.00,100 גרם,false,0,17.90,3.58,true,1,
8052440756315,false,שמן קנולה אורגני 1 ליטר,,IT,שמן קנולה אורגני 1 ליטר,ליטרים,1.00,ליטר,false,0,33.50,33.50,true,1,
8410376002256,false,ביסקויט ילד.ללא ביצים250,גולון,ES,ביסקויט ילד.ללא ביצים250,גרמים,250.00,100 גרם,false,0,15.00,6.00,true,1,
8410376017342,false,עוגיות שוקו צ'יפס 200גרם,גולון,IL,עוגיות שוקו צ'יפס 200גרם,גרמים,200.00,100 גרם,false,0,23.00,11.50,true,1,
8410376017359,false,ביסק.עמילן וקמח תירס200ג,גולון,ES,ביסק.עמילן וקמח תירס200ג,גרמים,200.00,100 גרם,false,0,20.00,10.00,true,1,
8410376033144,false,פריכיות תירס ל.גלוטן130ג,גולון,ES,פריכיות תירס ל.גלוטן130ג,גרמים,130.00,100 גרם,false,0,13.00,10.00,true,1,
8410376037845,false,"ביסקויט ללת""ס תפוז 24*6ג",גולון,ES,"ביסקויט ללת""ס תפוז 24*6ג",גרמים,144.00,100 גרם,false,0,12.90,8.96,true,1,
8410376037883,false,עוג.שוקוצ'יפס ל.גלוטן130,גולון,ES,עוג.שוקוצ'יפס ל.גלוטן130,גרמים,130.00,100 גרם,false,0,15.00,11.54,true,1,
8606012181618,false,פריכ.אורז חום שומשום100ג,קוזמטיק פלוס,YU,פריכ.אורז חום שומשום100ג,גרמים,100.00,100 גרם,false,0,9.90,9.90,true,1,
8691530924670,false,סירופ רימונים נאטרסן345ג,,IL,סירופ רימונים נאטרסן345ג,מיליליטרים,345.00,"100 מ""ל",false,0,19.90,5.77,true,1,
8697418280128,false,עלי טורטייה 12 יח' 540גר,,,עלי טורטייה 12 יח' 540גר,גרמים,540.00,100 גרם,false,0,22.90,4.24,true,1,
8697418280173,false,עלי טורטיה חיטה מלאה840ג,,,עלי טורטיה חיטה מלאה840ג,גרמים,840.00,100 גרם,false,0,27.50,3.27,true,1,
8697420500375,false,מיץ תפוחים אורגני 1 ליטר,,IL,מיץ תפוחים אורגני 1 ליטר,ליטרים,1.00,ליטר,false,0,18.20,18.20,true,1,
8697420502072,false,מיץ רימונים אורגני 1 ל',,IL,מיץ רימונים אורגני 1 ל',ליטרים,1.00,ליטר,false,0,20.20,20.20,true,1,
8850367991570,false,ק.קוקוס מופחת שומן9% 400,,TH,ק.קוקוס מופחת שומן9% 400,גרמים,400.00,100 גרם,false,0,7.60,1.90,true,1,
8851028001812,false,משקה סויה ודגנים 1 ליטר,,TH,משקה סויה ודגנים 1 ליטר,ליטרים,1.00,ליטר,false,0,13.90,13.90,true,1,
8851613101385,false,"חלב קוקוס 500 מ""ל",,TR,"חלב קוקוס 500 מ""ל",מיליליטרים,500.00,"100 מ""ל",false,0,11.50,2.30,true,1,
8852633020403,false,פניני טפיוקה 500 גרם,,TH,פניני טפיוקה 500 גרם,גרמים,500.00,100 גרם,false,0,12.00,2.40,true,1,
8858271002870,false,"רוטב פאד תאי 250 מ""ל",,TH,"רוטב פאד תאי 250 מ""ל",מיליליטרים,250.00,"100 מ""ל",false,0,14.90,5.96,true,1,
8858271003938,false,רוטב קארי ירוק 250 גרם,,TH,רוטב קארי ירוק 250 גרם,גרמים,250.00,100 גרם,false,0,14.90,5.96,true,1,
8858271004799,false,"רוטב צ'לי מתוק 700 מ""ל",,IL,"רוטב צ'לי מתוק 700 מ""ל",מיליליטרים,700.00,"100 מ""ל",false,0,13.90,1.99,true,1,
8858671550018,false,טמפורה מתובל פיקנטי100ג,,TH,טמפורה מתובל פיקנטי100ג,גרמים,100.00,100 גרם,false,0,5.90,5.90,true,1,
8901370000015,false,סבון צ'נדריקה הודי צמחים,אשר שיווק טבע,IL,סבון צ'נדריקה הודי צמחים,גרמים,75.00,100 גרם,false,0,10.10,13.47,true,1,
8902394000012,false,סבון צ'נדריקה קלאסי הודי,אשר שיווק טבע,IL,סבון צ'נדריקה קלאסי הודי,גרמים,75.00,100 גרם,false,0,10.10,13.47,true,1,
8934878081736,false,"איטריות אורז 3 מ""מ 450 ג",,VN,"איטריות אורז 3 מ""מ 450 ג",גרמים,450.00,100 גרם,false,0,9.90,2.20,true,1,
8934878081798,false,"דפים 16ס""מ קמח טפיוקה400",,VN,"דפים 16ס""מ קמח טפיוקה400",גרמים,400.00,100 גרם,false,0,18.20,4.55,true,1,
8934878081811,false,"דפים 22ס""מ קמח טפיוקה400",,VN,"דפים 22ס""מ קמח טפיוקה400",גרמים,400.00,100 גרם,false,0,18.20,4.55,true,1,
8934878081835,false,איטריות אורז 454 גרם,,VN,איטריות אורז 454 גרם,גרמים,454.00,100 גרם,false,0,10.10,2.22,true,1,
9009200010575,false,סוכריות גומי גן חיות100ג,,AT,סוכריות גומי גן חיות100ג,גרמים,100.00,100 גרם,false,0,12.90,12.90,true,1,
9009200010582,false,סוכ.גומי חמוצות 100גר,,AT,סוכ.גומי חמוצות 100גר,גרמים,100.00,100 גרם,false,0,12.90,12.90,true,1,
9009200014559,false,סוכריות ג'לי ללא ג'לטין,,IL,סוכריות ג'לי ללא ג'לטין,גרמים,100.00,100 גרם,false,0,12.90,12.90,true,1,
9009200018441,false,ג'לוני סוכריות גומי100גר,,,ג'לוני סוכריות גומי100גר,גרמים,100.00,100 גרם,false,0,12.90,12.90,true,1,
9322969000015,false,פריכיות תירס 150 גרם,אלגם גיל,AU,פריכיות תירס 150 גרם,גרמים,150.00,100 גרם,false,0,13.50,9.00,true,1,
9322969000022,false,פריכיות תירס עם סויה150ג,אלגם גיל,AU,פריכיות תירס עם סויה150ג,גרמים,150.00,100 גרם,false,0,13.50,9.00,true,1,
9322969000046,false,פריכיות תירס אורגני150גר,אלגם גיל,AU,פריכיות תירס אורגני150גר,גרמים,150.00,100 גרם,false,0,13.50,9.00,true,1,
