code,internal_code,name,manufacturer_name,manufacture_country,manufacturer_item_description,unit_qty,quantity,unit_of_measure,weighted,qty_in_package,price,unit_of_measure_price,allow_discount,status,item_id
32147230,false,"מיץ לימון משומר 200 מ""ל",סידג,CH,מיץ לימון משומר,מיליליטרים,200.00,"100 מ""ל",false,0,6.90,3.45,true,1,
59085645,false,דאו.דאב רול און אסאי 50,"יוניליוור אנגליה, דרך קו",GB,דאודורנט דאב,מיליליטרים,50.00,"100 מ""ל",false,1,16.90,33.80,true,1,
72940754,false,"מילקי בטעם וניל 170 מ""ל","שטראוס גרופ בע""\מ",IL,מילקי טעם וניל,מיליליטרים,170.00,"100 מ""ל",false,0,2.80,1.65,true,1,
72940761,false,"מילקי בטעם שוקולד 170מ""ל","שטראוס גרופ בע""\מ",IL,מילקי טעם שוקולד,מיליליטרים,170.00,"100 מ""ל",false,0,2.80,1.65,true,1,
72940952,false,"מילקי אקסטרה קצפת 170מ""ל","שטראוס גרופ בע""\מ",IL,מילקי אקסטרה,מיליליטרים,170.00,"100 מ""ל",false,0,3.80,2.24,true,1,
72945308,false,קוביות שמרים לחים אפיה50,"פאקא תעשיות בע""\מ",IL,קוביות שמרים,גרמים,50.00,100 גרם,false,0,3.40,6.80,true,1,
72961209,false,"שמנית חמוצה 15% 200 מ""ל",תנובה,IL,שמנית תנובה 15%,מיליליטרים,200.00,"100 מ""ל",false,0,2.40,1.20,true,1,
72961223,false,גילה 3%,,IL,גילה 3%,מיליליטרים,200.00,"100 מ""ל",false,0,1.50,0.75,true,1,
72961506,false,פרילי תות 1.5% 125 גרם,מחלבת אלון תבור,IL,פרילי תות,גרמים,125.00,100 גרם,false,0,3.50,2.80,true,1,
72961520,false,פרילי אננס 1.5% 125 גרם,מחלבת אלון תבור,IL,פרילי אננס 1.5%,גרמים,125.00,100 גרם,false,0,3.50,2.80,true,1,
72961544,false,באדי תות 3% 125 גרם,מחלבת אלון תבור,IL,מעדן באדי תות 3%,גרמים,125.00,100 גרם,false,0,2.70,2.16,true,1,
72986233,false,באדי וניל 2%שומן 125 גרם,תנובה,IL,מעדן באדי וניל,גרמים,125.00,100 גרם,false,0,2.70,2.16,true,1,
72986240,false,באדי שוקו 2%שומן 125 גרם,תנובה,IL,מעדן באדי שוקו,גרמים,125.00,100 גרם,false,0,2.70,2.16,true,1,
80176800,false,נוטלה ממרח שוקולד 750 גר,פררו,IT,ממרח נוטלה,גרמים,750.00,100 גרם,false,0,23.90,3.19,true,1,
80773443,false,מסטיק  מנטה עדינה בקבוק,"פרפטי ואן מלה ג'\ידה,סאן",TR,מסטיק מנטוס,גרמים,60.00,100 גרם,false,1,9.90,16.50,true,1,
80843184,false,מסטיק פיורפרש ענבים60גר,---,TR,מסטיק מנטוס,גרמים,60.00,100 גרם,false,1,9.90,16.50,true,1,
80850885,false,מנטוס וויט מנטה עדינה60ג,פרפטי ואן מלה,TR,מנטוס וויט,גרמים,60.00,100 גרם,false,0,9.90,16.50,true,1,
80864295,false,מנטוס פיורוויט מנטה עדין,"פרפטי ואן מלה ג'ידה,סאן",TR,מנטוס פיור וויט,גרמים,60.00,100 גרם,false,1,9.90,16.50,true,1,
80913467,false,מסטיק מנטוס מנטה בקבוק60,פרפטי ואן מלה,TR,מסטיק מנטוס,גרמים,60.00,100 גרם,false,1,9.90,16.50,true,1,
80945468,false,מנטוס פיורוויט מנטה מתוק,"פרפטי ואן מלה ג'ידה,סאן",TR,מנטוס פיור וויט,גרמים,60.00,100 גרם,false,1,9.90,16.50,true,1,
80986348,false,מנטוס פיור וויט מנטה60ג,"פרפטי ואן מלה ג'ידה,סאן",TR,מנטוס פיור וויט,גרמים,60.00,100 גרם,false,1,9.90,16.50,true,1,
87108651,false,מנטוס מנטה 4יח37.5X'גרם,פרפטי ואן מלה ברדה,NL,מנטוס מנטה 4 יח',גרמים,150.00,100 גרם,false,0,10.90,7.27,true,1,
11210000094,false,"רוטב טבסקו 60 מ""ל",ניצן,US,רוטב טבסקו,מיליליטרים,60.00,"100 מ""ל",false,0,10.90,18.17,true,1,
16000423534,false,קראנצי שיבולת ושוקולד5יח,ג'נרל מילס סאן אדריאן,ES,חטיף נייצ'ר ואלי,גרמים,210.00,100 גרם,false,0,14.90,7.10,true,1,
16000548404,false,חטיף נייטשר וואלי דבש5יח,ג'נרל מילס סאן אדריאן,ES,חטיף נייטשר ואלי,גרמים,210.00,100 גרם,false,0,14.90,7.10,true,1,
16000548602,false,נייטשר וואלי קינמון 5יח,ג'נרל מילס סאן אדריאן,ES,חטיף נייטשר ואלי,גרמים,210.00,100 גרם,false,0,14.90,7.10,true,1,
16000548909,false,חט.נייטשר וואלי מעורב5יח,ג'נרל מילס סאן אדריאן,ES,חטיף נייטשר ואלי,גרמים,210.00,100 גרם,false,0,14.90,7.10,true,1,
18000703494,false,תערובת לעוגת וניל 500גרם,ג'נרל מילס,IL,תערובת לעוגה,גרמים,500.00,100 גרם,false,0,16.90,3.38,true,1,
18176784105,false,שוקולד לבן,,IL,שוקולד לבן,גרמים,100.00,100 גרם,false,0,10.90,10.90,true,1,
18176784907,false,שוקולד טורינו,,,שוקולד טורינו,גרמים,500.00,100 גרם,false,0,17.80,3.56,true,1,
18176785508,false,שוקולד טורינו,,IL,שוקולד טורינו,גרמים,100.00,100 גרם,false,0,10.90,10.90,true,1,
18176787007,false,שוקולד טורינו,,IL,שוקולד טורינו,גרמים,100.00,100 גרם,false,0,10.90,10.90,true,1,
25675094727,false,לקקן טופי תות,,,לקקן טופי תות,גרמים,540.00,100 גרם,false,0,16.90,3.13,true,1,
25675094741,false,לקקן טופי פטל,,,לקקן טופי פטל,גרמים,540.00,100 גרם,false,0,16.90,3.13,true,1,
25675120020,false,םרג 100 לטפ םעטב םיצוצמח,ירוג,NL,חמצוצים פטל,גרמים,100.00,100 גרם,false,0,7.90,7.90,true,1,
25675120037,false,םרג 100 תות םעטב םיצוצמח,ירוג,NL,חמצוצים תות,גרמים,100.00,100 גרם,false,0,7.90,7.90,true,1,
25675120068,false,םרג100 הלוק םעטב םיצוצמח,ירוג,NL,חמצוצים קולה,גרמים,100.00,100 גרם,false,0,7.90,7.90,true,1,
34000544028,false,טוויזלרס ממתק טעם תות198,---,US,טוויזלרס טעם תות,גרמים,198.00,100 גרם,false,0,7.90,3.99,true,1,
34000544431,false,טוויזלרס טעם דובדבן 172ג,הרשי שוקולד,US,טוויזלרס ממתק,גרמים,172.00,100 גרם,false,1,7.90,4.59,true,1,
55369900386,false,"מחית תפו""ע678 ל""ס גרם",ליהי אורצ'רד,US,"מחית תפו""ע678גרם",גרמים,678.00,100 גרם,false,1,18.90,2.79,true,1,
64144090013,false,תרסיס שמן טעם חמאה 148מל,קונגרה,US,תרסיס שמן,מיליליטרים,148.00,"100 מ""ל",false,0,17.90,12.09,true,1,
64144090051,false,"תרסיס שמן קנולה 148 מ""ל",קונגרה,US,תרסיס שמן קנולה,מיליליטרים,148.00,"100 מ""ל",false,0,17.90,12.09,true,1,
73490129919,false,ביסקויט קסטה טעם שוקו,אפיפית,IL,ביסקויט קסטה,גרמים,250.00,100 גרם,false,0,5.90,2.36,true,1,
77343000233,false,נרות חימום,,IL,נרות חימום,יחידה,1.00,יחידה,false,0,9.90,9.90,true,1,
305213079004,false,קרם גוף וזלין להזנה 600,"יוניליוור, ג'פרסון סיטי,",US,קרם גוף ואלין,מיליליטרים,600.00,"100 מ""ל",false,1,19.90,3.32,true,1,
608614253340,false,חלת קונדטוריה 500 גרם,,IL,חלת קונדטוריה,גרמים,500.00,100 גרם,false,1,10.90,2.18,true,1,
633016004047,false,כרובית 680 גרם,עתרן,IL,כרובית 680 גרם,גרמים,680.00,100 גרם,false,0,28.90,4.25,true,1,
633016004351,false,בזיליקום קצוץ 70 גרם,,IL,בזיליקום קצוץ,גרמים,70.00,100 גרם,false,1,14.90,21.29,true,1,
644209307494,false,תערובת להכנת עוגה432גר,פיניקל פודס גרופ,US,תערובת לעוגה,גרמים,432.00,100 גרם,false,1,17.90,4.14,true,1,
644209311316,false,תערובת להכנת בראוניז520ג,פיניקל פודס גרופ,US,תערובת לבראוניז,גרמים,520.00,100 גרם,false,1,19.90,3.83,true,1,
655160628801,false,סלט חציל בטעם כבד 230 גר,"לימון-מילה של איכות בע""מ",IL,סלט חצילים,גרמים,230.00,100 גרם,false,1,16.90,7.35,true,1,
655160628818,false,סלט חציל על האש 230 גרם,"לימון-מילה של איכות בע""מ",IL,סלט חציל על האש,גרמים,230.00,100 גרם,false,1,14.90,6.48,true,1,
655160628825,false,סלט חציל בתחמיץ 230 גרם,"לימון-מילה של איכות בע""מ",IL,סלט חציל בתחמיץ,גרמים,230.00,100 גרם,false,1,14.90,6.48,true,1,
655160628856,false,סלט כרוב וגזר אמריקאי 23,"לימון-מילה של איכות בע""מ",IL,סלט כרוב וגזר,גרמים,230.00,100 גרם,false,1,14.90,6.48,true,1,
655160628863,false,סלט טחינה של סבתא 230 גר,"לימון-מילה של איכות בע""מ",IL,סלט טחינה,גרמים,230.00,100 גרם,false,1,14.90,6.48,true,1,
655160628931,false,מעדן זיתים 150 גרם,"לימון-מילה של איכות בע""מ",IL,מעדן זיתים,גרמים,150.00,100 גרם,false,1,14.90,9.93,true,1,
655160629112,false,סלט חציל פיקנטי 230 גרם,"לימון-מילה של איכות בע""מ",IL,סלט חציל פיקנטי,גרמים,230.00,100 גרם,false,1,14.90,6.48,true,1,
655160629143,false,סלט פלפלים קלויים 230 גר,"לימון-מילה של איכות בע""מ",IL,סלט פלפלים,גרמים,230.00,100 גרם,false,1,14.90,6.48,true,1,
655160629167,false,סלט חומוס נוסטלגי 230 גר,"לימון-מילה של איכות בע""מ",IL,סלט חומוס,גרמים,230.00,100 גרם,false,1,14.90,6.48,true,1,
655160629181,false,סלט מטבוחה ישראלית 230 ג,"לימון-מילה של איכות בע""מ",IL,סלט מטבוחה,גרמים,230.00,100 גרם,false,1,14.90,6.48,true,1,
693493177375,false,כוסות שתיה חמה 0Z12 50,HABAHBEH,JO,כוסות שתיה חמה,יחידה,1.00,יחידה,false,1,19.90,19.90,true,1,
710069812178,false,"רסק תפו""ע טבעי לל""ס6יח","כנס פוד ארה""ב",US,"רסק תפו""ע 6יח",גרמים,678.00,100 גרם,false,1,17.90,2.64,true,1,
735375609922,false,מרק נודלס בטעם עוף,אמפוריאל פודס,US,מרק נודלס,גרמים,65.00,100 גרם,false,1,5.90,9.08,true,1,
769904001062,false,פסטה צבעונית 200 גרם,משובח תעשיות מזון,IL,פסטה צבעונית,גרמים,200.00,100 גרם,false,1,11.90,5.95,true,1,
769904001116,false,פתיתים קוסקוס,,,פתיתים קוסקוס,גרמים,200.00,100 גרם,false,0,11.90,5.95,true,1,
810487003704,false,נגיסי שקדים ותמרים 149גר,---,US,נגיסי שקדים,גרמים,149.00,100 גרם,false,1,29.90,20.07,true,1,
810487003711,false,נגיסי שקדים ותמרים מצופה,---,US,נגיסי שקדים,גרמים,149.00,100 גרם,false,1,29.90,20.07,true,1,
811146030284,false,אודלס ספר תורה שקית190ג,,CN,אודלס ספר תורה,גרמים,190.00,100 גרם,false,1,12.90,6.79,true,1,
811146030390,false,לקקן בצורת שבשבת 144 גרם,קיומי שנגיואנג פודס,CN,לקקן בצורת שבשבת,גרמים,144.00,100 גרם,false,1,12.90,8.96,true,1,
839762000641,false,נקטר מנגו איילנד 1 ליטר,אדיר,EG,נקטר איילנד,ליטרים,1.00,ליטר,false,0,10.00,10.00,true,1,
840762001415,false,רוטב ברביקיו מתוק עדין,פרמונט קומפני,US,רוטב ברביקיו,גרמים,510.00,100 גרם,false,1,17.90,3.51,true,1,
856591000109,false,עוגיות מזרחיות פריכות400,מאפיית יוסף ושמחה עבאדי,IL,עוגיות מזרחיות,גרמים,400.00,100 גרם,false,0,16.90,4.23,true,1,
856591000949,false,קטנטנים עבאדי ט.טבעי350ג,עבאדי,IL,קטנטנים עבאדי,גרמים,350.00,100 גרם,false,1,14.90,4.26,true,1,
884912365200,false,דגני  בוקר אוראו 311 גרם,---,US,דגני  בוקר אוראו,גרמים,311.00,100 גרם,false,1,23.90,7.68,true,1,
3574660464429,false,76 קרפרי אוורירי מגה פק,ג'\ונסון אנד ג'\ונסון,GR,מגן תחתון קרפרי,יחידה,1.00,יחידה,false,0,17.90,17.90,true,1,
3574661487328,false,מגן תחתון קרפרי 56 יח',ג'\ונסון אנד ג'\ונסון,GR,מגני תחתון קרפרי,יחידה,1.00,יחידה,false,1,17.90,17.90,true,1,
3574661487625,false,קרפרי 48מגן תחתון מקסיL,ג'\ונסון אנד ג'\ונסון,GR,מגן תחתון קרפרי,יחידה,1.00,יחידה,false,1,17.90,17.90,true,1,
3574661552576,false,56 קרפרי מגן רגיל טנגו,ג'\ונסון אנד ג'\ונסון,GR,מגני תחתון קרפרי,יחידה,1.00,יחידה,false,1,17.90,17.90,true,1,
3574661554877,false,קרפרי כותון מבושם 56 יחי,"ש. שסטוביץ בע""\מ",GR,מגני תחתון קרפרי,יחידה,1.00,יחידה,false,1,17.90,17.90,true,1,
3600522373278,false,דאו.אקספרט שירט פרוטק150,SOPROCOS,FR,דאודורנט אקספרט,מיליליטרים,150.00,"100 מ""ל",false,1,15.90,10.60,true,1,
3600522626060,false,דאו.אקספרט טרמי.רזיסט150,סופרוקוס,FR,דאו.מן אקספרט,מיליליטרים,150.00,"100 מ""ל",false,1,15.90,10.60,true,1,
3600523462360,false,דאו.מן אקספרט סנסטיב150מ,SOPROCOS,FR,דאו. מן אקספרט,מיליליטרים,150.00,"100 מ""ל",false,1,15.90,10.60,true,1,
3600523652280,false,שמפו אלביב 6 שמנים,קוסמטיקס,TR,אלביב שמפו,מיליליטרים,550.00,"100 מ""ל",false,1,17.90,3.25,true,1,
3600523652297,false,מרכך אלביב 6 שמנים,קוסמטיקס,TR,אלביב מרכך,מיליליטרים,550.00,"100 מ""ל",false,1,17.90,3.25,true,1,
3600523782567,false,שמפו אלביב דרים לונג500מ,קוסמטיקס,FR,אלביב שמפו,מיליליטרים,500.00,"100 מ""ל",false,1,17.90,3.58,true,1,
3600523782574,false,מסכה אלביב דרים לונג,קוסמטיקס,DE,מסכה לשיער אלביב,מיליליטרים,300.00,"100 מ""ל",false,1,24.90,8.30,true,1,
3600542375801,false,פיור אקטיב 3 ב1 פחם150מל,גרנייה,FR,פיור אקטיב 3 ב 1,מיליליטרים,150.00,"100 מ""ל",false,1,32.90,21.93,true,1,
4008287051032,false,בירה קרומבאכר פחית 500 מ,קרומבאכר,DE,בירה קרומבאכר,מיליליטרים,500.00,"100 מ""ל",false,1,9.90,1.98,true,1,
4008287058161,false,"בירה קרומבאכר 330*6 מ""ל",קרומבאכר,DE,בירה קרומבאכר6יח,ליטרים,1.98,ליטר,false,1,29.90,15.10,true,1,
4008287905786,false,בירה קרומבאכר חיטה פח500,קרומבאכר,DE,בירה קרומבאכר,מיליליטרים,500.00,"100 מ""ל",false,1,9.90,1.98,true,1,
4009900402965,false,אורביט וייט פירות 64גרם,ריגלי פולין,PL,אורביט בקבוקון,גרמים,64.00,100 גרם,false,0,9.90,15.47,true,1,
4009900403023,false,מסטיק אורביט ויט מנטה64ג,ריגלי פולין,PL,אורביט בקבוקון,גרמים,64.00,100 גרם,false,0,9.90,15.47,true,1,
4009900420129,false,אורביט פפרמינט בקבוקון64,---,PL,אורביט פפרמינט,גרמים,64.00,100 גרם,false,1,9.90,15.47,true,1,
4009900479998,false,אורביט אוכמניות בקבוק64ג,ריגלי פולין,PL,אורביט בקבוקון,גרמים,64.00,100 גרם,false,0,9.90,15.47,true,1,
4009900531122,false,מסטיק אורביט ספירמינט64ג,---,PL,אורביט ספירמינט,גרמים,64.00,100 גרם,false,1,9.90,15.47,true,1,
4015000519915,false,דאו.ספריי פינק פשיין 200,הנקל סוד,TR,דאודורנט FA,מיליליטרים,200.00,"100 מ""ל",false,0,10.90,5.45,true,1,
4015400564454,false,68מגני תח.אולוייז מגה L,פרוקטר אנד גמבל,DE,מגן תחתון אולויז,יחידה,1.00,יחידה,false,0,24.90,24.90,true,1,
4015400598329,false,56אולוויז קוואטרו נורמל+,פרוקטר אנד גמבל,UA,תחבושות אולוויז,יחידה,1.00,יחידה,false,0,32.90,32.90,true,1,
4015400598381,false,48 אולוויז קוואטרו לונג+,פרוקטר אנד גמבל,UA,תחבושות אולוויז,יחידה,1.00,יחידה,false,0,32.90,32.90,true,1,
4015400598411,false,40 אולוויז קוואטרו לילה,פרוקטר אנד גמבל,UA,תחבושות אולוויז,יחידה,1.00,יחידה,false,0,32.90,32.90,true,1,
4015400681670,false,18תחב.אולוייז לילה בטוח,פרוקטר אנד גמבל,UA,תחבושות אולוייז,יחידה,1.00,יחידה,false,0,21.90,21.90,true,1,
4015400695677,false,76פמפרס ב.דריי +4 א.ענק,---,TR,פמפרס אריזת ענק,יחידה,1.00,יחידה,false,1,69.90,69.90,true,1,
4015400731719,false,20 תח.אולוייז דואו לילה,פרוקטר אנד גמבל,UA,תחבושות אולוייז,יחידה,1.00,יחידה,false,1,21.90,21.90,true,1,
4015400755241,false,28תח.אולוייז דואו נורמל+,פרוקטר אנד גמבל,UA,תחבושות אולוייז,יחידה,1.00,יחידה,false,1,21.90,21.90,true,1,
4015600763251,false,שמפו הד&שולדרס קלאסי600מ,פרוקטר אנד גמבל,RO,שמפו הד&שולדרס,מיליליטרים,600.00,"100 מ""ל",false,0,24.90,4.15,true,1,
4052197000017,false,"בירה בנדיקטינר 500 מ""ל",בנדיקטינר וויצבראו,DE,בירה בנדיקטינר,מיליליטרים,500.00,"100 מ""ל",false,0,11.90,2.38,true,1,
4084500853898,false,פיירי אלוורה/מלפפונים515,פרוקטר אנד גמבל,GB,פיירי נוזל לכלים,מיליליטרים,515.00,"100 מ""ל",false,1,10.90,2.12,true,1,
4602486002071,false,וודקה בלנקאיה גולד 700מל,מזקקת גאורגייבסקי,RU,וודקה בלנקאיה,מיליליטרים,700.00,"100 מ""ל",false,1,49.90,7.13,true,1,
4640018993398,false,פיניש קוואנטום 60 יחידות,רקיט בנקיזר,PL,פיניש קוואנטום,יחידה,1.00,יחידה,false,1,59.90,59.90,true,1,
4770237057578,false,חטיף גבינה שוקולד,---,LT,חטיף גבינה שוקו.,גרמים,40.00,100 גרם,false,1,4.90,12.25,true,1,
4800888219534,false,דאודורנט סטיק אורגינל 50,יוניליוור,PH,דאו.דאב,מיליליטרים,50.00,"100 מ""ל",false,1,17.90,35.80,true,1,
4810168057510,false,חתיכות פילה דג הרינג400ג,---,BY,פילה הרינג400ג,גרמים,400.00,100 גרם,false,1,25.90,6.48,true,1,
4810168058975,false,חתיכות פילה דג הרינג260ג,,BY,פילה הרינג 260גר,גרמים,260.00,100 גרם,false,1,18.90,7.27,true,1,
4810168058982,false,חתיכות פילה דג הרינג,---,BY,פילה דג הרינג,גרמים,400.00,100 גרם,false,1,25.90,6.48,true,1,
4810168058999,false,פילה דג הרינג סקנדינבי,---,BY,פילה דג הרינג,גרמים,250.00,100 גרם,false,1,14.90,5.96,true,1,
4891228430061,false,10 סכיני גילוח עם אלוורה,"ש. שסטוביץ בע""\מ",CN,סכיני גילוח 10יח,יחידה,1.00,יחידה,false,0,26.90,26.90,true,1,
4895060592307,false,43גFN סוכריות חלב בבקבוק,איתן-מזון,CN,סוכריות בבקבוק,גרמים,43.00,100 גרם,false,0,6.90,16.05,true,1,
5000146048671,false,סילבו מטליות לכלי כסף,רקיט בנקיזר,PT,מטליות ניקוי,גרמים,75.00,100 גרם,false,1,14.90,19.87,true,1,
5000159376655,false,סוכריות סקיטלס פירות38ג,ריגלי ממתקים,CZ,סוכריות סקיטלס,גרמים,38.00,100 גרם,false,0,2.90,7.63,true,1,
5000159376792,false,סוכריות סקיטלס חמוץ 38 ג,ריגלי ממתקים,CZ,סוכריות סקיטלס,גרמים,38.00,100 גרם,false,0,2.90,7.63,true,1,
5000213000359,false,"בירה גינס 330 מ""ל",תשלובת גינס,IE,בירה גינס,מיליליטרים,330.00,"100 מ""ל",false,1,13.90,4.21,true,1,
5000213014905,false,"בירה גינס פחית 440 מ""ל",קרלסברג ישראל,IE,בירה גינס פחית,מיליליטרים,440.00,"100 מ""ל",false,0,14.90,3.39,true,1,
5000267014234,false,וויסקי ג'וני ווקר אדום,ג'ון ווקר ובניו,GB,ג'וני ווקר אדום,מיליליטרים,700.00,"100 מ""ל",false,0,69.90,9.98,true,1,
5000267024233,false,וויסקי ג'וני ווקר שחור,ג'וני ווקר ובניו,GB,ויסקי ג'וני ווקר,מיליליטרים,700.00,"100 מ""ל",false,0,129.90,18.56,true,1,
5000267117560,false,גוני ווקר גולד ריזרב700מ,ג'ון ווקר ובניו,GB,וויסקי גוני ווקר,מיליליטרים,700.00,"100 מ""ל",false,1,179.90,25.70,true,1,
5000394140899,false,דורסל שמיניות AA פלוס,---,BE,דורסל שמיניות AA,יחידה,1.00,יחידה,false,1,21.90,21.90,true,1,
5010327000046,false,"וויסקי גרנטס 700 מ""ל","וויליאם גראנט ובניו בע""\",GB,וויסקי גרנט'ס,מיליליטרים,700.00,"100 מ""ל",false,0,79.90,11.41,true,1,
5024546366609,false,וויסקי לאודרס,,GB,וויסקי לאודרס,מיליליטרים,700.00,"100 מ""ל",false,0,79.90,11.41,true,1,
5029053538426,false,11 חיתולי שחיה האגיס L,האגיס בגדי ים,CZ,חיתולי האגיס,יחידה,1.00,יחידה,false,0,37.90,37.90,true,1,
5099864006377,false,סימילאק שלב 1 מהדרין900ג,ABBOT,IE,סימילאק שלב 1,גרמים,900.00,100 גרם,false,0,79.90,8.88,true,1,
5099864006391,false,סימילאק שלב 3 מהדרין900ג,ABBOT,IE,סימילאק שלב 3,גרמים,900.00,100 גרם,false,0,79.90,8.88,true,1,
5290074003198,false,מיץ תפוזים 100% 1 ליטר,SEVEGEP,CY,מיץ תפוזים,ליטרים,1.00,ליטר,false,1,9.90,9.90,true,1,
5290074003211,false,מיץ אננס 100% 1 ליטר,SEVEGEP,CY,מיץ אננס,ליטרים,1.00,ליטר,false,1,9.90,9.90,true,1,
5290914001483,false,זיתים ירוקים עם אורגנו,,IL,זיתים ירוקים,גרמים,200.00,100 גרם,false,1,12.90,6.45,true,1,
5290914002114,false,זיתים ירוקים מתובלים 200,,IL,זיתים ירוקים,גרמים,200.00,100 גרם,false,1,12.90,6.45,true,1,
5290914002732,false,זיתים ממולאים שקדים180ג,,IL,זיתים ממולאים.,גרמים,180.00,100 גרם,false,1,7.90,4.39,true,1,
5391523062152,false,סימילאק מהדרין שלב1 400ג,אבוט אירלנד,IE,סימילאק למהדרין,גרמים,400.00,100 גרם,false,1,39.90,9.98,true,1,
5410126106183,false,ביסקוויט לוטוס ארוז 50יח,לוטוס ביקרי,BE,ביסקוויט לוטוס,גרמים,312.00,100 גרם,false,0,15.90,5.10,true,1,
5410126716016,false,ביסקוויט לוטוס ט.קרמל250,לוטוס ביקרי,BE,ביסקויט לוטוס,גרמים,250.00,100 גרם,false,0,11.90,4.76,true,1,
5410126726947,false,ממרח עוג.לוטוס קראנץ380ג,לוטוס ביקרי,BE,ממרח עוגיות,גרמים,380.00,100 גרם,false,0,22.90,6.03,true,1,
5410316994019,false,וודקה סמירנוף,,IT,וודקה סמירנוף,מיליליטרים,700.00,"100 מ""ל",false,0,64.90,9.27,true,1,
5411188124689,false,"משקה ש.שועל ללת""ס1 ליטר",אלפרו C.V.A,BE,משקה ש.שועל,ליטרים,1.00,ליטר,false,1,14.90,14.90,true,1,
5411188135005,false,משקה שיבולת שועל 1.8% 1ל,אלפרו C.V.A,BE,משקה שיבולת שועל,ליטרים,1.00,ליטר,false,1,13.90,13.90,true,1,
5701932026964,false,הוטפופ טעם טבעי100*6ג,פופז,US,פופקורן הוטפופ,גרמים,600.00,100 גרם,false,0,16.90,2.82,true,1,
5701932026971,false,הוטפופ טעם חמאה100*6גר,פופז,US,הוטפופ טעם חמאה,גרמים,600.00,100 גרם,false,0,16.90,2.82,true,1,
5701932026995,false,הוטפופ ט.טבעי מופחת שומן,פופז,US,הוטפופ טעם טבעי,גרמים,510.00,100 גרם,false,0,16.90,3.31,true,1,
5765571543619,false,לקקנים בטעם של פעם,ממתקי נעמה,IL,לקקנים,גרמים,100.00,100 גרם,false,1,11.90,11.90,true,1,
5902198160403,false,משקה אנרגיה TEN XL,"טמפו משקאות בע""\מ",IL,משקה אנרגיה,מיליליטרים,250.00,"100 מ""ל",false,1,4.50,1.80,true,1,
5904941750312,false,"בלו מוחיטו 250 מ""ל",אקו - ביט,PL,בלו מוחיטו,מיליליטרים,250.00,"100 מ""ל",false,0,3.90,1.56,true,1,
5904941751302,false,"משקה אנרגיה בלו 250 מ""ל",אקו - ביט,PL,משקה אנרגיה,מיליליטרים,250.00,"100 מ""ל",false,0,3.90,1.56,true,1,
5904941751920,false,בלו דיי משקה אנרגיה250מ,אקו - ביט,PL,בלו דיי משקה,מיליליטרים,250.00,"100 מ""ל",false,0,3.90,1.56,true,1,
5906485301012,false,משקה אנרגיה XL,,IL,משקה אנרגיה XL,מיליליטרים,250.00,"100 מ""ל",false,0,4.50,1.80,true,1,
5997321770307,false,ויט 12 רצועות לעור רגיש,רקיט בנקיזר,FR,ויט רצעות,יחידה,1.00,יחידה,false,1,29.90,29.90,true,1,
6111094000242,false,קוסקוס דארי דק 500 גרם,דארי קוספאט אס. איי. או,MA,קוסקוס דארי דק,גרמים,500.00,100 גרם,false,1,9.90,1.98,true,1,
6201601120027,false,נר הבדלה דונג,,CN,נר הבדלה דונג,יחידה,1.00,יחידה,false,1,5.90,5.90,true,1,
6903215652368,false,כפפות ויניל שחורות L 100,,CN,כפפות ויניל100יח,יחידה,1.00,יחידה,false,1,27.90,27.90,true,1,
6920190410059,false,כוסות נייר אפיה קטן 50יח,,CN,כוסות נייר אפיה,יחידה,1.00,יחידה,false,1,7.90,7.90,true,1,
6920190410066,false,שיפודי במבוק 70 יחידות,INTEMATIONAL FOCUS NEW,CN,שיפודי במבוק,יחידה,1.00,יחידה,false,1,2.90,2.90,true,1,
6925912713319,false,בדיקה עצמית לקורונה20י,,CN,בדיקות קורונה,יחידה,1.00,יחידה,false,1,79.90,79.90,true,1,
7290000000022,true,עגבניה,קטיף.,IL,עגבניה,קילוגרמים,0.00,"ק""ג",true,0,5.90,5.90,true,1,
7290000000046,true,מלפפון,קטיף.,IL,מלפפונים,קילוגרמים,0.00,"ק""ג",true,0,5.90,5.90,true,1,
7290000000053,true,קישואים,קטיף.,IL,קישואים,קילוגרמים,0.00,"ק""ג",true,0,7.90,7.90,true,1,
7290000000084,true,פלפל ירוק בהיר,שותפות מזרחי,IL,פלפל ירוק בהיר,קילוגרמים,0.00,"ק""ג",true,0,7.90,7.90,true,1,
7290000000091,true,פלפל אדום,קטיף.,IL,פלפל אדום,קילוגרמים,0.00,"ק""ג",true,0,7.90,7.90,true,1,
7290000000107,true,פלפל ירוק כהה,קטיף.,IL,פלפל ירוק כהה,קילוגרמים,0.00,"ק""ג",true,0,7.90,7.90,true,1,
7290000000114,true,חציל,קטיף.,IL,חצילים,קילוגרמים,0.00,"ק""ג",true,0,5.90,5.90,true,1,
7290000000138,true,כרוב לבן,קטיף.,IL,כרוב לבן,קילוגרמים,0.00,"ק""ג",true,0,3.90,3.90,true,1,
7290000000145,true,כרוב אדום,קטיף.,IL,כרוב אדום,קילוגרמים,0.00,"ק""ג",true,0,5.90,5.90,true,1,
7290000000183,true,סלק,קטיף.,IL,סלק,קילוגרמים,0.00,"ק""ג",true,0,3.90,3.90,true,1,
7290000000220,true,קולורבי,קטיף.,IL,קולורבי,קילוגרמים,0.00,"ק""ג",true,0,8.90,8.90,true,1,
7290000000374,true,פטריות שמפניון,קטיף.,IL,שמפניון,גרמים,220.00,100 גרם,false,0,8.90,4.05,true,1,
7290000000411,true,שום מארז,קטיף.,XX,שום מארז,גרמים,190.00,100 גרם,false,0,7.90,4.16,true,1,
7290000000428,true,בטטה מובחר,קטיף.,IL,בטטה,קילוגרמים,0.00,"ק""ג",true,0,8.90,8.90,true,1,
7290000000480,true,בצל יבש,קטיף.,IL,בצל יבש,קילוגרמים,0.00,"ק""ג",true,0,3.90,3.90,true,1,
7290000000572,true,שומר,קטיף.,IL,שומר,קילוגרמים,0.00,"ק""ג",true,0,7.90,7.90,true,1,
7290000000619,true,פלפל חריף,שותפות מזרחי,IL,פלפל חריף,קילוגרמים,0.00,"ק""ג",true,0,8.90,8.90,true,1,
7290000000732,true,דלורית,קטיף.,IL,דלורית,קילוגרמים,0.00,"ק""ג",true,0,5.90,5.90,true,1,
7290000000855,true,פלפל צהוב,קטיף.,IL,פלפל צהוב,קילוגרמים,0.00,"ק""ג",true,0,6.90,6.90,true,1,
7290000001036,true,בצל יבש אדום,קטיף.,XX,בצל יבש אדום,קילוגרמים,0.00,"ק""ג",true,0,5.90,5.90,true,1,
7290000001661,true,גזר תפזורת,קטיף.,IL,גזר תפזורת,קילוגרמים,0.00,"ק""ג",true,0,4.90,4.90,true,1,
7290000002040,true,חלה רגילה 500 גרם,מאפית ברמן,IL,חלה רגילה,גרמים,500.00,100 גרם,false,0,4.90,0.98,true,1,
7290000023083,false,"ערק אשקלון 700 מ""ל","יקבי ברקן בע""\מ",IL,ערק אשקלון,מיליליטרים,700.00,"100 מ""ל",false,0,49.90,7.13,true,1,
7290000023977,false,"ברקן קלאסיק מרלו 750 מ""ל",יקבי ברקן שיווק והפצה בע,IL,מרלו קלאסיק,מיליליטרים,750.00,"100 מ""ל",false,0,26.90,3.59,true,1,
7290000040042,false,יוגורט יופלה תות3% 150גר,תנובה בעמ,IL,יופלה תות 3%,גרמים,150.00,100 גרם,false,0,4.90,3.27,true,1,
7290000040066,false,יופלה דובדבן3% 150 גרם,תנובה בעמ,IL,יופלה דובדבן3%,גרמים,150.00,100 גרם,false,0,4.90,3.27,true,1,
7290000040080,false,יוגורט יופלה אפרסק3% 150,תנובה בעמ,IL,יופלה אפרסק3%,גרמים,150.00,100 גרם,false,0,4.90,3.27,true,1,
7290000041407,false,"גיל בד""ץ מועשר 3% 125מל",מחלבת אלון תבור,IL,גיל מועשר 3%,מיליליטרים,125.00,"100 מ""ל",false,0,0.90,0.72,true,1,
7290000041445,false,גבינת קוטג5'%מהדרין250גר,מחלבת אלון תבור,IL,קוטג' תנובה 5%,גרמים,250.00,100 גרם,false,0,5.50,2.20,true,1,
7290000041865,false,לבן יטבתה 4.5% שומן 200מ,מחלבת יטבתה,IL,לבן יטבתה4.5%,מיליליטרים,200.00,"100 מ""ל",false,0,2.00,1.00,true,1,
7290000042015,false,חלב 3% מהדרין שקית 1 ל',---,IL,חלב 3% שקית,ליטרים,1.00,ליטר,false,0,5.40,5.40,true,1,
7290000042367,false,חלב טרי3% שומן בקבוק 1ל,---,IL,חלב טרי 3%,ליטרים,1.00,ליטר,false,0,6.20,6.20,true,1,
7290000042435,false,חלב מפוסטר 1% בקרטון 1ל',תנובה,IL,חלב 1% בקרטון,ליטרים,1.00,ליטר,false,0,5.80,5.80,true,1,
7290000042671,false,חלב עמיד 3%,,IL,חלב עמיד 3%,ליטרים,1.00,ליטר,false,0,6.90,6.90,true,1,
7290000042855,false,"שוקו בשקית יטבתה 225מ""ל",יטבתה,IL,שוקו בשקית,מיליליטרים,225.00,"100 מ""ל",false,0,2.40,1.07,true,1,
7290000043012,false,"שוקו עמיד 250 מ""ל",תנובה,IL,שוקו עמיד,מיליליטרים,250.00,"100 מ""ל",false,0,4.30,1.72,true,1,
7290000043111,false,חמאה 200 גרם,תנובה,IL,חמאה תנובה,גרמים,200.00,100 גרם,false,0,7.20,3.60,true,1,
7290000043814,false,שמנת עמידה לקצפת38% 250מ,תנובה,IL,שמנת עמידה לקצפת,מיליליטרים,250.00,"100 מ""ל",false,0,6.40,2.56,true,1,
7290000043890,false,רויון 1.5% בקרטון 1ל,תנובה,IL,רויון בקרטון1.5%,ליטרים,1.00,ליטר,false,0,10.90,10.90,true,1,
7290000044712,false,פרילי+תות שדה1.5% 500ג,מחלבת אלון תבור,IL,פרילי תות-שדה,גרמים,500.00,100 גרם,false,0,10.40,2.08,true,1,
7290000044880,false,באדי מעדן תות 3% 500 גרם,מחלבת אלון תבור,IL,מעדן באדי תות 3%,גרמים,500.00,100 גרם,false,0,9.00,1.80,true,1,
7290000045399,false,גבינה מותכת 26% שומן200ג,טנא נוגה,IL,גבינה מותכת,גרמים,200.00,100 גרם,false,0,14.90,7.45,true,1,
7290000047546,false,גב.כנען 5% 500 גרם,תנובה,IL,גבינת כנען 5%,גרמים,500.00,100 גרם,false,0,22.90,4.58,true,1,
7290000047621,false,גב5%.שומן כשר מהדרין250ג,מחלבת אלון תבור,IL,גבינה %5 מהדרי,גרמים,250.00,100 גרם,false,0,4.90,1.96,true,1,
7290000047942,false,גב9%.שומן כשר מהדרין250ג,מחלבת אלון תבור,IL,גבינה9%מהדרין,גרמים,250.00,100 גרם,false,0,4.60,1.84,true,1,
7290000048185,false,גב.לבנה רכה 5% שומן 250ג,מחלבת אלון תבור,IL,גבינה לבנה 5%,גרמים,250.00,100 גרם,false,0,4.90,1.96,true,1,
7290000048413,false,גב.חמד פיראוס16% 250 גר,תנובה,IL,גבינה מלוחה 16%,גרמים,250.00,100 גרם,false,0,17.90,7.16,true,1,
7290000048437,false,גבי. צפתית פיראוס5% 200ג,תנובה,IL,גבינה צפתית 5%,גרמים,200.00,100 גרם,false,0,14.90,7.45,true,1,
7290000048451,false,גב.חרמון 16% 250 גרם,תנובה בעמ,IL,גבינת חרמון,גרמים,250.00,100 גרם,false,0,17.90,7.16,true,1,
7290000050447,false,יופלה תות 500 גרם,תנובה בעמ,IL,יופלה תות,גרמים,500.00,100 גרם,false,0,12.90,2.58,true,1,
7290000050454,false,יופלה אפרסק 500 גרם,תנובה בעמ,IL,יופלה אפרסק,גרמים,500.00,100 גרם,false,0,12.90,2.58,true,1,
7290000050966,false,גבינה לבנה 5% 850 גרם,מחלבת אלון תבור,IL,גבינה לבנה 850 ג,גרמים,850.00,100 גרם,false,0,16.50,1.94,true,1,
7290000051376,false,יופלה דיאט אננס 0% 150גר,תנובה בעמ,IL,יופלה דיאט אננס,גרמים,150.00,100 גרם,false,0,4.90,3.27,true,1,
7290000052649,false,לאבנה פיראוס 5% 500 גרם,תנובה,IL,לאבנה פיראוס 5%,גרמים,500.00,100 גרם,false,0,19.90,3.98,true,1,
7290000052946,false,"יופלה מעודן 150*8גר בד""ץ",מחלבת אלון תבור,IL,יופלה מעודן 8 יח,קילוגרמים,1.20,"ק""ג",false,0,19.90,16.58,true,1,
7290000053981,false,יופלה פרי 150*8 גרם,מחלבת אלון תבור,IL,יופלה פרי 8 יח,קילוגרמים,1.20,"ק""ג",false,0,25.90,21.58,true,1,
7290000055015,false,פיראוס פטה כבשים 5% 250ג,תנובה,IL,פטה כבשים פיראוס,גרמים,250.00,100 גרם,false,0,25.90,10.36,true,1,
7290000055206,false,גבינה לבנה 5%,,IL,גבינה לבנה 5%,גרמים,250.00,100 גרם,false,0,5.30,2.12,true,1,
7290000055329,false,משקה יוגורט תות-מלון250ג,תנובה בעמ,IL,משקה יוגורט,גרמים,250.00,100 גרם,false,0,5.50,2.20,true,1,
7290000055343,false,משקה יוגורט טרופי 250גרם,תנובה בעמ,IL,משקה יוגורט,גרמים,250.00,100 גרם,false,0,5.50,2.20,true,1,
7290000055756,false,גבינה לבנה5% 850*2גר,מחלבת אלון תבור,IL,זוג גבינה לבנה,גרמים,1700.00,100 גרם,false,0,32.40,1.91,true,1,
7290000055893,false,חמאה מהדרין 200 גרם,---,IL,חמאה מהדרין,גרמים,200.00,100 גרם,false,0,7.20,3.60,true,1,
7290000056081,false,פרילי טבע 6 * 200גרם,מחלבת אלון תבור,IL,מארז פרילי טבע,קילוגרמים,1.20,"ק""ג",false,0,21.90,18.25,true,1,
7290000056272,false,גבינה לבנה 5%,,IL,גבינה לבנה 5%,גרמים,250.00,100 גרם,false,0,5.30,2.12,true,1,
7290000056753,false,גבינה עמק 200 גר,,IL,גבינה עמק 200 גר,גרמים,200.00,100 גרם,false,0,14.90,7.45,true,1,
7290000056845,false,חלב טרי הומוגני3% 1.5ל',תנובה,IL,חלב תנובה 3%,ליטרים,1.50,ליטר,false,0,9.30,6.20,true,1,
7290000056890,false,יופלה אננס/דובד0% 150*8ג,תנובה בעמ,IL,יופלה 0% 8 יח,קילוגרמים,1.20,"ק""ג",false,0,29.90,24.92,true,1,
7290000056906,false,יופלה לבן 1.5% 150*8גרם,מחלבת אלון תבור,IL,יופלה לבן 1.5%,קילוגרמים,1.20,"ק""ג",false,0,16.90,14.08,true,1,
7290000057088,false,גבינת עמק דק דק 28% 200ג,תנובה,IL,עמק דק28% 200גרם,גרמים,200.00,100 גרם,false,0,14.90,7.45,true,1,
7290000057477,false,חלב טרי הומוגני3% 1.5ל',---,IL,חלב טרי הומוגני,ליטרים,1.50,ליטר,false,0,9.30,6.20,true,1,
7290000057552,false,יופלה עוגת גבינה,,IL,יופלה עוגת גבינה,גרמים,150.00,100 גרם,false,0,4.90,3.27,true,1,
7290000058030,false,8שטוזים משקה תות,,IL,8שטוזים משקה תות,מיליליטרים,800.00,"100 מ""ל",false,0,19.90,2.49,true,1,
7290000058047,false,"שמנת להקצפה 38% 500 מ""ל",תנובה,IL,משמנת להקצפה 38%,מיליליטרים,500.00,"100 מ""ל",false,0,12.90,2.58,true,1,
7290000058979,false,גיל בטעם תות125ג,,IL,גיל בטעם תות125ג,גרמים,125.00,100 גרם,false,0,1.40,1.12,true,1,
7290000060415,false,לזניה פרפקטו 500 גרם,פסטה לנסי,IT,לזניה פרפקטו,גרמים,500.00,100 גרם,false,0,14.90,2.98,true,1,
7290000066318,false,במבה 80 גרם,"אסם השקעות בע""\מ",IL,במבה,גרמים,80.00,100 גרם,false,0,4.50,5.63,true,1,
7290000072623,false,קטשופ בקבוק לחיץ 750 גרם,"אסם השקעות בע""מ",IL,קטשופ בקבוק לחיץ,גרמים,750.00,100 גרם,false,0,11.90,1.59,true,1,
7290000072753,false,קפה נמס טסטרס צ'ויס200ג,לוטה נסטלה קוריאה,KR,קפה טסטרס צ'ויס,גרמים,200.00,100 גרם,false,0,32.90,16.45,true,1,
7290000072777,false,טסטרס צ'ויס נט.קפאין200ג,לוטה נסטלה קוריאה,KR,קפה טסטרס צויס,גרמים,200.00,100 גרם,false,0,39.90,19.95,true,1,
7290000100050,false,פתיתי ברוקולי 700 גרם,"סנפרוסט בע""\מ",IL,פתיתי ברוקולי,גרמים,700.00,100 גרם,false,1,21.90,3.13,true,1,
7290000100197,false,לקט אפונה תירס וגזר700ג,"סנפרוסט בע""\מ",IL,לקט סנפרוסט700ג,גרמים,700.00,100 גרם,false,1,13.90,1.99,true,1,
7290000100272,false,"כרובית בד""צ 600 גרם","סנפרוסט בע""\מ",IL,"כרובית בד""צ600ג",גרמים,600.00,100 גרם,false,1,29.90,4.98,true,1,
7290000100289,false,"לקט השדה בד""צ 700 גרם","סנפרוסט בע""\מ",IL,"לקט השדה בד""צ",גרמים,700.00,100 גרם,false,1,19.90,2.84,true,1,
7290000103525,false,"גזר גמדי  בד""צ700 גרם","סנפרוסט בע""\מ",IL,גזר גמדי,גרמים,700.00,100 גרם,false,0,13.90,1.99,true,1,
7290000103532,false,"גרעיני תירס בד""צ 700 גרם","סנפרוסט בע""\מ",IL,גרעיני תירס,גרמים,700.00,100 גרם,false,0,13.90,1.99,true,1,
7290000103556,false,"גרגירי חומוס בד""צ700 גרם","סנפרוסט בע""\מ",IL,גרגירי חומוס,גרמים,700.00,100 גרם,false,0,13.90,1.99,true,1,
7290000104713,false,פול ירוק מוקפא 800 גרם,"סנפרוסט בע""\מ",IL,פול ירוק מוקפא,גרמים,800.00,100 גרם,false,0,19.90,2.49,true,1,
7290000104799,false,שעועית לבנה מבושלת 800גר,"סנפרוסט בע""\מ",IL,שעועית לבנה,גרמים,800.00,100 גרם,false,0,21.90,2.74,true,1,
7290000107189,false,ארטישוק תחתיות 400 גרם,"סנפרוסט בע""\מ",IL,תחתיות ארטישוק,גרמים,400.00,100 גרם,false,0,19.90,4.98,true,1,
7290000110844,false,חטיף כיפלי בטעם גריל70ג,יוניליוור,IL,כיפלי בטעם גריל,גרמים,70.00,100 גרם,false,0,5.90,8.43,true,1,
7290000111353,false,"מיונז אמיתי תלמה 1 ק""ג",יוניליוור ישראל מזון בע\,IL,מיונז אמיתי תלמה,קילוגרמים,1.00,"ק""ג",false,0,18.90,18.90,true,1,
7290000111360,false,חרדל אמיתי תלמה 250 גרם,יוניליוור,IL,חרדל אמיתי תלמה,גרמים,250.00,100 גרם,false,0,5.90,2.36,true,1,
7290000116204,false,מרק דגש טעם עוף שקית 1קג,יוניליוור ישראל מזון בע\,IL,מרק דגש טעם עוף,קילוגרמים,1.00,"ק""ג",false,0,13.90,13.90,true,1,
7290000116884,false,רוטב ברביקיו קנור350 גרם,יוניליוור ישראל מזון בע\,IL,רוטב ברביקיו,גרמים,350.00,100 גרם,false,0,10.90,3.11,true,1,
7290000116921,false,רוטב צ'ילי מתוק קנור370ג,יוניליוור ישראל מזון בע\,IL,רוטב צ'ילי מתוק,גרמים,370.00,100 גרם,false,0,10.90,2.95,true,1,
7290000116945,false,"רוטב סויה קנור 300 מ""ל",יוניליוור ישראל מזון בע\,IL,רוטב סויה קלאסי,מיליליטרים,300.00,"100 מ""ל",false,0,10.90,3.63,true,1,
7290000117720,false,מרק נמס בכוס פטריות 43גר,יוניליוור ישראל מזון בע\,IL,מרק נמס בכוס,גרמים,43.00,100 גרם,false,0,6.90,16.05,true,1,
7290000121239,false,מיוקל5% ללא כולסטרול500ג,יוניליוור ישראל מזון בע\,IL,מיוקל 5% שומן,גרמים,500.00,100 גרם,false,0,13.90,2.78,true,1,
7290000129457,false,רוטב פטריות 28 גרם,יוניליוור ישראל מזון בע\,IL,רוטב פטריות,גרמים,28.00,100 גרם,false,0,4.30,15.36,true,1,
7290000133645,false,מ.ש.אורביטול סודה145*3ג,טרופיקל דגיל תעשיות קוסמ,IL,משחת שיניים 3 יח,גרמים,435.00,100 גרם,false,0,15.90,3.66,true,1,
7290000135045,false,"TEN XL בטעם תפוח 250 מ""ל","טמפו משקאות בע""מ",IL,TEN XL בטעם תפוח,מיליליטרים,250.00,"100 מ""ל",false,1,4.50,1.80,true,1,
7290000136158,false,פפסי מקס 1.5 ליטר,"טמפו משקאות בע""\מ",IL,פפסי מקס,ליטרים,1.50,ליטר,false,0,7.10,4.73,true,1,
7290000136172,false,סבן אפ 1.5 ליטר,"טמפו משקאות בע""\מ",IL,סבן אפ,ליטרים,1.50,ליטר,false,0,7.50,5.00,true,1,
7290000136288,false,סירופ סיידר גליל תפוח330,"טמפו משקאות בע""\מ",IL,סירופ סיידר גליל,מיליליטרים,330.00,"100 מ""ל",false,1,14.90,4.52,true,1,
7290000136295,false,סירופ סיידר הגליל פטל330,"טמפו משקאות בע""\מ",IL,סירופ סיידר גליל,מיליליטרים,330.00,"100 מ""ל",false,1,14.90,4.52,true,1,
7290000136301,false,סירופ סיידר גליל ענב330מ,"טמפו משקאות בע""\מ",IL,סירופ סיידר גליל,מיליליטרים,330.00,"100 מ""ל",false,1,14.90,4.52,true,1,
7290000136516,false,ג'אמפ מנגו פסיפלורה 1.5ל,טמפו משקאות בעמ,IL,ג'אמפ מנגו,ליטרים,1.50,ליטר,false,0,7.50,5.00,true,1,
7290000136523,false,ג'אמפ ענבים 1.5 ליטר,"טמפו משקאות בע""\ם.",IL,ג'אמפ ענבים,ליטרים,1.50,ליטר,false,0,7.50,5.00,true,1,
7290000136585,false,ג'אמפ תפוזים 1.5 ליטר,"טמפו משקאות בע""\ם.",IL,ג'אמפ תפוזים,ליטרים,1.50,ליטר,false,0,7.50,5.00,true,1,
7290000136646,false,בירה נשר מאלט 1.5 ליטר,"טמפו משקאות בע""\מ",IL,נשר מאלט,ליטרים,1.50,ליטר,false,0,9.90,6.60,true,1,
7290000136653,false,בירה נשר מאלט דיאט 1.5 ל,"טמפו משקאות בע""\מ",IL,נשר מאלט דיאט,ליטרים,1.50,ליטר,false,0,9.90,6.60,true,1,
7290000136691,false,סבן אפ 1.5*6 ליטר,טמפו,IL,סבן אפ 1.5*6ל,ליטרים,9.00,ליטר,false,0,37.20,4.13,true,1,
7290000136776,false,פפסי מקס 1.5*6 ליטר,טמפו,IL,פפסי מקס1.5*6ל,ליטרים,9.00,ליטר,false,0,38.90,4.32,true,1,
7290000136783,false,מירינדה 1.5*6 ליטר,"טמפו משקאות בע""\מ",IL,מירינדה 1.5*6ל,ליטרים,9.00,ליטר,false,0,37.20,4.13,true,1,
7290000136790,false,סודה טמפו 1.5*6 ליטר,"טמפו משקאות בע""\מ",IL,סודה טמפו1.5*6ל,ליטרים,9.00,ליטר,false,0,16.70,1.86,true,1,
7290000136820,false,סודה ט.פירות יער 1.5*4 ל,טמפו משקאות בע''מn\,IL,4סודה פרי יער1.5,ליטרים,6.00,ליטר,false,0,11.10,1.85,true,1,
7290000137643,false,מאגדת טעמקור משפ8'יח 52,"גלידת שטראוס בע""\מ, רחוב",IL,מאגד טעמקור משפ',גרמים,400.00,100 גרם,false,0,37.90,9.48,true,1,
7290000139715,false,קרמים בטעם נוגט 550 גרם,אשבול,IL,קרמים בטעם נוגט,גרמים,550.00,100 גרם,false,1,9.90,1.80,true,1,
7290000139753,false,קרמים בטעם שוקולד 474 גר,,IL,קרמים בטעם שוקול,גרמים,474.00,100 גרם,false,1,9.90,2.09,true,1,
7290000139777,false,קרמים בטעם וניל עוגיות,,IL,קרמים בטעם וניל,גרמים,474.00,100 גרם,false,1,9.90,2.09,true,1,
7290000139982,false,דגנים מלאים קרמלי חלבה,אשבול,IL,דגנים מלאים קרמל,גרמים,168.00,100 גרם,false,1,9.90,5.89,true,1,
7290000143194,false,"שמפו + מרכך הוואי 700מ""ל",טרופיקל דגיל בעמ,IL,שמפו+מרכך הוואי,מיליליטרים,700.00,"100 מ""ל",false,0,9.90,1.41,true,1,
7290000143200,false,מרכך הוואי לשיער יבש700מ,טרופיקל דגיל,IL,מרכך שיער הוואי,מיליליטרים,700.00,"100 מ""ל",false,0,9.90,1.41,true,1,
7290000143279,false,"הוואי שמפו אדום 700 מ""ל",טרופיקל דגיל,IL,שמפו הוואי,מיליליטרים,700.00,"100 מ""ל",false,0,9.90,1.41,true,1,
7290000144474,false,שמן קנולה+נוגדי חימצון1ל,שמן תעשיות בעמ,EE,שמן קנולה,ליטרים,1.00,ליטר,false,0,14.90,14.90,true,1,
7290000146645,false,סבון הוואי שחור 100*4גרם,טרופיקל דגיל,IL,סבון הוואי 4 יח,גרמים,400.00,100 גרם,false,0,11.90,2.98,true,1,
7290000146652,false,סבון הוואי ורוד 100*4גרם,טרופיקל דגיל,PL,סבון הוואי 4 יח,גרמים,400.00,100 גרם,false,0,11.90,2.98,true,1,
7290000146669,false,סבון הוואי כחול 100*4 גר,טרופיקל דגיל,IL,סבון הוואי 4 יח,גרמים,400.00,100 גרם,false,0,11.90,2.98,true,1,
7290000146676,false,סבון הוואי לגבר 100*4גרם,טרופיקל דגיל,PL,סבון הוואי 4 יח,גרמים,400.00,100 גרם,false,0,11.90,2.98,true,1,
7290000146928,false,משחת טום וג'רי ענבים 50מ,טרופיקל דגיל,IL,משחת טום וג'רי,מיליליטרים,50.00,"100 מ""ל",false,0,7.90,15.80,true,1,
7290000146997,false,משחת טום וג'רי מסטיק 50מ,טרופיקל דגיל,IL,משחת טום וג'רי,מיליליטרים,50.00,"100 מ""ל",false,0,7.90,15.80,true,1,
7290000149615,false,סבון נקה 7 לתינוק100*4 ג,נקה,IL,נקה 7 סבון 4 יח,גרמים,400.00,100 גרם,false,0,10.90,2.73,true,1,
7290000149851,false,סינטבון כפול לנקיון 460ג,נקה,IL,סינטבון נקה כפול,גרמים,460.00,100 גרם,false,0,9.90,2.15,true,1,
7290000168173,false,ברנפלקס קרנצ'ים 375 גרם,יוניליוור,IL,ברנפלקס קרנצ'ים,גרמים,375.00,100 גרם,false,0,21.90,5.84,true,1,
7290000169798,false,עוגי 20% פחות סוכר 500גר,"יוניליוור שפע ישראל בע""\",IL,עוגי מופחת סוכר,גרמים,500.00,100 גרם,false,0,22.90,4.58,true,1,
7290000176420,false,קפה נמס 200 גרם,שטראוס קפה בי.וי,IL,קפה נמס,גרמים,200.00,100 גרם,false,0,19.90,9.95,true,1,
7290000176475,false,האג נטול קופאין 200 גרם,עלית,VN,קפה נמס האג,גרמים,200.00,100 גרם,false,0,37.30,18.65,true,1,
7290000178707,false,תפוצ'יפס בטעם טבעי 50 גר,"שטראוס פריטו ליי בע""\מ )",IL,חטיף תפוצ'יפס,גרמים,50.00,100 גרם,false,0,3.90,7.80,true,1,
7290000178721,false,תפוצי'פס טבעי 200 גרם,"שטראוס פריטו ליי בע""\מ )",IL,תפוצי'פס טבעי,גרמים,200.00,100 גרם,false,0,9.90,4.95,true,1,
7290000190853,false,נייר טואלט לילי פיור30גל,חוגלה קימברלי,IL,נייר טואלט לילי,מטרים,537.00,100 מטר,false,0,44.90,8.36,true,1,
7290000191645,false,האגיס אקסטרה קר מידה NB,חוגלה קימברלי,US,חיתולי האגיס,יחידה,1.00,יחידה,false,0,31.90,31.90,true,1,
7290000191652,false,קלינקס מעוצב 90*3 יחידות,חוגלה קימברלי,IL,קלינקס מעוצב 3יח,יחידה,1.00,יחידה,false,0,12.90,12.90,true,1,
7290000193014,false,אינטרלוד מגן תחתון,חוגלה קימברלי,CZ,לילי פדים,יחידה,1.00,יחידה,false,0,9.90,9.90,true,1,
7290000193083,false,תחבושות נובה לי 28 יח',חוגלה קימברלי,CZ,תחבושות נובה לי,יחידה,1.00,יחידה,false,0,9.90,9.90,true,1,
7290000193205,false,20 תחבושות לילי ללילה,חוגלה קימברלי,BE,תחבושות לילי,יחידה,1.00,יחידה,false,0,14.90,14.90,true,1,
7290000193472,false,לילי מגן תחתון נורמל,חוגלה קימברלי,ES,פדיות לילי,יחידה,1.00,יחידה,false,0,12.90,12.90,true,1,
7290000193540,false,לילי מגן תחתון לונג,חוגלה קימברלי,ES,פדיות לילי,יחידה,1.00,יחידה,false,0,12.90,12.90,true,1,
7290000193953,false,תחבושות לילי נורמל24*2יח,חוגלה קימברלי,ES,זוג תחבושות לילי,יחידה,1.00,יחידה,false,0,25.90,25.90,true,1,
7290000197425,false,האגיס פרידום דריי מידה 3,חוגלה קימברלי,IL,חיתולי האגיס,יחידה,1.00,יחידה,false,0,42.90,42.90,true,1,
7290000197548,false,האגיס פרידום דריי מידה 5,חוגלה קימברלי,IL,חיתולי האגיס,יחידה,1.00,יחידה,false,0,42.90,42.90,true,1,
7290000197678,false,האגיס פרידום דריי מידה 6,חוגלה קימברלי,IL,חיתולי האגיס,יחידה,1.00,יחידה,false,0,42.90,42.90,true,1,
7290000201818,false,52טיטולים פרימיום שלב 2,חוגלה קימברלי,IL,טיטולים פרימיום,יחידה,1.00,יחידה,false,1,29.90,29.90,true,1,
7290000201832,false,50טיטולים פרימיום שלב 3,חוגלה קימברלי,IL,טיטולים פרימיום,יחידה,1.00,יחידה,false,1,29.90,29.90,true,1,
7290000201849,false,40 טיטולים פרימיום שלב 4,חוגלה קימברלי,IL,טיטולים פרימיום,יחידה,1.00,יחידה,false,1,29.90,29.90,true,1,
7290000211312,false,"אורז מלא ארוך ""סוגת"" 1קג","סוגת תעשיות בע""\מ",IL,אורז מלא ארוך,קילוגרמים,1.00,"ק""ג",false,0,9.90,9.90,true,1,
7290000211442,false,"אורז פרסי קלאסי 1ק""ג","סוגת תעשיות בע""\מ",IL,אורז פרסי קלאסי,קילוגרמים,1.00,"ק""ג",false,0,8.90,8.90,true,1,
7290000211985,false,"אורז עגול 1 ק""ג","סוגת תעשיות בע""\מ",IL,אורז עגול סוגת,קילוגרמים,1.00,"ק""ג",false,0,8.90,8.90,true,1,
7290000226514,false,עוגת דובוש ריבת חלב 450ג,תופינים מקבוצת קפולסקי,IL,עוגת ריבת חלב,גרמים,450.00,100 גרם,false,0,32.90,7.31,true,1,
7290000238029,false,"בצק עלים 1 ק""ג","מעדנות בע""\מ",IL,בצק עלים מרודד,קילוגרמים,1.00,"ק""ג",false,0,17.90,17.90,true,1,
7290000238036,false,מלווח מעדנות 700 גרם,"מעדנות בע""\מ",IL,מלווח מעדנית,גרמים,700.00,100 גרם,false,0,14.90,2.13,true,1,
7290000238173,false,בורקס גבינה 800 גרם,"מעדנות בע""\מ",IL,בורקס גבינה קפוא,גרמים,800.00,100 גרם,false,0,19.90,2.49,true,1,
7290000238180,false,"בורקס תפו""א 800 גרם","מעדנות בע""\מ",IL,"בורקס תפו""א קפוא",גרמים,800.00,100 גרם,false,0,17.90,2.24,true,1,
7290000262031,false,נייר טואלט מולט 32 גליל,קימברלי-קלארק,IL,נייר טואלט,מטרים,562.00,100 מטר,false,0,32.90,5.85,true,1,
7290000263359,false,האגיס אקסטרה קר שלב1,חוגלה קימברלי,IL,חיתולי האגיס,יחידה,1.00,יחידה,false,0,31.90,31.90,true,1,
7290000286228,false,ספוגיות לניקוי כלים 6 יח,סנו מפעלי ברונו בעמ,IL,ספוגיות לכלים6יח,יחידה,1.00,יחידה,false,0,9.90,9.90,true,1,
7290000286549,false,מטליות רב שימוש 9 יח',סנו מפעלי ברונו בעמ,IL,מטליות לכל 9 יח,יחידה,1.00,יחידה,false,0,9.90,9.90,true,1,
7290000286761,false,ניילון נצמד 30*2 מטר,סנו,CN,צמד ניילון נצמד,מטרים,60.00,מטר,false,0,9.90,0.17,true,1,
7290000286921,false,"סנוקל רסס וכבס 750 מ""ל",סנו מפעלי ברונוס בעמ,IL,סנוקל רסס וכבס,מיליליטרים,750.00,"100 מ""ל",false,0,13.90,1.85,true,1,
7290000287195,false,סנורהיט מבריק רהיטים305ג,סנו מפעלי ברונוס בעמ,IL,סנו רהיט מרסס,מיליליטרים,305.00,"100 מ""ל",false,0,13.90,4.56,true,1,
7290000287485,false,סנובון לובר 55*3 גרם,סנו מפעלי ברונו בעמ,IL,סנובון בריח לובר,גרמים,165.00,100 גרם,false,0,11.90,7.21,true,1,
7290000287621,false,סנו אנטי קאלק לאסלות750מ,סנו מפעלי ברונוס בעמ,IL,סנו מנקה אסלות,מיליליטרים,750.00,"100 מ""ל",false,0,12.90,1.72,true,1,
7290000288024,false,סנו ג'אוול לימון 4 ליטר,"סנו מפעלי ברונוס בע""מ",IL,סנו JAVEL אקונומ,ליטרים,4.00,ליטר,false,0,15.90,3.98,true,1,
7290000288352,false,300-K קוטל חרק/.זוחל630מ,"סנו מפעלי ברונוס בע""מ",IL,300-K קוטל חרק,מיליליטרים,630.00,"100 מ""ל",false,0,21.90,3.48,true,1,
7290000288383,false,500-K תרס.נגד נמלים 400מ,סנו מפעלי ברונוס בעמ,IL,סנו 500-K תרסיס,מיליליטרים,400.00,"100 מ""ל",false,0,20.90,5.23,true,1,
7290000288390,false,600-K יבש קוטל חרקים500מ,"סנו מפעלי ברונוס בע""מ",IL,סנו 600-K תרסיס,מיליליטרים,500.00,"100 מ""ל",false,0,21.90,4.38,true,1,
7290000288642,false,מרכך מקסימה סנסטיב 4 ל',"סנו מפעלי ברונוס בע""\מ",IL,מרכך כביסה,ליטרים,4.00,ליטר,false,0,19.90,4.98,true,1,
7290000289069,false,סנו ג'אוול מרסס לימון 1ל,"סנו מפעלי ברונוס בע""מ",IL,סנו ג'אוול מרסס,ליטרים,1.00,ליטר,false,0,15.90,15.90,true,1,
7290000289380,false,"ג'ל לאסלה ג'אוול 750 מ""ל",סנו מפעלי ברונוס בעמ,IL,ג'ל לאסלה ג'אוול,מיליליטרים,750.00,"100 מ""ל",false,0,10.90,1.45,true,1,
7290000289496,false,ג'אוול ג'ל קרם לימון750מ,"סנו מפעלי ברונוס בע""\מ",IL,ג'אוול ג'ל קרם,מיליליטרים,750.00,"100 מ""ל",false,0,12.90,1.72,true,1,
7290000289885,false,סנופרש ענק אושן כחול375מ,"סנו מפעלי ברונוס בע""\מ",IL,מטהר סנופרש ענק,מיליליטרים,375.00,"100 מ""ל",false,0,9.90,2.64,true,1,
7290000291932,false,סנובון נוזלי לבנדר 750מל,"סנו מפעלי ברונוס בע""מ",IL,סנובון נוזלי,מיליליטרים,750.00,"100 מ""ל",false,0,9.90,1.32,true,1,
7290000292137,false,"סנו לניקוי עור 500 מ""ל",סנו מפעלי ברונוס בעמ,IL,סנו לניקוי עור,מיליליטרים,500.00,"100 מ""ל",false,0,31.90,6.38,true,1,
7290000292311,false,פוליויקס סחלבים 2 ליטר,"סנו מפעלי ברונוס בע""\מ",IL,סנו פוליויקס,ליטרים,2.00,ליטר,false,0,21.90,10.95,true,1,
7290000292564,false,"2000-K אינסקטל 750 מ""ל",סנו מפעלי ברונוס בעמ,IL,סנו 2000-K תרסיס,מיליליטרים,750.00,"100 מ""ל",false,0,29.90,3.99,true,1,
7290000293073,false,מרכך כביסה מקסימה ביו4ל',"סנו מפעלי ברונוס בע""\מ",IL,מרכך כביסה,ליטרים,4.00,ליטר,false,0,19.90,4.98,true,1,
7290000293561,false,"סנו מסיר עובש 750 מ""ל","סנו מפעלי ברונוס בע""\מ",IL,סנו מסיר עובש,מיליליטרים,750.00,"100 מ""ל",false,0,17.90,2.39,true,1,
7290000293943,false,סנו אנטי קאלק מרסס 1 ל',סנו מפעלי ברונוס בעמ,IL,סנו אנטי קאלק,ליטרים,1.00,ליטר,false,0,16.90,16.90,true,1,
7290000294391,false,סנו ג'ט לניקוי כללי 4ל,סנו מפעלי ברונוס בעמ,IL,סנו ג'ט,ליטרים,4.00,ליטר,false,0,14.90,3.73,true,1,
7290000294773,false,סנו ג'אוול לבנדר 4 ליטר,"סנו מפעלי ברונוס בע""\מ",IL,סנו ג'אוול 4 ליט,ליטרים,4.00,ליטר,false,0,15.90,3.98,true,1,
7290000294780,false,סנו ג'אול אקונומ.סמיכה4ל,"סנו מפעלי ברונוס בע""מ",IL,סנו ג'אוול 4 ל,ליטרים,4.00,ליטר,false,0,15.90,3.98,true,1,
7290000295299,false,סנו סושי כרית יפנית 4 יח,סנו מפעלי ברונו בעמ,IL,כרית יפנית,יחידה,1.00,יחידה,false,0,9.90,9.90,true,1,
7290000295336,false,אבקת מקסימה סנסטיב 1.25ק,סנו מפעלי ברונוס בעמ,IL,אבקת כביסה,קילוגרמים,1.25,"ק""ג",false,0,14.90,11.92,true,1,
7290000295824,false,סושי אלומ.חסכונ0.3 100*מ,בורסה פאזרי,TR,רדיד אלומיניום,מטרים,100.00,מטר,false,0,49.90,0.50,true,1,
7290000312736,false,בייגלה שמיניות 45 גרם,,IL,בייגלה 45 גרם,גרמים,45.00,100 גרם,false,0,1.90,4.22,true,1,
7290000339566,false,מרכך כביסה בדין ורוד 4 ל,יוניליור ישראל טיפוח איש,IL,מרכך כביסה בדין,ליטרים,4.00,ליטר,false,0,21.90,5.48,true,1,
7290000342856,false,מרכך כביסה בדין כחול 4 ל,יוניליור ישראל טיפוח איש,IL,מרכך כביסה בדין,ליטרים,4.00,ליטר,false,0,21.90,5.48,true,1,
7290000345277,false,תה ויסוצקי 50שק1.5* גרם,תה ויסוצקי,IL,תה ויסוצקי 50 שק,גרמים,75.00,100 גרם,false,0,11.90,15.87,true,1,
7290000345307,false,תה ארל גריי 50 שק1.5*גרם,תה ויסוצקי,IL,תה ארל גריי 50שק,גרמים,75.00,100 גרם,false,0,26.90,35.87,true,1,
7290000346120,false,חליטת קסם הקינמון25ש2.5*,ויסוצקי,IL,חליטת קינמון,גרמים,62.00,100 גרם,false,0,16.90,27.26,true,1,
7290000346137,false,הילולי פירות הגן25שק2.5*,ויסוצקי,IL,חליטת פירות,גרמים,62.00,100 גרם,false,0,16.90,27.26,true,1,
7290000346168,false,חליטת שומר 25שק * 1.5גר,ויסוצקי,IL,חליטת שומר,גרמים,37.00,100 גרם,false,0,16.90,45.68,true,1,
7290000346199,false,תה פירות יער 25שק2.7*גר,ויסוצקי,IL,חליטת פירות היער,גרמים,67.00,100 גרם,false,0,16.90,25.22,true,1,
7290000346205,false,חל.קמומיל-גן קסום25ש1.5*,ויסוצקי,IL,חליטת קמומיל,גרמים,37.00,100 גרם,false,0,16.90,45.68,true,1,
7290000346212,false,חליטת מנטה גן קסום25ש2*ג,ויסוצקי,IL,חליטת מנטה,גרמים,50.00,100 גרם,false,0,16.90,33.80,true,1,
7290000346960,false,תה נענע 50 שקיק1.5* גרם,בית ויסוצקי,IL,תה נענע 50 שקיק.,גרמים,75.00,100 גרם,false,0,29.40,39.20,true,1,
7290000347738,false,תה ירוק עם נענע 1.5*25גר,ויסוצקי,IL,תה ירוק נענע,גרמים,37.00,100 גרם,false,0,23.90,64.59,true,1,
7290000355757,false,עגבנ.מרוסקות טל וטרי800ג,מילוז,IL,עגבניות מרוסקות,גרמים,800.00,100 גרם,false,0,6.90,0.86,true,1,
7290000408316,false,יוגורט ביו 3% דנונה 200ג,"שטראוס בריאות בע""\מ",IL,יוגורט ביו 3%,גרמים,200.00,100 גרם,false,0,3.50,1.75,true,1,
7290000408354,false,דנונה בר פצפוצים 173 גרם,"שטראוס בריאות בע""\מ",IL,דנונה בר פצפוצים,גרמים,173.00,100 גרם,false,0,4.90,2.83,true,1,
7290000412481,false,"מנקה אסלות ""00"" 1 ליטר",סנו מפעלי ברונוס בעמ,IL,"מנקה אסלות 00""",ליטרים,1.00,ליטר,false,0,7.90,7.90,true,1,
7290000416076,false,צימקאו שוקולד לבישול400ג,השחר העולה,IL,צימקאו לאפיה,גרמים,400.00,100 גרם,false,0,10.90,2.73,true,1,
7290000416618,false,"ממרח טעם שוקולד בד""ץ400ג",השחר,IL,ממרח בטעם שוקולד,גרמים,400.00,100 גרם,false,0,10.90,2.73,true,1,
7290000435251,false,עדשים 500 גרם,הנמל,IL,מיני משמחים,גרמים,500.00,100 גרם,false,0,16.90,3.38,true,1,
7290000446127,false,פריכיות אורז,,IL,פריכיות אורז,גרמים,100.00,100 גרם,false,0,3.90,3.90,true,1,
7290000446806,false,דייסת דגנים מעורבים 200ג,השדה מוצרים אורגניים,IL,דייסת דגנים,גרמים,200.00,100 גרם,false,0,8.90,4.45,true,1,
7290000446943,false,פריכיות כוסמת,,IL,פריכיות כוסמת,גרמים,100.00,100 גרם,false,0,3.90,3.90,true,1,
7290000449128,false,פנטסטיק רגיל 4 ליטר,יוניליוור ישראל טיפוח אי,IL,פנטסטיק לניקוי,ליטרים,4.00,ליטר,false,0,19.90,4.98,true,1,
7290000453019,false,שמרית-שמרים לחים 50 גרם,"פאקא תעשיות בע""\מ",IL,שמרית-שמרים טרי,גרמים,50.00,100 גרם,false,0,4.20,8.40,true,1,
7290000453385,false,שמרים יבשים פאקא,,GB,שמרים יבשים פאקא,גרמים,500.00,100 גרם,false,0,11.90,2.38,true,1,
7290000461625,false,בייגלה שמיניות עם מלח400,בייגל את בייגל מזון 198),IL,בייגלה שמיניות,גרמים,400.00,100 גרם,false,0,7.90,1.98,true,1,
7290000469638,false,"מריטו ענק 500 מ""ל",בולטון,IT,מריטו לגיהוץ קל,מיליליטרים,500.00,"100 מ""ל",false,0,19.90,3.98,true,1,
7290000474090,false,חלב הומוגני 1% קרטון 1 ל,מילקו תעשיות בעמ,IL,חלב טרי טרה 1%,ליטרים,1.00,ליטר,false,0,5.80,5.80,true,1,
7290000474373,false,"שמנת חמוצה15% 200 מ""ל",טרה,IL,שמנת חמוצה15%,מיליליטרים,200.00,"100 מ""ל",false,0,2.40,1.20,true,1,
7290000474502,false,גבינה לבנה 5% טרה 250 גר,טרה,IL,גבינה לבנה 5%,גרמים,250.00,100 גרם,false,0,4.90,1.96,true,1,
7290000480442,false,קוואקר באריזת אלומינ500ג,עלית,IL,קוואקר,גרמים,500.00,100 גרם,false,0,11.90,2.38,true,1,
7290000481043,false,פיתות כוסמין 10 * 70 גרם,דגנית עין בר תעשיות מזון,IL,פיתות כוסמין10יח,גרמים,700.00,100 גרם,false,1,13.90,1.99,true,1,
7290000481531,false,לחמניות חיטה מלאה75*10גר,דגנית עין בר תעשיות מזון,IL,10לחמניות ח.מלאה,גרמים,750.00,100 גרם,false,0,11.90,1.59,true,1,
7290000481883,false,לחמניות אצבע 75*10 גרם,דגנית עין בר תעשיות מזון,IL,לחמניות אצבע10יח,גרמים,750.00,100 גרם,false,0,11.90,1.59,true,1,
7290000497044,false,לחם ברמן אקטיב 750 גרם,"י.את.א.ברמן בע""\מ",IL,לחם ברמן אקטיב,גרמים,750.00,100 גרם,false,0,15.90,2.12,true,1,
7290000497112,false,לחם פרוס אחיד 750גר 207,"י.את.א.ברמן בע""\מ",IL,לחם פרוס אחיד,גרמים,750.00,100 גרם,false,0,6.90,0.92,true,1,
7290000497204,false,פיתות בשקית 100*5 גרם,"י.את.א.ברמן בע""\מ",IL,פיתות ברמן 5 יח,גרמים,500.00,100 גרם,false,0,6.90,1.38,true,1,
7290000497228,false,לחמניות רגילות 75*6 גרם,"י.את.א.ברמן בע""\מ",IL,6 לחמניות בשקית,גרמים,450.00,100 גרם,false,0,9.90,2.20,true,1,
7290000497303,false,לחמניות מקמח מלא 75*6 גר,"י.את.א.ברמן בע""\מ",IL,6לחמניות קמח מלא,גרמים,450.00,100 גרם,false,0,12.90,2.87,true,1,
7290000504025,false,סוכרזית 300 טבליות פטריה,ביסקול בע''מ,IL,סוכרזית פטריה,גרמים,24.00,100 גרם,false,0,8.90,37.08,true,1,
7290000504049,false,סוכרזית 1200 טבליות,ביסקול בע''מ,IL,סוכרזית טבליות,גרמים,98.00,100 גרם,false,0,19.90,20.31,true,1,
7290000504278,false,סוכרזית פטנט 700 טבליות,ביסקול בע''מ,IL,סוכרזית טבליות,גרמים,57.00,100 גרם,false,0,15.90,27.89,true,1,
7290000521008,false,יין אדום יבש של סגל750מל,"כרמי צבי - אחים סגל בע""\",IL,יין סגל אדום,מיליליטרים,750.00,"100 מ""ל",false,0,17.90,2.39,true,1,
7290000521015,false,"יין לבן יבש של סגל750מ""ל",יינות סגל,IL,יין לבן של סגל,מיליליטרים,750.00,"100 מ""ל",false,0,17.90,2.39,true,1,
7290000523125,false,מלח ים יבש 250 גרם,"חברת מלח הארץ אילת בע""\מ",IL,מלח ים יבש,גרמים,250.00,100 גרם,false,0,5.90,2.36,true,1,
7290000523224,false,מלח ים דק 500 גרם,"חברת מלח הארץ אילת בע""\מ",IL,מלח ים דק,גרמים,500.00,100 גרם,false,0,6.90,1.38,true,1,
7290000523514,false,מלח יבש דל נתרן 250 גרם,"חברת מלח הארץ אילת בע""\מ",IL,מלח דל נתרן,גרמים,250.00,100 גרם,false,0,9.90,3.96,true,1,
7290000523804,false,"מלח הארץ עדין צנצנת 1ק""ג","חברת מלח הארץ אילת בע""\מ",IL,מלח הארץ עדין,קילוגרמים,1.00,"ק""ג",false,0,6.90,6.90,true,1,
7290000523811,false,"מלח הארץ גס צנצנת 1 ק""ג","חברת מלח הארץ אילת בע""\מ",IL,מלח הארץ גס,קילוגרמים,1.00,"ק""ג",false,0,6.90,6.90,true,1,
7290000525969,false,מיץ תפוזים סחוט 1 ליטר,גניר,IL,מיץ תפוזים סחוט,ליטרים,1.00,ליטר,false,0,15.50,15.50,true,1,
7290000531977,false,בורקס גבינה 800 גרם,זוגלובק,IL,בורקס גבינה,גרמים,800.00,100 גרם,false,0,15.90,1.99,true,1,
7290000533353,false,"בצק עלים 1 ק""ג",זוגלובק,IL,בצק עלים,גרמים,1000.00,100 גרם,false,0,14.90,1.49,true,1,
7290000536316,false,שניצל מן הצומח 1 קג,זוגלובק,IL,שניצל מן הצומח,גרמים,1000.00,100 גרם,false,0,29.90,2.99,true,1,
7290000536743,false,קריספי סטיקס תירס 500גרם,זוגלובק,IL,קריספי סטיקסתירס,גרמים,500.00,100 גרם,false,0,19.90,3.98,true,1,
7290000536774,false,"נקניקיה מןהצומח בד""צ 1 ק",זוגלובק,IL,נקניקיה מן הצומח,גרמים,1000.00,100 גרם,false,0,34.90,3.49,true,1,
7290000536781,false,"קבב מן הצומח בד""צ 1 קג",זוגלובק,IL,קבב מן הצומח,גרמים,1000.00,100 גרם,false,0,34.90,3.49,true,1,
7290000554471,false,גבינת מוצרלה 22% 180 גרם,"מחלבות גד בע""\מ",IL,גבינת מוצרלה 22%,גרמים,180.00,100 גרם,false,0,15.90,8.83,true,1,
7290000554624,false,ירח מתוק מעד.חלב+אורז150,"מיוצר ע""\י קוד יצרן EDNK",IL,מעדן חלב ואורז,גרמים,150.00,100 גרם,false,0,5.90,3.93,true,1,
7290000554822,false,ריקוטה גד 5% שומן 250 גר,מחלבות גד,IL,גבינת ריקוטה 5%,גרמים,250.00,100 גרם,false,0,14.90,5.96,true,1,
7290000554839,false,גבינה מסקרפונה 40% 250 ג,מחלבות גד,IL,גבינה מסקרפונה,גרמים,250.00,100 גרם,false,0,19.90,7.96,true,1,
7290000571393,false,יוגורמה,,IL,יוגורמה,גרמים,140.00,100 גרם,false,0,6.50,4.64,true,1,
7290000572055,false,"חלווה ללת""ס+אגוז400גר","אחדות בע""מ א.ת. ברקן",IL,"חלווה ללת""ס",גרמים,400.00,100 גרם,false,0,15.90,3.98,true,1,
7290000572086,false,טחינה אורגנית 500 גרם,"אחדות בע""מ א.ת. ברקן",IL,טחינה אורגנית,גרמים,500.00,100 גרם,false,0,12.90,2.58,true,1,
7290000572208,false,חלווה 100 גרם,"אחדות בע""מ א.ת. ברקן",IL,חלווה 100 גרם,גרמים,100.00,100 גרם,false,0,3.90,3.90,true,1,
7290000572222,false,חלווה בלוק שוקו וניל500ג,"אחדות ביח""ר לטחינה",IL,חלווה בלוק500 גר,גרמים,500.00,100 גרם,false,0,11.90,2.38,true,1,
7290000572529,false,חלווה אחוה פיסטוק 400 גר,"אחדות בע""מ א.ת. ברקן",IL,חלווה פיסטוק,גרמים,400.00,100 גרם,false,0,14.90,3.73,true,1,
7290000574141,false,לחם חיטה מלא 750 גרם,דגנית עין בר תעשיות מזון,IL,לחם חיטה מלא,גרמים,750.00,100 גרם,false,0,10.90,1.45,true,1,
7290000574172,false,לחם קל מחיטה מלאה 750גרם,דגנית עין בר תעשיות מזון,IL,לחם קל חיטה מלאה,גרמים,750.00,100 גרם,false,0,10.90,1.45,true,1,
7290000631226,false,כבד עוף טרי עטרה מחיר לפ,שונות,IL,כבד עוף טרי עטרה,קילוגרמים,0.00,"ק""ג",true,0,34.90,34.90,true,1,
7290000652177,false,נתחי נסיכת הנילוס קפוא ק,MORE,IL,נתחי נסיכת הנילו,קילוגרמים,0.00,"ק""ג",true,1,69.90,69.90,true,1,
7290000688466,false,"מי עדן ספורט 750 מ""ל",מי עדן,IL,מי עדן ספורט,מיליליטרים,750.00,"100 מ""ל",false,0,4.10,0.55,true,1,
7290000692210,false,אג'קס נוזל כללי לבנדר 2ל,קולגייט פלמוליב,GR,אג'קס ניקוי כללי,ליטרים,2.00,ליטר,false,0,21.90,10.95,true,1,
7290000692227,false,פלמוליב לשטיפת כלים 1 ל',קולגייט פלמוליב,GR,פלמוליב לכלים,ליטרים,1.00,ליטר,false,0,12.90,12.90,true,1,
7290000803180,false,שטיפה דנטלית מרידול 400מ,קולגייט פלמוליב,CH,שטיפה מרידול,מיליליטרים,400.00,"100 מ""ל",false,0,22.90,5.73,true,1,
7290000841557,false,סטרילי נוזל לח,,IL,סטרילי נוזל לח,מיליליטרים,500.00,"100 מ""ל",false,0,11.90,2.38,true,1,
7290000961552,true,פלפל כתום,קטיף.,IL,פלפל כתום,קילוגרמים,0.00,"ק""ג",true,0,8.90,8.90,true,1,
7290000963419,true,תפוח עץ גאלה 65,קטיף.,XX,תפוח עץ גאלה,קילוגרמים,0.00,"ק""ג",true,0,9.90,9.90,true,1,
7290000965833,true,אננס ראש תפזורת,,IL,אננס ראש,יחידה,1.00,יחידה,false,1,25.90,25.90,true,1,
7290000966564,true,רימון,קטיף.,IL,רימון,קילוגרמים,0.00,"ק""ג",true,0,11.90,11.90,true,1,
7290000974842,true,כבד עוף טרי שקיל,,IL,כבד עוף טרי,קילוגרמים,0.00,"ק""ג",true,1,29.90,29.90,true,1,
7290000992822,true,שריר אשפר שקיל,,IL,שריר אשפר שקיל,קילוגרמים,0.00,"ק""ג",true,1,39.90,39.90,true,1,
7290000995410,true,נבטים בחבילה,נבטי העמק,IL,נבטים בחבילה-יח',יחידה,1.00,יחידה,false,0,5.90,5.90,true,1,
7290000996486,true,לשון אשפר שקיל,,IL,לשון אשפר,קילוגרמים,0.00,"ק""ג",true,1,39.90,39.90,true,1,
7290000996783,true,"פילה אמנון ""יש"" 5-7 קפוא",,CN,"פילה אמנון ""יש""",קילוגרמים,0.00,"ק""ג",true,1,29.90,29.90,true,1,
7290000998107,true,"תפו""ע מוזהב ברשת",,IL,"תפו""ע מוזהב ברשת",קילוגרמים,0.00,"ק""ג",true,1,5.90,5.90,true,1,
7290000998367,true,קיווי,קטיף,IL,קיווי במשקל,קילוגרמים,0.00,"ק""ג",true,1,11.90,11.90,true,1,
7290000999159,true,אבוקדו אוצר בית דין,קטיף,IL,אבוקדו,קילוגרמים,0.00,"ק""ג",true,1,15.90,15.90,true,1,
7290000999180,true,קלמנטינה,,IL,קלמנטינה,קילוגרמים,0.00,"ק""ג",true,1,5.90,5.90,true,1,
7290000999197,true,תפוז,,IL,תפוז,קילוגרמים,0.00,"ק""ג",true,1,5.90,5.90,true,1,
7290000999388,true,ענבים בהירים,קטיף,XX,ענבים בהירים,קילוגרמים,0.00,"ק""ג",true,1,11.90,11.90,true,1,
7290000999432,true,ענבים שחורים,,XX,ענבים שחורים,קילוגרמים,0.00,"ק""ג",true,1,14.90,14.90,true,1,
7290000999456,true,שום במארז,קטיף,IL,שום במארז,יחידה,1.00,יחידה,false,1,7.90,7.90,true,1,
7290000999548,true,דלעת ארוזה במשקל,קטיף,IL,דלעת ארוזה,קילוגרמים,0.00,"ק""ג",true,1,11.90,11.90,true,1,
7290000999562,true,גזר ארוז במשקל,קטיף,IL,גזר ארוז,קילוגרמים,0.00,"ק""ג",true,1,3.90,3.90,true,1,
7290000999579,true,"תפו""א לבן ארוז במשקל",קטיף,IL,"תפו""א לבן ארוז",קילוגרמים,0.00,"ק""ג",true,1,4.40,4.40,true,1,
7290000999586,true,"תפו""א אדום ארוז במשקל",קטיף,IL,"תפו""א אדום ארוז",קילוגרמים,0.00,"ק""ג",true,1,5.20,5.20,true,1,
7290000999593,true,תפוח אדמה קטן ארוז ברשת,קטיף.,IL,תפוח אדמה קטן אר,קילוגרמים,0.00,"ק""ג",true,1,4.90,4.90,true,1,
7290000999692,true,צנון,,IL,צנון,קילוגרמים,0.00,"ק""ג",true,1,4.90,4.90,true,1,
7290000999708,true,אשכולית לבנה,,IL,אשכולית לבנה,קילוגרמים,0.00,"ק""ג",true,1,6.90,6.90,true,1,
7290000999715,true,אשכולית אדומה,,IL,אשכולית אדומה,קילוגרמים,0.00,"ק""ג",true,1,6.90,6.90,true,1,
7290000999722,true,פומלה לבנה,,IL,פומלה לבנה,קילוגרמים,0.00,"ק""ג",true,1,6.90,6.90,true,1,
7290000999739,true,פומלית,,IL,פומלית,קילוגרמים,0.00,"ק""ג",true,1,6.90,6.90,true,1,
7290000999746,true,עגבניות שרי במשקל,קטיף,IL,עגבניות שרי,קילוגרמים,0.00,"ק""ג",true,1,14.90,14.90,true,1,
7290000999814,true,"תפו""ע סטרקינג",קטיף,IL,תפוח עץ סטרקינג,קילוגרמים,0.00,"ק""ג",true,1,9.90,9.90,true,1,
7290000999821,true,"תפו""ע סמיט",קטיף,IL,תפוח עץ סמיט,קילוגרמים,0.00,"ק""ג",true,1,9.90,9.90,true,1,
7290000999838,true,"תפו""ע מוזהב",קטיף,IL,תפוח עץ מוזהב,קילוגרמים,0.00,"ק""ג",true,1,9.90,9.90,true,1,
7290000999852,true,"תפו""ע פינקריספי",קטיף,IL,תפוח עץ פינקריספ,קילוגרמים,0.00,"ק""ג",true,1,14.90,14.90,true,1,
7290000999937,true,בננה אוצר בית דין,קטיף,IL,בננה,קילוגרמים,0.00,"ק""ג",true,1,7.90,7.90,true,1,
7290000999951,true,לימון אוצר בית דין,קטיף,IL,לימון,קילוגרמים,0.00,"ק""ג",true,1,9.90,9.90,true,1,
7290000999999,true,אגס אוצר בית דין,קטיף,IL,אגס,קילוגרמים,0.00,"ק""ג",true,1,9.90,9.90,true,1,
7290001041048,false,תבלין על האש 50 גרם,מיה תעשיות מזון מ.ת.מ. ב,IL,תבלין על האש50גר,גרמים,50.00,100 גרם,false,0,6.90,13.80,true,1,
7290001041178,false,"אפונה יבשה 1 ק""ג",מיה תעשיות מזון מ.ת.מ. ב,IL,אפונה יבשה,קילוגרמים,1.00,"ק""ג",false,0,7.90,7.90,true,1,
7290001041260,false,שומשום 400 גרם,מיה תעשיות מזון מ.ת.מ. ב,IL,שומשום,גרמים,400.00,100 גרם,false,0,9.90,2.48,true,1,
7290001041277,false,פרורי לחם 400 גרם,מיה תעשיות מזון מ.ת.מ. ב,IL,פרורי לחם,גרמים,400.00,100 גרם,false,0,5.90,1.48,true,1,
7290001041291,false,לקקנים 600 גרם,מיה תעשיות מזון מ.ת.מ. ב,IL,לקקנים,גרמים,900.00,100 גרם,false,0,19.80,2.20,true,1,
7290001041895,false,פלפל שחור צנצנת 300 גרם,מיה תעשיות מזון מ.ת.מ. ב,IL,פלפל שחור,גרמים,300.00,100 גרם,false,0,29.90,9.97,true,1,
7290001041994,false,"סוכר זהב 1ק""ג",מיה תעשיות מזון מ.ת.מ. ב,IL,"סוכר זהב 1 ק""ג",קילוגרמים,1.00,"ק""ג",false,0,11.90,11.90,true,1,
7290001136287,false,"שמפו נקה 7 רגיל 750 מ""ל",אמיליה קוסמטיקס,IL,שמפו נקה 7,מיליליטרים,750.00,"100 מ""ל",false,0,10.90,1.45,true,1,
7290001136294,false,שמפו נקה 7 יבש/צבוע750מל,קוסמופארם,IL,שמפו נקה 7,מיליליטרים,750.00,"100 מ""ל",false,0,10.90,1.45,true,1,
7290001136683,false,"מרכך נקה 7 ס""ש 750 מ""ל",אמיליה קוסמטיקס בעמ,IL,קונדישינר נקה 7,מיליליטרים,750.00,"100 מ""ל",false,0,10.90,1.45,true,1,
7290001209271,false,חזה עוף טרי עטרה קג,נטו,IL,חזה עוף טרי עטרה,קילוגרמים,0.00,"ק""ג",true,0,34.90,34.90,true,1,
7290001209349,false,עוף טרי ארוז עטרה,שונות,IL,עוף טרי עטרה,קילוגרמים,0.00,"ק""ג",true,0,23.90,23.90,true,1,
7290001209356,false,כרעיים עוף טרי ארוז עטרה,שונות,IL,כרעיים ע.טרי עטר,קילוגרמים,0.00,"ק""ג",true,0,33.90,33.90,true,1,
7290001209363,false,שניצל עוף טרי ארוז עטרה,שונות,IL,שניצל ע.טרי עטרה,קילוגרמים,0.00,"ק""ג",true,0,35.90,35.90,true,1,
7290001209370,false,ירכיים עוף טרי ארוז עטרה,שונות,IL,ירכיים ע.טרי עטר,קילוגרמים,0.00,"ק""ג",true,0,33.90,33.90,true,1,
7290001209387,false,שוקיים עוף טרי ארוז עטרה,שונות,IL,שוקיים עוף טרי ע,קילוגרמים,0.00,"ק""ג",true,0,37.90,37.90,true,1,
7290001209394,false,כנפיים עוף טרי ארוז עטרה,שונות,IL,כנפיים ע.טרי עטר,קילוגרמים,0.00,"ק""ג",true,0,15.90,15.90,true,1,
7290001209509,false,סטייק עוף 800 גרם,טיבון ויל אחזקות בעמ,IL,סטייק עוף 800גרם,גרמים,800.00,100 גרם,false,0,24.90,3.11,true,1,
7290001209516,false,סטייק עין 800 גרם,טיבון ויל אחזקות בעמ,IL,סטייק עין,גרמים,800.00,100 גרם,false,0,59.90,7.49,true,1,
7290001216040,false,טחינה גולמית אל ארז 500ג,אגס ירוק מסחר ושירותים,IL,טחינה גולמית,גרמים,500.00,100 גרם,false,0,14.90,2.98,true,1,
7290001247068,false,נקטר ספרינג תות-בננה 1ל',"יפאורה תבורי בע""\מ",IL,נקטר תות בננה,ליטרים,1.00,ליטר,false,0,6.10,6.10,true,1,
7290001247082,false,נקטר עגבניות ספרינג 1 ל',"יפאורה תבורי בע""\מ",IL,נקטר עגבניות,ליטרים,1.00,ליטר,false,0,5.70,5.70,true,1,
7290001247099,false,נקטר ספרינג מנגו 1 ליטר,"יפאורה תבורי בע""\מ",IL,נקטר ספרינג מנגו,ליטרים,1.00,ליטר,false,0,6.10,6.10,true,1,
7290001247105,false,נקטר ספרינג אפרסק 1 ליטר,"יפאורה תבורי בע""\מ",IL,נקטר אפרסק,ליטרים,1.00,ליטר,false,0,6.10,6.10,true,1,
7290001247112,false,נקטר ספרינג לימונענע 1ל',"יפאורה תבורי בע""\מ",IL,משקה לימונענע,ליטרים,1.00,ליטר,false,0,6.10,6.10,true,1,
7290001327227,false,קרמיסימו ריבת חלב 1.33ל',"גלידת שטראוס בע""\מ",IL,גלידה קרמיסימו,ליטרים,1.33,ליטר,false,0,19.90,14.96,true,1,
7290001369715,false,צוואר בקר 10 אגודים .,,UY,צוואר בקר 10,קילוגרמים,0.00,"ק""ג",true,1,49.90,49.90,true,1,
7290001419618,false,וופל בלגי שוקולד,,IL,וופל בלגי שוקולד,גרמים,200.00,100 גרם,false,0,3.90,1.95,true,1,
7290001419779,false,ופלים ט.שוקולד,,IL,ופלים ט.שוקולד,גרמים,200.00,100 גרם,false,0,3.90,1.95,true,1,
7290001491096,false,תה ירוק לימונ+לואיזה50שק,ויסוצקי,IL,תה ירוק לימונית,גרמים,75.00,100 גרם,false,0,44.90,59.87,true,1,
7290001594858,false,בירה טובורג רד בק330*6מל,מבשלות בירה בינלאומיות ב,IL,טובורג רד 6 יח,ליטרים,1.98,ליטר,false,0,32.90,16.61,true,1,
7290001594865,false,"בירה קרלסברג בק330*6 מ""ל",מבשלות בירה בינלאומיות ב,IL,בירה קרלסברג 6יח,ליטרים,1.98,ליטר,false,0,32.90,16.61,true,1,
7290001598191,false,לחם קל מקמח שיפון מלא550,מאפיית יוסף ברון בעמ,IL,לחם קל שיפון מלא,גרמים,550.00,100 גרם,false,1,15.90,2.89,true,1,
7290001598269,false,לחם 7 דגנים קל 550 גרם,מאפית יוסף בראון,IL,לחם 7 דגנים,גרמים,550.00,100 גרם,false,1,15.90,2.89,true,1,
7290001714621,false,אסאדו טרי ארוז שקיל,,IL,אסאדו טרי ארוז,קילוגרמים,0.00,"ק""ג",true,1,64.90,64.90,true,1,
7290001714638,false,שריר טרי ארוז חלק שקיל,תנובה,IL,שריר טרי ארוז,קילוגרמים,0.00,"ק""ג",true,1,79.90,79.90,true,1,
7290001714652,false,צלי כתף טרי ארוז חלק שקי,תנובה,IL,צלי כתף ארוז,קילוגרמים,0.00,"ק""ג",true,1,89.90,89.90,true,1,
7290001714669,false,פילה מדומה טרי ארוז חלק,תנובה,IL,פילה מדומה טרי,קילוגרמים,0.00,"ק""ג",true,1,84.90,84.90,true,1,
7290001714676,false,קוביות גולש טרי ארוז חלק,תנובה,IL,קוביות גולש טרי,קילוגרמים,0.00,"ק""ג",true,1,69.90,69.90,true,1,
7290001714683,false,בשר עם עצם לחמין טרי שקי,תנובה,IL,בשר עם עצם,קילוגרמים,0.00,"ק""ג",true,1,49.90,49.90,true,1,
7290001714690,false,מארז כתף חלק שקיל,תנובה,IL,מארז כתף חלק,קילוגרמים,0.00,"ק""ג",true,1,79.90,79.90,true,1,
7290001791356,false,פרש אוטומטי בלו אייר250,סנו מפעלי ברונוס בעמ,IL,סנופרש אוטומטי,מיליליטרים,250.00,"100 מ""ל",false,0,14.90,5.96,true,1,
7290001791363,false,סנופרש אוטומטי וניל 250מ,סנו מפעלי ברונוס בעמ,IL,סנופרש אוטומטי,מיליליטרים,250.00,"100 מ""ל",false,0,14.90,5.96,true,1,
7290001813454,false,חיוכים סנדויץ שוקולד900ג,"אפיפית נצרת (1971) בע""\מ",IL,חיוכים שוקו,גרמים,900.00,100 גרם,false,0,21.90,2.43,true,1,
7290001813478,false,חיוכים סנדויץ וניל900ג,"אפיפית נצרת (1971) בע""\מ",IL,חיוכים בטעם וניל,גרמים,900.00,100 גרם,false,0,21.90,2.43,true,1,
7290001817728,false,צ'יטוס כאפה 55 גרם,"שטראוס פריטו ליי בע""\מ )",IL,צ'יטוס כפאה,גרמים,55.00,100 גרם,false,0,3.50,6.36,true,1,
7290001865439,false,סבון פמלי לבן +משאבה 1ל',אינטרקוסמא,IL,סבון נוזלי פמלי,ליטרים,1.00,ליטר,false,0,12.90,12.90,true,1,
7290001865453,false,סבון פמלי סגול+משאבה 1ל',אינטרקוסמא,TR,סבון נוזלי פמלי,ליטרים,1.00,ליטר,false,0,12.90,12.90,true,1,
7290001990148,false,"סוכר גולדן קלאסי 1 ק""ג","סוגת תעשיות בע""\מ",IL,סוכר גולדן,קילוגרמים,1.00,"ק""ג",false,0,10.90,10.90,true,1,
7290002015093,false,מלפפ.בחומץ 13-17 560 גרם,בני דרום,IL,מלפפונים בחומץ,גרמים,560.00,100 גרם,false,0,9.90,1.77,true,1,
7290002015154,false,מלפפ.במלח גדול 7-9 560גר,בני דרום,IL,מלפפונים במלח,גרמים,560.00,100 גרם,false,0,6.90,1.23,true,1,
7290002015192,false,מלפפ.במלח 18-25 560 גרם,בני דרום,IL,מלפפון במלח,גרמים,560.00,100 גרם,false,0,11.90,2.13,true,1,
7290002015208,false,מלפפון במלח 13-17 560גרם,בני דרום,IL,מלפפון במלח,גרמים,560.00,100 גרם,false,0,9.90,1.77,true,1,
7290002015666,false,פלפל חריף שיפקה 540 גרם,בני דרום,IL,פלפל חריף שיפקה,גרמים,540.00,100 גרם,false,0,6.90,1.28,true,1,
7290002019787,false,רוטב עגבניות מרוכז260גר,פרי ניר,IL,רוטב עגבניות,גרמים,260.00,100 גרם,false,0,3.90,1.50,true,1,
7290002019794,false,רסק עגבניות מרוכז100גר,פרי ניר,IL,רוטב עגבניות,גרמים,100.00,100 גרם,false,0,1.90,1.90,true,1,
7290002037309,false,לחמניות המבורגר 50*8 גרם,"י.את.א.ברמן בע""\מ",IL,8לחמניות המבורגר,גרמים,400.00,100 גרם,false,0,12.90,3.23,true,1,
7290002040019,false,קוסקוס רגיל 350 גרם,קוסקוס מזון,IL,קוסקוס רגיל,גרמים,350.00,100 גרם,false,0,4.90,1.40,true,1,
7290002040064,false,קוסקוס דק 350 גרם,קוסקוס מזון,IL,קוסקוס דק,גרמים,350.00,100 גרם,false,0,4.90,1.40,true,1,
7290002040071,false,קוסקוס עבה 350 גרם,קוסקוס מזון,IL,קוסקוס עבה,גרמים,350.00,100 גרם,false,0,4.90,1.40,true,1,
7290002040088,false,קוסקוס מלא 350 גרם,קוסקוס מזון,IL,קוסקוס מלא,גרמים,350.00,100 גרם,false,0,5.90,1.69,true,1,
7290002057260,false,זית מנזנילו גדול 540 גר,קבוצת יבנה,IL,זית מנזנילו גדול,גרמים,540.00,100 גרם,false,1,7.90,1.46,true,1,
7290002057291,false,פלפל חריף שיפקה 540 גרם,קבוצת יבנה,IL,פלפל חריף שיפקה,גרמים,540.00,100 גרם,false,1,4.90,0.91,true,1,
7290002079033,false,לחם דגנים לייט 500 גרם,מאפיית דוידוביץ ובניו בע,IL,לחם דגנים לייט,גרמים,500.00,100 גרם,false,0,9.90,1.98,true,1,
7290002079477,false,לחם אחיד פרוס 750 גרם,מאפיית דוידוביץ ובניו בע,IL,לחם אחיד פרוס,גרמים,750.00,100 גרם,false,0,5.90,0.79,true,1,
7290002079927,false,לחם דגנים מלא 750 גרם,מאפיית דוידוביץ,IL,לחם דגנים מלא,גרמים,750.00,100 גרם,false,0,9.90,1.32,true,1,
7290002079996,false,לחם אחיד פרוס קל 750 גרם,מאפיית דוידוביץ,IL,לחם אחיד פרוס קל,גרמים,750.00,100 גרם,false,0,9.90,1.32,true,1,
7290002107071,false,פטה עיזים 16% מעודנת200ג,משק צוריאל,IL,פטה עיזים מעודנת,גרמים,200.00,100 גרם,false,0,24.90,12.45,true,1,
7290002109402,false,גבינה מותכת 120ג,,IL,גבינה מותכת 120ג,גרמים,120.00,100 גרם,false,0,12.90,10.75,true,1,
7290002109419,false,גבינה מותכת 120ג,,IL,גבינה מותכת 120ג,גרמים,120.00,100 גרם,false,0,12.90,10.75,true,1,
7290002109433,false,גבינה מותכת 120ג,,IL,גבינה מותכת 120ג,גרמים,120.00,100 גרם,false,0,12.90,10.75,true,1,
7290002129431,false,שניצלוני דג מצופים 600 ג,דלידג בעמ,IL,שניצלוני דג,גרמים,600.00,100 גרם,false,1,22.90,3.82,true,1,
7290002130574,false,דבש מפרחי בר יד מרדכי500,מכוורת יד מרדכי שטראוס ב,IL,דבש מפרחי בר,גרמים,500.00,100 גרם,false,0,24.90,4.98,true,1,
7290002130581,false,דבש בצנצנת יד מרדכי 1ק,מכוורת יד מרדכי שטראוס ב,IL,דבש טהור,קילוגרמים,1.00,"ק""ג",false,0,44.90,44.90,true,1,
7290002132011,false,עוגיות מזרחיות שומשום400,מאפיית יוסף ושמחה עבאדי,IL,עוגיות מזרחיות,גרמים,400.00,100 גרם,false,0,16.90,4.23,true,1,
7290002139645,false,מארז שניצל עגל חלק א.אדו,תנובה,IL,מארז שניצל עגל א,קילוגרמים,0.00,"ק""ג",true,0,89.90,89.90,true,1,
7290002139904,false,סטייק עם עצם טרי ארוז שק,תנובה,IL,סטייק עם עצם,קילוגרמים,0.00,"ק""ג",true,1,119.90,119.90,true,1,
7290002210009,false,חלבה וניל בלוק 500 גרם,עדן,IL,חלבה וניל בלוק,גרמים,500.00,100 גרם,false,1,9.90,1.98,true,1,
7290002210115,false,חלבה עם שקד ואגוז 500 גר,עדן,IL,חלבה שקד ואגוז,גרמים,500.00,100 גרם,false,1,11.90,2.38,true,1,
7290002210429,false,חלבה מצופה 80 גרם,עדן,IL,חלבה מצופה,גרמים,80.00,100 גרם,false,1,2.90,3.63,true,1,
7290002253105,false,דורות שום במגשית 80 גרם,דורות,IL,שום כתוש קפוא,גרמים,80.00,100 גרם,false,0,10.90,13.63,true,1,
7290002253150,false,דורותבזיליקום קצוץ מגשית,דורות,IL,דורות בזיליקום,גרמים,70.00,100 גרם,false,0,10.90,15.57,true,1,
7290002253174,false,דורות שמיר קצוץ מגשית 70,דורות,IL,דורות שמיר מגשית,גרמים,70.00,100 גרם,false,0,10.90,15.57,true,1,
7290002253198,false,גינג'ר כתוש קפוא מגשית70,דורות,IL,גינג'ר כתוש קפוא,גרמים,70.00,100 גרם,false,0,10.90,15.57,true,1,
7290002279211,false,חלה מתוקה 500,,IL,חלה מתוקה 500,גרמים,500.00,100 גרם,false,0,6.90,1.38,true,1,
7290002285816,false,שניצל פרימ' טרי אר' עטרה,נטו,IL,שניצל פרימיום טר,קילוגרמים,0.00,"ק""ג",true,1,42.90,42.90,true,1,
7290002317135,false,מלפפונים במלח 13-17 560,שימורי מוטולה בעמ,IL,מלפפונים במלח,גרמים,560.00,100 גרם,false,1,9.90,1.77,true,1,
7290002317661,false,זיתים ירוק מנזנילו 560ג,שימורי מוטולה בעמ,IL,זיתים ירוקים,גרמים,560.00,100 גרם,false,1,9.90,1.77,true,1,
7290002317678,false,זיתים ירוק נטול גלעין560,שימורי מוטולה בעמ,IL,זיתים נטול גלעין,גרמים,560.00,100 גרם,false,1,9.90,1.77,true,1,
7290002317746,false,זיתים שחורים גדול גרם560,שימורי מוטולה בעמ,IL,זיתים שחורים,גרמים,560.00,100 גרם,false,1,9.90,1.77,true,1,
7290002317814,false,חצילים מוחמצים צנצנת700ג,שימורי מוטולה בעמ,IL,חצילים מוחמצים,גרמים,700.00,100 גרם,false,1,9.90,1.41,true,1,
7290002319054,false,פרג טחון 100 גרם,מיה תעשיות מזון מ.ת.מ. ב,IL,פרג טחון,גרמים,100.00,100 גרם,false,0,5.80,5.80,true,1,
7290002319115,false,חומוס גדול 500 גר,מיה תעשיות מזון מ.ת.מ. ב,IL,גרעיני חומוס,גרמים,500.00,100 גרם,false,0,7.90,1.58,true,1,
7290002319122,false,גריסים 500 גרם,מיה תעשיות מזון מ.ת.מ. ב,IL,גריסים,גרמים,500.00,100 גרם,false,0,4.90,0.98,true,1,
7290002319139,false,שעועית לבנה 500גר,מיה תעשיות מזון מ.ת.מ. ב,IL,שעועית לבנה,גרמים,500.00,100 גרם,false,0,7.90,1.58,true,1,
7290002319146,false,שעועית אדומה 500 גרם,מיה תעשיות מזון מ.ת.מ. ב,IL,שעועית אדומה,גרמים,500.00,100 גרם,false,0,8.90,1.78,true,1,
7290002319160,false,אפונה ירוקה 500 גרם,מיה תעשיות מזון מ.ת.מ. ב,IL,אפונה ירוקה,גרמים,500.00,100 גרם,false,0,4.90,0.98,true,1,
7290002319177,false,פופקורן 500 גרם,מיה תעשיות מזון מ.ת.מ. ב,IL,גרעיני פופקורן,גרמים,500.00,100 גרם,false,0,4.90,0.98,true,1,
7290002319184,false,עדשים אדומים 500 גרם,מיה תעשיות מזון מ.ת.מ. ב,IL,עדשים אדומים,גרמים,500.00,100 גרם,false,0,6.90,1.38,true,1,
7290002319191,false,עדשים ירוקים 500ג,מיה תעשיות מזון מ.ת.מ. ב,IL,עדשים ירוקים,גרמים,500.00,100 גרם,false,0,6.90,1.38,true,1,
7290002319214,false,קווקר 200 גרם,מיה תעשיות מזון מ.ת.מ. ב,IL,קווקר,גרמים,200.00,100 גרם,false,0,2.80,1.40,true,1,
7290002319221,false,חיטה 500 גרם,מיה תעשיות מזון מ.ת.מ. ב,IL,חיטה,גרמים,500.00,100 גרם,false,0,4.90,0.98,true,1,
7290002319405,false,קינמון 80 גרם,מיה תעשיות מזון מ.ת.מ. ב,IL,קינמון,גרמים,80.00,100 גרם,false,0,6.90,8.63,true,1,
7290002319412,false,פפריקה חריפה 80 גרם,מיה תעשיות מזון מ.ת.מ. ב,IL,פפריקה חריפה,גרמים,80.00,100 גרם,false,0,6.90,8.63,true,1,
7290002319429,false,פפריקה מתוקה 80 גרם,מיה תעשיות מזון מ.ת.מ. ב,IL,פפריקה מתוקה,גרמים,80.00,100 גרם,false,0,6.90,8.63,true,1,
7290002319436,false,פלפל שחור טחון 70 גרם,מיה תעשיות מזון מ.ת.מ. ב,IL,פלפל שחור,גרמים,70.00,100 גרם,false,0,9.90,14.14,true,1,
7290002319603,false,בוטנים טחונים100,,IL,בוטנים טחונים100,גרמים,100.00,100 גרם,false,0,4.90,4.90,true,1,
7290002319610,false,שקדים טחונים 100גרם מיה,מיה תעשיות מזון מ.ת.מ. ב,IL,שקדים טחונים,גרמים,100.00,100 גרם,false,0,12.90,12.90,true,1,
7290002319740,false,אגוז מלך טחון 100גרם מיה,מיה תעשיות מזון מ.ת.מ. ב,IL,אגוז מלך טחון,גרמים,100.00,100 גרם,false,0,10.90,10.90,true,1,
7290002331360,false,נביעות פקק טו גו 500*6מל,נביעות טבע,IL,נביעות ספורט 6יח,ליטרים,3.00,ליטר,false,0,16.90,5.63,true,1,
7290002374640,false,שמן קנולה פלוס אומגה3 1ל,סקנולה,EE,שמן קנולה פלוס,ליטרים,1.00,ליטר,false,0,16.90,16.90,true,1,
7290002381808,false,נר נשמה שלהבת,,IL,נר נשמה שלהבת,יחידה,1.00,יחידה,false,1,1.90,1.90,true,1,
7290002404583,false,"יין קברנה בראשית 750 מ""ל",יקבי ארזה,IL,יין קברנה בראשית,מיליליטרים,750.00,"100 מ""ל",false,1,32.90,4.39,true,1,
7290002404590,false,"יין מרלו בראשית 750 מ""ל",יקבי ארזה,IL,יין מרלו בראשית,מיליליטרים,750.00,"100 מ""ל",false,1,32.90,4.39,true,1,
7290002404606,false,"שיראז בראשית 750 מ""ל",יקבי ארזה,IL,שיראז בראשית 750,מיליליטרים,750.00,"100 מ""ל",false,1,32.90,4.39,true,1,
7290002404613,false,"קברנה וירטאוזו 750 מ""ל",יקבי ארזה,IL,קברנה וירטאוזו,מיליליטרים,750.00,"100 מ""ל",false,1,42.90,5.72,true,1,
7290002404620,false,"מרלו וירטאוזו 750מ""ל",יקבי ארזה,IL,מרלו וירטאוזו750,מיליליטרים,750.00,"100 מ""ל",false,1,42.90,5.72,true,1,
7290002404958,false,יין גינוסר,,IL,יין גינוסר,ליטרים,1.00,ליטר,false,0,14.90,14.90,true,1,
7290002505013,false,כרעיים עוף קהילות מחיר ל,שונות,IL,כרעיים עוף,קילוגרמים,0.00,"ק""ג",true,0,36.90,36.90,true,1,
7290002505020,false,שוקיים עוף קהילות מחיר ל,שונות,IL,שוקיים עוף,קילוגרמים,0.00,"ק""ג",true,0,39.90,39.90,true,1,
7290002505051,false,כנפיים עוף קהילות קפוא מ,שונות,IL,כנפיים עוף,קילוגרמים,0.00,"ק""ג",true,0,16.90,16.90,true,1,
7290002505198,false,פרגיות עוף קהילות קפוא מ,הוד חפר,IL,פרגיות עוף,קילוגרמים,0.00,"ק""ג",true,0,70.90,70.90,true,1,
7290002505921,false,שווארמה ה.טרי קהילות ארו,שונות,IL,שווארמה הודו,קילוגרמים,0.00,"ק""ג",true,0,69.90,69.90,true,1,
7290002507451,false,קציצות דג סלמון לבשול 75,דלידג בעמ,IL,קציצות דג סלמון,גרמים,750.00,100 גרם,false,1,29.90,3.99,true,1,
7290002538110,false,קרמבו-ימבו 32 יח,גלידות קולרדו,IL,קרמבו-ימבו 32 יח,גרמים,800.00,100 גרם,false,1,29.90,3.74,true,1,
7290002538899,false,קרמבו קרמבולי 12 יחידות,גלידות קולרדו,IL,קרמבולי 12 יח,גרמים,300.00,100 גרם,false,0,8.90,2.97,true,1,
7290002543237,false,קלוג'ס קורנפלקס 750 גרם,קלוגס קומפני אוף גרייט ב,GB,קורנפלקס קלוגס,גרמים,750.00,100 גרם,false,0,15.90,2.12,true,1,
7290002581352,false,דגן קרקר עם חיטה מלא250ג,הדר,IL,קרקר דגן הדר,גרמים,250.00,100 גרם,false,0,7.90,3.16,true,1,
7290002651116,false,ג'חנון חמסי 5יח 1קג,מאפיית אריאל,IL,ג'חנון חמסי,גרמים,1000.00,100 גרם,false,0,15.90,1.59,true,1,
7290002651123,false,מלווח חמסי 5יח 1קג,מאפיית אריאל,IL,מלווח חמסי,גרמים,1000.00,100 גרם,false,0,15.90,1.59,true,1,
7290002651253,false,גחנון אפוי חמסי 600 גרם,חמסי,IL,גחנון אפוי חמסי,גרמים,600.00,100 גרם,false,1,15.90,2.65,true,1,
7290002661115,false,"לחם הולנדי 1 ק""ג",מאפית ודש,IL,לחם הולנדי,קילוגרמים,1.00,"ק""ג",false,0,15.90,15.90,true,1,
7290002661153,false,"לחם דני קל 1 ק""ג","י.את.א.ברמן בע""\מ",IL,לחם דני קל,גרמים,1000.00,100 גרם,false,0,15.90,1.59,true,1,
7290002674238,false,"מ.אקווה פרש מנטול125מ""ל",MICLEN DE,SK,משחת אקווה פרש,מיליליטרים,125.00,"100 מ""ל",false,0,8.90,7.12,true,1,
7290002692393,false,שמן קנולה מועשר 1 ליטר,סקנולה,EE,שמן קנולה מועשר,ליטרים,1.00,ליטר,false,0,12.90,12.90,true,1,
7290002692478,false,שמ.זית כתית מעול.מעוד750,שמן תעשיות בעמ,IT,שמן זית,מיליליטרים,750.00,"100 מ""ל",false,0,34.90,4.65,true,1,
7290002715504,false,מג'יק נודלס,,SG,מג'יק נודלס,גרמים,70.00,100 גרם,false,0,4.40,6.29,true,1,
7290002715580,false,מג'יק נודלס,,SG,מג'יק נודלס,גרמים,70.00,100 גרם,false,0,4.40,6.29,true,1,
7290002716082,false,קוקוס דרומה,,IL,קוקוס דרומה,גרמים,100.00,100 גרם,false,0,2.90,2.90,true,1,
7290002716273,false,סוכר וניל,,IL,סוכר וניל,גרמים,100.00,100 גרם,false,0,2.40,2.40,true,1,
7290002716426,false,קוקוס,,IL,קוקוס,גרמים,400.00,100 גרם,false,0,9.90,2.48,true,1,
7290002716464,false,אב' סוכר לפסח,,IL,אב' סוכר לפסח,גרמים,100.00,100 גרם,false,0,2.80,2.80,true,1,
7290002716600,false,דבש דבורים טהור,,IL,דבש דבורים טהור,גרמים,500.00,100 גרם,false,0,21.90,4.38,true,1,
7290002716853,false,קורנפלור,,IL,קורנפלור,גרמים,500.00,100 גרם,false,0,3.90,0.78,true,1,
7290002730811,false,משחה קולגייט ג'ל 100 גרם,קולגייט פלמוליב,PL,משחת קולגייט ג'ל,מיליליטרים,100.00,"100 מ""ל",false,0,13.90,13.90,true,1,
7290002730958,false,סב.פלמוליב ירוק 90*4 גרם,קולגייט פלמוליב,TR,סבון פלמוליב 4יח,גרמים,360.00,100 גרם,false,0,16.90,4.69,true,1,
7290002739685,false,נקניקיות מרגז 400 גרם,טיבון ויל אחזקות בעמ,IL,נקניקיות מרגז,גרמים,400.00,100 גרם,false,1,19.90,4.98,true,1,
7290002752332,false,סוכ.מנטוס טעם פירות37.5ג,מנטוס,NL,סוכריות מנטוס,גרמים,37.00,100 גרם,false,0,2.90,7.84,true,1,
7290002768074,false,דרמפון סבון ללא סבון 1 ל,קוסמופארם בע'\'\מ,IL,דרמפון אל סבון,ליטרים,1.00,ליטר,false,0,16.90,16.90,true,1,
7290002771104,false,קפה אל נח'לה עם הל 500גר,קפה אל נח'לה,IL,קפה עם הל,גרמים,500.00,100 גרם,false,0,29.90,5.98,true,1,
7290002771111,false,קפה אל נח'לה עם הל250גרם,קפה אל נח'לה,IL,קפה עם הל,גרמים,250.00,100 גרם,false,0,14.90,5.96,true,1,
7290002771128,false,קפה אל נח'לה בלי הל 250ג,קפה אל נח'לה,IL,קפה בלי הל,גרמים,250.00,100 גרם,false,0,15.90,6.36,true,1,
7290002814078,false,אנטרטיק לניקוי אמבטיה1ל,קומפלקס כימיקלים,IL,אנטרטיק לאמבט,ליטרים,1.00,ליטר,false,0,8.90,8.90,true,1,
7290002814160,false,מסיר שומנים סנט מוריץ 1ל,קומפלקס כימיקלים בעמ,IL,מסיר שומנים,ליטרים,1.00,ליטר,false,1,18.90,18.90,true,1,
7290002814290,false,קצף אקונומיקה בלאנקו 1 ל,קומפלקס כימיקלים בעמ,IL,קצף אקונומיקה,ליטרים,1.00,ליטר,false,1,11.90,11.90,true,1,
7290002814528,false,נוזל לאסלה מס' 1 1 ליטר,קומפלקס כימיקלים בעמ,IL,נוזל לאסלה מס' 1,ליטרים,1.00,ליטר,false,0,6.90,6.90,true,1,
7290002814610,false,מסיר שומנים לימון1ליטר,קומפלקס כימיקלים בעמ,IL,מסיר שומנים,ליטרים,1.00,ליטר,false,0,11.90,11.90,true,1,
7290002824183,false,גב.סקי משפחתי5%שומן500ג,"שטראוס בריאות בע""\מ",IL,גבינת סקי 5%,גרמים,500.00,100 גרם,false,0,8.90,1.78,true,1,
7290002824466,false,יוגורט ביו 0% דנונה 200ג,"שטראוס בריאות בע""\מ",IL,יוגורט ביו 0%,גרמים,200.00,100 גרם,false,0,3.50,1.75,true,1,
7290002824640,false,גב.סקי5%לבנה מעודנת250ג,"שטראוס בריאות בע""\מ",IL,גבינת סקי 5%,גרמים,250.00,100 גרם,false,0,4.50,1.80,true,1,
7290002825722,false,כרוב אדום אחלה 500 גרם,"שטראוס גרופ בע""\מ",IL,סלט כרוב אחלה,גרמים,500.00,100 גרם,false,0,13.90,2.78,true,1,
7290002842002,false,קוואקר אנגלי,,GB,קוואקר אנגלי,גרמים,500.00,100 גרם,false,0,11.90,2.38,true,1,
7290002862000,false,אריסה תוניסאית 250 גרם,הררית מזון בעמ,IL,אריסה תוניסאית,גרמים,250.00,100 גרם,false,0,12.90,5.16,true,1,
7290002862017,false,שום כתוש 250 גרם,הררית מזון בעמ,IL,שום כתוש,גרמים,250.00,100 גרם,false,0,12.90,5.16,true,1,
7290002862031,false,אריסה חריפה 250 גרם,הררית מזון בעמ,IL,אריסה חריפה,גרמים,250.00,100 גרם,false,0,12.90,5.16,true,1,
7290002862055,false,לימון כבוש,,IL,לימון כבוש,גרמים,250.00,100 גרם,false,0,12.90,5.16,true,1,
7290002862123,false,סחוג ירוק 150 גרם,הררית מזון בעמ,IL,סחוג ירוק,גרמים,150.00,100 גרם,false,0,9.90,6.60,true,1,
7290002862338,false,סחוג אדום 150 גרם,הררית מזון בעמ,IL,סחוג אדום,גרמים,150.00,100 גרם,false,0,9.90,6.60,true,1,
7290002862369,false,עמבה בצנצנת,,IL,עמבה בצנצנת,גרמים,250.00,100 גרם,false,0,12.90,5.16,true,1,
7290002862376,false,מעדן עגבניות מיובשות200ג,הררית מזון בעמ,IL,מעדן עגבנ.מיובש,גרמים,200.00,100 גרם,false,1,15.90,7.95,true,1,
7290002862406,false,סחוג תימני,,IL,סחוג תימני,גרמים,250.00,100 גרם,false,0,12.90,5.16,true,1,
7290002871248,false,"טובורג רד בק.חוזר 500מ""ל",מבשלות בירה בינלאומיות ב,IL,בירה טובורג רד,מיליליטרים,500.00,"100 מ""ל",false,0,7.90,1.58,true,1,
7290002922865,false,קבב מובחר טאק טורו 500 ג,טיבון ויל אחזקות בעמ,IL,קבב מובחר,גרמים,500.00,100 גרם,false,0,13.90,2.78,true,1,
7290002930945,false,גרון עוף טרי עטר,,,גרון עוף טרי עטר,קילוגרמים,0.00,"ק""ג",true,0,6.90,6.90,true,1,
7290002939108,false,חזה עוף טרי ארוז עטרה לק,שונות,IL,חזה עוף טרי עטרה,קילוגרמים,0.00,"ק""ג",true,0,34.90,34.90,true,1,
7290002939177,false,גרון הודו טרי ארוז עטרה,שונות,IL,גרון הודו טרי,קילוגרמים,0.00,"ק""ג",true,0,28.90,28.90,true,1,
7290002939498,false,בשר מס8' שריר עטרה קפוא,עטרה,IL,בשר מס8' שריר,קילוגרמים,0.00,"ק""ג",true,0,53.90,53.90,true,1,
7290002973669,false,"קמח לחם 1 ק""ג","שטיבל בע""\מ",IL,קמח לחם,קילוגרמים,1.00,"ק""ג",false,1,7.90,7.90,true,1,
7290002987963,false,"חומוס אחלה 1 ק""ג","שטראוס גרופ בע""\מ",IL,"חומוס אחלה 1 ק""ג",קילוגרמים,1.00,"ק""ג",false,0,13.90,13.90,true,1,
7290003013128,false,פתיל צף גדול מתו,,IL,פתיל צף גדול מתו,יחידה,1.00,יחידה,false,0,4.90,4.90,true,1,
7290003026036,false,אל סבון סנסיטיב קמיל 1 ל,פישר מעבדות פרמצבטיות בע,IL,אל סבון קמיל בלו,ליטרים,1.00,ליטר,false,0,24.90,24.90,true,1,
7290003029181,false,שוקו יטבתה בבקבוק 1 ליטר,מחלבת יטבתה,IL,שוקו יטבתה,ליטרים,1.00,ליטר,false,0,11.90,11.90,true,1,
7290003029372,false,משקה חלב בננה בקבוק 1 ל',מחלבת יטבתה,IL,משקה חלב בננה,ליטרים,1.00,ליטר,false,0,11.90,11.90,true,1,
7290003029389,false,משקה בננה יטבתה+פקק 250מ,מחלבת יטבתה,IL,משקה בננה,מיליליטרים,250.00,"100 מ""ל",false,0,5.30,2.12,true,1,
7290003029433,false,שוקו יטבתה+פקק נשלף 250מ,מחלבת יטבתה,IL,שוקו יטבתה,מיליליטרים,250.00,"100 מ""ל",false,0,5.30,2.12,true,1,
7290003029532,false,מוקה יטבתה בקבוק 2% 1ל,מחלבת יטבתה,IL,מוקה יטבתה בקבוק,ליטרים,1.00,ליטר,false,0,11.90,11.90,true,1,
7290003029792,false,שוקו יטבתה מארז 225*8 מל,מחלבת יטבתה,IL,שקיות שוקו 8 יח',ליטרים,1.80,ליטר,false,0,18.90,10.50,true,1,
7290003029815,false,חלב מועשר יטבתה 3%כד 2ל',מחלבת יטבתה,IL,חלב מועשר יטבתה,ליטרים,2.00,ליטר,false,0,14.90,7.45,true,1,
7290003029907,false,אייס קפה יטבתה 2% 1ל,מחלבת יטבתה,IL,אייס קפה יטבתה,ליטרים,1.00,ליטר,false,0,11.90,11.90,true,1,
7290003031702,false,"נקניקיות הודו חלק 1 ק""ג",טיב טירת צבי 2000,IL,נקניקיות הודו,קילוגרמים,1.00,"ק""ג",false,0,24.90,24.90,true,1,
7290003031733,false,פסטרמה על גחלים 400 גרם,טיב טירת צבי 2000,IL,פסטרמה על גחלים,גרמים,400.00,100 גרם,false,0,29.90,7.48,true,1,
7290003031757,false,פסטרמה הודו בפפריקה400גר,טיב טירת צבי 2000,IL,פסטרמה בפפריקה,גרמים,400.00,100 גרם,false,0,29.90,7.48,true,1,
7290003031788,false,פסטרמה הודו+סלמי 800 גרם,טיב טירת צבי 2000,IL,פסטרמה+סלמי מארז,גרמים,800.00,100 גרם,false,0,24.90,3.11,true,1,
7290003031849,false,צמד כפרית ברביקיו ודבש 6,טיב טירת צבי 2000,IL,צמד כפרית,גרמים,600.00,100 גרם,false,1,29.90,4.98,true,1,
7290003069682,false,בצק פילאס 500 גרם,"שגמור בע""\מ",IL,בצק פילאס,גרמים,500.00,100 גרם,false,0,19.90,3.98,true,1,
7290003072521,false,פסטרמה כתף בקר מעושנת,טיב טירת צבי 2000,IL,כתף בקר מעושנת,גרמים,300.00,100 גרם,false,1,29.90,9.97,true,1,
7290003075850,false,לבנה עם זעתר 250 גרם,מחלבת רג'ב,IL,לבנה עם זעתר,גרמים,250.00,100 גרם,false,0,13.70,5.48,true,1,
7290003107247,false,שמרים יבשים אינסטנט33גרם,שטיבל,IL,שמרים יבשים,גרמים,33.00,100 גרם,false,0,5.80,17.58,true,1,
7290003107353,false,משפר אפייה ביתי 30 גרם,שטיבל,IL,משפר אפייה ביתי,גרמים,30.00,100 גרם,false,0,5.90,19.67,true,1,
7290003121083,false,ארוחת נודלס ט.בשר מגיק85,טאט הוי פוד,SG,ארוחת נודלס,גרמים,85.00,100 גרם,false,0,2.90,3.41,true,1,
7290003121106,false,ארוחת נודלס,,SG,ארוחת נודלס,גרמים,85.00,100 גרם,false,0,2.90,3.41,true,1,
7290003220588,false,"רוטב צ'ילי ללת""ס",,TH,"רוטב צ'ילי ללת""ס",מיליליטרים,700.00,"100 מ""ל",false,0,15.80,2.26,true,1,
7290003220717,false,אצות נורי לסושי 22 גרם,ג'י וואן גלובול נאט,KR,אצות נורי לסושי,גרמים,22.00,100 גרם,false,0,9.90,45.00,true,1,
7290003220755,false,"רוטב סויה כהה 640 מ""ל",ליאנג סאנג האנד,TH,רוטב סויה כהה,מיליליטרים,640.00,"100 מ""ל",false,0,11.90,1.86,true,1,
7290003220786,false,מקלות אורז עובי 5 400גרם,אסיאן סופירה פודס,TH,מקלות אורז,גרמים,400.00,100 גרם,false,0,8.90,2.23,true,1,
7290003268252,false,לחם חיטה מלא לילדים750ג,דגנית עין בר תעשיות מזון,IL,לחם חיטה מלא,גרמים,750.00,100 גרם,false,1,13.90,1.85,true,1,
7290003268641,false,"חלה ""המיוחדת של עינת""",דגנית עין בר תעשיות מזון,IL,המיוחדת של עינת,גרמים,500.00,100 גרם,false,1,11.90,2.38,true,1,
7290003321292,false,גב.סקי 9% שומן 250 גרם,"שטראוס בריאות בע""\מ",IL,גבינת סקי 9%,גרמים,250.00,100 גרם,false,0,4.50,1.80,true,1,
7290003457991,false,חטיפי גל.קורנטו קלאסיקו,"גלידת שטראוס בע""\מ, רחוב",IL,חטיפי קורנטו,גרמים,300.00,100 גרם,false,0,32.90,10.97,true,1,
7290003478002,false,סחוג אדום של רומיה 150ג,הסחוג הביתי של רומיה,IL,סחוג אדום 150גרם,גרמים,150.00,100 גרם,false,1,9.90,6.60,true,1,
7290003478019,false,סחוג ירוק של רומיה 150 ג,הסחוג הביתי של רומיה,IL,סחוג ירוק 150גרם,גרמים,150.00,100 גרם,false,1,9.90,6.60,true,1,
7290003478040,false,עמבה  של רומיה 250 גרם,הסחוג הביתי של רומיה,IL,עמבה 250גר,גרמים,250.00,100 גרם,false,1,9.90,3.96,true,1,
7290003478149,false,אריסה של רומיה 250גרם,הסחוג הביתי של רומיה,IL,אריסה 250גרם,גרמים,250.00,100 גרם,false,1,9.90,3.96,true,1,
7290003478156,false,השום הכתוש  של רומיה 250,הסחוג הביתי של רומיה,IL,שום כתוש 250גרם,גרמים,250.00,100 גרם,false,1,11.90,4.76,true,1,
7290003478200,false,לימון בלאדי של רומיה250ג,הסחוג הביתי של רומיה,IL,לימון בלאדי250גר,גרמים,250.00,100 גרם,false,1,9.90,3.96,true,1,
7290003593552,false,כרעיים עוף קפוא,קורניש,IL,כרעיים עוף קפוא,קילוגרמים,0.00,"ק""ג",true,1,34.90,34.90,true,1,
7290003593569,false,כבד עוף קפוא,קורניש,IL,כבד עוף קפוא,קילוגרמים,0.00,"ק""ג",true,1,29.90,29.90,true,1,
7290003593576,false,כנפיים עוף קפוא,קורניש,IL,כנפיים עוף קפוא,קילוגרמים,0.00,"ק""ג",true,1,14.90,14.90,true,1,
7290003593620,false,עוף קפוא מס' 2 אשפר,קורניש,IL,עוף קפוא מס' 2,קילוגרמים,0.00,"ק""ג",true,1,23.90,23.90,true,1,
7290003593651,false,שוקיים עוף קפוא,קורניש,IL,שוקיים עוף קפוא,קילוגרמים,0.00,"ק""ג",true,1,35.90,35.90,true,1,
7290003593668,false,שניצל עוף קפוא,קורניש,IL,שניצל עוף קפוא,קילוגרמים,0.00,"ק""ג",true,1,39.90,39.90,true,1,
7290003593842,false,חזה עוף קפוא,קורניש,IL,חזה עוף קפוא,קילוגרמים,0.00,"ק""ג",true,1,34.90,34.90,true,1,
7290003643004,false,אורז בסמטי קלאסי בשקית1ק,"סוגת תעשיות בע""\מ",IL,אורז בסמטי קלאסי,קילוגרמים,1.00,"ק""ג",false,0,13.90,13.90,true,1,
7290003643325,false,קוסקוס בינוני,"אסיף תעשיות מזון בע""\מ",IL,קוסקוס בינוני,גרמים,350.00,100 גרם,false,0,4.90,1.40,true,1,
7290003643646,false,"סוכר דמררה צנצנת 1 ק""ג","סוגת תעשיות בע""\מ",IL,סוכר דמררה,קילוגרמים,1.00,"ק""ג",false,0,9.90,9.90,true,1,
7290003643745,false,כוסמת 500 גרם,"סוגת תעשיות בע""\מ",IL,כוסמת,גרמים,500.00,100 גרם,false,0,7.90,1.58,true,1,
7290003681235,false,פלפל אנגלי 50 גרם,מיה תעשיות מזון מ.ת.מ. ב,IL,פלפל אנגלי,גרמים,50.00,100 גרם,false,0,6.90,13.80,true,1,
7290003681242,false,זעתר 50 גרם,מיה תעשיות מזון מ.ת.מ. ב,IL,זעתר,גרמים,50.00,100 גרם,false,0,6.90,13.80,true,1,
7290003681303,false,שעועית מעורבת 500 גרם,מיה תעשיות מזון מ.ת.מ. ב,IL,שעועית מעורבת,גרמים,500.00,100 גרם,false,0,7.90,1.58,true,1,
7290003681532,false,דובדבנים מסוכרים יח,מיה תעשיות מזון מ.ת.מ. ב,IL,דובדבנים מסוכרים,גרמים,80.00,100 גרם,false,0,6.90,8.63,true,1,
7290003681693,false,חומוס לבן ענק 500 גרם,מיה תעשיות מזון מ.ת.מ. ב,IL,חומוס לבן ענק,גרמים,500.00,100 גרם,false,0,9.90,1.98,true,1,
7290003681716,false,גריסי פנינה 500 גרם,מיה תעשיות מזון מ.ת.מ. ב,IL,גריסי פנינה,גרמים,500.00,100 גרם,false,0,4.90,0.98,true,1,
7290003681747,false,גריל בשר 80 גרם,מיה תעשיות מזון מ.ת.מ. ב,IL,תבלין גריל בשר,גרמים,80.00,100 גרם,false,0,6.90,8.63,true,1,
7290003681754,false,אבקת קארי 80 גרם,מיה תעשיות מזון מ.ת.מ. ב,IL,קארי,גרמים,80.00,100 גרם,false,0,5.70,7.13,true,1,
7290003681761,false,גבישי שום 80 גרם,מיה תעשיות מזון מ.ת.מ. ב,IL,גבישי שום,גרמים,80.00,100 גרם,false,0,8.90,11.13,true,1,
7290003681945,false,"מיץ לימון 100% 500 מ""ל",מיה,IL,מיץ לימון 100%,מיליליטרים,500.00,"100 מ""ל",false,0,9.90,1.98,true,1,
7290003726592,false,טופו ויילר בטעם פסטו300ג,"משק ויילר בע""\מ",IL,טופו בטעם פסטו,גרמים,300.00,100 גרם,false,1,11.90,3.97,true,1,
7290003805501,false,פתית חסכוני שוודית 300גר,יוניליוור ישראל מזון בע\,IL,פתית קרקר שוודי,גרמים,300.00,100 גרם,false,0,16.90,5.63,true,1,
7290003805587,false,פתית קרקר חיטה מלאה250גר,יוניליוור ישראל מזון בע\,IL,פתית חיטה מלאה,גרמים,250.00,100 גרם,false,0,16.90,6.76,true,1,
7290003807178,false,רוטב סויה סגנון סיני300מ,יוניליוור ישראל מזון בע\,IL,רוטב סויה,מיליליטרים,300.00,"100 מ""ל",false,0,10.90,3.63,true,1,
7290003807482,false,רוטב טריאקי 370 גרם,יוניליוור ישראל מזון בע\,IL,רוטב טריאקי,גרמים,300.00,100 גרם,false,0,10.90,3.63,true,1,
7290003882922,false,עלי גפן ממולאים,,CN,עלי גפן ממולאים,גרמים,400.00,100 גרם,false,0,8.90,2.23,true,1,
7290003893027,false,פילה מרלוזה קפוא מחיר לפ,ג.עופר,AR,פילה מרלוזה,קילוגרמים,0.00,"ק""ג",true,0,29.90,29.90,true,1,
7290003893843,false,פילה אמנון ללא עור,ג.עופר,CN,פילה אמנון,קילוגרמים,0.00,"ק""ג",true,1,34.90,34.90,true,1,
7290003893911,false,נילוס פרוס בואקום XXL,איסט אפריקן סיפוד,KE,נילוס פרוס,קילוגרמים,0.00,"ק""ג",true,1,64.90,64.90,true,1,
7290003989096,false,חציל פיקנטי אחלה 500 גרם,"שטראוס גרופ בע""\מ",IL,חציל פיקנטי אחלה,גרמים,500.00,100 גרם,false,0,15.90,3.18,true,1,
7290003989539,false,רביולי עם גבינה 400 גרם,"שטראוס גרופ בע""\מ",IL,רביולי גבינה,גרמים,400.00,100 גרם,false,0,19.90,4.98,true,1,
7290003989553,false,טורטליני עם פטריות 400גר,"שטראוס גרופ בע""\מ",IL,טורטליני פטריות,גרמים,400.00,100 גרם,false,0,19.90,4.98,true,1,
7290004011284,false,"ריצ' להכנת קצפת 212 מ""ל",נטו,US,ריצ' להכנת קצפת,מיליליטרים,212.00,"100 מ""ל",false,0,7.90,3.73,true,1,
7290004011291,false,"בסיס להכנת קצפת 425 מ""ל",נטו,US,בסיס להכנת קצפת,מיליליטרים,425.00,"100 מ""ל",false,0,15.90,3.74,true,1,
7290004011345,false,קצפת מתוקה,,IT,קצפת מתוקה,גרמים,250.00,100 גרם,false,0,10.90,4.36,true,1,
7290004023041,false,לחם מחמצת שיפון,,IL,לחם מחמצת שיפון,גרמים,750.00,100 גרם,false,0,13.90,1.85,true,1,
7290004063016,false,"מלח שולחן מעולה 1 ק""ג",מלחי סלית עתלית,IL,מלח שולחן,קילוגרמים,1.00,"ק""ג",false,0,1.50,1.50,true,1,
7290004063115,false,"מלח מטבח גס לבישול 1 ק""ג",מלחי סלית עתלית,IL,מלח מטבח גס,קילוגרמים,1.00,"ק""ג",false,0,1.80,1.80,true,1,
7290004068011,false,יוגורט כבשים,,IL,יוגורט כבשים,גרמים,600.00,100 גרם,false,0,17.90,2.98,true,1,
7290004068035,false,אירן משקה יוגורט,,IL,אירן משקה יוגורט,מיליליטרים,500.00,"100 מ""ל",false,0,7.90,1.58,true,1,
7290004078225,false,מי פה קולג.פלקס ירוק500מ,קולגייט- פלמוליב,PL,מי פה קולגייט,מיליליטרים,500.00,"100 מ""ל",false,0,22.90,4.58,true,1,
7290004084110,false,סוכר קוביות,,IL,סוכר קוביות,גרמים,500.00,100 גרם,false,0,9.90,1.98,true,1,
7290004119225,false,יופלה אננס 3% 150 גרם,תנובה בעמ,IL,יופלה אננס 3%,גרמים,150.00,100 גרם,false,0,4.90,3.27,true,1,
7290004119928,false,מעדן קרלו וניל 3% 125 גר,מחלבת אלון תבור,IL,מעדן קרלו וניל3%,גרמים,125.00,100 גרם,false,0,2.70,2.16,true,1,
7290004119973,false,מעדן קרלו שוקולד1.5% 125,מחלבת אלון תבור,IL,קרלו שוקולדה,גרמים,125.00,100 גרם,false,0,2.70,2.16,true,1,
7290004120061,false,"מעדן קרלו שוניל3% 125מ""ל",מחלבת אלון תבור,IL,מעדן קרלו שוניל,גרמים,125.00,100 גרם,false,0,2.80,2.24,true,1,
7290004120108,false,יופלה דובדבן 0% 150 גרם,תנובה בעמ,IL,יופלה דיאט 0%,גרמים,150.00,100 גרם,false,0,4.90,3.27,true,1,
7290004120566,false,גב.בולגרית פיראוס24% 250,תנובה,IL,גבינה בולגרית24%,גרמים,250.00,100 גרם,false,0,19.90,7.96,true,1,
7290004120573,false,גב.בולגרית פיראוס16% 250,תנובה,IL,גבינה בולגרית16%,גרמים,250.00,100 גרם,false,0,19.90,7.96,true,1,
7290004120634,false,גב.בולגרית פיראוס5% 250ג,תנובה,IL,גבינה בולגרית5%,גרמים,250.00,100 גרם,false,0,22.90,9.16,true,1,
7290004121488,false,יופלה דיאט אפרסק 150 גרם,תנובה בעמ,IL,יופלה דיאט אפרסק,גרמים,150.00,100 גרם,false,0,4.90,3.27,true,1,
7290004121754,false,יופלה קרם גב.ותות3% 150ג,תנובה בעמ,IL,יופלה קרם גבינה,גרמים,150.00,100 גרם,false,0,4.90,3.27,true,1,
7290004121853,false,פיראוס קוב.בולגרית5% 200,תנובה,IL,קוביות בולגרית5%,גרמים,200.00,100 גרם,false,0,20.90,10.45,true,1,
7290004122195,false,גוש חלב פרוס28% 200מהדרי,תנובה,IL,גבינה גוש חלב,גרמים,200.00,100 גרם,false,0,12.90,6.45,true,1,
7290004122348,false,גבינת עמק 9% פרוס 200 גר,תנובה,IL,גבינת עמק 9%,גרמים,200.00,100 גרם,false,0,15.90,7.95,true,1,
7290004122676,false,גבינת חמד לייט 5% 250 גר,תנובה,IL,גבינת חמד לייט5%,גרמים,250.00,100 גרם,false,0,17.90,7.16,true,1,
7290004124205,false,יופלה דיאט תות0% 150 גר,תנובה בעמ,IL,יופלה דיאט תות0%,גרמים,150.00,100 גרם,false,0,4.90,3.27,true,1,
7290004124847,false,קצפת צמחית השף הלבן500מל,סוי מג'יק,IL,קצפת צמחית,מיליליטרים,500.00,"100 מ""ל",false,0,17.90,3.58,true,1,
7290004125370,false,שמנת חמוצה 9% שומן 200מל,תנובה,IL,שמנת חמוצה 9%,מיליליטרים,200.00,"100 מ""ל",false,0,3.40,1.70,true,1,
7290004125400,false,"אשל מהדרין 4.5% 200 מ""ל",תנובה,IL,אשל 4.5% שומן,מיליליטרים,200.00,"100 מ""ל",false,0,1.60,0.80,true,1,
7290004125417,false,"גיל 3% מהדרין 200מ""ל",תנובה,IL,גיל לבן 3%שומן,מיליליטרים,200.00,"100 מ""ל",false,0,1.50,0.75,true,1,
7290004125455,false,שמנת תנובה 15%שומן200מל,תנובה,IL,שמנת תנובה 15%,מיליליטרים,200.00,"100 מ""ל",false,0,2.40,1.20,true,1,
7290004125462,false,שמנת חמוצה 15%שומן500מל,תנובה,IL,שמנת חמוצה 15%,מיליליטרים,500.00,"100 מ""ל",false,0,5.90,1.18,true,1,
7290004125509,false,שמנת חמוצה15% חצי מנה100,תנובה,IL,שמנת חמוצה 15%,מיליליטרים,100.00,"100 מ""ל",false,0,1.70,1.70,true,1,
7290004125578,false,משקה סויה 1 ליטר,סוי מג'יק,IL,משקה סויה,ליטרים,1.00,ליטר,false,0,9.90,9.90,true,1,
7290004125585,false,משקה סויה בטעם וניל 1 לי,סוי מג'יק,IL,משקה סויה וניל,ליטרים,1.00,ליטר,false,0,9.90,9.90,true,1,
7290004125721,false,שמנת בישול-15%שף לבן250מ,תנובה,IL,שמנת לבישול15%,מיליליטרים,250.00,"100 מ""ל",false,0,7.90,3.16,true,1,
7290004125738,false,שמנת להקצפה-32%שף לבן250,תנובה,IL,שמנת להקצפה32%,מיליליטרים,250.00,"100 מ""ל",false,0,5.90,2.36,true,1,
7290004126674,false,גבינה טל העמק לייט 200גר,תנובה,IL,גבינה טל העמק,גרמים,200.00,100 גרם,false,0,17.90,8.95,true,1,
7290004126759,false,יופלה פירות יער0% 150 גר,תנובה בעמ,IL,יופלה דיאט,גרמים,150.00,100 גרם,false,0,4.90,3.27,true,1,
7290004126872,false,"שוקו תנובה בקבוק 250 מ""ל",תנובה,IL,שוקו בקבוק,מיליליטרים,250.00,"100 מ""ל",false,0,5.40,2.16,true,1,
7290004127077,false,קוטג' תנובה 3% שומן 250,מחלבת אלון תבור,IL,קוטג' 3% שומן,גרמים,250.00,100 גרם,false,0,5.50,2.20,true,1,
7290004127336,false,קוטג' תנובה 9% שומן 250ג,מחלבת אלון תבור,IL,קוטג' תנובה 9%,גרמים,250.00,100 גרם,false,0,5.50,2.20,true,1,
7290004127800,false,גב.לבנה 5% שומן 500 גרם,מחלבת אלון תבור,IL,גבינה לבנה 5%,גרמים,500.00,100 גרם,false,0,9.80,1.96,true,1,
7290004127817,false,גב.לבנה 9% שומן 500 גרם,מחלבת אלון תבור,IL,גבינה לבנה 9%,גרמים,500.00,100 גרם,false,0,8.90,1.78,true,1,
7290004127862,false,גבינה לבנה 5% 750 גרם,מחלבת אלון תבור,IL,גבינה לבנה 5%,גרמים,750.00,100 גרם,false,0,14.70,1.96,true,1,
7290004127916,false,גבינה תנובה0.5%שומן 500ג,מחלבת אלון תבור,IL,גבינה 0.5%,גרמים,500.00,100 גרם,false,0,8.90,1.78,true,1,
7290004129101,false,גב.נפולאון טעם טבעי 225ג,מחלבת אלון תבור,IL,גבינת נפוליאון,גרמים,225.00,100 גרם,false,0,13.90,6.18,true,1,
7290004129156,false,גב.נפולאון שום-שמיר 225ג,מחלבת אלון תבור,IL,גבינת נפוליאון,גרמים,225.00,100 גרם,false,0,13.90,6.18,true,1,
7290004129767,false,יופלה לבן 3% 150*8גרם,מחלבת אלון תבור,IL,יופלה לבן  3%,קילוגרמים,1.20,"ק""ג",false,0,16.90,14.08,true,1,
7290004130695,false,משקה אייס קפה בקבוק1ליטר,תנובה,IL,משקה אייס קפה,ליטרים,1.00,ליטר,false,0,13.50,13.50,true,1,
7290004130794,false,משקה סויה במתיקות מופחתת,סוי מג'יק,IL,משקה סויה,ליטרים,1.00,ליטר,false,0,9.90,9.90,true,1,
7290004130916,false,יופלה פירות יער+שמנת150ג,תנובה בעמ,IL,יופלה פירות יער,גרמים,150.00,100 גרם,false,0,4.90,3.27,true,1,
7290004131074,false,חלב בקרטון 3% שומן 1 ל',---,IL,חלב בקרטון 3%,ליטרים,1.00,ליטר,false,0,6.20,6.20,true,1,
7290004131432,false,יופלה ביו לבן 3% 200 גרם,מחלבת אלון תבור,IL,יופלה לבן 3%,גרמים,200.00,100 גרם,false,0,3.90,1.95,true,1,
7290004131456,false,יופלה לבן 1.5% 200 גרם,מחלבת אלון תבור,IL,יופלה לבן 1.5%,גרמים,200.00,100 גרם,false,0,3.90,1.95,true,1,
7290004131814,false,פיראוס צפתית מעוד5% 200ג,תנובה,IL,צפתית 5% פיראוס,גרמים,200.00,100 גרם,false,0,14.90,7.45,true,1,
7290004132552,false,משקה סויה לייט 1ל,סוי מג'יק,IL,משקה סויה,ליטרים,1.00,ליטר,false,0,9.90,9.90,true,1,
7290004132606,false,מיני קרלו וניל 100*8 גרם,מחלבת אלון תבור,IL,קרלו וניל 8 יח',גרמים,800.00,100 גרם,false,0,12.90,1.61,true,1,
7290004135058,false,מיני קרלו שוקולד 100*8גר,מחלבת אלון תבור,IL,קרלו שוקולד 8 יח,גרמים,800.00,100 גרם,false,0,12.90,1.61,true,1,
7290004135072,false,מעדן קרלו מיני שוק100*8ג,מחלבת אלון תבור,IL,קרלו מיני 8 יח,גרמים,800.00,100 גרם,false,0,12.90,1.61,true,1,
7290004135119,false,מעדן קרלו מיני וניל100*8,מחלבת אלון תבור,IL,קרלו מיני 8 יח,גרמים,800.00,100 גרם,false,0,12.90,1.61,true,1,
7290004135225,false,מעדן דיאט שוקולד0.2% 150,מחלבת אלון תבור,IL,מעדן דיאט שוקולד,גרמים,150.00,100 גרם,false,0,3.80,2.53,true,1,
7290004136154,false,משקה אייס קפה בקבוק340מל,תנובה,IL,משקה אייס קפה,מיליליטרים,340.00,"100 מ""ל",false,0,7.20,2.12,true,1,
7290004136598,false,מארז הפסקת אוכל,תנובה,IL,חלב עם דגנים,יחידה,1.00,יחידה,false,0,8.90,8.90,true,1,
7290004136857,false,מעדן ג'לי פטל 125 גרם,סוי מג'יק,IL,מעדן ג'לי פטל,גרמים,125.00,100 גרם,false,0,2.20,1.76,true,1,
7290004136864,false,מעדן ג'לי אננס+חתיכות125,סוי מג'יק,IL,מעדן ג'לי אננס,גרמים,125.00,100 גרם,false,0,2.20,1.76,true,1,
7290004136871,false,מעדן ג'לי אפרסק+חתיכ125.,סוי מג'יק,IL,מעדן ג'לי אפרסק,גרמים,125.00,100 גרם,false,0,2.20,1.76,true,1,
7290004137021,false,שמנת לבישול 10%שומן250מ,תנובה,IL,שמנת לבישול10%,מיליליטרים,250.00,"100 מ""ל",false,0,7.80,3.12,true,1,
7290004137311,false,גבינת עמק 9% 400 גרם,תנובה,IL,גבינת עמק 9%,גרמים,400.00,100 גרם,false,0,28.90,7.23,true,1,
7290004220037,false,סטייק אנטריקוט עטרה 800ג,טיבון ויל אחזקות בעמ,IL,סטייק אנטריקוט,גרמים,800.00,100 גרם,false,0,55.00,6.88,true,1,
7290004220044,false,קציצות ביתיות עטרה 400גר,עטרה,IL,קציצות בתיות,גרמים,400.00,100 גרם,false,0,17.90,4.48,true,1,
7290004220105,false,שניצלוני עוף עטרה 600 גר,טיבון ויל אחזקות בעמ,IL,שניצלוני עוף,גרמים,600.00,100 גרם,false,1,26.90,4.48,true,1,
7290004220761,false,קבב כבש עטרה 500 גרם,טיבון ויל אחזקות בעמ,IL,קבב כבש,גרמים,500.00,100 גרם,false,0,17.90,3.58,true,1,
7290004220815,false,קישקע קהילות,,IL,קישקע קהילות,גרמים,500.00,100 גרם,false,0,19.90,3.98,true,1,
7290004252441,false,גביעי גלידה מגולגל 24 יח,DRUM BIG,IN,גביעי גלידה24יח,יחידה,1.00,יחידה,false,1,19.90,19.90,true,1,
7290004255305,false,נר נשמה שבועי,מנורה,CN,נר נשמה שבועי,יחידה,1.00,יחידה,false,1,10.90,10.90,true,1,
7290004255343,false,נריות 4 שעות 72 יחידות,מנורה,IL,נריות 4 שעות,יחידה,1.00,יחידה,false,0,21.90,21.90,true,1,
7290004257477,false,טחון חזה עוף100% עטרה1קג,"טיבון ויל אחזקות בע""\מ",IL,טחון חזה עוף,קילוגרמים,1.00,"ק""ג",false,1,34.90,34.90,true,1,
7290004257491,false,"טחון בקר 100% עטרה 1 ק""ג",טיבון ויל אחזקות בעמ,IL,טחון בקר,קילוגרמים,1.00,"ק""ג",false,1,44.90,44.90,true,1,
7290004263041,false,גולש בקר מחיר לפי משקל,עטרה,IL,גולש בקר,קילוגרמים,0.00,"ק""ג",true,0,42.90,42.90,true,1,
7290004263096,false,צלי כתף מעובד יוסף מחיר,עטרה,IL,צלי כתף מעובד,קילוגרמים,0.00,"ק""ג",true,0,48.90,48.90,true,1,
7290004263799,false,צלי כתף מס5 עטרה קפוא קג,עטרה,IL,צלי כתף מס' 5,קילוגרמים,0.00,"ק""ג",true,0,79.90,79.90,true,1,
7290004263867,false,בשר מס6 פילה מדומה עטרה,עטרה,IL,פילה מדומה מס',קילוגרמים,0.00,"ק""ג",true,0,44.90,44.90,true,1,
7290004532574,false,גרעין שחור 200גרם,פיצוחי הטיב,IL,גרעין שחור 200ג',גרמים,200.00,100 גרם,false,0,5.90,2.95,true,1,
7290004551018,false,תמצית אפיה רום,,IL,תמצית אפיה רום,מיליליטרים,56.00,"100 מ""ל",false,0,1.90,3.39,true,1,
7290004551193,false,קמח מצה,,IL,קמח מצה,גרמים,400.00,100 גרם,false,0,4.90,1.23,true,1,
7290004551483,false,אבקת אפיה,,IL,אבקת אפיה,גרמים,100.00,100 גרם,false,0,2.40,2.40,true,1,
7290004551575,false,שומשום,,,שומשום,גרמים,400.00,100 גרם,false,0,8.90,2.23,true,1,
7290004584306,false,סופר גמדים תות בננה100*4,"שטראוס בריאות בע""\מ",IL,סופר גמדים 4 יח,גרמים,400.00,100 גרם,false,0,10.90,2.73,true,1,
7290004584528,false,יוגורט ביו 1.7%דנונה200ג,"שטראוס בריאות בע""\מ",IL,יוגורט ביו 1.7%,גרמים,200.00,100 גרם,false,0,3.50,1.75,true,1,
7290004638030,false,נקניקיות עוף וינר 400 גר,מעדני הטלה,IL,נקניקיות עוף,גרמים,400.00,100 גרם,false,1,14.90,3.73,true,1,
7290004645106,false,סלמון פילה מנות לפי משקל,---,IL,סלמון פילה מנות,קילוגרמים,0.00,"ק""ג",true,1,89.90,89.90,true,1,
7290004645175,false,דג טונה פרוס,,IL,דג טונה פרוס,גרמים,0.00,"ק""ג",true,0,49.90,49.90,true,1,
7290004645267,false,נילוס פרוס L,,IL,נילוס פרוס L,קילוגרמים,0.00,"ק""ג",true,0,49.90,49.90,true,1,
7290004645274,false,פילה נסיכת הנילוס,,TZ,דג נסיכת הנילוס,קילוגרמים,0.00,"ק""ג",true,1,44.90,44.90,true,1,
7290004645328,false,פילה סלמון שלם,,IL,פילה סלמון שלם,קילוגרמים,0.00,"ק""ג",true,0,89.90,89.90,true,1,
7290004645434,false,פילה סלמון מנות ללא עור,רוזנרס,IL,פילה סלמון קפוא,קילוגרמים,0.00,"ק""ג",true,1,89.90,89.90,true,1,
7290004645748,false,פילה אמנון קפוא ללא עור,רוזנרס,IL,פילה אמנון קפוא,קילוגרמים,0.00,"ק""ג",true,1,29.90,29.90,true,1,
7290004645885,false,פילה אמנון קפוא פס עור,,CN,פילה אמנון,קילוגרמים,0.00,"ק""ג",true,1,42.90,42.90,true,1,
7290004658953,false,"סוביניון בלאן P.C 750מ""ל",יקבי כרמל,IL,סוביניון בלאן,מיליליטרים,750.00,"100 מ""ל",false,0,32.90,4.39,true,1,
7290004658960,false,"אמרלד ריזלינג P.C 750מ""ל",אגודת הכורמים הקואופרטיב,IL,אמרלד ריזלינג,מיליליטרים,750.00,"100 מ""ל",false,0,32.90,4.39,true,1,
7290004685478,false,פיתות כוסמין 10יח 550 גר,"מאפיית אורן משי בע""\מ",IL,פיתות כוסמין,גרמים,550.00,100 גרם,false,1,14.90,2.71,true,1,
7290004731090,false,אל סבון כיף קמומיל 1ליטר,קוסמופארם בע'\'\מ,IL,אל סבון כיף,ליטרים,1.00,ליטר,false,0,11.90,11.90,true,1,
7290004731410,false,סנו סושי3כרית קרצוף,סנו,IL,כריות קרצוף,יחידה,1.00,יחידה,false,0,9.90,9.90,true,1,
7290004731472,false,אלסבון כיף צבעוני 500*3מ,קוסמופארם בע'\'\מ,IL,אלסבון כיף 3 יח,ליטרים,1.50,ליטר,false,0,18.90,12.60,true,1,
7290004731984,false,משחת אורביטול מלבינה145ג,טרופיקל דגיל תעשיות קוסמ,IL,משחת אורביטול,גרמים,145.00,100 גרם,false,1,14.90,10.28,true,1,
7290004944032,false,חומוס  אסלי 400 גרם,סלטי שמיר,IL,חומוס אסלי,גרמים,400.00,100 גרם,false,0,10.90,2.73,true,1,
7290004944049,false,טחינה אסלי 400 גרם,סלטי שמיר,IL,טחינה אסלי,גרמים,400.00,100 גרם,false,0,10.90,2.73,true,1,
7290004944056,false,חציל במיונז אסלי 400 גרם,סלטי שמיר,IL,חציל במיונז,גרמים,400.00,100 גרם,false,0,10.90,2.73,true,1,
7290004944063,false,תורכי אסלי 400 גרם,סלטי שמיר,IL,תורכי אסלי,גרמים,400.00,100 גרם,false,0,10.90,2.73,true,1,
7290004944070,false,כרוב אדום אסלי 400 גרם,סלטי שמיר,IL,כרוב אדום,גרמים,400.00,100 גרם,false,0,10.90,2.73,true,1,
7290005011405,false,עמבה הודית,,IL,עמבה הודית,גרמים,550.00,100 גרם,false,0,9.90,1.80,true,1,
7290005095269,false,נרות חימום בשקית-שקד 50,סין,CN,נרות חימום,יחידה,1.00,יחידה,false,0,10.90,10.90,true,1,
7290005095344,false,נר נשמה שבועי,סין,CN,נר נשמה שבועי,יחידה,1.00,יחידה,false,1,11.90,11.90,true,1,
7290005095405,false,נר נשמה 72 שעות,סין,CN,נר נשמה 72שעות,יחידה,1.00,יחידה,false,0,4.90,4.90,true,1,
7290005095443,false,נר נשמה 48 שעות,,IL,נר נשמה 48 שעות,יחידה,1.00,יחידה,false,0,4.50,4.50,true,1,
7290005095450,false,נר נשמה בכוס 26 שעות יחי,HQP,CN,נר נשמה בכוס,יחידה,1.00,יחידה,false,1,3.90,3.90,true,1,
7290005095641,false,חיטה תפוחה מתוקה 230 גרם,מפעלי דגן,IL,חיטה תפוחה מתוקה,גרמים,230.00,100 גרם,false,0,7.90,3.43,true,1,
7290005095658,false,תפיחוני תירס,,IL,תפיחוני תירס,גרמים,150.00,100 גרם,false,0,7.90,5.27,true,1,
7290005095702,false,חיטה תפוחה בדבש210גר,מפעלי דגן,IL,חיטה תפוחה בדבש,גרמים,210.00,100 גרם,false,0,7.90,3.76,true,1,
7290005113123,false,זית שחור נטול גלעין 540,קבוצת יבנה,IL,זית שחור 540 גרם,גרמים,540.00,100 גרם,false,1,7.90,1.46,true,1,
7290005113482,false,זית ירוק נטול גלעין 3 קג,קבוצת יבנה,IL,"זית חרוזית 3 ק""ג",קילוגרמים,3.00,"ק""ג",false,1,28.90,9.63,true,1,
7290005168253,false,יין מתוק אדום קליל 750מל,יקבי ציון,IL,יין מתוק אדום,מיליליטרים,750.00,"100 מ""ל",false,0,14.90,1.99,true,1,
7290005168284,false,"יין גן עדן עתיק 750 מ""ל",יקבי ציון,IL,יין גו עדן עתי,מיליליטרים,750.00,"100 מ""ל",false,0,21.90,2.92,true,1,
7290005168314,false,יין אצילים אדום מתוק750מ,יקבי ציון,IL,אצילים מתוק אד,מיליליטרים,750.00,"100 מ""ל",false,0,14.90,1.99,true,1,
7290005168420,false,בית סבא אדום 1 ליטר,יקב ציון,IL,בית סבא אדום,ליטרים,1.00,ליטר,false,0,18.90,18.90,true,1,
7290005168475,false,תירוש אדום מובחר 100% 1ל,יקב ציון,IL,תירוש אדום מובחר,ליטרים,1.00,ליטר,false,0,16.90,16.90,true,1,
7290005174513,false,חציל במיונז אחלה 500 גרם,"שטראוס גרופ בע""\מ",IL,סלט חציל מיונז,גרמים,500.00,100 גרם,false,0,15.90,3.18,true,1,
7290005200786,false,תפוצ'יפס ט.שמנת ובצל50גר,"שטראוס פריטו ליי בע""\מ )",IL,תפוצ'יפס שמנת,גרמים,50.00,100 גרם,false,0,3.90,7.80,true,1,
7290005201455,false,קפה נמס ארומה 200 גרם,עלית,PL,קפה נמס ארומה,גרמים,200.00,100 גרם,false,0,23.90,11.95,true,1,
7290005271410,false,ביצים L 12יח',,,ביצים L 12יח',יחידה,1.00,יחידה,false,0,12.05,12.05,true,1,
7290005271427,false,ביצים M 12 יח',,,ביצים M 12 יח',יחידה,1.00,יחידה,false,0,11.15,11.15,true,1,
7290005271786,false,ביצים ארוזות M,,IL,ביצים ארוזות M,יחידה,1.00,יחידה,false,0,27.87,27.87,true,1,
7290005271816,false,ביצים ארוזות S 30 יחידות,גליקסמן,IL,ביצים ארוזות S,יחידה,1.00,יחידה,false,1,19.90,19.90,true,1,
7290005287657,false,ממרח טונה סטארקיסט160גרם,סטארקיסט,TH,ממרח טונה,גרמים,160.00,100 גרם,false,0,6.90,4.31,true,1,
7290005416262,false,יוגורט עיזים תות,,IL,יוגורט עיזים תות,מיליליטרים,500.00,"100 מ""ל",false,0,13.90,2.78,true,1,
7290005416279,false,יוגורט עיזים,,IL,יוגורט עיזים,מיליליטרים,500.00,"100 מ""ל",false,0,13.90,2.78,true,1,
7290005416491,false,יוגורט מחלב עיזי,,IL,יוגורט מחלב עיזי,מיליליטרים,750.00,"100 מ""ל",false,0,17.90,2.39,true,1,
7290005423253,false,"מקסימה למייבש פרש 750מ""ל","סנו מפעלי ברונוס בע""\מ",IL,מקסימה למייבש,מיליליטרים,750.00,"100 מ""ל",false,0,16.90,2.25,true,1,
7290005423505,false,"מי פה אורביטול 500 מ""ל",קוסמופארם,IL,מי פה אורביטול,מיליליטרים,500.00,"100 מ""ל",false,0,21.90,4.38,true,1,
7290005423635,false,ריצפז פלוס דוחה תיקנים2ל,סנו מפעלי ברונוס בעמ,IL,ריצפז דוחה חרקים,ליטרים,2.00,ליטר,false,0,20.90,10.45,true,1,
7290005423734,false,מרכך מקסימה אולטרה 4 ל',"סנו מפעלי ברונוס בע""\מ",IL,מרכך כביסה,ליטרים,4.00,ליטר,false,0,19.90,4.98,true,1,
7290005423871,false,משחת אורביטול145*3ג,טרופיקל דגיל תעשיות קוסמ,IL,משחת שיניים,גרמים,435.00,100 גרם,false,0,15.90,3.66,true,1,
7290005423888,false,אלסבון כיף סגול 500*3מל,קוסמופארם בע'\'\מ,IL,אל סבון כיף 3 יח,ליטרים,1.50,ליטר,false,0,18.90,12.60,true,1,
7290005423918,false,מרכך מקסימה בייבי 4 ל',"סנו מפעלי ברונוס בע""\מ",IL,מרכך כביסה,ליטרים,4.00,ליטר,false,0,23.00,5.75,true,1,
7290005424311,false,סנו K רב קוטל בריח פרחים,סנו מפעלי ברונוס בעמ,IL,סנו K רב קוטל,מיליליטרים,500.00,"100 מ""ל",false,0,19.90,3.98,true,1,
7290005424403,false,אל סבון כיף אצות ים1ליטר,קוסמופארם בע'\'\מ,IL,אל סבון כיף,ליטרים,1.00,ליטר,false,0,11.90,11.90,true,1,
7290005424700,false,סנו פורטה פלוס 1 ליטר,"סנו מפעלי ברונוס בע""\מ",IL,סנו פורטה פלוס,ליטרים,1.00,ליטר,false,1,16.90,16.90,true,1,
7290005424762,false,ריצפז+דוחה תיקנים+ווקס2ל,"סנו מפעלי ברונוס בע""\מ",IL,ריצפז פלוס+ווקס,ליטרים,2.00,ליטר,false,0,26.90,13.45,true,1,
7290005424847,false,"מפיות חד שכבתי 30*30 ס""מ",סנו מפעלי ברונוס בעמ,TR,מפיות דו שכבתי,יחידה,1.00,יחידה,false,0,5.90,5.90,true,1,
7290005425646,false,סנוקליר ניקוי חלונות 1ל',"סנו מפעלי ברונוס בע""\מ",IL,סנוקליר 1 ליטר,ליטרים,1.00,ליטר,false,0,9.90,9.90,true,1,
7290005425912,false,ג'ל אוקסיג'ן 4 ליטר,סנו,IL,ג'ל אוקסיג'ן 4ל',ליטרים,4.00,ליטר,false,0,32.90,8.23,true,1,
7290005426568,false,ק.לחות קרמה שיער רגיל400,קוסמופארם בע'\'\מ,IL,קרם לחות קרמה,מיליליטרים,400.00,"100 מ""ל",false,0,19.90,4.98,true,1,
7290005426735,false,אבקת מקסימה BLACK 1.25קג,סנו,IL,אבקת כביסה,קילוגרמים,1.25,"ק""ג",false,0,14.90,11.92,true,1,
7290005426803,false,מרכך מקסימה לבנדר 4 ל',סנו,IL,מרכך כביסה,ליטרים,4.00,ליטר,false,0,19.90,4.98,true,1,
7290005426971,false,סנובון כחול תפוח 55*3 גר,סנו מפעלי ברונו בעמ,IL,סנובון שלישיה,גרמים,165.00,100 גרם,false,0,16.90,10.24,true,1,
7290005427763,false,אלסבון כיף ג'ינסינג 2 ל',---,IL,אלסבון כיף,ליטרים,2.00,ליטר,false,0,19.90,9.95,true,1,
7290005427787,false,ק.לחות קרמה ש.מתולתל400מ,קוסמופארם בע'\'\מ,IL,קרם לשיער קרמה,מיליליטרים,400.00,"100 מ""ל",false,0,19.90,4.98,true,1,
7290005428852,false,מגבוני סופט פסטל100*5 יח,---,IL,מגבוני סופט מארז,יחידה,1.00,יחידה,false,0,13.90,13.90,true,1,
7290005430602,false,אוקסיג'ן מ.כתמים,,IL,אוקסיג'ן מ.כתמים,מיליליטרים,750.00,"100 מ""ל",false,0,16.90,2.25,true,1,
7290005437632,false,שמן קנולה,,BE,שמן קנולה,ליטרים,1.00,ליטר,false,0,9.90,9.90,true,1,
7290005559990,false,בצק פילאס תורקי 600 גרם,"מעדנות בע""\מ",IL,בצק פילאס תורכי,גרמים,600.00,100 גרם,false,0,19.90,3.32,true,1,
7290005576201,false,כרוב לבן מצונן 400גרם,קטיף,IL,כרוב לבן 400 גרם,גרמים,400.00,100 גרם,false,0,12.90,3.23,true,1,
7290005576218,false,כרוב אדום מצונן  400גרם,קטיף,IL,כרוב אדום 400 גר,גרמים,400.00,100 גרם,false,0,12.90,3.23,true,1,
7290005576225,false,סלט קולסלאו מצונן 400גרם,קטיף,IL,קולסלאו 400 גרם,גרמים,400.00,100 גרם,false,0,12.90,3.23,true,1,
7290005576614,false,סלק מקולף ומבושל 500 גרם,.,IL,סלק מקולף ומבושל,גרמים,500.00,100 גרם,false,1,7.90,1.58,true,1,
7290005576904,false,חסה גלאט עלים - יחידה,,IL,חסה טריה ארוזה ג,יחידה,1.00,יחידה,false,1,8.90,8.90,true,1,
7290005576928,false,פטרוזיליה גלאט עלים - יח,,IL,פטרוזיליה גלאט ע,יחידה,1.00,יחידה,false,1,7.90,7.90,true,1,
7290005576935,false,כוסברה גלאט עלים - יחידה,,IL,כוסברה גלאט עלים,יחידה,1.00,יחידה,false,1,7.90,7.90,true,1,
7290005576942,false,שמיר גלאט עלים - יחידה,,IL,שמיר גלאט עלים,יחידה,1.00,יחידה,false,1,7.90,7.90,true,1,
7290005576966,false,סלרי גלאט עלים - יחידה,,IL,סלרי גלאט עלים,יחידה,1.00,יחידה,false,1,8.90,8.90,true,1,
7290005576973,false,סלק עלים גלאט עלים - יח',,IL,סלק עלים גלאט על,יחידה,1.00,יחידה,false,1,8.90,8.90,true,1,
7290005680052,false,טמפוני או-בה סופר + 32יח,ג'ונסון,GR,טמפוני או-בה,יחידה,1.00,יחידה,false,0,24.90,24.90,true,1,
7290005684272,false,חלה מתוקה 600 גרם,,IL,חלה מתוקה,גרמים,600.00,100 גרם,false,1,11.90,1.98,true,1,
7290005684418,false,לחם כוסמין תנור אבן,המאפיה של הרמן,IL,לחם כוסמין,גרמים,700.00,100 גרם,false,0,14.90,2.13,true,1,
7290005684487,false,לחמניות כוסמין מלא 420 ג,המאפיה של הרמן,IL,לחמניות כוסמין,גרמים,420.00,100 גרם,false,1,12.90,3.07,true,1,
7290005684579,false,לחם מחמצת כוסמין 700 גרם,המאפיה של הרמן,IL,לחם מחמצת כוסמין,גרמים,700.00,100 גרם,false,1,14.90,2.13,true,1,
7290005684654,false,לחם מחמצת שיפון 700 גרם,המאפיה של הרמן,IL,לחם מחמצת שיפון,גרמים,700.00,100 גרם,false,1,14.90,2.13,true,1,
7290005838002,false,דניאלה מעדן גבינה 88 גרם,"שטראוס גרופ בע""\מ",IL,מעדן דניאלה,גרמים,88.00,100 גרם,false,0,4.00,4.55,true,1,
7290005839078,false,דנונה ביו 3% 150*8 גרם,"שטראוס בריאות בע""\מ",IL,דנונה ביו 8 יח,קילוגרמים,1.20,"ק""ג",false,0,16.90,14.08,true,1,
7290005875441,false,"קרקר תפו""א בצל כשל""פ 100",,IL,"קרקר תפו""א בצל",גרמים,100.00,100 גרם,false,1,8.90,8.90,true,1,
7290005896439,false,בירה מכבי,,IL,בירה מכבי,מיליליטרים,500.00,"100 מ""ל",false,0,6.90,1.38,true,1,
7290005896453,false,בירה מכבי7.9%בק.חוזר500מ,טמפו משקאות בע''מ,IL,בירה מכבי 7.9%,מיליליטרים,500.00,"100 מ""ל",false,1,7.90,1.58,true,1,
7290006251343,false,חליטת פסיפלורה+מנגו25ש3*,ויסוצקי,IL,חליטת פסיפלורה,גרמים,62.00,100 גרם,false,0,16.90,27.26,true,1,
7290006265500,false,פטריות שמפניון,קטיף.,IL,פטריות שמפניון,יחידה,1.00,יחידה,false,0,8.90,8.90,true,1,
7290006306302,false,רביולי פרמזן ריקוטה400גר,דורום תעשיות מזון ופסטה,IL,רביולי גבינה,גרמים,400.00,100 גרם,false,0,18.90,4.73,true,1,
7290006322104,false,לחם רחיים קל 500 גרם,מאפיית דוידוביץ ובניו בע,IL,לחם רחיים קל,גרמים,500.00,100 גרם,false,0,7.90,1.58,true,1,
7290006322470,false,לחם 9 דגנים קל 500 גרם,מאפיית דוידוביץ ובניו בע,IL,לחם 9 דגנים קל,גרמים,500.00,100 גרם,false,0,9.90,1.98,true,1,
7290006322838,false,לחם קמח מלא 100% 750 גרם,מאפיית דוידוביץ ובניו בע,IL,לחם קמח מלא,גרמים,750.00,100 גרם,false,0,9.90,1.32,true,1,
7290006322968,false,"לחם זיץ ברויט 1.25 ק""ג",מאפיית דוידוביץ,IL,לחם זיץ ברויט,קילוגרמים,1.25,"ק""ג",false,0,12.90,10.32,true,1,
7290006374738,false,קונפיטורה תות 340 גרם,"ב.א. מזון בע""\מ",IL,קונפיטורה תות,גרמים,340.00,100 גרם,false,0,13.90,4.09,true,1,
7290006492432,false,גבינה מוצרלה בייבי 150גר,מחלבות גד,IL,גבינה מוצרלה,גרמים,150.00,100 גרם,false,0,14.90,9.93,true,1,
7290006492852,false,גבינה לבנה 5% עיזים 250ג,מחלבות גד,IL,גבינת עיזים גד,גרמים,250.00,100 גרם,false,0,16.90,6.76,true,1,
7290006494924,false,ופלים בטעם לימון 200 גרם,גילרו,IL,ופלים טוסו,גרמים,200.00,100 גרם,false,1,9.90,4.95,true,1,
7290006511157,false,פטריות שלמות,,PL,פטריות שלמות,גרמים,400.00,100 גרם,false,0,8.10,2.03,true,1,
7290006550972,false,טחון בקר ארוז 1 קג,טיבון ויל אחזקות בעמ,IL,טחון בקר 1קג,גרמים,1000.00,100 גרם,false,0,24.90,2.49,true,1,
7290006664037,false,גמדים תות בננה/תפ100*4גר,"שטראוס בריאות בע""\מ",IL,מארז גמדים 4 יח,גרמים,400.00,100 גרם,false,0,10.90,2.73,true,1,
7290006664310,false,גבינת סקי3% 250 גרם,"שטראוס בריאות בע""\מ",IL,גבינת סקי 3%,גרמים,250.00,100 גרם,false,0,4.50,1.80,true,1,
7290006664402,false,גבינת סקי5% 750 גרם,"שטראוס בריאות בע""\מ",IL,גבינת סקי5%,גרמים,750.00,100 גרם,false,0,12.90,1.72,true,1,
7290006664532,false,דנונה תות 3% 150 גרם,"שטראוס גרופ בע""\מ",IL,דנונה תות 3%,גרמים,150.00,100 גרם,false,0,3.90,2.60,true,1,
7290006664693,false,דנונה אפרסק 3% 150 גרם,"שטראוס גרופ בע""\מ",IL,דנונה אפרסק %3,גרמים,150.00,100 גרם,false,0,3.90,2.60,true,1,
7290006664990,false,דנונה ביו 1.7% 150*8גרם,"שטראוס גרופ בע""\מ",IL,דנונה ביו 8 יח',קילוגרמים,1.20,"ק""ג",false,0,16.90,14.08,true,1,
7290006672810,false,פילה אמנון גודל 5-7 לפי,,CN,פילה אמנון,קילוגרמים,0.00,"ק""ג",true,1,32.90,32.90,true,1,
7290006672834,false,פילה נסיכת נילוס קפוא קג,LIMITED FISH NATURES,TZ,פילה נסיכת נילוס,קילוגרמים,0.00,"ק""ג",true,1,34.90,34.90,true,1,
7290006672889,false,מנות סלמון נורווגי קפוא,,NO,מנות סלמון קפוא,קילוגרמים,0.00,"ק""ג",true,1,89.90,89.90,true,1,
7290006672919,false,סטייק טונה צהובת סנפיר,,VN,סטייק טונה,קילוגרמים,0.00,"ק""ג",true,1,49.90,49.90,true,1,
7290006672926,false,סטייק טונה בהירה,,VN,סטייק טונה בהירה,קילוגרמים,0.00,"ק""ג",true,1,59.90,59.90,true,1,
7290006737151,false,עדשים הכי מתוק 80 גרם,הנמל,IL,כפתורים הכי מתוק,גרמים,80.00,100 גרם,false,0,3.90,4.88,true,1,
7290006737618,false,טורטיות מקמח חיטה 6 יח',,TR,טורטיות מקמח חיט,גרמים,390.00,100 גרם,false,1,8.90,2.28,true,1,
7290006737625,false,טורטיות חיטה מלאה 6 יח',,TR,טורטיות מקמח חיט,גרמים,390.00,100 גרם,false,1,8.90,2.28,true,1,
7290006737755,false,טורטיות מקמח חיטה 8 יח',,TR,טורטיות מקמח חיט,גרמים,320.00,100 גרם,false,1,8.90,2.78,true,1,
7290006737854,false,מרשמלו צבעוני,,IL,מרשמלו צבעוני,גרמים,150.00,100 גרם,false,0,4.90,3.27,true,1,
7290006739407,false,שניצל תירס 630 גרם,זוגלובק,IL,שניצל תירס,גרמים,630.00,100 גרם,false,0,29.90,4.75,true,1,
7290006741363,false,"בורקס תפו""א בד""צ 800 גרם",זוגלובק,IL,"בורקס תפו""א",גרמים,800.00,100 גרם,false,0,15.90,1.99,true,1,
7290006764065,false,בירה נשר מאלט בק.חוזר500,"טמפו משקאות בע""\ם.",IL,בירה נשר מאלט,מיליליטרים,500.00,"100 מ""ל",false,0,4.90,0.98,true,1,
7290006764072,false,"גולדסטאר בק.חוזר 500 מ""ל","טמפו משקאות בע""\מ",IL,בירה גולדסטאר,מיליליטרים,500.00,"100 מ""ל",false,0,6.90,1.38,true,1,
7290006775016,false,עוגה תפוז אחוה 450 גרם,"אחדות ביח""ר לטחינה",IL,עוגה תפוז,גרמים,450.00,100 גרם,false,0,8.90,1.98,true,1,
7290006775023,false,עוגה אנגלית אחוה 450 גרם,"אחדות ביח""ר לטחינה",IL,עוגה אנגלית,גרמים,450.00,100 גרם,false,0,8.90,1.98,true,1,
7290006775030,false,עוגת שוקו צ'יפס אחוה450ג,"אחדות ביח""ר לטחינה",IL,עוגת שוקולד ציפס,גרמים,450.00,100 גרם,false,0,8.90,1.98,true,1,
7290006775047,false,עוגת שוקולד 450 גרם,"אחדות ביח""ר לטחינה",IL,עוגת שוקולד,גרמים,450.00,100 גרם,false,0,8.90,1.98,true,1,
7290006775054,false,עוגת שיש 450 גרם,"אחדות ביח""ר לטחינה",IL,עוגת שיש,גרמים,450.00,100 גרם,false,0,8.90,1.98,true,1,
7290006775085,false,עוגת שמרים שוקולד 400גרם,"אחדות ביח""ר לטחינה",IL,עוגת שמרים,גרמים,400.00,100 גרם,false,0,10.90,2.73,true,1,
7290006775191,false,מאפין ממולא שוקולד50גרם,"אחדות ביח""ר לטחינה",IL,מאפין שוקולד50גר,גרמים,50.00,100 גרם,false,0,1.90,3.80,true,1,
7290006775306,false,מאפין ממולא תות 50 גר',"אחדות ביח""ר לטחינה",IL,מאפין ממולא,גרמים,50.00,100 גרם,false,0,1.90,3.80,true,1,
7290006775337,false,עוגת שמרים פרג אחוה 400ג,"אחדות ביח""ר לטחינה",IL,עוגת שמרים פרג,גרמים,400.00,100 גרם,false,0,10.90,2.73,true,1,
7290006775344,false,עוגת שמרים קינמ.אגוז400ג,"אחדות ביח""ר לטחינה",IL,עוגת שמרים,גרמים,400.00,100 גרם,false,0,10.90,2.73,true,1,
7290006775764,false,"עוגת שוקוציפס ללת""ס400ג","אחדות בע""מ א.ת. ברקן",IL,עוגת שוקוציפס,גרמים,400.00,100 גרם,false,0,11.90,2.98,true,1,
7290006775801,false,רוגעלך 400 גרם,"אחדות ביח""ר לטחינה",IL,רוגלעך,גרמים,400.00,100 גרם,false,0,9.90,2.48,true,1,
7290006784865,false,מרסס למטבח סנט מוריץ 1 ל,קומפלקס כימיקלים בעמ,IL,מרסס למטבח,ליטרים,1.00,ליטר,false,1,11.90,11.90,true,1,
7290006789617,false,"קרם ""10"" לחות לתלתל 400מ",מיוצר עי : אמיליה קוסמטי,IL,קרליין קרם לשיער,מיליליטרים,400.00,"100 מ""ל",false,0,14.90,3.73,true,1,
7290006789631,false,"קרם ""10"" שיער רגיל400מ""ל",מיוצר עי : אמיליה קוסמטי,IL,קרם לחות לשיער,מיליליטרים,400.00,"100 מ""ל",false,0,14.90,3.73,true,1,
7290006866363,false,מיץ אשכוליות אדומות 1 ל',גניר,IL,מיץ אשכולית סחוט,ליטרים,1.00,ליטר,false,0,15.50,15.50,true,1,
7290006941466,false,שמן קנולה 1 ליטר,REFINEY GRADOIL,UA,שמן קנולה 1 ליטר,ליטרים,1.00,ליטר,false,1,9.90,9.90,true,1,
7290006992208,false,דייסת מטרנה 8 דגנים 200ג,מטרנה תעשיות ש.מ,IL,דייסת מטרנה,גרמים,200.00,100 גרם,false,0,13.90,6.95,true,1,
7290008101356,false,פנקו זהוב קריספ 300 גרם,---,IL,פנקו זהוב קריספ,גרמים,300.00,100 גרם,false,1,9.90,3.30,true,1,
7290008330107,false,מרכך בדין סגול4 ליטר,יוניליור ישראל טיפוח איש,IL,מרכך כביסה בדין,ליטרים,4.00,ליטר,false,0,21.90,5.48,true,1,
7290008343466,false,בצק פילו 500 גרם,"שגמור בע""מ",IL,בצק פילו 500 גרם,גרמים,500.00,100 גרם,false,0,19.90,3.98,true,1,
7290008347211,false,אצבעות דג 700 גרם,דלידג - נטו,IL,אצבעות דג,גרמים,700.00,100 גרם,false,0,21.90,3.13,true,1,
7290008443616,false,מרכך נקה 7 לשיר יבש 750מ,אמיליה קוסמטיקס בעמ,IL,קונדישנר נקה 7,מיליליטרים,750.00,"100 מ""ל",false,0,10.90,1.45,true,1,
7290008443647,false,מרכך נקה7 שיער מתולתל750,אמיליה קוסמטיקס בעמ,IL,קונדישנר נקה 7,מיליליטרים,750.00,"100 מ""ל",false,0,10.90,1.45,true,1,
7290008464611,false,"הסודה של טמפו 275 מ""ל",טמפו משקאות בעמ,IL,הסודה של טמפו,מיליליטרים,275.00,"100 מ""ל",false,1,3.90,1.42,true,1,
7290008464697,false,בירה מכבי 6 יח,,IL,בירה מכבי 6 יח,ליטרים,1.98,ליטר,false,0,29.90,15.10,true,1,
7290008464703,false,"בירה מכבי 6 בק330* מ""ל",טמפו משקאות בע''מ,IL,בירה מכבי 6 בקב.,ליטרים,1.98,ליטר,false,0,29.90,15.10,true,1,
7290008464741,false,"בירה גולדסטאר בק330*6מ""ל","טמפו משקאות בע""\מ",IL,גולדסטאר 6 יח',ליטרים,1.98,ליטר,false,0,29.90,15.10,true,1,
7290008470759,false,מסטיק אורביט ספירמינט104,ריגלי,FR,מסטיק אורביט 8יח,גרמים,104.00,100 גרם,false,0,16.00,15.38,true,1,
7290008493413,false,פירורי גריסיני 200 גרם,מאיר בייגל,IL,פירורי גריסיני,גרמים,200.00,100 גרם,false,0,6.90,3.45,true,1,
7290008493703,false,בייגלה שמיניות מלח 300ג',מאיר בייגל,IL,בייגלה שמיניות,גרמים,300.00,100 גרם,false,0,7.90,2.63,true,1,
7290008590006,false,נרות שבת 12 יח',לייברט,CN,נרות שבת 12 יח',יחידה,1.00,יחידה,false,1,3.90,3.90,true,1,
7290008590013,false,נרות שבת 8 יח',לייברט,CN,נרות שבת 8 יח',יחידה,1.00,יחידה,false,1,3.90,3.90,true,1,
7290008611077,false,דג סלמון נורווגי קפוא,אינקה,NO,דג סלמון קפוא,קילוגרמים,0.00,"ק""ג",true,1,89.90,89.90,true,1,
7290008636209,false,כורכום צנצנת 300 גרם,מיה תעשיות מזון מ.ת.מ. ב,IL,כורכום צנצנת,גרמים,300.00,100 גרם,false,0,15.90,5.30,true,1,
7290008636216,false,אבקת שום צנצנת 300 גרם,מיה תעשיות מזון מ.ת.מ. ב,IL,אבקת שום צנצנת,גרמים,300.00,100 גרם,false,0,24.90,8.30,true,1,
7290008636704,false,קונפיטורה משמש 340 גרם,מיה תעשיות מזון מ.ת.מ. ב,IL,קונפיטורה מישמש,גרמים,340.00,100 גרם,false,0,8.90,2.62,true,1,
7290008636926,false,קקאו הולנדי שקית 500 גרם,מיה תעשיות מזון מ.ת.מ. ב,IL,אבקת קקאו,גרמים,500.00,100 גרם,false,0,14.90,2.98,true,1,
7290008645935,false,חומוס אחלה 750 גרם,"שטראוס גרופ בע""\מ",IL,חומוס אחלה,גרמים,750.00,100 גרם,false,0,9.90,1.32,true,1,
7290008690713,false,אושן ספריי חמוציות 1ליטר,מבשלות בירה בינלאומיות ב,IL,אושן ספריי,ליטרים,1.00,ליטר,false,0,11.10,11.10,true,1,
7290008693134,false,דניאלה תות מוקצף5% 88גרם,"שטראוס גרופ בע""\מ",IL,דניאלה תות מוקצף,גרמים,88.00,100 גרם,false,0,4.00,4.55,true,1,
7290008745239,false,תפוצ'יפס קראנצ' טעם טבעי,"שטראוס פריטו ליי בע""\מ )",IL,תפוצ'יפס קראנצ',גרמים,50.00,100 גרם,false,0,3.90,7.80,true,1,
7290008747547,false,תפוציפס קראנצ' ט.טבעי200,"שטראוס פריטו ליי בע""\מ )",IL,תפוצ'יפס קראנצ',גרמים,200.00,100 גרם,false,0,9.90,4.95,true,1,
7290008753111,false,תפוצ'יפס מקסיקני 50 גרם,"שטראוס פריטו ליי בע""\מ )",IL,תפוצ'יפס קראנצ',גרמים,50.00,100 גרם,false,0,3.90,7.80,true,1,
7290008757980,false,נקטר ספרינג רימונים 1 ל',"יפאורה תבורי בע""\מ",IL,נקטר רימונים,ליטרים,1.00,ליטר,false,0,6.10,6.10,true,1,
7290008801010,false,קברנה מרלו P.C,,IL,קברנה מרלו P.C,מיליליטרים,750.00,"100 מ""ל",false,0,32.90,4.39,true,1,
7290008801539,false,קינג דיוויד כרמל120 750מ,אגודת הכורמים הקואופרטיב,IL,קינג דיוויד,מיליליטרים,750.00,"100 מ""ל",false,0,19.90,2.65,true,1,
7290008801546,false,"מוסקט קינג דיווד 750 מ""ל",אגודת הכורמים הקואופרטיב,IL,מוסקט קינג דיווד,מיליליטרים,750.00,"100 מ""ל",false,0,19.90,2.65,true,1,
7290008802512,false,"יין אדום יבש וינו 750מ""ל",יקבי כרמל,IL,יין אדום יבש,מיליליטרים,750.00,"100 מ""ל",false,0,19.90,2.65,true,1,
7290008802529,false,"וינו לבן חצי יבש 750 מ""ל",יקבי כרמל,IL,יין לבן יבש וינו,מיליליטרים,750.00,"100 מ""ל",false,0,19.90,2.65,true,1,
7290008802895,false,קברנה סוביניוןP.C. 750מל,אגודת הכורמים הקאופורטיב,IL,קברנה סוביניון,מיליליטרים,750.00,"100 מ""ל",false,0,32.90,4.39,true,1,
7290008806961,false,קרמיסימו טעם שוקולד צ'יפ,"גלידת שטראוס בע""\מ, רחוב",IL,קרמיסימו שוקולד,ליטרים,1.33,ליטר,false,0,19.90,14.96,true,1,
7290008989572,false,ממרח חלבה וניל,,IL,ממרח חלבה וניל,גרמים,350.00,100 גרם,false,0,11.90,3.40,true,1,
7290009398786,true,5 פיתות אסליות 500 גרם,---,IL,5 פיתות אסליות,גרמים,500.00,100 גרם,false,0,5.90,1.18,true,1,
7290010023141,false,חל.לימונענע גן קסום25שק',ויסוצקי,IL,חליטת לימונענע,גרמים,55.00,100 גרם,false,0,16.90,30.73,true,1,
7290010068005,false,פופקורן בוואקום,,IL,פופקורן בוואקום,גרמים,500.00,100 גרם,false,0,8.90,1.78,true,1,
7290010068029,false,גריסי פנינה פרמיום 500 ג,כיטוב,IL,גריסי פנינה,גרמים,500.00,100 גרם,false,1,11.90,2.38,true,1,
7290010068036,false,עדשים ירוקים,,IL,עדשים ירוקים,גרמים,500.00,100 גרם,false,0,8.90,1.78,true,1,
7290010068074,false,שעועית לבנה,,IL,שעועית לבנה,גרמים,500.00,100 גרם,false,0,10.90,2.18,true,1,
7290010068098,false,חיטה,,IL,חיטה,גרמים,500.00,100 גרם,false,0,7.90,1.58,true,1,
7290010068173,false,בורגול,,IL,בורגול,גרמים,500.00,100 גרם,false,0,7.90,1.58,true,1,
7290010068180,false,שומשום,,IL,שומשום,גרמים,200.00,100 גרם,false,0,8.90,4.45,true,1,
7290010068197,false,שעועית מעורבת,,IL,שעועית מעורבת,גרמים,500.00,100 גרם,false,0,9.90,1.98,true,1,
7290010068203,false,אורז בסמטי,,,אורז בסמטי,גרמים,500.00,100 גרם,false,0,9.90,1.98,true,1,
7290010068227,false,קינואה,,,קינואה,גרמים,300.00,100 גרם,false,0,13.90,4.63,true,1,
7290010068265,false,חומוס לבן,,,חומוס לבן,גרמים,500.00,100 גרם,false,0,11.90,2.38,true,1,
7290010068357,false,אורז לבן פרסי,,IL,אורז לבן פרסי,קילוגרמים,2.00,"ק""ג",false,0,24.90,12.45,true,1,
7290010068456,false,שעועית בובס,,IL,שעועית בובס,גרמים,400.00,100 גרם,false,0,11.90,2.98,true,1,
7290010068500,false,אורז פרסי,,IL,אורז פרסי,גרמים,1000.00,100 גרם,false,0,12.90,1.29,true,1,
7290010068524,false,אורז עממי בואקום,,IL,אורז עממי בואקום,גרמים,1000.00,100 גרם,false,0,9.90,0.99,true,1,
7290010068531,false,"אורז קלאסי בוואקום 1 ק""ג",ע.רן שיווק,IL,אורז קלאסי,קילוגרמים,1.00,"ק""ג",false,1,12.90,12.90,true,1,
7290010068708,false,קוואקר שקית,,IL,קוואקר שקית,גרמים,500.00,100 גרם,false,0,9.90,1.98,true,1,
7290010068753,false,קוסקוס נקי בוואקום 350 ג,,IL,קוסקוס,גרמים,350.00,100 גרם,false,1,9.90,2.83,true,1,
7290010068906,false,אורז מלא,,,אורז מלא,קילוגרמים,1.00,"ק""ג",false,0,14.90,14.90,true,1,
7290010116980,false,שוקולית 850 גרם,שטראוס קפה בי.וי.,IL,שוקולית עלית,גרמים,850.00,100 גרם,false,0,16.90,1.99,true,1,
7290010117864,false,דוריטוס בטעם חריף אש70גר,"שטראוס פריטו ליי בע""\מ )",IL,דוריטוס חריף,גרמים,70.00,100 גרם,false,0,3.40,4.86,true,1,
7290010129003,false,עוגיות אוזניים 600 גרם,ק.א. ומשווק בבלעדיות על,IL,עוגיות אוזניים,גרמים,600.00,100 גרם,false,0,17.90,2.98,true,1,
7290010129010,false,עוג.כתר במילוי ריבה 600ג,ק.א. ומשווק בבלעדיות על,IL,עוגיות כתר ריבה,גרמים,600.00,100 גרם,false,0,17.90,2.98,true,1,
7290010129027,false,עוגיות מרוקאיות 600 גרם,דולצ'ה ויטה,IL,עוגיות מרוקאיות,גרמים,600.00,100 גרם,false,0,17.90,2.98,true,1,
7290010129348,false,עוגיות בטעם שוקולד 600גר,ק.א. ומשווק בבלעדיות על,IL,עוגיות שוקולד,גרמים,600.00,100 גרם,false,0,17.90,2.98,true,1,
7290010153503,false,שעועית ענק 400 גרם,מיה תעשיות מזון מ.ת.מ. ב,IL,שעועית ענק,גרמים,400.00,100 גרם,false,0,8.00,2.00,true,1,
7290010153510,false,בורגול 500 גרם,מיה תעשיות מזון מ.ת.מ. ב,IL,בורגול,גרמים,500.00,100 גרם,false,0,4.90,0.98,true,1,
7290010153534,false,קמח תירס 400 גרם,מיה תעשיות מזון מ.ת.מ. ב,IL,קמח תירס,גרמים,400.00,100 גרם,false,0,6.90,1.73,true,1,
7290010153541,false,שיבולת שועל קוואקר 500גר,מיה תעשיות מזון מ.ת.מ. ב,IL,שיבולת שועל,גרמים,500.00,100 גרם,false,0,6.90,1.38,true,1,
7290010153688,false,חומץ טבעי %5 1 ליטר,מיה,IL,חומץ טבעי,מיליליטרים,1000.00,"100 מ""ל",false,0,6.90,0.69,true,1,
7290010153770,false,ציפוי לשניצל פיקנטי500גר,מיה תעשיות מזון מ.ת.מ. ב,IL,ציפוי לשניצל,גרמים,500.00,100 גרם,false,0,9.90,1.98,true,1,
7290010153787,false,ציפוי לשניצל עם שום500גר,מיה תעשיות מזון מ.ת.מ. ב,IL,ציפוי לשניצל,גרמים,500.00,100 גרם,false,0,9.90,1.98,true,1,
7290010153794,false,ציפוי שניצל+עש.תיבול500ג,מיה תעשיות מזון מ.ת.מ. ב,IL,ציפוי לשניצל,גרמים,500.00,100 גרם,false,0,9.90,1.98,true,1,
7290010153817,false,ריבת חלב 400 גרם,מיה תעשיות מזון מ.ת.מ. ב,IL,ריבת חלב,גרמים,400.00,100 גרם,false,0,11.90,2.98,true,1,
7290010153855,false,פפריקה מתוקה מרוקאי 300ג,מיה תעשיות מזון מ.ת.מ. ב,IL,פפריקה מרוקאית,גרמים,300.00,100 גרם,false,0,15.90,5.30,true,1,
7290010153879,false,ריבת חלב טעם שמנת 400גר,מיה תעשיות מזון מ.ת.מ. ב,IL,ריבת חלב ט.שמנת,גרמים,400.00,100 גרם,false,0,11.90,2.98,true,1,
7290010173044,false,"יין בר מרלו 750 מ""ל",יקב הרי גליל,IL,יין בר מרלו,מיליליטרים,750.00,"100 מ""ל",false,0,34.90,4.65,true,1,
7290010175048,false,מיץ לימון משומר 1 ליטר,,IL,מיץ לימון משומר 1 ליטר,ליטרים,1.00,ליטר,false,0,4.90,4.90,true,1,
7290010237890,false,בירה הייניקן בק.חוזר500מ,טמפו משקאות בע''מ,IL,בירה הייניקן,מיליליטרים,500.00,"100 מ""ל",false,0,8.90,1.78,true,1,
7290010259830,false,מנת השף נודלס,,TH,מנת השף נודלס,גרמים,70.00,100 גרם,false,0,3.90,5.57,true,1,
7290010259847,false,מנת השף נודלס,,TH,מנת השף נודלס,גרמים,70.00,100 גרם,false,0,3.90,5.57,true,1,
7290010259854,false,מנת השף נודלס,,TH,מנת השף נודלס,גרמים,70.00,100 גרם,false,0,3.90,5.57,true,1,
7290010259861,false,מנת השף נודלס,,TH,מנת השף נודלס,גרמים,70.00,100 גרם,false,0,3.90,5.57,true,1,
7290010328093,false,ממרח חלוה אחוה 400 גרם,"אחדות ביח""ר לטחינה",IL,ממרח חלוה,גרמים,400.00,100 גרם,false,0,11.90,2.98,true,1,
7290010328680,false,עוגת שוקוצ'יפס לבן אחוה,---,IL,עוגת שוקולד450גר,גרמים,450.00,100 גרם,false,1,8.90,1.98,true,1,
7290010328710,false,קיצפיות בטעם וניל תות 18,,IL,קיצפיות 180 גרם,גרמים,180.00,100 גרם,false,1,9.90,5.50,true,1,
7290010328895,false,מאפין שוקולד אישי אחוה,אחדות,IL,מאפין שוקולד45ג,גרמים,45.00,100 גרם,false,1,1.90,4.22,true,1,
7290010328901,false,מאפין וניל אישי אחוה,.,IL,מאפין בטעם וניל,גרמים,45.00,100 גרם,false,1,1.90,4.22,true,1,
7290010429554,false,"שמן זית 2 קלאסי 750מ""ל",מכוורת יד מרדכי שטראוס ב,IL,שמן זית 2 קלאסי,מיליליטרים,750.00,"100 מ""ל",false,0,34.90,4.65,true,1,
7290010471669,false,דנונה בר תות קורנפ175.גר,"שטראוס בריאות בע""\מ",IL,דנונה בר תות,גרמים,175.00,100 גרם,false,0,4.90,2.80,true,1,
7290010472390,false,דני שוקולד 125*8גרם,"שטראוס גרופ בע""\מ",IL,דני שוקולד 8 יח',קילוגרמים,1.00,"ק""ג",false,0,14.90,14.90,true,1,
7290010748860,false,ק.ידיים אפקטיב קר יבש150,פישר מעבדות פרמצבטיות בע,IL,קרם ידיים,מיליליטרים,150.00,"100 מ""ל",false,0,14.90,9.93,true,1,
7290010827886,false,מגבונים לתינוק 72 דף,דינמיק,IL,מגבונים לתינוק,יחידה,1.00,יחידה,false,1,1.90,1.90,true,1,
7290010838424,false,"דאק לאסלה רענן 750*2 מ""ל",ג'ונסון,NL,דאק לאסלה זוג,ליטרים,1.50,ליטר,false,0,18.90,12.60,true,1,
7290010883356,false,סנו סושי כפפות אלוורה XL,---,CN,סנו סושי כפפות,יחידה,1.00,יחידה,false,0,9.90,9.90,true,1,
7290010883370,false,סנו סושי כפפות אלוורה M,סנו,CN,סנו סוש כפפות,יחידה,1.00,יחידה,false,0,9.90,9.90,true,1,
7290010903917,false,"שניצל תירס 1 ק""ג",טופ שף,IL,"שניצל תירס 1 ק""ג",קילוגרמים,1.00,"ק""ג",false,1,24.90,24.90,true,1,
7290010903924,false,"שניצל צמחי 1 ק""ג",טופ שף,IL,"שניצל צמחי1 ק""ג",קילוגרמים,1.00,"ק""ג",false,1,24.90,24.90,true,1,
7290010903931,false,"כוכבי תירס 1 ק""ג",טופ שף,IL,"כוכבי תירס 1 ק""ג",קילוגרמים,1.00,"ק""ג",false,1,24.90,24.90,true,1,
7290010931330,false,סלט מטבוחה 500 גרם,"שטראוס גרופ בע""\מ",IL,סלט מטבוחה אחלה,גרמים,500.00,100 גרם,false,0,15.90,3.18,true,1,
7290010945306,false,חלב 3% בקרטון 2 ליטר,טרה,IL,חלב 3%  בקרטון,ליטרים,2.00,ליטר,false,0,12.40,6.20,true,1,
7290010945481,false,גבינה לבנה 5% 500 גרם,טרה,IL,גבינה לבנה 5%,גרמים,500.00,100 גרם,false,0,9.50,1.90,true,1,
7290011081492,false,קרמיסימו שלושה שוקולדים,"גלידת שטראוס בע""\מ, רחוב",IL,קרמיסימו שוקולדי,ליטרים,1.33,ליטר,false,0,19.90,14.96,true,1,
7290011115203,false,סבון נקה 7 ורוד 100*4 גר,קוסמופארם בע'\'\מ,IL,סבון נקה 7 4 יח,גרמים,400.00,100 גרם,false,0,10.90,2.73,true,1,
7290011115241,false,סבון נקה 7 ורוד100X4גרם,---,IL,סבון נקה 4X 7,גרמים,400.00,100 גרם,false,0,10.90,2.73,true,1,
7290011126452,false,חליטת קמומיל+נענע25ש1.5*,ויסוצקי,IL,חליטת קמומיל,גרמים,37.00,100 גרם,false,0,16.90,45.68,true,1,
7290011154103,false,"רסק תפו""ע",,IL,"רסק תפו""ע",גרמים,560.00,100 גרם,false,0,7.90,1.41,true,1,
7290011154110,false,"רסק תפו""ע",,IL,"רסק תפו""ע",גרמים,560.00,100 גרם,false,0,7.90,1.41,true,1,
7290011154134,false,סילאן צנצנת,,IL,סילאן צנצנת,גרמים,900.00,100 גרם,false,0,13.90,1.54,true,1,
7290011154301,false,ממרח תמרים 450 ג,,IL,ממרח תמרים 450 ג,גרמים,450.00,100 גרם,false,0,5.90,1.31,true,1,
7290011164546,false,סוכריות טופי,,BR,סוכריות טופי,גרמים,600.00,100 גרם,false,0,14.90,2.48,true,1,
7290011174156,false,תירס גרעינים ויטה 550גרם,פרי הגליל בעמ,IL,תירס גרעינים,גרמים,550.00,100 גרם,false,0,5.90,1.07,true,1,
7290011174187,false,אפונה גינה ויטה 580 גרם,פרי גליל,IL,אפונה גינה,גרמים,580.00,100 גרם,false,0,5.90,1.02,true,1,
7290011174194,false,אפונה גינה וגזר ויטה550ג,פרי גליל,IL,אפונה וגזר,גרמים,550.00,100 גרם,false,0,5.90,1.07,true,1,
7290011174392,false,שעועית לבנה אפויה 570 גר,פרי הגליל בעמ,IL,שעועית אפויה,גרמים,570.00,100 גרם,false,0,5.90,1.04,true,1,
7290011194246,false,קוטג' 5% שומן 250 גרם,"שטראוס בריאות בע""\מ",IL,קוטג' 5% שומן,גרמים,250.00,100 גרם,false,0,5.80,2.32,true,1,
7290011202330,false,כמון בשקית50גרם,,IL,כמון בשקית50גרם,גרמים,50.00,100 גרם,false,0,3.90,7.80,true,1,
7290011202385,false,מלח לימון בשקית,,,מלח לימון בשקית,גרמים,80.00,100 גרם,false,0,3.90,4.88,true,1,
7290011202415,false,סודה לשתיה,,,סודה לשתיה,גרמים,200.00,100 גרם,false,0,3.90,1.95,true,1,
7290011202866,false,מלח לימון צנצנת,,IL,מלח לימון צנצנת,גרמים,300.00,100 גרם,false,0,14.90,4.97,true,1,
7290011202873,false,סודה לשתיה 600 גרם,דרומה,IL,סודה לשתיה,גרמים,600.00,100 גרם,false,0,14.90,2.48,true,1,
7290011231620,false,4 סוללות אלקליין AA,,CN,4 סוללות אלקליין,יחידה,1.00,יחידה,false,1,7.50,7.50,true,1,
7290011231637,false,4 סוללות אלקליין AAA,,CN,4 סוללות אלקליין,יחידה,1.00,יחידה,false,1,7.50,7.50,true,1,
7290011240332,false,תירוש ענבים אדום 1ל',יקב ציון,IL,תירוש ענבים,ליטרים,1.00,ליטר,false,0,14.90,14.90,true,1,
7290011240905,false,"מוסקטו לבן 750 מ""ל",יקב ציון,IL,מוסקטו לבן,מיליליטרים,750.00,"100 מ""ל",false,0,26.90,3.59,true,1,
7290011249212,false,וופל בלגי בטעם לימון200ג,גילרו,IL,וופל 200 גרם,גרמים,200.00,100 גרם,false,1,3.90,1.95,true,1,
7290011249748,false,רולים בטעם שוקו,,IL,רולים בטעם שוקו,גרמים,100.00,100 גרם,false,0,3.90,3.90,true,1,
7290011249755,false,רולים טעם אגוז,,IL,רולים טעם אגוז,גרמים,100.00,100 גרם,false,0,3.90,3.90,true,1,
7290011254346,false,"קינואה 1 ק""ג",מיה תעשיות מזון מ.ת.מ. ב,IL,קינואה,קילוגרמים,1.00,"ק""ג",false,0,19.90,19.90,true,1,
7290011254698,false,"שמן זית 750 מ""ל",מיה,ES,שמן זית,מיליליטרים,750.00,"100 מ""ל",false,0,29.90,3.99,true,1,
7290011254728,false,ג'לטין טהור מיה 25 גרם,מיה תעשיות מזון מ.ת.מ. ב,IL,ג'לטין טהור,גרמים,25.00,100 גרם,false,0,9.90,39.60,true,1,
7290011254773,false,שעועית ארגנטינאית 500 גר,מיה תעשיות מזון מ.ת.מ. ב,IL,שעועית ארגנטינאי,גרמים,500.00,100 גרם,false,0,8.90,1.78,true,1,
7290011254780,false,"שעועית ארגנטינאית 1 ק""ג",מיה תעשיות מזון מ.ת.מ. ב,IL,"שעועית 1 ק""ג",קילוגרמים,1.00,"ק""ג",false,0,16.90,16.90,true,1,
7290011447014,false,דייסת סלט פירות 200 גרם,מטרנה תעשיות ש.מ,IL,דייסת מטרנה,גרמים,200.00,100 גרם,false,0,13.90,6.95,true,1,
7290011499051,false,פטה כבשים 20% 250ג,מחלבות גד,IL,פטה כבשים,גרמים,250.00,100 גרם,false,0,24.90,9.96,true,1,
7290011499358,false,פטה עיזים 20% שומן 200 ג,מחלבות גד,IL,פטה עיזים20%,גרמים,200.00,100 גרם,false,0,24.90,12.45,true,1,
7290011499365,false,חלומי גד גב.קשה 24% 200ג,"מחלבות גד בע""\מ",IL,חלומי גד 24%,גרמים,200.00,100 גרם,false,0,19.90,9.95,true,1,
7290011499419,false,גב.שמנת ט.טבעי5% 200גרם,מחלבות גד,IL,גבינת שמנת גד5%,גרמים,200.00,100 גרם,false,0,11.50,5.75,true,1,
7290011499822,false,גבינה בולגרית 5%,,IL,גבינה בולגרית 5%,גרמים,250.00,100 גרם,false,0,22.90,9.16,true,1,
7290011518561,false,"אקטימל תות 100*14 מ""ל","שטראוס בריאות בע""\מ",IL,אקטימל מארז14יח',ליטרים,1.40,ליטר,false,0,29.90,21.36,true,1,
7290011570644,false,קמח לחם ללא גלוטן 500 גר,אשבל מזון פונקציונלי בע\,IL,קמח לחם,גרמים,500.00,100 גרם,false,1,14.90,2.98,true,1,
7290011570798,false,כרגיל תע.עוגת שוקולד450ג,אשבל מזון פונקציונלי בע\,IL,תערובת לעוגה,גרמים,450.00,100 גרם,false,1,14.90,3.31,true,1,
7290011598211,false,סנו אנטי קאלק נ.כללי700מ,סנו מפעלי ברונוס בעמ,IL,סנו אנטי קאלק,מיליליטרים,700.00,"100 מ""ל",false,0,16.90,2.41,true,1,
7290011598402,false,מרכך מקסימה מאסק 4 ל',"סנו מפעלי ברונוס בע""\מ",IL,מרכך כביסה,ליטרים,4.00,ליטר,false,0,19.90,4.98,true,1,
7290011622428,false,כתמטמינים חטיף בריאות45ג,אשבל,IL,חטיף בריאות,גרמים,45.00,100 גרם,false,0,4.90,10.89,true,1,
7290011877156,false,"סנו פרש ענק מאסק 375 מ""ל",סנו מפעלי ברונוס בעמ,IL,סנו פרש ענק,מיליליטרים,375.00,"100 מ""ל",false,0,9.90,2.64,true,1,
7290011931162,false,"סוכרלוז נוזלי 220 מ""ל",ביסקול בע''מ,IL,סוכרלוז נוזלי,מיליליטרים,220.00,"100 מ""ל",false,0,27.90,12.68,true,1,
7290011977627,false,סרדינים בשמן,,MA,סרדינים בשמן,גרמים,125.00,100 גרם,false,0,3.90,3.12,true,1,
7290011977634,false,סרדינים עם חריף,,,סרדינים עם חריף,גרמים,125.00,100 גרם,false,0,3.90,3.12,true,1,
7290012025822,false,סלט סלק אסלי 400 גרם,סלטי שמיר,IL,סלט סלק,גרמים,400.00,100 גרם,false,1,10.90,2.73,true,1,
7290012025839,false,מטבוחה אסלי 400 גרם,סלטי שמיר,IL,מטבוחה אסלי,גרמים,400.00,100 גרם,false,0,10.90,2.73,true,1,
7290012117039,false,"סנו""00"" לניקוי אמבטיה 1ל",סנו מפעלי ברונוס בעמ,IL,"סנו ""00"" לאמבטיה",ליטרים,1.00,ליטר,false,0,8.90,8.90,true,1,
7290012117275,false,סנוקליר שקית מילוי 750מל,סנו מפעלי ברונו בעמ,IL,סנוקליר מילוי,מיליליטרים,750.00,"100 מ""ל",false,0,5.90,0.79,true,1,
7290012117534,false,מרכ.מקסימה ס.מרוכז קול1ל,"סנו מפעלי ברונוס בע""\מ",IL,מקסימה ס.מרוכז,ליטרים,1.00,ליטר,false,0,15.90,15.90,true,1,
7290012117558,false,מרכ.מקסימה ס.מרוכז מסק1ל,"סנו מפעלי ברונוס בע""\מ",IL,מקסימה ס.מרוכז,ליטרים,1.00,ליטר,false,0,15.90,15.90,true,1,
7290012117732,false,מרכך כב.מקסימה 4COOLליטר,"סנו מפעלי ברונוס בע""\מ",IL,מרכך מקסימה COOL,ליטרים,4.00,ליטר,false,0,19.90,4.98,true,1,
7290012117916,false,אינסטלטור נוזלי,,IL,אינסטלטור נוזלי,ליטרים,1.00,ליטר,false,0,24.90,24.90,true,1,
7290012193163,false,סבון פמילי ורוד משאבה1ל,אינטרקוסמא,TR,סבון פמילי,ליטרים,1.00,ליטר,false,0,12.90,12.90,true,1,
7290012227592,false,זוג כפרית חרמון+תה350*2ג,זוגלובק,IL,זוג חרמון+תה,גרמים,700.00,100 גרם,false,0,29.90,4.27,true,1,
7290012227608,false,חרמון+ברביקיו 300*2 גרם,זוגלובק,IL,חרמון+ברביקיו,גרמים,600.00,100 גרם,false,0,29.90,4.98,true,1,
7290012227615,false,נקניקיות עוף 800 גרם,זוגלובק,IL,נקניקיות עוף800ג,גרמים,800.00,100 גרם,false,0,21.90,2.74,true,1,
7290012227622,false,חרמון כפרית דבש 400 גרם,זוגלובק,IL,חרמון כפרית דבש,גרמים,400.00,100 גרם,false,0,21.90,5.48,true,1,
7290012227738,false,סלמי תה מעושן מחפוד370ג,זוגלובק,IL,סלמי תה מעושן,גרמים,370.00,100 גרם,false,1,19.90,5.38,true,1,
7290012227769,false,פסטרמה ברביקיו מחפוד 400,זוגלובק,IL,פסטרמה ברביקיו,גרמים,400.00,100 גרם,false,1,21.90,5.48,true,1,
7290012227783,false,תה מעושן מחפוד 400 גרם,זוגלובק,IL,תה מעושן,גרמים,400.00,100 גרם,false,1,21.90,5.48,true,1,
7290012228407,false,"נקניקיות ג'מבו 1.5 ק""ג",זוגלובק,IL,נקניקיות גמבו,קילוגרמים,1.50,"ק""ג",false,1,34.90,23.27,true,1,
7290012228629,false,נקניקיות עוף 800 גרם,זוגלובק,IL,נקניקיות עוף,גרמים,800.00,100 גרם,false,1,24.90,3.11,true,1,
7290012228766,false,קבנוס מחפוד 120 גרם,---,IL,קבנוס 120 גרם,גרמים,120.00,100 גרם,false,1,10.90,9.08,true,1,
7290012313462,false,מלפפון במלח 7-9 20%+ 650,קבוצת יבנה,IL,מלפפון במלח,גרמים,650.00,100 גרם,false,1,5.90,0.91,true,1,
7290012313479,false,מלפפון במלח 10-12 20%+ 6,קבוצת יבנה,IL,מלפפון במלח,גרמים,650.00,100 גרם,false,1,6.90,1.06,true,1,
7290012313486,false,מלפפון במלח 13-17 20%+,קבוצת יבנה מוצרי מזון,IL,מלפפון במלח,גרמים,650.00,100 גרם,false,1,7.90,1.22,true,1,
7290012313493,false,מלפפון בחומץ 7-9 20%+ 65,קבוצת יבנה,IL,מלפפון בחומץ,גרמים,650.00,100 גרם,false,1,5.90,0.91,true,1,
7290012313509,false,מלפפון בחומץ 10-12 20%+,קבוצת יבנה,IL,מלפפון בחומץ,גרמים,650.00,100 גרם,false,1,6.90,1.06,true,1,
7290012454578,false,קישוט לעוגה,,IL,קישוט לעוגה,גרמים,70.00,100 גרם,false,0,4.90,7.00,true,1,
7290012803215,false,"ופל בלגי ט.שוק.ללת""ס200ג","גילרו בע""\מ",IL,וופל בלגי,גרמים,200.00,100 גרם,false,0,9.90,4.95,true,1,
7290012818035,false,חטיף בוטנים ספיידר25*10ג,"10 ברוס ע.ט בע""מ",IL,ספיידר במארז,גרמים,250.00,100 גרם,false,1,7.90,3.16,true,1,
7290012818073,false,צ'יק צ'אק בצל 190 גרם,"10 ברוס ע.ט בע""מ",IL,צ'יק צ'אק בצל,גרמים,190.00,100 גרם,false,1,3.90,2.05,true,1,
7290012818080,false,ספיידר חטיף בוטנים 80 גר,"10 ברוס ע.ט בע""מ",IL,ספיידר בוטנים,גרמים,80.00,100 גרם,false,1,2.90,3.63,true,1,
7290012818219,false,צ'יק צ'אק גריל 190 גרם,"10 ברוס ע.ט בע""מ",IL,צ'יק צ'אק גריל,גרמים,190.00,100 גרם,false,1,3.90,2.05,true,1,
7290012818394,false,מארז צ'יק צ'אק גריל20*20,,IL,מארז צ'יק צ'אק ג,גרמים,400.00,100 גרם,false,1,8.90,2.23,true,1,
7290012818523,false,צ'יק צ'אק ברבקיו 190 גרם,"10 ברוס ע.ט בע""מ",IL,צ'יק צ'אק ברבקיו,גרמים,190.00,100 גרם,false,1,3.90,2.05,true,1,
7290012823381,false,מקסימה ס.מרוכז סנסטיב 1ל,"סנו מפעלי ברונוס בע""\מ",IL,מרכך כביסה,ליטרים,1.00,ליטר,false,0,15.90,15.90,true,1,
7290012823398,false,מטליות ריצפז ניחוח מרכך,סנו מפעלי ברונו בעמ,IL,מטליות ריצפז,יחידה,1.00,יחידה,false,1,11.90,11.90,true,1,
7290012823541,false,מטליות ריצפז ניחוח לונדר,"סנו מפעלי ברונוס בע""\מ",IL,מטליות ריצפז,יחידה,1.00,יחידה,false,0,11.90,11.90,true,1,
7290012823923,false,מ.מקסימה פרפיום גולדן750,סנו מפעלי ברונוס בעמ,IL,מקסימה פרפיום,מיליליטרים,750.00,"100 מ""ל",false,0,15.90,2.12,true,1,
7290012823947,false,מ.מקסימה פרפיום קריסט750,סנו מפעלי ברונוס בעמ,IL,מקסימה פרפיום,מיליליטרים,750.00,"100 מ""ל",false,0,15.90,2.12,true,1,
7290012864025,false,נבטים אלפלפא יחידה,נבטי העמק,IL,נבטים אלפלפא,יחידה,1.00,יחידה,false,0,5.90,5.90,true,1,
7290012929779,false,פסטה ספירלה,,TR,פסטה ספירלה,גרמים,500.00,100 גרם,false,0,4.90,0.98,true,1,
7290012929786,false,פסטה צינורות,,TR,פסטה צינורות,גרמים,500.00,100 גרם,false,0,4.90,0.98,true,1,
7290012929953,false,טונה במים 150X3ג,,TH,טונה במים 150X3ג,גרמים,450.00,100 גרם,false,0,15.90,3.53,true,1,
7290012929960,false,שלישיית טונה,,TH,שלישיית טונה,גרמים,450.00,100 גרם,false,0,15.90,3.53,true,1,
7290012938405,false,רדיד אלומיניום רחב דיימו,ריינולדס,CN,רדיד אלומיניום,מטרים,7600.00,מטר,false,0,14.90,0.00,true,1,
7290012969232,false,תבנית C10 8 יחידות,"אופל אריזות ב""מ",IL,תבנית C10,יחידה,1.00,יחידה,false,1,7.90,7.90,true,1,
7290012982873,false,"פילה אמנון קפוא 7-9 בד""ץ",ג.עופר,IL,פילה אמנון 7-9,קילוגרמים,0.00,"ק""ג",true,1,29.90,29.90,true,1,
7290013117427,false,בצק פריך מלוח 450X2גרם 0,"מעדנות בע""\מ",IL,בצק פריך,גרמים,900.00,100 גרם,false,0,19.90,2.21,true,1,
7290013117526,false,בצק שמרים למאפים מתוקים,"מעדנות בע""\מ",IL,בצק שמרים,גרמים,900.00,100 גרם,false,0,17.90,1.99,true,1,
7290013144171,false,תערובת עוגת שוקולד560גרם,א.ל ייצור ושיווק תבלינים,IL,תערובת לעוגה,גרמים,560.00,100 גרם,false,0,14.90,2.66,true,1,
7290013144188,false,תערובת בראונס 600 גרם,א.ל ייצור ושיווק תבלינים,IL,תערובת בראונס,גרמים,600.00,100 גרם,false,0,14.90,2.48,true,1,
7290013144232,false,פודינג וניל 80 גרם,א.ל ייצור ושיווק תבלינים,IL,פודינג וניל,גרמים,80.00,100 גרם,false,0,4.90,6.13,true,1,
7290013144317,false,ג'וני גלילת וופל למילוי,הגביע,IL,ג'וני גלילת וופל,יחידה,1.00,יחידה,false,0,19.90,19.90,true,1,
7290013144393,false,"תמצית בטעם וניל 50 מ""ל",א.ל ייצור ושיווק תבלינים,IL,תמצית וניל,מיליליטרים,50.00,"100 מ""ל",false,0,4.90,9.80,true,1,
7290013144751,false,סירופ בטעם מייפל 500גרם,א.ל ייצור ושיווק תבלינים,IL,סירופ טעם מייפל,גרמים,500.00,100 גרם,false,0,13.90,2.78,true,1,
7290013144805,false,אייס קפה דיאט 245 גרם,---,IL,אייס קפה דיאט,גרמים,245.00,100 גרם,false,1,21.90,8.94,true,1,
7290013144911,false,מיקס שוק.ציפס250מריר/חלב,אינטרגטה תעשיות מזון 19),IL,מיקס שוקולד ציפס,גרמים,250.00,100 גרם,false,1,15.90,6.36,true,1,
7290013145215,false,שומשום 400 גרם,א.ל ייצור ושיווק תבלינים,IL,שומשום,גרמים,400.00,100 גרם,false,0,14.90,3.73,true,1,
7290013145277,false,עלים לקרמשניט 300 גרם,SRL MARISTELLA,IT,עלים לקרמשניט,גרמים,300.00,100 גרם,false,1,17.90,5.97,true,1,
7290013145444,false,שוקולד צ'יפס 66% 250 גרם,אינטרגטה,IL,שוקולד צ'יפס,גרמים,250.00,100 גרם,false,0,15.90,6.36,true,1,
7290013145529,false,סוכריות צבעוניות לקישוט,א.ל ייצור ושיווק תבלינים,IL,סוכריות לקישוט,גרמים,90.00,100 גרם,false,0,5.90,6.56,true,1,
7290013145659,false,ג'לי בטעם לימון 85 גרם,א.ל ייצור ושיווק תבלינים,IL,ג'לי לימון 85 גר,גרמים,85.00,100 גרם,false,1,5.90,6.94,true,1,
7290013145826,false,פודינג בטעם וניל לבן80ג,א.ל ייצור ושיווק תבלינים,IL,פודינג וניל,גרמים,80.00,100 גרם,false,1,4.90,6.13,true,1,
7290013145901,false,סודה לשתיה 100 גרם,א.ל ייצור ושיווק תבלינים,IL,סודה לשתיה,גרמים,100.00,100 גרם,false,0,2.90,2.90,true,1,
7290013145956,false,שמרים יבשים בוואקום500ג,אנג'ל איסט,CN,שמרים יבשים,גרמים,500.00,100 גרם,false,0,13.90,2.78,true,1,
7290013146199,false,קרם נוגט 400 גרם,אינטרגטה תעשיות מזון 19),IL,קרם נוגט,גרמים,400.00,100 גרם,false,0,14.90,3.73,true,1,
7290013146304,false,קורנפלור 500 גרם,א.ל ייצור ושיווק תבלינים,IL,קורנפלור,גרמים,500.00,100 גרם,false,1,6.90,1.38,true,1,
7290013146724,false,אייס קפה 350 גרם,---,IL,אייס קפה,גרמים,350.00,100 גרם,false,1,17.90,5.11,true,1,
7290013153593,false,מיץ תפוזים 100%מתקתק 1ל,פריגת,IL,מיץ תפוזים מתקתק,ליטרים,1.00,ליטר,false,1,12.70,12.70,true,1,
7290013195272,false,געפילטע הונגרי,,IL,געפילטע הונגרי,גרמים,500.00,100 גרם,false,0,21.90,4.38,true,1,
7290013195296,false,וייט פיש רוזנר'ס,,IL,וייט פיש רוזנר'ס,גרמים,500.00,100 גרם,false,0,28.90,5.78,true,1,
7290013215017,false,פטריות דואט,מרינה,IL,פטריות דואט,גרמים,420.00,100 גרם,false,0,14.90,3.55,true,1,
7290013220899,false,תות שדה קפוא 500 גרם,HLADNIYA RON,PL,תות שדה קפוא,גרמים,500.00,100 גרם,false,1,24.90,4.98,true,1,
7290013220929,false,אוכמניות כחולות 400 גרם,HLADNIYA RON,PL,אוכמניות כחולות,גרמים,400.00,100 גרם,false,1,24.90,6.23,true,1,
7290013221001,false,אננס חתוך קפוא 500 גרם,HLADNIYA RON,PL,אננס חתוך קפוא,גרמים,500.00,100 גרם,false,1,24.90,4.98,true,1,
7290013268020,false,מקסימה סופר מרוכז פרש 1ל,"סנו מפעלי ברונוס בע""\מ",IL,מרכך כביסה,ליטרים,1.00,ליטר,false,0,15.90,15.90,true,1,
7290013268037,false,מקסימה ס.מרוכז לבנדר 1ל',"סנו מפעלי ברונוס בע""\מ",IL,מרכך כביסה,ליטרים,1.00,ליטר,false,0,15.90,15.90,true,1,
7290013268907,false,מקסימה ג'ל לכביסה 3ל,"סנו מפעלי ברונוס בע""\מ",IL,מקסימה ג'ל,ליטרים,3.00,ליטר,false,0,27.90,9.30,true,1,
7290013268938,false,סנובון מאסק 3 יח,,IL,סנובון מאסק 3 יח,גרמים,165.00,100 גרם,false,0,11.90,7.21,true,1,
7290013268983,false,מרכך בישום עוצמתי ג'וי1ל,"סנו מפעלי ברונוס בע""\מ",IL,מרכך מרוכז ג'וי,ליטרים,1.00,ליטר,false,1,15.90,15.90,true,1,
7290013269003,false,מקסימה מרכך בייבי 1 ליטר,"סנו מפעלי ברונוס בע""\מ",IL,מקסימה מרכך,ליטרים,1.00,ליטר,false,0,18.90,18.90,true,1,
7290013269096,false,מטליות ניקוי עור,,IL,מטליות ניקוי עור,יחידה,1.00,יחידה,false,0,19.90,19.90,true,1,
7290013269300,false,ניילון נצמד פלוס,,IL,ניילון נצמד פלוס,מטרים,150.00,מטר,false,0,27.90,0.19,true,1,
7290013269638,false,ספוג הפלא אקסטרה,,US,ספוג הפלא אקסטרה,יחידה,1.00,יחידה,false,0,9.90,9.90,true,1,
7290013269645,false,מטליות ריצפז,,IL,מטליות ריצפז,יחידה,1.00,יחידה,false,0,11.90,11.90,true,1,
7290013269669,false,ריצפז פנטזיה,,IL,ריצפז פנטזיה,ליטרים,3.00,ליטר,false,0,11.90,3.97,true,1,
7290013284310,false,רוטב פסטה,,IL,רוטב פסטה,גרמים,240.00,100 גרם,false,0,5.50,2.29,true,1,
7290013284662,false,רוטב פיצה פיתה,,IL,רוטב פיצה פיתה,גרמים,240.00,100 גרם,false,0,5.50,2.29,true,1,
7290013302748,false,סוכריות טופי,,BR,סוכריות טופי,גרמים,600.00,100 גרם,false,0,14.90,2.48,true,1,
7290013358448,false,קרוטונים לסלט ארוכים200,עינת,IL,קרוטונים לסלט,גרמים,200.00,100 גרם,false,0,12.90,6.45,true,1,
7290013358547,false,"רוטב צ'ילי חריף 700 מ""ל",מסוונג רונרוג בעמ,TH,רוטב צ'ילי חריף,מיליליטרים,700.00,"100 מ""ל",false,1,12.90,1.84,true,1,
7290013472205,false,פטריות חתוכות תפארת 400,---,NL,פטריות שמפניון,גרמים,400.00,100 גרם,false,0,5.50,1.38,true,1,
7290013516305,false,סלט חזרת ללא תוספת סוכר,שפע מן המבושל,IL,חזרת 300 גרם,גרמים,300.00,100 גרם,false,1,13.90,4.63,true,1,
7290013536266,false,פיתות כוסמין 99 קלוריות,,IL,פיתות כוסמין,יחידה,1.00,יחידה,false,1,11.90,11.90,true,1,
7290013536273,false,לחמניות קמח מלא 99 קלורי,,IL,לחמניות קמח מלא,גרמים,320.00,100 גרם,false,1,9.90,3.09,true,1,
7290013536280,false,לחמניות כוסמין 99 קלו' .,,IL,לחמניות כוסמין,גרמים,252.00,100 גרם,false,1,9.90,3.93,true,1,
7290013536372,false,לחמניות כוסמין מזונות,מאפיית יוסף ברון בעמ,IL,לחמניות כוסמין,גרמים,315.00,100 גרם,false,1,13.90,4.41,true,1,
7290013585387,false,קולה זירו 1 ליטר,החברה המרכזית לייצור משק,IL,קולה זירו,ליטרים,1.00,ליטר,false,1,6.30,6.30,true,1,
7290013585394,false,קוקה קולה 1 ליטר,החברה המרכזית לייצור משק,IL,קוקה קולה,ליטרים,1.00,ליטר,false,1,6.70,6.70,true,1,
7290013608260,false,מיץ רימונים סחוט טרי 1ל',גניר,IL,מיץ רימונים,ליטרים,1.00,ליטר,false,0,22.50,22.50,true,1,
7290013608864,false,משקה פירות הדר סחוט 1 לי,פרימור,IL,משקה פירות הדר,ליטרים,1.00,ליטר,false,1,15.50,15.50,true,1,
7290013625212,false,פילה מרל בשמן,,MA,פילה מרל בשמן,גרמים,125.00,100 גרם,false,0,7.90,6.32,true,1,
7290013625670,false,חומץ 1 ליטר,,IL,חומץ 1 ליטר,ליטרים,1.00,ליטר,false,0,3.90,3.90,true,1,
7290013677747,false,אבקת שוקו 500 גרם,מיה תעשיות מזון מ.ת.מ. ב,IL,אבקת שוקו,גרמים,500.00,100 גרם,false,0,6.90,1.38,true,1,
7290013719492,false,אורז לבן יסמין פרימיום,כיטוב,IL,אורז לבן יסמין,קילוגרמים,1.00,"ק""ג",false,1,19.90,19.90,true,1,
7290013847379,false,טונה סטארקיסט בשמן140*6ג,סטארקיסט,IL,טונה סטארקיסט6יח,גרמים,840.00,100 גרם,false,1,29.90,3.56,true,1,
7290013847492,false,טונה סטארקיסט במים140*6ג,סטארקיסט,IL,טונה סטארקיסט6יח,גרמים,840.00,100 גרם,false,1,29.90,3.56,true,1,
7290013848345,false,מטליות לחיטוי 50*3 יח',סנו מפעלי ברונוס בעמ,IL,מטליות ניקוי 3יח,יחידה,1.00,יחידה,false,1,21.90,21.90,true,1,
7290013906250,false,סלמי מהדרין קהילות 200 ג,טיב טירת צבי 2000,IL,סלמי מהדרין,גרמים,200.00,100 גרם,false,1,11.90,5.95,true,1,
7290013906281,false,"נקניקיות מהדרין 1 ק""ג",טיב טירת צבי 2000,IL,נקניקיות מהדרין,קילוגרמים,1.00,"ק""ג",false,0,24.90,24.90,true,1,
7290013906304,false,פסטרמה גחלים קהילות 400ג,טיב טירת צבי 2000,IL,פסטרמה 400 גרם,גרמים,400.00,100 גרם,false,0,29.90,7.48,true,1,
7290013906335,false,צמד נקניק מהדרין 600 גרם,טיב טירת צבי 2000,IL,צמד נקניק 600 גר,גרמים,600.00,100 גרם,false,0,29.90,4.98,true,1,
7290013906601,false,צמד כפרית ברביקיו ודבש,טיב טירת צבי 2000,IL,צמד כפרית,גרמים,600.00,100 גרם,false,1,29.90,4.98,true,1,
7290013906922,false,נקניקיות הודו חריפות 1 ק,טיב טירת צבי 2000,IL,נקניקיות חריפות,גרמים,1000.00,100 גרם,false,1,24.90,2.49,true,1,
7290013906984,false,סלמי תה מחפוד 300 גרם,טיב טירת צבי 2000,IL,סלמי תה מחפוד,גרמים,300.00,100 גרם,false,1,19.90,6.63,true,1,
7290013927002,false,דיקליות בטעם שוקו 400 גר,אחדות,IL,דיקליות טעם שוקו,גרמים,400.00,100 גרם,false,0,9.90,2.48,true,1,
7290013927033,false,עוגיות מעמול,,IL,עוגיות מעמול,גרמים,600.00,100 גרם,false,0,10.90,1.82,true,1,
7290013927040,false,עוגיות ממולאות,,IL,עוגיות ממולאות,גרמים,600.00,100 גרם,false,0,10.90,1.82,true,1,
7290013927064,false,עוג.גרנולה+ פירות יער400,"אחדות ביח""ר לטחינה",IL,עוגיות גרנולה,גרמים,400.00,100 גרם,false,0,9.90,2.48,true,1,
7290013927101,false,"עוגה ללת""ס תפו""ע 450 גרם","אחדות בע""מ א.ת. ברקן",IL,עוגת תפוח עץ,גרמים,450.00,100 גרם,false,0,11.90,2.64,true,1,
7290013927156,false,"עוגה ללת""ס פ.יער450ג","אחדות בע""מ א.ת. ברקן",IL,עוגת פירות יער,גרמים,450.00,100 גרם,false,0,11.90,2.64,true,1,
7290013927200,false,עוגת שוקוצ'יפס 400 גרם,"אחדות בע""מ א.ת. ברקן",IL,עוגת שוקוצ'יפס,גרמים,400.00,100 גרם,false,0,11.90,2.98,true,1,
7290013927323,false,עוגת בראוניס 400 גרם,"אחדות ביח""ר לטחינה",IL,עוגת בראוניס,גרמים,400.00,100 גרם,false,0,11.90,2.98,true,1,
7290013927514,false,רוגעלך קינמון יחי,,IL,רוגעלך קינמון,גרמים,400.00,100 גרם,false,1,9.90,2.48,true,1,
7290013927637,false,"חלווה  ללת""ס 400 גרם",,IL,"חלווה  ללת""ס",גרמים,400.00,100 גרם,false,1,13.90,3.48,true,1,
7290013927644,false,עוג.כתר בטעם תות 400גרם,,IL,עוגיות כתר תות,גרמים,400.00,100 גרם,false,1,9.90,2.48,true,1,
7290013927989,false,מאפין ממולא קרמל 50 גרם,"אחדות ביח""ר לטחינה",IL,מאפין ממולא קרמל,גרמים,50.00,100 גרם,false,1,1.90,3.80,true,1,
7290013927996,false,עוגת שמרים קרנץ 400 גרם,"אחדות ביח""ר לטחינה",IL,עוגת שמרים קרנץ,גרמים,400.00,100 גרם,false,1,10.90,2.73,true,1,
7290014002197,false,חליטת קמומיל ולימונית25ש,ויסוצקי,IL,חליטת קמומיל,גרמים,75.00,100 גרם,false,0,16.90,22.53,true,1,
7290014002203,false,חליטת לימונית לואיזה 25ש,ויסוצקי,IL,חליטת לימונית,גרמים,75.00,100 גרם,false,0,16.90,22.53,true,1,
7290014002944,false,חליטת חמדת שקד גן קסום25,ויסוצקי,IL,חליטת חמדת שקד,גרמים,57.00,100 גרם,false,0,16.90,29.65,true,1,
7290014066526,false,קפסולות תערובת הבית11 50,---,IL,קפסולות לנדוור,גרמים,50.00,100 גרם,false,1,14.90,29.80,true,1,
7290014066533,false,קפסולות קליה כפולה12 50ג,---,IL,קפסולות לנדוור,גרמים,50.00,100 גרם,false,1,14.90,29.80,true,1,
7290014072114,false,סלרי עלים קטיף כהלכה,קטיף.,IL,סלרי עלים קטיף כ,יחידה,1.00,יחידה,false,1,6.90,6.90,true,1,
7290014090040,false,אפונה 1.5קג,,,אפונה 1.5קג,קילוגרמים,1.50,"ק""ג",false,0,16.90,11.27,true,1,
7290014090064,false,שעועית חתוכה,,IL,שעועית חתוכה,קילוגרמים,1.50,"ק""ג",false,0,16.90,11.27,true,1,
7290014090071,false,שעועית צהובה,,IL,שעועית צהובה,קילוגרמים,1.50,"ק""ג",false,0,16.90,11.27,true,1,
7290014090460,false,שעועית שלמה עדינה 600 גר,הוראפרוסט,BE,שעועית שלמה 600ג,גרמים,600.00,100 גרם,false,1,11.90,1.98,true,1,
7290014090514,false,אפונה עדינה מאוד 600 גרם,הוראפרוסט,BE,אפונה עדינה 600ג,גרמים,600.00,100 גרם,false,1,11.90,1.98,true,1,
7290014090576,false,פולי סויה 450 גרם,עט רן,IL,פולי סויה,גרמים,450.00,100 גרם,false,0,9.90,2.20,true,1,
7290014090613,false,טורטיה 400 גרם,,IL,טורטיה 400 גרם,גרמים,400.00,100 גרם,false,0,13.90,3.48,true,1,
7290014170032,false,"תמר מג'הול ארוז 1 ק""ג",,IL,תמר מג'הול ארוז,קילוגרמים,1.00,"ק""ג",false,1,21.90,21.90,true,1,
7290014205000,false,צלחות גדולות 50 יחידות,,IL,צלחות גדולות,יחידה,1.00,יחידה,false,1,16.90,16.90,true,1,
7290014205017,false,צלחות קטנות 50 יחידות,,TR,צלחות קטנות לבן,יחידה,1.00,יחידה,false,1,9.90,9.90,true,1,
7290014205024,false,קעריות אובלי לבן 25 יח,,TR,קעריות אובלי,יחידה,1.00,יחידה,false,1,5.90,5.90,true,1,
7290014205031,false,לפתניה לבנה 25 יחי',,IL,לפתניה לבנה,יחידה,1.00,יחידה,false,1,4.90,4.90,true,1,
7290014205048,false,צלחות מרק 25 יחידות,,IL,צלחות מרק 'שווה',יחידה,1.00,יחידה,false,1,9.90,9.90,true,1,
7290014205062,false,"כוס ח""פ לשתיה קרה 100יח'",,IL,כוסות שקוף 100יח,יחידה,1.00,יחידה,false,1,8.90,8.90,true,1,
7290014205697,false,אננס חתוך בסירופ קל 565,,TH,אננס חתוך בסירופ,גרמים,565.00,100 גרם,false,1,7.90,1.40,true,1,
7290014206946,false,"צלחת קטנה שקוף ""שווה"" 20",שווה,IL,צלחת קטנה שקוף,יחידה,1.00,יחידה,false,1,9.90,9.90,true,1,
7290014206984,false,"קערות סלט שקופות ""שווה""",שווה,IL,קערות סלט,יחידה,1.00,יחידה,false,1,13.90,13.90,true,1,
7290014218505,false,"מארז פיצות בד""צ 3 יחידות","מעדנות בע""\מ",IL,מארז פיצות,יחידה,1.00,יחידה,false,1,29.90,29.90,true,1,
7290014256620,false,קריניאנו מבעבע באזז750מ,יקבי כרמל,IL,קריניאנו באזז,מיליליטרים,750.00,"100 מ""ל",false,0,24.90,3.32,true,1,
7290014288676,false,מגש אובלי בינוני צבעוני,שווה,IL,מגש אובלי בינוני,יחידה,1.00,יחידה,false,1,19.90,19.90,true,1,
7290014288706,false,קערות סלט ענקיות 10 יחי',שווה,IL,קערות סלט ענקיות,יחידה,1.00,יחידה,false,1,9.90,9.90,true,1,
7290014288720,false,"כוסות ח""פ 40 יח 330CC",,IL,"כוסות ח""פ 40 יח",יחידה,1.00,יחידה,false,1,9.90,9.90,true,1,
7290014325036,false,סוכריות גלי שמחות 600 גר,מיה תעשיות מזון מ.ת.מ. ב,IL,סוכריות גלי,גרמים,600.00,100 גרם,false,0,18.90,3.15,true,1,
7290014325050,false,קורנפלור 500 גרם,מיה תעשיות מזון מ.ת.מ. ב,IL,קורנפלור,גרמים,500.00,100 גרם,false,0,4.90,0.98,true,1,
7290014325135,false,קונפיטורה אוכמניות 340 ג,מיה תעשיות מזון מ.ת.מ. ב,IL,קונפיטורה,גרמים,340.00,100 גרם,false,0,8.90,2.62,true,1,
7290014325531,false,חמאת בוטנים 500 גרם,מיה תעשיות מזון מ.ת.מ. ב,IL,חמאת בוטנים,גרמים,500.00,100 גרם,false,0,12.90,2.58,true,1,
7290014397163,false,סנו פרש מילוי פלורל250מל,סנו מפעלי ברונוס בעמ,IL,סנו פרש פלורל,מיליליטרים,250.00,"100 מ""ל",false,1,14.90,5.96,true,1,
7290014397170,false,סנו פרש מילוי סופט 250מל,סנו מפעלי ברונוס בעמ,IL,סנו פרש סופט,מיליליטרים,250.00,"100 מ""ל",false,1,14.90,5.96,true,1,
7290014397279,false,שקיות מזון,,CN,שקיות מזון,יחידה,1.00,יחידה,false,0,9.90,9.90,true,1,
7290014397286,false,מרכך מרוכז חלב ודבש 1ל,סנו-מקסימה,IL,מרכך כביסה מרוכז,ליטרים,1.00,ליטר,false,0,15.90,15.90,true,1,
7290014397453,false,מסיר כתמים 3ליטר,,IL,מסיר כתמים 3ליטר,ליטרים,3.00,ליטר,false,0,26.90,8.97,true,1,
7290014397507,false,סנופרש מאסק מעוד,,IL,סנופרש מאסק מעוד,מיליליטרים,350.00,"100 מ""ל",false,0,10.90,3.11,true,1,
7290014397514,false,סנופרש כותנה,,IL,סנופרש כותנה,מיליליטרים,350.00,"100 מ""ל",false,0,10.90,3.11,true,1,
7290014397521,false,סנופרש לבנדר,,IL,סנופרש לבנדר,מיליליטרים,350.00,"100 מ""ל",false,0,10.90,3.11,true,1,
7290014397767,false,ריצפז פרש הום,,IL,ריצפז פרש הום,ליטרים,2.00,ליטר,false,0,19.90,9.95,true,1,
7290014397781,false,ריצפז פרש הום,,IL,ריצפז פרש הום,ליטרים,2.00,ליטר,false,0,19.90,9.95,true,1,
7290014455245,false,גרנה פדנו משולש 200 גרם,גרנה פדני איטליה,IT,גבינה גרנה פדנו,גרמים,200.00,100 גרם,false,1,23.90,11.95,true,1,
7290014455252,false,גרנה פדנו מגורדת 100 גרם,---,IT,גבינה גרנה פדנו,גרמים,100.00,100 גרם,false,1,10.90,10.90,true,1,
7290014455467,false,מעדן שיבולת שועל 150 גרם,מחלבות גד,IL,מעדן שיבולת שועל,גרמים,150.00,100 גרם,false,1,5.90,3.93,true,1,
7290014466463,false,"מוסקטו הר חרמון 750 מ""ל",יקב רמת הגולן,IL,הר חרמון מוסקטו,מיליליטרים,750.00,"100 מ""ל",false,0,32.90,4.39,true,1,
7290014499973,false,קשים מעוצבים 50 יח',,CN,קשים מעוצבים,יחידה,1.00,יחידה,false,0,6.90,6.90,true,1,
7290014674004,false,פירורים קריספ שומ+מלח300,---,IL,פירורי לחם קריספ,גרמים,300.00,100 גרם,false,1,7.90,2.63,true,1,
7290014731264,false,כוסות חד פעמיות 100 יח',,IL,כוסות חד פעמיות,יחידה,1.00,יחידה,false,1,6.90,6.90,true,1,
7290014758117,false,יוגורט ביו 8 יח,,IL,יוגורט ביו 8 יח,קילוגרמים,1.20,"ק""ג",false,0,15.90,13.25,true,1,
7290014758148,false,גבינת גלבוע,,IL,גבינת גלבוע,גרמים,400.00,100 גרם,false,0,19.90,4.98,true,1,
7290014759084,false,גבינת נפוליאון,,IL,גבינת נפוליאון,גרמים,225.00,100 גרם,false,0,13.90,6.18,true,1,
7290014759701,false,יופלה וניל 8 יח,,IL,יופלה וניל 8 יח,קילוגרמים,1.20,"ק""ג",false,0,19.90,16.58,true,1,
7290014760134,false,מעדן סויה בטעם וניל 125ג,---,IL,מעדן סויה וניל,גרמים,125.00,100 גרם,false,1,3.90,3.12,true,1,
7290014760141,false,משקה שקדים טרי 1 ליטר,סוי מג'יק,IL,משקה שקדים,ליטרים,1.00,ליטר,false,1,12.90,12.90,true,1,
7290014760516,false,גבינה צפתית 5%,,IL,גבינה צפתית 5%,גרמים,240.00,100 גרם,false,0,14.90,6.21,true,1,
7290014761018,false,גיל בטעם וניל,,IL,גיל בטעם וניל,גרמים,125.00,100 גרם,false,0,1.40,1.12,true,1,
7290014761056,false,יולו שוקולד חלב,,IL,יולו שוקולד חלב,גרמים,123.00,100 גרם,false,0,4.50,3.66,true,1,
7290014761063,false,יולו שוקולד מריר,,IL,יולו שוקולד מריר,גרמים,123.00,100 גרם,false,0,4.50,3.66,true,1,
7290014761193,false,פרילי פירות יער 125 גרם,מחלבת אלון תבור,IL,פרילי פירות יער,גרמים,125.00,100 גרם,false,0,3.50,2.80,true,1,
7290014761254,false,יוגורט 8 יחידות,,IL,יוגורט 8 יחידות,קילוגרמים,1.20,"ק""ג",false,0,15.90,13.25,true,1,
7290014761612,false,יולו שכבות שוקו.מריר122ג,מחלבת אלון תבור,IL,יולו שכבות שוקו.,גרמים,122.00,100 גרם,false,1,4.50,3.69,true,1,
7290014761698,false,"גב.צהובה סמי28% בד""צ600ג",---,IL,גבינה צהובה סמי,גרמים,600.00,100 גרם,false,1,29.90,4.98,true,1,
7290014905498,false,מטלית דו צדדית יח20,פרפלסט,TR,מטלית דו צדדית,יחידה,1.00,יחידה,false,0,11.90,11.90,true,1,
7290015008655,false,כפות שקוף 50  יחידות,,TR,כפות שקוף 50 יח',יחידה,1.00,יחידה,false,1,9.90,9.90,true,1,
7290015008662,false,מזלג שקוף 50 יח,,TR,מזלג שקוף 50 יח',יחידה,1.00,יחידה,false,1,9.90,9.90,true,1,
7290015008679,false,סכין שקוף 50 יח',,TR,סכין שקוף 50 יח',יחידה,1.00,יחידה,false,1,9.90,9.90,true,1,
7290015008686,false,כפיות שקוף 50 יח,,TR,כפות שקוף 50 יח',יחידה,1.00,יחידה,false,1,9.90,9.90,true,1,
7290015057202,false,חומץ טבעי 1 ליטר,,IL,חומץ טבעי 1 ליטר,ליטרים,1.00,ליטר,false,0,6.90,6.90,true,1,
7290015139465,false,מיקס בייגלה שוקולד חלב55,כרמית תעשיות ממתקים בעמ,IL,מיקס בייגלה55גרם,גרמים,55.00,100 גרם,false,1,4.90,8.91,true,1,
7290015139519,false,מיני וופל מצופה שוקולד55,כרמית,IL,מיני וופל מצופה,גרמים,55.00,100 גרם,false,1,4.90,8.91,true,1,
7290015139526,false,וופל בציפוי שוקולד 125 ג,כרמית,IL,וופל ציפוי שוקול,גרמים,125.00,100 גרם,false,1,9.90,7.92,true,1,
7290015150118,false,עגבניות חתוכות דק400*3ג,ויסוצקי,IT,עגבניות חתוכות,קילוגרמים,1.20,"ק""ג",false,1,16.90,14.08,true,1,
7290015153157,false,חצאי אפרסקים 820 גרם,קרונוס,GR,חצאי אפרסקים,גרמים,820.00,100 גרם,false,1,9.90,1.21,true,1,
7290015155311,false,שישיית פרינוק,,CZ,שישיית פרינוק,קילוגרמים,1.14,"ק""ג",false,0,19.90,17.46,true,1,
7290015155328,false,שישיית פרינוק,,CZ,שישיית פרינוק,קילוגרמים,1.14,"ק""ג",false,0,19.90,17.46,true,1,
7290015155335,false,שישיית פרינוק,,CZ,שישיית פרינוק,קילוגרמים,1.14,"ק""ג",false,0,19.90,17.46,true,1,
7290015193849,false,ארומה קרקר מלח 300 גרם,---,IL,קרקר מלח,גרמים,300.00,100 גרם,false,1,6.90,2.30,true,1,
7290015194204,false,דגני בוקר מולטי כוכביםXL,אשבול,IL,מולטי כוכבים600ג,גרמים,600.00,100 גרם,false,1,12.90,2.15,true,1,
7290015194228,false,ד.בוקר מולטי שוקו ונילXL,אשבול,IL,מולטי  שוקו וניל,גרמים,600.00,100 גרם,false,1,12.90,2.15,true,1,
7290015194235,false,דגני בוקר מולטי שוקולדXL,אשבול,IL,מולטי שוקולד600ג,גרמים,600.00,100 גרם,false,1,12.90,2.15,true,1,
7290015194556,false,קרמלי חלבה 70 גרם,אשבול,IL,קרמלי חלבה,גרמים,70.00,100 גרם,false,1,3.90,5.57,true,1,
7290015257114,false,קינוחי כוורת,,CN,קינוחי כוורת,יחידה,1.00,יחידה,false,0,14.90,14.90,true,1,
7290015282598,false,חומוס מסעדות 200 גרם,סלטי שמיר,IL,חומוס,גרמים,200.00,100 גרם,false,0,9.90,4.95,true,1,
7290015282604,false,טחינה מיוחדת 200 גרם,סלטי שמיר,IL,טחינה מיוחדת,גרמים,200.00,100 גרם,false,0,9.90,4.95,true,1,
7290015282628,false,חציל בטעם כבד 200 גרם,סלטי שמיר,IL,חציל בטעם כבד,גרמים,200.00,100 גרם,false,0,12.90,6.45,true,1,
7290015282635,false,חומוס מסבחה 200 גרם,סלטי שמיר,IL,חומוס מסבחה,גרמים,200.00,100 גרם,false,0,9.90,4.95,true,1,
7290015282642,false,חומוס אבו גוש 200 גרם,סלטי שמיר,IL,חומוס אבו גוש,גרמים,200.00,100 גרם,false,0,9.90,4.95,true,1,
7290015282673,false,חציל במיונז ביתי 200 גרם,סלטי שמיר,IL,חציל במיונז,גרמים,200.00,100 גרם,false,0,9.90,4.95,true,1,
7290015282697,false,כרוב אדום 200 גרם,סלטי שמיר,IL,כרוב אדום,גרמים,200.00,100 גרם,false,0,12.90,6.45,true,1,
7290015282734,false,מטבוחה 200 גרם,סלטי שמיר,IL,מטבוחה 200 גרם,גרמים,200.00,100 גרם,false,0,12.90,6.45,true,1,
7290015339483,false,ערמונים 100גרם,טעמן,IL,ערמונים 100גרם,גרמים,100.00,100 גרם,false,0,5.90,5.90,true,1,
7290015339629,false,ש.חלב שברי אגוזים 100גר,HALBA,CH,שוקולד אגוזים,גרמים,100.00,100 גרם,false,1,7.90,7.90,true,1,
7290015339643,false,"שוקולד מריר בד""ץ 100 גרם",HALBA,CH,שוקולד מריר.,גרמים,100.00,100 גרם,false,1,6.90,6.90,true,1,
7290015339933,false,ריבת חלב 340 גרם,טעמן,IL,ריבת חלב,גרמים,340.00,100 גרם,false,0,13.90,4.09,true,1,
7290015347259,false,פירורי לחם מוזהבים 400 ג,מיה תעשיות מזון מ.ת.מ. ב,IL,פירורי לחם מוזהב,גרמים,400.00,100 גרם,false,1,5.90,1.48,true,1,
7290015347280,false,מעדן תות 280 גרם,---,BG,מעדן תות,גרמים,280.00,100 גרם,false,1,14.90,5.32,true,1,
7290015347303,false,מעדן אוכמניות 280 גרם,---,BG,מעדן אוכמניות,גרמים,280.00,100 גרם,false,1,14.90,5.32,true,1,
7290015347464,false,קינואה מעורבת 400 גרם,מיה תעשיות מזון מ.ת.מ. ב,IL,קינואה מעורבת,גרמים,400.00,100 גרם,false,1,19.90,4.98,true,1,
7290015347488,false,"סוכר דמררה בשקית 1 ק""ג",מיה תעשיות מזון מ.ת.מ. ב,IL,סוכר דמררה,קילוגרמים,1.00,"ק""ג",false,0,9.90,9.90,true,1,
7290015347556,false,גבישי שום 300 גרם,מיה,IL,גבישי שום300גרם,גרמים,300.00,100 גרם,false,1,24.90,8.30,true,1,
7290015347679,false,"צילי גרוס בצנצנת כשל""פ 7",מיה תעשיות מזון מ.ת.מ. ב,IL,צילי גרוס,גרמים,70.00,100 גרם,false,1,7.90,11.29,true,1,
7290015366663,false,משחה אקווה פרש עדין100,MICLEN DE,SK,משחה אקווה פרש,מיליליטרים,100.00,"100 מ""ל",false,1,6.90,6.90,true,1,
7290015366670,false,משחה אקווה פרש מנטה 100,MICLEN DE,SK,משחה אקווה פרש,מיליליטרים,100.00,"100 מ""ל",false,1,6.90,6.90,true,1,
7290015573061,false,"מי פה כשר לפסח 120 מ""ל",,IL,מי פה כשר לפסח,מיליליטרים,120.00,"100 מ""ל",false,1,11.90,9.92,true,1,
7290015664608,false,מרקיות לבנות 50 יחידות,טעמן,IL,מרקיות לבנות,יחידה,1.00,יחידה,false,1,7.90,7.90,true,1,
7290015690072,false,צ'יק צ'אק פלאפל 190 גרם,"10 ברוס ע.ט בע""מ",IL,צ'יק צ'אק פלאפל,גרמים,190.00,100 גרם,false,1,3.90,2.05,true,1,
7290015839075,false,"שטרודל גבינה ללת""ס 500 ג","נתי שטרודל וינאי בע""מ",IL,שטרודל 500 גרם,גרמים,500.00,100 גרם,false,1,25.90,5.18,true,1,
7290015856607,false,קרקר תירוש בציפוי שוק175,מגדנית הדר,IL,קרקר תירוש,גרמים,175.00,100 גרם,false,1,6.90,3.94,true,1,
7290015856621,false,ביסקוויט תירוש קרמל175גר,מגדנית הדר,IL,ביסקוויט תירוש,גרמים,175.00,100 גרם,false,1,6.90,3.94,true,1,
7290015856812,false,הביסקוויט של ה-בטעם וניל,אפיפית,IL,הביסקוויט של ה-,גרמים,200.00,100 גרם,false,1,4.90,2.45,true,1,
7290015856973,false,"פתיבר לל""ס וניל 150 גרם",הדר,IL,"פתיבר לל""ס 150גר",גרמים,150.00,100 גרם,false,1,5.90,3.93,true,1,
7290015856980,false,"פתיבר לל""ס טעם שוקולד",הדר,IL,"פתיבר לל""ס 150גר",גרמים,150.00,100 גרם,false,1,5.90,3.93,true,1,
7290015879729,false,תערובת לאפיה ללא גלוטן.,,IT,תערובת לאפיה,גרמים,500.00,100 גרם,false,1,14.90,2.98,true,1,
7290016006292,false,ספרינג מנגו בננה מלון1ל,"יפאורה תבורי בע""\מ",IL,נקטר ספרינג,ליטרים,1.00,ליטר,false,1,6.10,6.10,true,1,
7290016087123,false,רוטב עגב.מתובל קלאסי240ג,פריניר,IL,רוטב עגבניות,גרמים,240.00,100 גרם,false,1,5.50,2.29,true,1,
7290016087147,false,רוטב עגב.מתובל לפיצה240ג,פריניר,IL,רוטב עגבניות,גרמים,240.00,100 גרם,false,1,5.50,2.29,true,1,
7290016087239,false,רוטב עגב.שקשוקה פיקנ230ג,פריניר,IL,רוטב עגבניות,גרמים,230.00,100 גרם,false,1,5.50,2.39,true,1,
7290016096507,false,טונה בשמן קנולה80*3 גרם,תעשיות פילטונה,IL,3טונה בשמן קנולה,גרמים,240.00,100 גרם,false,1,11.90,4.96,true,1,
7290016096613,false,שישיות פילטונה בשמן צמחי,"תעשיות פילטונה בע""מ",IL,שישיות פילטונה,גרמים,840.00,100 גרם,false,1,28.90,3.44,true,1,
7290016096637,false,שישיות פילטונה שמן קנולה,"תעשיות פילטונה בע""מ",IL,שישיות פילטונה,גרמים,840.00,100 גרם,false,1,28.90,3.44,true,1,
7290016096651,false,שישיות פיל טונה במי מלח,"תעשיות פילטונה בע""מ",IL,שישיות פיטונה,גרמים,840.00,100 גרם,false,1,28.90,3.44,true,1,
7290016096811,false,ממרח טונה 160*4 גרם,פילטונה,IL,ממרח טונה 4 יח,גרמים,640.00,100 גרם,false,1,21.90,3.42,true,1,
7290016096934,false,סלט טונה פילטונה 160*2ג,תעשיות פילטונה,IL,סלט טונה 2 יח,גרמים,320.00,100 גרם,false,1,12.90,4.03,true,1,
7290016098297,false,עוג.מיני רולקס 180 גרם,הגביע,IL,עוגיות 180 גרם,גרמים,180.00,100 גרם,false,1,4.90,2.72,true,1,
7290016104370,false,"תמצית אפייה רום 50 מ""ל",פוליבה,IL,תמצית אפייה,מיליליטרים,50.00,"100 מ""ל",false,1,2.90,5.80,true,1,
7290016106671,false,נתחי טונה בשמן 140 גרם,,IL,טונה בשמן,גרמים,140.00,100 גרם,false,1,4.90,3.50,true,1,
7290016106688,false,נתחי טונה במים 140 גרם,,IL,טונה במים,גרמים,140.00,100 גרם,false,1,4.90,3.50,true,1,
7290016144017,false,"קמח חיטה מלאה 100% 1 ק""ג",קמח מלכים,IL,קמח חיטה מלאה,קילוגרמים,1.00,"ק""ג",false,1,9.90,9.90,true,1,
7290016144055,false,"קמח כוסמין 80% מנופה1ק""ג",קמח מלכים,IL,קמח כוסמין 80%,קילוגרמים,1.00,"ק""ג",false,1,16.90,16.90,true,1,
7290016197617,false,דיפנד תחבושות  אקסטרה10י,קימברלי קלארק,VN,תחבושות דיפנד,יחידה,1.00,יחידה,false,1,19.90,19.90,true,1,
7290016217643,false,חמוצים סיני אסלי 400 גרם,סלטי שמיר,IL,חמוצים סיני,גרמים,400.00,100 גרם,false,1,10.90,2.73,true,1,
7290016304404,false,לחם כוסמין 600 גרם,מאפיית דוידוביץ ובניו בע,IL,לחם כוסמין,גרמים,600.00,100 גרם,false,1,11.90,1.98,true,1,
7290016304596,false,לחמניות לסנדביץ' 10 יח,מאפיית דוידוביץ,IL,לחמניות לסנדביץ',גרמים,750.00,100 גרם,false,1,9.90,1.32,true,1,
7290016304640,false,לחמניות כוסמין 60*6 גרם,מאפיית דוידוביץ,IL,6 לחמניות כוסמין,גרמים,360.00,100 גרם,false,1,8.90,2.47,true,1,
7290016314762,false,פרובנציאל מטיאס 200 גרם,---,IL,פרובנציאל מטיאס,גרמים,200.00,100 גרם,false,1,16.90,8.45,true,1,
7290016314779,false,פילה מטיאס הולנדי 200גרם,---,IL,פילה מטיאס,גרמים,200.00,100 גרם,false,1,16.90,8.45,true,1,
7290016314786,false,הרינג כבוש עם בצל 220 גר,---,IL,הרינג כבוש,גרמים,220.00,100 גרם,false,1,16.90,7.68,true,1,
7290016314847,false,סלמון מובחר 100גרם,---,IL,סלמון מובחר,גרמים,100.00,100 גרם,false,1,19.90,19.90,true,1,
7290016314946,false,פילה מקרל מעושן 120 גרם,---,IL,פילה מקרל מעושן,גרמים,120.00,100 גרם,false,1,17.90,14.92,true,1,
7290016319194,false,"עוג.סנדויץ ללת""ס וניל300",אפיפית,IL,עוגיות סנדוויץ,גרמים,300.00,100 גרם,false,1,17.90,5.97,true,1,
7290016320343,false,דאק לאסלה לבנדר 750*2 מל,אס. סי. ג'\ונסון מידרכט,NL,דאק לאסלה זוג,ליטרים,1.50,ליטר,false,1,18.90,12.60,true,1,
7290016329278,false,מגבונים לתינוק קמיל בלו,פישר מעבדות פרמצבטיות בע,IL,מגבונים קמיל בלו,יחידה,1.00,יחידה,false,1,19.90,19.90,true,1,
7290016370010,false,זיתים טבעות מוגדל 650 גר,קבוצת יבנה,IL,זיתים טבעות,גרמים,650.00,100 גרם,false,1,9.90,1.52,true,1,
7290016370027,false,זית חרוזית מוגדלת 650 גר,קבוצת יבנה,IL,זית חרוזית,גרמים,650.00,100 גרם,false,1,9.90,1.52,true,1,
7290016372342,false,עגבנ.חתוכות קוביות400*3ג,גרנד איטליה,IT,עגבניות חתוכ3.יח,קילוגרמים,1.20,"ק""ג",false,1,16.90,14.08,true,1,
7290016400038,false,"תבניות אלומיניום ח""פ R99",,CN,תבניות אלומיניום,יחידה,1.00,יחידה,false,1,6.90,6.90,true,1,
7290016411164,false,פרחי כרובית מוקפאים 600ג,י.ש. ירקות עליים,IL,כרובית צפראי 600,גרמים,600.00,100 גרם,false,1,34.90,5.82,true,1,
7290016411188,false,פרחי ברוקלי מוקפאים 600ג,י.ש. ירקות עליים,IL,ברוקולי 600 גרם,גרמים,600.00,100 גרם,false,1,34.90,5.82,true,1,
7290016411706,false,כוסברה הרב לנדאו ביכורי,,IL,כוסברה קטיף הטבע,יחידה,1.00,יחידה,false,1,5.90,5.90,true,1,
7290016411713,false,שמיר הרב לנדאו ביכורי שד,,IL,שמיר קטיף הטבע,יחידה,1.00,יחידה,false,1,5.90,5.90,true,1,
7290016411720,false,נענע הרב לנדאו ביכורי שד,,IL,נענע קטיף הטבע,יחידה,1.00,יחידה,false,1,5.90,5.90,true,1,
7290016411737,false,פטרוזיליה הרב לנדאו ביכו,,IL,פטרוזיליה קטיף ה,יחידה,1.00,יחידה,false,1,5.90,5.90,true,1,
7290016411744,false,כרוב לבן שלם הרב לנדאו ב,,IL,כרוב שלם קטיף הט,קילוגרמים,0.00,"ק""ג",true,1,13.90,13.90,true,1,
7290016411751,false,חסה הרב לנדאו ביכורי שדה,,IL,חסה קטיף הטבע,יחידה,1.00,יחידה,false,1,6.90,6.90,true,1,
7290016411768,false,בצל ירוק הרב לנדאו,,IL,בצל ירוק קטיף הט,יחידה,1.00,יחידה,false,1,6.90,6.90,true,1,
7290016411775,false,סלרי הרב לנדאו ביכורי שד,,IL,סלרי עלים קטיף ה,יחידה,1.00,יחידה,false,1,6.90,6.90,true,1,
7290016416961,false,מוס גבינה תות שדה 400 ג,קפולסקי,IL,מוס גבינה תות,גרמים,400.00,100 גרם,false,1,29.90,7.48,true,1,
7290016416992,false,עוגת דובוש ביסקויטים400ג,תופינים מקבוצת קפולסקי,IL,עוגת דובוש,גרמים,400.00,100 גרם,false,1,29.90,7.48,true,1,
7290016439601,false,ממרח תמרים 450 גרם,"משק צור עין יהב בע""מ",IL,ממרח תמרים 450גר,גרמים,450.00,100 גרם,false,1,6.90,1.53,true,1,
7290016496208,false,פתיל צף מוכן,שלהבת,IN,פתיל פקק צף עגול,יחידה,1.00,יחידה,false,1,5.90,5.90,true,1,
7290016509786,false,ג'ל כביסה פרסיל 2.5 ליטר,"הנקל סוד בע""\מ",IL,ג'ל כביסה פרסיל,ליטרים,2.50,ליטר,false,1,32.90,13.16,true,1,
7290016509809,false,ג'ל כב.פרסיל קולור 2.5 ל,"הנקל סוד בע""\מ",IL,ג'ל כביסה פרסיל,ליטרים,2.50,ליטר,false,1,32.90,13.16,true,1,
7290016510775,false,קרם רחצה הוואי שמימיי700,טרופיקל דגיל בעמ,IL,קרם רחצה הוואי,מיליליטרים,700.00,"100 מ""ל",false,1,8.90,1.27,true,1,
7290016510898,false,שמפו הוואי פרחי דובדב700,טרופיקל דגיל,IL,שמפו הוואי,מיליליטרים,700.00,"100 מ""ל",false,1,9.90,1.41,true,1,
7290016524871,false,מיני במיה קפואה 500 גרם,,EG,מיני במיה קפואה,גרמים,500.00,100 גרם,false,1,14.90,2.98,true,1,
7290016542509,false,טוסקניה מבעבע יבש 750 מל,קבוצת וקסמן קרקוב פולין,PL,טוסקניה יבש,מיליליטרים,750.00,"100 מ""ל",false,1,14.90,1.99,true,1,
7290016621341,false,אל סבון צהוב קמיל 1ליטר,פישר מעבדות פרמצבטיות בע,IL,אל סבון קמיל,ליטרים,1.00,ליטר,false,1,12.90,12.90,true,1,
7290016621358,false,אל סבון ורוד קמיל 1ליטר,פישר מעבדות פרמצבטיות בע,IL,אל סבון קמיל,ליטרים,1.00,ליטר,false,1,12.90,12.90,true,1,
7290016693041,false,אמירים רזרב קברנה ס.,יקבי ארזה,IL,אמירים רזרב קברנ,מיליליטרים,750.00,"100 מ""ל",false,1,18.90,2.52,true,1,
7290016693058,false,אמירים רזרב מרלו,יקבי ארזה,IL,אמירים רזרב מרלו,מיליליטרים,750.00,"100 מ""ל",false,1,18.90,2.52,true,1,
7290016693065,false,אמירים רזרב אמרלד רוזה,יקבי ארזה,IL,אמירים רזרב א.רו,מיליליטרים,750.00,"100 מ""ל",false,1,18.90,2.52,true,1,
7290016693546,false,"עונות קברנה ס. 750 מ""ל",יקבי ארזה,IL,קברנה סוביניון,מיליליטרים,750.00,"100 מ""ל",false,1,22.90,3.06,true,1,
7290016717051,false,"רימון מבעבע באזז 750 מ""ל",יקבי כרמל,IL,רימון באזז,מיליליטרים,750.00,"100 מ""ל",false,1,24.90,3.32,true,1,
7290016717617,false,תירוש כרמל אדום 1.2 ליטר,יקבי כרמל,IL,מיץ ענבים תירוש,ליטרים,1.20,ליטר,false,1,19.90,16.58,true,1,
7290016717754,false,"יין ישן נושן 750 מ""ל",אגודת הכורמים הקואופרטיב,IL,יין ישן נושן,מיליליטרים,750.00,"100 מ""ל",false,1,17.90,2.39,true,1,
7290016717976,false,"אפרסק מבעבע באזז 750 מ""ל",---,IL,ספארקלינג אפרסק,מיליליטרים,750.00,"100 מ""ל",false,1,24.90,3.32,true,1,
7290016806168,false,תירס בוואקום 340 גרם,EKO,HU,תירס בוואקום340ג,גרמים,340.00,100 גרם,false,1,5.50,1.62,true,1,
7290016806205,false,קורנפלקס 750 גרם,CERERA,LE,קורנפלקס 750 גרם,גרמים,750.00,100 גרם,false,1,14.90,1.99,true,1,
7290016867008,false,לחם מחמצת כוסמין 750 גרם,המאפה של דר' מארק,IL,לחם מחמצת,גרמים,750.00,100 גרם,false,1,17.90,2.39,true,1,
7290016867046,false,פיתות קלות כוסמין 6 יח',,IL,פיתות קלות 6 יח,גרמים,303.00,100 גרם,false,1,14.90,4.92,true,1,
7290016867053,false,לחם קל כוסמין+מחמצת450ג,,IL,לחם קל כוסמין,גרמים,450.00,100 גרם,false,1,18.90,4.20,true,1,
7290016867176,false,לחמ.קלות שומ.כוסמין 351ג,,IL,לחמניות קלות,גרמים,351.00,100 גרם,false,1,13.90,3.96,true,1,
7290016867350,false,פיתות קלות כוסמין מארז,המאפה של דר' מארק,IL,פיתות קלות 5יח,גרמים,350.00,100 גרם,false,1,13.90,3.97,true,1,
7290017008813,false,בשר מס 8 שריר זרוע שקיל,וינר פוד,BR,בשר מס 8 שריר,קילוגרמים,0.00,"ק""ג",true,1,39.90,39.90,true,1,
7290017062853,false,קצף ניקוי כללי פלירוסול,סאסאטק,IL,קצף ניקוי כללי,מיליליטרים,500.00,"100 מ""ל",false,1,21.90,4.38,true,1,
7290017065137,false,ריקוטה למריחה 5% 200 גרם,מחלבות גד,IL,ריקוטה למריחה,גרמים,200.00,100 גרם,false,1,9.90,4.95,true,1,
7290017065144,false,ריקוטה בזיליקום5% 200גרם,מחלבות גד,IL,ריקוטה למריחה,גרמים,200.00,100 גרם,false,1,9.90,4.95,true,1,
7290017068206,false,צימוקים בהירים 350 גרם,---,IL,צימוקים בהירים,גרמים,350.00,100 גרם,false,1,14.90,4.26,true,1,
7290017068213,false,חמוציות חתוכות 350 גרם,---,IL,חמוציות חתוכות,גרמים,350.00,100 גרם,false,1,14.90,4.26,true,1,
7290017068237,false,שזיפים ללא גלעין 350 גרם,מיה,IL,שזיפים ללא גלעין,גרמים,350.00,100 גרם,false,1,14.90,4.26,true,1,
7290017068343,false,חמוציות מיובשות 150 גרם,מיה,IL,חמוציות חתוכות,גרמים,150.00,100 גרם,false,1,19.90,13.27,true,1,
7290017068848,false,סוכריות צבעוניות לקישוט,מיה,IL,סוכריות צבעוניות,גרמים,200.00,100 גרם,false,1,7.90,3.95,true,1,
7290017068886,false,ג'לי דובונים 350 גרם,---,IL,ג'לי דובונים,גרמים,350.00,100 גרם,false,1,16.90,4.83,true,1,
7290017068916,false,ג'לי טבעות 350 גרם,---,IL,ג'לי טבעות,גרמים,350.00,100 גרם,false,1,16.90,4.83,true,1,
7290017068923,false,ג'לי בינס קרנבל 375 גרם,---,IL,ג'לי בינס קרנבל,גרמים,375.00,100 גרם,false,1,16.90,4.51,true,1,
7290017079769,false,"מחית תפו""ע ובננה 120 גרם",פרוטה פודיוין איי.אס,CZ,"מחית תפו""ע ובננה",גרמים,120.00,100 גרם,false,1,3.90,3.25,true,1,
7290017079783,false,מחית תפוח עץ 120 גרם,פרוטה פודיוין איי.אס,CZ,מחית תפוח עץ,גרמים,120.00,100 גרם,false,1,3.90,3.25,true,1,
7290017079790,false,מחית פירות מעורבים 120 ג,פרוטה פודיוין איי.אס,CZ,מחית פירות,גרמים,120.00,100 גרם,false,1,3.90,3.25,true,1,
7290017079950,false,סרדין בשמן קנולה ולימון,,MA,סרדין בשמן קנולה,גרמים,125.00,100 גרם,false,1,7.90,6.32,true,1,
7290017079967,false,סרדינים בשמן קנולה 125גר,,MA,סרדינים 125 גרם,גרמים,125.00,100 גרם,false,1,7.90,6.32,true,1,
7290017079974,false,סרדינים עם פלפל חריף125ג,,MA,סרדינים 125 גרם,גרמים,125.00,100 גרם,false,1,7.90,6.32,true,1,
7290017094830,false,סלט גזר פיקנטי 400 גרם,,IL,גזר פיקנטי אסלי,גרמים,400.00,100 גרם,false,1,10.90,2.73,true,1,
7290017094847,false,"סלט תפו""א אסלי 400 גרם",,IL,"סלט תפו""א אסלי",גרמים,400.00,100 גרם,false,1,10.90,2.73,true,1,
7290017094854,false,קולסלאו אסלי 400 גרם,,IL,קולסלאו אסלי,גרמים,400.00,100 גרם,false,1,10.90,2.73,true,1,
7290017094861,false,חומוס מסבחה אסלי 400 גרם,,IL,חומוס אסלי מסבחה,גרמים,400.00,100 גרם,false,1,10.90,2.73,true,1,
7290017129518,false,אגו מיקס חלב ולבן 55 גרם,כרמית,IL,אגו מיקסים,גרמים,55.00,100 גרם,false,1,4.90,8.91,true,1,
7290017239101,false,סלמון אטלנטי בעישון קר,ARBA,IL,סלמון אטלנטי,גרמים,100.00,100 גרם,false,1,19.90,19.90,true,1,
7290017240039,false,דלעת ארוזה שקיל,,IL,דלעת ארוזה,קילוגרמים,0.00,"ק""ג",true,1,11.90,11.90,true,1,
7290017266046,false,וופל עלמה קראנצ' 30 יח',גילרו,IL,וופל עלמה קראנצ',גרמים,600.00,100 גרם,false,1,12.90,2.15,true,1,
7290017266398,false,גלילי וופל למילוי 150 גר,---,IL,גלילי ופל למילוי,גרמים,150.00,100 גרם,false,1,17.90,11.93,true,1,
7290017266503,false,"גליל ופל ללת""ס עלמה 100ג",---,IL,"גליל ופל ללת""ס",גרמים,100.00,100 גרם,false,1,6.90,6.90,true,1,
7290017266725,false,וופל קראנצ במילוי שוקולד,גילרו,IL,וופל קראנצ,גרמים,600.00,100 גרם,false,1,12.90,2.15,true,1,
7290017266909,false,וופל בטעם שוקולד 200 גרם,גילרו,IL,וופל שוקולד 200ג,גרמים,200.00,100 גרם,false,1,4.90,2.45,true,1,
7290017266916,false,וופל בטעם לימון 200 גרם,גילרו,IL,וופל בטעם לימון,גרמים,200.00,100 גרם,false,1,4.90,2.45,true,1,
7290017275086,false,"עוגיות ללת""ס בטעם תות 35",,IL,"עוגיות ללת""ס תות",גרמים,350.00,100 גרם,false,1,9.90,2.83,true,1,
7290017275130,false,עוגת שמרים אישית פרג 120,,IL,עוגת שמרים אישית,גרמים,120.00,100 גרם,false,1,3.90,3.25,true,1,
7290017275147,false,עוגת שמרים אישית דניש קי,,IL,עוגת שמרים אישית,גרמים,120.00,100 גרם,false,1,3.90,3.25,true,1,
7290017275154,false,עוגת שמרים אישית שוקולד,,IL,עוגת שמרים אישית,גרמים,120.00,100 גרם,false,1,3.90,3.25,true,1,
7290017275338,false,טחינה גולמית 500 גרם אחו,,IL,טחינה גולמית500ג,גרמים,500.00,100 גרם,false,1,12.90,2.58,true,1,
7290017275345,false,טחינה בקבוק לחיץ,,IL,טחינה בקבוק לחיץ,גרמים,350.00,100 גרם,false,1,9.90,2.83,true,1,
7290017275369,false,טחינה משומשום מלא 500 ג',,IL,טחינה משומשום,גרמים,500.00,100 גרם,false,1,12.90,2.58,true,1,
7290017275413,false,מיני קצפיות בטעם וניל אח,,IL,מיני קצפיות140ג,גרמים,140.00,100 גרם,false,1,9.90,7.07,true,1,
7290017275420,false,מיני קצפיות בטעם תות אחד,,IL,מיני קצפיות140ג,גרמים,140.00,100 גרם,false,1,9.90,7.07,true,1,
7290017275437,false,מיני קצפיות בטעם פרות אח,,IL,מיני קצפיות 140ג,גרמים,140.00,100 גרם,false,1,9.90,7.07,true,1,
7290017275482,false,"סירופ בטעם ענבים 900 מ""ל",אחדות,IL,סירופ ענבים,מיליליטרים,900.00,"100 מ""ל",false,1,17.90,1.99,true,1,
7290017275499,false,"סירופ בטעם אננס 900 מ""ל",אחדות,IL,סירופ אננס,מיליליטרים,900.00,"100 מ""ל",false,1,17.90,1.99,true,1,
7290017275505,false,"סירופ בטעם פטל 900 מ""ל",אחדות,IL,סירופ פטל,מיליליטרים,900.00,"100 מ""ל",false,1,17.90,1.99,true,1,
7290017275710,false,חטיפי בננית במגש 12 יח',,IL,חטיפי בננית במגש,יחידה,1.00,יחידה,false,1,11.90,11.90,true,1,
7290017275727,false,חטיפי תותית במגש 12 יח',,IL,חטיפי תותית במגש,יחידה,1.00,יחידה,false,1,11.90,11.90,true,1,
7290017275741,false,חלווה אגוזי לוז 400 גר א,,IL,חלווה אגוזי לוז,גרמים,400.00,100 גרם,false,1,14.90,3.73,true,1,
7290017285702,false,"סרקל קרם רוזמרין 325 מ""ל",פישר מעבדות פרמצבטיות בע,IL,סרקל קרם רוזמרין,מיליליטרים,325.00,"100 מ""ל",false,1,22.90,7.05,true,1,
7290017297699,false,רוטב עגבניות 100 גרם,ויטה,IL,רוטב עגבניות,גרמים,100.00,100 גרם,false,1,2.50,2.50,true,1,
7290017297705,false,רוטב עגבניות 240 גרם,ויטה,IL,רוטב עגבניות,גרמים,240.00,100 גרם,false,1,5.80,2.42,true,1,
7290017406992,false,פתיתים בצורת קוסקוס 400,אובה מקרנה ציליק,TR,פתיתים,גרמים,400.00,100 גרם,false,1,4.90,1.23,true,1,
7290017418377,false,מאגדת מיני קראש עוגיות,"לבס תעשיות מזון בע""מ",IL,מאגדת מיני קראש,גרמים,150.00,100 גרם,false,1,14.90,9.93,true,1,
7290017418384,false,מאגדת מיני קראש קורנפלקס,"לבס תעשיות מזון בע""מ",IL,מאגדת מיני קראש,גרמים,150.00,100 גרם,false,1,14.90,9.93,true,1,
7290017440934,false,קמיל בלו קלאסי אל סבון,CHEMIPAL  FISHER (BIO,IL,אל סבון 1 ליטר,ליטרים,1.00,ליטר,false,1,21.90,21.90,true,1,
7290017476940,false,"בורגול דק-גרישה 1 ק""ג",ארוז על ידי דין שיווק וק,IL,"בורגול דק 1ק""ג",קילוגרמים,1.00,"ק""ג",false,1,9.90,9.90,true,1,
7290017476957,false,"בורגול עבה 1 ק""ג",ארוז על ידי דין שיווק וק,IL,"בורגול עבה 1 ק""ג",קילוגרמים,1.00,"ק""ג",false,1,9.90,9.90,true,1,
7290017476988,false,"חומוס ענק 1 ק""ג",ארוז על ידי דין שיווק וק,IL,"חומוס ענק 1 ק""ג",קילוגרמים,1.00,"ק""ג",false,1,19.90,19.90,true,1,
7290017476995,false,"חיטה 1 ק""ג",ארוז על ידי דין שיווק וק,IL,"חיטה 1 ק""ג",קילוגרמים,1.00,"ק""ג",false,1,9.90,9.90,true,1,
7290017477008,false,"כוסמת 1 ק""ג",ארוז על ידי דין שיווק וק,IL,"כוסמת 1 ק""ג",קילוגרמים,1.00,"ק""ג",false,1,12.90,12.90,true,1,
7290017477015,false,"עדשים כתומות 1 ק""ג",דין שיווק,IL,עדשים כתומות1קג,קילוגרמים,1.00,"ק""ג",false,1,12.90,12.90,true,1,
7290017477022,false,"עדשים ירוקות 1 ק""ג",ארוז על ידי דין שיווק וק,IL,עדשים ירוקות1קג,קילוגרמים,1.00,"ק""ג",false,1,12.90,12.90,true,1,
7290017477039,false,"עדשים שחורות 1 ק""ג",ארוז על ידי דין שיווק וק,IL,עדשים שחורות,קילוגרמים,1.00,"ק""ג",false,1,12.90,12.90,true,1,
7290017477077,false,"שעועית לבנה 1 ק""ג",ארוז על ידי דין שיווק וק,IL,"שעועית לבנה1 ק""ג",קילוגרמים,1.00,"ק""ג",false,1,14.90,14.90,true,1,
7290017595047,false,זוג כוסיות לנרונים שלהבת,שלהבת,IL,זוג כוסיות שלהבת,יחידה,1.00,יחידה,false,1,13.90,13.90,true,1,
7290017595054,false,זוג כוסיות לנרונים,,IL,זוג כוסיות לנרונ,יחידה,1.00,יחידה,false,1,6.90,6.90,true,1,
7290017595061,false,כוסיות לנרונים 2 יח',,CN,כוסיות לנר,יחידה,1.00,יחידה,false,1,5.90,5.90,true,1,
7290017599229,false,סוכרזית סוכרלוז200טבליות,ביסקול,IL,סוכרזית סוכרלוז,גרמים,17.00,100 גרם,false,1,25.90,152.35,true,1,
7290017599250,false,סוכרזית קלאסי 120 שקיות,ביסקול בע''מ,IL,סוכרזית קלאסי,גרמים,120.00,100 גרם,false,1,17.90,14.92,true,1,
7290017615295,false,קובה בטעם בשר 10 יחידות,,IL,קובה בטעם בשר,יחידה,1.00,יחידה,false,1,19.90,19.90,true,1,
7290017615301,false,"פסטלים במילוי תפו""א700גר",,IL,פסטלים 700 גרם,גרמים,700.00,100 גרם,false,1,19.90,2.84,true,1,
7290017615332,false,סיגרים בטעם בשר 500 גרם,,IL,סיגרים בטעם בשר,גרמים,500.00,100 גרם,false,1,19.90,3.98,true,1,
7290017615356,false,כדורי פלאפל 700 גרם,,IL,כדורי פלאפל,גרמים,700.00,100 גרם,false,1,19.90,2.84,true,1,
7290017616933,false,"צ'יפס בלגי 1.5 ק""ג",אקרופרוסט,BE,"צ'יפס 1.5 ק""ג",קילוגרמים,1.50,"ק""ג",false,1,24.90,16.60,true,1,
7290017616940,false,"צ'יפס קפוא זיגזג 1.5 ק""ג",אקרופרוסט,BE,צ'יפס קפוא זיגזג,קילוגרמים,1.50,"ק""ג",false,1,24.90,16.60,true,1,
7290017641676,false,מארז שלישייה שוקולד מריר,"כרמית תעשיות ממתקים בע""\",IL,מארז שוקולד מריר,גרמים,255.00,100 גרם,false,1,11.90,4.67,true,1,
7290017647722,false,גמלא בלאנקו לבן יבש750מל,יקב רמת הגולן,IL,גמלא בלאנקו לבן,מיליליטרים,750.00,"100 מ""ל",false,1,69.90,9.32,true,1,
7290017746258,false,פרנה לחם מרוקאי 400 גרם,מאפיית דוראל,IL,פרנה לחם מרוקאי,גרמים,400.00,100 גרם,false,1,12.90,3.23,true,1,
7290017812052,false,שיראז-קברנה אקסלנס 750מל,יקבי כרמל,IL,שיראז-קברנה,מיליליטרים,750.00,"100 מ""ל",false,1,24.90,3.32,true,1,
7290017812069,false,ריזלינג-שרדונה אקסלנס750,יקבי כרמל,IL,ריזלינג-שרדונה,מיליליטרים,750.00,"100 מ""ל",false,1,24.90,3.32,true,1,
7290017812229,false,"מרלו סלקטד 900 מ""ל",יקבי כרמל,IL,מרלו סלקטד,מיליליטרים,900.00,"100 מ""ל",false,1,26.90,2.99,true,1,
7290017812243,false,"קברנה מרלו סלקטד 900 מ""ל",יקבי כרמל,IL,קברנה מרלו,מיליליטרים,900.00,"100 מ""ל",false,1,26.90,2.99,true,1,
7290017812861,false,יין וינו לבן יבש,,,יין וינו לבן יבש,יחידה,1.00,יחידה,false,0,19.60,19.60,true,1,
7290017812885,false,סוב.בלאן גוורצטרמינר750מ,יקבי כרמל,IL,סוביניון גוורצטר,מיליליטרים,750.00,"100 מ""ל",false,1,32.90,4.39,true,1,
7290017871462,false,ח.פצ.אורז שוקולד21*5כשלפ,תות תעשיות מזון (2014) ב,IL,חטיף פצפוצי אורז,גרמים,105.00,100 גרם,false,1,15.90,15.14,true,1,
7290017871707,false,חטיף פצ.אורז+קוקוס 21*5ג,תות תעשיות מזון (2014) ב,IL,חטיף פצפוצי אורז,גרמים,105.00,100 גרם,false,1,15.90,15.14,true,1,
7290017872162,false,"עוג.אגוזי לוז ללת""ס200גר","הגביע מוצרי וופלים בע""\מ",IL,עוגיות אגוזי לוז,גרמים,200.00,100 גרם,false,1,17.90,8.95,true,1,
7290017883656,false,פס טופי דאבל טעמים 160 ג,קונפקטיס 3 ק.מ אמליאס,GR,פס טופי דאבל,גרמים,160.00,100 גרם,false,1,14.90,9.31,true,1,
7290017888729,false,סודה שוופס 1 ליטר,"יפאורה תבורי בע""\מ",IL,סודה שוופס,ליטרים,1.00,ליטר,false,1,4.90,4.90,true,1,
7290017928012,false,בייגלה גדול מלח 250 גרם,מאיר בייגל,IL,בייגלה גדול 250ג,גרמים,250.00,100 גרם,false,1,7.90,3.16,true,1,
7290017928036,false,גריסיני שומשום 175 גרם,מאיר בייגל,IL,גריסיני שומשום,גרמים,175.00,100 גרם,false,1,11.90,6.80,true,1,
7290017928043,false,גריסיני קראנץ עם מלח175ג,מאיר בייגל,IL,גריסיני קראנץ,גרמים,175.00,100 גרם,false,1,11.90,6.80,true,1,
7290017928074,false,בייגלה שטוח מלח 250 גרם,מאיר בייגל,IL,שטוח מלח,גרמים,250.00,100 גרם,false,1,7.90,3.16,true,1,
7290017928098,false,בייגלה שטוחל'ה מלח 330גר,מאיר בייגל,IL,בייגלה שטוחל'ה,גרמים,330.00,100 גרם,false,1,11.90,3.61,true,1,
7290017928210,false,בייגלה גדול עם שומשום250,מאיר בייגל,IL,בייגלה שומשום,גרמים,250.00,100 גרם,false,1,11.90,4.76,true,1,
7290017928227,false,בייגלה שטוחלה פינוקים300,מאיר בייגל,IL,בייגלה שטוחלה,גרמים,300.00,100 גרם,false,1,11.90,3.97,true,1,
7290017928432,false,גריסיני קראנץ עם פרג175ג,מאיר בייגל,IL,גריסיני קראנץ,גרמים,175.00,100 גרם,false,1,11.90,6.80,true,1,
7290017928616,false,בייגלה שטוחלה שומשום300ג,מאיר בייגל,IL,בייגלה שטוחלה,גרמים,300.00,100 גרם,false,1,11.90,3.97,true,1,
7290017928630,false,גריסיני קראנץ פינוקים175,מאיר בייגל,IL,גריסיני קראנץ,גרמים,175.00,100 גרם,false,1,11.90,6.80,true,1,
7290017928746,false,פירורי בייגלה 200 גרם,מאיר בייגל,IL,פירורי בייגלה,גרמים,200.00,100 גרם,false,1,6.90,3.45,true,1,
7290017928807,false,בייגלה אצבעות שומשום300ג,מאיר בייגל,IL,בייגלה אצבעות,גרמים,300.00,100 גרם,false,1,11.90,3.97,true,1,
7290017928821,false,גריסיני קלאסי 200 גרם,מאיר בייגל,IL,גריסיני קלאסי,גרמים,200.00,100 גרם,false,1,11.90,5.95,true,1,
7290017974583,false,רביולי בטטה 450 גרם,אימפריאל רזרב פוד,IL,רביולי בטטה,גרמים,450.00,100 גרם,false,1,24.90,5.53,true,1,
7290018050408,false,אגוזי פיסטוק קלויים160גר,גי אנד גי פקאנס,IL,אגוזי פיסטוק,גרמים,160.00,100 גרם,false,1,17.90,11.19,true,1,
7290018050422,false,פקאן סיני 160 גרם,גי אנד גי פקאנס,IL,פקאן סיני,גרמים,160.00,100 גרם,false,1,17.90,11.19,true,1,
7290018050439,false,אגוזי פקאן קלוי וממולח,גי אנד גי פקאנס,IL,אגוזי פקאן קלוי,גרמים,140.00,100 גרם,false,1,17.90,12.79,true,1,
7290018050453,false,אגוזי קשיו טבעיים 220 גר,גי אנד גי פקאנס,IL,אגוזי קשיו טבעי,גרמים,220.00,100 גרם,false,1,17.90,8.14,true,1,
7290018050460,false,אגוזי קשיו קלויים וממולח,גי אנד גי פקאנס,IL,אגוזי קשיו קלוי,גרמים,200.00,100 גרם,false,1,17.90,8.95,true,1,
7290018050484,false,אגוזי מלך קלופים טבעיים,גי אנד גי פקאנס,IL,אגוזי מלך טבעיים,גרמים,150.00,100 גרם,false,1,12.90,8.60,true,1,
7290018050491,false,אלמנדוס חטיף בוטנים220ג,גי אנד גי פקאנס,IL,אלמנדוס,גרמים,220.00,100 גרם,false,1,12.90,5.86,true,1,
7290018050514,false,בוטנים מטוגנים וממולחים,גי אנד גי פקאנס,IL,בוטנים מטוגנים,גרמים,240.00,100 גרם,false,1,12.90,5.38,true,1,
7290018050521,false,אגוזי לוז טבעי 150 גרם,גי אנד גי פקאנס,IL,אגוזי לוז טבעי,גרמים,150.00,100 גרם,false,1,12.90,8.60,true,1,
7290018050552,false,גרעיני דלעת קלופים טבעי,גי אנד גי פקאנס,IL,גרעיני דלעת,גרמים,240.00,100 גרם,false,1,12.90,5.38,true,1,
7290018050569,false,גרעיני חמניה קלופים טבעי,גי אנד גי פקאנס,IL,גרעיני חמניה,גרמים,400.00,100 גרם,false,1,12.90,3.23,true,1,
7290018050613,false,צימוקים כהים 300 גרם,גי אנד גי פקאנס,IL,צימוקים כהים,גרמים,300.00,100 גרם,false,1,12.90,4.30,true,1,
7290018050620,false,צימוקים בהירים 220 גרם,גי אנד גי פקאנס,IL,צימוקים בהירים,גרמים,220.00,100 גרם,false,1,12.90,5.86,true,1,
7290018050637,false,בוטנים אמריקאים מצופים,גי אנד גי פקאנס,IL,בוטנים אמריקאים,גרמים,300.00,100 גרם,false,1,12.90,4.30,true,1,
7290018050644,false,קבוקים בוטנים מצופים300ג,גי אנד גי פקאנס,IL,קבוקים בוטנים,גרמים,300.00,100 גרם,false,1,12.90,4.30,true,1,
7290018050651,false,קרנץ ישראלי בוטנים מצופה,גי אנד גי פקאנס,IL,קרנץ ישראלי,גרמים,200.00,100 גרם,false,1,12.90,6.45,true,1,
7290018050675,false,שקדים קלויים וממולחים,גי אנד גי פקאנס,IL,שקדים קלויים,גרמים,210.00,100 גרם,false,1,17.90,8.52,true,1,
7290018050682,false,שקדים חצאים מולבנים130גר,גי אנד גי פקאנס,IL,שקדים מולבנים,גרמים,130.00,100 גרם,false,1,12.90,9.92,true,1,
7290018050699,false,שקדים טבעיים 230 גרם,גי אנד גי פקאנס,IL,שקדים טבעיים,גרמים,230.00,100 גרם,false,1,17.90,7.78,true,1,
7290018050712,false,שקדים פרוסים מולבנים130ג,גי אנד גי פקאנס,IL,שקדים פרוסים,גרמים,130.00,100 גרם,false,1,12.90,9.92,true,1,
7290018050736,false,תערובת אגוזים ושקדים150ג,גי אנד גי פקאנס,IL,תערובת אגוזים,גרמים,150.00,100 גרם,false,1,12.90,8.60,true,1,
7290018050750,false,מיקס אגוזים וחמוציות130ג,גי אנד גי פקאנס,IL,מיקס אגוזים,גרמים,130.00,100 גרם,false,1,12.90,9.92,true,1,
7290018050835,false,בוטנים קלויים ומומלחים,גי אנד גי פקאנס,IL,בוטנים קלויים,גרמים,250.00,100 גרם,false,1,12.90,5.16,true,1,
7290018050859,false,אגוזי קשיו בקרמל 200 גרם,גי אנד גי פקאנס,IL,אגוזי קשיו בקרמל,גרמים,200.00,100 גרם,false,1,17.90,8.95,true,1,
7290018050866,false,בוטנים בקרמל 200 גרם,גי אנד גי פקאנס,IL,בוטנים בקרמל,גרמים,200.00,100 גרם,false,1,12.90,6.45,true,1,
7290018098028,false,קוביות מנגו קפוא 300 גרם,,IL,קוביות מנגו קפוא,גרמים,300.00,100 גרם,false,1,17.90,5.97,true,1,
7290018098318,false,תמר מג'הול קפוא 300 גרם,,IL,תמר מג'הול קפוא,גרמים,300.00,100 גרם,false,1,17.90,5.97,true,1,
7290018098325,false,דובדבן קפוא 300 גרם,,IL,דובדבן קפוא,גרמים,300.00,100 גרם,false,1,17.90,5.97,true,1,
7290018098387,false,קוביות מנגו בננה תמר300ג,"פרוטלנד בע""\מ",IL,פירות קפואים,גרמים,300.00,100 גרם,false,1,17.90,5.97,true,1,
7290018192658,false,פטריות דואט יח,,IL,צמד פטריות,יחידה,1.00,יחידה,false,1,14.90,14.90,true,1,
7290018195048,false,חתיכות אננס בסירופ 850גר,,TH,חתיכות אננס 850ג,גרמים,850.00,100 גרם,false,1,10.90,1.28,true,1,
7290018204603,false,"מנג'טים צבעוניים כשל""פ 1",,IL,מנג'טים צבעוניים,יחידה,1.00,יחידה,false,1,5.90,5.90,true,1,
7290018294055,false,תירוש כרמל רוזה 1.2 ליטר,יקבי כרמל,IL,תירוש כרמל רוזה,ליטרים,1.20,ליטר,false,1,19.90,16.58,true,1,
7290018294345,false,סלקטד אדום ישראלי 900 מל,יקבי כרמל,IL,סלקטד אדום 900מל,מיליליטרים,900.00,"100 מ""ל",false,1,26.90,2.99,true,1,
7290018294352,false,"ארק כרמל 700 מ""ל",:0881\/MU פרגוואי 4/\8,ES,ארק כרמל,מיליליטרים,700.00,"100 מ""ל",false,1,49.90,7.13,true,1,
7290018380734,false,דפי בצק פילו משולשים360ג,---,TR,דפי בצק פילו,גרמים,360.00,100 גרם,false,1,14.90,4.14,true,1,
7290018400203,false,לקט ירקות צבעוניים 700 ג,v colourful fry and Stir,IL,לקט ירקות צבעוני,גרמים,700.00,100 גרם,false,1,19.90,2.84,true,1,
7290018400616,false,לקט ירקות ירוקים 700 גרם,veget green fry and Stir,IL,לקט ירקות ירוקים,גרמים,700.00,100 גרם,false,1,19.90,2.84,true,1,
7290018440438,false,טונה בשמן זית 65*3 גרם,"קאלוו קונסרבס ס.ל.יו. ,",ES,טונה בשמן זית3יח,גרמים,195.00,100 גרם,false,1,25.90,13.28,true,1,
7290018440490,false,סלט טונה עם קוסקוס 150 ג,"קאלוו קונסרבס ס.ל.יו. ,",ES,סלט טונה+קוסקוס,גרמים,150.00,100 גרם,false,1,14.90,9.93,true,1,
7290018471210,false,ספרינג אגס תפוח סברס 1 ל,"יפאורה תבורי בע""\מ",IL,ספרינג 1 ליטר,ליטרים,1.00,ליטר,false,1,6.10,6.10,true,1,
7290018471470,false,תפוזינה תפוז פסיפלורה1ל,"יפאורה תבורי בע""\מ",IL,תפוזינה enjoy,ליטרים,1.00,ליטר,false,1,7.10,7.10,true,1,
7290018471487,false,תפוזינה תפוז אננס 1 ליטר,"יפאורה תבורי בע""\מ",IL,תפוזינה תפוז אננ,ליטרים,1.00,ליטר,false,1,7.10,7.10,true,1,
7290018471494,false,תפוזינה enjoy תפוז+גזר1ל,"יפאורה תבורי בע""\מ",IL,תפוזינה תפוז גזר,ליטרים,1.00,ליטר,false,1,7.10,7.10,true,1,
7290018471906,false,שוופס לימונדה ורודה1.5ל,"יפאורה תבורי בע""\מ",IL,שוופס לימונדה,ליטרים,1.50,ליטר,false,0,8.90,5.93,true,1,
7290018471913,false,שוופס מוגז תפוחים1.5ל',"יפאורה תבורי בע""\מ",IL,שוופס תפוחים,ליטרים,1.50,ליטר,false,0,8.90,5.93,true,1,
7290018471920,false,שוופס מוגז ענבים 1.5ליטר,"יפאורה תבורי בע""\מ",IL,שוופס ענבים,ליטרים,1.50,ליטר,false,0,8.90,5.93,true,1,
7290018471937,false,שוופס מוגז תות ליים 1.5ל,"יפאורה תבורי בע""\מ",IL,שוופס מוגז תו,ליטרים,1.50,ליטר,false,0,8.90,5.93,true,1,
7290018471944,false,שוופס מוגז לימונייד 1.5ל,"יפאורה תבורי בע""\מ",IL,שוופס לימוניי,ליטרים,1.50,ליטר,false,0,8.90,5.93,true,1,
7290018509036,false,צלחת קטנה שחורה 50 יח,,IL,צלחת קטנה 50 יח,יחידה,1.00,יחידה,false,1,4.90,4.90,true,1,
7290018546147,false,אטריות ורמיצלי 400 גרם,אובה מקרנה ציליק,TR,אטריות ורמיצלי,גרמים,400.00,100 גרם,false,1,4.90,1.23,true,1,
7290018546161,false,פתיתים בצורת אורז 400 גר,אובה מקרנה ציליק,TR,פתיתים,גרמים,400.00,100 גרם,false,1,4.90,1.23,true,1,
7290018546536,false,פסטה ספגטי 400 גרם,אובה מקרנה ציליק,TR,פסטה ספגטי,גרמים,400.00,100 גרם,false,1,4.90,1.23,true,1,
7290018546550,false,פסטה פנה 400 גרם,אובה מקרנה ציליק,TR,פסטה פנה,גרמים,400.00,100 גרם,false,1,4.90,1.23,true,1,
7290018546574,false,פסטה פוזילי 400 גרם,אובה מקרנה ציליק,TR,פסטה פוזילי,גרמים,400.00,100 גרם,false,1,4.90,1.23,true,1,
7290018546598,false,פסטה קונכיות 400 גרם,אובה מקרנה ציליק,TR,פסטה קונכיות,גרמים,400.00,100 גרם,false,1,4.90,1.23,true,1,
7290018571118,false,שקדים טבעי 200 גרם,---,IL,שקדים טבעי 200 ג,גרמים,200.00,100 גרם,false,1,15.90,7.95,true,1,
7290018571125,false,אגוזי פקאן 200 ג,---,,אגוזי פקאן 200 ג,יחידה,1.00,יחידה,false,0,22.90,22.90,true,1,
7290018571149,false,שקד מולבן פרוס 200 גרם,---,IL,שקד מולבן פרוס,גרמים,200.00,100 גרם,false,1,15.90,7.95,true,1,
7290018571408,false,לקקנים בטעם תות 20יח,---,IL,לקקנים בטעם תות,גרמים,220.00,100 גרם,false,1,6.90,3.14,true,1,
7290018571415,false,לקקנים בטעם תות בננה20יח,---,IL,לקקנים בטעם תות,גרמים,220.00,100 גרם,false,1,6.90,3.14,true,1,
7290018571491,false,ריבת חלב אמיתי 340 גרם,מיה,IL,ריבת חלב,גרמים,340.00,100 גרם,false,1,14.90,4.38,true,1,
7290018571699,false,קמח שקדים 250 גרם,מיה,IL,קמח שקדים,יחידה,1.00,יחידה,false,1,25.90,25.90,true,1,
7290018571729,false,"אורז ריזוטו עגול 1 ק""ג",מיה,IL,אורז ריזוטו עגול,קילוגרמים,1.00,"ק""ג",false,1,9.90,9.90,true,1,
7290018571736,false,"אורז בסמטי מיה 1 ק""ג",מיה,IL,אורז בסמטי 1 קג,קילוגרמים,1.00,"ק""ג",false,1,11.90,11.90,true,1,
7290018571743,false,"אורז פרסי מלא 1 ק""ג",מיה,IL,אורז פרסי מלא 1,קילוגרמים,1.00,"ק""ג",false,1,9.90,9.90,true,1,
7290018652671,false,לה קרמריה שוקו וניל,---,IL,לה קרמריה שוקו ו,ליטרים,1.40,ליטר,false,1,17.90,12.79,true,1,
7290018720011,false,ביסקוויט קרנבל החיות250ג,הגביע,IL,קרנבל החיות,גרמים,250.00,100 גרם,false,1,5.90,2.36,true,1,
7290018720028,false,עוגיות קרנבל אותיות250ג,---,IL,קרנבל אותיות,גרמים,250.00,100 גרם,false,1,5.90,2.36,true,1,
7290018720103,false,"אפיפיות ללת""סט.שוקולד250","א.ג גילרו בע""\מ",IL,אפיפיות ללא סוכר,גרמים,250.00,100 גרם,false,1,7.90,3.16,true,1,
7290018720219,false,"פצפוצי אורז לל""ס 250 גרם",---,IL,פצפוצי אורז250גר,גרמים,250.00,100 גרם,false,1,11.90,4.76,true,1,
7290018743003,false,ג'ל לכביסה צבעוני 2.5 ל',"אל.די.גי בע""מ",GR,ג'ל לכביסה2.5 ל',ליטרים,2.50,ליטר,false,1,27.90,11.16,true,1,
7290018743010,false,ג'ל לכביסה לבנה 2.5 ליטר,"אל.די.גי בע""מ",GR,ג'ל לכביסה לבנה,ליטרים,2.50,ליטר,false,1,27.90,11.16,true,1,
7290018743027,false,מ.כביסה מרוכז יסמין 1ליט,"אל.די.גי בע""מ",GR,מ.כביסה מרוכז 1ל,ליטרים,1.00,ליטר,false,1,14.90,14.90,true,1,
7290018743041,false,מ.כביסה מרוכז מאסק 1ליטר,"אל.די.גי בע""מ",GR,מרכך כביסה מרוכז,ליטרים,1.00,ליטר,false,1,14.90,14.90,true,1,
7290018792919,false,שוקולד חלב עם עדשים100גר,קיו פאין פוד,IL,שוקולד 100 גרם,גרמים,100.00,100 גרם,false,1,7.90,7.90,true,1,
7290018835029,false,מרק בטעם עוף פרווה 400 ג,---,IL,מרק בטעם עוף,גרמים,400.00,100 גרם,false,1,12.90,3.23,true,1,
7290018878088,false,"שוקולד מריר לל""ס 85*3גרם","כרמית תעשיות ממתקים בע""\",IL,"שוקולד מריר לל""ס",גרמים,255.00,100 גרם,false,1,15.90,6.24,true,1,
7290018878095,false,שוקולד חלב ללא סוכר85*3ג,"כרמית תעשיות ממתקים בע""\",IL,"שוקולד לבן לל""ס",גרמים,255.00,100 גרם,false,1,15.90,6.24,true,1,
7290018878125,false,"שוקולד לבן לל""ס 85*3גרם","כרמית תעשיות ממתקים בע""\",IL,"שוקולד לבן לל""ס",גרמים,255.00,100 גרם,false,1,15.90,6.24,true,1,
7290018893036,false,עוג.סנדוויץ ט.שוקולד176ג,---,ES,עוגיות סנדוויץ,גרמים,176.00,100 גרם,false,1,6.90,3.92,true,1,
7290018893661,false,עוגות אישיות מריר 240גרם,"פרדי קונדיטוריה אס,פי.אי",IT,עוגות אישיות,גרמים,240.00,100 גרם,false,1,9.90,4.13,true,1,
7290018921029,false,מגבוני קמיל בלו 64*4 יח,פישר מעבדות פרמצבטיות בע,IL,מגבוני קמיל בלו,יחידה,1.00,יחידה,false,1,21.90,21.90,true,1,
7290018921265,false,"תחליב רחצה אלוורה 700מ""ל",פישר מעבדות פרמצבטיות בע,IL,תחליב רחצ.אלוורה,מיליליטרים,700.00,"100 מ""ל",false,1,14.90,2.13,true,1,
7290018921449,false,מגבוני קמיל תפרחת56*4יח,פישר,IL,מגבונים קמיל 4יח,יחידה,1.00,יחידה,false,1,24.90,24.90,true,1,
7290018921456,false,תחליב רח.אפקטיב כותנה700,פישר מעבדות פרמצבטיות בע,IL,תחליב רחצה כותנה,מיליליטרים,700.00,"100 מ""ל",false,1,14.90,2.13,true,1,
7290018921654,false,"תחליב רחצה לבנדר 700 מ""ל",פישר מעבדות פרמצבטיות בע,IL,תחליב רחצה לבנדר,מיליליטרים,700.00,"100 מ""ל",false,1,14.90,2.13,true,1,
7290018925065,false,מיץ תפוזים סחוט 2 ליטר,גניר,IL,מיץ תפוזים סחוט,ליטרים,2.00,ליטר,false,1,29.90,14.95,true,1,
7290018928127,false,מיני באגט ללא גלוטן 2יח,גידרון,IL,מיני באגט 2יח,גרמים,240.00,100 גרם,false,1,19.90,8.29,true,1,
7290019014348,false,ניקוי והברקת נירוסטה 500,סאסאטק,IL,ניקוי נירוסטה,מיליליטרים,500.00,"100 מ""ל",false,1,29.90,5.98,true,1,
7290019038399,false,שמן זית מור ולבונה 750,סאן אויל עיבוד ושיווק שמ,IL,"שמן זית 750מ""ל",מיליליטרים,750.00,"100 מ""ל",false,1,32.90,4.39,true,1,
7290019056027,false,שוופס ללא סוכר תפוח1.5ל,"יפאורה תבורי בע""\מ",IL,שוופס ללא סוכ,ליטרים,1.50,ליטר,false,0,8.40,5.60,true,1,
7290019056041,false,שוופס למונייד ל.סוכר1.5ל,יפאורה תבורי,IL,שוופס למונייד,ליטרים,1.50,ליטר,false,0,8.40,5.60,true,1,
7290019056065,false,שוופס מוגז עדין פ.יער1.5,"יפאורה תבורי בע""\מ",IL,שוופס מוגז,ליטרים,1.50,ליטר,false,0,8.40,5.60,true,1,
7290019056096,false,שוופס מוגז עדין אפרסק1.5,"יפאורה תבורי בע""\מ",IL,שוופס אפרסק,ליטרים,1.50,ליטר,false,0,8.40,5.60,true,1,
7290019056164,false,שוופס סודה 1.5*4 ליטר,"יפאורה תבורי בע""\מ",IL,שוופס סודה1.5*4ל,ליטרים,6.00,ליטר,false,0,11.70,1.95,true,1,
7290019056171,false,שוופס סודה לימון 1.5*4 ל,"יפאורה תבורי בע""\מ",IL,סודה לימון 1.5*4,ליטרים,6.00,ליטר,false,0,11.70,1.95,true,1,
7290019056188,false,שוופס סודה נענע לי1.5*4ל,"יפאורה תבורי בע""\מ",IL,שוופס סודה1.5*4ל,ליטרים,6.00,ליטר,false,0,11.70,1.95,true,1,
7290019056201,false,שוופ.סודה פירות יער1.5*4,"יפאורה תבורי בע""\מ",IL,שוופס סודה1.5*4ל,ליטרים,6.00,ליטר,false,0,11.70,1.95,true,1,
7290019056232,false,שוופס ליים מוחיטו 1.5 ל,"יפאורה תבורי בע""\מ",IL,שוופס ליים מו,ליטרים,1.50,ליטר,false,0,8.90,5.93,true,1,
7290019056249,false,שוופס מים טעם ענבים 1.5ל,יפאורה תבורי בעמ,IL,מים בטעם ענבי,ליטרים,1.50,ליטר,false,0,7.50,5.00,true,1,
7290019056256,false,שוופס מים בטעם תפוח 1.5ל,יפאורה תבורי בעמ,IL,שוופס מים תפו,ליטרים,1.50,ליטר,false,0,7.50,5.00,true,1,
7290019056263,false,שוופס מים טעם אפרסק 1.5ל,יפאורה תבורי בעמ,IL,שוופס מים אפר,ליטרים,1.50,ליטר,false,0,7.50,5.00,true,1,
7290019056287,false,שוופס מים 0קלור.אפרסק1.5,יפאורה שותפות מובגלת לשי,IL,שוופס מים אפר,ליטרים,1.50,ליטר,false,0,7.50,5.00,true,1,
7290019056300,false,שוופס ביטר לימון 1.5ליטר,"יפאורה תבורי בע""\מ",IL,שוופס ביטר לי,ליטרים,1.50,ליטר,false,0,9.90,6.60,true,1,
7290019056324,false,שוופס טוניק 1.5 ליטר,"יפאורה תבורי בע""\מ",IL,שוופס מי טוני,ליטרים,1.50,ליטר,false,0,9.90,6.60,true,1,
7290019056331,false,שוופס טוניק ללא סוכר1.5ל,יפאורה תבורי בעמ,IL,מי טוניק ל.סו,ליטרים,1.50,ליטר,false,0,9.50,6.33,true,1,
7290019056355,false,תפוזינה לימונדה נענע1.5ל,"יפאורה תבורי בע""\מ",IL,תפוזינה לימונ,ליטרים,1.50,ליטר,false,0,8.40,5.60,true,1,
7290019056362,false,"תפוזינה משק""ל ענבים1.5ל","יפאורה תבורי בע""\מ",IL,תפוזינה ענבים,ליטרים,1.50,ליטר,false,0,8.40,5.60,true,1,
7290019056379,false,תפוזינה משקה קל תפוז1.5ל,"יפאורה תבורי בע""\מ",IL,תפוזינה תפוזי,ליטרים,1.50,ליטר,false,0,8.40,5.60,true,1,
7290019056386,false,תפוזינה אשכוליות 1.5ליטר,"יפאורה תבורי בע""\מ",IL,תפוזינה אשכול,ליטרים,1.50,ליטר,false,0,8.40,5.60,true,1,
7290019056393,false,תפוזינה תות בננה 1.5ליטר,"יפאורה תבורי בע""\מ",IL,תפוזינה תות ב,ליטרים,1.50,ליטר,false,0,8.40,5.60,true,1,
7290019056409,false,תפוזינה מנגו עסיס 1.5 ל',"יפאורה תבורי בע""\מ",IL,תפוזינה מנגו,ליטרים,1.50,ליטר,false,0,8.40,5.60,true,1,
7290019056416,false,תפוזינה לימונדה 1.5 ליטר,"יפאורה תבורי בע""\מ",IL,תפוזינה לימונדה,ליטרים,1.50,ליטר,false,0,8.40,5.60,true,1,
7290019056423,false,תפוזינה תפוח רענן 1.5 ל',"יפאורה תבורי בע""\מ",IL,תפוזינה תפוח,ליטרים,1.50,ליטר,false,0,8.40,5.60,true,1,
7290019056430,false,תפוזינה תפוזים לייט1.5ל,"יפאורה תבורי בע""\מ",IL,תפוזינה לייט,ליטרים,1.50,ליטר,false,0,7.90,5.27,true,1,
7290019056447,false,תפוזינה אשכוליות לייט1.5,"יפאורה תבורי בע""\מ",IL,אשכוליות לייט,ליטרים,1.50,ליטר,false,0,7.90,5.27,true,1,
7290019056461,false,קולה RC מארז 1.5*6 ליטר,"יפאורה תבורי בע""\מ",IL,RC קולה 6 יח,ליטרים,9.00,ליטר,false,0,35.90,3.99,true,1,
7290019056478,false,תה ספרינג אפרסק 1.5 ליטר,"יפאורה תבורי בע""\מ",IL,ספרינג תה אפר,ליטרים,1.50,ליטר,false,0,7.80,5.20,true,1,
7290019056485,false,תה ספרינג ירוק לימון1.5ל,"יפאורה תבורי בע""\מ",IL,תה ספרינג ירו,ליטרים,1.50,ליטר,false,0,7.80,5.20,true,1,
7290019056492,false,ספרינג תה מנגו אפרסק1.5ל,"יפאורה תבורי בע""\מ",IL,ספרינג תה מנג,ליטרים,1.50,ליטר,false,0,7.80,5.20,true,1,
7290019056508,false,פרוט ווטר ענבים 1.5 ליטר,"יפאורה תבורי בע""\מ",IL,פרוט ווטר ענב,ליטרים,1.50,ליטר,false,0,8.50,5.67,true,1,
7290019056515,false,פרוט ווטר אננס 1.5 ליטר,"יפאורה תבורי בע""\מ",IL,פרוט ווטר אננ,ליטרים,1.50,ליטר,false,0,8.50,5.67,true,1,
7290019056522,false,פרוט ווטר תות 1.5 ליטר,"יפאורה תבורי בע""\מ",IL,פרוט ווטר תות,ליטרים,1.50,ליטר,false,0,8.50,5.67,true,1,
7290019056539,false,פרוט ווטר אפרסק 1.5 ליטר,"יפאורה תבורי בע""\מ",IL,פרוט ווטר אפר,ליטרים,1.50,ליטר,false,0,8.50,5.67,true,1,
7290019056546,false,פרוט ווטר אבטיח 1.5 ליטר,"יפאורה תבורי בע""\מ",IL,פרוט ווטר אבט,ליטרים,1.50,ליטר,false,0,8.50,5.67,true,1,
7290019056553,false,עין גדי מים מינרל. 2*6 ל,עין גדי מיים מינרלים,IL,מים עין גדי2*6ל,ליטרים,12.00,ליטר,false,0,12.90,1.08,true,1,
7290019056584,false,ספרינג משקה תפוזים 1.5ל',"יפאורה תבורי בע""\מ",IL,ספרינג תפוזים,ליטרים,1.50,ליטר,false,0,8.40,5.60,true,1,
7290019056591,false,ספרינג ענבים 1.5 ליטר,"יפאורה תבורי בע""\מ",IL,ספרינג ענבים,ליטרים,1.50,ליטר,false,0,8.40,5.60,true,1,
7290019056614,false,ספרינג משקה אפרסק 1.5 ל',"יפאורה תבורי בע""\מ",IL,ספרינג אפרסק,ליטרים,1.50,ליטר,false,0,8.40,5.60,true,1,
7290019056621,false,ספרינג פירות טרופיים1.5ל,"יפאורה תבורי בע""\מ",IL,משקה ספרינג,ליטרים,1.50,ליטר,false,0,8.40,5.60,true,1,
7290019056638,false,ספרינג תות-בננה 1.5 ליטר,"יפאורה תבורי בע""\מ",IL,ספרינג תות בנ,ליטרים,1.50,ליטר,false,0,8.40,5.60,true,1,
7290019056645,false,ספרינג אגס סברס תפוח1.5ל,"יפאורה תבורי בע""\מ",IL,משקה ספרינג,ליטרים,1.50,ליטר,false,0,8.40,5.60,true,1,
7290019056652,false,ספרינג אננס בננה1.5 ליטר,"יפאורה תבורי בע""\מ",IL,ספרינג אננס ב,ליטרים,1.50,ליטר,false,0,8.40,5.60,true,1,
7290019056669,false,ספרינג תפוחים לייט 1.5 ל,"יפאורה תבורי בע""\מ",IL,ספרינג תפוח ל,ליטרים,1.50,ליטר,false,0,7.90,5.27,true,1,
7290019056676,false,ספרינג אשכולית/אננס לייט,"יפאורה תבורי בע""\מ",IL,ספרינג לייט,ליטרים,1.50,ליטר,false,0,7.90,5.27,true,1,
7290019056720,false,משקה קל ענבים קריסטל 2ל',"יפאורה תבורי בע""\מ",IL,משקה קל ענבים,ליטרים,2.00,ליטר,false,0,6.50,3.25,true,1,
7290019056737,false,מיץ אשכוליות קריסטל2ליטר,"יפאורה תבורי בע""\מ",IL,קריסטל אשכולי,ליטרים,2.00,ליטר,false,0,6.50,3.25,true,1,
7290019056744,false,משקה קל תפוזים קריסטל 2ל,"יפאורה תבורי בע""\מ",IL,משקה קל תפוזי,ליטרים,2.00,ליטר,false,0,6.50,3.25,true,1,
7290019056751,false,משקה קל אשכוליות דיאט 2ל,"יפאורה תבורי בע""\מ",IL,אשכוליות דיאט,ליטרים,2.00,ליטר,false,0,5.50,2.75,true,1,
7290019056768,false,משקה קל מנגו 2 ליטר,"יפאורה תבורי בע""\מ",IL,קריסטל מנגו,ליטרים,2.00,ליטר,false,0,6.50,3.25,true,1,
7290019056775,false,קריסטל ענבים מוגז 2 ליטר,"יפאורה תבורי בע""\מ",IL,קריסטל ענבים,ליטרים,2.00,ליטר,false,0,6.50,3.25,true,1,
7290019056782,false,קריסטל למון ליים 2 ליטר,"יפאורה תבורי בע""\מ",IL,גזוז לימון לי,ליטרים,2.00,ליטר,false,0,6.50,3.25,true,1,
7290019056799,false,קריסטל אקזוטי מוגז 2ליטר,"יפאורה תבורי בע""\מ",IL,קריסטל אקזוטי,ליטרים,2.00,ליטר,false,0,6.50,3.25,true,1,
7290019056805,false,"קריסטל תפו""ע מוגז 2 ליטר","יפאורה תבורי בע""\מ",IL,גזוז בטעם תפו,ליטרים,2.00,ליטר,false,0,6.50,3.25,true,1,
7290019056812,false,גזוז בטעם מנטה קריסטל 2ל,"יפאורה תבורי בע""\מ",IL,גזוז בטעם מנט,ליטרים,2.00,ליטר,false,0,6.50,3.25,true,1,
7290019056829,false,קריסטל אורנג' 2 ליטר,"יפאורה תבורי בע""\מ",IL,קריסטל אורנג',ליטרים,2.00,ליטר,false,0,6.50,3.25,true,1,
7290019056836,false,קריסטל תות מוגז 2 ליטר,"יפאורה תבורי בע""\מ",IL,קריסטל מוגז ת,ליטרים,2.00,ליטר,false,0,6.50,3.25,true,1,
7290019056850,false,תה ספרינג דיאט אפרסק1.5ל,"יפאורה תבורי בע""\מ",IL,תה ספרינג דיא,ליטרים,1.50,ליטר,false,0,7.80,5.20,true,1,
7290019056973,false,מים מינרליים מי עדן1.5*6,"מופק ממקור בזלתי עדן ,1",IL,מי עדן 1.5*6ל,ליטרים,9.00,ליטר,false,0,13.70,1.52,true,1,
7290019153078,false,שוופס ביטר למון לייט1.5ל,"יפאורה תבורי בע""\מ",IL,שוופס ביטר למון,ליטרים,1.50,ליטר,false,1,9.50,6.33,true,1,
7290019153085,false,"שוופס מוחיטו לל""ס 1.5 ל","יפאורה תבורי בע""\מ",IL,שוופס מוחיטו ללס,ליטרים,1.50,ליטר,false,1,8.40,5.60,true,1,
7290019453024,false,קוגל אטריות מתוק 750 גרם,,IL,קוגל אטריות מתוק,גרמים,750.00,100 גרם,false,1,15.90,2.12,true,1,
7290019453512,false,רוגעלך קטנים 500 גרם,,IL,רוגעלך קטנים,גרמים,500.00,100 גרם,false,1,13.90,2.78,true,1,
7290022005562,false,פירורי לחם קריספ+שום300ג,---,IL,פירורי לחם קריספ,גרמים,300.00,100 גרם,false,1,7.90,2.63,true,1,
7290055090702,false,איגלושלוקי 60י 2.030 מל,"כרמית מזון בע""\מ",IL,איגלושלוקי,ליטרים,2.03,ליטר,false,0,14.90,7.34,true,1,
7290100240137,false,בדין תרסיס מייבש כחול500,"זוהר דליה, קיבוץ דליה, 1",IL,תרסיס למייבש,מיליליטרים,500.00,"100 מ""ל",false,0,16.90,3.38,true,1,
7290100240632,false,פתית קרקר 6 דגנים 250גרם,יוניליוור ישראל מזון בע\,IL,פתית 6 דגנים,גרמים,250.00,100 גרם,false,0,16.90,6.76,true,1,
7290100659090,false,חטיף FREE תמר וקינמון5יח,טבעית מוצרים מן הטבע בעמ,IL,חטיף FREE תמרים,גרמים,110.00,100 גרם,false,0,16.90,15.36,true,1,
7290100700242,false,"אורז מלא עגול סוגת 1 ק""ג","סוגת תעשיות בע""\מ",IL,אורז מלא עגול,קילוגרמים,1.00,"ק""ג",false,0,8.90,8.90,true,1,
7290100700396,false,"אורז יסמין קלאסי 1 ק""ג","סוגת תעשיות בע""\מ",IL,אורז יסמין סוגת,קילוגרמים,1.00,"ק""ג",false,0,11.90,11.90,true,1,
7290100702611,false,פתיתים אפויים אורז500גרם,"אסיף תעשיות מזון בע""\מ",IL,פתיתים סוגת,גרמים,500.00,100 גרם,false,0,4.90,0.98,true,1,
7290100850909,false,דוריטוס נאצ'ו 70 גרם,"שטראוס פריטו ליי  בע""\מ",IL,דוריטוס נאצ'ו,גרמים,70.00,100 גרם,false,0,3.40,4.86,true,1,
7290100850916,false,דוריטוס חמוץ חריף 70 גרם,"שטראוס פריטו ליי בע""\מ )",IL,דוריטוס חמוץ ח,גרמים,70.00,100 גרם,false,0,3.40,4.86,true,1,
7290100850923,false,דוריטוס גריל 70 גרם,"שטראוס פריטו ליי בע""\מ )",IL,דוריטוס גריל,גרמים,70.00,100 גרם,false,0,3.40,4.86,true,1,
7290100850930,false,דוריטוס בטעם טבעי 70 גרם,"שטראוס פריטו ליי בע""\מ )",IL,חטיף דוריטוס,גרמים,70.00,100 גרם,false,0,3.40,4.86,true,1,
7290100852606,false,קפה טורקי 100*4 גרם,שטראוס קפה בי.וי.,IL,קפה טורקי 4 יח,גרמים,400.00,100 גרם,false,0,29.50,7.38,true,1,
7290100858608,false,קקאו עלית 500 גרם,שטראוס קפה בי.ויn\.,IL,קקאו עלית,גרמים,500.00,100 גרם,false,0,23.90,4.78,true,1,
7290100924464,false,סבון אסלה אקונומיקה50*3ג,הנקל,HU,סבון אסלה 3 יח,גרמים,150.00,100 גרם,false,1,16.90,11.27,true,1,
7290100925676,false,קולור קאצ'ר 20 דפים,"הנקל סוד בע""\מ",IE,דפי קולור קאצ'ר,יחידה,1.00,יחידה,false,1,22.90,22.90,true,1,
7290101486688,false,חטיף FREE עם שוקולד 5יח',טבעית מוצרים מן הטבע בעמ,IL,חטיף FREE 5 יח',גרמים,100.00,100 גרם,false,0,16.90,16.90,true,1,
7290101488323,false,ליידי ספיד סטיק סגול 65ג,קולגייט פלמוליב,US,ליידי ספיד סטיק,גרמים,65.00,100 גרם,false,0,19.90,30.62,true,1,
7290101551027,false,"קפסולות מס' 14 כשל""פ50ג",שטראוס קפה בי.וי,IL,קפסולות מס' 14,גרמים,50.00,100 גרם,false,1,15.90,31.80,true,1,
7290101551539,false,דנונה פרו+חלבון אפרסק200,"שטראוס בריאות בע""מ",IL,דנונה פרו אפרסק,גרמים,200.00,100 גרם,false,1,5.90,2.95,true,1,
7290101551584,false,תפוצ'יפס קידס 20*10 גרם,"שטראוס פריטו ליי בע""מ )פ",IL,תפוצ'יפס קידס10*,גרמים,200.00,100 גרם,false,1,14.90,7.45,true,1,
7290101551638,false,צ'יטוס כאפה מארז 20*10 ג,"שטראוס פריטו ליי בע""מ )פ",IL,צ'יטוס כאפה 10יח,גרמים,200.00,100 גרם,false,1,12.90,6.45,true,1,
7290101864127,false,מסיר כתמים קליה750מ,רקיט בנקיזר,IL,קליה ספריי,מיליליטרים,750.00,"100 מ""ל",false,0,18.90,2.52,true,1,
7290101865261,false,"פיניש נוזל הברקה 800 מ""ל",רקיט בנקיזר,PL,פיניש נוזל הברקה,מיליליטרים,800.00,"100 מ""ל",false,0,21.90,2.74,true,1,
7290101868958,false,פיניש נוזל הברקה 800מל,---,PL,פיניש נוזל הברקה,מיליליטרים,800.00,"100 מ""ל",false,0,21.90,2.74,true,1,
7290102031276,false,"אקטימל תות בננה 100*8מ""ל","שטראוס גרופ בע""\מ",IL,אקטימל 8 יח,מיליליטרים,800.00,"100 מ""ל",false,0,20.90,2.61,true,1,
7290102060979,false,"משחה שיניים אלמקס 100מ""ל",קולגייט- פלמוליב,PL,משחת שיניים,מיליליטרים,100.00,"100 מ""ל",false,0,15.90,15.90,true,1,
7290102393268,false,גבינה לבנה 5% 750 גרם,טרה,IL,גבינה לבנה 5%,גרמים,750.00,100 גרם,false,0,14.50,1.93,true,1,
7290102397204,false,גבינה צהובה נעם 22% 200ג,מילקו תעשיות בעמ,IL,גבינה צהובה נעם,גרמים,200.00,100 גרם,false,1,14.90,7.45,true,1,
7290102397334,false,גבינה בולגרית 5% 250 גרם,משק צוריאל תבור,IL,גבינה בולגרית5%,גרמים,250.00,100 גרם,false,1,21.90,8.76,true,1,
7290102840182,false,פודינג שוקולד פרווה 85גר,מיה תעשיות מזון מ.ת.מ. ב,IL,פודינג שוקולד,גרמים,85.00,100 גרם,false,0,3.90,4.59,true,1,
7290102840199,false,ג'לי משמש פרווה 85 גרם,מיה תעשיות מזון מ.ת.מ. ב,IL,ג'לי משמש,גרמים,90.00,100 גרם,false,0,3.90,4.33,true,1,
7290102840205,false,ג'לי תות 85 גרם,מיה תעשיות מזון מ.ת.מ. ב,IL,ג'לי תות,גרמים,85.00,100 גרם,false,0,3.90,4.59,true,1,
7290103401429,false,קפה פלטינום ברזילאי 200,עלית,IL,קפה פלטינום,גרמים,200.00,100 גרם,false,0,29.90,14.95,true,1,
7290103700041,false,מארז מטליות טאצ 9 יחידות,שניב,IL,מארז מטליות,יחידה,1.00,יחידה,false,1,8.90,8.90,true,1,
7290103700072,false,טאצ  מטליות זיגזג 3 יחיד,שניב,IL,טאצ מטליות זיגזג,יחידה,1.00,יחידה,false,1,8.90,8.90,true,1,
7290103700386,false,טאצ כריות קרצוף 6 יחידות,שניב תעשיות נייר,IL,טאצ כריות קרצוף,יחידה,1.00,יחידה,false,1,8.90,8.90,true,1,
7290103700652,false,טאצ ספוג הפלא מארז 6 יחי,שניב תעשיות נייר,IL,טאצ ספוג הפלא,יחידה,1.00,יחידה,false,1,8.90,8.90,true,1,
7290103701093,false,מיקרופייבר לריצפה טאצ',שניב,IL,מיקרופייבר לרצפה,יחידה,1.00,יחידה,false,1,15.90,15.90,true,1,
7290103701130,false,מיקרופייבר לניקוי כללי,שניב,IL,טאץ לניקוי כללי,יחידה,1.00,יחידה,false,1,15.90,15.90,true,1,
7290104061417,false,חומוס עם טחינה אחלה 400ג,"שטראוס גרופ בע""\מ",IL,חומוס טחינה אחלה,גרמים,400.00,100 גרם,false,0,10.90,2.73,true,1,
7290104061424,false,חומוס עם זעתר אחלה 400 ג,"שטראוס גרופ בע""\מ",IL,חומוס זעתר אחלה,גרמים,400.00,100 גרם,false,0,10.90,2.73,true,1,
7290104061431,false,חומוס עם צנובר אחלה 400ג,"שטראוס גרופ בע""\מ",IL,חומוס צנובר אחלה,גרמים,400.00,100 גרם,false,0,10.90,2.73,true,1,
7290104061448,false,חומוס עם חריף אחלה 400 ג,"שטראוס גרופ בע""\מ",IL,חומוס חריף אחלה,גרמים,400.00,100 גרם,false,0,10.90,2.73,true,1,
7290104062599,false,גמדים תות בננה 100*8 גרם,"שטראוס בריאות בע""\מ",IL,גמדים תות בננה,גרמים,800.00,100 גרם,false,0,17.90,2.24,true,1,
7290104066566,false,טחינה אחלה 500 גרם,"שטראוס גרופ בע""\מ",IL,טחינה אחלה 500גר,גרמים,500.00,100 גרם,false,0,15.90,3.18,true,1,
7290104720499,false,דני וניל 125*8 גרם,"שטראוס גרופ בע""\מ",IL,דני וניל 8 יח',קילוגרמים,1.00,"ק""ג",false,0,14.90,14.90,true,1,
7290104722530,false,תפוצ'יפס שמנת בצל 200גרם,"שטראוס פריטו ליי בע""\מ )",IL,תפוצ'יפס שמנת,גרמים,200.00,100 גרם,false,0,9.90,4.95,true,1,
7290104729010,false,לבן בטעם תות 100 גרם,מחלבת יטבתה,IL,לבן בטעם תות,גרמים,100.00,100 גרם,false,0,1.40,1.40,true,1,
7290104960239,false,סבון נקה7 ארומה לבן 750מ,טרופיקל דגיל תעשיות קוסמ,IL,תחליב רחצה נקה 7,מיליליטרים,750.00,"100 מ""ל",false,0,10.90,1.45,true,1,
7290104961526,false,טיטניום ספריי קלאסי150מ,קרליין,IL,טיטניום ספריי,מיליליטרים,150.00,"100 מ""ל",false,0,12.90,8.60,true,1,
7290104961540,false,טיטניום ספריי מטאל 150מ,קרליין,IL,טיטניום ספריי,מיליליטרים,150.00,"100 מ""ל",false,0,12.90,8.60,true,1,
7290105360250,false,קפסולות קפה מס' 9 50 גרם,שטראוס קפה בי.וי.,IL,קפסולות קפה,גרמים,50.00,100 גרם,false,0,15.90,31.80,true,1,
7290105360328,false,קפסולות מס' 10 50 גרם,שטראוס קפה בי.וי.,IL,קפסולות מס' 10,גרמים,50.00,100 גרם,false,0,15.90,31.80,true,1,
7290105364678,false,משקה אקטיביה אפרסק 250מל,"שטראוס גרופ בע""\מ",IL,משקה אקטיביה,מיליליטרים,250.00,"100 מ""ל",false,0,5.50,2.20,true,1,
7290105366023,false,חציל בטעם כבד 400 גרם,"שטראוס גרופ בע""\מ",IL,חציל בטעם כבד,גרמים,400.00,100 גרם,false,0,15.90,3.98,true,1,
7290105368331,false,"מילקי בטעם תות 170 מ""ל",שטראוס,IL,מילקי טעם תות,מיליליטרים,170.00,"100 מ""ל",false,0,2.80,1.65,true,1,
7290105368904,false,שמנת מתוקה להקצפה32% 250,מחלבת יטבתה,IL,שמנת מתוקה32%,מיליליטרים,250.00,"100 מ""ל",false,0,6.90,2.76,true,1,
7290105368928,false,שמנת 9% יטבתה מהדרין200מ,מחלבת יטבתה,IL,שמנת 9% יטבתה,מיליליטרים,200.00,"100 מ""ל",false,0,3.20,1.60,true,1,
7290105433985,false,ליידי ספיד סטיק פרס סטיק,קולגייט פלמוליב,US,ליידי ספיד סטיק,גרמים,65.00,100 גרם,false,0,19.90,30.62,true,1,
7290105434067,false,דאו. ספיד סטיק,קולגייט פלמוליב,US,דאו. ספיד סטיק,יחידה,1.00,יחידה,false,0,19.90,19.90,true,1,
7290105439499,false,מיונז מאסטר שף 481 גרם,רמיה סי.וי.הולנד,NL,מיונז מאסטר שף,גרמים,481.00,100 גרם,false,1,9.90,2.06,true,1,
7290105439581,false,חרדל דיז'ון צרפתי 370גרם,רמיה סי.וי.הולנד,FR,חרדל דיז'ון,גרמים,370.00,100 גרם,false,1,11.90,3.22,true,1,
7290105965738,false,דנונה לשתיה תות בננה267ג,"שטראוס גרופ בע""\מ",IL,דנונה לשתיה,גרמים,267.00,100 גרם,false,0,5.30,1.99,true,1,
7290105968098,false,סלט קולסלאו אחלה 500 גרם,"שטראוס גרופ בע""\מ",IL,סלט קולסלאו אחלה,גרמים,500.00,100 גרם,false,0,15.90,3.18,true,1,
7290105968777,false,פריכיות תחתית שוק.מריר70,"שטראוס גרופ בע""\מ",IL,פריכיות + שוקולד,גרמים,70.00,100 גרם,false,0,7.90,11.29,true,1,
7290106520066,false,רבע לשבע גלילית אגוז160ג,"הגביע מוצרי וופלים בע""\מ",IL,רבע לשבע 160 גרם,גרמים,160.00,100 גרם,false,0,11.90,7.44,true,1,
7290106520288,false,יוגורט דנונה פרו תות150ג,"שטראוס גרופ בע""\מ",IL,דנונה WOW תות,גרמים,150.00,100 גרם,false,1,4.50,3.00,true,1,
7290106520905,false,סלט טורקי 400 גרם,"שטראוס גרופ בע""\מ",IL,סלט טורקי,גרמים,400.00,100 גרם,false,0,15.90,3.98,true,1,
7290106524439,false,תפוצ'יפס פופס טבעי 60גרם,"שטראוס פריטו ליי בע""\מ )",IL,תפוצ'יפס פופס,גרמים,60.00,100 גרם,false,1,3.90,6.50,true,1,
7290106525368,false,רבע לשבע שחור לבן 125גרם,"הגביע מוצרי וופלים בע""\מ",IL,רבע לשבע,גרמים,125.00,100 גרם,false,0,11.90,9.52,true,1,
7290106526822,false,פריכיות תחתית חלב 80גרם,"שטראוס גרופ בע""\מ",IL,פריכיות,גרמים,80.00,100 גרם,false,0,7.90,9.88,true,1,
7290106528567,false,דוריטוס גריל 185 גרם,"שטראוס פריטו ליי בע""\מ )",IL,דוריטוס גריל,גרמים,185.00,100 גרם,false,1,7.90,4.27,true,1,
7290106528628,false,דוריטוס Dippas טבעי185ג,"שטראוס פריטו ליי בע""\מ )",IL,דוריטוס Dippas,גרמים,185.00,100 גרם,false,1,7.90,4.27,true,1,
7290106546332,false,קינוח כלנית 20 יחידות,,CN,קינוח כלנית,יחידה,1.00,יחידה,false,1,14.90,14.90,true,1,
7290106576834,false,לה קרמריה פונש בננה,גלידות נסטלה,IL,לה קרמריה,ליטרים,1.40,ליטר,false,0,17.90,12.79,true,1,
7290106576919,false,לה קרמריה סורבה,גלידות נסטלה )נגה גלידות,IL,לח קרמריה,ליטרים,1.40,ליטר,false,0,17.90,12.79,true,1,
7290106576971,false,לה קרמריה שוקולד בלגי .1,גלידות נסטלה,IL,לה קרמריה,ליטרים,1.40,ליטר,false,0,17.90,12.79,true,1,
7290106576995,false,לה קרמריה תות מנגו לייט,גלידות נסטלה )נגה גלידות,IL,לה קרמריה לייט,ליטרים,1.40,ליטר,false,0,17.90,12.79,true,1,
7290106577039,false,לה קרמריה וניל+שוק,גלידות נסטלה,IL,לא קרמריה,ליטרים,1.40,ליטר,false,0,17.90,12.79,true,1,
7290106663091,false,לאבנה 9% 500 גרם,"מחלבות בר בכפר בע""\מ",IL,לאבנה 9%,גרמים,500.00,100 גרם,false,1,18.90,3.78,true,1,
7290106663503,false,קונפיט.תות שדה לייט230ג,"ב.א. מזון בע""\מ",IL,קונפיטורה תות,גרמים,230.00,100 גרם,false,0,13.80,6.00,true,1,
7290106666788,false,סוכריות דבש ממולאות 80ג,מיישקו,PL,סוכריות דבש,גרמים,80.00,100 גרם,false,1,4.90,6.13,true,1,
7290106667266,false,דוריטוס חמוץ חריף 185גרם,"שטראוס פריטו ליי בע""\מ )",IL,דוריטוס,גרמים,185.00,100 גרם,false,1,7.90,4.27,true,1,
7290106668577,false,"מיץ לימון 250 מ""ל",יורופוד ס.ר.ל,IT,מיץ לימון,גרמים,250.00,100 גרם,false,1,7.90,3.16,true,1,
7290106668713,false,דנונה פירות יער 3% 150גר,"שטראוס גרופ בע""\מ",IL,דנונה פירות יער,גרמים,150.00,100 גרם,false,1,3.90,2.60,true,1,
7290106721913,false,מסטיק מרעננת מגדים 66גרם,עלית,IL,מסטיק מרעננת,גרמים,66.00,100 גרם,false,1,9.90,15.00,true,1,
7290106721920,false,מסטיק ספירמינט צ'יקלט66ג,"שטראוס גרופ בע""\מ.",IL,מסטיק ספירמינט,גרמים,66.00,100 גרם,false,1,9.90,15.00,true,1,
7290106726178,false,דנונה פרו פירות יער150ג,"שטראוס גרופ בע""\מ",IL,דנונה WOW פ.יער,גרמים,150.00,100 גרם,false,1,4.50,3.00,true,1,
7290106770577,false,ממרח חלבה 350 גרם,אלמנדוס,IL,ממרח חלבה,גרמים,350.00,100 גרם,false,1,12.90,3.69,true,1,
7290106772472,false,ממרח אגוזי לוז+קקאו350גר,אלמנדוס,IL,ממרח אגוזי לוז,גרמים,350.00,100 גרם,false,1,12.90,3.69,true,1,
7290106774445,false,חמאת בוטנים טבעית 700 גר,---,AR,חמאת בוטנים,גרמים,700.00,100 גרם,false,1,19.90,2.84,true,1,
7290107280389,false,מתז ג'ט לאמבט,,IL,מתז ג'ט לאמבט,מיליליטרים,750.00,"100 מ""ל",false,0,13.90,1.85,true,1,
7290107280402,false,ג'ט לניקוי כללי,,IL,ג'ט לניקוי כללי,ליטרים,2.00,ליטר,false,0,12.90,6.45,true,1,
7290107280518,false,מקסימה ג'אוול 8קג,סנו,IL,מקסימה ג'אוול,קילוגרמים,8.00,"ק""ג",false,0,54.90,6.86,true,1,
7290107280563,false,אוקסיג'ן בייבי,,IL,אוקסיג'ן בייבי,ליטרים,3.00,ליטר,false,0,26.90,8.97,true,1,
7290107280570,false,ג'ל כביסה,,IL,ג'ל כביסה,ליטרים,3.00,ליטר,false,0,27.90,9.30,true,1,
7290107280594,false,סנובון דאבל אקשן לבנדר,סנו מפעלי ברונוס בעמ,IL,סנובון דאבל אקשן,גרמים,155.00,100 גרם,false,1,11.90,7.68,true,1,
7290107280600,false,ספארק טבליות למדיח 100יח,גרופה אינקו,PL,ספארק טב' למדיח,יחידה,1.00,יחידה,false,1,59.90,59.90,true,1,
7290107280648,false,מקסימה מאסק 8קג,סנו,IL,מקסימה מאסק,קילוגרמים,8.00,"ק""ג",false,0,54.90,6.86,true,1,
7290107280655,false,מקסימה בייבי,,IL,מקסימה בייבי,קילוגרמים,3.25,"ק""ג",false,0,32.90,10.12,true,1,
7290107280709,false,ספארק נוזל הברקה 700מל,"סנו מפעלי ברונוס בע""\מ",IL,נוזל הברקה למדיח,מיליליטרים,700.00,"100 מ""ל",false,1,14.90,2.13,true,1,
7290107280716,false,"ספארק מלח למדיח 2 ק""ג",סנו,IL,ספארק מלח למדיח,קילוגרמים,2.00,"ק""ג",false,1,10.90,5.45,true,1,
7290107280761,false,ספארק לימון+משאבה 1ל,סנו מפעלי ברונוס בעמ,IL,נוזל כלים לימון,ליטרים,1.00,ליטר,false,0,10.90,10.90,true,1,
7290107280822,false,ריצפז פרש הום ספא 2 ליטר,"סנו מפעלי ברונוס בע""\מ",IL,ריצפז פרש הום,ליטרים,2.00,ליטר,false,0,19.90,9.95,true,1,
7290107645591,false,מרק טעם עוף ר.טבעיים400ג,"יונליוור ישראל מזון בע""\",IL,מרק טעם עוף,גרמים,400.00,100 גרם,false,1,17.90,4.48,true,1,
7290107646062,false,מרק בצל רכיבים טבעיים400,יוניליוור ישראל מזון בע\,IL,מרק בצל,גרמים,400.00,100 גרם,false,1,22.90,5.73,true,1,
7290107646826,false,חטיפי שוגי שוקו 26*6גרם,יוניליוור ישראל מזון בעמ,IL,חטיפי שוגי 6 יח,גרמים,156.00,100 גרם,false,1,14.90,9.55,true,1,
7290107646833,false,חטיפי שוגי שוק.לבן 23*6ג,יוניליוור ישראל מזון בעמ,IL,חטיפי שוגי 6 יח,גרמים,138.00,100 גרם,false,1,14.90,10.80,true,1,
7290107648943,false,ברנפלקס קרנצ'ים מייפל375,"יוניליוור שפע ישראל בע""\",IL,ברנפלקס קרנצ'ים,גרמים,375.00,100 גרם,false,1,21.90,5.84,true,1,
7290107649100,false,בייגלה טבעות+שומשום300ג,בייגל את בייגל מזון 198),IL,בייגלה טבעות,גרמים,300.00,100 גרם,false,1,7.90,2.63,true,1,
7290107875400,false,להקרמריה פיסטוק מוקה 1.4,גלידות נסטלה,IL,להקרמריה,ליטרים,1.40,ליטר,false,0,17.90,12.79,true,1,
7290107930321,false,קונפיטורה דובדבן 340 גרם,"ב.א. מזון בע""\מ",IL,קונפיטורה דובדבן,גרמים,340.00,100 גרם,false,1,13.90,4.09,true,1,
7290107932080,false,חלב מועשר3% בקבוק 1ליטר,מחלבת יטבתה,IL,חלב מועשר 3%,ליטרים,1.00,ליטר,false,1,7.90,7.90,true,1,
7290107936309,false,יוגורט יווני לבן6.5% 130,"שטראוס גרופ בע""\מ",IL,יוגורט יווני,גרמים,130.00,100 גרם,false,1,3.20,2.46,true,1,
7290107937542,false,משקה אקטיביה תות1.2% 265,"שטראוס גרופ בע""\מ",IL,משקה אקטביה תות,גרמים,265.00,100 גרם,false,1,5.50,2.08,true,1,
7290107937627,false,קוביות ספירמינט צנצנת58ג,אסקום קונפקשיין,DE,קוביות מסטיק,גרמים,58.00,100 גרם,false,1,9.90,17.07,true,1,
7290107937856,false,קפסולות מס' 11 50 גרם,שטראוס קפה בי.וי,IL,קפסולות עלית,גרמים,50.00,100 גרם,false,1,15.90,31.80,true,1,
7290107938396,false,"מארז אקטימל תות 100*8מ""ל","שטראוס בריאות בע""\מ",IL,אקטימל תות 8יח',מיליליטרים,800.00,"100 מ""ל",false,1,20.90,2.61,true,1,
7290107940467,false,אקטיביה 1.5% 200 גרם,"שטראוס גרופ בע""\מ",IL,אקטיביה 1.5%,גרמים,200.00,100 גרם,false,1,3.80,1.90,true,1,
7290107943192,false,שמנת חמוצ.מהערבה27% 200מ,מחלבת יטבתה,IL,שמנת חמוצה 27%,מיליליטרים,200.00,"100 מ""ל",false,1,3.90,1.95,true,1,
7290107945165,false,קונפיטורת משמש 340 גרם,"ב.א. מזון בע""\מ",IL,קונפיטורת משמש,גרמים,340.00,100 גרם,false,1,13.90,4.09,true,1,
7290107950190,false,מעדן דיאט שוקולד מריר130,"שטראוס גרופ בע""\מ",IL,מעדן דיאט שוקולד,גרמים,130.00,100 גרם,false,1,2.90,2.23,true,1,
7290107951104,false,בפלות בטעם שוקולד 200גרם,"א.ג. גילרו בע""\מ",IL,בפלות טעם שוקולד,גרמים,200.00,100 גרם,false,1,4.90,2.45,true,1,
7290107953559,false,קפה טורקי לדרך 24 * 7 גר,שטראוס קפה בי.וי.,IL,קפה טורקי לדרך,גרמים,168.00,100 גרם,false,1,18.90,11.25,true,1,
7290107956710,false,מיני מילקי שרינק 70*16גר,"שטראוס גרופ בע""\מ",IL,מיני מילקי 16 יח,קילוגרמים,1.12,"ק""ג",false,1,19.90,17.77,true,1,
7290107956925,false,קפסולות אוגנדה 13 50 גרם,שטראוס קפה בי.וי.,IL,קפסולות קפה,גרמים,50.00,100 גרם,false,1,15.90,31.80,true,1,
7290107956932,false,קפסולות אינדונזיה מס12,שטראוס קפה בי.וי.,IL,קפסולות אינדונזי,גרמים,50.00,100 גרם,false,1,15.90,31.80,true,1,
7290107956963,false,מארז דנונה תות 100X12 גר,שטראוס מחלבות,IL,מארז דנונה תות,קילוגרמים,1.20,"ק""ג",false,1,19.90,16.58,true,1,
7290107958035,false,דנונה מתיקות מעודנת150*8,"שטראוס גרופ בע""\מ",IL,דנונה מעודן 8 יח,קילוגרמים,1.20,"ק""ג",false,1,18.90,15.75,true,1,
7290107974301,false,ליידי ס.סטיק אלוורה ג'ל,קולגייט פלמוליב,US,ליידי ספיד סטיק,גרמים,45.00,100 גרם,false,1,19.90,44.22,true,1,
7290107974820,false,ממרח מתובל ספייסי 250גרם,רמיה סי.וי.הולנד,NL,ממרח מתובל ספייס,גרמים,250.00,100 גרם,false,1,8.90,3.56,true,1,
7290107974837,false,ממרח מתובל שום 250 גרם,רמיה סי.וי.הולנד,NL,ממרח מתובל שום,גרמים,250.00,100 גרם,false,1,8.90,3.56,true,1,
7290108193602,false,שקיות גופיה קטנות,,IL,שקיות גופיה,יחידה,1.00,יחידה,false,1,9.90,9.90,true,1,
7290108193619,false,שקיות גופיה גדולות,,IL,שקיות גופיה,יחידה,1.00,יחידה,false,1,9.90,9.90,true,1,
7290108194678,false,צמר גפן 100 גרם,,CN,צמר גפן 100 גרם,גרמים,100.00,100 גרם,false,1,3.90,3.90,true,1,
7290108197884,false,מנג'טים צבעוניים מספר 2,"השלושה טריימארט בע""מ",CN,מנג'טים צבעוניים,יחידה,1.00,יחידה,false,1,4.90,4.90,true,1,
7290108197891,false,מנגטים צבעוניים מס 3,"השלושה טריימארט בע""מ",CN,מנג'טים צבעוני,יחידה,1.00,יחידה,false,1,5.90,5.90,true,1,
7290108197907,false,מנג'טים צבעוניים מס 4,"השלושה טריימארט בע""מ",CN,מנג'טים צבעוניים,יחידה,1.00,יחידה,false,1,6.90,6.90,true,1,
7290108350531,false,ספארק לכלים קלאסי+משאבה,סנו מפעלי ברונוס בעמ,IL,ספארק לכלים,ליטרים,1.00,ליטר,false,1,10.90,10.90,true,1,
7290108350555,false,ספארק לעור רגיש+משאבה 1ל,סנו,IL,ספארק לכלים,ליטרים,1.00,ליטר,false,1,10.90,10.90,true,1,
7290108350616,false,מרכך מקסימה בלו 1 ליטר,"סנו מפעלי ברונוס בע""\מ",IL,מרכך מקסימה,ליטרים,1.00,ליטר,false,1,15.90,15.90,true,1,
7290108350739,false,מ.שיניים סוכריות ג'לי70ג,טרופיקל דגיל תעשיות קוסמ,IL,משחה אורביטול,גרמים,70.00,100 גרם,false,1,7.90,11.29,true,1,
7290108351156,false,סנו ג'ט רצפות חומץ 1.5ל,"סנו מפעלי ברונוס בע""\מ",IL,סנו ג'ט פלוס,ליטרים,1.50,ליטר,false,1,11.90,7.93,true,1,
7290108351569,false,מקסימה למייבש בייבי750מל,"סנו מפעלי ברונוס בע""\מ",IL,מקסימה למייבש,מיליליטרים,750.00,"100 מ""ל",false,1,16.90,2.25,true,1,
7290108351583,false,סנו ג'ט מנקה אסלות 750מל,סנו מפעלי ברונו בעמ,IL,סנו ג'ט לאסלות,מיליליטרים,750.00,"100 מ""ל",false,1,11.90,1.59,true,1,
7290108351590,false,"סנופרש הום בלוסם 350 מ""ל",---,IL,סנופרש בלוסם,מיליליטרים,350.00,"100 מ""ל",false,1,10.90,3.11,true,1,
7290108351613,false,ריצפז פרש הום בית מלון2ל,"סנו מפעלי ברונוס בע""\מ",IL,ריצפז פרש הום,ליטרים,2.00,ליטר,false,1,19.90,9.95,true,1,
7290108351637,false,"א.כ.מקסימה סמארט 5 ק""ג",סנו,IL,אבקת כביסה,קילוגרמים,5.00,"ק""ג",false,1,47.90,9.58,true,1,
7290108351699,false,סנו ג'ט מטליות ניקוי50*3,סנו,IL,סנו ג'ט מטליות3*,יחידה,1.00,יחידה,false,1,17.90,17.90,true,1,
7290108351804,false,מרכך כביסה ג'נטל בריז 1ל,סנו מפעלי ברונוס בעמ,IL,מרכך מקסימה,ליטרים,1.00,ליטר,false,1,15.90,15.90,true,1,
7290108352092,false,מש.אורביטול פרוטקטיב145ג,טרופיקל דגיל תעשיות קוסמ,IL,משחת אורביטול,גרמים,145.00,100 גרם,false,1,17.90,12.34,true,1,
7290108352108,false,משחת אורביטול פרש 145 גר,טרופיקל דגיל תעשיות קוסמ,IL,משחת אורביטול,גרמים,145.00,100 גרם,false,1,14.90,10.28,true,1,
7290108352207,false,מקסימה קפסולות פלורל40יח,"גליל כימיקלים, א.ת. צפונ",IL,מקסימה קפסולות,יחידה,1.00,יחידה,false,1,42.90,42.90,true,1,
7290108352276,false,מטליות לחיטוי רצפות 10יח,"סנו מפעלי ברונס בע""\מ",IL,מטליות לרצפה,יחידה,1.00,יחידה,false,1,16.90,16.90,true,1,
7290108352320,false,פרש הום מלון בוטיק 350מ,סנו מפעלי ברונוס בעמ,IL,סנופרש הום,מיליליטרים,350.00,"100 מ""ל",false,1,10.90,3.11,true,1,
7290108352337,false,סנן  פרש מילוי 250מל,סנו מפעלי ברונוס בעמ,IL,סנו פרש מילוי,מיליליטרים,250.00,"100 מ""ל",false,1,14.90,5.96,true,1,
7290108352399,false,ריצפז פרש הום ניח.מרכך2ל,"סנו מפעלי ברונוס בע""\מ",IL,ריצפז פרש הום,ליטרים,2.00,ליטר,false,1,19.90,9.95,true,1,
7290108352450,false,ריצפז פרש הום ריח מרכך2ל,סנו מפעלי ברונוס בעמ,IL,ריצפז פרש הום,ליטרים,2.00,ליטר,false,1,19.90,9.95,true,1,
7290108352511,false,מנקה מכ.כביסה מקסימה500מ,"סנו מפעלי ברונוס בע""\מ",IL,מנקה מכונת כביסה,מיליליטרים,500.00,"100 מ""ל",false,1,12.90,2.58,true,1,
7290108352566,false,מקסימה JOY מרכך 4ל,"סנו מפעלי ברונוס בע""\מ",IL,מקסימה מרכך JOY,ליטרים,4.00,ליטר,false,1,19.90,4.98,true,1,
7290108352641,false,מטלית הפלא 3 יחידות,,CN,מטליות הפלא 3 יח,יחידה,1.00,יחידה,false,1,14.90,14.90,true,1,
7290108352672,false,מטליות לרצפה סנו סושי2יח,,CN,מטליות לרצפה 2יח,יחידה,1.00,יחידה,false,1,19.90,19.90,true,1,
7290108352825,false,ספוג הפלא לנירוסטה 3יח,ltdn s.k.a.tסנו מפעלי בר,CN,ספוג הפלא נירוסט,יחידה,1.00,יחידה,false,1,11.90,11.90,true,1,
7290108352863,false,20שקיות צלייה סנו סושי L,סנו מפעלי ברונוס בעמ . ח,TR,שקיות צלייה,יחידה,1.00,יחידה,false,1,9.90,9.90,true,1,
7290108352931,false,80כפפות ניטרילL סנו סושי,תאי ד.בו,TH,כפפות ניטריל L,יחידה,1.00,יחידה,false,1,29.90,29.90,true,1,
7290108353006,false,שקיות אוכל נקשרות250,"וויפנג הנגשנג, סין",CN,שקיות אוכל נקשרו,יחידה,1.00,יחידה,false,1,9.90,9.90,true,1,
7290108353075,false,מפיות אירוח איכותיות 50,האנק טישו,PL,מפיות אירוח איכו,יחידה,1.00,יחידה,false,1,10.90,10.90,true,1,
7290108353099,false,ממחטות אף סופט 5 * 100יח,איימי פייפר,CN,ממחטות סופט מארז,יחידה,1.00,יחידה,false,1,12.90,12.90,true,1,
7290108353334,false,כיף שמפו למניעת קשקש700מ,קוסמופארם,IL,כיף שמפו,מיליליטרים,700.00,"100 מ""ל",false,1,11.90,1.70,true,1,
7290108353501,false,שק.אשפה XXL עם ידיות25יח,"סנאט גרופ, טורקיה",TR,שקיות אשפה XXL,יחידה,1.00,יחידה,false,1,21.90,21.90,true,1,
7290108353549,false,דפי נייר אפייה 100יח' 38,"טופ פלסט 2002 בע""\מ",IL,סנו סושי נייר,יחידה,1.00,יחידה,false,1,21.90,21.90,true,1,
7290108353648,false,שקיות אוכל מנייר 70 יחיד,איי טיי אריזות טורקיה,TR,שקיות אוכל מנייר,יחידה,1.00,יחידה,false,1,11.90,11.90,true,1,
7290108354270,false,מרכך Calm מקסימה 1 ל,סנו מפעלי ברונוס בעמ,IL,מרכך מקסימה,ליטרים,1.00,ליטר,false,1,15.90,15.90,true,1,
7290108354447,false,מרכך שמן קוקוס קרטין 700,קוסמופארם,IL,מרכך שיער כיף,מיליליטרים,700.00,"100 מ""ל",false,1,11.90,1.70,false,1,
7290108354591,false,נקה 7ביו רחצה קקטוס750מל,"קוסמופארם בע""\מ",IL,תחליב רחצה נקה 7,מיליליטרים,750.00,"100 מ""ל",false,1,10.90,1.45,true,1,
7290108354607,false,שמפו נקה7ביו מי קקטוס750,קוסמופארם בעמ,IL,שמפו נקה 7 קקטוס,מיליליטרים,750.00,"100 מ""ל",false,1,10.90,1.45,true,1,
7290108354614,false,מרכך נקה7ביו מי קקטוס750,"קוסמופארם בע""\מ",IL,מרכך נקה 7 קקטוס,מיליליטרים,750.00,"100 מ""ל",false,1,10.90,1.45,true,1,
7290108355130,false,בייבי כיף שמן לפ.שינה500,קוסמופארם,IL,בייבי כיף שמן,מיליליטרים,500.00,"100 מ""ל",false,1,26.90,5.38,true,1,
7290108355161,false,מרכך נקה 7 שמני הזנה 750,קוסמופארם בעמ,IL,מרכך נקה 7,מיליליטרים,750.00,"100 מ""ל",false,1,10.90,1.45,true,1,
7290108355260,false,נקה7שמפו+גל רחצה+סבון750,קוסמופארם,IL,נקה7 שמפו/לרחצה,מיליליטרים,750.00,"100 מ""ל",false,1,10.90,1.45,true,1,
7290108356021,false,כיף תחליב רחצה עוגיות700,קוסמופארם,IL,כיף תחליב רחצה,מיליליטרים,700.00,"100 מ""ל",false,1,10.90,1.56,true,1,
7290108356137,false,כיף תחליב רחצה לבנדר700מ,קוסמופארם,IL,כיף תחליב רחצה,מיליליטרים,700.00,"100 מ""ל",false,1,10.90,1.56,true,1,
7290108356199,false,אל סבון כיף אפרסק 1 ליטר,קוסמופארם בע'\'\מ,IL,אל סבון כיף,ליטרים,1.00,ליטר,false,1,11.90,11.90,true,1,
7290108356359,false,קרם לחות לגוף אלוורה 400,קוסמופארם בעמ,IL,קרם לחות,מיליליטרים,400.00,"100 מ""ל",false,1,24.90,6.23,true,1,
7290108356519,false,שמפו 10 לשיער רגיל 700מל,"קוסמופארם בע""\מ",IL,שמפו 10 קרליין,מיליליטרים,700.00,"100 מ""ל",false,1,12.90,1.84,true,1,
7290108356526,false,שמפו 10 לשיער יבש 700 מל,"קוסמופארם בע""\מ",IL,שמפו 10 קרליין,מיליליטרים,700.00,"100 מ""ל",false,1,12.90,1.84,true,1,
7290108356854,false,מגבונים בניחוח עדין 64*5,קוסמופארם בעמ,IL,מגבוני בייבי כיף,יחידה,1.00,יחידה,false,1,22.90,22.90,true,1,
7290108357028,false,כיף תחליב רחצה+שמן700מל,קוסמופארם בעמ,IL,כיף תחליב רחצה,מיליליטרים,700.00,"100 מ""ל",false,1,10.90,1.56,true,1,
7290108357189,false,"מקסימה למייבש  750מ""ל","סנו מפעלי ברונוס בע""\מ",IL,מקסימה למייבש,מיליליטרים,750.00,"100 מ""ל",false,1,16.90,2.25,true,1,
7290108357233,false,מטליות לחות לניקוי50יח,"סנו מפעלי ברונוס בע""\מ",IL,קליר מטליות לחות,יחידה,1.00,יחידה,false,1,11.90,11.90,true,1,
7290108357240,false,אוקסיג'ן פאואר צבע 1.4קג,---,IL,אוקסיג'ן פאואר,קילוגרמים,1.40,"ק""ג",false,1,27.90,19.93,true,1,
7290108357257,false,סנו פרש מכשיר+מילוי250מ,"יצרן מכשיר: זובלה,  יצרן",CN,סנו פרש,מיליליטרים,250.00,"100 מ""ל",false,1,44.90,17.96,true,1,
7290108357288,false,סנו ג'אוול ניחוח פריחה4ל,---,IL,אקונומיקה ג'אוול,ליטרים,4.00,ליטר,false,1,15.90,3.98,true,1,
7290108357295,false,מסיר כתמים  לכביסה 750מל,סנו,IL,אוקסיג'ן מסיר,מיליליטרים,750.00,"100 מ""ל",false,1,16.90,2.25,true,1,
7290108357400,false,תח.רחצה קרמה לבנדר700מ,קוסמופארם בעמ,IL,תחליב רחצה קרמה,מיליליטרים,700.00,"100 מ""ל",false,1,16.90,2.41,true,1,
7290108357707,false,כיף שמפו לשיער רגיל 700מ,קוסמופארם,IL,כיף שמפו,מיליליטרים,700.00,"100 מ""ל",false,1,11.90,1.70,true,1,
7290108357714,false,כיף שמפו לשיער יבש700מ,קוסמופארם,IL,כיף שמפו,מיליליטרים,700.00,"100 מ""ל",false,1,11.90,1.70,true,1,
7290108357851,false,כיף ג'ל רח.בשמן קוקוס700,"קוסמופארם בע""\מ",IL,כיף ג'ל רחצה,מיליליטרים,700.00,"100 מ""ל",false,1,10.90,1.56,true,1,
7290108357868,false,כיף ג'ל רחצה מקדמיה 700,"קוסמופארם בע""\מ",IL,כיף ג'ל רחצה,מיליליטרים,700.00,"100 מ""ל",false,1,10.90,1.56,true,1,
7290108357875,false,"כיף שמפו אפרסק 700 מ""ל",קוסמופארם בעמ,IL,כיף שמפו אפרסק,מיליליטרים,700.00,"100 מ""ל",false,1,11.90,1.70,true,1,
7290108357882,false,"כיף מרכך אפרסק 700מ""ל",קוסמופארם בעמ,IL,כיף מרכך לשיער,מיליליטרים,700.00,"100 מ""ל",false,1,11.90,1.70,true,1,
7290108359060,false,סנו סושי - כריות ניקוי ל,סנו מפעלי ברונו בעמ,IL,כריות ניקוי לשבת,יחידה,1.00,יחידה,false,1,11.90,11.90,true,1,
7290108359077,false,סנו סופט 3שכבות 120יח,"סנו מפעלו ברונוס בע""\מ",EG,סופט לושן ממחטות,יחידה,1.00,יחידה,false,1,14.90,14.90,true,1,
7290108359084,false,סנו סושי כיסוי ניילון M,תאיזו ווילד,CN,כיסוי ניילון,יחידה,1.00,יחידה,false,1,12.90,12.90,true,1,
7290108359961,false,אורביטול פרוטקט 145*3ג,טרופיקל דגיל תעשיות קוסמ,IL,משחת אורביטול3יח,גרמים,435.00,100 גרם,false,1,22.90,5.26,true,1,
7290108359978,false,מש.אורביטול ריח פה145*3מ,טרופיקל דגיל תעשיות קוסמ,IL,משחת אורביטול3יח,גרמים,435.00,100 גרם,false,1,22.90,5.26,true,1,
7290108359985,false,ג'אוול קצף ניקוי 1 ליטר,---,IL,ג'אוול קצף ניקוי,ליטרים,1.00,ליטר,false,1,15.90,15.90,true,1,
7290108503647,false,"אורז בסמטי מהדרין 1 ק""ג",אל.טי.פודס בעמ,IN,אורז בסמטי,קילוגרמים,1.00,"ק""ג",false,1,15.90,15.90,true,1,
7290108507058,false,ביסקויט בשוקולד חלב100גר,דן קייק,TR,ביסקויט מצופה,גרמים,100.00,100 גרם,false,1,5.90,5.90,true,1,
7290108507645,false,ביסקויט בשוקולד מריר 100,דן קייק,TR,ביסקויט בשוקולד,גרמים,100.00,100 גרם,false,1,5.90,5.90,true,1,
7290108507652,false,ביסקויט בשוקולד לבן100גר,דן קייק,TR,ביסקויט מצופנ,גרמים,100.00,100 גרם,false,1,5.90,5.90,true,1,
7290108508765,false,קונכיות פתיתים 400 גרם,---,TR,קונכיות פתיתים,גרמים,400.00,100 גרם,false,1,5.90,1.48,true,1,
7290108620023,false,יין קפיטל קברנה סוביניון,יקב ציון,IL,יין קפיטל קברנה,מיליליטרים,750.00,"100 מ""ל",false,1,54.90,7.32,true,1,
7290108620078,false,"יין אסטייט מרלו 750 מ""ל",יקב ציון,IL,יין אסטייט מרלו,מיליליטרים,750.00,"100 מ""ל",false,1,36.90,4.92,true,1,
7290108620108,false,יין אימפריאל קברנה סובינ,יקב ציון,IL,יין אימפריאל קבר,מיליליטרים,750.00,"100 מ""ל",false,1,26.90,3.59,true,1,
7290108620177,false,יין פאלאס בלנד אדום 750,יקב ציון,IL,יין פאלאס בלנד א,מיליליטרים,750.00,"100 מ""ל",false,1,22.90,3.05,true,1,
7290108620191,false,"יין אסטייט מוסקט 750 מ""ל",יקב ציון,IL,יין אסטייט מוסקט,מיליליטרים,750.00,"100 מ""ל",false,1,36.90,4.92,true,1,
7290108620245,false,תירוש לבן מובחר 100% 1לי,יקב ציון,IL,תירוש לבן מובחר,ליטרים,1.00,ליטר,false,1,16.90,16.90,true,1,
7290108620351,false,יין גן עדן מוסקט המבורג,יקב ציון,IL,יין גן עדן מוסקט,מיליליטרים,750.00,"100 מ""ל",false,1,21.90,2.92,true,1,
7290108620368,false,"יין גן עדן מוסקט 750 מ""ל",יקב ציון,IL,יין גן עדן מוסקט,מיליליטרים,750.00,"100 מ""ל",false,1,21.90,2.92,true,1,
7290108620436,false,מארז יינות קפיטל 750*2מל,יקב ציון,IL,מארז קפיטל קברנה,ליטרים,1.50,ליטר,false,1,118.60,79.07,true,1,
7290109358482,false,קרמוגית במילוי חלבה200גר,"הגביע מוצרי וופלים בע""\מ",IL,קרמוגית חלבה,גרמים,200.00,100 גרם,false,1,9.90,4.95,true,1,
7290109580043,false,שניצל תירס 1.75 קג בדצ,---,IL,שניצל תירס 1.75ק,קילוגרמים,1.75,"ק""ג",false,1,49.90,28.51,true,1,
7290109580142,false,נקניקיות מן הצומח 1.75ק,---,IL,נקניקיות מן הצומ,קילוגרמים,1.75,"ק""ג",false,1,49.90,28.51,true,1,
7290109580241,false,נאגטס מן הצומח 500 גרם,---,IL,נאגטס מן הצומח,קילוגרמים,0.50,"ק""ג",false,1,24.90,49.80,true,1,
7290109580326,false,נקניקיות עוף 800 גרם,---,IL,נקניקיות עוף,גרמים,800.00,100 גרם,false,1,21.90,2.74,true,1,
7290109580357,false,זוג חרמון +ח.ברביקיו 300,---,IL,זוג חרמון,גרמים,600.00,100 גרם,false,1,31.90,5.32,true,1,
7290109640020,false,גוש טבעוני טעם מוצרלה300,ויגרדן,IL,גוש טבעוני,גרמים,300.00,100 גרם,false,1,19.90,6.63,true,1,
7290109920313,false,מרסס חלונות אסטוניש 750,אסטוניש,GB,מרסס חלונות,מיליליטרים,750.00,"100 מ""ל",false,1,11.90,1.59,true,1,
7290109920320,false,משמיד עובש אסטוניש 750מל,אסטוניש,GB,משמיד עובש,מיליליטרים,750.00,"100 מ""ל",false,1,11.90,1.59,true,1,
7290109920627,false,אסטוניש עם אקונומיקה 500,אסטוניש,GB,אסטוניש אקונומיק,מיליליטרים,500.00,"100 מ""ל",false,1,11.90,2.38,true,1,
7290110001834,false,ממרח בוטנים עם קקאו 350,בטר אנד דיפרנט,IL,ממרח בוטנים,גרמים,350.00,100 גרם,false,1,12.90,3.69,true,1,
7290110001841,false,חמאת בוטנים טבעית 760 גר,בטר אנד דיפרנט,IL,תמאת בוטנים טבעי,גרמים,760.00,100 גרם,false,1,19.90,2.62,true,1,
7290110001872,false,פיצפוצי אורז 380 גרם,"תירפז בע""מ",IL,פיצפוצי אורז,גרמים,380.00,100 גרם,false,1,14.90,3.92,true,1,
7290110001889,false,פיצפוצי אורז מלא 345 גרם,"תירפז בע""מ",IL,פיצפוצי אורז מלא,גרמים,345.00,100 גרם,false,1,14.90,4.32,true,1,
7290110001896,false,"פיצפוצי אורז מלא לל""ס 34","תירפז בע""מ",IL,פיצפוצי אורז,גרמים,345.00,100 גרם,false,1,14.90,4.32,true,1,
7290110001902,false,חמאת בוטנים מתוקה 760 גר,בטר אנד דיפרנט,IL,חמאת בוטנים,גרמים,760.00,100 גרם,false,1,19.90,2.62,true,1,
7290110002206,false,"שמן קוקוס 500 מ""ל","בטר אנד דיפרנט בע""מ",IL,שמן קוקוס 500 מ',מיליליטרים,500.00,"100 מ""ל",false,1,22.90,4.58,true,1,
7290110110369,false,קרלסברג לומה 6בק* 330מל,מבשלות בירה בינלאומיות ב,IL,קרלסברג לומה 6יח,ליטרים,1.98,ליטר,false,1,34.90,17.63,true,1,
7290110113377,false,קוקה קולה 4 * 1 ליטר,החברה המרכזית לייצור משק,IL,קוקה קולה 4 יח,ליטרים,4.00,ליטר,false,1,21.90,5.48,true,1,
7290110113384,false,קולה זירו 4 * 1 ליטר,החברה המרכזית לייצור משק,IL,קולה זירו 4 יח,ליטרים,4.00,ליטר,false,1,21.90,5.48,true,1,
7290110114787,false,נביעות+טעם תפוח 1.5 ליטר,נביעות טבע הגליל בעמ,IL,נביעות+תפוח,ליטרים,1.50,ליטר,false,0,8.50,5.67,true,1,
7290110114794,false,נביעות+טעם אפרסק 1.5ליטר,"נביעות טבע הגליל בע""\מ ,",IL,נביעות+אפרסק,ליטרים,1.50,ליטר,false,0,8.50,5.67,true,1,
7290110114800,false,נביעות+טעם ענבים 1.5ליטר,"נביעות טבע הגליל בע""\מ",IL,נביעות+ענבים,ליטרים,1.50,ליטר,false,0,8.50,5.67,true,1,
7290110114855,false,מים מינרל.נביעות 1.5*6ל,נביעות טבע הגליל בעמ,IL,מים נביעות1.5*6ל,ליטרים,9.00,ליטר,false,0,11.90,1.32,true,1,
7290110114893,false,מיץ תפוזים סחוט טבעי 2 ל,גת,IL,מיץ תפוזים,ליטרים,2.00,ליטר,false,0,26.90,13.45,true,1,
7290110114961,false,פריגת תפוזים 1.5 ליטר,מבשלות בירה בינלאומיות ב,IL,פריגת תפוזים,ליטרים,1.50,ליטר,false,0,8.60,5.73,true,1,
7290110114985,false,פריגת אשכוליות 1.5 ליטר,מבשלות בירה בינלאומיות ב,IL,פריגת אשכוליו,ליטרים,1.50,ליטר,false,0,8.60,5.73,true,1,
7290110114992,false,פריגת אשכוליות לייט 1.5,מבשלות בירה בינלאומיות ב,IL,פריגת  אשכולי,ליטרים,1.50,ליטר,false,0,8.10,5.40,true,1,
7290110115005,false,פריגת ענבים 1.5 ליטר,מבשלות בירה בינלאומיות ב,IL,פריגת ענבים,ליטרים,1.50,ליטר,false,0,8.60,5.73,true,1,
7290110115043,false,פריגת לימונענע 1.5 ליטר,מבשלות בירה בינלאומיות ב,IL,"משק""ל פריגת",ליטרים,1.50,ליטר,false,0,8.60,5.73,true,1,
7290110115050,false,פריגת מיקס תות-בננה1.5ל,מבשלות בירה בינלאומיות ב,IL,פריגת תות בננ,ליטרים,1.50,ליטר,false,0,8.60,5.73,true,1,
7290110115081,false,פריגת צלול ענבים 1.5ליטר,"מבשלות בירה לישראל בע""\מ",IL,פריגת צלול ענ,ליטרים,1.50,ליטר,false,0,8.10,5.40,true,1,
7290110115111,false,פריגת צלול אננס 1.5 ליטר,"מבשלות בירה לישראל בע""\מ",IL,פריגת צלול אנ,ליטרים,1.50,ליטר,false,0,8.10,5.40,true,1,
7290110115128,false,פריגת צלול לימוננע 1.5 ל,"מבשלות בירה לישראל בע""\מ",IL,פריגת צלול,ליטרים,1.50,ליטר,false,0,8.10,5.40,true,1,
7290110115203,false,קוקה קולה בקבוק 1.5 ליטר,החברה המרכזית לייצור משק,IL,קוקה קולה,ליטרים,1.50,ליטר,false,0,8.40,5.60,true,1,
7290110115210,false,קולה דיאט בקבוק 1.5 ל',החברה המרכזית לייצור משק,IL,קוקה קולה דיא,ליטרים,1.50,ליטר,false,0,7.90,5.27,true,1,
7290110115227,false,קוקה קולה זירו 1.5 ליטר,החברה המרכזית לייצור משק,IL,קוקה קולה זיר,ליטרים,1.50,ליטר,false,0,8.00,5.33,true,1,
7290110115234,false,קולה זירו נטול קפאין1.5ל,החברה המרכזית לייצור משק,IL,קולה זירו נטו,ליטרים,1.50,ליטר,false,0,8.10,5.40,true,1,
7290110115241,false,קולה זירו לימון 1.5 ליטר,החברה המרכזית לייצור משק,IL,קולה זירו לימ,ליטרים,1.50,ליטר,false,0,8.10,5.40,true,1,
7290110115265,false,ספרייט ליים 1.5 ליטר,החברה המרכזית לייצור משק,IL,ספרייט ליים,ליטרים,1.50,ליטר,false,0,8.60,5.73,true,1,
7290110115272,false,ספרייט זירו 1.5 ליטר,החברה המרכזית לייצור משק,IL,ספרייט זירו,ליטרים,1.50,ליטר,false,0,8.10,5.40,true,1,
7290110115289,false,ספרייט19קל.לימון נענע1.5,החברה המרכזית לייצור משק,IL,ספרייט נענע,ליטרים,1.50,ליטר,false,0,8.10,5.40,true,1,
7290110115296,false,פאנטה אורנג' 1.5 ל',החברה המרכזית לייצור משק,IL,פאנטה אורנג',ליטרים,1.50,ליטר,false,0,9.00,6.00,true,1,
7290110115319,false,פאנטה אקזוטי 1.5 ליטר,החברה המרכזית לייצור משק,IL,פאנטה אקזוטי,ליטרים,1.50,ליטר,false,0,9.00,6.00,true,1,
7290110115333,false,פאנטה תות 1.5 ליטר,החברה המרכזית לייצור משק,IL,פאנטה תות,ליטרים,1.50,ליטר,false,0,9.00,6.00,true,1,
7290110115340,false,פאנטה ענבים 1.5 ליטר,החברה המרכזית לייצור משק,IL,פאנטה ענבים,ליטרים,1.50,ליטר,false,0,9.00,6.00,true,1,
7290110115357,false,קינלי סודה 1.5 ליטר,החברה המרכזית לייצור משק,IL,קינלי סודה,ליטרים,1.50,ליטר,false,0,3.90,2.60,true,1,
7290110115364,false,קוקה קולה 1.5*6 ליטר,החברה המרכזית לייצור משק,IL,קוקה קולה1.5*6ל,ליטרים,9.00,ליטר,false,0,48.20,5.36,true,1,
7290110115401,false,קינלי סודה 1.5*6 ליטר,החברה המרכזית לייצור משק,IL,קינלי סודה1.5*6ל,ליטרים,9.00,ליטר,false,0,15.90,1.77,true,1,
7290110115418,false,קוקה קולה זירו 1.5*6 ל',החברה המרכזית לייצור משק,IL,קולה זירו1.5*6ל,ליטרים,9.00,ליטר,false,0,45.90,5.10,true,1,
7290110115449,false,פיוז תה מנגו אננס 1.5ל,מבשלות בירה בינלאומיות ב,IL,תה מנגו אננס,ליטרים,1.50,ליטר,false,0,9.60,6.40,true,1,
7290110115463,false,פיוז תה קר אפרסק 1.5ליטר,מבשלות בירה בינלאומיות ב,IL,פיוז תה אפרסק,ליטרים,1.50,ליטר,false,0,9.60,6.40,true,1,
7290110115494,false,פיוז תה ענבים 1.5 ליטר,מבשלות בירה בינלאומית בע,IL,פיוז תה ענבים,ליטרים,1.50,ליטר,false,0,9.60,6.40,true,1,
7290110115586,false,פריגת תפוזים מופחת 1.5 ל,מבשלות בירה בינלאומיות ב,IL,פריגת תפוזים,ליטרים,1.50,ליטר,false,0,8.10,5.40,true,1,
7290110115616,false,פיוז תה אננס זירו 1.5 ל',מבשלות בירה בינלאומיות ב,IL,פיוז תה אננס,ליטרים,1.50,ליטר,false,1,9.10,6.07,true,1,
7290110115623,false,פיוז תה אפרסק זירו 1.5 ל,מבשלות בירה בינלאומיות ב,IL,פיוז תה אפרסק,ליטרים,1.50,ליטר,false,1,9.10,6.07,true,1,
7290110116125,false,"סירופ בטעם פטל 750 מ""ל",גת,IL,סירופ בטעם פטל,מיליליטרים,750.00,"100 מ""ל",false,1,24.90,3.32,true,1,
7290110116217,false,נביעות+אשכול 0קלוריות1.5,"נביעות טבע הגליל בע""\מ",IL,נביעות+אשכולית,ליטרים,1.50,ליטר,false,1,9.90,6.60,true,1,
7290110116552,false,ספרייט למון היט 1.5 ליטר,החברה המרכזית לייצור משק,IL,ספרייט למון היט,ליטרים,1.50,ליטר,false,1,8.60,5.73,true,1,
7290110116569,false,ספרייט זירו למון היט1.5ל,החברה המרכזית לייצור משק,IL,ספרייט זירו למון,ליטרים,1.50,ליטר,false,1,8.10,5.40,true,1,
7290110320683,false,משקה יוגורט תות 107*8ג,מחלבת אלון תבור,IL,משקה יוגורט 8 יח,גרמים,856.00,100 גרם,false,1,16.90,1.97,true,1,
7290110320867,false,פתיתי עמק 28% 500גרם,תנובה,IL,פתיתי עמק,גרמים,500.00,100 גרם,false,1,34.90,6.98,true,1,
7290110321277,false,קוטג' בקטנה 5% 100 גרם,תנובה,IL,קוטג' בקטנה 5%,גרמים,100.00,100 גרם,false,1,2.90,2.90,true,1,
7290110321284,false,קוטג' בקטנה 9% 100 גרם,תנובה,IL,קוטג' בקטנה 9%,גרמים,100.00,100 גרם,false,1,2.90,2.90,true,1,
7290110321468,false,"יופלה תות בד""צ 100*12ג",תנובה בעמ,IL,מארז יופלה,קילוגרמים,1.20,"ק""ג",false,1,24.90,20.75,true,1,
7290110322014,false,טופו בטעם טבעי 300 גרם,א.י.ן תעשיות,IL,טופו טבעי300 גרם,גרמים,300.00,100 גרם,false,1,11.90,3.97,true,1,
7290110323714,false,משקה קוקוס שקדים 1 ליטר,תנובה בעמ,IL,משקה קוקוס שקדים,ליטרים,1.00,ליטר,false,1,12.90,12.90,true,1,
7290110323998,false,מארז מיני קרלו קצפת77*8ג,תנובה בעמ,IL,מאגדת מיני קרלו,גרמים,616.00,100 גרם,false,1,12.90,2.09,true,1,
7290110324926,false,"משקה סויה ללת""ס 1 ליטר","תנובה בע""\מ",IL,"משקה סויה ללת""ס",ליטרים,1.00,ליטר,false,1,9.90,9.90,true,1,
7290110325619,false,משקה שיבולת שועל 1 ליטר,"תנובה בע""\מ",IL,משקה שיבולת שועל,ליטרים,1.00,ליטר,false,1,12.90,12.90,true,1,
7290110325701,false,פיראוס צזיקי יווני9% 250,מחלבת הרדוף,IL,צזיקי יווני,גרמים,250.00,100 גרם,false,1,12.90,5.16,true,1,
7290110326210,false,יופלה און טופ פצפוצים157,מחלבת אלון תבור,IL,יופלה און טופ,גרמים,157.00,100 גרם,false,1,4.90,3.12,true,1,
7290110326227,false,יופלה און טופ קורנפלק157,מחלבת אלון תבור,IL,יופלה און טופ,גרמים,157.00,100 גרם,false,1,4.90,3.12,true,1,
7290110326234,false,יופלה און טופ כוכבים157ג,מחלבת אלון תבור,IL,יופלה און טופ,גרמים,157.00,100 גרם,false,1,4.90,3.12,true,1,
7290110326241,false,יופלה און טופ גרנולה157ג,מחלבת אלון תבור,IL,יופלה און טופ,גרמים,157.00,100 גרם,false,1,4.90,3.12,true,1,
7290110327514,false,משקה ש.שועל אגוז לוז 1ל,---,IL,משקה ש.שועל,ליטרים,1.00,ליטר,false,1,12.90,12.90,true,1,
7290110328627,false,יוג.גו קרמי בננה קרמל200,תנובה בעמ,IL,יוגורט גו קרמי,גרמים,200.00,100 גרם,false,1,5.90,2.95,true,1,
7290110328764,false,יוגורט גו קרמי תות0% 200,תנובה בעמ,IL,יוגורט גו קרמי,גרמים,200.00,100 גרם,false,1,5.90,2.95,true,1,
7290110328771,false,יוגורט גו קרמי פ.יער200ג,תנובה בעמ,IL,יוגורט גו קרמי,גרמים,200.00,100 גרם,false,1,5.90,2.95,true,1,
7290110328788,false,יוג.גו קרמי אפרסק0% 200ג,תנובה בעמ,IL,יוגורט גו סמיך,גרמים,200.00,100 גרם,false,1,5.90,2.95,true,1,
7290110328931,false,פתיתי גבינה למאפים 500 ג,"תנובה בע""\מ",IL,פתיתי גבינה 500ג,גרמים,500.00,100 גרם,false,1,26.90,5.38,true,1,
7290110329136,false,מעדן חלב גו שוקןלד 120גר,"תנובה בע""\מ",IL,מעדן חלב גו,גרמים,120.00,100 גרם,false,1,4.60,3.83,true,1,
7290110329143,false,מעדן חלב גו וניל 120גרם,"תנובה בע""\מ",IL,מעדן חלב גו,גרמים,120.00,100 גרם,false,1,4.60,3.83,true,1,
7290110329716,false,משקה קפה קר קפוצ'ינו230ג,"תנובה בע""\מ",IL,משקה קפה קר,גרמים,230.00,100 גרם,false,1,7.90,3.43,true,1,
7290110329723,false,משקה קפה קר לאטה230גרם,"תנובה בע""\מ",IL,משקה קפה קר לאטה,גרמים,230.00,100 גרם,false,1,7.90,3.43,true,1,
7290110329730,false,משקה חלב שוקולד וקפה230ג,"תנובה בע""\מ",IL,משקה חלב שוקולד,גרמים,230.00,100 גרם,false,1,7.90,3.43,true,1,
7290110550219,false,מטבעות שוק.לבן לאפיה400ג,"פוליבה בע""\מ",IL,מטבעות שוקולד,מיליליטרים,400.00,"100 מ""ל",false,1,31.90,7.98,true,1,
7290110550226,false,מטבעות שוק.מריר לאפיה400,"פוליבה בע""\מ",IL,מטבעות שוקולד,גרמים,400.00,100 גרם,false,1,31.90,7.98,true,1,
7290110552121,false,היוגורט הראשון שלי 100 ג,"שטראוס בריאות בע""\מ",IL,היוגורט הראשון,גרמים,100.00,100 גרם,false,1,2.50,2.50,true,1,
7290110552220,false,דנונ.פרו ללא סוכר תות200,"שטראוס בריאות בע""\מ",IL,דנונה פרו חלבון,גרמים,200.00,100 גרם,false,1,5.90,2.95,true,1,
7290110552237,false,דנונה פרו אפרסק מנגו200ג,"שטראוס בריאות בע""\מ",IL,דנונה פרו חלבון,גרמים,200.00,100 גרם,false,1,5.90,2.95,true,1,
7290110553425,false,קפה נמס 200 גרם + 20%,שטראוס קפה בי.וי,IL,קפה נמס,גרמים,240.00,100 גרם,false,1,19.90,8.29,true,1,
7290110554422,false,רוטב עגב.פלפ.לשקשוקה350ג,אמיליאנה קונסרב סוסייטה,IT,רוטב לשקשוקה,גרמים,350.00,100 גרם,false,1,11.90,3.40,true,1,
7290110554583,false,צ'יטוס PUFFS גבינה20*10ג,"שטראוס פריטו ליי בע""\מ )",IL,צ'יטוס פאפס 10יח,גרמים,200.00,100 גרם,false,1,12.90,6.45,true,1,
7290110555306,false,רבע לשבע טבעוני סינמו125,"הגביע מוצרי וופלים בע""\מ",IL,רב לשבע טבעוני,גרמים,125.00,100 גרם,false,1,11.90,9.52,true,1,
7290110556242,false,שוקולד פרה מריר פרווה100,נטרה סנט אטיין,FR,שוקולד פרה מריר,גרמים,100.00,100 גרם,false,1,5.50,5.50,true,1,
7290110557027,false,חומוס עשיר 50% טחינה 400,"שטראוס גרופ בע""\מ",IL,חומוס עשיר 50% ט,גרמים,400.00,100 גרם,false,1,13.90,3.48,true,1,
7290110557133,false,מעדן הגולן וניל 125 גרם,"שטראוס בריאות בע""\מ",IL,מעדן הגולן וניל,גרמים,125.00,100 גרם,false,1,3.30,2.64,true,1,
7290110557317,false,יוגורט הראשון ש.שועל100ג,"שטראוס בריאות בע""\מ",IL,היוגורט הראשון,גרמים,100.00,100 גרם,false,1,2.50,2.50,true,1,
7290110557478,false,חומוס גלילי 600 גרם,"שטראוס גרופ בע""\מ",IL,חומוס גלילי,גרמים,600.00,100 גרם,false,1,12.90,2.15,true,1,
7290110558154,false,דנונה לייט עוגת תפוח150ג,"שטראוס בריאות בע""\מ",IL,דנונה לייט,גרמים,150.00,100 גרם,false,1,4.70,3.13,true,1,
7290110558253,false,דנונה ריפרש אננס בננה250,"שטראוס בריאות בע""\מ",IL,יוגורט ריפרש,גרמים,250.00,100 גרם,false,1,5.50,2.20,true,1,
7290110558314,false,דנונה פרו ל.סוכר פיסט200,"שטראוס בריאות בע""\מ",IL,דנונה פרו,גרמים,200.00,100 גרם,false,1,5.90,2.95,true,1,
7290110559007,false,שעועית חומה 380 גרם,קונסרב איטליה,IT,שעועית חומה,גרמים,380.00,100 גרם,false,1,6.90,1.82,true,1,
7290110559014,false,שעועית שחורה טעם הטבע,קונסרב איטליה,IT,שעועית שחורה,גרמים,380.00,100 גרם,false,1,6.90,1.82,true,1,
7290110560300,false,פריכיות פלפל שחור30 גרם,פרח,IL,פריכיות אנרג'י,גרמים,30.00,100 גרם,false,1,5.90,19.67,true,1,
7290110561352,false,דנונה דל לקטוז 200 גרם,"שטראוס בריאות בע""\מ",IL,דנונה דל לקטוז,גרמים,200.00,100 גרם,false,1,3.50,1.75,true,1,
7290110563462,false,חלב נטול לקטוז 2% 1 ליטר,מחלבת יטבתה,IL,חלב נטול לקטוז,ליטרים,1.00,ליטר,false,1,7.90,7.90,true,1,
7290110564339,false,חומוס עשיר ב30% טחינה400,"שטראוס גרופ בע""\מ",IL,חומוס בטחינה,גרמים,400.00,100 גרם,false,1,13.90,3.48,true,1,
7290110564360,false,חומוס עשיר ב40% טחינה400,"שטראוס גרופ בע""\מ",IL,חומוס בטחינה,גרמים,400.00,100 גרם,false,1,13.90,3.48,true,1,
7290110565435,false,לימבו פטל קו חלבי 125גרם,"שטראוס גרופ בע""\מ",IL,לימבו פטל,גרמים,125.00,100 גרם,false,1,1.90,1.52,true,1,
7290110565527,false,דנונה פרו 20ג חלבון 200ג,"שטראוס גרופ בע""\מ",IL,דנונה פרו חלבון,גרמים,200.00,100 גרם,false,1,5.90,2.95,true,1,
7290110566975,false,דנונ.פרו20ג חלבון תות200,"שטראוס בריאות בע""\מ",IL,דנונה פרו חלבון,גרמים,200.00,100 גרם,false,1,5.90,2.95,true,1,
7290110568559,false,דוריטוס חמוץ חריף 25*10ג,"שטראוס פריטו ליי בע""מ )פ",IL,דוריטוס 10 יח,גרמים,250.00,100 גרם,false,1,12.90,5.16,true,1,
7290110571184,false,עדשים חומות 380ג,קונסרב איטליה,IT,עדשים חומות,גרמים,380.00,100 גרם,false,1,6.90,1.82,true,1,
7290110571382,false,מעדן בטעם וניל מועשר150ג,"שטראוס בריאות בע""\מ",IL,מעדן פרו,גרמים,150.00,100 גרם,false,1,5.50,3.67,true,1,
7290110571474,false,רבע לשבע טבעוני פופקורן,"הגביע מוצרי וופלים בע""\מ",IL,רבע לשבע טבעוני,גרמים,125.00,100 גרם,false,1,11.90,9.52,true,1,
7290110571535,false,קפה טורקי עם הל100*3גרם,שטראוס קפה בי.וי.,IL,עלית טורקי הל,גרמים,300.00,100 גרם,false,1,26.90,8.97,true,1,
7290111353475,false,יוגטה שטיחים חמוצים200גר,---,TR,יוגטה שטיחים,גרמים,200.00,100 גרם,false,1,7.90,3.95,true,1,
7290111353482,false,יוגוטה מקלות חמוצים200ג,---,TR,יוגטה מקלות 200ג,גרמים,200.00,100 גרם,false,1,7.90,3.95,true,1,
7290111534010,false,עוגת גבינה שמנת+פירור450,תופינים מקבוצת קפולסקי,IL,עוגת גבינה שמנת,גרמים,450.00,100 גרם,false,1,34.90,7.76,true,1,
7290111565038,false,לה קרמריה קוקילידה 1.4 ל,גלידות נסטלה,IL,להקרמריה קוקיליד,ליטרים,1.40,ליטר,false,1,17.90,12.79,true,1,
7290111568275,false,נודלס אטריות אורז רחב300,תאי פרזידנט,TH,נודלס אטריות,גרמים,300.00,100 גרם,false,1,9.90,3.30,true,1,
7290111663093,false,מפיות פרינס סופיה 20 יחי,DOMOS,DE,מפיות פרינס,יחידה,1.00,יחידה,false,1,5.90,5.90,true,1,
7290111665073,false,מפיות פרינס 20 יח,DOMOS,DE,מפיות פרינס 20יח,יחידה,1.00,יחידה,false,1,5.90,5.90,true,1,
7290111666445,false,מאפינס מוכסף 12 יח,,CN,מאפינס מוכסף,יחידה,1.00,יחידה,false,1,6.90,6.90,true,1,
7290111667541,false,קשים מנייר פסים צבעוני,,CN,קשים 50 יחידות,יחידה,1.00,יחידה,false,1,4.90,4.90,true,1,
7290111930898,false,פוף כוכבים גריל אמריקא40,מנה,IL,פוף כוכבים גריל,גרמים,40.00,100 גרם,false,1,3.90,9.75,true,1,
7290111930904,false,פוף כוכבים בצל 40 גרם,מנה,IL,פוף כוכבים בצל,גרמים,40.00,100 גרם,false,1,3.90,9.75,true,1,
7290111930911,false,פוף לבבות רגיל 40 גרם,מנה,IL,פוף לבבות רגיל,גרמים,40.00,100 גרם,false,1,3.90,9.75,true,1,
7290111930928,false,פוף לבבות גריל 40 גרם,מנה,IL,פוף לבבות גריל,גרמים,40.00,100 גרם,false,1,3.90,9.75,true,1,
7290111930935,false,פוף טבעות קלאסי 40 גרם,מנה,IL,פוף טבעות,גרמים,40.00,100 גרם,false,1,3.90,9.75,true,1,
7290111935527,false,קולגייט טוטל קלין 100*2,קולגייט פלמוליב,PL,משחת קולגייט,מיליליטרים,200.00,"100 מ""ל",false,1,29.90,14.95,true,1,
7290111936210,false,ליידי ס.סט. דרמה ספרי150,קולגייט פלמוליב,MX,ליידי ספיד סטיק,מיליליטרים,150.00,"100 מ""ל",false,1,13.90,9.27,true,1,
7290111936296,false,סבון פלמוליב סנסיישן 750,קולגייט פלמוליב,TR,סבון פלמוליב,מיליליטרים,750.00,"100 מ""ל",false,1,14.90,1.99,true,1,
7290111936647,false,קולגייט מקס פרש 2 * 125,---,PL,משחת קולגייט,מיליליטרים,250.00,"100 מ""ל",false,1,29.90,11.96,true,1,
7290111937248,false,חטיפ.פרי תמר+קשיו+לוז5יח,"טבעית מוצרים מהטבע בע""\מ",IL,חטיפי פרי 5 יח,גרמים,125.00,100 גרם,false,1,16.90,13.52,true,1,
7290111938481,false,"רוטב סויה בהירה 300 מ""ל",---,TH,רוטב סויה בהירה,מיליליטרים,300.00,"100 מ""ל",false,1,9.90,3.30,true,1,
7290111939143,false,קוקי נייר אפייה עגול קוט,---,IL,נייר אפייה,יחידה,1.00,יחידה,false,1,7.90,7.90,true,1,
7290111939181,false,קוקי ניילון נצמד עם גומי,---,CN,ניילון נצמד,יחידה,1.00,יחידה,false,1,9.90,9.90,true,1,
7290112003973,false,מסיר כתמים אבקת קליה 1.3,רקיט בנקיזר,IT,וניש גולד אבקה,קילוגרמים,1.35,"ק""ג",false,1,35.90,26.59,true,1,
7290112004970,false,פיניש אולטימייט 50 יח,רקיט בנקיזר,PL,פיניש אולטימייט,יחידה,1.00,יחידה,false,1,54.90,54.90,true,1,
7290112330390,false,דנונה פרו 20פ.יער0% 200ג,"שטראוס בריאות בע""\מ",IL,דנונה פרו 0%,גרמים,200.00,100 גרם,false,1,5.90,2.95,true,1,
7290112332691,false,פינוקיות קרם פסק זמן200ג,"הגביע מוצרי וופלים בע""\מ",IL,פינוקיות פסק זמן,גרמים,200.00,100 גרם,false,1,10.90,5.45,true,1,
7290112335487,false,הפריכיות הטעימות קצח135ג,פרח,IL,הפריכיות הטעימות,גרמים,135.00,100 גרם,false,1,11.90,8.81,true,1,
7290112335500,false,פריכיות טעימות חלבון135ג,"פרח תעשיות מזון בע""\מ",IL,פריכיות טעימות,גרמים,135.00,100 גרם,false,1,11.90,8.81,true,1,
7290112336637,false,סוכ.מאסט יוגורט תות 80גר,מיישקו,PL,סוכריות מאסט,גרמים,80.00,100 גרם,false,1,7.90,9.88,true,1,
7290112336651,false,סוכריות מאסט ריבת חלב80ג,מיישקו,PL,סוכריות מאסט,גרמים,80.00,100 גרם,false,1,7.90,9.88,true,1,
7290112336712,false,דנונה פרו 21 חלבון0% 200,"שטראוס גרופ בע""\מ",IL,דנונה פרו 21,גרמים,200.00,100 גרם,false,1,5.90,2.95,true,1,
7290112339867,false,גמדים סקוויז לדרך תות100,"שטראוס בריאות בע""\מ",IL,גמדים לדרך,גרמים,100.00,100 גרם,false,1,5.90,5.90,true,1,
7290112339874,false,גמדים לדרך תות בננה100ג,"שטראוס בריאות בע""\מ",IL,גמדים לדרך,גרמים,100.00,100 גרם,false,1,5.90,5.90,true,1,
7290112340245,false,מסטיק דובדבן צנצנת 66גרם,"שטראוס גרופ בע""\מ",IL,מסטיק דובדבן,גרמים,66.00,100 גרם,false,1,9.90,15.00,true,1,
7290112340252,false,מסטיק אבטיח מלון צנצנת66,"שטראוס גרופ בע""\מ",IL,מסטיק אבטיח מלון,גרמים,66.00,100 גרם,false,1,9.90,15.00,true,1,
7290112340276,false,פינוקיות קרם קפה נמס200ג,"הגביע מוצרי וופלים בע""\מ",IL,פינוקיות קרם קפה,גרמים,200.00,100 גרם,false,1,10.90,5.45,true,1,
7290112342270,false,פלטינום אינטנס 10% 125ג,שטראוס קפה בי.וי,IL,קפה פלטינום,גרמים,125.00,100 גרם,false,1,19.90,15.92,true,1,
7290112343260,false,רוטב שמנת קלאסי 260 גרם,מחלבת יטבתה,IL,רוטב שמנת קלאסי,גרמים,260.00,100 גרם,false,1,10.90,4.19,true,1,
7290112343499,false,חטיף puffs צ'יטוס 55 גרם,"שטראוס פריטו ליי בע""\מ )",IL,חטיף צ'יטוס puff,גרמים,55.00,100 גרם,false,1,3.50,6.36,true,1,
7290112344724,false,מילקי בלונדי 133 גרם,"שטראוס גרופ בע""\מ",IL,מילקי בלונדי,גרמים,133.00,100 גרם,false,1,3.50,2.63,true,1,
7290112344755,false,מילקי עם26% פחות סוכר135,"שטראוס גרופ בע""\מ",IL,מילקי,גרמים,135.00,100 גרם,false,1,2.80,2.07,true,1,
7290112344786,false,קפה פלטינום קלאסיק200גרם,שטראוס קפה בי.וי.,IL,קפה נמס פלטינום,גרמים,200.00,100 גרם,false,1,29.90,14.95,true,1,
7290112346360,false,בפלות אחת אחת 180 גרם,טוטיז-בינגו סיאי,GR,בפלות אחת אחת,גרמים,180.00,100 גרם,false,1,12.90,7.17,true,1,
7290112346537,false,פינוקיות בטעם טורטית200ג,"הגביע מוצרי ופלים בע""\מ",IL,פינוקיות טורטית,גרמים,200.00,100 גרם,false,1,10.90,5.45,true,1,
7290112347008,false,גמדים ארוחת בוקר תות100ג,"שטראוס בריאות בע""\מ",IL,גמדים ארוחת בוקר,גרמים,100.00,100 גרם,false,1,5.90,5.90,true,1,
7290112348142,false,שעועית לבנה 380 גרם,קונסרב איטליה,IT,שעועית לבנה,גרמים,380.00,100 גרם,false,1,6.90,1.82,true,1,
7290112349538,false,קפה טורקי עלית 160 גרם,שטראוס קפה בי.וי.,IL,קפה טורקי עלית,גרמים,160.00,100 גרם,false,1,11.90,7.44,true,1,
7290112349705,false,פומודורו רוטב לפסטה350גר,אמיליאנה קונסרב סוסייטה,IT,רוטב לפסטה,גרמים,350.00,100 גרם,false,1,11.90,3.40,true,1,
7290112349736,false,רוט.עגב.בזיליקום פסטה350,אמיליאנה קונסרב סוסייטה,IT,רוטב עגבניות,גרמים,350.00,100 גרם,false,1,11.90,3.40,true,1,
7290112349750,false,רוטב עגבניות לפיצה 350גר,אמיליאנה קונסרב סוסייטה,IT,רוטב עגבניות,גרמים,350.00,100 גרם,false,1,11.90,3.40,true,1,
7290112351258,false,פינוקיות שחור לבן 200גרם,"הגביע מוצרי ופלים בע""\מ",IL,פינוקיות שחור לב,גרמים,200.00,100 גרם,false,1,10.90,5.45,true,1,
7290112354969,false,תפוצ'יפס WAVY ט.טבעי200ג,עלית,IL,תפוצ'יפס,גרמים,200.00,100 גרם,false,1,9.90,4.95,true,1,
7290112355027,false,דנונה פרו20 קרמל מלוח200,"שטראוס בריאות בע""\מ",IL,דנונה פרו קרמל,גרמים,200.00,100 גרם,false,1,5.90,2.95,true,1,
7290112355102,false,גמדים לדרך סלט פירות100ג,"שטראוס בריאות בע""\מ",IL,גמדים לדרך,גרמים,100.00,100 גרם,false,1,5.90,5.90,false,1,
7290112357045,false,עגבנ.איטלקיות מרוסקות390,קונסרב איטליה,IT,עגבניות מרוסקות,גרמים,390.00,100 גרם,false,1,6.90,1.77,true,1,
7290112357069,false,מחית עגבניות איטלקיות500,קונסרב איטליה,IT,מחית עגבניות,גרמים,500.00,100 גרם,false,1,6.90,1.38,true,1,
7290112357083,false,אפונה ירוקה 380 גרם,קונסרב איטליה,IT,אפונה ירוקה,גרמים,380.00,100 גרם,false,1,7.90,2.08,true,1,
7290112357106,false,שעועית אדומה 380 גרם,קונסרב איטליה,IT,שעועית אדומה,גרמים,380.00,100 גרם,false,1,6.90,1.82,true,1,
7290112357113,false,גרגרי חומוס 380 גרם,קונסרב איטליה,IT,גרגרי חומוס,גרמים,380.00,100 גרם,false,1,6.90,1.82,true,1,
7290112358554,false,נמס לדרך מארז 28 * 1.8 ג,עלית,RO,נמס לדרך מארז,גרמים,50.00,100 גרם,false,1,11.90,23.80,true,1,
7290112490032,false,נמס בכוס תירס 45 גרם,יוניליוור ישראל מזון בע\,IL,נמס בכוס תירס,גרמים,45.00,100 גרם,false,1,6.90,15.33,true,1,
7290112490117,false,שוקולד קליק וופל ואגוז85,יוניליוור ישראל מזון בע\,IL,שוקולד קליק,גרמים,85.00,100 גרם,false,1,5.90,6.94,true,1,
7290112490216,false,נמס בכוס ט.עוף ר. טבעיים,יוניליוור ישראל מזון בעמ,IL,מרק נמס בכוס,גרמים,48.00,100 גרם,false,1,6.90,14.38,true,1,
7290112490742,false,מרק עשיר פטריות ר.טבע104,יוניליוור ישראל מזון בע\,IL,מרק עשיר פטריות,גרמים,104.00,100 גרם,false,1,11.90,11.44,true,1,
7290112491794,false,בייגלה דקים שמנת ובצל300,בייגל את בייגל מזון 198),IL,בייגלה דקים,גרמים,300.00,100 גרם,false,1,7.90,2.63,true,1,
7290112492449,false,שמפו לשיער רגיל700מ,יוניליוור ישראל טיפוח אי,IL,שמפו לשיער רגיל,מיליליטרים,700.00,"100 מ""ל",false,1,11.90,1.70,true,1,
7290112492456,false,שמפו פינוק יבש /פגום 700,יוניליוור ישראל טיפוח אי,IL,שמפו לשיער יבש,מיליליטרים,700.00,"100 מ""ל",false,1,11.90,1.70,true,1,
7290112492463,false,שמפו ומרכך 2 ב1- רגיל700,יוניליוור,IL,פינוק שמפו+מרכך,מיליליטרים,700.00,"100 מ""ל",false,0,11.90,1.70,true,1,
7290112492500,false,פינוק שמפו שמן קוקוס700מ,יוניליוור,IL,שמפו פינוק,מיליליטרים,700.00,"100 מ""ל",false,1,11.90,1.70,true,1,
7290112492531,false,"מרכך פינוק רגיל 700 מ""ל",יוניליוור,IL,מרכך לשיער רגיל,מיליליטרים,700.00,"100 מ""ל",false,1,11.90,1.70,true,1,
7290112492548,false,מרכך פינוק יבש/פגום 700,יוניליוור,IL,מרכך פינוק,מיליליטרים,700.00,"100 מ""ל",false,1,11.90,1.70,true,1,
7290112492593,false,תח.רחצה פינוק קלאסי700מ,יוניליוור ישראל טיפוח אי,IL,תחליב רחצה פינוק,מיליליטרים,700.00,"100 מ""ל",false,1,12.90,1.84,true,1,
7290112492609,false,תח.פינוק לבנדר וניל 700מ,יוניליוור ישראל טיפוח אי,IL,תחליב רחצה פינוק,מיליליטרים,700.00,"100 מ""ל",false,1,12.90,1.84,true,1,
7290112492647,false,שמפו 3 ב1- לגבר ספורט 70,יוניליוור ישראל טיפוח אי,IL,פינוק רחצה לגבר,מיליליטרים,700.00,"100 מ""ל",false,1,11.90,1.70,true,1,
7290112492722,false,פינוק לסירוק קל2ב1 700מל,יוניליוור ישראל טיפוח אי,IL,פינוק שמפו ומרכך,מיליליטרים,700.00,"100 מ""ל",false,1,13.80,1.97,true,1,
7290112492753,false,אל סבון פינוק ילדים 700מ,יוניליוור ישראל טיפוח אי,IL,אל סבון לילדים,מיליליטרים,700.00,"100 מ""ל",false,1,13.80,1.97,true,1,
7290112493316,false,מרק עשיר אפונה ר.טבעי117,יוניליוור ישראל מזון בעמ,IL,מרק עשיר אפונה,גרמים,117.00,100 גרם,false,1,11.90,10.17,true,1,
7290112494238,false,קליק כדורים 65 גרם,יוניליוור ישראל מזון בע\,IL,קליק כדורים,גרמים,65.00,100 גרם,false,1,5.90,9.08,true,1,
7290112494276,false,קליק כריות 65 גרם,יוניליוור ישראל מזון בע\,IL,קליק כריות,גרמים,65.00,100 גרם,false,1,5.90,9.08,true,1,
7290112494283,false,קליק חום לבן 65 גרם,יוניליוור ישראל מזון בע\,IL,קליק חום לבן,גרמים,65.00,100 גרם,false,1,5.90,9.08,true,1,
7290112494801,false,בדין ג'ל כביסה ורוד 2.5ל,זוהר דליה,IL,בדין ג'ל כביסה,ליטרים,2.50,ליטר,false,1,32.90,13.16,true,1,
7290112494993,false,כריות וניל 686 גרם,"יוניליוור שפע ישראל בע""\",IL,כריות וניל,גרמים,686.00,100 גרם,false,1,24.90,3.63,true,1,
7290112495006,false,כריות נוגט 686 גרם,"יוניליוור שפע ישראל בע""\",IL,כריות נוגט,גרמים,686.00,100 גרם,false,1,23.90,3.48,true,1,
7290112495020,false,כריות צ'וקולדה 686 גרם,"יוניליוור שפע ישראל בע""\",IL,כריות צ'וקולדה,גרמים,686.00,100 גרם,false,1,24.90,3.63,true,1,
7290112495037,false,קוקומן כדורים 375 גרם,יוניליוור שפע ישראל בעמ,IL,קוקומן כדורים,גרמים,375.00,100 גרם,false,1,19.90,5.31,true,1,
7290112495044,false,קוקומן פצפוצים 375 גרם,"יוניליור שפע ישראל בע""\מ",IL,קוקומן פצפוצים,גרמים,375.00,100 גרם,false,1,19.90,5.31,true,1,
7290112495105,false,נשנושים ט.שמנת+בצל260ג,בייגל את בייגל מזון 198),IL,נשנושים שמנת בצל,גרמים,260.00,100 גרם,false,1,12.90,4.96,true,1,
7290112495143,false,נשנושים קוקטייל מלוח300ג,בייגל את בייגל מזון 198),IL,נשנושי קרקר,גרמים,300.00,100 גרם,false,1,12.90,4.30,true,1,
7290112495150,false,נשנושי קרקר מלוח 300 גרם,בייגל את בייגל מזון 198),IL,נשנושי קרקר,גרמים,300.00,100 גרם,false,1,12.90,4.30,true,1,
7290112495167,false,נשנושי קרקר שומשום300ג,בייגל את בייגל מזון 198),IL,נשנושי קרקר משול,גרמים,300.00,100 גרם,false,1,12.90,4.30,true,1,
7290112495228,false,קורנפלקס דבש 448 גרם,"יוניליוור שפע ישראל בע""\",IL,קורנפלקס דבש,גרמים,448.00,100 גרם,false,1,18.90,4.22,true,1,
7290112495686,false,קרקר שומשום 220 גרם,"מיוצר ע""\י קוד יצרן AF",IL,קרקר שומשום,גרמים,220.00,100 גרם,false,1,9.90,4.50,true,1,
7290112495754,false,רוטב לסלט אלף האיים305גר,יוניליוור ישראל מזון בעמ,IL,רוטב אלף האיים,גרמים,305.00,100 גרם,false,1,10.90,3.57,true,1,
7290112495785,false,רוטב שום לסלט 300 גרם,יוניליוור ישראל מזון בעמ,IL,רוטב שום לסלט,גרמים,300.00,100 גרם,false,1,10.90,3.63,true,1,
7290112495822,false,כריות בלאק 686 גרם,"יוניליוור שפע ישראל בע""\",IL,כריות בלאק,גרמים,686.00,100 גרם,false,1,24.90,3.63,true,1,
7290112495938,false,קרקר 6 דגנים 250 גרם,"מיוצר ע""\י קוד יצרן AF",IL,קרקר 6 דגנים,גרמים,250.00,100 גרם,false,1,9.90,3.96,true,1,
7290112496027,false,סירופ בטעם שוקולד 580 גר,יוניליוור ישראל מזון בע\,IL,סירופ בטעם שוקול,גרמים,580.00,100 גרם,false,1,12.90,2.22,true,1,
7290112496034,false,סירופ בטעם מייפל 580 גרם,יוניליוור ישראל מזון בע\,IL,סירופ בטעם מייפל,גרמים,580.00,100 גרם,false,1,12.90,2.22,true,1,
7290112497505,false,קרם גוף וזלין אלוורה600מ,"יוניליוור, ג'פרסון סיטי,",US,קרם גוף ואזלין,מיליליטרים,600.00,"100 מ""ל",false,1,19.90,3.32,true,1,
7290112498052,false,פתית צ'יפס עם בטטה21*4גר,JLM גלובל פודסn37\ דרך א,GB,פתית צ'יפס 4 יח,גרמים,84.00,100 גרם,false,1,15.90,18.93,true,1,
7290112498281,false,אלסב.ידיים שמן קוקוס950מ,יוניליוור ישראל טיפוח אי,IL,אל סבון פינוק,מיליליטרים,950.00,"100 מ""ל",false,1,12.90,1.36,true,1,
7290112498915,false,מאגדת מיני מגנום שקדים מ,"מיוצר ע""\י גלידת שטראוס",IL,מיני מגנום שקדים,גרמים,250.00,100 גרם,false,1,26.90,10.76,true,1,
7290112499097,false,מאגדת מיני מגנום מריר,"מיוצר ע""\י גלידת שטראוס",IL,מאגדת מיני מגנום,גרמים,240.00,100 גרם,false,1,26.90,11.21,true,1,
7290112499455,false,תחליב רחצה בתוספת שמן700,יוניליוור ישראל טיפוח אי,IL,תחליב רחצה פינוק,מיליליטרים,700.00,"100 מ""ל",false,1,12.90,1.84,true,1,
7290112499776,false,מאגדת גודיז 3 שוקולדים 2,"גלידת שטראוס בע""\מ, רח'",IL,מאגדת גודיז 3 שו,גרמים,240.00,100 גרם,false,1,24.90,10.38,true,1,
7290112499844,false,מאגדת מיני מגנום דואט יח,"מיוצר ע""\י גלידת שטראוס",IL,מאגדת מגנום מיני,גרמים,310.00,100 גרם,false,1,26.90,8.68,true,1,
7290113191778,false,גרעיני תירס לפופקורן 1קג,ארוז על ידי דין שיווק וק,IL,"גרעיני תירס 1ק""ג",קילוגרמים,1.00,"ק""ג",false,1,9.90,9.90,true,1,
7290114310215,false,שמנת מתוקה38% בקבוק250מל,מילקו תעשיות בעמ,IL,שמנת מתוקה 38%,מיליליטרים,250.00,"100 מ""ל",false,1,6.40,2.56,true,1,
7290114310338,false,צפתית מעודנת 5%,משק צוריאל,,צפתית מעודנת 5%,יחידה,1.00,יחידה,false,0,18.90,18.90,true,1,
7290114600941,false,מיונז לחיץ מאסטר שף435גר,---,NL,מיונז לחיץ,גרמים,435.00,100 גרם,false,1,13.90,3.20,true,1,
7290114604932,false,רוטב ברביקיו דבש 520 גרם,---,NL,רוטב ברביקיו דבש,גרמים,520.00,100 גרם,false,1,13.90,2.67,true,1,
7290114606530,false,רוטב ט. מיונז וקטשופ515ג,---,NL,רוטב טעם מיונז,גרמים,515.00,100 גרם,false,1,13.90,2.70,true,1,
7290114606578,false,שקדי מרק 400 גרם,---,IL,שקדי מרק,גרמים,400.00,100 גרם,false,1,9.90,2.48,true,1,
7290114607315,false,זוג משחת שיניים מקס וויט,קולגייט- פלמוליב,PL,מש.שיניים מקס,מיליליטרים,250.00,"100 מ""ל",false,1,29.90,11.96,true,1,
7290115073676,false,מארז מסכת פנים צבעוני50י,,CN,מסכת פנים חד פעמ,יחידה,1.00,יחידה,false,1,9.90,9.90,true,1,
7290115204056,false,קטשופ מופחת סוכר 690 גרם,אסם,IL,קטשופ מופחת סוכר,גרמים,690.00,100 גרם,false,1,11.90,1.72,true,1,
7290115403299,false,עוגיות פרפריות 450 גרם,"שיבולים א.ד.ל ק""\א",IL,עוגיות פרפריות,גרמים,450.00,100 גרם,false,1,15.90,3.53,true,1,
7290115403367,false,עוגיות קוואקר פריכות 500,,IL,עוגיות קוואקר,גרמים,500.00,100 גרם,false,1,15.90,3.18,true,1,
7290115403480,false,עוגיות בסגנון מרוקאי 500,,IL,עוגיות מרוקאי,גרמים,500.00,100 גרם,false,1,15.90,3.18,true,1,
7290115403510,false,עוגיות מגולגלות תמרים,,IL,עוגיות תמרים,גרמים,500.00,100 גרם,false,1,15.90,3.18,true,1,
7290115403565,false,עוגיות קיפל וניל 500 גרם,,IL,עוגיות קיפל וניל,גרמים,500.00,100 גרם,false,1,15.90,3.18,true,1,
7290115405798,false,פחזניות ריבת חלב 180גרם,קפולסקי אדל,IL,פחזניות ריבת חלב,גרמים,180.00,100 גרם,false,1,14.90,8.28,true,1,
7290115405804,false,פחזניות בטעם תות 180 גרם,קפולסקי אדל,IL,פחזניות בטעם תות,גרמים,180.00,100 גרם,false,1,14.90,8.28,true,1,
7290115671339,false,מיני פינוקיות בייגל180ג,"הגביע מוצרי ופלים בע""\מ",IL,מיני פינוקיות,גרמים,180.00,100 גרם,false,1,10.90,6.06,true,1,
7290115675559,false,מארז טורקי לדרך 70 גרם,שטראוס קפה בי.וי.,IL,מארז טורקי לדרך,גרמים,70.00,100 גרם,false,1,8.90,12.71,true,1,
7290115675986,false,דנונה בר אגוזים קרמל173ג,"שטראוס בריאות בע""\מ",IL,יוגורט בר,גרמים,173.00,100 גרם,false,1,4.90,2.83,false,1,
7290115676037,false,יוגורט תות דומדמניות250ג,"שטראוס בריאות בע""\מ",IL,יוגורט דנונה,גרמים,250.00,100 גרם,false,1,5.50,2.20,true,1,
7290115678376,false,מעדן הגולן שוקולד 125 גר,"שטראוס בריאות בע""\מ",IL,מעדן הגולן,גרמים,125.00,100 גרם,false,1,3.30,2.64,true,1,
7290115678383,false,מעדן הגולן שוק.מריר125גר,"שטראוס בריאות בע""\מ",IL,מעדן הגולן,גרמים,125.00,100 גרם,false,1,3.30,2.64,true,1,
7290115678635,false,נשנושי גבינה16% כעכים67ג,"מחלבת טבע עז בע""\מ",IL,נשנושי גבינה,גרמים,67.00,100 גרם,false,1,10.90,16.27,true,1,
7290115678642,false,נשנושי גב+16%חטיף אפוי67,"מחלבת טבע עז בע""\מ",IL,נשנושי גבינה,גרמים,67.00,100 גרם,false,1,10.90,16.27,true,1,
7290115730944,false,כוס יהלום 25 יחידות,תבניכל,CN,כוס יהלום,יחידה,1.00,יחידה,false,1,7.90,7.90,true,1,
7290115733525,false,תבניות עגולות קשיחות,,CN,תבניות עגולות,יחידה,1.00,יחידה,false,1,14.90,14.90,true,1,
7290115736151,false,8 צלחות קטנות נצנץ זהב כ,,IL,8 צלחות קטנות נצ,יחידה,1.00,יחידה,false,1,10.90,10.90,true,1,
7290115736212,false,8 מרקיות שחור כלנית,,IL,8 מרקיות שחור,יחידה,1.00,יחידה,false,1,13.90,13.90,true,1,
7290115736298,false,8 צלחות גדולות קרם כלני,,IL,8 צלחות גדולות ק,יחידה,1.00,יחידה,false,1,20.90,20.90,true,1,
7290115736380,false,8 צלחות בינוני קרם כלנית,,IL,8 צלחות בינוני ק,יחידה,1.00,יחידה,false,1,16.90,16.90,true,1,
7290115736472,false,6 קסרול נצנץ קרם כלנית,,IL,6 קסרול נצנץ קרם,יחידה,1.00,יחידה,false,1,7.90,7.90,true,1,
7290115736519,false,6 קסרול נצנץ זהב כלנית,,IL,6 קסרול נצנץ זהב,יחידה,1.00,יחידה,false,1,7.90,7.90,true,1,
7290116530147,false,תחליב רחצה פירות יער700מ,יוניליוור ישראל טיפוח אי,IL,תחליב רחצה פינוק,מיליליטרים,700.00,"100 מ""ל",false,1,12.90,1.84,true,1,
7290116530161,false,תחליב רח.אננס מלון700מ,יוניליוור ישראל טיפוח אי,IL,תחליב רחצה פינוק,מיליליטרים,700.00,"100 מ""ל",false,1,12.90,1.84,true,1,
7290116530482,false,קורנפלקס אלופים 30*5 גרם,פרומיניו,IL,קורנפלקס 5 יח,גרמים,150.00,100 גרם,false,1,12.90,8.60,true,1,
7290116530871,false,חט.נשנושים מיקס+בייגל240,"דרך השוקולד ,1 צפת 13404",IL,חטיף נשנושים,גרמים,240.00,100 גרם,false,1,12.90,5.38,true,1,
7290116531083,false,ברנפלקס ט.דבש+שקדים400גר,"יוניליוור שפע ישראל בע""\",IL,ברנפלקס טעם דבש,גרמים,400.00,100 גרם,false,1,21.90,5.48,true,1,
7290116531663,false,"ת.רחצה פינוק תפוח 700מ""ל",יוניליוור ישראל טיפוח אי,IL,תחליב רחצה פינוק,מיליליטרים,700.00,"100 מ""ל",false,1,12.90,1.84,true,1,
7290116531762,false,דפי מרכך למייבש ורוד40י,---,US,דפים למייבש,יחידה,1.00,יחידה,false,1,14.90,14.90,true,1,
7290116531779,false,דפי מרכך למייבש כחול40יח,---,US,דפים למייבש,יחידה,1.00,יחידה,false,1,14.90,14.90,true,1,
7290116532011,false,חטיף קליק נוגט 35 גרם,תות תעשיות מזון (2014) ב,IL,חטיף קליק נוגט,גרמים,35.00,100 גרם,false,1,4.90,14.00,true,1,
7290116533025,false,מארז זוג שמפו קלאסי,יוניליוור ישראל טיפוח אי,IL,פינוק זוג שמפו,מיליליטרים,1400.00,"100 מ""ל",false,1,19.90,1.42,true,1,
7290116533032,false,פינוק זוג ת. רחצה קלאסי,יוניליוור ישראל טיפוח אי,IL,פינוק זוג ת.רחצה,מיליליטרים,1400.00,"100 מ""ל",false,1,19.90,1.42,true,1,
7290116533063,false,שוגי בטעם קרטיב ענבים400,"יוניליוור שפע ישראל בע""\",IL,שוגי קרטיב ענבים,גרמים,400.00,100 גרם,false,1,21.90,5.48,true,1,
7290116533117,false,תחליב רחצה פינוק 700מ,יוניליוור ישראל טיפוח אי,IL,תחליב רחצה פינוק,מיליליטרים,700.00,"100 מ""ל",false,1,12.90,1.84,true,1,
7290116930282,false,לאבנה 9% עם קרקרים 150 ג,---,IL,לאבנה,גרמים,150.00,100 גרם,false,1,8.90,5.93,true,1,
7290116930442,false,שייק בננה מנגו תפוז230מל,תנובה בעמ,IL,יופלה שייק,מיליליטרים,230.00,"100 מ""ל",false,1,8.90,3.87,true,1,
7290116930466,false,שייק מנגו בננה פסיפלו230,תנובה בעמ,IL,יופלה שייק,מיליליטרים,230.00,"100 מ""ל",false,1,8.90,3.87,true,1,
7290116931074,false,פרוסות טל העמק 32% 300 ג,"תנובה בע""\מ",IL,טל העמק32% 300גר,גרמים,300.00,100 גרם,false,1,26.90,8.97,true,1,
7290116931081,false,מעדן סויה טופי קרמל 125ג,תנובה בעמ,IL,מעדן סויה טופי,גרמים,125.00,100 גרם,false,1,3.90,3.12,true,1,
7290116931104,false,יופלה גו סמיך אננס 200 ג,תנובה בעמ,IL,יופלה גו סמיך,גרמים,200.00,100 גרם,false,1,5.90,2.95,true,1,
7290117030929,false,תבניות אלומיניום 31-R 10,,IL,תבניות אלומיניום,יחידה,1.00,יחידה,false,1,8.90,8.90,true,1,
7290117030936,false,10תבניות אלומיניום 2-R,,IL,תבניות אלומיניום,יחידה,1.00,יחידה,false,1,8.90,8.90,true,1,
7290117030974,false,תבניות אלומ. טוסטר 29-R,,IL,תבניות אלומיניום,יחידה,1.00,יחידה,false,1,8.90,8.90,true,1,
7290117030998,false,תבניות אלומ.גדולות 10-C,,IL,תבניות אלומיניום,יחידה,1.00,יחידה,false,1,8.90,8.90,true,1,
7290117031506,false,כוסות נייר 40 יח 8B,,CN,"כוסות ח""פ 40 יח",יחידה,1.00,יחידה,false,1,7.90,7.90,true,1,
7290117199954,false,ליקר טריפל שוקולד 500 מל,ישראליקר,IL,"ליקר שוקו 500מ""ל",מיליליטרים,500.00,"100 מ""ל",false,1,49.90,9.98,true,1,
7290117380192,false,חטיף פוף קראנץ גריל 60גר,---,IL,חטיף פוף קראנץ,גרמים,60.00,100 גרם,false,1,3.90,6.50,true,1,
7290117380208,false,פוף קראנץ' חמוץ חריף60ג,---,IL,חטיף פוף קראנץ',גרמים,60.00,100 גרם,false,1,3.90,6.50,true,1,
7290117380215,false,חטיף פוף קראנץ' טאקו60ג,---,IL,חטיף פוף קראנץ',גרמים,60.00,100 גרם,false,1,3.90,6.50,true,1,
7290117380697,false,מארז קולגייט אופטיק 75X2,---,PL,מארז קולגייט,מיליליטרים,150.00,"100 מ""ל",false,1,24.90,16.60,true,1,
7291008080603,false,"תמר מג'הול 1 ק""ג",מהדרין,IL,"תמר מג'הול 1 ק""ג",קילוגרמים,1.00,"ק""ג",false,1,21.90,21.90,true,1,
7296073126713,false,אובלטים קימל,,IL,אובלטים קימל,גרמים,300.00,100 גרם,false,0,7.90,2.63,true,1,
7296073126720,false,אובלטים שומשום,,IL,אובלטים שומשום,גרמים,300.00,100 גרם,false,0,7.90,2.63,true,1,
7296073126737,false,אובלטים מלוחים,,IL,אובלטים מלוחים,גרמים,300.00,100 גרם,false,0,7.90,2.63,true,1,
7296073126744,false,שקיות אשפה,,IL,שקיות אשפה,יחידה,1.00,יחידה,false,0,14.90,14.90,true,1,
7296073126751,false,שקיות אשפה,,IL,שקיות אשפה,יחידה,1.00,יחידה,false,0,15.90,15.90,true,1,
7296073126768,false,זוג שקיות אשפה,,IL,זוג שקיות אשפה,יחידה,1.00,יחידה,false,0,22.90,22.90,true,1,
7296073126775,false,שקיות אשפה,,IL,שקיות אשפה,יחידה,1.00,יחידה,false,0,24.90,24.90,true,1,
7296073126799,false,מארז שקיות אוכל,,IL,מארז שקיות אוכל,יחידה,1.00,יחידה,false,0,12.90,12.90,true,1,
7296073126812,false,שקיות הקפאה,,IL,שקיות הקפאה,יחידה,1.00,יחידה,false,0,9.90,9.90,true,1,
7296073127932,false,"פריכיות אורז ""יש"" 340גרם",בטר אנד דיפרנט,IL,פריכיות אורז34גר,גרמים,340.00,100 גרם,false,0,11.90,3.50,true,1,
7296073128175,false,"נייר טואלט פרימ"".יש32""גל",שניב תעשיות נייר,IL,נייר טואלט,מטרים,589.00,100 מטר,false,0,24.90,4.23,true,1,
7296073128182,false,"נייר טואלט ""יש"" 48גלילים",שניב תעשיות נייר,IL,נייר טואלט,מטרים,883.00,100 מטר,false,0,32.90,3.73,true,1,
7296073128755,false,"וופל בלגי ""יש"" 150 גרם",גילרו,IL,וופל בלגי,גרמים,150.00,100 גרם,false,0,2.90,1.93,true,1,
7296073128786,false,קרקר מלח 110 גרם,מגדנית הדר,IL,קרקר מלח,גרמים,110.00,100 גרם,false,0,2.90,2.64,true,1,
7296073128809,false,קרקר שומשום 110 גרם,מגדנית הדר,IL,קרקר שומשום,גרמים,110.00,100 גרם,false,0,2.90,2.64,true,1,
7296073128847,false,עוגיות סנדוויץ שוקו150גר,מגדנית הדר,IL,עוגיות סנדוויץ,גרמים,150.00,100 גרם,false,0,2.90,1.93,true,1,
7296073128854,false,עוגיות סנדוויץ תות 150גר,מגדנית הדר,IL,עוגיות סנדוויץ,גרמים,150.00,100 גרם,false,0,2.90,1.93,true,1,
7296073128861,false,עוגיות סנדוויץ וניל150גר,מגדנית הדר,IL,עוגיות סנדוויץ,גרמים,150.00,100 גרם,false,0,2.90,1.93,true,1,
7296073128915,false,"יין לקידוש ""יש"" 1 ליטר",יקבי ארזה,IL,יין אדום לקידוש,ליטרים,1.00,ליטר,false,0,12.90,12.90,true,1,
7296073129974,false,"חומוס מזרחי ""יש"" 1קג",סלטי שמיר,IL,חומוס מזרחי,קילוגרמים,1.00,"ק""ג",false,0,11.90,11.90,true,1,
7296073132103,false,פתיתים אורז,,IL,פתיתים אורז,גרמים,500.00,100 גרם,false,0,2.90,0.58,true,1,
7296073132110,false,פתיתים קוסקוס,,IL,פתיתים קוסקוס,גרמים,500.00,100 גרם,false,0,2.90,0.58,true,1,
7296073133933,false,ספגטי,,TR,ספגטי,גרמים,500.00,100 גרם,false,0,2.90,0.58,true,1,
7296073133940,false,ספגטיני,,TR,ספגטיני,גרמים,500.00,100 גרם,false,0,2.90,0.58,true,1,
7296073133964,false,צינורות,,IL,צינורות,גרמים,500.00,100 גרם,false,0,2.90,0.58,true,1,
7296073133971,false,קונכיות,,TR,קונכיות,גרמים,500.00,100 גרם,false,0,2.90,0.58,true,1,
7296073133988,false,"ספירלה ""יש500""גר",,TR,"ספירלה ""יש500""גר",גרמים,500.00,100 גרם,false,0,2.90,0.58,true,1,
7296073133995,false,שמן זית כתית,,ES,שמן זית כתית,מיליליטרים,750.00,"100 מ""ל",false,0,27.90,3.72,true,1,
7296073134107,false,"מארז ממחטות ""יש"" צץ רץ",שניב תעשיות נייר,IL,"ממחטות אף ""יש""",יחידה,1.00,יחידה,false,0,9.90,9.90,true,1,
7296073134121,false,נייר חתוך לשבת 100*10 יח,שניב תעשיות נייר,IL,נייר חתוך לשבת,יחידה,1.00,יחידה,false,0,11.90,11.90,true,1,
7296073134152,false,מפיות חד שכבתי יש 100 יח,שניב תעשיות נייר,IL,מפיות חד שכבתי,יחידה,1.00,יחידה,false,0,3.90,3.90,true,1,
7296073134503,false,"דבש ""יש"" 1 ק""ג",מכוורת עמק חפר,IL,דבש יש,קילוגרמים,1.00,"ק""ג",false,0,37.90,37.90,true,1,
7296073134527,false,"דבש ""יש"" 500 גרם",מכוורת עמק חפר,IL,דבש יש,גרמים,500.00,100 גרם,false,0,19.90,3.98,true,1,
7296073140511,false,"גביעי גלידה ""יש"" 105 גרם",גילרו,IL,גביעי גלידה,גרמים,105.00,100 גרם,false,0,6.90,6.57,true,1,
7296073141242,false,"סוכר ""יש"" 1 ק""ג",סוגת,IL,"סוכר ""יש"" 1 ק""ג",קילוגרמים,1.00,"ק""ג",false,0,3.90,3.90,true,1,
7296073142478,false,צ'יפס קלאסי יש 2.2קג,תפוגן,IL,צ'יפס קלאסי,קילוגרמים,2.20,"ק""ג",false,0,19.90,9.05,true,1,
7296073160960,false,מטיות ריצפה 4 יח,,IL,מטיות ריצפה 4 יח,יחידה,1.00,יחידה,false,0,7.90,7.90,true,1,
7296073160977,false,מטליות לניקוי,,IL,מטליות לניקוי,יחידה,1.00,יחידה,false,0,7.90,7.90,true,1,
7296073160984,false,גליל מטליות כללי,,IL,גליל מטליות כללי,יחידה,1.00,יחידה,false,0,14.90,14.90,true,1,
7296073160991,false,ננס כריות מתכת,,,ננס כריות מתכת,יחידה,1.00,יחידה,false,0,4.90,4.90,true,1,
7296073161004,false,צמר פלדה 5 יח,,IL,צמר פלדה 5 יח,יחידה,1.00,יחידה,false,0,3.50,3.50,true,1,
7296073161011,false,ספוג סקוטש 10 יח,,IL,ספוג סקוטש 10 יח,יחידה,1.00,יחידה,false,0,4.90,4.90,true,1,
7296073161042,false,סקוטש משובח 3 יח,,IL,סקוטש משובח 3 יח,יחידה,1.00,יחידה,false,0,6.90,6.90,true,1,
7296073161059,false,כרית יפנית 6 יח,,IL,כרית יפנית 6 יח,יחידה,1.00,יחידה,false,0,5.90,5.90,true,1,
7296073162124,false,"קרקר שומשום ""יש"" 600 גרם",מגדנית הדר,IL,קרקר בקרטון 600ג,גרמים,600.00,100 גרם,false,0,9.90,1.65,true,1,
7296073162131,false,"קרקר מלח ""יש"" 600 גרם",מגדנית הדר,IL,קרקר 600 גרם,גרמים,600.00,100 גרם,false,0,9.90,1.65,true,1,
7296073187707,false,"פסטה מסולסלת""יש",,IL,"פסטה מסולסלת""יש",גרמים,500.00,100 גרם,false,0,2.90,0.58,true,1,
7296073225447,false,"קפה נמס ""יש""",,IL,"קפה נמס ""יש""",גרמים,200.00,100 גרם,false,0,12.90,6.45,true,1,
7296073237419,false,"חציל במיונז ""יש"" 900 גרם",סלטי שמיר,IL,חציל במיונז,גרמים,900.00,100 גרם,false,1,11.90,1.32,true,1,
7296073237433,false,"טחינה ""יש"" 900 גרם",סלטי שמיר,IL,טחינה 900 גרם,גרמים,900.00,100 גרם,false,1,11.90,1.32,true,1,
7296073249207,false,מטלית מיקרופייבר 4 יח,מ.א. ייצור ןיבוא מטליות,CN,מטלית מיקרופייבר,יחידה,1.00,יחידה,false,1,4.90,4.90,true,1,
7296073249214,false,מטלית מיקרופייבר לריצפה,מ.א. ייצור ןיבוא מטליות,CN,מטלית מיקרופייבר,יחידה,1.00,יחידה,false,1,13.90,13.90,true,1,
7296073260950,false,"קמח חיטה מנופה ""יש"" 1 קג",שטיבל,IL,"קמח מנופה1ק""ג",קילוגרמים,1.00,"ק""ג",false,1,4.90,4.90,true,1,
7296073272939,false,"אטריות דקות ""יש"" 400 גרם",שיבולים בני דרום,IL,"אטריות דקות""יש""",גרמים,400.00,100 גרם,false,1,3.90,0.98,true,1,
7296073290216,false,"קוסקוס ""יש"" בינוני 350ג",חטיפים מן הטבע,IL,"קוסקוס אמיתי ""יש",גרמים,350.00,100 גרם,false,1,2.90,0.83,true,1,
7296073295839,false,"איטריות דקיקות""יש"" 400ג'",שיבולים בני דרום,IL,איטריות דקיקות,גרמים,400.00,100 גרם,false,1,3.90,0.98,true,1,
7296073297116,false,"נוזל כלים ""יש"" צהוב 750","סאסאטק אגש""ח בע""מ",IL,נ.כלים צהוב,מיליליטרים,750.00,"100 מ""ל",false,1,5.90,0.79,true,1,
7296073297123,false,"נוזל כלים ""יש"" ירוק 750","סאסאטק אגש""ח בע""מ",IL,נ.כלים תפוח ירוק,מיליליטרים,750.00,"100 מ""ל",false,1,5.90,0.79,true,1,
7296073297147,false,שמפו רצפות סחלבים יש 4ל',"סאסאטק אגש""ח בע""מ",IL,שמפו רצפות 4ליטר,ליטרים,4.00,ליטר,false,1,9.90,2.48,true,1,
7296073297154,false,שמפו רצפות אורנים יש 4ל',"סאסאטק אגש""ח בע""מ",IL,שמפו רצפות 4ליטר,ליטרים,4.00,ליטר,false,1,9.90,2.48,true,1,
7296073297161,false,שמפו רצפות אוקיינוס יש 4,"סאסאטק אגש""ח בע""מ",IL,שמפו רצפות 4ליטר,ליטרים,4.00,ליטר,false,1,9.90,2.48,true,1,
7296073297178,false,אקונומיקה מבושמת יש 4 ל',"סאסאטק אגש""ח בע""מ",IL,אקונומיקה יש 4 ל,ליטרים,4.00,ליטר,false,1,6.90,1.73,true,1,
7296073297185,false,סבון נוזלי לידיים כחול,סאסא קוסמטיקס,IL,סבון נוזלי,מיליליטרים,1500.00,"100 מ""ל",false,1,9.90,0.66,true,1,
7296073297192,false,סבון נוזלי לידיים ורוד,סאסא קוסמטיקס,IL,סבון נוזלי,מיליליטרים,1500.00,"100 מ""ל",false,1,9.90,0.66,true,1,
7296073297208,false,סבון נוזלי לידיים לבן,סאסא קוסמטיקס,IL,סבון נוזלי,מיליליטרים,1500.00,"100 מ""ל",false,1,9.90,0.66,true,1,
7296073323815,false,מרכך כביסה כחול 4 ליטר,סאסאטק,IL,מרכך כביסה 4ליטר,ליטרים,4.00,ליטר,false,1,12.90,3.23,true,1,
7296073323822,false,מרכך כביסה ורוד 4 ליטר,סאסאטק,IL,מרכך כביסה4 ליטר,ליטרים,4.00,ליטר,false,1,12.90,3.23,true,1,
7296073323839,false,מרכך כביסה לבן 4 ליטר,סאסאטק,IL,מרכך כביסה 4ליטר,ליטרים,4.00,ליטר,false,1,12.90,3.23,true,1,
7296073323846,false,מ.כביסה מרוכז יש כחול 1ל,סאסאטק,IL,מ.כביסה מרוכז 1ל,ליטרים,1.00,ליטר,false,1,8.90,8.90,true,1,
7296073323853,false,מ.כביסה מרוכז יש ורוד 1ל,סאסאטק,IL,מ.כביסה מרוכז 1ל,ליטרים,1.00,ליטר,false,1,8.90,8.90,true,1,
7296073323860,false,מ.כביסה מרוכז יש סגול 1ל,סאסאטק,IL,מ.כביסה מרוכז,ליטרים,1.00,ליטר,false,1,8.90,8.90,true,1,
7296073324881,false,"8 מפות ניילון ח""פ יש עבה",טופ פלסט,IL,מפות ניילון 8 יח,יחידה,1.00,יחידה,false,1,8.90,8.90,true,1,
7296073324898,false,"6 מפות ניילון ח""פ יש עבה",טופ פלסט,IL,מפות ניילון 6 יח,יחידה,1.00,יחידה,false,1,8.90,8.90,true,1,
7296073328834,false,"טרופיקס ""יש"" 40 יחידות",דודו הדיל,IL,"טרופיקס ""יש"" 40",ליטרים,8.00,ליטר,false,1,34.90,4.36,true,1,
7296073329527,false,"מפות ניילון ח""פ ""יש"" 6יח",טופ פלסט,IL,מפת ניילון 6יח,יחידה,1.00,יחידה,false,1,4.90,4.90,true,1,
7296073329534,false,"מפות ניילון ח""פ ""יש"" 8יח",טופ פלסט,IL,מפת ניילון 8 יח,יחידה,1.00,יחידה,false,1,4.90,4.90,true,1,
7296073339922,false,מרכך כביסה סגול 4 ליטר,סאסאטק,IL,מרכך כביסה 4ליטר,ליטרים,4.00,ליטר,false,1,12.90,3.23,true,1,
7296073339939,false,מ.כביסה מרוכז יש שחור 1ל,סאסאטק,IL,מרכך כביסה 1ליטר,ליטרים,1.00,ליטר,false,1,8.90,8.90,true,1,
7296073340980,false,מפת ניילון יש 45*1.35מטר,טופ פלסט,IL,"גליל מפה ""יש"" 45",מטרים,45.00,מטר,false,1,29.90,0.66,true,1,
7296073342151,false,"רדיד אלומיניום רחב ""יש""",טופ פלסט,IL,רדיד אלומיניום ר,מטרים,25.00,מטר,false,1,15.90,0.64,true,1,
7296073342168,false,"רדיד אלומיניום צר ""יש""",טופ פלסט,IL,רדיד אלומיניום,מטרים,30.00,מטר,false,1,14.90,0.50,true,1,
7296073348108,false,מטבעות שוקולד חלב ברשת,כרמית,IL,מטבעות שוקולד,גרמים,432.00,100 גרם,false,1,29.90,6.92,true,1,
7296073348337,false,מגבוני נייר טואלט יש60*3,,IL,מגבוני נ.טואלט,יחידה,1.00,יחידה,false,1,11.90,11.90,true,1,
7296073349389,false,"מנקה חלונות ""יש"" 1 ליטר",קומפלקס כימיקלים,IL,מנקה חלונות 1 לי,ליטרים,1.00,ליטר,false,1,4.90,4.90,true,1,
7296073361992,false,"תמר מג'הול ""יש"" 400 גרם",משק צור מושב עין יהב,IL,"תמר ""יש"" 400 גרם",גרמים,400.00,100 גרם,false,1,9.90,2.48,true,1,
7296073365723,false,"טחינה ""יש"" 500 גרם",הנסיך,IL,"טחינה ""יש500""גרם",גרמים,500.00,100 גרם,false,1,8.90,1.78,true,1,
7296073367680,false,"מסיר שומנים ""יש"" 1 ליטר",קומפלקס כימיקלים בעמ,IL,"מסיר שומנים""יש",ליטרים,1.00,ליטר,false,1,11.90,11.90,true,1,
7296073369332,false,"קמח מלא מנופה ""יש"" 1 ק""ג",שטיבל,IL,קמח מלא,קילוגרמים,1.00,"ק""ג",false,1,5.90,5.90,true,1,
7296073369349,false,קמח כוסמין מנופה יש 1 קג,שטיבל,IL,קמח כוסמין,קילוגרמים,1.00,"ק""ג",false,1,7.90,7.90,true,1,
7296073369998,false,"גפרורים ענקיים ""יש""",,SE,"גפרורים ענקיים """,יחידה,1.00,יחידה,false,1,3.90,3.90,true,1,
7296073370000,false,"מארז גפרורים ""יש"" 10 יח'",,SE,גפרורים יש,יחידה,1.00,יחידה,false,1,2.90,2.90,true,1,
7296073389309,false,גפילטע פיש הונגרי560 ג,דג טעים,IL,גפילטעפיש 560 גר,גרמים,560.00,100 גרם,false,1,12.90,2.30,true,1,
7296073389835,false,"צ'יפס אמריקאי ""יש 1.8ק""ג",תפוגן,IL,ציפס אמריקאי,קילוגרמים,1.80,"ק""ג",false,1,19.90,11.06,true,1,
7296073389842,false,"צ'יפס זיגזג ""יש"" 1.8 ק""ג",תפוגן,IL,"צ'יפס זיגזג ""יש""",קילוגרמים,1.80,"ק""ג",false,1,19.90,11.06,true,1,
7296073391722,false,"שמפו לשיער רגיל ""יש"" 700",טאהא קימיה,TR,שמפו קוקוס,מיליליטרים,700.00,"100 מ""ל",false,1,7.90,1.13,true,1,
7296073391739,false,"שמפו לשיער שמן ""יש"" 700",טאהא קימיה,TR,שמפו לשיער שמן,מיליליטרים,700.00,"100 מ""ל",false,1,7.90,1.13,true,1,
7296073391746,false,"שמפו לשיער יבש ""יש"" 700",טאהא קימיה,TR,"שמפו לשיער ""יש""",מיליליטרים,700.00,"100 מ""ל",false,1,7.90,1.13,true,1,
7296073391753,false,"שמפו לשיער צבוע ""יש"" 700",טאהא קימיה,TR,"שמפו לשיער ""יש""",מיליליטרים,700.00,"100 מ""ל",false,1,7.90,1.13,true,1,
7296073391760,false,"שמפו לשיער פגום ""יש"" 700",טאהא קימיה,TR,שמפו לשיער פגום,מיליליטרים,700.00,"100 מ""ל",false,1,7.90,1.13,true,1,
7296073391777,false,"תחליב רחצה ""יש"" ורדים",טאהא קימיה,TR,"תחליב רחצה ""יש""",מיליליטרים,700.00,"100 מ""ל",false,1,7.90,1.13,true,1,
7296073391784,false,"3ב1- שמפו מרכך וג'ל ""יש""",טאהא קימיה,TR,3ב1- שמפו מרכך ו,מיליליטרים,700.00,"100 מ""ל",false,1,7.90,1.13,true,1,
7296073391791,false,"תחליב רחצה ""יש"" וניל שקד",טאהא קימיה,TR,"תחליב רחצה ""יש""",מיליליטרים,700.00,"100 מ""ל",false,1,7.90,1.13,true,1,
7296073391807,false,"תחליב רחצה ""יש"" כותנה",טאהא קימיה,TR,"תחליב רחצה ""יש""",מיליליטרים,700.00,"100 מ""ל",false,1,7.90,1.13,true,1,
7296073391845,false,שלישיית מברשות שיניים יש,באנאט,TR,מארז מברשות שיני,יחידה,1.00,יחידה,false,1,5.90,5.90,true,1,
7296073392804,false,סילאן טבעי 100% 900 גרם,משק צור,IL,סילאן טבעי,גרמים,900.00,100 גרם,false,1,17.90,1.99,true,1,
7296073395232,false,חטיף חיטה גריל יש 70 גרם,מנה,IL,חטיף חיטה גריל,גרמים,70.00,100 גרם,false,1,1.90,2.71,true,1,
7296073395249,false,חטיף חיטה ברביקיו יש 70ג,מנה,IL,חטיף חיטה ברביקי,גרמים,70.00,100 גרם,false,1,1.90,2.71,true,1,
7296073395256,false,חטיף חיטה פלאפל יש 70גרם,מנה,IL,חטיף חיטה פלאפל,גרמים,70.00,100 גרם,false,1,1.90,2.71,true,1,
7296073395263,false,חטיף חיטה פיצה יש 70 גרם,מנה,IL,חטיף טעם פיצה,גרמים,70.00,100 גרם,false,1,1.90,2.71,true,1,
7296073395270,false,חטיף חיטה בצל יש 70 גרם,מנה,IL,חטיף חיטה בצל,גרמים,70.00,100 גרם,false,1,1.90,2.71,true,1,
7296073395843,false,"מרכך לשיער צבוע ""יש"" 700",טאהא קימיה,TR,"מרכך שיער ""יש""",מיליליטרים,700.00,"100 מ""ל",false,1,7.90,1.13,true,1,
7296073395850,false,"מרכך לשיער פגום ""יש"" 700",טאהא קימיה,TR,"מרכך שיער  ""יש""",מיליליטרים,700.00,"100 מ""ל",false,1,7.90,1.13,true,1,
7296073395874,false,"מרכך לשיער יבש ""יש"" 700",טאהא קימיה,TR,"מרכך שיער ""יש""",מיליליטרים,700.00,"100 מ""ל",false,1,7.90,1.13,true,1,
7296073395904,false,מברשת שיניים פרימיום יש,באנאט,TR,מברשת שיניים,יחידה,1.00,יחידה,false,1,5.90,5.90,true,1,
7296073395911,false,מברשת שיניים פרימיום יש,באנאט,IL,מברשת שיניים,יחידה,1.00,יחידה,false,1,5.90,5.90,true,1,
7296073395928,false,תרסיס מתיר קשרים לילד יש,בי.אף.אף,TR,תרסיס מתיר קשרים,מיליליטרים,400.00,"100 מ""ל",false,1,9.90,2.48,true,1,
7296073395959,false,מרכך שיער לילדים יש 1ל,בי.אף.אף,TR,מרכך שיער לילדים,ליטרים,1.00,ליטר,false,1,12.90,12.90,true,1,
7296073396512,false,"פתי בר וניל ""יש"" 2 ק""ג",הדר,IL,"פתי בר וניל ""יש""",קילוגרמים,2.00,"ק""ג",false,1,19.90,9.95,true,1,
7296073396529,false,"פתי בר שוקו ""יש"" 2 ק""ג",הדר,IL,"פתי בר שוקו ""יש""",קילוגרמים,2.00,"ק""ג",false,1,19.90,9.95,true,1,
7296073401346,false,"מרסס מסיר אבנית ""יש"" 1ל",סאסאטק,IL,מסיר אבנית 1 ליט,ליטרים,1.00,ליטר,false,1,7.90,7.90,true,1,
7296073401353,false,"מרסס מסיר עובש ""יש"" 1 לי",סאסאטק,IL,מסיר עובש 1ליטר,ליטרים,1.00,ליטר,false,1,7.90,7.90,true,1,
7296073401360,false,"מרסס אקונומיקה""יש"" 1ליטר",סאסאטק,IL,מרסס אקונומיקה,ליטרים,1.00,ליטר,false,1,7.90,7.90,true,1,
7296073401377,false,"ניקוי כללי ""יש"" 1 ליטר",סאסאטק,IL,ניקוי כללי 1 ליט,ליטרים,1.00,ליטר,false,1,7.90,7.90,true,1,
7296073401582,false,מארז קפה שחור יש 100*4 ג,רוני רג'ואן ושות,IL,קפה שחור 4יח,גרמים,400.00,100 גרם,false,1,17.90,4.48,true,1,
7296073402275,false,"דבש לחיץ ""יש"" 250 גרם",מכוורת עמק חפר,IL,דבש לחיץ250גרם,גרמים,250.00,100 גרם,false,1,12.90,5.16,true,1,
7296073402930,false,"שקיות אשפה יש 90*75 ס""מ",טופ פלסט,IL,שקיות אשפה,יחידה,1.00,יחידה,false,1,9.90,9.90,true,1,
7296073402947,false,"שקיות אשפה יש 70*55 ס""מ",טופ פלסט,IL,שקיות אשפה,יחידה,1.00,יחידה,false,1,9.90,9.90,true,1,
7296073403333,false,"לחמניות המבורגר לל""ג יש",גידרון,IL,לחמניות להמבורגר,גרמים,360.00,100 גרם,false,1,9.90,2.75,true,1,
7296073403340,false,"לחמניות באגט לל""ג יש 3יח",גידרון,IL,"לחמניות בגט לל""ג",גרמים,360.00,100 גרם,false,1,9.90,2.75,true,1,
7296073403388,false,"נ.טואלט""יש""תלת שכבתי 32",שניב,IL,נ.טואלט לבן,יחידה,1.00,יחידה,false,1,29.90,29.90,true,1,
7296073403395,false,"מגבות נייר ""יש"" 6 גלילים",שניב,IL,מגבות יש,מטרים,21.00,מטר,false,1,14.90,0.71,true,1,
7296073407096,false,אפונה גינה וגזר 550 גרם,---,IL,אפונה גינה וגזר,גרמים,550.00,100 גרם,false,1,4.50,0.82,true,1,
7296073408857,false,"שקדי מרק ""יש"" 600 גרם",מנה,IL,"שקדי מרק ""יש""",גרמים,600.00,100 גרם,false,1,8.80,1.47,true,1,
7296073413547,false,"נוזל כלים 24% לימון ""יש""",סאסא טק,IL,נוזל כלים1.6ליטר,ליטרים,1.60,ליטר,false,1,9.90,6.19,true,1,
7296073413554,false,"נוזל כלים24% תפוח ""יש""",סאסא טק,IL,נוזל כלים1.6ליטר,ליטרים,1.60,ליטר,false,1,9.90,6.19,true,1,
7296073413561,false,"נוזל כלים 24% לבנדר ""יש""",סאסא טק,IL,נוזל כלים1.6ליטר,ליטרים,1.60,ליטר,false,1,9.90,6.19,true,1,
7296073413790,false,"ממרח שוקולד ""יש"" 850 גרם",אר גי אם תעשיות,IL,ממרח שוקולד 850ג,גרמים,850.00,100 גרם,false,1,9.90,1.16,true,1,
7296073413813,false,שוקולד צ'יפס יש 500 גרם,מיה,IL,שוקולד ציפס500ג,גרמים,500.00,100 גרם,false,1,12.90,2.58,true,1,
7296073414421,false,"חיתולי בייבי ""יש""  3-50",DPL,IL,"חיתולי בייבי ""יש",יחידה,1.00,יחידה,false,1,24.90,24.90,true,1,
7296073414438,false,"חיתולי בייבי ""יש"" 4-40",DPL,IL,"חיתולי בייבי ""יש",יחידה,1.00,יחידה,false,1,24.90,24.90,true,1,
7296073414445,false,"חיתולי בייבי ""יש"" 5-34",DPL,IL,"חיתולי בייבי ""יש",יחידה,1.00,יחידה,false,1,24.90,24.90,true,1,
7296073414742,false,מיץ ענבים אדום 1 ליטר,כרם מהדרין,IL,מיץ ענבים 1 ליטר,ליטרים,1.00,ליטר,false,1,11.90,11.90,true,1,
7296073415206,false,גריסי פנינה בואקום יש 1ק,מיה,IL,"גריסי פנינה 1ק""ג",קילוגרמים,1.00,"ק""ג",false,1,11.90,11.90,true,1,
7296073415213,false,חומוס גדול בואקום יש 1קג,מיה,IL,"חומוס גדול 1 ק""ג",קילוגרמים,1.00,"ק""ג",false,1,14.90,14.90,true,1,
7296073415220,false,"אורז פרסי בואקום 1 ק""ג",מיה,IL,"אורז פרסי  1 ק""ג",קילוגרמים,1.00,"ק""ג",false,1,9.90,9.90,true,1,
7296073415237,false,אורז בסמטי בואקום יש 1קג,מיה,IL,"אורז בסמטי 1 ק""ג",קילוגרמים,1.00,"ק""ג",false,1,12.90,12.90,true,1,
7296073415855,false,לחם אחיד פרוס,,,לחם אחיד פרוס,יחידה,1.00,יחידה,false,0,4.90,4.90,true,1,
7296073415862,false,"מארז פיתות ""יש"" 10יחידות",,,פיתות 10יחידות,יחידה,1.00,יחידה,false,0,7.90,7.90,true,1,
7296073416135,false,"נ.טואלט""יש"" תלת שכבתי 32",שניב,IL,נייר טואלט אפרסק,יחידה,1.00,יחידה,false,1,29.90,29.90,true,1,
7296073416142,false,מב.שיניים ורוד ילדים 2-5,,TR,מב.שיניים ורוד ל,יחידה,1.00,יחידה,false,1,3.90,3.90,true,1,
7296073416159,false,מב.שיניים כחול ילדים 2-5,,IL,מב.שיניים כחול י,יחידה,1.00,יחידה,false,1,3.90,3.90,true,1,
7296073416166,false,מב.שיניים ורוד לילדים +5,,TR,מב.שיניים ורוד ל,יחידה,1.00,יחידה,false,1,4.90,4.90,true,1,
7296073416173,false,מב.שיניים כחול לילדים +5,,TR,מב.שיניים כחול ל,יחידה,1.00,יחידה,false,1,4.90,4.90,true,1,
7296073420736,false,חליטת קמומיל 25 שקיקים,תה עדנים,IL,חליטת קמומיל,גרמים,32.00,100 גרם,false,1,9.90,30.94,true,1,
7296073420743,false,חליטת לימונית לואיזה 25,תה עדנים,IL,חליטת לימונית,גרמים,37.00,100 גרם,false,1,9.90,26.76,true,1,
7296073420767,false,חליטת קמומיל נענע 25 שק,תה עדנים,IL,קמומיל נענע,גרמים,37.00,100 גרם,false,1,9.90,26.76,true,1,
7296073420781,false,תה ירוק נענע 25 שקיקים,תה עדנים,IL,תה ירוק נענע,יחידה,1.00,יחידה,false,1,12.90,12.90,true,1,
7296073420798,false,תה ירוק לימונית לואיזה 2,תה עדנים,IL,תה ירוק לימונית,יחידה,1.00,יחידה,false,1,12.90,12.90,true,1,
7296073420804,false,תה נענע 25 שקיקים,תה עדנים,IL,תה נענע,גרמים,37.00,100 גרם,false,1,9.90,26.76,true,1,
7296073420828,false,תה קלאסיק יש 1.5*100 גרם,תה עדנים,IL,"תה קלאסיק ""יש""",גרמים,150.00,100 גרם,false,1,9.90,6.60,true,1,
7296073427032,false,מארז מגבונים 72*6 דף,"טרופיקל דגיל בע""מ",IL,מארז מגבונים,יחידה,1.00,יחידה,false,1,19.90,19.90,true,1,
7296073427049,false,מטליות לחות לריצפה 10 יח,"טרופיקל דגיל בע""מ",IL,מט. לחות לריצפה,יחידה,1.00,יחידה,false,1,6.90,6.90,true,1,
7296073427063,false,"מטליות לחות לניקוי ""יש""","טרופיקל דגיל בע""מ",IL,מטליות לחות 50יח,יחידה,1.00,יחידה,false,1,4.90,4.90,true,1,
7296073427261,false,משחת החתלה לתינוק 110 גר,בי.אף.אף,TR,משחת החתלה לתינו,גרמים,110.00,100 גרם,false,1,9.90,9.00,true,1,
7296073427285,false,"אל סבון לתינוק 750 מ""ל",בי.אף.אף,TR,אל סבון לתינוק,מיליליטרים,750.00,"100 מ""ל",false,1,9.90,1.32,true,1,
7296073427292,false,שמפו לתינוק אל דמע 750 מ,בי.אף.אף,TR,"שמפו אל דמע750מ""",מיליליטרים,750.00,"100 מ""ל",false,1,9.90,1.32,true,1,
7296073441274,false,"שוקולד חלב ""יש"" 100 גרם",כרמית,IL,שוקולד חלב,גרמים,100.00,100 גרם,false,1,2.90,2.90,true,1,
7296073441304,false,שוקולד מריר יש 100*5 גרם,כרמית,IL,מאגדת שוקולד,גרמים,500.00,100 גרם,false,1,11.90,2.38,true,1,
7296073441564,false,"סטייק צ'יפס ""יש"" 1.8 ק""ג",תפוגן,IL,סטייק צ'יפס,קילוגרמים,1.80,"ק""ג",false,1,19.90,11.06,true,1,
7296073445425,false,תבניות אפיה לחלה 4 יח,טופ פלסט,IL,תבניות אפיה 4יח,יחידה,1.00,יחידה,false,1,8.90,8.90,true,1,
7296073445432,false,"תבניות אפיה גדולות ח""פ",טופ פלסט,IL,תבניות אפיה 2יח,יחידה,1.00,יחידה,false,1,8.90,8.90,true,1,
7296073445449,false,תבניות אפיה בינוניות 3יח,טופ פלסט,IL,תבניות אפיה 3יח,יחידה,1.00,יחידה,false,1,8.90,8.90,true,1,
7296073445609,false,קרקר מלוח 110 גרם,פפושדו,IL,קרקר מלוח,גרמים,110.00,100 גרם,false,1,2.90,2.64,true,1,
7296073445647,false,ביסקוויט חצי מצופה 175 ג,הגביע,IL,ביסקוויט 175 גרם,גרמים,175.00,100 גרם,false,1,4.90,2.80,true,1,
7296073446354,false,"מפיות""יש"" דגםSILVE 03",G.A,BG,"מפיות""יש"" SILVER",יחידה,1.00,יחידה,false,1,4.90,4.90,true,1,
7296073446385,false,"מפיות""יש"" דגם 11 20יח",G.A,BG,"מפיות""יש"" דגם 11",יחידה,1.00,יחידה,false,1,4.90,4.90,true,1,
7296073446422,false,"מפיות ""יש"" דגם 48 20יחיד",G.A,BG,"מפיות""יש"" 20 יח",יחידה,1.00,יחידה,false,1,4.90,4.90,true,1,
7296073447078,false,טחינה שומשום מלא 500 גרם,אר גי אם תעשיות,IL,טחינה שומשום500ג,גרמים,500.00,100 גרם,false,1,9.90,1.98,true,1,
7296073447085,false,"טחינה שומשום 1 ק""ג",אר גי אם תעשיות,IL,"טחינה שומשום 1ק""",קילוגרמים,1.00,"ק""ג",false,1,15.90,15.90,true,1,
7296073449584,false,מלפפון במלח  560 גרם7-9,בית השיטה,IL,מלפפון במלח,גרמים,560.00,100 גרם,false,1,4.90,0.88,true,1,
7296073449591,false,מלפפון חומץ  560 ג 7-9,בית השיטה,IL,מלפפון בחומץ,גרמים,560.00,100 גרם,false,1,4.90,0.88,true,1,
7296073449607,false,מלפפון במלח 10-12 560גרם,בית השיטה,IL,מלפפון במלח,גרמים,560.00,100 גרם,false,1,5.90,1.05,true,1,
7296073449614,false,מלפפון בחומץ 10-12 560גר,בית השיטה,IL,מלפפון בחומץ,גרמים,560.00,100 גרם,false,1,5.90,1.05,true,1,
7296073449621,false,מלפפון במלח560גר,בית השיטה,IL,מלפפונים במלח,גרמים,560.00,100 גרם,false,1,7.70,1.38,true,1,
7296073449638,false,מלפפון בחומץ  560  13-17,בית השיטה,IL,מלפפון בחומץ,גרמים,560.00,100 גרם,false,1,7.70,1.38,true,1,
7296073449645,false,מלפפון במלח 560 גרם18-25,,IL,מלפפונים המלח,גרמים,560.00,100 גרם,false,1,8.80,1.57,true,1,
7296073450221,false,"פתי בר שוקו ""יש"" 500 גרם","אם החיטה בע""\מ",IL,פתי בר 500 גרם,גרמים,500.00,100 גרם,false,1,7.90,1.58,true,1,
7296073450238,false,"פתי בר וניל ""יש"" 500 גרם","אם החיטה בע""\מ",IL,פתי בר 500 גרם,גרמים,500.00,100 גרם,false,1,7.90,1.58,true,1,
7296073450931,false,"פתיתים פנה ריגטה לל""ג",מסימוזירו,IT,"פתיתים לל""ג 400ג",גרמים,400.00,100 גרם,false,1,17.90,4.48,true,1,
7296073450948,false,"פתיתים כוכבים לל""ג 400 ג",מסימוזירו,IT,"פתיתים לל""ג 400ג",גרמים,400.00,100 גרם,false,1,17.90,4.48,true,1,
7296073459385,false,ממתק חמוץ תות 20 גרם,טאייש,TR,ממתק חמוץ תות,גרמים,20.00,100 גרם,false,1,0.90,4.50,true,1,
7296073459392,false,ממתק חמוץ קולה 20 גרם,טאייש,TR,ממתק חמוץ קולה,גרמים,20.00,100 גרם,false,1,0.90,4.50,true,1,
7296073459408,false,ממתק חמוץ תפוח 20 גרם,טאייש,TR,ממתק חמוץ תפוח,גרמים,20.00,100 גרם,false,1,0.90,4.50,true,1,
7296073459415,false,ממתק חמוץ פירות 20גרם,טאייש,TR,ממתק חמוץ פירות,גרמים,20.00,100 גרם,false,1,0.90,4.50,true,1,
7296073473701,false,"מפיות""יש"" דגם 25 20 יח",G.A,BG,"מפיות ""יש"" 20 יח",יחידה,1.00,יחידה,false,1,4.90,4.90,true,1,
7296073484295,false,"אבקת סוכר ""יש"" 500 גרם",מיה,IL,א.סוכר 500 גרם,גרמים,500.00,100 גרם,false,1,5.90,1.18,true,1,
7296073484301,false,"שוקולד צ'יפס צימקאו""יש""",מיה,IL,ש.צ'יפס 500 גרם,גרמים,500.00,100 גרם,false,1,9.90,1.98,true,1,
7296073484318,false,"קוואקר עבה ""יש"" 700 גרם",מיה,IL,קוואקר עבה 700גר,גרמים,700.00,100 גרם,false,1,11.90,1.70,true,1,
7296073484875,false,"נייר אפיה ""יש"" 50 יחידות",טופ פלסט,IL,"נייר אפיה ""יש"" 5",יחידה,1.00,יחידה,false,1,6.90,6.90,true,1,
7296073485155,false,אבקת קארי בשקית 80 גרם,תבליני יונה,IL,אבקת קארי 80 גרם,גרמים,80.00,100 גרם,false,1,2.90,3.63,true,1,
7296073485162,false,גריל דג בשקית 80 גרם,תבליני יונה,IL,גריל דג 80 גרם,גרמים,80.00,100 גרם,false,1,2.90,3.63,true,1,
7296073485179,false,חוויג' למרק בשקית 80 גרם,תבליני יונה,IL,חוויג'  80 גרם,גרמים,80.00,100 גרם,false,1,2.90,3.63,true,1,
7296073485209,false,גריל עוף בשקית 80 גרם,תבליני יונה,IL,גריל עוף 80גרם,גרמים,80.00,100 גרם,false,1,2.90,3.63,true,1,
7296073485216,false,זנגוויל בשקית 80 גרם,תבליני יונה,IL,זנגוויל 80גרם,גרמים,80.00,100 גרם,false,1,3.90,4.88,true,1,
7296073485261,false,פלפל שחור גרוס בשקית50ג,תבליני יונה,IL,פלפל שחור גרוס,גרמים,50.00,100 גרם,false,1,3.90,7.80,true,1,
7296073485278,false,פלפל שחור טחון בשקית50ג,תבליני יונה,IL,פלפל שחור טחון,גרמים,50.00,100 גרם,false,1,3.90,7.80,true,1,
7296073485285,false,פפריקה חריפה בשקית 80 גר,תבליני יונה,IL,פפריקה חריפה 80ג,גרמים,80.00,100 גרם,false,1,2.90,3.63,true,1,
7296073485292,false,פפריקה מתוקה בשקית 80 גר,תבליני יונה,IL,פפריקה מתוקה 80ג,גרמים,80.00,100 גרם,false,1,2.90,3.63,true,1,
7296073485308,false,שום גבישי בשקית 50 גרם,תבליני יונה,IL,שום גבישי 50 גרם,גרמים,50.00,100 גרם,false,1,2.90,5.80,true,1,
7296073485315,false,כמון טחון בשקית 80 גרם,תבליני יונה,IL,כמון בשקית,גרמים,80.00,100 גרם,false,1,2.90,3.63,true,1,
7296073485322,false,כורכום בשקית 80 גרם,תבליני יונה,IL,כורכום בשקית80גר,גרמים,80.00,100 גרם,false,1,2.90,3.63,true,1,
7296073485346,false,גריל דג במיכל 80 גרם,תבליני יונה,IL,גריל דג במיכל80ג,גרמים,80.00,100 גרם,false,1,4.90,6.13,true,1,
7296073485353,false,חוויג' תימני במיכל 80 גר,תבליני יונה,IL,חוויג' במיכל80ג,גרמים,80.00,100 גרם,false,1,4.90,6.13,true,1,
7296073485377,false,קינמון טחון במיכל 80 גרם,תבליני יונה,IL,קינמון טחון 80 ג,גרמים,80.00,100 גרם,false,1,4.90,6.13,true,1,
7296073485483,false,תבלין על האש במיכל 80 גר,תבליני יונה,IL,תבלין על האש,גרמים,80.00,100 גרם,false,1,4.90,6.13,true,1,
7296073485544,false,פפריקה מתוקה במיכל 80 גר,תבליני יונה,IL,פפריקה מתוקה 80ג,גרמים,80.00,100 גרם,false,1,4.90,6.13,true,1,
7296073485568,false,תבלין לשווארמה במיכל 80ג,תבליני יונה,IL,תבלין לשווארמה,גרמים,80.00,100 גרם,false,1,4.90,6.13,true,1,
7296073485599,false,כמון במיכל 80 גרם,תבליני יונה,IL,כמון במיכל80גרם,גרמים,80.00,100 גרם,false,1,4.90,6.13,true,1,
7296073485605,false,כורכום במיכל 80 גרם,תבליני יונה,IL,כורכוםבמיכל80גרם,גרמים,80.00,100 גרם,false,1,4.90,6.13,true,1,
7296073496397,false,"קרם קרקר ""יש"" 1 ק""ג",אפיפית,IL,"קרם קרקר 1 ק""ג",קילוגרמים,1.00,"ק""ג",false,1,16.90,16.90,true,1,
7296073496403,false,"קרקר שומשום ""יש"" 1 ק""ג",אפיפית,IL,"קרקר שומשום ""יש""",קילוגרמים,1.00,"ק""ג",false,1,16.90,16.90,true,1,
7296073496427,false,"בייגלה שומשום ""יש"" 300ג'",אפיפית,IL,בייגלה שמיניות,גרמים,300.00,100 גרם,false,1,3.90,1.30,true,1,
7296073496571,false,"ג'ל רחצה ""יש"" מועשר בשמן",טאהא קימיה,TR,"ג'ל רחצה ""יש""",מיליליטרים,700.00,"100 מ""ל",false,1,7.90,1.13,true,1,
7296073496588,false,"ג'ל רחצה ""יש"" אבוקדו",טאהא קימיה,TR,"ג'ל רחצה ""יש""",מיליליטרים,700.00,"100 מ""ל",false,1,7.90,1.13,true,1,
7296073496595,false,"ג'ל רחצה ""יש"" מקרמיה",מבשלות בירה ישראל,TR,"ג'ל רחצה ""יש""",מיליליטרים,700.00,"100 מ""ל",false,1,7.90,1.13,true,1,
7296073497066,false,פדים להסרת איפור 80*3 יח,IPAK,TR,פדים להסרת איפור,יחידה,1.00,יחידה,false,1,14.90,14.90,true,1,
7296073497073,false,"צמר גפן ""יש"" 100 גרם",IPAK,CN,צמר גפן,יחידה,1.00,יחידה,false,1,3.90,3.90,true,1,
7296073497080,false,מקלוני אוזניים לתינוק,קנגמין,CN,מקלוני אוזניים,יחידה,1.00,יחידה,false,1,4.90,4.90,true,1,
7296073497103,false,מקלוני צמר גפן 200 יח',קנגמין,CN,מקלוני אוזניים,יחידה,1.00,יחידה,false,1,3.90,3.90,true,1,
7296073497110,false,מקלוני צמר גפן עץ 100 יח,קנגמין,CN,מקלוני צמר גפן ע,יחידה,1.00,יחידה,false,1,1.00,1.00,true,1,
7296073514510,false,מארז 4 בקבוקים לתינוק יש,קוזי,CN,מארז בקבוקים,יחידה,1.00,יחידה,false,1,14.90,14.90,true,1,
7296073516316,false,אננס חתוך בסירופ יש 565ג,FRUITCANNING KUIBURI,TH,אננס חתוך 565גרם,גרמים,565.00,100 גרם,false,1,5.90,1.04,true,1,
7296073516323,false,אננס פרוס בסירופ יש 565ג,FRUITCANNING KUIBURI,TH,אננס פרוס565גרם,גרמים,565.00,100 גרם,false,1,6.90,1.22,true,1,
7296073516330,false,קוקטיל פירות טרופי 565 ג,FRUITCANNING KUIBURI,TH,קוקטייל פירות,גרמים,565.00,100 גרם,false,1,7.90,1.40,true,1,
7296073526346,false,ביסקויט בצורת חיות 180 ג,אפיפית,IL,ביסקויט גן חיות,גרמים,180.00,100 גרם,false,1,2.90,1.61,true,1,
7296073526353,false,חטיפי קרקר מלח יש 180 גר,אפיפית,IL,חטיפי קרקר 180ג,גרמים,180.00,100 גרם,false,1,2.90,1.61,true,1,
7296073526360,false,חטיף קרקר שומשום יש 180ג,אפיפית,IL,חטיף קרקר 180גרם,גרמים,180.00,100 גרם,false,1,2.90,1.61,true,1,
7296073526506,false,"שמן קנולה ""יש"" 1 ליטר",ברוקלמן,DE,שמן קנולה 1 ליטר,ליטרים,1.00,ליטר,false,1,6.90,6.90,true,1,
7296073528937,false,"כפפות ניטריל ""יש"" מידה M",,CN,"כפפות ח""פ 100יח",יחידה,1.00,יחידה,false,1,24.90,24.90,true,1,
7296073528944,false,"כפפות ניטריל ""יש"" מידה L",,CN,"כפפות ח""פ 100יח",יחידה,1.00,יחידה,false,1,24.90,24.90,true,1,
7296073528951,false,"כפפות ניטריל ""יש""מידה XL",,CN,"כפפות ח""פ",יחידה,1.00,יחידה,false,1,24.90,24.90,true,1,
7296073530329,false,גבינה צהובה 28% 500 גרם,SPOLDZIELNIA,PL,גבינה צהובה 500ג,גרמים,500.00,100 גרם,false,1,14.90,2.98,true,1,
7296073530480,false,פפריקה מתוקה בשמן שקית,תבליני יונה,IL,פפריקה מתוקה80ג,גרמים,80.00,100 גרם,false,1,2.90,3.63,true,1,
7296073551744,false,"מזלג קרם ""יש"" 50 יחידות",TRWP,TR,מזלג קרם,יחידה,1.00,יחידה,false,1,7.90,7.90,true,1,
7296073551751,false,"מזלג לבן ""יש"" 50 יחידות",TRWP,TR,מזלג לבן,יחידה,1.00,יחידה,false,1,7.90,7.90,true,1,
7296073551775,false,"מזלג זהב ""יש"" 50 יחידות",TRWP,TR,מזלג זהב,יחידה,1.00,יחידה,false,1,7.90,7.90,true,1,
7296073551829,false,"כף זהב ""יש"" 50 יחידות",TRWP,TR,כף זהב,יחידה,1.00,יחידה,false,1,7.90,7.90,true,1,
7296073551836,false,"סכין שקוף ""יש"" 50 יחידות",TRWP,TR,סכין שקוף,יחידה,1.00,יחידה,false,1,7.90,7.90,true,1,
7296073551850,false,"סכין לבן ""יש"" 50 יחידות",TRWP,TR,סכין לבן,יחידה,1.00,יחידה,false,1,7.90,7.90,true,1,
7296073551874,false,"סכין זהב ""יש"" 50 יחידות",TRWP,TR,סכין זהב,יחידה,1.00,יחידה,false,1,7.90,7.90,true,1,
7296073552840,false,סוכריות חמוצות ממולאות,טאיאס ג'ידה,TR,סוכריות חמוצות,גרמים,200.00,100 גרם,false,1,4.90,2.45,true,1,
7296073552857,false,סוכריות חמוצות ממולאות,טאיאס ג'ידה,TR,סוכריות חמוצות,גרמים,200.00,100 גרם,false,1,4.90,2.45,true,1,
7296073552864,false,סוכריות חמוצות ממולאות,טאיאס ג'ידה,TR,סוכריות חמוצות,גרמים,200.00,100 גרם,false,1,4.90,2.45,true,1,
7296073553335,false,"קרקר מלח ""יש"" 110 גרם",אפיפית,IL,"קרקר מלח ""יש""",גרמים,110.00,100 גרם,false,1,2.90,2.64,true,1,
7296073553342,false,קרקר שומשום 110 גרם,אפיפית,IL,קרקר שומשום,גרמים,110.00,100 גרם,false,1,2.90,2.64,true,1,
7296073553359,false,"פתיבר ""יש"" 110 גרם",אפיפית,IL,פתיבר,גרמים,110.00,100 גרם,false,1,2.90,2.64,true,1,
7296073553366,false,"פתיבר שוקו ""יש"" 110 גרם",אפיפית,IL,פתיבר,גרמים,110.00,100 גרם,false,1,2.90,2.64,true,1,
7296073554271,false,"אבקת אפיה ""יש"" 10*10 גרם",מיה,IL,אבקת אפיה,גרמים,100.00,100 גרם,false,1,1.50,1.50,true,1,
7296073554288,false,"סוכר וניל ""יש"" 10*10גרם",מיה,IL,סוכר וניל10*10 ג,גרמים,100.00,100 גרם,false,1,1.50,1.50,true,1,
7296073564577,false,"ופלים ""יש"" טעם שוקולד 20",מנעמים,IL,"ופלים ""יש""",גרמים,200.00,100 גרם,false,1,2.90,1.45,true,1,
7296073564775,false,"וופלים ""יש"" טעם לימון",מנעמים,IL,"וופלים ""יש""",גרמים,200.00,100 גרם,false,1,2.90,1.45,true,1,
7296073564782,false,וופל במילוי קרם אגוזים,מנעמים,IL,וופלים 200 גרם,גרמים,200.00,100 גרם,false,1,2.90,1.45,true,1,
7296168001390,false,"אצטון 100 מ""ל",איתן ספקים       E,IL,אציטון,מיליליטרים,100.00,"100 מ""ל",false,0,4.90,4.90,true,1,
7296168110665,false,כוס קשית 3 יח,היו,CN,כוס קשית 3 יח,יחידה,1.00,יחידה,false,1,9.90,9.90,true,1,
7297395000026,false,בדית שלישייה,,IL,בדית שלישייה,יחידה,1.00,יחידה,false,0,14.20,14.20,true,1,
7297507980024,false,בדי בדיקה לבן 18 יחידות,"מיס שריתה בע""מ",TH,בדי בדיקה,יחידה,1.00,יחידה,false,1,8.90,8.90,true,1,
7297507980093,false,ליפה רחצה 1 יחידה,"מיס שריתה בע""מ",TH,ליפה רחצה,יחידה,1.00,יחידה,false,1,8.90,8.90,true,1,
7297507980109,false,בקבוק שתיה לתינוק 3 יח,מיס שריתה,TH,בקבוק לתינוק3יח,יחידה,1.00,יחידה,false,1,18.90,18.90,true,1,
7297507980284,false,נשכן קירור 1 יחידה,"מיס שריתה בע""מ",TH,נשכן קירור,יחידה,1.00,יחידה,false,1,6.90,6.90,true,1,
7297507980291,false,"משחת נעליים שחור 60 מ""ל","מיס שריתה בע""מ",TH,משחת נעליים,מיליליטרים,60.00,"100 מ""ל",false,1,3.90,6.50,true,1,
7297507980314,false,"נוזל נעליים שחור 80 מ""ל","מיס שריתה בע""מ",TH,נוזל נעליים,יחידה,1.00,יחידה,false,1,3.90,3.90,true,1,
7297507980369,false,משחת נעליים שפורפרת 75 מ,"מיס שריתה בע""מ",TH,משחת נעליים,מיליליטרים,75.00,"100 מ""ל",false,1,8.90,11.87,true,1,
7297507980376,false,מבריק נעליים דו צדדי 1 י,"מיס שריתה בע""מ",TH,מבריק נעליים,יחידה,1.00,יחידה,false,1,5.90,5.90,true,1,
7297507980413,false,בקבוק שתיה לתינוק + ידית,"מיס שריתה בע""מ",TH,בקבוק לתינוק,יחידה,1.00,יחידה,false,1,17.90,17.90,true,1,
7297507980604,false,מוצץ אורטודנטי אופל S 2י,"מיס שריתה בע""מ",TH,מוצץ,יחידה,1.00,יחידה,false,1,14.90,14.90,true,1,
7297507980680,false,סכיני גילוח אלוורה 5 יחי,.,IL,סכיני גילוח,יחידה,1.00,יחידה,false,1,4.50,4.50,true,1,
7297507980697,false,קיסמי שיניים דנטליים 1 י,"מיס שריתה בע""מ",TH,קיסמי שיניים,יחידה,1.00,יחידה,false,1,8.90,8.90,true,1,
7297507981038,false,אלכוהול 70% אוליטה 100 מ,"מיס שריתה בע""מ",TH,אלכוהול,מיליליטרים,100.00,"100 מ""ל",false,1,5.50,5.50,true,1,
7297507981045,false,"אציטון אוליטה 100 מ""ל","מיס שריתה בע""מ",TH,אציטון,מיליליטרים,100.00,"100 מ""ל",false,1,2.90,2.90,true,1,
7297507981199,false,בקבוק שתיה לתינוק120 מל,"מיס שריתה בע""מ",TH,בקבוק לתינוק,מיליליטרים,120.00,"100 מ""ל",false,1,7.90,6.58,true,1,
7297507981298,false,שפתון וזלין 10 גרם,,IL,שפתון וזלין,גרמים,10.00,100 גרם,false,1,5.90,59.00,true,1,
7297507981342,false,מוצץ אורטודנטי קרט S 4יח,"מיס שריתה בע""מ",TH,מוצץ אורטודנטי,יחידה,1.00,יחידה,false,1,20.90,20.90,true,1,
7297507981496,false,סכיני גילוח 3יח,.,CN,סכיני גילוח 3יח,יחידה,1.00,יחידה,false,1,14.90,14.90,true,1,
7297507981656,false,"שמן לתינוק אוליטה 400 מ""","מיס שריתה בע""מ",IL,שמן לתינוק,מיליליטרים,400.00,"100 מ""ל",false,1,15.90,3.98,true,1,
7297507981700,false,מברשת שיניים סיליקון .,"מיס שריתה בע""מ",TH,מברשת שיניים,יחידה,1.00,יחידה,false,1,17.90,17.90,true,1,
7312040017683,false,וודקה אבסולוט,,SE,וודקה אבסולוט,מיליליטרים,700.00,"100 מ""ל",false,0,69.90,9.99,true,1,
7501064191398,false,"בירה קורונה 6 * 355 מ""ל",סרבסריה מודלו,MX,בירה קורונה 6 יח,ליטרים,2.13,ליטר,false,1,39.90,18.73,true,1,
7509546057545,false,ליידי ספיד פרו 5 סטיק45ג,קולגייט פלמוליב,US,ליידי ספיד סטיק,גרמים,45.00,100 גרם,false,1,19.90,44.22,true,1,
7509546678702,false,מש.קולגייט טוטל טרטר100מ,---,PL,משחת קולגייט,מיליליטרים,100.00,"100 מ""ל",false,1,16.90,16.90,true,1,
7610008040590,false,שוקולד לבן במילוי אגוזים,,IL,שוקולד לבן במילו,יחידה,1.00,יחידה,false,1,10.90,10.90,true,1,
7610008056874,false,חטיף שוקולד במילוי 100 ג,,CH,חטיף שוקולד,גרמים,100.00,100 גרם,false,1,15.90,15.90,true,1,
7610100034084,false,מיונז טומי 265 גרם,טומי,CH,מיונז טומי,גרמים,265.00,100 גרם,false,1,12.90,4.87,true,1,
7613039880807,false,גרבר תפוח גזר 190 גרם,נסטלה פולסקה אס.איי,PL,גרבר תפוח גזר,גרמים,190.00,100 גרם,false,1,5.90,3.11,false,1,
7622010001858,false,עוג.אוראו קרם וניל 176ג,פי אר ג'\יי אס אי מנדלז,UA,עוגיות אוראו,גרמים,176.00,100 גרם,false,1,8.90,5.06,true,1,
7622201808631,false,עוגיות מיני אוראו וניל67,מונדלייז,ID,עוגיות אוראו מינ,גרמים,67.00,100 גרם,false,1,7.90,11.79,true,1,
7622300315283,false,עוגיות אוראו וניל 154גרם,מונדלייז,CZ,עוגיות אוראו,גרמים,154.00,100 גרם,false,1,6.90,4.48,true,1,
7622300761363,false,עוג.מיני אוראו ט.שוקו67ג,---,ID,עוגיות מיני אורא,גרמים,67.00,100 גרם,false,0,7.90,11.79,true,1,
7638900431803,false,סוללות אנרג'ייזר 12יחAAA,---,CN,סוללות12יחAAA,יחידה,1.00,יחידה,false,1,26.90,26.90,true,1,
7790040420076,false,עוגיות סנדוויץ בונבון117,ארקור,AR,אלפחורס עוגיות ב,גרמים,117.00,100 גרם,false,1,9.90,8.46,true,1,
7790040423022,false,אלפא חורס בון בון 19.5 ג,ארקור,AR,אלפא חורס,גרמים,19.00,100 גרם,false,1,2.90,15.26,true,1,
7790580315986,false,סוכריות ממולאות,,AR,סוכריות ממולאות,גרמים,470.00,100 גרם,false,0,16.90,3.60,true,1,
7790580412654,false,בון בון צהוב 270,,MX,בון בון צהוב270ג,גרמים,270.00,100 גרם,false,1,17.90,6.63,true,1,
7891024027998,false,מי פה קולגייט טוטל 500מ,קולגייט- פלמוליב,PL,מי פה קולגייט,מיליליטרים,500.00,"100 מ""ל",false,1,22.90,4.58,true,1,
7891024130063,false,פלקס שטיפה ל.אלכוהול500,קולגייט- פלמוליב,BR,פלקס שטיפה,מיליליטרים,500.00,"100 מ""ל",false,0,22.90,4.58,true,1,
8000380192243,false,וופל אגוז לוזי מקסי200גר,א. לואקר,AT,וופל אגוז לואקר,גרמים,200.00,100 גרם,false,1,14.90,7.45,true,1,
8000380192250,false,וופל  שוקולד מקסי 200גרם,א. לואקר,AT,וופל שוקולד,גרמים,200.00,100 גרם,false,1,14.90,7.45,true,1,
8000380198221,false,וופל דאבל שוקולד מקסי200,א. לואקר,AT,וופל דאבל שוקולד,גרמים,200.00,100 גרם,false,1,14.90,7.45,true,1,
8000500353738,false,סוכ.טיק טק מנטה חזקה16*4,---,ZA,סוכריות טיק טק,גרמים,64.00,100 גרם,false,1,10.90,17.03,true,1,
8001090184412,false,פיירי לכלים לימון 900 מל,פרוקטר אנד גמבל,GB,פיירי לכלים,מיליליטרים,900.00,"100 מ""ל",false,1,12.90,1.43,true,1,
8001090368553,false,פמפרס ב. דריי 6 א.ענק,---,TR,פמפרס אריזת ענק,יחידה,1.00,יחידה,false,1,69.90,69.90,true,1,
8001090379368,false,34פמפרס פרימיוםVP מידה4,P&G,PL,פמפרס פרימיום,יחידה,1.00,יחידה,false,1,34.90,34.90,true,1,
8001090458353,false,פיירי אנטי בקטריאלי 515,פרוקטר אנד גמבל,GB,פיירי א.בקטריאלי,מיליליטרים,515.00,"100 מ""ל",false,1,10.90,2.12,true,1,
8001090832450,false,"שמפו פנטן קלאסי 660 מ""ל",פרוקטר & גמבל,RO,שמפו פנטן,מיליליטרים,660.00,"100 מ""ל",false,1,19.90,3.02,true,1,
8001090832573,false,שמפו פנטן לחות מוגברת660,פרוקטר אנד גמבל,RO,שמפו פנטן,מיליליטרים,660.00,"100 מ""ל",false,1,19.90,3.02,true,1,
8001090832818,false,"מרכך פנטן קלאסי 660 מ""ל",פרוקטר אנד גמבל,RO,מרכך פנטן,מיליליטרים,660.00,"100 מ""ל",false,1,19.90,3.02,true,1,
8001090832894,false,מרכך פנטן לחות מוגברת660,פרוקטר אנד גמבל,RO,מרכך פנטן,מיליליטרים,660.00,"100 מ""ל",false,1,19.90,3.02,true,1,
8001090833280,false,אריאל ג'ל כביסה5.005לי,פרוקטור אנד גמבל,FR,אריאל ג'ל כביסה,ליטרים,5.00,ליטר,false,1,49.90,9.98,true,1,
8001090992338,false,פיירי פלטינום פלוס 50 טב,פרוקטר אנד גמבל,BE,פיירי טב' למדיח,יחידה,1.00,יחידה,false,1,59.90,59.90,true,1,
8001841053684,false,12תחב.אולוויז עבה לונג+,פרוקטר אנד גמבל )ראה קוד,UA,תחבושות אולוויז,יחידה,1.00,יחידה,false,1,12.90,12.90,true,1,
8001841062624,false,מגבוני פמפרס סנסיטיב52*4,פרוקטר אנד גמבל,DE,מגבוני פמפרס 4יח,יחידה,1.00,יחידה,false,1,19.90,19.90,true,1,
8001841105093,false,26 פמפרס פרימיום שלב 6,פרוקטר אנד גמבל,US,פמפרס,יחידה,1.00,יחידה,false,1,34.90,34.90,true,1,
8001841625461,false,פיירי פלטינום 515מל,פרוקטר אנד גמבל,GB,פיירי נוזל כלים,מיליליטרים,515.00,"100 מ""ל",false,1,10.90,2.12,true,1,
8001841669519,false,אריאל קפסולות ג'ל 55יח,פרוקטר אנד גמבל,FR,קפסולות לכביסה,יחידה,1.00,יחידה,false,1,57.90,57.90,true,1,
8005200256587,false,נסטי בטעם אפרסק 1.5 ליטר,מפעל סאנפלגרינו S.P.A,IT,נסטי בטעם אפר,ליטרים,1.50,ליטר,false,0,8.90,5.93,true,1,
8032573170035,false,יין מוסקטו,,IT,יין מוסקטו,מיליליטרים,750.00,"100 מ""ל",false,0,28.90,3.85,true,1,
8076800195033,false,ספגטיני מס' 3 500 גרם,ברילה גי.אי.אר פרטלי ס.פ,IT,ספגטיני מס' 3,גרמים,500.00,100 גרם,false,0,7.90,1.58,true,1,
8076800315097,false,ספגטי בוקטיני מס9' 500גר,ברילה גי.אי.אר פרטלי ס.פ,IT,ספגטי בוקטיני,גרמים,500.00,100 גרם,false,0,7.90,1.58,true,1,
8076802085738,false,פנה ריגטה מס73' 500 גרם,ברילה גי.אי.אר פרטלי ס.פ,IT,פנה ריגטה ברילה,גרמים,500.00,100 גרם,false,0,7.90,1.58,true,1,
8076802085936,false,קונצ'יליה ריגטי 500 גרם,ברילה גי.אי.אר פרטלי ס.פ,IT,קונצ'יליה,גרמים,500.00,100 גרם,false,0,7.90,1.58,true,1,
8076802085981,false,פסטה פוזילי מס98' 500גרם,ברילה גי.אי.אר פרטלי ס.פ,IT,פוזילי ברילה,גרמים,500.00,100 גרם,false,0,7.90,1.58,true,1,
8076808060654,false,פסטה פרפלה מס65' 500 גרם,ברילה גי.אי.אר פרטלי ס.פ,IT,פסטה פרפלה ברילה,גרמים,500.00,100 גרם,false,0,7.90,1.58,true,1,
8076809512268,false,פסטה גירנדולה מס34' 500ג,ברילה גי.אי.אר פרטלי ס.פ,IT,פסטה גירנדולה,גרמים,500.00,100 גרם,false,0,7.90,1.58,true,1,
8076809513395,false,רוטב פומודורו ברילה 400ג,ברילה גי.אי.אר פרטלי ס.פ,IT,רוטב עגבניות,גרמים,400.00,100 גרם,false,0,13.90,3.48,true,1,
8410076600622,false,קראנץ שבבי שוקולד 210ג,ג'נרל מילס סאן אדריאן,ES,נייצר וואלי שוקו,גרמים,210.00,100 גרם,false,0,14.90,7.10,true,1,
8410104045111,false,"פיניש מלח למדיח 2 ק""ג",רקיט בנקיזר,IL,מלח למדיח,קילוגרמים,2.00,"ק""ג",false,0,12.90,6.45,true,1,
8420822130600,false,"7-KH מסיר שומנים 750 מ""ל",---,ES,מתאים למשטחי אכי,מיליליטרים,750.00,"100 מ""ל",false,1,15.90,2.12,true,1,
8420822130624,false,"7-KH מסיר כתמים 750 מ""ל",---,ES,מסיר כתמים,מיליליטרים,750.00,"100 מ""ל",false,1,17.90,2.39,true,1,
8690637505614,false,מרכך בדין קוקוס960,יוניליוור סנאיי וי טיקאר,TR,מרכך כביסה בדין,מיליליטרים,960.00,"100 מ""ל",false,1,19.90,2.07,true,1,
8690637555084,false,בדין אקסטרא פריחת התפוז,יוניליוור סנאיי וי טיקאר,TR,מרכך בדין אקסטרא,מיליליטרים,960.00,"100 מ""ל",false,0,19.90,2.07,true,1,
8690637704277,false,דאב שמפו  יומי 2ב1- 600מ,יוניליוור,TR,שמפו דאב,מיליליטרים,600.00,"100 מ""ל",false,0,19.90,3.32,true,1,
8690637971310,false,בדין מרכך יערת הדבש960מל,יוניליוור סנאיי וי טיקאר,TR,בדין מרכך אקסטרה,מיליליטרים,960.00,"100 מ""ל",false,1,19.90,2.07,true,1,
8690784616775,false,דאק סבון אסלה אקווה בלו,---,RS,דאק סבון אסלה,גרמים,80.00,100 גרם,false,1,9.90,12.38,true,1,
8690784711777,false,דאק סבון לאסלה אקונומיקה,"פול הון ,(#POL-hUN) קולו",PL,דאק סבון אסלה,יחידה,1.00,יחידה,false,1,9.90,9.90,true,1,
8710447320662,false,דאו.דאב0%אלומ.אפרסק150מ,יוניליוור,IT,דאודורנט דאב,מיליליטרים,150.00,"100 מ""ל",false,1,16.90,11.27,true,1,
8710502194825,false,עוג.שוקוציפס מהדרין 150ג,מרבה,NL,עוגיות שוקוצ'יפס,גרמים,150.00,100 גרם,false,1,6.90,4.60,true,1,
8710800961310,false,מנטוס טעם תות 4יח37.5X'ג,פרפטי ואן מלה,NL,מנטוס תות 4 יח,גרמים,150.00,100 גרם,false,0,10.90,7.27,true,1,
8710908404184,false,דאו.דאב 0% אלומיניום150מ,יוניליוור,IT,דאודורנט דאב,מיליליטרים,150.00,"100 מ""ל",false,1,16.90,11.27,true,1,
8714789177229,false,4 מב.קולגייט אקסטרה קלין,קולגייט פלמוליב,CN,4 מברשות שיניים,יחידה,1.00,יחידה,false,0,11.90,11.90,true,1,
8714789402918,false,אג'קס חג.פרחים אדום 1.5ל,קולגייט פלמוליב,GR,אג'קס לניקוי,ליטרים,1.50,ליטר,false,0,17.90,11.93,true,1,
8714789450315,false,פלמוליב לכלים לימון1.5ל',קולגייט פלמוליב,GR,פלמוליב לכלים,ליטרים,1.50,ליטר,false,0,14.90,9.93,true,1,
8714789582764,false,מרסס לניקוי חלונות 750 מ,"ש. שסטוביץ בע""\מ",GR,מרסס לחלונות,מיליליטרים,750.00,"100 מ""ל",false,0,15.90,2.12,true,1,
8714789834467,false,פלמוליב נוזל לכלים 1.5ל',קולגייט פלמוליב,GR,פלמוליב לכלים,ליטרים,1.50,ליטר,false,0,14.90,9.93,true,1,
8717163647240,false,דאו ספריי גוף שוקולד150מ,יוניליוור אנגליה,TR,אקס ספריי,מיליליטרים,150.00,"100 מ""ל",false,1,12.90,8.60,true,1,
8717163655764,false,דאו.רקסונה שאוור פרש 150,"קוסטר אירוסול, גבזה 4140",TR,דאודורנט רקסונה,מיליליטרים,150.00,"100 מ""ל",false,1,15.90,10.60,true,1,
8717163663493,false,"דאו ספריי קובלט  150 מ""ל","יוניליוור אנגליה, דרך קו",GB,דאו.רקסונה,מיליליטרים,150.00,"100 מ""ל",false,1,15.90,10.60,true,1,
8717163714850,false,דאו.דאב ספריי קוקוס 150מ,"קוסטר אירוסול, גבזה 4140",TR,דאודורנט דאב,מיליליטרים,150.00,"100 מ""ל",false,1,16.90,11.27,true,1,
8717163891735,false,דאו ספריי  וורקאאוט 150מ,"יוניליוור אנגליה, דרך קו",GB,דאודורנט רקסונה,מיליליטרים,150.00,"100 מ""ל",false,1,15.90,10.60,true,1,
8717163947692,false,ג'ל רחצה בניחוח פינק400מ,יוניליוור,DE,אקס ג'ל רחצה,מיליליטרים,400.00,"100 מ""ל",false,1,11.90,2.98,true,1,
8718951166561,false,קולגייט מקס פרש כחול125מ,קולגייט פלמוליב,PL,משחת קולגייט מקס,מיליליטרים,125.00,"100 מ""ל",false,1,16.90,13.52,true,1,
8718951170445,false,קולגייט סמיילס ילדים50מל,---,PL,קולגייט סמיילס,מיליליטרים,50.00,"100 מ""ל",false,1,13.90,27.80,true,1,
8718951236790,false,קולגייט טוטל קלין 100 מל,קולגייט פלמוליב,PL,קולגייט טוטל,מיליליטרים,100.00,"100 מ""ל",false,1,16.90,16.90,true,1,
8718951236806,false,קולגייט טוטל להלבנה 100מ,---,PL,קולגייט טוטל,מיליליטרים,100.00,"100 מ""ל",false,1,16.90,16.90,true,1,
8718951240742,false,קולגייט טוטל פסים 100 מל,קולגייט פלמוליב,PL,קולגייט טוטל,מיליליטרים,100.00,"100 מ""ל",false,1,16.90,16.90,true,1,
8718951315303,false,משחת קולגייט אדום 100*2מ,---,PL,משחת קולגייט 2יח,מיליליטרים,200.00,"100 מ""ל",false,1,18.90,9.45,true,1,
8718951428492,false,"סב.רחצה לגבר 4ב1 750 מ""ל",---,TR,סבון רחצה לגבר,מיליליטרים,750.00,"100 מ""ל",false,1,14.90,1.99,true,1,
8718951461413,false,"משחת טוטל קלין 100*2 מ""ל",---,PL,משחת טוטל 2 יח,מיליליטרים,200.00,"100 מ""ל",false,1,29.90,14.95,true,1,
8719200998001,false,"מרגרינה בלובנד ללת""מ200ג",יוניליוור ישראל מזון בע\,IL,מרגרינה בלובנד,גרמים,200.00,100 גרם,false,1,4.30,2.15,true,1,
8719200998018,false,מרגרינה בטעם חמאה200גרם,"מיוצר ע""\י יוניליוור ישר",IL,מחמאה מרגרינה,גרמים,200.00,100 גרם,false,1,4.70,2.35,true,1,
8719200998032,false,מזולה בטעם חמאה 250 גרם,"מיוצר ע""\י יוניליוור ישר",IL,מזולה טעם חמאה,גרמים,250.00,100 גרם,false,1,10.80,4.32,true,1,
8720182253194,false,אל סבון מוצק מלפפון90*6ג,יוניליוור,DE,סבון מוצק 6יח,גרמים,540.00,100 גרם,false,1,17.90,3.31,true,1,
8720182256362,false,דאב סבון מוצק קלאסי90*6ג,יוניליוור,DE,סבון מוצק 6יח,גרמים,540.00,100 גרם,false,1,17.90,3.31,true,1,
8723400756552,false,מנטוס ריינבאו 37.50ג4*יח,פרפטי ואן מלה,NL,מנטוס ריינבאו,גרמים,148.00,100 גרם,false,0,10.90,7.36,true,1,
8888111030053,false,"מיץ אננס100% ללת""ס240*4מ",אקו - ביט,PH,מארז מיץ אננס,מיליליטרים,960.00,"100 מ""ל",false,1,15.90,1.66,true,1,
9000101418163,false,ברף בניחוח תפוח50*3 גרם,הנקל,RS,ברף לאסלה 3 יח,גרמים,150.00,100 גרם,false,1,19.90,13.27,true,1,
9310088007015,false,8 תחבושות דיפנד לילה,קימברלי-קלארק,CN,תחבושות  דיפנד,יחידה,1.00,יחידה,false,0,19.90,19.90,true,1,
9843022871156,false,נר הבדלה דקורטיבי,,CN,נר הבדלה,יחידה,1.00,יחידה,false,1,19.90,19.90,true,1,
