code,internal_code,name,manufacturer_name,manufacture_country,manufacturer_item_description,unit_qty,quantity,unit_of_measure,weighted,qty_in_package,price,unit_of_measure_price,allow_discount,status,item_id
911,true,שרי באשכול,חקלאי,IL,שרי באשכול,קילוגרמים,1.00,"ק""ג",true,,17.90,17.9000,true,1,149498
914,true,עגבניה רון שרי ליקופ,ביכורי שדה דרום,IL,עגבניה רון שרי ליקופן יחידה,לא מנהל יחידת מידה,0.00,לא מנהל יחידת מידה,false,1,9.90,0.0000,true,1,177251
917,true,עגבניה,חקלאי,IL,עגבניה,קילוגרמים,1.00,"ק""ג",true,,9.90,9.9000,true,1,149500
920,true,מלפפון,חקלאי,IL,מלפפון,קילוגרמים,1.00,"ק""ג",true,,8.90,8.9000,true,1,149502
927,true,מלפפון בייבי יח,חקלאי,IL,מלפפון בייבי יח,לא מנהל יחידת מידה,0.00,לא מנהל יחידת מידה,false,1,8.90,0.0000,true,1,150474
941,true,סלק,חקלאי,IL,סלק,קילוגרמים,1.00,"ק""ג",true,,6.90,6.9000,true,1,149501
942,true,ענבים לבנים,חקלאי,IL,ענבים לבנים,קילוגרמים,1.00,"ק""ג",true,,29.90,29.9000,true,1,149446
943,true,ענב שחור,חקלאי,IL,ענב שחור,קילוגרמים,1.00,"ק""ג",true,,25.90,25.9000,true,1,150999
945,true,כרוב לבן,חקלאי,IL,כרוב לבן,קילוגרמים,1.00,"ק""ג",true,,5.90,5.9000,true,1,149504
961,true,כרובית ארוזה יחידה,חקלאי,IL,כרובית ארוזה יחידה,לא מנהל יחידת מידה,0.00,לא מנהל יחידת מידה,false,1,10.90,0.0000,true,1,177262
990,true,בצל יבש,חקלאי,IL,בצל יבש,קילוגרמים,1.00,"ק""ג",true,,5.90,5.9000,true,1,149510
994,true,"שרי תמר לק""ג",חקלאי,IL,"שרי תמר לק""ג",קילוגרמים,1.00,"ק""ג",true,,24.90,24.9000,true,1,196942
995,true,בצל ירוק ארוז,חקלאי,IL,בצל ירוק ארוז,לא מנהל יחידת מידה,0.00,לא מנהל יחידת מידה,false,1,5.90,0.0000,true,1,149437
997,true,בצל אדום,חקלאי,IL,בצל אדום,קילוגרמים,1.00,"ק""ג",true,,8.90,8.9000,true,1,149393
5485,true,מאפה במשקל גדרון,גדרון,IL,מאפה במשקל גדרון,קילוגרמים,1.00,"ק""ג",true,,37.90,37.9000,true,1,176974
6913,true,מסכת בד,,,מסכת בד,לא מנהל יחידת מידה,0.00,לא מנהל יחידת מידה,false,1,0.30,0.0000,true,1,191581
8216,true,בלון בודד קטן -גומי,גמר,,בלון בודד קטן -גומי מטאלי +הליום,יחידה,1.00,יחידה,false,1,5.90,5.9000,true,1,180775
9110,true,בטטה,חקלאי,IL,בטטה,קילוגרמים,1.00,"ק""ג",true,,10.90,10.9000,true,1,149641
9113,true,כוסברה ארוזה,חקלאי,IL,כוסברה ארוזה,Unknown,0.00,Unknown,false,1,4.90,0.0000,true,1,149433
9114,true,נענע ארוזה,חקלאי,IL,נענע ארוזה,Unknown,0.00,Unknown,false,1,4.90,0.0000,true,1,149434
9131,true,דלעת ארוזה,חקלאי,IL,דלעת ארוזה,קילוגרמים,1.00,"ק""ג",true,,14.90,14.9000,true,1,149507
9140,true,חצילים,חקלאי,IL,חצילים,קילוגרמים,1.00,"ק""ג",true,,8.90,8.9000,true,1,149506
9147,true,אפרסמון,חקלאי,IL,אפרסמון,קילוגרמים,1.00,"ק""ג",true,,18.90,18.9000,true,1,149476
9155,true,פלפל כהה,חקלאי,IL,פלפל כהה,קילוגרמים,1.00,"ק""ג",true,,9.90,9.9000,true,1,149496
9158,true,פלפל חריף ירוק,חקלאי,IL,פלפל חריף ירוק,קילוגרמים,1.00,"ק""ג",true,,9.90,9.9000,true,1,149493
9160,true,פלפל אדום,חקלאי,IL,פלפל אדום,קילוגרמים,1.00,"ק""ג",true,,10.90,10.9000,true,1,149497
9170,true,קולורבי,חקלאי,IL,קולורבי,קילוגרמים,1.00,"ק""ג",true,,9.90,9.9000,true,1,149492
9180,true,קשואים,חקלאי,IL,קשואים,קילוגרמים,1.00,"ק""ג",true,,11.90,11.9000,true,1,149487
9201,true,תירס ארוז,חקלאי,IL,תירס ארוז,קילוגרמים,1.00,"ק""ג",true,,13.90,13.9000,true,1,150452
9210,true,תרד שטוף,חקלאי,IL,תרד שטוף,לא מנהל יחידת מידה,0.00,לא מנהל יחידת מידה,false,1,11.90,0.0000,true,1,149425
9224,true,אוכמניות יחידה,חקלאי,IL,אוכמניות יחידה,לא מנהל יחידת מידה,0.00,לא מנהל יחידת מידה,false,1,16.90,0.0000,true,1,180142
9250,true,חסה עגולה ארוזה,חקלאי,IL,חסה עגולה ארוזה,לא מנהל יחידת מידה,0.00,לא מנהל יחידת מידה,false,1,8.90,0.0000,true,1,149419
9260,true,חסה ערבית ארוזה,חקלאי,IL,חסה ערבית ארוזה,יחידה,1.00,יחידה,false,1,6.90,6.9000,true,1,149418
9270,true,לוף,חקלאי,IL,לוף,קילוגרמים,1.00,"ק""ג",true,,17.90,17.9000,true,1,149503
9290,true,תפוח אדמה אדום,חקלאי,IL,תפוח אדמה אדום,קילוגרמים,1.00,"ק""ג",true,,6.90,6.9000,true,1,149482
9295,true,תפוח אדמה לבן,חקלאי,IL,תפוח אדמה לבן,קילוגרמים,1.00,"ק""ג",true,,5.90,5.9000,true,1,149481
9297,true,פטרוזליה ארוזה,חקלאי,IL,פטרוזליה ארוזה,לא מנהל יחידת מידה,0.00,לא מנהל יחידת מידה,false,1,4.90,0.0000,true,1,149436
9299,true,סלרי ראש ארוז,חקלאי,IL,סלרי ראש ארוז,Unknown,0.00,Unknown,false,1,5.90,0.0000,true,1,149426
9306,true,סלרי עלים,חקלאי,IL,סלרי עלים,לא מנהל יחידת מידה,0.00,לא מנהל יחידת מידה,false,1,6.90,0.0000,true,1,149428
9307,true,גינגר ארוז,חקלאי,IL,גינגר ארוז,יחידה,0.00,יחידה,false,1,15.90,0.0000,true,1,149402
9311,true,גזר ארוז,חקלאי,IL,גזר ארוז,קילוגרמים,1.00,"ק""ג",true,,5.90,5.9000,true,1,149509
9323,true,פטריות פורטובלו,חקלאי,IL,פטריות פורטובלו,יחידה,1.00,יחידה,false,1,10.90,10.9000,true,1,149409
9324,true,פטריות שמפניון,חקלאי,IL,פטריות שמפניון,לא מנהל יחידת מידה,0.00,לא מנהל יחידת מידה,false,1,10.90,0.0000,true,1,149410
9348,true,שום בתפזורת,חקלאי,IL,שום בתפזורת,קילוגרמים,1.00,"ק""ג",true,,19.90,19.9000,true,1,149486
9370,true,שומר,חקלאי,IL,שומר,קילוגרמים,1.00,"ק""ג",true,,9.90,9.9000,true,1,149484
9486,true,לימון,חקלאי,IL,לימון,קילוגרמים,1.00,"ק""ג",true,,11.90,11.9000,true,1,149458
9500,true,תפוז מובחר,חקלאי,IL,תפוז מובחר,קילוגרמים,1.00,"ק""ג",true,,7.90,7.9000,true,1,149454
9510,true,מנדרינה,חקלאי,IL,מנדרינה,קילוגרמים,1.00,"ק""ג",true,,9.90,9.9000,true,1,149456
9522,true,אשכולית לבנה / אדומה,חקלאי,IL,אשכולית לבנה / אדומה,קילוגרמים,1.00,"ק""ג",true,,9.90,9.9000,true,1,149460
9540,true,חסה ראשי סלנובה,חקלאי,IL,חסה ראשי סלנובה,לא מנהל יחידת מידה,0.00,לא מנהל יחידת מידה,false,1,10.90,0.0000,true,1,196933
9555,true,בננות,חקלאי,IL,בננות,קילוגרמים,1.00,"ק""ג",true,,8.90,8.9000,true,1,149474
9560,true,אבוקדו,חקלאי,IL,אבוקדו,קילוגרמים,1.00,"ק""ג",true,,18.90,18.9000,true,1,149478
9604,true,אגס ספדונה,חקלאי,IL,אגס ספדונה,קילוגרמים,1.00,"ק""ג",true,,13.90,13.9000,true,1,149477
9632,true,אנונה,חקלאי,IL,אנונה,קילוגרמים,1.00,"ק""ג",true,,29.90,29.9000,true,1,152796
9637,true,קיווי מובחר,חקלאי,IL,קיווי מובחר,קילוגרמים,1.00,"ק""ג",true,,18.90,18.9000,true,1,149468
9658,true,תפוח עץ סמיט,חקלאי,IL,תפוח עץ סמיט,קילוגרמים,1.00,"ק""ג",true,,11.90,11.9000,true,1,149464
9684,true,תפוח עץ זהוב,חקלאי,IL,תפוח עץ זהוב,קילוגרמים,1.00,"ק""ג",true,,11.90,11.9000,true,1,149466
9697,true,תפוח עץ סטארקינג,חקלאי,IL,תפוח עץ סטארקינג,קילוגרמים,1.00,"ק""ג",true,,11.90,11.9000,true,1,149465
9756,true,שזיף אדום,חקלאי,IL,שזיף אדום,קילוגרמים,1.00,"ק""ג",true,,19.90,19.9000,true,1,149443
9891,true,ברוקולי ארוז,חקלאי,IL,ברוקולי ארוז,מיליליטרים,1.00,"100 מ""ל",false,1,11.90,1190.0000,true,1,149512
9928,true,שמיר,חקלאי,IL,שמיר,לא מנהל יחידת מידה,0.00,לא מנהל יחידת מידה,false,1,4.90,0.0000,true,1,166949
9950,true,כרוב אדום,חקלאי,IL,כרוב אדום,קילוגרמים,1.00,"ק""ג",true,,6.90,6.9000,true,1,149505
9965,true,תפוח עץ פינק,חקלאי,IL,תפוח עץ פינק,קילוגרמים,1.00,"ק""ג",true,,19.90,19.9000,true,1,149463
41926,true,קוקיס שוקו,"גידרון תעשיות בע""מ",,קוקיס שוקו,קילוגרמים,1.00,"ק""ג",true,,49.90,49.9000,true,1,14524
91211,true,לחמנית חלה מתוקה,גדרון,IL,לחמנית חלה מתוקה,לא מנהל יחידת מידה,0.00,לא מנהל יחידת מידה,false,1,5.90,0.0000,true,1,72230
92218,true,מאפה ביס תפוע,"גידרון תעשיות בע""מ",,מאפה ביס תפוע מחיר לקג-גידרון,קילוגרמים,1.00,"ק""ג",true,,39.90,39.9000,true,1,12229
92614,true,בורקס טורקי פיטריות,"גידרון תעשיות בע""מ",,בורקס טורקי פיטריות מחיר לקג-גדרון,קילוגרמים,1.00,"ק""ג",true,,39.90,39.9000,true,1,12231
94274,true,חצי בגט גדרון א.ק,גדרון,IL,חצי בגט גדרון א.ק,לא מנהל יחידת מידה,0.00,לא מנהל יחידת מידה,false,1,3.90,0.0000,true,1,14404
96018,true,שנייק קינמון מחיר לק,"גידרון תעשיות בע""מ",,שנייק קינמון מחיר לקג-גדרון,קילוגרמים,1.00,"ק""ג",true,,39.90,39.9000,true,1,12234
96445,true,אזני המן שוקולד,"גידרון תעשיות בע""מ",,אזני המן שוקולד,קילוגרמים,1.00,"ק""ג",true,,39.90,39.9000,true,1,20166
99248,true,בורקס גבינה,"גידרון תעשיות בע""מ",,בורקס גבינה מחיר לקג גידרון,קילוגרמים,1.00,"ק""ג",true,,39.90,39.9000,true,1,12240
99255,true,בורקס תפוא,"גידרון תעשיות בע""מ",,בורקס תפוא מחיר לקג -גידרון,קילוגרמים,1.00,"ק""ג",true,,39.90,39.9000,true,1,12241
99385,true,גביניות,"גידרון תעשיות בע""מ",,גביניות מחיר לקג-גידרון,קילוגרמים,1.00,"ק""ג",true,,39.90,39.9000,true,1,12243
99415,true,רוגלך,"גידרון תעשיות בע""מ",,רוגלך מחיר לקג-גידרון,קילוגרמים,1.00,"ק""ג",true,,39.90,39.9000,true,1,12245
99439,true,"קוראסון קטן מחיר לק""","גידרון תעשיות בע""מ",,קוראסון קטן מחיר לקג-גידרון,קילוגרמים,1.00,"ק""ג",true,,39.90,39.9000,true,1,12246
99477,true,ק.ביס שוקולד,"גידרון תעשיות בע""מ",,ק.ביס שוקולד מחיר לקג-גידרון,קילוגרמים,1.00,"ק""ג",true,,39.90,39.9000,true,1,12247
99927,true,בורקס בולגרי,"גידרון תעשיות בע""מ",,בורקס בולגרי מחיר לקג-גידרון,קילוגרמים,1.00,"ק""ג",true,,39.90,39.9000,true,1,12249
201849,true,טיטולים פרימיום שלב4,,,"טיטולים פרימיום שלב 42 4 יח """,Unknown,0.00,Unknown,false,1,39.90,0.0000,true,1,170651
662213,true,נתח פילה סלמון קפוא,תנובה,IL,נתח פילה סלמון קפוא בוואקום לקג,קילוגרמים,1.00,"ק""ג",true,,114.00,114.0000,true,1,185136
1865460,true,פמילי משאבה ליים,המאפיה של הרמן,TR,אלסבון פמילי לקשרי קוקוס 1 ליטר + משאבה,ליטרים,1.00,ליטר,false,1,14.90,14.9000,true,1,18556
2128311,true,נר נשמה מנורה בכוס ש,מנורה,IL,נר נשמה מנורה בכוס שבועי,יחידה,1.00,יחידה,false,1,13.90,13.9000,true,1,191265
2128946,true,נר נשמה מנורה בכוס,מנורה,IL,נר נשמה מנורה בכוס 84 שעות,יחידה,1.00,יחידה,false,1,5.90,5.9000,true,1,207300
2317166,true,מלפפון בחומץ 10-12 A,מוטולה,IL,מלפפון בחומץ 10-12 A2 מוטולה 320גרם,גרמים,320.00,100 גרם,false,1,9.90,3.0938,true,1,207273
2317326,true,זיתים מנזולינו 12-15,מוטולה,IL,זיתים מנזולינו 12-15 +20% A2 מוטולה 408,גרמים,408.00,100 גרם,false,1,8.90,2.1814,true,1,207276
2317616,true,זיתים מרינט 17-19 A2,מוטולה,IL,זיתים מרינט 17-19 A2 מוטולה 340גרם,גרמים,340.00,100 גרם,false,1,10.90,3.2059,true,1,207272
2317753,true,זיתים טבעות ירוק מו,מוטולה,IL,זיתים טבעות ירוק מוטולה 300 גרם צנצנת,גרמים,300.00,100 גרם,false,1,9.90,3.3000,true,1,207274
2814412,true,סנט מוריץ נוזל כלים,ארבה כימיקלים,TR,סנט מוריץ נוזל כלים לימון ליים 1.6 ליטר,ליטרים,1.60,ליטר,false,1,11.90,7.4375,true,1,206053
2814436,true,סנט מוריץ נוזל כלים,ארבה כימיקלים,TR,סנט מוריץ נוזל כלים לימון 1.6 ליטר 18%,ליטרים,1.60,ליטר,false,1,11.90,7.4375,true,1,206052
2814849,true,סבון אסלה מרוכז שליש,מיס פלורה,TR,סבון אסלה מרוכז שלישיה,יחידה,3.00,יחידה,false,1,11.90,3.9667,true,1,206057
3143337,true,סילאן לחיץ טבעי 350,"טעמי הגליל בע""מ",IL,קליית גת סילאן טבעי לחיץ 350 גרם,גרמים,350.00,100 גרם,false,1,16.90,4.8286,true,1,185567
8425186,true,זיתים אורגניים סורי4,,,זיתים אורגניים סורי4,Unknown,0.00,Unknown,false,1,21.90,0.0000,true,1,197437
10163069,false,צנובר 100 גר,"דין שיווק וקליה בע""מ",,צנובר 100 גר,גרמים,150.00,100 גרם,false,1,24.90,16.6000,false,1,202773
30107014,false,נייר גלגול גדול + פילטר בודד,Unknown,,נייר גלגול גדול +פילטר בודד,יחידה,1.00,יחידה,false,1,10.00,10.0000,true,1,166461
30112902,false,נייר גלגול קטן+פילטר,Unknown,,נייר גלגול קטן+פילטר בודד,יחידה,1.00,יחידה,false,1,8.90,8.9000,false,1,169728
40084077,false,קינדר מקסי שוקולד בודד 21 גר,קדבורי,DE,קינדר מקסי,יחידה,1.00,יחידה,false,1,3.50,3.5000,true,1,175539
40084107,false,ביצת שוקולד הפתעה קינדר,פרדי קונדטוריה אס פי,IT,ביצת הפתעה - עשיר בחלב,גרמים,20.00,100 גרם,false,1,6.00,30.0000,true,1,13333
40084725,false,סלייס עוגת ספוג במילוי קרם חלבי ק'נדר מילק 28 ג',פררו טורקיה צ'יקולטה,TR,קנדר מילק סלייס עוגת ספוג במילוי קרם65%,גרמים,30.00,100 גרם,false,1,4.50,15.0000,true,1,196078
40099583,false,מסטיק אורביט סטיק פירות לילדים 5יח',ריגלי צרפת,FR,מסטיק אורביט ילדים קלאסי סטיקס בודד,Unknown,0.00,Unknown,false,1,2.90,0.0000,true,1,13284
40111216,false,באונטי חטיף קוקוס ושוקולד 57ג',"נארז ע""י : א.ג. גילר",NL,חטיף שוקולד באונטי 57 גרם,גרמים,57.00,100 גרם,false,1,4.90,8.5965,true,1,4113
40144016,false,סוכריות חמאה וורטר אורגינל גליל בודד 50,קריניציה ויטמינה אס,DE,וורטר 24 גליל'(ב-(3,גרמים,50.00,100 גרם,false,1,4.90,9.8000,true,1,12184
42113263,false,מסטיק אורביט סטיקס ת,ריגלי צרפת,FR,מסטיק אורביט תות סטיקס בודד,לא מנהל יחידת מידה,0.00,לא מנהל יחידת מידה,false,1,2.90,0.0000,true,1,45758
42138105,false,סיגריות וינסטון סופר סלימס כחול,גיי טי אינטרנשיונל,,סיגריות וינסטון סלימס כחול חפיסה בודד,לא מנהל יחידת מידה,0.00,לא מנהל יחידת מידה,false,1,34.30,0.0000,false,1,57026
59068907,false,סיגריות פאל מאל כחול דמי סלימס,גלוברנס,,סיגריות פאל מאל כחול דמי סלימס בודד,לא מנהל יחידת מידה,0.00,לא מנהל יחידת מידה,false,1,27.30,0.0000,false,1,183731
59068914,false,סיגריות פאל מאל סילבר דמי סלימס,Unknown,,סיגריות פאל מאל סילבר דמני סלימס בודד,לא מנהל יחידת מידה,0.00,לא מנהל יחידת מידה,false,1,27.30,0.0000,false,1,183733
59455233,false,סיגריות ווג ליידי כח,Unknown,,סיגריות ווג ליידי כחול חפיסה בודד,לא מנהל יחידת מידה,0.00,לא מנהל יחידת מידה,false,1,40.00,0.0000,false,1,145793
72917589,false,מקופלת חלב 25 גרם,"שטראוס גרופ בע""מ",IL,מקופלת 25 גר מגדים,גרמים,25.00,100 גרם,false,1,4.50,18.0000,true,1,8018
72940754,false,"מילקי מעדן וניל עם קצפת שטראוס 133 מ""ל","שטראוס גרופ בע""מ",IL,מילקי בטעם וניל,גרמים,133.00,100 גרם,false,1,3.00,2.2556,true,1,8026
72940761,false,"מילקי מעדן שוקולד עם קצפת שטראוס 133 מ""ל",מיוצר עי קונדיטוריית,IL,מילקי בטעם שוקולד,גרמים,133.00,100 גרם,false,1,3.00,2.2556,true,1,8027
72940952,false,מעדן מילקי בטעם שוקולד עם אקסטרה קצפת,"שטראוס גרופ בע""מ",IL,מילקי אקסטרה קצפת,גרמים,107.00,100 גרם,false,1,3.90,3.6449,true,1,8029
72961506,false,יוגורט עם תות 1.5% שומן 125 ג' פרילי,מיוצר עי קונדיטוריית,IL,פרילי תות בגביע 125 גרם,מיליליטרים,125.00,"100 מ""ל",false,1,3.70,2.9600,true,1,8327
72961544,false,"באדי יוגורט בטעם תות שדה 3% תנובה 125 מ""ל",מחלבת אלון תבור,IL,באדי תות 125 גרם,גרמים,125.00,100 גרם,false,1,3.40,2.7200,true,1,8334
72986240,false,באדי מעדן שוקו גביע 125גרם 2% בדצ,מחלבת אלון תבור,IL,"באדי שוקו 125 מל מהדרין בד""צ",מיליליטרים,125.00,"100 מ""ל",false,1,3.40,2.7200,true,1,13044
72986370,false,"גלידת בן & ג'ריס פיינטים וניל 500מ""ל",מוצרי איכות אמריקאים,IL,פיינט וניל FT,מיליליטרים,500.00,"100 מ""ל",false,1,23.90,4.7800,true,1,9156
72986424,false,"גלידת בן & ג'ריס פיינטים קרם עוגיות 500מ""ל",מוצרי איכות אמריקאיי,IL,"פיינט קרם עוגיות בד""ץ",מיליליטרים,500.00,"100 מ""ל",false,1,23.90,4.7800,true,1,9157
72986448,false,"גלידת בן & ג'ריס פיינטים טופי קראנץ 500מ""ל",מוצרי איכות אמריקאיי,IL,גלידת וניל עם חתיכות טופי מצופות שוקולד,מיליליטרים,500.00,"100 מ""ל",false,1,23.90,4.7800,true,1,9158
72986455,false,"גלידה בן& ג'ריס ניו יורק סופר פאדג' צ'אנק 500 מ""ל",מוצרי איכות אמריקאיי,IL,פיינט ניו-יורק סופר FT,מיליליטרים,500.00,"100 מ""ל",false,1,23.90,4.7800,true,1,9159
72986479,false,"גלידה שוקולד אגוז עם בננות בן וג'ירי 500 מ""ל",מוצרי איכות אמריקאיי,IL,פיינט צאנקי מנקי FT,מיליליטרים,500.00,"100 מ""ל",false,1,23.90,4.7800,true,1,9160
72989395,false,טילון בן&ג'ריס ורמונט-קרם עוגיות 100ג',מוצרי איכות אמריקאיי,IL,טילון קרם עוגיות,גרמים,100.00,100 גרם,false,1,8.90,8.9000,true,1,12212
72989425,false,"גלידת בן & ג'ריס פיינטים שוקולד בראוניז 500מ""ל",מוצרי איכות אמריקאיי,IL,"גלידה שוקולד בראוניס 500 מ""ל",מיליליטרים,500.00,"100 מ""ל",false,1,23.90,4.7800,true,1,21394
72991374,false,סיגריות טיים רד חפיס,דובק,,סיגריות טיים רד חפיסה בודד,Unknown,0.00,Unknown,false,1,30.60,0.0000,false,1,9163
72991497,false,קופסה נובלס ירוק כהה,קריות זול,,סיגריות נובלס פילטר חפיסה בודד,יחידה,0.00,יחידה,false,1,30.60,0.0000,false,1,9174
72991886,false,"גלידת דולצ'ה בטעם ריבת חלב עם פאדג' בן וג'ירי 500 מ""ל",מוצרי איכות אמריקאיי,IL,פיינט דולצ'ה דה לצ'ה,מיליליטרים,500.00,"100 מ""ל",false,1,23.90,4.7800,true,1,9180
72993637,false,מעדן חלב בטעם שוקולד 125 ג' דני,מחלבת אחיהוד,IL,דני שוקולד,גרמים,125.00,100 גרם,false,1,2.90,2.3200,true,1,47757
72994061,false,חטיף פסק זמן GOOD גלילית לבן 40 גרם,שולן צ'יקולטה גידה ס,IL,פסק זמן 2GOOD,גרמים,36.00,100 גרם,false,1,5.90,16.3889,true,1,70174
72994252,false,נקסט לילךPP חפיסה,פיליפ מוריס,,נקסט לילךPP חפיסה,יחידה,1.00,יחידה,false,1,30.00,30.0000,false,1,154360
72994276,false,מלבורו סילבר גולד פי,פיליפ מוריס,,מרלבורו פיין טאץPP חפיסה,יחידה,1.00,יחידה,false,1,31.70,31.7000,false,1,149817
76136184,false,פאל מאל סופרסלימס כחול קופסה,Unknown,,סיגריות פאל מל סלימס כחול חפיסה בודד,לא מנהל יחידת מידה,0.00,לא מנהל יחידת מידה,false,1,31.40,0.0000,false,1,42219
80001027,false,לואקר טורטינה שוקולד חלב,"כד בני דרום בע""מ",IT,וופל בציפוי שוקולד חלב וממלוא בקרם אגוזים,גרמים,21.00,100 גרם,false,1,4.60,21.9048,true,1,13329
80001287,false,וופל חטיף לואקר אגוז 38 גר',ליימן מותגים,AT,חטיף גרדנה אגוז 38 גרם,גרמים,38.00,100 גרם,false,1,4.50,11.8421,true,1,9501
80001461,false,לואקר חטיף שוקולד 38 גר',"א. לואקר קונפקט בע""מ",AT,חטיף גרדנה שוקולד 38 גרם,גרמים,38.00,100 גרם,false,1,4.50,11.8421,true,1,43065
80001485,false,גרדנה קוקוס 38 גר'25X יח',קריניציה ויטמינה אס,IT,לואקר גרדנה קוקוס,גרמים,38.00,100 גרם,false,1,4.50,11.8421,true,1,43066
80001799,false,לואקר טורטינה שוקולד לבן,"כד בני דרום בע""מ",IT,וופל בציפוי שוקולד חלב וממלוא בקרם אגוזים,גרמים,21.00,100 גרם,false,1,4.50,21.4286,true,1,172210
80050025,false,סוכריות טיק טק בטעם תפוז,קריות זול,ZA,דחוסות בטעם תפוז,גרמים,16.00,100 גרם,false,1,4.50,28.1250,true,1,9700
80050124,false,סוכריות טיק טק בטעם מנטה,קריות זול,ZA,טיק טק מנטה,גרמים,16.00,100 גרם,false,1,4.50,28.1250,true,1,9701
80050278,false,פררו רושר חטיף כדורים שלישיה 40ג',קריות זול,IT,פררו רושה שלישייה,גרמים,38.00,100 גרם,false,1,6.50,17.1053,true,1,15380
80052487,false,חטיף רפאלו שלישייה,רושר,PL,רפאלו 30 גרי שלישייה,גרמים,30.00,100 גרם,false,1,4.50,15.0000,true,1,71462
80052760,false,קינדר בואנו Kinder Bueno עם חלב ואגוזי לוז,קריות זול,PL,קינדר בואנו,גרמים,43.00,100 גרם,false,1,5.00,11.6279,true,1,9705
80083665,false,גנדולה עוגיות עם שוקולד ציפס אורגני 250,תות תעשיות מזון (201,IT,עוגיות אורגניות עם שוקולד צ'יפס 250 גרם,גרמים,350.00,100 גרם,false,1,16.90,4.8286,true,1,200728
80083764,false,עוגיות אורגניות עם שיבולת שועל 250 גר,תות תעשיות מזון (201,IT,עוגיות דגנים אורגניות עם שיבולת שועל 250 גרם,גרמים,350.00,100 גרם,false,1,16.90,4.8286,true,1,200729
80176732,false,קינדר הפי היפו 28 יחידות,קריות זול,DE,"הפי היפו קקאו, וופל במילוי קרם חלבי וקרם קקאו",גרמים,21.00,100 גרם,false,1,3.50,16.6667,true,1,47113
80176800,false,נוטלה ממרח שוקולד 750 גרם,פררו תעשיות איטליה ס,IT,ממרח שוקולד נוטלה 750 גרם,גרמים,750.00,100 גרם,false,1,27.90,3.7200,true,1,9767
80177173,false,ממרח אגוזי לוז עם קקאו,נוטלה Nutella,IT,ממרח שוקולד נוטלה אגוזים 350 גרם,גרמים,350.00,100 גרם,false,1,15.90,4.5429,true,1,9768
80177180,false,שוקולד קינדר קאונטרי 23.5 גרם,ליימן שליסל,IT,שוקולד קינדר קאנטרי 23.5 גרם,גרמים,24.00,100 גרם,false,1,3.50,14.5833,true,1,72698
80177609,false,אצבעות שוקולד קינדר Kinder ארבע יחידות,קריות זול,IT,שוקולד חלב עם תכולת חלב גבוהה במילוי קרם חלבי,גרמים,50.00,100 גרם,false,1,5.90,11.8000,true,1,9769
80177616,false,אצבעות שוקולד קינדר Kinder שמונה יחידות,קריות זול,IT,שוקולד חלב עם תכולת חלב גבוהה במילוי קרם חלבי,גרמים,100.00,100 גרם,false,1,9.50,9.5000,true,1,9770
80310549,false,הפי היפו חטיף קינדר שוקולד לבן 20.5ג',קריות זול,DE,"הפי היפו קקאו, וופל במילוי קרם חלבי וקרם אגוזי לוז",לא מנהל יחידת מידה,0.00,לא מנהל יחידת מידה,false,1,3.00,0.0000,true,1,185520
80310891,false,ג'וי ביצת הפתעה קינדר 20 גרם,קריות זול,ZA,"ביצת קינדר ג""וי 20 גרם",גרמים,20.00,100 גרם,false,1,6.00,30.0000,true,1,207213
80761761,false,קינדר בואנו לבן בודד 39 גרם,ליימן שליסל,PL,חטיף וופל קינדר בואנו שוקולד לבן 39 גרם,גרמים,39.00,100 גרם,false,1,5.00,12.8205,true,1,142488
80768258,false,קינדר ג'וי Joy ביצת הפתעה ורוד,קריות זול,ZA,קינדר ג'וי ורוד,גרמים,20.00,100 גרם,false,1,6.00,30.0000,true,1,164624
80773429,false,מנטוס בקבוק מעוגל - מסטיק ללא סוכר בטעם תות 60 גרם,פרפטי ואן מלה הולנד,NL,מסטיק מנטוס פיור פרש בטעם תות מעוגל,גרמים,60.00,100 גרם,false,1,9.90,16.5000,true,1,182123
80773443,false,מנטוס בקבוק מעוגל - מסטיק ללא סוכר בטעם מנטה 60 גרם,פרפטי ואן מלה הולנד,NL,מנטוס גומי לעיסה ללא סוכר בטעם מנטה,גרמים,60.00,100 גרם,false,1,9.90,16.5000,true,1,180390
80790990,false,מסטיק מנטוס בבקבוק מעוגל בטעם פירות -מנטה 60 ג',פרפטי ואן מלה הולנד,NL,מסטיק מנטוס מנטה עדינה בקבוק מעוגל 60 גר,גרמים,60.00,100 גרם,false,1,9.90,16.5000,true,1,180389
80809265,false,טורטינה בודד חמאת בוטנים 21 ג' לואקר,לואקר,AT,חטיף טורטינה חמאת בוטנים 21 גרם,גרמים,21.00,100 גרם,false,1,4.50,21.4286,true,1,205756
80831402,false,סוכריות מנטוס מנטה עדינה 30 יח' ללא סוכר CLEAN BREATH,פרפטי ואן מלה,NL,סוכרית מנטוס מנטה עדינה ללא סוכר,לא מנהל יחידת מידה,0.00,לא מנהל יחידת מידה,false,1,6.90,0.0000,true,1,192235
80854753,false,סוכריות מנטוס מנטה 30 יח' ללא סוכר CLEAN BREATH,פרפטי ואן מלה,TR,סוכרית מנטוס מנטה ללא סוכר,לא מנהל יחידת מידה,0.00,לא מנהל יחידת מידה,false,1,6.90,0.0000,true,1,192236
80864059,false,וופל גרדנה עם קרם חמאת בוטנים בציפוי שוקולד חלב,ליימן מותגים,AT,גרדנה חמאת בוטנים 38 גרם,גרמים,38.00,100 גרם,false,1,4.50,11.8421,true,1,205757
80864295,false,סוכריות פיור וויט טעם מנטה עדינה 60 ג' מנטוס,פרפטי ואן מלה הולנד,TR,מסטיק בקבקון מ.עדינה pure white 60 גרם,גרמים,60.00,100 גרם,false,1,9.90,16.5000,true,1,203080
80874652,false,קינדר קארדס 120 גרם - בודד,פררו,IT,קינדר קארדס 25.6 גרם,גרמים,26.00,100 גרם,false,1,4.90,18.8462,true,1,206915
80896081,false,מנטוס בקבוק מעוגל - מסטיק ללא סוכר בטעם אבטיח 60 גרם,פרפטי ואן מלה הולנד,NL,מנטוס גומי לעיסה ללא סוכר בטעם אבטיח,גרמים,60.00,100 גרם,false,1,9.90,16.5000,true,1,182124
80913467,false,מנטוס בקבוק מעוגל - מסטיק ללא סוכר בטעם מנטה,פרפטי ואן מלה הולנד,NL,mentos - pure fresh,גרמים,60.00,100 גרם,false,1,9.90,16.5000,true,1,180391
80936848,false,סוכריות טיק טק תות שדה 24 יח',ליימן-שליסל,ZA,טיק טק תות,גרמים,16.00,100 גרם,false,1,4.50,28.1250,true,1,163907
80945468,false,סוכריות פיור וויט טעם מנטה מתוקה 60 ג' מנטוס,פרפטי ואן מלה הולנד,TR,מסטיק בקבקון מ.מתוקה pure white 60 גרם,גרמים,60.00,100 גרם,false,1,9.90,16.5000,true,1,203081
80979128,false,מנטוס מסטיק בקבוק מעוגל בטעם דובדבן,פרפטי ואן מלה הולנד,TR,מסטיק בקבוקון פיור דובדובן 60 גרם,גרמים,60.00,100 גרם,false,1,9.90,16.5000,true,1,202713
80982470,false,מסטיק מנטוס פיור פרוסט בטעם מנטה חזק 60 גר',פרפטי ואן מלה ברדה,NL,מסטיק מנטוס פיור מנטה חזקה 60 ג,גרמים,60.00,100 גרם,false,1,9.90,16.5000,true,1,195556
80986348,false,סוכריות פיור וויט טעם מנטה 60 ג' מנטוס,פרפטי ואן מלה הולנד,TR,מסטיק בקבקון מנטה pure white 60 גרם,גרמים,60.00,100 גרם,false,1,9.90,16.5000,true,1,203082
85951730,false,רול פור יו פילטרים ל,,,120 פילטרים SLIM PARTY,Unknown,0.00,Unknown,false,1,6.50,0.0000,false,1,146908
85966611,false,נייר גלגול גדול כולל פילטר PIH,,,נייר גלגול גדול כולל פילטר PIH,יחידה,1.00,יחידה,false,1,7.50,7.5000,false,1,191015
85967069,false,נייר גלגול גדול כולל פילטר חום,,CZ,נייר גלגול גדול כולל פילטר חום,יחידה,1.00,יחידה,false,1,8.00,8.0000,false,1,189066
85967076,false,נייר גלגול בינוני כולל פילטר חום,,CZ,נייר בינוני כולל פיל,יחידה,1.00,יחידה,false,1,7.00,7.0000,true,1,191014
87108538,false,סוכריות בטעם תות מנטוס 37.5 גרם,הדקלאים אגודת שיתופי,NL,מנטוס תות 40 גלילים,גרמים,38.00,100 גרם,false,1,3.90,10.2632,true,1,41854
87108651,false,סוכריות בטעם מנטה מנטוס 4*37.5 גרם,הדקלאים אגודת שיתופי,NL,מנטוס מנטה 1/4,גרמים,150.00,100 גרם,false,1,11.90,7.9333,true,1,10562
87108712,false,סוכריות בטעם פירות מנטוס 4*37.5 גרם,פרפטי ואן מלה ברדה,NL,מארז 4 גלילי מנטוס בטעם פירות,גרמים,150.00,100 גרם,false,1,11.90,7.9333,true,1,10563
87311396,false,מנטוס ריינבאוו סוכריות לעיסה בטעמי פירות,פרפטי ואן מלה,NL,מנטוס ריינבאוו סוכריות לעיסה בטעמי פירות 37.5 גרם,גרמים,38.00,100 גרם,false,1,3.90,10.2632,true,1,153000
90162602,false,רד בול משקה אנרגיה פקדון 30 אג,רד בול ג'י.אם.בי. אץ,IL,"משקה אנרגיה רד בול 250 מ""ל",מיליליטרים,250.00,"100 מ""ל",false,1,8.00,3.2000,true,1,42148
90162800,false,רד בול משקה אנרגיה ללא סוכר פקדון 30 אג,רד בול ג'י.אם.בי. אץ,AT,רד בול,מיליליטרים,250.00,"100 מ""ל",false,1,8.00,3.2000,true,1,42149
90446269,false,"משקה רד בול אבטיח מוגז פחית 250 מ""ל",ראון פרוכטסאפה,AT,רד בול אבטיח - משקה אנרגיה פונקציונאלי,מיליליטרים,250.00,"100 מ""ל",false,1,8.00,3.2000,true,1,195820
90448867,false,"משקה אנרגיה רד בול ללא פחמימות 250 מ""ל",רד בול,AT,"רד בול ללא פחמימות 250 מ""ל",מיליליטרים,250.00,"100 מ""ל",false,1,8.00,3.2000,true,1,205104
8421361472,false,בובת TY עיניים גדולו,TY,,בובת TY עיניים גדולות הזהבה,Unknown,0.00,Unknown,false,1,29.90,0.0000,true,1,173880
9800800056,false,חטיף שוקולד עם מקלות לחם אנד גו,נוטלה Nutella,DE,נוטלה גו בייגלה מלוח,גרמים,52.00,100 גרם,false,1,6.90,13.2692,true,1,177139
11210000094,false,"רוטב ""טבסקו"" על בסיס פלפל אדום 60 מ""ל",מקאילהייני אייבורי,US,"רוטב טבסקו 60 מ""ל",מיליליטרים,60.00,"100 מ""ל",false,1,11.90,19.8333,true,1,117
11210007253,false,"רוטב ""טבסקו"" על בסיס פלפל אדום ושום 60 מ""ל",מקאילהייני אייבורי,US,"רוטב טבסקו שום ופלפל 60 מ""ל",מיליליטרים,60.00,"100 מ""ל",false,1,11.90,19.8333,true,1,118
11210009387,false,"רוטב פלפל ירוק טבסקו 60 מ""ל",מקאילהייני אייבורי,US,"רוטב טבסקו פלפל ירוק 60 מ""ל",מיליליטרים,60.00,"100 מ""ל",false,1,11.90,19.8333,true,1,119
16000423534,false,חטיפי גרנולה קראנצ'י עם שיבולת שועל ושוקולד מריר נייצ'ר ואלי 5*42 גרם,ג'נרל מילס סאן אדריא,ES,חטיפי גרנולה קראנצי שיבולת שועל מריר 210,גרמים,210.00,100 גרם,false,1,14.90,7.0952,true,1,142876
16000548404,false,חטיפי גרנולה קראנצ'י עם שיבולת שועל ודבש נייצ'ר ואלי 5*42 גרם,ג'נרל מילס סאן אדריא,ES,"נייטשר וואלי, קראנצ'י שיבולת שועל עם דבש",גרמים,210.00,100 גרם,false,1,14.90,7.0952,true,1,803
16000548497,false,קראנצי שיבולת שועל ודבש בודד 42גר,ג'נרל מילס,,"קראנצ""י שיבולת שועל ודבש בודד 42 גרם",גרמים,42.00,100 גרם,false,1,4.90,11.6667,true,1,21015
16000548909,false,חטיפי גרנולה קראנצ'י במגוון טעמים נייצ'ר ואלי 5*42 גרם,ג'נרל מילס סאן אדריא,ES,חטיפי גרנולה קראנצי מגוון טעמים 210 גרם,גרמים,210.00,100 גרם,false,1,14.90,7.0952,true,1,806
16229924263,true,קרם קוקוס 250 מל,,,קרם קוקוס 250 מל,Unknown,0.00,Unknown,false,1,9.90,0.0000,true,1,195160
18000703494,false,"פילסברי, עוגה בטעם וניל, תערובת להכנת עוגה בטעם וניל. 500 גרם.",הדקלאים אגודת שיתופי,IL,תערובת לעוגה וניל פילסברי,גרמים,524.00,100 גרם,false,1,17.90,3.4160,true,1,921
18000766413,false,"פילסברי, עוגה בטעם שוקולד, תערובת להכנת עוגה בטעם שוקולד. 550 גרם.",הדקלאים אגודת שיתופי,IL,תערובת לעוגת בראוניס פלסברי 550 גרם,גרמים,550.00,100 גרם,false,1,17.90,3.2545,true,1,924
22200956932,false,דאודורנט ספיד סטיק גל 24/7 כחול 85 גר,הנסיך- מפעל לייצור ט,US,דאודורנט 24/7 ג'ל כחול ספיד סטיק,מיליליטרים,85.00,"100 מ""ל",false,1,21.90,25.7647,true,1,1612
22200956949,false,דאודורנט ג'ל כתום לגבר ספיד סטיק 85 גרם,קולגייט פלמוליב,BY,"דאודורנט ספיד סטיק ג""ל כחול 85 גרם",מיליליטרים,85.00,"100 מ""ל",false,1,21.90,25.7647,true,1,1613
25675301108,false,מקלות חמוצים חמצוצים תות 50 גרם,פאסין,NL,מקלות חמוצים פשקס תות 50 גרם,גרמים,50.00,100 גרם,false,1,7.00,14.0000,true,1,25029
30100487197,false,קיבלר סנדוויץ קרקר גבינה וצדר 39 גרם,"מאכלי עולם ר.ז. בע""מ",,קיבלר קרקר גבינת צדר לבן 39 גרם,גרמים,39.00,100 גרם,false,1,4.00,10.2564,true,1,167147
30100545101,false,קיבלר סנדוויץ קרקר קלאב צדר 39 גרם,"מאכלי עולם ר.ז. בע""מ",,קיבלר קרקר קלאב צדר כתום 39 גרם,גרמים,39.00,100 גרם,false,1,4.00,10.2564,true,1,164784
31200001597,false,חמוציות אושן ספריי קליית גת בשקית 170 גרם,אושן ספריי,US,חמוציות מומתקים ומיובשים170 גר,גרמים,170.00,100 גרם,false,1,13.90,8.1765,true,1,15478
34000148301,true,נשיקות הרשי לאפייה,,,נשיקות הרשי לאפייה,Unknown,0.00,Unknown,false,1,21.90,0.0000,true,1,183522
34000312177,false,הרשי סירופ בטעם שוקולד 680 גרם,ליימן מותגים,US,סירופ שוקולד למאפים קינוחים,גרמים,680.00,100 גרם,false,1,20.90,3.0735,true,1,162235
34000544028,false,סוכריות ארוכות בטעם תות טוויזלרס Twizzlers,ליימן מותגים,US,טוויזלרס ממתק בטעם תות 198 גרם,גרמים,198.00,100 גרם,false,1,8.90,4.4949,true,1,22270
36000516890,false,ממחטות קלינקס לושן 3 שכבות 120 דף,קימברלי,US,קלינקס לושן אלוורה 120 - 3 שכבות,יחידה,24.00,יחידה,false,1,17.90,0.7458,true,1,190938
37600207188,false,חמאת בוטנים סקיפי קלאסי 462 גרם,חברת המזון אלגוד,US,חמאת בוטנים סקיפי קלאסיק 462 גרם,גרמים,462.00,100 גרם,false,1,20.90,4.5238,true,1,166680
38000183690,true,פרינגלס ברביקיו מידי,פרינגלס מניופקצ'ורינ,US,פרינגלס ברביקיו מידי חלבי 74 גרם,גרמים,74.00,100 גרם,false,1,5.90,7.9730,true,1,185769
38000197840,false,פרינגלס גלי בטעם חריף מתוק 137 ג',פרינגלס מניופקצ'ורינ,US,פרינגלס גלי חריף מתוק 137 גרם,גרמים,137.00,100 גרם,false,1,9.90,7.2263,true,1,193665
38000232152,false,פרינגלס חטיפי תפוח אדמה בטעם ברביקיו 158 גרם,פרינגלס מניופקצ'ורינ,US,פרינגלס ברביקיו 158גרם,גרמים,158.00,100 גרם,false,1,9.90,6.2658,true,1,191302
38000232169,false,פרינגלס מידי אורגינל 71 גרם,פרינגלס מניופקצ'ורינ,US,פרינגלס מידי אורגינל 67גרם,גרמים,67.00,100 גרם,false,1,5.90,8.8060,true,1,191303
38000232176,false,פרינגלס ביג שמנת בצל 158 גרם,פרינגלס מניופקצ'ורינ,US,פרינגלס שמנת בצל 158גרם,גרמים,158.00,100 גרם,false,1,9.90,6.2658,true,1,191301
38000232183,false,פרינגלס ביג אורגינל 149 גרם,פרינגלס מניופקצ'ורינ,US,פרינגלס אורגינל 149 גרם,גרמים,149.00,100 גרם,false,1,9.90,6.6443,true,1,191300
38000845253,false,חטיף צ'יפס פרינגלס מידי שמנת בצל 71 גרם,פרינגלס מנופקצ'ורינג,US,פרינגלס מידי שמנת בצל 71 גרם,גרמים,71.00,100 גרם,false,1,5.90,8.3099,true,1,185767
38527591060,false,דגני קוואקר מרובעים Quaker Squares עם סוכר חום,BEVERAGES FOODS & SE,US,דגני קוואקר מרובעים סוכר חום 411 גרם,גרמים,411.00,100 גרם,false,1,21.90,5.3285,true,1,149146
40000514480,false,M&M אריזה קטנה's שוקולד אריזה קטנה 48 גרם,M&M אם אנד אם,US,סוכריות M&M בטעם שוקולד 48 גרם,גרמים,48.00,100 גרם,false,1,5.80,12.0833,true,1,176994
40000514510,false,M&M אריזה קטנה's בוטנים אריזה קטנה 49 גרם,M&M אם אנד אם,US,סוכריות שוקולד M&M בוטנים 49 גרם,גרמים,49.00,100 גרם,false,1,5.80,11.8367,true,1,176690
41224468108,false,עגבניות מיובשות שמן זית 340 גרם ROLAND,סיגס גיטה,TR,עגבניות מיובשות בשמן זית 283 גרם,גרמים,283.00,100 גרם,false,1,22.90,8.0919,true,1,55996
41390000010,false,"רוטב סויה קיקומן 148 מ""ל",קיקומן פודז אינק,,"רוטב סויה קיקומן 148 מ""ל",מיליליטרים,148.00,"100 מ""ל",false,1,10.90,7.3649,true,1,173006
41390000058,false,"רוטב טריאקי קיקומן 296 מ""ל",קיקומן פודז אינק,US,"רוטב טריאקי קיקומן 296 מ""ל",מיליליטרים,296.00,"100 מ""ל",false,1,23.90,8.0743,true,1,4340
44600300580,false,כלורוקס קלין אפ פרש נוזל לניקוי רב תכלית,כלורוקס אוקלנד,US,כלורקס קלין אפ פרש 946 מל,מיליליטרים,946.00,"100 מ""ל",false,1,19.90,2.1036,true,1,195625
46214382259,false,עוגיות בראוניס שוקולד 225 ג',בנקטבקריי מרבה בי.וי,NL,"עוגיות בראוניס 225 גר """,גרמים,225.00,100 גרם,false,1,9.90,4.4000,true,1,4796
46214731552,false,עוגיות שוקולד ציפס מובחרות 225 ג',קריניציה ויטמינה אס,NL,מרבה עוגיות 37% שוקולד ציפס,גרמים,225.00,100 גרם,false,1,9.90,4.4000,true,1,4797
50000015474,false,מזון חתולים יבש מעדני הים 3.15 פאונד,פריסקיז,US,פריסקיז דגים 1.42 קג,קילוגרמים,1.42,"ק""ג",false,1,35.90,25.2817,true,1,25363
50000100347,false,"פריסקיז - מעדני החתול מועשר בחלב 1.40 ק""ג",נסטלה פורינה USA מק,US,פריסקיז מעדני החתול מועשר בחלב 1.4קג,קילוגרמים,1.40,"ק""ג",false,1,35.90,25.6429,true,1,30365
51500255162,false,"חמאת בוטנים לל""ג JIF אריזת 454ג'",ג'י.אס.קיי קונסיומר,US,JIF חמאת בוטנים 454 גרם,גרמים,454.00,100 גרם,false,1,17.90,3.9427,true,1,202676
57000009403,false,רוטב לסטייק היינץ 40,היינץ,,"רוטב HP חום בקבוק 400 מ""ל",מיליליטרים,400.00,"100 מ""ל",false,1,17.90,4.4750,true,1,57719
64144090020,false,"ספריי שמן PAM בטעם שמן זית 141 מ""ל",קונאגרה פודס,US,"PAM תרסיס שמן זית 148 מ""ל",מיליליטרים,148.00,"100 מ""ל",false,1,18.90,12.7703,true,1,150744
64144090051,false,"ספריי שמן PAM קנולה אורגינל 148 מ""ל",קונאגרה פודס,US,"PAM תרסיס שמן קנולה 148 מ""ל",מיליליטרים,148.00,"100 מ""ל",false,1,18.90,12.7703,true,1,169867
74299018060,true,הוט ויילס חמישיה,,,הוט ויילס חמישיה,יחידה,1.00,יחידה,false,1,59.90,59.9000,true,1,151497
74570274000,false,גלידה בטעם קרם עוגיות 473 ג' האגן דאז,האגן-דאז,,"גלידת שמנת עוגיות 473 מ""ל",מיליליטרים,473.00,"100 מ""ל",false,1,22.90,4.8414,true,1,9288
76840001774,false,"גלידה עוגיות חלב עם חתיכות פאדג בן וג'ירי 500 מ""ל",מוצרי איכות אמריקאים,IL,"גלידה בן&גרי שוקולד צפס קור 500מ""ל",גרמים,500.00,100 גרם,false,1,23.90,4.7800,true,1,191781
76840002351,false,גלידה גימי סמור עם מרשמלו קלוי פירורי שוקולד בן וג'ירי 428 ג',מוצרי איכות אמריקאיי,IL,"פיינט בן &גרי 500 מ""לGimme smore",מיליליטרים,500.00,"100 מ""ל",false,1,23.90,4.7800,true,1,196096
76840002542,false,"גלידת בן & ג'ריס פיינט נטפליקס וצ'ילד 500מ""ל",מוצרי איכות אמריקאים,IL,פיינט נטפליקס וצילד,גרמים,500.00,100 גרם,false,1,23.90,4.7800,true,1,192328
76840100156,false,"בן אנד גריס גלידת צרי גרסיה 500 מ""ל",מוצרי איכות אמריקאיי,IL,"גלידה צרי גרסיה 500 מ""ל",מיליליטרים,500.00,"100 מ""ל",false,1,23.90,4.7800,true,1,80586
76840100583,false,"גלידת וניל עם בצק עוגיות בן וג'ירי 473 מ""ל",מוצרי איכות אמריקאיי,IL,"גלידה בצק עוגיות 473 מ""ל",מיליליטרים,473.00,"100 מ""ל",false,1,23.90,5.0529,true,1,67021
76840100811,false,בן&גריס פיינט שמנת בטעם ח.בוטנים עם בוטנ,מוצרי איכות אמריקאיי,IL,"גלידה חמאת בוטנים 473 מ""ל",מיליליטרים,473.00,"100 מ""ל",false,1,23.90,5.0529,true,1,156364
76840100989,false,"גלידה בן & גריס שוקולד מרשמלו קרמל ופאדג' 500 מ""ל",בן & ג'ריס,IL,גלידת שוקולד עם מרשמלו קרמל וחתיכות פאדג,מיליליטרים,473.00,"100 מ""ל",false,1,23.90,5.0529,true,1,62071
76840620029,false,גלידת בן אנד ג'ריס בטעם תות שדה,מוצרי איכות אמריקאיי,IL,"גלידה תות שדה 500 מ""ל",מיליליטרים,500.00,"100 מ""ל",false,1,23.90,4.7800,true,1,9347
76840620036,false,גלידת בן אנד ג'ריס בטעם שוקולד בראויס,מוצרי איכות אמריקאים,IL,גלידה שוקולד ציפס ובראוניס עם בצק 500 מל,גרמים,500.00,100 גרם,false,1,23.90,4.7800,true,1,180624
77245110610,false,סוכריות מאסט ללא סוכר בטעם מנטה 80 ג'עלית,MIESZKO S.A - MS. JO,PL,סוכריות מאסט מנטה ללא סוכר 80 גרם,גרמים,80.00,100 גרם,false,1,8.90,11.1250,true,1,14248
77343000233,false,נרות חימום 50 יחידות,"מנורה שי נר בע""מ",IL,נרות חימום אורה 50,יחידה,1.00,יחידה,false,1,12.90,12.9000,true,1,176402
77975010167,false,סניידרס חטיף מקלוני חיטה בתוספת דבש 340.2 גרם,סניידרס Snyder's,US,מקלוני סניידרס חיטה ציה וקינואה 340 גרם,גרמים,340.00,100 גרם,false,1,17.90,5.2647,true,1,180645
77975094631,false,סנדביץ בייגלה במילוי קרם בטעם צ'דר 226 גרם סניידרס,סניידרס Snyder's,US,"בייגלה סניידרס סנדביץ גבינה צ""דר 226 גרם",גרמים,226.00,100 גרם,false,1,17.90,7.9204,true,1,193436
77975094761,false,סניידרס חטיפים על בסיס קמח חיטה בטעם גבינת צ'דר,סניידרס Snyder's,US,סניידרס בטעם צדר 340 גרם,גרמים,340.00,100 גרם,false,1,17.90,5.2647,true,1,195482
77975094778,false,שברי בייגלה סניידרס בטעם דבש חרדל 340 גר,סניידרס Snyder's,US,סניידרס דבש חרדל ובצל 340 גרם,גרמים,340.00,100 גרם,false,1,17.90,5.2647,true,1,195806
77975095133,false,שברי בייגלה בטעם פיקנטי 318 ג' סניידרס,סניידרס Snyder's,US,סניידרס שברי בייגלה בטעם פיקנטי 319 גרם,גרמים,319.00,100 גרם,false,1,17.90,5.6113,true,1,207237
77975095157,false,סניידרס שברי בייגלה וחלפיניו 340 גרם,סניידרס Snyder's,US,בייגלה סניידרס חלפיניו 318גרם,גרמים,318.00,100 גרם,false,1,17.90,5.6289,true,1,205045
80432402931,false,"וויסקי סקוטי, שיבאס ריגאל 12 שנה, 700 מ''ל",מזקקת האחים שיבאס,GB,"וויסקי סקוטי, שיבאס ריגאל 12 שנה, 700 מ''ל",מיליליטרים,700.00,"100 מ""ל",false,1,139.90,19.9857,true,1,167409
80480280048,false,"וודקה גריי גוס 40% 200מ""ל",בקרדי מרטיני,FR,"וודקה גריי גוס 200 מ""ל",מיליליטרים,200.00,"100 מ""ל",false,1,49.90,24.9500,true,1,184057
80518532743,false,חבילת בלונים (50 יח') פסטל בסטרים,NORTHERN,CN,שקית בלון 50 בלונים,מיליליטרים,0.00,"100 מ""ל",false,1,15.90,0.0000,true,1,9830
80518532897,false,10 בלונים נקניק,יושלם,,בלוני דיסני 10 X,Unknown,0.00,Unknown,false,1,5.90,0.0000,true,1,9833
633824111838,false,"וודקה ואן גוך אננס 750 מ""ל",מזקקת קוימאנס טילבור,NL,"וודקה וואן גוך בטעם אננס, 750 מ''ל",מיליליטרים,750.00,"100 מ""ל",false,1,149.90,19.9867,true,1,178352
633824913432,false,"וודקה וואן גוך בטעם אסאי בלוברי, 750 מ''ל",מזקקת קוימאנס טילבור,NL,"וודקה וואן גוך בטעם אסאי בלוברי, 750 מ''ל",מיליליטרים,750.00,"100 מ""ל",false,1,149.90,19.9867,true,1,159767
645692556024,false,עוגיות יין חצי מצופו,מולינו ניקולי s.p.a,IL,עוגיות יין חצי מצופה 300גר,גרמים,300.00,100 גרם,false,1,10.90,3.6333,true,1,51581
651080647519,false,"פלאקרס ""פלוסר ""חוט דנטלי ירוק -מנטה","פלקרס רנור ארה""ב",US,פלאקרס פלוסר חוט דנטלי ירוק -מנטה,יחידה,1.00,יחידה,false,1,11.90,11.9000,true,1,179439
693493010788,false,"נאצוס חטיף טורטיה ע""ב תירס ברביקיו 200 ג",או. קיי סניקס,DK,נאצוס בטעם ברביקיו 200 גרם,גרמים,200.00,100 גרם,false,1,13.90,6.9500,true,1,206073
693493010818,false,"נאצוס - חטיף טורטיה ע""ב תירס בטע 200 גר",או. קיי סניקס,DK,נאצוס בטעם טבעי 200 גרם,גרמים,200.00,100 גרם,false,1,13.90,6.9500,true,1,206074
728229123613,false,טרה חטיף על בסיס תפוח אדמה כחול בטעם טבעי 110 גרם,היין סלסטיאל גרופ,US,טרה חטיף על בסיס תפוח אדמה כחול בטעם טבעי 110 גרם,גרמים,110.00,100 גרם,false,1,14.90,13.5455,true,1,36818
768404001640,false,"גלידה בן&ג'ריס קפה משפחתית 500מ""ל",מוצרי איכות אמריקאיי,IL,"פיינט בטעם קפה בן אנד גרי 500 מ""ל",מיליליטרים,500.00,"100 מ""ל",false,1,23.90,4.7800,true,1,56791
769904000997,false,דגש שקדי מרק ללא גלו,משובח תעשיות מזון,IL,שקדי מרק,גרמים,200.00,100 גרם,false,1,15.90,7.9500,true,1,72672
819913019456,false,גול מנגו 18 מג G2 שמ,,CN,גול מנגו 18 מג G2 שמינייה,יחידה,1.00,יחידה,false,1,50.00,50.0000,false,1,187901
835811005933,false,מגש הכסף תבנית אלומ` ענק 5 יח`,ווינפאק,,תבנית אלומיניום ענק 5 יחידות,לא מנהל יחידת מידה,0.00,לא מנהל יחידת מידה,false,1,12.90,0.0000,true,1,156245
835811005957,false,מגש הכסף תבנית אלומ` 90 + מכסה 8 יח`,יבוא ושיווק: הנמל אר,IL,"הנמל תבנית אלומניום מלבנית, 8 יחידות",לא מנהל יחידת מידה,0.00,לא מנהל יחידת מידה,false,1,11.90,0.0000,true,1,154669
835811005964,false,מגש הכסף תבנית אלומ` מאורך 20 יח`,ווינפאק,,תבנית אלומיניום אינגליש 20 יחידות,לא מנהל יחידת מידה,0.00,לא מנהל יחידת מידה,false,1,12.90,0.0000,true,1,154324
835811006060,false,"כוסות אספרסו קטנות 75 מ""ל",הנמל,,כוסות נייר אספרסו 50 יח,Unknown,0.00,Unknown,false,1,7.90,0.0000,true,1,153374
835811007562,false,תבניות קרטון אינגליש קייק 6יח` ארוז 29X9X6,דוקרט תעשיית אריזות,IL,תבנית קרטון אינגליש קייק 6 יחידות,לא מנהל יחידת מידה,0.00,לא מנהל יחידת מידה,false,1,10.90,0.0000,true,1,23228
835811009023,false,"כוסות משקה חם קרטון 235 מ""ל",הנמל,,כוסות קרטון,יחידה,0.50,יחידה,false,1,15.90,31.8000,true,1,60973
839762000641,false,משקה איילנד מנגו נקטר 1 ל',"פאראגאלה,דה אג'יפשן",EG,איילנד מנגו 1 ליטר,ליטרים,1.00,ליטר,false,1,11.50,11.5000,true,1,21076
839762000658,false,איילנד גויאבה המשקה של חופי סיני 1 ליטר,The Egyptian Co. for,EG,איילנד גויאבה המשקה של חופי סיני 1 ליטר,ליטרים,1.00,ליטר,false,1,11.50,11.5000,true,1,20560
839762002379,false,משקה נקטר מנגו איילנד 350מל,"פאראגאלה,דה אג'יפשן",EG,"איילנד מנגו 350 מ""ל",מיליליטרים,350.00,"100 מ""ל",false,1,6.90,1.9714,true,1,66627
839762002386,false,נקטר איילנד גויאבה 3,"פאראגאלה,דה אג'יפשן",EG,"איילנד גויאבה 350 מ""ל",מיליליטרים,350.00,"100 מ""ל",false,1,6.90,1.9714,true,1,66628
842387000736,false,מטען רכב לגלקסי פרמי,Unknown,,מטען רכב לגלקסי פרמיום 2A,יחידה,1.00,יחידה,false,1,39.90,39.9000,true,1,190417
850668000818,false,חטיף צי'פס טבעי ללא גלוטן,OLD LYME GOURMET COM,,חטיף ציפס DEEP מלוח ללא גלוטן 142 גרם,גרמים,142.00,100 גרם,false,1,21.90,15.4225,true,1,157723
850668000832,false,חטיף ציפס טבעי ללא גלוטן בחומץ,OLD LYME GOURMET COM,,חטיף ציפס DEEP מלח וחומץ ללא גלוטן 142,גרמים,142.00,100 גרם,false,1,21.90,15.4225,true,1,157721
856591000055,true,עוגיות עבאדי קריספי,קריניציה ויטמינה אס,IL,"עבאדי עוגיות מזרחיות קריספי, 400 גרם",Unknown,0.00,Unknown,false,1,19.90,0.0000,true,1,187748
856591000062,false,עוגיות מזרחיות עם מלח עבאדי 400 גרם,מאפיית יוסף ושמחה עב,IL,מזרח. מלח 400ג 856591000062,גרמים,400.00,100 גרם,false,1,19.90,4.9750,true,1,22258
856591000109,false,עוגיות מזרחיות פריך במיוחד עבאדי 400 גרם,מאפיית יוסף ושמחה עב,IL,עבאדי עוגיות מזרחיות פריך במיוחד 400 גרם,גרמים,400.00,100 גרם,false,1,19.90,4.9750,true,1,64703
856591000512,false,עוגיות מזרחיות מקלונים עם שומשום עבאדי 400 גרם,מאפיית יוסף ושמחה עב,IL,עבאדי עוגיות מזרחיות מקלונים פריכים 400 גרם,גרמים,400.00,100 גרם,false,1,19.90,4.9750,true,1,64704
3014260262709,false,סכין גילוח ונוס לנשים 4 יחידות,ג'ילט ונוס Gillette Venus,DE,סכיני גילוח ג'ילט ונוס לנשים 4 יחידות,יחידה,1.00,יחידה,false,1,44.90,44.9000,true,1,2656
3014260287030,false,סכיני גילוח חד פעמי חמישיה gullette,פרוקטר אנד גמבל,MD,סכיני גילוח חד פעמי גילט 5 יחידות,לא מנהל יחידת מידה,0.00,לא מנהל יחידת מידה,false,1,7.90,0.0000,true,1,38073
3014260289287,false,סכין גילוח גילט בלו 2 לנשים-חמישייה,פרוקטר אנד גמבל,RU,ג'ילט סכיני בלו 2 לנשים חמישייה,יחידה,1.00,יחידה,false,1,14.90,14.9000,true,1,145413
3073781161687,false,גבינה לה ושקרי 256 גרם כשר,פרומאג'רי בל דום סאם,FR,כשר גבינת לבש קירי כשר 256 גר,גרמים,256.00,100 גרם,false,1,25.90,10.1172,true,1,196482
3387390320244,false,פיטנס דגני בוקר מחיטה מלאה עם פירות נסטלה 375 גרם,נסטלה צרפת איטנקורט,FR,דגני פיטנס פירות 375 גרם,גרמים,375.00,100 גרם,false,1,21.90,5.8400,true,1,28301
3387390525960,false,קראנץ' דגני בוקר עם שוקולד חלב נסטלה 500 גרם,הנסיך- מפעל לייצור ט,FR,דגני קראנץ נסטלה 500 גרם,גרמים,500.00,100 גרם,false,1,26.90,5.3800,true,1,50545
3428460051467,false,plaisi   sterilized,,FR,plaisi   sterilized  מעדן לחתול בטעם דג,גרמים,100.00,100 גרם,false,1,4.90,4.9000,true,1,206724
3428460051597,false,plaisir  מעדן לחתול,,FR,plaisir  מעדן לחתול  סלמון 100 גר,גרמים,100.00,100 גרם,false,1,4.90,4.9000,true,1,206726
3574660026788,true,גונסונס בייבי טלק 20,CILAG GMBH INTERNATI,IT,גונסונס בייבי טלק 200 גרם חדש,Unknown,0.00,Unknown,false,1,18.90,0.0000,true,1,188092
3574660115154,false,או-בה טמפונים קלאסי סופר 32יח',ג'ונסון אנד ג'ונסון,GR,טמפוני O.B סופר 32 יח,יחידה,1.00,יחידה,false,1,24.90,24.9000,true,1,43080
3574660239973,false,או-בה פרוקומפורט 32 יח נורמל,גונסון אנד גונסון,GR,טמפונים O.B קומפורט זרימה נורמל 32 יח,יחידה,32.00,יחידה,false,1,24.90,0.7781,true,1,43082
3574660333466,false,טמפונים מיני פרו קומפורט אובה 32 יחידות,הנסיך- מפעל לייצור ט,DE,אובה מיני טמפונים ללא מוליך 32 יחידות,ליטרים,0.00,ליטר,false,1,24.90,0.0000,true,1,151393
3574661141022,true,וניה מקסי לילה 12 יח,,,וניה מקסי לילה 12 יח,Unknown,0.00,Unknown,false,1,24.90,0.0000,true,1,197196
3574661353524,false,גל רחצה עדין במיוחד,גונסון אנד גונסון,IT,גל רחצה עדין במיוחד בניחוח תות LPM,לא מנהל יחידת מידה,0.00,לא מנהל יחידת מידה,false,1,20.90,0.0000,true,1,186869
3574661487328,false,קרפרי מגני תחתון אורגינל פלוס 56 יח',הדקלאים אגודת שיתופי,IT,קרפרי מגן תחתון רגיל 56 יח,יחידה,1.00,יחידה,false,1,19.90,19.9000,true,1,190259
3574661552804,false,קרפרי מגן תחתון אלוורה 56 יח',הדקלאים אגודת שיתופי,IT,קרפרי מגן תחתון אלוורה קרפרי 58 יחידות,יחידה,1.00,יחידה,false,1,19.90,19.9000,true,1,193370
3574661552811,false,קרפרי מגן תחתון כותנה נטול ריח 56 יח,הדקלאים אגודת שיתופי,GR,קארפריי מגן תחתון כותנה 58 יח',יחידה,1.00,יחידה,false,1,19.90,19.9000,true,1,192222
3574669908665,false,גונסונס בייבי אל סבון לפני השינה 750 מל,גונסון אנד גונסון,IT,גונסון בייבי אל סבון לפני שינה 750 חדש,מיליליטרים,750.00,"100 מ""ל",false,1,19.90,2.6533,true,1,188091
3607348578283,false,פלייבוי VIP דאו,מיוצר עי קונדיטוריית,ES,פלייבוי VIP דאו ספריי150 מל,מיליליטרים,150.00,"100 מ""ל",false,1,32.20,21.4667,true,1,156733
3661163934952,false,אדידס דאו סטיק אייס,מיוצר עי קונדיטוריית,,אדידס דאו סטיק אייס דייב) כחול,לא מנהל יחידת מידה,0.00,לא מנהל יחידת מידה,false,1,19.90,0.0000,true,1,52493
3661163990545,false,"אדידס דאודורנט ספריי לגברים אקשיין 200 מ""ל",מיוצר עי קונדיטוריית,PT,200 מל דאודורנט ספריי קליימקול לגבר אדידס,מיליליטרים,200.00,"100 מ""ל",false,1,19.90,9.9500,true,1,65087
3661163991146,false,"אדידס - דאודורנט ספריי לאישה קול אנד קר פרש 150 מ""ל",מיוצר עי קונדיטוריית,PT,אדידס דאודורנט ספריי לאישה פרש 150 מל,מיליליטרים,200.00,"100 מ""ל",false,1,19.90,9.9500,true,1,65781
3663559000135,false,שזיפים מיובשים אורגניים 250 גרם,היצרן: לה קומפני דה,FR,"שזיפים מיובשים אורגניים רכים, ללא גלעינים 250 גרם",גרמים,250.00,100 גרם,false,1,26.90,10.7600,true,1,185952
4000417019004,false,שוקולד חלב אגוזי לוז שלמים ריטר ספורט 100 גרם,ריטר ספורט Ritter sport,DE,ריטר ספורט שוקולד חלב עם אגוזי לוז שלמים,גרמים,100.00,100 גרם,false,1,11.20,11.2000,true,1,142151
4000417023001,false,ריטר ספורט שוקולד חלב מעולה עם שקדים שלמים,ריטר ספורט Ritter sport,DE,ריטר ספורט שוקולד חלב מעולה עם שקדים שלמים,גרמים,100.00,100 גרם,false,1,11.90,11.9000,true,1,142153
4000417025005,false,שוקולד מריר במילוי מרציפן ריטר ספורט 100 גרם,ריטר ספורט Ritter sport,DE,ריטר ספורט שוקולד מריר ממולא מרציפן,גרמים,100.00,100 גרם,false,1,11.20,11.2000,true,1,142154
4000417026002,false,שוקולד ריטר ספורט פרלין 100 גרם חלב נוכרי,ריטר ספורט Ritter sport,DE,שוקולד ריטר ספורט נוגט פרלין 100 גרם,גרמים,100.00,100 גרם,false,1,11.20,11.2000,true,1,142155
4000417101211,false,גלילי וופל עם קרם אגוזי לוז בציפוי שוקולד חלב,אמיצ'לי Amicelli,AT,אמיצלי גלילי וופל 150 גרם,גרמים,150.00,100 גרם,false,1,17.90,11.9333,true,1,204082
4002448017684,false,"סיליט באנג ספריי ניקוי כללי מסיר אבנית 750 מ""ל",הדקלאים אגודת שיתופי,PL,"ספריי לניקוי כללי והסרת אבנית סיליט באנג 750 מ""ל",מיליליטרים,750.00,"100 מ""ל",false,1,14.90,1.9867,true,1,20582
4002448019480,false,"סיליט באנג מסיר שומנים רב שימושי 750 מ""ל",סיליט באנג Cillit Bang,PL,"ספריי מסיר שומנים סיליט באנג 750 מ""ל",מיליליטרים,750.00,"100 מ""ל",false,1,14.90,1.9867,true,1,31394
4002575016253,false,מרציפן מצופה שוקולד זנטיס 100 גרם,הדקלאים אגודת שיתופי,DE,מרציפן מצופה שוקולד 100 גר .,גרמים,100.00,100 גרם,false,1,9.90,9.9000,true,1,3994
4002590000022,false,סוכריות קלפני פירות יער אוכמניות 150 ג',ליימן מותגים,DE,קלפני פירות יער 150 גר',גרמים,150.00,100 גרם,false,1,12.00,8.0000,true,1,20999
4002590000046,false,סוכריות בטעם מנטה מרענן קלפני 150 גרם,ליימן מותגים,DE,קלפני מנטה מרענן 150 גר',גרמים,150.00,100 גרם,false,1,12.00,8.0000,true,1,12183
4002590703541,false,קלפני סוכריות קשות בטעם תות,ליימן מותגים,DE,קלפני בטעם תות 150 גר',גרמים,150.00,100 גרם,false,1,12.00,8.0000,true,1,172209
4004666042004,false,משמיד עובש עם מרסס מלרוד Mellerud,יעקובי,DE,יעקבי מלרוד ספריי משמיד עובש 500 מל,מיליליטרים,500.00,"100 מ""ל",false,1,29.90,5.9800,true,1,22504
4005808262168,false,ניוואה ספריי הגנה,טרופיקל דגיל תעשיות,DE,"תרסיס מקדם הגנה מרענן, SPF20 עמיד במים",מיליליטרים,200.00,"100 מ""ל",false,1,64.90,32.4500,true,1,163284
4005808422999,false,ניוואה תחליב הגנה 200מל SPF30,טרופיקל דגיל תעשיות,DE,תחליב הגנה 30 SPF,מיליליטרים,200.00,"100 מ""ל",false,1,59.30,29.6500,true,1,164975
4007745058811,false,חרדל צרפתי חלק אורגני 200 גרם,נטורפוד,DE,נטורפוד חרדל אמיתי אורגני 200 גרם,גרמים,200.00,100 גרם,false,1,15.90,7.9500,true,1,182728
4008400230726,false,קינדר ביצת הפתעה מקסי 100 גרם,פררו,IT,ביצת הפתעה קינדר מקסי12 יח,גרמים,100.00,100 גרם,false,1,25.90,25.9000,true,1,189860
4008400290126,false,ק'נדר פינגווי עוגת ספוג במילוי חלבי מצופה שוקולד מריר 30 ג' OUD,פררו טורקיה צ'יקולטה,TR,קנדר עוגת ספוג במילוי חלבי מצופה ש מריר,גרמים,30.00,100 גרם,false,1,4.50,15.0000,true,1,196077
4009309022399,true,כרוב כבוש אורגני 670,נטורפוד,DE,כרוב כבוש אורגני 670 גרם,גרמים,670.00,100 גרם,false,1,16.90,2.5224,true,1,182671
4009309114407,true,נטורפוד מלפפון כבוש,נטורפוד,DE,מלפפון כבוש אורגני,גרמים,670.00,100 גרם,false,1,24.90,3.7164,true,1,182673
4009309456453,true,סלק אדום אורגני 670,נטורפוד,DE,סלק אדום אורגני,גרמים,670.00,100 גרם,false,1,15.90,2.3731,true,1,182674
4009309742426,true,רסק תפוח מנגו אורגני,תות תעשיות מזון (201,DE,רסק תפוח מנגו אורגני,גרמים,700.00,100 גרם,false,1,18.90,2.7000,true,1,182676
4009900379564,false,מסטיק הובה בובה Hubba Bubba טייפ בטעם פירות,מרס ריגלי קונפקשונרי,,הובה בובה טייפ פירות,לא מנהל יחידת מידה,0.00,לא מנהל יחידת מידה,false,1,7.90,0.0000,true,1,35539
4009900402965,false,אורביט וויט בטעם פירות בקבוקון 46מלבניות,ריגלי פולין,PL,מסטיק אורביט וויט פירות בקבוקון,Unknown,0.00,Unknown,false,1,9.90,0.0000,true,1,154793
4009900403023,false,אורביט וויט בטעם מנטה בקבוקון 46 מלבניות,"ב.א מזון בע""מ",PL,מסטיק אורביט וויט מנטה בקבוקון,גרמים,64.00,100 גרם,false,1,9.90,15.4688,true,1,154794
4009900420129,false,מסטיק אורביט פרופשנל פפרמינט בקבוקון 64 גר',מרס נדרלנד,PL,אורביט פרופשיונל פפרמינט בקבוקון,לא מנהל יחידת מידה,0.00,לא מנהל יחידת מידה,false,1,9.90,0.0000,true,1,186241
4009900426039,false,מסטיק איירוויבז מנטה אקליפטוס בקבוקון 64,איירוויבס Airwaves,PL,מסטיק איירווייבס מנטה אקליפטוס בקבוקון,גרמים,64.00,100 גרם,false,1,9.90,15.4688,true,1,177199
4009900426121,false,מסטיק אורביט איירוויז בקבוקון אוכמניות 64ג',איירוויבס Airwaves,PL,מסטיק איירווייבס אוכמניות בקבוקון,גרמים,64.00,100 גרם,false,1,9.90,15.4688,true,1,177200
4009900479998,false,אורביט וויט אוכמניות בקבוקון 46 מלבניות,ריגלי פולין,PL,מסטיק אורביט אוכמניות בקבוקון,Unknown,0.00,Unknown,false,1,9.90,0.0000,true,1,167473
4009900482417,false,מסטיק אורביט פירות מנטה בקבוקון באבל מינט 45יח,ריגלי פולין,PL,מסטיק אורביט בבאבל מינט בקבוקון,Unknown,0.00,Unknown,false,1,9.90,0.0000,true,1,159577
4009900525138,false,"וויט גומי לעיסה בטעם תות ללא סוכר, 64 ג' אורפיט",ריגלי,PL,מסטיק אורביט וויט תות בקבוקון,יחידה,1.00,יחידה,false,1,9.90,9.9000,true,1,190670
4009900531122,false,"מסטיק בטעם מנטה ספירמינט, 64 ג' פרופשיונל אורפיט",מרס נדרלנד,PL,אורביט פרופשיונל ספירמינט בקבוקון,לא מנהל יחידת מידה,0.00,לא מנהל יחידת מידה,false,1,9.90,0.0000,true,1,186242
4009900536288,false,מסטיק אורביט רפרשרס פפרמינט בקבוקון ללא סוכר 67 גר',מרס ריגלי קונפקשונרי,PL,מסטיק אורביט רפרשרס פפרמ 67 ג,גרמים,67.00,100 גרם,false,1,10.90,16.2687,true,1,195558
4009900536486,false,מסטיק אורביט רפרשרס באבלמינט בקבוקון ללא סוכר 67 גר',מרס ריגלי קונפקשונרי,PL,מסטיק אורביט רפרשרס באבלמ 67 ג,גרמים,67.00,100 גרם,false,1,10.90,16.2687,true,1,195559
4009900539685,false,"מסטיק פייב באונס בטעם מנטה בקבוקון, 61.8 גרם",ריגלי בעמ רוסיה,PL,מסטיק פייב מנטה בקבוקון 61.8גרם,גרמים,62.00,100 גרם,false,1,11.90,19.1935,true,1,204472
4009900539746,false,"מסטיק פייב באונס בטעם אבטיח בקבוקון, 61.8 גרם",ריגלי בעמ רוסיה,PL,מסטיק פייב אבטיח בקבוקון 61.8גרם,גרמים,62.00,100 גרם,false,1,11.90,19.1935,true,1,204473
4009900540551,false,מסטיק אורביט רפרשרס טרופיקל בקבוקון ללא סוכר,מרס פולין,PL,אורביט ריפרשרס טרופיקל,גרמים,67.00,100 גרם,false,1,10.90,16.2687,true,1,204467
4014400900217,false,בונבונריית מרסי מבחר ממתקי שוקולד 400 גרם,קריניציה ויטמינה אס,DE,בונבוניירה מרסי 400 גרם,גרמים,400.00,100 גרם,false,1,49.90,12.4750,true,1,12270
4014400901191,false,בונבונריית מרסי מבחר ממתקי שוקולד 250 גרם,ליימן מותגים,DE,בונבוניירה מרסי 250 גרם,גרמים,250.00,100 גרם,false,1,29.90,11.9600,true,1,4131
4014400901405,false,בונבונריית מרסי מבחר ממתקי שוקולד חלב 250 גרם,קריניציה ויטמינה אס,DE,"בונבוניירה מרסי חלב 250 גר """,גרמים,250.00,100 גרם,false,1,29.90,11.9600,true,1,36173
4014400901412,false,בונבונריית מרסי מבחר ממתקי שוקולד מריר 250 גרם,תות ממתקי איכות,DE,בונבוניירה מרסי מריר 250 גרם,גרמים,250.00,100 גרם,false,1,29.90,11.9600,true,1,145416
4014400903409,false,בונבוניירה שוקולד אגוזים טופיפי 250 גרם,קריניציה ויטמינה אס,DE,בונבונירה טופפי 250 גר,גרמים,250.00,100 גרם,false,1,30.90,12.3600,true,1,15786
4014400904277,false,סוכריות בטעם מנטה אייס פרש סטורק 425 גרם,תות ממתקי איכות,DE,אייספרש 425 גרם (15 בקרטון),גרמים,425.00,100 גרם,false,1,19.90,4.6824,true,1,16838
4014400904376,false,סוכריות טופי בטעם שוקולד סטורק 325 גרם,קריניציה ויטמינה אס,DE,סוכ.שטורק שוקולדן 325 גר,גרמים,326.00,100 גרם,false,1,19.90,6.1043,true,1,4133
4014400904390,false,סוכריות טופי ממולא חלב סטורק 325 גרם,קריניציה ויטמינה אס,DE,וולמילש 325 גר',גרמים,325.00,100 גרם,false,1,19.90,6.1231,true,1,4134
4014400913910,false,וורטרס אורגינל סוכריות חמאה ממולאות קרם קרמל בשקית,תות ממתקי איכות,DE,וורטר במילוי קרם 125 גרם,גרמים,125.00,100 גרם,false,1,11.90,9.5200,true,1,166807
4014400914696,false,וורטרס אורגינל סוכריות ללא סוכר 80 גרם,ליימן מותגים,DE,סוכריות חמאה וורטר ללא סוכר 80 גרם,גרמים,80.00,100 גרם,false,1,10.90,13.6250,true,1,71358
4014400923711,false,בונבוניירה שוקולד אגוזים טופיפי 125 גרם,ליימן מותגים,DE,בונבוניירה טופיפי שוקולד 125 גרם,גרמים,125.00,100 גרם,false,1,13.90,11.1200,true,1,177506
4014400925319,false,וורטרס אורגינל פופקורן קרמל 140 גרם,וורטרס Werther's,DE,חטיף פופקורן בציפוי קרמל,גרמים,140.00,100 גרם,false,1,14.90,10.6429,true,1,194168
4015400564324,false,אולוויז מגן תחתון וליו פק לארג 52 יח,פרוקטר אנד גמבל,DE,אולדייז מגן תחתון לארג 60 יחידות,יחידה,1.00,יחידה,false,1,23.90,23.9000,true,1,172616
4015400681670,false,תחבושות אולוויז לילה בטוח וליו פק 18 יח,פרוקטר אנד גמבל,HU,תחבושות אולוויז לילה בטוח 18 יחידות,לא מנהל יחידת מידה,0.00,לא מנהל יחידת מידה,false,1,18.90,0.0000,true,1,174934
4015400755241,false,תחבושות היגייניות אולוויז אולטרה נורמל - 28 יח',פרוקטר אנד גמבל,DE,תחבושות אולוויז הגיינה נורמל 28 יחידות,לא מנהל יחידת מידה,0.00,לא מנהל יחידת מידה,false,1,18.90,0.0000,true,1,176666
4015400755487,false,תחבושות היגייניות אולוויז אולטרה לונג - 24 יח',פרוקטר אנד גמבל,DE,תחבושות אולווייז וליו פק לונג 24 יחידות,לא מנהל יחידת מידה,0.00,לא מנהל יחידת מידה,false,1,18.90,0.0000,true,1,176667
4015600762742,false,שמפו יומיומי למניעת קשקשים הנוסחה הקלאסית,פרוקטר אנד גמבל,RO,"הד אנד שולדרס שמפו קלאסי 500 מ""ל",מיליליטרים,500.00,"100 מ""ל",false,1,24.90,4.9800,true,1,178350
4015600762780,false,שמפו וקונדישינר יומיומי למניעת קשקשים הנוסחה הקלאסית 2in1,פרוקטר אנד גמבל,RO,"הד אנד שולדרס 2 ב 1 קלאסי 500 מ""ל",מיליליטרים,500.00,"100 מ""ל",false,1,24.90,4.9800,true,1,178354
4015600762902,false,"שמפו האד אנד שולדרס מנטול 500 מ""ל",פרוקטר אנד גמבל,RO,"הד אנד שולדרס שמפו מנטול 500 מ""ל",מיליליטרים,500.00,"100 מ""ל",false,1,24.90,4.9800,true,1,178355
4015600762940,false,שמפו יומיומי למניעת קשקשים בניחוח תפוח,פרוקטר אנד גמבל,RO,"הד אנד שולדרס שמפו תפוח 500 מ""ל",מיליליטרים,500.00,"100 מ""ל",false,1,24.90,4.9800,true,1,178366
4015600766900,false,"שמפו ומרכ ך נגד קשקשים 500 מ""ל הד אנד שולדרס",פרוקטר אנד גמבל,RO,"הד אנד שולדרס שמפו 2 ב1 מנטול 500 מ""ל",מיליליטרים,500.00,"100 מ""ל",false,1,24.90,4.9800,true,1,178353
4017100290008,false,בלזן בסקויט חמאה מצופה שוקולד חלב 125 גרם,הדקלאים אגודת שיתופי,DE,ביסקוויט בלזן מצופה שוקולד חלב 125 גרם,גרמים,125.00,100 גרם,false,1,13.90,11.1200,true,1,4166
4017100364112,false,בלזן היט בסקוויט סנדביץ עם מלית קרם בטעם שוקולד קקאו (41%) 220 גרם,הדקלאים אגודת שיתופי,PL,עוגיות היט קקאו 220 גרם,גרמים,220.00,100 גרם,false,1,8.90,4.0455,true,1,171880
4018722100133,false,אטריות כוסמין וביצים אורגניות 250 גרם,אלב גולד,DE,אטריות כוסמין וביצים אורגניות,גרמים,250.00,100 גרם,false,1,16.90,6.7600,true,1,182736
4018722102632,true,ספגטי כוסמין מלא אור,האחים פלם הגפן,DE,כוסמין פסטה אורגנית,גרמים,500.00,100 גרם,false,1,17.90,3.5800,true,1,182738
4022025001790,false,בלו נאן מבעבע גולד 2,היי סישל סוהן טראבן,DE,"יין בלו נאן 24K גולד מבעבע כשר 750 מ""ל",מיליליטרים,750.00,"100 מ""ל",false,1,54.90,7.3200,true,1,188428
4022025002254,false,24K יין בלו נאן רוזה,בלו נאן,DE,"24K יין בלו נאן רוזה כשר 200 מ""ל",מיליליטרים,200.00,"100 מ""ל",false,1,25.90,12.9500,true,1,204091
4022025262009,false,בלו נאן כשר גוורץ ריזלינג,לנגוט טראבן,,"יין בלו נאן גוורצטרמינר כשר 750 מ""ל",מיליליטרים,750.00,"100 מ""ל",false,1,49.90,6.6533,true,1,181845
4022025262436,false,יין בלו נאן גוורצטרמ,בלו נאן,DE,"יין בלו נאן גוורצטרמינר כשר 250מ""ל",מיליליטרים,250.00,"100 מ""ל",false,1,25.90,10.3600,true,1,204092
4025700001962,false,מילקה טבלה 100 גר' לבן 1/22 (4248023),פי אר ג'יי אס סי מונ,UA,שוקולד מילקה לבן 100 גרם,גרמים,100.00,100 גרם,false,1,6.90,6.9000,true,1,62238
4032900111292,false,ווינסטון קומפלקט כחול חפיסה,Unknown,UA,סיגריות ווינסטון קומפקט כחול בודד,לא מנהל יחידת מידה,0.00,לא מנהל יחידת מידה,false,1,29.80,0.0000,false,1,187771
4032900111308,false,ווינסטון קומפלקט סילבר חפיסה,Unknown,UA,סיגריות ווינסטון קומפקט סילבר בודד,לא מנהל יחידת מידה,0.00,לא מנהל יחידת מידה,false,1,29.80,0.0000,false,1,187773
4032900124254,false,ווינסטון קומפלקט ברי PP חפיסה,Unknown,,וינסטון קומפקט ברי PP בודד,יחידה,1.00,יחידה,false,1,29.80,29.8000,false,1,192569
4033100013348,false,סיגריות אל די כחול א,Unknown,,סיגריות אל די כחול ארוך חפיסה בודד,לא מנהל יחידת מידה,0.00,לא מנהל יחידת מידה,false,1,30.20,0.0000,false,1,66289
4033100014468,false,סיגריות אל די אדום ח,Unknown,,סיגריות אל די אדום חפיסה בודד,לא מנהל יחידת מידה,0.00,לא מנהל יחידת מידה,false,1,30.20,0.0000,false,1,66288
4033100014499,false,סיגריות אל די כחול ח,Unknown,,סיגריות אל די כחול חפיסה בודד,Unknown,0.00,Unknown,false,1,30.20,0.0000,false,1,66287
4033100014529,false,סיגריות אל די סלים ח,Unknown,,סיגריות אל די סלים חפיסה בודד,יחידה,1.00,יחידה,false,1,29.00,29.0000,false,1,66290
4033100024146,false,סיגריות וינסטון קוד,Unknown,,סיגריות וינסטון קוד חפיסה בודד,לא מנהל יחידת מידה,0.00,לא מנהל יחידת מידה,false,1,32.00,0.0000,false,1,153835
4033100024252,false,וינסטון אקווה לייט קופסה,Unknown,,סיגריות וינסטון אקווה חפיסה בודד,יחידה,0.00,יחידה,false,1,32.00,0.0000,false,1,153837
4033100047350,false,טבק לגלגול קאמל כחול,Unknown,,טבק לגלגול קאמל כחול חפיסה30 גרם,גרמים,30.00,100 גרם,false,1,81.20,270.6667,false,1,162183
4033100064036,false,וינסטון כחול טבק לגלגול חפיסה,Unknown,,טבק לגלגול וינסטון כחול חפיסה30 גרם,גרמים,30.00,100 גרם,false,1,81.20,270.6667,false,1,173460
4043058008778,false,טבק אמריקן ספיריט כחול פאוצ,Unknown,,טבק לגלגול אמריקן ספיריט כחול חבילה30גר,גרמים,30.00,100 גרם,false,1,88.20,294.0000,false,1,171382
4066600612049,false,"בירה פאולנר אורטובר פאסט 500 מ""ל בקובק",מבשלת פאולנר,DE,"בירה פאולנר אוקטוברפסט, בקבוק 500 מ""ל",מיליליטרים,500.00,"100 מ""ל",false,1,12.90,2.5800,true,1,200650
4066600999614,false,"בירה פאולנר, בירת חיטה מעוננת, בקבוק 500 מ""ל",מבשלת פאולנר,DE,"בירה פאולנר, בירת חיטה מעוננת, בקבוק 500 מ""ל",מיליליטרים,500.00,"100 מ""ל",false,1,12.90,2.5800,true,1,178184
4084500853836,false,"פיירי נוזל כלים ורדים ומשי 515 מ""ל",פרוקטר אנד גמבל,GB,"פיירי ורדים ומשי נוזל כלים 515 מ""ל",מיליליטרים,515.00,"100 מ""ל",false,1,9.90,1.9223,true,1,174933
4084500854048,true,נוזל לכלים פיירי לימ,פרוקטר אנד גמבל,,פיירי נוזל לניקוי כלים לימון 1.24 ליטר,ליטרים,1.24,ליטר,false,1,17.90,14.4355,true,1,185497
4084500875982,false,נוזל כלים פיירי ירוק,פרוקטר אנד גמבל,GB,נוזל כלים פיירי ירוק 500 מל,מיליליטרים,500.00,"100 מ""ל",false,1,8.90,1.7800,true,1,205375
4100470106700,true,חומץ תפוחים טבעי ואו,ברוקהרט,DE,נטורפוד חומץ תפוחים טבעי ואורגני,מיליליטרים,750.00,"100 מ""ל",false,1,25.90,3.4533,true,1,182678
4210201262183,false,מברשת שיניים חשמלית ויטליטי Vitality נטענת,פרוקטר אנד גמבל,DE,אורל בי מברשת חשמלית נטענת D100,לא מנהל יחידת מידה,0.00,לא מנהל יחידת מידה,false,1,99.90,0.0000,true,1,204644
4210201360742,false,אורל בי ראש חשמלי פלקסי סופט 4 יחידות,פרוקטר אנד גמבל,DE,אורל בי ראש חשמלי לניקוי יסודי 4 יח',לא מנהל יחידת מידה,0.00,לא מנהל יחידת מידה,false,1,99.90,0.0000,true,1,204645
4603400000043,false,"וודקה רוסקיי סטנדרט 700 מ""ל",רוסקי סטנדרט וודקה,RU,רוסקי סטנדרט וודקה 700 מל,מיליליטרים,700.00,"100 מ""ל",false,1,69.90,9.9857,true,1,178683
4603928000976,false,"וודקה בלוגה נובל 700 מ""ל+כוס",מרינסקי ליקרו ונבאנצ,RU,"וודקה בלוגה נובל, 700 מ''ל",מיליליטרים,700.00,"100 מ""ל",false,1,139.90,19.9857,true,1,159242
4710068001692,false,"מאסטר קפה לאטה פחית 240מ""ל",תאיט מרקטינג אנד דיס,TW,מאסטר קפה לאטה פחית,מיליליטרים,240.00,"100 מ""ל",false,1,7.50,3.1250,true,1,165385
4710068001739,false,"מאסטר קפה קולומביאני 240 מ""ל",יוני פרזינדנט אנטרפר,TW,מאסטר קפה משקה קפה קר קלאסיקו 240 מל,מיליליטרים,240.00,"100 מ""ל",false,1,7.50,3.1250,true,1,165386
4796019790020,false,"שמן קוקוס אורגני 500 מ""ל גרין קוקו",גרין קוקו,LK,"שמן קוקוס אורגני 500 מ""ל",מיליליטרים,500.00,"100 מ""ל",false,1,33.90,6.7800,true,1,182735
4891228430092,false,שיק אקסטרים 3 קומפורט +לנשים 4 יחידות,אנרג'יזר Energizer,CN,שיק אקסטרים 3 סכיני גילוח לאישה לעור רגיש,לא מנהל יחידת מידה,0.00,לא מנהל יחידת מידה,false,1,19.90,0.0000,true,1,41815
4895149077565,false,נורת לד 10.5W 60W הב,J&P,,נורת לד 10.5W 60W הברגה E27 אור צהוב,יחידה,1.00,יחידה,false,1,14.90,14.9000,true,1,179936
4903001904192,false,"רוטב סויה יאמסה פרימיום 500 מ""ל",הדקלאים אגודת שיתופי,JP,סויה פרימיום 500 מ'ל ב 12,מיליליטרים,500.00,"100 מ""ל",false,1,18.90,3.7800,true,1,158512
4903001925784,false,"רוטב סויה יאמאסה פרמיום דל מלח 500 מ""ל",הדקלאים אגודת שיתופי,JP,סויה דל מלח 500 מ'ל ב 12,גרמים,500.00,100 גרם,false,1,21.90,4.3800,true,1,166747
4903001930993,true,רוטב טריאקי ימאסה,הדקלאים אגודת שיתופי,JP,טריאקי יאמסה 500 מ'ל,Unknown,0.00,Unknown,false,1,21.90,0.0000,true,1,185566
5000157143365,true,מתבל בטעם מיונז וקטש,תאי פרזידנט פוד פאבל,PL,מתבל בטעם מיונז וקטשופ היינץ 425 מל,מיליליטרים,425.00,"100 מ""ל",false,1,15.90,3.7412,true,1,191554
5000159376655,false,סוכריות SKITTLES פירות קטן 38 גרם אדום,ריגלי ממתקים,NL,סוכריות סקיטלס פירות 38 גרם,גרמים,38.00,100 גרם,false,1,4.50,11.8421,true,1,156127
5000159376792,false,סוכריות סקיטלס Skittles פירות חמוצים,ריגלי ממתקים,NL,סוכריות סקיטלס חמוץ 38 גרם,גרמים,38.00,100 גרם,false,1,4.50,11.8421,true,1,156128
5000159407236,false,חטיף מרס שוקולד עם ק,מרס הולנד בי.וי.,NL,חטיף מרס 51 גרם,גרמים,51.00,100 גרם,false,1,4.90,9.6078,true,1,49581
5000159459228,false,חטיף שוקולד טוויקס 50 ג',"נארז ע""י : א.ג. גילר",NL,חטיף טויקס 50 גרם,גרמים,50.00,100 גרם,false,1,4.90,9.8000,true,1,157824
5000159460866,false,גלידה חטיף מרס אקסטר,פלדמן,FR,חטיף מארס 51 גרם,גרמים,51.00,100 גרם,false,1,9.90,19.4118,true,1,207383
5000159460880,false,חטיף סניקרס 53 גרם,פלדמן,FR,חטיף סניקרס 53 גרם,גרמים,53.00,100 גרם,false,1,9.90,18.6792,true,1,207384
5000159461122,false,חטיף שוקולד סניקרס מקס קרמל 50 ג',"נארז ע""י : א.ג. גילר",NL,חטיף סניקרס שוקולד 50 גרם,גרמים,50.00,100 גרם,false,1,4.90,9.8000,true,1,157825
5000159484640,false,גלידה חטיף טוויקס אק,פלדמן,FR,חטיף טוויקס 43.1 גרם,גרמים,43.00,100 גרם,false,1,9.90,23.0233,true,1,207386
5000159500845,true,סלבריישן מארז מתנה 1,מארס,NL,סלבריישן מארז מתנה 196 גרם,גרמים,196.00,100 גרם,false,1,22.90,11.6837,true,1,206896
5000159509671,false,סניקרס לבן חטיף קפוא,פלדמן,FR,חטיף סניקרס לבן 53 גרם,גרמים,53.00,100 גרם,false,1,9.90,18.6792,true,1,207387
5000186735012,false,סיף קרם רב תכליתי בנ,יוניליוור,GB,סיף קרם רב תכליתי בניחוח לימון 500 מל,ליטרים,500.00,ליטר,false,1,11.90,0.0238,true,1,205377
5000207004172,false,גונסון בייבי פדים לה,CILAG GMBH INTERNATI,IT,גונסון בייבי פדים להנקה 30 יח,Unknown,0.00,Unknown,false,1,23.90,0.0000,true,1,5259
5010182997253,false,רייד תרסיס קוטל ג'וקים/תיקנים 300 מל,אס.סי.ג'ונסון מידרכט,NL,"תרסיס רייד מקס קוטל חרקים 300 מ""ל",מיליליטרים,300.00,"100 מ""ל",false,1,19.90,6.6333,true,1,5306
5010182997680,false,"רייד ארוסול קוטל נמלים - 300 מ""ל",אס.סי.ג'ונסון מידרכט,NL,"תרסיס רייד קוטל נמלים אדום 300 מ""ל",מיליליטרים,300.00,"100 מ""ל",false,1,19.90,6.6333,true,1,5310
5010232964211,false,דורקס EXTRA SAFE - קונדומים שקופים עבים,דורקס Durex,TH,קונדומים דורקס אקסטרא סייף 12 יחידות,לא מנהל יחידת מידה,0.00,לא מנהל יחידת מידה,false,1,39.90,0.0000,true,1,19194
5010265002836,true,רויטה פת פריכה שיפון,דה ג'ורנדסאנד ריוויט,AO,פת פריכה קמח שיפון מלא 250 גרם,גרמים,250.00,100 גרם,false,1,12.90,5.1600,true,1,182680
5010677552387,false,"בקרדי בריזר אננס 275 מ""ל בקבוק",בקרדי בריזר Bacardi Breezer,BE,"בריזר - משקה כוהלי מוגז בטעם אננס 275 מ""ל",מיליליטרים,275.00,"100 מ""ל",false,1,14.90,5.4182,true,1,5323
5010677554398,false,"בקרדי בריזר אבטיח 275 מ""ל בקבוק",בקרדי בריזר Bacardi Breezer,BE,"בריזר - משקה כוהלי מוגז בטעם אבטיח 275 מ""ל",מיליליטרים,275.00,"100 מ""ל",false,1,14.90,5.4182,true,1,5325
5010677850100,false,וודקה גריי גוס בקבוק,בקרדי מרטיני,FR,"וודקה גריי גוס 750 מ""ל",מיליליטרים,700.00,"100 מ""ל",false,1,139.90,19.9857,true,1,187405
5011417576922,false,דורקס גל סיכוך מתחמם,מיוצר עבור רקיט בנקי,TH,"דורקס ג'ל סיכוך מחמם 100 מ""ל",מיליליטרים,100.00,"100 מ""ל",false,1,59.90,59.9000,true,1,201678
5029053032658,false,קלינקס ממחטות טישו שמינייה,חוגלה,IT,ממחטות קלינקס א.ס 10 יחידות,לא מנהל יחידת מידה,0.00,לא מנהל יחידת מידה,false,1,9.90,0.0000,true,1,180586
5029053510811,false,תחבושות נורמל פלוס עם כנפיים קוטקס 28 יחידות,קימברלי קלארק,CZ,קוטקס תחבושות עם כנפיים נורמל פלוס 30 יחידות,Unknown,0.00,Unknown,false,1,19.90,0.0000,true,1,5370
5029053523446,false,קוטקס - תחבושות אולטרה נייט + כנפיים 20 יח',קימברלי קלארק,CZ,קוטקס תחבושות עם כנפיים נייט 20 יחידות,לא מנהל יחידת מידה,0.00,לא מנהל יחידת מידה,false,1,19.90,0.0000,true,1,5381
5035766044673,false,"סטרונגבואו גולד, סיידר תפוחים אלכוהולי, בקבוק 330 מ''ל",האי נאם סי או אל.טי.,BE,סיידר תפוחים 5% אלכוהול סטרונגבאו 330 מל,מיליליטרים,330.00,"100 מ""ל",false,1,9.00,2.7273,true,1,169741
5038483574386,false,שלשיית קונדומים durex אדום,רקיט בנקיזר הלת'קר,TH,קונדומים דורקס פדרלייט 3 * 12 יח,לא מנהל יחידת מידה,0.00,לא מנהל יחידת מידה,false,1,14.90,0.0000,true,1,56883
5038483574416,false,שלישיית קונדומים durex כחול,רקיט בנקיזר הלת'קר,,קונדומים דורקס אקסטרא 3 יחידות,לא מנהל יחידת מידה,0.00,לא מנהל יחידת מידה,false,1,14.90,0.0000,true,1,128571
5056357900925,false,סניקרס חטיף חלבון חמאת בוטנים 57 גרם,מרס נדרלנד,US,סניקרס חמאת בוטנים 57 גרם,גרמים,59.00,100 גרם,false,1,16.90,28.6441,true,1,194554
5056357901427,false,אם אנד אם חטיף חלבון שוקולד 51 גרם,מארס,GB,חטיף חלבון m&m בטעם שוקולד,גרמים,51.00,100 גרם,false,1,16.90,33.1373,true,1,203287
5056357901441,false,אם אנד אם חטיף חלבון בוטנים 51 גרם,מארס,GB,חטיף חלבון בוטנים 15 חלבון 51 גרם m&m,גרמים,51.00,100 גרם,false,1,16.90,33.1373,true,1,203288
5060402908248,false,סניקרס חטיף חלבון 55 גרם,מרס נדרלנד,US,סניקרס פרוטאין 55 גרם,גרמים,59.00,100 גרם,false,1,16.90,28.6441,true,1,194555
5060402908286,false,מארס חטיף חלבון 59 גרם,מרס נדרלנד,US,מארס פרוטאין 59 גרם,גרמים,59.00,100 גרם,false,1,16.90,28.6441,true,1,194552
5060402909542,false,מארס חטיף חלבון קרמל מלוח 59 גרם,מרס נדרלנד,US,מארס קרמל מלוח 59 גרם,גרמים,59.00,100 גרם,false,1,16.90,28.6441,true,1,194553
5200133120476,false,גלילות וופלים ממולאים קרם אגוזים וקקאו 400 ג',יוניליוור גרמניה Gm,GR,גליליות וופלים 400 גרם אגוזים וקקאו,גרמים,400.00,100 גרם,false,1,18.90,4.7250,true,1,192599
5200133120483,false,גליליות וופלים ממולא קרם וניל 400 גר,יוניליוור גרמניה Gm,GR,"גליליות וופלים ממולאות קרם בטעם וניל, 400 גרם",גרמים,400.00,100 גרם,false,1,18.90,4.7250,true,1,190000
5201184066508,false,נר מספר ממותג,פאלאס,,נר מספר 8,Unknown,0.00,Unknown,false,1,2.90,0.0000,true,1,5515
5201940010110,false,זיתים שחורים קלמטה וילי פוד 250 גרם,סיוארס אס.איי,GR,זיתים שחורים טבעיים קלמטה 454 גרם,גרמים,454.00,100 גרם,false,1,14.90,3.2819,true,1,37694
5208049001452,false,גולדן וירגיניה ירוק 30 גר+נייר PP,Unknown,,גולדן ירוק 30 ג+ נייר PP פקט חפיסה,יחידה,1.00,יחידה,false,1,70.00,70.0000,false,1,190388
5208049001841,false,סיגריות פאל מאל דמי קפסולה,גלוברנס,,פאל מאל דמי קפסולה בודד,יחידה,1.00,יחידה,false,1,27.30,27.3000,false,1,190054
5410076933129,false,אריאל שושן צחור שקית 3קג,פרוקטר אנד גמבל,TR,"אבקת כביסה אריאל שושן צחור 3 ק""ג",קילוגרמים,3.00,"ק""ג",false,1,37.90,12.6333,true,1,153912
5410126006087,false,עוגיות לוטוס ארוזות בתפזורת 700 גרם,לוטוס ביקרי נ.וי.,BE,ביסקוויט לוטוס בטעם קרמל700 גר,גרמים,700.00,100 גרם,false,1,29.90,4.2714,true,1,163922
5410126116953,false,ממרח לוטוס ביסקויט קרמל 400 גרם,לוטוס בייקרי בלגיה נ,BE,לוטוס ממרח עוגיות קרמל 400 גרם,גרמים,400.00,100 גרם,false,1,22.90,5.7250,true,1,155439
5410126716016,false,"עוגיות לוטוס ביסקויט קרמל בד""צ 250 גרם",לוטוס ביקרי בלגיה,BE,"ביסקויט בטעם קרמל לוטוס 250 גרם בד""צ",גרמים,250.00,100 גרם,false,1,12.90,5.1600,true,1,5851
5410228142089,false,בירה לף לונד בלונד 3,קרלסברג יבוא יצוא,BE,"בירה לף בלונד בקבוק 330 מ""ל",מיליליטרים,330.00,"100 מ""ל",false,1,9.90,3.0000,true,1,205523
5411081003654,false,"קסטיל בירה רוז 330 מ""ל",מבשלת קסטל ואן הונסב,BE,בירה קסטל רוזי 330,מיליליטרים,330.00,"100 מ""ל",false,1,12.90,3.9091,true,1,186512
5411188081852,false,אלפרו משקה סויה בטעם וניל 1 ל',הנסיך- מפעל לייצור ט,BE,משקה סויה אלפרו וניל 1 ליטר,ליטרים,1.00,ליטר,false,1,14.90,14.9000,true,1,165342
5411188106159,false,אלפרו סויה לייט מופחת שומן 1.2% 1 ליטר,הנסיך- מפעל לייצור ט,BE,אלפרו משקה סויה מופחת שומן 1ל,ליטרים,1.00,ליטר,false,1,14.90,14.9000,true,1,165343
5411188110835,false,אלפרו חלב סויה שקדים וניל 1ל',הנסיך- מפעל לייצור ט,BE,אלפרו משקה שקדים 1ל,ליטרים,1.00,ליטר,false,1,14.90,14.9000,true,1,157799
5411188115366,false,משקה קוקוס אלפרו 1 ליטר משקה שיבולת שועל 1 ליטר,הנסיך- מפעל לייצור ט,BE,אלפרו משקה שיבולת שועל 1 ליטר,ליטרים,1.00,ליטר,false,1,14.90,14.9000,true,1,164499
5411188115472,false,אלפרו משקה סויה 1 ליטר,הנסיך- מפעל לייצור ט,BE,אלפרו משקה סויה 1ל,ליטרים,1.00,ליטר,false,1,14.90,14.9000,true,1,192872
5411188116905,false,אלפרו משקה סויה בטעם בננה 1 ליטר,אלפרו C.V.A,BE,אלפרו משקה סויה בטעם בננה 1ליטר,ליטרים,1.00,ליטר,false,1,14.90,14.9000,true,1,204814
5411188127697,false,אלפרו משקה בריסטה שיבולת שועל 1 ליטר,הנסיך- מפעל לייצור ט,BE,אלפרו בריסטה שיבולת שועל 1ל,ליטרים,1.00,ליטר,false,1,14.90,14.9000,true,1,192874
5411188129899,false,משקה אלפרו בריסטה שקדים 1 ליטר,הנסיך- מפעל לייצור ט,BE,אלפרו בריסטה שקדים 1ל,ליטרים,1.00,ליטר,false,1,14.90,14.9000,true,1,192875
5411188134985,false,אלפרו 3.5% NOT M*LK שיבולת שועל 1 ליטר בית יוסף,הנסיך- מפעל לייצור ט,BE,3.5%שומן NOT MILK אלפרו שבולת שועל 1 לי,ליטרים,1.00,ליטר,false,1,13.90,13.9000,true,1,196472
5411188135005,false,אלפרו 1.8% NOT M*LK שיבולת שועל 1 ליטר בית יוסף,הנסיך- מפעל לייצור ט,BE,1.8%שומן NOT MILK אלפרו שבולת שועל 1 לי,ליטרים,1.00,ליטר,false,1,13.90,13.9000,true,1,196471
5411188300328,false,אלפרו סויה שוקו 1 ליטר * 8 יחי,הנסיך- מפעל לייצור ט,BE,אלפרו משקה סויה שוקו 1ל,ליטרים,1.00,ליטר,false,1,14.90,14.9000,true,1,165345
5411188511137,false,משקה סויה אלפרו אורג,תות תעשיות מזון (201,BE,אלפרו משקה סויה אורגני ללא סוכר 1ל כשלפ,ליטרים,1.00,ליטר,false,1,14.90,14.9000,true,1,181526
5411188543398,false,אלפרו משקה סויה ללא סוכר 1 ליטר,הנסיך- מפעל לייצור ט,BE,אלפרו משקה סויה ללא סוכר 1 ליטר,ליטרים,1.00,ליטר,false,1,14.90,14.9000,true,1,192876
5413548280189,false,קינדר שוקובון 16 יחידות,קינדר,BE,חטיף קינדר שוקו בון 125 גרם,גרמים,125.00,100 גרם,false,1,14.90,11.9200,true,1,5876
5601010211070,false,סרדין במים רמירז 125 גרם,רמירז אנד קה פילהאוס,PT,שימורי סרדינים במי מלח 100 גרם,גרמים,125.00,100 גרם,false,1,11.20,8.9600,true,1,70502
5601045300022,false,משקה גוארנה אנטרטיקה פחית 355 מל,סומול וקומפל אס.איי,PT,"גוארנה אנטרטיקה פחית צרה 330 מ""ל",מיליליטרים,330.00,"100 מ""ל",false,1,7.00,2.1212,true,1,48255
5604912415041,false,סרדינים בשמן חמניה פורטוס 125 גרם,קונסרבס פורטוגל נורט,PT,סרדינים בשמן חמניה 125 גרם,גרמים,125.00,100 גרם,false,1,6.90,5.5200,true,1,199071
5604912415058,false,סרדינים פורטוס בשמן חמניות חריף 125 גרם,פורטוס Porthos,PT,סרדינים בשמן חמניה חריף פורטוס 125 גרם,גרמים,125.00,100 גרם,false,1,6.90,5.5200,true,1,199072
5604912425057,false,מקרלים בשמן חמניה חריף פורטוס 125 גרם,קונסרבס פורטוגל נורט,PT,מקרלים קטנים בשמן חמניות חריף 125 גרם,גרמים,125.00,100 גרם,false,1,6.90,5.5200,true,1,199074
5701932026964,false,"הוטפופ גרעיני תירס להכנת פופקורן במיקרוגל בטעם טבעי, בתוספת מלח, 600 גרם",ליימן מותגים,US,פופקורן עם מלח הוטפופ 600 גרם,גרמים,600.00,100 גרם,false,1,15.90,2.6500,true,1,6232
5701932026971,false,הוטפופ גרעיני תירס להכנת פופקורן במיקרוגל בטעם חמאה 600 גרם,ליימן מותגים,US,הוט חמאה 600 ג') ב(12,גרמים,600.00,100 גרם,false,1,15.90,2.6500,true,1,6233
5701932026995,false,"הוטפופ גרעיני תירס להכנת פופקורן במיקרוגל בטעם טבעי מופחת שומן, 510 גרם",קריניציה ויטמינה אס,US,פופקורן לייט טבעי הוטפופ 510 גרם,גרמים,510.00,100 גרם,false,1,15.90,3.1176,true,1,6234
5710840209437,false,טבק באלי נטוראל 40 גרם,Unknown,,באלי נטוראל 40 גר,גרמים,40.00,100 גרם,false,1,100.00,250.0000,true,1,190595
5710840210013,false,טבק באלי לבן 40 גרם,Unknown,,באלי לבן 40 גר,גרמים,40.00,100 גרם,false,1,100.00,250.0000,true,1,190594
5710840210075,false,טבק באלי תכלת 40 גרם,S.T.G,,באלי תכלת 40 גר,גרמים,40.00,100 גרם,false,1,97.90,244.7500,true,1,190860
5710840210136,false,טבק באלי ראונדד 40 ג,Unknown,,באלי אדום 40 גר,גרמים,40.00,100 גרם,false,1,100.00,250.0000,false,1,190858
5710840210167,false,באלישג וירג'יניה 40 גרם,Unknown,,באלי צהוב 40 גר,גרמים,40.00,100 גרם,false,1,100.00,250.0000,true,1,190859
5711953106583,false,גבינת שמנת בטעם טבעי 200 גרם ארלה,ארלה פודס אמבה,DK,ארלה גבינת שמנת טבעי,גרמים,200.00,100 גרם,false,1,16.90,8.4500,true,1,190113
5740900403215,true,ממרח לורפק עם מלח 25,ארלה פודס אמבה,DK,ממרח לורפק עם מלח 250,גרמים,250.00,100 גרם,false,1,18.90,7.5600,true,1,185255
5740900403239,true,ממרח לורפק ללא מלח 2,ארלה פודס אמבה,DK,ממרח לורפק בלי מלח 250,גרמים,250.00,100 גרם,false,1,19.90,7.9600,true,1,185257
5740900403284,false,חמאה ללא מלח 200 גרם לורפק כשרות או קיי,לורפאק Lurpak,DK,ממרח לורפק 200 גר ללא מלח,גרמים,200.00,100 גרם,false,1,11.90,5.9500,true,1,192709
5900020018908,false,פיטנס חטיפי אנרגיה דגנים בטעם קרם עוגיות נסטלה 6*23.5 גרם,מיוצר עי קונדיטוריית,PL,מאגדת חטיף דגנים פיטנס עוגיות 141 גרם,גרמים,141.00,100 גרם,false,1,16.90,11.9858,true,1,153618
5900020026552,false,דגני בוקר האני נאט צ'יריוס בטעם דבש ושקדים,נסטלה צרפת איטנקורט,FR,דגני האני נאט ציריוס 625 גרם,גרמים,625.00,100 גרם,false,1,26.90,4.3040,true,1,176351
5901414200411,false,בלזן היט מיני ביסקוויט סנדוויץ' עם מילוי קרם בטעם שוקולד 130 גרם,ליימן שליסל,PL,עוגיות היט מיני קקאו 130 גרם,גרמים,130.00,100 גרם,false,1,6.90,5.3077,true,1,23822
5902198160403,false,XL משקה אנרגיה מוגז ללא סוכר עד 10 קלוריות לפחית 250 מל,"טמפו משקאות בע""מ",IL,"משקה אנרגיה XL TEN פחית 250 מ""ל",מיליליטרים,250.00,"100 מ""ל",false,1,4.50,1.8000,true,1,178887
5904941750312,false,"משקה אנרגיה BLU מוחיטו בודד 250 מ""ל",אקו - ביט,PL,בלו משקה אנרגיה מוגז 250 מל,מיליליטרים,250.00,"100 מ""ל",false,1,5.00,2.0000,true,1,157377
5904941751302,false,"משקה אנרגיה בלו 250 מ""ל- בודד",אקו - ביט,PL,בלו משקה אנרגיה מוגז 250 מל,מיליליטרים,250.00,"100 מ""ל",false,1,5.00,2.0000,true,1,49876
5904941751524,false,"משקה אנרגיה BLU DAY אבטיח בודד 250 מ""ל",אקו - ביט,PL,בלו משקה אנרגיה מוגז 250 מל,מיליליטרים,250.00,"100 מ""ל",false,1,5.00,2.0000,true,1,157378
5904941751920,false,בלו משקה אנרגיה דיי חצי מכמות הקלו250 מל,אקו - ביט,PL,בלו משקה אנרגיה מוגז 250 מל,מיליליטרים,250.00,"100 מ""ל",false,1,5.00,2.0000,true,1,151577
5906485301012,false,"משקה אנרגיה XL פחית 250 מ""ל","טמפו משקאות בע""מ",IL,אקס אל אנרג'י דרינק משקה אנרגיה מוגז,מיליליטרים,250.00,"100 מ""ל",false,1,4.50,1.8000,true,1,25560
5908310148014,false,"וודקה סובסקי 700 מ""ל",סובייסקי,,"וודקה סובסקי 700 מ""ל",מיליליטרים,700.00,"100 מ""ל",false,1,79.90,11.4143,true,1,66364
5998623526739,false,"יין הונגרי גוורצטרמינר 750 מ""ל כשר",דנוביאנה,HU,"יין גוורצטרמינר סי גראס 750 מ""ל",מיליליטרים,750.00,"100 מ""ל",false,1,44.90,5.9867,true,1,191331
5998749106877,false,פדיגרי דנטאסטיקס כלב קטן 45 גרם (3 יח') VF376,מארס,HU,1 18 45 פדיגרי דנטה סמ,גרמים,45.00,100 גרם,false,1,5.90,13.1111,true,1,206595
5998749108550,true,ויסקס טמפציקן,מארס,HU,ויסקס טמפציקן,גרמים,60.00,100 גרם,false,1,13.90,23.1667,true,1,206611
6001067001485,false,קולגייט מברשת שינים דאבל אקשן זוג,קולגייט פלמוליב,CN,מברשת שיניים קולגייט 360,יחידה,1.00,יחידה,false,1,9.90,9.9000,true,1,205385
6001067017530,false,קולגייט מברשת שיניים לילדים ספיידרמן,יבואן ומשווק: ש. שסט,CN,מברשת שיניים קולגייט גוניור,יחידה,1.00,יחידה,false,1,13.90,13.9000,true,1,157495
6008165003984,false,סיגריות פאל מאל כחול סטרים פילט בודד,אמריקן גרדן,,סיגריות פאל מל כחול סטרים חפיסה בודד,לא מנהל יחידת מידה,0.00,לא מנהל יחידת מידה,false,1,31.40,0.0000,false,1,160667
6008165271192,false,פאל מאל אדום ארוך האוס חפיסה,אמריקן גרדן,,סיגריות פאל מל ארוך אדום חפיסה בודד,לא מנהל יחידת מידה,0.00,לא מנהל יחידת מידה,false,1,31.40,0.0000,false,1,159077
6008165274629,false,פאל מאל כחול ארוך סטרים פילטר חפיסה,יושלם,,סיגריות פאל מאל כחול ארוך סטרים חפיסה בו,לא מנהל יחידת מידה,0.00,לא מנהל יחידת מידה,false,1,31.40,0.0000,false,1,174327
6253341100029,false,טחינה עאייש 100% שומ,עומר עאייש שכם,PS,טחינה עאייש 100% שומשום 450 גרם,גרמים,450.00,100 גרם,false,1,15.90,3.5333,true,1,189818
6928542902795,false,פרש דפי ריענון כחול,שאטו בלוו,CN,פרש דפי ריענון כחול,לא מנהל יחידת מידה,0.00,לא מנהל יחידת מידה,false,1,6.90,0.0000,true,1,32238
6928542902801,false,פרש דפי ריענון מנטה,שאטו בלוו,CN,פרש דפי ריענון מנטה ירוק,לא מנהל יחידת מידה,0.00,לא מנהל יחידת מידה,false,1,6.90,0.0000,true,1,32239
6937266703366,false,שיק היידרו מכשיר פאו,אנרג'יזר Energizer,CN,שיק היידרו5 מכשיר פאואר,לא מנהל יחידת מידה,0.00,לא מנהל יחידת מידה,false,1,49.40,0.0000,true,1,161467
7290000003074,false,מאפה עלים וניל כשלפ,איתנס ייצור עוגות,IL,"מאפה עלים וניל כשלפ לק""ג",קילוגרמים,1.00,"ק""ג",true,,69.90,69.9000,true,1,191188
7290000023007,false,"ברנדי שטוק 84 37 % 750 מ""ל","יקבי ברקן בע""ם",IL,ברנדי שטוק 84 37% 750 מל,מיליליטרים,750.00,"100 מ""ל",false,1,79.90,10.6533,true,1,1759
7290000023083,false,ערק אשקלון בקבוק 700,"יקבי ברקן בע""מ",IL,"ערק אשקלון 40% בקבוק 700 מ""ל",מיליליטרים,700.00,"100 מ""ל",false,1,69.90,9.9857,true,1,167550
7290000023809,false,"יין קלאסיק קברנה סובניון 750 מ""ל ברקן",יקבי ברקן שיווק והפצ,IL,ברקן קלאסיק קברנה סוביניון יין אדום יבש 2015,מיליליטרים,750.00,"100 מ""ל",false,1,32.90,4.3867,true,1,1942
7290000023816,false,"יין ברקן קלאסיק אמרלד ריזלינג 750מ""ל",יקבי ברקן שיווק והפצ,IL,ברקן קלאסיק אמרלד ריזלינג יין לבן חצי יבש 2016,מיליליטרים,750.00,"100 מ""ל",false,1,32.90,4.3867,true,1,1943
7290000023977,false,"יין ברקן קלאסיק מרלו 750 מ""ל",יקבי ברקן שיווק והפצ,IL,ברקן קלאסיק מרלו יין אדום יבש 2015 750 מל,מיליליטרים,750.00,"100 מ""ל",false,1,32.90,4.3867,true,1,1953
7290000024202,false,"יין ברקן רזרב קברנה סובניון 750 מ""ל",ברקן שיווק והפצה בעמ,IL,"יין ברקן רזרב קברנה סובניון 750 מ""ל",מיליליטרים,750.00,"100 מ""ל",false,1,49.90,6.6533,true,1,1985
7290000024219,false,ברקן רזרב אמרלד ריזלינג 750 מל,יקבי ברקן,IL,ברקן רזרב יין לבן חצי יבש אמרלד ריזלינג 750 מל,מיליליטרים,750.00,"100 מ""ל",false,1,49.90,6.6533,true,1,1986
7290000024264,false,"יין ברקן רזרב מרלו 750 מ""ל",כרמי צבי - אחים סגל,IL,"יין ברקן רזרב מרלו 750 מ""ל",מיליליטרים,750.00,"100 מ""ל",false,1,49.90,6.6533,true,1,1990
7290000024523,false,"תירוש של סגל ,מיץ ענבים , 1 ליטר",כרמי צבי - האחים סגל,IL,מיץ ענבים תירוש סגל 1 ליטר,ליטרים,1.00,ליטר,false,1,14.90,14.9000,true,1,169101
7290000024530,false,יין אדום מתוק לקידוש של סגל ^^^,כרמי צבי - אחים סגל,IL,"יין אדום מתוק 750 מ""ל",מיליליטרים,750.00,"100 מ""ל",false,1,16.30,2.1733,true,1,66971
7290000040042,false,יופלה יוגורט תות %3 גביע 150 גרם,תנובה חלב,IL,יופלה יוגורט תות %3 גביע 150 גרם,גרמים,150.00,100 גרם,false,1,5.20,3.4667,true,1,3997
7290000040066,false,יופלה יוגורט דובדבן %3 גביע 150 גרם,תנובה מרכז שיתופי לש,IL,יופלה יוגורט דובדבן %3 גביע 150 גרם,גרמים,150.00,100 גרם,false,1,5.20,3.4667,true,1,4047
7290000040080,false,יופלה יוגורט אפרסק %3 גביע 150 גרם,תנובה חלב,IL,יופלה יוגורט אפרסק %3 גביע 150 גרם,גרמים,150.00,100 גרם,false,1,5.20,3.4667,true,1,4052
7290000040301,false,תנובה עין גדי קממבר מחלב בקר 24% שומן,תנובה מרכז שיתופי לש,IL,קממבר 24%,גרמים,125.00,100 גרם,false,1,21.90,17.5200,true,1,4179
7290000040318,false,גבינת ברי 24% קולאז עדי תנובה 125 ג',תנובה מרכז שיתופי לש,IL,גבינת ברי קולאז 125 גרם קולקשיין,גרמים,125.00,100 גרם,false,1,21.90,17.5200,true,1,4181
7290000040974,false,חלב תנובה דל לקטוז 2% שומן 1 ליטר,תנובה מרכז שיתופי לש,IL,חלב תנובה דל לקטוז 2% שומן 1 ליטר,ליטרים,1.00,ליטר,false,1,7.20,7.2000,true,1,73497
7290000041858,false,"שמנת חמוצה 15% יטבתה 200 מ""ל מהדרין",שטראוס גרופ,IL,שמנת חמוצה 15% מועשרת מהדרין,מיליליטרים,200.00,"100 מ""ל",false,1,2.40,1.2000,true,1,4390
7290000042435,false,תנובה חלב טרי 1% שומן - מוצר בפיקוח,תנובה מרכז שיתופי לש,IL,תנובה חלב טרי 1% שומן,ליטרים,1.00,ליטר,false,1,5.86,5.8600,true,1,4451
7290000042503,false,חלב עמיד קרטון 3% 1 ל' תנובה,תנובה מרכז שיתופי לש,IL,תנובה חלב עמיד 3% שומן 1 ליטר,ליטרים,1.00,ליטר,false,1,7.70,7.7000,true,1,4454
7290000042640,false,"חלב תנובה עמיד 3% קרטון 250 מ""ל",תנובה מרכז שיתופי לש,IL,תנובה חלב עמיד 3% שומן 250 מל,מיליליטרים,250.00,"100 מ""ל",false,1,3.20,1.2800,true,1,12185
7290000042855,false,"שוקו בשקית 250 מ""ל ""יטבתה""",שטראוס גרופ,IL,"שוקו יטבתה בשקית 225 מ""ל",מיליליטרים,225.00,"100 מ""ל",false,1,2.60,1.1556,true,1,4478
7290000043111,false,תנובה חמאה 200 גרם - מוצר בפיקוח,"תנובה, מחלבת תל יוסף",IL,חמאה תנובה 200 גרם,גרמים,200.00,100 גרם,false,1,8.50,4.2500,true,1,4487
7290000043814,false,השף הלבן שמנת להקצפה 38% שומן 250 מל - מוצר בפיקוח,תנובה מרכז שיתופי לש,IL,השף הלבן שמנת להקצפה 38% שומן 250 מל,מיליליטרים,250.00,"100 מ""ל",false,1,6.47,2.5880,true,1,4635
7290000043890,false,תנובה רויון לבן מחלב מפסוטר 1.5%,תנובה מרכז שיתופי לש,IL,תנובה רויון לבן מחלב מפסוטר 1.5% 1 ליטר,ליטרים,1.00,ליטר,false,1,11.90,11.9000,true,1,4657
7290000043944,false,כד יוגורט תנובה 4% שומן 1.5 ליטר,מיוצר עי קונדיטוריית,IL,יוגורט 4.5% בכד תנובה 1.5 ליטר,ליטרים,1.50,ליטר,false,1,17.90,11.9333,true,1,4670
7290000044712,false,יוגורט עם תות 1.5% שומן 500 ג' פרילי,מיוצר עי קונדיטוריית,IL,"פרילי תות 500 מ""ל",מיליליטרים,500.00,"100 מ""ל",false,1,11.90,2.3800,true,1,4694
7290000045917,false,תנובה פרומעז גבינה מותכת מחלב עיזים 23% שומן,תנובה חלב,IL,תנובה פרומעז גבינה מותכת מחלב עיזים 23% שומן,גרמים,200.00,100 גרם,false,1,27.90,13.9500,true,1,4770
7290000046327,false,גלבוע גבינה צהובה פרוסה 22% תנובה 200 גרם,תנובה מרכז שיתופי לש,IL,גלבוע גבינה צהובה חצי קשה פרוס 22% שומן,גרמים,200.00,100 גרם,false,1,13.90,6.9500,true,1,4804
7290000048185,false,גבינה לבנה 5% 250 גרם - מוצר בפיקוח,מיוצר עי קונדיטוריית,IL,גבינה למריחה 5% תנובה פיקוח 250 גרם,גרמים,250.00,100 גרם,false,1,4.98,1.9920,true,1,4964
7290000048192,false,גבינה לבנה 9% שומן 250 ג' תנובה,מחלבת אלון תבור,IL,גבינה למריחה 9% תנובה 250 גרם,גרמים,250.00,100 גרם,false,1,4.90,1.9600,true,1,4965
7290000048307,false,גבינת קוטג' עם זיתים 5% תנובה 250 גרם,מיוצר עי קונדיטוריית,IL,קוטג 5% זיתים 250 גרם,גרמים,250.00,100 גרם,false,1,6.10,2.4400,true,1,4977
7290000048413,false,פיראוס חמד גבינה מלוחה 16% שומן,תנובה מרכז שיתופי לש,IL,פיראוס חמד גבינה כפרית מלוחה 16% שומן,גרמים,250.00,100 גרם,false,1,19.90,7.9600,true,1,4986
7290000048437,false,גבינה צפתית 5% 200 ג' פיראוס,פארייפאבה אגרואינדוס,IL,גבינה צפתית 5% שומן,גרמים,200.00,100 גרם,false,1,16.50,8.2500,true,1,4995
7290000049458,false,גבינת פטה עיזים 16% גביע פיראוס 250 ג',תנובה מרכז שיתופי לש,IL,פיראוס פטה עיזים 16% שומן,גרמים,250.00,100 גרם,false,1,30.90,12.3600,true,1,5125
7290000051710,false,פיראוס גבינת לאבנה אסלית על בסיס יוגורט תנובה 263 גרם,"תנובה, מחלבת אלון תב",IL,פיראוס לאבנה אסלית עם שמן זית וזעתר על בסיס יוגורט,גרמים,263.00,100 גרם,false,1,14.50,5.5133,true,1,60123
7290000052311,false,עמק פרוס בקופסא 200 גר 15% שומן,תנובה מרכז שיתופי לש,IL,עמק פרוסות גבינה צהובה חצי קשה 15% מופחתת שומן,גרמים,200.00,100 גרם,false,1,16.90,8.4500,true,1,67335
7290000055015,false,פיראוס גבינת פטה כבשים 5% תנובה 250 גרם,תנובה מרכז שיתופי לש,IL,פיראוס פטה כבשים גבינה מלוחה 5% שומן,גרמים,250.00,100 גרם,false,1,28.90,11.5600,true,1,142164
7290000055329,false,"משקה בוקר יוגורט 1.5% בטעם תות מלון יופלה 250 מ""ל",תנובה מרכז שיתופי לש,IL,"משקה יוגורט יופלה תות מלון 250 מ""ל",מיליליטרים,250.00,"100 מ""ל",false,1,6.20,2.4800,true,1,144410
7290000055893,false,חמאה משמנת מפוסטרת 200גרם 82% כ.מהדרין - מוצר בפיקוח,תנובה מרכז שיתופי לש,IL,חמאה תנובה 200 גרם,גרמים,200.00,100 גרם,false,1,8.50,4.2500,true,1,159138
7290000056845,false,תנובה חלב טרי 3% שומן 1.5 ליטר - מוצר בפיקוח,פארייפאבה אגרואינדוס,IL,תנובה חלב טרי 3% שומן אריזת נוחות,ליטרים,1.50,ליטר,false,1,9.34,6.2267,true,1,149117
7290000057088,false,עמק גבינה צהובה פרוסה דק דק 28% תנובה 200 גרם,תנובה מרכז שיתופי לש,IL,גבינה עמק 28% דק 200 גרם,גרמים,200.00,100 גרם,false,1,16.90,8.4500,true,1,148859
7290000057118,false,עמק סמי מעדנייה כשרות מהדרין,תנובה מרכז שיתופי לש,IL,גבינת עמק קלאסית חצי קשה פרוסות 28% שומן,גרמים,400.00,100 גרם,false,1,23.90,5.9750,true,1,148964
7290000057132,false,יוגורט תנובה טבעי 1.5% גביע 200 גרם,מחלבת אלון תבור,IL,יוגורט ביו 1.5% תנובה 200 גרם,גרמים,200.00,100 גרם,false,1,3.20,1.6000,true,1,148860
7290000057149,false,יוגורט תנובה טבעי 3% גביע 200 גרם,מיוצר עי קונדיטוריית,IL,יוגורט ביו 3% תנובה 200 גרם,גרמים,200.00,100 גרם,false,1,3.20,1.6000,true,1,148861
7290000058047,false,**שף לבן שמנת מתוקה מהדרין 38% פקק 500מ,תנובה מרכז שיתופי לש,IL,שמנת מתוקה להקצפה 500 38% גרם,מיליליטרים,500.00,"100 מ""ל",false,1,12.94,2.5880,true,1,152713
7290000058580,false,קוקילידה וניל ועוגיות שוקולד נסטלה 83ג',נגה גלידות (גלידות נ,IL,נסטלה קוקילידה 28*80גרם,גרמים,80.00,100 גרם,false,1,10.50,13.1250,true,1,13203
7290000060071,false,אוסם - חטיפי פריכונים מאורז מלא קלוי 80גר,"מיוצר ע""י PT, משווק",IL,אסם חטיפי פריכונים טבעי 12*80גרם,גרמים,80.00,100 גרם,false,1,7.90,9.8750,true,1,6651
7290000060163,false,פסטה אסם אטריות דקות 400גר,"אסם תעשיות בע""מ",IL,אסם אטריות דקות 12*400גרם,גרמים,400.00,100 גרם,false,1,7.90,1.9750,true,1,6672
7290000060200,false,פסטה אסם פתיתים אפויים קוסקוס 500גר,"אסם תעשיות בע""מ",IL,פתיתים אפויים קוסקוס 500 גרם,גרמים,500.00,100 גרם,false,1,6.90,1.3800,true,1,6675
7290000060415,false,"פסטה פרפקטו לאזניה 500 ג' ""אסם""",אסם פרפקטו,IT,פרפקטו לזניה 12*500גרם 2016,גרמים,500.00,100 גרם,false,1,14.90,2.9800,true,1,6690
7290000060576,false,פתיתים אפויים כוכבים אסם 500 גרם,"אסם תעשיות בע""מ",IL,אסם פתיתים אפויים כוכבים 12*500גרם,גרמים,500.00,100 גרם,false,1,6.90,1.3800,true,1,6699
7290000060781,false,פסטה אסם פתיתים מסולסלים 500גר,קריות זול,IT,אסם פסטה מסולסלים לאחר הפסח 12*500גרם,גרמים,500.00,100 גרם,false,1,6.90,1.3800,true,1,6709
7290000060811,false,טילון אקסטרים ענק מטבע שוקולד 120 ג',תות תעשיות מזון (201,IL,אקסטרים ענק מטבע שוקולד 18*120גרם,גרמים,141.00,100 גרם,false,1,10.50,7.4468,true,1,77241
7290000060828,false,פסטה קרניים בינוניות אסם 500 גרם,קריות זול,IT,אסם פסטה קרניים בינוניות 12*500גרם,גרמים,500.00,100 גרם,false,1,6.90,1.3800,true,1,6711
7290000060842,false,פסטה אסם פתיתים צדפים גדולים 500גר,קריות זול,IT,אסם פסטה צדפים גדולים 12*500גרם,גרמים,500.00,100 גרם,false,1,6.90,1.3800,true,1,6714
7290000060859,false,פסטה אסם פתיתים צדפים קטנים 500גר,קריות זול,IT,אסם פסטה צדפים קטנים 24 20*500גרם,גרמים,500.00,100 גרם,false,1,6.90,1.3800,true,1,6715
7290000060880,false,פסטה מס' 8 ספגטי אסם 500ג',קריות זול,IT,ספגטי אסם 500 גרם,גרמים,500.00,100 גרם,false,1,6.90,1.3800,true,1,6717
7290000060903,false,פסטה אסם פתיתים אפויים אורז 500גר,"אסם תעשיות בע""מ",IL,אסם פתיתים אפויים אורז 12*500גרם,גרמים,500.00,100 גרם,false,1,6.90,1.3800,true,1,6718
7290000060958,false,פסטה אסם אטריות בינוניות 400 גרם,"אסם תעשיות בע""מ",IL,אסם אטריות בינוניות 12*400גרם,גרמים,400.00,100 גרם,false,1,7.90,1.9750,true,1,6722
7290000060965,false,פסטה אסם אטריות רחבות 400גר,"אסם תעשיות בע""מ",IL,אסם אטריות רחבות 12*400גרם,גרמים,400.00,100 גרם,false,1,7.90,1.9750,true,1,6723
7290000061764,false,קפה נמס מגורען רד מאג 200 גרם,נסטלה ספרד קפה,ES,נסקפה רד מאג טעם חדש 6*200גרם2017,גרמים,200.00,100 גרם,false,1,24.90,12.4500,true,1,6813
7290000062952,false,אוסם - מיני קרוטונים למרק ולסלט 250 גרם,עינת תעשיות מזון אגו,IL,אסם מיני קרוטונים למרק וסלט 12*250גרם,גרמים,250.00,100 גרם,false,1,16.90,6.7600,true,1,49534
7290000063102,false,אסם קמח עוגה תופח מאליו 350 גרם,"אסם תעשיות בע""מ",IL,קמח תופח אסם 350 גרם,גרמים,350.00,100 גרם,false,1,5.50,1.5714,true,1,7000
7290000063157,false,אסם קמח עוגה תופח מאליו 1 קג,"אסם תעשיות בע""מ",IL,"קמח תופח מאליו 1 ק""ג אסם",קילוגרמים,1.00,"ק""ג",false,1,10.50,10.5000,true,1,7010
7290000065335,false,אוסם - מנה חמה פירה עם ירקות 55 גרם,"אסם תעשיות בע""מ",IL,מנה חמה פירה וירקות 12*55גרם,גרמים,55.00,100 גרם,false,1,6.90,12.5455,true,1,7176
7290000065540,false,אוסם - מנה חמה פסטה מוקרמת בטעם עוף 55 גרם,"אסם תעשיות בע""מ",IL,מנה חמה פסטה מוקרמת בדץ 12*55גרם,גרמים,55.00,100 גרם,false,1,6.90,12.5455,true,1,7181
7290000065557,false,אוסם - מנה חמה קוסקוס עם ירקות 84 גרם,"אסם תעשיות מזון בע""מ",IL,מנה חמה קוסקוס וירקות בדצ 12*84גרם,גרמים,84.00,100 גרם,false,1,6.90,8.2143,true,1,7182
7290000066189,false,ביסלי חטיף בטעם פלאפל אסם 200 גרם,"אסם תעשיות בע""מ",IL,ביסלי פלאפל 25*200גרם,גרמים,200.00,100 גרם,false,1,7.90,3.9500,true,1,7284
7290000066196,false,ביסלי חטיף בטעם גריל אסם 200 גרם,מיוצר עי קונדיטוריית,IL,ביסלי גריל 25*200גרם,גרמים,200.00,100 גרם,false,1,7.90,3.9500,true,1,7285
7290000066226,false,ביסלי חטיף בטעם פיצה אסם 200 גרם,מיוצר עי קונדיטוריית,IL,ביסלי פיצה 25*200גרם,גרמים,200.00,100 גרם,false,1,7.90,3.9500,true,1,7288
7290000066295,false,במבה מתוקה מחומרים טבעיים 30 גרם,מיוצר עי קונדיטוריית,IL,במבה מתוקה מחומרים טבעיים 40*30גרם,גרמים,30.00,100 גרם,false,1,3.00,10.0000,true,1,7333
7290000067544,false,פירורית זהב פירורי לחם אסם 200 גרם,עינת תעשיות מזון אגו,IL,אסם פירורית פירורי לחם זהב 12*200גרם,גרמים,200.00,100 גרם,false,1,6.90,3.4500,true,1,7464
7290000067599,false,מנה חמה ספגטי ברוטב בולונז אסם 65 גרם,"אסם תעשיות בע""מ",IL,מנה חמה ספגטי בולונז 12*65גרם,גרמים,65.00,100 גרם,false,1,6.90,10.6154,true,1,7470
7290000068138,false,אינסטנט פודינג בטעם וניל אסם 80 גרם,מיוצר עי קונדיטוריית,IL,אסם פודינג אינסטנט וניל 12*80גרם,גרמים,80.00,100 גרם,false,1,5.90,7.3750,true,1,7556
7290000068190,false,אסם ג'לי תות שדה צבעים טבעיים 90 גרם,מיוצר עי קונדיטוריית,IL,אסם ג'לי תות שדה צבעים טבעיים 12*90גרם,גרמים,90.00,100 גרם,false,1,6.90,7.6667,true,1,7568
7290000068251,false,אבקה להכנת ג'לי בטעם אננס אסם 85 גרם,מיוצר עי קונדיטוריית,IL,אסם גלי אננס צבעים טבעיים 12*85גרם,גרמים,85.00,100 גרם,false,1,6.90,8.1176,true,1,7581
7290000068282,false,"מנה חמה תפו""א עם ירקות בגביע כלפ","אסם תעשיות בע""מ",IL,מנה חמה פירה.וירקות כלפ.12*47גרם,גרמים,76.00,100 גרם,false,1,6.90,9.0789,true,1,53848
7290000068299,false,"מנה חמה תפו""א עם פטריות בגביע כלפ","אסם תעשיות בע""מ",IL,מנה חמה פירה תפוא.ופטריות כלפ.12*47גרם,גרמים,76.00,100 גרם,false,1,6.90,9.0789,true,1,53849
7290000068701,false,אסם שקדי מרק רכיבים טבע.מיכל 400 גרם,"אסם תעשיות בע""מ",IL,אסם שקדי מרק רכיבים טבע.מיכל 10*400גרם,גרמים,400.00,100 גרם,false,1,18.30,4.5750,true,1,7606
7290000069364,false,פריכונים מאורז מלא ללא תוספת סוכר אסם 140 גרם,"מיוצר ע""י PT, משווק",IL,אסם פריכונים עגול אורז דל נת.12*140ג,גרמים,140.00,100 גרם,false,1,8.90,6.3571,true,1,16202
7290000070308,false,אבקת מרק עוף אמיתי בשרי אסם 400 גרם,"אסם תעשיות בע""מ",IL,אסם מרק עוף אמיתי חתם סופר כלפ.6*400גרם,גרמים,400.00,100 גרם,false,1,21.90,5.4750,true,1,7801
7290000072241,false,"רוטב פיצה 290 מ""ל-בקבוק","אסם תעשיות בע""מ",IL,אסם רוטב פיצה 9*290מל,מיליליטרים,290.00,"100 מ""ל",false,1,12.90,4.4483,true,1,7847
7290000072623,false,קטשופ אסם בקבוק לחיץ 750 גרם,"אסם תעשיות בע""מ",IL,אסם קטשופ בקבוק לחיץ 9*750גרם-חדש,גרמים,750.00,100 גרם,false,1,11.90,1.5867,true,1,7858
7290000072630,false,קטשופ אסם חריף 750 גרם-בקבוק,"אסם תעשיות בע""מ",IL,אסם קטשופ חריף כלפ.9*750גרם 2015,גרמים,750.00,100 גרם,false,1,15.80,2.1067,true,1,7859
7290000072753,false,קפה נמס מגורען טסטרס צ'ויס 200 גרם-,נסטלה קוריאה - קפה,IL,טייסטרס צ'וייס 12*200גרם,גרמים,200.00,100 גרם,false,1,31.90,15.9500,true,1,7862
7290000072777,false,קפה נמס מגורען נטול קפאין טסטרס צ'ויס 200 גרם,נסטלה קוריאה - קפה,IL,טייסטרס צוייס נטול קופאין 12*200גרם,גרמים,200.00,100 גרם,false,1,39.90,19.9500,true,1,7864
7290000072968,false,דגנים סיני מיניס מלחמת הכוכבים 500 גרם,נסטלה פולין דגני בוק,PL,דגני סיני מיניס קינמון 500 גרם,גרמים,500.00,100 גרם,false,1,26.90,5.3800,true,1,8376
7290000073125,false,מנה חמה פסטה ברוטב עגבניות אסם 62 גרם,"אסם תעשיות בע""מ",IL,מנה חמה פסטה עם עגבניות ר.טבע. בדץ12*62ג,גרמים,62.00,100 גרם,false,1,6.90,11.1290,true,1,9200
7290000074153,false,ביסקוויט פתי בר שוקולד אסם 500 גרם,מיוצר עי קונדיטוריית,IL,אסם פתי בר שוקו 12*500גרם,גרמים,500.00,100 גרם,false,1,14.10,2.8200,true,1,9271
7290000074184,false,ביסקוויט פתי בר אסם 500 גרם,"אסם תעשיות בע""מ",IL,ביסקוויט פתיבר 500 גרם,גרמים,500.00,100 גרם,false,1,9.90,1.9800,true,1,9275
7290000074245,false,אוסם - קרם קרקר אסם 250 גרם,"אסם תעשיות בע""מ",IL,אסם קרם קרקר 12*250גרם,גרמים,250.00,100 גרם,false,1,10.90,4.3600,true,1,9277
7290000074252,false,קרקר שומשום אסם 250 גרם,"אסם תעשיות בע""מ",IL,אסם קרקר שומשום 12*250גרם,גרמים,250.00,100 גרם,false,1,10.90,4.3600,true,1,9278
7290000074276,false,קרקר פיקנטי טבעון 250 ג' אסם,"אסם תעשיות בע""מ",IL,אסם קרקר פיקנטי 12*250גרם,גרמים,250.00,100 גרם,false,1,10.90,4.3600,true,1,9279
7290000074375,false,אוסם - קרקר זהב 150 גרם,"אסם תעשיות בע""מ",IL,אסם קרקר זהב 12*150גרם,גרמים,150.00,100 גרם,false,1,6.90,4.6000,true,1,9283
7290000075204,false,אוסם - לחמית חיטה מלאה 250 גרם,"אסם תעשיות בע""מ",IL,לחמית חיטה מלאה 10*250גרם חדש,גרמים,250.00,100 גרם,false,1,10.90,4.3600,true,1,9305
7290000075693,false,עוגת הבית שמרים בריוש שוקולד אסם 360 גרם,מיוצר עי קונדיטוריית,IL,הבית עוגת שמרים בריוש שוקולד 8*360גרם,גרמים,360.00,100 גרם,false,1,19.90,5.5278,true,1,60459
7290000076133,false,בייגלה שמיניות עם מלח אסם 400 גרם,"אסם תעשיות בע""מ",IL,אסם בייגלה שמיניות קטנות 12*400גרם,גרמים,400.00,100 גרם,false,1,11.90,2.9750,true,1,9331
7290000077017,false,עוגיות קרמוגית במילוי קרם שוקולד אסם 200 גרם,מיוצר עי קונדיטוריית,IL,אסם קרמוגית במילוי שוקולד 12*200גרם,גרמים,200.00,100 גרם,false,1,11.90,5.9500,true,1,9358
7290000077253,false,אוסם - לחמית כפרית עם דגנים מלאים 190 גרם,"אסם תעשיות בע""מ",IL,לחמית כפרית 12*190גרם,גרמים,190.00,100 גרם,false,1,10.90,5.7368,true,1,65990
7290000078762,false,אוסם - חטיפי פריכונים מאורז מלא בטעם דבש 80גר,סנורייס בלגיום אן. ו,BE,אסם חטיפי פריכונים אורז ודבש 14*80גרם,גרמים,80.00,100 גרם,false,1,7.90,9.8750,true,1,9477
7290000081663,false,בייגלה טבעות שומשום אסם 300 גרם,מיוצר עי קונדיטוריית,IL,אסם בייגלה טבעות שומשום 12*300גרם,גרמים,300.00,100 גרם,false,1,11.90,3.9667,true,1,9942
7290000085180,false,גטניו פתי בר וניל 470 גרם,"אחים גטניו בע""מ",IL,ביסקוויט פתיבר וניל גטניו 470 גרם,גרמים,470.00,100 גרם,false,1,9.90,2.1064,true,1,34771
7290000100128,false,פירות קפואים תות סנפרוסט 300 ג',"סנפרוסט בע""מ",IL,פירות קפואים תות,גרמים,300.00,100 גרם,false,1,19.90,6.6333,true,1,184097
7290000101934,false,מיקס פירות יער מוקפאות 300 ג' סנפרוסט,"איי, בי, אינבוו",IL,תערובת פירות יער 300 גרם,גרמים,300.00,100 גרם,false,1,19.90,6.6333,true,1,178956
7290000101941,false,אננס חתוך מוקפא סנפרוסט 300ג',"איי, בי, אינבוו",IL,אננס מוקפא 300 גרם,גרמים,300.00,100 גרם,false,1,19.90,6.6333,true,1,179048
7290000101958,false,מנגו חתוך מוקפא סנפרוסט 300ג',"איי, בי, אינבוו",IL,מנגו מוקפא 300 גרם,גרמים,300.00,100 גרם,false,1,19.90,6.6333,true,1,179041
7290000103365,false,מרק ירקות עשיר סנפרוסט 550 גרם,"איי, בי, אינבוו",IL,מרק ירקות סנפרוסט 550 גרם,גרמים,550.00,100 גרם,false,1,19.90,3.6182,true,1,153204
7290000103846,false,מרק אפונה עשיר בירקות סנפרוסט 570 גרם,"סנפרוסט בע""מ",IL,מרק אפונה קפוא סנפרוסט 572 גרם,גרמים,572.00,100 גרם,false,1,19.90,3.4790,true,1,147033
7290000104218,false,סנפרוסט במיה 600 גרם,"איי, בי, אינבוו",IL,במיה 600 גרם,גרמים,600.00,100 גרם,false,1,19.90,3.3167,true,1,18
7290000104690,false,תירס גרעינים 800 גרם סנפרוסט,"איי, בי, אינבוו",IL,תירס גרעינים סנפרוסט 800גרם,גרמים,800.00,100 גרם,false,1,19.90,2.4875,true,1,38
7290000104706,false,גזר גמדי סנפרוסט 800 גרם,"סנפרוסט בע""מ",IL,גזר גמדי 800 גרם,גרמים,800.00,100 גרם,false,1,19.90,2.4875,true,1,39
7290000104744,false,כרובית סנפרוסט 800 גרם,"סנפרוסט בע""מ",IL,כרובית 800 גרם סנפרוסט,גרמים,800.00,100 גרם,false,1,26.90,3.3625,true,1,43
7290000104768,false,תרד עלים סנפרוסט 800 ג ',"איי, בי, אינבוו",IL,תרד עלים 800-גר .,גרמים,800.00,100 גרם,false,1,27.90,3.4875,true,1,45
7290000104799,false,שעועית לבנה מבושלת סנפרוסט 800 גרם,"איי, בי, אינבוו",IL,שעועית לבנה מבושלת קפואה 800 גרם,גרמים,800.00,100 גרם,false,1,21.90,2.7375,true,1,47
7290000104805,false,גרגירי חומוס מבושלים סנפרוסט 800 גרם,"איי, בי, אינבוו",IL,גרגרי חומוס מבושלים קפואים 800 גרם,גרמים,800.00,100 גרם,false,1,21.90,2.7375,true,1,48
7290000104829,false,"קלחוני תירס סנפרוסט 1 ק""ג","איי, בי, אינבוו",IL,"קלחוני תירס 1 ק""ג",קילוגרמים,1.00,"ק""ג",false,1,23.90,23.9000,true,1,50
7290000104874,false,ירקות לקוסקוס של אמא סנפרוסט 800ג',"סנפרוסט בע""מ",IL,ירקות לקוסקוס של אמא 800 גרם סנפרוסט,גרמים,800.00,100 גרם,false,1,24.90,3.1125,true,1,51
7290000104911,false,לקט נורמנדי סנפרוסט 800 גרם,"איי, בי, אינבוו",IL,לקט נורמנדי 800 גרם סנפרוסט,גרמים,800.00,100 גרם,false,1,24.90,3.1125,true,1,55
7290000107165,false,חטיף פולי סויה סנפרוסט 400 גרם,"איי, בי, אינבוו",IL,חטיף פולי סויה אדממה 400 גרם סנפרוסט,גרמים,400.00,100 גרם,false,1,13.90,3.4750,true,1,33322
7290000107295,false,תפרחות ברוקולי סנפרוסט 800 גרם,"איי, בי, אינבוו",IL,ברוקולי מוקפא 800 גרם סנפרוסט,גרמים,800.00,100 גרם,false,1,27.90,3.4875,true,1,63
7290000110844,false,"כיפלי בטעם גריל 70 גרם-בד""ץ",יוניליור ישראל מזון,IL,כיפלי חטיף בטעם גריל,גרמים,70.00,100 גרם,false,1,6.50,9.2857,true,1,16216
7290000111063,false,מיונז אמיתי תלמה 250 ג',יוניליוור ישראל מזון,IL,תלמה מיונז אמיתי 250 גרם,גרמים,250.00,100 גרם,false,1,7.80,3.1200,true,1,79
7290000111117,false,בדין מרכך כביסה לבן 4 ליטר,יוניליור ישראל טיפוח,IL,מרכך כביסה בדין לבן,ליטרים,4.00,ליטר,false,1,24.90,6.2250,true,1,80
7290000111186,false,מיונז תלמה 500 גרם-צנצנת,יוניליוור ישראל מזון,IL,תלמה מיונז אמיתי 500 גרם,גרמים,500.00,100 גרם,false,1,10.90,2.1800,true,1,82
7290000112619,false,מרק עוף לתיבול והעשרה קנור 400 ג',יוניליוור ישראל מזון,IL,קנור מרק עוף אמיתי 400 גרם,גרמים,400.00,100 גרם,false,1,22.90,5.7250,true,1,160
7290000116884,false,רוטב ברביקיו 340 גרם קנור,יוניליוור ישראל מזון,IL,רוטב ברביקיו קנור,מיליליטרים,300.00,"100 מ""ל",false,1,12.90,4.3000,true,1,13949
7290000116921,false,רוטב צ'ילי מתוק 340 גרם קנור,יוניליוור ישראל מזון,IL,רוטב צ'ילי מתוק קנור,מיליליטרים,300.00,"100 מ""ל",false,1,12.90,4.3000,true,1,13950
7290000118352,false,לטקס תפוחי אדמה קנור 2*85 גרם,יוניליוור ישראל מזון,IL,KNORR 170 GR,גרמים,170.00,100 גרם,false,1,14.90,8.7647,true,1,286
7290000120836,false,"מיונז אמיתי 394 גרם ""הלמנס""",קונפקו אינק' די.בי.א,CA,hellmanns real מיונז אמיתי הלמנס,גרמים,394.00,100 גרם,false,1,12.90,3.2741,true,1,309
7290000120874,false,מיונז הלמנס לייט מופחת קלוריות 424ג,"יונילוור ארה""ב - HPC",US,hellmanns light ממרח מופחת קלוריות,גרמים,424.00,100 גרם,false,1,12.90,3.0425,true,1,310
7290000134109,false,תבלין כמון מזרחי 40 גר',תות ממתקי איכות,IL,תבליני טעם וריח מיכל קטן כמון מזרחי 40 גרם,גרמים,40.00,100 גרם,false,1,6.90,17.2500,true,1,16116
7290000134116,false,תבלין פפריקה מתוקה 40 גר',תות ממתקי איכות,IL,תבליני טעם וריח פפריקה מתוקה 40 גרם,גרמים,40.00,100 גרם,false,1,6.90,17.2500,true,1,16280
7290000134123,false,"פלפל שחור טחון 40 גרם ""טעם וריח""",תות ממתקי איכות,IL,תבלין טעם וריח מיכל פלפל שחור טחון 40 גרם,גרמים,40.00,100 גרם,false,1,9.90,24.7500,true,1,20570
7290000134147,false,טעם וריח מוסקט טחון מיכל 40גר,"תבליני טעם וריח בע""מ",IL,"תבליני טעם וריח, מוסקט טחון 100%, 40 גרם",גרמים,40.00,100 גרם,false,1,14.90,37.2500,true,1,16909
7290000134307,false,קינמון טחון 50 גרם טעם וריח,"תבליני טעם וריח בע""מ",IL,"תבליני טעם וריח, 100% קינמון טחון, 50 גרם",גרמים,50.00,100 גרם,false,1,5.90,11.8000,true,1,21541
7290000134314,false,פיצה תערובת תיבול 120 גרם מיכל גדול,"תבליני טעם וריח בע""מ",IL,תבליני טעם וריח תערובת תיבול לפיצה 120 גרם,גרמים,120.00,100 גרם,false,1,9.90,8.2500,true,1,21589
7290000134352,false,קינמון טחון 90 גרם מיכל גדול,"תבליני טעם וריח בע""מ",IL,"תבליני טעם וריח, 100% קינמון טחון, 90 גרם",גרמים,80.00,100 גרם,false,1,9.90,12.3750,true,1,16023
7290000134376,false,פפריקה בשמן 90 גרם טעם וריח,"תבליני טעם וריח בע""מ",IL,תבלין פפריקה מתוקה בשמן 90 מיכ,גרמים,90.00,100 גרם,false,1,9.90,11.0000,true,1,17908
7290000134550,false,טעם וריח עלי דפנה שק,"תבליני טעם וריח בע""מ",IL,"תבליני טעם וריח, 100% עלי דפנה, 20 גרם",גרמים,20.00,100 גרם,false,1,5.90,29.5000,true,1,16024
7290000134666,false,רוזמרין 15 גר מיכל ק,תות ממתקי איכות,IL,"תבליני טעם וריח, 100% רוזמרין, 15 גרם",גרמים,15.00,100 גרם,false,1,6.90,46.0000,true,1,42101
7290000134673,false,תבלין זנגביל טעם ורי,"תבליני טעם וריח בע""מ",IL,"תבליני טעם וריח, 100% זנגביל טחון, 30 גרם",גרמים,30.00,100 גרם,false,1,6.90,23.0000,true,1,42102
7290000134826,false,תבלין זעתר מעורב 100 גר',"תבליני טעם וריח בע""מ",IL,"תבליני טעם וריח, תערובת תיבול זעתר , 100 גרם",גרמים,100.00,100 גרם,false,1,9.90,9.9000,true,1,16170
7290000134833,false,תבלין כמון טחון 100 גר',"תבליני טעם וריח בע""מ",IL,"תבליני טעם וריח, 100% כמון מזרחי",גרמים,100.00,100 גרם,false,1,9.90,9.9000,true,1,16171
7290000134840,false,תבלין כורכום טחון 100 גר',"תבליני טעם וריח בע""מ",IL,"תבליני טעם וריח, 100% כורכום, 100 גרם",גרמים,100.00,100 גרם,false,1,9.90,9.9000,true,1,16312
7290000134857,false,פפריקה מתוקה 100 גרם טעם וריח,"תבליני טעם וריח בע""מ",IL,"תבליני טעם וריח, פפריקה מתוקה 100%, 100 גרם",גרמים,100.00,100 גרם,false,1,9.90,9.9000,true,1,16313
7290000134864,false,פפריקה חרעפה 100 גרם מיכל גדול,"תבליני טעם וריח בע""מ",IL,תבליני טעם וריח פפריקה חריפה 100% 100 גרם,גרמים,100.00,100 גרם,false,1,9.90,9.9000,true,1,16172
7290000134871,false,פלפל שחור טחון 100 גרם טעם וריח,"תבליני טעם וריח בע""מ",IL,"תבליני טעם וריח, 100% פלפל שחור טחון, 100 גרם",גרמים,100.00,100 גרם,false,1,12.90,12.9000,true,1,16352
7290000134987,false,תבלין פלפל שחור גרוס 90 גר',"תבליני טעם וריח בע""מ",IL,"פלפל שחור גרוס 90 גר ""מכיל",גרמים,90.00,100 גרם,false,1,12.90,14.3333,true,1,16025
7290000134994,false,טימין 20 גר מיכל קטן,"תבליני טעם וריח בע""מ",IL,"תבליני טעם וריח, 100% טימין, 20 גרם",גרמים,20.00,100 גרם,false,1,6.90,34.5000,true,1,42105
7290000135045,false,"XL TEN משקה אנרגיה פתוח ללא סוכר 250 מ""ל","טמפו משקאות בע""מ",IL,XL TEN משקה אנרגיה בטעם תפוח250מל,מיליליטרים,250.00,"100 מ""ל",false,1,4.50,1.8000,true,1,162777
7290000135052,false,"XL TEN משקה אנרגיה מנגו ללא סוכר 250 מ""ל","טמפו משקאות בע""מ",IL,משקה אנרגיה XL TEN מנגו פחית 250 מל,מיליליטרים,250.00,"100 מ""ל",false,1,4.50,1.8000,true,1,187634
7290000135151,false,"טמפו סודה למון ליים בקבוק 250 מ""ל",טמפו משקאות בעמ,IL,"סודה נגיעות למון ליים 275 מ""ל",מיליליטרים,275.00,"100 מ""ל",false,1,3.90,1.4182,true,1,191507
7290000135625,false,"מארז בירה גולדסטאר פחיות 4* 500 מ""ל",טמפו,IL,"פחיות גולדסטאר רביעיה 500 מ""ל",ליטרים,2.00,ליטר,false,1,32.90,16.4500,true,1,196253
7290000136141,false,משקה בטעם קולה 1.5ל' פפסי,פפסי Pepsi,IL,פפסי קולה בקבוק 1.5 ליטר,ליטרים,1.50,ליטר,false,1,8.50,5.6667,true,1,203437
7290000136158,false,פפסי מקס משקה מוגז דל קלוריות בטעם קולה,פפסי Pepsi,IL,פפסי קולה מקס ללא סוכר בקבוק 1.5 ליטר,ליטרים,1.50,ליטר,false,1,8.50,5.6667,true,1,203438
7290000136165,false,טמפו מירינדה 1.5 ליטר,מירינדה Mirinda,IL,מירינדה בקבוק 1.5 ליטר,ליטרים,1.50,ליטר,false,1,8.50,5.6667,true,1,203439
7290000136172,false,סבן אפ בקבוק 1.5 ליט,סבן אפ 7up,IL,סבן אפ בקבוק 1.5 ליטר,ליטרים,1.50,ליטר,false,1,8.50,5.6667,true,1,203440
7290000136240,false,סודה 1.5 ליטר שישייה בודד,טמפו,IL,מי סודה 1.5 ליטר,ליטרים,1.50,ליטר,false,1,3.80,2.5333,true,1,203442
7290000136264,false,מי טוניק גזוז 1.5 ל' טמפו,טמפו 7.5%,IL,מי טוניק בקבוק 1.5 ליטר,ליטרים,1.50,ליטר,false,1,11.00,7.3333,true,1,203443
7290000136646,false,בירה נשר מאלט ללא אלכוהול 1.5 ליטר,טמפו 7.5%,IL,בירה נשר מאלט בקבוק 1.5 ליטר,ליטרים,1.50,ליטר,false,1,8.90,5.9333,true,1,203452
7290000136653,false,דיאט נשר מאלט ללא אלכוהול 1.5 ליטר,טמפו 7.5%,IL,בירה נשר מאלט דיאט בקבוק 1.5 ליטר,ליטרים,1.50,ליטר,false,1,8.90,5.9333,true,1,203453
7290000136660,false,סודה טמפו ליטר וחצי,טמפו,IL,מי סודה 1.5 ליטר,ליטרים,1.50,ליטר,false,1,3.80,2.5333,true,1,203736
7290000136677,false,פפסי קולה פיקדון 1.5 ליטר,טמפו,IL,פפסי קולה בקבוק 1.5 ליטר,ליטרים,1.50,ליטר,false,1,8.50,5.6667,true,1,203741
7290000136684,false,פפסי מקס משקה מוגז דל קלוריות בטעם קולה,טמפו,IL,פפסי קולה מקס ללא סוכר בקבוק 1.5 ליטר,ליטרים,1.50,ליטר,false,1,8.50,5.6667,true,1,203742
7290000136776,false,שישיית פפסי מקס דל קלוריות 1.5 ליטר,פפסי Pepsi,IL,פפסי מקס קולה שישייה בקבוק 1.5 ליטר,ליטרים,9.00,ליטר,false,6,45.90,5.1000,true,1,203456
7290000136783,false,מארז שישייה מרינדה 1.5 ל',מירינדה Mirinda,IL,שישיית מירינדה,ליטרים,9.00,ליטר,false,6,49.90,5.5444,true,1,203457
7290000136806,false,מארז סודה רביעייה לימון ליים 1.5 ל' טמפו,טמפו 7.5%,IL,סודה לימון ליים רביעייה בקבוק 1.5 ליטר,ליטרים,6.00,ליטר,false,4,13.10,2.1833,true,1,203459
7290000136844,false,מארז מים מזוככים אקווה נובה שישיית 2 ליטר,אקווה נובה Aqua Nova,IL,מים אקווה נובה שישייה בקבוק 2 ליטר,ליטרים,12.00,ליטר,false,6,13.90,1.1583,true,1,203461
7290000136875,false,מארז מים מינרלים מוגז 6* 1.5 ל' סאן בנדטו,סאן בנדטו San Benedetto,IL,שישיית סןבנדטו מוגז בקבוק 1.5 ליטר,ליטרים,9.00,ליטר,false,6,19.90,2.2111,true,1,203835
7290000139104,false,שלווה חיטה תפוחה מתוקה אשבול 230 גרם,"אשב""ל בע""מ",IL,.חיטה תפוחה מתוקה 250 גרם,גרמים,250.00,100 גרם,false,1,9.90,3.9600,true,1,50849
7290000139227,false,דגן תירס תפוח מתוק 150 גרם,אשבל מזון פונקציונלי,IL,דגן תפוח ממותק 150 גרם,גרמים,150.00,100 גרם,false,1,9.90,6.6000,true,1,50905
7290000143200,false,"הוואי - מרכך לשיער יבש 700 מ""ל",שוורצקוף& הנקל דיסלד,IL,הוואי מרכך לשיער יבש,מיליליטרים,700.00,"100 מ""ל",false,1,12.90,1.8429,true,1,557
7290000143217,false,"הוואי שמפו יבש מסולסל 700 מ""ל",שוורצקוף& הנקל דיסלד,IL,"שמפו הוואי לשיער יבש 700 מ""ל",מיליליטרים,700.00,"100 מ""ל",false,1,12.90,1.8429,true,1,558
7290000143255,false,"שמפו הוואי לשיער רגיל 700 מ""ל",שוורצקוף& הנקל דיסלד,IL,הוואי שמפו לשיער רגיל,מיליליטרים,700.00,"100 מ""ל",false,1,12.90,1.8429,true,1,560
7290000143279,false,"הוואי שמפו לשיער נגד קשקשים 700 מ""ל",שוורצקוף& הנקל דיסלד,IL,"שמפו הוואי למניעת קשקשים 700 מ""ל",מיליליטרים,700.00,"100 מ""ל",false,1,12.90,1.8429,true,1,562
7290000144474,false,שמן עץ הזית קנולה 1 ליטר בריאות מהטבע,שמן תעשיות,EE,שמן קנולה מועשר בנוגדי חמצון 1 ליטר,ליטרים,1.00,ליטר,false,1,16.90,16.9000,true,1,576
7290000148380,false,פיסטוקים קלויים קליית גת 200 גרם,"ג'י אנד ג'י בע""מ",IL,קליית גת פיסטוק קלויים 200 גרם,גרמים,200.00,100 גרם,false,1,21.90,10.9500,true,1,12250
7290000148489,false,"קליית גת גרעיני דלעת קלויים,200 גרם","ג'י אנד ג'י בע""מ",IL,"קליית גת גרעיני דלעת קלויים,200 גרם",גרמים,200.00,100 גרם,false,1,10.30,5.1500,true,1,14557
7290000148618,false,קשיו מטוגן שקית קליית גת 200 גרם,"ג'י אנד ג'י בע""מ",IL,קליית גת קשיו מטוגן 200 גרם,גרמים,200.00,100 גרם,false,1,19.90,9.9500,true,1,12251
7290000148748,false,קליית גת גרעיני חמניה קלויים ומומלחים200,"ג'י אנד ג'י בע""מ",IL,"קליית גת חמנייה קלויים, 200 גרם",גרמים,200.00,100 גרם,false,1,6.90,3.4500,true,1,12170
7290000148939,false,שקדים קלויים 200 גרם קליית גת,"ג'י אנד ג'י בע""מ",IL,שקד קלוי 200 גר' שקית,גרמים,200.00,100 גרם,false,1,21.90,10.9500,true,1,12252
7290000149905,false,טקסטיל נוזל לכביסה עדינה נקה 1 ליטר,מיוצר עי קונדיטוריית,IL,טקסטיל שמפו 1 ליטר,ליטרים,1.00,ליטר,false,1,14.90,14.9000,true,1,682
7290000149943,false,"טקסטיל אבקת כביסה ביד נקה 1 ק""ג",קריות זול,IL,טקסטיל שמפו1 קג שקית,קילוגרמים,1.00,"ק""ג",false,1,14.90,14.9000,true,1,684
7290000158105,false,שניצל עוף מיני דינוזאור ללא אנטיביוטיקה מ100% ר.טבעי,מוצרי עוף טוב (2001),IL,ע.ט.שניצל עוף מיני דינוזאור ר.טבע12*700ג,גרמים,700.00,100 גרם,false,1,34.90,4.9857,true,1,152381
7290000164632,false,מרכך כביסה מרוכז בדי,יונילוור - תורכיה,IL,בדין מרכך כביסה אקסטרה בייבי,מיליליטרים,960.00,"100 מ""ל",false,1,19.90,2.0729,true,1,149928
7290000168173,false,"ברנפלקס קרנצ'ים תלמה בד""ץ 375 גרם",יוניליור ישראל מזון,IL,ברנפלקס קרנצים 375 גרם,גרמים,375.00,100 גרם,false,1,25.90,6.9067,true,1,166296
7290000169798,false,"עוגי מופחת סוכר 20% פצפוצי שוקו' 500ג' בד""צ",יוניליוור שפע ישראל,IL,תלמה דגני בוקר עוגי 500 גרם,גרמים,500.00,100 גרם,false,1,24.90,4.9800,true,1,160624
7290000170053,false,שוקולד פרה חלב 100 ג' עלית,תופינית,IL,שוקולד פרה חלב 100 גרם,גרמים,100.00,100 גרם,false,1,5.90,5.9000,true,1,828
7290000170077,false,פרה שוקולד מריר 100 גרם,"שטראוס גרופ בע""מ.",IL,שוק פרה מריר ללג בדצ,גרמים,100.00,100 גרם,false,1,5.90,5.9000,true,1,829
7290000174723,false,שוקולית אבקה להכנת משקה שוקו 500 גרם,הנסיך- מפעל לייצור ט,IL,שוקולית קופסא 500 / 12 קופ'/ 500ג',גרמים,500.00,100 גרם,false,1,13.90,2.7800,true,1,862
7290000176062,false,קפה עלית טורקי 100 גרם,שטראוס קפה בי.וי.,IL,עלית טורקי שקית 100ג/1שק'/100גר',גרמים,100.00,100 גרם,false,1,8.90,8.9000,true,1,872
7290000176413,false,קפה נמס אבקתי 50 ג' עלית,הנסיך- מפעל לייצור ט,IL,קפה נמס עלית 50 גרם,גרמים,50.00,100 גרם,false,1,10.80,21.6000,true,1,878
7290000176420,false,קפה נמס אבקתי 200ג עלית,שטראוס קפה בי.וי,IL,קפה נמס עלית פחית 200 גרם,גרמים,200.00,100 גרם,false,1,19.90,9.9500,true,1,879
7290000178707,false,תפוצ'יפס בטעם טבעי 50 גרם,"שטראוס פריטו ליי בע""",IL,תפו טבעי 50 גר 48 יח - שמיטה,גרמים,50.00,100 גרם,false,1,3.90,7.8000,true,1,916
7290000178721,false,תפוצ'יפס בטעם טבעי 200 גרם,"שטראוס פריטו ליי בע""",IL,תפו טבעי 200 גר 12 יח,גרמים,200.00,100 גרם,false,1,9.90,4.9500,true,1,918
7290000187860,false,מגבוני טואלט לחים לילי דיספנסר 40יח',עלבד משואות יצחק בעמ,IL,מגבוני טואלט לח לילי,לא מנהל יחידת מידה,0.00,לא מנהל יחידת מידה,false,1,8.90,0.0000,true,1,1004
7290000187938,false,לילי - נייר טואולט נייר טואלט פסטל 32 יח',קימברלי קלארק,IL,נייר טואלט לילי פסטל 32 גלילים,מטרים,58880.00,מטר,false,1,38.90,0.0007,true,1,48943
7290000188270,false,ממחטות אף אולטרה סופט קלינקס 2*80 יחידות,חוגלה קימברלי,,ממחטות קלינקס א.סופט80 יח.זוג,לא מנהל יחידת מידה,0.00,לא מנהל יחידת מידה,false,1,17.90,0.0000,true,1,1015
7290000188355,false,מגבות מטבח ניקול לבנה שישייה,קימברלי-קלארק,IL,ניקול מגבת 6 בלי בנדלר,מטרים,6400.00,מטר,false,1,12.90,0.0020,true,1,48852
7290000189079,false,"ניקול תבניות אינגליש חזקות ועבות מארז, 7 יח'",ניקול,CN,תבניות אינגליש ניקול 6 יחידות,לא מנהל יחידת מידה,0.00,לא מנהל יחידת מידה,false,1,10.90,0.0000,true,1,169181
7290000189116,false,תבניות עגולות עבות במיוחד 5 יחידות ניקול,ניקול,CN,תבניות עגולות ניקול 6 יחידות,לא מנהל יחידת מידה,0.00,לא מנהל יחידת מידה,false,1,10.90,0.0000,true,1,169182
7290000189277,false,תבניות מלבניות עמוקות עבות 3יחידות ניקול,ניקול,CN,תבניות מלבניות עמוקות וחזקות 3 יחידות,לא מנהל יחידת מידה,0.00,לא מנהל יחידת מידה,false,1,12.90,0.0000,true,1,169185
7290000189482,false,תבניות אפיה מרובעות מקרטון ניקול 4 יחידות,"דוקארט בעמ, קיבוץ כפ",IL,תבנית אפייה קרטון מלבן 4 יח,לא מנהל יחידת מידה,0.00,לא מנהל יחידת מידה,false,1,11.90,0.0000,true,1,62692
7290000189598,false,מטליות לחות חד פעמיות לניקוי כללי 50 יח' ניקול,עלבד משואות יצחק בעמ,IL,מטליות לחות לניקוי כללי 50 יח ניקול,Unknown,0.00,Unknown,false,1,11.90,0.0000,true,1,54667
7290000189659,false,מטליות לחות לרצפה ניקול 10 יח'-מרכז,עלבד משואות יצחק בעמ,IL,ניקול מטליות לחות לניקוי הרצפה 10 יחידות,Unknown,0.00,Unknown,false,1,11.90,0.0000,true,1,60621
7290000193083,false,נובה-לי תחבושות היגייניות לילי 28 יחידות,חוגלה קימברלי,CZ,תחבושות נובה לי בודד 28 יח,לא מנהל יחידת מידה,0.00,לא מנהל יחידת מידה,false,1,13.90,0.0000,true,1,45977
7290000193540,false,מגן תחתון ארוך נטורל לילי 52 יחידות,חוגלה קימברלי,IL,מגן תחתון לילי נטורל LONG,לא מנהל יחידת מידה,0.00,לא מנהל יחידת מידה,false,1,17.90,0.0000,true,1,1077
7290000195216,false,נייר אפייה בשקית ניקול 50 יחידות,ניקול,IL,נייר אפיה ניקול 50 יח,לא מנהל יחידת מידה,0.00,לא מנהל יחידת מידה,false,1,11.90,0.0000,true,1,169634
7290000195544,false,האגיס מגבונים רביעייה מילוי נטורל מבושם,על בד,,מגבונים לחים האגיס מבושם רביעייה,יחידה,1.00,יחידה,false,1,18.90,18.9000,true,1,1101
7290000196039,false,"מפות שולחן איריס ח""פ ניקול 2 יח'",קריות זול,IL,"מפות שולחן ניקול זוג 180*110 ס""מ",לא מנהל יחידת מידה,0.00,לא מנהל יחידת מידה,false,1,12.90,0.0000,true,1,1103
7290000196763,false,ניקול שקיות לאשפה השקית החזקה 40 יח',"אשפלסט תעשיות בע""מ",IL,שקיות אשפה השקית החזקה ניקול 40 יח,Unknown,0.00,Unknown,false,1,24.90,0.0000,true,1,146832
7290000197081,false,ניקול ניילון נצמד 150 מטר+מתקן לחיתוך קל,ניקול,IL,ניקול ניילון נצמד מתקן לחיתוך קל 150 מ' ללא PVC,מטרים,15000.00,מטר,false,1,29.90,0.0020,true,1,30110
7290000197326,false,רדיד אלומניום ניקול זוגי 30X7.5מ',קריות זול,IL,זוג רדיד אלומיניום קצר עובי משופר 15 מיקרון,מטרים,1500.00,מטר,false,1,12.90,0.0086,true,1,1109
7290000197340,false,"רדיד אלומניום ארוך 45 ס""מ רוחב ניקול 7.5 מטר",קריות זול,IL,זוג רדיד אלומיניום ארוך עובי משופר 16 מיקרון,מטרים,1500.00,מטר,false,1,19.90,0.0133,true,1,1111
7290000197425,false,האגיס פרידום דריי שלב 3 54 יחידות,קימברלי קלארק ישראל,IL,חיתולים פרידום דריי שלב 3,יחידה,1.00,יחידה,false,1,45.90,45.9000,true,1,168812
7290000197432,false,שקיות אוכל סנדביצ'ון ניקול מארז 150X2יח',"אשפלסט תעשיות בע""מ",IL,סנדוויצון זוגות,לא מנהל יחידת מידה,0.00,לא מנהל יחידת מידה,false,1,14.90,0.0000,true,1,1116
7290000197456,false,האגיס פרידום דריי שלב 4 44 יחידות,קימברלי קלארק ישראל,IL,חיתולים פרידום דריי שלב 4,יחידה,1.00,יחידה,false,1,45.90,45.9000,true,1,168813
7290000197548,false,האגיס פרידום דריי שלב 5 38 יחידות,קימברלי קלארק ישראל,IL,חיתולי האגיס פרידום דריי שלב 5,לא מנהל יחידת מידה,0.00,לא מנהל יחידת מידה,false,1,45.90,0.0000,true,1,168814
7290000197678,false,האגיס פרידום דריי שלב 6 34 יחידות,קימברלי קלארק ישראל,IL,חיתולים פרידום דריי שלב 6,יחידה,1.00,יחידה,false,1,45.90,45.9000,true,1,168815
7290000197753,false,ניילון נצמד אנטי בטקריאלי ניקול 30X2מ',קריות זול,CN,ניילון נצמד זוג ניקול,מטרים,3000.00,מטר,false,1,12.90,0.0043,true,1,1120
7290000197999,false,רדיד אלומיניום עבה ניקול זוגי 30X7.5מ',קריות זול,IL,רדיד אלומיניום עבה 30*7.50 זוג,מטרים,1500.00,מטר,false,1,18.90,0.0126,true,1,1126
7290000201856,false,טיטולים פרימיום שלב4+ 38 יחידות .,חוגלה קימברלי,IL,טיטולים פרימיום שלב 40 +4 יח,Unknown,0.00,Unknown,false,1,39.90,0.0000,true,1,170659
7290000204086,false,ניקול כרית קרצוף מארז שלישייה,חוגלה קימברלי,US,"ניקול, כריות קרצוף גדולות וחזקות במיוחד, 3 יחידות",יחידה,0.00,יחידה,false,1,11.90,0.0000,true,1,12962
7290000204147,false,כריות יפניות עבות ניקול 4 יחידות,פלסטו פוליש (ברקן),IL,כריות יפניות דו צדדיות ניקול רביעייה,גרמים,280.00,100 גרם,false,1,11.90,4.2500,true,1,36192
7290000204215,false,כריות יפניות ניקול 6 יחידות,פלסטו פוליש (ברקן),IL,"ניקול,כריות יפניות ,6 יחידות",גרמים,0.00,100 גרם,false,1,11.90,0.0000,true,1,1309
7290000204239,false,ניקול מטליות ריצפה רביעיה,עופרטקס,IL,מטליות רצפה ניקול 4 יח,לא מנהל יחידת מידה,0.00,לא מנהל יחידת מידה,false,1,12.90,0.0000,true,1,24101
7290000204253,false,מטליות רב שימושיות לניקיון ניקול 9 יחידות,נועם אורים-קיבוץ אור,IL,"ניקול, מטליות ניקוי רב שימושיות, 9 יחידות",לא מנהל יחידת מידה,0.00,לא מנהל יחידת מידה,false,1,11.90,0.0000,true,1,1312
7290000204611,false,ספוגית הקסם ניקול 6 יחידות,קריות זול,US,ספוגית הקסם ניקול 6 יחידות,לא מנהל יחידת מידה,0.00,לא מנהל יחידת מידה,false,1,11.90,0.0000,true,1,15390
7290000207162,false,רוטב עגבניות מרכיב טבעי 100 ג' יכין,"זנלכל בע""מ",IL,יכין רוטב עגבניות מרוכז 100 גרם,גרמים,100.00,100 גרם,false,1,2.50,2.5000,true,1,1386
7290000208077,false,אפונת גינה רגילה 550 גרם יכין,"זנלכל בע""מ",IL,אפונת גינה יכין 550גרם,גרמים,550.00,100 גרם,false,1,8.50,1.5455,true,1,16030
7290000208114,false,"אפונה וגזר יכין A2 פ""ק בית יוסף","זנלכל בע""מ",IL,יכין אפונת גינה וגזר 550 גרם,גרמים,550.00,100 גרם,false,1,8.50,1.5455,true,1,1430
7290000208213,false,שעועית לבנה אפויה A2 ברוטב עגבניות יכין 560ג',היינץ צפון אמריקה מק,IL,יכין שעועית לבנה ברוטב עגבניות 580 גרם,גרמים,580.00,100 גרם,false,1,7.90,1.3621,true,1,84167
7290000208329,false,גרעיני תירס מתוק 550 גרם יכין,"זנלכל בע""מ",IL,תירס גרעינים מתוק יכין 560 גרם,גרמים,560.00,100 גרם,false,1,7.90,1.4107,true,1,12174
7290000208336,false,רסק יכין 240גר 22% יכין בית יוסף,"זנלכל בע""מ",IL,יכין רוטב עגבניות מרוכז 240 גרם,גרמים,240.00,100 גרם,false,1,4.50,1.8750,true,1,37787
7290000209012,false,חומץ 1ליטר יכין הדרים,"זנלכל בע""מ",IL,חומץ 1 ליטר יכין,ליטרים,1.00,ליטר,false,1,5.50,5.5000,true,1,16447
7290000209371,false,תירס מתוק יכין 200 גרם מארז 3 יח',היינץ צפון אמריקה מק,IL,יכין גרעיני תירס מתוק שלישייה 3*165,גרמים,165.00,100 גרם,false,1,13.90,8.4242,true,1,170296
7290000209722,false,רסק עגבניות 28% פריכוז 580 גרם יכין,"זנלכל בע""מ",IL,רסק עגבניות פריכוז 580 יכין,גרמים,580.00,100 גרם,false,1,9.90,1.7069,true,1,12175
7290000209944,false,רוטב לעגבניות בסיס לשקשוקה 240 ג' יכין,"זנלכל בע""מ",IL,רוטב עגבניות לשקשוקה יכין 240גרם,גרמים,240.00,100 גרם,false,1,5.50,2.2917,true,1,176922
7290000209951,false,רוטב עגבניות לפיצה 260 גרם יכין,"זנלכל בע""מ",IL,רוטב פיצה 240גרם יכין,גרמים,240.00,100 גרם,false,1,5.50,2.2917,true,1,47767
7290000211169,false,"אורז תאילנדי אחד אחד סוגת 1 ק""ג",האי נאם סי או אל.טי.,IL,"אורז תאילנדי 1 ק""ג",קילוגרמים,1.00,"ק""ג",false,1,7.90,7.9000,true,1,16122
7290000211442,false,"סוגת אורז פרסי קלאסי שקית 1 ק""ג",האי נאם סי או אל.טי.,IL,"אורז פרסי 1 ק""ג",קילוגרמים,1.00,"ק""ג",false,1,12.90,12.9000,true,1,1475
7290000211503,false,סוכר לבן ארוז בשקית,"סוגת תעשיות בע""מ",IL,"סוכר לבן ארוז בשקית סוגת 1 ק""ג",קילוגרמים,1.00,"ק""ג",false,1,5.30,5.3000,true,1,1476
7290000211985,false,"סוגת אורז עגול ריזוטו 1 ק""ג","סוגת תעשיות בע""מ",IL,"אורז עגול 1 ק""ג",קילוגרמים,1.00,"ק""ג",false,1,12.90,12.9000,true,1,1485
7290000238029,false,"בצק עלים צרפתי מרודד מעדנות 1 ק""ג",מיוצר עי קונדיטוריית,IL,"בצק עלים 1 ק""ג",קילוגרמים,1.00,"ק""ג",false,1,25.90,25.9000,true,1,1940
7290000238036,false,מלווח עגול מעדנות 700 ג',מיוצר עי קונדיטוריית,IL,מלווח 700 גרם מעדנות,גרמים,700.00,100 גרם,false,1,19.90,2.8429,true,1,1941
7290000238173,false,בורקס גבינה מעדנות 800 גרם,מיוצר עי קונדיטוריית,IL,בורקס גבינה מעדנות 800 גרם,גרמים,800.00,100 גרם,false,1,24.90,3.1125,true,1,1944
7290000238180,false,בורקס תפוחי אדמה מעדנות 800 גרם,מיוצר עי קונדיטוריית,IL,"בורקס תפו""א מעדנות 800 גרם",גרמים,800.00,100 גרם,false,1,24.90,3.1125,true,1,1945
7290000245287,false,"פרסיל אבקת כביסה 1.250 ק""ג קולור ויניגר","הנקל סוד בע""מ",IL,"פרסיל אבקה לכביסה צבעונית 1.25 ק""ג",קילוגרמים,1.25,"ק""ג",false,1,14.90,11.9200,true,1,2029
7290000253220,false,שוקולד צ'יפס חום אופנהיימר 260 גר',אופנהיימר,IL,שוקולד ציפס חום אופנהיימר 260גרם,גרמים,260.00,100 גרם,false,1,12.90,4.9615,true,1,2102
7290000253251,false,שוקולד צ'יפס לבן אופנהיימר 250 גרם,אופנהיימר,IL,שוקולד ציפס אופנהיימר לבן260גר,גרמים,260.00,100 גרם,false,1,12.90,4.9615,true,1,2103
7290000253732,false,מרציפן מצופה שוקולד אופנהיימר 86 גר,אופנהיימר,IL,מרציפן מצופה שוקולד אופנהיימר 86גרם,גרמים,86.00,100 גרם,false,1,8.90,10.3488,true,1,187313
7290000263359,false,האגיס - פיור נטורל שלב 1 ניו בורן 40 יח',קימברלי קלארק שיווק,IL,חיתולים האגיס מידה 1 ליטל בייביז,יחידה,1.00,יחידה,false,1,39.90,39.9000,true,1,67639
7290000267036,false,שקדים משובבים השף 100 ג',"דין שיווק וקלייה בע""",IL,שקד טבעי מולבן משובב 100 גרם שקדיה,גרמים,100.00,100 גרם,false,1,11.90,11.9000,true,1,202887
7290000267050,false,שקד מולבן טחון 100 גרם,"דין שיווק וקלייה בע""",IL,שקדים טחונים 100 גרם שקדיה,גרמים,100.00,100 גרם,false,1,11.90,11.9000,false,1,2212
7290000267104,false,שקד מולבן גרוס/מרוסק 100 גרם,"דין שיווק וקלייה בע""",IL,שקד מולבן מרוסק 100 גרם שקדיה,גרמים,100.00,100 גרם,false,1,11.90,11.9000,true,1,202776
7290000272696,false,עסיס מיץ לימון טבעי משומר 1 ל' אסם,בית-השיטה עסיס תעשיו,IL,עסיס מיץ לימון משומר 12*1ליטר,ליטרים,1.00,ליטר,false,1,12.90,12.9000,true,1,2274
7290000286228,false,"שישיית כריות יפניות ""סנו סושי""",סנו מפעלי ברונו בעמ,IL,כרית יפנית סנו סושי 1/6,גרמים,70.00,100 גרם,false,1,10.90,15.5714,true,1,2404
7290000286549,false,מטליות לניקוי כללי סנו סושי 9 יחידות,נועם אורים תעשיות בע,IL,"סנו סושי מטליות לניקוי כללי, 9 יחידות",לא מנהל יחידת מידה,0.00,לא מנהל יחידת מידה,false,1,9.90,0.0000,true,1,2413
7290000286761,false,ניילון נצמד סנו סושי פלסטיק מארז 30X2 מ',מיוצר עי קונדיטוריית,CN,סנו סושי - צמד ניילון נצמד+,מטרים,3000.00,מטר,false,1,11.90,0.0040,true,1,2416
7290000287195,false,"סנו רהיט ספריי עשיר בווקס להברקה 305 מ""ל",מיוצר עי קונדיטוריית,IL,"סנו רהיט אירוסול מנקה, מבריק, מגן ודוחה אבק 300 מל",מיליליטרים,305.00,"100 מ""ל",false,1,16.90,5.5410,true,1,2438
7290000287492,false,"סנובון נוזל לניקוי אסלות בריח לימון סנו 750 מ""ל","איי, בי, אינבוו",IL,"סנובון נוזלי לימון 750 מ""ל",מיליליטרים,750.00,"100 מ""ל",false,1,11.90,1.5867,true,1,2442
7290000288017,false,אקונומיקה בריח לימון סנו ז'אוול 1 ליטר,"סנו מפעלי ברונוס בע""",IL,אקונומיקה סנו JAVEL לימון 1 ליטר,ליטרים,1.00,ליטר,false,1,8.90,8.9000,true,1,2450
7290000288024,false,סנו - ז'אוול אקונומיקה בריח לימון 4 ליטר,"סנו מפעלי ברונוס בע""",IL,אקונומיקה סנו JAVEL לימון 4 ליטר,ליטרים,4.00,ליטר,false,1,16.90,4.2250,true,1,2451
7290000288031,false,"אקונומיקה תו תקן 4 ליטר ""סנו""","סנו מפעלי ברונוס בע""",IL,אקונומיקה כחולה 4 ליטר,ליטרים,4.00,ליטר,false,1,12.80,3.2000,true,1,30004
7290000288079,false,סנו - ז'אוול אקונומיקה לימון 2 ליטר,"סנו מפעלי ברונוס בע""",IL,אקונומיקה JAVEL לימון 2 ליטר,ליטרים,2.00,ליטר,false,1,12.80,6.4000,true,1,16252
7290000288086,false,אבקת ניקוי עם אקונומיקה בריח לימון סנו ז'אוול 600 ג',מיוצר עי קונדיטוריית,IL,חול לניקוי JAVEL אקונ600לימון,גרמים,600.00,100 גרם,false,1,10.90,1.8167,true,1,2453
7290000288253,false,"סנו K-400 חרקים וזבובים 630מ""ל",מיוצר עי קונדיטוריית,IL,"משמיד מעופפים K400 סמ""ק 630",מיליליטרים,630.00,"100 מ""ל",false,1,23.90,3.7937,true,1,2456
7290000288352,false,"סנו K-300 חרקים ונמלים 630מ""ל","סנו מפעלי ברונוס בע""",IL,K-300,מיליליטרים,630.00,"100 מ""ל",false,1,23.90,3.7937,true,1,2460
7290000288390,false,"קוטל זבובים ויתושים K600 סנו 500 מ""ל","סנו מפעלי ברונוס בע""",IL,"משמיד זבובים יתושים K600 יבש 500 מ""ל",מיליליטרים,500.00,"100 מ""ל",false,1,23.90,4.7800,true,1,2462
7290000288413,false,סנו-די דוחה יתושים כדורי סנו 50 גרם,גוד פוד פרודקטס S.p,IL,"סנו די דוחה יתושים כדורי 50 מ""ל",מיליליטרים,50.00,"100 מ""ל",false,1,19.90,39.8000,true,1,2463
7290000288420,false,"סנו די תחליב לתינוקות וילדים רולאון 50 מ""ל",סנו מפעלי ברונוס בע',IL,סנו די דוחה יתושיםספריי 125 גרם,גרמים,125.00,100 גרם,false,1,19.90,15.9200,true,1,2464
7290000288642,false,מקסימה מרכך כביסה סנסיטיב בייבי סנו 4 ליטר,"סנו מפעלי ברונוס בע""",IL,מרכך 4 ליטר,ליטרים,4.00,ליטר,false,1,22.90,5.7250,true,1,2467
7290000289069,false,סנו - ז'אוול מרסס קצף ניקוי בתוספת אקונומיקה בריח לימון 1 ליטר,"סנו מפעלי ברונוס בע""",IL,קצף ניקוי JAVEL מרסס בריח לימון סנו 1 ל,ליטרים,1.00,ליטר,false,1,16.90,16.9000,true,1,2476
7290000289236,false,K3 נמלים פיתיון ג'ל - קוטל נמלים בבית ובחצר,"סנו מפעלי ברונוס בע""",IL,סנו K3 קוטל נמלים פיתיון ג'ל 12 גרם,יחידה,1.00,יחידה,false,1,49.90,49.9000,true,1,191824
7290000289472,false,סנו סושי שקיות אשפה - 50 יחידות,מיוצר עי קונדיטוריית,IL,סושי 50 ש.אשפה גדולות במיוחד,לא מנהל יחידת מידה,0.00,לא מנהל יחידת מידה,false,1,22.70,0.0000,true,1,12976
7290000289496,false,"סנו - ז'אוול ג'ל קרם לניקוי כללי לימון 750 מ""ל","סנו מפעלי ברונוס בע""",IL,לניקוי כללי קרםJAVELלימון 750,מיליליטרים,750.00,"100 מ""ל",false,1,12.90,1.7200,true,1,2480
7290000289748,false,"מסיר שומנים לתנורים פורטה פלוס סנו 750 מ""ל","סנו מפעלי ברונוס בע""",IL,סנו פורטה פלוס 750 מ''ל,מיליליטרים,750.00,"100 מ""ל",false,1,15.90,2.1200,true,1,2481
7290000292007,false,K3 פיתיון ג'ל קוטל תיקנים (ג'וקים) בבית ובחצר,מיוצר עי קונדיטוריית,IL,סנו K3 פיתיון ג'ל קוטל תיקנים,גרמים,0.00,100 גרם,false,1,49.90,0.0000,true,1,187784
7290000292137,false,"נוזל לניקוי וטיפול מוצרי עור סנו 500 מ""ל",מיוצר עי קונדיטוריית,IL,תחליב לניקוי ולטיפול במוצרי עור,מיליליטרים,500.00,"100 מ""ל",false,1,31.90,6.3800,true,1,2507
7290000292311,false,פוליויקס נוזל רצפות בניחוח סחלבים סנו 2 ליטר,"סנו מפעלי ברונוס בע""",IL,פוליויקס מנקה ומבריק רצפות 2 ליטר שחלבים,ליטרים,2.00,ליטר,false,1,22.90,11.4500,true,1,2510
7290000292502,false,"k-800 קוטל נמלים 300מ""ל","סנו מפעלי ברונוס בע""",IL,סנו קוטל נמלים K800 300 מל,לא מנהל יחידת מידה,0.00,לא מנהל יחידת מידה,false,1,18.90,0.0000,true,1,183959
7290000292557,false,סנומט מלוי נוזלי דוחה יתושים 45 לילות,טרופיקל דגיל תעשיות,IT,"סנומט מילוי נוזלי למכשיר חשמלי, דוחה יתושים",Unknown,0.00,Unknown,false,1,17.90,0.0000,true,1,2515
7290000292687,false,סנובון מוצק לניקוי אסלה קלאסיק כחול סנו 3 יחידות,מיוצר עי קונדיטוריית,IL,"סנובון סבון אסלה כחול קלאסיק, 3 יחידות",גרמים,165.00,100 גרם,false,1,19.90,12.0606,true,1,2518
7290000292915,false,"תרסיס לניקוי כללי רסס ונגב סנו 750 מ""ל","סנו מפעלי ברונוס בע""",IL,"רסס ונגב לניקוי כללי 750 מ""ל",מיליליטרים,750.00,"100 מ""ל",false,1,13.90,1.8533,true,1,2519
7290000293561,false,"תרסיס להסרת כתמי עובש עם אקונומיקה סנו 750 מ""ל","סנו מפעלי ברונוס בע""",IL,סנו מסיר עובש,מיליליטרים,750.00,"100 מ""ל",false,1,19.90,2.6533,true,1,2525
7290000293837,false,"קרמה מן דאודורנט ג'ל אנטיפרספירנט 70 מ""ל",קוסמופארם בעמ,IL,קרמה מן דאודורנט ג'ל קרבון פאוור,לא מנהל יחידת מידה,0.00,לא מנהל יחידת מידה,false,,16.90,0.0000,true,1,183972
7290000293943,false,"מרסס לבן מסיר אבנית 1 ליטר אנטי קאלק ""סנו""",מיוצר עי קונדיטוריית,IL,אנטי קאלק מסיר אבנית וחלודה לשימוש כללי 1 ליטר,ליטרים,1.00,ליטר,false,1,17.90,17.9000,true,1,2527
7290000294780,false,אקונומיקה סמיכה בריח לימון סנו ז'אוול 4 ליטר,"סנו מפעלי ברונוס בע""",IL,אקונומיקה סנו JAVEL סמיכה 4 ליטר,ליטרים,4.00,ליטר,false,1,16.90,4.2250,true,1,2537
7290000295336,false,סנו מקסימה אבקת כביסה סנסטיב מילוי1.25,סנו מפעלי ברונוס בעמ,IL,אבק.כביסה מקסימה סנסטיב1.25 קג,קילוגרמים,1.25,"ק""ג",false,1,14.90,11.9200,true,1,2540
7290000295343,false,"אבקת כביסה מקסימה ביו 1.25 ק""ג סנו",סנו מקסימה,IL,אבק.כביסה קומ MAXIMA ביו1.25קג,קילוגרמים,1.25,"ק""ג",false,1,14.90,11.9200,true,1,2541
7290000295367,false,"מקסימה אבקת כביסה אפקט ז'אוול סנו 2.5 ק""ג",סנו מקסימה,IL,"אבקת כביסה, אפקט JAVEL",קילוגרמים,2.50,"ק""ג",false,1,28.90,11.5600,true,1,2542
7290000295404,false,סנו סושי שקיות אשפה כחולות 54*65 - 60 יחידות,מיוצר עי קונדיטוריית,IL,שקיות אשפה 54*65 סנו סושי 60 שקיות,לא מנהל יחידת מידה,0.00,לא מנהל יחידת מידה,false,1,23.70,0.0000,true,1,2543
7290000295503,false,סנו סושי שקיות אוכל מתכלות זוג *150 יח',"אשפלסט תעשיות בע""מ",CN,שקיות אוכל 19*25 סנו סושי 150 שקיות,לא מנהל יחידת מידה,0.00,לא מנהל יחידת מידה,false,1,14.90,0.0000,true,1,2545
7290000295558,false,"רדיד אלומיניום רוחב 30 ס""מ סנו סושי 2 יח' 7.5 מטר",מולינו ניקולי s.p.a,TR,"רדיד אלומיניום זוג 15 מ רוחב 30 ס""מ",מטרים,1500.00,מטר,false,1,12.90,0.0086,true,1,16126
7290000295749,false,ספוג כייף סאקי מסאז 1יח',גוד פוד פרודקטס S.p,IL,כיף ספוג מסאג' לרענון ולהמרצת זרם הדם,לא מנהל יחידת מידה,0.00,לא מנהל יחידת מידה,false,1,8.90,0.0000,true,1,2549
7290000295794,false,ספוגיות מתכת אל חלד לניקוי סנו 3 יחידות,סנו,,ספוגיות מתכת,יחידה,1.00,יחידה,false,1,11.90,11.9000,true,1,180772
7290000295817,false,סנו סושי ניילון נצמד 300 מ',סנו,CN,ניילון נצמד חסכוני300 מ .ס,מטרים,30000.00,מטר,false,1,72.00,0.0024,true,1,12979
7290000300900,false,שניצל תירס מרכיבים טבעיים טבעול 750 גרם,עיצובים 2020 (4.8),IL,שניצל תירס טבעול 750 גרם,גרמים,750.00,100 גרם,false,1,29.90,3.9867,true,1,2623
7290000302027,false,סיגריות טיים אדום פא,דובק,,סיגריות טיים רד פקט 10 יח,לא מנהל יחידת מידה,0.00,לא מנהל יחידת מידה,false,1,285.00,0.0000,false,1,2692
7290000305882,false,אס הרינג עם ירקות ברוטב עגבניות 120 גרם,"סטארקיסט פודור בע""מ",IL,קוליאס 120 גרם בדצ עדה חרדית,גרמים,120.00,100 גרם,false,1,5.90,4.9167,true,1,2784
7290000311128,false,מן עוגיות בטעם חמאה 300 גרם*נ.ל.פ,תות ממתקי איכות,IL,עוגיות מובחרות בטעם חמאה,גרמים,300.00,100 גרם,false,1,8.50,2.8333,true,1,57381
7290000311722,false,"עוגיות בטעם וניל עם כוכבים ""מן"" 300 גרם",תות ממתקי איכות,IL,"מן, עוגיות כוכבים בטעם וניל 300 גרם",גרמים,300.00,100 גרם,false,1,8.50,2.8333,true,1,2828
7290000311869,false,מן-וופלים בטעם שוק ללא תוספת סוכר 180ג,תות ממתקי איכות,IL,ופל מן ללא סוכר 180 גרם,גרמים,180.00,100 גרם,false,1,9.90,5.5000,true,1,156664
7290000334325,false,ציפס למיקרו מארז שלישיה 125 ג' תפוגן,"תעשיות תפוגן בע""מ",IL,תפוגן צ'יפס מיקרוגל 8*375גרם מח.מיוחד,גרמים,375.00,100 גרם,false,1,14.90,3.9733,true,1,20756
7290000334684,false,תפוגן טבעות בצל 700 גרם,"תעשיות תפוגן בע""מ",IL,תפוגן טבעות בצל 10*700גרם,גרמים,700.00,100 גרם,false,1,18.90,2.7000,true,1,3143
7290000339566,false,בדין מרכך כביסה ורוד 4 ליטר,יוניליור ישראל טיפוח,IL,מרכך כביסה בדין ורוד,ליטרים,4.00,ליטר,false,1,24.90,6.2250,true,1,3180
7290000342856,false,בדין מרכך כביסה כחול 4 ליטר,יוניליור ישראל טיפוח,IL,מרכך כביסה בדין כחול,ליטרים,4.00,ליטר,false,1,24.90,6.2250,true,1,3217
7290000345215,false,תה ויסוצקי קלאסיק 100/1 כחול מעודן,מולינו ניקולי s.p.a,IL,תה קלאסיק כחול 1 גרם 100 שקיקים,גרמים,100.00,100 גרם,false,1,22.90,22.9000,true,1,3260
7290000345260,false,תה קלאסיק מעטפות ויסוצקי 25 יחידות,מולינו ניקולי s.p.a,IL,תה קלאסיק 1.5 גרם 25 שקיקים,גרמים,37.00,100 גרם,false,1,8.10,21.8919,true,1,3261
7290000345284,false,תה ויסוצקי קלאסי אריזה ירוקה מרובעת (100 שקיקים),מולינו ניקולי s.p.a,IL,100/1.5במעטפה,יחידה,1.00,יחידה,false,1,17.90,17.9000,true,1,3263
7290000345291,false,תה ארל גריי ויסוצקי 25 יחידות,תה ויסוצקי,IL,ארל גריי TEAR TAPE - 25,גרמים,38.00,100 גרם,false,1,17.70,46.5789,true,1,3264
7290000345536,false,תה נענע ויסוצקי 25 יחידות,מולינו ניקולי s.p.a,IL,תה נענע,גרמים,37.00,100 גרם,false,1,18.90,51.0811,true,1,3268
7290000346205,false,הגן הקסום תה קמומיל ויסוצקי 25 יחידות,תה ויסוצקי,IL,"קמומיל-""הגן הקסוםC24 ?",גרמים,37.00,100 גרם,false,1,19.90,53.7838,true,1,3292
7290000347738,false,תה ירוק נענע ויסוצקי 25 יחידות,תה ויסוצקי,IL,תה ירוק עם נענע T.T,גרמים,37.00,100 גרם,false,1,25.90,70.0000,true,1,3319
7290000347752,false,תה ירוק לימונית ולואיזה 25 שקיקים *1.5 ג'' ויסוצקי,תה ויסוצקי,IL,תה ירוק עם לימונית/לואיזה T.T,גרמים,37.00,100 גרם,false,1,25.90,70.0000,true,1,3321
7290000363363,false,קבנוס נקניק מעושן יבש 160 גרם,הנסיך- מפעל לייצור ט,IL,טירת צבי קבנוס נקניק מעושן יבש 160 גרם,גרמים,160.00,100 גרם,false,1,15.90,9.9375,true,1,3458
7290000364230,false,פסטרמה כפרית טירת צבי 100ג',הנסיך- מפעל לייצור ט,IL,טירת צבי כפרית 100 גרם,גרמים,100.00,100 גרם,false,1,11.80,11.8000,true,1,50811
7290000364278,false,דקניקים סילסולי סלמי איטלקי 120 ג' טירת צבי,הנסיך- מפעל לייצור ט,IL,דקניקים סלסולי סלמי איטלקי משובח 120 גרם,גרמים,120.00,100 גרם,false,1,15.90,13.2500,true,1,66206
7290000364285,false,דקניקים סלסולי פסטרמה הודו טירת צבי 120 גרם,הנסיך- מפעל לייצור ט,IL,דקניקים סלסולי פסטרמה הודו 120 גרם,גרמים,120.00,100 גרם,false,1,15.90,13.2500,true,1,66207
7290000364292,false,דקניקים סלסולי פסטרמה הודו על גחלים 1% טירת צבי 120 גרם,הנסיך- מפעל לייצור ט,IL,דקניקים סלסולי פסטרמה גחלים 120 גרם,גרמים,120.00,100 גרם,false,1,15.90,13.2500,true,1,71182
7290000364506,false,סלמי פריזר כפרי 100גר' טירת צבי,הנסיך- מפעל לייצור ט,IL,"טירת צבי, סלמי פריזר כפרי 100 גרם",גרמים,100.00,100 גרם,false,1,11.80,11.8000,true,1,50812
7290000364872,false,נקניקיות עוף טירת צבי 400 גרם,טיב טירת צבי 2000,IL,נקניקיות עוף 400 גרם,גרמים,400.00,100 גרם,false,1,13.90,3.4750,true,1,3512
7290000367590,false,פסטרמה כפרית וסלמי פריזר כפרי טירת צבי 2*400 גרם,טיב טירת צבי 2000,IL,צמד כפרי פסטרמה סלמי טירת צבי 800 גרם,גרמים,800.00,100 גרם,false,1,30.90,3.8625,true,1,3537
7290000377209,false,בוטנים מטוגנים קליית,"ג'י אנד ג'י בע""מ",IL,בוטנים מטוגנים קליית גת 200 גרם,גרמים,200.00,100 גרם,false,1,7.90,3.9500,true,1,15187
7290000377445,false,נש צאנס קלית גת 200 גר',"ג'י אנד ג'י בע""מ",IL,נש צ'אנס 200 גר' ב 12,גרמים,200.00,100 גרם,false,1,8.90,4.4500,true,1,15188
7290000377452,false,גרעיני אבטיח קלויים ומלוחים קלית גת 200,הדקלאים אגודת שיתופי,IL,גרעיני אבטיח שק'200 גר',גרמים,200.00,100 גרם,false,1,11.50,5.7500,true,1,12267
7290000377612,false,מיץ תפוזים סחוט טבעי פריגת 400 מל,גת גבעת חיים,IL,פריגת סחוט תפוזים קלאסי,מיליליטרים,400.00,"100 מ""ל",false,1,9.50,2.3750,true,1,3583
7290000379258,false,"חלה מתוקה קונדטוריה ארוזה ""אנג'ל""",מאפיית שלמה א. אנג'ל,IL,אנג'ל חלת קונדיטוריה 500 גרם,גרמים,500.00,100 גרם,false,1,14.90,2.9800,true,1,3615
7290000379432,false,לחמניה אצבע אנג'ל 75 ג',מאפיית אנג'ל,IL,לחמניה 75 גרם,גרמים,75.00,100 גרם,false,1,1.90,2.5333,true,1,3620
7290000379654,false,"חלה חשופה קלועה ""אנג'ל"" -מוצר בפיקוח",מאפיית אנג'ל,IL,חלה קלועה 500 גרם,גרמים,500.00,100 גרם,false,1,5.17,1.0340,true,1,3636
7290000408316,false,יוגורט דנונה דל לקטוז 200 גרם,מיוצר עי קונדיטוריית,IL,דנונה ביו 3% 200 גרם,גרמים,200.00,100 גרם,false,1,3.70,1.8500,true,1,4215
7290000408354,false,יוגורט עם אורז מצופה שוקולד קקאו 175 ג' דנונה,"שטראוס בריאות בע""מ",IL,בר דנונה פצפוצים,גרמים,175.00,100 גרם,false,1,4.80,2.7429,true,1,4216
7290000412481,false,נוזל לניקוי אסלות 00 סנו 1 ליטר,מיוצר עי קונדיטוריית,IL,מנקה אסלות 00 סנו 1 ליטר,ליטרים,1.00,ליטר,false,1,8.90,8.9000,true,1,4272
7290000416021,false,ממרח בטעם שוקולד השחר חלבי 500,השחר העולה,IL,ממרח השחר העולה חלבי 500 גרם,גרמים,500.00,100 גרם,false,1,13.90,2.7800,true,1,4369
7290000416045,false,"ממרח בטעם שוקולד השחר 1 ק""ג",השחר העולה תעשייות מ,IL,ממרח שוקולד השחר דלי1 קג,קילוגרמים,1.00,"ק""ג",false,1,25.90,25.9000,true,1,82266
7290000416618,false,"ממרח שוקולד השחר פרווה בד""צ 400 גר'",השחר העולה תעשייות מ,IL,ממרח שוקולד השחר 400 גרם,גרמים,400.00,100 גרם,false,1,13.50,3.3750,true,1,4375
7290000430102,false,"שקיות קרח 2 ק""ג ""מר אייס""","אייס (קיובס) בע""מ -",IL,קוביות קרח בשקית,יחידה,1.00,יחידה,false,1,14.90,14.9000,true,1,15230
7290000449128,false,סיף פנטסטיק לימון ניקוי רב תכליתי 4ל',יוניליוור ישראל טיפו,IL,פנטסטיק תרכיז ניקוי רב תכליתי בניחוח לימון 4 ליטר,ליטרים,4.00,ליטר,false,1,27.60,6.9000,true,1,4699
7290000450209,false,פוסידון טונה בהירה בשמן 77 גרם,"מיוצר עי וליגר בעמ,",IL,פוסידון נתחי טונה בהירה בשמן 108 גרם,גרמים,108.00,100 גרם,false,1,5.90,5.4630,true,1,4719
7290000453019,false,שמרים טריים לאפייה שקית שמרית 50 ג',"פאקא תעשיות בע""מ",IL,שמרית שמרים טריים לאפייה 50 גרם,גרמים,50.00,100 גרם,false,1,4.90,9.8000,true,1,4730
7290000453415,false,בצק עלים מצונן ומוכן לאפייה - שמרית,"פאקא תעשיות בע""מ",FR,בצק עלים מצונן ומוכן לאפייה - שמרית,גרמים,150.00,100 גרם,false,1,17.90,11.9333,true,1,190081
7290000453798,false,שמרית שמרים יבשים אקטיביים 500 גר',"גי' בי' רכיבים בע""מ",IL,שמרים אקטביים 500 גרם,גרמים,500.00,100 גרם,false,1,15.90,3.1800,true,1,176077
7290000453897,false,מרגרינה בטעם חמאה שימרית 200 ג',גרונבאנג- גרונדנסק א,IL,מרגרינה שמרית בטעם חמאה ללא שומן מוקשה 200 גרם,גרמים,200.00,100 גרם,false,1,5.90,2.9500,true,1,176084
7290000462141,false,סחוג אדום תימני מקורי חריף מאוד זהבי 150 גרם,קריניסה ויטמין אס אי,IL,"זהבי הכרם זחוק תמני חריף, 150 גרם",גרמים,150.00,100 גרם,false,1,9.90,6.6000,true,1,55180
7290000462172,false,סחוג ירוק חריף מאוד מ.ירוק 150 גרם,קריניסה ויטמין אס אי,IL,זחוק זהבי ירוק חריף 150 גרם,גרמים,150.00,100 גרם,false,1,9.90,6.6000,true,1,4798
7290000467887,false,ביסלי בטעם פיצה 55 גרם אסם,"אסם השקעות בע""מ",IL,ביסלי פיצה 55 גרם,גרמים,55.00,100 גרם,false,1,4.00,7.2727,true,1,166062
7290000468747,false,ביסלי חטיף גריל אסם 55 ג',"אסם השקעות בע""מ",IL,ביסלי גריל 55 גרם,גרמים,55.00,100 גרם,false,1,4.00,7.2727,true,1,166063
7290000468877,false,ביסלי בטעם בצל 55 גרם אסם,"אסם השקעות בע""מ",IL,ביסלי בצל 55 גרם,גרמים,55.00,100 גרם,false,1,4.00,7.2727,true,1,166064
7290000474502,false,גבינה לבנה טרה 5% מרכיבים טבעיים,קריות זול,IL,גבינה לבנה 5% פיקוח 250 גרם,גרמים,250.00,100 גרם,false,1,4.98,1.9920,true,1,4917
7290000480107,false,קוואקר שיבולת שועל פחית 500 גרם,וולקרס סנקס לימיטד,GB,שיבולת שועל קוואקר פחית 500 גרם,גרמים,500.00,100 גרם,false,1,15.00,3.0000,true,1,4946
7290000480442,false,קוואקר שיבולת שועל בשקית 500 גרם,פריטו ליי FRITO-LAY,IL,שיבולת שועל קוואקר שקית 500 גרם,גרמים,500.00,100 גרם,false,1,12.90,2.5800,true,1,4951
7290000484747,false,עראק עלית 700 מל 40% כהל,יקב הגליל שווק בעמ,IL,"עלית הארק 40% בקבוק 700 מ""ל",מיליליטרים,700.00,"100 מ""ל",false,1,59.90,8.5571,true,1,176433
7290000493176,false,אסם אבקת רוטב צלי לבשר 22 ג',"אסם תעשיות בע""מ",IL,רוטב צלי בשר 22 גרם,גרמים,22.00,100 גרם,false,1,4.50,20.4545,true,1,5112
7290000493183,false,אבקת רוטב פטריות לבשר-30 גרם,"אסם תעשיות בע""מ",IL,אסם אבקת רוטב פטריות 3 12*30גרם,גרמים,30.00,100 גרם,false,1,4.90,16.3333,true,1,5113
7290000497044,false,"לחם אקטיב 750 גרם ""ברמן""",מאפית י את א ברמן בע,IL,לחם ברמן אקטיב 750 גרם,גרמים,750.00,100 גרם,false,1,15.90,2.1200,true,1,164611
7290000497112,false,"לחם כהה פרוס וארוז ""ברמן""-מוצר בפיקוח",מאפית י את א ברמן בע,IL,"ברמן לחם אחיד מקמח כהה פרוס, 750 גרם",גרמים,750.00,100 גרם,false,1,7.91,1.0547,true,1,5141
7290000497198,false,מארז פיתות עשירייה אסלי,מאפית י את א ברמן בע,IL,ברמן אסלי 10 פיתות 1קג,קילוגרמים,1.00,"ק""ג",false,1,11.90,11.9000,true,1,195600
7290000497204,false,פיתה אסלי ברמן חמישי,מאפית י את א ברמן בע,IL,פיתות,גרמים,500.00,100 גרם,false,1,7.90,1.5800,true,1,14417
7290000497228,false,לחמניה רגילה בשקית ברמן 6יח',מאפית י את א ברמן בע,IL,ברמן 6 לחמניות 450 גרם,גרמים,450.00,100 גרם,false,1,10.90,2.4222,true,1,5145
7290000497358,false,חלה מתוקה ארוזה חלומית 500 גר',מאפית י את א ברמן בע,IL,חלומית ארוזה ברמן 500גרם,גרמים,500.00,100 גרם,false,1,14.90,2.9800,true,1,5148
7290000497426,false,לחם ברמן לענין פלוס 500 גרם,מאפית י את א ברמן בע,IL,לחם קל ברמן לעניין 500 גר,גרמים,500.00,100 גרם,false,1,13.90,2.7800,true,1,38219
7290000497570,false,לחם דגנים פלוס ברמן 500 גרם,מאפית י את א ברמן בע,IL,ברמן דגני קלות 500 גרם,גרמים,500.00,100 גרם,false,1,14.90,2.9800,true,1,5156
7290000504025,false,ממתיק סוכרזית פטריה 300 טבליות,אף.סי תבליני בגליל ב,IL,סוכרזית קלאסי 300,גרמים,25.00,100 גרם,false,1,9.80,39.2000,true,1,5385
7290000504278,false,סוכרזית - קלאסי פטנט 700 טבליות,אף.סי תבליני בגליל ב,IL,ממתיק סוכרזית פטנט 700 טבליות,גרמים,57.00,100 גרם,false,1,17.90,31.4035,true,1,5389
7290000518121,false,ממתיק מתוק וקל 50 יחידות,קריות זול,IL,ממתיק אבקה דקסטרוזה וסכרין 50 גר,יחידה,1.00,יחידה,false,1,5.50,5.5000,true,1,5460
7290000518169,false,ממתיק מתוק וקל 1000 טבליות,קריות זול,IL,טבליות ממתיק על בסיס סכרין 1000 יח' 80 גר,יחידה,1.00,יחידה,false,1,7.90,7.9000,true,1,5462
7290000518190,false,מתוק וקל סטיביה 100 שקיות,מתוק וקל,IL,מתוק וקל סטיביה 100 שקיות,יחידה,1.00,יחידה,false,1,24.90,24.9000,true,1,178441
7290000518220,false,ממתיק סוכרה דיאט 100 יחידות,פתח תקווה,IL,סוכרה להמתקה לבישול ואפייה 100 יח,גרמים,100.00,100 גרם,false,1,28.90,28.9000,true,1,178442
7290000518336,false,ממתק צמר גפן מתוק מסיבים תזונתיים,מתוק וקל בעמ,IL,מוש צמר גפן מתוק מסיבים תזונתיים 10 גרם,גרמים,10.00,100 גרם,false,1,4.90,49.0000,true,1,206902
7290000518398,false,"סוכרה דיאט טיפות 150 מ""ל",פתח תקווה,IL,סוכרה דיאט ממתיק נוזלי 150 מל,מיליליטרים,150.00,"100 מ""ל",false,1,23.90,15.9333,true,1,190167
7290000521008,false,"של סגל אדום יבש , 750 מ""ל",כרמי צבי - אחים סגל,IL,יין אדום יבש של סגל 750 מל,מיליליטרים,750.00,"100 מ""ל",false,1,21.90,2.9200,true,1,5549
7290000521015,false,"יין סגל לבן יבש 750מ""ל","מיוצר ע""י כרמי צבי-",IL,סגל יין לבן יבש 2016 750 מל,מיליליטרים,750.00,"100 מ""ל",false,1,21.90,2.9200,true,1,5550
7290000521022,false,"של סגל, יין לבן חצי יבש 750 מ""ל","מיוצר ע""י כרמי צבי-",IL,סגל לבן חצי יבש 2015 750 מל,מיליליטרים,750.00,"100 מ""ל",false,1,21.90,2.9200,true,1,5551
7290000523125,false,מלח הארץ הים האדום 250 ג' עדין,חברת מלח הארץ אילת ב,IL,מלח הארץ מהים האדום מלח ים דק 250 גרם,גרמים,250.00,100 גרם,false,1,5.90,2.3600,true,1,5623
7290000525969,false,מיץ תפוזים סחוט רכיבים טבעיים פרימור 1 ליטר,"גניר (1992) בע""מ",IL,פרימור מיץ תפוזים 1 ליטר,ליטרים,1.00,ליטר,false,1,16.00,16.0000,true,1,5645
7290000530598,false,נקניקיות עוף וינר זוגלובק 500 גרם,נקניק נהריה כשר זוגל,IL,נקניקיות וינר 500 גרם זוגלובק,גרמים,500.00,100 גרם,false,1,17.90,3.5800,true,1,5684
7290000530703,false,פסטרמה חרמון כפרית ונקניק תה מעושן זוגלובק 2*400 גרם,נקניק נהריה כשר זוגל,IL,זוגלובק זוג חרמון הודו ועוף 400+סלמי תה 400 גרם,גרמים,800.00,100 גרם,false,1,31.40,3.9250,true,1,5685
7290000538709,false,נקניק סלמי תה מעושן זוגלובק 200 גרם,זוגלובק,IL,זוגלובק סלמי תה מעושן 200 גרם,Unknown,0.00,Unknown,false,1,11.50,0.0000,true,1,53522
7290000552989,false,בשר טחון טיבון ויל 500 גרם,"טיבון ויל אחזקות בע""",IL,טיבון וויל בשר עגל טחון קפוא 500 גרם,גרמים,500.00,100 גרם,false,1,29.90,5.9800,true,1,6056
7290000560540,false,אדג' ג'ל כתום לעור רגיש 198גרם,המאפיה של הרמן,US,אדג ג'ל גילוח לעור רגיש עם אלוורה 200 מל,מיליליטרים,200.00,"100 מ""ל",false,1,17.90,8.9500,true,1,6183
7290000572208,false,חלוה בטעם וניל אחווה 100 גרם,שוורצקוף& הנקל דיסלד,IL,אחוה חלוה בטעם וניל 100 גרם,גרמים,100.00,100 גרם,false,1,2.90,2.9000,true,1,6249
7290000572222,false,חלבה וניל בבלוק אחווה 500ג',שוורצקוף& הנקל דיסלד,IL,אחווה חלוה בטעם וניל 500 גרם,גרמים,500.00,100 גרם,false,1,12.90,2.5800,true,1,6250
7290000644783,false,"סלמון מנות קפוא ""תנובה""",דגי תנובה,NO,"נתחי פילה סלמון בואקום לק""ג",קילוגרמים,1.00,"ק""ג",true,,105.00,105.0000,true,1,68589
7290000652542,false,פילה אמנון 5-7 תנובה,דגי תנובה,CN,פילה אמנון קפוא 5-7 100% דג לקג,קילוגרמים,1.00,"ק""ג",true,,38.00,38.0000,true,1,191350
7290000652894,false,תנובה סטייק טונה קפוא ארוז,דגי תנובה,,סטייק טונה קפוא לקג,קילוגרמים,1.00,"ק""ג",true,1,54.00,54.0000,true,1,191352
7290000659312,false,דגי תנובה פילה סלומון קפוא בוואקום,דגי תנובה,IL,"פילה סלמון בואקום לק""ג",קילוגרמים,1.00,"ק""ג",true,,95.00,95.0000,true,1,24595
7290000663036,false,פילה אמנון קפוא ללא עור 100% דג תנובה,דגי תנובה,IL,"פילה אמנון ללא עור 100% דג לק""ג",קילוגרמים,1.00,"ק""ג",true,,38.00,38.0000,true,1,195578
7290000692210,false,נוזל לניקוי כללי ורצפות בניחוח לבנדר אג'קס 2 ליטר,הנסיך- מפעל לייצור ט,GR,אג'קס נוזל לניקוי כללי ורצפות בניחוח לבנדר 2 ליטר,ליטרים,2.00,ליטר,false,1,22.90,11.4500,true,1,7705
7290000692227,false,נוזל כלים פלמוליב צילינדר קלאסי 1 ליטר,יבואן ומשווק: ש. שסט,GR,פלמוליב נוזל לניקוי כלים קלאסי 1 ליטר,ליטרים,1.00,ליטר,false,1,13.90,13.9000,true,1,7707
7290000692456,false,אג'קס חלונות זוג 750*2 מל ספריי ורפיל,הנסיך- מפעל לייצור ט,GR,לניקוי חלונות אגקס כחול זוג,ליטרים,1.50,ליטר,false,1,22.90,15.2667,true,1,7712
7290000805924,false,"מזון חתולים לה קט דגים 2.85 ק""ג","ביופט בע""מ",IL,לה קט מזון יבש לחתול דגי אוקיינוס 2.85 קג,קילוגרמים,2.85,"ק""ג",false,1,59.90,21.0175,true,1,9851
7290000995410,false,נבטים סיניים נבטי הע,נסטלה פורינה USA קר,IL,נבטים סינים,גרמים,370.00,100 גרם,false,1,7.90,2.1351,true,1,51425
7290001045633,false,פרימור מיץ לימון ונענע סחוט טרי 400מל,פרימור,IL,פרימור משקה קל לימונים ונענע 400 מל,מיליליטרים,400.00,"100 מ""ל",false,1,8.50,2.1250,true,1,13335
7290001045688,false,"פרימור סחוט 400 מ""ל- תפוזים",פרימור,IL,פרימור מיץ תפוזים סחוט 400 מל,מיליליטרים,400.00,"100 מ""ל",false,1,8.50,2.1250,true,1,13332
7290001136287,false,"שמפו לשיער רגיל בבושם פרחים נקה 7 750 מ""ל","אמיליה קוסמטיקס בע""מ",IL,נקה 7 שמפו לשיער רגיל ירוק,מיליליטרים,750.00,"100 מ""ל",false,1,11.90,1.5867,true,1,208
7290001136294,false,"שמפו לשיער יבש בבישום פרחים נקה 7 750 מ""ל","אמיליה קוסמטיקס בע""מ",IL,נקה 7-שמפו לשיער יבש,מיליליטרים,750.00,"100 מ""ל",false,1,11.90,1.5867,true,1,209
7290001216040,false,טחינה גולמית שומשום טהור אל ארז 500 גרם,דולפין ספא,IL,טחינת אל ארז 500 גרם,גרמים,500.00,100 גרם,false,1,16.90,3.3800,true,1,62607
7290001230234,false,סיגריות כאמל סופט חפ,גיי טי אינטרנשיונל,,סיגריות כאמל סופט חפיסה בודד,יחידה,0.00,יחידה,false,1,32.00,0.0000,false,1,14555
7290001230331,false,סיגריות כאמל בוקס חפ,Unknown,,סיגריות כאמל בוקס חפיסה בודד,יחידה,0.00,יחידה,false,1,32.00,0.0000,false,1,14556
7290001230739,false,כאמל קופסא בודדת כחו,Unknown,,סיגריות כאמל כחול חפיסה בודד,יחידה,0.00,יחידה,false,1,32.00,0.0000,false,1,20118
7290001231233,false,סיגריות וינסטון בוקס,Unknown,,סיגריות וינסטון בוקס חפיסה בודד,Unknown,0.00,Unknown,false,1,34.30,0.0000,false,1,14544
7290001231932,false,ווינסטון כחול בוקס חפיסה,Unknown,,סיגריות וינסטון כחול בוקס חפיסה בודד,לא מנהל יחידת מידה,0.00,לא מנהל יחידת מידה,false,1,34.30,0.0000,false,1,14545
7290001235938,false,סיגריות וינסטון כחול,Unknown,,סיגריות וינסטון כחול 100 חפיסה בודד,לא מנהל יחידת מידה,0.00,לא מנהל יחידת מידה,false,1,34.30,0.0000,false,1,48072
7290001302194,false,ביסלי בטעם פלאפל 55 גרם אסם,"אסם השקעות בע""מ",IL,ביסלי פלאפל 55 גרם,גרמים,55.00,100 גרם,false,1,4.00,7.2727,true,1,166057
7290001302279,false,אוסם - במבה קלאסי 60 גרם,מיוצר עי קונדיטוריית,IL,במבה קלאסי כלפ.48*60גרם,גרמים,60.00,100 גרם,false,1,4.90,8.1667,true,1,166059
7290001305058,false,"פלמוליב - נטורלס תחליב רחצה חלב ודבש 500 מ""ל",הנסיך- מפעל לייצור ט,TR,פלמוליב סבון נוזלי חלב ודבש 750 מל,מיליליטרים,500.00,"100 מ""ל",false,1,19.90,3.9800,true,1,438
7290001305188,false,"נוזל לניקוי כלים בריח לימון פלמוליב 750 מ""ל",יבואן ומשווק: ש. שסט,GR,פלמוליב נוזל לניקוי כלים בריח לימון (כתום) 750 מל,מיליליטרים,750.00,"100 מ""ל",false,1,11.90,1.5867,true,1,441
7290001327180,false,שטראוס קרמיסימו וניל ציפ 1.33 ליטר,"גלידת שטראוס בע""מ, ר",IL,גלידה קרמיסימו וניל צ'יפ 1.33 ל',ליטרים,1.33,ליטר,false,1,26.90,20.2256,true,1,456
7290001407936,false,בארכה-טחינה גולמית מעודנת בקבוק לחיץ 310 ג',רושדי תעשיות מזון בע,IL,בארכה טחינה מעודנת 12*310גרם,גרמים,310.00,100 גרם,false,1,13.90,4.4839,true,1,176263
7290001419618,false,וופל בלגי עלמה שחור לבן וניל 200ג',"גילרו בע""מ",IL,ופלים בלגי שוקולד עלמה 200 גרם,גרמים,200.00,100 גרם,false,1,3.90,1.9500,true,1,66233
7290001419779,false,"וופל קלאסי בטעם שוקולד ""עלמה"" 200 גרם","גילרו בע""מ",IL,ופלים שוקולד עלמה 200 גרם,גרמים,200.00,100 גרם,false,1,3.90,1.9500,true,1,36902
7290001419793,false,גביעי גלידה מגולגל עלמה גילרו 30 יח',"גילרו בע""מ",IL,גביעי גלידה מגולגלים 12 יח,גרמים,132.00,100 גרם,false,1,11.90,9.0152,true,1,47927
7290001482186,false,אננס חתוך בסירופ קל וילי פוד 565 גר,הנסיך- מפעל לייצור ט,TH,ויליפוד חתיכות אננס בסירופ קל 565 גרם,גרמים,567.00,100 גרם,false,1,5.90,1.0406,true,1,86815
7290001491010,false,תה ירוק יסמין ויסוצקי 25 יחידות,תה ויסוצקי,IL,תה ירוק עם יסמין T.T,גרמים,37.00,100 גרם,false,1,25.90,70.0000,true,1,658
7290001509272,false,שוקיים פטם ארוז קפוא פרימיום,מילועוף,,"שוקיים פטם פרימיום קפוא ארוז לק""ג",קילוגרמים,1.00,"ק""ג",true,,35.90,35.9000,true,1,191679
7290001509296,false,שניצל פרוס פרימיום ק,מילועוף,,"שניצל פרוס פרימיום קפוא ארוז לק""ג",קילוגרמים,1.00,"ק""ג",true,,41.90,41.9000,true,1,191635
7290001509319,false,כנפיים פטם פרימיום ק,מילועוף,,"כנפיים פטם פרימיום קפוא ארוז לק""ג",קילוגרמים,1.00,"ק""ג",true,,20.90,20.9000,true,1,191636
7290001509326,false,פילה פטם ארוז קפוא פרימיום,,,פילה פטם ארוז קפוא פרימיום,קילוגרמים,1.00,"ק""ג",true,,53.00,53.0000,true,1,191638
7290001509340,false,כרעיים פטם ארוז קפוא פרימיום,מילועוף,,"כרעיים מקוצב פרימיום קפוא ארוז לק""ג",קילוגרמים,1.00,"ק""ג",true,,34.90,34.9000,true,1,191637
7290001516522,false,שוארמה פטם פרימיום ק,מילועוף,,"שוארמה פטם פרימיום קפוא ארוז לק""ג",קילוגרמים,1.00,"ק""ג",true,,75.00,75.0000,true,1,191643
7290001594025,false,"קוקה קולה זכוכית 350 מ""ל",החברה המרכזית לייצור,IL,"קוקה קולה קלאסי 350 מ""ל",מיליליטרים,330.00,"100 מ""ל",false,1,7.00,2.1212,true,1,20502
7290001594155,false,"קוקה-קולה בבקבוק אישי 500 מ""ל",החברה המרכזית לייצור,IL,"קוקה קולה 500 מ""ל",מיליליטרים,500.00,"100 מ""ל",false,1,7.50,1.5000,true,1,783
7290001594179,false,"פאנטה אורנג' בבקבוק אישי 500 מ""ל",החברה המרכזית לייצור,IL,"פאנטה אורנג' 500 מ""ל",מיליליטרים,500.00,"100 מ""ל",false,1,7.50,1.5000,true,1,785
7290001594230,false,קינלי סודה בבקבוק זכוכית,החברה המרכזית לייצור,IL,"קינלי סודה 250 מ""ל",מיליליטרים,250.00,"100 מ""ל",false,1,5.90,2.3600,true,1,788
7290001594377,false,פריגת תפוזים 0.5 ליטר חייב בפקדון,מבשלות בירה בינלאומי,IL,פריגת משקה קל תפוזים 500 מל,מיליליטרים,500.00,"100 מ""ל",false,1,7.90,1.5800,true,1,789
7290001594391,false,"פריגת משקה קל ענבים בבקבוק אישי 500 מ""ל",מבשלות בירה בינלאומי,IL,משקה קל פירות ענבים תפוחים 500 מל,מיליליטרים,500.00,"100 מ""ל",false,1,7.90,1.5800,true,1,791
7290001594520,false,"טובורג בקבוק 330 מ""ל פקדון",מבשלות בירה בינלאומי,IL,"טובורג בק 330 מ""ל פקדון",מיליליטרים,330.00,"100 מ""ל",false,1,9.50,2.8788,true,1,12253
7290001594568,false,"קרלסברג פחית 500 מ""ל פקדון",מבשלות בירה בינלאומי,RO,קלסברג בירה 500 מל,מיליליטרים,500.00,"100 מ""ל",false,1,9.90,1.9800,true,1,794
7290001594803,false,"שישיית בירה טובורג ירוק 330 מ""ל",קרלסברג ישראל,,"בירה טובורג"" גרין ""בקבוק 1/6",ליטרים,1.98,ליטר,false,1,32.90,16.6162,true,1,796
7290001594858,false,"טובורג רד שישייה בקבוק 330 מ""ל",קרלסברג ישראל,IL,"בירה טובורג רד שישייה בקבוק 330 מ""ל",ליטרים,1.98,ליטר,false,1,36.90,18.6364,true,1,801
7290001594865,false,"קרלסברג בירה בקבוק 6* 330 מ""ל",קרלסברג ישראל,IL,"בירה קרלסברג מארז שישייה בקבוק 330 מ""ל",ליטרים,1.98,ליטר,false,1,36.90,18.6364,true,1,802
7290001670057,false,כפיות לבן 100 יחידות,הנמל אריזות ושיווק ב,IL,הנמל כפיות לבן 100 יחידות,Unknown,0.00,Unknown,false,1,12.90,0.0000,true,1,17838
7290001670071,false,כפות חד פעמי לבן 100 יח',הנמל אריזות ושיווק ב,IL,הנמל כפות לבן 100 יחידות,Unknown,0.00,Unknown,false,1,15.90,0.0000,true,1,12949
7290001670873,false,"צלחות גדולות לבנות קשיח ח""פ הנמל 66יח'",הנמל אריזות ושיווק ב,IL,צלחות עבות במיוחד 66 יחידות,קילוגרמים,1.00,"ק""ג",false,1,54.90,54.9000,true,1,12950
7290001710111,false,נקניקיות מרגז ארוז 500 גר,לאטי עזרא גלם ודגים,IL,נקניקיות מרגז 500 גר,גרמים,500.00,100 גרם,false,1,26.90,5.3800,true,1,145138
7290001710128,false,נקניקיות צוריסוס ארוז 500 גר,מעדני הטלה,,"נקניקיות צ""וריסוס 500 גר",גרמים,500.00,100 גרם,false,1,26.90,5.3800,true,1,145093
7290001710357,false,עוף שלם קפוא,לאטי עזרא,,"עוף שלם קפוא לק""ג",קילוגרמים,1.00,"ק""ג",true,,30.00,30.0000,true,1,154343
7290001710548,false,כנפיים עוף קפוא לקג,לאטי עזרא,,כנפיים עוף קפוא לקג,קילוגרמים,1.00,"ק""ג",true,,12.90,12.9000,true,1,149277
7290001710661,false,חזה עוף קפוא,מעדני הטלה והעגל,,חזה עוף קפוא קג,קילוגרמים,1.00,"ק""ג",true,,34.90,34.9000,true,1,149278
7290001710784,false,נקניקיות צ'וריסוס מע,מעדני הטלה,,"מיני צ""וריסוס 500 גר """,גרמים,500.00,100 גרם,false,1,29.90,5.9800,true,1,154251
7290001710814,false,טחון בקר 500 גר,מעדני הטלה,,"טחון בקר 500 גר """,גרמים,500.00,100 גרם,false,1,26.90,5.3800,true,1,145408
7290001710869,false,"שניצל עוף קפוא לק""ג",לאטי עזרא,,"שניצל עוף קפוא לק""ג",קילוגרמים,1.00,"ק""ג",true,,47.00,47.0000,true,1,151546
7290001713105,false,עלמה נייר אפיה 42*37 50 יח',קומפלקס כימיקלים,IL,עלמה נייר אפייה 50 יחידות,יחידה,50.00,יחידה,false,1,8.90,0.1780,true,1,205985
7290001713211,false,נוזל רצפות סופר מבושם מאסק 2.5 ליטר,ABC,TR,נוזל רצפות סופר מבושם מאסק 2.5 ליטר,ליטרים,2.50,ליטר,false,1,14.90,5.9600,true,1,205988
7290001713228,false,מנקה רצפות סופר מבושם כחול 2.5 ל',ABC,TR,נוזל רצפות סופר מבושם כחול 2.5 ליטר,ליטרים,2.50,ליטר,false,1,14.90,5.9600,true,1,205989
7290001713501,false,"רדיד אלומיניום עלמה עבה 45 ס""מ 50 מ' סנט מוריץ",קומפלקס כימיקלים,IL,עלמה רדיד אלומיניום עלמה עבה 45 סמ 50 מ,יחידה,1.00,יחידה,false,1,38.90,38.9000,true,1,206202
7290001713662,false,מרכך כביסה pure בניחוח מלון רויאל 1 ל' סנט מוריץ,"קומפלקס כימיקלים בע""",TR,מרכך כביסה מרוכז בניחוח בית מלון רויאל 1,ליטרים,1.00,ליטר,false,1,11.90,11.9000,true,1,205995
7290001713860,false,PURE מרכך כביסה בניחוח מלון ספא 1 ליטר,"קומפלקס כימיקלים בע""",TR,מרכך כביסה מרוכז בניחוח בית מלון ספא 1 ל,ליטרים,1.00,ליטר,false,1,11.90,11.9000,true,1,205998
7290001713884,false,עלמה מטליות מיקרופייבר שלישייה לרצפה,קומפלקס כימיקלים,CN,עלמה מיקרופייבר מטליות רצפה שלישייה,יחידה,3.00,יחידה,false,1,14.90,4.9667,true,1,205999
7290001713891,false,עלמה מיקרופייבר חמישייה לניקוי חמישייה סנט מוריץ,קומפלקס כימיקלים,CN,עלמה מיקרופייבר לניקוי שיש חמישייה,יחידה,5.00,יחידה,false,1,9.90,1.9800,true,1,206000
7290001713921,false,אקונומיקה bleach מבושמת 4 ל' סנט מוריץ,"קומפלקס כימיקלים בע""",IL,אקונומיקה מבושמת סנט מוריץ 4 ליטר,ליטרים,4.00,ליטר,false,1,11.90,2.9750,true,1,206002
7290001713938,false,ניילון נצמד 150 מטר קומפלקס,קומפלקס כימיקלים,IL,עלמה ניילון נצמד 150 מטר,מטרים,150.00,מטר,false,1,18.90,0.1260,true,1,206203
7290001723357,false,מוצץ סיליקון אורטודנ,הדקלאים אגודת שיתופי,DE,טוליפס 2 מוצצי סיליקון אורטודנטי בינוני עם ידיות,Unknown,0.00,Unknown,false,1,25.90,0.0000,true,1,184583
7290001780800,false,קראנץ ליבת נוגט+אורז תפוח כלפ28*100ג,נסטלה גלידות,IL,שלגון קראנץ ליבת נוגט,Unknown,0.00,Unknown,false,1,10.50,0.0000,true,1,22340
7290001791349,false,פיסגה אקונומיקה ריחנית סנו 4 ליטר,"סנו מפעלי ברונוס בע""",IL,אקונומיקה ריחנית פיסגה 4 ליטר,ליטרים,4.00,ליטר,false,1,11.90,2.9750,true,1,42106
7290001791363,false,"מטהר אויר בניחוח וניל קוקוס מילוי סנו 250 מ""ל",סנו מפעלי ברונוס בעמ,IL,סנו פרש אוטומטי מבשם אוויר וניל וקוקוס 250 מל,גרמים,250.00,100 גרם,false,1,17.90,7.1600,true,1,34783
7290001791776,false,"סנו-די דוחה יתושים רול און עם אלוורה סנו 50 מ""ל",גוד פוד פרודקטס S.p,IL,סנו די פלוס אלוורה כדורית 50 מל,מיליליטרים,50.00,"100 מ""ל",false,1,19.90,39.8000,true,1,41791
7290001817728,false,צ'יטוס אפוי כאפה בטעם קטשופ 55 גרם,"שטראוס פריטו ליי בע""",IL,"חטיף צ""יטוס כאפה 55 גר",גרמים,55.00,100 גרם,false,1,3.50,6.3636,true,1,957
7290001896556,false,כבד פרימיום קפוא ארו,,,כבד פרימיום קפוא ארוז לקג,קילוגרמים,1.00,"ק""ג",true,,23.90,23.9000,true,1,191641
7290001990094,false,"סוכר חום כהה צנצנת קלאסי סוגת 1ק""ג",האי נאם סי או אל.טי.,IL,"סוכר חום בצנצנת סוגת 1 ק""ג",קילוגרמים,1.00,"ק""ג",false,1,15.90,15.9000,true,1,16316
7290001990117,false,שומשום סוגת 100 גרם,האי נאם סי או אל.טי.,IL,שומשום 100 גר',גרמים,100.00,100 גרם,false,1,4.20,4.2000,true,1,41844
7290001990148,false,"סוכר גולדן קלאסי בצנצנת 1 ק""ג סוגת",האי נאם סי או אל.טי.,IL,סוכר גולדן קלאסי צנצנת 1 קג,קילוגרמים,1.00,"ק""ג",false,1,11.50,11.5000,true,1,16443
7290002000143,false,"חדש -פנג'ל ק.ידיים קלאסיק 80מ""ל",מיוצר עי קונדיטוריית,IL,פנג'ל קרם ידיים קלאסיק 80 מל,מיליליטרים,80.00,"100 מ""ל",false,1,8.80,11.0000,true,1,1147
7290002002857,false,ניירות להסרת שיער בשעווה 50 יחידות,"איטיליאן פוד, אס.פי.",FR,נייר מגע המשי להסרת שיער 50 יח,יחידה,1.00,יחידה,false,1,21.90,21.9000,true,1,1173
7290002007241,false,סודה לשתיה 50 ג' הנמל,"מיוצר וארוז ע""י: BAS",IL,סודה לשתייה 50גרם הנמל,גרמים,50.00,100 גרם,false,1,2.00,4.0000,true,1,1182
7290002007500,false,קיסמי שיניים במבוק בחבית 500 יח',הנמל אריזות ושיווק ב,CN,קסמים חבית 500 יחידות,לא מנהל יחידת מידה,0.00,לא מנהל יחידת מידה,false,1,4.90,0.0000,true,1,1188
7290002007890,false,כוסות שתייה קרה 100 יח` 200 PP מל`,אריזות מדף - פלזית,IL,כוס שתיה קרה 100 יח,יחידה,100.00,יחידה,false,1,11.90,0.1190,true,1,1192
7290002007982,false,מזלגות חד פעמי 100 יח',הנמל אריזות ושיווק ב,IL,"הנמל מזלגות, 100 יחידות",Unknown,0.00,Unknown,false,1,15.90,0.0000,true,1,12959
7290002008040,false,שיפודי במבוק הנמל 100 יחידות,הנמל אריזות ושיווק ב,IL,הנמל שיפודי במבוק 100 יחידות,Unknown,0.00,Unknown,false,1,4.50,0.0000,true,1,1194
7290002008057,false,"תמצית אפייה בטעם רום 55 מ""ל הנמל",ממתקי עלה יצור שיווק,IL,הנמל תמצית אפייה בטעם רום 55 מל,מיליליטרים,55.00,"100 מ""ל",false,1,3.90,7.0909,true,1,1195
7290002008071,false,עטרות חום 2 מספר הנמל,הנמל אריזות ושיווק ב,IL,הנמל עטרות נייר אפייה מספר 2 130 יחידות,לא מנהל יחידת מידה,0.00,לא מנהל יחידת מידה,false,1,4.90,0.0000,true,1,1196
7290002008149,false,מדליק פחם מוצק הנמל אריזת 40יח',מ.א.יצור ויבוא מטליו,IL,"הנמל מדליק פחם מוצק, 40 יחידות",Unknown,0.00,Unknown,false,1,7.90,0.0000,true,1,1198
7290002008187,false,קשים לשתיה מתקפלים 40 יח',"איטיליאן פוד, אס.פי.",CN,קשים מתקפלים לשתיה 40 יח,לא מנהל יחידת מידה,0.00,לא מנהל יחידת מידה,false,1,1.90,0.0000,true,1,1199
7290002008309,false,עטרות נייר חום לעוגה מס' 4 הנמל 130יח',הנמל אריזות ושיווק ב,IL,"הנמל עטרות נייר אפייה מספר 4 , 130 יח'",לא מנהל יחידת מידה,0.00,לא מנהל יחידת מידה,false,1,5.90,0.0000,true,1,1203
7290002008651,false,קמח תפוחי אדמה הנמל 500 גרם,ר.ס. חברה ליבוא וייצ,IL,הנמל קמח תפוח אדמה 500,גרמים,500.00,100 גרם,false,1,6.90,1.3800,true,1,88248
7290002008743,false,סוכר וניל 10*10 ג' הנמל,"מיוצר וארוז ע""י: ר.ס",IL,הנמל סוכר וניל 10 יחידות,גרמים,100.00,100 גרם,false,1,3.00,3.0000,true,1,1210
7290002019794,false,רוטב עגבניות מרוכז מאוד 100 גרם פריניר,פריניר ( הדס 1987) ב,IL,רסק עגבניות 22% פרי ניר 100 גרם,גרמים,100.00,100 גרם,false,1,2.50,2.5000,true,1,1247
7290002022152,false,מרשמלו ורוד לבן וסטהיים 100ג36X שקיות בקרטון,מנדלז סי.אר. פרודקשן,IL,מרשמלו ורוד לבן וסטהיים 100ג36X שקיות בקרטון,גרמים,100.00,100 גרם,false,1,4.90,4.9000,true,1,187543
7290002026303,false,"גלידת שורטי דולצה דה לצה 150 מ""ל",מוצרי איכות אמריקאיי,IL,"דולצ'ה דה לצ'ה 150 מ""ל - שורטי",מיליליטרים,150.00,"100 מ""ל",false,1,10.90,7.2667,true,1,1254
7290002037309,false,שמיניית לחמניות המבורגר,מאפית י את א ברמן בע,IL,8 לחמניות המבורגר,גרמים,300.00,100 גרם,false,1,13.90,4.6333,true,1,1274
7290002037637,false,חליות מתוקות מארז 4יח',מאפית י את א ברמן בע,IL,לחמניות הבית של ודש 4 בשקית,גרמים,350.00,100 גרם,false,1,13.90,3.9714,true,1,1283
7290002043072,false,אקסטרה פריכוני אורז בציפוי שוקולד חלב בלגי 70 גר,נוהלס,BG,פריכוני אורז חום מלא בציפוי שוקו חלב70ג,גרמים,70.00,100 גרם,false,1,7.90,11.2857,true,1,194363
7290002057123,false,זיתים ירוקים מנזנילו קבוצת יבנה 560 גרם,קבוצת יבנה,IL,זיתים ירוקים מנזנילו ללא גלעין 540 יבנה,גרמים,540.00,100 גרם,false,1,9.50,1.7593,true,1,1336
7290002057185,false,טבעות זיתים ירוקים קבוצת יבנה 560 גרם,קבוצת יבנה,IL,טבעות זיתים ירוקים 540 גרם יבנה,גרמים,540.00,100 גרם,false,1,9.90,1.8333,true,1,1339
7290002057352,false,מלפפון יבנה במלח גדולים 7-9 320 גרם,קבוצת יבנה מוצרי מזו,IL,קבוצת יבנה מלפפונים גדולים במלח 560 גרם,גרמים,540.00,100 גרם,false,1,6.80,1.2593,true,1,1343
7290002057369,false,מלפפונים במלח בינוני קבוצת יבנה 560 גרם,קבוצת יבנה,IL,מלפפונים במלח יבנה10-12 540 גרם,גרמים,540.00,100 גרם,false,1,8.50,1.5741,true,1,1344
7290002057376,false,מלפפון יבנה במלח קטנים 13-17 320 גרם,קבוצת יבנה,IL,13-17 מלפפונים במלח קטן,גרמים,540.00,100 גרם,false,1,10.90,2.0185,true,1,1345
7290002057437,false,שיפקונית קבוצת יבנה,קבוצת יבנה,IL,2Aשיפקונית יבנה 540גרם,גרמים,540.00,100 גרם,false,1,10.90,2.0185,true,1,202679
7290002057451,false,מלפפון בחומץ ‏9‏-‏7‏ %‏20‏ 560 ג' יבנה,אף.סי תבליני בגליל ב,IL,קבוצת יבנה מלפפונים גדולים בחומץ 7-9 גדול 560 גרם,גרמים,540.00,100 גרם,false,1,6.80,1.2593,true,1,1348
7290002057468,false,מלפפונים בחומץ בינוני קבוצת יבנה 560 גרם,קבוצת יבנה,IL,מלפפונים בחומץ יבנה10-12 540 גרם,גרמים,540.00,100 גרם,false,1,8.50,1.5741,true,1,15288
7290002057475,false,מלפפונים בחומץ קטן קבוצת יבנה 560 גרם,קבוצת יבנה,IL,מלפפון קטן בחומץ 13-17 540גרם יבנה,גרמים,540.00,100 גרם,false,1,10.90,2.0185,true,1,15298
7290002065555,false,"לחמניות שישיה בשקית ""אנג'ל""",מאפיית שלמה א. אנג'ל,IL,אנג'ל הלחמניה -450 גרם,גרמים,450.00,100 גרם,false,1,10.90,2.4222,true,1,1376
7290002065616,false,לחם שיפון גרעינים פרוס אחדות 750 גרם,מאפיית שלמה א. אנג'ל,IL,לחם שיפון גרעינים 750 גרם,גרמים,750.00,100 גרם,false,1,14.90,1.9867,true,1,57024
7290002096009,false,עוגיות דובשנית חפץ 4,חפץ,,דובשניות רגילות450 גר .ש.חפץ,גרמים,450.00,100 גרם,false,1,10.90,2.4222,true,1,1436
7290002128083,false,נרות חנוכה רגיל 44יח-מנורה,,,נרות חנוכה בקופסא 44 יחידות,יחידה,1.00,יחידה,false,1,7.90,7.9000,true,1,182882
7290002128205,false,נרות לא נוטפים 45יח-מנורה,,,נרות חנוכה לוקס,יחידה,1.00,יחידה,false,1,13.90,13.9000,true,1,21029
7290002128335,false,כוסות שתייה חמה50 יח,טיי פרידה,CN,כוסות שתייה חמה50 יח OZ8,יחידה,1.00,יחידה,false,1,13.90,13.9000,true,1,192435
7290002128403,false,נרות שולחן אורה 4 יחידות,קריות זול,IL,נרות שבת אורה מספר 4,יחידה,1.00,יחידה,false,1,3.90,3.9000,true,1,176401
7290002129370,false,"פילה אמנון 5-7 ללא עור בעל""ז",דלידג,IL,פילה אמנון בלי עור דלי דג,קילוגרמים,1.00,"ק""ג",true,,28.90,28.9000,true,1,185553
7290002130567,false,דבש טהור מפרחי בר בזכוכית 350 גרם,מכוורת יד מרדכי שטרא,IL,דבש דבורים טהור יד מרדכי 350 גרם,גרמים,350.00,100 גרם,false,1,19.90,5.6857,true,1,1514
7290002130574,false,דבש טהור מפרחי בר בזכוכית 500 ג' יד מרדכי,מכוורת יד מרדכי שטרא,IL,דבש דבורים טהור 500 גרם,גרמים,500.00,100 גרם,false,1,26.60,5.3200,true,1,1515
7290002132011,false,עוגיות מזרחיות מלוחות עבאדי 400 גרם,מאפיית יוסף ושמחה עב,IL,"עבאדי עוגיות מזרחיות שומשום, 400 גרם",גרמים,400.00,100 גרם,false,1,19.90,4.9750,true,1,1518
7290002193197,false,מסרק לכינים שיני מתכ,פרגון,,מסרק לכינים שיני מתכת,Unknown,0.00,Unknown,false,1,10.00,0.0000,true,1,67401
7290002232995,false,ציפוי לשניצל פז 500 גרם דגש,פ.פ.ח. שאביט,IL,בריאות וטבע ציפוי פז מתובל 500 גרם,גרמים,500.00,100 גרם,false,1,27.90,5.5800,true,1,142301
7290002253006,false,שום כתוש בצנצנת 200 גר דורות,עיצובים 2020 (3.8),IL,דורות שום כתוש טרי2 12*200גרם,גרמים,200.00,100 גרם,false,1,19.90,9.9500,true,1,1693
7290002253150,false,קוביות בזיליקום קצוץ דורות 70 גרם,עיצובים 2020 (3.8),IL,בזיליקום קצוץ במגשית דורות 70 גרם,גרמים,70.00,100 גרם,false,1,9.90,14.1429,true,1,1695
7290002253167,false,פטרוזיליה קצוצה דורות 70 גרם,עיצובים 2020 (3.8),IL,דורות פטרוזיליה קצוצה 32*70גרם,גרמים,70.00,100 גרם,false,1,9.90,14.1429,true,1,1696
7290002253174,false,קוביות שמיר קצוץ דורות 70 גרם,עיצובים 2020 (3.8),IL,דורות שמיר קצוץ 32*70גרם,גרמים,70.00,100 גרם,false,1,11.10,15.8571,true,1,16538
7290002253181,false,קוביות כוסברה קצוצה דורות 70 גרם,עיצובים 2020 (3.8),IL,דורות כוסברה קצוצה 32*70גרם,גרמים,70.00,100 גרם,false,1,11.10,15.8571,true,1,1697
7290002317128,false,מלפפון 560ג במלח 10-12 A2 מטולה,שימורי מוטולה,IL,מלפפון במלח 10-12 A2 מוטולה 320 גרם,גרמים,320.00,100 גרם,false,1,9.90,3.0938,true,1,207268
7290002317265,false,מלפפון 650ג במלח +20% 7-9 A2 מטולה,שימורי מוטולה,IL,מלפפון במלח +20%מוטולה 7-9 380A2גרם,גרמים,380.00,100 גרם,false,1,7.90,2.0789,true,1,61710
7290002317289,false,חצילים כבושים מוטול,שימורי מוטולה,IL,חצילים כבושים מוטולה 320גרם,גרמים,320.00,100 גרם,false,1,8.90,2.7813,true,1,207271
7290002317319,false,מלפפון 650ג בחומץ +20% 7-9 A2 מטולה,שימורי מוטולה,IL,מלפפון בחומץ +20% 7-9 A2 מוטולה 320 גרם,גרמים,320.00,100 גרם,false,1,7.90,2.4688,true,1,207266
7290002317579,false,זיתים טבעות ירוק 560ג A2 מטולה,שימורי מוטולה,IL,זיתים טבעות ירוק A2 מוטולה 560גרם,גרמים,560.00,100 גרם,false,1,9.90,1.7679,true,1,207265
7290002317661,false,זיתים מנזלינו גדול מ,שימורי מוטולה,IL,זיתים מנזולינו גדול מוטולה 330 גרם צנצנ,גרמים,330.00,100 גרם,false,1,9.90,3.0000,true,1,207247
7290002319016,false,אבקת אפיה מיה מארז 10X10 ג',"מיה תעשיות מזון בע""מ",IL,אבקת אפיה מיה עשיריות 100גרם,גרמים,100.00,100 גרם,false,1,2.90,2.9000,true,1,206781
7290002319023,false,סוכר וניל מיה עשיריו,"מיה תעשיות מזון בע""מ",IL,סוכר וניל מיה עשיריות 100גרם,גרמים,100.00,100 גרם,false,1,2.90,2.9000,true,1,206782
7290002319054,false,פרג טחון מיה 100 גרם,מיה תעשיות מזון,IL,פרג טחון מיה 100 גרם,גרמים,100.00,100 גרם,false,1,6.90,6.9000,true,1,206771
7290002319061,false,קוקוס טחון מיה 100 גרם,מיה,IL,קוקוס טחון מיה 100 גרם,גרמים,100.00,100 גרם,false,1,3.90,3.9000,true,1,135223
7290002319078,false,שומשום מיה 100 גרם,"מיה תעשיות מזון בע""מ",IL,שומשום מיה 100 גרם,גרמים,100.00,100 גרם,false,1,3.90,3.9000,true,1,206795
7290002319139,false,שעועית לבנה יבשה מיה 500 ג',"מיה תעשיות מזון בע""מ",IL,שעועית לבנה מיה 500 גרם,גרמים,500.00,100 גרם,false,1,9.90,1.9800,true,1,206790
7290002319160,false,אפונה ירוקה יבשה מיה 500 ג',"מיה תעשיות מזון בע""מ",IL,אפונה מיה 500 גרם,גרמים,500.00,100 גרם,false,1,4.90,0.9800,true,1,206800
7290002319177,false,פופקורן גרעינים מיה 500 גר',"מיה תעשיות מזון בע""מ",IL,פופקורן מיה 500 גרם,גרמים,500.00,100 גרם,false,1,4.90,0.9800,true,1,206801
7290002319184,false,עדשים אדומים יבשים מיה 500 גר',"מיה תעשיות מזון בע""מ",IL,עדשים אדומות מיה 500 גרם,גרמים,500.00,100 גרם,false,1,6.90,1.3800,true,1,206775
7290002319191,false,עדשים ירוקים יבשים מיה 500 גר',"מיה תעשיות מזון בע""מ",IL,עדשים ירוקות מיה 500 גרם,גרמים,500.00,100 גרם,false,1,6.90,1.3800,true,1,206802
7290002319788,false,"תמצית אפיה רום 50 מ""ל מיה","מיה תעשיות מזון בע""מ",IL,תמצית אפיה רום מיה 50מל,מיליליטרים,50.00,"100 מ""ל",false,1,3.90,7.8000,true,1,206774
7290002319825,false,אבקת סוכר מיה 100 גרם,"מיה תעשיות מזון בע""מ",IL,אבקת סוכר מיה 100 גרם,גרמים,100.00,100 גרם,false,1,2.50,2.5000,true,1,206830
7290002331018,false,"נביעות מים עם פקק ספורט 500מ""ל",נביעות טבע הגליל בעמ,IL,נביעות 500 פ.שטוח פיקדון,מיליליטרים,500.00,"100 מ""ל",false,1,3.90,0.7800,true,1,14375
7290002331025,false,"מים מינרלים נביעות ספורט 500 מ""ל פקדון",נביעות טבע הגליל בעמ,IL,נביעות 500 TO GO פקדון,מיליליטרים,500.00,"100 מ""ל",false,1,3.90,0.7800,true,1,1841
7290002331094,false,"נביעות+ מים טעם ענבים 755מ""ל",נביעות טבע הגליל בעמ,IL,"נביעות 755 מ""ל",מיליליטרים,755.00,"100 מ""ל",false,1,4.90,0.6490,true,1,1842
7290002331155,false,מים נביעות בטעם אפרסק 0.5 ליטר,נביעות טבע הגליל בעמ,IL,"נביעות + בטעם אפרסק 500 מ""ל",מיליליטרים,500.00,"100 מ""ל",false,1,8.90,1.7800,true,1,33900
7290002331360,false,"נביעות מים מינרליים טו גו מארז 500X6מ""ל",קריות זול,IL,"מים נביעות TO GO שישייה בקבוק 500 מ""ל",ליטרים,3.00,ליטר,false,1,15.90,5.3000,true,1,1847
7290002331483,false,"שישיית נביעות אישי בייבי 320 מ""ל",נביעות טבע הגליל בעמ,IL,נביעות בייבי מים מינרליים טבעיים 1.92 ליטר,ליטרים,1.92,ליטר,false,1,13.90,7.2396,true,1,161541
7290002331490,false,מים מינרליים נביעות 1 ליטר,נביעות טבע הגליל בעמ,IL,נביעות 1 ליטר,ליטרים,1.00,ליטר,false,1,4.90,4.9000,true,1,163755
7290002331711,false,נביעות+מים מינרליים בטעם ענבים,נביעות טבע הגליל בעמ,IL,"נביעות + בטעם ענבים 500 מ""ל",מיליליטרים,500.00,"100 מ""ל",false,1,8.90,1.7800,true,1,43071
7290002371533,false,דקניקים סלסולי פסטרמה בדבש 120 ג' טירת צבי,הנסיך- מפעל לייצור ט,IL,סלסולי פסטרמה דבש 120 גרם,גרמים,120.00,100 גרם,false,1,15.90,13.2500,true,1,161459
7290002410881,false,לבבות עוף,לאטי עזרא,,לבבות עוף 500 גרם,גרמים,500.00,100 גרם,false,1,18.90,3.7800,true,1,170069
7290002461180,false,כרעיים עוף ארוז,מעדני הטלה והעגל,,כרעיים עוף ארוז קג,קילוגרמים,1.00,"ק""ג",true,,32.90,32.9000,true,1,149279
7290002472629,false,עוגת שמרים ושוקולד,"גידרון תעשיות בע""מ",,עוגת שמרים ושוקולד,גרמים,540.00,100 גרם,false,1,14.90,2.7593,true,1,14582
7290002472667,false,עוגת שמרים גבינה,"גידרון תעשיות בע""מ",,עוגת שמרים גבינה,גרמים,520.00,100 גרם,false,1,21.90,4.2115,true,1,14581
7290002502166,false,בונז'ור חצי באגט 60*,בונז'ור,,חצי באגט לבן,Unknown,0.00,Unknown,false,1,3.00,0.0000,true,1,47583
7290002507277,false,קציצות דג דלידג 700 גרם,אף.סי תבליני בגליל ב,IL,קציצות דג 700 גרם,גרמים,700.00,100 גרם,false,1,27.90,3.9857,true,1,180972
7290002517269,false,"פלפל שחור שלם 350 גרם ""טעם וריח""",תות ממתקי איכות,IL,תבליני טעם וריח פלפל שחור שלם 35 גרם,גרמים,35.00,100 גרם,false,1,9.90,28.2857,true,1,42112
7290002517276,false,תבלין פלפל אנגלי שלם 25ג',תות ממתקי איכות,IL,תבליני טעם וריח מיכל קטן פלפל אנגלי שלם 25 גרם,גרמים,25.00,100 גרם,false,1,6.90,27.6000,true,1,41758
7290002517290,false,תבלין קינמון טחון 40 גר' מיכל,"תבליני טעם וריח בע""מ",IL,"תבליני טעם וריח, 100% קינמון טחון, 40 גרם",גרמים,40.00,100 גרם,false,1,6.90,17.2500,true,1,41759
7290002517337,false,תבלין אורגנו עלים 20 גר',"תבליני טעם וריח בע""מ",IL,תבליני טעם וריח 100% אורגנו 20 גרם,גרמים,20.00,100 גרם,false,1,5.90,29.5000,true,1,40205
7290002517375,false,תבלין בזיליקום 30 גר' שק',"תבליני טעם וריח בע""מ",IL,"תבליני טעם וריח, 100% בזיליקום (ריחן), 30 גרם",גרמים,30.00,100 גרם,false,1,5.90,19.6667,true,1,42114
7290002517634,false,כוזברה 30 גר מיכל קט,תות ממתקי איכות,IL,תבליני טעם וריח כוסברה 30 גרם,גרמים,30.00,100 גרם,false,1,6.90,23.0000,true,1,40776
7290002517726,false,תבלין מקלות קינמון 15ג',"תבליני טעם וריח בע""מ",IL,תבליני טעם וריח מקלות קינמון 100%,גרמים,15.00,100 גרם,false,1,6.90,46.0000,true,1,40785
7290002517733,false,תבלין קצח טעם וריח 4,תות ממתקי איכות,IL,"תבליני טעם וריח, 100% קצח, 40 גרם",גרמים,40.00,100 גרם,false,1,6.90,17.2500,true,1,40786
7290002517825,false,"פלפל לבן טחון 40 גרם ""טעם וריח""","תבליני טעם וריח בע""מ",IL,"תבליני טעם וריח, 100% פלפל לבן טחון, 40 גרם",גרמים,40.00,100 גרם,false,1,9.90,24.7500,true,1,40795
7290002517863,false,תבלין ציפורן טחון 80ג',"תבליני טעם וריח בע""מ",IL,"תבליני טעם וריח, ציפורן טחון 100%, 40 גרם",גרמים,40.00,100 גרם,false,1,9.90,24.7500,true,1,40799
7290002542506,false,"בקבוק בירה קורונה 355 מ""ל",קריניציה ויטמינה אס,MX,בירה קורונה אקסטרה 355 מל,מיליליטרים,355.00,"100 מ""ל",false,1,10.90,3.0704,true,1,67117
7290002542773,false,"בירה סטלה ארטואה בקבוק 330 מ""ל",סטלה,BE,סטלה ארטואה בק 330 מל,מיליליטרים,330.00,"100 מ""ל",false,1,9.90,3.0000,true,1,194467
7290002542780,false,"שישייה בירה סטלה ארטואה בקבוק 330X6 מ""ל",סטלה,BE,סטלה ארטואה שישיה 6 בק*330 מל,ליטרים,1.32,ליטר,false,1,39.90,30.2273,true,1,194468
7290002551003,false,סטארקיסט טונה בשמן בודד 160ג',סטאר קיסט,,טונה בשמן סטארקיסט 160 גרם,גרמים,160.00,100 גרם,false,1,8.50,5.3125,true,1,2136
7290002551010,false,טונה סטארקיסט במים 160 גרם,"סטארקיסט פודור בע""מ",TR,ס.ק טונה במים 160גרם-בי,גרמים,160.00,100 גרם,false,1,8.50,5.3125,true,1,2137
7290002596523,false,סטייק אנטריקוט משובח,לאטי עזרא גלם ודגים,IL,"סטייק אנטריקוט בואקום לק""ג",קילוגרמים,1.00,"ק""ג",true,,99.90,99.9000,true,1,65659
7290002627210,false,"גפילטעפיש קציצות מדגי קרפיון וכסיף 560 גר' בעל""ז",האי נאם סי או אל.טי.,IL,גפילטע פיש דלידג בצנצנת 560 גרם,גרמים,560.00,100 גרם,false,1,14.90,2.6607,true,1,189837
7290002627616,false,פילה אמנון דלידג 7-9,מאומינג שינזו סאיפוד,CN,פילה אמנון דלידג 7-9 ארוז מהדרין,קילוגרמים,1.00,"ק""ג",true,,32.90,32.9000,true,1,193741
7290002657866,false,פילה אמנון קפוא דלידג,גואנדונג יוג'יה סיפו,IL,פילה אמנון דלידג,קילוגרמים,1.00,"ק""ג",true,,28.90,28.9000,true,1,160398
7290002730262,false,"נוזל לניקוי כלים קלאסי פלמוליב 750 מ""ל",יבואן ומשווק: ש. שסט,GR,פלמוליב נוזל לניקוי כלים קלאסי 750 מל,מיליליטרים,750.00,"100 מ""ל",false,1,11.90,1.5867,true,1,2281
7290002730521,false,צימרוני אוזניים בלונס בקופסא 200 יח',קריות זול,GR,צמרוני אוזניים בלונס,גרמים,66.00,100 גרם,false,1,6.90,10.4545,true,1,2283
7290002730538,false,בלונס פדים להסרת איפור 80 יח',הנסיך- מפעל לייצור ט,GR,בלונס פדיות להסרת איפור 80 יחידות,לא מנהל יחידת מידה,0.00,לא מנהל יחידת מידה,false,1,10.80,0.0000,true,1,2284
7290002730941,false,צמר גפן פרוס בלונס 100 גרם,הנסיך- מפעל לייצור ט,GR,בלונס פסי צמר גפן 100 גרם,גרמים,100.00,100 גרם,false,1,5.80,5.8000,true,1,12264
7290002752332,false,"סוכריות מנטוס פירות בגליל, 37.5 גרם",הדקלאים אגודת שיתופי,NL,מנטוס סוכריות לעיסה בטעם פירות 37.5 גרם,גרמים,38.00,100 גרם,false,1,3.90,10.2632,true,1,2296
7290002752349,false,סוכריות מנטוס מנטה 40יח' בגליל 38ג',פרפטי ואן מלה,NL,גליל מנטוס סוכריות לעיסה בטעם מנטה,גרמים,38.00,100 גרם,false,1,3.90,10.2632,true,1,12176
7290002766056,false,עגבניות שרי קופסא ליח',רון שרי,IL,עגבניות שרי תמר לב 500 גרם,גרמים,500.00,100 גרם,false,1,7.90,1.5800,true,1,184706
7290002771111,false,קפה עם הל אל נחלה 250 גרם,מולינו ניקולי s.p.a,IL,אל נחל'ה קפה קלוי וטחון עם הל 250 גרם,גרמים,250.00,100 גרם,false,1,17.90,7.1600,true,1,2306
7290002771128,false,קפה אלנח'לה בלי הל 250 ג',מולינו ניקולי s.p.a,IL,קפה תורכי נחלה 250 גרם,גרמים,250.00,100 גרם,false,1,17.90,7.1600,true,1,15310
7290002793311,false,שירות והחלפה מילוי גז 60 סודהסטרים,סודה סטרים,IL,שרות החלפה מילוי גז 60,יחידה,0.00,יחידה,false,1,59.00,0.0000,true,1,65636
7290002805151,false,סיף פנטסטיק לרצפות בניחוח סחלבים 4ל',יוניליוור ישראל טיפו,IL,cif פנטסטיק שמפו רצפות בניחוח סחלבים,ליטרים,4.00,ליטר,false,1,21.90,5.4750,true,1,2341
7290002812522,false,סיגריות פרלמנט (חפיס,פיליפ מוריס,,פרלמנט נייט 100PP חפיסה,יחידה,1.00,יחידה,false,1,41.70,41.7000,false,1,14565
7290002814016,false,"מסיר שומנים קר מתז סנט מוריץ 750מ""ל","קומפלקס כימיקלים בע""",IL,מסיר שומנים 750 מל,מיליליטרים,750.00,"100 מ""ל",false,1,16.90,2.2533,true,1,2348
7290002814290,false,BLANCO קצף אקונומיקה מרוכז 1 ליטר בניחוח לימון,קומפלקס כימיקלים,IL,בלאנקו קצף אקונומיקה מרוכז 7% חומר פעיל,ליטרים,1.00,ליטר,false,1,12.90,12.9000,true,1,206008
7290002814481,false,עלמה שקיות מזון בקופסא 150 יח' מארז שלישיה,קומפלקס כימיקלים,IL,עלמה שקיות מזון 150 3,יחידה,1.00,יחידה,false,1,11.90,11.9000,true,1,206010
7290002814504,false,סנט מוריץ מגבונים לרצפה 10 יח' עם חור בית מלון בוטיק,קומפלקס כימיקלים,IL,סנט מוריץ מגבונים לרצפה 10 יחידות מלון,יחידה,1.00,יחידה,false,1,10.90,10.9000,true,1,206204
7290002814542,false,סנט מוריץ שקיות אשפה 75*90 -25 יח',אסיר פלסט,TR,עלמה שקיות אשפה 25 יחידות 75 90,יחידה,25.00,יחידה,false,1,10.90,0.4360,true,1,206012
7290002814825,false,סבון אסלה כדוריות שלישייה אוקיינוס כחול,"קומפלקס כימיקלים בע""",TR,כדוריות אסלה אוקיינוס 1 3 יחידות,יחידה,3.00,יחידה,false,1,11.90,3.9667,true,1,206021
7290002814900,false,סבון אסלה סנט מוריץ כדוריות לימון 3 יח,"קומפלקס כימיקלים בע""",TR,סבון אסלה כדוריות לימון שלישיה,יחידה,3.00,יחידה,false,1,11.90,3.9667,true,1,206025
7290002814986,false,סנט מוריץ מגבונים לניקוי כללי בדלי 400 יחידות בריח לימון,קומפלקס כימיקלים,IL,סנט מוריץ מגבונים לניקוי כללי בדלי 400 י,יחידה,400.00,יחידה,false,1,21.90,0.0547,true,1,206206
7290002824183,false,"גבינה לבנה סקי 500 גרם 5% ""שטראוס"" -מוצר בפיקוח",מיוצר עי קונדיטוריית,IL,סקי משפחתי 5%,גרמים,500.00,100 גרם,false,1,9.96,1.9920,true,1,2364
7290002824466,false,יוגורט דנונה ביו לבן 0% שומן 200 גרם,"שטראוס בריאות בע""מ",IL,דנונה ביו 0% 200 גרם,גרמים,200.00,100 גרם,false,1,3.70,1.8500,true,1,2365
7290002824640,false,"גבינת סקי 250 גרם 5% ""שטראוס"" -מוצר בפיקוח",מיוצר עי קונדיטוריית,IL,סקי 5% 250 גרם,גרמים,250.00,100 גרם,false,1,4.98,1.9920,true,1,2367
7290002868996,false,"קוטג' 5% שומן, רכיבים טבעיים, 250 גרם",קריות זול,IL,קוטג מועשר 5% טרה 250 גרם,גרמים,250.00,100 גרם,false,1,6.20,2.4800,true,1,31550
7290002871248,false,בירה טובורג רד בבקבוק חוזר,מבשלות בירה בינלאומי,IL,"טובורג מלא חוזר חדש 500 מ""ל",מיליליטרים,500.00,"100 מ""ל",false,1,9.50,1.9000,true,1,2431
7290002871361,false,"קרלסברג בירה בק.חוזר 500 מ""ל",מבשלות בירה בינלאומי,IL,קלסברג בירה 500 מל,מיליליטרים,500.00,"100 מ""ל",false,1,9.50,1.9000,true,1,2432
7290002879299,false,מלפפון מוחמצים בטעם חמוץ מתוק,דדוש דניאל,PL,מלפפונים גדולים בחומץ 860 גרם,גרמים,860.00,100 גרם,false,1,19.90,2.3140,true,1,55628
7290002879305,false,מלפפונים קטנים בחומץ,דדוש דניאל,PL,מלפפונים קטנים בחומץ 860 גרם,גרמים,860.00,100 גרם,false,1,20.70,2.4070,true,1,55635
7290002879435,false,כרוב כבוש גרין ואלי,פרנצוסקה,PL,כרוב כבוש 900 גרם,גרמים,900.00,100 גרם,false,1,18.70,2.0778,true,1,53397
7290002881551,false,עלי גפן בשמן זית ממולא 400ג תומר,אסמה תורכיה,IL,עלי גפן ממולאים באורז תומר 400 גרם,גרמים,400.00,100 גרם,false,1,10.90,2.7250,true,1,174337
7290002900092,false,סטייק בורגר טירת צבי,הנסיך- מפעל לייצור ט,IL,סטייק בורגר מבשר בקר 400 גר',גרמים,400.00,100 גרם,false,1,22.90,5.7250,true,1,177510
7290002900207,false,המבורגר אמיתי 100% 400 גרם-תנובה,הנסיך- מפעל לייצור ט,IL,המבורגר אמיתי 100% בקר 400 גרם,גרמים,400.00,100 גרם,false,1,22.90,5.7250,true,1,2486
7290002921349,false,לוקטייט סופר גלו 3 - זוגי,יעקובי סופר גלו,TR,דבק סופר גלו לוקטיט,גרמים,100.00,100 גרם,false,1,11.90,11.9000,true,1,2506
7290002987963,false,"סלט חומוס אחלה 1 ק""ג",מיוצר עי קונדיטוריית,IL,חומוס אחלה 1 קג,קילוגרמים,1.00,"ק""ג",false,1,15.70,15.7000,true,1,2560
7290003009312,false,בוטן קלוי קלית גת 200 ג',הדקלאים אגודת שיתופי,IL,בוטן קלוי 200 גר' שק',גרמים,200.00,100 גרם,false,1,7.90,3.9500,true,1,12265
7290003009329,false,בוטן אמריקאי קלית גת 200 ג',הדקלאים אגודת שיתופי,IL,בוטן אמריק'200 גר'שק (ב(24,גרמים,200.00,100 גרם,false,1,6.90,3.4500,true,1,12178
7290003009336,false,קבוקים קליית גת 200 גרם,הדקלאים אגודת שיתופי,IL,קבוקים 200 גר'שק'ב24,גרמים,200.00,100 גרם,false,1,6.90,3.4500,true,1,13873
7290003015627,false,"נוזל רצפות אפרסק 2 ליטר ""ריצפז פרש""","סנו מפעלי ברונוס בע""",IL,ריצפז סנופרש אפרסק 2 ליטר,ליטרים,2.00,ליטר,false,1,18.90,9.4500,true,1,34788
7290003015641,false,"נוזל רצפות יסמין 2 ליטר ""ריצפז פרש""",קריות זול,IL,ריצפז סנופרש יסמין 2 ליטר,ליטרים,2.00,ליטר,false,1,18.90,9.4500,true,1,34790
7290003029181,false,משקה יטבתה שוקו' בקבוק 1ל מהדרין,שטראוס גרופ,IL,שוקו 1 ליטר,ליטרים,1.00,ליטר,false,1,12.90,12.9000,true,1,2721
7290003029372,false,משקה חלב בטעם בננה יטבתה 1 ליטר,שטראוס גרופ,IL,בננה 1 ליטר,ליטרים,1.00,ליטר,false,1,12.90,12.9000,true,1,2725
7290003029389,false,"משקה חלב בננה פקק ספורט 250 מ""ל יוטבתה",שטראוס גרופ,IL,"בננה פקק 250 מ""ל",מיליליטרים,250.00,"100 מ""ל",false,1,5.50,2.2000,true,1,2726
7290003029433,false,"משקה יטבתה שוקו פקק 250 מ""ל מהדרין",שטראוס גרופ,IL,"שוקו יטבתה פקק ספורטאים 250 מ""ל",מיליליטרים,250.00,"100 מ""ל",false,1,5.50,2.2000,true,1,2728
7290003029532,false,משקה מוקה יטבתה 1 ליטר מהדרין,שטראוס גרופ,IL,מוקה 1 ליטר,ליטרים,1.00,ליטר,false,1,12.90,12.9000,true,1,2730
7290003029792,false,"משקה יטבתה שוקו שקיות מהדרין מארז 225X8מ""ל",שטראוס גרופ,IL,מארז שוקו יטבתה 8 שקיות,ליטרים,1.80,ליטר,false,1,17.80,9.8889,true,1,31569
7290003029907,false,אייס קפה יטבתה 1 ליטר מהדרין,שטראוס גרופ,IL,אייס קפה 1 ליטר,ליטרים,1.00,ליטר,false,1,12.90,12.9000,true,1,34015
7290003047642,false,תה שחור יילו לייבל 100*1.5 ג' שקיק ליפטון,"יונילוור רוסייה בע""מ",RU,תה שחור יילו לייבל,גרמים,150.00,100 גרם,false,1,18.90,12.6000,true,1,2750
7290003054657,false,חרדל ריין דיז'ון אקסטרא פורטה 370 גרם,מרום את קונפינו,FR,חרדל דיז'ון אקסטרא פורטה 370 גרם,גרמים,370.00,100 גרם,false,1,12.90,3.4865,true,1,2776
7290003055128,false,טישו פיור 100 יח,חיי נייר,IL,טישו פיור 100 יח,יחידה,1.00,יחידה,false,1,3.90,3.9000,true,1,190599
7290003060009,false,"קמח חיטה לבן 1 ק""ג טחנות ישראליות",טחנות ישראליות,IL,"קמח חיטה לבן 1 ק""ג סוגת",קילוגרמים,1.00,"ק""ג",false,1,5.90,5.9000,true,1,2794
7290003060023,false,"סולת חיטה 1 ק""ג מטחנות ישראליות",טחנות ישראליות,IL,"סולת חיטה 1 ק""ג טחנות ישראליות",קילוגרמים,1.00,"ק""ג",false,1,5.70,5.7000,true,1,2795
7290003060047,false,"קמח תופח 1 ק""ג מטחנות ישראליות",טחנות ישראליות,IL,"קמח תופח בשקית 1 ק""ג",קילוגרמים,1.00,"ק""ג",false,1,5.90,5.9000,true,1,24129
7290003060276,true,קמח בהיר מנופה,,,קמח בהיר מנופה,קילוגרמים,1.00,"ק""ג",false,1,8.90,8.9000,true,1,194646
7290003141159,false,יוגטה מרשמלו ממתק מוקצף בטעמי תות שדה ווניל 180 גרם,מוטקה החולב,IL,מרשמלו יוגטה 180 גרם,גרמים,180.00,100 גרם,false,1,8.90,4.9444,true,1,156185
7290003142477,false,ערמונים קלופים וקלויים 100 גרם,הדקלאים אגודת שיתופי,IL,ערמונים קלויים 100 גרם,גרמים,100.00,100 גרם,false,1,7.90,7.9000,true,1,169522
7290003143139,false,סילאן תמרים קלית גת 900 ג',"טעמי הגליל בע""מ",IL,סילאן קליית גת 900 גר,גרמים,900.00,100 גרם,false,1,14.90,1.6556,true,1,172837
7290003143146,false,ממרח תמרים קליית גת 450 גרם,הדקלאים אגודת שיתופי,IL,ממרח תמרים 450 קלית גת,גרמים,450.00,100 גרם,false,1,6.50,1.4444,true,1,159650
7290003144310,false,תערובת אגוזים וחמוציות קליית גת 150 גרם,ליימן מותגים,IL,תע'אגוזים וחמוציות 150 גר,גרמים,150.00,100 גרם,false,1,19.90,13.2667,true,1,181048
7290003145751,false,"קליית גת אגוזי קלויים, 200 גרם",הדקלאים אגודת שיתופי,IL,"קליית גת אגוזי קלויים, 200 גרם",גרמים,200.00,100 גרם,false,1,19.90,9.9500,true,1,50461
7290003145959,false,פקאן טבעי 150 גרם קליית גת,ליימן מותגים,IL,פקאן טבעי 150 גרם,יחידה,150.00,יחידה,false,1,23.90,0.1593,true,1,57864
7290003208586,false,"וורמוט מרטיני לבן 750 מ""ל",מרטיני ורוסי,IT,"מרטיני ביאנקו וורמוט לבן מתוק 750 מ""ל",מיליליטרים,750.00,"100 מ""ל",false,1,54.90,7.3200,true,1,66716
7290003208890,false,"וודקה פילנדיה 200 מ""ל",יושלם,,"וודקה פינלנדיה 200 מ""ל",מיליליטרים,200.00,"100 מ""ל",false,1,29.90,14.9500,true,1,150687
7290003210114,false,מארז טרופיות 40 יחיד,בוסתן,IL,טרופית בוסתן 200 מל,מיליליטרים,200.00,"100 מ""ל",false,1,2.90,1.4500,true,1,189072
7290003220380,false,"עוגיות סנדויץ' במילוי קרם שוקולד ""מעדני המלך"" 150 גרם",אחים פפושדו,IL,מעדני מלך סנדוויץ שוקו 150ג,גרמים,150.00,100 גרם,false,1,4.50,3.0000,true,1,202700
7290003220533,false,"רוטב צ'ילי מתוק ווק 700 מ""ל",תאי פרידה אינדסטרי ב,TH,"רוטב WOK צילי מתוק 700 מ""ל",מיליליטרים,700.00,"100 מ""ל",false,1,13.90,1.9857,true,1,66647
7290003220649,false,שמן שומשום 100% טהור,הו צ'קינג הינג אוי פ,SG,"ווק שמן שומשום 100% 150 מ""ל",מיליליטרים,150.00,"100 מ""ל",false,1,13.90,9.2667,true,1,174816
7290003220830,false,ווק חומץ אורז יסמין,דיאמונד פריזרוד פודס,TH,"ווק חומץ אורז יסמין 500מ""ל WOK",מיליליטרים,500.00,"100 מ""ל",false,1,15.90,3.1800,true,1,164466
7290003220977,false,עוגיות חצי ירח מצופה 175 נאפה מעדני מלך,מגדנית הדר,IL,עוגיות מצופות מעדני המלך 175 גר,גרמים,175.00,100 גרם,false,1,7.90,4.5143,true,1,195603
7290003229116,false,פסטרמה הודו בדבש 3% טירת צבי 400 גרם,הנסיך- מפעל לייצור ט,IL,פסטרמה בדבש טירת צבי 400 גרם,גרמים,400.00,100 גרם,false,1,30.90,7.7250,true,1,3007
7290003229123,false,פסטרמה הודו על גחלים 2% טירת צבי 400 גרם,הנסיך- מפעל לייצור ט,IL,פסטרמה על גחלים טירת צבי 400 גרם,גרמים,400.00,100 גרם,false,1,30.90,7.7250,true,1,3008
7290003229154,false,נקניק סלמי קוניאק טירת צבי 300 גרם,הנסיך- מפעל לייצור ט,IL,נקניק סלמי קוניאק מובחר טירת צבי 300 גרם,גרמים,300.00,100 גרם,false,1,31.90,10.6333,true,1,3010
7290003229222,false,סלמי תה משובח 300 גרטירת צבי,הנסיך- מפעל לייצור ט,IL,סלמי תה 300גרם,גרמים,300.00,100 גרם,false,1,23.90,7.9667,true,1,141409
7290003321155,false,יוגורט בר עם פקאן מצופה שוקולד 183 ג' דנונה,"שטראוס בריאות בע""מ",IL,דנונה בר פקאן,גרמים,175.00,100 גרם,false,1,4.80,2.7429,true,1,3115
7290003332007,false,קפה נחלה סובחי 250גר,סובחי נחלה ובניו,,קפה נחלה הל 250 גרם,גרמים,250.00,100 גרם,false,1,16.90,6.7600,true,1,18759
7290003387205,false,ספיד סטיק - דאודורנט סטיק לגבר רגולר,הנסיך- מפעל לייצור ט,US,דאודורנט ספיד סטיק רגולר 56.6 גרם,גרמים,70.00,100 גרם,false,1,21.90,31.2857,true,1,3171
7290003400500,false,חטיף הרשי ריזס נאטרייגיס 47 גרם,ליימן מותגים,US,שוקולד ריזס קרמל עם בוטנים 47 גרם,גרמים,47.00,100 גרם,false,1,4.90,10.4255,true,1,161846
7290003402809,false,חטיף הרשי ריזס שוקולד לבן 39 גר,ליימן מותגים,US,שוקולד ריזס לבן 39 ג,גרמים,39.00,100 גרם,false,1,4.90,12.5641,true,1,193585
7290003411689,false,ליפתניות לבן 25 יחידות,הנמל אריזות ושיווק ב,IL,הנמל ליפתניות 25 יחידות,יחידה,1.00,יחידה,false,1,4.90,4.9000,true,1,12987
7290003411696,false,"מרקיות לבן ח""פ הנמל 25 יח'",פלסטכים תורכיה,IL,הנמל מרקיות לבן 25 יחידות,יחידה,0.00,יחידה,false,1,10.90,0.0000,true,1,12988
7290003423909,false,חטיף הרשי קוקיס קרם לבן 43 גרם,ליימן מותגים,US,שוקולד הרשיז קוקיז אנד קרים 43 גרם,גרמים,43.00,100 גרם,false,1,4.90,11.3953,true,1,177133
7290003427154,false,"שמן זית כתית מעולה טעם מעודן זיתא 750 מ""ל",זיתא – י.ט.ב תעשיות,IL,"זיתא שמן זית כתית מעולה, טעם מעודן 750 מל",מיליליטרים,750.00,"100 מ""ל",false,1,34.90,4.6533,true,1,16224
7290003438075,false,חרוסת אוליביה מצונן,מיוצר עי קונדיטוריית,IL,אוליביה חרוסת 210 גרם,גרמים,210.00,100 גרם,false,1,10.90,5.1905,true,1,175624
7290003444009,false,חטיף הרשי ריזס שוקולד חלב 42 גר,ליימן מותגים,US,שוקולד ריזס חלב 42 גרם,גרמים,42.00,100 גרם,false,1,4.90,11.6667,true,1,177134
7290003450602,false,חרדל אמיתי צהוב בקבוק לחיץ 255 גר,היינץ צפון אמריקה מקבוצת ה.י.היינץ,US,היינץ חרדל לחיץ 255 גרם,גרמים,255.00,100 גרם,false,1,10.90,4.2745,true,1,3245
7290003450725,false,חומץ היינץ בן יין אד,ה.י.היינץ קומפני ל.פ,US,היינץ חומץ יין 5% 355 מל,מיליליטרים,355.00,"100 מ""ל",false,1,12.90,3.6338,true,1,20106
7290003457861,false,"סולרו בטעם פירות טרופיים ""שטראוס""","מיוצר ע""י גלידת שטרא",IL,שלגון סולרו פירות טרופיים,גרמים,85.00,100 גרם,false,1,10.90,12.8235,true,1,3283
7290003457953,false,שלגון מגנום שמנת בטע,שטראוס גלידות,,שלגון מגנום שוקולד לבן,גרמים,95.00,100 גרם,false,1,9.90,10.4211,true,1,3285
7290003495030,false,מאפה שקדים פרווה,"גידרון תעשיות בע""מ",,מאפה שקדים פרווה,קילוגרמים,1.00,"ק""ג",true,,44.90,44.9000,true,1,149546
7290003521760,false,"אפטרסול ג'ל אלוורה שפורפרת ד""ר פישר 200 מ""ל",פישר מעבדות פרמצבטיו,IL,"אפטרסול ג""ל אלוורה 200 מ""ל",מיליליטרים,200.00,"100 מ""ל",false,1,19.90,9.9500,true,1,13681
7290003550753,false,טונה פוסידון בשמן רביעיה *108 ג',"מיוצר עי וליגר בעמ,",IL,טונה בשמן פוסידון מארז רביעייה 432 גרם,גרמים,432.00,100 גרם,false,1,23.90,5.5324,true,1,167470
7290003578153,false,נתחי טונה בהירה בשמן וילי פוד 160 גר,גולדן פרייז קאנינג א,TH,וילי פוד נתחי טונה בשמן צמחי 160 גרם,גרמים,160.00,100 גרם,false,1,5.90,3.6875,true,1,3404
7290003578177,false,תירס צעיר שלם וילי פוד 210 גרם,מגסטיק פוד אידסטרי ק,TH,תירס גמדי 410 גרם,גרמים,410.00,100 גרם,false,1,7.50,1.8293,true,1,3406
7290003643004,false,"סוגת אורז בסמטי קלאסי 1 ק""ג",האי נאם סי או אל.טי.,IL,"אורז בסמטי קלאסי 1 ק""ג",קילוגרמים,1.00,"ק""ג",false,1,14.90,14.9000,true,1,3478
7290003643172,false,אבקת סוכר 100 גרם סוגת,א.ל ייצור ושיווק תבל,IL,אבקת סוכר 100 גרם,גרמים,100.00,100 גרם,false,1,2.50,2.5000,true,1,110916
7290003643387,false,"סוכר לבן בצנצנת 1 ק""ג סוגת",האי נאם סי או אל.טי.,IL,"סוכר 1 ק""ג בצנצנת",קילוגרמים,1.00,"ק""ג",false,1,10.50,10.5000,true,1,3482
7290003643646,false,"סוכר דמררה קלאסי בצנצנת סוגת 1 ק""ג",האי נאם סי או אל.טי.,IL,"סוכר דמררה צנצנת סוגת 1 ק""ג",קילוגרמים,1.00,"ק""ג",false,1,12.90,12.9000,true,1,3483
7290003643714,false,חומוס גרגירים 500 גרם סוגת,האי נאם סי או אל.טי.,IL,חומוס 500 גרם,גרמים,500.00,100 גרם,false,1,8.90,1.7800,true,1,41841
7290003643738,false,סוגת חיטה 500 גרם,האי נאם סי או אל.טי.,IL,חיטה 500 גרם,גרמים,500.00,100 גרם,false,1,5.90,1.1800,true,1,41842
7290003643745,false,סוגת כוסמת 500 גרם,האי נאם סי או אל.טי.,IL,כוסמת 500 גרם,גרמים,500.00,100 גרם,false,1,8.90,1.7800,true,1,73273
7290003643752,false,עדשים ירוקים יבש סוגת 500 גר',האי נאם סי או אל.טי.,IL,עדשים ירוקות 500 גר',גרמים,500.00,100 גרם,false,1,8.90,1.7800,true,1,42098
7290003643769,false,עדשים אדומים יבש סוגת 500 גר',"סוגת תעשיות בע""מ",IL,עדשים אדומות סוגת 500 גרם,גרמים,500.00,100 גרם,false,1,8.90,1.7800,true,1,21066
7290003643776,false,"פופקורן גרעינים סוגת 500 ג' כשל""פ",האי נאם סי או אל.טי.,IL,פופקורן 500 גרם,גרמים,500.00,100 גרם,false,1,6.50,1.3000,true,1,41840
7290003643783,false,קוקוס טחון סוגת 100,האי נאם סי או אל.טי.,IL,קוקוס 100 גרם,גרמים,100.00,100 גרם,false,1,4.20,4.2000,true,1,30068
7290003643806,false,שעועית לבנה יבשה סוגת 500 ג',האי נאם סי או אל.טי.,IL,שעועית לבנה 500 גרם,גרמים,500.00,100 גרם,false,1,12.90,2.5800,true,1,38757
7290003681303,false,שעועית מעורבת יבשה מיה 500 גר',"מיה תעשיות מזון בע""מ",IL,שעועית מעורבת מיה 500 גרם,גרמים,500.00,100 גרם,false,1,11.90,2.3800,true,1,206794
7290003681693,false,חומוס לבן ענק יבש מיה 500 גר',"מיה תעשיות מזון בע""מ",IL,חומוס לבן ענק מיה 500 גרם,גרמים,500.00,100 גרם,false,1,9.90,1.9800,true,1,206811
7290003681716,false,גריסי פנינה מיה 500 גרם,"מיה תעשיות מזון בע""מ",IL,גריסי פנינה מיה 500 גרם,גרמים,500.00,100 גרם,false,1,4.90,0.9800,true,1,206776
7290003713950,false,טרס פסוס סלסה מקסיקנ,"דוידוב סלמון בע""מ",IL,טרס פסוס סלסה מקסיקנה 200גרם,גרמים,200.00,100 גרם,false,1,16.90,8.4500,true,1,201587
7290003726776,false,שניצל טופו טעם עוף 420 גר,משק ויילר,IL,טופו שניצל בטעם עוף ויילר 420 גרם,גרמים,420.00,100 גרם,false,1,27.90,6.6429,true,1,206657
7290003805501,false,"פתית שוודי חסכוני בד""צ 300 גרם",יוניליוור ישראל מזון,IL,פתית שוודי קרקר דגנים פריך בסגנון שוודי,גרמים,300.00,100 גרם,false,1,18.20,6.0667,true,1,64077
7290003864478,false,סרדינים בשמן צמחי ויליפוד 110ג' פתח קל,גולדן פרייז קאנינג א,TH,סרדין בשמן צמחי 110גרם פתח-קל,גרמים,110.00,100 גרם,false,1,4.90,4.4545,true,1,3774
7290003864485,false,סרדינים ברוטב עגבנ יות ויליפוד 110ג' פתח קל,גולדן פרייז קאנינג א,TH,סרדין ברוטב עגבניות 110גרם פתח קל,גרמים,110.00,100 גרם,false,1,4.90,4.4545,true,1,3775
7290003864492,false,סרדינים בשמן צמחי חריף פתח קל ויליפוד 110ג',גולדן פרייז קאנינג א,TH,סרדין בשמן צמחי חריף 110גרם,גרמים,110.00,100 גרם,false,1,4.90,4.4545,true,1,3776
7290003896141,false,חטיף ספרדי פיקנטי אלמנדוס 200 גרם,הדקלאים אגודת שיתופי,IL,אלמנדוס 200 גרם (ב(12,גרמים,200.00,100 גרם,false,1,8.90,4.4500,true,1,125794
7290003989539,false,לורנצו רביולי במילוי גבינה,מיוצר עי קונדיטוריית,IL,רביולי גבינה 400 EAT GOOD,גרמים,400.00,100 גרם,false,1,19.90,4.9750,true,1,3972
7290003989553,false,פסטה טורטליני גבינה ופטריות 400 גרם,מיוצר עי קונדיטוריית,IL,טרטוליני פטריות 400 פרווה EAT GOOD,גרמים,400.00,100 גרם,false,1,19.90,4.9750,true,1,3973
7290004011338,false,"ספריי קצפת מתוקה מוכנה ריץ' 250 מ""ל",האי נאם סי או אל.טי.,IT,קצפת ריץ חלבי במיכל 250 גרם,גרמים,250.00,100 גרם,false,1,14.90,5.9600,true,1,64629
7290004033712,false,לחם עננים מקמח מלא עם פרוסות עבות,מאפית י את א ברמן בע,IL,לחם עננים מקמח מלא עם פ עבות,גרמים,500.00,100 גרם,false,1,15.90,3.1800,true,1,206695
7290004033736,false,"עננים לחם לבן בסגנון בריוש עם פרוסות עבות, 500 גרם",מאפית י את א ברמן בע,IL,לחם עננים בסגנון בריוש עם פ עבות,גרמים,500.00,100 גרם,false,1,15.90,3.1800,true,1,206693
7290004063016,false,מלח שולחן -מוצר בפיקוח,האי נאם סי או אל.טי.,IL,מלח שולחן,קילוגרמים,1.00,"ק""ג",false,1,2.07,2.0700,true,1,4199
7290004063115,false,"מלח מטבח עבה להמלחת בשר ובישול 1 ק""ג 1ק""ג",האי נאם סי או אל.טי.,IL,מלח מטבח,קילוגרמים,1.00,"ק""ג",false,1,2.07,2.0700,true,1,4200
7290004064099,false,מטחנה מלח מהרי ההימלאיה 250 ג מלח הארץ,חברת מלח הארץ אילת ב,IL,מטחנה מלח מהרי ההימלאי 300 גרם,גרמים,250.00,100 גרם,false,1,15.90,6.3600,true,1,176240
7290004078690,false,"אגקס נוזל לניקוי אסלות מרענן 750 מ""ל",הנסיך- מפעל לייצור ט,GR,אג'קס נוזל לניקוי אסלות ג'ל עם אקונומיקה 750 מל,מיליליטרים,750.00,"100 מ""ל",false,1,15.90,2.1200,true,1,4210
7290004091255,false,"ואזלין פטרוליום ג'ל 225מ""ל","יוניליוור ארה""ב, ג'ו",IL,וזלין ג'ל פטרוליום 100% טהור 212 גרם,מיליליטרים,212.00,"100 מ""ל",false,1,22.90,10.8019,true,1,59367
7290004119133,false,כד יוגורט תנובה 6.5% שומן 1.5 ליטר,מיוצר עי קונדיטוריית,IL,יוגורט 7% בכד1.5 ליטר,ליטרים,1.50,ליטר,false,1,18.90,12.6000,true,1,16044
7290004119225,false,יופלה יוגורט אננס %3 גביע 150 גרם,תנובה מרכז שיתופי לש,IL,יופלה יוגורט אננס 3% גביע 150 גרם,גרמים,150.00,100 גרם,false,1,5.20,3.4667,true,1,4229
7290004119928,false,קרלו מעדן וניל רביעיות גביע 125 1.5%,מחלבת אלון תבור,IL,מעדן קרלו וניל 3% 125 גרם,גרמים,125.00,100 גרם,false,1,3.30,2.6400,true,1,4231
7290004119973,false,קרלו מעדן שוקו רביעיה גביע 125 1.5%,תנובה מרכז שיתופי לש,IL,קרלו מעדן שוקו רביעיה גביע 125 גרם 1.5%,גרמים,125.00,100 גרם,false,1,3.30,2.6400,true,1,4232
7290004120061,false,קרלו שוניל מעדן 125 גרם,תנובה מרכז שיתופי לש,IL,קרלו שוניל 1.5% שומן 125 גרם,גרמים,125.00,100 גרם,false,1,3.30,2.6400,true,1,4233
7290004120108,false,יופלה דיאט יוגורט דובדבן %0 גביע 150גרם,תנובה מרכז שיתופי לש,IL,יופלה דיאט יוגורט דובדבן %0 גביע 150גרם,גרמים,150.00,100 גרם,false,1,5.20,3.4667,true,1,4234
7290004120566,false,פיראוס 24% גבינה בולגרית 250 גרם,תנובה חלב,IL,פיראוס בולגרית 24% שומן 250 גרם,גרמים,250.00,100 גרם,false,1,24.90,9.9600,true,1,4238
7290004120634,false,גבינה פיראוס בולגרית 5% 250 גרם,תנובה מרכז שיתופי לש,IL,פיראוס גבינה בולגרית 5% שומן,גרמים,250.00,100 גרם,false,1,24.90,9.9600,true,1,4240
7290004121488,false,יופלה דיאט אפרסק 0% גביע 150 גרם,תנובה מרכז שיתופי לש,IL,יופלה יוגורט עם אפרסק 0% שומן 150 גרם,גרמים,150.00,100 גרם,false,1,5.20,3.4667,true,1,4247
7290004121754,false,יוגורט עוגת גבינה ותות 3% שומן 150 ג' יופלה,תנובה חלב,IL,יופלה יוגורט עוגת גבינה ותות %3 150 גרם,גרמים,150.00,100 גרם,false,1,5.20,3.4667,true,1,4251
7290004121853,false,גבינה בולגרית פיראוס 5% קוביות 200 גרם,תנובה מרכז שיתופי לש,IL,פירוס בולגרית קוביות 5% 200 גרם,גרמים,200.00,100 גרם,false,1,22.90,11.4500,true,1,4253
7290004122119,false,פתיתי פרמזן 23% לפסטה השף הלבן 100 גרם,פ.פ.ח. שאביט,IL,תנובה השף הלבן פתיתי גבע פרמזן 23% שומן,גרמים,100.00,100 גרם,false,1,13.90,13.9000,true,1,16046
7290004122195,false,"גבינת גוש חלב פרוס 28%, כשרות מהדרין, 200 ג'",תנובה חלב,IL,גוש חלב פרוסות גבינה צהובה חצי קשה 28% שומן מהדרין,גרמים,200.00,100 גרם,false,1,15.50,7.7500,true,1,15601
7290004122270,false,עמק קלאסית פרוסות גבינה חצי קשה 28% 200 גרם,תנובה מרכז שיתופי לש,IL,עמק קלאסית פרוסות גבינה חצי קשה 28% 200 גרם,גרמים,200.00,100 גרם,false,1,16.90,8.4500,true,1,4254
7290004122348,false,גבינת עמק לייט פרוס בקופסא 200 גרם,תנובה מרכז שיתופי לש,IL,עמק גבינה צהובה חצי קשה 9% מופחתת שומן,גרמים,200.00,100 גרם,false,1,17.90,8.9500,true,1,4256
7290004122676,false,גבינת חמד לייט 5% פיראוס 250 ג',"תנובה,מחלבת טנא נוגה",IL,פיראוס לייט חמד גבינה כפרית מלוחה 5% שומן,גרמים,250.00,100 גרם,false,1,19.90,7.9600,true,1,38303
7290004124847,false,"קצפת צמחית השף הלבן 500 מ""ל תנובה",תנובה מרכז שיתופי לש,IL,"קצפת צמחית השף הלבן 500מ""ל",מיליליטרים,500.00,"100 מ""ל",false,1,17.50,3.5000,true,1,33292
7290004125370,false,"שמנת חמוצה 9 % מופחתת שומן 200 מ""ל",תנובה מרכז שיתופי לש,IL,תנובה שמנת חמוצה מופחתת שומן,מיליליטרים,200.00,"100 מ""ל",false,1,3.90,1.9500,true,1,4275
7290004125400,false,"אשל שלי מהדרין 200 מ""ל 4.5% ""תנובה""- מוצר בפיקוח",פארייפאבה אגרואינדוס,IL,תנובה אשל לבן 4.5% שומן,מיליליטרים,200.00,"100 מ""ל",false,1,1.69,0.8450,true,1,4276
7290004125417,false,"גיל 3% שלי 200 מ""ל ""תנובה"" -מוצר בפיקוח",תנובה מרכז שיתופי לש,IL,תנובה גיל לבן 3% 206 גרם,מיליליטרים,200.00,"100 מ""ל",false,1,1.51,0.7550,true,1,4277
7290004125455,false,"שמנת חמוצה 200 מ""ל 15% ""תנובה"" -מוצר בפיקוח",תנובה מרכז שיתופי לש,IL,שמנת אורגינל 15% שומן 200 מל,מיליליטרים,200.00,"100 מ""ל",false,1,2.40,1.2000,true,1,4278
7290004125509,false,"שמנת 15% חצי מנה 100 מ""ל תנובה",תנובה מרכז שיתופי לש,IL,תנובה שמנת 15% חצי מנה 100 מל,מיליליטרים,100.00,"100 מ""ל",false,1,1.80,1.8000,true,1,4279
7290004125578,false,משקה סויה מעושר בסידן תנובה 1ל',תנובה מרכז שיתופי לש,IL,משקה סויה מועשר בסידן 1 ליטר,ליטרים,1.00,ליטר,false,1,11.50,11.5000,true,1,4280
7290004125585,false,משקה סויה וניל תנובה E אלטרנטיב,תנובה מרכז שיתופי לש,IL,משקה סויה על הבוקר וניל 1 ליטר,ליטרים,1.00,ליטר,false,1,12.50,12.5000,true,1,4281
7290004125721,false,"השף הלבן שמנת עמידה לבישול 15% תנובה 250 מ""ל",תנובה מרכז שיתופי לש,IL,"השף הלבן שמנת לבישול ,שמנת עמידה לבישול 15% 250 מל",מיליליטרים,250.00,"100 מ""ל",false,1,8.80,3.5200,true,1,4283
7290004125738,false,שמנת מתוקה להקצפה32% 250מל עמיד השף הלבן,תנובה מרכז שיתופי לש,IL,"שמנת להקצפה 32% 250 מ""ל",מיליליטרים,250.00,"100 מ""ל",false,1,7.20,2.8800,true,1,4284
7290004125776,false,גבינה צהובה עמק 28% 400 גרם בקופסא,תנובה חלב,IL,עמק פרוס 28% 400 גרם בקופסא,גרמים,400.00,100 גרם,false,1,31.90,7.9750,true,1,33293
7290004126759,false,יופלה דיאט פירות יער %0 גביע 150 גרם,תנובה חלב,IL,יופלה דיאט פירות יער %0 גביע 150 גרם,גרמים,150.00,100 גרם,false,1,5.20,3.4667,true,1,4289
7290004126872,false,משקאות חלב תנובה שוקו בקבוק 250מל,תנובה חלב,IL,"שוקו תנובה בקבוק 250 מ""ל",מיליליטרים,250.00,"100 מ""ל",false,1,6.20,2.4800,true,1,35041
7290004127077,false,קוטג תנובה 3% גביע 250 גרם מהדרין,מיוצר עי קונדיטוריית,IL,קוטג 3% תנובה 250 גרם,גרמים,250.00,100 גרם,false,1,5.70,2.2800,true,1,4291
7290004127329,false,קוטג תנובה גביע 250 גרם %5 ו.מהדרין,מיוצר עי קונדיטוריית,IL,קוטג 5% תנובה 250 גרם,גרמים,250.00,100 גרם,false,1,5.70,2.2800,true,1,4296
7290004127336,false,קוטג תנובה גביע 250 גרם %9 ו.מהדרין,מיוצר עי קונדיטוריית,IL,קוטג 9% תנובה 250 גרם,גרמים,250.00,100 גרם,false,1,5.70,2.2800,true,1,4297
7290004128340,false,קרם גבינת שמנת %5 בטעם טבעי 200 ג' תנובה,תנובה חלב,IL,קרם גבינת שמנת 5% בטעם טבעי 200 גרם,גרמים,200.00,100 גרם,false,1,12.30,6.1500,true,1,4313
7290004128364,false,קרם גבינת שמנת 5% עם זיתים ירוקים 200 ג' תנובה,"תנובה, מחלבת תל יוסף",IL,קרם גבינת שמנת 5% עם זיתים ירוקים 200 גרם,גרמים,200.00,100 גרם,false,1,12.30,6.1500,true,1,4314
7290004128432,false,פתיתים מיוחדים לפיצה על בסיס גבינה 500 ג',תנובה חלב,IL,פתיתים מיוחדים לפיצה על בסיס גבינה,גרמים,500.00,100 גרם,false,1,24.90,4.9800,true,1,48325
7290004129118,false,גבינת שמנת 24% עם זיתים ירוקים 225 ג' נפוליאון,מחלבת אלון תבור,IL,גבינת שמנת נפוליאון זיתים 225 גרם,גרמים,225.00,100 גרם,false,1,14.60,6.4889,true,1,4321
7290004129156,false,גבינת שמנת25% עם שום שמיר 225 ג' נפוליאון,תנובה מרכז שיתופי לש,IL,גבינת שמנת נפוליאון שום שמיר 225 גרם,גרמים,225.00,100 גרם,false,1,14.60,6.4889,true,1,4323
7290004129736,false,יופלה לבן מעודן 1.5% גביע 200 גרם,תנובה מרכז שיתופי לש,IL,יוגורט,גרמים,200.00,100 גרם,false,1,4.50,2.2500,true,1,20839
7290004130794,false,משקה סויה טבעי במתיקות מופחתת 1 ליטר,תנובה מרכז שיתופי לש,IL,משקה סויה מועשר מופחת מתיקות 1 ליטר,ליטרים,1.00,ליטר,false,1,12.50,12.5000,true,1,14143
7290004130916,false,יוגורט 3% פירות יער בשמנת 150 ג' יופלה,תנובה מרכז שיתופי לש,IL,יוגורט יופלה פירות יער שמנת 150 גרם,גרמים,150.00,100 גרם,false,1,5.20,3.4667,true,1,32850
7290004131074,false,"חלב 1 ליטר 3% קרטון ""תנובה""- מוצר בפיקוח",תנובה מרכז שיתופי לש,IL,חלב 3% קרטון מהדרין פיקוח 1 ליטר,ליטרים,1.00,ליטר,false,1,6.23,6.2300,true,1,4336
7290004131432,false,יוגורט ביו 3% שומן 200 ג' יופלה,מיוצר עי קונדיטוריית,IL,יופלה לבן 3% גביע 200 גרם,גרמים,200.00,100 גרם,false,1,4.00,2.0000,true,1,20841
7290004131456,false,יוגורט ביו 1.5% שומן 200 ג' יופלה,מיוצר עי קונדיטוריית,IL,יופלה לבן 1.5% גביע 200 גרם,גרמים,200.00,100 גרם,false,1,4.00,2.0000,true,1,20842
7290004131531,false,משקאות חלב תנובה שוקו בקבוק 1ל,תנובה מרכז שיתופי לש,IL,שוקו תנובה בקבוק 1 ליטר,ליטרים,1.00,ליטר,false,1,13.90,13.9000,true,1,28233
7290004131814,false,גבינה צפתית 5% מעודנת 200 ג' פיראוס,פארייפאבה אגרואינדוס,IL,פיראוס צפתית 5% מעודנת 200 גרם,גרמים,200.00,100 גרם,false,1,16.50,8.2500,true,1,23583
7290004132231,false,משקה חלב בטעם וניל 8,"תנובה, מחלבת רחובות",IL,"תנובה, משקה חלב, מיוחד לקפה. להקצפה בשקשוק.",מיליליטרים,800.00,"100 מ""ל",false,1,7.50,0.9375,true,1,22697
7290004132712,false,חטיף אצבעות גבינת מוצרלה 20% 172 ג' עמק,תנובה מרכז שיתופי לש,IL,עמק חטיף אצבעות גבינת מוצרלה 172 גרם 20%,גרמים,172.00,100 גרם,false,1,17.90,10.4070,true,1,22624
7290004133627,false,תנובה חלב על הבוקר3%,תנובה מרכז שיתופי לש,IL,חלב 3% על הבוקר קרטון +פקק 1 ליטר,ליטרים,1.00,ליטר,false,1,8.80,8.8000,true,1,23563
7290004134945,false,יוגורט מוקה 3% שומן 150 ג' יופלה,תנובה מרכז שיתופי לש,IL,יופלה מוקה 150 3% גרם,גרמים,150.00,100 גרם,false,1,5.20,3.4667,true,1,38081
7290004135225,false,מעדן חלב דל קלוריות בטעם שוקולד 0.2שומ,תנובה מרכז שיתופי לש,IL,מעדן דיאט שוקולד 150 גרם,גרמים,150.00,100 גרם,false,1,4.40,2.9333,true,1,39815
7290004135614,false,גבינה בולגרית מעודנת 5% 250 ג' פיראוס,תנובה חלב,IL,פיראוס גבינה בולגרית מעודנת 5% שומן,גרמים,250.00,100 גרם,false,1,24.90,9.9600,true,1,46808
7290004136154,false,"משקה חלב אייס קפה תנובה בבקבוק 340 מ""ל",גוד פוד פרודקטס S.p,IL,"משקה אייס קפה תנובה בקבוק 340 מ""ל",מיליליטרים,340.00,"100 מ""ל",false,1,7.50,2.2059,true,1,47377
7290004136598,false,מארז הפסקת אוכל עם קורנפלקס ומשקה חלב עמיד בטעם וניל,פארייפאבה אגרואינדוס,IL,מארז הפסקת אוכל חלב+דגנים,לא מנהל יחידת מידה,0.00,לא מנהל יחידת מידה,false,1,9.90,0.0000,true,1,45074
7290004136857,false,ג'לי תנובה פטל 125 גרם,תנובה מרכז שיתופי לש,IL,גלי בטעם פטל 125 גרם,גרמים,125.00,100 גרם,false,1,2.50,2.0000,true,1,44292
7290004136864,false,מעדן ג'לי בטעם אננס עם חתיכות תנובה 125 גרם,תנובה חלב,IL,גלי אננס וחתיכות פרי 125 גרם,גרמים,125.00,100 גרם,false,1,2.80,2.2400,true,1,44293
7290004136871,false,מעדן ג'לי בטעם אפרסק עם חתיכות תנובה 125 גרם,תנובה מרכז שיתופי לש,IL,מעדן גלי אפרסק חתיכות פרי 125,גרמים,125.00,100 גרם,false,1,2.80,2.2400,true,1,44294
7290004137021,false,"שמנת לבישול 10% עמיד השף הלבן 250 מ""ל",תנובה מרכז שיתופי לש,IL,תנובה השף הלבן שמנת לבישול עם סיבים 10% שומן,מיליליטרים,250.00,"100 מ""ל",false,1,8.80,3.5200,true,1,48254
7290004170097,false,עוגת קרנץ במילוי דה,גדרון,IL,עוגת קרנץ במילוי דה לה קרם בטעם שוקולד,יחידה,1.00,יחידה,false,1,19.90,19.9000,true,1,192606
7290004170462,false,ריבועי פיצה עם זיתים,גדרון,IL,ריבועי פיצה עם זיתים,קילוגרמים,1.00,"ק""ג",true,,49.90,49.9000,true,1,202017
7290004170837,false,לחם כפרי מחמצת אותנט,גדרון,,לחם כפרי מחמצת אותנטי,גרמים,600.00,100 גרם,false,1,19.90,3.3167,true,1,184440
7290004200930,false,זיקוק זוג 15 סמ בשקי,שמחה זה אנחנו,,זיקוק זוג 15 סמ בשקית,יחידה,1.00,יחידה,false,1,6.80,6.8000,true,1,158462
7290004219819,false,קומפלטה מלבין קפה הולנדי 200ג,פריזלנד פודס קיוויט,NL,קומפלטה מלבין קפה הולנדי 200 גרם,גרמים,200.00,100 גרם,false,1,11.90,5.9500,true,1,4442
7290004255428,false,נר נשמה 24 שעות - מנורה,"מנורה שי נר בע""מ",IL,נר נשמה מנורה בפחית 24 שעות,יחידה,1.00,יחידה,false,1,2.50,2.5000,true,1,191804
7290004494117,false,כנען לבן מבושל (דלתו,"יקב דלתון בע""מ",IL,"יין דלתון כנען לבן 750 מ""ל",מיליליטרים,750.00,"100 מ""ל",false,1,45.30,6.0400,true,1,204203
7290004494186,false,יין דלתון כנען לבן 7,ייקבי דלתון,,"יין דלתון כנען לבן 750 מ""ל",מיליליטרים,750.00,"100 מ""ל",false,1,45.30,6.0400,true,1,51073
7290004554330,false,"קרחון בטעם דובדבן ""שטראוס""","מיוצר ע""י גלידת שטרא",IL,שלגון אסקימו דובדבן,גרמים,84.00,100 גרם,false,1,3.90,4.6429,true,1,13197
7290004554798,false,"שלגון מטרה פטל,לימון וענבים","מיוצר ע"" גלידת שטראו",IL,שטראוס מטרה שלגון בטעמי פטל ולימון 80 גרם,גרמים,90.00,100 גרם,false,1,6.90,7.6667,true,1,13198
7290004584351,false,גבינה לבנה סימפוניה עם תוספות 200 ג' חמישית 200,"שטראוס בריאות בע""מ",IL,סימפוניה החמישית,גרמים,200.00,100 גרם,false,1,11.90,5.9500,true,1,4761
7290004584528,false,יוגורט דנונה ביו לבן 1.7% שומן 200 גרם,מיוצר עי קונדיטוריית,IL,דנונה ביו 1.7% 200 גרם,גרמים,200.00,100 גרם,false,1,3.70,1.8500,true,1,4762
7290004585907,false,דני ועדן וניל 1.5% 125ג' שטראוס,מיוצר עי קונדיטוריית,IL,דני וניל,גרמים,125.00,100 גרם,false,1,2.90,2.3200,true,1,4767
7290004685089,false,לחם הארץ לחם חמניות 500 גר',מאפית י את א ברמן בע,IL,לחם הארץ חמניות,גרמים,500.00,100 גרם,false,1,15.90,3.1800,true,1,151400
7290004685430,false,לחם הארץ כוסמין 100% 500 גרם,מאפית י את א ברמן בע,IL,לחם כוסמין 500 גרם,גרמים,500.00,100 גרם,false,1,14.90,2.9800,true,1,179734
7290004685447,false,לחמניות כוסמין 6 בשקית 450 גרם,מאפית י את א ברמן בע,IL,לחמניות כוסמין מארז שישייה,גרמים,750.00,100 גרם,false,1,14.90,1.9867,true,1,195593
7290004731076,false,אל סבון נוזלי עם אלוורה כיף 1 ליטר,טרופיקל דגיל תעשיות,IL,כיף 1 ליטר אלוורה,ליטרים,1.00,ליטר,false,1,15.90,15.9000,true,1,23964
7290004731083,false,"סבון נוזלי לידיים ג'נסינג ""כיף""",טרופיקל דגיל תעשיות,IL,כיף 1 ליטר ג'נסינג,ליטרים,1.00,ליטר,false,1,15.90,15.9000,true,1,23965
7290004731472,false,"אל סבון צבעוני כיף שלישיה* 500 מ""ל",טרופיקל דגיל תעשיות,IL,כיף שלישיה צבעוני,ליטרים,1.50,ליטר,false,1,18.90,12.6000,true,1,23967
7290004731670,false,"מטהר אויר בניחוח לבנדר ופצ'ולי סנו 300 מ""ל","סנו מפעלי ברונוס בע""",IL,מבשם אוויר דואופרש לבנדר ופצ'ולי 300 מל,מיליליטרים,300.00,"100 מ""ל",false,1,11.90,3.9667,true,1,34827
7290004737900,false,"חלב מרוכז וממותק בתוספת שומן צמחי וילי פוד 397 מ""ל",יו.איי.בי מאריג'אמפו,LT,חלב מרוכז הולנדי ויליפוד 397 גרם,גרמים,397.00,100 גרם,false,1,10.90,2.7456,true,1,4896
7290004872021,false,קרחון רמזור כלפ 48*80גר,המאפיה של הרמן,IL,נסטלה קרחון רמזור בדצ 48*80גרם,Unknown,0.00,Unknown,false,1,2.90,0.0000,true,1,13208
7290004872250,false,שלגון שרבט אבטיח נסטלה 108'ג,נגה גלידות (גלידות נ,IL,שלגון אבטיח קיץ,Unknown,0.00,Unknown,false,1,6.90,0.0000,true,1,12197
7290004872359,false,קרחון דובדבן כלפ. 48*80גרם,גלידות נסטלה (נגה גל,IL,שלגון קרח דובדבן,Unknown,0.00,Unknown,false,1,2.90,0.0000,true,1,12198
7290004872731,false,טילון אקסטרים וניל 70ג',גלידות נסטלה,IL,טילון אקסטרים וניל,Unknown,0.00,Unknown,false,1,9.50,0.0000,true,1,13217
7290004872786,false,טילון אקסטרים פקאן ע,גלידות נסטלה,IL,טילון אקסטרים ענק פקאן 139 גרם,גרמים,139.00,100 גרם,false,1,10.50,7.5540,true,1,13219
7290004913403,false,מפיץ ריח אווירה ספר,סאנרייז,,מפיץ ריח אווירה ספריי,Unknown,0.00,Unknown,false,1,9.00,0.0000,true,1,173528
7290004914219,false,בקבוק ריח עם מקלות עץ,סאנרייז,,מפיץ ריח לרכב סנרייז,Unknown,0.00,Unknown,false,1,9.00,0.0000,true,1,70347
7290004914479,false,מפיץ ריח לילות לבנים,מפיץ ריח 2 ב 15,,מפיץ ריח לבית סאנרייז,Unknown,0.00,Unknown,false,1,9.00,0.0000,true,1,173529
7290005008184,false,"סבון נוזלי בניחוח חלב שקדים פלמוליב 500 מ""ל",הנסיך- מפעל לייצור ט,TR,"סבון פלמוליב נוזלי שקדים 500 מ""ל",מיליליטרים,500.00,"100 מ""ל",false,1,19.90,3.9800,true,1,5287
7290005020162,false,וויסקי סקוטי בלנטייס פיינסט 700 מל,פרנו,IL,וויסקי סקוטי בלנטייס פיינסט,מיליליטרים,700.00,"100 מ""ל",false,1,99.90,14.2714,true,1,41161
7290005041402,false,שיפודי שווארמה פרגיות 600 גרם,מעדני הטלה,IL,שיפודי פרגיות מעדני הטלה 600 גר,גרמים,600.00,100 גרם,false,1,59.90,9.9833,true,1,158740
7290005174551,false,סלט חומוס עם צנוברים 125 ג' אחלה,מיוצר עי קונדיטוריית,IL,סלט חומוס יום יום 125 גרם,גרמים,125.00,100 גרם,false,1,5.50,4.4000,true,1,5448
7290005174568,false,סלט חצילים במיונז אחלה 125 גרם,מיוצר עי קונדיטוריית,IL,סלט חציל במיונז יום יום 125 גרם,גרמים,125.00,100 גרם,false,1,5.50,4.4000,true,1,5449
7290005174575,false,טחינה אחלה יום יום משובחת 125ג',מיוצר עי קונדיטוריית,IL,סלט טחינה יום יום 125 גרם,גרמים,125.00,100 גרם,false,1,4.90,3.9200,true,1,5450
7290005200786,false,תפוצ'יפס בטעם שמנת בצל עלית 50 גרם,"שטראוס פריטו ליי בע""",IL,תפו שמנת בצל 50 גר 48 יח - שמיטה,גרמים,50.00,100 גרם,false,1,3.90,7.8000,true,1,5486
7290005201882,false,קפה טורקי קלוי וטחון,הנסיך- מפעל לייצור ט,IL,קפה טורקי 200 גרם,גרמים,200.00,100 גרם,false,1,15.90,7.9500,true,1,5525
7290005271427,false,גליקסמן ביצים רגילות,גליקסמן שיווק ביצים,IL,ביצים M ארוזות 12 יחידות,לא מנהל יחידת מידה,0.00,לא מנהל יחידת מידה,false,1,11.15,0.0000,true,1,49177
7290005271847,false,ביצה ענק 10יח אקס אל,גליקסמן שיווק ביצים,,ביצים XL ארוזות 10 יחידות,לא מנהל יחידת מידה,0.00,לא מנהל יחידת מידה,false,1,10.90,0.0000,true,1,182518
7290005287527,false,טונה סטארקיסט בשמן עם לימון 160 גר,"סטארקיסט פודור בע""מ",TH,ס.ק בטעם לימון 160גרם,גרמים,160.00,100 גרם,false,1,8.90,5.5625,true,1,46268
7290005296246,false,"פותח סתימות דריין אאוט 946 מ""ל יעקבי",יוליניבר,US,יעקבי פותח סתימות בצנרת ניקוז 946 מל,מיליליטרים,946.00,"100 מ""ל",false,1,23.90,2.5264,true,1,49089
7290005326585,false,ממרח אוליביה פסטו בזיליקום 180 ג',"אוליביה גורמה בע""מ",IL,פסטו בזיליקום אוליביה180גרם,גרמים,180.00,100 גרם,false,1,12.90,7.1667,true,1,184088
7290005381027,false,פלסטרים שקוף/חום 100 יח',פארמה פלסט,EG,פלסטר און F 100 שקוף,לא מנהל יחידת מידה,0.00,לא מנהל יחידת מידה,false,1,9.90,0.0000,true,1,203318
7290005418716,false,"קרם לחות לבניית תלתלים נטורל פורמולה 400 מ""ל",מיוצר עי אמיליה קוסמ,IL,נטורל לחות מעצבת לבניית תלתלים עגולים 400 מל,מיליליטרים,400.00,"100 מ""ל",false,1,22.90,5.7250,true,1,5885
7290005423253,false,"סנו - מקסימה מרסס למייבש כביסה אולטרה פרש 750 מ""ל","סנו מפעלי ברונוס בע""",IL,"מרסס למייבש כביסה מקסימה כחול 750 מ""ל",מיליליטרים,750.00,"100 מ""ל",false,1,18.90,2.5200,true,1,5897
7290005423499,false,"תרסיס לניקוי משטחי נירוסטה סנו 500 מ""ל",מיוצר עי קונדיטוריית,IL,נירוסטה - לניקוי והברקה של משטחי נירוסטה,מיליליטרים,500.00,"100 מ""ל",false,1,21.70,4.3400,true,1,5902
7290005423635,false,ריצפז נוזל רצפות דוחה תיקנים סנו 2 ליטר,מיוצר עי קונדיטוריית,IL,סנו ריצפז פלוס,ליטרים,2.00,ליטר,false,1,22.90,11.4500,true,1,5907
7290005423734,false,מקסימה מרכך כביסה אולטרא פרש כחול סנו 4 ליטר,"סנו מפעלי ברונוס בע""",IL,מרכך 4 ליטר,ליטרים,4.00,ליטר,false,1,22.90,5.7250,true,1,5909
7290005424113,false,סנו סושי מטליות רצפה 4 יח',סנו סושי,IL,"מטלית רצפה סנו סושי 4 יח """,Unknown,0.00,Unknown,false,1,13.10,0.0000,true,1,5913
7290005424311,false,"קוטל חרקים K רב קוטל סנו 500 מ""ל",מיוצר עי קונדיטוריית,IL,משמיד חרקים סנו Kרב קוטל500 מל,מיליליטרים,500.00,"100 מ""ל",false,1,23.90,4.7800,true,1,5916
7290005424403,false,"אל סבון כיף אצות ים קטיפתי 1ליטר,",טרופיקל דגיל תעשיות,IL,כיף אל סבון קטיפתי מועשר בלחות 1 ליטר,ליטרים,1.00,ליטר,false,1,15.90,15.9000,true,1,5917
7290005424755,false,מטליות ריצפז פלוס לחות לניקוי רצפות דוחה תיקנים 10 יח' סנו,סנו מפעלי ברונוס בעמ,IL,סנו ריצפז פלוס דוחה תיקנים ניחוח לימון,לא מנהל יחידת מידה,0.00,לא מנהל יחידת מידה,false,1,16.90,0.0000,true,1,183963
7290005424847,false,"מפיות סופט לבנות לשולחן (150 יח') ""סנו""",מיוצר עי קונדיטוריית,TR,מפיות נייר סנו סושי 150 יח,Unknown,0.00,Unknown,false,1,9.90,0.0000,true,1,5925
7290005424915,false,"סנומוד מבשם אויר בניחוח לבנדר פטצ'ולי סנו 150 מ""ל",סנו מפעלי בורונוס בע,IL,מ.אויר סנו מוד פטצולי לבנדר לל,מיליליטרים,150.00,"100 מ""ל",false,1,12.90,8.6000,true,1,5926
7290005425073,false,"מטהר אויר בניחוח יסמין ועץ סאנדלווד סנו 300 מ""ל","סנו מפעלי ברונוס בע""",IL,דואופרש אפרס,מיליליטרים,300.00,"100 מ""ל",false,1,11.90,3.9667,true,1,5929
7290005425196,false,"מקסימה אבקת כביסה סנסיטיב סנו 2.5 ק""ג",מיוצר עי קונדיטוריית,IL,אבקת כביסה מרוכזת SENSITIVE,קילוגרמים,2.50,"ק""ג",false,1,28.90,11.5600,true,1,5931
7290005425202,false,אבקת כביסה ביו מקסימה לכתמים קשים,"סנו מפעלי ברונוס בע""",IL,2.5 מקסימה ביו,קילוגרמים,2.50,"ק""ג",false,1,28.90,11.5600,true,1,13020
7290005425646,false,קליר נוזל לניקוי חלונות רב תכליתי סנו 1 ליטר,"סנו מפעלי ברונוס בע""",IL,סנוקליר חלונות 1 ליטר,ליטרים,1.00,ליטר,false,1,11.90,11.9000,true,1,5934
7290005426193,false,ספוגית הפלא סנו סושי 6 יחידות,טרופיקל דגיל תעשיות,IL,סנו סושי ספוג הפלא,Unknown,0.00,Unknown,false,1,12.90,0.0000,true,1,14195
7290005426230,false,מטלית הפלא לרצפה מיקרופייבר סנו 1יח',סנו סושי,CN,מטלית הפלא לרצפה סנו סושי,Unknown,0.00,Unknown,false,1,11.90,0.0000,true,1,5943
7290005426568,false,"קרמה - קרם לחות לשיער רגיל 400 מ""ל",טרופיקל דגיל תעשיות,IL,קרמה לחות לשיער רגיל,מיליליטרים,400.00,"100 מ""ל",false,1,20.70,5.1750,true,1,5948
7290005426629,false,"סנו דואופרש אורן לוטוס ופרחי מים ודובדבן, 300 מ""ל",סנו fresh,IL,מ.אויר דואופרש לוטוס ופרחי מים,מיליליטרים,300.00,"100 מ""ל",false,1,11.90,3.9667,true,1,5951
7290005426735,false,"סנו - מקסימה אבקת כביסה בלאק 1.25 ק""ג",קריות זול,IL,"אבק.כביסה מקסימה BLACK ק""ג 1.25",קילוגרמים,1.25,"ק""ג",false,1,14.90,11.9200,true,1,15441
7290005427107,false,סנו - סושי מגבות נייר הפלא 6 יחידות,מיוצר עי קונדיטוריית,IL,"סנו סושי 6 מגבות הפלא, 700 גרם",מטרים,6350.00,מטר,false,1,12.90,0.0020,true,1,16841
7290005427619,false,"כיף גל לשיער לשיער קוצים 1ק""ג",גוד פוד פרודקטס S.p,IL,כיף - ג'ל לעיצוב שיער קוצים ירוק,ליטרים,1.00,ליטר,false,1,22.90,22.9000,true,1,14333
7290005427770,false,"קרמה - קרם לחות לשיער לגבר 400 מ""ל",טרופיקל דגיל תעשיות,IL,קרמה מן קרם לחות לשיער,מיליליטרים,400.00,"100 מ""ל",false,1,20.70,5.1750,true,1,16566
7290005427787,false,"קרמה - קרם לחות לשיער מתולתל 400 מ""ל",טרופיקל דגיל תעשיות,IL,לחות לשיער מתולתל קרמה,מיליליטרים,400.00,"100 מ""ל",false,1,20.70,5.1750,true,1,15312
7290005427978,false,"תחליב רחצה לפנים קרמה 180 מ""ל",גוד פוד פרודקטס S.p,IL,קרמה תחליב רחצה לפנים 180 מל,מיליליטרים,180.00,"100 מ""ל",false,1,15.90,8.8333,true,1,28271
7290005427985,false,"קרמה תחליב רחצה לפנים בתוספת גרגירי פילינג 180 מ""ל",גוד פוד פרודקטס S.p,IL,תחליב פנים פילינג קרמה,גרמים,180.00,100 גרם,false,1,15.90,8.8333,true,1,28272
7290005428852,false,ממחטות טישו צבעוניים סנו סופט 5 יח' *100דף,ישרפייפר,IL,מגבוני טישו צבעוני סנו סופט 1/5,יחידה,1.00,יחידה,false,1,15.90,15.9000,true,1,16091
7290005430480,false,"מטליות פלא מייקרופייבר כחול ""סנוסושי""",קריות זול,CN,מטלית הפלא סנו סושי למשטח,Unknown,0.00,Unknown,false,1,9.90,0.0000,true,1,36264
7290005430602,false,"סנו אוקסיג'ן ספריי להסרת כתמים עם חמצן פעיל 750 מ""ל","סנו מפעלי ברונוס בע""",IL,"מסיר כתמים אוקסיג""ן מרסס 750 מ""ל",מיליליטרים,750.00,"100 מ""ל",false,1,18.90,2.5200,true,1,5979
7290005431159,false,עדן קינוחים תותים בקצפת לייט,עדן קינוחים,IL,תותים בקצפת לייט עדן 80 גרם,גרמים,80.00,100 גרם,false,1,7.20,9.0000,true,1,202846
7290005431883,false,עדן קינוחים מלבי חלבי,עדן קינוחים Eden,IL,עדן מלבי 165 גרם,גרמים,165.00,100 גרם,false,1,7.20,4.3636,true,1,190743
7290005431906,false,מעדן קדאיף עדן קינוח,עדן קינוחים Eden,IL,קדאיף 82 גרם,גרמים,82.00,100 גרם,false,1,7.20,8.7805,true,1,190746
7290005431913,false,עדן קינוחים עוגת גבינה פירורים,עדן קינוחים Eden,IL,עוגת גבינה פירורים 92 גרם,גרמים,92.00,100 גרם,false,1,7.20,7.8261,true,1,190744
7290005431920,false,עדן קינוחים עוגת גבינה פירורים לייט,עדן קינוחים Eden,IL,עוגת גבינה פירורים לייט 78 גרם,גרמים,78.00,100 גרם,false,1,7.20,9.2308,true,1,190745
7290005431937,false,עדן קינוחים טירמיסו,עדן קינוחים Eden,IL,טירמיסו 82 גרם,גרמים,82.00,100 גרם,false,1,7.20,8.7805,true,1,190742
7290005559587,false,מאפה נקניקיה בבצק מעדנות 800ג',מיוצר עי קונדיטוריית,IL,מאפה נקניקיה 800 גרם,גרמים,800.00,100 גרם,false,1,33.60,4.2000,true,1,6137
7290005559907,false,פיצה משפחתית גבינה מעדנות 500 גר,מיוצר עי קונדיטוריית,IL,פיצה משפחתית גבינה מעדנות 500גרם,גרמים,500.00,100 גרם,false,1,25.90,5.1800,true,1,6145
7290005559914,false,פיצה משפחתית זיתים מעדנות 550 גרם,מיוצר עי קונדיטוריית,IL,פיצה משפחתית זיתים 550 גרם,גרמים,550.00,100 גרם,false,1,27.90,5.0727,true,1,6146
7290005559990,false,בצק פילאס תורכי מעדנות 600 גרם,מיוצר עי קונדיטוריית,IL,בצק פילאס תורכי 600 גרם,גרמים,600.00,100 גרם,false,1,22.90,3.8167,true,1,6150
7290005591761,false,דבש טהור מפרחי בר בלחיץ 400 ג' יד מרדכי,מכוורת יד מרדכי שטרא,IL,דבש טהור לחיץ 400 גרם,גרמים,400.00,100 גרם,false,1,24.90,6.2250,true,1,6164
7290005610509,false,צנונית ארוז דוד משה 500ג',ביכורי השקמה,IL,צנונית בייבי ארוז,לא מנהל יחידת מידה,0.00,לא מנהל יחידת מידה,false,1,6.90,0.0000,true,1,181833
7290005651366,false,"מזון לכלבים בונזו מזון כלבים כבד 3 ק""ג","ביופט בע""מ",IL,"בונזו בקר וכבד 3 ק""ג",קילוגרמים,3.00,"ק""ג",false,1,49.90,16.6333,true,1,6201
7290005686436,false,תפוח עץ מיובש ששון ה,"דין שיווק וקליה בע""מ",,תפוח עץ מיובש 200 גרם,גרמים,200.00,100 גרם,false,1,11.90,5.9500,false,1,202601
7290005803628,false,קרחון מלון - צבע מאכל טבעי,המאפיה של הרמן,IL,נסטלה קרחון מלון בדצ 48*80גרם,Unknown,0.00,Unknown,false,1,2.90,0.0000,true,1,12287
7290005838002,false,מעדן גבינה ויוגורט בטעם וניל 88 ג' דניאלה,"שטראוס בריאות בע""מ",IL,דניאלה וניל,גרמים,88.00,100 גרם,false,1,4.40,5.0000,true,1,6451
7290005839108,false,גבינה לבנה סימפוניה עם תוספות 200 ג'+זיתים 5%,"שטראוס בריאות בע""מ",IL,סימפוניה 5% עם זתים,גרמים,200.00,100 גרם,false,1,11.90,5.9500,true,1,6461
7290005839313,false,"מילקי טופ מגולגלת שטראוס 170 מ""ל",מיוצר עי קונדיטוריית,IL,מילקי טופ מגולגלת 140 גרם,גרמים,140.00,100 גרם,false,1,4.90,3.5000,true,1,6463
7290005896439,false,"בירה מכבי, בקבוק חוזר 500 מ''ל","טמפו משקאות בע""מ",IL,"בירה מכבי, בקבוק חוזר 500 מ''ל",מיליליטרים,500.00,"100 מ""ל",false,1,6.90,1.3800,true,1,152024
7290006229588,false,בירה איגל לאגר פרימיום חזקה 6.3% 500 מל,"טמפו משקאות בע""מ",IL,"איגל זהב 500 מ""ל פחית 24 יח'",מיליליטרים,500.00,"100 מ""ל",false,1,6.90,1.3800,true,1,170287
7290006241191,false,אגוזי מלך קליית גת 150 גר,הדקלאים אגודת שיתופי,US,אגוז מלך שקית 150 גרם,גרמים,150.00,100 גרם,false,1,19.90,13.2667,true,1,57865
7290006241214,false,שקדים טבעיים קליית ג,הדקלאים אגודת שיתופי,IL,שקד טבעי שקית 200 גרם,גרמים,200.00,100 גרם,false,1,21.90,10.9500,true,1,15192
7290006251107,false,תה צ'אי מסאלה ויסוצקי 25 יחידות,מולינו ניקולי s.p.a,IL,מסאלה צ'אי,גרמים,50.00,100 גרם,false,1,19.90,39.8000,true,1,6942
7290006251275,false,תה ירוק סיני קלאסי ויסוצקי 25 יחידות,תה ויסוצקי,IL,תה ירוק סיני T.T,גרמים,37.00,100 גרם,false,1,25.90,70.0000,true,1,6944
7290006251343,false,הגן הקסום תה פסיפלורה ומנגו ויסוצקי 25 יחידות,תה ויסוצקי,IL,"מנגו-פסיפלורה ""הגן הקסום""",גרמים,62.00,100 גרם,false,1,19.90,32.0968,true,1,6947
7290006251374,false,תה ירוק לימונית וג'ינג'ר ויסוצקי 25 יחידות,תה ויסוצקי,IL,תה ירוק לימונית וג'ינג'ר T.T,גרמים,37.00,100 גרם,false,1,25.90,70.0000,true,1,14199
7290006265500,false,פטריות שמפיניון ארוז מרינה,"מרינה פטריות הגליל בע""מ",IL,פטריות שמפיניון יחידה,גרמים,250.00,100 גרם,false,1,10.90,4.3600,true,1,182944
7290006267542,false,יין תבור פנינים אדום,תבור,,"יין תבור פנינים אדום 750 מ""ל",מיליליטרים,750.00,"100 מ""ל",false,1,46.90,6.2533,true,1,72256
7290006271174,false,ג'חנון לאפיה בתנור מעדנות 700 גרם,מיוצר עי קונדיטוריית,IL,גחנון לאפיה מעדנות 700 גרם,גרמים,700.00,100 גרם,false,1,19.90,2.8429,true,1,6966
7290006271761,false,מיני ג'חנון אפוי מעדנות,מיוצר עי קונדיטוריית,IL,"ג""חנון אפוי מיני מעדנות 600 גרם",גרמים,600.00,100 גרם,false,1,24.90,4.1500,true,1,30503
7290006272072,false,חטיפי פיצה בשקית מעדנות 650ג',"מעדנות בע""מ",IL,חטיפי פיצה מעדנות 650 גרם,גרמים,650.00,100 גרם,false,1,34.90,5.3692,true,1,184081
7290006272430,false,בצק עלים חמאה מעדנות 600 גרם,מיוצר עי קונדיטוריית,IL,בצק עלים חמאה 600 גרם,גרמים,600.00,100 גרם,false,1,27.90,4.6500,true,1,46062
7290006342072,false,גרעין לבן 200 גרם ששון הקולה,"דין שיווק וקלייה בע""",IL,גרעין לבן 200גרם,גרמים,200.00,100 גרם,false,1,10.90,5.4500,true,1,202586
7290006342447,false,גרעין אבטיח 200 גרם ששון הקולה,"דין שיווק וקלייה בע""",IL,גרעין אבטיח 200גרם,גרמים,200.00,100 גרם,false,1,15.90,7.9500,true,1,202581
7290006342553,false,קבוקים 200 גרם ששון וקולה,"דין שיווק וקליה בע""מ",IL,קבוקים200 גר,גרמים,200.00,100 גרם,false,1,5.90,2.9500,true,1,202583
7290006342560,false,בוטן אמריקאי 200 גרם ששון הקולה,"דין שיווק וקלייה בע""",IL,בוטן אמריקאי 200גרם,גרמים,200.00,100 גרם,false,1,5.90,2.9500,true,1,202561
7290006342645,false,טורטיה גדולה 840 גר' 12 יח,אלקטי קוראבייכיסיגיד,TR,עלי טורטייה גדולה 840 גרם,גרמים,840.00,100 גרם,false,1,16.90,2.0119,true,1,203177
7290006374738,false,קונפיטורת יד מרדכי תות 340 גרם,אף.סי תבליני בגליל ב,IL,קונפיטורה תות 340 גרם יד מרדכי,גרמים,340.00,100 גרם,false,1,14.90,4.3824,true,1,15269
7290006451170,false,שנייק פיצה מחיר לקג-,"גידרון תעשיות בע""מ",IL,שנייק פיצה מחיר לקג-גידרון,קילוגרמים,1.00,"ק""ג",true,,39.90,39.9000,true,1,202627
7290006463517,false,לחמניות מיני נקניקיה,"איתנס' עוגות בע""מ",,לחמניות מיני נקניקיה/המבורגר רביעיה כשלפ,לא מנהל יחידת מידה,0.00,לא מנהל יחידת מידה,false,1,18.90,0.0000,true,1,167821
7290006511157,false,"פטריות שלמות ויליפוד 400 גרם בד""ץ",אוקצ'מפס אס.איי אויי,PL,ויליפוד פטריות שמפניון שלמות 400 גרם,גרמים,400.00,100 גרם,false,1,8.50,2.1250,true,1,16511
7290006618146,false,"הפי מדליק פחמים נוזלי יעקבי 500 מ""ל",תות תעשיות מזון (201,NL,יעקבי הפי מדליק פחמים נוזלי 500 מל,מיליליטרים,500.00,"100 מ""ל",false,1,18.90,3.7800,true,1,22508
7290006653819,false,פתיתי קוסקוס דק 350 גרם,"מיוצר ע""י קוד יצרן K",IL,אסם קוסקוס דק 12*350גרם,גרמים,350.00,100 גרם,false,1,7.90,2.2571,true,1,16064
7290006660596,false,קמח עדשים אדומות ללא גלוטן 500 גרם,אף.סי תבליני בגליל ב,IL,דוכן גן שמואל קמח אורז מלא 500 גרם,גרמים,500.00,100 גרם,false,1,20.90,4.1800,true,1,185939
7290006660602,false,מי קוקוס אורגני גרין קוקו קרטונית 1 ליטר,תות תעשיות מזון (201,PH,GREEN COCO מי קוקוס אורגני 1 ליטר,ליטרים,1.00,ליטר,false,1,19.90,19.9000,true,1,185950
7290006664037,false,גמדים דגנים ארוחת בוקר מארז 100X4ג',"שטראוס בריאות בע""מ",IL,גמדים תפוח בננה רביעייה,גרמים,400.00,100 גרם,false,1,11.90,2.9750,true,1,20419
7290006664402,false,גבינה לבנה סקי 5% שומן 750 גרם,מיוצר עי קונדיטוריית,IL,סקי% 5 750 גרם,גרמים,750.00,100 גרם,false,1,14.94,1.9920,true,1,7400
7290006664532,false,יוגורט עם תות 3% שומן 150 ג' דנונה,מיוצר עי קונדיטוריית,IL,דנונה תות 3%,גרמים,150.00,100 גרם,false,1,3.90,2.6000,true,1,13095
7290006664655,false,"אקטימל לבן טבעי מארז 100X8 מ""ל",מיוצר עי קונדיטוריית,IL,אקטימל לבן שמינייה,מיליליטרים,864.00,"100 מ""ל",false,1,20.90,2.4190,true,1,20423
7290006681003,false,גלידה תות לימון סורבה 1.33 ל' קרמיסימו,"גלידת שטראוס בע""מ, ר",IL,גלידה קרמיסימו סורבה שרבט תות לימון 1.33 ל',ליטרים,1.33,ליטר,false,1,26.90,20.2256,true,1,7403
7290006681065,false,"קסטה שוקו וניל ""שטראוס""","מיוצר ע""י גלידת שטרא",IL,שלגון טעמקור XL,גרמים,75.00,100 גרם,false,1,9.90,13.2000,true,1,15275
7290006681553,false,קרמבו בטעם וניל שטראוס 8 יחידות,"גלידת שטראוס בע""מ",IL,"שטראוס קרמבו 80 מ""ל",גרמים,200.00,100 גרם,false,1,15.90,7.9500,true,1,20687
7290006703323,false,שוקיים עוף קפוא,מעדני הטלה,,שוקיים עוף קפוא,קילוגרמים,1.00,"ק""ג",true,,34.90,34.9000,true,1,149294
7290006714381,false,טחון עוף 500 גר,מעדני הטלה והעגל,,"טחון עוף 500 גר """,גרמים,500.00,100 גרם,false,1,14.90,2.9800,true,1,59548
7290006714411,false,סטייק פרגיות ארוז מו,מעדני הטלה,,סטייק פרגיות ארוז מוכשר מעדני הטלה לקג,קילוגרמים,1.00,"ק""ג",true,,79.00,79.0000,true,1,172989
7290006739414,false,נקניק סלמי קוניאק זוגלובק 300 גרם,נקניק נהריה כשר זוגל,IL,זוגלובק סלמי קוניאק 300 גרם א.מ.,גרמים,300.00,100 גרם,false,1,26.90,8.9667,true,1,50770
7290006739421,false,נקניק סלמי מעושן איטלקי זוגלובק 300 גרם,נקניק נהריה כשר זוגל,IL,זוגלובק סלמי מעושן איטלקי 300 גרם א.מ.,גרמים,300.00,100 גרם,false,1,28.90,9.6333,true,1,51162
7290006742162,false,המבורגר מזרחי זוגלובק 400 גרם,נקניק נהריה כשר זוגל,IL,המבורגר מזרחי זוגלובק 400 גרם,גרמים,400.00,100 גרם,false,1,21.90,5.4750,true,1,43130
7290006742278,false,פסטרמה הודו צלויה על לבנים 330 ג' זוגלובק,נקניק נהריה כשר זוגל,IL,זוגלובק פסטרמה הודו בטעם צלייה על לבנים 330 גר,גרמים,330.00,100 גרם,false,1,30.90,9.3636,true,1,59792
7290006742292,false,פסטרמה הודו בדבש 330 ג' זוגלובק,נקניק נהריה כשר זוגל,IL,זוגלובק פסטרמה הודו בדבש טהור 330 גר,גרמים,330.00,100 גרם,false,1,30.90,9.3636,true,1,59794
7290006764058,false,"נשר בירה לבנה נשר בקבוק חוזר 500 מ""ל","טמפו משקאות בע""מ",IL,נשר לבן חוזר 500 בקבוק 20 יח',מיליליטרים,500.00,"100 מ""ל",false,1,6.40,1.2800,true,1,7473
7290006764065,false,בירה נשר מאלט ללא אלכוהול 500 מל,"טמפו משקאות בע""ם.",IL,בירה מאלט ללא אלכוהול 500 מל,מיליליטרים,500.00,"100 מ""ל",false,1,5.80,1.1600,true,1,7474
7290006764072,false,"גולדסטאר בירה בק חוזר 500 מ""ל","טמפו משקאות בע""מ",IL,"בירה גולדסטאר, בקבוק חוזר 500 מ""ל",מיליליטרים,500.00,"100 מ""ל",false,1,7.90,1.5800,true,1,7475
7290006764096,false,"בירה איגל 500 מ""ל 3.8% בקבוק חוזר","טמפו משקאות בע""מ",IL,"בירה איגל, בקבוק חוזר 500 מ""ל",מיליליטרים,500.00,"100 מ""ל",false,1,7.00,1.4000,true,1,177329
7290006764478,false,"בירה נשר מאלט בקבוק זכוכית 330 מ""ל","טמפו משקאות בע""מ",IL,"בירה נשר מאלט, בקבוק זכוכית 330 מל",Unknown,0.00,Unknown,false,1,4.90,0.0000,true,1,15961
7290006775047,false,"עוגה מבית טוב"" 450 גרם שוקולד",אחדות ביחר לטחינה חל,IL,אחווה עוגה בטעם שוקולד 450 גרם,גרמים,450.00,100 גרם,false,1,10.90,2.4222,true,1,64109
7290006775764,false,"עוגת שוקוצ'יפס לל""ס אחדות 400 גר'",אחדות ביחר לטחינה חל,IL,עוגת שוקולד ציפס ללא סוכר 400,גרמים,400.00,100 גרם,false,1,13.90,3.4750,true,1,57834
7290006784032,false,עלמה כריות יפניות - ללא שריטות 6 יחידות,קומפלקס כימיקלים,IL,עלמה כרית יפנית ללא שריטות 6 יחידות,יחידה,6.00,יחידה,false,1,7.90,1.3167,true,1,206029
7290006784186,false,כפפות ניטריל שחור ללא אבקה 100 יח' L עלמה,קומפלקס כימיקלים,CN,עלמה כפפות ניטריל שחור ללא אבקה L,יחידה,1.00,יחידה,false,1,21.90,21.9000,true,1,206032
7290006784193,false,כפפות ניטריל שחור ללא אבקה 100 יח' M עלמה,קומפלקס כימיקלים,CN,עלמה כפפות ניטריל שחור ללא אבקה M,יחידה,1.00,יחידה,false,1,21.90,21.9000,true,1,206033
7290006784230,false,כפפות ניטריל שחור ללא אבקה 100 יח' S עלמה,קומפלקס כימיקלים,CN,עלמה כפפות ניטריל שחור ללא אבקה S,יחידה,1.00,יחידה,false,1,21.90,21.9000,true,1,206034
7290006784360,false,חלונית סנט מוריץ לניקוי חלונות 1 ליטר,"קומפלקס כימיקלים בע""",IL,חלונית נוזל רב תכלתי 1 ליטר,ליטרים,1.00,ליטר,false,1,6.90,6.9000,true,1,179284
7290006784407,false,"PURE מבשם כביסה בניחוח מלון בוטיק 500 מ""ל",קומפלקס כימיקלים,TR,מבשם כביסה בניחוח בית מלון בוטיק 500 מל,מיליליטרים,500.00,"100 מ""ל",false,1,13.90,2.7800,true,1,206036
7290006784438,false,מרכך כביסה pure love לבן 1 ל' סנט מוריץ,"קומפלקס כימיקלים בע""",TR,מרכך כביסה פיור מרוכז לבן 1 ליטר,ליטרים,1.00,ליטר,false,1,11.90,11.9000,true,1,206039
7290006784575,false,"מילוי מכשיר אוויר 250 מ""ל fashion loouy סנט מוריץ",סורה קוסמטיקס,TR,fashion loouy מילוי מכשיר אוויר 250 מל,מיליליטרים,250.00,"100 מ""ל",false,1,13.90,5.5600,true,1,206043
7290006784599,false,"מילוי מכשיר אוויר 250 מ""ל fashion yoyo boss סנט מוריץ",סורה קוסמטיקס,TR,fashion yoyo boss מילוי מכשיר אוויר 250,מיליליטרים,250.00,"100 מ""ל",false,1,13.90,5.5600,true,1,206045
7290006784865,false,סנט מוריץ לניקוי משטחי מטבחים מרוכז ועוצמתי 1ל',קומפלקס כימיקלים,IL,מטבחים ספריי לניקוי של כל משטחי המטבח 1,ליטרים,1.00,ליטר,false,1,12.90,12.9000,true,1,206051
7290006785657,false,חבילת בלונים - (20 יח'),שמחה זה אנחנו,,בלונים 20 פסטל רחבה,יחידה,1.00,יחידה,false,1,6.90,6.9000,true,1,202869
7290006788429,false,"קרליין - נושם סאן רייס דאודורנט רול און לאישה כתום 75 מ""ל","אמיליה קוסמטיקס בע""מ",IL,"קרליין, דיאורדורנט נושם רול און כתום SUNRISE75 מל",גרמים,119.00,100 גרם,false,1,13.90,11.6807,true,1,16343
7290006788436,false,"קרליין - נושם פיור דאודורנט רול און לאישה ורוד 75 מ""ל",משווק: קוסמופארם בעמ,IL,קרליין דיאודורנט נושם+ רול און וורוד PURE 75 מל,גרמים,119.00,100 גרם,false,1,13.90,11.6807,true,1,16817
7290006789648,false,"קרם לחות לשיער יבש 10 קרליין 400 מ""ל","אמיליה קוסמטיקס בע""מ",IL,קרליין 10 קרם לחות לשיער יבש 400 מל,מיליליטרים,400.00,"100 מ""ל",false,1,17.90,4.4750,true,1,14640
7290006805850,false,פילסברי פנקייק תערובת להכנת חביתיות,הדקלאים אגודת שיתופי,IL,תערובת קלת הכנה לפנקייק ביתי וטעים 450 גרם,גרמים,500.00,100 גרם,false,1,17.90,3.5800,true,1,23239
7290006899187,false,סרמוני תה - 20 לימונית לואיזה - קופסת פירמידה,תה סרמוני בעמ,,תה סרמוני לימונית ולואיזה 14 שקיקים,גרמים,30.00,100 גרם,false,1,19.90,66.3333,true,1,205110
7290006899255,false,סרמוני תה - 20 ארל גריי - קופסת פירמידה,תה סרמוני בעמ,,תה סרמוני ארל גריי לבנדר 14 שקיקים,גרמים,44.00,100 גרם,false,1,19.90,45.2273,true,1,205107
7290006983770,false,עוגת הבית שיש אסם 400 גרם,מיוצר עי קונדיטוריית,IL,הבית עוגת שיש 8*400גרם,גרמים,400.00,100 גרם,false,1,15.90,3.9750,true,1,12771
7290006983787,false,עוגת הבית שוקולד צ'יפס אסם 400 גרם,מיוצר עי קונדיטוריית,IL,הבית עוגת שוקולד צ'יפס 8*400גרם,גרמים,400.00,100 גרם,false,1,15.90,3.9750,true,1,12602
7290006983794,false,עוגת הבית בטעם תפוז אסם 400 גרם,מיוצר עי קונדיטוריית,IL,הבית עוגת תפוז 8*400גרם,גרמים,400.00,100 גרם,false,1,15.90,3.9750,true,1,12603
7290006992208,false,מטרנה דייסת 8 דגנים מעורבים 200 גרם,מטרנה תעשיות ש.מ,IL,מטרנה דייסת דגנים פרוביוטיקה 12*200גרם,גרמים,200.00,100 גרם,false,1,15.90,7.9500,true,1,7763
7290006992390,false,"מטרנה - דייסת וניל פרוביוטי כשל""פ 200 גרם",מולינו ניקולי s.p.a,IL,מטרנה דייסת וניל פרוביוטי. כשלפ 12*200ג,גרמים,200.00,100 גרם,false,1,15.90,7.9500,true,1,22330
7290008000796,false,"סופרמן משחת שיניים לילדים בטעם פירות כצט 50 מ""ל",כצט נוביס,IL,משחת שיניים לילדים-סופרמן50 גר,מיליליטרים,50.00,"100 מ""ל",false,1,10.90,21.8000,true,1,19998
7290008116541,false,"שטיפת פה ליסטרין קול מינט 500 מ""ל",ג'ונסון אנד ג'ונסון,IT,ליסטרין שטיפת פה מנטה קריר 500 מל,מיליליטרים,500.00,"100 מ""ל",false,1,17.90,3.5800,true,1,87455
7290008175814,false,וילי פוד פטריות שמפיניון חתוך בדץ 400ג,"אוקצ'מפ אס, איי אויי",PL,פטריות חתוך 400גרם- בד'צ,גרמים,400.00,100 גרם,false,1,5.50,1.3750,true,1,50791
7290008330398,false,בדין דפים למייבש כביסה כחול 40 יחידות,קלין טסט פרודקטס,US,בדין דפי מרכך ריחניים למייבש הכביסה,לא מנהל יחידת מידה,0.00,לא מנהל יחידת מידה,false,1,18.90,0.0000,true,1,43101
7290008333115,false,אבקת ג'לטין טהור נטו 28 גרם,ג'ליק פיניור,IL,ויליגר אבקת ג'לטין טהור 28 גרם,גרמים,28.00,100 גרם,false,1,10.90,38.9286,true,1,10138
7290008340618,false,סלמון מעושן מצונן דלידג 100 ג',ויליגר תעשיות בעמ,IL,פרלינג סלומון מעושן 100 גרם,גרמים,100.00,100 גרם,false,1,21.90,21.9000,true,1,14249
7290008409124,false,מאמא עוף קפוא שניצל ג'ונגל פריך 700 גרם,תנובה גליל שותפות מו,IL,שניצל גונגל מאמא עוף 700 גרם,גרמים,700.00,100 גרם,false,1,38.90,5.5571,true,1,25193
7290008409216,false,מאמא עוף קפוא שניצל דק פריך 700 גרם,תנובה גליל,IL,מאמא עוף שניצל דק פריך 700 גרם,גרמים,700.00,100 גרם,false,1,44.90,6.4143,true,1,55546
7290008409544,false,שניצל עוף אמיתי בציפוי פריך מאמא עוף 700 ג',תנובה גליל שותפות מו,IL,שניצל עוף אמיתי 700 גרם,גרמים,700.00,100 גרם,false,1,44.90,6.4143,true,1,10198
7290008409551,false,שניצל עוף אמיתי בציפוי מעודן 700 ג' מאמא עוף,תנובה גליל שותפות מו,IL,שניצל אמיתי מעודן,גרמים,700.00,100 גרם,false,1,44.90,6.4143,true,1,10199
7290008443616,false,"מרכך לשיער יבש אדום 750 מ""ל נקה 7","אמיליה קוסמטיקס בע""מ",IL,נקה 7-מרכך לשיער יבש,מיליליטרים,750.00,"100 מ""ל",false,1,11.90,1.5867,true,1,10293
7290008464024,false,"בירה גולדסטאר Unfiltered, בירה לא מסוננת, פחית 500 מ""ל","טמפו משקאות בע""מ",IL,"בירה גולדסטאר לא מסונן פחית 500 מ""ל",מיליליטרים,500.00,"100 מ""ל",false,1,9.90,1.9800,true,1,162956
7290008464208,false,"בירה מכבי 7.9%, בירה חזקה, בקבוק 330 מ''ל",פארייפאבה אגרואינדוס,IL,"בירה מכבי 7.9%, בירה חזקה, בקבוק 330 מ''ל",מיליליטרים,330.00,"100 מ""ל",false,1,8.90,2.6970,true,1,167560
7290008464222,false,"בירה מכבי 7.9%, בירה חזקה, פחית 500 מ""ל","טמפו משקאות בע""מ",IL,"בירה מכבי 7.9%, בירה חזקה, פחית 500 מ""ל",מיליליטרים,500.00,"100 מ""ל",false,1,8.90,1.7800,true,1,171891
7290008464338,false,"בירה מכבי בקבוק ח""פ 330 מ""ל",בירה מכבי,IL,בירה מכבי בקבוק 330 מל לאגר בהירה,מיליליטרים,330.00,"100 מ""ל",false,1,7.90,2.3939,true,1,10326
7290008464345,false,"בירה גולדסטאר, בקבוק 330 מ''ל",פארייפאבה אגרואינדוס,IL,"בירה גולדסטאר, בקבוק 330 מ''ל",מיליליטרים,330.00,"100 מ""ל",false,1,7.90,2.3939,true,1,10327
7290008464468,false,"בירה גולדסטאר, פחית 500 מ""ל",פארייפאבה אגרואינדוס,IL,"בירה גולדסטאר, פחית 500 מ""ל",מיליליטרים,500.00,"100 מ""ל",false,1,8.90,1.7800,true,1,10330
7290008464475,false,"בירה מכבי, פחית 500 מ""ל","טמפו משקאות בע""מ",IL,"בירה מכבי, פחית 500 מ""ל",מיליליטרים,500.00,"100 מ""ל",false,1,8.90,1.7800,true,1,10331
7290008464505,false,סאן בנדטו בקבוק פלסטיק 500מל,פארייפאבה אגרואינדוס,IT,סן בנדטו 500 מל שישייה,מיליליטרים,500.00,"100 מ""ל",false,1,4.20,0.8400,true,1,12294
7290008464604,false,"בירה היינקן, פחית 500 מ""ל",טמפו משקאות בע''מ,NL,"בירה היינקן, פחית 500 מ""ל",מיליליטרים,500.00,"100 מ""ל",false,1,13.90,2.7800,true,1,12217
7290008464611,false,"הסודה של טמפו, מי סודה בגיזוז חזק, 275 מל",טמפו משקאות בעמ,IL,"הסודה של טמפו, מי סודה בגיזוז חזק, 275 מל",מיליליטרים,275.00,"100 מ""ל",false,1,3.90,1.4182,true,1,184297
7290008464635,false,"מי טוניק, גזוז בטעם טוניק 275 מל",טמפו משקאות בעמ,IL,"טמפו טוניק, 275 מל",מיליליטרים,250.00,"100 מ""ל",false,1,5.50,2.2000,true,1,184484
7290008464741,false,"בירה גולדסטאר, מארז שישייה, בקבוק 330 מ''ל",קריות זול,IL,"בירה גולדסטאר שישייה בקבוק 330 מ""ל",ליטרים,1.98,ליטר,false,1,36.90,18.6364,true,1,10335
7290008464796,false,"בירה היינקן, מארז שישייה, בקבוק 330 מ''ל",קריות זול,IL,"בירה הייניקן שישייה בקבוק 330 מ""ל",ליטרים,1.98,ליטר,false,1,39.90,20.1515,true,1,10337
7290008500005,false,תערובת לעוגה שוקולד ללא גלוטן 415 ג' פילסברי,פילסברי,IL,תערובת להכנת בראוניז פלסברי ללג 415גרם,גרמים,415.00,100 גרם,false,1,20.90,5.0361,true,1,202674
7290008500036,false,תערובת לעוגיות שוקוצ,פילסברי,IL,תערובת להכנת עוגיות שוקו ציפס פלסברי200,גרמים,200.00,100 גרם,false,1,16.90,8.4500,true,1,202673
7290008590129,false,שעועית ירוקה שלמה שף,משק ויילר,BE,שעועית ירוקה שלמה שף הטבע 800גרם,גרמים,800.00,100 גרם,false,1,11.90,1.4875,true,1,206672
7290008590150,false,אפונת גינה קטנה שף ה,משק ויילר,BE,אפונת גינה קטנה שף הטבע 800גרם,גרמים,800.00,100 גרם,false,1,11.90,1.4875,true,1,206674
7290008590167,false,אפונה וגזר שף הטבע,משק ויילר,BE,אפונה וגזר שף הטבע 800 גרם,גרמים,800.00,100 גרם,false,1,11.90,1.4875,true,1,206675
7290008590198,false,שעועית ירוקה חתוכה ש,משק ויילר,BE,שעועית ירוקה חתוכה שף הטבע 800גרם,גרמים,800.00,100 גרם,false,1,11.90,1.4875,true,1,206676
7290008644112,false,סלט מטבוחה יום יום אחלה 125 ג',"שטראוס גרופ בע""מ",IL,סלט מטבוחה יום יום 125 גרם,גרמים,125.00,100 גרם,false,1,5.50,4.4000,true,1,10400
7290008645935,false,חומוס לניגוב אחלה 750 ג',"שטראוס גרופ בע""מ",IL,חומוס 750 אחלה,גרמים,750.00,100 גרם,false,1,11.90,1.5867,true,1,24225
7290008693134,false,מעדן גבינה ויוגורט בטעם תות 5% שומן 88 ג' דניאלה,"שטראוס בריאות בע""מ",IL,דניאלה תות,גרמים,88.00,100 גרם,false,1,4.40,5.0000,true,1,10495
7290008713900,false,לחם שיפון עגול פרוס אנג'ל 750 גרם,מאפיית אנג'ל אורנים,IL,אנג'ל לחם שיפון עגול פרוס 750 גרם,גרמים,750.00,100 גרם,false,1,13.90,1.8533,true,1,50013
7290008745239,false,תפוצ'יפס קראנצ' בטעם טבעי עלית 50 גרם,"שטראוס פריטו ליי בע""",IL,תפו קראנצ טבעי 50 גר 48 יח - שמיטה,גרמים,50.00,100 גרם,false,1,3.90,7.8000,true,1,10590
7290008747547,false,תפוצ'יפס קראנץ' בטעם טבעי עלית 200 גרם,"שטראוס פריטו ליי בע""",IL,תפו קראנצ טבעי 200 גר 12 יח - שמיטה,גרמים,200.00,100 גרם,false,1,9.90,4.9500,true,1,10601
7290008752244,false,תפוצ'יפס קראנץ' בטעם גריל עלית 50 גרם,"שטראוס פריטו ליי בע""",IL,תפו קראנצ גריל 50 גר 48 יח - שמיטה,גרמים,50.00,100 גרם,false,1,3.90,7.8000,true,1,10642
7290008753111,false,תפוצ'יפס קראנץ' בטעם מקסיקני עלית 50 גרם,"שטראוס פריטו ליי בע""",IL,תפו קראנצ מקסיקני 50 גר 48 יח- שמיטה,גרמים,50.00,100 גרם,false,1,3.90,7.8000,true,1,10655
7290008775816,false,ערגליות עוגיות במילוי שוקו אסם 300 גרם,מיוצר עי קונדיטוריית,IL,ערגליות שוקולד 6*300גרם,גרמים,300.00,100 גרם,false,1,10.90,3.6333,true,1,10704
7290008775823,false,ערגליות במילוי תות אסם 300 גרם,מיוצר עי קונדיטוריית,IL,ערגליות תות שדה 6*300גרם,גרמים,300.00,100 גרם,false,1,10.90,3.6333,true,1,10705
7290008806305,false,"שלגון פצפצים ""שטראוס""","מיוצר ע"" גלידת שטראו",IL,שלגון פצפצים תות בננה עם סוכרי,גרמים,97.00,100 גרם,false,1,6.90,7.1134,true,1,10796
7290008806961,false,גלידה שוקולד שבבי שוקולד פרה 1.33 ל' קרמיסימו,"גלידת שטראוס בע""מ, ר",IL,גלידה קרמיסימו שוקולד צ'יפ פרה 1.33 ל',ליטרים,1.33,ליטר,false,1,26.90,20.2256,true,1,10802
7290008849661,false,אוליביה ממרח עגבניות מיובשות פיקנטי 180 גרם,טרופיקל דגיל תעשיות,IL,ממרח עגבניות מיובשות פקנטי אוליביה,גרמים,180.00,100 גרם,false,1,12.90,7.1667,true,1,184086
7290008849845,false,ממרח אוליביה אריסה פיקנטי 180 ג',"אוליביה גרומה בע""מ",IL,אריסה פקנטית אוליביה 185גרם,גרמים,185.00,100 גרם,false,1,12.90,6.9730,true,1,184087
7290008880112,false,מצת קליפר,Flamagas SA Barcelon,,מצת קליפר,לא מנהל יחידת מידה,0.00,לא מנהל יחידת מידה,false,1,6.00,0.0000,false,1,171741
7290008909761,false,"קרלסברג בקבוק יחיד 330מ""ל",מבשלות בירה בינלאומי,IL,"קרלסברג בק 330 מ""ל פקדון",מיליליטרים,330.00,"100 מ""ל",false,1,9.50,2.8788,true,1,46697
7290008909853,false,קוקה קולה זירו בקבוק 500מל,פארייפאבה אגרואינדוס,IL,"קולה ZERO בקבוק 500 מ""ל",מיליליטרים,500.00,"100 מ""ל",false,1,7.50,1.5000,true,1,47188
7290008909884,false,"קוקה קולה זירו 350 מ""ל בקבוק זכוכית",החברה המרכזית לייצור,IL,"קולה ZERO קלאסי 350 מ""ל",מיליליטרים,330.00,"100 מ""ל",false,1,7.00,2.1212,true,1,144601
7290009398113,false,חלה מתוקה,"גידרון תעשיות בע""מ",,חלה מתוקה ח א,גרמים,560.00,100 גרם,false,1,11.90,2.1250,true,1,25103
7290009398618,false,סופגניה גדולה עם ריב,"גידרון תעשיות בע""מ",,סופגניה גדולה עם ריבה כ 80 גר,גרמים,80.00,100 גרם,false,1,3.90,4.8750,true,1,30273
7290009957792,false,לחמנית שמיניה פרצל א,גדרון,IL,לחמנית שמיניה פרצל אפוי קפוא,יחידה,1.00,יחידה,false,1,4.90,4.9000,true,1,195423
7290009957808,false,פרצל אפוי גדרון א.ק,גדרון,IL,פרצל אפוי גדרון א.ק,יחידה,1.00,יחידה,false,1,5.90,5.9000,true,1,195162
7290010023141,false,הגן הקסום לימונענע ויסוצקי 25 יחידות,תה ויסוצקי,IL,לימונענע - הגן הקסום,גרמים,55.00,100 גרם,false,1,19.90,36.1818,true,1,14223
7290010116980,false,אבקת שוקולית שקית עלית 850 ג',הנסיך- מפעל לייצור ט,IL,שוקולית 850 גרם 6 יח,גרמים,850.00,100 גרם,false,1,19.70,2.3176,true,1,15635
7290010117864,false,דוריטוס חטיף תירס בטעם חריף אש עלית 70 גרם,שטראוס פריטו ליי (מל,IL,דוריטוס חריף אש 70 גרם,גרמים,70.00,100 גרם,false,1,3.90,5.5714,true,1,108545
7290010117970,false,סבבה בוטנים קלויים מצופים - אריזה אישית,"שטראוס פריטו ליי בע""",IL,בוטנים אמריקאים סבבה 50 גרם,גרמים,50.00,100 גרם,false,1,2.90,5.8000,true,1,48912
7290010129003,false,עוגיות אוזניים 600 גרם,קריניציה ויטמינה אס,IL,דולצ'ה ויטה עוגיות אוזניות מבצק עלים 600 גרם,גרמים,600.00,100 גרם,false,1,17.90,2.9833,true,1,16590
7290010129010,false,עוגיות ריבה 600 גרם,קריניציה ויטמינה אס,IL,עוגיות כתר ריבה 600 גרם,גרמים,600.00,100 גרם,false,1,17.90,2.9833,true,1,16591
7290010129027,false,עוגיות מרוקאיות 600 גרם,השוואת מחירונים,IL,עוגיות מרוקאיות 600 גרם,גרמים,600.00,100 גרם,false,1,17.90,2.9833,true,1,16592
7290010129041,false,עוגיות מלוחות 600 גרם,שיבולים א.ד.ל,IL,עוגיות מלוחות 600 גרם,גרמים,600.00,100 גרם,false,1,17.90,2.9833,true,1,16594
7290010129287,false,עוגיות שיבולת שועל-ג,השוואת מחירונים,IL,עוגיות שיבולת שועל -גרנולה 600 גרם,גרמים,600.00,100 גרם,false,1,17.90,2.9833,true,1,65799
7290010129324,false,עוגיות מעמול 600 גרם,שיבולים א.ד.ל,IL,עוגיות מעמול 600 גרם,גרמים,600.00,100 גרם,false,1,17.90,2.9833,true,1,24180
7290010129553,false,עוגיות רולדה תמרים 600 גרם,שיבולים א.ד.ל,IL,עוגיות רולדה תמרים 600 גרם,גרמים,600.00,100 גרם,false,1,17.90,2.9833,true,1,188805
7290010129607,false,עוגיות רשת 600 גרם,שיבולים א.ד.ל,IL,עוגיות רשת 600 גרם,גרמים,600.00,100 גרם,false,1,17.90,2.9833,true,1,188809
7290010129614,false,עוגיות מקלות סוכר 60,שיבולים א.ד.ל,IL,עוגיות מקלות סוכר 600 גרם,גרמים,600.00,100 גרם,false,1,17.90,2.9833,true,1,188810
7290010129713,false,עוגת דניש שמרים שוקו,שיבולים א.ד.ל,IL,עוגת דניש שמרים שוקולד 500 גרם,גרמים,500.00,100 גרם,false,1,12.90,2.5800,true,1,188816
7290010129720,false,עוגיות שמרים קינמון 400 גרם דולצה ויטה,שיבולים א.ד.ל,IL,עוגיות שמרים שניק קינמון 400 גרם,גרמים,400.00,100 גרם,false,1,10.90,2.7250,true,1,188817
7290010129959,false,עוגיות שמרים 400 גרם דולצה ויטה,שיבולים א.ד.ל,IL,עוגיות שמרים רוגלך 400 גרם,גרמים,400.00,100 גרם,false,1,10.90,2.7250,true,1,172627
7290010153510,false,בורגול יבש מיה 500 גר',"מיה תעשיות מזון בע""מ",IL,בורגול מיה 500 גרם,גרמים,500.00,100 גרם,false,1,4.90,0.9800,true,1,206786
7290010153695,false,פול גדול מיה 400 גר,"מיה תעשיות מזון בע""מ",IL,פול גדול מיה 400 גרם,גרמים,400.00,100 גרם,false,1,8.90,2.2250,true,1,206805
7290010163069,false,צנובר 100 גרם ששון הקולה,"דין שיווק וקלייה בע""",IL,צנובר 100 גרם,גרמים,100.00,100 גרם,false,1,24.90,24.9000,true,1,37980
7290010192816,false,תמר מגהול ללא גלעין,תימורת הערבה,IL,תמר מגהול ללא גלעין 45 גרם,גרמים,45.00,100 גרם,false,1,4.90,10.8889,true,1,204175
7290010199891,false,"סטייל - סבון ידיים אדום 500 מ""ל משאבה - מרכז",דולפין ספא,TR,"תה אדום, סבון ארומטי",מיליליטרים,500.00,"100 מ""ל",false,1,7.90,1.5800,true,1,65623
7290010237685,false,"הייניקן בירה צואר ארוך 330מ""ל",טמפו משקאות בע''מ,IL,"בירה היינקן, בקבוק 330 מ''ל",מיליליטרים,330.00,"100 מ""ל",false,1,9.90,3.0000,true,1,24300
7290010237890,false,"בירה הייניקן בקבוק 500 מ""ל חוזר",טמפו משקאות בע''מ,IL,"בירה היינקן, בקבוק חוזר 500 מ""ל",מיליליטרים,500.00,"100 מ""ל",false,1,8.90,1.7800,true,1,24339
7290010259861,false,מנת השף נודלס בטעם ירקות וילי פוד 70 גרם,קריות זול,TH,מנת השף מרק עם נודלס בטעם ירקות 70 גרם,גרמים,70.00,100 גרם,false,1,5.50,7.8571,true,1,61838
7290010328093,false,ממרח חלווה אחווה 400 ג' מהדרין,אחדות בית חרושת לטחי,IL,אחוה ממרח חלוה 400 גרם,גרמים,400.00,100 גרם,false,1,12.90,3.2250,true,1,39004
7290010328246,false,טחינה גולמית משומשום מלא אחווה 500 גרם,"אחדות ביח""ר לטחינה ח",IL,טחינה שומשום מלא אחווה 500 גרם,גרמים,500.00,100 גרם,false,1,14.90,2.9800,true,1,143197
7290010328253,false,טחינה גולמית משומשום טבעי אחווה 500 גרם,"אחדות ביח""ר לטחינה ח",IL,אחוה טחינה גולמית 500 גרם בפלסטיק,גרמים,500.00,100 גרם,false,1,14.90,2.9800,true,1,72104
7290010328468,false,אחווה חטיפי מיני חלווה ב- 3 טעמים 18 יח,שוורצקוף& הנקל דיסלד,IL,"אחוה חטיפי מיני חלוה פיסטוק, וניל וקקאו 18 יחידות",גרמים,216.00,100 גרם,false,1,10.90,5.0463,true,1,164827
7290010471669,false,יוגורט תות עם קורנפלקס מצופה שוקולד ללא גלוטן 3.9%,"שטראוס בריאות בע""מ",IL,דנונה בר תות קורנפלקס,גרמים,175.00,100 גרם,false,1,4.80,2.7429,true,1,21942
7290010472307,false,מארז 8 יחידות משקה גמדים בטעם תות בננה,מיוצר עי קונדיטוריית,IL,גמדים לשתיה שמינייה תות בננה,מיליליטרים,800.00,"100 מ""ל",false,1,21.90,2.7375,true,1,24652
7290010609734,false,אייס לי משקה להקפאה בטעמי פירות - מארז 8 יח',הדיל,IL,"שלוקים אייס לי 800 מ""ל",מיליליטרים,800.00,"100 מ""ל",false,1,5.90,0.7375,true,1,188721
7290010627004,false,טחינה גולמית מסורתית ירושלים 500 ג',"בראשית ירושלים בע""מ",IL,טחינה ירושלים 500 גרם,גרמים,500.00,100 גרם,false,1,15.90,3.1800,true,1,180133
7290010632541,true,נובי סט קערות+מכסה,מולינו ניקולי s.p.a,CN,נובי קערות האכלת לתינוק 6 יח',לא מנהל יחידת מידה,0.00,לא מנהל יחידת מידה,false,1,34.90,0.0000,true,1,184340
7290010657254,false,סרדינים מרוקאי בשמן צמחי 125 ג',יוניון דה פחריס,MA,סרדינים בשמן צמחי 125 גרם,גרמים,125.00,100 גרם,false,1,5.50,4.4000,true,1,60941
7290010657490,false,סרדין קזבלנקה בשמן ח,יוניון דה פחריס,MA,סרדינים בשמן חריף 125 גרם,גרמים,125.00,100 גרם,false,1,6.50,5.2000,true,1,153467
7290010791576,false,לה-קט דליקטס דגי אוקינוס 85 גר',"הייקיו, תאילנד",TH,לה קט דליקטס אוצרות הים 85 גרם,גרמים,85.00,100 גרם,false,1,5.90,6.9412,true,1,38964
7290010838219,false,ממתיק על בסיס צמח הסטיביה - שקיות,תות ממתקי איכות,IL,ממתיק על בסיס סטיביה 100 שקיות,גרמים,100.00,100 גרם,false,1,32.90,32.9000,true,1,159533
7290010883356,false,כפפות אלוורה רב שימושיות גדולות L סנו סושי,סנו סושי,CN,L-סושי כפפות אלוורה,לא מנהל יחידת מידה,0.00,לא מנהל יחידת מידה,false,1,10.80,0.0000,true,1,39869
7290010883363,false,כפפות אלוורה רב שימושיות קטנות S סנו סושי,האי נאם סי או אל.טי.,CN,סושי כפפות אלוורה רב שימושיות - S,Unknown,0.00,Unknown,false,1,10.80,0.0000,true,1,39904
7290010883370,false,כפפות אלוורה רב שימושיות בינוניות M סנו סושי,האי נאם סי או אל.טי.,CN,סושי כפפות אלוורה רב שימושיות - M,Unknown,0.00,Unknown,false,1,10.80,0.0000,true,1,39905
7290010903924,false,שניצל צמחי דק שף הטב,משק ויילר,IL,שניצל צמחי שף הטבע 1 קג,קילוגרמים,1.00,"ק""ג",false,1,21.90,21.9000,true,1,206663
7290011017866,false,קוקה קולה קלאסי בפחית,החברה המרכזית לייצור,IL,"סליק קוקה קולה 330 מ""ל מבצע",מיליליטרים,330.00,"100 מ""ל",false,1,5.90,1.7879,true,1,151993
7290011017873,false,"קוקה קולה זירו פחית 330 מ""ל",החברה המרכזית לייצור,IL,"סליק קולה ZERO 330 מ""ל מבצע",מיליליטרים,330.00,"100 מ""ל",false,1,5.90,1.7879,true,1,151994
7290011018184,false,פיוז טי תה קר בטעם אפרסק,מבשלות בירה בינלאומי,IL,FUZE tea אפרסק 0.5 ליטר,מיליליטרים,500.00,"100 מ""ל",false,1,8.50,1.7000,true,1,151661
7290011018214,false,פיוז טי תה קר בטעם מנגו אננס,פארייפאבה אגרואינדוס,IL,פיוזטי מנגו אננס 0.5 ליטר,מיליליטרים,500.00,"100 מ""ל",false,1,8.50,1.7000,true,1,151664
7290011081492,false,גלידה בטעם שלושה שוקולדים 1.33ל' קרמיסימו,"גלידת שטראוס בע""מ, ר",IL,מעדן קפוא קרמיסימו 3 שוקולדים 1.33 ל',ליטרים,1.33,ליטר,false,1,26.90,20.2256,true,1,41661
7290011114886,false,סקין גארד תרסיס שקוף 30-200,מיוצר עי : אמיליה קו,IL,סקין גארד ספריי הגנה שקוף SPF30 200 מל,מיליליטרים,200.00,"100 מ""ל",false,1,62.40,31.2000,true,1,39009
7290011115203,false,אל סבון מוצק מבושם בניחוח עדין קלאסיק - מארז רביעיה,טרופיקל דגיל תעשיות,IL,נקה 7 סבון מוצק ורוד 1/4,גרמים,400.00,100 גרם,false,1,10.90,2.7250,true,1,35442
7290011115289,false,אל סבון מוצק מבושם בניחוח עדין קלאסיק - מארז רביעיה,"גליל כימיכלים בע""מ",IL,נקה 7 סבון מוצק לילך - רביעיה,גרמים,400.00,100 גרם,false,1,12.90,3.2250,true,1,41998
7290011128043,false,שורש פטרוזיליה,חקלאי,IL,שורש ארוז,יחידה,1.00,יחידה,false,1,5.90,5.9000,true,1,196734
7290011132507,false,סן בנדטו- מים מנרליים - מוגז עדין 500 מל,פארייפאבה אגרואינדוס,IT,סן בנדטו מוגז 500 מל,מיליליטרים,500.00,"100 מ""ל",false,1,6.00,1.2000,true,1,144387
7290011133504,false,"מכבי שנדי אפרסק בקבוק בודד 330 מ""ל",טמפו משקאות בע''מ,IL,"בירה שנדי, בירה בטעם אפרסק, בקבוק 330 מ""ל",מיליליטרים,330.00,"100 מ""ל",false,1,6.50,1.9697,true,1,61475
7290011148898,false,גבעולי ברוקולי משקל 400 גר,חקלאי,IL,ברוקולי ארוז במגשית,לא מנהל יחידת מידה,0.00,לא מנהל יחידת מידה,false,1,9.90,0.0000,true,1,194824
7290011153885,false,נייר אכיל ממותג דיסני,שמחה זה אנחנו,,נייר אכיל ממותג .,Unknown,0.00,Unknown,false,1,22.60,0.0000,true,1,38044
7290011154035,false,"תרכיז תפוחים סחוט טעמי הגליל 500 מ""ל",טעמי הגליל,IL,"תרכיז תפוחים סחוט 500 מ""ל טעמי הגליל",מיליליטרים,500.00,"100 מ""ל",false,1,22.90,4.5800,true,1,200503
7290011154080,false,"תרכיז תפוחים צלול טעמי הגליל 500 מ""ל",טעמי הגליל,IL,"תרכיז תפוחים צלול 500 מ""ל טעמי הגליל",מיליליטרים,500.00,"100 מ""ל",false,1,22.90,4.5800,true,1,200502
7290011194215,false,מעדן גבינה ויוגורט בטעם בננה 5% שומן 88 ג' דניאלה,"שטראוס בריאות בע""מ",IL,דניאלה מעדן בננה 88 גרם,גרמים,88.00,100 גרם,false,1,4.40,5.0000,true,1,31785
7290011194246,false,קוטג' 5% עם סידן 250 ג' שטראוס,מיוצר עי קונדיטוריית,IL,קוטג' 5% 250 גרם,גרמים,250.00,100 גרם,false,1,5.90,2.3600,true,1,32203
7290011215934,false,תערובת עוגת שוקולד כשלפ פילסברי,ג'נרל מילס,IL,"תערובת עוגת שוקולד 500 כשל""פ",גרמים,500.00,100 גרם,false,1,16.90,3.3800,true,1,204790
7290011223038,false,בונומי עלים לקרמשניט שכבות אפויות מבצק עלים 300 גרם,בונומי ס.פ.א,IT,עלים לקרמשניט בונומי 300 גרם,גרמים,300.00,100 גרם,false,1,16.90,5.6333,true,1,72065
7290011223045,false,בונומי בישקוטים 200 גרם,בונומי ס.פ.א,IT,בונמי בישקוטים 200 גרם,גרמים,200.00,100 גרם,false,1,7.90,3.9500,true,1,69847
7290011235055,false,בזיליקום,יבולי הבשור,IL,בזיליקום,לא מנהל יחידת מידה,0.00,לא מנהל יחידת מידה,false,1,5.90,0.0000,true,1,55765
7290011235062,false,עירית,חקלאי,IL,עירית,Unknown,0.00,Unknown,false,1,5.90,0.0000,true,1,182914
7290011235079,false,קורנית (טימין),חקלאי,IL,טימין ורנית,Unknown,0.00,Unknown,false,1,4.90,0.0000,true,1,51656
7290011249748,false,רולים גלילי ופל במילוי קרם שוקולד 100 ג' עלמה,"גילרו בע""מ",IL,ופל גלילית שוקולד גילרו 100 גרם,גרמים,100.00,100 גרם,false,1,3.90,3.9000,true,1,165379
7290011254032,false,קינואה מיה 500 גרם,"מיה תעשיות מזון בע""מ",IL,קינואה מיה 500 גרם,גרמים,500.00,100 גרם,false,1,11.90,2.3800,true,1,206788
7290011254605,true,תערובת קדירה לקט לחמ,מיה,IL,תערובת קדירה לקט לחמין מיה 600 גרם,גרמים,600.00,100 גרם,false,1,12.90,2.1500,true,1,206820
7290011402020,false,ציפס משפחתי 2 קג מיל,מילוטל,,ציפס משפחתי 2 קג מילוטל,קילוגרמים,2.00,"ק""ג",false,1,26.90,13.4500,true,1,64188
7290011438142,false,"משקה יטבתה אייס קפה בבקבוק אישי 350 מ""ל",שטראוס גרופ,IL,"אייס קפה 350 מ""ל",מיליליטרים,350.00,"100 מ""ל",false,1,6.50,1.8571,true,1,41209
7290011447267,false,מטרנה פרימיום חלבי שלב 1 700 גרם חיסכון,מטרנה תעשיות ש.מ,IL,מטרנה פרימיום חלבי שלב 1 700,גרמים,700.00,100 גרם,false,1,59.90,8.5571,true,1,47047
7290011501617,false,חמוציות ברכז תפוחים ללא תוספת סוכר 250 גרם,"דין שיווק וקלייה בע""",IL,חמוציות ברכז תפוחים ללא סוכר 250 גרם,גרמים,250.00,100 גרם,false,1,16.90,6.7600,true,1,203350
7290011502867,false,דלישס גרנולה במבחר אגוזים 500גר,"דין שיווק וקלייה בע""",IL,גרנולה אגוזים 500 גרם שקדיה,גרמים,500.00,100 גרם,false,1,14.90,2.9800,true,1,47425
7290011502874,false,דלישס גרנולה עם פירות יבשים 500גר,"דין שיווק וקלייה בע""",IL,גרנולה פירות יבשים 500 גרם שקדיה,גרמים,500.00,100 גרם,false,1,14.90,2.9800,true,1,47426
7290011515911,false,שלגון לייט ריבת חלב מאגדת 6 יח',גלידות נסטלה (נגה גל,IL,נסטלה שלג.לייט ריבת חלב בדצ מאח.6 6*52ג,גרמים,312.00,100 גרם,false,1,27.90,8.9423,true,1,53452
7290011593087,false,"שמן זית כתית מעולה 750 מ""ל סבא חביב",סאן אויל עיבוד ושיוו,IL,"שמן זית כתית מעולה סבא חביב 750 מ""ל",מיליליטרים,750.00,"100 מ""ל",false,1,29.90,3.9867,true,1,144396
7290011598211,false,"סנו - אנטי קאלק מרסס ניקוי כללי 4 ב-1 700 מ""ל",מיוצר עי קונדיטוריית,IL,אנטי קאלק מרסס כללי רב שימושי 4 ב 1 700 מל,מיליליטרים,700.00,"100 מ""ל",false,1,19.90,2.8429,true,1,45724
7290011598372,false,"מטלית מקצועית לריצפה פרופישיונל ""סנו סושי""",סנו מפעלי ברונוס.,CN,מטלית רצפה מיקרופייבר,Unknown,0.00,Unknown,false,1,12.90,0.0000,true,1,42144
7290011723200,false,טחינה הר ברכה 100% שומשום טהור 500 גר,טחינה הר ברכה בעמ,IL,טחינת הר ברכה 500גרם,גרמים,500.00,100 גרם,false,1,18.90,3.7800,true,1,161070
7290011728298,false,חלפיניו ירוק פרוס עם בצל 195 גר,"דוידוב סלמון בע""מ",IL,טרס פסוס חלפניו ירוק עם בצל 195גרם,גרמים,195.00,100 גרם,false,1,24.90,12.7692,true,1,201582
7290011765101,false,"קצף גילוח לעור רגיל קרמה מן 200 מ""ל",קוסמופארם,,קרמה MEN קצף גילוח רגיל 200 מל,מיליליטרים,200.00,"100 מ""ל",false,1,12.90,6.4500,true,1,62601
7290011765316,false,מברשת שיניים לילדים עם שעון 4-8 אורביטול,החברה הדרומית,CN,מברשת שיניים אורביטול+שעון,Unknown,0.00,Unknown,false,1,16.90,0.0000,true,1,71428
7290011765392,false,"בוב ספוג שמפו לשיער לסירוק קל כיף 750 מ""ל",טרופיקל דגיל תעשיות,IL,בוב ספוג שמפו 750 מ''ל,מיליליטרים,750.00,"100 מ""ל",false,1,12.90,1.7200,true,1,42649
7290011765422,false,אל סבון מועשר בלחות ותמצית קמומיל - בוב ספוג,קוסמופארם בע''מ,IL,בוב אלסבון קמומיל 750 מ''ל,מיליליטרים,750.00,"100 מ""ל",false,1,16.90,2.2533,true,1,42652
7290011870225,false,סוללות פוג'יקום AAA רביעייה,פוג'יקום,CN,סוללות פוזיקום 4AAA,יחידה,1.00,יחידה,false,1,9.90,9.9000,true,1,178842
7290011870249,false,סוללות פוזיקום 12AAA,פוג'יקום,,סוללות פוזיקום 12AAA,לא מנהל יחידת מידה,0.00,לא מנהל יחידת מידה,false,1,19.90,0.0000,true,1,178855
7290011870256,false,AA סוללות פוגיקום 4 יחידות,פוג'יקום,CN,מארז 4 פוגיקום AA,יחידה,1.00,יחידה,false,1,9.90,9.9000,true,1,178841
7290011870270,false,פוג'יקום סוללות מארז 12 יח' AA,פוג'יקום,,סוללות פוזיקום 12AA,לא מנהל יחידת מידה,0.00,לא מנהל יחידת מידה,false,1,19.90,0.0000,true,1,178856
7290011870720,false,סוללה פוגיקום גדול D,פוג'יקום,,סוללות פוזיקום D,יחידה,1.00,יחידה,false,1,23.90,23.9000,true,1,66810
7290011870737,false,סוללה פוגיקום בינוני,פוג'יקום,,סוללות פוזיקום C,יחידה,1.00,יחידה,false,1,21.90,21.9000,true,1,178851
7290011870744,false,סוללה מרובע פוגיקום,פוג'יקום,,סוללות פוזיקום 9V,יחידה,1.00,יחידה,false,1,19.90,19.9000,true,1,66811
7290011877095,false,"רדיד אלומיניום רוחב 45 ס""מ סנו סושי 2*7.5 מטר",בורסה פאזרי,TR,רדיד אלומיניום זוג15מ רוחב45סמ,מטרים,1500.00,מטר,false,1,25.60,0.0171,true,1,46223
7290011877101,false,"סנומוד מטהר אוויר מאסק סנו 150 מ""ל",מיוצר עי קונדיטוריית,IL,"מטהר אוויר סנו מוד מאסק 150 מ""ל",מיליליטרים,150.00,"100 מ""ל",false,1,12.90,8.6000,true,1,71327
7290011877859,false,סנו אינסטלטור חדש פותח סתימות 200ג',מיוצר עי קונדיטוריית,IL,"פותח סתימות אינסטלטור 200 גר """,גרמים,200.00,100 גרם,false,1,14.90,7.4500,true,1,48969
7290011947309,false,זיתים מצוננים סורי מבוקע ולימון כבוש זיתא 230 ג',זיתא – י.ט.ב תעשיות,IL,זית ירוק עם לימון כבוש זיתא 230 גרם,גרמים,230.00,100 גרם,false,1,13.90,6.0435,true,1,161475
7290011947798,false,זית קלמטה ללא גלעין עם שמן זית כתית מעולה,זיתא - י.ט.ב תעשיות,IL,זית קלמטה ללא גלעין זיתא 190 גרם,גרמים,190.00,100 גרם,false,1,13.90,7.3158,true,1,193859
7290011964344,false,שום גבישי 120 גרם מיכל גדול,"תבליני טעם וריח בע""מ",IL,תבליני טעם וריח מיכל שום גבישי 120 גרם,גרמים,120.00,100 גרם,false,1,9.90,8.2500,true,1,47465
7290011964658,false,"מלח לימון 170 גרם ""טעם וריח""","תבליני טעם וריח בע""מ",IL,תבליני טעם וריח מלח לימון 100% 170 גרם,גרמים,170.00,100 גרם,false,1,9.90,5.8235,true,1,56044
7290011964689,false,על האש לא מונוסודיום 100 גרם 100 גרם מיכל גדול,"תבליני טעם וריח בע""מ",IL,"תבליני טעם וריח תערובת תיבול על האש, 100 גרם",Unknown,0.00,Unknown,false,1,9.90,0.0000,true,1,66240
7290011964702,false,שווארמה ללא מונסודיום 100 גרם מיכל גדול,"תבליני טעם וריח בע""מ",IL,"תבליני טעם וריח תערובת תיבול לשווארמה, 100 גרם",גרמים,110.00,100 גרם,false,1,9.90,9.0000,true,1,66242
7290011996000,false,טעם אסיה אטריות עגבניות 454 ג',פוקולוקו,CN,אטריות עגבניות 454 גרם,גרמים,454.00,100 גרם,false,1,7.50,1.6520,true,1,50706
7290011996031,false,טעם אסיה אטריות בצים 454 ג',מזרח מערב,CN,אטריות ביצים 454 גרם,גרמים,454.00,100 גרם,false,1,7.50,1.6520,true,1,52462
7290011996062,false,אורז לבן עגול מתאים להכנת סושי,טעמי אסיה Taste of Asia,ES,"אורז לסושי 1 ק""ג",קילוגרמים,1.00,"ק""ג",false,1,13.90,13.9000,true,1,52303
7290011996123,false,אצות לסושי נורי גולד 10 יחידות,טעמי אסיה Taste of Asia,CN,דפי אצות ים נורי 10 יח,גרמים,25.00,100 גרם,false,1,10.90,43.6000,true,1,50711
7290011996185,false,"חומץ אורז לסושי 250 מ""ל ""אסיה""",טעמי אסיה Taste of Asia,CN,"חומץ אורז 250 מ""ל",מיליליטרים,250.00,"100 מ""ל",false,1,7.90,3.1600,true,1,52590
7290011996222,false,מי אגוז קוקוס דל 400 גרם,טעמי אסיה Taste of Asia,TH,"חלב קוקוס אסיה 400 מ""ל",מיליליטרים,400.00,"100 מ""ל",false,1,5.90,1.4750,true,1,56170
7290011996277,false,מחצלת עגולה לגלגול סושי,טעמי אסיה Taste of Asia,CN,מחצלת לסושי אסיה,יחידה,1.00,יחידה,false,1,3.90,3.9000,true,1,53133
7290011996604,false,"רוטב פאד תאי 300 גרם ""אסיה""",טעמי אסיה Taste of Asia,TH,רוטב פאד תאי 300 מל,מיליליטרים,300.00,"100 מ""ל",false,1,15.90,5.3000,true,1,52779
7290011996703,false,טעם אסיה אצות וקאמה 100גר,טעמי אסיה Taste of Asia,,אצות וואקאמה מיובשות 100 גרם,גרמים,100.00,100 גרם,false,1,14.90,14.9000,true,1,62597
7290011996765,false,"אבקה ווסאבי 70 גרם ""אסיה""",טעמי אסיה Taste of Asia,CN,וואסבי שפורפרת 43 גרם,גרמים,43.00,100 גרם,false,1,8.90,20.6977,true,1,56461
7290011996789,false,פנקו פירורי לחם בסגנון יפני,טעמי אסיה Taste of Asia,CN,פירורי לחם יפניים פנקו 200 גרם,גרמים,200.00,100 גרם,false,1,7.90,3.9500,true,1,56872
7290011996819,false,"מקלוני אטריות שעועית 250 גרם ""אסיה""",טעמי אסיה Taste of Asia,CN,אטריות סיניות מקלוני שעועית 250 גרם,גרמים,250.00,100 גרם,false,1,5.90,2.3600,true,1,55111
7290012001994,false,חרדל דיז'ון גרעינים 350 ג' ריין דיזון,ריין דיז'ון reine dijon,FR,חרדל דיגון גרעינים 350 גרם כפ,גרמים,350.00,100 גרם,false,1,12.90,3.6857,true,1,66245
7290012019258,false,מחית תפוחי עץ רביעיה 4 * 113 ג' תומר,Cherry growers inc,IL,מחית תפוחי עץ רביעייה 452 גרם,גרמים,452.00,100 גרם,false,1,12.90,2.8540,true,1,152001
7290012040528,false,טבק נקסט אוריגינל PP חפיסה,,,טבק נקסט אוריגינל PP חפיסה,יחידה,1.00,יחידה,false,1,84.90,84.9000,true,1,190534
7290012116025,false,שמפו פיית הפרפרים לסירוק קל מכיל רוזמרין,קוסמופארם בע''מ,IL,"כיף שמפו פיות 750 מ""ל",מיליליטרים,750.00,"100 מ""ל",false,1,12.90,1.7200,true,1,68653
7290012116063,false,"כיף אל סבון פיות בתמציות קמומיל 750 מ""ל",טרופיקל דגיל תעשיות,IL,"כיף אלסבון פיות קמומיל 750 מ""ל",מיליליטרים,750.00,"100 מ""ל",false,1,12.90,1.7200,true,1,68655
7290012116537,false,"מקסימה אבקת כביסה בניחוח מאסק סנו 2.5 ק""ג",טרופיקל דגיל תעשיות,IL,"סנו מקסימה בניחוח מאסק, 2.5 קג",קילוגרמים,2.50,"ק""ג",false,1,28.90,11.5600,true,1,60632
7290012116551,false,אנטי קאלק נוזל לניקוי כללי סנו 2 ליטר,מיוצר עי קונדיטוריית,IL,אנטי קאלק לניקוי כללי 2 ל',ליטרים,2.00,ליטר,false,1,21.90,10.9500,true,1,60234
7290012116629,false,תחליב רול און דוחה יתושים לתינוקות ולילדים סנו די,מיוצר עי קונדיטוריית,IL,סנו די תחליב דוחה יתושים לתינוקות ולילדים 50 מל,מיליליטרים,50.00,"100 מ""ל",false,1,19.90,39.8000,true,1,56699
7290012116674,false,"דאודורנט גל קול 75 מ""ל קרמה מן",קוסמופארם,IL,קרמה מן דאודורנט ג'ל אנטיפרספרינט קול 70 מל,מיליליטרים,75.00,"100 מ""ל",false,1,16.90,22.5333,true,1,56776
7290012116735,false,סנו סופט גמבו נייר טואלט 24 גל 900מ קומפ,סנו מפעלי ברונוס בעמ,IL,נ ט סופט גליל גמבו 24 יחידות,מטרים,90000.00,מטר,false,1,42.90,0.0005,true,1,128485
7290012117428,false,"ג'ל רחצה ושמפו מעיינות מנטה קרמה מן 700 מ""ל",טרופיקל דגיל תעשיות,IL,קרמה מן שמפו וג'ל 2 ב-1 מנטה 700 מ''ל,מיליליטרים,700.00,"100 מ""ל",false,1,18.90,2.7000,true,1,56779
7290012117534,false,סנו - מקסימה מרכך כביסה מרוכז קול 1 ליטר,"סנו מפעלי ברונוס בע""",IL,מקסימה מרכך כביסה מרוכז (COOL) 1 ליטר,ליטרים,1.00,ליטר,false,1,18.90,18.9000,true,1,64966
7290012117558,false,מקסימה מרכך כביסה מרוכז ורוד בניחוח מאסק סנו 1 ליטר,"סנו מפעלי ברונוס בע""",IL,מרכך מרוכז מאסק 1ליטר 40 כביסות,ליטרים,1.00,ליטר,false,1,18.90,18.9000,true,1,65795
7290012117732,false,מקסימה מרכך כביסה ארומתרפי קול סנו 4 ליטר,"סנו מפעלי ברונוס בע""",IL,מרכך כביסה מקסימה קול שחור 4 ל,ליטרים,4.00,ליטר,false,1,22.90,5.7250,true,1,148053
7290012117916,false,אינסטלטור נוזל לפתיחת סתימות סנו 1 ליטר,"סנו מפעלי ברונוס בע""",IL,אינסטלטור נוזלי סנו,ליטרים,1.00,ליטר,false,1,28.90,28.9000,true,1,153372
7290012191374,false,מדליק פחמים מנורה,,CN,מדליק פחם,יחידה,1.00,יחידה,false,1,6.90,6.9000,true,1,192434
7290012193163,false,סבון נוזלי פמלי לקשרי פריחת הדובדבן 1 ל,אף.סי תבליני בגליל ב,IL,פמילי אל סבון נוזלי פרחי בר רעננים 1 ליטר,ליטרים,1.00,ליטר,false,1,14.90,14.9000,true,1,152369
7290012226021,false,נקניק סלמי מעושן פראג זוגלובק 400 גרם,נקניק נהריה כשר זוגל,IL,זוגלובק סלמי מעושן פראג 400 גרם א.מ.,גרמים,400.00,100 גרם,false,1,22.90,5.7250,true,1,63106
7290012226076,false,חרמון הודו ועוף 200 ג' זוגלובק,זוגלובק,IL,זוגלובק חרמון הודו ועוף 200 גרם,גרמים,200.00,100 גרם,false,1,14.90,7.4500,true,1,188910
7290012226120,false,"קבנוס 135 גרם ""זוגלובק""",נקניק נהריה כשר זוגל,IL,זוגלובק קבנוס 135 גרם,גרמים,135.00,100 גרם,false,1,12.50,9.2593,true,1,68656
7290012227325,false,סלמי דק דק מעושן איטלקי 120 ג' זוגלובק,זוגלובק,IL,זוגלובק סלמי מעושן איטלקי 120 גרם דק דק דק,גרמים,120.00,100 גרם,false,1,14.90,12.4167,true,1,181401
7290012227998,false,פסטרמה דק דק חזה בקר 120 ג' זוגלובק,זוגלובק,IL,זוגלובק חזה בקר 120 גרם דק דק דק,גרמים,120.00,100 גרם,false,1,14.90,12.4167,true,1,181402
7290012245275,false,"גולד ציפס בטטה קריספי 1 ק""ג",אגריסטו,BE,"CHIPS ציפס בטטה קריספי 1 ק""ג",קילוגרמים,1.00,"ק""ג",false,1,27.90,27.9000,true,1,204568
7290012245329,false,"צ'יפס קלאסי 1.5 ק""ג גולד שארית",יוליניבר,IL,ציפס בחיתוך קלאסי 1.5 קג,קילוגרמים,1.50,"ק""ג",false,1,20.90,13.9333,true,1,181500
7290012263453,false,מד חום גמיש מהיר,גזיאנג,CN,מד חום גמיש מהיר,יחידה,1.00,יחידה,false,1,17.90,17.9000,true,1,193570
7290012309311,false,ערמונים קלופים שלמים 100 גר,"דין שיווק וקליה בע""מ",CN,ערמונים מקולפים 105 גרם,גרמים,105.00,100 גרם,false,1,6.90,6.5714,true,1,53390
7290012309939,false,חלבה מסולסלת דין שיווק 500 ג',אף.סי תבליני בגליל ב,IL,חלבה מסולסלת 500 גרם ששון הקולה,גרמים,500.00,100 גרם,false,1,14.90,2.9800,true,1,163847
7290012404177,false,"שוופס Fruits תפוח זכוכית 330 מ""ל",יפאורה תבורי בעמ,IL,"שוופס מוגז פירות תפוחים 330 מ""ל זכוכית",מיליליטרים,330.00,"100 מ""ל",false,1,6.90,2.0909,true,1,60509
7290012404955,false,נקטר חמוציות ספרינג קולקשן 1.25 ליטר,"יפאורה תבורי בע""מ",IL,ספרינג Collection נקטר חמוציות 1.25 ל',ליטרים,1.25,ליטר,false,1,14.00,11.2000,true,1,70417
7290012525452,false,טילון אקסטרים נוק אאוט שוקו וניל 70ג',גלידות נסטלה (נגה גל,IL,אקסטרים טילון שוקו וניל בדצ 24*70גרם-חדש,גרמים,70.00,100 גרם,false,1,9.50,13.5714,true,1,64405
7290012576591,false,"יין רזרב גוורצטרמינר 750 מ""ל שביעית",יקבי ברקן שיווק והפצ,IL,"גוורצטרמינר רזרב 750 מ""ל",מיליליטרים,750.00,"100 מ""ל",false,1,49.90,6.6533,true,1,185638
7290012642586,false,ערמונים קלופים תומר 100 ג',Tangshan huiyuan foo,CN,ערמונים קלופים 100 גר תומר,גרמים,100.00,100 גרם,false,1,4.90,4.9000,true,1,154040
7290012645112,false,"יוגורט עיזים בדלי 750 גרם ""חלב הארץ""",מחלבות סוסיא,IL,"יוגורט עיזים 750 מ""ל",מיליליטרים,750.00,"100 מ""ל",false,1,19.90,2.6533,true,1,180962
7290012645129,false,"יוגורט כבשים בדלי 750 גרם ""חלב הארץ""",מחלבות סוסיא,IL,"יוגורט כבשים 750 מ""ל",מיליליטרים,750.00,"100 מ""ל",false,1,19.90,2.6533,true,1,180961
7290012697081,false,סוכרזית מהטבע סטיוויה 100 טבליות,"סוכרזית בע""מ",IL,סוכרזית סטיוויה 100 שקיות,גרמים,100.00,100 גרם,false,1,29.90,29.9000,true,1,148337
7290012759253,false,טראפלס תמרים וקקאו 280 גר' - ממה,ממה חטיפי אנרגיה,IL,טרפלס תמרים וקקאו 280 גרם,גרמים,280.00,100 גרם,false,1,32.90,11.7500,true,1,157625
7290012759284,false,חטיף דגנים מלאים בקר,ממה חטיפי אנרגיה,,חטיף דגנים מלאים בקרם אגוזי לוז וקקאו 25,גרמים,25.00,100 גרם,false,1,7.50,30.0000,true,1,165935
7290012759444,false,טרפלס חמאת בוטנים 28,ממה חטיפי אנרגיה,,טרפלס חמאת בוטנים 280 גרם,גרמים,280.00,100 גרם,false,1,32.90,11.7500,true,1,175151
7290012759529,false,טראפלס שקדים וטחינה 280 גר' - ממה,ממה חטיפי אנרגיה,IL,טרפלס טחינה ושקדים 280 גרם,גרמים,280.00,100 גרם,false,1,32.90,11.7500,true,1,178869
7290012759659,false,משפחתית בראוניז תמר שוקולד קוקוס ואגוז מלך 240 גר' - ממה,ממה חטיפי אנרגיה,IL,עוגיות בראוניז קוקוס ואגוז מלך 240 גרם,גרמים,240.00,100 גרם,false,1,27.90,11.6250,true,1,189082
7290012759673,false,משפחתית בראוניז חמאת בוטנים קשיו וגוג'י ברי 240 גר' - ממה,ממה חטיפי אנרגיה,IL,עוגיות בראוניז חמאת בוטנים 240 גרם,גרמים,240.00,100 גרם,false,1,27.90,11.6250,true,1,189080
7290012803055,false,סוכרלוז מרמולייט- 100שקיות אישיות,תות ממתקי איכות,IL,סוכרלוז מרמולייט 100 שקיות,גרמים,100.00,100 גרם,false,1,26.90,26.9000,true,1,56519
7290012803215,false,וופל בלגי בטעם שוקולד ללא תוספת סוכר,בטר אנד דיפרנט,IL,ופל בלגי בטעם שוקולד 200 גרם,גרמים,200.00,100 גרם,false,1,10.80,5.4000,true,1,150628
7290012803352,false,"רייד קוטל זבובים ויתושים 300מ""ל",אס.סי.ג'ונסון מידרכט,NL,"תרסיס רייד קוטל חרקים מעופפים 300 מ""ל",מיליליטרים,300.00,"100 מ""ל",false,1,19.90,6.6333,true,1,67888
7290012803765,false,טוסו שוקולד מריר ללא תוספת סוכר 100 גרם,אלטינמארקה גידה סאן,TR,טוסו שוקולד מריר ללא תוספת סוכר 100 גרם,גרמים,100.00,100 גרם,false,1,11.90,11.9000,true,1,150432
7290012803772,false,טוסו שוקולד חלב ללא תוספת סוכר 100 גרם,אלטינמארקה גידה סאן,TR,טוסו שוקולד חלב ללא תוספת סוכר 100 גרם,גרמים,100.00,100 גרם,false,1,11.90,11.9000,true,1,150433
7290012823541,false,ריצפז פרש מטליות לחות לרצפה בניחוח לבנדר 10 יחידות,"סנו מפעלי ברונוס בע""",IL,מטליות ריצפז פרש לבנדר,לא מנהל יחידת מידה,0.00,לא מנהל יחידת מידה,false,1,12.90,0.0000,true,1,63841
7290012823602,false,נייר טואלט סופט סילק לבן 32 גלילים סנו,טרופיקל דגיל תעשיות,IL,נייר טואלט סופט 32 גלילים,מטרים,58800.00,מטר,false,1,33.90,0.0006,true,1,72257
7290012823763,false,סנו סושי 5 שקיות ואק,N.A,,סנו סושי 5 שקיות ואקום למזון ע,Unknown,0.00,Unknown,false,1,25.00,0.0000,true,1,70463
7290012850073,false,מחית בוליווד סלט פירות 190 גרם,בילובד Beloved,SK,מחית סלט פירות BELOVED 190 גרם,גרמים,190.00,100 גרם,false,1,6.20,3.2632,true,1,177238
7290012911477,false,"קרם קוקוס 400 גרם ""אסיה""",אסיאטיק אגרו אינדסטר,TH,קרם קוקוס גולד 400 גרם,גרמים,400.00,100 גרם,false,1,7.90,1.9750,true,1,144213
7290012911675,false,"פיטריות שטאקה 85 גרם ""אסיה""",טעמי אסיה Taste of Asia,IL,פטריות שיטאקה אסיה 85 גרם,גרמים,85.00,100 גרם,false,1,17.90,21.0588,true,1,153704
7290012911729,false,"ג'ינג'ר ורוד לסושי 250 גרם ""אסיה""",טעמי אסיה Taste of Asia,CN,גינגר לסושי אסיה 250 גרם,גרמים,250.00,100 גרם,false,1,7.50,3.0000,true,1,152984
7290012911804,false,"שמן שומשום כשר 150 מ""ל",גואנגדונג גוד טייסט,SG,"שמן שומשום אסיה 150 מ""ל",מיליליטרים,150.00,"100 מ""ל",false,1,11.90,7.9333,true,1,143659
7290012911866,false,"דפי אורז מרוב עים 22 ס""מ 300 גרם",טעמי אסיה Taste of Asia,VN,דפי אורז מרובעים 300 גרם,גרמים,300.00,100 גרם,false,1,11.90,3.9667,true,1,156150
7290012996672,false,סבון אסלה + בושם ל24 שעות ביום הפי,יוליניבר,IT,סבון אסלה מבושם יעקבי 2 יחידות,גרמים,43.00,100 גרם,false,1,9.90,23.0233,true,1,175948
7290013027399,false,לחם קמח מלא קל בתוספת שיפון 750 ג' אנג'ל,מאפיית שלמה א. אנג'ל,IL,לחם 100% קמח מלא קל בתוספת שיפון,גרמים,750.00,100 גרם,false,1,16.90,2.2533,true,1,71914
7290013068361,false,שמן זית אליעד כתית מ,אליעד,IL,שמן זית אליעד כתית מעולה 750 מל,מיליליטרים,750.00,"100 מ""ל",false,1,36.90,4.9200,true,1,189692
7290013068699,false,שמן זית כתית מעולה ע,בית הבד,IL,"שמן זית כתית מעולה עשיר אליעד 750מ""ל",מיליליטרים,750.00,"100 מ""ל",false,1,36.90,4.9200,true,1,191869
7290013068705,false,שמן זית כתית מעולה ק,בית הבד,IL,שמן זית כתית מעולה קטיפתי אליעד750 מל,מיליליטרים,750.00,"100 מ""ל",false,1,36.90,4.9200,true,1,191868
7290013117236,false,בורקס פילו פיצה מעדנות 600 גרם,מיוצר עי קונדיטוריית,IL,בורקס פילו פיצה 600 גרם,גרמים,600.00,100 גרם,false,1,22.50,3.7500,true,1,62062
7290013117243,false,בורקס פילו בולגרית מעדנות 600 גרם,מיוצר עי קונדיטוריית,IL,בורקס פילו בולגרית 600 גרם,גרמים,600.00,100 גרם,false,1,22.50,3.7500,true,1,62063
7290013117410,false,בצק פריך מרודד למאפים מתוקים 900 ג' מעדנות,מיוצר עי קונדיטוריית,IL,מארז בצק פריך מתוק 450 גר 2*,גרמים,900.00,100 גרם,false,1,25.40,2.8222,true,1,73186
7290013117427,false,בצק פריך מרודד למאפים מלוחים מעדנות 2*450 גרם,מיוצר עי קונדיטוריית,IL,מארז בצק פריך מלוח *2 450 גרם,גרמים,900.00,100 גרם,false,1,25.40,2.8222,true,1,73187
7290013144393,false,"תמצית בטעם וניל מימונס 50 מ""ל",מיוצר עי קונדיטוריית,IL,מימונס תמצית אפיה בטעם וניל 50 מל,מיליליטרים,50.00,"100 מ""ל",false,1,4.90,9.8000,true,1,136831
7290013144416,false,"תמצית בטעם שקדים מימונס 50 מ""ל",מיוצר עי קונדיטוריית,IL,מימונס תמצית אפיה בטעם שקדים 50 מל,גרמים,50.00,100 גרם,false,1,4.90,9.8000,true,1,136833
7290013144508,false,"תמצית בטעם ורדים מיימונס 50 מ""ל",מיוצר עי קונדיטוריית,IL,מימונס תמצית אפיה בטעם ורדים 50 מל,גרמים,50.00,100 גרם,false,1,9.90,19.8000,true,1,65823
7290013145055,true,פרג שלם,א.ל ייצור ושיווק תבל,IL,פרג שלם,גרמים,100.00,100 גרם,false,1,6.90,6.9000,true,1,184281
7290013145178,true,קוקוס טחון לבן,מיוצר עי קונדיטוריית,IL,"מיימונס, קוקוס טחון לבן, 100 גרם",גרמים,100.00,100 גרם,false,1,4.90,4.9000,true,1,184287
7290013145192,true,שומשום,מיוצר עי קונדיטוריית,IL,"מימונס, שומשום, 100% טהור, 100 גרם",גרמים,100.00,100 גרם,false,1,4.90,4.9000,true,1,184288
7290013145710,false,מיימונס דובדבנים מסוכרים 100 גרם,מיוצר עי קונדיטוריית,IL,דובדבנים מסוכרים לקישוט ואפייה,גרמים,100.00,100 גרם,false,1,8.90,8.9000,true,1,65838
7290013145901,true,סודה לשתיה,א.ל ייצור ושיווק תבל,IL,"מיימונס, סודה לשתיה 100 גרם",Unknown,0.00,Unknown,false,1,2.40,0.0000,true,1,184291
7290013145949,false,אבקת סוכר באריזת פטנט 250גר,מיוצר עי קונדיטוריית,IL,מימונס אבקת סוכר 250 גרם,גרמים,250.00,100 גרם,false,1,16.50,6.6000,true,1,65162
7290013151209,false,קורנישון מלפפון בחומ,יוניקורן פיקלס,,קורנישון מלפפון בחומץ 690 גרם,גרמים,690.00,100 גרם,false,1,11.90,1.7246,true,1,157059
7290013268020,false,מקסימה מרכך כביסה מרוכז בניחוח אולטרא פרש סנו 1 ליטר,"סנו מפעלי ברונוס בע""",IL,מרכך מרוכז א.פרש 1ל' 40 כביסות,ליטרים,1.00,ליטר,false,1,18.90,18.9000,true,1,65327
7290013268884,false,"נוזל רצפות מאסק 2 ליטר ""ריצפז פרש""",מיוצר עי קונדיטוריית,IL,ריצפז פרש ניחוח מאסק 2 ליטר,ליטרים,2.00,ליטר,false,1,18.90,9.4500,true,1,69392
7290013268891,false,אוקסיג'ן ג'ל ללא אקונומיקה עם חמצן פעיל סנו 3 ליטר,"סנו מפעלי ברונוס בע""",IL,אוקסיג'ן גל,ליטרים,3.00,ליטר,false,1,34.60,11.5333,true,1,73259
7290013269287,false,סנו - מקסימה ג'ל כביסה מרוכז מאסק 3 ליטר,"סנו מפעלי ברונוס בע""",IL,"ג""ל כביסה מקסימה בניחוח מאסק 3 ליטר",ליטרים,3.00,ליטר,false,1,29.90,9.9667,true,1,148972
7290013269300,false,ניילון נצמד + לשימוש במיקרוגל,"מיוצר בהונג קונג, סי",CN,"סנו סושי ניילוןנצמד פלוס150 מ """,מטרים,15000.00,מטר,false,1,29.90,0.0020,true,1,157090
7290013269348,false,K3 תחנת פיתיון קוטל תיקנים (ג'וקים) בבית ובחצר,טרופיקל דגיל תעשיות,IL,K3 תחנת פיתיון- קוטל תיקנים (ג'וקים) בבית ובחצר,לא מנהל יחידת מידה,0.00,לא מנהל יחידת מידה,false,1,49.90,0.0000,true,1,189675
7290013269621,false,ריצפז פרש לניקוי רצפות בניחוח מלון בוטיק,מיוצר עי קונדיטוריית,IL,"סנו ריצפז, תרכיז ריחני לניקוי כל סוגי הרצפות",ליטרים,2.00,ליטר,false,1,21.90,10.9500,true,1,186243
7290013269669,false,ריצפז בניחוח פנטזיה לניקוי הרצפה,"סנו מפעלי ברונוס בע""",IL,ריצפז בניחוח פנטזיה לניקוי הריצפה 3 ליטר,ליטרים,3.00,ליטר,false,1,15.90,5.3000,true,1,154208
7290013269850,false,סנו - סושי נייר אפיה אקולוגי 50 יח',מולינו ניקולי s.p.a,IL,סושי אפיה אק - עשוי מהצומח,לא מנהל יחידת מידה,0.00,לא מנהל יחידת מידה,false,1,16.70,0.0000,true,1,145900
7290013269911,false,"סנו K-333 קוטל חרקים ללא ריח 750מ""ל","סנו מפעלי ברונוס בע""",IL,K-333,מיליליטרים,750.00,"100 מ""ל",false,1,27.60,3.6800,true,1,151026
7290013284310,false,רוטב פסטה לילדים 240 גרם פריניר,פריניר ( הדס 1987) ב,IL,פריניר רוטב פסטה טעים לילדים 240 גרם,גרמים,240.00,100 גרם,false,1,5.90,2.4583,true,1,156212
7290013358356,false,מאסטר שף פירורי לחם מוזהבים 320 גרם,מנה י.א בעמ,IL,פירורי לחם מוזהבים 350 גרם מאסטר שף,גרמים,300.00,100 גרם,false,1,7.90,2.6333,true,1,148057
7290013358363,false,מאסטר שף פרורי לחם פנקו עבים בסגנון יפני 300 גר,קריניציה ויטמינה אס,IL,פירורי לחם יפנים פנקו 300 גרם,גרמים,300.00,100 גרם,false,1,9.90,3.3000,true,1,148014
7290013358370,false,מאסטר שף פירורי לחם יפני פנקו שום 300 גרם,"מיוצר ע""י מנה י.א בע",IL,פירורי לחם יפנים טעם שום 300 גרם,גרמים,300.00,100 גרם,false,1,9.90,3.3000,true,1,148015
7290013358417,false,מאסטר שף אסייאתי רוטב טריאקי 300 מל כשלפ,קריניציה ויטמינה אס,TH,מאסטר שף רוטב טריאקי אסייאתי 300 מל,מיליליטרים,300.00,"100 מ""ל",false,1,12.90,4.3000,true,1,174329
7290013358462,false,"מיני קרוטונים למרק בתיבול שום, בצל ופטרוזיליה","עינת תעשיות מזון, אג",IL,"מאסטר שף, מיני קרוטונים למרק, 350 גרם",גרמים,350.00,100 גרם,false,1,18.90,5.4000,true,1,160929
7290013358493,false,מנה אסייאתי קרם קוקוס פחית 400 מל מ.שף,תאי קוקונט פבליק קומ,TH,מאסטר שף קרם קוקוס 400 מל,מיליליטרים,400.00,"100 מ""ל",false,1,9.90,2.4750,true,1,174192
7290013358523,false,מאסטר שף שבבי בצל מטוגן 150 גרם,קריניציה ויטמינה אס,NL,מאסטר שף שבבי בצל מטוגן 150 גרם,גרמים,150.00,100 גרם,false,1,14.80,9.8667,true,1,167772
7290013358547,false,מאסטר שף אסייאתי רוטב צ'ילי חריף 700 מל,קי.אר.אס. ספייסי פוד,TH,מאסטר שף רוטב צ'ילי חריף 700 מל,מיליליטרים,700.00,"100 מ""ל",false,1,13.90,1.9857,true,1,174129
7290013358585,false,מנה אסייאתי נודלס ביצים להקפצה 400 מ.שף,הנסיך- מפעל לייצור ט,CN,מאסטר שף נודלס אטריות ביצים 400 גרם,גרמים,400.00,100 גרם,false,1,9.80,2.4500,true,1,174036
7290013366658,false,חסה סלנובה עלים חתוך,מרינה פטריות הגליל,IL,חסה סלנובה ארוז,קילוגרמים,0.00,"ק""ג",false,1,12.90,0.0000,true,1,182935
7290013389114,false,ניוקי תפוח אדמה 500 ג' לה פסטה,לה פסטה La' Pasta,,"ניוקי תפו""א 500 גרם",גרמים,500.00,100 גרם,false,1,7.90,1.5800,true,1,173756
7290013585257,false,ספרייט זירו בבקבוק אישי,החברה המרכזית לייצור,IL,"ZERO ספרייט 500 מ""ל",מיליליטרים,500.00,"100 מ""ל",false,1,7.50,1.5000,true,1,171823
7290013585387,false,קוקה קולה זירו בקבוק,פארייפאבה אגרואינדוס,IL,ZERO תריסר 1 ליטר,ליטרים,1.00,ליטר,false,1,8.00,8.0000,true,1,170629
7290013585394,false,קוקה קולה 1ליטר בודד,פארייפאבה אגרואינדוס,IL,קוקה קולה 1 ליטר תריסר,ליטרים,1.00,ליטר,false,1,8.00,8.0000,true,1,170628
7290013608260,false,פרימור מיץ רימונים 100% סחוט טרי 1ל',"גניר (1992) בע""מ",IL,7290068700001,ליטרים,1.00,ליטר,false,1,26.00,26.0000,true,1,165731
7290013608482,true,נקטר מנגו פרימור,סטאר סנקס,IL,פרימור נקטר מנגו 1 ליטר‏,Unknown,0.00,Unknown,false,1,8.90,0.0000,true,1,188573
7290013608550,false,פרימור נקטר תפוזים 1ליטר,סטאר סנקס,IL,נקטר תפוזים,לא מנהל יחידת מידה,0.00,לא מנהל יחידת מידה,false,1,8.90,0.0000,true,1,188577
7290013608673,false,פרימור נקטר תפוחי עץ 1ליטר,סטאר סנקס,IL,נקטר תפוחי עץ ‏1‏ל,לא מנהל יחידת מידה,0.00,לא מנהל יחידת מידה,false,1,8.90,0.0000,true,1,188581
7290013702418,false,"שוופס מוגז עדין אפרסק זכוכית 330 מ""ל",יפאורה תבורי בעמ,IL,"שוופס מוגז עדין אפרסק 330 מ""ל זכוכית",מיליליטרים,330.00,"100 מ""ל",false,1,6.90,2.0909,true,1,177704
7290013724939,false,חמוציות בציפוי שוקולד מריר 160 גרם,"דין שיווק וקלייה בע""",IL,משוקלדים חמוציות מריר 140 גר קופסא,גרמים,140.00,100 גרם,false,1,10.90,7.7857,true,1,155143
7290013724946,false,שקדים בשוקולד מריר 140 גר שקדיה,"דין שיווק וקלייה בע""",IL,משוקלדים שקד מריר 140 גר קופסא,גרמים,140.00,100 גרם,false,1,10.90,7.7857,true,1,163621
7290013724977,false,צימוקים בשוקולד מריר 140 גר שקדיה,"דין שיווק וקלייה בע""",IL,משוקלדים צימוק מריר 140 גר קופסא,גרמים,140.00,100 גרם,false,1,10.90,7.7857,true,1,163617
7290013724991,false,שוקולד קופ אגוזים לוז עם חלב 160 ג',"דין שיווק וקלייה בע""",IL,משוקלדים לוז חלב 140 גר קופסא,גרמים,140.00,100 גרם,false,1,10.90,7.7857,true,1,202728
7290013725820,false,אגוזי לוז בשוקולד מריר 140 גר שקדיה,"דין שיווק וקלייה בע""",IL,אגוזי לוז בציפוי שוקולד מריר 140 גרם,גרמים,140.00,100 גרם,false,1,10.90,7.7857,true,1,64593
7290013816009,true,שוקולד טבעוני הולי ק,הולי קקאו,IL,שוקולד טבעוני הולי קקאו 90% קקאו,גרמים,100.00,100 גרם,false,1,19.90,19.9000,true,1,197543
7290013816016,true,שוקולד טבעוני הולי ק,הולי קקאו,IL,שוקולד טבעוני הולי קקאו 100% קקאו,גרמים,100.00,100 גרם,false,1,19.90,19.9000,true,1,197544
7290013816443,true,שוקולד טבעוני הולי ק,הולי קקאו,IL,שוקולד טבעוני הולי קקאו 80% קקאו,גרמים,100.00,100 גרם,false,1,19.90,19.9000,true,1,197545
7290013848017,false,תרסיס ניקוי והברקת נירוסטה,"סנו מפעלי ברונוס בע""",IL,ניקוי והברקת נירוסטה,לא מנהל יחידת מידה,0.00,לא מנהל יחידת מידה,false,1,19.90,0.0000,true,1,183965
7290013848758,false,מקסימה גל כביסה מרוכז בייבי 3ליטר סנסטיב,"סנו מפעלי ברונוס בע""",IL,ג'ל כביסה בייבי 3ליטר,ליטרים,3.00,ליטר,false,1,35.90,11.9667,true,1,161489
7290013906441,false,קבנוס טירת צבי 120 גר,הנסיך- מפעל לייצור ט,IL,קבנוס נקניק מעושן יבש 120 גרם,גרמים,120.00,100 גרם,false,1,11.90,9.9167,true,1,160056
7290013906458,false,קבנוס בטעם פיקנטי טירת צבי 120 גר,הנסיך- מפעל לייצור ט,IL,טירת צבי קבנוס פיקנטי נקניק מעושן יבש 120 גרם,גרמים,120.00,100 גרם,false,1,11.90,9.9167,true,1,163531
7290013906489,false,חטיפי מיני קבנוס 120 ג' טירת צבי,הנסיך- מפעל לייצור ט,IL,טירת צבי חטיפי מיני קבנוס 120 גרם,גרמים,120.00,100 גרם,false,1,11.90,9.9167,true,1,163532
7290013927637,false,חלוה ללא תוספת סוכר אחווה 400 גרם,אחדות ביחר לטחינה חל,IL,אחוה חלוה ללא תוספת סוכר 400 גרם,גרמים,400.00,100 גרם,false,1,14.90,3.7250,true,1,203399
7290013971203,false,מכונת תספורת BLIZZARD-HC-100,פוג'יקום,,מכונת תספורת BLIZZARD,יחידה,1.00,יחידה,false,1,139.90,139.9000,true,1,162611
7290013971555,false,מארז פוגיקום 8+4,פוג'יקום,,מארז פוגיקום 8+4,לא מנהל יחידת מידה,0.00,לא מנהל יחידת מידה,false,1,19.90,0.0000,true,1,162609
7290014002203,false,חליטת לימונית ולואיזה ויסוצקי 25 יחידות,תה ויסוצקי,IL,חליטת לימונית לואיזה - הגן הקסום,גרמים,37.00,100 גרם,false,1,19.90,53.7838,true,1,153706
7290014056008,false,"בירה שפירא פייל אייל 330 מ""ל",שפירא,IL,"בירה שפירא פייל אייל 330 מ""ל",מיליליטרים,330.00,"100 מ""ל",false,1,14.90,4.5152,true,1,204791
7290014056039,false,"בירה שפירא חיטה 330 מ""ל",שפירא,IL,"בירה שפירא חיטה 330 מ""ל",מיליליטרים,330.00,"100 מ""ל",false,1,14.90,4.5152,true,1,204792
7290014066373,false,לנדוור-קפסולות אספרסו קלאסיק(09) - 10יח'12X יח,קפה לנדוור,IL,קפסולות אספרסו לנדוור קלאסי 10יח,גרמים,50.00,100 גרם,false,1,17.90,35.8000,true,1,183799
7290014066526,false,לנדוור-קפסולות אספרסו תערובת הבית(11) - 10יח'12X יח,קפה לנדוור,IL,לנדוור-קפסולות אספרסו תערובת הבית,יחידה,10.00,יחידה,false,1,17.90,1.7900,true,1,190064
7290014083813,false,וילי פוד מריגה שפרוטים מעושנים בשמן 190ג,הנסיך- מפעל לייצור ט,LV,שפורטים 190 גרם,גרמים,190.00,100 גרם,false,1,9.90,5.2105,true,1,154097
7290014094345,false,גרעיני חמניות קלופות,"דין שיווק וקלייה בע""",US,חמניות קלופות 300 גרם,גרמים,300.00,100 גרם,false,1,11.90,3.9667,true,1,203179
7290014094352,false,אגוז מלך טבעי בקופסא,"שקדיה גבע תעשיות בע""",,אגוז מלך טבעי בקופסא 200 גרם,גרמים,200.00,100 גרם,false,1,17.90,8.9500,true,1,202603
7290014094369,false,שקד טבעי 200 גר קופסא ששון הקולה,"דין שיווק וקלייה בע""",IL,שקד טבעי בקופסא 200 גרם,גרמים,200.00,100 גרם,false,1,21.90,10.9500,true,1,202598
7290014094376,false,שזיפים ללא גלעין 330 גר,"דין שיווק וקלייה בע""",,שזיפים ללא גלעין בקופסא 250 גרם,גרמים,250.00,100 גרם,false,1,19.90,7.9600,true,1,203348
7290014094390,false,חמוציות מסוכרות ששון,"דין שיווק וקלייה בע""",,חמוציות בקופסא 250 גרם,גרמים,250.00,100 גרם,false,1,13.90,5.5600,true,1,163610
7290014094406,false,צימוק לבן 250 גרם ששון הקולה,"דין שיווק וקלייה בע""",US,צימוק לבן בקופסא 330 גרם,גרמים,330.00,100 גרם,false,1,14.90,4.5152,true,1,203349
7290014094628,false,פקאן טבעי 200 ג' בקופסא,"דין שיווק וקלייה בע""",IL,פקאן טבעי 200 קופסא,גרמים,200.00,100 גרם,false,1,26.90,13.4500,true,1,203352
7290014094642,false,קשיו טבעי גדול בקופס,"דין שיווק וקלייה בע""",IL,קשיו טבעי בקופסא 250 גרם,גרמים,250.00,100 גרם,false,1,23.90,9.5600,true,1,202605
7290014094857,false,פקאן סיני מסוכר 150 גרם ששון הקולה,"דין שיווק וקלייה בע""",IL,פקאן סיני מסוכר 150 גרם,גרמים,150.00,100 גרם,false,1,17.90,11.9333,true,1,202536
7290014094864,false,פיסטוק קלוי 170 גר עם קליפה ששון הקולה,"דין שיווק וקלייה בע""",IL,פיסטוק קלוי 170גרם,גרמים,170.00,100 גרם,false,1,18.90,11.1176,true,1,202562
7290014094895,true,אגוזים קלופים 150 גר,דין שיווק,IL,אגוזים קלופים 150 גרם,גרמים,150.00,100 גרם,false,1,11.90,7.9333,true,1,202547
7290014095861,false,שיבולת שועל דקה 500 גרם קוואקר,"דין שיווק וקלייה בע""",IL,שיבולת שועל דקה 500 גרם שקדיה,גרמים,500.00,100 גרם,false,1,6.90,1.3800,true,1,167151
7290014095946,true,משוקלדים פקאן מריר 1,"שקדיה גבע בע""מ",IL,משוקלדים פקאן מריר 140 גר קופסא,גרמים,140.00,100 גרם,false,1,10.90,7.7857,true,1,202729
7290014095953,false,משוקלדים פקאן בשוקולד חלב 140 ג',שקדיה גבע בתעשיות עמ,IL,משוקלדים פקאן חלב 140 גר קופסא,גרמים,140.00,100 גרם,false,1,10.90,7.7857,true,1,202703
7290014095960,false,שיבולת שועל עבה 500 גרם קוואקר,"דין שיווק וקלייה בע""",IL,שיבולת שועל עבה 500 גרם שקדיה,גרמים,500.00,100 גרם,false,1,6.90,1.3800,true,1,167484
7290014126312,false,מיסטר מאסל אמבטיה 5,APS AMBALAJ,,"מיסטר מאסל אמבטיה 5 ב 1 ב 750 מ""ל",מיליליטרים,750.00,"100 מ""ל",false,1,10.00,1.3333,true,1,153868
7290014138988,true,כוסיות עם שמן ופתיל,,,כוסיות עם שמן ופתיל,יחידה,1.00,יחידה,false,1,64.90,64.9000,true,1,193740
7290014217003,false,"פפריקה מעושנת 90 גרם ""טעם וריח""","תבליני טעם וריח בע""מ",IL,"תבליני טעם וריח, פפריקה בטעם מעושן, 90 גרם",גרמים,90.00,100 גרם,false,1,9.90,11.0000,true,1,152907
7290014217065,false,"מיכל אורגנו 30 גרם ""תבלין וריח""","תבליני טעם וריח בע""מ",IL,תבליני טעם וריח אורגנו 100% 30 גרם,Unknown,0.00,Unknown,false,1,9.90,0.0000,true,1,152392
7290014217119,false,צ'יפס תערובת 100 גרם מיכל גדול,"תבליני טעם וריח בע""מ",IL,"תבליני טעם וריח תערובת תיבול לצ'יפס, 100 גרם",Unknown,0.00,Unknown,false,1,9.90,0.0000,true,1,168864
7290014217171,false,תערובת תיבול תיבול גריל דג מיכל 100ג',"תבליני טעם וריח בע""מ",IL,תבליני טעם וריח תערובת תיבול גריל דג 100 גרם,Unknown,0.00,Unknown,false,1,9.90,0.0000,true,1,168870
7290014217225,false,תבלין גריל עוף מיכל 120גר,"תבליני טעם וריח בע""מ",IL,"תבליני טעם וריח, תערובת תיבול גריל עוף, 120 גרם",גרמים,120.00,100 גרם,false,1,9.90,8.2500,true,1,164986
7290014217263,false,"תערובת לתיבול פרגיות ""טעם וריח""","תבליני טעם וריח בע""מ",IL,"תבליני טעם וריח תערובת תיבול לפרגיות, 100 גרם",גרמים,100.00,100 גרם,false,1,9.90,9.9000,true,1,176016
7290014217355,false,"קרי אבקה 100 גרם ""טעם וריח""","תבליני טעם וריח בע""מ",IL,"תבליני טעם וריח, אבקת קארי, 100 גרם",Unknown,0.00,Unknown,false,1,9.90,0.0000,true,1,165318
7290014217362,false,תבלין תיבול לקציצות מיכל 100 ג',"תבליני טעם וריח בע""מ",IL,תבליני טעם וריח תערובת תיבול לקציצות 100 גרם,Unknown,0.00,Unknown,false,1,9.90,0.0000,true,1,165319
7290014217478,false,תערובת עשבי תיבול איטלקי ים תיכוני 30ג',"תבליני טעם וריח בע""מ",IL,עשבי תיבול איטלקי ים תיכוני 30 גרם,גרמים,30.00,100 גרם,false,1,9.90,33.0000,true,1,176294
7290014218932,false,חטיפי פיצה בתוספת זיתים 710 ג' מעדנות,מיוצר עי קונדיטוריית,IL,חטיפי פיצה בתוספת זיתים בשקית 710 גרם,גרמים,710.00,100 גרם,false,1,34.90,4.9155,true,1,187761
7290014325050,false,קורנפלור מיה 500 גרם,"מיה תעשיות מזון בע""מ",IL,קורנפלור מיה 500 גרם,גרמים,500.00,100 גרם,false,1,7.90,1.5800,true,1,206839
7290014369252,false,שלגון מנגו טרוםי בציפוי קוקוס,פיקסל,IL,שלגון MOJO מנגו בצ.קוקוס67 גרם,גרמים,67.00,100 גרם,false,1,9.90,14.7761,true,1,195696
7290014369269,false,שלגון קוקוס אננס ופיטאיה,פיקסל,IL,שלגון MOJO קוקוס אננס 69 גרם,גרמים,69.00,100 גרם,false,1,9.90,14.3478,true,1,195697
7290014369306,false,שלגון תות שדה מרכיבי,איתלק,IL,שלגון MOJO תות שדה טבעי 70 גרם,גרמים,70.00,100 גרם,false,1,9.90,14.1429,true,1,187830
7290014369320,false,שלגון סורבה קוקוס מר,איתלק,IL,שלגון MOJO סורבה קוקוס טבעי 70 גרם,גרמים,70.00,100 גרם,false,1,9.90,14.1429,true,1,187832
7290014369337,false,שלגון מנגו טרופי מרכ,איתלק,IL,שלגון MOJO מנגו טרופי טבעי 70 גרם,גרמים,70.00,100 גרם,false,1,9.90,14.1429,true,1,187833
7290014369351,false,שלגון מנגו אננס ופסי,איתלק,IL,מנגו אננס ופסיפלורה טבעיים 70 גרם,גרמים,70.00,100 גרם,false,1,9.90,14.1429,true,1,187835
7290014369382,false,פיסטוק טבעי מובחר בציפוי שוקולד מריר,איתלק,IL,שלגון MOJO פיסטוק מובחר טבעי 70 גרם,גרמים,70.00,100 גרם,false,1,9.90,14.1429,true,1,187837
7290014369412,false,שוקולד בלגי בציפוי שוקולד מריר,איתלק,IL,שלגון MOJO שוקולד בלגי 70 גרם,גרמים,70.00,100 גרם,false,1,9.90,14.1429,true,1,187840
7290014369450,false,"קוקוס ואננסטבעיים ""מוג'ו""",,,קוקוס ואננס טבעיים,יחידה,1.00,יחידה,false,1,9.90,9.9000,true,1,190178
7290014369528,false,שלגון אגוז לוז טבעי מובחר בציפוי שוקולד מריר,איתלק,IL,שלגון MOJO אגוז לוז בציפוי 70 גרם,גרמים,70.00,100 גרם,false,1,9.90,14.1429,true,1,191532
7290014369795,false,שלגון אננס עם חתיכות,גלידת אילו,IL,שלגון אננס עם חתיכות תות 71גרם,גרמים,71.00,100 גרם,false,1,9.90,13.9437,true,1,204927
7290014369801,false,שלגון קרם קוקוס עם ח,גלידת אילו,IL,שלגון קרם קוקוס עם חתיכות אוכמניות 71 גרם,גרמים,71.00,100 גרם,false,1,9.90,13.9437,true,1,204928
7290014369818,false,שלגון מסקרפונה עם חת,גלידת אילו,IL,שלגון מסקרפונה עם חתיכות אפרסק 71גרם,גרמים,71.00,100 גרם,false,1,9.90,13.9437,true,1,204925
7290014369825,false,שלגון תות עם חתיכות,גלידת אילו,IL,שלגון תות עם חתיכות ליצי 71גרם,גרמים,71.00,100 גרם,false,1,9.90,13.9437,true,1,204929
7290014369832,false,שלגון מקיאטו 71גרם,גלידת אילו,IL,שלגון מקיאטו 71גרם,גרמים,71.00,100 גרם,false,1,9.90,13.9437,true,1,204926
7290014397507,false,מבשם אויר סנו פרש הום בניחוח מאסק מעודן 350 מ''ל,מיוצר עי קונדיטוריית,IL,סנו פרש מבשם לבית מאסק מעודן 350 מל,מיליליטרים,350.00,"100 מ""ל",false,1,15.90,4.5429,true,1,154957
7290014397712,false,סנובון ג'ל אסלה בניחוח פריחה ורודה,Nicols polandמשווק ו,PL,סנובון ג'ל לניקוי אסלה בניחוח פריחה ורודה 55 מל,מיליליטרים,55.00,"100 מ""ל",false,1,8.90,16.1818,true,1,174058
7290014397835,false,סנו - מט דוחה יתושים נוזלי מכשיר + מילוי 45 לילות,זובאלה,IT,סמארט מכשיר+מילוי 45 לילות,לא מנהל יחידת מידה,0.00,לא מנהל יחידת מידה,false,1,39.90,0.0000,true,1,169784
7290014472136,false,גרעין שחור קלוי ששון הקולה 150 ג',"דין שיווק וקלייה בע""",IL,גרעין שחור קלוי 150גרם,גרמים,150.00,100 גרם,false,1,5.90,3.9333,true,1,202669
7290014472228,false,תאנים מיובשות 330 גר,"דין שיווק וקלייה בע""",TR,תאנים בקופסא 330 גרם,גרמים,330.00,100 גרם,false,1,22.90,6.9394,true,1,202604
7290014472235,false,פקאן סיני מסוכר בקופ,"דין שיווק וקלייה בע""",IL,פקאן סיני 200 גרם,גרמים,200.00,100 גרם,false,1,27.90,13.9500,true,1,179253
7290014472471,false,גרעינים שחור ענק 200גר' פרימיום,"דין שיווק וקלייה בע""",IL,גרעין שחור ענק פרימיום 200גרם,גרמים,200.00,100 גרם,false,1,6.90,3.4500,true,1,202575
7290014472525,false,תערובת מובחרת 250 גר פרימיום ששון הקולה,"דין שיווק וקלייה בע""",IL,תערובת פיצוחים 250 גרם פרימיום,גרמים,250.00,100 גרם,false,1,22.90,9.1600,true,1,202579
7290014503144,false,יין כנען לבן דלתון 750 מל,"איי, בי, אינבוו",IL,"יין דלתון כנען לבן 750 מ""ל",מיליליטרים,750.00,"100 מ""ל",false,1,49.90,6.6533,true,1,177470
7290014525665,false,מרבה על חלל עוגיות קקאו וסוכריות שוק חלב 140 יח',"מרבה בע""מ",NL,מרבה עוגיות עם סוכריות שוקולד חלב צבעוניות 140 גרם,גרמים,140.00,100 גרם,false,1,9.90,7.0714,true,1,195196
7290014581036,false,פחם מעץ טבעי להבה 2,,,"פחם להבה 2 ק""ג",קילוגרמים,2.00,"ק""ג",false,1,14.90,7.4500,true,1,181408
7290014581319,false,מנגל קטן+ רשת,,,מנגל פח + רשת,יחידה,1.00,יחידה,false,1,29.90,29.9000,true,1,191919
7290014603028,false,שלגון סולרו שרבט תות-חלבי,"מיוצר ע""י גלידת שטרא",IL,שלגון סולרו וניל ציפוי תות,גרמים,76.00,100 גרם,false,1,10.90,14.3421,true,1,155416
7290014648906,false,מסיר לק מהציפורניים,אקטיב,IL,"אציטון לה בל 100 מ""ל",מיליליטרים,100.00,"100 מ""ל",false,1,5.90,5.9000,true,1,191875
7290014692565,false,וילי פוד גרעיני תירס 320 גרם,אקו קונסרויפרי קי.אפ,HU,ויליפוד גרעיני תירס מתוק 320 גרם,גרמים,320.00,100 גרם,false,1,5.90,1.8438,true,1,174136
7290014725294,false,סוכרזית סוכרלוז סטיוויה 100 שקית,"סוכרזית בע""מ",IL,סוכרזית סוכרלוז 100 שקיות,לא מנהל יחידת מידה,0.00,לא מנהל יחידת מידה,false,1,18.90,0.0000,true,1,167438
7290014725348,false,"סוכרזית קלאסי 100 שקיות כש""לפ",סוכרזית Sucrazit,IL,"סוכרזית קלאסי, ממתיק בטעם הקלאסי 100 שקיות",גרמים,100.00,100 גרם,false,1,16.70,16.7000,true,1,167648
7290014749245,false,ספיישל רצועות שניצל שומשום עוף טוב 600 גרם,מוצרי עוף טוב (2001),IL,עוף טוב ספיישל רצועות שניצל שמשם.12*600ג,גרמים,600.00,100 גרם,false,1,36.90,6.1500,true,1,191133
7290014749764,false,עוף טוב שניצל עוף ביתי עדין כזה 700 גרם,מוצרי עוף טוב (2001),IL,עוף טוב שניצל עוף ביתי עדין כזה 700גרם,לא מנהל יחידת מידה,0.00,לא מנהל יחידת מידה,false,1,44.90,0.0000,true,1,191692
7290014758162,false,חלב עיזים מלא 3.6% קרטון 1 ל' תנובה,תנובה מרכז שיתופי לש,IL,חלב עיזים קרטון 1 ליטר,ליטרים,1.00,ליטר,false,1,16.90,16.9000,true,1,158746
7290014758681,false,קוטג תנובה 1% גביע 250 גרם,מיוצר עי קונדיטוריית,IL,קוטג 1% תנובה 250 גרם,גרמים,250.00,100 גרם,false,1,5.70,2.2800,true,1,155747
7290014759084,false,גבינת שמנת 16% בטעם טבעי 225 ג' נפוליאון,תנובה מרכז שיתופי לש,IL,גבינת שמנת נפוליאון בסגנון צרפתי 225 גרם,גרמים,225.00,100 גרם,false,1,14.60,6.4889,true,1,160894
7290014759534,false,גבינה בולגרית למריחה טבעי 5% 200 ג' פיראוס,"תנובה, מחלבת תל יוסף",IL,גבינה בולגרית 5% למריחה 200 גרם,גרמים,200.00,100 גרם,false,1,15.50,7.7500,true,1,161493
7290014759978,false,"גבינת קצקבל פלח גלעד 27%, 200 ג'",תנובה חלב,IL,"קצ""קבל פלח 200 גרם קולקשיין",גרמים,200.00,100 גרם,false,1,28.90,14.4500,true,1,161878
7290014759985,false,"גבינת פרמזן גבע 23% פלח, 200 ג'",תנובה חלב,IL,פרמזן פלח 200 גרם קולקשיין,גרמים,200.00,100 גרם,false,1,27.90,13.9500,true,1,161879
7290014760134,false,מעדן סויה בטעם וניל אלטרנטיב,תנובה Alternative,IL,מעדן סויה ביו בטעם וניל 125 גרם,גרמים,125.00,100 גרם,false,1,4.20,3.3600,true,1,182233
7290014760141,true,משקה שקדים טרי 1 ליט,תות תעשיות מזון (201,IL,משקה שקדים טרי 1 ליטר,ליטרים,1.00,ליטר,false,1,13.90,13.9000,true,1,173543
7290014761056,false,מעדן שוקולד חלב מעולה 123 ג' יולו,מיוצר עי קונדיטוריית,IL,YOLO מעדן שוקולד חלב מעולה 123 גרם,גרמים,123.00,100 גרם,false,1,4.70,3.8211,true,1,168599
7290014761063,false,מעדן שוקולד מריר מעולה 123 ג' יולו,מיוצר עי קונדיטוריית,IL,YOLO מעדן שוקולד מריר מעולה 123 גרם,גרמים,123.00,100 גרם,false,1,4.70,3.8211,true,1,168600
7290014761070,false,מעדן שוקולד לבן מעולה 123 ג' יולו,מיוצר עי קונדיטוריית,IL,YOLO מעדן שוקולד לבן מעולה 123 גרם,גרמים,123.00,100 גרם,false,1,4.70,3.8211,true,1,168601
7290014761193,true,יוגורט פירות יער,מיוצר עי קונדיטוריית,IL,פרילי פירות יער,גרמים,125.00,100 גרם,false,1,3.70,2.9600,true,1,179042
7290014761612,false,YOLO מעדן שכבות שוקולד מריר ולבן מעולה,מיוצר עי קונדיטוריית,IL,YOLO מעדן שכבות שוקולד מריר 123 גרם,גרמים,123.00,100 גרם,false,1,4.70,3.8211,true,1,170464
7290014762756,false,נפוליאון גבינת שמנת עם בצל 16% שומן,תנובה חלב,IL,גבינת שמנת נפוליאון בצל 200 גרם,גרמים,200.00,100 גרם,false,1,14.60,7.3000,true,1,175549
7290014762800,false,מעדן סויה שוקולד גביע 125 גרם אלטרנטיב,תנובה מרכז שיתופי לש,IL,תנובה מעדן סויה שוקולד 2% שומן 125 גרם,גרמים,125.00,100 גרם,false,1,4.20,3.3600,true,1,179644
7290014762909,false,"פתיתי גבנ""צ מוצרלה 200 גרם ""השף הלבן""","תנובה, מחלבת תל יוסף",IL,פתיתי מוצרלה 10% תוספת השף הלבן,גרמים,200.00,100 גרם,false,1,19.90,9.9500,true,1,176112
7290014763098,false,קרם גבינת שמנת 5% עם פלפל שום ובצל 200 ג' תנובה,תנובה,IL,קרם גבינת שמנת 5% בניחוח טוסקנה 200 גרם,גרמים,200.00,100 גרם,false,1,12.30,6.1500,true,1,176093
7290014763272,false,יוגורט סויה BIO לשתיה תות ובננה אלטרנטיב,תות תעשיות מזון (201,IL,"משקה סויה ביו עם תות ובננה 250 מ""ל",מיליליטרים,250.00,"100 מ""ל",false,1,6.20,2.4800,true,1,176365
7290014821057,false,כבל AUX - אלומניום,ארטוס,,כבל AUX - אלומניום,לא מנהל יחידת מידה,0.00,לא מנהל יחידת מידה,false,1,29.90,0.0000,true,1,190398
7290014821064,false,כבל סנכרון אלומניום גלקסי 2 מטר,ארטוס,,כבל גלקסי 2 מטר,יחידה,1.00,יחידה,false,1,29.90,29.9000,true,1,190434
7290014821095,false,מטען רכב אייפון מאוש,,,מטען רכב אייפון מאושר אפל 2.1,יחידה,1.00,יחידה,false,1,79.90,79.9000,true,1,190426
7290014821101,false,מעמד אופנתי לסלולר ל,,,מעמד אופנתי לסלולר לבן,יחידה,1.00,יחידה,false,1,99.90,99.9000,true,1,190429
7290014821347,false,אוזניות מיקרופות איכ,ארטוס,,אוזניות PURE-METAL,יחידה,1.00,יחידה,false,1,49.90,49.9000,true,1,190423
7290014821507,false,מטען קיר אייפון מאוש,,,מטען קיר אייפון מאושר אפל 2.1,יחידה,1.00,יחידה,false,1,79.90,79.9000,true,1,190427
7290014821569,false,כבל סנכרון אלומניום אייפון 6 2 מטר,ארטוס,,כבל אייפון 2 מטר,יחידה,1.00,יחידה,false,1,39.90,39.9000,true,1,190419
7290014855434,false,מגבונים בייביסיטר פרפורמנס מבושם רביעיה,בייביסיטר Babysitter,IL,מגבוני בייביסיטר רביעייה מבושם,יחידה,0.00,יחידה,false,1,19.70,0.0000,true,1,173620
7290014855458,false,מגבוני בייביסיטר פרפורמנס ללא בישום מארז 72X4יח',בייביסיטר Babysitter,IL,מגבונים בייביסיטר רביעייה לא בישום,לא מנהל יחידת מידה,0.00,לא מנהל יחידת מידה,false,1,19.70,0.0000,true,1,173619
7290014905689,false,"נוזל כלים הפי מרוכז 24% תפוח 750 מ""ל",יעקובי הפי,IL,יעקבי הפי נוזל מרוכז לניקוי כלים 750 מל,מיליליטרים,750.00,"100 מ""ל",false,1,8.90,1.1867,true,1,167391
7290014905696,false,"נוזל כלים הפי מרוכז 24% לימון 750 מ""ל",יעקובי הפי,IL,יעקבי הפי נוזל מרוכז לניקוי כלים 750 מל,מיליליטרים,750.00,"100 מ""ל",false,1,8.90,1.1867,true,1,167664
7290014905733,false,"הפי פרפקט לניקוי שמשות 750 מ""ל",יעקובי הפי,TR,יעקבי ברק קריסטלי ניקוי שמשות 750 מל,מיליליטרים,750.00,"100 מ""ל",false,1,8.90,1.1867,true,1,167392
7290014940901,true,לחם פשוט מלא 750 גרם,מאפיית שלמה א. אנג'ל,IL,לחם פשוט מלא 750 גרם,גרמים,750.00,100 גרם,false,1,14.90,1.9867,true,1,170717
7290014974593,false,גביעי גלידריה ללא גלוטן 12 יחי',כרמית תעשיות ממתקים,IL,גביע גלידריה ללא גלוטן 12 יח עלמה,יחידה,1.00,יחידה,false,1,16.50,16.5000,true,1,183487
7290015009003,false,מונטנייר חומץ יין לבן 500מל,מנדלז סי.אר. פרודקשן,ES,דניאל חומץ בן יין לבן 500 מל,מיליליטרים,500.00,"100 מ""ל",false,1,14.90,2.9800,true,1,163476
7290015009010,false,מונטנייר חומץ יין אדום 500מל,מנדלז סי.אר. פרודקשן,ES,חומץ בן יין אדום 5%,מיליליטרים,500.00,"100 מ""ל",false,1,14.90,2.9800,true,1,163477
7290015009225,false,"ריבת חלב מקורים 450 גרם ""DANIEL""",קארו,,ריבת חלב מקורית דניאל 450 גרם,גרמים,450.00,100 גרם,false,1,19.90,4.4222,true,1,178155
7290015009294,false,פרמיז'אנו ראז'אנו 170 גרם,פורגאנה,IT,גבינת פרמיזאנו ראזאנו 170 גרם,גרמים,170.00,100 גרם,false,1,33.90,19.9412,true,1,178781
7290015009393,false,זיתים שחורים מגולענים מזן קלמטה בחיי מלח,אידיאל ס.א,GR,זיתים שחורים מגולענים קלמטהIDEAL גרם250,גרמים,250.00,100 גרם,false,1,16.90,6.7600,true,1,198621
7290015009409,false,זיתים שחורים מזן טאסוס במלח 250 גרם,אדיאל ס.א,GR,זיתים שחורים טאסוס IDEALגרם 250,גרמים,250.00,100 גרם,false,1,16.90,6.7600,true,1,193583
7290015009461,false,שימורי שעועית שחורה במי מלח,יורקום סרל,IT,שעועית שחורה קונסרב 400גרם,גרמים,400.00,100 גרם,false,1,7.90,1.9750,true,1,194358
7290015025478,false,פנגל קרם פנים לעור י,אינטרקוסמא,IL,קרם פנים לעור יבש,מיליליטרים,130.00,"100 מ""ל",false,1,39.50,30.3846,true,1,167377
7290015039338,true,נתחי טונה ויליפוד רב,גולדן פרייז קאנינג א,TH,נתחי טונה ויליפוד רביעייה 640 גרם,גרמים,640.00,100 גרם,false,1,21.90,3.4219,true,1,175605
7290015139557,false,חופשי ופל שוקו ללא ציפוי 200 גר,כרמית תעשיות ממתקים,IL,וופלים בטעם שוקולד ללא גלוטן 200 גרם,גרמים,200.00,100 גרם,false,1,11.90,5.9500,true,1,182332
7290015155830,false,מחית תפוחי עץ ובננה חטיפטף ללא תוספת סוכר,פרוטה פודווין איי.אס,CZ,"פרינוק חטיפטף מחית תפוח בננה 100% פרי, 120 גרם",גרמים,120.00,100 גרם,false,1,5.50,4.5833,true,1,189560
7290015155847,false,מחית סלט פירות חטיפטף ללא תוספת סוכר,פרוטה פודיווין איי.א,CZ,"פרינוק חטיפטף מחית סלט פירות 100% פרי, 120 גרם",גרמים,120.00,100 גרם,false,1,5.50,4.5833,true,1,189544
7290015176361,false,מברשת שיניים חשמלית למבוגרים-FJ-TBFJ-ABLUE,פוג'יקום,,מברשת שיניים חשמלית פוגיקום כחול,יחידה,1.00,יחידה,false,1,39.90,39.9000,true,1,177897
7290015176378,false,מברשת שיניים חשמלית למבוגרים-FJ-TBFJ-APURPLE,פוג'יקום,,מברשת שיניים חשמלית סגולה,יחידה,1.00,יחידה,false,1,39.90,39.9000,true,1,177894
7290015176385,false,מברשת שיניים חשמלית לילדים בצבע כחול,פוג'יקום,,מברשת שיניים חשמלית פוגיקום,יחידה,1.00,יחידה,false,1,39.90,39.9000,true,1,177898
7290015176392,false,מברשת שיניים חשמלית פוג'יקום לילד ורוד,פוג'יקום,,מברשת שיניים חשמלית ילדות פוגיקום,יחידה,1.00,יחידה,false,1,39.90,39.9000,true,1,177896
7290015324007,false,תבלין פלפל שחור גרוס 80 ג',"תבליני טעם וריח בע""מ",IL,"תבליני טעם וריח, 100% פלפל שחור גרוס, 80 גרם",גרמים,80.00,100 גרם,false,1,9.90,12.3750,true,1,163723
7290015324014,false,"פלפל שחור טחון בשקית 80 גרם ""טעם וריח""","תבליני טעם וריח בע""מ",IL,"תבליני טעם וריח, 100% פלפל שחור טחון, 80 גרם",גרמים,80.00,100 גרם,false,1,9.90,12.3750,true,1,163724
7290015324045,false,תבלין פפריקה חריפה 80 גר' שק',"תבליני טעם וריח בע""מ",IL,"תבליני טעם וריח, 100% פפריקה חריפה, 80 גרם",גרמים,80.00,100 גרם,false,1,5.90,7.3750,true,1,163726
7290015324052,false,תבלין פפריקה מתוקה 80 ג',"תבליני טעם וריח בע""מ",IL,"תבליני טעם וריח, 100% פפריקה מתוקה, 80 גרם",גרמים,80.00,100 גרם,false,1,5.90,7.3750,true,1,163727
7290015324083,false,טעם וריח מלח לימון ש,"תבליני טעם וריח בע""מ",IL,"תבליני טעם וריח, 100% מלח לימון, 80 גרם",גרמים,80.00,100 גרם,false,1,5.90,7.3750,true,1,163729
7290015324090,false,תבלין כמון טחון 80 ג',"תבליני טעם וריח בע""מ",IL,"תבליני טעם וריח, 100% כמון מזרחי, 80 גרם",גרמים,80.00,100 גרם,false,1,5.90,7.3750,true,1,163730
7290015324106,false,תבלין כורכום טחון 80 גר',"תבליני טעם וריח בע""מ",IL,"תבליני טעם וריח, 100% כורכום, 80 גרם",גרמים,80.00,100 גרם,false,1,5.90,7.3750,true,1,163731
7290015324113,false,טעם וריח בהרט שקית 8,"תבליני טעם וריח בע""מ",IL,"תבליני טעם וריח, תערובת תיבול בהרט לבישול, 80 גרם",גרמים,80.00,100 גרם,false,1,5.90,7.3750,true,1,163732
7290015324120,false,טעם וריח שום גבישי ב,"תבליני טעם וריח בע""מ",IL,תבליני טעם וריח שום גבישי 80 גרם,גרמים,80.00,100 גרם,false,1,5.90,7.3750,true,1,163733
7290015324151,false,שק 80 גרם חוויאג למרק,"תבליני טעם וריח בע""מ",IL,חוויאג למרק 80 גרם,גרמים,80.00,100 גרם,false,1,5.90,7.3750,true,1,163734
7290015324175,false,תבלין שווארמה תיבול 80 גר' שק',"תבליני טעם וריח בע""מ",IL,תבליני טעם וריח תערובת תיבול לשווארמה 80 גרם,גרמים,0.00,100 גרם,false,1,5.90,0.0000,true,1,163736
7290015324519,false,תערובת לפיצה שקית 80 גרם,"תבליני טעם וריח בע""מ",IL,תערובת תיבול לפיצה 80 גרם,גרמים,80.00,100 גרם,false,1,5.90,7.3750,true,1,190029
7290015324564,false,בכוסברה טחונה מיכל גדול 70 גרם,"תבליני טעם וריח בע""מ",IL,תבליני טעם וריח כוסברה טחונה 70 גרם,גרמים,70.00,100 גרם,false,1,9.90,14.1429,true,1,190032
7290015324588,false,פלפל לבן טחון 100 גר,"תבליני טעם וריח בע""מ",IL,"תבליני טעם וריח מיכל פלפל לבן טחון 100% , 100 גרם",גרמים,100.00,100 גרם,false,1,12.90,12.9000,true,1,192045
7290015395960,false,בוטן רביולי בציפוי בטעם מלוח מתוק 150 ג,דין שיווק,IL,בוטן רביולי 150גרם,גרמים,150.00,100 גרם,false,1,14.90,9.9333,true,1,202568
7290015446488,false,אול אין חטיף חלבון ו,,,אול אין חטיף חלבון וסיבים חמאת בוטנים,גרמים,60.00,100 גרם,false,1,13.90,23.1667,true,1,186921
7290015446495,false,אול אין חטיף חלבון ב,,,אול אין חטיף חלבון בטעם שוקולד פאדג100גר,גרמים,100.00,100 גרם,false,1,19.90,19.9000,true,1,186920
7290015519144,false,מטען קיר מיקרו פרימי,ארטוס,,מטען קיר לגלקסי פרימיום 2A,יחידה,1.00,יחידה,false,1,49.90,49.9000,true,1,190418
7290015597937,false,קורנטו וניל קלאסי שטראוס 70 גר,"מיוצר ע""י גלידת שטרא",IL,קורנטו קלאסיק,גרמים,70.00,100 גרם,false,1,9.90,14.1429,true,1,181533
7290015644297,false,אנג'ל הלחמניה המלאה 6יח 450 ג',מאפיית שלמה א. אנג'ל,IL,לחמניות פשוט מלא שישייה 450 גרם,גרמים,450.00,100 גרם,false,1,13.90,3.0889,true,1,178131
7290015652070,false,קשיו קלוי 150 גרם ששון הקולה,"דין שיווק וקלייה בע""",IL,קשיו קלוי 150 גרם,גרמים,150.00,100 גרם,false,1,13.90,9.2667,true,1,202537
7290015652087,false,תערובת פיצוחים 150 גרם ששון הקולה,דין שיווק,IL,תערובת פיצוחים 150 גרם,גרמים,150.00,100 גרם,false,1,14.90,9.9333,true,1,202538
7290015781008,false,יין אדום יבש מרלו וי,יקב טפרברג 1870 בעמ,IL,יין ויזאן מרלו,מיליליטרים,750.00,"100 מ""ל",false,1,39.90,5.3200,true,1,172875
7290015781152,false,"רוזה אימפרשיאון 750 מ""ל",יקב טפרברג 1870,IL,"יין רוזה אימפרשן יקב טפרברג 750 מ""ל",מיליליטרים,750.00,"100 מ""ל",false,1,49.90,6.6533,true,1,180367
7290015781275,false,"יין מוסקטו לבן 750 מ""ל MOSCATO",יקב טפרברג 1870 בעמ,IL,"יין מוסקטו לבן יקב טפרברג 750 מ""ל",מיליליטרים,750.00,"100 מ""ל",false,1,39.90,5.3200,true,1,173747
7290015781282,false,"יין גוורצטמינר אימפרשן 750מ""ל",יקב טפרברג 1870,IL,"IMPRESSION גוורצטרמינר 750 מ""ל",מיליליטרים,750.00,"100 מ""ל",false,1,49.90,6.6533,true,1,172550
7290015848923,false,אולטרסול תחליב הגנה מבוגרים 30/250,פישר מעבדות פרמצבטיו,IL,אולטרסול תחליב הגנה מבוגרים 30/250,מיליליטרים,250.00,"100 מ""ל",false,1,44.90,17.9600,true,1,179359
7290015858700,false,אלקולגל 70% אלכוהול,"מדשא תעשיות מזון בע""",IL,"אלקולגל 70% אלכוהול חוף ים  100 מ""ל",מיליליטרים,100.00,"100 מ""ל",false,1,9.90,9.9000,true,1,192808
7290015865692,false,קונפיטורה תות שדה ענ,קריות זול,IL,תענוג פרי תות שדה ענבי ציון 400 גרם,גרמים,400.00,100 גרם,false,1,17.90,4.4750,true,1,207249
7290015865708,false,קונפיטורה אוכמניות ע,קריות זול,IL,תענוג פרי אוכמניות ענבי ציון 400 גרם,גרמים,400.00,100 גרם,false,1,17.90,4.4750,true,1,207250
7290015865715,false,ענבי ציון-תנובה תענו,קריות זול,IL,תענוג פרי פירות יער ענבי ציון 400 גרם,גרמים,400.00,100 גרם,false,1,17.90,4.4750,true,1,207251
7290015979665,false,חסה עגולה,חקלאי,IL,חסה עגולה,יחידה,1.00,יחידה,false,1,7.90,7.9000,true,1,192377
7290016081619,false,אוזניית שלט קפיצית ש,,,RETRACTABLE - שלט BT עם אוזניה - צבע שחו,יחידה,1.00,יחידה,false,1,109.00,109.0000,true,1,190408
7290016094022,true,אולטרסול 50/200 תרסי,פישר מעבדות פרמצבטיו,IL,ספריי שקוף 50 SPF,מיליליטרים,200.00,"100 מ""ל",false,1,44.90,22.4500,true,1,187031
7290016094039,false,"ד""ר פישר - אולטרסול ספריי שקוף קידס 200 מ""ל 50SPF",פישר מעבדות פרמצבטיו,IL,ספריי שקוף לילדים 50 SPF,מיליליטרים,200.00,"100 מ""ל",false,1,44.90,22.4500,true,1,178482
7290016150391,false,סלק ואקום 500 גרם,חקלאי,IL,סלק בואקום,Unknown,0.00,Unknown,false,1,7.90,0.0000,true,1,190323
7290016197495,false,ניקול זוג מטליות הקסם מיקרופייבר לרצפה,חוגלה קימברלי,CN,מטליות מיקרופייבר רצפה,לא מנהל יחידת מידה,0.00,לא מנהל יחידת מידה,false,1,21.90,0.0000,true,1,176580
7290016197839,false,ניקול השקית החזקה 20 יח' XL,"אשפלסט תעשיות בע""מ",IL,זוג שקיות אשפה ניקול,לא מנהל יחידת מידה,0.00,לא מנהל יחידת מידה,false,1,24.90,0.0000,true,1,191644
7290016230888,false,פוגיקום סוללה 3V 5 י,,,סוללה 3V 5 יחידות,יחידה,1.00,יחידה,false,1,19.90,19.9000,true,1,182849
7290016245608,false,לחם משפחתי שחור 1.1קג,,,"לחם משפחתי שחור 1.2 ק""ג",קילוגרמים,1.20,"ק""ג",false,1,20.90,17.4167,true,1,190319
7290016245615,false,לחם שיפון 100% עם אג,מאפיית טעמי הכפר 201,,לחם שיפון 100% עם אגוזים מצופה גרעינים,גרמים,900.00,100 גרם,false,1,19.90,2.2111,true,1,162343
7290016245653,false,לחם שיפון קל חצי משפחתי 550 גרם,מאפיית טעמי הכפר 201,,לחם שיפון מלא חצי קסטן,גרמים,600.00,100 גרם,false,1,17.90,2.9833,true,1,163669
7290016245806,false,לחמניות המבורגר מארז 4יח,ביכורים,,מארז לחמניות המבורגר,יחידה,1.00,יחידה,false,1,15.90,15.9000,true,1,190321
7290016246445,true,טחינה גולמית מעודנ,רושדי תעשיות מזון בע,IL,בארכה טחנ.גולמית מעודנת שמשם.מלא12*310ג,גרמים,310.00,100 גרם,false,1,13.90,4.4839,true,1,185266
7290016319187,false,טוסו עוגיות סנדוויץ שוקו במילוי קרם שוקולד *זוג* 300 גרם,בטר אנד דיפרנט,IL,עוגיות סנדוויץ שוקו קרם שוקו טוסו זוג300,גרמים,300.00,100 גרם,false,1,17.90,5.9667,true,1,193863
7290016321661,false,פרש וואנס SENSITIVE מגבונים ללא בישום רביעייה 72 יחידות,עלבד משואות יצחק,IL,פרש וואנס רביעייה סנסטיב SENSITIVE קייר,לא מנהל יחידת מידה,0.00,לא מנהל יחידת מידה,false,4,18.90,0.0000,true,1,188374
7290016497526,false,באגט אותנטי לבן גי,גדרון,IL,באגט אותנטי לבן גידרון חצי אפוי,לא מנהל יחידת מידה,0.00,לא מנהל יחידת מידה,false,1,9.90,0.0000,true,1,182920
7290016509830,true,פרסיל גל בייבי 2.5 ל,"הנקל סוד בע""מ",IL,פרסיל ג'ל כביסה לבגדי תינוקות ולבעלי עור רגיש,ליטרים,2.50,ליטר,false,1,34.90,13.9600,true,1,184384
7290016510225,false,"תחליב רחצה הוואי יוגורט וניל ודבש 700 מ""ל",תאי פרזידנט פוד פאבל,IL,"הוואי תחליב יוגורט וניל ודבש, 700 מל",מיליליטרים,700.00,"100 מ""ל",false,1,12.90,1.8429,true,1,184254
7290016510232,false,"תחליב רחצה הוואי יוגורט קוקוס 700 מ""ל",תאי פרזידנט פוד פאבל,IL,"הוואי תחליב רחצה יוגורט קוקוס, 700 מל",מיליליטרים,700.00,"100 מ""ל",false,1,12.90,1.8429,true,1,184255
7290016584011,false,חטיפוני גזר 350 גרם גיזרונים,"מרינה פטריות הגליל בע""מ",IL,חטיפוני גזר 350 גרם,גרמים,350.00,100 גרם,false,1,10.90,3.1143,true,1,184438
7290016682182,false,פריניב שייק תמר בננה מופחת סוכר 1 ליטר,פריניב בעמ,IL,"פריניב, שייק תמר בננה מופחת סוכר 1 ליטר",ליטרים,1.00,ליטר,false,1,17.50,17.5000,true,1,185439
7290016866650,false,"פרודונטקס - משחת שיניים אוריג'ינל 75 מ""ל",פרודונטקס Parodontax,SK,"פרודונטקס משחת שיניים אוריג'ינל 75 מ""ל",מיליליטרים,75.00,"100 מ""ל",false,1,29.90,39.8667,true,1,184424
7290016967074,false,לחם חיטה מלאה עם גרעינים ודגנים,מאפיית שלמה א. אנג'ל,IL,לחם אנגל חיטה מלאה 750 גרם,גרמים,750.00,100 גרם,false,1,14.90,1.9867,true,1,177335
7290017068350,false,עדשים שחורות בלוגה מיה 500 גר',מיה,IL,עדשים שחורות בלוגה מיה 500 גרם,גרמים,500.00,100 גרם,false,1,8.90,1.7800,true,1,206842
7290017068374,false,שמרים בוואקום 500 גרם,angle yeast co ltd,IL,שמרים יבשים מיה 500 גרם,גרמים,500.00,100 גרם,false,1,11.90,2.3800,true,1,206844
7290017068848,false,סוכריות לקישוט עוגה צבעוני מיה 200 גרם,מיה,IL,קישוט לעוגה צבעוני מיה 200 גרם,גרמים,200.00,100 גרם,false,1,8.90,4.4500,true,1,206845
7290017088242,false,מגבונים בייבי בייסיק.,,,מגבונים בייבי בייסיק,לא מנהל יחידת מידה,0.00,לא מנהל יחידת מידה,false,1,3.90,0.0000,true,1,188548
7290017088341,false,מגבונים להגנה מעקיצות יתושים I CARE 20 י,DPL קסריה,IL,מגבון דוחה יתושים איי קר 20 יח,יחידה,1.00,יחידה,false,1,17.90,17.9000,true,1,192054
7290017105895,false,גרגרי חומוס להכנת חומוס משובח יכין 560 ג,זנלכל,IL,גרגרי חומוס להכנת חומוס משובח,גרמים,550.00,100 גרם,false,1,9.50,1.7273,true,1,192910
7290017121048,false,"פלפל צ'ומה 250 גרם ""עללחם""",מדשא תעשיות מזון בעמ,IL,פלפל צומה 250ג עללחם,גרמים,250.00,100 גרם,false,1,14.90,5.9600,true,1,190016
7290017142159,false,מארז נתחי טונה בהירה בשמן זית 3*80 ג' עץ הזית,הנסיך- מפעל לייצור ט,TH,נתחי טונה בהירה בשמן זית 80*3 גרם עץ-הזית,גרמים,240.00,100 גרם,false,1,22.90,9.5417,true,1,182749
7290017142401,false,עץ הזית ארוחה טונה עם קינואה לבנה ואדומה טו גו,ג'נרל מילס סאן אדריא,TH,קינואה לבנה ואדומה עם טונה 160 גרם,גרמים,160.00,100 גרם,false,1,13.90,8.6875,true,1,201069
7290017142418,false,טונה עם אורז ועדשים בשמן זית 160 גר,יוניקורד ח.צ בעמ,TH,אורז ועדשים עם טונה בשמן זית,גרמים,160.00,100 גרם,false,1,13.90,8.6875,true,1,201070
7290017189413,false,טבעות בצל שלמות בציפוי טמפורה,משק ויילר,ES,טבעות בצל גולד רינג 600גרם,גרמים,600.00,100 גרם,false,1,15.90,2.6500,true,1,200854
7290017334448,false,שמן קנולה מזוכך OLEO,א.ד.מ . אנטוורפן,BE,שמן קנולה מזוכך OLEO 1 ליטר,ליטרים,1.00,ליטר,false,1,11.90,11.9000,true,1,194464
7290017334455,false,"אורז פרסי זיפר 1ק""ג",,TH,"אורז פרסי זיפר 1ק""ג",קילוגרמים,1.00,"ק""ג",false,1,9.90,9.9000,true,1,203397
7290017334462,false,אורז יסמין זיפר 1,,TH,"אורז יסמין זיפר 1 ק""ג",קילוגרמים,1.00,"ק""ג",false,1,11.90,11.9000,true,1,203398
7290017406794,false,אורז בסמטי קינג קראו,פונט סלאם וולנסיה,IN,"אורז בסמטי קינג קראוון 1 ק""ג",קילוגרמים,1.00,"ק""ג",false,1,10.90,10.9000,true,1,204200
7290017457727,false,"סוד - מרכך כביסה מרוכז פרש סקיי 900 מ""ל",הנקל סוד,IL,סוד מרכך מרוכז Fresh Sky,מיליליטרים,900.00,"100 מ""ל",false,1,11.90,1.3222,true,1,188759
7290017457734,false,"סוד - מרכך כביסה מרוכז ווילד רוז 900 מ""ל",הנקל סוד,IL,סוד מרכך מרוכז Wild Rose,מיליליטרים,900.00,"100 מ""ל",false,1,11.90,1.3222,true,1,188760
7290017477596,false,תמר מגהול פרימיום 400 ג' בקופסא,"שקדיה גבע תעשיות בע""",IL,תמר מגהול ענק פרמיום 400ג שקדיה,גרמים,400.00,100 גרם,false,1,19.90,4.9750,true,1,202959
7290017513782,false,פליפז-בייגלה מצופה שוקולד מריר 140 גרם,שוורצקוף& הנקל דיסלד,TR,פליפז בייגלה מצופה שוקולד מריר 140 ג,גרמים,140.00,100 גרם,false,1,8.90,6.3571,true,1,191116
7290017589633,false,"רזרב גולד אדישיין קברנה סוביניון 750 מ""ל",יקבי ברקן Barkan,IL,"קברנה סוביניון מהדורת רזרב גולד 750 מ""ל",מיליליטרים,750.00,"100 מ""ל",false,1,52.90,7.0533,true,1,205212
7290017617091,false,סטארקיסט מיקס טוגו טונה עם פתיתים 185 גרם,דרדנל אוננטאס גידה,TR,סטארקיסט מיקס טוגו טונה עם פתיתים 185גר,גרמים,185.00,100 גרם,false,1,12.90,6.9730,true,1,195166
7290017617459,false,רביעיית טונה בשמן צמחי 120 ג' סטארקיסט,dalmore distilleries,TH,רביעיית טונה סטארקיסט בשמן צמחי 480גרם,גרמים,480.00,100 גרם,false,1,21.90,4.5625,true,1,205515
7290017724027,false,עוגיות אלפא חורס אקל,"אקלר בע""מ",IL,עוגיות אלפחורס 300 גרם,גרמים,300.00,100 גרם,false,1,23.90,7.9667,true,1,202871
7290017724034,false,עוגיות סנדוויץ ריבה,אקלר,IL,עוגיות סנדוויץ ריבה 250 גרם,גרמים,250.00,100 גרם,false,1,23.90,9.5600,true,1,202872
7290017724058,false,עוגיות מעדן תמר אגוז,אקלר,IL,עוגיות מעדן תמר אגוז250 גרם,גרמים,250.00,100 גרם,false,1,23.90,9.5600,true,1,202873
7290017724119,false,עוגיות אקלר אוזניים,אקלר,IL,עוגיות אוזניים200 גרם,גרמים,200.00,100 גרם,false,1,23.90,11.9500,true,1,202875
7290017724157,false,אקלר תפע ללא סוכר 200 גרם,אקלר,IL,עוגיות מעדן תפוע ללא סוכר 200 גרם,גרמים,200.00,100 גרם,false,1,23.90,11.9500,true,1,202876
7290017724171,false,אקלר ריבה ללא סוכר 200 גרם,אקלר,IL,עוגיות סנדוויץ ריבה ללא סוכר 250 גר,גרמים,250.00,100 גרם,false,1,23.90,9.5600,true,1,202877
7290017724225,false,עוגיות בויוס קשקבל א,אקלר,IL,עוגיות בויוס 200 גרם,גרמים,200.00,100 גרם,false,1,23.90,11.9500,true,1,202878
7290017724355,false,אקלר אצבעות שקדים 200 גרם,אקלר,IL,עוגיות אצבעות שקדים 250 גרם,גרמים,250.00,100 גרם,false,1,23.90,9.5600,true,1,202879
7290017724683,false,אקלר חמאה שקדים 200 גרם,אקלר,IL,עוגיות חמאה שקדים 200 גרם,גרמים,200.00,100 גרם,false,1,23.90,11.9500,true,1,202881
7290017724720,false,עוגיות תותי פרוטי לל,אקלר,IL,עוגיות תותי פרוטי ללא סוכר 200 גרם,גרמים,200.00,100 גרם,false,1,23.90,11.9500,true,1,202882
7290017791142,false,קרקר כוסמין מלא - פת במלח,"מאפיית פת במלח בע""מ",IL,קרקר כוסמין מלא אורגינל 225 גרם,גרמים,225.00,100 גרם,false,1,22.90,10.1778,true,1,196120
7290017791203,false,קרקר כוסמין מלא - סלק - פת במלח,"מאפיית פת במלח בע""מ",IL,קרקר כוסמין מלא סלק 225 גרם,גרמים,225.00,100 גרם,false,1,22.90,10.1778,true,1,196121
7290017871363,false,פמילי יהלום- פמלי סבון ידיים מועשר בשמן מקדמיה לניקוי וטיפוח עור הידיים,המאפיה של הרמן,TR,תחליב רחצה לידיים מועשר בשמן מקדמיה,מיליליטרים,500.00,"100 מ""ל",false,1,10.90,2.1800,true,1,191844
7290017871370,false,פמילי יהלום- סבון ידיים מועשר בשמן אבוקדו לניקוי וטיפוח עור הידיים,המאפיה של הרמן,TR,תחליב רחצה לידיים מועשר בשמן אבוקדו,מיליליטרים,500.00,"100 מ""ל",false,1,10.90,2.1800,true,1,191845
7290017872070,false,מארז מגבונים לחים בניחוח מרענן פרש וואנס שלישייה,ווטנאפס,IL,פרש וואנס מגבונים נטורל קר שלישייה,יחידה,1.00,יחידה,false,1,9.90,9.9000,true,1,201790
7290017888972,false,בקבוק מי עדן פקק ספורט 1 ליטר,מופק ממקור בזלתי עדן,IL,מי עדן פקק ספורט 1 ליטר,ליטרים,1.00,ליטר,false,1,5.50,5.5000,true,1,192248
7290017894034,false,"פתיתי שיבולת שועל עבה לל""ג דגש 400 גרם",אף.סי תבליני בגליל ב,IL,פתיתי שיבולת שועל מלאה עבה,גרמים,400.00,100 גרם,false,1,19.90,4.9750,true,1,199222
7290017918143,false,חסה לבבות,ביכורי שדה דרום,IL,חסה לבבות,גרמים,300.00,100 גרם,false,1,12.90,4.3000,true,1,206697
7290017928043,true,גריסיני קראנץ מלח 17,מאיר בייגל,IL,מאיר בייגל גריסיני קראנץ' עם מלח 175 גרם,יחידה,0.00,יחידה,false,1,11.90,0.0000,true,1,190915
7290017928210,true,בייגלה גדול שומשום 2,מאיר בייגל,IL,בייגלה גדול שומשום 250 גרם מאיר בייגל,גרמים,250.00,100 גרם,false,1,11.90,4.7600,true,1,190917
7290017928432,true,גריסיני קראנץ פרג 17,HIQ FOOD PRODUCTS,IL,מאיר בייגל גריסיני קראנץ' עם פרג 175 גרם,גרמים,175.00,100 גרם,false,1,11.90,6.8000,true,1,190923
7290017928449,true,שטוחלה פרו מלח 170 ג,מאיר בייגל,IL,מאיר בייגל פרוטאין בייגל שטוח מלח 170 גרם,גרמים,170.00,100 גרם,false,1,11.90,7.0000,true,1,190924
7290017928616,true,שטוחלה שומשום 300 גר,מאיר בייגל,IL,שטוחלה שומשום 300 גרם מאיר בייגל,גרמים,300.00,100 גרם,false,1,11.90,3.9667,true,1,190926
7290017947105,false,לחם בסגנון אמריקה 500 גרם,מאפיית שלמה א. אנג'ל,IL,לחם אנגל בסגנון אמריקה 500 גרם,גרמים,500.00,100 גרם,false,1,13.90,2.7800,true,1,191297
7290017947457,false,חלה קלועה כוסמין 500 גרם אנג'ל,מאפיית שלמה א.אנג'ל,IL,חלת כוסמין קלועה,גרמים,500.00,100 גרם,false,1,17.90,3.5800,true,1,202787
7290017947464,false,מארז 8 פיתות מקמח כוסמין מלא 400ג',"איטיליאן פוד, אס.פי.",IL,מאפיית אנג'ל פיתות כוסמין 400 גרם,יחידה,1.00,יחידה,false,1,15.90,15.9000,true,1,193428
7290017947495,false,לחמניות כוסמין 450 ג' אנג'ל,"איטיליאן פוד, אס.פי.",IL,אנג'ל לחמניות 100% כוסמין 450 גרם,גרמים,450.00,100 גרם,false,1,16.90,3.7556,true,1,193913
7290017947891,false,לחם כוסמין וחיטה מלאה 750 ג' אנג'ל,מאפיית שלמה א. אנג'ל,IL,"אנג'ל כוסמין וחיטה מלאה במרקם חלק, 750 גרם",גרמים,750.00,100 גרם,false,1,15.90,2.1200,true,1,191296
7290017947921,false,לחמניות המבורגר בסגנון אמריקאי מארז 6 יח',מאפיית שלמה א. אנג'ל,IL,אנג'ל לחמניות המבורגר בסגנון אמריקה 6 יח',גרמים,450.00,100 גרם,false,1,14.90,3.3111,true,1,191295
7290018012093,false,תאורת חירום מודל xl,,,תאורת חירום מודל xl,לא מנהל יחידת מידה,0.00,לא מנהל יחידת מידה,false,1,119.00,0.0000,true,1,190906
7290018012116,false,פנס מנורת חירום 60 ל,,,תאורת חירום מודל L,יחידה,1.00,יחידה,false,1,79.00,79.0000,true,1,190907
7290018077597,false,בייגל רומני אפוי קפו,גדרון,IL,בייגל רומני אפוי קפוא עם שומשום,יחידה,1.00,יחידה,false,1,5.90,5.9000,true,1,191413
7290018077603,false,בייגל רומני עם זעתר,גדרון,IL,בייגל רומני עם זעתר א.ק,יחידה,1.00,יחידה,false,1,5.90,5.9000,true,1,191336
7290018077658,false,חצי בגט צרפתי חצי אפ,גדרון,IL,חצי בגט צרפתי חצי אפוי,יחידה,1.00,יחידה,false,1,4.90,4.9000,true,1,202444
7290018131077,false,נסטלה מילקה שלגון וניל חדש 71 גרם,פרונרי פולין,PL,שלגון מילקה עם ריפל שוקולד 71 גרם,גרמים,71.00,100 גרם,false,1,11.50,16.1972,true,1,195187
7290018131251,false,אקסטרים מטבע שוקולד לבן וליבת קרם עוגיות 115ג',גלידות נסטלה (נגה גל,IL,אקסטרים מ.שקלד.לבן וליבת ק.עוג. 18*115ג,גרמים,128.00,100 גרם,false,1,10.50,8.2031,true,1,191313
7290018131336,false,נסטלה שלגון ליון 66 גרם,שוורצקוף& הנקל דיסלד,PL,שלגון ליון קרמל 66גרם,גרמים,66.00,100 גרם,false,1,11.50,17.4242,true,1,195188
7290018131978,false,טילון נסטלה אוראו 68.5 גרם,פרונרי פולין,PL,טילון אוראו 68.5גרם,גרמים,69.00,100 גרם,false,1,5.90,8.5507,true,1,195189
7290018165010,false,"יין רזרב גולד גוורצטרמינר 750 מ""ל ברקן",יקבי ברקן שיווק והפצ,IL,"גוורצטרמינר רזרב גולד 750 מ""ל",מיליליטרים,750.00,"100 מ""ל",false,1,52.90,7.0533,true,1,205214
7290018165027,false,"יין רזרב גולד רוזה 750 מ""ל ברקן",יקבי ברקן שיווק והפצ,IL,"רזרב גולד רוזה 750 מ""ל",מיליליטרים,750.00,"100 מ""ל",false,1,52.90,7.0533,true,1,205215
7290018165447,false,"יין רזרב GOLD EDITION מרלו 750 מ""ל",יקבי ברקן שיווק והפצ,IL,"רזרב גולד מרלו 750 מ""ל",מיליליטרים,750.00,"100 מ""ל",false,1,52.90,7.0533,true,1,205216
7290018344101,false,חטיף חלבון בטעם קקאו וקפה 50 ג' VEG PROTEIN,טבע ירוק,IL,חטיף חלבון VEG PROTEIN קקאו וקפה 50 גרם,גרמים,50.00,100 גרם,false,1,10.90,21.8000,true,1,207254
7290018440247,false,תה צ'אי שקדים סדרת חווית צ'אי,תה ויסוצקי,IL,צאי שקדים 25 גרם,לא מנהל יחידת מידה,0.00,לא מנהל יחידת מידה,false,1,19.90,0.0000,true,1,202833
7290018440254,false,תה צ'אי קרמל מלוח סדרת חווית צ'אי,תה ויסוצקי,IL,צאי קרמל מלוח 25 גרם,לא מנהל יחידת מידה,0.00,לא מנהל יחידת מידה,false,1,19.90,0.0000,true,1,202835
7290018440483,false,פליפז בייגלה מצופה בקרמל מלוח ושוקולד 140 גרם,שוורצקוף& הנקל דיסלד,TR,פליפז בייגלה מצופה בקרמל מלוח ושוקולד 14,גרמים,140.00,100 גרם,false,1,8.90,6.3571,true,1,196488
7290018441886,false,"קרם עוגיות 150 מ""ל - דולצ'ה דה לצ'ה",מוצרי איכות אמריקאים,IL,דולצה דה לצה 150מל שורטי,מיליליטרים,150.00,"100 מ""ל",false,1,10.90,7.2667,true,1,202950
7290018471111,false,שוופס ליים מוחיטו 330 מל זכוכית,יפאורה שותפות מובגלת,IL,שוופס ליים מוחיטו 330 מל,ליטרים,1.50,ליטר,false,1,6.90,4.6000,true,1,195179
7290018471180,false,משקה פרוט& ווג' אננס תפוח גזר 1 ליטר,מיוצר עי קונדיטוריית,IL,FRUIT&VEG אננס תפוח גזר 1 ליטר,ליטרים,1.00,ליטר,false,1,14.90,14.9000,true,1,196442
7290018500361,false,"לחם שחור פרוס 900 גרם ""אנג'ל"" -מוצר בפיקוח",מאפיית שלמה א. אנג'ל,IL,לחם אחיד פרוס אנגל 900 גרם,גרמים,900.00,100 גרם,false,1,9.49,1.0544,true,1,205456
7290018500385,false,"חלה רגילה 650 גרם ""אנגל""-מוצר בפיקוח",מאפיית שלמה א. אנגל,IL,חלה רגילה אנגל 650 גרם,גרמים,650.00,100 גרם,false,1,8.14,1.2523,true,1,205457
7290018500392,false,"חלה רגילה 650 גרם ""אנגל""-מוצר בפיקוח",מאפיית שלמה א. אנגל,IL,חלה קלועה אנגל 650 גרם,גרמים,650.00,100 גרם,false,1,8.14,1.2523,true,1,205458
7290018540329,false,שקית פיתה פיתה בלדי 800 ג' אנג'ל,מאפיית שלמה א. אנג'ל,IL,פיתה פיתה אנגל בלדי 8 יח 880 גרם,גרמים,880.00,100 גרם,false,1,12.90,1.4659,true,1,194650
7290018652015,false,נסטלה שלגון סופרולר 75 גרם,פרונרי איברייה,PL,סופרולר 75גרם,גרמים,75.00,100 גרם,false,1,7.90,10.5333,true,1,195190
7290018652053,false,"יסקולידה אקסטרה גלידה בטעמי וניל ושוקולד, 90 גרם",גלידות נסטלה,IL,ביסקולידה קסטרה 95 גרם,גרמים,95.00,100 גרם,false,1,5.90,6.2105,true,1,195185
7290018652190,false,חטיף גלידה קראנץ בר 60 גרם,פרונרי איטליה,IT,קראנץ בר אימפלס 60גרם,גרמים,60.00,100 גרם,false,1,6.90,11.5000,true,1,204325
7290018652671,false,"לה קרמריה שוקולד וניל 1.4 ליטר [תו אי""ל]",גלידות נסטלה,IL,לה קרמריה שוקו וניל תות 700גרם,גרמים,700.00,100 גרם,false,1,21.90,3.1286,true,1,204335
7290018652770,false,אקסטרים ביגלה מתוק מלוח 115 ג' נסטלה,גלידות נסטלה,IL,טילון גולדה 115גרם,גרמים,115.00,100 גרם,false,1,10.50,9.1304,true,1,204326
7290018703304,false,אול אין חטיף חלבון ק,,,אול אין חטיף חלבון קרם עוגיות,גרמים,60.00,100 גרם,false,1,13.90,23.1667,true,1,204861
7290018777275,false,חטיף חלבון בטעם עוגיות וניל 50 ג' VEG PROTEIN,טבע ירוק,IL,חטיף חלבון VEG PROTEINעוגיות וניל 50 גרם,גרמים,50.00,100 גרם,false,1,10.90,21.8000,true,1,207257
7290018848005,false,יין רוזה בפחית 250 מ,דונלי ויני,IT,"יין רוזה בפחית 250 מ""ל",מיליליטרים,250.00,"100 מ""ל",false,1,14.90,5.9600,true,1,204086
7290018848012,false,יין לבן בפחית 250 מ,דונלי ויני,IT,"יין לבן בפחית 250 מ""ל",מיליליטרים,250.00,"100 מ""ל",false,1,14.90,5.9600,true,1,204085
7290018893449,false,צוקטה סטרופוופל במילוי קרמל 175 גרם,ארלוי אס.אל.יו.,IN,צוקטה סטרופוופל במילוי קרמל 175 גר,גרמים,175.00,100 גרם,false,1,9.90,5.6571,true,1,202883
7290018893661,false,עוגות אישיות במילוי קרם קקאו ציפוי בטעם שוקולד מריר,פרדי קונדיטוריה אס פ,IT,"צוקטה עוגות אישיות מצופה מריר בד""צ 240",גרמים,240.00,100 גרם,false,1,14.90,6.2083,true,1,202645
7290018893814,false,צ'וקטה חמישיית שוקולד מריר 48%,הדקלאים אגודת שיתופי,ES,טבלאת שוקולד צוקטה מריר 500 גרם חמישייה,גרמים,500.00,100 גרם,false,1,19.90,3.9800,true,1,202639
7290018894071,false,צ'וקטה מארז לחנוכה 225 גר,,,צוקטה מארז סביבון לחנוכה 225 ג,גרמים,225.00,100 גרם,false,1,17.90,7.9556,true,1,207413
7290018894200,false,בלקוני וופל קוביות וניל 250 גרם,בלקוני Balconi,IT,בלקוני וופל קוביות וניל 250 ג,גרמים,250.00,100 גרם,false,1,12.90,5.1600,true,1,204722
7290018894606,false,בלקוני וופל קקאו 175 גרם חלבי OU,בלקוני Balconi,IT,בלקוני וופל קקאו 175 ג,גרמים,175.00,100 גרם,false,1,8.90,5.0857,true,1,204724
7290018894804,false,וופלים במילוי קרם אגוזי לוז - חלבי,בלקוני Balconi,IT,בלקוני וופל אגוזי לוז 175 ג,גרמים,175.00,100 גרם,false,1,8.90,5.0857,true,1,204725
7290018925065,false,מיץ פרימור תפוזים סחוט 2 ליטר-,"גניר (1992) בע""מ",IL,פרימור סחוט מיץ תפוזים 100% 2 ליטר,ליטרים,2.00,ליטר,false,1,28.50,14.2500,true,1,203693
7290018925096,false,פרימור משקה קל תפוזים 1.5ליטר,פרימור,IL,פרימור משקה קל תפוזים ‏5‏.‏1‏ ליטר,ליטרים,1.50,ליטר,false,1,9.50,6.3333,true,1,203477
7290018925102,false,פרימור משקה קל ענבים 1.5ליטר,פרימור,IL,פרימור משקה קל ענבים ‏5‏.‏1‏ ליטר,ליטרים,1.50,ליטר,false,1,9.50,6.3333,true,1,203478
7290018925126,false,משקה קל תפוחי עץ 1.5ל' פרימור,פרימור,IL,פרימור משקה קל תפוחי עץ ‏5‏.‏1‏ ליטר,ליטרים,1.50,ליטר,false,1,9.50,6.3333,true,1,203480
7290018925133,false,פרימור משקה קל מנגו 1.5ליטר,פרימור,IL,פרימור משקה קל מנגו ‏5‏.‏1‏ ליטר,ליטרים,1.50,ליטר,false,1,9.50,6.3333,true,1,203481
7290018925140,false,פרימור משקה קל אשכולית 1.5ליטר,פרימור,IL,פרימור משקה קל אשכולית ‏5‏.‏1‏ ליטר,ליטרים,1.50,ליטר,false,1,9.50,6.3333,true,1,203482
7290018925164,false,פרימור משקה קל תות-בננה 1.5ליטר,פרימור,IL,פרימור משקה קל תות בננה ‏5‏.‏1‏ ליטר,ליטרים,1.50,ליטר,false,1,9.50,6.3333,true,1,203484
7290018925409,false,"מיץ לימון ואננס 400 מ""ל פרימור",קריות זול,IL,מיץ לימון ואננס פרימור 400 מל,מיליליטרים,400.00,"100 מ""ל",false,1,8.50,2.1250,true,1,206186
7290019056119,false,שוופס סודה 1.5 ליטר פיקדון,"יפאורה תבורי בע""מ",IL,שוופס סודה 1.5 ל',ליטרים,1.50,ליטר,false,1,4.20,2.8000,true,1,203493
7290019056126,false,שוופס סודה לימון 1.5 ליטר בק' בודד פיקדון,"יפאורה תבורי בע""מ",IL,שוופס סודה לימון 1.5 ל',ליטרים,1.50,ליטר,false,1,4.20,2.8000,true,1,203494
7290019056133,false,שוופס סודה נענע ליים 1.5 ליטר בק' בודד,"יפאורה תבורי בע""מ",IL,שוופס סודה נענע ליים 1.5 ל',ליטרים,1.50,ליטר,false,1,4.20,2.8000,true,1,203495
7290019056232,false,משקה מוגז בטעם ליים מוחיטו 1.5 ל' שוופס,"יפאורה תבורי בע""מ",IL,שוופס מוחיטו 1.5 ל',ליטרים,1.50,ליטר,false,1,10.50,7.0000,true,1,203502
7290019056324,false,שוופס טוניק 1.5 ליטר פיקדון,"יפאורה תבורי בע""מ",IL,שוופס טוניק 1.5 ל',ליטרים,1.50,ליטר,false,1,15.90,10.6000,true,1,203511
7290019056386,false,פתוזינה אשכולית 1.5 ליטר פיקדון,"יפאורה תבורי בע""מ",IL,תפוזינה אשכוליות 1.5 ל',ליטרים,1.50,ליטר,false,1,11.50,7.6667,true,1,203516
7290019056959,false,מי עדן 1.5 ליטר בק' בודד פיקדון,מופק ממקור בזלתי עדן,IL,מי עדן בקבוק 1.5 ליטר,ליטרים,1.50,ליטר,false,1,3.20,2.1333,true,1,203546
7290019056973,false,שישיית מי עדן 1.5 ליטר משפחתי,מופק ממקור בזלתי עדן,IL,מי עדן שישייה בקבוק 1.5 ליטר,ליטרים,9.00,ליטר,false,6,14.90,1.6556,true,1,203547
7290019233008,false,רוטב עגבניות עם קוביות ארטישוק ושמן זית 420ג ויסוצקי,דליציה דורה אס.אר.אל,IT,שקשוקה ארטישוק רוטב עגבניות עם קוביות 420 גרם,גרמים,420.00,100 גרם,false,1,12.90,3.0714,true,1,205885
7290019233039,false,שקשוקה קלאסית- רוטב עגבניות עם קוביות פלפלים צלויים,דליציה דורה אס.אר.אל,IT,שקשוקה קלאסית רוטב עגבניות עם קוביות פלפלים צלויים,גרמים,420.00,100 גרם,false,1,12.90,3.0714,true,1,205886
7290019297239,false,צימוק חום 250 גרם ששון הקולה,"דין שיווק וקלייה בע""",,צימוק כהה 330 גרם,גרמים,330.00,100 גרם,false,1,12.90,3.9091,true,1,203351
7290019297451,false,מי ורדים שקדיה 500 מ,אף.סי תבליני בגליל ב,BE,שקדיה מי ורדים 500 מל,מיליליטרים,500.00,"100 מ""ל",false,1,15.90,3.1800,true,1,178428
7290019297628,false,שקד טבעי 150 גרם ששון הקולה שקית,"דין שיווק וקלייה בע""",IL,שקד טבעי 150 גרם,גרמים,150.00,100 גרם,false,1,15.90,10.6000,true,1,202539
7290019297635,false,שקד קלויים 150 גרם ששון הקולה,"דין שיווק וקלייה בע""",IL,שקדים קלויים ששון הקולה 150 גרם,גרמים,150.00,100 גרם,false,1,17.90,11.9333,true,1,202540
7290019297642,false,גרעין שחור קלוי ללא מלח ששון הקולה 150 ג',"דין שיווק וקלייה בע""",IL,גרעין שחור קלוי ללא מלח 150 גר ששון,גרמים,150.00,100 גרם,false,1,5.90,3.9333,true,1,202597
7290019303657,false,טבע ירוק פינוקית שומשום מיקס בריאות 250ג,טבע ירוק,IL,פינוקיות שומשום - מיקס בריאות 250 גרם,גרמים,250.00,100 גרם,false,1,17.90,7.1600,true,1,207258
7290019303701,false,טבע ירוק פינוקית שומשום מיקס ישראלי 250ג,טבע ירוק,IL,פינוקיות שומשום - מיקס ישראלי 250 גרם,גרמים,250.00,100 גרם,false,1,17.90,7.1600,true,1,207259
7290019303756,false,טבע ירוק פינוקית שומשום וגרעינים 250 גר,טבע ירוק,IL,פינוקיות שומשום וגרעינים 250 גרם,גרמים,250.00,100 גרם,false,1,17.90,7.1600,true,1,207260
7290019303800,false,פינוקיות שומשום עם שקדים וחמוציות 250 ג',טבע ירוק,IL,פינוקיות שומשום עם שקדים וחמוציות 250 גר,גרמים,250.00,100 גרם,false,1,17.90,7.1600,true,1,207261
7290055090702,false,"איגלו שלוקים בטעמי פטל, לימון וענבים 60 יח'",מנדלז סי.אר. פרודקשן,IL,"איגלו שלוקים 70 יח ""ווסטהיים",מיליליטרים,29.00,"100 מ""ל",false,1,12.90,44.4828,true,1,157580
7290067642005,false,גולדסטאר 10% בירה לאגר חזקה מאוד,טמפו,IL,גולדסטאר 10% בירה לאגר חזקה מאוד,מיליליטרים,330.00,"100 מ""ל",false,1,9.50,2.8788,true,1,178365
7290100240137,false,"תרסיס למייבש כביסה כחול 500 מ""ל בדין","זוהר דליה, קיבוץ דלי",IL,בדין תרסיס ריחני למייבש הכביסה כחול 500 מל,מיליליטרים,500.00,"100 מ""ל",false,1,19.90,3.9800,true,1,112702
7290100240144,false,"תרסיס למייבש כביסה ורוד 500 מ""ל בדין","זוהר דליה, קיבוץ דלי",IL,בדין תרסיס ריחני למייבש כביסה ורוד 500 מל,מיליליטרים,500.00,"100 מ""ל",false,1,19.90,3.9800,true,1,112703
7290100240656,false,"פתית שיפון בד""צ חדש 300X24 גר'",יוניליוור ישראל מזון,IL,פתית שיפון קרקר פריך משיפון ללא תוספת מלח וסוכר,גרמים,300.00,100 גרם,false,1,18.20,6.0667,true,1,135658
7290100243671,false,מרכך כביסה מרכך כביסה בדין אקסטרה 1 ל',יוניליוור סנאיי וי ט,TR,בדין מרכך כביסה מרוכז בדין אקסטרה כחול 960 מל,מיליליטרים,960.00,"100 מ""ל",false,1,19.90,2.0729,true,1,50571
7290100412343,true,קוויק לניקוי כללי -,האי נאם סי או אל.טי.,IL,מטליות לחות,לא מנהל יחידת מידה,0.00,לא מנהל יחידת מידה,false,1,8.90,0.0000,true,1,183398
7290100658338,false,"נוזל לניקוי כלים אוקסי פלוס פלמוליב 750 מ""ל",הנסיך- מפעל לייצור ט,GR,"פלמוליב נוזל כלים אוקסי פלוס 750 מ""ל",מיליליטרים,750.00,"100 מ""ל",false,1,11.90,1.5867,true,1,29294
7290100680711,false,פירורית זהב אסם זהב 350ג',עינת תעשיות מזון אגו,IL,אסם פירורית זהב 12*350גרם,גרמים,350.00,100 גרם,false,1,8.90,2.5429,true,1,31200
7290100684139,false,פסטה מיני מקרוני אסם 500 גרם,פסטה זארה,IT,אסם מיני מקרוני 12*500גרם,גרמים,500.00,100 גרם,false,1,6.90,1.3800,true,1,31251
7290100685136,false,"אבקת מרק בטעם עוף אסם 1 ק""ג","אסם תעשיות בע""מ",IL,אסם מרק טעם עוף 8*1קג,קילוגרמים,1.00,"ק""ג",false,1,16.20,16.2000,true,1,34009
7290100687109,false,במבה במילוי קרם נוגט 60ג' אסם,"אסם תעשיות בע""מ",IL,במבה במילוי נוגט 60 גרם,גרמים,60.00,100 גרם,false,1,4.90,8.1667,true,1,47717
7290100689301,false,אבקת מרק בטעם עוף זך עדיף אסם 400 גרם,"אסם השקעות בע""מ",IL,אסם עדיף זך טעם עוף 6*400גרם,גרמים,400.00,100 גרם,false,1,18.70,4.6750,true,1,46593
7290100700020,false,סוגת גריסי פנינה 500 גרם,האי נאם סי או אל.טי.,IL,גריסי פנינה 500 גרם,גרמים,500.00,100 גרם,false,1,5.90,1.1800,true,1,24144
7290100700273,false,קינואה לבנה 500 ג סו,האי נאם סי או אל.טי.,IL,קינואה 500 גרם,גרמים,500.00,100 גרם,false,1,15.90,3.1800,true,1,59632
7290100700396,false,"סוגת אורז יסמין קלאסי 1 ק""ג",האי נאם סי או אל.טי.,IL,אורז יסמין קלאסי,קילוגרמים,1.00,"ק""ג",false,1,13.90,13.9000,true,1,150617
7290100700587,false,"בורגול ""סוגת"" 500 גרם",האי נאם סי או אל.טי.,IL,בורגול 500 גרם,גרמים,500.00,100 גרם,false,1,5.90,1.1800,true,1,65808
7290100701331,false,קמח רב תכליתי שטיבל קמח חיטה לבן בהיר,"שטיבל בע""מ - טחנות ק",IL,קמח רב תכליתי +1,קילוגרמים,1.00,"ק""ג",false,1,7.90,7.9000,true,1,148792
7290100701874,false,"קמח כוסמין 1 ק""ג סוגת",טחנות קמח שטיבל באר,IL,קמח כוסמין מלא + 14,קילוגרמים,1.00,"ק""ג",false,1,17.90,17.9000,true,1,177295
7290100701881,false,קמח פיצה ופוקצ'ה- קמח חיטה לבן בהיר שטיבל,"שטיבל בע""מ - טחנת קמ",IL,"קמח פיצה 1 ק""ג - סוגת",קילוגרמים,1.00,"ק""ג",false,1,7.90,7.9000,true,1,149366
7290100702253,true,שמרים יבשים בפחית סו,אייבי מאורי,IT,סוגת שמרים יבשים 100 גרם,גרמים,100.00,100 גרם,false,1,9.90,9.9000,true,1,186208
7290100703007,false,"עדשים שחורות בלוגה 500 גרם ""סוגת""",האי נאם סי או אל.טי.,IL,עדשים שחורות בלוגה,גרמים,500.00,100 גרם,false,1,8.90,1.7800,true,1,186205
7290100704066,false,עדשים סוגת צהובות 500 גרם,האי נאם סי או אל.טי.,IL,עדשים צהובות 500 גרם,גרמים,500.00,100 גרם,false,1,8.90,1.7800,true,1,184375
7290100822470,false,בסט מראת כיס,פארמה קאר,,בסט מראת כיס,Unknown,0.00,Unknown,false,1,10.90,0.0000,true,1,175402
7290100850916,false,דוריטוס חמוץ חריף מעודן 70 גרם כשר לפסח,"שטראוס פריטו ליי בע""",IL,דוריטוס חמוץ חריף 70 גר 48 יח,גרמים,70.00,100 גרם,false,1,3.90,5.5714,true,1,22398
7290100850923,false,דוריטוס בטעם גריל 70 גרם,שטראוס פריטו ליי (מל,IL,דוריטוס גריל 70 גר 48 יח,גרמים,70.00,100 גרם,false,1,3.90,5.5714,true,1,22399
7290100850930,false,דוריטוס בטעם טבעי 70 גרם,שטראוס פריטו ליי (מל,IL,דוריטוס טבעי 70 גר 48 יח,גרמים,70.00,100 גרם,false,1,3.90,5.5714,true,1,22400
7290100858592,false,אבקת קקאו עלית שקית 150 ג',הנסיך- מפעל לייצור ט,IL,שקית קקאו 150גרם/20שק/150גר,גרמים,150.00,100 גרם,false,1,11.80,7.8667,true,1,38972
7290100921401,false,"שמפו הוואי מועשר בקרטין 700מ""ל",טרופיקל דגיל,IL,הוואי שמפו קרטין מחזק 700 מל,מיליליטרים,700.00,"100 מ""ל",false,1,12.90,1.8429,true,1,163737
7290100921418,false,"הוואי - מרכך קרטין מחזק 700 מ""ל",טרופיקל דגיל קוסמטיק,IL,הוואי מרכך קרטין מחזק לשיער עדין או חלש 700 מל,מיליליטרים,700.00,"100 מ""ל",false,1,12.90,1.8429,true,1,163738
7290101113539,false,טילון יולו קטן שוקולד לבן עם ליבת שוקולד,פלדמן,IL,טילון יולו קטן שוקולד לבן עם ליבת שוקולד,גרמים,80.00,100 גרם,false,1,8.90,11.1250,true,1,207396
7290101113546,false,טילון יולו קטן שוקולד לבן עם עוגיות שוקולד,פלדמן,IL,טילון יולו קטן שוקולד לבן עם עוגיות שוקו,גרמים,80.00,100 גרם,false,1,8.90,11.1250,true,1,207397
7290101113553,false,טילון יולו שוקולד חלב עם נטיפי שוקולד גדול,פלדמן,IL,טילון יולו גדול שוקולד חלב עם נטיפי שוקו,גרמים,115.00,100 גרם,false,1,10.90,9.4783,true,1,207398
7290101113720,false,שלגון יולו שוקולד לבן ועוגיות,פלדמן,IL,יולו שוקולד לבן ועוגיות 75 גרם,גרמים,75.00,100 גרם,false,1,10.90,14.5333,true,1,207406
7290101453871,false,נר מספר - 0,סודי,CN,נר מספר 0,Unknown,0.00,Unknown,false,1,4.50,0.0000,true,1,169227
7290101453888,false,נר מספר - 1,סודי,CN,נר מספר 1,Unknown,0.00,Unknown,false,1,4.50,0.0000,true,1,169228
7290101453895,false,נר מספר - 2,סודי,CN,נר מספר 2,Unknown,0.00,Unknown,false,1,4.50,0.0000,true,1,169229
7290101453932,false,נר מספר - 6,סודי,CN,נר מספר 6,Unknown,0.00,Unknown,false,1,4.50,0.0000,true,1,169233
7290101453949,false,נר מספר - 7,סודי,CN,נר מספר 7,Unknown,0.00,Unknown,false,1,4.50,0.0000,true,1,169234
7290101453963,false,נר מספר - 9,סודי,CN,נר מספר 9,Unknown,0.00,Unknown,false,1,4.50,0.0000,true,1,169236
7290101488286,false,"ליידי ספיד סטיק - דאודורנט ספריי לאישה 24/7 פרש פיוזן ורוד 150 מ""ל",ליידי ספיד סטיק Lady Speed Stick,RU,דאודורנט ספרי ל.ספיד ורוד פרש פיוזן150 מ,מיליליטרים,150.00,"100 מ""ל",false,1,23.90,15.9333,true,1,56264
7290101488316,false,ליידי ספיד סטיק - דאודורנט סטיק לאישה ללא סימן ורוד סטיק 65 גרם,ליידי ספיד סטיק Lady Speed Stick,US,דאודורנט ליידי ספיד סטיק ללא סימן שאוור פרש 65 גרם,מיליליטרים,65.00,"100 מ""ל",false,1,19.90,30.6154,true,1,52531
7290101500551,false,סלרי אמריקאי ארוז,חקלאי,IL,סלרי אמריקאי ארוז,לא מנהל יחידת מידה,0.00,לא מנהל יחידת מידה,false,1,5.90,0.0000,true,1,189995
7290101500568,false,שורש סלרי ארוז,חקלאי,IL,סלרי ראש ארוז,לא מנהל יחידת מידה,0.00,לא מנהל יחידת מידה,false,1,5.90,0.0000,true,1,189996
7290101500926,false,תרד ארוז רכות,יושלם,IL,תרד ארוז,Unknown,0.00,Unknown,false,1,12.90,0.0000,true,1,52181
7290101501138,false,כרובית ארוזה יחידה,אראל תוצרת חקלאית בע,IL,כרובית ארוזה יח,קילוגרמים,1.50,"ק""ג",false,1,13.90,9.2667,true,1,196642
7290101501176,false,פלפלונים רמי לוי,מ.ע יזמות,IL,פלפל פינקרבל,יחידה,1.00,יחידה,false,1,9.90,9.9000,true,1,175938
7290101501305,false,מלפפונים קטנים ארוזי,חקלאי,IL,מלפפון טעם,גרמים,230.00,100 גרם,false,1,9.90,4.3043,true,1,194838
7290101501589,false,גינגר יחידה 200 גרם,יוליניבר,IL,גינגר,גרמים,200.00,100 גרם,false,1,10.90,5.4500,true,1,204858
7290101551027,false,קפסולות קפה אספרסו חזק במיוחד 14 עלית 10 יח',הנסיך- מפעל לייצור ט,IL,קפסולות קפה אספרסו 14,גרמים,50.00,100 גרם,false,1,16.90,33.8000,true,1,187020
7290101551263,false,סילאן טבעי ללא תוספת סוכר,מכוורת יד מרדכי,IL,סילאן טבעי יד מרדכי 700 גרם,גרמים,700.00,100 גרם,false,1,21.90,3.1286,true,1,186441
7290101551300,false,סילאן טבעי ללא תוספת סוכר בקבוק לחיץ,מכוורת יד מרדכי,IL,סילאן טבעי לחיץ 380 גרם,גרמים,380.00,100 גרם,false,1,16.90,4.4474,true,1,186440
7290101551539,true,דנונה פרו 20 גרם בטע,"שטראוס בריאות בע""מ",IL,דנונה פרו 20 גר אפרסק 0% שומן,גרמים,200.00,100 גרם,false,1,5.90,2.9500,true,1,185272
7290101863410,false,"סיליט באנג ספריי ניקוי עוצמתי מכיל אקונומיקה 750 מ""ל",סיליט באנג Cillit Bang,PL,"סיליט באנג אקונומיקה 750 מ""ל",מיליליטרים,750.00,"100 מ""ל",false,1,14.90,1.9867,true,1,53649
7290101864127,false,"ספריי להסרת כתמים 750 מ""ל וניש קליה",קליה וניש Kalia Vanish,IL,"ספריי מסיר כתמים וניש קליה 750 מ""ל",מיליליטרים,750.00,"100 מ""ל",false,1,17.90,2.3867,true,1,58106
7290101865261,false,"פיניש נוזל הברקה למדיח 800 מ""ל",רקיט בנקיזר,PL,"פיניש נוזל הברקה למדיח 800 מ""ל",מיליליטרים,800.00,"100 מ""ל",false,1,22.90,2.8625,true,1,155735
7290101866787,false,וניש קליה נוזל מסיר כתמים לכביסה לבנה 3 ליטר,קליה וניש Kalia Vanish,IL,"קליה וניש לכביסה לבנה ג""ל 3 לי",ליטרים,3.00,ליטר,false,1,26.90,8.9667,true,1,147657
7290101982470,false,ממתק רולר 30 מל' בטעמים,יושלם,,רולר,לא מנהל יחידת מידה,0.00,לא מנהל יחידת מידה,false,1,6.20,0.0000,true,1,65361
7290101984412,false,זיקוק סיפרה שמחה זה אנחנו,Unknown,,זיקוק מספר,Unknown,0.00,Unknown,false,1,4.90,0.0000,true,1,163366
7290101985433,false,הפתעות לימי הולדת,NOVELTY,,הפתעות לימי הולדת,Unknown,0.00,Unknown,false,1,6.70,0.0000,true,1,159448
7290101987598,false,חרב בועות סבון דורה,סודי,,חרב בועות סבון דורה,Unknown,0.00,Unknown,false,1,9.90,0.0000,true,1,156803
7290102030330,false,תפוצ'יפס קראנצ' בטעם מקסיקני 200 גרם,"שטראוס פריטו ליי בע""",IL,תפו קראנצ מקסיקני 200 גר 12 יח - שמיטה,גרמים,200.00,100 גרם,false,1,9.90,4.9500,true,1,42479
7290102062195,false,"משחת שיניים לילדים לגילאי 6-12 אלמקס 75 מ""ל",יבואן ומשווק: ש. שסט,PE,אלמקס משחת שיניים לילדים לגילאי 6-12 75 מל,מיליליטרים,75.00,"100 מ""ל",false,1,15.90,21.2000,true,1,59528
7290103121600,false,"ספיד סטיק - דאודורנט ספריי לגבר 24/7 קול פיוזן 150 מ""ל",קולגייט פלמוליב,RU,ספיד סטיק 24/7 דואדורנט ספריי קול פיוז'ן,מיליליטרים,165.00,"100 מ""ל",false,1,19.90,12.0606,true,1,188872
7290103124601,false,"תחליב רחצה נוזל חלב ודבש משאבה 750מ""ל פלמוליב",הנסיך- מפעל לייצור ט,TR,"פלמוליב סבון נוזלי חלב ודבש 750 מ""ל",מיליליטרים,750.00,"100 מ""ל",false,1,21.90,2.9200,true,1,163086
7290103128739,false,בלונס צימרוני אוזניים לתינוק 50 יח',הנסיך- מפעל לייצור ט,GR,בייבי בלונס מקלוני כותנה לתינוק 50 יח',מיליליטרים,0.00,"100 מ""ל",false,1,6.80,0.0000,true,1,150672
7290103404758,false,סלט כרוב אדום אחלה 120 גרם,מיוצר עי קונדיטוריית,IL,כרוב 120,גרמים,120.00,100 גרם,false,1,5.50,4.5833,true,1,54625
7290103681210,false,"יין הר שרדונה מיתוג תנשמת 750 מ""ל",מיוצר על ידי יקב תבו,IL,תבור הר שרדונה 750 מל,מיליליטרים,750.00,"100 מ""ל",false,1,46.90,6.2533,true,1,186679
7290103681227,false,"יין הר גוורצטרמינר מיתוג תנשמת 750 מ""ל",מיוצר על ידי יקב תבו,IL,"יין גוורצטרמינר חצי מתוק 750 מ""ל סדרת הר",מיליליטרים,750.00,"100 מ""ל",false,1,46.90,6.2533,true,1,186683
7290103681241,false,"יין הר מוסקטו מיתוג תנשמת 750 מ""ל",תבור TABOR,IL,"תבור הר מוסקטו 750 מ""ל",מיליליטרים,750.00,"100 מ""ל",false,1,46.90,6.2533,true,1,188380
7290104061417,false,סלט חומוס עם טחינה אחלה 400 גרם,"שטראוס גרופ בע""מ",IL,סלט חומוס וטחינה 400 גרם,גרמים,400.00,100 גרם,false,1,12.20,3.0500,true,1,60131
7290104061424,false,סלט חומוס עם זעתר אחלה 400 גרם,מיוצר עי קונדיטוריית,IL,חומוס בתוספת זעתר 400 גרם,גרמים,400.00,100 גרם,false,1,12.20,3.0500,true,1,60132
7290104061431,false,סלט חומוס עם צנובר אחלה 400 גרם,"שטראוס גרופ בע""מ",IL,סלט חומוס וצנובר 400 גרם,גרמים,400.00,100 גרם,false,1,12.20,3.0500,true,1,60133
7290104061448,false,סלט חומוס עם חריף אחלה 400 גרם,מיוצר עי קונדיטוריית,IL,חומוס חריף 400 גרם,גרמים,400.00,100 גרם,false,1,12.20,3.0500,true,1,60134
7290104067679,false,סלט טחינה אחלה 400גר,מיוצר עי קונדיטוריית,IL,טחינה 400,גרמים,400.00,100 גרם,false,1,10.90,2.7250,true,1,174474
7290104067693,false,אחלה חומוס עם חריף 150 גרם,מיוצר עי קונדיטוריית,IL,חומוס עם חריף 150 גרם,גרמים,150.00,100 גרם,false,1,5.90,3.9333,true,1,174688
7290104570513,false,"תמר מגהול כחול 1 ק""",פרי וירק טמרה ושותפי,IL,"תמר מג""הול 1 ק""ג",קילוגרמים,1.00,"ק""ג",false,1,14.90,14.9000,true,1,205979
7290104722530,false,תפוצ'יפס בטעם שמנת בצל עלית 200 גרם,"שטראוס פריטו ליי בע""",IL,תפו שמנת בצל 200 גר 12 יח - שמיטה,גרמים,200.00,100 גרם,false,1,9.90,4.9500,true,1,68508
7290104728310,false,"שמנת מתוקה עמידה 38% שומן ""יטבתה"" -מוצר בפיקוח",שטראוס גרופ,IL,שמנת להקצפה 38% מהדרין,מיליליטרים,250.00,"100 מ""ל",false,1,6.47,2.5880,true,1,143408
7290104729003,false,"יד מרדכי - שמן זית כתית מעולה 2 קלאסי 750 מ""ל",מכוורת יד מרדכי שטרא,IL,שמן זית כתית מעולה יד מרדכי,מיליליטרים,750.00,"100 מ""ל",false,1,34.90,4.6533,true,1,185591
7290104961885,false,מרכך קרטין טהור לשיער שעבר החלקה או עיצוב בחום,נטורל פורמולה Natural Formula,IL,קרטין אינטנס- מרכך לשיער,מיליליטרים,400.00,"100 מ""ל",false,1,29.90,7.4750,true,1,154626
7290104962080,false,"טיטניום - דאודורנט ספריי לגבר גולד 150 מ""ל",משווק: קוסמופארם בעמ,IL,טיטניום גולד ספריי גוף לגבר,מיליליטרים,150.00,"100 מ""ל",false,1,15.90,10.6000,true,1,160961
7290104962745,false,"סקינגארד - ספריי שקוף לעור בהיר מאוד 300 מ""ל SPF30",מיוצר עי : אמיליה קו,IL,"סקין גארד ספריי שקוף SPF30 300 מ""ל",מיליליטרים,300.00,"100 מ""ל",false,1,39.90,13.3000,true,1,169504
7290104963001,true,סופטקר מגבונים עדין,מיוצר עי טרופיקל דגי,IL,"סופט קייר מגבונים לחים בניחוח עדין, 4 יחידות במארז",יחידה,1.00,יחידה,false,1,19.90,19.9000,true,1,176421
7290105360250,false,קפסולות 09 עשיר וארומטי למכונת נספרסו עלית 10יח',הנסיך- מפעל לייצור ט,IL,קפסולות 09 למכונות NESPRESSO,גרמים,50.00,100 גרם,false,1,16.90,33.8000,true,1,155808
7290105362339,false,"שמנת לבישול 15% 250 מ""ל יטבתה מהדרין",שטראוס גרופ,IL,"שמנת לבישול 15% מהדרין 250 מ""ל",מיליליטרים,250.00,"100 מ""ל",false,1,8.60,3.4400,true,1,149966
7290105363602,false,מקלות כיף כף קלאסי עלית 40 גרם,"איי, בי, אינבוו",TR,כיף כף מקלות קלאסי,גרמים,40.00,100 גרם,false,1,5.90,14.7500,true,1,153754
7290105364289,false,מקלות כיף כף פצפוצים עלית 40 גרם,"איי, בי, אינבוו",TR,כיף כף מקלות פצפוצים,גרמים,40.00,100 גרם,false,1,5.90,14.7500,true,1,153755
7290105364302,false,"עלית חטיף שוקולד כיף כף מקלות אגוזים, 40 גרם","איי, בי, אינבוו",TR,כיף כף מקלות אגוזים,גרמים,40.00,100 גרם,false,1,5.90,14.7500,true,1,153756
7290105364678,false,"אקטיביה משקה יוגורט בטעם אפרסק שטראוס 250 מ""ל",מיוצר עי קונדיטוריית,IL,משקה אקטיביה אפרסק 1.2% בודד,מיליליטרים,250.00,"100 מ""ל",false,1,5.90,2.3600,true,1,144810
7290105366023,false,סלט חצילים בטעם כבד אחלה 400 גרם,מיוצר עי קונדיטוריית,IL,חציל בטעם כבד 400 גרם,גרמים,400.00,100 גרם,false,1,15.90,3.9750,true,1,146321
7290105368225,false,חומוס עם פלפל שיפקה אחלה 400 ג',מיוצר עי קונדיטוריית,IL,חומוס עם פלפל שיפקה,גרמים,400.00,100 גרם,false,1,12.20,3.0500,true,1,150865
7290105431868,false,"פלמוליב ספא קוקוס גרגרים נוזלי 500 מ""ל",הנסיך- מפעל לייצור ט,TR,500 מל סבון נוזלי פלמוליב חלב קוקוס,מיליליטרים,500.00,"100 מ""ל",false,1,19.90,3.9800,true,1,161398
7290105432971,false,שקיות נייר קוקי לטוס,Studio Cook BV,GB,קוקי נייר לטוסטר 2 יחידות,Unknown,0.00,Unknown,false,1,14.90,0.0000,true,1,162427
7290105434029,false,"ספיד סטיק - דאודורנט ספריי לגבר נוטרו פאואר 150 מ""ל",הנסיך- מפעל לייצור ט,RU,ספיד סטיק דאודורנט ספריי נוטרו פאוור,מיליליטרים,150.00,"100 מ""ל",false,1,24.70,16.4667,true,1,168296
7290105438539,true,קוקי נייר אפיה 40 יח,אופל אריזות אלומיניו,IL,קוקי נייר אפייה 40 יחידות,Unknown,0.00,Unknown,false,1,8.90,0.0000,true,1,197652
7290105500151,false,וודקה פינלנדיה בקבוק,"אלטיה קורפ, הלסינקי,",FI,"פינלנדיה 700 מ""ל",מיליליטרים,700.00,"100 מ""ל",false,1,74.90,10.7000,true,1,151537
7290105500236,false,וויסקי ג'ק דניאלס מס' 7 Brand No,ג'ק דניאלס Jack Daniel's,US,טנסי וויסקי,מיליליטרים,700.00,"100 מ""ל",false,1,124.90,17.8429,true,1,165350
7290105500953,false,"וויסקי ג'ק דניאלס דבש 700 מ""ל",ג'ק דניאל'ס,BE,ליקר טנסי דבש על בסיס ג'ק דניאל'ס,מיליליטרים,700.00,"100 מ""ל",false,1,124.90,17.8429,true,1,165351
7290105691224,false,אסם חטיפי פריכונים טורטייה שום בצל 60 גרם,"מיוצר ע""י PT, משווק",IL,אסם חטיפי פריכונים טורטיה שום בצל 12*60ג,גרמים,60.00,100 גרם,false,1,7.90,13.1667,true,1,147672
7290105691248,false,אסם חטיפי פריכונים טורטייה תירס 60 גרם,"מיוצר ע""י PT, משווק",IL,אסם חטיפי פריכונים טורטיה תירס 12*60גרם,גרמים,60.00,100 גרם,false,1,7.90,13.1667,true,1,147673
7290105692498,false,הבית עוגת בראוניס כש,"אסם תעשיות בע""מ",IL,הבית עוגת בראוניס כשלפ 430 גרם,גרמים,430.00,100 גרם,false,1,19.90,4.6279,true,1,148989
7290105693341,false,מארז עשיריית במבה אסם 25*10 גרם,"אסם תעשיות בע""מ",IL,מארז במבה 25*10 גרם,גרמים,250.00,100 גרם,false,1,15.90,6.3600,true,1,161648
7290105693952,false,פירורית זהב אסם זהב שומשום 200 ג',מיוצר עי קונדיטוריית,IL,פירורית זהב שומשום 200 גרם,גרמים,200.00,100 גרם,false,1,6.90,3.4500,true,1,149976
7290105694904,false,אבקת מרק פטריות רכיבים טבעיים 220 ג' אסם,"אסם תעשיות בע""מ",IL,אבקת מרק פטריות 220 גרם,גרמים,220.00,100 גרם,false,1,17.90,8.1364,true,1,152750
7290105961181,false,פונץ בננה יטבתה בקבו,מחלבת יטבתה,IL,פונץ' בננה 1 ליטר,ליטרים,1.00,ליטר,false,1,12.90,12.9000,true,1,149978
7290105962980,false,כרוב אדום במיונז 400 ג' אחלה,מיוצר עי קונדיטוריית,IL,כרוב אדום 400,גרמים,400.00,100 גרם,false,1,10.90,2.7250,true,1,174473
7290105962997,false,חצילים אחלה במיונז 400 גר',"שטראוס גרופ בע""מ",IL,חציל במיונז 400 גרם,גרמים,400.00,100 גרם,false,1,10.90,2.7250,true,1,174472
7290105963000,false,סלט מטבוחה 400 ג' אחלה,מיוצר עי קונדיטוריית,IL,מטבוחה 400,גרמים,400.00,100 גרם,false,1,10.90,2.7250,true,1,174468
7290105964564,false,סלט חומוס אחלה 400גר,מיוצר עי קונדיטוריית,IL,סלט חומוס אחלה 400 גרם,גרמים,400.00,100 גרם,false,1,8.90,2.2250,true,1,175561
7290105965738,false,יוגורט לשתיה בטעם תות בננה267 ג' דנונה,מיוצר עי קונדיטוריית,IL,"משקה יוגורט דנונה תות בננה 267מ""ל",מיליליטרים,267.00,"100 מ""ל",false,1,5.30,1.9850,true,1,163273
7290105968654,false,רביולי בטטה פרווה פסטה נונה 400 ג',מיוצר עי קונדיטוריית,IL,רביולי בטטה פרווה 400 EAT GOOD,גרמים,400.00,100 גרם,false,1,19.90,4.9750,true,1,152448
7290105968777,false,פריכיות 5 דגנים עם תחתית שוקולד מריר 70 גרם,"טחנת האבן תעשיות בע""",IL,פריכיות אנרגי תחתית ש.מריר OS,גרמים,70.00,100 גרם,false,1,8.80,12.5714,true,1,156973
7290106520066,false,רבע לשבע במילוי קרם אגוזים ובציפוי שוקולד חלב,הגביע מוצרי וופלים ב,IL,רבע לשבע (ירוק) 160 גר',גרמים,160.00,100 גרם,false,1,12.90,8.0625,true,1,154209
7290106521049,false,אחלה טעמי השוק קוביות סלק 400 גר,מיוצר עי קונדיטוריית,IL,קוביות סלק 400,גרמים,400.00,100 גרם,false,1,15.90,3.9750,true,1,160355
7290106526822,false,פריכיות אורז חום מלא תחתית שוקולד חלב 80 גרם,"טחנת האבן תעשיות בע""",IL,פריכיות אנרגי תחתית שוקולד 80 גרם,גרמים,80.00,100 גרם,false,1,8.80,11.0000,true,1,161649
7290106527386,false,אנרגי פריכיות מצופות שוקולד חלב 70ג,"שטראוס גרופ בע""מ",IL,פריכיות מצופות שוקולד חלב 70 גרם,גרמים,70.00,100 גרם,false,1,8.80,12.5714,true,1,161651
7290106528567,false,"דוריטוס גריל 185 גרם ""עלית""",שטראוס פריטו ליי (מל,IL,דוריטוס גריל 185 גר 12 יח,גרמים,185.00,100 גרם,false,1,8.00,4.3243,true,1,176061
7290106528628,false,"דוריטוס טבעי 185 גרם ""עלית""","שטראוס פריטו ליי בע""",IL,דוריטוס טבעי 185 גרם,גרמים,185.00,100 גרם,false,1,8.00,4.3243,true,1,176062
7290106571792,false,קרחון ענבים ויטמנציק נסטלה,גלידות נסטלה (נגה גל,IL,ויטמינצ'יק קרחון ענבים 48*80גרם,גרמים,80.00,100 גרם,false,1,2.90,3.6250,true,1,155426
7290106574120,false,גומי גם קרחון שרבט עם סוכריות 90 גרם,גלידות נסטלה (נגה גל,IL,גומיגם קרחון שרבט עם סוכריות בפנים42*90ג,גרמים,90.00,100 גרם,false,1,7.00,7.7778,true,1,162029
7290106574793,false,עוגת הבית בטעם שוקו-שוקוצ'יפס 350 ג' אסם,מיוצר עי קונדיטוריית,IL,הבית עוגת שוקו שוקוציפס 8*350גרם,גרמים,350.00,100 גרם,false,1,15.90,4.5429,true,1,159209
7290106574977,false,בייגלה שטוחים כעכים שטוחים עם מלח,מיוצר עי קונדיטוריית,IL,אסם בייגלה שטוחים עם מלח 9*300גרם,גרמים,300.00,100 גרם,false,1,11.90,3.9667,true,1,159211
7290106576971,false,גלידה לה קרמריה שוקולד בלגי 1.4 ל' נסטלה,תות תעשיות מזון (201,IL,לה קרמריה גלידת שוקולד 6*1.4ל,ליטרים,1.40,ליטר,false,1,21.90,15.6429,true,1,162039
7290106577039,false,גלידה לה קרמריה שוקו וניל פליק 1.4 ל' נסטלה,תות תעשיות מזון (201,IL,לה קרמריה שוקו וניל פליק חלבי בדצ 6*1.4ל,לא מנהל יחידת מידה,0.00,לא מנהל יחידת מידה,false,1,21.90,0.0000,true,1,162041
7290106653504,false,סבבה בוטנים אמריקאים ברביקיו 50 גרם,"שטראוס פריטו ליי בע""",IL,בוטנים אמריקאים סבבה בטעם ברביקיו 50 גרם,גרמים,50.00,100 גרם,false,1,2.90,5.8000,true,1,161270
7290106658479,false,עלית וופל בטעם טורטית אגוזים 360גר,"שטראוס גרופ בע""מ",IL,טורטית מגדים 40 גרם,גרמים,40.00,100 גרם,false,1,4.50,11.2500,true,1,176519
7290106663121,false,"עוגה אישית במילוי קרם חלב ""מילקי קייק"" שטראוס",בובארד איטליה אס.פי.,IT,עוגת מילקי CAKE אישית 34 גרם,גרמים,34.00,100 גרם,false,1,3.90,11.4706,true,1,173151
7290106663503,false,יד מרדכי קונפיטורת לייט תות 230 גר,אף.סי תבליני בגליל ב,IL,קונפיטורת תות שדה לייט,גרמים,230.00,100 גרם,false,1,15.70,6.8261,true,1,167775
7290106664067,false,לאבנה עם שמן זית וזעתר 10% שטראוס 400 ג',הדקלאים אגודת שיתופי,IL,גבינת לאבנה 10% שמן זית וזעתר 400 גרם,גרמים,400.00,100 גרם,false,1,17.90,4.4750,true,1,174893
7290106667266,false,"דוריטוס חמוץ חריף 185 גרם ""עלית""",שטראוס פריטו ליי (מל,IL,דוריטוס חמוץ חריף 185 גרם,גרמים,185.00,100 גרם,false,1,8.00,4.3243,true,1,176059
7290106720626,false,צ'יטוס קראנצ' בטעם גבינה - חלבי,"שטראוס פריטו ליי בע""",IL,ציטוס גבינה 80 גר 48 יח רבנות,גרמים,80.00,100 גרם,false,1,4.90,6.1250,true,1,178449
7290106721920,false,צנצנת מסטיק מאסט בטעם ספירמינט עדין 66 ג' עלית,"שטראוס גרופ בע""מ.",IL,"צנצנת ספירמינט לל""ס 66 גרם",גרמים,66.00,100 גרם,false,1,9.90,15.0000,true,1,172843
7290106725867,false,"סירופ מייפל טבעי 189 מ""ל ""יד מרדכי""",קוסלסי פוד,CA,"סירופ מייפל טבעי 189 מ""ל",מיליליטרים,189.00,"100 מ""ל",false,1,34.90,18.4656,true,1,174881
7290107280020,false,מטליות לחות סנו סושי לניקוי כללי שלישיה *50 יח',טרופיקל דגיל- תעשיות,IL,שלישיה מטליות לחות לניקוי כללי,לא מנהל יחידת מידה,0.00,לא מנהל יחידת מידה,false,1,25.60,0.0000,true,1,158509
7290107280341,false,ריצפז מטליות לחות לניקוי הרצפה בניחוח מלון מפנק,"סנו מפעלי ברונוס סע""",IL,ריצפז מטליות לחות מלון מפנק,יחידה,1.00,יחידה,false,1,14.90,14.9000,true,1,190638
7290107280389,false,"סנו - ג'ט מרסס לניקוי בחדר האמבטיה 750 מ""ל","איי, בי, אינבוו",IL,סנו ג'ט אמבטיה מרסס 750 מ''ל,מיליליטרים,750.00,"100 מ""ל",false,1,14.90,1.9867,true,1,161480
7290107280709,false,"סנו ספארק נוזל הברקה למדיח 700 מ""ל","סנו מפעלי ברונוס בע""",IL,נוזל להברקה 700 מל SPARK,מיליליטרים,900.00,"100 מ""ל",false,1,16.90,1.8778,true,1,169792
7290107280716,true,מלח למדיח,"מלח הארץ אילת בע""מ",IL,סנו ספארק מלח למדיח 2 קג,קילוגרמים,2.00,"ק""ג",false,1,12.90,6.4500,true,1,172680
7290107280754,false,נוזל כלים סנו ספארק Spark היפואלרגני פריחת השקד,סנו ספארק,IL,נוזל כלים ספארק שקד 700 מל,מיליליטרים,700.00,"100 מ""ל",false,1,9.90,1.4143,true,1,168924
7290107280815,false,קיי 301 קוטל תיקנים/,"סנו מפעלי ברונוס בע""",IL,צהוב סנו K301 300 מל,מיליליטרים,300.00,"100 מ""ל",false,1,12.90,4.3000,true,1,170419
7290107601658,false,תאורת לד מתג,,,תאורת לד מתג,לא מנהל יחידת מידה,0.00,לא מנהל יחידת מידה,false,1,12.90,0.0000,true,1,185437
7290107646062,false,אבקת מרק בצל רכיבים טבעיים קנור 400 ג',יוניליוור ישראל מזון,IL,מרק בצל,גרמים,400.00,100 גרם,false,1,21.90,5.4750,true,1,182224
7290107646147,false,חטיף דגנים שוגי קורנפלקס שישייה * 26 ג',יוניליוור ישראל מזון,IL,"שוגי חטיף פתיתי תירס קלויים, 156 גרם",גרמים,156.00,100 גרם,false,1,15.90,10.1923,true,1,182242
7290107646826,false,שוגי חטיף פתיתי תירס קלויים בטעם שוקולד,יוניליוור ישראל מזון,IL,"שוגי חטיף פתיתי תירס קלויים בטעם שוקולד, 156 גרם",גרמים,156.00,100 גרם,false,1,15.90,10.1923,true,1,182244
7290107647854,false,"שוגי מופחת סוכר תלמה 500 ג' בד""צ",יוניליוור ישראל מזון,IL,דגני בוקר שוגי בדצ 500 גרם,גרמים,500.00,100 גרם,false,1,24.90,4.9800,true,1,180008
7290107649728,false,גלידה פרווה שוקולד ופרורי עוגיות שטראוס,"גלידת שטראוס בע""מ, ר",IL,"שטראוס בטעמי וניל, שוקו, תות שדה - פרווה 2 ליטר",ליטרים,2.00,ליטר,false,1,33.90,16.9500,true,1,187452
7290107649735,false,"גלידה 5 טעמים תות, לימון, בננה, משמש, פטל 2ל'","גלידת שטראוס בע""מ, ר",IL,"שטראוס בטעמי תות, לימון, בננה, משמש ופטל 2 ליטר",ליטרים,2.00,ליטר,false,1,33.90,16.9500,true,1,187451
7290107649780,false,שלגון שוקובו שוקו 85,"מיוצר ע""י גלידת שטרא",IL,שוקובו שוקו 85 גרם,גרמים,85.00,100 גרם,false,1,10.90,12.8235,true,1,187646
7290107649858,false,טילון מגנוםלבן -גלידת שמנת,"מיוצר ע""י גלידת שטרא",IL,מגנום טילון שוקולד לבן 100 גרם,גרמים,100.00,100 גרם,false,1,10.90,10.9000,true,1,188276
7290107870047,false,"טילון אקסטרים מטבע ענק בראוניז, 115 ג'",תות תעשיות מזון (201,IL,אקסטרים טילון בראוניז מטבע ענק 18*115גרם,גרמים,133.00,100 גרם,false,1,10.50,7.8947,true,1,169058
7290107873970,false,חטיף ביסלי ברביקיו 5,אסם,,"ביסלי ברביקיו כשל""פ 55 גרם",גרמים,55.00,100 גרם,false,1,4.00,7.2727,true,1,175751
7290107879668,false,קרחון לה פרוטה תות 70 ג' נסטלה,המאפיה של הרמן,IL,לה פרוטה תות 36*70גרם,גרמים,70.00,100 גרם,false,1,6.90,9.8571,true,1,175496
7290107879699,false,שלגון לה פרוטה מנגו נסטלה 70ג',המאפיה של הרמן,IL,לה פרוטה מנגו 36*70גרם,גרמים,70.00,100 גרם,false,1,6.90,9.8571,true,1,175497
7290107879712,false,שלגון לה פרוטה פירות אדומים 70 גרם,נסטלה גלידות,IL,שרבט לה פרוטה פירות אדומים 70גרם,גרמים,70.00,100 גרם,false,1,6.90,9.8571,true,1,204340
7290107931397,false,כיף כף פצפוצים במילוי שוקולד 40 גרם,שולן צ'יקולטה גידה ס,TR,כיף כף פצפצים,גרמים,40.00,100 גרם,false,1,5.90,14.7500,true,1,176271
7290107931465,false,אנרגי פריכיות תחתית שוקולד לבן 80 גרם,"שטראוס גרופ בע""מ",IL,פריכיות אנרגי ת.ש. לבן 70ג ווסטהיים,גרמים,70.00,100 גרם,false,1,8.80,12.5714,true,1,175543
7290107932080,false,חלב מועשר יוטבתה בבקבוק 3% 1 ליטר,מחלבת יטבתה,IL,חלב בקבוק 3% מועשר 1 ליטר,ליטרים,1.00,ליטר,false,1,7.90,7.9000,true,1,174827
7290107932134,false,חלב מועשר יוטבתה בבקבוק 1% 1 ליטר,מחלבת יטבתה,IL,חלב בקבוק 1% מועשר 1 ליטר,ליטרים,1.00,ליטר,false,1,7.90,7.9000,true,1,174828
7290107933643,false,"משקה חלב עם דגנים ובננה 250 מ""ל יוטבתה",מחלבת יטבתה,IL,"ארוחה קטנה בבקבוק בננה לל""ג",מיליליטרים,250.00,"100 מ""ל",false,1,5.00,2.0000,true,1,176050
7290107936460,false,מארז 8 יח' דנכול משקה יוגורט בטעם מעודן,מיוצר עי קונדיטוריית,IL,מארז 8 דנכול בטעם מעודן,גרמים,800.00,100 גרם,false,1,32.90,4.1125,true,1,176085
7290107936958,false,עד חצות ביסקוויט אצבעות שוקולד 125 גרם,הדקלאים אגודת שיתופי,FR,ביסקוויט עד חצות אצבעות 125 גרם,גרמים,125.00,100 גרם,false,1,14.90,11.9200,true,1,180243
7290107937627,false,מסטיק מאסט Must קוביות ללא סוכר בטעם מנטה עדינה,אסקום קונפקשיין,IL,צנצנת קוביות מנטה עדינה 58 גרם,גרמים,58.00,100 גרם,false,1,9.90,17.0690,true,1,177076
7290107937634,false,צנצנית מסטיק מאסט קוביות פפירמינט 58 ג' עלית,אסקום קונפקשיין,IL,צנצנת קוביות מנטה 58 גרם,גרמים,58.00,100 גרם,false,1,9.90,17.0690,true,1,177057
7290107937641,false,מסטיק בצנצנת קוביות בזוקה 58 ג',אסקום קונפקשיין,IL,צנצנת קוביות בזוקה 58 גרם,גרמים,58.00,100 גרם,false,1,9.90,17.0690,true,1,177078
7290107938396,false,"אקטימל משקה פרוביוטי תות 100X8 מ""ל",מיוצר עי קונדיטוריית,IL,אקטימל שמיניה תות,מיליליטרים,864.00,"100 מ""ל",false,1,20.90,2.4190,true,1,176525
7290107942355,false,תפוציפס מקלות בטעם טבעי 60 גרם,"שטראוס פריטו ליי בע""",IL,תפו מקלות טבעי 60 גר 56 יח,גרמים,60.00,100 גרם,false,1,3.90,6.5000,true,1,177222
7290107943369,false,קוואקר שיבולת שועל ללא גלוטן 511 גרם,היידי שוקולד בירונטי,US,קוואקר שיבולת שועל ללא גלוטן 511 גרם,גרמים,511.00,100 גרם,false,1,19.90,3.8943,true,1,180070
7290107944243,false,אפיפיות בטעם שוקולד 200 גרם כשר לפסח,"שטראוס גרופ בע""מ",IL,אפיפיות בטעם שוקולד 200 גרם,גרמים,200.00,100 גרם,false,1,8.90,4.4500,true,1,179987
7290107944472,false,סימפוניה גבינה במרקם שמנת 5% שום שמיר,"שטראוס בריאות בע""מ",IL,סימפוניה שום שמיר 5%,גרמים,200.00,100 גרם,false,1,11.90,5.9500,true,1,177232
7290107945165,false,קונפיטורת יד מרדכי משמש 340 גר,אף.סי תבליני בגליל ב,IL,קונפיטורה משמש 340 גרם יד מרדכי,גרמים,340.00,100 גרם,false,1,14.90,4.3824,true,1,177887
7290107950190,false,מעדן חלב דל קלוריות בטעם שוקולד מריר 0.5% שומן,מיוצר עי קונדיטוריית,IL,מעדן שטראוס דיאט מריר,גרמים,130.00,100 גרם,false,1,3.50,2.6923,true,1,177097
7290107951104,false,בפלות ופלים ארוכים בטעם שוקולד,"א.ג. גילרו בע""מ",IL,בפלות שוקולד 200 גרם,גרמים,200.00,100 גרם,false,1,5.10,2.5500,true,1,177275
7290107951715,false,צנצנת מסטיק מאסט קוביות בטעם ענבים 58 ג' עלית,אסקום קונפקשיין,IL,צנצנת קוביות ענבים 58 גרם,גרמים,58.00,100 גרם,false,1,9.90,17.0690,true,1,177881
7290107953559,false,קפה טורקי עלית לדרך שקיות 24X7ג',הנסיך- מפעל לייצור ט,IL,מארז טורקי לדרך 168 גר,גרמים,200.00,100 גרם,false,1,19.90,9.9500,true,1,182208
7290107956901,true,קפסולות אגוזי לוז למ,הנסיך- מפעל לייצור ט,IL,קפסולות אגוזי לוז למכונות NESPRESSO,לא מנהל יחידת מידה,0.00,לא מנהל יחידת מידה,false,1,16.90,0.0000,true,1,182871
7290107956925,true,קפסולות קפה אספרסו 1,הנסיך- מפעל לייצור ט,IL,קפסולות 13 אוגנדה למכונות NESPRESSO,לא מנהל יחידת מידה,0.00,לא מנהל יחידת מידה,false,1,16.90,0.0000,true,1,185119
7290107957991,false,מילקי CAKE מיניס קרם חלב בציפוי שוקולד חלב שקית 16X9ג',בובארד איטליה אס.פי.,IT,מילקי מינייס,גרמים,144.00,100 גרם,false,1,14.90,10.3472,true,1,184489
7290107973014,false,"סבון ידיים חלב ודבש 330 מ""ל ""פלמוליב""",הנסיך- מפעל לייצור ט,TR,"פלמוליב סבון ידיים חלב ודבש 300 מ""ל",מיליליטרים,300.00,"100 מ""ל",false,1,9.90,3.3000,true,1,179384
7290107973038,false,"סבון ידיים אקווריום 330 מ""ל ""פלמוליב""",הנסיך- מפעל לייצור ט,TR,פלמוליב סבון ידיים אקווריום 300 מל,מיליליטרים,300.00,"100 מ""ל",false,1,9.90,3.3000,true,1,179383
7290107973311,false,קולגייט מברשת שיניים 360 פחם זהב זוג,הנסיך- מפעל לייצור ט,CN,קולגייט 360 מברשת שיניים גולד 2 יח',לא מנהל יחידת מידה,0.00,לא מנהל יחידת מידה,false,1,33.90,0.0000,true,1,176302
7290107973557,true,ליידי ספריי אלוורה,הנסיך- מפעל לייצור ט,RU,לסס דאורדורנט ספריי אלוורה 150 מל,Unknown,0.00,Unknown,false,1,23.90,0.0000,true,1,185146
7290107973809,false,שימורי עגבניות קוביות 400 ג' מאסטר שף,פראנו אריקו ופיגלי ס,IT,מאסטר שף קוביות עגבניות איטלקיות 400 גרם,גרמים,400.00,100 גרם,false,1,6.20,1.5500,true,1,176718
7290107974073,false,מנה עלי טורטיה קמח לבן מ.שף 20 סמ 320 גר,אלקאטי קורביישיסי גי,ES,מאסטר שף עלי טורטיה קמח לבן 320 גר,גרמים,320.00,100 גרם,false,1,10.90,3.4063,true,1,176434
7290107974080,false,מנה עלי טורטיה קמח לבן מ.שף 25 סמ 840 גר,הדקלאים אגודת שיתופי,TR,מאסטר שף עלי טורטייה קמח חיטה 756 גרם,גרמים,840.00,100 גרם,false,1,19.90,2.3690,true,1,176435
7290107977456,false,"פלמוליב - ג'ל רחצה ושמפו ספורט לגבר 750 מ""ל",קולגייט פלמוליב,TR,"פלמוליב סבון נוזלי ספורט לגבר 750 מ""ל",מיליליטרים,750.00,"100 מ""ל",false,1,21.90,2.9200,true,1,190279
7290108200225,true,וניש גולד אבקה ורוד,השחר,IT,מסיר כתמים אבקה וניש קליה 470 גרם,גרמים,470.00,100 גרם,false,1,17.90,3.8085,true,1,174354
7290108350128,false,סנו סושי שקיות אשפה חזקות במיוחד 40 יח',מיוצר עי קונדיטוריית,IL,שקית אשפה חזקה סנו סושי 40 יח,Unknown,0.00,Unknown,false,1,25.90,0.0000,true,1,169793
7290108350210,false,סנו סושי 30 שקיות אשפה XL חזקות במיוחד,מיוצר עי קונדיטוריית,IL,סנו סושי 30 שקיות אשפה XL חזקות במיוחד,לא מנהל יחידת מידה,0.00,לא מנהל יחידת מידה,false,1,26.90,0.0000,true,1,175198
7290108350531,false,סנו ספארק נוזל כלים בניחוח קלאסי עם משאבה 1 ל',מיוצר עי קונדיטוריית,IL,ספארק משאבה קלאסי 1ל,ליטרים,1.00,ליטר,false,1,11.90,11.9000,true,1,174060
7290108350548,false,סנו ספארק נוזל כלים בניחוח לבנדר עם משאבה 1 ל',מיוצר עי קונדיטוריית,IL,סנו נוזל לניקוי כלים בניחוח לבנדר עדין 1 ליטר,ליטרים,1.00,ליטר,false,1,11.90,11.9000,true,1,174061
7290108350555,false,נוזל כלים סנו ספארק Spark היפואלרגני פריחת השקד,סנו ספארק,IL,נוזל כלים סנו ספארק עור רגיש 1ליטר משאבה,ליטרים,1.00,ליטר,false,1,11.90,11.9000,true,1,174062
7290108350654,false,"כיף פיות תרסיס להתרת קשרים 350 מ""ל",קוסמופארם בע''מ,IL,כיף תרסיס להתרת קשרים 350 מל,מיליליטרים,350.00,"100 מ""ל",false,1,23.90,6.8286,true,1,176446
7290108351149,false,סנו - ג'ט לניקוי כללי ורצפות בתוספת אבקת סודה 1.5 ליטר,"סנו מפעלי ברונוס בע""",IL,ג'ט פלוס סודה 1.5 ליטר,ליטרים,1.50,ליטר,false,1,15.90,10.6000,true,1,177431
7290108351156,false,סנו - ג'ט לניקוי כללי ורצפות בתוספת חומץ 1.5 ליטר,"סנו מפעלי ברונוס בע""",IL,ג'ט פלוס חומץ 1.5 ליטר,ליטרים,1.50,ליטר,false,1,15.90,10.6000,true,1,177430
7290108351552,false,"סנו - ג'ט לניקוי כללי בתוספת חומץ בניחוח לבנדר 750 מ""ל","סנו מפעלי ברונוס בע""",IL,גט לניקוי כללי - בתוספת חומץ לניקוי והברקה בקלות,מיליליטרים,750.00,"100 מ""ל",false,1,13.90,1.8533,true,1,180702
7290108351699,false,סנו - ג'ט מטליות לחות לניקוי כללי בתוספת חומץ לבנדר שלישיה,סנו מפעלי ברונוס על,IL,מגבונים גט + חומץ מא,לא מנהל יחידת מידה,0.00,לא מנהל יחידת מידה,false,1,22.90,0.0000,true,1,184566
7290108351842,false,"מקסימה בושם מרוכז לכביסה FOREVER כחול 600מ""ל","איי, בי, אינבוו",IL,מקסימה HORIZON בושם לכביסה 600 מל,לא מנהל יחידת מידה,0.00,לא מנהל יחידת מידה,false,1,22.90,0.0000,true,1,186493
7290108351910,false,סנו ספארק טבליות למדיח 30 יח',גרופה אינקו,PL,טבליות למדיח 30 יחידות,לא מנהל יחידת מידה,0.00,לא מנהל יחידת מידה,false,1,25.90,0.0000,true,1,186502
7290108351996,true,מתז בייבי לחיטוי וני,"סנו מפעלי ברונוס בע""",IL,סנו מחטא ומשמיד חיידקים עוצמתי 750 מל,Unknown,0.00,Unknown,false,1,16.90,0.0000,true,1,188107
7290108352009,false,סנו ספארק קפסולות למדיח כלים 50 יח',טרופיקל דגיל תעשיות,PL,סנו ספארק 50 קפסולות למדיח,לא מנהל יחידת מידה,0.00,לא מנהל יחידת מידה,false,1,39.90,0.0000,true,1,191573
7290108352061,false,משחת שיניים 145ג 'אורביטול Charcoal Go White,אורביטול,IL,אורביטול משחת שיניים פחם פעיל 145 גרם,גרמים,145.00,100 גרם,false,1,15.90,10.9655,true,1,206922
7290108352092,false,משחת שיניים אורביטול פרוטקטיב סולט בטעם מנטה,ג'נרל מילס סאן אדריא,IL,אורביטול משחת שיניים מלח 145 גרם,גרמים,145.00,100 גרם,false,1,18.90,13.0345,true,1,200417
7290108352214,false,סנו - מקסימה קפסולות כביסה בניחוח בריזה מרעננת 40 יח',טרופיקל דגיל תעשיות,IL,סנו מקסימה קפסולות לכביסה 40 יח,יחידה,1.00,יחידה,false,1,39.90,39.9000,true,1,200172
7290108352221,false,סנופרש הום מבשם נוזלי בניחוח מלון מפנק,סנו מפעלי ברונוס בעמ,IL,מבשם לבית בניחוח מלון מפנק 350 מל,מיליליטרים,350.00,"100 מ""ל",false,1,15.90,4.5429,true,1,192266
7290108352269,false,סנו מטליות לחיטוי ולניקוי בדלי 400 יחידו,החברה הדרומית,IL,דלי מטליות לחיטוי וניקוי 99.9%,יחידה,1.00,יחידה,false,1,31.90,31.9000,true,1,191823
7290108352320,false,"מבשם אויר סנו פרש הום בניחוח כותנה מלטפת 350 מ""ל",מיוצר עי קונדיטוריית,IL,"סנו פרש הום מלון בוטיק 350 מ""ל",מיליליטרים,350.00,"100 מ""ל",false,1,15.90,4.5429,true,1,192267
7290108352344,false,"פרש מבשם אויר אוטומטי בניחוח לבנדר סנו 250 מ""ל",מיוצר עי קונדיטוריית,IL,מבשם לבית בניחוח מלון בוטיק 250 מל,מיליליטרים,250.00,"100 מ""ל",false,1,17.90,7.1600,true,1,192268
7290108352399,false,ריצפז פרש הום בניחוח מרכך כביסה פלורל טאצ',"סנו מפעלי ברונוס בע""",IL,ריצפז פרש הום מרכך כביסה מקסימה פלורל 2,ליטרים,2.00,ליטר,false,1,21.90,10.9500,true,1,204692
7290108352450,false,ריצפז פרש הום בניחוח מרכך כביסה בלו בלוסום,סנו מפעלי ברונוס בעמ,IL,רצפז פרש הום 2ל מרכך כביסה,ליטרים,2.00,ליטר,false,1,21.90,10.9500,true,1,194350
7290108352498,false,מכשיר אוטומטי מעוצב ואלגנטי עם מילוי מלון בוטיק סנו פרש,"יצרן מכשיר: זובלה,",IL,סנו פרש מכשיר אוטומטי + מילוי מלון בוטיק,לא מנהל יחידת מידה,0.00,לא מנהל יחידת מידה,false,1,44.90,0.0000,true,1,202167
7290108352627,false,סנו סושי מפות ניילון שקופה בגליל,"סנו מפעלי ברונו בע""מ",IL,מפת ניילון שקופה סנו,לא מנהל יחידת מידה,0.00,לא מנהל יחידת מידה,false,1,14.90,0.0000,true,1,184564
7290108352689,false,סנו סושי כריות קרצוף ללכלוך קשה 9 יח',טרופיקל דגיל תעשיות,US,"סנו סושי - 9 כריות קרצוף ללכלוך קשה (24X9 ס""מ)",לא מנהל יחידת מידה,0.00,לא מנהל יחידת מידה,false,1,9.90,0.0000,true,1,176455
7290108352801,false,"שקיות אשפה S לפחים קטנים 56*45 ס""מ בניחוח עדין","סנו מפעלי ברונוס בע""",IL,שקיות אשפה לפחים קטנים,לא מנהל יחידת מידה,0.00,לא מנהל יחידת מידה,false,1,21.90,0.0000,true,1,183968
7290108352818,false,מטלית במבוק לניקוי דוחה ריחות רעים,טרופיקל דגיל תעשיות,CN,סנו סושי מטלית במבוק לניקוי,לא מנהל יחידת מידה,0.00,לא מנהל יחידת מידה,false,1,7.90,0.0000,true,1,186495
7290108352849,false,שלישיית מטליות הפלא לניקוי כללי דקור סנו סושי,טרופיקל דגיל תעשיות,IL,סנו סושי- מטלית הפלא 3 יח,יחידה,1.00,יחידה,false,1,14.90,14.9000,true,1,201061
7290108352900,false,"סנו סושי מגבות נייר בגליל כפול, 6 יחידות",סנו מפעלי ברונוס בעמ,IL,"מגבות הפלא גליל כפול- מגבות עבות, חזקות וסופגות",לא מנהל יחידת מידה,0.00,לא מנהל יחידת מידה,false,1,21.90,0.0000,true,1,189055
7290108353044,false,תב.אפייה מנייר סנו סושי מאפינס גדול 24 י,מיוצר עי קונדיטוריית,CN,תבניות אפייה מנייר L,יחידה,1.00,יחידה,false,1,10.90,10.9000,true,1,192641
7290108353068,false,ספוג הפלא נירוסטה עם סיבי קירצוף סנו סושי 2 יח',מיוצר עי קונדיטוריית,IL,כרית קרצוף עם סיבי נירוסטה,יחידה,1.00,יחידה,false,1,10.90,10.9000,true,1,191259
7290108353075,true,מפיות אירוח איכותיות,האנק טישו,PL,מפיות אירוח איכותיות 40*40,יחידה,1.00,יחידה,false,1,10.90,10.9000,true,1,188108
7290108353099,false,ממחטות אף במארז ניילון סנו סופט 5 יח' * 100 דף,טרופיקל דגיל תעשיות,IL,סנו סופט - 500 ממחטות אף דו שכבתיות נשלפות אחת אחת,יחידה,1.00,יחידה,false,1,15.90,15.9000,true,1,189970
7290108353440,false,אורביטול מברשות שיניים נאנו לחניכיים 2יח,החברה הדרומית,CN,"מברשת שיניים אורביטול 12,000 סיבים זוג",יחידה,1.00,יחידה,false,1,29.90,29.9000,true,1,203206
7290108353525,false,סנו סושי - תבניות אלומיניום עם ידיות אחיזה,קריניסה ויטמין אס אי,CN,סנו סושי תבניות אלומיניום L עם ידית - 4,יחידה,1.00,יחידה,false,1,11.90,11.9000,true,1,190790
7290108353532,false,"שקיות אשפה נשלפות עם שרוך 65*54 ס""מ L",סנו סושי,IL,שקיות אשפה סנו סושי עם שרוך - 100 יח,יחידה,1.00,יחידה,false,1,29.90,29.9000,true,1,199439
7290108353549,false,נייר אפייה סנו סושי 100 יח,"טופ פלסט 2002 בע""מ",IL,"סנו סושי נייר אפייה, 100 יחידות, 38X42 סמ",יחידה,1.00,יחידה,false,1,19.90,19.9000,true,1,190791
7290108353648,false,סנו סושי - שקיות אוכל מנייר 70 יחידות,"אשפלסט תעשיות בע""מ",TR,סנו סושי 70 שקיות אוכל מנייר + מדבקות במ,יחידה,1.00,יחידה,false,1,11.90,11.9000,true,1,192847
7290108353679,false,סנו סושי – ניילון שקופות 10 מפות,מיוצר עי קונדיטוריית,IL,סנו סושי - מפות ניילון שקופות נפתחות בקלות 10 יח,לא מנהל יחידת מידה,1.00,לא מנהל יחידת מידה,false,1,14.90,14.9000,true,1,191572
7290108353778,false,"נקה 7 - תחליב רחצה שוודיה בניחוח פיטנגו 750 מ""ל","אמיליה קוסמטיקס בע""מ",IL,נקה 7 תחליב רחצה שוודיה בניחוח פיטנגו 750 מל,מיליליטרים,750.00,"100 מ""ל",false,1,11.90,1.5867,true,1,192849
7290108353990,false,"קרמה - קרם גוף קרמה מאסק 500 מ""ל",טרופיקל דגיל תעשיות,IL,קרמה קרם גוף מאסק 500 מל,מיליליטרים,500.00,"100 מ""ל",false,1,24.90,4.9800,true,1,194351
7290108354065,false,קרמה מן גל רחצה פילינג 700 מל לגבר,קוסמופארם בע''מ,IL,קרמה מן גל רחצה פילינג 700 מל,מיליליטרים,700.00,"100 מ""ל",false,1,18.90,2.7000,true,1,204694
7290108354164,false,"כיף שלישיית אל סבון מועשר בשמנים 500X3 מ""ל",טרופיקל דגיל תעשיות,IL,כיף שלישיית אל סבון קטיפתי מועשר בשמנים עם משאבה.,ליטרים,1.50,ליטר,false,1,18.90,12.6000,true,1,194442
7290108354263,false,אורביטול גוניור משחת שיניים חד קרן 70גרם,טרופיקל דגיל קוסמטיק,IL,אורביטול קידס 6+ חד קרן 70גרם,גרמים,70.00,100 גרם,false,1,9.90,14.1429,true,1,194355
7290108354355,false,סנו מגבוני היגיינים לניקוי הידיים 70 % אלכוהול 20 יח',דן - מור חומרי טבע ו,IL,מגבונים היגיינים לניקוי הידיים 20 יח,יחידה,1.00,יחידה,false,1,11.90,11.9000,true,1,192846
7290108354430,false,"שמפו כיף לשיקום והזנה שמן קוקוס וקרטין 700 מ""ל",קוסמופארם בעמ,IL,שמפו כיף שמן קוקוס וקרטין 700מל,מיליליטרים,700.00,"100 מ""ל",false,1,12.90,1.8429,true,1,194348
7290108354447,false,"מרכך כיף לשיקום והזנה שמן קוקוס וקרטין 700 מ""ל",גוד פוד פרודקטס S.p,IL,מרכך כיף שמן קוקוס וקרטין 700מל,מיליליטרים,700.00,"100 מ""ל",false,1,12.90,1.8429,true,1,194349
7290108354751,false,"סנו - ג'ט מרסס לניקוי כללי בתוספת אבקת סודה 750 מ""ל","סנו מפעלי ברונוס בע""",IL,סנו ג'ט לניקוי כללי בתוספת אבקת סודה 750 מל,מיליליטרים,750.00,"100 מ""ל",false,1,13.90,1.8533,true,1,185895
7290108354768,false,"קרמה קרם גוף דבש 500 מ""ל",מיוצר בסין.יבוא ושיו,IL,"קרם גוף קרמה דבש 500 מ""ל",מיליליטרים,500.00,"100 מ""ל",false,1,24.90,4.9800,true,1,203207
7290108354829,false,"קרמה - קרם ידיים ורד הוניל 100 מ""ל",קוסמופארם,IL,קרמה קרם ידיים 100 מל ורד ווניל,מיליליטרים,100.00,"100 מ""ל",false,1,9.90,9.9000,true,1,192939
7290108354973,false,"סבון ידיים קרמה ורד ווניל 300 מ""ל",טרופיקל דגיל תעשיות,IL,קרמה סבון ידיים ורד ווניל 300 מל,Unknown,0.00,Unknown,false,1,10.00,0.0000,true,1,192941
7290108355178,false,"קרמה - קרם ידיים חמאת שיאה וקוקוי 100 מ""ל",החברה הדרומית,IL,קרמה קרם ידיים 100 מל חמאת שיאה,Unknown,0.00,Unknown,false,1,9.90,0.0000,true,1,192943
7290108356113,false,"כיף תחליב רחצה דבש 700 מ""ל-מרכז",קוסמופארם בעמ,IL,"כיף תחליב רחצה חלב ודבש, 700 מל",מיליליטרים,700.00,"100 מ""ל",false,1,12.90,1.8429,true,1,185905
7290108356168,false,"כיף - תחליב רחצה אוקיינוס 700 מ""ל",גוד פוד פרודקטס S.p,IL,"כיף תחליב רחצה אוקיינוס, 700 מל",מיליליטרים,700.00,"100 מ""ל",false,1,12.90,1.8429,true,1,185907
7290108356229,false,ג'ל גילוח לכל סוגי העור מועשר בפחם פעיל,טרופיקל דגיל תעשיות,TR,קרמה מן ג'ל גילוח קרבון 200 מל,מיליליטרים,200.00,"100 מ""ל",false,1,11.90,5.9500,true,1,191895
7290108356342,false,"גל ידיים סנו מדיק 500 מ""ל",גוד פוד פרודקטס S.p,IL,סנו ג'ל נ.ידיים ללא בישום 500 מל',מיליליטרים,500.00,"100 מ""ל",false,1,29.90,5.9800,true,1,194546
7290108357189,false,"מבשם ומרכך למייבש הכביסה מקסימה פלורל 750 מ""ל סנו","סנו מפעלי ברונוס בע""",IL,מבשם מקסימה למייבש FLORAL TOUCH,יחידה,1.00,יחידה,false,1,18.90,18.9000,true,1,190792
7290108357233,false,סנוקליר מטליות לחות לניקוי והברקה 50יח,סנו קליר,IL,מגבונים לחים לניקוי חלונות סנו קליר 50 ד,יחידה,1.00,יחידה,false,1,11.90,11.9000,true,1,204706
7290108357707,false,"כיף שמפו לשיער רגיל- תפוח זרעי צ'יה 700 מ""ל",גוד פוד פרודקטס S.p,IL,כיף שמפו לשיער רגיל תפוח זרעי ציה 700 מ,מיליליטרים,700.00,"100 מ""ל",false,1,12.90,1.8429,true,1,186766
7290108357769,false,"מרכך לשיער רגיל תפוח וזרעי צ'יה 700 מ""ל כיף",גוד פוד פרודקטס S.p,IL,כיף מרכך לשיער רגיל תפוח זרעי ציה 700 מ,מיליליטרים,700.00,"100 מ""ל",false,1,12.90,1.8429,true,1,186767
7290108358070,false,"תחליב רחצה קרמה קלאסי 700 מ""ל",גוד פוד פרודקטס S.p,IL,קרמה תחליב רחצה קלאסי 700 מל,מיליליטרים,700.00,"100 מ""ל",false,1,18.90,2.7000,true,1,200701
7290108358087,false,"תחליב רחצה קרמה מאסק 700 מ""ל",גוד פוד פרודקטס S.p,IL,קרמה תחליב רחצה מאסק 700 מל,מיליליטרים,700.00,"100 מ""ל",false,1,18.90,2.7000,true,1,200700
7290108359077,false,סנו - סופט לושן ממחטות אף בקופסא 3 שכבות 120 יח',סנו סופט Soft,IL,סופט לושן ממחטות אף 120 יחידות,יחידה,1.00,יחידה,false,1,13.90,13.9000,true,1,204714
7290108359824,false,"כיף - בייבי כיף קרם 500 מ""ל",קוסמופארם בעמ,IL,"לעור רגיש, 500 מל",מיליליטרים,500.00,"100 מ""ל",false,1,25.90,5.1800,true,1,185904
7290108359855,false,"שמפו אל דמע בייבי כיף+משאבה 750 מ""ל",גוד פוד פרודקטס S.p,IL,"בייבי כיף שמפו אל דמע, 750 מל",מיליליטרים,750.00,"100 מ""ל",false,1,18.90,2.5200,true,1,185902
7290108359879,false,"אלסבון בייבי כיף+משאבה 750 מ""ל",קוסמופארם בעמ,IL,"בייבי כיף אל סבון 24 שעות לחות, 750 מל",מיליליטרים,750.00,"100 מ""ל",false,1,18.90,2.5200,true,1,185900
7290108509267,false,ארוחת פסטה עם רוטב גבינה 206 גרם,הנסיך- מפעל לייצור ט,UA,פסטה עם רוטב גבינה 206 גרם,גרמים,206.00,100 גרם,false,1,9.90,4.8058,true,1,203658
7290108895049,false,כובע מגבת גבר,אימפופיקס,,כובע מגבת גבר,לא מנהל יחידת מידה,0.00,לא מנהל יחידת מידה,false,1,17.90,0.0000,true,1,187113
7290109351209,false,שלגון לה פרוטה אננס תפוז נסטלה 70ג',תות תעשיות מזון (201,IL,קרחון שרבט לה פרוטה אננס תפוז 70 גרם,גרמים,70.00,100 גרם,false,1,6.90,9.8571,true,1,175501
7290109353494,false,פסטה פרפקטו פארפאלה 500ג' אסם,אסם פרפקטו Perfecto,IT,פרפקטו פסטה פארפלה 12*500גרם,גרמים,500.00,100 גרם,false,1,7.90,1.5800,true,1,176639
7290109355504,false,שלגון וניל במילוי נוגט קראנץ 100 גרם,נטו מלינדה-בשר,IL,נסטלה קראנץ ונל.ליבת נגט.שקלד.לבן28*100ג,גרמים,100.00,100 גרם,false,1,10.50,10.5000,true,1,177308
7290109358482,false,עוגיות קרמוגית במילוי קרם בטעם חלבה,היינץ צפון אמריקה מק,IL,אסם קרמוגית במילוי חלבה 12*200גרם,גרמים,200.00,100 גרם,false,1,11.90,5.9500,true,1,186537
7290109580104,false,זוגלובק פרימיום רוסטביף 150 גרם,זוגלובק,IL,רוסטביף זוגלובק פרימיום 150 גרם,גרמים,150.00,100 גרם,false,1,25.90,17.2667,true,1,201450
7290109580111,false,"צלעות אסאדו מעושנות פרימיום, 120 גרם",זוגלובק,IL,צלעות אסאדו מעושנות פרימיום 120 גרם,גרמים,120.00,100 גרם,false,1,23.90,19.9167,true,1,204397
7290109580449,false,סלמי בטעם כמהין פרימיום 180 ג' זוגלובק,זוגלובק,IL,סלמי בטעם כמהין פרימיום 180 גרם,גרמים,180.00,100 גרם,false,1,25.90,14.3889,true,1,205409
7290109920757,true,הפי מרוכז ורדים,קרלו,BE,"hepi יעקבי, מרכך כביסה סופר מרוכז, ורדים, 1 ליטר",Unknown,0.00,Unknown,false,1,12.90,0.0000,true,1,197702
7290110059712,false,רחפן משיכה עם סוכריו,,,רחפן משיכה עם סוכריות קשות מניונים יחיד,לא מנהל יחידת מידה,0.00,לא מנהל יחידת מידה,false,1,5.90,0.0000,true,1,179988
7290110110369,false,שישיית בירה קרלסברג LUMA בקבוק 330 מל,מבשלות בירה בינלאומי,IL,"קרלסברג LUMA שישייה 330 מ""ל",ליטרים,1.98,ליטר,false,6,49.90,25.2020,true,1,192245
7290110110635,false,ספרייט 0.5 ליים חייב פקדון,החברה המרכזית לייצור,IL,"ספרייט בקבוק 500 מ""ל",מיליליטרים,500.00,"100 מ""ל",false,1,7.50,1.5000,true,1,182121
7290110110659,false,"ספרייט לימון ליים פחית 330מ""ל",החברה המרכזית לייצור,IL,"סליק ספרייט LIME 330 מ""ל מבצע",מיליליטרים,330.00,"100 מ""ל",false,1,5.90,1.7879,true,1,182120
7290110113421,false,"בירה מעוננת קרלסברג luma 330 מ""ל",מבשלות בירה בינלאומי,IL,קרלסברג LUMA בק 330 בודד,מיליליטרים,330.00,"100 מ""ל",false,1,9.90,3.0000,true,1,192246
7290110113902,false,בירה טובורג פחית סלי,מבשלות בירה בינלאומי,IL,"טובורג רד פחית 330 מ""ל",מיליליטרים,330.00,"100 מ""ל",false,1,7.90,2.3939,true,1,202731
7290110114787,false,נביעות+ מים מינרליים בטעם תפוח 1.5 ליטר,נביעות טבע הגליל בעמ,IL,נביעות+ בטעם תפוח 1.5 ליטר,ליטרים,1.50,ליטר,false,1,9.90,6.6000,true,1,203548
7290110114794,false,נביעות+ מים מינרליים בטעם אפרסק 1.5 ליטר,"נביעות טבע הגליל בע""",IL,נביעות + בטעם אפרסק 1.5 ליטר,ליטרים,1.50,ליטר,false,1,9.90,6.6000,true,1,203549
7290110114831,false,מים בטעם רכיבי פרי אננס 1.5 ל' נביעות,"נביעות טבע הגליל בע""",IL,נביעות + פרי בטעם אננס 1.5 ליטר,ליטרים,1.50,ליטר,false,1,10.90,7.2667,true,1,203553
7290110114855,false,"נביעות מים מינרליים, שישיה 6 * 1.5 ליטר פקדון",נביעות טבע הגליל בעמ,IL,6 נביעות 1.5 ליטר,ליטרים,9.00,ליטר,false,6,13.90,1.5444,true,1,203555
7290110114961,false,משקה קל תפוזים פריגת 1.5 ליטר,מבשלות בירה בינלאומי,IL,"פריגת תפוזים, 1.5 ליטר",ליטרים,1.50,ליטר,false,1,9.90,6.6000,true,1,203562
7290110114985,false,משקה קל אשכולית פריגת 1.5 ליטר,מבשלות בירה בינלאומי,IL,פריגת בטעם אשכוליות 1.5 ליטר,ליטרים,1.50,ליטר,false,1,9.90,6.6000,true,1,203564
7290110115005,false,משקה קל ענבים פריגת 1.5 ליטר,מבשלות בירה בינלאומי,IL,משקה קל פירות ענבים תפוחים,ליטרים,1.50,ליטר,false,1,9.90,6.6000,true,1,203566
7290110115029,false,"פריגת משק""ל תפוח 1.5 ליטר פיקדון",מבשלות בירה בינלאומי,IL,פריגת בטעם תפוחים 1.5 ליטר,ליטרים,1.50,ליטר,false,1,9.90,6.6000,true,1,203568
7290110115036,false,פריגת מנגו 1.5 ליטר פיקדון,מבשלות בירה בינלאומי,IL,"משק""ל מנגו 1.5 ליטר",ליטרים,1.50,ליטר,false,1,9.90,6.6000,true,1,203569
7290110115043,false,פריגת לימונענע 1.5 ליטר פיקדון,מבשלות בירה בינלאומי,IL,משקה קל פירות לימונענע,ליטרים,1.50,ליטר,false,1,9.90,6.6000,true,1,203570
7290110115050,false,פריגת מיקס תות בננה 1.5 ליטר פיקדון,מבשלות בירה בינלאומי,IL,פריגת טעם תות בננה 1.5 ליטר,ליטרים,1.50,ליטר,false,1,9.90,6.6000,true,1,203571
7290110115319,false,פאנטה אקזוטיק 1.5 ליטר פיקדון,החברה המרכזית לייצור,IL,פאנטה אקזוטיק 1.5 ליטר,ליטרים,1.50,ליטר,false,1,8.90,5.9333,true,1,203594
7290110115364,false,שישייה קוקה קולה 1.5 ליטר פיקדון,החברה המרכזית לייצור,IL,קוקה קולה שישיות 1.5 ליטר,ליטרים,9.00,ליטר,false,6,49.90,5.5444,true,1,203598
7290110115449,false,אייס תה בטעם מנגו אננס 1.5ל' FUZE TEA,מבשלות בירה בינלאומי,IL,פיוזטי מנגו אננס 1.5 ליטר,ליטרים,1.50,ליטר,false,1,9.90,6.6000,true,1,203606
7290110115456,false,"תה קר בטעם אפרסק 19 קלוריות ב- 100 מ""ל",מבשלות בירה בינלאומי,IL,FUZE tea אפרסק 19 קל' 1.5 ליטר,ליטרים,1.50,ליטר,false,1,9.90,6.6000,true,1,203607
7290110115463,false,פיוז טי אפרסק 1.5 ליטר פיקדון,מבשלות בירה בינלאומי,IL,פיוזטי אפרסק 1.5 ליטר,ליטרים,1.50,ליטר,false,1,9.90,6.6000,true,1,203608
7290110115494,false,תה קר בטעם ענבים פיוז טי 1.5 ליטר,מבשלות בירה בינלאומי,IL,פיוזטי ענבים 1.5 ליטר,ליטרים,1.50,ליטר,false,1,9.90,6.6000,true,1,203611
7290110115616,false,FUZE tea zero גרין אננס 1.5 ליטר פיקדון,מבשלות בירה בינלאומי,IL,פיוזטי ZERO גרין אננס 1.5 ליטר,ליטרים,1.50,ליטר,false,1,9.90,6.6000,true,1,203682
7290110115654,false,"פיוז טי זירו גרין אננס, 500 מ""ל",מבשלות בירה בינלאומי,IL,פיוזטי ZERO גרין אננס 0.5 ליטר,מיליליטרים,500.00,"100 מ""ל",false,1,8.50,1.7000,true,1,203681
7290110115777,false,מים מינרליים נביעות 1.5 ל,נביעות,,מים נביעות בקבוק 1.5 ליטר,ליטרים,1.50,ליטר,false,1,4.20,2.8000,true,1,203703
7290110115845,false,קוקה קולה 1.5 ליטר פיקדון,"אינסטנטה בע""מ",IL,קוקה קולה בקבוק 1.5 ליטר,ליטרים,1.50,ליטר,false,1,8.90,5.9333,true,1,203583
7290110115852,false,דיאט קוקה קולה 1.5 ליטר -,תות תעשיות מזון (201,IL,קוקה קולה דיאט בקבוק 1.5 ליטר,ליטרים,1.50,ליטר,false,1,8.90,5.9333,true,1,203584
7290110115869,false,קוקה קולה זירו 1.5 ליטר פיקדון,תות תעשיות מזון (201,IL,קוקה קולה זירו בקבוק 1.5 ליטר,ליטרים,1.50,ליטר,false,1,8.90,5.9333,true,1,203585
7290110115876,false,קינלי סודה 1.5ליטר-,"אינסטנטה בע""מ",IL,סודה קינלי 1.5 ליטר,ליטרים,1.50,ליטר,false,1,5.20,3.4667,true,1,203597
7290110116149,false,סירופ בטעם ענבים 750 מל פריגת,סירופ - גבעת חיים,IL,סירופ בטעם ענבים 750 מל,מיליליטרים,750.00,"100 מ""ל",false,1,24.90,3.3200,true,1,207228
7290110116385,false,קוקה קולה זירו מרשמלו פחית 330 מל,החברה המרכזית למשקאו,IL,קולה קולה זירו סטאפני 330 מל,מיליליטרים,330.00,"100 מ""ל",false,1,7.50,2.2727,true,1,205882
7290110116392,false,סירופ בטעם תפוזים 750 מל פריגת,סירופ - גבעת חיים,IL,סירופ בטעם תפוזים 750 מל,מיליליטרים,750.00,"100 מ""ל",false,1,24.90,3.3200,true,1,207229
7290110320591,false,פיראוס בולגרית מעודנת 16% 250 גר,תנובה חלב,IL,פיראוס בולגרית 16% שומן במרקם מעודן,גרמים,250.00,100 גרם,false,1,24.90,9.9600,true,1,178754
7290110320850,false,פתיתים גבינה חצי קשה מגורדת 28% שומן,תנובה מרכז שיתופי לש,IL,עמק פתיתים 28% שומן 200 גרם,גרמים,200.00,100 גרם,false,1,16.90,8.4500,true,1,180254
7290110320867,false,פתיתים גבינה חצי קשה מגורדת 28% שומן,תנובה מרכז שיתופי לש,IL,עמק פתיתים 28% שומן 500 גרם,גרמים,500.00,100 גרם,false,1,36.90,7.3800,true,1,180110
7290110320935,false,גבינת מוצרלה תנובה 150ג' פרוסות,תנובה מרכז שיתופי לש,IL,פרוסות מוצרלה קולקשיין 150 גרם,גרמים,150.00,100 גרם,false,1,17.90,11.9333,true,1,180114
7290110321277,false,"קוטג' בקטנה 100 גרם, 5% שומן מהדרין",פארייפאבה אגרואינדוס,IL,תנובה קוטג' 5% בקטנה 100 גרם,גרמים,100.00,100 גרם,false,1,2.70,2.7000,true,1,181376
7290110321284,false,"קוטג' בקטנה 100 גרם, 9% שומן מהדרין",פארייפאבה אגרואינדוס,IL,תנובה קוטג' 9% בקטנה 100 גרם,גרמים,100.00,100 גרם,false,1,2.70,2.7000,true,1,181377
7290110322014,false,טופו בטעם טבעי תנובה ALTERNATIVE,שוורצקוף& הנקל דיסלד,IL,טופו טבעי 300 גרם,גרמים,300.00,100 גרם,false,1,13.90,4.6333,true,1,184091
7290110322038,false,טופו פיקנטי תנובה ALTERNATIVE,שוורצקוף& הנקל דיסלד,IL,טופו פקנטי 300 גרם,גרמים,300.00,100 גרם,false,1,13.90,4.6333,true,1,184089
7290110323301,false,טל העמק בסגנון אמנטל 32% שומן 200 גרם,פ.פ.ח. שאביט,IL,גבינה צהובה טל העמק 32% שומן 200 גרם,גרמים,200.00,100 גרם,false,1,19.90,9.9500,true,1,186483
7290110324070,false,גבינת חלומי מחלב בקר 22%שומן 200גר,"תנובה בע""מ",IL,גבינת חלומי מחלב בקר 22% שומן 200 גרם,גרמים,200.00,100 גרם,false,1,21.90,10.9500,true,1,188997
7290110324711,false,"ממרח סויה בסגנון גבינה טעם טבעי בד""צ",מיוצר עי קונדיטוריית,IL,ממרח סויה 9% בטעם טבעי,גרמים,250.00,100 גרם,false,1,9.90,3.9600,true,1,188641
7290110324728,false,ממרח סויה עם שום שמיר 9% שומן אלטרנטיב,מיוצר עי קונדיטוריית,IL,ממרח סויה 9% עם שום שמיר,גרמים,250.00,100 גרם,false,1,9.90,3.9600,true,1,188642
7290110324926,false,משקה סויה ללא תוספת סוכר E אלטרנטיב,תנובה מרכז שיתופי לש,IL,משקה סויה ללא תוספת סוכר 1 ליטר,ליטרים,1.00,ליטר,false,1,12.50,12.5000,true,1,190557
7290110325169,false,פרוסות גבינת גאודה ח,תנובה חלב,IL,פרוסות גאודה קולקשיין 170 גרם,גרמים,170.00,100 גרם,false,1,22.90,13.4706,true,1,191596
7290110325312,false,מעדן סויה GO מועשר בחלבון בטעם תות,"תנובה בע""מ",IL,מעדן סויה GO 20 גרם חלבון בטעם תות 200גרם,גרמים,200.00,100 גרם,false,1,6.20,3.1000,true,1,190550
7290110325619,false,משקה שיבולת שועל תנובה E אלטרנטיב,מיוצר עי קונדיטוריית,IL,משקה שיבולת שועל 1ליטר,ליטרים,1.00,ליטר,false,1,13.90,13.9000,true,1,191136
7290110325626,false,משקה שקדים ללא תוספת,תנובה,IL,"משקה שקדים לל""ס 1ליטר",ליטרים,1.00,ליטר,false,1,13.90,13.9000,true,1,192340
7290110325701,false,פיראוס צזיקי יווני 9% שומן על בסיס יוגורט,גוד פוד פרודקטס S.p,IL,צזיקי יווני פיראוס 9% על בסיס יוגורט,גרמים,250.00,100 גרם,false,1,13.30,5.3200,true,1,191359
7290110325893,false,משקה חלב GO מועשר בחלבון בטעם אייס קפה,מיוצר עי קונדיטוריית,IL,תנובה GO אייס קפה 340 מל,מיליליטרים,340.00,"100 מ""ל",false,1,8.90,2.6176,true,1,191141
7290110326227,false,יוגורט און טופ קורנפלקס 157 ג' יופלה,מיוצר עי קונדיטוריית,IL,יופלה און טופ קורנפלקס 157 גרם,גרמים,157.00,100 גרם,false,1,5.20,3.3121,true,1,191600
7290110326333,false,פרוסות גבינה בסגנון סקנדינבי 31%,פ.פ.ח. שאביט,IL,פרוסות גבינה סקנדינבית קולקשיין 170 גרם,גרמים,200.00,100 גרם,false,1,19.90,9.9500,true,1,193551
7290110326845,false,ממרח חמאה ללא מלח הש,בונגה פולין,PL,השף הלבן ממרח חמאה ללא מלח 200 גרם,גרמים,200.00,100 גרם,false,1,10.90,5.4500,true,1,194614
7290110326852,false,ממרח חמאה בתוספת מלח,בונגה פולין,PL,השף הלבן ממרח חמאה בתוספת מלח 200 גרם,גרמים,200.00,100 גרם,false,1,10.90,5.4500,true,1,194613
7290110326906,false,חלב טרי נטול לקטוז 3% 1 ליטר,מיוצר עי קונדיטוריית,IL,חלב נטול לקטוז 3% 1 ליטר,ליטרים,1.00,ליטר,false,1,7.50,7.5000,true,1,193548
7290110326999,false,"משקאות חלב+שוקולד קלאסי 340 מ""ל YOLO בקבוק.",תנובה חלב,IL,"YOLO משקה חלב עם שוקולד קלאסי 340מ""ל",מיליליטרים,340.00,"100 מ""ל",false,1,7.50,2.2059,true,1,192564
7290110327514,false,משקה שיבולת שועל בטעם אגוזי לוז 1 ליטר אלטרנטיב,תנובה מרכז שיתופי לש,IL,משקה שיבולת שועל אלטרנטיב אגוזי לוז 1 ל,ליטרים,1.00,ליטר,false,1,13.90,13.9000,true,1,203255
7290110327798,false,חטיף חלבון GO - שוקולד 60 ג' חלב נוכרי - רבנות,"בלמונט קונפקציות בע""",US,חטיף חלבון גו בטעם שוקולד 20גרם חלבון 60,גרמים,60.00,100 גרם,false,1,12.90,21.5000,true,1,195923
7290110327804,false,חטיף חלבון GO - עוגיות 60 ג' חלב נוכרי - רבנות,"בלמונט קונפקציות בע""",US,חטיף חלבון גו בצק עוגיות 20גרם חלבון 60,גרמים,60.00,100 גרם,false,1,12.90,21.5000,true,1,195924
7290110327828,false,חטיף חלבון GO - חמאת בוטנים 60 ג' חלב נוכרי - רבנות,"בלמונט קונפקציות בע""",US,חטיף חלבון גו חמאת בוטנים 20גרם חלבון 60,גרמים,60.00,100 גרם,false,1,12.90,21.5000,true,1,195926
7290110328016,false,משקה סויה מועשר בחלבון בטעם אגוזי לוז 250 גרם,תנובה מרכז שיתופי לש,IL,"משקה סויה מועשר בחלבון בטעם אגוזי לוז 250 מ""ל",מיליליטרים,250.00,"100 מ""ל",false,1,6.90,2.7600,true,1,195040
7290110328221,false,יוגורט תנובה נטול לק,מיוצר עי קונדיטוריית,IL,יוגורט תנובה נטול לקטוז 3% 200 גרם,גרמים,200.00,100 גרם,false,1,3.90,1.9500,true,1,194975
7290110328474,false,גבינת פרמג'יאנו רג'יאנו 30% מחלב בקר,מנדלז סי.אר. פרודקשן,IT,פלח פרמגיאנו רגיאנו קולקשיין 150 גרם,גרמים,150.00,100 גרם,false,1,30.90,20.6000,true,1,195545
7290110328511,false,פתיתי טל העמק 32% עמ,תנובה מרכז שיתופי לש,IL,פתיתי טל העמק 32% 200גרם,גרמים,200.00,100 גרם,false,1,17.90,8.9500,true,1,201996
7290110328627,false,יוגורט יופלה GO במרקם סמיך בטעם בננה קרמל 0%,מיוצר עי קונדיטוריית,IL,יוגורט GO סמיך 0% בננה קרמל 200 גרם,גרמים,200.00,100 גרם,false,1,6.30,3.1500,true,1,195954
7290110328764,false,יוגורט יופלה GO במרקם סמיך עם תות 0%,מיוצר עי קונדיטוריית,IL,יוגורט GO סמיך 0% תות 200 גרם,גרמים,200.00,100 גרם,false,1,6.30,3.1500,true,1,195953
7290110328771,false,יוגורט יופלה GO במרקם סמיך עם פירות יער 0%,מיוצר עי קונדיטוריית,IL,יוגורט GO סמיך 0% פ. יער 200 גרם,גרמים,200.00,100 גרם,false,1,6.30,3.1500,true,1,195952
7290110328788,false,יוגורט יופלה GO במרקם סמיך בטעם אפרסק 0%,תנובה מרכז שיתופי לש,IL,יוגורט GO סמיך 0% אפרסק 200 גרם,גרמים,200.00,100 גרם,false,1,6.30,3.1500,true,1,195951
7290110329136,false,מעדן חלב מעושר בחלבון בטעם שוקולד 120 ג' GO,תנובה מרכז שיתופי לש,IL,מעדן חלב גו בטעם שוקולד 12 חלבון 120גרם,גרמים,120.00,100 גרם,false,1,5.00,4.1667,true,1,203257
7290110329143,false,מעדן חלב מעושר בחלבון בטעם וניל גביע 120 ג' GO,תנובה מרכז שיתופי לש,IL,מעדן חלב גו בטעם וניל 12 חלבון 120גרם,גרמים,120.00,100 גרם,false,1,5.00,4.1667,true,1,203258
7290110329266,false,יוגורט תנובה מחלב עיזים מלא תנובה 140 ג',קריות זול,IL,יוגורט תנובה מחלב עיזים 140 גרם,גרמים,140.00,100 גרם,false,1,6.20,4.4286,true,1,202647
7290110329303,false,פרוסות בטעם צהובה קלאסית אלטרנטיב 200 גר,תנובה Alternative,IL,פרוסות בטעם צהובה קלאסית אלטרנטיב 200 גר,גרמים,200.00,100 גרם,false,1,22.90,11.4500,true,1,203261
7290110329686,false,"משקה חלב גו בטעם עוגיות 340 מ""ל",מיוצר עי קונדיטוריית,IL,משקה חלב GO בטעם עוגיות 340 מל,מיליליטרים,340.00,"100 מ""ל",false,1,8.90,2.6176,true,1,203262
7290110329716,false,משקה קפה קר בטעם קפוצ'ינו 230 ג' תנובה,תנובה מרכז שיתופי לש,IL,"משקה חלב עם קפה קפוצינו 230 מ""ל",מיליליטרים,230.00,"100 מ""ל",false,1,7.90,3.4348,true,1,205155
7290110329723,false,משקה קפה קר בטעם לאטה 230 ג' תנובה,תנובה מרכז שיתופי לש,IL,"משקה חלב עם קפה לאטה 230 מ""ל",מיליליטרים,230.00,"100 מ""ל",false,1,7.90,3.4348,true,1,205156
7290110329730,false,"משקה חלב עם שוקולד וקפה בסגנון לאטה 2.7%  230 מ""ל תנובה",תנובה מרכז שיתופי לש,IL,"משקה חלב עם קפה שוקולד 230 מ""ל",מיליליטרים,230.00,"100 מ""ל",false,1,7.90,3.4348,true,1,205157
7290110329792,false,יוגורט סויה BIO Alternative אפרסק 150 ג' תנובה,מיוצר עי קונדיטוריית,IL,סויה אלטרנטיב ביו אפרסק150 גרם,גרמים,150.00,100 גרם,false,1,4.70,3.1333,true,1,203745
7290110329808,false,יוגורט סויה BIO Alternative תות 150 ג' תנובה,מיוצר עי קונדיטוריית,IL,סויה אלטרנטיב ביו תות 150 גרם,גרמים,150.00,100 גרם,false,1,4.70,3.1333,true,1,203744
7290110329815,false,סויה BIO מתיקות מעודנת גביע 150 גרם אלטרנטיב,מיוצר עי קונדיטוריית,IL,סויה אלטרנטיב ביו מתיקות מעודנת150 גרם,גרמים,150.00,100 גרם,false,1,4.70,3.1333,true,1,203743
7290110329822,false,יוגורט סויה BIO Alternative פירות יער 150 ג' תנובה,מיוצר עי קונדיטוריית,IL,סויה אלטרנטיב ביו פירות יער 150 גרם,גרמים,150.00,100 גרם,false,1,4.70,3.1333,true,1,203856
7290110329846,false,יוגורט סויה BIO Alternative בטעם טבעי 150 ג' תנובה,מיוצר עי קונדיטוריית,IL,סויה אלטרנטיב ביו טבעי150 גרם,גרמים,150.00,100 גרם,false,1,4.70,3.1333,true,1,203746
7290110420154,false,תיק גב מודפס 40x38,,,תיק גב מודפס 40x38,יחידה,1.00,יחידה,false,1,49.90,49.9000,true,1,182430
7290110424718,false,פותחן בקבוקים נירוסט,אודס,,פותחן בקבוקים נירוסטה,יחידה,1.00,יחידה,false,1,10.90,10.9000,true,1,181860
7290110472016,false,כבל מטאלי 2 מטר שחורTYPE C,Unknown,,כבל 2 מטר - TYPE C,יחידה,1.00,יחידה,false,1,39.90,39.9000,true,1,190571
7290110472467,false,מתאם למצת TYPE C + כבל טעינה 1.5 מטר,Unknown,,מתאם למצת TYPE C,יחידה,0.00,יחידה,false,1,44.90,0.0000,true,1,190410
7290110472474,false,מתאם קיר TYPE C + כבל טעינה 1.5 מטר,Unknown,,מתאם קיר TYPE C,יחידה,1.00,יחידה,false,1,54.90,54.9000,true,1,190411
7290110473501,false,זרוע טלסקופית לרכב שחור TECH GRIP,Unknown,,זרוע לרכב TECH GRIP BLACK,יחידה,1.00,יחידה,false,1,54.90,54.9000,true,1,190436
7290110473587,false,זרוע מגנטית simply grip,Unknown,,זרוע מגנטי לרכבSIMPLY GRIP,יחידה,0.00,יחידה,false,1,39.90,0.0000,true,1,190401
7290110473594,false,זרוע איכותית לרכב מג,Unknown,,זרוע לרכב ROCKET GRIP BLACK,יחידה,1.00,יחידה,false,1,49.90,49.9000,true,1,190425
7290110474706,false,מעמד מגנטי למזגן POW,Unknown,,מעמד מגנטי למזגן POWER VENT,יחידה,1.00,יחידה,false,1,49.90,49.9000,true,1,190415
7290110474911,false,סוללת גיבוי 20000MAH,,,סוללת גיבוי 20000MAH SOLID POWER,יחידה,1.00,יחידה,false,1,99.90,99.9000,true,1,190440
7290110474928,false,סוללת גיבוי 10000MAH,Unknown,,סוללת גיבוי 10000MAH PALM SIZE POWER,יחידה,1.00,יחידה,false,1,79.90,79.9000,true,1,190394
7290110475116,false,מטען קיר SPEEDY,Unknown,,מטען קיר SPEEDY,יחידה,1.00,יחידה,false,1,79.90,79.9000,true,1,190404
7290110476267,false,מטען קיר מאושר אפל 2,Unknown,,מטען קיר מאושר אפל 2,יחידה,1.00,יחידה,false,1,119.00,119.0000,true,1,194742
7290110553173,false,אנרגי פריכיות אורז בטעם קרמל 50 גרם,סאנורייס בלגיום,IL,אנרג`י פריכיות בטעם קרמל 40 גרם,מיליליטרים,40.00,"100 מ""ל",false,1,7.90,19.7500,true,1,205903
7290110553180,false,אנרגי פריכיות אורז בטעם תפוח קינמון 50 ג,סאנורייס בלגיום,IL,אנרג`י פריכיות בטעם תפוח קינמון 40 גרם,מיליליטרים,40.00,"100 מ""ל",false,1,7.90,19.7500,true,1,205904
7290110553210,false,בוטנים הוט באפלו ווינגס סבבה עלית 50 גר,STRAUSS-ISRAEL,IL,סבבה בוטנים הוט באפלו ווינגס 50 גרם,גרמים,50.00,100 גרם,false,1,2.90,5.8000,true,1,205731
7290110553401,false,בינז אייס קופי לאטה,מונסטרלנד לולף,DE,אייס קופי לאטה וניל BEANZ,מיליליטרים,250.00,"100 מ""ל",false,1,9.90,3.9600,true,1,205315
7290110553623,false,צ'יטוס קראנצ'י בטעם צ'דר חלפיניו - חלבי,"שטראוס פריטו ליי בע""",IL,ציטוס קראנץ צדר חלפיניו 80 גרם,גרמים,80.00,100 גרם,false,1,4.90,6.1250,true,1,206061
7290110554705,false,קפסולות נספרסו לקפה יוניקו סדרת בתי הקלייה 10יח,שטראוס קפה בי.וי.,IL,קפסולות קפה אספרסו יוניקו 50 גרם,גרמים,50.00,100 גרם,false,1,16.90,33.8000,true,1,205887
7290110555078,false,לאבנה עם שמן זית ועשבי תיבול 250 גרם,"מחלבות בר בכפר בע""מ",IL,לאבנה עם שמן זית ועשבי תיבול 250 גרם,גרמים,250.00,100 גרם,false,1,10.90,4.3600,true,1,204834
7290110556242,false,"שוקולד מריר פרווה 100 גר' בד""ץ תוצרת חוץ","שטראוס גרופ בע""מ.",IL,שוקולד פרה מריר 100 גרם,גרמים,100.00,100 גרם,false,1,5.90,5.9000,true,1,206762
7290110557133,false,מעדן הגולן וניל 125 ג' שטראוס,מיוצר עי קונדיטוריית,IL,מעדן הגולן וניל 125 גרם,גרמים,125.00,100 גרם,false,1,3.20,2.5600,true,1,202859
7290110558291,false,יוגורט דנונה פרו קוק,"שטראוס בריאות בע""מ",IL,דנונה פרו 20 גרם בטעם קוקוס,גרמים,200.00,100 גרם,false,1,6.50,3.2500,true,1,204755
7290110558338,false,דנונה פרו 25 ג' חלבון 200 ג' שטראוס,"שטראוס בריאות בע""מ",IL,יוגורט פרו 25 גר חלבון 200 גרם,גרמים,200.00,100 גרם,false,1,5.90,2.9500,true,1,204837
7290110558666,false,מעדן גבינה בטעם תפוח 88 ג' דניאלה,"שטראוס בריאות בע""מ",IL,דניאלה בטעם תפוח 88גרם,גרמים,88.00,100 גרם,false,1,4.40,5.0000,true,1,207124
7290110559939,false,נתחי סויה בסגנון שווארמה ומגדרה דלישס,אוכל ביתי ניר עציון,IL,נתחי סויה בסגנון שווארמה ומגדרה דלישס 3,גרמים,350.00,100 גרם,false,1,26.90,7.6857,true,1,204840
7290110560300,false,"הפריכיות הטעימות חומוס, עדשים שחורות, קינואה ופלפל שחור",אנרג'י Energy - שטראוס,IL,פריכיות משולשות- פלפל שחור,גרמים,30.00,100 גרם,false,1,5.90,19.6667,true,1,185749
7290110560317,false,"הפריכיות הטעימות חומוס, עדשים שחורות, קינואה ומלח ים","פרח תעשיו מזון בע""מ",IL,פריכיות משולשות- מלח ים,גרמים,30.00,100 גרם,false,1,5.90,19.6667,true,1,185750
7290110563431,false,"משקה קפה קר בסגנון קלאסי 230 מ""ל 1.6% יוטבתה",האי נאם סי או אל.טי.,AT,משקה קפה קר בסגנון קלאסי 1.6%,מיליליטרים,230.00,"100 מ""ל",false,1,7.90,3.4348,true,1,186980
7290110563448,false,"משקה קפה קר בסגנון מעודן 230 מ""ל 1.6% יוטבתה",האי נאם סי או אל.טי.,AT,"משקה קפה קר בסגנון מעודן 230 מ""ל",מיליליטרים,230.00,"100 מ""ל",false,1,7.90,3.4348,true,1,186981
7290110563455,false,חלב דל לקטוז 3% שומן 1 ל' יטבתה,מחלבת יטבתה,IL,חלב דל לקטוז 3%,ליטרים,1.00,ליטר,false,1,7.90,7.9000,true,1,180673
7290110563462,false,חלב בבקבוק נטול לקטוז 2% יטבתה 1 ל',מחלבת יטבתה,IL,חלב בבקבוק נטול לקטוז 2%,ליטרים,1.00,ליטר,false,1,8.20,8.2000,true,1,187295
7290110564339,false,חומוס אחלה הסידרה המובחר 30% טחינה 400 גר',מיוצר עי קונדיטוריית,IL,חומוס עשיר ב30% טחינה הסדרה המובחרת400,גרמים,400.00,100 גרם,false,1,14.90,3.7250,true,1,181393
7290110564742,false,"משקה קפה קר בסגנון חזק 230 מ""ל 1.2% יוטבתה",האי נאם סי או אל.טי.,AT,משקה קפה קר בסגנון חזק -חדש,מיליליטרים,230.00,"100 מ""ל",false,1,7.90,3.4348,true,1,186982
7290110566975,false,דנונה פרו יוגורט 0% תות עשיר בחלבון 200ג',"שטראוס בריאות בע""מ",IL,דנונה פרו 20 גר תות 0% שומן,גרמים,200.00,100 גרם,false,1,6.50,3.2500,true,1,182496
7290110567064,false,מאסט POWER MINT מנטה ופטל 64 גרם,רוג'ר אנד רוג'ר,DE,בוקסי מנטה פטל 64 גרם,גרמים,64.00,100 גרם,false,1,9.90,15.4688,true,1,185551
7290110568238,false,"קצפת צמחית 21% שומן 250 מ""ל יוטבתה",מחלבת יטבתה,IL,קצפת צמחית 21% 250 גרם,גרמים,250.00,100 גרם,false,1,8.50,3.4000,true,1,184118
7290110568276,false,משקה וניל פרו Pro מועשר בחלבון 1.5%,שטראוס גרופ,IL,"משקה יטבתה פרו וניל 350 מ""ל",מיליליטרים,350.00,"100 מ""ל",false,1,6.50,1.8571,true,1,183779
7290110570224,false,משקה קפה קר בטעם עוגיות 230ג' יוטבתה,אנסטל מילק kg,AT,משקה קפה קר בטעם עוגיות 230מל,מיליליטרים,230.00,"100 מ""ל",false,1,7.90,3.4348,true,1,205509
7290110572884,false,"קפסולות קפה מספר 20 למכונת אספרס אספרסו, 50 גרם",שטראוס קפה בי.וי.,IL,קפסולות אספרסו 20 שטראוס 50 גרם,גרמים,50.00,100 גרם,false,1,16.90,33.8000,true,1,207500
7290110576318,false,מאגדת שלישיית שוקולד אגוז לבן 300 ג' עלית,סמואה,FR,מארז שלישיית אגוז לבן (100*3),גרמים,300.00,100 גרם,false,3,27.90,9.3000,true,1,206990
7290110576356,false,"שוקולד ספלנדיד מריר 64% - חלבי , מפולי קקאו מפרו",קימ'ס גריפלנן,BE,ספלנדיד שוקולד מריר פרו 64%,גרמים,100.00,100 גרם,false,1,8.90,8.9000,true,1,207114
7290110576363,false,"שוקולד ספלנדיד מריר 80% חלבי ,פולי קקאו מאוגנדה",קימ'ס גריפלנן,BE,ספלנדיד שוקולד מריר אוגנדה 80%,גרמים,100.00,100 גרם,false,1,8.90,8.9000,true,1,207113
7290110576370,false,מארז שלישייה שוקולד מריר חלבי עם אגוזי לוז,שטראוס,IL,מארז שלישיית שוקולד אגוז מריר 100 גרם,גרמים,300.00,100 גרם,false,3,27.90,9.3000,true,1,206991
7290110576387,false,מאגדת שלישיית שוקולד אגוז חלב 300 ג' עלית,שטראוס,FR,מארז שלישיית שוקולד אגוז חלב 100 גרם,גרמים,300.00,100 גרם,false,3,27.90,9.3000,true,1,206989
7290110576868,false,רבעיית גמדים סלט פירוט * 100 ג' שטראוס,שטראוס גרופ,IL,גמדים רביעיית סלט פירות 400גרם,גרמים,400.00,100 גרם,false,1,11.90,2.9750,true,1,207201
7290110577230,false,משקה חלב פיסטוק 1ליטר יטבתה בקבוק,שטראוס גרופ,IL,משקה חלב בטעם פיסטוק 1 ליטר,ליטרים,1.00,ליטר,false,1,12.90,12.9000,true,1,207202
7290110577247,false,"יטבתה משקה חלב-פיסטוק בבקבוק 350 מ""ל",שטראוס גרופ,IL,משקה חלב בטעם פיסטוק 350 מל,מיליליטרים,350.00,"100 מ""ל",false,1,6.50,1.8571,true,1,207203
7290111340178,true,מטליות לניקוי כללי ב,עלבד משואות יצחק בעמ,IL,מטליות לניקוי כללי ב,Unknown,0.00,Unknown,false,1,13.90,0.0000,true,1,192170
7290111340185,true,מטליות לניקוי רצפה ב,עלבד משואות יצחק בעמ,IL,ניקול מטליות לחות לניקוי הרצפה 10 יחידות,Unknown,0.00,Unknown,false,1,13.90,0.0000,true,1,190588
7290111341984,false,לילי - מגבוני נייר טואלט לח פיור רביעייה,קימברלי,IL,לילי לח רביעייה,יחידה,1.00,יחידה,false,1,23.90,23.9000,true,1,190491
7290111342073,false,ניקול - מטליות מיקרופייבר למשטחים אנטיבקטר,חוגלה,IL,ניקול מטליות מיקרופייבר למשטחים אנטיבקטר,לא מנהל יחידת מידה,0.00,לא מנהל יחידת מידה,false,1,15.90,0.0000,true,1,191393
7290111342196,false,מגני תחתון קוטקס נורמל גיגה 76 יחי',קימברלי,VN,מגן תחתון קוטקס נורמל - 76 יח,לא מנהל יחידת מידה,0.00,לא מנהל יחידת מידה,false,1,24.90,0.0000,true,1,191210
7290111342202,false,מגני תחתון קוטקס לארג' גיגה 64 יחי',קימברלי,VN,מגן תחתון קוטקס לארג- 76 יח,לא מנהל יחידת מידה,0.00,לא מנהל יחידת מידה,false,1,24.90,0.0000,true,1,191211
7290111343445,false,מגבונים לחים אנטיבקטריאליים לניקוי וחיטוי משטחים 70% אלכוהול ALCO-WIPES,חוגלה קימברלי,IL,ניקול מטליות חיטוי וניקוי 70% אלכוהול,יחידה,1.00,יחידה,false,1,26.90,26.9000,true,1,191678
7290111344206,false,האגיס נטורל קר מגבונים לחים בבישום עדין רביעייה,חוגלה קימברלי,IL,מגבוני האגיס נטורל קייר מבושם 4*64,לא מנהל יחידת מידה,0.00,לא מנהל יחידת מידה,false,1,23.90,0.0000,true,1,203321
7290111344831,false,קוטקס - מגיני יום אקסטרא פרוטקט נורמל ביג 60 יח',חוגלה קימברלי,CN,מגן תחתון קוטקס נורמל 60 יחידות,יחידה,1.00,יחידה,false,1,19.90,19.9000,true,1,203786
7290111344879,false,קוטקס מגיני תחתון 2IN1 מחזור+שתן 44 יחיד,חוגלה,CN,מגן תחתון קוטקס 2ב1 44 יחידות,יחידה,1.00,יחידה,false,1,19.90,19.9000,true,1,203787
7290111346088,false,נייר טואלט מולט דו שכבתי 30 גל,חוגלה קימברלי,IL,נייר טואלט מולט 30 גלילים,יחידה,1.00,יחידה,false,1,29.90,29.9000,true,1,205820
7290111346293,false,מגבות ניקול שישייה מהדורה חגיגית,קימברלי קלארק,IL,מגבת נייר ניקול שישייה מהדורה,יחידה,6.00,יחידה,false,1,12.90,2.1500,true,1,205268
7290111350030,false,רסק תפוחי עץ טבעי בצנצנת 670 גרם קלית גת,"ג'י אנד ג'י בע""מ",IL,רסק תפוחי עץ טבעי 670 גרם,גרמים,670.00,100 גרם,false,1,13.30,1.9851,true,1,177542
7290111350047,false,תמרים מזן מגהול ללא חרצנים 500 גרם,טעמי הגליל,IL,תמרים מגולענים קלית גת 500 גרם,גרמים,500.00,100 גרם,false,1,13.90,2.7800,true,1,185574
7290111350665,false,קליית גת דבש לחיץ טהור מפרחי בר 350 גרם,חקלאות עין חרוד מאוח,IL,קליית גת דבש לחיץ טהור מפרחי בר 350 גרם,גרמים,350.00,100 גרם,false,1,27.90,7.9714,true,1,185583
7290111350672,false,"דבש טהור מפרחי בר ""קליית גת"" 700 גרם",חקלאות עין חרוד מאוח,IL,קליית גת דבש טהור מפרחי בר 700 גרם,גרמים,700.00,100 גרם,false,1,36.90,5.2714,true,1,185584
7290111350726,false,חטיף נאצוס הוטפופ בסגנון מקסיקני 322 גר,ליימן מותגים,US,נאצוס הוטפופ מקסיקני 332 גרם,גרמים,332.00,100 גרם,false,1,14.90,4.4880,true,1,187632
7290111351334,false,קלית גת תמר מגהול650,הדקלאים אגודת שיתופי,IL,קליית גת תמר מג'הול טבעי 650 גרם,גרמים,650.00,100 גרם,false,1,26.90,4.1385,true,1,189636
7290111352430,false,ממרח תמרים טבעי קליית גת 440 גרם,"כד בני דרום בע""מ",IL,ממרח תמרים טבעי קלייית גת 440 גרם,גרמים,440.00,100 גרם,false,1,14.90,3.3864,true,1,199824
7290111352973,false,יוגוטה קוביות חמוצות ממולאות בטעם פירות,יוגטה yogueta,TR,קוביות חמוצות ממולאות בטעם פירות,גרמים,220.00,100 גרם,false,1,8.90,4.0455,true,1,200356
7290111354090,false,תערובת אגוזים וחמוציות משוקלדות 150 גרם,קליית גת,IL,תערובת אגוזים וחמוציות 150 גרם,גרמים,150.00,100 גרם,false,1,19.90,13.2667,true,1,204001
7290111563584,false,טילון נסטלה וניל 72,נגה גלידות,IL,טילון כשלפ,גרמים,72.00,100 גרם,false,1,6.90,9.5833,true,1,180986
7290111565502,false,ארטיק אוראו וניל ועוגיות סנדוויץ נסטלה 80 ג',ג'נרל מילס סאן אדריא,IT,גלידה סנדויץ אוריאו 80 גרם,גרמים,80.00,100 גרם,false,1,10.50,13.1250,true,1,181325
7290111566271,false,טבעול חטיפי תירס 657גרם,עיצובים 2020 (4.8),IL,טבעול חטיפי תירס 6*657גרם,גרמים,657.00,100 גרם,false,1,32.90,5.0076,true,1,181734
7290111566547,false,טבעול חזה בגריל צמחוני 99 קלוריות 560ג',עיצובים 2020 (4.8),IL,טבעול חזה בגריל צמחוני 6*560גרם,גרמים,560.00,100 גרם,false,1,32.90,5.8750,true,1,181733
7290111566776,false,"נקניקיות קוקטייל מן הצומח 680 גרם ""טבעול""",עיצובים 2020 (4.8),IL,טבעול נקניקיות קוקטייל צמחוניות6*680גרם,גרמים,680.00,100 גרם,false,1,32.90,4.8382,true,1,181739
7290111930102,false,קוקי דפי קוקי לתבנית,,IL,קוקי דפי קוקי לתבנית 25 יחידות,יחידה,1.00,יחידה,false,1,15.90,15.9000,true,1,179716
7290111930911,false,חטיף פוף לבבות קלאסי 40 גרם,פוף POOF,IL,מנה חטיף פוף קלאסי לבבות 40 גרם,גרמים,40.00,100 גרם,false,1,3.50,8.7500,true,1,180306
7290111930928,false,חטיף פוף לבבות גריל 40 גרם,פוף POOF,IL,מנה חטיף פוף גריל לבבות 40 גרם,גרמים,40.00,100 גרם,false,1,3.50,8.7500,true,1,180307
7290111937712,false,רדיד אלומיניום קוקי עטוף בנייר אפייה,קוקי,CN,קוקי רדיד אלומיניום עטוף בנייר אפייה 2 ב,יחידה,1.00,יחידה,false,1,11.90,11.9000,true,1,191202
7290112004963,false,"פיניש אולטימייט קפסולות לניקוי כלים במדיח, 25 יחידות",רקיט בנקיזר,PL,פיניש אולטימייט קפסולות למדיח 25 יח,יחידה,25.00,יחידה,false,1,39.90,1.5960,true,1,207127
7290112330390,false,יוגורט PRO בטעם פירות יער 0% 20 גרם חלבון בגביע,"שטראוס בריאות בע""מ",IL,דנונה פרו 20 גר פירות יער 0% שומן,גרמים,200.00,100 גרם,false,1,6.50,3.2500,true,1,188058
7290112330970,false,שייק חלבון מי גבינה,מחלבת יטבתה,IL,"שייק חלבון מי גבינה עם פירות יער 350 מ""ל",מיליליטרים,350.00,"100 מ""ל",false,1,7.50,2.1429,true,1,186778
7290112332585,false,"פריכיות תפו""א, אורז בתיבול סלק ומלח חי 30 גר'","פרח תעשיו מזון בע""מ",IL,פריכיות משולשות-סלק,גרמים,30.00,100 גרם,false,1,5.90,19.6667,true,1,188645
7290112332691,false,פינוקיות עוגיות קרם פסק זמן אגוזים 200 גרם,הגביע מוצרי ופלים בע,IL,.עוגיית קרם פסק זמן אגוזים,גרמים,200.00,100 גרם,false,1,11.90,5.9500,true,1,188784
7290112335050,false,מרשמלו וניל 150 גרם ווסטהים,טופגאם תעשיות ממתקים,IL,מרשמלו וניל 150 גר וועסטהיים,גרמים,150.00,100 גרם,false,1,7.90,5.2667,true,1,188280
7290112335487,false,פריכיות הטעימות קצח ודגנים אנרגי 135 גר,אנרג'י Energy - שטראוס,IL,פריכיות טעימות קצח ודגנים 135 גרם,גרמים,135.00,100 גרם,false,1,13.90,10.2963,true,1,188052
7290112335494,false,הפריכיות הטעימות תפוחי אדמה בטעם פוטטוס,"פרח תעשיות מזון בע""מ",IL,פריכיות טעימות פוטטוס 19,גרמים,135.00,100 גרם,false,1,13.90,10.2963,true,1,188053
7290112335500,false,"פרכיות אנרג'י חומוס,אורז,עדשים שחורות וקינואה 135 גרם",אנרג'י Energy - שטראוס,IL,פריכיות טעימות חלבון 19,גרמים,135.00,100 גרם,false,1,13.90,10.2963,true,1,188054
7290112336637,false,סוכריות מאסט Must ללא סוכר יוגורט תות ואוכניות,שטראוס גרופ,PL,סוכריות ללס יוגורט תות אוכמניות,גרמים,80.00,100 גרם,false,1,8.90,11.1250,true,1,191092
7290112336644,false,סוכריות מאסט ללא סוכר לימון 80 ג' עלית,שטראוס גרופ,PL,סוכריות ללס לימון 80 ג חדש,גרמים,80.00,100 גרם,false,1,8.90,11.1250,true,1,191093
7290112336651,false,סוכריות מאסט ללא סוכר ריבת חלב 80 ג' עלית,שטראוס גרופ,PL,סוכריות ללס ריבת חלב 80 ג חדש,גרמים,80.00,100 גרם,false,1,8.90,11.1250,true,1,191094
7290112337474,false,סוכריות מאסט ללא סוכר פטל לימון 80 ג' עלית,שטראוס גרופ,PL,סוכריות ללס פטל לימון 80 גר,גרמים,80.00,100 גרם,false,1,8.90,11.1250,true,1,191095
7290112339171,false,מילקי מוס עם שוקולד וקצפת,מיוצר עי קונדיטוריית,IL,מילקי מוס,גרמים,81.00,100 גרם,false,1,3.50,4.3210,true,1,186489
7290112339867,true,גמדים סקוויז תות 10,שטראוס,IL,גמדים סקוויז תות 100 גרם,גרמים,100.00,100 גרם,false,1,5.70,5.7000,true,1,192897
7290112339874,true,גמדים סקוויז תות בננ,שטראוס,IL,גמדים סקוויז תות בננה 100,גרמים,100.00,100 גרם,false,1,5.70,5.7000,true,1,192898
7290112340276,false,פינוקיות עוגיות קרם קפה 200 גרם,הגביע מוצרי ופלים בע,IL,פינוקיות קרם קפה נמס,גרמים,200.00,100 גרם,false,1,11.90,5.9500,true,1,188793
7290112341679,false,דנונה אקטיביה 3% שומן 200 גרם,מיוצר עי קונדיטוריית,IL,אקטיביה 3% 200ג',גרמים,200.00,100 גרם,false,1,4.20,2.1000,true,1,190107
7290112342102,false,סימפוניה גבינה במרקם שמנת בצל מקורמל 5%,"שטראוס בריאות בע""מ",IL,סימפוניה בצל מקורמל,גרמים,200.00,100 גרם,false,1,11.90,5.9500,true,1,191143
7290112342621,false,משקה חלב שוקו יוטבתה,מחלבת יטבתה,IL,"שוקו 350 מ""ל",מיליליטרים,350.00,"100 מ""ל",false,1,6.50,1.8571,true,1,190112
7290112343420,false,"משקה חלב עם דגנים מלאים ובננה פרו יטבתה 350מ""ל",מחלבת יטבתה,IL,יטבתה פרו ארוחת בוקר 350 מל,מיליליטרים,350.00,"100 מ""ל",false,1,7.40,2.1143,true,1,190632
7290112343499,false,חטיף צ'יטוס פאפס אפוי בטעם גבינה,"שטראוס פריטו ליי בע""",IL,צ'יטוס PUFFS בטעם גבינה 55 ג 48 יח,גרמים,55.00,100 גרם,false,1,4.90,8.9091,true,1,202798
7290112344748,false,מילקי אקסטרה שוקולד,מיוצר עי קונדיטוריית,IL,מילקי EXTRA שוקולד עם קצפת קפוצינו 133גרם,גרמים,133.00,100 גרם,false,1,3.90,2.9323,true,1,203382
7290112344953,false,סימפוניה חציל קלוי גבינה במקרם שמנת 5%,"שטראוס בריאות בע""מ",IL,סימפוניה חציל קלוי,גרמים,200.00,100 גרם,false,1,11.90,5.9500,true,1,193961
7290112346773,false,יוגורט בטעם וניל 0% לייט אנד פרי 10 גרם חלבון בגביע,מיוצר עי קונדיטוריית,IL,דנונה לייט אנד פרי וניל עם חלבון,גרמים,150.00,100 גרם,false,1,4.90,3.2667,true,1,194535
7290112349606,false,מעדן גבינה ויוגורט תות בננה 88 ג' דניאלה,"שטראוס בריאות בע""מ",IL,דניאלה תות בננה,גרמים,88.00,100 גרם,false,1,4.40,5.0000,true,1,203827
7290112350312,false,קפסולות 15 קפה יותר למכונות נספרסו עלית 10יח',הנסיך- מפעל לייצור ט,IL,קפסולות 15 למכונות NESPRESSO,גרמים,50.00,100 גרם,false,1,16.90,33.8000,true,1,192844
7290112351104,false,שוקולד פרה ממולא פיצפוצי אורז 100 ג' עלית,STRAUSS-ISRAEL,IL,שוקולד פרה פצפוצי אורז 100גרם,גרמים,100.00,100 גרם,false,1,5.90,5.9000,true,1,191969
7290112351128,false,שוקולד פרה סוכריות קופצות 100 ג' עלית,"שטראוס גרופ בע""מ",IL,טבלאות שוקולד פרה סוכריות קופצות 90 גרם,גרמים,90.00,100 גרם,false,1,5.90,6.5556,true,1,192530
7290112353412,false,"פריכיות תפו""א, אורז, תירס, אפונה ירוקה, סלק, מלח ים","פרח תעשיו מזון בע""מ",IL,"פריכיות משולשות-תפוא,תירס,אפונה,סלק ומלח",גרמים,30.00,100 גרם,false,1,5.90,19.6667,true,1,192934
7290112353566,false,סלט טחינה דליקטס 250 גרם,שטראוס,IL,סלט טחינה דליקטס 250 גרם,גרמים,250.00,100 גרם,false,1,11.90,4.7600,true,1,194725
7290112353887,false,"משקה קפה קר בטעם אגוזים יטבתה 230 מ""ל",האי נאם סי או אל.טי.,AT,"משקה קפה קר בטעם אגוזים 230 מ""ל",מיליליטרים,230.00,"100 מ""ל",false,1,7.90,3.4348,true,1,192152
7290112354174,false,"פסטה רוזה 280 ג""ר ""דלישס"" שטראוס","טרופיקל דגיל בע""מ אז",IT,פסטה רוזה דלישס 280גרם,גרמים,280.00,100 גרם,false,1,24.90,8.8929,true,1,202892
7290112354204,false,"ספגטי עגבניות 280 גר' ""דלישס"" שטראוס",גסטרונומיה פרוסט אס.,IT,ספגטי עגבניות דלישס 280 גרם,גרמים,280.00,100 גרם,false,1,24.90,8.8929,true,1,202894
7290112354235,false,ברקטה פיצה - 2 יחידות במארז,סקרלינפיצה אס.אר.אל,IT,ברקטה פיצה דלישס 300 גרם,גרמים,300.00,100 גרם,false,1,26.90,8.9667,true,1,202896
7290112354747,false,דנונה בר עם קורנפלקס,"שטראוס בריאות בע""מ",IL,דנונה בר בננה עם קורנפלקס,גרמים,172.00,100 גרם,false,1,4.80,2.7907,true,1,193554
7290112355812,false,מילקי טופ קורנפלקס 141 ג' שטראוס,"שטראוס גרופ בע""מ",IL,מילקי טופ קורנפלקס מעורב,גרמים,141.00,100 גרם,false,1,4.90,3.4752,true,1,205405
7290112356536,false,אבקת קקאו 150 גר 10% תוספת עלית,הנסיך- מפעל לייצור ט,IL,קקאו 150גרם + 10%,גרמים,150.00,100 גרם,false,1,11.80,7.8667,true,1,192578
7290112358004,false,פסק זמן קראנצ' עלית 32 גרם,שולן צ'יקולטה גידה ס,IL,פסק זמן קראנץ' 32 גר,גרמים,32.00,100 גרם,false,1,5.90,18.4375,true,1,194158
7290112358219,false,יד מרדכי רוטב צ'ילי מתוק 300 גרם,אף.סי תבליני בגליל ב,IL,רוטב צילי מתוק 300 גר יד מרדכי,גרמים,300.00,100 גרם,false,1,14.90,4.9667,true,1,192759
7290112359711,false,דוריטוס פלמין הוט 70 גר',"שטראוס פריטו ליי בע""",IL,דוריטוס פלמין הוט 70 גרם,גרמים,70.00,100 גרם,false,1,3.90,5.5714,true,1,196185
7290112490032,true,מרק נמס בכוס תירס 43,יוניליוור ישראל מזון,IL,קנור נמס בכוס מרק תירס 45 גרם,גרמים,43.00,100 גרם,false,1,7.50,17.4419,true,1,185063
7290112490209,true,נמס בכוס עגבניות קרו,יוניליוור ישראל מזון,IL,נמס בכוס עגבניות קרוטונים ר.טבעי 64 גרם,גרמים,64.00,100 גרם,false,1,7.50,11.7188,true,1,185066
7290112492449,false,פינוק שמפו שיער רגיל 700 מל-חדש,יוניליוור ישראל טיפו,IL,PINUK שמפו 2IN1 700 ML,מיליליטרים,700.00,"100 מ""ל",false,1,12.90,1.8429,true,1,191939
7290112492487,false,פינוק שמפו לשיער עם שמן מרוקאי 700 מל,יוניליוור ישראל טיפו,IL,PINUK שמפו 2IN1 700 ML,מיליליטרים,700.00,"100 מ""ל",false,1,12.90,1.8429,true,1,191942
7290112492531,true,פינוק מרכך שיער רגיל,יוניליוור ישראל טיפו,IL,PINUK מרכך 700 ML,מיליליטרים,700.00,"100 מ""ל",false,1,12.90,1.8429,true,1,190842
7290112492548,true,פינוק מרכך שיער יבש,יוניליוור ישראל טיפו,IL,PINUK מרכך שיער 700 ML,מיליליטרים,700.00,"100 מ""ל",false,1,12.90,1.8429,true,1,190843
7290112492593,true,פינוק תחליב רחצה בני,יוניליוור ישראל טיפו,IL,PINUK סבון נוזלי 700 ML,גרמים,700.00,100 גרם,false,1,12.90,1.8429,true,1,190845
7290112492944,false,"קנור אבקת מרק עוף אמיתי 400 גרם כשל""פ",יוניליוור ישראל מזון,IL,קנור מרק עוף אמיתי כשלפ 400 גרם,גרמים,400.00,100 גרם,false,1,22.90,5.7250,true,1,191077
7290112492975,false,"קנור מרק טעם עוף 400 גרם כשל""פ",יוניליוור ישראל מזון,IL,קנור מרק בטעם עוף כשר לפסח 400 גרם,גרמים,400.00,100 גרם,false,1,16.90,4.2250,true,1,191076
7290112492982,false,"אבקת מרק פטריות כשל""פ 100% רכיבים טבעיים 400 גרם",יוניליוור ישראל מזון,IL,קנור מרק פטריות רכיבים טבעיים 400 גרם,גרמים,400.00,100 גרם,false,1,21.90,5.4750,true,1,190817
7290112492999,false,קנור מרק עוף אמיתי 400 גרם פרווה,יוניליוור ישראל מזון,IL,קנור מרק טעם עוף 400 גרם,גרמים,400.00,100 גרם,false,1,17.50,4.3750,true,1,190816
7290112493873,false,בייגל בייגל דג דג 400 גר',בייגל את בייגל מזון,IL,דג דג - חטיף אפוי עם מלח 400 גרם,גרמים,400.00,100 גרם,false,1,14.60,3.6500,true,1,191008
7290112493903,false,"קרחוני מיני ננסים ""שטראוס""","מיוצר ע""י גלידת שטרא",IL,"מאגדת ננסים בטעמים תות, לימון, קולה ומשמש",גרמים,87.00,100 גרם,false,1,10.90,12.5287,true,1,189731
7290112493927,false,גלידה בטעם ריבת חלב 1.33ל' קרמיסימו,"גלידת שטראוס בע""מ, ר",IL,גלידה קרמיסימו ריבת חלב 1.33 ליטר,ליטרים,1.33,ליטר,false,1,26.90,20.2256,true,1,191038
7290112493934,false,גלידה וניל צרפתי 1.33ל' קרמיסימו,"גלידת שטראוס בע""מ, ר",IL,גלידה קרמיסימו וניל צרפתי 1.33 ליטר,ליטרים,1.33,ליטר,false,1,26.90,20.2256,true,1,191037
7290112493965,false,קרמיסימו חלבית בטעם מסטיק וניל 665 גר,"גלידת שטראוס בע""מ, ר",IL,גלידה קרמיסימו מסטיגם 1.33 ליטר,ליטרים,1.33,ליטר,false,1,26.90,20.2256,true,1,191039
7290112494238,false,קליק - כדורים חלב תפזורת 65 גרם,יוניליוור ישראל מזון,IL,קליק קליק כדורים 65 גרם,גרמים,65.00,100 גרם,false,1,7.90,12.1538,true,1,190254
7290112494283,false,קליק - מעורב חום לבן תפזורת 65 גרם,יוניליוור ישראל מזון,IL,קליק חום לבן 65 גרם,גרמים,65.00,100 גרם,false,1,7.90,12.1538,true,1,190253
7290112494313,false,קליק - קורנפלקס תפזורת 65 גרם,יוניליוור ישראל מזון,IL,קליק קליק קורנפלקס 65 גרם,גרמים,65.00,100 גרם,false,1,7.90,12.1538,true,1,190258
7290112494344,false,קורנפלקס כספי אלופים תלמה850 גר',יוניליוור שפע ישראל,IL,תלמה קורנפלקס של אלופים דגני בוקר 850 גרם,גרמים,850.00,100 גרם,false,1,21.90,2.5765,true,1,191454
7290112494382,false,פירה בטעם ביתי 260 גרם-קופסא,יוניליוור ישראל מזון,IL,פירה בטעם ביתי מוכן ברגע קנור,גרמים,260.00,100 גרם,false,1,14.90,5.7308,true,1,190669
7290112494993,false,דגני בוקר וניל 686ג' כריות,יוניליוור שפע ישראל,IL,תלמה דגני בוקר כריות וניל 686 גרם,גרמים,686.00,100 גרם,false,1,29.90,4.3586,true,1,190270
7290112495006,false,כריות נוגט 686 גרם - קופסא,יוניליוור שפע ישראל,IL,תלמה דגני בוקר כריות נוגט 686 גרם,גרמים,686.00,100 גרם,false,1,29.90,4.3586,true,1,190272
7290112495105,false,נשנושים שמנת בצל 260 גרם -נ.ל.פ,בייגל את בייגל מזון,IL,נשנושים חטיף אפוי בטעם שמנת בצל 260 גרם,גרמים,260.00,100 גרם,false,1,14.90,5.7308,true,1,190365
7290112495433,false,דגני דליפקאן תוספת אגוזי פקאן ושקדים 400 גר,יוניליור שפע ישראל ב,IL,TELMA דגני מבוגרים 400 GR,גרמים,400.00,100 גרם,false,1,25.90,6.4750,true,1,189763
7290112495785,false,רוטב לסלט שום הלמנס 300ג,יוניליוור ישראל מזון,IL,הלמנ'ס רוטב שום 300 גרם,גרמים,300.00,100 גרם,false,1,12.90,4.3000,true,1,191054
7290112495822,false,כריות BLAK שוקולד וניל 686 גר',יוניליוור שפע ישראל,IL,תלמה דגני בוקר כריות בלאק 686 גרם,גרמים,686.00,100 גרם,false,1,29.90,4.3586,true,1,191150
7290112496027,false,סירופ שוקולד 580 גרם-בקבוק,יוניליוור ישראל מזון,IL,EFICOL קינוחים שונים 580 GR,גרמים,580.00,100 גרם,false,1,15.50,2.6724,true,1,191080
7290112496034,false,סירופ מייפל אפיכל 580 גרם,יוניליוור ישראל מזון,IL,EFICOL קינוחים שונים 580 GR,גרמים,580.00,100 גרם,false,1,15.50,2.6724,true,1,191079
7290112496065,false,פתית תירס קרקר פריך,אקסטרודו בשיצ'ה S.R.,CZ,Patit תירס 200 GR,גרמים,200.00,100 גרם,false,1,19.90,9.9500,true,1,191283
7290112496270,false,"פתית צ'יפס תפו""א בתוספת עגבניות ועשבי תיבול 22 ג'",JLM גלובל פודס37 דרך,GB,פתית ציפס עם תפוחי אדמה עגבניות 22 גרם,גרמים,0.00,100 גרם,false,1,4.90,0.0000,true,1,192723
7290112496287,false,פתית - צ'יפס בטטה בטעם טבעי 21 גרם,JLM גלובל פודס37 דרך,GB,פתית פתית צ'יפס בטטה בטעם טבעי 21 גר',גרמים,0.00,100 גרם,false,1,4.90,0.0000,true,1,192722
7290112496294,false,חטיף פתית צ'יפס עם אפונה ירוקה צהובה וצ'ילי,JLM גלובל פודס37 דרך,GB,פתית ציפס עם אפונה ירוקה וצהובה 22 גרם,גרמים,0.00,100 גרם,false,1,4.90,0.0000,true,1,192721
7290112496430,false,קנור נמס בכוס אקסטרה עגבניות+איטריות 37 גרם - רבנות,יוניליוור ישראל מזון,IL,נמס בכוס אקסטרה מרק עגבניות 37 גרם,גרמים,37.00,100 גרם,false,1,4.50,12.1622,true,1,202975
7290112496447,false,נמס בכוס אקסטרה טעם עוף עם המון אטריות 27ג',יוניליוור ישראל מזון,IL,קנור נמס בכוס אקסטרה מרק טעם עוף עם אטריות 27 גרם,גרמים,27.00,100 גרם,false,1,4.50,16.6667,true,1,202976
7290112496461,false,נמס בכוס אקסטרה מרק ירקות עם המון אטריות,יוניליוור ישראל מזון,IL,נמס בכוס מרק אקסטרה ירקות עם המון אטריות,גרמים,32.00,100 גרם,false,1,4.50,14.0625,true,1,203030
7290112496591,false,חטיף קליק כריות בלאק,"דרך השוקולד 1, צפת 1",IL,קליק קליק כריות בלאק ושוקולד חלב 65 גרם,גרמים,65.00,100 גרם,false,1,6.90,10.6154,true,1,192528
7290112498274,false,פינוק אלסבון לידיים לבנדר וניל 1ליטר+משא,יוניליוור ישראל טיפו,TR,פינוק אל סבון לידיים בניחוח לבנדר ווניל 950 מל,מיליליטרים,950.00,"100 מ""ל",false,1,12.90,1.3579,true,1,202794
7290112498878,false,שלגון קורנטו פסק זמן ריבת חלב,"מיוצר ע""י גלידת שטרא",IL,קורנטו פסק זמן 69 גרם,גרמים,69.00,100 גרם,false,1,8.90,12.8986,true,1,195195
7290112498892,false,אסקימו דובדבן/ אבטיח 70 גרם,יוניליוור,IL,אסקימו אסקימו יחידתיות 80 ML,גרמים,84.00,100 גרם,false,1,2.90,3.4524,true,1,195193
7290112498915,false,מאגדת מיני מגנום שקדים מובחרים 250 ג',"מיוצר ע""י גלידת שטרא",IL,מגנום מאגדת מיני מגנום שקדים מובחרים 5 יחידות,גרמים,250.00,100 גרם,false,1,32.90,13.1600,true,1,196032
7290112498922,false,מאגדת מיני מגנום שוקולד לבן 250 ג',"מיוצר ע""י גלידת שטרא",IL,מגנום מאגדת מיני מגנום לבן 5 יחידות,גרמים,250.00,100 גרם,false,1,32.90,13.1600,true,1,196033
7290112498939,false,שלגון בומבה בטעם וניל 80 גרם,"מיוצר ע""י גלידת שטרא",IL,שטראוס שלגון בומבה בטעם וניל 80 גרם,גרמים,84.00,100 גרם,false,1,9.90,11.7857,true,1,195194
7290112498946,false,קשת בענן ארטיק ילדים שטראוס 47 גרם,שטראוס גרופ גלידות,IL,ארטיק ילדים קשת בענן 47גרם,גרמים,47.00,100 גרם,false,1,6.90,14.6809,true,1,204095
7290112499080,false,סולרו בר קוקוס שטראוס 65 גרם,"מיוצר ע""י גלידת שטרא",IL,גלידת שרבט עם קוקוס 65גרם,גרמים,65.00,100 גרם,false,1,10.90,16.7692,true,1,204094
7290112499110,false,טילון קליק בטעם שוקולד 72 ג' שטראוס,שטראוס גרופ גלידות,IL,קורנטו קליק שוקולד חזק 72 גרם,גרמים,72.00,100 גרם,false,1,9.90,13.7500,true,1,204674
7290112499127,false,שלגון גלידה שוקולד לבן ותות 77 גרם,"מיוצר ע""י גלידת שטרא",IL,מגנום שלגון גלידה שוקולד לבן ותות 77 גרם,גרמים,77.00,100 גרם,false,1,11.90,15.4545,true,1,204093
7290112499189,false,"גלידת קרמיסימו חד קרן וניל תות, 1.33 ליטר","גלידת שטראוס בע""מ, ר",IL,קרמיסימו חד קרן בטעמי וניל תות ובננה 1.3,ליטרים,1.33,ליטר,false,1,23.90,17.9699,true,1,205548
7290112499196,false,גלידה בטעם החלב של הקורנפלקס 1.33 ל' קרמיסימו,"גלידת שטראוס בע""מ, ר",IL,קרמיסימו החלב של הקורנפלקס 1.33 ליטר,ליטרים,1.33,ליטר,false,1,23.90,17.9699,true,1,205549
7290112499462,false,פינוק תחליב רחצה 700 בתוספת שמן קוקוס,יוניליוור ישראל טיפו,IL,פינוק תחליב רחצה בתוספת שמן קוקוס 700 מל,מיליליטרים,700.00,"100 מ""ל",false,1,12.90,1.8429,true,1,202158
7290112499639,false,טילון סופר מגנום וניל צ'יפ ושוקולד 110 ג',"מיוצר ע""י גלידת שטרא",IL,קורנטו מגנום טילון וניל צ'יפ שוקולד 110 גרם,גרמים,110.00,100 גרם,false,1,10.90,9.9091,true,1,191049
7290112499646,false,"מעדן קפוא בטעם וניל עם וופל 108 גרם ""קורנטו""","מיוצר ע""י גלידת שטרא",IL,קורנטו סופר פקאן 108 גרם,גרמים,108.00,100 גרם,false,1,10.90,10.0926,true,1,191745
7290112499677,false,מגנום וניל בציפוי שוקולד לבן,"מיוצר ע""י גלידת שטרא",IL,מגנום שלגון שוקולד לבן 85 גרם,גרמים,85.00,100 גרם,false,1,11.90,14.0000,true,1,191043
7290112499837,false,"שלגון בטעם שוקולד עם נוגט ""מגנום""","מיוצר ע""י גלידת שטרא",IL,Magnum יחידתיות 134 ML,גרמים,90.00,100 גרם,false,1,11.90,13.2222,true,1,191044
7290112499851,false,גלידת שמנת בטעם וניל עם פירורי עוגיות 57 גרם,"גלידת שטראוס בע""מ, ר",IL,Magnum יחידתיות 80 ML,גרמים,58.00,100 גרם,false,1,9.90,17.0690,true,1,192308
7290112499905,false,טילון קורניטו קליק בטעם מרשמלו 72 גרם,"מיוצר ע""י גלידת שטרא",IL,קורנטו טילון קורנטו קליק בטעם מרשמלו 72 גרם,גרמים,72.00,100 גרם,false,1,9.90,13.7500,true,1,192309
7290112499929,false,מגנום שוקולד אימפלס פסח 120מל,"מיוצר ע""י גלידת שטרא",IL,מגנום שלגון מגנום שוקולד 85 גרם,גרמים,85.00,100 גרם,false,1,11.90,14.0000,true,1,191045
7290112499936,false,מגנום שקדים אימפלס פסח 125מל,"מיוצר ע""י גלידת שטרא",IL,מגנום שלגון מגנום שקדים 85 גרם,גרמים,85.00,100 גרם,false,1,11.90,14.0000,true,1,191046
7290112960856,false,גלידה בשומן צמחי בטעם ריבת חלב ומטבע שוקולד,שוורצקוף& הנקל דיסלד,IL,נסטל.אקסטרים ליבת ריבת חלב ומטבע 18*115ג,גרמים,128.00,100 גרם,false,1,10.50,8.2031,true,1,187065
7290112962003,false,שלגון קראנץ וניל עוגיות 90 גרם,שוורצקוף& הנקל דיסלד,IL,שלגון בשומן צמחי טעם וניל עוגיות,לא מנהל יחידת מידה,0.00,לא מנהל יחידת מידה,false,1,10.50,0.0000,true,1,186546
7290112962287,false,טבעול שווארמה טבעונית 6*450 גרם,מיוצר עי קונדיטוריית,IL,שווארמה טבעונית טבעול כשלפ 450גרם,גרמים,450.00,100 גרם,false,1,32.90,7.3111,true,1,191151
7290112962751,false,מעדן קפוא בטעם וניל עם שברי עוגיות וציפוי,שוורצקוף& הנקל דיסלד,IL,אוראו שלגון אימפלס 20*65גרם,גרמים,65.00,100 גרם,false,1,11.50,17.6923,true,1,187070
7290112963918,false,פיטנס חטיפי קרקר דק רוזמרין 140 גרם,נסטלה Nestle,IL,פיטנס קרקר דק רוזמרין 12*140גרם,גרמים,140.00,100 גרם,false,1,12.90,9.2143,true,1,188954
7290112964410,false,אסם רוטב אלף האיים חדש לסלט 290 גרם,"אסם תעשיות בע""מ",IL,אסם רוטב אלף האיים חדש לסלט 9*290גרם,גרמים,290.00,100 גרם,false,1,11.90,4.1034,true,1,188656
7290112965165,true,מרק נמס פטריות 34,אסם,IL,אסם זוג מרק נמס פטריות בדצ14*48גרם,גרמים,34.00,100 גרם,false,1,5.90,17.3529,true,1,189799
7290112965240,true,מרק נמס עגבניות *,אסם,IL,אסם זוג מרק נמס עגבניות בדצ 12*60גרם,גרמים,88.00,100 גרם,false,1,5.90,6.7045,true,1,189802
7290112965264,true,מרק נמס אפונה *30,אסם,IL,אסם זוג מרק נמס אפונה בדצ 14*30גרם,גרמים,60.00,100 גרם,false,1,5.90,9.8333,true,1,189803
7290112965301,true,מרק טעם עוף 38גר,אסם,IL,אסם זוג מרק נמס טעם עוף בדצ 10*52גרם,גרמים,38.00,100 גרם,false,1,5.90,15.5263,true,1,189805
7290112965660,false,פיטנס - חטיף מולטיגריין מלח פלפל 25 גרם,מיוצר עי קונדיטוריית,IL,פיטנס חטיף מולטיגריין מלח פלפל 25גרם,גרמים,25.00,100 גרם,false,1,5.50,22.0000,true,1,194172
7290112965684,false,פיטנס - חטיף מולטיגריין עשבי תיבול 25 גרם,מיוצר עי קונדיטוריית,IL,פיטנס חטיף מולטיגריין עשבי תיבול 25גרם,גרמים,25.00,100 גרם,false,1,5.50,22.0000,true,1,194173
7290112966803,false,אסם פודינג אינסטנט שוקולד 95 גרם,"אסם תעשיות בע""מ",IL,אסם פודינג אינסטנט שוקולד 88 גרם,גרמים,88.00,100 גרם,false,1,5.90,6.7045,true,1,190766
7290112966841,false,אינסטנט פודינג בטעם שוקולד מריר 95 גרם,מיוצר עי קונדיטוריית,IL,אסם פודינג בטעם שוקולד מריר 90גרם,גרמים,90.00,100 גרם,false,1,5.90,6.5556,true,1,190767
7290112967114,false,פיטנס חטיפי פריכיות קטניות ופלפל 60 גרם,"פרח תעשיות מזון בע""מ",IL,פיטנס חטיפי פריכיות קטניות ופלפל 60 גר,גרמים,60.00,100 גרם,false,1,8.90,14.8333,true,1,192508
7290112967848,false,אסם ג'לי תות שדה מופחת סוכר 90 גרם,מיוצר עי קונדיטוריית,IL,אסם גלי תות שדה מופחת סוכר68גרם,גרמים,68.00,100 גרם,false,1,6.90,10.1471,true,1,190770
7290112968807,false,פיטנס - קרקר דק סלק 140 גרם,מפעל אסם יקנעם,IL,פיטנס קרקר דק סלק 12*140גרם,גרמים,140.00,100 גרם,false,1,12.90,9.2143,true,1,192932
7290112968821,false,פיטנס - קרקר דק בטטה 140 גרם,מפעל אסם יקנעם,IL,פיטנס קרקר דק בטטה 12*140גרם,גרמים,140.00,100 גרם,false,1,12.90,9.2143,true,1,192933
7290113158672,false,כוס זכוכית כפולה 350,,,כוס זכוכית כפולה 350,יחידה,1.00,יחידה,false,1,39.90,39.9000,true,1,194290
7290113192171,false,מיקס אגוזים שקדים וחמוציות 150 גרם,דין שיווק,IL,מיקס אגוזים שקדים וחמוציות 150 גרם,גרמים,150.00,100 גרם,false,1,14.90,9.9333,true,1,202541
7290113192300,true,חרוזית מושחר בית הש,בית השיטה,IL,חרוזית מושחר בית השיטה 275גר,יחידה,0.00,יחידה,false,1,10.90,0.0000,true,1,190876
7290113192317,true,טבעות זיתים מושחרים,בית השיטה,IL,טבעות זיתים מושחרים בית השיטה 280גר,גרמים,280.00,100 גרם,false,1,12.90,4.6071,true,1,190877
7290113192355,true,חרוזית ירוק בית השיט,בית-השיטה עסיס תעשיו,IL,חרוזית ירוק בית השיטה 275גר,גרמים,275.00,100 גרם,false,1,11.90,4.3273,true,1,190881
7290113192393,true,קוקטייל זיתים בית ה,בית-השיטה עסיס תעשיו,IL,קוקטייל זיתים בית השיטה 336גר,גרמים,336.00,100 גרם,false,1,12.90,3.8393,true,1,190885
7290113192478,true,מלפפונים במלח 10-12,בית-השיטה עסיס תעשיו,IL,מלפפונים במלח 10-12 בית השיטה 320גר,גרמים,320.00,100 גרם,false,1,9.50,2.9688,true,1,190893
7290113192485,true,מלפפונים בחומץ 10-12,בית-השיטה עסיס תעשיו,IL,מלפפונים בחומץ 10-12בית השיטה 290גר,גרמים,290.00,100 גרם,false,1,9.50,3.2759,true,1,190894
7290113192492,true,מלפפונים בחומץ 17-13,בית-השיטה עסיס תעשיו,IL,מלפפונים בחומץ 17-13בית השיטה 290גר,גרמים,290.00,100 גרם,false,1,11.90,4.1034,true,1,190895
7290113192508,true,מלפפונים במלח 17-13ב,בית-השיטה עסיס תעשיו,IL,מלפפונים במלח 17-13בית השיטה 320גר,גרמים,320.00,100 גרם,false,1,11.90,3.7188,true,1,190896
7290113192522,true,מלפפונים בחומץ בית ה,בית-השיטה עסיס תעשיו,IL,מלפפונים בחומץ בית השיטה 18-25 290גר,גרמים,290.00,100 גרם,false,1,12.90,4.4483,true,1,190898
7290113192539,true,מלפפונים במלח 7-9 ב,בית-השיטה עסיס תעשיו,IL,מלפפונים במלח 7-9 בית השיטה 320גר,לא מנהל יחידת מידה,0.00,לא מנהל יחידת מידה,false,1,6.90,0.0000,true,1,190899
7290113192546,true,מלפפונים בחומץ 7-9 ב,בית-השיטה עסיס תעשיו,IL,מלפפונים בחומץ 7-9 בית השיטה 290גר,גרמים,290.00,100 גרם,false,1,6.90,2.3793,true,1,190900
7290113192560,true,פלפל שיפקה בית השיטה,בית-השיטה עסיס תעשיו,IL,פלפל שיפקה בית השיטה 230גר,גרמים,230.00,100 גרם,false,1,7.50,3.2609,true,1,190902
7290113192577,true,כרוב כבוש בית השיטה,שוורצקוף& הנקל דיסלד,IL,כרוב כבוש בית השיטה 430גר,גרמים,430.00,100 גרם,false,1,8.50,1.9767,true,1,190903
7290113193000,false,בית השיטה פלפל שיפקונית 230 גרם*,שוורצקוף& הנקל דיסלד,IL,פלפל שיפקונית בית השיטה 230 גרם,גרמים,230.00,100 גרם,false,1,11.90,5.1739,true,1,191648
7290113196490,false,פריכיות כוסמת בתוספת זרעי ציה שקדיה 150 ג',זנבר המכללה לטבעונות,IL,פריכיות כוסמת ציה 150 גרם במליחות עדינה,גרמים,150.00,100 גרם,false,1,11.90,7.9333,true,1,203369
7290113196506,false,פריכיות כוסמת ללא מלח שקדיה 150 ג',זנבר המכללה לטבעונות,IL,פריכיות כוסמת 150 גרם ללא מלח,גרמים,150.00,100 גרם,false,1,11.90,7.9333,true,1,203367
7290113198036,false,פקאן מצופה בטעם קרמל,"דין שיווק וקלייה בע""",IL,פקאן מצופה בטעם קרמל 150 גרם,גרמים,150.00,100 גרם,false,1,14.90,9.9333,true,1,202600
7290113198067,false,פקאן מצופה שוקולד לבן 150 גרם,"דין שיווק וקלייה בע""",IL,פקאן מצופה שוקולד לבן 150 גרם,גרמים,150.00,100 גרם,false,1,14.90,9.9333,true,1,202599
7290113198074,false,פקאן מצופה שוקולד שיש 150 גרם,"דין שיווק וקלייה בע""",IL,פקאן מצופה שוקולד שיש 150גרם,גרמים,150.00,100 גרם,false,1,14.90,9.9333,true,1,202573
7290113198593,false,סוכריות גומי מסוכרות בטעם בננה 200 ג' שקדיה,טופגאם תעשיות ממתקים,IL,סוכריות גומי מצופות סוכר בטעם בננה 200 גרם,גרמים,200.00,100 גרם,false,1,9.90,4.9500,true,1,202753
7290113198609,false,סוכריות גומי נחשים בטעמי פירות 200 ג' שקדיה,טופגאם תעשיות ממתקים,IL,סוכריות גומי נחשים 200 גרם,גרמים,200.00,100 גרם,false,1,9.90,4.9500,true,1,202754
7290113452848,false,קטי גומי אבטיח 200 ג,טופגם,IL,קטי גומי אבטיח 200 גרם,גרמים,200.00,100 גרם,false,1,12.90,6.4500,true,1,205759
7290113452886,false,סוכריות גומי נחש חמו,טופגם,IL,סוכריות גומי נחש חמוץ ארוז 200 גרם,גרמים,200.00,100 גרם,false,1,12.90,6.4500,true,1,203188
7290113452916,false,סוכריות גומי קולה קט,טופגם,IL,סוכריות גומי קולה קטן ארוז 200 גרם,גרמים,200.00,100 גרם,false,1,12.90,6.4500,true,1,203184
7290113452985,false,קטי תות ממולא 150 גר,טופגם,IL,קטי תות ממולא 150 גרם,גרמים,150.00,100 גרם,false,1,12.90,8.6000,true,1,205760
7290113453050,false,סוכריות גומי תות קטן,טופגם,IL,סוכריות גומי תות קטן מסוכר 200 גרם,גרמים,200.00,100 גרם,false,1,12.90,6.4500,true,1,203254
7290114310482,false,פרוסות גבינת נעם בטעם מעושן 20%,מילקו תעשיות בעמ,IL,נעם בטעמים-מעושן 200 גרם,גרמים,200.00,100 גרם,false,1,23.90,11.9500,true,1,196044
7290114603515,false,מאסטר שף רוטב קארי אדום 340 גרם,תאי סופרים,TH,מאסטר שף רוטב קארי אדום 340 גרם,גרמים,340.00,100 גרם,false,1,14.90,4.3824,true,1,200838
7290114604871,false,מאסטר שף קוסקוס בינוני 350 גרם,דוידוביץ,IL,מאסטר שף קוסקוס בינוני 350 גרם,גרמים,350.00,100 גרם,false,1,6.90,1.9714,true,1,194502
7290114604895,false,ממרח ספייסי לחיץ מאסטר שף 446 גרם,מאסטר שף,NL,מאסטר שף ממרח ספייסי לחיץ 446 גר,גרמים,446.00,100 גרם,false,1,13.90,3.1166,true,1,201791
7290114604901,false,ממרח שום לחיץ מאסטר שף 444 גרם,מאסטר שף,NL,מאסטר שף ממרח שום לחיץ 444 גרם,גרמים,444.00,100 גרם,false,1,13.90,3.1306,true,1,201792
7290114606530,false,רוטב בטעם מיונז וקטשופ מאסטר שף 515 גרם,מאסטר שף,NL,מאסטר שף רוטב מיונז וקטשופ 515 גר,גרמים,515.00,100 גרם,false,1,13.90,2.6990,true,1,201794
7290114606547,false,מיונז פטריות כמהין לחיץ מאסטר שף 242 גרם,מאסטר שף,NL,מאסטר שף מיונז פטריות כמהין 242 גרם,גרמים,242.00,100 גרם,false,1,13.90,5.7438,true,1,201793
7290114606608,false,רוטב סויה מסורתי מאסטר שף 620 גר,קריניציה ויטמינה אס,TH,"מאסטר שף סויה דל נתרן 620 מ""ל",מיליליטרים,620.00,"100 מ""ל",false,1,15.90,2.5645,true,1,201839
7290114720250,false,פוג'יקום מטען סוללות USB אוניברסלי,Unknown,,מטען סוללות USB אוני,יחידה,1.00,יחידה,false,1,69.90,69.9000,true,1,192043
7290114720878,false,פוג'יקום מארז זוג נורות 75W אור לבן,,,75w מארז זוג נורות לבן,יחידה,1.00,יחידה,false,1,29.90,29.9000,true,1,195639
7290114720885,false,פוג'יקום זוג נורות 75W אור צהוב,,,75w מארז זוג נורות צהוב,יחידה,1.00,יחידה,false,1,29.90,29.9000,true,1,195641
7290115073676,false,מסכה לפנים חד פעמי 50 יח צבעוניות,שמחה זה אנחנו,CN,מסכות מנתח שחורות 50 יח שמחה זה אנחנו,יחידה,1.00,יחידה,false,1,9.90,9.9000,true,1,192804
7290115190014,false,סיגריות מרלבורו רד קצר בוקס,פיליפ מוריס,,סיגריות PPמרלבורו רד חפיסה,יחידה,1.00,יחידה,false,1,36.70,36.7000,false,1,193843
7290115190038,false,סיגריות מרלבורו רד קצר סופט,פיליפ מוריס,,סיגריות PPמרלבורו רד סופט חפיסה,יחידה,1.00,יחידה,false,1,34.50,34.5000,false,1,193829
7290115190076,false,סיגריות מרלבורו גולד ארוך 100 בוקס,פיליפ מוריס,,סיגריות מרלבורו גולד 100בודד,יחידה,1.00,יחידה,false,1,36.70,36.7000,false,1,194195
7290115190090,false,סיגריות מרלבורו גולד קצר בוקס,פיליפ מוריס,,סיגריות מרלבורו גולדPP חפיסה,יחידה,1.00,יחידה,false,1,36.70,36.7000,false,1,193815
7290115190113,false,מרלבורו גולד קצר קופסא סופט,פיליפ מוריס,,סיגריות מרלבורו גולד סופטPP חפיסה,יחידה,1.00,יחידה,false,1,34.50,34.5000,false,1,193837
7290115190137,false,מלבורו פיין טאצ 7.1 חפיסה,פיליפ מוריס,,סיגריות מרלבורו פיין טאץPP חפיסה,יחידה,1.00,יחידה,false,1,32.90,32.9000,false,1,193839
7290115190212,false,פרלמנט ארוך בלו RCB קופסא,פיליפ מוריס,,סיגריות פרלמנט בלו 100PPחפיסה,יחידה,1.00,יחידה,false,1,41.70,41.7000,false,1,193821
7290115190236,false,סיגריות פרלמנט קצר בלו,פיליפ מוריס,,סיגריות פרלמנט בלוPP חפיסה,יחידה,1.00,יחידה,false,1,41.70,41.7000,false,1,193817
7290115190250,false,סיגריות פרלמנט נייטP,פיליפ מוריס,,סיגריות פרלמנט נייטPP חפיסה בודד,יחידה,1.00,יחידה,false,1,41.70,41.7000,false,1,193603
7290115190335,false,ל.מ.בלו לייבל ארוך בוקס חפיסה,פיליפ מוריס,,ל.מ בלו 100PP חפיסה,יחידה,1.00,יחידה,false,1,32.20,32.2000,false,1,195790
7290115190359,false,L&M בלו לייבל קצר-חפיסה,פיליפ מוריס,,סיגריות ל.מ בלוPP חפיסה בודד,יחידה,1.00,יחידה,false,1,32.20,32.2000,false,1,193599
7290115190373,false,סיגריות ל.מ. קפסולהP,פיליפ מוריס,,סיגריות ל.מ. קפסולהPP חפיסה,יחידה,1.00,יחידה,false,1,32.20,32.2000,false,1,193835
7290115190397,false,סיגריות LM רד לייבל קצר,פיליפ מוריס,,ל.מ רדPP חפיסה בודד סיגריות,יחידה,1.00,יחידה,false,1,32.20,32.2000,false,1,193594
7290115190410,false,ל.מ. סילבר לייבל חפיסה,פיליפ מוריס,,סיגריות ל.מ סילברPP חפיסה,יחידה,1.00,יחידה,false,1,32.20,32.2000,false,1,193823
7290115190434,false,סיגריות LM לייט וייב סלימס,פיליפ מוריס,IL,סיגריות ל.מ וייבPP חפיסה בודד,יחידה,1.00,יחידה,false,1,32.20,32.2000,false,1,193605
7290115190496,false,סיגריות נקסט פיין 10,פיליפ מוריס,IL,סיגריות נקסט פיין 100PP חפיסה,יחידה,1.00,יחידה,false,1,31.20,31.2000,false,1,195026
7290115190519,false,סיגריות נקסט פיין חפ,פיליפ מוריס,,סיגריות נקסט פיין חפיסה,יחידה,1.00,יחידה,false,1,31.20,31.2000,false,1,193825
7290115190533,false,סיגריות נקסט כחול ארוך,פיליפ מוריס,,סיגריות נקסט ריסס 100בודד,יחידה,1.00,יחידה,false,1,26.00,26.0000,false,1,194192
7290115190557,false,סיגריות נקסט כחול קצר,פיליפ מוריס,,סיגריות נקסט ריסס קצרPP חפיסה,יחידה,1.00,יחידה,false,1,26.00,26.0000,false,1,193827
7290115190571,false,סיגריות נקסט לילךPP,פיליפ מוריס,,סיגריות נקסט לילךPP חפיסה בודד,יחידה,1.00,יחידה,false,1,31.20,31.2000,false,1,193596
7290115190595,false,סיגריות נקסט אוריגינ,פיליפ מוריס,,סיגריות נקסט אוריגינלPP חפיסה,יחידה,1.00,יחידה,false,1,31.20,31.2000,false,1,193813
7290115190618,false,טבק מרלבורו רד 30 גרם חפיסה,Unknown,,טבק מרלבורו רדPP חפיסה,יחידה,1.00,יחידה,false,1,82.40,82.4000,true,1,194540
7290115190632,false,טבק מרלבורו גולד 30 גרם חפיסה,פיליפ מוריס,,טבק מרלבורו גולד חפיסה 30 גרם,גרמים,30.00,100 גרם,false,1,82.40,274.6667,false,1,194481
7290115190656,false,טבק נקסט פיין 40 גרם חפיסה,פיליפ מוריס,,טבק נקסט פייןPP חפיסה,יחידה,1.00,יחידה,false,1,87.30,87.3000,true,1,194329
7290115190670,false,טבק נקסט אוריג'ינל 40 גרם חפיסה,פיליפ מוריס,,טבק נקסט אוריגינל בודד,יחידה,1.00,יחידה,false,1,87.30,87.3000,true,1,194197
7290115190915,false,טבק לגלגול נקסט לבן,פיליפ מוריס,,טבק לגלגול נקסט לבן XL ל 50 גרם בודד,גרמים,50.00,100 גרם,false,1,102.30,204.6000,true,1,195945
7290115190939,false,אל.אם קפסולות קליק חפיסה,פיליפ מוריס,,סיגריות ל.מ קליק קפסולה בודד,יחידה,1.00,יחידה,false,1,25.00,25.0000,false,1,203201
7290115190960,false,מרלברו טאץ אדום פאקט,פיליפ מוריס,TR,מרלבורו טאץ אדום פאקט,יחידה,10.00,יחידה,false,10,290.00,29.0000,false,1,205764
7290115201727,false,ביסלי חטיף בטעם בצל אסם 200 גרם,מיוצר עי קונדיטוריית,IL,בסלי בצל 200גרם,גרמים,200.00,100 גרם,false,1,7.90,3.9500,true,1,194119
7290115203134,false,פופקו פופקורן במבה אסם 80 גרם,"אסם תעשיות בע""מ",IL,פופקו פופקורן במבה 80 גרם,גרמים,80.00,100 גרם,false,1,5.90,7.3750,true,1,196039
7290115204018,false,מנה חמה איטלקי פסטה בסגנון אלפרדו 60 ג' אסם,"אסם תעשיות בע""מ",IL,מנה חמה פסטה בסגנון אלפרדו 60 גרם,גרמים,60.00,100 גרם,false,1,6.90,11.5000,true,1,195727
7290115205176,false,פיטנס - קרקר דק כפרי פיטנס 140 גרם,נסטלה Nestle,IL,פיטנס קרקר דק כפרי 150 גרם,גרמים,150.00,100 גרם,false,1,12.90,8.6000,true,1,203928
7290115206333,false,אסם עוגיות מיני שוקוציפס 225 גר,"אסם השקעות בע""מ",IL,עוגיות מיני שוקוציפס 225גרם,גרמים,225.00,100 גרם,false,1,11.90,5.2889,true,1,204466
7290115206890,false,ביסלי המבורגר חדש 70 ג אסם,"אסם תעשיות בע""מ",IL,ביסלי המבורגר חדש 70גרם,גרמים,70.00,100 גרם,false,1,4.90,7.0000,true,1,205857
7290115207361,false,ביסקוויט פתיבר בטעם פיסטוק,"אסם תעשיות בע""מ",IL,אסם פתי בר פיסטוק 12*500גרם,גרמים,500.00,100 גרם,false,1,14.90,2.9800,true,1,204943
7290115207774,false,טבעול המבורגר פטריות 480 גר,טבעול ישראל,IL,טבעול המבורגר פטריות 480גרם,גרמים,480.00,100 גרם,false,1,32.90,6.8542,true,1,205823
7290115208009,false,ויטמינצ'יק תרכיז ענבים 1 ליטר,בית-השיטה עסיס תעשיו,IL,סירופ ויטמינציק ענבים 1 ליטר,ליטרים,1.00,ליטר,false,1,23.90,23.9000,true,1,203999
7290115208047,false,ויטמינצ'יק תרכיז פטל 1 ליטר,בית-השיטה עסיס תעשיו,IL,סירופ ויטמינציק פטל 1 ליטר,ליטרים,1.00,ליטר,false,1,23.90,23.9000,true,1,203997
7290115208320,false,אפרופו חטיף בטעם ביסלי בצל 50 גרם,"אסם תעשיות בע""מ",IL,אפרופו בטעם ביסלי בצל 50גרם,גרמים,50.00,100 גרם,false,1,4.90,9.8000,true,1,207290
7290115209174,false,במבה אורירית קלאסי 60 גר',אסם השקעות בעמ,IL,במבה אורירית 60גרם,גרמים,60.00,100 גרם,false,1,4.90,8.1667,true,1,206063
7290115209358,false,במבה במילוי בראוניז אסם 60 גרם,"אסם תעשיות בע""מ",IL,במבה במילוי בראוניז 60גרם,גרמים,60.00,100 גרם,false,1,4.90,8.1667,true,1,207287
7290115250503,false,קרקר כוסמין שום ועשבי תיבול שקית 225 גרם,"מאפיית פת במלח בע""מ",IL,קרקר כוסמין שום ועשבי תיבול 225 גרם,גרמים,225.00,100 גרם,false,1,21.90,9.7333,true,1,200274
7290115670691,false,גרנולה שיבולת שועל עם פירות יער,אנרג'י Energy - שטראוס,CZ,גרנולה אנרגי פירות יער 400 גרם,גרמים,400.00,100 גרם,false,1,15.90,3.9750,true,1,203912
7290115671339,false,מיני פינוקיות בראוניז בייגל בוטן עלית 180 ג' עלית,הגביע מוצרי ופלים בע,IL,מיני פינוקיות בראוניז בייגל בוטן 180 ג,גרמים,180.00,100 גרם,false,1,11.90,6.6111,true,1,202324
7290115675696,false,דגני בוקר קראנצ'ים שיבולת שועל עם אגוזים ושקדים,גלידות שטראוס,IL,קוואקר אגוזים 375 גרם Cruesli,גרמים,375.00,100 גרם,false,1,20.90,5.5733,true,1,202200
7290115676389,false,חרוסת תמרים עם אגוזי,"פוליבה בע""מ",IL,חרוסת יד מרדכי 250 גרם,גרמים,250.00,100 גרם,false,1,16.90,6.7600,true,1,195411
7290115677362,false,"נודלס טריאקי ""דלישס"" שטראוס","טרופיקל דגיל בע""מ אז",IL,נודלס טריאקי דלישס 350גרם,גרמים,350.00,100 גרם,false,1,26.90,7.6857,true,1,202898
7290115677966,false,ממרח אבוקדו 200 ג' שטראוס,ג'י. אר. סימפלוט,MX,ממרח אבוקדו 200 גרם,גרמים,200.00,100 גרם,false,1,16.90,8.4500,true,1,203032
7290115678376,false,מעדן הגולן שוקולד 125 גרם,מיוצר עי קונדיטוריית,IL,מעדן הגולן שוקולד 125גרם,גרמים,125.00,100 גרם,false,1,3.20,2.5600,true,1,196467
7290115678383,false,מעדן הגולן שוקולד מריר 125 גרם,מיוצר עי קונדיטוריית,IL,מעדן הגולן שוקולד מריר 125גרם,גרמים,125.00,100 גרם,false,1,3.20,2.5600,true,1,196466
7290115678642,false,נשנושי גבינה 16% עם חטיף אפוי עם זיתים 67 ג' שטראוס,"מחלבת טבע עז בע""מ",IL,נשנושי גבינה 25% עם חטיף אפוי וזיתים 67,גרמים,67.00,100 גרם,false,1,10.90,16.2687,true,1,203977
7290116530161,false,"תחליב רחצה בניחוח שייק אננס, מלון וחלב שיבולת שועל",יוניליוור ישראל טיפו,IL,תחליב רחצה פינוק שייק אננס 700 מל,מיליליטרים,700.00,"100 מ""ל",false,1,12.90,1.8429,true,1,202544
7290116530482,false,תלמה מארז קורנפלקס אלופים 30 גרם*5 יחידו,פרו מן-יו פתרנות ארי,IL,תלמה מארז קורנפלקס של אלופים 5*30 גרם,גרמים,150.00,100 גרם,false,1,11.90,7.9333,true,1,202681
7290116531021,false,"שוקולד חלב ורד הגליל 100 גרם כשל""פ",יוניליוור ישראל מזון,IL,וורד הגליל שוקולד חלב 100 גרם,גרמים,100.00,100 גרם,false,1,4.90,4.9000,true,1,203296
7290116531090,false,דג-דג חטיף אפוי במליחות מעודנת 250 גרם,בייגל את בייגל מזון,IL,דגדג במליחות מעודנת 250 גרם,גרמים,250.00,100 גרם,false,1,10.90,4.3600,true,1,203793
7290116531328,false,חטיף קליק בלאק אנד וויט שוקולד חלב 35 גר,יוניליוור ישראל מזון,IL,קליק חטיף קליק בלאק&וויט בציפוי שוקולד חלב 35 גרם,גרמים,35.00,100 גרם,false,1,5.90,16.8571,true,1,205228
7290116531830,false,דגני בוקר קינמון 686 ג' כריות,יוניליוור שפע ישראל,IL,תלמה כריות קינמון 686 גרם,גרמים,686.00,100 גרם,false,1,29.90,4.3586,true,1,203436
7290116531861,false,"תחליב רחצה שייק תפוז בננה ואפרסק 700 מ""ל פינוק",יוניליוור ישראל טיפו,IL,פינוק תחליב רחצה שייק תפוז 700 מל,מיליליטרים,700.00,"100 מ""ל",false,1,12.90,1.8429,true,1,205098
7290116531885,false,"מיונז הלמנס טיבעוני בד""ץ 500 גר",יוניליוור ישראל מזון,IL,הלמנס ממרח טבעוני ויגן 500 גרם,גרמים,500.00,100 גרם,false,1,14.90,2.9800,true,1,206183
7290116531939,false,גלידונית קרמיסימו תות שטראוס 630 גרם,"גלידת שטראוס בע""מ, ר",IL,קרמיסימו גלידונית גלידה בטעם תות שדה 60 יחידות,גרמים,638.00,100 גרם,false,1,41.90,6.5674,true,1,204670
7290116532035,false,קליק קורנפלקס חום לבן כשר לפסח 65 גרם,"דרך השוקולד 1, צפת 1",IL,קליק קליק קורנפלקס חום לבן כשר לפסח 65 גרם,גרמים,65.00,100 גרם,false,1,7.90,12.1538,true,1,204101
7290116532264,false,מאגדת גודיז פרי אפרסק יוגורט בציפוי 300 ג' שטראוס,"גלידת שטראוס בע""מ, ר",IL,גודיז פרי אפרסק 300 גרם,גרמים,300.00,100 גרם,false,1,26.90,8.9667,true,1,204676
7290116930015,false,חטיף חלבון GO קרמל ח.בוטנים קריספי 20 גרם חלבון,בלמונט קונפקציות,US,GO חטיף חלבון קרמל מלוח חמאת בוטנים 60ג,גרמים,60.00,100 גרם,false,1,12.90,21.5000,true,1,205153
7290116930022,false,חטיף חלבון GO קרם עוגיות ציפוי קריספי 20 גרם,בלמונט קונפקציות,US,GO חטיף חלבון בטעם קרם עוגיות 60גרם,גרמים,60.00,100 גרם,false,1,12.90,21.5000,true,1,205154
7290116930282,false,ארוחה בקטנה לאבנה עם קרקרים 150ג' תנובה,תנובה חלב,IL,ארוחה בקטנה לאבנה עם קרקרים 150 גרם,גרמים,150.00,100 גרם,false,1,7.50,5.0000,true,1,205873
7290116930435,false,יופלה גו במרקם סמיך עם דובדבן 0% 200מל,תנובה מרכז שיתופי לש,IL,יוגורט גו סמיך 0% דובדבן,גרמים,150.00,100 גרם,false,1,6.30,4.2000,true,1,204854
7290116930459,false,"יופלה שייק מנגו בננה אננס וקוקוס 230 מ""ל",קבוצת המזון אקטשלאר,IL,SHAKE יופלה בננה אננס וקוקוס 230 מל,מיליליטרים,230.00,"100 מ""ל",false,1,8.90,3.8696,true,1,205501
7290116930466,false,"משקה SHAKE בננה מנגן פסיפלורה והל 230 מ""ל יופלה",קבוצת המזון אקטשלאר,IL,SHAKE יופלה מנגו בננה פסיפלורה והל 230 מ,מיליליטרים,230.00,"100 מ""ל",false,1,8.90,3.8696,true,1,205500
7290116930480,false,"משקה SHAKE בננה קיווי תפוח 230 מ""ל יופלה",קבוצת המזון אקטשלאר,IL,SHAKE יופלה בננה קיווי תפוח 230 מל,מיליליטרים,230.00,"100 מ""ל",false,1,8.90,3.8696,true,1,205499
7290116930497,false,פלח גבינה כחולה קולק,פיקוס דה אירופה ס.ל.,ES,פלח גבינה כחולה קולקשיין 100 גרם,גרמים,100.00,100 גרם,false,1,16.90,16.9000,true,1,204751
7290116930558,false,"משקה תה קר עם חלב בטעם צ'אי קרמל 230 מ""ל תנובה",תנובה חלב,IL,משקה תה קר עם חלב בטעם צאי קרמל 230מל,מיליליטרים,230.00,"100 מ""ל",false,1,6.90,3.0000,true,1,205506
7290116930626,false,ארוחה בקטנה ציזיקי עם קרקרים 150ג' תנובה,תנובה חלב,IL,ארוחה בקטנה ציזיקי עם קרקרים 150 גרם,גרמים,150.00,100 גרם,false,1,7.50,5.0000,true,1,205874
7290116930633,false,מעדן יולו שוקולד בלו,תנובה בעמ,IL,יולו שוקולד בלונדי עם שברי בייגלה 120 גרם,גרמים,120.00,100 גרם,false,1,5.50,4.5833,true,1,205504
7290116930701,false,מעדן חלב GO מועשר בחלבון בטעם קרמל מלוח,תנובה מרכז שיתופי לש,IL,GOמעדן חלב בטעם קרמל מלוח 120גרם,גרמים,120.00,100 גרם,false,1,4.80,4.0000,true,1,205502
7290116930725,false,סויה BIO קוקוס גביע 150 גרם אלטרנטיב,תנובה חלב,IL,מעדן סויה BIO קוקוס אלטרנטיב 150 גרם,גרמים,150.00,100 גרם,false,1,4.90,3.2667,true,1,206218
7290116930954,false,יוגורט טעם פאי תפוחים 3% 150 ג' יופלה,"תנובה בע""מ",IL,יוגורט יופלה פאי תפוחים 3% 150 גרם,גרמים,150.00,100 גרם,false,1,5.20,3.4667,true,1,207337
7290116931074,false,פרוסות טל העמק 32% שומן 300 גרם,"תנובה בע""מ",IL,גבינה צהובה טל העמק 32% 300 גרם,גרמים,300.00,100 גרם,false,1,25.90,8.6333,true,1,206710
7290116931081,false,מעדן סויה - טופי קרמל 125 גרם אלטרנטיב,תנובה מרכז שיתופי לש,IL,מעדן סויה בטעם טופי קרמל 125 גרם,גרמים,125.00,100 גרם,false,1,3.90,3.1200,true,1,206217
7290116931104,false,יופלה גו במרקם סמיך עם אננס 0% שומן 200ג',תנובה חלב,IL,יופלה גו במרקם סמיך עם אננס 0% 200גרם,גרמים,200.00,100 גרם,false,1,5.90,2.9500,true,1,206219
7290118873082,false,בדיקת קורונה שפעת מ,,IL,בדיקת קורונה שפעת מארז חמישייה,יחידה,1.00,יחידה,false,1,59.90,59.9000,true,1,207426
7296021133541,false,מצקת נירוסטה ידית שח,KIS CHINA,CN,מצקת נירוסטה ידית שחורה נעמן בייסיק ידי,יחידה,1.00,יחידה,false,1,23.90,23.9000,true,1,182955
7296021133565,false,תרווד מחורץ ידית שחו,KIS CHINA,CN,תרווד מחורץ ידית שחורה נעמן בייסיק ידית,יחידה,1.00,יחידה,false,1,16.90,16.9000,true,1,182958
7296021133640,false,גלגלת פיצה ידית שחור,KIS CHINA,CN,גלגלת פיצה גדולה ידית שחורה נעמן בייסיק,יחידה,1.00,יחידה,false,1,14.90,14.9000,true,1,182975
7296021133718,false,מטרפה ידית שחורה נעמ,KIS CHINA,CN,מטרפה ידית שחורה נעמן בייסיק ידית שחורה,יחידה,1.00,יחידה,false,1,12.90,12.9000,true,1,182972
7296021133732,false,כף עוגה ידית שחורה נ,KIS CHINA,CN,כף עוגה ידית שחורה נעמן בייסיק ידית שחו,יחידה,1.00,יחידה,false,1,11.90,11.9000,true,1,182973
7296021137181,false,סכין לחם 19 סמ נעמן,,,סכין לחם 19 סמ נעמן,יחידה,1.00,יחידה,false,1,17.90,17.9000,true,1,193971
7296021137860,false,קולפן רחב חותך לרצועות כרוב,נעמן,,חותך רצועות כרוב קולפנים,יחידה,1.00,יחידה,false,1,18.90,18.9000,true,1,198377
7296021170645,true,פותחן יין מלצרים תו,,,פותחן יין מלצרים תוכי אביזרי מטבח,יחידה,1.00,יחידה,false,1,15.90,15.9000,true,1,189505
7296021170676,false,פותחן שימורים פרפר י,KIS CHINA,CN,פותחן שימורים פרפר ידית שחורה אביזרי מטבח,יחידה,1.00,יחידה,false,1,31.90,31.9000,true,1,199242
7296021191367,false,תבנית לקוביות קרח עם,,,קרחון עם מכסה,יחידה,1.00,יחידה,false,1,12.90,12.9000,true,1,192467
7296021268328,false,פרייבט שף מארז מגבות,,,פרייבט שף מארז מגבות 40/60 סמ כחול כהה,יחידה,1.00,יחידה,false,1,28.90,28.9000,true,1,200191
7296021273162,false,סט שישיית סכינים לחי,,,סט שישיית סכינים לחיתוך ירקות אדום,יחידה,1.00,יחידה,false,1,14.90,14.9000,true,1,203847
7297488036802,false,גומיות קטיפה שחור KE,אודס,,גומיות קטיפה שחור KEDS,יחידה,1.00,יחידה,false,1,5.90,5.9000,true,1,157516
7297488097995,false,גרנולה דבש ללא גלוטן 250 גרם דגש,תות תעשיות מזון (201,IL,בריאות וטבע גרנולה דבש 250 גרם,גרמים,250.00,100 גרם,false,1,15.90,6.3600,true,1,151372
7297488098015,false,גרנולה קרנץ' עם שוקולד צ'יפס מריר ללא גלוטן 250 גרם דגש,תות תעשיות מזון (201,IL,גרנולה קרנצי שוקו דגש 250 גרם,גרמים,250.00,100 גרם,false,1,15.90,6.3600,true,1,151374
7297488098152,false,דגש קמח חומוס ללא גל,אף.סי תבליני בגליל ב,IL,דוכן גן שמואל קמח חומוס 500 גרם,גרמים,500.00,100 גרם,false,1,16.90,3.3800,true,1,145908
7297488098220,false,קמח תפוחי אדמה 500 גרם דגש,תות תעשיות מזון (201,IL,דוכן גן שמואל קמח תפוחי אדמה 500 גרם,גרמים,500.00,100 גרם,false,1,11.90,2.3800,true,1,150416
7297488098299,false,קמח טפיוקה ללא גלוטן,אף סי תבליני הגליל ב,IL,דוכן גן שמואל קמח טפיוקה 500 גרם,גרמים,500.00,100 גרם,false,1,10.90,2.1800,true,1,150422
7297488098305,false,קמח שקדים ללא גלוטן,תות תעשיות מזון (201,IL,דוכן גן שמואל קמח שקדים 500 גרם,גרמים,250.00,100 גרם,false,1,27.90,11.1600,true,1,150788
7297488099753,false,דגש עוגיות בטעם שוקולד וקוקוס 250 גרם,תות תעשיות מזון (201,IL,עוגיות בטעם שוקולד וקוקוס 250 גרם,גרמים,250.00,100 גרם,false,1,27.90,11.1600,true,1,181383
7297488199682,false,קמח כוסמת ללא גלוטן,תות תעשיות מזון (201,IL,דוכן גן שמואל קמח קינואה 500 גרם,גרמים,500.00,100 גרם,false,1,15.90,3.1800,true,1,182661
7298074500615,false,ערכה לבדיקת הריון בודד סנסו טסט,סנסו טסט Senso Test,,ערכה לבדיקת הריון בודד סנסו טסט,יחידה,1.00,יחידה,false,1,25.90,25.9000,true,1,190051
7298074501995,false,בליסטקס סטיק אולטרא SPF50,מדיליין פריגו,US,בליסטקס הגנה מוגברת spf50,יחידה,1.00,יחידה,false,1,9.90,9.9000,true,1,190278
7312040017683,false,"אבסולוט וודקה, 700 מ''ל","איי, בי, אינבוו",SE,"אבסולוט וודקה, 700 מ''ל",מיליליטרים,700.00,"100 מ""ל",false,1,69.90,9.9857,true,1,157455
7441000720599,false,לבבות דקל LA CIMA פח 400 גרם,אינקופלמיטו,EC,שימורי לבבות דקל שלמים(פחית),גרמים,400.00,100 גרם,false,1,14.90,3.7250,true,1,177589
7501013101348,false,"ג'ומקס מנגו בקבוק 473 מ""ל תריסר",חומקס קומר קומרסאליז,MX,"ג'ומקס מנגו בקבוק 473 מ""ל תריסר",מיליליטרים,473.00,"100 מ""ל",false,1,8.50,1.7970,true,1,189978
7501013101362,false,"נקטר בטעם קוקוס ואננס 500 מ""ל JUMEX",פארייפאבה אגרואינדוס,MX,"ג'ומקס קוקוס אננס בקבוק 473 מ""ל תריסר",מיליליטרים,473.00,"100 מ""ל",false,1,8.50,1.7970,true,1,189979
7501013101393,false,"ג'ומקס אננס בקבוק 473 מ""ל תריסר",פארייפאבה אגרואינדוס,MX,"ג'ומקס אננס  בקבוק 473 מ""ל תריסר",מיליליטרים,473.00,"100 מ""ל",false,1,8.50,1.7970,true,1,189976
7501013101447,false,משקה יוניקו פרסקו רי,חומקס קומר קומרסאליז,MX,יוניקו פרסקו רימונים בק' 473 תריסר,מיליליטרים,473.00,"100 מ""ל",false,1,9.50,2.0085,true,1,189981
7501013122039,false,ג'ומקס מיץ מנגו קרטונית ליטר תריסר,חומקס קומר קומרסאליז,MX,ג'ומקס מנגו קרטונית ליטר תריסר,ליטרים,1.00,ליטר,false,1,9.90,9.9000,true,1,189973
7501013122992,false,ג'ומקס מיץ קוקוס אננס קרטונית ליטר תריסר,חומקס קומר קומרסאליז,MX,ג'ומקס קוקוס אננס קרטונית ליטר תריסר,ליטרים,1.00,ליטר,false,1,9.90,9.9000,true,1,189974
7501013138184,false,משקה יוניקו פרסקו חמוציות קרטונית 1 ליטר,חומקס קומר קומרסאליז,MX,ג'ומקס פרסקו חמוציות קרטונית ליטר תריסר,ליטרים,1.00,ליטר,false,1,12.60,12.6000,true,1,196236
7503012779306,false,סירופ אגבה כחולה 100% 330 גרם נטורפוד,נוטריגבאס דה מקסיקו,MX,נטור פוד סירופ אגבה כחולה אורגני 330 גרם,גרמים,330.00,100 גרם,false,1,21.90,6.6364,true,1,151153
7509546061672,false,דאודורנט סטיק אקסטרים אינטנס,קולגייט פלמוליב,US,ספיד סטיק אקסטרים 50 גרם,גרמים,50.00,100 גרם,false,1,21.90,43.8000,true,1,206940
7610113013250,false,"משקה כוהלי על בסיס רום בקרדי 250 מ""ל",בקרדי מרטיני,BE,פחית בקרדי מוחיטו 250 מל,מיליליטרים,250.00,"100 מ""ל",false,1,14.90,5.9600,true,1,196206
7610243004463,false,"דורגול - מרסס להסרת אבנית במקלחון 600 מ""ל",יעקבי- דורגול Durgol,CH,"מסיר אבן דורגול מרסס 500 מ""ל",מיליליטרים,500.00,"100 מ""ל",false,1,24.90,4.9800,true,1,48147
7613030979647,false,דגני בוקר טריקס פירות עולם היורה 480 ג',ג'נרל מילס סאן אדריא,IL,טריקס 12*480גרם 2018,גרמים,480.00,100 גרם,false,1,26.90,5.6042,true,1,182211
7613032045753,false,פיטנס - דגני בוקר שוקולד 375 גרם,נסטלה צרפת איטנקורט,FR,פיטנס שוקולד 16*375גרם 2017,גרמים,375.00,100 גרם,false,1,21.90,5.8400,true,1,48657
7613035619050,false,פירולו חמשושים מפלצות 75 מל,שוורצקוף& הנקל דיסלד,ES,חמשושים מפלצות 18*75מל,גרמים,80.00,100 גרם,false,1,7.90,9.8750,true,1,176362
7613035622623,false,פיטנס - גרנולה שקדים ודבש 300 גרם,שוורצקוף& הנקל דיסלד,LT,פיטנס גרנולה שקדים ודבש 300 גרם,גרמים,300.00,100 גרם,false,1,15.90,5.3000,true,1,176173
7613035807778,false,פרפקטו רוטב עגבניות לבולונז 400 ג' אסם,אסם פרפקטו Perfecto,ES,פרפקטו רוטב עגבניות לבולונז 6*400גרם,גרמים,400.00,100 גרם,false,1,10.90,2.7250,true,1,176964
7613035809109,false,פרפקטו רוטב עגבניות ובזיליקום 400 ג'אסם,אסם פרפקטו Perfecto,ES,פרפקטו רוטב עגבניות ובזיליקום 6*400גרם,גרמים,400.00,100 גרם,false,1,10.90,2.7250,true,1,176967
7613035809123,false,פרפקטו רוטב עגבניות עם פלפלים 400 ג' אסם,אסם פרפקטו Perfecto,ES,פרפקטו רוטב עגבניות עם פלפלים 6*400גרם,גרמים,400.00,100 גרם,false,1,10.90,2.7250,true,1,176966
7613035809857,false,פרפקטו רוטב עגבניות לפסטה ולבישול 400 ג' אסם,אסם פרפקטו Perfecto,ES,פרפקטו רוטב עגבניות לפסטה ולבישול 6*400ג,גרמים,400.00,100 גרם,false,1,10.90,2.7250,true,1,176965
7613036105545,false,"דוגלי גזע קטן 4*3 קילו ""אסם""",נסטלה פורינה באק הונ,HU,דוגלי גזע קטן 3 קג,קילוגרמים,3.00,"ק""ג",false,1,49.90,16.6333,true,1,180150
7613036286008,false,"פרייה אנד גוס אננס מנגו 250 מ""ל פחיות",נסטלה ווטרס ספלאי,FR,"משקה אננס מנגו מוגז - פחית 250 מ""ל",מיליליטרים,250.00,"100 מ""ל",false,1,8.50,3.4000,true,1,194161
7613036520492,false,פרפקטו רוטב עגבניות לפסטה 400 גרם,אסם פרפקטו Perfecto,ES,פרפקטו רוטב עגבניות לפיצה 6*400גרם,גרמים,400.00,100 גרם,false,1,10.90,2.7250,true,1,194337
7613036576734,false,קרטיב חמשושים חדש נסטלה 60 גר,פרונרי איבריה ס.ל,ES,נסטלה חמשושים חדש 18*60גרם,גרמים,60.00,100 גרם,false,1,7.90,13.1667,true,1,184770
7613037686906,false,פיטנס - דגני בוקר שקדים ודבש 355 גרם,נסטלה צרפת איטנקורט,FR,פיטנס שקדים ודבש 14*355גרם,גרמים,355.00,100 גרם,false,1,21.90,6.1690,true,1,191291
7613287325808,false,אוסם - דיפ אנד ספרד מטבל איולי שום 295 גרם,נסטלה פולין,PL,רוטב איולי שום לחיץ אסם 295 גרם,גרמים,295.00,100 גרם,false,1,14.90,5.0508,true,1,202982
7622010001858,false,עוגיות אוראו ממולאות קרם וניל 176 גרם.,פי אר ג'יי אס אי מנד,CZ,עוגיות אוראו ממולאות קרם וניל 176 גרם,גרמים,176.00,100 גרם,false,1,9.90,5.6250,true,1,175893
7622201137052,false,אוראו מיני קוקיס - עוגיות שוקולד צ'יפס ותחתית מצופה שוקולד חלב,מונדלז אספנה גלטאס פ,ES,מילקה מיני קוקיז 110 גרם,גרמים,110.00,100 גרם,false,1,8.90,8.0909,true,1,195177
7622201401900,false,עוגיות מילקה סנסיישן אוראו 156 גרם,מונדלז פולסקה פרודקש,PL,עוגיות מילקה סנסיישן אוראו 156 גרם,גרמים,156.00,100 גרם,false,1,13.90,8.9103,true,1,194064
7622201801809,false,מילקה שוקולד חלב עם אגוזים 100 גרם חדש,מנדלז דויצ'לנד סנקס,DE,שוקולד חלב אגוזים מילקה 100 גרם,גרמים,100.00,100 גרם,false,1,6.90,6.9000,true,1,202162
7622201802363,false,מילקה טבלת שוקולד חלב וצימוקים ואגוזים 100ג',מנדלז דויצ'לנד סנקס,PL,שוקולד חלב אגוז וצימוק מילקה 100 גרם,גרמים,100.00,100 גרם,false,1,6.90,6.9000,true,1,202161
7622201802394,false,שוקולד מילקה חלב מסרונים 100 גרם,מנדלז דויצ'לנד סנקס,PL,שוקולד חלב מילקה 100 גרם,גרמים,100.00,100 גרם,false,1,6.90,6.9000,true,1,202160
7622201808631,false,אוראו מיני עוגיות ממולאות קרם וניל 67גרם,פי.טי. מונדלז אינדונ,ID,אוראו מיני כוסות בטעם וניל 67 גרם,גרמים,67.00,100 גרם,false,1,6.90,10.2985,true,1,202164
7622201809188,false,ביסקוויט עם שוקולד חלב מילקה,מונדלז פרנס ביסקוויט,PL,מילקה ביסקויט 150 גרם,גרמים,150.00,100 גרם,false,1,14.90,9.9333,true,1,202310
7622210078131,false,מילקה שוקולד חלב במילוי קרם שמנת 100 ג',מנדלז דויצ'לנד סנקס,PL,מילקה שוקולד חלב עם דיים 100 גר',גרמים,100.00,100 גרם,false,1,6.90,6.9000,true,1,186673
7622210453327,false,עוגיות שוקוצ'יפס במילוי שוקולד סנסיישן,מנדלז פולסקה פרודקשן,PL,עוגיות מילקה סנסיישן 156 גרם,גרמים,156.00,100 גרם,false,1,13.90,8.9103,true,1,192603
7622210637994,false,מיני עוגיות אוראו קראנצ'י בייטס אורגינל,מונדלז אספניה ג'לאטס,ES,אוראו קראנצי בייטס 110 גרם,גרמים,110.00,100 גרם,false,1,8.90,8.0909,true,1,194626
7622210638021,false,מיני עוגיות אוראו קראנצ'י בייטס מצופים,מונדלז אספניה ג'לאטס,ES,אוראו קראנצ'י בייטס מצופים 110 גרם,גרמים,110.00,100 גרם,false,1,8.90,8.0909,true,1,194627
7622210826053,false,שוקולד מילקה אוראו סנדוויץ 92 גר',גיאורי קאקסז קייאףטי,PL,שוקולד מילקה אוראו סנדביץ 92 גרם,גרמים,92.00,100 גרם,false,1,6.90,7.5000,true,1,194344
7622210829108,false,עוגיות אוראו שוקו דקים 96 גרם,פי אר ג'יי אס סי מונ,UA,עוגיות אוראו דקות בטעם שוקולד 96 גרם,גרמים,96.00,100 גרם,false,1,7.90,8.2292,true,1,191957
7622210835338,false,אוראו עוגיות ממולאות טעם בראוניז 176 גרם,מנדלז אספנה גאלטס פר,ES,עוגיות אוראו בראוניז 176 גרם,גרמים,176.00,100 גרם,false,1,9.90,5.6250,true,1,187010
7622300270506,false,מילקה גריינס - עוגיות שיבולת שועל מצופות שוקולד 168 ג',מונדלז פולסקה פרודקש,PL,עוגיות שיבולת שועל מצופות 168 גרם,גרמים,168.00,100 גרם,false,1,13.90,8.2738,true,1,146563
7622300340292,false,גבינת שמנת 11% שומן 175 ג' פילדלפיה,מונדלז דויצ'לנד פרוד,DE,גבינת שמנת מופחתת שומן 11% שומן,גרמים,175.00,100 גרם,false,1,14.90,8.5143,true,1,182899
7622300503079,false,"מילקה, עוגיות ביסקוויט מצופות שוקולד - 200 גרם",מונדלז פולסקה פרודקש,PL,מילקה מו עוגיות ביסקוויט בציפוי שוקולד 200 גר',גרמים,200.00,100 גרם,false,1,13.90,6.9500,true,1,146644
7622300617820,false,מילקה שוקולד חלב במילוי קרם חלב ווניל ושבבי עוגיות אוראו 100 גרם,מנדלז דויצ'לנד סנקס,DE,שוקולד חלב אוראו מילקה 100 גרם,גרמים,100.00,100 גרם,false,1,6.90,6.9000,true,1,154658
7640175743451,false,משקה כוהלי על בסיס גין בומביי ספייר 250מ,בקרדי מרטיני,BE,פחית גין בומביי טוניק 250 מל,מיליליטרים,250.00,"100 מ""ל",false,1,14.90,5.9600,true,1,202133
7702018366286,false,ונוס סכיני גילוח סימפלי ידית ושלושה סכינים 3 להבים,פרוקטל אנד גמבל,MD,סכין סימפלי ונוס אישה,לא מנהל יחידת מידה,0.00,לא מנהל יחידת מידה,false,1,22.90,0.0000,true,1,190244
7702018471423,false,גילט פיוזן סטארט סכיני גילוח 4יח,פרןקטר אנד גמבל ברלי,PL,גילט פיוזן רביעיות סטארט,יחידה,1.00,יחידה,false,1,39.90,39.9000,true,1,199385
7702174068833,false,יוגטה סוכריות קשות על מקל ממולאות טופי בטעמי גלידת פירות 12 יח' 204 גרם,הדקלאים אגודת שיתופי,EC,לקקן יוגטה אייס קרים 12 יח,גרמים,216.00,100 גרם,false,1,10.90,5.0463,true,1,151605
7792860006218,false,סוכריות לקקנים בייבי דול Baby Doll לריטר,גוד פוד פרודקטס S.p,AR,"סוכריות בייבי דול, 24 גרם",גרמים,20.00,100 גרם,false,1,2.60,13.0000,true,1,9397
7840392000362,false,"פחם פרימיום 2 ק""ג",BRICAPER,,"פחם פרימיום 2 ק""ג",קילוגרמים,2.00,"ק""ג",false,1,19.90,9.9500,true,1,205061
7890557502477,false,כפכפי הווייאנס סלים,אלפרגאטאס,,כפכפי הוויאנס סלים זהב חלק 35-6,יחידה,1.00,יחידה,false,1,49.90,49.9000,true,1,182030
7890557502484,false,כפכפי הווייאנס סלים,אלפרגאטאס,,כפכפי הוויאנס סלים זהב חלק 37-8,יחידה,1.00,יחידה,false,1,49.90,49.9000,true,1,182031
7890557502491,false,כפכפי הווייאנס סלים,אלפרגאטאס,,כפכפי הוויאנס סלים זהב חלק 39-4,יחידה,1.00,יחידה,false,1,49.90,49.9000,true,1,182530
7890557502507,false,כפכפי הווייאנס סלים,אלפרגאטאס,,כפכפי הוויאנס סלים זהב חלק 41-2,יחידה,1.00,יחידה,false,1,49.90,49.9000,true,1,182043
7890732316479,false,כפכפי הווייאנס סלים,אלפרגאטאס,,כפכפי הוויאנס סלים שחור חלק 35-6,יחידה,1.00,יחידה,false,1,49.90,49.9000,true,1,182036
7890732316486,false,כפכפי הווייאנס סלים,אלפרגאטאס,,כפכפי הוויאנס סלים שחור חלק 37-8,יחידה,1.00,יחידה,false,1,49.90,49.9000,true,1,182038
7890732316493,false,כפכפי הווייאנס סלים,אלפרגאטאס,,כפכפי הוויאנס סלים שחור חלק 39-4,יחידה,1.00,יחידה,false,1,49.90,49.9000,true,1,182128
7890732316509,false,כפכפי הווייאנס סלים,אלפרגאטאס,,כפכפי הוויאנס סלים שחור חלק 41-2,יחידה,1.00,יחידה,false,1,49.90,49.9000,true,1,182039
7891024179482,false,"שטיפת פה קולגייט אופטיק וייט 500מ""ל",יבואן ומשווק: ש. שסט,PL,קולגייט מי פה אופטיק וייט 500 מל,מיליליטרים,500.00,"100 מ""ל",false,1,31.90,6.3800,true,1,154981
7893249567082,false,כפכפי הווייאנס סלים,אלפרגאטאס,,כפכפי הוויאנס סלים חלק בלט 37-8,יחידה,1.00,יחידה,false,1,49.90,49.9000,true,1,182320
7893249567099,false,כפכפי הווייאנס סלים,אלפרגאטאס,,כפכפי הוויאנס סלים חלק בלט 39,יחידה,1.00,יחידה,false,1,49.90,49.9000,true,1,182321
8000070081000,false,קפסולות קפה אספרסו הרמוניקו 8 10 יחידות,לאוג'י לוואצה אס.פי.,IT,קפסולות קפה הרמוניקו 50 גרם,גרמים,50.00,100 גרם,false,1,16.90,33.8000,true,1,205554
8000070081017,false,קפסולות קפה אספרסו דיצו 10 10 יחידות,לאוג'י לוואצה אס.פי.,IT,קפסולות דיצו 50 גרם,גרמים,50.00,100 גרם,false,1,16.90,33.8000,true,1,205555
8000215204219,false,משקה אורז אורגני ללא סוכר 1ל,בטר אנד דיפרנט,IT,משקה אורז אורגני 1 ליטר,ליטרים,1.00,ליטר,false,1,14.90,14.9000,true,1,69213
8000215204240,false,משקה שקדים ואורז - אורגני 1 ליטר,בטר אנד דיפרנט,IT,משקה שקדים ואורז אורגני 1 ליטר,ליטרים,1.00,ליטר,false,1,14.90,14.9000,true,1,69214
8000215204394,false,"משקה אורז אורגני אגוז לוז ""נטורפוד""",בטר אנד דיפרנט,US,משקה אגוזי לוז ואורז אורגני 1 ליטר,ליטרים,1.00,ליטר,false,1,18.90,18.9000,true,1,165461
8000215204554,true,משקה אורז קוקוס אורג,בטר אנד דיפרנט,IT,ויטאריז אורז עם קוקוס אורגני 1 ליטר,ליטרים,1.00,ליטר,false,1,14.90,14.9000,true,1,182731
8000215204677,false,ויטריז - משקה שיבולת שועל בריסטה אורגני,בטר אנד דיפרנט,IT,ויטריז משקה שיבולת שועל בריסטה אורגני 1ל,ליטרים,1.00,ליטר,false,1,14.90,14.9000,true,1,203892
8000215204714,false,משקה שיבולת שועל אורגני 1 ליטר PRIMAVENA,בטר אנד דיפרנט,IT,פרימאבנה משקה שיבולת שועל אורגני 1 ליטר,ליטרים,1.00,ליטר,false,1,14.90,14.9000,true,1,165462
8000380003723,false,וופל אגוזים בציפוי שוקולד לואקר 100 גרם,קריניציה ויטמינה אס,IT,ופל גרנד פטיסרי אגוזים 100 גרם,גרמים,100.00,100 גרם,false,1,12.90,12.9000,true,1,9510
8000380003761,false,וופל גרנד פטיסרי שוקולד וקוקוס לואקר 100 גרם,קריניציה ויטמינה אס,IT,לואקר גרנד פטיסרי קוקוס 100 גרם,גרמים,100.00,100 גרם,false,1,12.90,12.9000,true,1,9511
8000380004676,false,קוביות וופל סנדוויץ Sandwich עם וניל וחלב,"א. לואקר, קונפקט ג'י",AT,ופל סנדויץ קרם וניל לואקר 200 גרם,גרמים,200.00,100 גרם,false,1,14.90,7.4500,true,1,9512
8000380004911,false,קוביות וופל קואדרטיני Quadratini קרם אגוזים,קריניציה ויטמינה אס,AT,קוארדטיני אגוז 250 גר',גרמים,250.00,100 גרם,false,1,14.90,5.9600,true,1,9513
8000380004966,false,וופל קוארדטיני לואקר קוביות שוקולד 250ג',קריניציה ויטמינה אס,AT,קוארדטיני שוקולד 250 גר',גרמים,250.00,100 גרם,false,1,14.90,5.9600,true,1,9514
8000380007219,false,וופל בטעם אגוזים לואקר 175 גרם,ליימן מותגים,AT,לואקר קלאסיק אגוז 175 גרם,גרמים,175.00,100 גרם,false,1,10.90,6.2286,true,1,9515
8000380007257,false,וופל בטעם אגוזים לואקר 200 גרם,קריניציה ויטמינה אס,IT,לואקר גרנדה אגוז 200 גר',גרמים,200.00,100 גרם,false,1,14.90,7.4500,true,1,9516
8000380007264,false,וופל בטעם קקאו לואקר 175 גרם,קריניציה ויטמינה אס,AT,לואקר קלאסיק קקאו 175 גרם,גרמים,175.00,100 גרם,false,1,10.90,6.2286,true,1,12710
8000380144044,false,גרדנה וופל מצופה שוקולד חלב לואקר 200 גרם,"א. לואקר , AG/SpA, ו",IT,וופל במילוי קרם שוקולד מצופה שוקולד חלב,גרמים,200.00,100 גרם,false,1,14.90,7.4500,true,1,46013
8000380153442,false,לואקר קלאסיק טעם אגוז 90 גרם,ליימן שליסל,IT,ופל אגוז לואקר 90 גרם,גרמים,90.00,100 גרם,false,1,7.90,8.7778,true,1,155875
8000380153466,false,וופל לואקר שוקולד 90,קריניציה ויטמינה אס,IT,ופל שוקולד לואקר 90 גרם,גרמים,90.00,100 גרם,false,1,7.90,8.7778,true,1,155870
8000380154791,false,לואקר טורטינה שלישייה קלאסיק,קריניציה ויטמינה אס,IT,טורטינה אורגינל 21גר,גרמים,63.00,100 גרם,false,1,12.90,20.4762,true,1,172656
8000380155699,false,טורטינה 63ג' שוקולד לבן,קריניציה ויטמינה אס,IT,טורטינה 1/3 לבן,גרמים,63.00,100 גרם,false,1,12.90,20.4762,true,1,167497
8000380156573,false,לואקר בונבוניירה ורד הדולמיטים 150 גרם,קריניציה ויטמינה אס,IT,דולומיטים חלב 100ג,גרמים,150.00,100 גרם,false,1,23.90,15.9333,true,1,174728
8000380180721,false,לואקר וופל קקאו במילוי קרם חלבי 175 גר,קריניציה ויטמינה אס,AT,לואקר קלאסיק שוקו-חלב 175 גרם,גרמים,175.00,100 גרם,false,1,10.90,6.2286,true,1,176810
8000380180745,false,קוביות וופל קואדרטיני קקאו במילוי קר חלב,"א. לואקר, קונפקט ג'י",AT,ופל קואדרטיני שושו לבן 250 גרם,גרמים,250.00,100 גרם,false,1,14.90,5.9600,true,1,176732
8000380180837,false,וופל שוקולד לבן וקוקוס גראן פטיסרי Gran Pasticceria,"אינסטנטה בע""מ",IT,גרנד פטיסרי במילוי קרם קוקוס ובציפוי שוק,גרמים,100.00,100 גרם,false,1,12.90,12.9000,true,1,176724
8000380205400,false,קוביות וופל קואדרטיני בטעם חמאת בוטנים,ליימן מותגים,AT,קוואדרטיני חמאת בוטנים 250 גרם,גרמים,250.00,100 גרם,false,1,14.90,5.9600,true,1,205547
8000380205523,false,וופל לואקר קלאסיק חמאת בוטנים 175 גר,ליימן מותגים,AT,לואקר חמאת בוטנים 175 גרם,גרמים,175.00,100 גרם,false,1,10.90,6.2286,true,1,205546
8000500009673,false,בונבוניירת פררו רושה 300 גרם,קריות זול,IT,בונבוניירה רושר 300 גרם,גרמים,300.00,100 גרם,false,1,49.90,16.6333,true,1,25402
8000500018828,false,קינדר אצבעות שוקולד חצי מטר 300 גר,קדבורי,IT,שוקולד קינדר חצי מטר 300 גרם T(8X3)X12,גרמים,300.00,100 גרם,false,1,25.90,8.6333,true,1,192930
8000500023976,false,בונבוניירת רפאלו פררו 150 גרם,קריות זול,PL,כדור וופל בציפוי קוקוס פריך במילוי קרם ושקד שלם,גרמים,150.00,100 גרם,false,1,19.90,13.2667,true,1,9517
8000500037874,false,בונבוניירת פררו רושה 200 גרם,קריות זול,IT,בונבוניירה רושר אריזה דקורטיבית 200 גרם,גרמים,200.00,100 גרם,false,1,29.90,14.9500,true,1,9521
8000500071083,false,אצבעות שוקולד קינדר Kinder שש עשרה יחידות,קינדר Kinder,IT,אצבעות שוקולד קינדר 200 גר,גרמים,200.00,100 גרם,false,1,12.90,6.4500,true,1,9522
8000500164242,false,רפאלו 70 גרם קופסא עם פרח,קדבורי,PL,רפאלו 70 גרם,גרמים,70.00,100 גרם,false,1,12.90,18.4286,true,1,198355
8000500227848,true,נוטלה בי רדי שישיה 1,קדבורי,IT,נוטלה בי רדי שישיה 132 גרם,גרמים,132.00,100 גרם,false,1,13.90,10.5303,true,1,185762
8000500247167,false,פררו קולקשן - כדורי וופל מצופים 24 יחידו,פררו,DE,בונבוניירה פררו קולקשין 269 גרם,גרמים,269.00,100 גרם,false,1,49.90,18.5502,true,1,184875
8000500249352,false,קינדר בואנו מיני מיקס שקית 205 ג',קדבורי,PL,קינדר בואנו מיני מיקס,גרמים,205.00,100 גרם,false,1,21.90,10.6829,true,1,185768
8000500256213,false,קינדר שוקולד מיני בשקית.,קדבורי,IT,קינדר שוקולד מיני 120 גרם,גרמים,120.00,100 גרם,false,1,12.90,10.7500,true,1,191337
8000500267035,true,קינדר דליס יחידה בוד,פררו,ZA,קינדר דליס יחידה בודדת,לא מנהל יחידת מידה,0.00,לא מנהל יחידת מידה,false,1,2.90,0.0000,true,1,185886
8000500267103,true,קינדר דליס עשיריה,קדבורי,IT,קינדר דליס עוגת ספוג קקאו במילוי חלבי 390 גרם,גרמים,390.00,100 גרם,false,1,20.90,5.3590,true,1,185761
8000500269169,false,קינדר קארדס Kinder Cards - חמישייה,קריות זול,IT,קינדר קארדס חמישיה 128 גרם,גרמים,128.00,100 גרם,false,1,13.90,10.8594,true,1,206906
8000500386941,false,"ממרח קקאו עם אגוזי לוז, 900 גרם",קדבורי,IT,ממרח אגוזי לוז עם קקאו נוטלה 900גרם,גרמים,900.00,100 גרם,false,1,33.90,3.7667,true,1,205085
8000700000050,false,דאב סבון מוצק אורגינל רביעייה,יוניליוור גרמניה (מנ,DE,סבון מוצק לבן דאב רביעייה,גרמים,400.00,100 גרם,false,1,13.90,3.4750,true,1,9533
8000920704967,false,"שורטי צאנקי מנקי 150 מ""ל",מוצרי איכות אמריקאיי,IL,"גלידה שורטי צאנקי מאנקי 150 מ""ל",מיליליטרים,150.00,"100 מ""ל",false,1,10.90,7.2667,true,1,24399
8001090458353,true,פיירי אנטי בקטריאלי,פרוקטר אנד גמבל,DE,פיירי אנטי בקטריאלי 515 מל,מיליליטרים,515.00,"100 מ""ל",false,1,9.90,1.9223,true,1,198990
8001090810205,false,פאנטן 500 שמפו נוסחה קלאסית,פנטן שמפן/מרכך 500 מ,RO,"פנטן שמפו נוסחה קלאסית 500 מ""ל",מיליליטרים,500.00,"100 מ""ל",false,1,18.90,3.7800,true,1,184845
8001160001786,false,"משקה אנרגיה גטורייד ספורט כחול 500מ""ל",סאן בנדטו אס פי איי,IT,"משקה גטורייד בטעם פטל ,מופחת קלוריות.",מיליליטרים,500.00,"100 מ""ל",false,1,10.90,2.1800,true,1,154044
8001160001892,false,"משקה אנרגיה גטורייד ספורט תפוז אדום 500מ""ל",פארייפאבה אגרואינדוס,IT,גטורייד ספורט תפוז אדום בקבוק 500 תריסר,מיליליטרים,500.00,"100 מ""ל",false,1,10.90,2.1800,true,1,155250
8001505000177,true,מעדן משמש אורגני ללא,אף.סי תבליני בגליל ב,IT,אורגניכ פארמינג מעדן משמש 250 גרם,גרמים,250.00,100 גרם,false,1,20.90,8.3600,true,1,188936
8001505000306,true,מעדן פירות יער אורגנ,אף.סי תבליני בגליל ב,IT,אורגניכ פארמינג מעדן פירות יער 250 גרם,גרמים,250.00,100 גרם,false,1,20.90,8.3600,true,1,188937
8001505000313,false,ממרח אגוזי לוז אורגני 270 גרם NICCIOLATA,ריג'וני דה אסינו,IT,ממרח אגוזי לוז אורגני 270 גרם ניקולטה,גרמים,270.00,100 גרם,false,1,22.90,8.4815,true,1,164089
8001505000320,false,מעדן תותי יער אורגני 250 ג FIORDIFRUTTA,אף.סי תבליני בגליל ב,IT,מעדן תותים ותותי בר אורגני ללא סוכר 250,גרמים,250.00,100 גרם,false,1,21.90,8.7600,true,1,164088
8001505001105,true,ממרח אגוזי לוז אורגנ,אף.סי תבליני בגליל ב,IT,ממרח אגוזי לוז אורגני לא חלבי 270 גרם ני,גרמים,270.00,100 גרם,false,1,22.90,8.4815,true,1,182657
8001620019160,false,"סן בנדטו אפרסק 400 מ""ל 12 יח'",אקווה מינרלה סאן בנד,IT,"סן בנדטו אפרסק 400 מ""ל",מיליליטרים,400.00,"100 מ""ל",false,1,8.50,2.1250,true,1,206680
8001620019177,false,"סן בנדטו ענבים 400 מ""ל 12 יח'",אקווה מינרלה סאן בנד,IT,סן בנדטו ענבים 400,מיליליטרים,400.00,"100 מ""ל",false,1,8.50,2.1250,true,1,206681
8001841019291,false,אריאל קפסולות לכביסה בניחוח לנור 16 יחיד,פרוקטר אנד גמבל,FR,קפסולות גל לכביסה 3 ב 1 אריאל,לא מנהל יחידת מידה,0.00,לא מנהל יחידת מידה,false,1,19.90,0.0000,true,1,187557
8001841137179,false,קונדישינר הד&שולדרס הנוסחה הקלאסית 275מל,פרוקטר אנד גמבל,RO,"הד אנד שולדרס מרכך קלאסי 275 מ""ל",מיליליטרים,275.00,"100 מ""ל",false,1,16.90,6.1455,true,1,191422
8001841625461,false,סבון כלים פלטינום X3 פעולות להסרת שומנים,פרוקטר אנד גמבל,GB,"פיירי פלטינום אורגינל החדש 515 מ""ל",מיליליטרים,515.00,"100 מ""ל",false,1,9.90,1.9223,true,1,191851
8001841669465,false,אריאל קפסולות לכביסה ג'ל 24 יח' בניחוח לנור,פרוקטר אנד גמבל,FR,אריאל קפסולות 24 יח בניחוח לנור,יחידה,1.00,יחידה,false,1,39.90,39.9000,true,1,196243
8001841716596,false,"הד אנד שולדרס ג'ל רחצה ושמפו מרענן 360 מ""ל","נארז ע""י : א.ג. גילר",FR,"הד שולדרס גל רחצה ושמפו מרענן 360 מ""ל",מיליליטרים,360.00,"100 מ""ל",false,1,19.90,5.5278,true,1,196880
8001841722306,false,מגן תחתון אלוויז וליופק לונג פלוס 40 יחי',פרוקטר & גמבל,DE,מגן תחתון אולוויז וליופק לונג פלוס 40 יחידות,לא מנהל יחידת מידה,0.00,לא מנהל יחידת מידה,false,1,19.90,0.0000,true,1,196487
8001943549122,true,מטבעות צוקטה חלב,ואל קור קורסניני אס,IT,מטבעות צוקטה חלב,לא מנהל יחידת מידה,0.00,לא מנהל יחידת מידה,false,1,4.90,0.0000,true,1,183533
8002267014662,true,צוקטה ביצי שוקולד הו,דולפין ספא,IT,צ'וקטה מארז 3 יח' ביצת שוקולד חלב ברבי 60 גרם,גרמים,60.00,100 גרם,false,1,12.90,21.5000,true,1,197795
8002267016475,false,ביצת שוקולד הפתעה בוב הבנאי שלישייה 60 ג,מולינו ניקולי s.p.a,IT,צוקטה 3 ביצי שוקולד חלב עם הפתעות 60 גרם,גרמים,60.00,100 גרם,false,1,12.90,21.5000,true,1,199668
8003385312104,false,עגבניות קוביות אנטונ,אנטונלה,IT,עגבניות קוביות אנטונלה שלישייה 400גרם,גרמים,400.00,100 גרם,false,3,14.90,3.7250,true,1,203396
8003753158556,false,אילי קפסולות אספרסו קלאסיקו 10 יח' 57 גרם,ג'ייקובס דאו אגרבטס,FR,קפסולות אספרסו קלאסיקו ILLY 10יח 57גרם,גרמים,57.00,100 גרם,false,1,19.90,34.9123,true,1,191444
8003753158587,false,אילי illy קפסולות אספרסו פורטה 10 יחיד,ג'ייקובס דאו אגרבטס,FR,קפסולות קפה פורטה,גרמים,57.00,100 גרם,false,1,19.90,34.9123,true,1,191446
8003753158617,false,אילי קפסולות אספרסו לונגו קלאסיקו 10 יח' 57 גרם,ג'ייקובס דאו אגרבטס,FR,קפסולות קפה לונגו,גרמים,57.00,100 גרם,false,1,19.90,34.9123,true,1,191447
8004030026018,false,"מקסיקני עם טונה ריו מרה אינסלטיסימי, 160 ג'","בולטון אלימנטרי בע""מ",IT,ריו מרה ירקות בנוסח מקסיקני עם טונה 160 גרם,גרמים,160.00,100 גרם,false,1,18.50,11.5625,true,1,175174
8004030044005,false,נתחי טונה בהירה בשמן זית ריו מרה 112גרם,"בולטון אלימנטרי בע""מ",IT,ריו מרה טונה בשמן זית 160 ג,גרמים,160.00,100 גרם,false,1,18.50,11.5625,true,1,9652
8004030081024,false,נתחי טונה עם שום ופלפל אדום ריו מרה 160 ג',"בולטון אלימנטרי בע""מ",IT,ריו מר נתחי טונה בהירה בשמן זית ופלפל 160 גרם,גרמים,160.00,100 גרם,false,1,18.50,11.5625,true,1,9654
8004030344938,false,ריו מרה טונה בשמן זית 80 גרם*שלישייה,"בולטון אלימנטרי בע""מ",IT,ריו מרה נתחי טונה בהירה בשמן זית 240 גרם,גרמים,240.00,100 גרם,false,1,27.90,11.6250,true,1,177129
8005200486526,false,"נסטי, תה קר בטעם אפרסק 500 מל",מפעל סאנפלגרינו S.p.,IT,"נסטי, תה קר בטעם אפרסק 500 מל",מיליליטרים,500.00,"100 מ""ל",false,1,6.90,1.3800,true,1,152779
8005360002185,false,דה לה נונה-רוטב עגבניות אורגני-בזיליקום 350 גרם,אף.סי תבליני בגליל ב,IT,רוטב עגבניות אורגני עם בזיליקום 350 גרם,גרמים,350.00,100 גרם,false,1,12.90,3.6857,true,1,185953
8005360004639,false,דה לה נונה-רוטב עגבניות אורגני-עם פלפלים 350 גרם,אף.סי תבליני בגליל ב,IT,רוטב עגבניות אורגני עם פלפלים 350 גרם,גרמים,350.00,100 גרם,false,1,12.90,3.6857,true,1,185955
8005469981602,false,פילה אנשובי איטלקי בשמן חמניות 75 גרם,בנדטו סקילה,,פילה אנשובי איטלקי שמן חמניות 75 גרם,גרמים,75.00,100 גרם,false,1,15.90,21.2000,true,1,174951
8005803010357,false,גריסיני קלאסי - מקלות אפויים עם שמן זית ומלח,"אינסטנטה בע""מ",IT,גריסיני קלאסי 125 גרם,גרמים,125.00,100 גרם,false,1,8.90,7.1200,true,1,177175
8005803010371,false,"גריסיני רוזמרין - מקלות אפויים עם שמן זית, מלח ורוזמרין","אינסטנטה בע""מ",IT,גריסיני רוזמרין 125 גרם,גרמים,125.00,100 גרם,false,1,8.90,7.1200,true,1,177186
8005803010586,false,"מקלות אפויים עם שמן זית, מלח, עגבניות ואורגנו, 125 גרם, אמור די פאן","הוסטה איטליה, ס.ר.ל.",IT,מקלות אפויים בטעם פיצה,גרמים,125.00,100 גרם,false,1,8.90,7.1200,true,1,177176
8005803010661,false,"מקלות אפויים עם שמן זית, מלח, ושומשום, 125 גרם, אמור די פאן","הוסטה איטליה, ס.ר.ל.",IT,גריסיני שומשום 125 גרם,גרמים,125.00,100 גרם,false,1,8.90,7.1200,true,1,177177
8006050090239,false,"חומץ בלסמי ממודנה מאצטי אורגני 500 מ""ל",יבואן ומשווק: ש. שסט,IT,מאצטי אורגינל חומץ בלסמי ממודנה 500 מל,מיליליטרים,500.00,"100 מ""ל",false,1,27.90,5.5800,true,1,182744
8006227001389,false,סמנצאטו לחם מלא שמן זית ללא קשה 400 גר,רו. מאר ס.ר.ל,IT,סמנצאטו לחם מחמצת קמח לבן משמן זית 400 ג,גרמים,250.00,100 גרם,false,1,18.90,7.5600,true,1,202955
8006540112823,false,"לנור מרכך כביסה מרוכז בניחוח האוקיינוס 900 מ""ל",פרוקטר אנד גמבל,FR,לנור מרכך מרוכז אוקיינוס 900מל,מיליליטרים,900.00,"100 מ""ל",false,1,16.90,1.8778,true,1,201974
8006540425930,false,אריאל קפסולות לכביסה ג'ל 24 יח' לכתמים קשים,פרוקטר אנד גמבל,FR,אריאל קפסולות לכביסה לכמים קשים 24 יחיד,לא מנהל יחידת מידה,0.00,לא מנהל יחידת מידה,false,1,39.90,0.0000,true,1,203621
8006540592434,true,תחבושות אולוויז נורמ,פרוקטר,DE,תחבושות אולוויז נורמל פלוס 28 יח,יחידה,28.00,יחידה,false,1,18.90,0.6750,true,1,205397
8006540592465,false,אולוויז תחבושות לונג 24 יח,פרוקטר,DE,תחבושות אולוייז כפול לונג פלוס 24 יח,יחידה,24.00,יחידה,false,1,18.90,0.7875,true,1,205372
8006540592496,false,תחבושות אולוויז אולטרא כפול לילה 20 יח,פרוקטר,DE,תחבושות אולוייז כפול לילה 20,יחידה,20.00,יחידה,false,1,18.90,0.9450,true,1,205373
8007178120310,false,חומץ בלסמי ד'מודנה Giacobazzi,פטורייה ג'יאקובאזי ס,IT,"חומץ בלסמי ממודנה 500 מ""ל",מיליליטרים,500.00,"100 מ""ל",false,1,21.90,4.3800,true,1,9708
8007178223547,false,קרם מצומצם עם חומץ בלסמי ממודנה,פארייפאבה אגרואינדוס,IT,קרם בלסמי מצומצם ממודנה 250 מל,מיליליטרים,250.00,"100 מ""ל",false,1,24.90,9.9600,true,1,171928
8007270999012,false,שמן גרעיני ענבים 1 ליטר,קוסטה דיאורו,IT,שמן גרעיני ענבים 1 ליטר קוסטה דאורו,ליטרים,1.00,ליטר,false,1,46.90,46.9000,true,1,178782
8008660210014,false,מעדן ריבה מנץ אנד גאססר משמש 300 גר,קריניציה ויטמינה אס,IT,מעדן משמש מנז אנד גאסר,גרמים,300.00,100 גרם,false,1,15.90,5.3000,true,1,176162
8008940228005,false,גנדולה עוגיות כוסמין אורגניות 350 גרם,תות תעשיות מזון (201,IT,עוגיות כוסמין אורגניות,גרמים,350.00,100 גרם,false,1,18.90,5.4000,true,1,192295
8009149000119,false,"קמח תירס מולינו פיילה - פולנטה 1 ק""ג",פוקולוקו,IT,"קמח תירס פולנטה 1 ק""ג",קילוגרמים,1.00,"ק""ג",false,1,14.90,14.9000,true,1,154359
8010024006010,false,השקד – 100% חמאת שקדים 350 גרם,תות תעשיות מזון (201,IT,חמאת שקדים,גרמים,350.00,100 גרם,false,1,42.90,12.2571,true,1,178614
8017938005122,false,חומץ תפוחים אורגני 750מל,מריה לוצ'יה מלצ'יורי,IT,חומץ תפוחים אורגני 750 מל,מיליליטרים,750.00,"100 מ""ל",false,1,19.90,2.6533,true,1,164096
8017938005764,false,מיץ תפוחים אורגני 100% 1 ליטר נטורפוד,לוצ'ה מריה,IT,נטור פוד מיץ תפוחים אורגני 100% טבעי 1 ליטר,ליטרים,1.00,ליטר,false,1,22.20,22.2000,true,1,174786
8024985002783,true,מחית סמוזי גזר דלעת,נטורה נובה,IT,מחית סמוזי גזר דלעת 100 גרם,גרמים,100.00,100 גרם,false,1,6.50,6.5000,true,1,182745
8024985002943,false,סמוזי נטורה נובה תפוח אננס קוקוס 100 גרם,נטורה נובה,IT,סמוצ'י תפוח אננס קוקוס אורגניים,גרמים,100.00,100 גרם,false,1,6.50,6.5000,true,1,188965
8024985002950,false,נטורה נובה-סמוזי שזיף אורגני 100 גרם,נטורה נובה,IT,סמוצ'י תפוח בננה תרד אורגניים,גרמים,100.00,100 גרם,false,1,6.50,6.5000,true,1,188964
8024985003988,false,סמוזי תפוח בננה 100 גר נטורה נובה,נטורה נובה,IT,סמוצ'י תפוח בננה אורגניים 100 גרם,גרמים,100.00,100 גרם,false,1,6.50,6.5000,true,1,178742
8024985005234,false,סמוזי נטורה נובה סמוצי תפוח מנגו 100 גרם,נטורה נובה,IT,סמוצ'י תפוח אפרסק מנגו אורגניים 100 גרם,גרמים,100.00,100 גרם,false,1,6.50,6.5000,true,1,178747
8024985008037,false,סמוזי נטורה נובה סמוצי תפוח 100 גרם,"נטורפוד בע""מ",IT,סמוצ'י תפוחים אורגניים 100 גרם,גרמים,100.00,100 גרם,false,1,6.50,6.5000,true,1,168391
8024985008044,false,נטורה משקה סמודי אגסים אורגני 100 גר,"נטורפוד בע""מ",IT,סמוצ'י אגסים אורגניים 100 גרם,גרמים,100.00,100 גרם,false,1,6.50,6.5000,true,1,168390
8024985008051,false,נטורה סמודי פירות אדומים אורגניים 100מל,"נטורפוד בע""מ",IT,סמוצ'י פירות אדומים אורגניים 100 גרם,גרמים,100.00,100 גרם,false,1,6.50,6.5000,true,1,168389
8024985011204,false,נטורה נובה-סמוזי תפוח תות בננה 100 גרם,נטורה נובה,IL,נטורה נובה - סמוזי תפוח תות בננה 100 גרם,גרמים,350.00,100 גרם,false,1,5.90,1.6857,true,1,204590
8032685196770,false,עגבניות אורגניות מקולפות 400 גרם SOLANIA,סולניה,IT,עגבניות אורגניות מקולפות סולוניה 400 גרם,גרמים,400.00,100 גרם,false,1,6.90,1.7250,true,1,150456
8032804435636,true,פסטה פוזילי 4 דגנים,מולינו אנדריאני,IT,פסטה פוזילי 4 דגנים ללא גלוטן 340 גרם,גרמים,340.00,100 גרם,false,1,13.90,4.0882,true,1,182747
8032880800243,false,פיקניק הפתעה - אגוזי לוז ומקלות אפויים,"הוסטה איטליה, ס.ר.ל.",IT,פיקניק הפתעה - אגוזי לוז ומקלות אפויים,גרמים,50.00,100 גרם,false,1,10.50,21.0000,true,1,45925
8052440756216,false,שמן חמניות אורגני כבישה קרה 1 ליטר,תות תעשיות מזון (201,IT,נטורפוד שמן חמניות אורגני בכבישה קרה 1 ליטר,ליטרים,1.00,ליטר,false,1,34.90,34.9000,true,1,164153
8052440756315,false,שמן קנולה אורגני 1 ליטר נטורפוד,תות תעשיות מזון (201,IT,נטור פוד שמן קנולה אורגני בכבישה קרה 1 ליטר,ליטרים,1.00,ליטר,false,1,34.90,34.9000,true,1,164152
8076800195057,false,ברילה - צ.א ספגטי מס5 חדש 500 גרם,ברילה גי.אי.אר פרטלי,IT,ברילה ספגטי מס' 5 500 גרם,גרמים,500.00,100 גרם,false,1,6.90,1.3800,true,1,9875
8076802085738,false,ברילה - צ.ק פנה רגטה חדש 500 גרם,ברילה גי.אי.אר פרטלי,IT,ברילה פנה רגטה מס 73 500 גרם,גרמים,500.00,100 גרם,false,1,6.90,1.3800,true,1,9881
8076808060654,false,פסטה פרפלה מספר 65 ברילה 500 גרם,ברילה גי.אי.אר פרטלי,IT,ברילה פסטה פתיתים פרפלה 500 גרם,גרמים,500.00,100 גרם,false,1,6.90,1.3800,true,1,9888
8076808070882,false,קנלוני מספר 88 ברילה 250 גרם,פאסטיפיקו ריגו אס.אר,IT,פסטה ברילה קנלוני מס 88 250 גרם,גרמים,250.00,100 גרם,false,1,14.90,5.9600,true,1,9889
8076809513654,false,בסיס רוטב עגבניות לבולונז ברילה 400 גרם,ברילה גי.אי.אר פרטלי,IT,ברילה רוטב בסיס לפסטה בולונז 400 גרם,גרמים,400.00,100 גרם,false,1,13.90,3.4750,true,1,21997
8076809513692,false,רוטב עגבניות נפולטנה בתוספת ירקות,ברילה גי.אי.אר פרטלי,IT,ברילה רוטב עגבניות עם ירקות שורש לפסטה 400 גרם,גרמים,400.00,100 גרם,false,1,13.90,3.4750,true,1,9896
8076809513739,false,ברילה רוטב עגבניות עם בזיליקום 400 גרם,ברילה גי.אי.אר פרטלי,IT,ברילה רוטב עגבניות עם בזיליקום לפסטה 400 גרם,גרמים,400.00,100 גרם,false,1,13.90,3.4750,true,1,35110
8076809523561,false,ברילה - רוטב פסטה בטעם טוסקנה 400 גרם,ברילה גי.אי.אר פרטלי,IT,ברילה רוטב טוסקנה לפסטה 400 גרם,גרמים,400.00,100 גרם,false,1,13.90,3.4750,true,1,55390
8076809523738,false,פסטה ברילה לזניה 500ג',ברילה גי.אי.אר פרטלי,IT,לזניה ברילה 500 גרם,גרמים,500.00,100 גרם,false,1,23.90,4.7800,true,1,14482
8076809545457,false,ברילה אטריות ללא גלוטן 400 ג' צינורות 400 ג',ברילה ג'.אי.אר פרטלי,IT,ללא גלוטן - אריזה חדשה,גרמים,400.00,100 גרם,false,1,14.90,3.7250,true,1,174577
8076809545464,false,ברילה פסטה ללא גלוטן צורת ספירלי 400 גר,מולינו אנדריאני אס.א,IT,ברילה פוזילי על בסיס קמח תירס ללא גלוטן 400 גרם,גרמים,400.00,100 גרם,false,1,14.90,3.7250,true,1,174578
8076809576352,false,ברילה לזניה ללא גלוטן 250 גרם,ברילה גי.אי.אר פרטלי,IT,ברילה לזניה ללא גלוטן 250 גרם,גרמים,250.00,100 גרם,false,1,22.90,9.1600,true,1,201632
8358110076302,false,כוסות לחיים 40 יחידות,"איטיליאן פוד, אס.פי.",CN,הנמל כוס לחיים 40 יח' 1oz,גרמים,0.00,100 גרם,false,1,9.90,0.0000,true,1,51359
8410076801067,false,חטיף נייטצר ואלי דבש,סאן אדריאן,ES,חטיף נייטצר ואלי דבש 21 גרם,גרמים,21.00,100 גרם,false,1,2.90,13.8095,true,1,205915
8410076801074,false,חטיף נייטצר ואלי שוק,סאן אדריאן,ES,חטיף נייטצר ואלי שוקולד 21 גרם,גרמים,21.00,100 גרם,false,1,2.90,13.8095,true,1,205916
8410104045111,false,"פיניש מלח למדיח כלים 2ק""ג",רקיט בנקיזר,IL,פיניש מלח למדיח כלים 2 קג,קילוגרמים,2.00,"ק""ג",false,1,14.90,7.4500,true,1,10222
8410179100043,false,שמן זית בורחס מעולה7,PONTU BORGES ACEITES,ES,"BORGES שמן זית כתית מעולה 750 מ""ל",מיליליטרים,750.00,"100 מ""ל",false,1,36.90,4.9200,true,1,189689
8410179200811,false,*מבצע* שמן זית 750 מ,PONTU BORGES ACEITES,ES,BORGES שמן זית כתית מעולה לייט 750מל,מיליליטרים,750.00,"100 מ""ל",false,1,36.90,4.9200,true,1,196065
8410182420114,false,"בצלצלי פנינה בחומץ 370 מ""ל",דליסיאס,,בצלצלי פנינה בחומץ 370 גרם,גרמים,370.00,100 גרם,false,1,11.90,3.2162,true,1,66697
8423207206488,false,סלים דליס חטיף דגנים מצופה שוקולד חלב מרבה 6*20 גרם,אף.סי תבליני בגליל ב,ES,חטיף דגנים סלים דליס שוקולד חלב 120 גרם,גרמים,120.00,100 גרם,false,1,13.90,11.5833,true,1,167503
8423207207362,false,חטיף דגנים סלים דליס שוקולד לבן 120 גר,ביסנצ'ורי אס.אל.יו,ES,סלים דליס שוקולד לבן 120 גרם,גרמים,120.00,100 גרם,false,1,13.90,11.5833,true,1,167506
8423371000462,false,סאליסול- קוקטייל מיקס 50 גרם,גלוברנדס,ES,סאליסול טו גו קוקטיל מיקס,גרמים,50.00,100 גרם,false,1,5.90,11.8000,true,1,189846
8423371000516,false,סאליסול- בוטנים ושקדים מקורמלים 50 גרם,גלוברנדס,ES,פיצוחים בפחית טו גו בוטנים ושקדים מקורמל,גרמים,50.00,100 גרם,false,1,5.90,11.8000,true,1,191917
8423371000530,false,בוטנים מלוחים סאליסול 60 גרם,SALTS OK,ES,סאליסול טו גו בוטנים עם מלח,גרמים,60.00,100 גרם,false,1,5.90,9.8333,true,1,189847
8423371000653,false,סאליסול- בוטנים מלוחים בדבש 50 גרם,גלוברנדס,ES,סאליסול טו גו בוטנים עם דבש ומלח,גרמים,50.00,100 גרם,false,1,5.90,11.8000,true,1,189849
8423371005078,false,סאליסול- מיקס פיקנטי 50 גרם,גלוברנדס,ES,סאליסול טו גו מיקס פיקנטי,גרמים,50.00,100 גרם,false,1,5.90,11.8000,true,1,189848
8423371005795,false,פיצוחים בפחית טו גו,SALTS OK,ES,סאליסול טו גו קאנטרי מיקס,גרמים,45.00,100 גרם,false,1,5.90,13.1111,true,1,189845
8595134503302,false,"פילטר ארוך 6 מ""מ.",,,פילטר 6 ארוך,Unknown,0.00,Unknown,false,1,6.50,0.0000,false,1,186279
8595134503487,false,פילטרים לגילגול 5.3 ארוך PIH,,,פילטר 5.3 ארוך,יחידה,1.00,יחידה,false,1,7.50,7.5000,true,1,188755
8595134503975,false,נייר גלגול בינוני כולל פילטר PIH,,,נייר בינוני כולל פילטר,לא מנהל יחידת מידה,0.00,לא מנהל יחידת מידה,false,1,6.00,0.0000,false,1,191016
8606018615827,false,גלידת וניל עם שברי עוגיות אוראו 480 גרם,פרונרי סרביה,IL,פיינט אוראו 480גרם,גרמים,480.00,100 גרם,false,1,22.90,4.7708,true,1,204337
8606018615841,false,גלידה וניל עם ליבת שוקולד חלב מעולה 480 גרם,פרונרי סרביה,IL,פיינט מילקה וניל ליבת שוקולד 480גרם,גרמים,480.00,100 גרם,false,1,22.90,4.7708,true,1,204338
8606018615865,false,פיינט מילקה קרמל ליבת שוקולד 480 גרם,פרונרי סרביה,IL,פיינט מילקה קרמל ליבת שוקולד 480גרם,גרמים,480.00,100 גרם,false,1,22.90,4.7708,true,1,204339
8683130012666,false,מגנום דאבל לבן עוגיות 200 גרם,"מיוצר ע""י יונילוור ס",TR,מגנום דאבל לבן עוגיות 74 גרם,גרמים,74.00,100 גרם,false,1,11.90,16.0811,true,1,204671
8683323063024,false,יוגטה שטיחים בטעם תותי פרוטי 220 גרם,ליימן מותגים,TR,יוגוטה ממתק בטעם תותי פרוטי בצורת שטיח 220 גרם,גרמים,220.00,100 גרם,false,1,8.90,4.0455,true,1,179218
8690504081920,false,מקוויטיס טינס מצופה שוקולד מריר 150 גרם,שוורצקוף& הנקל דיסלד,TR,טינס מצופה שוקולד מריר 150 גרם,גרמים,150.00,100 גרם,false,1,13.90,9.2667,true,1,182100
8690637007705,false,מסטיגם וניל מסטיק על מקל ללא סוכר,"מיוצר ע""י יוניליוור",TR,שלגון מסטיגם 80 גרם,גרמים,80.00,100 גרם,false,1,6.90,8.6250,true,1,186026
8690637041129,false,"דאב שמפו לשיער פגום 400 מ""ל",יוניליוור סנאיי וי ט,TR,"דאב, שמפו עם טכנולגיית Keratin repair",מיליליטרים,400.00,"100 מ""ל",false,1,17.90,4.4750,true,1,40602
8690637555084,false,מרכך כביסה בדין אקסטרא פריחת תפוז 960 מל,יוניליוור סנאיי וי ט,TR,בדין מרכך כביסה אקסטרה פריחת התפוז,מיליליטרים,960.00,"100 מ""ל",false,1,19.90,2.0729,true,1,63572
8690637842382,false,מגנום דאבל פרי יער שטראוס 82 גר,"מיוצר ע""י יונילוור ס",TR,מגנום וניל פירות יער,גרמים,85.00,100 גרם,false,1,11.90,14.0000,true,1,181522
8690637879395,false,שלגון מגנום דאבל פיס,יוניליוור סנאי ןי טי,TR,מגנום דאבל פיסטוק 72 גרם,גרמים,72.00,100 גרם,false,1,10.90,15.1389,true,1,187641
8690637989629,false,מגנום דאבל דולצ'ה גולד בטעם וניל עם ריפל בטעם שוקולד 246 גרם,יונילוור סנאיי וי טי,TR,מגנום שלגון מגנום דאבל דולצ'ה גולד 63 גרם,גרמים,63.00,100 גרם,false,1,11.90,18.8889,true,1,195192
8690637997914,false,גלידת מגנום וניל שקדים בכוס אישית 76 גרם,יונילוור סנאיי וי טי,TR,מגנום כוס אישי שמנת ונ.שקדים 76גרם,גרמים,76.00,100 גרם,false,1,7.90,10.3947,true,1,202333
8690637997921,false,גלידת שמנת וניל קלאסיק בכוס אישית 63 גרם,יונילוור סנאיי וי טי,TR,מגנום כוס אישי שמנת וניל 81 גרם,גרמים,81.00,100 גרם,false,1,7.90,9.7531,true,1,202334
8690758981021,false,צמר גפן מכותנה טבעית,,,צמר גפן מכותנה טבעית מזור,גרמים,100.00,100 גרם,false,1,5.90,5.9000,true,1,183815
8690766156367,false,שוקולד חלב גודייבה מעולה 90 גר,"אולקר מקבוצת פלאדיס,",TR,טבלת שוקולד חלב מעולה,גרמים,90.00,100 גרם,false,1,14.90,16.5556,true,1,191590
8690766156374,false,שוקולד גודייבה מריר 72% מוצרי קקאו 90 גר,"אולקר מקבוצת פלאדיס,",TR,טבלת שוקולד מריר מעולה 72% מוצקי קקאו,גרמים,90.00,100 גרם,false,1,14.90,16.5556,true,1,191593
8690766156381,false,גודייבה שוקולד מריר 90% מוצקי קקאו 90 גרם,"אולקר מקבוצת פלאדיס,",TR,טבלת שוקולד מריר מעולה 90% מוצקי קקאו,גרמים,90.00,100 גרם,false,1,14.90,16.5556,true,1,191591
8690777206051,false,חצילים קלויים על האש סארה 650 גר',קוראהן פזלרמה וי דיס,TR,סרה חציל קלוי על האש 650 גרם,גרמים,650.00,100 גרם,false,1,12.90,1.9846,true,1,49482
8690777221405,false,פלפל אדום קלויים על האש 650 גרם SERA,קוראהן פזלרמה וי דיס,TR,סרה פלפלים אדומים קלויים על האש 650 גרם,גרמים,650.00,100 גרם,false,1,12.90,1.9846,true,1,71085
8693323099107,true,מרשמלו לבבות,"אינסטנטה בע""מ",TR,יוגאוטה - מרשמלו בלבבות,Unknown,0.00,Unknown,false,1,8.90,0.0000,true,1,198154
8693495051255,false,מברשת שיניים סלים סופט זהב קולגייט זוג,קולגייט - פלמוליב,CN,קולגייט מברשת סלים סופט זהב זוג,יחידה,1.00,יחידה,false,1,34.90,34.9000,true,1,180096
8697418280111,false,עלי טורטייה 25 סמ 840 גרם LAVALIA,פרינסיס און וה אונלו,TR,"עלי טורטייה 25 ס""מ 840 גרם",גרמים,840.00,100 גרם,false,1,27.60,3.2857,true,1,51698
8697418280333,false,שערות קדאיף מיובשות 500 גרם,פרינסיס און וה אונלו,TR,שערות קדאיף 500 גרם,גרמים,500.00,100 גרם,false,1,22.90,4.5800,true,1,167935
8697530910743,false,סיגריות פאל מאל כחול קצר מטאליק,Unknown,,סיגריות פאל מל כחול חפיסה בודד,יחידה,1.00,יחידה,false,1,31.40,31.4000,false,1,46641
8697530910750,false,סיגריות פאל מאל כחול ארוך האוס,Unknown,,סיגריות פאל מל כחול ארוך חפיסה בודד,יחידה,0.00,יחידה,false,1,31.40,0.0000,false,1,46642
8697530910781,false,סיגריות פאל מאל אדום מטאליק,גלוברנדס,,סיגריות פאל מל אדום חפיסה בודד,יחידה,1.00,יחידה,false,1,31.40,31.4000,false,1,46643
8697659225186,false,"מטהר אוויר משב הכותנה יעקבי 250 מ""ל",כפרי בריא,TR,יעקבי פרש מור מטהר אוויר כותנה 250 מל,מיליליטרים,250.00,"100 מ""ל",false,1,15.90,6.3600,true,1,178434
8710502064814,false,עוגיות מרבה שוקולד ציפס במרקם רך 175 גר,בנקטבקריי מרבה בי.וי,NL,מרבה עוגיות שוקולד צ'יפס במרקם רך 175 גרם,גרמים,225.00,100 גרם,false,1,9.90,4.4000,true,1,172220
8710502100864,false,עוגיות מרבה פטיסרי דאבל שוקולד 200 גרם,מרבה,NL,מרבה פטיסרי עוגיות דאבל שוקולד 200 גרם,גרמים,200.00,100 גרם,false,1,11.90,5.9500,true,1,206069
8710502139017,false,עוגיות טריפל שוקולד צ'יפס מרבה 180 גרם,בנקטבקריי מרבה בי.וי,NL,מרבה עוגיות טריפל שוקולד ציפס,גרמים,180.00,100 גרם,false,1,9.90,5.5000,true,1,70311
8710502194801,false,"עוגיות שוקלד ציפס רכה פירות יער ""מרבה"" 175 גרם",בנקטבקריי מרבה בי.וי,NL,מרבה עוגיות שוקולד צ'יפס במרקם רך עם פירות יער,גרמים,175.00,100 גרם,false,1,9.90,5.6571,true,1,176549
8710502279010,false,מרבה עוגיות שוקולד ציפס מצופות שוקולד 175 גרם - רבנות,"י.מרבה ישראל בע""מ",NL,מרבה עוגיות שוקולד ציפס מצופות שוקולד,גרמים,175.00,100 גרם,false,1,9.90,5.6571,true,1,194476
8710502405204,false,עוגיות שוקולד צ'יפס עם קרם שוקולד מרבה 175 גרם,קריניציה ויטמינה אס,NL,מרבה עוגיות ממולאות קרם שוקולד,גרמים,175.00,100 גרם,false,1,9.90,5.6571,true,1,149995
8710502470028,false,עוגיות שוקולד צ'יפס ממולאות בקרם נוגט,קריניציה ויטמינה אס,NL,עוגיות שוקולד ציפס נוגטלי מרבה 160 גרם,גרמים,160.00,100 גרם,false,1,9.90,6.1875,true,1,70313
8710800961310,false,סוכריות בטעם תות מנטוס 4*375 גרם,פרפטי ואן מלה ברדה,NL,מנטוס תות 1/4,גרמים,150.00,100 גרם,false,1,11.90,7.9333,true,1,12220
8710908251290,false,רקסונה ספריי גבר 150,יוניליוור אנגליה,,דאודורנט ספריי אנטי פרספירנט לגבר 48 שעות V8,מיליליטרים,150.00,"100 מ""ל",false,1,18.90,12.6000,true,1,176417
8711000362747,false,לור קפסולות קפה אספרסו ריסטרטו 11,גיקובס דאו אגברטס צר,FR,לור קפסולות קפה אספרסו ריסטרטו (11) 52ג',גרמים,52.00,100 גרם,false,1,21.90,42.1154,true,1,184981
8711327475618,false,מגנום פיינט וניל קלאסיק 440X8מל,"מפעל גלידות בווספרם,",HU,מגנום גלידת שמנת בטעם וניל 440 מל,גרמים,260.00,100 גרם,false,1,25.90,9.9615,true,1,194515
8711327475663,false,מגנום פיינט וניל שוקולד לבן 260 גרם,"מפעל גלידות בווספרם,",HU,גלידת שמנת בטעם וניל עם שוקולד לבן,גרמים,260.00,100 גרם,false,1,25.90,9.9615,true,1,194514
8711327475762,false,מגנום פיינט שוקולד לבן עוגיות 260 גרם,"מפעל גלידות בווספרם,",HU,מגנום גלידת שמנת שוקולד לבן ועוגיות 440 מל,גרמים,260.00,100 גרם,false,1,25.90,9.9615,true,1,194517
8712000050146,false,"בירה היינקן 0% אלכוהול בקבוק 330 מ""ל","מבשלת היינקן, ריטבלד",NL,"בירה הייניקן ללא אלכוהול בקבוק 330 מ""ל",מיליליטרים,330.00,"100 מ""ל",false,1,6.90,2.0909,true,1,188278
8714599512159,false,קפה נמס ג'ייקובס 190 גר',"אל.אל.סי ""גייקובס דא",RU,גייקובס מגורען 190 גרם,גרמים,190.00,100 גרם,false,1,28.90,15.2105,true,1,203990
8714599513781,false,גייקובס גולד קפה נמס מיובש בהקפאה 200גרם,אל.אל. סי ג''יקובס ד,RU,"קפה גיקובס גולד כשל""פ 200 גרם",גרמים,200.00,100 גרם,false,1,27.90,13.9500,true,1,175538
8714789177229,false,מברשת שיניים אקסטרה קלין מדיום - מארז רביעיה,הנסיך- מפעל לייצור ט,CN,מברשת שיניים אקסטרא קלין 4 יח,יחידה,1.00,יחידה,false,1,14.90,14.9000,true,1,21573
8714789402918,false,נוזל לניקוי כללי ורצפות בניחוח פרחי בר אג'קס 1.5 ליטר,הנסיך- מפעל לייצור ט,GR,"אג""קס חגיגת הפרחים אדום 1.5 ל """,ליטרים,1.50,ליטר,false,1,19.90,13.2667,true,1,54659
8714789450315,false,פלמוליב נוזל כלים לימון 1.5 ליטר,הנסיך- מפעל לייצור ט,GR,פלמוליב נוזל לניקוי כלים בניחוח לימון 1.5 ליטר,ליטרים,1.50,ליטר,false,1,17.70,11.8000,true,1,169769
8714789831275,false,מברשת שיניים 360 אופטיק ווייט קולגייט 2 יחידות,קולגייט פלמוליב,CN,זוג מברשות שיניים קולגייט 360 אופטיק וויט,יחידה,1.00,יחידה,false,1,36.50,36.5000,true,1,154983
8715035520301,false,פונזו רוטב יפני מסורתי מבוסס על רוטב סויה ולימון,קיקומן פודז יורופ בי,NL,קיקומן פונזו רוטב יפני על בסיס סויה ולימן,מיליליטרים,250.00,"100 מ""ל",false,1,19.90,7.9600,true,1,188063
8715700419695,true,רוטב ברביקיו מתוק,ה.י.היינץ הולדינג בי,NL,היינץ רוטב ברביקיו מתוק 500 גרם,גרמים,500.00,100 גרם,false,1,17.90,3.5800,true,1,198560
8715700419732,false,מתבל עגבניות היינץ 700 גרם,ה.י. היינץ,NL,היינץ מתבל עגבניות 700 גרם,גרמים,700.00,100 גרם,false,1,9.90,1.4143,true,1,164323
8715700422367,false,היינץ מיונז לייט 420 גרם כשלפ,ה.י.היינץ,ES,"מיונז לייט היינץ 420 גרם כשל""פ",גרמים,420.00,100 גרם,false,1,14.90,3.5476,true,1,176572
8715700422473,false,היינץ ממרח לחיץ ללא חומרים משמרים 395 גרם,ה.י. היינץ,NL,היינץ ממרח לחיץ ללא חומרים משמרים,גרמים,395.00,100 גרם,false,1,15.90,4.0253,true,1,197064
8715700423906,false,היינץ מתבל עגבניות מופחת סוכר ומלח 50/50 550 גרם,היינץ צפון אמריקה מק,NL,היינץ מתבל עגבניות 50/50 550 גרם,גרמים,555.00,100 גרם,false,1,9.90,1.7838,true,1,182529
8717163647240,false,"אקס דאודורנט ספריי גוף לגבר שוקולד 150 מ""ל",יוניליוור גרמניה (בו,GB,אקס דאודורנט ספריי גוף שוקולד 150 מל,מיליליטרים,150.00,"100 מ""ל",false,1,13.90,9.2667,true,1,188517
8717677336616,false,טוניס שוקולד מריר+שקדים ומלח 180 גרם רבנות - נוכרי,טוניס/שוקולונלי,NL,שוקולד מריר עם שקדים ומלח טוניס,גרמים,180.00,100 גרם,false,1,19.90,11.0556,true,1,203919
8717677336630,false,טוניס שוקולונלי שוקולד חלב שקדים ודבש180,טוניס/שוקולונלי,NL,שוקולד חלב עם שקדים ודבש טוניס,גרמים,180.00,100 גרם,false,1,19.90,11.0556,true,1,203917
8717677336654,false,טוניס - שוקולד חלב מעולה עם שברי קרמל מלוח,טוניס/שוקולונלי,NL,שוקולד חלב מעולה עם שברי קרמל מלוח 180 ג,גרמים,180.00,100 גרם,false,1,19.90,11.0556,true,1,206916
8717677336661,false,טוניס שוקולד מריר מעולה 70% 180 גרם רבנות - נוכרי,טוניס/שוקולונלי,NL,טוניס' שוקולונלי - שוקולד מריר מעולה 70%,גרמים,180.00,100 גרם,false,1,19.90,11.0556,true,1,203918
8717677338436,false,טוניס שוקולד חלב+אגוזי לוז 180 גרם רבנות - נוכרי,טוניס/שוקולונלי,NL,שוקולד חלב עם אגוזי לוז קצוצים טוניס,גרמים,180.00,100 גרם,false,1,19.90,11.0556,true,1,203916
8718114724485,false,מיונז לחיץ הלמנס 705,יוניליוור,GB,מיונז הלמנס לחיץ 750 גרם,גרמים,750.00,100 גרם,false,1,23.90,3.1867,true,1,207499
8718692611979,false,סירופ סודה סטרים דיאט פירות יער 0.5 ל,סודה סטרים,IL,תרכיז דיאט פירות יער,לא מנהל יחידת מידה,0.00,לא מנהל יחידת מידה,false,1,22.90,0.0000,true,1,184005
8718951001589,false,"ספריי מסיר שומנים במטבח 600 מ""ל ""א'גקס""",הנסיך- מפעל לייצור ט,GR,"אגקס ספריי מסיר שומנים במטבח 600 מ""ל",מיליליטרים,600.00,"100 מ""ל",false,1,12.90,2.1500,true,1,172910
8718951166288,false,"משחת שיניים קולגייט מקס וייט 125 מ""ל",הנסיך- מפעל לייצור ט,PL,קולגייט משחת שיניים מקס וייט 125 מל,מיליליטרים,100.00,"100 מ""ל",false,1,15.90,15.9000,true,1,185243
8718951236790,false,"קולגייט טוטאל משחת שיניים קלין מינט לפה בריא 100 מ""ל",קולגייט Colgate,PL,"משחת שיניים קולגייט טוטל משפחתי 100 מ""ל",מיליליטרים,100.00,"100 מ""ל",false,1,17.90,17.9000,true,1,187803
8718951312722,false,"קולגייט מקס פרש וויט קריסטל משחת שיניים 100 מ""ל",קולגייט פלמוליב,PL,משחת שיניים קולגייט מקסווייט 100 מל,מיליליטרים,100.00,"100 מ""ל",false,1,11.90,11.9000,true,1,205394
8718951313576,false,קולגייט משחת שיניים מקס פרש קול קריסטל 100 מל,קולגייט פלמוליב,PL,משחת שיניים קולגייט מקס פרש כחול 100 מל,מיליליטרים,100.00,"100 מ""ל",false,1,11.90,11.9000,true,1,205395
8718951334090,false,"סופלין מרכך כביסה מרוכז כחול 650 מ""ל",סופלין Soupline,GR,"סופלין מרכך כביסה מרוכז כחול 650 מ""ל",מיליליטרים,650.00,"100 מ""ל",false,1,10.00,1.5385,true,1,191922
8718951334120,false,"סופלין מרכך כביסה מרוכז לבנדר 650 מ""ל",סופלין Soupline,GR,"סופלין מרכך כביסה מרוכז לבנדר 650 מ""ל",מיליליטרים,650.00,"100 מ""ל",false,1,10.00,1.5385,true,1,191923
8718951385290,false,נוזל לניקוי כללי ורצפות אג'קס 2 ליטר,קולגייט פלמוליב,GR,נוזל לניקוי כללי ורצפות אג'קס 2 ליטר,ליטרים,2.00,ליטר,false,1,22.90,11.4500,true,1,194703
8719128110332,true,תרכיז אנרגייה חדש,,,תרכיז אנרגייה חדש,Unknown,0.00,Unknown,false,1,22.90,0.0000,true,1,188248
8719200998001,false,מרגרינה לאפיה ובישול בלי מלח 200 ג' בלו בנד,מיוצר עי קונדיטוריית,IL,בלו בנד עם מלח 200 גרם,גרמים,200.00,100 גרם,false,1,4.70,2.3500,true,1,191032
8719200998018,false,מחמאה מרגרינה בטעם חמאה 200 ג' בלו בנד,פארייפאבה אגרואינדוס,IL,מרגרינה בטעם חמאה מחמאה 200 גרם,גרמים,200.00,100 גרם,false,1,4.90,2.4500,true,1,72
8723400782520,false,מנטוס סוכריות לעיסה בתפזורת בטעם פירות 160 ג',פרפטי ואן מלה,NL,מנטוס סוכריות לעיסה בטעמי פירות 160 גרם,לא מנהל יחידת מידה,0.00,לא מנהל יחידת מידה,false,1,12.90,0.0000,true,1,185573
8723400782544,false,מנטוס סוכריות לעיסה בתפזורת בטעם מנטה 160 ג',פרפטי ואן מלה,NL,מנטוס תפזורת בשקית מנטה,לא מנהל יחידת מידה,0.00,לא מנהל יחידת מידה,false,1,12.90,0.0000,true,1,185576
8802241132821,false,חטיף אצות קלויות עם מלח 3 * 13.5 ג',"מאן גו'ן פוד בע""מ",,חטיף אצות 3 יח,גרמים,14.00,100 גרם,false,1,9.90,70.7143,true,1,182503
8850161167041,false,"קוקו וואי משקה קוקוס 270 מ""ל",טויו טייקאן קו.אל.טי,TH,"קוקו וואי משקה קוקוס 270 מ""ל",מיליליטרים,270.00,"100 מ""ל",false,1,9.50,3.5185,true,1,190357
8850389103111,false,סאפי משקה אלוורה בטעם ענבים 300מל,פארייפאבה אגרואינדוס,TH,"סאפה אלוורה ענבים בקבוק 300 מ""ל",מיליליטרים,300.00,"100 מ""ל",false,1,8.50,2.8333,true,1,43289
8850389103128,false,"משקה קל סאפה בטעם תפוח 300 מ""ל",פארייפאבה אגרואינדוס,TH,"סאפה תפוח בקבוק 300 מ""ל 24 יח",מיליליטרים,300.00,"100 מ""ל",false,1,8.50,2.8333,true,1,43290
8850389103159,false,"משקה ליצ'י עם חתיכות גלי קוקוס 320 מ""ל מוגו מוגו",סאפה פובליק קומפני ל,TH,מוגו מוגו ליצ'י עם חתיכות ג'לי קוקוס,מיליליטרים,320.00,"100 מ""ל",false,1,8.50,2.6563,true,1,204083
8850389104637,false,"משקה קל סאפה אלוורה אפרסק 300 מ""ל",פארייפאבה אגרואינדוס,TH,"סאפה אלוורה אפרסק בקבוק 300 מ""ל",מיליליטרים,300.00,"100 מ""ל",false,1,8.50,2.8333,true,1,60114
8850389105825,false,סאפה משקה אלוורה בטעם ענבים,סאפה פובליק קומפני ל,TH,סאפה משקה אלוורה בטעם ענבים,ליטרים,1.00,ליטר,false,1,13.50,13.5000,true,1,68746
8850389105832,false,סאפה משקה אלוורה בטעם תפוח עם קוביות אלוורה 1 ליטר,פארייפאבה אגרואינדוס,TH,סאפה תפוח אלוורה בקבוק ליטר,ליטרים,1.00,ליטר,false,1,13.50,13.5000,true,1,71653
8850389105849,false,סאפה משקה אלוורה מופחת קלוריות בטעם אפרסק 1 ליטר,סאפה פובליק קומפני ל,TH,סאפה אפרסק אלוורה בקבוק ליטר,ליטרים,1.00,ליטר,false,1,13.50,13.5000,true,1,68747
8850389111352,false,"משקה מלון עם חתיכות גלי קוקוס 320 מ""ל מוגו מוגו",סאפה פובליק קומפני ל,TH,מוגו מוגו מלון עם חתיכות ג'לי קוקוס,מיליליטרים,320.00,"100 מ""ל",false,1,8.50,2.6563,true,1,204084
8850389115312,false,"סאפה אלוורה מלון בקבוק 300 מ""ל",סאפה פובליק קומפני ל,TH,"סאפה אלוורה מלון בקבוק 300 מ""ל",מיליליטרים,330.00,"100 מ""ל",false,1,8.50,2.5758,true,1,182094
8850389115336,false,סאפה משקה אלוורה בטעם מלון,סאפה פובליק קומפני ל,TH,סאפה משקה אלוורה בטעם מלון,ליטרים,1.00,ליטר,false,1,13.50,13.5000,true,1,182095
8850632604259,false,"יוגטה, חיספוסים, ממתק חמוץ בצורת מקלות בטעם תות שדה,50 גרם",ג'נרל קנדי בעמ,TH,ממתק תות שדה בצורת מקלות יוגטה 50 גרם,גרמים,50.00,100 גרם,false,1,4.90,9.8000,true,1,65354
8850632604266,false,"יוגטה, ממתק חמוץ בצורת מקלות בטעם קולה, 50 גרם",ג'נרל קנדי בעמ,TH,"יוגטה, ממתק חמוץ בצורת מקלות בטעם קולה, 50 גרם",גרמים,50.00,100 גרם,false,1,4.90,9.8000,true,1,65355
8850632604372,false,"יוגטה, חיספוסים בצורת שטיח בטעם תות שדה 50 גרם",ג'נרל קנדי בעמ,TH,ממתק תות שדה בצורת שטיח יוגטה 50 גרם,גרמים,50.00,100 גרם,false,1,4.90,9.8000,true,1,65356
8850632604402,false,יוגטה חיספוסים בטעם מעורב תות שדה אבטיח ענבים בננה 50 גרם,"ג'נרל קנדי בע""מ",TH,ממתק תות ענבים בצורת שטיח יוגטה 50 גרם,גרמים,50.00,100 גרם,false,1,4.90,9.8000,true,1,65357
8850632605201,false,"יוגטה, חיספוסים, ממתק חמוץ בצורת שטיח, בטעם מעורב- תות בננה, תפוח, תפוז, 50 גרם",הדקלאים אגודת שיתופי,TH,יוגטה חיספוסים בטעם מעורב תות,גרמים,50.00,100 גרם,false,1,4.90,9.8000,true,1,71464
8851613101378,false,"נוזל קוקוס ארוי די 250 מ""ל",כלורוקס אוקלנד,TH,"חלב קוקוס 250 מ""ל",מיליליטרים,250.00,"100 מ""ל",false,1,9.90,3.9600,true,1,157366
8851613101385,false,"חלב קוקוס ארוי-די קרטון 500מ""ל",תאי אגרי פוד פובליק,TH,"הרויי-די חלב קוקוס 500 מ""ל",מיליליטרים,500.00,"100 מ""ל",false,1,12.90,2.5800,true,1,162249
8888021200126,false,סוללות אנרג'יזר מקס AA - מארז 4 יח',אנרג'יזר Energizer,SG,אנרג'ייזר סוללות מקס AA*4,Unknown,0.00,Unknown,false,1,16.90,0.0000,true,1,10886
8888021200164,false,סוללות 1X4 ADVANCED FORMULA AAA ריפרש,,,סוללות אנרגייזר AAA רביעיה,Unknown,0.00,Unknown,false,1,18.70,0.0000,true,1,10887
8901537024014,false,"אורז בסמטי מובחר 1 ק""ג - דוואט) יורה דיעה",הנסיך- מפעל לייצור ט,IN,אורז בסמטי 1 DAAWAT קג,קילוגרמים,1.00,"ק""ג",false,1,13.90,13.9000,true,1,71314
8994692541038,false,קונוס לגלגול 3 יחידו,,,קונוס לגלגול 3 יחידות,Unknown,0.00,Unknown,false,1,8.90,0.0000,false,1,144793
8997206332016,true,סוכר קוקוס אורגני 45,קוקו שוגאר,ID,סוכר קוקוס אורגני 454 גרם,גרמים,454.00,100 גרם,false,1,25.90,5.7048,true,1,182720
9310072028743,false,טים טם ביסקוויט במילוי שוקולד 200 גרם,"ארנוטס ביסקוויטס בע""",AU,טים טם אורגינל 200 גר,גרמים,200.00,100 גרם,false,1,19.90,9.9500,true,1,175961
9310072028750,false,טים טם Tim Tam וופל שוקולד ציפוי כפול,"ארנוטס ביסקוויטס בע""",AU,טים טם דאבל 200 גר,גרמים,200.00,100 גרם,false,1,19.90,9.9500,true,1,175588
9322969000015,false,פריכיות תירס בטעם אורגינל ריל פודס 150 ג',אף.סי תבליני בגליל ב,AU,רילפוד- פריכיות תירס בטעם טבעי 150 גר',גרמים,150.00,100 גרם,false,1,13.90,9.2667,true,1,65403
9322969000022,false,"ריל פוד פריכיות תירס עם סויה וזרעי פשתן, ללא גלוטן 150 גרם",אף.סי תבליני בגליל ב,AU,פריכיות תירס עם סויה וזרעי פשת 150 גרם,גרמים,150.00,100 גרם,false,1,13.90,9.2667,true,1,68539
9322969000046,false,פריכיות תירס שומשום אורגני ריל פודס 150 ג',אף.סי תבליני בגליל ב,AU,ריל פוד פריכיות תירס עם שומשום 150 גרם,גרמים,150.00,100 גרם,false,1,13.90,9.2667,true,1,68540
