code,internal_code,name,manufacturer_name,manufacture_country,manufacturer_item_description,unit_qty,quantity,unit_of_measure,weighted,qty_in_package,price,unit_of_measure_price,allow_discount,status,item_id
55,true,משלוחים לבית,,,משלוחים לבית,יחידה,0.00,יחידה,false,,29.90,0.0000,true,1,34394
161,true,קישוא עגול,,,קישוא עגול,קילוגרמים,1.00,"ק""ג",true,,12.90,12.9000,true,1,50698
163,true,פטריות שמפיניון תפזו,,,פטריות שמפיניון תפזו,קילוגרמים,1.00,"ק""ג",true,,39.90,39.9000,true,1,50699
173,true,דלעת ערמונים,,,דלעת ערמונים,קילוגרמים,1.00,"ק""ג",true,,11.90,11.9000,true,1,50701
301,true,בקבוק ריק חוזר בירה,,,בקבוק ריק חוזר בירה,יחידה,0.00,יחידה,false,,1.20,0.0000,true,1,6859
374,true,פטריות שמפניון,,,פטריות שמפניון,יח',1.00,יח',false,,9.90,9.9000,true,1,50702
519,true,מעורב בבגט,,,מעורב בבגט,יחידה,0.00,יחידה,false,,25.00,0.0000,true,1,251024
998,true,חלה מתוקה קלועה,,,חלה מתוקה קלועה,יח',1.00,יח',false,,12.90,12.9000,true,1,2420
1009,true,בגט שלם,,,בגט שלם,יח',1.00,יח',false,,5.50,5.5000,true,1,2424
1014,true,בגט רוסטיק,,,בגט רוסטיק,יח',1.00,יח',false,,8.90,8.9000,true,1,2426
1028,true,חצי בגט,,,חצי בגט,יח',1.00,יח',false,,3.90,3.9000,true,1,2429
1058,true,חלה רגילה/חלה ציפורי,,,חלה רגילה/חלה ציפורי,גרמים,500.00,100 גרם,false,,5.17,1.0340,true,1,4435
1059,true,חלה מתוקה 500 גרם,,,חלה מתוקה 500 גרם,גרמים,500.00,100 גרם,false,,12.90,2.5800,true,1,4436
1073,true,סופגניה גדולה בודדת,,,סופגניה גדולה בודדת,יחידה,0.00,יחידה,false,,3.90,0.0000,true,1,2433
1079,true,מיני סופגניה בודדת,,,מיני סופגניה בודדת,יחידה,0.00,יחידה,false,,3.30,0.0000,true,1,2436
1095,true,בייבי בטטה,,,בייבי בטטה,יח',1.00,יח',false,,7.90,7.9000,true,1,50705
1216,true,לחמנית אצבע/מיוחדת,,,לחמנית אצבע/מיוחדת,יחידה,0.00,יחידה,false,,2.50,0.0000,true,1,4442
1477,true,עגבניות מגי,,,עגבניות מגי,גרמים,450.00,100 גרם,false,,14.90,3.3111,true,1,70548
1481,true,שזיף שגיב,,,שזיף שגיב,קילוגרמים,1.00,"ק""ג",true,,16.90,16.9000,true,1,50714
1488,true,אשכולית אדומה,,,אשכולית אדומה,קילוגרמים,1.00,"ק""ג",true,,6.90,6.9000,true,1,50718
1494,true,תפו`א לבן תפזורת,,,תפו`א לבן תפזורת,קילוגרמים,1.00,"ק""ג",true,,4.90,4.9000,true,1,50723
1500,true,פלפל כתום,,,פלפל כתום,קילוגרמים,1.00,"ק""ג",true,,9.90,9.9000,true,1,50727
1501,true,עגבניות,,,עגבניות,קילוגרמים,1.00,"ק""ג",true,,7.90,7.9000,true,1,50728
1502,true,מלפפונים,,,מלפפונים,קילוגרמים,1.00,"ק""ג",true,,6.90,6.9000,true,1,50729
1503,true,גזר ארוז,,,גזר ארוז,קילוגרמים,1.00,"ק""ג",true,,4.90,4.9000,true,1,50730
1504,true,סלק,,,סלק,קילוגרמים,1.00,"ק""ג",true,,4.90,4.9000,true,1,50731
1505,true,כרוב לבן,,,כרוב לבן,קילוגרמים,1.00,"ק""ג",true,,4.90,4.9000,true,1,50732
1506,true,כרוב אדום,,,כרוב אדום,קילוגרמים,1.00,"ק""ג",true,,6.90,6.9000,true,1,50733
1507,true,כרובית,,,כרובית,קילוגרמים,1.00,"ק""ג",true,,9.90,9.9000,true,1,50734
1510,true,קישואים,,,קישואים,קילוגרמים,1.00,"ק""ג",true,,7.90,7.9000,true,1,50735
1511,true,חצילים,,,חצילים,קילוגרמים,1.00,"ק""ג",true,,7.90,7.9000,true,1,50736
1513,true,פלפל ירוק,,,פלפל ירוק,קילוגרמים,1.00,"ק""ג",true,,9.90,9.9000,true,1,50737
1515,true,פלפל חריף,,,פלפל חריף,קילוגרמים,1.00,"ק""ג",true,,9.90,9.9000,true,1,50739
1516,true,פלפל אדום,,,פלפל אדום,קילוגרמים,1.00,"ק""ג",true,,9.90,9.9000,true,1,50740
1518,true,מלון,,,מלון,קילוגרמים,1.00,"ק""ג",true,,6.90,6.9000,true,1,50742
1519,true,בצל יבש,,,בצל יבש,קילוגרמים,1.00,"ק""ג",true,,4.90,4.9000,true,1,50743
1521,true,קולורבי,,,קולורבי,קילוגרמים,1.00,"ק""ג",true,,7.90,7.9000,true,1,50744
1522,true,חסה ערבית,,,חסה ערבית,יח',1.00,יח',false,,4.90,4.9000,true,1,50745
1527,true,פטרוזיליה גומי,,,פטרוזיליה גומי,יח',1.00,יח',false,,3.50,3.5000,true,1,35530
1528,true,כוסברה גומי,,,כוסברה גומי,יח',1.00,יח',false,,3.50,3.5000,true,1,35531
1529,true,שמיר גומי,,,שמיר גומי,יח',1.00,יח',false,,3.50,3.5000,true,1,35532
1530,true,נענע גומי,,,נענע גומי,יח',1.00,יח',false,,3.50,3.5000,true,1,35533
1531,true,לפת,,,לפת,קילוגרמים,1.00,"ק""ג",true,,5.90,5.9000,true,1,50748
1535,true,תפו`א אדום ארוז,,,תפו`א אדום ארוז,קילוגרמים,1.00,"ק""ג",true,,4.90,4.9000,true,1,50751
1545,true,שום ארוז ייבוא יח',,,שום ארוז ייבוא יח',יח',1.00,יח',false,,5.90,5.9000,true,1,50759
1547,true,שומר,,,שומר,קילוגרמים,1.00,"ק""ג",true,,5.90,5.9000,true,1,50761
1550,true,תפו`א לבן ארוז,,,תפו`א לבן ארוז,קילוגרמים,1.00,"ק""ג",true,,4.90,4.9000,true,1,50762
1551,true,לימון,,,לימון,קילוגרמים,1.00,"ק""ג",true,,7.90,7.9000,true,1,50763
1552,true,תפוז,,,תפוז,קילוגרמים,1.00,"ק""ג",true,,5.90,5.9000,true,1,50764
1553,true,ענב לבן,,,ענב לבן,קילוגרמים,1.00,"ק""ג",true,,29.90,29.9000,true,1,50765
1555,true,תפוז ארוז,,,תפוז ארוז,קילוגרמים,1.00,"ק""ג",true,,4.90,4.9000,true,1,50767
1556,true,בננה מובחרת,,,בננה מובחרת,קילוגרמים,1.00,"ק""ג",true,,7.90,7.9000,true,1,50768
1557,true,צנון,,,צנון,קילוגרמים,1.00,"ק""ג",true,,6.90,6.9000,true,1,50769
1558,true,אשכולית צהובה,,,אשכולית צהובה,קילוגרמים,1.00,"ק""ג",true,,6.90,6.9000,true,1,50770
1560,true,דלעת ארוזה,,,דלעת ארוזה,קילוגרמים,1.00,"ק""ג",true,,9.90,9.9000,true,1,50772
1561,true,תפוח עץ זהוב,,,תפוח עץ זהוב,קילוגרמים,1.00,"ק""ג",true,,9.90,9.9000,true,1,50773
1562,true,תפוח עץ יונתן,,,תפוח עץ יונתן,קילוגרמים,1.00,"ק""ג",true,,9.90,9.9000,true,1,50774
1563,true,תפוח עץ חרמון,,,תפוח עץ חרמון,קילוגרמים,1.00,"ק""ג",true,,9.90,9.9000,true,1,50775
1564,true,תפוח עץ סמיט,,,תפוח עץ סמיט,קילוגרמים,1.00,"ק""ג",true,,9.90,9.9000,true,1,50776
1568,true,רימון,,,רימון,קילוגרמים,1.00,"ק""ג",true,,9.90,9.9000,true,1,50779
1570,true,קלמנטינה,,,קלמנטינה,קילוגרמים,1.00,"ק""ג",true,,6.90,6.9000,true,1,50780
1572,true,אבוקדו מובחר,,,אבוקדו מובחר,קילוגרמים,1.00,"ק""ג",true,,9.90,9.9000,true,1,50782
1573,true,מנגו,,,מנגו,קילוגרמים,1.00,"ק""ג",true,,13.90,13.9000,true,1,50783
1574,true,בטטה מתוקה,,,בטטה מתוקה,קילוגרמים,1.00,"ק""ג",true,,9.90,9.9000,true,1,50784
1576,true,אגס,,,אגס,קילוגרמים,1.00,"ק""ג",true,,12.90,12.9000,true,1,50785
1581,true,פלפל צהוב,,,פלפל צהוב,קילוגרמים,1.00,"ק""ג",true,,9.90,9.9000,true,1,50787
1588,true,תירס ארוז,,,תירס ארוז,קילוגרמים,1.00,"ק""ג",true,,9.90,9.9000,true,1,50791
1590,true,פומלה,,,פומלה,קילוגרמים,1.00,"ק""ג",true,,7.90,7.9000,true,1,50792
1591,true,ענב אדום,,,ענב אדום,קילוגרמים,1.00,"ק""ג",true,,22.90,22.9000,true,1,50793
1604,true,אפרסמון,,,אפרסמון,קילוגרמים,1.00,"ק""ג",true,,10.90,10.9000,true,1,50799
1608,true,זנגוויל\גינגיר תפזור,,,זנגוויל\גינגיר תפזור,קילוגרמים,1.00,"ק""ג",true,,23.90,23.9000,true,1,50803
1610,true,שרי אשכולות לקג,,,שרי אשכולות לקג,קילוגרמים,1.00,"ק""ג",true,,19.90,19.9000,true,1,50804
1613,true,דלורית,,,דלורית,קילוגרמים,1.00,"ק""ג",true,,6.90,6.9000,true,1,50806
1615,true,בצל אדום,,,בצל אדום,קילוגרמים,1.00,"ק""ג",true,,6.90,6.9000,true,1,50808
1617,true,אננס,,,אננס,יח',1.00,יח',false,,36.90,36.9000,true,1,50809
1619,true,פומלית,,,פומלית,קילוגרמים,1.00,"ק""ג",true,,5.90,5.9000,true,1,50811
1620,true,קיווי,,,קיווי,קילוגרמים,1.00,"ק""ג",true,,16.90,16.9000,true,1,50812
1621,true,קרמבולה,,,קרמבולה,קילוגרמים,1.00,"ק""ג",true,,39.90,39.9000,true,1,50813
1632,true,קישוא זוקיני ירוק,,,קישוא זוקיני ירוק,קילוגרמים,1.00,"ק""ג",true,,11.90,11.9000,true,1,50814
1645,true,תפוח עץ גלה,,,תפוח עץ גלה,קילוגרמים,1.00,"ק""ג",true,,9.90,9.9000,true,1,50820
1683,true,תפוח עץ פינק קריפס,,,תפוח עץ פינק קריפס,קילוגרמים,1.00,"ק""ג",true,,12.90,12.9000,true,1,50832
1708,true,גזר תפזורת,,,גזר תפזורת,קילוגרמים,1.00,"ק""ג",true,,4.90,4.9000,true,1,50843
1845,true,שעועית ירוקה יח`,,,שעועית ירוקה יח`,יח',1.00,יח',false,,17.90,17.9000,true,1,46533
2000,true,"בורקס גבינה/תפו""א",,,"בורקס גבינה/תפו""א",קילוגרמים,1.00,"ק""ג",true,,43.00,43.0000,true,1,33963
2012,true,אוזני פיל פרווה,,,אוזני פיל פרווה,קילוגרמים,1.00,"ק""ג",true,,26.90,26.9000,true,1,2448
3080,true,עוגת סבתא שוקולד,,,עוגת סבתא שוקולד,יח',1.00,יח',false,,26.90,26.9000,true,1,2458
3507,true,שניצל עוף פרוס טרי,,,שניצל עוף פרוס טרי,קילוגרמים,1.00,"ק""ג",true,,37.90,37.9000,true,1,26494
4015,true,קוקוס ראש,,,קוקוס ראש,יח',1.00,יח',false,,5.90,5.9000,true,1,50893
4650,true,5 יח' לחמניות שמיניה,,,5 יח' לחמניות שמיניה,יח',1.00,יח',false,,16.90,16.9000,true,1,54092
5997,true,שקית מכונה אוטומטי,,,שקית מכונה אוטומטי,יחידה,0.00,יחידה,false,,0.10,0.0000,true,1,123075
6303,true,6 יח' יאמיס,,,6 יח' יאמיס,יח',1.00,יח',false,,15.90,15.9000,true,1,2470
6305,true,10 יח'  פטיט פאן,,,10 יח'  פטיט פאן,יח',1.00,יח',false,,14.90,14.9000,true,1,2472
6501,true,4 יח' לחמניות בריאות,,,4 יח' לחמניות בריאות,יח',1.00,יח',false,,15.90,15.9000,true,1,2475
7664,true,שרי תמר תפזורת לובלו,,,שרי תמר תפזורת לובלו,קילוגרמים,1.00,"ק""ג",true,,22.90,22.9000,true,1,50894
8888,true,פיקדון זיכוי לקוח,,,פיקדון זיכוי לקוח,יחידה,0.00,יחידה,false,,0.30,0.0000,true,1,34542
9999,true,פיקדון בקבוקים,,,פיקדון בקבוקים,יחידה,0.00,יחידה,false,,0.30,0.0000,true,1,74
5678585,true,ענב סקרלוטה,,,ענב סקרלוטה,קילוגרמים,1.00,"ק""ג",true,,22.90,22.9000,true,1,50908
32147230,false,מיץ לימון סיצילייה 2,,,מיץ לימון סיצילייה 2,מיליליטרים,200.00,"100 מ""ל",false,,6.90,3.4500,true,1,5438
40084107,false,ביצת קינדר,,,ביצת קינדר,גרמים,20.00,100 גרם,false,,7.30,36.5000,true,1,41420
40111216,false,חטיף שוקולד באונטי 5,,,חטיף שוקולד באונטי 5,גרמים,57.00,100 גרם,false,,4.50,7.8947,true,1,20585
50398904,false,קרם חמצן 6% אינדולה,,,קרם חמצן 6% אינדולה,מיליליטרים,60.00,"100 מ""ל",false,,4.50,7.5000,true,1,71272
72940754,false,"מילקי וניל 170 מ""ל",,,"מילקי וניל 170 מ""ל",מיליליטרים,170.00,"100 מ""ל",false,,2.90,1.7059,true,1,23195
72940761,false,מילקי שוקולד מהדרין,,,מילקי שוקולד מהדרין,מיליליטרים,170.00,"100 מ""ל",false,,2.90,1.7059,true,1,23196
72940952,false,מילקי אקסטראה קצפת מ,,,מילקי אקסטראה קצפת מ,מיליליטרים,110.00,"100 מ""ל",false,,3.90,3.5455,true,1,23197
72940976,false,אחלה  סלט כרוב אדום,,,אחלה  סלט כרוב אדום,גרמים,250.00,100 גרם,false,,9.50,3.8000,true,1,23198
72941041,false,מיני מילקי שוקולד 70,,,מיני מילקי שוקולד 70,מיליליטרים,70.00,"100 מ""ל",false,,2.50,3.5714,true,1,23200
72945308,false,שמרית קוביות שמרים ל,,,שמרית קוביות שמרים ל,גרמים,50.00,100 גרם,false,,4.00,8.0000,true,1,23201
72961506,false,פרילי תות 1.5% 125מל,,,פרילי תות 1.5% 125מל,מיליליטרים,125.00,"100 מ""ל",false,,3.90,3.1200,true,1,25678
72986370,false,גלידת פיינטים וניל צ,,,גלידת פיינטים וניל צ,מיליליטרים,420.00,"100 מ""ל",false,,24.90,5.9286,true,1,14331
72986424,false,גלידת פיינטים קרם עו,,,גלידת פיינטים קרם עו,מיליליטרים,420.00,"100 מ""ל",false,,24.90,5.9286,true,1,14332
72986448,false,גלידת טופי קרנץ,,,גלידת טופי קרנץ,מיליליטרים,420.00,"100 מ""ל",false,,24.90,5.9286,true,1,14333
72986455,false,גלידת פיינטים ניו-יו,,,גלידת פיינטים ניו-יו,מיליליטרים,420.00,"100 מ""ל",false,,24.90,5.9286,true,1,14334
72986479,false,גלידת פיינטים צאנקי,,,גלידת פיינטים צאנקי,מיליליטרים,420.00,"100 מ""ל",false,,24.90,5.9286,true,1,14335
72989425,false,גלידת פיינטים שוקולד,,,גלידת פיינטים שוקולד,מיליליטרים,500.00,"100 מ""ל",false,,24.90,4.9800,true,1,14337
80042556,false,עגבניות MUTTI מרוסקו,,,עגבניות MUTTI מרוסקו,גרמים,400.00,100 גרם,false,,6.90,1.7250,true,1,164759
80042563,false,רסק עגבניות פאסטה מו,,,רסק עגבניות פאסטה מו,גרמים,700.00,100 גרם,false,,11.90,1.7000,true,1,51687
80136194,false,הפי היפו 5*20ג,,,הפי היפו 5*20ג,גרמים,102.00,100 גרם,false,,13.90,13.6275,true,1,41430
80176800,false,ממרח שוקולד נוטלה 75,,,ממרח שוקולד נוטלה 75,גרמים,750.00,100 גרם,false,,27.90,3.7200,true,1,41432
80177173,false,ממרח נוטלה קקאו עם א,,,ממרח נוטלה קקאו עם א,גרמים,350.00,100 גרם,false,,14.90,4.2571,true,1,41433
80177616,false,אצבעות שוקולד קינדר,,,אצבעות שוקולד קינדר,גרמים,100.00,100 גרם,false,,8.40,8.4000,true,1,41436
80773429,false,מסטיק מנטוס בקבוק בט,,,מסטיק מנטוס בקבוק בט,גרמים,60.00,100 גרם,false,,10.90,18.1667,true,1,12542
80773443,false,מסטיק מנטוס בקבוק בט,,,מסטיק מנטוס בקבוק בט,גרמים,60.00,100 גרם,false,,10.90,18.1667,true,1,12543
80790990,false,מסטיק מנטוס בקבוק בט,,,מסטיק מנטוס בקבוק בט,גרמים,60.00,100 גרם,false,,10.90,18.1667,true,1,12547
80874652,false,קינדר קארדס חטיף בוד,,,קינדר קארדס חטיף בוד,גרמים,25.60,100 גרם,false,,3.90,15.2344,true,1,36246
80896081,false,מסטיק מנטוס בקבוק בט,,,מסטיק מנטוס בקבוק בט,גרמים,60.00,100 גרם,false,,10.90,18.1667,true,1,12566
80913467,false,מסטיק מנטוס בקבוק בט,,,מסטיק מנטוס בקבוק בט,גרמים,60.00,100 גרם,false,,10.90,18.1667,true,1,12568
80986348,false,מנטוס פיור וויט ללא,,,מנטוס פיור וויט ללא,גרמים,60.00,100 גרם,false,,10.90,18.1667,true,1,228316
80995128,false,מסטיק מנטוס ויטמין ל,,,מסטיק מנטוס ויטמין ל,גרמים,60.00,100 גרם,false,,10.90,18.1667,true,1,370996
87108538,false,מנטוס תות בגליל 37.5,,,מנטוס תות בגליל 37.5,גרמים,37.50,100 גרם,false,,3.90,10.4000,true,1,12581
90087974,false,חומץ תפוחים 5% תומר,,,חומץ תפוחים 5% תומר,מיליליטרים,750.00,"100 מ""ל",false,,13.80,1.8400,true,1,24889
198888886,false,עיגול אגורות,,,עיגול אגורות,יחידה,0.00,יחידה,false,,1.00,0.0000,true,1,47097
8112100298,false,שמן שומשום טהור לא מ,,,שמן שומשום טהור לא מ,מיליליטרים,185.00,"100 מ""ל",false,,14.90,8.0541,true,1,47507
11182700954,false,שעועית שחורה 232 גרם,,,שעועית שחורה 232 גרם,גרמים,439.00,100 גרם,false,,10.90,2.4829,true,1,36830
11210607040,false,טבסקו פלפל צפוטלי חר,,,טבסקו פלפל צפוטלי חר,מיליליטרים,60.00,"100 מ""ל",false,,12.90,21.5000,true,1,37905
13300555392,false,תערובת עוגה מיקס ברא,,,תערובת עוגה מיקס ברא,גרמים,432.00,100 גרם,false,,17.90,4.1435,true,1,306003
16000185517,false,פייבר1- דגני בוקר עת,,,פייבר1- דגני בוקר עת,גרמים,555.00,100 גרם,false,,24.90,4.4865,true,1,222194
16000423534,false,חטיף קראנצי שיבולת ש,,,חטיף קראנצי שיבולת ש,גרמים,210.00,100 גרם,false,,19.90,9.4762,true,1,12593
16000548404,false,חטיף קראנצי גרנולה ש,,,חטיף קראנצי גרנולה ש,גרמים,210.00,100 גרם,false,,19.90,9.4762,true,1,12597
16000548503,false,חטיף קראנצי גרנולה מ,,,חטיף קראנצי גרנולה מ,גרמים,210.00,100 גרם,false,,19.90,9.4762,true,1,12599
16000548602,false,חטיף שיבולת שועל מלא,,,חטיף שיבולת שועל מלא,גרמים,210.00,100 גרם,false,,19.90,9.4762,true,1,12600
16000548909,false,חטיף קראנצי גרנולה מ,,,חטיף קראנצי גרנולה מ,גרמים,210.00,100 גרם,false,,19.90,9.4762,true,1,12602
16229924263,false,"קרם קוקוס 250 מ""ל.",,,"קרם קוקוס 250 מ""ל.",מיליליטרים,250.00,"100 מ""ל",false,,10.90,4.3600,true,1,3345
21723339994,false,טיפרוס רוטב דגים מזר,,,טיפרוס רוטב דגים מזר,מיליליטרים,300.00,"100 מ""ל",false,,9.90,3.3000,true,1,47508
25675015289,false,פריכיות דקיקות דגנים,,,פריכיות דקיקות דגנים,גרמים,140.00,100 גרם,false,,6.90,4.9286,true,1,12961
25675120006,false,חמצוצים חמצוצים טבעי,,,חמצוצים חמצוצים טבעי,גרמים,100.00,100 גרם,false,,9.90,9.9000,true,1,3754
25675120037,false,חמצוצים מקלות תות 10,,,חמצוצים מקלות תות 10,גרמים,100.00,100 גרם,false,,9.90,9.9000,true,1,3756
25700005674,false,זיפלוק שקיות איחסון,,,זיפלוק שקיות איחסון,גרמים,179.00,100 גרם,false,,16.90,9.4413,true,1,108501
30000315958,false,פרוטאין בננה אגוזים,,,פרוטאין בננה אגוזים,גרמים,366.00,100 גרם,false,,23.90,6.5301,true,1,24135
30000315989,false,פרוטאין חמוציות ושקד,,,פרוטאין חמוציות ושקד,גרמים,372.00,100 גרם,false,,23.90,6.4247,true,1,24136
34000196173,false,הרשיז קוקיס אנד קרים,,,הרשיז קוקיס אנד קרים,גרמים,113.00,100 גרם,false,,8.90,7.8761,true,1,12618
36000516876,false,קלינקס לושן תלת שכבת,,,קלינקס לושן תלת שכבת,יחידה,0.00,יחידה,false,,12.90,0.0000,true,1,8783
36000516890,false,קלינקס לושן תלת שכבת,,,קלינקס לושן תלת שכבת,יחידה,0.00,יחידה,false,,21.90,0.0000,true,1,8784
37600207287,false,סקיפי חמאת בוטנים עם,,,סקיפי חמאת בוטנים עם,גרמים,462.00,100 גרם,false,,18.90,4.0909,true,1,5223
38000232152,false,פרינגלס ביג ברביקיו,,,פרינגלס ביג ברביקיו,גרמים,158.00,100 גרם,false,,8.90,5.6329,true,1,52932
38000232176,false,פרינגלס ביג שמנת בצל,,,פרינגלס ביג שמנת בצל,גרמים,158.00,100 גרם,false,,8.90,5.6329,true,1,52933
38000232183,false,פרינגלס ביג אורגינל,,,פרינגלס ביג אורגינל,גרמים,158.00,100 גרם,false,,8.90,5.6329,true,1,52919
41224700260,false,צלפים מינאטוריים בחו,,,צלפים מינאטוריים בחו,גרמים,90.00,100 גרם,false,,18.90,21.0000,true,1,47843
41224700925,false,פירות צלף בחומץ רולנ,,,פירות צלף בחומץ רולנ,גרמים,425.00,100 גרם,false,,26.90,6.3294,true,1,47844
46214382259,false,מרבה עוגיות בראוניס,,,מרבה עוגיות בראוניס,גרמים,225.00,100 גרם,false,,7.90,3.5111,true,1,21188
46214731552,false,מרבה עוגיות שוקולד צ,,,מרבה עוגיות שוקולד צ,גרמים,225.00,100 גרם,false,,7.90,3.5111,true,1,21189
50000084500,false,פריסקיז מעדני השף מנ,,,פריסקיז מעדני השף מנ,קילוגרמים,1.43,"ק""ג",false,,38.90,27.2028,true,1,18350
50000100347,false,פריסקיז מעדני החתול,,,פריסקיז מעדני החתול,קילוגרמים,1.40,"ק""ג",false,,38.90,27.7857,true,1,18352
50000170180,false,פריסקיז פריים פילה ע,,,פריסקיז פריים פילה ע,גרמים,156.00,100 גרם,false,,7.50,4.8077,true,1,18354
51500255162,false,חמאת בוטנים קלאסית 4,,,חמאת בוטנים קלאסית 4,גרמים,454.00,100 גרם,false,,18.90,4.1630,true,1,5446
64144090020,false,תרסיס שמן זית פאם 14,,,תרסיס שמן זית פאם 14,גרמים,148.00,100 גרם,false,,19.90,13.4459,true,1,12635
64144090051,false,תרסיס שמן קנולה פאם,,,תרסיס שמן קנולה פאם,מיליליטרים,148.00,"100 מ""ל",false,,19.90,13.4459,true,1,12636
76840001774,false,גלידת פיינטים שוק' צ,,,גלידת פיינטים שוק' צ,מיליליטרים,420.00,"100 מ""ל",false,,24.90,5.9286,true,1,74984
76840100156,false,בן&גרי גלידה צרי גרס,,,בן&גרי גלידה צרי גרס,גרמים,473.00,100 גרם,false,,24.90,5.2643,true,1,14348
76840100583,false,גלידה וניל +בצק עוגי,,,גלידה וניל +בצק עוגי,מיליליטרים,473.00,"100 מ""ל",false,,24.90,5.2643,true,1,14349
77245110610,false,סוכריות מאסט ללא סוכ,,,סוכריות מאסט ללא סוכ,גרמים,80.00,100 גרם,false,,8.90,11.1250,true,1,22144
77975094631,false,סניידרס בייגלה סנדוו,,,סניידרס בייגלה סנדוו,גרמים,266.00,100 גרם,false,,15.90,5.9774,true,1,136460
77975094761,false,סניידרס צ'דר 340 גרם,,,סניידרס צ'דר 340 גרם,גרמים,340.00,100 גרם,false,,15.90,4.6765,true,1,136461
77975094778,false,סניידרס שברי בייגלה,,,סניידרס שברי בייגלה,גרמים,340.00,100 גרם,false,,15.90,4.6765,true,1,178758
611745285685,true,אבוקדו בשל יח,,,אבוקדו בשל יח,גרמים,470.00,100 גרם,false,,9.90,2.1064,true,1,50909
613008755461,false,אריזונה אוכמניות בקב,,,אריזונה אוכמניות בקב,ליטרים,1.00,ליטר,false,,11.80,11.8000,true,1,99544
645173911038,false,מלפפונים קורנישון מי,,,מלפפונים קורנישון מי,גרמים,720.00,100 גרם,false,,11.90,1.6528,true,1,24893
649660013281,false,היל ויו מיצוי מיץ שז,,,היל ויו מיצוי מיץ שז,מיליליטרים,946.00,"100 מ""ל",false,,21.90,2.3150,true,1,169503
651080161510,false,פלקרס קיסם עם חוט ג',,,פלקרס קיסם עם חוט ג',יחידה,0.00,יחידה,false,,9.90,0.0000,true,1,5466
651080647519,false,פלאקרס חוט דנטלי מנט,,,פלאקרס חוט דנטלי מנט,יחידה,0.00,יחידה,false,,9.90,0.0000,true,1,5470
693493065634,false,ניוקי 3 צבעים 500 גר,,,ניוקי 3 צבעים 500 גר,גרמים,500.00,100 גרם,false,,9.90,1.9800,true,1,80216
693493126281,false,קפה טורקי קלוי וטחון,,,קפה טורקי קלוי וטחון,גרמים,300.00,100 גרם,false,,14.90,4.9667,true,1,221523
728229123811,false,טרה צ'יפס חטיף  ים ת,,,טרה צ'יפס חטיף  ים ת,גרמים,110.00,100 גרם,false,,15.90,14.4545,true,1,5475
728229130154,false,טרה צ'יפס חטיף בטטה,,,טרה צ'יפס חטיף בטטה,גרמים,110.00,100 גרם,false,,15.90,14.4545,true,1,5479
728229130444,false,טרה צ'יפס חטיף מירקו,,,טרה צ'יפס חטיף מירקו,גרמים,110.00,100 גרם,false,,15.90,14.4545,true,1,5480
768404001640,false,גלידה פיינטס קפה 473,,,גלידה פיינטס קפה 473,מיליליטרים,473.00,"100 מ""ל",false,,24.90,5.2643,true,1,14372
811250030699,false,פלפל שחור טחון 50 גר,,,פלפל שחור טחון 50 גר,גרמים,50.00,100 גרם,false,,5.90,11.8000,true,1,34718
835811001188,false,צלחות עגולות ענק מדק,,,צלחות עגולות ענק מדק,יח',10.00,יח',false,,18.90,1.8900,true,1,207979
835811001522,false,כפיות 100 יח` לקפה ו,,,כפיות 100 יח` לקפה ו,יחידה,0.00,יחידה,false,,10.90,0.0000,true,1,7432
835811003489,false,כפיות  אלגנט שקוף 50,,,כפיות  אלגנט שקוף 50,יחידה,0.00,יחידה,false,,10.90,0.0000,true,1,340738
835811005094,false,הנמל כוסות יין רגל 1,,,הנמל כוסות יין רגל 1,יחידה,0.00,יחידה,false,,8.90,0.0000,true,1,7531
835811005339,false,זוג שקיות אוכל הנמל,,,זוג שקיות אוכל הנמל,יח',300.00,יח',false,,9.90,0.0330,true,1,7544
835811005803,false,הנמל שקיות אשפה עם י,,,הנמל שקיות אשפה עם י,יחידה,0.00,יחידה,false,,13.90,0.0000,true,1,7561
835811005940,false,תבנית גדולה עם מכסה,,,תבנית גדולה עם מכסה,יחידה,0.00,יחידה,false,,13.90,0.0000,true,1,7565
835811005957,false,תבנית מלבנית עם מכסה,,,תבנית מלבנית עם מכסה,יחידה,0.00,יחידה,false,,13.90,0.0000,true,1,7566
835811007166,false,'כוסות לקפה לדרך+מכס,,,'כוסות לקפה לדרך+מכס,יחידה,0.00,יחידה,false,,13.90,0.0000,true,1,7631
835811007234,false,אפונה יבשה הנמל 500,,,אפונה יבשה הנמל 500,גרמים,500.00,100 גרם,false,,5.90,1.1800,true,1,7636
835811007241,false,לקט שעועית 500 גרם (,,,לקט שעועית 500 גרם (,גרמים,500.00,100 גרם,false,,9.90,1.9800,true,1,7637
835811007357,false,סלטינות 25 יחידות,,,סלטינות 25 יחידות,יחידה,0.00,יחידה,false,,8.90,0.0000,true,1,7639
835811008996,false,כוסות קרטון 10 אוז,,,כוסות קרטון 10 אוז,יחידה,0.00,יחידה,false,,17.90,0.0000,true,1,7674
839762000658,false,איילנד נקטר גויאבה 1,,,איילנד נקטר גויאבה 1,ליטרים,1.00,ליטר,false,,11.90,11.9000,true,1,39366
859547004084,false,ספוג ניקוי בניחוח לי,,,ספוג ניקוי בניחוח לי,גרמים,34.00,100 גרם,false,,18.90,55.5882,true,1,261974
859547004466,false,ספוג ניקוי דו צדדי ס,,,ספוג ניקוי דו צדדי ס,גרמים,34.00,100 גרם,false,,18.90,55.5882,true,1,261946
859547004688,false,כריות קרצוף סקאור דד,,,כריות קרצוף סקאור דד,גרמים,46.00,100 גרם,false,,18.90,41.0870,true,1,261975
877300000074,false,פלפל שחור גרוס צנצנת,,,פלפל שחור גרוס צנצנת,גרמים,100.00,100 גרם,false,,15.90,15.9000,true,1,34727
877300000081,false,פלפל שחור טחון צנצנת,,,פלפל שחור טחון צנצנת,גרמים,100.00,100 גרם,false,,15.90,15.9000,true,1,34728
877300000364,false,אורגנו 20 גרם שקית.,,,אורגנו 20 גרם שקית.,גרמים,20.00,100 גרם,false,,4.90,24.5000,true,1,34729
877300001057,false,נפטון פלפל לבן טחון,,,נפטון פלפל לבן טחון,גרמים,100.00,100 גרם,false,,15.90,15.9000,true,1,34738
877300001453,false,נפטון תבלין זעתר שומ,,,נפטון תבלין זעתר שומ,גרמים,150.00,100 גרם,false,,10.90,7.2667,true,1,34757
877300002290,false,נפטון פפריקה מעושנת,,,נפטון פפריקה מעושנת,גרמים,150.00,100 גרם,false,,10.90,7.2667,true,1,34777
877300002313,false,תבלין ראס אל חנות 15,,,תבלין ראס אל חנות 15,גרמים,150.00,100 גרם,false,,10.90,7.2667,true,1,34778
877300003273,false,רוטב טריאקי 350גר,,,רוטב טריאקי 350גר,גרמים,350.00,100 גרם,false,,13.90,3.9714,true,1,34788
877300004553,false,פפריקה מתוקה 80 גרם,,,פפריקה מתוקה 80 גרם,גרמים,80.00,100 גרם,false,,5.90,7.3750,true,1,34809
877300004560,false,פפריקה חריפה 80 גרם,,,פפריקה חריפה 80 גרם,גרמים,80.00,100 גרם,false,,5.90,7.3750,true,1,34810
877300004577,false,כמון טחון 50 גרם שקי,,,כמון טחון 50 גרם שקי,גרמים,50.00,100 גרם,false,,5.90,11.8000,true,1,34811
877300007721,false,כמון טחון 400גר,,,כמון טחון 400גר,גרמים,400.00,100 גרם,false,,17.90,4.4750,true,1,34817
877300008704,false,מלח ים אטלנטי 85 גר`,,,מלח ים אטלנטי 85 גר`,גרמים,85.00,100 גרם,false,,13.90,16.3529,true,1,34830
884912342737,false,דגני בוקר וופל קריספ,,,דגני בוקר וופל קריספ,גרמים,326.00,100 גרם,false,,23.90,7.3313,true,1,68745
884912359155,false,דגני בוקר שיבולת שוע,,,דגני בוקר שיבולת שוע,גרמים,340.00,100 גרם,false,,23.90,7.0294,true,1,270237
884912359421,false,דגני בוקר שיבולת שוע,,,דגני בוקר שיבולת שוע,גרמים,340.00,100 גרם,false,,23.90,7.0294,true,1,270267
884912365200,false,דגני בוקר עם פירורי,,,דגני בוקר עם פירורי,גרמים,311.00,100 גרם,false,,23.90,7.6849,true,1,342289
3046920028004,false,לינדט אקסלנס 70% 100,,,לינדט אקסלנס 70% 100,גרמים,100.00,100 גרם,false,,17.90,17.9000,true,1,13699
3046920028363,false,לינדט אקסלנס 85% 100,,,לינדט אקסלנס 85% 100,גרמים,100.00,100 גרם,false,,17.90,17.9000,true,1,13700
3059944022415,false,ויט ארומטיק רצועות ש,,,ויט ארומטיק רצועות ש,יחידה,0.00,יחידה,false,,33.90,0.0000,true,1,20785
3069900201327,false,זיתים שחורים יבשים 4,,,זיתים שחורים יבשים 4,גרמים,400.00,100 גרם,false,,10.90,2.7250,true,1,9959
3073781162790,false,בייבי בל 24% אדום 12,,,בייבי בל 24% אדום 12,גרמים,120.00,100 גרם,false,,23.90,19.9167,true,1,302168
3073781177220,false,גבינת בייבי בל רול 1,,,גבינת בייבי בל רול 1,גרמים,102.00,100 גרם,false,,22.90,22.4510,true,1,332900
3161911366429,false,אלוויר חמאה רכה מלוח,,,אלוויר חמאה רכה מלוח,גרמים,250.00,100 גרם,false,,23.90,9.5600,true,1,16713
3161911393210,false,חמאת נורמנדי מלוחה 2,,,חמאת נורמנדי מלוחה 2,גרמים,200.00,100 גרם,false,,23.90,11.9500,true,1,289562
3178530417340,false,בראוניז שוקולד סאן מ,,,בראוניז שוקולד סאן מ,גרמים,210.00,100 גרם,false,,18.90,9.0000,true,1,240851
3245412211393,false,שוקולד חלב מעולה קרפ,,FR,שוקולד חלב מעולה קרפ,גרמים,300.00,100 גרם,false,,7.90,2.6333,true,1,308468
3245412211409,false,שוקולד חלב מעולה עם,,FR,שוקולד חלב מעולה עם,גרמים,300.00,100 גרם,false,,15.90,5.3000,true,1,308269
3267682136176,false,ויסקי היילנד קווין ב,,,ויסקי היילנד קווין ב,ליטרים,1.00,ליטר,false,,100.90,100.9000,true,1,71
3270190151654,false,שוקולד מריר מעולה עם,,FR,שוקולד מריר מעולה עם,גרמים,100.00,100 גרם,false,,5.90,5.9000,true,1,308285
3270190174936,false,שוקולד חלב עם תכולת,,FR,שוקולד חלב עם תכולת,גרמים,100.00,100 גרם,false,,5.90,5.9000,true,1,308314
3387390525960,false,דגני קראנץ' נסטלה 50,,,דגני קראנץ' נסטלה 50,גרמים,500.00,100 גרם,false,,26.90,5.3800,true,1,18379
3560070230778,false,קרפור-תה אנגלי שחור,,,קרפור-תה אנגלי שחור,גרמים,50.00,100 גרם,false,,6.90,13.8000,true,1,372688
3560070232963,false,קרפור-חליטת פירות יע,,,קרפור-חליטת פירות יע,גרמים,40.00,100 גרם,false,,6.90,17.2500,true,1,372598
3560070669981,false,שוקולד מריר מעולה 80,,FR,שוקולד מריר מעולה 80,גרמים,80.00,100 גרם,false,,4.90,6.1250,true,1,308255
3560070701407,false,שוקולד מריר מעולה עם,,FR,שוקולד מריר מעולה עם,גרמים,100.00,100 גרם,false,,5.90,5.9000,true,1,308300
3560070720859,false,שוקולד מריר מעולה 72,,FR,שוקולד מריר מעולה 72,גרמים,80.00,100 גרם,false,,4.90,6.1250,true,1,308271
3560070800230,false,קרפור שוקו קרלס 375,,,קרפור שוקו קרלס 375,גרמים,375.00,100 גרם,false,,6.90,1.8400,true,1,352235
3560070800322,false,קרפור סנופלקס 375 גר,,,קרפור סנופלקס 375 גר,גרמים,375.00,100 גרם,false,,6.90,1.8400,true,1,352219
3560070800353,false,קרפור הוני בולז 375,,,קרפור הוני בולז 375,גרמים,375.00,100 גרם,false,,6.90,1.8400,true,1,352266
3560070852086,false,קרפור-תה ירוק בטעם נ,,,קרפור-תה ירוק בטעם נ,גרמים,40.00,100 גרם,false,,6.90,17.2500,true,1,372628
3560070888108,false,קרפור-תה שחור בטעם ל,,,קרפור-תה שחור בטעם ל,גרמים,40.00,100 גרם,false,,6.90,17.2500,true,1,372658
3560070928194,false,קרפור-חליטת לואיזה 2,,,קרפור-חליטת לואיזה 2,גרמים,32.50,100 גרם,false,,6.90,21.2308,true,1,372539
3560070928347,false,קרפור-חליטת רויבוש ו,,,קרפור-חליטת רויבוש ו,גרמים,40.00,100 גרם,false,,6.90,17.2500,true,1,372583
3560071006327,false,שוקולד מריר מעולה קר,,FR,שוקולד מריר מעולה קר,גרמים,200.00,100 גרם,false,,5.90,2.9500,true,1,308286
3560071013127,false,קרפור סטייליס עם שוק,,,קרפור סטייליס עם שוק,גרמים,300.00,100 גרם,false,,8.90,2.9667,true,1,352187
3560071013196,false,קרפור סטייליס בטעם ט,,,קרפור סטייליס בטעם ט,גרמים,500.00,100 גרם,false,,9.90,1.9800,true,1,352188
3560071015725,false,קרפור פיברה עם 5 פיר,,,קרפור פיברה עם 5 פיר,גרמים,500.00,100 גרם,false,,11.90,2.3800,true,1,352250
3560071016074,false,קרפור קורונפלקס 500,,,קרפור קורונפלקס 500,גרמים,500.00,100 גרם,false,,6.90,1.3800,true,1,352251
3560071090821,false,קרפור שוקו בולז 375,,,קרפור שוקו בולז 375,גרמים,375.00,100 גרם,false,,6.90,1.8400,true,1,352220
3560071341947,false,שמן זית כתית מעולה ב,,FR,שמן זית כתית מעולה ב,מיליליטרים,750.00,"100 מ""ל",false,,11.50,1.5333,true,1,351136
3560071431945,false,קפסולות קפה קרפור עו,,FR,קפסולות קפה קרפור עו,גרמים,52.00,100 גרם,false,,6.90,13.2692,true,1,353263
3560071432096,false,קפסולות קפה קרפור עו,,FR,קפסולות קפה קרפור עו,גרמים,52.00,100 גרם,false,,6.90,13.2692,true,1,353267
3560071432157,false,קפסולות קפה וניל קרפ,,FR,קפסולות קפה וניל קרפ,גרמים,52.00,100 גרם,false,,6.90,13.2692,true,1,353268
3560071432218,false,קפסולות קפה אגוז קרפ,,FR,קפסולות קפה אגוז קרפ,גרמים,52.00,100 גרם,false,,6.90,13.2692,true,1,353270
3560071432249,false,קפסולות קפה ברזיל קר,,FR,קפסולות קפה ברזיל קר,גרמים,52.00,100 גרם,false,,6.90,13.2692,true,1,353271
3560071432270,false,קפסולות קפה קולומביה,,FR,קפסולות קפה קולומביה,גרמים,52.00,100 גרם,false,,6.90,13.2692,true,1,353272
3560071432362,false,קפסולות קפה קניה קרפ,,FR,קפסולות קפה קניה קרפ,גרמים,52.00,100 גרם,false,,6.90,13.2692,true,1,353275
3560071432393,false,קפסולות קפה קוסטה רי,,FR,קפסולות קפה קוסטה רי,גרמים,52.00,100 גרם,false,,6.90,13.2692,true,1,353276
3560071432515,false,קפסולות קפה קרפור עו,,FR,קפסולות קפה קרפור עו,גרמים,52.00,100 גרם,false,,6.90,13.2692,true,1,353277
3574661003924,false,מי פה טוטאל קאר ליסט,,,מי פה טוטאל קאר ליסט,מיליליטרים,500.00,"100 מ""ל",false,,21.90,4.3800,true,1,29389
3574661114637,false,מי פה זירו ליסטרין 5,,,מי פה זירו ליסטרין 5,מיליליטרים,500.00,"100 מ""ל",false,,23.90,4.7800,true,1,29394
3574661352275,false,ליסטרין מי פה לילדים,,,ליסטרין מי פה לילדים,מיליליטרים,250.00,"100 מ""ל",false,,15.90,6.3600,true,1,88615
3574661491806,false,מי פה אדוונס וויאט מ,,,מי פה אדוונס וויאט מ,מיליליטרים,500.00,"100 מ""ל",false,,21.90,4.3800,true,1,124369
3600523651900,false,מרכך ארגנין אלביב 55,,,מרכך ארגנין אלביב 55,מיליליטרים,550.00,"100 מ""ל",false,,15.90,2.8909,true,1,12281
3600523652242,false,שמפו קולור אלביב 550,,,שמפו קולור אלביב 550,מיליליטרים,550.00,"100 מ""ל",false,,15.90,2.8909,true,1,12284
3614223736003,false,דאודורנט ספריי לגבר,,,דאודורנט ספריי לגבר,מיליליטרים,150.00,"100 מ""ל",false,,13.90,9.2667,true,1,104712
3661163970448,false,דאו' ספריי לגבר פרש,,,דאו' ספריי לגבר פרש,מיליליטרים,200.00,"100 מ""ל",false,,17.90,8.9500,true,1,5561
3800020403631,false,קיט קט צ'אנקי חמאת ב,,,קיט קט צ'אנקי חמאת ב,גרמים,42.00,100 גרם,false,,3.90,9.2857,true,1,41915
3800034954150,false,עץ ריח איירון שלישיה,,,עץ ריח איירון שלישיה,יחידה,0.00,יחידה,false,,10.50,0.0000,true,1,31711
4000539280740,false,לינדט אקסלנס 78% 100,,,לינדט אקסלנס 78% 100,גרמים,100.00,100 גרם,false,,17.90,17.9000,true,1,327567
4002448017684,false,סיליט באנג ספריי רב,,,סיליט באנג ספריי רב,מיליליטרים,750.00,"100 מ""ל",false,,17.90,2.3867,true,1,20792
4009300522935,false,פומפדור תה ירוק לימו,,,פומפדור תה ירוק לימו,גרמים,30.00,100 גרם,false,,20.90,69.6667,true,1,21305
4009309022399,false,כרוב כבוש אורגני 670,,,כרוב כבוש אורגני 670,גרמים,670.00,100 גרם,false,,16.90,2.5224,true,1,106607
4009900013581,false,אורביט סטיקס ספירמינ,,,אורביט סטיקס ספירמינ,גרמים,65.00,100 גרם,false,,11.30,17.3846,true,1,20648
4009900531573,false,סקיטלס סמודיס 174 גר,,,סקיטלס סמודיס 174 גר,גרמים,174.00,100 גרם,false,,9.90,5.6897,true,1,20719
4009900536288,false,מסטיק אורביט רפרשרס,,,מסטיק אורביט רפרשרס,גרמים,67.00,100 גרם,false,,12.90,19.2537,true,1,145888
4009900539340,false,סוכריות סקיטלס ענקיו,,,סוכריות סקיטלס ענקיו,גרמים,141.00,100 גרם,false,,9.90,7.0213,true,1,256641
4011100002227,false,חטיף באונטי מיני 403,,,חטיף באונטי מיני 403,גרמים,403.00,100 גרם,false,,24.90,6.1787,true,1,20722
4011800528416,false,חטיף בייס סויט סולט,,,חטיף בייס סויט סולט,גרמים,150.00,100 גרם,false,,14.90,9.9333,true,1,13728
4011800567613,false,חטיף דגנים סנדוויץ ש,,,חטיף דגנים סנדוויץ ש,גרמים,120.00,100 גרם,false,,14.90,12.4167,true,1,13731
4011800628512,false,חטיף דגנים עם שוקולד,,,חטיף דגנים עם שוקולד,גרמים,150.00,100 גרם,false,,14.90,9.9333,true,1,13736
4011800630515,false,חטיף דגנים עם שוקולד,,,חטיף דגנים עם שוקולד,גרמים,150.00,100 גרם,false,,14.90,9.9333,true,1,13738
4011800633516,false,חטיף דגנים שוקולד מר,,,חטיף דגנים שוקולד מר,גרמים,138.00,100 גרם,false,,14.90,10.7971,true,1,13740
4011800636517,false,חטיף דגנים פרי עם שו,,,חטיף דגנים פרי עם שו,גרמים,120.00,100 גרם,false,,14.90,12.4167,true,1,13742
4013227013414,false,"פינה קולדה 700 מ""ל",,,"פינה קולדה 700 מ""ל",מיליליטרים,700.00,"100 מ""ל",false,,45.20,6.4571,true,1,7280
4014400904390,false,סוכריות וולמליש 325ג,,,סוכריות וולמליש 325ג,גרמים,325.00,100 גרם,false,,18.80,5.7846,true,1,12700
4014400914696,false,80 סוכריות חמאה וורט,,,80 סוכריות חמאה וורט,גרמים,80.00,100 גרם,false,,9.50,11.8750,true,1,12709
4014600202593,false,סוכריות בפח בטעמי פי,,,סוכריות בפח בטעמי פי,גרמים,150.00,100 גרם,false,,9.90,6.6000,true,1,324482
4014600202609,false,סוכריות בפח עם ליים,,,סוכריות בפח עם ליים,גרמים,150.00,100 גרם,false,,9.90,6.6000,true,1,324483
4014600204061,false,סוכריות בפח בטעם אפר,,,סוכריות בפח בטעם אפר,גרמים,150.00,100 גרם,false,,9.90,6.6000,true,1,324487
4015000031394,false,מסיר כתמים ספטיל 200,,,מסיר כתמים ספטיל 200,גרמים,200.00,100 גרם,false,,17.90,8.9500,true,1,34849
4015400563846,false,אולדייז מגן תחתון לו,,,אולדייז מגן תחתון לו,יחידה,0.00,יחידה,false,,19.90,0.0000,true,1,223483
4015400598329,false,קוואטרו נורמל פלוס א,,,קוואטרו נורמל פלוס א,יחידה,0.00,יחידה,false,,42.00,0.0000,true,1,26868
4015400690405,false,טמפון פרל סופר טמפקס,,,טמפון פרל סופר טמפקס,יחידה,0.00,יחידה,false,,24.90,0.0000,true,1,26897
4015600762742,false,שמפו קלאסי הד&שולדרס,,,שמפו קלאסי הד&שולדרס,מיליליטרים,500.00,"100 מ""ל",false,,19.90,3.9800,true,1,26961
4015600762902,false,שמפו מנטול הד&שולדרס,,,שמפו מנטול הד&שולדרס,מיליליטרים,500.00,"100 מ""ל",false,,19.90,3.9800,true,1,26965
4018722344308,false,אלב גולד - טליאטלה כ,,,אלב גולד - טליאטלה כ,גרמים,500.00,100 גרם,false,,18.90,3.7800,true,1,106609
4045787068498,false,פרוטאין קולור 7.3 דב,,,פרוטאין קולור 7.3 דב,מיליליטרים,60.00,"100 מ""ל",false,,14.90,24.8333,true,1,8040
4084500065536,false,קרם לחות מוגברת פנטן,,,קרם לחות מוגברת פנטן,מיליליטרים,300.00,"100 מ""ל",false,,24.90,8.3000,true,1,27063
4084500065598,false,קרם לחות לתלתלים פנט,,,קרם לחות לתלתלים פנט,מיליליטרים,300.00,"100 מ""ל",false,,24.90,8.3000,true,1,27064
4084500088917,false,פיירי נוזל כלים לימו,,,פיירי נוזל כלים לימו,מיליליטרים,650.00,"100 מ""ל",false,,11.90,1.8308,true,1,27068
4084500149526,false,טייד גל 2.48 ליטר,,,טייד גל 2.48 ליטר,ליטרים,2.48,ליטר,false,,30.70,12.3790,true,1,27071
4084500739253,false,אורל בי –משחה 3D Whi,,,אורל בי –משחה 3D Whi,יחידה,75.00,יחידה,false,,24.90,0.3320,true,1,177765
4084500853836,false,פיירי נוזל כלים ורדי,,,פיירי נוזל כלים ורדי,מיליליטרים,515.00,"100 מ""ל",false,,10.90,2.1165,true,1,27089
4603514009277,false,באריסטר ג'ין יבש 700,,,באריסטר ג'ין יבש 700,מיליליטרים,700.00,"100 מ""ל",false,,90.20,12.8857,true,1,293530
4640018993343,false,פיניש קוואנטום למדיח,,,פיניש קוואנטום למדיח,יחידה,0.00,יחידה,false,,43.90,0.0000,true,1,68166
4640018993398,false,פיניש קוואנטום למדיח,,,פיניש קוואנטום למדיח,יחידה,0.00,יחידה,false,,62.90,0.0000,true,1,68169
4710068001715,false,מאסטר קפה טירמיסו 24,,,מאסטר קפה טירמיסו 24,מיליליטרים,240.00,"100 מ""ל",false,,6.60,2.7500,true,1,39370
4800888209436,false,דאו רקסונה סטיק טלק,,,דאו רקסונה סטיק טלק,מיליליטרים,50.00,"100 מ""ל",false,,18.90,37.8000,true,1,63483
4820229031311,false,וודקה חורטיצה 700 מ`,,,וודקה חורטיצה 700 מ`,מיליליטרים,700.00,"100 מ""ל",false,,70.90,10.1286,true,1,92845
4903001904192,false,רוטב סויה יאמאסה פרמ,,,רוטב סויה יאמאסה פרמ,מיליליטרים,500.00,"100 מ""ל",false,,18.90,3.7800,true,1,12716
4903001904208,false,רוטב סויה פרימיום יא,,,רוטב סויה פרימיום יא,ליטרים,1.00,ליטר,false,,32.90,32.9000,true,1,12717
4903001925784,false,רוטב סויה יאמאסה דל,,,רוטב סויה יאמאסה דל,מיליליטרים,500.00,"100 מ""ל",false,,18.90,3.7800,true,1,12718
5000157143365,false,מתבל בטעם מיונז וקטש,,,מתבל בטעם מיונז וקטש,מיליליטרים,425.00,"100 מ""ל",false,,15.90,3.7412,true,1,5245
5000159414197,false,מלטיזרס 135 גרם,,,מלטיזרס 135 גרם,גרמים,135.00,100 גרם,false,,12.90,9.5556,true,1,316219
5000159452663,false,חטיף מרס מארז 5*2 22,,,חטיף מרס מארז 5*2 22,גרמים,225.00,100 גרם,false,,12.90,5.7333,true,1,156057
5000159538626,false,חטיף טוויקס מארז 5*2,,,חטיף טוויקס מארז 5*2,גרמים,250.00,100 גרם,false,,12.90,5.1600,true,1,156073
5000204151022,false,פלדג' אירוסול לניקוי,,,פלדג' אירוסול לניקוי,מיליליטרים,250.00,"100 מ""ל",false,,17.90,7.1600,true,1,281285
5000204151053,false,פלדג' אירוסול לניקוי,,,פלדג' אירוסול לניקוי,מיליליטרים,250.00,"100 מ""ל",false,,17.90,7.1600,true,1,281271
5000204153729,false,גלייד מילוי אוטומטי,,,גלייד מילוי אוטומטי,מיליליטרים,269.00,"100 מ""ל",false,,17.90,6.6543,true,1,92803
5000204153903,false,גלייד מילוי אוטומטי,,,גלייד מילוי אוטומטי,מיליליטרים,269.00,"100 מ""ל",false,,17.90,6.6543,true,1,92804
5000204155723,false,גלייד מארז אוטומטי מ,,,גלייד מארז אוטומטי מ,מיליליטרים,269.00,"100 מ""ל",false,,57.90,21.5242,true,1,92831
5000204243000,false,דאק ג'ל נוזל  לאסלה,,,דאק ג'ל נוזל  לאסלה,מיליליטרים,750.00,"100 מ""ל",false,,11.50,1.5333,true,1,274917
5000204886566,false,"פלדג 475 מ""ל ORANGE",,,"פלדג 475 מ""ל ORANGE",מיליליטרים,475.00,"100 מ""ל",false,,30.50,6.4211,true,1,5659
5000396037531,false,מקוויטיס מצופה שוקול,,,מקוויטיס מצופה שוקול,גרמים,200.00,100 גרם,false,,11.90,5.9500,true,1,24569
5000396037548,false,מקוויטיס מצופה שוקול,,,מקוויטיס מצופה שוקול,גרמים,200.00,100 גרם,false,,11.90,5.9500,true,1,24570
5000396037944,false,מקוויטים ביסקוויטים,,,מקוויטים ביסקוויטים,גרמים,250.00,100 גרם,false,,9.90,3.9600,true,1,24572
5010038454831,false,בירה בלו מון 5.4% 33,,,בירה בלו מון 5.4% 33,מיליליטרים,330.00,"100 מ""ל",false,,13.90,4.2121,true,1,7290
5010677552387,false,בקרדי בריזר אננס.,,,בקרדי בריזר אננס.,מיליליטרים,275.00,"100 מ""ל",false,,14.90,5.4182,true,1,9276
5010677554398,false,בקרדי בריזר אבטיח,,,בקרדי בריזר אבטיח,מיליליטרים,275.00,"100 מ""ל",false,,14.90,5.4182,true,1,9277
5014271330426,false,סאן דלפור מעדן אוכמנ,,,סאן דלפור מעדן אוכמנ,גרמים,284.00,100 גרם,false,,22.90,8.0634,true,1,16760
5014271400426,false,סאן דלפור מעדן תות ש,,,סאן דלפור מעדן תות ש,גרמים,284.00,100 גרם,false,,22.90,8.0634,true,1,16766
5024546366609,false,וויסקי לאודרס 700מל,,,וויסקי לאודרס 700מל,מיליליטרים,700.00,"100 מ""ל",false,,100.90,14.4143,true,1,133
5029053002439,false,נייר טואלט קליניקס צ,,,נייר טואלט קליניקס צ,מטרים,243.00,מטר,false,,35.90,0.1477,true,1,8792
5029053032658,false,ממחטות טישו  טו גו ק,,,ממחטות טישו  טו גו ק,יחידה,0.00,יחידה,false,,8.90,0.0000,true,1,8798
5029053510811,false,תחבושות אולטרה נורמל,,,תחבושות אולטרה נורמל,יחידה,0.00,יחידה,false,,19.90,0.0000,true,1,8800
5029053523446,false,תחבושות אולטרה נייט+,,,תחבושות אולטרה נייט+,יחידה,0.00,יחידה,false,,19.90,0.0000,true,1,8803
5029054220085,false,האגיס אקסטרה קר מגבו,,,האגיס אקסטרה קר מגבו,יחידה,0.00,יחידה,false,,28.90,0.0000,true,1,8821
5060250343741,false,הרשיז ראונדס קוקיס א,,,הרשיז ראונדס קוקיס א,גרמים,96.00,100 גרם,false,,11.90,12.3958,true,1,300538
5060250343765,false,ריזס ראונדס בוטנים 6,,,ריזס ראונדס בוטנים 6,גרמים,96.00,100 גרם,false,,11.90,12.3958,true,1,300524
5060517886486,false,מונסטר אנרג'י פחית 5,,,מונסטר אנרג'י פחית 5,מיליליטרים,500.00,"100 מ""ל",false,,7.90,1.5800,true,1,6790
5060751218173,false,מונסטר פייפלין פאנץ',,,מונסטר פייפלין פאנץ',מיליליטרים,500.00,"100 מ""ל",false,,7.90,1.5800,true,1,288534
5060751219033,false,מונסטר אולטרה פרדייז,,,מונסטר אולטרה פרדייז,מיליליטרים,500.00,"100 מ""ל",false,,7.90,1.5800,true,1,288548
5201004020338,false,קפריס רולס קלאסיק 40,,,קפריס רולס קלאסיק 40,גרמים,400.00,100 גרם,false,,19.90,4.9750,true,1,13760
5201004021328,false,קפריס רולס קלאסיק 11,,,קפריס רולס קלאסיק 11,גרמים,115.00,100 גרם,false,,9.90,8.6087,true,1,127314
5201347160326,false,קלגון גל 750 מ'ל,,,קלגון גל 750 מ'ל,מיליליטרים,750.00,"100 מ""ל",false,,32.90,4.3867,true,1,20838
5202175001515,false,נאצ'וס בטעם מלוח מזר,,,נאצ'וס בטעם מלוח מזר,גרמים,225.00,100 גרם,false,,10.90,4.8444,true,1,283681
5203064007625,false,תומר עוגיות שוקו צ'י,,,תומר עוגיות שוקו צ'י,גרמים,180.00,100 גרם,false,,10.90,6.0556,true,1,230050
5203064007649,false,תומר עוגיות שוקו צ'י,,,תומר עוגיות שוקו צ'י,גרמים,180.00,100 גרם,false,,10.90,6.0556,true,1,230065
5391523058063,false,סימילאק אדוואנס פלוס,,,סימילאק אדוואנס פלוס,גרמים,700.00,100 גרם,false,,65.90,9.4143,true,1,29442
5391523058070,false,סימילאק אדוונס פלוס,,,סימילאק אדוונס פלוס,גרמים,700.00,100 גרם,false,,65.90,9.4143,true,1,29443
5391523058087,false,סימילאק אדוואנס פלוס,,,סימילאק אדוואנס פלוס,גרמים,700.00,100 גרם,false,,65.90,9.4143,true,1,29444
5410076379378,false,אבקת כביסה טייד קולו,,,אבקת כביסה טייד קולו,קילוגרמים,5.00,"ק""ג",false,,39.90,7.9800,true,1,27189
5410076933129,false,אריאל שושן צחור שקית,,,אריאל שושן צחור שקית,קילוגרמים,3.00,"ק""ג",false,,38.90,12.9667,true,1,27220
5410126116953,false,לוטוס ממרח ביסקוויט,,,לוטוס ממרח ביסקוויט,גרמים,400.00,100 גרם,false,,23.90,5.9750,true,1,5267
5410126666038,false,עוגיות לוטוס 279 גרם,,,עוגיות לוטוס 279 גרם,גרמים,279.00,100 גרם,false,,16.90,6.0573,true,1,5268
5410126716016,false,ביסקוויט בטעם קרמל ל,,,ביסקוויט בטעם קרמל ל,גרמים,250.00,100 גרם,false,,11.90,4.7600,true,1,5269
5410291021991,false,צ`וקטה ממרח אגוזי לו,,,צ`וקטה ממרח אגוזי לו,גרמים,700.00,100 גרם,false,,19.90,2.8429,true,1,41951
5410291022011,false,צ`וקטה ממרח אגוזי לו,,,צ`וקטה ממרח אגוזי לו,גרמים,350.00,100 גרם,false,,11.90,3.4000,true,1,41952
5410291022752,false,צ`וקטה ממרח אגוזי לו,,,צ`וקטה ממרח אגוזי לו,גרמים,350.00,100 גרם,false,,11.90,3.4000,true,1,41955
5410316983693,false,סמירנוף אייס בודד,,,סמירנוף אייס בודד,מיליליטרים,275.00,"100 מ""ל",false,,13.90,5.0545,true,1,6807
5410769200088,false,"בירה מק שוף 330 מ""ל",,,"בירה מק שוף 330 מ""ל",מיליליטרים,330.00,"100 מ""ל",false,,14.90,4.5152,true,1,7305
5411188112709,false,אלפרו משקה שקדים ללא,,,אלפרו משקה שקדים ללא,יחידה,0.00,יחידה,false,,15.90,0.0000,true,1,21360
5411188115366,false,אלפרו משקה שיבולת שו,,,אלפרו משקה שיבולת שו,יחידה,0.00,יחידה,false,,15.90,0.0000,true,1,21362
5411188115434,false,אלפרו משקה בריסטה סו,,,אלפרו משקה בריסטה סו,ליטרים,1.00,100 ליטר,false,,15.90,1590.0000,true,1,300813
5411188120742,false,אלפרו משקה שקדים בטע,,,אלפרו משקה שקדים בטע,ליטרים,1.00,ליטר,false,,15.90,15.9000,true,1,21369
5411188121923,false,אלפרו סויה סידן  שלש,,,אלפרו סויה סידן  שלש,מיליליטרים,750.00,"100 מ""ל",false,,15.90,2.1200,true,1,21371
5411188121978,false,אלפרו סויה  שוקו סיד,,,אלפרו סויה  שוקו סיד,מיליליטרים,750.00,"100 מ""ל",false,,15.90,2.1200,true,1,21372
5411188122586,false,אלפרו משקה שקדים 250,,,אלפרו משקה שקדים 250,מיליליטרים,250.00,"100 מ""ל",false,,6.90,2.7600,true,1,21374
5411188134985,false,אלפרו 3.5% שומן NOT,,,אלפרו 3.5% שומן NOT,ליטרים,1.00,ליטר,false,,13.90,13.9000,true,1,180182
5411188135005,false,אלפרו 1.8% שומן NOT,,,אלפרו 1.8% שומן NOT,ליטרים,1.00,ליטר,false,,13.90,13.9000,true,1,183856
5411188543398,false,אלפרו משקה סויה ללא,,,אלפרו משקה סויה ללא,ליטרים,1.00,ליטר,false,,15.90,15.9000,true,1,90774
5413149922907,false,אריאל אבקת כביסה קול,,,אריאל אבקת כביסה קול,קילוגרמים,5.00,"ק""ג",false,,57.90,11.5800,true,1,27239
5413216990242,false,צדפי שוקולד צ'וקטה 2,,,צדפי שוקולד צ'וקטה 2,גרמים,250.00,100 גרם,false,,16.90,6.7600,true,1,41959
5600289150332,false,צ'יפס תפוחי עץ מיובש,,,צ'יפס תפוחי עץ מיובש,גרמים,20.00,100 גרם,false,,6.90,34.5000,true,1,281071
5600289150349,false,צ'יפס תפוחי עץ מיובש,,,צ'יפס תפוחי עץ מיובש,גרמים,30.00,100 גרם,false,,6.90,23.0000,true,1,281072
5601008200444,false,גודיס עוגיות טבעת מצ,,,גודיס עוגיות טבעת מצ,גרמים,150.00,100 גרם,false,,6.90,4.6000,true,1,21381
5601008200451,false,גודיס עוגיות טבעת מצ,,,גודיס עוגיות טבעת מצ,גרמים,150.00,100 גרם,false,,6.90,4.6000,true,1,21382
5601008200468,false,גודיס עוגיות טבעת מצ,,,גודיס עוגיות טבעת מצ,גרמים,150.00,100 גרם,false,,6.90,4.6000,true,1,21383
5601010111035,false,סרדינים בשמן זית רמי,,,סרדינים בשמן זית רמי,גרמים,100.00,100 גרם,false,,11.90,11.9000,true,1,47846
5601010211070,false,סרדינים במי מלח רמיר,,,סרדינים במי מלח רמיר,גרמים,100.00,100 גרם,false,,10.90,10.9000,true,1,47847
5701932026964,false,הוט פופ .פופקורן עם,,,הוט פופ .פופקורן עם,גרמים,600.00,100 גרם,false,,16.90,2.8167,true,1,12724
5701932026971,false,הוט פופ פופקורן בטעם,,,הוט פופ פופקורן בטעם,גרמים,600.00,100 גרם,false,,16.90,2.8167,true,1,12725
5701932026995,false,הוט פופ פופקורן לייט,,,הוט פופ פופקורן לייט,גרמים,510.00,100 גרם,false,,16.90,3.3137,true,1,12726
5711953106583,false,ארלה גבינת שמנת טבעי,,,ארלה גבינת שמנת טבעי,גרמים,200.00,100 גרם,false,,16.90,8.4500,true,1,23214
5711953106590,false,ארלה גבינת שמנת שום,,,ארלה גבינת שמנת שום,גרמים,200.00,100 גרם,false,,16.90,8.4500,true,1,23215
5711953106606,false,ארלה גבינת שמנת עשבי,,,ארלה גבינת שמנת עשבי,גרמים,200.00,100 גרם,false,,16.90,8.4500,true,1,23216
5740900403215,false,ממרח לורפק עם מלח 25,,,ממרח לורפק עם מלח 25,גרמים,250.00,100 גרם,false,,19.90,7.9600,true,1,23217
5740900403222,false,ממרח לורפק עם מלח מו,,,ממרח לורפק עם מלח מו,גרמים,250.00,100 גרם,false,,19.90,7.9600,true,1,23218
5740900403239,false,ממרח לורפק ללא מלח 2,,,ממרח לורפק ללא מלח 2,גרמים,250.00,100 גרם,false,,19.90,7.9600,true,1,23219
5740900403246,false,ממרח לורפק ללא מלח 5,,,ממרח לורפק ללא מלח 5,גרמים,500.00,100 גרם,false,,29.90,5.9800,true,1,23220
5740900403253,false,ממרח לורפק עם מלח 50,,,ממרח לורפק עם מלח 50,גרמים,500.00,100 גרם,false,,29.90,5.9800,true,1,23221
5740900403284,false,חמאת לורפק ללא מלח 2,,,חמאת לורפק ללא מלח 2,גרמים,200.00,100 גרם,false,,12.90,6.4500,true,1,88628
5740900403864,false,חמאת לורפק עם מלח 20,,,חמאת לורפק עם מלח 20,גרמים,200.00,100 גרם,false,,12.90,6.4500,true,1,180265
5765220190157,false,עטרות נייר לאפייה 2,,,עטרות נייר לאפייה 2,יח',130.00,יח',false,,5.50,0.0423,true,1,115993
5765571204619,false,נר נשמה שבועי ירושלי,,,נר נשמה שבועי ירושלי,יחידה,0.00,יחידה,false,,11.90,0.0000,true,1,242593
5900020018908,false,פיטנס חטיף דגנים קרם,,,פיטנס חטיף דגנים קרם,גרמים,141.00,100 גרם,false,,17.90,12.6950,true,1,18384
5900020020710,false,חטיף דגנים קראנץ בר,,,חטיף דגנים קראנץ בר,גרמים,150.00,100 גרם,false,,16.90,11.2667,true,1,18386
5900020024817,false,פיטנס בר דליס שוקולד,,,פיטנס בר דליס שוקולד,גרמים,135.00,100 גרם,false,,17.90,13.2593,true,1,18391
5900020025647,false,פיטנס בר דליס שוקולד,,,פיטנס בר דליס שוקולד,גרמים,135.00,100 גרם,false,,17.90,13.2593,true,1,18393
5900020026552,false,האני נאט ציריוס נסטל,,,האני נאט ציריוס נסטל,גרמים,625.00,100 גרם,false,,27.90,4.4640,true,1,18398
5900020029669,false,פיטנס חטיף דגנים פיר,,,פיטנס חטיף דגנים פיר,גרמים,141.00,100 גרם,false,,17.90,12.6950,true,1,18400
5900020034991,false,קראנץ' צדפים בטעם שו,,,קראנץ' צדפים בטעם שו,גרמים,450.00,100 גרם,false,,27.90,6.2000,true,1,18405
5900020036407,false,דגני בוקר שוקולד וקר,,,דגני בוקר שוקולד וקר,גרמים,480.00,100 גרם,false,,27.90,5.8125,true,1,66234
5900627063233,false,50 יח AIO טבליות פינ,,,50 יח AIO טבליות פינ,גרמים,800.00,100 גרם,false,,41.90,5.2375,true,1,20858
5900627066715,false,פיניש 100 טבליות AIO,,,פיניש 100 טבליות AIO,יחידה,0.00,יחידה,false,,62.90,0.0000,true,1,20859
5901414200411,false,היט מיניס קרם קקאו 1,,,היט מיניס קרם קקאו 1,גרמים,130.00,100 גרם,false,,6.40,4.9231,true,1,41961
5902198160403,false,אקס אל משקה אנרגיה ט,,,אקס אל משקה אנרגיה ט,מיליליטרים,250.00,"100 מ""ל",false,,4.90,1.9600,true,1,9284
5902768862553,true,עוגיות בוגטי שוקולד,,,עוגיות בוגטי שוקולד,גרמים,155.00,100 גרם,false,,5.90,3.8065,true,1,49840
5904941751302,false,בלו משקה אנרגיה 250,,,בלו משקה אנרגיה 250,מיליליטרים,250.00,"100 מ""ל",false,,4.50,1.8000,true,1,1812
5904941751715,false,בלו משקה אנרגיה קרנב,,,בלו משקה אנרגיה קרנב,מיליליטרים,250.00,"100 מ""ל",false,,4.50,1.8000,true,1,1814
5906485301012,false,אקס אל משקה אנרגיה 2,,,אקס אל משקה אנרגיה 2,מיליליטרים,250.00,"100 מ""ל",false,,4.90,1.9600,true,1,9285
5941021001247,false,טבלת היידי גראנדור ק,,,טבלת היידי גראנדור ק,גרמים,80.00,100 גרם,false,,11.90,14.8750,true,1,300193
5941021001261,false,טבלת היידי גראנדור 7,,,טבלת היידי גראנדור 7,גרמים,80.00,100 גרם,false,,11.90,14.8750,true,1,300209
5997321701806,false,"קלגון אבקה 1 ק""ג",,,"קלגון אבקה 1 ק""ג",קילוגרמים,1.00,"ק""ג",false,,37.90,37.9000,true,1,20861
6111094000259,false,קוסקוס בינוני דארי 5,,,קוסקוס בינוני דארי 5,גרמים,500.00,100 גרם,false,,10.90,2.1800,true,1,24917
6111094000808,false,קוסקוס בינוני דארי 1,,,קוסקוס בינוני דארי 1,קילוגרמים,1.10,"ק""ג",false,,17.90,16.2727,true,1,24918
6902019042061,false,מארז בלונים 50 יח,,,מארז בלונים 50 יח,יחידה,0.00,יחידה,false,,10.90,0.0000,true,1,13093
6910191800287,false,אצות נורי לסושי מזרח,,,אצות נורי לסושי מזרח,גרמים,25.00,100 גרם,false,,11.90,47.6000,true,1,47518
6935673035612,false,S כפפות אלוורה,,,S כפפות אלוורה,יחידה,0.00,יחידה,false,,9.90,0.0000,true,1,13416
6936745600462,false,רוטב מירין לתיבול מז,,,רוטב מירין לתיבול מז,מיליליטרים,500.00,"100 מ""ל",false,,18.90,3.7800,true,1,47522
6944120800277,false,צמרונים 110 יח` לב פ,,,צמרונים 110 יח` לב פ,יחידה,0.00,יחידה,false,,4.00,0.0000,true,1,27976
6951097101542,false,מאג מעוצב סט שישייה,,,מאג מעוצב סט שישייה,יחידה,0.00,יחידה,false,,29.90,0.0000,true,1,28002
7038516140357,false,מב.שיניים טוטאל קלין,,,מב.שיניים טוטאל קלין,יחידה,0.00,יחידה,false,,10.00,0.0000,true,1,5704
7046110030608,false,זוג מברשות סנסטיב ג',,,זוג מברשות סנסטיב ג',יחידה,0.00,יחידה,false,,24.90,0.0000,true,1,5710
7046110064016,false,זוג מברשות שיניים יל,,,זוג מברשות שיניים יל,יחידה,0.00,יחידה,false,,19.80,0.0000,true,1,5714
7046110064047,false,ג'ורדן מארז מברשת שי,,,ג'ורדן מארז מברשת שי,יחידה,0.00,יחידה,false,,19.80,0.0000,true,1,5715
7046110075036,false,מארז מב.שיניים אולטי,,,מארז מב.שיניים אולטי,יחידה,0.00,יחידה,false,,10.00,0.0000,true,1,5721
7271730901261,false,ארוחת אטריות וואקי מ,,,ארוחת אטריות וואקי מ,גרמים,156.00,100 גרם,false,,11.90,7.6282,true,1,36875
7290000000104,false,סנדוויץ'  עובד,,,סנדוויץ'  עובד,יחידה,0.00,יחידה,false,,5.00,0.0000,true,1,34403
7290000000302,false,6יח בקבוק ריק חוזר 5,,,6יח בקבוק ריק חוזר 5,יחידה,0.00,יחידה,false,,7.20,0.0000,true,1,9246
7290000001056,false,לחם אחיד 750 גרם,,,לחם אחיד 750 גרם,גרמים,750.00,100 גרם,false,,5.10,0.6800,true,1,4451
7290000001524,true,בצל ירוק כשר,,,בצל ירוק כשר,יח',1.00,יח',false,,6.90,6.9000,true,1,47682
7290000002022,false,פרווה ביס שוקולד/מאפ,,,פרווה ביס שוקולד/מאפ,קילוגרמים,1.00,"ק""ג",true,,43.00,43.0000,true,1,2454
7290000004006,false,קאשקבל משולשים גד 26,,,קאשקבל משולשים גד 26,קילוגרמים,1.00,"ק""ג",true,,130.00,130.0000,true,1,14554
7290000004444,false,שקיות גופיה  20 מקרו,,,שקיות גופיה  20 מקרו,יחידה,0.00,יחידה,false,,0.10,0.0000,true,1,321568
7290000004754,false,מוצרלה כדור קטן גד 1,,,מוצרלה כדור קטן גד 1,קילוגרמים,1.00,"ק""ג",true,,100.00,100.0000,true,1,14560
7290000004815,false,מוצרלה גד 22% במשקל,,,מוצרלה גד 22% במשקל,קילוגרמים,1.00,"ק""ג",true,,85.00,85.0000,true,1,14562
7290000004976,false,גבינות שמנת זיתים גד,,,גבינות שמנת זיתים גד,קילוגרמים,1.00,"ק""ג",true,,52.00,52.0000,true,1,14569
7290000005448,false,בולגרית מעודנת מהדרי,,,בולגרית מעודנת מהדרי,קילוגרמים,1.00,"ק""ג",true,,65.00,65.0000,true,1,14576
7290000005479,false,צפתית במים מהדרין גד,,,צפתית במים מהדרין גד,קילוגרמים,1.00,"ק""ג",true,,64.00,64.0000,true,1,14579
7290000009350,false,בשר טחון טרי,,,בשר טחון טרי,קילוגרמים,1.00,"ק""ג",true,,37.90,37.9000,true,1,336673
7290000009351,false,בשר טחון חלק טרי,,,בשר טחון חלק טרי,קילוגרמים,1.00,"ק""ג",true,,49.90,49.9000,true,1,336822
7290000009353,false,בשר טחון פרימיום חלק,,,בשר טחון פרימיום חלק,קילוגרמים,1.00,"ק""ג",true,,49.90,49.9000,true,1,337290
7290000009358,false,כתף בקר טרי,,,כתף בקר טרי,קילוגרמים,1.00,"ק""ג",true,,64.90,64.9000,true,1,337240
7290000009362,false,צלי כתף טרי,,,צלי כתף טרי,קילוגרמים,1.00,"ק""ג",true,,89.90,89.9000,true,1,337402
7290000009369,false,פילה מדומה פרימיום ח,,,פילה מדומה פרימיום ח,קילוגרמים,1.00,"ק""ג",true,,79.90,79.9000,true,1,340511
7290000009397,false,אוסובוקו טרי,,,אוסובוקו טרי,קילוגרמים,1.00,"ק""ג",true,,64.90,64.9000,true,1,337778
7290000009456,false,צוואר עגל טרי,,,צוואר עגל טרי,קילוגרמים,1.00,"ק""ג",true,,54.90,54.9000,true,1,350192
7290000009464,false,אנטריקוט ע.ע טרי,,,אנטריקוט ע.ע טרי,קילוגרמים,1.00,"ק""ג",true,,94.90,94.9000,true,1,349951
7290000009471,false,סטייק דלמוניקה טרי,,,סטייק דלמוניקה טרי,קילוגרמים,1.00,"ק""ג",true,,89.90,89.9000,true,1,350086
7290000009481,false,כתף ע.ע  כשר,,,כתף ע.ע  כשר,קילוגרמים,1.00,"ק""ג",true,,49.90,49.9000,true,1,350831
7290000009507,false,כף בקר טרי,,,כף בקר טרי,קילוגרמים,1.00,"ק""ג",true,,79.90,79.9000,true,1,351365
7290000010110,false,5 יח'  לחמנית קוראסו,,,5 יח'  לחמנית קוראסו,יח',1.00,יח',false,,16.90,16.9000,true,1,54095
7290000010250,false,5 יח'  בייגלה בטעמים,,,5 יח'  בייגלה בטעמים,יח',1.00,יח',false,,18.90,18.9000,true,1,54079
7290000011040,false,5 יח' לחמניה קשר,,,5 יח' לחמניה קשר,יח',1.00,יח',false,,14.90,14.9000,true,1,2483
7290000011593,false,שזיף,,,שזיף,קילוגרמים,1.00,"ק""ג",true,,19.90,19.9000,true,1,50895
7290000014510,false,חסה עגולה,,,חסה עגולה,יח',1.00,יח',false,,6.90,6.9000,true,1,50896
7290000023083,false,"ערק אשקלון 700 מ""ל כ",,,"ערק אשקלון 700 מ""ל כ",מיליליטרים,700.00,"100 מ""ל",false,,55.90,7.9857,true,1,9293
7290000023809,false,קלאסיק קברנה סובניון,,,קלאסיק קברנה סובניון,מיליליטרים,750.00,"100 מ""ל",false,,35.50,4.7333,true,1,9306
7290000023816,false,קלאסיק אמרלד ריזלינג,,,קלאסיק אמרלד ריזלינג,מיליליטרים,750.00,"100 מ""ל",false,,35.50,4.7333,true,1,9307
7290000023977,false,קלאסיק מרלו 750מל.,,,קלאסיק מרלו 750מל.,מיליליטרים,750.00,"100 מ""ל",false,,35.50,4.7333,true,1,9313
7290000024264,false,מרלו ריזרב,,,מרלו ריזרב,מיליליטרים,750.00,"100 מ""ל",false,,46.90,6.2533,true,1,9320
7290000024523,false,תירוש של סגל 1 ליטר,,,תירוש של סגל 1 ליטר,ליטרים,1.00,ליטר,false,,15.90,15.9000,true,1,9324
7290000024905,false,קגלביץ קלאסיקה 700 מ,,,קגלביץ קלאסיקה 700 מ,מיליליטרים,700.00,"100 מ""ל",false,,55.90,7.9857,true,1,9330
7290000025786,false,דניס נקי טרי,,,דניס נקי טרי,קילוגרמים,1.00,"ק""ג",true,,79.90,79.9000,true,1,47870
7290000026893,false,ברמונדי נקי,,,ברמונדי נקי,קילוגרמים,1.00,"ק""ג",true,,49.90,49.9000,true,1,47878
7290000027742,false,לברק נקי טרי,,,לברק נקי טרי,קילוגרמים,1.00,"ק""ג",true,,69.90,69.9000,true,1,47885
7290000027988,false,סלמון טרי,,,סלמון טרי,קילוגרמים,1.00,"ק""ג",true,,89.90,89.9000,true,1,47889
7290000027995,false,פילה סלמון טרי,,,פילה סלמון טרי,קילוגרמים,1.00,"ק""ג",true,,99.90,99.9000,true,1,47893
7290000032665,false,רוטב עגבניות 28% ברי,,,רוטב עגבניות 28% ברי,גרמים,580.00,100 גרם,false,,8.50,1.4655,true,1,8610
7290000035324,false,בולגרית חלב נוכרי פי,,,בולגרית חלב נוכרי פי,קילוגרמים,1.00,"ק""ג",true,,59.00,59.0000,true,1,25607
7290000040042,false,יופלה תות שובב 3% 15,,,יופלה תות שובב 3% 15,מיליליטרים,150.00,"100 מ""ל",false,,5.50,3.6667,true,1,25693
7290000040080,false,יופלה אפרסק מאוהב 3%,,,יופלה אפרסק מאוהב 3%,מיליליטרים,150.00,"100 מ""ל",false,,5.50,3.6667,true,1,25695
7290000040974,false,חלב תנובה קרטון דל ל,,,חלב תנובה קרטון דל ל,ליטרים,1.00,ליטר,false,,7.50,7.5000,true,1,25700
7290000041445,false,"קוטג' 5% תנובה בד""צ",,,"קוטג' 5% תנובה בד""צ",גרמים,250.00,100 גרם,false,,5.70,2.2800,true,1,25702
7290000041858,false,יטבתה שמנת חמוצה 15%,,,יטבתה שמנת חמוצה 15%,מיליליטרים,200.00,"100 מ""ל",false,,2.90,1.4500,true,1,23223
7290000042015,false,חלב תנובה טרי שקית,,,חלב תנובה טרי שקית,יחידה,0.00,יחידה,false,,5.43,0.0000,true,1,25705
7290000042404,false,יטבתה חלב מועשר שקית,,,יטבתה חלב מועשר שקית,ליטרים,1.00,ליטר,false,,5.90,5.9000,true,1,23226
7290000042435,false,חלב תנובה בקרטון 1%,,,חלב תנובה בקרטון 1%,ליטרים,1.00,ליטר,false,,5.86,5.8600,true,1,25711
7290000042503,false,חלב תנובה עמיד 3% קר,,,חלב תנובה עמיד 3% קר,ליטרים,1.00,ליטר,false,,7.50,7.5000,true,1,25714
7290000042640,false,חלב תנובה עמיד 3% מה,,,חלב תנובה עמיד 3% מה,מיליליטרים,250.00,"100 מ""ל",false,,2.90,1.1600,true,1,25716
7290000042855,false,יטבתה שוקו שקית 225,,,יטבתה שוקו שקית 225,מיליליטרים,225.00,"100 מ""ל",false,,2.90,1.2889,true,1,23228
7290000043012,false,שוק שוקו עמיד 2% בקר,,,שוק שוקו עמיד 2% בקר,מיליליטרים,250.00,"100 מ""ל",false,,4.90,1.9600,true,1,25718
7290000043814,false,שף לבן שמנת לקצפת עמ,,,שף לבן שמנת לקצפת עמ,מיליליטרים,250.00,"100 מ""ל",false,,6.47,2.5880,true,1,25721
7290000043890,false,ריויון 1.5% 1ל,,,ריויון 1.5% 1ל,ליטרים,1.00,ליטר,false,,11.50,11.5000,true,1,25722
7290000044712,false,פרילי תות 1.5% 500מל,,,פרילי תות 1.5% 500מל,מיליליטרים,500.00,"100 מ""ל",false,,10.90,2.1800,true,1,25727
7290000045573,false,נעמה גבינת מותכת 25%,,,נעמה גבינת מותכת 25%,גרמים,200.00,100 גרם,false,,15.90,7.9500,true,1,25731
7290000046020,false,גלבוע 22% במשקל,,,גלבוע 22% במשקל,קילוגרמים,1.00,"ק""ג",true,,42.58,42.5800,true,1,25613
7290000046327,false,גלבוע גבינה פרוסה 22,,,גלבוע גבינה פרוסה 22,גרמים,200.00,100 גרם,false,,13.30,6.6500,true,1,25735
7290000046563,false,גבע פרמזן תנובה במשק,,,גבע פרמזן תנובה במשק,קילוגרמים,1.00,"ק""ג",true,,113.00,113.0000,true,1,25620
7290000046662,false,סקנדינבית חריץ מעדני,,,סקנדינבית חריץ מעדני,קילוגרמים,1.00,"ק""ג",true,,79.00,79.0000,true,1,25621
7290000047027,false,קשקבל גלעד במשקל,,,קשקבל גלעד במשקל,קילוגרמים,1.00,"ק""ג",true,,124.00,124.0000,true,1,25622
7290000047485,false,בולגרית פיראוס 24% ב,,,בולגרית פיראוס 24% ב,קילוגרמים,1.00,"ק""ג",true,,59.00,59.0000,true,1,25625
7290000047546,false,שף לבן כנען 5% 500ג,,,שף לבן כנען 5% 500ג,גרמים,500.00,100 גרם,false,,24.90,4.9800,true,1,25736
7290000048185,false,גבינה לבנה רכה 5% תנ,,,גבינה לבנה רכה 5% תנ,גרמים,250.00,100 גרם,false,,4.98,1.9920,true,1,25739
7290000048192,false,גבינה לבנה רכה 9% בד,,,גבינה לבנה רכה 9% בד,גרמים,250.00,100 גרם,false,,4.80,1.9200,true,1,25740
7290000048413,false,פיראוס חמד 16% 250ג,,,פיראוס חמד 16% 250ג,גרמים,250.00,100 גרם,false,,19.90,7.9600,true,1,25742
7290000048437,false,פיראוס צפתית 5% 200,,,פיראוס צפתית 5% 200,גרמים,200.00,100 גרם,false,,14.90,7.4500,true,1,25743
7290000051376,false,יופלה דיאט אננס ספור,,,יופלה דיאט אננס ספור,מיליליטרים,150.00,"100 מ""ל",false,,5.50,3.6667,true,1,25758
7290000052311,false,עמק מהדרין 15% 200 ג,,,עמק מהדרין 15% 200 ג,גרמים,200.00,100 גרם,false,,16.20,8.1000,true,1,25765
7290000052649,false,פיראוס לאבנה 5% 500ג,,,פיראוס לאבנה 5% 500ג,גרמים,500.00,100 גרם,false,,19.90,3.9800,true,1,25767
7290000053219,false,טל העמק 32% במשקל,,,טל העמק 32% במשקל,קילוגרמים,1.00,"ק""ג",true,,58.00,58.0000,true,1,25628
7290000055015,false,פיראוס גבינת פטה כבש,,,פיראוס גבינת פטה כבש,גרמים,250.00,100 גרם,false,,29.50,11.8000,true,1,25779
7290000055336,false,יופלה משקה יוגורט בנ,,,יופלה משקה יוגורט בנ,מיליליטרים,250.00,"100 מ""ל",false,,6.50,2.6000,true,1,25782
7290000055343,false,יופלה משקה יוגורט טר,,,יופלה משקה יוגורט טר,מיליליטרים,250.00,"100 מ""ל",false,,6.50,2.6000,true,1,25783
7290000055350,false,עמק קלאסית 28% במשקל,,,עמק קלאסית 28% במשקל,קילוגרמים,1.00,"ק""ג",true,,44.79,44.7900,true,1,25630
7290000056784,false,פטה כבשים פיראוס 5%,,,פטה כבשים פיראוס 5%,קילוגרמים,1.00,"ק""ג",true,,110.00,110.0000,true,1,25633
7290000056845,false,חלב תנובה בקרטון 3%,,,חלב תנובה בקרטון 3%,ליטרים,1.50,ליטר,false,,9.34,6.2267,true,1,25797
7290000056890,false,יופלה דיאט טעמים שונ,,,יופלה דיאט טעמים שונ,קילוגרמים,1.20,"ק""ג",false,,30.90,25.7500,true,1,25799
7290000056906,false,יופלה לבן 1.5% 8*150,,,יופלה לבן 1.5% 8*150,ליטרים,1.20,ליטר,false,,17.90,14.9167,true,1,25800
7290000056951,false,שף לבן שמנת לבישול +,,,שף לבן שמנת לבישול +,מיליליטרים,500.00,"100 מ""ל",false,,16.90,3.3800,true,1,25802
7290000057088,false,עמק דק דק 28% 200גר,,,עמק דק דק 28% 200גר,גרמים,200.00,100 גרם,false,,16.90,8.4500,true,1,25805
7290000057118,false,עמק  סמי  28% 400 גר,,,עמק  סמי  28% 400 גר,גרמים,400.00,100 גרם,false,,22.90,5.7250,true,1,25806
7290000057132,false,תנובה יוגורט טבעי 1.,,,תנובה יוגורט טבעי 1.,מיליליטרים,200.00,"100 מ""ל",false,,3.50,1.7500,true,1,25807
7290000057453,false,עמק בדץ 28%  במשקל,,,עמק בדץ 28%  במשקל,קילוגרמים,1.00,"ק""ג",true,,42.70,42.7000,true,1,25634
7290000058030,false,יופלה שטוזים משקה יו,,,יופלה שטוזים משקה יו,מיליליטרים,800.00,"100 מ""ל",false,,20.90,2.6125,true,1,25813
7290000058047,false,שף לבן שמנת מתוקה מה,,,שף לבן שמנת מתוקה מה,מיליליטרים,500.00,"100 מ""ל",false,,12.94,2.5880,true,1,25814
7290000060071,false,חטיפי פריכונים מאורז,,,חטיפי פריכונים מאורז,גרמים,80.00,100 גרם,false,,8.90,11.1250,true,1,18411
7290000060088,false,בייגלה אסם מקלות מלו,,,בייגלה אסם מקלות מלו,גרמים,400.00,100 גרם,false,,11.90,2.9750,true,1,18412
7290000060163,false,אטריות דקות אסם 400,,,אטריות דקות אסם 400,גרמים,400.00,100 גרם,false,,7.90,1.9750,true,1,18415
7290000060200,false,פתיתים אפויים קוסקוס,,,פתיתים אפויים קוסקוס,גרמים,500.00,100 גרם,false,,7.90,1.5800,true,1,18416
7290000060217,false,פסטה מקרוני אסם 500,,,פסטה מקרוני אסם 500,גרמים,500.00,100 גרם,false,,6.90,1.3800,true,1,18417
7290000060248,false,פסטה תלתלים אסם 500,,,פסטה תלתלים אסם 500,גרמים,500.00,100 גרם,false,,6.90,1.3800,true,1,18418
7290000060316,false,פסטה ספגטי פרפקטו 50,,,פסטה ספגטי פרפקטו 50,גרמים,500.00,100 גרם,false,,7.90,1.5800,true,1,18420
7290000060323,false,פסטה ספגטיני פרפקטו,,,פסטה ספגטיני פרפקטו,גרמים,500.00,100 גרם,false,,7.90,1.5800,true,1,18421
7290000060330,false,פסטה ספירלי פרפקטו 5,,,פסטה ספירלי פרפקטו 5,גרמים,500.00,100 גרם,false,,7.90,1.5800,true,1,18422
7290000060408,false,פתיתים אפויים טבעות,,,פתיתים אפויים טבעות,גרמים,500.00,100 גרם,false,,7.90,1.5800,true,1,18424
7290000060415,false,לזאניה פרפקטו  500 ג,,,לזאניה פרפקטו  500 ג,גרמים,500.00,100 גרם,false,,15.90,3.1800,true,1,18425
7290000060576,false,פתיתים אפויים כוכבים,,,פתיתים אפויים כוכבים,גרמים,500.00,100 גרם,false,,7.90,1.5800,true,1,18431
7290000060781,false,פסטה מסולסלים אסם 50,,,פסטה מסולסלים אסם 50,גרמים,500.00,100 גרם,false,,6.90,1.3800,true,1,18432
7290000060828,false,פסטה קרניים בינוניות,,,פסטה קרניים בינוניות,גרמים,500.00,100 גרם,false,,6.90,1.3800,true,1,18433
7290000060859,false,פסטה צדפים קטנים אסם,,,פסטה צדפים קטנים אסם,גרמים,500.00,100 גרם,false,,6.90,1.3800,true,1,18435
7290000060880,false,ספגטי אסם 500 גרם,,,ספגטי אסם 500 גרם,גרמים,500.00,100 גרם,false,,6.90,1.3800,true,1,18437
7290000060903,false,פתיתים אפויים אורז א,,,פתיתים אפויים אורז א,גרמים,500.00,100 גרם,false,,7.90,1.5800,true,1,18438
7290000060958,false,אטריות בינוניות אסם,,,אטריות בינוניות אסם,גרמים,400.00,100 גרם,false,,7.90,1.9750,true,1,18440
7290000060965,false,אטריות רחבות אסם 400,,,אטריות רחבות אסם 400,גרמים,400.00,100 גרם,false,,7.90,1.9750,true,1,18441
7290000061025,false,בולגרית המושבה 5% במ,,,בולגרית המושבה 5% במ,קילוגרמים,1.00,"ק""ג",true,,48.00,48.0000,true,1,14790
7290000061056,false,צפתית פרח המושבה 5%,,,צפתית פרח המושבה 5%,קילוגרמים,1.00,"ק""ג",true,,55.00,55.0000,true,1,14791
7290000061315,false,לאבנה טבעי המושבה 5%,,,לאבנה טבעי המושבה 5%,קילוגרמים,1.00,"ק""ג",true,,37.00,37.0000,true,1,14797
7290000061450,false,פתיתים קוסקוס 3 צבעי,,,פתיתים קוסקוס 3 צבעי,גרמים,500.00,100 גרם,false,,7.90,1.5800,true,1,18449
7290000061764,false,נס קפה רד מאג טעם חד,,,נס קפה רד מאג טעם חד,גרמים,200.00,100 גרם,false,,23.90,11.9500,true,1,18450
7290000062952,false,מיני קרוטונים למרק ו,,,מיני קרוטונים למרק ו,גרמים,250.00,100 גרם,false,,16.90,6.7600,true,1,18456
7290000063102,false,קמח תופח קטן אסם 350,,,קמח תופח קטן אסם 350,גרמים,350.00,100 גרם,false,,5.80,1.6571,true,1,18459
7290000063133,false,שקדי מרק רכיבים טבעי,,,שקדי מרק רכיבים טבעי,גרמים,100.00,100 גרם,false,,6.50,6.5000,true,1,18460
7290000063157,false,קמח עוגה תופח מאליו,,,קמח עוגה תופח מאליו,קילוגרמים,1.00,"ק""ג",false,,10.00,10.0000,true,1,18462
7290000064758,false,קוסקוס אמיתי אסם 350,,,קוסקוס אמיתי אסם 350,גרמים,350.00,100 גרם,false,,8.90,2.5429,true,1,18472
7290000065090,false,מיני קרוטונים למרק ו,,,מיני קרוטונים למרק ו,גרמים,400.00,100 גרם,false,,27.00,6.7500,true,1,18474
7290000065540,false,מנה חמה פסטה מוקרמת,,,מנה חמה פסטה מוקרמת,גרמים,55.00,100 גרם,false,,6.90,12.5455,true,1,18477
7290000065557,false,מנה חמה קוסקוס וירקו,,,מנה חמה קוסקוס וירקו,גרמים,84.00,100 גרם,false,,6.90,8.2143,true,1,18478
7290000066141,false,ביסלי גריל 70 גר'.,,,ביסלי גריל 70 גר'.,גרמים,70.00,100 גרם,false,,4.90,7.0000,true,1,18486
7290000066172,false,ביסלי פיצה 70גרם,,,ביסלי פיצה 70גרם,גרמים,70.00,100 גרם,false,,4.90,7.0000,true,1,18489
7290000066196,false,ביסלי גריל 200גרם,,,ביסלי גריל 200גרם,גרמים,200.00,100 גרם,false,,7.90,3.9500,true,1,18491
7290000066226,false,ביסלי טעם פיצה 200גר,,,ביסלי טעם פיצה 200גר,גרמים,200.00,100 גרם,false,,7.90,3.9500,true,1,18494
7290000066264,false,דובונים 40גרם,,,דובונים 40גרם,גרמים,40.00,100 גרם,false,,5.50,13.7500,true,1,18495
7290000066295,false,במבה מתוקה מחומרים ט,,,במבה מתוקה מחומרים ט,גרמים,30.00,100 גרם,false,,2.90,9.6667,true,1,18496
7290000066318,false,במבה קלאסי 80 גרם,,,במבה קלאסי 80 גרם,גרמים,80.00,100 גרם,false,,4.90,6.1250,true,1,18498
7290000066332,false,אפרופו 50 גרם,,,אפרופו 50 גרם,גרמים,50.00,100 גרם,false,,5.50,11.0000,true,1,18499
7290000066349,false,אפרופו 100גרם,,,אפרופו 100גרם,גרמים,100.00,100 גרם,false,,9.50,9.5000,true,1,18500
7290000066431,false,פופקו חמאה ודבש 80גר,,,פופקו חמאה ודבש 80גר,גרמים,80.00,100 גרם,false,,5.90,7.3750,true,1,18501
7290000067131,false,אסם גלי בזק תות צבע,,,אסם גלי בזק תות צבע,גרמים,88.00,100 גרם,false,,7.50,8.5227,true,1,18507
7290000067407,false,פירורית מתובל שקית 2,,,פירורית מתובל שקית 2,גרמים,200.00,100 גרם,false,,6.50,3.2500,true,1,18508
7290000067544,false,אסם פירורית פירורי ל,,,אסם פירורית פירורי ל,גרמים,200.00,100 גרם,false,,6.50,3.2500,true,1,18510
7290000067599,false,מנה חמה ספגטי בולונז,,,מנה חמה ספגטי בולונז,גרמים,65.00,100 גרם,false,,6.90,10.6154,true,1,18514
7290000067735,false,"ניוקי בצקיות מתפו""א",,,"ניוקי בצקיות מתפו""א",גרמים,500.00,100 גרם,false,,12.90,2.5800,true,1,18516
7290000068138,false,אסם פודינג אינסטנט ו,,,אסם פודינג אינסטנט ו,גרמים,80.00,100 גרם,false,,6.50,8.1250,true,1,18520
7290000068190,false,אסם ג'לי תות שדה צבע,,,אסם ג'לי תות שדה צבע,גרמים,90.00,100 גרם,false,,7.50,8.3333,true,1,18524
7290000068237,false,אסם ג'לי פטל צבעים ט,,,אסם ג'לי פטל צבעים ט,גרמים,85.00,100 גרם,false,,7.50,8.8235,true,1,18526
7290000068251,false,אסם ג'לי אננס צבעים,,,אסם ג'לי אננס צבעים,גרמים,85.00,100 גרם,false,,7.50,8.8235,true,1,18527
7290000068343,false,פריכונים מאורז מלא א,,,פריכונים מאורז מלא א,גרמים,140.00,100 גרם,false,,7.90,5.6429,true,1,18530
7290000068770,false,במבה יום הולדת 80גרם,,,במבה יום הולדת 80גרם,גרמים,80.00,100 גרם,false,,4.90,6.1250,true,1,18532
7290000068787,false,במבה יום הולדת 25גרם,,,במבה יום הולדת 25גרם,גרמים,25.00,100 גרם,false,,2.90,11.6000,true,1,18533
7290000069258,false,פנה ריגאטה פרפקטו 50,,,פנה ריגאטה פרפקטו 50,גרמים,500.00,100 גרם,false,,7.90,1.5800,true,1,18537
7290000069609,false,אסם חטיפי קרקר זעתר,,,אסם חטיפי קרקר זעתר,גרמים,300.00,100 גרם,false,,12.90,4.3000,true,1,18541
7290000070308,false,מרק עוף אמיתי אסם 40,,,מרק עוף אמיתי אסם 40,גרמים,400.00,100 גרם,false,,24.90,6.2250,true,1,18548
7290000070353,false,אבקת מרק בצל רכיבים,,,אבקת מרק בצל רכיבים,גרמים,400.00,100 גרם,false,,28.90,7.2250,true,1,18550
7290000070919,false,בייגלה אסם רשתות מלח,,,בייגלה אסם רשתות מלח,גרמים,400.00,100 גרם,false,,14.90,3.7250,true,1,18558
7290000072067,false,במבה במילוי קרם חלבה,,,במבה במילוי קרם חלבה,גרמים,60.00,100 גרם,false,,4.90,8.1667,true,1,18560
7290000072623,false,אסם קטשופ בקבוק לחיץ,,,אסם קטשופ בקבוק לחיץ,גרמים,750.00,100 גרם,false,,11.90,1.5867,true,1,18566
7290000072630,false,אסם קטשופ חריף 750 ג,,,אסם קטשופ חריף 750 ג,גרמים,750.00,100 גרם,false,,11.90,1.5867,true,1,18567
7290000072753,false,נס קפה טייסטרס צ'ויס,,,נס קפה טייסטרס צ'ויס,גרמים,200.00,100 גרם,false,,32.90,16.4500,true,1,18569
7290000072760,false,טייסטרס צ'וייס 100גר,,,טייסטרס צ'וייס 100גר,גרמים,100.00,100 גרם,false,,29.70,29.7000,true,1,18570
7290000072777,false,טייסטרס צוייס נטול ק,,,טייסטרס צוייס נטול ק,גרמים,200.00,100 גרם,false,,40.90,20.4500,true,1,18571
7290000072784,false,טייסטרס צוייס נטול ק,,,טייסטרס צוייס נטול ק,גרמים,100.00,100 גרם,false,,30.10,30.1000,true,1,18572
7290000072968,false,סיני מיניס דגני נסטל,,,סיני מיניס דגני נסטל,יחידה,500.00,יחידה,false,,27.90,0.0558,true,1,18577
7290000073125,false,מנה חמה פסטה עם עגבנ,,,מנה חמה פסטה עם עגבנ,גרמים,62.00,100 גרם,false,,6.90,11.1290,true,1,18578
7290000073767,false,מנה חמה נודלס בטעם ב,,,מנה חמה נודלס בטעם ב,גרמים,70.00,100 גרם,false,,6.90,9.8571,true,1,18582
7290000073774,false,מנה חמה נודלס בטעם פ,,,מנה חמה נודלס בטעם פ,גרמים,70.00,100 גרם,false,,6.90,9.8571,true,1,18583
7290000074184,false,אסם פתי בר 500גרם,,,אסם פתי בר 500גרם,גרמים,500.00,100 גרם,false,,10.90,2.1800,true,1,18589
7290000074245,false,אסם קרם קרקר 250גרם,,,אסם קרם קרקר 250גרם,גרמים,250.00,100 גרם,false,,10.90,4.3600,true,1,18590
7290000074252,false,אסם קרקר שומשום 250ג,,,אסם קרקר שומשום 250ג,גרמים,250.00,100 גרם,false,,10.90,4.3600,true,1,18591
7290000074375,false,אסם קרקר זהב 150גרם,,,אסם קרקר זהב 150גרם,גרמים,150.00,100 גרם,false,,8.50,5.6667,true,1,18595
7290000074481,false,לחמית אגוזים 160גרם,,,לחמית אגוזים 160גרם,גרמים,160.00,100 גרם,false,,11.90,7.4375,true,1,18597
7290000074696,false,אסם קרם קרקר 1קג,,,אסם קרם קרקר 1קג,קילוגרמים,1.00,"ק""ג",false,,24.90,24.9000,true,1,18599
7290000074764,false,קרקר זהב אסם 900 גרם,,,קרקר זהב אסם 900 גרם,גרמים,900.00,100 גרם,false,,24.90,2.7667,true,1,18603
7290000075204,false,לחמית חיטה מלאה 250ג,,,לחמית חיטה מלאה 250ג,גרמים,250.00,100 גרם,false,,9.90,3.9600,true,1,18607
7290000075693,false,עוגת שמרים בריוש שוק,,,עוגת שמרים בריוש שוק,גרמים,360.00,100 גרם,false,,15.90,4.4167,true,1,18608
7290000075778,false,עוגיות קוקיס שוקולד,,,עוגיות קוקיס שוקולד,קילוגרמים,1.00,"ק""ג",true,,47.00,47.0000,true,1,33980
7290000076133,false,בייגלה אסם שמיניות ק,,,בייגלה אסם שמיניות ק,גרמים,400.00,100 גרם,false,,11.90,2.9750,true,1,18610
7290000076645,false,טוסטעים חיטה מלאה אס,,,טוסטעים חיטה מלאה אס,גרמים,100.00,100 גרם,false,,10.90,10.9000,true,1,18612
7290000077017,false,אסם קרמוגית במילוי ש,,,אסם קרמוגית במילוי ש,גרמים,200.00,100 גרם,false,,11.90,5.9500,true,1,18614
7290000077253,false,לחמית כפרית 190גרם,,,לחמית כפרית 190גרם,גרמים,190.00,100 גרם,false,,11.90,6.2632,true,1,18615
7290000078212,false,קרוטונים מתובלים אסם,,,קרוטונים מתובלים אסם,גרמים,250.00,100 גרם,false,,15.90,6.3600,true,1,18618
7290000078335,false,אוכמניות / חמוציות,,,אוכמניות / חמוציות,קילוגרמים,1.00,"ק""ג",true,,51.00,51.0000,true,1,31646
7290000078762,false,חטיפי פריכונים אורז,,,חטיפי פריכונים אורז,גרמים,80.00,100 גרם,false,,8.90,11.1250,true,1,18620
7290000079233,false,אסם קרם קרקר דל נתרן,,,אסם קרם קרקר דל נתרן,גרמים,250.00,100 גרם,false,,11.90,4.7600,true,1,18621
7290000080758,false,טוסטעים פת קלוי אסם,,,טוסטעים פת קלוי אסם,גרמים,100.00,100 גרם,false,,10.90,10.9000,true,1,18623
7290000080765,false,טוסטעים פת קלויה עם,,,טוסטעים פת קלויה עם,גרמים,100.00,100 גרם,false,,10.90,10.9000,true,1,18624
7290000081663,false,בייגלה אסם טבעות שומ,,,בייגלה אסם טבעות שומ,גרמים,300.00,100 גרם,false,,11.90,3.9667,true,1,18626
7290000084899,false,פטינה  20% וילי פוד,,,פטינה  20% וילי פוד,קילוגרמים,1.00,"ק""ג",true,,19.00,19.0000,true,1,2760
7290000085180,false,גטניו - פתיבר וניל 4,,,גטניו - פתיבר וניל 4,גרמים,470.00,100 גרם,false,,9.90,2.1064,true,1,41204
7290000095408,false,נעם 28%  חריץ מעדניה,,,נעם 28%  חריץ מעדניה,קילוגרמים,1.00,"ק""ג",true,,44.79,44.7900,true,1,6288
7290000095415,false,נעם 9% חריץ מעדניה-,,,נעם 9% חריץ מעדניה-,קילוגרמים,1.00,"ק""ג",true,,72.00,72.0000,true,1,6289
7290000095422,false,גבינת נועם  22% חריץ,,,גבינת נועם  22% חריץ,קילוגרמים,1.00,"ק""ג",true,,42.58,42.5800,true,1,6290
7290000100128,false,סדרת פירות קפואים-תו,,,סדרת פירות קפואים-תו,גרמים,300.00,100 גרם,false,,18.90,6.3000,true,1,25425
7290000100156,false,נילס קוקיס חלבי,,,נילס קוקיס חלבי,קילוגרמים,1.00,"ק""ג",true,,53.00,53.0000,true,1,2496
7290000100160,false,נילס קוקיס שוקו,,,נילס קוקיס שוקו,קילוגרמים,1.00,"ק""ג",true,,53.00,53.0000,true,1,2499
7290000101927,false,אוכמניות כחולות מוקפ,,,אוכמניות כחולות מוקפ,גרמים,300.00,100 גרם,false,,18.90,6.3000,true,1,25449
7290000101934,false,מיקס פירות יער 300 ג,,,מיקס פירות יער 300 ג,גרמים,300.00,100 גרם,false,,18.90,6.3000,true,1,25450
7290000101958,false,מנגו מוקפא 300 גרם,,,מנגו מוקפא 300 גרם,גרמים,300.00,100 גרם,false,,18.90,6.3000,true,1,25451
7290000103123,false,5 יח'  גבטה/ג'בטה כפ,,,5 יח'  גבטה/ג'בטה כפ,יח',1.00,יח',false,,21.90,21.9000,true,1,54097
7290000103433,false,לקט ירקות לתנור 800,,,לקט ירקות לתנור 800,גרמים,800.00,100 גרם,false,,24.90,3.1125,true,1,25461
7290000103471,false,סנפרוסט מיני ברוקולי,,,סנפרוסט מיני ברוקולי,גרמים,600.00,100 גרם,false,,19.90,3.3167,true,1,25464
7290000103839,false,סנפרוסט מרק כתום קפו,,,סנפרוסט מרק כתום קפו,גרמים,572.00,100 גרם,false,,19.90,3.4790,true,1,25486
7290000103860,false,סנפרוסט מרק עדשים קפ,,,סנפרוסט מרק עדשים קפ,גרמים,572.00,100 גרם,false,,19.90,3.4790,true,1,25488
7290000104072,false,סנפרוסט עדשים ירוקות,,,סנפרוסט עדשים ירוקות,גרמים,800.00,100 גרם,false,,20.90,2.6125,true,1,25492
7290000104201,false,אפונה עדינה סנפרוסט,,,אפונה עדינה סנפרוסט,גרמים,600.00,100 גרם,false,,19.90,3.3167,true,1,25494
7290000104218,false,סנפרוסט במיה 600גר,,,סנפרוסט במיה 600גר,גרמים,600.00,100 גרם,false,,17.90,2.9833,true,1,25495
7290000104676,false,אפונת גינה סנפרוסט 8,,,אפונת גינה סנפרוסט 8,גרמים,800.00,100 גרם,false,,19.90,2.4875,true,1,25498
7290000104683,false,שעועית שלמה סנפרוסט,,,שעועית שלמה סנפרוסט,גרמים,800.00,100 גרם,false,,22.90,2.8625,true,1,25499
7290000104690,false,תירס גרעינים 800גר,,,תירס גרעינים 800גר,גרמים,800.00,100 גרם,false,,18.90,2.3625,true,1,25500
7290000104706,false,גזר גמדי 800 גרם,,,גזר גמדי 800 גרם,גרמים,800.00,100 גרם,false,,18.90,2.3625,true,1,25501
7290000104720,false,שעועית ירוקה חתוכה ס,,,שעועית ירוקה חתוכה ס,גרמים,800.00,100 גרם,false,,20.90,2.6125,true,1,25503
7290000104744,false,כרובית 800גר,,,כרובית 800גר,גרמים,800.00,100 גרם,false,,27.90,3.4875,true,1,25505
7290000104751,false,כרוב ניצנים 800גר,,,כרוב ניצנים 800גר,גרמים,800.00,100 גרם,false,,27.90,3.4875,true,1,25506
7290000104768,false,תרד עלים 800 גרם,,,תרד עלים 800 גרם,גרמים,800.00,100 גרם,false,,28.90,3.6125,true,1,25507
7290000104799,false,שעועית לבנה מבושלת 8,,,שעועית לבנה מבושלת 8,גרמים,800.00,100 גרם,false,,20.90,2.6125,true,1,25509
7290000104805,false,גרגירי חומוס קפוא 80,,,גרגירי חומוס קפוא 80,גרמים,800.00,100 גרם,false,,20.90,2.6125,true,1,25510
7290000104836,false,שעועית עדינה שלמה סנ,,,שעועית עדינה שלמה סנ,גרמים,600.00,100 גרם,false,,24.90,4.1500,true,1,25512
7290000104874,false,לקט קוסקוס 800גר,,,לקט קוסקוס 800גר,גרמים,800.00,100 גרם,false,,24.90,3.1125,true,1,25514
7290000104911,false,לקט נורמנדי 800גר,,,לקט נורמנדי 800גר,גרמים,800.00,100 גרם,false,,23.90,2.9875,true,1,25517
7290000107165,false,פולי סויה אדממה קפוא,,,פולי סויה אדממה קפוא,גרמים,400.00,100 גרם,false,,14.90,3.7250,true,1,25524
7290000107189,false,תחתיות ארטישוק 400גר,,,תחתיות ארטישוק 400גר,גרמים,400.00,100 גרם,false,,23.90,5.9750,true,1,25525
7290000107295,false,תפרחות ברוקולי 800ג,,,תפרחות ברוקולי 800ג,גרמים,800.00,100 גרם,false,,28.90,3.6125,true,1,25526
7290000110844,false,חטיף כיפלי גריל 70 ג,,,חטיף כיפלי גריל 70 ג,גרמים,70.00,100 גרם,false,,5.90,8.4286,true,1,10085
7290000110851,false,"כיפלי בצל בד""ץ 70 גר",,,"כיפלי בצל בד""ץ 70 גר",גרמים,70.00,100 גרם,false,,5.90,8.4286,true,1,10086
7290000111063,false,מיונז אמיתי 250 ג צנ,,,מיונז אמיתי 250 ג צנ,גרמים,250.00,100 גרם,false,,8.90,3.5600,true,1,10087
7290000111117,false,בדין מרכך כביסה לבן,,,בדין מרכך כביסה לבן,ליטרים,4.00,ליטר,false,,20.90,5.2250,true,1,10088
7290000111186,false,מיונז אמיתי תלמה 500,,,מיונז אמיתי תלמה 500,גרמים,500.00,100 גרם,false,,10.40,2.0800,true,1,10090
7290000111353,false,מיונז 1 קג,,,מיונז 1 קג,קילוגרמים,1.00,"ק""ג",false,,17.90,17.9000,true,1,10092
7290000111360,false,חרדל אמיתי 250 גרם מ,,,חרדל אמיתי 250 גרם מ,גרמים,250.00,100 גרם,false,,7.90,3.1600,true,1,10093
7290000111384,false,חרדל אמיתי תלמה 550,,,חרדל אמיתי תלמה 550,גרמים,550.00,100 גרם,false,,8.40,1.5273,true,1,10094
7290000112237,false,בארכה טחינה 100% שומ,,,בארכה טחינה 100% שומ,קילוגרמים,1.00,"ק""ג",false,,31.00,31.0000,true,1,18628
7290000112497,false,מרק עשיר עוף עם אטרי,,,מרק עשיר עוף עם אטרי,גרמים,68.00,100 גרם,false,,11.90,17.5000,true,1,10096
7290000112503,false,מרק עשיר ירקות קנור,,,מרק עשיר ירקות קנור,גרמים,61.00,100 גרם,false,,11.90,19.5082,true,1,10097
7290000112619,false,מרק עוף אמיתי לתיבול,,,מרק עוף אמיתי לתיבול,גרמים,400.00,100 גרם,false,,19.90,4.9750,true,1,10099
7290000116204,false,מרק דגש עוף קנור 1 ק,,,מרק דגש עוף קנור 1 ק,קילוגרמים,1.00,"ק""ג",false,,16.90,16.9000,true,1,10111
7290000116921,false,רוטב צילי מתוק קנור,,,רוטב צילי מתוק קנור,מיליליטרים,300.00,"100 מ""ל",false,,13.90,4.6333,true,1,10113
7290000117171,false,מרק נמס בכוס בטעם עו,,,מרק נמס בכוס בטעם עו,גרמים,48.00,100 גרם,false,,7.90,16.4583,true,1,10116
7290000117720,false,מרק נמס בכוס פטריות,,,מרק נמס בכוס פטריות,גרמים,43.00,100 גרם,false,,7.90,18.3721,true,1,10120
7290000120836,false,מיונז הלמנס 394 גרם,,,מיונז הלמנס 394 גרם,גרמים,394.00,100 גרם,false,,13.90,3.5279,true,1,10131
7290000120874,false,מיונז הלמנס לייט 424,,,מיונז הלמנס לייט 424,גרמים,424.00,100 גרם,false,,13.90,3.2783,true,1,10132
7290000129457,false,רוטב פטריות 28גר,,,רוטב פטריות 28גר,גרמים,28.00,100 גרם,false,,5.50,19.6429,true,1,10158
7290000133645,false,משחת שיניים אורביטול,,,משחת שיניים אורביטול,גרמים,435.00,100 גרם,false,,17.90,4.1149,true,1,29657
7290000134147,false,טעם וריח מוסקט טחון,,,טעם וריח מוסקט טחון,גרמים,40.00,100 גרם,false,,14.90,37.2500,true,1,42353
7290000134376,false,טעם וריח פפריקה בשמן,,,טעם וריח פפריקה בשמן,גרמים,90.00,100 גרם,false,,11.80,13.1111,true,1,42358
7290000134550,false,טעם וריח עלי דפנה שק,,,טעם וריח עלי דפנה שק,גרמים,20.00,100 גרם,false,,4.60,23.0000,true,1,42362
7290000134857,false,טעם וריח ת.פפריקה מת,,,טעם וריח ת.פפריקה מת,גרמים,100.00,100 גרם,false,,11.80,11.8000,true,1,42371
7290000134871,false,טעם וריח ת. פלפל שחו,,,טעם וריח ת. פלפל שחו,גרמים,100.00,100 גרם,false,,16.90,16.9000,true,1,42373
7290000134970,false,תבלין חוואייג טעם ור,,,תבלין חוואייג טעם ור,גרמים,100.00,100 גרם,false,,10.80,10.8000,true,1,42374
7290000135045,false,אקס אל TEN פחית תפוח,,,אקס אל TEN פחית תפוח,מיליליטרים,250.00,"100 מ""ל",false,,4.90,1.9600,true,1,9348
7290000135465,false,מארז תריסר סודה טמפו,,,מארז תריסר סודה טמפו,ליטרים,6.00,100 ליטר,false,,30.90,515.0000,true,1,165515
7290000135595,false,פפסי מקס בטעם דובדבן,,,פפסי מקס בטעם דובדבן,ליטרים,1.50,ליטר,false,,8.50,5.6667,true,1,144455
7290000136165,false,מירינדה 1.5 ליטר,,,מירינדה 1.5 ליטר,ליטרים,1.50,ליטר,false,,8.50,5.6667,true,1,217448
7290000136172,false,סבן אפ 1.5 ליטר,,,סבן אפ 1.5 ליטר,ליטרים,1.50,ליטר,false,,8.50,5.6667,true,1,217464
7290000136189,false,סבן אפ דיאט 1.5 ליטר,,,סבן אפ דיאט 1.5 ליטר,ליטרים,1.50,ליטר,false,,8.50,5.6667,true,1,217432
7290000136288,false,סיידר הגליל JUICER ס,,,סיידר הגליל JUICER ס,מיליליטרים,330.00,"100 מ""ל",false,,13.60,4.1212,true,1,310429
7290000136455,false,ג`אמפ אשכול 1.5 ליטר,,,ג`אמפ אשכול 1.5 ליטר,ליטרים,1.50,ליטר,false,,7.90,5.2667,true,1,217163
7290000136516,false,ג`אמפ פסיפלורה 1.5 ל,,,ג`אמפ פסיפלורה 1.5 ל,ליטרים,1.50,ליטר,false,,7.90,5.2667,true,1,217148
7290000136523,false,ג`אמפ ענבים 1.5 ליטר,,,ג`אמפ ענבים 1.5 ליטר,ליטרים,1.50,ליטר,false,,7.90,5.2667,true,1,217179
7290000136561,false,ג`אמפ תות בננה 1.5 ל,,,ג`אמפ תות בננה 1.5 ל,ליטרים,1.50,ליטר,false,,7.90,5.2667,true,1,217180
7290000136585,false,ג`אמפ תפוז 1.5 ליטר,,,ג`אמפ תפוז 1.5 ליטר,ליטרים,1.50,ליטר,false,,7.90,5.2667,true,1,217164
7290000136646,false,נשר מאלט 1.5 ליטר,,,נשר מאלט 1.5 ליטר,ליטרים,1.50,ליטר,false,,9.50,6.3333,true,1,216942
7290000136660,false,טמפו סודה 1.5 ליטר,,,טמפו סודה 1.5 ליטר,ליטרים,1.50,ליטר,false,,4.50,3.0000,true,1,217336
7290000136684,false,פפסי מקס 1.5 ליטר,,,פפסי מקס 1.5 ליטר,ליטרים,1.50,ליטר,false,,8.50,5.6667,true,1,217537
7290000136776,false,פפסי מקס 6*1.5 ליטר,,,פפסי מקס 6*1.5 ליטר,ליטרים,9.00,ליטר,false,,38.90,4.3222,true,1,217522
7290000136790,false,טמפו סודה 6*1.5 ליטר,,,טמפו סודה 6*1.5 ליטר,ליטרים,9.00,ליטר,false,,19.60,2.1778,true,1,217236
7290000136844,false,אקווה נובה 6*2 ליטר,,,אקווה נובה 6*2 ליטר,ליטרים,12.00,ליטר,false,,12.90,1.0750,true,1,217023
7290000136851,false,סבן אפ 1.5 ליטר,,,סבן אפ 1.5 ליטר,ליטרים,1.50,ליטר,false,,8.50,5.6667,true,1,217479
7290000136868,false,מים סאן בנדטו 6* 1.5,,,מים סאן בנדטו 6* 1.5,ליטרים,9.00,ליטר,false,,19.70,2.1889,true,1,217051
7290000136875,false,סאן בנדטו מים מינרלי,,,סאן בנדטו מים מינרלי,ליטרים,9.00,ליטר,false,,20.90,2.3222,true,1,217207
7290000137513,false,קרמיסימו גלידונית ש.,,,קרמיסימו גלידונית ש.,גרמים,700.00,100 גרם,false,,50.90,7.2714,true,1,4220
7290000143255,false,שמפו רגיל הוואי 700,,,שמפו רגיל הוואי 700,מיליליטרים,700.00,"100 מ""ל",false,,10.90,1.5571,true,1,8065
7290000143293,false,מרכך הוואי ילדים מתי,,,מרכך הוואי ילדים מתי,מיליליטרים,700.00,"100 מ""ל",false,,10.90,1.5571,true,1,8069
7290000144160,false,שמן זית כתית מעולה א,,,שמן זית כתית מעולה א,מיליליטרים,750.00,"100 מ""ל",false,,35.90,4.7867,true,1,29326
7290000144467,false,שמן חמניות בריאות מה,,,שמן חמניות בריאות מה,ליטרים,1.00,ליטר,false,,16.90,16.9000,true,1,29329
7290000144474,false,שמן קנולה בריאות עץ,,,שמן קנולה בריאות עץ,ליטרים,1.00,ליטר,false,,16.90,16.9000,true,1,29330
7290000146683,false,סבון מוצק אפקט דאודו,,,סבון מוצק אפקט דאודו,גרמים,400.00,100 גרם,false,,12.90,3.2250,true,1,8076
7290000148489,false,גרעיני דלעת 200 גרם,,,גרעיני דלעת 200 גרם,גרמים,200.00,100 גרם,false,,9.90,4.9500,true,1,12729
7290000148748,false,גרעיני חמניה 200 גרם,,,גרעיני חמניה 200 גרם,גרמים,200.00,100 גרם,false,,6.90,3.4500,true,1,12731
7290000149615,false,אלסבון מוצק לתינוק נ,,,אלסבון מוצק לתינוק נ,גרמים,400.00,100 גרם,false,,12.90,3.2250,true,1,29664
7290000161358,false,מיונז אמיתי משמן קנו,,,מיונז אמיתי משמן קנו,גרמים,500.00,100 גרם,false,,14.90,2.9800,true,1,10176
7290000168173,false,ברנפלקס קרנצים תלמה,,,ברנפלקס קרנצים תלמה,גרמים,375.00,100 גרם,false,,24.90,6.6400,true,1,10246
7290000169538,false,נמס בכוס עגבניות וקר,,,נמס בכוס עגבניות וקר,גרמים,62.00,100 גרם,false,,7.90,12.7419,true,1,10266
7290000169798,false,עוגי מופחת סוכר 20%,,,עוגי מופחת סוכר 20%,גרמים,500.00,100 גרם,false,,23.90,4.7800,true,1,10270
7290000174723,false,שוקולית 500 גרם,,,שוקולית 500 גרם,גרמים,500.00,100 גרם,false,,13.90,2.7800,true,1,22162
7290000175777,false,איבריקו  ויליפוד31%,,,איבריקו  ויליפוד31%,קילוגרמים,1.00,"ק""ג",true,,111.00,111.0000,true,1,2764
7290000176079,false,טורקי עלית קפה עם הל,,,טורקי עלית קפה עם הל,גרמים,100.00,100 גרם,false,,10.50,10.5000,true,1,22165
7290000176413,false,עלית נמס 50 גר',,,עלית נמס 50 גר',גרמים,50.00,100 גרם,false,,10.40,20.8000,true,1,22170
7290000176420,false,קפה נמס עלית פחית 20,,,קפה נמס עלית פחית 20,גרמים,200.00,100 גרם,false,,22.90,11.4500,true,1,22171
7290000176468,false,האג קפה נטול קפאין 5,,,האג קפה נטול קפאין 5,גרמים,50.00,100 גרם,false,,10.90,21.8000,true,1,22172
7290000178707,false,תפוציפס טבעי 50 גרם,,,תפוציפס טבעי 50 גרם,גרמים,50.00,100 גרם,false,,4.30,8.6000,true,1,24142
7290000178721,false,תפוציפס טבעי 200 גרם,,,תפוציפס טבעי 200 גרם,גרמים,200.00,100 גרם,false,,10.90,5.4500,true,1,24144
7290000186337,false,ניקול מטליות לחות לנ,,,ניקול מטליות לחות לנ,יחידה,0.00,יחידה,false,,24.90,0.0000,true,1,8828
7290000186535,false,לילי נייר טואלט טריו,,,לילי נייר טואלט טריו,מטרים,537.00,מטר,false,,44.90,0.0836,true,1,8831
7290000186931,false,ניקול כריות קרצוף חת,,,ניקול כריות קרצוף חת,יחידה,0.00,יחידה,false,,11.90,0.0000,true,1,8835
7290000187921,false,"נייר טואלט ""לילי"" לב",,,"נייר טואלט ""לילי"" לב",מטרים,588.00,מטר,false,,39.90,0.0679,true,1,8846
7290000187938,false,"נייר טואלט ""לילי"" פס",,,"נייר טואלט ""לילי"" פס",מטרים,588.00,מטר,false,,39.90,0.0679,true,1,8847
7290000187952,false,נייר טאולט לילי טריו,,,נייר טאולט לילי טריו,מטרים,537.00,מטר,false,,44.90,0.0836,true,1,8848
7290000188355,false,מגבות מטבח ניקול לבנ,,,מגבות מטבח ניקול לבנ,מטרים,64.80,מטר,false,,12.90,0.1991,true,1,8854
7290000189079,false,ניקול תבניות אינגליש,,,ניקול תבניות אינגליש,יחידה,0.00,יחידה,false,,12.90,0.0000,true,1,8866
7290000189192,false,ניקול מטלית חכמה יומ,,,ניקול מטלית חכמה יומ,יח',64.00,יח',false,,19.90,0.3109,true,1,8868
7290000189505,false,ניקול תבנית אפייה מק,,,ניקול תבנית אפייה מק,יחידה,0.00,יחידה,false,,10.90,0.0000,true,1,8879
7290000190068,false,מפיות לבן ניקול 100,,,מפיות לבן ניקול 100,יחידה,0.00,יחידה,false,,10.00,0.0000,true,1,8893
7290000191225,false,האגיס רך נולד מידה 2,,,האגיס רך נולד מידה 2,יחידה,0.00,יחידה,false,,34.90,0.0000,true,1,8909
7290000191539,false,לילי צבעוני חמישיה-9,,,לילי צבעוני חמישיה-9,יחידה,0.00,יחידה,false,,14.90,0.0000,true,1,8912
7290000192581,false,מגבת כפולה ניקול 6=1,,,מגבת כפולה ניקול 6=1,מטרים,129.70,מטר,false,,21.90,0.1689,true,1,8922
7290000193205,false,תחבושות אולטרה לילה,,,תחבושות אולטרה לילה,יחידה,0.00,יחידה,false,,18.50,0.0000,true,1,8928
7290000193649,false,תחבושות נטורל אולטרה,,,תחבושות נטורל אולטרה,יחידה,0.00,יחידה,false,,18.50,0.0000,true,1,8934
7290000193656,false,תחבושות נטורל אולטרה,,,תחבושות נטורל אולטרה,יחידה,0.00,יחידה,false,,18.50,0.0000,true,1,8935
7290000194837,false,ניקול שקיות מזון עם,,,ניקול שקיות מזון עם,יחידה,0.00,יחידה,false,,13.90,0.0000,true,1,8947
7290000195216,false,ניקול נייר אפייה בשק,,,ניקול נייר אפייה בשק,יחידה,0.00,יחידה,false,,11.90,0.0000,true,1,8954
7290000195537,false,מגבוני האגיס דיילי ק,,,מגבוני האגיס דיילי ק,יחידה,0.00,יחידה,false,,19.90,0.0000,true,1,8960
7290000195773,false,מגבוני האגיס סנסטיב,,,מגבוני האגיס סנסטיב,יחידה,0.00,יחידה,false,,19.90,0.0000,true,1,8964
7290000197081,false,ניילונית נצמד ניקול,,,ניילונית נצמד ניקול,מטרים,150.00,מטר,false,,30.90,0.2060,true,1,8975
7290000197432,false,ניקול שקיות אוכל זוג,,,ניקול שקיות אוכל זוג,יחידה,0.00,יחידה,false,,13.90,0.0000,true,1,8989
7290000197470,false,"ניקול שקיות רב""ש 250",,,"ניקול שקיות רב""ש 250",יחידה,0.00,יחידה,false,,14.90,0.0000,true,1,8992
7290000197678,false,האגיס פרידום דריי  ש,,,האגיס פרידום דריי  ש,יחידה,0.00,יחידה,false,,46.90,0.0000,true,1,8997
7290000197753,false,ניקול ניילונית זוג,,,ניקול ניילונית זוג,מטרים,60.00,מטר,false,,12.90,0.2150,true,1,8999
7290000197876,false,ניקול תבנית אלומיניו,,,ניקול תבנית אלומיניו,יחידה,0.00,יחידה,false,,10.90,0.0000,true,1,9001
7290000197883,false,ניקול תבניות אלומיני,,,ניקול תבניות אלומיני,יחידה,0.00,יחידה,false,,10.90,0.0000,true,1,9002
7290000197982,false,ניקול רדיד אלומיניום,,,ניקול רדיד אלומיניום,מטרים,15.00,מטר,false,,22.90,1.5267,true,1,9004
7290000199313,false,תחבושות קוטקס יאנג 2,,,תחבושות קוטקס יאנג 2,יחידה,0.00,יחידה,false,,19.90,0.0000,true,1,9007
7290000201863,false,טיטולים פרימיום שלב,,,טיטולים פרימיום שלב,יחידה,0.00,יחידה,false,,32.90,0.0000,true,1,9018
7290000201979,false,מגבוני האגיס מהדורה,,,מגבוני האגיס מהדורה,יח',288.00,יח',false,,19.90,0.0691,true,1,9020
7290000204147,false,כריות יפניות 2 ב 1 ר,,,כריות יפניות 2 ב 1 ר,יחידה,0.00,יחידה,false,,12.90,0.0000,true,1,9037
7290000204215,false,ניקול כריות יפניות 6,,,ניקול כריות יפניות 6,יחידה,0.00,יחידה,false,,12.90,0.0000,true,1,9038
7290000204307,false,מטליות ניקול 40 רב ש,,,מטליות ניקול 40 רב ש,יחידה,0.00,יחידה,false,,22.90,0.0000,true,1,9041
7290000204611,false,ניקול ספוגית הקסם*6,,,ניקול ספוגית הקסם*6,יחידה,0.00,יחידה,false,,12.90,0.0000,true,1,9043
7290000207063,false,רוטב עגבניות פריכוז,,,רוטב עגבניות פריכוז,גרמים,240.00,100 גרם,false,,4.90,2.0417,true,1,8612
7290000207162,false,רוטב עגבניות 100 גרם,,,רוטב עגבניות 100 גרם,גרמים,100.00,100 גרם,false,,2.50,2.5000,true,1,8615
7290000207438,false,עגבניות לקוביות יכין,,,עגבניות לקוביות יכין,גרמים,800.00,100 גרם,false,,10.90,1.3625,true,1,8616
7290000208022,false,עגבניות מרוסקות יכין,,,עגבניות מרוסקות יכין,גרמים,800.00,100 גרם,false,,10.90,1.3625,true,1,8619
7290000208077,false,אפונת גינה גדולה L י,,,אפונת גינה גדולה L י,גרמים,335.00,100 גרם,false,,9.90,2.9552,true,1,8621
7290000208114,false,אפונת גינה וגזר יכין,,,אפונת גינה וגזר יכין,גרמים,330.00,100 גרם,false,,9.90,3.0000,true,1,8624
7290000208138,false,סירופ דייאט ענבים יכ,,,סירופ דייאט ענבים יכ,ליטרים,1.00,ליטר,false,,17.90,17.9000,true,1,8626
7290000208145,false,גרעיני תירס לייט יכי,,,גרעיני תירס לייט יכי,גרמים,335.00,100 גרם,false,,9.90,2.9552,true,1,8627
7290000208213,false,שעועית לבנה ברוטב עג,,,שעועית לבנה ברוטב עג,גרמים,355.00,100 גרם,false,,9.90,2.7887,true,1,8629
7290000208220,false,שעועית צילי חריף יכי,,,שעועית צילי חריף יכי,גרמים,355.00,100 גרם,false,,10.90,3.0704,true,1,8630
7290000208312,false,גרעיני תירס מתוק יכי,,,גרעיני תירס מתוק יכי,גרמים,400.00,100 גרם,false,,7.90,1.9750,true,1,8634
7290000208329,false,גרעיני תירס מתוק יכי,,,גרעיני תירס מתוק יכי,גרמים,335.00,100 גרם,false,,9.90,2.9552,true,1,8635
7290000208336,false,רוטב עגבניות יכין 24,,,רוטב עגבניות יכין 24,גרמים,240.00,100 גרם,false,,5.50,2.2917,true,1,8636
7290000208350,false,עגבניות מרוסקות עם ב,,,עגבניות מרוסקות עם ב,גרמים,800.00,100 גרם,false,,10.90,1.3625,true,1,8638
7290000208367,false,עגבניות מרוסקות בזיל,,,עגבניות מרוסקות בזיל,גרמים,800.00,100 גרם,false,,10.90,1.3625,true,1,8639
7290000208404,false,פול מצרי יכין 550 גר,,,פול מצרי יכין 550 גר,גרמים,350.00,100 גרם,false,,8.90,2.5429,true,1,8640
7290000208428,false,חומוס שלם יכין 550 ג,,,חומוס שלם יכין 550 ג,גרמים,290.00,100 גרם,false,,9.90,3.4138,true,1,8641
7290000208480,false,גרעיני תירס בטעם חמא,,,גרעיני תירס בטעם חמא,גרמים,335.00,100 גרם,false,,11.90,3.5522,true,1,8644
7290000208534,false,גרעיני תירס קיד מתוק,,,גרעיני תירס קיד מתוק,גרמים,335.00,100 גרם,false,,11.90,3.5522,true,1,8646
7290000208800,false,תירס קיד מתוק יכין 4,,,תירס קיד מתוק יכין 4,גרמים,400.00,100 גרם,false,,6.90,1.7250,true,1,8648
7290000208855,false,רוטב לפסטה קלאסי יכי,,,רוטב לפסטה קלאסי יכי,גרמים,260.00,100 גרם,false,,6.50,2.5000,true,1,8649
7290000208893,false,תירס לייט יכין 400 ג,,,תירס לייט יכין 400 ג,גרמים,400.00,100 גרם,false,,6.90,1.7250,true,1,8650
7290000208930,false,עגבניות מרוסקות עם ש,,,עגבניות מרוסקות עם ש,גרמים,260.00,100 גרם,false,,6.50,2.5000,true,1,8651
7290000208947,false,עגבניות מרוסקות יכין,,,עגבניות מרוסקות יכין,יחידה,260.00,יחידה,false,,6.50,0.0250,true,1,8652
7290000209012,false,חומץ הדרים 5% יכין 1,,,חומץ הדרים 5% יכין 1,ליטרים,1.00,ליטר,false,,7.90,7.9000,true,1,8655
7290000209043,false,מיץ לימון משומר יכין,,,מיץ לימון משומר יכין,ליטרים,1.00,ליטר,false,,5.90,5.9000,true,1,8656
7290000209173,false,חומץ סינטטי 5% יכין,,,חומץ סינטטי 5% יכין,ליטרים,1.00,ליטר,false,,4.70,4.7000,true,1,8657
7290000209388,false,תירס לייט שלישיה יכי,,,תירס לייט שלישיה יכי,גרמים,420.00,100 גרם,false,,15.90,3.7857,true,1,8666
7290000209524,false,סירופ דייאט פטל יכין,,,סירופ דייאט פטל יכין,ליטרים,1.00,ליטר,false,,17.90,17.9000,true,1,8669
7290000209722,false,רוטב עגבניות מרוכז מ,,,רוטב עגבניות מרוכז מ,גרמים,580.00,100 גרם,false,,10.90,1.8793,true,1,8677
7290000209906,false,עגבניות מרוסקות עם ב,,,עגבניות מרוסקות עם ב,גרמים,260.00,100 גרם,false,,6.50,2.5000,true,1,8678
7290000209913,false,עגבניות לקוביות יכין,,,עגבניות לקוביות יכין,גרמים,260.00,100 גרם,false,,6.50,2.5000,true,1,8679
7290000209944,false,רוטב לעגבניות לשקשוק,,,רוטב לעגבניות לשקשוק,גרמים,260.00,100 גרם,false,,6.50,2.5000,true,1,8680
7290000209951,false,רוטב עגבניות לפיצה י,,,רוטב עגבניות לפיצה י,מיליליטרים,260.00,"100 מ""ל",false,,6.50,2.5000,true,1,8681
7290000209968,false,רוטב ללזניה יכין 240,,,רוטב ללזניה יכין 240,גרמים,260.00,100 גרם,false,,6.50,2.5000,true,1,8682
7290000210896,false,רוטב לפסטה בולונז יכ,,,רוטב לפסטה בולונז יכ,גרמים,260.00,100 גרם,false,,6.50,2.5000,true,1,8684
7290000211145,false,סיימן גבינת גאודה במ,,,סיימן גבינת גאודה במ,קילוגרמים,1.00,"ק""ג",true,,119.00,119.0000,true,1,16513
7290000211169,false,אורז תאילנדי 1 ק'ג,,,אורז תאילנדי 1 ק'ג,קילוגרמים,1.00,"ק""ג",false,,7.50,7.5000,true,1,17296
7290000211312,false,אורז מלא אחד אחד 1קג,,,אורז מלא אחד אחד 1קג,קילוגרמים,1.00,"ק""ג",false,,9.80,9.8000,true,1,17297
7290000211374,false,"קמח מלא סוגת 1 ק""ג",,,"קמח מלא סוגת 1 ק""ג",קילוגרמים,1.00,"ק""ג",false,,7.90,7.9000,true,1,17298
7290000211442,false,סוגת אורז פרסי קלאסי,,,סוגת אורז פרסי קלאסי,קילוגרמים,1.00,"ק""ג",false,,11.50,11.5000,true,1,17300
7290000211503,false,"סוכר סוגת לבן 1 ק""ג",,,"סוכר סוגת לבן 1 ק""ג",קילוגרמים,1.00,"ק""ג",false,,4.90,4.9000,true,1,17301
7290000211985,false,סוגת אורז עגול 1קג,,,סוגת אורז עגול 1קג,קילוגרמים,1.00,"ק""ג",false,,10.90,10.9000,true,1,17304
7290000238029,false,"בצק עלים 1ק""ג",,,"בצק עלים 1ק""ג",קילוגרמים,1.00,"ק""ג",false,,23.90,23.9000,true,1,35601
7290000238036,false,מעדנות מלווח 700גר,,,מעדנות מלווח 700גר,גרמים,700.00,100 גרם,false,,17.90,2.5571,true,1,35602
7290000238173,false,בורקס גבינה מעדנות 8,,,בורקס גבינה מעדנות 8,גרמים,800.00,100 גרם,false,,22.90,2.8625,true,1,35603
7290000238180,false,"בורקס תפו""א 800גר",,,"בורקס תפו""א 800גר",גרמים,800.00,100 גרם,false,,21.90,2.7375,true,1,35604
7290000243566,false,שמן קנולה בריאות עץ,,,שמן קנולה בריאות עץ,מיליליטרים,750.00,"100 מ""ל",false,,11.90,1.5867,true,1,29336
7290000244051,false,סבון נוזלי טרופי הוו,,,סבון נוזלי טרופי הוו,ליטרים,1.50,ליטר,false,,17.90,11.9333,true,1,8082
7290000245287,false,אבקת כביסה פרסיל קול,,,אבקת כביסה פרסיל קול,קילוגרמים,1.25,"ק""ג",false,,15.90,12.7200,true,1,34871
7290000253220,false,שוקולד צ'יפס אופנהיי,,,שוקולד צ'יפס אופנהיי,גרמים,260.00,100 גרם,false,,13.90,5.3462,true,1,24576
7290000253251,false,שוקולד צ'יפס לבן אופ,,,שוקולד צ'יפס לבן אופ,גרמים,250.00,100 גרם,false,,13.90,5.5600,true,1,24577
7290000256197,false,גאודה עיזים הולנדית,,,גאודה עיזים הולנדית,קילוגרמים,1.00,"ק""ג",true,,99.00,99.0000,true,1,67485
7290000262031,false,נייר טואלט מולט לב 3,,,נייר טואלט מולט לב 3,מטרים,563.00,מטר,false,,34.90,0.0620,true,1,9046
7290000264752,false,ניקול רדיד אלומיניום,,,ניקול רדיד אלומיניום,מטרים,15.00,מטר,false,,13.80,0.9200,true,1,9071
7290000272443,false,סירופ דיאט תפוז עסיס,,,סירופ דיאט תפוז עסיס,יחידה,0.00,יחידה,false,,16.90,0.0000,true,1,18632
7290000272467,false,סירופ דיאט פטל עסיס,,,סירופ דיאט פטל עסיס,ליטרים,1.00,ליטר,false,,16.90,16.9000,true,1,18633
7290000272696,false,מיץ לימון משומר עסיס,,,מיץ לימון משומר עסיס,ליטרים,1.00,ליטר,false,,11.90,11.9000,true,1,18634
7290000272726,false,חומץ טבעי 5% עסיס 1,,,חומץ טבעי 5% עסיס 1,ליטרים,1.00,ליטר,false,,7.50,7.5000,true,1,18635
7290000286549,false,סנו סושי מטליות לכל,,,סנו סושי מטליות לכל,יחידה,0.00,יחידה,false,,12.90,0.0000,true,1,29681
7290000286824,false,פילה דג נסיכת הנילוס,,,פילה דג נסיכת הנילוס,קילוגרמים,1.00,"ק""ג",true,,39.90,39.9000,true,1,356315
7290000286947,false,פילה דג סלמון נורווג,,,פילה דג סלמון נורווג,קילוגרמים,1.00,"ק""ג",true,,89.90,89.9000,true,1,357928
7290000287195,false,סנו רהיט ספריי עשיר,,,סנו רהיט ספריי עשיר,מיליליטרים,305.00,"100 מ""ל",false,,15.90,5.2131,true,1,29694
7290000287621,false,סנו אנטי קאלק W.C מנ,,,סנו אנטי קאלק W.C מנ,מיליליטרים,750.00,"100 מ""ל",false,,12.90,1.7200,true,1,29703
7290000288024,false,סנו ז'אוול בריח לימו,,,סנו ז'אוול בריח לימו,ליטרים,4.00,ליטר,false,,17.90,4.4750,true,1,29708
7290000288048,false,סנו ג'אוול מרסס אילנ,,,סנו ג'אוול מרסס אילנ,ליטרים,1.00,ליטר,false,,19.90,19.9000,true,1,29710
7290000288413,false,סנו די רולאון,,,סנו די רולאון,מיליליטרים,50.00,"100 מ""ל",false,,20.90,41.8000,true,1,29720
7290000288840,false,מים מזוקקים 2 ליטר,,,מים מזוקקים 2 ליטר,ליטרים,2.00,ליטר,false,,13.90,6.9500,true,1,29727
7290000289069,false,סנו ג'אוול מרסס לימו,,,סנו ג'אוול מרסס לימו,ליטרים,1.00,ליטר,false,,19.90,19.9000,true,1,29730
7290000289380,false,סנו ג'אוול לימון לני,,,סנו ג'אוול לימון לני,מיליליטרים,750.00,"100 מ""ל",false,,12.90,1.7200,true,1,29731
7290000289748,false,סנו פורטה פלוס לתנור,,,סנו פורטה פלוס לתנור,מיליליטרים,750.00,"100 מ""ל",false,,16.90,2.2533,true,1,29739
7290000291857,false,סנו פוליווקס לוטוס 2,,,סנו פוליווקס לוטוס 2,ליטרים,2.00,ליטר,false,,22.90,11.4500,true,1,29743
7290000292564,false,K 2000 סנו ללא ריח,,,K 2000 סנו ללא ריח,מיליליטרים,750.00,"100 מ""ל",false,,32.90,4.3867,true,1,29755
7290000292687,false,סנובון כחול שלישיה,,,סנובון כחול שלישיה,גרמים,165.00,100 גרם,false,,17.90,10.8485,true,1,29756
7290000292915,false,סנו רסס ונגב אקדח 75,,,סנו רסס ונגב אקדח 75,מיליליטרים,750.00,"100 מ""ל",false,,14.90,1.9867,true,1,29758
7290000293073,false,מרכך כביסה סנו מקסימ,,,מרכך כביסה סנו מקסימ,ליטרים,4.00,ליטר,false,,23.90,5.9750,true,1,29760
7290000294780,false,סנו ז'אוול סמיכה 4 ל,,,סנו ז'אוול סמיכה 4 ל,ליטרים,4.00,ליטר,false,,17.90,4.4750,true,1,29774
7290000295121,false,מטלית זיגזג 3יח,,,מטלית זיגזג 3יח,יחידה,0.00,יחידה,false,,12.90,0.0000,true,1,29775
7290000295299,false,כריות יפניות סנו סוש,,,כריות יפניות סנו סוש,יחידה,0.00,יחידה,false,,12.90,0.0000,true,1,29776
7290000295367,false,אבקת כביסה סנו מקסימ,,,אבקת כביסה סנו מקסימ,קילוגרמים,2.50,"ק""ג",false,,28.90,11.5600,true,1,29780
7290000295503,false,סנו סושי צמד שקיות א,,,סנו סושי צמד שקיות א,יחידה,0.00,יחידה,false,,15.90,0.0000,true,1,29782
7290000295541,false,סנו רב מגבת גמבו,,,סנו רב מגבת גמבו,יחידה,0.00,יחידה,false,,17.90,0.0000,true,1,29783
7290000295558,false,צמד רדיד אלומיניום ק,,,צמד רדיד אלומיניום ק,מטרים,15.00,מטר,false,,12.90,0.8600,true,1,29784
7290000295565,false,רדיד אלומיניום רחב ב,,,רדיד אלומיניום רחב ב,מטרים,15.00,מטר,false,,16.90,1.1267,true,1,29785
7290000295572,false,מנקה אסלות 00 צמד,,,מנקה אסלות 00 צמד,ליטרים,1.50,ליטר,false,,19.90,13.2667,true,1,29786
7290000295794,false,ספוגיות אל חלד זוג,,,ספוגיות אל חלד זוג,יחידה,0.00,יחידה,false,,14.90,0.0000,true,1,29789
7290000295824,false,סנו סושי רדיד אלומינ,,,סנו סושי רדיד אלומינ,מטרים,100.00,מטר,false,,60.90,0.6090,true,1,29790
7290000300900,false,שניצל תירס טבעול רכי,,,שניצל תירס טבעול רכי,גרמים,750.00,100 גרם,false,,27.90,3.7200,true,1,19695
7290000307343,false,שעועית ירוקה חתוכה פ,,,שעועית ירוקה חתוכה פ,גרמים,550.00,100 גרם,false,,8.00,1.4545,true,1,8280
7290000313160,false,חברים זהבה ושלושת הד,,,חברים זהבה ושלושת הד,גרמים,250.00,100 גרם,false,,9.50,3.8000,true,1,18636
7290000313184,false,חברים ביסקויט גן חיו,,,חברים ביסקויט גן חיו,גרמים,250.00,100 גרם,false,,9.50,3.8000,true,1,18637
7290000321750,false,"פילה אמנון 5-7 בד""צ",,,"פילה אמנון 5-7 בד""צ",קילוגרמים,1.00,"ק""ג",true,,32.90,32.9000,true,1,55318
7290000334325,false,תפוגן ציפס למיקרו מא,,,תפוגן ציפס למיקרו מא,גרמים,375.00,100 גרם,false,,15.90,4.2400,true,1,19707
7290000342832,false,בדין מרכך כביסה צהוב,,,בדין מרכך כביסה צהוב,ליטרים,4.00,ליטר,false,,20.90,5.2250,true,1,10298
7290000342856,false,בדין מרכך כביסה כחול,,,בדין מרכך כביסה כחול,ליטרים,4.00,ליטר,false,,20.90,5.2250,true,1,10299
7290000345215,false,תה ויסוצקי קלאסיק 10,,,תה ויסוצקי קלאסיק 10,גרמים,100.00,100 גרם,false,,20.90,20.9000,true,1,24583
7290000345284,false,תה ויסוצקי 1.5 קלאסי,,,תה ויסוצקי 1.5 קלאסי,גרמים,150.00,100 גרם,false,,20.90,13.9333,true,1,24586
7290000345291,false,תה ארל גריי 1.5/25,,,תה ארל גריי 1.5/25,גרמים,37.50,100 גרם,false,,17.90,47.7333,true,1,24587
7290000345307,false,תה ארל גריי 1.5/50,,,תה ארל גריי 1.5/50,גרמים,75.00,100 גרם,false,,30.90,41.2000,true,1,24588
7290000345536,false,תה נענע 25 שקיות 1.5,,,תה נענע 25 שקיות 1.5,גרמים,37.50,100 גרם,false,,19.90,53.0667,true,1,24589
7290000346120,false,תה קסם הקנמון 25 שקי,,,תה קסם הקנמון 25 שקי,גרמים,62.50,100 גרם,false,,17.90,28.6400,true,1,24595
7290000346137,false,תה הילולי פירות 25 ש,,,תה הילולי פירות 25 ש,גרמים,62.50,100 גרם,false,,17.90,28.6400,true,1,24596
7290000346199,false,תה פירות יער 25 שקיק,,,תה פירות יער 25 שקיק,גרמים,67.50,100 גרם,false,,17.90,26.5185,true,1,24600
7290000346205,false,תה קמומיל 25 שקיקים,,,תה קמומיל 25 שקיקים,גרמים,37.50,100 גרם,false,,17.90,47.7333,true,1,24601
7290000347738,false,תה ירוק נענע 25 שקיק,,,תה ירוק נענע 25 שקיק,גרמים,37.50,100 גרם,false,,23.90,63.7333,true,1,24607
7290000347752,false,תה ירוק לימונית ולוא,,,תה ירוק לימונית ולוא,גרמים,37.50,100 גרם,false,,23.90,63.7333,true,1,24608
7290000363363,false,קבנוס מיוחד 160 גרם,,,קבנוס מיוחד 160 גרם,גרמים,160.00,100 גרם,false,,19.70,12.3125,true,1,25313
7290000364261,false,סלסולי כתף בקר 120 ג,,,סלסולי כתף בקר 120 ג,גרמים,120.00,100 גרם,false,,16.80,14.0000,true,1,25317
7290000364278,false,סלסולי סלמי איטלקי מ,,,סלסולי סלמי איטלקי מ,גרמים,120.00,100 גרם,false,,16.80,14.0000,true,1,25318
7290000364285,false,טירת צבי סלסולי פסטר,,,טירת צבי סלסולי פסטר,גרמים,120.00,100 גרם,false,,16.80,14.0000,true,1,25319
7290000364292,false,סלסולי פסטרמה גחלים,,,סלסולי פסטרמה גחלים,גרמים,120.00,100 גרם,false,,16.80,14.0000,true,1,25320
7290000364858,false,נקניקיות עוף טרי 1 ק,,,נקניקיות עוף טרי 1 ק,קילוגרמים,1.00,"ק""ג",false,,30.90,30.9000,true,1,25325
7290000364872,false,נקניקיות עוף 400 גרם,,,נקניקיות עוף 400 גרם,גרמים,400.00,100 גרם,false,,12.90,3.2250,true,1,25326
7290000367590,false,צמד כפרי נק.סלמי+פסט,,,צמד כפרי נק.סלמי+פסט,גרמים,800.00,100 גרם,false,,27.90,3.4875,true,1,25329
7290000382210,false,שקיות גופיה ינות בית,,,שקיות גופיה ינות בית,יחידה,0.00,יחידה,false,,0.10,0.0000,true,1,47
7290000382289,false,סל נשיאה יינות ביתן,,,סל נשיאה יינות ביתן,יחידה,0.00,יחידה,false,,3.50,0.0000,true,1,51
7290000403450,false,סיימן גבינה מנצ`גו ב,,,סיימן גבינה מנצ`גו ב,קילוגרמים,1.00,"ק""ג",true,,199.00,199.0000,true,1,16574
7290000408316,false,דנונה טבעי 3% 200מל,,,דנונה טבעי 3% 200מל,מיליליטרים,200.00,"100 מ""ל",false,,3.70,1.8500,true,1,23231
7290000408354,false,דנונה קראנצ' פצפוצים,,,דנונה קראנצ' פצפוצים,מיליליטרים,175.00,"100 מ""ל",false,,4.90,2.8000,true,1,23232
7290000410874,false,רבעי פרגיות מלוח,,,רבעי פרגיות מלוח,קילוגרמים,1.00,"ק""ג",true,,54.90,54.9000,true,1,16584
7290000412481,false,מנקה אסלות 1 ליטר 00,,,מנקה אסלות 1 ליטר 00,ליטרים,1.00,ליטר,false,,8.90,8.9000,true,1,29793
7290000416021,false,ממרח שוקולד השחר 500,,,ממרח שוקולד השחר 500,גרמים,500.00,100 גרם,false,,15.90,3.1800,true,1,28847
7290000416045,false,ממרח שוקולד השחר 1 ק,,,ממרח שוקולד השחר 1 ק,קילוגרמים,1.00,"ק""ג",false,,27.90,27.9000,true,1,28849
7290000416618,false,ממרח שוקולד פרווה הש,,,ממרח שוקולד פרווה הש,גרמים,400.00,100 גרם,false,,12.90,3.2250,true,1,28857
7290000419220,false,לנדוור כחול המקורי ק,,,לנדוור כחול המקורי ק,גרמים,300.00,100 גרם,false,,18.90,6.3000,true,1,18642
7290000419374,false,לנדוור לבוקר קפה טחו,,,לנדוור לבוקר קפה טחו,גרמים,300.00,100 גרם,false,,18.90,6.3000,true,1,18643
7290000420325,false,פופסטאר פופקורן טבעי,,,פופסטאר פופקורן טבעי,גרמים,500.00,100 גרם,false,,17.90,3.5800,true,1,5725
7290000420332,false,פופסטאר פופקורן חמאה,,,פופסטאר פופקורן חמאה,גרמים,500.00,100 גרם,false,,17.90,3.5800,true,1,5726
7290000420417,false,גלילונית שקיות אשפה,,,גלילונית שקיות אשפה,יחידה,0.00,יחידה,false,,23.90,0.0000,true,1,5727
7290000435251,false,מיני משמחים 500 גרם,,,מיני משמחים 500 גרם,גרמים,500.00,100 גרם,false,,18.70,3.7400,true,1,231159
7290000449128,false,סיף ניקוי כללי 4 ליט,,,סיף ניקוי כללי 4 ליט,ליטרים,4.00,ליטר,false,,21.90,5.4750,true,1,10301
7290000453019,false,שמרית שמרים טריים לא,,,שמרית שמרים טריים לא,גרמים,50.00,100 גרם,false,,4.90,9.8000,true,1,23233
7290000453125,false,שמרית שמרים טריים לא,,,שמרית שמרים טריים לא,גרמים,100.00,100 גרם,false,,8.50,8.5000,true,1,23234
7290000453408,false,שמרית בצק פיצה דק מצ,,,שמרית בצק פיצה דק מצ,גרמים,415.00,100 גרם,false,,17.90,4.3133,true,1,23235
7290000453415,false,שמרית בצק עלים מצונן,,,שמרית בצק עלים מצונן,גרמים,300.00,100 גרם,false,,16.90,5.6333,true,1,23236
7290000453422,false,שמרית בצק פילו מוכן,,,שמרית בצק פילו מוכן,גרמים,300.00,100 גרם,false,,16.90,5.6333,true,1,23237
7290000453798,false,שמרים יבשים אקטיביים,,,שמרים יבשים אקטיביים,גרמים,500.00,100 גרם,false,,14.90,2.9800,true,1,22188
7290000453866,false,נטורינה קוקוס שטראוס,,,נטורינה קוקוס שטראוס,גרמים,200.00,100 גרם,false,,8.50,4.2500,true,1,23238
7290000455456,false,נסיכת הנילוס פילה פר,,,נסיכת הנילוס פילה פר,קילוגרמים,1.00,"ק""ג",true,,79.90,79.9000,true,1,35171
7290000461625,false,ביגלה 8 8 400גר,,,ביגלה 8 8 400גר,גרמים,400.00,100 גרם,false,,11.90,2.9750,true,1,10302
7290000461656,false,מקלות מלוחים 400 גרם,,,מקלות מלוחים 400 גרם,גרמים,400.00,100 גרם,false,,11.90,2.9750,true,1,10303
7290000461700,false,ביגלה שמיניות גדולות,,,ביגלה שמיניות גדולות,גרמים,400.00,100 גרם,false,,13.90,3.4750,true,1,10304
7290000461793,false,ביגלה ארוך ארוך דל ש,,,ביגלה ארוך ארוך דל ש,גרמים,150.00,100 גרם,false,,6.90,4.6000,true,1,10307
7290000462141,false,סחוג אדום חריף מאוד,,,סחוג אדום חריף מאוד,גרמים,150.00,100 גרם,false,,8.90,5.9333,true,1,23243
7290000462981,false,סחוג חריף אשש 150 גר,,,סחוג חריף אשש 150 גר,גרמים,150.00,100 גרם,false,,8.90,5.9333,true,1,82351
7290000467320,false,צבר חומוס אבו מרוואן,,,צבר חומוס אבו מרוואן,גרמים,400.00,100 גרם,false,,14.90,3.7250,true,1,19722
7290000474090,false,טרה חלב בקרטון 1% 1ל,,,טרה חלב בקרטון 1% 1ל,ליטרים,1.00,ליטר,false,,5.86,5.8600,true,1,6340
7290000474502,false,טרה גבינה לבנה 5% 25,,,טרה גבינה לבנה 5% 25,גרמים,250.00,100 גרם,false,,4.98,1.9920,true,1,6349
7290000474540,false,טוב טעם גבינה 3% 250,,,טוב טעם גבינה 3% 250,גרמים,250.00,100 גרם,false,,11.50,4.6000,true,1,6350
7290000474830,false,נעם גבינה צהובה מגור,,,נעם גבינה צהובה מגור,גרמים,500.00,100 גרם,false,,33.60,6.7200,true,1,6351
7290000478157,false,רבעי פרגיות מתוק,,,רבעי פרגיות מתוק,קילוגרמים,1.00,"ק""ג",true,,54.90,54.9000,true,1,286335
7290000480107,false,"קוואקר מהיר אטוס לל""",,,"קוואקר מהיר אטוס לל""",גרמים,500.00,100 גרם,false,,14.90,2.9800,true,1,24145
7290000480442,false,שיבולת שועל בשקית קו,,,שיבולת שועל בשקית קו,גרמים,500.00,100 גרם,false,,14.50,2.9000,true,1,24146
7290000481029,false,פיתות 10 יחידות בטעם,,,פיתות 10 יחידות בטעם,קילוגרמים,1.00,"ק""ג",false,,13.90,13.9000,true,1,57374
7290000481043,true,עשיריית פיתות כוסמין,,,עשיריית פיתות כוסמין,גרמים,700.00,100 גרם,false,,16.90,2.4143,true,1,131075
7290000481531,false,לחמניות 10 יחידות חי,,,לחמניות 10 יחידות חי,גרמים,750.00,100 גרם,false,,14.90,1.9867,true,1,4457
7290000481883,false,10 לחמניות דגנית,,,10 לחמניות דגנית,גרמים,750.00,100 גרם,false,,14.90,1.9867,true,1,4461
7290000484747,false,"עלית הארק 40% 700 מ""",,,"עלית הארק 40% 700 מ""",מיליליטרים,700.00,"100 מ""ל",false,,60.90,8.7000,true,1,28882
7290000490717,false,גלית שרבט בטעם תות 8,,,גלית שרבט בטעם תות 8,גרמים,560.00,100 גרם,false,,29.90,5.3393,true,1,36053
7290000493183,false,אסם אבקת רוטב פטריות,,,אסם אבקת רוטב פטריות,גרמים,30.00,100 גרם,false,,3.90,13.0000,true,1,18677
7290000496360,false,פילה  בקלה דרום אפרי,,,פילה  בקלה דרום אפרי,קילוגרמים,1.00,"ק""ג",true,,43.90,43.9000,true,1,193672
7290000504209,false,דיאט טיפ-ממתיק,,,דיאט טיפ-ממתיק,מיליליטרים,220.00,"100 מ""ל",false,,19.90,9.0455,true,1,22197
7290000504261,false,כמו סוכר ממתיק אבקתי,,,כמו סוכר ממתיק אבקתי,גרמים,100.00,100 גרם,false,,26.90,26.9000,true,1,22198
7290000507383,false,בולגרית 5% פנחס אמית,,,בולגרית 5% פנחס אמית,קילוגרמים,1.00,"ק""ג",true,,80.00,80.0000,true,1,16597
7290000521008,false,אדום יבש סגל.,,,אדום יבש סגל.,מיליליטרים,750.00,"100 מ""ל",false,,22.90,3.0533,true,1,9376
7290000521015,false,"לבן סגל 750 מ""ל",,,"לבן סגל 750 מ""ל",מיליליטרים,750.00,"100 מ""ל",false,,22.90,3.0533,true,1,9377
7290000521022,false,סגל לבן חצי יבש 750,,,סגל לבן חצי יבש 750,מיליליטרים,750.00,"100 מ""ל",false,,22.90,3.0533,true,1,9378
7290000523125,false,מלח ים יבש הארץ 250,,,מלח ים יבש הארץ 250,גרמים,250.00,100 גרם,false,,6.90,2.7600,true,1,24610
7290000523224,false,מלח ים יבש הארץ 500,,,מלח ים יבש הארץ 500,גרמים,500.00,100 גרם,false,,8.90,1.7800,true,1,15452
7290000523521,false,מלח מעושר ביוד הארץ,,,מלח מעושר ביוד הארץ,גרמים,250.00,100 גרם,false,,7.90,3.1600,true,1,24611
7290000523804,false,מלח עדין בצנצנת הארץ,,,מלח עדין בצנצנת הארץ,קילוגרמים,1.00,"ק""ג",false,,7.50,7.5000,true,1,24612
7290000523811,false,מלח גס בצנצנת הארץ 1,,,מלח גס בצנצנת הארץ 1,קילוגרמים,1.00,"ק""ג",false,,7.50,7.5000,true,1,24613
7290000525969,false,פרימור מיץ תפוזים 1ל,,,פרימור מיץ תפוזים 1ל,ליטרים,1.00,ליטר,false,,15.90,15.9000,true,1,23249
7290000530086,false,סלמי מעושן 7000 א.מ.,,,סלמי מעושן 7000 א.מ.,גרמים,600.00,100 גרם,false,,37.90,6.3167,true,1,38905
7290000530116,false,סלמי מעושן בשן זוגלו,,,סלמי מעושן בשן זוגלו,גרמים,470.00,100 גרם,false,,27.90,5.9362,true,1,38907
7290000530468,false,נקניקיות וינר טרי 1ק,,,נקניקיות וינר טרי 1ק,קילוגרמים,1.00,"ק""ג",false,,32.90,32.9000,true,1,38911
7290000530598,false,נקניקיות וינר טרי זו,,,נקניקיות וינר טרי זו,גרמים,500.00,100 גרם,false,,16.90,3.3800,true,1,38914
7290000530703,false,זוג תה 400 + חרמון 4,,,זוג תה 400 + חרמון 4,גרמים,800.00,100 גרם,false,,34.90,4.3625,true,1,38916
7290000537566,false,נקניקיות עוף טרי 400,,,נקניקיות עוף טרי 400,גרמים,400.00,100 גרם,false,,14.90,3.7250,true,1,38933
7290000537603,false,"נקנקיות עוף 1 ק""ג -ז",,,"נקנקיות עוף 1 ק""ג -ז",קילוגרמים,1.00,"ק""ג",false,,32.90,32.9000,true,1,38934
7290000552569,false,סטייק בורגר 400 ג'-ט,,,סטייק בורגר 400 ג'-ט,גרמים,400.00,100 גרם,false,,19.90,4.9750,true,1,16789
7290000554402,false,גד מלבי 160מל.,,,גד מלבי 160מל.,מיליליטרים,160.00,"100 מ""ל",false,,6.50,4.0625,true,1,14616
7290000554532,false,גד צפתית מעודנת במלח,,,גד צפתית מעודנת במלח,גרמים,200.00,100 גרם,false,,15.90,7.9500,true,1,14619
7290000554600,false,גד מוצרלה מגורדת %18,,,גד מוצרלה מגורדת %18,גרמים,300.00,100 גרם,false,,26.50,8.8333,true,1,14620
7290000554624,false,גד ירח מתוק 150מל,,,גד ירח מתוק 150מל,גרמים,150.00,100 גרם,false,,6.50,4.3333,true,1,14621
7290000554686,false,גד לאבנה בשמן זית וז,,,גד לאבנה בשמן זית וז,גרמים,250.00,100 גרם,false,,15.50,6.2000,true,1,14622
7290000554822,false,גד ריקוטה טבעי 5% 25,,,גד ריקוטה טבעי 5% 25,גרמים,250.00,100 גרם,false,,15.90,6.3600,true,1,14624
7290000554839,false,גד מסקרפונה 40% 250ג,,,גד מסקרפונה 40% 250ג,גרמים,250.00,100 גרם,false,,21.90,8.7600,true,1,14625
7290000560540,false,ג'ל גילוח כתום לעור,,,ג'ל גילוח כתום לעור,מיליליטרים,200.00,"100 מ""ל",false,,16.90,8.4500,true,1,5736
7290000561202,false,גרעין חמניה קלוי 200,,,גרעין חמניה קלוי 200,גרמים,200.00,100 גרם,false,,6.90,3.4500,true,1,1425
7290000561233,false,בוטן קלוי 200ג פיצוח,,,בוטן קלוי 200ג פיצוח,גרמים,200.00,100 גרם,false,,7.90,3.9500,true,1,1427
7290000561240,false,גרעין דלעת קלוי 200ג,,,גרעין דלעת קלוי 200ג,גרמים,200.00,100 גרם,false,,9.90,4.9500,true,1,1428
7290000561462,false,בננה ציפס 200 גר- חמ,,,בננה ציפס 200 גר- חמ,גרמים,200.00,100 גרם,false,,7.90,3.9500,true,1,1439
7290000561561,false,פוסידון מנצ'יס 200ג,,,פוסידון מנצ'יס 200ג,גרמים,200.00,100 גרם,false,,9.90,4.9500,true,1,1444
7290000561578,false,בוטן אמריקאי 200ג,,,בוטן אמריקאי 200ג,גרמים,200.00,100 גרם,false,,6.90,3.4500,true,1,1445
7290000561981,false,אגוז מלך 200ג,,,אגוז מלך 200ג,גרמים,200.00,100 גרם,false,,23.90,11.9500,true,1,1458
7290000571119,false,גאודה טבעי המחלבה,,,גאודה טבעי המחלבה,קילוגרמים,1.00,"ק""ג",true,,108.00,108.0000,true,1,25646
7290000571386,false,יוגורמה דלי 5% 850 ג,,,יוגורמה דלי 5% 850 ג,גרמים,850.00,100 גרם,false,,27.90,3.2824,true,1,25832
7290000571584,false,גאודה כבשים המחלבה,,,גאודה כבשים המחלבה,קילוגרמים,1.00,"ק""ג",true,,110.00,110.0000,true,1,25652
7290000572536,false,חלוה וניל אחוה 400 ג,,,חלוה וניל אחוה 400 ג,גרמים,400.00,100 גרם,false,,11.90,2.9750,true,1,679
7290000574028,false,לחם אחיד פרוס מועשר,,,לחם אחיד פרוס מועשר,גרמים,750.00,100 גרם,false,,8.90,1.1867,true,1,4466
7290000574035,false,לחם אחיד פרוס דגנית,,,לחם אחיד פרוס דגנית,גרמים,750.00,100 גרם,false,,7.11,0.9480,true,1,4467
7290000574066,false,לחם מלא עם שיפון דגנ,,,לחם מלא עם שיפון דגנ,יחידה,0.00,יחידה,false,,15.90,0.0000,true,1,4469
7290000574141,false,לחם חיטה מלאה דגנית,,,לחם חיטה מלאה דגנית,גרמים,750.00,100 גרם,false,,15.90,2.1200,true,1,4473
7290000574172,false,לחם קל חיטה מלאה דגנ,,,לחם קל חיטה מלאה דגנ,גרמים,750.00,100 גרם,false,,15.90,2.1200,true,1,4475
7290000574257,false,לחם שחור פרוס קל דגנ,,,לחם שחור פרוס קל דגנ,גרמים,750.00,100 גרם,false,,15.80,2.1067,true,1,4477
7290000574370,false,לחם שיפון אמיתי קל ד,,,לחם שיפון אמיתי קל ד,גרמים,750.00,100 גרם,false,,16.50,2.2000,true,1,4483
7290000574455,false,לחם חיטה מלא+כוסמין,,,לחם חיטה מלא+כוסמין,גרמים,750.00,100 גרם,false,,15.90,2.1200,true,1,4487
7290000574509,false,6 לחמניות חצויות דגנ,,,6 לחמניות חצויות דגנ,גרמים,450.00,100 גרם,false,,12.90,2.8667,true,1,4488
7290000598472,false,סלמון מנות נורבגי בו,,,סלמון מנות נורבגי בו,קילוגרמים,1.00,"ק""ג",true,,89.90,89.9000,true,1,51459
7290000599472,false,שישיית כריות יפניות,,,שישיית כריות יפניות,יחידה,0.00,יחידה,false,,8.90,0.0000,true,1,13443
7290000599847,false,רב מגבת מויסקו,,,רב מגבת מויסקו,יחידה,0.00,יחידה,false,,8.90,0.0000,true,1,13458
7290000610730,false,"לשון בקר חו""ל חלק יי",,,"לשון בקר חו""ל חלק יי",קילוגרמים,1.00,"ק""ג",true,,39.90,39.9000,true,1,357161
7290000611039,false,פילה סלמון נורבגי קפ,,,פילה סלמון נורבגי קפ,קילוגרמים,1.00,"ק""ג",true,,84.90,84.9000,true,1,140975
7290000614528,false,צלי כתף מס' 5 חלק אר,,,צלי כתף מס' 5 חלק אר,קילוגרמים,1.00,"ק""ג",true,,69.90,69.9000,true,1,235593
7290000614559,false,שריר הזרוע מס' 8 חלק,,,שריר הזרוע מס' 8 חלק,קילוגרמים,1.00,"ק""ג",true,,34.90,34.9000,true,1,235621
7290000614566,false,אסאדו מס' 9 חלק ארוז,,,אסאדו מס' 9 חלק ארוז,קילוגרמים,1.00,"ק""ג",true,,69.90,69.9000,true,1,235579
7290000616421,false,"סטייק טונה בד""ץ חתם",,,"סטייק טונה בד""ץ חתם",קילוגרמים,1.00,"ק""ג",true,,39.90,39.9000,true,1,86017
7290000627913,false,גאודה עיזים שקיל מעד,,,גאודה עיזים שקיל מעד,קילוגרמים,1.00,"ק""ג",true,,99.00,99.0000,true,1,52127
7290000628194,false,שריר הזרוע 8 חלק ברז,,,שריר הזרוע 8 חלק ברז,קילוגרמים,1.00,"ק""ג",true,,39.90,39.9000,true,1,79803
7290000644783,false,דגי תנובה נתחי פילה,,,דגי תנובה נתחי פילה,קילוגרמים,1.00,"ק""ג",true,,89.90,89.9000,true,1,26473
7290000654546,false,פילה אמנון 7-9 100%,,,פילה אמנון 7-9 100%,קילוגרמים,1.00,"ק""ג",true,,39.90,39.9000,true,1,89729
7290000659312,false,דגי תנובה פילה סלמון,,,דגי תנובה פילה סלמון,קילוגרמים,1.00,"ק""ג",true,,79.90,79.9000,true,1,26483
7290000663036,false,פילה אמנון ללא עור 1,,,פילה אמנון ללא עור 1,קילוגרמים,1.00,"ק""ג",true,,44.90,44.9000,true,1,159507
7290000663098,false,שווארמה אנטריקוט 300,,,שווארמה אנטריקוט 300,גרמים,300.00,100 גרם,false,,36.90,12.3000,true,1,140663
7290000663104,false,שווארמה פרגית להקפצה,,,שווארמה פרגית להקפצה,גרמים,300.00,100 גרם,false,,36.90,12.3000,true,1,140664
7290000663135,false,קוביות סלמון 300 גרם,,,קוביות סלמון 300 גרם,גרמים,300.00,100 גרם,false,,32.90,10.9667,true,1,185226
7290000680147,false,כרעיים עוף טרי ארוז,,,כרעיים עוף טרי ארוז,קילוגרמים,1.00,"ק""ג",true,,27.90,27.9000,true,1,49890
7290000680154,false,שניצל עוף טרי ארוז,,,שניצל עוף טרי ארוז,קילוגרמים,1.00,"ק""ג",true,,37.90,37.9000,true,1,49891
7290000680536,false,סטייק פרגית טרי כרע,,,סטייק פרגית טרי כרע,קילוגרמים,1.00,"ק""ג",true,,57.90,57.9000,true,1,49903
7290000681298,false,חזה עוף טרי מחפוד אר,,,חזה עוף טרי מחפוד אר,קילוגרמים,1.00,"ק""ג",true,,34.90,34.9000,true,1,49905
7290000681304,false,כרעיים עוף טרי מחפוד,,,כרעיים עוף טרי מחפוד,קילוגרמים,1.00,"ק""ג",true,,34.90,34.9000,true,1,49906
7290000681366,false,כנפיים עוף מחפוד ב-ק,,,כנפיים עוף מחפוד ב-ק,קילוגרמים,1.00,"ק""ג",true,,14.90,14.9000,true,1,49912
7290000688381,false,מי עדן פקק ספורט 6*5,,,מי עדן פקק ספורט 6*5,ליטרים,3.00,ליטר,false,,14.90,4.9667,true,1,11459
7290000688466,false,מי עדן ג'ים 750מל,,,מי עדן ג'ים 750מל,מיליליטרים,750.00,"100 מ""ל",false,,2.90,0.3867,true,1,11461
7290000688503,false,מי עדן ג'ים 6*750מל,,,מי עדן ג'ים 6*750מל,ליטרים,4.50,ליטר,false,,16.90,3.7556,true,1,11462
7290000692456,false,אגקס חלונות זוג,,,אגקס חלונות זוג,ליטרים,1.50,ליטר,false,,27.90,18.6000,true,1,21409
7290000707062,false,פטם פילה במגש קפוא ל,,,פטם פילה במגש קפוא ל,קילוגרמים,1.00,"ק""ג",true,,39.90,39.9000,true,1,362473
7290000707093,false,פטם שוקיים במגש קפוא,,,פטם שוקיים במגש קפוא,קילוגרמים,1.00,"ק""ג",true,,33.90,33.9000,true,1,2216
7290000707512,false,פטם חזה פרוס ארוז קפ,,,פטם חזה פרוס ארוז קפ,קילוגרמים,1.00,"ק""ג",true,,39.90,39.9000,true,1,362415
7290000877254,false,פילה עוף טרי ארוז,,,פילה עוף טרי ארוז,קילוגרמים,1.00,"ק""ג",true,,37.90,37.9000,true,1,189730
7290000877278,false,עוף שלם טרי ארוז,,,עוף שלם טרי ארוז,קילוגרמים,1.00,"ק""ג",true,,19.90,19.9000,true,1,189387
7290000877308,false,כנפיים עוף טרי ארוז,,,כנפיים עוף טרי ארוז,קילוגרמים,1.00,"ק""ג",true,,11.90,11.9000,true,1,189676
7290000877315,false,ירכיים עוף טרי ארוז,,,ירכיים עוף טרי ארוז,קילוגרמים,1.00,"ק""ג",true,,27.90,27.9000,true,1,189511
7290000877322,false,חזה עוף חצוי טרי ארו,,,חזה עוף חצוי טרי ארו,קילוגרמים,1.00,"ק""ג",true,,31.90,31.9000,true,1,189414
7290000877339,false,שוקיים עוף טרי ארוז,,,שוקיים עוף טרי ארוז,קילוגרמים,1.00,"ק""ג",true,,32.90,32.9000,true,1,189455
7290000877346,false,שניצל עוף טרי ארוז,,,שניצל עוף טרי ארוז,קילוגרמים,1.00,"ק""ג",true,,37.90,37.9000,true,1,189744
7290000877353,false,כרעיים עוף טרי ארוז,,,כרעיים עוף טרי ארוז,קילוגרמים,1.00,"ק""ג",true,,27.90,27.9000,true,1,189441
7290000909387,false,"ניוקי אבאל 1 ק""ג",,,"ניוקי אבאל 1 ק""ג",קילוגרמים,1.00,"ק""ג",false,,11.90,11.9000,true,1,48881
7290000910291,false,פלפל צ`ילי,,,פלפל צ`ילי,גרמים,100.00,100 גרם,false,,7.90,7.9000,true,1,46562
7290000913551,false,פסטרמה כפרית 400 גרם,,,פסטרמה כפרית 400 גרם,גרמים,400.00,100 גרם,false,,19.90,4.9750,true,1,25330
7290001041123,false,מיה שקד מולבן פרוס 1,,,מיה שקד מולבן פרוס 1,גרמים,100.00,100 גרם,false,,12.80,12.8000,true,1,14841
7290001041147,false,חומוס 1 ק'ג,,,חומוס 1 ק'ג,קילוגרמים,1.00,"ק""ג",false,,13.90,13.9000,true,1,14843
7290001041185,false,פופקורן 1 ק'ג,,,פופקורן 1 ק'ג,קילוגרמים,1.00,"ק""ג",false,,10.90,10.9000,true,1,14847
7290001041192,false,עדשים אדומות 1 ק'ג,,,עדשים אדומות 1 ק'ג,קילוגרמים,1.00,"ק""ג",false,,13.90,13.9000,true,1,14848
7290001041277,false,פרורי לחם 400 גרם,,,פרורי לחם 400 גרם,גרמים,400.00,100 גרם,false,,7.90,1.9750,true,1,14853
7290001041291,false,לקקנים סוכריות על מק,,,לקקנים סוכריות על מק,גרמים,70.00,100 גרם,false,,17.90,25.5714,true,1,14855
7290001041994,false,סוכר זהב דמררה צנצנת,,,סוכר זהב דמררה צנצנת,קילוגרמים,1.00,"ק""ג",false,,11.90,11.9000,true,1,14878
7290001045688,false,פרימור מיץ תפוזים 40,,,פרימור מיץ תפוזים 40,מיליליטרים,400.00,"100 מ""ל",false,,7.90,1.9750,true,1,23255
7290001053201,false,סלמון נוררבגי מנות ל,,,סלמון נוררבגי מנות ל,גרמים,500.00,100 גרם,false,,47.90,9.5800,true,1,335871
7290001123782,false,שווארמה הודו 500 גרם,,,שווארמה הודו 500 גרם,גרמים,500.00,100 גרם,false,,26.90,5.3800,true,1,16799
7290001136294,false,שמפו יבש אדום נקה 7,,,שמפו יבש אדום נקה 7,מיליליטרים,750.00,"100 מ""ל",false,,12.90,1.7200,true,1,29796
7290001136362,false,תחליב רחצה אלוורה ות,,,תחליב רחצה אלוורה ות,יחידה,0.00,יחידה,false,,16.60,0.0000,true,1,29798
7290001136799,false,תחליב רחצה ורד ויסמי,,,תחליב רחצה ורד ויסמי,יחידה,0.00,יחידה,false,,16.60,0.0000,true,1,29801
7290001136973,false,תחליב רחצה קמומיל נק,,,תחליב רחצה קמומיל נק,יחידה,0.00,יחידה,false,,16.60,0.0000,true,1,29802
7290001201510,false,30 ביצים M  מ.לסר,,,30 ביצים M  מ.לסר,יחידה,0.00,יחידה,false,,27.87,0.0000,true,1,13617
7290001201589,false,12 ביצים L  מ.לסר,,,12 ביצים L  מ.לסר,יחידה,0.00,יחידה,false,,12.05,0.0000,true,1,13620
7290001201596,false,12 ביצים M  מ.לסר,,,12 ביצים M  מ.לסר,יחידה,0.00,יחידה,false,,11.15,0.0000,true,1,13621
7290001201602,false,18ביצים L  מ.לסר,,,18ביצים L  מ.לסר,יחידה,0.00,יחידה,false,,18.07,0.0000,true,1,231177
7290001201862,false,12 ביצים חופש L מ. ל,,,12 ביצים חופש L מ. ל,יחידה,0.00,יחידה,false,,19.90,0.0000,true,1,13632
7290001216040,false,טחינה אל ארז 100% שו,,,טחינה אל ארז 100% שו,גרמים,500.00,100 גרם,false,,15.90,3.1800,true,1,34842
7290001216057,false,טחינה אל ארז 100% שו,,,טחינה אל ארז 100% שו,קילוגרמים,1.00,"ק""ג",false,,29.90,29.9000,true,1,34843
7290001216231,false,טחינה מלאה 100% שומש,,,טחינה מלאה 100% שומש,גרמים,500.00,100 גרם,false,,16.90,3.3800,true,1,34847
7290001230331,false,כאמל בוקס קופסא בודד,,,כאמל בוקס קופסא בודד,יחידה,0.00,יחידה,false,,33.00,0.0000,false,1,4073
7290001235938,false,וינסטון קופסא בודדת,,,וינסטון קופסא בודדת,יחידה,0.00,יחידה,false,,34.00,0.0000,false,1,4080
7290001245699,false,ג'ל אקונומיקה סמיכה,,,ג'ל אקונומיקה סמיכה,ליטרים,4.00,ליטר,false,,13.90,3.4750,true,1,37966
7290001245705,false,אקונומיקה מבושמת 4 ל,,,אקונומיקה מבושמת 4 ל,ליטרים,4.00,ליטר,false,,10.90,2.7250,true,1,37967
7290001245729,false,ג'ל כביסה ירוק 3 ליט,,,ג'ל כביסה ירוק 3 ליט,ליטרים,1.00,ליטר,false,,18.90,18.9000,true,1,37969
7290001245736,false,ג'ל כביסה כחול 3 ליט,,,ג'ל כביסה כחול 3 ליט,ליטרים,1.00,ליטר,false,,18.90,18.9000,true,1,37970
7290001246320,false,ג'ל אסלות לימון טאצ',,,ג'ל אסלות לימון טאצ',מיליליטרים,750.00,"100 מ""ל",false,,10.90,1.4533,true,1,38002
7290001246528,false,מרכך כביסה מרוכז פרפ,,,מרכך כביסה מרוכז פרפ,ליטרים,1.00,ליטר,false,,13.90,13.9000,true,1,38008
7290001246979,false,אקופרנד - נוזל כלים,,,אקופרנד - נוזל כלים,ליטרים,1.00,ליטר,false,,14.90,14.9000,true,1,106682
7290001247082,false,ספרינג עגבניות קרטונ,,,ספרינג עגבניות קרטונ,ליטרים,1.00,ליטר,false,,6.90,6.9000,true,1,11477
7290001247105,false,ספרינג נקטר אפרסק 1ל,,,ספרינג נקטר אפרסק 1ל,ליטרים,1.00,ליטר,false,,6.90,6.9000,true,1,11479
7290001247143,false,ספרינג תפוח קרטונית,,,ספרינג תפוח קרטונית,ליטרים,1.00,ליטר,false,,6.90,6.9000,true,1,11483
7290001305188,false,פלמוליב לכלים פריחת,,,פלמוליב לכלים פריחת,מיליליטרים,750.00,"100 מ""ל",false,,12.90,1.7200,true,1,21418
7290001343845,false,גרנולה שיבולת שועל ע,,,גרנולה שיבולת שועל ע,קילוגרמים,1.00,"ק""ג",false,,19.90,19.9000,true,1,4609
7290001407547,false,בארכה טחינה שומשום מ,,,בארכה טחינה שומשום מ,גרמים,500.00,100 גרם,false,,16.90,3.3800,true,1,18688
7290001407769,false,בארכה טחינה עם שומשו,,,בארכה טחינה עם שומשו,גרמים,500.00,100 גרם,false,,16.90,3.3800,true,1,18691
7290001419618,false,וופל עלמה בלגי שוקו,,,וופל עלמה בלגי שוקו,גרמים,200.00,100 גרם,false,,3.90,1.9500,true,1,41227
7290001419793,false,גביעים מגולגלים עלמה,,,גביעים מגולגלים עלמה,גרמים,120.00,100 גרם,false,,11.90,9.9167,true,1,41229
7290001436790,false,מרגז מיני אקסטרה חרי,,,מרגז מיני אקסטרה חרי,גרמים,500.00,100 גרם,false,,28.90,5.7800,true,1,231179
7290001459928,false,גזר גמדי בלדי 800 גר,,,גזר גמדי בלדי 800 גר,גרמים,800.00,100 גרם,false,,11.90,1.4875,true,1,347973
7290001459935,false,אפונה בלדי 800 גרם,,,אפונה בלדי 800 גרם,גרמים,800.00,100 גרם,false,,11.90,1.4875,true,1,347900
7290001461105,false,לחם מחמצת לבן,,,לחם מחמצת לבן,גרמים,530.00,100 גרם,false,,17.90,3.3774,true,1,2515
7290001461112,false,לחם מחמצת דגנים,,,לחם מחמצת דגנים,גרמים,530.00,100 גרם,false,,17.90,3.3774,true,1,54047
7290001461860,false,עשיריית פיתות פילסבר,,,עשיריית פיתות פילסבר,יח',1.00,יח',false,,13.70,13.7000,true,1,2519
7290001468487,false,רצועת סיזל + כפפה,,,רצועת סיזל + כפפה,יחידה,0.00,יחידה,false,,21.00,0.0000,true,1,15854
7290001485019,false,טרה גבינת שמנת טבעי,,,טרה גבינת שמנת טבעי,גרמים,200.00,100 גרם,false,,11.90,5.9500,true,1,6361
7290001491010,false,תה ירוק עם יסמין T.T,,,תה ירוק עם יסמין T.T,גרמים,37.50,100 גרם,false,,23.90,63.7333,true,1,24615
7290001552025,false,קוסקוס 800גר,,,קוסקוס 800גר,גרמים,800.00,100 גרם,false,,16.80,2.1000,true,1,51486
7290001594025,false,קוקה קולה קלאסי 350,,,קוקה קולה קלאסי 350,מיליליטרים,350.00,"100 מ""ל",false,,6.90,1.9714,true,1,6823
7290001594179,false,פאנטה אורנג' 500 בקב,,,פאנטה אורנג' 500 בקב,מיליליטרים,500.00,"100 מ""ל",false,,7.90,1.5800,true,1,6833
7290001594865,false,קרלסברג בירה בקבוק 6,,,קרלסברג בירה בקבוק 6,ליטרים,1.98,ליטר,false,,45.90,23.1818,true,1,6855
7290001670255,false,כוסות שתיה חמה 50 יח,,,כוסות שתיה חמה 50 יח,יח',50.00,יח',false,,10.90,0.2180,true,1,7728
7290001696620,false,מיקס פיצוחים 350 גר',,,מיקס פיצוחים 350 גר',גרמים,350.00,100 גרם,false,,12.90,3.6857,true,1,1463
7290001696736,false,פקאן סיני 100 גרם,,,פקאן סיני 100 גרם,גרמים,100.00,100 גרם,false,,17.90,17.9000,true,1,1466
7290001713150,false,אקונומיקה קצף ניקוי,,,אקונומיקה קצף ניקוי,ליטרים,1.00,ליטר,false,,13.90,13.9000,true,1,20082
7290001713167,false,קצף לניקוי כלים סניט,,,קצף לניקוי כלים סניט,ליטרים,1.00,ליטר,false,,13.90,13.9000,true,1,20083
7290001791349,false,אקונומיקה ריחנית פסג,,,אקונומיקה ריחנית פסג,ליטרים,4.00,ליטר,false,,11.90,2.9750,true,1,29824
7290001791776,false,סנו די רולאון עם אלו,,,סנו די רולאון עם אלו,מיליליטרים,50.00,"100 מ""ל",false,,20.90,41.8000,true,1,29828
7290001813454,false,חיוכים חגיגה שוק 900,,,חיוכים חגיגה שוק 900,גרמים,900.00,100 גרם,false,,20.90,2.3222,true,1,22205
7290001817377,false,ציטוס איקס עיגול 60ג,,,ציטוס איקס עיגול 60ג,גרמים,60.00,100 גרם,false,,3.50,5.8333,true,1,24147
7290001817728,false,ציטוס כאפה 55 גרם,,,ציטוס כאפה 55 גרם,גרמים,55.00,100 גרם,false,,3.50,6.3636,true,1,24149
7290001865453,false,סבון נוזלי לבנדר+ מש,,,סבון נוזלי לבנדר+ מש,יחידה,0.00,יחידה,false,,11.90,0.0000,true,1,5755
7290001867600,false,"תפו""א בייבי  פרימיום",,,"תפו""א בייבי  פרימיום",קילוגרמים,1.00,"ק""ג",true,,7.90,7.9000,true,1,140111
7290001990117,false,שומשום 100 גרם,,,שומשום 100 גרם,גרמים,100.00,100 גרם,false,,3.90,3.9000,true,1,17308
7290001990261,false,"סוגת חומוס 1 ק""ג",,,"סוגת חומוס 1 ק""ג",קילוגרמים,1.00,"ק""ג",false,,15.90,15.9000,true,1,17310
7290001990278,false,סוגת שעועית לבנה 1 ק,,,סוגת שעועית לבנה 1 ק,קילוגרמים,1.00,"ק""ג",false,,19.90,19.9000,true,1,17311
7290001990391,false,"אפונה 1 ק""ג",,,"אפונה 1 ק""ג",קילוגרמים,1.00,"ק""ג",false,,12.90,12.9000,true,1,17313
7290001990407,false,עדשים ירוקים 1 קג,,,עדשים ירוקים 1 קג,קילוגרמים,1.00,"ק""ג",false,,15.90,15.9000,true,1,17314
7290001990414,false,סוגת עדשים אדומים 1,,,סוגת עדשים אדומים 1,קילוגרמים,1.00,"ק""ג",false,,15.90,15.9000,true,1,17315
7290001990421,false,"סוגת פופקורן 1 ק""ג",,,"סוגת פופקורן 1 ק""ג",קילוגרמים,1.00,"ק""ג",false,,11.90,11.9000,true,1,17316
7290002000266,false,שעווה תפוח לחימום במ,,,שעווה תפוח לחימום במ,גרמים,500.00,100 גרם,false,,19.90,3.9800,true,1,5763
7290002002857,false,נייר להסרת שיער מגע,,,נייר להסרת שיער מגע,יחידה,0.00,יחידה,false,,21.90,0.0000,true,1,5771
7290002007234,false,אבקת סוכר 100ג,,,אבקת סוכר 100ג,גרמים,100.00,100 גרם,false,,2.50,2.5000,true,1,7747
7290002007241,false,סודה לשתיה 50 גרם,,,סודה לשתיה 50 גרם,גרמים,50.00,100 גרם,false,,2.50,5.0000,true,1,7748
7290002007357,false,שקיות לצליה דליקטס מ,,,שקיות לצליה דליקטס מ,יחידה,0.00,יחידה,false,,5.90,0.0000,true,1,7751
7290002007500,false,קיסמים חבית הנמל 500,,,קיסמים חבית הנמל 500,יח',500.00,יח',false,,4.90,0.0098,true,1,7758
7290002007890,false,כוס שתיה קרה 100 יח,,,כוס שתיה קרה 100 יח,יחידה,0.00,יחידה,false,,12.90,0.0000,true,1,7767
7290002007975,false,צלחות קטן 50יח,,,צלחות קטן 50יח,יחידה,0.00,יחידה,false,,13.90,0.0000,true,1,7769
7290002007982,false,מזלגות חד פעמי 100 י,,,מזלגות חד פעמי 100 י,יחידה,0.00,יחידה,false,,13.90,0.0000,true,1,7770
7290002008224,false,קישוט לעוגה גליד.,,,קישוט לעוגה גליד.,גרמים,60.00,100 גרם,false,,6.90,11.5000,true,1,7784
7290002008347,false,קורנפלור 500 גרם,,,קורנפלור 500 גרם,גרמים,500.00,100 גרם,false,,6.90,1.3800,true,1,7789
7290002008743,false,סוכר וניל 10*10 גרם,,,סוכר וניל 10*10 גרם,גרמים,100.00,100 גרם,false,,3.50,3.5000,true,1,7799
7290002008750,false,אבקת אפיה 10*10 גרם,,,אבקת אפיה 10*10 גרם,גרמים,100.00,100 גרם,false,,3.50,3.5000,true,1,7800
7290002053095,false,אטריות ביצים מס' 10,,,אטריות ביצים מס' 10,גרמים,200.00,100 גרם,false,,7.90,3.9500,true,1,3434
7290002053538,false,נודלס אוריינט 400 גר,,,נודלס אוריינט 400 גר,גרמים,500.00,100 גרם,false,,14.90,2.9800,true,1,3439
7290002057017,false,זיתים נובו ענק קבוצת,,,זיתים נובו ענק קבוצת,גרמים,560.00,100 גרם,false,,9.90,1.7679,true,1,44692
7290002057048,false,זית סורי מבוקע יבנה,,,זית סורי מבוקע יבנה,גרמים,540.00,100 גרם,false,,11.90,2.2037,true,1,44694
7290002057093,false,זית מנזלינו גדול מנז,,,זית מנזלינו גדול מנז,גרמים,540.00,100 גרם,false,,8.90,1.6481,true,1,44698
7290002057123,false,זיתים חרוזית ירוק קב,,,זיתים חרוזית ירוק קב,גרמים,275.00,100 גרם,false,,10.90,3.9636,true,1,44701
7290002057185,false,טבעות זיתים ירוקים ק,,,טבעות זיתים ירוקים ק,גרמים,540.00,100 גרם,false,,9.90,1.8333,true,1,44707
7290002057369,false,מלפפון במלח 10-12 קב,,,מלפפון במלח 10-12 קב,גרמים,560.00,100 גרם,false,,8.90,1.5893,true,1,44716
7290002057376,false,מלפפון במלח 13-17 קב,,,מלפפון במלח 13-17 קב,גרמים,560.00,100 גרם,false,,10.90,1.9464,true,1,44717
7290002057437,false,שיפקונית קבוצת יבנה,,,שיפקונית קבוצת יבנה,גרמים,560.00,100 גרם,false,,10.90,1.9464,true,1,113269
7290002057451,false,מלפפון בחומץ 7-9 קבו,,,מלפפון בחומץ 7-9 קבו,גרמים,560.00,100 גרם,false,,7.90,1.4107,true,1,44721
7290002057475,false,מלפפון בחומץ 13-17 ק,,,מלפפון בחומץ 13-17 ק,גרמים,560.00,100 גרם,false,,10.90,1.9464,true,1,28068
7290002057734,false,זיתים חרוזית מושחר ק,,,זיתים חרוזית מושחר ק,גרמים,560.00,100 גרם,false,,9.90,1.7679,true,1,44730
7290002065555,false,6 לחמניות רכות אנגל,,,6 לחמניות רכות אנגל,גרמים,450.00,100 גרם,false,,11.90,2.6444,true,1,35418
7290002065616,false,שיפון גרעינים אנגל 7,,,שיפון גרעינים אנגל 7,גרמים,750.00,100 גרם,false,,14.90,1.9867,true,1,35419
7290002105565,false,טחון הודו 500 גרם מח,,,טחון הודו 500 גרם מח,גרמים,500.00,100 גרם,false,,14.90,2.9800,true,1,47023
7290002105756,false,"טחון בקר 1 ק""ג מחפוד",,,"טחון בקר 1 ק""ג מחפוד",קילוגרמים,1.00,"ק""ג",false,,39.90,39.9000,true,1,47028
7290002107071,false,צוריאל פטה עיזים מעו,,,צוריאל פטה עיזים מעו,גרמים,200.00,100 גרם,false,,24.90,12.4500,true,1,6369
7290002107385,false,צוריאל גליל גבינת עי,,,צוריאל גליל גבינת עי,גרמים,180.00,100 גרם,false,,23.90,13.2778,true,1,6370
7290002107491,false,צוריאל גבינת עזים למ,,,צוריאל גבינת עזים למ,גרמים,250.00,100 גרם,false,,14.90,5.9600,true,1,6371
7290002111337,false,רוטב עגבניות 22% פרי,,,רוטב עגבניות 22% פרי,גרמים,240.00,100 גרם,false,,5.50,2.2917,true,1,8692
7290002129455,false,פיצה איטלקית   450 ג,,,פיצה איטלקית   450 ג,גרמים,450.00,100 גרם,false,,21.90,4.8667,true,1,16824
7290002129479,false,פיצה איטלקית דקה שלש,,,פיצה איטלקית דקה שלש,גרמים,320.00,100 גרם,false,,18.90,5.9062,true,1,346672
7290002130581,false,דבש טהור מפרחי בר בצ,,,דבש טהור מפרחי בר בצ,קילוגרמים,1.00,"ק""ג",false,,46.90,46.9000,true,1,22218
7290002157953,false,טונה בשמן קנולה וילי,,,טונה בשמן קנולה וילי,גרמים,560.00,100 גרם,false,,21.90,3.9107,true,1,16828
7290002190516,false,ממרח ריבת חלב קומידה,,,ממרח ריבת חלב קומידה,גרמים,500.00,100 גרם,false,,15.50,3.1000,true,1,24923
7290002195054,false,המבורגר בלדי 400ג,,,המבורגר בלדי 400ג,גרמים,400.00,100 גרם,false,,13.90,3.4750,true,1,35287
7290002195085,false,קבב מזרחי 400 גר בלד,,,קבב מזרחי 400 גר בלד,גרמים,400.00,100 גרם,false,,13.90,3.4750,true,1,35289
7290002195092,false,קבב רומני 400 גר',,,קבב רומני 400 גר',גרמים,400.00,100 גרם,false,,13.90,3.4750,true,1,35290
7290002232995,false,דגש ציפוי פז 500 גרם,,,דגש ציפוי פז 500 גרם,גרמים,500.00,100 גרם,false,,27.90,5.5800,true,1,106416
7290002253006,false,דורות שום כתוש טרי 2,,,דורות שום כתוש טרי 2,גרמים,200.00,100 גרם,false,,17.90,8.9500,true,1,19726
7290002253105,false,דורות מגשית קוביות ש,,,דורות מגשית קוביות ש,גרמים,80.00,100 גרם,false,,14.90,18.6250,true,1,19729
7290002253150,false,בזיליקום טרי קצוץ 70,,,בזיליקום טרי קצוץ 70,גרמים,70.00,100 גרם,false,,11.50,16.4286,true,1,19730
7290002253181,false,כוסברה טריה קצוצה 70,,,כוסברה טריה קצוצה 70,גרמים,70.00,100 גרם,false,,11.10,15.8571,true,1,19733
7290002253198,false,דורות ג'ינג'ר טרי כת,,,דורות ג'ינג'ר טרי כת,גרמים,70.00,100 גרם,false,,12.30,17.5714,true,1,19734
7290002253310,false,דורות שום צילי חריף,,,דורות שום צילי חריף,גרמים,80.00,100 גרם,false,,14.90,18.6250,true,1,178501
7290002255048,false,קובה למרק במילוי בשר,,,קובה למרק במילוי בשר,גרמים,800.00,100 גרם,false,,22.90,2.8625,true,1,51490
7290002255086,false,קובה ביתי במילוי בשר,,,קובה ביתי במילוי בשר,גרמים,700.00,100 גרם,false,,22.90,3.2714,true,1,51492
7290002255185,false,סמבוסק במילוי חומוס,,,סמבוסק במילוי חומוס,גרמים,600.00,100 גרם,false,,22.90,3.8167,true,1,51496
7290002255215,false,עלים לסיגר 500ג,,,עלים לסיגר 500ג,גרמים,500.00,100 גרם,false,,10.90,2.1800,true,1,51497
7290002278528,false,כריות ניקוי כלים לשב,,,כריות ניקוי כלים לשב,יחידה,0.00,יחידה,false,,8.90,0.0000,true,1,13469
7290002291046,false,בלדי המבורגר מסעדות,,,בלדי המבורגר מסעדות,גרמים,480.00,100 גרם,false,,24.90,5.1875,true,1,35293
7290002317135,false,מלפפון במלח 13-17 מו,,,מלפפון במלח 13-17 מו,גרמים,560.00,100 גרם,false,,11.90,2.1250,true,1,24399
7290002317289,false,חצילים מוטולה 560 גר,,,חצילים מוטולה 560 גר,גרמים,560.00,100 גרם,false,,10.40,1.8571,true,1,24409
7290002317296,false,פלפל שיפקה + 20% מוט,,,פלפל שיפקה + 20% מוט,גרמים,550.00,100 גרם,false,,10.40,1.8909,true,1,24410
7290002317319,false,מלפפון בחומץ 7-9 20%,,,מלפפון בחומץ 7-9 20%,גרמים,670.00,100 גרם,false,,10.90,1.6269,true,1,24412
7290002317326,false,זיתים מנזלינו 20% 12,,,זיתים מנזלינו 20% 12,גרמים,670.00,100 גרם,false,,11.90,1.7761,true,1,24413
7290002317371,false,זיתים מושחרים נטולי,,,זיתים מושחרים נטולי,גרמים,560.00,100 גרם,false,,11.90,2.1250,true,1,24416
7290002317579,false,טבעות זיתים ירוקים מ,,,טבעות זיתים ירוקים מ,גרמים,560.00,100 גרם,false,,11.90,2.1250,true,1,24426
7290002317609,false,כרוב כבוש מוטולה 560,,,כרוב כבוש מוטולה 560,גרמים,560.00,100 גרם,false,,6.90,1.2321,true,1,24427
7290002317678,false,זיתים נטולי גלעין צנ,,,זיתים נטולי גלעין צנ,גרמים,560.00,100 גרם,false,,11.90,2.1250,true,1,24431
7290002317753,false,טבעות זיתים ירוקים ב,,,טבעות זיתים ירוקים ב,גרמים,560.00,100 גרם,false,,11.90,2.1250,true,1,24433
7290002319016,false,אבקת אפיה 10 יח' מיה,,,אבקת אפיה 10 יח' מיה,גרמים,100.00,100 גרם,false,,2.90,2.9000,true,1,14880
7290002319023,false,1/10 סוכר וניל,,,1/10 סוכר וניל,גרמים,100.00,100 גרם,false,,2.90,2.9000,true,1,14881
7290002319061,false,.קוקוס טחון 100 גר.,,,.קוקוס טחון 100 גר.,גרמים,100.00,100 גרם,false,,4.50,4.5000,true,1,14885
7290002319078,false,שומשום 100ג,,,שומשום 100ג,גרמים,100.00,100 גרם,false,,4.90,4.9000,true,1,14886
7290002319139,false,שעועית מיה 500 גרם,,,שעועית מיה 500 גרם,גרמים,500.00,100 גרם,false,,10.90,2.1800,true,1,14891
7290002319160,false,אפונה יבשה מיה 500 ג,,,אפונה יבשה מיה 500 ג,גרמים,500.00,100 גרם,false,,5.90,1.1800,true,1,14893
7290002319177,false,פופקורן מיה 500 גרם,,,פופקורן מיה 500 גרם,גרמים,500.00,100 גרם,false,,6.90,1.3800,true,1,14894
7290002319184,false,עדשים אדומים מיה 500,,,עדשים אדומים מיה 500,גרמים,500.00,100 גרם,false,,9.90,1.9800,true,1,14895
7290002319771,false,תמצית אפיה וניל,,,תמצית אפיה וניל,מיליליטרים,50.00,"100 מ""ל",false,,2.90,5.8000,true,1,14928
7290002319788,false,תמצית אפיה רום,,,תמצית אפיה רום,מיליליטרים,60.00,"100 מ""ל",false,,2.90,4.8333,true,1,14929
7290002319825,false,.אבקת סוכר 100 גר. ב,,,.אבקת סוכר 100 גר. ב,גרמים,100.00,100 גרם,false,,2.90,2.9000,true,1,14932
7290002327042,false,"בורקס תפו""א 800 ג",,,"בורקס תפו""א 800 ג",גרמים,800.00,100 גרם,false,,22.90,2.8625,true,1,16846
7290002327059,false,בצק עלים 1 ק`ג,,,בצק עלים 1 ק`ג,קילוגרמים,1.00,"ק""ג",false,,22.90,22.9000,true,1,16847
7290002327073,false,בורקס גבינה 800 גרם,,,בורקס גבינה 800 גרם,גרמים,800.00,100 גרם,false,,22.90,2.8625,true,1,16849
7290002331025,false,נביעות 1/2 ליטר ספור,,,נביעות 1/2 ליטר ספור,מיליליטרים,500.00,"100 מ""ל",false,,4.90,0.9800,true,1,6867
7290002331360,false,נביעות TO GO שישייה,,,נביעות TO GO שישייה,ליטרים,3.00,ליטר,false,,16.70,5.5667,true,1,6878
7290002331421,false,נביעות 6*755מל,,,נביעות 6*755מל,ליטרים,4.53,ליטר,false,,20.40,4.5033,true,1,6879
7290002345022,false,אנטריקוט  דקדק 250 ג,,,אנטריקוט  דקדק 250 ג,גרמים,250.00,100 גרם,false,,29.90,11.9600,true,1,16856
7290002353836,false,סרדינים רוברט בשמן ז,,,סרדינים רוברט בשמן ז,גרמים,120.00,100 גרם,false,,10.90,9.0833,true,1,16866
7290002360278,false,פומפדור חליטת מנטה 2,,,פומפדור חליטת מנטה 2,גרמים,45.00,100 גרם,false,,17.90,39.7778,true,1,21423
7290002360285,false,פומפדור חליטת קמומיל,,,פומפדור חליטת קמומיל,גרמים,30.00,100 גרם,false,,17.90,59.6667,true,1,21424
7290002371533,false,טירת צבי סלסולי פסטר,,,טירת צבי סלסולי פסטר,גרמים,120.00,100 גרם,false,,16.80,14.0000,true,1,25333
7290002371540,false,טירת צבי קורנדביף דק,,,טירת צבי קורנדביף דק,גרמים,120.00,100 גרם,false,,16.80,14.0000,true,1,25334
7290002374268,false,שמן חמניות מילומור 1,,,שמן חמניות מילומור 1,ליטרים,1.00,ליטר,false,,11.90,11.9000,true,1,29340
7290002374312,false,שמן קנולה מילומור 1,,,שמן קנולה מילומור 1,ליטרים,1.00,ליטר,false,,11.90,11.9000,true,1,29341
7290002404828,false,תירוש ארזה 1 ליטר,,,תירוש ארזה 1 ליטר,ליטרים,1.00,ליטר,false,,17.90,17.9000,true,1,11873
7290002507277,false,קציצות דג 700גר,,,קציצות דג 700גר,גרמים,700.00,100 גרם,false,,29.90,4.2714,true,1,16893
7290002512257,false,מלווח מופחת שומן 700,,,מלווח מופחת שומן 700,גרמים,700.00,100 גרם,false,,17.90,2.5571,true,1,51511
7290002517733,false,תבלין קצח טעם וריח 4,,,תבלין קצח טעם וריח 4,גרמים,40.00,100 גרם,false,,7.40,18.5000,true,1,42403
7290002542780,false,סטלה ארטואה בקבוק 6*,,,סטלה ארטואה בקבוק 6*,ליטרים,1.98,ליטר,false,,37.90,19.1414,true,1,161434
7290002543046,false,פרוסטיס דגני קלוגס 7,,,פרוסטיס דגני קלוגס 7,גרמים,750.00,100 גרם,false,,17.90,2.3867,true,1,5280
7290002543237,false,קורנפלקס קלוגס 750 ג,,,קורנפלקס קלוגס 750 ג,גרמים,750.00,100 גרם,false,,16.90,2.2533,true,1,5284
7290002551003,false,טונה סטארקיסט בשמן 1,,,טונה סטארקיסט בשמן 1,גרמים,160.00,100 גרם,false,,7.90,4.9375,true,1,26634
7290002551010,false,טונה סטארקיסט במים 1,,,טונה סטארקיסט במים 1,גרמים,160.00,100 גרם,false,,7.90,4.9375,true,1,26635
7290002552345,false,שלגונים גלי גל פרווה,,,שלגונים גלי גל פרווה,גרמים,600.00,100 גרם,false,,14.90,2.4833,true,1,20527
7290002608509,false,לחם מחמצת זיתי קלמנט,,,לחם מחמצת זיתי קלמנט,גרמים,530.00,100 גרם,false,,18.90,3.5660,true,1,54048
7290002608516,false,לחם מחמצת מקמח מלא,,,לחם מחמצת מקמח מלא,גרמים,530.00,100 גרם,false,,17.90,3.3774,true,1,54049
7290002628293,false,טחון עוף קפוא 500 גר,,,טחון עוף קפוא 500 גר,גרמים,500.00,100 גרם,false,,11.90,2.3800,true,1,35295
7290002651116,false,"גחנון חמסי 1 ק""ג",,,"גחנון חמסי 1 ק""ג",קילוגרמים,1.00,"ק""ג",false,,19.90,19.9000,true,1,16902
7290002651123,false,"מלווח חמסי 1 ק""ג",,,"מלווח חמסי 1 ק""ג",קילוגרמים,1.00,"ק""ג",false,,19.90,19.9000,true,1,16903
7290002651253,false,ג'חנון אפוי חמסי  60,,,ג'חנון אפוי חמסי  60,גרמים,600.00,100 גרם,false,,19.90,3.3167,true,1,16904
7290002657408,false,טונה בשמן פוסידון 96,,,טונה בשמן פוסידון 96,גרמים,700.00,100 גרם,false,,32.90,4.7000,true,1,16909
7290002692393,false,שמן קנולה מועשר עץ ה,,,שמן קנולה מועשר עץ ה,ליטרים,1.00,ליטר,false,,16.90,16.9000,true,1,29345
7290002692478,false,שמן זית כתית מעולה מ,,,שמן זית כתית מעולה מ,מיליליטרים,750.00,"100 מ""ל",false,,35.90,4.7867,true,1,29347
7290002692768,false,תרסיס שמן קנולה עץ ה,,,תרסיס שמן קנולה עץ ה,מיליליטרים,200.00,"100 מ""ל",false,,19.90,9.9500,true,1,29350
7290002692775,false,תרסיס שמן קנולה בטעם,,,תרסיס שמן קנולה בטעם,מיליליטרים,200.00,"100 מ""ל",false,,19.90,9.9500,true,1,29351
7290002703068,false,צנצנת דבש עין חרוד 1,,,צנצנת דבש עין חרוד 1,קילוגרמים,1.00,"ק""ג",false,,45.90,45.9000,true,1,47372
7290002703310,false,צנצנת דבש עין חרוד 5,,,צנצנת דבש עין חרוד 5,גרמים,500.00,100 גרם,false,,23.90,4.7800,true,1,47377
7290002703402,false,דבש עין חרוד 400 גרם,,,דבש עין חרוד 400 גרם,גרמים,400.00,100 גרם,false,,19.90,4.9750,true,1,47379
7290002703426,false,דבש לחיץ מכוורת 250,,,דבש לחיץ מכוורת 250,גרמים,250.00,100 גרם,false,,13.90,5.5600,true,1,47380
7290002703655,false,סילאן 100% טבעי עין,,,סילאן 100% טבעי עין,גרמים,385.00,100 גרם,false,,13.90,3.6104,true,1,47382
7290002730262,false,פלמוליב לכלים קלאסי,,,פלמוליב לכלים קלאסי,מיליליטרים,750.00,"100 מ""ל",false,,12.90,1.7200,true,1,21428
7290002730941,false,צמר גפן פרוס בלונס 1,,,צמר גפן פרוס בלונס 1,גרמים,100.00,100 גרם,false,,6.90,6.9000,true,1,21439
7290002735007,false,"בצק עלים 1 ק""ג",,,"בצק עלים 1 ק""ג",קילוגרמים,1.00,"ק""ג",false,,14.90,14.9000,true,1,20412
7290002735014,false,ינון מלווח ארוז 800,,,ינון מלווח ארוז 800,גרמים,800.00,100 גרם,false,,14.90,1.8625,true,1,20413
7290002735021,false,ינון גחנון ארוז 750,,,ינון גחנון ארוז 750,גרמים,750.00,100 גרם,false,,14.90,1.9867,true,1,20414
7290002735113,false,בורקס גבינה ינון 800,,,בורקס גבינה ינון 800,גרמים,800.00,100 גרם,false,,16.90,2.1125,true,1,20415
7290002735120,false,"בורקס תפו""א ינון 800",,,"בורקס תפו""א ינון 800",גרמים,800.00,100 גרם,false,,14.90,1.8625,true,1,20416
7290002735274,false,ינון גחנון אפוי 600,,,ינון גחנון אפוי 600,גרמים,600.00,100 גרם,false,,16.90,2.8167,true,1,20419
7290002752332,false,מנטוס .סוכריות פירות,,,מנטוס .סוכריות פירות,גרמים,37.50,100 גרם,false,,3.90,10.4000,true,1,12740
7290002752493,false,טיק טק 1/4,,,טיק טק 1/4,גרמים,64.00,100 גרם,false,,10.90,17.0313,true,1,41454
7290002757139,false,שלושת האופים מלוואח,,,שלושת האופים מלוואח,גרמים,700.00,100 גרם,false,,14.90,2.1286,true,1,16922
7290002757511,false,דלידג קציצות דג לביש,,,דלידג קציצות דג לביש,גרמים,750.00,100 גרם,false,,35.90,4.7867,true,1,16925
7290002757535,false,בורקס פילו אצבעות גב,,,בורקס פילו אצבעות גב,גרמים,700.00,100 גרם,false,,21.90,3.1286,true,1,16927
7290002793311,false,מילוי למכשיר 50,,,מילוי למכשיר 50,יחידה,0.00,יחידה,false,,60.00,0.0000,true,1,17522
7290002805151,false,סיף פנטסטיק לרצפות ב,,,סיף פנטסטיק לרצפות ב,ליטרים,4.00,ליטר,false,,24.90,6.2250,true,1,10317
7290002824183,false,גבינה לבנה 5% סקי 50,,,גבינה לבנה 5% סקי 50,גרמים,500.00,100 גרם,false,,9.50,1.9000,true,1,23257
7290002824466,false,דנונה יוגורט ביו 0%,,,דנונה יוגורט ביו 0%,מיליליטרים,200.00,"100 מ""ל",false,,3.70,1.8500,true,1,23258
7290002824640,false,גבינה 5% סקי 250 גרם,,,גבינה 5% סקי 250 גרם,גרמים,250.00,100 גרם,false,,4.98,1.9920,true,1,23259
7290002825722,false,אחלה כרוב אדום 500ג,,,אחלה כרוב אדום 500ג,גרמים,500.00,100 גרם,false,,15.90,3.1800,true,1,23261
7290002830948,false,מון בלאן גבינת עיזים,,,מון בלאן גבינת עיזים,גרמים,120.00,100 גרם,false,,12.90,10.7500,true,1,16963
7290002868996,false,טרה קוטג מועשר 5% 25,,,טרה קוטג מועשר 5% 25,גרמים,250.00,100 גרם,false,,5.50,2.2000,true,1,6377
7290002871248,false,בירה טובורג רד בקבוק,,,בירה טובורג רד בקבוק,מיליליטרים,500.00,"100 מ""ל",false,,8.90,1.7800,true,1,6901
7290002871361,false,קרלסברג בירה בק.חוזר,,,קרלסברג בירה בק.חוזר,מיליליטרים,500.00,"100 מ""ל",false,,8.90,1.7800,true,1,6902
7290002881032,false,סן מורנו מעדן אוכמני,,,סן מורנו מעדן אוכמני,גרמים,284.00,100 גרם,false,,12.90,4.5423,true,1,24926
7290002881230,false,אננס חתוך תומר 850 ג,,,אננס חתוך תומר 850 ג,גרמים,850.00,100 גרם,false,,9.90,1.1647,true,1,24939
7290002881247,false,אננס שלם פרוסות תומר,,,אננס שלם פרוסות תומר,גרמים,850.00,100 גרם,false,,9.90,1.1647,true,1,24940
7290002881254,false,קוקטייל טרופי תומר 8,,,קוקטייל טרופי תומר 8,גרמים,850.00,100 גרם,false,,10.90,1.2824,true,1,24941
7290002881261,false,ליצי שלם תומר 565 גר,,,ליצי שלם תומר 565 גר,גרמים,565.00,100 גרם,false,,11.80,2.0885,true,1,24942
7290002881278,false,אפרסק חצאים תומר 820,,,אפרסק חצאים תומר 820,גרמים,820.00,100 גרם,false,,10.90,1.3293,true,1,24943
7290002881513,false,חמאת בוטנים עם שברי,,,חמאת בוטנים עם שברי,גרמים,510.00,100 גרם,false,,10.90,2.1373,true,1,24954
7290002881612,false,לפתן דובדבנים חמוצים,,,לפתן דובדבנים חמוצים,גרמים,700.00,100 גרם,false,,9.90,1.4143,true,1,24959
7290002909880,false,פולי סויה אדממה בלדי,,,פולי סויה אדממה בלדי,גרמים,400.00,100 גרם,false,,11.90,2.9750,true,1,35299
7290002909989,false,שעועית ירוקה חתוכה ב,,,שעועית ירוקה חתוכה ב,גרמים,800.00,100 גרם,false,,11.90,1.4875,true,1,348031
7290002909996,false,שעועית צהובה שלמה בל,,,שעועית צהובה שלמה בל,גרמים,800.00,100 גרם,false,,11.90,1.4875,true,1,348061
7290002929642,false,טונה בשמן ויליגר רבי,,,טונה בשמן ויליגר רבי,גרמים,560.00,100 גרם,false,,21.90,3.9107,true,1,16974
7290002971986,false,קמח שיפון ללא צורך ב,,,קמח שיפון ללא צורך ב,קילוגרמים,1.00,"ק""ג",false,,9.90,9.9000,true,1,9221
7290002973676,false,קמח לחלה ללא צורך בנ,,,קמח לחלה ללא צורך בנ,קילוגרמים,1.00,"ק""ג",false,,9.90,9.9000,true,1,98413
7290002973812,false,קמח כוסמין 80% ללא צ,,,קמח כוסמין 80% ללא צ,קילוגרמים,1.00,"ק""ג",false,,16.90,16.9000,true,1,102011
7290002986652,false,גטניו - פתיבר שוקו 4,,,גטניו - פתיבר שוקו 4,גרמים,470.00,100 גרם,false,,9.90,2.1064,true,1,41251
7290002986843,false,כעכי יין 300 גרם בשק,,,כעכי יין 300 גרם בשק,גרמים,300.00,100 גרם,false,,10.90,3.6333,true,1,265179
7290002987963,false,אחלה חומוס 1קג,,,אחלה חומוס 1קג,קילוגרמים,1.00,"ק""ג",false,,14.90,14.9000,true,1,23262
7290003015641,false,ריצפז פרש יסמין 2 לי,,,ריצפז פרש יסמין 2 לי,ליטרים,2.00,ליטר,false,,19.90,9.9500,true,1,29852
7290003026197,false,קמיל בלו שמן טיפולי,,,קמיל בלו שמן טיפולי,מיליליטרים,500.00,"100 מ""ל",false,,32.90,6.5800,true,1,29063
7290003029181,false,יטבתה שוקו בקבוק 1ל,,,יטבתה שוקו בקבוק 1ל,ליטרים,1.00,ליטר,false,,12.90,12.9000,true,1,23266
7290003029389,false,יטבתה משקה חלב בננה+,,,יטבתה משקה חלב בננה+,מיליליטרים,250.00,"100 מ""ל",false,,5.90,2.3600,true,1,23270
7290003029433,false,יטבתה שוקו +פקק 250,,,יטבתה שוקו +פקק 250,מיליליטרים,250.00,"100 מ""ל",false,,5.90,2.3600,true,1,23271
7290003029532,false,יטבתה מוקה 1ל,,,יטבתה מוקה 1ל,ליטרים,1.00,ליטר,false,,12.90,12.9000,true,1,23273
7290003029792,false,יטבתה מהדרין שוקו שק,,,יטבתה מהדרין שוקו שק,ליטרים,1.80,ליטר,false,,20.90,11.6111,true,1,23275
7290003029815,false,חלב מועשר בכד2 ליטר,,,חלב מועשר בכד2 ליטר,ליטרים,2.00,ליטר,false,,15.90,7.9500,true,1,23276
7290003029907,false,יטבתה אייס קפה 1ל,,,יטבתה אייס קפה 1ל,ליטרים,1.00,ליטר,false,,12.90,12.9000,true,1,23278
7290003047642,false,תה ליפטון יילו לייבל,,,תה ליפטון יילו לייבל,גרמים,150.00,100 גרם,false,,14.90,9.9333,true,1,10319
7290003054657,false,חרדל דיג'ון אקסטרא פ,,,חרדל דיג'ון אקסטרא פ,גרמים,370.00,100 גרם,false,,12.50,3.3784,true,1,5293
7290003072859,false,רוסטביף טירת צבי 120,,,רוסטביף טירת צבי 120,גרמים,120.00,100 גרם,false,,23.90,19.9167,true,1,56451
7290003072972,false,קבנוס בתיבול שום 120,,,קבנוס בתיבול שום 120,גרמים,120.00,100 גרם,false,,9.90,8.2500,true,1,128668
7290003107216,false,"קמח לבן דגן 1 ק""ג",,,"קמח לבן דגן 1 ק""ג",קילוגרמים,1.00,"ק""ג",false,,6.90,6.9000,true,1,9230
7290003107223,false,"סולת חיטה דגן 1 ק""ג",,,"סולת חיטה דגן 1 ק""ג",קילוגרמים,1.00,"ק""ג",false,,6.90,6.9000,true,1,9231
7290003107315,false,"סולת  דגן 1 ק""ג",,,"סולת  דגן 1 ק""ג",קילוגרמים,1.00,"ק""ג",false,,4.50,4.5000,true,1,9234
7290003107346,false,קמח חיטה לבן דגן 1 ק,,,קמח חיטה לבן דגן 1 ק,קילוגרמים,1.00,"ק""ג",false,,4.50,4.5000,true,1,9236
7290003126958,false,צוריאל גבינה גוש טופ,,,צוריאל גבינה גוש טופ,גרמים,300.00,100 גרם,false,,12.90,4.3000,true,1,6384
7290003143146,false,ממרח תמרים 450 גרם,,,ממרח תמרים 450 גרם,גרמים,450.00,100 גרם,false,,6.90,1.5333,true,1,12762
7290003143276,false,יוגטה מרשמלו מגולגל,,,יוגטה מרשמלו מגולגל,גרמים,180.00,100 גרם,false,,8.90,4.9444,true,1,41972
7290003145782,false,צנובר טבעי 100 גרם,,,צנובר טבעי 100 גרם,גרמים,100.00,100 גרם,false,,27.90,27.9000,true,1,12784
7290003163939,false,"נקניקיות גריל 1.5 ק""",,,"נקניקיות גריל 1.5 ק""",קילוגרמים,1.50,"ק""ג",false,,24.90,16.6000,true,1,16988
7290003217052,false,5 פיתות כפריות קלות,,,5 פיתות כפריות קלות,גרמים,500.00,100 גרם,false,,10.90,2.1800,true,1,4500
7290003220595,false,אורז לסושי 1 ק'ג WOK,,,אורז לסושי 1 ק'ג WOK,קילוגרמים,1.00,"ק""ג",false,,14.40,14.4000,true,1,231381
7290003220779,false,מקלוני אורז עובי 3 מ,,,מקלוני אורז עובי 3 מ,גרמים,400.00,100 גרם,false,,12.90,3.2250,true,1,41270
7290003229109,false,א.מ .פסטרמה בפפריקה,,,א.מ .פסטרמה בפפריקה,גרמים,400.00,100 גרם,false,,29.90,7.4750,true,1,25366
7290003229116,false,א.מ פסטרמה בדבש 400,,,א.מ פסטרמה בדבש 400,גרמים,400.00,100 גרם,false,,29.90,7.4750,true,1,25367
7290003229123,false,א.מ. פסטרמה על גחלים,,,א.מ. פסטרמה על גחלים,גרמים,400.00,100 גרם,false,,29.90,7.4750,true,1,25368
7290003229154,false,א.מ. סלמי קוניאק מוב,,,א.מ. סלמי קוניאק מוב,גרמים,300.00,100 גרם,false,,29.90,9.9667,true,1,25370
7290003229192,false,א.מ. כתף בקר מעושן 4,,,א.מ. כתף בקר מעושן 4,גרמים,400.00,100 גרם,false,,35.90,8.9750,true,1,25372
7290003229208,false,פסטרמה ספרדית 2% 360,,,פסטרמה ספרדית 2% 360,גרמים,360.00,100 גרם,false,,29.90,8.3056,true,1,25373
7290003251308,false,"אציטון משובח  100 מ""",,,"אציטון משובח  100 מ""",מיליליטרים,100.00,"100 מ""ל",false,,4.90,4.9000,true,1,21168
7290003268252,false,לחם חיטה מלא ללא גרע,,,לחם חיטה מלא ללא גרע,גרמים,750.00,100 גרם,false,,14.90,1.9867,true,1,4502
7290003268429,false,לחם מקמח מלא דגנית 7,,,לחם מקמח מלא דגנית 7,גרמים,750.00,100 גרם,false,,15.90,2.1200,true,1,4503
7290003287260,false,צוריסוס קצביה ארוז 6,,,צוריסוס קצביה ארוז 6,גרמים,600.00,100 גרם,false,,29.90,4.9833,true,1,35303
7290003287307,false,קבב רומני קצביה ארוז,,,קבב רומני קצביה ארוז,גרמים,600.00,100 גרם,false,,33.90,5.6500,true,1,35305
7290003321155,false,דנונה קראנצ' ששבי פק,,,דנונה קראנצ' ששבי פק,מיליליטרים,183.00,"100 מ""ל",false,,4.90,2.6776,true,1,23279
7290003321292,false,גבינה 9% סקי 250 גרם,,,גבינה 9% סקי 250 גרם,גרמים,250.00,100 גרם,false,,4.80,1.9200,true,1,23280
7290003332007,false,קפה נחלה סובחי 250ג,,,קפה נחלה סובחי 250ג,גרמים,250.00,100 גרם,false,,14.90,5.9600,true,1,33755
7290003332014,false,קפה נחלה סובחי 500 ג,,,קפה נחלה סובחי 500 ג,גרמים,500.00,100 גרם,false,,28.90,5.7800,true,1,33756
7290003332045,false,קפה נחלה סובחי 250 ג,,,קפה נחלה סובחי 250 ג,גרמים,250.00,100 גרם,false,,14.90,5.9600,true,1,33758
7290003387205,false,דאו' סטיק ירוק לגבר,,,דאו' סטיק ירוק לגבר,גרמים,63.00,100 גרם,false,,21.90,34.7619,true,1,21441
7290003387410,false,מגבונים להסרת איפור,,,מגבונים להסרת איפור,יחידה,0.00,יחידה,false,,24.60,0.0000,true,1,21443
7290003401369,false,קרם לחות ועיצוב לשיע,,,קרם לחות ועיצוב לשיע,מיליליטרים,400.00,"100 מ""ל",false,,21.90,5.4750,true,1,29856
7290003411566,false,צמרוני אוזניים עץ 20,,,צמרוני אוזניים עץ 20,יחידה,0.00,יחידה,false,,3.90,0.0000,true,1,7843
7290003411993,false,גפרורים 10 יחידות,,,גפרורים 10 יחידות,יחידה,0.00,יחידה,false,,2.90,0.0000,true,1,7858
7290003414406,false,הרשי ריזס נטיפי אפיי,,,הרשי ריזס נטיפי אפיי,גרמים,283.00,100 גרם,false,,16.90,5.9717,true,1,12786
7290003514007,false,שקדי מרק מנה 400 גרם,,,שקדי מרק מנה 400 גרם,גרמים,400.00,100 גרם,false,,8.90,2.2250,true,1,21445
7290003525904,false,סלט טונה פיקנטי וילי,,,סלט טונה פיקנטי וילי,גרמים,480.00,100 גרם,false,,17.90,3.7292,true,1,17003
7290003527380,false,דובדבן ללא חרצן וילי,,,דובדבן ללא חרצן וילי,גרמים,680.00,100 גרם,false,,9.90,1.4559,true,1,17013
7290003550753,false,טונה בהירה בשמן פוסי,,,טונה בהירה בשמן פוסי,גרמים,308.00,100 גרם,false,,21.90,7.1104,true,1,17017
7290003570164,false,מינוט שוארמה פרגית 3,,,מינוט שוארמה פרגית 3,גרמים,300.00,100 גרם,false,,30.90,10.3000,true,1,35314
7290003570171,false,מינוט שניצל 300 גר',,,מינוט שניצל 300 גר',גרמים,300.00,100 גרם,false,,24.90,8.3000,true,1,35315
7290003578108,false,אננס חתוך ויליפוד 85,,,אננס חתוך ויליפוד 85,גרמים,490.00,100 גרם,false,,9.90,2.0204,true,1,2865
7290003578313,false,דובדבנים חמוצים ללא,,,דובדבנים חמוצים ללא,גרמים,350.00,100 גרם,false,,10.90,3.1143,true,1,2871
7290003578672,false,שמן חמניות 1 ליטר,,,שמן חמניות 1 ליטר,ליטרים,1.00,ליטר,false,,12.90,12.9000,true,1,2874
7290003598267,false,פולי סויה מקולפים אד,,,פולי סויה מקולפים אד,גרמים,400.00,100 גרם,false,,11.90,2.9750,true,1,231440
7290003643004,false,"סוגת אורז בסמטי 1 ק""",,,"סוגת אורז בסמטי 1 ק""",קילוגרמים,1.00,"ק""ג",false,,14.90,14.9000,true,1,17317
7290003643158,false,קונפלור 200 גרם,,,קונפלור 200 גרם,גרמים,200.00,100 גרם,false,,3.90,1.9500,true,1,17321
7290003643165,false,קונפלור 500 גרם,,,קונפלור 500 גרם,גרמים,500.00,100 גרם,false,,4.90,0.9800,true,1,17322
7290003643172,false,סוגת אבקת סוכר 100 ג,,,סוגת אבקת סוכר 100 ג,גרמים,100.00,100 גרם,false,,2.90,2.9000,true,1,17323
7290003643325,false,קוסקוס בינוני סוגת 3,,,קוסקוס בינוני סוגת 3,גרמים,350.00,100 גרם,false,,5.90,1.6857,true,1,17325
7290003643387,false,סוכר לבן בצנצנת סוגת,,,סוכר לבן בצנצנת סוגת,קילוגרמים,1.00,"ק""ג",false,,8.90,8.9000,true,1,17328
7290003643646,false,סוכר דמררה בצנצנת חו,,,סוכר דמררה בצנצנת חו,קילוגרמים,1.00,"ק""ג",false,,13.90,13.9000,true,1,17329
7290003643684,false,אפונה יבשה 500 גרם,,,אפונה יבשה 500 גרם,גרמים,500.00,100 גרם,false,,6.90,1.3800,true,1,17330
7290003643707,false,סוגת גריסים 500גר,,,סוגת גריסים 500גר,גרמים,500.00,100 גרם,false,,5.90,1.1800,true,1,17331
7290003643714,false,חומוס 500 גרם,,,חומוס 500 גרם,גרמים,500.00,100 גרם,false,,8.90,1.7800,true,1,17332
7290003643738,false,סוגת חיטה 500 גר,,,סוגת חיטה 500 גר,גרמים,500.00,100 גרם,false,,5.90,1.1800,true,1,17333
7290003643745,false,כוסמת 500 גרם,,,כוסמת 500 גרם,גרמים,500.00,100 גרם,false,,7.90,1.5800,true,1,17334
7290003643752,false,עדשים ירוקות 500 גרם,,,עדשים ירוקות 500 גרם,גרמים,500.00,100 גרם,false,,8.90,1.7800,true,1,17335
7290003643769,false,עדשים אדומות 500 גרם,,,עדשים אדומות 500 גרם,גרמים,500.00,100 גרם,false,,8.90,1.7800,true,1,17336
7290003643776,false,סוגת פופקורן 500 גרם,,,סוגת פופקורן 500 גרם,גרמים,500.00,100 גרם,false,,5.90,1.1800,true,1,17337
7290003643783,false,קוקוס 100 גר,,,קוקוס 100 גר,גרמים,100.00,100 גרם,false,,3.90,3.9000,true,1,17338
7290003643806,false,שעועית לבנה 500 גרם,,,שעועית לבנה 500 גרם,גרמים,500.00,100 גרם,false,,11.90,2.3800,true,1,17339
7290003643813,false,שעועית אדומה 500 גרם,,,שעועית אדומה 500 גרם,גרמים,500.00,100 גרם,false,,11.90,2.3800,true,1,17340
7290003681334,false,קוקוס 400 גר. בדצ,,,קוקוס 400 גר. בדצ,גרמים,400.00,100 גרם,false,,13.90,3.4750,true,1,14957
7290003681365,false,70 סוכריות קישוט לעו,,,70 סוכריות קישוט לעו,גרמים,70.00,100 גרם,false,,5.90,8.4286,true,1,14959
7290003681693,false,חומוס לבן ענק מיה 50,,,חומוס לבן ענק מיה 50,גרמים,500.00,100 גרם,false,,11.90,2.3800,true,1,14973
7290003706167,false,בצל ירוק ארוז,,,בצל ירוק ארוז,יח',1.00,יח',false,,5.90,5.9000,true,1,35544
7290003718610,false,במיה מוקפאת בלדי 400,,,במיה מוקפאת בלדי 400,גרמים,400.00,100 גרם,false,,11.90,2.9750,true,1,347958
7290003718627,false,פול ירוק בלדי 400 גר,,,פול ירוק בלדי 400 גר,גרמים,400.00,100 גרם,false,,11.90,2.9750,true,1,351972
7290003726141,false,טופו משק גאיה  300ג,,,טופו משק גאיה  300ג,גרמים,300.00,100 גרם,false,,12.50,4.1667,true,1,14627
7290003726615,false,טופו ויילר 300 גרם.,,,טופו ויילר 300 גרם.,גרמים,300.00,100 גרם,false,,12.90,4.3000,true,1,23282
7290003781652,false,צלפים במלח ויליפוד 3,,,צלפים במלח ויליפוד 3,גרמים,350.00,100 גרם,false,,10.50,3.0000,true,1,2878
7290003804382,false,תיבולית פטריות קנור,,,תיבולית פטריות קנור,גרמים,72.00,100 גרם,false,,10.90,15.1389,true,1,10339
7290003805587,false,פתית חיטה מלאה בד'ץ,,,פתית חיטה מלאה בד'ץ,גרמים,250.00,100 גרם,false,,17.90,7.1600,true,1,10357
7290003807482,false,"רוטב טריאקי 300 מ""ל",,,"רוטב טריאקי 300 מ""ל",מיליליטרים,300.00,"100 מ""ל",false,,13.90,4.6333,true,1,10377
7290003882922,false,עלי גפן ממולאים באור,,,עלי גפן ממולאים באור,גרמים,360.00,100 גרם,false,,9.90,2.7500,true,1,2885
7290003903771,false,עלית קפוצינו פחית 20,,,עלית קפוצינו פחית 20,גרמים,200.00,100 גרם,false,,25.90,12.9500,true,1,22223
7290003976294,false,די תיקן פורטה טאצ' 6,,,די תיקן פורטה טאצ' 6,מיליליטרים,630.00,"100 מ""ל",false,,13.90,2.2063,true,1,69122
7290003976614,false,ג'ל אקונומיקה סמיכה,,,ג'ל אקונומיקה סמיכה,ליטרים,4.00,ליטר,false,,13.90,3.4750,true,1,90607
7290003989096,false,אחלה חציל פיקנטי 500,,,אחלה חציל פיקנטי 500,גרמים,500.00,100 גרם,false,,16.90,3.3800,true,1,23285
7290003989539,false,EAT GOOD רביולי גבינ,,,EAT GOOD רביולי גבינ,גרמים,400.00,100 גרם,false,,21.90,5.4750,true,1,23286
7290003989553,false,שטראוס טורטליני פטרי,,,שטראוס טורטליני פטרי,גרמים,400.00,100 גרם,false,,21.90,5.4750,true,1,23287
7290004011284,false,ריצ בסיס להכנת קצפת,,,ריצ בסיס להכנת קצפת,מיליליטרים,212.00,"100 מ""ל",false,,8.90,4.1981,true,1,17021
7290004011338,false,ריצ קצפת במיכל 250מל,,,ריצ קצפת במיכל 250מל,מיליליטרים,250.00,"100 מ""ל",false,,9.90,3.9600,true,1,17023
7290004011345,false,קצפת ריץ במיכל פרווה,,,קצפת ריץ במיכל פרווה,מיליליטרים,238.00,"100 מ""ל",false,,9.90,4.1597,true,1,17024
7290004011826,false,אל גאוצ'ו מיני המבור,,,אל גאוצ'ו מיני המבור,גרמים,320.00,100 גרם,false,,26.90,8.4062,true,1,17033
7290004030834,false,מיץ סחוט רימונים 100,,,מיץ סחוט רימונים 100,ליטרים,1.00,ליטר,false,,23.80,23.8000,true,1,49428
7290004063016,false,"מלח שולחן סלית 1 ק""ג",,,"מלח שולחן סלית 1 ק""ג",קילוגרמים,1.00,"ק""ג",false,,1.90,1.9000,true,1,15454
7290004063115,false,מלח מטבח גס לבישול כ,,,מלח מטבח גס לבישול כ,קילוגרמים,1.00,"ק""ג",false,,1.90,1.9000,true,1,15455
7290004064099,false,מטחנה מלח מהרי ההימל,,,מטחנה מלח מהרי ההימל,גרמים,250.00,100 גרם,false,,17.90,7.1600,true,1,15456
7290004064174,false,מלח ההימלאיה דק בצנצ,,,מלח ההימלאיה דק בצנצ,קילוגרמים,1.00,"ק""ג",false,,19.90,19.9000,true,1,15457
7290004064303,false,מלח אטלנטי בצנצנת הא,,,מלח אטלנטי בצנצנת הא,גרמים,800.00,100 גרם,false,,19.90,2.4875,true,1,15460
7290004064358,false,מלח דק זורם בקלות בק,,,מלח דק זורם בקלות בק,קילוגרמים,1.00,"ק""ג",false,,5.20,5.2000,true,1,15461
7290004064365,false,מלח דק מועשר ביוד קר,,,מלח דק מועשר ביוד קר,קילוגרמים,1.00,"ק""ג",false,,6.30,6.3000,true,1,15462
7290004064389,false,מלח הימלאיה דק מלחיי,,,מלח הימלאיה דק מלחיי,גרמים,250.00,100 גרם,false,,11.90,4.7600,true,1,125311
7290004068011,false,גד יוגורט כבשים 5% 6,,,גד יוגורט כבשים 5% 6,מיליליטרים,600.00,"100 מ""ל",false,,18.90,3.1500,true,1,14628
7290004068172,false,גד יוגורט עיזים 5% 6,,,גד יוגורט עיזים 5% 6,מיליליטרים,600.00,"100 מ""ל",false,,18.90,3.1500,true,1,14631
7290004078942,false,דיאודורנט ג'ל מרענן,,,דיאודורנט ג'ל מרענן,גרמים,65.00,100 גרם,false,,18.90,29.0769,true,1,21469
7290004102326,false,תרד לא שטוף,,,תרד לא שטוף,גרמים,180.00,100 גרם,false,,11.90,6.6111,true,1,35546
7290004119225,false,יופלה אננס 3% 150מל,,,יופלה אננס 3% 150מל,גרמים,150.00,100 גרם,false,,5.50,3.6667,true,1,25854
7290004119928,false,קרלו וניל 3% 125מל,,,קרלו וניל 3% 125מל,מיליליטרים,125.00,"100 מ""ל",false,,3.50,2.8000,true,1,25856
7290004120061,false,קרלו שוניל 3% 125מל,,,קרלו שוניל 3% 125מל,מיליליטרים,125.00,"100 מ""ל",false,,3.50,2.8000,true,1,25858
7290004120108,false,יופלה דיאט דובדבן 0%,,,יופלה דיאט דובדבן 0%,מיליליטרים,150.00,"100 מ""ל",false,,5.50,3.6667,true,1,25859
7290004120566,false,פיראוס בולגרית 24% 2,,,פיראוס בולגרית 24% 2,גרמים,250.00,100 גרם,false,,22.90,9.1600,true,1,25866
7290004120573,false,פיראוס בולגרית בקר 1,,,פיראוס בולגרית בקר 1,גרמים,250.00,100 גרם,false,,22.90,9.1600,true,1,25867
7290004120634,false,פיראוס בולגרית 5% 25,,,פיראוס בולגרית 5% 25,גרמים,250.00,100 גרם,false,,22.90,9.1600,true,1,25868
7290004121488,false,יופלה דיאט אפרסק 0%,,,יופלה דיאט אפרסק 0%,מיליליטרים,150.00,"100 מ""ל",false,,5.50,3.6667,true,1,25871
7290004121525,false,יופלה אפרסק תות 3% 8,,,יופלה אפרסק תות 3% 8,קילוגרמים,1.20,"ק""ג",false,,30.90,25.7500,true,1,25872
7290004121853,false,פיראוס בולגרית בקובי,,,פיראוס בולגרית בקובי,גרמים,200.00,100 גרם,false,,21.90,10.9500,true,1,25875
7290004122119,false,שף לבן פתיתי פרמזן ל,,,שף לבן פתיתי פרמזן ל,גרמים,100.00,100 גרם,false,,12.90,12.9000,true,1,25877
7290004122195,false,גוש חלב פרוס 28% 200,,,גוש חלב פרוס 28% 200,גרמים,200.00,100 גרם,false,,13.90,6.9500,true,1,25878
7290004122270,false,עמק פרוס סגירה חוזרת,,,עמק פרוס סגירה חוזרת,גרמים,200.00,100 גרם,false,,16.40,8.2000,true,1,25879
7290004122348,false,עמק לייט 9% 200ג,,,עמק לייט 9% 200ג,גרמים,200.00,100 גרם,false,,16.90,8.4500,true,1,25880
7290004122676,false,פיראוס חמד לייט 5% 2,,,פיראוס חמד לייט 5% 2,גרמים,250.00,100 גרם,false,,19.90,7.9600,true,1,25882
7290004122683,false,עמק אצבעות 172ג,,,עמק אצבעות 172ג,גרמים,172.00,100 גרם,false,,16.90,9.8256,true,1,25883
7290004124205,false,יופלה דיאט תות 0% 15,,,יופלה דיאט תות 0% 15,מיליליטרים,150.00,"100 מ""ל",false,,5.50,3.6667,true,1,25891
7290004124847,false,שף לבן קצפת צמחית 24,,,שף לבן קצפת צמחית 24,מיליליטרים,500.00,"100 מ""ל",false,,17.50,3.5000,true,1,25893
7290004125370,false,תנובה שמנת מופחתת 9%,,,תנובה שמנת מופחתת 9%,מיליליטרים,200.00,"100 מ""ל",false,,3.90,1.9500,true,1,25895
7290004125400,false,"אשל 4.5% בד""צ מהדרין",,,"אשל 4.5% בד""צ מהדרין",מיליליטרים,200.00,"100 מ""ל",false,,1.69,0.8450,true,1,25896
7290004125417,false,"גיל 3% בד""צ מהדרין",,,"גיל 3% בד""צ מהדרין",מיליליטרים,200.00,"100 מ""ל",false,,1.51,0.7550,true,1,25897
7290004125455,false,תנובה שמנת אורגינל מ,,,תנובה שמנת אורגינל מ,מיליליטרים,200.00,"100 מ""ל",false,,2.40,1.2000,true,1,25898
7290004125462,false,תנובה שמנת חמוצה 15%,,,תנובה שמנת חמוצה 15%,מיליליטרים,500.00,"100 מ""ל",false,,6.00,1.2000,true,1,25899
7290004125509,false,תנובה שמנת חצי מנה 1,,,תנובה שמנת חצי מנה 1,מיליליטרים,100.00,"100 מ""ל",false,,1.80,1.8000,true,1,25900
7290004125578,false,משקה סויה תנובה מועש,,,משקה סויה תנובה מועש,ליטרים,1.00,ליטר,false,,11.90,11.9000,true,1,25901
7290004125585,false,סויה תנובה משקה סויה,,,סויה תנובה משקה סויה,ליטרים,1.00,ליטר,false,,11.90,11.9000,true,1,25902
7290004125721,false,שף לבן שמנת לבישול 1,,,שף לבן שמנת לבישול 1,מיליליטרים,250.00,"100 מ""ל",false,,8.90,3.5600,true,1,25904
7290004125738,false,שף לבן שמנת להקצפה 3,,,שף לבן שמנת להקצפה 3,מיליליטרים,250.00,"100 מ""ל",false,,6.90,2.7600,true,1,25905
7290004125776,false,עמק גבינה קשה פרוסה,,,עמק גבינה קשה פרוסה,גרמים,400.00,100 גרם,false,,29.90,7.4750,true,1,25906
7290004126674,false,עמק טל לייט 9% 200ג,,,עמק טל לייט 9% 200ג,גרמים,200.00,100 גרם,false,,18.90,9.4500,true,1,25909
7290004126759,false,יופלה דיאט פירות יער,,,יופלה דיאט פירות יער,מיליליטרים,150.00,"100 מ""ל",false,,5.50,3.6667,true,1,25910
7290004127329,false,קוטג' 5% תנובה מהדרי,,,קוטג' 5% תנובה מהדרי,גרמים,250.00,100 גרם,false,,5.70,2.2800,true,1,25913
7290004127336,false,קוטג' תנובה מהדרין 9,,,קוטג' תנובה מהדרין 9,גרמים,250.00,100 גרם,false,,5.70,2.2800,true,1,25914
7290004127800,false,תנובה גבינה לבנה 5%,,,תנובה גבינה לבנה 5%,גרמים,500.00,100 גרם,false,,9.96,1.9920,true,1,25916
7290004127817,false,תנובה גבינה לבנה 9%,,,תנובה גבינה לבנה 9%,גרמים,500.00,100 גרם,false,,9.50,1.9000,true,1,25917
7290004127862,false,תנובה גבינה למריחה מ,,,תנובה גבינה למריחה מ,גרמים,750.00,100 גרם,false,,14.90,1.9867,true,1,25918
7290004128333,false,פיראוס לאבנה גביע %9,,,פיראוס לאבנה גביע %9,גרמים,500.00,100 גרם,false,,19.90,3.9800,true,1,25921
7290004128432,false,שף לבן פתיתי גבינה מ,,,שף לבן פתיתי גבינה מ,גרמים,500.00,100 גרם,false,,22.70,4.5400,true,1,25924
7290004129101,false,נפוליאון בטעם טבעי 2,,,נפוליאון בטעם טבעי 2,גרמים,225.00,100 גרם,false,,14.90,6.6222,true,1,25925
7290004129156,false,נפוליאון שום שמיר 25,,,נפוליאון שום שמיר 25,גרמים,225.00,100 גרם,false,,14.90,6.6222,true,1,25927
7290004129767,false,יופלה לבן מאגדת 3% 8,,,יופלה לבן מאגדת 3% 8,קילוגרמים,1.20,"ק""ג",false,,17.90,14.9167,true,1,25931
7290004130794,false,סויה תנובה טבעי במתי,,,סויה תנובה טבעי במתי,ליטרים,1.00,ליטר,false,,11.90,11.9000,true,1,25934
7290004131074,false,חלב תנובה הומוגני מה,,,חלב תנובה הומוגני מה,ליטרים,1.00,ליטר,false,,6.23,6.2300,true,1,25937
7290004131814,false,פיראוס צפתית מעודנת,,,פיראוס צפתית מעודנת,גרמים,200.00,100 גרם,false,,14.90,7.4500,true,1,25945
7290004132552,false,סויה תנובה לייט בטעם,,,סויה תנובה לייט בטעם,ליטרים,1.00,ליטר,false,,11.90,11.9000,true,1,25952
7290004132712,false,עמק אצבעות מוצרלה 20,,,עמק אצבעות מוצרלה 20,גרמים,174.00,100 גרם,false,,16.90,9.7126,true,1,25954
7290004133511,false,יופלה לבן מעודן 1.5%,,,יופלה לבן מעודן 1.5%,ליטרים,1.20,ליטר,false,,21.90,18.2500,true,1,25959
7290004135614,false,פיראוס בולגרית מעודנ,,,פיראוס בולגרית מעודנ,גרמים,250.00,100 גרם,false,,21.90,8.7600,true,1,25971
7290004136598,false,מארז הפסקת אוכל חלב,,,מארז הפסקת אוכל חלב,גרמים,150.00,100 גרם,false,,9.90,6.6000,true,1,25978
7290004136857,false,ג'לי תנובה פטל 125מל,,,ג'לי תנובה פטל 125מל,מיליליטרים,125.00,"100 מ""ל",false,,2.90,2.3200,true,1,25979
7290004136871,false,ג'לי תנובה אפרסק עם,,,ג'לי תנובה אפרסק עם,מיליליטרים,125.00,"100 מ""ל",false,,2.90,2.3200,true,1,25981
7290004137021,false,שף לבן שמנת לבישול 1,,,שף לבן שמנת לבישול 1,מיליליטרים,250.00,"100 מ""ל",false,,8.90,3.5600,true,1,25983
7290004137311,false,עמק לייט משפחתית 9%,,,עמק לייט משפחתית 9%,גרמים,400.00,100 גרם,false,,30.90,7.7250,true,1,25984
7290004219819,false,קומפלטה מלבין קפה הו,,,קומפלטה מלבין קפה הו,גרמים,200.00,100 גרם,false,,11.50,5.7500,true,1,2889
7290004230081,false,שגב קציצות עוף ברוטב,,,שגב קציצות עוף ברוטב,גרמים,800.00,100 גרם,false,,29.90,3.7375,true,1,17047
7290004267230,false,פריכיות אורז מצופה ש,,,פריכיות אורז מצופה ש,גרמים,80.00,100 גרם,false,,5.90,7.3750,true,1,13142
7290004537241,false,אפונת גינה קפואה 800,,,אפונת גינה קפואה 800,גרמים,800.00,100 גרם,false,,11.90,1.4875,true,1,51516
7290004537258,false,אפונה וגזר 800 גר שד,,,אפונה וגזר 800 גר שד,גרמים,800.00,100 גרם,false,,12.90,1.6125,true,1,51517
7290004537272,false,פול קפוא 800גר שדה ב,,,פול קפוא 800גר שדה ב,גרמים,800.00,100 גרם,false,,17.90,2.2375,true,1,51519
7290004575007,false,מארז טילונים 5*70 גר,,,מארז טילונים 5*70 גר,גרמים,350.00,100 גרם,false,,16.90,4.8286,true,1,20543
7290004575373,false,שלגונים מצופים 6 יחי,,,שלגונים מצופים 6 יחי,גרמים,640.00,100 גרם,false,,16.90,2.6406,true,1,20556
7290004575564,false,שלגון גליגל  פרווה 7,,,שלגון גליגל  פרווה 7,גרמים,75.00,100 גרם,false,,1.90,2.5333,true,1,20566
7290004575571,false,טילון וניל.,,,טילון וניל.,גרמים,60.00,100 גרם,false,,3.90,6.5000,true,1,20567
7290004584306,false,גמדים תות בננה 4*100,,,גמדים תות בננה 4*100,מיליליטרים,400.00,"100 מ""ל",false,,11.90,2.9750,true,1,23288
7290004584351,false,סימפוניה חמישית 200ג,,,סימפוניה חמישית 200ג,גרמים,200.00,100 גרם,false,,12.50,6.2500,true,1,23289
7290004585907,false,דני וניל מהדרין 130מ,,,דני וניל מהדרין 130מ,מיליליטרים,130.00,"100 מ""ל",false,,2.90,2.2308,true,1,23291
7290004731083,false,אלסבון ג'נסנג כיף 1,,,אלסבון ג'נסנג כיף 1,ליטרים,1.00,ליטר,false,,14.90,14.9000,true,1,29867
7290004731519,false,סנו מקסימה למייבש סנ,,,סנו מקסימה למייבש סנ,מיליליטרים,750.00,"100 מ""ל",false,,18.90,2.5200,true,1,29875
7290004731564,false,סנו מקסימה מבשם ומרכ,,,סנו מקסימה מבשם ומרכ,מיליליטרים,750.00,"100 מ""ל",false,,18.90,2.5200,true,1,29877
7290004731984,false,אורביטול משחת שיניים,,,אורביטול משחת שיניים,גרמים,145.00,100 גרם,false,,15.90,10.9655,true,1,80835
7290005040993,false,ערמונים קלויים קלופי,,,ערמונים קלויים קלופי,יח',1.00,יח',false,,4.50,4.5000,true,1,50913
7290005041167,false,קבב גמבו עגל וכבש 1,,,קבב גמבו עגל וכבש 1,קילוגרמים,1.00,"ק""ג",false,,54.90,54.9000,true,1,17083
7290005084355,false,משחת שיניים דואל קר,,,משחת שיניים דואל קר,מיליליטרים,75.00,"100 מ""ל",false,,22.70,30.2667,true,1,3815
7290005174513,false,חציל במיונז אחלה 500,,,חציל במיונז אחלה 500,גרמים,500.00,100 גרם,false,,16.90,3.3800,true,1,23292
7290005174551,false,אחלה חומוס 125ג,,,אחלה חומוס 125ג,גרמים,125.00,100 גרם,false,,5.90,4.7200,true,1,23293
7290005197758,false,חיוכים של שוקו,,,חיוכים של שוקו,גרמים,150.00,100 גרם,false,,5.50,3.6667,true,1,22231
7290005199738,false,מאסט ריח פה נעים 28ג,,,מאסט ריח פה נעים 28ג,גרמים,28.00,100 גרם,false,,4.50,16.0714,true,1,22238
7290005200786,false,תפוציפס שמנת ובצל 50,,,תפוציפס שמנת ובצל 50,גרמים,50.00,100 גרם,false,,4.30,8.6000,true,1,24152
7290005201882,false,טורקי עלית 200 גר',,,טורקי עלית 200 גר',גרמים,200.00,100 גרם,false,,15.90,7.9500,true,1,22242
7290005287206,false,טונה בשמן סטארקיסט ר,,,טונה בשמן סטארקיסט ר,גרמים,640.00,100 גרם,false,,25.90,4.0469,true,1,26647
7290005287251,false,טונה במים סטארקיסט ר,,,טונה במים סטארקיסט ר,גרמים,640.00,100 גרם,false,,25.90,4.0469,true,1,26650
7290005384851,false,מיץ לימון משומר וילי,,,מיץ לימון משומר וילי,מיליליטרים,200.00,"100 מ""ל",false,,4.90,2.4500,true,1,2900
7290005403972,false,תחתיות ארטישוק 400 ג,,,תחתיות ארטישוק 400 ג,גרמים,400.00,100 גרם,false,,17.90,4.4750,true,1,51529
7290005403989,false,במיה קפואה 600 גרם ש,,,במיה קפואה 600 גרם ש,גרמים,600.00,100 גרם,false,,11.90,1.9833,true,1,51530
7290005423253,false,סנו מקסימה למייבש או,,,סנו מקסימה למייבש או,מיליליטרים,750.00,"100 מ""ל",false,,18.90,2.5200,true,1,29892
7290005423567,false,סנו סושי מטלית לכל 3,,,סנו סושי מטלית לכל 3,יחידה,0.00,יחידה,false,,22.00,0.0000,true,1,29903
7290005423635,false,נוזל לניקוי רצפות דו,,,נוזל לניקוי רצפות דו,ליטרים,2.00,ליטר,false,,22.90,11.4500,true,1,29904
7290005423734,false,מרכך כביסה סנו מקסימ,,,מרכך כביסה סנו מקסימ,ליטרים,4.00,ליטר,false,,23.90,5.9750,true,1,29905
7290005423833,false,סנו פוליויקס פרקט 2,,,סנו פוליויקס פרקט 2,ליטרים,2.00,ליטר,false,,22.90,11.4500,true,1,29906
7290005424403,false,אל סבון אצות ים כיף,,,אל סבון אצות ים כיף,ליטרים,1.00,ליטר,false,,14.90,14.9000,true,1,29914
7290005424700,false,פורטה פלוס - קצף ברי,,,פורטה פלוס - קצף ברי,מיליליטרים,1.00,"100 מ""ל",false,,19.90,1990.0000,true,1,29920
7290005425196,false,אבקת כביסה סנו מקסימ,,,אבקת כביסה סנו מקסימ,קילוגרמים,2.50,"ק""ג",false,,28.90,11.5600,true,1,29934
7290005425202,false,אבקת כביסה סנו מקסימ,,,אבקת כביסה סנו מקסימ,קילוגרמים,2.50,"ק""ג",false,,28.90,11.5600,true,1,29935
7290005425646,false,סנוקליר נוזל רב תכלי,,,סנוקליר נוזל רב תכלי,יחידה,0.00,יחידה,false,,12.90,0.0000,true,1,29942
7290005426964,false,סנובון כחול שלישיה ב,,,סנובון כחול שלישיה ב,גרמים,165.00,100 גרם,false,,17.90,10.8485,true,1,29968
7290005426971,false,סנובון כחול שלישיה ב,,,סנובון כחול שלישיה ב,גרמים,165.00,100 גרם,false,,17.90,10.8485,true,1,29969
7290005427107,false,סנו סושי מגבות הפלא,,,סנו סושי מגבות הפלא,מטרים,63.50,מטר,false,,12.90,0.2031,true,1,29970
7290005428852,false,סנו סופט מגבוני טישו,,,סנו סופט מגבוני טישו,יחידה,0.00,יחידה,false,,15.90,0.0000,true,1,30002
7290005429286,false,אבקת כביסה סנו מקסימ,,,אבקת כביסה סנו מקסימ,קילוגרמים,6.00,"ק""ג",false,,51.90,8.6500,true,1,30010
7290005430602,false,סנו אוקסיג'ן מסיר כת,,,סנו אוקסיג'ן מסיר כת,מיליליטרים,750.00,"100 מ""ל",false,,20.90,2.7867,true,1,30014
7290005431883,false,עדן מלבי חלבי 165 גר,,,עדן מלבי חלבי 165 גר,גרמים,165.00,100 גרם,false,,7.50,4.5455,true,1,26002
7290005559587,false,מאפה נקניקיות 800גר,,,מאפה נקניקיות 800גר,גרמים,800.00,100 גרם,false,,32.90,4.1125,true,1,35608
7290005559907,false,פיצה משפחתית גבינה 5,,,פיצה משפחתית גבינה 5,גרמים,500.00,100 גרם,false,,23.90,4.7800,true,1,35613
7290005559990,false,בצק פילאס תורכי מעדנ,,,בצק פילאס תורכי מעדנ,גרמים,600.00,100 גרם,false,,28.90,4.8167,true,1,35618
7290005576010,false,חסה מהדרין,,,חסה מהדרין,יח',1.00,יח',false,,7.90,7.9000,true,1,44775
7290005576027,false,פטרוזיליה גלאט עלים,,,פטרוזיליה גלאט עלים,יח',1.00,יח',false,,6.90,6.9000,true,1,44776
7290005576034,false,כוסברה מהדרין,,,כוסברה מהדרין,יח',1.00,יח',false,,6.90,6.9000,true,1,44777
7290005576041,false,שמיר מהדרין,,,שמיר מהדרין,יח',1.00,יח',false,,6.90,6.9000,true,1,44778
7290005576058,false,נענע מהדרין,,,נענע מהדרין,יח',1.00,יח',false,,6.90,6.9000,true,1,44779
7290005576065,false,סלרי מהדרין,,,סלרי מהדרין,יח',1.00,יח',false,,7.90,7.9000,true,1,44780
7290005576072,false,מנגולד מהדרין,,,מנגולד מהדרין,יח',1.00,יח',false,,7.90,7.9000,true,1,44781
7290005576089,false,בצל ירוק מהדרין,,,בצל ירוק מהדרין,יח',1.00,יח',false,,7.90,7.9000,true,1,44782
7290005576096,false,כרוב לבן גלאט,,,כרוב לבן גלאט,קילוגרמים,1.00,"ק""ג",true,,15.90,15.9000,true,1,44766
7290005576164,false,עשבי תיבול מהדרין,,,עשבי תיבול מהדרין,יח',1.00,יח',false,,8.90,8.9000,true,1,44786
7290005591761,false,דבש טהור מפרחי בר בל,,,דבש טהור מפרחי בר בל,גרמים,400.00,100 גרם,false,,26.90,6.7250,true,1,22243
7290005610011,false,תפו`א אדום דוד משה,,,תפו`א אדום דוד משה,קילוגרמים,1.00,"ק""ג",true,,5.90,5.9000,true,1,50903
7290005610127,false,תפו`א גורמה  לבן דוד,,,תפו`א גורמה  לבן דוד,קילוגרמים,1.00,"ק""ג",true,,7.90,7.9000,true,1,50905
7290005610196,false,תפו`א בייבי גורמה,,,תפו`א בייבי גורמה,קילוגרמים,1.00,"ק""ג",true,,6.90,6.9000,true,1,50906
7290005719189,false,לחם מחמצת  שיפון אגו,,,לחם מחמצת  שיפון אגו,יח',1.00,יח',false,,18.90,18.9000,true,1,2698
7290005838002,false,דניאלה מעדן גבינה 15,,,דניאלה מעדן גבינה 15,מיליליטרים,150.00,"100 מ""ל",false,,4.30,2.8667,true,1,23297
7290005839078,false,דנונה ביו מארז חסכון,,,דנונה ביו מארז חסכון,קילוגרמים,1.20,"ק""ג",false,,17.90,14.9167,true,1,23300
7290005839108,false,סימפוניה עם זיתים 5%,,,סימפוניה עם זיתים 5%,גרמים,200.00,100 גרם,false,,12.50,6.2500,true,1,23301
7290005839313,false,מילקי טופ מגולגלת 14,,,מילקי טופ מגולגלת 14,מיליליטרים,142.00,"100 מ""ל",false,,5.00,3.5211,true,1,23302
7290005896637,false,סאן בנדטו 1.5 ליטר,,,סאן בנדטו 1.5 ליטר,ליטרים,1.50,ליטר,false,,4.50,3.0000,true,1,9397
7290005901348,false,קבב כבש מעדני המנגל,,,קבב כבש מעדני המנגל,גרמים,400.00,100 גרם,false,,14.90,3.7250,true,1,51531
7290005901362,false,קבב רומני מעדני המנג,,,קבב רומני מעדני המנג,גרמים,400.00,100 גרם,false,,14.90,3.7250,true,1,51533
7290005901379,false,המבורגר מעדני המנגל,,,המבורגר מעדני המנגל,גרמים,400.00,100 גרם,false,,14.90,3.7250,true,1,51534
7290005901393,false,"""טעים טעים"" נקניקיות",,,"""טעים טעים"" נקניקיות",גרמים,500.00,100 גרם,false,,29.90,5.9800,true,1,51536
7290005901409,false,"""טעים טעים"" נקניקיות",,,"""טעים טעים"" נקניקיות",גרמים,500.00,100 גרם,false,,29.90,5.9800,true,1,51537
7290005901454,false,סטייק מינוט טעים טעי,,,סטייק מינוט טעים טעי,גרמים,300.00,100 גרם,false,,37.90,12.6333,true,1,51542
7290005938245,false,פרסקו ממרח מצונן פסט,,,פרסקו ממרח מצונן פסט,גרמים,220.00,100 גרם,false,,19.90,9.0455,true,1,17087
7290005992735,false,גד לאבנה 5% 250ג,,,גד לאבנה 5% 250ג,גרמים,250.00,100 גרם,false,,12.90,5.1600,true,1,14641
7290006065049,false,פילה באס יפני 7-9 20,,,פילה באס יפני 7-9 20,קילוגרמים,1.00,"ק""ג",true,,41.90,41.9000,true,1,177149
7290006229427,false,"סאן בנדטו 6*500 מ""ל",,,"סאן בנדטו 6*500 מ""ל",ליטרים,3.00,ליטר,false,,13.90,4.6333,true,1,9410
7290006241689,false,קפוא לימון 340 גרם,,,קפוא לימון 340 גרם,גרמים,340.00,100 גרם,false,,13.90,4.0882,true,1,6392
7290006251275,false,תה ירוק סיני,,,תה ירוק סיני,גרמים,37.50,100 גרם,false,,23.90,63.7333,true,1,24646
7290006251589,false,תה ירוק עם עלי נענע,,,תה ירוק עם עלי נענע,גרמים,75.00,100 גרם,false,,47.90,63.8667,true,1,24650
7290006256089,false,גאטו נגרו קברנה סובי,,,גאטו נגרו קברנה סובי,מיליליטרים,750.00,"100 מ""ל",false,,39.90,5.3200,true,1,251800
7290006256102,false,גאטו נגרו מרלו 750 מ,,,גאטו נגרו מרלו 750 מ,מיליליטרים,750.00,"100 מ""ל",false,,39.90,5.3200,true,1,7406
7290006256775,false,גאטו נגרו מלבק 750 מ,,,גאטו נגרו מלבק 750 מ,מיליליטרים,750.00,"100 מ""ל",false,,39.90,5.3200,true,1,278619
7290006265548,false,נבטים סינים,,,נבטים סינים,יח',1.00,יח',false,,6.90,6.9000,true,1,41513
7290006265890,false,נבטי חמניה יח,,,נבטי חמניה יח,יח',1.00,יח',false,,8.90,8.9000,true,1,35547
7290006271174,false,גחנון לאפיה בתנור מע,,,גחנון לאפיה בתנור מע,גרמים,700.00,100 גרם,false,,19.90,2.8429,true,1,35619
7290006271655,false,מיני בורקס גבינה 800,,,מיני בורקס גבינה 800,גרמים,800.00,100 גרם,false,,26.90,3.3625,true,1,35625
7290006272072,false,חטיפי פיצה מעדנות 65,,,חטיפי פיצה מעדנות 65,גרמים,650.00,100 גרם,false,,33.90,5.2154,true,1,35628
7290006272430,false,בצק עלים חמאה 600 גר,,,בצק עלים חמאה 600 גר,גרמים,600.00,100 גרם,false,,30.90,5.1500,true,1,35630
7290006306296,false,פסטה נונה פסטה נונה,,,פסטה נונה פסטה נונה,גרמים,400.00,100 גרם,false,,26.90,6.7250,true,1,14648
7290006306302,false,פסטה נונה ריביולי פר,,,פסטה נונה ריביולי פר,גרמים,400.00,100 גרם,false,,26.90,6.7250,true,1,14649
7290006306319,false,פסטה נונה פסטה נונה,,,פסטה נונה פסטה נונה,גרמים,400.00,100 גרם,false,,26.90,6.7250,true,1,14650
7290006342645,false,טורטייה 840 גרם,,,טורטייה 840 גרם,גרמים,840.00,100 גרם,false,,15.90,1.8929,true,1,4633
7290006374738,false,קונפיטורת תות יד מור,,,קונפיטורת תות יד מור,גרמים,340.00,100 גרם,false,,13.90,4.0882,true,1,22250
7290006449955,false,מלפפון בייבי,,,מלפפון בייבי,יח',1.00,יח',false,,9.90,9.9000,true,1,174500
7290006492432,false,גד בייבי מוצרלה 150ג,,,גד בייבי מוצרלה 150ג,גרמים,170.00,100 גרם,false,,15.90,9.3529,true,1,14657
7290006492616,false,גד בולגרית פרוסות 5%,,,גד בולגרית פרוסות 5%,גרמים,250.00,100 גרם,false,,27.90,11.1600,true,1,14658
7290006492630,false,גד גבינת גליל גד עזי,,,גד גבינת גליל גד עזי,גרמים,180.00,100 גרם,false,,22.90,12.7222,true,1,14659
7290006492685,false,גד לאבנה עזים 3% 250,,,גד לאבנה עזים 3% 250,גרמים,250.00,100 גרם,false,,18.90,7.5600,true,1,14661
7290006492852,false,גד גבינת עיזים למריח,,,גד גבינת עיזים למריח,גרמים,250.00,100 גרם,false,,17.90,7.1600,true,1,14662
7290006492913,false,לאבנה ציזיקי גד 250,,,לאבנה ציזיקי גד 250,גרמים,250.00,100 גרם,false,,14.00,5.6000,true,1,14663
7290006511751,false,פטריות חתוכות ויליפו,,,פטריות חתוכות ויליפו,גרמים,870.00,100 גרם,false,,13.00,1.4943,true,1,2907
7290006532008,false,צ'יפס טעים טעים 1.8,,,צ'יפס טעים טעים 1.8,קילוגרמים,1.80,"ק""ג",false,,24.90,13.8333,true,1,51544
7290006532398,false,סטייק צ'יפס טעים 1.8,,,סטייק צ'יפס טעים 1.8,קילוגרמים,1.80,"ק""ג",false,,24.90,13.8333,true,1,51545
7290006652027,false,במבה יום הולדת מאח.1,,,במבה יום הולדת מאח.1,גרמים,300.00,100 גרם,false,,24.90,8.3000,true,1,18706
7290006653765,false,פטוציני פרפקטו 500 ג,,,פטוציני פרפקטו 500 ג,גרמים,500.00,100 גרם,false,,7.90,1.5800,true,1,18708
7290006653819,false,קוסקוס דק בשקית אסם,,,קוסקוס דק בשקית אסם,גרמים,350.00,100 גרם,false,,8.90,2.5429,true,1,18709
7290006664037,false,גמדים ארוחת בוקר 4*1,,,גמדים ארוחת בוקר 4*1,מיליליטרים,400.00,"100 מ""ל",false,,11.90,2.9750,true,1,23305
7290006664051,false,אקטימל טבעי 14*100מל,,,אקטימל טבעי 14*100מל,ליטרים,1.40,ליטר,false,,33.90,24.2143,true,1,23306
7290006664310,false,גבינה 3% סקי 250 גרם,,,גבינה 3% סקי 250 גרם,גרמים,250.00,100 גרם,false,,4.80,1.9200,true,1,23309
7290006664402,false,שטראוס גבינה 5% 750ג,,,שטראוס גבינה 5% 750ג,גרמים,750.00,100 גרם,false,,14.25,1.9000,true,1,23310
7290006664532,false,דנונה תות 3% 150מל,,,דנונה תות 3% 150מל,גרמים,150.00,100 גרם,false,,3.90,2.6000,true,1,23311
7290006664655,false,אקטימל טבעי 8*100מל,,,אקטימל טבעי 8*100מל,מיליליטרים,800.00,"100 מ""ל",false,,22.90,2.8625,true,1,23313
7290006664693,false,דנונה אפרסק 3% 150מל,,,דנונה אפרסק 3% 150מל,גרמים,150.00,100 גרם,false,,3.90,2.6000,true,1,23314
7290006664990,false,דנונה ביו מארז חיסכו,,,דנונה ביו מארז חיסכו,קילוגרמים,1.20,"ק""ג",false,,17.90,14.9167,true,1,23316
7290006704511,false,תפוא ננסי מיקרוגל,,,תפוא ננסי מיקרוגל,גרמים,750.00,100 גרם,false,,6.90,0.9200,true,1,35551
7290006712981,false,מ.שיניים סמיילס לגיל,,,מ.שיניים סמיילס לגיל,מיליליטרים,50.00,"100 מ""ל",false,,12.90,25.8000,true,1,21480
7290006739131,false,זוגלובק בצק פילו 500,,,זוגלובק בצק פילו 500,גרמים,500.00,100 גרם,false,,17.90,3.5800,true,1,38958
7290006739414,false,סלמי קוניאק זוגלובק,,,סלמי קוניאק זוגלובק,גרמים,300.00,100 גרם,false,,32.00,10.6667,true,1,38966
7290006739421,false,סלמי מעושן איטלקי  ז,,,סלמי מעושן איטלקי  ז,גרמים,300.00,100 גרם,false,,32.00,10.6667,true,1,38967
7290006739445,false,שניצל תירס קלאסי 750,,,שניצל תירס קלאסי 750,גרמים,750.00,100 גרם,false,,24.90,3.3200,true,1,38968
7290006741363,false,"זוגלובק בורקס תפו""א",,,"זוגלובק בורקס תפו""א",גרמים,800.00,100 גרם,false,,16.90,2.1125,true,1,38981
7290006742179,false,קבב מזרחי 400 גרם,,,קבב מזרחי 400 גרם,גרמים,400.00,100 גרם,false,,22.90,5.7250,true,1,38989
7290006742278,false,פסטרממיה צלויה על לב,,,פסטרממיה צלויה על לב,גרמים,330.00,100 גרם,false,,33.90,10.2727,true,1,38990
7290006742292,false,פסטרממיה בדבש 1% 330,,,פסטרממיה בדבש 1% 330,גרמים,330.00,100 גרם,false,,33.90,10.2727,true,1,38991
7290006742315,false,חזה הודו ברביקיו 1%,,,חזה הודו ברביקיו 1%,גרמים,330.00,100 גרם,false,,33.90,10.2727,true,1,38993
7290006764065,false,נשר מאלט בקבוק פקדון,,,נשר מאלט בקבוק פקדון,מיליליטרים,500.00,"100 מ""ל",false,,5.50,1.1000,true,1,9413
7290006764072,false,גולדסטאר בירה בק חוז,,,גולדסטאר בירה בק חוז,מיליליטרים,500.00,"100 מ""ל",false,,7.90,1.5800,true,1,9414
7290006764096,false,בירה איגל בקבוק 500,,,בירה איגל בקבוק 500,מיליליטרים,500.00,"100 מ""ל",false,,5.90,1.1800,true,1,9415
7290006764157,false,בירה גולדסטאר לא מסו,,,בירה גולדסטאר לא מסו,מיליליטרים,500.00,"100 מ""ל",false,,8.90,1.7800,true,1,104815
7290006764164,false,גולדסטאר לא מסונן שי,,,גולדסטאר לא מסונן שי,ליטרים,3.00,ליטר,false,,54.10,18.0333,true,1,9418
7290006764478,false,נשר מאלט 330מל,,,נשר מאלט 330מל,מיליליטרים,330.00,"100 מ""ל",false,,5.30,1.6061,true,1,9421
7290006788030,false,שמפו לתלתלים מלאי חי,,,שמפו לתלתלים מלאי חי,מיליליטרים,700.00,"100 מ""ל",false,,13.90,1.9857,true,1,30028
7290006788467,false,דאו' תרסיס נושם בורד,,,דאו' תרסיס נושם בורד,מיליליטרים,200.00,"100 מ""ל",false,,12.90,6.4500,true,1,30050
7290006788498,false,דאו' תרסיס נושם ורוד,,,דאו' תרסיס נושם ורוד,מיליליטרים,200.00,"100 מ""ל",false,,12.90,6.4500,true,1,30053
7290006822192,false,אושן ספרי דיאט חמוצי,,,אושן ספרי דיאט חמוצי,ליטרים,1.00,ליטר,false,,12.90,12.9000,true,1,6963
7290006908360,false,שקד קלוי 150 גר` פיצ,,,שקד קלוי 150 גר` פיצ,גרמים,150.00,100 גרם,false,,17.90,11.9333,true,1,1474
7290006908377,false,שקד טבעי 150 גר` פיצ,,,שקד טבעי 150 גר` פיצ,גרמים,150.00,100 גרם,false,,17.90,11.9333,true,1,1475
7290006908384,false,פיסטוק חלבי 150 גרם,,,פיסטוק חלבי 150 גרם,גרמים,150.00,100 גרם,false,,18.90,12.6000,true,1,1476
7290006908391,false,קשיו קלוי 150 גר` פי,,,קשיו קלוי 150 גר` פי,גרמים,150.00,100 גרם,false,,17.90,11.9333,true,1,1477
7290006908414,false,חמנייה 400 גרם,,,חמנייה 400 גרם,גרמים,400.00,100 גרם,false,,11.90,2.9750,true,1,1478
7290006983152,false,קרוטונים מתובלים אסם,,,קרוטונים מתובלים אסם,גרמים,400.00,100 גרם,false,,20.90,5.2250,true,1,18712
7290006983206,false,תערובת פלאפל בקלי קל,,,תערובת פלאפל בקלי קל,גרמים,180.00,100 גרם,false,,11.90,6.6111,true,1,18714
7290006983763,false,עוגת הבית שוקולד 400,,,עוגת הבית שוקולד 400,גרמים,400.00,100 גרם,false,,14.90,3.7250,true,1,18717
7290006983770,false,עוגת הבית שיש 400גר,,,עוגת הבית שיש 400גר,גרמים,400.00,100 גרם,false,,14.90,3.7250,true,1,18718
7290006983787,false,עוגת הבית שוקוציפס 4,,,עוגת הבית שוקוציפס 4,גרמים,400.00,100 גרם,false,,14.90,3.7250,true,1,18719
7290006992390,false,מטרנה דייסת וניל פרו,,,מטרנה דייסת וניל פרו,גרמים,200.00,100 גרם,false,,15.90,7.9500,true,1,18726
7290008101318,false,פירורי לחם זהוב קלאס,,,פירורי לחם זהוב קלאס,גרמים,300.00,100 גרם,false,,6.90,2.3000,true,1,300893
7290008101356,false,פירורי לחם פנקו זהוב,,,פירורי לחם פנקו זהוב,גרמים,300.00,100 גרם,false,,9.90,3.3000,true,1,306340
7290008102469,false,פירורי לחם זהוב קלאס,,,פירורי לחם זהוב קלאס,גרמים,800.00,100 גרם,false,,12.90,1.6125,true,1,300936
7290008116541,false,מי פה ליסטרין בטעם מ,,,מי פה ליסטרין בטעם מ,מיליליטרים,500.00,"100 מ""ל",false,,23.90,4.7800,true,1,29467
7290008116565,false,מי פה פרש ליסטרין 50,,,מי פה פרש ליסטרין 50,מיליליטרים,500.00,"100 מ""ל",false,,23.90,4.7800,true,1,29469
7290008154222,false,שניצלונים עוף טוב 70,,,שניצלונים עוף טוב 70,גרמים,700.00,100 גרם,false,,19.90,2.8429,true,1,19762
7290008175173,false,חמאה מפינלנד 200גר',,,חמאה מפינלנד 200גר',גרמים,200.00,100 גרם,false,,10.90,5.4500,true,1,2908
7290008175814,false,פטריות חתוכות שמפיני,,,פטריות חתוכות שמפיני,גרמים,400.00,100 גרם,false,,5.90,1.4750,true,1,2913
7290008268301,false,אוכמניות,,,אוכמניות,גרמים,120.00,100 גרם,false,,11.90,9.9167,true,1,47810
7290008300599,false,70*50 'שקיות אשפה שר,,,70*50 'שקיות אשפה שר,יחידה,0.00,יחידה,false,,16.90,0.0000,true,1,231310
7290008300605,false,90*75 'שקיות אשפה 50,,,90*75 'שקיות אשפה 50,יחידה,0.00,יחידה,false,,11.90,0.0000,true,1,231311
7290008300629,false,שקיות אוכל בקופסא של,,,שקיות אוכל בקופסא של,יחידה,0.00,יחידה,false,,12.90,0.0000,true,1,43399
7290008340618,false,סלמון 100 מעושן מצונ,,,סלמון 100 מעושן מצונ,גרמים,100.00,100 גרם,false,,20.90,20.9000,true,1,17104
7290008343466,false,בצק פילו 500 גרם,,,בצק פילו 500 גרם,גרמים,500.00,100 גרם,false,,21.90,4.3800,true,1,17108
7290008345583,false,300 איקרה ביתית ורוד,,,300 איקרה ביתית ורוד,גרמים,300.00,100 גרם,false,,20.90,6.9667,true,1,17129
7290008409100,false,אצבעות שניצל ציפוי ש,,,אצבעות שניצל ציפוי ש,גרמים,700.00,100 גרם,false,,37.90,5.4143,true,1,25540
7290008409124,false,מאמא עוף קפוא שניצל,,,מאמא עוף קפוא שניצל,גרמים,700.00,100 גרם,false,,37.90,5.4143,true,1,25541
7290008409216,false,מאמא עוף קפוא שניצל,,,מאמא עוף קפוא שניצל,גרמים,700.00,100 גרם,false,,40.90,5.8429,true,1,25542
7290008409315,false,מאמא עוף מיני דק שני,,,מאמא עוף מיני דק שני,גרמים,500.00,100 גרם,false,,24.90,4.9800,true,1,25546
7290008409407,false,מאמא עוף שניצל דק צי,,,מאמא עוף שניצל דק צי,גרמים,700.00,100 גרם,false,,40.90,5.8429,true,1,25552
7290008409551,false,שניצל עוף אמיתי בציפ,,,שניצל עוף אמיתי בציפ,גרמים,700.00,100 גרם,false,,39.90,5.7000,true,1,25558
7290008415071,false,צבר חומוס עם טחינה 1,,,צבר חומוס עם טחינה 1,גרמים,150.00,100 גרם,false,,5.90,3.9333,true,1,19765
7290008464222,false,מכבי 7.9 פחית 500 מל,,,מכבי 7.9 פחית 500 מל,מיליליטרים,500.00,"100 מ""ל",false,,8.90,1.7800,true,1,9434
7290008464345,false,"גולדסטאר בירה ח""פ 33",,,"גולדסטאר בירה ח""פ 33",יחידה,330.00,יחידה,false,,8.70,0.0264,true,1,9439
7290008464475,false,"מכבי פחית 500מ""ל",,,"מכבי פחית 500מ""ל",מיליליטרים,500.00,"100 מ""ל",false,,7.90,1.5800,true,1,9446
7290008464604,false,הייניקן בירה פח 500מ,,,הייניקן בירה פח 500מ,מיליליטרים,500.00,"100 מ""ל",false,,13.90,2.7800,true,1,9454
7290008464611,false,"מי סודה טמפו 275 מ""ל",,,"מי סודה טמפו 275 מ""ל",מיליליטרים,275.00,"100 מ""ל",false,,3.50,1.2727,true,1,9455
7290008464673,false,גולדסטאר SLOWBREW 10,,,גולדסטאר SLOWBREW 10,מיליליטרים,500.00,"100 מ""ל",false,,9.90,1.9800,true,1,9456
7290008464697,false,מכבי 7.9% בקבוק 6* 3,,,מכבי 7.9% בקבוק 6* 3,ליטרים,1.98,ליטר,false,,37.90,19.1414,true,1,9458
7290008464734,false,גולדסטאר SLOW BREW 3,,,גולדסטאר SLOW BREW 3,ליטרים,1.98,ליטר,false,,45.90,23.1818,true,1,9460
7290008464741,false,"גולדסטאר ח""פ בקבוק 6",,,"גולדסטאר ח""פ בקבוק 6",ליטרים,1.98,ליטר,false,,40.90,20.6566,true,1,9461
7290008464796,false,"הייניקן בקבוק ח""פ 6*",,,"הייניקן בקבוק ח""פ 6*",ליטרים,1.98,ליטר,false,,46.90,23.6869,true,1,9464
7290008500128,false,עוגת שמרים טעם שוקול,,,עוגת שמרים טעם שוקול,גרמים,500.00,100 גרם,false,,26.90,5.3800,true,1,135433
7290008644112,false,אחלה מטבוחה 125ג,,,אחלה מטבוחה 125ג,גרמים,125.00,100 גרם,false,,5.90,4.7200,true,1,23318
7290008644235,false,עלי בייבי 120 ג ירקו,,,עלי בייבי 120 ג ירקו,גרמים,120.00,100 גרם,false,,9.90,8.2500,true,1,23319
7290008644945,false,סלט המושבה 450 ג ירק,,,סלט המושבה 450 ג ירק,גרמים,450.00,100 גרם,false,,13.90,3.0889,true,1,23321
7290008690713,false,אושן ספרי חמוציות 1ל,,,אושן ספרי חמוציות 1ל,ליטרים,1.00,ליטר,false,,12.90,12.9000,true,1,6984
7290008693134,false,דניאלה תות מעדן גבינ,,,דניאלה תות מעדן גבינ,מיליליטרים,150.00,"100 מ""ל",false,,4.30,2.8667,true,1,23323
7290008745239,false,תפוציפס קראנץ טבעי 5,,,תפוציפס קראנץ טבעי 5,גרמים,50.00,100 גרם,false,,4.30,8.6000,true,1,24154
7290008747547,false,תפוציפס קראנץ טבעי 2,,,תפוציפס קראנץ טבעי 2,גרמים,200.00,100 גרם,false,,10.90,5.4500,true,1,24156
7290008750264,false,מאסט דובדבן 28ג,,,מאסט דובדבן 28ג,גרמים,28.00,100 גרם,false,,4.50,16.0714,true,1,22261
7290008752244,false,תפוציפס קראנץ גריל 5,,,תפוציפס קראנץ גריל 5,גרמים,50.00,100 גרם,false,,4.30,8.6000,true,1,24158
7290008753111,false,תפוציפס מקסיקני 50גר,,,תפוציפס מקסיקני 50גר,גרמים,50.00,100 גרם,false,,4.30,8.6000,true,1,24159
7290008754415,false,מאסט מנטה עדין 28 גר,,,מאסט מנטה עדין 28 גר,גרמים,28.00,100 גרם,false,,4.50,16.0714,true,1,22270
7290008775816,false,ערגליות שוקולד 300 ג,,,ערגליות שוקולד 300 ג,גרמים,300.00,100 גרם,false,,11.90,3.9667,true,1,18729
7290008775823,false,ערגליות תות שדה 300,,,ערגליות תות שדה 300,גרמים,300.00,100 גרם,false,,11.90,3.9667,true,1,18730
7290008792264,false,מפיות טאצ' 100,,,מפיות טאצ' 100,יחידה,0.00,יחידה,false,,5.90,0.0000,true,1,24447
7290008801843,false,יין סלקטד קברנה סובנ,,,יין סלקטד קברנה סובנ,מיליליטרים,750.00,"100 מ""ל",false,,32.90,4.3867,true,1,521
7290008801850,false,יין סלקטד אמרלד ריזל,,,יין סלקטד אמרלד ריזל,מיליליטרים,750.00,"100 מ""ל",false,,32.90,4.3867,true,1,522
7290008802512,false,יין וינו אדום יבש,,,יין וינו אדום יבש,מיליליטרים,750.00,"100 מ""ל",false,,23.90,3.1867,true,1,524
7290008802529,false,יין וינו לבן יבש,,,יין וינו לבן יבש,מיליליטרים,750.00,"100 מ""ל",false,,23.90,3.1867,true,1,525
7290008805520,false,יין סלקטד קברנה סובנ,,,יין סלקטד קברנה סובנ,מיליליטרים,750.00,"100 מ""ל",false,,32.90,4.3867,true,1,543
7290008837866,false,שירת הלל 100% מיץ ענ,,,שירת הלל 100% מיץ ענ,ליטרים,1.00,ליטר,false,,17.90,17.9000,true,1,11910
7290008945172,false,גלילונית אשפה למטבח,,,גלילונית אשפה למטבח,יחידה,0.00,יחידה,false,,18.50,0.0000,true,1,5816
7290008975551,false,מטרנה מהדרין  שלב 3,,,מטרנה מהדרין  שלב 3,גרמים,700.00,100 גרם,false,,54.90,7.8429,true,1,18734
7290009018004,false,פיקדון בקבוק/פחית בו,,,פיקדון בקבוק/פחית בו,יחידה,0.00,יחידה,false,,0.30,0.0000,true,1,65
7290009018011,false,פיקדון בקבוק/פחיות ש,,,פיקדון בקבוק/פחיות ש,יחידה,0.00,יחידה,false,,1.80,0.0000,true,1,63
7290009018264,false,פיקדון בקבוק/פחית רב,,,פיקדון בקבוק/פחית רב,יחידה,0.00,יחידה,false,,1.20,0.0000,true,1,104
7290009023480,false,פיקדון בקבוק 12 יח,,,פיקדון בקבוק 12 יח,יחידה,0.00,יחידה,false,,3.60,0.0000,true,1,49259
7290009370805,false,מאפה מלוח מעורב בונז,,,מאפה מלוח מעורב בונז,קילוגרמים,1.00,"ק""ג",true,,36.00,36.0000,true,1,34032
7290009370812,false,מאפה מתוק מעורב בונז,,,מאפה מתוק מעורב בונז,קילוגרמים,1.00,"ק""ג",true,,36.00,36.0000,true,1,34033
7290010002023,false,מימון כורכום הודי טח,,,מימון כורכום הודי טח,גרמים,100.00,100 גרם,false,,12.90,12.9000,true,1,244
7290010002030,false,מימון כמון במיכל 100,,,מימון כמון במיכל 100,גרמים,100.00,100 גרם,false,,12.90,12.9000,true,1,245
7290010002146,false,מימון פפריקה מרוקאית,,,מימון פפריקה מרוקאית,גרמים,100.00,100 גרם,false,,12.90,12.9000,true,1,256
7290010002399,false,מימון בזיליקום 40 גר,,,מימון בזיליקום 40 גר,גרמים,40.00,100 גרם,false,,10.00,25.0000,true,1,272
7290010002481,false,מימון שום טחון במיכל,,,מימון שום טחון במיכל,גרמים,100.00,100 גרם,false,,15.20,15.2000,true,1,278
7290010002726,false,מימון תיבול לפרגיות,,,מימון תיבול לפרגיות,גרמים,100.00,100 גרם,false,,12.90,12.9000,true,1,282
7290010003075,false,מימון פפריקה מרוקאית,,,מימון פפריקה מרוקאית,גרמים,400.00,100 גרם,false,,27.40,6.8500,true,1,284
7290010003693,false,מימון פפריקה מתוקה ש,,,מימון פפריקה מתוקה ש,גרמים,80.00,100 גרם,false,,6.50,8.1250,true,1,289
7290010003709,false,מימון פלפל שחור טחון,,,מימון פלפל שחור טחון,גרמים,50.00,100 גרם,false,,8.30,16.6000,true,1,290
7290010003754,false,מימון כמון טחון שקית,,,מימון כמון טחון שקית,גרמים,50.00,100 גרם,false,,6.50,13.0000,true,1,291
7290010003778,false,מימון תיבול לגריל עו,,,מימון תיבול לגריל עו,גרמים,80.00,100 גרם,false,,6.50,8.1250,true,1,293
7290010003792,false,מימון מלח לימון שקית,,,מימון מלח לימון שקית,גרמים,100.00,100 גרם,false,,6.50,6.5000,true,1,295
7290010003808,false,מימון זעתר ושומשום ש,,,מימון זעתר ושומשום ש,גרמים,80.00,100 גרם,false,,6.50,8.1250,true,1,296
7290010003839,false,מימון קינמון טחון שק,,,מימון קינמון טחון שק,גרמים,80.00,100 גרם,false,,6.50,8.1250,true,1,299
7290010003990,false,מימון פטרוזיליה שקית,,,מימון פטרוזיליה שקית,גרמים,20.00,100 גרם,false,,6.50,32.5000,true,1,304
7290010004348,false,מימון פ פריקה מתוקה,,,מימון פ פריקה מתוקה,גרמים,250.00,100 גרם,false,,23.00,9.2000,true,1,324
7290010023141,false,תה לימונענע 25 שק',,,תה לימונענע 25 שק',גרמים,50.00,100 גרם,false,,17.90,35.8000,true,1,24662
7290010066513,false,נתחי טונה בשמן צמחי,,,נתחי טונה בשמן צמחי,גרמים,632.00,100 גרם,false,,23.90,3.7816,true,1,26579
7290010066575,false,נתחי טונה במים פילטו,,,נתחי טונה במים פילטו,גרמים,632.00,100 גרם,false,,23.90,3.7816,true,1,26581
7290010066582,false,נתחי טונה בשמן קנולה,,,נתחי טונה בשמן קנולה,גרמים,632.00,100 גרם,false,,23.90,3.7816,true,1,26582
7290010066599,false,נתחי טונה בשמן זית פ,,,נתחי טונה בשמן זית פ,גרמים,632.00,100 גרם,false,,29.90,4.7310,true,1,26583
7290010116980,false,שוקולית 850 גרם,,,שוקולית 850 גרם,גרמים,850.00,100 גרם,false,,18.90,2.2235,true,1,22283
7290010117864,false,דוריטוס חריף אש 70 ג,,,דוריטוס חריף אש 70 ג,גרמים,70.00,100 גרם,false,,3.90,5.5714,true,1,24166
7290010118328,false,תפוצ'יפס טבעי 6*40 ג,,,תפוצ'יפס טבעי 6*40 ג,גרמים,240.00,100 גרם,false,,13.90,5.7917,true,1,24170
7290010124107,false,סטייק בורגר 400 גרם,,,סטייק בורגר 400 גרם,גרמים,400.00,100 גרם,false,,19.90,4.9750,true,1,35339
7290010124190,false,שניצל בקר מלינסה אל,,,שניצל בקר מלינסה אל,גרמים,250.00,100 גרם,false,,12.90,5.1600,true,1,35340
7290010124503,false,שומן כבש 200 גר',,,שומן כבש 200 גר',גרמים,200.00,100 גרם,false,,13.90,6.9500,true,1,35343
7290010129003,false,עוגיות אוזניים 600גר,,,עוגיות אוזניים 600גר,גרמים,600.00,100 גרם,false,,20.90,3.4833,true,1,20146
7290010129010,false,עוגיות ריבה 600גר,,,עוגיות ריבה 600גר,גרמים,600.00,100 גרם,false,,20.90,3.4833,true,1,20147
7290010129027,false,עוגיות מרוקאיות 600,,,עוגיות מרוקאיות 600,גרמים,600.00,100 גרם,false,,20.90,3.4833,true,1,20148
7290010129041,false,עוגיות טעמים שונים 6,,,עוגיות טעמים שונים 6,גרמים,600.00,100 גרם,false,,20.90,3.4833,true,1,20150
7290010153510,false,בורגול מיה 500 גרם,,,בורגול מיה 500 גרם,גרמים,500.00,100 גרם,false,,6.50,1.3000,true,1,15027
7290010153688,false,חומץ טבעי מיה 1 ליטר,,,חומץ טבעי מיה 1 ליטר,ליטרים,1.00,ליטר,false,,6.90,6.9000,true,1,15034
7290010153770,false,ציפוי לשניצל פיקנטי,,,ציפוי לשניצל פיקנטי,גרמים,500.00,100 גרם,false,,9.90,1.9800,true,1,15041
7290010153800,false,ציפוי לשניצל עם תיבו,,,ציפוי לשניצל עם תיבו,גרמים,500.00,100 גרם,false,,9.90,1.9800,true,1,15044
7290010153893,false,ריבת חלב בטעם שוקולד,,,ריבת חלב בטעם שוקולד,גרמים,400.00,100 גרם,false,,12.50,3.1250,true,1,15052
7290010154012,false,לימון כבוש 250 ביטון,,,לימון כבוש 250 ביטון,גרמים,250.00,100 גרם,false,,14.90,5.9600,true,1,17140
7290010154029,false,250 אריסה מתוקה ביטו,,,250 אריסה מתוקה ביטו,גרמים,250.00,100 גרם,false,,14.90,5.9600,true,1,17141
7290010154265,false,פלפל צ`ומה ביטון 250,,,פלפל צ`ומה ביטון 250,גרמים,250.00,100 גרם,false,,14.90,5.9600,true,1,17144
7290010154678,false,יוחאי ביטון אריסה מר,,,יוחאי ביטון אריסה מר,גרמים,250.00,100 גרם,false,,14.90,5.9600,true,1,17154
7290010154685,false,סלט שום כתוש 250 גר',,,סלט שום כתוש 250 גר',גרמים,250.00,100 גרם,false,,14.90,5.9600,true,1,17155
7290010192007,false,פטרוזיליה,,,פטרוזיליה,יח',1.00,יח',false,,3.90,3.9000,true,1,35556
7290010192014,false,שמיר,,,שמיר,יח',1.00,יח',false,,3.90,3.9000,true,1,35557
7290010192021,false,כוסברה,,,כוסברה,יח',1.00,יח',false,,3.90,3.9000,true,1,35558
7290010192045,false,נענע יחידה,,,נענע יחידה,יח',1.00,יח',false,,3.90,3.9000,true,1,35560
7290010192052,false,סלרי עלים (אמריקאי),,,סלרי עלים (אמריקאי),יח',1.00,יח',false,,5.90,5.9000,true,1,35561
7290010192069,false,סלרי ראש ארוז,,,סלרי ראש ארוז,יח',1.00,יח',false,,5.90,5.9000,true,1,35562
7290010192083,false,מנגולד ארוז,,,מנגולד ארוז,יח',1.00,יח',false,,6.90,6.9000,true,1,35563
7290010195268,false,פופסטאר פופקורן מופח,,,פופסטאר פופקורן מופח,גרמים,425.00,100 גרם,false,,17.90,4.2118,true,1,5838
7290010237685,false,היינקן בירה צואר ארו,,,היינקן בירה צואר ארו,מיליליטרים,330.00,"100 מ""ל",false,,10.90,3.3030,true,1,9479
7290010237784,false,מכבי שנדי לימון ליים,,,מכבי שנדי לימון ליים,ליטרים,1.98,ליטר,false,,37.90,19.1414,true,1,9483
7290010259823,false,נודלס בטעם עוף מנת ה,,,נודלס בטעם עוף מנת ה,גרמים,70.00,100 גרם,false,,5.90,8.4286,true,1,2923
7290010259830,false,נודלס בטעם סיני פיקנ,,,נודלס בטעם סיני פיקנ,גרמים,70.00,100 גרם,false,,5.90,8.4286,true,1,2924
7290010259847,false,נודלס טעם תירס מנת ה,,,נודלס טעם תירס מנת ה,גרמים,70.00,100 גרם,false,,5.90,8.4286,true,1,2925
7290010259854,false,נודלס בטעם פטריות מנ,,,נודלס בטעם פטריות מנ,גרמים,70.00,100 גרם,false,,5.90,8.4286,true,1,2926
7290010259861,false,נודלס בטעם ירקות מנת,,,נודלס בטעם ירקות מנת,גרמים,70.00,100 גרם,false,,5.90,8.4286,true,1,2927
7290010259991,false,"צנימים בד""ץ וילי פוד",,,"צנימים בד""ץ וילי פוד",גרמים,250.00,100 גרם,false,,8.50,3.4000,true,1,2932
7290010300075,false,שמרים נמסים בקופסה 3,,,שמרים נמסים בקופסה 3,גרמים,33.00,100 גרם,false,,6.00,18.1818,true,1,15891
7290010300211,false,מפת דובדבן ניילון 24,,,מפת דובדבן ניילון 24,מטרים,24.00,מטר,false,,15.90,0.6625,true,1,15893
7290010300747,false,קיסמים דנטליים נאמן,,,קיסמים דנטליים נאמן,יחידה,0.00,יחידה,false,,8.50,0.0000,true,1,15903
7290010439287,false,מגבת גוף ענק חלק,,,מגבת גוף ענק חלק,יחידה,0.00,יחידה,false,,39.90,0.0000,true,1,15463
7290010471669,false,דנונה קראנצ' יוגורט,,,דנונה קראנצ' יוגורט,מיליליטרים,175.00,"100 מ""ל",false,,4.90,2.8000,true,1,23324
7290010472390,false,מארז  דני  שוקולד 8*,,,מארז  דני  שוקולד 8*,מיליליטרים,1000.00,"100 מ""ל",false,,16.90,1.6900,true,1,23328
7290010513727,false,פנקו פרורי לחם יפניי,,,פנקו פרורי לחם יפניי,גרמים,200.00,100 גרם,false,,7.90,3.9500,true,1,47524
7290010627004,false,טחינה ירושלים 500 גר,,,טחינה ירושלים 500 גר,גרמים,500.00,100 גרם,false,,17.90,3.5800,true,1,24674
7290010627844,false,טחינה ירושלים 500 מל,,,טחינה ירושלים 500 מל,גרמים,500.00,100 גרם,false,,17.90,3.5800,true,1,24677
7290010650033,false,בצלצלי שאלוט,,,בצלצלי שאלוט,גרמים,350.00,100 גרם,false,,14.90,4.2571,true,1,50918
7290010690138,false,ברוקולי ארוז,,,ברוקולי ארוז,יח',1.00,יח',false,,9.90,9.9000,true,1,41525
7290010711901,false,שייני מטליות מיקרופי,,,שייני מטליות מיקרופי,יחידה,0.00,יחידה,false,,17.90,0.0000,true,1,13500
7290010711918,false,מ.א מטליות מיקרופייב,,,מ.א מטליות מיקרופייב,יחידה,0.00,יחידה,false,,10.90,0.0000,true,1,13501
7290010766949,false,אוליביה ממרח ארטישוק,,,אוליביה ממרח ארטישוק,גרמים,180.00,100 גרם,false,,14.90,8.2778,true,1,51983
7290010838431,false,דאק ג'ל נוזל 750 זוג,,,דאק ג'ל נוזל 750 זוג,ליטרים,1.50,ליטר,false,,18.90,12.6000,true,1,5843
7290010839865,false,רוטב רימונים 320 גרם,,,רוטב רימונים 320 גרם,מיליליטרים,320.00,"100 מ""ל",false,,11.00,3.4375,true,1,2938
7290010883370,false,סנו סושי זוג כפפות א,,,סנו סושי זוג כפפות א,יחידה,0.00,יחידה,false,,10.90,0.0000,true,1,30104
7290010922949,false,תות שדה קפוא שייק אי,,,תות שדה קפוא שייק אי,גרמים,250.00,100 גרם,false,,11.90,4.7600,true,1,317366
7290010931330,false,אחלה מטבוחה 500ג,,,אחלה מטבוחה 500ג,גרמים,500.00,100 גרם,false,,16.90,3.3800,true,1,23330
7290010945146,false,טרה קוטג מועשר 3% 25,,,טרה קוטג מועשר 3% 25,גרמים,250.00,100 גרם,false,,5.50,2.2000,true,1,6408
7290010945450,false,טרה גבינה לבנה מהדרי,,,טרה גבינה לבנה מהדרי,גרמים,250.00,100 גרם,false,,4.98,1.9920,true,1,6411
7290011017866,false,קוקה קולה פחית סליק,,,קוקה קולה פחית סליק,מיליליטרים,330.00,"100 מ""ל",false,,5.50,1.6667,true,1,7026
7290011017873,false,ZERO קולה פחית סליק,,,ZERO קולה פחית סליק,מיליליטרים,330.00,"100 מ""ל",false,,5.50,1.6667,true,1,7027
7290011017880,false,קולה דיאט פחית סליק,,,קולה דיאט פחית סליק,מיליליטרים,330.00,"100 מ""ל",false,,5.50,1.6667,true,1,7028
7290011018832,false,קוקה קולה פרידג' פאק,,,קוקה קולה פרידג' פאק,ליטרים,1.98,ליטר,false,,22.90,11.5657,true,1,7055
7290011115166,false,תחליב רחצה לבנדר נקה,,,תחליב רחצה לבנדר נקה,יחידה,0.00,יחידה,false,,16.60,0.0000,true,1,30119
7290011126209,false,תה הגן הקסום תפוח וק,,,תה הגן הקסום תפוח וק,גרמים,55.00,100 גרם,false,,17.90,32.5455,true,1,24678
7290011126469,false,תה קמומיל ודבש 1.5גר,,,תה קמומיל ודבש 1.5גר,גרמים,37.50,100 גרם,false,,17.90,47.7333,true,1,24687
7290011132309,false,בירה גולדסטאר Black,,,בירה גולדסטאר Black,ליטרים,1.98,ליטר,false,,46.90,23.6869,true,1,305867
7290011133375,false,מכבי שנדי אפרסק בקבו,,,מכבי שנדי אפרסק בקבו,ליטרים,1.98,ליטר,false,,37.90,19.1414,true,1,9501
7290011133634,false,שישיית פחיות פפסי מק,,,שישיית פחיות פפסי מק,ליטרים,1.98,ליטר,false,,17.60,8.8889,true,1,9515
7290011148911,false,פלפלים מתוקים טינקרב,,,פלפלים מתוקים טינקרב,גרמים,300.00,100 גרם,false,,9.90,3.3000,true,1,35566
7290011194215,false,"דניאלה בננה 150 מ""ל",,,"דניאלה בננה 150 מ""ל",מיליליטרים,150.00,"100 מ""ל",false,,4.30,2.8667,true,1,23331
7290011194246,false,קוטג שטראוס 5% עם סי,,,קוטג שטראוס 5% עם סי,גרמים,250.00,100 גרם,false,,6.00,2.4000,true,1,23332
7290011223038,false,בונומי עלים לקרמשניט,,,בונומי עלים לקרמשניט,גרמים,300.00,100 גרם,false,,16.90,5.6333,true,1,5849
7290011223205,false,דולקור ריבת חלב 454,,,דולקור ריבת חלב 454,גרמים,454.00,100 גרם,false,,18.90,4.1630,true,1,5856
7290011223243,false,דאק ג'ל אסלה ניחוח ל,,,דאק ג'ל אסלה ניחוח ל,מיליליטרים,55.00,"100 מ""ל",false,,9.90,18.0000,true,1,5858
7290011239213,false,עמוס חטיפים מתוקים מ,,,עמוס חטיפים מתוקים מ,גרמים,100.00,100 גרם,false,,5.90,5.9000,true,1,42782
7290011239404,false,עמוס חטיפים שונים אר,,,עמוס חטיפים שונים אר,גרמים,300.00,100 גרם,false,,15.90,5.3000,true,1,42785
7290011240318,false,יין שאטו דה למר קברנ,,,יין שאטו דה למר קברנ,מיליליטרים,750.00,"100 מ""ל",false,,19.90,2.6533,true,1,11968
7290011240837,false,יין שאטו דה למר מרלו,,,יין שאטו דה למר מרלו,מיליליטרים,750.00,"100 מ""ל",false,,19.90,2.6533,true,1,11982
7290011254025,false,דוחן 500 גרם,,,דוחן 500 גרם,גרמים,500.00,100 גרם,false,,8.40,1.6800,true,1,15058
7290011254254,false,שוקולד ציפס 300גר,,,שוקולד ציפס 300גר,גרמים,300.00,100 גרם,false,,9.80,3.2667,true,1,15079
7290011312381,false,פורטבלה על אש מרינה,,,פורטבלה על אש מרינה,גרמים,300.00,100 גרם,false,,15.90,5.3000,true,1,46571
7290011379018,false,פטריות צמד חמד,,,פטריות צמד חמד,גרמים,500.00,100 גרם,false,,16.90,3.3800,true,1,41527
7290011435226,false,דבש מפרחי בר לחיץ 65,,,דבש מפרחי בר לחיץ 65,גרמים,650.00,100 גרם,false,,40.90,6.2923,true,1,22289
7290011438142,false,יטבתה אייס קפה בבקבו,,,יטבתה אייס קפה בבקבו,מיליליטרים,350.00,"100 מ""ל",false,,6.90,1.9714,true,1,23338
7290011447281,false,מטרנה חלבי שלב 2  70,,,מטרנה חלבי שלב 2  70,גרמים,700.00,100 גרם,false,,52.90,7.5571,true,1,18752
7290011473068,false,אורז מעורב אורגני תב,,,אורז מעורב אורגני תב,גרמים,500.00,100 גרם,false,,16.90,3.3800,true,1,3548
7290011473211,false,עדשים אדומות אורגני,,,עדשים אדומות אורגני,גרמים,500.00,100 גרם,false,,13.90,2.7800,true,1,242866
7290011474386,false,קוואקר דק אורגני תבו,,,קוואקר דק אורגני תבו,גרמים,500.00,100 גרם,false,,12.50,2.5000,true,1,3579
7290011499051,false,גד פטה כבשים גביע 20,,,גד פטה כבשים גביע 20,גרמים,250.00,100 גרם,false,,27.70,11.0800,true,1,14664
7290011499105,false,גד בולגרית 5% 250ג,,,גד בולגרית 5% 250ג,גרמים,250.00,100 גרם,false,,23.90,9.5600,true,1,14665
7290011499129,false,גד בולגרית מעודנת קו,,,גד בולגרית מעודנת קו,גרמים,200.00,100 גרם,false,,22.90,11.4500,true,1,14667
7290011499327,false,גד בולגרית בקר מעודנ,,,גד בולגרית בקר מעודנ,גרמים,250.00,100 גרם,false,,23.90,9.5600,true,1,14671
7290011499341,false,קשקבל מחלבות גד 200,,,קשקבל מחלבות גד 200,גרמים,250.00,100 גרם,false,,35.50,14.2000,true,1,14673
7290011499358,false,גד פטה עיזים 20% 200,,,גד פטה עיזים 20% 200,גרמים,200.00,100 גרם,false,,27.90,13.9500,true,1,14674
7290011499365,false,גד חלומי 24% 200ג,,,גד חלומי 24% 200ג,גרמים,200.00,100 גרם,false,,23.90,11.9500,true,1,14675
7290011499419,false,גבינה במרקם  שמנת 5%,,,גבינה במרקם  שמנת 5%,גרמים,200.00,100 גרם,false,,11.90,5.9500,true,1,14677
7290011499624,false,גד ניו יורק גבינת שמ,,,גד ניו יורק גבינת שמ,גרמים,200.00,100 גרם,false,,13.90,6.9500,true,1,14680
7290011518561,false,אקטימל תות משפחתי 14,,,אקטימל תות משפחתי 14,ליטרים,1.40,ליטר,false,,32.90,23.5000,true,1,23343
7290011530532,false,שייט איט יום שני 450,,,שייט איט יום שני 450,גרמים,450.00,100 גרם,false,,30.90,6.8667,true,1,71427
7290011530549,false,שייק איט יום ראשון 4,,,שייק איט יום ראשון 4,גרמים,450.00,100 גרם,false,,30.90,6.8667,true,1,71428
7290011530730,false,שייק איט יום חמישי 4,,,שייק איט יום חמישי 4,גרמים,450.00,100 גרם,false,,30.90,6.8667,true,1,71429
7290011575007,false,הפי-מרסס לאמבט חדש 7,,,הפי-מרסס לאמבט חדש 7,מיליליטרים,750.00,"100 מ""ל",false,,23.70,3.1600,true,1,11320
7290011587468,false,מוזלי קראנצ + אגוז ת,,,מוזלי קראנצ + אגוז ת,גרמים,600.00,100 גרם,false,,14.90,2.4833,true,1,25022
7290011587857,false,עגבניות מיובשות מתוב,,,עגבניות מיובשות מתוב,גרמים,250.00,100 גרם,false,,10.90,4.3600,true,1,25038
7290011593087,false,סבא חביב שמן זית כתי,,,סבא חביב שמן זית כתי,מיליליטרים,750.00,"100 מ""ל",false,,30.90,4.1200,true,1,230941
7290011598211,false,מנקה כללי אנטיקאלק 7,,,מנקה כללי אנטיקאלק 7,מיליליטרים,700.00,"100 מ""ל",false,,19.90,2.8429,true,1,30137
7290011598259,false,סנו פרש אוטומטיק מאס,,,סנו פרש אוטומטיק מאס,מיליליטרים,250.00,"100 מ""ל",false,,14.90,5.9600,true,1,30138
7290011598372,false,סנו סושי מטלית מיקרו,,,סנו סושי מטלית מיקרו,יחידה,0.00,יחידה,false,,13.90,0.0000,true,1,30140
7290011598402,false,מרכך כביסה סנו מקסימ,,,מרכך כביסה סנו מקסימ,ליטרים,4.00,ליטר,false,,23.90,5.9750,true,1,30141
7290011607180,false,"קולון 101 1.25 ק""ג",,,"קולון 101 1.25 ק""ג",קילוגרמים,1.25,"ק""ג",false,,16.90,13.5200,true,1,20880
7290011615260,false,"עלי טורטיה בד""ץ וילי",,,"עלי טורטיה בד""ץ וילי",גרמים,540.00,100 גרם,false,,8.90,1.6481,true,1,2942
7290011615277,false,"עלי טורטיה בד""ץ וילי",,,"עלי טורטיה בד""ץ וילי",גרמים,840.00,100 גרם,false,,15.90,1.8929,true,1,2943
7290011622763,false,ביסקוויטמינים פלוס ו,,,ביסקוויטמינים פלוס ו,גרמים,150.00,100 גרם,false,,16.50,11.0000,true,1,84030
7290011800840,false,צבר רפי כהן טחינה בל,,,צבר רפי כהן טחינה בל,גרמים,400.00,100 גרם,false,,16.90,4.2250,true,1,19784
7290011860271,false,תפוגן ביס בול טבעי 7,,,תפוגן ביס בול טבעי 7,גרמים,700.00,100 גרם,false,,17.90,2.5571,true,1,19786
7290011876494,false,מאמא עוף קפוא שניצל,,,מאמא עוף קפוא שניצל,גרמים,750.00,100 גרם,false,,37.90,5.0533,true,1,25571
7290011877859,false,סנו אינסטלטור פותח ס,,,סנו אינסטלטור פותח ס,מיליליטרים,200.00,"100 מ""ל",false,,15.90,7.9500,true,1,30175
7290011912642,false,מי פה טאגד ליסטרין 5,,,מי פה טאגד ליסטרין 5,מיליליטרים,500.00,"100 מ""ל",false,,23.90,4.7800,true,1,29487
7290011931162,false,סוכרלייט נוזלי 220מל,,,סוכרלייט נוזלי 220מל,מיליליטרים,220.00,"100 מ""ל",false,,30.90,14.0455,true,1,22303
7290011947309,false,זית סורי מבוקע עם לי,,,זית סורי מבוקע עם לי,גרמים,215.00,100 גרם,false,,14.50,6.7442,true,1,24698
7290011947743,false,מיקס זית ירוק וזית ק,,,מיקס זית ירוק וזית ק,גרמים,215.00,100 גרם,false,,14.50,6.7442,true,1,24720
7290011947798,false,זית קלמטה ללא גלעין,,,זית קלמטה ללא גלעין,גרמים,190.00,100 גרם,false,,15.90,8.3684,true,1,118823
7290011964344,false,שום גבישי 120 גר' במ,,,שום גבישי 120 גר' במ,גרמים,120.00,100 גרם,false,,10.90,9.0833,true,1,42417
7290011964658,false,תבלין מלח לימון טעם,,,תבלין מלח לימון טעם,גרמים,170.00,100 גרם,false,,11.90,7.0000,true,1,42423
7290012001994,false,חרדל דיגון גרעינים 3,,,חרדל דיגון גרעינים 3,גרמים,350.00,100 גרם,false,,13.90,3.9714,true,1,5327
7290012019265,false,"מחית תפו""ע ללא סוכר",,,"מחית תפו""ע ללא סוכר",גרמים,452.00,100 גרם,false,,11.90,2.6327,true,1,25054
7290012022227,false,קליליות בטעם טבעי די,,,קליליות בטעם טבעי די,גרמים,60.00,100 גרם,false,,12.90,21.5000,true,1,31548
7290012022272,false,פריכיות קליליות קידס,,,פריכיות קליליות קידס,יחידה,0.00,יחידה,false,,12.90,0.0000,true,1,31549
7290012086113,false,עגבניות שרי,,,עגבניות שרי,גרמים,500.00,100 גרם,false,,9.90,1.9800,true,1,50937
7290012116537,false,אבקת כביסה סנו מקסימ,,,אבקת כביסה סנו מקסימ,קילוגרמים,2.50,"ק""ג",false,,28.90,11.5600,true,1,30190
7290012117091,false,אבקת כביסה סנו מקסימ,,,אבקת כביסה סנו מקסימ,קילוגרמים,6.00,"ק""ג",false,,51.90,8.6500,true,1,30205
7290012117541,false,סנו מקסימה מרכך קומפ,,,סנו מקסימה מרכך קומפ,יחידה,0.00,יחידה,false,,19.90,0.0000,true,1,30219
7290012117558,false,סנו מקסימה מרכך קומפ,,,סנו מקסימה מרכך קומפ,יחידה,0.00,יחידה,false,,19.90,0.0000,true,1,30220
7290012117732,false,מרכך כביסה סנו מקסימ,,,מרכך כביסה סנו מקסימ,ליטרים,4.00,ליטר,false,,23.90,5.9750,true,1,30228
7290012191053,true,המנגליסט גפרור ארוך,,,המנגליסט גפרור ארוך,יחידה,0.00,יחידה,false,,5.90,0.0000,true,1,140358
7290012191107,false,המנגליסט גפרורים XL,,,המנגליסט גפרורים XL,יחידה,0.00,יחידה,false,,6.90,0.0000,true,1,140600
7290012226021,false,סלמי מעושן פראג יבש,,,סלמי מעושן פראג יבש,גרמים,400.00,100 גרם,false,,23.90,5.9750,true,1,39003
7290012226120,false,זוגלובק קבנוס 135ג.,,,זוגלובק קבנוס 135ג.,גרמים,135.00,100 גרם,false,,12.90,9.5556,true,1,39004
7290012226939,false,זוגלובק קבנוס בטעם צ,,,זוגלובק קבנוס בטעם צ,גרמים,135.00,100 גרם,false,,12.90,9.5556,true,1,39013
7290012227912,false,קבנוס מעודן  זוגלובק,,,קבנוס מעודן  זוגלובק,גרמים,135.00,100 גרם,false,,12.90,9.5556,true,1,39048
7290012227974,false,זוגלובק פסטרמה בדבש,,,זוגלובק פסטרמה בדבש,גרמים,120.00,100 גרם,false,,14.90,12.4167,true,1,39049
7290012227981,false,פסטרמה ברביקיו זוגלו,,,פסטרמה ברביקיו זוגלו,גרמים,120.00,100 גרם,false,,14.90,12.4167,true,1,39050
7290012227998,false,זוגלובק  חזה בקר  12,,,זוגלובק  חזה בקר  12,גרמים,120.00,100 גרם,false,,14.90,12.4167,true,1,39051
7290012260827,false,שערות קדאיף  475 גרם,,,שערות קדאיף  475 גרם,גרמים,475.00,100 גרם,false,,14.90,3.1368,true,1,49341
7290012313141,false,פרוסות מלפפון במלח י,,,פרוסות מלפפון במלח י,גרמים,540.00,100 גרם,false,,6.50,1.2037,true,1,44744
7290012313240,false,מיקס זית ירוק וקלמטה,,,מיקס זית ירוק וקלמטה,גרמים,560.00,100 גרם,false,,12.90,2.3036,true,1,113270
7290012372155,false,קמח כוסמין 80% רובינ,,,קמח כוסמין 80% רובינ,קילוגרמים,1.00,"ק""ג",false,,16.90,16.9000,true,1,36811
7290012372209,false,קמח חיטה לבן מנופה ר,,,קמח חיטה לבן מנופה ר,קילוגרמים,1.00,"ק""ג",false,,7.90,7.9000,true,1,279426
7290012372247,false,קמח כוסמין לבן רובינ,,,קמח כוסמין לבן רובינ,קילוגרמים,1.00,"ק""ג",false,,16.90,16.9000,true,1,279480
7290012454561,false,70 סוכריות קישוט לעו,,,70 סוכריות קישוט לעו,גרמים,70.00,100 גרם,false,,5.90,8.4286,true,1,15126
7290012522581,false,טבעול שניצל תירס ללא,,,טבעול שניצל תירס ללא,גרמים,664.00,100 גרם,false,,30.90,4.6536,true,1,19794
7290012557873,false,צנצנת גולים ענק 180,,,צנצנת גולים ענק 180,גרמים,180.00,100 גרם,false,,7.80,4.3333,true,1,13192
7290012576614,false,ברקן יין פרמייר לבן,,,ברקן יין פרמייר לבן,מיליליטרים,750.00,"100 מ""ל",false,,26.90,3.5867,true,1,9528
7290012588242,false,כדורגל מים מינרליים,,,כדורגל מים מינרליים,ליטרים,3.00,ליטר,false,,13.90,4.6333,true,1,9529
7290012645112,false,יוגורט עיזים בדלי 75,,,יוגורט עיזים בדלי 75,מיליליטרים,750.00,"100 מ""ל",false,,21.90,2.9200,true,1,23351
7290012645280,false,יוגורט כבשים בסגנון,,,יוגורט כבשים בסגנון,מיליליטרים,150.00,"100 מ""ל",false,,6.90,4.6000,true,1,23356
7290012645389,false,חלב הארץ יוגורט ביו,,,חלב הארץ יוגורט ביו,ליטרים,1.00,ליטר,false,,23.90,23.9000,true,1,23360
7290012697081,false,סוכרזית מהטבע סטיווי,,,סוכרזית מהטבע סטיווי,גרמים,100.00,100 גרם,false,,34.50,34.5000,true,1,22305
7290012803222,false,טוסו וופל בלגי לימון,,,טוסו וופל בלגי לימון,גרמים,200.00,100 גרם,false,,11.50,5.7500,true,1,5913
7290012803451,false,טוסו שוקלד מריר 62%,,,טוסו שוקלד מריר 62%,גרמים,100.00,100 גרם,false,,12.50,12.5000,true,1,5917
7290012803765,false,טוסו שוקלד מריר 100ג,,,טוסו שוקלד מריר 100ג,גרמים,100.00,100 גרם,false,,12.50,12.5000,true,1,5927
7290012823381,false,סנו מקסימה סנסטיב מר,,,סנו מקסימה סנסטיב מר,יחידה,0.00,יחידה,false,,19.90,0.0000,true,1,30263
7290012823398,false,ריצפז מטליות לחות בנ,,,ריצפז מטליות לחות בנ,יחידה,0.00,יחידה,false,,12.90,0.0000,true,1,30264
7290012823558,false,סנו סושי מטליות ענק,,,סנו סושי מטליות ענק,יחידה,0.00,יחידה,false,,12.90,0.0000,true,1,30268
7290012823602,false,נייר טואלט סופט סילק,,,נייר טואלט סופט סילק,מטרים,588.00,מטר,false,,33.90,0.0577,true,1,30271
7290012850011,false,בי לאב מחית תפוח עץ,,,בי לאב מחית תפוח עץ,גרמים,190.00,100 גרם,false,,5.90,3.1053,true,1,29502
7290012850073,false,בי לאב מחית סלט פירו,,,בי לאב מחית סלט פירו,גרמים,190.00,100 גרם,false,,5.90,3.1053,true,1,29505
7290012884986,false,תפוגן ציפס לתנור עד,,,תפוגן ציפס לתנור עד,קילוגרמים,1.50,"ק""ג",false,,30.90,20.6000,true,1,19804
7290012901355,false,דודלס ארוחת איטריות,,,דודלס ארוחת איטריות,גרמים,206.00,100 גרם,false,,11.90,5.7767,true,1,36880
7290012901973,false,שעועית אדומה 400 גרם,,,שעועית אדומה 400 גרם,גרמים,400.00,100 גרם,false,,10.90,2.7250,true,1,168155
7290012931116,false,"מגב חד להב 40 ס""מ SH",,,"מגב חד להב 40 ס""מ SH",יחידה,0.00,יחידה,false,,23.90,0.0000,true,1,13509
7290012936937,false,מימון בהרט 40 גרם,,,מימון בהרט 40 גרם,גרמים,50.00,100 גרם,false,,12.90,25.8000,true,1,353
7290012936944,false,מימון אגוז מוסקט טחו,,,מימון אגוז מוסקט טחו,גרמים,40.00,100 גרם,false,,15.20,38.0000,true,1,354
7290012938405,false,דאיימונד נייר כסף 87,,,דאיימונד נייר כסף 87,מטרים,7.60,מטר,false,,19.70,2.5921,true,1,3871
7290012938580,false,משחת שיניים הלבנה עד,,,משחת שיניים הלבנה עד,מיליליטרים,75.00,"100 מ""ל",false,,22.70,30.2667,true,1,3873
7290012938597,false,משחת שיניים רפיד רלי,,,משחת שיניים רפיד רלי,מיליליטרים,75.00,"100 מ""ל",false,,25.90,34.5333,true,1,3874
7290012938740,false,משחת שיניים פרש מינט,,,משחת שיניים פרש מינט,מיליליטרים,75.00,"100 מ""ל",false,,22.70,30.2667,true,1,3876
7290012962929,false,כפפות ניטריל סייף טא,,,כפפות ניטריל סייף טא,יחידה,0.00,יחידה,false,,29.90,0.0000,true,1,284336
7290012962943,false,כפפות ניטריל סייף טא,,,כפפות ניטריל סייף טא,יחידה,0.00,יחידה,false,,29.90,0.0000,true,1,284615
7290013027399,false,לחם 100 בתוספת שיפון,,,לחם 100 בתוספת שיפון,גרמים,750.00,100 גרם,false,,15.90,2.1200,true,1,35480
7290013038432,false,אקווה נובה 2 ליטר,,,אקווה נובה 2 ליטר,ליטרים,2.00,ליטר,false,,4.90,2.4500,true,1,9537
7290013117212,false,בורקס פילו גבינה מעד,,,בורקס פילו גבינה מעד,גרמים,600.00,100 גרם,false,,22.90,3.8167,true,1,35635
7290013117243,false,בורקס פילו בולגרית מ,,,בורקס פילו בולגרית מ,גרמים,600.00,100 גרם,false,,22.90,3.8167,true,1,35638
7290013117526,false,מעדנות בצק שמרים למא,,,מעדנות בצק שמרים למא,גרמים,900.00,100 גרם,false,,26.90,2.9889,true,1,35644
7290013121028,false,לחם לבן ללא גלוטן גר,,,לחם לבן ללא גלוטן גר,גרמים,500.00,100 גרם,false,,19.90,3.9800,true,1,49703
7290013144232,false,פודינג וניל 85 גרם,,,פודינג וניל 85 גרם,גרמים,80.00,100 גרם,false,,6.90,8.6250,true,1,15352
7290013144317,false,ג`וני - גלילית וופל,,,ג`וני - גלילית וופל,גרמים,400.00,100 גרם,false,,23.90,5.9750,true,1,15357
7290013144393,false,תמצית בטעם וניל 50גר,,,תמצית בטעם וניל 50גר,גרמים,50.00,100 גרם,false,,4.90,9.8000,true,1,15361
7290013144409,false,תמצית בטעם רום 50גר,,,תמצית בטעם רום 50גר,מיליליטרים,50.00,"100 מ""ל",false,,4.90,9.8000,true,1,15362
7290013144539,false,צבע מאכל אדום 50גר,,,צבע מאכל אדום 50גר,גרמים,50.00,100 גרם,false,,5.20,10.4000,true,1,15368
7290013144560,false,צבע מאכל כחול 50גר,,,צבע מאכל כחול 50גר,גרמים,50.00,100 גרם,false,,5.20,10.4000,true,1,15369
7290013144751,false,מימונס סירופ בטעם מי,,,מימונס סירופ בטעם מי,מיליליטרים,500.00,"100 מ""ל",false,,14.90,2.9800,true,1,15371
7290013144768,false,מימונס סירופ בטעם שו,,,מימונס סירופ בטעם שו,מיליליטרים,500.00,"100 מ""ל",false,,14.90,2.9800,true,1,15372
7290013145093,false,מימונס שקד מולבן גרו,,,מימונס שקד מולבן גרו,גרמים,100.00,100 גרם,false,,13.90,13.9000,true,1,15384
7290013145123,false,מימונס שקד מולבן פרו,,,מימונס שקד מולבן פרו,גרמים,100.00,100 גרם,false,,13.90,13.9000,true,1,15387
7290013145192,false,שומשום 100גר,,,שומשום 100גר,גרמים,100.00,100 גרם,false,,6.90,6.9000,true,1,15392
7290013145246,false,מימונס גרעין חמניה מ,,,מימונס גרעין חמניה מ,גרמים,100.00,100 גרם,false,,6.90,6.9000,true,1,15394
7290013145437,false,מימונס שוקולד ציפס 4,,,מימונס שוקולד ציפס 4,גרמים,250.00,100 גרם,false,,15.50,6.2000,true,1,15400
7290013145444,false,מימונס שוקולד ציפס 6,,,מימונס שוקולד ציפס 6,גרמים,250.00,100 גרם,false,,16.90,6.7600,true,1,15401
7290013145628,false,סוכריות צבעוניות לקי,,,סוכריות צבעוניות לקי,גרמים,200.00,100 גרם,false,,9.90,4.9500,true,1,15409
7290013145710,false,דובדבנים מסוכרים 100,,,דובדבנים מסוכרים 100,גרמים,100.00,100 גרם,false,,9.90,9.9000,true,1,15415
7290013145796,false,מארז צבעי ג'ל למאכל,,,מארז צבעי ג'ל למאכל,מיליליטרים,100.00,"100 מ""ל",false,,49.90,49.9000,true,1,306380
7290013145840,false,מימונס סוכר וניל 10*,,,מימונס סוכר וניל 10*,גרמים,100.00,100 גרם,false,,3.50,3.5000,true,1,15423
7290013145857,false,אבקת אפיה 10* 10 גרם,,,אבקת אפיה 10* 10 גרם,גרמים,100.00,100 גרם,false,,3.50,3.5000,true,1,15424
7290013145956,false,מימונס שמרים יבשים ב,,,מימונס שמרים יבשים ב,גרמים,500.00,100 גרם,false,,14.90,2.9800,true,1,15431
7290013145963,false,מימונס שמרים יבשים ב,,,מימונס שמרים יבשים ב,גרמים,125.00,100 גרם,false,,5.90,4.7200,true,1,15432
7290013146243,false,פודינג בטעם וניל 320,,,פודינג בטעם וניל 320,גרמים,320.00,100 גרם,false,,18.90,5.9062,true,1,337029
7290013146724,false,אייס קפה להכנה ביתית,,,אייס קפה להכנה ביתית,גרמים,350.00,100 גרם,false,,19.90,5.6857,true,1,230238
7290013203182,false,שרי מנומר -ליקופן,,,שרי מנומר -ליקופן,גרמים,200.00,100 גרם,false,,9.90,4.9500,true,1,50938
7290013220042,false,מיקס טרופי 400 גרם ב,,,מיקס טרופי 400 גרם ב,גרמים,400.00,100 גרם,false,,24.90,6.2250,true,1,51606
7290013220127,false,דומדמנית שחורה 500 ג,,,דומדמנית שחורה 500 ג,גרמים,500.00,100 גרם,false,,24.90,4.9800,true,1,51610
7290013268020,false,סנו מקסימה אולטרא פר,,,סנו מקסימה אולטרא פר,יחידה,0.00,יחידה,false,,19.90,0.0000,true,1,30289
7290013268037,false,סנו מקסימה פצ'ולי מר,,,סנו מקסימה פצ'ולי מר,יחידה,0.00,יחידה,false,,19.90,0.0000,true,1,30290
7290013268242,false,ריצפז פרש הום בניחוח,,,ריצפז פרש הום בניחוח,ליטרים,2.00,ליטר,false,,22.90,11.4500,true,1,30297
7290013268839,false,סנו פוליויקס פרקט בנ,,,סנו פוליויקס פרקט בנ,ליטרים,2.00,ליטר,false,,22.90,11.4500,true,1,30322
7290013268884,false,ריצפז פרש מאסק 2 ליט,,,ריצפז פרש מאסק 2 ליט,ליטרים,2.00,ליטר,false,,19.90,9.9500,true,1,30324
7290013268990,false,סנו מקסימה מרכך מרוכ,,,סנו מקסימה מרכך מרוכ,יחידה,0.00,יחידה,false,,19.90,0.0000,true,1,30329
7290013269263,false,מקסימה גל כביסה קריס,,,מקסימה גל כביסה קריס,ליטרים,3.00,ליטר,false,,35.90,11.9667,true,1,30336
7290013269621,false,ריצפז פרש הום בניחוח,,,ריצפז פרש הום בניחוח,ליטרים,2.00,ליטר,false,,22.90,11.4500,true,1,30344
7290013269645,false,ריצפז פרש מטליות לחו,,,ריצפז פרש מטליות לחו,יחידה,0.00,יחידה,false,,12.90,0.0000,true,1,30346
7290013269690,false,סנובון ג'ל אסלה לימו,,,סנובון ג'ל אסלה לימו,מיליליטרים,55.00,"100 מ""ל",false,,7.90,14.3636,true,1,30349
7290013269751,false,ריצפז מטליות לחות לנ,,,ריצפז מטליות לחות לנ,יחידה,0.00,יחידה,false,,12.90,0.0000,true,1,30351
7290013276117,false,בירה נגב אואזיס חדש,,,בירה נגב אואזיס חדש,מיליליטרים,330.00,"100 מ""ל",false,,14.90,4.5152,true,1,7350
7290013284198,false,מלפפון בחומץ 13-17 פ,פריניר,,מלפפון בחומץ 13-17 פ,גרמים,560.00,100 גרם,false,,9.90,1.7679,true,1,41319
7290013284204,false,מלפפון בחומץ 18-25 פ,פריניר,,מלפפון בחומץ 18-25 פ,גרמים,560.00,100 גרם,false,,9.90,1.7679,true,1,41320
7290013358356,false,מאסטר שף פירורי לחם,,,מאסטר שף פירורי לחם,גרמים,350.00,100 גרם,false,,9.90,2.8286,true,1,21492
7290013358363,false,מאסטר שף  פירורי לחם,,,מאסטר שף  פירורי לחם,גרמים,300.00,100 גרם,false,,10.50,3.5000,true,1,21493
7290013358486,false,מאסטר שף פירורים  מו,,,מאסטר שף פירורים  מו,גרמים,300.00,100 גרם,false,,9.90,3.3000,true,1,21502
7290013358493,false,מאסטר שף אסייאתי קרם,,,מאסטר שף אסייאתי קרם,מיליליטרים,400.00,"100 מ""ל",false,,9.90,2.4750,true,1,21503
7290013358806,false,מאגדת פריכיות עם מלח,,,מאגדת פריכיות עם מלח,גרמים,264.00,100 גרם,false,,12.90,4.8864,true,1,21514
7290013358837,false,מאגדת פריכיות אורז ל,,,מאגדת פריכיות אורז ל,גרמים,264.00,100 גרם,false,,12.90,4.8864,true,1,21515
7290013389381,false,"קמח תירס תומר 1 ק""ג",,,"קמח תירס תומר 1 ק""ג",קילוגרמים,1.00,"ק""ג",false,,11.90,11.9000,true,1,25103
7290013412966,false,תולי מגבונים לחים 4*,,,תולי מגבונים לחים 4*,יחידה,0.00,יחידה,false,,11.90,0.0000,true,1,29519
7290013424914,false,אפרסק פלחים קפוא 500,,,אפרסק פלחים קפוא 500,גרמים,500.00,100 גרם,false,,12.90,2.5800,true,1,141318
7290013424921,false,קיווי פרוס קפוא 500,,,קיווי פרוס קפוא 500,גרמים,500.00,100 גרם,false,,12.90,2.5800,true,1,141331
7290013424952,false,אננס חתוך קפוא 500 ג,,,אננס חתוך קפוא 500 ג,גרמים,500.00,100 גרם,false,,12.90,2.5800,true,1,141332
7290013472199,false,וילי פוד ערמונים 100,,,וילי פוד ערמונים 100,גרמים,100.00,100 גרם,false,,6.90,6.9000,true,1,2959
7290013531117,false,רוטב לפסטה לילדים יכ,,,רוטב לפסטה לילדים יכ,גרמים,260.00,100 גרם,false,,6.50,2.5000,true,1,8723
7290013531582,false,זיתים חרוזית מגולעני,,,זיתים חרוזית מגולעני,גרמים,600.00,100 גרם,false,,11.90,1.9833,true,1,8733
7290013531759,false,שעועית אפויה במים יכ,,,שעועית אפויה במים יכ,גרמים,550.00,100 גרם,false,,10.90,1.9818,true,1,8742
7290013534057,false,מיה ציפס בטטה טבעי 1,,,מיה ציפס בטטה טבעי 1,גרמים,100.00,100 גרם,false,,9.90,9.9000,true,1,15133
7290013585233,false,פחית סליק 330 מל ZER,,,פחית סליק 330 מל ZER,מיליליטרים,330.00,"100 מ""ל",false,,5.50,1.6667,true,1,7078
7290013585387,false,קולה זירו 1 ליטר,,,קולה זירו 1 ליטר,ליטרים,1.00,ליטר,false,,7.90,7.9000,true,1,7090
7290013585394,false,קוקה קולה 1 ליטר,,,קוקה קולה 1 ליטר,ליטרים,1.00,ליטר,false,,7.90,7.9000,true,1,7091
7290013608260,false,פרימור מיץ רימונים ס,,,פרימור מיץ רימונים ס,יחידה,0.00,יחידה,false,,22.90,0.0000,true,1,23365
7290013652157,false,מגב.הסרת איפור ע.רגי,,,מגב.הסרת איפור ע.רגי,יחידה,0.00,יחידה,false,,26.90,0.0000,true,1,29172
7290013847645,false,טונה בשמן זית סטארקי,,,טונה בשמן זית סטארקי,גרמים,240.00,100 גרם,false,,19.90,8.2917,true,1,26700
7290013848383,false,ג'ל רחצה אנטי בלוק ק,,,ג'ל רחצה אנטי בלוק ק,מיליליטרים,700.00,"100 מ""ל",false,,19.90,2.8429,true,1,30367
7290013848437,false,דאודורנט ספריי קרמה,,,דאודורנט ספריי קרמה,מיליליטרים,200.00,"100 מ""ל",false,,14.90,7.4500,true,1,30369
7290013883407,false,דזיטול מחטא ומשמיד ח,,,דזיטול מחטא ומשמיד ח,מיליליטרים,700.00,"100 מ""ל",false,,19.90,2.8429,true,1,11349
7290013906441,false,טירת צבי קבנוס 120 ג,,,טירת צבי קבנוס 120 ג,גרמים,120.00,100 גרם,false,,10.90,9.0833,true,1,25390
7290013906458,false,טירת צבי קבנוס פיקנט,,,טירת צבי קבנוס פיקנט,גרמים,120.00,100 גרם,false,,9.90,8.2500,true,1,25391
7290013906694,false,"נקניקיות עוף 1.5 ק""ג",,,"נקניקיות עוף 1.5 ק""ג",קילוגרמים,1.50,"100 ק""ג",false,,35.90,2393.3333,true,1,256804
7290014002203,false,תה חליטת לימונית ולו,,,תה חליטת לימונית ולו,גרמים,37.50,100 גרם,false,,17.90,47.7333,true,1,24737
7290014002944,false,תה גן קסום חליטת חמא,,,תה גן קסום חליטת חמא,גרמים,62.50,100 גרם,false,,17.90,28.6400,true,1,24749
7290014059085,false,משחה לשיקום והגנה סנ,,,משחה לשיקום והגנה סנ,מיליליטרים,75.00,"100 מ""ל",false,,25.90,34.5333,true,1,3892
7290014059436,false,משחת שיניים לשיקום ס,,,משחת שיניים לשיקום ס,מיליליטרים,75.00,"100 מ""ל",false,,25.90,34.5333,true,1,3898
7290014066526,false,לנדוור קפסולות אספרס,,,לנדוור קפסולות אספרס,יחידה,0.00,יחידה,false,,16.90,0.0000,true,1,64335
7290014079014,false,לבבות קיסר,,,לבבות קיסר,גרמים,300.00,100 גרם,false,,10.90,3.6333,true,1,35569
7290014079076,false,נבטי אלפלפא,,,נבטי אלפלפא,יח',1.00,יח',false,,6.90,6.9000,true,1,41529
7290014079847,false,פטריות בייבי בלה מאר,,,פטריות בייבי בלה מאר,יח',1.00,יח',false,,14.90,14.9000,true,1,41535
7290014079854,false,זוג לבבות חסה ארץ הג,,,זוג לבבות חסה ארץ הג,יח',1.00,יח',false,,10.90,10.9000,true,1,41536
7290014094260,false,שום קלוף 200 גרם,,,שום קלוף 200 גרם,גרמים,200.00,100 גרם,false,,10.90,5.4500,true,1,41538
7290014094390,false,חמוציות מסוכרות בקופ,,,חמוציות מסוכרות בקופ,גרמים,330.00,100 גרם,false,,14.90,4.5152,true,1,4702
7290014095861,false,שיבולת שועל דקה קווא,,,שיבולת שועל דקה קווא,גרמים,500.00,100 גרם,false,,6.90,1.3800,true,1,4737
7290014095946,false,פקאן בציפוי שוקולד מ,,,פקאן בציפוי שוקולד מ,גרמים,140.00,100 גרם,false,,11.90,8.5000,true,1,4738
7290014095960,false,שיבולת שועל עבה קווא,,,שיבולת שועל עבה קווא,גרמים,500.00,100 גרם,false,,6.90,1.3800,true,1,4740
7290014217003,false,תבלין פפריקה מעושנת,,,תבלין פפריקה מעושנת,גרמים,90.00,100 גרם,false,,11.30,12.5556,true,1,42428
7290014217348,false,תבליני טעם וריח צילי,,,תבליני טעם וריח צילי,גרמים,70.00,100 גרם,false,,10.80,15.4286,true,1,42444
7290014217355,false,תבלין אבקת קרי טעם ו,,,תבלין אבקת קרי טעם ו,גרמים,100.00,100 גרם,false,,11.80,11.8000,true,1,42445
7290014217522,false,תבלין תערובת לחם שום,,,תבלין תערובת לחם שום,גרמים,100.00,100 גרם,false,,11.90,11.9000,true,1,42450
7290014218536,false,בצק עלים מופחת שומן,,,בצק עלים מופחת שומן,קילוגרמים,1.00,"ק""ג",false,,23.90,23.9000,true,1,35668
7290014218932,false,חטיפי פיצה בתוספת זי,,,חטיפי פיצה בתוספת זי,גרמים,710.00,100 גרם,false,,35.90,5.0563,true,1,35694
7290014256620,false,יין באזז קריניאנו 75,,,יין באזז קריניאנו 75,מיליליטרים,750.00,"100 מ""ל",false,,31.90,4.2533,true,1,562
7290014258716,false,מטרנה צמחי 700 גר',,,מטרנה צמחי 700 גר',גרמים,700.00,100 גרם,false,,53.90,7.7000,true,1,18776
7290014325036,false,ג'לי שמחות 600 גרם,,,ג'לי שמחות 600 גרם,גרמים,600.00,100 גרם,false,,20.90,3.4833,true,1,15191
7290014325531,false,חמאת בוטנים 500 גרם,,,חמאת בוטנים 500 גרם,גרמים,500.00,100 גרם,false,,12.90,2.5800,true,1,15207
7290014397453,false,סנו אוקסיג'ן לכביסה,,,סנו אוקסיג'ן לכביסה,ליטרים,3.00,ליטר,false,,31.90,10.6333,true,1,30419
7290014435704,false,סלמון מעושן סלטי שמי,,,סלמון מעושן סלטי שמי,גרמים,100.00,100 גרם,false,,23.90,23.9000,true,1,17745
7290014435803,false,מטיאס הולנדי פרובנצי,,,מטיאס הולנדי פרובנצי,גרמים,180.00,100 גרם,false,,18.90,10.5000,true,1,17747
7290014435810,false,הרינג כבוש עם בצל במ,,,הרינג כבוש עם בצל במ,גרמים,180.00,100 גרם,false,,18.90,10.5000,true,1,17748
7290014435834,false,מקרל מעושן פרוס בשמן,,,מקרל מעושן פרוס בשמן,גרמים,180.00,100 גרם,false,,24.90,13.8333,true,1,17750
7290014435841,false,פילה מטיאס הולנדי  ב,,,פילה מטיאס הולנדי  ב,גרמים,180.00,100 גרם,false,,18.90,10.5000,true,1,17751
7290014435889,false,סלט מטיאס עם מיונז 1,,,סלט מטיאס עם מיונז 1,גרמים,180.00,100 גרם,false,,18.90,10.5000,true,1,17753
7290014455245,false,גד גרנה פדנו משולש כ,,,גד גרנה פדנו משולש כ,גרמים,200.00,100 גרם,false,,26.50,13.2500,true,1,14694
7290014455320,false,גד כדור מוצרלה פרסקה,,,גד כדור מוצרלה פרסקה,גרמים,100.00,100 גרם,false,,10.90,10.9000,true,1,14698
7290014459472,false,תפוגן צ`יפס קלאסי 2,,,תפוגן צ`יפס קלאסי 2,קילוגרמים,2.00,"ק""ג",false,,29.90,14.9500,true,1,19821
7290014466128,false,יקבי רמת הגולן הר חר,,,יקבי רמת הגולן הר חר,מיליליטרים,750.00,"100 מ""ל",false,,39.90,5.3200,true,1,41631
7290014471443,false,גרנולה צימוקים אגוזי,,,גרנולה צימוקים אגוזי,קילוגרמים,1.00,"ק""ג",false,,19.90,19.9000,true,1,4744
7290014525016,false,חטיף בטעם יוגורט תות,,,חטיף בטעם יוגורט תות,גרמים,180.00,100 גרם,false,,11.90,6.6111,true,1,21525
7290014525177,false,דגנים יוגורט פירות י,,,דגנים יוגורט פירות י,גרמים,182.00,100 גרם,false,,11.90,6.5385,true,1,21531
7290014525313,false,חטיף מרבה קריספי שוק,,,חטיף מרבה קריספי שוק,גרמים,125.00,100 גרם,false,,11.90,9.5200,true,1,21541
7290014673021,false,תבליני מימון פלפל שח,,,תבליני מימון פלפל שח,גרמים,100.00,100 גרם,false,,15.20,15.2000,true,1,356
7290014673359,false,מלח לימון 400 גר,,,מלח לימון 400 גר,גרמים,400.00,100 גרם,false,,23.00,5.7500,true,1,359
7290014673410,false,מימון פלפל שחור גרוס,,,מימון פלפל שחור גרוס,גרמים,250.00,100 גרם,false,,33.90,13.5600,true,1,365
7290014673434,false,פלפל שחור גרוס דק בש,,,פלפל שחור גרוס דק בש,גרמים,80.00,100 גרם,false,,9.30,11.6250,true,1,366
7290014692299,false,גבינת ברי 125 גרם EU,,,גבינת ברי 125 גרם EU,גרמים,125.00,100 גרם,false,,19.90,15.9200,true,1,2991
7290014692305,false,גבינת קממבר 125 גרם,,,גבינת קממבר 125 גרם,גרמים,125.00,100 גרם,false,,19.90,15.9200,true,1,2992
7290014731264,false,כוסות לשתיה קרה חד פ,,,כוסות לשתיה קרה חד פ,יח',100.00,יח',false,,7.90,0.0790,true,1,28137
7290014731271,false,כוסות שתיה קרה 80 יח,,,כוסות שתיה קרה 80 יח,יחידה,0.00,יחידה,false,,6.90,0.0000,true,1,316729
7290014749764,false,שניצל עוף ביתי כזה ע,,,שניצל עוף ביתי כזה ע,גרמים,700.00,100 גרם,false,,45.90,6.5571,true,1,66084
7290014749849,false,שניצל עוף דקיק בציפו,,,שניצל עוף דקיק בציפו,גרמים,720.00,100 גרם,false,,41.20,5.7222,true,1,147800
7290014749887,false,שניצל עוף דקיק ענקיס,,,שניצל עוף דקיק ענקיס,גרמים,720.00,100 גרם,false,,40.90,5.6806,true,1,147787
7290014758100,false,יוגורט תנובה 3% 8*15,,,יוגורט תנובה 3% 8*15,קילוגרמים,1.20,"ק""ג",false,,17.90,14.9167,true,1,26020
7290014758117,false,יוגורט תנובה 1.5% 8*,,,יוגורט תנובה 1.5% 8*,קילוגרמים,1.20,"ק""ג",false,,17.90,14.9167,true,1,26021
7290014759084,false,נפוליאון 16% 225גר,,,נפוליאון 16% 225גר,גרמים,225.00,100 גרם,false,,14.90,6.6222,true,1,26028
7290014759534,false,פיראוס בולגרית למריח,,,פיראוס בולגרית למריח,גרמים,200.00,100 גרם,false,,14.90,7.4500,true,1,26032
7290014759909,false,פיראוס פטה עזים פירא,,,פיראוס פטה עזים פירא,גרמים,250.00,100 גרם,false,,29.40,11.7600,true,1,26035
7290014760134,false,גביע מעדן סויה בטעם,,,גביע מעדן סויה בטעם,גרמים,125.00,100 גרם,false,,3.90,3.1200,true,1,26040
7290014760141,false,תנובה משקה שקדים טרי,,,תנובה משקה שקדים טרי,יחידה,0.00,יחידה,false,,14.50,0.0000,true,1,26041
7290014760448,false,גלבוע 22% 400 גרם,,,גלבוע 22% 400 גרם,גרמים,400.00,100 גרם,false,,24.90,6.2250,true,1,26044
7290014760912,false,גוש חלב 28% מהדרין 4,,,גוש חלב 28% מהדרין 4,גרמים,400.00,100 גרם,false,,26.90,6.7250,true,1,26048
7290014761056,false,יולו שוקולד חלב מעול,,,יולו שוקולד חלב מעול,גרמים,122.00,100 גרם,false,,4.90,4.0164,true,1,26050
7290014761063,false,יולו שוקולד מריר מעו,,,יולו שוקולד מריר מעו,גרמים,122.00,100 גרם,false,,4.90,4.0164,true,1,26051
7290014761070,false,יולו שוקולד לבן מעול,,,יולו שוקולד לבן מעול,גרמים,122.00,100 גרם,false,,4.90,4.0164,true,1,26052
7290014761414,false,יולו מעדן שכבות שוקו,,,יולו מעדן שכבות שוקו,גרמים,122.00,100 גרם,false,,4.90,4.0164,true,1,26061
7290014762909,false,פתיתי מוצרלה 200 גר`,,,פתיתי מוצרלה 200 גר`,גרמים,200.00,100 גרם,false,,16.90,8.4500,true,1,26090
7290014762947,false,לאבנה גלילית פיראוס,,,לאבנה גלילית פיראוס,גרמים,750.00,100 גרם,false,,23.90,3.1867,true,1,26092
7290014789913,false,עוגיות אוראו  מארז 3,,,עוגיות אוראו  מארז 3,גרמים,528.00,100 גרם,false,,23.90,4.5265,true,1,5109
7290014803503,false,רוטב פלפל חריף 100 מ,,,רוטב פלפל חריף 100 מ,מיליליטרים,100.00,"100 מ""ל",false,,8.90,8.9000,true,1,15968
7290014803756,false,רוטב טריאקי פתאי 300,,,רוטב טריאקי פתאי 300,מיליליטרים,100.00,"100 מ""ל",false,,7.90,7.9000,true,1,15974
7290014855434,false,בייביסיטר פרפורמנס מ,,,בייביסיטר פרפורמנס מ,יחידה,0.00,יחידה,false,,17.90,0.0000,true,1,29533
7290014855458,false,מגבוני בייבי פרפורמנ,,,מגבוני בייבי פרפורמנ,יחידה,0.00,יחידה,false,,17.90,0.0000,true,1,29534
7290014860070,false,"מקלוני אורז 5 מ""מ לל",,,"מקלוני אורז 5 מ""מ לל",גרמים,454.00,100 גרם,false,,10.90,2.4009,true,1,47525
7290014860247,false,שבבי אורז מרובעים לל,,,שבבי אורז מרובעים לל,גרמים,227.00,100 גרם,false,,9.90,4.3612,true,1,283789
7290014905160,false,הפי פניני ריח תפוז\ו,,,הפי פניני ריח תפוז\ו,גרמים,130.00,100 גרם,false,,15.90,12.2308,true,1,11366
7290014905733,false,הפי מרסס לניקוי חלונ,,,הפי מרסס לניקוי חלונ,מיליליטרים,750.00,"100 מ""ל",false,,9.90,1.3200,true,1,11379
7290014940901,false,לחם פשוט מלא אנגל 75,,,לחם פשוט מלא אנגל 75,גרמים,750.00,100 גרם,false,,15.90,2.1200,true,1,35490
7290014945906,false,מטליות לחות לניקוי כ,,,מטליות לחות לניקוי כ,יחידה,0.00,יחידה,false,,6.90,0.0000,true,1,57012
7290014974562,false,עלמה גביעי גלידה 24,,,עלמה גביעי גלידה 24,גרמים,120.00,100 גרם,false,,6.90,5.7500,true,1,41332
7290015009126,false,עלי טורטייה קמח מלא,,,עלי טורטייה קמח מלא,גרמים,420.00,100 גרם,false,,15.90,3.7857,true,1,47854
7290015025942,false,קרם ידיים מועשר בשמן,,,קרם ידיים מועשר בשמן,מיליליטרים,80.00,"100 מ""ל",false,,8.80,11.0000,true,1,5995
7290015150088,false,מחית עגבניות בלה איט,,,מחית עגבניות בלה איט,גרמים,700.00,100 גרם,false,,12.90,1.8429,true,1,24773
7290015150118,false,עגבניות חתוכות דק בל,,,עגבניות חתוכות דק בל,גרמים,400.00,100 גרם,false,,19.90,4.9750,true,1,24776
7290015150200,false,עגבניות חתוכות דק  ו,,,עגבניות חתוכות דק  ו,גרמים,400.00,100 גרם,false,,6.90,1.7250,true,1,24777
7290015155830,false,פאוץ' פרינוק מחית תפ,,,פאוץ' פרינוק מחית תפ,גרמים,120.00,100 גרם,false,,5.90,4.9167,true,1,3656
7290015156776,false,פאוץ' פרינוק פירות ט,,,פאוץ' פרינוק פירות ט,גרמים,120.00,100 גרם,false,,5.90,4.9167,true,1,3663
7290015156790,false,פאוץ' פרינוק לפתן פי,,,פאוץ' פרינוק לפתן פי,גרמים,120.00,100 גרם,false,,5.90,4.9167,true,1,3664
7290015193832,false,ארומה קרקר עם שומשום,,,ארומה קרקר עם שומשום,גרמים,300.00,100 גרם,false,,9.80,3.2667,true,1,41382
7290015193849,false,ארומה קרקר עם מלח 30,,,ארומה קרקר עם מלח 30,גרמים,300.00,100 גרם,false,,9.80,3.2667,true,1,41383
7290015253321,false,"פחם 2 ק""ג ירוק פרימי",,,"פחם 2 ק""ג ירוק פרימי",קילוגרמים,2.00,"ק""ג",false,,14.90,7.4500,true,1,92613
7290015282000,false,איקרה אדומה סלטי שמי,,,איקרה אדומה סלטי שמי,גרמים,200.00,100 גרם,false,,13.90,6.9500,true,1,17756
7290015282024,false,איקרה לבנה סלטי שמיר,,,איקרה לבנה סלטי שמיר,גרמים,200.00,100 גרם,false,,13.90,6.9500,true,1,17758
7290015282390,false,סלט תורכי 200 ג שמיר,,,סלט תורכי 200 ג שמיר,גרמים,200.00,100 גרם,false,,12.90,6.4500,true,1,17772
7290015282581,false,חומוס אבו גוש עם חרי,,,חומוס אבו גוש עם חרי,גרמים,200.00,100 גרם,false,,10.90,5.4500,true,1,17775
7290015282598,false,חומוס מסעדות,,,חומוס מסעדות,גרמים,200.00,100 גרם,false,,10.90,5.4500,true,1,17776
7290015282604,false,טחינה מיוחדת,,,טחינה מיוחדת,גרמים,200.00,100 גרם,false,,10.90,5.4500,true,1,17777
7290015282628,false,חציל בטעם כבד סלטי ש,,,חציל בטעם כבד סלטי ש,גרמים,200.00,100 גרם,false,,12.90,6.4500,true,1,17779
7290015282635,false,חומוס מסבחה,,,חומוס מסבחה,גרמים,200.00,100 גרם,false,,10.90,5.4500,true,1,17780
7290015282642,false,חומוס אבו גוש,,,חומוס אבו גוש,גרמים,200.00,100 גרם,false,,10.90,5.4500,true,1,17781
7290015282666,false,סלט טונה בריאות 200,,,סלט טונה בריאות 200,גרמים,200.00,100 גרם,false,,17.90,8.9500,true,1,17782
7290015282673,false,חציל במיונז ביתי,,,חציל במיונז ביתי,גרמים,200.00,100 גרם,false,,10.90,5.4500,true,1,17783
7290015282680,false,קישוא בטעם כבד סלטי,,,קישוא בטעם כבד סלטי,גרמים,200.00,100 גרם,false,,12.90,6.4500,true,1,17784
7290015282697,false,סלט כרוב אדום 200ג ש,,,סלט כרוב אדום 200ג ש,גרמים,200.00,100 גרם,false,,12.90,6.4500,true,1,17785
7290015282727,false,גזר מרוקאי ברוטב פיק,,,גזר מרוקאי ברוטב פיק,גרמים,200.00,100 גרם,false,,12.90,6.4500,true,1,17787
7290015282734,false,מטבוחה ביתית.,,,מטבוחה ביתית.,גרמים,200.00,100 גרם,false,,12.90,6.4500,true,1,17788
7290015282796,false,סלט תפוח אדמה 200 ג,,,סלט תפוח אדמה 200 ג,גרמים,200.00,100 גרם,false,,12.90,6.4500,true,1,17794
7290015324038,false,טעם וריח פפריקה בשמן,,,טעם וריח פפריקה בשמן,גרמים,80.00,100 גרם,false,,7.90,9.8750,true,1,42455
7290015324090,false,טעם וריח כמון שקית 8,,,טעם וריח כמון שקית 8,גרמים,80.00,100 גרם,false,,7.90,9.8750,true,1,42461
7290015324106,false,טעם וריח כורכום שקית,,,טעם וריח כורכום שקית,גרמים,80.00,100 גרם,false,,7.90,9.8750,true,1,42462
7290015324120,false,טעם וריח שום גבישי ב,,,טעם וריח שום גבישי ב,גרמים,80.00,100 גרם,false,,10.10,12.6250,true,1,42464
7290015324175,false,תערובת תיבול לשווארמ,,,תערובת תיבול לשווארמ,גרמים,80.00,100 גרם,false,,7.00,8.7500,true,1,42467
7290015328203,false,רב שקע (מפצל) 4 שקעי,,,רב שקע (מפצל) 4 שקעי,יחידה,0.00,יחידה,false,,22.90,0.0000,true,1,13212
7290015328210,false,רב שקע (מפצל) 5 שקעי,,,רב שקע (מפצל) 5 שקעי,יחידה,0.00,יחידה,false,,24.90,0.0000,true,1,13213
7290015328272,false,כבל מאריך יצוק 5 מטר,,,כבל מאריך יצוק 5 מטר,יחידה,0.00,יחידה,false,,28.90,0.0000,true,1,13217
7290015328531,false,להבונים 50 יח' 3 שעו,,,להבונים 50 יח' 3 שעו,יחידה,0.00,יחידה,false,,10.90,0.0000,true,1,13232
7290015328647,false,נר נשמה בפח 24 שעות,,,נר נשמה בפח 24 שעות,יחידה,0.00,יחידה,false,,1.90,0.0000,true,1,13239
7290015347273,false,נטיפי שוקולד מריר לא,,,נטיפי שוקולד מריר לא,גרמים,250.00,100 גרם,false,,9.90,3.9600,true,1,15218
7290015347488,false,סוכר דמררה בשקית מיה,,,סוכר דמררה בשקית מיה,קילוגרמים,1.00,"ק""ג",false,,9.90,9.9000,true,1,15233
7290015366380,false,אנתוש ספריי 70 מ`ל,,,אנתוש ספריי 70 מ`ל,מיליליטרים,70.00,"100 מ""ל",false,,14.90,21.2857,true,1,3951
7290015366663,false,מש.שיניים מנטה עדין,,,מש.שיניים מנטה עדין,גרמים,100.00,100 גרם,false,,7.90,7.9000,true,1,3958
7290015366670,false,מש.שיניים מנטה אקווה,,,מש.שיניים מנטה אקווה,גרמים,100.00,100 גרם,false,,7.90,7.9000,true,1,3959
7290015395045,false,קינואה שקדיה 400 גרם,,,קינואה שקדיה 400 גרם,גרמים,400.00,100 גרם,false,,13.90,3.4750,true,1,4786
7290015437578,false,מוזלי קראנצי צימוק ת,,,מוזלי קראנצי צימוק ת,גרמים,600.00,100 גרם,false,,14.90,2.4833,true,1,25154
7290015572033,false,שרי צהוב,,,שרי צהוב,יח',1.00,יח',false,,9.90,9.9000,true,1,46576
7290015603188,false,אטריות ביצים מזרח ומ,,,אטריות ביצים מזרח ומ,גרמים,454.00,100 גרם,false,,10.90,2.4009,true,1,47531
7290015603522,false,נוזל אגוזי קוקוס 5-7,,,נוזל אגוזי קוקוס 5-7,מיליליטרים,400.00,"100 מ""ל",false,,6.90,1.7250,true,1,47537
7290015603546,false,שימורי קרם קוקוס 17-,,,שימורי קרם קוקוס 17-,מיליליטרים,400.00,"100 מ""ל",false,,8.90,2.2250,true,1,47538
7290015603584,false,ג'ינג'ר לבן כבוש ללא,,,ג'ינג'ר לבן כבוש ללא,גרמים,160.00,100 גרם,false,,8.90,5.5625,true,1,47540
7290015603591,false,ג'ינג'ר ורוד כבוש לל,,,ג'ינג'ר ורוד כבוש לל,גרמים,160.00,100 גרם,false,,8.90,5.5625,true,1,341360
7290015603638,false,אורז עגול קלרוז לסוש,,,אורז עגול קלרוז לסוש,קילוגרמים,1.00,"ק""ג",false,,11.90,11.9000,true,1,47541
7290015652254,false,גרעיני חמניה קלויים,,,גרעיני חמניה קלויים,גרמים,400.00,100 גרם,false,,10.00,2.5000,true,1,4807
7290015652315,false,חמוציות מסוכרות ששון,,,חמוציות מסוכרות ששון,גרמים,300.00,100 גרם,false,,10.00,3.3333,true,1,4813
7290015733229,false,מטרנה אקסטרה קר מהדר,,,מטרנה אקסטרה קר מהדר,גרמים,700.00,100 גרם,false,,64.90,9.2714,true,1,18788
7290015766005,false,שרי וויטני יחידה,,,שרי וויטני יחידה,גרמים,500.00,100 גרם,false,,9.90,1.9800,true,1,50940
7290015781008,false,ויז'ן מרלו,,,ויז'ן מרלו,מיליליטרים,750.00,"100 מ""ל",false,,39.90,5.3200,true,1,11817
7290015781091,false,ויז'ן קברנה סובניון,,,ויז'ן קברנה סובניון,מיליליטרים,750.00,"100 מ""ל",false,,39.90,5.3200,true,1,11821
7290015781114,false,אימפרשן מרלו,,,אימפרשן מרלו,מיליליטרים,750.00,"100 מ""ל",false,,49.90,6.6533,true,1,11823
7290015781169,false,אימפרשן אדום חצי יבש,,,אימפרשן אדום חצי יבש,מיליליטרים,750.00,"100 מ""ל",false,,49.90,6.6533,true,1,11828
7290015781305,false,אימפרשן יין סירה,,,אימפרשן יין סירה,מיליליטרים,750.00,"100 מ""ל",false,,49.90,6.6533,true,1,11833
7290015858175,false,ממרח פלפלים קלויים ע,,,ממרח פלפלים קלויים ע,גרמים,180.00,100 גרם,false,,16.90,9.3889,true,1,23380
7290015872096,false,חומוס אסלי שמיר 700,,,חומוס אסלי שמיר 700,גרמים,700.00,100 גרם,false,,8.90,1.2714,true,1,17799
7290015872553,false,חומוס מסעדה שמיר 700,,,חומוס מסעדה שמיר 700,גרמים,700.00,100 גרם,false,,9.90,1.4143,true,1,17802
7290015951869,false,יקבי רמת הגולן הר חר,,,יקבי רמת הגולן הר חר,מיליליטרים,750.00,"100 מ""ל",false,,39.90,5.3200,true,1,41652
7290015951890,false,יקבי רמת הגולן הר חר,,,יקבי רמת הגולן הר חר,מיליליטרים,750.00,"100 מ""ל",false,,39.90,5.3200,true,1,41653
7290016087215,false,עגבניות מרוסקות מרוכ,,,עגבניות מרוסקות מרוכ,גרמים,230.00,100 גרם,false,,5.50,2.3913,true,1,41391
7290016096491,false,נתחי טונה בשמן צמחי,,,נתחי טונה בשמן צמחי,גרמים,240.00,100 גרם,false,,11.90,4.9583,true,1,26593
7290016096675,false,טונה בשמן זית פילטונ,,,טונה בשמן זית פילטונ,גרמים,240.00,100 גרם,false,,17.90,7.4583,true,1,26598
7290016096934,false,סלט טונה 2 יח' פילטו,,,סלט טונה 2 יח' פילטו,גרמים,320.00,100 גרם,false,,12.90,4.0313,true,1,156159
7290016098181,false,ביסקוויט אותיות אלף-,,,ביסקוויט אותיות אלף-,גרמים,200.00,100 גרם,false,,4.90,2.4500,true,1,100702
7290016104615,false,סילאן תמרים 900 גרם,,,סילאן תמרים 900 גרם,גרמים,900.00,100 גרם,false,,12.90,1.4333,true,1,13282
7290016135541,false,אטריות ביצים 3 צבעים,,,אטריות ביצים 3 צבעים,גרמים,400.00,100 גרם,false,,10.90,2.7250,true,1,3670
7290016150117,false,מעדן סלק בוואקום 500,,,מעדן סלק בוואקום 500,גרמים,500.00,100 גרם,false,,5.90,1.1800,true,1,47230
7290016150711,false,AVEL נוזל קוקוס תאיל,,,AVEL נוזל קוקוס תאיל,מיליליטרים,400.00,"100 מ""ל",false,,5.90,1.4750,true,1,48894
7290016197495,false,מטלית קסם לרצפה מארז,,,מטלית קסם לרצפה מארז,יחידה,0.00,יחידה,false,,24.90,0.0000,true,1,9089
7290016217735,false,חציל על האש סלטי שמי,,,חציל על האש סלטי שמי,גרמים,200.00,100 גרם,false,,10.90,5.4500,true,1,17806
7290016217742,false,חציל בטחינה סלטי שמי,,,חציל בטחינה סלטי שמי,גרמים,200.00,100 גרם,false,,10.90,5.4500,true,1,17807
7290016233209,false,טונה מונטריי בשמן תו,,,טונה מונטריי בשמן תו,גרמים,560.00,100 גרם,false,,24.90,4.4464,true,1,88537
7290016246018,false,בארכה מיקס פינוקיות,,,בארכה מיקס פינוקיות,גרמים,200.00,100 גרם,false,,13.90,6.9500,true,1,18792
7290016246025,false,בארכה פנוקיות חלבה ל,,,בארכה פנוקיות חלבה ל,גרמים,200.00,100 גרם,false,,13.90,6.9500,true,1,18793
7290016321531,false,רצועות שעווה אלוורה,,,רצועות שעווה אלוורה,יחידה,0.00,יחידה,false,,24.90,0.0000,true,1,6040
7290016321661,false,מגבוני פרש וואנס רבי,,,מגבוני פרש וואנס רבי,יחידה,0.00,יחידה,false,,20.90,0.0000,true,1,6043
7290016321678,false,פרשוואנס רביעייה נטו,,,פרשוואנס רביעייה נטו,יחידה,0.00,יחידה,false,,20.90,0.0000,true,1,6044
7290016321883,false,פרשוואנס נייר טואלט,,,פרשוואנס נייר טואלט,יחידה,0.00,יחידה,false,,15.90,0.0000,true,1,6046
7290016321890,false,פרשוואנס נייר טואלט,,,פרשוואנס נייר טואלט,יחידה,0.00,יחידה,false,,15.90,0.0000,true,1,6047
7290016370300,false,זית קלמטה שלם בצנצנת,,,זית קלמטה שלם בצנצנת,גרמים,560.00,100 גרם,false,,14.90,2.6607,true,1,113104
7290016370324,false,מיקס זיתים עם קלמטה,,,מיקס זיתים עם קלמטה,גרמים,560.00,100 גרם,false,,14.90,2.6607,true,1,113105
7290016372335,false,עגבניות חתוכות לקובי,,,עגבניות חתוכות לקובי,גרמים,400.00,100 גרם,false,,7.00,1.7500,true,1,168949
7290016372342,false,עגבניות חתוכות לקובי,,,עגבניות חתוכות לקובי,גרמים,400.00,100 גרם,false,,19.90,4.9750,true,1,24802
7290016372373,false,רסק עגבניות איטליה ב,,,רסק עגבניות איטליה ב,גרמים,280.00,100 גרם,false,,8.90,3.1786,true,1,24804
7290016440928,false,ירקות כבושים חמוץ מת,,,ירקות כבושים חמוץ מת,גרמים,500.00,100 גרם,false,,20.90,4.1800,true,1,201623
7290016509786,false,פרסיל ג'ל 2.5 ליטר י,,,פרסיל ג'ל 2.5 ליטר י,ליטרים,2.50,ליטר,false,,36.90,14.7600,true,1,34906
7290016509793,false,פרסיל ג'ל 4 ליטר ירו,,,פרסיל ג'ל 4 ליטר ירו,ליטרים,4.00,ליטר,false,,49.90,12.4750,true,1,34907
7290016509809,false,פרסיל ג'ל 2.5 ליטר ק,,,פרסיל ג'ל 2.5 ליטר ק,ליטרים,2.50,ליטר,false,,36.90,14.7600,true,1,34908
7290016513981,false,קרפלך במילוי תפוח אד,,,קרפלך במילוי תפוח אד,יח',1.00,יח',false,,17.90,17.9000,true,1,331527
7290016564082,false,12 מטליות מייקרופייב,,,12 מטליות מייקרופייב,יחידה,0.00,יחידה,false,,10.90,0.0000,true,1,47760
7290016564204,false,מארז כריות יפניות מב,,,מארז כריות יפניות מב,יחידה,0.00,יחידה,false,,9.90,0.0000,true,1,47770
7290016564266,false,כיסוי הפלא 30 יח' מב,,,כיסוי הפלא 30 יח' מב,יחידה,0.00,יחידה,false,,9.90,0.0000,true,1,47775
7290016584011,false,חטיפוני גזר 350 גרם,,,חטיפוני גזר 350 גרם,גרמים,350.00,100 גרם,false,,11.90,3.4000,true,1,41543
7290016667578,false,ניוקי תפוח אדמה נאמן,,,ניוקי תפוח אדמה נאמן,גרמים,500.00,100 גרם,false,,11.90,2.3800,true,1,237220
7290016682052,false,"מיץ לימונענע 400 מ""ל",,,"מיץ לימונענע 400 מ""ל",מיליליטרים,400.00,"100 מ""ל",false,,9.50,2.3750,true,1,49437
7290016682342,false,פרי ניב מיץ 100% טבע,,,פרי ניב מיץ 100% טבע,ליטרים,2.00,ליטר,false,,26.60,13.3000,true,1,215788
7290016682397,false,נקטר חמוציות פריניב,,,נקטר חמוציות פריניב,ליטרים,2.00,ליטר,false,,19.80,9.9000,true,1,215830
7290016693065,false,יין אמירים רזרב רוזה,,,יין אמירים רזרב רוזה,מיליליטרים,750.00,"100 מ""ל",false,,21.90,2.9200,true,1,11919
7290016693553,false,יין עונות מרלו 750 מ,,,יין עונות מרלו 750 מ,מיליליטרים,750.00,"100 מ""ל",false,,33.90,4.5200,true,1,11929
7290016717754,false,"ישן נושן 750מ""ל.",,,"ישן נושן 750מ""ל.",מיליליטרים,750.00,"100 מ""ל",false,,20.90,2.7867,true,1,636
7290016823004,false,בזיליקום יח',,,בזיליקום יח',יח',1.00,יח',false,,6.90,6.9000,true,1,41545
7290016823028,false,עירית,,,עירית,יח',1.00,יח',false,,6.90,6.9000,true,1,41547
7290016823059,false,טימין,,,טימין,יח',1.00,יח',false,,6.90,6.9000,true,1,41549
7290016865943,false,אטריות ביצים פטוצ'ינ,,,אטריות ביצים פטוצ'ינ,גרמים,400.00,100 גרם,false,,14.90,3.7250,true,1,3672
7290016866674,false,"מש.שיניים מ""לבינה פר",,,"מש.שיניים מ""לבינה פר",מיליליטרים,75.00,"100 מ""ל",false,,32.90,43.8667,true,1,4028
7290016867039,false,פיתות קלות כוסמין בת,,,פיתות קלות כוסמין בת,גרמים,324.00,100 גרם,false,,14.90,4.5988,true,1,200917
7290016867114,false,לחם כוסמין קל מלא 50,,,לחם כוסמין קל מלא 50,גרמים,500.00,100 גרם,false,,17.90,3.5800,true,1,200829
7290016867152,false,פיתות קלות כוסמין 29,,,פיתות קלות כוסמין 29,גרמים,292.00,100 גרם,false,,13.90,4.7603,true,1,200903
7290016867176,false,לחמניות ק. כוסמין שו,,,לחמניות ק. כוסמין שו,גרמים,300.00,100 גרם,false,,13.90,4.6333,true,1,200888
7290016867237,false,לחם קל כוסמין במתיקו,,,לחם קל כוסמין במתיקו,גרמים,400.00,100 גרם,false,,18.90,4.7250,true,1,200830
7290016882407,false,מחית חצילים קלויים ג,,,מחית חצילים קלויים ג,גרמים,550.00,100 גרם,false,,12.50,2.2727,true,1,192739
7290016883107,false,חרדל דיז'ון גרגירים,,,חרדל דיז'ון גרגירים,גרמים,350.00,100 גרם,false,,10.00,2.8571,true,1,322750
7290016967074,false,חיטה מלאה אנגל 750 ג,,,חיטה מלאה אנגל 750 ג,גרמים,750.00,100 גרם,false,,17.90,2.3867,true,1,35496
7290017023854,false,"שוופס סודה 250 מ""ל ר",,,"שוופס סודה 250 מ""ל ר",ליטרים,1.00,ליטר,false,,12.90,12.9000,true,1,11749
7290017031286,false,חטיף דגנים ואורז בתו,,,חטיף דגנים ואורז בתו,גרמים,140.00,100 גרם,false,,16.90,12.0714,true,1,329554
7290017031323,false,אטריות ביצים פפרדלה,,,אטריות ביצים פפרדלה,גרמים,400.00,100 גרם,false,,14.90,3.7250,true,1,3674
7290017065007,false,מוצרלה פרוסה  חצי קש,,,מוצרלה פרוסה  חצי קש,גרמים,200.00,100 גרם,false,,19.90,9.9500,true,1,14713
7290017065137,false,גבינה ריקוטה למריחה,,,גבינה ריקוטה למריחה,גרמים,200.00,100 גרם,false,,11.90,5.9500,true,1,14716
7290017065236,false,בולגרית מעודנת 24% 2,,,בולגרית מעודנת 24% 2,גרמים,250.00,100 גרם,false,,23.90,9.5600,true,1,14723
7290017065380,false,גרנה פדנו שבבים 100,,,גרנה פדנו שבבים 100,גרמים,100.00,100 גרם,false,,14.90,14.9000,true,1,14729
7290017065663,false,גבינת פטה עיזים מעוד,,,גבינת פטה עיזים מעוד,גרמים,250.00,100 גרם,false,,31.90,12.7600,true,1,109618
7290017065786,false,גבינה אנגלית קשה צ'ד,,,גבינה אנגלית קשה צ'ד,גרמים,210.00,100 גרם,false,,22.90,10.9048,true,1,242497
7290017068367,false,מיה שמרים בוואקום 12,,,מיה שמרים בוואקום 12,גרמים,125.00,100 גרם,false,,4.90,3.9200,true,1,15275
7290017068381,false,מעדן משמש 370 גר' לל,,,מעדן משמש 370 גר' לל,גרמים,370.00,100 גרם,false,,12.90,3.4865,true,1,60528
7290017068893,false,ג'לי דגיגים בציפוי ס,,,ג'לי דגיגים בציפוי ס,גרמים,350.00,100 גרם,false,,14.90,4.2571,true,1,253181
7290017068916,false,ג'לי טבעות בציפוי סו,,,ג'לי טבעות בציפוי סו,גרמים,350.00,100 גרם,false,,14.90,4.2571,true,1,91423
7290017068985,false,שיבולת שועל מלאה עבה,,,שיבולת שועל מלאה עבה,קילוגרמים,1.00,"ק""ג",false,,11.90,11.9000,true,1,311684
7290017088105,false,ביייביסיטר נוחות מיד,,,ביייביסיטר נוחות מיד,יח',40.00,יח',false,,34.90,0.8725,true,1,29550
7290017088129,false,ביייביסיטר נוחות מיד,,,ביייביסיטר נוחות מיד,יח',40.00,יח',false,,34.90,0.8725,true,1,29552
7290017088136,false,ביייביסיטר נוחות מיד,,,ביייביסיטר נוחות מיד,יח',40.00,יח',false,,34.90,0.8725,true,1,29553
7290017088143,false,ביייביסיטר נוחות מיד,,,ביייביסיטר נוחות מיד,יח',40.00,יח',false,,34.90,0.8725,true,1,29554
7290017088303,false,קוויק מגבונים לניקוי,,,קוויק מגבונים לניקוי,יחידה,0.00,יחידה,false,,3.50,0.0000,true,1,29555
7290017088631,false,מגבון Tooly רביעייה,,,מגבון Tooly רביעייה,יחידה,0.00,יחידה,false,,11.90,0.0000,true,1,63510
7290017088693,false,מגבונים לניקוי וחיטו,,,מגבונים לניקוי וחיטו,יח',10.00,יח',false,,11.90,1.1900,true,1,29556
7290017088914,false,מגבונים מבושם בייביס,,,מגבונים מבושם בייביס,יחידה,0.00,יחידה,false,,17.90,0.0000,true,1,97297
7290017088983,false,חיתולי בייביסיטר  NB,,,חיתולי בייביסיטר  NB,יחידה,0.00,יחידה,false,,30.90,0.0000,true,1,207854
7290017105468,false,אפונה יכין 3*120 גרם,,,אפונה יכין 3*120 גרם,גרמים,360.00,100 גרם,false,,14.90,4.1389,true,1,8756
7290017105550,false,מאגדת רסק עגבניות יכ,,,מאגדת רסק עגבניות יכ,גרמים,400.00,100 גרם,false,,11.90,2.9750,true,1,8757
7290017121086,false,אריסה מתוקה ביתית על,,,אריסה מתוקה ביתית על,גרמים,250.00,100 גרם,false,,14.90,5.9600,true,1,253610
7290017121390,false,ממרח לימון בלאדי עלל,,,ממרח לימון בלאדי עלל,גרמים,250.00,100 גרם,false,,14.90,5.9600,true,1,23387
7290017142128,false,שמן זית כתית מעולה ק,,,שמן זית כתית מעולה ק,מיליליטרים,750.00,"100 מ""ל",false,,35.90,4.7867,true,1,29362
7290017142159,false,נתחי טונה בהירה בשמן,,,נתחי טונה בהירה בשמן,גרמים,240.00,100 גרם,false,,24.90,10.3750,true,1,29363
7290017142166,false,פילה טונה פרוס עם בש,,,פילה טונה פרוס עם בש,גרמים,120.00,100 גרם,false,,15.90,13.2500,true,1,29364
7290017142203,false,פילה טונה פרוס עם בש,,,פילה טונה פרוס עם בש,גרמים,120.00,100 גרם,false,,15.90,13.2500,true,1,29366
7290017142258,false,טונה בהירה בשמן זית,,,טונה בהירה בשמן זית,גרמים,100.00,100 גרם,false,,7.90,7.9000,true,1,29369
7290017142500,false,תרסיס שמן זית כתית ב,,,תרסיס שמן זית כתית ב,מיליליטרים,150.00,"100 מ""ל",false,,19.90,13.2667,true,1,317894
7290017275338,false,טחינה גולמית טורקיז,,,טחינה גולמית טורקיז,גרמים,500.00,100 גרם,false,,14.90,2.9800,true,1,211775
7290017440965,false,אל סבון ניקיון ולחות,,,אל סבון ניקיון ולחות,ליטרים,1.00,ליטר,false,,16.90,16.9000,true,1,29320
7290017457574,false,סוד סבון 4 כדוריות ל,,,סוד סבון 4 כדוריות ל,גרמים,150.00,100 גרם,false,,21.90,14.6000,true,1,34920
7290017457703,false,מרכך כביסה מרוכז סוד,,,מרכך כביסה מרוכז סוד,מיליליטרים,900.00,"100 מ""ל",false,,9.90,1.1000,true,1,34928
7290017457727,false,מרכך כביסה מרוכז סוד,,,מרכך כביסה מרוכז סוד,מיליליטרים,900.00,"100 מ""ל",false,,9.90,1.1000,true,1,34930
7290017457802,false,פרסיל קפסולות ג'ל לכ,,,פרסיל קפסולות ג'ל לכ,יחידה,0.00,יחידה,false,,67.90,0.0000,true,1,34934
7290017457901,false,מ.כביסה מרוכז סוד סו,,,מ.כביסה מרוכז סוד סו,ליטרים,1.20,ליטר,false,,21.90,18.2500,true,1,73619
7290017457932,false,מרכך כביסה מרוכז סוד,,,מרכך כביסה מרוכז סוד,מיליליטרים,900.00,"100 מ""ל",false,,9.90,1.1000,true,1,103686
7290017599267,false,סוכרזית סוכרלוז ממתי,,,סוכרזית סוכרלוז ממתי,גרמים,120.00,100 גרם,false,,24.90,20.7500,true,1,345159
7290017617046,false,טונה בשמן זית סטארקי,,,טונה בשמן זית סטארקי,גרמים,560.00,100 גרם,false,,29.90,5.3393,true,1,26707
7290017617084,false,סטארקיסט מיקס 185 גר,,,סטארקיסט מיקס 185 גר,גרמים,185.00,100 גרם,false,,13.90,7.5135,true,1,215509
7290017617091,false,סטארקיסט מיקס 185 גר,,,סטארקיסט מיקס 185 גר,גרמים,185.00,100 גרם,false,,13.90,7.5135,true,1,215431
7290017617107,false,סטארקיסט מיקס 185 גר,,,סטארקיסט מיקס 185 גר,גרמים,185.00,100 גרם,false,,13.90,7.5135,true,1,215445
7290017677804,false,קיקומן רוטב סויה ללא,,,קיקומן רוטב סויה ללא,מיליליטרים,444.00,"100 מ""ל",false,,21.90,4.9324,true,1,5342
7290017682099,false,מקל טיטניום 1.3 מטר,,,מקל טיטניום 1.3 מטר,יחידה,0.00,יחידה,false,,5.90,0.0000,true,1,51932
7290017715469,false,אפונת גינה תומר 400,,,אפונת גינה תומר 400,גרמים,400.00,100 גרם,false,,5.50,1.3750,true,1,25212
7290017715605,false,טונה מונטריי בשמן קנ,,,טונה מונטריי בשמן קנ,גרמים,560.00,100 גרם,false,,24.90,4.4464,true,1,88551
7290017715704,false,זית מושחר טבעות תומר,,,זית מושחר טבעות תומר,גרמים,560.00,100 גרם,false,,11.50,2.0536,true,1,66009
7290017715834,false,זית נובו מבוקע ג.מאו,,,זית נובו מבוקע ג.מאו,גרמים,560.00,100 גרם,false,,11.50,2.0536,true,1,66014
7290017812380,false,תירוש מיץ ענבים אדום,,,תירוש מיץ ענבים אדום,מיליליטרים,750.00,"100 מ""ל",false,,12.90,1.7200,true,1,647
7290017812571,false,תירוש מיץ ענבים אדום,,,תירוש מיץ ענבים אדום,ליטרים,1.00,ליטר,false,,22.90,22.9000,true,1,53512
7290017812618,false,מיץ ענבים רוזה תירוש,,,מיץ ענבים רוזה תירוש,ליטרים,1.00,ליטר,false,,22.90,22.9000,true,1,68969
7290017812847,false,סלקטד פרנץ קולומברד,,,סלקטד פרנץ קולומברד,מיליליטרים,750.00,"100 מ""ל",false,,32.90,4.3867,true,1,116512
7290017812861,false,יין וינו לבן יבש יקב,,,יין וינו לבן יבש יקב,מיליליטרים,750.00,"100 מ""ל",false,,23.90,3.1867,true,1,179101
7290017812878,false,יין רוזה אקסלנס יקבי,,,יין רוזה אקסלנס יקבי,מיליליטרים,750.00,"100 מ""ל",false,,28.90,3.8533,true,1,179087
7290017871363,true,סבון ידיים מועשר בשמ,,,סבון ידיים מועשר בשמ,מיליליטרים,500.00,"100 מ""ל",false,,10.90,2.1800,true,1,6049
7290017872049,false,פמלי אל סבון שלישייה,,,פמלי אל סבון שלישייה,ליטרים,1.50,ליטר,false,,16.90,11.2667,true,1,75696
7290017872056,false,פמלי אל סבון סידרה ל,,,פמלי אל סבון סידרה ל,מיליליטרים,500.00,"100 מ""ל",false,,16.90,3.3800,true,1,75424
7290017873008,false,גלילונית שקיות רב שי,,,גלילונית שקיות רב שי,יחידה,0.00,יחידה,false,,16.90,0.0000,true,1,224562
7290017873039,false,גלילונית שקיות אוכל,,,גלילונית שקיות אוכל,יחידה,0.00,יחידה,false,,13.00,0.0000,true,1,224576
7290017873169,false,תחליב רחצה לטיפוח עו,,,תחליב רחצה לטיפוח עו,מיליליטרים,500.00,"100 מ""ל",false,,10.90,2.1800,true,1,277025
7290017888248,false,תרומה מי עדן  1 ל' פ,,,תרומה מי עדן  1 ל' פ,ליטרים,1.00,ליטר,false,,5.00,5.0000,true,1,124892
7290017888972,false,מי עדן פקק ספורט 1 ל,,,מי עדן פקק ספורט 1 ל,ליטרים,1.00,ליטר,false,,4.90,4.9000,true,1,75088
7290017928043,false,גריסיני קראנץ' מלח מ,,,גריסיני קראנץ' מלח מ,גרמים,175.00,100 גרם,false,,11.90,6.8000,true,1,5344
7290017928098,false,בייגלה שטוח מלח מאיר,,,בייגלה שטוח מלח מאיר,גרמים,330.00,100 גרם,false,,11.90,3.6061,true,1,203316
7290017928432,false,גריסיני קראנץ' פרג מ,,,גריסיני קראנץ' פרג מ,גרמים,175.00,100 גרם,false,,11.90,6.8000,true,1,5352
7290017928524,false,בייגלה שטוח ניגובים,,,בייגלה שטוח ניגובים,גרמים,300.00,100 גרם,false,,11.90,3.9667,true,1,208335
7290017928616,false,שטוחלה שומשום מאיר ב,,,שטוחלה שומשום מאיר ב,גרמים,300.00,100 גרם,false,,11.90,3.9667,true,1,5355
7290017928661,false,שברי בייגלה בטעם צ'ד,,,שברי בייגלה בטעם צ'ד,גרמים,300.00,100 גרם,false,,13.90,4.6333,true,1,123045
7290017928722,false,בייגלה שטוח ניגובים,,,בייגלה שטוח ניגובים,גרמים,300.00,100 גרם,false,,11.90,3.9667,true,1,208336
7290017941226,false,מזלגות 40 יח' עבה במ,,,מזלגות 40 יח' עבה במ,יחידה,0.00,יחידה,false,,8.90,0.0000,true,1,129216
7290017941288,false,נר נשמה 24 שעות,,,נר נשמה 24 שעות,יחידה,0.00,יחידה,false,,2.50,0.0000,true,1,172886
7290017941295,false,שישיית נרות נשמה,,,שישיית נרות נשמה,יחידה,0.00,יחידה,false,,11.90,0.0000,true,1,186903
7290017941349,false,נרונים 72 יח' 4 שעות,,,נרונים 72 יח' 4 שעות,יחידה,0.00,יחידה,false,,24.90,0.0000,true,1,186872
7290017941363,false,להבונים 50 יח' 4 שעו,,,להבונים 50 יח' 4 שעו,יחידה,0.00,יחידה,false,,11.90,0.0000,true,1,186888
7290017941394,false,נייר סנדוויץ 100 יח',,,נייר סנדוויץ 100 יח',יחידה,0.00,יחידה,false,,10.90,0.0000,true,1,141304
7290017941400,false,כוסות 4OZ אספרסו 50,,,כוסות 4OZ אספרסו 50,יחידה,0.00,יחידה,false,,10.90,0.0000,true,1,160110
7290017941455,false,כוסות 9oz לשתיה חמה,,,כוסות 9oz לשתיה חמה,יחידה,0.00,יחידה,false,,14.90,0.0000,true,1,145558
7290017941493,false,שקיות פס סגור 25 יח',,,שקיות פס סגור 25 יח',יחידה,0.00,יחידה,false,,8.90,0.0000,true,1,156027
7290017941509,false,שקיות פס סגור 15 יח',,,שקיות פס סגור 15 יח',יחידה,0.00,יחידה,false,,9.90,0.0000,true,1,156028
7290017941516,false,שקיות זיפר S לאחסון-,,,שקיות זיפר S לאחסון-,יחידה,0.00,יחידה,false,,7.90,0.0000,true,1,156029
7290017941660,false,מארז תבניות לחלה עבו,,,מארז תבניות לחלה עבו,יחידה,0.00,יחידה,false,,14.90,0.0000,true,1,128565
7290017941745,false,מארז צלחות מהודר 20+,,,מארז צלחות מהודר 20+,יחידה,0.00,יחידה,false,,58.90,0.0000,true,1,124285
7290017941820,false,כוסות שתיה קרה  כחול,,,כוסות שתיה קרה  כחול,יחידה,0.00,יחידה,false,,14.90,0.0000,true,1,120912
7290017941905,false,קיסמים במלחיה 300 יח,,,קיסמים במלחיה 300 יח,יחידה,0.00,יחידה,false,,3.90,0.0000,true,1,131412
7290017941929,false,"שיפודי יקטורי 18 ס""מ",,,"שיפודי יקטורי 18 ס""מ",יחידה,0.00,יחידה,false,,7.90,0.0000,true,1,131430
7290017941967,false,שקיות אוכל XL  300 י,,,שקיות אוכל XL  300 י,יחידה,0.00,יחידה,false,,9.90,0.0000,true,1,163586
7290017946764,false,מנקה מכונת כביסה,,,מנקה מכונת כביסה,גרמים,150.00,100 גרם,false,,21.90,14.6000,true,1,115918
7290017947105,false,לחם בסגנון אמריקה אנ,,,לחם בסגנון אמריקה אנ,גרמים,500.00,100 גרם,false,,15.90,3.1800,true,1,35503
7290017947334,true,חלה טרום נבוטה אנגל,,,חלה טרום נבוטה אנגל,גרמים,500.00,100 גרם,false,,16.90,3.3800,true,1,66744
7290017947464,false,שמיניית פיתות כוסמין,,,שמיניית פיתות כוסמין,גרמים,400.00,100 גרם,false,,17.90,4.4750,true,1,94730
7290017947891,false,לחם כוסמין וחיטה מלא,,,לחם כוסמין וחיטה מלא,גרמים,750.00,100 גרם,false,,17.90,2.3867,true,1,35504
7290018043196,false,חטיף חלבון בטעם שוקו,,,חטיף חלבון בטעם שוקו,גרמים,60.00,100 גרם,false,,13.90,23.1667,true,1,279242
7290018045893,false,דגנים במילוי קרם נוג,,,דגנים במילוי קרם נוג,גרמים,480.00,100 גרם,false,,23.90,4.9792,true,1,240935
7290018192023,true,סלרי מקלות  ליח,,,סלרי מקלות  ליח,יח',1.00,יח',false,,6.90,6.9000,true,1,41566
7290018194065,false,אורז בסמטי 1 קילו PR,,,אורז בסמטי 1 קילו PR,קילוגרמים,1.00,"ק""ג",false,,9.90,9.9000,true,1,337044
7290018195406,false,שמן זית כתית עגול טע,,,שמן זית כתית עגול טע,מיליליטרים,750.00,"100 מ""ל",false,,32.90,4.3867,true,1,242349
7290018213414,false,מפה מהודרת מוטבעת 27,,,מפה מהודרת מוטבעת 27,יחידה,0.00,יחידה,false,,10.90,0.0000,true,1,333713
7290018294208,false,יין אדום ישראלי סלקט,,,יין אדום ישראלי סלקט,מיליליטרים,750.00,"100 מ""ל",false,,32.90,4.3867,true,1,186540
7290018333044,false,שלוקים בטעם ענבים 20,,,שלוקים בטעם ענבים 20,גרמים,200.00,100 גרם,false,,22.90,11.4500,true,1,281687
7290018359495,false,תירס מהשדה בלי תוספת,,,תירס מהשדה בלי תוספת,גרמים,550.00,100 גרם,false,,10.90,1.9818,true,1,99436
7290018359716,false,רוטב פיצה טוסקנה יכי,,,רוטב פיצה טוסקנה יכי,גרמים,240.00,100 גרם,false,,6.50,2.7083,true,1,136945
7290018359952,false,רוטב עגבניות לפסטה י,,,רוטב עגבניות לפסטה י,גרמים,400.00,100 גרם,false,,13.90,3.4750,true,1,314939
7290018359969,false,רוטב עגבניות לפיצה י,,,רוטב עגבניות לפיצה י,גרמים,400.00,100 גרם,false,,13.90,3.4750,true,1,314940
7290018440223,false,חווית הצ'אי- מסאלה ע,,,חווית הצ'אי- מסאלה ע,גרמים,50.00,100 גרם,false,,23.90,47.8000,true,1,213328
7290018440230,false,חווית הצ'אי- ורדים 2,,,חווית הצ'אי- ורדים 2,גרמים,50.00,100 גרם,false,,23.90,47.8000,true,1,213343
7290018440254,false,חווית הצ'אי- קרמל מל,,,חווית הצ'אי- קרמל מל,גרמים,50.00,100 גרם,false,,23.90,47.8000,true,1,213357
7290018440438,false,טונה  easy flip בשמן,,,טונה  easy flip בשמן,גרמים,195.00,100 גרם,false,,26.90,13.7949,true,1,322346
7290018440490,false,סלט טונה עם ירקות וק,,,סלט טונה עם ירקות וק,גרמים,150.00,100 גרם,false,,15.90,10.6000,true,1,322276
7290018440513,false,סלט טונה עם ירקות בס,,,סלט טונה עם ירקות בס,גרמים,150.00,100 גרם,false,,15.90,10.6000,true,1,322278
7290018440520,false,סלט טונה עם ירקות בס,,,סלט טונה עם ירקות בס,גרמים,150.00,100 גרם,false,,15.90,10.6000,true,1,322279
7290018440896,false,חליטת ג'ינג'ר וכורכו,,,חליטת ג'ינג'ר וכורכו,גרמים,37.50,100 גרם,false,,17.90,47.7333,true,1,259406
7290018468401,false,פסטרמה צמחונית בטעם,,,פסטרמה צמחונית בטעם,גרמים,120.00,100 גרם,false,,15.90,13.2500,true,1,360054
7290018471029,false,שוופס סודה לימון שיש,,,שוופס סודה לימון שיש,ליטרים,3.00,ליטר,false,,14.90,4.9667,true,1,103554
7290018471180,false,פרוט ווג אננס תפוח ו,,,פרוט ווג אננס תפוח ו,ליטרים,1.00,ליטר,false,,13.90,13.9000,true,1,133294
7290018471197,false,פרוט ווג תפוח בננה מ,,,פרוט ווג תפוח בננה מ,ליטרים,1.00,ליטר,false,,13.90,13.9000,true,1,133295
7290018471401,false,פרוט ווג אננס בננה כ,,,פרוט ווג אננס בננה כ,ליטרים,1.00,ליטר,false,,13.90,13.9000,true,1,133297
7290018471470,false,נקטר תפוזינה ENJOY ב,,,נקטר תפוזינה ENJOY ב,ליטרים,1.00,ליטר,false,,6.90,6.9000,true,1,150607
7290018471623,false,שוופס טוניק אשכוליות,,,שוופס טוניק אשכוליות,ליטרים,1.00,ליטר,false,,9.10,9.1000,true,1,153867
7290018471906,false,שוופס מוגז לימונדה ו,,,שוופס מוגז לימונדה ו,ליטרים,1.50,ליטר,false,,9.50,6.3333,true,1,217594
7290018471913,false,שוופס פרוטס תפוחים 1,,,שוופס פרוטס תפוחים 1,ליטרים,1.50,ליטר,false,,9.50,6.3333,true,1,217608
7290018471944,false,שוופס מוגז למונייד 1,,,שוופס מוגז למונייד 1,ליטרים,1.50,ליטר,false,,9.50,6.3333,true,1,217626
7290018471951,false,שוופס פרוטס אשכולית,,,שוופס פרוטס אשכולית,ליטרים,1.50,ליטר,false,,9.50,6.3333,true,1,217653
7290018493700,false,סבון ידיים ויטמינים,,,סבון ידיים ויטמינים,מיליליטרים,500.00,"100 מ""ל",false,,13.90,2.7800,true,1,211173
7290018500231,false,לחם וויקאנד אנג'ל 75,,,לחם וויקאנד אנג'ל 75,גרמים,750.00,100 גרם,false,,19.90,2.6533,true,1,309098
7290018500361,false,לחם אחיד פרוס מאפיית,,,לחם אחיד פרוס מאפיית,גרמים,900.00,100 גרם,false,,8.32,0.9244,true,1,316785
7290018500385,true,חלה רגילה אנגל 650 ג,,,חלה רגילה אנגל 650 ג,גרמים,650.00,100 גרם,false,,6.50,1.0000,true,1,343426
7290018500392,true,חלה קלועה אנגל 650 ג,,,חלה קלועה אנגל 650 ג,גרמים,650.00,100 גרם,false,,6.50,1.0000,true,1,343427
7290018507438,false,נתחי חזה עוף בציפוי,,,נתחי חזה עוף בציפוי,גרמים,600.00,100 גרם,false,,42.90,7.1500,true,1,265669
7290018540329,false,פיתה פיתה אנגל 880 ג,,,פיתה פיתה אנגל 880 ג,יח',10.00,יח',false,,13.90,1.3900,true,1,125348
7290018540817,false,לחם ארטיזנל כוסמין א,,,לחם ארטיזנל כוסמין א,גרמים,500.00,100 גרם,false,,19.90,3.9800,true,1,276124
7290018540831,false,לחם מחמצת חיטה מלאה,,,לחם מחמצת חיטה מלאה,גרמים,500.00,100 גרם,false,,19.90,3.9800,true,1,276473
7290018571415,false,לקקנים מולטיקולור תו,,,לקקנים מולטיקולור תו,גרמים,220.00,100 גרם,false,,9.90,4.5000,true,1,253211
7290018571552,false,סוכריות אומגה 3 -ילד,,,סוכריות אומגה 3 -ילד,גרמים,240.00,100 גרם,false,,39.90,16.6250,true,1,356452
7290018571613,false,סוכריות אומגה 3- מבו,,,סוכריות אומגה 3- מבו,גרמים,210.00,100 גרם,false,,39.90,19.0000,true,1,356453
7290018571620,false,סוכריות מולטי ויטמין,,,סוכריות מולטי ויטמין,גרמים,240.00,100 גרם,false,,39.90,16.6250,true,1,356454
7290018571705,false,"אורז יסמין 1 ק""ג",,,"אורז יסמין 1 ק""ג",קילוגרמים,1.00,"ק""ג",false,,12.90,12.9000,true,1,311641
7290018571712,false,"אורז פרסי 1 ק""ג",,,"אורז פרסי 1 ק""ג",קילוגרמים,1.00,"ק""ג",false,,11.90,11.9000,true,1,311627
7290018571736,false,"אורז בסמטי 1 ק""ג",,,"אורז בסמטי 1 ק""ג",קילוגרמים,1.00,"ק""ג",false,,12.90,12.9000,true,1,311655
7290018626085,false,לפתניות 4.5 שקוף 50,,,לפתניות 4.5 שקוף 50,יחידה,0.00,יחידה,false,,9.90,0.0000,true,1,128581
7290018626535,false,שקיות נייר לכריכים 5,,,שקיות נייר לכריכים 5,יחידה,0.00,יחידה,false,,8.90,0.0000,true,1,141305
7290018626597,false,צימרונים לאוזנים איכ,,,צימרונים לאוזנים איכ,יחידה,0.00,יחידה,false,,4.90,0.0000,true,1,179578
7290018720103,false,אפיפיות בטעם שוקו לל,,,אפיפיות בטעם שוקו לל,גרמים,250.00,100 גרם,false,,7.90,3.1600,true,1,213384
7290018777268,false,חטיף חלבון קקאו בננה,,,חטיף חלבון קקאו בננה,גרמים,50.00,100 גרם,false,,10.90,21.8000,true,1,231823
7290018792841,false,אבקת קקאו דל שומן 15,,,אבקת קקאו דל שומן 15,גרמים,150.00,100 גרם,false,,10.90,7.2667,true,1,355572
7290018835029,false,מרק בטעם עוף פרווה ת,,,מרק בטעם עוף פרווה ת,גרמים,400.00,100 גרם,false,,15.90,3.9750,true,1,328708
7290018886120,false,מפיות תלת שכבתיות 20,,,מפיות תלת שכבתיות 20,יחידה,0.00,יחידה,false,,5.90,0.0000,true,1,198786
7290018886144,false,מפיות תלת שכבתיות 20,,,מפיות תלת שכבתיות 20,יחידה,0.00,יחידה,false,,5.90,0.0000,true,1,198788
7290018886175,false,כפיות עבות 50 יח'  ש,,,כפיות עבות 50 יח'  ש,יחידה,0.00,יחידה,false,,10.90,0.0000,true,1,179620
7290018886199,false,סכינים עבות 50 יח',,,סכינים עבות 50 יח',יחידה,0.00,יחידה,false,,10.90,0.0000,true,1,179622
7290018886229,false,מזלגות עבות 50 יח',,,מזלגות עבות 50 יח',יחידה,0.00,יחידה,false,,10.90,0.0000,true,1,179625
7290018886311,false,פת דגנים סגנון שוודי,,,פת דגנים סגנון שוודי,גרמים,170.00,100 גרם,false,,7.90,4.6471,true,1,203448
7290018886564,false,כפות מיני מהודרות שק,,,כפות מיני מהודרות שק,יחידה,0.00,יחידה,false,,5.90,0.0000,true,1,236126
7290018886649,false,כוס קינוח משולשת 20,,,כוס קינוח משולשת 20,יחידה,0.00,יחידה,false,,11.90,0.0000,true,1,236270
7290018886977,false,נייר אפיה 50 יחידות,,,נייר אפיה 50 יחידות,יחידה,0.00,יחידה,false,,9.90,0.0000,true,1,205825
7290018886991,false,שמן קנולה אלומות 1 ל,,,שמן קנולה אלומות 1 ל,ליטרים,1.00,ליטר,false,,11.90,11.9000,true,1,197031
7290018893005,false,בייגלה שטוח בתוספת ח,,,בייגלה שטוח בתוספת ח,גרמים,200.00,100 גרם,false,,7.90,3.9500,true,1,233192
7290018893098,false,צ'וקטה עוגיות מצופות,,,צ'וקטה עוגיות מצופות,גרמים,100.00,100 גרם,false,,7.90,7.9000,true,1,291483
7290018893111,false,צ'וקטה שוקולד מריר מ,,,צ'וקטה שוקולד מריר מ,גרמים,100.00,100 גרם,false,,8.90,8.9000,true,1,319273
7290018893289,false,צ'וקטה מגולגלות קקאו,,,צ'וקטה מגולגלות קקאו,גרמים,222.00,100 גרם,false,,8.90,4.0090,true,1,205132
7290018893319,false,צ'וקטה שוקולד מריר מ,,,צ'וקטה שוקולד מריר מ,גרמים,100.00,100 גרם,false,,8.90,8.9000,true,1,319069
7290018893456,false,צ'וקטה עוגות אישיות,,,צ'וקטה עוגות אישיות,יחידה,300.00,יחידה,false,,13.90,0.0463,true,1,184688
7290018893647,false,עוגיות סנדויץ' מצופו,,,עוגיות סנדויץ' מצופו,גרמים,150.00,100 גרם,false,,10.00,6.6667,true,1,243476
7290018893661,false,צ'וקטה עוגות אישיות,,,צ'וקטה עוגות אישיות,גרמים,240.00,100 גרם,false,,13.90,5.7917,true,1,184702
7290018893951,false,צ'וקטה וופל חמאה בטע,,,צ'וקטה וופל חמאה בטע,גרמים,100.00,100 גרם,false,,11.90,11.9000,true,1,355500
7290018894019,false,עוגות אישיות מיקס מק,,,עוגות אישיות מיקס מק,גרמים,350.00,100 גרם,false,,15.90,4.5429,true,1,296338
7290018894408,false,בלקוני קוביות וופל א,,,בלקוני קוביות וופל א,גרמים,250.00,100 גרם,false,,12.90,5.1600,true,1,308074
7290018921456,false,תחליב רחצה לגוף מועש,,,תחליב רחצה לגוף מועש,מיליליטרים,700.00,"100 מ""ל",false,,17.90,2.5571,true,1,233981
7290018921654,false,תחליב רחצה לגוף מועש,,,תחליב רחצה לגוף מועש,מיליליטרים,700.00,"100 מ""ל",false,,17.90,2.5571,true,1,233982
7290018925065,false,פרימור מיץ תפוזים סח,,,פרימור מיץ תפוזים סח,ליטרים,2.00,ליטר,false,,27.90,13.9500,true,1,226704
7290018989128,false,סירופ בטעם ענבים יכי,,,סירופ בטעם ענבים יכי,יחידה,0.00,יחידה,false,,20.90,0.0000,true,1,315036
7290019031109,false,תבנית R-88 אינגליש 1,,,תבנית R-88 אינגליש 1,יחידה,0.00,יחידה,false,,9.90,0.0000,true,1,267366
7290019031185,false,כפפות לטקס 100 יח' M,,,כפפות לטקס 100 יח' M,יחידה,0.00,יחידה,false,,32.90,0.0000,true,1,255998
7290019031215,false,כוסות 10OZ לשתייה חמ,,,כוסות 10OZ לשתייה חמ,יחידה,0.00,יחידה,false,,10.90,0.0000,true,1,274649
7290019031222,false,כוסות 12OZ לשתייה חמ,,,כוסות 12OZ לשתייה חמ,יחידה,0.00,יחידה,false,,12.90,0.0000,true,1,274677
7290019031307,false,לפתניות לבנות 25 יח',,,לפתניות לבנות 25 יח',יחידה,0.00,יחידה,false,,6.90,0.0000,true,1,260940
7290019031321,false,"מרקיות 7"" לבנות 25 י",,,"מרקיות 7"" לבנות 25 י",יחידה,0.00,יחידה,false,,10.90,0.0000,true,1,260955
7290019031345,false,צלחות גדולות 9 לבן 2,,,צלחות גדולות 9 לבן 2,יחידה,0.00,יחידה,false,,12.90,0.0000,true,1,243548
7290019031383,false,סבון ידיים מאסק 1 לי,,,סבון ידיים מאסק 1 לי,ליטרים,1.00,100 ליטר,false,,10.90,1090.0000,true,1,260898
7290019031659,false,WIZ צלחות גדולות  שק,,,WIZ צלחות גדולות  שק,יחידה,0.00,יחידה,false,,15.90,0.0000,true,1,331391
7290019056034,false,שוופס מוגז פירות אננ,,,שוופס מוגז פירות אננ,ליטרים,1.50,ליטר,false,,8.90,5.9333,true,1,217655
7290019056041,false,שוופס מוגז פירות ללא,,,שוופס מוגז פירות ללא,ליטרים,1.50,ליטר,false,,8.90,5.9333,true,1,217682
7290019056065,false,שוופס מוגז עדין פירו,,,שוופס מוגז עדין פירו,ליטרים,1.50,ליטר,false,,8.90,5.9333,true,1,217237
7290019056089,false,שוופס מוגז עדין טעם,,,שוופס מוגז עדין טעם,ליטרים,1.50,ליטר,false,,8.90,5.9333,true,1,217266
7290019056096,false,שוופס מוגז עדין אפרס,,,שוופס מוגז עדין אפרס,ליטרים,1.50,ליטר,false,,8.90,5.9333,true,1,217267
7290019056119,false,שוופס סודה 1.5ליטר,,,שוופס סודה 1.5ליטר,ליטרים,1.50,ליטר,false,,4.50,3.0000,true,1,217009
7290019056164,false,שוופס סודה 4*1.5ליטר,,,שוופס סודה 4*1.5ליטר,ליטרים,6.00,ליטר,false,,12.50,2.0833,true,1,217037
7290019056171,false,שוופס סודה לימון 4*1,,,שוופס סודה לימון 4*1,ליטרים,6.00,ליטר,false,,12.50,2.0833,true,1,217066
7290019056188,false,שוופס סודה נענע ליים,,,שוופס סודה נענע ליים,ליטרים,6.00,ליטר,false,,12.50,2.0833,true,1,217093
7290019056201,false,שוופס פירות יער סודה,,,שוופס פירות יער סודה,ליטרים,6.00,ליטר,false,,12.50,2.0833,true,1,217149
7290019056249,false,שוופס וואטר ענבים 1.,,,שוופס וואטר ענבים 1.,ליטרים,1.50,ליטר,false,,8.90,5.9333,true,1,216887
7290019056300,false,שוופס ביטר לימון 1.5,,,שוופס ביטר לימון 1.5,ליטרים,1.50,ליטר,false,,12.50,8.3333,true,1,217739
7290019056317,false,שוופס ראשן 1.5 ליטר,,,שוופס ראשן 1.5 ליטר,ליטרים,1.50,ליטר,false,,12.50,8.3333,true,1,217740
7290019056324,false,שוופס מי טוניק 1.5 ל,,,שוופס מי טוניק 1.5 ל,ליטרים,1.50,ליטר,false,,12.50,8.3333,true,1,217754
7290019056331,false,שוופס טוניק ללא סוכר,,,שוופס טוניק ללא סוכר,ליטרים,1.50,ליטר,false,,11.90,7.9333,true,1,217755
7290019056355,false,תפוזינה לימונדה נענע,,,תפוזינה לימונדה נענע,ליטרים,1.50,ליטר,false,,8.90,5.9333,true,1,216283
7290019056362,false,תפוזינה ענבים 1.5 לי,,,תפוזינה ענבים 1.5 לי,ליטרים,1.50,ליטר,false,,8.90,5.9333,true,1,216425
7290019056379,false,תפוזינה תפוזים 1.5 ל,,,תפוזינה תפוזים 1.5 ל,ליטרים,1.50,ליטר,false,,8.90,5.9333,true,1,216496
7290019056393,false,תפוזינה תות בננה 1.5,,,תפוזינה תות בננה 1.5,ליטרים,1.50,ליטר,false,,8.90,5.9333,true,1,216529
7290019056447,false,תפוזינה אשכוליות 1.5,,,תפוזינה אשכוליות 1.5,ליטרים,1.50,ליטר,false,,8.90,5.9333,true,1,216679
7290019056508,false,פרוט ווטר ענבים 1.5,,,פרוט ווטר ענבים 1.5,ליטרים,1.50,ליטר,false,,9.50,6.3333,true,1,216777
7290019056515,false,פרוט ווטר אננס 1.5 ל,,,פרוט ווטר אננס 1.5 ל,ליטרים,1.50,ליטר,false,,9.50,6.3333,true,1,216805
7290019056522,false,פרוט ווטר תות 1.5 לי,,,פרוט ווטר תות 1.5 לי,ליטרים,1.50,ליטר,false,,9.50,6.3333,true,1,216845
7290019056539,false,פרוט ווטר אפרסק 1.5,,,פרוט ווטר אפרסק 1.5,ליטרים,1.50,ליטר,false,,9.50,6.3333,true,1,216859
7290019056546,false,פרוט ווטר אבטיח 1.5,,,פרוט ווטר אבטיח 1.5,ליטרים,1.50,ליטר,false,,9.50,6.3333,true,1,216860
7290019056553,false,עין גדי מים מינרלים,,,עין גדי מים מינרלים,ליטרים,12.00,ליטר,false,,13.70,1.1417,true,1,218009
7290019056584,false,ספרינג תפוזים 1.5 לי,,,ספרינג תפוזים 1.5 לי,ליטרים,1.50,ליטר,false,,8.90,5.9333,true,1,216095
7290019056591,false,ספרינג ענבים 1.5 ליט,,,ספרינג ענבים 1.5 ליט,ליטרים,1.50,ליטר,false,,8.90,5.9333,true,1,216109
7290019056607,false,ספרינג תפוחים 1.5 לי,,,ספרינג תפוחים 1.5 לי,ליטרים,1.50,ליטר,false,,8.90,5.9333,true,1,216123
7290019056638,false,ספרינג תות בננה 1.5,,,ספרינג תות בננה 1.5,ליטרים,1.50,ליטר,false,,8.90,5.9333,true,1,216153
7290019056652,false,ספרינג אננס בננה 1.5,,,ספרינג אננס בננה 1.5,ליטרים,1.50,ליטר,false,,8.90,5.9333,true,1,216230
7290019056720,false,קריסטל מיץ ענבים 2 ל,,,קריסטל מיץ ענבים 2 ל,ליטרים,2.00,ליטר,false,,7.90,3.9500,true,1,217756
7290019056737,false,קריסטל מיץ אשכוליות,,,קריסטל מיץ אשכוליות,ליטרים,2.00,ליטר,false,,7.90,3.9500,true,1,217783
7290019056744,false,קריסטל מיץ תפוזים 2,,,קריסטל מיץ תפוזים 2,ליטרים,2.00,ליטר,false,,7.90,3.9500,true,1,217784
7290019056751,false,קריסטל דיאט מיץ אשכו,,,קריסטל דיאט מיץ אשכו,ליטרים,2.00,ליטר,false,,7.20,3.6000,true,1,217798
7290019056768,false,קריסטל מיץ מנגו 2 לי,,,קריסטל מיץ מנגו 2 לי,ליטרים,2.00,ליטר,false,,7.90,3.9500,true,1,217812
7290019056959,false,מי עדן 1.5 ליטר,,,מי עדן 1.5 ליטר,ליטרים,1.50,ליטר,false,,3.90,2.6000,true,1,231091
7290019056973,false,מי עדן 6*1.5 ליטר,,,מי עדן 6*1.5 ליטר,ליטרים,9.00,ליטר,false,,13.90,1.5444,true,1,217927
7290019075103,false,קמיל בלו אקסטרה סופט,,,קמיל בלו אקסטרה סופט,ליטרים,1000.00,100 ליטר,false,,34.90,3.4900,true,1,329449
7290019075899,false,קמיל בלו אקסטרה סופט,,,קמיל בלו אקסטרה סופט,ליטרים,1000.00,100 ליטר,false,,34.90,3.4900,true,1,329450
7290019153214,false,שוופס פחית מנטה 330,,,שוופס פחית מנטה 330,מיליליטרים,330.00,"100 מ""ל",false,,4.50,1.3636,true,1,310206
7290019153375,false,תפוזינה מוחיטו 1.5 ל,,,תפוזינה מוחיטו 1.5 ל,ליטרים,1.50,ליטר,false,,8.90,5.9333,true,1,303522
7290019233008,false,רוטב עגבניות עם קובי,,,רוטב עגבניות עם קובי,גרמים,420.00,100 גרם,false,,14.90,3.5476,true,1,333871
7290019233039,false,רוטב עגבניות לשקשוקה,,,רוטב עגבניות לשקשוקה,גרמים,420.00,100 גרם,false,,14.90,3.5476,true,1,309198
7290019245001,false,שמן קנולה אלומות 1 ל,,,שמן קנולה אלומות 1 ל,ליטרים,1.00,ליטר,false,,11.90,11.9000,true,1,287623
7290019303800,false,פינוקיות שומשום שקדי,,,פינוקיות שומשום שקדי,גרמים,220.00,100 גרם,false,,18.90,8.5909,true,1,353444
7290019308058,false,שעועית ירוקה חתוכה 8,,,שעועית ירוקה חתוכה 8,גרמים,800.00,100 גרם,false,,7.20,0.9000,true,1,325244
7290055090702,false,כרמית איגלו שלוקים 6,,,כרמית איגלו שלוקים 6,ליטרים,2.03,ליטר,false,,13.90,6.8473,true,1,38832
7290100243671,false,בדין אקסטרא כחול-960,,,בדין אקסטרא כחול-960,מיליליטרים,960.00,"100 מ""ל",false,,15.90,1.6563,true,1,10449
7290100245231,false,נמס בכוס ועוד טעם עו,,,נמס בכוס ועוד טעם עו,גרמים,50.00,100 גרם,false,,7.90,15.8000,true,1,10458
7290100411254,false,תפוח ובננה 190גרם BE,,,תפוח ובננה 190גרם BE,גרמים,190.00,100 גרם,false,,5.90,3.1053,true,1,29561
7290100412343,false,מגבונים לניקוי וחיטו,,,מגבונים לניקוי וחיטו,יחידה,0.00,יחידה,false,,9.90,0.0000,true,1,29572
7290100412442,false,קוויק מגבונים לניקוי,,,קוויק מגבונים לניקוי,יחידה,0.00,יחידה,false,,9.90,0.0000,true,1,29576
7290100412459,false,מגבונים לניקוי וחיטו,,,מגבונים לניקוי וחיטו,יחידה,0.00,יחידה,false,,9.90,0.0000,true,1,29577
7290100572702,false,אביזרי מטבח ב-11.00,,,אביזרי מטבח ב-11.00,יחידה,0.00,יחידה,false,,10.90,0.0000,true,1,34275
7290100573402,false,אביזרי מטבח,,,אביזרי מטבח,יחידה,0.00,יחידה,false,,14.90,0.0000,true,1,34278
7290100659090,false,פרי חטיפים ללא סוכר,,,פרי חטיפים ללא סוכר,גרמים,100.00,100 גרם,false,,18.00,18.0000,true,1,21563
7290100680650,false,מנה חמה נודלס תאילנד,,,מנה חמה נודלס תאילנד,גרמים,76.00,100 גרם,false,,6.90,9.0789,true,1,18805
7290100680667,false,מנה חמה נודלס ירקות,,,מנה חמה נודלס ירקות,גרמים,76.00,100 גרם,false,,6.90,9.0789,true,1,18806
7290100680711,false,אסם פירורית זהב 350,,,אסם פירורית זהב 350,גרמים,350.00,100 גרם,false,,9.90,2.8286,true,1,18807
7290100680728,false,פירורית רגילה שקית 3,,,פירורית רגילה שקית 3,גרמים,350.00,100 גרם,false,,8.90,2.5429,true,1,18808
7290100684139,false,מיני מקרוני אסם 500,,,מיני מקרוני אסם 500,גרמים,500.00,100 גרם,false,,6.90,1.3800,true,1,18823
7290100685334,false,מרק עוף מרכיבים טבעי,,,מרק עוף מרכיבים טבעי,גרמים,400.00,100 גרם,false,,26.70,6.6750,true,1,18831
7290100685341,false,מרק זך טעם עוף רכיבי,,,מרק זך טעם עוף רכיבי,גרמים,400.00,100 גרם,false,,18.90,4.7250,true,1,18832
7290100686171,false,ביסלי גריל מאח.8 6*3,,,ביסלי גריל מאח.8 6*3,גרמים,210.00,100 גרם,false,,13.90,6.6190,true,1,18840
7290100687109,false,במבה במילוי קרם נוגט,,,במבה במילוי קרם נוגט,גרמים,60.00,100 גרם,false,,4.90,8.1667,true,1,18843
7290100689301,false,מרק בטעם עוף זך אסם,,,מרק בטעם עוף זך אסם,גרמים,400.00,100 גרם,false,,15.90,3.9750,true,1,18850
7290100700006,false,"סוגת חיטה 1 ק""ג",,,"סוגת חיטה 1 ק""ג",קילוגרמים,1.00,"ק""ג",false,,8.90,8.9000,true,1,17344
7290100700020,false,סוגת גריסי פנינה 500,,,סוגת גריסי פנינה 500,גרמים,500.00,100 גרם,false,,6.90,1.3800,true,1,17345
7290100700273,false,קינואה סוגת 500 גרם,,,קינואה סוגת 500 גרם,גרמים,500.00,100 גרם,false,,15.90,3.1800,true,1,17349
7290100700310,false,כוסמת 1 ק'ג,,,כוסמת 1 ק'ג,קילוגרמים,1.00,"ק""ג",false,,15.90,15.9000,true,1,17351
7290100700334,false,סוגת קינואה 1קג,,,סוגת קינואה 1קג,קילוגרמים,1.00,"ק""ג",false,,28.90,28.9000,true,1,17353
7290100700396,false,סוגת אורז יסמין קלאס,,,סוגת אורז יסמין קלאס,קילוגרמים,1.00,"ק""ג",false,,12.90,12.9000,true,1,17357
7290100700402,false,חומוס ענק 1 ק'ג,,,חומוס ענק 1 ק'ג,קילוגרמים,1.00,"ק""ג",false,,20.90,20.9000,true,1,17358
7290100700563,false,אורז מיקס קלאסי 1 ק',,,אורז מיקס קלאסי 1 ק',קילוגרמים,1.00,"ק""ג",false,,13.90,13.9000,true,1,17362
7290100700587,false,סוגת בורגול 500 גר,,,סוגת בורגול 500 גר,גרמים,500.00,100 גרם,false,,6.90,1.3800,true,1,17363
7290100701157,false,אורז סושי 1 קג,,,אורז סושי 1 קג,קילוגרמים,1.00,"ק""ג",false,,12.80,12.8000,true,1,17366
7290100701300,false,סוגת קינואה אדומה 50,,,סוגת קינואה אדומה 50,גרמים,500.00,100 גרם,false,,15.90,3.1800,true,1,17367
7290100701454,false,גרישה 500 גרם,,,גרישה 500 גרם,גרמים,500.00,100 גרם,false,,6.90,1.3800,true,1,17375
7290100701577,false,קמח לחם מועשר בויטמי,,,קמח לחם מועשר בויטמי,קילוגרמים,1.00,"ק""ג",false,,7.90,7.9000,true,1,17376
7290100701874,false,"קמח כוסמין סוגת 1 ק""",,,"קמח כוסמין סוגת 1 ק""",קילוגרמים,1.00,"ק""ג",false,,14.00,14.0000,true,1,17380
7290100702260,false,קוסקוס דק סוגת 350 ג,,,קוסקוס דק סוגת 350 ג,גרמים,350.00,100 גרם,false,,5.90,1.6857,true,1,17386
7290100702277,false,קוסקוס עבה סוגת 350,,,קוסקוס עבה סוגת 350,גרמים,350.00,100 גרם,false,,5.90,1.6857,true,1,17387
7290100702383,false,"קמח תופח סוגת 1 ק""ג",,,"קמח תופח סוגת 1 ק""ג",קילוגרמים,1.00,"ק""ג",false,,7.90,7.9000,true,1,17391
7290100702611,false,פתיתים אפויים אורז ס,,,פתיתים אפויים אורז ס,גרמים,500.00,100 גרם,false,,4.90,0.9800,true,1,17400
7290100702741,false,סוכר חום בהיר בצנצנת,,,סוכר חום בהיר בצנצנת,קילוגרמים,1.00,"ק""ג",false,,13.90,13.9000,true,1,17411
7290100702987,false,פתיתי שיבולת שועל סו,,,פתיתי שיבולת שועל סו,גרמים,500.00,100 גרם,false,,7.90,1.5800,true,1,17428
7290100702994,false,סוכר דמררה בשקית סוג,,,סוכר דמררה בשקית סוג,גרמים,500.00,100 גרם,false,,6.90,1.3800,true,1,17429
7290100703007,false,סוגת עדשים שחורות בל,,,סוגת עדשים שחורות בל,גרמים,500.00,100 גרם,false,,8.90,1.7800,true,1,17430
7290100703533,false,קמח קסם רב תכליתי סו,,,קמח קסם רב תכליתי סו,קילוגרמים,1.00,"ק""ג",false,,8.90,8.9000,true,1,17451
7290100703564,false,שיבולת שועל עבה סוגת,,,שיבולת שועל עבה סוגת,גרמים,500.00,100 גרם,false,,7.90,1.5800,true,1,17454
7290100703687,false,קמח חלה ללא ניפוי סו,,,קמח חלה ללא ניפוי סו,קילוגרמים,1.00,"ק""ג",false,,8.90,8.9000,true,1,17462
7290100703915,false,מארז פופקורן למיקרוג,,,מארז פופקורן למיקרוג,גרמים,540.00,100 גרם,false,,14.90,2.7593,true,1,17469
7290100704660,false,קינואה מיקס סוגת 500,,,קינואה מיקס סוגת 500,גרמים,500.00,100 גרם,false,,15.90,3.1800,true,1,153656
7290100850909,false,דוריטוס נאצו מקסיקני,,,דוריטוס נאצו מקסיקני,גרמים,70.00,100 גרם,false,,3.90,5.5714,true,1,24173
7290100850916,false,דוריטוס חמוץ חריף 70,,,דוריטוס חמוץ חריף 70,גרמים,70.00,100 גרם,false,,3.90,5.5714,true,1,24174
7290100850923,false,דוריטוס גריל 70 גרם,,,דוריטוס גריל 70 גרם,גרמים,70.00,100 גרם,false,,3.90,5.5714,true,1,24175
7290100850930,false,דוריטוס טבעי 70 גרם,,,דוריטוס טבעי 70 גרם,גרמים,70.00,100 גרם,false,,3.90,5.5714,true,1,24176
7290100858592,false,עלית קקאו 150ג,,,עלית קקאו 150ג,גרמים,150.00,100 גרם,false,,9.90,6.6000,true,1,22359
7290100921593,false,סוד סבון 4 כדוריות ל,,,סוד סבון 4 כדוריות ל,גרמים,50.00,100 גרם,false,,9.90,19.8000,true,1,34945
7290100924204,false,פרסיל אבקת כביסה 8 ק,,,פרסיל אבקת כביסה 8 ק,קילוגרמים,8.00,"ק""ג",false,,56.90,7.1125,true,1,34956
7290101113430,false,מאגדת גלידל סירופ שו,,,מאגדת גלידל סירופ שו,גרמים,312.00,100 גרם,false,,27.90,8.9423,true,1,140280
7290101488248,false,דאו' רולאון ורוד ליי,,,דאו' רולאון ורוד ליי,מיליליטרים,50.00,"100 מ""ל",false,,14.90,29.8000,true,1,21569
7290101551027,false,קפסולות אספרסו 14 למ,,,קפסולות אספרסו 14 למ,גרמים,50.00,100 גרם,false,,18.90,37.8000,true,1,22367
7290101551263,false,סילאן טבעי יד מרדכי,,,סילאן טבעי יד מרדכי,גרמים,700.00,100 גרם,false,,21.90,3.1286,true,1,22369
7290101551300,false,סילאן טבעי לחיץ יד מ,,,סילאן טבעי לחיץ יד מ,גרמים,380.00,100 גרם,false,,14.90,3.9211,true,1,22370
7290101551539,false,דנונה פרו 20 אפרסק 2,,,דנונה פרו 20 אפרסק 2,גרמים,200.00,100 גרם,false,,6.20,3.1000,true,1,23391
7290101551584,false,מארז תפוצ'יפס קידס 1,,,מארז תפוצ'יפס קידס 1,גרמים,200.00,100 גרם,false,,14.90,7.4500,true,1,24181
7290101551614,false,מארז צ'יטוס קראנצ' ג,,,מארז צ'יטוס קראנצ' ג,גרמים,240.00,100 גרם,false,,14.90,6.2083,true,1,24183
7290101551638,false,מארז צ'יטוס כאפה 10*,,,מארז צ'יטוס כאפה 10*,גרמים,200.00,100 גרם,false,,13.90,6.9500,true,1,24185
7290101863410,false,סיליט באנג ספריי אקו,,,סיליט באנג ספריי אקו,מיליליטרים,750.00,"100 מ""ל",false,,17.90,2.3867,true,1,20896
7290101864127,false,קליה אוקסי ספריי 750,,,קליה אוקסי ספריי 750,מיליליטרים,750.00,"100 מ""ל",false,,16.90,2.2533,true,1,20900
7290101865261,false,פיניש הברקה 800 מל,,,פיניש הברקה 800 מל,מיליליטרים,800.00,"100 מ""ל",false,,26.90,3.3625,true,1,20907
7290101866633,false,וניש קליה ג'ל 3 ליטר,,,וניש קליה ג'ל 3 ליטר,ליטרים,3.00,ליטר,false,,29.90,9.9667,true,1,20913
7290101868460,false,אבקת כביסה קולון 101,,,אבקת כביסה קולון 101,קילוגרמים,8.00,"ק""ג",false,,59.90,7.4875,true,1,20935
7290101868958,false,פיניש נוזל הברקה לימ,,,פיניש נוזל הברקה לימ,מיליליטרים,800.00,"100 מ""ל",false,,26.90,3.3625,true,1,20939
7290101869726,false,ג'ל 1 ליטר AIO פיניש,,,ג'ל 1 ליטר AIO פיניש,ליטרים,1.00,ליטר,false,,43.90,43.9000,true,1,20950
7290101869733,false,ג'ל 1 ליטר לימון AIO,,,ג'ל 1 ליטר לימון AIO,ליטרים,1.00,ליטר,false,,43.90,43.9000,true,1,20951
7290101869771,false,איירוויק מילוי מבשם,,,איירוויק מילוי מבשם,מיליליטרים,250.00,"100 מ""ל",false,,15.90,6.3600,true,1,20955
7290101869788,false,איירוויק מילוי מבשם,,,איירוויק מילוי מבשם,מיליליטרים,250.00,"100 מ""ל",false,,15.90,6.3600,true,1,20956
7290101869795,false,איירוויק מילוי מבשם,,,איירוויק מילוי מבשם,מיליליטרים,250.00,"100 מ""ל",false,,15.90,6.3600,true,1,20957
7290101999720,false,נרות מטה לבבות פו,,,נרות מטה לבבות פו,יחידה,0.00,יחידה,false,,7.50,0.0000,true,1,32813
7290102030330,false,תפוצ'יפס קראנץ מקסיק,,,תפוצ'יפס קראנץ מקסיק,גרמים,200.00,100 גרם,false,,10.90,5.4500,true,1,24194
7290102031276,false,אקטימל תות בננה 8*10,,,אקטימל תות בננה 8*10,מיליליטרים,800.00,"100 מ""ל",false,,22.90,2.8625,true,1,23412
7290102032334,false,קפה נמס עלית בטעם ונ,,,קפה נמס עלית בטעם ונ,גרמים,200.00,100 גרם,false,,24.90,12.4500,true,1,22373
7290102300860,false,שביק גבינת צדר אנגלי,,,שביק גבינת צדר אנגלי,גרמים,200.00,100 גרם,false,,27.90,13.9500,true,1,17177
7290102302246,false,גבינת גאודה 200 גר',,,גבינת גאודה 200 גר',גרמים,200.00,100 גרם,false,,24.90,12.4500,true,1,17183
7290102302932,false,גבינה טבעונית קלאסית,,,גבינה טבעונית קלאסית,גרמים,150.00,100 גרם,false,,23.90,15.9333,true,1,114227
7290102302963,false,גבינה טבעונית עשבי ת,,,גבינה טבעונית עשבי ת,גרמים,150.00,100 גרם,false,,23.90,15.9333,true,1,114229
7290102302987,false,גבינה טבעונית בסגנון,,,גבינה טבעונית בסגנון,גרמים,150.00,100 גרם,false,,23.90,15.9333,true,1,114230
7290102302994,false,טבעונית בסגנון פטה ב,,,טבעונית בסגנון פטה ב,גרמים,200.00,100 גרם,false,,34.90,17.4500,true,1,114243
7290102390427,false,מולר פרופ תות 3% 150,,,מולר פרופ תות 3% 150,גרמים,150.00,100 גרם,false,,5.50,3.6667,true,1,6439
7290102390465,false,מולר פרופ אפרסק פסיפ,,,מולר פרופ אפרסק פסיפ,גרמים,150.00,100 גרם,false,,5.50,3.6667,true,1,6440
7290102390489,false,מולר פרופ לימון 3% 1,,,מולר פרופ לימון 3% 1,גרמים,150.00,100 גרם,false,,5.50,3.6667,true,1,6442
7290102391844,false,מולר פרופ לבן+קציפת,,,מולר פרופ לבן+קציפת,גרמים,150.00,100 גרם,false,,5.50,3.6667,true,1,6449
7290102392094,false,צוריאל חלב עיזים 1ל,,,צוריאל חלב עיזים 1ל,ליטרים,1.00,ליטר,false,,16.90,16.9000,true,1,6452
7290102392254,false,טרה חלב 1% 2ל,,,טרה חלב 1% 2ל,ליטרים,2.00,ליטר,false,,11.72,5.8600,true,1,6455
7290102393039,false,מולר מיקס בתוספת פצפ,,,מולר מיקס בתוספת פצפ,מיליליטרים,170.00,"100 מ""ל",false,,5.90,3.4706,true,1,6468
7290102393299,false,צוריאל יוגורט עיזים,,,צוריאל יוגורט עיזים,מיליליטרים,500.00,"100 מ""ל",false,,12.90,2.5800,true,1,6479
7290102394258,false,צוריאל מה עז 9% 180ג,,,צוריאל מה עז 9% 180ג,גרמים,180.00,100 גרם,false,,23.90,13.2778,true,1,6489
7290102394463,false,נעם גבינה צהובה וואק,,,נעם גבינה צהובה וואק,גרמים,500.00,100 גרם,false,,27.90,5.5800,true,1,6496
7290102394821,false,נעם גבינה צהובה דק ד,,,נעם גבינה צהובה דק ד,גרמים,200.00,100 גרם,false,,15.90,7.9500,true,1,6500
7290102394845,false,נעם גבינה צהובה דק ד,,,נעם גבינה צהובה דק ד,גרמים,200.00,100 גרם,false,,16.90,8.4500,true,1,6501
7290102395224,false,מולר נטורל 1.7% 8*15,,,מולר נטורל 1.7% 8*15,קילוגרמים,1.20,"ק""ג",false,,18.50,15.4167,true,1,6509
7290102395231,false,מולר נטורל 2.8% 8*15,,,מולר נטורל 2.8% 8*15,קילוגרמים,1.20,"ק""ג",false,,18.50,15.4167,true,1,6510
7290102395446,false,מוו וניל קצפת 123מל,,,מוו וניל קצפת 123מל,מיליליטרים,123.00,"100 מ""ל",false,,3.50,2.8455,true,1,6516
7290102395477,false,מוו שוקולד קצפת 123מ,,,מוו שוקולד קצפת 123מ,מיליליטרים,123.00,"100 מ""ל",false,,3.50,2.8455,true,1,6519
7290102396399,false,מוו מעדן שוקולד 100*,,,מוו מעדן שוקולד 100*,גרמים,800.00,100 גרם,false,,13.90,1.7375,true,1,6537
7290102396443,false,מוו מעדן וניל 1.5% 1,,,מוו מעדן וניל 1.5% 1,גרמים,125.00,100 גרם,false,,3.50,2.8000,true,1,6542
7290102396580,false,מוו מעדן שוקולד ומוס,,,מוו מעדן שוקולד ומוס,גרמים,118.00,100 גרם,false,,3.50,2.9661,true,1,6546
7290102396597,false,מוו מעדן וניל ומוס ש,,,מוו מעדן וניל ומוס ש,גרמים,118.00,100 גרם,false,,3.50,2.9661,true,1,6547
7290102396665,false,גבנ`צ דקדק פתח סגור,,,גבנ`צ דקדק פתח סגור,גרמים,200.00,100 גרם,false,,16.90,8.4500,true,1,6550
7290102396672,false,נעם צהובה דק דק 9% 3,,,נעם צהובה דק דק 9% 3,גרמים,360.00,100 גרם,false,,27.90,7.7500,true,1,6551
7290102397204,false,נעם צהובה דק דק 22%,,,נעם צהובה דק דק 22%,גרמים,200.00,100 גרם,false,,16.90,8.4500,true,1,6577
7290102397310,false,מאגדת שמינייה מיני מ,,,מאגדת שמינייה מיני מ,מיליליטרים,944.00,"100 מ""ל",false,,12.90,1.3665,true,1,6581
7290102397464,false,מולר יוגורט נטורל +,,,מולר יוגורט נטורל +,גרמים,150.00,100 גרם,false,,5.90,3.9333,true,1,6592
7290102397600,false,מולר מיקס שקדים ובוט,,,מולר מיקס שקדים ובוט,גרמים,168.00,100 גרם,false,,5.90,3.5119,true,1,6602
7290102397617,false,מולר מיקס קליק 168 ג,,,מולר מיקס קליק 168 ג,גרמים,168.00,100 גרם,false,,5.90,3.5119,true,1,6603
7290102397730,false,גבינת אמנטל נעם פתיח,,,גבינת אמנטל נעם פתיח,גרמים,200.00,100 גרם,false,,17.90,8.9500,true,1,6611
7290102397747,false,מוצרלה נעם  רכיבים ט,,,מוצרלה נעם  רכיבים ט,גרמים,200.00,100 גרם,false,,18.90,9.4500,true,1,6612
7290102398065,false,טרה חלב קרטון 3% מהד,,,טרה חלב קרטון 3% מהד,יחידה,0.00,יחידה,false,,12.46,0.0000,true,1,6628
7290102398331,false,חלב מועשר  1 ליטר דל,,,חלב מועשר  1 ליטר דל,ליטרים,1.00,ליטר,false,,7.90,7.9000,true,1,6647
7290102398560,false,שוקו טרה מועשר בבקבו,,,שוקו טרה מועשר בבקבו,ליטרים,1.00,ליטר,false,,11.90,11.9000,true,1,6662
7290102398577,false,שוקו טרה מועשר בבקבו,,,שוקו טרה מועשר בבקבו,מיליליטרים,250.00,"100 מ""ל",false,,5.90,2.3600,true,1,6663
7290102398614,false,משקה חלב בטעם בננה 1,,,משקה חלב בטעם בננה 1,ליטרים,1.00,ליטר,false,,11.90,11.9000,true,1,6664
7290102398799,false,משקה סויה במתיקות מו,,,משקה סויה במתיקות מו,ליטרים,1.00,ליטר,false,,10.90,10.9000,true,1,6672
7290102398805,false,משקה סויה בטעם וניל,,,משקה סויה בטעם וניל,ליטרים,1.00,ליטר,false,,10.90,10.9000,true,1,6673
7290102399048,false,קשקבל נעם פתיחה חוזר,,,קשקבל נעם פתיחה חוזר,גרמים,200.00,100 גרם,false,,23.90,11.9500,true,1,6682
7290102399796,false,יוגורט חלבון לבן 250,,,יוגורט חלבון לבן 250,גרמים,200.00,100 גרם,false,,6.90,3.4500,true,1,73741
7290102399802,false,יוגורט חלבון תות 20,,,יוגורט חלבון תות 20,גרמים,200.00,100 גרם,false,,6.90,3.4500,true,1,73742
7290102399819,false,יוגורט חלבון פ.יער 2,,,יוגורט חלבון פ.יער 2,גרמים,200.00,100 גרם,false,,6.90,3.4500,true,1,73743
7290102399857,false,יוגורט מולר אקטיב לי,,,יוגורט מולר אקטיב לי,גרמים,150.00,100 גרם,false,,6.50,4.3333,true,1,86107
7290103120658,false,דאודורנט ג'ל שחור ספ,,,דאודורנט ג'ל שחור ספ,מיליליטרים,85.00,"100 מ""ל",false,,19.90,23.4118,true,1,21586
7290103124601,false,תחליב רחצה חלב ודבש,,,תחליב רחצה חלב ודבש,מיליליטרים,750.00,"100 מ""ל",false,,21.90,2.9200,true,1,21594
7290103128739,false,בלונס צימרוני אוזניי,,,בלונס צימרוני אוזניי,יחידה,0.00,יחידה,false,,6.90,0.0000,true,1,21603
7290103400194,false,כרוב לבן 400 ג בדצ י,,,כרוב לבן 400 ג בדצ י,גרמים,400.00,100 גרם,false,,10.00,2.5000,true,1,23415
7290103400255,false,סלט קולסלאו 400 ג בד,,,סלט קולסלאו 400 ג בד,גרמים,400.00,100 גרם,false,,10.00,2.5000,true,1,23417
7290103401429,false,קפה אוריגינס קצב ברז,,,קפה אוריגינס קצב ברז,גרמים,200.00,100 גרם,false,,30.90,15.4500,true,1,22387
7290103404758,false,אחלה כרוב אדום 120ג,,,אחלה כרוב אדום 120ג,גרמים,120.00,100 גרם,false,,5.50,4.5833,true,1,23420
7290103408206,false,עלי חסה ערבית שטופים,,,עלי חסה ערבית שטופים,גרמים,250.00,100 גרם,false,,10.90,4.3600,true,1,23423
7290103681227,false,הר תבור גוורצטרמינר,,,הר תבור גוורצטרמינר,מיליליטרים,750.00,"100 מ""ל",false,,36.90,4.9200,true,1,6744
7290103700386,false,טאצ' כריות יפניות 6י,,,טאצ' כריות יפניות 6י,יחידה,0.00,יחידה,false,,10.90,0.0000,true,1,24454
7290103700393,false,טאצ' כריות יפניות עב,,,טאצ' כריות יפניות עב,יחידה,0.00,יחידה,false,,9.90,0.0000,true,1,24455
7290103700997,false,לאבלי נייר טואלט 40,,,לאבלי נייר טואלט 40,מטרים,716.00,מטר,false,,43.90,0.0613,true,1,24459
7290103701017,false,טאצ' נייר אפייה נשלף,,,טאצ' נייר אפייה נשלף,יחידה,0.00,יחידה,false,,10.90,0.0000,true,1,24460
7290103701093,false,טאצ מטליות מקרופייבר,,,טאצ מטליות מקרופייבר,יחידה,0.00,יחידה,false,,14.90,0.0000,true,1,24463
7290103703233,false,טאצ' מטליות לחות לני,,,טאצ' מטליות לחות לני,יחידה,0.00,יחידה,false,,20.90,0.0000,true,1,38127
7290103703394,false,טאצ' ניילון נצמד זוג,,,טאצ' ניילון נצמד זוג,יחידה,0.00,יחידה,false,,10.90,0.0000,true,1,24496
7290103704155,false,מגבות נייר 6 גלילים,,,מגבות נייר 6 גלילים,מטרים,63.00,מטר,false,,10.90,0.1730,true,1,166214
7290103704162,false,נייר טואלט טאצ' 32 ג,,,נייר טואלט טאצ' 32 ג,יח',0.00,יח',false,,31.90,0.0000,true,1,137663
7290103704186,false,מגבות טאצ' גליל כפול,,,מגבות טאצ' גליל כפול,יחידה,0.00,יחידה,false,,20.90,0.0000,true,1,242073
7290104061417,false,אחלה חומוס טחינה 400,,,אחלה חומוס טחינה 400,גרמים,400.00,100 גרם,false,,11.90,2.9750,true,1,23425
7290104061424,false,אחלה חומוס זעתר 400,,,אחלה חומוס זעתר 400,גרמים,400.00,100 גרם,false,,11.90,2.9750,true,1,23426
7290104061431,false,אחלה חומוס צנובר 400,,,אחלה חומוס צנובר 400,גרמים,400.00,100 גרם,false,,11.90,2.9750,true,1,23427
7290104062599,false,גמדים תות בננה 8*100,,,גמדים תות בננה 8*100,מיליליטרים,800.00,"100 מ""ל",false,,18.90,2.3625,true,1,23429
7290104065187,false,קפה נמס עלית בטעם מו,,,קפה נמס עלית בטעם מו,גרמים,200.00,100 גרם,false,,24.90,12.4500,true,1,22415
7290104065934,false,שטראוס עלי רוקט 150ג,,,שטראוס עלי רוקט 150ג,גרמים,150.00,100 גרם,false,,9.90,6.6000,true,1,23430
7290104500572,false,אפרופו איטלקי 36*50ג,,,אפרופו איטלקי 36*50ג,גרמים,50.00,100 גרם,false,,5.50,11.0000,true,1,18853
7290104501661,false,אסם פודינג בטעם וניל,,,אסם פודינג בטעם וניל,גרמים,80.00,100 גרם,false,,6.50,8.1250,true,1,18854
7290104508943,false,במבה קלאסי 18*200 גר,,,במבה קלאסי 18*200 גר,גרמים,200.00,100 גרם,false,,10.90,5.4500,true,1,18868
7290104570131,false,"תמר מג'הול 1 ק""ג",,,"תמר מג'הול 1 ק""ג",קילוגרמים,1.00,"ק""ג",false,,18.90,18.9000,true,1,42929
7290104720499,false,מארז דני וניל  8*125,,,מארז דני וניל  8*125,מיליליטרים,125.00,"100 מ""ל",false,,16.90,13.5200,true,1,23437
7290104721762,false,טורקי עלית 3*85 גר'.,,,טורקי עלית 3*85 גר'.,גרמים,255.00,100 גרם,false,,19.90,7.8039,true,1,22426
7290104721953,false,לקט מסולסלים ירקות 3,,,לקט מסולסלים ירקות 3,גרמים,350.00,100 גרם,false,,13.90,3.9714,true,1,23440
7290104722530,false,תפוציפס שמנת בצל 200,,,תפוציפס שמנת בצל 200,גרמים,200.00,100 גרם,false,,10.90,5.4500,true,1,24217
7290104726262,false,דני שוקולד לשתייה מא,,,דני שוקולד לשתייה מא,מיליליטרים,500.00,"100 מ""ל",false,,11.90,2.3800,true,1,23447
7290104726712,false,מילקי שמינייה מארז 8,,,מילקי שמינייה מארז 8,קילוגרמים,1.06,"ק""ג",false,,21.00,19.8113,true,1,23448
7290104728310,false,יטבתה שמנת עמידה לקצ,,,יטבתה שמנת עמידה לקצ,מיליליטרים,250.00,"100 מ""ל",false,,6.47,2.5880,true,1,23453
7290104852459,false,נרות שבת מספר 12,,,נרות שבת מספר 12,גרמים,140.00,100 גרם,false,,3.60,2.5714,true,1,37302
7290104960338,false,תחליב רחצה אלוורה ות,,,תחליב רחצה אלוורה ות,מיליליטרים,750.00,"100 מ""ל",false,,12.90,1.7200,true,1,30462
7290104961878,false,קרטין אינטנס שמפו נט,,,קרטין אינטנס שמפו נט,מיליליטרים,400.00,"100 מ""ל",false,,31.90,7.9750,true,1,30484
7290104961885,false,מרכך קרטין אינטנס נט,,,מרכך קרטין אינטנס נט,מיליליטרים,400.00,"100 מ""ל",false,,31.90,7.9750,true,1,30485
7290105360250,false,עלית קפסולות מקיאטו,,,עלית קפסולות מקיאטו,גרמים,50.00,100 גרם,false,,18.90,37.8000,true,1,22443
7290105360328,false,עלית קפסולות אספרסו,,,עלית קפסולות אספרסו,גרמים,50.00,100 גרם,false,,18.90,37.8000,true,1,22444
7290105360335,false,עלית קפסולות אספרסו,,,עלית קפסולות אספרסו,גרמים,50.00,100 גרם,false,,18.90,37.8000,true,1,22445
7290105360878,false,תפוציפס מארז 4*50ג,,,תפוציפס מארז 4*50ג,גרמים,200.00,100 גרם,false,,12.90,6.4500,true,1,24226
7290105362339,false,יטבתה שמנת לבישול 15,,,יטבתה שמנת לבישול 15,מיליליטרים,250.00,"100 מ""ל",false,,8.90,3.5600,true,1,23458
7290105363602,false,כיף כף מקלות קלאסי 4,,,כיף כף מקלות קלאסי 4,גרמים,40.00,100 גרם,false,,5.50,13.7500,true,1,22454
7290105364289,false,כיף כף מקלות פצפוצים,,,כיף כף מקלות פצפוצים,גרמים,40.00,100 גרם,false,,5.50,13.7500,true,1,22455
7290105364302,false,כיף כף מקלות אגוזים,,,כיף כף מקלות אגוזים,גרמים,42.00,100 גרם,false,,5.50,13.0952,true,1,22456
7290105366023,false,אחלה חציל בטעם כבד 4,,,אחלה חציל בטעם כבד 4,גרמים,400.00,100 גרם,false,,16.90,4.2250,true,1,23461
7290105366993,false,סימפוניה פלפל שיפקה,,,סימפוניה פלפל שיפקה,גרמים,200.00,100 גרם,false,,12.50,6.2500,true,1,23468
7290105368904,false,יטבתה שמנת עמידה לקצ,,,יטבתה שמנת עמידה לקצ,מיליליטרים,250.00,"100 מ""ל",false,,7.90,3.1600,true,1,23488
7290105368928,false,יטבתה שמנת 9% 200מל,,,יטבתה שמנת 9% 200מל,מיליליטרים,200.00,"100 מ""ל",false,,3.50,1.7500,true,1,23489
7290105369130,false,סימפוניה שטראוס בצל,,,סימפוניה שטראוס בצל,גרמים,200.00,100 גרם,false,,12.50,6.2500,true,1,23492
7290105434067,false,ספיד סטיק כחול אושיי,,,ספיד סטיק כחול אושיי,גרמים,85.00,100 גרם,false,,19.90,23.4118,true,1,21638
7290105439499,false,מיונז הולנדי מאסטר ש,,,מיונז הולנדי מאסטר ש,גרמים,480.00,100 גרם,false,,12.90,2.6875,true,1,21650
7290105439581,false,מאסטר שף מאסטר שף חר,,,מאסטר שף מאסטר שף חר,מיליליטרים,370.00,"100 מ""ל",false,,13.90,3.7568,true,1,21652
7290105691248,false,חטיפי פריכונים טורטי,,,חטיפי פריכונים טורטי,גרמים,60.00,100 גרם,false,,8.10,13.5000,true,1,18880
7290105691934,false,"קמח שמרים אסם 1 ק""ג",,,"קמח שמרים אסם 1 ק""ג",קילוגרמים,1.00,"ק""ג",false,,11.90,11.9000,true,1,18886
7290105693341,false,במבה מאח.15 10*25גרם,,,במבה מאח.15 10*25גרם,גרמים,250.00,100 גרם,false,,16.90,6.7600,true,1,18894
7290105695321,false,הבית עוגות בראוניס פ,,,הבית עוגות בראוניס פ,גרמים,380.00,100 גרם,false,,19.50,5.1316,true,1,18906
7290105964564,false,אחלה חומוס אחלה 400ג,,,אחלה חומוס אחלה 400ג,גרמים,400.00,100 גרם,false,,9.90,2.4750,true,1,23499
7290105965738,false,דנונה משקה תות בננה,,,דנונה משקה תות בננה,גרמים,267.00,100 גרם,false,,5.50,2.0599,true,1,23505
7290105966469,false,חומץ בלסמי יד מרדכי,,,חומץ בלסמי יד מרדכי,גרמים,250.00,100 גרם,false,,15.90,6.3600,true,1,22488
7290105968098,false,אחלה קולסלאו 500ג,,,אחלה קולסלאו 500ג,גרמים,500.00,100 גרם,false,,16.90,3.3800,true,1,23511
7290105968654,false,שטראוס רביולי בטטה 4,,,שטראוס רביולי בטטה 4,גרמים,400.00,100 גרם,false,,21.90,5.4750,true,1,23512
7290106520066,false,רבע לשבע 160 גרם,,,רבע לשבע 160 גרם,גרמים,160.00,100 גרם,false,,11.90,7.4375,true,1,22495
7290106520288,false,דנונה פרו תות 150 גר,,,דנונה פרו תות 150 גר,גרמים,150.00,100 גרם,false,,4.90,3.2667,true,1,23514
7290106520912,false,יטבתה שמנת לבישול 9%,,,יטבתה שמנת לבישול 9%,מיליליטרים,250.00,"100 מ""ל",false,,8.90,3.5600,true,1,23523
7290106521049,false,אחלה קוביות סלק 400,,,אחלה קוביות סלק 400,גרמים,400.00,100 גרם,false,,16.90,4.2250,true,1,23525
7290106521926,false,קפה טורקי עלית 150 ג,,,קפה טורקי עלית 150 ג,גרמים,150.00,100 גרם,false,,12.90,8.6000,true,1,22503
7290106524439,false,תפוציפס פופס 60 גרם,,,תפוציפס פופס 60 גרם,גרמים,60.00,100 גרם,false,,4.30,7.1667,true,1,24236
7290106526822,false,פריכיות עם תחתית שוק,,,פריכיות עם תחתית שוק,גרמים,80.00,100 גרם,false,,8.90,11.1250,true,1,22520
7290106528949,false,לקט ערוגות,,,לקט ערוגות,גרמים,450.00,100 גרם,false,,13.90,3.0889,true,1,23532
7290106572065,false,טורטיה בטעם תירס חמו,,,טורטיה בטעם תירס חמו,גרמים,60.00,100 גרם,false,,8.10,13.5000,true,1,18927
7290106573628,false,צבר חומוס עם טחינה 4,,,צבר חומוס עם טחינה 4,גרמים,400.00,100 גרם,false,,12.90,3.2250,true,1,19917
7290106574793,false,עוגת הבית שוקו שוקוצ,,,עוגת הבית שוקו שוקוצ,גרמים,350.00,100 גרם,false,,14.90,4.2571,true,1,18946
7290106574953,false,אסם בייגלה שטוחים שו,,,אסם בייגלה שטוחים שו,גרמים,300.00,100 גרם,false,,11.90,3.9667,true,1,18947
7290106574977,false,אסם בייגלה שטוחים עם,,,אסם בייגלה שטוחים עם,גרמים,300.00,100 גרם,false,,11.90,3.9667,true,1,18948
7290106576513,false,צבר חומוס 400 גרם,,,צבר חומוס 400 גרם,גרמים,400.00,100 גרם,false,,9.90,2.4750,true,1,19922
7290106576537,false,צבר חומוס מסעדה 700,,,צבר חומוס מסעדה 700,גרמים,700.00,100 גרם,false,,10.90,1.5571,true,1,19923
7290106576797,false,לה קרמריה וניל איטלק,,,לה קרמריה וניל איטלק,ליטרים,1.40,ליטר,false,,25.90,18.5000,true,1,16142
7290106576858,false,גלידה קרמריה תותים ב,,,גלידה קרמריה תותים ב,ליטרים,1.40,ליטר,false,,25.90,18.5000,true,1,16145
7290106576971,false,לה קרמריה שוקולד בלג,,,לה קרמריה שוקולד בלג,ליטרים,1.40,ליטר,false,,25.90,18.5000,true,1,16150
7290106577039,false,לה קרמריה שוקו וניל,,,לה קרמריה שוקו וניל,ליטרים,1.40,ליטר,false,,25.90,18.5000,true,1,16152
7290106577282,false,צבר מרובע טחינה 400ג,,,צבר מרובע טחינה 400ג,גרמים,400.00,100 גרם,false,,13.50,3.3750,true,1,19924
7290106577541,false,צבר מרובע כרוב אדום,,,צבר מרובע כרוב אדום,גרמים,400.00,100 גרם,false,,13.50,3.3750,true,1,19930
7290106577572,false,צבר מרובע מטבוחה  40,,,צבר מרובע מטבוחה  40,גרמים,400.00,100 גרם,false,,13.50,3.3750,true,1,19931
7290106578692,false,במבה ביסלי מיקס 36*8,,,במבה ביסלי מיקס 36*8,גרמים,80.00,100 גרם,false,,4.90,6.1250,true,1,18970
7290106639812,false,כוס אפרופו,,,כוס אפרופו,יחידה,0.00,יחידה,false,,6.90,0.0000,true,1,235785
7290106653689,false,לקט לסלט אסייתי שטרא,,,לקט לסלט אסייתי שטרא,גרמים,350.00,100 גרם,false,,10.90,3.1143,true,1,23535
7290106654099,false,עוגות אישיות מילקי ק,,,עוגות אישיות מילקי ק,גרמים,272.00,100 גרם,false,,20.90,7.6838,true,1,23536
7290106662025,false,תפוציפס טבעי מלח פלפ,,,תפוציפס טבעי מלח פלפ,גרמים,50.00,100 גרם,false,,4.30,8.6000,true,1,24272
7290106662964,false,עלית סוכריות נוסטלגי,,,עלית סוכריות נוסטלגי,גרמים,80.00,100 גרם,false,,7.90,9.8750,true,1,22575
7290106663091,false,שטראוס לאבנה 9% 500,,,שטראוס לאבנה 9% 500,גרמים,500.00,100 גרם,false,,19.50,3.9000,true,1,23562
7290106663503,false,קונפיטורת לייט תות 2,,,קונפיטורת לייט תות 2,גרמים,230.00,100 גרם,false,,13.90,6.0435,true,1,22587
7290106663558,false,יד מרדכי רוטב טריאקי,,,יד מרדכי רוטב טריאקי,מיליליטרים,280.00,"100 מ""ל",false,,14.90,5.3214,true,1,22592
7290106664067,false,שטראוס לאבנה שמן זית,,,שטראוס לאבנה שמן זית,גרמים,400.00,100 גרם,false,,15.90,3.9750,true,1,23566
7290106664555,false,יטבתה רוטב שמנת עם ע,,,יטבתה רוטב שמנת עם ע,מיליליטרים,250.00,"100 מ""ל",false,,11.50,4.6000,true,1,23568
7290106664562,false,יטבתה רוטב שמנת עם פ,,,יטבתה רוטב שמנת עם פ,גרמים,250.00,100 גרם,false,,11.50,4.6000,true,1,23569
7290106667266,false,דוריטוס חמוץ חריף 18,,,דוריטוס חמוץ חריף 18,גרמים,185.00,100 גרם,false,,7.90,4.2703,true,1,24296
7290106668577,false,מיץ לימון טבעי יד מר,,,מיץ לימון טבעי יד מר,מיליליטרים,250.00,"100 מ""ל",false,,8.90,3.5600,true,1,22611
7290106669857,false,עלית קפסולות בטעם ונ,,,עלית קפסולות בטעם ונ,גרמים,50.00,100 גרם,false,,18.90,37.8000,true,1,22624
7290106720626,false,ציטוס  גבינה 80 גרם,,,ציטוס  גבינה 80 גרם,גרמים,80.00,100 גרם,false,,4.90,6.1250,true,1,24299
7290106721913,false,מאסט צנצנת ריח פה צ',,,מאסט צנצנת ריח פה צ',גרמים,66.00,100 גרם,false,,10.90,16.5152,true,1,22638
7290106721920,false,מאסט צנצנת ספירמינט,,,מאסט צנצנת ספירמינט,גרמים,66.00,100 גרם,false,,10.90,16.5152,true,1,22639
7290106723689,false,שטראוס תרד בייבי 200,,,שטראוס תרד בייבי 200,גרמים,200.00,100 גרם,false,,11.90,5.9500,true,1,23579
7290106729650,false,דנונה יוגורט תות 8יח,,,דנונה יוגורט תות 8יח,קילוגרמים,1.20,"ק""ג",false,,26.90,22.4167,true,1,23604
7290107280013,false,ליטופים  מגבונים ללא,,,ליטופים  מגבונים ללא,יחידה,0.00,יחידה,false,,19.90,0.0000,true,1,30555
7290107280020,false,סנו סושי מגבונים לני,,,סנו סושי מגבונים לני,יחידה,0.00,יחידה,false,,21.90,0.0000,true,1,30556
7290107280075,false,4 תבניות אלומיניום L,,,4 תבניות אלומיניום L,יחידה,0.00,יחידה,false,,10.90,0.0000,true,1,30560
7290107280082,false,7 תבניות אינגליש קיי,,,7 תבניות אינגליש קיי,יחידה,0.00,יחידה,false,,10.90,0.0000,true,1,30561
7290107280099,false,סנו סופט מגבוני טואל,,,סנו סופט מגבוני טואל,יחידה,0.00,יחידה,false,,16.90,0.0000,true,1,30562
7290107280341,false,ריצפז מטליות לחות לנ,,,ריצפז מטליות לחות לנ,יחידה,0.00,יחידה,false,,12.90,0.0000,true,1,30569
7290107280389,false,סנו ג'ט מתז לאמבט 75,,,סנו ג'ט מתז לאמבט 75,מיליליטרים,750.00,"100 מ""ל",false,,13.90,1.8533,true,1,30570
7290107280396,false,סנו ג'ט מתז למטבח 75,,,סנו ג'ט מתז למטבח 75,מיליליטרים,750.00,"100 מ""ל",false,,13.90,1.8533,true,1,30571
7290107280570,false,מקסימה ג'ל כביסה מיק,,,מקסימה ג'ל כביסה מיק,ליטרים,3.00,ליטר,false,,35.90,11.9667,true,1,30581
7290107280716,false,סנו ספארק מלח למדיח,,,סנו ספארק מלח למדיח,קילוגרמים,2.00,"ק""ג",false,,13.90,6.9500,true,1,30591
7290107280747,false,סנו ספארק נוזל לניקו,,,סנו ספארק נוזל לניקו,מיליליטרים,700.00,"100 מ""ל",false,,9.90,1.4143,true,1,30595
7290107280761,false,ספארק נוזל לכלים לימ,,,ספארק נוזל לכלים לימ,יחידה,0.00,יחידה,false,,12.90,0.0000,true,1,30597
7290107341356,false,כבל אייפון,,,כבל אייפון,יחידה,0.00,יחידה,false,,19.90,0.0000,true,1,280438
7290107341370,false,כבל  טייפ סי,,,כבל  טייפ סי,יחידה,0.00,יחידה,false,,19.90,0.0000,true,1,288013
7290107645584,false,מרק עוף אמיתי רכיבים,,,מרק עוף אמיתי רכיבים,גרמים,400.00,100 גרם,false,,24.90,6.2250,true,1,10599
7290107647731,false,קוקומן חום לבן 20% ת,,,קוקומן חום לבן 20% ת,גרמים,375.00,100 גרם,false,,22.90,6.1067,true,1,10667
7290107647854,false,שוגי 20% סוכר תלמה ב,,,שוגי 20% סוכר תלמה ב,גרמים,500.00,100 גרם,false,,23.90,4.7800,true,1,10677
7290107649100,false,בייגלה טבעות שומשום,,,בייגלה טבעות שומשום,גרמים,300.00,100 גרם,false,,11.90,3.9667,true,1,10709
7290107871990,false,פסטה צינורות אסם 500,,,פסטה צינורות אסם 500,גרמים,500.00,100 גרם,false,,6.90,1.3800,true,1,18997
7290107874502,false,ביסלי גריל 4*55 גרם,,,ביסלי גריל 4*55 גרם,גרמים,220.00,100 גרם,false,,12.90,5.8636,true,1,19019
7290107874540,false,עוגת קרנץ' טעם שוקו,,,עוגת קרנץ' טעם שוקו,גרמים,650.00,100 גרם,false,,27.30,4.2000,true,1,34092
7290107875004,false,פופקו חמאה ודבש מארז,,,פופקו חמאה ודבש מארז,גרמים,240.00,100 גרם,false,,19.90,8.2917,true,1,19024
7290107876889,false,במבה במילוי קרם נוגט,,,במבה במילוי קרם נוגט,גרמים,45.00,100 גרם,false,,4.90,10.8889,true,1,19056
7290107877619,false,במבה במילוי קרם נוגט,,,במבה במילוי קרם נוגט,גרמים,150.00,100 גרם,false,,13.90,9.2667,true,1,19065
7290107879132,false,מיני פריכיות שוקולד,,,מיני פריכיות שוקולד,גרמים,22.00,100 גרם,false,,7.90,35.9091,true,1,19947
7290107932080,false,יטבתה חלב בבקבוק 3%,,,יטבתה חלב בבקבוק 3%,ליטרים,1.00,ליטר,false,,7.90,7.9000,true,1,23617
7290107932134,false,יטבתה חלב בבקבוק 1%,,,יטבתה חלב בבקבוק 1%,ליטרים,1.00,ליטר,false,,7.90,7.9000,true,1,23619
7290107933155,false,לקט סלנובה 200 גרם,,,לקט סלנובה 200 גרם,גרמים,200.00,100 גרם,false,,14.90,7.4500,true,1,23620
7290107933193,false,שטראוס סלק מבושל בוו,,,שטראוס סלק מבושל בוו,גרמים,500.00,100 גרם,false,,8.90,1.7800,true,1,23621
7290107936309,false,דנונה יווני לבן 130,,,דנונה יווני לבן 130,גרמים,130.00,100 גרם,false,,3.50,2.6923,true,1,23640
7290107936958,false,עד חצות אצבעות 125 ג,,,עד חצות אצבעות 125 ג,גרמים,125.00,100 גרם,false,,10.90,8.7200,true,1,22740
7290107937542,false,משקה אקטיביה תות 1.2,,,משקה אקטיביה תות 1.2,מיליליטרים,265.00,"100 מ""ל",false,,5.50,2.0755,true,1,23645
7290107937641,false,צנצנת קוביות בזוקה 5,,,צנצנת קוביות בזוקה 5,גרמים,58.00,100 גרם,false,,10.90,18.7931,true,1,22753
7290107938396,false,דנונה Actimel בנים ב,,,דנונה Actimel בנים ב,גרמים,864.00,100 גרם,false,,22.90,2.6505,true,1,23651
7290107939027,false,גזרדק דק 250 גרם בד`,,,גזרדק דק 250 גרם בד`,גרמים,250.00,100 גרם,false,,7.90,3.1600,true,1,23655
7290107940030,false,חומוס אחלה 650 גר,,,חומוס אחלה 650 גר,גרמים,650.00,100 גרם,false,,9.90,1.5231,true,1,23668
7290107941259,false,עדשים ירוקות מבושלות,,,עדשים ירוקות מבושלות,גרמים,475.00,100 גרם,false,,12.90,2.7158,true,1,23683
7290107941266,false,שעועית אדומה מבושלת,,,שעועית אדומה מבושלת,גרמים,475.00,100 גרם,false,,15.90,3.3474,true,1,23684
7290107941273,false,חומוס מבושל 475 גרם,,,חומוס מבושל 475 גרם,גרמים,475.00,100 גרם,false,,12.90,2.7158,true,1,23685
7290107942355,false,תפוציפס מקלות בטעם ט,,,תפוציפס מקלות בטעם ט,יח',60.00,יח',false,,4.30,0.0717,true,1,24336
7290107943192,false,יטבתה שמנת 27%  200מ,,,יטבתה שמנת 27%  200מ,מיליליטרים,200.00,"100 מ""ל",false,,4.50,2.2500,true,1,23712
7290107943369,false,שיבולת שועל ללא גלוט,,,שיבולת שועל ללא גלוט,גרמים,511.00,100 גרם,false,,19.90,3.8943,true,1,24347
7290107944472,false,סימפוניה 5% שום שמיר,,,סימפוניה 5% שום שמיר,גרמים,200.00,100 גרם,false,,12.50,6.2500,true,1,23719
7290107950206,false,מעדן דיאט שוקולד % 0,,,מעדן דיאט שוקולד % 0,גרמים,130.00,100 גרם,false,,3.50,2.6923,true,1,23780
7290107951111,false,בפלות בטעם לימון עלי,,,בפלות בטעם לימון עלי,גרמים,200.00,100 גרם,false,,4.90,2.4500,true,1,22861
7290107951715,false,מאסט צנצנת קוביות ענ,,,מאסט צנצנת קוביות ענ,גרמים,58.00,100 גרם,false,,10.90,18.7931,true,1,22876
7290107954709,false,יד מרדכי קונפיטורת פ,,,יד מרדכי קונפיטורת פ,גרמים,340.00,100 גרם,false,,13.90,4.0882,true,1,22908
7290107954976,false,משקה פרו בטעם קפה יט,,,משקה פרו בטעם קפה יט,מיליליטרים,350.00,"100 מ""ל",false,,6.90,1.9714,true,1,23846
7290107956925,false,עלית קפסולות אוגנדה,,,עלית קפסולות אוגנדה,גרמים,50.00,100 גרם,false,,18.90,37.8000,true,1,22951
7290107956932,false,עלית קפסולות אידונזי,,,עלית קפסולות אידונזי,גרמים,50.00,100 גרם,false,,18.90,37.8000,true,1,22952
7290107958035,false,8 דנונה מתיקות מעודנ,,,8 דנונה מתיקות מעודנ,קילוגרמים,1.20,"ק""ג",false,,18.90,15.7500,true,1,23880
7290107972307,false,משחת שיניים אופטיק ו,,,משחת שיניים אופטיק ו,מיליליטרים,75.00,"100 מ""ל",false,,31.90,42.5333,true,1,21685
7290107973014,false,פלמוליב סבון ידיים ח,,,פלמוליב סבון ידיים ח,מיליליטרים,300.00,"100 מ""ל",false,,10.90,3.6333,true,1,21690
7290107973816,false,עגבניות קצוצות דק מא,,,עגבניות קצוצות דק מא,גרמים,400.00,100 גרם,false,,6.30,1.5750,true,1,168935
7290107973861,false,עגבניות קצוצות דק מא,,,עגבניות קצוצות דק מא,קילוגרמים,1.20,"ק""ג",false,,17.90,14.9167,true,1,21702
7290107974066,false,עלי טורטיה קמח מלא מ,,,עלי טורטיה קמח מלא מ,גרמים,320.00,100 גרם,false,,11.90,3.7188,true,1,21707
7290107974080,false,עלי טורטיה קמח לבן מ,,,עלי טורטיה קמח לבן מ,גרמים,820.00,100 גרם,false,,17.90,2.1829,true,1,21709
7290107978323,false,איטריות דקיקות מאסטר,,,איטריות דקיקות מאסטר,גרמים,400.00,100 גרם,false,,6.90,1.7250,true,1,21756
7290108350142,false,סנו סושי שקיות רב שי,,,סנו סושי שקיות רב שי,יחידה,0.00,יחידה,false,,15.90,0.0000,true,1,30606
7290108350531,false,סנו ספארק משאבה בניח,,,סנו ספארק משאבה בניח,ליטרים,1.00,ליטר,false,,12.90,12.9000,true,1,30620
7290108350586,false,ספארק נוזל כלים בניח,,,ספארק נוזל כלים בניח,ליטרים,1.50,ליטר,false,,15.90,10.6000,true,1,30624
7290108350616,false,מרכך כביסה מקסימה סו,,,מרכך כביסה מקסימה סו,יחידה,0.00,יחידה,false,,19.90,0.0000,true,1,30627
7290108350623,false,מרכך כביסה מקסימה סו,,,מרכך כביסה מקסימה סו,יחידה,0.00,יחידה,false,,19.90,0.0000,true,1,30628
7290108351552,false,סנו ג'ט מתז חומץ 750,,,סנו ג'ט מתז חומץ 750,מיליליטרים,750.00,"100 מ""ל",false,,13.90,1.8533,true,1,30667
7290108351699,false,מגבונים ג'ט+חומץ מאר,,,מגבונים ג'ט+חומץ מאר,יחידה,0.00,יחידה,false,,21.90,0.0000,true,1,30680
7290108351705,false,פניני בישום לכביסה כ,,,פניני בישום לכביסה כ,גרמים,275.00,100 גרם,false,,21.90,7.9636,true,1,30681
7290108351712,false,פניני בישום LOVELY ו,,,פניני בישום LOVELY ו,גרמים,275.00,100 גרם,false,,21.90,7.9636,true,1,30682
7290108351804,false,סנו מקסימה מרכך כביס,,,סנו מקסימה מרכך כביס,יחידה,0.00,יחידה,false,,19.90,0.0000,true,1,30686
7290108351811,false,סנו מקסימה מרכך כביס,,,סנו מקסימה מרכך כביס,יחידה,0.00,יחידה,false,,19.90,0.0000,true,1,30687
7290108351927,false,סנו ספארק טבליות למד,,,סנו ספארק טבליות למד,קילוגרמים,1.40,"ק""ג",false,,45.90,32.7857,true,1,30694
7290108351989,false,סנו פרש הום יבש לבית,,,סנו פרש הום יבש לבית,יחידה,200.00,יחידה,false,,12.90,0.0645,true,1,30700
7290108352146,false,סנובון נוזלי בניחוח,,,סנובון נוזלי בניחוח,מיליליטרים,750.00,"100 מ""ל",false,,12.90,1.7200,true,1,69007
7290108352252,false,ספארק נוזל לכלים  1,,,ספארק נוזל לכלים  1,יחידה,0.00,יחידה,false,,12.90,0.0000,true,1,87328
7290108352290,false,שלישיית מטליות לחיטו,,,שלישיית מטליות לחיטו,יחידה,0.00,יחידה,false,,24.90,0.0000,true,1,59517
7290108352337,false,סנו פרש הום אוטומטיק,,,סנו פרש הום אוטומטיק,גרמים,250.00,100 גרם,false,,14.90,5.9600,true,1,72220
7290108352450,false,ריצפז פרש הום בניחוח,,,ריצפז פרש הום בניחוח,ליטרים,2.00,ליטר,false,,22.90,11.4500,true,1,98835
7290108352511,false,ניקוי וחיטוי מכונת כ,,,ניקוי וחיטוי מכונת כ,מיליליטרים,500.00,"100 מ""ל",false,,12.90,2.5800,true,1,162652
7290108352535,false,דפי בישום לחים למייב,,,דפי בישום לחים למייב,יחידה,0.00,יחידה,false,,13.90,0.0000,true,1,210634
7290108352573,false,מרכך כביסה  CALM בבי,,,מרכך כביסה  CALM בבי,ליטרים,4.00,ליטר,false,,23.90,5.9750,true,1,275030
7290108352702,false,שלישיית מגבוני טואלט,,,שלישיית מגבוני טואלט,יחידה,0.00,יחידה,false,,16.90,0.0000,true,1,30715
7290108352825,false,סנו סושי-ספוג הפלא נ,,,סנו סושי-ספוג הפלא נ,יח',3.00,יח',false,,11.90,3.9667,true,1,30721
7290108352849,false,סנו סושי מטלית הפלא,,,סנו סושי מטלית הפלא,יחידה,0.00,יחידה,false,,15.90,0.0000,true,1,98797
7290108352900,false,סנו סושי מגבות נייר,,,סנו סושי מגבות נייר,יחידה,0.00,יחידה,false,,22.90,0.0000,true,1,30728
7290108353068,false,סנו סושי-כרית קרצוף,,,סנו סושי-כרית קרצוף,יח',3.00,יח',false,,10.90,3.6333,true,1,30744
7290108353501,false,שקיות אשפה עם ידיות,,,שקיות אשפה עם ידיות,יחידה,0.00,יחידה,false,,20.90,0.0000,true,1,30757
7290108353532,false,שקיות אשפה בגליל סנו,,,שקיות אשפה בגליל סנו,יחידה,0.00,יחידה,false,,33.90,0.0000,true,1,30760
7290108353815,false,קרמה תחליב רחצה ספא,,,קרמה תחליב רחצה ספא,מיליליטרים,600.00,"100 מ""ל",false,,20.90,3.4833,true,1,335094
7290108353983,false,קרם גוף קרמה קלאסי 5,,,קרם גוף קרמה קלאסי 5,מיליליטרים,500.00,"100 מ""ל",false,,27.90,5.5800,true,1,97189
7290108353990,false,קרם גוף קרמה מאסק 50,,,קרם גוף קרמה מאסק 50,מיליליטרים,500.00,"100 מ""ל",false,,27.90,5.5800,true,1,97190
7290108354164,false,כיף שלישיית אלסבון ק,,,כיף שלישיית אלסבון ק,ליטרים,1.50,ליטר,false,,20.90,13.9333,true,1,112776
7290108354225,false,סנו מדיק ג'ל לניקוי,,,סנו מדיק ג'ל לניקוי,מיליליטרים,100.00,"100 מ""ל",false,,10.90,10.9000,true,1,92627
7290108354270,false,מרכך בבישום עוצמתי מ,,,מרכך בבישום עוצמתי מ,ליטרים,1.00,ליטר,false,,19.90,19.9000,true,1,210524
7290108354416,false,קרמה תחליב רחצה ספא,,,קרמה תחליב רחצה ספא,מיליליטרים,600.00,"100 מ""ל",false,,20.90,3.4833,true,1,335095
7290108354430,false,שמפו כיף לשיקום והזנ,,,שמפו כיף לשיקום והזנ,מיליליטרים,700.00,"100 מ""ל",false,,12.90,1.8429,true,1,123302
7290108356113,false,תחליב רחצה דבש כיף 7,,,תחליב רחצה דבש כיף 7,מיליליטרים,700.00,"100 מ""ל",false,,13.90,1.9857,true,1,30819
7290108356137,false,תחליב רחצה לבנדר כיף,,,תחליב רחצה לבנדר כיף,מיליליטרים,700.00,"100 מ""ל",false,,13.90,1.9857,true,1,30821
7290108356144,false,ת.רחצה כיף בניחוח שמ,,,ת.רחצה כיף בניחוח שמ,מיליליטרים,700.00,"100 מ""ל",false,,13.90,1.9857,true,1,66339
7290108356151,false,תחליב רחצה מאסק יסמי,,,תחליב רחצה מאסק יסמי,מיליליטרים,700.00,"100 מ""ל",false,,13.90,1.9857,true,1,30822
7290108356540,false,שמפו לשיער צבוע קרלי,,,שמפו לשיער צבוע קרלי,מיליליטרים,700.00,"100 מ""ל",false,,14.90,2.1286,true,1,241448
7290108356557,false,שמפו למניעת קשקשים ק,,,שמפו למניעת קשקשים ק,מיליליטרים,700.00,"100 מ""ל",false,,14.90,2.1286,true,1,241462
7290108356588,false,מרכך לשיער מתולתל קר,,,מרכך לשיער מתולתל קר,מיליליטרים,700.00,"100 מ""ל",false,,14.90,2.1286,true,1,241491
7290108357059,false,דיאודורנט רול און בנ,,,דיאודורנט רול און בנ,מיליליטרים,75.00,"100 מ""ל",false,,12.90,17.2000,true,1,275694
7290108357097,false,דיאודורנט ספריי בניח,,,דיאודורנט ספריי בניח,מיליליטרים,150.00,"100 מ""ל",false,,12.90,8.6000,true,1,275737
7290108357226,false,אוקסיג'ן אבקה  להסרת,,,אוקסיג'ן אבקה  להסרת,קילוגרמים,1.40,"ק""ג",false,,32.90,23.5000,true,1,258993
7290108357271,false,סנובון ג'ל לניקוי אס,,,סנובון ג'ל לניקוי אס,מיליליטרים,750.00,"100 מ""ל",false,,12.90,1.7200,true,1,310332
7290108357295,false,מרסס אוקסיג'ן מסיר כ,,,מרסס אוקסיג'ן מסיר כ,מיליליטרים,750.00,"100 מ""ל",false,,20.90,2.7867,true,1,310318
7290108357721,false,שמפו לשיער דק ושביר,,,שמפו לשיער דק ושביר,מיליליטרים,700.00,"100 מ""ל",false,,12.90,1.8429,true,1,30830
7290108357851,false,ג'ל רחצה מועשר בשמן,,,ג'ל רחצה מועשר בשמן,מיליליטרים,700.00,"100 מ""ל",false,,13.90,1.9857,true,1,241940
7290108359077,false,ממחטות אף בקופסא 3 ש,,,ממחטות אף בקופסא 3 ש,יחידה,0.00,יחידה,false,,12.90,0.0000,true,1,243395
7290108359121,false,שקיות אשפה חזקות במי,,,שקיות אשפה חזקות במי,יחידה,0.00,יחידה,false,,64.90,0.0000,true,1,259167
7290108359169,false,סנו סושי-6 תבניות אל,,,סנו סושי-6 תבניות אל,יחידה,0.00,יחידה,false,,12.90,0.0000,true,1,355780
7290108359985,false,אקונומיקה מרסס עם ממ,,,אקונומיקה מרסס עם ממ,ליטרים,1.00,ליטר,false,,19.90,19.9000,true,1,261068
7290108500677,false,כבד דג שיבוט בשמן וי,,,כבד דג שיבוט בשמן וי,גרמים,115.00,100 גרם,false,,10.90,9.4783,true,1,3044
7290108501353,false,פילה אנשובי ארוך בשמ,,,פילה אנשובי ארוך בשמ,גרמים,45.00,100 גרם,false,,7.90,17.5556,true,1,3070
7290108501490,false,גבינה מוצרלה פרוסות,,,גבינה מוצרלה פרוסות,גרמים,150.00,100 גרם,false,,14.90,9.9333,true,1,3082
7290108503043,false,מארז רביעייה תפוחוני,,,מארז רביעייה תפוחוני,גרמים,88.00,100 גרם,false,,14.90,16.9318,true,1,3179
7290108504279,false,קשקבל צ'אנק 150 גר'.,,,קשקבל צ'אנק 150 גר'.,גרמים,150.00,100 גרם,false,,19.90,13.2667,true,1,3241
7290108504286,false,איבריקו צ'אנק 150 גר,,,איבריקו צ'אנק 150 גר,גרמים,150.00,100 גרם,false,,19.90,13.2667,true,1,3242
7290108504293,false,מנצ'גו צ'אנק 150 גר',,,מנצ'גו צ'אנק 150 גר',גרמים,150.00,100 גרם,false,,19.90,13.2667,true,1,3243
7290108505184,false,יוגורט יווני עם קוקו,,,יוגורט יווני עם קוקו,גרמים,150.00,100 גרם,false,,5.90,3.9333,true,1,71964
7290108505207,false,יוגורט יווני עם אוכמ,,,יוגורט יווני עם אוכמ,גרמים,150.00,100 גרם,false,,5.90,3.9333,true,1,71966
7290108506518,false,אצבעות בצק פילו ממול,,,אצבעות בצק פילו ממול,גרמים,500.00,100 גרם,false,,18.90,3.7800,true,1,270786
7290108508499,false,משקה יוגורט בסגנון ט,,,משקה יוגורט בסגנון ט,גרמים,293.00,100 גרם,false,,5.90,2.0137,true,1,135473
7290108509106,false,גבינה בולגרית מעודנת,,,גבינה בולגרית מעודנת,גרמים,200.00,100 גרם,false,,13.90,6.9500,true,1,173171
7290108509700,false,"אורז פרסי 1 ק""ג DAAW",,,"אורז פרסי 1 ק""ג DAAW",קילוגרמים,1.00,"ק""ג",false,,10.90,10.9000,true,1,213964
7290108509960,false,שלישיית נתחי טונה בה,,,שלישיית נתחי טונה בה,גרמים,240.00,100 גרם,false,,15.90,6.6250,true,1,236956
7290109351025,false,מלך החומוס חומוס טחי,,,מלך החומוס חומוס טחי,גרמים,400.00,100 גרם,false,,14.90,3.7250,true,1,19949
7290109351971,false,בר פריכיות שוקולד חל,,,בר פריכיות שוקולד חל,גרמים,84.00,100 גרם,false,,15.90,18.9286,true,1,19954
7290109352916,false,בר פריכיות שוקולד לב,,,בר פריכיות שוקולד לב,גרמים,84.00,100 גרם,false,,15.90,18.9286,true,1,19958
7290109354101,false,לחמית ללא גלוטן 200,,,לחמית ללא גלוטן 200,גרמים,200.00,100 גרם,false,,11.90,5.9500,true,1,19145
7290109358765,false,דגני קראנץ' רולס נוג,,,דגני קראנץ' רולס נוג,גרמים,450.00,100 גרם,false,,27.90,6.2000,true,1,19182
7290109580104,false,רוסטביף זוגלובק פרמי,,,רוסטביף זוגלובק פרמי,גרמים,150.00,100 גרם,false,,26.90,17.9333,true,1,135252
7290109580135,false,קורנדביף זוגלובק פרמ,,,קורנדביף זוגלובק פרמ,גרמים,180.00,100 גרם,false,,26.90,14.9444,true,1,135254
7290109580166,false,סרוולד קלאסי זוגלובק,,,סרוולד קלאסי זוגלובק,גרמים,150.00,100 גרם,false,,26.90,17.9333,true,1,135256
7290109580241,false,נאגטס מן הצומח זוגלו,,,נאגטס מן הצומח זוגלו,גרמים,500.00,100 גרם,false,,19.90,3.9800,true,1,309339
7290109580432,false,פסטרמה אקסטרה מעושנת,,,פסטרמה אקסטרה מעושנת,גרמים,120.00,100 גרם,false,,14.90,12.4167,true,1,309566
7290109640778,false,מאפה פילאס טבעוני במ,,,מאפה פילאס טבעוני במ,גרמים,600.00,100 גרם,false,,22.90,3.8167,true,1,201813
7290109920146,false,דורגול מסיר אבן לקומ,,,דורגול מסיר אבן לקומ,מיליליטרים,750.00,"100 מ""ל",false,,22.90,3.0533,true,1,11390
7290109920603,false,אסטוניש קרם מטבח 500,,,אסטוניש קרם מטבח 500,מיליליטרים,500.00,"100 מ""ל",false,,14.90,2.9800,true,1,11397
7290109921372,false,משחת אסטוניש+ספוג 25,,,משחת אסטוניש+ספוג 25,גרמים,250.00,100 גרם,false,,19.90,7.9600,true,1,11415
7290109921488,false,דורגול לניקוי וחיטוי,,,דורגול לניקוי וחיטוי,מיליליטרים,500.00,"100 מ""ל",false,,32.90,6.5800,true,1,11417
7290109921853,false,המשחה המקורית לניקוי,,,המשחה המקורית לניקוי,גרמים,150.00,100 גרם,false,,18.90,12.6000,true,1,267292
7290110058814,false,שלישיית ביצי שוקולד,,,שלישיית ביצי שוקולד,גרמים,60.00,100 גרם,false,,14.90,24.8333,true,1,33405
7290110110277,false,רביעיית סמרסבי סיידר,,,רביעיית סמרסבי סיידר,ליטרים,1.32,ליטר,false,,39.00,29.5455,true,1,7172
7290110110574,false,פחית סליק קולה ZERO,,,פחית סליק קולה ZERO,מיליליטרים,330.00,"100 מ""ל",false,,5.50,1.6667,true,1,7185
7290110114787,false,נביעות + תפוח 1.5 לי,,,נביעות + תפוח 1.5 לי,ליטרים,1.50,ליטר,false,,9.50,6.3333,true,1,215844
7290110114794,false,נביעות + אפרסק 1.5 ל,,,נביעות + אפרסק 1.5 ל,ליטרים,1.50,ליטר,false,,9.50,6.3333,true,1,215858
7290110114800,false,נביעות + ענבים 1.5 ל,,,נביעות + ענבים 1.5 ל,ליטרים,1.50,ליטר,false,,9.50,6.3333,true,1,215873
7290110114855,false,מי נביעות שישייה 1.5,,,מי נביעות שישייה 1.5,ליטרים,9.00,ליטר,false,,14.90,1.6556,true,1,215927
7290110114893,false,פריגת סחוט תפוזים 2,,,פריגת סחוט תפוזים 2,ליטרים,2.00,ליטר,false,,29.20,14.6000,true,1,215701
7290110114954,false,מיץ תפוזים מתקתק 100,,,מיץ תפוזים מתקתק 100,ליטרים,2.00,ליטר,false,,22.20,11.1000,true,1,215745
7290110114961,false,פריגת תפוזים 1.5 ליט,,,פריגת תפוזים 1.5 ליט,ליטרים,1.50,ליטר,false,,9.90,6.6000,true,1,215954
7290110114992,false,פריגת דיאט אשכולית 1,,,פריגת דיאט אשכולית 1,ליטרים,1.50,ליטר,false,,9.90,6.6000,true,1,215983
7290110115005,false,פריגת ענבים 1.5 ליטר,,,פריגת ענבים 1.5 ליטר,ליטרים,1.50,ליטר,false,,9.90,6.6000,true,1,215997
7290110115036,false,פריגת מנגו 1.5 ליטר,,,פריגת מנגו 1.5 ליטר,ליטרים,1.50,ליטר,false,,9.90,6.6000,true,1,216066
7290110115043,false,פריגת לימונענע 1.5 ל,,,פריגת לימונענע 1.5 ל,ליטרים,1.50,ליטר,false,,9.90,6.6000,true,1,216067
7290110115050,false,פריגת מיקס תות בננה,,,פריגת מיקס תות בננה,ליטרים,1.50,ליטר,false,,9.90,6.6000,true,1,216081
7290110115111,false,פריגת צלול אננס 1.5,,,פריגת צלול אננס 1.5,ליטרים,1.50,ליטר,false,,9.90,6.6000,true,1,216229
7290110115180,false,נביעות 1.5 ליטר,,,נביעות 1.5 ליטר,ליטרים,1.50,ליטר,false,,4.20,2.8000,true,1,234668
7290110115203,false,קוקה קולה 1.5 ליטר,,,קוקה קולה 1.5 ליטר,ליטרים,1.50,ליטר,false,,8.90,5.9333,true,1,216262
7290110115210,false,דיאט קוקה קולה 1.5 ל,,,דיאט קוקה קולה 1.5 ל,ליטרים,1.50,ליטר,false,,8.90,5.9333,true,1,216263
7290110115227,false,קוקה קולה זירו בקבוק,,,קוקה קולה זירו בקבוק,ליטרים,1.50,ליטר,false,,8.90,5.9333,true,1,216264
7290110115272,false,ספרייט זירו 1.5 ליטר,,,ספרייט זירו 1.5 ליטר,ליטרים,1.50,ליטר,false,,8.90,5.9333,true,1,216379
7290110115289,false,ספרייט 19 קלוריות לי,,,ספרייט 19 קלוריות לי,ליטרים,1.50,ליטר,false,,8.90,5.9333,true,1,216394
7290110115296,false,פאנטה אורנג' 1.5 ליט,,,פאנטה אורנג' 1.5 ליט,ליטרים,1.50,ליטר,false,,9.90,6.6000,true,1,216409
7290110115302,false,פאנטה זירו בטעם אורנ,,,פאנטה זירו בטעם אורנ,ליטרים,1.50,ליטר,false,,9.90,6.6000,true,1,216423
7290110115333,false,פאנטה תות 1.5 ליטר,,,פאנטה תות 1.5 ליטר,ליטרים,1.50,ליטר,false,,9.90,6.6000,true,1,216454
7290110115357,false,קינלי סודה 1.5 ליטר,,,קינלי סודה 1.5 ליטר,ליטרים,1.50,ליטר,false,,5.50,3.6667,true,1,216482
7290110115364,false,קוקה קולה 6*1.5 ליטר,,,קוקה קולה 6*1.5 ליטר,ליטרים,9.00,ליטר,false,,49.90,5.5444,true,1,216281
7290110115418,false,קוקה קולה זירו שישיי,,,קוקה קולה זירו שישיי,ליטרים,9.00,ליטר,false,,49.90,5.5444,true,1,216297
7290110115425,false,פיוז טי לימון נענע 1,,,פיוז טי לימון נענע 1,ליטרים,1.50,ליטר,false,,8.90,5.9333,true,1,216510
7290110115449,false,פיוז טי מנגו אננס 1.,,,פיוז טי מנגו אננס 1.,ליטרים,1.50,ליטר,false,,9.50,6.3333,true,1,216512
7290110115456,false,פיוז טי אפרסק  19 קל,,,פיוז טי אפרסק  19 קל,ליטרים,1.50,ליטר,false,,8.90,5.9333,true,1,216527
7290110115463,false,פיוז טי אפרסק 1.5 לי,,,פיוז טי אפרסק 1.5 לי,ליטרים,1.50,ליטר,false,,9.50,6.3333,true,1,216528
7290110115531,false,פאנטה זירו בטעם תפוח,,,פאנטה זירו בטעם תפוח,ליטרים,1.50,ליטר,false,,9.90,6.6000,true,1,216424
7290110115593,false,משקה קל בטעם אשכוליו,,,משקה קל בטעם אשכוליו,ליטרים,1.50,ליטר,false,,9.90,6.6000,true,1,216211
7290110115869,false,קוקה קולה זירו בקבוק,,,קוקה קולה זירו בקבוק,ליטרים,1.50,ליטר,false,,8.90,5.9333,true,1,362892
7290110116392,false,סירופ בטעם תפוזים 75,,,סירופ בטעם תפוזים 75,מיליליטרים,750.00,"100 מ""ל",false,,21.90,2.9200,true,1,329119
7290110320850,false,עמק פתיתים  200 גרם,,,עמק פתיתים  200 גרם,גרמים,200.00,100 גרם,false,,15.90,7.9500,true,1,26183
7290110320867,false,עמק פתיתים למאפים 28,,,עמק פתיתים למאפים 28,גרמים,500.00,100 גרם,false,,34.90,6.9800,true,1,26184
7290110320935,false,פרוסות מוצרלה 150 גר,,,פרוסות מוצרלה 150 גר,גרמים,150.00,100 גרם,false,,17.90,11.9333,true,1,26189
7290110321031,false,יופלה גו 200 גרם תנו,,,יופלה גו 200 גרם תנו,גרמים,200.00,100 גרם,false,,5.90,2.9500,true,1,26197
7290110321277,false,קוטג' תנובה בקטנה  5,,,קוטג' תנובה בקטנה  5,גרמים,100.00,100 גרם,false,,2.60,2.6000,true,1,26215
7290110321284,false,קוטג' תנובה בקטנה  9,,,קוטג' תנובה בקטנה  9,גרמים,100.00,100 גרם,false,,2.60,2.6000,true,1,26216
7290110321680,false,יופלה גו בטעם תות 20,,,יופלה גו בטעם תות 20,גרמים,200.00,100 גרם,false,,5.90,2.9500,true,1,26238
7290110321697,false,יופלה גו בטעם  אפרסק,,,יופלה גו בטעם  אפרסק,מיליליטרים,200.00,"100 מ""ל",false,,5.90,2.9500,true,1,26239
7290110321703,false,יופלה גו בטעם פרות י,,,יופלה גו בטעם פרות י,מיליליטרים,200.00,"100 מ""ל",false,,5.90,2.9500,true,1,26240
7290110322014,false,טופו טבעי 300 גרם,,,טופו טבעי 300 גרם,גרמים,300.00,100 גרם,false,,12.90,4.3000,true,1,26259
7290110322038,false,טופו  פיקנטי 300 גרם,,,טופו  פיקנטי 300 גרם,גרמים,300.00,100 גרם,false,,12.90,4.3000,true,1,26261
7290110323301,false,גבינת עמק טל 32% שומ,,,גבינת עמק טל 32% שומ,גרמים,200.00,100 גרם,false,,18.90,9.4500,true,1,26306
7290110323585,false,יופלה GO לייט עם דוב,,,יופלה GO לייט עם דוב,גרמים,200.00,100 גרם,false,,5.90,2.9500,true,1,26324
7290110323592,false,יופלה GO לייט עם אפר,,,יופלה GO לייט עם אפר,גרמים,200.00,100 גרם,false,,5.90,2.9500,true,1,26325
7290110324551,false,יופלה טיוב יוגורט במ,,,יופלה טיוב יוגורט במ,מיליליטרים,348.00,"100 מ""ל",false,,12.50,3.5920,true,1,26395
7290110324711,false,ממרח סויה 9% בטעם טב,,,ממרח סויה 9% בטעם טב,גרמים,250.00,100 גרם,false,,9.90,3.9600,true,1,26404
7290110324728,false,ממרח סויה 9% עם שום,,,ממרח סויה 9% עם שום,גרמים,250.00,100 גרם,false,,9.90,3.9600,true,1,26405
7290110324841,false,מעדן שקדים עם שוקולד,,,מעדן שקדים עם שוקולד,גרמים,125.00,100 גרם,false,,4.90,3.9200,true,1,26414
7290110324858,false,מעדן שקדים בטעם אגוז,,,מעדן שקדים בטעם אגוז,גרמים,125.00,100 גרם,false,,4.90,3.9200,true,1,26415
7290110324872,false,גלבוע גבינה פרוסה 5%,,,גלבוע גבינה פרוסה 5%,גרמים,200.00,100 גרם,false,,18.90,9.4500,true,1,26416
7290110324926,false,משקה סויה ללא תוספת,,,משקה סויה ללא תוספת,יחידה,0.00,יחידה,false,,11.90,0.0000,true,1,26419
7290110325305,false,יופלה סויה גו 20 גרם,,,יופלה סויה גו 20 גרם,גרמים,200.00,100 גרם,false,,5.90,2.9500,true,1,26435
7290110325312,false,יופלה סויה גו 20 גרם,,,יופלה סויה גו 20 גרם,גרמים,200.00,100 גרם,false,,5.90,2.9500,true,1,26436
7290110325619,false,תנובה משקה שיבולת שו,,,תנובה משקה שיבולת שו,יחידה,0.00,יחידה,false,,14.50,0.0000,true,1,26445
7290110325893,false,משקה תנובה GO אייס ק,,,משקה תנובה GO אייס ק,גרמים,340.00,100 גרם,false,,7.90,2.3235,true,1,26464
7290110326210,false,יופלה און טופ פצפוצי,,,יופלה און טופ פצפוצי,גרמים,157.00,100 גרם,false,,5.90,3.7580,true,1,61614
7290110326241,false,יופלה און טופ גרנולה,,,יופלה און טופ גרנולה,יחידה,157.00,יחידה,false,,5.90,0.0376,true,1,61636
7290110326333,false,פרוסות גבינה סקנדינב,,,פרוסות גבינה סקנדינב,גרמים,170.00,100 גרם,false,,18.90,11.1176,true,1,151609
7290110327798,false,GO חטיף חלבון בטעם ש,,,GO חטיף חלבון בטעם ש,גרמים,60.00,100 גרם,false,,12.90,21.5000,true,1,157226
7290110327804,false,GO חטיף חלבון בטעם ב,,,GO חטיף חלבון בטעם ב,גרמים,60.00,100 גרם,false,,12.90,21.5000,true,1,157227
7290110327811,false,GO חטיף חלבון עם קוק,,,GO חטיף חלבון עם קוק,גרמים,60.00,100 גרם,false,,12.90,21.5000,true,1,157228
7290110327828,false,GO חטיף חלבון עם חמא,,,GO חטיף חלבון עם חמא,גרמים,60.00,100 גרם,false,,12.90,21.5000,true,1,157229
7290110328627,false,יוגורט גו סמיך 0% בנ,,,יוגורט גו סמיך 0% בנ,גרמים,200.00,100 גרם,false,,5.90,2.9500,true,1,161376
7290110328641,false,טופו טבעי  2 יחידות,,,טופו טבעי  2 יחידות,גרמים,500.00,100 גרם,false,,18.90,3.7800,true,1,181557
7290110328764,false,יוגורט גו סמיך 0% תו,,,יוגורט גו סמיך 0% תו,גרמים,200.00,100 גרם,false,,5.90,2.9500,true,1,161391
7290110329792,false,סויה BIO אפרסק גביע,,,סויה BIO אפרסק גביע,גרמים,150.00,100 גרם,false,,4.70,3.1333,true,1,249164
7290110329808,false,סויה BIO תות גביע 15,,,סויה BIO תות גביע 15,גרמים,150.00,100 גרם,false,,4.70,3.1333,true,1,249165
7290110329815,false,סויה BIO מתיקות מעוד,,,סויה BIO מתיקות מעוד,גרמים,150.00,100 גרם,false,,4.70,3.1333,true,1,249166
7290110329822,false,סויה BIO פירות יער ג,,,סויה BIO פירות יער ג,גרמים,150.00,100 גרם,false,,4.70,3.1333,true,1,249167
7290110329839,false,פרוסות צהובה בטעם זי,,,פרוסות צהובה בטעם זי,גרמים,200.00,100 גרם,false,,22.90,11.4500,true,1,222261
7290110329846,false,סויה BIO טבעי גביע 1,,,סויה BIO טבעי גביע 1,גרמים,150.00,100 גרם,false,,4.70,3.1333,true,1,249168
7290110550226,false,מטבעות שוקולד מריר ל,,,מטבעות שוקולד מריר ל,גרמים,400.00,100 גרם,false,,31.90,7.9750,true,1,287088
7290110550363,false,משולש קינואה ומלח ים,,,משולש קינואה ומלח ים,גרמים,65.00,100 גרם,false,,10.90,16.7692,true,1,245309
7290110550370,false,אנרגי פריכיות משולשו,,,אנרגי פריכיות משולשו,גרמים,65.00,100 גרם,false,,10.90,16.7692,true,1,361113
7290110551254,false,נשנושי תירס 600 גרם,,,נשנושי תירס 600 גרם,גרמים,600.00,100 גרם,false,,15.90,2.6500,true,1,348475
7290110552220,false,דנונה PRO 20 גרם חלב,,,דנונה PRO 20 גרם חלב,גרמים,200.00,100 גרם,false,,6.20,3.1000,true,1,241257
7290110552237,false,דנונה PRO 20 גרם חלב,,,דנונה PRO 20 גרם חלב,גרמים,200.00,100 גרם,false,,6.20,3.1000,true,1,241243
7290110553029,false,פריכיות חלבון קייל ח,,,פריכיות חלבון קייל ח,גרמים,60.00,100 גרם,false,,10.90,18.1667,true,1,245310
7290110553036,false,פרכית חלבון בטטה סגו,,,פרכית חלבון בטטה סגו,גרמים,60.00,100 גרם,false,,10.90,18.1667,true,1,245311
7290110553180,false,פריכיות עם תפוח וקינ,,,פריכיות עם תפוח וקינ,גרמים,40.00,100 גרם,false,,6.90,17.2500,true,1,361335
7290110553425,false,קפה נמס עלית פחית מו,,,קפה נמס עלית פחית מו,גרמים,240.00,100 גרם,false,,22.90,9.5417,true,1,247172
7290110554422,false,רוטב עגבניות ופלפלים,,,רוטב עגבניות ופלפלים,גרמים,350.00,100 גרם,false,,11.90,3.4000,true,1,259037
7290110554507,false,קפה טורקי תימני עלית,,,קפה טורקי תימני עלית,גרמים,100.00,100 גרם,false,,9.90,9.9000,true,1,313626
7290110554514,false,קפה טורקי אתיופי עלי,,,קפה טורקי אתיופי עלי,גרמים,100.00,100 גרם,false,,9.90,9.9000,true,1,313640
7290110554729,false,עלית קפסולות אספרסו,,,עלית קפסולות אספרסו,גרמים,50.00,100 גרם,false,,18.90,37.8000,true,1,296490
7290110554798,false,פולי אספרסו עשירים ו,,,פולי אספרסו עשירים ו,גרמים,250.00,100 גרם,false,,21.90,8.7600,true,1,271198
7290110555306,false,רבע לשבע טבעוני סינמ,,,רבע לשבע טבעוני סינמ,גרמים,120.00,100 גרם,false,,11.90,9.9167,true,1,290731
7290110556242,false,שוקולד מריר מעולה 10,,,שוקולד מריר מעולה 10,גרמים,100.00,100 גרם,false,,5.70,5.7000,true,1,348147
7290110557027,false,חומוס הסדרה עשיר ב50,,,חומוס הסדרה עשיר ב50,גרמים,400.00,100 גרם,false,,14.90,3.7250,true,1,220956
7290110557102,false,מעדן פרו חלב עם שוקו,,,מעדן פרו חלב עם שוקו,גרמים,150.00,100 גרם,false,,5.90,3.9333,true,1,202442
7290110557478,false,חומוס גלילי אחלה  60,,,חומוס גלילי אחלה  60,גרמים,600.00,100 גרם,false,,13.90,2.3167,true,1,275899
7290110558284,false,דנונה מולטי 3% שומן,,,דנונה מולטי 3% שומן,מיליליטרים,200.00,"100 מ""ל",false,,4.50,2.2500,true,1,309353
7290110558307,false,דנונה פרו עם שיבולת,,,דנונה פרו עם שיבולת,מיליליטרים,200.00,"100 מ""ל",false,,6.90,3.4500,true,1,297712
7290110558338,false,דנונה פרו 25 גרם חלב,,,דנונה פרו 25 גרם חלב,מיליליטרים,200.00,"100 מ""ל",false,,6.90,3.4500,true,1,297713
7290110559755,false,מאגדת חטיף Real  אנר,,,מאגדת חטיף Real  אנר,גרמים,105.00,100 גרם,false,,15.90,15.1429,true,1,318325
7290110559762,false,מאגדת חטיף Real  אנר,,,מאגדת חטיף Real  אנר,גרמים,105.00,100 גרם,false,,15.90,15.1429,true,1,318339
7290110560317,false,פריכיות משולשות מלח,,,פריכיות משולשות מלח,גרמים,30.00,100 גרם,false,,5.90,19.6667,true,1,22981
7290110560324,false,פריכיות משולשות אפונ,,,פריכיות משולשות אפונ,גרמים,30.00,100 גרם,false,,5.90,19.6667,true,1,22982
7290110561352,false,דנונה ביו דל לקטוז ב,,,דנונה ביו דל לקטוז ב,גרמים,200.00,100 גרם,false,,3.90,1.9500,true,1,23918
7290110561604,false,שמיניית גמדים תות בנ,,,שמיניית גמדים תות בנ,גרמים,800.00,100 גרם,false,,18.90,2.3625,true,1,23927
7290110563431,false,יטבתה משקה קפה קר בס,,,יטבתה משקה קפה קר בס,מיליליטרים,230.00,"100 מ""ל",false,,7.90,3.4348,true,1,23931
7290110563448,false,יטבתה משקה קפה קר בס,,,יטבתה משקה קפה קר בס,מיליליטרים,230.00,"100 מ""ל",false,,7.90,3.4348,true,1,23932
7290110563462,false,יטבתה חלב בבקבוק נטו,,,יטבתה חלב בבקבוק נטו,ליטרים,1.00,ליטר,false,,8.90,8.9000,true,1,23934
7290110564339,false,חומוס הסדרה המובחרת,,,חומוס הסדרה המובחרת,גרמים,400.00,100 גרם,false,,14.90,3.7250,true,1,23941
7290110564360,false,חומוס אחלה עשיר ב 40,,,חומוס אחלה עשיר ב 40,גרמים,400.00,100 גרם,false,,14.90,3.7250,true,1,23942
7290110564414,false,חומוס הסדרה המובחרת,,,חומוס הסדרה המובחרת,גרמים,600.00,100 גרם,false,,16.90,2.8167,true,1,23946
7290110564742,false,יטבתה משקה קפה קר בס,,,יטבתה משקה קפה קר בס,מיליליטרים,230.00,"100 מ""ל",false,,7.90,3.4348,true,1,23952
7290110565527,false,דנונה PRO 20 גרם חלב,,,דנונה PRO 20 גרם חלב,גרמים,200.00,100 גרם,false,,6.20,3.1000,true,1,23959
7290110566623,false,עלית קפסולות קולומבי,,,עלית קפסולות קולומבי,גרמים,50.00,100 גרם,false,,18.90,37.8000,true,1,23029
7290110566975,false,דנונה PRO 20 גרם חלב,,,דנונה PRO 20 גרם חלב,גרמים,200.00,100 גרם,false,,6.20,3.1000,true,1,23969
7290110568276,false,משקה פרו  וניל יטבתה,,,משקה פרו  וניל יטבתה,מיליליטרים,350.00,"100 מ""ל",false,,6.90,1.9714,true,1,23982
7290110570224,false,משקה קפה קר בטעם עוג,,,משקה קפה קר בטעם עוג,מיליליטרים,230.00,"100 מ""ל",false,,7.90,3.4348,true,1,309538
7290110570880,false,פולי אספרסו עשירים ו,,,פולי אספרסו עשירים ו,גרמים,250.00,100 גרם,false,,21.90,8.7600,true,1,313641
7290110571382,false,מעדן חלב מועשר בחלבו,,,מעדן חלב מועשר בחלבו,גרמים,150.00,100 גרם,false,,5.50,3.6667,true,1,281548
7290110571399,false,מסטיק ללא סוכר בטעם,,,מסטיק ללא סוכר בטעם,גרמים,66.00,100 גרם,false,,10.90,16.5152,true,1,310015
7290110571481,false,קפה נמס עלית 200 גרם,,,קפה נמס עלית 200 גרם,גרמים,200.00,100 גרם,false,,22.90,11.4500,true,1,310029
7290110571535,false,קפה עלית טורקי הל מא,,,קפה עלית טורקי הל מא,גרמים,300.00,100 גרם,false,,27.90,9.3000,true,1,287010
7290110572976,false,כיף כף פצפצים קרם לב,,,כיף כף פצפצים קרם לב,גרמים,135.00,100 גרם,false,,11.90,8.8148,true,1,318074
7290110576318,false,מארז שלישיית אגוז  ל,,,מארז שלישיית אגוז  ל,גרמים,300.00,100 גרם,false,,26.90,8.9667,true,1,351782
7290110576370,false,מארז שלישיית אגוז  מ,,,מארז שלישיית אגוז  מ,גרמים,300.00,100 גרם,false,,26.90,8.9667,true,1,351783
7290110576752,false,שוקולד ספלנדיד מריר,,,שוקולד ספלנדיד מריר,גרמים,100.00,100 גרם,false,,12.90,12.9000,true,1,369760
7290110576776,false,שוקולד ספלנדיד מריר,,,שוקולד ספלנדיד מריר,גרמים,100.00,100 גרם,false,,12.90,12.9000,true,1,369761
7290111092985,false,מגבוני בייבי פרפורמנ,,,מגבוני בייבי פרפורמנ,יחידה,0.00,יחידה,false,,17.90,0.0000,true,1,306638
7290111093760,false,קוויק מגבונים לניקוי,,,קוויק מגבונים לניקוי,יח',10.00,יח',false,,11.90,1.1900,true,1,262806
7290111093982,false,תחליב רחצה פסיפלורה,,,תחליב רחצה פסיפלורה,מיליליטרים,700.00,"100 מ""ל",false,,21.90,3.1286,true,1,352902
7290111094248,false,שקיות אשפה XL עם שרו,,,שקיות אשפה XL עם שרו,יחידה,0.00,יחידה,false,,20.90,0.0000,true,1,29610
7290111094361,false,קוויק שקיות אשפה XL,,,קוויק שקיות אשפה XL,יחידה,0.00,יחידה,false,,13.90,0.0000,true,1,212821
7290111094392,false,תחליב רחצה קוקוס ולי,,,תחליב רחצה קוקוס ולי,מיליליטרים,700.00,"100 מ""ל",false,,21.90,3.1286,true,1,352903
7290111094651,false,קוויק שקיות אשפה L ח,,,קוויק שקיות אשפה L ח,יחידה,0.00,יחידה,false,,13.90,0.0000,true,1,212835
7290111096921,false,מטליות לחות לניקוי ב,,,מטליות לחות לניקוי ב,יחידה,0.00,יחידה,false,,9.90,0.0000,true,1,214617
7290111097836,false,קוויק מגבונים לניקוי,,,קוויק מגבונים לניקוי,יחידה,0.00,יחידה,false,,9.90,0.0000,true,1,262792
7290111098536,false,מגבונים לחים לתינוק,,,מגבונים לחים לתינוק,יחידה,0.00,יחידה,false,,14.90,0.0000,true,1,279315
7290111340178,false,מטליות לחות לניקוי כ,,,מטליות לחות לניקוי כ,יחידה,0.00,יחידה,false,,12.90,0.0000,true,1,9117
7290111340956,false,מטליות לחות לרצפה מר,,,מטליות לחות לרצפה מר,יחידה,0.00,יחידה,false,,12.90,0.0000,true,1,9127
7290111342042,false,כריות יפניות אנטיבקט,,,כריות יפניות אנטיבקט,יחידה,0.00,יחידה,false,,13.90,0.0000,true,1,9151
7290111342738,false,לילי טואלט לח KIDS מ,,,לילי טואלט לח KIDS מ,יחידה,0.00,יחידה,false,,21.90,0.0000,true,1,9157
7290111343117,false,טישו לושן סופט קליני,,,טישו לושן סופט קליני,יחידה,0.00,יחידה,false,,13.90,0.0000,true,1,103430
7290111344138,false,מטליות לחות אנטיבקטר,,,מטליות לחות אנטיבקטר,יח',0.00,יח',false,,13.90,0.0000,true,1,75764
7290111344206,false,מגבוני האגיס נטורל ק,,,מגבוני האגיס נטורל ק,יחידה,0.00,יחידה,false,,19.90,0.0000,true,1,212365
7290111344732,false,קלינקס אלרג'י קומפור,,,קלינקס אלרג'י קומפור,יחידה,0.00,יחידה,false,,13.90,0.0000,true,1,202966
7290111344831,false,מגיני תחתון סופר פרו,,,מגיני תחתון סופר פרו,יחידה,0.00,יחידה,false,,19.90,0.0000,true,1,233326
7290111344855,false,מגיני תחתון סופר פרו,,,מגיני תחתון סופר פרו,יחידה,0.00,יחידה,false,,19.90,0.0000,true,1,233340
7290111344930,false,מטליות לחות לניקוי ר,,,מטליות לחות לניקוי ר,יח',10.00,יח',false,,12.90,1.2900,true,1,233463
7290111345760,false,תחבושות כותנה סופר +,,,תחבושות כותנה סופר +,יחידה,0.00,יחידה,false,,19.90,0.0000,true,1,262244
7290111345777,false,תחבושות כותנה נייט +,,,תחבושות כותנה נייט +,יחידה,0.00,יחידה,false,,19.90,0.0000,true,1,262245
7290111345814,false,נייר טואלט נטורל קר,,,נייר טואלט נטורל קר,יח',30.00,יח',false,,34.90,1.1633,true,1,233408
7290111345982,false,דפי ספוגית הקסם ניקו,,,דפי ספוגית הקסם ניקו,יחידה,0.00,יחידה,false,,12.90,0.0000,true,1,291933
7290111350726,false,הוטפופ נאצ'וס בסגנון,,,הוטפופ נאצ'וס בסגנון,גרמים,322.00,100 גרם,false,,17.90,5.5590,true,1,12817
7290111353055,false,יוגטה סוכריות גומי ד,,,יוגטה סוכריות גומי ד,גרמים,200.00,100 גרם,false,,10.90,5.4500,true,1,103194
7290111353109,false,יוגטה סוכריות גומי נ,,,יוגטה סוכריות גומי נ,גרמים,200.00,100 גרם,false,,10.90,5.4500,true,1,103195
7290111563492,false,צבר מרובע  מטבוחה חר,,,צבר מרובע  מטבוחה חר,גרמים,400.00,100 גרם,false,,13.50,3.3750,true,1,19998
7290111564291,false,פריכיות קינואה דקות,,,פריכיות קינואה דקות,גרמים,120.00,100 גרם,false,,11.90,9.9167,true,1,19220
7290111565038,false,לה קרמריה  בטעם וניל,,,לה קרמריה  בטעם וניל,ליטרים,1.40,ליטר,false,,25.90,18.5000,true,1,16222
7290111566271,false,חטיפי תירס טבעול  65,,,חטיפי תירס טבעול  65,גרמים,657.00,100 גרם,false,,35.90,5.4642,true,1,20011
7290111566332,false,נקניקיה וינר  680 גר,,,נקניקיה וינר  680 גר,גרמים,680.00,100 גרם,false,,35.90,5.2794,true,1,20014
7290111566417,false,טחון  מן  הצומח  500,,,טחון  מן  הצומח  500,גרמים,500.00,100 גרם,false,,35.90,7.1800,true,1,20015
7290111566714,false,המבורגר  מן הצומח  6,,,המבורגר  מן הצומח  6,גרמים,600.00,100 גרם,false,,35.90,5.9833,true,1,20022
7290111566776,false,נקנקיות  קוקטייל  מן,,,נקנקיות  קוקטייל  מן,גרמים,680.00,100 גרם,false,,35.90,5.2794,true,1,20025
7290111930911,false,פוף לבבות קלאסי 40 ג,,,פוף לבבות קלאסי 40 ג,גרמים,40.00,100 גרם,false,,4.90,12.2500,true,1,21790
7290111935817,false,דאו' דרמה סטיק פנינה,,,דאו' דרמה סטיק פנינה,גרמים,45.00,100 גרם,false,,21.90,48.6667,true,1,21829
7290111935961,false,מחית עגבניות מאסטר ש,,,מחית עגבניות מאסטר ש,גרמים,690.00,100 גרם,false,,10.90,1.5797,true,1,21836
7290111936487,false,קולגייט טוטל הלבנה ז,,,קולגייט טוטל הלבנה ז,מיליליטרים,200.00,"100 מ""ל",false,,29.90,14.9500,true,1,21846
7290112000736,false,פיניש הכל ב-1 80 טבל,,,פיניש הכל ב-1 80 טבל,יחידה,0.00,יחידה,false,,61.90,0.0000,true,1,21038
7290112001436,false,פיניש מנקה מדיח בניח,,,פיניש מנקה מדיח בניח,מיליליטרים,250.00,"100 מ""ל",false,,15.90,6.3600,true,1,21055
7290112002105,false,קולון ג'ל 2.5 ליטר כ,,,קולון ג'ל 2.5 ליטר כ,ליטרים,2.50,ליטר,false,,26.90,10.7600,true,1,21067
7290112002136,false,קולון ג'ל 4 ליטר רגי,,,קולון ג'ל 4 ליטר רגי,ליטרים,4.00,ליטר,false,,37.90,9.4750,true,1,21070
7290112002457,false,דטול מגבונים לניקוי,,,דטול מגבונים לניקוי,יחידה,0.00,יחידה,false,,25.90,0.0000,true,1,21087
7290112003188,false,קולון קפסולות למכונת,,,קולון קפסולות למכונת,יחידה,0.00,יחידה,false,,60.00,0.0000,true,1,100567
7290112003508,false,איירוויק בוטניקה ספר,,,איירוויק בוטניקה ספר,מיליליטרים,236.00,"100 מ""ל",false,,21.90,9.2797,true,1,118795
7290112003515,false,איירוויק בוטניקה ספר,,,איירוויק בוטניקה ספר,מיליליטרים,236.00,"100 מ""ל",false,,21.90,9.2797,true,1,118796
7290112004192,false,פיניש טבליות למדיח א,,,פיניש טבליות למדיח א,יחידה,0.00,יחידה,false,,60.90,0.0000,true,1,206727
7290112004208,false,טבליות למדיח כלים פי,,,טבליות למדיח כלים פי,גרמים,800.00,100 גרם,false,,41.90,5.2375,true,1,265684
7290112005045,false,וניש אבקה לכביסה לבנ,,,וניש אבקה לכביסה לבנ,מיליליטרים,480.00,"100 מ""ל",false,,17.90,3.7292,true,1,318785
7290112005052,false,וניש אבקה לכביסה לבנ,,,וניש אבקה לכביסה לבנ,ליטרים,1500.00,100 ליטר,false,,42.90,2.8600,true,1,318771
7290112005076,false,וניש אבקה לכביסה צבע,,,וניש אבקה לכביסה צבע,גרמים,480.00,100 גרם,false,,17.90,3.7292,true,1,318799
7290112005083,false,וניש אבקה לכביסה צבע,,,וניש אבקה לכביסה צבע,ליטרים,1.50,100 ליטר,false,,42.90,2860.0000,true,1,318757
7290112191069,false,8 טורטיות מזונות ברי,,,8 טורטיות מזונות ברי,גרמים,320.00,100 גרם,false,,9.90,3.0938,true,1,49373
7290112195227,false,אטריות ביצים דקיקות,,,אטריות ביצים דקיקות,גרמים,500.00,100 גרם,false,,14.90,2.9800,true,1,189017
7290112196576,false,שקדי מרק מקמח כוסמין,,,שקדי מרק מקמח כוסמין,גרמים,400.00,100 גרם,false,,18.90,4.7250,true,1,243707
7290112196774,false,ביסקוויט חצי מצופה כ,,,ביסקוויט חצי מצופה כ,גרמים,175.00,100 גרם,false,,12.90,7.3714,true,1,330693
7290112197078,false,תחליב רחצה לידיים סט,,,תחליב רחצה לידיים סט,מיליליטרים,500.00,"100 מ""ל",false,,12.90,2.5800,true,1,271156
7290112330352,false,דנונה פרו 20 גר וניל,,,דנונה פרו 20 גר וניל,גרמים,200.00,100 גרם,false,,6.20,3.1000,true,1,23991
7290112330390,false,דנונה פרו 20 גר פירו,,,דנונה פרו 20 גר פירו,גרמים,200.00,100 גרם,false,,6.20,3.1000,true,1,23993
7290112332585,false,"פריכיות הטעימות תפו""",,,"פריכיות הטעימות תפו""",גרמים,30.00,100 גרם,false,,5.90,19.6667,true,1,23082
7290112332899,false,מאסט בזוקה פופים קלא,,,מאסט בזוקה פופים קלא,גרמים,58.00,100 גרם,false,,10.90,18.7931,true,1,23088
7290112334749,false,עלית טורקי שקית 200,,,עלית טורקי שקית 200,גרמים,220.00,100 גרם,false,,15.90,7.2273,true,1,23090
7290112335043,false,עלית מרשמלו בזוקה 15,,,עלית מרשמלו בזוקה 15,גרמים,150.00,100 גרם,false,,6.90,4.6000,true,1,23093
7290112335050,false,עלית מרשמלו וניל 150,,,עלית מרשמלו וניל 150,גרמים,150.00,100 גרם,false,,6.90,4.6000,true,1,23094
7290112335487,false,פריכיות הטעימות קצח,,,פריכיות הטעימות קצח,גרמים,135.00,100 גרם,false,,13.90,10.2963,true,1,23098
7290112335500,false,פריכיות הטעימות עשיר,,,פריכיות הטעימות עשיר,גרמים,135.00,100 גרם,false,,13.90,10.2963,true,1,23100
7290112336613,false,עד חצות סנדוויץ' 135,,,עד חצות סנדוויץ' 135,גרמים,135.00,100 גרם,false,,10.90,8.0741,true,1,23109
7290112336637,false,"סוכריות מאסט לל""ס יו",,,"סוכריות מאסט לל""ס יו",גרמים,80.00,100 גרם,false,,8.90,11.1250,true,1,23111
7290112336644,false,"סוכריות מאסט לל""ס לי",,,"סוכריות מאסט לל""ס לי",גרמים,80.00,100 גרם,false,,8.90,11.1250,true,1,23112
7290112336651,false,סוכריות מאסט ללא סוכ,,,סוכריות מאסט ללא סוכ,גרמים,80.00,100 גרם,false,,8.90,11.1250,true,1,23113
7290112336712,false,דנונה פרו 21 0% שומן,,,דנונה פרו 21 0% שומן,גרמים,200.00,100 גרם,false,,6.20,3.1000,true,1,24023
7290112337481,false,"סוכריות מאסט לל""ס קפ",,,"סוכריות מאסט לל""ס קפ",גרמים,80.00,100 גרם,false,,8.90,11.1250,true,1,23117
7290112339867,false,גמדים סקוויז בודד תו,,,גמדים סקוויז בודד תו,גרמים,100.00,100 גרם,false,,6.50,6.5000,true,1,24052
7290112339874,false,גמדים סקוויז בודד תו,,,גמדים סקוויז בודד תו,גרמים,100.00,100 גרם,false,,6.50,6.5000,true,1,24053
7290112340122,false,פריכיות הטעימות 3 דג,,,פריכיות הטעימות 3 דג,גרמים,135.00,100 גרם,false,,13.90,10.2963,true,1,23126
7290112340276,false,פינוקיות עוגיית קרם,,,פינוקיות עוגיית קרם,גרמים,200.00,100 גרם,false,,12.90,6.4500,true,1,23130
7290112341686,false,אקטיביה מארז 3% 8*15,,,אקטיביה מארז 3% 8*15,קילוגרמים,1.20,"ק""ג",false,,21.90,18.2500,true,1,24067
7290112342102,false,סימפוניה 5% בצל מקור,,,סימפוניה 5% בצל מקור,גרמים,200.00,100 גרם,false,,12.50,6.2500,true,1,24075
7290112343499,false,ציטוס Puffs בטעם גבי,,,ציטוס Puffs בטעם גבי,גרמים,55.00,100 גרם,false,,3.50,6.3636,true,1,204888
7290112344564,false,EAT GOOD רביולי גבינ,,,EAT GOOD רביולי גבינ,גרמים,400.00,100 גרם,false,,21.90,5.4750,true,1,24087
7290112346360,false,בפלות אחת אחת בציפוי,,,בפלות אחת אחת בציפוי,גרמים,180.00,100 גרם,false,,14.90,8.2778,true,1,23170
7290112348142,false,שעועית לבנה טעם הטבע,,,שעועית לבנה טעם הטבע,גרמים,380.00,100 גרם,false,,6.90,1.8158,true,1,68704
7290112348999,false,פריכיות טעימות תירס,,,פריכיות טעימות תירס,גרמים,135.00,100 גרם,false,,13.90,10.2963,true,1,117098
7290112349606,false,דניאלה תות בננה 150,,,דניאלה תות בננה 150,מיליליטרים,150.00,"100 מ""ל",false,,4.30,2.8667,true,1,241271
7290112350275,false,קפסולות LUNGO למכונו,,,קפסולות LUNGO למכונו,גרמים,50.00,100 גרם,false,,18.90,37.8000,true,1,23182
7290112350312,false,עלית קפסולות  15 למכ,,,עלית קפסולות  15 למכ,גרמים,50.00,100 גרם,false,,18.90,37.8000,true,1,96960
7290112351258,false,פינוקיות עוגיית שחור,,,פינוקיות עוגיית שחור,גרמים,200.00,100 גרם,false,,12.90,6.4500,true,1,90278
7290112351470,false,שלישיית סוכריות FRES,,,שלישיית סוכריות FRES,גרמים,45.00,100 גרם,false,,8.90,19.7778,true,1,95897
7290112353887,false,קפה קר יטבתה בטעם אג,,,קפה קר יטבתה בטעם אג,מיליליטרים,230.00,"100 מ""ל",false,,7.90,3.4348,true,1,87314
7290112354174,false,פסטה רוזה שטראוס דלי,,,פסטה רוזה שטראוס דלי,גרמים,280.00,100 גרם,false,,21.90,7.8214,true,1,212042
7290112354242,false,קונוס פיצה שטראוס דל,,,קונוס פיצה שטראוס דל,גרמים,280.00,100 גרם,false,,25.90,9.2500,true,1,212176
7290112354945,false,תפוצ'יפס wavy 50 גר,,,תפוצ'יפס wavy 50 גר,גרמים,50.00,100 גרם,false,,4.30,8.6000,true,1,373351
7290112355027,false,דנונה פרו 20 גר' בטע,,,דנונה פרו 20 גר' בטע,גרמים,200.00,100 גרם,false,,6.20,3.1000,true,1,111494
7290112355102,false,סקוויז גמדים לדרך סל,,,סקוויז גמדים לדרך סל,גרמים,100.00,100 גרם,false,,5.90,5.9000,true,1,118522
7290112357045,false,עגבניות איטלקיות מרו,,,עגבניות איטלקיות מרו,גרמים,390.00,100 גרם,false,,6.90,1.7692,true,1,68705
7290112357069,false,מחית עגבניות איטלקיו,,,מחית עגבניות איטלקיו,גרמים,500.00,100 גרם,false,,7.50,1.5000,true,1,68706
7290112357083,false,אפונה ירוקה טעם הטבע,,,אפונה ירוקה טעם הטבע,גרמים,380.00,100 גרם,false,,6.90,1.8158,true,1,195444
7290112357106,false,שעועית אדומה טעם הטב,,,שעועית אדומה טעם הטב,גרמים,380.00,100 גרם,false,,6.90,1.8158,true,1,68707
7290112357113,false,גרגרי חומוס טעם הטבע,,,גרגרי חומוס טעם הטבע,גרמים,380.00,100 גרם,false,,6.90,1.8158,true,1,68708
7290112357175,false,קפסולות BOOST למכונו,,,קפסולות BOOST למכונו,גרמים,50.00,100 גרם,false,,18.90,37.8000,true,1,23183
7290112357892,false,שלישיית סוכריות FRES,,,שלישיית סוכריות FRES,גרמים,45.00,100 גרם,false,,8.90,19.7778,true,1,95899
7290112358004,false,פסק זמן קראנץ' 32 גר,,,פסק זמן קראנץ' 32 גר,גרמים,32.00,100 גרם,false,,5.30,16.5625,true,1,128507
7290112358219,false,יד מורדכי רוטב צ'ילי,,,יד מורדכי רוטב צ'ילי,מיליליטרים,300.00,"100 מ""ל",false,,14.90,4.9667,true,1,87095
7290112358431,false,דאבל ביסקוויט עם שוק,,,דאבל ביסקוויט עם שוק,גרמים,200.00,100 גרם,false,,14.90,7.4500,true,1,143975
7290112490209,false,נמס בכוס מרק עגבניות,,,נמס בכוס מרק עגבניות,גרמים,56.00,100 גרם,false,,7.90,14.1071,true,1,10743
7290112490216,false,נמס בכוס בטעם עוף קר,,,נמס בכוס בטעם עוף קר,יחידה,48.00,יחידה,false,,7.90,0.1646,true,1,10744
7290112490230,false,נמס בכוס אפונה רכיבי,,,נמס בכוס אפונה רכיבי,גרמים,50.00,100 גרם,false,,7.90,15.8000,true,1,10745
7290112490827,false,בדין בייבי תרסיס למי,,,בדין בייבי תרסיס למי,מיליליטרים,500.00,"100 מ""ל",false,,18.90,3.7800,true,1,10765
7290112491701,false,ברנפלקס אקסטרה פרוטא,,,ברנפלקס אקסטרה פרוטא,גרמים,400.00,100 גרם,false,,24.90,6.2250,true,1,10797
7290112491770,false,בייגלה דקים דקים עם,,,בייגלה דקים דקים עם,גרמים,300.00,100 גרם,false,,11.90,3.9667,true,1,10798
7290112491787,false,בייגלה דקים דקים עם,,,בייגלה דקים דקים עם,גרמים,300.00,100 גרם,false,,11.90,3.9667,true,1,10799
7290112492449,false,פינוק שמפו לשיער רגי,,,פינוק שמפו לשיער רגי,מיליליטרים,700.00,"100 מ""ל",false,,11.90,1.7000,true,1,59478
7290112492456,false,פינוק שמפו שיער יבש,,,פינוק שמפו שיער יבש,מיליליטרים,700.00,"100 מ""ל",false,,11.90,1.7000,true,1,59479
7290112492463,false,פינוק 2ב1 לשיער רגיל,,,פינוק 2ב1 לשיער רגיל,מיליליטרים,700.00,"100 מ""ל",false,,11.90,1.7000,true,1,59480
7290112492500,false,פינוק שמפו שמן קוקוס,,,פינוק שמפו שמן קוקוס,מיליליטרים,700.00,"100 מ""ל",false,,11.90,1.7000,true,1,59482
7290112492548,false,פינוק מרכך לשיער יבש,,,פינוק מרכך לשיער יבש,מיליליטרים,700.00,"100 מ""ל",false,,11.90,1.7000,true,1,59484
7290112492593,false,פינוק תחליב רחצה קלא,,,פינוק תחליב רחצה קלא,מיליליטרים,700.00,"100 מ""ל",false,,10.90,1.5571,true,1,59499
7290112492609,false,פינוק תחליב רחצה לבנ,,,פינוק תחליב רחצה לבנ,מיליליטרים,700.00,"100 מ""ל",false,,10.90,1.5571,true,1,59500
7290112492630,false,פינוק לגבר 3 ב-1 700,,,פינוק לגבר 3 ב-1 700,מיליליטרים,700.00,"100 מ""ל",false,,11.90,1.7000,true,1,59502
7290112492722,false,פינוק 2 ב 1 ילדים 70,,,פינוק 2 ב 1 ילדים 70,מיליליטרים,700.00,"100 מ""ל",false,,12.90,1.8429,true,1,78894
7290112492746,false,פינוק מרכך ילדים 700,,,פינוק מרכך ילדים 700,מיליליטרים,700.00,"100 מ""ל",false,,12.90,1.8429,true,1,78895
7290112492975,false,מרק טעם עוף קנור 400,,,מרק טעם עוף קנור 400,גרמים,400.00,100 גרם,false,,17.80,4.4500,true,1,10818
7290112492982,false,מרק פטריות 100% רכיב,,,מרק פטריות 100% רכיב,יח',400.00,יח',false,,24.90,0.0622,true,1,73171
7290112492999,false,מרק טעם עוף קנור 400,,,מרק טעם עוף קנור 400,גרמים,400.00,100 גרם,false,,17.80,4.4500,true,1,10819
7290112493934,false,קרמיסימו וניל 1.33 ל,,,קרמיסימו וניל 1.33 ל,ליטרים,1.33,ליטר,false,,21.90,16.4662,true,1,4408
7290112494221,false,קליק ביסקוויט 65 גרם,,,קליק ביסקוויט 65 גרם,גרמים,65.00,100 גרם,false,,6.90,10.6154,true,1,10841
7290112494238,false,קליק כדורים חלב 65 ג,,,קליק כדורים חלב 65 ג,גרמים,65.00,100 גרם,false,,6.90,10.6154,true,1,10842
7290112494283,false,קליק מעורב חום לבן 6,,,קליק מעורב חום לבן 6,גרמים,65.00,100 גרם,false,,6.90,10.6154,true,1,10845
7290112494313,false,קליק קורנפלקס 65 גרם,,,קליק קורנפלקס 65 גרם,גרמים,65.00,100 גרם,false,,6.90,10.6154,true,1,10847
7290112494351,false,קורנפלקס של אלופים ת,,,קורנפלקס של אלופים ת,גרמים,850.00,100 גרם,false,,18.90,2.2235,true,1,57239
7290112494658,false,פינוק שמפו נגד קשקשי,,,פינוק שמפו נגד קשקשי,מיליליטרים,700.00,"100 מ""ל",false,,13.90,1.9857,true,1,71300
7290112494993,false,"כריות וניל תלמה בד""ץ",,,"כריות וניל תלמה בד""ץ",גרמים,686.00,100 גרם,false,,30.90,4.5044,true,1,10861
7290112495037,false,קוקומן כדורים תלמה ב,,,קוקומן כדורים תלמה ב,גרמים,375.00,100 גרם,false,,22.90,6.1067,true,1,10865
7290112495143,false,נשנושים קוקטייל מלוח,,,נשנושים קוקטייל מלוח,גרמים,300.00,100 גרם,false,,13.90,4.6333,true,1,10870
7290112495150,false,נשנושים עגול מלוח 30,,,נשנושים עגול מלוח 30,גרמים,300.00,100 גרם,false,,13.90,4.6333,true,1,10871
7290112495280,false,ריבועי ברנפלקס קינמו,,,ריבועי ברנפלקס קינמו,גרמים,400.00,100 גרם,false,,24.90,6.2250,true,1,73174
7290112495433,false,"דליפקאן תלמה בד""ץ 40",,,"דליפקאן תלמה בד""ץ 40",גרמים,400.00,100 גרם,false,,24.90,6.2250,true,1,10878
7290112495754,false,רוטב אלף האיים הלמנס,,,רוטב אלף האיים הלמנס,גרמים,305.00,100 גרם,false,,10.50,3.4426,true,1,53694
7290112495785,false,רוטב שום הלמנס 300 ג,,,רוטב שום הלמנס 300 ג,גרמים,300.00,100 גרם,false,,10.50,3.5000,true,1,53696
7290112495822,false,"כריות בלאק תלמה בד""ץ",,,"כריות בלאק תלמה בד""ץ",גרמים,686.00,100 גרם,false,,30.90,4.5044,true,1,10881
7290112496331,false,קורנפלקס בננה תלמה ב,,,קורנפלקס בננה תלמה ב,גרמים,448.00,100 גרם,false,,18.90,4.2187,true,1,159836
7290112497000,false,סיף פנטסטיק ניקוי כל,,,סיף פנטסטיק ניקוי כל,יחידה,0.00,יחידה,false,,13.90,0.0000,true,1,63496
7290112497123,false,קנור סחלב 112 גרם,,,קנור סחלב 112 גרם,גרמים,112.00,100 גרם,false,,11.80,10.5357,true,1,107871
7290112499455,false,תחליב רחצה בתוספת שמ,,,תחליב רחצה בתוספת שמ,מיליליטרים,700.00,"100 מ""ל",false,,10.90,1.5571,true,1,157636
7290112499943,false,מגנום מאגדת מיני שוק,,,מגנום מאגדת מיני שוק,גרמים,250.00,100 גרם,false,,30.90,12.3600,true,1,4415
7290112961266,false,בייגלה כפיות בסגנון,,,בייגלה כפיות בסגנון,גרמים,300.00,100 גרם,false,,11.90,3.9667,true,1,19297
7290112961372,false,חטיפי פריכיות דקות ק,,,חטיפי פריכיות דקות ק,גרמים,60.00,100 גרם,false,,8.90,14.8333,true,1,19300
7290112961464,false,חטיפי פריכיות דקות מ,,,חטיפי פריכיות דקות מ,גרמים,60.00,100 גרם,false,,8.90,14.8333,true,1,19303
7290112962287,false,שווארמה טבעונית טבעו,,,שווארמה טבעונית טבעו,גרמים,450.00,100 גרם,false,,35.90,7.9778,true,1,56552
7290112962652,false,מרק בטעם עוף אסם 800,,,מרק בטעם עוף אסם 800,גרמים,800.00,100 גרם,false,,12.90,1.6125,true,1,19319
7290112963918,false,פיטנס חטיפי קרקר דק,,,פיטנס חטיפי קרקר דק,גרמים,140.00,100 גרם,false,,12.90,9.2143,true,1,19329
7290112964434,false,אסם רוטב קיסר לסלט 2,,,אסם רוטב קיסר לסלט 2,מיליליטרים,295.00,"100 מ""ל",false,,12.90,4.3729,true,1,19343
7290112964625,false,אסם רוטב שום לייט לס,,,אסם רוטב שום לייט לס,מיליליטרים,295.00,"100 מ""ל",false,,12.90,4.3729,true,1,19351
7290112964724,false,טבעול המבורגר טבעוני,,,טבעול המבורגר טבעוני,גרמים,580.00,100 גרם,false,,35.90,6.1897,true,1,20053
7290112965264,false,זוג מרק נמס אפונה בד,,,זוג מרק נמס אפונה בד,גרמים,30.00,100 גרם,false,,6.90,23.0000,true,1,19363
7290112965585,false,פסטה קסרצה פרפקטו 50,,,פסטה קסרצה פרפקטו 50,גרמים,500.00,100 גרם,false,,7.90,1.5800,true,1,19371
7290112965660,false,פיטנס חטיף מולטיגריי,,,פיטנס חטיף מולטיגריי,גרמים,25.00,100 גרם,false,,5.80,23.2000,true,1,111325
7290112965684,false,פיטנס חטיף מולטיגריי,,,פיטנס חטיף מולטיגריי,גרמים,25.00,100 גרם,false,,5.80,23.2000,true,1,111326
7290112965707,false,פיטנס חטיף מולטיגריי,,,פיטנס חטיף מולטיגריי,גרמים,25.00,100 גרם,false,,5.80,23.2000,true,1,111327
7290112965783,false,ביסלי פריסטייל על הא,,,ביסלי פריסטייל על הא,גרמים,60.00,100 גרם,false,,4.90,8.1667,true,1,167086
7290112965981,false,טבעול גורמה ארוחת דג,,,טבעול גורמה ארוחת דג,גרמים,450.00,100 גרם,false,,34.90,7.7556,true,1,320704
7290112966803,false,אסם פודינג אינסטנט ש,,,אסם פודינג אינסטנט ש,גרמים,88.00,100 גרם,false,,6.50,7.3864,true,1,19393
7290112967220,false,ביסלי ברביקיו מארז 1,,,ביסלי ברביקיו מארז 1,גרמים,200.00,100 גרם,false,,12.50,6.2500,true,1,73273
7290112967244,false,ביסלי גריל מארז 10*,,,ביסלי גריל מארז 10*,גרמים,200.00,100 גרם,false,,12.50,6.2500,true,1,19397
7290112967749,false,פסטה נוציאולה אסם 50,,,פסטה נוציאולה אסם 50,יחידה,500.00,יחידה,false,,7.90,0.0158,true,1,19401
7290112968807,false,פיטנס קרקר דק סלק 14,,,פיטנס קרקר דק סלק 14,גרמים,140.00,100 גרם,false,,12.90,9.2143,true,1,119204
7290112968821,false,פיטנס קרקר דק בטטה 1,,,פיטנס קרקר דק בטטה 1,גרמים,140.00,100 גרם,false,,12.90,9.2143,true,1,119205
7290113100275,false,מגרדת משושת,,,מגרדת משושת,יחידה,0.00,יחידה,false,,25.90,0.0000,true,1,49964
7290113100848,false,סט מארז 12 חלקים,,,סט מארז 12 חלקים,יחידה,0.00,יחידה,false,,22.90,0.0000,true,1,50022
7290113101760,false,סט 3 סכיני בשר,,,סט 3 סכיני בשר,יחידה,0.00,יחידה,false,,16.90,0.0000,true,1,50114
7290113102934,false,קולפן איכותי,,,קולפן איכותי,יחידה,0.00,יחידה,false,,12.90,0.0000,true,1,50228
7290113103214,false,מחבת איכותית גודל 24,,,מחבת איכותית גודל 24,יחידה,0.00,יחידה,false,,229.90,0.0000,true,1,50256
7290113190771,false,חלבה מסולסלת בטעם שו,,,חלבה מסולסלת בטעם שו,גרמים,300.00,100 גרם,false,,14.90,4.9667,true,1,4936
7290113192324,false,זית ירוק בית השיטה 3,,,זית ירוק בית השיטה 3,גרמים,340.00,100 גרם,false,,10.90,3.2059,true,1,19422
7290113192348,false,זית ירוק שום 17-19בי,,,זית ירוק שום 17-19בי,גרמים,560.00,100 גרם,false,,11.90,2.1250,true,1,19424
7290113192355,false,זיתים חרוזית ירוק בי,,,זיתים חרוזית ירוק בי,גרמים,275.00,100 גרם,false,,10.90,3.9636,true,1,19425
7290113192362,false,טבעות זיתים ירוקים ב,,,טבעות זיתים ירוקים ב,גרמים,280.00,100 גרם,false,,11.90,4.2500,true,1,19426
7290113192379,false,זיתים ירוקים מבוקעים,,,זיתים ירוקים מבוקעים,גרמים,340.00,100 גרם,false,,11.90,3.5000,true,1,19427
7290113192393,false,קוקטייל זיתים בית הש,,,קוקטייל זיתים בית הש,גרמים,336.00,100 גרם,false,,12.90,3.8393,true,1,19429
7290113192478,false,מלפפון במלח 10-12 בי,,,מלפפון במלח 10-12 בי,גרמים,320.00,100 גרם,false,,8.90,2.7813,true,1,19437
7290113192485,false,מלפפון בחומץ 12-10 ב,,,מלפפון בחומץ 12-10 ב,גרמים,290.00,100 גרם,false,,8.90,3.0690,true,1,19438
7290113192492,false,מלפפון בחומץ 13-17 ב,,,מלפפון בחומץ 13-17 ב,גרמים,290.00,100 גרם,false,,11.90,4.1034,true,1,19439
7290113192508,false,מלפפון במלח 13-17 בי,,,מלפפון במלח 13-17 בי,גרמים,320.00,100 גרם,false,,11.90,3.7188,true,1,19440
7290113192522,false,מלפפון בחומץ 18-25 ב,,,מלפפון בחומץ 18-25 ב,גרמים,290.00,100 גרם,false,,13.90,4.7931,true,1,19442
7290113192539,false,מלפפון במלח 7-9 בית,,,מלפפון במלח 7-9 בית,גרמים,560.00,100 גרם,false,,7.90,1.4107,true,1,19443
7290113192546,false,מלפפון בחומץ 7-9 בית,,,מלפפון בחומץ 7-9 בית,גרמים,560.00,100 גרם,false,,7.90,1.4107,true,1,19444
7290113192553,false,מלפפון במלח בלדי 13-,,,מלפפון במלח בלדי 13-,גרמים,320.00,100 גרם,false,,12.90,4.0313,true,1,19445
7290113192577,false,כרוב כבוש בית השיטה,,,כרוב כבוש בית השיטה,יחידה,430.00,יחידה,false,,8.90,0.0207,true,1,19447
7290113192881,false,טורטיה חיטה מופחתת ק,,,טורטיה חיטה מופחתת ק,גרמים,270.00,100 גרם,false,,10.00,3.7037,true,1,191952
7290113192997,false,זית מרוקאי בית השיטה,,,זית מרוקאי בית השיטה,גרמים,340.00,100 גרם,false,,15.90,4.6765,true,1,104531
7290113193321,false,שמן זית כתית מעולה ב,,,שמן זית כתית מעולה ב,מיליליטרים,750.00,"100 מ""ל",false,,30.90,4.1200,true,1,214290
7290113193369,false,תרסיס שמן קנולה מזוכ,,,תרסיס שמן קנולה מזוכ,גרמים,150.00,100 גרם,false,,15.90,10.6000,true,1,130408
7290113195042,false,מלפפון מלח כבישה בית,,,מלפפון מלח כבישה בית,גרמים,750.00,100 גרם,false,,27.90,3.7200,true,1,166656
7290113195271,false,ממרח פלפלים פיקנטיים,,,ממרח פלפלים פיקנטיים,גרמים,360.00,100 גרם,false,,11.90,3.3056,true,1,192754
7290113195967,false,שיבולת שועל להכנה מי,,,שיבולת שועל להכנה מי,גרמים,500.00,100 גרם,false,,10.00,2.0000,true,1,191873
7290113198562,false,סוכריות גומי בטעמי ת,,,סוכריות גומי בטעמי ת,גרמים,200.00,100 גרם,false,,10.90,5.4500,true,1,265846
7290113289017,false,צלחות גדולות אלגנט ק,,,צלחות גדולות אלגנט ק,יחידה,0.00,יחידה,false,,13.90,0.0000,true,1,199178
7290113289048,false,צלחות קטנות אלגנט קר,,,צלחות קטנות אלגנט קר,יחידה,0.00,יחידה,false,,8.90,0.0000,true,1,199180
7290113289161,false,קערות ענקיות אלגנט ק,,,קערות ענקיות אלגנט ק,יחידה,0.00,יחידה,false,,10.90,0.0000,true,1,199283
7290113289376,false,קערות דקל מרובעות 10,,,קערות דקל מרובעות 10,יחידה,0.00,יחידה,false,,16.90,0.0000,true,1,263847
7290113463646,false,פרוסות גבינה קשה מסו,,,פרוסות גבינה קשה מסו,גרמים,400.00,100 גרם,false,,13.60,3.4000,true,1,367389
7290113560055,false,פרודונטקס מי פה 500,,,פרודונטקס מי פה 500,מיליליטרים,500.00,"100 מ""ל",false,,32.90,6.5800,true,1,97176
7290113560109,false,משחת שיניים בטעם צמח,,,משחת שיניים בטעם צמח,מיליליטרים,75.00,"100 מ""ל",false,,32.90,43.8667,true,1,114176
7290114310215,false,שמנת מתוקה 38% בקבוק,,,שמנת מתוקה 38% בקבוק,מיליליטרים,250.00,"100 מ""ל",false,,6.47,2.5880,true,1,69348
7290114310239,false,חלב נטול לקטוז  1.5,,,חלב נטול לקטוז  1.5,ליטרים,1.50,ליטר,false,,11.90,7.9333,true,1,80268
7290114310611,false,משקה חלב בננה בבקבוק,,,משקה חלב בננה בבקבוק,מיליליטרים,250.00,"100 מ""ל",false,,5.90,2.3600,true,1,163640
7290114311069,false,יוגורט בטעם טבעי 25,,,יוגורט בטעם טבעי 25,גרמים,200.00,100 גרם,false,,6.50,3.2500,true,1,268143
7290114600941,false,מאסטר שף מאסטר שף  מ,,,מאסטר שף מאסטר שף  מ,גרמים,435.00,100 גרם,false,,14.90,3.4253,true,1,83938
7290114604895,false,מאסטר שף ממרח ספייסי,,,מאסטר שף ממרח ספייסי,גרמים,446.00,100 גרם,false,,14.90,3.3408,true,1,143640
7290114605533,false,"משטח חיתוך חד""פ",,,"משטח חיתוך חד""פ",יחידה,0.00,יחידה,false,,21.90,0.0000,true,1,288562
7290114659949,true,מארז 50  מסכות כירוג,,,מארז 50  מסכות כירוג,יחידה,0.00,יחידה,false,,10.00,0.0000,true,1,79816
7290115073676,true,מארז מסכות 3 שכבות צ,,,מארז מסכות 3 שכבות צ,יחידה,0.00,יחידה,false,,9.90,0.0000,true,1,81634
7290115075007,true,מסכה למבוגר ממותג טר,,,מסכה למבוגר ממותג טר,יחידה,0.00,יחידה,false,,4.90,0.0000,true,1,109235
7290115190014,false,סיגריות מרלבורו  חפי,,,סיגריות מרלבורו  חפי,יחידה,0.00,יחידה,false,,36.50,0.0000,false,1,101503
7290115190090,false,סיגריות מרלבורו  חפי,,,סיגריות מרלבורו  חפי,יחידה,0.00,יחידה,false,,36.50,0.0000,false,1,101529
7290115190137,false,מרלבורו פיין טאצ בוד,,,מרלבורו פיין טאצ בוד,יחידה,0.00,יחידה,false,,32.50,0.0000,false,1,101485
7290115190151,false,מרלבורו גולד טאצ בוד,,,מרלבורו גולד טאצ בוד,יחידה,0.00,יחידה,false,,32.50,0.0000,false,1,101486
7290115190236,false,סיגריות פרלמנט (חפיס,,,סיגריות פרלמנט (חפיס,יחידה,0.00,יחידה,false,,42.00,0.0000,false,1,101454
7290115190250,false,סיגריות פרלמנט (חפיס,,,סיגריות פרלמנט (חפיס,יחידה,0.00,יחידה,false,,42.00,0.0000,false,1,94898
7290115190335,false,אל אם בלו ארוך,,,אל אם בלו ארוך,יחידה,0.00,יחידה,false,,33.00,0.0000,false,1,149675
7290115190359,false,אל אם בלו לייבל קצר,,,אל אם בלו לייבל קצר,יחידה,0.00,יחידה,false,,33.00,0.0000,false,1,94869
7290115190373,false,אל אם פוב רד בודד,,,אל אם פוב רד בודד,יחידה,0.00,יחידה,false,,33.00,0.0000,false,1,101488
7290115190458,false,נקסט אדג` בודד,,,נקסט אדג` בודד,יחידה,0.00,יחידה,false,,27.00,0.0000,false,1,109441
7290115190472,false,נקסט פיין אדג` בודד,,,נקסט פיין אדג` בודד,יחידה,0.00,יחידה,false,,27.00,0.0000,false,1,115254
7290115190519,false,סיגריות נקסט (בודד),,,סיגריות נקסט (בודד),יחידה,0.00,יחידה,false,,31.50,0.0000,false,1,101469
7290115190595,false,סיגריות נקסט(בודד),,,סיגריות נקסט(בודד),יחידה,0.00,יחידה,false,,31.50,0.0000,false,1,101441
7290115200003,false,פתי בר פינוקי וניל 2,,,פתי בר פינוקי וניל 2,גרמים,220.00,100 גרם,false,,9.90,4.5000,true,1,111133
7290115200027,false,פתי בר פינוקי שוקו 2,,,פתי בר פינוקי שוקו 2,גרמים,220.00,100 גרם,false,,9.90,4.5000,true,1,111134
7290115200881,false,אסם בייגלה שטוחים שו,,,אסם בייגלה שטוחים שו,גרמים,300.00,100 גרם,false,,11.90,3.9667,true,1,124062
7290115201031,false,אסם פתיבר דובי שוקול,,,אסם פתיבר דובי שוקול,גרמים,175.00,100 גרם,false,,11.90,6.8000,true,1,142109
7290115201680,false,ביסלי ברביקיו 70 גרם,,,ביסלי ברביקיו 70 גרם,גרמים,70.00,100 גרם,false,,4.90,7.0000,true,1,118496
7290115201741,false,ביסלי בצל  70 גרם,,,ביסלי בצל  70 גרם,גרמים,70.00,100 גרם,false,,4.90,7.0000,true,1,112709
7290115202236,false,טבעול טופו קראנצ'ים,,,טבעול טופו קראנצ'ים,גרמים,470.00,100 גרם,false,,35.90,7.6383,true,1,178473
7290115204056,false,אסם קטשופ מופחת סוכר,,,אסם קטשופ מופחת סוכר,גרמים,690.00,100 גרם,false,,10.90,1.5797,true,1,151786
7290115204131,false,סחוג ירוק המעדנייה ש,,,סחוג ירוק המעדנייה ש,גרמים,190.00,100 גרם,false,,11.90,6.2632,true,1,279533
7290115205541,false,פיטנס חטיף מולטיגריי,,,פיטנס חטיף מולטיגריי,גרמים,25.00,100 גרם,false,,5.80,23.2000,true,1,309437
7290115205695,false,בצק מצונן לפיצה בונז,,,בצק מצונן לפיצה בונז,גרמים,460.00,100 גרם,false,,19.90,4.3261,true,1,239488
7290115205978,false,פתי בר אצבעות שוקולד,,,פתי בר אצבעות שוקולד,גרמים,180.00,100 גרם,false,,9.90,5.5000,true,1,271057
7290115207163,false,ניוקי בזיליקום ושום,,,ניוקי בזיליקום ושום,גרמים,500.00,100 גרם,false,,14.90,2.9800,true,1,239474
7290115207484,false,חציל על האש היתר צבר,,,חציל על האש היתר צבר,גרמים,400.00,100 גרם,false,,16.90,4.2250,true,1,248772
7290115208009,false,ויטמינצ'יק ענבים 1 ל,,,ויטמינצ'יק ענבים 1 ל,ליטרים,1.00,ליטר,false,,23.50,23.5000,true,1,254874
7290115208047,false,ויטמינצ'יק פטל 1 ליט,,,ויטמינצ'יק פטל 1 ליט,ליטרים,1.00,ליטר,false,,23.50,23.5000,true,1,254843
7290115208061,false,ויטמינצ'יק תפוח 1 לי,,,ויטמינצ'יק תפוח 1 לי,ליטרים,1.00,ליטר,false,,23.50,23.5000,true,1,254860
7290115403282,false,עוגיות פיצפוצי שוקו,,,עוגיות פיצפוצי שוקו,גרמים,500.00,100 גרם,false,,17.90,3.5800,true,1,293764
7290115403299,false,עוגיות פרפריות אדל 4,,,עוגיות פרפריות אדל 4,גרמים,450.00,100 גרם,false,,17.90,3.9778,true,1,293765
7290115403312,false,עוגיות מלוחות קריספי,,,עוגיות מלוחות קריספי,גרמים,450.00,100 גרם,false,,17.90,3.9778,true,1,293767
7290115403404,false,עוגיות פרפריות שוקו,,,עוגיות פרפריות שוקו,גרמים,450.00,100 גרם,false,,17.90,3.9778,true,1,293775
7290115403435,false,עוגיות מעמול תמר אדל,,,עוגיות מעמול תמר אדל,גרמים,500.00,100 גרם,false,,17.90,3.5800,true,1,293778
7290115403459,false,עוגיות נסיכה בטעם תו,,,עוגיות נסיכה בטעם תו,גרמים,500.00,100 גרם,false,,17.90,3.5800,true,1,293780
7290115403480,false,עוגיות בסגנון מרוקאי,,,עוגיות בסגנון מרוקאי,גרמים,500.00,100 גרם,false,,17.90,3.5800,true,1,293783
7290115403510,false,עוגיות מגולגלות תמרי,,,עוגיות מגולגלות תמרי,גרמים,500.00,100 גרם,false,,17.90,3.5800,true,1,293785
7290115410068,false,חציל במיונז 400 גרם,,,חציל במיונז 400 גרם,גרמים,400.00,100 גרם,false,,10.90,2.7250,true,1,191092
7290115410556,false,חומוס מסבחה 250 גרם,,,חומוס מסבחה 250 גרם,גרמים,250.00,100 גרם,false,,10.90,4.3600,true,1,191014
7290115410587,false,טחינה לבנה 250 גרם -,,,טחינה לבנה 250 גרם -,גרמים,250.00,100 גרם,false,,10.90,4.3600,true,1,191030
7290115480023,false,סוד קפסולות ג'ל 3+1,,,סוד קפסולות ג'ל 3+1,100 יח',45.00,100 יח',false,,44.90,99.7778,true,1,306624
7290115670707,false,אנרג'י גרנולה שיבולת,,,אנרג'י גרנולה שיבולת,גרמים,400.00,100 גרם,false,,14.90,3.7250,true,1,149209
7290115671339,false,מיני פינוקיות בראוני,,,מיני פינוקיות בראוני,גרמים,180.00,100 גרם,false,,11.90,6.6111,true,1,178417
7290115675696,false,דגני בוקר קוואקר שיב,,,דגני בוקר קוואקר שיב,גרמים,375.00,100 גרם,false,,20.90,5.5733,true,1,171737
7290115675986,false,דנונה קראנצ' אגוזים,,,דנונה קראנצ' אגוזים,גרמים,173.00,100 גרם,false,,4.90,2.8324,true,1,118914
7290115676099,false,משקה יוגורט עם חלבון,,,משקה יוגורט עם חלבון,גרמים,265.00,100 גרם,false,,7.50,2.8302,true,1,153331
7290115676273,false,עלית קקאו 500 גרם +1,,,עלית קקאו 500 גרם +1,גרמים,500.00,100 גרם,false,,26.10,5.2200,true,1,143899
7290115677966,false,ממרח אבוקדו אחלה 200,,,ממרח אבוקדו אחלה 200,גרמים,200.00,100 גרם,false,,15.90,7.9500,true,1,199695
7290115678376,false,מעדן הגולן מעדן חלב,,,מעדן הגולן מעדן חלב,גרמים,125.00,100 גרם,false,,3.50,2.8000,true,1,180358
7290115678383,false,מעדן הגולן מעדן חלב,,,מעדן הגולן מעדן חלב,גרמים,125.00,100 גרם,false,,3.50,2.8000,true,1,180372
7290115678598,false,חסה אייסברג חיתוך גס,,,חסה אייסברג חיתוך גס,גרמים,300.00,100 גרם,false,,10.90,3.6333,true,1,209055
7290116270715,false,פילה ברבוניה ארוז בו,,,פילה ברבוניה ארוז בו,יחידה,0.00,יחידה,false,,29.90,0.0000,true,1,271605
7290116530871,false,חטיף נשנושים מיקס+בי,,,חטיף נשנושים מיקס+בי,גרמים,240.00,100 גרם,false,,11.90,4.9583,true,1,328693
7290116531090,false,דג דג חטיף אפוי במלי,,,דג דג חטיף אפוי במלי,גרמים,250.00,100 גרם,false,,12.90,5.1600,true,1,255769
7290116532769,false,גרנולה פרוטאין בתוספ,,,גרנולה פרוטאין בתוספ,גרמים,300.00,100 גרם,false,,16.90,5.6333,true,1,309946
7290116930022,false,חטיף חלבון בטעם קרם,,,חטיף חלבון בטעם קרם,גרמים,60.00,100 גרם,false,,12.90,21.5000,true,1,285470
7290116930466,false,יופלה SHAKE מנגו  בנ,,,יופלה SHAKE מנגו  בנ,מיליליטרים,230.00,"100 מ""ל",false,,7.90,3.4348,true,1,319402
7290116930480,false,יופלה SHAKE בננה  קי,,,יופלה SHAKE בננה  קי,מיליליטרים,230.00,"100 מ""ל",false,,7.90,3.4348,true,1,319387
7290116930626,false,ציזיקי עם קרקרים תנו,,,ציזיקי עם קרקרים תנו,גרמים,150.00,100 גרם,false,,7.90,5.2667,true,1,319318
7290117260449,false,גבינה בולגרית מעודנת,,,גבינה בולגרית מעודנת,גרמים,200.00,100 גרם,false,,11.90,5.9500,true,1,321525
7290117260470,false,גבינה בולגרית מעודנת,,,גבינה בולגרית מעודנת,גרמים,200.00,100 גרם,false,,11.90,5.9500,true,1,321540
7290117261354,false,גבינת ריקוטה  5% שומ,,,גבינת ריקוטה  5% שומ,גרמים,200.00,100 גרם,false,,9.90,4.9500,true,1,318169
7290117261927,false,גבינת פקורינו מחלב כ,,,גבינת פקורינו מחלב כ,גרמים,150.00,100 גרם,false,,19.90,13.2667,true,1,353144
7290117380864,false,סלים דליס פייבר - עו,,,סלים דליס פייבר - עו,גרמים,120.00,100 גרם,false,,11.90,9.9167,true,1,309932
7290117761052,false,מנקה חלונות 1 ליטר ז,,,מנקה חלונות 1 ליטר ז,ליטרים,1.00,ליטר,false,,14.90,14.9000,true,1,271128
7290117860045,false,שמפו מטפח לשיער רגיל,,,שמפו מטפח לשיער רגיל,מיליליטרים,700.00,"100 מ""ל",false,,15.90,2.2714,true,1,363074
7290117860083,false,תחליב רחצה בניחוח אי,,,תחליב רחצה בניחוח אי,מיליליטרים,700.00,"100 מ""ל",false,,15.90,2.2714,true,1,366483
7290117860090,false,מרכך מטפח לשיער רגיל,,,מרכך מטפח לשיער רגיל,מיליליטרים,700.00,"100 מ""ל",false,,15.90,2.2714,true,1,363075
7290117860144,false,שמפו נגד קשקשים הווא,,,שמפו נגד קשקשים הווא,מיליליטרים,700.00,"100 מ""ל",false,,15.90,2.2714,true,1,363076
7290117860199,false,שמפו לשיער יבש הוואי,,,שמפו לשיער יבש הוואי,מיליליטרים,700.00,"100 מ""ל",false,,15.90,2.2714,true,1,363077
7290117860236,false,תחליב רחצה בניחוח וי,,,תחליב רחצה בניחוח וי,מיליליטרים,700.00,"100 מ""ל",false,,15.90,2.2714,true,1,366486
7290117860342,false,מרכך קרטין מחזק הווא,,,מרכך קרטין מחזק הווא,מיליליטרים,700.00,"100 מ""ל",false,,15.90,2.2714,true,1,368162
7290117860441,false,מרכך הוואי פריחת הדו,,,מרכך הוואי פריחת הדו,מיליליטרים,700.00,"100 מ""ל",false,,15.90,2.2714,true,1,363080
7290117860496,false,שמפו לגבר + מרכך 2ב-,,,שמפו לגבר + מרכך 2ב-,מיליליטרים,700.00,"100 מ""ל",false,,15.90,2.2714,true,1,363081
7290117860649,false,שמפו ללא סולפטים הוו,,,שמפו ללא סולפטים הוו,מיליליטרים,700.00,"100 מ""ל",false,,15.90,2.2714,true,1,368164
7290117860694,false,מרכך ללא סולפטים הוו,,,מרכך ללא סולפטים הוו,מיליליטרים,700.00,"100 מ""ל",false,,15.90,2.2714,true,1,368165
7290117860847,false,שמפו 4 ב 1 לגבר רעננ,,,שמפו 4 ב 1 לגבר רעננ,מיליליטרים,700.00,"100 מ""ל",false,,15.90,2.2714,true,1,368168
7290117900932,false,גרעיני אבטיח קלויים,,,גרעיני אבטיח קלויים,גרמים,130.00,100 גרם,false,,10.90,8.3846,true,1,311170
7290117900956,false,תערובת פיצוחים קלויי,,,תערובת פיצוחים קלויי,גרמים,180.00,100 גרם,false,,15.90,8.8333,true,1,311172
7290117900963,false,בוטנים קלויים 270 גר,,,בוטנים קלויים 270 גר,גרמים,270.00,100 גרם,false,,10.90,4.0370,true,1,311173
7290117901045,false,בוטן רביולי 200 גרם,,,בוטן רביולי 200 גרם,גרמים,200.00,100 גרם,false,,15.90,7.9500,true,1,311181
7296021133602,false,מועך תפו'א ידית שחור,,,מועך תפו'א ידית שחור,יחידה,0.00,יחידה,false,,15.90,0.0000,true,1,45183
7296021141010,false,כף הגשה קטנה ידית מש,,,כף הגשה קטנה ידית מש,יחידה,0.00,יחידה,false,,18.90,0.0000,true,1,269869
7296021170713,false,כותש שום איכותי ZINK,,,כותש שום איכותי ZINK,יחידה,0.00,יחידה,false,,26.90,0.0000,true,1,270331
7296021191749,false,"סיר יציקה 24 ס""מ +מכ",,,"סיר יציקה 24 ס""מ +מכ",יחידה,0.00,יחידה,false,,359.90,0.0000,true,1,272478
7296021191824,false,"מחבת יציקה 28 ס""מ שח",,,"מחבת יציקה 28 ס""מ שח",יחידה,0.00,יחידה,false,,299.90,0.0000,true,1,268852
7296021288630,false,"סיר בישוול 22 ס""מ 4.",,,"סיר בישוול 22 ס""מ 4.",יחידה,0.00,יחידה,false,,367.00,0.0000,true,1,339680
7296102521755,false,סט 4 קופסאות פלסטיק,,,סט 4 קופסאות פלסטיק,יחידה,0.00,יחידה,false,,19.90,0.0000,true,1,215555
7296102521762,false,סט 4 קופסאות פלסטיק,,,סט 4 קופסאות פלסטיק,יחידה,0.00,יחידה,false,,19.90,0.0000,true,1,215556
7297461005986,false,מפת שולחן ג'אקרד ( 1,,,מפת שולחן ג'אקרד ( 1,יחידה,0.00,יחידה,false,,49.90,0.0000,true,1,252583
7297488098305,false,דגש קמח שקדים 250 גר,,,דגש קמח שקדים 250 גר,גרמים,250.00,100 גרם,false,,26.90,10.7600,true,1,106241
7297488098688,false,דגש פצפוצי אורז מלא,,,דגש פצפוצי אורז מלא,גרמים,450.00,100 גרם,false,,19.90,4.4222,true,1,106226
7297488199620,false,דגש פצפוצי אורז מלא,,,דגש פצפוצי אורז מלא,גרמים,450.00,100 גרם,false,,19.90,4.4222,true,1,106227
7501013122039,false,ג'ומקס נקטר מנגו קרט,,,ג'ומקס נקטר מנגו קרט,ליטרים,1.00,ליטר,false,,10.90,10.9000,true,1,39410
7501013122053,false,ג'ומקס נקטר אפרסק קר,,,ג'ומקס נקטר אפרסק קר,ליטרים,1.00,ליטר,false,,10.90,10.9000,true,1,39411
7501013122114,false,ג'ומקס נקטר אננס קרט,,,ג'ומקס נקטר אננס קרט,ליטרים,1.00,ליטר,false,,10.90,10.9000,true,1,39412
7501013122992,false,ג'ומקס משקה קוקוס אנ,,,ג'ומקס משקה קוקוס אנ,ליטרים,1.00,ליטר,false,,10.90,10.9000,true,1,39414
7501064191398,false,קורונה מארז שישיה 6*,,,קורונה מארז שישיה 6*,ליטרים,2.13,ליטר,false,,39.90,18.7324,true,1,29634
7509546061665,false,דאודורנט ספיד סטיק א,,,דאודורנט ספיד סטיק א,מיליליטרים,85.00,"100 מ""ל",false,,19.90,23.4118,true,1,354297
7509546678702,false,משחת שיניים קולגייט,,,משחת שיניים קולגייט,מיליליטרים,100.00,"100 מ""ל",false,,18.90,18.9000,true,1,315160
7610008059080,false,טבלת רגוסה מריר חדש,,,טבלת רגוסה מריר חדש,גרמים,100.00,100 גרם,false,,16.90,16.9000,true,1,300361
7610243004463,false,דורגול מסיר אבן מרסס,,,דורגול מסיר אבן מרסס,יחידה,0.00,יחידה,false,,27.70,0.0000,true,1,11424
7610400014649,false,לינדט לינדור שוק.חלב,,,לינדט לינדור שוק.חלב,גרמים,100.00,100 גרם,false,,17.90,17.9000,true,1,13826
7610400074155,false,לינדט לינדור 60% 100,,,לינדט לינדור 60% 100,גרמים,100.00,100 גרם,false,,17.90,17.9000,true,1,13834
7610400075770,false,לינדט לה גרנד מריר ע,,,לינדט לה גרנד מריר ע,גרמים,150.00,100 גרם,false,,24.90,16.6000,true,1,13835
7610400075787,false,לינדט לה גרנד חלב עם,,,לינדט לה גרנד חלב עם,גרמים,150.00,100 גרם,false,,24.90,16.6000,true,1,13836
7610400091060,false,לינדט מריר אקסלנס תפ,,,לינדט מריר אקסלנס תפ,גרמים,100.00,100 גרם,false,,17.90,17.9000,true,1,71389
7613030979647,false,דגני בוקר טריקס 480,,,דגני בוקר טריקס 480,גרמים,480.00,100 גרם,false,,27.90,5.8125,true,1,19450
7613032045753,false,דגני פיטנס שוקולד נס,,,דגני פיטנס שוקולד נס,גרמים,375.00,100 גרם,false,,22.90,6.1067,true,1,19456
7613033548192,false,דגני בוקר פיטנס שוקו,,,דגני בוקר פיטנס שוקו,גרמים,375.00,100 גרם,false,,22.90,6.1067,true,1,19473
7613035809857,false,פרפקטו רוטב עגבניות,,,פרפקטו רוטב עגבניות,גרמים,400.00,100 גרם,false,,10.90,2.7250,true,1,19508
7613036105545,false,דוגלי בטעם בקר גזע ק,,,דוגלי בטעם בקר גזע ק,קילוגרמים,3.00,"ק""ג",false,,53.60,17.8667,true,1,19515
7613036105606,false,דוגלי בוגר בקר 4*3קג,,,דוגלי בוגר בקר 4*3קג,קילוגרמים,3.00,"ק""ג",false,,55.90,18.6333,true,1,19517
7613036314114,false,נסקפה גולד 200 גרם,,,נסקפה גולד 200 גרם,גרמים,200.00,100 גרם,false,,51.00,25.5000,true,1,19527
7613036737623,false,דגני בוקר קראנץ מקס,,,דגני בוקר קראנץ מקס,גרמים,410.00,100 גרם,false,,27.90,6.8049,true,1,19533
7613037204889,false,סטארבקס פולי קפה אספ,,,סטארבקס פולי קפה אספ,גרמים,450.00,100 גרם,false,,54.90,12.2000,true,1,154154
7613037686906,false,פיטנס שקדים ודבש נסט,,,פיטנס שקדים ודבש נסט,גרמים,355.00,100 גרם,false,,22.90,6.4507,true,1,19549
7613038451954,false,קראנץ שוקולד מופחת ס,,,קראנץ שוקולד מופחת ס,גרמים,410.00,100 גרם,false,,22.90,5.5854,true,1,19552
7613287394323,false,מולטי צ'יריוס 100% ד,,,מולטי צ'יריוס 100% ד,גרמים,600.00,100 גרם,false,,22.90,3.8167,true,1,163378
7613287821348,false,נתחוני עוף טבעוני סנ,,,נתחוני עוף טבעוני סנ,גרמים,350.00,100 גרם,false,,34.90,9.9714,true,1,228656
7614500010617,false,בר טובלרון מריר 100,,,בר טובלרון מריר 100,גרמים,100.00,100 גרם,false,,11.90,11.9000,true,1,300444
7622010001858,false,עוגיות אוראו  סנדביץ,,,עוגיות אוראו  סנדביץ,גרמים,176.00,100 גרם,false,,9.90,5.6250,true,1,5125
7622201127206,false,ממרח שוקולד מילקה 35,,,ממרח שוקולד מילקה 35,גרמים,350.00,100 גרם,false,,19.90,5.6857,true,1,171067
7622201137052,false,מיני קוקיז מילקה 110,,,מיני קוקיז מילקה 110,גרמים,110.00,100 גרם,false,,9.90,9.0000,true,1,218546
7622201139278,false,פילדלפיה גבינת שמנת,,,פילדלפיה גבינת שמנת,גרמים,150.00,100 גרם,false,,15.90,10.6000,true,1,17212
7622201521493,false,גבינת שמנת עם שום וע,,,גבינת שמנת עם שום וע,גרמים,150.00,100 גרם,false,,15.90,10.6000,true,1,322171
7622201801809,false,מילקה שוקוד חלב עם א,,,מילקה שוקוד חלב עם א,גרמים,100.00,100 גרם,false,,6.90,6.9000,true,1,180023
7622201802363,false,מילקה שוקולד חלב עם,,,מילקה שוקולד חלב עם,גרמים,100.00,100 גרם,false,,6.90,6.9000,true,1,180024
7622201808631,false,אוראו מיני כוסות בטע,,,אוראו מיני כוסות בטע,גרמים,67.00,100 גרם,false,,9.90,14.7761,true,1,186633
7622201813390,false,מילקה וואפל במילוי ק,,,מילקה וואפל במילוי ק,גרמים,150.00,100 גרם,false,,14.90,9.9333,true,1,164947
7622210137234,false,עוגיות סנדביץ אוראו,,,עוגיות סנדביץ אוראו,גרמים,170.00,100 גרם,false,,9.90,5.8235,true,1,5129
7622210453327,false,מילקה סנסיישן 156 גר,,,מילקה סנסיישן 156 גר,גרמים,156.00,100 גרם,false,,14.90,9.5513,true,1,5133
7622210464729,false,עוגיות אוראו גולדן 1,,,עוגיות אוראו גולדן 1,גרמים,154.00,100 גרם,false,,8.90,5.7792,true,1,5135
7622300200237,false,מילקה שוקולד חלב 250,,,מילקה שוקולד חלב 250,גרמים,250.00,100 גרם,false,,11.90,4.7600,true,1,5151
7622300270506,false,מילקה גריינס עוגיות,,,מילקה גריינס עוגיות,גרמים,168.00,100 גרם,false,,14.90,8.8690,true,1,5153
7622300489427,false,אוראו פאג שוקולד לבן,,,אוראו פאג שוקולד לבן,גרמים,246.00,100 גרם,false,,17.90,7.2764,true,1,5158
7622300503079,false,מילקה מוו - ביסקוויט,,,מילקה מוו - ביסקוויט,גרמים,200.00,100 גרם,false,,14.90,7.4500,true,1,5162
7622300617820,false,מילקה שוקולד אוראו 1,,,מילקה שוקולד אוראו 1,גרמים,100.00,100 גרם,false,,6.90,6.9000,true,1,5163
7630477891738,false,סטארבקס קפסולות אספר,,,סטארבקס קפסולות אספר,גרמים,53.00,100 גרם,false,,22.90,43.2075,true,1,98494
7638900248333,false,אנרג'ייזר סוללות 202,,,אנרג'ייזר סוללות 202,יחידה,0.00,יחידה,false,,19.90,0.0000,true,1,6086
7638900248357,false,אנרג'ייזר סוללות 203,,,אנרג'ייזר סוללות 203,יחידה,0.00,יחידה,false,,19.90,0.0000,true,1,6087
7638900426663,false,סוללת אדוונס פורמולה,,,סוללת אדוונס פורמולה,יחידה,0.00,יחידה,false,,27.90,0.0000,true,1,6093
7702018980826,false,ג'ל גילוח GILLETTE S,,,ג'ל גילוח GILLETTE S,מיליליטרים,200.00,"100 מ""ל",false,,15.90,7.9500,true,1,18074
7702174066631,false,יוגטה פינפופ לקקן 10,,,יוגטה פינפופ לקקן 10,גרמים,180.00,100 גרם,false,,11.90,6.6111,true,1,42073
7790040420076,false,אלפחורס עוגיות סנדבי,,,אלפחורס עוגיות סנדבי,גרמים,117.00,100 גרם,false,,8.90,7.6068,true,1,106895
7790580315986,false,סוכריות ממולאות מהדר,,,סוכריות ממולאות מהדר,גרמים,470.00,100 גרם,false,,15.80,3.3617,true,1,13313
7792860006218,false,בייבי דול לקקן 20גר,,,בייבי דול לקקן 20גר,גרמים,24.00,100 גרם,false,,2.90,12.0833,true,1,13842
7800601801098,false,נר הבדלה דקורטיבי פמ,,,נר הבדלה דקורטיבי פמ,יחידה,0.00,יחידה,false,,16.90,0.0000,true,1,13331
7804414000860,false,דון חוליו קברנה סובנ,,,דון חוליו קברנה סובנ,מיליליטרים,750.00,"100 מ""ל",false,,30.90,4.1200,true,1,7363
7804414000884,false,דון חוליו שרדונה 750,,,דון חוליו שרדונה 750,מיליליטרים,750.00,"100 מ""ל",false,,30.90,4.1200,true,1,7365
8000070003811,false,קפסולת LAVAZZA PASSI,,,קפסולת LAVAZZA PASSI,גרמים,120.00,100 גרם,false,,29.90,24.9167,true,1,344720
8000070003880,false,קפסולת LAVAZZA CREMA,,,קפסולת LAVAZZA CREMA,גרמים,120.00,100 גרם,false,,29.90,24.9167,true,1,344722
8000070010680,false,לוואצ'ה קפסולות קפה,,,לוואצ'ה קפסולות קפה,גרמים,50.00,100 גרם,false,,17.90,35.8000,true,1,220642
8000070064553,false,קפסולת LAVAZZA ROSSA,,,קפסולת LAVAZZA ROSSA,גרמים,120.00,100 גרם,false,,29.90,24.9167,true,1,344724
8000070064577,false,קפסולת LAVAZZA ORO ר,,,קפסולת LAVAZZA ORO ר,גרמים,120.00,100 גרם,false,,29.90,24.9167,true,1,344725
8000070081000,false,לוואצ'ה קפסולות קפה,,,לוואצ'ה קפסולות קפה,גרמים,50.00,100 גרם,false,,17.90,35.8000,true,1,42081
8000070081017,false,לוואצ'ה קפסולות קפה,,,לוואצ'ה קפסולות קפה,גרמים,50.00,100 גרם,false,,17.90,35.8000,true,1,42082
8000215204240,false,משקה שקדים ואורז אור,,,משקה שקדים ואורז אור,ליטרים,1.00,ליטר,false,,13.90,13.9000,true,1,106275
8000215204561,false,משקה שקדים 1 ליטר,,,משקה שקדים 1 ליטר,ליטרים,1.00,ליטר,false,,15.90,15.9000,true,1,106276
8000215204677,false,משקה שיבולת שועל אור,,,משקה שיבולת שועל אור,ליטרים,1.00,ליטר,false,,13.90,13.9000,true,1,253582
8000380004676,false,לואקר וופל קרם וניל,,,לואקר וופל קרם וניל,גרמים,200.00,100 גרם,false,,13.90,6.9500,true,1,12844
8000380004911,false,וופל קואדרטיני אגוז,,,וופל קואדרטיני אגוז,גרמים,250.00,100 גרם,false,,14.90,5.9600,true,1,12846
8000380004966,false,וופל קואדרטיני קקאו,,,וופל קואדרטיני קקאו,גרמים,250.00,100 גרם,false,,14.90,5.9600,true,1,12849
8000380007219,false,וופל לואקר אגוז 175,,,וופל לואקר אגוז 175,גרמים,175.00,100 גרם,false,,12.90,7.3714,true,1,12855
8000380007257,false,.וופל מצופה שוקולד ג,,,.וופל מצופה שוקולד ג,גרמים,200.00,100 גרם,false,,14.90,7.4500,true,1,12857
8000380106028,false,1/6 טורטינה אורגינל,,,1/6 טורטינה אורגינל,גרמים,125.00,100 גרם,false,,17.90,14.3200,true,1,12861
8000380142484,false,וופל קואדרטיני שוקול,,,וופל קואדרטיני שוקול,גרמים,250.00,100 גרם,false,,14.90,5.9600,true,1,12862
8000380144044,false,וופל גרדנה שוקולד 20,,,וופל גרדנה שוקולד 20,גרמים,200.00,100 גרם,false,,14.90,7.4500,true,1,12864
8000380180721,false,וופל לואקר קלאסיק שו,,,וופל לואקר קלאסיק שו,גרמים,175.00,100 גרם,false,,12.90,7.3714,true,1,12887
8000380180745,false,וופל קואדרטיני לואקר,,,וופל קואדרטיני לואקר,גרמים,250.00,100 גרם,false,,14.90,5.9600,true,1,12888
8000380206896,false,לואקר גרדנה חמאת בוט,,,לואקר גרדנה חמאת בוט,גרמים,200.00,100 גרם,false,,14.90,7.4500,true,1,316529
8000500023624,false,הפי היפו 5*20ג,,,הפי היפו 5*20ג,גרמים,102.00,100 גרם,false,,13.90,13.6275,true,1,41461
8000500026731,false,קינדר ביצי שוקולד 3*,,,קינדר ביצי שוקולד 3*,גרמים,60.00,100 גרם,false,,16.00,26.6667,true,1,41463
8000500029350,false,קינדר בואנו 3*43 גרם,,,קינדר בואנו 3*43 גרם,גרמים,129.00,100 גרם,false,,10.50,8.1395,true,1,41464
8000500037874,false,בונבוניירת רושר 200ג,,,בונבוניירת רושר 200ג,גרמים,200.00,100 גרם,false,,27.90,13.9500,true,1,41467
8000500071083,false,קינדר אצבעות שוקולד,,,קינדר אצבעות שוקולד,גרמים,200.00,100 גרם,false,,12.90,6.4500,true,1,41469
8000500075708,false,קינדר גוי 1/3 כחול 3,,,קינדר גוי 1/3 כחול 3,גרמים,60.00,100 גרם,false,,14.90,24.8333,true,1,41470
8000500121436,false,קינדר בואנו לבן 3*43,,,קינדר בואנו לבן 3*43,גרמים,117.00,100 גרם,false,,10.50,8.9744,true,1,41473
8000500126325,false,קינדר גוי 1/3 ורוד 3,,,קינדר גוי 1/3 ורוד 3,גרמים,60.00,100 גרם,false,,14.90,24.8333,true,1,41474
8000500172810,false,טיק טק תות שדה 4*16ג,,,טיק טק תות שדה 4*16ג,גרמים,64.00,100 גרם,false,,10.90,17.0313,true,1,41481
8000500227848,false,'וופל מלוח במילוי ממ,,,'וופל מלוח במילוי ממ,גרמים,132.00,100 גרם,false,,11.90,9.0152,true,1,41488
8000500249352,false,קינדר בואנו מיני מיק,,,קינדר בואנו מיני מיק,יחידה,0.00,יחידה,false,,19.90,0.0000,true,1,41496
8000500256213,false,פרר-קינדר שוקולד מינ,,,פרר-קינדר שוקולד מינ,גרמים,120.00,100 גרם,false,,10.90,9.0833,true,1,41498
8000500267103,false,פררו-קינדר דליס עשיר,,,פררו-קינדר דליס עשיר,יחידה,0.00,יחידה,false,,21.90,0.0000,true,1,41502
8000500269169,false,קינדר קארדס 128 גרם,,,קינדר קארדס 128 גרם,גרמים,128.00,100 גרם,false,,12.90,10.0781,true,1,113054
8000500386941,false,ממרח קקאו עם אגוזי ל,,,ממרח קקאו עם אגוזי ל,גרמים,900.00,100 גרם,false,,33.90,3.7667,true,1,291353
8000798000925,false,מטאטא יהלום,,,מטאטא יהלום,יחידה,0.00,יחידה,false,,12.90,0.0000,true,1,13598
8001090066046,false,תחבושות דיסקריט לילה,,,תחבושות דיסקריט לילה,יח',6.00,יח',false,,18.90,3.1500,true,1,27397
8001090375230,false,פנטן מרכך מרוכז 200,,,פנטן מרכך מרוכז 200,מיליליטרים,200.00,"100 מ""ל",false,,23.90,11.9500,true,1,27414
8001090375285,false,פנטן מרכך מרוכז 200,,,פנטן מרכך מרוכז 200,מיליליטרים,200.00,"100 מ""ל",false,,23.90,11.9500,true,1,27415
8001090802385,false,טייד קפסולות ג'ל בני,,,טייד קפסולות ג'ל בני,יחידה,0.00,יחידה,false,,32.90,0.0000,true,1,27461
8001090832450,false,שמפו הנוסחה הקלאסית,,,שמפו הנוסחה הקלאסית,מיליליטרים,660.00,"100 מ""ל",false,,22.90,3.4697,true,1,68145
8001090833136,false,אריאל ג'ל כביסה בייב,,,אריאל ג'ל כביסה בייב,ליטרים,2.26,ליטר,false,,34.90,15.4425,true,1,27472
8001090833198,false,אריאל ג'ל כביסה ניחו,,,אריאל ג'ל כביסה ניחו,ליטרים,2.37,ליטר,false,,34.90,14.7257,true,1,27474
8001090899224,false,תחבושות פלטינום לונג,,,תחבושות פלטינום לונג,יחידה,0.00,יחידה,false,,23.90,0.0000,true,1,27486
8001090899255,false,תחבושות פלטינום לילה,,,תחבושות פלטינום לילה,יחידה,0.00,יחידה,false,,23.90,0.0000,true,1,27487
8001160001892,false,גטורייד ספורט תפוז א,,,גטורייד ספורט תפוז א,מיליליטרים,500.00,"100 מ""ל",false,,10.40,2.0800,true,1,39426
8001505000306,false,מעדן פירות יער אורגנ,,,מעדן פירות יער אורגנ,גרמים,250.00,100 גרם,false,,18.90,7.5600,true,1,106291
8001505000320,false,מעדן תותים ותותי בר,,,מעדן תותים ותותי בר,גרמים,250.00,100 גרם,false,,18.90,7.5600,true,1,106292
8001620011935,false,סאן בנדטו מוגז 6*500,,,סאן בנדטו מוגז 6*500,ליטרים,3.00,ליטר,false,,13.90,4.6333,true,1,9558
8001620015612,false,סן בנדטו בטעם גזר תפ,,,סן בנדטו בטעם גזר תפ,מיליליטרים,400.00,"100 מ""ל",false,,7.50,1.8750,true,1,136917
8001620015629,false,משקה פירות פרוטה בטע,,,משקה פירות פרוטה בטע,מיליליטרים,400.00,"100 מ""ל",false,,7.50,1.8750,true,1,226317
8001841105093,false,חיתולי פמפרס פרימיום,,,חיתולי פמפרס פרימיום,יחידה,0.00,יחידה,false,,35.90,0.0000,true,1,27508
8001841400662,false,טייד אבקת כביסה קולו,,,טייד אבקת כביסה קולו,קילוגרמים,10.00,"ק""ג",false,,62.90,6.2900,true,1,27516
8001841625287,false,פיירי נוזל כלים פלטי,,,פיירי נוזל כלים פלטי,ליטרים,1.01,ליטר,false,,18.90,18.7129,true,1,72348
8001841625461,false,פיירי נוזל כלים פלטי,,,פיירי נוזל כלים פלטי,מיליליטרים,515.00,"100 מ""ל",false,,10.90,2.1165,true,1,72335
8001841625508,false,פיירי נוזל כלים פלטי,,,פיירי נוזל כלים פלטי,ליטרים,1.01,ליטר,false,,18.90,18.7129,true,1,72349
8001841663654,false,פיירי נוזל כלים 650,,,פיירי נוזל כלים 650,מיליליטרים,650.00,"100 מ""ל",false,,10.90,1.6769,true,1,336601
8001841663692,false,פיירי נוזל כלים  לימ,,,פיירי נוזל כלים  לימ,מיליליטרים,900.00,"100 מ""ל",false,,12.90,1.4333,true,1,315771
8001841669465,false,אריאל קפסולות 24 יחי,,,אריאל קפסולות 24 יחי,גרמים,646.00,100 גרם,false,,34.90,5.4025,true,1,221457
8001841716435,false,ג'ל רחצה ושמפו לעור,,,ג'ל רחצה ושמפו לעור,מיליליטרים,360.00,"100 מ""ל",false,,18.90,5.2500,true,1,209292
8001841941929,false,אולוויז וליו פק לילה,,,אולוויז וליו פק לילה,יחידה,0.00,יחידה,false,,23.90,0.0000,true,1,267506
8001943549122,false,צ`וקטה מטבעות שוקולד,,,צ`וקטה מטבעות שוקולד,גרמים,40.00,100 גרם,false,,4.90,12.2500,true,1,42100
8002200145682,false,קפסולות קפה קימבו אי,,,קפסולות קפה קימבו אי,יחידה,0.00,יחידה,false,,18.90,0.0000,true,1,127365
8002450206003,false,ורדי ספרקלטיני רימון,,,ורדי ספרקלטיני רימון,מיליליטרים,750.00,"100 מ""ל",false,,31.90,4.2533,true,1,7387
8003012013596,false,קפסולות ויוסה גריבלד,,,קפסולות ויוסה גריבלד,גרמים,55.00,100 גרם,false,,9.90,18.0000,true,1,236763
8003012013602,false,קפסולות אורו גריבלדי,,,קפסולות אורו גריבלדי,גרמים,55.00,100 גרם,false,,9.90,18.0000,true,1,236777
8003012013633,false,קפסולות ברזיל גריבלד,,,קפסולות ברזיל גריבלד,גרמים,55.00,100 גרם,false,,9.90,18.0000,true,1,236778
8004030177000,false,טונה בשמן זית עם צ'י,,,טונה בשמן זית עם צ'י,גרמים,240.00,100 גרם,false,,28.90,12.0417,true,1,21886
8004030344938,false,טונה בשמן זית ריו מר,,,טונה בשמן זית ריו מר,גרמים,240.00,100 גרם,false,,28.90,12.0417,true,1,21889
8004123002509,false,שמן זרעי ענבים מזוכך,,,שמן זרעי ענבים מזוכך,ליטרים,1.00,100 ליטר,false,,39.90,3990.0000,true,1,302075
8004800004826,false,ופלים במילוי קרם קוק,,,ופלים במילוי קרם קוק,גרמים,98.00,100 גרם,false,,10.90,11.1224,true,1,353691
8005110002243,false,תרכיז MUTTI עגבניות,,,תרכיז MUTTI עגבניות,גרמים,185.00,100 גרם,false,,8.90,4.8108,true,1,96358
8005110060007,false,עגבניות MUTTI מקולפו,,,עגבניות MUTTI מקולפו,גרמים,400.00,100 גרם,false,,6.90,1.7250,true,1,51689
8005110170300,false,עגבניות MUTTI מרוסקו,,,עגבניות MUTTI מרוסקו,קילוגרמים,1.20,"ק""ג",false,,17.90,14.9167,true,1,51690
8005200256587,false,נסטי אפרסק 1.5 ליטר,,,נסטי אפרסק 1.5 ליטר,ליטרים,1.50,ליטר,false,,8.90,5.9333,true,1,217565
8005200286584,false,נסטי מנגו אננס 1.5 ל,,,נסטי מנגו אננס 1.5 ל,ליטרים,1.50,ליטר,false,,8.90,5.9333,true,1,217579
8005200316588,false,נסטי דיאט אפרסק 1.5,,,נסטי דיאט אפרסק 1.5,ליטרים,1.50,ליטר,false,,11.50,7.6667,true,1,217580
8005469951452,false,ממרח אנשובי עם שמן ח,,,ממרח אנשובי עם שמן ח,גרמים,60.00,100 גרם,false,,13.90,23.1667,true,1,47863
8006540027042,false,לנור מרכך מרוכז בניח,,,לנור מרכך מרוכז בניח,מיליליטרים,900.00,"100 מ""ל",false,,16.90,1.8778,true,1,241520
8006540112823,false,לנור מרכך מרוכז בניח,,,לנור מרכך מרוכז בניח,מיליליטרים,900.00,"100 מ""ל",false,,16.90,1.8778,true,1,157540
8006540404850,false,תחבושות אולוויז דיסק,,,תחבושות אולוויז דיסק,יח',10.00,יח',false,,18.90,1.8900,true,1,343092
8006540405031,false,תחבושות אולוויז דיסק,,,תחבושות אולוויז דיסק,יח',16.00,יח',false,,18.90,1.1812,true,1,343095
8006540628737,false,שמפו הד שולדרס קלאסי,,,שמפו הד שולדרס קלאסי,מיליליטרים,350.00,"100 מ""ל",false,,16.90,4.8286,true,1,344927
8008245004861,true,ממרח אגוזי לוז עם חל,,,ממרח אגוזי לוז עם חל,גרמים,300.00,100 גרם,false,,17.90,5.9667,true,1,121033
8008660210021,false,מעדן דובדבן 300 גר`,,,מעדן דובדבן 300 גר`,גרמים,300.00,100 גרם,false,,17.90,5.9667,true,1,24852
8008857310343,false,"פסטה רג'ייה 1 ק""ג",,,"פסטה רג'ייה 1 ק""ג",קילוגרמים,1.00,"ק""ג",false,,10.90,10.9000,true,1,304731
8008912010034,false,פסטה ספגטי מספר 3 -,,,פסטה ספגטי מספר 3 -,גרמים,500.00,100 גרם,false,,8.90,1.7800,true,1,309126
8008912010072,false,פסטה לינגוויני מספר,,,פסטה לינגוויני מספר,גרמים,500.00,100 גרם,false,,8.90,1.7800,true,1,309127
8008912010423,false,פסטה פנה ריגטה מספר,,,פסטה פנה ריגטה מספר,גרמים,500.00,100 גרם,false,,8.90,1.7800,true,1,309131
8011033011279,false,"קוסקוס מרקש 1 ק""ג",,,"קוסקוס מרקש 1 ק""ג",קילוגרמים,1.00,"ק""ג",false,,11.60,11.6000,true,1,4944
8023788030610,false,שוקולד חלב  300 גרם,,,שוקולד חלב  300 גרם,גרמים,300.00,100 גרם,false,,17.90,5.9667,true,1,329740
8023788030627,false,שוקולד מריר מעולה  3,,,שוקולד מריר מעולה  3,גרמים,300.00,100 גרם,false,,17.90,5.9667,true,1,329725
8023788030634,false,שוקולד חלב עם שברי א,,,שוקולד חלב עם שברי א,גרמים,300.00,100 גרם,false,,18.90,6.3000,true,1,329741
8023788030658,false,עוגיות מלוחות בטעם ט,,,עוגיות מלוחות בטעם ט,גרמים,400.00,100 גרם,false,,12.90,3.2250,true,1,362860
8023788030665,false,עוגיות מלוחות בטעם ב,,,עוגיות מלוחות בטעם ב,גרמים,400.00,100 גרם,false,,12.90,3.2250,true,1,362861
8023788030672,false,עוגיות מלוחות בתוספת,,,עוגיות מלוחות בתוספת,גרמים,400.00,100 גרם,false,,12.90,3.2250,true,1,362862
8023788030689,false,עוגיות מלוחות בטעם ע,,,עוגיות מלוחות בטעם ע,גרמים,400.00,100 גרם,false,,12.90,3.2250,true,1,363114
8024985008037,false,נטורה נובה - סמוזי ת,,,נטורה נובה - סמוזי ת,גרמים,100.00,100 גרם,false,,5.50,5.5000,true,1,106471
8024985008044,false,נטורה נובה - סמוזי א,,,נטורה נובה - סמוזי א,גרמים,100.00,100 גרם,false,,5.50,5.5000,true,1,106472
8024985008051,false,נטורה נובה - סמוזי פ,,,נטורה נובה - סמוזי פ,גרמים,100.00,100 גרם,false,,5.50,5.5000,true,1,106473
8076800195033,false,ספגטי מס' 3 ברילה 50,,,ספגטי מס' 3 ברילה 50,גרמים,500.00,100 גרם,false,,6.90,1.3800,true,1,21898
8076800195057,false,ספגטיני מס' 5 ברילה,,,ספגטיני מס' 5 ברילה,גרמים,500.00,100 גרם,false,,6.90,1.3800,true,1,21899
8076800195132,false,ספגטי בבטה מס' 13 בר,,,ספגטי בבטה מס' 13 בר,גרמים,500.00,100 גרם,false,,6.90,1.3800,true,1,21900
8076802085738,false,פנה רגטה מס' 73 בריל,,,פנה רגטה מס' 73 בריל,גרמים,500.00,100 גרם,false,,6.90,1.3800,true,1,21904
8076802085981,false,פסטה פוזילי 98 ברילה,,,פסטה פוזילי 98 ברילה,גרמים,500.00,100 גרם,false,,6.90,1.3800,true,1,21907
8076808060654,false,פסטה פרפלה 65 ברילה,,,פסטה פרפלה 65 ברילה,גרמים,500.00,100 גרם,false,,6.90,1.3800,true,1,21909
8076808150072,false,ספגטי מס' 7 ברילה 50,,,ספגטי מס' 7 ברילה 50,גרמים,500.00,100 גרם,false,,6.90,1.3800,true,1,21911
8076809512268,false,פסטה גירנדולה מס' 34,,,פסטה גירנדולה מס' 34,גרמים,500.00,100 גרם,false,,6.90,1.3800,true,1,21913
8076809513388,false,ברילה רוטב ארביאטה 4,,,ברילה רוטב ארביאטה 4,גרמים,400.00,100 גרם,false,,16.90,4.2250,true,1,21914
8076809513395,false,ברילה רוטב פורמודרו,,,ברילה רוטב פורמודרו,גרמים,400.00,100 גרם,false,,16.90,4.2250,true,1,21915
8076809513739,false,ברילה רוטב בזיליקום,,,ברילה רוטב בזיליקום,גרמים,400.00,100 גרם,false,,16.90,4.2250,true,1,21920
8076809515399,false,ברילה אמיליאנה טליאט,,,ברילה אמיליאנה טליאט,גרמים,500.00,100 גרם,false,,18.90,3.7800,true,1,64320
8076809523561,false,ברילה רוטב פסטה טוסק,,,ברילה רוטב פסטה טוסק,גרמים,400.00,100 גרם,false,,16.90,4.2250,true,1,21925
8076809523707,false,פסטה קסטלנה ברילה 50,,,פסטה קסטלנה ברילה 50,גרמים,500.00,100 גרם,false,,14.90,2.9800,true,1,21926
8076809523738,false,לזניה ברילה 500 גרם,,,לזניה ברילה 500 גרם,גרמים,500.00,100 גרם,false,,23.90,4.7800,true,1,21928
8076809523769,false,פגליה אפינו ברילה 50,,,פגליה אפינו ברילה 50,גרמים,500.00,100 גרם,false,,14.90,2.9800,true,1,144710
8076809578998,false,פסטה סטלינה מס'  27,,,פסטה סטלינה מס'  27,גרמים,500.00,100 גרם,false,,6.90,1.3800,true,1,153190
8410076600622,false,חטיף קראנצי שבבי שוק,,,חטיף קראנצי שבבי שוק,גרמים,210.00,100 גרם,false,,19.90,9.4762,true,1,12917
8410076620507,false,חטיף ממולא נאט קרים,,,חטיף ממולא נאט קרים,גרמים,152.00,100 גרם,false,,19.50,12.8289,true,1,12935
8410104045111,false,"פיניש מלח למדיח 2 ק""",,,"פיניש מלח למדיח 2 ק""",קילוגרמים,2.00,"ק""ג",false,,16.90,8.4500,true,1,21098
8410376047509,false,טוסטדה ללא תוספת סוכ,,,טוסטדה ללא תוספת סוכ,גרמים,400.00,100 גרם,false,,15.60,3.9000,true,1,305716
8420708012822,false,קשקבל צאן ספרדי בשלה,,,קשקבל צאן ספרדי בשלה,גרמים,200.00,100 גרם,false,,22.90,11.4500,true,1,17225
8423207208260,false,סלים דליס ללא גלוטן,,,סלים דליס ללא גלוטן,גרמים,78.00,100 גרם,false,,11.90,15.2564,true,1,21956
8423207208871,false,פריכיות תירס בטעם טב,,,פריכיות תירס בטעם טב,גרמים,130.00,100 גרם,false,,10.90,8.3846,true,1,3703
8424842050085,false,חטיף צ'יפס דבש וחרדל,,,חטיף צ'יפס דבש וחרדל,גרמים,125.00,100 גרם,false,,13.90,11.1200,true,1,254452
8424842201340,false,חטיף צ'יפס רביו 130,,,חטיף צ'יפס רביו 130,גרמים,130.00,100 גרם,false,,13.90,10.6923,true,1,254453
8435495805168,false,אבקת כביסה תינוקלין,,,אבקת כביסה תינוקלין,קילוגרמים,1.25,"ק""ג",false,,21.90,17.5200,true,1,42109
8601670750725,false,מטריה מתקפלת בצבע שח,,,מטריה מתקפלת בצבע שח,יחידה,0.00,יחידה,false,,11.90,0.0000,true,1,231712
8683323063024,false,יוגטה חיספוסים שטיחי,,,יוגטה חיספוסים שטיחי,גרמים,220.00,100 גרם,false,,6.90,3.1364,true,1,42121
8686868600068,false,המותג אביזרי שיער,,,המותג אביזרי שיער,יחידה,0.00,יחידה,false,,8.90,0.0000,true,1,31044
8686868600075,false,המותג אביזרי שיער,,,המותג אביזרי שיער,יחידה,0.00,יחידה,false,,9.90,0.0000,true,1,31045
8686868600099,false,המותג אביזרי שיער,,,המותג אביזרי שיער,יחידה,0.00,יחידה,false,,11.90,0.0000,true,1,31046
8686868600105,false,המותג אביזרי שיער,,,המותג אביזרי שיער,יחידה,0.00,יחידה,false,,12.90,0.0000,true,1,31047
8690120060170,false,וופלים אגוזים רויאל,,,וופלים אגוזים רויאל,גרמים,35.00,100 גרם,false,,1.90,5.4286,true,1,196791
8690120559995,false,מארז וופלים רויאל קנ,,,מארז וופלים רויאל קנ,גרמים,840.00,100 גרם,false,,28.90,3.4405,true,1,188140
8690504081937,false,טינס מצופה שוקולד חל,,,טינס מצופה שוקולד חל,גרמים,150.00,100 גרם,false,,9.90,6.6000,true,1,24865
8690504153740,false,טבלת שוקולד מריר עם,,,טבלת שוקולד מריר עם,גרמים,86.00,100 גרם,false,,14.90,17.3256,true,1,24867
8690526009278,false,חטיף קרמל מצופה שוקו,,,חטיף קרמל מצופה שוקו,יחידה,0.00,יחידה,false,,9.90,0.0000,true,1,105404
8690526009353,false,מיני חטיף בוטנים נוג,,,מיני חטיף בוטנים נוג,גרמים,140.00,100 גרם,false,,9.90,7.0714,true,1,105305
8690526019147,false,וופל קקאו במילוי קרם,,,וופל קקאו במילוי קרם,יחידה,0.00,יחידה,false,,7.90,0.0000,true,1,70808
8690637506956,false,שמפו למניעת קשקשים ד,,,שמפו למניעת קשקשים ד,מיליליטרים,600.00,"100 מ""ל",false,,19.90,3.3167,true,1,334398
8690637704277,false,שמפו יום יומי 2ב1 דא,,,שמפו יום יומי 2ב1 דא,מיליליטרים,600.00,"100 מ""ל",false,,19.90,3.3167,true,1,10934
8690637704376,false,שמפו יום יומי דאב 60,,,שמפו יום יומי דאב 60,מיליליטרים,600.00,"100 מ""ל",false,,19.90,3.3167,true,1,10936
8690637842399,false,מיני מגנום דאבל  פרי,,,מיני מגנום דאבל  פרי,גרמים,329.00,100 גרם,false,,33.90,10.3040,true,1,4422
8690637946301,false,בדין אקסטרה בייבי  כ,,,בדין אקסטרה בייבי  כ,מיליליטרים,960.00,"100 מ""ל",false,,15.90,1.6563,true,1,55622
8690637946318,false,בדין אקסטרא בייבי  צ,,,בדין אקסטרא בייבי  צ,מיליליטרים,960.00,"100 מ""ל",false,,15.90,1.6563,true,1,55639
8690637994029,false,בדין אקסטרא מכך כביס,,,בדין אקסטרא מכך כביס,ליטרים,1.44,ליטר,false,,21.90,15.2083,true,1,124890
8690637994036,false,בדין אקסטרא מרכך כבי,,,בדין אקסטרא מרכך כבי,ליטרים,1.44,ליטר,false,,21.90,15.2083,true,1,124891
8690766156367,false,גודייבה שוקולד חלב מ,,,גודייבה שוקולד חלב מ,גרמים,90.00,100 גרם,false,,14.90,16.5556,true,1,86147
8690766156374,false,גודייבה שוקולד מריר,,,גודייבה שוקולד מריר,גרמים,90.00,100 גרם,false,,14.90,16.5556,true,1,75548
8690766156381,false,גודייבה ש.מריר מעולה,,,גודייבה ש.מריר מעולה,גרמים,90.00,100 גרם,false,,14.90,16.5556,true,1,71313
8690784516662,false,דאק נוזל ג'ל לניקוי,,,דאק נוזל ג'ל לניקוי,מיליליטרים,750.00,"100 מ""ל",false,,14.90,1.9867,true,1,6110
8690784516778,false,דאק נוזל ג'ל לניקוי,,,דאק נוזל ג'ל לניקוי,מיליליטרים,750.00,"100 מ""ל",false,,14.90,1.9867,true,1,6111
8690946270074,false,פסטה ספגטי 500 גרם B,,,פסטה ספגטי 500 גרם B,גרמים,500.00,100 גרם,false,,3.90,0.7800,true,1,363144
8690946270111,false,פסטה פוזלי 500 גרם B,,,פסטה פוזלי 500 גרם B,גרמים,500.00,100 גרם,false,,3.90,0.7800,true,1,363145
8690946270241,false,פסטה קונכיות גדולות,,,פסטה קונכיות גדולות,גרמים,500.00,100 גרם,false,,3.90,0.7800,true,1,363146
8690946272207,false,פסטה פנה 500 גרם BAH,,,פסטה פנה 500 גרם BAH,גרמים,500.00,100 גרם,false,,3.90,0.7800,true,1,363147
8690946272320,false,פסטה מקרוני 500 גרם,,,פסטה מקרוני 500 גרם,גרמים,500.00,100 גרם,false,,3.90,0.7800,true,1,363148
8691058141238,false,AVEL ערמונים שלמים ק,,,AVEL ערמונים שלמים ק,גרמים,100.00,100 גרם,false,,4.90,4.9000,true,1,48905
8693495048019,false,מברשת שיניים קולגייט,,,מברשת שיניים קולגייט,יחידה,0.00,יחידה,false,,10.90,0.0000,true,1,51731
8697435181200,false,מתקן כביסה סטאר כסוף,,,מתקן כביסה סטאר כסוף,יחידה,0.00,יחידה,false,,60.90,0.0000,true,1,28789
8697530910781,false,פאל מאל רד,,,פאל מאל רד,יחידה,0.00,יחידה,false,,31.00,0.0000,false,1,4190
8697826469092,false,טורטיה  540 גרם tort,,,טורטיה  540 גרם tort,גרמים,540.00,100 גרם,false,,10.00,1.8519,true,1,4954
8698996000207,false,מגבות נייר 1/6,,,מגבות נייר 1/6,מטרים,0.00,מטר,false,,11.90,0.0000,true,1,365993
8710502064814,false,מרבה עוגיות שוקוציפס,,,מרבה עוגיות שוקוציפס,גרמים,175.00,100 גרם,false,,7.90,4.5143,true,1,21985
8710502100864,false,מרבה פטיסרי דאבל שוק,,,מרבה פטיסרי דאבל שוק,גרמים,200.00,100 גרם,false,,11.50,5.7500,true,1,331794
8710502139017,false,מרבה עוגיות טריפל שו,,,מרבה עוגיות טריפל שו,גרמים,180.00,100 גרם,false,,7.90,4.3889,true,1,21986
8710502279010,false,מרבה עוגיות שוקולד צ,,,מרבה עוגיות שוקולד צ,גרמים,175.00,100 גרם,false,,7.90,4.5143,true,1,126844
8710502470028,false,מרבה עוגיות נוגטלי 1,,,מרבה עוגיות נוגטלי 1,גרמים,160.00,100 גרם,false,,7.90,4.9375,true,1,21994
8710800961310,false,מנטוס 1/4 תות,,,מנטוס 1/4 תות,גרמים,150.00,100 גרם,false,,11.30,7.5333,true,1,12943
8711700665834,false,סבון מוצק מלפפונים ד,,,סבון מוצק מלפפונים ד,גרמים,600.00,100 גרם,false,,24.90,4.1500,true,1,11050
8712000051099,false,הייניקן בירה 0% בק',,,הייניקן בירה 0% בק',ליטרים,1.98,ליטר,false,,33.90,17.1212,true,1,9582
8712400802512,false,נוטרילון שלב 2- 800,,,נוטרילון שלב 2- 800,גרמים,800.00,100 גרם,false,,69.90,8.7375,true,1,5209
8714599410530,false,גייקובס קפה נמס 200ג,,,גייקובס קפה נמס 200ג,גרמים,200.00,100 גרם,false,,21.90,10.9500,true,1,5191
8714599513781,false,קפה ג'יקובס גולד 200,,,קפה ג'יקובס גולד 200,גרמים,200.00,100 גרם,false,,30.90,15.4500,true,1,5195
8714599513866,false,קפה ג'יקובס קרונונג,,,קפה ג'יקובס קרונונג,גרמים,200.00,100 גרם,false,,29.90,14.9500,true,1,5198
8714789450315,false,פלמוליב שקוף לימון 1,,,פלמוליב שקוף לימון 1,ליטרים,1.50,ליטר,false,,16.90,11.2667,true,1,22013
8714789831275,false,קולגייט מברשת שיניים,,,קולגייט מברשת שיניים,יחידה,0.00,יחידה,false,,30.90,0.0000,true,1,22030
8714789834467,false,פלמוליב נוזל כלים 1.,,,פלמוליב נוזל כלים 1.,ליטרים,1.50,ליטר,false,,16.90,11.2667,true,1,22031
8715700110141,false,מיונז היינץ אמיתי צנ,,,מיונז היינץ אמיתי צנ,גרמים,460.00,100 גרם,false,,12.90,2.8043,true,1,5403
8715700110158,false,מיונז היינץ לייט צנצ,,,מיונז היינץ לייט צנצ,גרמים,490.00,100 גרם,false,,12.90,2.6327,true,1,5404
8715700419732,false,היינץ קטשופ 700 גרם,,,היינץ קטשופ 700 גרם,גרמים,700.00,100 גרם,false,,14.90,2.1286,true,1,5411
8715700422381,false,מיונז היינץ אמיתי צנ,,,מיונז היינץ אמיתי צנ,גרמים,420.00,100 גרם,false,,12.90,3.0714,true,1,5416
8715700423906,false,מתבל עגבניות היינץ 2,,,מתבל עגבניות היינץ 2,גרמים,555.00,100 גרם,false,,11.90,2.1441,true,1,5419
8717163647226,false,ספריי גוף בלאק אקס 1,,,ספריי גוף בלאק אקס 1,מיליליטרים,150.00,"100 מ""ל",false,,15.90,10.6000,true,1,11094
8717163647233,false,ספריי גוף בלאק נייט,,,ספריי גוף בלאק נייט,מיליליטרים,150.00,"100 מ""ל",false,,15.90,10.6000,true,1,11095
8717163647240,false,ספריי גוף שוקולד אקס,,,ספריי גוף שוקולד אקס,מיליליטרים,150.00,"100 מ""ל",false,,15.90,10.6000,true,1,11096
8718114047249,false,סבון מוצק דאב 6*100,,,סבון מוצק דאב 6*100,גרמים,600.00,100 גרם,false,,24.90,4.1500,true,1,11112
8718114734484,false,מיונז מיילי 320 גרם,,,מיונז מיילי 320 גרם,גרמים,320.00,100 גרם,false,,17.90,5.5937,true,1,17245
8718692610828,false,שלישיית בקבוקים 1 ל`,,,שלישיית בקבוקים 1 ל`,ליטרים,1.00,ליטר,false,,59.90,59.9000,true,1,17536
8718951175600,false,קולגייט משחת שיניים,,,קולגייט משחת שיניים,מיליליטרים,75.00,"100 מ""ל",false,,14.90,19.8667,true,1,105849
8718951190191,false,אג'קס טריגר בוסט לימ,,,אג'קס טריגר בוסט לימ,מיליליטרים,500.00,"100 מ""ל",false,,15.90,3.1800,true,1,22077
8718951236790,false,משחת שיניים קלין מינ,,,משחת שיניים קלין מינ,מיליליטרים,100.00,"100 מ""ל",false,,18.90,18.9000,true,1,22081
8718951236806,false,מש.שיניים להלבנה קול,,,מש.שיניים להלבנה קול,מיליליטרים,100.00,"100 מ""ל",false,,18.90,18.9000,true,1,22082
8718951240742,false,מש.שיניים פסים מרעננ,,,מש.שיניים פסים מרעננ,גרמים,128.00,100 גרם,false,,18.90,14.7656,true,1,22084
8718951315303,false,משחת שיניים קולגייט,,,משחת שיניים קולגייט,מיליליטרים,200.00,"100 מ""ל",false,,20.90,10.4500,true,1,82522
8718951461413,false,משחת שיניים קולגייט,,,משחת שיניים קולגייט,מיליליטרים,200.00,"100 מ""ל",false,,32.90,16.4500,true,1,271849
8718951461444,false,משחת שיניים קולגייט,,,משחת שיניים קולגייט,מיליליטרים,200.00,"100 מ""ל",false,,32.90,16.4500,true,1,271863
8719128117294,false,סירופ  Free סבן אפ ס,,,סירופ  Free סבן אפ ס,מיליליטרים,440.00,"100 מ""ל",false,,22.90,5.2045,true,1,148966
8719200998001,false,בלו בנד ללא מלח 200,,,בלו בנד ללא מלח 200,גרמים,200.00,100 גרם,false,,4.90,2.4500,true,1,11116
8719200998018,false,מחמאה מרגרינה בטעם ח,,,מחמאה מרגרינה בטעם ח,גרמים,200.00,100 גרם,false,,5.50,2.7500,true,1,11117
8801055709441,false,נסקפה טייסטרס צ'ויס,,,נסקפה טייסטרס צ'ויס,גרמים,100.00,100 גרם,false,,25.90,25.9000,true,1,218668
8850206250592,false,רוטב צ'ילי סיראצ'ה מ,,,רוטב צ'ילי סיראצ'ה מ,גרמים,540.00,100 גרם,false,,19.90,3.6852,true,1,283735
8850367992164,false,קרם קוקוס ללא גלוטן,,,קרם קוקוס ללא גלוטן,גרמים,250.00,100 גרם,false,,7.90,3.1600,true,1,47546
8850367994021,false,רוטב צ'ילי מתוק ללא,,,רוטב צ'ילי מתוק ללא,מיליליטרים,280.00,"100 מ""ל",false,,10.90,3.8929,true,1,342160
8850367994779,false,מחית קארי ירוקה מזרח,,,מחית קארי ירוקה מזרח,גרמים,50.00,100 גרם,false,,5.90,11.8000,true,1,341641
8850367994786,false,מחית קארי אדומה מזרח,,,מחית קארי אדומה מזרח,גרמים,50.00,100 גרם,false,,5.90,11.8000,true,1,341642
8850389103128,false,סאפה משקה אלוורה תפו,,,סאפה משקה אלוורה תפו,מיליליטרים,300.00,"100 מ""ל",false,,7.90,2.6333,true,1,39431
8850389103159,false,ליצי' משקה עם חתיכות,,,ליצי' משקה עם חתיכות,מיליליטרים,320.00,"100 מ""ל",false,,7.90,2.4687,true,1,268070
8850389105832,false,סאפה משקה אלוורה תפו,,,סאפה משקה אלוורה תפו,ליטרים,1.00,ליטר,false,,13.90,13.9000,true,1,39435
8850389105849,false,סאפה משקה אלוורה אפר,,,סאפה משקה אלוורה אפר,ליטרים,1.00,ליטר,false,,13.90,13.9000,true,1,39436
8850389111352,false,מלון משקה עם חתיכות,,,מלון משקה עם חתיכות,מיליליטרים,320.00,"100 מ""ל",false,,7.90,2.4687,true,1,268071
8850632604266,false,יוגטה חיספוסים מקלות,,,יוגטה חיספוסים מקלות,גרמים,50.00,100 גרם,false,,4.90,9.8000,true,1,42170
8850632604372,false,יוגטה ממתק תות שדה ב,,,יוגטה ממתק תות שדה ב,גרמים,50.00,100 גרם,false,,4.90,9.8000,true,1,42171
8850632604402,false,יוגטה ממתק תות ענבים,,,יוגטה ממתק תות ענבים,גרמים,50.00,100 גרם,false,,4.90,9.8000,true,1,42172
8851613101378,false,משקה קוקוס ארוי-די,,,משקה קוקוס ארוי-די,מיליליטרים,250.00,"100 מ""ל",false,,10.90,4.3600,true,1,3743
8858271002870,false,רוטב פאד תאי MAXCHUP,,,רוטב פאד תאי MAXCHUP,מיליליטרים,250.00,"100 מ""ל",false,,10.90,4.3600,true,1,47559
8858271003075,false,רוטב סויה מתוק MAXCH,,,רוטב סויה מתוק MAXCH,מיליליטרים,700.00,"100 מ""ל",false,,16.90,2.4143,true,1,342059
8858271004126,false,רוטב חמוץ מתוק MAXCH,,,רוטב חמוץ מתוק MAXCH,מיליליטרים,700.00,"100 מ""ל",false,,15.90,2.2714,true,1,47569
8858271004300,false,רוטב טריאקי MAXCHUP,,,רוטב טריאקי MAXCHUP,מיליליטרים,700.00,"100 מ""ל",false,,11.90,1.7000,true,1,47570
8858271005772,false,רוטב סויה ללא גלוטן,,,רוטב סויה ללא גלוטן,מיליליטרים,300.00,"100 מ""ל",false,,16.90,5.6333,true,1,283721
8888021200256,false,AAאנרג'ייזר סוללות מ,,,AAאנרג'ייזר סוללות מ,יחידה,0.00,יחידה,false,,29.90,0.0000,true,1,6135
8888021200720,false,AAAאנרג'ייזר סוללות,,,AAAאנרג'ייזר סוללות,יחידה,0.00,יחידה,false,,29.90,0.0000,true,1,6136
8901537024014,false,וילי פוד אורז בסמטי,,,וילי פוד אורז בסמטי,גרמים,1000.00,100 גרם,false,,14.90,1.4900,true,1,3313
8934868127130,false,נוזל כלים סאן בניחוח,,,נוזל כלים סאן בניחוח,מיליליטרים,750.00,"100 מ""ל",false,,9.90,1.3200,true,1,148937
8934878081811,false,דפים על בסיס קמח טפי,,,דפים על בסיס קמח טפי,גרמים,400.00,100 גרם,false,,11.90,2.9750,true,1,47576
9000101537581,false,פרסיל פאוור קאפס קפס,,,פרסיל פאוור קאפס קפס,יחידה,0.00,יחידה,false,,67.90,0.0000,true,1,299135
9001616620065,false,זוג מוצצים סיליקון 6,,,זוג מוצצים סיליקון 6,יח',2.00,יח',false,,35.00,17.5000,true,1,108397
9002975393843,false,סוכריות גומי בטעמי פ,,,סוכריות גומי בטעמי פ,גרמים,70.00,100 גרם,false,,7.90,11.2857,true,1,147487
9002975393850,false,סוכריות גומי בטעמי פ,,,סוכריות גומי בטעמי פ,גרמים,70.00,100 גרם,false,,7.90,11.2857,true,1,147488
9005835313609,false,טבליות למדיח כלים 15,,,טבליות למדיח כלים 15,גרמים,350.00,100 גרם,false,,14.90,4.2571,true,1,267278
9044400841000,false,פז דמויות מתחלפות 25,,,פז דמויות מתחלפות 25,גרמים,25.50,100 גרם,false,,11.90,46.6667,true,1,43091
9310072028743,false,טים טם אוריגינל 200,,,טים טם אוריגינל 200,גרמים,200.00,100 גרם,false,,20.90,10.4500,true,1,13873
9310072028750,false,טים טם קרם דאבל 200,,,טים טם קרם דאבל 200,גרמים,200.00,100 גרם,false,,20.90,10.4500,true,1,13874
9322969000015,false,פריכיות תירס בטעם או,,,פריכיות תירס בטעם או,גרמים,150.00,100 גרם,false,,13.90,9.2667,true,1,6141
9720188060108,false,טופוטי ממרח טופו בטע,,,טופוטי ממרח טופו בטע,גרמים,340.00,100 גרם,false,,22.70,6.6765,true,1,6758
9771565038333,false,ידיעות אחרונות יום ג,,,ידיעות אחרונות יום ג,יחידה,0.00,יחידה,false,,0.50,0.0000,true,1,9993
9771565038340,false,ידיעות אחרונות יום ד,,,ידיעות אחרונות יום ד,יחידה,0.00,יחידה,false,,0.50,0.0000,true,1,9994
9771565051066,false,ידיעות אחרונות יום ו,,,ידיעות אחרונות יום ו,יחידה,0.00,יחידה,false,,12.00,0.0000,true,1,10007
