code,internal_code,name,manufacturer_name,manufacture_country,manufacturer_item_description,unit_qty,quantity,unit_of_measure,weighted,qty_in_package,price,unit_of_measure_price,allow_discount,status,item_id
2,true,"עמלת החזרת צ ק 14ש""ח",שונות /שרות,,,"י""ח",1,,false,1,14,14,false,1,
4,true,משלוח מוסדות,שונות /שרות,,,"י""ח",1,,false,1,23,23,false,1,
7,true,תוספת למשלוח בקלקר,שונות /שרות,,,"100 ס""מ",1,,false,1,10,10,false,1,
39,true,ב 39 תו קניה,שונות /שרות,,,"י""ח",1,,false,1,10,10,false,1,
82,true,דג אדום מובחר,ב ספק דגים קפואים,,,"ק""ג",1,,true,1,37.95,37.95,false,1,
103,true,ביצים 12 יח-מס 3,תנובה ביצים,,,"י""ח",1,,false,1,9.65,9.65,false,1,
151,true,עוף טחון טרי {קצביה]**,ח.י. מעדני גורמה בעמ,,,"ק""ג",1,,true,1,49.90,49.90,true,1,
305,true,אגוז מלך בקליפה,ח.כהן סוכנות מזון ומשקאות בע,,,"י""ח",1,,true,1,17.30,17.30,false,1,
443,true,כרטיס להופעה של בני ברדא,שונות /שרות,,,"י""ח",1,,false,1,60,60,false,1,
461,true,"בד""ץ יורה דעה שפע נעמן",שלמה א.אנג ל בעמ,,,,1,,false,1,11.90,11.90,false,1,
465,true,זוג קליה 1 ליטר,ח.כהן סוכנות מזון ומשקאות בע,,,"י""ח",1,,false,1,15.30,15.30,false,1,
504,true,אנונה,ביכורי השדה צפון 1994 ג.ד. בעמ,,,"ק""ג",1,,true,1,24.90,24.90,false,1,
505,true,אבוקדו,ביכורי השדה צפון 1994 ג.ד. בעמ,,,"ק""ג",1,"ק""ג",true,1,9.90,9.90,false,1,
506,true,אבטיח,ביכורי השדה צפון 1994 ג.ד. בעמ,,,"ק""ג",1,"ק""ג",true,1,5.90,5.90,false,1,
510,true,אגסים,ביכורי השדה צפון 1994 ג.ד. בעמ,,,"ק""ג",1,"ק""ג",true,1,12.90,12.90,false,1,
512,true,אגס חום,ביכורי השדה צפון 1994 ג.ד. בעמ,,,"ק""ג",1,,true,1,12.90,12.90,false,1,
515,true,אפרסמון,ביכורי השדה צפון 1994 ג.ד. בעמ,,,"ק""ג",1,"ק""ג",true,1,11.90,11.90,false,1,
522,true,אננס.,ביכורי השדה צפון 1994 ג.ד. בעמ,,,"י""ח",1,,false,1,29.90,29.90,false,1,
523,true,אשכולית אדומה,ביכורי השדה צפון 1994 ג.ד. בעמ,,,"ק""ג",1,"ק""ג",true,1,6.90,6.90,false,1,
525,true,אשכולית,ביכורי השדה צפון 1994 ג.ד. בעמ,,,"ק""ג",1,"ק""ג",true,1,5.90,5.90,false,1,
526,true,כרובית סגול/ירוק/צהוב,ביכורי השדה צפון 1994 ג.ד. בעמ,,,"ק""ג",1,,true,1,5.90,5.90,false,1,
530,true,בננה.,ביכורי השדה צפון 1994 ג.ד. בעמ,,,"ק""ג",1,"ק""ג",true,1,6.90,6.90,false,1,
535,true,לימון,ביכורי השדה צפון 1994 ג.ד. בעמ,,,"ק""ג",1,"ק""ג",true,1,6.90,6.90,false,1,
536,true,פמלה,ביכורי השדה צפון 1994 ג.ד. בעמ,,,"ק""ג",1,"ק""ג",true,1,6.90,6.90,false,1,
540,true,מלון,ביכורי השדה צפון 1994 ג.ד. בעמ,,,"ק""ג",1,"ק""ג",true,1,6.90,6.90,false,1,
543,true,מנגו,ביכורי השדה צפון 1994 ג.ד. בעמ,,,"ק""ג",1,"ק""ג",true,1,5.90,5.90,false,1,
544,true,משמש,ביכורי השדה צפון 1994 ג.ד. בעמ,,,"ק""ג",1,"ק""ג",true,1,15.90,15.90,false,1,
553,true,ענב אדום,ביכורי השדה צפון 1994 ג.ד. בעמ,,,"ק""ג",1,"ק""ג",true,1,16.90,16.90,false,1,
554,true,ענבים לבן .,ביכורי השדה צפון 1994 ג.ד. בעמ,,,"ק""ג",1,"ק""ג",true,1,25.90,25.90,false,1,
557,true,פמלית,ביכורי השדה צפון 1994 ג.ד. בעמ,,,"ק""ג",1,"ק""ג",true,1,9.90,9.90,false,1,
560,true,קלמנטינה,ביכורי השדה צפון 1994 ג.ד. בעמ,,,"ק""ג",1,"ק""ג",true,1,5.90,5.90,false,1,
563,true,קיווי.,ביכורי השדה צפון 1994 ג.ד. בעמ,,,"ק""ג",1,"ק""ג",true,1,14.90,14.90,false,1,
564,true,רימונים,ביכורי השדה צפון 1994 ג.ד. בעמ,,,"ק""ג",1,"ק""ג",true,1,7.90,7.90,false,1,
566,true,שזיף אדום.,ביכורי השדה צפון 1994 ג.ד. בעמ,,,"ק""ג",1,"ק""ג",true,1,18.90,18.90,false,1,
567,true,גזר בתפזורת,ביכורי השדה צפון 1994 ג.ד. בעמ,,,"ק""ג",1,,true,1,7.90,7.90,false,1,
569,true,שזיף שגיב,ביכורי השדה צפון 1994 ג.ד. בעמ,,,"ק""ג",1,,true,1,19.90,19.90,false,1,
575,true,תפוז תבורי.,ביכורי השדה צפון 1994 ג.ד. בעמ,,,"ק""ג",1,"ק""ג",true,1,5.90,5.90,false,1,
583,true,תפוח סמיט ירוק,ביכורי השדה צפון 1994 ג.ד. בעמ,,,"ק""ג",1,"ק""ג",true,1,10.90,10.90,false,1,
585,true,תפוח חרמון,ביכורי השדה צפון 1994 ג.ד. בעמ,,,"ק""ג",1,"ק""ג",true,1,10.90,10.90,false,1,
586,true,תפוז ברשת,ביכורי השדה צפון 1994 ג.ד. בעמ,,,"ק""ג",1,,true,1,4.90,4.90,false,1,
588,true,תפוח גלה,ביכורי השדה צפון 1994 ג.ד. בעמ,,,"ק""ג",1,"ק""ג",true,1,13.90,13.90,false,1,
590,true,תפוח זהוב.,ביכורי השדה צפון 1994 ג.ד. בעמ,,,"ק""ג",1,"ק""ג",true,1,10.90,10.90,false,1,
593,true,תות שדה מגש.,ביכורי השדה צפון 1994 ג.ד. בעמ,,,"י""ח",1,,false,1,14.90,14.90,false,1,
594,true,סברס,ביכורי השדה צפון 1994 ג.ד. בעמ,,,"ק""ג",1,"ק""ג",true,1,29.90,29.90,false,1,
595,true,תמר צהוב,ביכורי השדה צפון 1994 ג.ד. בעמ,,,"ק""ג",1,"ק""ג",true,1,9.90,9.90,false,1,
601,true,ארטישוק,ביכורי השדה צפון 1994 ג.ד. בעמ,,,"ק""ג",1,"ק""ג",true,1,4.90,4.90,false,1,
605,true,בצל יבש,ביכורי השדה צפון 1994 ג.ד. בעמ,,,"ק""ג",1,"ק""ג",true,1,3.90,3.90,false,1,
606,true,בצל אדום,ביכורי השדה צפון 1994 ג.ד. בעמ,,,"ק""ג",1,"ק""ג",true,1,6.90,6.90,false,1,
608,true,בצל ירוק,ביכורי השדה צפון 1994 ג.ד. בעמ,,,"י""ח",1,,false,1,5.90,5.90,false,1,
612,true,בטטה,ביכורי השדה צפון 1994 ג.ד. בעמ,,,"ק""ג",1,"ק""ג",true,1,9.90,9.90,false,1,
622,true,דלורית,ביכורי השדה צפון 1994 ג.ד. בעמ,,,"ק""ג",1,"ק""ג",true,1,5.90,5.90,false,1,
625,true,חציל,ביכורי השדה צפון 1994 ג.ד. בעמ,,,"ק""ג",1,"ק""ג",true,1,6.90,6.90,false,1,
629,true,7290113198470ירק בתפזורת,ביכורי השדה צפון 1994 ג.ד. בעמ,,,"י""ח",1,,false,1,3.90,3.90,false,1,
630,true,כרוב לבן,ביכורי השדה צפון 1994 ג.ד. בעמ,,,"ק""ג",1,"ק""ג",true,1,2.90,2.90,false,1,
633,true,כרוב אדום,ביכורי השדה צפון 1994 ג.ד. בעמ,,,"ק""ג",1,"ק""ג",true,1,4.90,4.90,false,1,
635,true,כרובית,ביכורי השדה צפון 1994 ג.ד. בעמ,,,"י""ח",1,"ק""ג",false,1,13.90,13.90,false,1,
645,true,מלפפון.,ביכורי השדה צפון 1994 ג.ד. בעמ,,,"ק""ג",1,"ק""ג",true,1,5.90,5.90,false,1,
650,true,נענע,ביכורי השדה צפון 1994 ג.ד. בעמ,,,"י""ח",1,,false,1,2.90,2.90,false,1,
657,true,סלרי,ביכורי השדה צפון 1994 ג.ד. בעמ,,,"י""ח",1,,false,1,6.90,6.90,false,1,
659,true,סלק אדום,ביכורי השדה צפון 1994 ג.ד. בעמ,,,"ק""ג",1,"ק""ג",true,1,2.90,2.90,false,1,
660,true,עגבניה.,ביכורי השדה צפון 1994 ג.ד. בעמ,,,"ק""ג",1,"ק""ג",true,1,3.90,3.90,false,1,
661,true,עגבניה שרי תפזורת,ביכורי השדה צפון 1994 ג.ד. בעמ,,,"ק""ג",1,,true,1,18.90,18.90,false,1,
663,true,פלפל חריף ירוק,ביכורי השדה צפון 1994 ג.ד. בעמ,,,"ק""ג",1,"ק""ג",true,1,9.90,9.90,false,1,
665,true,פלפל כהה,ביכורי השדה צפון 1994 ג.ד. בעמ,,,"ק""ג",1,"ק""ג",true,1,8.90,8.90,false,1,
666,true,פלפל צהוב,ביכורי השדה צפון 1994 ג.ד. בעמ,,,"ק""ג",1,"ק""ג",true,1,9.90,9.90,false,1,
667,true,גמבה אדומה,ביכורי השדה צפון 1994 ג.ד. בעמ,,,"ק""ג",1,"ק""ג",true,1,11.90,11.90,false,1,
669,true,פלפל בהיר,ביכורי השדה צפון 1994 ג.ד. בעמ,,,"ק""ג",0,"ק""ג",true,1,9.90,9.90,false,1,
675,true,פטריות יער,ביכורי השדה צפון 1994 ג.ד. בעמ,,,"י""ח",1,,false,1,12.90,12.90,false,1,
680,true,צנון,ביכורי השדה צפון 1994 ג.ד. בעמ,,,"ק""ג",1,"ק""ג",true,1,8.90,8.90,false,1,
683,true,צנונית עלים,ביכורי השדה צפון 1994 ג.ד. בעמ,,,"י""ח",1,,false,1,6.90,6.90,false,1,
685,true,קישואים.,ביכורי השדה צפון 1994 ג.ד. בעמ,,,"ק""ג",1,"ק""ג",true,1,8.90,8.90,false,1,
687,true,קולורבי,ביכורי השדה צפון 1994 ג.ד. בעמ,,,"ק""ג",1,"ק""ג",true,1,9.90,9.90,false,1,
689,true,7290016150117שום ארוז.,ביכורי השדה צפון 1994 ג.ד. בעמ,,,"י""ח",1,,false,1,8.90,8.90,true,1,
690,true,שומר,ביכורי השדה צפון 1994 ג.ד. בעמ,,,"ק""ג",1,"ק""ג",true,1,8.90,8.90,false,1,
698,true,תירס קלחים טרי ארוז.,ביכורי השדה צפון 1994 ג.ד. בעמ,,,"ק""ג",1,"ק""ג",true,1,9.90,9.90,false,1,
699,true,תפוח אדמה אדום.,ביכורי השדה צפון 1994 ג.ד. בעמ,,,"ק""ג",1,"ק""ג",true,1,3.90,3.90,false,1,
700,true,תפוח אדמה לבן ארוז,ביכורי השדה צפון 1994 ג.ד. בעמ,,,"ק""ג",1,"ק""ג",true,1,2.90,2.90,false,1,
702,true,"תפו""א לאפיה",ביכורי השדה צפון 1994 ג.ד. בעמ,,,"ק""ג",1,,true,1,2.90,2.90,false,1,
716,true,פלפל כתום,ביכורי השדה צפון 1994 ג.ד. בעמ,,,"ק""ג",1,"ק""ג",true,1,9.90,9.90,false,1,
735,true,קישוא זוקיני,ביכורי השדה צפון 1994 ג.ד. בעמ,,,"ק""ג",1,,true,1,8.90,8.90,false,1,
757,true,עגבניה שרי תמר,ביכורי השדה צפון 1994 ג.ד. בעמ,,,"ק""ג",1,,true,1,16.90,16.90,false,1,
770,true,פלפל שושקה,ביכורי השדה צפון 1994 ג.ד. בעמ,,,"ק""ג",1,,true,1,15.90,15.90,false,1,
821,true,תפוח פינק,ביכורי השדה צפון 1994 ג.ד. בעמ,,,"ק""ג",1,"ק""ג",true,1,19.90,19.90,false,1,
868,true,חצי בגט,שונות /שרות,,,"י""ח",1,,false,1,3,3,false,1,
888,true,"הד שולדרס 500מ""ל",שונות /שרות,,,"י""ח",1,,false,1,19.90,19.90,false,1,
958,true,פטיה,ביכורי השדה צפון 1994 ג.ד. בעמ,,,"ק""ג",0,"י""ח",true,1,24.90,24.90,false,1,
967,true,מלון בוכרי,ביכורי השדה צפון 1994 ג.ד. בעמ,,,"ק""ג",1,"ק""ג",true,1,6.90,6.90,false,1,
1074,true,כרוב אדום,ביכורי השדה צפון 1994 ג.ד. בעמ,,,"ק""ג",1,,true,1,4.90,4.90,false,1,
3416,true,קוקטייל עוף טרי מקוצב,ח.י. מעדני גורמה בעמ,,,"ק""ג",1,,true,1,49.90,49.90,true,1,
3992,true,חצי בגט,לפ קבוצת אלירן בעמ,,,"י""ח",1,,false,1,3,3,false,1,
4443,true,סופגניה רגילה עם ריבה.,שונות /שרות,,,"י""ח",1,,false,1,4.90,4.90,true,1,
4444,true,סופגניה פרימיום מצופות.,ג נרל מילס ישראל בעמ,,,"י""ח",1,,false,1,5.90,5.90,true,1,
5005,true,ידיעות אחרונות שבת,שונות /שרות,,,"י""ח",1,,false,1,10.50,10.50,false,1,
5545,true,ענב אדום שקיל,ביכורי השדה צפון 1994 ג.ד. בעמ,,,"ק""ג",1,,true,1,16.90,16.90,false,1,
5858,true,נוגט חלבי חלב נוכרי,השחר העולה תעשית ממתקים,,,"ק""ג",1,"ק""ג",true,1,59,59,false,1,
6590,true,סופגניה מיני.,ג נרל מילס ישראל בעמ,,,"י""ח",55,ל גרם,false,1,3.90,7.09,true,1,
7554,true,ענבים לבן שמיטה,ביכורי השדה צפון 1994 ג.ד. בעמ,,,"ק""ג",1,,true,1,25.90,25.90,false,1,
8027,true,תרומה ילדים בסיכוי,שונות /שרות,,,"י""ח",1,,false,1,10,10,false,1,
23847,true,קלאסיק ברקן שרדונה,טמפו משקאות בעמ,,,"י""ח",750,"ל מ""ל",false,1,32.90,4.35,true,1,
24202,true,רזרב קברנה סובניון ברקן,טמפו משקאות בעמ,,,"י""ח",750,"ל מ""ל",false,1,44.90,5.95,true,1,
24530,true,"יין אדום מתוק לקידוש של סגל 750מ""ל",טמפו משקאות בעמ,,,"י""ח",750,"ל מ""ל",false,1,15.90,2.08,false,1,
40974,true,חלב טרי דל לקטוז 1 ליטר,תנובה בעמ ***,,,"י""ח",1,ליטר,false,1,7.20,7.20,false,1,
41012,true,שניצל עגל טרי/מצונן**,ח.י. מעדני גורמה בעמ,,,"ק""ג",1,,true,1,79.90,79.90,false,1,
41042,true,דואט למרק **,ח.י. מעדני גורמה בעמ,,,"ק""ג",1,,true,1,16.90,16.90,true,1,
41118,true,אנטריקוט דק דק**.,ח.י. מעדני גורמה בעמ,,,"ק""ג",1,,true,1,199.90,199.90,false,1,
41212,true,סטייק פרגיות עוף טרי**,ח.י. מעדני גורמה בעמ,,,"ק""ג",1,,true,1,79.90,79.90,true,1,
41218,true,גרון עוף טרי **,ח.י. מעדני גורמה בעמ,,,"ק""ג",1,,true,1,14.90,14.90,true,1,
41229,true,הודו אדום טרי **,ח.י. מעדני גורמה בעמ,,,"ק""ג",1,,true,1,59.90,59.90,false,1,
41268,true,אסאדו עם עצם טרי**,ח.י. מעדני גורמה בעמ,,,"ק""ג",1,,true,1,79.90,79.90,true,1,
41269,true,גולש עגל טרי/מצונן**,ח.י. מעדני גורמה בעמ,,,"ק""ג",1,,true,1,79.90,79.90,true,1,
41270,true,כנפית עוף **,ח.י. מעדני גורמה בעמ,,,"ק""ג",1,,true,1,21.90,21.90,true,1,
41271,true,אנטריקוט טרי/מצונן**,ח.י. מעדני גורמה בעמ,,,"ק""ג",1,,true,1,199,199,true,1,
41324,true,רוסטביף לתנור **,ח.י. מעדני גורמה בעמ,,,קוב,1,,true,1,89.90,89.90,false,1,
41414,true,אונטריף טרי/מצונן**,ח.י. מעדני גורמה בעמ,,,"ק""ג",1,,true,1,89.90,89.90,true,1,
41447,true,פרגית עוף לתנור עם עצם טרי**,ח.י. מעדני גורמה בעמ,,,"ק""ג",1,,true,1,59.90,59.90,true,1,
41545,true,רצועות חזה עוף להקפצה /טחינה**.,ח.י. מעדני גורמה בעמ,,,"ק""ג",1,,true,1,44.90,44.90,true,1,
41659,true,אסאדו בלי עצם טרי**,ח.י. מעדני גורמה בעמ,,,"ק""ג",1,,true,1,79.90,79.90,true,1,
41680,true,דנוור סטייק טרי **.,ח.י. מעדני גורמה בעמ,,,"ק""ג",1,,true,1,118,118,false,1,
41996,true,מעורב ישראלי,ח.י. מעדני גורמה בעמ,,,"ק""ג",1,,true,1,69.90,69.90,true,1,
42209,true,טחון כתף/צלעות טרי **,ח.י. מעדני גורמה בעמ,,,"ק""ג",1,,true,1,59.90,59.90,true,1,
42265,true,צלי כתף טרי/מצונן**,ח.י. מעדני גורמה בעמ,,,"ק""ג",1,,true,1,99.90,99.90,false,1,
42266,true,פילה מדומה טרי/מצונן**,ח.י. מעדני גורמה בעמ,,,"ק""ג",1,,true,1,89.90,89.90,true,1,
42267,true,אוסובוקו טרי**,ח.י. מעדני גורמה בעמ,,,"ק""ג",1,,true,1,59.90,59.90,true,1,
42268,true,שריר טרי/מצונן**,ח.י. מעדני גורמה בעמ,,,"ק""ג",1,"ק""ג",true,1,69.90,69.90,true,1,
46006,true,עמק שקילה *,תנובה בעמ ***,,,"ק""ג",1000,ל גרם,true,1,44.79,4.48,false,1,
46501,true,טל העמק שקיל,תנובה בעמ ***,,,"ק""ג",1000,ל גרם,true,1,58,5.80,false,1,
46549,true,מוצרלה חריץ 20% מהדרין שקיל,תנובה בעמ ***,,,"ק""ג",1,"ק""ג",true,1,82,82,false,1,
46662,true,.גבינה סקנדינבית,תנובה בעמ ***,,,"ק""ג",10,"ק""ג",true,1,79,7.90,false,1,
47027,true,גבינה קצ`קבל(גלעד) חריץ תנובה שקיל,תנובה בעמ ***,,,"ק""ג",1000,ל גרם,true,1,128,12.80,false,1,
47485,true,בולגרית פיראוס %24 שקיל,תנובה בעמ ***,,,"ק""ג",1,"ק""ג",true,1,62,62,false,1,
51352,true,חלב של פעם 1 ליטר,תנובה בעמ ***,,,"י""ח",1,ליטר,false,1,7.40,7.40,false,1,
51376,true,יופלה דיאט אננס ספורטיבי 150גר`,תנובה בעמ ***,,,"י""ח",150,ל גרם,false,1,5.20,3.47,false,1,
51710,true,פיראוס לאבנה עם שמן זית וזעתר 263גר`,תנובה בעמ ***,,,"י""ח",263,ל גרם,false,1,14.30,5.44,false,1,
52311,true,עמק 15% פרוס בקופסא 200גר`,תנובה בעמ ***,,,"י""ח",200,ל גרם,false,1,16.40,8.20,true,1,
52649,true,פיראוס לאבנה 5% 500גר`,תנובה בעמ ***,,,"י""ח",500,ל גרם,false,1,21.90,4.38,false,1,
55336,true,"יופלה משקה יוגורט טעם בננה-אפרסק 250מ""",תנובה בעמ ***,,,"י""ח",250,ל גרם,false,1,6,2.40,false,1,
56760,true,"עמק פרוס בקופסא 400גר בד""ץ",תנובה בעמ ***,,,"י""ח",400,ל גרם,false,1,30.30,7.58,false,1,
56883,true,מאגדת יופלה שמיניה פירות 3%,תנובה בעמ ***,,,"י""ח",1.20,ליטר,false,1,32.30,26.92,false,1,
56890,true,מאגדת יופלה שמיניה דיאט 0%,תנובה בעמ ***,,,"י""ח",1.20,ליטר,false,1,32.30,26.92,false,1,
57088,true,עמק דק 200גר`,תנובה בעמ ***,,,"י""ח",200,ל גרם,false,1,16.40,8.20,true,1,
57118,true,עמק סמי מעדניה 400גרם,תנובה בעמ ***,,,"י""ח",400,ל גרם,false,1,23.90,5.98,false,1,
57132,true,יוגורט תנובה 1.5% 200גרם,תנובה בעמ ***,,,"י""ח",200,ל גרם,false,1,3.20,1.60,false,1,
57149,true,יוגורט תנובה 3% 200גרם,תנובה בעמ ***,,,"י""ח",200,ל גרם,false,1,3.20,1.60,false,1,
58047,true,"שמנת מתוקה (38%תנובה)עם פקק 500 מ""ל*",תנובה בעמ ***,,,"י""ח",500,"ל מ""ל",false,1,12.94,2.59,false,1,
58979,true,ג לי בטעם תות 125גר,תנובה בעמ ***,,,"י""ח",125,"ל מ""ל",false,1,1.50,1.20,false,1,
60903,true,פתיתים אפויים אורז אוסם,קבוצת אוסם סחר-שות.מוגבלת,,,"י""ח",500,ל גרם,false,1,7.80,1.56,true,1,
61214,true,פתיתים קוסקום עם בצל 500גר`,קבוצת אוסם סחר-שות.מוגבלת,,,"י""ח",500,ל גרם,false,1,7.90,1.58,true,1,
63142,true,פרגיות עוף טרי[קצביה]**מוזל,ח.י. מעדני גורמה בעמ,,,"ק""ג",1,"ק""ג",true,1,69.90,69.90,true,1,
65250,true,כנפיים עוף מוזל טרי,ח.י. מעדני גורמה בעמ,,,"ק""ג",1,,true,1,16.90,16.90,true,1,
75693,true,עוגת שמרים בריוש שוקולד,קבוצת אוסם סחר-שות.מוגבלת,,,"י""ח",360,ל גרם,false,1,18.10,5.03,false,1,
77253,true,לחמית כפרית עם דגנים מלאים 190 ג`,קבוצת אוסם סחר-שות.מוגבלת,,,"י""ח",190,ל גרם,false,1,9.90,5.21,true,1,
101132,true,לקט קטניות לחמין 800ג,תנובה בשר,,,"י""ח",800,ל גרם,false,1,24.90,3.11,true,1,
103457,true,מיני כרובית 600 גרם}סנפרוסט{,תנובה בשר,,,"י""ח",600,ל גרם,false,1,16.90,2.82,true,1,
103815,true,לקט להקפצה בסגנון תאילנ}סנפרוסט {800,תנובה בשר,,,"י""ח",800,ל גרם,false,1,24.20,3.03,true,1,
103860,true,מרק עדשים 572גרם סנפרוסט,תנובה בשר,,,"י""ח",572,ל גרם,false,1,19.90,3.48,true,1,
103877,true,מרק שעועית 644גרם סנפרוסט,תנובה בשר,,,"י""ח",644,ל גרם,false,1,19.90,3.09,true,1,
110851,true,כיפלי חטיף בצל,יוניליוור ישראל שיווק בעמ,,,"י""ח",70,ל גרם,false,1,6.50,9.29,false,1,
116884,true,רוטב ברביקיו-קנור 340גרם,יוניליוור ישראל שיווק בעמ,,,"י""ח",340,ל גרם,false,1,11.90,3.50,true,1,
116945,true,רוטב סויה-קנור 340גרם,יוניליוור ישראל שיווק בעמ,,,"י""ח",340,ל גרם,false,1,11.90,3.50,true,1,
120874,true,מיונז הלמנס לייט 424גרם,יוניליוור ישראל שיווק בעמ,,,"י""ח",424,ל גרם,false,1,13.90,3.28,false,1,
135465,true,"סודה טמפו 500 מ""ל 12 בק",טמפו משקאות בעמ,,,"י""ח",6,ליטר,false,1,29.90,4.38,true,1,
136141,true,פפסי 1.5 ליטר.,טמפו משקאות בעמ,,,"י""ח",150,"ל מ""ל",false,1,7.90,5.07,true,1,
136158,true,פפסי מקס 1.5 ליטר,טמפו משקאות בעמ,,,"י""ח",1.50,ליטר,false,1,7.50,4.80,true,1,
136165,true,מירנדה 1.5 ליטר,טמפו משקאות בעמ,,,"י""ח",1.50,ליטר,false,1,7.90,5.07,true,1,
136172,true,סבן אפ 1.5 ליטר.,טמפו משקאות בעמ,,,"י""ח",1.50,ליטר,false,1,7.90,5.07,true,1,
136189,true,7-UP דיאט 1.5 ליטר,טמפו משקאות בעמ,,,"י""ח",1.50,ליטר,false,1,7.20,4.60,true,1,
136240,true,סודה טמפו 1.5 ל,טמפו משקאות בעמ,,,"י""ח",1.50,ליטר,false,1,4.20,2.60,true,1,
136288,true,"סיידר תרכיז 330מ""ל בטעם תפוחים Juicer",טמפו משקאות בעמ,,,"י""ח",330,"ל מ""ל",false,1,13.60,4.12,true,1,
136431,true,ג אמפ אפרסק צלול 1.5 ליטר,טמפו משקאות בעמ,,,"י""ח",1.50,ליטר,false,1,7.50,4.80,true,1,
136455,true,ג אמפ אשכוליות 1.5 ליטר,טמפו משקאות בעמ,,,"י""ח",1.50,ליטר,false,1,7.50,4.80,true,1,
136523,true,ג אמפ ענבים 1.5 ליטר,טמפו משקאות בעמ,,,"י""ח",1.50,ליטר,false,1,7.50,4.80,true,1,
136561,true,ג אמפ תות בננה 1.5 ליטר,טמפו משקאות בעמ,,,"י""ח",1.50,ליטר,false,1,7.50,4.80,true,1,
136608,true,ג אמפ תפוח צלול 1.5 ליטר,טמפו משקאות בעמ,,,"י""ח",1.50,ליטר,false,1,7.50,4.80,true,1,
136790,true,סודה 1.5 ליטר שישיה טמפו,טמפו משקאות בעמ,,,"י""ח",9,ליטר,false,1,17.90,1.79,false,1,
136868,true,סאן בנדטו שישיה 1.5 ל,טמפו משקאות בעמ,,,"י""ח",9,ליטר,false,1,19.90,2.01,false,1,
136875,true,סאן בנדטו מוגז שישיה 1.5 ליטר,טמפו משקאות בעמ,,,"י""ח",9,ליטר,false,1,19.90,2.01,false,1,
158105,true,שניצל דינוזאור עוף טוב,קבוצת אוסם סחר-שות.מוגבלת,,,"י""ח",700,ל גרם,false,1,39.90,5.70,true,1,
159010,true,שניצל דובונים עוף טוב,קבוצת אוסם סחר-שות.מוגבלת,,,"י""ח",700,ל גרם,false,1,39.90,5.70,true,1,
169538,true,נמס בכוס מרק עגבניות עם קרוטונים 62 ג`ב,יוניליוור ישראל שיווק בעמ,,,"י""ח",34,ל גרם,false,1,8.50,25,true,1,
169798,true,"עוגי מופחת סוכר 500 ג בד""ץ",יוניליוור ישראל שיווק בעמ,,,"י""ח",500,ל גרם,false,1,21.90,4.38,true,1,
176420,true,111,שטראוס גרופ בעמ,,,"י""ח",200,"ל מ""ל",false,1,19.90,9.95,false,1,
187853,true,נייר טואלט לילי לבן 1/40,קימברלי קלארק ישראל שיווק בעמ,,,"י""ח",40,"י""ח",false,1,46.90,1.17,true,1,
189079,true,תבניות אינגליש קייק חזקות ועבות,קימברלי קלארק ישראל שיווק בעמ,,,"י""ח",1,,false,1,14.40,14.40,false,1,
189505,true,תבנית אפייה מקרטון אינגליש,קימברלי קלארק ישראל שיווק בעמ,,,"י""ח",1,"י""ח",false,1,13,13,false,1,
189598,true,מטליות לחות חד פעמיות ניקול,קימברלי קלארק ישראל שיווק בעמ,,,"י""ח",100,ל גרם,false,1,12.90,12.90,false,1,
192581,true,מגבות ניקול גליל כפול 6=12,קימברלי קלארק ישראל שיווק בעמ,,,"י""ח",6,"י""ח",false,1,21.90,3.65,false,1,
195216,true,נייר אפיה לתנור בשקית 50יח,קימברלי קלארק ישראל שיווק בעמ,,,"י""ח",1,"י""ח",false,1,11.90,11.90,false,1,
197425,true,האגיס פרידום דריי שלב 3,קימברלי קלארק ישראל שיווק בעמ,,,"י""ח",54,"י""ח",false,1,45.90,0.85,true,1,
197456,true,האגיס פרידום דריי שלב 4,קימברלי קלארק ישראל שיווק בעמ,,,"י""ח",44,"י""ח",false,1,45.90,1.04,true,1,
197463,true,האגיס פרידום דריי שלב 4+,קימברלי קלארק ישראל שיווק בעמ,,,"י""ח",42,"י""ח",false,1,45.90,1.09,true,1,
197678,true,18571736האגיס פרידום דריי שלב 6,קימברלי קלארק ישראל שיווק בעמ,,,"י""ח",34,"י""ח",false,1,45.90,1.35,true,1,
201849,true,טיטולים פרמיום שלב 4,קימברלי קלארק ישראל שיווק בעמ,,,"י""ח",1,"י""ח",false,1,36.90,36.90,true,1,
201856,true,טיטולים פרמיום שלב 4+,קימברלי קלארק ישראל שיווק בעמ,,,"י""ח",1,"י""ח",false,1,36.90,36.90,true,1,
208800,true,תירס קיד יכין,זנלכל בעמ,,,"י""ח",550,ל גרם,false,1,7.90,1.44,false,1,
209012,true,חומץ 1ליטר]יכין[,זנלכל בעמ,,,"י""ח",600,"ל מ""ל",false,1,7.90,1.32,true,1,
209371,true,שלשות תירס 6OZ,זנלכל בעמ,,,"י""ח",600,ל גרם,false,1,16.90,2.82,false,1,
209388,true,תירס לייט 150 ג שלישיה,זנלכל בעמ,,,"י""ח",1,,false,1,16.90,16.90,false,1,
253374,true,מיני שוקולד ציפס 250גר אופנהיימר,תה ויסוצקי (ישראל)בעמ,,,"י""ח",250,ל גרם,false,1,15.90,6.36,false,1,
275502,true,עצמות מוח,לפ פרבורגר אילן בעמ,,,"ק""ג",1,,true,1,32.90,32.90,false,1,
292007,true,K3 פיתיון גל קוטל חרקים 10ג,החב הדרומית לשיווק,,,"י""ח",10,"ל מ""ל",false,1,44.90,449,false,1,
311272,true,וופל חלבה 180 גר`מן,ח.כהן סוכנות מזון ומשקאות בע,,,"י""ח",180,ל גרם,false,1,5.30,2.94,false,1,
311869,true,וופל שוקולד ללא סוכר 180ג מן,ח.כהן סוכנות מזון ומשקאות בע,,,"י""ח",180,ל גרם,false,1,9.50,5.28,false,1,
311876,true,"וופלים וניל לל""ס 180גר מן",ח.כהן סוכנות מזון ומשקאות בע,,,"י""ח",200,ל גרם,false,1,9.50,4.75,false,1,
315140,true,"קורנפלקס מלאה 500גר בד""ץ",יוניליוור ישראל שיווק בעמ,,,"י""ח",575,ל גרם,false,1,19.90,3.46,false,1,
318189,true,פסטרמה ברביקיו על האש 300גר.,מעדני יחיעם 1993 בעמ,,,"י""ח",300,ל גרם,false,1,31.90,10.63,false,1,
364278,true,סלסולי סלמי איטלקי משובח 120גר`,תנובה בשר,,,"י""ח",120,ל גרם,false,1,17.90,14.92,false,1,
364285,true,סלסולי פסטרמה הודו 120גר`,תנובה בשר,,,"י""ח",120,ל גרם,false,1,17.90,14.92,false,1,
364292,true,סלסולי פסטרמה גחלים 120גר`,תנובה בשר,,,"י""ח",120,ל גרם,false,1,17.90,14.92,false,1,
379240,true,חלה רגילה מרובעת 500 גרם*,שלמה א.אנג ל בעמ,,,"י""ח",500,ל גרם,false,1,5.10,1.02,false,1,
379944,true,"קמח אנג ל 1ק""ג",שלמה א.אנג ל בעמ,,,"י""ח",1,מארז,false,1,5.90,5.90,false,1,
415192,true,"קובה חמו עירקי 1ק""ג",עת -רן (1996) בעמ,,,"י""ח",1,"ק""ג",false,1,52.90,52.90,false,1,
419374,true,מארז לנדוור טחון טורקי 3*100גרם,ש.שסטוביץ בעמ,,,"י""ח",200,ל גרם,false,1,19.90,9.95,false,1,
453408,true,בצק פיצה דק ומוכן לאפיה שמרית 415גר,שטראוס גרופ ***בעמ,,,"י""ח",415,ל גרם,false,1,16.90,4.07,false,1,
453415,true,בצק עלים מצונן ומוכן לאפיה שמרית 300גר,שטראוס גרופ ***בעמ,,,"י""ח",300,ל גרם,false,1,15.90,5.30,false,1,
453422,true,בצק פילו מוכן לאפיה שמרית 300גר,שטראוס גרופ ***בעמ,,,"י""ח",300,ל גרם,false,1,15.90,5.30,false,1,
453781,true,שמרים יבשים 125ג שמרית.,שטראוס גרופ בעמ,,,"י""ח",125,ל גרם,false,1,7.50,6,false,1,
453866,true,נטורינה קוקוס 200גר,שטראוס גרופ ***בעמ,,,"י""ח",200,ל גרם,false,1,7.90,3.95,false,1,
453897,true,מרגרינה בטעם חמאה 200גר,שטראוס גרופ ***בעמ,,,"י""ח",200,ל גרם,false,1,5.90,2.95,false,1,
455545,true,פלסטיק ריק *20,החברה המרכזית להפצת משקאות בעמ,,,"י""ח",1,,false,1,17.11,17.11,false,1,
462141,true,סחוג אדום חריף זהבי 150גר`,שטראוס גרופ ***בעמ,,,"י""ח",150,ל גרם,false,1,8.90,5.93,false,1,
498034,true,לחם כוסמין 100% E-FREE,י.את א. ברמן בעמ,,,"י""ח",750,ל גרם,false,1,15.90,2.12,false,1,
498416,true,חצי חלה מיוחד,י.את א. ברמן בעמ,,,"י""ח",1,,false,1,5,5,false,1,
518220,true,סוכרה דיאט 100 יח.,מתוק וקל בעמ,,,"י""ח",100,"י""ח",false,1,29.90,0.30,false,1,
518336,true,צמר גפן מתוק,מתוק וקל בעמ,,,"י""ח",25,ל גרם,false,1,4.90,19.60,true,1,
521008,true,יין סגל אדום יבש,טמפו משקאות בעמ,,,"י""ח",750,"ל מ""ל",false,1,22.90,3.01,true,1,
521015,true,יין סגל לבן,טמפו משקאות בעמ,,,"י""ח",750,"ל מ""ל",false,1,22.90,3.01,true,1,
521022,true,יין סגל לבן חצי יבש,טמפו משקאות בעמ,,,"י""ח",750,"ל מ""ל",false,1,22.90,3.01,true,1,
523804,true,"מלח עדין 1 ק""ג צנצנת הארץ",סוגת תעשיות בעמ,,,"י""ח",1,"ק""ג",false,1,7.30,7.30,false,1,
523811,true,"מלח גס 1 ק""ג צנצנת הארץ",סוגת תעשיות בעמ,,,"י""ח",1,"ק""ג",false,1,7.30,7.30,false,1,
536743,true,קריספי סטיקס תירס 500 גרם,זוגלובק שיווק בעמ,,,"י""ח",1.50,"ק""ג",false,1,17.90,11.93,true,1,
540931,true,עוגיות 400ג טעמים שונים,ציון תורגמן בעמ,,,"י""ח",400,ל גרם,false,1,12.90,3.23,false,1,
554532,true,צפתית גד מעודנת 5% במלח ים טבעי 200 ג,מחלבות גד,,,"י""ח",200,"ל מ""ל",false,1,14.90,7.45,true,1,
554815,true,גבינה מוצרלה משק}גד{,מחלבות גד,,,"ק""ג",1,,true,1,86,86,false,1,
555502,true,אריזת פקדון(חוק פקדון),שונות /שרות,,,"י""ח",1,,false,1,0.30,0.30,false,1,
555503,true,פיקדון X 6,שונות /שרות,,,"י""ח",1,,false,1,1.80,1.80,false,1,
555504,true,פיקדון X 4,שונות /שרות,,,"י""ח",1,,false,1,1.20,1.20,false,1,
555509,true,פיקדון 12X,שונות /שרות,,,"י""ח",1,,false,1,3.60,3.60,false,1,
555513,true,פיקדון *5בקבוקים,טמפו משקאות בעמ,,,"י""ח",1,,false,1,1.50,1.50,false,1,
570160,true,בטטה,תוצרת המושב בעמ,,,"י""ח",1,,false,1,9.90,9.90,false,1,
604022,true,ביצים L 12 יח*,תנובה ביצים,,,"י""ח",12,"י""ח",false,1,11.30,0.94,false,1,
630519,true,עוף טרי שלם מוכשר(קצביה)**.,ח.י. מעדני גורמה בעמ,,,"ק""ג",1,"ק""ג",true,1,21.90,21.90,false,1,
631059,true,כבד עוף טרי(קצביה) **.,ח.י. מעדני גורמה בעמ,,,"ק""ג",1,"ק""ג",true,1,29.90,29.90,true,1,
631257,true,לב עוף טרי[קצביה ]**.,ח.י. מעדני גורמה בעמ,,,"ק""ג",1,"ק""ג",true,1,34.90,34.90,false,1,
632278,true,שניצל עוף פרימיום נקי ודק דק[קצביה].,ח.י. מעדני גורמה בעמ,,,"ק""ג",1,"ק""ג",true,1,49.90,49.90,true,1,
632308,true,חזה עוף חצוי נקי טרי(קצביה )**.,ח.י. מעדני גורמה בעמ,,,"ק""ג",1,,true,1,42.80,42.80,false,1,
641751,true,חזה הודו טרי נז קצביה**,ח.י. מעדני גורמה בעמ,,,"ק""ג",1,,true,1,32.90,32.90,false,1,
642840,true,שוקיים הודו טרי**,ח.י. מעדני גורמה בעמ,,,"ק""ג",1,,true,1,29.90,29.90,false,1,
643243,true,שווארמה הודו נקבה}קצביה{**,ח.י. מעדני גורמה בעמ,,,"ק""ג",1,,true,1,74.90,74.90,false,1,
643946,true,כנף הודו טרי}קצביה{**,ח.י. מעדני גורמה בעמ,,,"ק""ג",1,,true,1,14.90,14.90,false,1,
644356,true,גרון הודו טרי(קצביה)**,ח.י. מעדני גורמה בעמ,,,"ק""ג",1,,true,1,32.90,32.90,false,1,
644783,true,דג סלמון קפוא מנות תנובה,תנובה בשר,,,"ק""ג",1,"ק""ג",true,1,89.90,89.90,false,1,
646299,true,פילה נסיכת נילוס 100% דג,תנובה בשר,,,"ק""ג",1,,true,1,54.90,54.90,false,1,
657657,true,מאפים טריים במשקל אפיה מקומית.,ג נרל מילס ישראל בעמ,,,"ק""ג",1,,true,1,44.90,44.90,true,1,
657658,true,מאפים פרימיום פילסברי,ג נרל מילס ישראל בעמ,,,"ק""ג",1,,true,1,34.90,34.90,false,1,
658926,true,פילה מרלוזה קפוא 100% דג,תנובה בשר,,,"ק""ג",1,,true,1,32.90,32.90,true,1,
662817,true,סלמון מעושן 100גר,תנובה בשר,,,"י""ח",100,ל גרם,false,1,19.90,19.90,false,1,
663135,true,קוביות סלמון קפוא 300ג,תנובה בשר,,,"י""ח",300,ל גרם,false,1,29.90,9.97,false,1,
666601,true,פיקדון 0.30.,שונות /שרות,,,"י""ח",1,"י""ח",false,1,0.30,0.30,false,1,
688374,true,מי עדן בייבי שישיה 250,יפאורה שותפות מוגבלת לשיווק,,,"י""ח",1.50,ליטר,false,1,17.40,10.40,false,1,
688381,true,מי עדן שישיה 0.5 ליטר,יפאורה שותפות מוגבלת לשיווק,,,"י""ח",3,ליטר,false,1,14.90,4.37,true,1,
688428,true,מי מינרלים בודד חצי ליטר,יפאורה שותפות מוגבלת לשיווק,,,"י""ח",500,"ל מ""ל",false,1,3,0.54,false,1,
688503,true,"מי עדן שישייה ג ים 750 מ""ל",יפאורה שותפות מוגבלת לשיווק,,,"י""ח",4.50,ליטר,false,1,17.50,3.49,true,1,
725846,true,חריץ גאודה קולקשן.,תנובה בעמ ***,,,"ק""ג",1,"ק""ג",true,1,75,75,false,1,
961804,true,דלעת ארוזה שקיל,ביכורי השדה צפון 1994 ג.ד. בעמ,,,"ק""ג",1,,true,1,12.90,12.90,false,1,
982113,true,עגבניה,ביכורי השדה צפון 1994 ג.ד. בעמ,,,"י""ח",1,,false,1,3.90,3.90,false,1,
1041130,true,ממרח תמרים מיה,מיה תעשיות מזון מ.ת.מ בעמ,,,"י""ח",450,ל גרם,false,1,5.90,1.31,false,1,
1121238,true,קורנד ביף 180גר`,מעדני יחיעם 1993 בעמ,,,"י""ח",180,ל גרם,false,1,24.90,13.83,false,1,
1121795,true,נקניקיות עוף חריפות 400גרם,מעדני יחיעם 1993 בעמ,,,"י""ח",400,ל גרם,false,1,10.90,2.73,false,1,
1123041,true,בשר 5 חלק,נטו מלינדה סחר בעמ,,,"ק""ג",1,,true,1,59.90,59.90,false,1,
1201510,true,ביצים M 30 יח,מ.לסר בעמ,,,"י""ח",30,"י""ח",false,1,27.80,0.93,false,1,
1201589,true,ביצים L 12 יח*,מ.לסר בעמ,,,"י""ח",12,"י""ח",false,1,12.05,1,false,1,
1201596,true,ביצים M 12 יח*,מ.לסר בעמ,,,"י""ח",12,"י""ח",false,1,11.15,0.93,false,1,
1201602,true,ביצים L 18יח,מ.לסר בעמ,,,"י""ח",18,"י""ח",false,1,18,1,false,1,
1201619,true,ביצים M 18יח,מ.לסר בעמ,,,"י""ח",18,"י""ח",false,1,16.70,0.93,false,1,
1201824,true,ביצים 12יח L אורגני,מ.לסר בעמ,,,"י""ח",12,"י""ח",false,1,21.90,1.83,false,1,
1216231,true,"טחינה""אל ארז""מלאה 500גר",סוגת תעשיות בעמ,,,"י""ח",500,ל גרם,false,1,17.90,3.58,false,1,
1235938,true,וינסטון כחול ארוך,גלוברנדס בעמ,,,"י""ח",1,,false,1,32.50,32.50,false,1,
1246337,true,"גל אסלות אורנים 750מ""ל טאצ`",סאסאטק אגשח בעמ,,,"י""ח",750,"ל מ""ל",false,1,9.90,1.32,false,1,
1343845,true,"גרנולה פירות 1ק""ג",דין שיווק וקליה 2021 בעמ,,,"י""ח",1,"ק""ג",false,1,19.90,19.90,true,1,
1407936,true,טחינה בארכה מעודנת 310גר,קבוצת אוסם סחר-שות.מוגבלת,,,"י""ח",310,ל גרם,false,1,13.90,4.48,false,1,
1415214,true,עוגת סבתא פילסברי,ג נרל מילס ישראל בעמ,,,"י""ח",1,,false,1,30.10,30.10,false,1,
1419618,true,וופל בלגי שוקו 200גר`,ח.כהן סוכנות מזון ומשקאות בע,,,"י""ח",200,ל גרם,false,1,4.60,2.30,true,1,
1444160,true,"שמן זית כתית מעולה מ עץ הזית 750 מ""ל.",סוגת תעשיות בעמ,,,"י""ח",750,"ל מ""ל",false,1,37.90,5.05,true,1,
1461860,true,פיתה אסלי}פילסברי {10יח,ג נרל מילס ישראל בעמ,,,"י""ח",1,,false,1,13.90,13.90,true,1,
1482094,true,פרמזנו 200 ג ויליפוד,ג.וילי פוד אינטרנשיונל בעמ,,,"י""ח",200,ל גרם,false,1,23.90,11.95,false,1,
1567708,true,נקניק וינר 400ג ללא,מעדני יחיעם 1993 בעמ,,,"י""ח",400,ל גרם,false,1,12.90,3.23,true,1,
1567814,true,סלמי מעושן בסגנון איטלקי 300ג,מעדני יחיעם 1993 בעמ,,,"י""ח",300,ל גרם,false,1,21.90,7.30,false,1,
1567937,true,איטלקי מפולפל 200ג,מעדני יחיעם 1993 בעמ,,,"י""ח",200,ל גרם,false,1,12.90,6.45,false,1,
1591505,true,סטייק דג טונה קפוא עם עור מחנה יהודה.,נטו מלינדה סחר בעמ,,,"ק""ג",1,"ק""ג",true,1,39.90,39.90,true,1,
1591550,true,פילה אמנון ללא עור מחנה יהודה.,נטו מלינדה סחר בעמ,,,"ק""ג",1,"ק""ג",true,1,37.90,37.90,true,1,
1591567,true,פילה אמנון 100% מחנה יהודה.,נטו מלינדה סחר בעמ,,,"ק""ג",1,"ק""ג",true,1,36.90,36.90,true,1,
1591574,true,פילה אמנון 80% מחנה יהודה.,נטו מלינדה סחר בעמ,,,"ק""ג",1,"ק""ג",true,1,26.90,26.90,true,1,
1591604,true,המבורגר אנגוס מחנה יהודה 600גר,נטו מלינדה סחר בעמ,,,"י""ח",600,ל גרם,false,1,29.90,4.98,true,1,
1591628,true,קבב על מקל מחנה יהודה 500גר,נטו מלינדה סחר בעמ,,,"י""ח",500,ל גרם,false,1,29.90,5.98,true,1,
1648919,true,קפה כתר 70גר3*.,רוני רג ואן,,,"י""ח",210,ל גרם,false,1,12.90,6.14,false,1,
1690987,true,פילה הייק ארוז קפוא,נטו מלינדה סחר בעמ,,,"ק""ג",1,"ק""ג",true,1,49.90,49.90,false,1,
1879627,true,פילה עוף טרי**,ח.י. מעדני גורמה בעמ,,,"ק""ג",1,,true,1,49.90,49.90,true,1,
1881873,true,כרוב עם חמוציות,מאמא מרי בעמ,,,"י""ח",1,"ק""ג",false,1,18.90,18.90,false,1,
1946121,true,פפריקה 400גר`,דין שיווק וקליה 2021 בעמ,,,"י""ח",400,ל גרם,false,1,21.90,5.48,false,1,
2015192,true,מלפפונים במלח ]18/25ב.ד[,קבוצת יבנה מוצרי מזון בעמ,,,"י""ח",560,ל גרם,false,1,11.90,2.13,false,1,
2043072,true,מיני פריכיות אורז חום צ. שוקול 70ג,א.ל.יצור ושיווקתבלינים בעמ,,,"י""ח",70,ל גרם,false,1,8.90,12.71,true,1,
2043096,true,מיני פריכיות אורז חום צ. שוקול 70ג,א.ל.יצור ושיווקתבלינים בעמ,,,"י""ח",70,ל גרם,false,1,8.90,12.71,true,1,
2043188,true,צ`יפס אורז חום מלא צ`ילי חריף 60גר,א.ל.יצור ושיווקתבלינים בעמ,,,"י""ח",60,ל גרם,false,1,6.90,11.50,true,1,
2043218,true,צ`יפס אורז חום מלא מלוח 60גר,א.ל.יצור ושיווקתבלינים בעמ,,,"י""ח",60,ל גרם,false,1,6.90,11.50,true,1,
2043225,true,צ`יפס אורז חום מלא פפריקה 60גר,א.ל.יצור ושיווקתבלינים בעמ,,,"י""ח",60,ל גרם,false,1,6.90,11.50,true,1,
2043782,true,צ`יפס אורז חום מלא טקסס ברביקיו 60גר,א.ל.יצור ושיווקתבלינים בעמ,,,"י""ח",60,ל גרם,false,1,6.90,11.50,true,1,
2043850,true,באר אקסטרה בציפוי שוקולד מריר 90גר,א.ל.יצור ושיווקתבלינים בעמ,,,"י""ח",90,ל גרם,false,1,13.90,15.44,true,1,
2043867,true,באר אקסטרה בציפוי שוקולד לבן 90גר,א.ל.יצור ושיווקתבלינים בעמ,,,"י""ח",90,ל גרם,false,1,13.90,15.44,true,1,
2043874,true,באר אקסטרה קרמל בציפוי שוקולד לבן 90גר,א.ל.יצור ושיווקתבלינים בעמ,,,"י""ח",90,ל גרם,false,1,13.90,15.44,true,1,
2065623,true,לחם שיפון כפרי 750גר`,שלמה א.אנג ל בעמ,,,"י""ח",750,ל גרם,false,1,12.90,1.72,false,1,
2077268,true,מיני קציצות דג 500 גרם,נטו מלינדה סחר בעמ,,,"י""ח",500,ל גרם,false,1,25.50,5.10,false,1,
2109488,true,קבב אמיתי 100% 440גרם טיבוןויל,נטו מלינדה סחר בעמ,,,"י""ח",500,ל גרם,false,1,24,4.80,true,1,
2129462,true,פיצה איטלקית דקה שלושת האופים זוג 640ג,נטו מלינדה סחר בעמ,,,"י""ח",640,ל גרם,false,1,28.90,4.52,true,1,
2129479,true,פיצה איטלקית דקה שלושת האופים 320גר,נטו מלינדה סחר בעמ,,,"י""ח",320,ל גרם,false,1,16.90,5.28,true,1,
2129486,true,פיצה איטלקית דקה שלושת האופים 340גר,נטו מלינדה סחר בעמ,,,"י""ח",340,ל גרם,false,1,17.90,5.26,true,1,
2157953,true,טונה קנולה 140ג 1/4,נטו מלינדה סחר בעמ,,,"י""ח",560,ל גרם,false,1,20.90,3.73,true,1,
2157960,true,טונה במים 140ג 1/4,נטו מלינדה סחר בעמ,,,"י""ח",560,ל גרם,false,1,20.90,3.73,true,1,
2247729,true,כנף עוף קפוא ארוז.,נטו מלינדה סחר בעמ,,,"ק""ג",1,,true,1,10.90,10.90,false,1,
2263562,true,"רוטב לימון משומר 200מ""ל",א.ל.יצור ושיווקתבלינים בעמ,,,"י""ח",200,"ל מ""ל",false,1,6.90,3.45,false,1,
2278528,true,זוג כריות ניקוי כלים,ח.כהן סוכנות מזון ומשקאות בע,,,"י""ח",2,"י""ח",false,1,7.90,3.95,false,1,
2281382,true,נתחי פילה סלמון נורבגי מנות,נטו מלינדה סחר בעמ,,,"ק""ג",1,"ק""ג",true,1,99,99,false,1,
2281405,true,סלט סלמון מעושן 160*2יח,נטו מלינדה סחר בעמ,,,"י""ח",320,ל גרם,false,1,9.90,3.09,false,1,
2281443,true,סטייק דג טונה קפוא עם עור,נטו מלינדה סחר בעמ,,,"ק""ג",1,"ק""ג",true,1,39.90,39.90,false,1,
2281498,true,מגורדת 500ג ריץ,נטו מלינדה סחר בעמ,,,"י""ח",500,ל גרם,false,1,26.90,5.38,false,1,
2300884,true,צ`דר אנגלי כתום נטו.,א. סיימן סחר בעמ,,,"ק""ג",1,,true,1,129,129,true,1,
2327073,true,בורקס גבינה 800 גרם,נטו מלינדה סחר בעמ,,,"י""ח",800,ל גרם,false,1,24.50,3.06,true,1,
2331360,true,נביעות שישיות 500 מייל פקק ספורט,החברה המרכזית להפצת משקאות בעמ,,,"י""ח",3,ליטר,false,1,15.90,4.70,true,1,
2331490,true,נביעות 1ליטר,החברה המרכזית להפצת משקאות בעמ,,,"י""ח",1,ליטר,false,1,3.90,3.90,true,1,
2345015,true,סינטה דקדק 250גר אל גאוצו,נטו מלינדה סחר בעמ,,,"י""ח",250,ל גרם,false,1,29.90,11.96,true,1,
2345022,true,אנטריקוט דקדק 250גר,נטו מלינדה סחר בעמ,,,"י""ח",250,ל גרם,false,1,28.90,11.56,true,1,
2345060,true,מאסדם גבינה הולנדי אמיתי שקיל.,נטו מלינדה סחר בעמ,,,"ק""ג",1,,true,1,89,89,false,1,
2345282,true,נתחי פילה סלמון נורבגי מנות,נטו מלינדה סחר בעמ,,,"ק""ג",1,"ק""ג",true,1,99,99,false,1,
2370239,true,גבינה חצי קשה פיקנטית 31%,ג.וילי פוד אינטרנשיונל בעמ,,,"ק""ג",1,"ק""ג",true,1,99,99,false,1,
2370673,true,שערות גבינה שקיל,ג.וילי פוד אינטרנשיונל בעמ,,,"ק""ג",1,"ק""ג",true,1,99,99,true,1,
2370680,true,אצבעות מוצרלי במשקל ויליפוד,ג.וילי פוד אינטרנשיונל בעמ,,,"ק""ג",1,,true,1,79.90,79.90,true,1,
2370734,true,צמות גבינה במי מלח 25% שומן שקיל,ג.וילי פוד אינטרנשיונל בעמ,,,"ק""ג",1,"ק""ג",true,1,99,99,true,1,
2370994,true,גבינת גאודה עם פטריות כמהין גלגל שקיל,ג.וילי פוד אינטרנשיונל בעמ,,,"ק""ג",1,"ק""ג",true,1,159,159,true,1,
2374640,true,שמן קנולה פלוס אומגה 3 עץ הזית 1ליטר,סוגת תעשיות בעמ,,,"י""ח",1,ליטר,false,1,17.70,17.70,false,1,
2395408,true,"גבנצ נעם 28% ק""ג *.",*החברה המרכזית להפצת משקאותבעמ,,,"ק""ג",1,,true,1,44.79,44.79,false,1,
2395422,true,גבינה צהובה נעם 22% שקיל*,*החברה המרכזית להפצת משקאותבעמ,,,"ק""ג",1,,true,1,42.58,42.58,false,1,
2439196,true,עוגת פס גבינה פירורים 450גר,נטו מלינדה סחר בעמ,,,"י""ח",450,ל גרם,false,1,34.90,7.76,false,1,
2505013,true,כרעיים עוף קפוא קהילות,נטו מלינדה סחר בעמ,,,"ק""ג",1,,true,1,37.90,37.90,false,1,
2507277,true,קציצות דג 700 גרם,נטו מלינדה סחר בעמ,,,"י""ח",700,ל גרם,false,1,29.90,4.27,true,1,
2507451,true,קציצות דג סלמון לבישול 750גרם,נטו מלינדה סחר בעמ,,,"י""ח",7500,ל גרם,false,1,28.90,0.39,true,1,
2507604,true,פיצה השף איטלקית 320ג,נטו מלינדה סחר בעמ,,,"י""ח",320,ל גרם,false,1,17.90,5.59,true,1,
2511229,true,בולגרית מעודנת 16% המושבה,מחלבות המושבה בעמ,,,"ק""ג",1000,ל גרם,true,1,39.90,3.99,false,1,
2511397,true,ברי בקר שקיל,מחלבות המושבה בעמ,,,"ק""ג",150,"ל מ""ל",true,1,106.90,71.27,false,1,
2511427,true,אצבעות שוקולד וניל מעדניה,מחלבות המושבה בעמ,,,"ק""ג",1000,ל גרם,true,1,59.90,5.99,false,1,
2511571,true,מוצרלה בלוק 22% מושבה,מחלבות המושבה בעמ,,,"ק""ג",1,"ק""ג",true,1,89,89,false,1,
2511663,true,צ`דר שכבות צאן,מחלבות המושבה בעמ,,,"ק""ג",1,,true,1,129.90,129.90,false,1,
2511748,true,גאודה כמהין שקיל,מחלבות המושבה בעמ,,,"ק""ג",150,"ל מ""ל",true,1,120,80,false,1,
2511779,true,בולגרית כבשים 24% המושבה שקיל,מחלבות המושבה בעמ,,,"ק""ג",1000,ל גרם,true,1,79.90,7.99,false,1,
2511786,true,בולגרית עיזים 22% המושבה שקיל,מחלבות המושבה בעמ,,,"ק""ג",1000,ל גרם,true,1,79.90,7.99,false,1,
2517276,true,פלפל אנגלי שלם 25 גרם,תבליני טעם וריח בעמ,,,"י""ח",1,,false,1,5.90,5.90,false,1,
2517801,true,צילי כתוש-חריף(פלפל קיינה )30גרם,תבליני טעם וריח בעמ,,,"י""ח",1,,false,1,5.90,5.90,false,1,
2517863,true,ציפורן טחון 40 גרם,תבליני טעם וריח בעמ,,,"י""ח",1,,false,1,9.90,9.90,false,1,
2542780,true,"בירה סטלה ארטואה 330מ""ל 1/6 בקבוק",תימקו בירה בעמ,,,"י""ח",330,"ל מ""ל",false,1,39.90,11.55,true,1,
2542841,true,"לף בלונד בקבוק 330מ""ל 1/6.",תימקו בירה בעמ,,,"י""ח",330,"ל מ""ל",false,1,49.90,14.58,true,1,
2542865,true,"הוגרדן בקבוק 330מ""ל 1/6",תימקו בירה בעמ,,,"י""ח",330,"ל מ""ל",false,1,49.90,14.58,true,1,
2579731,true,"נר נשמה שבועי בזכוכית""שווה""",ח.כהן סוכנות מזון ומשקאות בע,,,"י""ח",1,,false,1,9.90,9.90,false,1,
2603474,true,פיצה שף שגב רוטב פטריות טעם ממהין200ג,נטו מלינדה סחר בעמ,,,"י""ח",200,ל גרם,false,1,16.90,8.45,true,1,
2603498,true,פיצה שף שגב אנטיפסטי 200ג,נטו מלינדה סחר בעמ,,,"י""ח",200,ל גרם,false,1,16.90,8.45,true,1,
2628170,true,צלי כתף מס 5 חלק ג.חול פרגוואי.,בלדי בעמ,,,"ק""ג",1,"ק""ג",true,1,79.90,79.90,true,1,
2692768,true,תרסיס שמן קנולה מזוכך ללא תוספת גז 200,סוגת תעשיות בעמ,,,"י""ח",200,"ל מ""ל",false,1,15.90,7.95,false,1,
2692775,true,"תרסיס שמן קנולה 200מ""ל עץ הזית",סוגת תעשיות בעמ,,,"י""ח",2,ליטר,false,1,14.90,7.45,false,1,
2706731,true,רצועות פילה נסיכה קפוא 100% דג,נטו מלינדה סחר בעמ,,,"ק""ג",1,"ק""ג",true,1,79.90,79.90,false,1,
2750178,true,גבטה 180 כפרית,ג נרל מילס ישראל בעמ,,,"י""ח",1,,false,1,4.50,4.50,true,1,
2750338,true,לחם עגבניות מיובשות 530גר,ג נרל מילס ישראל בעמ,,,"י""ח",530,ל גרם,false,1,15.90,3,false,1,
2750963,true,בגט רוסטיק פילסברי,ג נרל מילס ישראל בעמ,,,"י""ח",1,,false,1,7.90,7.90,true,1,
2757139,true,מלוואח 700 גר`שלושת האופים,נטו מלינדה סחר בעמ,,,"י""ח",700,ל גרם,false,1,17.90,2.56,true,1,
2757146,true,"קובה למרק חמוסטה 1 ק""ג",נטו מלינדה סחר בעמ,,,"י""ח",1,"ק""ג",false,1,23.90,23.90,false,1,
2757511,true,קציצת דג לבישול 750גר`,נטו מלינדה סחר בעמ,,,"י""ח",750,"ל מ""ל",false,1,28.90,3.85,true,1,
2757535,true,בורקס פילו-אצבעות גבינה 500גר`,נטו מלינדה סחר בעמ,,,"י""ח",500,ל גרם,false,1,21.90,4.38,true,1,
2757726,true,בורקס גבינה 700 ג`,נטו מלינדה סחר בעמ,,,"י""ח",700,ל גרם,false,1,19.90,2.84,false,1,
2757733,true,ג`חנון 650 ג`,נטו מלינדה סחר בעמ,,,"י""ח",650,ל גרם,false,1,13.90,2.14,false,1,
2775010,true,מיני בורקס פילו גבינה 650גר`,נטו מלינדה סחר בעמ,,,"י""ח",650,ל גרם,false,1,21.90,3.37,true,1,
2787501,true,פילה סלמון קפוא 1-1.4.,נטו מלינדה סחר בעמ,,,"ק""ג",1,,true,1,79.90,79.90,false,1,
2814887,true,מטליות לחות לניקוי רצפות,קומפלקס כימיקלסבעמ ~~~,,,"י""ח",100,ל גרם,false,1,9.90,9.90,false,1,
2871248,true,טובורג רד 500 חוזר,החברה המרכזית להפצת משקאות בעמ,,,"י""ח",500,"ל מ""ל",false,1,9.40,1.64,true,1,
2871361,true,2542780קרלסברג בירה 500 חוזר,החברה המרכזית להפצת משקאות בעמ,,,"י""ח",500,"ל מ""ל",false,1,9.50,1.66,false,1,
2929642,true,טונה מארז 4 יח }ויליגיר{ 140גר,נטו מלינדה סחר בעמ,,,"י""ח",560,ל גרם,false,1,20.90,3.73,true,1,
2971191,true,"קמח חיטה לבן שטיבל 1ק""ג",טחנות קמח שטיבל בש בעמ,,,"י""ח",1,"ק""ג",false,1,4.50,4.50,true,1,
2971955,true,"קמח לבן 650 ללא צורך בניפוי 1ק""ג שטיבל",ח.כהן סוכנות מזון ומשקאות בע,,,"י""ח",1,"ק""ג",false,1,8.90,8.90,false,1,
2971962,true,"קמח מלא 100% 1ק""ג ללא צורך בניפוי",ח.כהן סוכנות מזון ומשקאות בע,,,"י""ח",1,"ק""ג",false,1,8.90,8.90,false,1,
2971986,true,קמח שיפון ללא צורך בניפוי,ח.כהן סוכנות מזון ומשקאות בע,,,"י""ח",1,"ק""ג",false,1,8.90,8.90,false,1,
2971993,true,קמח כוסמין מלא ללא צורך בניפוי,ח.כהן סוכנות מזון ומשקאות בע,,,"י""ח",1,"ק""ג",false,1,14.90,14.90,false,1,
2972006,true,"קמח בהיר 405 ללא צורך בניפוי 1ק""ג שטיב",ח.כהן סוכנות מזון ומשקאות בע,,,"י""ח",1,"ק""ג",false,1,8.90,8.90,false,1,
2972365,true,"קמח תופח ללא צורך בניפוי 1ק""ג",ח.כהן סוכנות מזון ומשקאות בע,,,"י""ח",1,"ק""ג",false,1,8.90,8.90,false,1,
2972426,true,"קמח מלא 80% ללא צורך בניפוי 1ק""ג",ח.כהן סוכנות מזון ומשקאות בע,,,"י""ח",1,"ק""ג",false,1,7.90,7.90,false,1,
2973812,true,"קמח כוסמין 80% ללא צורך בניפוי 1ק""ג",ח.כהן סוכנות מזון ומשקאות בע,,,"י""ח",1,"ק""ג",false,1,15.90,15.90,false,1,
2973829,true,"קמח כוסמין לבן ללא צורך בניפוי 1ק""ג.",ח.כהן סוכנות מזון ומשקאות בע,,,"י""ח",1,"ק""ג",false,1,15.90,15.90,false,1,
2974116,true,קמח כפרי שטיבל ללא צ.בניפוי,ח.כהן סוכנות מזון ומשקאות בע,,,"י""ח",1,"ק""ג",false,1,8.90,8.90,false,1,
2974222,true,קמח עוגיות 4 שטיבל ללא צ.בניפוי,ח.כהן סוכנות מזון ומשקאות בע,,,"י""ח",1,"ק""ג",false,1,7.90,7.90,false,1,
2974239,true,קמח עוגיות 5 שטיבל ללא צ.בניפוי,ח.כהן סוכנות מזון ומשקאות בע,,,"י""ח",1,"ק""ג",false,1,7.90,7.90,false,1,
3031733,true,פסטרמה על גחלים 400 גרם,תנובה בשר,,,"י""ח",400,ל גרם,false,1,31.90,7.98,false,1,
3069590,true,"סול פילה ארוז 1ק""ג.",נטו מלינדה סחר בעמ,,,"י""ח",1,"ק""ג",false,1,36.90,36.90,false,1,
3102136,true,צמר גפן רפואי,אינטרסן (1996) בעמ,,,"י""ח",1,,false,1,5.50,5.50,false,1,
3103285,true,פטינה שקיל שאראוס .,שטראוס גרופ ***בעמ,,,"ק""ג",1,"ק""ג",true,1,24.90,24.90,false,1,
3105807,true,3105807בלוז שקיל שטראוס .,שטראוס גרופ ***בעמ,,,"ק""ג",1,"ק""ג",true,1,69.90,69.90,false,1,
3107353,true,משפר אפיה ביתי שמרים יבשים שטיבל 33ג,ח.כהן סוכנות מזון ומשקאות בע,,,"י""ח",33,ל גרם,false,1,5.90,17.88,false,1,
3141159,true,יוגטה מרשמלו 180ג,ליימן שליסל,,,"י""ח",180,ל גרם,false,1,9.40,5.22,true,1,
3142422,true,גרעיני חמניות ללא מלח 180 גרם,ליימן שליסל,,,"י""ח",180,ל גרם,false,1,6.90,3.83,true,1,
3143146,true,"ממרח תמרים קליית גת 450גרם כשל""פ",ליימן שליסל,,,"י""ח",450,ל גרם,false,1,6.90,1.53,false,1,
3144419,true,סילאן קליית גת 710גר טבעי,ליימן שליסל,,,"י""ח",710,ל גרם,false,1,23.90,3.37,true,1,
3189199,true,צהובה חריפה במשקל-א.חלב נוכרי,גבינות הכפר בעמ,,,"ק""ג",1,,true,1,35.90,35.90,false,1,
3189274,true,צהובה מעושן חלב נוכרי במשקל,גבינות הכפר בעמ,,,"ק""ג",1,"י""ח",true,1,44.90,44.90,false,1,
3224036,true,אוכמניות כחולות 300ג,מאמא מרי בעמ,,,"י""ח",300,ל גרם,false,1,16.90,5.63,false,1,
3224135,true,כיסוני בשר 800ג,מאמא מרי בעמ,,,"י""ח",800,ל גרם,false,1,23.90,2.99,false,1,
3224142,true,"בלינצס תפו""א פטריות 7יח",מאמא מרי בעמ,,,"י""ח",7,"י""ח",false,1,18.90,2.70,false,1,
3224173,true,בלינצס פטריות 7יח,מאמא מרי בעמ,,,"י""ח",7,"י""ח",false,1,18.90,2.70,false,1,
3224227,true,פירושקי בשר 7יח,מאמא מרי בעמ,,,"י""ח",7,"י""ח",false,1,21.90,3.13,false,1,
3224333,true,דובדבן חמוץ 300ג,מאמא מרי בעמ,,,"י""ח",300,ל גרם,false,1,13.90,4.63,false,1,
3224388,true,חמוציות 300ג,מאמא מרי בעמ,,,"י""ח",300,ל גרם,false,1,13.90,4.63,false,1,
3224463,true,"כיסוני בשר אוקראיני 1ק""ג",מאמא מרי בעמ,,,"י""ח",1,"ק""ג",false,1,28.90,28.90,false,1,
3224654,true,מיקס פירות יער 300ג,מאמא מרי בעמ,,,"י""ח",300,ל גרם,false,1,14.90,4.97,false,1,
3224746,true,דמדמניות שחורות 300ג,מאמא מרי בעמ,,,"י""ח",300,ל גרם,false,1,12.90,4.30,false,1,
3224845,true,"קרפלוני תפו""א ופטריות 800גר",מאמא מרי בעמ,,,"י""ח",800,ל גרם,false,1,18.90,2.36,false,1,
3229222,true,סלמי תה משובח 300גר`,תנובה בשר,,,"י""ח",300,ל גרם,false,1,23.90,7.97,false,1,
3251308,true,אציטון,ציון תורגמן בעמ,,,"י""ח",100,"ל מ""ל",false,1,4.80,4.80,false,1,
3332014,true,קפה נחלה 500 ג^,סובחה נחלה ובניו בעמ,,,"י""ח",500,ל גרם,false,1,27.10,5.42,false,1,
3364008,true,צעצועים קבוצה 8,צעצועי דורון ~~~,,,"י""ח",1,,false,1,49.90,49.90,false,1,
3400500,true,חטיף קרמל עם בוטנים נטרייג`ס 47גר,ליימן שליסל,,,"י""ח",47,ל גרם,false,1,5.50,11.70,false,1,
3402809,true,חטיף שוקולד לבן ריזס 39גר.,ליימן שליסל,,,"י""ח",39,ל גרם,false,1,3.90,10,false,1,
3423909,true,חטיף שוקולד לבן קוקיז אנד קרים 43גר,ליימן שליסל,,,"י""ח",43,ל גרם,false,1,5.70,13.26,false,1,
3444009,true,חטיף שוקולד לבן ריזס 42גר,ליימן שליסל,,,"י""ח",43,ל גרם,false,1,4.50,10.47,false,1,
3514007,true,שקדי מרק 400 גר`MANA,ש.שסטוביץ בעמ,,,"י""ח",400,ל גרם,false,1,9.90,2.48,true,1,
3550937,true,רגל פרוסה במגש.,נטו מלינדה סחר בעמ,,,"ק""ג",1,,true,1,43.80,43.80,false,1,
3598472,true,פילה סלומון מנות בלדי.,בלדי בעמ,,,"ק""ג",1,"ק""ג",true,1,89.90,89.90,false,1,
3726615,true,טופו ויילר 300גר,שטראוס גרופ ***בעמ,,,"י""ח",300,ל גרם,false,1,13,4.33,false,1,
4011284,true,"בסיס להכנת קצפת 212מ""ל",נטו מלינדה סחר בעמ,,,"י""ח",212,"ל מ""ל",false,1,9.90,4.67,true,1,
4011338,true,"קצפת 250מ""ל",נטו מלינדה סחר בעמ,,,"י""ח",250,"ל מ""ל",false,1,9.90,3.96,false,1,
4011345,true,"קצפת ריצ`פרווה במיכל 250 מ""ל",נטו מלינדה סחר בעמ,,,"י""ח",250,"ל מ""ל",false,1,9.90,3.96,false,1,
4011796,true,קבבונים אל גאוצ`ו 400גר`,נטו מלינדה סחר בעמ,,,"י""ח",400,ל גרם,false,1,28.90,7.23,true,1,
4011819,true,המבורגר ריב אנטריקוט 360גרם,נטו מלינדה סחר בעמ,,,"י""ח",360,ל גרם,false,1,28.90,8.03,true,1,
4014407,true,סוכריות M M שוקו,מרס ריגלי ישראל בעמ,,,"י""ח",1,,false,1,5.20,5.20,true,1,
4022309,true,MNM פינאטבאטר 80ג,מרס ריגלי ישראל בעמ,,,"י""ח",80,ל גרם,false,1,7.90,9.88,false,1,
4026851,true,בייגלה רומני,ג נרל מילס ישראל בעמ,,,"י""ח",150,ל גרם,false,1,4.50,3,true,1,
4030100,true,מיץ תפוזים סחוט 1ל פריניב,תנובה בעמ ***,,,"י""ח",1,ליטר,false,1,13.90,13.90,false,1,
4030216,true,מיץ חמוציות 1 ליטר,תנובה בעמ ***,,,"י""ח",1,ליטר,false,1,12.50,12.50,true,1,
4030445,true,מיץ תפוזים 1 ליטר,תנובה בעמ ***,,,"י""ח",1,ליטר,false,1,15.50,15.50,false,1,
4030544,true,מיץ לימונענע 1 ליטר,תנובה בעמ ***,,,"י""ח",1,ליטר,false,1,14.10,14.10,true,1,
4030612,true,"מיץ קיווי אגס 90% מיץ 1ל ללא""ס",תנובה בעמ ***,,,"י""ח",1,ליטר,false,1,13.20,13.20,true,1,
4030728,true,"מיץ לימון 100% 250 מ""ל מחנה יהודה",פריניב סחר והפצה בעמ,,,"י""ח",250,"ל מ""ל",false,1,7.90,3.16,true,1,
4030810,true,שייק 100% בננה פסיפלורה תפוז ללא תוספת,תנובה בעמ ***,,,"י""ח",1,ליטר,false,1,20,20,true,1,
4030834,true,מיץ רימונים 1 ליטר,תנובה בעמ ***,,,"י""ח",1,ליטר,false,1,24.70,24.70,false,1,
4033712,true,לחם עננים מקמח מלא עם פרוסות 750גר,י.את א. ברמן בעמ,,,"י""ח",750,ל גרם,false,1,13.90,1.85,false,1,
4033729,true,לחם עננים מקמח כוסמין עם פרוסות 600גר,י.את א. ברמן בעמ,,,"י""ח",750,ל גרם,false,1,14.90,1.99,false,1,
4043108,true,MNM שוקו 80ג.,מרס ריגלי ישראל בעמ,,,"י""ח",80,ל גרם,false,1,7.90,9.88,false,1,
4063016,true,"מלח שולחן 1 ק""ג*",סוגת תעשיות בעמ,,,"י""ח",1,"ק""ג",false,1,2.07,2.07,false,1,
4064174,true,"מלח דק 1 ק""ג צנצנת ההימלאיה",סוגת תעשיות בעמ,,,"י""ח",1,"ק""ג",false,1,17.90,17.90,false,1,
4064181,true,"מלח גס 1 ק""ג צנצנת ההימלאיה",סוגת תעשיות בעמ,,,"י""ח",1,"ק""ג",false,1,17.90,17.90,false,1,
4068172,true,יוגורט עזים דלי 600ג 5%,מחלבות גד,,,"י""ח",600,ל גרם,false,1,19.10,3.18,true,1,
4128333,true,לבנה פיראוס,תנובה בעמ ***,,,"י""ח",500,ל גרם,false,1,21.90,4.38,false,1,
4135324,true,בולגרית מעודנת,תנובה בעמ ***,,,"ק""ג",1,"ק""ג",true,1,52,52,false,1,
4225278,true,מסוג דנאבלו נטו,נטו מלינדה סחר בעמ,,,"ק""ג",1,,true,1,104,104,false,1,
4228804,true,עלי בצק למילוי סיגרים 450 ג`,נטו מלינדה סחר בעמ,,,"י""ח",450,ל גרם,false,1,13.90,3.09,false,1,
4230944,true,מקלות בורקס פילו גבינה 600 גרם,נטו מלינדה סחר בעמ,,,"י""ח",600,ל גרם,false,1,21.90,3.65,true,1,
4256180,true,גבינה גאודה נטו.,נטו מלינדה סחר בעמ,,,"ק""ג",1,"ק""ג",true,1,89.90,89.90,false,1,
4256197,true,גבינת עיזים הולנד נטו,נטו מלינדה סחר בעמ,,,"ק""ג",1,"ק""ג",true,1,139,139,false,1,
4257125,true,סינטה דק דק 250ג עטרה,נטו מלינדה סחר בעמ,,,"י""ח",250,ל גרם,false,1,19.90,7.96,false,1,
4263782,true,עצמות מוח עטרה,נטו מלינדה סחר בעמ,,,"ק""ג",1,,true,1,32.90,32.90,false,1,
4267209,true,עוגיות לקפה 200 גרם ברמן,ח.כהן סוכנות מזון ומשקאות בע,,,"י""ח",200,ל גרם,false,1,5.90,2.95,false,1,
4267216,true,עוגיות ממולאות ריבה 200 ג`ברמן,ח.כהן סוכנות מזון ומשקאות בע,,,"י""ח",200,ל גרם,false,1,5.90,2.95,false,1,
4494919,true,"יין כנען קברנה שיראז דלתון 750מ""",הכרם משקאות חריפים בעמ,,,"י""ח",750,"ל מ""ל",false,1,44.90,5.95,true,1,
4685010,true,לחם קל 100%,י.את א. ברמן בעמ,,,"י""ח",750,ל גרם,false,1,16.50,2.20,false,1,
4685027,true,לחם קל מחיטה מלאה 500גר,י.את א. ברמן בעמ,,,"י""ח",500,ל גרם,false,1,15.90,3.18,false,1,
4685089,true,לחם חמניות 750 גר`ברמן,י.את א. ברמן בעמ,,,"י""ח",750,ל גרם,false,1,16.50,2.20,false,1,
4685447,true,לחמניות כוסמין 6 בשקית,י.את א. ברמן בעמ,,,"י""ח",450,ל גרם,false,1,14.90,3.31,false,1,
4685454,true,לחם שיבולת שועל 500ג,י.את א. ברמן בעמ,,,"י""ח",500,ל גרם,false,1,17.90,3.58,false,1,
4861025,true,בולגרית מסורתית שקיל 5% המושבה,מחלבות המושבה בעמ,,,"ק""ג",10,"ק""ג",true,1,49.90,4.99,false,1,
4861056,true,צפתית טבעי המושבה שקילה 5%.,מחלבות המושבה בעמ,,,"ק""ג",1000,ל גרם,true,1,49,4.90,false,1,
4861070,true,גבינה צפתית קשה,מחלבות המושבה בעמ,,,"ק""ג",1,,true,1,73.90,73.90,false,1,
4861278,true,גבינת שמנת טבעי/שום שמיר 30% המושבה,מחלבות המושבה בעמ,,,"ק""ג",1,,true,1,42.90,42.90,false,1,
4861285,true,טבורוג המושבה שקילה 5%,מחלבות המושבה בעמ,,,"ק""ג",1,"ק""ג",true,1,47,47,false,1,
4982393,true,ברס בלו-א.חלב נוכרי,א. סיימן סחר בעמ,,,"ק""ג",1,"ק""ג",true,1,180,180,true,1,
5079412,true,אמנטל נעם חריץ מעדניה.,*החברה המרכזית להפצת משקאותבעמ,,,"ק""ג",200,ל גרם,true,1,61,30.50,false,1,
5113222,true,מיקס זיתים 2 A יבנה,קבוצת יבנה מוצרי מזון בעמ,,,"י""ח",1,,false,1,9.80,9.80,true,1,
5271755,true,ביצים L 12 יח חופש,גליקסמן שיווק ביצים 1994 בעמ,,,"י""ח",12,"י""ח",false,1,18.90,1.58,false,1,
5358739,true,בשר ראש קפוא חלק,נטו מלינדה סחר בעמ,,,"ק""ג",1,,true,1,79.90,79.90,false,1,
5358883,true,שריר בשר מס `8 חלק.,נטו מלינדה סחר בעמ,,,"ק""ג",1,,true,1,34.90,34.90,false,1,
5384899,true,בסגנון פטה ים תיכונית 19%שומן שקיל,ג.וילי פוד אינטרנשיונל בעמ,,,"ק""ג",1,,true,1,22.90,22.90,true,1,
5387043,true,צלעות מס 2 חלק רבנות,בלדי בעמ,,,"ק""ג",1,"ק""ג",true,1,34.90,34.90,true,1,
5424755,true,מטליות לחות לריצפה ריצפז פלוס 10 יחידו,החב הדרומית לשיווק,,,"י""ח",10,"י""ח",false,1,14.90,1.49,false,1,
5431883,true,מלבי חלבי 165ג. תנובה,תנובה בעמ ***,,,"י""ח",165,"ל מ""ל",false,1,6.90,4.18,false,1,
5431968,true,מלבי שמנת 150ג,תנובה בעמ ***,,,"י""ח",150,"ל מ""ל",false,1,6.90,4.60,false,1,
5559907,true,פיצה משפחתית גבינה 500 ג מעדנות,תנובה בשר,,,"י""ח",500,ל גרם,false,1,25.50,5.10,true,1,
5610127,true,תפוח אדמה גורמה,ביכורי השדה צפון 1994 ג.ד. בעמ,,,"ק""ג",1,"ק""ג",true,1,2.90,2.90,false,1,
5678028,true,ענבים טלי לבן,ביכורי השדה צפון 1994 ג.ד. בעמ,,,"ק""ג",1,,true,1,25.90,25.90,false,1,
5678035,true,ענבים זני,ביכורי השדה צפון 1994 ג.ד. בעמ,,,"ק""ג",1,,true,1,25.90,25.90,false,1,
5678202,true,ענבים אדומים,ביכורי השדה צפון 1994 ג.ד. בעמ,,,"ק""ג",1,,true,1,16.90,16.90,false,1,
5678318,true,ענב טלי בוטיק אוטם קריספי,ביכורי השדה צפון 1994 ג.ד. בעמ,,,"ק""ג",1,,true,1,25.90,25.90,false,1,
5678325,true,ענב טלי,ביכורי השדה צפון 1994 ג.ד. בעמ,,,"ק""ג",1,,true,1,25.90,25.90,false,1,
5678332,true,ענבים שחורים ארומטיים ואקזוטיים.,ביכורי השדה צפון 1994 ג.ד. בעמ,,,"ק""ג",1,,true,1,16.90,16.90,false,1,
5678387,true,ענב טלי,ביכורי השדה צפון 1994 ג.ד. בעמ,,,"ק""ג",1,,true,1,16.90,16.90,false,1,
5678417,true,ענבים טלי לבן,ביכורי השדה צפון 1994 ג.ד. בעמ,,,"ק""ג",1,,true,1,25.90,25.90,false,1,
5678455,true,ענבים אדומים,ביכורי השדה צפון 1994 ג.ד. בעמ,,,"ק""ג",1,,true,1,16.90,16.90,false,1,
5678585,true,ענב סקרלוטה אדום מארז,ביכורי השדה צפון 1994 ג.ד. בעמ,,,"ק""ג",1,,true,1,16.90,16.90,false,1,
5678738,true,ענב טלי,ביכורי השדה צפון 1994 ג.ד. בעמ,,,"ק""ג",1,,true,1,25.90,25.90,false,1,
5678745,true,ענב אדום ארוז,ביכורי השדה צפון 1994 ג.ד. בעמ,,,"ק""ג",1,,true,1,16.90,16.90,false,1,
5678806,true,ענב אדום ארוז.,ביכורי השדה צפון 1994 ג.ד. בעמ,,,"ק""ג",1,,true,1,16.90,16.90,false,1,
5678844,true,ענבים לבן טימפסון,ביכורי השדה צפון 1994 ג.ד. בעמ,,,"ק""ג",1,,true,1,25.90,25.90,false,1,
5734144,true,רובוט בקופסא,צעצועי דורון ~~~,,,"י""ח",1,,false,1,31.90,31.90,false,1,
5854040,true,אסקימו משמש,גלידות שטראוס בעמ,,,"י""ח",1,,false,1,2.90,2.90,true,1,
5896439,true,"מכבי בקבוק}חוזר {500מ""ל",טמפו משקאות בעמ,,,"י""ח",500,"ל מ""ל",false,1,7.20,1.20,false,1,
5896453,true,"מכבי 7.9% 500מ""ל בקבוק חוזר",טמפו משקאות בעמ,,,"י""ח",500,"ל מ""ל",false,1,7.60,1.28,false,1,
5896620,true,סן בנדטו ירוק 1.5 ליטר מוגז בודד,טמפו משקאות בעמ,,,"י""ח",1.50,ליטר,false,1,3.80,2.33,false,1,
5896637,true,סן בנדטו כחול בודד 1.5 ליטר,טמפו משקאות בעמ,,,"י""ח",1.50,ליטר,false,1,5,3.13,false,1,
5966033,true,"יין הר חרמון לבן 750 מ""ל",היכל היין שקד גולן בעמ,,,"י""ח",750,"ל מ""ל",false,1,36.90,4.88,true,1,
5996009,true,סלמי גליל מעושן 40ג.,מעדני יחיעם 1993 בעמ,,,"י""ח",40,ל גרם,false,1,21.90,54.75,false,1,
5996078,true,סרוולט הונגרי 125ג,מעדני יחיעם 1993 בעמ,,,"י""ח",125,ל גרם,false,1,25.90,20.72,false,1,
5996153,true,נקניק. צרפתיות פרמיום 280ג,מעדני יחיעם 1993 בעמ,,,"י""ח",280,ל גרם,false,1,20.90,7.46,true,1,
5996221,true,פסטרמה של פעם דק דק 120ג,מעדני יחיעם 1993 בעמ,,,"י""ח",120,ל גרם,false,1,14.90,12.42,true,1,
5996238,true,פסטרמה בדבש דק דק 120ג,מעדני יחיעם 1993 בעמ,,,"י""ח",120,ל גרם,false,1,14.90,12.42,true,1,
5996276,true,פסטרמה ברביקיו דק דק 120ג,מעדני יחיעם 1993 בעמ,,,"י""ח",120,ל גרם,false,1,14.90,12.42,true,1,
5996825,true,נקניק בקר 280ג סגנון אמריקאי,מעדני יחיעם 1993 בעמ,,,"י""ח",280,ל גרם,false,1,22.90,8.18,true,1,
6271174,true,ג חנון בצק}מעדנות 700 ג,תנובה בשר,,,"י""ח",700,ל גרם,false,1,18.90,2.70,false,1,
6342645,true,טורטיה גדולה 840 ג 12 יח`,דין שיווק וקליה 2021 בעמ,,,"י""ח",840,ל גרם,false,1,14.90,1.77,false,1,
6459978,true,אובלט שומשום 282 גרם,ציון תורגמן בעמ,,,"י""ח",282,ל גרם,false,1,12.90,4.57,false,1,
6511706,true,גבינת גאודה עם כמון שקיל,ג.וילי פוד אינטרנשיונל בעמ,,,"ק""ג",1,"ק""ג",true,1,110,110,true,1,
6511904,true,כדורי גבינת אדם למעדניה,ג.וילי פוד אינטרנשיונל בעמ,,,"ק""ג",1,"ק""ג",true,1,75.90,75.90,false,1,
6582355,true,סילאן 900 גר`דין שווק,דין שיווק וקליה 2021 בעמ,,,"י""ח",900,ל גרם,false,1,11.90,1.32,false,1,
6632111,true,ביצי דג קפוא ארוז,דגי מהדרין בעמ,,,"י""ח",250,ל גרם,false,1,26.90,10.76,true,1,
6681003,true,קרמיסימו 1.33 ל סורבט,גלידות שטראוס בעמ,,,"י""ח",1,,false,1,18.90,18.90,false,1,
6739124,true,בצק פילאס 500גר זוגלובק,זוגלובק שיווק בעמ,,,"י""ח",500,ל גרם,false,1,20.50,4.10,true,1,
6739131,true,בצק פילו 500גר זוגלובק,זוגלובק שיווק בעמ,,,"י""ח",500,ל גרם,false,1,16.90,3.38,true,1,
6739292,true,פסטרמה תבור 330 ג,זוגלובק שיווק בעמ,,,"י""ח",330,ל גרם,false,1,29.90,9.06,true,1,
6739445,true,שניצל תירס קלאסי 750גר`,זוגלובק שיווק בעמ,,,"י""ח",750,ל גרם,false,1,28.70,3.83,true,1,
6742278,true,פסטרממיה צלויה על לבנים 330גר`,זוגלובק שיווק בעמ,,,"י""ח",330,ל גרם,false,1,29.90,9.06,true,1,
6742292,true,פסטרממיה בדבש 330גר`,זוגלובק שיווק בעמ,,,"י""ח",330,ל גרם,false,1,29.90,9.06,true,1,
6742315,true,חזה הודו ברביקיו 330גר`,זוגלובק שיווק בעמ,,,"י""ח",330,ל גרם,false,1,29.90,9.06,true,1,
6764058,true,"בירה נשר לבנה 500 מ""ל}חוזר{",טמפו משקאות בעמ,,,"י""ח",500,"ל מ""ל",false,1,5.50,0.86,false,1,
6764065,true,נשר מאלט }500 חוזר{,טמפו משקאות בעמ,,,"י""ח",500,"ל מ""ל",false,1,5.90,0.94,true,1,
6764072,true,"גולדסטאר 500 מ""ל}חוזר{",טמפו משקאות בעמ,,,"י""ח",500,"ל מ""ל",false,1,7.90,1.34,false,1,
6764157,true,"בירה גולדסטאר לא מסונן חוזר 500מ""ל",טמפו משקאות בעמ,,,"י""ח",500,"ל מ""ל",false,1,7.90,1.34,false,1,
6764478,true,נשר מאלט דיאט }330 פקדון{,טמפו משקאות בעמ,,,"י""ח",330,"ל מ""ל",false,1,6.90,2,false,1,
6764737,true,נשר מאלט 500 דיאט}חוזר{,טמפו משקאות בעמ,,,"י""ח",500,"ל מ""ל",false,1,5,0.76,true,1,
6775801,true,רוגלך 400גרם,אחדות בעמ,,,"י""ח",400,ל גרם,false,1,13.90,3.48,false,1,
6784360,true,מס 1 לניקוי חלונות 1 ליטר,קומפלקס כימיקלסבעמ ~~~,,,"י""ח",1,ליטר,false,1,8.90,8.90,false,1,
6805362,true,חצי בגט מאפית אפיה מקומית.,ג נרל מילס ישראל בעמ,,,"י""ח",1,,false,1,3.30,3.30,true,1,
6805379,true,שליש בגט,ג נרל מילס ישראל בעמ,,,"י""ח",1,,false,1,3.80,3.80,false,1,
6806444,true,בייגל אמריקאי,לפ לפ פילסברי,,,"י""ח",1,,false,1,4.50,4.50,true,1,
6822192,true,אושן ספריי דיאט חמוציות 1ליטר,החברה המרכזית להפצת משקאות בעמ,,,"י""ח",1000,"ל מ""ל",false,1,13.90,1.36,false,1,
6941015,true,כפיות קטנות שווה,ח.כהן סוכנות מזון ומשקאות בע,,,"י""ח",1,,false,1,7.90,7.90,false,1,
6941466,true,שמן קנולה 1 ליטר שווה,ח.כהן סוכנויות מזון ומשקאות***,,,"י""ח",1,ליטר,false,1,10.90,10.90,false,1,
6960023,true,"כרוב כבוש 1ק""ג",מאמא מרי בעמ,,,"י""ח",1,"ק""ג",false,1,18.90,18.90,false,1,
6960429,true,"כרוב בולגרי 1ק""ג",מאמא מרי בעמ,,,"י""ח",1,"ק""ג",false,1,18.90,18.90,false,1,
8101318,true,קריספי פירורי לחם זהוב 300גר,א.ל.יצור ושיווקתבלינים בעמ,,,"י""ח",300,ל גרם,false,1,6.90,2.30,true,1,
8101356,true,קריספי פאנקו זהוב 300גר,א.ל.יצור ושיווקתבלינים בעמ,,,"י""ח",300,ל גרם,false,1,9.90,3.30,true,1,
8175760,true,גבינת מנצ`יגו(חלב כבשים)למעדניה,ג.וילי פוד אינטרנשיונל בעמ,,,"ק""ג",1,"ק""ג",true,1,113.90,113.90,true,1,
8175777,true,גבינת איבריקו למעדניה,ג.וילי פוד אינטרנשיונל בעמ,,,"ק""ג",1,"ק""ג",true,1,120,120,true,1,
8175814,true,"פטריות חתוך 400 גרם 8""",ג.וילי פוד אינטרנשיונל בעמ,,,"י""ח",400,ל גרם,false,1,5.40,1.35,false,1,
8211145,true,גבינה גאודה נטו.,א. סיימן סחר בעמ,,,"ק""ג",4.50,"ק""ג",true,1,99,22,true,1,
8350150,true,בצק פילו מצונן מרודד השף-שגב,נטו מלינדה סחר בעמ,,,"י""ח",350,ל גרם,false,1,15.90,4.54,false,1,
8403917,true,גאודה פסטו ירוק שקיל,א. סיימן סחר בעמ,,,"ק""ג",1,,true,1,144,144,true,1,
8409216,true,.שניצל דק דק פריך 700גר`,תנובה בשר,,,"י""ח",700,ל גרם,false,1,42.90,6.13,false,1,
8409407,true,שניצל דק בציפוי צ`יפס 700גר`,תנובה בשר,,,"י""ח",700,ל גרם,false,1,42.90,6.13,false,1,
8464024,true,"7290002543גולדסטאר פחית 500 מ""ל לט מסונן",טמפו משקאות בעמ,,,"י""ח",500,"ל מ""ל",false,1,10.60,2.06,false,1,
8464130,true,גולדסטאר UF שישייה לא מסונן,טמפו משקאות בעמ,,,"י""ח",1.98,ליטר,false,1,51.40,25.05,true,1,
8464222,true,"מכבי 7.9% 500מ""ל פחית",טמפו משקאות בעמ,,,"י""ח",0.50,ליטר,false,1,9.30,18,false,1,
8464697,true,"מכבי שישייה 7.9% 330מ""ל בקבוק",טמפו משקאות בעמ,,,"י""ח",1.98,ליטר,false,1,35.90,17.22,true,1,
8464741,true,גולדסטאר 330 מייל שישייה.,טמפו משקאות בעמ,,,"י""ח",1980,"ל מ""ל",false,1,35.90,1.72,true,1,
8466639,true,רוגלך ירושלמי ברלס,הלל בן הלל שיווק ומסחר בעמ,,,"י""ח",250,ל גרם,false,1,19.90,7.96,false,1,
8466806,true,מארז שניק וניל 500ג מחנה יהודה,הלל בן הלל שיווק ומסחר בעמ,,,"י""ח",500,ל גרם,false,1,17.90,3.58,true,1,
8496513,true,שניצל אמנון בציפוי פירורי לחם,***אדום גרופ למזון שיווק***,,,"י""ח",1,,false,1,19.90,19.90,true,1,
8496742,true,אצבעות אמנון בציפוי פירורי לחם ושומשום,***אדום גרופ למזון שיווק***,,,"י""ח",1,,false,1,19.90,19.90,true,1,
8500128,true,עוגת שמרים שוקולד,ג נרל מילס ישראל בעמ,,,"י""ח",500,ל גרם,false,1,24.90,4.98,true,1,
8500159,true,עוגת שמרים גבינה,ג נרל מילס ישראל בעמ,,,"י""ח",500,ל גרם,false,1,24.90,4.98,true,1,
8500166,true,עוגת שמרים פרג,ג נרל מילס ישראל בעמ,,,"י""ח",500,ל גרם,false,1,24.90,4.98,true,1,
8631952,true,כנפיים לחמין לנדא}קפוא{,נטו מלינדה סחר בעמ,,,"ק""ג",1,"ק""ג",true,1,10.90,10.90,false,1,
8747547,true,"תפוצ יפס קראנץ טבעי 200ג כשל""פ",שטראוס פריטו ליי בעמ,,,"י""ח",200,ל גרם,false,1,12.20,6.10,true,1,
8792264,true,מפיות טאצ `100יח`צבעוני,שניב תעשיות נייר בעמ,,,"י""ח",100,"י""ח",false,1,4.90,0.05,true,1,
8801522,true,K.D קונקורד,אגודת הכורמים,,,"י""ח",750,"ל מ""ל",false,1,21.90,2.88,true,1,
8801539,true,K.D כרמל 120.,אגודת הכורמים,,,"י""ח",750,"ל מ""ל",false,1,21.90,2.88,true,1,
8801546,true,K.D מוסקט כרמל 0.75 ל,אגודת הכורמים,,,"י""ח",750,"ל מ""ל",false,1,21.90,2.88,true,1,
8801843,true,סלקטד קברנה סובניון 0.75,אגודת הכורמים,,,"י""ח",750,"ל מ""ל",false,1,29.90,3.95,true,1,
8801850,true,סלקטד ריזלינג 0.75 ל,אגודת הכורמים,,,"י""ח",750,"ל מ""ל",false,1,29.90,3.95,true,1,
8802291,true,"PC מרלו פ.קולקשיין 750מ""ל",אגודת הכורמים,,,"י""ח",750,"ל מ""ל",false,1,39.90,5.28,true,1,
8802512,true,VINO אדום כרמל 750,אגודת הכורמים,,,"י""ח",750,"ל מ""ל",false,1,21.90,2.88,true,1,
8802529,true,VINO לבן כרמל 0.75 ל,אגודת הכורמים,,,"י""ח",750,"ל מ""ל",false,1,19.90,2.61,true,1,
8803090,true,הסדרה האזורית מרלו 750מייל,אגודת הכורמים,,,"י""ח",750,"ל מ""ל",false,1,59.90,7.95,true,1,
8805384,true,".יין מוסקטו סלקטד 750מ""ל",אגודת הכורמים,,,"י""ח",750,"ל מ""ל",false,1,29.90,3.95,true,1,
8805520,true,סלקטד קברנה מרלו 0.75 ל,אגודת הכורמים,,,"י""ח",750,"ל מ""ל",false,1,29.90,3.95,true,1,
8805964,true,הסדרה האזורית קברנה שיראז 750 מייל,אגודת הכורמים,,,"י""ח",750,"ל מ""ל",false,1,59.90,7.95,true,1,
8899321,true,חלה רגילה קלועה (אפיה מקומית).,ג נרל מילס ישראל בעמ,,,"י""ח",570,ל גרם,false,1,10.90,1.91,true,1,
8899376,true,לחמניה פילסברי קשר.אפיה מקומית,ג נרל מילס ישראל בעמ,,,"י""ח",1,,false,1,2.50,2.50,true,1,
8899505,true,בגט ארוך לבן (אפיה מקומית),ג נרל מילס ישראל בעמ,,,"י""ח",250,ל גרם,false,1,4.90,1.96,true,1,
8899512,true,בגט כפרי (אפיה מקומית),ג נרל מילס ישראל בעמ,,,"י""ח",1,,false,1,4.50,4.50,true,1,
8899758,true,נילס קוקיס-שוקולד לבן שקיל,ג נרל מילס ישראל בעמ,,,"ק""ג",1,,true,1,47,47,false,1,
8899772,true,קוקיס שוקו שוקו שקיל,ג נרל מילס ישראל בעמ,,,"ק""ג",1,,true,1,47,47,false,1,
8899956,true,לחמניה קוראסול פילסברי,ג נרל מילס ישראל בעמ,,,"י""ח",150,ל גרם,false,1,4.50,3,true,1,
9169272,true,פקדון,שונות /שרות,,,"י""ח",1,,false,1,0.30,0.30,false,1,
14205017,true,"צלחת קטנות""שווה""50יח",ח.כהן סוכנות מזון ומשקאות בע,,,"י""ח",30,"י""ח",false,1,10.90,0.36,false,1,
42101666,true,איירוויבז HP מנטה ואקליפטוס,מרס ריגלי ישראל בעמ,,,"י""ח",30,ל גרם,false,1,7,23.33,false,1,
42182115,true,מסטיק 5 טעם מנטה עדינה,מרס ריגלי ישראל בעמ,,,"י""ח",1,,false,1,7.60,7.60,false,1,
42306788,true,איירוויבז HP מנטה ואוכמניות,מרס ריגלי ישראל בעמ,,,"י""ח",30,ל גרם,false,1,7,23.33,false,1,
54051157,true,אלפרו מעדן סויה שוקו 500 ג`,שטראוס גרופ בעמ,,,"י""ח",500,ל גרם,false,1,19.80,3.96,false,1,
72940754,true,"מילקי וניל רובין כשל""פ 135גר",שטראוס גרופ ***בעמ,,,"י""ח",130,"ל מ""ל",false,1,2.90,2.23,false,1,
72940761,true,"מילקי שוקו}שטראוס{רובין כשל""פ",שטראוס גרופ ***בעמ,,,"י""ח",130,"ל מ""ל",false,1,2.90,2.23,false,1,
72940952,true,מילקי פי2 קצפת 111גר,שטראוס גרופ ***בעמ,,,"י""ח",111,ל גרם,false,1,4.10,3.69,false,1,
72940983,true,חומוס אחלה 250 גר.,שטראוס גרופ ***בעמ,,,"י""ח",250,ל גרם,false,1,8.30,3.32,false,1,
72945308,true,שמרים קוביות 50,שטראוס גרופ ***בעמ,,,"י""ח",50,ל גרם,false,1,3.80,7.60,false,1,
72961209,true,שמנית*,תנובה בעמ ***,,,"י""ח",200,"ל מ""ל",false,1,2.40,1.20,false,1,
72961223,true,גילה*,תנובה בעמ ***,,,"י""ח",200,"ל מ""ל",false,1,1.51,0.76,false,1,
72961506,true,"פרילי תות 125 מ""ל",תנובה בעמ ***,,,"י""ח",125,"ל מ""ל",false,1,3.70,2.96,false,1,
72961544,true,באדי תות,תנובה בעמ ***,,,"י""ח",125,"ל מ""ל",false,1,3,2.40,false,1,
72964132,true,טבעגורט,תנובה בעמ ***,,,"י""ח",200,"ל מ""ל",false,1,5,2.50,false,1,
72964422,true,שלי יוגורט 4.5% שומן,תנובה בעמ ***,,,"י""ח",200,"ל מ""ל",false,1,3,1.50,false,1,
72986370,true,גלידה פיינטים וניל,מוצרי איכות אמריקאיים בעמ,,,"י""ח",500,"ל מ""ל",false,1,29.90,5.98,true,1,
72986424,true,גלידה פיינטים קרם עוגיות,מוצרי איכות אמריקאיים בעמ,,,"י""ח",750,"ל מ""ל",false,1,29.90,3.99,true,1,
72986448,true,גלידה פיינטים טופי קראנץ,מוצרי איכות אמריקאיים בעמ,,,"י""ח",750,"ל מ""ל",false,1,29.90,3.99,true,1,
72986479,true,גלידה פיינטים צאנקי מנקי,מוצרי איכות אמריקאיים בעמ,,,"י""ח",500,"ל מ""ל",false,1,29.90,5.98,true,1,
72989425,true,גלידה פיינטים שוקולד בראוניס,מוצרי איכות אמריקאיים בעמ,,,"י""ח",750,"ל מ""ל",false,1,29.90,3.99,true,1,
72991886,true,גלידה פיינטים דולציה דה לצ ה,מוצרי איכות אמריקאיים בעמ,,,"י""ח",500,"ל מ""ל",false,1,29.90,5.98,true,1,
72993637,true,דני שוקולד בודד,שטראוס גרופ ***בעמ,,,"י""ח",125,"ל מ""ל",false,1,2.70,2.16,false,1,
72994061,true,פסק זמן GOOD 2,שטראוס גרופ בעמ,,,"י""ח",40,ל גרם,false,1,5.90,14.75,false,1,
80001287,true,גרדנה 25 יח 38 גרם,ליימן שליסל,,,"י""ח",1,,false,1,5.90,5.90,true,1,
80001485,true,גרנדה קוקוס 38 גרם.,ליימן שליסל,,,"י""ח",38,ל גרם,false,1,5.90,15.53,true,1,
80001911,true,גרדנה שוקולד לבן 38 גרם,ליימן שליסל,,,"י""ח",38,ל גרם,false,1,5.90,15.53,true,1,
80050025,true,טיק טק תפוז,פרימיום - חברה לדברי מתיקה ולמ,,,"י""ח",16,ל גרם,false,1,4.10,25.63,true,1,
80050124,true,חטיף טיק טק,פרימיום - חברה לדברי מתיקה ולמ,,,"י""ח",16,ל גרם,false,1,4.10,25.63,true,1,
80052883,true,טיק טק מנטה חזק,פרימיום - חברה לדברי מתיקה ולמ,,,"י""ח",16,ל גרם,false,1,3.50,21.88,true,1,
80136194,true,קינדר הפי היפו 1/5 אגוזי לוז,פרימיום - חברה לדברי מתיקה ולמ,,,"י""ח",5,"י""ח",false,1,12.90,2.58,false,1,
80176800,true,נוטלה 750 גרם,פרימיום - חברה לדברי מתיקה ולמ,,,"י""ח",750,ל גרם,false,1,27.90,3.72,false,1,
80177173,true,נוטלה 350 גרם.,פרימיום - חברה לדברי מתיקה ולמ,,,"י""ח",3.50,"י""ח",false,1,15.90,4.54,false,1,
80177609,true,קינדר 50 גרם,פרימיום - חברה לדברי מתיקה ולמ,,,"י""ח",50,ל גרם,false,1,5.50,11,false,1,
80177616,true,קינדר אצבעות 100 גר,פרימיום - חברה לדברי מתיקה ולמ,,,"י""ח",1,,false,1,9.30,9.30,false,1,
80310167,true,קינדר אצבעות 126 גר,פרימיום - חברה לדברי מתיקה ולמ,,,"י""ח",126,ל גרם,false,1,10.90,8.65,true,1,
80769545,true,מנטוס טעם לימון בקבוק 60ג,ליימן שליסל,,,"י""ח",60,ל גרם,false,1,10.90,18.17,true,1,
80773429,true,מנטוס טעם תות בקבוק 60ג,ליימן שליסל,,,"י""ח",60,ל גרם,false,1,10.90,18.17,true,1,
80790990,true,מנטוס טעם מנטה עדין בקבוק 60ג,ליימן שליסל,,,"י""ח",60,ל גרם,false,1,10.90,18.17,true,1,
80843184,true,מנטוס טעם ענבים בקבוק 60ג,ליימן שליסל,,,"י""ח",60,ל גרם,false,1,9.90,16.50,true,1,
80854753,true,סוכריות מנטה ללא סוכר,ליימן שליסל,,,"י""ח",100,ל גרם,false,1,6.90,6.90,true,1,
80896081,true,מנטוס טעם אבטיח בקבוק 60ג,ליימן שליסל,,,"י""ח",60,ל גרם,false,1,10.90,18.17,true,1,
80913467,true,מנטוס טעם מנטה בקבוק 60ג,ליימן שליסל,,,"י""ח",60,ל גרם,false,1,10.90,18.17,true,1,
80936848,true,טיק טק בטעם תות שדה,פרימיום - חברה לדברי מתיקה ולמ,,,"י""ח",1,,false,1,4.10,4.10,true,1,
80979128,true,מנטוס טעם דובדבן בקבוק 60ג,ליימן שליסל,,,"י""ח",60,ל גרם,false,1,9.90,16.50,true,1,
80995128,true,מנטוס טעם הדרים בתוספת ויטמין D,ליימן שליסל,,,"י""ח",60,ל גרם,false,1,9.90,16.50,true,1,
87108538,true,מנטוס גלילים תות,ליימן שליסל,,,"י""ח",37,ל גרם,false,1,4,10.81,true,1,
87108712,true,מנטוס פירות 1\4,ליימן שליסל,,,"י""ח",150,ל גרם,false,1,11.90,7.93,false,1,
87311396,true,מנטוס גלילים מיקס פירות,ליימן שליסל,,,"י""ח",37.50,ל גרם,false,1,4,10.67,true,1,
90162602,true,"רד בול פחית 250 מ""ל",דיפלומט מפיצים (1968) בעמ**,,,"י""ח",250,"ל מ""ל",false,1,8.20,3.16,true,1,
90162800,true,"רד בול פחית 250 מ""ל",דיפלומט מפיצים (1968) בעמ**,,,"י""ח",250,"ל מ""ל",false,1,8.20,3.16,true,1,
90446269,true,"רד בול אבטיח 250מ""ל",דיפלומט מפיצים (1968) בעמ**,,,"י""ח",250,ל גרם,false,1,6.80,2.60,true,1,
7290005920,true,מגן מסך זכוכית LG 5X nexus,לפ טל-פון שלומי,,,"י""ח",1,,false,1,25,25,false,1,
8421420568,true,בובת TY עיינים גדולות S חתולה,שמחה זה אנחנו,,,"י""ח",1,,false,1,29.90,29.90,false,1,
11182700954,true,קינג קול שעועית שחורה 439ג,מור ים מרקטינג בעמ,,,"י""ח",439,ל גרם,false,1,11.90,2.71,false,1,
11210000094,true,"טבסקו חריף 60 מ""ל",ציון תורגמן בעמ,,,"י""ח",60,"ל מ""ל",false,1,10.90,18.17,true,1,
11210007253,true,טבסקו רוטב שום,ציון תורגמן בעמ,,,"י""ח",60,"ל מ""ל",false,1,10.90,18.17,true,1,
11210009387,true,טבסקו פלפל ירוק,ציון תורגמן בעמ,,,"י""ח",60,"ל מ""ל",false,1,10.90,18.17,false,1,
16000423534,true,נייטשר קראנצ`י ש.שועל ושוקולד מריר 1/5,ליימן שליסל,,,"י""ח",210,ל גרם,false,1,21.90,10.43,true,1,
18000701223,true,תערובת לעוגת שוק(פילסברי),ליימן שליסל,,,"י""ח",517,ל גרם,false,1,21.20,4.10,false,1,
22224200820,true,קני וופלי ליקריץ אוסטרלי אדום 114גר,מור ים מרקטינג בעמ,,,"י""ח",114,ל גרם,false,1,11.90,10.44,false,1,
25675120037,true,מקלות חמוצות 100,גורי ע.ע.ע. בעמ,,,"י""ח",100,ל גרם,false,1,9.90,9.90,false,1,
25675120044,true,מקלות חמוצות 100,גורי ע.ע.ע. בעמ,,,"י""ח",100,ל גרם,false,1,10.30,10.30,false,1,
25675120068,true,ממתק מקלות בטעם קולה,גורי ע.ע.ע. בעמ,,,"י""ח",100,ל גרם,false,1,9.90,9.90,false,1,
30000315958,true,קוואקר פרוטאין בננה אגוזים 366ג.,שטראוס פריטו ליי בעמ,,,"י""ח",366,ל גרם,false,1,21.90,5.98,false,1,
31200001597,true,חמוציות אושן ספריי 170גר,ליימן שליסל,,,"י""ח",170,ל גרם,false,1,15.60,9.18,true,1,
33617000026,true,וואזה מקמח מלא 260ג,גורי מוצרי צריכה בעמ,,,"י""ח",260,ל גרם,false,1,12.90,4.96,true,1,
34000148301,true,נטיפי שוקולד מריר לאפייה 340גר הרשי,ליימן שליסל,,,"י""ח",340,ל גרם,false,1,19.90,5.85,true,1,
34000446001,true,חטיפי שוקולד חלב ריזס מיניס 150גר,ליימן שליסל,,,"י""ח",150,ל גרם,false,1,12.20,8.13,false,1,
34000544028,true,ממתק בטעם תות 198ג,ליימן שליסל,,,"י""ח",198,ל גרם,false,1,10,5.05,false,1,
34000544431,true,ליקרויץ 198 גרם -דובדבן,ליימן שליסל,,,"י""ח",1,,false,1,10,10,false,1,
37600207188,true,חמאת קלאסי סקיפי,דיפלומט מפיצים (1968) בעמ**,,,"י""ח",462,ל גרם,false,1,20.90,4.52,false,1,
37600207256,true,חמאת בוטנים סקיפי עם שברי בוטנים 462 ג,דיפלומט מפיצים (1968) בעמ**,,,"י""ח",462,ל גרם,false,1,20.90,4.52,false,1,
38000138638,true,פרינגלס פיצה 161 גר`פלקס,דיפלומט מפיצים (1968) בעמ**,,,"י""ח",161,ל גרם,false,1,9.90,6.15,true,1,
38000232152,true,פרינגלס ברביקיו 161 גר`פלקס,דיפלומט מפיצים (1968) בעמ**,,,"י""ח",161,ל גרם,false,1,9.90,6.15,true,1,
38000232176,true,פרינגלס שמנת בצל 161 גר`פלקס,דיפלומט מפיצים (1968) בעמ**,,,"י""ח",161,ל גרם,false,1,9.90,6.15,true,1,
38000232183,true,7290002929642פרינגלס אוריגינל 149 גר`.,דיפלומט מפיצים (1968) בעמ**,,,"י""ח",149,ל גרם,false,1,9.90,6.64,true,1,
38527591053,true,דגנים מרובעים קי,שטראוס פריטו ליי בעמ,,,"י""ח",375,ל גרם,false,1,19.90,5.31,false,1,
38527591060,true,דגנים מרובעים,שטראוס פריטו ליי בעמ,,,"י""ח",453,ל גרם,false,1,19.90,4.39,false,1,
40000513568,true,שוקולד M M אריזה גדולה 156ג,מרס ריגלי ישראל בעמ,,,"י""ח",1560,ל גרם,false,1,11.90,0.76,false,1,
40000514480,true,סוכריות M M שוקו.,מרס ריגלי ישראל בעמ,,,"י""ח",1,,false,1,5.20,5.20,true,1,
40000514510,true,סוכריות M M פינאטס 48 ג,מרס ריגלי ישראל בעמ,,,"י""ח",1,,false,1,5.20,5.20,true,1,
41390001079,true,"רוטב סויה דל נטרן 444מ""ל",דיפלומט מפיצים (1968) בעמ**,,,"י""ח",144,"ל מ""ל",false,1,19.90,13.82,false,1,
46214382259,true,עוגיות בראוניס 225 גרם,ש.שסטוביץ בעמ,,,"י""ח",225,ל גרם,false,1,9.90,4.40,true,1,
46214731552,true,עוגיות שוקו צ יפ מרבה,ש.שסטוביץ בעמ,,,"י""ח",225,ל גרם,false,1,9.90,4.40,true,1,
48256214758,true,"אוקסי אבקת הפלא 1 ק""ג",יעקב יעקבי ובניו בעמ,,,"י""ח",1,"ק""ג",false,1,19.90,19.90,false,1,
50000170180,true,פריסקיז עוף ברוטב 156גר`,קבוצת אוסם סחר-שות.מוגבלת,,,"י""ח",156,ל גרם,false,1,8.40,5.38,false,1,
50000225224,true,פריסקיז פריים פילה הודו ברוטב 156גר`,קבוצת אוסם סחר-שות.מוגבלת,,,"י""ח",156,ל גרם,false,1,8.90,5.71,false,1,
50000237951,true,פריסקיז פארטי מיקס גריל 60גר,קבוצת אוסם סחר-שות.מוגבלת,,,"י""ח",60,ל גרם,false,1,11.90,19.83,false,1,
50000429042,true,פנסי פיטס כבד מעודן ועוף,קבוצת אוסם סחר-שות.מוגבלת,,,"י""ח",85,ל גרם,false,1,7.30,8.59,false,1,
50000429448,true,פנסי פיסט נתחי הודו,קבוצת אוסם סחר-שות.מוגבלת,,,"י""ח",85,ל גרם,false,1,7.30,8.59,false,1,
55369901673,true,רבעיות אפרסק חתם סופר 452 גר,מור ים מרקטינג בעמ,,,"י""ח",452,ל גרם,false,1,15.90,3.52,false,1,
55369902342,true,מחית תפוח עץ עברי ביתי חתם סופר,מור ים מרקטינג בעמ,,,"י""ח",709,ל גרם,false,1,15.90,2.24,false,1,
72600062313,true,הר חטיף גבינה בפאלו גבינה כחול 198 ג,מור ים מרקטינג בעמ,,,"י""ח",198,ל גרם,false,1,24.90,12.58,false,1,
76840100583,true,גלידה פיינטים בצק עוגיות 473 מל,מוצרי איכות אמריקאיים בעמ,,,"י""ח",750,"ל מ""ל",false,1,29.90,3.99,true,1,
77245110610,true,סוכריות מאסט מנטה ללא סוכ,שטראוס גרופ בעמ,,,"י""ח",80,ל גרם,false,1,9.60,12,false,1,
77975022757,true,בייגל אמריקאי 382.7גר,ליימן שליסל,,,"י""ח",382,ל גרם,false,1,18.90,4.95,true,1,
77975094631,true,סנדוויץ בייגל במילוי קרם צ דר 226ג.,ליימן שליסל,,,"י""ח",226,ל גרם,false,1,15.90,7.04,true,1,
77975094761,true,סניידרס שברי בייגל גבינת צ`דר 340גר,ליימן שליסל,,,"י""ח",340,ל גרם,false,1,15.90,4.68,true,1,
77975094778,true,"סניידרס שברי בייגל בצל,חרדל ודבש 340ג",ליימן שליסל,,,"י""ח",340,ל גרם,false,1,15.90,4.68,true,1,
77975095133,true,סניידרס שברי בייגל 318ג,ליימן שליסל,,,"י""ח",318,ל גרם,false,1,15.90,5,true,1,
77975095164,true,סניידרס שברי בייגל פרמזו ושום 318ג,ליימן שליסל,,,"י""ח",318,ל גרם,false,1,15.90,5,true,1,
80432402931,true,"וויסקי שיבאס רגאל 700מ""ל",טמפו משקאות בעמ,,,"י""ח",700,"ל מ""ל",false,1,129.90,18.51,true,1,
80518532743,true,שקית בלונים,שמחה זה אנחנו,,,"י""ח",1,,false,1,12,12,false,1,
89397344348,true,רוטב פסטה עם שום ללא גלוטן 737 ג,מור ים מרקטינג בעמ,,,"י""ח",737,ל גרם,false,1,17.90,2.43,false,1,
89397344362,true,רוטב פסטה מרינרה 737גרם,מור ים מרקטינג בעמ,,,"י""ח",737,ל גרם,false,1,17.90,2.43,false,1,
195480030088,true,בלוק צימקאו מריר 300גר,תה ויסוצקי (ישראל)בעמ,,,"י""ח",300,ל גרם,false,1,8.90,2.97,false,1,
613008753320,true,"אריזונה ג`נסנג ודבש 450מ""ל",טמפו משקאות בעמ,,,"י""ח",450,"ל מ""ל",false,1,7.40,1.58,true,1,
613008753351,true,"אריזונה רימונים 450מ""ל",טמפו משקאות בעמ,,,"י""ח",450,"ל מ""ל",false,1,7.40,1.58,true,1,
649660432020,true,היל ויל שזיפים מיובשים 567 גרם,מור ים מרקטינג בעמ,,,"י""ח",567,"ל מ""ל",false,1,25.90,4.57,false,1,
666522900091,true,צ`יברס מרמלדת תפוזים בסגנון אנגלי 340גר,מור ים מרקטינג בעמ,,,"י""ח",340,ל גרם,false,1,22.90,6.74,false,1,
693493102575,true,עגבניות שרי קלמרים,ביכורי השדה צפון 1994 ג.ד. בעמ,,,"י""ח",450,ל גרם,false,1,11.90,2.64,false,1,
710069006867,true,סנדוויץ עוגיות וניל הדר 150גר,ח.כהן סוכנות מזון ומשקאות בע,,,"י""ח",150,ל גרם,false,1,4.90,3.27,false,1,
710069055452,true,סנדוויץ עוגיות שוקו 150גר הדר,ח.כהן סוכנות מזון ומשקאות בע,,,"י""ח",150,ל גרם,false,1,4.90,3.27,false,1,
726367812239,true,ענבים לבן ארוז,ביכורי השדה צפון 1994 ג.ד. בעמ,,,"ק""ג",1,"ק""ג",true,1,25.90,25.90,false,1,
728229123590,true,צי פס אורגינל TERRA,מ.סידס ובנו בעמ,,,"י""ח",110,ל גרם,false,1,15.90,14.45,true,1,
728229123811,true,תה רה צי פס מתובל,מ.סידס ובנו בעמ,,,"י""ח",50,ל גרם,false,1,15.90,31.80,true,1,
728229124771,true,צי פס בטטה טעם ברביקיו TERRA,מ.סידס ובנו בעמ,,,"י""ח",110,ל גרם,false,1,15.90,14.45,true,1,
734896880735,true,בועות סבון בדיספליי,צעצועי דורון ~~~,,,"י""ח",1,,false,1,10,10,false,1,
753182231761,true,משקה אנרגיה בלו סיקס ללא סוכר,בני פאוזי שמשום (2009) בעמ,,,"י""ח",250,"ל מ""ל",false,1,4.50,1.68,true,1,
786150000281,true,"לף בראון בקבוק 330מ""ל 1/6",תימקו בירה בעמ,,,"י""ח",330,"ל מ""ל",false,1,49.90,14.58,true,1,
856591000055,true,עבאדי עוגיות מזרחיות קריספי -400,תה ויסוצקי (ישראל)בעמ,,,"י""ח",400,ל גרם,false,1,18.90,4.73,false,1,
856591000062,true,עבאדי עוגיות מזרחיות מלח -400,תה ויסוצקי (ישראל)בעמ,,,"י""ח",400,ל גרם,false,1,18.90,4.73,false,1,
856591000109,true,עבאדי עוגיות מזרחיות פריך במיוחד 400גר,תה ויסוצקי (ישראל)בעמ,,,"י""ח",400,ל גרם,false,1,18.90,4.73,false,1,
856591000918,true,מארז עבאדי חטיף טבעי 80גר,תה ויסוצקי (ישראל)בעמ,,,"י""ח",320,ל גרם,false,1,14.90,4.66,false,1,
856591000956,true,עבאדי קטנטנים מאפה גריל 350גר,תה ויסוצקי (ישראל)בעמ,,,"י""ח",350,ל גרם,false,1,16.90,4.83,true,1,
893594002051,true,חטיף פופקורן צ`יפס טעם גבינת צ`דר 28גר,שטראוס פריטו ליי בעמ,,,"י""ח",28,ל גרם,false,1,6.90,24.64,false,1,
3014260228842,false,"קצף גילוח ג'ילט לעור רגיל 200 מ""ל",דיפלומט מפיצים (1968) בעמ,,,"י""ח",200,"ל מ""ל",false,1,17.50,8.75,true,1,
3014260240226,false,"קצף גילוח ג'ילט לעור רגיש 200 מ""ל",דיפלומט מפיצים (1986) בע`מ,,,"י""ח",200,"ל מ""ל",false,1,17.50,8.75,true,1,
3014260287030,false,ג`ילט סכיני גילוח חדפ לגבר יבוא מקביל,פארמה דיל (פ.א.ב.) שיווק והפצה,,,"י""ח",1,,false,1,7.90,7.90,true,1,
3014260289287,false,סכין גילוח גילט בלו 2 לנשים-חמישייה,דיפלומט מפיצים (1968) בעמ,,,"י""ח",1,,false,1,16.90,16.90,true,1,
3045206312257,false,דזיטול מגבונים לכל משטח מחטא ומשמיד,יעקב יעקבי ובניו בעמ,,,"י""ח",1,ליטר,false,1,13.80,13.80,false,1,
3046920028004,false,לינדט שוקולד אקסלנס מריר 70% 100 גר,לינדט ושפרונגלי קילשברג,,,"י""ח",100,ל גרם,false,1,17.90,17.90,true,1,
3046920029674,false,אקסלנס עם שבבי מלח לינדט (100 גרם),לינדט ושפרונגלי קילשברג,,,"י""ח",100,ל גרם,false,1,17.90,17.90,true,1,
3046920029759,false,אקסלנס שוקולד מריר 90% לינדט (100 גרם),לינדט ושפרונגלי קילשברג,,,"י""ח",100,ל גרם,false,1,17.90,17.90,true,1,
3073781161663,false,גבינה מותכת 18.5% שומן לה וואש קירי,בני ג`ורג` שוקחה (חיפה) בעמ,,,"י""ח",128,ל גרם,false,1,11.90,9.30,false,1,
3073781161687,false,גבינה לוואש קרי(מותכת) 16 יח 256 גר,בני ג`ורג` שוקחה (חיפה) בעמ,,,"י""ח",256,ל גרם,false,1,22.90,8.95,true,1,
3073781161700,false,מותכת לה וואש קירי 32יח,בני ג ורג שוקחה (חיפה) בעמ,,,"י""ח",480,ל גרם,false,1,37.90,7.90,false,1,
3073781162790,false,גבינה מותכת בייבי בל 120 גרם,א. סיימן סחר בעמ,,,"י""ח",120,ל גרם,false,1,21.90,18.25,true,1,
3083681142983,false,שעועית עדינה קפואה בונדואל 600 גר`,קפוא-זן תעשיות מזון בעמ - תפוג,,,"י""ח",600,ל גרם,false,1,21.90,3.65,false,1,
3083681143010,false,אפונת גן קפואה בונדואל 600 גר`,קפוא-זן תעשיות מזון בעמ - תפוג,,,"י""ח",600,ל גרם,false,1,13.90,2.32,false,1,
3083681143041,false,גרעיני תירס קפואים בונדואל 600 גר`,קפוא-זן תעשיות מזון בעמ - תפוג,,,"י""ח",600,ל גרם,false,1,14.90,2.48,false,1,
3083681143652,false,פרוסות חציל בגריל קפואים בונדואל 600ג,קפוא-זן תעשיות מזון בעמ - תפוג,,,"י""ח",600,ל גרם,false,1,24.90,4.15,false,1,
3083681143690,false,פרוסות זוקיני בגריל קפואים בונדואל 600ג,קפוא-זן תעשיות מזון בעמ - תפוג,,,"י""ח",600,ל גרם,false,1,24.90,4.15,false,1,
3083681143720,false,חצאי פלפלים בגריל קפואים בונדואל 60,קפוא-זן תעשיות מזון בעמ - תפוג,,,"י""ח",600,ל גרם,false,1,24.90,4.15,false,1,
3161911229199,false,חמאה צרפתית רכה למריחה אל & ויר 250 גרם,א. סיימן סחר בעמ,,,"י""ח",250,ל גרם,false,1,23.90,9.56,true,1,
3178530402353,false,עוגות מיני מדלן קלאסי סאן מישל 175 גרם,סאן מישל ביסוויט,,,"י""ח",175,ל גרם,false,1,11.90,6.80,true,1,
3178530407938,false,עוגיות מיני מדליין עם שוקוצ'יפס סאן מישל 175 גרם,א. סיימן סחר בעמ,,,"י""ח",175,ל גרם,false,1,12.90,7.37,true,1,
3178530411478,false,ביסקוויטים גאלט עם חמאה ומלח ים,א. סיימן סחר בעמ,,,"י""ח",150,ל גרם,false,1,13.90,9.27,false,1,
3178530412703,false,עוגיות חמאה דונאט עם שוקולד 180 גר,א. סיימן סחר בעמ,,,"י""ח",180,ל גרם,false,1,19.90,11.06,false,1,
3178530417340,false,בראוניז שוקולד סנט מישל 210 גרם,א. סיימן סחר בעמ,,,"י""ח",180,ל גרם,false,1,19.90,11.06,true,1,
3178530417357,false,בראוניז שוקולד לבן סנט מישל 210 גרם,א. סיימן סחר בעמ,,,"י""ח",180,ל גרם,false,1,19.90,11.06,true,1,
3282554138911,false,כפיות לבן 100 יח PP ארקפלסט (40 בק`)*,ח.כהן סוכנות מזון ומשקאות בע,,,"י""ח",100,"י""ח",false,1,6.90,0.07,false,1,
3282554174841,false,מזלגות לבן 100 יח PP ארקפלסט (40 בק`),ח.כהן סוכנות מזון ומשקאות בע,,,"י""ח",100,"י""ח",false,1,9.90,0.10,false,1,
3282554174957,false,כפות לבן 100 יח PP ארקפלסט (40 בק`)*,ח.כהן סוכנות מזון ומשקאות בע,,,"י""ח",100,"י""ח",false,1,9.90,0.10,false,1,
3387390525960,false,קראנץ' דגני בוקר עם שוקולד חלב נסטלה 500 גרם,קבוצת אוסם סחר שותפות מוגבלת,,,"י""ח",500,ל גרם,false,1,24.70,4.94,true,1,
3523230025652,false,"גבינת מיני בושה עם שום ועשי תיבול ועשבי, 125 גרם",א. סיימן סחר בעמ,,,"י""ח",125,ל גרם,false,1,24.90,19.92,false,1,
3523230045827,false,גבינת סנט מור עיזים160גר,א. סיימן סחר בעמ,,,"י""ח",160,ל גרם,false,1,28.90,18.06,true,1,
3574661352275,false,"מי פה ליסטרין קידס 250 מ""ל פירות יער",ג'\ונסון אנד ג'\ונסון,,,"י""ח",250,"ל מ""ל",false,1,14.90,5.96,true,1,
3574661487328,false,קרפרי מגני תחתון אורגינל פלוס 56 יח',הדקלאים אגודת שיתופי,,,"י""ח",58,"י""ח",false,1,19.90,0.34,true,1,
3574661487335,false,מגן תחתון קרפרי מקסי לונג ריחני 40 יחידות,ש. שסטוביץ בע`מ,,,"י""ח",1,,false,1,18.90,18.90,true,1,
3574661491806,false,מי פה אדבנס וויט מנטה מסירה כתמים קשים,ג'\ונסון אנד ג'\ונסון,,,"י""ח",500,"ל מ""ל",false,1,19.90,3.98,true,1,
3574669909204,false,גונסונס בייבי שמן לתינוק 300 מל,ג'ונסונס Johnson's,,,"י""ח",300,ל גרם,false,1,24.90,8.30,false,1,
3600523651870,false,שמפו לחיזוק סיב השערה לכל סוגי השיער,לוריאל ישראל קוסמטיקס בעמ,,,"י""ח",550,"ל מ""ל",false,1,16.90,3.07,true,1,
3883133883132,false,סביבון,צבע ומכחול (2014) בעמ,,,"י""ח",1,,false,1,7.90,7.90,false,1,
4000417019004,false,שוקולד חלב אגוזי לוז שלמים ריטר ספורט 100 גרם,ריטר ספורט Ritter sport,,,"י""ח",100,ל גרם,false,1,12.90,12.90,true,1,
4000417023001,false,ריטר ספורט שוקולד חלב מעולה עם שקדים שלמים,ריטר ספורט Ritter sport,,,"י""ח",100,ל גרם,false,1,12.90,12.90,true,1,
4000417025005,false,שוקולד מריר במילוי מרציפן ריטר ספורט 100 גרם,ריטר ספורט Ritter sport,,,"י""ח",100,ל גרם,false,1,9.90,9.90,true,1,
4000417026002,false,שוקולד ריטר ספורט פרלין 100 גרם חלב נוכרי,ריטר ספורט Ritter sport,,,"י""ח",100,ל גרם,false,1,9.90,9.90,true,1,
4000417211002,false,שוקולד חלב מעולה ממולא קרם קרמל מוקצף ושברי שקדים מומלחים,ריטר ספורט Ritter sport,,,"י""ח",100,ל גרם,false,1,9.90,9.90,true,1,
4000417222008,false,שוקולד ריטר ספורט חלב+שברי אגוזים 100 גרם חלב נוכרי,ריטר ספורט Ritter sport,,,"י""ח",100,ל גרם,false,1,9.90,9.90,true,1,
4000417224002,false,"ריטר ספורט טבלת שוקולד מריר אגוזים, 100 גרם",ריטר ספורט Ritter sport,,,"י""ח",100,ל גרם,false,1,12.90,12.90,true,1,
4000417294005,false,שוקולד ריטר מוס קקאו 100 גרם חלב נוכרי,ריטר ספורט Ritter sport,,,"י""ח",100,ל גרם,false,1,9.90,9.90,true,1,
4000417298003,false,שוקולד ריטר ספורט קוקוס 100 גרם חלב נוכרי,ריטר ספורט Ritter sport,,,"י""ח",100,ל גרם,false,1,9.90,9.90,true,1,
4000417707000,false,שוקולד חלב מעולה עם שברי קשיו קלוי ומומלח,ריטר ספורט Ritter sport,,,"י""ח",100,ל גרם,false,1,12.90,12.90,true,1,
4000522061752,false,בייגלה צ'יו מקלות מלוחים 100 גרם,ר.ב. מוצרי דגנים בעמ,,,"י""ח",100,ל גרם,false,1,4.40,4.40,false,1,
4000539280726,false,שוקולד לינדט אקסלנס מילד 70% 100 גר`,משה סידס ובנו בעמ,,,"י""ח",100,ל גרם,false,1,16.90,16.90,true,1,
4000539280740,false,לינדט אקסלנס 78% מוצקי קקאו 100 גרם,לינדט ושפרונגלי קילשברג,,,"י""ח",100,ל גרם,false,1,16.90,16.90,true,1,
4000869032569,false,"הפי מבשם ומטהר אויר ורוד מוצק יעקבי 150 מ""ל","יעקב יעקבי ובניו בע""מ",,,"י""ח",1,,false,1,10.90,10.90,false,1,
4002720004371,false,קפה אספרסו קלוי וטחון 250 גרם BELLA CREMA,דנשר (1963) בעמ,,,"י""ח",250,ל גרם,false,1,16.90,6.76,false,1,
4005900488459,false,"ניוואה - דאודורנט רול און לאישה דריי פרש 50 מ""ל",אלפא ב.ד.ף בעמ,,,"י""ח",50,"ל מ""ל",false,1,14.90,29.80,true,1,
4008287058161,false,בירה קרומבאכר פילס 4.8% שישיה 6 * 330 מל,אגודת הכורמים -כרמל מזרחי,,,"י""ח",1.98,ליטר,false,1,37.90,18.23,true,1,
4008287762020,false,בירה קרומבאכר חיטה 0.50 ליטר בקבוק,אגודת הכורמים -כרמל מזרחי,,,"י""ח",500,"ל מ""ל",false,1,14.20,2.78,true,1,
4008287905786,false,בירה קרומבאכר חיטה 5.3% פחית 500 מל,אגודת הכורמים -כרמל מזרחי,,,"י""ח",50,"ל מ""ל",false,1,9.90,19.20,true,1,
4009300527909,false,חליטת צמחים ג'ינג'ר כורכום ללא קפאין,ש. שסטוביץ בע`מ,,,"י""ח",30,ל גרם,false,1,14.90,49.67,true,1,
4009300528821,false,תה ירוק פומפדור ג'ינגר וקינמון 20 יחידות,ש.שסטוביץ בעמ,,,"י""ח",30,ל גרם,false,1,16.90,56.33,true,1,
4009300530107,false,חליטה קרה בטעמי תות שדה ותפוז פומפדור 45 ג',ש.שסטוביץ בעמ,,,"י""ח",300,ל גרם,false,1,15.90,5.30,true,1,
4009300530145,false,חליטה קרה בטעמי מוחיטו ופירות יער פומפדור 45 ג',ש. שסטוביץ בע`מ,,,"י""ח",300,ל גרם,false,1,15.90,5.30,true,1,
4009300595120,false,חליטת צמחים פומפדור ג'ינג'ר מנגו 20 יחידות,ש.שסטוביץ בעמ,,,"י""ח",30,ל גרם,false,1,14.90,49.67,true,1,
4009900379564,false,מסטיק טייפ בטעם פירות הובה בובה (56 גרם),מרס ריגלי קונפקשונרי,,,"י""ח",672,ל גרם,false,1,8.40,1.25,false,1,
4009900385824,false,מסטיק אורביט פפרמינט סטיקס משפחתי-חמישיות,"מרס ריגלי ישראל בע""מ",,,"י""ח",5,"י""ח",false,1,11.50,2.30,false,1,
4009900402965,false,אורביט וויט בטעם פירות בקבוקון 46מלבניות,"מרס ריגלי ישראל בע""מ",,,"י""ח",90,ל גרם,false,1,11.50,12.78,true,1,
4009900403023,false,אורביט וויט בטעם מנטה בקבוקון 46 מלבניות,"מרס ריגלי ישראל בע""מ",,,"י""ח",90,ל גרם,false,1,11.50,12.78,true,1,
4009900420129,false,מסטיק אורביט פרופשנל פפרמינט בקבוקון 64 גר',"מרס ריגלי ישראל בע""מ",,,"י""ח",90,ל גרם,false,1,11.50,12.78,true,1,
4009900426039,false,מסטיק מנטה אקליפטוס בקבוקון איירווייבס 64 גרם,"מרס ריגלי ישראל בע""מ",,,"י""ח",90,ל גרם,false,1,11.50,12.78,true,1,
4009900455299,false,"סוכרית ג'לי אדומה 174 גרם ""סקיטלס""","מרס ריגלי ישראל בע""מ",,,"י""ח",174,ל גרם,false,1,11,6.32,false,1,
4009900479998,false,אורביט וויט אוכמניות בקבוקון 46 מלבניות,"מרס ריגלי ישראל בע""מ",,,"י""ח",90,ל גרם,false,1,11.50,12.78,true,1,
4009900482417,false,מסטיק אורביט פירות מנטה בקבוקון באבל מינט 45יח,"מרס ריגלי ישראל בע""מ",,,"י""ח",90,ל גרם,false,1,11.50,12.78,true,1,
4009900500166,false,סוכריות פירות אדום סקיטלס בקבוקון 125ג',"מרס ריגלי ישראל בע""מ",,,"י""ח",1,,false,1,10.90,10.90,false,1,
4009900531122,false,"מסטיק בטעם מנטה ספירמינט, 64 ג' פרופשיונל אורפיט","מרס ריגלי ישראל בע""מ",,,"י""ח",90,ל גרם,false,1,11.50,12.78,true,1,
4009900531573,false,סוכריות סקיטלס סמודיס בטעמי יוגורט ופירות,"מרס ריגלי ישראל בע""מ",,,"י""ח",174,ל גרם,false,1,8.90,5.11,false,1,
4009900534918,false,סקיטלס גאיינט פירות 141 גרם,מרס ריגלי ישראל בעמ,,,"י""ח",141,ל גרם,false,1,8.90,6.31,false,1,
4009900535519,false,מסטיק אורביט רפרשרס ספירמינט ללא סוכר 15.6גר',"מרס ריגלי ישראל בע""מ",,,"י""ח",15,ל גרם,false,1,3.90,26,false,1,
4009900535540,false,מסטיק אורביט רפרשרס פפרמינט ללא סוכר 15.6גר',"מרס ריגלי ישראל בע""מ",,,"י""ח",15,ל גרם,false,1,3.90,26,false,1,
4009900536288,false,מסטיק אורביט רפרשרס פפרמינט בקבוקון ללא סוכר 67 גר',מרס ריגלי קונפקשונרי,,,"י""ח",67,ל גרם,false,1,11.90,17.76,false,1,
4009900536486,false,מסטיק אורביט רפרשרס באבלמינט בקבוקון ללא סוכר 67 גר',מרס ריגלי קונפקשונרי,,,"י""ח",67,ל גרם,false,1,11.90,17.76,false,1,
4009900539340,false,סוכריות ג`יינט פירות סקיטלס סאוור (141 ג,מרס ריגלי קונפקשונרי,,,"י""ח",141,ל גרם,false,1,8.90,6.31,false,1,
4009900539432,false,מסטייק אורבייט פייב באונוס אבטיח HP,מרס ריגלי ישראל בעמ,,,"י""ח",15,ל גרם,false,1,3.90,26,false,1,
4009900539685,false,"מסטיק פייב באונס בטעם מנטה בקבוקון, 61.8 גרם","מרס ריגלי ישראל בע""מ",,,"י""ח",67,ל גרם,false,1,11.90,17.76,true,1,
4009900539746,false,"מסטיק פייב באונס בטעם אבטיח בקבוקון, 61.8 גרם","מרס ריגלי ישראל בע""מ",,,"י""ח",67,ל גרם,false,1,11.90,17.76,true,1,
4011800567613,false,מאגדת קורני מילק דרק & ואיט 120 גרם,מיוצר עי קונדיטוריית,,,"י""ח",1,,false,1,15.90,15.90,true,1,
4011800628512,false,חטיף קורני שוקולד חלב 6 יח 150 גר,מיוצר עי קונדיטוריית,,,"י""ח",150,ל גרם,false,1,15.90,10.60,true,1,
4011800630515,false,חטיף קורני שוקולד חלב ובננה 6 יח 150 גר,מיוצר עי קונדיטוריית,,,"י""ח",150,ל גרם,false,1,15.90,10.60,true,1,
4011800636517,false,קורני פרי שוקולד חלב מעולה ללא סוכר 6*1,מיוצר עי קונדיטוריית,,,"י""ח",6,"י""ח",false,1,15.90,2.65,true,1,
4014400901191,false,בונבונריית מרסי מבחר ממתקי שוקולד 250 גרם,ליימן שליסל בע`מ,,,"י""ח",250,ל גרם,false,1,31.90,12.76,true,1,
4014400910063,false,סוכריות חמאה וורטרס אורגינל (135 גרם),ליימן שליסל בע`מ,,,"י""ח",135,ל גרם,false,1,12.80,9.48,true,1,
4014400914696,false,וורטרס אורגינל סוכריות ללא סוכר 80 גרם,ליימן שליסל בע`מ,,,"י""ח",1,,false,1,11,11,true,1,
4014400914924,false,"סוכריות בטעם קפה וורטר אורגינל לל""ס 80 גרם",קריניציה ויטמינה אס,,,"י""ח",1,,false,1,11,11,true,1,
4014400920857,false,וורטר אורגינל ללא סוכר בטעם שוקולד-שקית 70 גרם,קריניציה ויטמינה אס,,,"י""ח",70,ל גרם,false,1,11,15.71,true,1,
4014400923711,false,בונבוניירה שוקולד אגוזים טופיפי 125 גרם,ליימן שליסל בע`מ,,,"י""ח",125,ל גרם,false,1,13.90,11.12,true,1,
4015000519915,false,"פה - דאודורנט ספריי לאישה פינק פרדייס 200 מ""ל",שוורצקופף והנקל,,,"י""ח",200,"ל מ""ל",false,1,12.90,6.45,true,1,
4015400564034,false,מגן תחתון אולוויז מגה פק לונג פלוס 58 יחידות,דיפלומט מפיצים (1986) בע`מ,,,"י""ח",58,"י""ח",false,1,24.90,0.43,true,1,
4015400564454,false,מגני תחתון אולוויז לארג' עם ניחוח מגה פק,דיפלומט מפיצים (1986) בע`מ,,,"י""ח",1,,false,1,24.90,24.90,true,1,
4015400681670,false,תחבושות אולוויז וליו פק לילה בטוח 18 יחידות,דיפלומט מפיצים (1986) בע`מ,,,"י""ח",1,,false,1,19.90,19.90,true,1,
4015400755241,false,תחבושות היגייניות אולוויז אולטרה נורמל - 28 יח',דיפלומט מפיצים (1986) בע`מ,,,"י""ח",1,,false,1,19.90,19.90,true,1,
4015600762742,false,שמפו יומיומי למניעת קשקשים הנוסחה הקלאסית,דיפלומט מפיצים (1986) בע`מ,,,"י""ח",500,"ל מ""ל",false,1,22.90,4.58,false,1,
4015600762902,false,"שמפו האד אנד שולדרס מנטול 500 מ""ל",דיפלומט מפיצים (1986) בע`מ,,,"י""ח",500,"ל מ""ל",false,1,22.90,4.58,false,1,
4015600762940,false,שמפו יומיומי למניעת קשקשים בניחוח תפוח,דיפלומט מפיצים (1986) בע`מ,,,"י""ח",500,"ל מ""ל",false,1,22.90,4.58,false,1,
4017040222930,false,דונאטס טעמים מאפייה,ג.וילי פוד אינטרנשיונל בעמ,,,"י""ח",1,,false,1,6.90,6.90,false,1,
4017100198151,false,בלזן היט ביסקוויט עם מלית קרם בטעם וניל (41%) 220 גרם,הדקלאים אגודת שיתופי,,,"י""ח",220,ל גרם,false,1,11,5,true,1,
4017100364112,false,בלזן היט בסקוויט סנדביץ עם מלית קרם בטעם שוקולד קקאו (41%) 220 גרם,הדקלאים אגודת שיתופי,,,"י""ח",220,ל גרם,false,1,11,5,true,1,
4023800122105,false,מרציפן לא מצופה 82 גרם,שוקוטרייד בעמ,,,"י""ח",82,ל גרם,false,1,7.90,9.63,false,1,
4025700001962,false,מילקה טבלה 100 גר' לבן 1/22 (4248023),דיפלומט מפיצים (1968) בעמ**,,,"י""ח",100,ל גרם,false,1,7.90,7.90,true,1,
4061445096702,false,קפה דוידוף מגורען 100 גר FINE AROMA,"טשיבו, אספי.זד.או.או",,,"י""ח",100,ל גרם,false,1,24.90,24.90,false,1,
4061445096726,false,קפה דוידוף מגורען 100 גר RICH AROMA,"טשיבו, אספי.זד.או.או",,,"י""ח",100,ל גרם,false,1,24.90,24.90,false,1,
4072700003649,false,בירה פרנסיסקאנר בהירה בקבוק 500 מל,הכרם - משקאות חריפים בעמ,,,"י""ח",500,"ל מ""ל",false,1,10.90,2.12,true,1,
4084500065536,false,פנטן קרם לחות מוגברת לעיצוב שיער 300 מל,דיפלומט מפיצים (1968) בעמ,,,"י""ח",300,"ל מ""ל",false,1,19.90,6.63,false,1,
4084500088917,false,נוזל לניקוי כלים לימון פיירי (650 מל),דיפלומט מפיצים (1986) בע`מ,,,"י""ח",650,"ל מ""ל",false,1,11.90,1.83,false,1,
4084500149526,false,טייד גל כביסה 2.48 ליטר אלפים רענן,דיפלומט מפיצים (1986) בע`מ,,,"י""ח",2.48,ליטר,false,1,29.90,12.06,false,1,
4084500853836,false,"נוזל כלים פיירי ורדים ומשי 515 מ""ל בד""צ",דיפלומט מפיצים (1986) בע`מ,,,"י""ח",1.24,ליטר,false,1,12.50,10.08,false,1,
4084500853898,false,"נוזל כלים פיירי אלוורה ומלפפונים 515 מ""ל בד""צ",דיפלומט מפיצים (1986) בע`מ,,,"י""ח",515,"ל מ""ל",false,1,12.50,2.43,false,1,
4084500920880,false,נוזל כלים פיירי אורגינל ירוק 1.24 ליטר,דיפלומט מפיצים (1968) בעמ,,,"י""ח",1.24,ליטר,false,1,15.90,12.82,true,1,
4600680013800,false,קיט קאט זברה 4 אצבעות 41.5גר,קבוצת אוסם סחר שותפות מוגבלת,,,"י""ח",41,ל גרם,false,1,3.90,9.51,true,1,
4605561010343,false,פילה דג הרינג חתיכות בשמן 500 גרם,דילר בי.אמ.די פורמולה בעמ,,,"י""ח",500,ל גרם,false,1,26.90,5.38,true,1,
4605561011975,false,חתיכות פילה דג הרינג בשמן מצונן 150 גרם,דילר בי.אם.די. פורמולה בעמ,,,"י""ח",150,ל גרם,false,1,7.90,5.27,false,1,
4605561013009,false,פילה דג הרינג בשמן 400 גרם,דילר בי.אם.די. פורמולה בעמ,,,"י""ח",400,ל גרם,false,1,15.90,3.98,true,1,
4640018993350,false,פיניש קוואנטום קפסולות ג'ל למדיח כלים לימון 30 יח',רקיט בנקיזר (ניר איסט) בעמ,,,"י""ח",30,"י""ח",false,1,43.90,1.46,true,1,
4710068001692,false,מאסטר קפה בטעם לאטה בפחית 240מ`ל,תאיט מרקטינג אנד דיסטריב,,,"י""ח",240,"ל מ""ל",false,1,7.20,2.88,true,1,
4710068002798,false,מאסטר קפה בטעם וניל בפחית 240מ`ל,מאיטה פוד אינדוסטריאל קו,,,"י""ח",240,"ל מ""ל",false,1,6.90,2.88,true,1,
4750021000133,false,וודקה סטולי פרמיום,הכרם משקאות חריפים בעמ,,,"י""ח",500,"ל מ""ל",false,1,51.20,10.18,true,1,
4800888150080,false,"דאב - דאודורנט רול און לאישה פרש טאצ' מלפפונים 50 מ""ל",יוניליוור ישראל שיווק בע`מ,,,"י""ח",1,,false,1,19.90,19.90,true,1,
4810168000066,false,פילה דג הרינג מלוח מצונן עם תבלינים 250 גרם,דילר בי.אם.די. פורמולה בעמ,,,"י""ח",250,ל גרם,false,1,13.90,5.56,true,1,
4810168001056,false,פילה דג הרינג מלוח מצונן בצנצנת חתיכות 260גרם,דילר בי.אם.די. פורמולה בעמ,,,"י""ח",260,ל גרם,false,1,17.90,6.88,false,1,
4810168018795,false,חתיכות פילה דג הרינג מלוח מצונן 200גרם,דילר בי.אם.די. פורמולה בעמ,,,"י""ח",200,ל גרם,false,1,13.90,6.95,true,1,
4810168024512,false,פילה דג הרינג מלוח מצונן עם תבלין בצנצנת חתיכות 260 גרם,דילר בי.אם.די. פורמולה בעמ,,,"י""ח",260,ל גרם,false,1,17.90,6.88,false,1,
4810168045579,false,פילה פורל מלוח פ.קפוא 100ג מוכן לאכילה,דילר בי.אמ.די פורמולה בעמ,,,"י""ח",100,ל גרם,false,1,22.90,22.90,true,1,
4810168045913,false,גלידה שמנת קקאו בראוניז אסקימו 75 גרם,אייס דילר בי.אמ.די בעמ,,,"י""ח",100,ל גרם,false,1,7.90,7.90,true,1,
4810168049966,false,בלינצ'ס במילוי דובדבן מוקפא 360 גרם,דילר בי.אם.די. פורמולה בעמ,,,"י""ח",360,ל גרם,false,1,13.90,3.86,true,1,
4810168051396,false,בצק שמרים מרודד מוקפא 450 גרם,דילר בי.אמ.די פורמולה בעמ,,,"י""ח",450,ל גרם,false,1,8.90,1.98,true,1,
4810168052270,false,עלי בלינצ'ס בבושקה אנה 320 גרם,דילר בי.אם.די. פורמולה בעמ,,,"י""ח",320,ל גרם,false,1,9.90,3.09,false,1,
4810168055028,false,כיסונים במילוי דובדבנים מוקפאים 450 גרם,דילר בי.אם.די. פורמולה בעמ,,,"י""ח",450,ל גרם,false,1,19.90,4.42,true,1,
4810168055080,false,כיסונים במילוי כרוב ופטריות מוקפאים 450 גרם,דילר בי.אמ.די פורמולה בעמ,,,"י""ח",450,ל גרם,false,1,12.90,2.87,true,1,
4810168055165,false,לביבות גבינת טובורג מוקפאות 450 גרם,דילר בי.אמ.די פורמולה בעמ,,,"י""ח",450,ל גרם,false,1,19.90,4.42,true,1,
4810168055875,false,חתיכות פילה דג הרינג מתובל ממולח בשמן 1200 גרם,דילר בי.אם.די. פורמולה בעמ,,,"י""ח",1.20,"ק""ג",false,1,39.90,33.25,false,1,
4810168055899,false,פילה דג הרינג מומלח בשמן מצונן 1200 גרם,דילר בי.אם.די. פורמולה בעמ,,,"י""ח",1.20,"ק""ג",false,1,39.90,33.25,false,1,
4810168055905,false,פילה דג הרינג סקנדינבי ממולח בשמן 1200 גרם,דילר בי.אם.די. פורמולה בעמ,,,"י""ח",1.20,"ק""ג",false,1,39.90,33.25,false,1,
4810168056964,false,בלינצ'ס במילוי ממרח קקאו-אגוזי לוז מוקפא 360 גרם,דילר בי.אמ.די פורמולה בעמ,,,"י""ח",360,ל גרם,false,1,13.90,3.86,true,1,
4810168057435,false,חתיכות פילה דג XXLהרינג מלוח בשמן מצונן 400 גרם,דילר בי.אם.די. פורמולה בעמ,,,"י""ח",400,ל גרם,false,1,26.90,6.73,true,1,
4810168058975,false,חתיכות פילה דג הרינג סקנדינבי מלוח מצונן 260 גר,דילר בי.אם.די. פורמולה בעמ,,,"י""ח",260,ל גרם,false,1,17.90,6.88,false,1,
4810168058999,false,פילה דג הרינג סקנדינבי מלוח מצונן 250 גרם,דילר בי.אמ.די פורמולה בעמ,,,"י""ח",250,ל גרם,false,1,13.90,5.56,true,1,
4810168062170,false,"כיסונים פרווה במילוי תפו""א ובצל מוקפאים 450 גר",דילר בי.אמ.די פורמולה בעמ,,,"י""ח",450,ל גרם,false,1,14.90,3.31,true,1,
4810168062217,false,"בלינצ'ס פרווה במילוי תפו""ץ וקינמון מוקפא 360 גר",דילר בי.אמ.די פורמולה בעמ,,,"י""ח",360,ל גרם,false,1,15.90,4.42,true,1,
4820034925546,false,"בירה לאגר צאזז לייט בקבוק 500 מ""ל -בודד",בני פאוזי שמשום (2009) בעמ,,,"י""ח",500,"ל מ""ל",false,1,3.90,0.72,true,1,
4823077611049,false,CUNDY NUT סוכריות קרמל נוגט ובוטנים 1 ק,דילר בי.אמ.די.אינטרנשיונל בעמ,,,"י""ח",1,"ק""ג",false,1,28.90,28.90,false,1,
4823077614767,false,שוקולד רושן חלב נוגט בטעם אגוזי לוז 90 גרם,דילר בי.אמ.די.אינטרנשויונל בעמ,,,"י""ח",90,ל גרם,false,1,4.90,5.44,true,1,
4823077618161,false,גליליות ופל רושן קונפטו חלב 140 גרם,דילר בי.אמ.די.אינטרנשויונל בעמ,,,"י""ח",140,ל גרם,false,1,6.90,4.93,true,1,
4823077618901,false,בונבוניירה רושן דובדבן ליקר רום 150 גרם,דילר בי.אמ.די.אינטרנשויונל בעמ,,,"י""ח",150,ל גרם,false,1,12.90,8.60,true,1,
4823077621635,false,חטיף שוקולד רושן בטעם חלב 72 גרם,דילר בי.אמ.די.אינטרנשויונל בעמ,,,"י""ח",72,ל גרם,false,1,3.90,5.42,true,1,
4823077621642,false,חטיף שוקולד רושן בטעם שוקולד 72 גר,דילר בי.אמ.די.אינטרנשויונל בעמ,,,"י""ח",72,ל גרם,false,1,3.90,5.42,true,1,
4823077621659,false,חטיף שוקולד רושן בטעם אגוז 72 גר,דילר בי.אמ.די.אינטרנשויונל בעמ,,,"י""ח",72,ל גרם,false,1,3.90,5.42,true,1,
4823077623714,false,רושן סוכריות טופי ממולאים בטעם חלב מילקי ספלש 150 גרם,דילר בי.אמ.די.אינטרנשויונל בעמ,,,"י""ח",150,ל גרם,false,1,6.90,4.60,true,1,
4823077624247,false,"רושן ממתקי סוכריות ג'ילי ""בוני פרוט"" בטעם הדרים 200 גר",דילר בי.אמ.די.אינטרנשויונל בעמ,,,"י""ח",200,ל גרם,false,1,6.90,3.45,true,1,
4823077625145,false,ממתקי שוקולד מריר עם דובדבן בליקר דובדבן,דילר בי.אמ.די.אינטרנשויונל בעמ,,,"י""ח",150,ל גרם,false,1,12.90,8.60,true,1,
4823077626227,false,שוקולד רושן אורירי חלב 80 גרם,דילר בי.אמ.די.אינטרנשויונל בעמ,,,"י""ח",80,ל גרם,false,1,6.90,8.63,true,1,
4823077626364,false,שוקולד רושן אורירי לבן 80 גרם,דילר בי.אמ.די.אינטרנשויונל בעמ,,,"י""ח",80,ל גרם,false,1,6.90,8.63,true,1,
4823077630422,false,"סנדוויץ' קרקר חלב וניל רושן 235 גרם "" 2 CRACK """,דילר בי.אמ.די.אינטרנשויונל בעמ,,,"י""ח",235,ל גרם,false,1,9.90,4.21,true,1,
4823077630439,false,"סנדוויץ' קרקר שוקולד רושן 235 גרם "" 2 CRACK """,דילר בי.אמ.די.אינטרנשויונל בעמ,,,"י""ח",235,ל גרם,false,1,9.90,4.21,true,1,
4823077630996,false,"סנדוויץ' קרקר קקאו-אגוז רושן 235 גרם "" 2 CRACK """,דילר בי.אמ.די.אינטרנשויונל בעמ,,,"י""ח",235,ל גרם,false,1,9.90,4.21,true,1,
4823077631467,false,קרקר עם מלח ים רושן 168 גר HI DAY,דילר בי.אמ.די.אינטרנשויונל בעמ,,,"י""ח",168,ל גרם,false,1,4.90,2.92,true,1,
4823077631474,false,קרקר קלאסי רושן 168 גר HI DAY,דילר בי.אמ.די.אינטרנשויונל בעמ,,,"י""ח",168,ל גרם,false,1,4.90,2.92,true,1,
4823077631863,false,גליליות ופל רושן קונפטו וניל 140 גרם,דילר בי.אמ.די.אינטרנשויונל בעמ,,,"י""ח",140,ל גרם,false,1,6.90,4.93,true,1,
4823077632112,false,וופל רושן בטעם קקאו חלב 216 גרם,דילר בי.אמ.די.אינטרנשויונל בעמ,,,"י""ח",216,ל גרם,false,1,6.90,3.19,true,1,
4823077632358,false,סוכריות מקל רושן קולה 150גר,דילר בי.אמ.די.אינטרנשיונל בעמ,,,"י""ח",150,ל גרם,false,1,4.90,3.27,true,1,
4823077632570,false,שוקולד רושן BRUT מריר 85 גרם,דילר בי.אמ.די.אינטרנשויונל בעמ,,,"י""ח",85,ל גרם,false,1,6.90,8.12,true,1,
4823077633034,false,"גליליות וופל רושן ""קונאפטו"" קקאו 140 ג",דילר בי.אמ.די.אינטרנשויונל בעמ,,,"י""ח",140,ל גרם,false,1,6.90,4.93,true,1,
4823077633058,false,"גליליות וופל רושן ""קונאפטו"" אגוז 140 ג",דילר בי.אמ.די.אינטרנשויונל בעמ,,,"י""ח",140,ל גרם,false,1,6.90,4.93,true,1,
4823077633317,false,עוגיות שוקוצ'יפס LOVITA שוקולד עם חתיכות שוקולד 150 גרם,דילר בי.אמ.די.אינטרנשויונל בעמ,,,"י""ח",150,ל גרם,false,1,6.90,4.60,true,1,
4823077633324,false,עוגיות שוקוצ'יפס LOVITA עם חתיכות שוקולד 150 גרם,דילר בי.אמ.די.אינטרנשויונל בעמ,,,"י""ח",150,ל גרם,false,1,6.90,4.60,true,1,
4823077633331,false,עוגיות שוקוצ'יפס LOVITA בטעם תפוז 150 גרם,דילר בי.אמ.די.אינטרנשויונל בעמ,,,"י""ח",150,ל גרם,false,1,6.90,4.60,true,1,
4823077633348,false,עוגיות שוקוצ'יפס LOVITA עם חתיכות בוטנים 150 גרם,דילר בי.אמ.די.אינטרנשויונל בעמ,,,"י""ח",150,ל גרם,false,1,6.90,4.60,true,1,
4823077633508,false,חטיף שוקולד רושן במילוי קרם קקאו מצופה 34 גרם,דילר בי.אמ.די.אינטרנשויונל בעמ,,,"י""ח",34,ל גרם,false,1,3.90,11.47,true,1,
4823077633515,false,חטיף שוקולד רושן במילוי קרם חלבי מצופה 34 גרם,דילר בי.אמ.די.אינטרנשויונל בעמ,,,"י""ח",34,ל גרם,false,1,3.90,11.47,true,1,
4823077634222,false,עוגיות Lovita ממולאות ג'לי תפוז מצופות צימקאו,דילר בי.אמ.די.אינטרנשויונל בעמ,,,"י""ח",168,ל גרם,false,1,6.90,4.11,true,1,
4823077634246,false,עוגיות Lovita ממולאות ג'לי פטל מצופות צימקאו,דילר בי.אמ.די.אינטרנשויונל בעמ,,,"י""ח",168,ל גרם,false,1,6.90,4.11,true,1,
4823077634277,false,עוגיות Lovita ממולאות ג'לי תות שדה מצופות צימקאו,דילר בי.אמ.די.אינטרנשויונל בעמ,,,"י""ח",168,ל גרם,false,1,6.90,4.11,true,1,
4823077634413,false,עוגות אישיות TOO COOL תות שדה 270 גרם,דילר בי.אמ.די.אינטרנשיונל בעמ,,,"י""ח",270,ל גרם,false,1,13.90,5.15,true,1,
4823077635489,false,חטיף וופל רושן קרם קקאו JOHNY KROCKERי 350 גרם,דילר בי.אמ.די.אינטרנשויונל בעמ,,,"י""ח",350,ל גרם,false,1,16.90,4.83,true,1,
4823077635533,false,חטיף וופל רושן קרם חלב JOHNY KROCKERי 350 גרם,דילר בי.אמ.די.אינטרנשויונל בעמ,,,"י""ח",350,ל גרם,false,1,16.90,4.83,true,1,
4823077636004,false,עוגיות Lovita ממולאות ג'לי דובדבן מצופות צימקאו,דילר בי.אמ.די.אינטרנשויונל בעמ,,,"י""ח",168,ל גרם,false,1,6.90,4.11,true,1,
4823077636059,false,עוגיות קקאו דובדבן LOVITAי 420 גרם,דילר בי.אמ.די.אינטרנשויונל בעמ,,,"י""ח",420,ל גרם,false,1,16.90,4.02,true,1,
4823077636097,false,עוגיות פטל LOVITAי 420 גרם,דילר בי.אמ.די.אינטרנשויונל בעמ,,,"י""ח",420,ל גרם,false,1,16.90,4.02,true,1,
4823077636110,false,עוגיות תפוז LOVITAי 420 גרם,דילר בי.אמ.די.אינטרנשויונל בעמ,,,"י""ח",420,ל גרם,false,1,16.90,4.02,true,1,
4823077636332,false,עוגיות רושן LOVITA במילוי קרם שוקולד 127 גרם,דילר בי.אמ.די.אינטרנשויונל בעמ,,,"י""ח",127,ל גרם,false,1,6.90,5.43,true,1,
4823077636554,false,סוכריות ממולאות קרם בטעם חלב טיפת חלב 378 גרם,דילר בי.אמ.די.אינטרנשויונל בעמ,,,"י""ח",378,ל גרם,false,1,11.90,3.15,true,1,
4823077636561,false,סוכריות ממולאות בטעם חלב קפה קפה לייק 378 גרם,דילר בי.אמ.די.אינטרנשויונל בעמ,,,"י""ח",378,ל גרם,false,1,11.90,3.15,true,1,
4823077636578,false,סוכריות טופי כוס חלב מילקי ספלאש 325 גרם,דילר בי.אמ.די.אינטרנשויונל בעמ,,,"י""ח",325,ל גרם,false,1,11.90,3.66,true,1,
4823077636585,false,סוכריות ג`לי טופי מינקי בינקי 325 גר` רו,דילר בי.אמ.די.אינטרנשויונל בעמ,,,"י""ח",325,ל גרם,false,1,11.90,3.66,true,1,
4823077636592,false,רושן סוכריות ג'לי קרייזי פצ'ולקה 378 גרם,דילר בי.אמ.די.אינטרנשויונל בעמ,,,"י""ח",378,ל גרם,false,1,11.90,3.15,true,1,
4823077636608,false,רושן סוכריות טופי במילוי שוקולד טופלין 325 גרם,דילר בי.אמ.די.אינטרנשויונל בעמ,,,"י""ח",325,ל גרם,false,1,11.90,3.66,true,1,
4823097809785,false,"גלידת שמנת משובחת בטעם וניל 1ק""ג שרוול",אייס דילר בי.אמ.די בעמ,,,"י""ח",1,"ק""ג",false,1,35.90,35.90,false,1,
4823097809921,false,גלידת שמנת משובחת בטעם שוקולד 500גר,אייס דילר בי.אמ.די בעמ,,,"י""ח",500,ל גרם,false,1,21.90,4.38,false,1,
4823097810019,false,"גלידת ונילה קרמל בוופל אמפרזה, 100 גרם",אייס דילר בי.אמ.די בעמ,,,"י""ח",100,ל גרם,false,1,7.90,7.90,true,1,
4891199178474,false,סוללות סופר אלקליין (שמינייה)AA C8,סמיקום לקסיס בעמ,,,"י""ח",1,,false,1,16.90,16.90,true,1,
4891199178504,false,סוללות סופר אלקליין(שמינייה) AAA C8,סמיקום לקסיס בעמ,,,"י""ח",1,,false,1,16.90,16.90,true,1,
4895149084921,false,שלישיית נורות לד 12W=75W הברגה E27 אור,פוגיקום בעמ,,,"י""ח",1,,false,1,24.90,24.90,true,1,
5000111047371,false,רטבי HP ברביקיו קלאסי היינץ,דיפלומט מפיצים (1968) בעמ**,,,"י""ח",465,ל גרם,false,1,15.90,3.42,false,1,
5000146980322,false,קרם להסרת שיער לעור רגיל מועשר בחלב לוטוס ויסמין,רקיט בנקיזר (ניר איסט) בעמ,,,"י""ח",100,"ל מ""ל",false,1,23.90,23.90,true,1,
5000157143365,false,מתבל בטעם מיונז וקטשופ היינץ 425 גרם,דיפלומט מפיצים (1968) בעמ**,,,"י""ח",425,ל גרם,false,1,16.90,3.98,false,1,
5000159414197,false,מלטיזרס-כדורים פריכים בציפוי שוולד חלב 135 גרם,מרס שוקולד צ.אמריקה,,,"י""ח",1560,ל גרם,false,1,10.90,0.70,false,1,
5000159459228,false,חטיף אצבעות קרמל ושוקולד טוויקס (50 גרם),"מרס ריגלי ישראל בע""מ",,,"י""ח",50,ל גרם,false,1,4.90,9.80,true,1,
5000159461122,false,סניקרס חטיף שוקולד עם בוטנים 50 גרם,"מרס ריגלי ישראל בע""מ",,,"י""ח",51,ל גרם,false,1,4.90,9.61,true,1,
5000159538626,false,טוויקס מארז חטיף 50 גרם חמישייה,"מרס ריגלי ישראל בע""מ",,,"י""ח",180,ל גרם,false,1,12.90,7.17,true,1,
5000168199245,false,שוקולד חלב מעולה בתוספת קרמל מלוח פיור גודייבה 90 ג',"אולקר מקבוצת פלאדיס, ציק",,,"י""ח",90,ל גרם,false,1,14.90,16.56,true,1,
5000204196689,false,רייד מכשיר חשמלי + 2 נוזל מילוי 90 לילות,"דנשר (1963) בע,מ",,,"י""ח",1,,false,1,45.90,45.90,false,1,
5000204254617,false,סבון מוצק לאסלה ירח פורח 38.6 ג' דאק,דאופלור אס.פי.אי כונ,,,"י""ח",30,"ל מ""ל",false,1,8.90,29.67,true,1,
5000209145514,false,"שטיפת פה ירוק מנטה עדין נשימה רעננה קולגייט פלאקס 250 מ""ל",קולגייט- פלמוליב,,,"י""ח",250,ל גרם,false,1,11.90,4.76,false,1,
5000213014905,false,בירה בפחית גינס (440 מל),החברה המרכזית להפצת משקאות בעמ,,,"י""ח",330,"ל מ""ל",false,1,15.90,4.73,false,1,
5000267024233,false,"וויסקי ג'וני בלאק לייבל עם פורר 700מ""ל",החברה המרכזית להפצת משקאות בעמ,,,"י""ח",700,"ל מ""ל",false,1,129.90,18.51,false,1,
5000394098886,false,שישיית סוללות דורסל AAA פלוס פאור,דיפלומט מפיצים (1986) בע`מ,,,"י""ח",1,,false,1,19.90,19.90,false,1,
5010182997338,false,דאק ג'ל לניקוי אסלות בניחוח רענן 55 מל,"איטיליאן פוד, אס.פי.",,,"י""ח",55,ל גרם,false,1,12.90,23.45,false,1,
5010182997918,false,דאק ג'ל לניקוי אסלות בניחוח ים 55 מל,"איטיליאן פוד, אס.פי.",,,"י""ח",55,ל גרם,false,1,12.90,23.45,false,1,
5010182998861,false,דאק נוזל לניקוי אסלות בניחוח רענן 750 מל,מיוצר עי קונדיטוריית,,,"י""ח",750,"ל מ""ל",false,1,8.90,1.19,false,1,
5010677551281,false,בריזר לימון בבקבוק בקרדי (275 מל),בקרדי בריזר Bacardi Breezer,,,"י""ח",275,"ל מ""ל",false,1,15.90,5.67,true,1,
5010677551397,false,"בקרדי בריזר בטעם לימון ליים 275 מ""ל",בקרדי בריזר Bacardi Breezer,,,"י""ח",275,"ל מ""ל",false,1,14.20,5.05,true,1,
5010677552387,false,"בקרדי בריזר אננס 275 מ""ל בקבוק",בקרדי בריזר Bacardi Breezer,,,"י""ח",275,"ל מ""ל",false,1,15.90,5.67,true,1,
5010677554398,false,בריזר אבטיח בבקבוק בקרדי (275 מל),בקרדי בריזר Bacardi Breezer,,,"י""ח",275,"ל מ""ל",false,1,15.90,5.67,true,1,
5010677850100,false,"וודקה צרפתית גריי גוס 700מ""ל",בקרדי מרטיני,,,"י""ח",750,"ל מ""ל",false,1,109.90,14.61,false,1,
5011417547885,false,"אירוויק מקלות ריחניים בניחוח כביסה באוויר 30 מ""ל",רקיט בנקיזר (ניר איסט) בעמ,,,"י""ח",1,,false,1,16.90,16.90,true,1,
5011417554760,false,"אירוויק מבשם אויר נטול גז בניחוח ורדים וארכידאה 345 מ""ל",רקיט בנקיזר (ניר איסט) בעמ,,,"י""ח",345,"ל מ""ל",false,1,14.90,4.32,true,1,
5014271300429,false,"מעדן משמש 100% פרי סנטדלפור 284 גרם לל""ס",סאן דלפור - שמבור,,,"י""ח",284,ל גרם,false,1,23.90,8.42,true,1,
5014271310428,false,מעדן דובדבנים שחורים ללא תוספת סוכר 284 גרם,סאן דלפור - שמבור,,,"י""ח",284,ל גרם,false,1,23.90,8.42,true,1,
5014271360423,false,"מעדן תפוזים לל""ס סאן דלפור 284 גרם",סאן דלפור - שמבור,,,"י""ח",284,ל גרם,false,1,23.90,8.42,true,1,
5014271400426,false,"מעדן בטעם תות שדה לל""ס סאן דלפור 284 גרם",סאן דלפור - שמבור,,,"י""ח",284,ל גרם,false,1,23.90,8.42,true,1,
5029053002408,false,קלינקס - נייר טואולט קליניקס לבן 9 גלילים,קימברלי קלארק ישראל שיווק בעמ,,,"י""ח",1184,ל גרם,false,1,33.90,2.86,false,1,
5029053039725,false,ממחטות נייר קלינקס נטורל פרש קופסה 72 דף,קימברלי קלארק ישראל שיווק בעמ,,,"י""ח",72,"י""ח",false,1,10.90,0.15,true,1,
5053827193368,false,דגני בוקר קלוגס ברנפלקס 500 גרם,קלוגס קומפני אוף גרייט ב,,,"י""ח",500,ל גרם,false,1,24.90,4.98,false,1,
5060517886486,false,"משקה אנרגיה מונסטר אנרג'י בפחית 500 מ""ל",החברה המרכזית להפצת משקאות בעמ,,,"י""ח",500,"ל מ""ל",false,1,7,1.34,false,1,
5060517886516,false,"משקה אנרגיה מונסטר אנרג'י זירו בפחית 500 מ""ל",החברה המרכזית להפצת משקאות בעמ,,,"י""ח",500,"ל מ""ל",false,1,7,1.34,false,1,
5060639128051,false,"משקה אנרגיה מונסטר אולטרה בפחית 500 מ""ל",החברה המרכזית להפצת משקאות בעמ,,,"י""ח",500,"ל מ""ל",false,1,7,1.34,false,1,
5060751218173,false,"משקה אנרגיה מונסטר אנרג'י piplin punch בפחית 500 מ""ל",החברה המרכזית להפצת משקאות בעמ,,,"י""ח",500,"ל מ""ל",false,1,7.50,1.44,false,1,
5060751219033,false,"משקה אנרגיה מונסטר אנרג'י זירו paradise בפחית 500 מ""ל",החברה המרכזית להפצת משקאות בעמ,,,"י""ח",500,"ל מ""ל",false,1,7,1.34,false,1,
5201004020338,false,גליליות קפריס קרם אגוזים שוקולד 400 גר,משה סידס ובנו בעמ,,,"י""ח",400,ל גרם,false,1,24.90,6.23,false,1,
5201085540084,false,סוכריות ג'ילי מיקס שקית 800 גר',בני פאוזי שמשום (2009) בעמ,,,"י""ח",800,ל גרם,false,1,15.90,1.99,false,1,
5201184478530,false,קישוטי עוגה נסיכה+גמדים,שמחה זה אנחנו,,,"י""ח",1,,false,1,10.70,10.70,false,1,
5202795080709,false,אוזו מטקסה Ouzo Metaxa,הכרם - משקאות חריפים בעמ,,,"י""ח",750,"ל מ""ל",false,1,77.90,10.35,true,1,
5410126006377,false,לוטוס עוגיות סנדוויץ' במילוי וניל 150 גר',דיפלומט מפיצים (1968) בעמ**,,,"י""ח",150,ל גרם,false,1,9.90,6.60,false,1,
5410126106022,false,לוטוס ביסקויט מארז חג 2*250ג.,דיפלומט מפיצים (1968) בעמ**,,,"י""ח",500,ל גרם,false,1,17.90,3.58,true,1,
5410126116953,false,ממרח ביסקוויט קרמל לוטוס (400 גרם),דיפלומט מפיצים (1968) בעמ**,,,"י""ח",312,ל גרם,false,1,22.90,7.34,false,1,
5410126726947,false,ממרח ביסקוויט קרמל קראנץ' לוטוס 380 גרם,דיפלומט מפיצים (1968) בעמ**,,,"י""ח",380,ל גרם,false,1,23.90,6.29,false,1,
5410228267515,false,"שישיית בירה לאגר באדוויזר 6*330 מ""ל",הכרם - משקאות חריפים בעמ,,,"י""ח",1.98,ליטר,false,1,31.70,15.10,true,1,
5410291022011,false,ממרח אגוזי לוז עם קקאו צ`וקטה (350 גרם),ש. שסטוביץ בע`מ,,,"י""ח",385,ל גרם,false,1,11.90,3.09,true,1,
5410291022738,false,צ'וקטה ממרח חלב ואגוזי לוז עם קקאוי 350ג',ש. שסטוביץ בע`מ,,,"י""ח",350,ל גרם,false,1,11.90,3.40,true,1,
5410291022752,false,צ'וקטה ממרח אגוזי לוז עם קקאו פרווה 350 ג',ש. שסטוביץ בע`מ,,,"י""ח",350,ל גרם,false,1,11.90,3.40,true,1,
5410769100081,false,"בירה לה שוף קטן 330 מ""ל בקבוק",הכרם משקאות חריפים בעמ,,,"י""ח",330,"ל מ""ל",false,1,14.90,4.42,true,1,
5410769200088,false,"בירה מק שוף קטן 330 מ""ל בקבוק",הכרם משקאות חריפים בעמ,,,"י""ח",330,"ל מ""ל",false,1,14.90,4.42,true,1,
5411188080268,false,משקה סויה אלפרו אורגני אלפרו (1 ליטר),הנסיך- מפעל לייצור ט,,,"י""ח",1,ליטר,false,1,17.50,17.50,false,1,
5411188110835,false,אלפרו חלב סויה שקדים וניל 1ל',הנסיך- מפעל לייצור ט,,,"י""ח",1,ליטר,false,1,14.90,14.90,false,1,
5411188112709,false,"משקה קוקוס אלפרו 1 ליטר משקה שקדים לל""ס",הנסיך- מפעל לייצור ט,,,"י""ח",1,ליטר,false,1,16.80,16.80,false,1,
5411188115472,false,משקה סויה אלפרו 1 ליטר,הנסיך- מפעל לייצור ט,,,"י""ח",1,ליטר,false,1,14.90,14.90,false,1,
5411188121978,false,אלפרו משקה סויה עמיד מועשר בסידן 3*250,שטראוס גרופ בע`מ,,,"י""ח",750,"ל מ""ל",false,1,15.90,2.12,false,1,
5411188135005,false,אלפרו 1.8% NOT M*LK שיבולת שועל 1 ליטר בית יוסף,שטראוס גרופ בעמ/מצונן,,,"י""ח",1,ליטר,false,1,13.90,13.90,true,1,
5411188300328,false,אלפרו משקה סויה עמיד בטעם שוקו 1 ליטר,הנסיך- מפעל לייצור ט,,,"י""ח",1,ליטר,false,1,17.50,17.50,false,1,
5411188543398,false,משקה סויה ללא סוכר אלפרו 1 ליטר,הנסיך- מפעל לייצור ט,,,"י""ח",1,ליטר,false,1,14.80,14.80,false,1,
5411681014005,false,בירה דובל 330 מל פקד,הכרם משקאות חריפים בעמ,,,"י""ח",330,"ל מ""ל",false,1,12.90,3.82,true,1,
5601008200444,false,עוגיות גודיס טבעות מצופות שוקולד חלב מרבה 150 גרם,הנסיך- מפעל לייצור ט,,,"י""ח",150,ל גרם,false,1,7.90,5.27,true,1,
5601008200451,false,עוגיות גודיס טבעות מצופות שוקולד מריר מרבה 150 גרם,ש. שסטוביץ בע`מ,,,"י""ח",150,ל גרם,false,1,7.90,5.27,true,1,
5601008200468,false,עוגיות גודיס טבעות מצופות שוקולד לבו מרבה 150 גרם,קריניציה ויטמינה אס,,,"י""ח",150,ל גרם,false,1,7.90,5.27,true,1,
5604912415041,false,סרדינים בשמן חמניה פורטוס 125 גרם,קונסרבס פורטוגל נורטה לי,,,"י""ח",125,ל גרם,false,1,6.80,5.44,false,1,
5604912415058,false,סרדינים פורטוס בשמן חמניות חריף 125 גרם,דיפלומט מפיצים (1968) בעמ**,,,"י""ח",125,ל גרם,false,1,6.80,5.44,false,1,
5701932026964,false,"הוטפופ גרעיני תירס להכנת פופקורן במיקרוגל בטעם טבעי, בתוספת מלח, 600 גרם",ליימן שליסל בע`מ,,,"י""ח",600,ל גרם,false,1,17.90,2.98,true,1,
5701932026971,false,הוטפופ גרעיני תירס להכנת פופקורן במיקרוגל בטעם חמאה 600 גרם,ליימן שליסל בע`מ,,,"י""ח",600,ל גרם,false,1,17.90,2.98,true,1,
5711953106583,false,גבינת שמנת בטעם טבעי 200 גרם ארלה,שטראוס גרופ בעמ/מצונן,,,"י""ח",200,ל גרם,false,1,16.90,8.45,true,1,
5711953106590,false,גבינת שמנת ארלה שמנת שום 200 גרם,שטראוס גרופ בעמ/מצונן,,,"י""ח",200,ל גרם,false,1,16.90,8.45,true,1,
5711953148347,false,גבינת שמנת בטעם טבעי 300 גרם ארלה,שטראוס גרופ בעמ (ח),,,"י""ח",300,ל גרם,false,1,24.90,8.30,true,1,
5740900108264,false,ממרח לופרק ללא מלח מעדניה שטראוס,שטראוס גרופ בעמ/מצונן,,,"ק""ג",1,"ק""ג",true,1,49.90,49.90,false,1,
5740900403215,false,ממרח חמאה דנית לורפק עם מלח 250 גרם,שטראוס גרופ בעמ/מצונן,,,"י""ח",250,ל גרם,false,1,17.90,7.16,false,1,
5740900403222,false,ממרח לורפק חמאה עם מלח מופחת שומן 250 ג,שטראוס גרופ בעמ/מצונן,,,"י""ח",250,ל גרם,false,1,17.90,7.16,false,1,
5740900403239,false,ממרח חמאה דנית לורפק ללא מלח 250 גרם,שטראוס גרופ בעמ/מצונן,,,"י""ח",250,ל גרם,false,1,17.90,7.16,false,1,
5740900403246,false,ממרח לורפק ללא תוספת מלח 500 גר,שטראוס גרופ בעמ/מצונן,,,"י""ח",500,ל גרם,false,1,29.80,5.96,true,1,
5740900403253,false,ממרח מחמאת לורפק עם מלח 500 ג',שטראוס גרופ בעמ/מצונן,,,"י""ח",500,ל גרם,false,1,29.80,5.96,true,1,
5740900403260,false,ממרח מחמאת לורפק ללא מלח 27% פחות שומן,שטראוס גרופ בעמ/מצונן,,,"י""ח",250,ל גרם,false,1,17.90,7.16,false,1,
5900017062419,false,"ניוואה - תחליב רחצה ורדים ושמן שקדים 750 מ""ל",אלפא ב.ד.ף בעמ,,,"י""ח",750,"ל מ""ל",false,1,15.90,2.12,true,1,
5900020012814,false,דגנים תפוחים בטעם שוקולד נסקוויק נסטלה 500 גרם,קבוצת אוסם סחר שותפות מוגבלת,,,"י""ח",500,ל גרם,false,1,27.30,5.46,true,1,
5900020018908,false,פיטנס חטיפי אנרגיה דגנים בטעם קרם עוגיות נסטלה 6*23.5 גרם,קבוצת אוסם סחר-שות.מוגבלת,,,"י""ח",141,ל גרם,false,1,17.70,12.55,true,1,
5900020024770,false,פיטנס - דליס חטיף דגנים שוקולד אגוז 22.50 גרם * 6,קבוצת אוסם סחר שותפות מוגבלת,,,"י""ח",135,ל גרם,false,1,16.70,12.37,true,1,
5900020026552,false,דגני בוקר האני נאט צ'יריוס בטעם דבש ושקדים,קבוצת אוסם סחר שותפות מוגבלת,,,"י""ח",615,ל גרם,false,1,26.30,4.28,true,1,
5900020029669,false,פיטנס - חטיף דגנים פירות יער 23.50 גרם * 6,קבוצת אוסם סחר שותפות מוגבלת,,,"י""ח",135,ל גרם,false,1,17.70,13.11,true,1,
5900020036407,false,ליון דגני בוקר שוקולד וקרמל נסטלה 480 גרם,קבוצת אוסם סחר שותפות מוגבלת,,,"י""ח",410,ל גרם,false,1,25.90,6.32,true,1,
5900020037916,false,דגני בוקר שיבולת שועל צ'ריוס 375ג',קבוצת אוסם סחר שותפות מוגבלת,,,"י""ח",375,ל גרם,false,1,15.90,4.24,false,1,
5900020039590,false,פיטנס חטיף דגנים קלאסי 6.8*23.5גר פרווה,קבוצת אוסם סחר-שות.מוגבלת,,,"י""ח",141,ל גרם,false,1,16.70,11.84,true,1,
5900020039620,false,פיטנס חטיף דגנים שקדים ודבש פרווה 8 6*23 ג,קבוצת אוסם סחר שותפות מוגבלת,,,"י""ח",141,ל גרם,false,1,16.70,11.84,true,1,
5900020041142,false,קורנפלקס פיטנס 500 ג' אסם,קבוצת אוסם סחר-שות.מוגבלת,,,"י""ח",500,ל גרם,false,1,18.90,3.78,true,1,
5900627066715,false,טבליות למדיח פיניש הכל ב-1 100 יח,רקיט בנקיזר (ניר איסט) בעמ,,,"י""ח",100,"י""ח",false,1,64.90,0.65,true,1,
5900951283963,false,חטיף סניקרס עם חמאת בוטנים Creamy Peanut Butter,"מרס ריגלי ישראל בע""מ",,,"י""ח",36,ל גרם,false,1,4.50,12.50,true,1,
5901888020508,false,FREEYU חטיף דגנים עם קינואה בטעם צ'ילי 70 גרם,"דנשר (1963) בע,מ",,,"י""ח",70,ל גרם,false,1,12.90,18.43,false,1,
5901888020546,false,FREEYU חטיף דגנים עם קינואה ומלח ים 70 גרם,"דנשר (1963) בע,מ",,,"י""ח",70,"ל מ""ל",false,1,12.90,18.43,false,1,
5904941750312,false,"משקה אנרגיה BLU מוחיטו בודד 250 מ""ל",בני פאוזי שמשום (2009) בעמ,,,"י""ח",250,"ל מ""ל",false,1,4.50,1.68,true,1,
5904941751302,false,משקה אנרגיה בפחית בלו (250 מל),בני פאוזי שמשום (2009) בעמ,,,"י""ח",250,"ל מ""ל",false,1,3.90,1.44,true,1,
5904941751920,false,בלו משקה אנרגיה דיי חצי מכמות הקלו250 מל,בני פאוזי שמשום (2009) בעמ,,,"י""ח",250,"ל מ""ל",false,1,4.50,1.68,true,1,
5906485301012,false,משקה אנרגיה XL מוגז פחית 250 מל,טמפו משקאות בע`מ,,,"י""ח",250,"ל מ""ל",false,1,4.50,1.68,true,1,
5998623530637,false,"אדלמה קברנה סובניון יין אדום יבש (כשר) 750 מ""ל",מ.אקרמן בעמ,,,"י""ח",750,"ל מ""ל",false,1,44.90,5.95,false,1,
5998710131877,false,בונבונטי חטיף דובדבן בשוקולד 36 גרם,דילר בי.אמ.די.אינטרנשיונל בעמ,,,"י""ח",36,ל גרם,false,1,3.90,10.83,true,1,
6001067017530,false,מברשת שיניים קולגייט לילדים מגיל שנתיים עד חמש 1 יחידה,יבואן ומשווק: ש. שסט,,,"י""ח",1,,false,1,11.90,11.90,true,1,
6901022100409,false,ג'ינג'ר כתוש לירון 100 גרם,ביג פוד כחול לבן בעמ*שיק 30 יו,,,"י""ח",1,,false,1,4.90,4.90,false,1,
6901022100416,false,שום כתוש לירון 100 גרם,ביג פוד כחול לבן בעמ*שיק 30 יו,,,"י""ח",1,,false,1,4.90,4.90,false,1,
6901022100584,false,רצועות פלפלים אדומים קלויים,ביג פוד כחול לבן בעמ*שיק 30 יו,,,"י""ח",1,,false,1,13.90,13.90,false,1,
6901022100591,false,רצועות מיקס פלפלים קלויים,ביג פוד כחול לבן בעמ*שיק 30 יו,,,"י""ח",1,,false,1,13.90,13.90,false,1,
6910191800287,false,אצות נורי בלו 10 דף (ננגטונג),מזרח ומערב יבוא ושיווק,,,"י""ח",10,"י""ח",false,1,13.90,1.39,true,1,
6912977000140,false,אטריות שעועית 250 גר' ( Yantai)ללא גלוטן(כ),מזרח ומערב יבוא ושיווק,,,"י""ח",200,ל גרם,false,1,10.90,5.45,true,1,
6920290620167,false,מקלף אלומיניום,לפ סווטה בעמ ~~~,,,"י""ח",1,,false,1,5.30,5.30,false,1,
6920354822193,false,משחת שיניים נטורל הדרים אקליפטוס קולגייט 90 ג',קולגייט פלמוליב,,,"י""ח",68,"ל מ""ל",false,1,24.90,36.62,false,1,
6921850620368,false,"לד 10W A60 אור יום- אריזת 3 י""ח קופסה OMEGA E27",עולם הבית שיווק והפצה בעמ,,,"י""ח",3,"י""ח",false,1,24.90,8.30,false,1,
6934930849016,false,שמן חמניות אורו 1 לי,ישרא-בר שמנים ותבואות בעמ,,,"י""ח",1,ליטר,false,1,9.90,9.90,true,1,
6934931265266,false,סוללות 10 יח' גדול,עולם הבית שיווק והפצה בעמ,,,"י""ח",1,,false,1,9.90,9.90,false,1,
6936613888667,false,שום ארוז יבוא,ביכורי השדה צפון 1994 ג.ד. בעמ,,,"י""ח",1,,false,1,8.90,8.90,true,1,
6936745600783,false,"חומץ אורז מזרח מערב 500 מ""ל",מזרח ומערב יבוא ושיווק,,,"י""ח",500,"ל מ""ל",false,1,16.90,3.38,false,1,
6974640730167,false,פטריות שיטאקה 100 גר (כ) (Zhejiang),מזרח ומערב יבוא ושיווק,,,"י""ח",100,ל גרם,false,1,12.90,12.90,false,1,
7262626058497,false,כובע צמר לגבר,ביג מול בעמ,,,"י""ח",1,,false,1,29.90,29.90,false,1,
7262626088180,false,טייץ טרמי שחור,ביג מול בעמ,,,"י""ח",183,ל גרם,false,1,29.90,16.34,false,1,
7262626088197,false,טייץ טרמי צבעוני מלא,ביג מול בעמ,,,"י""ח",183,ל גרם,false,1,29.90,16.34,false,1,
7262626088272,false,מטריה סיליקון שחור חצי אוטו בדיספליי,ביג מול בעמ,,,"י""ח",1,,false,1,39.90,39.90,false,1,
7262626111222,false,"דובי 23ס""מ מיקס 6 צבעים",ביג מול בעמ,,,"י""ח",1,,false,1,19.90,19.90,false,1,
7271730901261,false,ווקי מאק ארוחת אטריות עם גבינה 156 גרם,ניו וורלד פסטה קומפנ,,,"י""ח",156,ל גרם,false,1,11.90,7.63,false,1,
7290000000848,false,תירס מתוק ארוז,ביכורי השדה צפון 1994 ג.ד. בעמ,,,"ק""ג",1,,true,1,19.90,19.90,false,1,
7290000000978,false,חסה גוש קטיף ירק הארץ היתר מכירה,ביכורי השדה צפון 1994 ג.ד. בעמ,,,"י""ח",1,,false,1,6.90,6.90,true,1,
7290000001074,false,כרוב אדום מהדרין-ברכת קטיף,ביכורי השדה צפון 1994 ג.ד. בעמ,,,"ק""ג",1,,true,1,4.90,4.90,false,1,
7290000001586,false,שמיר מהדרין קטיף טרי,ביכורי השדה צפון 1994 ג.ד. בעמ,,,"י""ח",1,,false,1,6.90,6.90,true,1,
7290000001593,false,נענע מהדרין קטיף טרי,ביכורי השדה צפון 1994 ג.ד. בעמ,,,"י""ח",1,,false,1,6.90,6.90,true,1,
7290000001616,false,כוסברה ירק הארץ גוש היתר מכירה,ביכורי השדה צפון 1994 ג.ד. בעמ,,,"י""ח",1,,false,1,5.90,5.90,true,1,
7290000023083,false,ערק אשקלון בקבוק 700,טמפו משקאות בע`מ,,,"י""ח",700,"ל מ""ל",false,1,58.90,8.37,true,1,
7290000024264,false,רזרב מרלו יקבי ברקן (750 מל),"כרמי צבי - אחים סגל בע""\",,,"י""ח",750,"ל מ""ל",false,1,44.90,5.95,true,1,
7290000024523,false,"תירוש של סגל ,מיץ ענבים , 1 ליטר",כרמי צבי - האחים סגל,,,"י""ח",7.50,"י""ח",false,1,16.90,2.21,true,1,
7290000034256,false,ביסקוויט תירוש חצי מצופה 175 ג`הדר*,ח.כהן סוכנות מזון ומשקאות בע,,,"י""ח",175,ל גרם,false,1,6.90,3.94,true,1,
7290000040042,false,יופלה יוגורט תות %3 גביע 150 גרם,"תנובה בע""מ ***",,,"י""ח",150,"ל מ""ל",false,1,5.60,3.73,false,1,
7290000040066,false,יופלה יוגורט דובדבן %3 גביע 150 גרם,תנובה מרכז שיתופי לש,,,"י""ח",150,"ל מ""ל",false,1,5.60,3.73,false,1,
7290000040080,false,יופלה יוגורט אפרסק %3 גביע 150 גרם,"תנובה בע""מ ***",,,"י""ח",150,"ל מ""ל",false,1,5.60,3.73,false,1,
7290000040301,false,תנובה עין גדי קממבר מחלב בקר 24% שומן,תנובה מרכז שיתופי לש,,,"י""ח",125,ל גרם,false,1,20.60,16.48,false,1,
7290000041407,false,"גיל קטן 3% תנובה 125 מ""ל בד""ץ",תנובה מרכז שיתופי לש,,,"י""ח",125,"ל מ""ל",false,1,0.90,0.72,false,1,
7290000041445,false,קוטג תנובה גביע 250 גרם 5% בדצ,מיוצר עי קונדיטוריית,,,"י""ח",275,ל גרם,false,1,5.90,2.15,false,1,
7290000041452,false,גבינת קוטג`9% מהדרין תנובה (250 גרם),תנובה מרכז שיתופי לש,,,"י""ח",250,ל גרם,false,1,5.90,2.36,false,1,
7290000041858,false,"שמנת חמוצה 15% מועשרת יטבתה 200 מ""ל",שטראוס גרופ בעמ/מצונן,,,"י""ח",200,"ל מ""ל",false,1,2.40,1.20,false,1,
7290000042015,false,חלב 3% בשקית בדצ תנובה (1 ליטר)פיקוח,תנובה מרכז שיתופי לש,,,"י""ח",1,ליטר,false,1,5.43,5.43,false,1,
7290000042435,false,חלב דל שומן 1% בקרטון תנובה (1 ליטר)פיק,תנובה מרכז שיתופי לש,,,"י""ח",1,ליטר,false,1,5.86,5.86,false,1,
7290000042442,false,"חלב תנובה טרי 3% ""תנובה"" - מוצר בפיקוח",תנובה בעמ ***,,,"י""ח",1,ליטר,false,1,6.23,6.23,false,1,
7290000042640,false,"חלב תנובה עמיד 3% קרטון 250 מ""ל",תנובה מרכז שיתופי לש,,,"י""ח",250,"ל מ""ל",false,1,2.70,1.08,false,1,
7290000042855,false,"שוקו בשקית 250 מ""ל ""יטבתה""",שטראוס גרופ בעמ/מצונן,,,"י""ח",225,"ל מ""ל",false,1,2.90,1.29,false,1,
7290000043012,false,"שוקו עמיד 2% בקרטון 250 מ""ל תנובה",תנובה מרכז שיתופי לש,,,"י""ח",250,"ל מ""ל",false,1,4.60,1.84,false,1,
7290000043814,false,השף הלבן שמנת להקצפה 38% שומן 250 מל - מוצר בפיקוח,תנובה מרכז שיתופי לש,,,"י""ח",250,"ל מ""ל",false,1,6.47,2.59,false,1,
7290000043890,false,תנובה רויון לבן מחלב מפסוטר 1.5%,תנובה מרכז שיתופי לש,,,"י""ח",1.0350,ליטר,false,1,12.50,12.08,false,1,
7290000043944,false,כד יוגורט תנובה 4% שומן 1.5 ליטר,מיוצר עי קונדיטוריית,,,"י""ח",1.50,ליטר,false,1,16.80,11.20,false,1,
7290000044712,false,יוגורט עם תות 1.5% שומן 500 ג' פרילי,מיוצר עי קונדיטוריית,,,"י""ח",500,"ל מ""ל",false,1,10.80,2.16,false,1,
7290000044880,false,יוגורט בטעם תות שדה 3% באדי (500 גרם),מיוצר עי קונדיטוריית,,,"י""ח",500,"ל מ""ל",false,1,9.30,1.86,false,1,
7290000045580,false,גבינה מותכת נעמה חורש תנובה 240 גרם,תנובה מרכז שיתופי לש,,,"י""ח",240,ל גרם,false,1,18.90,7.88,false,1,
7290000046020,false,"גלבוע 22% שקילה}גבנ""צ{*.",תנובה מרכז שיתופי לש,,,"ק""ג",1000,ל גרם,true,1,42.58,4.26,false,1,
7290000046327,false,גלבוע גבינה צהובה פרוסה 22% תנובה 200 גרם,תנובה מרכז שיתופי לש,,,"י""ח",200,ל גרם,false,1,13.20,6.60,false,1,
7290000046563,false,קולאג 23% פרמזן חריץ תנובה,תנובה מרכז שיתופי לש,,,"ק""ג",1000,ל גרם,true,1,114,11.40,false,1,
7290000047546,false,השף הלבן כנען גבינה לבנה דלת נתרן 5% תנובה 500 גרם,תנובה מרכז שיתופי לש,,,"י""ח",500,ל גרם,false,1,25.30,5.06,false,1,
7290000047621,false,גבינה לבנה רכה 5% תנובה 250ג' מהדרין,תנובה מרכז שיתופי לש,,,"י""ח",250,ל גרם,false,1,4.70,1.88,false,1,
7290000047942,false,**תנובה גבינה לבנה מהדרין 9% 250ג,תנובה מרכז שיתופי לש,,,"י""ח",250,ל גרם,false,1,4.80,1.92,false,1,
7290000048185,false,גבינה לבנה 5% תנובה 250 גרם מהדרין,מיוצר עי קונדיטוריית,,,"י""ח",250,ל גרם,false,1,4.98,1.99,false,1,
7290000048413,false,גבינה חמד (25016% גרם)פיראוס תנובה,תנובה מרכז שיתופי לש,,,"י""ח",250,ל גרם,false,1,19.50,7.80,false,1,
7290000048437,false,גבינת צפתית (2005% גרם)פיראוס תנובה,פארייפאבה אגרואינדוס,,,"י""ח",200,ל גרם,false,1,15.90,7.95,false,1,
7290000048444,false,"גבינת חמד 16%שומן 1 ק""ג",תנובה מרכז שיתופי לש,,,"י""ח",1,"ק""ג",false,1,54.50,54.50,false,1,
7290000058580,false,קוקילידה בטעם וניל עם עוגיות שוקולד גלידות נסטלה 80 גרם,נגה גלידות שותפות מוגבלת,,,"י""ח",1,,false,1,11.70,11.70,true,1,
7290000060088,false,בייגלה מקלות עם מלח אסם (400 גרם),קבוצת אוסם סחר שותפות מוגבלת,,,"י""ח",400,ל גרם,false,1,12.10,3.03,false,1,
7290000060200,false,פסטה אסם פתיתים אפויים קוסקוס 500גר,קבוצת אוסם סחר שותפות מוגבלת,,,"י""ח",500,ל גרם,false,1,7.80,1.56,true,1,
7290000060248,false,פסטה אסם פתיתים תלתלים 500 גר',קבוצת אוסם סחר שותפות מוגבלת,,,"י""ח",500,ל גרם,false,1,6.90,1.38,true,1,
7290000060408,false,פסטה אסם פתיתים אפויים טבעות 500 גר,קבוצת אוסם סחר שותפות מוגבלת,,,"י""ח",500,ל גרם,false,1,7.80,1.56,true,1,
7290000060415,false,"פסטה פרפקטו לאזניה 500 ג' ""אסם""",קבוצת אוסם סחר שותפות מוגבלת,,,"י""ח",500,ל גרם,false,1,15.90,3.18,false,1,
7290000060781,false,פרומנטי פתיתים מסולסלים אוסם,קבוצת אוסם סחר שותפות מוגבלת,,,"י""ח",500,ל גרם,false,1,6.90,1.38,true,1,
7290000060811,false,טילון אקסטרים מטבע ענק שוקולד נסטלה 120 גרם,תות תעשיות מזון (201,,,"י""ח",120,ל גרם,false,1,10,8.33,true,1,
7290000060828,false,פסטה קרניים בינוניות אסם (500 גרם),קבוצת אוסם סחר שותפות מוגבלת,,,"י""ח",500,ל גרם,false,1,6.90,1.38,true,1,
7290000060842,false,פסטה אסם פתיתים צדפים גדולים 500גר,קבוצת אוסם סחר שותפות מוגבלת,,,"י""ח",500,ל גרם,false,1,6.90,1.38,true,1,
7290000060859,false,פסטה אסם פתיתים צדפים קטנים 500גר,קבוצת אוסם סחר-שות.מוגבלת,,,"י""ח",500,ל גרם,false,1,6.90,1.38,true,1,
7290000060880,false,פסטה ספגטי מספר 8 אסם 500 גרם,קבוצת אוסם סחר שותפות מוגבלת,,,"י""ח",500,ל גרם,false,1,6.90,1.38,true,1,
7290000060958,false,אטריות מובחרות בינוניות אסם (400 גרם),קבוצת אוסם סחר שותפות מוגבלת,,,"י""ח",400,ל גרם,false,1,7.90,1.98,true,1,
7290000061085,false,"רוטב צילי מתוק 290 מ""ל-בקבוק",קבוצת אוסם סחר שותפות מוגבלת,,,"י""ח",290,"ל מ""ל",false,1,12.90,4.45,true,1,
7290000061245,false,עוגיות שוקוצ'יפס במילוי שוקולד אסם 220 גרם,קבוצת אוסם סחר-שות.מוגבלת,,,"י""ח",220,ל גרם,false,1,10.90,4.95,true,1,
7290000063140,false,שקדי מרק רכיבים טבעיים בשקית 400 ג' אסם,קבוצת אוסם סחר שותפות מוגבלת,,,"י""ח",400,ל גרם,false,1,12.90,3.23,true,1,
7290000063157,false,"קמח עוגה תופח מאליו אסם 1 ק""ג",קבוצת אוסם סחר שותפות מוגבלת,,,"י""ח",1,"ק""ג",false,1,9.90,9.90,true,1,
7290000064758,false,קוסקוס בינוני אמיתי אסם 350 ג',קבוצת אוסם סחר שותפות מוגבלת,,,"י""ח",350,ל גרם,false,1,9.20,2.63,false,1,
7290000064871,false,"אוסם - מנה חמה פירה תפו""א עם בצל 56 גרם",קבוצת אוסם סחר שותפות מוגבלת,,,"י""ח",87,ל גרם,false,1,7.90,9.08,true,1,
7290000065090,false,מיני קרוטונים מתובלים למרק ולסלט אסם 400 גרם,קבוצת אוסם סחר שותפות מוגבלת,,,"י""ח",400,ל גרם,false,1,25.90,6.48,false,1,
7290000065557,false,אוסם - מנה חמה קוסקוס עם ירקות 84 גרם,קבוצת אוסם סחר שותפות מוגבלת,,,"י""ח",50,ל גרם,false,1,7.90,15.80,true,1,
7290000066141,false,ביסלי חטיף בטעם גריל אסם (70 גרם),קבוצת אוסם סחר שותפות מוגבלת,,,"י""ח",70,ל גרם,false,1,4.50,6.43,true,1,
7290000066172,false,ביסלי חטיף בטעם פיצה אסם (70 גרם),קבוצת אוסם סחר-שות.מוגבלת,,,"י""ח",70,ל גרם,false,1,4.50,6.43,true,1,
7290000066196,false,ביסלי חטיף בטעם גריל אסם (200 גרם),קבוצת אוסם סחר שותפות מוגבלת,,,"י""ח",200,ל גרם,false,1,8.90,4.45,true,1,
7290000066226,false,ביסלי חטיף בטעם פיצה אסם (200 גרם),קבוצת אוסם סחר שותפות מוגבלת,,,"י""ח",200,ל גרם,false,1,8.90,4.45,true,1,
7290000066264,false,דובונים חטיף תפוחי אדמה אסם (40 גרם),קבוצת אוסם סחר שותפות מוגבלת,,,"י""ח",40,ל גרם,false,1,5,12.50,true,1,
7290000066318,false,במבה חטיף בוטנים אסם 80 גרם,קבוצת אוסם סחר שותפות מוגבלת,,,"י""ח",80,ל גרם,false,1,4.90,6.13,true,1,
7290000066332,false,אפרופו חטיף תירס אסם (50 גרם),קבוצת אוסם סחר שותפות מוגבלת,,,"י""ח",50,ל גרם,false,1,5.80,11.60,true,1,
7290000066431,false,פופקו חטיף פופקורן בטעם חמאה ודבש אסם 80 גרם,קבוצת אוסם סחר שותפות מוגבלת,,,"י""ח",80,ל גרם,false,1,5.50,6.88,true,1,
7290000067599,false,מנה חמה ספגטי ברוטב בולונז אסם 65 גרם,קבוצת אוסם סחר שותפות מוגבלת,,,"י""ח",55,ל גרם,false,1,7.90,14.36,true,1,
7290000068084,false,"אסם פתי בר 1.75 ק""ג",קבוצת אוסם סחר-שות.מוגבלת,,,"י""ח",1.75,"ק""ג",false,1,26.80,15.31,false,1,
7290000068138,false,אינסטנט פודינג בטעם וניל אסם 80 גרם,קבוצת אוסם סחר שותפות מוגבלת,,,"י""ח",80,ל גרם,false,1,5.90,7.38,true,1,
7290000068237,false,אבקה להכנת ג`לי בטעם פטל אסם (85 גרם),קבוצת אוסם סחר שותפות מוגבלת,,,"י""ח",85,ל גרם,false,1,7.40,8.71,false,1,
7290000068701,false,אסם שקדי מרק רכיבים טבע.מיכל 400 גרם,קבוצת אוסם סחר שותפות מוגבלת,,,"י""ח",400,ל גרם,false,1,18.30,4.58,false,1,
7290000069364,false,פריכונים מאורז מלא ללא תוספת סוכר אסם 140 גרם,קבוצת אוסם סחר שותפות מוגבלת,,,"י""ח",140,ל גרם,false,1,9.70,6.93,false,1,
7290000070308,false,אבקת מרק עוף אמיתי בשרי אסם 400 גרם,קבוצת אוסם סחר שותפות מוגבלת,,,"י""ח",400,ל גרם,false,1,17.90,4.48,false,1,
7290000072623,false,קטשופ אסם בקבוק לחיץ 750 גרם,קבוצת אוסם סחר שותפות מוגבלת,,,"י""ח",750,ל גרם,false,1,11.90,1.59,true,1,
7290000072630,false,קטשופ אסם חריף 750 גרם-בקבוק,קבוצת אוסם סחר שותפות מוגבלת,,,"י""ח",750,ל גרם,false,1,12.90,1.72,false,1,
7290000072753,false,קפה נמס מגורען טסטרס צ'ויס 200 גרם-,קבוצת אוסם סחר שותפות מוגבלת,,,"י""ח",200,ל גרם,false,1,31.90,15.95,false,1,
7290000072777,false,קפה נמס מגורען נטול קפאין טסטרס צ'ויס 200 גרם,קבוצת אוסם סחר שותפות מוגבלת,,,"י""ח",200,ל גרם,false,1,36.90,18.45,false,1,
7290000072968,false,דגני בוקר סיני מיניס חיטה מלאה וקינמון נסטלה 500 גרם,קבוצת אוסם סחר-שות.מוגבלת,,,"י""ח",375,ל גרם,false,1,27.30,7.28,true,1,
7290000073125,false,מנה חמה פסטה ברוטב עגבניות אסם (62 גרם),קבוצת אוסם סחר שותפות מוגבלת,,,"י""ח",55,ל גרם,false,1,7.90,14.36,true,1,
7290000073415,false,אוסם - מנה חמה פסטה ברוטב פיצה 61 גרם,קבוצת אוסם סחר שותפות מוגבלת,,,"י""ח",61,ל גרם,false,1,7.90,12.95,true,1,
7290000073750,false,מנה חמה נודלס אטר+ירקות טעם עוף 70 גרם,קבוצת אוסם סחר שותפות מוגבלת,,,"י""ח",76,ל גרם,false,1,7.90,10.39,true,1,
7290000073767,false,מנה חמה נודלס אטר.+ירקות טעם בקר 70 גרם,קבוצת אוסם סחר שותפות מוגבלת,,,"י""ח",76,ל גרם,false,1,7.90,10.39,true,1,
7290000073774,false,מנה חמה נודלס אטר+ירקות טעם צילי 70 גרם,קבוצת אוסם סחר שותפות מוגבלת,,,"י""ח",76,ל גרם,false,1,7.90,10.39,true,1,
7290000074153,false,ביסקוויט פתי בר שוקולד אסם (500 גרם),קבוצת אוסם סחר שותפות מוגבלת,,,"י""ח",500,ל גרם,false,1,13.90,2.78,true,1,
7290000074184,false,ביסקוויט פתי בר אסם (500 גרם),קבוצת אוסם סחר שותפות מוגבלת,,,"י""ח",500,ל גרם,false,1,12.90,2.58,true,1,
7290000074245,false,אוסם - קרם קרקר אסם 250 גרם,קבוצת אוסם סחר שותפות מוגבלת,,,"י""ח",250,ל גרם,false,1,10.90,4.36,true,1,
7290000074276,false,קרקר פיקנטי טבעון 250 ג' אסם,קבוצת אוסם סחר שותפות מוגבלת,,,"י""ח",250,ל גרם,false,1,11.70,4.68,true,1,
7290000074696,false,"קרם קרקר 1 ק""ג אוסם",קבוצת אוסם סחר שותפות מוגבלת,,,"י""ח",1,"ק""ג",false,1,27.90,27.90,true,1,
7290000074764,false,קרקר זהב אסם (900 גרם),קבוצת אוסם סחר שותפות מוגבלת,,,"י""ח",900,ל גרם,false,1,30.40,3.38,true,1,
7290000079233,false,קרם קרקר דיאטטי דל נתרן 250 גרם,קבוצת אוסם סחר שותפות מוגבלת,,,"י""ח",250,ל גרם,false,1,11.80,4.72,true,1,
7290000104201,false,אפונה עדינה מוקפאת סנפרוסט (600 גרם),תנובה ענף ב.ע.ד,,,"י""ח",600,ל גרם,false,1,20.70,3.45,true,1,
7290000104218,false,סנפרוסט במיה 600 גרם,תנובה מרכז שיתופי לשיווק תוצרת,,,"י""ח",800,ל גרם,false,1,18.30,2.29,true,1,
7290000104683,false,שעועית ירוקה שלמה סנפרוסט (800 גרם),תנובה מרכז שיתופי לשיווק תוצרת,,,"י""ח",800,ל גרם,false,1,23.90,2.99,true,1,
7290000104690,false,גרעיני תירס מוקפאים סנפרוסט (800 גרם),תנובה מרכז שיתופי לשיווק תוצרת,,,"י""ח",800,ל גרם,false,1,19.30,2.41,true,1,
7290000104706,false,גזר גמדי מוקפא סנפרוסט (800 גרם),תנובה מרכז שיתופי לשיווק תוצרת,,,"י""ח",800,ל גרם,false,1,19.40,2.43,true,1,
7290000104720,false,שעועית ירוקה חתוכה סנפרוסט (800 גרם),תנובה מרכז שיתופי לשיווק תוצרת,,,"י""ח",800,ל גרם,false,1,19.90,2.49,true,1,
7290000104744,false,כרובית מוקפאת סנפרוסט (800 גרם),תנובה מרכז שיתופי לשיווק תוצרת,,,"י""ח",800,ל גרם,false,1,26.40,3.30,true,1,
7290000104751,false,כרוב ניצנים סנפרוסט (800 גרם),תנובה מרכז שיתופי לשיווק תוצרת,,,"י""ח",800,ל גרם,false,1,26.40,3.30,true,1,
7290000104768,false,עלי תרד סנפרוסט (800 גרם),תנובה מרכז שיתופי לשיווק תוצרת,,,"י""ח",800,ל גרם,false,1,28.40,3.55,true,1,
7290000104799,false,שעועית לבנה מבושלת סנפרוסט (800 גרם),תנובה מרכז שיתופי לשיווק תוצרת,,,"י""ח",1,"ק""ג",false,1,21.90,21.90,true,1,
7290000104805,false,גרגרי חומוס מבושלים סנפרוסט (800 גרם),תנובה מרכז שיתופי לשיווק תוצרת,,,"י""ח",800,ל גרם,false,1,21.90,2.74,true,1,
7290000104836,false,שעועית ירוקה עדינה שלמה סנפרוסט 600 גרם,תנובה מרכז שיתופי לשיווק תוצרת,,,"י""ח",600,ל גרם,false,1,23.90,3.98,true,1,
7290000104874,false,לקט מוקפא לקוסקוס סנפרוסט (800 גרם),תנובה מרכז שיתופי לשיווק תוצרת,,,"י""ח",800,ל גרם,false,1,24.60,3.08,true,1,
7290000104881,false,לקט אפונה וגזר מוקפאים סנפרוסט (800 גרם),תנובה מרכז שיתופי לשיווק תוצרת,,,"י""ח",800,ל גרם,false,1,19.40,2.43,true,1,
7290000104911,false,לקט נורמנדי מוקפא סנפרוסט (800 גרם),תנובה מרכז שיתופי לשיווק תוצרת,,,"י""ח",800,ל גרם,false,1,24.30,3.04,true,1,
7290000106526,false,לקט חגיגה ירוקה להקפצה 800 גרם סנפרוסט,תנובה ענף ב.ע.ד,,,"י""ח",800,ל גרם,false,1,26.40,3.30,true,1,
7290000107165,false,חטיף סויה אדממה סנפרוסט (400 גרם),תנובה מרכז שיתופי לשיווק תוצרת,,,"י""ח",400,ל גרם,false,1,15.40,3.85,true,1,
7290000107189,false,תחתיות ארטישוק סנפרוסט (400 גרם),תנובה מרכז שיתופי לשיווק תוצרת,,,"י""ח",400,ל גרם,false,1,24.40,6.10,true,1,
7290000107295,false,תפרחות ברוקולי סנפרוסט 800 גרם,תנובה מרכז שיתופי לשיווק תוצרת,,,"י""ח",800,ל גרם,false,1,27.60,3.45,true,1,
7290000111063,false,מיונז אמיתי תלמה (250 גרם),יוניליוור ישראל שיווק בע`מ,,,"י""ח",250,ל גרם,false,1,7.90,3.16,false,1,
7290000111117,false,מרכך כביסה לבן בדין (4 ליטר),יוניליוור ישראל שיווק בע`מ,,,"י""ח",4,ליטר,false,1,21.90,5.48,false,1,
7290000111186,false,"מיונז אמיתי תלמה 500 גרם בד""צ","יוניליוור ישראל שיווק בע""מ",,,"י""ח",500,ל גרם,false,1,10.40,2.08,false,1,
7290000111353,false,מיונז אמיתי תלמה (1 קג),"יוניליוור ישראל שיווק בע""מ",,,"י""ח",1,"ק""ג",false,1,18.90,18.90,false,1,
7290000111360,false,חרדל אמיתי חריף 250 גרם בצנצנת כשלפ,יוניליוור ישראל שיווק בע`מ,,,"י""ח",250,ל גרם,false,1,6.90,2.76,false,1,
7290000111384,false,חרדל אמיתי בצנצנת 550 ג' תלמה,יוניליוור ישראל שיווק בע`מ,,,"י""ח",550,ל גרם,false,1,9.10,1.65,false,1,
7290000112220,false,טחינה גולמית שומשום טהור בארכה 500 גרם,קבוצת אוסם סחר שותפות מוגבלת,,,"י""ח",500,ל גרם,false,1,15.40,3.08,false,1,
7290000112497,false,מרק עשיר עוף אטריות קנור 75 גרם - שקיות,יוניליוור ישראל שיווק בע`מ,,,"י""ח",68,ל גרם,false,1,10.20,15,true,1,
7290000112503,false,מרק עשיר ירקות קנור 69 גרם - שקיות,יוניליוור ישראל שיווק בע`מ,,,"י""ח",61,ל גרם,false,1,10.20,16.72,true,1,
7290000112619,false,אבקת מרק עוף אמיתי קנור 400 ג' כשלפ,יוניליוור ישראל שיווק בע`מ,,,"י""ח",400,ל גרם,false,1,22.90,5.73,true,1,
7290000116204,false,"אבקת מרק דגש בטעם עוף 1ק""ג קנור","יוניליוור ישראל שיווק בע""מ",,,"י""ח",1,מטר,false,1,16.90,16.90,true,1,
7290000116921,false,"קנור רוטב צילי מתוק 300 מ""ל כשלפ",יוניליוור ישראל שיווק בע`מ,,,"י""ח",340,"ל מ""ל",false,1,11.90,3.50,true,1,
7290000117171,false,מרק טעם עוף דל קלוריות 48 גרם-קופסא,יוניליוור ישראל שיווק בע`מ,,,"י""ח",48,ל גרם,false,1,7.80,16.25,false,1,
7290000118277,false,כופתאות מצה להכנת מהירה 65 ג' קנור,"יוניליוור ישראל שיווק בע""מ",,,"י""ח",130,ל גרם,false,1,11.80,9.08,false,1,
7290000121017,false,שומרון גבינה מותכת 7% 120 גרם,נטו מלינדה סחר בע`מ,,,"י""ח",120,ל גרם,false,1,13.50,11.25,false,1,
7290000121031,false,החתול המחייך גבינה מותכת 14% מון בלאן 120 גרם,נטו מילנדה סחר בעמ*,,,"י""ח",120,ל גרם,false,1,13.50,11.25,false,1,
7290000121079,false,גבינה מותכת למריחה עם שום שמיר 9% מון בלאן 120 גרם,נטו מלינדה סחר בע`מ,,,"י""ח",120,ל גרם,false,1,12.90,10.75,false,1,
7290000121093,false,גבינה מותכת לייט בטעם שוויצרי 7% מון בלאן 120 גר',נטו מלינדה סחר בע`מ,,,"י""ח",120,ל גרם,false,1,12.90,10.75,false,1,
7290000121109,false,גבינה מותכת לייט עם זיתים 7% מון בלאן 120 גרם,נטו מילנדה סחר בעמ*,,,"י""ח",120,ל גרם,false,1,12.90,10.75,false,1,
7290000121239,false,מיוקל 5% שומן ללא כולסטרול תלמה 500ג',יוניליוור ישראל שיווק בע`מ,,,"י""ח",500,ל גרם,false,1,15.60,3.12,false,1,
7290000124841,false,ורד הגליל שוקולד חלב מארז שלישיה 300 גרם,"יוניליוור ישראל שיווק בע""מ",,,"י""ח",300,ל גרם,false,1,15.90,5.30,true,1,
7290000129785,false,מרכך כביסה ירוק בדין (4 ליטר),יוניליוור ישראל שיווק בע`מ,,,"י""ח",4,ליטר,false,1,21.90,5.48,false,1,
7290000134314,false,פיצה תערובת תיבול 120 גרם מיכל גדול,"תבליני טעם וריח בע""מ",,,"י""ח",1,,false,1,9.90,9.90,true,1,
7290000134352,false,קינמון טחון בקופ' 90 גר' טעם וריח,"תבליני טעם וריח בע""מ",,,"י""ח",1,,false,1,9.90,9.90,true,1,
7290000134550,false,עלי דפנה 20 גר' טעם וריח,"תבליני טעם וריח בע""מ",,,"י""ח",1,,false,1,5.90,5.90,false,1,
7290000134673,false,זנגויל טחון מיכל 30 גרם,"תבליני טעם וריח בע""מ",,,"י""ח",1,,false,1,5.90,5.90,false,1,
7290000134833,false,כמון טחון בקופ' 100 גר' טעם וריח,"תבליני טעם וריח בע""מ",,,"י""ח",1,,false,1,9.90,9.90,true,1,
7290000134840,false,כורכום טחון בקופ' 100 גר' טעם וריח,"תבליני טעם וריח בע""מ",,,"י""ח",1,,false,1,9.90,9.90,true,1,
7290000134987,false,פלפל שחור גרוס בקופ' 90 גר' טעם וריח,"תבליני טעם וריח בע""מ",,,"י""ח",90,ל גרם,false,1,14.90,16.56,true,1,
7290000135045,false,"XL TEN משקה אנרגיה פתוח ללא סוכר 250 מ""ל","טמפו משקאות בע""\מ",,,"י""ח",250,"ל מ""ל",false,1,4.20,1.56,true,1,
7290000135052,false,"XL TEN משקה אנרגיה מנגו ללא סוכר 250 מ""ל","טמפו משקאות בע""\מ",,,"י""ח",250,"ל מ""ל",false,1,4.20,1.56,true,1,
7290000135113,false,משקה אנרגיה אקסל נענע ליים ללס (250 מל,"טמפו משקאות בע""\מ",,,"י""ח",250,"ל מ""ל",false,1,4.50,1.68,true,1,
7290000136585,false,משקה בטעם תפוזים תריסר 1.5 ל' ג'אמפ,"טמפו משקאות בע""\ם.",,,"י""ח",1.50,ליטר,false,1,7.50,4.80,true,1,
7290000136646,false,בירה שחורה נשר מאלט בקבוק 1.5 ליטר,"טמפו משקאות בע""\מ",,,"י""ח",1.50,ליטר,false,1,9.40,6.07,true,1,
7290000136653,false,בירה שחורה נשר מאלט דיאט בקבוק 1.5ל`,"טמפו משקאות בע""\מ",,,"י""ח",1.50,ליטר,false,1,9.50,6.13,true,1,
7290000136844,false,מארז מים מזוככים אקווה נובה שישיית 2 ליטר,"טמפו משקאות בע""\מ",,,"י""ח",12,ליטר,false,1,12.90,0.93,false,1,
7290000137513,false,גלידונית גלידה וניל בציפוי שוקולד 60 יח' קרמיסימו,"גלידת שטראוס בע""\מ, רחוב",,,"י""ח",700,ל גרם,false,1,49.90,7.13,false,1,
7290000137643,false,שלגוני טעמקור בטעם שוקו וניל שטראוס 8*50 גרם,"גלידת שטראוס בע""\מ, רחוב",,,"י""ח",1,,false,1,34.90,34.90,false,1,
7290000144467,false,שמן חמניות מועשר בנוגדי חמצון 1 ל' עץ הזית,"נארז ע""י : א.ג. גילר",,,"י""ח",1,ליטר,false,1,16.90,16.90,false,1,
7290000144474,false,שמן עץ הזית קנולה 1 ליטר בריאות מהטבע,סוגת תעשיות בעמ,,,"י""ח",1,ליטר,false,1,15.90,15.90,false,1,
7290000146652,false,הוואי - סבון מוצק ורוד רומנטי 100 גרם רביעייה,טרופיקל דגיל קוסמטיק,,,"י""ח",400,ל גרם,false,1,13.90,3.48,true,1,
7290000146683,false,הוואי - סבון מוצק אפקט דאודורנט 100 גרם רביעייה,טרופיקל דגיל קוסמטיק,,,"י""ח",400,ל גרם,false,1,13.90,3.48,true,1,
7290000148380,false,פיסטוקים קלויים קליית גת (200 גרם),ליימן שליסל בעמ,,,"י""ח",200,ל גרם,false,1,23.90,11.95,true,1,
7290000148489,false,"קליית גת גרעיני דלעת קלויים,200 גרם",ליימן שליסל בעמ,,,"י""ח",200,ל גרם,false,1,9.90,4.95,false,1,
7290000148748,false,קליית גת גרעיני חמניה קלויים ומומלחים200,ליימן שליסל בעמ,,,"י""ח",200,ל גרם,false,1,6.90,3.45,true,1,
7290000149615,false,רביעיית סבון מוצק קלאסי לתינוק נקה 7 4*100 גרם,החברה הדרומית לשיווק בעמ,,,"י""ח",400,ל גרם,false,1,10.90,2.73,false,1,
7290000149851,false,סבון לניקוי והסרת כתמים סינטבון 460 גרם,החברה הדרומית לשיווק בעמ,,,"י""ח",460,ל גרם,false,1,10.90,2.37,false,1,
7290000149905,false,טקסטיל שמפו נוזלי לאריגים עדינים1ליט,החברה הדרומית לשיווק בעמ,,,"י""ח",1,ליטר,false,1,12.90,12.90,false,1,
7290000174723,false,שוקולית אבקה להכנת משקה שוקו 500 גרם,הנסיך- מפעל לייצור ט,,,"י""ח",500,ל גרם,false,1,13.80,2.76,false,1,
7290000176062,false,קפה טורקי בשקית 100 ג' עלית,שטראוס קפה בי.ויn\.,,,"י""ח",100,ל גרם,false,1,9.50,9.50,false,1,
7290000176413,false,קפה נמס עלית פחית 50 גרם,הנסיך- מפעל לייצור ט,,,"י""ח",50,ל גרם,false,1,10.90,21.80,false,1,
7290000176468,false,קפה נמס נטול קפאין 50 ג' קפה האג,שטראוס גרופ בע`מ,,,"י""ח",50,ל גרם,false,1,12.50,25,false,1,
7290000176475,false,קפה נמס נטול קפאין האג עלית (200 גרם),שטראוס גרופ בע`מ,,,"י""ח",200,ל גרם,false,1,38.90,19.45,false,1,
7290000178707,false,חטיף צ`יפס בטעם טבעי תפוצ`יפס (50 גרם),"שטראוס פריטו ליי בע""\מ )",,,"י""ח",50,ל גרם,false,1,4.40,8.80,false,1,
7290000178721,false,חטיף צ`יפס בטעם טבעי תפוצ`יפס (200 גרם),"שטראוס פריטו ליי בע""\מ )",,,"י""ח",200,ל גרם,false,1,12.20,6.10,true,1,
7290000187952,false,נייר טואלט תלת שכבתי ורוד לילי 32 יחידות,קימברלי קלארק ישראל שיווק בעמ,,,"י""ח",537,מטר,false,1,45.90,0.09,false,1,
7290000189536,false,שקיות אשפהעם שרוך 65*52 ניקול 40 יחידות,קימברלי קלארק ישראל שיווק בעמ,,,"י""ח",40,"י""ח",false,1,21.90,0.55,false,1,
7290000190068,false,מפיות אירוח לבן 100 יחי' ניקול,קימברלי קלארק ישראל שיווק בעמ,,,"י""ח",100,"י""ח",false,1,8.90,0.09,false,1,
7290000190150,false,מפיות מודפסות תלת שכבתיות ניקול 20 יחידות,קימברלי קלארק ישראל שיווק בעמ,,,"י""ח",20,"י""ח",false,1,8.90,0.45,false,1,
7290000193083,false,נובה-לי תחבושות היגייניות לילי 28 יחידות,קימברלי קלארק ישראל שיווק בעמ,,,"י""ח",1,"י""ח",false,1,12,12,true,1,
7290000193540,false,מגן תחתון לונג נטורל לילי 52 יחידות,קימברלי קלארק ישראל שיווק בעמ,,,"י""ח",1,"י""ח",false,1,19.90,19.90,false,1,
7290000193793,false,לילי תחבושות אינטימי נורמל אולט' 24 יח',קימברלי קלארק ישראל שיווק בעמ,,,"י""ח",1,"י""ח",false,1,19.90,19.90,false,1,
7290000195537,false,האגיס - מגבוני האגיס דיילי קר לא מבושם 64 יח' * 4,קימברלי קלארק ישראל שיווק בעמ,,,"י""ח",4,"י""ח",false,1,19.90,4.98,true,1,
7290000197432,false,שקיות אוכל סנדביצ'ון ניקול מארז 150X2יח',קימברלי קלארק ישראל שיווק בעמ,,,"י""ח",2,"י""ח",false,1,12.90,6.45,false,1,
7290000197753,false,ניילון נצמד אנטי בטקריאלי ניקול 30X2מ',קימברלי קלארק ישראל שיווק בעמ,,,"י""ח",1,"י""ח",false,1,13.10,13.10,false,1,
7290000197951,false,תבניות אלומיניום ענקיות ניקול 3 יחידות,קימברלי קלארק ישראל שיווק בעמ,,,"י""ח",1,,false,1,11.90,11.90,false,1,
7290000199313,false,תחבושות עם כנפיים נורמל פלוס קוטקס 30 יחידות,קימברלי קלארק ישראל שיווק בעמ,,,"י""ח",1,"י""ח",false,1,19.90,19.90,true,1,
7290000204147,false,רביעיית כרית יפנית עבה ניקול 4 יחידות,קימברלי קלארק ישראל שיווק בעמ,,,"י""ח",4,"י""ח",false,1,17.20,4.30,false,1,
7290000204239,false,ניקול מטליות ריצפה רביעיה,קימברלי קלארק ישראל שיווק בעמ,,,"י""ח",4,"י""ח",false,1,13.90,3.48,false,1,
7290000204611,false,שישיית ספוגית הקסם ניקול 6 יחידות,קימברלי קלארק ישראל שיווק בעמ,,,"י""ח",6,"י""ח",false,1,12.90,2.15,false,1,
7290000207063,false,רסק עגבניות פריכוז 28% 240 גרם יכין,היינץ צפון אמריקה מק,,,"י""ח",240,ל גרם,false,1,5.90,2.46,false,1,
7290000207162,false,רוטב עגבניות מרכיב טבעי 100 ג' יכין,זנלכול יכין,,,"י""ח",100,ל גרם,false,1,2.90,2.90,true,1,
7290000208022,false,עגבניות 2.5 A מרוסקות 850 גרם יכין,זנלכול יכין,,,"י""ח",800,ל גרם,false,1,11.90,1.49,false,1,
7290000208138,false,סירופ דיאט בטעם ענבים יכין (1 ליטר),זנלכול יכין,,,"י""ח",1,ליטר,false,1,21.90,21.90,false,1,
7290000208145,false,גרעיני תירס מתוק לייט 550 גרם יכין,זנלכול יכין,,,"י""ח",550,ל גרם,false,1,11.90,2.16,false,1,
7290000208213,false,שעועית לבנה אפויה A2 ברוטב עגבניות יכין 560ג',היינץ צפון אמריקה מק,,,"י""ח",580,ל גרם,false,1,10.90,1.88,true,1,
7290000208220,false,שעועית צ`ילי מקסיקני חריף יכין (550 גרם),היינץ צפון אמריקה מק,,,"י""ח",550,ל גרם,false,1,11.90,2.16,false,1,
7290000208244,false,"בסיס לשקשוקה יכין A2 פ""ק בית יוסף",זנלכול יכין,,,"י""ח",570,ל גרם,false,1,11.90,2.09,true,1,
7290000208251,false,שעועית ירוקה חתוכה יכין (550 גרם),"זנלכל בע""מ",,,"י""ח",550,ל גרם,false,1,11.90,2.16,false,1,
7290000208268,false,שעועית צהובה 560 גר יכין,קריות זול,,,"י""ח",550,ל גרם,false,1,11.90,2.16,false,1,
7290000208312,false,גרעיני תירס מתוק בואקום יכין 400 גר',"זנלכל בע""\מ",,,"י""ח",325,ל גרם,false,1,7.90,2.43,true,1,
7290000208329,false,גרעיני תירס מתוק יכין (550 גרם),זנלכול יכין,,,"י""ח",550,ל גרם,false,1,10.90,1.98,true,1,
7290000208336,false,רסק יכין 240גר 22% יכין בית יוסף,"זנלכל בע""\מ",,,"י""ח",240,ל גרם,false,1,4.90,2.04,true,1,
7290000208404,false,A2 פול מצרי 550 גרם יכין,זנלכול יכין,,,"י""ח",600,ל גרם,false,1,10.90,1.82,false,1,
7290000208428,false,גרגרי חומוס שלם 550 גרם יכין,היינץ צפון אמריקה מק,,,"י""ח",550,ל גרם,false,1,10.90,1.98,true,1,
7290000208459,false,"לקט אפונה, תפוחי אדמה וגזר יכין 550 גרם",זנלכול יכין,,,"י""ח",600,ל גרם,false,1,11.90,1.98,false,1,
7290000208534,false,תירס קיד גרעיני תירס מתוק יכין (550 גרם),זנלכול יכין,,,"י""ח",550,ל גרם,false,1,11.90,2.16,false,1,
7290000208930,false,עגבניות מרוסקות בתוספת שום 240 גרם יכין,זנלכול יכין,,,"י""ח",240,ל גרם,false,1,6.50,2.71,false,1,
7290000208947,false,עגבניות מרוסקות יכין (240 גרם),היינץ צפון אמריקה מק,,,"י""ח",240,ל גרם,false,1,6.50,2.71,false,1,
7290000209517,false,סירופ דיאט בטעם לימון יכין (1 ליטר),היינץ צפון אמריקה מק,,,"י""ח",1,ליטר,false,1,21.90,21.90,false,1,
7290000209524,false,סירופ דיאט בטעם פטל יכין (1 ליטר),זנלכול יכין,,,"י""ח",1,ליטר,false,1,21.90,21.90,false,1,
7290000209531,false,סירופ דיאט בטעם אשכוליות יכין 1 ליטר,"זנלכל בע""\מ",,,"י""ח",1,ליטר,false,1,21.90,21.90,false,1,
7290000209708,false,עגבניות מרוסקות עם בזיליקום יכין 240 גרם,היינץ צפון אמריקה מק,,,"י""ח",240,ל גרם,false,1,6.50,2.71,false,1,
7290000209722,false,רוטב עגבניות 28% יכין (580 גרם)פריכוז,"זנלכל בע""\מ",,,"י""ח",580,ל גרם,false,1,12.90,2.22,true,1,
7290000209913,false,עגבניות חתוכות לקוביות 240 גרם יכין,"זנלכל בע""\מ",,,"י""ח",240,ל גרם,false,1,6.50,2.71,false,1,
7290000209944,false,רוטב לעגבניות בסיס לשקשוקה 240 ג' יכין,"זנלכל בע""\מ",,,"י""ח",240,ל גרם,false,1,6.50,2.71,false,1,
7290000209951,false,רוטב עגבניות לפיצה 260 גרם יכין,"זנלכל בע""\מ",,,"י""ח",240,"ל מ""ל",false,1,6.50,2.71,false,1,
7290000209968,false,רוטב עגבניות ללזניה יכין 240 גרם,זנלכול יכין,,,"י""ח",240,ל גרם,false,1,6.50,2.71,false,1,
7290000211169,false,"אורז תאילנדי אחד אחד סוגת 1 ק""ג",האי נאם סי או אל.טי.,,,"י""ח",1,"ק""ג",false,1,7.90,7.90,false,1,
7290000211312,false,סוגת אורז מלא פרסי אחד אחד 1 קג,האי נאם סי או אל.טי.,,,"י""ח",1,"ק""ג",false,1,10.60,10.60,false,1,
7290000211442,false,אורז בסגנון פרסי קלאסי סוגת (1 קג),האי נאם סי או אל.טי.,,,"י""ח",1,"ק""ג",false,1,10.90,10.90,false,1,
7290000211503,false,סוכר לבן ארוז בשקית,"סוגת תעשיות בע""\מ",,,"י""ח",1,"ק""ג",false,1,4.40,4.40,false,1,
7290000211626,false,חיש אורז אחד אחד 1 קג,"סוגת תעשיות בע""\מ",,,"י""ח",1,"ק""ג",false,1,10.90,10.90,false,1,
7290000211985,false,אורז עגול ריזוטו אחד אחד 1 קג,"סוגת תעשיות בע""\מ",,,"י""ח",1,"ק""ג",false,1,9.90,9.90,false,1,
7290000226613,false,עוגת דובוש מצופה שוקולד קפולסקי 450 גרם,תופינים מקבוצת קפולסקי,,,"י""ח",450,ל גרם,false,1,44.90,9.98,false,1,
7290000238029,false,"בצק עלים צרפתי מרודד מעדנות 1 ק""ג",תנובה מרכז שיתופי לשיווק תוצרת,,,"י""ח",1,"ק""ג",false,1,21.90,21.90,false,1,
7290000238036,false,מלאווח מעדנות 6 יח`700 גרם קפוא,תנובה מרכז שיתופי לשיווק תוצרת,,,"י""ח",700,ל גרם,false,1,17.90,2.56,true,1,
7290000238173,false,.בורקס במילוי גבינה 800 גרם מעדנות,מיוצר עי קונדיטוריית,,,"י""ח",800,ל גרם,false,1,21.90,2.74,true,1,
7290000244761,false,קרם ידיים ולוטה (80 גרם),טרופיקל דגיל קוסמטיק,,,"י""ח",100,"ל מ""ל",false,1,14.60,14.60,true,1,
7290000245089,false,סוד סופט מרכך כביסה סגול 4 ליטר,גורי שיווק בעמ,,,"י""ח",4,ליטר,false,1,18.90,4.73,false,1,
7290000253220,false,שוקולדצ`יפס לאפייה 260 גר`אופנהיימר,תה ויסוצקי (ישראל) בעמ,,,"י""ח",260,ל גרם,false,1,13.90,5.35,false,1,
7290000253503,false,מרציפן מצופה שוקולד מריר 40 ג',תה ויסוצקי (ישראל)בעמ,,,"י""ח",120,ל גרם,false,1,3.90,3.25,false,1,
7290000262161,false,נייר טואלט לב אדום 40 גלילים מולט,קימברלי קלארק ישראל שיווק בעמ,,,"י""ח",716,מטר,false,1,36.90,0.05,false,1,
7290000267050,false,שקדים טבעיים טחונים השף 100 גרם,דין שיווק וקליה 2021 בעמ,,,"י""ח",100,ל גרם,false,1,13.80,13.80,true,1,
7290000272696,false,מיץ לימון טבעי משומר 1 ליטר עסיס כלפ,קבוצת אוסם סחר שותפות מוגבלת,,,"י""ח",1,ליטר,false,1,9.90,9.90,false,1,
7290000272726,false,חומץ רכיבים רכיבים טבעיים 5% עסיס 1 ליטר,קבוצת אוסם סחר שותפות מוגבלת,,,"י""ח",1,ליטר,false,1,7.50,7.50,false,1,
7290000284392,false,ספרייט דיאט 1.5 ליטר,החברה המרכזית להפצת משקאות בעמ,,,"י""ח",1.50,ליטר,false,1,7,4.67,false,1,
7290000286228,false,ספוגיות לניקוי כללי סנו סושי 6 יחידות,החברה הדרומית לשיווק בעמ,,,"י""ח",6,"י""ח",false,1,12.90,2.15,false,1,
7290000286761,false,ניילון נצמד סנו סושי פלסטיק מארז 30X2 מ',החברה הדרומית לשיווק בעמ,,,"י""ח",1,,false,1,12.90,12.90,false,1,
7290000287102,false,סנו שטיחים קצף לניקוי שטיחים 600 סמק,החברה הדרומית לשיווק בעמ,,,"י""ח",600,"ל מ""ל",false,1,22.90,3.82,false,1,
7290000287485,false,"שלישיית סנובון לובר לאסלה ""סנו""",החברה הדרומית לשיווק בעמ,,,"י""ח",165,ל גרם,false,1,12.90,7.82,false,1,
7290000287621,false,"אנטי קאלק נוזל לניקוי אסלות סנו 750 מ""ל",החברה הדרומית לשיווק בעמ,,,"י""ח",750,"ל מ""ל",false,1,15.90,2.12,true,1,
7290000288017,false,אקונומיקה בריח לימון סנו ז'אוול 1 ליטר,החברה הדרומית לשיווק בעמ,,,"י""ח",1,ליטר,false,1,8.90,8.90,false,1,
7290000288024,false,סנו - ז'אוול אקונומיקה בריח לימון 4 ליטר,החברה הדרומית לשיווק בעמ,,,"י""ח",4,ליטר,false,1,17.90,4.48,false,1,
7290000288031,false,"אקונומיקה תו תקן 4 ליטר ""סנו""",החברה הדרומית לשיווק בעמ,,,"י""ח",4,ליטר,false,1,11.90,2.98,false,1,
7290000288048,false,ז`אוול מרסס לניקוי כללי לבנדר סנו (1 ליט,החברה הדרומית לשיווק בעמ,,,"י""ח",1,ליטר,false,1,19.90,19.90,false,1,
7290000288086,false,אבקת ניקוי עם אקונומיקה בריח לימון סנו ז'אוול 600 ג',החברה הדרומית לשיווק בעמ,,,"י""ח",600,ל גרם,false,1,11.90,1.98,false,1,
7290000288253,false,"קוטל חרקים מעופפים K-400 סנו 630 מ""ל",החברה הדרומית לשיווק בעמ,,,"י""ח",630,"ל מ""ל",false,1,25.40,4.03,false,1,
7290000288352,false,"קוטל חרקים וזוחלים K-300 סנו 630 מ""ל",החברה הדרומית לשיווק בעמ,,,"י""ח",630,"ל מ""ל",false,1,21.90,3.48,false,1,
7290000288390,false,קוטל זבובים יתושים קיי 600 סנו (500 מל),החברה הדרומית לשיווק בעמ,,,"י""ח",475,"ל מ""ל",false,1,24.90,5.24,false,1,
7290000289069,false,סנו - ז'אוול מרסס קצף ניקוי בתוספת אקונומיקה בריח לימון 1 ליטר,החברה הדרומית לשיווק בעמ,,,"י""ח",1,ליטר,false,1,19.90,19.90,false,1,
7290000289496,false,"סנו - ז'אוול ג'ל קרם לניקוי כללי לימון 750 מ""ל",החברה הדרומית לשיווק בעמ,,,"י""ח",750,"ל מ""ל",false,1,11.90,1.59,false,1,
7290000289748,false,"מסיר שומנים לתנורים פורטה פלוס סנו 750 מ""ל",החברה הדרומית לשיווק בעמ,,,"י""ח",750,"ל מ""ל",false,1,14.90,1.99,false,1,
7290000289885,false,"מטהר אוויר ענק אושנבריז סנו פרש 375 מ""ל",החברה הדרומית לשיווק בעמ,,,"י""ח",375,"ל מ""ל",false,1,10.90,2.91,false,1,
7290000291857,false,פוליויקס נוזל רצפות בניחוח גולדן סאנרייז סנו 2 ליטר,החברה הדרומית לשיווק בעמ,,,"י""ח",2,ליטר,false,1,20.90,10.45,true,1,
7290000291963,false,אקונומיקה סמיכה בריח לימון סנו ז'אוול 1 ליטר,החברה הדרומית לשיווק בעמ,,,"י""ח",1,ליטר,false,1,8.90,8.90,false,1,
7290000292311,false,פוליויקס נוזל רצפות בניחוח סחלבים סנו 2 ליטר,החברה הדרומית לשיווק בעמ,,,"י""ח",200,"ל מ""ל",false,1,20.90,10.45,true,1,
7290000292502,false,"סנו K 800 תרסיס קוטל חרקים 300מ ""ל",החברה הדרומית לשיווק בעמ,,,"י""ח",630,"ל מ""ל",false,1,15.80,2.51,false,1,
7290000292533,false,סנו גל לניקוי כללי על בסיס שמן אורנים 1ל,החברה הדרומית לשיווק בעמ,,,"י""ח",1,ליטר,false,1,16.90,16.90,false,1,
7290000292687,false,סנובון מוצק לניקוי אסלה קלאסיק כחול סנו 3 יחידות,החברה הדרומית לשיווק בעמ,,,"י""ח",165,ל גרם,false,1,17.90,10.85,true,1,
7290000293073,false,מקסימה מרכך כביסה ביו לבן סנו 4 ליטר,החברה הדרומית לשיווק בעמ,,,"י""ח",4,ליטר,false,1,21.90,5.48,false,1,
7290000293943,false,"מרסס לבן מסיר אבנית 1 ליטר אנטי קאלק ""סנו""",החברה הדרומית לשיווק בעמ,,,"י""ח",1,ליטר,false,1,19.90,19.90,false,1,
7290000294773,false,אקונומיקה בריח לבנדר סנו ז'אוול 4 ליטר,החברה הדרומית לשיווק בעמ,,,"י""ח",4,ליטר,false,1,17.90,4.48,false,1,
7290000294780,false,אקונומיקה סמיכה בריח לימון סנו ז'אוול 4 ליטר,החברה הדרומית לשיווק בעמ,,,"י""ח",4,ליטר,false,1,17.90,4.48,false,1,
7290000295299,false,סנו סושי כריות הפלא רב תכלתיות רביעייה,החברה הדרומית לשיווק בעמ,,,"י""ח",1,,false,1,12.90,12.90,false,1,
7290000295367,false,"מקסימה אבקת כביסה אפקט ז'אוול סנו 2.5 ק""ג",החברה הדרומית לשיווק בעמ,,,"י""ח",2.50,"ק""ג",false,1,26.90,10.76,false,1,
7290000295404,false,שקיות אשפה עם שרוך 54 * 65 סנו סושי 60 יחידות,החברה הדרומית לשיווק בעמ,,,"י""ח",1,"י""ח",false,1,22.90,22.90,false,1,
7290000295503,false,זוג שקיות מזון טבע 19*25 סנו סושי 150 יחידות,החברה הדרומית לשיווק בעמ,,,"י""ח",1,,false,1,15.90,15.90,false,1,
7290000295541,false,רב מגבת ג'מבו סנו סושי 75 יחידות,החברה הדרומית לשיווק בעמ,,,"י""ח",390,ל גרם,false,1,24.90,6.38,false,1,
7290000295558,false,"רדיד אלומיניום רוחב 30 ס""מ סנו סושי 2 יח' 7.5 מטר",החברה הדרומית לשיווק בעמ,,,"י""ח",1,,false,1,12.90,12.90,false,1,
7290000295572,false,"מארז זוגי מנקה אסלות 00 סנו 750 מ""ל",החברה הדרומית לשיווק בעמ,,,"י""ח",1.50,ליטר,false,1,18.90,12.60,false,1,
7290000295794,false,ספוגיות מתכת אל חלד לניקוי סנו 3 יחידות,החברה הדרומית לשיווק בעמ,,,"י""ח",1,,false,1,12.90,12.90,false,1,
7290000300900,false,שניצל תירס מרכיבים טבעיים טבעול 750 גרם,קבוצת אוסם סחר שותפות מוגבלת,,,"י""ח",750,ל גרם,false,1,39.90,5.32,true,1,
7290000303598,false,שעועית לבנה ברוטב עגבניות פרי הגליל 570 גרם,ויטה- פרי גליל (החדשה) בעמ,,,"י""ח",550,ל גרם,false,1,7.90,1.44,true,1,
7290000305882,false,אס הרינג עם ירקות ברוטב עגבניות 120 גרם,דיפלומט מפיצים (1968) בעמ**,,,"י""ח",110,ל גרם,false,1,6.90,6.27,false,1,
7290000307046,false,אפונת גינה וגזר פרי הגליל 550 גרם,ויטה- פרי גליל (החדשה) בעמ,,,"י""ח",550,ל גרם,false,1,7.90,1.44,true,1,
7290000307220,false,גרעיני תירס מתוק בואקום פרי הגליל 285 גרם,ויטה- פרי גליל (החדשה) בעמ,,,"י""ח",450,ל גרם,false,1,5.90,1.31,false,1,
7290000307237,false,גרעיני תירס מתוק פרי הגליל 550 גרם,ויטה- פרי גליל (החדשה) בעמ,,,"י""ח",540,ל גרם,false,1,7.90,1.46,true,1,
7290000307985,false,גרעיני תירס מתוק ללא למלח 325 גרם פרי הגליל,ויטה- פרי גליל (החדשה) בעמ,,,"י""ח",410,ל גרם,false,1,5.90,1.44,false,1,
7290000311128,false,עוגיות מובחרות בטעם חמאה מן (300 גרם),רוקחמן בעמ מפעל לייצור ופלים ו,,,"י""ח",300,ל גרם,false,1,8.50,2.83,false,1,
7290000311180,false,ופל ופליתעשיריות מן 250 גרם מארז 10 יחידות,ח.כהן סוכנות מזון ומשקאות בע,,,"י""ח",250,ל גרם,false,1,7.90,3.16,false,1,
7290000311203,false,"וופלים בטעם שוקולד ""מן"" 200 גרם",רוקחמן בעמ מפעל לייצור ופלים ו,,,"י""ח",200,ל גרם,false,1,5.30,2.65,false,1,
7290000311210,false,"וופלים בטעם לימון ""מן"" 200 גרם",רוקחמן בעמ מפעל לייצור ופלים ו,,,"י""ח",200,ל גרם,false,1,5.30,2.65,false,1,
7290000311319,false,"מן וופלים מצופים 10 יח' 1 ק""ג",רוקחמן בעמ מפעל לייצור ופלים ו,,,"י""ח",1,"ק""ג",false,1,24.90,24.90,false,1,
7290000311425,false,ופל מצופה עשיריות מן 220 גרם מארז 10 יחידות,רוקחמן בעמ מפעל לייצור ופלים ו,,,"י""ח",200,ל גרם,false,1,7.90,3.95,false,1,
7290000311500,false,וופלים מן שוקו ללא כולסטרול 500 גרם,רוקחמן בעמ מפעל לייצור ופלים ו,,,"י""ח",500,ל גרם,false,1,12.20,2.44,false,1,
7290000311517,false,מן וופלים בטעם לימון 500 גרם,ח.כהן סוכנות מזון ומשקאות בע,,,"י""ח",500,ל גרם,false,1,9.90,1.98,false,1,
7290000311708,false,מן עוגיות מחיטה מלאה 300 גרם*נ.ל.פ,רוקחמן בעמ מפעל לייצור ופלים ו,,,"י""ח",300,ל גרם,false,1,6.90,2.30,false,1,
7290000311715,false,מן עוגיות כוכבים בטעם שוקולד 300 גרם*נ.ל.פ,רוקחמן בעמ מפעל לייצור ופלים ו,,,"י""ח",300,ל גרם,false,1,8.50,2.83,false,1,
7290000311722,false,"עוגיות בטעם וניל עם כוכבים ""מן"" 300 גרם",רוקחמן בעמ מפעל לייצור ופלים ו,,,"י""ח",300,ל גרם,false,1,8.50,2.83,false,1,
7290000313160,false,זהבה ושלושת הדובים עוגיות בטעם שוקולד אסם 350 גרם,קבוצת אוסם סחר שותפות מוגבלת,,,"י""ח",250,ל גרם,false,1,9.50,3.80,false,1,
7290000313184,false,עוגיות חברים גן חיות וניל אסם 250 גר',קבוצת אוסם סחר שותפות מוגבלת,,,"י""ח",1,,false,1,9.60,9.60,false,1,
7290000318127,false,נקניקיות ביס יחיעם (380 גרם),מעדני יחיעם (1993) בעמ,,,"י""ח",380,ל גרם,false,1,12.90,3.39,false,1,
7290000318479,false,נקניק פרושוטו בקר יחיעם 100 גרם,מעדני יחיעם ( 1993 ) בע`מ,,,"י""ח",100,ל גרם,false,1,28.10,28.10,false,1,
7290000318677,false,נקניק סלמי סרוולט יחיעם 150 גרם,מעדני יחיעם (1993) בעמ,,,"י""ח",150,ל גרם,false,1,24.90,16.60,false,1,
7290000318707,false,נקניק סלמי מעושן יחיעם 500 גרם,מעדני יחיעם ( 1993 ) בע`מ,,,"י""ח",500,ל גרם,false,1,31.90,6.38,true,1,
7290000318943,false,פסטרמה של פעם מעושן 1.5% יחיעם 200 גרם,מעדני יחיעם ( 1993 ) בע`מ,,,"י""ח",200,ל גרם,false,1,23.90,11.95,false,1,
7290000319124,false,סלמי סרוולט מאפ יחיעם 250 גרם,מעדני יחיעם ( 1993 ) בע`מ,,,"י""ח",250,ל גרם,false,1,35.90,14.36,false,1,
7290000319131,false,נקניקיות עוף יחיעם 400 גרם,מעדני יחיעם (1993) בעמ,,,"י""ח",400,ל גרם,false,1,11.90,2.98,true,1,
7290000319520,false,נקניק סלמי צרפתי יחיעם 100 גרם,מעדני יחיעם (1993) בעמ,,,"י""ח",100,ל גרם,false,1,21.90,21.90,false,1,
7290000334684,false,תפוגן טבעות בצל לתנור 700 גרם,קבוצת אוסם סחר שותפות מוגבלת,,,"י""ח",700,ל גרם,false,1,18.40,2.63,false,1,
7290000339566,false,מרכך כביסה ורוד בדין (4 ליטר),יוניליוור ישראל שיווק בע`מ,,,"י""ח",4,ליטר,false,1,21.90,5.48,false,1,
7290000341071,false,בדין - מרכך כביסה בייבי לבן 2 ליטר,"יוניליוור ישראל שיווק בע""מ",,,"י""ח",2,ליטר,false,1,16.90,8.45,false,1,
7290000342856,false,מרכך כביסה כחול בדין (4 ליטר),יוניליוור ישראל שיווק בע`מ,,,"י""ח",4,ליטר,false,1,21.90,5.48,false,1,
7290000345048,false,תה עלים 74 פחית 125 גרם,תה ויסוצקי (ישראל) בעמ,,,"י""ח",125,ל גרם,false,1,15.80,12.64,false,1,
7290000345260,false,תה קלאסיק מעטפות ויסוצקי 25 יחידות,תה ויסוצקי (ישראל) בעמ,,,"י""ח",37.50,ל גרם,false,1,7.90,21.07,false,1,
7290000345284,false,תה ויסוצקי קלאסי אריזה ירוקה מרובעת (100 שקיקים),תה ויסוצקי (ישראל) בעמ,,,"י""ח",150,ל גרם,false,1,17.90,11.93,false,1,
7290000345291,false,תה ארל גרי 1.5/ 25 שקיקים ויסוצקי,תה ויסוצקי (ישראל) בעמ,,,"י""ח",37.50,ל גרם,false,1,18.90,50.40,true,1,
7290000346120,false,חליטת קינמון הגן הקסום ויסוצקי 25 יחידות,תה ויסוצקי (ישראל) בעמ,,,"י""ח",62.50,ל גרם,false,1,18.90,30.24,true,1,
7290000346137,false,חליטת הילולי פירות הגן הקסום ויסוצקי 25 יחידות,תה ויסוצקי (ישראל) בעמ,,,"י""ח",62.50,ל גרם,false,1,18.90,30.24,true,1,
7290000346168,false,חליטת שומר הגן הקסום ויסוצקי 25 יחידות,תה ויסוצקי (ישראל) בעמ,,,"י""ח",37.50,ל גרם,false,1,18.90,50.40,true,1,
7290000346199,false,חליטת פירות יער הגן הקסום ויסוצקי 25 יחידות,תה ויסוצקי (ישראל) בעמ,,,"י""ח",67.50,ל גרם,false,1,18.90,28,true,1,
7290000346205,false,חליטת קמומיל הגן הקסום ויסוצקי 25 יחידות,תה ויסוצקי (ישראל) בעמ,,,"י""ח",37.50,ל גרם,false,1,18.90,50.40,true,1,
7290000347738,false,תה ירוק בתוספת עלי נענע 25 שקיקים,תה ויסוצקי (ישראל) בעמ,,,"י""ח",25,"י""ח",false,1,25.90,1.04,true,1,
7290000347752,false,תה ירוק לימונית ולואיזה 25 שקיקים *1.5 ג'' ויסוצקי,תה ויסוצקי (ישראל) בעמ,,,"י""ח",37.50,ל גרם,false,1,25.90,69.07,true,1,
7290000355405,false,עגבניות מרוסקות A2.5 ובצל טל וטרי 800 גר',ויטה- פרי גליל (החדשה) בעמ,,,"י""ח",800,ל גרם,false,1,7.90,0.99,true,1,
7290000355412,false,עגבניות מרוסקות A2.5 ושום טל וטרי 800 גר',ויטה- פרי גליל (החדשה) בעמ,,,"י""ח",800,ל גרם,false,1,7.90,0.99,true,1,
7290000355481,false,רסק עגבניות BX22 טומטו 600ג' A2,ויטה- פרי גליל (החדשה) בעמ,,,"י""ח",600,ל גרם,false,1,5.90,0.98,false,1,
7290000364858,false,"נקניקיות עוף טרי טירת צבי 1 ק""ג",הנסיך- מפעל לייצור ט,,,"י""ח",1,"ק""ג",false,1,28.90,28.90,false,1,
7290000367590,false,פסטרמה כפרית וסלמי פריזר כפרי טירת צבי 2*400 גרם,תנובה מרכז שיתופי לשיווק תוצרת,,,"י""ח",8,"י""ח",false,1,33.90,4.24,false,1,
7290000377209,false,בוטנים מטוגנים קליית גת (200 גרם),ליימן שליסל בעמ,,,"י""ח",200,ל גרם,false,1,7,3.50,false,1,
7290000377445,false,נש צ'אנס קליית גת 200 גרם,ליימן שליסל בעמ,,,"י""ח",200,ל גרם,false,1,9.90,4.95,true,1,
7290000377452,false,גרעיני אבטיח קלויים ומלוחים קלית גת 200,הדקלאים אגודת שיתופי,,,"י""ח",200,ל גרם,false,1,13,6.50,false,1,
7290000379000,false,חלה רגילה/קלועה חדשה 650 גרם *.,שלמה א.אנג ל בעמ,,,"י""ח",650,ל גרם,false,1,6.60,1.02,false,1,
7290000379128,false,חלה פרוס.וארוז500.גרם231,מאפיית שלמה א. אנג'\ל בע,,,"י""ח",500,ל גרם,false,1,10.90,2.18,false,1,
7290000379142,false,לחם עינן מחיטה מלאה פרוס 750 גרם(מרובע),מאפיית שלמה א. אנג'\ל בע,,,"י""ח",750,ל גרם,false,1,15.90,2.12,false,1,
7290000379203,false,לחם עינן קל פרוס מחיטה מלאה אנג'ל 500 גרם,מאפיית שלמה א. אנג'\ל בע,,,"י""ח",500,ל גרם,false,1,17.90,3.58,true,1,
7290000379258,false,"חלה מתוקה קונדטוריה ארוזה ""אנג'ל""",מאפיית שלמה א. אנג'\ל בע,,,"י""ח",500,ל גרם,false,1,15.90,3.18,false,1,
7290000379678,false,"חצי חלה חשופה ""אנג'ל""- 7.90 ש""ח",שלמה א.אנג ל בעמ,,,"י""ח",500,ל גרם,false,1,6.70,1.34,false,1,
7290000379951,false,"סולת חיטה 1 ק""ג אנג'ל",שלמה א.אנג ל בעמ,,,"י""ח",1,"ק""ג",false,1,6.90,6.90,false,1,
7290000408316,false,יוגורט דנונה דל לקטוז 200 גרם,שטראוס גרופ בעמ/מצונן,,,"י""ח",200,"ל מ""ל",false,1,3.70,1.85,false,1,
7290000408354,false,יוגורט עם אורז מצופה שוקולד קקאו 175 ג' דנונה,שטראוס גרופ בעמ/מצונן,,,"י""ח",175,"ל מ""ל",false,1,4.80,2.74,false,1,
7290000415666,false,"קובה חמוסטה יסמין 1 ק""ג",עת -רן (1996) בעמ,,,"י""ח",1,"ק""ג",false,1,61.90,61.90,false,1,
7290000416021,false,ממרח בטעם שוקולד השחר העולה (500 גרם),השחר העולה תעשית ממתקים בעמ,,,"י""ח",500,ל גרם,false,1,14.90,2.98,false,1,
7290000416618,false,"ממרח שוקולד פרווה השחר 400 גרם כשל""פ",השחר העולה תעשית ממתקים בעמ,,,"י""ח",400,ל גרם,false,1,13.90,3.48,false,1,
7290000419220,false,לנדוור כחול המקורי קפה טחון טורקי 3*100 גרם 16 יח',ש.שסטוביץ בעמ,,,"י""ח",300,ל גרם,false,1,19.90,6.63,false,1,
7290000419909,false,לנדוור קפה שחור לבוקר טחון טורקי 100 גרם,מולינו ניקולי s.p.a,,,"י""ח",100,ל גרם,false,1,9.90,9.90,false,1,
7290000420325,false,"פופסטאר פופקורן למקירוגל בטעם טבעי 5 שקיות,500 גרם",פרסטון פארמס,,,"י""ח",500,ל גרם,false,1,13.80,2.76,true,1,
7290000420332,false,פופסטאר פופקורן למיקרוגל בטעם חמאה 5 יחידות 500 גרם,פרסטון פארמס,,,"י""ח",500,ל גרם,false,1,13.80,2.76,true,1,
7290000420417,false,גלילונית שקיות אשפה 52X65 עם שרוך 60 יחידות,"איטיליאן פוד, אס.פי.",,,"י""ח",60,"י""ח",false,1,19.90,0.33,false,1,
7290000432212,false,נרות שבת אקסטרא 72 י,פאלאס תעשיות נטו (2014) בעמ,,,"י""ח",1,,false,1,41.90,41.90,false,1,
7290000436203,false,עוגיות שוקו ציפ'ס בר-מן 200 גרם,ח.כהן סוכנות מזון ומשקאות בע,,,"י""ח",200,ל גרם,false,1,5.90,2.95,false,1,
7290000449128,false,סיף פנטסטיק לימון ניקוי רב תכליתי 4ל',יוניליוור ישראל שיווק בע`מ,,,"י""ח",4,ליטר,false,1,25.10,6.28,false,1,
7290000450209,false,נתחי טונה בהירה בשמן פוסידון (108 גרם),נטו מלינדה סחר בע`מ,,,"י""ח",110,ל גרם,false,1,6.70,6.09,false,1,
7290000450308,false,פוסידון טונה בהירה במי מלח 77 גרם,ויליגר בעמ עבור נטו,,,"י""ח",110,ל גרם,false,1,7,6.36,false,1,
7290000453125,false,שמרית שמרים טריים לאפיה +משפר אפיה 100ג,שטראוס גרופ בעמ/מצונן,,,"י""ח",100,ל גרם,false,1,7.90,7.90,false,1,
7290000461700,false,בייגלה שמיניות גדולות מלוחות 400 גרם,יוניליוור ישראל שיווק בע`מ,,,"י""ח",400,ל גרם,false,1,14.90,3.73,false,1,
7290000462172,false,סחוג זחוק ירוק תימני חריף זהבי (150 גרם),שטראוס גרופ בעמ/מצונן,,,"י""ח",150,ל גרם,false,1,8.90,5.93,false,1,
7290000474090,false,"חלב בקרטון 1%- 1 ליטר בד""צ - מוצר בפיקוח",החברה המרכזית טלהפצת משקאות בע,,,"י""ח",1,ליטר,false,1,5.86,5.86,false,1,
7290000474502,false,גבינה לבנה טרה 5% מרכיבים טבעיים,החברה המרכזית טלהפצת משקאות בע,,,"י""ח",250,ל גרם,false,1,4.98,1.99,false,1,
7290000474540,false,טוב טעם גבינה לבנה 3% טרה 250 גרם,החברה המרכזית טלהפצת משקאות בע,,,"י""ח",250,ל גרם,false,1,11.50,4.60,false,1,
7290000480442,false,קוואקר שיבולת שועל בשקית 500 גרם,שטראוס פריטו ליי בע`מ,,,"י""ח",500,ל גרם,false,1,13.90,2.78,true,1,
7290000484747,false,"ארק עלית 700 מ""ל 40% יקב הגליל*",יקב הגליל יוסף גולד ובניו,,,"י""ח",700,"ל מ""ל",false,1,59.90,8.51,false,1,
7290000493176,false,אסם אבקת רוטב צלי לבשר 22 ג',קבוצת אוסם סחר שותפות מוגבלת,,,"י""ח",22,ל גרם,false,1,5,22.73,false,1,
7290000493183,false,אבקת רוטב פטריות לבשר-30 גרם,קבוצת אוסם סחר שותפות מוגבלת,,,"י""ח",30,ל גרם,false,1,5,16.67,false,1,
7290000497044,false,לחם אקטיב ברמן (750 גרם),מאפית י את א ברמן בע,,,"י""ח",1,,false,1,16.90,16.90,false,1,
7290000497112,false,"לחם כהה פרוס וארוז ""ברמן""-מוצר בפיקוח",מאפית י את א ברמן בע,,,"י""ח",750,ל גרם,false,1,7,0.93,false,1,
7290000497136,false,חלה פרוסה 500גר ארוז231*,"י.את.א.ברמן בע""\מ",,,"י""ח",500,ל גרם,false,1,8.90,1.78,false,1,
7290000497204,false,פיתות בשקית חמישיה. ברמן,מאפית י את א ברמן בע,,,"י""ח",500,ל גרם,false,1,7.90,1.58,false,1,
7290000497228,false,לחמניה רגילה בשקית ברמן 6יח',מאפית י את א ברמן בע,,,"י""ח",450,ל גרם,false,1,9.90,2.20,false,1,
7290000497273,false,לחמניות אקטיב ברמן שישייה 450 גרם,מאפית י את א ברמן בע,,,"י""ח",1,,false,1,13.90,13.90,false,1,
7290000497303,false,"שישיית לחמניות מקמח מלא ""ברמן""",מאפית י את א ברמן בע,,,"י""ח",540,ל גרם,false,1,12.90,2.39,false,1,
7290000497358,false,חלומית חלה מתוקה קלועה ברמן (500 גרם),מאפית י את א ברמן בע,,,"י""ח",500,ל גרם,false,1,17.50,3.50,false,1,
7290000497426,false,לחם ברמן לענין פלוס 500 גרם,מאפית י את א ברמן בע,,,"י""ח",750,ל גרם,false,1,14.50,1.93,false,1,
7290000497532,false,לחם ברמן לעניין פרוס ברמן (750 גרם),מאפית י את א ברמן בע,,,"י""ח",750,ל גרם,false,1,14.90,1.99,false,1,
7290000497570,false,לחם דגנים פלוס ברמן 500 גרם,מאפית י את א ברמן בע,,,"י""ח",750,ל גרם,false,1,15.90,2.12,false,1,
7290000504025,false,ממתיק סוכרזית פטרייה עלית 300 גרם,אף.סי תבליני בגליל ב,,,"י""ח",246,ל גרם,false,1,9.90,4.02,false,1,
7290000504278,false,ממתיק סוכרזית אריזת פטנט 700 טבליות,אף.סי תבליני בגליל ב,,,"י""ח",574,ל גרם,false,1,17.90,3.12,false,1,
7290000518169,false,ממתיק מתוק וקל 1000 טבליות,מתוק וקל בע`מ,,,"י""ח",1000,"י""ח",false,1,11.70,0.01,false,1,
7290000518176,false,מתוק וקל 250 שקיות 250 גרם,מתוק וקל בע`מ,,,"י""ח",2.50,"י""ח",false,1,21.90,8.76,false,1,
7290000523224,false,מלח הארץ הים האדום 500 ג' עדין,"חברת מלח הארץ אילת בע""\מ",,,"י""ח",500,ל גרם,false,1,8.90,1.78,false,1,
7290000525969,false,מיץ תפוזים סחוט רכיבים טבעיים פרימור 1 ליטר,שטראוס גרופ בעמ/מצונן,,,"י""ח",1,ליטר,false,1,16.60,16.60,false,1,
7290000530109,false,קבנוס זוגי בואקום זוגלובק 180ג',נקניק נהריה כשר זוגל,,,"י""ח",400,ל גרם,false,1,25.90,6.48,true,1,
7290000530116,false,נקניק סלמי מעושן בשן 470 ג' זוגלובק,נקניק נהריה כשר זוגל,,,"י""ח",700,ל גרם,false,1,28.90,4.13,true,1,
7290000530413,false,המבורגר זהב זוגלובק 400 גרם,נקניק נהריה כשר זוגל,,,"י""ח",400,ל גרם,false,1,22.90,5.73,true,1,
7290000530598,false,נקניקיות עוף וינר זוגלובק 500 גרם,נקניק נהריה כשר זוגל,,,"י""ח",500,ל גרם,false,1,19.50,3.90,true,1,
7290000530703,false,פסטרמה חרמון כפרית ונקניק תה מעושן זוגלובק 2*400 גרם,נקניק נהריה כשר זוגל,,,"י""ח",800,ל גרם,false,1,29.90,3.74,true,1,
7290000531601,false,סטייק בורגר בקר זהב 400 גרם קפוא,נקניק נהריה כשר זוגל,,,"י""ח",400,ל גרם,false,1,27.90,6.98,true,1,
7290000531977,false,בורקס במילוי גבינה זוגלובק 800 גרם,נקניק נהריה כשר זוגל,,,"י""ח",800,ל גרם,false,1,21,2.63,true,1,
7290000533353,false,"בצק עלים צרפתי 1 ק""ג זוגלובק",מאפיית אריאל וגידרון,,,"י""ח",1,"ק""ג",false,1,17.90,17.90,true,1,
7290000536316,false,שניצל מן הצומח זוגלובק (1 קג),נקניק נהריה כשר זוגל,,,"י""ח",1,"ק""ג",false,1,35.10,35.10,true,1,
7290000537566,false,נקניקיות עוף טרי 400 ג' זוגלובק,נקניק נהריה כשר זוגל,,,"י""ח",400,ל גרם,false,1,13.90,3.48,true,1,
7290000537603,false,נקניקיות עוף זוגלובק (1 קג),זוגלובק שיווק בעמ,,,"י""ח",1,"ק""ג",false,1,26.90,26.90,true,1,
7290000538709,false,נקניק סלמי תה מעושן זוגלובק 200 גרם,נקניק זוגלובק נהריה,,,"י""ח",200,ל גרם,false,1,14.90,7.45,false,1,
7290000540160,false,עוגיות ללא סוכר 500 גרם קמח מלא,ציון תורג`מן בעמ,,,"י""ח",500,ל גרם,false,1,24.70,4.94,false,1,
7290000552194,false,קישקע קפוא טיבון ויל (500 גרם),טיבון ויל אחזקות בעמ,,,"י""ח",500,ל גרם,false,1,17.90,3.58,false,1,
7290000552569,false,סטייקבורגר בקר טיבון ויל 400 גרם,"טיבון ויל אחזקות בע""\מ",,,"י""ח",400,ל גרם,false,1,23.90,5.98,true,1,
7290000552927,false,בשר עוף קפוא טחון טיבון ויל (500 גרם),"טיבון ויל אחזקות בע""\מ",,,"י""ח",500,ל גרם,false,1,16.50,3.30,false,1,
7290000552934,false,בשר הודו קפוא טחון טיבון ויל (500 גרם),"טיבון ויל אחזקות בע""\מ",,,"י""ח",500,ל גרם,false,1,16.50,3.30,false,1,
7290000554471,false,נקניק מוצרלה 22 אחוז 180גרם גד מהדרין,מחלבות גד שיווק 1992 בעמ,,,"י""ח",1,,false,1,18.50,18.50,true,1,
7290000554600,false,מוצרלה מגורדת 22 אחוז 300גרם גד מהדרין,מחלבות גד שיווק 1992 בעמ,,,"י""ח",300,ל גרם,false,1,22.90,7.63,true,1,
7290000554686,false,גבינת לאבנה בתוספת שמן זית וזעתר 5% גד 250 גרם,מחלבות גד שיווק 1992 בעמ,,,"י""ח",250,ל גרם,false,1,16.90,6.76,true,1,
7290000554822,false,ריקוטה גבינה לבנה בסגנון איטלקי 5% גד 250 גרם,מחלבות גד שיווק 1992 בעמ,,,"י""ח",250,ל גרם,false,1,15.90,6.36,true,1,
7290000572086,false,טחינה אורגנית אחדות 500 גרם,אחדות ביחר לטחינה חל,,,"י""ח",500,ל גרם,false,1,12.90,2.58,false,1,
7290000572222,false,חלווה בלוק וניל אחוה 500 גרם,שוורצקוף& הנקל דיסלד,,,"י""ח",500,ל גרם,false,1,11.90,2.38,false,1,
7290000572536,false,אחווה חלווה ווניל במגש 400 גר,אחדות ביתחרושת לטחינה חלבה,,,"י""ח",400,ל גרם,false,1,14.90,3.73,false,1,
7290000572628,false,חלבה חטיף לייט 25 ג* 11יח קופ`שי אחוה,שוורצקוף& הנקל דיסלד,,,"י""ח",276,ל גרם,false,1,11.90,4.31,false,1,
7290000572673,false,חלבה וניל קקאו ואגוזים אחוה (25x12 גרם),שוורצקוף& הנקל דיסלד,,,"י""ח",300,ל גרם,false,1,17,5.67,false,1,
7290000572802,false,טחינה אורגנית משומשום מלא אחוה 500 גרם,"אחדות בע""מ א.ת. ברקן",,,"י""ח",500,ל גרם,false,1,12.90,2.58,false,1,
7290000572819,false,"אחוה טחינה גולמית 1 ק""ג בפלסטיק",אחדות ביחר לטחינה חל,,,"י""ח",1,"ק""ג",false,1,21.90,21.90,false,1,
7290000631424,false,פרגיות עוף טרי[קצביה]**,"ח.י. מעדני גורמה בע""מ",,,"ק""ג",1,"ק""ג",true,1,79.90,79.90,true,1,
7290000632452,false,כרעיים עוף טרי(קצביה )**.,"ח.י. מעדני גורמה בע""מ",,,"ק""ג",1,"ק""ג",true,1,36.90,36.90,true,1,
7290000632759,false,שוקיים עוף טרי (קצביה)**,"ח.י. מעדני גורמה בע""מ",,,"ק""ג",1,"ק""ג",true,1,42.90,42.90,true,1,
7290000633855,false,כנפיים עוף טרי מקוצבות[קצביה],"ח.י. מעדני גורמה בע""מ",,,"ק""ג",1,"י""ח",true,1,16.90,16.90,true,1,
7290000640150,false,הודו שלם נקבה}קצביה{**,ח.י. מעדני גורמה בעמ,,,"ק""ג",1,"ק""ג",true,1,29.90,29.90,false,1,
7290000643250,false,עוף טרי מפורק(קצביה)**,"ח.י. מעדני גורמה בע""מ",,,"י""ח",1,,true,1,23.90,23.90,false,1,
7290000659312,false,דגי תנובה פילה סלומון קפוא בוואקום,תנובה בשר,,,"ק""ג",1,"ק""ג",true,1,84.90,84.90,false,1,
7290000679440,false,"קמיל בלו משחת החתלה לתינוק ד""ר פישר 100 גרם","פישר תעשיות פרמבצטיות בע""מ",,,"י""ח",100,ל גרם,false,1,16.90,16.90,false,1,
7290000688077,false,"מי עדן 0.500 מ""ל פקק רגיל",יפאורה שותפות מוגבלת לשיווק,,,"י""ח",500,"ל מ""ל",false,1,3.20,0.58,true,1,
7290000692746,false,"קולגייט אדומה הגנה מקסימלית 75 מ""ל כשל""פ",קולגייט-פלמוליב,,,"י""ח",75,ל גרם,false,1,7.90,10.53,true,1,
7290000805795,false,"חול חתולים יורוקיטי 10 ק""ג",דיפלומט מפיצים (1968) בעמ**,,,"י""ח",10,"ק""ג",false,1,36.90,3.69,false,1,
7290000805900,false,"מזון חתולים לה קט עוף 2.85 ק""ג",דיפלומט מפיצים (1968) בעמ**,,,"י""ח",2.85,"ק""ג",false,1,69.90,24.53,false,1,
7290001041260,false,שומשום מיה (400 גרם),מיה תעשיות מזון מ.ת.מ. בעמ,,,"י""ח",400,ל גרם,false,1,12.90,3.23,false,1,
7290001045169,false,מיץ תפוחי עץ צלול פרימור 1 ליטר,שטראוס גרופ בעמ/מצונן,,,"י""ח",1,ליטר,false,1,16.60,16.60,false,1,
7290001121054,false,צמד חמד פסטרמה וסלמי יחיעם 700 גרם,מעדני יחיעם ( 1993 ) בע`מ,,,"י""ח",850,ל גרם,false,1,25.90,3.05,false,1,
7290001123782,false,שווארמה אמיתית הודו טיבון ויל (500 גרם),נטו מלינדה סחר בע`מ,,,"י""ח",500,ל גרם,false,1,26.90,5.38,false,1,
7290001124536,false,ארוחת נודלס טעם תירס מג'יק 70 גרם,נטו מלינדה סחר בעמ,,,"י""ח",70,ל גרם,false,1,4.90,7,false,1,
7290001245699,false,אקונומיקה סמיכה בניחוח לימון 4 ל' טאצ',סאסאטק אגשח בעמ,,,"י""ח",4,ליטר,false,1,14.90,3.73,true,1,
7290001245729,false,ג'ל כביסה ירוקה טאצ 3 ליטר סלקט,סאסאטק אגשח בעמ,,,"י""ח",1,ליטר,false,1,19.90,19.90,true,1,
7290001245972,false,מרכך כביסה לבן טאצ' 4 ליטר,סאסאטק אגשח בעמ,,,"י""ח",4,ליטר,false,1,15.90,3.98,true,1,
7290001246122,false,"תרסיס ניקוי כללי+ אקונומיקה 750 מ""ל טאצ",סאסאטק אגשח בעמ,,,"י""ח",75,"ל מ""ל",false,1,12.90,17.20,false,1,
7290001246634,false,"נוזל אסלות ע""ב חומצה 1 ליטר טאצ'",סאסאטק אגשח בעמ,,,"י""ח",1,ליטר,false,1,5.70,5.70,false,1,
7290001247068,false,קרטונית נקטר ספרינג תות בננה 1 ליטר,יפאורה שותפות מוגבלת לשיווק,,,"י""ח",1,ליטר,false,1,6.90,6.90,true,1,
7290001247082,false,מיץ עגבניות רכיבים טבעיים ספרינג 1 ליטר,יפאורה שותפות מוגבלת לשיווק,,,"י""ח",1,ליטר,false,1,6.90,6.90,true,1,
7290001247099,false,קרטונית נקטר ספרינג מנגו 1 ליטר,יפאורה שותפות מוגבלת לשיווק,,,"י""ח",1,ליטר,false,1,6.90,6.90,true,1,
7290001247112,false,קרטונית נקטר ספרינג לימונענע 1 ליטר,יפאורה שותפות מוגבלת לשיווק,,,"י""ח",1,ליטר,false,1,6.90,6.90,true,1,
7290001247143,false,קרטונית נקטר ספרינג תפוחים 1 ליטר,יפאורה שותפות מוגבלת לשיווק,,,"י""ח",1,ליטר,false,1,6.90,6.90,true,1,
7290001265642,false,"מזון חתולים מעדני פטה 1.2 ק""ג מארז 3 יחידות",דיפלומט מפיצים (1968) בעמ**,,,"י""ח",1.20,"ק""ג",false,1,20.90,17.42,false,1,
7290001305058,false,"פלמוליב - נטורלס תחליב רחצה חלב ודבש 500 מ""ל",הנסיך- מפעל לייצור ט,,,"י""ח",500,"ל מ""ל",false,1,15.90,3.18,true,1,
7290001305188,false,"נוזל לניקוי כלים בריח לימון פלמוליב 750 מ""ל",יבואן ומשווק: ש. שסט,,,"י""ח",750,"ל מ""ל",false,1,11.90,1.59,true,1,
7290001567555,false,פסטרמה מעודנת עם דבש 300 ג' יחיעם,מעדני יחיעם (1993) בעמ,,,"י""ח",300,ל גרם,false,1,21.90,7.30,false,1,
7290001594155,false,"קוקה-קולה בבקבוק אישי 500 מ""ל",החברה המרכזית להפצת משקאות בעמ,,,"י""ח",500,"ל מ""ל",false,1,7.90,1.52,true,1,
7290001594179,false,"פאנטה אורנג' בבקבוק אישי 500 מ""ל",החברה המרכזית להפצת משקאות בעמ,,,"י""ח",500,"ל מ""ל",false,1,7.90,1.52,true,1,
7290001594575,false,בירה בפחית רד טובורג (500 מל),החברה המרכזית להפצת משקאות בעמ,,,"י""ח",500,"ל מ""ל",false,1,10.80,2.10,true,1,
7290001594858,false,מארז שישייה בירה טובורג רד (330x6 מל),החברה המרכזית להפצת משקאות בעמ,,,"י""ח",1,,false,1,44.20,44.20,false,1,
7290001780800,false,שלגון קראנץ שוקולד ליבת נוגט נסטלה 100 גרם,נגה גלידות שותפות מוגבלת,,,"י""ח",1,,false,1,11.90,11.90,true,1,
7290001791349,false,אקונומיקה פיסגה ריחנית סנו (4 ליטר),החברה הדרומית לשיווק בעמ,,,"י""ח",4,ליטר,false,1,12.90,3.23,false,1,
7290001813454,false,"עוגיות חיוכים שוקולד עלית 900 גרם מארז 6 יחידות בד""צ",אפיפית נצרת תעשיות ב,,,"י""ח",900,ל גרם,false,1,21.90,2.43,true,1,
7290001817728,false,צ'יטוס אפוי כאפה בטעם קטשופ 55 גרם,"שטראוס פריטו ליי בע""\מ )",,,"י""ח",0.55,"י""ח",false,1,3.90,7.09,true,1,
7290001901250,false,גפילטע פיש הונגרי בצנצנת קלאסי דג 670 גרם,ח.כהן סוכנות מזון ומשקאות בע,,,"י""ח",8,"י""ח",false,1,18,2.25,false,1,
7290001922231,false,כדורי פלאפל 700גר שף הטבע,קפוא זן תעשיות מזון בעמ,,,"י""ח",700,ל גרם,false,1,16.90,2.41,false,1,
7290001990261,false,"סוגת חומוס 1 ק""ג","סוגת תעשיות בע""\מ",,,"י""ח",1,,false,1,17.90,17.90,false,1,
7290001990278,false,"שעועית לבנה סוגת 1 ק""ג","סוגת תעשיות בע""\מ",,,"י""ח",1,"ק""ג",false,1,19.90,19.90,true,1,
7290001990407,false,"עדשים ירוקים 1 ק""ג סוגת","סוגת תעשיות בע""\מ",,,"י""ח",1,"ק""ג",false,1,15.90,15.90,true,1,
7290001990414,false,עדשים אדומות סוגת (1 קג),"סוגת תעשיות בע""\מ",,,"י""ח",1,"ק""ג",false,1,14.90,14.90,true,1,
7290001990421,false,"פופקורן גרעינים סוגת 1 ק""ג","סוגת תעשיות בע""\מ",,,"י""ח",1,"ק""ג",false,1,10.80,10.80,true,1,
7290002019114,false,רוטב עגבניות מרוכז מאד 28-30BX פריניר,ח.כהן סוכנות מזון ומשקאות בע,,,"י""ח",580,ל גרם,false,1,7.80,1.34,false,1,
7290002019763,false,עגבניות מרוסקות 800ג פריניר ה.מכירה *,ח.כהן סוכנות מזון ומשקאות בע,,,"י""ח",800,ל גרם,false,1,6.90,0.86,false,1,
7290002019787,false,רוטב עגבניות מרוכז מאוד 260 גרם פריניר,ח.כהן סוכנות מזון ומשקאות בע,,,"י""ח",260,ל גרם,false,1,4.30,1.65,false,1,
7290002019794,false,רוטב עגבניות מרוכז מאוד 100 גרם פריניר,ח.כהן סוכנות מזון ומשקאות בע,,,"י""ח",100,ל גרם,false,1,2.10,2.10,false,1,
7290002022923,false,סוכריות על מקל בטעם תות כרמית 50 יחידות,כרמית תעשיות ממתקים בעמ,,,"י""ח",500,ל גרם,false,1,16.90,3.38,true,1,
7290002037309,false,לחמניות המבורגר מאפיית ודש 8),מאפית י את א ברמן בע,,,"י""ח",400,ל גרם,false,1,13.90,3.48,false,1,
7290002037637,false,לחמניות הבית מתוקות מאפיית ודש) (4,מאפית י את א ברמן בע,,,"י""ח",1,,false,1,12.90,12.90,false,1,
7290002057017,false,זיתים ירוקים נובו קבוצת יבנה (540 גרם),קבוצת יבנה מוצרי מזון אגודה שי,,,"י""ח",560,ל גרם,false,1,8.90,1.59,false,1,
7290002057048,false,זית סורי מתובל בשמן קבוצת יבנה 560 גרם,"קבוצת יבנה מוצרי מזון בע""מ",,,"י""ח",560,ל גרם,false,1,10.50,1.88,false,1,
7290002057123,false,זיתים ירוקים מנזנילו קבוצת יבנה 560 גרם,קבוצת יבנה מוצרי מזון אגודה שי,,,"י""ח",560,ל גרם,false,1,9.90,1.77,true,1,
7290002057147,false,זית מושחר גדול 560 ג' יבנה,קבוצת יבנה מוצרי מזון בעמ,,,"י""ח",560,ל גרם,false,1,9.50,1.70,false,1,
7290002057352,false,מלפפונים במלח ‏9‏-‏7‏ קבוצת יבנה 320 גרם,"קבוצת יבנה מוצרי מזון בע""מ",,,"י""ח",600,ל גרם,false,1,7.60,1.27,false,1,
7290002057369,false,מלפפונים במלח ‏12‏-‏10‏ קבוצת יבנה 320 גרם,"קבוצת יבנה מוצרי מזון בע""מ",,,"י""ח",600,ל גרם,false,1,7.50,1.25,false,1,
7290002057376,false,מלפפונים במלח ‏17‏-‏13‏ קבוצת יבנה 320 גרם,"קבוצת יבנה מוצרי מזון בע""מ",,,"י""ח",600,ל גרם,false,1,9.90,1.65,false,1,
7290002057383,false,מלפפונים במלח ‏25‏-‏18‏ קבוצת יבנה 320 גרם,"קבוצת יבנה מוצרי מזון בע""מ",,,"י""ח",600,ל גרם,false,1,12.90,2.15,true,1,
7290002057475,false,מלפפונים בחומץ ‏17‏-‏13 קבוצת יבנה 290 גרם,קבוצת יבנה מוצרי מזון אגודה שי,,,"י""ח",600,ל גרם,false,1,9.90,1.65,false,1,
7290002057482,false,מלפפון יבנה בחומץ קטנים מאוד 18-25 290 ג,קבוצת יבנה מוצרי מזון אגודה שי,,,"י""ח",560,ל גרם,false,1,12.90,2.30,true,1,
7290002057628,false,זיתים מושחרים טבעות קבוצת יבנה (540 גרם),קבוצת יבנה מוצרי מזון אגודה שי,,,"י""ח",540,ל גרם,false,1,10.90,2.02,false,1,
7290002057703,false,חצילים במלח קבוצת יבנה 320 גרם,"קבוצת יבנה מוצרי מזון בע""מ",,,"י""ח",560,ל גרם,false,1,7.50,1.34,false,1,
7290002057871,false,זית חרוזית צנצנת 540 ג' יבנה,קבוצת יבנה מוצרי מזון בעמ,,,"י""ח",560,ל גרם,false,1,9.50,1.70,false,1,
7290002065555,false,שישיית לחמנייה הכי רכה בהפסקה אנג'ל 450 גרם,מאפיית שלמה א. אנג'\ל בע,,,"י""ח",1,,false,1,11.90,11.90,false,1,
7290002111474,false,אפונה גדולה A2 פרי מבורך 600ג',"זנלכל בע""\מ",,,"י""ח",550,ל גרם,false,1,10.90,1.98,true,1,
7290002130574,false,דבש טהור מפרחי בר בזכוכית 500 ג' יד מרדכי,מכוורת יד מרדכי שטראוס ב,,,"י""ח",500,ל גרם,false,1,28.60,5.72,false,1,
7290002130581,false,דבש טהור מפרחי בר יד מרדכי (1 קג),מכוורת יד מרדכי שטראוס ב,,,"י""ח",1,קוב,false,1,48.90,48.90,false,1,
7290002132011,false,עוגיות מזרחיות עם שומשום עבאדי (400 גר),מאפיית יוסף ושמחה עבאדי,,,"י""ח",400,ל גרם,false,1,18.90,4.73,false,1,
7290002253006,false,שום טרי כתוש צנצנת דורות 200 גרם,קבוצת אוסם סחר-שות.מוגבלת,,,"י""ח",200,ל גרם,false,1,16.90,8.45,false,1,
7290002253105,false,שום במגשית 20 שיניים כתושות קפוא 80,קבוצת אוסם סחר-שות.מוגבלת,,,"י""ח",80,ל גרם,false,1,13.90,17.38,false,1,
7290002253167,false,פטרוזיליה טרייה קצוצה מוקפאת 70 גרם,קבוצת אוסם סחר שותפות מוגבלת,,,"י""ח",70,ל גרם,false,1,11.90,17,false,1,
7290002253181,false,כוסברה טרייה קצוצה 20 קוביות 70 גרם קפוא,קבוצת אוסם סחר שותפות מוגבלת,,,"י""ח",70,ל גרם,false,1,10.90,15.57,false,1,
7290002319016,false,אבקת אפיה עשיריות מיה 100 גרם,מיה תעשיות מזון מ.ת.מ. בעמ,,,"י""ח",100,ל גרם,false,1,1.90,1.90,false,1,
7290002319023,false,סוכר וניל עשיריות מיה 100 גרם,מיה תבליני החיים ירושלים בע`מ,,,"י""ח",100,ל גרם,false,1,1.90,1.90,false,1,
7290002319054,false,פרג טחון מיה 100 גרם,מיה תעשיות מזון מ.ת.מ. בעמ,,,"י""ח",100,ל גרם,false,1,5.90,5.90,false,1,
7290002319061,false,קוקוס טחון מיה (100 גרם),מיה תעשיות מזון מ.ת.מ. בעמ,,,"י""ח",100,ל גרם,false,1,4.90,4.90,false,1,
7290002319078,false,שומשום מיה 100 גרם,מיה תעשיות מזון מ.ת.מ. בעמ,,,"י""ח",100,ל גרם,false,1,3.90,3.90,false,1,
7290002319092,false,"קמח תפוח אדמה 500ג בד""ץ מיה*",מיה תעשיות מזון מ.ת.מ. בעמ,,,"י""ח",500,ל גרם,false,1,8.70,1.74,false,1,
7290002319115,false,חומוס גדול יבש מיה 500 גר',מיה תעשיות מזון מ.ת.מ. בעמ,,,"י""ח",500,ל גרם,false,1,6.90,1.38,true,1,
7290002319139,false,שעועית לבנה יבשה מיה 500 ג',מיה תעשיות מזון מ.ת.מ. בעמ,,,"י""ח",500,ל גרם,false,1,11.40,2.28,true,1,
7290002319160,false,אפונה ירוקה יבשה מיה 500 ג',מיה תעשיות מזון מ.ת.מ. בעמ,,,"י""ח",500,ל גרם,false,1,7.30,1.46,true,1,
7290002319177,false,פופקורן גרעינים מיה 500 גר',מיה תעשיות מזון מ.ת.מ. בעמ,,,"י""ח",500,ל גרם,false,1,8,1.60,true,1,
7290002319184,false,עדשים אדומים יבשים מיה 500 גר',מיה תעשיות מזון מ.ת.מ. בעמ,,,"י""ח",500,ל גרם,false,1,10.60,2.12,true,1,
7290002319191,false,עדשים ירוקים יבשים מיה 500 גר',מיה תעשיות מזון מ.ת.מ. בעמ,,,"י""ח",500,ל גרם,false,1,10.60,2.12,true,1,
7290002319207,false,כוסמת מיה (500 גרם),מיה תעשיות מזון מ.ת.מ. בעמ,,,"י""ח",500,ל גרם,false,1,10.20,2.04,true,1,
7290002319771,false,תמצית אפיה בטעם וניל מיה (50 מל),מיה תעשיות מזון מ.ת.מ. בעמ,,,"י""ח",50,"ל מ""ל",false,1,4.90,9.80,false,1,
7290002319825,false,"אבקת סוכר 100 ג`בד""ץ מיה",מיה תעשיות מזון מ.ת.מ. בעמ,,,"י""ח",100,ל גרם,false,1,2.30,2.30,false,1,
7290002327059,false,"בצק עלים 1 ק""ג שלושת האופים קהילות",נטו מלינדה סחר בע`מ,,,"י""ח",1,"ק""ג",false,1,19.90,19.90,true,1,
7290002329626,false,שיש- עוגה 350 גר' תבואות בר,בני פאוזי שמשום (2009) בעמ,,,"י""ח",350,ל גרם,false,1,7.90,2.26,true,1,
7290002329640,false,עוגת לימון עוגל'ה 350 גרם,בני פאוזי שמשום (2009) בעמ,,,"י""ח",350,ל גרם,false,1,7.90,2.26,true,1,
7290002329657,false,עוגת תפוז עוגל'ה 350 גרם,בני פאוזי שמשום (2009) בעמ,,,"י""ח",350,ל גרם,false,1,7.90,2.26,true,1,
7290002329664,false,עוגת אנגלית עוגל'ה 350 גרם,בני פאוזי שמשום (2009) בעמ,,,"י""ח",350,ל גרם,false,1,7.90,2.26,true,1,
7290002329961,false,עוגת שוקוצ'ינו עוגל'ה 350 גרם,בני פאוזי שמשום (2009) בעמ,,,"י""ח",350,ל גרם,false,1,7.90,2.26,true,1,
7290002331094,false,"מים מינרליים GO TO נביעות 755 מ""ל",החברה המרכזית להפצת משקאות בעמ,,,"י""ח",755,"ל מ""ל",false,1,6,0.75,false,1,
7290002331421,false,"שישיית מים מינרליים GO TO נביעות 755 מ""ל",החברה המרכזית להפצת משקאות בעמ,,,"י""ח",4.53,ליטר,false,1,19.90,4,false,1,
7290002348160,false,תירס גמדי שלם ויליגר 425 ג',גואנגדונג יוזהו פודס,,,"י""ח",400,ל גרם,false,1,5.90,1.48,false,1,
7290002360124,false,חליטת צמחים ורד הבר והיביסקוס פומפדור 20 יחידות,ש. שסטוביץ בע`מ,,,"י""ח",30,ל גרם,false,1,14.90,49.67,true,1,
7290002360278,false,חליטת צמחים פומפדור מנטה 20 יחידות,"איטיליאן פוד, אס.פי.",,,"י""ח",45,ל גרם,false,1,14.90,33.11,true,1,
7290002374268,false,שמן חמניות מזוכך ללא כולסטרול 1 ליטר,סוגת תעשיות בעמ,,,"י""ח",1,ליטר,false,1,11.90,11.90,false,1,
7290002374312,false,שמן קנולה מזוכך 6% מילומור (1 ליטר),"נארז ע""י : א.ג. גילר",,,"י""ח",1,ליטר,false,1,11.90,11.90,false,1,
7290002517290,false,תבלין קינמון טחון 40 גר' מיכל,"תבליני טעם וריח בע""מ",,,"י""ח",1,,false,1,5.90,5.90,false,1,
7290002517337,false,אורגנו עלים 20 גר' טעם וריח,"תבליני טעם וריח בע""מ",,,"י""ח",1,,false,1,5.90,5.90,false,1,
7290002517375,false,בזילקום עלים 30 גר' טעם וריח,"תבליני טעם וריח בע""מ",,,"י""ח",1,,false,1,5.90,5.90,false,1,
7290002543237,false,דגני בוקר קלוגס קורנפלקס 750 גרם,קלוגס קומפני אוף גרייט ב,,,"י""ח",750,ל גרם,false,1,17.90,2.39,true,1,
7290002551003,false,נתחי טונה בהירה בשמן סטארקיסט (160 גרם),דיפלומט מפיצים (1968) בעמ**,,,"י""ח",160,ל גרם,false,1,7.70,4.81,false,1,
7290002627210,false,גפילטע פיש קציצות מדגי קרפיון וכסיף בצנצנת 560 גרם,האי נאם סי או אל.טי.,,,"י""ח",520,ל גרם,false,1,10.90,2.10,false,1,
7290002661214,false,ברמן לחם גליל קל מהדרין 750 גרם,מאפית י את א ברמן בע,,,"י""ח",1,,false,1,18.20,18.20,false,1,
7290002692393,false,שמן קנולה מזוכך מועשר עץ הזית (1 ליטר),סוגת תעשיות בעמ,,,"י""ח",1,ליטר,false,1,15.90,15.90,false,1,
7290002692478,false,"שמן זית כתית מעולה קלאסי מעודן 750 מ""ל עץ הזית","מרקאולאו, ספרד.אבסה,",,,"י""ח",750,"ל מ""ל",false,1,31.90,4.25,true,1,
7290002715504,false,ארוחת נודלס בטעם עוף מג`יק (70 גרם),נטו מלינדה סחר בע`מ,,,"י""ח",70,ל גרם,false,1,5,7.14,false,1,
7290002715511,false,ארוחת נודלס בטעם בשר מג`יק (70 גרם),נטו מלינדה סחר בע`מ,,,"י""ח",70,ל גרם,false,1,5,7.14,false,1,
7290002715528,false,ארוחת נודלס בטעם ירקות מג`יק (70 גרם),נטו מילנדה סחר בעמ*,,,"י""ח",70,ל גרם,false,1,5,7.14,false,1,
7290002715580,false,ארוחת נודלס בטעם סיני חריף מג'יק 70 גרם,נטו מילנדה סחר בעמ*,,,"י""ח",70,ל גרם,false,1,5,7.14,false,1,
7290002730262,false,נוזל לניקוי כלים קלאסי פלמוליב (750 מל),יבואן ומשווק: ש. שסט,,,"י""ח",750,"ל מ""ל",false,1,12.90,1.72,true,1,
7290002735014,false,מלווח ארוז יינון 800 גר`,קפוא-זן תעשיות מזון בעמ - תפוג,,,"י""ח",800,ל גרם,false,1,14.90,1.86,false,1,
7290002735274,false,ג'חנון אפוי ינון 600 גרם,קפוא-זן תעשיות מזון בעמ - תפוג,,,"י""ח",600,ל גרם,false,1,17.90,2.98,false,1,
7290002750130,false,מארז חליות פילסברי 6יח,ג נרל מילס ישראל בעמ ~~~,,,"י""ח",1,,false,1,12.90,12.90,false,1,
7290002752332,false,"סוכריות מנטוס פירות בגליל, 37.5 גרם",הדקלאים אגודת שיתופי,,,"י""ח",37.50,ל גרם,false,1,4,10.67,true,1,
7290002768036,false,"מי פה תיאדנט ענק מונע עששת 150מ""ל",החברה הדרומית לשיווק בעמ,,,"י""ח",1.50,"י""ח",false,1,14.90,9.93,false,1,
7290002768159,false,"קצף אמבט בת אורן קרליין 500 מ""ל",החברה הדרומית לשיווק בעמ,,,"י""ח",500,"ל מ""ל",false,1,18.90,3.78,false,1,
7290002814016,false,"מסיר שומנים מתז 750 מ""ל סנט מוריץ כשל""פ עד""ח",קומפלקס כימיקלסבעמ ~~~,,,"י""ח",750,"ל מ""ל",false,1,15.90,2.12,false,1,
7290002814054,false,סנט מוריץ מתז אנטרטיק מתז 1 ליטר,קומפלקס כימיקלסבעמ ~~~,,,"י""ח",1,ליטר,false,1,12.90,12.90,false,1,
7290002824183,false,"גבינה לבנה סקי 500 גרם 5% ""שטראוס"" -מוצר בפיקוח",שטראוס גרופ בעמ/מצונן,,,"י""ח",500,ל גרם,false,1,9.50,1.90,false,1,
7290002824466,false,יוגורט דנונה ביו לבן 0% שומן 200 גרם,שטראוס גרופ בעמ/מצונן,,,"י""ח",200,"ל מ""ל",false,1,3.70,1.85,false,1,
7290002824640,false,"גבינת סקי 250 גרם 5% ""שטראוס"" -מוצר בפיקוח",שטראוס גרופ בעמ/מצונן,,,"י""ח",250,ל גרם,false,1,4.97,1.99,false,1,
7290002825722,false,כרוב אדום במיונז אחלה (500 גרם),שטראוס גרופ בעמ/מצונן,,,"י""ח",500,ל גרם,false,1,14.90,2.98,true,1,
7290002868996,false,"קוטג' 5% שומן, רכיבים טבעיים, 250 גרם",החברה המרכזית טלהפצת משקאות בע,,,"י""ח",250,ל גרם,false,1,5.90,2.36,false,1,
7290002905462,false,מקל אלומיניום למטאטא,לפ סולומון סולור,,,"י""ח",1,,false,1,4.30,4.30,false,1,
7290002922117,false,מקלות קינמון וסוכר חום,הלל בן הלל שיווק ומסחר בעמ,,,"י""ח",250,ל גרם,false,1,23.90,9.56,false,1,
7290003015641,false,"נוזל רצפות יסמין 2 ליטר ""ריצפז פרש""",החברה הדרומית לשיווק בעמ,,,"י""ח",2,ליטר,false,1,19.90,9.95,false,1,
7290003029181,false,משקה יטבתה שוקו' בקבוק 1ל מהדרין,שטראוס גרופ בעמ/מצונן,,,"י""ח",1,ליטר,false,1,12,12,false,1,
7290003029372,false,יטבתה משקה בטעם בננה %3 בקבוק 1 ליטר,שטראוס גרופ בעמ/מצונן,,,"י""ח",1,ליטר,false,1,12,12,false,1,
7290003029389,false,"משקה חלב בננה פקק ספורט 250 מ""ל יוטבתה",שטראוס גרופ בעמ/מצונן,,,"י""ח",250,"ל מ""ל",false,1,5.60,2.24,false,1,
7290003029433,false,"משקה יטבתה שוקו פקק 250 מ""ל מהדרין",שטראוס גרופ בעמ/מצונן,,,"י""ח",250,"ל מ""ל",false,1,5.60,2.24,false,1,
7290003029532,false,מוקה בבקבוק יטבתה 1 ליטר מהדרין,שטראוס גרופ בעמ/מצונן,,,"י""ח",1,ליטר,false,1,12,12,false,1,
7290003029792,false,"משקה יטבתה שוקו שקיות מהדרין מארז 225X8מ""ל",שטראוס גרופ בעמ/מצונן,,,"י""ח",1.80,ליטר,false,1,19.90,11.06,false,1,
7290003029815,false,כד חלב 3% יטבתה 2 ליטר מהדרין,שטראוס גרופ בעמ/מצונן,,,"י""ח",2,ליטר,false,1,15.60,7.80,false,1,
7290003029907,false,משקה חלב אייס קפה 2% יטבתה (1 ליטר,שטראוס גרופ בעמ/מצונן,,,"י""ח",1,ליטר,false,1,12,12,false,1,
7290003031740,false,טירתצבי פסטרמה בדבש קופ. מחפוד 400ג,טיב טירת צבי 2000,,,"י""ח",400,ל גרם,false,1,31.90,7.98,false,1,
7290003031757,false,פסטרמה הודו בפפריקה מחפוד טירת צבי 400 גרם,תנובה מרכז שיתופי לשיווק תוצרת,,,"י""ח",400,ל גרם,false,1,28.90,7.23,false,1,
7290003054657,false,חרדל ריין דיז'ון אקסטרה פורטה 370 גרם,דיפלומט מפיצים (1968) בעמ**,,,"י""ח",370,ל גרם,false,1,12.90,3.49,false,1,
7290003119509,false,פקדון בקבוק בירה ריק,שונות /שרות,,,"י""ח",1,"י""ח",false,1,1.20,1.20,false,1,
7290003121083,false,ארוחת נודלס בטעם בשר בשקית מג'יק 85 גרם,נטו מילנדה סחר בעמ*,,,"י""ח",85,ל גרם,false,1,4.40,5.18,false,1,
7290003121090,false,ארוחת נודלס ירקות בשקית מג'יק 85 גרם,נטו מלינדה סחר בעמ,,,"י""ח",85,ל גרם,false,1,4.70,5.53,false,1,
7290003126712,false,יוגורט עיזים מחלב מלא 3.7% משק צוריאל 150 גרם,החברה המרכזית טלהפצת משקאות בע,,,"י""ח",140,"ל מ""ל",false,1,6.50,4.64,false,1,
7290003127597,false,שקית שרות קופה גופיה,שונות /שרות,,,"י""ח",1,,false,1,0.10,0.10,false,1,
7290003145751,false,אגוזי קשיו קלויים קליית גת (200 גרם),הדקלאים אגודת שיתופי,,,"י""ח",200,ל גרם,false,1,22.90,11.45,true,1,
7290003199273,false,צמר פלדה 200 גרם ינה,ח.כהן סוכנות מזון ומשקאות בע,,,"י""ח",200,ל גרם,false,1,6.90,3.45,false,1,
7290003229116,false,פסטרמה הודו בדבש שומן טירת צבי 400 גרם,תנובה מרכז שיתופי לשיווק תוצרת,,,"י""ח",400,ל גרם,false,1,29.90,7.48,false,1,
7290003229147,false,נקניק סלמי איטלקי מעושן טירת צבי 300 גרם,תנובה מרכז שיתופי לשיווק תוצרת,,,"י""ח",300,ל גרם,false,1,32.90,10.97,false,1,
7290003229192,false,נקניק כתף בקר מעושן 2% טירת צבי 400 גרם,תנובה מרכז שיתופי לשיווק תוצרת,,,"י""ח",400,ל גרם,false,1,35.90,8.98,false,1,
7290003229215,false,פסטרמה איטלקית 3.5% טירת צבי 360 גרם,תנובה מרכז שיתופי לשיווק תוצרת,,,"י""ח",360,ל גרם,false,1,29.90,8.31,false,1,
7290003321155,false,יוגורט בר עם פקאן מצופה שוקולד 183 ג' דנונה,שטראוס גרופ בעמ/מצונן,,,"י""ח",175,"ל מ""ל",false,1,4.80,2.74,false,1,
7290003364107,false,צעצועים שונים 7,צעצועי דורון ~~~,,,"י""ח",1,,false,1,39.90,39.90,false,1,
7290003364428,false,בובה מיוחדת קבוצה 8,צעצועי דורון ~~~,,,"י""ח",1,,false,1,39.90,39.90,false,1,
7290003385881,false,במיה ברוטב עגבניות 600 ג' פרי הגליל,ויטה- פרי גליל (החדשה) בעמ,,,"י""ח",600,ל גרם,false,1,10.90,1.82,false,1,
7290003397136,false,בדית תחבושות 18 יחידות,כ. כיפות שיווק וסחר בעמ,,,"י""ח",1,,false,1,7.90,7.90,false,1,
7290003411757,false,"צלחות 1 ק""ג הנמל",הנמל אריזות ושווק בעמ,,,"י""ח",1,"ק""ג",false,1,34.90,34.90,false,1,
7290003413706,false,מיץ לימון,אגודת הכורמים,,,"י""ח",500,"ל מ""ל",false,1,8.95,1.79,false,1,
7290003427154,false,"שמן זית כתית מעולה טעם מעודן זיתא 750 מ""ל",תה ויסוצקי (ישראל) בעמ,,,"י""ח",750,"ל מ""ל",false,1,37.90,5.05,true,1,
7290003438006,false,ממרח אולביה פסטו וצנובר איטלקי 190ג',תה ויסוצקי (ישראל) בעמ,,,"י""ח",190,ל גרם,false,1,15.50,8.16,true,1,
7290003438013,false,7290003אוליביה ממרח זיתים ירוקים 190 גרם,תה ויסוצקי (ישראל) בעמ,,,"י""ח",190,ל גרם,false,1,15.50,8.16,true,1,
7290003450602,false,חרדל אמיתי צהוב בקבוק לחיץ 255 גר,היינץ צפון אמריקה מקבוצת ה.י.היינץ,,,"י""ח",255,ל גרם,false,1,11.90,4.67,false,1,
7290003457991,false,טילון קורנטו וניל עם וופל ואגוזי לוז מסוכרים,"גלידת שטראוס בע""\מ, רחוב",,,"י""ח",1,,false,1,34.90,34.90,false,1,
7290003461868,false,"חציל במיונז אסלי שמיר 1 ק""ג","סלטי שמיר 2006 בע""מ",,,"י""ח",1,"ק""ג",false,1,15.90,15.90,true,1,
7290003526444,false,אננס חתוך ויליגר A2 מהדרין,נטו מלינדה סחר בע`מ,,,"י""ח",1,,false,1,6.10,6.10,false,1,
7290003550753,false,נתחי טונה בהירה בשמן פוסידון (108x4 גרם),נטו מילנדה סחר בעמ*,,,"י""ח",340,ל גרם,false,1,23.90,7.03,false,1,
7290003578078,false,קוקטייל פירות טרופי בסירופ קל ויליפוד 850 גרם,ג. וילי-פוד אינטרנשיונל בע`מ,,,"י""ח",490,ל גרם,false,1,9.90,2.02,false,1,
7290003578177,false,תירס צעיר שלם וילי פוד (410 גרם),ג.וילי-פוד אינטרנשיונל בעמ,,,"י""ח",410,ל גרם,false,1,8.90,2.17,true,1,
7290003643004,false,אורז בסמטי קלאסי סוגת (1 קג),האי נאם סי או אל.טי.,,,"י""ח",1,"ק""ג",false,1,13.90,13.90,false,1,
7290003643387,false,סוכר לבן בצנצנת פלסטיק 1 ק`ג,האי נאם סי או אל.טי.,,,"י""ח",1,"ק""ג",false,1,8.90,8.90,false,1,
7290003643646,false,"סוכר דמררה קלאסי בצנצנת סוגת 1 ק""ג",האי נאם סי או אל.טי.,,,"י""ח",1,"ק""ג",false,1,13.90,13.90,false,1,
7290003643684,false,אפונה יבשה סוגת 500 גר',האי נאם סי או אל.טי.,,,"י""ח",500,ל גרם,false,1,6.90,1.38,true,1,
7290003643707,false,גריסים סוגת (500 גרם),"סוגת תעשיות בע""מ",,,"י""ח",500,ל גרם,false,1,5.80,1.16,true,1,
7290003643714,false,חומוס גרגירים 500 גרם סוגת,האי נאם סי או אל.טי.,,,"י""ח",500,ל גרם,false,1,8.90,1.78,true,1,
7290003643738,false,חיטה סוגת (500 גרם),האי נאם סי או אל.טי.,,,"י""ח",500,ל גרם,false,1,6.80,1.36,true,1,
7290003643745,false,כוסמת סוגת (500 גרם),האי נאם סי או אל.טי.,,,"י""ח",500,ל גרם,false,1,8.90,1.78,true,1,
7290003643752,false,עדשים ירוקים יבש סוגת 500 גר',האי נאם סי או אל.טי.,,,"י""ח",500,ל גרם,false,1,8.90,1.78,true,1,
7290003643769,false,עדשים אדומים יבש סוגת 500 גר',"סוגת תעשיות בע""\מ",,,"י""ח",500,ל גרם,false,1,8.90,1.78,true,1,
7290003643776,false,"פופקורן גרעינים סוגת 500 ג' כשל""פ",האי נאם סי או אל.טי.,,,"י""ח",500,ל גרם,false,1,6.90,1.38,true,1,
7290003643806,false,שעועית לבנה יבשה סוגת (500 גרם),האי נאם סי או אל.טי.,,,"י""ח",500,ל גרם,false,1,13.80,2.76,true,1,
7290003643820,false,חומוס ענק יבש סוגת 500 גרם,"סוגת תעשיות בע""\מ",,,"י""ח",500,ל גרם,false,1,10.90,2.18,true,1,
7290003681303,false,שעועית מעורבת יבשה מיה 500 גר',מיה תעשיות מזון מ.ת.מ. בעמ,,,"י""ח",500,ל גרם,false,1,13.50,2.70,false,1,
7290003681334,false,"קוקוס 400 גרם מיה בד""צ",מיה תעשיות מזון מ.ת.מ. בעמ,,,"י""ח",400,ל גרם,false,1,11.90,2.98,false,1,
7290003681716,false,גריסי פנינה מיה (500 גרם),מיה תעשיות מזון מ.ת.מ. בעמ,,,"י""ח",500,ל גרם,false,1,8.10,1.62,false,1,
7290003781065,false,מלפפונים בחומץ קטנים מאוד וילי פוד 370 גרם,ג. וילי-פוד אינטרנשיונל בע`מ,,,"י""ח",690,ל גרם,false,1,9.90,1.43,false,1,
7290003781652,false,צלפים במי מלח וילי פוד 230 גרם,ג. וילי-פוד אינטרנשיונל בע`מ,,,"י""ח",370,ל גרם,false,1,12.80,3.46,false,1,
7290003804320,false,תיבולית שום ופטרוזיליה קנור 72 גרם,יוניליוור ישראל שיווק בע`מ,,,"י""ח",72,ל גרם,false,1,10.40,14.44,true,1,
7290003804368,false,תיבוליות בזיליקום קנור (8 יח`- 72 גרם),יוניליוור ישראל שיווק בע`מ,,,"י""ח",72,ל גרם,false,1,10.40,14.44,true,1,
7290003804382,false,תיבוליות פטריות קנור (8 יח`- 72 גרם),יוניליוור ישראל שיווק בע`מ,,,"י""ח",72,ל גרם,false,1,10.40,14.44,true,1,
7290003805501,false,"פתית בסגנון שוודי תלמה בד""צ 300 גרם",יוניליוור ישראל שיווק בע`מ,,,"י""ח",300,ל גרם,false,1,18.70,6.23,false,1,
7290003805587,false,"פתית חיטה מלאה בד""צ 250 גרם-קופסא",יוניליוור ישראל שיווק בע`מ,,,"י""ח",250,ל גרם,false,1,18.70,7.48,false,1,
7290003864492,false,סרדינים בשמן צמחי חריף פתח קל ויליפוד 110ג',ג. וילי-פוד אינטרנשיונל בע`מ,,,"י""ח",110,ל גרם,false,1,6.30,5.73,true,1,
7290003882922,false,עלי גפן ממולאים באורז וילי פוד 360 גרם,ג. וילי-פוד אינטרנשיונל בע`מ,,,"י""ח",400,ל גרם,false,1,8.90,2.23,false,1,
7290003989096,false,סלט חצילים פיקנטי אחלה 500 גרם,שטראוס גרופ בעמ/מצונן,,,"י""ח",500,ל גרם,false,1,14.90,2.98,true,1,
7290003989539,false,רביולי עם גבינה שטראוס (400 גרם),שטראוס גרופ בעמ/מצונן,,,"י""ח",400,ל גרם,false,1,20.90,5.23,true,1,
7290003989553,false,פסטה טורטליני גבינה ופטריות 400 גרם,שטראוס גרופ בעמ/מצונן,,,"י""ח",400,ל גרם,false,1,21.70,5.43,true,1,
7290004048679,false,קובה למרק שלושת האופים(כ 18 יח`- 1 קג),נטו מלינדה סחר בעמ,,,"י""ח",1,"ק""ג",false,1,23.90,23.90,false,1,
7290004061494,false,נגיסי עוף 700 גר`טופ שף,קפוא-זן תעשיות מזון בעמ - תפוג,,,"י""ח",700,ל גרם,false,1,16.90,2.41,true,1,
7290004063115,false,"מלח מטבח עבה להמלחת בשר ובישול 1 ק""ג 1ק""ג",האי נאם סי או אל.טי.,,,"י""ח",1,"ק""ג",false,1,2.07,2.07,false,1,
7290004078690,false,"אגקס נוזל לניקוי אסלות מרענן 750 מ""ל",הנסיך- מפעל לייצור ט,,,"י""ח",750,"ל מ""ל",false,1,15.90,2.12,true,1,
7290004091255,false,ג'ל פטרוליום טהור 100% וזלין 212 גרם,יוניליוור ישראל שיווק בע`מ,,,"י""ח",225,"ל מ""ל",false,1,19.70,8.76,false,1,
7290004119133,false,כד יוגורט תנובה 6.5% שומן 1.5 ליטר,מיוצר עי קונדיטוריית,,,"י""ח",1.50,ליטר,false,1,18.90,12.60,false,1,
7290004119225,false,יופלה יוגורט בטעם אננס %3 150 גרם,תנובה מרכז שיתופי לש,,,"י""ח",150,"ל מ""ל",false,1,5.60,3.73,false,1,
7290004120061,false,מעדן חלב בטעם שוקו וניל שוניל 2% קרלו 125 גרם,תנובה מרכז שיתופי לש,,,"י""ח",125,"ל מ""ל",false,1,3.10,2.48,false,1,
7290004120108,false,יופלה דיאט יוגורט דובדבן %0 גביע 150גרם,תנובה מרכז שיתופי לש,,,"י""ח",150,"ל מ""ל",false,1,5.20,3.47,false,1,
7290004120566,false,גבינה בולגרית (25024% גרם)פיראוס תנובה,"תנובה בע""מ ***",,,"י""ח",250,ל גרם,false,1,23.90,9.56,true,1,
7290004120573,false,גבינה בולגרית (25016% גרם)פיראוס תנובה,תנובה מרכז שיתופי לש,,,"י""ח",250,ל גרם,false,1,23.90,9.56,false,1,
7290004120634,false,גבינה בולגרית (2505% גרם)פיראוס תנובה,תנובה מרכז שיתופי לש,,,"י""ח",250,ל גרם,false,1,23.90,9.56,true,1,
7290004121853,false,גבינה בולגרית קוביות (2005% גרם)פיראוס,תנובה מרכז שיתופי לש,,,"י""ח",200,ל גרם,false,1,23.90,11.95,false,1,
7290004122119,false,פתיתי פרמזן לפסטה 23% השף הלבן 100 גרם,"תנובה בע""מ ***",,,"י""ח",100,ל גרם,false,1,13.90,13.90,true,1,
7290004122195,false,גוש חלב גבינה צהובה פרוסה 28% תנובה 200 גרם,"תנובה בע""מ ***",,,"י""ח",200,ל גרם,false,1,14.60,7.30,false,1,
7290004122270,false,עמק קלאסית פרוסות גבינה חצי קשה 28% 200 גרם,תנובה מרכז שיתופי לש,,,"י""ח",200,ל גרם,false,1,16.40,8.20,true,1,
7290004122348,false,גבינה צהובה מופחתת שומן 9% עמק (200 גרם),תנובה מרכז שיתופי לש,,,"י""ח",200,ל גרם,false,1,16.80,8.40,true,1,
7290004122676,false,גבינה חמד לייט (2505% גרם)פיראוס תנובה,"תנובה,מחלבת טנא נוגה",,,"י""ח",250,ל גרם,false,1,19.10,7.64,true,1,
7290004122683,false,עמק חטיף אצבעות גבינה חצי קשה 28% שומן,תנובה מרכז שיתופי לש,,,"י""ח",172,ל גרם,false,1,17.10,9.94,true,1,
7290004124205,false,יופלה דיאט יוגורט תות %0 גביע 150 גרם,תנובה מרכז שיתופי לש,,,"י""ח",150,"ל מ""ל",false,1,5.20,3.47,false,1,
7290004124847,false,"קצפת צמחית השף הלבן 500 מ""ל תנובה",תנובה מרכז שיתופי לש,,,"י""ח",500,"ל מ""ל",false,1,15.90,3.18,true,1,
7290004125370,false,"שמנת חמוצה 9% מופחתת שומן תנובה 200 מ""ל מהדרין",תנובה מרכז שיתופי לש,,,"י""ח",200,"ל מ""ל",false,1,3.70,1.85,false,1,
7290004125400,false,"אשל שלי מהדרין 200 מ""ל 4.5% ""תנובה""- מוצר בפיקוח",פארייפאבה אגרואינדוס,,,"י""ח",200,"ל מ""ל",false,1,1.69,0.85,false,1,
7290004125417,false,"גיל 3% שלי 200 מ""ל ""תנובה"" -מוצר בפיקוח",תנובה מרכז שיתופי לש,,,"י""ח",200,ל גרם,false,1,1.51,0.76,false,1,
7290004125455,false,"שמנת חמוצה 200 מ""ל 15% ""תנובה"" -מוצר בפיקוח",תנובה מרכז שיתופי לש,,,"י""ח",200,"ל מ""ל",false,1,2.40,1.20,false,1,
7290004125462,false,"שמנת חמוצה 15% תנובה 500 מ""ל מהדרין",תנובה מרכז שיתופי לש,,,"י""ח",500,"ל מ""ל",false,1,6,1.20,false,1,
7290004125509,false,"שמנת חמוצה 15% מועשרת תנובה 100 מ""ל",תנובה מרכז שיתופי לש,,,"י""ח",100,"ל מ""ל",false,1,1.80,1.80,false,1,
7290004125578,false,משקה סויה מעושר בסידן תנובה 1ל',תנובה מרכז שיתופי לש,,,"י""ח",1,ליטר,false,1,11.90,11.90,true,1,
7290004125585,false,משקה סויה בטעם וניל תנובה 1 ליטר,תנובה מרכז שיתופי לש,,,"י""ח",1,ליטר,false,1,11.90,11.90,true,1,
7290004125721,false,"השף הלבן שמנת עמידה לבישול 15% תנובה 250 מ""ל",תנובה מרכז שיתופי לש,,,"י""ח",250,"ל מ""ל",false,1,8.30,3.32,false,1,
7290004125738,false,שמנת מתוקה להקצפה32% 250מל עמיד השף הלבן,תנובה מרכז שיתופי לש,,,"י""ח",250,"ל מ""ל",false,1,6.80,2.72,false,1,
7290004126674,false,טל העמק פרוסות גבינה חצי קשה לייט %9 200 גרם בקופסא,תנובה מרכז שיתופי לש,,,"י""ח",200,ל גרם,false,1,18.80,9.40,false,1,
7290004127077,false,קוטג תנובה 3% גביע 250 גרם מהדרין,מיוצר עי קונדיטוריית,,,"י""ח",250,ל גרם,false,1,5.90,2.36,false,1,
7290004127329,false,קוטג תנובה גביע 250 גרם %5 ו.מהדרין,מיוצר עי קונדיטוריית,,,"י""ח",275,ל גרם,false,1,5.90,2.15,false,1,
7290004127336,false,קוטג תנובה גביע 250 גרם %9 ו.מהדרין,מיוצר עי קונדיטוריית,,,"י""ח",250,ל גרם,false,1,5.90,2.36,false,1,
7290004127800,false,"גבינה לבנה 500 גרם 5% ""תנובה"" -מוצר בפיקוח",מיוצר עי קונדיטוריית,,,"י""ח",500,ל גרם,false,1,9.96,1.99,false,1,
7290004127817,false,גבינה לבנה 9% שומן 500 ג' תנובה,מיוצר עי קונדיטוריית,,,"י""ח",500,ל גרם,false,1,9.50,1.90,false,1,
7290004127862,false,"גבינה לבנה 750 גרם 5% ""תנובה"" - מוצר בפיקוח",תנובה מרכז שיתופי לש,,,"י""ח",750,ל גרם,false,1,14.94,1.99,false,1,
7290004129101,false,גבינת שמנת 25% בטעם טבעי 225 ג' נפוליאון,תנובה מרכז שיתופי לש,,,"י""ח",225,ל גרם,false,1,15,6.67,false,1,
7290004129156,false,גבינת שמנת25% עם שום שמיר 225 ג' נפוליאון,תנובה מרכז שיתופי לש,,,"י""ח",225,ל גרם,false,1,15,6.67,false,1,
7290004130794,false,משקה סויה במתיקות מופחתת תנובה (1 ליטר),תנובה מרכז שיתופי לש,,,"י""ח",1,ליטר,false,1,11.90,11.90,true,1,
7290004130916,false,יוגורט יופלה פירות יער בשמנת 3% 150 גרם,תנובה מרכז שיתופי לש,,,"י""ח",150,"ל מ""ל",false,1,5.60,3.73,false,1,
7290004131074,false,"חלב 1 ליטר 3% קרטון ""תנובה""- מוצר בפיקוח",תנובה מרכז שיתופי לש,,,"י""ח",1,ליטר,false,1,6.23,6.23,false,1,
7290004131814,false,גבינת צפתית מעודנת (2005% גרם)פיראוס ת,פארייפאבה אגרואינדוס,,,"י""ח",200,ל גרם,false,1,15.90,7.95,false,1,
7290004132552,false,משקה סויה בטעם טבעי לייט תנובה 1 ליטר,תנובה מרכז שיתופי לש,,,"י""ח",1,ליטר,false,1,11.90,11.90,true,1,
7290004132712,false,חטיף אצבעות גבינת מוצרלה 20% 172 ג' עמק,תנובה מרכז שיתופי לש,,,"י""ח",172,ל גרם,false,1,17.10,9.94,true,1,
7290004133511,false,יופלה מאגדת לבן 1.5% מעודן 8 יח' * 150 ג',מיוצר עי קונדיטוריית,,,"י""ח",1.20,ליטר,false,1,20.80,17.33,false,1,
7290004134945,false,יוגורט ביו 3% בטעם מוקה יופלה (150 גרם),תנובה מרכז שיתופי לש,,,"י""ח",150,"ל מ""ל",false,1,5.60,3.73,false,1,
7290004136857,false,מעדן ג`לי בטעם פטל תנובה (125 גרם),תנובה מרכז שיתופי לש,,,"י""ח",125,"ל מ""ל",false,1,2.70,2.16,false,1,
7290004136871,false,מעדן ג'לי בטעם אפרסק עם חתיכות תנובה 125 גרם,תנובה מרכז שיתופי לש,,,"י""ח",125,"ל מ""ל",false,1,2.90,2.32,false,1,
7290004137311,false,גבינה צהובה מופחתת שומן 9% עמק (400 גרם),"תנובה בע""מ ***",,,"י""ח",400,ל גרם,false,1,30.90,7.73,true,1,
7290004137809,false,לאבנה אסלית 5% גביע (250 גרם)פיראוס תנו,"תנובה, מחלבת אלון תב",,,"י""ח",250,ל גרם,false,1,14,5.60,false,1,
7290004199074,false,סאני פלסטר אינטרסן 5,אינטרסן (1996) בעמ,,,"י""ח",1,,false,1,7,7,false,1,
7290004199241,false,נרות חימום חסידים 50 יחידות,אינטרסן (1996) בעמ,,,"י""ח",50,"י""ח",false,1,13.90,0.28,true,1,
7290004199326,false,כוס אימון מהפכנית טוליפס פרמיום,אינטרסן (1996) בעמ,,,"י""ח",1,,false,1,16.10,16.10,false,1,
7290004199777,false,צימרוני אוזניים פלסטיק בכוס 300 יחידות אינטרסאן,אינטרסן (1996) בעמ,,,"י""ח",1,,false,1,8.50,8.50,true,1,
7290004267124,false,עוגיות ממולאות בטעם תות שדה בר-מן 200 גרם,ח.כהן סוכנות מזון ומשקאות בע,,,"י""ח",200,ל גרם,false,1,5.90,2.95,false,1,
7290004492274,false,בייגלה טבעות מלוחות בייגל בייגל 400 גרם,יוניליוור ישראל שיווק בע`מ,,,"י""ח",400,ל גרם,false,1,11.90,2.98,true,1,
7290004494131,false,יין דלתון קברנה סוביניון גליל,הכרם - משקאות חריפים בעמ,,,"י""ח",750,"ל מ""ל",false,1,50.90,6.75,false,1,
7290004554330,false,שלגון אסקימו דובדבן שטראוס 75 גרם,"מיוצר ע""\י גלידת שטראוס",,,"י""ח",1,,false,1,3,3,true,1,
7290004584351,false,גבינה לבנה סימפוניה עם תוספות 200 ג' חמישית 200,שטראוס גרופ בעמ/מצונן,,,"י""ח",200,ל גרם,false,1,12,6,true,1,
7290004584528,false,יוגורט דנונה ביו לבן 1.7% שומן 200 גרם,שטראוס גרופ בעמ/מצונן,,,"י""ח",200,"ל מ""ל",false,1,3.70,1.85,false,1,
7290004685157,false,לחם שיפון 100% פרוס לחם הארץ (750 גרם),מאפית י את א ברמן בע,,,"י""ח",750,ל גרם,false,1,15.90,2.12,false,1,
7290004685195,false,לחם 10 דגנים פרוס לחם הארץ (750 גרם),מאפית י את א ברמן בע,,,"י""ח",750,ל גרם,false,1,15.90,2.12,false,1,
7290004685201,false,לחם הארץ שיפון אגוזים500,מאפית י את א ברמן בע,,,"י""ח",500,ל גרם,false,1,15.90,3.18,false,1,
7290004685225,false,לחם פומפרניקל פרוס לחם הארץ (750 גרם),מאפית י את א ברמן בע,,,"י""ח",750,ל גרם,false,1,15.90,2.12,false,1,
7290004685430,false,100% לחם כומסין 500 גר לחם הארץ,מאפית י את א ברמן בע,,,"י""ח",1,,false,1,16.90,16.90,false,1,
7290004731083,false,אל סבון נוזלי ג`ינסנג כיף (1 ליטר),החברה הדרומית לשיווק בעמ,,,"י""ח",1,ליטר,false,1,14.90,14.90,false,1,
7290004731090,false,אל סבון נוזלי קמומיל כיף (1 ליטר),החברה הדרומית לשיווק בעמ,,,"י""ח",1,ליטר,false,1,14.90,14.90,false,1,
7290004731410,false,"שלישיית כריות קרצוף ירוקות סנו סושי 25X10.6 ס""מ",החברה הדרומית לשיווק בעמ,,,"י""ח",1,,false,1,12.90,12.90,false,1,
7290004731472,false,"שלישיית אלסבון צבעוני כיף 500 מ""ל",החברה הדרומית לשיווק בעמ,,,"י""ח",1.50,ליטר,false,1,18.90,12.60,false,1,
7290004737900,false,חלב כחוש מרוכז וממותק בתוספת שמן צמחי ויליפוד 397 גרם,ג. וילי-פוד אינטרנשיונל בע`מ,,,"י""ח",397,ל גרם,false,1,9.90,2.49,false,1,
7290004861315,false,.לבנה טבעי/ירקות שקיל 5%,מחלבות המושבה בעמ,,,"ק""ג",1,,true,1,39.90,39.90,false,1,
7290004861421,false,גבינה חלומי 24% המושבה,מחלבות המושבה בעמ,,,"ק""ג",1,"ק""ג",true,1,79.90,79.90,false,1,
7290004944032,false,חומוס אמיתי אסלי שמיר 400 גרם,"סלטי שמיר 2006 בע""מ",,,"י""ח",400,ל גרם,false,1,9.90,2.48,true,1,
7290004944049,false,טחינה אסלי שמיר 400 גרם,"סלטי שמיר 2006 בע""מ",,,"י""ח",400,ל גרם,false,1,9.90,2.48,true,1,
7290004944056,false,סדרת האסלי חציל במיונז שמיר 400 גרם,"סלטי שמיר 2006 בע""מ",,,"י""ח",400,ל גרם,false,1,9.90,2.48,true,1,
7290005008184,false,"סבון נוזלי בניחוח חלב שקדים פלמוליב 500 מ""ל",הנסיך- מפעל לייצור ט,,,"י""ח",500,"ל מ""ל",false,1,15.90,3.18,true,1,
7290005008481,false,ספיד סטיק - דאודורנט ג'ל לגבר ספורט 85 גרם,הנסיך- מפעל לייצור ט,,,"י""ח",85,ל גרם,false,1,18.90,22.24,true,1,
7290005068058,false,תירס קל מופחת קלוריות 550 ג' פרי הגליל,ויטה- פרי גליל (החדשה) בעמ,,,"י""ח",550,ל גרם,false,1,7.90,1.44,false,1,
7290005068447,false,"גרגרי תירס קל בוואקום ללת""ס פרי גליל 340ג'",ויטה- פרי גליל (החדשה) בעמ,,,"י""ח",340,ל גרם,false,1,5.90,1.74,false,1,
7290005084355,false,סנסודין משחת שיניים דואל קר פלואוריד 75,גלקסו סמית קליין,,,"י""ח",75,ל גרם,false,1,23.90,31.87,true,1,
7290005174513,false,חציל על האש במיונז אחלה 400 גרם+225גר,שטראוס גרופ בעמ/מצונן,,,"י""ח",500,ל גרם,false,1,14.90,2.98,true,1,
7290005174551,false,סלט חומוס עם צנוברים 125 ג' אחלה,שטראוס גרופ בעמ/מצונן,,,"י""ח",125,ל גרם,false,1,5.70,4.56,false,1,
7290005174568,false,אחלה יום יום חצילים במיונז 125 גרם,שטראוס גרופ בעמ/מצונן,,,"י""ח",125,ל גרם,false,1,5.70,4.56,false,1,
7290005174575,false,טחינה אחלה יום יום משובחת 125ג',שטראוס גרופ בעמ/מצונן,,,"י""ח",125,ל גרם,false,1,5.70,4.56,false,1,
7290005200786,false,תפוצ'יפס בטעם שמנת בצל עלית 50 גרם,"שטראוס פריטו ליי בע""\מ )",,,"י""ח",50,ל גרם,false,1,4.40,8.80,false,1,
7290005287206,false,רביעיית טונה בשמן סטארקיסט 160 גרם,דיפלומט מפיצים (1968) בעמ**,,,"י""ח",640,ל גרם,false,1,27.90,4.36,true,1,
7290005287251,false,רביעיית טונה במים סטארקיסט 160 גרם,דיפלומט מפיצים (1968) בעמ**,,,"י""ח",640,ל גרם,false,1,27.90,4.36,true,1,
7290005287657,false,"סטארקיסט ממרח טונה 160 גרם בד""צ",דיפלומט מפיצים (1968) בעמ**,,,"י""ח",160,ל גרם,false,1,6.50,4.06,true,1,
7290005296246,false,"פותח סתימות דריין אאוט 946 מ""ל יעקבי","יעקב יעקבי ובניו בע""מ",,,"י""ח",946,"ל מ""ל",false,1,31.90,3.37,false,1,
7290005423253,false,"סנו - מקסימה מרסס למייבש כביסה אולטרה פרש 750 מ""ל",החברה הדרומית לשיווק בעמ,,,"י""ח",750,"ל מ""ל",false,1,19.90,2.65,true,1,
7290005423734,false,מרכך כביסה מרוכז אולטרא פרש סנו מקסימה 4 ליטר,החברה הדרומית לשיווק בעמ,,,"י""ח",4,ליטר,false,1,21.90,5.48,false,1,
7290005423918,false,סנו - מקסימה מרכך כביסה היפואלרגני אלוורה 4 ליטר,החברה הדרומית לשיווק בעמ,,,"י""ח",4,ליטר,false,1,21.90,5.48,false,1,
7290005424700,false,סנו - פורטה פלוס מרסס מסיר שומנים 1 ליטר,החברה הדרומית לשיווק בעמ,,,"י""ח",1,ליטר,false,1,19.90,19.90,false,1,
7290005424847,false,"מפיות סופט לבנות לשולחן (150 יח') ""סנו""",החברה הדרומית לשיווק בעמ,,,"י""ח",150,"י""ח",false,1,7.90,0.05,false,1,
7290005425202,false,אבקת כביסה ביו מקסימה לכתמים קשים,החברה הדרומית לשיווק בעמ,,,"י""ח",2.50,"ק""ג",false,1,26.90,10.76,false,1,
7290005425646,false,קליר נוזל לניקוי חלונות רב תכליתי סנו 1 ליטר,החברה הדרומית לשיווק בעמ,,,"י""ח",1,ליטר,false,1,12.90,12.90,false,1,
7290005426193,false,ספוגית הפלא סנו סושי 6 יחידות,החברה הדרומית לשיווק בעמ,,,"י""ח",1,,false,1,12.90,12.90,false,1,
7290005426230,false,מטלית הפלא לרצפה מיקרופייבר סנו 1יח',החברה הדרומית לשיווק בעמ,,,"י""ח",1,,false,1,12.90,12.90,false,1,
7290005426803,false,מקסימה מרכך כביסה פצ'ולי לבנדר סגול סנו 4 ליטר,החברה הדרומית לשיווק בעמ,,,"י""ח",4,ליטר,false,1,21.90,5.48,false,1,
7290005426971,false,סנובון סבון לאסלה תפוח כחול סנו 3 יחידות,החברה הדרומית לשיווק בעמ,,,"י""ח",165,ל גרם,false,1,17.90,10.85,true,1,
7290005427107,false,סנו - סושי מגבות נייר הפלא 6 יחידות,החברה הדרומית לשיווק בעמ,,,"י""ח",570,ל גרם,false,1,13.90,2.44,false,1,
7290005429279,false,סנו מקסימה קומפקט קומפקט אפקט גאוול 6 ק,החברה הדרומית לשיווק בעמ,,,"י""ח",6,"ק""ג",false,1,49.90,8.32,false,1,
7290005429286,false,"אבקת כביסה מקסימה ביו 6 ק""ג סנו",החברה הדרומית לשיווק בעמ,,,"י""ח",6,"ק""ג",false,1,49.90,8.32,false,1,
7290005430602,false,"סנו אוקסיג'ן ספריי להסרת כתמים עם חמצן פעיל 750 מ""ל",החברה הדרומית לשיווק בעמ,,,"י""ח",750,"ל מ""ל",false,1,18.90,2.52,false,1,
7290005509445,false,עוגיות מיני קוקיס חמאה בצנצנת כרמית 600 גרם,כרמית תעשיות ממתקים בעמ,,,"י""ח",600,"ס""מ",false,1,16.90,2.82,false,1,
7290005559709,false,בורקס פיצה מעדנות 700 גרם,מיוצר עי קונדיטוריית,,,"י""ח",700,ל גרם,false,1,28.90,4.13,false,1,
7290005559914,false,פיצה משפחתית עם 100% גבינה בתוספת זיתים מעדנות 550 גרם,תנובה מרכז שיתופי לשיווק תוצרת,,,"י""ח",550,ל גרם,false,1,24.90,4.53,true,1,
7290005591761,false,דבש טהור מפרחי בר בלחיץ 400 ג' יד מרדכי,מכוורת יד מרדכי שטרא,,,"י""ח",400,ל גרם,false,1,24.90,6.23,false,1,
7290005593352,false,שמן סויה 1ליטר מזוכך.,שלי בר שיווק והפצה 2020 בעמ,,,"י""ח",1,ליטר,false,1,9.90,9.90,false,1,
7290005651069,false,"מזון חתולים לה קט מיקס 2.85 ק""ג",דיפלומט מפיצים (1968) בעמ**,,,"י""ח",2.85,"ק""ג",false,1,69.90,24.53,false,1,
7290005651427,false,"בונזו מזון לכלבים מולטיפק 1.2 ק""ג מארז 3 יחידות",דיפלומט מפיצים (1968) בעמ**,,,"י""ח",1.24,"ק""ג",false,1,19.90,16.05,false,1,
7290005678516,false,ענבים טלי לבן,ביכורי השדה צפון 1994 ג.ד. בעמ,,,"ק""ג",1,,true,1,25.90,25.90,false,1,
7290005733994,false,בייבליידס בקופסה,צעצועי דורון ~~~,,,"י""ח",1,,false,1,29.90,29.90,false,1,
7290005734014,false,בובה+ אביזרים,צעצועי דורון ~~~,,,"י""ח",1,,false,1,34,34,false,1,
7290005734663,false,מגוון סטים של כלים לחוף,צעצועי דורון ~~~,,,"י""ח",1,,false,1,19.90,19.90,false,1,
7290005838002,false,מעדן גבינה ויוגורט בטעם וניל 88 ג' דניאלה,שטראוס גרופ בעמ/מצונן,,,"י""ח",150,"ל מ""ל",false,1,4.30,2.87,false,1,
7290005838613,false,קרם גבינה 3% בטעם וניל סקי (125 גרם),שטראוס גרופ בעמ/מצונן,,,"י""ח",125,ל גרם,false,1,3.70,2.96,true,1,
7290005839078,false,שמיניית יוגורט לבן 3% ביו דנונה 150 גרם,שטראוס גרופ בעמ/מצונן,,,"י""ח",1.20,ליטר,false,1,17.60,14.67,false,1,
7290005839108,false,גבינה לבנה סימפוניה עם תוספות 200 ג'+זיתים 5%,שטראוס גרופ בעמ/מצונן,,,"י""ח",200,ל גרם,false,1,12,6,true,1,
7290005839313,false,מילקי Top עם שוקולדה מגולגלת 140 גרם,שטראוס גרופ בעמ/מצונן,,,"י""ח",130,"ל מ""ל",false,1,5,3.85,false,1,
7290005854606,false,קרחון אסקימו שטראוס אננס,גלידות שטראוס בעמ,,,"י""ח",1,,false,1,2.90,2.90,true,1,
7290005854613,false,שלגון אסקימו תותי פרוט 75 גר',גלידות שטראוס בעמ,,,"י""ח",1,,false,1,2.90,2.90,true,1,
7290005938238,false,ממרח צ'ימצ'ורי פרסקו 220ג' מצונן,נטו מלינדה סחר בע`מ,,,"י""ח",220,ל גרם,false,1,23,10.45,false,1,
7290005938245,false,ממרח פסטו קלאסי פרסקו 220ג' מצונן,מיוצר עי פרסקו חצבה,,,"י""ח",220,ל גרם,false,1,16.90,7.68,false,1,
7290005992575,false,גבינה בולגרית למריחה 5% גד (250 גרם),מחלבות גד שיווק 1992 בעמ,,,"י""ח",250,ל גרם,false,1,18.20,7.28,true,1,
7290005992735,false,לאבנה טבעית 5% 250 גר' - רבנות,מחלבות גד שיווק 1992 בעמ,,,"י""ח",250,ל גרם,false,1,12.90,5.16,true,1,
7290006229427,false,סן בנדטו - מים מינרלים - מארז שישיית 500 מל,טמפו משקאות בע`מ,,,"י""ח",3,ליטר,false,1,14.30,4.77,false,1,
7290006241153,false,אגוזי פקאן סיניים קליית גת (150 גרם),ליימן שליסל בעמ,,,"י""ח",150,ל גרם,false,1,22.90,15.27,false,1,
7290006251374,false,תה ירוק לימונית וג'ינג'ר ויסוצקי 25 יחידות,תה ויסוצקי (ישראל) בעמ,,,"י""ח",25,ל גרם,false,1,25.90,103.60,true,1,
7290006251589,false,תה ירוק עם עלי נענע 50 שקיקים ויסוצקי,תה ויסוצקי (ישראל) בעמ,,,"י""ח",75,ל גרם,false,1,48.90,65.20,true,1,
7290006265500,false,פטריות שמפיניון ארוז מרינה,קונס`-מרינה פטריות הגליל בעמ*ש,,,"י""ח",1,,false,1,11.90,11.90,true,1,
7290006271648,false,מיני בורקס תפוחי אדמה מעדנות 800 גרם,תנובה מרכז שיתופי לשיווק תוצרת,,,"י""ח",650,ל גרם,false,1,26.40,4.06,false,1,
7290006272072,false,חטיפי פיצה גבינה מעדנות 650 גרם,תנובה קפואים,,,"י""ח",650,ל גרם,false,1,36.90,5.68,false,1,
7290006374738,false,קונפיטורה תות יד מרדכי בטעם תות,אף.סי תבליני בגליל ב,,,"י""ח",340,ל גרם,false,1,15.60,4.59,false,1,
7290006492432,false,גבינה מוצרלה בייבי 18% גד (150 גרם),מחלבות גד שיווק 1992 בעמ,,,"י""ח",1,,false,1,15.30,15.30,true,1,
7290006492685,false,גבינת לאבנה עיזים 5% גד (250 גרם),מחלבות גד שיווק 1992 בעמ,,,"י""ח",250,ל גרם,false,1,20.60,8.24,true,1,
7290006492852,false,גבינת עיזים למריחה 5% שומן 250 ג' גד,מחלבות גד שיווק 1992 בעמ,,,"י""ח",1,,false,1,18.20,18.20,true,1,
7290006494924,false,טוסו וופל קלאסי במילוי קרם לימון 200 גרם,"דנשר (1963) בע,מ",,,"י""ח",180,ל גרם,false,1,7.80,4.33,false,1,
7290006498052,false,דנונה ביו יוגורט טבעי מהדרין 3% 150 ג',שטראוס גרופ בעמ/מצונן,,,"י""ח",150,"ל מ""ל",false,1,3.10,2.07,false,1,
7290006511157,false,פטריות שמפניון שלמות וילי פוד (400 גרם),ג.וילי-פוד אינטרנשיונל בעמ,,,"י""ח",400,ל גרם,false,1,8.90,2.23,true,1,
7290006511751,false,פטריות שמפניון חתוך ויליפוד 290X3 ג' בד”צ,ג.וילי-פוד אינטרנשיונל בעמ,,,"י""ח",870,ל גרם,false,1,11.90,1.37,false,1,
7290006546302,false,"צ'יפס קיטרינג פרי גליל 1.5 ק""ג",ויטה- פרי גליל (החדשה) בעמ,,,"י""ח",1.50,"ק""ג",false,1,21.90,14.60,true,1,
7290006546319,false,"סטייק צ'יפס פרי הגליל 1.5 ק""ג",ויטה- פרי גליל (החדשה) בעמ,,,"י""ח",700,ל גרם,false,1,21.90,3.13,true,1,
7290006546524,false,צי'פס מובחר קפוא פרי גליל 800 ג',נטו מלינדה סחר בעמ,,,"י""ח",800,ל גרם,false,1,14.90,1.86,false,1,
7290006550972,false,בשר בקר קפוא טחון מהדרין עטרה (1 קג),נטו מלינדה סחר - עטרה,,,"י""ח",1,"ק""ג",false,1,44.90,44.90,false,1,
7290006618610,false,הפי ספוגיות לניקוי כלים חלביים ובשריים יעקבי 6 יחידות,יעקב יעקבי ובניו בעמ,,,"י""ח",1,,false,1,11.20,11.20,false,1,
7290006644510,false,"מיץ ענבים 500 מ""ל תפוזינה",יפאורה שותפות מוגבלת לשיווק,,,"י""ח",500,"ל מ""ל",false,1,5.90,1.12,true,1,
7290006644527,false,תפוזינה תות בננה 0.5 ליטר,יפאורה שותפות מוגבלת לשיווק,,,"י""ח",500,"ל מ""ל",false,1,5.90,1.12,true,1,
7290006652027,false,במבה חטיף בוטנים אסם 20*15 גרם,קבוצת אוסם סחר שותפות מוגבלת,,,"י""ח",300,ל גרם,false,1,27.70,9.23,true,1,
7290006653819,false,קוסקוס אמיתי דק בשקית 350 גרם,קבוצת אוסם סחר שותפות מוגבלת,,,"י""ח",350,ל גרם,false,1,9.20,2.63,false,1,
7290006664051,false,"אקטימל לבן 1.51 ק""ג מארז 14 יחידות",שטראוס גרופ בעמ/מצונן,,,"י""ח",1.40,ליטר,false,1,32.60,23.29,false,1,
7290006664402,false,גבינה לבנה סקי 5% שומן 750 גרם,שטראוס גרופ בעמ/מצונן,,,"י""ח",750,ל גרם,false,1,14.25,1.90,false,1,
7290006664532,false,יוגורט עם תות 3% שומן 150 ג' דנונה,שטראוס גרופ בעמ/מצונן,,,"י""ח",150,"ל מ""ל",false,1,3.90,2.60,true,1,
7290006664655,false,דנונה Actimel יוגורט טבעי 8*100 מ``ל,שטראוס גרופ בעמ/מצונן,,,"י""ח",800,"ל מ""ל",false,1,22.70,2.84,false,1,
7290006664693,false,יוגורט עם אפרסק 3% שומן 150 ג' דנונה,שטראוס גרופ בעמ/מצונן,,,"י""ח",150,"ל מ""ל",false,1,3.90,2.60,true,1,
7290006664990,false,"יוגורט דנונה ביו לבן 1.7% שומן 8*150 מ""ל",שטראוס גרופ בעמ/מצונן,,,"י""ח",1.20,ליטר,false,1,17.60,14.67,false,1,
7290006681553,false,קרמבו בטעם וניל שטראוס 8 יחידות,"גלידות שטראוס בע""מ",,,"י""ח",8,"י""ח",false,1,15.90,1.99,false,1,
7290006712981,false,"משחת שיניים קולגייט ספיידרמן מגיל שש 50 מ""ל",הנסיך- מפעל לייצור ט,,,"י""ח",50,ל גרם,false,1,11.90,23.80,false,1,
7290006739346,false,נקניקיות פרגיות טרי 400 גרם זוגלובק,נקניק נהריה כשר זוגל,,,"י""ח",400,ל גרם,false,1,23.20,5.80,true,1,
7290006741363,false,בורקס תפוחי אדמה זוגלובק 800 גרם,מאפיית אריאל וגידרון,,,"י""ח",800,ל גרם,false,1,19.40,2.43,true,1,
7290006764096,false,"בירה איגל 500 מ""ל 3.8% בקבוק חוזר","טמפו משקאות בע""\מ",,,"י""ח",500,"ל מ""ל",false,1,6.10,0.98,true,1,
7290006775023,false,עוגה אנגלית אחוה (450 גרם)אחוה,אחדות ביתחרושת לטחינה חלבה,,,"י""ח",450,ל גרם,false,1,10.90,2.42,false,1,
7290006775030,false,עוגת שוקו צ`יפס אחוה (450 גרם)אחוה,אחדות ביתחרושת לטחינה חלבה,,,"י""ח",450,ל גרם,false,1,10.90,2.42,false,1,
7290006775054,false,עוגת שיש אחוה (450 גרם)אחוה,אחדות ביתחרושת לטחינה חלבה,,,"י""ח",450,ל גרם,false,1,10.90,2.42,false,1,
7290006775306,false,מאפינס אישי וניל במילוי תות אחווה 50ג',אחדות ביתחרושת לטחינה חלבה,,,"י""ח",50,ל גרם,false,1,1.50,3,true,1,
7290006775344,false,עוגת שמרים במילוי קרם קינמון אחוה 400 גרם,אחדות ביתחרושת לטחינה חלבה,,,"י""ח",400,ל גרם,false,1,11.90,2.98,false,1,
7290006775405,false,מאפינס שוקוצ'יפס אישי אחווה 45גרם,אחדות ביחר לטחינה חל,,,"י""ח",40,ל גרם,false,1,1.50,3.75,true,1,
7290006804907,false,פיתה אסלית אפויה קפואה (חמישיות),קונסיגנציה ג`נרל מילס ישראל בע,,,"י""ח",1,,false,1,7.90,7.90,true,1,
7290006878106,false,כרוב לבן,ביכורי השדה צפון 1994 ג.ד. בעמ,,,"ק""ג",1,,true,1,2.90,2.90,false,1,
7290006983152,false,קרוטונים מתובלים למרק אסם (400 גרם),קבוצת אוסם סחר שותפות מוגבלת,,,"י""ח",400,ל גרם,false,1,20.50,5.13,false,1,
7290006983176,false,קרקר לחמית שיפון אסם (230 גרם),קבוצת אוסם סחר שותפות מוגבלת,,,"י""ח",230,ל גרם,false,1,9.90,4.30,true,1,
7290006983527,false,עוגת הבית תפוחי עץ עם פירורים 400 ג' אסם,קבוצת אוסם סחר שותפות מוגבלת,,,"י""ח",400,ל גרם,false,1,18.90,4.73,false,1,
7290006983763,false,עוגת הבית בטעם שוקולד אסם (400 גרם),קבוצת אוסם סחר שותפות מוגבלת,,,"י""ח",400,ל גרם,false,1,14.10,3.53,false,1,
7290006983787,false,עוגת הבית שוקולד צ'יפס אסם 400 גרם,קבוצת אוסם סחר שותפות מוגבלת,,,"י""ח",400,ל גרם,false,1,14.10,3.53,false,1,
7290006992161,false,מטרנה - דייסת קורנפלור פרוביוטי 200 גרם,קבוצת אוסם סחר שותפות מוגבלת,,,"י""ח",200,ל גרם,false,1,14.90,7.45,false,1,
7290006992185,false,"מטרנה - דייסת אורז פרוביוטי כשל""פ 200 גרם",קבוצת אוסם סחר שותפות מוגבלת,,,"י""ח",200,ל גרם,false,1,13.90,6.95,false,1,
7290006992390,false,"מטרנה - דייסת וניל פרוביוטי כשל""פ 200 גרם",קבוצת אוסם סחר שותפות מוגבלת,,,"י""ח",200,ל גרם,false,1,14.90,7.45,false,1,
7290008175210,false,גבינת פרמזן מגורדת 90ג' ויליפוד,ג.וילי-פוד אינטרנשיונל **גבינו,,,"י""ח",90,ל גרם,false,1,14.90,16.56,false,1,
7290008175692,false,וילי פוד נודלס אטר.ביצים להקפצה בדץ 400ג,ג. וילי-פוד אינטרנשיונל בע`מ,,,"י""ח",400,ל גרם,false,1,7.90,1.98,false,1,
7290008190909,false,עוגיות מיני קוקיס שוקולד צ'יפס בצנצנת כרמית 600 גרם,כרמית תעשיות ממתקים בעמ,,,"י""ח",600,ל גרם,false,1,16.90,2.82,false,1,
7290008333115,false,אבקת ג'לטין טהור נטו 28 גרם,נטו מלינדה סחר בע`מ,,,"י""ח",28,ל גרם,false,1,11.10,39.64,false,1,
7290008343466,false,בצק פילו שלושת האופים (500 גרם),שלושת האופים שגמור,,,"י""ח",500,ל גרם,false,1,21.90,4.38,true,1,
7290008343626,false,כדורי פלאפל 1 קג -שלושת האופים,נטו מלינדה סחר בע`מ,,,"י""ח",1,"ק""ג",false,1,22.90,22.90,false,1,
7290008344272,false,המבורגר 100% טיבון ויל 400 גרם,טיבון ויל אחזקות בעמ,,,"י""ח",400,ל גרם,false,1,23.90,5.98,true,1,
7290008345132,false,הרינג כבוש דלידג 240 ג',נטו מלינדה סחר בעמ,,,"י""ח",240,ל גרם,false,1,26.90,11.21,false,1,
7290008345576,false,סלט איקרה ביתית לבנה 300 גרם דלידג,נטו מלינדה סחר בע`מ,,,"י""ח",300,ל גרם,false,1,21.90,7.30,false,1,
7290008345583,false,סלט איקרה ביתית ורודה דלידג (300 גרם),נטו מלינדה סחר בע`מ,,,"י""ח",300,ל גרם,false,1,21.90,7.30,false,1,
7290008409100,false,אצבעות שניצל בציפוי שומשום מאמא עוף 700 גרם,תנובה גליל שותפות מוגבלת,,,"י""ח",600,ל גרם,false,1,39.40,6.57,false,1,
7290008409124,false,מאמא עוף קפוא שניצל ג'ונגל פריך 700 גרם,תנובה מרכז שיתופי לשיווק תוצרת,,,"י""ח",700,ל גרם,false,1,39.40,5.63,false,1,
7290008443630,false,"שמפו לשיער מתולתל סגול נקה 7 750 מ""ל",החברה הדרומית לשיווק בעמ,,,"י""ח",750,"ל מ""ל",false,1,12.90,1.72,false,1,
7290008462204,false,חרדל דיז'ון מקורי נטו מאי 380 גרם,א. סיימן סחר בעמ,,,"י""ח",380,ל גרם,false,1,16.90,4.45,true,1,
7290008464468,false,בירה בפחית גולדסטאר (500 מל),פארייפאבה אגרואינדוס,,,"י""ח",500,"ל מ""ל",false,1,8.10,1.56,false,1,
7290008464475,false,"בירה מכבי, פחית 500 מ""ל","טמפו משקאות בע""\מ",,,"י""ח",1,,false,1,8.20,8.20,false,1,
7290008464604,false,"בירה הייניקן פחית 500 מ""ל",טמפו משקאות בע''מ,,,"י""ח",500,"ל מ""ל",false,1,10.90,2.12,false,1,
7290008464734,false,"שישיית בירה גולדסטאר לאגר SLOW BREW בקבוק 330 מ""ל",טמפו משקאות בע''מ,,,"י""ח",1.98,ליטר,false,1,41.90,20.25,true,1,
7290008466660,false,מארז רוגלך מחנה יהודה 500 גר`,הלל בן הלל שיווק ומסחר בעמ,,,"י""ח",500,ל גרם,false,1,17.90,3.58,true,1,
7290008466813,false,מארז עוגיות קינמון 500ג מחנה יהודה,הלל בן הלל שיווק ומסחר בעמ,,,"י""ח",500,ל גרם,false,1,17.90,3.58,true,1,
7290008634045,false,"פלסטר שקוף 30 יחידות ""SUNNY PLASTER""",אינטרסן (1996) בעמ,,,"י""ח",30,"י""ח",false,1,8,0.27,true,1,
7290008634663,false,בקבוק לתינוק +0 טוליפס) (3,אינטרסן (1996) בעמ,,,"י""ח",1,,false,1,15.90,15.90,false,1,
7290008690713,false,נקטר חמוציות אושן ספריי פריגת (1 ליטר),החברה המרכזית להפצת משקאות בעמ,,,"י""ח",1,ליטר,false,1,13.90,13.90,false,1,
7290008693134,false,מעדן גבינה ויוגורט בטעם תות 5% שומן 88 ג' דניאלה,שטראוס גרופ בעמ/מצונן,,,"י""ח",150,"ל מ""ל",false,1,4.30,2.87,false,1,
7290008713900,false,לחם שיפון עגול פרוס אחדות (750 גרם),מאפיית אנג'\ל אורנים מאפ,,,"י""ח",750,ל גרם,false,1,12.90,1.72,false,1,
7290008713917,false,לחם שיפון כהה פרוס מאפיית אחדות 750 גרם,מאפיית שלמה א. אנג'\ל בע,,,"י""ח",750,ל גרם,false,1,12.90,1.72,false,1,
7290008745239,false,תפוצ'יפס קראנצ' בטעם טבעי עלית 50 גרם,"שטראוס פריטו ליי בע""\מ )",,,"י""ח",55,ל גרם,false,1,4.40,8,false,1,
7290008752244,false,תפוצ'יפס קראנץ' בטעם גריל עלית 50 גרם,"שטראוס פריטו ליי בע""\מ )",,,"י""ח",50,ל גרם,false,1,4.40,8.80,false,1,
7290008753111,false,תפוצ'יפס קראנץ' בטעם מקסיקני עלית 50 גרם,"שטראוס פריטו ליי בע""\מ )",,,"י""ח",50,ל גרם,false,1,4.40,8.80,false,1,
7290008754415,false,גומי מאסט בטעם ספירמינט עדין פליפטופ 28 ג' עלית,שטראוס גרופ בע`מ,,,"י""ח",28,ל גרם,false,1,4.70,16.79,false,1,
7290008757034,false,"שוופס סודה זכוכית 250 מ""ל",יפאורה שותפות מוגבלת לשיווק,,,"י""ח",250,"ל מ""ל",false,1,3.90,1.44,true,1,
7290008757980,false,קרטונית ספרינג נקטר רימונים 1 ליטר,יפאורה שותפות מוגבלת לשיווק,,,"י""ח",1,ליטר,false,1,6.90,6.90,true,1,
7290008775816,false,ערגליות עוגיות במילוי שוקולד אסם 300 גרם,קבוצת אוסם סחר שותפות מוגבלת,,,"י""ח",300,ל גרם,false,1,10.90,3.63,true,1,
7290008775823,false,ערגליות עוגיות תות שדה אסם 300 גרם,קבוצת אוסם סחר שותפות מוגבלת,,,"י""ח",300,ל גרם,false,1,10.90,3.63,true,1,
7290008801010,false,"יין קברנה סוביניון מרלו פרייוט קולקשן 750 מ""ל",אגודת הכורמים הקאופו,,,"י""ח",750,"ל מ""ל",false,1,39.90,5.28,true,1,
7290008801119,false,סלקטד סוביניון בלאן יקבי כרמל (750 מל),אגודת הכורמים הקואופרטיב,,,"י""ח",750,"ל מ""ל",false,1,29.90,3.95,true,1,
7290008801157,false,"יין מרלו סלקטד כרמל כרמל 750 מ""ל",אגודת הכורמים -כרמל מזרחי,,,"י""ח",750,"ל מ""ל",false,1,29.90,3.95,true,1,
7290008806961,false,גלידה שוקולד שבבי שוקולד פרה 1.33 ל' קרמיסימו,"גלידת שטראוס בע""\מ, רחוב",,,"י""ח",1.33,ליטר,false,1,18.90,14.21,false,1,
7290008806985,false,נישנושים גלידה שוקו וניל בציפוי שוקולד 60 יח' קרמיסימו,"גלידת שטראוס בע""\מ, רחוב",,,"י""ח",630,ל גרם,false,1,49.90,7.92,false,1,
7290008846219,false,"שמן זית כתית מעולה חלוצה 750 מ""ל",האי נאם סי או אל.טי.,,,"י""ח",750,"ל מ""ל",false,1,41.50,5.53,false,1,
7290008899567,false,ג בטה כפרי אפיה מקומית,ג נרל מילס ישראל בעמ,,,"י""ח",200,ל גרם,false,1,4.50,2.25,true,1,
7290008899734,false,קוקיס שוקולד לבן שקיל,ג נרל מילס ישראל בעמ,,,"ק""ג",1,,true,1,45,45,false,1,
7290008909778,false,"קרלסברג שישייה 330מ""ל",החברה המרכזית להפצת משקאות בעמ,,,"י""ח",1.98,ליטר,false,1,49.50,24.09,true,1,
7290008909853,false,"קוקה קולה זירו בקבוק 500 מ""ל.",החברה המרכזית להפצת משקאות בעמ,,,"י""ח",500,"ל מ""ל",false,1,7.90,1.52,true,1,
7290010002023,false,כורכום הודי טחון תבליני מימון 100 גרם,א.ל. ייצור ושיווק תבלינים בע`מ,,,"י""ח",100,ל גרם,false,1,12.90,12.90,false,1,
7290010002030,false,תבלין כמון טחון תבליני מימון 100 גרם,א.ל. ייצור ושיווק תבלינים בע`מ,,,"י""ח",100,ל גרם,false,1,12.90,12.90,false,1,
7290010002047,false,תבלין מלח לימון תבליני מימון 200 גרם,א.ל. ייצור ושיווק תבלינים בע`מ,,,"י""ח",200,ל גרם,false,1,9.90,4.95,false,1,
7290010002429,false,עלי דפנה תבליני מימון 20 גרם צנצנת,א.ל. ייצור ושיווק תבלינים בע`מ,,,"י""ח",20,ל גרם,false,1,9.90,49.50,false,1,
7290010002696,false,אקסטרה צ'יפס אורז חום מלא שמנת בצל 60 גרם,א.ל.ייצור ושיווק תבלינים בעמ,,,"י""ח",60,ל גרם,false,1,7.90,13.17,true,1,
7290010003693,false,פפריקה מתוקה בשקית תבליני מימון 80 גרם,א.ל. ייצור ושיווק תבלינים בע`מ,,,"י""ח",80,ל גרם,false,1,6.50,8.13,false,1,
7290010003709,false,פלפל שחור טחון בשקית תבליני מימון 50 גרם,א.ל. ייצור ושיווק תבלינים בע`מ,,,"י""ח",50,ל גרם,false,1,8.90,17.80,false,1,
7290010003754,false,כמון טחון בשקית תבליני תבליני מימון 50 גרם,א.ל. ייצור ושיווק תבלינים בע`מ,,,"י""ח",50,ל גרם,false,1,6.90,13.80,false,1,
7290010003761,false,כורכום טחון בשקית תבליני מימון 80 גרם,א.ל. ייצור ושיווק תבלינים בע`מ,,,"י""ח",80,ל גרם,false,1,6.90,8.63,false,1,
7290010003792,false,מלח לימון בשקית תבליני מימון 100 גרם,א.ל. ייצור ושיווק תבלינים בע`מ,,,"י""ח",100,ל גרם,false,1,6.90,6.90,false,1,
7290010003822,false,פפריקה חריפה בשקית תבליני מימון (80 גרם),א.ל. ייצור ושיווק תבלינים בע`מ,,,"י""ח",80,ל גרם,false,1,6.90,8.63,false,1,
7290010003839,false,קינמון טחון בשקית תבליני מימון 80 גרם,א.ל. ייצור ושיווק תבלינים בע`מ,,,"י""ח",80,ל גרם,false,1,6.90,8.63,false,1,
7290010023141,false,תה לימונענע הגן הקסום ויסוצקי 25 יחידות,תה ויסוצקי (ישראל) בעמ,,,"י""ח",50,ל גרם,false,1,18.90,37.80,true,1,
7290010066513,false,נתחי טונה בשמן צמחי רביעיה *158ג' פילטונה,תעשיות פילטונה בעמ,,,"י""ח",640,ל גרם,false,1,23.90,3.73,false,1,
7290010066520,false,נתחי טונה בהירה בשמן קנולה 160 גר G.Q,תעשיות פילטונה בעמ,,,"י""ח",160,ל גרם,false,1,6.50,4.06,false,1,
7290010066575,false,נתחי טונה במים רביעיה *158ג' פילטונה,תעשיות פילטונה בעמ,,,"י""ח",640,ל גרם,false,1,23.90,3.73,false,1,
7290010066582,false,נתחי טונה בשמן קנולה רביעיה * 158 ג' פילטונה,תעשיות פילטונה בעמ,,,"י""ח",640,ל גרם,false,1,23.90,3.73,false,1,
7290010116980,false,שוקולית אבקה להכנת משקה שוקו שקית 850,הנסיך- מפעל לייצור ט,,,"י""ח",850,ל גרם,false,1,18.90,2.22,false,1,
7290010117864,false,דוריטוס חטיף תירס בטעם חריף אש עלית 70 גרם,"שטראוס פריטו ליי בע""\מ )",,,"י""ח",70,ל גרם,false,1,4.50,6.43,true,1,
7290010129003,false,עוגיות אוזניים דולצ`ה ויטה 600 גר,שיבולים יצור ושיווק מוצרי מאפה,,,"י""ח",600,ל גרם,false,1,19.90,3.32,false,1,
7290010129010,false,עוגיות כתר ריבה דולצ`ה ויטה (600 גרם),שיבולים יצור ושיווק מוצרי מאפה,,,"י""ח",600,ל גרם,false,1,19.90,3.32,false,1,
7290010129027,false,עוגיות מרוקאיות דולצ`ה ויטה (600 גרם),שיבולים יצור ושיווק מוצרי מאפה,,,"י""ח",600,ל גרם,false,1,19.90,3.32,false,1,
7290010129553,false,עוגיות רולדה תמרים דולצ`ה ויטה (600 גרם),שיבולים יצור ושיווק מוצרי מאפה,,,"י""ח",600,ל גרם,false,1,19.90,3.32,false,1,
7290010129652,false,עוגיות לקפה 350ג מאפים של אדל,שיבולים יצור ושיווק מוצרי מאפה,,,"י""ח",350,ל גרם,false,1,16.90,4.83,false,1,
7290010129676,false,עוגיות מרוקאיות ארוך 350 גרם,שיבולים יצור ושיווק מוצרי מאפה,,,"י""ח",350,ל גרם,false,1,16.90,4.83,false,1,
7290010129959,false,עוגיות שמרים 400 גרם דולצה ויטה,שיבולים יצור ושיווק מוצרי מאפה,,,"י""ח",400,ל גרם,false,1,13.90,3.48,true,1,
7290010153527,false,ג'ריש מיה 500 גרם,מיה תעשיות מזון מ.ת.מ. בעמ,,,"י""ח",500,ל גרם,false,1,8.90,1.78,false,1,
7290010153534,false,קמח תירס מיה 400 גרם,מיה תעשיות מזון מ.ת.מ. בעמ,,,"י""ח",400,ל גרם,false,1,7.90,1.98,false,1,
7290010153688,false,חומץ רכיבים טבעיים 1 ליטר,מיה תעשיות מזון מ.ת.מ. בעמ,,,"י""ח",1,ליטר,false,1,8.40,8.40,false,1,
7290010153817,false,ריבת חלב אמיתי מיה 400 גרם,מיה תעשיות מזון מ.ת.מ. בעמ,,,"י""ח",300,ל גרם,false,1,13.90,4.63,true,1,
7290010154005,false,סחוג תימני תבליני ביטון יוחאי (250 גרם),תבליני יוחאי ביטון,,,"י""ח",250,ל גרם,false,1,15.90,6.36,false,1,
7290010154012,false,לימון בלאדי תבליני ביטון יוחאי (250 גרם),תבליני יוחאי ביטון,,,"י""ח",250,ל גרם,false,1,15.90,6.36,false,1,
7290010154029,false,אריסה מתוקה תבליני ביטון יוחאי (250 גרם),תבליני יוחאי ביטון,,,"י""ח",250,ל גרם,false,1,15.90,6.36,false,1,
7290010154241,false,סלט חזרת ביתית תבליני ביטון יוחאי (250 ג,תבליני יוחאי ביטון,,,"י""ח",250,ל גרם,false,1,15.90,6.36,false,1,
7290010154265,false,פלפל צ`ומה תבליני ביטון יוחאי (250 גרם),תבליני יוחאי ביטון,,,"י""ח",250,ל גרם,false,1,15.90,6.36,false,1,
7290010154418,false,סחוג אדום תבליני ביטון 130 גרם,תבליני יוחאי ביטון,,,"י""ח",220,ל גרם,false,1,10.90,4.95,false,1,
7290010192120,false,צנונית ארוז 400 גרם,ביכורי השדה צפון 1994 ג.ד. בעמ,,,"י""ח",1,,false,1,6.90,6.90,false,1,
7290010237890,false,"בירה הייניקן בקבוק 500 מ""ל חוזר",טמפו משקאות בע''מ,,,"י""ח",500,"ל מ""ל",false,1,9,1.56,false,1,
7290010259311,false,מי קוקוס 400 גרם]וויליפו,ג.וילי-פוד אינטרנשיונל בעמ,,,"י""ח",400,ל גרם,false,1,7.90,1.98,false,1,
7290010259359,false,וילי פוד נודלס אטר.ביצים להקפצה בדץ 200ג,ג.וילי-פוד אינטרנשיונל בעמ,,,"י""ח",200,ל גרם,false,1,4.90,2.45,false,1,
7290010259366,false,וילי פוד נודלס אטר.ביצים מסולסל בדץ 200ג,ג. וילי-פוד אינטרנשיונל בע`מ,,,"י""ח",200,ל גרם,false,1,4.90,2.45,false,1,
7290010259991,false,צנימים מיוחדים בטעם טבעי 250 ג',ג. וילי-פוד אינטרנשיונל בע`מ,,,"י""ח",250,ל גרם,false,1,7.90,3.16,true,1,
7290010328253,false,טחינה גולמית משומשום טבעי אחווה 500 גרם,אחדות ביתחרושת לטחינה חלבה,,,"י""ח",500,ל גרם,false,1,10.90,2.18,true,1,
7290010328468,false,מארז מיני חלווה אחוה בטעמים 18 יחידות 216 גרם,שוורצקוף& הנקל דיסלד,,,"י""ח",18,"י""ח",false,1,11.70,0.65,false,1,
7290010328505,false,"מארז מיני חלווה 15 יחידות לל""ס אחוה 150 גרם",אחדות ביחר לטחינה חל,,,"י""ח",12,"י""ח",false,1,11.70,0.98,false,1,
7290010328680,false,עוגה בטעם שוקולד עם שוקוצ'יפס מריר ולבן 450 גרם,אחדות ביחר לטחינה חל,,,"י""ח",450,ל גרם,false,1,10.90,2.42,false,1,
7290010328710,false,קצפיות אחווה 180 גר`חדש ללא חזרות*,אחדות ביחר לטחינה חל,,,"י""ח",180,ל גרם,false,1,10.90,6.06,false,1,
7290010328819,false,"ממרח טחינה עם שוקולד לל""ס 400 ג' אחדות!.",אחדות ביחר לטחינה חל,,,"י""ח",400,ל גרם,false,1,9.90,2.48,false,1,
7290010328901,false,מאפין בטעם וניל אחוה 45 גרם,אחדות ביחר לטחינה חל,,,"י""ח",40,ל גרם,false,1,1.50,3.75,true,1,
7290010429684,false,דבש טהור פרחי בר יד מרדכי 700 גרם מארז זוגי,"שטראוס גרופ בע""מ",,,"י""ח",700,ל גרם,false,1,31.90,4.56,false,1,
7290010471669,false,יוגורט תות עם קורנפלקס מצופה שוקולד ללא גלוטן 3.9%,שטראוס גרופ בעמ/מצונן,,,"י""ח",175,"ל מ""ל",false,1,4.80,2.74,false,1,
7290010472307,false,"שמיניית משקה גמדים תות בננה דיסני 108 מ""ל",שטראוס גרופ בעמ/מצונן,,,"י""ח",800,"ל מ""ל",false,1,20.90,2.61,true,1,
7290010472390,false,מארז 8 יחידות מעדן דני בטעם שוקולד 1.5%,שטראוס גרופ בעמ/מצונן,,,"י""ח",1,ליטר,false,1,16.30,16.30,false,1,
7290010513703,false,4079400330129צ`ופסטיקס צפצפה 20 יח,מזרח ומערב יבוא ושיווק,,,"י""ח",20,"י""ח",false,1,7.90,0.40,false,1,
7290010513727,false,פנקו פרורי לחם 200 גרם (קינגדאו),מזרח ומערב יבוא ושיווק,,,"י""ח",200,ל גרם,false,1,9.90,4.95,false,1,
7290010613083,false,נוזל רצפות מרוכז בניחוח מרכך כביסה צהוב טאצ 2 ל',סאסאטק אגשח בעמ,,,"י""ח",2,ליטר,false,1,17.90,8.95,true,1,
7290010627004,false,טחינה גולמית מסורתית ירושלים 500 ג',תה ויסוצקי (ישראל) בעמ,,,"י""ח",500,ל גרם,false,1,16.90,3.38,true,1,
7290010627844,false,טחינה גולמית שומשום מלא ירושלים 500גרם,תה ויסוצקי (ישראל) בעמ,,,"י""ח",500,ל גרם,false,1,16.90,3.38,true,1,
7290010632787,false,צימרוני אוזניים מעץ אינטרסן) (300,הדקלאים אגודת שיתופי,,,"י""ח",300,"י""ח",false,1,4.50,0.02,false,1,
7290010719013,false,"שמן זית כתית מעולה משק אחיה 750 מ""ל",ח.כהן סוכנות מזון ומשקאות בע,,,"י""ח",750,"ל מ""ל",false,1,39.90,5.32,false,1,
7290010748860,false,"ד""ר פישר - אפקטיב קר קרם ידיים אינטנסיב 150 מ""ל","פישר תעשיות פרמצביטות בע""מ",,,"י""ח",150,"ל מ""ל",false,1,16.10,10.73,true,1,
7290010777150,false,שמניית פיתה בריבוע מחיטה מלאה פיתה אקספרס,מגוון שיווק והפצת מאפים בעמ,,,"י""ח",1,,false,1,15.90,15.90,false,1,
7290010777242,false,עשיירית פיתה מחמצת פיתה אקספרס,מגוון שיווק והפצת מאפים בעמ,,,"י""ח",1,,false,1,15.90,15.90,false,1,
7290010777297,false,פיתות עבודת יד10 יח'/ פיתה ביס לבן 12 יח',מגוון שיווק והפצת מאפים בעמ,,,"י""ח",1,,false,1,13.90,13.90,false,1,
7290010777358,false,מארז שמיניית פיתות 100% כוסמין מלא,מגוון שיווק והפצת מאפים בעמ,,,"י""ח",1,,false,1,15.90,15.90,false,1,
7290010777488,false,פיתה מחמצת 100% קמח מלא פיתה אקספרס,מגוון שיווק והפצת מאפים בעמ,,,"י""ח",1,,false,1,15.90,15.90,false,1,
7290010777525,false,מארז שישייה פיתות כוסמין פיתה אקספרס,מגוון שיווק והפצת מאפים בעמ,,,"י""ח",1,,false,1,16.90,16.90,false,1,
7290010791538,false,מזון חתולים לה קט דליקטס עוף גורמה 85 גרם,דיפלומט מפיצים (1968) בעמ**,,,"י""ח",85,ל גרם,false,1,6.70,7.88,false,1,
7290010791583,false,לה-קט דליקטס דגי אוקינוס וטונה 85 גר',דיפלומט מפיצים (1968) בעמ**,,,"י""ח",85,ל גרם,false,1,6.70,7.88,false,1,
7290010791644,false,בונזו ג`וי מקלוני עוף פריכים 90גר,דיפלומט מפיצים (1968) בעמ**,,,"י""ח",90,ל גרם,false,1,19.90,22.11,false,1,
7290010814244,false,שלשות שוקולד מריר 85 גרם*3 בלמינט *18 בקרטון,כרמית תעשיות ממתקים בעמ,,,"י""ח",255,ל גרם,false,1,11.90,4.67,true,1,
7290010814695,false,שוקולד מריר פרווה ללא תוספת סוכר כרמית 85 גרם,כרמית תעשיות ממתקים בעמ,,,"י""ח",85,ל גרם,false,1,7.50,8.82,true,1,
7290010814701,false,שוקולד חלב ללא תוספת סוכר וסטהיים,כרמית תעשיות ממתקים בעמ,,,"י""ח",85,ל גרם,false,1,7.50,8.82,true,1,
7290010817016,false,קישוא זוקיני,ביכורי השדה צפון 1994 ג.ד. בעמ,,,"ק""ג",1,,true,1,8.90,8.90,false,1,
7290010838219,false,ממתיק על בסיס צמח הסטיביה - שקיות,"קיפל טבליות וממתיקים בע""מ",,,"י""ח",100,"י""ח",false,1,25.90,0.26,false,1,
7290010849529,false,"למברוסקו די לואיג`י ביאנקו 750מ""ל",הכרם - משקאות חריפים בעמ,,,"י""ח",750,"ל מ""ל",false,1,25.90,3.41,false,1,
7290010883042,false,"סנובון נוזלי אפקט קצף פעיל רענן תות 750 מ""ל",החברה הדרומית לשיווק בעמ,,,"י""ח",750,"ל מ""ל",false,1,12.90,1.72,false,1,
7290010883356,false,כפפות אלוורה רב שימושיות גדולות L סנו סושי,החברה הדרומית לשיווק בעמ,,,"י""ח",1,,false,1,10.90,10.90,false,1,
7290010931330,false,סלט מטבוחה אחלה 500 גרם,שטראוס גרופ בעמ/מצונן,,,"י""ח",500,ל גרם,false,1,14.90,2.98,true,1,
7290010945146,false,קוטג' 3% מועשר בסידן טרה 250 ג' מהדרין,החברה המרכזית טלהפצת משקאות בע,,,"י""ח",250,ל גרם,false,1,5.90,2.36,false,1,
7290010945306,false,חלב טרה קרטון 2 ליטר מהדרין*%*3,החברה המרכזית טלהפצת משקאות בע,,,"י""ח",2,ליטר,false,1,12.46,6.23,false,1,
7290010945450,false,גבינה לבנה 3% 250 גר מועשר בסידן וויטמין,החברה המרכזית טלהפצת משקאות בע,,,"י""ח",250,ל גרם,false,1,4.98,1.99,false,1,
7290010945481,false,גבינה לבנה טרה 5% מרכיבים טבעיים,החברה המרכזית טלהפצת משקאות בע,,,"י""ח",500,ל גרם,false,1,9.96,1.99,false,1,
7290011017866,false,פחית קולה סליק קוקה-קולה (330 מל),החברה המרכזית להפצת משקאות בעמ,,,"י""ח",330,"ל מ""ל",false,1,4.90,1.39,true,1,
7290011017873,false,פחית זירו סליק קוקה-קולה (330 מל),החברה המרכזית להפצת משקאות בעמ,,,"י""ח",330,"ל מ""ל",false,1,4.90,1.39,true,1,
7290011051525,false,ספרינג תה קר 0.5 ליטר אפרסק,יפאורה שותפות מוגבלת לשיווק,,,"י""ח",500,"ל מ""ל",false,1,7.10,1.36,true,1,
7290011081492,false,גלידה בטעם שלושה שוקולדים 1.33ל' קרמיסימו,"גלידת שטראוס בע""\מ, רחוב",,,"י""ח",1.33,ליטר,false,1,18.90,14.21,false,1,
7290011115203,false,אל סבון מוצק מבושם בניחוח עדין קלאסיק - מארז רביעיה,החברה הדרומית לשיווק בעמ,,,"י""ח",400,ל גרם,false,1,10.90,2.73,false,1,
7290011115258,false,אל סבון מוצק מבושם בניחוח עדין קלאסיק - מארז רביעיה,החברה הדרומית לשיווק בעמ,,,"י""ח",400,ל גרם,false,1,10.90,2.73,false,1,
7290011126209,false,הגן הקסום תה טעם תפוח וקינמון סיידר ויסוצקי 25 יח',תה ויסוצקי (ישראל)בעמ,,,"י""ח",55,ל גרם,false,1,18.90,34.36,true,1,
7290011126469,false,חליטת צמחים וקמומיל הגן הקסום ויסוצקי 25 יחידות,תה ויסוצקי (ישראל) בעמ,,,"י""ח",37.50,ל גרם,false,1,18.90,50.40,true,1,
7290011131371,false,מוזלי קראנצ`י שקדים ואגוזים גרין (1 קג),ויטליאה ניקולה דו,,,"י""ח",1,"ק""ג",false,1,28.90,28.90,true,1,
7290011133375,false,בירה שנדי בתוספת משקה אפרסק - שישייה,"טמפו משקאות בע""מ",,,"י""ח",330,"ל מ""ל",false,1,37.90,10.94,true,1,
7290011174224,false,"צ יפס קפוא 1.5 ק""ג פרי גליל בד""ץ",ויטה- פרי גליל (החדשה) בעמ,,,"י""ח",1.50,"ק""ג",false,1,21.90,14.60,false,1,
7290011174323,false,"צ'יפס אמריקאי פרי הגליל 1.5 ק""ג",ויטה- פרי גליל (החדשה) בעמ,,,"י""ח",1.50,"ק""ג",false,1,21.90,14.60,true,1,
7290011174422,false,"סטייק צ יפס 1.5 ל בד""ץ",ויטה- פרי גליל (החדשה) בעמ,,,"י""ח",1,,false,1,21.90,21.90,false,1,
7290011194215,false,מעדן גבינה ויוגורט בטעם בננה 5% שומן 88 ג' דניאלה,שטראוס גרופ בעמ/מצונן,,,"י""ח",150,"ל מ""ל",false,1,4.30,2.87,false,1,
7290011194246,false,קוטג 5% 250 גרם עם סידן שטראוס,שטראוס גרופ בעמ/מצונן,,,"י""ח",250,ל גרם,false,1,6,2.40,false,1,
7290011215705,false,חצי חלה,ג נרל מילס ישראל בעמ,,,"י""ח",1,,false,1,5.90,5.90,false,1,
7290011223205,false,ריבת חלב ארגנטינאית 454 גרם,אשבל מזון פונקציונלי,,,"י""ח",454,ל גרם,false,1,16.90,3.72,false,1,
7290011223229,false,"טואלט דאק ג'ל לאסלה טיפות טל רעננות 55 מ""ל","איטיליאן פוד, אס.פי.",,,"י""ח",55,"ל מ""ל",false,1,12.90,23.45,false,1,
7290011249755,false,רולים גלילי ופל במילוי קרם אגוזים 100 ג' עלמה,ח.כהן סוכנות מזון ומשקאות בע,,,"י""ח",100,ל גרם,false,1,3.90,3.90,false,1,
7290011254032,false,קינואה מיה (500 גרם),מיה תעשיות מזון מ.ת.מ. בעמ,,,"י""ח",500,ל גרם,false,1,9.90,1.98,true,1,
7290011254490,false,סוכריות ללא תוספת סוכר בטעם פירות יער מיה 80 גרם,מיה תעשיות מזון מ.ת.מ. בעמ,,,"י""ח",1,,false,1,6.50,6.50,true,1,
7290011276485,false,חסה עגולה רמי לוי,ביכורי השדה צפון 1994 ג.ד. בעמ,,,"י""ח",1,,false,1,6.90,6.90,false,1,
7290011379018,false,מארז משפחתי שמפיניון 500 ג' מרינה,ביכורי השדה צפון 1994 ג.ד. בעמ,,,"י""ח",1,,false,1,18.90,18.90,false,1,
7290011438142,false,"משקה יטבתה אייס קפה בבקבוק אישי 350 מ""ל",שטראוס גרופ בעמ/מצונן,,,"י""ח",350,"ל מ""ל",false,1,6.50,1.86,false,1,
7290011447267,false,מטרנה פרימיום חלבי שלב 1 700 גרם חיסכון,קבוצת אוסם סחר שותפות מוגבלת,,,"י""ח",700,ל גרם,false,1,49.90,7.13,false,1,
7290011447281,false,מטרנה פרימיום חלבי שלב 2 700 גרם חיסכון,קבוצת אוסם סחר שותפות מוגבלת,,,"י""ח",700,ל גרם,false,1,49.90,7.13,false,1,
7290011447908,false,"מזון לחתולים מלא טעם עוף וכבד סופר קט 3 ק""ג",דיפלומט מפיצים (1968) בעמ**,,,"י""ח",3,"ק""ג",false,1,47.90,15.97,false,1,
7290011461058,false,גומא - מקלות ריחניים,מוסקו בעמ,,,"י""ח",1,,false,1,19.90,19.90,false,1,
7290011488062,false,בצלצלי שאלוט תיבולי הכפר,ביכורי השדה צפון 1994 ג.ד. בעמ,,,"י""ח",350,ל גרם,false,1,13.90,3.97,false,1,
7290011499051,false,פטה כבשים מסורתית 20% בגביע 250 גרם - רובין,מחלבות גד שיווק 1992 בעמ,,,"י""ח",250,ל גרם,false,1,29.90,11.96,true,1,
7290011499112,false,בולגרית מסורתית 16% 250 גרם - רבנות,מחלבות גד שיווק 1992 בעמ,,,"י""ח",250,"ס""מ",false,1,23.70,9.48,true,1,
7290011499129,false,גבינה בולגרית מעודנת קוביות קטנות 5% גד 200 גרם,מחלבות גד שיווק 1992 בעמ,,,"י""ח",200,ל גרם,false,1,23.40,11.70,true,1,
7290011499303,false,פטה עיזים מעודנת 5% בגביע 250 גרם - רבנות,מחלבות גד שיווק 1992 בעמ,,,"י""ח",250,ל גרם,false,1,30.80,12.32,true,1,
7290011499327,false,גבינה בולגרית מעודנת 5% 250 גרם - רבנות,מחלבות גד שיווק 1992 בעמ,,,"י""ח",250,ל גרם,false,1,23.70,9.48,true,1,
7290011499358,false,פטה עיזים מסורתית 20% בגביע 200 גרם - רובין,מחלבות גד שיווק 1992 בעמ,,,"י""ח",200,ל גרם,false,1,27.90,13.95,true,1,
7290011499365,false,גבינת חלומי 24% מחלב בקר גד (200 גרם),מחלבות גד שיווק 1992 בעמ,,,"י""ח",200,ל גרם,false,1,21.60,10.80,true,1,
7290011499419,false,גבינה במרקם שמנת בטעם טבעי 5% ניו יורק,מחלבות גד שיווק 1992 בעמ,,,"י""ח",200,ל גרם,false,1,13.90,6.95,true,1,
7290011501563,false,נקטר חמוציות דין שיו,דין שיווק וקליה 2021 בעמ,,,"י""ח",1.89,ליטר,false,1,20.20,10.53,false,1,
7290011518561,false,"אקטימל תות 1.51 ק""ג מארז 14 יחידות",שטראוס גרופ בעמ/מצונן,,,"י""ח",1.40,ליטר,false,1,32.60,23.29,false,1,
7290011525729,false,שמפו לתינוק קמיל בלו סנסטיב לפני השינה עם לבנדר וקמומיל,"פישר תעשיות פרמצביטות בע""מ",,,"י""ח",1,ליטר,false,1,32.90,32.90,true,1,
7290011593087,false,"שמן זית כתית מעולה 750 מ""ל סבא חביב",בני פאוזי שמשום (2009) בעמ,,,"י""ח",750,"ל מ""ל",false,1,32.90,4.39,true,1,
7290011593117,false,זית סורי ירוק מבוקע 800 ג' סבא חביב,בני פאוזי שמשום (2009) בעמ,,,"י""ח",800,ל גרם,false,1,24.90,3.11,false,1,
7290011598402,false,מקסימה מרכך כביסה ארומתרפי מאסק סנו 4 ליטר,החברה הדרומית לשיווק בעמ,,,"י""ח",4,ליטר,false,1,21.90,5.48,false,1,
7290011668419,false,"שמפו אובלפיחה לשיער רגיל 750 מ""ל פנינה רוזנבלום","פנינה רוזנבלום בע""מ",,,"י""ח",750,"ל מ""ל",false,1,12.90,1.72,true,1,
7290011668464,false,"מרכך שיער שמן זית לשיער מתולתל 750 מ""ל פנינה רוזנבלום","פנינה רוזנבלום בע""מ",,,"י""ח",750,"ל מ""ל",false,1,12.90,1.72,true,1,
7290011800840,false,רפי כהן סלט טחינה בלאדי צבר 400 גרם,קבוצת אוסם סחר שותפות מוגבלת,,,"י""ח",400,ל גרם,false,1,16.90,4.23,true,1,
7290011860271,false,ביסבול כדורי פירה מתפוחי אדמה תפוגן 700 גרם,קבוצת אוסם סחר שותפות מוגבלת,,,"י""ח",700,ל גרם,false,1,17.30,2.47,false,1,
7290011876494,false,שניצל עוף ותירס מאמא עוף (750 גרם),תנובה קפואים,,,"י""ח",750,ל גרם,false,1,39.90,5.32,false,1,
7290011912642,false,ליסטרין שטיפת פה הגנה על השיניים והחניכי,ג'\ונסון אנד ג'\ונסון,,,"י""ח",500,"ל מ""ל",false,1,18.90,3.78,true,1,
7290011947521,false,"שמן זית כתית מעולה 750 מ""ל טעם מודגש זיתא",תה ויסוצקי (ישראל) בעמ,,,"י""ח",750,"ל מ""ל",false,1,39.90,5.32,true,1,
7290011964603,false,כורכום 400 גר' טעם וריח,"תבליני טעם וריח בע""מ",,,"י""ח",400,ל גרם,false,1,24.90,6.23,false,1,
7290011964702,false,שווארמה ללא מונסודיום 100 גרם מיכל גדול,"תבליני טעם וריח בע""מ",,,"י""ח",1,,false,1,9.90,9.90,true,1,
7290012001994,false,חרדל דיז'ון גרעינים 350 ג' ריין דיזון,דיפלומט מפיצים (1968) בעמ**,,,"י""ח",370,ל גרם,false,1,12.90,3.49,false,1,
7290012022203,false,פריכיות חיטה מלאה 60 גרם,דילייט 2005 בע`מ,,,"י""ח",140,ל גרם,false,1,13.90,9.93,false,1,
7290012022227,false,פריכיות חיטה טבעי 60 גרם,דילייט 2005 בע`מ,,,"י""ח",140,ל גרם,false,1,11.90,8.50,false,1,
7290012022272,false,פריכיות קליליות קידס,דילייט 2005 בעמ,,,"י""ח",30,ל גרם,false,1,10.90,36.33,false,1,
7290012025495,false,"שמיר טחינה אסלי 1 ק""ג","סלטי שמיר 2006 בע""מ",,,"י""ח",1,"ק""ג",false,1,15.90,15.90,true,1,
7290012025822,false,שמיר סלק אסלי 400 גרם,"סלטי שמיר 2006 בע""מ",,,"י""ח",400,ל גרם,false,1,9.90,2.48,true,1,
7290012025839,false,מטבוחה שמיר אסלי 400 גרם,"סלטי שמיר 2006 בע""מ",,,"י""ח",400,ל גרם,false,1,10.90,2.73,true,1,
7290012116063,false,כיף אלסבון פיות מועשר בתמציות קמומיל 750,החברה הדרומית לשיווק בעמ,,,"י""ח",800,ל גרם,false,1,11.90,1.49,false,1,
7290012116537,false,"מקסימה אבקת כביסה בניחוח מאסק סנו 2.5 ק""ג",החברה הדרומית לשיווק בעמ,,,"י""ח",2.50,"ק""ג",false,1,26.90,10.76,false,1,
7290012116681,false,דאודורנט ג'ל אנטיפרספירנט אקטיב בלוק Calm,החברה הדרומית לשיווק בעמ,,,"י""ח",7500,"ל מ""ל",false,1,14.90,0.20,false,1,
7290012117091,false,"אבקת כביסה סנסיטיב סנו מקסימה 6 ק""ג",החברה הדרומית לשיווק בעמ,,,"י""ח",6,קוב,false,1,49.90,8.32,false,1,
7290012117350,false,"נוזל רצפות לילך 2 ליטר ""ריצפז פרש""",החברה הדרומית לשיווק בעמ,,,"י""ח",2,מארז,false,1,19.90,9.95,false,1,
7290012117534,false,מרכך כביסה מרוכז תכלת קול סנו מקסימה 1 ליטר,החברה הדרומית לשיווק בעמ,,,"י""ח",1,ליטר,false,1,19.90,19.90,false,1,
7290012117558,false,מקסימה מרכך כביסה מרוכז ורוד בניחוח מאסק סנו 1 ליטר,החברה הדרומית לשיווק בעמ,,,"י""ח",1,ליטר,false,1,19.90,19.90,false,1,
7290012117589,false,כפפות סנו סושי לטקס L אריזת 100יח',החב. הדרומית לשיווק,,,"י""ח",1,,false,1,44.90,44.90,false,1,
7290012117732,false,מקסימה מרכך כביסה ארומתרפי קול סנו 4 ליטר,החברה הדרומית לשיווק בעמ,,,"י""ח",4,ליטר,false,1,21.90,5.48,false,1,
7290012139482,false,בג עצם לחוצה מעושנת בציפוי עוף 3 מקט ח,דיפלומט מפיצים (1968) בעמ**,,,"י""ח",3,"ק""ג",false,1,19.90,6.63,false,1,
7290012139567,false,בונזו ג'וי ביסקוויט עוף 122 גרם,דיפלומט מפיצים (1968) בעמ**,,,"י""ח",3,"ק""ג",false,1,19.90,6.63,false,1,
7290012226021,false,נקניק סלמי מעושן פראג זוגלובק (400 גרם),נקניק נהריה כשר זוגל,,,"י""ח",400,ל גרם,false,1,22.90,5.73,true,1,
7290012226120,false,קבנוס זוגלובק (45x3 גרם),נקניק נהריה כשר זוגל,,,"י""ח",135,ל גרם,false,1,14.50,10.74,true,1,
7290012226816,false,שניצל דק דק מן הצומח עשיר 540 גר`זוגלוב,זוגלובק שיווק בעמ,,,"י""ח",480,ל גרם,false,1,31.90,6.65,true,1,
7290012226922,false,קבנוס בטעם שום זוגלובק (45x3 גרם),נקניק נהריה כשר זוגל,,,"י""ח",135,ל גרם,false,1,14.50,10.74,true,1,
7290012226991,false,"נקניקיות עוף באריזת ג''מבו 1.5 ק""ג זוגלובק",נקניק נהריה כשר זוגל,,,"י""ח",1.50,"י""ח",false,1,29.90,19.93,true,1,
7290012227172,false,חרמן הודו בדבש וברביקיו זוג במארז 600 ג' זוגלובק,נקניק נהריה כשר זוגל,,,"י""ח",600,ל גרם,false,1,35.50,5.92,true,1,
7290012227912,false,קבנוס מעודן זוגלובק 135 גרם,נקניק זוגלובק נהריה,,,"י""ח",135,ל גרם,false,1,14.50,10.74,true,1,
7290012227974,false,פסטרמה הודו בדבש טהור דק דק דק,זוגלובק שיווק בעמ,,,"י""ח",120,ל גרם,false,1,15.90,13.25,true,1,
7290012227981,false,פסטרמה דק דק ברביקיו 120 ג' זוגלובק,זוגלובק שיווק בעמ,,,"י""ח",120,ל גרם,false,1,15.90,13.25,true,1,
7290012227998,false,פסטרמה דק דק חזה בקר 120 ג' זוגלובק,זוגלובק שיווק בעמ,,,"י""ח",120,ל גרם,false,1,15.90,13.25,true,1,
7290012228278,false,נקנקיות בוקוורסט עוף ובקר ריינהולד'ס 310 ג' זוגלובק,זוגלובק שיווק בעמ,,,"י""ח",310,ל גרם,false,1,19.90,6.42,false,1,
7290012228766,false,קבנוס מחפוד זוגלובק 120 גרם,זוגלובק שיווק בעמ,,,"י""ח",120,ל גרם,false,1,10.90,9.08,false,1,
7290012295973,false,עלי רוקולה פרמיום 100ג שמיטה,ביכורי השדה צפון 1994 ג.ד. בעמ,,,"י""ח",1,,false,1,9.90,9.90,false,1,
7290012309311,false,ערמונים קלופים ששון הקולה 100 גרם,דין שיווק וקליה 2021 בעמ,,,"י""ח",1,,false,1,8.40,8.40,false,1,
7290012313073,false,מיקס זיתים מגולענים מרינד קבוצת יבנה 340 גרם,"קבוצת יבנה מוצרי מזון בע""מ",,,"י""ח",1,,false,1,11.90,11.90,true,1,
7290012313431,false,זיתים מרוקאיים יבשים 215 ג' יבנה,קבוצת יבנה מוצרי מזון בעמ,,,"י""ח",215,ל גרם,false,1,12.90,6,false,1,
7290012313554,false,עלי גפן ממולא 400 גרםיבנה,קבוצת יבנה מוצרי מזון בעמ,,,"י""ח",400,ל גרם,false,1,9.90,2.48,false,1,
7290012317255,false,קובה ירושלמי במילוי בשר 1 קג יסמין,לפ עת-רן (1996 ) בעמ,,,"י""ח",1,"ק""ג",false,1,50,50,false,1,
7290012317644,false,"קובה מרק גורמה 1 ק""ג עתרן",עת -רן (1996) בעמ,,,"י""ח",1,"ק""ג",false,1,52.90,52.90,false,1,
7290012454561,false,קישוט לעוגה חום בבצנצנת מיה 80 גרם,מיה תעשיות מזון מ.ת.מ בעמ,,,"י""ח",200,ל גרם,false,1,5.80,2.90,false,1,
7290012454578,false,סוכריות קישוט לעוגה לבן מיה 70 גרם,מיה תעשיות מזון מ.ת.מ. בעמ,,,"י""ח",200,ל גרם,false,1,5.80,2.90,false,1,
7290012576607,false,"יין קברנה סוביניון פרמייר מלבק אדום ברקן 750 מ""ל","ברקן שיווק והפצה בע""",,,"י""ח",750,"ל מ""ל",false,1,27.90,3.68,true,1,
7290012576614,false,יין Premieur לבן חצי יבש אמרלד ריזלינג קולומברד,יקבי ברקן שיווק והפצה בע,,,"י""ח",750,"ל מ""ל",false,1,27.90,3.68,true,1,
7290012588242,false,"מים מינרלים מיי וואטר כדורגל מארז 500X6מ""ל",נרה קריטיס אס איי באריפט,,,"י""ח",1.98,ליטר,false,1,12.90,5.61,true,1,
7290012645112,false,יוגורט עיזים 2.8% בדלי חלב הארץ 750 גרם,שטראוס גרופ בעמ/מצונן,,,"י""ח",750,"ל מ""ל",false,1,19.90,2.65,true,1,
7290012645129,false,יוגורט כבשים 5% בדלי חלב הארץ 750 גרם,שטראוס גרופ בעמ/מצונן,,,"י""ח",750,"ל מ""ל",false,1,21.50,2.87,true,1,
7290012803772,false,טוסו שוקולד חלב ללא תוספת סוכר 100 גרם,אלטינמארקה גידה סאן,,,"י""ח",100,ל גרם,false,1,11.90,11.90,false,1,
7290012803789,false,טוסו שוקולד מריר עם אגוזים ללא תוספת סוכר 100 גרם,האי נאם סי או אל.טי.,,,"י""ח",100,ל גרם,false,1,11.90,11.90,false,1,
7290012823251,false,אל סבון נוזלי יסמין ולבנדר כיף (1 ליטר),החברה הדרומית לשיווק בעמ,,,"י""ח",1,ליטר,false,1,14.90,14.90,false,1,
7290012823381,false,מקסימה מרכך כביסה מרוכז סנסטיב בייבי סנו 1 ליטר,החברה הדרומית לשיווק בעמ,,,"י""ח",1,ליטר,false,1,19.90,19.90,false,1,
7290012823541,false,ריצפז פרש מטליות לחות לרצפה בניחוח לבנדר 10 יחידות,החברה הדרומית לשיווק בעמ,,,"י""ח",1,,false,1,12.90,12.90,false,1,
7290012823602,false,נייר טואלט סופט סילק לבן 32 גלילים סנו,החברה הדרומית לשיווק בעמ,,,"י""ח",32,"י""ח",false,1,35.90,1.12,false,1,
7290012823947,false,"סנו - מרכך כביסה מרוכז פרפיום קריסטל נואר 750 מ""ל",החברה הדרומית לשיווק בעמ,,,"י""ח",750,"ל מ""ל",false,1,19.90,2.65,false,1,
7290012838026,false,עוגיות מלוחות עבודת יד 350גר,הלל בן הלל שיווק ומסחר בעמ,,,"י""ח",350,ל גרם,false,1,15.90,4.54,false,1,
7290012850011,false,מחית תפוחי עץ שלב 3 בילובד (190 גרם),שקד תבל בע`מ,,,"י""ח",190,"ל מ""ל",false,1,6.30,3.32,true,1,
7290012884986,false,צ`יפס לתנור עד 4% שומן תפוגן (1.5 קג),קבוצת אוסם סחר שותפות מוגבלת,,,"י""ח",1.50,"ק""ג",false,1,26.90,17.93,false,1,
7290012901959,false,ארוחת אטריות עם גבינה מסולסלים 156 גרם,מור-ים מרקטינג בעמ,,,"י""ח",156,ל גרם,false,1,11.90,7.63,false,1,
7290012938405,false,"רדיד אלומיניום עבה במיוחד לבישול,אפייה והקפאה.",גורי ע.ע.ע. בע`מ,,,"י""ח",100,ל גרם,false,1,16.90,16.90,false,1,
7290012938597,false,משחת שיניים רפיד רליף סנסודיין (75 מל),"סמיתקליין ביצ'ם בע""מ",,,"י""ח",75,ל גרם,false,1,26.90,35.87,true,1,
7290012938740,false,"משחת שיניים פרש מינט מנטה 75מ""ל סנסודיין",גלקסו סמית קליין,,,"י""ח",1,,false,1,23.90,23.90,true,1,
7290012962684,false,"הוסטס שקיות צליה ג'מבו 50X35 ס""מ בקופסה 5 יח'",אינטרסן (1996) בעמ,,,"י""ח",50,"ס""מ",false,1,5,10,true,1,
7290012962714,false,נובי כוס אולטרא מצויירת עם מנגנון קליק,אינטרסן (1996) בעמ,,,"י""ח",1,,false,1,33.90,33.90,false,1,
7290012975875,false,כוסות יהלום בנדע שווה 75יח,ח.כהן סוכנות מזון ומשקאות בע,,,"י""ח",1,,false,1,10.90,10.90,true,1,
7290012996610,false,טבליות הפלא לניקוי האסלה הפי יעקבי 16 יחידות,יעקב יעקבי ובניו בעמ,,,"י""ח",1,,false,1,16,16,false,1,
7290013027368,false,זוג לחמניות עטופות אנג'ל,שלמה א.אנג ל בעמ,,,"י""ח",750,ל גרם,false,1,3.20,0.43,false,1,
7290013027399,false,לחם קמח מלא קל בתוספת שיפון 750 ג' אנג'ל,מאפיית שלמה א. אנג'\ל בע,,,"י""ח",750,ל גרם,false,1,15.90,2.12,false,1,
7290013038432,false,מים אקווה נובה בקבוק יחיד,טמפו משקאות בע`מ,,,"י""ח",2,ליטר,false,1,3.40,1.55,false,1,
7290013083685,false,תחליף חלב מטרנה אקסטרה קר שלב 3 חסכון 700 גרם,קבוצת אוסם סחר-שות.מוגבלת,,,"י""ח",700,ל גרם,false,1,59.90,8.56,false,1,
7290013083999,false,חול יורוקיטי קריסטלי 3.8 ל',דיפלומט מפיצים (1968) בעמ**,,,"י""ח",3.50,"ק""ג",false,1,29.90,8.54,false,1,
7290013117243,false,בורקס פילו בולגרית מעדנות 600 גרם,תנובה מרכז שיתופי לשיווק תוצרת,,,"י""ח",600,ל גרם,false,1,22.30,3.72,false,1,
7290013117526,false,בצק שמרים מרודד למאפים מתוקים מעדנות 900 גרם,תנובה מרכז שיתופי לשיווק תוצרת,,,"י""ח",900,ל גרם,false,1,22.90,2.54,false,1,
7290013128317,false,ענבים ירוקים אוקי דוד חי,ביכורי השדה צפון 1994 ג.ד. בעמ,,,"ק""ג",1,,true,1,25.90,25.90,false,1,
7290013144157,false,תערובת להכנת סחלב 130גרם,א.ל. ייצור ושיווק תבלינים בע`מ,,,"י""ח",130,ל גרם,false,1,10.90,8.38,true,1,
7290013144171,false,מיימונס תערובת עוגת שוקולד 560 גרם.,א.ל.ייצור ושיווק תבלינים בעמ,,,"י""ח",560,ל גרם,false,1,16.90,3.02,true,1,
7290013144218,false,מיימונס תערובת עוגת וניל 560 גרם.,א.ל.ייצור ושיווק תבלינים בעמ,,,"י""ח",560,ל גרם,false,1,16.90,3.02,true,1,
7290013144249,false,פודינג בטעם שוקולד 95 גר`מימונס,א.ל. ייצור ושיווק תבלינים בע`מ,,,"י""ח",1,,false,1,5.90,5.90,true,1,
7290013144287,false,מיימונס ג'לי תות 85 גרם,א.ל. ייצור ושיווק תבלינים בע`מ,,,"י""ח",1,,false,1,5.90,5.90,false,1,
7290013144393,false,תמצית אפיה בטעם וניל מימונס (50 מל),א.ל. ייצור ושיווק תבלינים בע`מ,,,"י""ח",1,,false,1,5.50,5.50,false,1,
7290013144560,false,מיימונס צבע מאכל כחול 50 גרם,א.ל. ייצור ושיווק תבלינים בע`מ,,,"י""ח",1,,false,1,4.30,4.30,false,1,
7290013144751,false,סירופ בטעם מייפל מימונס 500 גרם,א.ל. ייצור ושיווק תבלינים בע`מ,,,"י""ח",500,"ל מ""ל",false,1,14.90,2.98,true,1,
7290013144768,false,סירופ בטעם שוקולד מימונס 500 גרם,א.ל. ייצור ושיווק תבלינים בע`מ,,,"י""ח",500,"ל מ""ל",false,1,13.90,2.78,true,1,
7290013145024,false,מיימונס אגוז מלך טחון 100 גרם,א.ל. ייצור ושיווק תבלינים בע`מ,,,"י""ח",100,ל גרם,false,1,13.90,13.90,false,1,
7290013145031,false,אגוזי לוז מסוכרים מיימונס 100 גרם,א.ל. ייצור ושיווק תבלינים בע`מ,,,"י""ח",100,ל גרם,false,1,13.90,13.90,false,1,
7290013145062,false,סירופ מייפל אמיתי 100% מימונס 187 מל*,א.ל.ייצור ושיווק תבלינים בעמ,,,"י""ח",187,"ל מ""ל",false,1,19.90,10.64,false,1,
7290013145116,false,מיימונס שקד מולבן מקלות 100 גרם.,א.ל. ייצור ושיווק תבלינים בע`מ,,,"י""ח",100,ל גרם,false,1,13.90,13.90,true,1,
7290013145178,false,קוקוס לבן טחון מימונס (100 גרם),א.ל. ייצור ושיווק תבלינים בע`מ,,,"י""ח",100,ל גרם,false,1,4.90,4.90,false,1,
7290013145192,false,שומשום מימונס (100 גרם),א.ל. ייצור ושיווק תבלינים בע`מ,,,"י""ח",100,ל גרם,false,1,4.90,4.90,false,1,
7290013145215,false,שומשום מימונס (400 גרם),א.ל.ייצור ושיווק תבלינים בעמ,,,"י""ח",400,ל גרם,false,1,15.90,3.98,false,1,
7290013145246,false,גרעין חמניה מקולף מיימונס 100 גרם,א.ל. ייצור ושיווק תבלינים בע`מ,,,"י""ח",50,ל גרם,false,1,5.90,11.80,false,1,
7290013145390,false,מימונס שוקולד צ'יפס מהדרין 250 גר,א.ל. ייצור ושיווק תבלינים בע`מ,,,"י""ח",250,ל גרם,false,1,9.90,3.96,false,1,
7290013145406,false,שוקולד צ`יפס לבן מימונס (250 גרם),א.ל. ייצור ושיווק תבלינים בע`מ,,,"י""ח",250,"ל מ""ל",false,1,10.90,4.36,false,1,
7290013145451,false,קקאו 150 גר`שקית מימונס,א.ל. ייצור ושיווק תבלינים בע`מ,,,"י""ח",150,ל גרם,false,1,9.90,6.60,false,1,
7290013145529,false,סוכריות צבעוניות לקישוט מיימונס 90 גרם,א.ל. ייצור ושיווק תבלינים בע`מ,,,"י""ח",1,,false,1,5.90,5.90,false,1,
7290013145567,false,מיימונס מיני מיני עדשים 90 גרם.,א.ל.ייצור ושיווק תבלינים בעמ,,,"י""ח",1,,false,1,10.90,10.90,false,1,
7290013145628,false,סוכריות צבעוניות לקישוט מימונס 200 גרם,א.ל. ייצור ושיווק תבלינים בע`מ,,,"י""ח",400,ל גרם,false,1,8.90,2.23,false,1,
7290013145710,false,מיימונס דובדבנים מסוכרים 100 גרם,א.ל. ייצור ושיווק תבלינים בע`מ,,,"י""ח",100,ל גרם,false,1,9.90,9.90,false,1,
7290013145727,false,מיימונס קליפות הדרים מסוכרים 90 גרם,א.ל. ייצור ושיווק תבלינים בע`מ,,,"י""ח",1,,false,1,7.90,7.90,false,1,
7290013145840,false,סוכר וניל מימונס 10יח בצלופן,א.ל. ייצור ושיווק תבלינים בע`מ,,,"י""ח",10,"י""ח",false,1,3.50,0.35,false,1,
7290013145857,false,אבקת אפיה מימונס 10יח בצלופן,א.ל. ייצור ושיווק תבלינים בע`מ,,,"י""ח",10,"י""ח",false,1,2.90,0.29,false,1,
7290013145864,false,אבקת ג'לטין טהור מיימונס 28 גרם,א.ל. ייצור ושיווק תבלינים בע`מ,,,"י""ח",1,,false,1,12.50,12.50,false,1,
7290013145901,false,סודה לשתיה מימונס (100 גרם),א.ל. ייצור ושיווק תבלינים בע`מ,,,"י""ח",100,ל גרם,false,1,2.50,2.50,false,1,
7290013145918,false,אבקת סוכר מימונס (100 גרם),א.ל. ייצור ושיווק תבלינים בע`מ,,,"י""ח",100,ל גרם,false,1,2.50,2.50,false,1,
7290013145963,false,שמרים יבשים בוואקום מיימונס 125 גרם,א.ל. ייצור ושיווק תבלינים בע`מ,,,"י""ח",125,ל גרם,false,1,6.50,5.20,false,1,
7290013145970,false,קורנפלור מימונס בשקית 200 ג',א.ל. ייצור ושיווק תבלינים בע`מ,,,"י""ח",100,ל גרם,false,1,4.50,4.50,false,1,
7290013146014,false,מלית אוכמניות 70% פרי מיימונס 400 גרם,א.ל.יצור ושיווקתבלינים בעמ,,,"י""ח",400,ל גרם,false,1,15.90,3.98,false,1,
7290013146069,false,מלית שוקולד מיימונס 400 גרם,א.ל.יצור ושיווקתבלינים בעמ,,,"י""ח",400,ל גרם,false,1,12.90,3.23,true,1,
7290013146441,false,נשיקות לקישוט צבע ורוד מימונס 60 גרם,א.ל ייצור ושיווק תבלינים בעמ,,,"י""ח",1,,false,1,15.90,15.90,true,1,
7290013146663,false,אטריות צבעוניות לקישוט מימונס 55 גרם,א.ל.ייצור ושיווק תבלינים בעמ,,,"י""ח",55,ל גרם,false,1,11.90,21.64,true,1,
7290013146670,false,סוכריות לב סגול ורוד לבן לקישוט 60 גרם,א.ל.ייצור ושיווק תבלינים בעמ,,,"י""ח",60,ל גרם,false,1,11.90,19.83,true,1,
7290013146816,false,אבקת סוכר שקית 500 מימונס,א.ל.ייצור ושיווק תבלינים בעמ,,,"י""ח",200,ל גרם,false,1,7.70,3.85,false,1,
7290013146854,false,קוקוס לבן טחון מימונס 400 ג',א.ל.יצור ושיווקתבלינים בעמ,,,"י""ח",1,,false,1,15.90,15.90,false,1,
7290013156006,false,עוגיות כעכים לקפה מרוקאיות 200גר,הלל בן הלל שיווק ומסחר בעמ,,,"י""ח",300,ל גרם,false,1,16.90,5.63,false,1,
7290013156822,false,עוגיות רייף 350ג גאקובס,הלל בן הלל שיווק ומסחר בעמ,,,"י""ח",350,ל גרם,false,1,16.90,4.83,false,1,
7290013156846,false,עוגיות מלוחןת גאקובס,הלל בן הלל שיווק ומסחר בעמ,,,"י""ח",350,ל גרם,false,1,16.90,4.83,false,1,
7290013156914,false,עוגיות כעך טוניסאי 350גר,הלל בן הלל שיווק ומסחר בעמ,,,"י""ח",350,ל גרם,false,1,16.90,4.83,false,1,
7290013156921,false,עוגיות מרוקאיות ללא סוכר,הלל בן הלל שיווק ומסחר בעמ,,,"י""ח",350,ל גרם,false,1,16.90,4.83,false,1,
7290013215017,false,פטריות זוגות חוות השמפניון,ביכורי השדה צפון 1994 ג.ד. בעמ,,,"י""ח",1,,false,1,18.90,18.90,false,1,
7290013268242,false,תרכיז ריחני לניקוי רצפות בריח מלון מפנק ריצפז פרש,החברה הדרומית לשיווק בעמ,,,"י""ח",1.45,ליטר,false,1,22.90,15.79,false,1,
7290013268891,false,אוקסיג'ן ג'ל ללא אקונומיקה עם חמצן פעיל סנו 3 ליטר,החברה הדרומית לשיווק בעמ,,,"י""ח",3,ליטר,false,1,29.90,9.97,false,1,
7290013268907,false,ג'ל כביסה ביו בטמפרטורות נמוכות,החברה הדרומית לשיווק בעמ,,,"י""ח",3,ליטר,false,1,34.90,11.63,false,1,
7290013268938,false,סנובון סבון לאסלה בניחוח מאסק סנו 3*65 גרם,החברה הדרומית לשיווק בעמ,,,"י""ח",165,ל גרם,false,1,12.90,7.82,false,1,
7290013268983,false,מרכך כביסה סופר מרוכז בבישום עוצמתי סנו מקסימה 1 ל',החברה הדרומית לשיווק בעמ,,,"י""ח",1,ליטר,false,1,19.90,19.90,false,1,
7290013269003,false,מרכך כביסה סופר מרוכז בייבי לתינוקות ולעור רגיש,החברה הדרומית לשיווק בעמ,,,"י""ח",1,ליטר,false,1,19.90,19.90,false,1,
7290013269157,false,"מרכך מבשם למייבש כביסה לבנדר סנו מקסימה 750 מ""ל",החב הדרומית לשיווק,,,"י""ח",750,"ל מ""ל",false,1,19.90,2.65,true,1,
7290013269287,false,סנו - מקסימה ג'ל כביסה מרוכז מאסק 3 ליטר,החברה הדרומית לשיווק בעמ,,,"י""ח",3,ליטר,false,1,34.90,11.63,false,1,
7290013269621,false,ריצפז פרש לניקוי רצפות בניחוח מלון בוטיק,החברה הדרומית לשיווק בעמ,,,"י""ח",1.45,ליטר,false,1,22.90,15.79,false,1,
7290013269669,false,ריצפז בניחוח פנטזיה לניקוי הרצפה,החברה הדרומית לשיווק בעמ,,,"י""ח",3,ליטר,false,1,15.90,5.30,false,1,
7290013276117,false,"בקבוק בירה נגב אואזיס 330 מ""ל",הכרם - משקאות חריפים בעמ,,,"י""ח",330,"ל מ""ל",false,1,14.90,4.42,true,1,
7290013276124,false,"בקבוק בירה נגב אמבר אייל 330 מ""ל",הכרם - משקאות חריפים בעמ,,,"י""ח",330,"ל מ""ל",false,1,14.90,4.42,true,1,
7290013284310,false,רוטב פסטה לילדים פריניר 240 גרם,ח.כהן סוכנות מזון ומשקאות בע,,,"י""ח",70,ל גרם,false,1,5.90,8.43,false,1,
7290013284662,false,רוטב פיצה פיתה לילדים 240 ג' פריניר,ח.כהן סוכנות מזון ומשקאות בע,,,"י""ח",70,ל גרם,false,1,6.70,9.57,false,1,
7290013310101,false,"שיפודי במבוק ג'מבו 50 יח' עובי 5 מ""מ אורך 30 ס""מ",הדקלאים אגודת שיתופי,,,"י""ח",1,,false,1,5,5,false,1,
7290013310118,false,"ממחטות כיס שישיה תלת שכבתי ""פנטזיה""",אינטרסן (1996) בעמ,,,"י""ח",1,,false,1,3.90,3.90,true,1,
7290013310385,false,כפפות ניטריל M כחולות ללא אבקה 80 יח' EASY TOUCH,אינטרסן (1996) בעמ,,,"י""ח",80,"י""ח",false,1,24.90,0.31,true,1,
7290013310392,false,כפפות ניטריל L כחולות ללא אבקה 80 יח' EASY TOUCH,אינטרסן (1996) בעמ,,,"י""ח",80,"י""ח",false,1,24.90,0.31,true,1,
7290013358356,false,פירורי לחם מוזהבים מאסטר שף (320גרם),ש. שסטוביץ בע`מ,,,"י""ח",320,ל גרם,false,1,8.30,2.59,false,1,
7290013358363,false,מאסטר שף פרורי לחם פנקו עבים בסגנון יפני 300 גר,קריניציה ויטמינה אס,,,"י""ח",300,ל גרם,false,1,10.80,3.60,false,1,
7290013358417,false,מאסטר שף אסייאתי רוטב טריאקי 300 מל כשלפ,קריניציה ויטמינה אס,,,"י""ח",300,"ל מ""ל",false,1,12.90,4.30,false,1,
7290013358448,false,"קרוטונים לסלט אקסטרה ארוכים בתיבול שום, בצל ופטרוזיליה",עינת תעשיות מזון אגו,,,"י""ח",200,ל גרם,false,1,13.80,6.90,true,1,
7290013358530,false,מאסטר שף אסייאתי רוטב צ'ילי מתוק 700 מל כשלפ,קריניציה ויטמינה אס,,,"י""ח",700,"ל מ""ל",false,1,13.90,1.99,false,1,
7290013358547,false,מאסטר שף אסייאתי רוטב צ'ילי חריף 700 מל כשלפ,קי.אר.אס. ספייסי פוד,,,"י""ח",700,"ל מ""ל",false,1,13.90,1.99,false,1,
7290013361981,false,צ'יפס קפוא חתוך פרי הגליל,ויטה- פרי גליל (החדשה) בעמ,,,"י""ח",2,"ק""ג",false,1,27.90,13.95,false,1,
7290013361998,false,"סטייק צ'יפס פרי הגליל 2 ק""ג",ויטה- פרי גליל (החדשה) בעמ,,,"י""ח",2,"ק""ג",false,1,27.90,13.95,false,1,
7290013412409,false,טופד סופגנית מקסי 15,שקד תבל בעמ,,,"י""ח",15,"י""ח",false,1,9.90,0.66,true,1,
7290013412966,false,רבעיית מגבונים תולי 72*4 יחידות,שקד תבל בעמ,,,"י""ח",4,"י""ח",false,1,12.90,3.23,true,1,
7290013440648,false,מאגדת שלגוני אבטיח נסטלה 5 יחידות,נגה גלידות שותפות מוגבלת,,,"י""ח",540,ל גרם,false,1,29.90,5.54,false,1,
7290013472199,false,ערמונים קלופים וקלויים 105 גרם,ג.וילי-פוד אינטרנשיונל בעמ,,,"י""ח",100,ל גרם,false,1,6.90,6.90,true,1,
7290013492005,false,תפוח אדמה אדום למיקרו 600 ג',ביכורי השדה צפון 1994 ג.ד. בעמ,,,"י""ח",1,,false,1,9.90,9.90,true,1,
7290013525727,false,חומוס עם רוטב מסבחה 160 גרם,סלטי שמיר2006בעמ,,,"י""ח",160,ל גרם,false,1,6.30,3.94,false,1,
7290013525741,false,חומוס עם רוטב חריף 160 גרם,"סלטי שמיר 2006 בע""מ",,,"י""ח",160,ל גרם,false,1,6.30,3.94,false,1,
7290013531759,false,שעועית לבנה מבושלת במים יכין (550 גרם),זנלכול יכין,,,"י""ח",600,ל גרם,false,1,11.90,1.98,false,1,
7290013585233,false,"ספרייט זירו פחית סליק 330 מ""ל",החברה המרכזית להפצת משקאות בעמ,,,"י""ח",330,"ל מ""ל",false,1,4.90,1.39,true,1,
7290013585387,false,בקבוק זירו קוקה-קולה (1 ליטר),החברה המרכזית להפצת משקאות בעמ,,,"י""ח",1,ליטר,false,1,7.70,7.70,false,1,
7290013585394,false,בקבוק קוקה-קולה (1 ליטר),החברה המרכזית להפצת משקאות בעמ,,,"י""ח",1,ליטר,false,1,7.70,7.70,false,1,
7290013608260,false,מיץ רימונים 100%מיץ סחוט טרי מצונן 1ליט,שטראוס גרופ בעמ/מצונן,,,"י""ח",1,ליטר,false,1,26.10,26.10,false,1,
7290013787392,false,רביולי גבינות קלאסי 330 גרם ריקו בית יוסף,דודו איטליאן פרודקטס בע\,,,"י""ח",330,ל גרם,false,1,27.20,8.24,false,1,
7290013847867,false,מארז זוג טונה בשמן סויה 140 ג' סטארקיסט,דיפלומט מפיצים (1968) בעמ**,,,"י""ח",280,ל גרם,false,1,12.90,4.61,true,1,
7290013848345,false,מארז מטליות לחיטוי וניקוי יסודי אנטיבקטריאלי 99.9%,החברה הדרומית לשיווק בעמ,,,"י""ח",3,"י""ח",false,1,24.90,8.30,false,1,
7290013848758,false,מקסימה גל כביסה מרוכז בייבי 3ליטר סנסטיב,החברה הדרומית לשיווק בעמ,,,"י""ח",3,ליטר,false,1,34.90,11.63,false,1,
7290013906687,false,פסט' צמד כפרית ברביקיו ודבש 300X2ג' טירת צבי,תנובה מרכז שיתופי לשיווק תוצרת,,,"י""ח",600,ל גרם,false,1,29.90,4.98,false,1,
7290013927002,false,עוגיות דקליות בטעם שוקולד אחוה (400 גרם),אחדות ביתחרושת לטחינה חלבה,,,"י""ח",400,ל גרם,false,1,10.90,2.73,false,1,
7290013927033,false,עוגיות מעמול במילוי תמרים ואגוזים אחווה 600 ג',אחדות בעמ,,,"י""ח",600,ל גרם,false,1,11.90,1.98,false,1,
7290013927040,false,אחדות עוגיות ממולאות שוקולד במגש 600,אחדות בעמ,,,"י""ח",600,ל גרם,false,1,11.90,1.98,false,1,
7290013927057,false,א. עוגיות שוקולד צ'יפס במגש 400 גר',"אחדות בע""מ",,,"י""ח",400,ל גרם,false,1,10.90,2.73,false,1,
7290013927064,false,א. עוגיות גרנולה עם פירות יער 400 ג'-אחווה,אחדות ביתחרושת לטחינה חלבה,,,"י""ח",400,ל גרם,false,1,10.90,2.73,false,1,
7290013927156,false,אחוה בטעם פירות יער ללא תוספת סוכר 450 גרם.,אחדות ביחר לטחינה חל,,,"י""ח",450,ל גרם,false,1,13.90,3.09,false,1,
7290013927323,false,עוגת בראוניס 400 גרם אחדות,אחדות ביחר לטחינה חל,,,"י""ח",450,ל גרם,false,1,11.90,2.64,false,1,
7290013927637,false,חלוה ללא תוספת סוכר במגש 400 גר' אחוה,אחדות ביחר לטחינה חל,,,"י""ח",400,ל גרם,false,1,10.90,2.73,false,1,
7290013927644,false,עוגיות כתר בטעם תות במגש 400 גר' אחווה,אחדות בעמ,,,"י""ח",400,ל גרם,false,1,10.90,2.73,false,1,
7290013927804,false,"טחינה גולמית משומשום מלא אחוה 1 ק""ג",אחדות ביחר לטחינה חל,,,"י""ח",1,"ק""ג",false,1,21.90,21.90,false,1,
7290013927989,false,מאפין במילוי בטעם קרמל 50 גרם אחוה,אחדות ביחר לטחינה חל,,,"י""ח",400,ל גרם,false,1,1.50,0.38,true,1,
7290014002197,false,חליטת קמומיל ולימונית הגן הקסום ויסוצקי 25 יחידות,תה ויסוצקי (ישראל) בעמ,,,"י""ח",37.50,ל גרם,false,1,18.90,50.40,true,1,
7290014002203,false,חליטת לימונית ולואיזה הגן הקסום ויסוצקי 25 יחידות,תה ויסוצקי (ישראל) בעמ,,,"י""ח",37.50,ל גרם,false,1,18.90,50.40,true,1,
7290014002470,false,תה ויסוצקי קלאסיק - מארז 75 שקיקים,תה ויסוצקי (ישראל) בעמ,,,"י""ח",75,"י""ח",false,1,13.90,0.19,false,1,
7290014046016,false,פסטרמה של פעם דל שומן 2% רכיבים טבעיים,מעדני יחיעם ( 1993 ) בע`מ,,,"י""ח",250,ל גרם,false,1,27.90,11.16,false,1,
7290014046047,false,פסטרמת מעודנת ברביקיו 2יח*300גר,מעדני יחיעם ( 1993 ) בע`מ,,,"י""ח",600,ל גרם,false,1,24.90,4.15,false,1,
7290014046474,false,"נקניקיות עוף יחיעם 1.5 ק""ג",מעדני יחיעם ( 1993 ) בע`מ,,,"י""ח",1.50,"ק""ג",false,1,34.20,22.80,true,1,
7290014046580,false,פסטרמה מעודנת על גחלים יחיעם (300 גרם),מעדני יחיעם (1993) בעמ,,,"י""ח",300,ל גרם,false,1,21.90,7.30,false,1,
7290014046757,false,סלמי תה יחיעם (300 גרם),מעדני יחיעם (1993) בעמ,,,"י""ח",300,ל גרם,false,1,21.90,7.30,false,1,
7290014046764,false,סלמי פפרוני יחיעם 200 גרם,מעדני יחיעם (1993) בעמ,,,"י""ח",200,ל גרם,false,1,12.90,6.45,false,1,
7290014059085,false,"משחת שיניים סנסודיין 75 מ""ל פרימיום לשיקום והגנה","סמית קליין ביצ'ם בע""",,,"י""ח",75,"ל מ""ל",false,1,26.90,35.87,true,1,
7290014072084,false,כרוב לבן מהדרין-קטיף הטבע,ביכורי השדה צפון 1994 ג.ד. בעמ,,,"ק""ג",1,,true,1,2.90,2.90,false,1,
7290014072091,false,כרוב אדום י.ש ירקות עלים,ביכורי השדה צפון 1994 ג.ד. בעמ,,,"ק""ג",1,,true,1,4.90,4.90,false,1,
7290014094628,false,פקאן טבעי ששון הקולה (200 גרם),דין שיווק וקליה 2021 בעמ,,,"י""ח",200,ל גרם,false,1,27.90,13.95,false,1,
7290014094796,false,משמשים מיובשים בשקית ששון הקולה 300 גרם,דין שיווק וקליה 2021 בעמ,,,"י""ח",300,ל גרם,false,1,23.90,7.97,false,1,
7290014094826,false,שזיפים ללא גלעין בשקית ששון הקולה 300 גרם,דין שיווק וקליה 2021 בעמ,,,"י""ח",300,ל גרם,false,1,23.90,7.97,false,1,
7290014094833,false,צימוק בהיר 300 גרם ששון הקולה,דין שיווק וקליה 2021 בעמ,,,"י""ח",300,ל גרם,false,1,13.90,4.63,false,1,
7290014094840,false,צימוק חום בשקית ששון הקולה 300 גרם,דין שיווק וקליה 2021 בעמ,,,"י""ח",300,ל גרם,false,1,13.90,4.63,false,1,
7290014094895,false,אגוזים קלופים בשקית ששון הקולה 150 גרם,דין שיווק וקליה 2021 בעמ,,,"י""ח",150,ל גרם,false,1,13.90,9.27,false,1,
7290014095861,false,שיבולת שועל דקה בשקית שקדיה 500 גרם,דין שיווק וקליה 2021 בעמ,,,"י""ח",500,ל גרם,false,1,8.40,1.68,false,1,
7290014095960,false,שיבולת שועל עבה בשקית שקדיה 500 גרם,דין שיווק וקליה 2021 בעמ,,,"י""ח",500,ל גרם,false,1,8.40,1.68,false,1,
7290014126428,false,מרמולייט סטיביה ממתיק 150 טבליות,מיוצר עי קונדיטוריית,,,"י""ח",150,ל גרם,false,1,25.90,17.27,false,1,
7290014204560,false,"פנינהרוזנבלום- סבון נוזלי לידיים שלישיה,3*500 מ""ל","פנינה רוזנבלום בע""מ",,,"י""ח",0.50,ליטר,false,1,14.90,29.80,true,1,
7290014204591,false,"שמפו לילדים 750 מ""ל",פנינה רוזנבלום בעמ,,,"י""ח",750,"ל מ""ל",false,1,18.90,2.52,false,1,
7290014204683,false,אלסבון 1 ליטר משאבה סגול פנינה רוזנבלום,פנינה רוזנבלום בעמ,,,"י""ח",1,ליטר,false,1,11.70,11.70,false,1,
7290014205000,false,צלחות גדולות 50 יחידות,ח.כהן סוכנות מזון ומשקאות בע,,,"י""ח",50,"י""ח",false,1,14.90,0.30,false,1,
7290014205024,false,"קעריות אובלי ח""פ לבן 25 יח!",ח.כהן סוכנות מזון ומשקאות בע,,,"י""ח",30,"י""ח",false,1,5.90,0.20,true,1,
7290014205031,false,"לפתניה לבן 25 יח ""שווה"" *",ח.כהן סוכנות מזון ומשקאות בע,,,"י""ח",25,"י""ח",false,1,4.90,0.20,true,1,
7290014205048,false,disposable plastic 17 cm soup plate 25,ח.כהן סוכנות מזון ומשקאות בע,,,"י""ח",2500,ל גרם,false,1,7.90,0.32,false,1,
7290014205055,false,"צלחת עמוקה""שווה""30יח לבן",ח.כהן סוכנות מזון ומשקאות בע,,,"י""ח",30,"י""ח",false,1,14.90,0.50,false,1,
7290014205062,false,"כוסות ח""פ פלסטיק 100""שווה"".",ח.כהן סוכנות מזון ומשקאות בע,,,"י""ח",100,"י""ח",false,1,7.90,0.08,false,1,
7290014205093,false,דבש 350ג שווה,ח.כהן סוכנות מזון ומשקאות בע,,,"י""ח",350,ל גרם,false,1,18.90,5.40,false,1,
7290014205130,false,צלחות גדול קרם / לבן/ בורדו/ זהב 25 יח,ח.כהן סוכנות מזון ומשקאות בע,,,"י""ח",2500,ל גרם,false,1,11.90,0.48,false,1,
7290014205147,false,"צלחת קטן צבעוני 25 יח ""שווה"" *",ח.כהן סוכנות מזון ומשקאות בע,,,"י""ח",25,"י""ח",false,1,6.90,0.28,false,1,
7290014205154,false,קעריות אובלי קרם /בורדו זהב 25 יח,ח.כהן סוכנות מזון ומשקאות בע,,,"י""ח",2500,ל גרם,false,1,5.90,0.24,false,1,
7290014205161,false,disposable plastic 12.5 cm compote plate,ח.כהן סוכנות מזון ומשקאות בע,,,"י""ח",2500,ל גרם,false,1,4.90,0.20,false,1,
7290014205178,false,"מרקיה צבעוני ""שווה"" 25יח",ח.כהן סוכנות מזון ומשקאות בע,,,"י""ח",2500,ל גרם,false,1,8.90,0.36,false,1,
7290014205185,false,צלחות ענק בצבעים זהב/ קרם / בורדו/ 25 יח,ח.כהן סוכנות מזון ומשקאות בע,,,"י""ח",25,"י""ח",false,1,18.90,0.76,false,1,
7290014205697,false,אננס חתוך 565 גר`A2 שווה* (24 בקרטו,ח.כהן סוכנות מזון ומשקאות בע,,,"י""ח",600,ל גרם,false,1,7.90,1.32,true,1,
7290014205796,false,"שקיות מזון זוג בקופסה 150*2 יח ""שווה""*",ח.כהן סוכנות מזון ומשקאות בע,,,"י""ח",750,"ל מ""ל",false,1,11.90,1.59,false,1,
7290014205819,false,"שקיות אפור ""75/90 שווה""20 יח`ממוחזר",ח.כהן סוכנות מזון ומשקאות בע,,,"י""ח",20,"י""ח",false,1,17.90,0.90,true,1,
7290014205826,false,שקיות אשפה ירוק 52/65 שרוך שווה 50יח,ח.כהן סוכנות מזון ומשקאות בע,,,"י""ח",50,"י""ח",false,1,18.90,0.38,false,1,
7290014205864,false,"שקיות כתום 75/90 ""שווה"" 50יח",ח.כהן סוכנות מזון ומשקאות בע,,,"י""ח",50,"י""ח",false,1,8.90,0.18,false,1,
7290014206038,false,מאפינס נייר גדולים 20יח שווה,ח.כהן סוכנות מזון ומשקאות בע,,,"י""ח",12,"י""ח",false,1,7.90,0.66,false,1,
7290014206250,false,מפיות נייר 1/80 מעוטרות שווה,ח.כהן סוכנות מזון ומשקאות בע,,,"י""ח",80,"י""ח",false,1,6.90,0.09,true,1,
7290014206267,false,מפיות מוטבעות 15יח 3 שכבות שווה*,ח.כהן סוכנות מזון ומשקאות בע,,,"י""ח",1,"י""ח",false,1,7.90,7.90,true,1,
7290014206410,false,מארז זוג חלונות 2 ל`משאבה+מילוי שווה*,ח.כהן סוכנות מזון ומשקאות בע,,,"י""ח",2,ליטר,false,1,8.90,4.45,false,1,
7290014206526,false,שקיות מזון מרשרש 150יח *3+מדבקות שווה,ח.כהן סוכנות מזון ומשקאות בע,,,"י""ח",1,,false,1,14.90,14.90,true,1,
7290014206755,false,"צלחת גדולה""חושן"" ""שווה"" 10יח",ח.כהן סוכנות מזון ומשקאות בע,,,"י""ח",10,"י""ח",false,1,16.90,1.69,false,1,
7290014206854,false,סרדינים פלפל צ`ילי 125גר שווה מרוקו,ח.כהן סוכנות מזון ומשקאות בע,,,"י""ח",125,ל גרם,false,1,4.90,3.92,false,1,
7290014206861,false,סרדינים בשמן זית 125גר שווה,ח.כהן סוכנות מזון ומשקאות בע,,,"י""ח",125,ל גרם,false,1,5.90,4.72,false,1,
7290014206885,false,אנשובי ארוך בפח בשמן חמניות 77ג שווה,ח.כהן סוכנות מזון ומשקאות בע,,,"י""ח",77,ל גרם,false,1,6.90,8.96,false,1,
7290014206892,false,אנשובי צנצנת 100 ג` שמן חמניות שווה*,ח.כהן סוכנות מזון ומשקאות בע,,,"י""ח",100,ל גרם,false,1,12.90,12.90,false,1,
7290014206908,false,אננס שלם A2 שווה,ח.כהן סוכנות מזון ומשקאות בע,,,"י""ח",227,ל גרם,false,1,7.90,3.48,false,1,
7290014206946,false,"צלחת קטנה קשופה ""שווה"" 20יח",ח.כהן סוכנות מזון ומשקאות בע,,,"י""ח",2000,ל גרם,false,1,10.90,0.55,false,1,
7290014206953,false,"צלחת גדולה קשופה ""שווה"" 20יח",ח.כהן סוכנות מזון ומשקאות בע,,,"י""ח",2000,ל גרם,false,1,16.90,0.85,true,1,
7290014217263,false,תיבול לפרגית בקופ' 100 גר' טעם וריח,"תבליני טעם וריח בע""מ",,,"י""ח",1,,false,1,9.90,9.90,true,1,
7290014217348,false,"מיכל צ'ילי כתוש 70 גר' ""טעם וריח""","תבליני טעם וריח בע""מ",,,"י""ח",70,ל גרם,false,1,9.90,14.14,true,1,
7290014217539,false,תערובת סוכר וקינמון בתוספת וניל מיכל 150ג',תבליני טעם וריח בעמ,,,"י""ח",150,ל גרם,false,1,9.90,6.60,true,1,
7290014218321,false,בורקס אישי יפו גבינה מעדנות 600 גרם,תנובה מרכז שיתופי לשיווק תוצרת,,,"י""ח",600,ל גרם,false,1,19.90,3.32,false,1,
7290014218932,false,חטיפי פיצה בתוספ זיתים בשקית מעדנות 710 גרם,מיוצר עי קונדיטוריית,,,"י""ח",710,ל גרם,false,1,37.90,5.34,false,1,
7290014256620,false,"יין מבעבע קריניאנו באזז יקבי כרמל 750 מ""ל",אגודת הכורמים -כרמל מזרחי,,,"י""ח",750,"ל מ""ל",false,1,27.90,3.68,true,1,
7290014288058,false,"להבונים 50 שקית ""שווה""",ח.כהן סוכנות מזון ומשקאות בע,,,"י""ח",1,,false,1,10.90,10.90,true,1,
7290014288072,false,כריות יפניות רביעייה שווה,ח.כהן סוכנות מזון ומשקאות בע,,,"י""ח",1,"י""ח",false,1,6.90,6.90,false,1,
7290014288089,false,סרטי קירצוף זוגות שווה איכותי,ח.כהן סוכנות מזון ומשקאות בע,,,"י""ח",10,"י""ח",false,1,5.90,0.59,false,1,
7290014288096,false,מטליות מיקרופייבר 5* ניקוי כלל שווה,ח.כהן סוכנות מזון ומשקאות בע,,,"י""ח",3,"י""ח",false,1,9.90,3.30,false,1,
7290014288119,false,"ממרקות מתכת 4 יח ""שווה"" *",ח.כהן סוכנות מזון ומשקאות בע,,,"י""ח",1,,false,1,5.90,5.90,false,1,
7290014288195,false,מפת שולחן אל בד 1.8/1.1,ח.כהן סוכנות מזון ומשקאות בע,,,"י""ח",1.80,מטר,false,1,6.90,3.83,false,1,
7290014288201,false,מארז מטליות מיקרופייבר שווה,ח.כהן סוכנות מזון ומשקאות בע,,,"י""ח",400,"ל מ""ל",false,1,12.90,3.23,false,1,
7290014288317,false,עלי טורטייה שווה 6 יח' 420 גרם,ח.כהן סוכנות מזון ומשקאות בע,,,"י""ח",320,ל גרם,false,1,10.90,3.41,true,1,
7290014288324,false,עלי טורטייה מקמח מלא שווה 8 יח' 320 גרם,ח.כהן סוכנות מזון ומשקאות בע,,,"י""ח",320,ל גרם,false,1,10.90,3.41,true,1,
7290014288331,false,נודלס HOT CUP טעם עוף 60ג שווה*,ח.כהן סוכנות מזון ומשקאות בע,,,"י""ח",60,ל גרם,false,1,4.90,8.17,true,1,
7290014288348,false,נודלס טעם ירקות 60ג שווה,ח.כהן סוכנות מזון ומשקאות בע,,,"י""ח",60,ל גרם,false,1,4.90,8.17,true,1,
7290014288355,false,נודלס HOT CUP טעם בקר 60ג שווה*,ח.כהן סוכנות מזון ומשקאות בע,,,"י""ח",60,ל גרם,false,1,4.90,8.17,true,1,
7290014288379,false,"ערמונים 100 גר` ""שווה""",ח.כהן סוכנות מזון ומשקאות בע,,,"י""ח",100,ל גרם,false,1,5.90,5.90,true,1,
7290014288454,false,"נרות חנוכה מיוחדים מהודרים ""שווה"" *",ח.כהן סוכנות מזון ומשקאות בע,,,"י""ח",1,,false,1,7.90,7.90,false,1,
7290014288461,false,נר נשמה שווה 24 שעות,ח.כהן סוכנות מזון ומשקאות בע,,,"י""ח",1,,false,1,2.90,2.90,true,1,
7290014288584,false,נייר אפיה 50 יחידות איכותי שווה*,ח.כהן סוכנות מזון ומשקאות בע,,,"י""ח",50,"י""ח",false,1,9.90,0.20,true,1,
7290014288645,false,מגבונים מגבופיל 72יח שווה,ח.כהן סוכנות מזון ומשקאות בע,,,"י""ח",72,"י""ח",false,1,18.90,0.26,true,1,
7290014288720,false,כוסות וודקה 350CC שווה,ח.כהן סוכנות מזון ומשקאות בע,,,,10,"י""ח",false,1,9.90,0.99,false,1,
7290014288843,false,נרות שבת מספרים שווה,ח.כהן סוכנות מזון ומשקאות בע,,,"י""ח",1,,false,1,3.90,3.90,false,1,
7290014288980,false,נייר טישו חמישיה (10 יח בקרטון) שווה*,ח.כהן סוכנות מזון ומשקאות בע,,,"י""ח",5,"י""ח",false,1,12.90,2.58,false,1,
7290014298200,false,"בקבוקי שתייה ילדים 500 מ""ל",מוסקו בעמ,,,"י""ח",1,,false,1,29.90,29.90,false,1,
7290014298217,false,"בקבוק שתיה קטן 350 מ""ל",מוסקו בעמ,,,"י""ח",1,,false,1,24.90,24.90,false,1,
7290014325036,false,סוכריות ג'לי עטופות שמחות מיה 600 גרם,מיה תעשיות מזון מ.ת.מ. בעמ,,,"י""ח",750,ל גרם,false,1,26.20,3.49,true,1,
7290014397279,false,שקיות מזון גדולות XL סנו סושי 300 יחידות,החברה הדרומית לשיווק בעמ,,,"י""ח",1,,false,1,12.90,12.90,false,1,
7290014397675,false,סנו מקסימה מרכך כביסה חלב ודבש 4 ליטר,החברה הדרומית לשיווק בעמ,,,"י""ח",4,ליטר,false,1,21.90,5.48,false,1,
7290014397774,false,ריצפז פרש הום טבע רענן 2ל לרצפה,החברה הדרומית לשיווק בעמ,,,"י""ח",1.45,ליטר,false,1,22.90,15.79,false,1,
7290014397781,false,סנו ריצפז פרש הום 2 ליטר בניחוח סבון,החברה הדרומית לשיווק בעמ,,,"י""ח",1.45,ליטר,false,1,22.90,15.79,false,1,
7290014426061,false,משחת שיניים הלו קיטי בטעם ענבים לגיל 2-6,גורי ע.ע.ע. בע`מ,,,"י""ח",50,ל גרם,false,1,13.80,27.60,false,1,
7290014435704,false,סלמון מעושן פרוס 100ג(שמיר),שבעת הימים - שמיר,,,"י""ח",100,ל גרם,false,1,25.90,25.90,false,1,
7290014435803,false,מטיאס הולנדי (פרובנציאל) עם בצל בשמן 180 גרם,שבעת הימים - שמיר,,,"י""ח",180,ל גרם,false,1,19.90,11.06,false,1,
7290014435810,false,נתחי הרינג כבוש עם בצל במרינת חמוץ מתוק שמיר 220 גרם,שבעת הימים - שמיר,,,"י""ח",180,ל גרם,false,1,19.90,11.06,false,1,
7290014435834,false,מקרל מעושן פרוס בשמן שמיר 180 גרם,שבעת הימים - שמיר,,,"י""ח",180,ל גרם,false,1,26.90,14.94,false,1,
7290014435896,false,סלט סלמון עם מיונז שמיר 180 גרם,שבעת הימים - שמיר,,,"י""ח",200,ל גרם,false,1,23.90,11.95,false,1,
7290014455252,false,גבינת גרנה פדנו מגורדת 29% גד (100 גרם),מחלבות גד שיווק 1992 בעמ,,,"י""ח",100,ל גרם,false,1,12.40,12.40,true,1,
7290014459373,false,"צ'יפס קראנצ'י לתנור קפוא תפוגן 1.5ק""ג",קבוצת אוסם סחר שותפות מוגבלת,,,"י""ח",1.50,"ק""ג",false,1,26.40,17.60,false,1,
7290014466609,false,יין גמלא מרלו עברית 2018*,היכל היין שקד גולן בעמ,,,"י""ח",1,,false,1,65.90,65.90,true,1,
7290014471412,false,"מוזלי בוטנים אגוזים ושקדים 1 ק""ג - 412 ירוק שקדיה",דין שיווק וקליה 2021 בעמ,,,"י""ח",0,"ק""ג",false,1,19.90,19.90,true,1,
7290014472426,false,קונפיטורה דובדבן 70% פרי 450 גרם שקדיה,דין שיווק וקליה 2021 בעמ,,,"י""ח",450,ל גרם,false,1,13.90,3.09,false,1,
7290014472440,false,קונפיטורה תפוז 70% פרי 450 גרם שקדיה,דין שיווק וקליה 2021 בעמ,,,"י""ח",450,ל גרם,false,1,13.90,3.09,false,1,
7290014503137,false,יין אדום יבש יובלים יקב דלתון (750 מל),הכרם - משקאות חריפים בעמ,,,"י""ח",750,"ל מ""ל",false,1,44.90,5.95,true,1,
7290014525306,false,חטיפי סלים דליס קריספי אוכמניות מרבה 125 גרם,סלים דליס Slim Delis,,,"י""ח",120,ל גרם,false,1,13.90,11.58,true,1,
7290014525313,false,חטיפי סלים דליס קריספי שוקולד מרבה 125 גרם,סלים דליס Slim Delis,,,"י""ח",120,ל גרם,false,1,13.90,11.58,true,1,
7290014525665,false,מרבה על חלל עוגיות קקאו וסוכריות שוק חלב 140 יח',ש.שסטוביץ בעמ,,,"י""ח",140,ל גרם,false,1,10.90,7.79,false,1,
7290014525672,false,מרבה על חלל עוגיות קקאו וסוכריות שוקולד חלב 140 גרם,ש.שסטוביץ בעמ,,,"י""ח",140,ל גרם,false,1,10.90,7.79,false,1,
7290014673359,false,מלח לימון תבליני מימון (400 גרם),א.ל. ייצור ושיווק תבלינים בע`מ,,,"י""ח",400,ל גרם,false,1,21.90,5.48,false,1,
7290014673373,false,פפריקה הונגרית חריפה תבליני מימון 250 גרם,א.ל.ייצור ושיווק תבלינים בעמ,,,"י""ח",250,ל גרם,false,1,21.90,8.76,false,1,
7290014673380,false,כמון טחון תבליני מימון 250 גרם,א.ל. ייצור ושיווק תבלינים בע`מ,,,"י""ח",250,ל גרם,false,1,21.90,8.76,false,1,
7290014673434,false,פלפל שחור גרוס דק שקית תבליני מימון 80גרם,א.ל.ייצור ושיווק תבלינים בעמ,,,"י""ח",80,ל גרם,false,1,9.90,12.38,false,1,
7290014692541,false,צהובה מגורדת גולדן 500 גרם ויליפוד,ג.וילי-פוד אינטרנשיונל **גבינו,,,"י""ח",500,ל גרם,false,1,19.90,3.98,false,1,
7290014692565,false,גרעיני תירס מתוק וילי פוד (320 גרם),ג.וילי-פוד אינטרנשיונל בעמ,,,"י""ח",320,ל גרם,false,1,5.90,1.84,true,1,
7290014692817,false,גבינת מוצרלה מגורדתEURO CHEESE ויליפוד 200 גרם,ג.וילי-פוד אינטרנשיונל **גבינו,,,"י""ח",200,ל גרם,false,1,13.90,6.95,false,1,
7290014749245,false,ספיישל רצועות שניצל שומשום עוף טוב 600 גרם,קבוצת אוסם סחר שותפות מוגבלת,,,"י""ח",700,ל גרם,false,1,39.90,5.70,true,1,
7290014749764,false,עוף טוב שניצל עוף ביתי עדין כזה 700 גרם,קבוצת אוסם סחר שותפות מוגבלת,,,"י""ח",700,ל גרם,false,1,33.90,4.84,true,1,
7290014749788,false,צ'ונגו-רצועות שניצל בציפוי צ'יפס עוף טוב 600 גרם,קבוצת אוסם סחר-שות.מוגבלת,,,"י""ח",700,ל גרם,false,1,39.90,5.70,true,1,
7290014758100,false,מאגדת יוגורט ביו 3% שומן 8 יח' *150ג' תנובה,מיוצר עי קונדיטוריית,,,"י""ח",1.20,ליטר,false,1,17.30,14.42,true,1,
7290014758117,false,מאגדת יוגורט ביו 1.5% שומן 8 יח' *150 ג' תנובה,מיוצר עי קונדיטוריית,,,"י""ח",1.20,ליטר,false,1,17.30,14.42,true,1,
7290014758162,false,חלב עיזים מלא 3.6% שומן תנובה (1 ליטר),תנובה מרכז שיתופי לש,,,"י""ח",1,ליטר,false,1,15.70,15.70,false,1,
7290014758681,false,גבינת קוטג`1% בגביע תנובה (250 גרם),מיוצר עי קונדיטוריית,,,"י""ח",275,ל גרם,false,1,5.90,2.15,false,1,
7290014759084,false,גבינת שמנת נפוליאון 16% מופחת שומן תנובה 225 גרם,תנובה מרכז שיתופי לש,,,"י""ח",225,ל גרם,false,1,15,6.67,false,1,
7290014760134,false,"מעדן סויה בטעם וניל תנובה 125 מ""ל","תנובה בע""מ ***",,,"י""ח",125,"ל מ""ל",false,1,4.70,3.76,false,1,
7290014760141,false,משקה שקדים טרי תנובה (1 ליטר),"תנובה בע""מ ***",,,"י""ח",1,ליטר,false,1,13.90,13.90,true,1,
7290014760912,false,גבינה צהובה 28% מהדרין גוש חלב (400 גרם),תנובה מרכז שיתופי לש,,,"י""ח",400,ל גרם,false,1,26.10,6.53,false,1,
7290014761018,false,גיל בטעם וניל תנובה 125 גרם,תנובה מרכז שיתופי לש,,,"י""ח",125,"ל מ""ל",false,1,1.50,1.20,false,1,
7290014761056,false,מעדן שוקולד חלב יולו תנובה 123 גרם,מיוצר עי קונדיטוריית,,,"י""ח",123,"ל מ""ל",false,1,5,4.07,true,1,
7290014761063,false,מעדן שוקולד מריר יולו תנובה 123 גרם,מיוצר עי קונדיטוריית,,,"י""ח",123,"ל מ""ל",false,1,5,4.07,true,1,
7290014761070,false,מעדן שוקולד לבן יולו תנובה 123 גרם,מיוצר עי קונדיטוריית,,,"י""ח",123,"ל מ""ל",false,1,5,4.07,true,1,
7290014761254,false,"שמיניית יוגורט ביו 3% תנובה 150 גרם בד""ץ",תנובה מרכז שיתופי לש,,,"י""ח",1.20,ליטר,false,1,17.70,14.75,true,1,
7290014761414,false,יולו מעדן שכבות שוקולד חלב ולבן 123 גר,מיוצר עי קונדיטוריית,,,"י""ח",123,"ל מ""ל",false,1,5,4.07,true,1,
7290014761438,false,פיראוס בולגרית קלאסית 24% סמי מעדניה 400,תנובה מרכז שיתופי לש,,,"י""ח",400,ל גרם,false,1,26.90,6.73,false,1,
7290014761612,false,מעדן שכבות שוקולד מריר ולבן יולו 122 גרם,מיוצר עי קונדיטוריית,,,"י""ח",123,"ל מ""ל",false,1,5,4.07,true,1,
7290014761698,false,"גבינת עמק 28% סמי חצי קשה 600 גרם בד""ץ",תנובה מרכז שיתופי לש,,,"י""ח",600,ל גרם,false,1,31.90,5.32,false,1,
7290014762800,false,מעדן סויה שוקולד גביע 125 גרם אלטרנטיב,תנובה מרכז שיתופי לש,,,"י""ח",125,"ל מ""ל",false,1,4.70,3.76,false,1,
7290014762831,false,גבינת שמנת נפוליאון 16% עם פלפל חלפיניו תנובה 225 גרם,תנובה מרכז שיתופי לש,,,"י""ח",225,ל גרם,false,1,15,6.67,false,1,
7290014762909,false,פתיתי מוצרלה השף הלבן 10% תוספת מתנה,"תנובה, מחלבת תל יוסף",,,"י""ח",200,ל גרם,false,1,17.90,8.95,false,1,
7290014789913,false,עוגיות אוראו קרם בטעם וניל מארז 176 גרם,דיפלומט מפיצים (1968) בעמ**,,,"י""ח",352,ל גרם,false,1,23.90,6.79,true,1,
7290014791091,false,"שוופס מוגז פירות לימונייד 500 מ""ל",יפאורה - שותפות מוגבלת לשיווק,,,"י""ח",500,"ל מ""ל",false,1,6.50,1.24,true,1,
7290014791626,false,שוופס סודה נענע ליים 250 מל זכוכית,יפאורה שותפות מוגבלת לשיווק,,,"י""ח",250,"ל מ""ל",false,1,4.30,1.60,true,1,
7290014791725,false,"שוופס מוגז פירות תפוחים 500 מ""ל",יפאורה - שותפות מוגבלת לשיווק,,,"י""ח",500,"ל מ""ל",false,1,6.50,1.24,true,1,
7290014855434,false,מגבונים בייביסיטר פרפורמנס מבושם רביעיה,בייביסיטר Babysitter,,,"י""ח",1,,false,1,16.90,16.90,true,1,
7290014855458,false,מגבוני בייביסיטר פרפורמנס ללא בישום מארז 72X4יח',בייביסיטר Babysitter,,,"י""ח",1,,false,1,16.90,16.90,true,1,
7290014860070,false,"מקלוני אורז ללא גלוטן 5 מ""מ 454גר' (אור)",מזרח ומערב יבוא ושיווק,,,"י""ח",454,ל גרם,false,1,10.90,2.40,true,1,
7290014905160,false,"הפי מטהר אוויר פניני ריח בניחוחות, 130 גרם","יעקב יעקבי ובניו בע""מ",,,"י""ח",1,,false,1,9.90,9.90,false,1,
7290014905207,false,"הג'ל הכחול לניקוי האסלה יעקבי 750 מ""ל",יעקב יעקבי ובניו בעמ,,,"י""ח",750,"ל מ""ל",false,1,9.90,1.32,false,1,
7290014905344,false,"הפי תרסיס קצף לניקוי שטיחים יעקביי 623 מ""ל",יעקב יעקבי ובניו בעמ,,,"י""ח",650,"ל מ""ל",false,1,24.90,3.83,false,1,
7290014905689,false,"נוזל כלים הפי מרוכז 24% תפוח 750 מ""ל","יעקב יעקבי ובניו בע""מ",,,"י""ח",750,"ל מ""ל",false,1,7.90,1.05,false,1,
7290014940901,false,לחם פשוט מלא לילדים פרוס אנג`ל (750 גרם),מאפיית שלמה א. אנג'\ל בע,,,"י""ח",750,ל גרם,false,1,14.50,1.93,false,1,
7290015005555,false,"צ'יפס אמריקאי 2 ק""ג פרי הגליל",ויטה- פרי גליל (החדשה) בעמ,,,"י""ח",2,"ק""ג",false,1,27.90,13.95,false,1,
7290015014168,false,בייבי מיקס רמי לוי,ביכורי השדה צפון 1994 ג.ד. בעמ,,,"י""ח",300,ל גרם,false,1,9.90,3.30,false,1,
7290015014182,false,לבבות קיסר בנספק רמי לוי,ביכורי השדה צפון 1994 ג.ד. בעמ,,,"י""ח",300,ל גרם,false,1,12.90,4.30,true,1,
7290015014472,false,קורנית(בוסתן),ביכורי השדה צפון 1994 ג.ד. בעמ,,,"י""ח",1,,false,1,6.90,6.90,false,1,
7290015014922,false,שרי צהוב ארוז שמיטה,ביכורי השדה צפון 1994 ג.ד. בעמ,,,"י""ח",1,,false,1,12.90,12.90,false,1,
7290015027021,false,עוגות שמרים פרימיום 500גר,הלל בן הלל שיווק ומסחר בעמ,,,"י""ח",500,ל גרם,false,1,21.90,4.38,false,1,
7290015037655,false,כרובית 600 גרם מהדרין אוצר הארץ י.ע.ל.,ביכורי השדה הצפון בעמ` 1964,,,"י""ח",600,ל גרם,false,1,29.90,4.98,false,1,
7290015039055,false,"רוטב צ'ילי חריף תאילנדי וילי פוד 700 מ""ל",ג.וילי פוד אינטרנשיונל בעמ,,,"י""ח",700,"ל מ""ל",false,1,9.90,1.41,false,1,
7290015039246,false,נתחי טונה בשמן צמחי רביעיה * 160 ג' וילי פוד,ג.וילי-פוד אינטרנשיונל בעמ,,,"י""ח",640,ל גרם,false,1,22.90,3.58,false,1,
7290015039253,false,עלי גפן במי מלח ויליפוד 620 גרם,ג. וילי-פוד אינטרנשיונל בע`מ,,,"י""ח",620,ל גרם,false,1,9.90,1.60,false,1,
7290015039338,false,נתחי טונה במי מלח רביעיה * 160 ג' וילי פוד,ג.וילי-פוד אינטרנשיונל בעמ,,,"י""ח",640,ל גרם,false,1,22.90,3.58,false,1,
7290015139250,false,"שוקולד מריר פצפוצי אורז כרמית 85 גרם לל""ס",כרמית תעשיות ממתקים בעמ,,,"י""ח",85,ל גרם,false,1,7.50,8.82,true,1,
7290015139557,false,חופשי ופל שוקו ללא גלוטן כרמית 200 גרם,כרמית תעשיות ממתקים בעמ,,,"י""ח",200,ל גרם,false,1,11.90,5.95,false,1,
7290015150088,false,מחית עגבניות קלה גרנד איטליה 700 גרם,תה ויסוצקי (ישראל) בעמ,,,"י""ח",700,ל גרם,false,1,13.90,1.99,true,1,
7290015150118,false,שלישיית עגבניות חתוכות דק גרנד איטליה 400 גרם,תה ויסוצקי (ישראל) בעמ,,,"י""ח",400,ל גרם,false,1,18.90,4.73,false,1,
7290015155847,false,מחית סלט פירות חטיפטף ללא תוספת סוכר,גורי מוצרי צריכה (1991) בעמ,,,"י""ח",120,ל גרם,false,1,6.90,5.75,true,1,
7290015282000,false,איקרא אדומה SEVEN SEAS 200 גרם,שבעת הימים - שמיר,,,"י""ח",200,ל גרם,false,1,14.90,7.45,false,1,
7290015282390,false,סלט תורכי 200 גרם שמיר,"סלטי שמיר 2006 בע""מ",,,"י""ח",200,ל גרם,false,1,12.90,6.45,true,1,
7290015282581,false,חומוס אבו גוש עם חריף שמיר 200 גרם,"סלטי שמיר 2006 בע""מ",,,"י""ח",200,ל גרם,false,1,11.90,5.95,true,1,
7290015282598,false,חומוס מסעדות גורמה שמיר 200 גרם,"סלטי שמיר 2006 בע""מ",,,"י""ח",200,ל גרם,false,1,11.90,5.95,true,1,
7290015282604,false,טחינה מיוחדת גורמה שמיר 200 גרם,"סלטי שמיר 2006 בע""מ",,,"י""ח",200,ל גרם,false,1,11.90,5.95,true,1,
7290015282628,false,חציל בטעם כבד גורמה שמיר 200 גרם,"סלטי שמיר 2006 בע""מ",,,"י""ח",200,ל גרם,false,1,12.90,6.45,true,1,
7290015282635,false,חומוס מסבחה גורמה שמיר 200 גרם,"סלטי שמיר 2006 בע""מ",,,"י""ח",200,ל גרם,false,1,11.90,5.95,true,1,
7290015282642,false,חומוס אבו גוש גורמה שמיר 200 גרם,"סלטי שמיר 2006 בע""מ",,,"י""ח",200,ל גרם,false,1,11.90,5.95,true,1,
7290015282673,false,חציל במיונז ביתי גורמה שמיר 200 גרם,"סלטי שמיר 2006 בע""מ",,,"י""ח",200,ל גרם,false,1,11.90,5.95,true,1,
7290015282680,false,קישוא בטעם כבד גורמה שמיר 200 גרם,"סלטי שמיר 2006 בע""מ",,,"י""ח",200,ל גרם,false,1,12.90,6.45,true,1,
7290015282697,false,כרוב אדום שמיר גורמה 200גר,"סלטי שמיר 2006 בע""מ",,,"י""ח",200,ל גרם,false,1,12.90,6.45,true,1,
7290015282710,false,קוביות סלק גורמה שמיר 200 גרם,"סלטי שמיר 2006 בע""מ",,,"י""ח",200,ל גרם,false,1,11.90,5.95,true,1,
7290015282727,false,גזר מרוקאי ברוטב פיקנטי אסלי שמיר 200 ג',"סלטי שמיר 2006 בע""מ",,,"י""ח",200,ל גרם,false,1,12.90,6.45,true,1,
7290015282734,false,מטבוחה ביתית גורמה שמיר 200 גרם,"סלטי שמיר 2006 בע""מ",,,"י""ח",200,ל גרם,false,1,12.90,6.45,true,1,
7290015282741,false,חציל תאילנדי אסלי שמיר 200 ג',"סלטי שמיר 2006 בע""מ",,,"י""ח",200,ל גרם,false,1,12.90,6.45,true,1,
7290015282796,false,"סלט תפו""א שמיר במיונז 200ג'","סלטי שמיר 2006 בע""מ",,,"י""ח",200,ל גרם,false,1,12.90,6.45,true,1,
7290015324007,false,פלפל שחור גרוס 80 גר' טעם וריח,"תבליני טעם וריח בע""מ",,,"י""ח",1,,false,1,10.90,10.90,false,1,
7290015324014,false,"פלפל שחור טחון בשקית 80 גרם ""טעם וריח""","תבליני טעם וריח בע""מ",,,"י""ח",1,,false,1,10.90,10.90,false,1,
7290015324038,false,פפריקה מתוקה בשמן 100 גרם טעם וריח,"תבליני טעם וריח בע""מ",,,"י""ח",1,,false,1,5.90,5.90,false,1,
7290015324052,false,פפריקה מתוקה 80 גר' טעם וריח,"תבליני טעם וריח בע""מ",,,"י""ח",1,,false,1,5.90,5.90,false,1,
7290015324083,false,מלח לימון 80 גר' טעם וריח,"תבליני טעם וריח בע""מ",,,"י""ח",1,,false,1,5.90,5.90,false,1,
7290015324090,false,כמון טחון 80 גר' טעם וריח,"תבליני טעם וריח בע""מ",,,"י""ח",1,,false,1,5.90,5.90,false,1,
7290015324106,false,כורכום טחון 80 גר' טעם וריח,"תבליני טעם וריח בע""מ",,,"י""ח",1,,false,1,5.90,5.90,false,1,
7290015324151,false,חוואיג' למרק 80 גר' טעם וריח,"תבליני טעם וריח בע""מ",,,"י""ח",1,,false,1,5.90,5.90,false,1,
7290015324540,false,טימין מיכל גדול 30 גרם,"תבליני טעם וריח בע""מ",,,"י""ח",30,ל גרם,false,1,9.90,33,true,1,
7290015324571,false,פפריקה מתוקה בשמן בסגנון מרוקאי 400גרם.,"תבליני טעם וריח בע""\מ",,,"י""ח",400,ל גרם,false,1,19.90,4.98,false,1,
7290015324687,false,מטחנת לקט פלפל 50 ג' טעם וריח,תבליני טעם וריח בעמ,,,"י""ח",30,ל גרם,false,1,14.90,49.67,true,1,
7290015347273,false,נטיפי שוקולד לאפייה שוקולדמריר 250גר,מיה תעשיות מזון מ.ת.מ. בעמ,,,"י""ח",250,ל גרם,false,1,10.90,4.36,false,1,
7290015347358,false,סודה לשתיה בקרטונית מיה 50 גרם,מיה תעשיות מזון מ.ת.מ. בעמ,,,"י""ח",150,ל גרם,false,1,2.50,1.67,false,1,
7290015348423,false,מיץ ענבים סגל משפחות 1 ליטר,טמפו משקאות בעמ,,,"י""ח",7.50,"י""ח",false,1,15.90,2.08,true,1,
7290015350143,false,סגל FREE RUN מרלו יין אדום יבש 750 מל,סי.זי.איי.אס בעמ,,,"י""ח",750,"ל מ""ל",false,1,59.90,7.95,true,1,
7290015366663,false,"משחת שיניים מנטה עדין אקווה פרש 100 מ""ל",גלקסוסמיתקליין,,,"י""ח",100,ל גרם,false,1,7.90,7.90,true,1,
7290015603560,false,"שימורי קרם קוקוס 20-22% 400 מ""ל (ASIATIC)(כ)",אסיאטיק אגרו אינדוסטרי,,,"י""ח",400,"ל מ""ל",false,1,10.90,2.73,false,1,
7290015644297,false,שישיית לחמניות פשוט מלא אנג'ל 450 גרם,מאפיית שלמה א. אנג'\ל בע,,,"י""ח",6,"י""ח",false,1,12.90,2.15,false,1,
7290015644433,false,לחם מחמצת 100% שיפון קל אנג'ל 600 גרם,מאפיית שלמה א. אנג'\ל בע,,,"י""ח",650,ל גרם,false,1,16.90,2.60,false,1,
7290015652087,false,תערובת פיצוחים בשקית ששון הקולה 150 גרם,דין שיווק וקליה 2021 בעמ,,,"י""ח",150,ל גרם,false,1,14.90,9.93,false,1,
7290015652254,false,גרעיני חמניה קלויים ששון הקולה (400 גרם),דין שיווק וקליה 2021 בעמ,,,"י""ח",400,ל גרם,false,1,9.90,2.48,true,1,
7290015652278,false,תערובת פיצוחים ששון הקולה 300 גרם,דין שיווק וקליה 2021 בעמ,,,"י""ח",250,ל גרם,false,1,20,8,false,1,
7290015652285,false,אגוזים קלופים ששון הקולה 250 גרם,דין שיווק וקליה 2021 בעמ,,,"י""ח",250,ל גרם,false,1,20,8,false,1,
7290015652292,false,קבוקים עם שומשום ששון הקולה 400 גרם,דין שיווק וקליה 2021 בעמ,,,"י""ח",400,ל גרם,false,1,10,2.50,false,1,
7290015652308,false,מנצ'ס ששון הקולה 400 גרם,דין שיווק וקליה 2021 בעמ,,,"י""ח",300,ל גרם,false,1,10,3.33,false,1,
7290015652315,false,חמוציות מסוכרות ששון הקולה (300 גרם),דין שיווק וקליה 2021 בעמ,,,"י""ח",300,ל גרם,false,1,10,3.33,false,1,
7290015652322,false,בוטנים אמריקאיים מצופים 400 גר ששון הקלה,דין שיווק וקליה 2021 בעמ,,,"י""ח",400,ל גרם,false,1,10,2.50,false,1,
7290015652407,false,פיסטוק קלוי ששון הקולה (250 גרם),דין שיווק וקליה 2021 בעמ,,,"י""ח",250,ל גרם,false,1,20,8,false,1,
7290015710084,false,ביצים L ארוזות 12 יחידות,ביצי משק דוידי בעמ,,,"י""ח",12,"י""ח",false,1,11.45,0.95,false,1,
7290015719100,false,כרוב לבן מהדרין,ביכורי השדה צפון 1994 ג.ד. בעמ,,,"ק""ג",1,,true,1,4.90,4.90,false,1,
7290015781008,false,"יין VISION מרלו אדום טפרברג 750 מ""ל",יקב טפרברג 1870 בעמ (יינות ומש,,,"י""ח",750,"ל מ""ל",false,1,39.90,5.28,true,1,
7290015781053,false,יין לבן יבש ויזון יקב טפרברג (750 מל),יקב טפרברג 1870 בעמ (יינות ומש,,,"י""ח",750,"ל מ""ל",false,1,39.90,5.28,true,1,
7290015781091,false,"יין VISION קברנה סוביניון טפרברג 750 מ""ל",יקב טפרברג 1870 בעמ (יינות ומש,,,"י""ח",750,"ל מ""ל",false,1,39.90,5.28,true,1,
7290015804394,false,רסק עגבניות 22% 260 ג' טל וטרי,ויטה- פרי גליל (החדשה) בעמ,,,"י""ח",600,ל גרם,false,1,3.90,0.65,true,1,
7290015804400,false,עגבניות מרוסקות טל 250 גרם,ויטה- פרי גליל (החדשה) בעמ,,,"י""ח",600,ל גרם,false,1,3.90,0.65,true,1,
7290015821728,false,נר נשמה בכוס פלסטיק 48,פאלאס תעשיות נטו (2014) בעמ,,,"י""ח",1,,false,1,5.20,5.20,false,1,
7290015858106,false,"ממרח פסטו ביתי 180 גרם ""עללחם""",שטראוס גרופ בעמ/מצונן,,,"י""ח",180,ל גרם,false,1,17.90,9.94,true,1,
7290015858151,false,ממרח שום 180 גרם עללחם בית יוסף,שטראוס גרופ בעמ/מצונן,,,"י""ח",180,ל גרם,false,1,15.90,8.83,true,1,
7290015858328,false,עללחם ממרח איולי פסטו 295 גרם,"מדשא תעשיות מזון בע""\מ",,,"י""ח",295,ל גרם,false,1,14.90,5.05,true,1,
7290015858694,false,עללחם ממרח איולי שום לימון 295 גרם,"מדשא תעשיות מזון בע""\מ",,,"י""ח",295,ל גרם,false,1,14.90,5.05,true,1,
7290015872096,false,חומוס סלטי שמיר 700 גרם,"סלטי שמיר 2006 בע""מ",,,"י""ח",700,ל גרם,false,1,10.90,1.56,true,1,
7290015872553,false,חומוס של מסעדה שמיר 700 גרם,"סלטי שמיר 2006 בע""מ",,,"י""ח",0.70,"ק""ג",false,1,13.90,19.86,true,1,
7290015951227,false,"יין גמלא השמורה סירה 2021 750 מ""ל",מיוצר וממולא על ידי יקב,,,"י""ח",750,"ל מ""ל",false,1,63.90,8.48,true,1,
7290015951869,false,"יין הר חרמון רוזה 750 מ""ל",מיוצר וממולא על ידי יקב,,,"י""ח",750,"ל מ""ל",false,1,36.90,4.88,true,1,
7290015968782,false,פדים להסרת איפור במארז 80X3 יח',אינטרסן (1996) בעמ,,,"י""ח",3,"י""ח",false,1,17.90,5.97,true,1,
7290016006292,false,נקטר מנגו בננה מלון קרטונית 1 ל' ספרינג,יפאורה שותפות מוגבלת לשיווק,,,"י""ח",1,ליטר,false,1,6.90,6.90,true,1,
7290016006339,false,מים מינרלים מי עדן (1x4 ליטר),יפאורה שותפות מוגבלת לשיווק,,,"י""ח",9,ליטר,false,1,11.90,1.19,false,1,
7290016006346,false,שוופס סודה 0.5 ליטר מארז שישייה,יפאורה שותפות מוגבלת לשיווק,,,"י""ח",300,"ל מ""ל",false,1,14.90,4.37,true,1,
7290016076035,false,רביעיית פיתות פרנה ארוך,מגוון שיווק והפצת מאפים בעמ,,,"י""ח",1,,false,1,14.90,14.90,false,1,
7290016077759,false,רוטב ברביקיו קלאסי היינץ 480 גרם,דיפלומט מפיצים (1968) בעמ**,,,"י""ח",480,ל גרם,false,1,18.90,3.94,false,1,
7290016077766,false,"שעועית אפויה ""היינץ"" 453 גרם",דיפלומט מפיצים (1968) בעמ**,,,"י""ח",410,ל גרם,false,1,10.90,2.66,false,1,
7290016087499,false,פריניר עגבניות חתוכות דק שלישיה 3 * 400 גרם,ח.כהן סוכנות מזון ומשקאות בע,,,"י""ח",400,ל גרם,false,1,13.90,3.48,false,1,
7290016096491,false,נתחי טונה בהירה בשמן צמחי שלישיה *80ג' פילטונה,תעשיות פיל טונה בעמ,,,"י""ח",240,ל גרם,false,1,11.90,4.96,true,1,
7290016096811,false,רביעיית ממרח טונה פילטונה 160 גר'*4,תעשיות פילטונה בעמ,,,"י""ח",160,ל גרם,false,1,21.90,13.69,false,1,
7290016106411,false,פרוסות מנגו 425 גרם בסירופ קל,לונגהי גואנגפה פוד ב,,,"י""ח",900,ל גרם,false,1,6.90,0.77,false,1,
7290016136739,false,GFREE פתיתי פוזילי על בסיס קמח תירס וקמח,גורי מוצרי צריכה (1991) בעמ,,,"י""ח",340,ל גרם,false,1,11.40,3.35,false,1,
7290016144017,false,"קמח מלא נפלאות 100% ללא ניפוי 1 ק""ג",תה ויסוצקי (ישראל)בעמ,,,"י""ח",1,"ק""ג",false,1,10.90,10.90,true,1,
7290016144024,false,"קמח כוסמין מלא נפלאות 100% 1 ק""ג",תה ויסוצקי (ישראל)בעמ,,,"י""ח",1,"ק""ג",false,1,16.90,16.90,false,1,
7290016144055,false,קמח כוסמין 80% קמח נפלאות 1 קג,תה ויסוצקי (ישראל)בעמ,,,"י""ח",1,"ק""ג",false,1,15.90,15.90,false,1,
7290016144062,false,"קמח שיפון מלא נפלאות, 1 ק""ג",תה ויסוצקי (ישראל)בעמ,,,"י""ח",1,"ק""ג",false,1,11.90,11.90,false,1,
7290016144109,false,קמח פיצה מנופה נפלאות 1קג,תה ויסוצקי (ישראל)בעמ,,,"י""ח",1,"ק""ג",false,1,17.90,17.90,false,1,
7290016150117,false,סלק אדום מבושל 500 ג' בוואקום,ביג פוד כחול לבן בעמ*שיק 30 יו,,,"י""ח",500,ל גרם,false,1,9.90,1.98,true,1,
7290016162233,false,עוגיות ממולאות סוגים שונים 200 גרם קפולסקי,קפולסקי אדל בעמ,,,"י""ח",280,ל גרם,false,1,19.90,7.11,false,1,
7290016162264,false,עוגת גבינה רנסנס קפולסקי (450 גרם),קפולסקי שיווק וקמעונ,,,"י""ח",450,ל גרם,false,1,44.90,9.98,false,1,
7290016197495,false,ניקול זוג מטליות הקסם מיקרופייבר לרצפה,קימברלי קלארק ישראל שיווק בעמ,,,"י""ח",2,"י""ח",false,1,21.90,10.95,false,1,
7290016197624,false,תחבושות לנשים סופר דיפנד 8 יחידות,קימברלי קלארק ישראל שיווק בעמ,,,"י""ח",1,,false,1,21.90,21.90,true,1,
7290016197853,false,ניקול שקיות אשפה לפחים קטנים 42X45 סמ,קימברלי קלארק ישראל שיווק בעמ,,,"י""ח",50,"י""ח",false,1,19.90,0.40,false,1,
7290016217643,false,חמוצים סיני אסלי שמיר 400 גרם,"סלטי שמיר 2006 בע""מ",,,"י""ח",400,ל גרם,false,1,10.90,2.73,true,1,
7290016217735,false,חציל על האש 200גרם גורמה,"סלטי שמיר 2006 בע""מ",,,"י""ח",200,ל גרם,false,1,11.90,5.95,true,1,
7290016217759,false,חציל מרוקאי 200גרם גורמה,"סלטי שמיר 2006 בע""מ",,,"י""ח",200,ל גרם,false,1,12.90,6.45,true,1,
7290016270709,false,עגבניות שרי אשכולות,ביכורי השדה צפון 1994 ג.ד. בעמ,,,"י""ח",1,,false,1,11.90,11.90,false,1,
7290016273090,false,סוכריה על מקל בטעם תות בננה 31 גרם,אוריגינל גורמה,,,"י""ח",31,ל גרם,false,1,4.90,15.81,false,1,
7290016276800,false,מעדן תפוח עץ 100% רכיבי פרי ללא סוכר שקדיה 284 ג',דין שיווק וקליה 2021 בעמ,,,"י""ח",284,ל גרם,false,1,13.90,4.89,true,1,
7290016276831,false,תבשיל איטריות בטעם בקר 70 גרם סו שף,דין שיווק וקליה 2021 בעמ,,,"י""ח",70,ל גרם,false,1,4.90,7,false,1,
7290016276848,false,תבשיל איטריות בטעם עוף 70 גרם סו שף,דין שיווק וקליה 2021 בעמ,,,"י""ח",70,ל גרם,false,1,4.90,7,false,1,
7290016319187,false,טוסו עוגיות סנדוויץ שוקו במילוי קרם שוקולד *זוג* 300 גרם,בטר אנד דיפרנט,,,"י""ח",300,ל גרם,false,1,16.90,5.63,false,1,
7290016319309,false,סבון נוזלי מאסק קלאסי+משאבה פמלי 1 ל,הנסיך- מפעל לייצור ט,,,"י""ח",1,ליטר,false,1,12.90,12.90,false,1,
7290016321661,false,פרש וואנס SENSITIVE מגבונים ללא בישום רביעייה 72 יחידות,עלבד משואות יצחק,,,"י""ח",4,"י""ח",false,1,19.90,4.98,true,1,
7290016334050,false,סלרי חתוך.,ביכורי השדה צפון 1994 ג.ד. בעמ,,,"י""ח",1,,false,1,6.90,6.90,true,1,
7290016334166,false,לוף רגיל ארוז ליח,ביכורי השדה צפון 1994 ג.ד. בעמ,,,"י""ח",1,,false,1,9.90,9.90,false,1,
7290016334173,false,פלפל טינקרבל שמיטה,ביכורי השדה צפון 1994 ג.ד. בעמ,,,"י""ח",1,,false,1,10.90,10.90,true,1,
7290016334180,false,מלפפון בייבי רמי לוי,ביכורי השדה צפון 1994 ג.ד. בעמ,,,"י""ח",1,,false,1,8.90,8.90,true,1,
7290016334296,false,ברוקולי ארוז יחידה שמיטה,ביכורי השדה צפון 1994 ג.ד. בעמ,,,"י""ח",1,,false,1,11.90,11.90,false,1,
7290016334388,false,פלפל צ'ילי רמי לוי,ביכורי השדה צפון 1994 ג.ד. בעמ,,,"י""ח",1,,false,1,7.90,7.90,false,1,
7290016334395,false,שיבה רמי לוי,ביכורי השדה צפון 1994 ג.ד. בעמ,,,"י""ח",1,,false,1,6.90,6.90,false,1,
7290016334432,false,שורש פטרוזיליה,ביכורי השדה צפון 1994 ג.ד. בעמ,,,"י""ח",1,,false,1,6.90,6.90,false,1,
7290016334456,false,בזיליקום רמי לוי,ביכורי השדה צפון 1994 ג.ד. בעמ,,,"י""ח",1,,false,1,5.90,5.90,false,1,
7290016334463,false,ראש סלרי,ביכורי השדה צפון 1994 ג.ד. בעמ,,,"י""ח",1,,false,1,6.90,6.90,false,1,
7290016334494,false,חסה ערבית,ביכורי השדה צפון 1994 ג.ד. בעמ,,,"י""ח",1,,false,1,4.90,4.90,false,1,
7290016334500,false,לבבות חסה זוגות בשקי,ביכורי השדה צפון 1994 ג.ד. בעמ,,,"י""ח",300,ל גרם,false,1,8.90,2.97,false,1,
7290016334579,false,פטרוזיליה בוסתן,ביכורי השדה צפון 1994 ג.ד. בעמ,,,"י""ח",1,,false,1,4.90,4.90,false,1,
7290016334586,false,כוסברה בוסתן,ביכורי השדה צפון 1994 ג.ד. בעמ,,,"י""ח",1,,false,1,4.90,4.90,false,1,
7290016334593,false,שמיר ארוז,ביכורי השדה צפון 1994 ג.ד. בעמ,,,"י""ח",1,,false,1,4.90,4.90,false,1,
7290016334609,false,נענע בשקית,ביכורי השדה צפון 1994 ג.ד. בעמ,,,"י""ח",1,,false,1,4.90,4.90,false,1,
7290016334616,false,בצל ירוק רבנות,ביכורי השדה צפון 1994 ג.ד. בעמ,,,"י""ח",1,,false,1,5.90,5.90,false,1,
7290016334623,false,סלרי אמריקאי,ביכורי השדה צפון 1994 ג.ד. בעמ,,,"י""ח",1,"י""ח",false,1,5.90,5.90,false,1,
7290016334647,false,מנגולד-סלק עלים ארוז,ביכורי השדה צפון 1994 ג.ד. בעמ,,,"י""ח",1,,false,1,6.90,6.90,false,1,
7290016334654,false,תרד ניו זילנדי רמי לוי,ביכורי השדה צפון 1994 ג.ד. בעמ,,,"י""ח",200,ל גרם,false,1,14.90,7.45,false,1,
7290016334784,false,ג'ינג'ר ארוז ברכת קטיף 200 גרם,ביכורי השדה צפון 1994 ג.ד. בעמ,,,"י""ח",1,,false,1,11.90,11.90,false,1,
7290016334814,false,חסה סלנובה רמי לוי,ביכורי השדה צפון 1994 ג.ד. בעמ,,,"י""ח",1,,false,1,11.90,11.90,false,1,
7290016334883,false,שרי תמר בוסתן שמיטה,ביכורי השדה צפון 1994 ג.ד. בעמ,,,"י""ח",1,,false,1,11.90,11.90,false,1,
7290016334890,false,עגבניות שרי ליקופן,ביכורי השדה צפון 1994 ג.ד. בעמ,,,"י""ח",1,,false,1,12.90,12.90,false,1,
7290016334975,false,אספרגוס רמי לוי,ביכורי השדה צפון 1994 ג.ד. בעמ,,,"י""ח",1,,false,1,29.90,29.90,false,1,
7290016370096,false,זיתים שחורים מיובשים במלח יבנה 340 ג',קבוצת יבנה מוצרי מזון בעמ,,,"י""ח",1,,false,1,12.90,12.90,false,1,
7290016370263,false,יבנה מארז זיתים חרוזית 200*3 ג',קבוצת יבנה מוצרי מזון בעמ,,,"י""ח",600,ל גרם,false,1,13.90,2.32,false,1,
7290016370270,false,זית קלמטה מגולען 560 ג' -יבנה,"קבוצת יבנה מוצרי מזון בע""מ",,,"י""ח",560,ל גרם,false,1,11.90,2.13,false,1,
7290016372397,false,"תה ויסוצקי ירוק תפוז,ג'ינגר וכורכום 25 יח'",תה ויסוצקי (ישראל) בעמ,,,"י""ח",37.50,ל גרם,false,1,25.90,69.07,true,1,
7290016372458,false,חליטת לימונית ולואיזה הגן הקסום ויסוצקי 50 יחידות,תה ויסוצקי (ישראל) בעמ,,,"י""ח",75,ל גרם,false,1,39.90,53.20,false,1,
7290016400045,false,תבניות ארוז אינגליש *15 שווה,ח.כהן סוכנות מזון ומשקאות בע,,,"י""ח",20,"י""ח",false,1,9.90,0.50,false,1,
7290016400168,false,שקיות צליה 10יח שווה,ח.כהן סוכנות מזון ומשקאות בע,,,"י""ח",10,"י""ח",false,1,4.90,0.49,true,1,
7290016400175,false,שקיות צליה ענק 5יח שווה,ח.כהן סוכנות מזון ומשקאות בע,,,"י""ח",10,"י""ח",false,1,4.90,0.49,true,1,
7290016400243,false,מפיות נייר תלת שכבתי מעוטרות 20יח שווה,ח.כהן סוכנות מזון ומשקאות בע,,,"י""ח",10,"י""ח",false,1,6.90,0.69,true,1,
7290016400380,false,גפרורים ארוך שווה,ח.כהן סוכנות מזון ומשקאות בע,,,"י""ח",10,"י""ח",false,1,6.90,0.69,true,1,
7290016400403,false,שקיות שחור 75/90 גליל 50יח שווה,ח.כהן סוכנות מזון ומשקאות בע,,,"י""ח",50,"י""ח",false,1,14.90,0.30,false,1,
7290016400434,false,אשפתון גופיה 75/90 חזק אפור 25יח שווה,ח.כהן סוכנות מזון ומשקאות בע,,,"י""ח",25,"י""ח",false,1,17.90,0.72,true,1,
7290016400502,false,גפרורים 10 חדש שווה,ח.כהן סוכנות מזון ומשקאות בע,,,"י""ח",10,"י""ח",false,1,4,0.40,false,1,
7290016400793,false,מפיות נייר 100יח שווה,ח.כהן סוכנות מזון ומשקאות בע,,,"י""ח",100,"י""ח",false,1,5.90,0.06,true,1,
7290016401141,false,עלי טורטיה תירס שווה 8 יח' 320 גרם,ח.כהן סוכנות מזון ומשקאות בע,,,"י""ח",320,ל גרם,false,1,10.90,3.41,true,1,
7290016401158,false,נודלס 200ג דקות שווה*,ח.כהן סוכנות מזון ומשקאות בע,,,"י""ח",200,ל גרם,false,1,5.90,2.95,false,1,
7290016401165,false,נודלס 200ג רחבות שווה*,ח.כהן סוכנות מזון ומשקאות בע,,,"י""ח",200,ל גרם,false,1,5.90,2.95,false,1,
7290016401172,false,נודלס 400ג דקות שווה*,ח.כהן סוכנות מזון ומשקאות בע,,,"י""ח",400,ל גרם,false,1,7.90,1.98,false,1,
7290016401264,false,עלי גפן ממולא 400גר שווה,ח.כהן סוכנות מזון ומשקאות בע,,,"י""ח",400,ל גרם,false,1,8.90,2.23,false,1,
7290016401295,false,"רוטב צילי מתוק 700מ""ל שווה",ח.כהן סוכנות מזון ומשקאות בע,,,"י""ח",700,"ל מ""ל",false,1,11.90,1.70,false,1,
7290016401394,false,פטריות חתוך שווה 400 גרם,ח.כהן סוכנות מזון ומשקאות בע,,,"י""ח",400,ל גרם,false,1,5.90,1.48,false,1,
7290016401400,false,"פטריות שלמות 400 גר` ""שווה""",ח.כהן סוכנות מזון ומשקאות בע,,,"י""ח",400,ל גרם,false,1,8.90,2.23,false,1,
7290016401509,false,חומץ 1ליטר 5% שווה,ח.כהן סוכנות מזון ומשקאות בע,,,"י""ח",1,ליטר,false,1,6.90,6.90,false,1,
7290016401585,false,זוג רדיד אלומיניום קצר 7.5/30 שווה *,ח.כהן סוכנות מזון ומשקאות בע,,,"י""ח",1,"י""ח",false,1,10.90,10.90,false,1,
7290016401592,false,זוג ניילון נצמד ביתי שווה,ח.כהן סוכנות מזון ומשקאות בע,,,"י""ח",1,"י""ח",false,1,11.90,11.90,true,1,
7290016401844,false,תבניות רוסטר גדול עבות במיוחד *2 שווה,ח.כהן סוכנות מזון ומשקאות בע,,,"י""ח",2,"י""ח",false,1,9.90,4.95,true,1,
7290016401851,false,תבניות אובן עבות במיוחד 4* שווה,ח.כהן סוכנות מזון ומשקאות בע,,,"י""ח",4,"י""ח",false,1,9.90,2.48,true,1,
7290016401905,false,שקיות לפח קטן 40/45 שווה,ח.כהן סוכנות מזון ומשקאות בע,,,"י""ח",10,"י""ח",false,1,9.90,0.99,false,1,
7290016408294,false,"מרשמלו ורוד לבן וסטהיים 150 ג', 26 בקרטון",כרמית תעשיות ממתקים בעמ,,,"י""ח",1,,false,1,5.90,5.90,true,1,
7290016408744,false,מרשמלו טוויסטר כרמית 150 גרם,כרמית תעשיות ממתקים בעמ,,,"י""ח",150,ל גרם,false,1,5.90,3.93,true,1,
7290016408980,false,"מטבעות שוקולד חלב 36 ג' כשל""פ בד""ץ!",כרמית תעשיות ממתקים בעמ,,,"י""ח",36,ל גרם,false,1,3.60,10,true,1,
7290016523447,false,אטריות ביצים 300 ג' (כ) (fu),מזרח ומערב יבוא ושיווק,,,"י""ח",300,ל גרם,false,1,7.90,2.63,false,1,
7290016564266,false,מבריקל הפלא כיסוי הפלא 3,ח.כהן סוכנות מזון ומשקאות בע,,,"י""ח",1,,false,1,9.90,9.90,false,1,
7290016572391,false,"צ`יפס קלאסי 2.5ק""ג ש",***אדום גרופ למזון שיווק***,,,"י""ח",2.50,"ק""ג",false,1,27.90,11.16,false,1,
7290016682038,false,"מיץ תפוזים 400 מ""ל ""פריניב""",תנובה - פריניב,,,"י""ח",400,"ל מ""ל",false,1,9.20,2.23,true,1,
7290016682052,false,"מיץ לימונענע 400 מ""ל ""פריניב""",פריניב תנובה,,,"י""ח",400,"ל מ""ל",false,1,9.20,2.23,true,1,
7290016682083,false,"פריניב נקטר תות בננה 400 מ""ל",תנובה - פריניב,,,"י""ח",1,,false,1,9.20,9.20,true,1,
7290016682168,false,"פריניב מיץ תפוזים ולנסיה סחוט 100% 400 מ""ל",תנובה - פריניב,,,"י""ח",400,ל גרם,false,1,8.90,2.23,true,1,
7290016682182,false,פריניב שייק תמר בננה מופחת סוכר 1 ליטר,תנובה - פריניב,,,"י""ח",1,ליטר,false,1,15.20,15.20,true,1,
7290016682243,false,פריניב מיץ אשכולית אדומה סחוט 1 ליטר,תנובה - פריניב,,,"י""ח",1,ליטר,false,1,13.20,13.20,true,1,
7290016682250,false,מיץ תפוז גזר פרי ניב 1 ליטר,תנובה - פריניב,,,"י""ח",1,ליטר,false,1,16.90,16.90,false,1,
7290016682328,false,מיץ תפוזים 100% עשוי מרכז 2 ל' פריניב,תנובה - פריניב,,,"י""ח",2,ליטר,false,1,21.90,10.80,false,1,
7290016682342,false,מיץ תפוזים וולנסיה פרי ניב 2 ליטר-,תנובה - פריניב,,,"י""ח",2,ליטר,false,1,26.20,12.95,true,1,
7290016682359,false,מיץ תפוזים שמוטי פרי ניב 2 ליטר-,תנובה - פריניב,,,"י""ח",2,ליטר,false,1,26.20,12.95,true,1,
7290016682366,false,פריניב מיץ תפוחים צלול 2 ליטר.,תנובה - פריניב,,,"י""ח",2,ליטר,false,1,25.20,12.45,false,1,
7290016682441,false,100% מיץ תפוזים מיוצר מרכז טבעי,תנובה - פריניב,,,"י""ח",1,ליטר,false,1,13.90,13.90,false,1,
7290016717754,false,יין היובל ישן נושן יקבי כרמל (750 מל),אגודת הכורמים הקואופרטיב,,,"י""ח",750,"ל מ""ל",false,1,19.90,2.61,true,1,
7290016866650,false,"פרודונטקס - משחת שיניים אוריג'ינל 75 מ""ל",פרודונטקס Parodontax,,,"י""ח",75,"ל מ""ל",false,1,30.90,41.20,true,1,
7290016866674,false,"פרודונטקס - משחת שיניים מלבינה 75 מ""ל",פרודונטקס Parodontax,,,"י""ח",75,"ל מ""ל",false,1,30.90,41.20,true,1,
7290016967074,false,לחם חיטה מלאה עם גרעינים ודגנים,מאפיית שלמה א. אנג'\ל בע,,,"י""ח",750,ל גרם,false,1,16.90,2.25,false,1,
7290016967456,false,לחם צרפתי מחמצת 100% כוסמין 600 ג' אנג'ל,"מאפיית אנג'\ל בעמ, מקבוצ",,,"י""ח",600,ל גרם,false,1,16.90,2.82,false,1,
7290016998320,false,לבבות קיסר נטורזה יח,ביכורי השדה צפון 1994 ג.ד. בעמ,,,"י""ח",300,ל גרם,false,1,10.90,3.63,true,1,
7290017004433,false,7290017004433פתי בר 500גר פינטולה,2121 ייבוא וסחר,,,"י""ח",5,"ק""ג",false,1,8.90,1.78,true,1,
7290017004785,false,פסטה קרניים 500גר פנטולה,מ.ר. ניאוברנד בעמ,,,"י""ח",500,ל גרם,false,1,4.90,0.98,true,1,
7290017004792,false,פסטה פנה 500גר פנטולה,מ.ר. ניאוברנד בעמ,,,"י""ח",500,ל גרם,false,1,4.90,0.98,true,1,
7290017004808,false,פסטה פוזילי 500גר פנטולה,מ.ר. ניאוברנד בעמ,,,"י""ח",500,ל גרם,false,1,4.90,0.98,true,1,
7290017004815,false,ספגטי 500גר פנטולה,מ.ר. ניאוברנד בעמ,,,"י""ח",500,ל גרם,false,1,4.90,0.98,true,1,
7290017004877,false,טחינה גולמית 500ג מחנה יהודה,"אחדות בע""מ",,,"י""ח",500,ל גרם,false,1,14.90,2.98,true,1,
7290017023229,false,רביעיית פחיות שוופס מוגז פירות תות ליים 330 מל.,יפאורה שותפות מוגבלת לשיווק,,,"י""ח",1.32,ליטר,false,1,14.70,10.23,true,1,
7290017023861,false,סודה בטעם לימון בקבוקים אישיים - מארז 4 יח',יפאורה שותפות מוגבלת לשיווק,,,"י""ח",1,ליטר,false,1,13.90,13.90,true,1,
7290017023878,false,סודה בטעם נענע ליים בקבוקים אישיים - מארז 4 יח',יפאורה שותפות מוגבלת לשיווק,,,"י""ח",1,ליטר,false,1,13.90,13.90,true,1,
7290017040370,false,מארז דונאטס מילקה רביעייה,נטו מלינדה סחר בעמ,,,"י""ח",4,"י""ח",false,1,34.90,8.73,false,1,
7290017065137,false,ריקוטה למריחה 5% טבעית 200 גר`מחלבות גד,מחלבות גד שיווק 1992 בעמ,,,"י""ח",200,ל גרם,false,1,10.70,5.35,true,1,
7290017065236,false,גבינה בולגרית מעודנת 24% גד (250 גרם),מחלבות גד שיווק 1992 בעמ,,,"י""ח",250,ל גרם,false,1,24.90,9.96,true,1,
7290017068367,false,שמרים בוואקום 125 גרם,מיה תעשיות מזון מ.ת.מ בעמ,,,"י""ח",125,ל גרם,false,1,3.90,3.12,false,1,
7290017068886,false,סוכריות ג`לי דובונים בציפוי שמן 350גר,מיה תעשיות מזון מ.ת.מ. בעמ,,,"י""ח",350,ל גרם,false,1,14.90,4.26,true,1,
7290017068893,false,סוכריות ג`לי דגיגים בציפוי סוכר 350גר,מיה תעשיות מזון מ.ת.מ. בעמ,,,"י""ח",350,ל גרם,false,1,14.90,4.26,true,1,
7290017068930,false,סוכריות ג`לי בינס חמוצמוץ 375גר,מיה תעשיות מזון מ.ת.מ. בעמ,,,"י""ח",375,ל גרם,false,1,14.90,3.97,true,1,
7290017068978,false,שיבולת שועל מלאה להכנה מהירה מיה 500 גרם,מיה תעשיות מזון מ.ת.מ. בעמ,,,"י""ח",500,ל גרם,false,1,10,2,true,1,
7290017068985,false,שיבולת שועל מלאה עבה 500 גר בזיפר מיה,מיה תעשיות מזון מ.ת.מ. בעמ,,,"י""ח",500,ל גרם,false,1,10,2,true,1,
7290017079004,false,תבנית מחוזקת עמוקה עגולה 5 יח',טעמן שווק מזון בעמ,,,"י""ח",90,ל גרם,false,1,9.90,11,false,1,
7290017088068,false,בייביסיטר - חיתולי סטנדרט מידה 4 - 42 יח',די.פי.אל תעשיות מוצרים ח,,,"י""ח",1,,false,1,34.90,34.90,true,1,
7290017088075,false,בייביסיטר - חיתולי סטנדרט מידה 4+ - 40 יח',די.פי.אל תעשיות מוצרים ח,,,"י""ח",1,,false,1,34.90,34.90,true,1,
7290017088099,false,בייביסיטר - חיתולי סטנדרט מידה 6 - 30 יח',די.פי.אל תעשיות מוצרים ח,,,"י""ח",1,,false,1,34.90,34.90,true,1,
7290017088464,false,תחבושות סופגנית מקסי לונג טופ פד 20 יח',שקד תבל בעמ,,,"י""ח",20,"י""ח",false,1,19.90,1,true,1,
7290017088495,false,תחבושות טופ פד אקסטרה 20 יח',שקד תבל בעמ,,,"י""ח",20,"י""ח",false,1,9.90,0.50,true,1,
7290017088693,false,קוויק מטליות לחות לניקוי וחיטוי רצפות ניחוח לוונדר 10 יחידות,שקד תבל בעמ,,,"י""ח",10,"י""ח",false,1,11.90,1.19,true,1,
7290017094847,false,סלט תפוחי אדמה אסלי שמיר 400 ג',"סלטי שמיר 2006 בע""מ",,,"י""ח",400,ל גרם,false,1,10.90,2.73,true,1,
7290017094854,false,סלט קולסלאו אסלי( 400 גר`)אסלי,"סלטי שמיר 2006 בע""מ",,,"י""ח",400,ל גרם,false,1,10.90,2.73,true,1,
7290017094861,false,חומוס עם רוטב מסבחה אסלי שמיר 400 ג',"סלטי שמיר 2006 בע""מ",,,"י""ח",400,ל גרם,false,1,9.90,2.48,true,1,
7290017100418,false,"כפפות לטקס 100 יחי' L כשלפ עד""ח פרפקט",ח.כהן סוכנות מזון ומשקאות בע,,,"י""ח",100,"י""ח",false,1,19.90,0.20,true,1,
7290017105062,false,גרגירי חומוס שלם יכין הקטניה הטובה 200 ג,היינץ צפון אמריקה מק,,,"י""ח",200,ל גרם,false,1,4.90,2.45,true,1,
7290017105895,false,גרגרי חומוס להכנת חומוס משובח יכין 560 ג,זנלכל בעמ,,,"י""ח",560,ל גרם,false,1,11.90,2.13,true,1,
7290017106069,false,"קוביות סלק יכין, 550 גרם",היינץ צפון אמריקה מק,,,"י""ח",550,ל גרם,false,1,11.90,2.16,false,1,
7290017129495,false,אגו מיקס כדורי תירס מצופים שוקולד חלב כרמית 55 גרם,כרמית תעשיות ממתקים בעמ,,,"י""ח",55,ל גרם,false,1,3.90,7.09,true,1,
7290017129501,false,אגו מיקס כדורי תירס מצופים שוקולד לבן כרמית 55 גרם,כרמית תעשיות ממתקים בעמ,,,"י""ח",55,ל גרם,false,1,3.90,7.09,true,1,
7290017129624,false,כרמית לקקן ענבים תפוח 450 גרם,כרמית תעשיות ממתקים בעמ,,,"י""ח",450,ל גרם,false,1,17.90,3.98,true,1,
7290017129822,false,מטבעות שוקולד מריר כרמית 36 גרם,כרמית תעשיות ממתקים בעמ,,,"י""ח",36,ל גרם,false,1,3.60,10,true,1,
7290017142128,false,"שמן זית כתית מעולה קלאסי עץ הזית 750 מ""ל",סוגת תעשיות בעמ,,,"י""ח",750,"ל מ""ל",false,1,31.90,4.25,true,1,
7290017217321,false,נרות חימום ריחניים בניחות לוונדר 50יח',אינטרסן (1996) בעמ,,,"י""ח",50,"י""ח",false,1,13.90,0.28,false,1,
7290017239774,false,מקלות סורימי רויאל 54% 150ג קפוא.,פוד קולקשן בעמ,,,"י""ח",150,ל גרם,false,1,16.90,11.27,false,1,
7290017266046,false,מארז וופל קראנצ' אישי 30 יחידות עלמה,ח.כהן סוכנות מזון ומשקאות בע,,,"י""ח",30,"י""ח",false,1,18.90,0.63,false,1,
7290017266060,false,וופל קראנצ`מילוי קרם בטעם שוקולד 175 גר,ח.כהן סוכנות מזון ומשקאות בע,,,"י""ח",175,ל גרם,false,1,7.90,4.51,false,1,
7290017266909,false,וופלים מעולים במילוי קרם בטעם שוקולד SUNי 200 גרם,ח.כהן סוכנות מזון ומשקאות בע,,,"י""ח",200,ל גרם,false,1,4.90,2.45,false,1,
7290017266916,false,וופלים מעולים במילוי קרם בטעם לימון SUNי 200 גרם,ח.כהן סוכנות מזון ומשקאות בע,,,"י""ח",200,ל גרם,false,1,4.90,2.45,false,1,
7290017297156,false,"צ יפס עם קליפה 1.5 ק""ג פרי הגליל",ויטה- פרי גליל (החדשה) בעמ,,,"י""ח",1.50,"ק""ג",false,1,21.90,14.60,true,1,
7290017297323,false,רוטב עגבניות מרוכז 100 גר' 22 BX טל וטרי,ויטה- פרי גליל (החדשה) בעמ,,,"י""ח",100,ל גרם,false,1,1.90,1.90,true,1,
7290017297408,false,אפונה עדינה קפואה פרי אדמה 600ג,ויטה פרי גליל (החדשה) בעמ,,,"י""ח",600,ל גרם,false,1,14.90,2.48,true,1,
7290017297415,false,אפונה קפואה פרי אדמה 800ג.,לפ ויטה פרי גליל (החדשה) בעמ,,,"י""ח",800,ל גרם,false,1,12.90,1.61,true,1,
7290017297422,false,אפונה וגזר קפוא פרי אדמה 800ג,לפ ויטה פרי גליל (החדשה) בעמ,,,"י""ח",800,ל גרם,false,1,12.90,1.61,true,1,
7290017297491,false,חומוס פרי אדמה 800ג,ויטה פרי גליל (החדשה) בעמ,,,"י""ח",800,ל גרם,false,1,14.90,1.86,true,1,
7290017297521,false,ברוקולי פרי אדמה 800ג,ויטה פרי גליל (החדשה) בעמ,,,"י""ח",800,ל גרם,false,1,19.90,2.49,true,1,
7290017297538,false,כרובית פרי אדמה 800ג,לפ ויטה פרי גליל (החדשה) בעמ,,,"י""ח",800,ל גרם,false,1,14.90,1.86,true,1,
7290017297552,false,במיה פרי אדמה 600ג,לפ ויטה פרי גליל (החדשה) בעמ,,,"י""ח",600,ל גרם,false,1,12.90,2.15,true,1,
7290017304519,false,חלה חצי מתוקה ארוזה אנג'ל 500 גרם,שלמה א.אנג ל בעמ,,,"י""ח",500,ל גרם,false,1,14.90,2.98,false,1,
7290017304885,false,לחם שיפון מחיטה מלאה ללא תוספת סוכר 750 ג' אנג'ל,מאפיית שלמה א. אנג'\ל בע,,,"י""ח",750,ל גרם,false,1,16.90,2.25,false,1,
7290017457727,false,"סוד כחול מרכך כביסה מרוכז20%+בישום 900 מ""ל",גורי שיווק בעמ,,,"י""ח",90,"ל מ""ל",false,1,13.90,15.44,false,1,
7290017457734,false,"סוד ורוד מרכך כביסה מרוכז20%+בישום 900 מ""ל",גורי שיווק בעמ,,,"י""ח",90,"ל מ""ל",false,1,13.90,15.44,false,1,
7290017457888,false,סוד ג'ל כביסה כחול טוטאל 4 ליטר,גורי שיווק בעמ,,,"י""ח",4,ליטר,false,1,29.90,7.48,false,1,
7290017457925,false,סוד מרכך כביסה מרוכז פרש קונטרול ורוד,גורי שיווק בעמ,,,"י""ח",90,"ל מ""ל",false,1,13.90,15.44,false,1,
7290017457932,false,סוד מרכך כביסה מרוכז פרש קונטרול כחול,גורי שיווק בעמ,,,"י""ח",90,"ל מ""ל",false,1,13.90,15.44,false,1,
7290017477169,false,קשיו קלוי 250 גרם ששון הקולה,דין שיווק וקליה 2021 בעמ,,,"י""ח",250,ל גרם,false,1,19.90,7.96,false,1,
7290017504001,false,פטריות שמפיניון ארוז,ביכורי השדה צפון 1994 ג.ד. בעמ,,,"י""ח",1,,false,1,11.90,11.90,true,1,
7290017504032,false,זוג פטריות שמפניון ו,ביכורי השדה צפון 1994 ג.ד. בעמ,,,"י""ח",1,,false,1,18.90,18.90,false,1,
7290017513775,false,פליפז בייגלה מצופה שוקולד חלב מקוויטיס 140 גרם,תה ויסוצקי (ישראל) בעמ,,,"י""ח",140,ל גרם,false,1,8.90,6.36,true,1,
7290017513782,false,פליפז בייגלה מצופה שוקולד מריר מקוויטיס 140 גרם,תה ויסוצקי (ישראל) בעמ,,,"י""ח",140,ל גרם,false,1,8.90,6.36,true,1,
7290017586007,false,גזר ארוז,ביכורי השדה צפון 1994 ג.ד. בעמ,,,"ק""ג",1,"ק""ג",true,1,2.90,2.90,false,1,
7290017589565,false,"ברקן, גוורצטרמינר לבן חצי יבש 750 מל",יקבי ברקן שיווק והפצ,,,"י""ח",750,"ל מ""ל",false,1,32.90,4.35,true,1,
7290017599281,false,סוכרזית סטיוויה פלוס 100שקיות,"שטראוס גרופ בע""מ",,,"י""ח",100,ל גרם,false,1,35.90,35.90,false,1,
7290017599304,false,סוכרזית מהטבע סטיוויה כפית לכפית 400 גרם,שטראוס גרופ בע`מ,,,"י""ח",400,"י""ח",false,1,35.90,0.09,false,1,
7290017599359,false,סוכרזית קלאסי כפית לכפית 400גר,"שטראוס גרופ בע""מ",,,"י""ח",400,ל גרם,false,1,29.90,7.48,false,1,
7290017617411,false,סטארקיסט מיקס סלמון עם אורז מלא וירקות 160 גרם,דיפלומט מפיצים (1968) בעמ**,,,"י""ח",80,ל גרם,false,1,15.90,19.88,false,1,
7290017617428,false,סטארקיסט מיקס סלמון עם פסטה ברוטב עגבניות 160 גרם,דיפלומט מפיצים (1968) בעמ**,,,"י""ח",80,ל גרם,false,1,15.90,19.88,false,1,
7290017617435,false,סטארקיסט מיקס סלמון עם עדשים קינואה וירק 160 גרם,דיפלומט מפיצים (1968) בעמ**,,,"י""ח",80,ל גרם,false,1,15.90,19.88,false,1,
7290017647425,false,"יין גמלא קברנה סוביניון שנת 2018 750 מ""ל",היכל היין שקד גולן בעמ,,,"י""ח",750,"ל מ""ל",false,1,69.90,9.28,true,1,
7290017677804,false,"רוטב סויה קיקומן ללא חומרים משמרים 444 מ""ל",דיפלומט מפיצים (1968) בעמ**,,,"י""ח",444,"ל מ""ל",false,1,19.90,4.48,false,1,
7290017724034,false,עוגיות סנדוויץ ריבה 250 גר`,הלל בן הלל שיווק ומסחר בעמ,,,"י""ח",250,ל גרם,false,1,23.90,9.56,false,1,
7290017724058,false,עוגיות מעדן תמר אגוז אקלר,הלל בן הלל שיווק ומסחר בעמ,,,"י""ח",250,ל גרם,false,1,23.90,9.56,false,1,
7290017724102,false,עוגיות סיגרים תמרים אקלר,הלל בן הלל שיווק ומסחר בעמ,,,"י""ח",250,ל גרם,false,1,23.90,9.56,false,1,
7290017724119,false,עוגיות אוזנים אקלר 200 גרם,הלל בן הלל שיווק ומסחר בעמ,,,"י""ח",200,ל גרם,false,1,23.90,11.95,false,1,
7290017724157,false,"עוגיות מעדן תפו""ע ללא סוכר אקלר",הלל בן הלל שיווק ומסחר בעמ,,,"י""ח",250,ל גרם,false,1,23.90,9.56,false,1,
7290017724171,false,עוגיות סנדביץ ריבה ללא סוכר אקלר 200 גרם,הלל בן הלל שיווק ומסחר בעמ,,,"י""ח",250,ל גרם,false,1,23.90,9.56,false,1,
7290017812571,false,מיץ ענבים תירוש אדום 100% טבעי כרמל 1 ליטר,אגודת הכורמים -כרמל מזרחי,,,"י""ח",1,ליטר,false,1,19.90,19.90,false,1,
7290017812588,false,מיץ ענבים תירוש לבן 100% טבעי כרמל 1 ליטר,אגודת הכורמים -כרמל מזרחי,,,"י""ח",1,ליטר,false,1,19.90,19.90,false,1,
7290017812618,false,מיץ ענבים תירוש אדום רוזה כרמל 1 ליטר,אגודת הכורמים -כרמל מזרחי,,,"י""ח",1,ליטר,false,1,19.90,19.90,false,1,
7290017812861,false,יין לבש יבש ( 750 מל) וינו,אגודת הכורמים -כרמל מזרחי,,,"י""ח",750,"ל מ""ל",false,1,21,2.76,true,1,
7290017841250,false,נוזל חלונות 1ליטר שווה,ח.כהן סוכנות מזון ומשקאות בע,,,"י""ח",1,ליטר,false,1,6.90,6.90,false,1,
7290017841625,false,מטליות מיקרופיבר אנטיבקטריאלי לרצפה *2,ח.כהן סוכנות מזון ומשקאות בע,,,"י""ח",2,"י""ח",false,1,16.90,8.45,true,1,
7290017841649,false,מארז מטליות מיקרופייבר ניקוי כללי/רצפה,ח.כהן סוכנות מזון ומשקאות בע,,,"י""ח",10,"י""ח",false,1,24.90,2.49,false,1,
7290017841670,false,ספוג הפלא* 6 איכותי שווה* (24 בקר`).,ח.כהן סוכנות מזון ומשקאות בע,,,"י""ח",6,"י""ח",false,1,8.90,1.48,true,1,
7290017841687,false,ספוג הפלא בלוק איכותי שווה* (24 בקר`),ח.כהן סוכנות מזון ומשקאות בע,,,"י""ח",1,"י""ח",false,1,4.90,4.90,true,1,
7290017841762,false,"חומץ תפוחי עץ 500מ""ל 5% שווה",ח.כהן סוכנות מזון ומשקאות בע,,,"י""ח",500,"ל מ""ל",false,1,11.90,2.38,false,1,
7290017842202,false,נייר טישו כיס מארז 10 יח` שווה,ח.כהן סוכנות מזון ומשקאות בע,,,"י""ח",1,,false,1,6.90,6.90,true,1,
7290017842240,false,אנשובי ארוך בפח בשמן זית שווה,ח.כהן סוכנות מזון ומשקאות בע,,,"י""ח",77,ל גרם,false,1,6.90,8.96,false,1,
7290017842424,false,סילאן 100% טבעי 700 גר`צנצנת שווה*,ח.כהן סוכנות מזון ומשקאות בע,,,"י""ח",700,ל גרם,false,1,17.90,2.56,true,1,
7290017842523,false,שקיות רב שימושיות זיפר גדולות 20 יחידות,ח.כהן סוכנות מזון ומשקאות בע,,,"י""ח",20,"י""ח",false,1,8.90,0.45,false,1,
7290017842554,false,חמאת בוטנים קראנץ 510גר קלאסית שווה,ח.כהן סוכנות מזון ומשקאות בע,,,"י""ח",510,ל גרם,false,1,11.90,2.33,true,1,
7290017842561,false,חמאת בוטנים קראנץ 510גר קראנץ שווה,ח.כהן סוכנות מזון ומשקאות בע,,,"י""ח",510,ל גרם,false,1,11.90,2.33,true,1,
7290017842578,false,"חמאת בוטנים בד""צ 510 טבעית""שווה""",ח.כהן סוכנות מזון ומשקאות בע,,,"י""ח",510,ל גרם,false,1,10.90,2.14,true,1,
7290017842745,false,צלחת בינונית חושן 20יח שווה,ח.כהן סוכנות מזון ומשקאות בע,,,"י""ח",20,"י""ח",false,1,8.90,0.45,false,1,
7290017842769,false,צלחת ענקית מתכלה חושן 20 יח`שווה,ח.כהן סוכנות מזון ומשקאות בע,,,"י""ח",20,"י""ח",false,1,18.90,0.95,false,1,
7290017842868,false,מגשים אובלים קטנים מתכלים מעלי דקל 5יח,ח.כהן סוכנות מזון ומשקאות בע,,,"י""ח",1,,false,1,9.90,9.90,false,1,
7290017845029,false,פטריות צמד משפחתי(מוגו),ביכורי השדה צפון 1994 ג.ד. בעמ,,,"י""ח",1,,false,1,18.90,18.90,false,1,
7290017845203,false,שמפיניון ארוז א.א-מוגו,ביכורי השדה צפון 1994 ג.ד. בעמ,,,"י""ח",1,,false,1,11.90,11.90,true,1,
7290017872056,false,פמלי אל סבון 3*1 הסדרה הלבנה-מעורב 500 גרם*3,אברנסל קוסמטיקס,,,"י""ח",1.50,ליטר,false,1,17.90,11.93,false,1,
7290017872162,false,טוסו - עוגיות אגוזי לוז ללא סוכר 200 גרם,"הגביע מוצרי וופלים בע""\מ",,,"י""ח",200,ל גרם,false,1,15.90,7.95,false,1,
7290017872186,false,טוסו - עוגיות פקאן ללא סוכר 200 גרם,"הגביע מוצרי וופלים בע""\מ",,,"י""ח",200,ל גרם,false,1,16.90,8.45,false,1,
7290017872193,false,טוסו עוגיות שקדים וקינמון ללא סוכר 200 גרם,"הגביע מוצרי וופלים בע""\מ",,,"י""ח",200,ל גרם,false,1,15.90,7.95,false,1,
7290017873008,false,גלילונית הקפאה זוג 275 יחידות,"אשפלסט תעשיות בע""מ",,,"י""ח",275,"י""ח",false,1,11.90,0.04,false,1,
7290017873015,false,גלילונית גופיה עם ידיות 30יח,דנשר (1963) בעמ,,,"י""ח",30,"י""ח",false,1,14.90,0.50,false,1,
7290017873367,false,"קרם ידיים ויטליטי לכל סוגי העור 100 מ""ל פנג'ל","דנלוג אינטרקוסמא בע""\מ",,,"י""ח",10000,"ל מ""ל",false,1,12.90,0.13,true,1,
7290017873398,false,"תחליב גוף ויטליטי לכל סוגי העור 400 מ""ל פנג'ל","דנלוג אינטרקוסמא בע""\מ",,,"י""ח",400,"ל מ""ל",false,1,26.90,6.73,true,1,
7290017888101,false,"שוויפס מוגז עדין אפרסק מארז רביעייה* 330 מ""ל",יפאורה שותפות מוגבלת לשיווק,,,"י""ח",1.50,ליטר,false,1,13.20,8,true,1,
7290017888644,false,"משקה אננס בננה כורכום פרות & ווג 350 מ""ל",יפאורה שותפות מוגבלת לשיווק,,,"י""ח",350,"ל מ""ל",false,1,7.50,2.06,true,1,
7290017888729,false,שוופס סודה בקבוק 1 ל',יפאורה שותפות מוגבלת לשיווק,,,"י""ח",1,ליטר,false,1,4.50,4.50,true,1,
7290017888972,false,בקבוק מי עדן פקק ספורט 1 ליטר,יפאורה שותפות מוגבלת לשיווק,,,"י""ח",1,ליטר,false,1,3.90,3.90,false,1,
7290017925554,false,"חמישיית בירה לאגר באדוויזר 5*330 מ""ל+כוס",הכרם משקאות חריפים בעמ,,,"י""ח",1.65,ליטר,false,1,24.90,14.18,true,1,
7290017928043,false,מקלות גריסיני קראנץ' מלח מאיר בייגל 175 גרם,מאיר את בייגל,,,"י""ח",175,ל גרם,false,1,12.90,7.37,true,1,
7290017928098,false,בייגלה שטוח מלח 330 גר` מאיר בייגל,מאיר את בייגל,,,"י""ח",300,ל גרם,false,1,12.90,4.30,true,1,
7290017928128,false,בייגלה מקלות מלח מאיר בייגל 400 גרם.,"דנשר (1963) בע,מ",,,"י""ח",400,ל גרם,false,1,12.90,3.23,true,1,
7290017928227,false,"בייגלה שטוח'לה פינוקים שומשום, קצח, שום ובצל",מאיר את בייגל,,,"י""ח",300,ל גרם,false,1,12.90,4.30,true,1,
7290017928524,false,מאיר בייגל בייגלה שטוח ניגובים מלח 330גר,מאיר את בייגל,,,"י""ח",300,ל גרם,false,1,12.90,4.30,true,1,
7290017928616,false,בייגלה שטוחלה שומשום 300 גר` מאיר בייגל,מאיר את בייגל,,,"י""ח",300,ל גרם,false,1,12.90,4.30,true,1,
7290017928685,false,בייגלה שמיניות מלוח מאיר בייגל 400 גרם.,מאיר את בייגל,,,"י""ח",330,ל גרם,false,1,12.90,3.91,true,1,
7290017928807,false,בייגלה אצבעות שומשום מאיר בייגל 300 גרם,מאיר את בייגל,,,"י""ח",300,ל גרם,false,1,12.90,4.30,true,1,
7290017928821,false,מקלות גריסיני קלאסי מאיר בייגל 200 גרם,מאיר את בייגל,,,"י""ח",200,ל גרם,false,1,12.90,6.45,true,1,
7290017932088,false,תחתית אפויה לפאי 170 גרם גאלה,מור ים מרקטינג בעמ,,,"י""ח",170,ל גרם,false,1,13.90,8.18,false,1,
7290017947105,false,לחם אנג'ל בסגנון אמריקה 500 גרם,מאפיית שלמה א. אנג'\ל בע,,,"י""ח",500,ל גרם,false,1,14.90,2.98,false,1,
7290017947358,false,חצי חלה פרג ארוזה אנג'ל 250 גרם,שלמה א.אנג ל בעמ,,,"י""ח",250,ל גרם,false,1,7.90,3.16,false,1,
7290017947372,false,חלה מתוקה ארוזה אנג'ל 500 גרם,שלמה א.אנג ל בעמ,,,"י""ח",500,ל גרם,false,1,13.90,2.78,false,1,
7290017947389,false,מארז לחמניות קלועות אנג'ל 4*125 גרם,מאפיית שלמה א. אנג'ל,,,"י""ח",500,ל גרם,false,1,12.60,2.52,false,1,
7290017947396,false,מארז לחמניות שומשום אנג'ל 4*125 גרם,שלמה א.אנג ל בעמ,,,"י""ח",500,ל גרם,false,1,12.60,2.52,false,1,
7290017947402,false,מארז לחמניות כפריות אנג'ל 4*125 גרם,שלמה א.אנג ל בעמ,,,"י""ח",500,ל גרם,false,1,12.60,2.52,false,1,
7290017947419,false,מארז לחמניות מזונות אנג'ל 4*75 גרם,שלמה א.אנג ל בעמ,,,"י""ח",500,ל גרם,false,1,12.60,2.52,false,1,
7290017947457,false,חלה קלועה כוסמין אנג'ל ארוזה 500 גרם,מאפיית שלמה א.אנג'ל,,,"י""ח",500,ל גרם,false,1,16.90,3.38,false,1,
7290017947464,false,שמיניית פיתות כוסמין אנג'ל 8*50 גרם,מאפיית שלמה א.אנג'\ל בע\,,,"י""ח",8,"י""ח",false,1,14.90,1.86,true,1,
7290017947495,false,לחמניות כוסמין 6 יח(450 גר`)אנג`ל,מאפיית שלמה א.אנג'\ל,,,"י""ח",450,ל גרם,false,1,15.90,3.53,false,1,
7290017947891,false,לחם אנג'ל כוסמין וחיטה מלאה 750 גרם,מאפיית שלמה א. אנג'\ל בע,,,"י""ח",750,ל גרם,false,1,15.90,2.12,false,1,
7290017947921,false,לחמניות המבורגר בסגנון אמריקאי מארז 6 יח',מאפיית שלמה א. אנג'\ל בע,,,"י""ח",450,ל גרם,false,1,12.90,2.87,false,1,
7290017947938,false,מיני לחמניות המבורגר בסגנון אמריקה 400 ג' אנג'ל,מאפיית שלמה א. אנג'\ל בע,,,"י""ח",400,ל גרם,false,1,14.90,3.73,false,1,
7290018029206,false,עוגיות כתר ריבה מיקס 600 גרם,שיבולים יצור ושיווק מוצרי מאפה,,,"י""ח",600,ל גרם,false,1,19.90,3.32,false,1,
7290018071533,false,נר נשמה 48 שעות בכוס זכוכית - נרות חסידים,אינטרסן (1996) בעמ,,,"י""ח",1,,false,1,5.90,5.90,false,1,
7290018091029,false,מקלות פילו תפוחי אדמה מעדנות 450 ג',תנובה ענף ב.ע.ד,,,"י""ח",450,ל גרם,false,1,17.30,3.84,false,1,
7290018091265,false,פיצה נפוליטנה 330 ג' מעדנות,תנובה מרכז שיתופי לשיווק תוצרת,,,"י""ח",330,ל גרם,false,1,19.90,6.03,false,1,
7290018091661,false,פיצה ירקות שוק מעדנות 380 גרם,תנובה מרכז שיתופי לשיווק תוצרת,,,"י""ח",380,ל גרם,false,1,19.90,5.24,false,1,
7290018091821,false,פיצה נפוליטנה מעדנות 200 גרם,תנובה ענף ב.ע.ד,,,"י""ח",200,ל גרם,false,1,15.40,7.70,false,1,
7290018098653,false,מרק מינסטרונה ירוק מן הצומח 500גר,קפוא זן תעשיות מזון בעמ,,,"י""ח",500,ל גרם,false,1,16.90,3.38,false,1,
7290018131954,false,מאגדת לה פרוטה תות שוקולד נסטלה 350 גרם,נגה גלידות שותפות מוגבלת,,,"י""ח",350,ל גרם,false,1,29.90,8.54,false,1,
7290018165447,false,רזרב גולד מרלו ( 750 מל) יקבי ברקן,יקבי ברקן שיווק והפצה בע,,,"י""ח",750,"ל מ""ל",false,1,49.90,6.61,true,1,
7290018198209,false,צ'יפס בטטה קראנצ'י תפוגן 500 גרם,קבוצת אוסם סחר שותפות מוגבלת,,,"י""ח",500,ל גרם,false,1,21.90,4.38,false,1,
7290018208472,false,"תמר מג`הול 1ק""ג מחנה יהודה.",א.מ. עישבי תיבול תקומה בעמ,,,"י""ח",1,"ק""ג",false,1,19.90,19.90,true,1,
7290018208489,false,תמר מג`הול 800גר פרימים מחנה יהודה,א.מ. עישבי תיבול תקומה בעמ,,,"י""ח",800,ל גרם,false,1,24.90,3.11,true,1,
7290018208496,false,תמר מג`הול 650גר סופר פרימים מחנה יהוד,א.מ. עישבי תיבול תקומה בעמ,,,"י""ח",650,ל גרם,false,1,24.90,3.83,true,1,
7290018236635,false,צ'ונגו-פופקורן מצופה עוף טוב 600 גרם,קבוצת אוסם סחר שותפות מוגבלת,,,"י""ח",700,ל גרם,false,1,39.90,5.70,true,1,
7290018236659,false,צ'ונגו-פופקורן ציפ מתובל עוף טוב 600 גרם,קבוצת אוסם סחר-שות.מוגבלת,,,"י""ח",700,ל גרם,false,1,39.90,5.70,true,1,
7290018237397,false,עוף טוב פסטרמה מקורמלת נתח שלם 8*300 גרם,קבוצת אוסם סחר שותפות מוגבלת,,,"י""ח",300,ל גרם,false,1,25.90,8.63,true,1,
7290018237410,false,עוף טוב פסטרמה במעשנה נתח שלם 8*300 גרם,קבוצת אוסם סחר-שות.מוגבלת,,,"י""ח",300,ל גרם,false,1,25.90,8.63,true,1,
7290018237502,false,עוף טוב כתף בקר דק-דק 200 גרם,קבוצת אוסם סחר-שות.מוגבלת,,,"י""ח",200,ל גרם,false,1,20.90,10.45,true,1,
7290018237922,false,שניצלונים ציפוי צ'יפס עוף טוב 700 גרם,קבוצת אוסם סחר שותפות מוגבלת,,,"י""ח",700,ל גרם,false,1,14.90,2.13,true,1,
7290018237939,false,שניצלונים ציפוי שומשום עוף טוב 700 גרם,קבוצת אוסם סחר שותפות מוגבלת,,,"י""ח",700,ל גרם,false,1,14.90,2.13,true,1,
7290018237960,false,עוף טוב כתף בקר עסיסי 265 גרם,קבוצת אוסם סחר שותפות מוגבלת,,,"י""ח",265,ל גרם,false,1,29.90,11.28,true,1,
7290018294208,false,"סלקטדאדום ישראלי יבש כרמל 750 מ""ל",אגודת הכורמים בעמ,,,"י""ח",750,"ל מ""ל",false,1,29.90,3.95,true,1,
7290018294352,false,"ארק יקבי כרמל 700 מ""",אגודת הכורמים -כרמל מזרחי,,,"י""ח",700,"ל מ""ל",false,1,59.90,8.51,true,1,
7290018294901,false,"יין מונלייט אדום יבש 750 מ""ל כרמל",יקבי כרמל Carmel Winery,,,"י""ח",750,"ל מ""ל",false,1,45.90,6.08,true,1,
7290018359129,false,פולפה עגבניות חתוכות מקולפות דק יכין 690 גרם,אמיליאנה קונסרב,,,"י""ח",690,ל גרם,false,1,11.90,1.72,false,1,
7290018359334,false,רכז עגבניות טבעי פריכוז שף יכין 580 גרם,זנלכל בעמ,,,"י""ח",580,ל גרם,false,1,13.90,2.40,false,1,
7290018359495,false,תירס מהשדה בלי תוספת סוכר יכין 550 גרם,היינץ צפון אמריקה מק,,,"י""ח",550,ל גרם,false,1,9.90,1.80,false,1,
7290018359686,false,יכין חומוס גדול 550 גר A2,היינץ צפון אמריקה מק,,,"י""ח",520,ל גרם,false,1,11.90,2.29,false,1,
7290018440209,false,פליפז בייגלה בציפוי פאדג' לבן מקוויטיס 140 גרם,תה ויסוצקי (ישראל) בעמ,,,"י""ח",140,ל גרם,false,1,8.90,6.36,true,1,
7290018440254,false,תה צ'אי קרמל מלוח 25 שקיקים ויסוצקי,תה ויסוצקי (ישראל) בעמ,,,"י""ח",25,"י""ח",false,1,19.90,0.80,true,1,
7290018440445,false,טונה קאלוו בשמן זית 160 גר,תה ויסוצקי (ישראל) בעמ,,,"י""ח",160,ל גרם,false,1,17.90,11.19,true,1,
7290018440483,false,פליפז בייגלה מצופה בקרמל מלוח ושוקולד מקוויטיס 140 גרם,תה ויסוצקי (ישראל) בעמ,,,"י""ח",140,ל גרם,false,1,8.90,6.36,true,1,
7290018440896,false,הגן הקסום חליטה ג'ינגר כורכום ויסוצקי 25 יח,תה ויסוצקי (ישראל) בעמ,,,"י""ח",67.50,ל גרם,false,1,17.90,26.52,true,1,
7290018443064,false,נבטים אלפלפא שמיטה,ביכורי השדה צפון 1994 ג.ד. בעמ,,,"י""ח",1,,false,1,7.90,7.90,false,1,
7290018443385,false,חסה ייבול נוכרי ברכת קטיף,ביכורי השדה צפון 1994 ג.ד. בעמ,,,"י""ח",1,,false,1,6.90,6.90,true,1,
7290018443408,false,כרוב לבן ברכת קטיף מצע מנותק ייבול נוכרי,ביכורי השדה צפון 1994 ג.ד. בעמ,,,"ק""ג",1,,true,1,2.90,2.90,false,1,
7290018443712,false,כרובית ארוזה תקומה,ביכורי השדה צפון 1994 ג.ד. בעמ,,,"י""ח",1,"י""ח",false,1,11.90,11.90,false,1,
7290018443828,false,צמח חסה אייסברג,ביכורי השדה צפון 1994 ג.ד. בעמ,,,"י""ח",150,ל גרם,false,1,11.90,7.93,false,1,
7290018468418,false,פסטרמה צמחונית טעם מפולפל 120 גרם טירת צבי,תנובה מרכז שיתופי לשיווק תוצרת,,,"י""ח",120,ל גרם,false,1,18.90,15.75,false,1,
7290018468425,false,נקניק טבעוני בטעם פיקנטי 100 גרם טירת צבי,תנובה מרכז שיתופי לשיווק תוצרת,,,"י""ח",100,ל גרם,false,1,18.90,18.90,false,1,
7290018471470,false,תפוזינה נקטר תפוז פסיפלורה קרטונית 1 ליטר,יפאורה שותפות מוגבלת לשיווק,,,"י""ח",1,ליטר,false,1,8.10,8.10,true,1,
7290018471487,false,תפוזינה נקטר תפוז אננס קרטונית 1 ליטר,יפאורה שותפות מוגבלת לשיווק,,,"י""ח",1,ליטר,false,1,8.10,8.10,true,1,
7290018471494,false,תפוזינה משקה תפוז גזר קרטונית 1 ליטר,יפאורה שותפות מוגבלת לשיווק,,,"י""ח",1,ליטר,false,1,8.10,8.10,true,1,
7290018471623,false,שוופס טוניק אשכוליות ליצ`י 1 ליטר,יפאורה שותפות מוגבלת לשיווק,,,"י""ח",1,ליטר,false,1,9.40,9.40,true,1,
7290018471906,false,שוופס מוגז פירות לימונדה ורודה 1.5 ליטר פיקדון,יפאורה - שותפות מוגבלת לשיווק,,,"י""ח",1.50,ליטר,false,1,9.20,5.93,true,1,
7290018471913,false,משקה מוגז פירות תפוחים שוופס 1.5 ליטר,יפאורה - שותפות מוגבלת לשיווק,,,"י""ח",1.50,ליטר,false,1,9.20,5.93,true,1,
7290018471920,false,שוופס מוגז פירות ענבים 1.5 ליטר פיקדון,יפאורה - שותפות מוגבלת לשיווק,,,"י""ח",1.50,ליטר,false,1,9.20,5.93,true,1,
7290018471937,false,שוופס מוגז פירות תות ליים 1.5 ליטר פיקדון,יפאורה - שותפות מוגבלת לשיווק,,,"י""ח",1.50,ליטר,false,1,9.20,5.93,true,1,
7290018471944,false,שוופס מוגז פירות לימונייד 1.5 ליטר פיקדון,יפאורה - שותפות מוגבלת לשיווק,,,"י""ח",1.50,ליטר,false,1,9.20,5.93,true,1,
7290018471951,false,שוופס מוגז פירות אשכולית אדומה 1.5 ליטר פיקדון,יפאורה - שותפות מוגבלת לשיווק,,,"י""ח",1.50,ליטר,false,1,9.20,5.93,true,1,
7290018493878,false,"ד""ר פישר - סרקל שמפו 750 מ""ל",פישר תעשיות פרמצבטיות בעמ,,,"י""ח",750,"ל מ""ל",false,1,19.90,2.65,false,1,
7290018493885,false,"ד""ר פישר - סרקל מרכך 750 מ""ל",פישר תעשיות פרמצבטיות בעמ,,,"י""ח",750,"ל מ""ל",false,1,19.90,2.65,false,1,
7290018500316,false,ארטיזנל לחם כוסמין לבן אנג'ל 750 גרם,מאפיית שלמה א. אנג'ל,,,"י""ח",750,ל גרם,false,1,20.90,2.79,true,1,
7290018500361,false,"לחם שחור פרוס 900 גרם ""אנג'ל"" -מוצר בפיקוח",מאפיית שלמה א. אנג'\ל בע,,,"י""ח",900,ל גרם,false,1,8.53,0.95,false,1,
7290018500460,false,לחם חצי מלא אנג'ל 700 גרם,שלמה א.אנג ל בעמ,,,"י""ח",750,ל גרם,false,1,11.90,1.59,false,1,
7290018500491,false,חלה בסגנון אמריקה אנגל.,שלמה א.אנג ל בעמ,,,"י""ח",500,ל גרם,false,1,15.90,3.18,false,1,
7290018540329,false,שקית פיתה פיתה בלדי 800 ג' אנג'ל,מאפיית שלמה א. אנג'\ל בע,,,"י""ח",8,"י""ח",false,1,12.90,1.61,false,1,
7290018540459,false,לחמניות המבורגר כוסמין 6 יח`300 גרם אנג,מאפיית שלמה א.אנג'\ל בע\,,,"י""ח",300,ל גרם,false,1,15.90,5.30,false,1,
7290018540817,false,ארטיזנל לחם מחמצת כוסמין אנג'ל 500 גרם,שלמה א. אנג`ל בעמ,,,"י""ח",500,ל גרם,false,1,17.90,3.58,true,1,
7290018540824,false,ארטיזנל לחם מחמצת כפרי אנג'ל 500 גרם,שלמה א. אנג`ל בעמ,,,"י""ח",500,ל גרם,false,1,17.90,3.58,true,1,
7290018540831,false,ארטיזנל לחם מחמצת חיטה מלאה ודגנים אנג'ל 500 גרם,שלמה א. אנג`ל בעמ,,,"י""ח",500,ל גרם,false,1,17.90,3.58,true,1,
7290018556924,false,משקה אלכהלי מחנה יהודה לימון 700 מייל,פיירוואטר בעמ,,,"י""ח",750,"ל מ""ל",false,1,40.20,5.32,true,1,
7290018564592,false,שף הטבע - שום כתוש בצנצנת 200 גרם,קפוא זן תעשיות מזון בעמ,,,"י""ח",200,ל גרם,false,1,12.90,6.45,true,1,
7290018564622,false,"בני דרום - שום כתוש טבליות 80 ג""ר",קפוא זן תעשיות מזון בעמ,,,"י""ח",1,"י""ח",false,1,12.90,12.90,false,1,
7290018571095,false,טופי ממולא בטעמי פירות 600 גרם כשלפ,מיה תעשיות מזון מ.ת.מ. בעמ,,,"י""ח",600,ל גרם,false,1,15.90,2.65,true,1,
7290018571422,false,מיה-לקקנים מולטיקולור מיקס 65 יחידות,מיה תעשיות מזון מ.ת.מ. בעמ,,,"י""ח",65,"י""ח",false,1,18.90,0.29,true,1,
7290018571507,false,סוכריות ויטמין סי לילדים דובונים יד למעלה 175 גרם מיה פלוס,מיה תעשיות מזון מ.ת.מ בעמ,,,"י""ח",175,ל גרם,false,1,39.90,22.80,false,1,
7290018571545,false,סוכריות ג'לי עם מיצוי כורכומין וג'ינג'ר למבוגרים,מיה תעשיות מזון מ.ת.מ בעמ,,,"י""ח",210,ל גרם,false,1,39.90,19,false,1,
7290018571613,false,סוכריות אומגה 3 מבוגרים אצבעות מיה פלוס 210 גרם ללס,מיה תעשיות מזון מ.ת.מ בעמ,,,"י""ח",210,ל גרם,false,1,39.90,19,false,1,
7290018571705,false,"אורז יסמין 1 ק""ג מיה.",מיה תעשיות מזון מ.ת.מ. בעמ,,,"י""ח",1,"ק""ג",false,1,10.90,10.90,true,1,
7290018571729,false,"אורז ריזוטו עגול 1 ק""ג מיה.",מיה תעשיות מזון מ.ת.מ. בעמ,,,"י""ח",1,"ק""ג",false,1,8.90,8.90,false,1,
7290018571736,false,אורז בסמטי הודי 1ק''ג,מיה תעשיות מזון מ.ת.מ. בעמ,,,"י""ח",1,"ק""ג",false,1,10.90,10.90,true,1,
7290018571743,false,"אורז פרסי מלא 1 ק""ג",מיה תעשיות מזון מ.ת.מ. בעמ,,,"י""ח",1,"ק""ג",false,1,8.90,8.90,false,1,
7290018571804,false,סוכריות ג'לי מטבעות מיה 255 גרם,מיה תעשיות מזון מ.ת.מ. בעמ,,,"י""ח",255,ל גרם,false,1,9.90,3.88,true,1,
7290018571811,false,סירופ מייפל טהור 250 גר' מיה,מיה תעשיות מזון מ.ת.מ בעמ,,,"י""ח",250,"ל מ""ל",false,1,32.90,13.16,false,1,
7290018626283,false,פיצה מרגריטה אדום גר,***אדום גרופ למזון שיווק***,,,"י""ח",350,ל גרם,false,1,10.90,3.11,false,1,
7290018652039,false,לה קרמריה קרמל מלוח ונוגט בדצ 6*1.4 ליטר,נגה גלידות שותפות מוגבלת,,,"י""ח",1.40,ליטר,false,1,19.90,14.21,false,1,
7290018652671,false,"לה קרמריה שוקולד וניל 1.4 ליטר [תו אי""ל]",נגה גלידות שותפות מוגבלת,,,"י""ח",1.40,ליטר,false,1,19.90,14.21,false,1,
7290018652909,false,מאגדת מאגנום קפה שוקולד ופקאן 5 *43 ג' נסטלה,נגה גלידות שותפות מוגבלת,,,"י""ח",215,ל גרם,false,1,29.90,13.91,false,1,
7290018652923,false,פרוייקט סער-תות עוגת גבינה נסטלה 5*43 גרם,נגה גלידות שותפות מוגבלת,,,"י""ח",215,ל גרם,false,1,29.90,13.91,false,1,
7290018703496,false,פראוד - חטיף חלבון בטעם בננה טופי 60 גרם,דיפלומט מפיצים (1968) בעמ**,,,"י""ח",60,ל גרם,false,1,13.90,23.17,false,1,
7290018835005,false,אקסטרה צ'יפס אורז חום מלא מלח פלפל שמן זית 60 גרם,א.ל.ייצור ושיווק תבלינים בעמ,,,"י""ח",60,ל גרם,false,1,7.90,13.17,true,1,
7290018835159,false,פיצוחה גומי דובי 300ג,א.ל.יצור ושיווקתבלינים בעמ,,,"י""ח",300,ל גרם,false,1,14.90,4.97,false,1,
7290018860991,false,אטריות ביצים רחבות 400 גרם,מזרח ומערב יבוא ושיווק,,,"י""ח",4,"ק""ג",false,1,9.90,2.48,true,1,
7290018878002,false,אגו מיקס קרקר מצופה שוקולד חלב כרמית 55 גרם,כרמית תעשיות ממתקים בעמ,,,"י""ח",55,ל גרם,false,1,3.90,7.09,true,1,
7290018893128,false,צ'וקטה שוקולד חלב בלגי 34% 100 גרם,ש.שסטוביץ בעמ,,,"י""ח",100,"ל מ""ל",false,1,9.90,9.90,false,1,
7290018893258,false,צ'וקטה עוגות אישיות במילוי קרם קרמל ובציפוי בטעם שוקולד 300 גרם,פרדי קונדיטוריה אס.פ,,,"י""ח",300,ל גרם,false,1,14.90,4.97,false,1,
7290018893456,false,צ'וקטה עוגות אישיות במילוי קרם ובציפוי בטעם שוקולד 300 גרם,"פרדי קונדיטוריה אס,פי.אי",,,"י""ח",300,ל גרם,false,1,14.90,4.97,false,1,
7290018893647,false,עוגיות סנדוויץ במילוי קרם וניל בציפוי שוקולד 150 גרם צ'וקטה,ש.שסטוביץ בעמ,,,"י""ח",150,ל גרם,false,1,9.90,6.60,true,1,
7290018893876,false,עוגות אישיות רכות עם מילוי קרם בטעם וניל,פרדי קונדיטוריה אס.פ,,,"י""ח",240,ל גרם,false,1,11.90,4.96,true,1,
7290018894040,false,צ'וקטה שוקולד שוקולד חלב 5*100 גרם,ש. שסטוביץ בע`מ,,,"י""ח",500,"ל מ""ל",false,1,19.90,3.98,false,1,
7290018894071,false,צוקטה מארז סביבון לחנוכה 225ג,ש.שסטוביץ בעמ,,,"י""ח",225,ל גרם,false,1,16.90,7.51,false,1,
7290018894248,false,צ'וקטה - שוקולד חלב שלישייה 3 * 100 גרם,ש. שסטוביץ בע`מ,,,"י""ח",300,"ל מ""ל",false,1,13.90,4.63,true,1,
7290018904008,false,מארז עוגיות שבקייה ושומשומית 350גר,הלל בן הלל שיווק ומסחר בעמ,,,"י""ח",350,ל גרם,false,1,29.90,8.54,false,1,
7290018925065,false,מיץ תפוזים סחוט פרימור (2 ליטר),שטראוס גרופ בעמ/מצונן,,,"י""ח",2,ליטר,false,1,26.90,13.30,false,1,
7290018925072,false,פרימור טרי מיץ לימונים עם נענע 2 ליטר,שטראוס גרופ בעמ/מצונן,,,"י""ח",2,ליטר,false,1,26.90,13.30,false,1,
7290018925089,false,"מיץ פרימור תפו""ע צלול סחוט 2 ליטר-",שטראוס גרופ בעמ/מצונן,,,"י""ח",2,ליטר,false,1,26.90,13.30,false,1,
7290018989128,false,סירופ בטעם ענבים יכין 1 ליטר,זנלכול יכין,,,"י""ח",1,ליטר,false,1,19.90,19.90,false,1,
7290019014003,false,טאצ' נוזל רצפות אואזיס 4 ליטר,סאסאטק אגשח בעמ,,,"י""ח",4,ליטר,false,1,14.90,3.73,true,1,
7290019056027,false,שוופס מוגז פירות תפוחים ללא סוכר 1.5 ליטר פיקדון,יפאורה - שותפות מוגבלת לשיווק,,,"י""ח",1.50,ליטר,false,1,9.20,5.93,true,1,
7290019056034,false,שוופס מוגז פירות אננס ללא סוכר 1.5 ליטר פיקדון,יפאורה - שותפות מוגבלת לשיווק,,,"י""ח",1.50,ליטר,false,1,9.20,5.93,true,1,
7290019056041,false,שוופס מוגז פירות לימונייד ללא סוכר 1.5 ליטר פיקדון,יפאורה - שותפות מוגבלת לשיווק,,,"י""ח",1.50,ליטר,false,1,9.20,5.93,true,1,
7290019056065,false,שוופס מוגז עדין פירות יער 1.5 ליטר פיקדון,יפאורה - שותפות מוגבלת לשיווק,,,"י""ח",1.50,ליטר,false,1,8.60,5.53,true,1,
7290019056072,false,שוופס מוגז עדין אננס 1.5 ליטר פיקדון,יפאורה - שותפות מוגבלת לשיווק,,,"י""ח",1.50,ליטר,false,1,8.60,5.53,true,1,
7290019056089,false,שוופס מוגז עדין ענבי ריזלינג 1.5 ליטר פיקדון,יפאורה - שותפות מוגבלת לשיווק,,,"י""ח",1.50,ליטר,false,1,8.60,5.53,true,1,
7290019056096,false,שוופס מוגז עדין אפרסק 1.5 ליטר פיקדון,יפאורה - שותפות מוגבלת לשיווק,,,"י""ח",1.50,ליטר,false,1,8.60,5.53,true,1,
7290019056164,false,שוופס סודה 1.5 ליטר רביעייה פיקדון,יפאורה - שותפות מוגבלת לשיווק,,,"י""ח",6,ליטר,false,1,12.90,1.95,true,1,
7290019056188,false,שוופס סודה נענע ליים 1.5 ליטר רביעייה פיקדון,יפאורה - שותפות מוגבלת לשיווק,,,"י""ח",6,ליטר,false,1,12.90,1.95,true,1,
7290019056249,false,שוופס מים בטעמים ענבים 1.5 ליטר פיקדון,יפאורה - שותפות מוגבלת לשיווק,,,"י""ח",1.50,ליטר,false,1,8.80,5.67,true,1,
7290019056256,false,שוופס מים בטעמים תפוחים 1.5 ליטר פיקדון,יפאורה - שותפות מוגבלת לשיווק,,,"י""ח",1.50,ליטר,false,1,8.80,5.67,true,1,
7290019056263,false,שוופס מים בטעמים אפרסק 1.5 ליטר פיקדון,יפאורה - שותפות מוגבלת לשיווק,,,"י""ח",1.50,ליטר,false,1,8.80,5.67,true,1,
7290019056270,false,שוופס מים בטעמים פירות יער 1.5 ליטר פיקדון,יפאורה - שותפות מוגבלת לשיווק,,,"י""ח",1.50,ליטר,false,1,8.80,5.67,true,1,
7290019056287,false,שוופס מים בטעמים אפרסק ללא סוכר 1.5 ליטר פיקדון,יפאורה - שותפות מוגבלת לשיווק,,,"י""ח",1.50,ליטר,false,1,8.80,5.67,true,1,
7290019056294,false,שוופס ג`ינג`ר אייל 1.5 ליטר פיקדון,יפאורה - שותפות מוגבלת לשיווק,,,"י""ח",1.50,ליטר,false,1,13.20,8.60,false,1,
7290019056300,false,משקה בטעם ביטר לימון 1.5 ל' שוויפס,יפאורה - שותפות מוגבלת לשיווק,,,"י""ח",1.50,ליטר,false,1,12.50,8.13,false,1,
7290019056317,false,שוופס ראשן 1.5 ליטר פיקדון,יפאורה - שותפות מוגבלת לשיווק,,,"י""ח",1.50,ליטר,false,1,12.50,8.13,false,1,
7290019056324,false,שוופס טוניק 1.5 ליטר פיקדון,יפאורה - שותפות מוגבלת לשיווק,,,"י""ח",1.50,ליטר,false,1,12.50,8.13,false,1,
7290019056331,false,שוופס טוניק ללא סוכר 1.5 ליטר פיקדון,יפאורה - שותפות מוגבלת לשיווק,,,"י""ח",1.50,ליטר,false,1,11.90,7.73,false,1,
7290019056355,false,תפוזינה לימונדה מיקס לימונענע 1.5 ליטר,יפאורה - שותפות מוגבלת לשיווק,,,"י""ח",1.50,ליטר,false,1,9.20,5.93,true,1,
7290019056379,false,משקה קל תפוזינה 1.5 ליטר תפוזים,יפאורה - שותפות מוגבלת לשיווק,,,"י""ח",1.50,ליטר,false,1,9.20,5.93,true,1,
7290019056393,false,משקה קל תפוזינה 1.5 ליטר תות בננה,יפאורה - שותפות מוגבלת לשיווק,,,"י""ח",1.50,ליטר,false,1,9.20,5.93,true,1,
7290019056409,false,תפוזינה משקה קל מנגו עסיסי1.5ליטר,יפאורה - שותפות מוגבלת לשיווק,,,"י""ח",1.50,ליטר,false,1,9.20,5.93,true,1,
7290019056416,false,מיץ בטעם לימונדה ורודה 1.5 ל' תפוזינה,יפאורה - שותפות מוגבלת לשיווק,,,"י""ח",1.50,ליטר,false,1,9.20,5.93,true,1,
7290019056423,false,תפוזינה משקה קל תפוח רענן 1.5ליטר,יפאורה - שותפות מוגבלת לשיווק,,,"י""ח",1.50,ליטר,false,1,9.20,5.93,true,1,
7290019056430,false,משקה קל תפוזינה 1.5 ליטר תפוזים לייט,יפאורה - שותפות מוגבלת לשיווק,,,"י""ח",1.50,ליטר,false,1,9.20,5.93,true,1,
7290019056447,false,משקה קל תפוזינה 1.5 ליטר אשכוליות לייט,יפאורה - שותפות מוגבלת לשיווק,,,"י""ח",1.50,ליטר,false,1,9.20,5.93,true,1,
7290019056478,false,ספרינג טי קר אפרסק 1.5ליטר פיקדון,יפאורה - שותפות מוגבלת לשיווק,,,"י""ח",1.50,ליטר,false,1,7.50,4.80,true,1,
7290019056485,false,ספריג תה ירוק לימון לואיזה 1.5 ליטר פיקדון,יפאורה - שותפות מוגבלת לשיווק,,,"י""ח",1.50,ליטר,false,1,7.50,4.80,true,1,
7290019056492,false,ספרינג תה מנגו אפרסק 1.5 ליטר פיקדון,יפאורה - שותפות מוגבלת לשיווק,,,"י""ח",1.50,ליטר,false,1,7.50,4.80,true,1,
7290019056508,false,פרוט ווטר ענבים 1.5 ליטר פיקדון,יפאורה - שותפות מוגבלת לשיווק,,,"י""ח",1.50,ליטר,false,1,8.80,5.67,true,1,
7290019056515,false,פרוט ווטר אננס 1.5 ליטר פיקדון,יפאורה - שותפות מוגבלת לשיווק,,,"י""ח",1.50,ליטר,false,1,8.80,5.67,true,1,
7290019056539,false,פרוט ווטר אפרסק 1.5 ליטר פיקדון,יפאורה שותפות מוגבלת לשיווק,,,"י""ח",1.50,ליטר,false,1,8.80,5.67,true,1,
7290019056546,false,פרוט ווטר אבטיח 1.5 ליטר פיקדון,יפאורה - שותפות מוגבלת לשיווק,,,"י""ח",1.50,ליטר,false,1,8.80,5.67,true,1,
7290019056553,false,שישיית מים מינרלים עין גדי 2 ליטר,יפאורה - שותפות מוגבלת לשיווק,,,"י""ח",12,ליטר,false,1,13.70,0.99,false,1,
7290019056560,false,עין גדי מים מינרלים בקבוק 2 ליטר,יפאורה שותפות מוגבלת לשיווק,,,"י""ח",2,ליטר,false,1,4.50,2.10,false,1,
7290019056577,false,ספרינג קל מנגו 1.5 ליטר פיקדון,יפאורה - שותפות מוגבלת לשיווק,,,"י""ח",1.50,ליטר,false,1,9.10,5.87,true,1,
7290019056584,false,משקה קל תפוזים ספרינג 1.5 ליטר,יפאורה - שותפות מוגבלת לשיווק,,,"י""ח",1.50,ליטר,false,1,9.10,5.87,true,1,
7290019056591,false,משקה קל ענבים ספרינג 1.5 ליטר,יפאורה - שותפות מוגבלת לשיווק,,,"י""ח",1.50,ליטר,false,1,9.10,5.87,true,1,
7290019056607,false,משקה קל תפוחים ספרינג 1.5 ליטר,יפאורה - שותפות מוגבלת לשיווק,,,"י""ח",1.50,ליטר,false,1,9.10,5.87,true,1,
7290019056614,false,משקה קל ספרינג 1.5 ליטר אפרסק,יפאורה - שותפות מוגבלת לשיווק,,,"י""ח",1.50,ליטר,false,1,9.10,5.87,true,1,
7290019056621,false,משקה קל פירות טרופיים ספרינג 1.5 ליטר,יפאורה - שותפות מוגבלת לשיווק,,,"י""ח",1.50,ליטר,false,1,9.10,5.87,true,1,
7290019056638,false,משקה קל תות בננה ספרינג 1.5 ליטר,יפאורה - שותפות מוגבלת לשיווק,,,"י""ח",1.50,ליטר,false,1,9.10,5.87,true,1,
7290019056645,false,משקה קל ספרינג 1.5 ליטר אגס תפוח סברס,יפאורה - שותפות מוגבלת לשיווק,,,"י""ח",1.50,ליטר,false,1,9.10,5.87,true,1,
7290019056652,false,משקה קל ספרינג 1.5 ליטר אננס בננה,יפאורה - שותפות מוגבלת לשיווק,,,"י""ח",1.50,ליטר,false,1,9.10,5.87,true,1,
7290019056669,false,משקה קל תפוחים דיאט ספרינג 1.5 ליטר,יפאורה - שותפות מוגבלת לשיווק,,,"י""ח",1.50,ליטר,false,1,9.20,5.93,true,1,
7290019056676,false,משקה קל אשכולית אננס דיאט ספרינג 1.5 ליטר,יפאורה - שותפות מוגבלת לשיווק,,,"י""ח",1.50,ליטר,false,1,8.80,5.67,true,1,
7290019056720,false,קריסטל מיץ ענבים 2 ליטר פיקדון,יפאורה - שותפות מוגבלת לשיווק,,,"י""ח",2,ליטר,false,1,7.80,3.75,true,1,
7290019056751,false,קריסטל מיץ אשכוליות דיאט 2 ליטר פיקדון,יפאורה - שותפות מוגבלת לשיווק,,,"י""ח",2,ליטר,false,1,7.80,3.75,true,1,
7290019056799,false,משקה קל קריסטל (2 ליטר)מוגז אקזוטי,יפאורה - שותפות מוגבלת לשיווק,,,"י""ח",2,ליטר,false,1,7.80,3.75,true,1,
7290019056805,false,משקה קל קריסטל (2 ליטר)מוגז תפוחים,יפאורה - שותפות מוגבלת לשיווק,,,"י""ח",2,ליטר,false,1,7.80,3.75,true,1,
7290019056812,false,משקה קל קריסטל (2 ליטר)מוגז מנטה,יפאורה - שותפות מוגבלת לשיווק,,,"י""ח",2,ליטר,false,1,7.80,3.75,true,1,
7290019056829,false,משקה קל קריסטל (2 ליטר)מוגז תפוזים,יפאורה - שותפות מוגבלת לשיווק,,,"י""ח",2,ליטר,false,1,7.80,3.75,true,1,
7290019056836,false,משקה קל קריסטל (2 ליטר)מוגז תות,יפאורה - שותפות מוגבלת לשיווק,,,"י""ח",2,ליטר,false,1,7.80,3.75,true,1,
7290019056843,false,משקה קל קריסטל (2 ליטר)מוגז קולה,יפאורה - שותפות מוגבלת לשיווק,,,"י""ח",2,ליטר,false,1,7.80,3.75,true,1,
7290019056959,false,מי עדן בקבוק מתכווץ שקט 1.5 מ``ל,יפאורה - שותפות מוגבלת לשיווק,,,"י""ח",1.50,ליטר,false,1,5.50,3.47,false,1,
7290019056973,false,מי עדן שישיה בק `1.5ליטר פיקדון,יפאורה - שותפות מוגבלת לשיווק,,,"י""ח",9,ליטר,false,1,14.90,1.46,false,1,
7290019094081,false,כרוב לבן שלם שמיטה שקיל,רביבים עלי דשא בעמ,,,"ק""ג",1,,true,1,2.90,2.90,false,1,
7290019101833,false,כוסות קרטון שתיה חמה8-B שווה,ח.כהן סוכנות מזון ומשקאות בע,,,"י""ח",1,"י""ח",false,1,7.90,7.90,false,1,
7290019105220,false,אל סבון נוזלי בניחוח פרש 1ליטר,טרופיקל דגיל תעשיות קוסמטיקה,,,"י""ח",1,ליטר,false,1,10.90,10.90,true,1,
7290019105817,false,אל סבון נוזלי בניחוח וניל ודבש 1ליטר,טרופיקל דגיל תעשיות קוסמטיקה,,,"י""ח",1,ליטר,false,1,10.90,10.90,true,1,
7290019145813,false,ערק מחנה יהודה 40% 700 מייל,פיירוואטר בעמ,,,"י""ח",700,"ל מ""ל",false,1,49.90,7.09,true,1,
7290019153078,false,שוופס ביטר למון 1.5 לייט ליטר פיקדון,יפאורה - שותפות מוגבלת לשיווק,,,"י""ח",1.50,ליטר,false,1,12.50,8.13,false,1,
7290019153085,false,שוופס מוגז ליים מוחיטו ללא סוכר 1.5 ליטר-,יפאורה - שותפות מוגבלת לשיווק,,,"י""ח",1.50,ליטר,false,1,8.80,5.67,true,1,
7290019153214,false,"שוופס מנטה פחית 330 מ""ל",יפאורה - שותפות מוגבלת לשיווק,,,"י""ח",330,"ל מ""ל",false,1,4.90,1.39,true,1,
7290019153238,false,שוופס סודה בטעם תפוח 0.5 ליטר,יפאורה - שותפות מוגבלת לשיווק,,,"י""ח",500,"ל מ""ל",false,1,4.50,0.84,true,1,
7290019153269,false,שוופס סודה אננס 1.5 ליטר רביעייה פיקדון,יפאורה - שותפות מוגבלת לשיווק,,,"י""ח",6,ליטר,false,1,12.90,1.95,true,1,
7290019153313,false,"משקהתפוח חמוציות אוכמניות 350 מ""ל פרות & ווג",יפאורה - שותפות מוגבלת לשיווק,,,"י""ח",350,"ל מ""ל",false,1,7.50,2.06,true,1,
7290019167020,false,עוגת גבינה עם פירות יער לייט עדן קינוחים 82 גרם,"תנובה בע""מ ***",,,"י""ח",82,"ל מ""ל",false,1,6.90,8.41,false,1,
7290019204008,false,עוף טוב פסטרמה ארבעה פלפלים 350 גרם,קבוצת אוסם סחר שותפות מוגבלת,,,"י""ח",350,ל גרם,false,1,29.90,8.54,true,1,
7290019204107,false,עוף טוב פסטרמה בטעם אווז 320 גרם,קבוצת אוסם סחר-שות.מוגבלת,,,"י""ח",320,ל גרם,false,1,29.90,9.34,true,1,
7290019204305,false,חזה הודו פסטרמה ברביקיו 350 גר',קבוצת אוסם סחר שותפות מוגבלת,,,"י""ח",350,ל גרם,false,1,29.90,8.54,true,1,
7290019232155,false,"חליטת ""לילה טוב"" קמומיל לבנדר ו25 שקיקים ויסוצקי",תה ויסוצקי (ישראל) בעמ,,,"י""ח",25,"י""ח",false,1,24.90,1,true,1,
7290019232186,false,תה ירוק לימונית לואיזהSTAY WELL 25 שקיקים ויסוצקי,תה ויסוצקי (ישראל) בעמ,,,"י""ח",25,"י""ח",false,1,24.90,1,true,1,
7290019297161,false,טורטיה ראפ מקמח תירס שקדיה 450 גרם,דין שיווק וקליה 2021 בעמ,,,"י""ח",540,ל גרם,false,1,8.90,1.65,false,1,
7290019297383,false,מעדן משמש 100% רכיבי פרי ללא תוספת סוכ,דין שיווק וקליה 2021 בעמ,,,"י""ח",284,ל גרם,false,1,13.90,4.89,true,1,
7290019297406,false,מעדן דובדובן ללא סוכר שקדיה 284 ג',דין שיווק וקליה 2021 בעמ,,,"י""ח",284,ל גרם,false,1,13.90,4.89,true,1,
7290019297413,false,מעדן אפרסק 100% רכיבי פרי ללא תוספת סו,דין שיווק וקליה 2021 בעמ,,,"י""ח",284,ל גרם,false,1,13.90,4.89,true,1,
7290019297628,false,שקד טבעי בשקית ששון הקולה 150 גרם,דין שיווק וקליה 2021 בעמ,,,"י""ח",150,ל גרם,false,1,15.90,10.60,false,1,
7290019302315,false,יין ספארקלין אבטיח מלון 750 מל BUZZ,אגודת הכורמים -כרמל מזרחי,,,"י""ח",750,"ל מ""ל",false,1,27.90,3.68,true,1,
7290022005074,false,רוטב עגבניות שרי קלאסי 400 גרם,א.ל.יצור ושיווקתבלינים בעמ,,,"י""ח",400,"ל מ""ל",false,1,14.90,3.73,true,1,
7290022005104,false,רוטב עגבניות שרי בזיליקום 400 גרם,א.ל.יצור ושיווקתבלינים בעמ,,,"י""ח",400,"ל מ""ל",false,1,14.90,3.73,true,1,
7290022005562,false,קריספ פירורי לחם שום 300 גרם מיימונס,א.ל.ייצור ושיווק תבלינים בעמ,,,"י""ח",300,ל גרם,false,1,7.90,2.63,true,1,
7290042051716,false,מפיות גדולות במיוחד 50יח שווה,ח.כהן סוכנות מזון ומשקאות בע,,,"י""ח",50,"י""ח",false,1,10.90,0.22,true,1,
7290055090801,false,כרמית שוקולד לבן ללא תוספת סוכר 85 גרם,כרמית תעשיות ממתקים בעמ,,,"י""ח",85,ל גרם,false,1,7.50,8.82,true,1,
7290100240656,false,"פתית שיפון בד""צ חדש 300X24 גר'",יוניליוור ישראל שיווק בע`מ,,,"י""ח",300,ל גרם,false,1,18.70,6.23,false,1,
7290100243084,false,מיונז אמיתי הלמנס 789גרם,יוניליוור ישראל שיווק בע`מ,,,"י""ח",789,ל גרם,false,1,30.10,3.81,false,1,
7290100243671,false,"מרכך כביסה מרוכז אקסטרה כחול בדין 960 מ""ל",יוניליוור ישראל שיווק בע`מ,,,"י""ח",960,"ל מ""ל",false,1,17.90,1.86,true,1,
7290100245231,false,נמס בכוס מרק בטעם עוף עם אטריות ושקדי מרק-2 שקיות,יוניליוור ישראל שיווק בע`מ,,,"י""ח",50,ל גרם,false,1,8.50,17,true,1,
7290100249598,false,רוטב לעוף בטעם שום ודבש קנור (320 גרם),יוניליוור ישראל שיווק בע`מ,,,"י""ח",320,ל גרם,false,1,11.90,3.72,true,1,
7290100412343,false,קוויק מטליות לחות 99.9% לניקוי כללי בריח לימון 50 יחידות,שקד תבל בע`מ,,,"י""ח",50,"י""ח",false,1,8.90,0.18,true,1,
7290100412459,false,קוויק מטליות לחות 99.9% לניקוי שירותים ומקלחות בריח לוונדר 50 יחידות,שקד תבל בע`מ,,,"י""ח",50,"י""ח",false,1,8.90,0.18,true,1,
7290100412466,false,מגבונים קוויק לניקוי וחיטוי רצפות בניחוח לימון 10 יח',שקד תבל בע`מ,,,"י""ח",10,"י""ח",false,1,11.90,1.19,true,1,
7290100412756,false,"קרם ידיים לעור יבש פרחי בר ד""ר עור 100 מ""ל","אמיליה קוסמטיקס בע""מ",,,"י""ח",100,ל גרם,false,1,13.90,13.90,true,1,
7290100412817,false,קרם רגליים לעור יבש פרחי בר דר עור 100 מ,"אמיליה קוסמטיקס בע""מ",,,"י""ח",100,ל גרם,false,1,13.90,13.90,true,1,
7290100653586,false,"דאודורנט ג'ל פרש פיוזן 24/7 ליידי ספיד סטיק 65 מ""ל",ליידי ספיד סטיק Lady Speed Stick,,,"י""ח",1,"י""ח",false,1,23.90,23.90,true,1,
7290100680728,false,פירורית רגילה שקית 350 גרם,קבוצת אוסם סחר שותפות מוגבלת,,,"י""ח",350,ל גרם,false,1,8.60,2.46,false,1,
7290100681138,false,מארז אפרופו חטיף תירס 3 יחידות,קבוצת אוסם סחר שותפות מוגבלת,,,"י""ח",150,ל גרם,false,1,14.10,9.40,true,1,
7290100685136,false,"אבקת מרק טעם עוף 1 ק""ג 1/8 אסם",קבוצת אוסם סחר שותפות מוגבלת,,,"י""ח",1,"ק""ג",false,1,14.90,14.90,false,1,
7290100685242,false,במבה מתוקה מחומרים טבעיים סרט 30 גרם,קבוצת אוסם סחר-שות.מוגבלת,,,"י""ח",30,ל גרם,false,1,3.10,10.33,false,1,
7290100685334,false,אבקת מרק עוף אמיתי בשרי רכיבים טבעיים אסם 400 גרם,קבוצת אוסם סחר שותפות מוגבלת,,,"י""ח",400,ל גרם,false,1,25.90,6.48,false,1,
7290100686171,false,מארז מולטיפק ביסלי גריל 6 יח 35 גר ליח,קבוצת אוסם סחר שותפות מוגבלת,,,"י""ח",210,ל גרם,false,1,15.90,7.57,true,1,
7290100687109,false,במבה במילוי קרם נוגט 60ג' אסם,קבוצת אוסם סחר-שות.מוגבלת,,,"י""ח",60,ל גרם,false,1,4.90,8.17,true,1,
7290100689301,false,אבקת מרק בטעם עוף זך עדיף אסם 400 גרם,קבוצת אוסם סחר שותפות מוגבלת,,,"י""ח",400,ל גרם,false,1,17.40,4.35,false,1,
7290100700006,false,"סוגת חיטה 1 ק""ג","סוגת תעשיות בע""\מ",,,"י""ח",1,"ק""ג",false,1,9.90,9.90,true,1,
7290100700020,false,גריסי פנינה סוגת (500 גרם),האי נאם סי או אל.טי.,,,"י""ח",200,ל גרם,false,1,6.80,3.40,true,1,
7290100700157,false,"אורז סושי 1ק""ג סוגת",סוגת תעשיות בעמ,,,"י""ח",1,"ק""ג",false,1,14.80,14.80,false,1,
7290100700242,false,אורז מלא עגול סוגת (1 קג),"סוגת תעשיות בע""\מ",,,"י""ח",1,"ק""ג",false,1,9.90,9.90,false,1,
7290100700273,false,קינואה לבנה 500 ג סו,האי נאם סי או אל.טי.,,,"י""ח",500,ל גרם,false,1,16.90,3.38,true,1,
7290100700310,false,"סוגת כוסמת סוגת 1ק""ג","סוגת תעשיות בע""מ",,,"י""ח",1,"ק""ג",false,1,13.90,13.90,true,1,
7290100700334,false,קינואה לבנה 1 קג סוג,"סוגת תעשיות בע""מ",,,"י""ח",1,"ק""ג",false,1,19.90,19.90,true,1,
7290100700402,false,"סוגת חומוס ענק 1 ק""ג",סוגת תעשיות בעמ,,,"י""ח",1,"ק""ג",false,1,19.90,19.90,true,1,
7290100700587,false,בורגול סוגת (500 גרם),האי נאם סי או אל.טי.,,,"י""ח",500,ל גרם,false,1,6.80,1.36,true,1,
7290100701454,false,בורגול דק גרישה סוגת (500 גרם),"סוגת תעשיות בע""\מ",,,"י""ח",500,ל גרם,false,1,5.90,1.18,true,1,
7290100702611,false,פתיתים אפויים אורז סוגת 500 גרם,"אסיף תעשיות מזון בע""\מ",,,"י""ח",500,ל גרם,false,1,5.90,1.18,true,1,
7290100702628,false,פתיתים אפויים קוסקוס סוגת 500 גרם,"אסיף תעשיות מזון בע""\מ",,,"י""ח",500,ל גרם,false,1,5.90,1.18,true,1,
7290100702635,false,פתיתים אפויים כוכבים סוגת 500 גרם,"אסיף תעשיות מזון בע""",,,"י""ח",500,ל גרם,false,1,5.90,1.18,true,1,
7290100702642,false,פתיתים אפויים טבעות סוגת 500 גרם,"אסיף תעשיות מזון בע""",,,"י""ח",500,ל גרם,false,1,5.90,1.18,true,1,
7290100702987,false,שיבולת שועל פתיתים סוגת 500 גרם,סוגת תעשיות בעמ,,,"י""ח",500,ל גרם,false,1,5.80,1.16,true,1,
7290100702994,false,סוכר דמררה קלאסי בשקית סוגת 500 גרם,"סוגת תעשיות בע""מ",,,"י""ח",500,ל גרם,false,1,6.70,1.34,false,1,
7290100703007,false,עדשים שחורות בלוגה סוגת (500 גרם),האי נאם סי או אל.טי.,,,"י""ח",500,ל גרם,false,1,9.90,1.98,true,1,
7290100703564,false,"פתיתי שיבולת שועל עבה 500 גרם ""סוגת""",סוגת תעשיות בעמ,,,"י""ח",500,ל גרם,false,1,5.80,1.16,true,1,
7290100703915,false,פופקורן להכנה במיקרוגל בטעם חמאה - מארז 6 שקיות,סוגת תעשיות בעמ,,,"י""ח",6,"י""ח",false,1,11.90,1.98,false,1,
7290100703922,false,פופקורן להכנה במיקרוגל בטעם טבעי - מארז 6 שקיות,סוגת תעשיות בעמ,,,"י""ח",6,"י""ח",false,1,11.90,1.98,false,1,
7290100850909,false,חטיף תירס נאצ`ו מקסיקני דוריטוס (70 גרם),"שטראוס פריטו ליי בע""\מ",,,"י""ח",70,ל גרם,false,1,4.50,6.43,true,1,
7290100850916,false,דוריטוס חמוץ חריף מעודן 70 גרם כשר לפסח,"שטראוס פריטו ליי בע""\מ )",,,"י""ח",70,ל גרם,false,1,4.50,6.43,true,1,
7290100850923,false,חטיף תירס גריל דוריטוס (70 גרם),"שטראוס פריטו ליי בע""\מ )",,,"י""ח",70,ל גרם,false,1,4.50,6.43,true,1,
7290100850930,false,חטיף תירס בטעם טבעי דוריטוס (70 גרם),"שטראוס פריטו ליי בע""\מ )",,,"י""ח",70,ל גרם,false,1,4.50,6.43,true,1,
7290100851968,false,מארז קפה נמס עלית זוגות,"שטראוס גרופ בע""מ",,,"י""ח",400,ל גרם,false,1,39.40,9.85,true,1,
7290100858592,false,אבקת קקאו עלית שקית 150 ג',הנסיך- מפעל לייצור ט,,,"י""ח",150,ל גרם,false,1,10.20,6.80,false,1,
7290100921593,false,מנקה אסלה סוד 4 כדוריות לאסלה לימון נתלה 50 ג',גורי שיווק בעמ,,,"י""ח",750,"ל מ""ל",false,1,10.90,1.45,false,1,
7290100924631,false,מרכך כביסה מרוכז לבגדי תינוקות ובעלי עור רגיש,גורי שיווק בעמ,,,"י""ח",900,"ל מ""ל",false,1,12.90,1.43,false,1,
7290100925676,false,קולור קאצר 20 דפים לוכדי צבע למכונת כביס,גורי שיווק בעמ,,,"י""ח",20,"י""ח",false,1,22.90,1.15,false,1,
7290100926598,false,פרסיל א.כביסה סודה אקטיב 5קג,גורי שיווק בעמ,,,"י""ח",5,"ק""ג",false,1,50.90,10.18,false,1,
7290101113812,false,מאגדת יופלה שייק פרי אננס קוקוס פלדמן 5 יחידות,פלקו בעמ חברה ישראלית,,,"י""ח",1,,false,1,12.90,12.90,false,1,
7290101551300,false,סילאן טבעי ללא תוספת סוכר בקבוק לחיץ,מכוורת יד מרדכי שטראוס ב,,,"י""ח",380,ל גרם,false,1,15.60,4.11,false,1,
7290101863410,false,"סיליט באנג ספריי ניקוי עוצמתי מכיל אקונומיקה 750 מ""ל",רקיט בנקיזר (ניר איסט) בעמ,,,"י""ח",1,,false,1,12.90,12.90,false,1,
7290101865261,false,נוזל הברקה למדיח כלים פיניש (800 מל),רקיט בנקיזר (ניר איסט) בעמ,,,"י""ח",800,"ל מ""ל",false,1,19.90,2.49,false,1,
7290101868460,false,"קולון 101 אבקת כביסה 8 ק""ג",רקיט בנקיזר (ניר איסט) בעמ,,,"י""ח",8,"ק""ג",false,1,54.90,6.86,false,1,
7290101999652,false,נרות מטה כוכבים - מיקי(1X24),שמחה זה אנחנו,,,"י""ח",1,,false,1,6,6,false,1,
7290102000456,false,"בועות סבון 60מ""ל הלו קיטי",שמחה זה אנחנו,,,"י""ח",1,,false,1,3,3,false,1,
7290102030330,false,תפוצ`יפס אקסטרא מקסיקני 200 גרם +20 תו,"שטראוס פריטו ליי בע""\מ )",,,"י""ח",200,ל גרם,false,1,12.20,6.10,true,1,
7290102031276,false,מארז 8 יחידות אקטימל משקה יוגורט בטעם תות בננה,שטראוס גרופ בעמ/מצונן,,,"י""ח",800,"ל מ""ל",false,1,22.70,2.84,false,1,
7290102300822,false,גבינת צ`דר אנגלית כתומה 200 גרם,דאולי צ'יסמייקרס,,,"י""ח",200,ל גרם,false,1,25.90,12.95,true,1,
7290102300860,false,"גבינת צ'דר אנגלית לבן, 200 גרם",א. סיימן סחר בעמ,,,"י""ח",200,ל גרם,false,1,25.90,12.95,true,1,
7290102303977,false,גוש טונה בשמן זית רוברט 140 גרם,קונסרבס פורטוגל נורטה,,,"י""ח",140,ל גרם,false,1,11.90,8.50,true,1,
7290102390427,false,יוגורט ביו עם קציפת תות 3% שומן 150 ג' מולר,החברה המרכזית טלהפצת משקאות בע,,,"י""ח",150,"ל מ""ל",false,1,5.30,3.53,true,1,
7290102390465,false,יוגורט ביו עם קציפת אפרסק ופסיפלורה 3% שומן 150 ג' מולר,החברה המרכזית טלהפצת משקאות בע,,,"י""ח",150,"ל מ""ל",false,1,5.30,3.53,true,1,
7290102390489,false,יוגורט ביו עם קציפת לימון 3% שומן 150 ג' מולר,החברה המרכזית טלהפצת משקאות בע,,,"י""ח",150,"ל מ""ל",false,1,5.30,3.53,true,1,
7290102391844,false,יוגורט ביו עם קציפת פירות יער3% שומן 150 ג' מולר,החברה המרכזית טלהפצת משקאות בע,,,"י""ח",150,"ל מ""ל",false,1,5.30,3.53,true,1,
7290102393039,false,"יוגורט ביו קרמי מיקס פצפוצי שוקולד 7.6% מולר 170 מ""ל",החברה המרכזית טלהפצת משקאות בע,,,"י""ח",500,ל גרם,false,1,6.10,1.22,true,1,
7290102393060,false,"יוגורט ביו קרמי מיקס גלילי ופל ואגוזים 5.9% מולר 170 מ""ל",*החברה המרכזית להפצת משקאותבעמ,,,"י""ח",500,ל גרם,false,1,6.10,1.22,true,1,
7290102393169,false,"יוגורט סימפלי פרוט בטעם תות 3% מולר 150 מ""ל",*החברה המרכזית להפצת משקאותבעמ,,,"י""ח",150,"ל מ""ל",false,1,5.30,3.53,true,1,
7290102393268,false,"גבינה לבנה 5% שומן, רכיבים טבעיים 750 גרם",*החברה המרכזית להפצת משקאותבעמ,,,"י""ח",750,ל גרם,false,1,14.94,1.99,true,1,
7290102393299,false,יוגורט עיזים לשתייה 3% משק צוריאל 500 גרם,*החברה המרכזית להפצת משקאותבעמ,,,"י""ח",500,"ל מ""ל",false,1,12.60,2.52,false,1,
7290102393848,false,יוגורט עיזים 2.4% עם תות משק צוריאל 150 גרם,*החברה המרכזית להפצת משקאותבעמ,,,"י""ח",140,"ל מ""ל",false,1,6.30,4.50,false,1,
7290102394463,false,נעם גבינה צהובה פרוסה ואקום 28% טרה 500 גרם,החברה המרכזית טלהפצת משקאות בע,,,"י""ח",500,ל גרם,false,1,26.90,5.38,false,1,
7290102394821,false,גבינה צהובה 28% דק דק לפתיחה חוזרת 200,החברה המרכזית טלהפצת משקאות בע,,,"י""ח",200,ל גרם,false,1,16,8,true,1,
7290102395224,false,שמיניית יוגורט ביו ביאנקו 1.7% מולר 150 גרם,החברה המרכזית טלהפצת משקאות בע,,,"י""ח",900,ל גרם,false,1,18.30,2.03,false,1,
7290102395231,false,שמיניית יוגורט ביו ביאנקו 2.8% מולר 150 גרם,*החברה המרכזית להפצת משקאותבעמ,,,"י""ח",900,ל גרם,false,1,18.30,2.03,false,1,
7290102395378,false,נעם גבינה צהובה פרוסה ואקום 28% טרה 360 גרם,*החברה המרכזית להפצת משקאותבעמ,,,"י""ח",360,ל גרם,false,1,20.90,5.81,false,1,
7290102395446,false,מעדן חלב בטעם וניל עם קצפת 123 ג' טרה,*החברה המרכזית להפצת משקאותבעמ,,,"י""ח",250,ל גרם,false,1,3,1.20,false,1,
7290102395477,false,מעדן חלב בטעם שוקולד עם קצפת 123 ג' טרה,החברה המרכזית טלהפצת משקאות בע,,,"י""ח",250,ל גרם,false,1,3,1.20,false,1,
7290102396399,false,שמיניית מעדן שוקולד מוו 1.5% טרה 100 גרם,החברה המרכזית טלהפצת משקאות בע,,,"י""ח",800,ל גרם,false,1,14.20,1.78,false,1,
7290102396405,false,שמיניית מעדן וניל מוו 1.5% טרה 100 גרם,החברה המרכזית טלהפצת משקאות בע,,,"י""ח",800,ל גרם,false,1,14.20,1.78,false,1,
7290102396443,false,מעדן בטעם וניל 1.5% שומן מוו (125 גרם),*החברה המרכזית להפצת משקאותבעמ,,,"י""ח",250,ל גרם,false,1,3,1.20,true,1,
7290102396580,false,מעדן מוו שוקולד ומוס שוקולד טרה 118 גרם,החברה המרכזית טלהפצת משקאות בע,,,"י""ח",123,ל גרם,false,1,3,2.44,false,1,
7290102396665,false,צהובה פרוסות דקדק פתח סגור 15% 200 גר`,החברה המרכזית טלהפצת משקאות בע,,,"י""ח",200,ל גרם,false,1,16.10,8.05,true,1,
7290102396719,false,יוגורט 0% תות סימפלי מולר (150 גרם),החברה המרכזית טלהפצת משקאות בע,,,"י""ח",150,"ל מ""ל",false,1,5.30,3.53,true,1,
7290102396740,false,מארז 8 גביעים יוגורט בטעם תות שדה ואפרסק 0% Simply Fruit,החברה המרכזית טלהפצת משקאות בע,,,"י""ח",8,"י""ח",false,1,30.90,3.86,false,1,
7290102397204,false,"גבנ""צ דק דק נעם פתיחה חוזרת 22% 200 גרם",*החברה המרכזית להפצת משקאותבעמ,,,"י""ח",200,ל גרם,false,1,16,8,true,1,
7290102397310,false,מעדן מיני בטעם שוקולד קצפת מוו מאגדת 8 יח' * 70 ג',החברה המרכזית טלהפצת משקאות בע,,,"י""ח",250,ל גרם,false,1,13.90,5.56,false,1,
7290102397600,false,מיקס יוגורט בתוספת שקדים ובוטנים מקורמלים 170 ג' מולר,החברה המרכזית טלהפצת משקאות בע,,,"י""ח",170,ל גרם,false,1,6.10,3.59,true,1,
7290102397679,false,קוטג' וחצי טרה 5% מרכיבים טבעיים,החברה המרכזית טלהפצת משקאות בע,,,"י""ח",350,ל גרם,false,1,7.90,2.26,false,1,
7290102397747,false,פרוסות גבינת מוצרלה נעם מחלב בקר 22%,החברה המרכזית טלהפצת משקאות בע,,,"י""ח",200,ל גרם,false,1,18.90,9.45,true,1,
7290102397891,false,גבינה ניו יורק מותכת %16 4*25 גרם,החברה המרכזית טלהפצת משקאות בע,,,"י""ח",100,"ל מ""ל",false,1,7.60,7.60,false,1,
7290102398065,false,חלב טרה בקרטון 2 ליטר מהדרין 3% - מוצר בפיקוח,החברה המרכזית טלהפצת משקאות בע,,,"י""ח",2,ליטר,false,1,12.46,6.23,false,1,
7290102398072,false,"חלב קרטון 3%-1 ליטר "" טרה"" -מוצר פיקוח",החברה המרכזית טלהפצת משקאות בע,,,"י""ח",1,ליטר,false,1,6.23,6.23,false,1,
7290102398331,false,חלב מועשר דל לקטוז 2% שומן טרה 1 ליטר,החברה המרכזית טלהפצת משקאות בע,,,"י""ח",1,ליטר,false,1,7.70,7.70,false,1,
7290102398553,false,משקה שוקו בקבוק 1.5 ליטר בבקבוק,*החברה המרכזית להפצת משקאותבעמ,,,"י""ח",1.50,ליטר,false,1,17.40,11.60,false,1,
7290102398560,false,משקה שוקו מועשר בבקבוק 1 ליטר טרה,החברה המרכזית טלהפצת משקאות בע,,,"י""ח",1,ליטר,false,1,12.20,12.20,false,1,
7290102398577,false,משקה חלב בטעם שוקו 2% בבקבוק אישי,החברה המרכזית טלהפצת משקאות בע,,,"י""ח",250,"ל מ""ל",false,1,5.70,2.28,true,1,
7290102398614,false,משקה חלב טרה ט. בננה 1ליטר בקבוק,החברה המרכזית טלהפצת משקאות בע,,,"י""ח",1,ליטר,false,1,12.20,12.20,false,1,
7290102398638,false,משקה חלב טרה ט.מוקה 1ליטר בקבוק,החברה המרכזית טלהפצת משקאות בע,,,"י""ח",1,ליטר,false,1,12.20,12.20,false,1,
7290102398669,false,משקה חלב אייס קפוצ'ינו טרה 1 ליטר,החברה המרכזית טלהפצת משקאות בע,,,"י""ח",1,ליטר,false,1,12.20,12.20,false,1,
7290102399772,false,מולר ספרדבל-ממרח חמאת מולר במליחות עדינה 250 גרם,החברה המרכזית טלהפצת משקאות בע,,,"י""ח",250,ל גרם,false,1,16.90,6.76,true,1,
7290102399819,false,יוגורט עם פירות יער מולר אקטיב מועשר בחלבון 200 גר',החברה המרכזית טלהפצת משקאות בע,,,"י""ח",200,"ל מ""ל",false,1,6.20,3.10,true,1,
7290103124601,false,"תחליב רחצה נוזל חלב ודבש משאבה 750מ""ל פלמוליב",הנסיך- מפעל לייצור ט,,,"י""ח",750,"ל מ""ל",false,1,19.90,2.65,true,1,
7290103128739,false,בלונס מקלות אוזניים לתינוק 56 יחידות,הנסיך- מפעל לייצור ט,,,"י""ח",1,"י""ח",false,1,8.30,8.30,false,1,
7290103153007,false,תבנית גדולה בודדת,פאלאס תעשיות נטו (2014) בעמ,,,"י""ח",1,,false,1,2,2,true,1,
7290103401429,false,קפה קצב ברזילאי אוריגינס 200 גר,הנסיך- מפעל לייצור ט,,,"י""ח",200,ל גרם,false,1,28.80,14.40,true,1,
7290103404758,false,סלט כרוב אדום במיונז אחלה 120 גרם,שטראוס גרופ בעמ/מצונן,,,"י""ח",120,ל גרם,false,1,5.40,4.50,false,1,
7290103681210,false,"יין הר שרדונה מיתוג תנשמת 750 מ""ל",*החברה המרכזית להפצת משקאותבעמ,,,"י""ח",750,"ל מ""ל",false,1,37.90,5.01,false,1,
7290103681401,false,"יין תבור טיפסי אדום 750 מ""ל",החברה המרכזית טלהפצת משקאות בע,,,"י""ח",750,"ל מ""ל",false,1,30.20,3.99,false,1,
7290103700379,false,טאצ' כריות קרצוף ענקיות 3 יח',שניב תעשיות נייר בעמ,,,"י""ח",1,,false,1,9.90,9.90,true,1,
7290103700393,false,טאצ' כריות יפניות עבות עם תעלות 4 יח',שניב תעשיות נייר בעמ,,,"י""ח",1,,false,1,9.90,9.90,true,1,
7290103700997,false,נייר טואלט לובלי 40 גלילים,שניב תעשיות נייר בעמ,,,"י""ח",1969,ל גרם,false,1,39.90,2.03,false,1,
7290103701017,false,נייר אפיה נשלף טאצ 50 יחידות כשלפ,שניב תעשיות נייר בעמ,,,"י""ח",10,"י""ח",false,1,9.90,0.99,true,1,
7290103702229,false,טאצ`מפות שולחן שמינייה עבות במיוחד,שניב תעשיות נייר בעמ,,,"י""ח",1,,false,1,9.90,9.90,false,1,
7290103702236,false,טאצ מפות שולחן שישייה עבות במיוחד,שניב תעשיות נייר בעמ,,,"י""ח",1,,false,1,9.90,9.90,false,1,
7290103702243,false,טאצ' אשפתון עבה וחזק 25 יח' שטוח עם ידיות,שניב תעשיות נייר בעמ,,,"י""ח",50,"י""ח",false,1,19.90,0.40,true,1,
7290103702304,false,טאצ`אשפתון עבה במיוחד 35יח בגליל 90*7,שניב תעשיות נייר בעמ,,,"י""ח",50,"י""ח",false,1,15.90,0.32,true,1,
7290103702489,false,נייר טואלט חתוך טאצ`מארז 4*200גר,שניב תעשיות נייר בעמ,,,"י""ח",10,"י""ח",false,1,15.90,1.59,false,1,
7290103702540,false,נייר טואלט מהדרות כדור פורח 30 גלילים טאצ',שניב תעשיות נייר בעמ,,,"י""ח",30,"י""ח",false,1,26.90,0.90,true,1,
7290103702724,false,"טאצ' שקיות אשפה 52*65 ס""מ עם שרוך 60 יח'",שניב תעשיות נייר בעמ,,,"י""ח",250,"י""ח",false,1,22.90,0.09,false,1,
7290103703004,false,נייר טואלט מהדורת פרחים 40 גלילים טאצ',שניב תעשיות נייר בעמ,,,"י""ח",40,"י""ח",false,1,35.90,0.90,false,1,
7290103703370,false,טאצ מגבוני טואלט לחים מארז שלישייה,שניב תעשיות נייר בעמ,,,"י""ח",3,"י""ח",false,1,14.90,4.97,true,1,
7290103703578,false,נייר טואלט לוולי תלת שכבתי 32 גלילים,שניב תעשיות נייר בעמ,,,"י""ח",32,"י""ח",false,1,39.90,1.25,false,1,
7290103703738,false,טאצ מפות עבות במיוחד 45מטר בגליל.,שניב תעשיות נייר בעמ,,,"י""ח",45,מטר,false,1,32.90,0.73,false,1,
7290103703745,false,טאצ מפות עבות 45 מטר בגליל,שניב תעשיות נייר בעמ,,,"י""ח",45,מטר,false,1,18.90,0.42,false,1,
7290103704162,false,נייר טואלט טאצ' 32 גלילים מהדורה 2021,שניב תעשיות נייר בעמ,,,"י""ח",32,"י""ח",false,1,29.90,0.93,false,1,
7290103704186,false,מגבות מטבח כפול טאצ`מהדורת 2021 6 יחידות,שניב תעשיות נייר בעמ,,,"י""ח",6,"י""ח",false,1,21.90,3.65,true,1,
7290103704766,false,נייר טואלט 24 גליל כפול מהדורת פרח סגול,"שניב תעשיות נייר בע""\מ",,,"י""ח",883,מטר,false,1,42.90,0.05,true,1,
7290103722005,false,נייר טואלט לאבלי 32 ג' לבן-מרכז,שניב תעשיות נייר בעמ,,,"י""ח",588,מטר,false,1,36.90,0.06,true,1,
7290104061417,false,סלט חומוס עם טחינה אחלה 400 גרם,שטראוס גרופ בעמ/מצונן,,,"י""ח",400,ל גרם,false,1,11.90,2.98,false,1,
7290104061424,false,סלט חומוס עם זעתר אחלה 400 גרם,שטראוס גרופ בעמ/מצונן,,,"י""ח",400,ל גרם,false,1,11.90,2.98,false,1,
7290104061431,false,סלט חומוס עם צנובר אחלה 400 גרם,שטראוס גרופ בעמ/מצונן,,,"י""ח",400,ל גרם,false,1,11.90,2.98,false,1,
7290104061448,false,סלט חומוס עם חריף אחלה 400 גרם,שטראוס גרופ בעמ/מצונן,,,"י""ח",400,ל גרם,false,1,11.90,2.98,false,1,
7290104062599,false,מארז 8 יחידות מעדן גמדים בטעמי תות ובננה,שטראוס גרופ בעמ/מצונן,,,"י""ח",800,ל גרם,false,1,18.90,2.36,false,1,
7290104065187,false,אבקה להכנת משקה קפה בטעם מוקה,שטראוס גרופ בע`מ,,,"י""ח",200,ל גרם,false,1,24.90,12.45,false,1,
7290104066566,false,סלט טחינה שומשום מלא 500גר אחלה,שטראוס גרופ בעמ/מצונן,,,"י""ח",500,ל גרם,false,1,14.90,2.98,true,1,
7290104068546,false,גומי מאסט בטעם לימון קולה ללא סוכר 28 ג' עלית,שטראוס גרופ בע`מ,,,"י""ח",28,ל גרם,false,1,4.60,16.43,false,1,
7290104504228,false,מיני דובונים אסם 100 גרם מארז 5 יחידות,קבוצת אוסם סחר-שות.מוגבלת,,,"י""ח",100,ל גרם,false,1,15.30,15.30,true,1,
7290104508202,false,גביעי גלידה אמריקאים אסם 120 גרם 24 יחידות,קבוצת אוסם סחר-שות.מוגבלת,,,"י""ח",24,"י""ח",false,1,14,0.58,false,1,
7290104720499,false,מארז 8 יחידות מעדן דני בטעם וניל 1.5%,שטראוס גרופ בעמ/מצונן,,,"י""ח",1,"ק""ג",false,1,16.30,16.30,false,1,
7290104721762,false,מארז שלשות קפה טורקי עלית 85 ג',שטראוס גרופ בע`מ,,,"י""ח",1,"י""ח",false,1,24.80,24.80,false,1,
7290104722530,false,תפוצ'יפס בטעם שמנת בצל עלית 200 גרם,"שטראוס פריטו ליי בע""\מ )",,,"י""ח",200,ל גרם,false,1,12.20,6.10,true,1,
7290104726712,false,מארז 8 יחידות מעדן מילקי בטעם שוקולד עם קצפת,שטראוס גרופ בעמ/מצונן,,,"י""ח",868,"ל מ""ל",false,1,21.20,2.44,false,1,
7290104728310,false,"שמנת מתוקה עמידה 38% שומן ""יטבתה"" -מוצר בפיקוח",שטראוס גרופ בעמ/מצונן,,,"י""ח",250,"ל מ""ל",false,1,6.47,2.59,true,1,
7290104729003,false,שמן זית כתית יד מרדכי 750 גרם [מוצר מדבקה],מכוורת יד מרדכי שטרא,,,"י""ח",750,"ל מ""ל",false,1,36.80,4.91,true,1,
7290104859786,false,תבנית אלומניום בינונית R31 פאלאס 7 יח,פאלאס תעשיות נטו (2014) בעמ,,,"י""ח",1,,false,1,12.90,12.90,false,1,
7290104859793,false,תבנית אלומניום ענק R99 פאלאס 4 יח,פאלאס תעשיות נטו (2014) בעמ,,,"י""ח",1,,false,1,12.90,12.90,false,1,
7290104859809,false,תבנית אלומניום אינגליש R88 פאלאס 14 יח,פאלאס תעשיות נטו (2014) בעמ,,,"י""ח",1,,false,1,12.90,12.90,false,1,
7290104859816,false,תבנית אלומניום בינונית R2 פאלאס 7 יח,פאלאס תעשיות נטו (2014) בעמ,,,"י""ח",1,,false,1,12.90,12.90,false,1,
7290104859823,false,תבנית אלומניום עמוקה R64 פאלאס 8 יח,פאלאס תעשיות נטו (2014) בעמ,,,"י""ח",1,,false,1,12.90,12.90,false,1,
7290104859830,false,תבנית אלומניום עגולה c10 פאלאס 8 יח,פאלאס תעשיות נטו (2014) בעמ,,,"י""ח",1,,false,1,12.90,12.90,false,1,
7290104965654,false,קרליין נושם דאו סטיק סוויט קיס לנערות 50,החברה הדרומית לשיווק בעמ,,,"י""ח",50,ל גרם,false,1,21.40,42.80,false,1,
7290105360250,false,קפסולות 09 עשיר וארומטי למכונת נספרסו עלית 10יח',הנסיך- מפעל לייצור ט,,,"י""ח",50,ל גרם,false,1,19.90,39.80,true,1,
7290105360328,false,קפסולות אספרסו חזק למכונות נספרסו 10 יח',הנסיך- מפעל לייצור ט,,,"י""ח",50,ל גרם,false,1,19.90,39.80,true,1,
7290105360878,false,תפוציפס טבעי 50 גרם מארז רביעייה,"שטראוס פריטו ליי בע""\מ )",,,"י""ח",200,ל גרם,false,1,11.90,5.95,false,1,
7290105362339,false,"שמנת לבישול 15% 250 מ""ל יטבתה מהדרין",שטראוס גרופ בעמ/מצונן,,,"י""ח",250,"ל מ""ל",false,1,8.60,3.44,true,1,
7290105363602,false,מקלות כיף כף קלאסי עלית (40 גרם),שולן צ'\יקולטה גידה סאן.,,,"י""ח",40,ל גרם,false,1,5.30,13.25,true,1,
7290105364289,false,מקלות כיף כף פצפוצים עלית 40 גרם,שולן צ'\יקולטה גידה סאן.,,,"י""ח",40,ל גרם,false,1,5.20,13,true,1,
7290105364302,false,"עלית חטיף שוקולד כיף כף מקלות אגוזים, 40 גרם",שולן צ'\יקולטה גידה סאן.,,,"י""ח",40,ל גרם,false,1,5.20,13,true,1,
7290105366023,false,סלט חצילים בטעם כבד אחלה 400 גרם,שטראוס גרופ בעמ/מצונן,,,"י""ח",400,ל גרם,false,1,14.90,3.73,true,1,
7290105366993,false,סימפוניה גבינת שמנת פלפל שיפקה 5% שטראוס 200 גרם,שטראוס גרופ בעמ/מצונן,,,"י""ח",200,ל גרם,false,1,12,6,true,1,
7290105368225,false,חומוס עם פלפל שיפקה אחלה (400 גרם),שטראוס גרופ בעמ/מצונן,,,"י""ח",400,ל גרם,false,1,11.90,2.98,false,1,
7290105368331,false,מעדן מילקי בטעם תות עם קצפת,שטראוס גרופ בעמ/מצונן,,,"י""ח",130,"ל מ""ל",false,1,2.90,2.23,false,1,
7290105368904,false,"שמנת מתוקה להקצפה 32% שומן 250 מ""ל יוטבתה",שטראוס גרופ בעמ/מצונן,,,"י""ח",250,"ל מ""ל",false,1,7.80,3.12,true,1,
7290105369130,false,סימפוניה גבינת שמנת בצל ירוק 5% שטראוס 200 גרם,שטראוס גרופ בעמ/מצונן,,,"י""ח",200,ל גרם,false,1,12,6,true,1,
7290105431516,false,מארז חטיף פריי תמרים ובוטנים ללא גלוטן ותוספת סוכר 125 גרם,טבעית מוצרים מן הטבע בעמ,,,"י""ח",5,"י""ח",false,1,17.90,3.58,false,1,
7290105439581,false,מנה מאסטר שף חרדל דיזיון צרפתי 370 גר,רמיה סי.וי.הולנד,,,"י""ח",370,ל גרם,false,1,12.90,3.49,false,1,
7290105474124,false,"מזון לכלבים בונזו מזון כלבים בשר 12 ק""ג מחולק",דיפלומט מפיצים (1968) בעמ**,,,"י""ח",12,"ק""ג",false,1,139.90,11.66,false,1,
7290105474179,false,מארז מען לה קט פטה מולטיפק 100 גר 4 יח,דיפלומט מפיצים (1968) בעמ**,,,"י""ח",100,ל גרם,false,1,15.90,15.90,false,1,
7290105500151,false,וודקה פינלנדיה רגיל 700,"אלטיה קורפ, הלסינקי,",,,"י""ח",750,"ל מ""ל",false,1,69.90,9.28,true,1,
7290105691248,false,אסם חטיפי פריכונים טורטייה תירס 60 גרם,קבוצת אוסם סחר שותפות מוגבלת,,,"י""ח",60,ל גרם,false,1,9.40,15.67,false,1,
7290105691712,false,אסם עוגיות הפסקת קפה דגנים מלאים 230 גרם,קבוצת אוסם סחר שותפות מוגבלת,,,"י""ח",230,ל גרם,false,1,10.90,4.74,true,1,
7290105693341,false,מארז עשיריית במבה אסם 25*10 גרם,קבוצת אוסם סחר שותפות מוגבלת,,,"י""ח",250,ל גרם,false,1,16.90,6.76,true,1,
7290105694614,false,פסטה אוסם ספגטי מהיר הכנה 500 גרם,קבוצת אוסם סחר שותפות מוגבלת,,,"י""ח",500,ל גרם,false,1,6.90,1.38,true,1,
7290105695024,false,פתיתים אפויים אורז עם אטריות אסם 500 גרם,קבוצת אוסם סחר שותפות מוגבלת,,,"י""ח",500,ל גרם,false,1,7.90,1.58,true,1,
7290105695321,false,עוגת הבית בראוניס פאדג' אסם 380 גרם,קבוצת אוסם סחר שותפות מוגבלת,,,"י""ח",380,ל גרם,false,1,18.90,4.97,false,1,
7290105964564,false,חומוס אחלה 400 גרם. שטראוס,שטראוס גרופ בעמ/מצונן,,,"י""ח",400,ל גרם,false,1,9.50,2.38,false,1,
7290105966469,false,חומץ בלסמי ממודנה יד מרדכי (250 מל),אצטייה ג'וזפה קרמוני,,,"י""ח",250,"ל מ""ל",false,1,16.80,6.72,false,1,
7290105968098,false,סלט קולסלאו אחלה (500 גרם),שטראוס גרופ בעמ/מצונן,,,"י""ח",500,ל גרם,false,1,14.90,2.98,true,1,
7290105968654,false,רביולי עם בטטה פרווה שטראוס (400 גרם),שטראוס גרופ בעמ/מצונן,,,"י""ח",400,ל גרם,false,1,21.70,5.43,true,1,
7290105968777,false,פריכיות 5 דגנים עם תחתית שוקולד מריר 70 גרם,"טחנת האבן תעשיות בע""",,,"י""ח",1,,false,1,8.90,8.90,true,1,
7290106520066,false,"רבע לשבע שוקולד חלב במילוי אגוזים עלית 160 גרם בד""צ","הגביע מוצרי וופלים בע""\מ",,,"י""ח",160,ל גרם,false,1,12.90,8.06,false,1,
7290106520288,false,יוגורט פרו חלבון עם תות 2.4% שומן 150 ג' דנונה,שטראוס גרופ בעמ/מצונן,,,"י""ח",150,"ל מ""ל",false,1,4.90,3.27,true,1,
7290106520905,false,סלט טורקי אחלה (400 גרם),שטראוס גרופ בעמ/מצונן,,,"י""ח",400,ל גרם,false,1,14.90,3.73,true,1,
7290106520912,false,שמנת לבישול 9% שומן 258גר מהדרין יטבתה,שטראוס גרופ בעמ/מצונן,,,"י""ח",258,"ל מ""ל",false,1,8.60,3.33,true,1,
7290106521049,false,אחלה טעמי השוק קוביות סלק 400 גר,שטראוס גרופ בעמ/מצונן,,,"י""ח",500,ל גרם,false,1,14.90,2.98,true,1,
7290106521926,false,קפה טורקי בצלופן עלית 150 גרם,שטראוס קפה בי.ויn\.,,,"י""ח",150,ל גרם,false,1,13.90,9.27,true,1,
7290106524439,false,"תפוצ'יפס פופס 60 גרם ""עלית""","שטראוס פריטו ליי בע""\מ )",,,"י""ח",60,ל גרם,false,1,4.40,7.33,false,1,
7290106525368,false,גלילי וופל רבע לשבע אין סייד אוט 125 גר,"הגביע מוצרי וופלים בע""\מ",,,"י""ח",120,ל גרם,false,1,12.90,10.75,false,1,
7290106526822,false,פריכיות אורז חום מלא תחתית שוקולד חלב 80 גרם,"טחנת האבן תעשיות בע""",,,"י""ח",80,ל גרם,false,1,9,11.25,true,1,
7290106528567,false,חטיף תירס גריל דוריטוס (185 גרם),"שטראוס פריטו ליי בע""\מ )",,,"י""ח",185,ל גרם,false,1,9.90,5.35,false,1,
7290106572027,false,קרקר לחמית חמישה דגנים אסם (190 גרם),קבוצת אוסם סחר-שות.מוגבלת,,,"י""ח",230,ל גרם,false,1,9.90,4.30,true,1,
7290106572065,false,חטיפי טורטיה בטעם חמוץ מתוק אסם (60 גרם),קבוצת אוסם סחר שותפות מוגבלת,,,"י""ח",60,ל גרם,false,1,10.30,17.17,false,1,
7290106573628,false,חומוס עם טחינה צבר (400 גרם),קבוצת אוסם סחר שותפות מוגבלת,,,"י""ח",400,ל גרם,false,1,13.90,3.48,true,1,
7290106574953,false,בייגלה שטוחים כעכים שטוחים עם שומשום,קבוצת אוסם סחר שותפות מוגבלת,,,"י""ח",300,ל גרם,false,1,11.70,3.90,false,1,
7290106574977,false,בייגלה שטוחים טבעות עם מלח אסם (300 גרם),קבוצת אוסם סחר שותפות מוגבלת,,,"י""ח",300,ל גרם,false,1,11.70,3.90,false,1,
7290106575431,false,עוגת הבית סופלה בטעם שוקוניל 340 ג' אסם,קבוצת אוסם סחר-שות.מוגבלת,,,"י""ח",340,ל גרם,false,1,14.10,4.15,false,1,
7290106576223,false,"אפרופו שוקולד 40 גרם ""אסם""",קבוצת אוסם סחר שותפות מוגבלת,,,"י""ח",50,ל גרם,false,1,5.80,11.60,true,1,
7290106576513,false,סלט רק חומוס צבר 400 גרם,קבוצת אוסם סחר שותפות מוגבלת,,,"י""ח",400,ל גרם,false,1,11.90,2.98,false,1,
7290106576537,false,חומוס מסעדות צבר 700 גרם,קבוצת אוסם סחר שותפות מוגבלת,,,"י""ח",700,ל גרם,false,1,12.70,1.81,false,1,
7290106576810,false,גלידה לה קרמריה ריבת חלב 1.4 ל' נסטלה,נגה גלידות שותפות מוגבלת,,,"י""ח",1.40,ליטר,false,1,19.90,14.21,false,1,
7290106576834,false,גלידה לה קרמריה פונטש בננה1.4 ל' נסטלה,נגה גלידות שותפות מוגבלת,,,"י""ח",1.40,ליטר,false,1,19.90,14.21,false,1,
7290106576858,false,גלידה לה קרמריה תותים בשמנת 1.4 ל' נסטלה,נגה גלידות שותפות מוגבלת,,,"י""ח",1.40,ליטר,false,1,19.90,14.21,false,1,
7290106576957,false,"לה קרמריה גלידת שוקו וניל פליק פרווה כשל""פ 1.4",נגה גלידות שותפות מוגבלת,,,"י""ח",1.40,ליטר,false,1,19.90,14.21,false,1,
7290106576971,false,גלידה לה קרמריה שוקולד בלגי 1.4 ל' נסטלה,נגה גלידות שותפות מוגבלת,,,"י""ח",1.40,ליטר,false,1,19.90,14.21,false,1,
7290106576995,false,גלידה סורבה לה קרמריה תות מנגו לייט 1.4 ל' נסטלה,נגה גלידות שותפות מוגבלת,,,"י""ח",1.40,ליטר,false,1,19.90,14.21,false,1,
7290106577039,false,גלידה לה קרמריה שוקו וניל פליק 1.4 ל' נסטלה,נגה גלידות שותפות מוגבלת,,,"י""ח",1.40,ליטר,false,1,19.90,14.21,false,1,
7290106577282,false,טחינה אמיתית מרובע 400 ג' צבר,קבוצת אוסם סחר-שות.מוגבלת,,,"י""ח",400,ל גרם,false,1,14.30,3.58,true,1,
7290106577541,false,צבר כרוב אדום מרובע 400גרם,קבוצת אוסם סחר-שות.מוגבלת,,,"י""ח",400,ל גרם,false,1,13.90,3.48,true,1,
7290106577572,false,מטבוחה אמיתית מרובע 400 ג' צבר,קבוצת אוסם סחר-שות.מוגבלת,,,"י""ח",400,ל גרם,false,1,14.70,3.68,true,1,
7290106578692,false,ביסלי במבה מיקס מהדורת אליפות אסם 80 גרם,קבוצת אוסם סחר שותפות מוגבלת,,,"י""ח",60,ל גרם,false,1,5.20,8.67,true,1,
7290106578821,false,עוגת הבית שמרים קלאסית שוקולד אסם 350 גרם,קבוצת אוסם סחר שותפות מוגבלת,,,"י""ח",350,ל גרם,false,1,18.10,5.17,false,1,
7290106654099,false,מילקי CAKE עוגות אישיות במילוי קרם חלב,בובארד איטליה אס.פי.איי,,,"י""ח",272,ל גרם,false,1,20.90,7.68,true,1,
7290106656727,false,"עוגיות חיוכים שוקולד עלית 600 גרם בד""צ",אפיפית נצרת תעשיות ב,,,"י""ח",600,ל גרם,false,1,18.70,3.12,false,1,
7290106656734,false,"עוגיות חיוכים וניל עלית 600 גרם בד""צ",אפיפית נצרת תעשיות ב,,,"י""ח",600,ל גרם,false,1,18.60,3.10,false,1,
7290106663091,false,"לאבנה 9 % עם שמן זית 500 גר' ""שטראוס""",שטראוס גרופ בעמ/מצונן,,,"י""ח",500,ל גרם,false,1,19.90,3.98,false,1,
7290106663121,false,"עוגה אישית במילוי קרם חלב ""מילקי קייק"" שטראוס",בובארד איטליה אס.פי.איי,,,"י""ח",34,ל גרם,false,1,3.10,9.12,false,1,
7290106663558,false,"רוטב טריאקי ורימון יד מרדכי 280מ""ל",אף.סי תבליני בגליל ב,,,"י""ח",280,"ל מ""ל",false,1,15,5.36,false,1,
7290106666788,false,עלית - סוכריות נוסטלגיה דבש ממולאות 80 גרם,שטראוס גרופ בע`מ,,,"י""ח",100,ל גרם,false,1,6.90,6.90,false,1,
7290106667266,false,חטיף תירס חמוץ חריף דוריטוס (185 גרם),"שטראוס פריטו ליי בע""\מ )",,,"י""ח",185,ל גרם,false,1,9.90,5.35,false,1,
7290106668133,false,שוקולית בשקית 400 גר,שטראוס גרופ בעמ,,,"י""ח",400,ל גרם,false,1,11.90,2.98,false,1,
7290106668577,false,"מיץ לימון טיבעי 250 מ""ל יד מרדכי",האי נאם סי או אל.טי.,,,"י""ח",250,"ל מ""ל",false,1,8.80,3.52,true,1,
7290106668713,false,יוגורט עם פירות יער 3% שומן 150 ג' דנונה,שטראוס גרופ בעמ/מצונן,,,"י""ח",150,"ל מ""ל",false,1,3.90,2.60,true,1,
7290106720626,false,חטיף תירס בטעם גבינה צ`יטוס (80 גרם),"שטראוס פריטו ליי בע""\מ )",,,"י""ח",80,ל גרם,false,1,5.40,6.75,false,1,
7290106721920,false,צנצנת מסטיק מאסט בטעם ספירמינט עדין 66 ג' עלית,"שטראוס גרופ בע""\מ.",,,"י""ח",66,ל גרם,false,1,11.50,17.42,true,1,
7290106726178,false,יוגורט PRO עם פירות יער 2.4% 10 גרם חלבון בגביע,שטראוס גרופ בעמ/מצונן,,,"י""ח",150,"ל מ""ל",false,1,4.90,3.27,true,1,
7290106727984,false,"כיף כף פצפצים בגביע 135 גרם ""עלית""",שולן צ'\יקולטה גידה סאן.,,,"י""ח",135,ל גרם,false,1,11.50,8.52,false,1,
7290106729650,false,יוגורט עם תות מאגדת 8 יח' * 150ג' דנונה,שטראוס גרופ בעמ/מצונן,,,"י""ח",1.20,ליטר,false,1,26,21.67,false,1,
7290107280020,false,שלישיית מטליות לחות לניקוי כללי סנו סושי 50 יחידות,החברה הדרומית לשיווק בעמ,,,"י""ח",1,,false,1,18.90,18.90,false,1,
7290107280037,false,מטלית לחות עבות לניקוי סנו סושי מארז 50יח',החברה הדרומית לשיווק בעמ,,,"י""ח",1,,false,1,10.90,10.90,false,1,
7290107280129,false,סנו סושי 20 שקיות אשפה חזקות גדולות XXL,החברה הדרומית לשיווק בעמ,,,"י""ח",1,,false,1,23.90,23.90,false,1,
7290107280389,false,"סנו - ג'ט מרסס לניקוי בחדר האמבטיה 750 מ""ל",החברה הדרומית לשיווק בעמ,,,"י""ח",750,"ל מ""ל",false,1,16.90,2.25,false,1,
7290107280549,false,"סנו - K400 קוטל זבובים ויתושים 300 מ""ל",החברה הדרומית לשיווק בעמ,,,"י""ח",300,"ל מ""ל",false,1,19.90,6.63,false,1,
7290107280570,false,סנו - מקסימה ג'ל כביסה מרוכז לכביסה צבעונית 3 ליטר,החברה הדרומית לשיווק בעמ,,,"י""ח",3,ליטר,false,1,34.90,11.63,false,1,
7290107280600,false,טבליות למדיח סנו ספארק 100 טבליות במארז,החברה הדרומית לשיווק בעמ,,,"י""ח",100,"י""ח",false,1,54.90,0.55,false,1,
7290107280655,false,"אבקת כביסה בייבי סנו מקסימה 3.25 ק""ג",החברה הדרומית לשיווק בעמ,,,"י""ח",3.25,"ק""ג",false,1,31.90,9.82,false,1,
7290107280716,false,מלח למדיח להגנה מפני אבנית סנו ספארק Spark,החברה הדרומית לשיווק בעמ,,,"י""ח",2,"ק""ג",false,1,12.90,6.45,false,1,
7290107280723,false,נוזל לניקוי כלים סנו ספארק Spark בניחוח לימון רענן,החברה הדרומית לשיווק בעמ,,,"י""ח",700,"ל מ""ל",false,1,10.90,1.56,false,1,
7290107280747,false,נוזל לניקוי כלים סנו ספארק Spark קלאסי,החברה הדרומית לשיווק בעמ,,,"י""ח",700,"ל מ""ל",false,1,10.90,1.56,false,1,
7290107280761,false,נוזל לניקוי כלים בניחוח לימון רענן סנו ספארק Spark,החברה הדרומית לשיווק בעמ,,,"י""ח",1,ליטר,false,1,12.90,12.90,false,1,
7290107646062,false,אבקת מרק בצל רכיבים טבעיים קנור 400 ג',יוניליוור ישראל שיווק בע`מ,,,"י""ח",400,ל גרם,false,1,22.90,5.73,true,1,
7290107646147,false,"חטיף שוגי קורנפלקס תלמה 156 גרם מארז 6 יחידות בד""צ",יוניליוור ישראל שיווק בע`מ,,,"י""ח",156,ל גרם,false,1,14.90,9.55,false,1,
7290107646154,false,"חטיף קוקומן פצפוצים תלמה 126 גרם מארז 6 יחידות בד""צ",יוניליוור ישראל שיווק בע`מ,,,"י""ח",156,ל גרם,false,1,14.90,9.55,false,1,
7290107646826,false,"חטיף שוגי שוקו תלמה 156 גרם מארז 6 יחידות בד""צ",יוניליוור ישראל שיווק בע`מ,,,"י""ח",156,ל גרם,false,1,14.90,9.55,false,1,
7290107646970,false,"מיונז תלמה איולי שום 273 גר בד""ץ",יוניליוור ישראל שיווק בע`מ,,,"י""ח",250,ל גרם,false,1,9.90,3.96,false,1,
7290107647731,false,קוקומן חום לבן 20% פחות סוכר 375 גרם ב,יוניליוור ישראל שיווק בע`מ,,,"י""ח",375,ל גרם,false,1,21.90,5.84,true,1,
7290107647816,false,"דגני ברנפלקס ללא תוספת סוכר 500 גרם בד""צ",יוניליוור ישראל שיווק בע`מ,,,"י""ח",500,ל גרם,false,1,22.90,4.58,false,1,
7290107649094,false,בייגלה מקלות ארוכים שומשום ב.בייגל 150 גר',יוניליוור ישראל שיווק בע`מ,,,"י""ח",150,ל גרם,false,1,6.10,4.07,false,1,
7290107649100,false,בייגלה טבעות שומשום 300 גרם.,יוניליוור ישראל שיווק בע`מ,,,"י""ח",300,ל גרם,false,1,11.90,3.97,true,1,
7290107649858,false,טילון סופר מגנום וניל ושוקלד לבן,"מיוצר ע""\י גלידת שטראוס",,,"י""ח",85,ל גרם,false,1,11,12.94,true,1,
7290107871990,false,פסטה צינורות מהדרין אסם (500 גרם),קבוצת אוסם סחר שותפות מוגבלת,,,"י""ח",500,ל גרם,false,1,6.90,1.38,true,1,
7290107874502,false,ביסלי גריל קדמ. מארז אחיד 10 4*55 גרם,קבוצת אוסם סחר שותפות מוגבלת,,,"י""ח",210,ל גרם,false,1,13,6.19,true,1,
7290107875158,false,במבה קלאסי מארז 4 יח' *60ג' אסם,קבוצת אוסם סחר-שות.מוגבלת,,,"י""ח",240,ל גרם,false,1,14.70,6.13,true,1,
7290107875271,false,ביסלי ברביקיו קדמ. מארז אחיד10 4*55 גרם,קבוצת אוסם סחר שותפות מוגבלת,,,"י""ח",210,ל גרם,false,1,12.90,6.14,true,1,
7290107875820,false,קרוטונים אפויים בתיבול ביתי אוסם 180 ג',קבוצת אוסם סחר שותפות מוגבלת,,,"י""ח",250,ל גרם,false,1,12.90,5.16,false,1,
7290107877619,false,מארז במבה במילוי קרם נוגט 5*30ג' אסם,קבוצת אוסם סחר שותפות מוגבלת,,,"י""ח",150,ל גרם,false,1,14.90,9.93,true,1,
7290107879521,false,קרחון לה פרוטה שרבט תות מאגדת 5יח',נגה גלידות שותפות מוגבלת,,,"י""ח",350,ל גרם,false,1,26.90,7.69,false,1,
7290107930321,false,קונפיטורת יד מרדכי דובדובן 340 גרם,"שטראוס גרופ בע""מ",,,"י""ח",250,ל גרם,false,1,15.80,6.32,false,1,
7290107931397,false,כיף כף פצפוצים במילוי שוקולד 40 גרם,שולן צ'\יקולטה גידה סאן.,,,"י""ח",40,ל גרם,false,1,5.60,14,true,1,
7290107932080,false,חלב מועשר יוטבתה בבקבוק 3% 1 ליטר,שטראוס גרופ בעמ/מצונן,,,"י""ח",1,ליטר,false,1,7.90,7.90,false,1,
7290107932134,false,חלב מועשר יוטבתה בבקבוק 1% 1 ליטר,שטראוס גרופ בעמ/מצונן,,,"י""ח",1,ליטר,false,1,7.90,7.90,false,1,
7290107934473,false,שמינייה יוגורט לבן אקטיביה 1.5% דנונה 150 גרם,שטראוס גרופ בעמ/מצונן,,,"י""ח",1.20,ליטר,false,1,21.50,17.92,false,1,
7290107936958,false,עד חצות ביסקוויט אצבעות שוקולד 125 גרם,ביסקוויטס טור ד'\אלבון,,,"י""ח",66,ל גרם,false,1,11.90,18.03,false,1,
7290107937627,false,מסטיק מאסט Must קוביות ללא סוכר בטעם מנטה עדינה,שטראוס גרופ בע`מ,,,"י""ח",66,ל גרם,false,1,11.50,17.42,true,1,
7290107937634,false,צנצנית מסטיק מאסט קוביות פפירמינט 58 ג' עלית,שטראוס גרופ בע`מ,,,"י""ח",66,ל גרם,false,1,11.90,18.03,true,1,
7290107938396,false,שמיניית אקטימל תות דיסני בנים 108 גרם,שטראוס גרופ בעמ/מצונן,,,"י""ח",800,"ל מ""ל",false,1,22.70,2.84,false,1,
7290107940030,false,"חומוס אחלה מופחת שומן 650 גרם ""אחלה""","שטראוס גרופ ***בע""מ",,,"י""ח",500,ל גרם,false,1,10.90,2.18,true,1,
7290107943369,false,קוואקר שיבולת שועל ללא גלוטן 511 גרם,שטראוס פריטו ליי בע`מ,,,"י""ח",511,ל גרם,false,1,20.90,4.09,false,1,
7290107944243,false,אפיפיות בטעם שוקולד 200 גרם כשר לפסח,"שטראוס גרופ בע""\מ",,,"י""ח",200,ל גרם,false,1,9.90,4.95,false,1,
7290107944472,false,סימפוניה גבינה במרקם שמנת 5% שום שמיר,שטראוס גרופ בעמ/מצונן,,,"י""ח",200,ל גרם,false,1,12,6,true,1,
7290107945165,false,קונפיטורת משמש יד מרדכי 340 גרם,אף.סי תבליני בגליל ב,,,"י""ח",340,ל גרם,false,1,15.70,4.62,false,1,
7290107950190,false,מעדן חלב דל קלוריות בטעם שוקולד מריר 0.5% שומן,שטראוס גרופ בעמ/מצונן,,,"י""ח",130,ל גרם,false,1,3.40,2.62,false,1,
7290107950206,false,מעדן דיאט שוקולד שטראוס 130 גרם,שטראוס גרופ בעמ/מצונן,,,"י""ח",130,ל גרם,false,1,3.40,2.62,false,1,
7290107951104,false,בפלות ופלים ארוכים בטעם שוקולד,"שטראוס גרופ בע""\מ",,,"י""ח",200,ל גרם,false,1,5.40,2.70,false,1,
7290107951111,false,בפלות ופלים ארוכים בטעם לימון,שטראוס גרופ בע`מ,,,"י""ח",200,ל גרם,false,1,5.40,2.70,false,1,
7290107951715,false,צנצנת מסטיק מאסט קוביות בטעם ענבים 58 ג' עלית,שטראוס גרופ בע`מ,,,"י""ח",66,ל גרם,false,1,11.90,18.03,true,1,
7290107953559,false,"מארז קפה טורקי עלית לדרך כשל""פ 168 גרם",הנסיך- מפעל לייצור ט,,,"י""ח",168,ל גרם,false,1,20,11.90,false,1,
7290107954709,false,"קונפיטורת פירות יער ""יד מרדכי"" 340 גר'",שטראוס גרופ בע`מ,,,"י""ח",340,ל גרם,false,1,15.80,4.65,false,1,
7290107954976,false,משקה חלב PRO עם קפה 1.5% 25 גרם חלבון בבקבוק,שטראוס גרופ בעמ/מצונן,,,"י""ח",350,ל גרם,false,1,6.90,1.97,false,1,
7290107956895,false,קפסולות טעם קרמל למכונות נספרסו 50גר,שטראוס קפה בי.וי.,,,"י""ח",50,ל גרם,false,1,19.90,39.80,true,1,
7290107956925,false,קפסולות 13 אוגנדה למכונת נספרסו עלית 10יח',שטראוס קפה בי.וי.,,,"י""ח",50,ל גרם,false,1,19.90,39.80,true,1,
7290107956932,false,קפסולות אספרסו אידונזיה למכונות 50 גר,שטראוס קפה בי.וי.,,,"י""ח",50,ל גרם,false,1,19.90,39.80,true,1,
7290107957069,false,"מסטיק ע""למה ""בטעם אוכניות 66 גרם צנצנת ""עלית""","שטראוס גרופ בע""\מ",,,"י""ח",66,ל גרם,false,1,11.50,17.42,true,1,
7290107957076,false,"מסטיק ""עלמה"" בטעם ספירמנט 66 גרם צנצנת ""עלית""","שטראוס גרופ בע""\מ",,,"י""ח",66,ל גרם,false,1,11.70,17.73,true,1,
7290107958035,false,יוגורט במתיקות מעודנת 2% ללא תוספת סוכר- מארז 8 יח,שטראוס גרופ בעמ/מצונן,,,"י""ח",1.20,ליטר,false,1,19.30,16.08,false,1,
7290107973793,false,שימורי עגבניות שלמות 400 ג' מאסטר שף,פראנו אריקו ופיגלי ס,,,"י""ח",400,ל גרם,false,1,6.90,1.73,false,1,
7290107973861,false,מאסטר שף עגבניות קצוצות דק שלישיה 400ג*3 כשלפ,קונסרזיו קאסאלאסקו ד,,,"י""ח",1.20,"ק""ג",false,1,17.90,14.92,false,1,
7290107974066,false,"עלי טורטיה קמח מלא 20ס""מ 8יח' מאסטר שף 320ג'",אלקאטי קורביישיסי גי,,,"י""ח",320,ל גרם,false,1,11.90,3.72,false,1,
7290107974073,false,עלי טורטיה קמח לבן 320 גר`מנה מאסטר שף,אלקאטי קורביישיסי גי,,,"י""ח",320,ל גרם,false,1,10.90,3.41,false,1,
7290107974080,false,עלי טורטיה קמח לבן 744 גר`מנה מאסטר שף,הדקלאים אגודת שיתופי,,,"י""ח",740,ל גרם,false,1,18.90,2.55,false,1,
7290107974806,false,"אורז בסגנון בסמטי 1ק""ג מאסטר שף",דווה סינג שיהם סינג,,,"י""ח",1,"ק""ג",false,1,12.90,12.90,false,1,
7290107974837,false,מנה מאסטר שף ממרח מתובל שום 246 גר,רמיה סי.וי.הולנד,,,"י""ח",253,ל גרם,false,1,8.90,3.52,false,1,
7290107978323,false,איטריות דקיקות מאסטר שף 400 גרם,הדקלאים אגודת שיתופי,,,"י""ח",400,ל גרם,false,1,5.90,1.48,true,1,
7290107978330,false,מאסטר שף איטריות דקות 400 גרם,הדקלאים אגודת שיתופי,,,"י""ח",400,ל גרם,false,1,5.90,1.48,true,1,
7290107978347,false,איטריות בינוניות מאסטר שף 400 גרם,הדקלאים אגודת שיתופי,,,"י""ח",400,ל גרם,false,1,5.90,1.48,true,1,
7290107978453,false,חטיף בטעם גריל קראנצ,ש. שסטוביץ בע`מ,,,"י""ח",55,ל גרם,false,1,3.90,7.09,true,1,
7290108090338,false,עגבניה תמר,ביכורי השדה צפון 1994 ג.ד. בעמ,,,"ק""ג",1,,true,1,3.90,3.90,false,1,
7290108201284,false,איירוויק מקלות ריחניים בניחוח לבנדר מתוק,רקיט בנקיזר (ניר איסט) בעמ,,,"י""ח",30,"ל מ""ל",false,1,16.90,56.33,true,1,
7290108201871,false,קולון קפסולות גל לכביסה 42 יחידות,רקיט בנקיזר (ניר איסט) בעמ,,,"י""ח",42,"י""ח",false,1,39.90,0.95,false,1,
7290108350258,false,נייר טואלט דו שכבתי ארוך פי 3 - מארז 12 גלילים,החברה הדרומית לשיווק בעמ,,,"י""ח",84.64,מטר,false,1,39.90,0.47,false,1,
7290108350555,false,נוזל כלים סנו ספארק Spark היפואלרגני פריחת השקד,החברה הדרומית לשיווק בעמ,,,"י""ח",1,ליטר,false,1,12.90,12.90,false,1,
7290108350586,false,נוזל לניקוי כלים סנו ספארק Spark בניחוח לימון רענן,החברה הדרומית לשיווק בעמ,,,"י""ח",1.50,ליטר,false,1,15.90,10.60,false,1,
7290108350616,false,סנו - מקסימה מרכך כביסה מרוכז פריחה כחולה 1 ליטר,החברה הדרומית לשיווק בעמ,,,"י""ח",1,ליטר,false,1,19.90,19.90,false,1,
7290108350777,false,שלישייה סבון נוזלי נ,החב הדרומית לשיווק,,,"י""ח",1.50,ליטר,false,1,18.90,12.60,false,1,
7290108351507,false,מרכך כביסה אינספרישיין סנו מקסימה 4 ליטר,החברה הדרומית לשיווק בעמ,,,"י""ח",4,ליטר,false,1,21.90,5.48,false,1,
7290108351514,false,מרכך כביסה בלו בלוסום סנו מקסימה 4 ליטר,החברה הדרומית לשיווק בעמ,,,"י""ח",4,ליטר,false,1,21.90,5.48,false,1,
7290108351569,false,מבשם ומרכך למייבש כביסה Baby לתינוקות ולעור רגיש,החברה הדרומית לשיווק בעמ,,,"י""ח",750,"ל מ""ל",false,1,19.90,2.65,true,1,
7290108351583,false,"סנו - ג'ט פלוס חומץ ג'ל לניקוי אסלות לבנדר 750 מ""ל",החברה הדרומית לשיווק בעמ,,,"י""ח",750,"ל מ""ל",false,1,9.90,1.32,true,1,
7290108351613,false,סנו ריצפז פרש הום 2 ליטר בניחוח מלון חלומי,החברה הדרומית לשיווק בעמ,,,"י""ח",1.45,ליטר,false,1,22.90,15.79,false,1,
7290108352047,false,אורביטול - צמד מברשות שיניים 808 + חוט דנטלי במתנה,החברה הדרומית לשיווק בעמ,,,"י""ח",1,,false,1,19.90,19.90,false,1,
7290108352092,false,משחת שיניים אורביטול פרוטקטיב סולט בטעם מנטה,טרופיקל דגיל תעשיות קוסמ,,,"י""ח",145,ל גרם,false,1,17.90,12.34,true,1,
7290108352207,false,מקסימה 40 קפסולות לכביסה בניחוח fresh burst,החברה הדרומית לשיווק בעמ,,,"י""ח",40,"י""ח",false,1,39.90,1,false,1,
7290108352283,false,נוזל לחיטוי וניקוי רצפות- סדרת 99.9% סנו 2 ליטר,החברה הדרומית לשיווק בעמ,,,"י""ח",1,"י""ח",false,1,17.90,17.90,false,1,
7290108352320,false,"מבשם אויר סנו פרש הום בניחוח כותנה מלטפת 350 מ""ל",החברה הדרומית לשיווק בעמ,,,"י""ח",350,"ל מ""ל",false,1,14.90,4.26,false,1,
7290108352450,false,ריצפז פרש הום בניחוח מרכך כביסה בלו בלוסום,החברה הדרומית לשיווק בעמ,,,"י""ח",1.45,ליטר,false,1,22.90,15.79,false,1,
7290108352573,false,מרכך כביסה סנו מקסימה בבישום עוצמתי 4 ליטר,החברה הדרומית לשיווק בעמ,,,"י""ח",4,ליטר,false,1,21.90,5.48,false,1,
7290108352597,false,דלי מגבונים לניקוי כללי סנו 400 יחידות,החברה הדרומית לשיווק בעמ,,,"י""ח",400,"י""ח",false,1,31.90,0.08,false,1,
7290108352641,false,סנו סושי מטלית הפלא לניקוי כללי במארז שלישייה,החברה הדרומית לשיווק בעמ,,,"י""ח",3,"י""ח",false,1,14.90,4.97,false,1,
7290108352825,false,ספוג הפלא נירוסטה סנו סושי 3יח',החברה הדרומית לשיווק בעמ,,,"י""ח",1,,false,1,12.90,12.90,false,1,
7290108352887,false,"זוג מפות שולחן עשויות מבד בלתי ארוג 180*120 ס""מ",החברה הדרומית לשיווק בעמ,,,"י""ח",1,,false,1,9.90,9.90,false,1,
7290108352900,false,מגבות נייר בגליל כפול סנו סושי 12=6 גלילים,החברה הדרומית לשיווק בעמ,,,"י""ח",84.64,מטר,false,1,24.90,0.29,false,1,
7290108353075,false,מפיות אירוח גדולות ועבות סנו סושי 50 יחידות,החברה הדרומית לשיווק בעמ,,,"י""ח",50,"י""ח",false,1,11.90,0.24,false,1,
7290108353402,false,צמד מברשות שיניים עם סיבי פחם דקים במיוחד,יבואן ומשווק: ש. שסט,,,"י""ח",1,,false,1,19.90,19.90,false,1,
7290108354492,false,"קרליין שמפו 10 לשיער שמן ארגן 700 מ""ל",החברה הדרומית לשיווק בעמ,,,"י""ח",700,"ל מ""ל",false,1,13.90,1.99,true,1,
7290108355178,false,"קרמה - קרם ידיים חמאת שיאה וקוקוי 100 מ""ל",החברה הדרומית לשיווק בעמ,,,"י""ח",100,"ל מ""ל",false,1,12.90,12.90,true,1,
7290108356373,false,סנו - מדיק ג'ל לניקוי ידיים מיניונים סיליקון,החברה הדרומית לשיווק בעמ,,,"י""ח",1,,false,1,9.90,9.90,false,1,
7290108356403,false,"כיף תחליב רחצה בניחוח עוגת חד קרן 700 מ""ל",החב. הדרומית לשיווק,,,"י""ח",700,"ל מ""ל",false,1,13.90,1.99,false,1,
7290108356533,false,קרוליין 10 שמפו לשיער מתולתל 700 מל,החברה הדרומית לשיווק בעמ,,,"י""ח",700,"ל מ""ל",false,1,14.90,2.13,true,1,
7290108356564,false,"קרליין - מרכך 10 לשיער רגיל 700 מ""ל",החברה הדרומית לשיווק בעמ,,,"י""ח",700,"ל מ""ל",false,1,14.90,2.13,true,1,
7290108357240,false,"אוקסיג'ן פאוור תוסף להסרת כתמים קשים 1.4 ק""ג",החברה הדרומית לשיווק בעמ,,,"י""ח",1.40,"ק""ג",false,1,31.90,22.79,false,1,
7290108357653,false,סנובון ג'ל לאסלה שלישיה בניחוח אוקיינוס,החברה הדרומית לשיווק בעמ,,,"י""ח",65,"ל מ""ל",false,1,15.90,24.46,false,1,
7290108357660,false,סנובון Bubbles שלישיית כדוריות ג'ל אסלה ניחוח לבנדר,החברה הדרומית לשיווק בעמ,,,"י""ח",65,"ל מ""ל",false,1,15.90,24.46,false,1,
7290108357707,false,"כיף שמפו לשיער רגיל- תפוח זרעי צ'יה 700 מ""ל",החברה הדרומית לשיווק בעמ,,,"י""ח",700,"ל מ""ל",false,1,13.90,1.99,false,1,
7290108357745,false,"כיף שמפו ומרכך 700 מ""ל 2ב-1 תאנה ומנטה",החברה הדרומית לשיווק בעמ,,,"י""ח",700,"ל מ""ל",false,1,13.90,1.99,false,1,
7290108359060,false,סנו סושי כריות הפלא רב תכלתיות *4 לשבת,החברה הדרומית לשיווק בעמ,,,"י""ח",1,,false,1,12.90,12.90,false,1,
7290108359077,false,סנו - סופט לושן ממחטות אף בקופסא 3 שכבות 120 יח',החברה הדרומית לשיווק בעמ,,,"י""ח",440,ל גרם,false,1,12.90,2.93,false,1,
7290108359169,false,"תבנית אלומיניום עגולה 628 ס""מ יחי סנו סושי",החברה הדרומית לשיווק בעמ,,,"י""ח",6,"י""ח",false,1,12.90,2.15,false,1,
7290108359985,false,סנו - ז'אוול מרסס קצף לניקוי וחינו בניחוח פריחה לבנה 1 ליטר,החברה הדרומית לשיווק בעמ,,,"י""ח",1,ליטר,false,1,19.90,19.90,false,1,
7290108500677,false,כבד דג שיבוט בשמן דג וילי פוד 115 גרם,ג. וילי-פוד אינטרנשיונל בע`מ,,,"י""ח",115,ל גרם,false,1,11,9.57,true,1,
7290108501377,false,שפרוטים מעושנים בשמן מרינה מכסה שקוף 160 ג',ג. וילי-פוד אינטרנשיונל בע`מ,,,"י""ח",160,ל גרם,false,1,10.50,6.56,false,1,
7290108502305,false,גבינת גרנה פדנו משולש ויליפוד 150 גרם,ג.וילי-פוד אינטרנשיונל **גבינו,,,"י""ח",150,ל גרם,false,1,16.90,11.27,false,1,
7290108502329,false,רביעיית טונה בשמן זית ויליפוד 4*160 גרם,ג. וילי-פוד אינטרנשיונל בע`מ,,,"י""ח",640,ל גרם,false,1,28.90,4.52,false,1,
7290108502725,false,גבינת גאודה פרוסות ויליפוד 400 גרם,ג.וילי-פוד אינטרנשיונל **גבינו,,,"י""ח",120,ל גרם,false,1,20.90,17.42,false,1,
7290108502763,false,גבינת קממבר ויליפוד 200 גרם,ג.וילי-פוד אינטרנשיונל **גבינו,,,"י""ח",200,ל גרם,false,1,19.90,9.95,false,1,
7290108502862,false,מלפפונים כבושים במלח 18-25 קטנים ויליפוד 600 גרם,ג. וילי-פוד אינטרנשיונל בע`מ,,,"י""ח",600,ל גרם,false,1,11.90,1.98,false,1,
7290108503043,false,תפוחונים חטיף פלחים מיובשים מארז 22X4ג',ג. וילי-פוד אינטרנשיונל בע`מ,,,"י""ח",4,"י""ח",false,1,15.90,3.98,false,1,
7290108503975,false,פסטה איטליאנה קנלוני ויליפוד 250 גרם,ג. וילי-פוד אינטרנשיונל בע`מ,,,"י""ח",397,ל גרם,false,1,9.90,2.49,false,1,
7290108504286,false,איבריקו צ`אנק 150 גר` וילי פוד,ג.וילי-פוד אינטרנשיונל **גבינו,,,"י""ח",150,ל גרם,false,1,21.90,14.60,true,1,
7290108504934,false,"דפי אורז למילוי 22 ס""מ 300 גרם בית יוסף",ג.וילי פוד אינטרנשיונל בעמ,,,"י""ח",300,ל גרם,false,1,10.90,3.63,true,1,
7290108505490,false,דונאטס קפוא ויליפוד,ג.וילי פוד אינטרנשיונל בעמ,,,"י""ח",1,,false,1,5.90,5.90,true,1,
7290108505689,false,גבינת גרנה פדנו מגורדת ויליפוד 100 גרם,ג.וילי-פוד אינטרנשיונל **גבינו,,,"י""ח",100,ל גרם,false,1,10.20,10.20,false,1,
7290108505719,false,גבינת מוצרלה מגורדת EURO CHEESE ויליפוד 200 גרם,ג.וילי-פוד אינטרנשיונל **גבינו,,,"י""ח",200,ל גרם,false,1,13.90,6.95,false,1,
7290108507850,false,זיתים ירוקים שלמים במי מלח 570 גרם מסיציליה חתם סופר,ג.וילי פוד אינטרנשיונל בעמ,,,"י""ח",570,ל גרם,false,1,12.90,2.26,false,1,
7290108507911,false,קינואה עם טונה וירקות 160 גר ויליפוד,ג. וילי-פוד אינטרנשיונל בע`מ,,,"י""ח",160,ל גרם,false,1,12.90,8.06,false,1,
7290108507942,false,ירקות גינה+טונה 160 גרם בית יוסף,ג.וילי-פוד אינטרנשיונל בעמ,,,"י""ח",160,ל גרם,false,1,12.90,8.06,false,1,
7290108508499,false,"איירן משקה יוגורט בסגנון טורקי יורו 293 מ""ל",ג.וילי-פוד אינטרנשיונל **גבינו,,,"י""ח",293,ל גרם,false,1,5.90,2.01,true,1,
7290108509205,false,ויליפוד חטיף אורז אפוי בטעם טבעי לתינוקות 50 גר',ג. וילי-פוד אינטרנשיונל בע`מ,,,"י""ח",50,ל גרם,false,1,11.90,23.80,false,1,
7290108509212,false,ויליפוד חטיף אורז אפוי בטעם ירקות לתינוקות 50 גר',ג. וילי-פוד אינטרנשיונל בע`מ,,,"י""ח",50,ל גרם,false,1,11.90,23.80,false,1,
7290108509229,false,חטיף אורז בטעם בננה לתינוקות ויליפוד 50 גרם,ג. וילי-פוד אינטרנשיונל בע`מ,,,"י""ח",50,ל גרם,false,1,11.90,23.80,false,1,
7290108509267,false,ארוחת פסטה עם רוטב גבינה ויליפוד 206 גרם,ג. וילי-פוד אינטרנשיונל בע`מ,,,"י""ח",206,ל גרם,false,1,7.90,3.83,true,1,
7290108509700,false,אורז פרסי 1 קג`DAAWAT וילי פוד,ג. וילי-פוד אינטרנשיונל בע`מ,,,"י""ח",1,"ק""ג",false,1,9.90,9.90,false,1,
7290108509731,false,איירן משקה יוגורט בסגנון טורקי 2.3% שומן 1ל' יורו,ג.וילי-פוד אינטרנשיונל **גבינו,,,"י""ח",1,ליטר,false,1,14.90,14.90,false,1,
7290108509984,false,"רוטב סויה 300 מ""ל וילי פוד",ג.וילי-פוד אינטרנשיונל בעמ,,,"י""ח",300,ל גרם,false,1,8.90,2.97,false,1,
7290108509991,false,"רוטב טריאקי 300 מ""ל וילי פוד",ג.וילי-פוד אינטרנשיונל בעמ,,,"י""ח",300,ל גרם,false,1,8.90,2.97,false,1,
7290109071985,false,כפפות גבר,ביג מול בעמ,,,"י""ח",1,,false,1,29.90,29.90,false,1,
7290109351025,false,מלך החומוס חומוסטחינה 40% טחינה גולמית,קבוצת אוסם סחר שותפות מוגבלת,,,"י""ח",400,ל גרם,false,1,15.40,3.85,true,1,
7290109351957,false,פריכיות פיטנס מיני גדולות שוקולד חלב 100ג',קבוצת אוסם סחר שותפות מוגבלת,,,"י""ח",100,ל גרם,false,1,9.60,9.60,false,1,
7290109353494,false,פסטה פרפקטו פארפאלה 500ג' אסם,קבוצת אוסם סחר-שות.מוגבלת,,,"י""ח",500,ל גרם,false,1,9.70,1.94,false,1,
7290109354972,false,אוסם - פתי בר וניל חלבי ללא גלוטן 200 גרם,קבוצת אוסם סחר שותפות מוגבלת,,,"י""ח",200,ל גרם,false,1,12.90,6.45,true,1,
7290109355504,false,שלגון קראנץ וניל ליבת נוגט נסטלה 100 גרם,נגה גלידות שותפות מוגבלת,,,"י""ח",100,ל גרם,false,1,11.90,11.90,true,1,
7290109358482,false,עוגיות קרמוגית במילוי קרם בטעם חלבה,קבוצת אוסם סחר שותפות מוגבלת,,,"י""ח",200,ל גרם,false,1,11.90,5.95,true,1,
7290109358765,false,דגני בוקר קראנץ' רולס נוגט 450 גרם,קבוצת אוסם סחר-שות.מוגבלת,,,"י""ח",500,ל גרם,false,1,25.90,5.18,true,1,
7290109580043,false,"שניצל תירס קלאסי זוגלובק 1.75 ק""ג",נקניק זוגלובק נהריה,,,"י""ח",1.75,"ק""ג",false,1,49.90,28.51,false,1,
7290109580098,false,קבנוס בטעם סרירצ'ה זוגלובק 135 גרם,נקניק זוגלובק נהריה,,,"י""ח",135,ל גרם,false,1,12.50,9.26,false,1,
7290109580104,false,רוסטביף פרימיום זוגלובק 150 גרם,נקניק זוגלובק נהריה,,,"י""ח",150,ל גרם,false,1,24.90,16.60,false,1,
7290109580241,false,נאגטס מן הצומח זוגלובק 500 גרם,נקניק זוגלובק נהריה,,,"י""ח",0.50,"ק""ג",false,1,22.90,45.80,false,1,
7290109580432,false,פסטרמה חזה הודו מעושן דק דק זוגלובק 120 גרם,נקניק זוגלובק נהריה,,,"י""ח",120,ל גרם,false,1,13.90,11.58,true,1,
7290109920580,false,"מרסס עם אקונומיקה אסטוניש 750 מ""ל",יעקב יעקבי ובניו בע`מ,,,"י""ח",750,"ל מ""ל",false,1,16.90,2.25,true,1,
7290109920658,false,"אסטוניש - מרסס אנטי בקטריאלי למטבח 750 מ""ל",יעקב יעקבי ובניו בעמ,,,"י""ח",750,"ל מ""ל",false,1,16.90,2.25,true,1,
7290109921372,false,אסטוניש משחה לניקוי תנורים וגריל+ספוג 250 גר',"יעקב יעקבי ובניו בע""מ",,,"י""ח",250,"ל מ""ל",false,1,17.90,7.16,false,1,
7290109921747,false,סבון לאסלה 5 טיפות אריזת שלישייה,יעקב יעקבי ובניו בעמ,,,"י""ח",1,,false,1,17.90,17.90,false,1,
7290109922843,false,האקונומיקה המובילה באירופה נוסחה ייחודית מרוכז 2 ל,יעקב יעקבי ובניו בעמ,,,"י""ח",2,ליטר,false,1,11.90,5.95,false,1,
7290109923147,false,אסטוניש מהדורה פרימיום פלא של אקונומיקה,יעקב יעקבי ובניו בע`מ,,,"י""ח",500,"ל מ""ל",false,1,14.90,2.98,false,1,
7290110110277,false,"סומרסבי סיידר תפוחים אלכוהולי 4*300 מ""ל",החברה המרכזית להפצת משקאות בעמ,,,"י""ח",1.32,ליטר,false,1,37.10,27.20,true,1,
7290110110369,false,"שישייה בירה קרלסברג LUMA בקבוק 330 מ""ל",החברה המרכזית להפצת משקאות בעמ,,,"י""ח",1.98,ליטר,false,1,46.90,22.78,true,1,
7290110110659,false,"ספרייט לימון ליים פחית 330מ""ל",החברה המרכזית להפצת משקאות בעמ,,,"י""ח",330,"ל מ""ל",false,1,4.90,1.39,true,1,
7290110113377,false,קוקה קולה מארז רביעיה 1X4 ליטר,החברה המרכזית להפצת משקאות בעמ,,,"י""ח",4,ליטר,false,1,29.90,7.18,false,1,
7290110113384,false,קוקה קולה זירו מארז רביעיה 1X4 ליטר,החברה המרכזית להפצת משקאות בעמ,,,"י""ח",4,ליטר,false,1,29.90,7.18,false,1,
7290110113926,false,פאנטה ZERO אורנג 0.5 חייב פקדון,החברה המרכזית להפצת משקאות בעמ,,,"י""ח",500,"ל מ""ל",false,1,8,1.54,true,1,
7290110114800,false,נביעות+ מים מינרליים בטעם ענבים 1.5 ליטר,החברה המרכזית להפצת משקאות בעמ,,,"י""ח",1.50,ליטר,false,1,9.20,5.93,false,1,
7290110114855,false,"נביעות מים מינרליים, שישיה 6 * 1.5 ליטר פקדון",החברה המרכזית להפצת משקאות בעמ,,,"י""ח",9,ליטר,false,1,14.50,1.41,false,1,
7290110114954,false,מיץ תפוזים מתקתקים פריגת 2 ליטר,החברה המרכזית טלהפצת משקאות בע,,,"י""ח",2,ליטר,false,1,21.90,10.80,false,1,
7290110114961,false,משקה קל בטעם תפוזים פריגת (1.5 ליטר),החברה המרכזית להפצת משקאות בעמ,,,"י""ח",1.50,ליטר,false,1,9,5.80,false,1,
7290110114985,false,משקה קל בטעם אשכוליות פריגת (1.5 ליטר),החברה המרכזית להפצת משקאות בעמ,,,"י""ח",1.50,ליטר,false,1,9,5.80,false,1,
7290110114992,false,משקה קל בטעם אשכוליות לייט פריגת (1.5 לי,החברה המרכזית להפצת משקאות בעמ,,,"י""ח",1.50,ליטר,false,1,8.50,5.47,false,1,
7290110115005,false,משקה קל בטעם ענבים פריגת (1.5 ליטר),החברה המרכזית להפצת משקאות בעמ,,,"י""ח",1.50,ליטר,false,1,9,5.80,false,1,
7290110115036,false,משקה קל בטעם מנגו פריגת (1.5 ליטר),החברה המרכזית להפצת משקאות בעמ,,,"י""ח",1.50,ליטר,false,1,9,5.80,false,1,
7290110115043,false,משקה קל בטעם לימונענע פריגת (1.5 ליטר),החברה המרכזית להפצת משקאות בעמ,,,"י""ח",1.50,ליטר,false,1,9,5.80,false,1,
7290110115050,false,משקה קל בטעם תות בננה פריגת (1.5 ליטר),החברה המרכזית להפצת משקאות בעמ,,,"י""ח",1.50,ליטר,false,1,9,5.80,false,1,
7290110115180,false,נביעות מים מינרלים שקט 1.5 ליטר פיקדון,החברה המרכזית להפצת משקאות בעמ,,,"י""ח",1.50,ליטר,false,1,3.10,1.87,false,1,
7290110115203,false,קוקה קולה 1.5 ליטר פיקדון,החברה המרכזית להפצת משקאות בעמ,,,"י""ח",150,"ל מ""ל",false,1,9.20,5.93,false,1,
7290110115210,false,קוקה קולה דיאט 1.5 ליטר פיקדון,החברה המרכזית להפצת משקאות בעמ,,,"י""ח",1.50,ליטר,false,1,8.30,5.33,false,1,
7290110115227,false,קוקה קולה Zero בקבוק 1.5 ליטר פיקדון,החברה המרכזית להפצת משקאות בעמ,,,"י""ח",1.50,ליטר,false,1,9,5.80,false,1,
7290110115265,false,ספרייט לימון ליים 1.5 ליטר-,החברה המרכזית להפצת משקאות בעמ,,,"י""ח",1.50,ליטר,false,1,9,5.80,true,1,
7290110115272,false,ZERO ספרייט 1.5 ליטר פיקדון,החברה המרכזית להפצת משקאות בעמ,,,"י""ח",1.50,ליטר,false,1,9.50,6.13,true,1,
7290110115296,false,גזוז בטעם תפוז פאנטה 1.5 ליטר פיקדון,החברה המרכזית להפצת משקאות בעמ,,,"י""ח",1.50,ליטר,false,1,9,5.80,false,1,
7290110115302,false,משקה מוגז אורנג' זירו פאנטה 1.5 ליטר,החברה המרכזית להפצת משקאות בעמ,,,"י""ח",1.50,ליטר,false,1,8.50,5.47,false,1,
7290110115357,false,קינלי סודה 1.5 ליטר פיקדון,החברה המרכזית להפצת משקאות בעמ,,,"י""ח",1.50,ליטר,false,1,5.50,3.47,false,1,
7290110115364,false,שישייה קוקה קולה 1.5 ליטר פיקדון,החברה המרכזית להפצת משקאות בעמ,,,"י""ח",9,ליטר,false,1,51.90,5.57,false,1,
7290110115388,false,ספרייט לימון ליים 1.5 ליטר מארז שישייה,החברה המרכזית להפצת משקאות בעמ,,,"י""ח",9,ליטר,false,1,49.90,5.34,false,1,
7290110115401,false,קינלי סודה שישייה 1.5 ליטר פיקדון,החברה המרכזית להפצת משקאות בעמ,,,"י""ח",9,ליטר,false,1,17.90,1.79,false,1,
7290110115418,false,קוקה קולה זירו 1.5 ליטר מארז שישייה,החברה המרכזית להפצת משקאות בעמ,,,"י""ח",9,ליטר,false,1,49.90,5.34,false,1,
7290110115449,false,פיוז-טי תה מנגו אננס 1.5 ליטר פיקדון,החברה המרכזית להפצת משקאות בעמ,,,"י""ח",1.50,ליטר,false,1,9.50,6.13,false,1,
7290110115456,false,פיוז-טי תה אפרסק 1.5 ליטר 19 קל פיקדון,החברה המרכזית להפצת משקאות בעמ,,,"י""ח",1.50,ליטר,false,1,9.50,6.13,false,1,
7290110115463,false,פיוז-טי תה אפרסק 1.5 ליטר פיקדון,החברה המרכזית להפצת משקאות בעמ,,,"י""ח",1.50,ליטר,false,1,9.50,6.13,false,1,
7290110115586,false,פריגת תפוזים 40% פחות סוכר 1.5 ליטר פיקדון,החברה המרכזית להפצת משקאות בעמ,,,"י""ח",1.50,ליטר,false,1,9,5.80,false,1,
7290110115593,false,פריגת אשכוליות 40% פחות סוכר 1.5 ליטר פיקדון,החברה המרכזית להפצת משקאות בעמ,,,"י""ח",1.50,ליטר,false,1,9,5.80,false,1,
7290110115623,false,פיוז-טי תה אפרסק זירו 1.5 ליטר פיקדון,החברה המרכזית להפצת משקאות בעמ,,,"י""ח",1.50,ליטר,false,1,8.90,5.73,false,1,
7290110116200,false,מים 0 קלוריות בטעם לימון-ליים 0.5 ל נביעות,החברה המרכזית להפצת משקאות בעמ,,,"י""ח",1,,false,1,6.20,6.20,true,1,
7290110116224,false,נביעות 0 קלוריות בטעם אשכולית 0.5 ליטר,החברה המרכזית להפצת משקאות בעמ,,,"י""ח",1,,false,1,6.20,6.20,true,1,
7290110116552,false,ספרייט לימון היט 1.5 ליטר LIME פיקדון,החברה המרכזית להפצת משקאות בעמ,,,"י""ח",1.50,ליטר,false,1,9,5.80,true,1,
7290110320867,false,פתיתים גבינה חצי קשה מגורדת 28% שומן,תנובה מרכז שיתופי לש,,,"י""ח",500,ל גרם,false,1,37.90,7.58,true,1,
7290110321277,false,קוטג' בקטנה 5% תנובה 100 גרם מהדרין,פארייפאבה אגרואינדוס,,,"י""ח",100,ל גרם,false,1,2.70,2.70,false,1,
7290110322014,false,טופו בטעם טבעי תנובה ALTERNATIVE,שוורצקוף& הנקל דיסלד,,,"י""ח",300,ל גרם,false,1,12.90,4.30,false,1,
7290110323097,false,מעדן גבינה עם מחית תות-תאומים 80 גר`,"תנובה בע""מ ***",,,"י""ח",80,ל גרם,false,1,1.90,2.38,false,1,
7290110323301,false,טל העמק בסגנון אמנטל 32% שומן 200 גרם,"תנובה בע""מ ***",,,"י""ח",0.80,ליטר,false,1,19.90,24.88,false,1,
7290110323714,false,משקה קוקוס שקדים תנובה E אלטרנטיב,מיוצר עי קונדיטוריית,,,"י""ח",1,ליטר,false,1,13.90,13.90,true,1,
7290110324551,false,יופלה טיוב יוגורט במרקם חלק תות כשרות מהדרין,"תנובה בע""מ ***",,,"י""ח",348,"ל מ""ל",false,1,12.90,3.71,false,1,
7290110324872,false,גבינה צהובה גלבוע (5% 200 גר`)תנובה,גלבוע - תנובה,,,"י""ח",200,ל גרם,false,1,18.90,9.45,false,1,
7290110324926,false,משקה סויה ללא תוספת סוכר E אלטרנטיב,תנובה מרכז שיתופי לש,,,"י""ח",1,ליטר,false,1,11.90,11.90,true,1,
7290110325084,false,מאגדת שמינייה מיני קרלו שוניל 8*100גרם,"תנובה בע""מ ***",,,"י""ח",800,"ל מ""ל",false,1,14.30,1.79,false,1,
7290110325121,false,"משקה יוגורט יופלה גו לייט מנגו אננס 250 מ""ל",תנובה בעמ ***,,,"י""ח",250,"ל מ""ל",false,1,6.90,2.76,false,1,
7290110325169,false,פרוסות גאודה 170 גר`קולקשיין תנובה,תנובה בעמ ***,,,"י""ח",170,ל גרם,false,1,19.90,11.71,false,1,
7290110325510,false,יופלה טיוב יוגורט במרקם חלק בטעם וניל-יוניקור,"תנובה בע""מ ***",,,"י""ח",348,"ל מ""ל",false,1,12.90,3.71,false,1,
7290110325619,false,משקה שיבולת שועל תנובה E אלטרנטיב,מיוצר עי קונדיטוריית,,,"י""ח",1,ליטר,false,1,13.90,13.90,true,1,
7290110326210,false,יופלה און טופ פצפוצים תנובה 157 גרם,מיוצר עי קונדיטוריית,,,"י""ח",150,"ל מ""ל",false,1,5.60,3.73,false,1,
7290110326333,false,פרוסות גבינה סקנדינבית 170 גר`קולקשיין,"תנובה בע""מ ***",,,"י""ח",175,ל גרם,false,1,16.90,9.66,false,1,
7290110327514,false,alternative משקה שיבולת שועל בטעם אגוזי לוז תנובה 1 ליטר,תנובה מרכז שיתופי לש,,,"י""ח",1,ליטר,false,1,13.90,13.90,true,1,
7290110327798,false,חטיף חלבון GO - שוקולד 60 ג' חלב נוכרי - רבנות,"בלמונט קונפקציות בע""\מ.",,,"י""ח",1,,false,1,11.90,11.90,false,1,
7290110328504,false,טריו - מיקס גבינות מוצרלה סקנדינבית וגאודה 300 גרם,מיוצר עי קונדיטוריית,,,"י""ח",300,ל גרם,false,1,28.90,9.63,false,1,
7290110329716,false,משקה חלב קר בטעם קפוצ'ינו 230 גרם תנובה,תנובה מרכז שיתופי לש,,,"י""ח",230,ל גרם,false,1,6.90,3,false,1,
7290110329730,false,"משקה חלב עם שוקולד וקפה בסגנון לאטה 2.7%  230 מ""ל תנובה",תנובה מרכז שיתופי לש,,,"י""ח",230,ל גרם,false,1,6.90,3,false,1,
7290110329822,false,יוגורט סויה BIO Alternative פירות יער 150 ג' תנובה,מיוצר עי קונדיטוריית,,,"י""ח",150,"ל מ""ל",false,1,4.80,3.20,false,1,
7290110553432,false,תבשיל אורז מלא וירקות קלויים דלישס,קפוא זן תעשיות מזון בעמ,,,"י""ח",300,ל גרם,false,1,26.90,8.97,true,1,
7290110553623,false,צ'יטוס קראנצ'י בטעם צ'דר חלפיניו - חלבי,"שטראוס פריטו ליי בע""\מ )",,,"י""ח",80,ל גרם,false,1,5.40,6.75,false,1,
7290110554545,false,קפסולת אספרסו לאפוגטו טעם קוקוס 50 ג' עלית,שטראוס קפה בי.וי.,,,"י""ח",50,ל גרם,false,1,19.90,39.80,true,1,
7290110555009,false,זוג פסאטה מחית עגבניות חלקה יד מרדכי 700 גרם,אמיליאנה קונסרב ס.פ.,,,"י""ח",700,ל גרם,false,1,11.90,1.70,false,1,
7290110555368,false,רבע לשבע טבעוני מרשמלו עלית 125 גרם,"הגביע מוצרי וופלים בע""\מ",,,"י""ח",125,ל גרם,false,1,12.90,10.32,false,1,
7290110556242,false,"שוקולד מריר פרווה 100 גר' בד""ץ תוצרת חוץ","שטראוס גרופ בע""מ.",,,"י""ח",100,ל גרם,false,1,6.50,6.50,true,1,
7290110557102,false,מעדן חלב עם שוקולד מועשר בחלבון 150 ג' שטראוס,שטראוס גרופ בעמ/מצונן,,,"י""ח",130,ל גרם,false,1,5,3.85,true,1,
7290110557133,false,מעדן הגולן וניל 125 ג' שטראוס,שטראוס גרופ בעמ/מצונן,,,"י""ח",125,ל גרם,false,1,3.40,2.72,true,1,
7290110557478,false,חומוס גלילי במרקם מעודן 600 גרם,שטראוס גרופ בעמ/מצונן,,,"י""ח",600,ל גרם,false,1,12.90,2.15,true,1,
7290110558284,false,דנונה ביו מולטי שטראוס 200 גרם,שטראוס גרופ בעמ/מצונן,,,"י""ח",200,"ל מ""ל",false,1,4.20,2.10,false,1,
7290110558314,false,דנונה פרו 20 גרם חלבון ללא סוכר פיסטוק 200 גרם,שטראוס גרופ בעמ/מצונן,,,"י""ח",20,"ל מ""ל",false,1,5.90,29.50,false,1,
7290110558338,false,דנונה פרו 25 ג' חלבון 200 ג' שטראוס,שטראוס גרופ בעמ/מצונן,,,"י""ח",200,"ל מ""ל",false,1,6.70,3.35,false,1,
7290110558666,false,מעדן גבינה בטעם תפוח 88 ג' דניאלה,שטראוס גרופ בעמ/מצונן,,,"י""ח",150,"ל מ""ל",false,1,4.30,2.87,false,1,
7290110559014,false,שעועית שחורה מבושלת טעם הטבע 380 גרם,שטראוס גרופ בע`מ,,,"י""ח",380,ל גרם,false,1,6.90,1.82,true,1,
7290110560300,false,"הפריכיות הטעימות חומוס, עדשים שחורות, קינואה ופלפל שחור",אנרג'י Energy - שטראוס,,,"י""ח",30,ל גרם,false,1,5.50,18.33,false,1,
7290110560317,false,"הפריכיות הטעימות חומוס, עדשים שחורות, קינואה ומלח ים","פרח תעשיו מזון בע""מ",,,"י""ח",30,ל גרם,false,1,5.50,18.33,false,1,
7290110561352,false,דנונה יוגורט ביו פרוביוטי 3% דל לקטוז 150ג',שטראוס גרופ בעמ/מצונן,,,"י""ח",200,"ל מ""ל",false,1,3.70,1.85,false,1,
7290110563431,false,"משקה קפה קר בסגנון קלאסי 230 מ""ל 1.6% יוטבתה",שטראוס גרופ בעמ/מצונן,,,"י""ח",230,"ל מ""ל",false,1,7.90,3.43,true,1,
7290110563462,false,חלב 2% דל לקטוז בבקבוק יטבתה 1 ליטר.,שטראוס גרופ בעמ/מצונן,,,"י""ח",1,ליטר,false,1,8.20,8.20,false,1,
7290110564339,false,חומוס אחלה הסידרה המובחר 30% טחינה 400 גר',שטראוס גרופ בעמ/מצונן,,,"י""ח",400,ל גרם,false,1,15.20,3.80,true,1,
7290110564414,false,חומוס אחלה הסידרה המובחר 30% טחינה 600 גר',שטראוס גרופ בעמ/מצונן,,,"י""ח",600,ל גרם,false,1,13.90,2.32,false,1,
7290110564742,false,"משקה קפה קר בסגנון חזק 230 מ""ל 1.2% יוטבתה",שטראוס גרופ בעמ/מצונן,,,"י""ח",230,"ל מ""ל",false,1,7.90,3.43,true,1,
7290110564919,false,"דנונה מתיקות מעודנת לל""ס וממתיק 150גר",שטראוס גרופ בעמ/מצונן,,,"י""ח",150,ל גרם,false,1,3.90,2.60,false,1,
7290110565435,false,מעדן ג`לי בטעם פטל חלבי שטראוס (125 גרם,שטראוס גרופ בעמ/מצונן,,,"י""ח",125,ל גרם,false,1,2.30,1.84,true,1,
7290110565527,false,יוגורט PRO פרו 1.5% 20 גרם חלבון בגביע,שטראוס גרופ בעמ/מצונן,,,"י""ח",20,"ל מ""ל",false,1,6.20,31,false,1,
7290110565572,false,מארז קפה טורקי עלית לדרך עם הל 168 גרם,שטראוס קפה בי.וי.,,,"י""ח",168,ל גרם,false,1,19.90,11.85,false,1,
7290110566975,false,דנונה פרו יוגורט 0% תות עשיר בחלבון 200ג',שטראוס גרופ בעמ/מצונן,,,"י""ח",20,"ל מ""ל",false,1,6.20,31,false,1,
7290110568276,false,"משקה יוטבתה פרו וניל לשתיה 350מ""ל",שטראוס גרופ בעמ/מצונן,,,"י""ח",350,ל גרם,false,1,6.90,1.97,false,1,
7290110571382,false,מעדן חלב בטעם וניל מעושר בחלבון 150 ג' שטראוס,שטראוס גרופ בעמ/מצונן,,,"י""ח",130,ל גרם,false,1,5,3.85,true,1,
7290110571405,false,עלית - מיני פינוקיות בגביע פסק זמן 180 גרם,שטראוס גרופ בע`מ,,,"י""ח",200,ל גרם,false,1,10.90,5.45,true,1,
7290110571412,false,מיני פינוקיות - פאדג' שוקולד בגביע 180 גרם,שטראוס גרופ בע`מ,,,"י""ח",200,ל גרם,false,1,10.90,5.45,true,1,
7290110571474,false,אצבעות רבע לשבע טבעוני פופקורן 125גר`,"הגביע מוצרי וופלים בע""\מ",,,"י""ח",125,ל גרם,false,1,12.90,10.32,false,1,
7290110571535,false,מארז קפה טורקי הל עלית 300 גרם,שטראוס קפה בי.וי.,,,"י""ח",300,ל גרם,false,1,26.90,8.97,false,1,
7290110572129,false,כיף כף מקלות שוקולד לבן 40 ג' עלית,סולן בעבור שטראוס,,,"י""ח",40,ל גרם,false,1,5.20,13,true,1,
7290110572884,false,"קפסולות קפה מספר 20 למכונת אספרס אספרסו, 50 גרם",שטראוס קפה בי.וי.,,,"י""ח",50,ל גרם,false,1,19.90,39.80,true,1,
7290110572969,false,כיף כף פצפצים עלית קרם לבן (40 גר`),שולן צ'\יקולטה גידה סאן.,,,"י""ח",40,ל גרם,false,1,4.90,12.25,true,1,
7290110572976,false,כיף כף פצפצים בגביע במילוי קרם בטעם שוקולד לבן,שולן צ'יקולטה גידה ס,,,"י""ח",135,ל גרם,false,1,9.90,7.33,false,1,
7290110575274,false,"שמן זית יד מרדכי כתית 750 מ""ל שמיטה","שטראוס גרופ בע""מ",,,"י""ח",750,"ל מ""ל",false,1,33.20,4.43,false,1,
7290110576318,false,מאגדת שלישיית שוקולד אגוז לבן 300 ג' עלית,שטראוס גרופ בע`מ,,,"י""ח",112,ל גרם,false,1,25.90,23.13,false,1,
7290110576370,false,מארז שלישייה שוקולד מריר חלבי עם אגוזי לוז,שטראוס גרופ בע`מ,,,"י""ח",112,ל גרם,false,1,25.90,23.13,false,1,
7290110576387,false,מאגדת שלישיית שוקולד אגוז חלב 300 ג' עלית,שטראוס גרופ בע`מ,,,"י""ח",112,ל גרם,false,1,25.90,23.13,false,1,
7290110576752,false,טבלאות שוקולד ספלנדיד מריר 70% 100 ג' עלית,שטראוס גרופ בע`מ,,,"י""ח",100,ל גרם,false,1,12.40,12.40,false,1,
7290110576790,false,סקי בטעם מוקה 3% (125 גר`) דנונה,שטראוס גרופ בעמ/מצונן,,,"י""ח",125,ל גרם,false,1,3.70,2.96,true,1,
7290110576868,false,רבעיית גמדים סלט פירוט * 100 ג' שטראוס,שטראוס גרופ בעמ/מצונן,,,"י""ח",400,"ל מ""ל",false,1,11.90,2.98,true,1,
7290111091995,false,מגבונים בייבי סיטר מארז ג`מבו 1/9.,שקד תבל בעמ,,,"י""ח",9,"י""ח",false,1,24.90,2.77,false,1,
7290111093470,false,"קוויק מסיר הפלא ספוגית להסרת כתמים, 3 יחידות",שקד תבל בע`מ,,,"י""ח",3,"י""ח",false,1,10.90,3.63,true,1,
7290111093760,false,קוויק מטליות לחות לניקוי רצפות ניחוח מרכך כביסה 10 יחידות,שקד תבל בע`מ,,,"י""ח",1,"י""ח",false,1,11.90,11.90,true,1,
7290111094361,false,קוויק שקיות אשפה XL עם ידית 20 יח' במארז,שקד תבל בעמ,,,"י""ח",1,"י""ח",false,1,15.90,15.90,true,1,
7290111094651,false,שקיות אשפה L עם ידית קוויק 40 יח',שקד תבל בעמ,,,"י""ח",1,"י""ח",false,1,15.90,15.90,true,1,
7290111096921,false,קוויק מגבונים לניקוי כללי בתוספת חומץ ומלח לימון 50 יח',שקד תבל בע`מ,,,"י""ח",50,"י""ח",false,1,8.90,0.18,true,1,
7290111097546,false,קוויק מגבונים 99.9% לניקוי כללי למשטחים בניחוח מרכך כביסה 50 יחידות,שקד תבל בע`מ,,,"י""ח",50,"י""ח",false,1,8.90,0.18,true,1,
7290111340178,false,מטליות לחות ניקול לניקוי כללי בניחוח מרכך כביסה 50 יח',קימברלי קלארק ישראל שיווק בעמ,,,"י""ח",100,ל גרם,false,1,12.90,12.90,false,1,
7290111341366,false,מפיות אירוח איכותיות ונעימות למגע ניקול,קימברלי קלארק ישראל שיווק בעמ,,,"י""ח",1,"י""ח",false,1,10.90,10.90,false,1,
7290111341373,false,נייר טואלט לילי פסטל 30 יחידות,קימברלי קלארק ישראל שיווק בעמ,,,"י""ח",30,"י""ח",false,1,35.90,1.20,false,1,
7290111342004,false,מגבוני נייר טואלט לחים 56 דף דיספנסר,קימברלי קלארק ישראל שיווק בעמ,,,"י""ח",3,"י""ח",false,1,8.90,2.97,false,1,
7290111342042,false,ניקול כריות יפניות אנטיבקטריאלי 4 יחידות,קימברלי קלארק ישראל שיווק בעמ,,,"י""ח",1,"י""ח",false,1,13.90,13.90,true,1,
7290111342073,false,מטליות מקרופייבר למשטחים אנטיבקטריאלי ניקול,קימברלי קלארק ישראל שיווק בעמ,,,"י""ח",100,ל גרם,false,1,16.90,16.90,false,1,
7290111343117,false,קלינקס ממחטות לושן סופט פק זוגות 140דף,קימברלי קלארק ישראל שיווק בעמ,,,"י""ח",140,"י""ח",false,1,15.90,0.11,false,1,
7290111343858,false,ניקול מטליות לחות לרצפה אנטיבקרטריאלי 10 יחידות,קימברלי קלארק ישראל שיווק בעמ,,,"י""ח",10,"י""ח",false,1,12.90,1.29,false,1,
7290111344206,false,האגיס נטורל קר מגבונים לחים בבישום עדין רביעייה,קימברלי קלארק ישראל שיווק בעמ,,,"י""ח",4,"י""ח",false,1,19.90,4.98,true,1,
7290111344299,false,לילי קידס נייר טואלט לח TO GO שלישייה,קימברלי קלארק ישראל שיווק בעמ,,,"י""ח",3,"י""ח",false,1,13.90,4.63,false,1,
7290111344510,false,נייר אפייה ניקול בשקית 100 יח,קימברלי קלארק ישראל שיווק בעמ,,,"י""ח",100,"י""ח",false,1,21.90,0.22,false,1,
7290111344695,false,נייר טואלט מולט 32 יח' מהדורת חורף,קימברלי קלארק ישראל שיווק בעמ,,,"י""ח",1850,ל גרם,false,1,31.90,1.72,false,1,
7290111344701,false,ניקול שקיות אוכל סנדויצון מניונים 250 יחידות,קימברלי קלארק ישראל שיווק בעמ,,,"י""ח",250,"י""ח",false,1,12.90,0.05,false,1,
7290111344916,false,ניקול שישיית כריות יפניות אנטיבקטריאליות,קימברלי קלארק ישראל שיווק בעמ,,,"י""ח",1,"י""ח",false,1,13.90,13.90,false,1,
7290111345753,false,תחבושות נטורל דואו נורמל 24 יח' קוטקס,קימברלי קלארק ישראל שיווק בעמ,,,"י""ח",1,,false,1,19.90,19.90,true,1,
7290111346293,false,מגבת נייר ניקול 6 יחידות מהדורה חגיגית,קימברלי קלארק ישראל שיווק בעמ,,,"י""ח",66.20,מטר,false,1,13.90,0.21,false,1,
7290111346347,false,מגבוני אף אוריגינל סופט חמישיה קלינקס,קימברלי קלארק ישראל שיווק בעמ,,,"י""ח",5,"י""ח",false,1,15.90,3.18,true,1,
7290111346538,false,"האגיס פרידום דריי שלב 5+ משקל 14-20ק""ג",קימברלי קלארק ישראל שיווק בעמ,,,"י""ח",38,"י""ח",false,1,45.90,1.21,true,1,
7290111350030,false,רסק תפוחי עץ טבעי בצנצנת 670 גרם קלית גת,ליימן שליסל בעמ,,,"י""ח",5.60,,false,1,10.90,1.95,false,1,
7290111350719,false,חטיף נאצוס הוטפופ בסגנון מסעדות 322 גר,ליימן שליסל בע`מ,,,"י""ח",323,ל גרם,false,1,15.90,4.92,true,1,
7290111350726,false,חטיף נאצוס הוטפופ בסגנון מקסיקני 322 גר,ליימן שליסל בע`מ,,,"י""ח",323,ל גרם,false,1,15.90,4.92,true,1,
7290111352959,false,מקלות חמוצים ממולאים בטעם פירות 80 גר' יוגטה,ליימן שליסל בעמ,,,"י""ח",80,ל גרם,false,1,4.90,6.13,false,1,
7290111352966,false,יוגטה סוכריות ממולאות בטעם פירות 250 גרם ללא ג'לטין,ליימן שליסל בע`מ,,,"י""ח",250,ל גרם,false,1,7.90,3.16,true,1,
7290111353055,false,"גומי דובי 200 גר' וסטהיים (כש""לפ בית יוסף)",טופגם תעשיות ממתקים,,,"י""ח",200,ל גרם,false,1,9.90,4.95,true,1,
7290111353109,false,"גומי נחש מבריק 200 גר' וסטהיים (כש""לפ בית יוסף).",טופגם תעשיות ממתקים,,,"י""ח",200,ל גרם,false,1,9.90,4.95,true,1,
7290111353475,false,שטיחים חמוצים בטעם פירות 200 גר` יוגטה,ליימן שליסל בע`מ,,,"י""ח",200,ל גרם,false,1,7.90,3.95,true,1,
7290111353680,false,גרעיני חמנייה 350 גרם קליית גת,ליימן שליסל בעמ,,,"י""ח",350,ל גרם,false,1,10.90,3.11,false,1,
7290111354038,false,מארז שלישיית עגבניות חתוכות דק מרקדו טייסט 400 גרם,ליימן שליסל בעמ,,,"י""ח",1.20,"ק""ג",false,1,16.90,14.08,true,1,
7290111354045,false,מארז שלישיית עגבניות קצוצות מרקדו טייסט 400 גרם,ליימן שליסל בעמ,,,"י""ח",1.20,"ק""ג",false,1,16.90,14.08,true,1,
7290111354243,false,"טורטיה מקמח חיטה 30 ס""מ צ'וקטה 540 גרם",ליימן שליסל,,,"י""ח",1,,false,1,11.90,11.90,true,1,
7290111354281,false,יוגטה שטיח חמוץ חצי מטר תותי פרוטי,ליימן שליסל בעמ,,,"י""ח",100,ל גרם,false,1,1,1,false,1,
7290111560910,false,אוסם וופל טעם שוקולד אקסרט מילוי 200 ג,קבוצת אוסם סחר-שות.מוגבלת,,,"י""ח",200,ל גרם,false,1,5.20,2.60,false,1,
7290111563492,false,סלטי צבר מטבוחה חריפה מרובע 6*400גרם,קבוצת אוסם סחר-שות.מוגבלת,,,"י""ח",400,ל גרם,false,1,14.30,3.58,true,1,
7290111564291,false,פריכיות דקות ונימוחות 3 דגנים וקינואה פיטנס Fitness,קבוצת אוסם סחר שותפות מוגבלת,,,"י""ח",120,ל גרם,false,1,11.90,9.92,true,1,
7290111564666,false,כדורי בשר צמחוניים עם המון חלבון,קבוצת אוסם סחר שותפות מוגבלת,,,"י""ח",500,ל גרם,false,1,39.90,7.98,true,1,
7290111564727,false,עוגיות אסם קרמוגית וקרם אגוזים אסם 200ג',קבוצת אוסם סחר שותפות מוגבלת,,,"י""ח",200,ל גרם,false,1,10.90,5.45,true,1,
7290111565038,false,"לה קרמריה וניל קוקילידה בד""צ 1.4 ל'",נגה גלידות שותפות מוגבלת,,,"י""ח",1.40,ליטר,false,1,19.90,14.21,false,1,
7290111566127,false,מאגדת אוראו מיני סנדוויץ' 6 יח' נסטלה,נגה גלידות שותפות מוגבלת,,,"י""ח",198,ל גרם,false,1,26.90,13.59,false,1,
7290111566226,false,שניצל ברוקולי טבעול 667 גרם,קבוצת אוסם סחר-שות.מוגבלת,,,"י""ח",667,ל גרם,false,1,39.90,5.98,true,1,
7290111566240,false,שניצל דק מן הצומח בטעם צ'ילי חריף 700 גרם,קבוצת אוסם סחר שותפות מוגבלת,,,"י""ח",564,ל גרם,false,1,39.90,7.07,true,1,
7290111566271,false,טבעול חטיפי תירס 657 גרם קפוא,קבוצת אוסם סחר שותפות מוגבלת,,,"י""ח",657,ל גרם,false,1,39.90,6.07,true,1,
7290111566318,false,שניצל דק מן הצומח בטעם ביתי 700 גרם,קבוצת אוסם סחר שותפות מוגבלת,,,"י""ח",564,ל גרם,false,1,39.90,7.07,true,1,
7290111566547,false,טבעול חזה בגריל צמחוני 99 קלוריות 560ג',קבוצת אוסם סחר שותפות מוגבלת,,,"י""ח",560,ל גרם,false,1,39.90,7.13,true,1,
7290111566585,false,"שניצל צמחוני 99 קלוריות 650 גר' ""טבעול""",קבוצת אוסם סחר שותפות מוגבלת,,,"י""ח",650,ל גרם,false,1,39.90,6.14,true,1,
7290111566691,false,"שניצל תרד 99 קלוריות 560 גרם ""טבעול""",קבוצת אוסם סחר-שות.מוגבלת,,,"י""ח",560,ל גרם,false,1,39.90,7.13,true,1,
7290111566752,false,טבעול שניצל תירס 99 קלוריות 693 גרם,קבוצת אוסם סחר שותפות מוגבלת,,,"י""ח",693,ל גרם,false,1,39.90,5.76,true,1,
7290111568466,false,רוטב אסייתי למוקפץ הסדרה האסייתית,קבוצת אוסם סחר שותפות מוגבלת,,,"י""ח",360,ל גרם,false,1,14.90,4.14,false,1,
7290111930799,false,קראנצ'וס טעם בצל 55גר,ש. שסטוביץ בע`מ,,,"י""ח",55,ל גרם,false,1,3.90,7.09,true,1,
7290111930805,false,קראנצ'וס טעם ברביקיו 55 גר',ש. שסטוביץ בע`מ,,,"י""ח",55,ל גרם,false,1,3.90,7.09,true,1,
7290111930898,false,חטיף פוף כוכבים גריל אמריקאי 40 גרם,ש. שסטוביץ בע`מ,,,"י""ח",40,ל גרם,false,1,4.40,11,true,1,
7290111930911,false,חטיף פוף לבבות קלאסי 40 גרם,ש. שסטוביץ בע`מ,,,"י""ח",40,ל גרם,false,1,4.40,11,true,1,
7290111930928,false,חטיף פוף לבבות גריל 40 גרם,ש. שסטוביץ בע`מ,,,"י""ח",40,ל גרם,false,1,4.40,11,true,1,
7290111930935,false,חטיף פוף טבעות קלאסי 40 גרם,ש. שסטוביץ בע`מ,,,"י""ח",40,ל גרם,false,1,4.40,11,true,1,
7290111932380,false,"מרידול משחת שיניים מארז 75X2מ""ל כשל""פ",ש.שסטוביץ בעמ,,,"י""ח",1.50,ליטר,false,1,29.90,19.93,false,1,
7290111933462,false,"רוטב צ'ילי מתוק מאסטר שף 300 מ""ל",ש. שסטוביץ בע`מ,,,"י""ח",300,ל גרם,false,1,10.90,3.63,false,1,
7290111933554,false,שלישייה עגבניות קוביות מאסטר שף 400 גרם,קונסוריזיו קאסאלסקו,,,"י""ח",1.20,"ק""ג",false,1,17.90,14.92,false,1,
7290111936258,false,"ספיד סטיק ספריי גוף קול פרידום 140 מ""ל",קולגייט פלמוליב,,,"י""ח",140,"ל מ""ל",false,1,22.90,16.36,false,1,
7290111936265,false,"ספריי גוף ספיד סטיק קול לייף 140 מ""ל",קולגייט פלמוליב,,,"י""ח",140,"ל מ""ל",false,1,22.90,16.36,false,1,
7290112000286,false,"גל לניקוי אסלות סיליט באנג לימון 750 מ""ל",רקיט בנקיזר (ניר איסט) בעמ,,,"י""ח",750,"ל מ""ל",false,1,11.90,1.59,false,1,
7290112001870,false,"סיליט באנג ספריי ניקוי אמבטיה 750 מ""ל",רקיט בנקיזר (ניר איסט) בעמ,,,"י""ח",1,,false,1,12.90,12.90,false,1,
7290112002099,false,קולון גל כביסה מרוכז 2.5 ליטר קלאסי,רקיט בנקיזר (ניר איסט) בעמ,,,"י""ח",2.50,ליטר,false,1,26.90,10.76,true,1,
7290112002112,false,ג'ל כביסה מרוכז קולון 101 בניחוח ורדים,רקיט בנקיזר (ניר איסט) בעמ,,,"י""ח",2.50,ליטר,false,1,26.90,10.76,true,1,
7290112002983,false,"סיליט באנג ניקוי כללי רכיבים טבעיים 750 מ""ל",רקיט בנקיזר (ניר איסט) בעמ,,,"י""ח",750,"ל מ""ל",false,1,17.90,2.39,false,1,
7290112004024,false,ג'ל מסיר כתמים לכביסה לבנה וניש אוקסי אקשן,רקיט בנקיזר (ניר איסט) בעמ,,,"י""ח",1.35,"ק""ג",false,1,23.70,17.56,false,1,
7290112004208,false,פיניש טבליות למדיח הכל ב 1 לימון 50 יחידות,רקיט בנקיזר (ניר איסט) בעמ,,,"י""ח",50,"י""ח",false,1,39.90,0.80,true,1,
7290112004987,false,אירוויק פרשמטיק מילוי בניחוח פצ`ולי ויער,רקיט בנקיזר (ניר איסט) בעמ,,,"י""ח",1,,false,1,15.90,15.90,true,1,
7290112005045,false,וניש מסיר כתמים אבקה לכביסה לבנה 480 גרם,רקיט בנקיזר (ניר איסט) בעמ,,,"י""ח",480,ל גרם,false,1,16.90,3.52,true,1,
7290112005076,false,וניש תוסף כביסה רב תכליתי צבעוני 480 גרם,רקיט בנקיזר (ניר איסט) בעמ,,,"י""ח",480,ל גרם,false,1,16.90,3.52,true,1,
7290112195647,false,"שמן זית כתית מעולה 750מ""ל הזית",א.ג בחירה חכמה בעמ,,,"י""ח",750,"ל מ""ל",false,1,29.90,3.99,true,1,
7290112330352,false,"יוגורט PRO בטעם וניל 0% , 20 גרם חלבון בגביע",שטראוס גרופ בעמ/מצונן,,,"י""ח",20,"ל מ""ל",false,1,6.20,31,false,1,
7290112330390,false,דנונה פרו פירות יער 20 גרם חלבון 0% שומן 200 גרם,שטראוס גרופ בעמ/מצונן,,,"י""ח",200,"ל מ""ל",false,1,6.20,3.10,false,1,
7290112332691,false,פינוקיות עוגיות קרם פסק זמן אגוזים 200 גרם,"הגביע מוצרי וופלים בע""\מ",,,"י""ח",200,ל גרם,false,1,12.80,6.40,true,1,
7290112334596,false,שוקולית אבקת שוקו עלית,שטראוס קפה בי.וי.,,,"י""ח",850,ל גרם,false,1,17.90,2.11,false,1,
7290112334749,false,קפה טורקי בצלופן עלית 200 גרם+ 10% תוספת,שטראוס קפה בי.וי,,,"י""ח",200,ל גרם,false,1,17.90,8.95,true,1,
7290112335494,false,הפריכיות הטעימות תפוחי אדמה בטעם פוטטוס,"פרח תעשיות מזון בע""\מ",,,"י""ח",135,ל גרם,false,1,13.90,10.30,false,1,
7290112335500,false,"פרכיות אנרג'י חומוס,אורז,עדשים שחורות וקינואה 135 גרם","פרח תעשיות מזון בע""\מ",,,"י""ח",135,ל גרם,false,1,13.90,10.30,false,1,
7290112336613,false,עד חצות עוגיות סנדוויץ במילוי שוקולד חלב,שטראוס גרופ בע`מ,,,"י""ח",135,ל גרם,false,1,14.80,10.96,false,1,
7290112336637,false,סוכריות מאסט Must ללא סוכר יוגורט תות ואוכניות,שטראוס גרופ בע`מ,,,"י""ח",80,ל גרם,false,1,9.50,11.88,false,1,
7290112336712,false,יוגורט PRO לבן 0% 21 גרם חלבון בגביע,שטראוס גרופ בעמ/מצונן,,,"י""ח",20,"ל מ""ל",false,1,6.20,31,false,1,
7290112337481,false,סוכריות מאסט ללא סוכר קפצ''ינו 80 ג' עלית,שטראוס גרופ בע`מ,,,"י""ח",80,ל גרם,false,1,9.60,12,false,1,
7290112339171,false,מעדן מוס שוקולד 81 גר`מילקי,שטראוס גרופ בעמ/מצונן,,,"י""ח",81,ל גרם,false,1,3.70,4.57,false,1,
7290112339867,false,גמדים לדרך גבינה לבנה עם מחית תות,שטראוס גרופ בעמ/מצונן,,,"י""ח",100,ל גרם,false,1,5.90,5.90,false,1,
7290112339874,false,גמדים לדרך גבינה לבנה עם מחיות תות ובננה,שטראוס גרופ בעמ/מצונן,,,"י""ח",100,ל גרם,false,1,5.90,5.90,false,1,
7290112340122,false,הפריכיות הטעימות 3 דגנים אנרג'י 135 גרם,"פרח תעשיות מזון בע""\מ",,,"י""ח",135,ל גרם,false,1,13.90,10.30,false,1,
7290112340276,false,פינוקיות עוגיית קרם קפה נמס 200 גרם,"הגביע מוצרי וופלים בע""\מ",,,"י""ח",200,ל גרם,false,1,12.90,6.45,true,1,
7290112341679,false,אקטיביה יוגורט 3% דנונה (200 גרם),שטראוס גרופ בעמ/מצונן,,,"י""ח",200,ל גרם,false,1,4.20,2.10,true,1,
7290112341686,false,שמינייה יוגורט לבן אקטיביה 3% דנונה 150 גרם.,שטראוס גרופ בעמ/מצונן,,,"י""ח",1.20,ליטר,false,1,21.50,17.92,false,1,
7290112342362,false,דנונה אקטיביה בודד החזרות,שטראוס גרופ ***בעמ,,,"י""ח",150,ל גרם,false,1,3.20,2.13,false,1,
7290112343420,false,"משקה חלב עם דגנים מלאים ובננה פרו יטבתה 350מ""ל",שטראוס גרופ בעמ/מצונן,,,"י""ח",350,"ל מ""ל",false,1,7.90,2.26,false,1,
7290112343499,false,חטיף צ'יטוס פאפס אפוי בטעם גבינה,"שטראוס פריטו ליי בע""\מ )",,,"י""ח",60,ל גרם,false,1,3.50,5.83,true,1,
7290112344724,false,מילקי בטעם שוקולד בלונדי עם קצפת 133גר,שטראוס גרופ בעמ/מצונן,,,"י""ח",133,ל גרם,false,1,3.40,2.56,false,1,
7290112344755,false,מילקי עם 26% פחות סוכר 135 גר}שטראוס{,שטראוס גרופ בעמ/מצונן,,,"י""ח",130,"ל מ""ל",false,1,2.90,2.23,false,1,
7290112344786,false,קפה פלטינום קלאסיק עלית 200 גרם,הנסיך- מפעל לייצור ט,,,"י""ח",200,ל גרם,false,1,28.90,14.45,true,1,
7290112346360,false,בפלות אחת אחת ופל בטעם שוקולד מצופה שוקולד,הגביע מוצרי וופלים ב,,,"י""ח",180,ל גרם,false,1,14.90,8.28,false,1,
7290112346537,false,עוגיות פינוקיות בטעם טורטית 200 ג' עלית,"הגביע מוצרי ופלים בע""\מ",,,"י""ח",200,ל גרם,false,1,12.90,6.45,true,1,
7290112346827,false,שמיניית אקטימל ויטמין C פטל 108 גרם,שטראוס גרופ בעמ/מצונן,,,"י""ח",800,"ל מ""ל",false,1,20.20,2.53,false,1,
7290112348142,false,שעועית לבנה 380 גר' בקופסה טעם הטבע,שטראוס גרופ בע`מ,,,"י""ח",380,ל גרם,false,1,7.90,2.08,true,1,
7290112348586,false,עלית - קפה נמס מילקשייק אייס קלאסי 200 גרם (2),שטראוס קפה בי.וי,,,"י""ח",200,ל גרם,false,1,19.90,9.95,true,1,
7290112348616,false,עלית - קפה נמס אגוזי לוז 100 גרם,שטראוס קפה בי.וי,,,"י""ח",100,ל גרם,false,1,19.90,19.90,true,1,
7290112349606,false,מעדן גבינה ויוגורט תות בננה 88 ג' דניאלה,שטראוס גרופ בעמ/מצונן,,,"י""ח",150,"ל מ""ל",false,1,4.30,2.87,false,1,
7290112349705,false,פומודורו רוטב עגבניות קלאסי לפסטה יד מרדכי 350 גרם,אמיליאנה קונסרב סוסייטה,,,"י""ח",350,ל גרם,false,1,12.90,3.69,true,1,
7290112349750,false,פיצה רוטב עגבניות לפיצה יד מרדכי 350 גרם,אמיליאנה קונסרב סוסייטה,,,"י""ח",350,ל גרם,false,1,12.80,3.66,true,1,
7290112350312,false,קפסולות 15 קפה יותר למכונות נספרסו עלית 10יח',הנסיך- מפעל לייצור ט,,,"י""ח",50,ל גרם,false,1,19.90,39.80,true,1,
7290112351067,false,סילאן טבעי 100% תמר מג'הול ללא תוספת סוכר,שטראוס גרופ בע`מ,,,"י""ח",630,ל גרם,false,1,26.60,4.22,false,1,
7290112351258,false,עוגיית קקאו פינוקיות שחור לבן 200 גר,"הגביע מוצרי ופלים בע""\מ",,,"י""ח",200,ל גרם,false,1,12.90,6.45,true,1,
7290112353887,false,"משקה קפה קר בטעם אגוזים יטבתה 230 מ""ל",האי נאם סי או אל.טי.,,,"י""ח",230,"ל מ""ל",false,1,7.90,3.43,true,1,
7290112354945,false,תפוצ'יפס WAVY בטעם טבעי 50 גרם,שטראוס פריטו ליי בע”,,,"י""ח",50,ל גרם,false,1,4.50,9,false,1,
7290112354952,false,תפוצ`יפס פפריקה (50 גרם)היתר מכירה,שטראוס פריטו ליי בע”,,,"י""ח",50,ל גרם,false,1,4.50,9,false,1,
7290112355027,false,דנונה פרו 20 גרם חלבון בטעם קרמל מלוח 200 גרם,שטראוס גרופ בעמ/מצונן,,,"י""ח",20,"ל מ""ל",false,1,6.20,31,false,1,
7290112355812,false,מילקי טופ קורנפלקס 141 ג' שטראוס,שטראוס גרופ בעמ/מצונן,,,"י""ח",130,"ל מ""ל",false,1,4.60,3.54,false,1,
7290112357045,false,עגבניות איטלקיות מרוסקות 390 גר' בקופסה טעם הטבע,"שטראוס גרופ בע""מ",,,"י""ח",390,ל גרם,false,1,6.90,1.77,true,1,
7290112357083,false,טעם הטבע אפונה ירוקה 380 גרם קופסה,הדקלאים אגודת שיתופי,,,"י""ח",380,ל גרם,false,1,8,2.11,true,1,
7290112357106,false,שעועית אדומה 380 גר' בקופסה טעם הטבע,שטראוס גרופ בע`מ,,,"י""ח",380,ל גרם,false,1,7.90,2.08,true,1,
7290112357113,false,גרגרי חומוס בקופסה 380 גר' טעם הטבע,שטראוס גרופ בע`מ,,,"י""ח",380,ל גרם,false,1,7.90,2.08,true,1,
7290112357618,false,מאסט קוביות מסטיק בטעם פירות טרופיים 58 גרם,אסקום קונפקשיין,,,"י""ח",66,ל גרם,false,1,11.50,17.42,true,1,
7290112358431,false,עד חצות דאבל ביסקוויט עם שוקולד חלב -8 אריזות אישיות,ביסקוויטס טור ד'\אלבון,,,"י""ח",200,ל גרם,false,1,14.80,7.40,false,1,
7290112359353,false,קפה טורקי אלדין ( 200 גר`) עלית,שטראוס קפה בי.וי,,,"י""ח",200,ל גרם,false,1,21.90,10.95,true,1,
7290112490032,false,"נמס בכוס טעם תירס קנור 31 גרם מארז זוגי בד""צ",יוניליוור ישראל שיווק בע`מ,,,"י""ח",64,ל גרם,false,1,8.50,13.28,true,1,
7290112490209,false,נמס בכוס מרק עגבניות עם קרוטונים רכיבים טבעיים,יוניליוור ישראל שיווק בע`מ,,,"י""ח",56,ל גרם,false,1,8.50,15.18,true,1,
7290112490216,false,מרק נמס בכוס בטעם עוף קנור 100% רכיבים טבעיים,יוניליוור ישראל שיווק בע`מ,,,"י""ח",48,ל גרם,false,1,8.50,17.71,true,1,
7290112490230,false,מרק נמס בכוס אפונה קנור 100% רכיבים טבעיים,יוניליוור ישראל שיווק בע`מ,,,"י""ח",50,ל גרם,false,1,8.50,17,true,1,
7290112490650,false,קונפיטורה תות שדה 340 גרם-צנצנת,יוניליוור ישראל שיווק בע`מ,,,"י""ח",340,ל גרם,false,1,13.90,4.09,false,1,
7290112490667,false,קונפיטורה משמש778 50% פרי 340 גר',יוניליוור ישראל שיווק בע`מ,,,"י""ח",340,ל גרם,false,1,13.90,4.09,false,1,
7290112490674,false,קונפיטורה דובדבנים 778 50% פרי 340 גר-,יוניליוור ישראל שיווק בע`מ,,,"י""ח",340,ל גרם,false,1,13.90,4.09,false,1,
7290112490728,false,מרק עשיר ירקות עם בורגול רכיבים טבעיים 95 ג' קנור,יוניליוור ישראל שיווק בע`מ,,,"י""ח",74,ל גרם,false,1,12.50,16.89,false,1,
7290112490735,false,מרק עשיר עגבניות עם פסטה ר.טבעיים 105 גרם קנור,יוניליוור ישראל שיווק בע`מ,,,"י""ח",74,ל גרם,false,1,12.50,16.89,false,1,
7290112490742,false,מרק עשיר פטריות עם גריסים רכיבים טבעיים 104 ג' קנור,יוניליוור ישראל שיווק בע`מ,,,"י""ח",104,ל גרם,false,1,12.50,12.02,false,1,
7290112490759,false,מרק עשיר עוף עם אטריות רכיבים טבעיים 74 ג' קנור,יוניליוור ישראל שיווק בע`מ,,,"י""ח",74,ל גרם,false,1,12.50,16.89,false,1,
7290112490827,false,תרסיס ריחני למייבש הכביסה בדין בייבי 500,יוניליוור ישראל שיווק בע`מ,,,"י""ח",500,"ל מ""ל",false,1,19.90,3.98,true,1,
7290112490896,false,"קנור רוטב צ'ילי חריף 370 מ""ל PAL",יוניליוור ישראל שיווק בע`מ,,,"י""ח",300,"ל מ""ל",false,1,11.90,3.97,true,1,
7290112492449,false,פינוק שמפו שיער רגיל 700 מל-חדש,"יוניליוור ישראל שיווק בע""מ",,,"י""ח",700,"ל מ""ל",false,1,13.90,1.99,true,1,
7290112492456,false,"שמפו פינוק לשיער יבש/פגום 700 מ""ל",יוניליוור ישראל שיווק בע`מ,,,"י""ח",700,"ל מ""ל",false,1,13.90,1.99,true,1,
7290112492463,false,"שמפו ומרכך 2 ב-1 לשיער רגיל פינוק 700 מ""ל.",יוניליוור ישראל שיווק בע`מ,,,"י""ח",700,"ל מ""ל",false,1,13.90,1.99,true,1,
7290112492531,false,"פינוק קונדישנר לשיער רגיל 700מ""ל",יוניליוור ישראל שיווק בע`מ,,,"י""ח",700,"ל מ""ל",false,1,13.90,1.99,true,1,
7290112492579,false,פינוק מרכך בתוספת שמן קוקוס 700 מל-חדש,יוניליוור ישראל שיווק בע`מ,,,"י""ח",700,"ל מ""ל",false,1,13.90,1.99,true,1,
7290112492593,false,תחליב רחצה פינוק בניחוח פינוק קלאסי 700,יוניליוור ישראל שיווק בע`מ,,,"י""ח",750,"ל מ""ל",false,1,11.90,1.59,false,1,
7290112492715,false,"פינוק שמפו ללא דמעות לסירוק קל לילדים 700 מ""ל",יוניליוור ישראל שיווק בע`מ,,,"י""ח",700,"ל מ""ל",false,1,14.90,2.13,false,1,
7290112492982,false,"אבקת מרק פטריות כשל""פ 100% רכיבים טבעיים 400 גרם",יוניליוור ישראל שיווק בע`מ,,,"י""ח",400,ל גרם,false,1,29.50,7.38,true,1,
7290112492999,false,קנור מרק עוף אמיתי 400 גרם פרווה,יוניליוור ישראל שיווק בע`מ,,,"י""ח",400,ל גרם,false,1,15.90,3.98,true,1,
7290112493095,false,נמס בכוס מרק עגבניות חריף רכיבים טבעיים קנור 48 ג',יוניליוור ישראל שיווק בע`מ,,,"י""ח",48,ל גרם,false,1,8.50,17.71,true,1,
7290112493293,false,קנור - נמס ירקות וקרוטונים ר.טבעי 44 גרם,יוניליוור ישראל שיווק בע`מ,,,"י""ח",48,ל גרם,false,1,8.50,17.71,true,1,
7290112493934,false,קרמיסימו מעדן קפוא טעם וניל צרפתי,"גלידת שטראוס בע""\מ, רחוב",,,"י""ח",776,"ל מ""ל",false,1,21.90,2.82,false,1,
7290112494221,false,חטיף ביסקויט שוקולד חלב קליק (65 גרם),יוניליוור ישראל שיווק בע`מ,,,"י""ח",65,ל גרם,false,1,6.40,9.85,false,1,
7290112494238,false,חטיף כדורים שוקולד חלב קליק (65 גרם),יוניליוור ישראל שיווק בע`מ,,,"י""ח",65,ל גרם,false,1,6.40,9.85,false,1,
7290112494276,false,קליק כריות בתפזורת כשר לפסח,יוניליוור ישראל שיווק בע`מ,,,"י""ח",65,ל גרם,false,1,6.40,9.85,false,1,
7290112494283,false,חטיף כדורים מעורב חום לבו 65 גר`קליק,יוניליוור ישראל שיווק בע`מ,,,"י""ח",65,ל גרם,false,1,6.40,9.85,false,1,
7290112494344,false,קורנפלקס של אלופים תלמה (850 גרם)רבנות,יוניליוור ישראל שיווק בע`מ,,,"י""ח",850,ל גרם,false,1,18.70,2.20,false,1,
7290112494351,false,קורנפלקס של אלופים תלמה (850 גרם).בדצ,יוניליוור ישראל שיווק בע`מ,,,"י""ח",850,ל גרם,false,1,18.70,2.20,false,1,
7290112494382,false,פירה בטעם ביתי 260 גרם-קופסא,יוניליוור ישראל שיווק בע`מ,,,"י""ח",260,ל גרם,false,1,12.70,4.88,false,1,
7290112495006,false,כריות דגנים במילוי נוגט בדצ 686 גרם,יוניליוור ישראל שיווק בע`מ,,,"י""ח",750,ל גרם,false,1,25.90,3.45,false,1,
7290112495020,false,כריות צוקולדה בדצ מאוחד 750 גר,יוניליוור ישראל שיווק בע`מ,,,"י""ח",750,ל גרם,false,1,28.90,3.85,true,1,
7290112495037,false,דגני בוקר בטעם שוקולד כדורים 375 ג' קוקומן,יוניליוור ישראל שיווק בע`מ,,,"י""ח",375,ל גרם,false,1,21.90,5.84,true,1,
7290112495280,false,ברנפלקס ריבועי קינמון תלמה (400 גרם),יוניליוור ישראל שיווק בע`מ,,,"י""ח",400,"ל מ""ל",false,1,22.90,5.73,false,1,
7290112495433,false,דגני דליפקאן תוספת אגוזי פקאן ושקדים 400 גר,יוניליוור ישראל שיווק בע`מ,,,"י""ח",400,ל גרם,false,1,21.90,5.48,false,1,
7290112495556,false,מארז שלישיית חטיפי קליק ממולא בנוגט,יוניליוור ישראל שיווק בע`מ,,,"י""ח",106,ל גרם,false,1,13.90,13.11,true,1,
7290112495594,false,בייגלה שמיניות גדולות ללא מלח בייגל בייגל 400 גרם,יוניליוור ישראל שיווק בע`מ,,,"י""ח",400,ל גרם,false,1,14.90,3.73,false,1,
7290112495754,false,רוטב לסלט אלף האיים הלמנס (305 מל),יוניליוור ישראל שיווק בע`מ,,,"י""ח",305,ל גרם,false,1,11.90,3.90,false,1,
7290112496027,false,"סירופ שוקולד לחיץ 580 מ""ל כשל""פ אפיכל",יוניליוור ישראל שיווק בע`מ,,,"י""ח",580,"ל מ""ל",false,1,13.90,2.40,false,1,
7290112496034,false,"סירופ מייפל לחיץ 580 מ""ל כשל""פ אפיכל",יוניליוור ישראל שיווק בע`מ,,,"י""ח",580,"ל מ""ל",false,1,13.90,2.40,false,1,
7290112496218,false,קנור רוטב טריאקי הפחתה של מעל 50% סוכר ונתרן 310 ג',יוניליוור ישראל שיווק בע`מ,,,"י""ח",340,ל גרם,false,1,11.90,3.50,true,1,
7290112496430,false,קנור נמס בכוס אקסטרה עגבניות+איטריות 37 גרם - רבנות,יוניליוור ישראל שיווק בע`מ,,,"י""ח",39,ל גרם,false,1,3.90,10,false,1,
7290112497123,false,סחלב תערובת להכנת מעדן בטעם סחלב 112גרם,יוניליוור ישראל שיווק בע`מ,,,"י""ח",112,ל גרם,false,1,12.90,11.52,false,1,
7290112497499,false,קליק אקסטרא לארג שוקולד לבן עוגיות 85 גרם,יוניליוור ישראל שיווק בע`מ,,,"י""ח",100,ל גרם,false,1,6.90,6.90,true,1,
7290112497727,false,פינוק בייבי אל סבון אל דמע לתינוקות 700,יוניליוור ישראל שיווק בע`מ,,,"י""ח",700,"ל מ""ל",false,1,14.90,2.13,false,1,
7290112497932,false,נשנושים חטיף בטעם שמנת בצל באריזה אישית 60 ג',יוניליוור ישראל שיווק בע`מ,,,"י""ח",60,ל גרם,false,1,5.90,9.83,false,1,
7290112497970,false,רקסונה דאו ספריי ברייט בוקה לאשה,יוניליוור ישראל שיווק בעמ,,,"י""ח",150,"ל מ""ל",false,1,16.90,11.27,true,1,
7290112498441,false,"קנור רוטב אסיאתי למוקפץ 300 מ""ל בד""ץ",יוניליוור ישראל שיווק בע`מ,,,"י""ח",370,"ל מ""ל",false,1,11.90,3.22,true,1,
7290112498922,false,מאגדת מיני מגנום לבן שטראוס 250 גרם,"מיוצר ע""\י גלידת שטראוס",,,"י""ח",280,ל גרם,false,1,27.90,9.96,false,1,
7290112499639,false,טילון סופר מגנום וניל צ'יפ שוקולד 110 גרם,"מיוצר ע""\י גלידת שטראוס",,,"י""ח",110,ל גרם,false,1,11,10,true,1,
7290112499677,false,מגנום וניל בציפוי שוקולד לבן,"מיוצר ע""\י גלידת שטראוס",,,"י""ח",85,ל גרם,false,1,11,12.94,true,1,
7290112499837,false,מגנום דואט שוקו לד עם נוגט שטראוס,"מיוצר ע""\י גלידת שטראוס",,,"י""ח",90,ל גרם,false,1,11,12.22,true,1,
7290112499929,false,מגנום שוקולד אימפלס פסח 120מל,"מיוצר ע""\י גלידת שטראוס",,,"י""ח",90,ל גרם,false,1,11,12.22,true,1,
7290112499936,false,מגנום שקדים אימפלס פסח 125מל,"מיוצר ע""\י גלידת שטראוס",,,"י""ח",90,ל גרם,false,1,11,12.22,true,1,
7290112499943,false,מיני מאגדת מיני מגנום טעמים שונים וניל+שוקו,"מיוצר ע""\י גלידת שטראוס",,,"י""ח",280,ל גרם,false,1,27.90,9.96,false,1,
7290112706362,false,מארז שלישיית ביצי שוקולד מפרץ ההרפתקאות,שמחה זה אנחנו בע`מ,,,"י""ח",1,,false,1,15,15,false,1,
7290112960856,false,טילון אקסטרים115-120 גרם מטבע שוקולד בטעם לוז נוגט נסטלה 115 גרם,נגה גלידות שותפות מוגבלת,,,"י""ח",115,ל גרם,false,1,12.90,11.22,true,1,
7290112962096,false,פתיתים אפויים לבבות 400 ג' אסם,קבוצת אוסם סחר שותפות מוגבלת,,,"י""ח",500,ל גרם,false,1,7.80,1.56,true,1,
7290112962546,false,מאגדת לה פרוטה מלון תפוח 350 גרם 5 יחידות,נגה גלידות שותפות מוגבלת,,,"י""ח",350,ל גרם,false,1,26.90,7.69,false,1,
7290112963918,false,פיטנס חטיפי קרקר דק רוזמרין 140 גרם,קבוצת אוסם סחר שותפות מוגבלת,,,"י""ח",140,ל גרם,false,1,13.90,9.93,true,1,
7290112964052,false,פסטה וזוביוטו 500 גר`פרפקטו אסם,קבוצת אוסם סחר שותפות מוגבלת,,,"י""ח",500,ל גרם,false,1,12.50,2.50,false,1,
7290112964434,false,אסם רוטב קיסר חדש לסלט 295 גרם,קבוצת אוסם סחר שותפות מוגבלת,,,"י""ח",290,"ל מ""ל",false,1,12.90,4.45,true,1,
7290112964472,false,אסם רוטב שום חדש לסלט 290 גרם,קבוצת אוסם סחר שותפות מוגבלת,,,"י""ח",290,"ל מ""ל",false,1,12.90,4.45,true,1,
7290112965165,false,מרק נמס פטריות אסם בדצ 48 גרם מארז זוגי,קבוצת אוסם סחר שותפות מוגבלת,,,"י""ח",34,ל גרם,false,1,6.40,18.82,false,1,
7290112965240,false,מרק נמס בטעם עגבניות זוג * 44 ג' אסם,קבוצת אוסם סחר שותפות מוגבלת,,,"י""ח",60,ל גרם,false,1,6.90,11.50,false,1,
7290112965288,false,מרק נמס ירקות אסם בדצ 56 גרם מארז זוגי,קבוצת אוסם סחר שותפות מוגבלת,,,"י""ח",30,ל גרם,false,1,6.40,21.33,false,1,
7290112965301,false,זוג מרק נמס בטעם עוף עם שקדי מרק רגע חם,קבוצת אוסם סחר שותפות מוגבלת,,,"י""ח",52,ל גרם,false,1,6.40,12.31,false,1,
7290112965660,false,פיטנס - חטיף מולטיגריין מלח פלפל 25 גרם,קבוצת אוסם סחר שותפות מוגבלת,,,"י""ח",25,ל גרם,false,1,5,20,true,1,
7290112965707,false,פיטנס - חטיף מולטיגריין צילי מעודן 25 גרם,קבוצת אוסם סחר שותפות מוגבלת,,,"י""ח",25,ל גרם,false,1,5,20,true,1,
7290112965868,false,קרם קרקר במתיקות מעודנת אסם 250 גרם,קבוצת אוסם סחר שותפות מוגבלת,,,"י""ח",250,ל גרם,false,1,10.90,4.36,true,1,
7290112965943,false,נאגטס ירקות ירוקים ( 500 גר`) טבעול,קבוצת אוסם סחר שותפות מוגבלת,,,"י""ח",500,ל גרם,false,1,39.90,7.98,true,1,
7290112965967,false,נאגטס ירקות כתומים ( 500 גר`) טבעול,קבוצת אוסם סחר שותפות מוגבלת,,,"י""ח",500,ל גרם,false,1,39.90,7.98,true,1,
7290112966803,false,אינסטנט פודינג בטעם שוקולד אסם (88 גרם),קבוצת אוסם סחר שותפות מוגבלת,,,"י""ח",88,ל גרם,false,1,5.90,6.70,true,1,
7290112966841,false,אינסטנט פודינג בטעם שוקולד מריר 95 גרם,קבוצת אוסם סחר שותפות מוגבלת,,,"י""ח",88,ל גרם,false,1,5.90,6.70,true,1,
7290112967138,false,בייגלה שמיניות ללא גלוטן אסם 250 גרם,קבוצת אוסם סחר שותפות מוגבלת,,,"י""ח",250,ל גרם,false,1,11.90,4.76,false,1,
7290112967572,false,"אסם רוטב ברביקיו 290 מ""ל אסם",קבוצת אוסם סחר שותפות מוגבלת,,,"י""ח",290,"ל מ""ל",false,1,12.90,4.45,true,1,
7290112968340,false,צבר חומוס סמיר הגדול 400 גר`,קבוצת אוסם סחר שותפות מוגבלת,,,"י""ח",400,ל גרם,false,1,15.80,3.95,true,1,
7290112968524,false,צבר סלט חומוס גרגירים רכים 6*250גרם,קבוצת אוסם סחר שותפות מוגבלת,,,"י""ח",250,ל גרם,false,1,12.10,4.84,false,1,
7290112968708,false,"שניצל תירס עדה חרדית טבעול 1.3 ק""ג",קבוצת אוסם סחר שותפות מוגבלת,,,"י""ח",1.30,"ק""ג",false,1,50.30,38.69,true,1,
7290112968807,false,80018416694פיטנס חטיפי קרקר דק סלק 150גר,קבוצת אוסם סחר שותפות מוגבלת,,,"י""ח",150,ל גרם,false,1,13.90,9.27,true,1,
7290112968821,false,חטיפי קרקר דק בטטה 140 גר` פיטנס,קבוצת אוסם סחר שותפות מוגבלת,,,"י""ח",150,ל גרם,false,1,13.90,9.27,true,1,
7290113050273,false,תבנית אינגליש קצרה R15,פאלאס תעשיות נטו (2014) בעמ,,,"י""ח",1,,false,1,0.70,0.70,false,1,
7290113192348,false,בית השיטה זיתים ירוקים גדול מאודבטעם שום,קבוצת אוסם סחר-שות.מוגבלת,,,"י""ח",340,ל גרם,false,1,11.20,3.29,true,1,
7290113192355,false,חרוזית זיתים ירוקים ללא גלעין 275 ג' בית השיטה,קבוצת אוסם סחר שותפות מוגבלת,,,"י""ח",275,ל גרם,false,1,11.10,4.04,true,1,
7290113192362,false,זיתים ירוקים טבעות A2 בית השיטה 280 גרם,קבוצת אוסם סחר שותפות מוגבלת,,,"י""ח",280,ל גרם,false,1,11.20,4,false,1,
7290113192478,false,בית השיטה מלפפונים במלח בינוני 10-12 320 גרם,קבוצת אוסם סחר שותפות מוגבלת,,,"י""ח",320,ל גרם,false,1,9.40,2.94,false,1,
7290113192485,false,בית השיטה מלפפונים בחומץ בינוני 10-12 290 גרם,קבוצת אוסם סחר שותפות מוגבלת,,,"י""ח",290,ל גרם,false,1,9.30,3.21,false,1,
7290113192508,false,בית השיטה מלפפונים במלח קטן 1317 320 גרם,קבוצת אוסם סחר שותפות מוגבלת,,,"י""ח",320,ל גרם,false,1,10.90,3.41,false,1,
7290113192539,false,בית השיטה מלפפונים במלח גדול 79 320 גרם,קבוצת אוסם סחר שותפות מוגבלת,,,"י""ח",320,ל גרם,false,1,7.90,2.47,false,1,
7290113192546,false,"מלפפונים בחומץ רכיבים טבעיים 7-9 ""בית השיטה""",קבוצת אוסם סחר שותפות מוגבלת,,,"י""ח",290,ל גרם,false,1,7.90,2.72,false,1,
7290113192577,false,בית השיטה כרוב כבוש א2 12*430גרם חדש,קבוצת אוסם סחר שותפות מוגבלת,,,"י""ח",430,ל גרם,false,1,7.90,1.84,false,1,
7290113192881,false,"טורטיה חיטה מופחת קלוריות, קוטר 20 ס""מ - 6 יח'",דין שיווק וקליה 2021 בעמ,,,"י""ח",420,ל גרם,false,1,8.90,2.12,false,1,
7290113193000,false,בית השיטה פלפל שיפקונית 230 גרם*,קבוצת אוסם סחר שותפות מוגבלת,,,"י""ח",230,ל גרם,false,1,10.90,4.74,false,1,
7290113193406,false,"קוקטייל טבעות זיתים - זיתים ירוקים, שחורים מרינד",קבוצת אוסם סחר שותפות מוגבלת,,,"י""ח",275,ל גרם,false,1,12.90,4.69,false,1,
7290113193673,false,זיתים שחורים יבשים במלח 400 גר`שקדיה,דין שיווק וקליה 2021 בעמ,,,"י""ח",400,ל גרם,false,1,14.90,3.73,false,1,
7290113194359,false,זיתים מגולענים בנוסח אנדלוס 215 גרם בית,קבוצת אוסם סחר-שות.מוגבלת,,,"י""ח",215,ל גרם,false,1,11.90,5.53,false,1,
7290113194649,false,מלפפונים במלח קוביות בית השיטה 320 גרם,קבוצת אוסם סחר שותפות מוגבלת,,,"י""ח",290,ל גרם,false,1,13.90,4.79,false,1,
7290113195073,false,חלבה טורקית עם פיסטוקים 400 גר` שקדיה,דין שיווק וקליה 2021 בעמ,,,"י""ח",400,ל גרם,false,1,16.90,4.23,false,1,
7290113195479,false,קמח שקדים 200 גרם - שקדיה,דין שיווק וקליה 2021 בעמ,,,"י""ח",200,ל גרם,false,1,15.90,7.95,false,1,
7290113196414,false,"אורז בסמטי 1 ק""ג - שקדיה כחול מטאלי",דין שיווק וקליה 2021 בעמ,,,"י""ח",1,"ק""ג",false,1,9.80,9.80,false,1,
7290113196902,false,מנה חמה אטריות אורז בטעם בקר שקדיה 70 גרם,דין שיווק וקליה 2021 בעמ,,,"י""ח",70,ל גרם,false,1,7.90,11.29,false,1,
7290113196926,false,מנה חמה אטריות אורז בטעם ירקות שקדיה 70 גרם,דין שיווק וקליה 2021 בעמ,,,"י""ח",70,ל גרם,false,1,7.90,11.29,false,1,
7290113197176,false,חמאת בוטנים טבעית עם שברי בוטנים 450,דין שיווק וקליה 2021 בעמ,,,"י""ח",510,ל גרם,false,1,15.90,3.12,false,1,
7290113197824,false,לבבות דקל בית השיטה 220 גרם,קבוצת אוסם סחר-שות.מוגבלת,,,"י""ח",220,ל גרם,false,1,12.90,5.86,true,1,
7290113198395,false,קשיו ענק 250גר מחנה יהודה,דין שיווק וקליה 2021 בעמ****,,,"י""ח",250,ל גרם,false,1,24.90,9.96,true,1,
7290113198401,false,בוטנים קלויים ג`מבו 300גר מחנה יהודה,דין שיווק וקליה 2021 בעמ****,,,"י""ח",300,ל גרם,false,1,19.90,6.63,true,1,
7290113198432,false,תערובת פיצוחים מובחרת 250גר מחנה יהודה,דין שיווק וקליה 2021 בעמ****,,,"י""ח",250,ל גרם,false,1,24.90,9.96,true,1,
7290113198449,false,שקד טבעי 300גר מחנה יהודה,דין שיווק וקליה 2021 בעמ****,,,"י""ח",300,ל גרם,false,1,24.90,8.30,true,1,
7290113198456,false,חמוציות 250גר מחנה יהודה,דין שיווק וקליה 2021 בעמ****,,,"י""ח",250,ל גרם,false,1,9.90,3.96,true,1,
7290113198463,false,פקאו סיני 160גר מחנה יהודה,דין שיווק וקליה 2021 בעמ****,,,"י""ח",160,ל גרם,false,1,19.90,12.44,true,1,
7290113198470,false,אגוז מלך 200גר מחנה יהודה,דין שיווק וקליה 2021 בעמ****,,,"י""ח",200,ל גרם,false,1,14.90,7.45,true,1,
7290113198494,false,פיסטוק קלוי גדול 200גר מחנה יהודה,דין שיווק וקליה 2021 בעמ****,,,"י""ח",200,ל גרם,false,1,24.90,12.45,true,1,
7290113198517,false,שזיף ללא גרעין 330גר מחנה יהודה,דין שיווק וקליה 2021 בעמ****,,,"י""ח",330,ל גרם,false,1,19.90,6.03,true,1,
7290113199880,false,טורטיה בתוספת קמח כוסמין ושיבול שועל שקדיה 360 גרם,דין שיווק וקליה 2021 בעמ,,,"י""ח",360,ל גרם,false,1,9.90,2.75,false,1,
7290113199927,false,סוכריות חמצוצים בטעם פירות 180 ג' שקדיה,דין שיווק וקליה 2021 בעמ,,,"י""ח",180,ל גרם,false,1,9.90,5.50,false,1,
7290113285101,false,"כפפות לטקס ללא אבקה M ""פרפקט"" כשל""פ*",ח.כהן סוכנות מזון ומשקאות בע,,,"י""ח",80,"י""ח",false,1,22.90,0.29,true,1,
7290113300125,false,בונזו מקלות בקר 50 ג,דיפלומט מפיצים (1968) בעמ**,,,"י""ח",50,ל גרם,false,1,8.90,17.80,false,1,
7290113300156,false,בונזו מקלות עוף 50 ג,דיפלומט מפיצים (1968) בעמ**,,,"י""ח",50,ל גרם,false,1,8.90,17.80,false,1,
7290113300194,false,פאוץ מתחוני לה קט עם עוף ברוטב 85ג,דיפלומט מפיצים (1968) בעמ**,,,"י""ח",85,ל גרם,false,1,4.90,5.76,false,1,
7290113300231,false,פאוץ מתחוני לה קט עם בקר בגלי 85ג,דיפלומט מפיצים (1968) בעמ**,,,"י""ח",85,ל גרם,false,1,4.90,5.76,false,1,
7290113300262,false,פאוץ מתחוני לה קט עם טונה בגלי 85ג,דיפלומט מפיצים (1968) בעמ**,,,"י""ח",85,ל גרם,false,1,4.90,5.76,false,1,
7290113860247,false,עוגות אישיות שכבות עשריה פנטולה,ש.שסטוביץ בעמ,,,"י""ח",400,ל גרם,false,1,13.90,3.48,true,1,
7290113860476,false,מארז אוברול קימונו שרוול קצר 3-6 תכלת,"קבוצת יבנה מוצרי מזון בע""מ",,,"י""ח",600,ל גרם,false,1,6.90,1.15,true,1,
7290113860483,false,מארז אוברול קימונו שרוול קצר 6-12 ורוד,"קבוצת יבנה מוצרי מזון בע""מ",,,"י""ח",600,ל גרם,false,1,10.90,1.82,true,1,
7290113860667,false,לייף בייביז תחליב גוף להזנת העור 400 מל,טחנות ישראליות בעמ,,,"י""ח",1,"ק""ג",false,1,7.90,7.90,true,1,
7290113860674,false,לייף בייביז שמפו להרגעת העור 1 ליטר,טחנות ישראליות בעמ,,,"י""ח",1,"ק""ג",false,1,8.90,8.90,true,1,
7290113860681,false,לייף בייביז אלסבון להרגעת העור 1 ליטר,טחנות ישראליות בעמ,,,"י""ח",1,"ק""ג",false,1,8.90,8.90,true,1,
7290113860698,false,לייף בייביז שמפו וסבון יחדיו להרגעת העור,טחנות ישראליות בעמ,,,"י""ח",1,"ק""ג",false,1,15.90,15.90,true,1,
7290114310215,false,"שמנת מתוקה 38% רמת הגולן 250 מ""ל ווסטהיים - מוצר בפיקוח",החברה המרכזית טלהפצת משקאות בע,,,"י""ח",250,"ל מ""ל",false,1,6.47,2.59,false,1,
7290114310222,false,חלב מועשר בסידן וויטמין Dי 3% 1.5 ל' טרה,החברה המרכזית טלהפצת משקאות בע,,,"י""ח",1.50,ליטר,false,1,12.50,8.33,false,1,
7290114310338,false,צפתית מעודנת 5% בגביע 225 גרם משק צוריאל,החברה המרכזית טלהפצת משקאות בע,,,"י""ח",250,ל גרם,false,1,16.90,6.76,false,1,
7290114310536,false,יוגורט לייט מעושר חלבון 25 גרם חלבון וניל MULLER ACTIVE,החברה המרכזית טלהפצת משקאות בע,,,"י""ח",200,"ל מ""ל",false,1,6.20,3.10,true,1,
7290114310611,false,"משקה חלב בננה בבקבוק פקק ספורט טרה 250 מ""ל",החברה המרכזית טלהפצת משקאות בע,,,"י""ח",250,"ל מ""ל",false,1,5.70,2.28,true,1,
7290114311014,false,"משקה חלב אייס קפוצ'ינו פקק ספורט טרה 250 מ""ל",החברה המרכזית טלהפצת משקאות בע,,,"י""ח",250,"ל מ""ל",false,1,5.70,2.28,true,1,
7290114311038,false,"שמנת מתוקה 32% עמידה בבקבוק טרה 250 מ""ל",החברה המרכזית טלהפצת משקאות בע,,,"י""ח",250,"ל מ""ל",false,1,6.90,2.76,false,1,
7290114311076,false,"חמאת מולר צהובה עם שום, 200 גרם",החברה המרכזית טלהפצת משקאות בע,,,"י""ח",200,ל גרם,false,1,11.90,5.95,false,1,
7290114311298,false,יוגורט מולר פרופ בטעם תות בננה מלון 150,החברה המרכזית טלהפצת משקאות בע,,,"י""ח",150,"ל מ""ל",false,1,5.30,3.53,true,1,
7290114311496,false,קרטון חלב מועשר 1% שומן 1 ליטר טרה,החברה המרכזית טלהפצת משקאות בע,,,"י""ח",1,ליטר,false,1,7.70,7.70,false,1,
7290114600927,false,עלי טורטייה חיטה מלאה מאסטר שף 320 גרם,אלקאטי קורביישיסי גי,,,"י""ח",320,ל גרם,false,1,10.90,3.41,false,1,
7290114600941,false,מאסטר שף מיונז הולנדי לחיץ 435 גרם,ש. שסטוביץ בע`מ,,,"י""ח",435,ל גרם,false,1,13.90,3.20,false,1,
7290114604840,false,"דפי אורז קוטר 16 כשל""פ מאסטר שף",ש. שסטוביץ בע`מ,,,"י""ח",400,ל גרם,false,1,14.90,3.73,true,1,
7290114604895,false,מאסטר שף מיונז ספייסי לחיץ 446 גרם,ש. שסטוביץ בע`מ,,,"י""ח",446,ל גרם,false,1,13.90,3.12,false,1,
7290114604901,false,ממרח שום לחיץ מאסטר שף 444 גרם,ש. שסטוביץ בע`מ,,,"י""ח",446,ל גרם,false,1,13.90,3.12,false,1,
7290114604949,false,מאסטר שף רוטב ברביקיו 524 גרם,רמיה סי.וי. הולנד,,,"י""ח",524,ל גרם,false,1,13.90,2.65,false,1,
7290114606530,false,רוטב בטעם מיונז וקטשופ מאסטר שף 515 גרם,ש. שסטוביץ בע`מ,,,"י""ח",515,ל גרם,false,1,13.90,2.70,false,1,
7290114606547,false,מיונז פטריות כמהין לחיץ מאסטר שף 242 גרם,ש. שסטוביץ בע`מ,,,"י""ח",242,ל גרם,false,1,13.90,5.74,false,1,
7290114606578,false,שקדי מרק מאסטר שף 400 גרם,ש. שסטוביץ בע`מ,,,"י""ח",400,ל גרם,false,1,10.90,2.73,true,1,
7290114653251,false,קופסת אוכל מחולקת BPA FREE מותגים,שמחה זה אנחנו,,,"י""ח",1,,false,1,16.90,16.90,false,1,
7290115072891,false,סביבון אור עם סוכריות,שמחה זה אנחנו,,,"י""ח",31,ל גרם,false,1,7.90,25.48,false,1,
7290115072914,false,סביבון אור עם סוכריות,שמחה זה אנחנו,,,"י""ח",31,ל גרם,false,1,7.90,25.48,false,1,
7290115073713,false,שלישיית ביצי שוקולד(חלב נוכרי)-טום וג'רי,שמחה זה אנחנו בעמ,,,"י""ח",1,,false,1,14.90,14.90,false,1,
7290115073720,false,שלישיית ביצי שוקולד(חלב נוכרי)-לוני טונס,שמחה זה אנחנו בעמ,,,"י""ח",1,,false,1,14.90,14.90,false,1,
7290115190014,false,סיגריות מרלבורו רד קצר בוקס,פיליפ מוריס בעמ,,,"י""ח",1,,false,1,34.90,34.90,false,1,
7290115190090,false,סיגריות מרלבורו קצר בוקס בודד,פיליפ מוריס בעמ,,,"י""ח",1,,false,1,34.90,34.90,false,1,
7290115190151,false,סיגריות מרלבורו טאצ גולד,פיליפ מוריס בעמ,,,"י""ח",1,,false,1,30.90,30.90,false,1,
7290115190199,false,פרלמנט נייט ארוך חפיסה) (20,פיליפ מוריס בעמ,,,"י""ח",1,,false,1,39.50,39.50,false,1,
7290115190212,false,סיגריות פרלמנט בלו 100 BR בודד,פיליפ מוריס בעמ,,,"י""ח",1,,false,1,39.50,39.50,false,1,
7290115190250,false,סיגריות פרלמנט קצר בודד,פיליפ מוריס בעמ,,,"י""ח",1,,false,1,39.50,39.50,false,1,
7290115190274,false,סיגריות פרלמנט סילבר,פיליפ מוריס בעמ,,,"י""ח",1,,false,1,39.50,39.50,false,1,
7290115190335,false,ל.מ.בלו לייבל ארוך בוקס חפיסה,פיליפ מוריס בעמ,,,"י""ח",1,,false,1,30.50,30.50,false,1,
7290115190359,false,אל.אמ בלו לייבל קצר חפיסה) (20,פיליפ מוריס בעמ,,,"י""ח",1,,false,1,30.50,30.50,false,1,
7290115190397,false,סיגריות L.M קצר רד לייבל בודד,פיליפ מוריס בעמ,,,"י""ח",1,,false,1,30.50,30.50,false,1,
7290115190472,false,סיגריות נקסט פיין אדג',פיליפ מוריס בעמ,,,"י""ח",1,,false,1,26.50,26.50,true,1,
7290115190496,false,סיגריות נקסט ארוך בודד,פיליפ מוריס בעמ,,,"י""ח",1,,false,1,29.90,29.90,false,1,
7290115190519,false,סיגריות נקסט פיין חפ,פיליפ מוריס בעמ,,,"י""ח",1,,false,1,29.90,29.90,false,1,
7290115190533,false,סיגריות נקסט ריסס 100 בודד,פיליפ מוריס בעמ,,,"י""ח",1,,false,1,26.90,26.90,true,1,
7290115190557,false,חפיסת סיגריות ריסס פילטר נקסט) (20,פיליפ מוריס בעמ,,,"י""ח",1,,false,1,26.90,26.90,true,1,
7290115190571,false,סיגריות נקסט לילך בודד,פיליפ מוריס בעמ,,,"י""ח",1,,false,1,29.90,29.90,false,1,
7290115190595,false,סיגריות נקסט אוריגינ,פיליפ מוריס בעמ,,,"י""ח",1,,false,1,29.90,29.90,false,1,
7290115190885,false,סיגריות מרלבורו פיוז'ן קפסולה 1*10,פיליפ מוריס בעמ,,,"י""ח",1,,false,1,279.90,279.90,false,1,
7290115190977,false,סיגריות מרלבורו טאץ אדום -בודד,פיליפ מוריס בעמ,,,"י""ח",1,,false,1,30.90,30.90,true,1,
7290115200003,false,פתי בר פינוקי וניל אסם 220 גרם,קבוצת אוסם סחר שותפות מוגבלת,,,"י""ח",220,ל גרם,false,1,10.90,4.95,true,1,
7290115200027,false,אסם פתי בר פינוקים שוקו 220 גרם,קבוצת אוסם סחר שותפות מוגבלת,,,"י""ח",220,ל גרם,false,1,10.90,4.95,true,1,
7290115200676,false,עוגיות קרמוגית במילוי קרם בטעם קרמל מלוח,קבוצת אוסם סחר שותפות מוגבלת,,,"י""ח",200,ל גרם,false,1,11.90,5.95,true,1,
7290115201031,false,פתי בר פינוקי דובי שוקולד 175גר.,קבוצת אוסם סחר שותפות מוגבלת,,,"י""ח",175,ל גרם,false,1,10.90,6.23,true,1,
7290115201550,false,חטיף ביסלי קרנבל מיקס 150 גר אסם,קבוצת אוסם סחר שותפות מוגבלת,,,"י""ח",200,ל גרם,false,1,8.90,4.45,true,1,
7290115201680,false,ביסלי חטיף בטעם ברביקין אסם (70 גרם),קבוצת אוסם סחר שותפות מוגבלת,,,"י""ח",70,ל גרם,false,1,4.50,6.43,true,1,
7290115201741,false,ביסלי חטיף בטעם בצל אסם (70 גרם),קבוצת אוסם סחר שותפות מוגבלת,,,"י""ח",70,ל גרם,false,1,4.50,6.43,true,1,
7290115202250,false,טופו קראנצי`ם צ`ילי פיקנטי 470 גרם טבעול,קבוצת אוסם סחר שותפות מוגבלת,,,"י""ח",693,ל גרם,false,1,39.90,5.76,true,1,
7290115202786,false,מנה חמה פאוצ' נדלס.אטר.טעם בקר 70 גרם,קבוצת אוסם סחר שותפות מוגבלת,,,"י""ח",70,ל גרם,false,1,4.90,7,false,1,
7290115202977,false,אוסם - מנה חמה רייס נודלס רוטב סויה סיני 55 גרם,קבוצת אוסם סחר-שות.מוגבלת,,,"י""ח",55,ל גרם,false,1,9.80,17.82,true,1,
7290115203172,false,במבה PRO מכיל 18 גרם חלבון בשקית,קבוצת אוסם סחר שותפות מוגבלת,,,"י""ח",80,ל גרם,false,1,4.90,6.13,true,1,
7290115203486,false,פירורית טעם ביסלי גריל אסם (200 גרם),קבוצת אוסם סחר שותפות מוגבלת,,,"י""ח",200,ל גרם,false,1,7.40,3.70,false,1,
7290115204056,false,"קטשופ מופחת סוכר אסם 690 גרם כשל""פ",קבוצת אוסם סחר שותפות מוגבלת,,,"י""ח",690,ל גרם,false,1,11.90,1.72,true,1,
7290115204698,false,בייגלה שטוחים שומשום בטעם ביסלי גריל 300 ג' אסם,קבוצת אוסם סחר-שות.מוגבלת,,,"י""ח",300,ל גרם,false,1,11.80,3.93,false,1,
7290115204995,false,לחמית ים תיכוני 160 גר`אסם,קבוצת אוסם סחר-שות.מוגבלת,,,"י""ח",190,ל גרם,false,1,9.90,5.21,true,1,
7290115205176,false,729001032825פיטנס חטיפי קרקר כפרי 140גר.,קבוצת אוסם סחר שותפות מוגבלת,,,"י""ח",140,ל גרם,false,1,13.90,9.93,true,1,
7290115205251,false,פריכיות קרמל מלוח פיטנס בר 84 גרם,קבוצת אוסם סחר שותפות מוגבלת,,,"י""ח",84,ל גרם,false,1,14.90,17.74,true,1,
7290115205312,false,קרקר פיטנס דק עם זיתי קלמטה ועשבי תיבול,קבוצת אוסם סחר שותפות מוגבלת,,,"י""ח",140,ל גרם,false,1,12.90,9.21,true,1,
7290115205541,false,חטיף מולטיגריין עם חומוס ( 25 גר`) פיטנס,קבוצת אוסם סחר שותפות מוגבלת,,,"י""ח",25,ל גרם,false,1,4.90,19.60,true,1,
7290115205978,false,פתיבר ואצבעות שוקולד 180 גרם - רבנות,קבוצת אוסם סחר שותפות מוגבלת,,,"י""ח",180,ל גרם,false,1,11.90,6.61,true,1,
7290115206531,false,אסם קרמוגית במילוי קרם בייגלה 12*200 גרם,קבוצת אוסם סחר שותפות מוגבלת,,,"י""ח",200,ל גרם,false,1,11.90,5.95,true,1,
7290115207880,false,סירופ ויטמינציק פטל 2 ליטר,קבוצת אוסם סחר שותפות מוגבלת,,,"י""ח",2,ליטר,false,1,41.90,20.95,false,1,
7290115207989,false,סירופ לימון ויטמינצ'יק 1 ליטר,קבוצת אוסם סחר שותפות מוגבלת,,,"י""ח",1,ליטר,false,1,21.90,21.90,false,1,
7290115208009,false,סירופ ענבים ויטמינצ'יק 1 ליטר,קבוצת אוסם סחר שותפות מוגבלת,,,"י""ח",1,ליטר,false,1,21.90,21.90,false,1,
7290115208047,false,סירופ פטל ויטמינצ`יק (1 ליטר),קבוצת אוסם סחר שותפות מוגבלת,,,"י""ח",1,ליטר,false,1,21.90,21.90,false,1,
7290115208061,false,סירופ תפוח ויטמינצ'יק 1 ליטר,קבוצת אוסם סחר שותפות מוגבלת,,,"י""ח",1,ליטר,false,1,21.90,21.90,false,1,
7290115208344,false,שטוחים בייגלה כפיות שמנת בצל 300גר,קבוצת אוסם סחר שותפות מוגבלת,,,"י""ח",300,ל גרם,false,1,11.70,3.90,false,1,
7290115209198,false,במבה אוורירית אסם 80 גרם,קבוצת אוסם סחר שותפות מוגבלת,,,"י""ח",80,ל גרם,false,1,3.90,4.88,true,1,
7290115209358,false,במבה במילוי בראוניז אסם (60 גרם),קבוצת אוסם סחר שותפות מוגבלת,,,"י""ח",600,ל גרם,false,1,4.90,0.82,true,1,
7290115209372,false,במבה במילוי בראוניז 150 גרם אוסם,קבוצת אוסם סחר שותפות מוגבלת,,,"י""ח",200,ל גרם,false,1,10.90,5.45,true,1,
7290115403299,false,עוגיות פרפריות 450ג דל,שיבולים יצור ושיווק מוצרי מאפה,,,"י""ח",450,ל גרם,false,1,15.90,3.53,false,1,
7290115403312,false,עוגיות מלוחות קריספי עגול 450ג דל,שיבולים יצור ושיווק מוצרי מאפה,,,"י""ח",450,ל גרם,false,1,15.90,3.53,false,1,
7290115403350,false,עוגיות רשת שוקו מסוכרות 450ג דל,שיבולים יצור ושיווק מוצרי מאפה,,,"י""ח",450,ל גרם,false,1,15.90,3.53,false,1,
7290115403381,false,עוגיות פיצפוצים לבן 500ג דלי,שיבולים יצור ושיווק מוצרי מאפה,,,"י""ח",500,ל גרם,false,1,15.90,3.18,false,1,
7290115403435,false,עוגיות מעמול תמר 500ג דל,שיבולים יצור ושיווק מוצרי מאפה,,,"י""ח",500,ל גרם,false,1,15.90,3.18,false,1,
7290115403442,false,עוגיות ממולאות טעם שוקולד 500ג דל,שיבולים יצור ושיווק מוצרי מאפה,,,"י""ח",500,ל גרם,false,1,15.90,3.18,false,1,
7290115403459,false,עוגיות נסיכה בטעם תות 500 גר`,שיבולים יצור ושיווק מוצרי מאפה,,,"י""ח",500,ל גרם,false,1,15.90,3.18,false,1,
7290115403466,false,עוגיות נסיכה מיקס 500ג דל,שיבולים יצור ושיווק מוצרי מאפה,,,"י""ח",500,ל גרם,false,1,15.90,3.18,false,1,
7290115403480,false,עוגיות בסגנון מרוקאי מיני 500ג דל,שיבולים יצור ושיווק מוצרי מאפה,,,"י""ח",500,ל גרם,false,1,15.90,3.18,false,1,
7290115403510,false,עוגיות מגולגלות תמרים 500ג דל,שיבולים יצור ושיווק מוצרי מאפה,,,"י""ח",500,ל גרם,false,1,15.90,3.18,false,1,
7290115403527,false,עוגיות עינוגי תמרים 500ג דל,שיבולים יצור ושיווק מוצרי מאפה,,,"י""ח",500,ל גרם,false,1,15.90,3.18,false,1,
7290115405088,false,קינוח אישי קדאיף קפולסקי 200 גרם,קפולסקי אדל בעמ,,,"י""ח",200,ל גרם,false,1,16.90,8.45,false,1,
7290115405118,false,קינוח אישי גבינה תענוג תות קפולסקי 200 ג,תופינים מקבוצת קפולסקי,,,"י""ח",200,ל גרם,false,1,16.90,8.45,false,1,
7290115405774,false,פחזניות ממולאות בטעם וניל קפולסקי 180 גרם,תופינים מקבוצת קפולס,,,"י""ח",180,ל גרם,false,1,14.90,8.28,false,1,
7290115405781,false,פחזניות ממולאות בטעם שוקולד קפולסקי 180 גרם,תופינים מקבוצת קפולס,,,"י""ח",180,ל גרם,false,1,13.90,7.72,false,1,
7290115642445,false,חנוכיה,צבע ומכחול (2014) בעמ,,,"י""ח",1,,false,1,129.90,129.90,false,1,
7290115670691,false,גרנולה שיבולת שועל עם פירות יער,אנרג'י Energy - שטראוס,,,"י""ח",400,ל גרם,false,1,13.90,3.48,false,1,
7290115671308,false,מסטיק מאסט פאן תות דובדבן צנצנת 58 גרם,שטראוס גרופ בע`מ,,,"י""ח",58,ל גרם,false,1,11.50,19.83,true,1,
7290115671421,false,פולי אספרסו עשירים וארומטיים עוצמה 10 עלית 250 גרם,שטראוס קפה בי. וי.,,,"י""ח",250,ל גרם,false,1,21.90,8.76,false,1,
7290115675702,false,דגני בוקר קראנצ'ים שיבולת שועל עם פירות מיובשים,שטראוס פריטו ליי בע`מ,,,"י""ח",375,ל גרם,false,1,19.90,5.31,false,1,
7290115675719,false,דגני בוקר קראנצ'ים שיבולת שועל וחתיכות שוקולד מריר,שטראוס פריטו ליי בע`מ,,,"י""ח",375,ל גרם,false,1,19.90,5.31,false,1,
7290115676273,false,אבקת קקאו עלית 500 גרם+ 10% תוספת,שטראוס קפה בי.וי.,,,"י""ח",500,ל גרם,false,1,26.90,5.38,false,1,
7290115676693,false,תפוצ'יפס מלח חומץ 50 ג' עלית,"שטראוס פריטו ליי בע""\מ )",,,"י""ח",50,ל גרם,false,1,4.50,9,false,1,
7290115678376,false,מעדן הגולן שוקולד 125 גרם,שטראוס גרופ בעמ/מצונן,,,"י""ח",125,ל גרם,false,1,3.40,2.72,true,1,
7290115678970,false,מארז סוכריות FRESH בטעם בזוקה עלית 3*15 ג',"הליקון גידה בע""\מ",,,"י""ח",45,ל גרם,false,1,7.90,17.56,false,1,
7290116530109,false,חטיף קליק נוגט ציפוי שוקולד לבן 35 גרם,"יוניליוור ישראל שיווק בע""מ",,,"י""ח",35,ל גרם,false,1,4.90,14,true,1,
7290116530161,false,"תחליב רחצה בניחוח שייק אננס, מלון וחלב שיבולת שועל",יוניליוור ישראל שיווק בע`מ,,,"י""ח",750,"ל מ""ל",false,1,11.90,1.59,false,1,
7290116530482,false,תלמה מארז קורנפלקס אלופים 30 גרם*5 יחידו,יוניליוור ישראל שיווק בע`מ,,,"י""ח",150,ל גרם,false,1,10,6.67,false,1,
7290116530871,false,נשנושים מיקס בייגל בייגל 240 גרם,יוניליוור ישראל שיווק בע`מ,,,"י""ח",240,ל גרם,false,1,13.90,5.79,false,1,
7290116531021,false,"שוקולד חלב ורד הגליל 100 גרם כשל""פ",יוניליוור ישראל שיווק בע`מ,,,"י""ח",100,ל גרם,false,1,4.90,4.90,false,1,
7290116531076,false,מרק פטריות רכיבים טבעיים קטן 225 ג' קנור,יוניליוור ישראל שיווק בע`מ,,,"י""ח",225,ל גרם,false,1,14.90,6.62,false,1,
7290116531083,false,"ברנפלקס ללא ת.סוכר בטעם דבש בתוספת שקדים, 400 גרם",יוניליוור ישראל שיווק בע`מ,,,"י""ח",500,ל גרם,false,1,22.90,4.58,true,1,
7290116531090,false,בייגל בייגל דג דג במליחות עדינה 250 גרם,יוניליוור ישראל שיווק בע`מ,,,"י""ח",250,ל גרם,false,1,9.90,3.96,true,1,
7290116531779,false,דפים ריחניים למייבש כביסה בדין כחול 40 יחידות,יוניליוור ישראל שיווק בע`מ,,,"י""ח",40,"י""ח",false,1,15.90,0.40,false,1,
7290116532264,false,גודיז פרי אפרסק – שלגון מופחת קלוריות עם יוגורט בציפוי בטעם אפרסק,"גלידת שטראוס בע""\מ, רחוב",,,"י""ח",297,ל גרם,false,1,19.90,6.70,false,1,
7290116532585,false,דגני בוקר ברנפלקס קרנצ'ים בטעם דבש וקינמון,יוניליוור ישראל שיווק בע`מ,,,"י""ח",500,ל גרם,false,1,19.90,3.98,false,1,
7290116532769,false,גרנולה פרוטאין גרנולה חלבון תפוח וקינמון תלמה 300 גרם,יוניליוור ישראל שיווק בע`מ,,,"י""ח",300,ל גרם,false,1,15.90,5.30,false,1,
7290116532882,false,נישנושים איירביס טעם בצל 155 גר`,יוניליוור ישראל שיווק בע`מ,,,"י""ח",150,ל גרם,false,1,11.90,7.93,false,1,
7290116532905,false,נישנושים איירביס טעם ברביקיו 155 גר`,יוניליוור ישראל שיווק בע`מ,,,"י""ח",150,ל גרם,false,1,11.90,7.93,false,1,
7290116533216,false,"קנור מרק תיבול ירקות 235 מ""ל",יוניליוור ישראל שיווק בע`מ,,,"י""ח",235,ל גרם,false,1,14.90,6.34,false,1,
7290116930459,false,"יופלה שייק מנגו בננה אננס וקוקוס 230 מ""ל",קבוצת המזון אקטשלאר,,,"י""ח",230,"ל מ""ל",false,1,7.90,3.43,false,1,
7290116930480,false,"משקה SHAKE בננה קיווי תפוח 230 מ""ל יופלה",קבוצת המזון אקטשלאר,,,"י""ח",230,"ל מ""ל",false,1,7.90,3.43,false,1,
7290116930626,false,ארוחה בקטנה ציזיקי עם קרקרים 150ג' תנובה,"תנובה בע""מ ***",,,"י""ח",150,ל גרם,false,1,7.90,5.27,false,1,
7290116930657,false,"משקה חלב גו בטעם בננה תמר בתוספת שיבולת שועל במרקם חלק 340 מ""ל",תנובה מרכז שיתופי לש,,,"י""ח",340,"ל מ""ל",false,1,7.50,2.21,true,1,
7290116930671,false,"חלב קפה דל לקטוז 800מ""ל%1.8 קרטון","תנובה בע""מ ***",,,"י""ח",1,ליטר,false,1,7.30,7.30,false,1,
7290116930954,false,יוגורט טעם פאי תפוחים 3% 150 ג' יופלה,תנובה בעמ ***,,,"י""ח",150,"ל מ""ל",false,1,5,3.33,false,1,
7290116931029,false,משקה בריסטה ש.שועל בטעם אייריש 1ל,"תנובה בע""מ ***",,,"י""ח",1,ליטר,false,1,12.90,12.90,true,1,
7290116931432,false,משקה סחלב ש.שועל 1ל,"תנובה בע""מ ***",,,"י""ח",1,ליטר,false,1,12.90,12.90,true,1,
7290117030363,false,"כוסות מעוטרות ""האומן"" 40 יח ""שווה""",ח.כהן סוכנות מזון ומשקאות בע,,,,40,"י""ח",false,1,8.90,0.22,true,1,
7290117030752,false,תבניות ארוז *7 (R31/105) מרובעות שווה,ח.כהן סוכנות מזון ומשקאות בע,,,"י""ח",7,"י""ח",false,1,7.90,1.13,true,1,
7290117030769,false,תבניות ארוז (R2/90)*7 מלבן ארוך שווה ח,ח.כהן סוכנות מזון ומשקאות בע,,,"י""ח",7,"י""ח",false,1,7.90,1.13,true,1,
7290117030776,false,תבניות ארוז מלבן עמוק *7 (R64/80A) שוו,ח.כהן סוכנות מזון ומשקאות בע,,,"י""ח",7,"י""ח",false,1,7.90,1.13,true,1,
7290117030783,false,תבניות ארוז *4 (R99/210) ענקיות חדש ש,ח.כהן סוכנות מזון ומשקאות בע,,,"י""ח",4,"י""ח",false,1,7.90,1.98,true,1,
7290117030790,false,תבניות ארוז *10 R88 אינגליש שווה חדש,ח.כהן סוכנות מזון ומשקאות בע,,,"י""ח",10,"י""ח",false,1,7.90,0.79,true,1,
7290117030806,false,תבניות ארוז *10 טוסטר (R29 B8) שווה חד,ח.כהן סוכנות מזון ומשקאות בע,,,"י""ח",10,"י""ח",false,1,7.90,0.79,true,1,
7290117030813,false,תבניות ארוז *4 C60 עגול עמוק שווה חדש,ח.כהן סוכנות מזון ומשקאות בע,,,"י""ח",4,"י""ח",false,1,7.90,1.98,true,1,
7290117030837,false,תבניות ארוז *10 אינגליש קצר שווה חדש*,ח.כהן סוכנות מזון ומשקאות בע,,,"י""ח",4,"י""ח",false,1,8.90,2.23,false,1,
7290117031001,false,729כפפות ניטריל סינטטי S כחול 80יח שווה,ח.כהן סוכנות מזון ומשקאות בע,,,"י""ח",80,"י""ח",false,1,24.90,0.31,true,1,
7290117031032,false,כפפות ניטריל סינטטי XL שחור 80יח שווה*,ח.כהן סוכנות מזון ומשקאות בע,,,"י""ח",80,"י""ח",false,1,24.90,0.31,true,1,
7290117031056,false,צלחות דקל מרובעות גדולות 10 יח`שווה*,ח.כהן סוכנות מזון ומשקאות בע,,,,10,"י""ח",false,1,14.90,1.49,true,1,
7290117031490,false,כריות מיקרופיבר לקרצוף וניקוי שווה,ח.כהן סוכנות מזון ומשקאות בע,,,"י""ח",3,"י""ח",false,1,8.90,2.97,true,1,
7290117031520,false,כוסות נייר גודל 12 שווה 40 יח (25 בקר,ח.כהן סוכנות מזון ומשקאות בע,,,"י""ח",40,"י""ח",false,1,14.90,0.37,true,1,
7290117031537,false,כוסות נייר גודל 16 שווה 40 יח (25 בקר,ח.כהן סוכנות מזון ומשקאות בע,,,"י""ח",40,"י""ח",false,1,18.90,0.47,true,1,
7290117031551,false,כוסות נייר גודל 2.5 שווה 40 יח (25 בקר,ח.כהן סוכנות מזון ומשקאות בע,,,"י""ח",40,"י""ח",false,1,4.90,0.12,true,1,
7290117031568,false,כוסות נייר גודל 9OZ איכותית 40 יח` שוו,ח.כהן סוכנות מזון ומשקאות בע,,,,40,"י""ח",false,1,12.90,0.32,false,1,
7290117032015,false,מזלגות איכותים 40יח שקוף שווה *,ח.כהן סוכנות מזון ומשקאות בע,,,"י""ח",40,"י""ח",false,1,6.90,0.17,true,1,
7290117032039,false,סכינים איכותיות 40יח קרם שווה*,ח.כהן סוכנות מזון ומשקאות בע,,,"י""ח",40,"י""ח",false,1,6.90,0.17,true,1,
7290117032046,false,סכינים איכותיות 40יח שקוף שווה*,ח.כהן סוכנות מזון ומשקאות בע,,,"י""ח",40,"י""ח",false,1,6.90,0.17,true,1,
7290117032060,false,כפות איכותיות 40יח קרם שווה*,ח.כהן סוכנות מזון ומשקאות בע,,,"י""ח",40,"י""ח",false,1,6.90,0.17,true,1,
7290117032077,false,כפות איכותיות 40יח שקוף שווה*,ח.כהן סוכנות מזון ומשקאות בע,,,"י""ח",40,"י""ח",false,1,6.90,0.17,true,1,
7290117032107,false,כפיות איכותיות 40יח שקוף שווה*,ח.כהן סוכנות מזון ומשקאות בע,,,"י""ח",40,"י""ח",false,1,6.90,0.17,true,1,
7290117032596,false,"צלחות גדולות 60 יח אריזה משפחתית ""שווה",ח.כהן סוכנות מזון ומשקאות בע,,,,60,"י""ח",false,1,25.90,0.43,true,1,
7290117260449,false,גבינה בולגרית מעודנת למריחה בטעם טבעי 5% שומן 200 ג' יורו,ג.וילי-פוד אינטרנשיונל **גבינו,,,"י""ח",200,ל גרם,false,1,9.90,4.95,false,1,
7290117260562,false,חמאה כפרית מסורתית בגביע,ג.וילי-פוד אינטרנשיונל **גבינו,,,"י""ח",225,ל גרם,false,1,16.90,7.51,false,1,
7290117260920,false,קרקרים ללא גלוטן ויליפוד 125 גרם,ג.וילי-פוד אינטרנשיונל בעמ,,,"י""ח",125,ל גרם,false,1,9.90,7.92,true,1,
7290117260944,false,מיני גריסיני עם שמן זית ללא גלוטן ויליפוד 125 גרם,ג. וילי-פוד אינטרנשיונל בע`מ,,,"י""ח",125,ל גרם,false,1,9.90,7.92,true,1,
7290117261040,false,זיתים שחורים מרינד 454 ג' ויליפוד,ג. וילי-פוד אינטרנשיונל בע`מ,,,"י""ח",454,ל גרם,false,1,12.90,2.84,false,1,
7290117261354,false,גבינת ריקוטה 200 גרם 5%שומן מחלבת אירופה,ג.וילי-פוד אינטרנשיונל **גבינו,,,"י""ח",200,ל גרם,false,1,10.90,5.45,false,1,
7290117261361,false,גבינת ריקוטה 400 ג 5% שומן מחלבת אירופה,ג.וילי-פוד אינטרנשיונל **גבינו,,,"י""ח",400,ל גרם,false,1,21.90,5.48,false,1,
7290117261378,false,גבינת קשקבל לייט EURO CHEESE ויליפוד 250 גרם,ג.וילי-פוד אינטרנשיונל **גבינו,,,"י""ח",250,ל גרם,false,1,15.90,6.36,false,1,
7290117382578,false,"מארז קולגייט טוטאל 75מ""ל+מברשת",ש.שסטוביץ בעמ,,,"י""ח",100,"ל מ""ל",false,1,21.90,21.90,true,1,
7290117860038,false,"הוואי - תחליב רחצה יוגורט בניחוח אוכמניות 700 מ""ל","טרופיקל דגיל בע""\מ",,,"י""ח",700,"ל מ""ל",false,1,14.90,2.13,true,1,
7290117860045,false,שמפו תמציות אלוורה ותה ירוק לשיער רגיל,"טרופיקל גליל בע""מ",,,"י""ח",700,"ל מ""ל",false,1,14.90,2.13,true,1,
7290117860137,false,"הוואי קרם רחצה יוגורט בניחוח פרח הקמליה 700 מ""ל","טרופיקל גליל בע""מ",,,"י""ח",700,"ל מ""ל",false,1,14.90,2.13,true,1,
7290117860298,false,שמפו קומפלקס קרטין לשיער עדין או חלש,"טרופיקל גליל בע""מ",,,"י""ח",700,"ל מ""ל",false,1,14.90,2.13,true,1,
7290117901175,false,שקדים קלופים 250 גרם ששון הקולה,דין שיווק וקליה 2021 בעמ,,,"י""ח",200,ל גרם,false,1,20,10,false,1,
7290117901182,false,בוטן קליפה קלוי 350 גרם ששון הקלה,דין שיווק וקליה 2021 בעמ,,,"י""ח",350,ל גרם,false,1,10,2.86,false,1,
7290117901205,false,טורטיה דגנים בתוספת שומשום ופשתן שקדיה 420 גרם,דין שיווק וקליה 2021 בעמ,,,"י""ח",360,ל גרם,false,1,9.90,2.75,false,1,
7290117901762,false,בוטן רביולי 200גר מחנה יהודה,דין שיווק וקליה 2021 בעמ****,,,"י""ח",200,ל גרם,false,1,24.90,12.45,true,1,
7290117901793,false,גרעיני חמניה קלופים 250גר מחנה יהודה,דין שיווק וקליה 2021 בעמ****,,,"י""ח",250,ל גרם,false,1,14.90,5.96,true,1,
7290117901816,false,אגוז קשיו טבעי 250גר מחנה יהודה,דין שיווק וקליה 2021 בעמ****,,,"י""ח",250,ל גרם,false,1,29.90,11.96,true,1,
7290118420378,false,פתיבר פינוקים בטעם תותים בשמנת - חלבי,קבוצת אוסם סחר שותפות מוגבלת,,,"י""ח",220,ל גרם,false,1,10.90,4.95,true,1,
7290118480167,false,מארז 6 מאפינס בטעם שוקוצ'יפס 45X6 גרם,שלמה א.אנג ל בעמ,,,"י""ח",270,ל גרם,false,1,11.90,4.41,false,1,
7290118751649,false,אנטריקוט פרוס טרי חלק ארוז *,"ח.י. מעדני גורמה בע""מ",,,"ק""ג",1,,true,1,199,199,true,1,
7290118751656,false,אנטריקוט פרוס דק טרי חלק ארוז*,"ח.י. מעדני גורמה בע""מ",,,"ק""ג",1,,true,1,199,199,true,1,
7290118751663,false,רוסטביף לתנור טרי חלק ארוז **,"ח.י. מעדני גורמה בע""מ",,,קוב,1,,true,1,89.90,89.90,false,1,
7290118751670,false,צלי כתף חצוי טרי חלק ארוז**,"ח.י. מעדני גורמה בע""מ",,,"ק""ג",1,,true,1,99.90,99.90,false,1,
7290118751687,false,שריר טרי חלק ארוז **,"ח.י. מעדני גורמה בע""מ",,,"ק""ג",1,"ק""ג",true,1,69.90,69.90,true,1,
7290118751694,false,שריר עגל מעובד מופשר חלק ארוז**,"ח.י. מעדני גורמה בע""מ",,,"ק""ג",1,,true,1,59.90,59.90,false,1,
7290118751700,false,גולש טרי חלק ארוז**,"ח.י. מעדני גורמה בע""מ",,,"ק""ג",1,,true,1,79.90,79.90,false,1,
7290118751717,false,בשר לטחינה טרי חלק ארוז**,"ח.י. מעדני גורמה בע""מ",,,"ק""ג",1,,true,1,59.90,59.90,false,1,
7291044081305,false,זוג נורות לד DL 12W E27 A60 SAFETY,סמיקום לקסיס בעמ,,,"י""ח",1,,false,1,17.90,17.90,false,1,
7297028161582,false,עשיריית גרבי אקטיב נשים 36-41,ביג מול בעמ,,,"י""ח",1,,false,1,29.90,29.90,false,1,
7297579005519,false,סט 3 קופסאות אחסון זכוכית לבן,דניאלה ע.י בעמ,,,"י""ח",1,,false,1,39.90,39.90,true,1,
7297579011329,false,מגבת מדאם גוף,"דהן פרוספר בע""מ",,,"י""ח",1,,false,1,29.90,29.90,true,1,
7297579011572,false,שלישיית מגבות מטבח זיג זג,דניאלה ע.י בעמ,,,"י""ח",1,,false,1,11.90,11.90,false,1,
7312040017683,false,מארז אבסולוט רגיל(וודקה {}{700 עם כוס,טמפו משקאות בע`מ,,,"י""ח",750,"ל מ""ל",false,1,64.90,8.61,true,1,
7394376123337,false,"משקה שיבולת שועל אורגני מפוקח ע""י סקאל",טרנסומס פוד איי.בי,,,"י""ח",1,ליטר,false,1,14.90,14.90,false,1,
7394376616778,false,אוטלי משקה שיבולת שועל להקצפה בריסטה 1 ליטר,ש. שסטוביץ בע`מ,,,"י""ח",1,ליטר,false,1,16.90,16.90,false,1,
7394376620294,false,אוטלי משקה שיבולת שועל בטעם וניל 1 ליטר,איי אם פי אס איי תעש,,,"י""ח",1,ליטר,false,1,15.90,15.90,false,1,
7450026800499,false,נעלי בית חורף גברים SY013 שחור,ביג מול בעמ,,,"י""ח",1,,false,1,39.90,39.90,false,1,
7501013101355,false,"נקטר בטעם אפרסק 500 מ""ל JUMEX",חומקס קומר קומרסאליזדורה,,,"י""ח",473,"ל מ""ל",false,1,8.50,1.73,true,1,
7501013101362,false,"נקטר בטעם קוקוס ואננס 500 מ""ל JUMEX",חומקס קומר קומרסאליזדורה,,,"י""ח",473,"ל מ""ל",false,1,8.50,1.73,true,1,
7501013122053,false,ג'ומקס מיץ אפרסק קרטונית ליטר תריסר,חומקס קומר קומרסאליזדורה,,,"י""ח",1,ליטר,false,1,9.30,9.30,true,1,
7501013122114,false,"נקטר משקה אננס בקרטונית ג'ומקס, 1 ל'",חומקס קומר קומרסאליזדורה,,,"י""ח",1,ליטר,false,1,9.50,9.50,true,1,
7501013122992,false,ג'ומקס מיץ קוקוס אננס קרטונית ליטר תריסר,חומקס קומר קומרסאליזדורה,,,"י""ח",1,ליטר,false,1,9.50,9.50,true,1,
7501049936945,false,"שישיית בירה סול בקבוק 330 מ""ל",טמפו משקאות בע`מ,,,"י""ח",1.98,ליטר,false,1,39.90,19.24,true,1,
7501064191398,false,שישיית בירה קורונה אקסטרא *355 מל,קריניציה ויטמינה אס,,,"י""ח",6,"י""ח",false,1,39.90,6.35,true,1,
7610100034084,false,מיונז טומי בשפורפרת 265 גרם,ליימן שליסל בע`מ,,,"י""ח",265,ל גרם,false,1,11.90,4.49,false,1,
7610243004463,false,"דורגול - מרסס להסרת אבנית במקלחון 600 מ""ל","יעקב יעקבי ובניו בע""מ",,,"י""ח",500,"ל מ""ל",false,1,24.90,4.98,true,1,
7610400010481,false,לינדט אקסלנס שוקולד חלב 100 גרם,לינדט ושפרונגלי קילשברג,,,"י""ח",10,ל גרם,false,1,17.90,179,true,1,
7610400014649,false,לינדור קוביות במילוי קרם שוקולד חלב 100 גרם,לינדט ושפרונגלי קילשברג,,,"י""ח",100,ל גרם,false,1,19.20,19.20,true,1,
7610400075770,false,לינדט לה גרנד שוקולד מריר אגוז 150 גרם,לינדט ושפרונגלי קילשברג,,,"י""ח",140,ל גרם,false,1,28.40,20.29,true,1,
7610400091060,false,שוקולד מריר לינדט אקסלנס בתוספת תפוז ושקדים,לינדט ושפרונגלי קילש,,,"י""ח",100,ל גרם,false,1,16.90,16.90,true,1,
7613030979647,false,דגני בוקר טריקס פירות עולם היורה 480 ג',קבוצת אוסם סחר שותפות מוגבלת,,,"י""ח",4.80,"י""ח",false,1,27.30,5.69,true,1,
7613032045753,false,פיטנס דגנים מחיטה מלאה שוקולד 375גרם,קבוצת אוסם סחר שותפות מוגבלת,,,"י""ח",375,ל גרם,false,1,22.90,6.11,true,1,
7613035378643,false,דנטלייף חטיף דנטלי לכלבים מגזע גדול - 4 יחידות,קבוצת אוסם סחר-שות.מוגבלת,,,"י""ח",115,ל גרם,false,1,15.90,13.83,false,1,
7613035807778,false,פרפקטו רוטב עגבניות לבולונז אסם 400 גרם,קבוצת אוסם סחר שותפות מוגבלת,,,"י""ח",400,ל גרם,false,1,11.20,2.80,true,1,
7613035809109,false,פרפקטו רוטב עגבניות ובזיליקום אסם 400 גרם,קבוצת אוסם סחר שותפות מוגבלת,,,"י""ח",400,ל גרם,false,1,10.70,2.68,true,1,
7613035809857,false,פרפקטו רוטב עגבניות לפסטה ולבישול אסם 400 גרם,קבוצת אוסם סחר שותפות מוגבלת,,,"י""ח",400,ל גרם,false,1,10.70,2.68,true,1,
7613036976695,false,פריסקיז - פאוץ בקר ברוטב 85 גרם,קבוצת אוסם סחר שותפות מוגבלת,,,"י""ח",80,ל גרם,false,1,5.90,7.38,false,1,
7613037686906,false,פיטנס שקדים ודבש 355 גרם מופחת סוכר,קבוצת אוסם סחר שותפות מוגבלת,,,"י""ח",355,ל גרם,false,1,22.90,6.45,true,1,
7613039771174,false,טבעול סנסשיונל מינס טחון צמחוני 400 גרם,קבוצת אוסם סחר שותפות מוגבלת,,,"י""ח",226,ל גרם,false,1,33.90,15,false,1,
7613039879382,false,מחית תפוח עץ 190 גר` גרבר כשר לפסח,קבוצת אוסם סחר שותפות מוגבלת,,,"י""ח",190,ל גרם,false,1,7.90,4.16,false,1,
7613039880807,false,גרבר מחית תפוח וגזר 190 גרם,קבוצת אוסם סחר שותפות מוגבלת,,,"י""ח",190,ל גרם,false,1,7.90,4.16,false,1,
7613039881521,false,גרבר מחית מרק מנגו 190 גרם,קבוצת אוסם סחר שותפות מוגבלת,,,"י""ח",190,ל גרם,false,1,7.90,4.16,false,1,
7622010001858,false,עוגיות אוראו ממולאות קרם וניל 176 גרם.,דיפלומט מפיצים (1968) בעמ**,,,"י""ח",176,ל גרם,false,1,9.90,5.63,true,1,
7622201401900,false,עוגיות סנסיישן אוראו מילקה 156 גרם,דיפלומט מפיצים (1968) בעמ**,,,"י""ח",156,ל גרם,false,1,10.90,6.99,true,1,
7622201521493,false,גבינת פילדלפיה שום ועשבי תיבול 150 גר` (,מיודלז אספניה פרודוק,,,"י""ח",150,ל גרם,false,1,14.90,9.93,true,1,
7622201798154,false,גבינת שמנת לייט מופחתת שומן 13% שומן,מיודלז אספניה פרודוק,,,"י""ח",150,ל גרם,false,1,15.90,10.60,false,1,
7622201801809,false,מילקה שוקולד חלב עם אגוזים 100 גרם חדש,מנדלז דויצ'\לנד סנקס פרו,,,"י""ח",100,ל גרם,false,1,7.90,7.90,true,1,
7622201802394,false,שוקולד מילקה חלב מסרונים 100 גרם,מנדלז דויצ'\לנד סנקס פרו,,,"י""ח",100,ל גרם,false,1,7.90,7.90,true,1,
7622201808631,false,אוראו מיני עוגיות ממולאות קרם וניל 67גרם,דיפלומט מפיצים (1968) בעמ**,,,"י""ח",67,"ס""מ",false,1,6.90,10.30,true,1,
7622201813390,false,עוגיות מילקה וואפל במילוי קרם קקאו 150 ג,דיפלומט מפיצים (1968) בעמ**,,,"י""ח",150,ל גרם,false,1,10.90,7.27,true,1,
7622210664150,false,"עוגיות אוראו וניל, 396 גרם",דיפלומט מפיצים (1968) בעמ**,,,"י""ח",156,ל גרם,false,1,14.90,9.55,false,1,
7622210826053,false,מילקה שוקולד אוראו סנדוויץ 100 גרם,דיפלומט מפיצים (1968) בעמ**,,,"י""ח",92,ל גרם,false,1,7.90,8.59,true,1,
7622300270506,false,מילקה גריינס - עוגיות שיבולת שועל מצופות שוקולד 168 ג',דיפלומט מפיצים (1968) בעמ**,,,"י""ח",168,ל גרם,false,1,10.90,6.49,true,1,
7622300489427,false,עוגיות אוראו בציפוי בטעם שוקולד לבן 246 גרם,דיפלומט מפיצים (1968) בעמ**,,,"י""ח",264,ל גרם,false,1,21.90,8.30,true,1,
7622300489434,false,"עוגיות אוראו פאדג' בציפוי שוקולד חלב, 246 גרם",דיפלומט מפיצים (1968) בעמ**,,,"י""ח",264,ל גרם,false,1,21.90,8.30,true,1,
7622300495046,false,מילקה שוקולד חלב עם אקסטרה קקאו 100 גרם,מנדלז דויצ'\לנד סנקס פרו,,,"י""ח",100,ל גרם,false,1,7.90,7.90,true,1,
7622300503079,false,עוגיות ביסקוויט מצופה שוקולד חלב מילקה 200 גרם,דיפלומט מפיצים (1968) בעמ**,,,"י""ח",200,ל גרם,false,1,10.90,5.45,true,1,
7622300617820,false,מילקה שוקולד חלב במילוי קרם חלב ווניל ושבבי עוגיות אוראו 100 גרם,מנדלז דויצ'\לנד סנקס פרו,,,"י""ח",100,ל גרם,false,1,7.90,7.90,true,1,
7622400005190,false,שוקולד חלב נגיעות שוקולד לבן מילקה 100 ג,מנדלז דויצ'\לנד סנקס פרו,,,"י""ח",1,,false,1,7.90,7.90,true,1,
7638900426663,false,9 V סוללות אנרג`יזר ריפרש,דנשר (1963) בעמ,,,"י""ח",1,,false,1,28.50,28.50,false,1,
7702018471423,false,גילט פיוזן סטארט סכיני גילוח 4יח,דיפלומט מפיצים {1968}בעמ,,,"י""ח",1,,false,1,49.90,49.90,true,1,
7702174068826,false,יוגטה מבחר סוכריות לקקן קשות ממולאות טופי בטעמי יוגורט ופירות 204 גרם,הדקלאים אגודת שיתופי,,,"י""ח",216,ל גרם,false,1,11.90,5.51,false,1,
7791875005353,false,ריבת חלב הוואנה דוצה דה לצה 450 גרם,משה סידס ובנו בעמ,,,"י""ח",450,ל גרם,false,1,19.90,4.42,true,1,
7798378440018,false,אוכמניות יחידה,ביכורי השדה צפון 1994 ג.ד. בעמ,,,"י""ח",1,,false,1,15.90,15.90,true,1,
7798382150019,false,אוכמניות טריות 125גרם,ביכורי השדה צפון 1994 ג.ד. בעמ,,,"י""ח",1,,false,1,15.90,15.90,true,1,
7804414000877,false,יין דון חוליו מרלו אדוארדס,צ'ילה לואיס פיליפה אדוארדס,,,"י""ח",750,"ל מ""ל",false,1,26.20,3.45,false,1,
7804414000884,false,שרדונה BIN דון חוליו (750 מל),צ'ילה לואיס פיליפה אדוארדס,,,"י""ח",750,"ל מ""ל",false,1,26.20,3.45,false,1,
7804414001614,false,שיראז חצי יבש דון חוליו (750 מל),צ'ילה לואיס פיליפה אדוארדס,,,"י""ח",750,"ל מ""ל",false,1,26.20,3.45,false,1,
7804414012351,false,יין מלבק 750 מל דון חוליו,הכרם - משקאות חריפים בעמ,,,"י""ח",750,"ל מ""ל",false,1,26.20,3.45,false,1,
7891024027998,false,קולגייט מי פה טוטאל הגנה מפני אבן 500 מל,קולגייט- פלמוליב,,,"י""ח",500,"ל מ""ל",false,1,29.90,5.98,true,1,
7891024124826,false,קולגייט משחת אופטיק ספרקלינג וייט 75מל,הנסיך- מפעל לייצור ט,,,"י""ח",75,"ל מ""ל",false,1,22.90,30.53,true,1,
7891024130063,false,"קולגייט מי פה פלאקס ללא אלכוהול 500 מ""ל מהדרין",קולגייט- פלמוליב,,,"י""ח",500,"ל מ""ל",false,1,25,5,true,1,
8000380004676,false,קוביות וופל סנדוויץ Sandwich עם וניל וחלב,"א. לואקר, קונפקט ג'י",,,"י""ח",200,ל גרם,false,1,13.90,6.95,true,1,
8000380004911,false,קוביות וופל קואדרטיני Quadratini קרם אגוזים,קריניציה ויטמינה אס,,,"י""ח",250,ל גרם,false,1,15.20,6.08,true,1,
8000380004966,false,וופל קוארדטיני לואקר קוביות שוקולד 250ג',קריניציה ויטמינה אס,,,"י""ח",250,ל גרם,false,1,15.20,6.08,true,1,
8000380007219,false,וופל לואקר ממולא קרם אגוזים 175 גרם,ליימן שליסל בע`מ,,,"י""ח",175,ל גרם,false,1,13.60,7.77,true,1,
8000380007257,false,וופל גרדנה במילוי קרם אגוזים מצופה,קריניציה ויטמינה אס,,,"י""ח",200,ל גרם,false,1,16.70,8.35,true,1,
8000380007264,false,וופל לואקר ממולא קרם קקאו 175 גרם,קריניציה ויטמינה אס,,,"י""ח",175,ל גרם,false,1,13.60,7.77,true,1,
8000380106028,false,טורטינה לואקר וופל שוקולד ואגוזים שישיה 125ג',קריניציה ויטמינה אס,,,"י""ח",125,ל גרם,false,1,19.90,15.92,true,1,
8000380144044,false,גרדנה וופל מצופה שוקולד חלב לואקר 200 גרם,ליימן שליסל בע`מ,,,"י""ח",200,ל גרם,false,1,16.70,8.35,true,1,
8000500023976,false,בונבוניירת רפאלו פררו (150 גרם),פרימיום-חברה לדברי מתיקה ולמסח,,,"י""ח",150,ל גרם,false,1,18.90,12.60,false,1,
8000500026731,false,ביצי שוקולד קינדר מארז 3 יח סופרייז,פרימיום-חברה לדברי מתיקה ולמסח,,,"י""ח",60,ל גרם,false,1,15.90,26.50,true,1,
8000500028124,false,קינדר גוי ביצת הפתעה מארז שלישיה,פרימיום-חברה לדברי מתיקה ולמסח,,,"י""ח",3,"י""ח",false,1,13.70,4.57,true,1,
8000500071083,false,אצבעות שוקולד קינדר Kinder שש עשרה יחידות,פרימיום-חברה לדברי מתיקה ולמסח,,,"י""ח",200,ל גרם,false,1,14.90,7.45,false,1,
8000500121436,false,מארז קינדר בואנו Kinder Bueno לבן שלוש יחידות,פרימיום-חברה לדברי מתיקה ולמסח,,,"י""ח",3,"י""ח",false,1,12.90,4.30,true,1,
8000500126325,false,ביצי שוקולד הפתעה קינדר ג'וי ורוד בנות שלישיה,פרימיום-חברה לדברי מתיקה ולמסח,,,"י""ח",3,"י""ח",false,1,16.90,5.63,false,1,
8000500167656,false,קינדר שוקולד עם דגנים סיריאל 94 ג',פרימיום-חברה לדברי מתיקה ולמסח,,,"י""ח",96,ל גרם,false,1,7.90,8.23,false,1,
8000500247167,false,פררו קולקשן - כדורי וופל מצופים 24 יחידו,פרימיום-חברה לדברי מתיקה ולמסח,,,"י""ח",275,ל גרם,false,1,49.90,18.15,false,1,
8000500256213,false,קינדר שוקולד חלב במילוי קרם חלבי,פרימיום-חברה לדברי מתיקה ולמסח,,,"י""ח",120,ל גרם,false,1,11.90,9.92,false,1,
8000500267103,false,קינדר דליס עוגת ספוג קקאו במילוי חלבי*10,פרימיום-חברה לדברי מתיקה ולמסח,,,"י""ח",4.20,"י""ח",false,1,21.90,5.21,true,1,
8000500269169,false,קינדר קארדס Kinder Cards - חמישייה,פרימיום-חברה לדברי מתיקה ולמסח,,,"י""ח",1.28,"י""ח",false,1,14.90,11.64,false,1,
8000500310397,false,נוטלה ביסקוויט 166ג,פרימיום - חברה לדברי מתיקה ולמ,,,"י""ח",1.66,"י""ח",false,1,14.90,8.98,false,1,
8000500366073,false,נוטלה עוגיות נוטלה בשקית 20 יח'- NUTELLA BISCUITTS,פרימיום - חברה לדברי מתיקה ולמ,,,"י""ח",2.76,"י""ח",false,1,21.90,7.93,false,1,
8000500386941,false,נוטלה ממרח קקאו עם אגוזי לוז 900 גר`,פרימיום-חברה לדברי מתיקה ולמסח,,,"י""ח",900,ל גרם,false,1,31.90,3.54,true,1,
8000798000307,false,מברשת מגהץ איכותית (,מ.א.ייצור ויבוא מטליות בעמ,,,"י""ח",1,"י""ח",false,1,6,6,false,1,
8001003100218,false,סוכריות יוגטה ג'לי פירות 800 גר',ליימן שליסל בע`מ,,,"י""ח",800,ל גרם,false,1,26.20,3.28,false,1,
8001090016003,false,טבליות למדיח קלאסי הכל באחד פיירי,דיפלומט מפיצים (1968) בעמ,,,"י""ח",84,"י""ח",false,1,59.90,0.71,false,1,
8001090184375,false,"נוזל כלים פיירי 900 מ""ל ירוק אורגינל",דיפלומט מפיצים (1968) בעמ,,,"י""ח",900,"ל מ""ל",false,1,14.90,1.66,true,1,
8001090184412,false,"פיירי נוזל לניקוי כלים לימון שקוף, 900 מ""ל",דיפלומט מפיצים (1968) בעמ,,,"י""ח",900,"ל מ""ל",false,1,14.90,1.66,true,1,
8001090290830,false,"אוראל בי משחת שיניים- להלבנה פנינה בוהקת 75 מ""ל",דיפלומט מפיצים (1968) בעמ,,,"י""ח",124,ל גרם,false,1,23.90,19.27,true,1,
8001090290939,false,"אוראל בי משחת שיניים- להלבנה לובן בוהק 75 מ""ל",דיפלומט מפיצים (1968) בעמ,,,"י""ח",124,ל גרם,false,1,23.90,19.27,true,1,
8001090375186,false,"מרכך מרוכז 200 מ""ל לצבע מלא חיים ""פנטן""",דיפלומט מפיצים (1986) בע`מ,,,"י""ח",200,"ל מ""ל",false,1,21.90,10.95,false,1,
8001090458353,false,סבון כלים פעולה אנטי-בקטריאלית אקליפטוס,דיפלומט מפיצים (1986) בע`מ,,,"י""ח",500,"ל מ""ל",false,1,12.50,2.50,false,1,
8001090721099,false,טבליות ג'ל לכביסה 3 ב-1 בניחוח אביב הרים,דיפלומט מפיצים (1986) בע`מ,,,"י""ח",28,"י""ח",false,1,34.90,1.25,true,1,
8001090721129,false,אריאל קפסולות גל לכביסה 3ב1 קולור 27 יח,דיפלומט מפיצים (1986) בע`מ,,,"י""ח",28,"י""ח",false,1,34.90,1.25,true,1,
8001090734044,false,אולוויז מגן תחתון גיגה פק לארג' אקסטרה פרוטקט 64 יח',דיפלומט מפיצים (1986) בע`מ,,,"י""ח",78,"י""ח",false,1,24.90,0.32,true,1,
8001090740717,false,מגני תחתון אולוויז נורמל עם ניחוח רענן Fresh Scent,פרוקטר אנד גמבל )ראה קוד,,,"י""ח",76,"י""ח",false,1,29.90,0.39,true,1,
8001090832450,false,"שמפו פנטן הנוסחה הקלאסית 660 מ""ל",דיפלומט מפיצים (1986) בע`מ,,,"י""ח",660,"ל מ""ל",false,1,23.90,3.62,false,1,
8001090832771,false,"פנטן שמפו להזנת קרטין 660 מ""ל",דיפלומט מפיצים (1986) בע`מ,,,"י""ח",660,"ל מ""ל",false,1,23.90,3.62,false,1,
8001090832818,false,מרכך פנטן הנוסחה הקלאסית לשיער רגיל ומעורב,דיפלומט מפיצים (1986) בע`מ,,,"י""ח",660,"ל מ""ל",false,1,23.90,3.62,false,1,
8001090832894,false,מרכך לשיער חלש ופגום לחות מוגברת,דיפלומט מפיצים (1986) בע`מ,,,"י""ח",660,"ל מ""ל",false,1,23.90,3.62,false,1,
8001090899194,false,תחבושות אולוויז פלטינום נורמל 24 יחידות,דיפלומט מפיצים (1986) בע`מ,,,"י""ח",1,,false,1,19.90,19.90,true,1,
8001090899255,false,תחבושות אולוויז פלטינום לילה 16 יחידות,דיפלומט מפיצים (1986) בע`מ,,,"י""ח",1,,false,1,19.90,19.90,true,1,
8001620011935,false,"סן בנדטו- מים מינרלים מוגז - מארז שישיית 500 מ""ל",אקווה מינרלה סאן בנד,,,"י""ח",3,ליטר,false,1,14.90,4.37,true,1,
8001620018248,false,"מים מינרלים 750 מ""ל סאן בנדטו-פקק ספורט",אקווה מינרלה סאן בנדטו ב,,,"י""ח",750,"ל מ""ל",false,1,3.50,0.43,true,1,
8001841053684,false,תחבושות אולוויז עבה לונג פלוס 12 יחידות,פרוקטר אנד גמבל )ראה קוד,,,"י""ח",1,,false,1,13.90,13.90,false,1,
8001841096889,false,"נוזל לניקוי כלים לימון קלאסי 900 מ""ל",דיפלומט מפיצים (1968) בעמ,,,"י""ח",900,"ל מ""ל",false,1,9.90,1.10,true,1,
8001841625188,false,סבון כלים פלטינום לימון X3 פעולות להסרת שומנים,דיפלומט מפיצים (1986) בע`מ,,,"י""ח",500,"ל מ""ל",false,1,9.90,1.98,false,1,
8001841625508,false,"נוזל כלים פיירי פלטינום אורגינל 1.015 ליטר בד""צ",דיפלומט מפיצים (1968) בעמ,,,"י""ח",1.01,ליטר,false,1,15.90,15.74,true,1,
8001841669465,false,קפסולות לכביסה אריאל בניחוח לנור 24 יחידות,דיפלומט מפיצים (1986) בע`מ,,,"י""ח",24,"י""ח",false,1,32.90,1.37,true,1,
8001841669519,false,קפסולות לכביסה ALL IN ONE אריאל 55 יחידות,דיפלומט מפיצים (1986) בע`מ,,,"י""ח",55,"י""ח",false,1,59.90,1.09,true,1,
8002450201008,false,"רספברי ספרקלטיני 750 מ""ל",הכרם - משקאות חריפים בעמ,,,"י""ח",750,"ל מ""ל",false,1,26.20,3.45,true,1,
8002450202005,false,שמפניה ספרקלטיני אסאי ורדי (750 מל),הכרם - משקאות חריפים בעמ,,,"י""ח",750,"ל מ""ל",false,1,26.20,3.45,true,1,
8002450203002,false,"משקה כהלי ורדי רימונים ספרקלטיני 750מ"".",הכרם - משקאות חריפים בעמ,,,"י""ח",750,"ל מ""ל",false,1,26.20,3.45,true,1,
8002450205006,false,ספרקלטיני תות שדה ורדי בוסקה (750 מל),הכרם - משקאות חריפים בעמ,,,"י""ח",750,"ל מ""ל",false,1,26.20,3.45,true,1,
8002450206003,false,משקה כהלי ורדי רימונים ספרקלטיני 750מ,הכרם - משקאות חריפים בעמ,,,"י""ח",750,"ל מ""ל",false,1,26.20,3.45,true,1,
8002450206522,false,מרלו קאזה דה לואיג`י (750 מל),הכרם - משקאות חריפים בעמ,,,"י""ח",750,"ל מ""ל",false,1,31.90,4.21,true,1,
8002450208007,false,ספרקלטיני גרין אפל ורדי בוסקה (750 מל),הכרם - משקאות חריפים בעמ,,,"י""ח",1,,false,1,31.30,31.30,true,1,
8004030022010,false,ירקות גינה עם טונה ריו מרה אינסלטיסימי 160 ג',"בולטון אלימנטרי בע""\מ",,,"י""ח",160,ל גרם,false,1,15.90,9.94,false,1,
8004030026018,false,"מקסיקני עם טונה ריו מרה אינסלטיסימי, 160 ג'","בולטון אלימנטרי בע""\מ",,,"י""ח",160,ל גרם,false,1,15.90,9.94,false,1,
8004030845046,false,טונה עם ירקות בתוספת עם אורז ריו מרה אינסלטיסימי 160 ג',בולטון אלימנטרי,,,"י""ח",160,ל גרם,false,1,15.90,9.94,false,1,
8004800004802,false,לאגו פלאסיר גליליוופל קרם דומדמניות 100 גרם,תה ויסוצקי (ישראל) בעמ,,,"י""ח",100,ל גרם,false,1,11.90,11.90,true,1,
8005200486526,false,"נסטי, תה קר בטעם אפרסק 500 מל",מפעל סאנפלגרינו S.p.,,,"י""ח",50,"ל מ""ל",false,1,7.10,13.60,false,1,
8006540112823,false,"לנור מרכך כביסה מרוכז בניחוח האוקיינוס 900 מ""ל",דיפלומט מפיצים (1968) בעמ,,,"י""ח",900,"ל מ""ל",false,1,15.90,1.77,true,1,
8006540222089,false,פמפרס מגבונים היגיינים לתינוקות וילדים TO GO 40 יח',דיפלומט מפיצים (1986) בע`מ,,,"י""ח",1,,false,1,7.90,7.90,false,1,
8006540425930,false,אריאל קפסולות לכביסה ג'ל 24 יח' לכתמים קשים,דיפלומט מפיצים (1986) בע`מ,,,"י""ח",24,"י""ח",false,1,32.90,1.37,false,1,
8008660210014,false,מעדן משמש מנז אנד גאסר ויסוצקי 300 גרם,תה ויסוצקי (ישראל) בעמ,,,"י""ח",300,ל גרם,false,1,15.90,5.30,true,1,
8008660210021,false,מעדן ריבה מנץ אנד גאססר דובדבן 300 גר,תה ויסוצקי (ישראל) בעמ,,,"י""ח",300,ל גרם,false,1,15.90,5.30,true,1,
8008660210038,false,מעדן ריבה מנץ אנד גאססר תות שדה 300 גר,תה ויסוצקי (ישראל) בעמ,,,"י""ח",300,ל גרם,false,1,15.90,5.30,true,1,
8008660210045,false,מעדן פירות יער מנז אנד גאסר ויסוצקי 300 גרם,תה ויסוצקי (ישראל) בעמ,,,"י""ח",300,ל גרם,false,1,15.90,5.30,true,1,
8008660210052,false,מעדן פרי תפוז מנז אנד גאסר ויסוצקי 320 גרם,תה ויסוצקי (ישראל) בעמ,,,"י""ח",320,ל גרם,false,1,15.90,4.97,true,1,
8008912010300,false,LIGUORI פסטה פרפלה 500 גרם מספר 30,תה ויסוצקי (ישראל)בעמ,,,"י""ח",500,ל גרם,false,1,8.90,1.78,true,1,
8008912010317,false,LIGUORI פסטה פוזילי 500 גרם מספר 31,תה ויסוצקי (ישראל)בעמ,,,"י""ח",500,ל גרם,false,1,8.90,1.78,true,1,
8008912010331,false,"ליגורי פסטה ניוקי סרדי בצורת קונכיות, 500 גר'",תה ויסוצקי (ישראל)בעמ,,,"י""ח",500,ל גרם,false,1,8.90,1.78,true,1,
8011033011279,false,קוסקוס אמיתי 1 קג מר,דין שיווק וקליה 2021 בעמ,,,"י""ח",1,"ק""ג",false,1,11.90,11.90,false,1,
8032793344520,false,תרכיז עגבניות רסק עגבניות מרוכז מאוד,גורי מוצרי צריכה (1991) בעמ,,,"י""ח",200,ל גרם,false,1,8.90,4.45,true,1,
8076800195033,false,ברילה - צ.א ספגטיני מס3 חדש 500 גרם,ברילה גי.אי.אר פרטלי ס.פ,,,"י""ח",500,ל גרם,false,1,7.90,1.58,false,1,
8076800195132,false,ברילה - צ.א בבטה מס13 500 גרם,ברילה גי.אי.אר פרטלי ס.פ,,,"י""ח",500,ל גרם,false,1,7.90,1.58,false,1,
8076802085738,false,ברילה צ.ק פנה רגטה מס' 73 500 גרם,ברילה גי.אי.אר פרטלי ס.פ,,,"י""ח",500,ל גרם,false,1,7.90,1.58,false,1,
8076808050440,false,פסטה מקרוני מספר 44 ברילה 500 גרם,ש. שסטוביץ בע`מ,,,"י""ח",500,ל גרם,false,1,7.90,1.58,false,1,
8076808060654,false,פסטה פרפלה מספר 65 ברילה 500 גרם,ברילה גי.אי.אר פרטלי ס.פ,,,"י""ח",500,ל גרם,false,1,7.90,1.58,false,1,
8076808150072,false,ברילה - צ.א ספגטוני מס7 חדש 500 גרם,ברילה גי.אי.אר פרטלי ס.פ,,,"י""ח",500,ל גרם,false,1,7.90,1.58,false,1,
8076809512268,false,פסטה גירנדולה טורסדס מספר 34 ברילה 500 גרם,ברילה גי.אי.אר פרטלי ס.פ,,,"י""ח",500,ל גרם,false,1,7.90,1.58,false,1,
8076809513395,false,ברילה פומודורו רוטב עגבניות קלאסי 400 גר,ברילה גי.אי.אר פרטלי ס.פ,,,"י""ח",400,ל גרם,false,1,15.90,3.98,true,1,
8076809513654,false,בסיס רוטב עגבניות לבולונז ברילה 400 גרם,ברילה גי.אי.אר פרטלי ס.פ,,,"י""ח",400,ל גרם,false,1,15.90,3.98,true,1,
8076809513692,false,רוטב עגבניות נפולטנה בתוספת ירקות,ברילה גי.אי.אר פרטלי ס.פ,,,"י""ח",400,ל גרם,false,1,15.90,3.98,true,1,
8076809514774,false,ברילה פפרדלה איטריות ביצים 250 גרם,ברילה גי.אי.אר פרטלי ס.פ,,,"י""ח",250,ל גרם,false,1,17.90,7.16,false,1,
8076809519977,false,ברילה אורקייטה 500 גר`ברילה,ברילה גי.אי.אר פרטלי ס.פ,,,"י""ח",500,ל גרם,false,1,13.90,2.78,false,1,
8076809523561,false,ברילה - רוטב פסטה בטעם טוסקנה 400 גרם,ברילה גי.אי.אר פרטלי ס.פ,,,"י""ח",1,,false,1,15.90,15.90,true,1,
8076809523714,false,איטריות טליאטלה ברילה 500 גרם,"ש. שסטוביץ בע""\מ",,,"י""ח",500,ל גרם,false,1,24.90,4.98,false,1,
8076809529419,false,ספגטי מחיטה מלאה מס' 5 500 ג' ברילה,ברילה גי. אי. אר פרט,,,"י""ח",500,ל גרם,false,1,13.90,2.78,true,1,
8076809547956,false,פסטה ברילה קיפרי 500 גרם,ברילה ג'.אי.אר פרטלי,,,"י""ח",500,ל גרם,false,1,7.90,1.58,false,1,
8121300209466,false,טרוביה-תחליף סוכר חום 320 גרם,גורי ע.ע.ע. בעמ,,,"י""ח",320,"ל מ""ל",false,1,34.90,10.91,true,1,
8410104039134,false,"מנקה ומחדש מדיח כלים פיניש 250 מ""ל",רקיט בנקיזר (ניר איסט) בעמ,,,"י""ח",250,"ל מ""ל",false,1,18.90,7.56,true,1,
8410104511340,false,ויט רצועות שעווה מוכנות לעור יבש 12 יחידות,רקיט בנקיזר (ניר איסט) בעמ,,,"י""ח",1,"י""ח",false,1,23.90,23.90,true,1,
8410128768355,false,ויוה סוי סויה קלאסי קרטונית ליטר,טמפו משקאות בע`מ,,,"י""ח",1,ליטר,false,1,11.90,11.90,true,1,
8410128783587,false,ויוה סוי שיבולת שועל בריסטה קרטונית,טמפו משקאות בעמ,,,"י""ח",1,ליטר,false,1,9.90,9.90,true,1,
8410644611203,false,יין קאווה איבריקה לבן יבש Cava Iberica,טמפו משקאות בע`מ,,,"י""ח",750,"ל מ""ל",false,1,34.90,4.61,true,1,
8410644611210,false,יין קאווה איבריקה לבן חצי יבש Cava Iberica,טמפו משקאות בע`מ,,,"י""ח",750,"ל מ""ל",false,1,34.90,4.61,true,1,
8412497913992,false,"בקבוק פלסטיק גדול 600מ""ל פרוזן",שמחה זה אנחנו,,,"י""ח",1,,false,1,29.90,29.90,false,1,
8420822130600,false,"ספריי סופר מסיר שומנים 750מ""ל יעקבי","יעקב יעקבי ובניו בע""מ",,,"י""ח",750,ל גרם,false,1,18.90,2.52,true,1,
8420822130624,false,"ספריי סופר מסיר כתמים 750מ""ל יעקבי","יעקב יעקבי ובניו בע""מ",,,"י""ח",750,ל גרם,false,1,20.90,2.79,false,1,
8422443005213,false,יין המרכבה גראנד סלקשיין ק.סוביניון,היכל היין שקד גולן בעמ,,,"י""ח",750,"ל מ""ל",false,1,34.90,4.61,true,1,
8423207206488,false,סלים דליס חטיף דגנים מצופה שוקולד חלב מרבה 6*20 גרם,אף.סי תבליני בגליל ב,,,"י""ח",283,ל גרם,false,1,13.90,4.91,true,1,
8423207210287,false,מרבה סלים דליס שוקולד לבן בטעם יוגורט 120 ג',סלים דליס Slim Delis,,,"י""ח",120,ל גרם,false,1,13.90,11.58,true,1,
8424842050016,false,צ'יפס בטעם כמהין 125 גרם רביו,א. סיימן סחר בעמ,,,"י""ח",125,ל גרם,false,1,12.90,10.32,true,1,
8424842050085,false,צ'יפס בטעם חרדל ודבש 125 גרם רביו,א. סיימן סחר בעמ,,,"י""ח",125,ל גרם,false,1,12.90,10.32,true,1,
8435495807605,false,תינוקלין מרכך כביסה היפואלרגני מרוכז 1 ליטר,מולינו ניקולי s.p.a,,,"י""ח",1,ליטר,false,1,19.90,19.90,true,1,
8435495819363,false,תינוקלין מרכך כביסה היפואלרגני 1 ליטר,ליימן שליסל בע`מ,,,"י""ח",1,ליטר,false,1,19.90,19.90,true,1,
8436575292205,false,ארטיק חמשושים מאגדת 15*12 גר',נגה גלידות שותפות מוגבלת,,,"י""ח",180,ל גרם,false,1,22.90,12.72,false,1,
8593868006014,false,"בירה בלו מון 500מ""ל פחית 5.4%",הכרם - משקאות חריפים בעמ,,,"י""ח",500,"ל מ""ל",false,1,12.90,2.52,true,1,
8606018615827,false,גלידת וניל עם שברי עוגיות אוראו 480 גרם,נגה גלידות שותפות מוגבלת,,,"י""ח",480,ל גרם,false,1,21.90,4.56,false,1,
8606018615841,false,גלידה וניל עם ליבת שוקולד חלב מעולה 480 גרם,נגה גלידות שותפות מוגבלת,,,"י""ח",480,ל גרם,false,1,21.90,4.56,false,1,
8606018615865,false,פיינט מילקה קרמל ליבת שוקולד 480 גרם,נגה גלידות שותפות מוגבלת,,,"י""ח",480,ל גרם,false,1,21.90,4.56,false,1,
8681982060668,false,מארז קופסאות.,פיקס יבוא (ש.ע) בעמ,,,"י""ח",1,,false,1,19.90,19.90,true,1,
8683130008355,false,מיונז שום לחיץ אמיתי הלמנס 400 גרם,יוניליוור ישראל שיווק בע`מ,,,"י""ח",400,ל גרם,false,1,13.90,3.48,false,1,
8683130008935,false,"הלמנס קטשיונז 425 גר{הרב רלב""ג}",יוניליוור ישראל שיווק בע`מ,,,"י""ח",425,ל גרם,false,1,13.90,3.27,false,1,
8683130012666,false,שלגון מגנום דאבל לבן עוגיות 72 גרם,"מיוצר ע""\י יונילוור סנאי",,,"י""ח",85,ל גרם,false,1,10,11.76,true,1,
8683323063024,false,יוגטה שטיחים בטעם תותי פרוטי 220 גרם,ליימן שליסל בע`מ,,,"י""ח",220,ל גרם,false,1,7.90,3.59,true,1,
8686868600068,false,אביזרי שיער סרטים וקשתות,אל האופק שיווק וסחר,,,"י""ח",1,,false,1,8.90,8.90,false,1,
8686868600075,false,אביזרי שיער סיכות פפיון גדולות,אל האופק שיווק וסחר,,,"י""ח",1,,false,1,9.90,9.90,false,1,
8686868600129,false,המותג אביזרי שיער,אל האופק שיווק וסחר,,,"י""ח",1,,false,1,14.90,14.90,false,1,
8686868600136,false,המותג אביזרי שיער,אל האופק שיווק וסחר,,,"י""ח",1,,false,1,15.90,15.90,false,1,
8686868600235,false,אביזרי מניקור טל טל,אל האופק שיווק וסחר,,,"י""ח",1,,false,1,12.90,12.90,false,1,
8690637073373,false,תה שחור ברגמוט ארל גריי ליפטון 25 יחידות,יוניליוור ישראל שיווק בע`מ,,,"י""ח",50,ל גרם,false,1,9.80,19.60,false,1,
8690637073434,false,תה ארל גריי בטעם ברגמוט ללא שקית100ש,יוניליוור ישראל שיווק בע`מ,,,"י""ח",200,ל גרם,false,1,26.90,13.45,false,1,
8690637505607,false,מרכך כביסה מרוכז בדין אקסטרה בניחוח פינוק כחול,יוניליוור ישראל שיווק בע`מ,,,"י""ח",960,"ל מ""ל",false,1,17.90,1.86,true,1,
8690637555084,false,"מרכך כביסה מרוכז אקסטרה פריחת התפוז בדין 960 מ""ל",יוניליוור ישראל שיווק בע`מ,,,"י""ח",960,"ל מ""ל",false,1,17.90,1.86,true,1,
8690637704291,false,שמפו לשיקום אינטנסיבי לשיער פגום,"יוניליוור ישראל שיווק בע""מ",,,"י""ח",700,"ל מ""ל",false,1,17.90,2.56,true,1,
8690637835643,false,"תה ירוק לימונית ולאויזה 30 גרם ""ליפטון""",יוניליוור ישראל שיווק בע`מ,,,"י""ח",32,ל גרם,false,1,17.30,54.06,true,1,
8690637858734,false,ג'ל לניקוי כללי בתוספת אקונומיקה בניחוח לימון,יוניליוור ישראל שיווק בע`מ,,,"י""ח",750,"ל מ""ל",false,1,12.90,1.72,false,1,
8690637871047,false,דאב שמפו בתוספת שמן קוקוס וכורכום 600 מל,"יוניליוור ישראל שיווק בע""מ",,,"י""ח",600,"ל מ""ל",false,1,19.90,3.32,true,1,
8690637871245,false,הלמנס מיונז אמיתי 395 גר' בקבוק לחיץ.,יוניליוור ישראל שיווק בע`מ,,,"י""ח",789,ל גרם,false,1,14.90,1.89,false,1,
8690637916977,false,מרכך עם שמן קוקוס וכורכום למראה שיער משוקם,יוניליוור ישראל שיווק בעמ,,,"י""ח",600,"ל מ""ל",false,1,19.90,3.32,true,1,
8690637946301,false,"בדין - מרכך כביסה אקסטרא בייביי כחול 960 מ""ל",יוניליוור ישראל שיווק בע`מ,,,"י""ח",960,"ל מ""ל",false,1,17.90,1.86,false,1,
8690637976995,false,"מרכך כביסה מרוכז אקסטרה ורוד סחלבים פראי בדין 960 מ""ל",יוניליוור ישראל שיווק בע`מ,,,"י""ח",960,"ל מ""ל",false,1,17.90,1.86,true,1,
8690637989629,false,מגנום דאבל דולצ'ה גולד בטעם וניל עם ריפל בטעם שוקולד 246 גרם,יונילוור סנאיי וי טיג'\,,,"י""ח",85,ל גרם,false,1,11,12.94,true,1,
8690757002444,false,"נוזל להברקת נעליים שחור 75 SILVERמ""ל",אינטרסן (1996) בעמ,,,"י""ח",75,"ל מ""ל",false,1,6.90,9.20,false,1,
8690766156367,false,טבלת שוקולד חלב מעולה 90 גר` גודייבה,תה ויסוצקי (ישראל) בעמ,,,"י""ח",90,ל גרם,false,1,14.90,16.56,true,1,
8690766156374,false,גודייבה שוקולד מריר מעולה 72% מוצקי קקאו 72גרם,תה ויסוצקי (ישראל) בעמ,,,"י""ח",90,ל גרם,false,1,14.90,16.56,true,1,
8690766156381,false,גודייבה שוקולד מריר 90% מוצקי קקאו 90 גרם,תה ויסוצקי (ישראל) בעמ,,,"י""ח",90,ל גרם,false,1,14.90,16.56,true,1,
8690766156398,false,"שוקולד חלב מעולה בתוספת שברי שקדים קלויים,דבש ומלח 90 גרם","אולקר מקבוצת פלאדיס, ציק",,,"י""ח",90,ל גרם,false,1,14.90,16.56,true,1,
8690766156404,false,שוקולד מריר מעולה גודייבה תפוז אדום 90 גרם,תה ויסוצקי (ישראל) בעמ,,,"י""ח",90,ל גרם,false,1,14.90,16.56,true,1,
8690777206051,false,חציל קלוי על האש סרה ויליפוד 650 גרם,ג. וילי-פוד אינטרנשיונל בע`מ,,,"י""ח",650,ל גרם,false,1,14.50,2.23,false,1,
8690777221405,false,פלפל אדום קלוי על האש 650 גר` ויליפוד,ג. וילי-פוד אינטרנשיונל בע`מ,,,"י""ח",650,ל גרם,false,1,14.50,2.23,false,1,
8690784614993,false,דאק סבון ניקוי לאסלה בניחוח פריחה הדרים,דאופלור אס פי אי כונ,,,"י""ח",30,"ל מ""ל",false,1,8.90,29.67,true,1,
8690784711777,false,דאק סבון אקטיבי בתוספת אקונומיקה מקציפה בניחוח ים,דאופלור אס.פי.אי כונ,,,"י""ח",30,"ל מ""ל",false,1,7.90,26.33,true,1,
8693323085100,false,גומי יוגטה שטיחים חמוצים טעם פירות 100 ג,ליימן שליסל בע`מ,,,"י""ח",100,ל גרם,false,1,4.90,4.90,false,1,
8694313000134,false,מגש עם מכסה לעוגת חג,פ.ר.ל דיירקט בעמ,,,"י""ח",1,"י""ח",false,1,19.90,19.90,true,1,
8697418261370,false,מים 0.5ליטר אקווה ביני פקק רגיל בודד,אלמוג ר.א.מ. מזון בעמ,,,"י""ח",50,"ל מ""ל",false,1,2.90,5.20,false,1,
8697418261431,false,מים 0.5ליטר אקווה בינ פקק רגיל מארז 12יח,אלמוג ר.א.מ. מזון בעמ,,,"י""ח",6,ליטר,false,1,19.90,2.72,false,1,
8697826469092,false,טורטיה קטנה שקדיה 540 גרם 12 יחידות,דין שיווק וקליה 2021 בעמ,,,"י""ח",540,ל גרם,false,1,9.90,1.83,true,1,
8699073292768,false,חציל קלוי על האש 640 גרם MELIS כשרות K,ג. וילי-פוד אינטרנשיונל בע`מ,,,"י""ח",640,ל גרם,false,1,10.90,1.70,false,1,
8710447284117,false,"ג'ל רחצה אקס בלאק 400 מ""ל",יוניליוור ישראל שיווק בע`מ,,,"י""ח",400,"ל מ""ל",false,1,11.90,2.98,false,1,
8710502100864,false,עוגיות מרבה פטיסרי דאבל שוקולד 200 גרם,ש.שסטוביץ בעמ,,,"י""ח",200,ל גרם,false,1,10.90,5.45,true,1,
8710502139017,false,עוגיות טריפל שוקולד צ`יפס מרבה (180 גרם),בנקטבקריי מרבה בי.וי,,,"י""ח",180,ל גרם,false,1,9.90,5.50,true,1,
8710502279010,false,מרבה עוגיות שוקולד צ'יפס מצופות שוקולד 175 גרם,"י.מרבה ישראל בע""מ",,,"י""ח",225,ל גרם,false,1,9.90,4.40,true,1,
8710502405204,false,עוגיות שוקולד צ'יפס עם קרם שוקולד מרבה 175 גרם,קריניציה ויטמינה אס,,,"י""ח",225,ל גרם,false,1,9.90,4.40,true,1,
8710679158248,false,"צ`יפס קלאסי 2.5ק""ג ק",***אדום גרופ למזון שיווק***,,,"י""ח",2.50,"ק""ג",false,1,27.90,11.16,false,1,
8710800961310,false,סוכריות בטעם תות מנטוס 4*375 גרם,פרפטי ואן מלה ברדה,,,"י""ח",150,ל גרם,false,1,11.90,7.93,false,1,
8711000362655,false,קפסולות קפה אספרסו אבסולו) (9 52 גר`לור,דיפלומט מפיצים (1968) בעמ**,,,"י""ח",52,ל גרם,false,1,19.90,38.27,true,1,
8712000051099,false,"שישיית בירה היינקן 0% אלכוהל בקבוק 330 מ""ל","מבשלת היינקן, ריטבלדנברג",,,"י""ח",1.98,ליטר,false,1,31.90,15.20,true,1,
8712400802512,false,תרכובת מזון המשך לפעוטות על בסיס חלב שלב 2,דיפלומט מפיצים (1968) בעמ**,,,"י""ח",800,ל גרם,false,1,64.90,8.11,false,1,
8712400802536,false,תרכובת מזון המשך לפעוטות על בסיס חלב שלב 3,דיפלומט מפיצים (1968) בעמ**,,,"י""ח",800,ל גרם,false,1,64.90,8.11,false,1,
8712561594608,false,"דאב תחליב רחיצה להזנה עמוקה 750 מ""ל",יוניליוור ישראל שיווק בע`מ,,,"י""ח",750,"ל מ""ל",false,1,22.90,3.05,true,1,
8714599104330,false,ג'ייקובס קפה שחור 85 גרם קלוי וטחון טורקי,דיפלומט מפיצים (1968) בעמ**,,,"י""ח",85,ל גרם,false,1,7.90,9.29,false,1,
8714599410806,false,ג'ייקובס קרוננג מיובש בהקפאה 160 גרם סגירה חוזרת,דיפלומט מפיצים (1968) בעמ**,,,"י""ח",160,ל גרם,false,1,19.90,12.44,true,1,
8714599513781,false,"קפה נמס מיובש בהקפאה זהב צנצנת ג'ייקובס 200 גרם לל""ס",דיפלומט מפיצים (1968) בעמ**,,,"י""ח",200,ל גרם,false,1,27.90,13.95,false,1,
8714599513866,false,"קפה נמס מיובש בהקפאה קרונג צנצנת ג'ייקובס 200 גרם לל""ס",דיפלומט מפיצים (1968) בעמ**,,,"י""ח",200,ל גרם,false,1,27.90,13.95,true,1,
8714789402970,false,נוזל לניקוי כללי ורצפות בניחוח פרחי אביב אגק'ס 1.5 ליטר,הנסיך- מפעל לייצור ט,,,"י""ח",1.50,ליטר,false,1,19.90,13.27,true,1,
8714789834467,false,פלמוליב נוזל לניקוי כלים קלאסי 1.5 ליטר,קולגייט-פלמוליב,,,"י""ח",1.50,ליטר,false,1,15.90,10.60,true,1,
8714789930848,false,"משחת שיניים אופטיק וייט הלבנה מיידית קולגייט 75 מ""ל",איינשטיין-צור יבוא-יצוא וסחר ב,,,"י""ח",750,"ל מ""ל",false,1,22.90,3.05,true,1,
8715700117805,false,"קטשופ היינץ מתבל עגבניות ללא תוספת סוכר ומלח 425 מ""ל",דיפלומט מפיצים (1968) בעמ**,,,"י""ח",400,ל גרם,false,1,11.90,2.98,false,1,
8715700419732,false,מתבל עגבניות היינץ (700 גרם),דיפלומט מפיצים (1968) בעמ**,,,"י""ח",700,ל גרם,false,1,13.90,1.99,true,1,
8715700423906,false,היינץ מתבל עגבניות מופחת סוכר ומלח 50/50 550 גרם,דיפלומט מפיצים (1968) בעמ**,,,"י""ח",555,ל גרם,false,1,11.90,2.14,false,1,
8717163607305,false,דאב סבון מוצק גרגירים לעיסוי עדין *4,יוניליוור ישראל שיווק בע`מ,,,"י""ח",400,ל גרם,false,1,14.90,3.73,false,1,
8717163647240,false,"אקס דאודורנט ספריי גוף לגבר שוקולד 150 מ""ל",יוניליוור ישראל שיווק בע`מ,,,"י""ח",150,"ל מ""ל",false,1,16.90,11.27,true,1,
8717163648667,false,"אקס ג'ל רחצה לגבר אייס צ'יל 400 מ""ל",יוניליוור ישראל שיווק בע`מ,,,"י""ח",400,"ל מ""ל",false,1,11.90,2.98,false,1,
8717163663493,false,"רקסונה - דאודורנט ספריי לגבר קובלט דריי 150 מ""ל","יוניליוור ישראל שיווק בע""מ",,,"י""ח",1,"י""ח",false,1,16.90,16.90,true,1,
8717163711668,false,"דאודורנט רקסונה ספריי נשים טלק 150 מ""ל",יוניליוור ישראל שיווק בע`מ,,,"י""ח",150,"ל מ""ל",false,1,16.90,11.27,true,1,
8717163714850,false,דאודורנט ספריי קוקוס ויסמין( 150 מל),"יוניליוור ישראל שיווק בע""מ",,,"י""ח",90,"ל מ""ל",false,1,14.90,16.56,true,1,
8717644390566,false,דאב סבון מוצק רביעייה- מלפפונים ותה ירו,יוניליוור ישראל שיווק בע`מ,,,"י""ח",400,ל גרם,false,1,14.90,3.73,false,1,
8717677336593,false,טוניס שוקולד חלב 180 גרם רבנות - נוכרי,ליימן שליסל בע`מ,,,"י""ח",180,ל גרם,false,1,18.90,10.50,true,1,
8717677338436,false,שוקולד חלב עם אגוזי לוז טוניס' שוקולונלי 180 גרם,ליימן שליסל בע`מ,,,"י""ח",180,ל גרם,false,1,18.90,10.50,true,1,
8718951031241,false,אלמקס משחת שיניים פרופשיונל 75 מל,ש.שסטוביץ בעמ,,,"י""ח",100,ל גרם,false,1,18.90,18.90,false,1,
8718951236790,false,"קולגייט טוטאל משחת שיניים קלין מינט לפה בריא 100 מ""ל",קולגייט פלמוליב,,,"י""ח",100,"ל מ""ל",false,1,18.90,18.90,true,1,
8718951236806,false,"קולגייט טוטאל הלבנה משחת שיניים המסייעת בהסרת כתמים 100 מ""ל",ש. שסטוביץ בע`מ,,,"י""ח",100,"ל מ""ל",false,1,18.90,18.90,true,1,
8718951236813,false,"קולגייט טוטאל משחת שיניים ניקוי מתקדם לפה בריא יותר 100 מ""ל",קולגייט פלמוליב,,,"י""ח",100,"ל מ""ל",false,1,18.90,18.90,true,1,
8718951264618,false,"קולגייט אופטיק וייט פחם צ'רקול משחת שיניים, 75 מ""ל",איינשטיין-צור יבוא-יצוא וסחר ב,,,"י""ח",256,ל גרם,false,1,26.90,10.51,true,1,
8718951290150,false,קולגייט שטיפת פה Gum Invigorate,ש.שסטוביץ בעמ,,,"י""ח",500,"ל מ""ל",false,1,29.90,5.98,true,1,
8718951338098,false,ליידי ספיד רול און פ,ש.שסטוביץ בעמ,,,"י""ח",50,"ל מ""ל",false,1,14.90,29.80,true,1,
8718951354807,false,נוזל רצפות אגקס חגיגת הפרחים יסמין 1.5 ל,קולגייט פלמוליב,,,"י""ח",1.50,ליטר,false,1,19.90,13.27,true,1,
8718951412378,false,משחת שיניים לחניכיים רגישות ולנשימה רעננה,קולגייט פלמוליב,,,"י""ח",75,ל גרם,false,1,19.90,26.53,false,1,
8718951470538,false,קולגייט משחת שיניים מקס פרש ביטיוב 125*2 כשלפ,קולגייט פלמוליב,,,"י""ח",100,"ל מ""ל",false,1,29.90,29.90,false,1,
8718951497184,false,"פלמוליב סבון נוזלי ים תיכוני 750 מ""ל",ש.שסטוביץ בעמ,,,"י""ח",750,"ל מ""ל",false,1,19.90,2.65,true,1,
8718951497207,false,"פלמוליב סבון גוף מעושר בלחות 750 מ""ל",ש.שסטוביץ בעמ,,,"י""ח",750,"ל מ""ל",false,1,19.90,2.65,true,1,
8718951498754,false,שישיית מברשות שיניים סופר פלקסי קולגייט,קולגייט פלמוליב,,,"י""ח",1,,false,1,19.90,19.90,false,1,
8719200998001,false,מרגרינה לאפיה ובישול בלי מלח 200 ג' בלו בנד,יוניליוור ישראל מזון בע\,,,"י""ח",200,ל גרם,false,1,4.90,2.45,false,1,
8719200998018,false,מחמאה מרגרינה בטעם חמאה בלובנד 200 גרם,"מיוצר ע""\י יוניליוור ישר",,,"י""ח",200,ל גרם,false,1,6.60,3.30,false,1,
8719200998100,false,מרגרינה מזולה לאפיה טעם חמאה 200גר - 40 יח',דיפלומט מפיצים (1968) בעמ**,,,"י""ח",200,ל גרם,false,1,8.50,4.25,false,1,
8720181045912,false,"אקס דאודורנט ספריי גוף אפריקה 150 מ""ל",יוניליוור ישראל שיווק בע`מ,,,"י""ח",150,"ל מ""ל",false,1,16.90,11.27,true,1,
8720181114465,false,"אקס - דאודורנט ספריי לגבר אנרכי 150 מ""ל",איינשטיין-צור יבוא-יצוא וסחר ב,,,"י""ח",150,"ל מ""ל",false,1,16.90,11.27,true,1,
8720181114472,false,"אקס - דאודורנט ספריי לגבר אפולו 150 מ""ל",איינשטיין-צור יבוא-יצוא וסחר ב,,,"י""ח",150,"ל מ""ל",false,1,16.90,11.27,true,1,
8720181114489,false,"אקס - דאודורנט ספריי לגבר בלק 150 מ""ל",איינשטיין-צור יבוא-יצוא וסחר ב,,,"י""ח",150,"ל מ""ל",false,1,16.90,11.27,true,1,
8801055707966,false,קפה טייסטרס צ`ויס בריסטה נסקפה (180 גרם),קבוצת אוסם סחר שותפות מוגבלת,,,"י""ח",180,ל גרם,false,1,32.90,18.28,false,1,
8801055709427,false,קפה נמס טסטר'ס צ'ויס אלטה ריקה 100 גרם,קבוצת אוסם סחר שותפות מוגבלת,,,"י""ח",100,ל גרם,false,1,25.90,25.90,true,1,
8801055709434,false,קפה נמס טסטר'ס צ'ויס קולומביה 100 גרם,קבוצת אוסם סחר שותפות מוגבלת,,,"י""ח",100,ל גרם,false,1,25.90,25.90,true,1,
8801055709472,false,נסטלה - נסקפה קפוצ'ינו קלאסי 12.50 גרם * 10,קבוצת אוסם סחר שותפות מוגבלת,,,"י""ח",180,ל גרם,false,1,19.60,10.89,false,1,
8801055709489,false,אבקה להכנת משקה קפה בטעם קפוצ'ינו אגוזים,קבוצת אוסם סחר שותפות מוגבלת,,,"י""ח",180,ל גרם,false,1,19.60,10.89,false,1,
8850006932964,false,מארז מברשות שיניים טוויסטר קולגייט חמישייה,קולגייט פלמוליב,,,"י""ח",1,,false,1,19.90,19.90,false,1,
8850161167089,false,קוקו וואי משקה קוקוס 1 ליטר,טויו טייקאן קו.אל.טי.די,,,"י""ח",1,ליטר,false,1,16.90,16.90,true,1,
8850180040028,false,קמח טמפורה להכנת בלי,מזרח ומערב יבוא ושיווק,,,"י""ח",500,"ל מ""ל",false,1,10.90,2.18,false,1,
8850367992164,false,קרם קוקוס 250 מל 20-22% ללא חומר משמר,מזרח ומערב יבוא ושיווק,,,"י""ח",250,"ל מ""ל",false,1,7.90,3.16,true,1,
8850389103128,false,"משקה קל סאפה בטעם תפוח 300 מ""ל",פארייפאבה אגרואינדוס,,,"י""ח",300,"ל מ""ל",false,1,7.90,2.53,true,1,
8850389103159,false,"משקה ליצ'י עם חתיכות גלי קוקוס 320 מ""ל מוגו מוגו",סאפה פובליק קומפני לימיט,,,"י""ח",320,"ל מ""ל",false,1,6.90,2.06,true,1,
8850389105825,false,משקה אלוורה בטעם ענבים סאפה 1 ליטר,סאפה פובליק קומפני לימיט,,,"י""ח",1,ליטר,false,1,14,14,false,1,
8850389105832,false,סאפה משקה אלוורה בטעם תפוח עם קוביות אלוורה 1 ליטר,סאפה פובליק קומפני לימיט,,,"י""ח",1,ליטר,false,1,14,14,false,1,
8850389105849,false,סאפה משקה אלוורה מופחת קלוריות בטעם אפרסק 1 ליטר,סאפה פובליק קומפני לימיט,,,"י""ח",1,ליטר,false,1,14,14,false,1,
8850389111352,false,"משקה מלון עם חתיכות גלי קוקוס 320 מ""ל מוגו מוגו",סאפה פובליק קומפני לימיט,,,"י""ח",320,"ל מ""ל",false,1,6.90,2.06,true,1,
8850632604266,false,"יוגטה, ממתק חמוץ בצורת מקלות בטעם קולה, 50 גרם",ליימן שליסל בע`מ,,,"י""ח",50,ל גרם,false,1,4.90,9.80,true,1,
8858271003068,false,"רוטב סויה מתוקה כהה 250 מ""ל מקסצאפ",מזרח ומערב יבוא ושיווק,,,"י""ח",250,"ל מ""ל",false,1,12.90,5.16,true,1,
8888021200256,false,סוללות אנרג'ייזר AA מקס 8 יחידות,יצרן: אנרג'ייזר סינג,,,"י""ח",1,,false,1,27.90,27.90,true,1,
8888021200720,false,סוללות אנרג'ייזר AAA מקס 8 יחידות,יצרן: אנרג'ייזר סינג,,,"י""ח",1,,false,1,23.90,23.90,false,1,
8901537024014,false,"אורז בסמטי מובחר 1 ק""ג - דוואט) יורה דיעה",ג. וילי-פוד אינטרנשיונל בע`מ,,,"י""ח",1,"ק""ג",false,1,14.90,14.90,true,1,
8934878081811,false,"דפי אורז 22 ס""מ 400 גר'(Trav) ללא גלוטן",מזרח ומערב יבוא ושיווק,,,"י""ח",400,ל גרם,false,1,14.90,3.73,true,1,
9000101418163,false,שלישיית סבון אסלה בניחוח מתחלף תפוח ירוק ברף,גורי שיווק בעמ,,,"י""ח",50,"ל מ""ל",false,1,17.90,35.80,false,1,
9002975393812,false,סוכריות גילי הריבו האפי צירי 70 גרם,"האריבו , ג'\י.אם.בי.אייץ",,,"י""ח",70,ל גרם,false,1,6.90,9.86,true,1,
9002975393836,false,סוכריות גילי הריבו האפי קולה 70 גרם,"האריבו , ג'\י.אם.בי.אייץ",,,"י""ח",70,ל גרם,false,1,6.90,9.86,true,1,
9002975393843,false,סוכריות גילי הריבו גולדברס 70 גרם,"האריבו , ג'\י.אם.בי.אייץ",,,"י""ח",70,ל גרם,false,1,6.90,9.86,true,1,
9002975393850,false,סוכריות גילי הריבו וורמס 70 גרם,"האריבו , ג'\י.אם.בי.אייץ",,,"י""ח",70,ל גרם,false,1,6.90,9.86,true,1,
9005835312626,false,קלרו 50 טבליות למדיח ללא פוספטים,"יעקב יעקבי ובניו בע""מ",,,"י""ח",50,"י""ח",false,1,47.90,0.96,false,1,
9005835312732,false,"קלרו נוזל הברקה למדיח כלים 500 מ""ל CLARO","יעקב יעקבי ובניו בע""מ",,,"י""ח",1,"י""ח",false,1,13.90,13.90,true,1,
9322969000022,false,"ריל פוד פריכיות תירס עם סויה וזרעי פשתן, ללא גלוטן 150 גרם",אף.סי תבליני בגליל ב,,,"י""ח",150,ל גרם,false,1,13.40,8.93,false,1,
9322969000046,false,פריכיות תירס שומשום אורגני ריל פודס 150 ג',אף.סי תבליני בגליל ב,,,"י""ח",150,ל גרם,false,1,13.40,8.93,false,1,
9770793914006,false,עיתון גירוסלים פוסט יום שישי,ג רוזלם פוסט בעמ,,,"י""ח",1,,false,1,22,22,false,1,
9771565025005,false,עיתון מעריב סוף השבוע,ג`רוזלם פוסט בעמ,,,"י""ח",1,,false,1,6,6,true,1,
9771565039125,false,עיתון לאישה יום ב,ידיעות אחרונות בעמ,,,"י""ח",1,,false,1,21.90,21.90,false,1,
9771565051066,false,עיתון ידיעות אחרונות,ידיעות אחרונות בעמ,,,"י""ח",1,,false,1,20,20,false,1,
9771565066961,false,ידיעות ירושלים יום שישי,ידיעות אחרונות בעמ,,,"י""ח",1,,false,1,6.80,6.80,false,1,
9843022871156,false,נר הבדלה דקורטיבי,צבע ומכחול (2014) בעמ,,,"י""ח",1,"י""ח",false,1,19.90,19.90,false,1,
9843022871972,false,מארז 6 כוסיות לנרונים ללא רגל,צבע ומכחול (2014) בעמ,,,"י""ח",1,,false,1,19.90,19.90,false,1,
