code,internal_code,name,manufacturer_name,manufacture_country,manufacturer_item_description,unit_qty,quantity,unit_of_measure,weighted,qty_in_package,price,unit_of_measure_price,allow_discount,status,item_id
170,false,בגט,בונז'ור,,בגט,,0,,false,0,4.40,0.00,true,1,170
179,false,ג'בטה - מארז 5 יח',בונז'ור,,ג'בטה - מארז 5 יח',יחידות,5,יחידה,false,0,14.90,2.98,true,1,179
1134,false,מארז 4 סופגניות לבחירה: עם ריבה או בלי ריבה,בונז'ור,,מארז 4 סופגניות לבחירה: עם ריבה או בלי ריבה,יחידות,4,יחידה,false,0,10.00,2.50,true,1,1134
2545,true,תמר דקל נור,,,תמר דקל נור,קילוגרמים,0,"ק""ג",true,0,19.00,0.00,true,1,2545
3528,true,בוטנים קלויים,,,בוטנים קלויים,קילוגרמים,0,"ק""ג",true,0,39.00,0.00,true,1,3528
3535,true,גרעיני אבטיח קלויים,,,גרעיני אבטיח קלויים,קילוגרמים,0,"ק""ג",true,0,59.00,0.00,true,1,3535
3542,true,גרעינים לבנים קלויים,,,גרעינים לבנים קלויים,קילוגרמים,0,"ק""ג",true,0,44.00,0.00,true,1,3542
3559,true,גרעינים שחורים קלויים,,,גרעינים שחורים קלויים,קילוגרמים,0,"ק""ג",true,0,29.00,0.00,true,1,3559
3566,true,מנצ'יס,,,מנצ'יס,קילוגרמים,0,"ק""ג",true,0,49.00,0.00,true,1,3566
3573,true,פיסטוק קלוי,,,פיסטוק קלוי,קילוגרמים,0,"ק""ג",true,0,99.00,0.00,true,1,3573
3597,true,קשיו קלוי,,,קשיו קלוי,קילוגרמים,0,"ק""ג",true,0,99.00,0.00,true,1,3597
3603,true,שקד ענק קלוי,,,שקד ענק קלוי,קילוגרמים,0,"ק""ג",true,0,99.00,0.00,true,1,3603
3801,true,שומשום,,,שומשום,קילוגרמים,0,"ק""ג",true,0,19.00,0.00,true,1,3801
4303,true,סוכריות גומי- סוגים שונים,,,סוכריות גומי- סוגים שונים,קילוגרמים,0,"ק""ג",true,0,39.00,0.00,true,1,4303
4444,false,בייגלה פרצל - מארז 4 יח',בונז'ור,,בייגלה פרצל - מארז 4 יח',יחידות,4,יחידה,false,0,14.90,3.73,true,1,4444
4815,true,בוטן חצוי מטוגן,,,בוטן חצוי מטוגן,קילוגרמים,0,"ק""ג",true,0,29.00,0.00,true,1,4815
4914,true,אננס מיובש,,,אננס מיובש,קילוגרמים,0,"ק""ג",true,0,79.00,0.00,true,1,4914
4921,true,אפונה קלויה,,,אפונה קלויה,קילוגרמים,0,"ק""ג",true,0,49.00,0.00,true,1,4921
4938,true,חמוציות מופחת סוכר,,,חמוציות מופחת סוכר,קילוגרמים,0,"ק""ג",true,0,39.00,0.00,true,1,4938
4983,true,פול מטוגן,,,פול מטוגן,קילוגרמים,0,"ק""ג",true,0,39.00,0.00,true,1,4983
5010,true,חמוציות שלמות,,,חמוציות שלמות,קילוגרמים,0,"ק""ג",true,0,39.00,0.00,true,1,5010
5799,true,תערובת פיצוחים,,,תערובת פיצוחים,קילוגרמים,0,"ק""ג",true,0,99.00,0.00,true,1,5799
8092,false,"מארז 10לחמניות ביס, לבחירה: בגט לבן / כפרי",בונז'ור,,"מארז 10לחמניות ביס, לבחירה: בגט לבן / כפרי",יחידות,10,יחידה,false,0,10.00,1.00,true,1,8092
8880,false,בייבי חליות - מארז 6 יח',בונז'ור,,בייבי חליות - מארז 6 יח',יחידות,6,יחידה,false,0,10.00,1.67,true,1,8880
8884,false,מארז חצי בגט 4 יחידות,בונז'ור,,מארז חצי בגט 4 יחידות,יחידות,4,יחידה,false,0,9.90,2.48,true,1,8884
8888,false,מארז 5 לחמניות קלועות לבחירה: לבן / חיטה מלאה,בונז'ור,,מארז 5 לחמניות קלועות לבחירה: לבן / חיטה מלאה,יחידות,5,יחידה,false,0,9.90,1.98,true,1,8888
9568,true,קוקטייל יווני,,,קוקטייל יווני,קילוגרמים,0,"ק""ג",true,0,59.00,0.00,true,1,9568
9582,true,מלפפון בחומץ,,,מלפפון בחומץ,קילוגרמים,0,"ק""ג",true,0,35.00,0.00,true,1,9582
9599,true,זית סנטה מתובל,,,זית סנטה מתובל,קילוגרמים,0,"ק""ג",true,0,49.00,0.00,true,1,9599
10816,true,גוג'י ברי,,,גוג'י ברי,קילוגרמים,0,"ק""ג",true,0,60.00,0.00,true,1,10816
10861,true,פריכיות אורז בטעם צ'ילי,,,פריכיות אורז בטעם צ'ילי,קילוגרמים,0,"ק""ג",true,0,59.00,0.00,true,1,10861
10901,false,בצלי שאלוט,,,בצלי שאלוט,,0,,false,0,9.90,0.00,true,1,10901
10953,true,גבינה צהובה נועם 28%,טרה,,גבינה צהובה נועם 28%,קילוגרמים,0,"ק""ג",true,0,44.75,0.00,true,1,10953
10991,true,גבינה צהובה נועם 22%,טרה,,גבינה צהובה נועם 22%,קילוגרמים,0,"ק""ג",true,0,42.55,0.00,true,1,10991
11462,true,עצמות מח טרי,,,עצמות מח טרי,קילוגרמים,0,"ק""ג",true,0,49.90,0.00,true,1,11462
11639,true,אפונה מצופה וואסבי,,,אפונה מצופה וואסבי,קילוגרמים,0,"ק""ג",true,0,39.00,0.00,true,1,11639
11646,true,בוטן יפני רביולי גריל,,,בוטן יפני רביולי גריל,קילוגרמים,0,"ק""ג",true,0,59.00,0.00,true,1,11646
11684,true,חטיף סויה אוסטרלי,,,חטיף סויה אוסטרלי,קילוגרמים,0,"ק""ג",true,0,79.00,0.00,true,1,11684
11691,true,פריכיות אורז,,,פריכיות אורז,קילוגרמים,0,"ק""ג",true,0,59.00,0.00,true,1,11691
12841,true,כרוב לבן,,,כרוב לבן,קילוגרמים,0,"ק""ג",true,0,2.90,0.00,true,1,12841
12858,true,בטטה,,,בטטה,קילוגרמים,0,"ק""ג",true,0,5.90,0.00,true,1,12858
12865,true,מלפפון,,,מלפפון,קילוגרמים,0,"ק""ג",true,0,5.90,0.00,true,1,12865
12872,true,פלפל אדום,,,פלפל אדום,קילוגרמים,0,"ק""ג",true,0,5.90,0.00,true,1,12872
12896,true,ג'ינג'ר- זנגוויל,,,ג'ינג'ר- זנגוויל,קילוגרמים,0,"ק""ג",true,0,29.90,0.00,true,1,12896
12919,true,בצל יבש,,,בצל יבש,קילוגרמים,0,"ק""ג",true,0,3.90,0.00,true,1,12919
12933,true,מארז גזר,,,מארז גזר,קילוגרמים,0,"ק""ג",true,0,2.90,0.00,true,1,12933
12957,true,גזר בתפזורת,,,גזר בתפזורת,קילוגרמים,0,"ק""ג",true,0,3.90,0.00,true,1,12957
12964,true,סלק אדום,,,סלק אדום,קילוגרמים,0,"ק""ג",true,0,2.90,0.00,true,1,12964
12971,true,חציל,,,חציל,קילוגרמים,0,"ק""ג",true,0,3.90,0.00,true,1,12971
12995,true,קישוא,,,קישוא,קילוגרמים,0,"ק""ג",true,0,7.90,0.00,true,1,12995
13008,true,עגבניה,,,עגבניה,קילוגרמים,0,"ק""ג",true,0,5.90,0.00,true,1,13008
13015,true,מארז עגבניות מגי,,,מארז עגבניות מגי,קילוגרמים,0,"ק""ג",true,0,14.90,0.00,true,1,13015
13053,true,חציל בלדי,,,חציל בלדי,קילוגרמים,0,"ק""ג",true,0,4.90,0.00,true,1,13053
13077,true,עגבניות שרי אשכולות במארז,,,עגבניות שרי אשכולות במארז,קילוגרמים,0,"ק""ג",true,0,14.90,0.00,true,1,13077
13084,true,עגבניות שרי ליקופן במארז,,,עגבניות שרי ליקופן במארז,קילוגרמים,0,"ק""ג",true,0,19.90,0.00,true,1,13084
13107,true,בצל אדום,,,בצל אדום,קילוגרמים,0,"ק""ג",true,0,5.90,0.00,true,1,13107
13138,true,פלפל ירוק,,,פלפל ירוק,קילוגרמים,0,"ק""ג",true,0,5.90,0.00,true,1,13138
13145,true,פלפל נהריה,,,פלפל נהריה,קילוגרמים,0,"ק""ג",true,0,7.90,0.00,true,1,13145
13169,true,דלורית,,,דלורית,קילוגרמים,0,"ק""ג",true,0,7.90,0.00,true,1,13169
13237,true,כרובית,,,כרובית,קילוגרמים,0,"ק""ג",true,0,9.90,0.00,true,1,13237
13244,true,כרישה,,,כרישה,קילוגרמים,0,"ק""ג",true,0,19.90,0.00,true,1,13244
13251,true,לוביה,,,לוביה,קילוגרמים,0,"ק""ג",true,0,19.90,0.00,true,1,13251
13268,true,מלון,,,מלון,קילוגרמים,0,"ק""ג",true,0,5.90,0.00,true,1,13268
13282,true,מלון כתום,,,מלון כתום,קילוגרמים,0,"ק""ג",true,0,5.90,0.00,true,1,13282
13343,true,קולורבי,,,קולורבי,קילוגרמים,0,"ק""ג",true,0,7.90,0.00,true,1,13343
13374,true,שעועית ירוקה,,,שעועית ירוקה,קילוגרמים,0,"ק""ג",true,0,29.90,0.00,true,1,13374
13398,true,שום יבש,,,שום יבש,קילוגרמים,0,"ק""ג",true,0,29.90,0.00,true,1,13398
13428,true,שומר,,,שומר,קילוגרמים,0,"ק""ג",true,0,3.90,0.00,true,1,13428
13435,true,פלפל חריף ירוק,,,פלפל חריף ירוק,קילוגרמים,0,"ק""ג",true,0,5.90,0.00,true,1,13435
13442,true,פטריות שמפניון למילוי,,,פטריות שמפניון למילוי,קילוגרמים,0,"ק""ג",true,0,29.90,0.00,true,1,13442
13459,true,דלעת חתוכה,,,דלעת חתוכה,קילוגרמים,0,"ק""ג",true,0,5.90,0.00,true,1,13459
13466,true,פטריות פורטבלו בתפזורת- גדלים שונים,,,פטריות פורטבלו בתפזורת- גדלים שונים,קילוגרמים,0,"ק""ג",true,0,29.90,0.00,true,1,13466
13497,true,דלעת ערמונים,,,דלעת ערמונים,קילוגרמים,0,"ק""ג",true,0,19.90,0.00,true,1,13497
13558,true,פלפל צהוב,,,פלפל צהוב,קילוגרמים,0,"ק""ג",true,0,5.90,0.00,true,1,13558
13565,true,פלפל כתום,,,פלפל כתום,קילוגרמים,0,"ק""ג",true,0,7.90,0.00,true,1,13565
13572,true,תפוח אדמה לבן בתפזורת,,,תפוח אדמה לבן בתפזורת,קילוגרמים,0,"ק""ג",true,0,5.90,0.00,true,1,13572
13589,true,תפוח אדמה גורמה בתפזורת,,,תפוח אדמה גורמה בתפזורת,קילוגרמים,0,"ק""ג",true,0,5.90,0.00,true,1,13589
13626,true,צנונית בתפזורת,,,צנונית בתפזורת,קילוגרמים,0,"ק""ג",true,0,7.90,0.00,true,1,13626
13671,true,קישוא זוקיני,,,קישוא זוקיני,קילוגרמים,0,"ק""ג",true,0,9.90,0.00,true,1,13671
13695,true,שעועית הילדה,,,שעועית הילדה,קילוגרמים,0,"ק""ג",true,0,29.90,0.00,true,1,13695
13732,true,כרוב אדום,,,כרוב אדום,קילוגרמים,0,"ק""ג",true,0,3.90,0.00,true,1,13732
13749,true,עגבניות שרי תמר,,,עגבניות שרי תמר,קילוגרמים,0,"ק""ג",true,0,19.90,0.00,true,1,13749
13756,true,תירס ארוז,,,תירס ארוז,קילוגרמים,0,"ק""ג",true,0,7.90,0.00,true,1,13756
13763,true,תפוח אדמה אדום בתפזורת,,,תפוח אדמה אדום בתפזורת,קילוגרמים,0,"ק""ג",true,0,5.90,0.00,true,1,13763
13787,true,תפוח אדמה אדום קטן במארז,,,תפוח אדמה אדום קטן במארז,קילוגרמים,0,"ק""ג",true,0,3.90,0.00,true,1,13787
13794,true,תפוח אדמה ירושלמי,,,תפוח אדמה ירושלמי,קילוגרמים,0,"ק""ג",true,0,9.90,0.00,true,1,13794
13824,true,מארז תפוח אדמה לבן קטן,,,מארז תפוח אדמה לבן קטן,קילוגרמים,0,"ק""ג",true,0,3.90,0.00,true,1,13824
13916,true,אפרסק לבן,,,אפרסק לבן,קילוגרמים,0,"ק""ג",true,0,14.90,0.00,true,1,13916
13923,true,אפרסק צהוב,,,אפרסק צהוב,קילוגרמים,0,"ק""ג",true,0,14.90,0.00,true,1,13923
13947,true,קיווי,,,קיווי,קילוגרמים,0,"ק""ג",true,0,19.90,0.00,true,1,13947
14036,true,רימון,,,רימון,קילוגרמים,0,"ק""ג",true,0,12.90,0.00,true,1,14036
14081,true,תפוח עץ זהוב,,,תפוח עץ זהוב,קילוגרמים,0,"ק""ג",true,0,11.90,0.00,true,1,14081
14098,true,תפוח עץ אורליאנס,,,תפוח עץ אורליאנס,קילוגרמים,0,"ק""ג",true,0,9.90,0.00,true,1,14098
14104,true,תפוח עץ יונתן,,,תפוח עץ יונתן,קילוגרמים,0,"ק""ג",true,0,12.90,0.00,true,1,14104
14111,true,תפוח עץ חרמון,,,תפוח עץ חרמון,קילוגרמים,0,"ק""ג",true,0,9.90,0.00,true,1,14111
14128,true,תפוח עץ סמיט,,,תפוח עץ סמיט,קילוגרמים,0,"ק""ג",true,0,12.90,0.00,true,1,14128
14159,true,תפוח עץ קריספינק/ פינק ליידי,,,תפוח עץ קריספינק/ פינק ליידי,קילוגרמים,0,"ק""ג",true,0,18.90,0.00,true,1,14159
14166,true,תפוח עץ גלה,,,תפוח עץ גלה,קילוגרמים,0,"ק""ג",true,0,12.90,0.00,true,1,14166
14289,true,אגס קוסיה,,,אגס קוסיה,קילוגרמים,0,"ק""ג",true,0,12.90,0.00,true,1,14289
14296,true,לימון,,,לימון,קילוגרמים,0,"ק""ג",true,0,8.90,0.00,true,1,14296
14302,true,תפוז,,,תפוז,קילוגרמים,0,"ק""ג",true,0,7.90,0.00,true,1,14302
14333,true,אפרסמון,,,אפרסמון,קילוגרמים,0,"ק""ג",true,0,14.90,0.00,true,1,14333
14364,true,נקטרינה אדומה,,,נקטרינה אדומה,קילוגרמים,0,"ק""ג",true,0,14.90,0.00,true,1,14364
14371,true,נקטרינה לבנה,,,נקטרינה לבנה,קילוגרמים,0,"ק""ג",true,0,9.90,0.00,true,1,14371
14456,true,קלמנטינה,,,קלמנטינה,קילוגרמים,0,"ק""ג",true,0,5.90,0.00,true,1,14456
14463,true,תפוז ארוז,,,תפוז ארוז,קילוגרמים,0,"ק""ג",true,0,3.90,0.00,true,1,14463
14494,true,תפוח עץ ענה,,,תפוח עץ ענה,קילוגרמים,0,"ק""ג",true,0,9.90,0.00,true,1,14494
14562,true,בננה,,,בננה,קילוגרמים,0,"ק""ג",true,0,5.90,0.00,true,1,14562
14579,true,מנגו,,,מנגו,קילוגרמים,0,"ק""ג",true,0,12.90,0.00,true,1,14579
14623,true,אגס אדום,,,אגס אדום,קילוגרמים,0,"ק""ג",true,0,14.90,0.00,true,1,14623
14647,true,אגס אמריקאי,,,אגס אמריקאי,קילוגרמים,0,"ק""ג",true,0,14.90,0.00,true,1,14647
14661,true,סברס,,,סברס,קילוגרמים,0,"ק""ג",true,0,27.90,0.00,true,1,14661
14708,true,ענבים שחורים במארז,,,ענבים שחורים במארז,קילוגרמים,0,"ק""ג",true,0,14.90,0.00,true,1,14708
14746,true,אבוקדו,,,אבוקדו,קילוגרמים,0,"ק""ג",true,0,14.90,0.00,true,1,14746
15002,false,ברוקולי,,,ברוקולי,,0,,false,0,9.90,0.00,true,1,15002
15019,false,אספרגוס ארוז,,,אספרגוס ארוז,,0,,false,0,29.90,0.00,true,1,15019
15033,false,בצל ירוק,,,בצל ירוק,,0,,false,0,4.90,0.00,true,1,15033
15057,false,חטיפיפון- חטיפי מלפפונים,,,חטיפיפון- חטיפי מלפפונים,,0,,false,0,7.90,0.00,true,1,15057
15064,false,חסה ערבית ארוזה,,,חסה ערבית ארוזה,,0,,false,0,3.90,0.00,true,1,15064
15071,false,חסה אמריקאית ארוזה,,,חסה אמריקאית ארוזה,,0,,false,0,4.90,0.00,true,1,15071
15101,false,סלרי עלים קצוץ,,,סלרי עלים קצוץ,,0,,false,0,5.90,0.00,true,1,15101
15118,false,סלרי אמריקאי,,,סלרי אמריקאי,,0,,false,0,4.90,0.00,true,1,15118
15132,false,סלק עלים/מנגולד,,,סלק עלים/מנגולד,,0,,false,0,4.90,0.00,true,1,15132
15156,false,ראש סלרי,,,ראש סלרי,,0,,false,0,4.90,0.00,true,1,15156
15163,false,שורש פטרוזיליה,,,שורש פטרוזיליה,,0,,false,0,3.90,0.00,true,1,15163
15194,false,צנונית ארוזה,,,צנונית ארוזה,,0,,false,0,4.90,0.00,true,1,15194
15224,false,שום יבש - מארז 4 יח',,,שום יבש - מארז 4 יח',,0,,false,0,4.90,0.00,true,1,15224
15248,false,אננס,,,אננס,,0,,false,0,34.90,0.00,true,1,15248
15361,false,שיני שום טריות,,,שיני שום טריות,,0,,false,0,12.90,0.00,true,1,15361
15477,true,מארז תפוח אדמה אדום,,,מארז תפוח אדמה אדום,קילוגרמים,0,"ק""ג",true,0,5.90,0.00,true,1,15477
15484,true,מארז תפוח אדמה לבן,,,מארז תפוח אדמה לבן,קילוגרמים,0,"ק""ג",true,0,4.90,0.00,true,1,15484
15606,false,כוסברה צרור,,,כוסברה צרור,,0,,false,0,2.90,0.00,true,1,15606
15613,false,שמיר צרור,,,שמיר צרור,,0,,false,0,2.90,0.00,true,1,15613
15620,false,נענע צרור,,,נענע צרור,,0,,false,0,2.90,0.00,true,1,15620
15637,false,פטרוזיליה צרור,,,פטרוזיליה צרור,,0,,false,0,2.90,0.00,true,1,15637
17006,true,חבוש,,,חבוש,קילוגרמים,0,"ק""ג",true,0,14.90,0.00,true,1,17006
17136,true,מארז תפוח אדמה גורמה,,,מארז תפוח אדמה גורמה,קילוגרמים,0,"ק""ג",true,0,5.90,0.00,true,1,17136
17198,true,שניצל שייטל עגל טרי,,,שניצל שייטל עגל טרי,קילוגרמים,0,"ק""ג",true,0,119.00,0.00,true,1,17198
17396,true,גבינת צ'דר אנגלי כתום 35%,הגבינות של נני,,גבינת צ'דר אנגלי כתום 35%,קילוגרמים,0,"ק""ג",true,0,89.00,0.00,true,1,17396
17402,true,גבינת צ'דר אנגלי לבן 35%,הגבינות של נני,,גבינת צ'דר אנגלי לבן 35%,קילוגרמים,0,"ק""ג",true,0,89.00,0.00,true,1,17402
19697,true,שקד מולבן חצוי,,,שקד מולבן חצוי,קילוגרמים,0,"ק""ג",true,0,79.00,0.00,true,1,19697
20617,true,ענבים לבנים במארז,,,ענבים לבנים במארז,קילוגרמים,0,"ק""ג",true,0,24.90,0.00,true,1,20617
21027,true,סטייק דנבר טרי,,,סטייק דנבר טרי,קילוגרמים,0,"ק""ג",true,0,119.00,0.00,true,1,21027
21041,true,סטייק טומהוק עם עצם טרי,,,סטייק טומהוק עם עצם טרי,קילוגרמים,0,"ק""ג",true,0,119.00,0.00,true,1,21041
23007,false,ברנדי שטוק 84 Stock,טמפו,,ברנדי שטוק 84 Stock,מליליטרים,750,"100 מ""ל",false,0,89.90,11.99,true,1,23007
23083,false,ערק אשקלון,,,ערק אשקלון,מליליטרים,700,"100 מ""ל",false,0,59.90,8.56,true,1,23083
23427,false,ליקר אמרטו בטעם שקדים,שטוק Stock,,ליקר אמרטו בטעם שקדים,מליליטרים,750,"100 מ""ל",false,0,64.90,8.65,true,1,23427
23434,false,ליקר וישניאק בטעם דובדבנים,שטוק Stock,,ליקר וישניאק בטעם דובדבנים,מליליטרים,750,"100 מ""ל",false,0,64.90,8.65,true,1,23434
23809,false,יין קלאסיק Classic קברנה סוביניון,יקבי ברקן Barkan,,יין קלאסיק Classic קברנה סוביניון,מליליטרים,750,"100 מ""ל",false,0,39.90,5.32,true,1,23809
23816,false,יין קלאסיק Classic לבן אמרלד ריזלינג,יקבי ברקן Barkan,,יין קלאסיק Classic לבן אמרלד ריזלינג,מליליטרים,750,"100 מ""ל",false,0,32.90,4.39,true,1,23816
23823,false,יין קלאסיק סוביניון בלאן,יקבי ברקן Barkan,,יין קלאסיק סוביניון בלאן,מליליטרים,750,"100 מ""ל",false,0,32.90,4.39,true,1,23823
23830,false,יין קלאסיק רוזה,יקבי ברקן Barkan,,יין קלאסיק רוזה,מליליטרים,750,"100 מ""ל",false,0,32.90,4.39,true,1,23830
23847,false,יין קלאסיק Classic לבן שרדונה,יקבי ברקן Barkan,,יין קלאסיק Classic לבן שרדונה,מליליטרים,750,"100 מ""ל",false,0,32.90,4.39,true,1,23847
23977,false,יין קלאסיק Classic מרלו,יקבי ברקן Barkan,,יין קלאסיק Classic מרלו,מליליטרים,750,"100 מ""ל",false,0,39.90,5.32,true,1,23977
24202,false,יין רזרב Reserve קברנה סוביניון,יקבי ברקן Barkan,,יין רזרב Reserve קברנה סוביניון,מליליטרים,750,"100 מ""ל",false,0,59.90,7.99,true,1,24202
24219,false,יין לבן חצי יבש אמרלד ריזלינג רזרב,יקבי ברקן Barkan,,יין לבן חצי יבש אמרלד ריזלינג רזרב,מליליטרים,750,"100 מ""ל",false,0,44.90,5.99,true,1,24219
24240,false,יין שרדונה רזרב,יקבי ברקן Barkan,,יין שרדונה רזרב,מליליטרים,750,"100 מ""ל",false,0,44.90,5.99,true,1,24240
24264,false,יין רזרב Reserve אדום מרלו,יקבי ברקן Barkan,,יין רזרב Reserve אדום מרלו,מליליטרים,750,"100 מ""ל",false,0,59.90,7.99,true,1,24264
24523,false,תירוש מיץ ענבים טבעי של סגל,סגל Segal,,תירוש מיץ ענבים טבעי של סגל,ליטרים,1,ליטר,false,0,12.90,12.90,true,1,24523
24530,false,יין אדום מתוק של סגל,סגל Segal,,יין אדום מתוק של סגל,מליליטרים,750,"100 מ""ל",false,0,18.90,2.52,true,1,24530
24554,false,יין ריחן אסמבלאג' Assemblage,יקבי ברקן Barkan,,יין ריחן אסמבלאג' Assemblage,מליליטרים,750,"100 מ""ל",false,0,55.90,7.99,true,1,24554
24561,false,יין איתן אסמבלאג' Assemblage,יקבי ברקן Barkan,,יין איתן אסמבלאג' Assemblage,מליליטרים,750,"100 מ""ל",false,0,55.90,7.99,true,1,24561
24905,false,וודקה קגלביץ' Keglevich,קגלביץ' Keglevich,,וודקה קגלביץ' Keglevich,מליליטרים,700,"100 מ""ל",false,0,59.90,8.56,true,1,24905
24912,false,וודקה בטעם לימון,קגלביץ' Keglevich,,וודקה בטעם לימון,מליליטרים,700,"100 מ""ל",false,0,54.90,7.84,true,1,24912
25674,true,קרפצ'ו עגל טרי,,,קרפצ'ו עגל טרי,קילוגרמים,0,"ק""ג",true,0,120.00,0.00,true,1,25674
26602,true,סלט ביצים,,,סלט ביצים,קילוגרמים,0,"ק""ג",true,0,59.00,0.00,true,1,26602
26619,true,סלט גזר בנוסח מרוקאי,,,סלט גזר בנוסח מרוקאי,קילוגרמים,0,"ק""ג",true,0,39.00,0.00,true,1,26619
26633,true,חומוס,,,חומוס,קילוגרמים,0,"ק""ג",true,0,29.00,0.00,true,1,26633
26671,true,סלט חצילים על האש,,,סלט חצילים על האש,קילוגרמים,0,"ק""ג",true,0,49.00,0.00,true,1,26671
26701,true,סלט טונה עם ירקות,,,סלט טונה עם ירקות,קילוגרמים,0,"ק""ג",true,0,59.00,0.00,true,1,26701
26718,true,סלט טורקי,,,סלט טורקי,קילוגרמים,0,"ק""ג",true,0,39.00,0.00,true,1,26718
26725,true,סלט טחינה,,,סלט טחינה,קילוגרמים,0,"ק""ג",true,0,29.00,0.00,true,1,26725
26732,true,סלט כרוב טבעי,,,סלט כרוב טבעי,קילוגרמים,0,"ק""ג",true,0,35.00,0.00,true,1,26732
26749,true,סלט לימון פיקנטי,,,סלט לימון פיקנטי,קילוגרמים,0,"ק""ג",true,0,55.00,0.00,true,1,26749
26756,true,סלט מטבוחה,,,סלט מטבוחה,קילוגרמים,0,"ק""ג",true,0,39.00,0.00,true,1,26756
26787,true,סחוג אדום,,,סחוג אדום,קילוגרמים,0,"ק""ג",true,0,49.00,0.00,true,1,26787
26817,true,סלט מלפפונים בתחמיץ,,,סלט מלפפונים בתחמיץ,קילוגרמים,0,"ק""ג",true,0,39.00,0.00,true,1,26817
26824,true,סלט סלסה,,,סלט סלסה,קילוגרמים,0,"ק""ג",true,0,39.00,0.00,true,1,26824
26831,true,סלט סלק,,,סלט סלק,קילוגרמים,0,"ק""ג",true,0,39.00,0.00,true,1,26831
26886,true,סלט רצועות פלפלים קלויים,,,סלט רצועות פלפלים קלויים,קילוגרמים,0,"ק""ג",true,0,49.00,0.00,true,1,26886
26923,true,סלט קישואים בטעם כבד,,,סלט קישואים בטעם כבד,קילוגרמים,0,"ק""ג",true,0,59.00,0.00,true,1,26923
26961,true,סלט תפוחי אדמה במיונז,,,סלט תפוחי אדמה במיונז,קילוגרמים,0,"ק""ג",true,0,34.00,0.00,true,1,26961
34256,false,ביסקוויט תירוש חצי מצופה בטעם שוקולד,הדר,,ביסקוויט תירוש חצי מצופה בטעם שוקולד,גרמים,175,100 גרם,false,0,5.90,3.37,true,1,34256
40042,false,יוגורט ביו בטעם תות 3%,יופלה Yoplait,,יוגורט ביו בטעם תות 3%,גרמים,150,100 גרם,false,0,4.70,3.13,true,1,40042
40066,false,יוגורט ביו בטעם דובדבן 3%,יופלה Yoplait,,יוגורט ביו בטעם דובדבן 3%,גרמים,150,100 גרם,false,0,4.70,3.13,true,1,40066
40080,false,יוגורט ביו בטעם אפרסק 3%,יופלה Yoplait,,יוגורט ביו בטעם אפרסק 3%,גרמים,150,100 גרם,false,0,4.70,3.13,true,1,40080
40301,false,גבינת עין גדי/קממבר 24%,תנובה,,גבינת עין גדי/קממבר 24%,גרמים,125,100 גרם,false,0,18.90,15.12,true,1,40301
40318,false,גבינת עדי / ברי 24%,תנובה,,גבינת עדי / ברי 24%,גרמים,125,100 גרם,false,0,18.90,15.12,true,1,40318
40462,false,טוסטי גבינה בסגנון אמריקאי אדם 23%,עמק - תנובה,,טוסטי גבינה בסגנון אמריקאי אדם 23%,גרמים,200,100 גרם,false,0,17.90,8.95,true,1,40462
40974,false,חלב טרי דל לקטוז 2%,תנובה,,חלב טרי דל לקטוז 2%,ליטרים,1,ליטר,false,0,6.90,6.90,true,1,40974
41858,false,שמנת מועשרת 15%,יטבתה,,שמנת מועשרת 15%,גרמים,200,100 גרם,false,0,2.50,1.25,true,1,41858
41865,false,לבן מועשר 4.5%,יטבתה,,לבן מועשר 4.5%,גרמים,200,100 גרם,false,0,2.00,1.00,true,1,41865
41872,false,לבן מועשר 3%,יטבתה,,לבן מועשר 3%,גרמים,200,100 גרם,false,0,2.00,1.00,true,1,41872
42015,false,חלב טרי בשקית 3% מהדרין,תנובה,,חלב טרי בשקית 3% מהדרין,ליטרים,1,ליטר,false,0,5.40,5.40,true,1,42015
42435,false,חלב טרי בקרטון 1%,תנובה,,חלב טרי בקרטון 1%,ליטרים,1,ליטר,false,0,5.85,5.85,true,1,42435
42503,false,חלב עמיד 3%,תנובה,,חלב עמיד 3%,ליטרים,1,ליטר,false,0,6.80,6.80,true,1,42503
42640,false,חלב עמיד 3%,תנובה,,חלב עמיד 3%,מליליטרים,250,"100 מ""ל",false,0,2.50,1.00,true,1,42640
42855,false,שקית שוקו,יטבתה,,שקית שוקו,מליליטרים,225,"100 מ""ל",false,0,2.40,1.07,true,1,42855
43012,false,שוקו עמיד,תנובה,,שוקו עמיד,מליליטרים,250,"100 מ""ל",false,0,4.50,1.80,true,1,43012
43814,false,שמנת עמידה להקצפה 38%,תנובה- השף הלבן,,שמנת עמידה להקצפה 38%,מליליטרים,250,"100 מ""ל",false,0,6.40,2.56,true,1,43814
43890,false,משקה רוויון 1.5%,תנובה,,משקה רוויון 1.5%,ליטרים,1,ליטר,false,0,10.90,10.90,true,1,43890
43944,false,יוגורט טבעי 4%,תנובה,,יוגורט טבעי 4%,ליטרים,2,ליטר,false,0,16.90,11.27,true,1,43944
44712,false,יוגורט פרילי עם תות 1.5%,תנובה,,יוגורט פרילי עם תות 1.5%,מליליטרים,500,"100 מ""ל",false,0,9.90,1.98,true,1,44712
44880,false,באדי יוגורט בטעם תות שדה 3%,תנובה,,באדי יוגורט בטעם תות שדה 3%,גרמים,500,100 גרם,false,0,8.60,1.72,true,1,44880
45573,false,נעמה גבינה מותכת 25%,תנובה,,נעמה גבינה מותכת 25%,גרמים,200,100 גרם,false,0,13.90,6.95,true,1,45573
45580,false,נעמה גבינה מותכת 25%,תנובה,,נעמה גבינה מותכת 25%,גרמים,240,100 גרם,false,0,16.90,7.04,true,1,45580
45917,false,פרומעז גבינת עיזים 23%,תנובה,,פרומעז גבינת עיזים 23%,גרמים,200,100 גרם,false,0,24.90,12.45,true,1,45917
46327,false,גבינה צהובה גלבוע פרוסה 22%,גלבוע - תנובה,,גבינה צהובה גלבוע פרוסה 22%,גרמים,200,100 גרם,false,0,12.90,6.45,true,1,46327
46501,true,גבינת טל העמק 32%,תנובה,,גבינת טל העמק 32%,קילוגרמים,0,"ק""ג",true,0,59.00,0.00,true,1,46501
46549,true,גבינת מוצרלה 20%,תנובה,,גבינת מוצרלה 20%,קילוגרמים,0,"ק""ג",true,0,79.00,0.00,true,1,46549
46563,true,גבינת פרמז'ן,תנובה,,גבינת פרמז'ן,קילוגרמים,0,"ק""ג",true,0,120.00,0.00,true,1,46563
46662,true,גבינה בסגנון סקנדינבי 31%,תנובה,,גבינה בסגנון סקנדינבי 31%,קילוגרמים,0,"ק""ג",true,0,79.00,0.00,true,1,46662
47027,true,גבינת גלעד,תנובה,,גבינת גלעד,קילוגרמים,0,"ק""ג",true,0,129.00,0.00,true,1,47027
47034,true,גבינת רוקפור גליל,תנובה,,גבינת רוקפור גליל,קילוגרמים,0,"ק""ג",true,0,119.00,0.00,true,1,47034
47485,true,גבינה בולגרית 24%,תנובה,,גבינה בולגרית 24%,קילוגרמים,0,"ק""ג",true,0,59.00,0.00,true,1,47485
47546,false,כנען גבינה לבנה ללא תוספת מלח,תנובה- השף הלבן,,כנען גבינה לבנה ללא תוספת מלח,גרמים,500,100 גרם,false,0,22.90,4.58,true,1,47546
48185,false,גבינה לבנה 5%,תנובה,,גבינה לבנה 5%,גרמים,250,100 גרם,false,0,4.95,1.98,true,1,48185
48192,false,גבינה לבנה 9%,תנובה,,גבינה לבנה 9%,גרמים,250,100 גרם,false,0,4.70,1.88,true,1,48192
48413,false,גבינת חמד 16% שקית,פיראוס,,גבינת חמד 16% שקית,גרמים,250,100 גרם,false,0,17.90,7.16,true,1,48413
48437,false,גבינה צפתית 5%,פיראוס,,גבינה צפתית 5%,גרמים,200,100 גרם,false,0,13.90,6.95,true,1,48437
49458,false,גבינת פטה עיזים 16%,פיראוס,,גבינת פטה עיזים 16%,גרמים,250,100 גרם,false,0,26.90,10.76,true,1,49458
50447,false,יוגורט ביו בטעם תות 3%,יופלה Yoplait,,יוגורט ביו בטעם תות 3%,גרמים,500,100 גרם,false,0,12.20,2.44,true,1,50447
50454,false,יוגורט ביו בטעם אפרסק 3%,יופלה Yoplait,,יוגורט ביו בטעם אפרסק 3%,גרמים,500,100 גרם,false,0,12.20,2.44,true,1,50454
51307,false,מארז הפסקת אוכל משקה חלב וניל ודגני עוגי,תנובה,,מארז הפסקת אוכל משקה חלב וניל ודגני עוגי,מליליטרים,150,"100 מ""ל",false,0,7.90,5.27,true,1,51307
51352,false,חלב מלא בטעם של פעם,תנובה,,חלב מלא בטעם של פעם,ליטרים,1,ליטר,false,0,7.40,7.40,true,1,51352
51376,false,יוגורט ביו בטעם אננס דיאט 0%,יופלה Yoplait,,יוגורט ביו בטעם אננס דיאט 0%,גרמים,150,100 גרם,false,0,4.70,3.13,true,1,51376
51710,false,לאבנה אסלית עם שמן זית וזעתר על בסיס יוגורט,פיראוס,,לאבנה אסלית עם שמן זית וזעתר על בסיס יוגורט,גרמים,263,100 גרם,false,0,12.90,4.90,true,1,51710
52311,false,פרוסות גבינה קשה 15% בקופסא,עמק - תנובה,,פרוסות גבינה קשה 15% בקופסא,גרמים,200,100 גרם,false,0,15.90,7.95,true,1,52311
52649,false,לאבנה אסלית על בסיס יוגורט 5%,פיראוס,,לאבנה אסלית על בסיס יוגורט 5%,גרמים,500,100 גרם,false,0,19.90,3.98,true,1,52649
55008,true,סטייק סלמון טרי,,,סטייק סלמון טרי,קילוגרמים,0,"ק""ג",true,0,79.00,0.00,true,1,55008
55015,false,גבינת פטה כבשים 5%,פיראוס,,גבינת פטה כבשים 5%,גרמים,250,100 גרם,false,0,25.90,10.36,true,1,55015
55206,false,גבינה לבנה בטעם בצל מטוגן 5%,תנובה,,גבינה לבנה בטעם בצל מטוגן 5%,גרמים,250,100 גרם,false,0,5.50,2.20,true,1,55206
55329,false,משקה יוגורט עם תות ומלון 1.5%,יופלה Yoplait,,משקה יוגורט עם תות ומלון 1.5%,גרמים,250,100 גרם,false,0,4.90,1.96,true,1,55329
55336,false,משקה יוגורט עם אפרסק ובננה 1.5%,יופלה Yoplait,,משקה יוגורט עם אפרסק ובננה 1.5%,גרמים,250,100 גרם,false,0,4.90,1.96,true,1,55336
55343,false,"משקה יוגורט עם פסיפלורה, מנגו, אננס ואפרסק 1.5%",יופלה Yoplait,,"משקה יוגורט עם פסיפלורה, מנגו, אננס ואפרסק 1.5%",גרמים,250,100 גרם,false,0,4.90,1.96,true,1,55343
55893,false,חמאה משמנת מפוסטרת,תנובה,,חמאה משמנת מפוסטרת,גרמים,200,100 גרם,false,0,7.80,3.90,true,1,55893
56272,false,גבינה לבנה עם זיתים ירוקים 5%,תנובה,,גבינה לבנה עם זיתים ירוקים 5%,גרמים,225,100 גרם,false,0,5.50,2.44,true,1,56272
56845,false,חלב טרי בקרטון 3%,תנובה,,חלב טרי בקרטון 3%,ליטרים,2,ליטר,false,0,9.30,6.20,true,1,56845
56883,false,מארז 8 גביעי יוגורט 3%,יופלה Yoplait,,מארז 8 גביעי יוגורט 3%,גרמים,1200,100 גרם,false,8,28.90,2.41,true,1,56883
56890,false,מארז 8 גביעי יוגורט דיאט 0%,יופלה Yoplait,,מארז 8 גביעי יוגורט דיאט 0%,גרמים,1200,100 גרם,false,8,28.90,2.41,true,1,56890
56906,false,מארז 8 יחידות יוגורט ביו טבעי 1.5%,יופלה Yoplait,,מארז 8 יחידות יוגורט ביו טבעי 1.5%,גרמים,1200,100 גרם,false,8,16.90,1.41,true,1,56906
56951,false,שמנת עמידה לבישול 15%,תנובה- השף הלבן,,שמנת עמידה לבישול 15%,מליליטרים,500,"100 מ""ל",false,0,15.90,3.18,true,1,56951
57088,false,פרוסות גבינה חצי קשה דק דק 28%,עמק - תנובה,,פרוסות גבינה חצי קשה דק דק 28%,גרמים,200,100 גרם,false,0,15.90,7.95,true,1,57088
57118,false,פרוסות גבינה חצי קשה 28% ואקום,עמק - תנובה,,פרוסות גבינה חצי קשה 28% ואקום,גרמים,400,100 גרם,false,0,21.90,5.48,true,1,57118
57149,false,יוגורט 3% ביו BIO,תנובה,,יוגורט 3% ביו BIO,גרמים,200,100 גרם,false,0,2.90,1.45,true,1,57149
57552,false,יוגורט דיאט בטעם עוגת גבינה ותות 0%,יופלה Yoplait,,יוגורט דיאט בטעם עוגת גבינה ותות 0%,גרמים,150,100 גרם,false,0,4.70,3.13,true,1,57552
58030,false,מארז 8 יחידות משקה יוגורט ביו עם תות 1.5%,יופלה Yoplait,,מארז 8 יחידות משקה יוגורט ביו עם תות 1.5%,גרמים,800,100 גרם,false,8,19.90,2.49,true,1,58030
58047,false,"שמנת להקצפה 38% שומן - בד""צ מהדרין",תנובה- השף הלבן,,"שמנת להקצפה 38% שומן - בד""צ מהדרין",מליליטרים,500,"100 מ""ל",false,0,12.80,2.56,true,1,58047
60071,false,חטיפי פריכונים אורז מלא בטעם טבעי,אסם,,חטיפי פריכונים אורז מלא בטעם טבעי,גרמים,80,100 גרם,false,0,6.90,8.63,true,1,60071
60088,false,בייגלה מקלות עם מלח,אסם,,בייגלה מקלות עם מלח,גרמים,400,100 גרם,false,0,9.90,2.48,true,1,60088
60156,false,אטריות ביצים דקות,אסם,,אטריות ביצים דקות,גרמים,200,100 גרם,false,0,6.90,3.45,true,1,60156
60163,false,אטריות דקות,אסם,,אטריות דקות,גרמים,400,100 גרם,false,0,6.90,1.73,true,1,60163
60200,false,פתיתים אפויים קוסקוס,אסם,,פתיתים אפויים קוסקוס,גרמים,500,100 גרם,false,0,7.90,1.58,true,1,60200
60217,false,פסטה מקרוני 7,אסם,,פסטה מקרוני 7,גרמים,500,100 גרם,false,0,5.90,1.18,true,1,60217
60248,false,פסטה תלתלים,אסם,,פסטה תלתלים,גרמים,500,100 גרם,false,0,5.90,1.18,true,1,60248
60316,false,ספגטי Perfecto,אסם פרפקטו Perfecto,,ספגטי Perfecto,גרמים,500,100 גרם,false,0,6.90,1.38,true,1,60316
60330,false,פסטה ספירלי Perfecto,אסם פרפקטו Perfecto,,פסטה ספירלי Perfecto,גרמים,500,100 גרם,false,0,6.90,1.38,true,1,60330
60385,false,אינסטנט פודינג בטעם וניל - אריזה משפחתית,אסם,,אינסטנט פודינג בטעם וניל - אריזה משפחתית,גרמים,320,100 גרם,false,4,17.90,5.59,true,1,60385
60408,false,פתיתים אפויים טבעות,אסם,,פתיתים אפויים טבעות,גרמים,500,100 גרם,false,0,7.90,1.58,true,1,60408
60415,false,עלי לזניה Perfecto,אסם פרפקטו Perfecto,,עלי לזניה Perfecto,גרמים,500,100 גרם,false,0,12.90,2.58,true,1,60415
60576,false,פתיתים אפויים כוכבים,אסם,,פתיתים אפויים כוכבים,גרמים,500,100 גרם,false,0,7.90,1.58,true,1,60576
60781,false,פסטה מסולסלים,אסם,,פסטה מסולסלים,גרמים,500,100 גרם,false,0,5.90,1.18,true,1,60781
60828,false,פסטה קרניים בינוניות,אסם,,פסטה קרניים בינוניות,גרמים,500,100 גרם,false,0,5.90,1.18,true,1,60828
60842,false,פסטה צדפים גדולים,אסם,,פסטה צדפים גדולים,גרמים,500,100 גרם,false,0,5.90,1.18,true,1,60842
60880,false,פסטה ספגטי 8,אסם,,פסטה ספגטי 8,גרמים,500,100 גרם,false,0,5.90,1.18,true,1,60880
60903,false,פתיתים אפויים אורז,אסם,,פתיתים אפויים אורז,גרמים,500,100 גרם,false,0,7.90,1.58,true,1,60903
60958,false,אטריות בינוניות,אסם,,אטריות בינוניות,גרמים,400,100 גרם,false,0,6.90,1.73,true,1,60958
60965,false,אטריות רחבות,אסם,,אטריות רחבות,גרמים,400,100 גרם,false,0,6.90,1.73,true,1,60965
61061,false,קרק בצל,אסם,,קרק בצל,גרמים,250,100 גרם,false,0,9.90,3.96,true,1,61061
61085,false,רוטב צ'ילי מתוק,אסם,,רוטב צ'ילי מתוק,מליליטרים,290,"100 מ""ל",false,0,10.90,3.76,true,1,61085
61108,false,רוטב טריאקי,אסם,,רוטב טריאקי,מליליטרים,290,"100 מ""ל",false,0,10.90,3.76,true,1,61108
61214,false,פתיתים אפויים עם בצל,אסם,,פתיתים אפויים עם בצל,גרמים,500,100 גרם,false,0,7.90,1.58,true,1,61214
61245,false,עוגיות שוקולד צ'יפס במילוי קרם בטעם שוקולד,אסם,,עוגיות שוקולד צ'יפס במילוי קרם בטעם שוקולד,גרמים,220,100 גרם,false,0,10.90,4.95,true,1,61245
61450,false,פתיתים אפויים קוסקוס 3 צבעים,אסם,,פתיתים אפויים קוסקוס 3 צבעים,גרמים,500,100 גרם,false,0,7.90,1.58,true,1,61450
61764,false,קפה נמס מגורען רד מאג Red Mag,נסקפה Nescafe,,קפה נמס מגורען רד מאג Red Mag,גרמים,200,100 גרם,false,0,23.90,11.95,true,1,61764
62129,false,אינסטנט פודינג בטעם וניל,אסם,,אינסטנט פודינג בטעם וניל,גרמים,1000,100 גרם,false,0,27.90,2.79,true,1,62129
62952,false,מיני קרוטונים מתובלים למרק ולסלט,אסם,,מיני קרוטונים מתובלים למרק ולסלט,גרמים,250,100 גרם,false,0,13.90,5.56,true,1,62952
63102,false,קמח תופח לעוגות ואפייה,אסם,,קמח תופח לעוגות ואפייה,גרמים,350,100 גרם,false,0,4.40,1.26,true,1,63102
63133,false,שקדי מרק,אסם,,שקדי מרק,גרמים,100,100 גרם,false,0,4.40,4.40,true,1,63133
63140,false,שקדי מרק,אסם,,שקדי מרק,גרמים,400,100 גרם,false,0,12.90,3.23,true,1,63140
63157,false,קמח תופח לעוגות ואפייה,אסם,,קמח תופח לעוגות ואפייה,קילוגרמים,1,"ק""ג",false,0,9.90,9.90,true,1,63157
64758,false,קוסקוס בינוני,אסם,,קוסקוס בינוני,גרמים,350,100 גרם,false,0,6.90,1.97,true,1,64758
65090,false,מיני קרוטונים מתובלים למרק ולסלט,אסם,,מיני קרוטונים מתובלים למרק ולסלט,גרמים,400,100 גרם,false,0,22.90,5.73,true,1,65090
65335,false,מנה חמה פירה עם ירקות,אסם,,מנה חמה פירה עם ירקות,גרמים,55,100 גרם,false,0,6.50,11.82,true,1,65335
65540,false,מנה חמה פסטה מוקרמת בטעם עוף,אסם,,מנה חמה פסטה מוקרמת בטעם עוף,גרמים,55,100 גרם,false,0,6.50,11.82,true,1,65540
65557,false,מנה חמה קוסקוס עם ירקות,אסם,,מנה חמה קוסקוס עם ירקות,גרמים,84,100 גרם,false,0,6.50,7.74,true,1,65557
65977,false,חטיפי פריכונים תירס,אסם,,חטיפי פריכונים תירס,גרמים,80,100 גרם,false,0,6.90,8.63,true,1,65977
66141,false,ביסלי בטעם גריל,אסם,,ביסלי בטעם גריל,גרמים,70,100 גרם,false,0,4.30,6.14,true,1,66141
66172,false,ביסלי בטעם פיצה,אסם,,ביסלי בטעם פיצה,גרמים,70,100 גרם,false,0,4.30,6.14,true,1,66172
66226,false,ביסלי בטעם פיצה,אסם,,ביסלי בטעם פיצה,גרמים,200,100 גרם,false,0,7.90,3.95,true,1,66226
66295,false,במבה מתוקה בטעם תות,אסם,,במבה מתוקה בטעם תות,גרמים,30,100 גרם,false,0,2.30,7.67,true,1,66295
66318,false,במבה,אסם,,במבה,גרמים,80,100 גרם,false,0,4.50,5.63,true,1,66318
66332,false,אפרופו חטיף תירס קלאסי,אסם,,אפרופו חטיף תירס קלאסי,גרמים,50,100 גרם,false,0,4.50,9.00,true,1,66332
66431,false,חטיף פופקו בטעם חמאה ודבש,אסם,,חטיף פופקו בטעם חמאה ודבש,גרמים,80,100 גרם,false,0,4.60,5.75,true,1,66431
67407,false,פירורית מתובלת,אסם,,פירורית מתובלת,גרמים,200,100 גרם,false,0,5.50,2.75,true,1,67407
67599,false,מנה חמה ספגטי בסגנון בולונז,אסם,,מנה חמה ספגטי בסגנון בולונז,גרמים,65,100 גרם,false,0,6.50,10.00,true,1,67599
68138,false,פודינג בטעם וניל,אסם,,פודינג בטעם וניל,גרמים,80,100 גרם,false,0,5.50,6.88,true,1,68138
68190,false,ג'לי מהיר הכנה בטעם תות,אסם,,ג'לי מהיר הכנה בטעם תות,גרמים,90,100 גרם,false,0,5.90,6.56,true,1,68190
68206,false,ג'לי מהיר הכנה בטעם משמש,אסם,,ג'לי מהיר הכנה בטעם משמש,גרמים,85,100 גרם,false,0,5.90,6.94,true,1,68206
68237,false,ג'לי מהיר הכנה בטעם פטל,אסם,,ג'לי מהיר הכנה בטעם פטל,גרמים,85,100 גרם,false,0,5.90,6.94,true,1,68237
68251,false,ג'לי מהיר הכנה בטעם אננס,אסם,,ג'לי מהיר הכנה בטעם אננס,גרמים,85,100 גרם,false,0,5.90,6.94,true,1,68251
68343,false,פריכונים מאורז מלא,אסם,,פריכונים מאורז מלא,גרמים,140,100 גרם,false,0,6.90,4.93,true,1,68343
68701,false,שקדי מרק במיכל,אסם,,שקדי מרק במיכל,גרמים,400,100 גרם,false,0,14.90,3.73,true,1,68701
68770,false,במבה,אסם,,במבה,גרמים,80,100 גרם,false,0,4.50,5.63,true,1,68770
68787,false,במבה,אסם,,במבה,גרמים,25,100 גרם,false,0,2.30,9.20,true,1,68787
69258,false,פנה Perfecto,אסם פרפקטו Perfecto,,פנה Perfecto,גרמים,500,100 גרם,false,0,6.90,1.38,true,1,69258
69364,false,פריכונים מאורז מלא דל נתרן,אסם,,פריכונים מאורז מלא דל נתרן,גרמים,140,100 גרם,false,0,6.90,4.93,true,1,69364
69609,false,חטיפי קרקר זעתר,אסם,,חטיפי קרקר זעתר,גרמים,300,100 גרם,false,0,9.90,3.30,true,1,69609
69715,false,חטיפי קרקר מלוח,אסם,,חטיפי קרקר מלוח,גרמים,300,100 גרם,false,0,9.90,3.30,true,1,69715
70308,false,מרק עוף אמיתי בשרי,אסם,,מרק עוף אמיתי בשרי,גרמים,400,100 גרם,false,0,19.90,4.98,true,1,70308
70322,false,מרק פטריות פרווה,אסם,,מרק פטריות פרווה,גרמים,400,100 גרם,false,0,25.90,6.48,true,1,70322
70353,false,מרק בצל פרווה,אסם,,מרק בצל פרווה,גרמים,400,100 גרם,false,0,25.90,6.48,true,1,70353
71008,false,בייגלה שטוחים טבעות שטוחות עם מלח,אסם,,בייגלה שטוחים טבעות שטוחות עם מלח,גרמים,60,100 גרם,false,0,2.90,4.83,true,1,71008
72067,false,במבה במילוי קרם חלבה,אסם,,במבה במילוי קרם חלבה,גרמים,60,100 גרם,false,0,4.50,7.50,true,1,72067
72241,false,רוטב לפיצה,אסם,,רוטב לפיצה,מליליטרים,290,"100 מ""ל",false,0,10.90,3.76,true,1,72241
72623,false,קטשופ,אסם,,קטשופ,גרמים,750,100 גרם,false,0,12.90,1.72,true,1,72623
72630,false,קטשופ חריף,אסם,,קטשופ חריף,גרמים,750,100 גרם,false,0,12.90,1.72,true,1,72630
72753,false,קפה נמס טייסטרס צ'ויס Taster's Choice,נסקפה Nescafe,,קפה נמס טייסטרס צ'ויס Taster's Choice,גרמים,200,100 גרם,false,0,29.90,14.95,true,1,72753
72777,false,קפה נמס טייסטרס צ'ויס Taster's Choice נטול קפאין,נסקפה Nescafe,,קפה נמס טייסטרס צ'ויס Taster's Choice נטול קפאין,גרמים,200,100 גרם,false,0,44.90,22.45,true,1,72777
72784,false,קפה נמס טייסטרס צ'ויס Taster's Choice נטול קפאין,נסקפה Nescafe,,קפה נמס טייסטרס צ'ויס Taster's Choice נטול קפאין,גרמים,100,100 גרם,false,0,29.90,29.90,true,1,72784
72968,false,דגנים מחיטה מלאה בתוספת קינמון סיני מיניס,נסטלה Nestle,,דגנים מחיטה מלאה בתוספת קינמון סיני מיניס,גרמים,500,100 גרם,false,0,24.90,4.98,true,1,72968
73125,false,מנה חמה פסטה ברוטב עגבניות,אסם,,מנה חמה פסטה ברוטב עגבניות,גרמים,62,100 גרם,false,0,6.50,10.48,true,1,73125
73415,false,מנה חמה פסטה ברוטב פיצה,אסם,,מנה חמה פסטה ברוטב פיצה,גרמים,61,100 גרם,false,0,6.50,10.66,true,1,73415
73699,false,חומוס,צבר,,חומוס,גרמים,150,100 גרם,false,0,4.40,2.93,true,1,73699
73750,false,מנה חמה נודלס בטעם עוף,אסם,,מנה חמה נודלס בטעם עוף,גרמים,71,100 גרם,false,0,6.50,9.15,true,1,73750
73767,false,מנה חמה נודלס בטעם בקר,אסם,,מנה חמה נודלס בטעם בקר,גרמים,71,100 גרם,false,0,6.50,9.15,true,1,73767
73774,false,מנה חמה נודלס בסגנון פיקנטי,אסם,,מנה חמה נודלס בסגנון פיקנטי,גרמים,71,100 גרם,false,0,6.50,9.15,true,1,73774
74153,false,ביסקוויט פתיבר שוקו,אסם,,ביסקוויט פתיבר שוקו,גרמים,500,100 גרם,false,0,11.90,2.38,true,1,74153
74184,false,ביסקוויט פתיבר קלאסי,אסם,,ביסקוויט פתיבר קלאסי,גרמים,500,100 גרם,false,0,11.90,2.38,true,1,74184
74245,false,קרם קרקר,אסם,,קרם קרקר,גרמים,250,100 גרם,false,0,7.90,3.16,true,1,74245
74252,false,קרקר שומשום,אסם,,קרקר שומשום,גרמים,250,100 גרם,false,0,7.90,3.16,true,1,74252
74276,false,קרקר קלאסי,אסם,,קרקר קלאסי,גרמים,250,100 גרם,false,0,8.90,3.56,true,1,74276
74375,false,קרקר זהב,אסם,,קרקר זהב,גרמים,150,100 גרם,false,0,6.40,4.27,true,1,74375
74481,false,לחמית אגוזים,אסם,,לחמית אגוזים,גרמים,160,100 גרם,false,0,9.90,6.19,true,1,74481
74696,false,קרם קרקר,אסם,,קרם קרקר,גרמים,1000,100 גרם,false,0,25.90,2.59,true,1,74696
74764,false,קרקר זהב,אסם,,קרקר זהב,גרמים,900,100 גרם,false,0,25.90,2.88,true,1,74764
75204,false,לחמית חיטה מלאה,אסם,,לחמית חיטה מלאה,גרמים,250,100 גרם,false,0,7.90,3.16,true,1,75204
75693,false,עוגת הבית בריוש שוקולד,אסם,,עוגת הבית בריוש שוקולד,גרמים,360,100 גרם,false,0,15.90,4.42,true,1,75693
76126,false,בייגלה שמיניות עם מלח,אסם,,בייגלה שמיניות עם מלח,גרמים,80,100 גרם,false,0,2.90,3.63,true,1,76126
76133,false,בייגלה שמיניות עם מלח,אסם,,בייגלה שמיניות עם מלח,גרמים,400,100 גרם,false,0,9.90,2.48,true,1,76133
76645,false,טוסטעים צנימים עם קמח חיטה מלא,אסם,,טוסטעים צנימים עם קמח חיטה מלא,גרמים,100,100 גרם,false,0,9.90,9.90,true,1,76645
77253,false,לחמית כפרית,אסם,,לחמית כפרית,גרמים,190,100 גרם,false,0,9.90,5.21,true,1,77253
77925,false,טוסטעים צנימים מחיטה מלאה,אסם,,טוסטעים צנימים מחיטה מלאה,גרמים,125,100 גרם,false,0,9.90,7.92,true,1,77925
78212,false,קרוטונים מתובלים למרק ולסלט,אסם,,קרוטונים מתובלים למרק ולסלט,גרמים,250,100 גרם,false,0,13.90,5.56,true,1,78212
78762,false,חטיפי פריכונים אורז מלא ודבש,אסם,,חטיפי פריכונים אורז מלא ודבש,גרמים,80,100 גרם,false,0,6.90,8.63,true,1,78762
79233,false,קרם קרקר דל נתרן,אסם,,קרם קרקר דל נתרן,גרמים,250,100 גרם,false,0,9.90,3.96,true,1,79233
79684,true,קרואסון שקדים,בונז'ור,,קרואסון שקדים,קילוגרמים,0,"ק""ג",true,0,39.00,0.00,true,1,79684
80758,false,טוסטעים צנימים,אסם,,טוסטעים צנימים,גרמים,100,100 גרם,false,0,9.90,9.90,true,1,80758
80765,false,טוסטעים צנימים עם שומשום,אסם,,טוסטעים צנימים עם שומשום,גרמים,100,100 גרם,false,0,9.90,9.90,true,1,80765
81663,false,בייגלה טבעות עם שומשום,אסם,,בייגלה טבעות עם שומשום,גרמים,300,100 גרם,false,0,9.90,3.30,true,1,81663
85104,true,פילה סלמון שלם טרי,,,פילה סלמון שלם טרי,קילוגרמים,0,"ק""ג",true,0,89.00,0.00,true,1,85104
89188,false,יין אדום ממותק פומפדיתא,פומפדיתא,,יין אדום ממותק פומפדיתא,ליטרים,1,ליטר,false,0,14.90,14.90,true,1,89188
99378,true,בלוז בסגנון דנאבלו,ארלה Arla,,בלוז בסגנון דנאבלו,קילוגרמים,0,"ק""ג",true,0,56.00,0.00,true,1,99378
100029,false,פתיתי כרובית,סנפרוסט,,פתיתי כרובית,גרמים,800,100 גרם,false,0,19.90,2.49,true,1,100029
100036,false,פתיתי ברוקולי,סנפרוסט,,פתיתי ברוקולי,גרמים,800,100 גרם,false,0,19.90,2.49,true,1,100036
100128,false,תות שדה מוקפא,סנפרוסט,,תות שדה מוקפא,גרמים,300,100 גרם,false,0,12.90,4.30,true,1,100128
100302,false,פול ירוק ללא קליפה,סנפרוסט,,פול ירוק ללא קליפה,גרמים,600,100 גרם,false,0,23.90,3.98,true,1,100302
101927,false,אוכמניות כחולות מוקפאות,סנפרוסט,,אוכמניות כחולות מוקפאות,גרמים,300,100 גרם,false,0,12.90,4.30,true,1,101927
101934,false,תערובת פירות יער מוקפאים,סנפרוסט,,תערובת פירות יער מוקפאים,גרמים,300,100 גרם,false,0,12.90,4.30,true,1,101934
101941,false,אננס חתוך מוקפא,סנפרוסט,,אננס חתוך מוקפא,גרמים,300,100 גרם,false,0,12.90,4.30,true,1,101941
101958,false,מנגו חתוך מוקפא,סנפרוסט,,מנגו חתוך מוקפא,גרמים,300,100 גרם,false,0,12.90,4.30,true,1,101958
103365,false,מרק ירקות,סנפרוסט,,מרק ירקות,גרמים,550,100 גרם,false,0,18.90,3.44,true,1,103365
103433,false,ירקות לתנור,סנפרוסט,,ירקות לתנור,גרמים,800,100 גרם,false,0,22.90,2.86,true,1,103433
103457,false,מיני כרובית,סנפרוסט,,מיני כרובית,גרמים,600,100 גרם,false,0,19.90,3.32,true,1,103457
103471,false,מיני ברוקולי,סנפרוסט,,מיני ברוקולי,גרמים,600,100 גרם,false,0,19.90,3.32,true,1,103471
103730,false,לקט להקפצה עם פסטה פוזילי,סנפרוסט,,לקט להקפצה עם פסטה פוזילי,גרמים,800,100 גרם,false,0,22.90,2.86,true,1,103730
103815,false,לקט להקפצה בסגנון תאילנדי,סנפרוסט,,לקט להקפצה בסגנון תאילנדי,גרמים,800,100 גרם,false,0,22.90,2.86,true,1,103815
103822,false,לקט לעוף,סנפרוסט,,לקט לעוף,גרמים,800,100 גרם,false,0,22.90,2.86,true,1,103822
103839,false,מרק כתום,סנפרוסט,,מרק כתום,גרמים,570,100 גרם,false,0,18.90,3.32,true,1,103839
103846,false,מרק אפונה,סנפרוסט,,מרק אפונה,גרמים,570,100 גרם,false,0,18.90,3.32,true,1,103846
103860,false,מרק עדשים,סנפרוסט,,מרק עדשים,גרמים,570,100 גרם,false,0,18.90,3.32,true,1,103860
103877,false,מרק שעועית,סנפרוסט,,מרק שעועית,גרמים,640,100 גרם,false,0,18.90,2.95,true,1,103877
104072,false,עדשים ירוקות מבושלות מוקפאות,סנפרוסט,,עדשים ירוקות מבושלות מוקפאות,גרמים,800,100 גרם,false,0,19.90,2.49,true,1,104072
104188,false,שעועית אדומה מושרית מבושלת - מוקפאת,סנפרוסט,,שעועית אדומה מושרית מבושלת - מוקפאת,גרמים,800,100 גרם,false,0,19.90,2.49,true,1,104188
104201,false,אפונה עדינה מוקפאת,סנפרוסט,,אפונה עדינה מוקפאת,גרמים,600,100 גרם,false,0,19.90,3.32,true,1,104201
104218,false,במיה,סנפרוסט,,במיה,גרמים,600,100 גרם,false,0,18.90,3.15,true,1,104218
104225,false,בצל קצוץ,סנפרוסט,,בצל קצוץ,גרמים,600,100 גרם,false,0,16.90,2.82,true,1,104225
104676,false,אפונת גינה,סנפרוסט,,אפונת גינה,גרמים,800,100 גרם,false,0,18.90,2.36,true,1,104676
104683,false,שעועית ירוקה שלמה,סנפרוסט,,שעועית ירוקה שלמה,גרמים,800,100 גרם,false,0,22.90,2.86,true,1,104683
104690,false,גרעיני תירס,סנפרוסט,,גרעיני תירס,גרמים,800,100 גרם,false,0,19.90,2.49,true,1,104690
104706,false,גזר גמדי,סנפרוסט,,גזר גמדי,גרמים,800,100 גרם,false,0,18.90,2.36,true,1,104706
104713,false,פול ירוק,סנפרוסט,,פול ירוק,גרמים,800,100 גרם,false,0,24.90,3.11,true,1,104713
104720,false,שעועית ירוקה חתוכה,סנפרוסט,,שעועית ירוקה חתוכה,גרמים,800,100 גרם,false,0,19.90,2.49,true,1,104720
104744,false,כרובית,סנפרוסט,,כרובית,גרמים,800,100 גרם,false,0,24.90,3.11,true,1,104744
104751,false,כרוב ניצנים,סנפרוסט,,כרוב ניצנים,גרמים,800,100 גרם,false,0,24.90,3.11,true,1,104751
104768,false,עלי תרד,סנפרוסט,,עלי תרד,גרמים,800,100 גרם,false,0,24.90,3.11,true,1,104768
104775,false,מדליוני תרד,סנפרוסט,,מדליוני תרד,גרמים,800,100 גרם,false,0,24.90,3.11,true,1,104775
104799,false,שעועית לבנה מבושלת,סנפרוסט,,שעועית לבנה מבושלת,גרמים,800,100 גרם,false,0,19.90,2.49,true,1,104799
104805,false,גרגרי חומוס מבושלים,סנפרוסט,,גרגרי חומוס מבושלים,גרמים,800,100 גרם,false,0,19.90,2.49,true,1,104805
104829,false,קלחוני תירס,סנפרוסט,,קלחוני תירס,גרמים,1000,100 גרם,false,0,22.90,2.29,true,1,104829
104836,false,שעועית ירוקה עדינה שלמה מוקפאת,סנפרוסט,,שעועית ירוקה עדינה שלמה מוקפאת,גרמים,600,100 גרם,false,0,22.90,3.82,true,1,104836
104874,false,לקט לקוסקוס,סנפרוסט,,לקט לקוסקוס,גרמים,800,100 גרם,false,0,22.90,2.86,true,1,104874
104881,false,לקט אפונה וגזר,סנפרוסט,,לקט אפונה וגזר,גרמים,800,100 גרם,false,0,19.90,2.49,true,1,104881
104904,false,לקט ירקות מעורבים,סנפרוסט,,לקט ירקות מעורבים,גרמים,800,100 גרם,false,0,22.90,2.86,true,1,104904
104911,false,לקט נורמנדי,סנפרוסט,,לקט נורמנדי,גרמים,800,100 גרם,false,0,22.90,2.86,true,1,104911
106175,false,לקט כפרי,סנפרוסט,,לקט כפרי,גרמים,2000,100 גרם,false,0,39.90,2.00,true,1,106175
107165,false,חטיף סויה אדממה,סנפרוסט,,חטיף סויה אדממה,גרמים,400,100 גרם,false,0,14.90,3.73,true,1,107165
107189,false,תחתיות ארטישוק,סנפרוסט,,תחתיות ארטישוק,גרמים,400,100 גרם,false,0,22.90,5.73,true,1,107189
107295,false,ברוקולי קפוא,סנפרוסט,,ברוקולי קפוא,גרמים,800,100 גרם,false,0,24.90,3.11,true,1,107295
110844,false,כיפלי בטעם גריל,תלמה,,כיפלי בטעם גריל,גרמים,70,100 גרם,false,0,5.90,8.43,true,1,110844
110851,false,כיפלי בטעם בצל,תלמה,,כיפלי בטעם בצל,גרמים,70,100 גרם,false,0,5.90,8.43,true,1,110851
111063,false,מיונז אמיתי,תלמה,,מיונז אמיתי,גרמים,250,100 גרם,false,0,6.50,2.60,true,1,111063
111117,false,מרכך כביסה בדין לבן,בדין,,מרכך כביסה בדין לבן,ליטרים,4,ליטר,false,0,19.90,4.98,true,1,111117
111186,false,מיונז אמיתי,תלמה,,מיונז אמיתי,גרמים,500,100 גרם,false,0,10.90,2.18,true,1,111186
111353,false,מיונז אמיתי,תלמה,,מיונז אמיתי,קילוגרמים,1,"ק""ג",false,0,19.90,19.90,true,1,111353
111360,false,חרדל אמיתי,תלמה,,חרדל אמיתי,גרמים,250,100 גרם,false,0,6.50,2.60,true,1,111360
111384,false,חרדל אמיתי,תלמה,,חרדל אמיתי,גרמים,550,100 גרם,false,0,8.90,1.62,true,1,111384
112220,false,טחינה 100% שומשום טהור,בארכה,,טחינה 100% שומשום טהור,גרמים,500,100 גרם,false,0,13.90,2.78,true,1,112220
112237,false,טחינה 100% שומשום טהור,בארכה,,טחינה 100% שומשום טהור,גרמים,1000,100 גרם,false,0,24.90,2.49,true,1,112237
112497,false,מרק עוף עם אטריות,קנור Knorr,,מרק עוף עם אטריות,גרמים,68,100 גרם,false,0,9.90,14.56,true,1,112497
112503,false,מרק עשיר ירקות,קנור Knorr,,מרק עשיר ירקות,גרמים,61,100 גרם,false,0,9.90,16.23,true,1,112503
112619,false,מרק עוף אמיתי- בשרי,קנור Knorr,,מרק עוף אמיתי- בשרי,גרמים,400,100 גרם,false,0,19.90,4.98,true,1,112619
114187,false,תרכיז ניקוי רב תכליתי בניחוח אורנים,סיף פנטסטיק Cif Fantastic,,תרכיז ניקוי רב תכליתי בניחוח אורנים,ליטרים,4,ליטר,false,0,19.90,4.98,true,1,114187
116204,false,מרק דגש מרק זך טעם עוף,קנור Knorr,,מרק דגש מרק זך טעם עוף,קילוגרמים,1,"ק""ג",false,0,14.90,14.90,true,1,116204
116884,false,רוטב ברביקיו,קנור Knorr,,רוטב ברביקיו,מליליטרים,300,"100 מ""ל",false,0,12.90,4.30,true,1,116884
116921,false,רוטב צ'ילי מתוק,קנור Knorr,,רוטב צ'ילי מתוק,מליליטרים,300,"100 מ""ל",false,0,12.90,4.30,true,1,116921
116945,false,רוטב סויה קלאסי,קנור Knorr,,רוטב סויה קלאסי,מליליטרים,300,"100 מ""ל",false,0,12.90,4.30,true,1,116945
117171,false,נמס בכוס מרק בטעם עוף-10 שקיות,קנור Knorr,,נמס בכוס מרק בטעם עוף-10 שקיות,גרמים,48,100 גרם,false,0,6.50,13.54,true,1,117171
117720,false,נמס בכוס מרק פטריות-2 שקיות,קנור Knorr,,נמס בכוס מרק פטריות-2 שקיות,גרמים,43,100 גרם,false,0,6.50,15.12,true,1,117720
118277,false,קניידל- כופתאות מצה להכנה מהירה,קנור Knorr,,קניידל- כופתאות מצה להכנה מהירה,גרמים,130,100 גרם,false,0,9.90,7.62,true,1,118277
118352,false,"לטקס לביבות תפו""א להכנה מהירה",קנור Knorr,,"לטקס לביבות תפו""א להכנה מהירה",גרמים,170,100 גרם,false,2,14.90,8.76,true,1,118352
120836,false,מיונז אמיתי,הלמנס hellmann's,,מיונז אמיתי,גרמים,394,100 גרם,false,0,11.90,3.02,true,1,120836
120874,false,ממרח מיונז מופחת קלוריות,הלמנס hellmann's,,ממרח מיונז מופחת קלוריות,גרמים,424,100 גרם,false,0,11.90,2.81,true,1,120874
121017,false,שומרון גבינה מותכת למריחה 7%,נטו מלינדה,,שומרון גבינה מותכת למריחה 7%,גרמים,120,100 גרם,false,0,9.90,8.25,true,1,121017
121031,false,גבינה מותכת למריחה 14% החתול המחייך,נטו מלינדה,,גבינה מותכת למריחה 14% החתול המחייך,גרמים,120,100 גרם,false,0,9.90,8.25,true,1,121031
121079,false,גבינה מותכת למריחה לייט עם שום שמיר 7%,מון בלאן,,גבינה מותכת למריחה לייט עם שום שמיר 7%,גרמים,120,100 גרם,false,0,9.90,8.25,true,1,121079
121093,false,גבינה מותכת למריחה לייט בטעם שווצרי 7%,מון בלאן,,גבינה מותכת למריחה לייט בטעם שווצרי 7%,גרמים,120,100 גרם,false,0,9.90,8.25,true,1,121093
121109,false,גבינה מותכת למריחה לייט עם זיתים 7%,מון בלאן,,גבינה מותכת למריחה לייט עם זיתים 7%,גרמים,120,100 גרם,false,0,9.90,8.25,true,1,121109
121147,false,גבינה מותכת למריחה לייט פיקנטי 7%,מון בלאן,,גבינה מותכת למריחה לייט פיקנטי 7%,גרמים,120,100 גרם,false,0,9.90,8.25,true,1,121147
121154,false,גבינה מותכת למריחה לייט עם סלמון 7%,מון בלאן,,גבינה מותכת למריחה לייט עם סלמון 7%,גרמים,120,100 גרם,false,0,9.90,8.25,true,1,121154
122830,false,רוטב סצ'ואן,קנור Knorr,,רוטב סצ'ואן,גרמים,300,100 גרם,false,0,12.90,4.30,true,1,122830
125251,false,שמפו לכביסה עדינה,בדין,,שמפו לכביסה עדינה,ליטרים,2,ליטר,false,0,24.90,12.45,true,1,125251
129457,false,אבקת רוטב פטריות,קנור Knorr,,אבקת רוטב פטריות,גרמים,28,100 גרם,false,0,4.90,17.50,true,1,129457
129785,false,מרכך כביסה בדין ירוק,בדין,,מרכך כביסה בדין ירוק,ליטרים,4,ליטר,false,0,19.90,4.98,true,1,129785
131009,false,דפי בצק פילו דקיקים,שחף,,דפי בצק פילו דקיקים,גרמים,500,100 גרם,false,0,14.90,2.98,true,1,131009
131122,false,בצק עלים צרפתי,שחף,,בצק עלים צרפתי,קילוגרמים,2,"ק""ג",false,0,16.90,11.27,true,1,131122
133645,false,משחת שיניים אורביטול - מארז שלישיה,אורביטול Orbitol,,משחת שיניים אורביטול - מארז שלישיה,גרמים,435,100 גרם,false,3,17.90,4.57,true,1,133645
133904,false,מבשם אוויר Duo פרש בניחוח פסיפלורה ותפוז,סנו פרש Fresh,,מבשם אוויר Duo פרש בניחוח פסיפלורה ותפוז,מליליטרים,300,"100 מ""ל",false,0,10.90,4.30,true,1,133904
134147,false,מוסקט טחון,תבליני טעם וריח,,מוסקט טחון,גרמים,40,100 גרם,false,0,14.90,37.25,true,1,134147
134307,false,קינמון טחון,תבליני טעם וריח,,קינמון טחון,גרמים,50,100 גרם,false,0,4.90,9.80,true,1,134307
134314,false,תערובת תיבול לפיצה,תבליני טעם וריח,,תערובת תיבול לפיצה,גרמים,120,100 גרם,false,0,7.90,6.58,true,1,134314
134338,false,אבקת שום,תבליני טעם וריח,,אבקת שום,גרמים,90,100 גרם,false,0,7.90,8.78,true,1,134338
134352,false,קינמון טחון,תבליני טעם וריח,,קינמון טחון,גרמים,90,100 גרם,false,0,7.90,8.78,true,1,134352
134376,false,פפריקה מרוקאית מתוקה בשמן,תבליני טעם וריח,,פפריקה מרוקאית מתוקה בשמן,גרמים,90,100 גרם,false,0,7.90,8.78,true,1,134376
134666,false,רוזמרין,תבליני טעם וריח,,רוזמרין,גרמים,15,100 גרם,false,0,4.90,32.67,true,1,134666
134673,false,זנגביל טחון,תבליני טעם וריח,,זנגביל טחון,גרמים,30,100 גרם,false,0,4.90,16.33,true,1,134673
134680,false,קימל שלם,תבליני טעם וריח,,קימל שלם,גרמים,40,100 גרם,false,0,4.90,12.25,true,1,134680
134758,false,תערובת תיבול לתפוחי אדמה,תבליני טעם וריח,,תערובת תיבול לתפוחי אדמה,גרמים,100,100 גרם,false,0,7.90,7.90,true,1,134758
134826,false,תערובת תיבול לזעתר,תבליני טעם וריח,,תערובת תיבול לזעתר,גרמים,100,100 גרם,false,0,7.90,7.90,true,1,134826
134833,false,כמון מזרחי,תבליני טעם וריח,,כמון מזרחי,גרמים,100,100 גרם,false,0,7.90,7.90,true,1,134833
134840,false,כורכום,תבליני טעם וריח,,כורכום,גרמים,100,100 גרם,false,0,7.90,7.90,true,1,134840
134857,false,פפריקה מתוקה,תבליני טעם וריח,,פפריקה מתוקה,גרמים,100,100 גרם,false,0,7.90,7.90,true,1,134857
134864,false,פפריקה חריפה,תבליני טעם וריח,,פפריקה חריפה,גרמים,100,100 גרם,false,0,7.90,7.90,true,1,134864
134871,false,פלפל שחור טחון,תבליני טעם וריח,,פלפל שחור טחון,גרמים,100,100 גרם,false,0,12.90,12.90,true,1,134871
134970,false,חוויאג' למרק,תבליני טעם וריח,,חוויאג' למרק,גרמים,100,100 גרם,false,0,7.90,7.90,true,1,134970
134987,false,פלפל שחור גרוס,תבליני טעם וריח,,פלפל שחור גרוס,גרמים,90,100 גרם,false,0,12.90,14.33,true,1,134987
134994,false,טימין (קורנית),תבליני טעם וריח,,טימין (קורנית),גרמים,20,100 גרם,false,0,4.90,24.50,true,1,134994
135045,false,משקה אנרגיה XL TEN ללא סוכר בטעם תפוח,אקסל XL,,משקה אנרגיה XL TEN ללא סוכר בטעם תפוח,מליליטרים,250,"100 מ""ל",false,0,4.30,1.72,true,1,135045
135052,false,משקה אנרגיה XL TEN ללא סוכר בטעם מנגו,אקסל XL,,משקה אנרגיה XL TEN ללא סוכר בטעם מנגו,מליליטרים,250,"100 מ""ל",false,0,4.30,1.72,true,1,135052
144160,false,שמן זית ארומתי כתית מעולה,עץ הזית,,שמן זית ארומתי כתית מעולה,מליליטרים,750,"100 מ""ל",false,0,32.90,4.39,true,1,144160
144474,false,שמן קנולה מזוכך,עץ הזית,,שמן קנולה מזוכך,ליטרים,1,ליטר,false,0,14.90,14.90,true,1,144474
146928,false,משחת שיניים לילדים בטעם ענבים טום וג'רי,טום וג'רי TOM and JERRY,,משחת שיניים לילדים בטעם ענבים טום וג'רי,מליליטרים,50,"100 מ""ל",false,0,7.90,15.80,true,1,146928
146997,false,משחת שיניים לילדים בטעם מסטיק טום וג'רי,טום וג'רי TOM and JERRY,,משחת שיניים לילדים בטעם מסטיק טום וג'רי,גרמים,50,100 גרם,false,0,7.90,15.80,true,1,146997
148489,false,גרעיני דלעת,קליית גת,,גרעיני דלעת,גרמים,200,100 גרם,false,0,9.90,4.95,true,1,148489
148618,false,אגוזי קשיו מטוגנים,קליית גת,,אגוזי קשיו מטוגנים,גרמים,200,100 גרם,false,0,15.90,9.95,true,1,148618
148748,false,גרעיני חמניות,קליית גת,,גרעיני חמניות,גרמים,200,100 גרם,false,0,5.90,2.95,true,1,148748
148939,false,שקדים קלויים,קליית גת,,שקדים קלויים,גרמים,200,100 גרם,false,0,19.90,9.95,true,1,148939
149349,false,שמפו ויטל משפחתי לשימוש יומיומי מועשר בויטמין C,נקה,,שמפו ויטל משפחתי לשימוש יומיומי מועשר בויטמין C,ליטרים,1,ליטר,false,0,11.90,11.90,true,1,149349
149615,false,אל סבון מוצק לתינוקות לבעלי עור עדין ורגיש - מארז רביעיה,נקה 7,,אל סבון מוצק לתינוקות לבעלי עור עדין ורגיש - מארז רביעיה,גרמים,400,100 גרם,false,4,9.90,3.23,true,1,149615
149806,false,סופר 7 נוזל לניקוי כלים,נקה,,סופר 7 נוזל לניקוי כלים,ליטרים,1,ליטר,false,0,11.90,11.90,true,1,149806
149844,false,סינטבון סבון רב שימושי,נקה,,סינטבון סבון רב שימושי,גרמים,230,100 גרם,false,0,6.90,3.00,true,1,149844
149905,false,טקסטיל שמפו נוזלי,נקה,,טקסטיל שמפו נוזלי,ליטרים,1,ליטר,false,0,12.90,12.90,true,1,149905
149943,false,טקסטיל שמפו בשקית,נקה,,טקסטיל שמפו בשקית,קילוגרמים,1,"ק""ג",false,0,12.90,12.90,true,1,149943
150352,true,פסטרמה איטלקית,עוף טוב,,פסטרמה איטלקית,קילוגרמים,0,"ק""ג",true,0,69.00,0.00,true,1,150352
150369,true,פסטרמה מקסיקנית דל שומן,עוף טוב,,פסטרמה מקסיקנית דל שומן,קילוגרמים,0,"ק""ג",true,0,69.00,0.00,true,1,150369
150468,true,פסטרמה רומנית,עוף טוב,,פסטרמה רומנית,קילוגרמים,0,"ק""ג",true,0,69.00,0.00,true,1,150468
150956,false,מקלוני קבנוס,עוף טוב,,מקלוני קבנוס,גרמים,160,100 גרם,false,0,10.90,6.81,true,1,150956
151106,true,פסטרמה אמריקאית,עוף טוב,,פסטרמה אמריקאית,קילוגרמים,0,"ק""ג",true,0,69.00,0.00,true,1,151106
152288,false,נקניקיות עוף והודו,עוף טוב,,נקניקיות עוף והודו,גרמים,400,100 גרם,false,0,11.90,2.98,true,1,152288
152943,false,מארז פסטרמה כפרית + סלמי תה כפרי,עוף טוב,,מארז פסטרמה כפרית + סלמי תה כפרי,גרמים,700,100 גרם,false,0,25.90,3.70,true,1,152943
153445,false,קציצות בקר קלאסיות,עוף טוב,,קציצות בקר קלאסיות,גרמים,500,100 גרם,false,0,29.90,5.98,true,1,153445
153469,false,קציצות עוף קלאסיות,עוף טוב,,קציצות עוף קלאסיות,גרמים,600,100 גרם,false,0,29.90,4.98,true,1,153469
155524,true,פסטרמה פולנית,עוף טוב,,פסטרמה פולנית,קילוגרמים,0,"ק""ג",true,0,69.00,0.00,true,1,155524
158105,false,שניצל עוף מיני דינוזאור,עוף טוב,,שניצל עוף מיני דינוזאור,גרמים,700,100 גרם,false,0,35.90,5.13,true,1,158105
159010,false,שניצל עוף מיני דובונים,עוף טוב,,שניצל עוף מיני דובונים,גרמים,700,100 גרם,false,0,35.90,5.13,true,1,159010
161358,false,מיונז אמיתי קנולה,תלמה,,מיונז אמיתי קנולה,גרמים,500,100 גרם,false,0,14.90,2.98,true,1,161358
166605,false,תרכיז ניקוי רב תכליתי בניחוח יסמין,סיף פנטסטיק Cif Fantastic,,תרכיז ניקוי רב תכליתי בניחוח יסמין,ליטרים,4,ליטר,false,0,19.90,4.98,true,1,166605
168173,false,דגני ברנפלקס קרנצ'ים,תלמה,,דגני ברנפלקס קרנצ'ים,גרמים,375,100 גרם,false,0,22.90,6.11,true,1,168173
169538,false,נמס בכוס מרק עגבניות עם קרוטונים-2 שקיות,קנור Knorr,,נמס בכוס מרק עגבניות עם קרוטונים-2 שקיות,גרמים,64,100 גרם,false,0,6.50,10.16,true,1,169538
169798,false,עוגי מופחת סוכר,תלמה,,עוגי מופחת סוכר,גרמים,500,100 גרם,false,0,21.90,4.38,true,1,169798
174723,false,שוקולית,עלית,,שוקולית,גרמים,500,100 גרם,false,0,11.90,2.38,true,1,174723
176062,false,קפה טורקי,עלית,,קפה טורקי,גרמים,100,100 גרם,false,0,8.90,8.90,true,1,176062
176079,false,קפה טורקי עם הל,עלית,,קפה טורקי עם הל,גרמים,100,100 גרם,false,0,9.60,9.60,true,1,176079
176116,false,"קפה טורקי קלוי וטחון 1 ק""ג",עלית,,"קפה טורקי קלוי וטחון 1 ק""ג",גרמים,1000,100 גרם,false,0,74.90,7.49,true,1,176116
176147,false,קפה פילטר טחון וקלוי מוקה מס' 1,עלית,,קפה פילטר טחון וקלוי מוקה מס' 1,גרמים,500,100 גרם,false,0,48.90,9.78,true,1,176147
176413,false,קפה נמס,עלית,,קפה נמס,גרמים,50,100 גרם,false,0,8.90,17.80,true,1,176413
176420,false,קפה נמס,עלית,,קפה נמס,גרמים,200,100 גרם,false,0,19.90,9.95,true,1,176420
176468,false,קפה נמס נטול קפאין,קפה האג,,קפה נמס נטול קפאין,גרמים,50,100 גרם,false,0,11.90,23.80,true,1,176468
176475,false,קפה נמס נטול קפאין,קפה האג,,קפה נמס נטול קפאין,גרמים,200,100 גרם,false,0,34.90,17.45,true,1,176475
178707,false,תפוצ'יפס בטעם טבעי,עלית,,תפוצ'יפס בטעם טבעי,גרמים,50,100 גרם,false,0,3.90,7.80,true,1,178707
178721,false,תפוצ'יפס בטעם טבעי,עלית,,תפוצ'יפס בטעם טבעי,גרמים,200,100 גרם,false,0,9.90,4.95,true,1,178721
186030,false,מגבונים לחים בתוספת תחליב בייבי ספא,האגיס Huggies,,מגבונים לחים בתוספת תחליב בייבי ספא,יחידות,224,יחידה,false,4,29.90,0.13,true,1,186030
191225,false,"חיתולי האגיס אקסטרה קר מידה 2, 5-7 ק""ג",האגיס Huggies,,"חיתולי האגיס אקסטרה קר מידה 2, 5-7 ק""ג",יחידות,44,יחידה,false,0,34.90,0.79,true,1,191225
193618,false,מגיני תחתון נטורל לייט,לילי Lily,,מגיני תחתון נטורל לייט,יחידות,62,יחידה,false,0,15.90,0.26,true,1,193618
193649,false,תחבושות היגייניות נטורל נורמל עם כנפיים,לילי Lily,,תחבושות היגייניות נטורל נורמל עם כנפיים,,0,,false,0,15.90,0.00,true,1,193649
193793,false,תחבושות היגייניות נטורל נורמל,לילי Lily,,תחבושות היגייניות נטורל נורמל,יחידות,24,יחידה,false,0,15.90,0.66,true,1,193793
195032,false,שקמה מכנסונים סופגים Over Night מידה L 42-44,חוגלה,,שקמה מכנסונים סופגים Over Night מידה L 42-44,יחידות,15,יחידה,false,0,69.90,4.66,true,1,195032
195537,false,מגבונים לחים ללא בישום - מארז רביעיה,האגיס Huggies,,מגבונים לחים ללא בישום - מארז רביעיה,יחידות,256,יחידה,false,4,22.90,0.09,true,1,195537
195773,false,מגבונים לחים לעור רגיש ללא בישום- מארז רביעיה,האגיס Huggies,,מגבונים לחים לעור רגיש ללא בישום- מארז רביעיה,יחידות,256,יחידה,false,4,22.90,0.09,true,1,195773
197425,false,"האגיס פרידום דריי מידה 3, 6-10 ק""ג",האגיס Huggies,,"האגיס פרידום דריי מידה 3, 6-10 ק""ג",יחידות,52,יחידה,false,0,42.90,0.83,true,1,197425
197456,false,"האגיס פרידום דריי מידה 4, 8-12 ק""ג",האגיס Huggies,,"האגיס פרידום דריי מידה 4, 8-12 ק""ג",יחידות,44,יחידה,false,0,42.90,0.98,true,1,197456
197463,false,"האגיס פרידום דריי מידה 4+, 10-14 ק""ג",האגיס Huggies,,"האגיס פרידום דריי מידה 4+, 10-14 ק""ג",יחידות,40,יחידה,false,0,42.90,1.07,true,1,197463
197548,false,"האגיס פרידום דריי מידה 5, 12-22 ק""ג",האגיס Huggies,,"האגיס פרידום דריי מידה 5, 12-22 ק""ג",יחידות,36,יחידה,false,0,42.90,1.19,true,1,197548
197678,false,"האגיס פרידום דריי מידה 6, 16-24 ק""ג",האגיס Huggies,,"האגיס פרידום דריי מידה 6, 16-24 ק""ג",יחידות,30,יחידה,false,0,42.90,1.43,true,1,197678
201818,false,"טיטולים פרימיום שלב 2, 3-6 ק""ג",טיטולים,,"טיטולים פרימיום שלב 2, 3-6 ק""ג",יחידות,52,יחידה,false,0,39.90,0.77,true,1,201818
201832,false,"טיטולים פרימיום שלב 3, 5-9 ק""ג",טיטולים,,"טיטולים פרימיום שלב 3, 5-9 ק""ג",יחידות,50,יחידה,false,0,39.90,0.80,true,1,201832
201849,false,"טיטולים פרימיום שלב 4, 8-14 ק""ג",טיטולים,,"טיטולים פרימיום שלב 4, 8-14 ק""ג",יחידות,40,יחידה,false,0,39.90,1.00,true,1,201849
201856,false,"טיטולים פרימיום שלב 4+, 10-16 ק""ג",טיטולים,,"טיטולים פרימיום שלב 4+, 10-16 ק""ג",יחידות,38,יחידה,false,0,39.90,1.05,true,1,201856
201863,false,"טיטולים פרימיום שלב 5, 12-22 ק""ג",טיטולים,,"טיטולים פרימיום שלב 5, 12-22 ק""ג",יחידות,34,יחידה,false,0,39.90,1.17,true,1,201863
201870,false,"טיטולים פרימיום שלב 6 16-24 ק""ג",טיטולים,,"טיטולים פרימיום שלב 6 16-24 ק""ג",יחידות,30,יחידה,false,0,39.90,1.33,true,1,201870
205526,false,נוזל ריחני לשטיפת רצפות,סנו פיסגה,,נוזל ריחני לשטיפת רצפות,ליטרים,2,ליטר,false,0,10.90,7.45,true,1,205526
207063,false,פריכוז רוטב עגבניות מרוכז מאוד,יכין,,פריכוז רוטב עגבניות מרוכז מאוד,גרמים,240,100 גרם,false,0,4.90,2.04,true,1,207063
207162,false,רוטב עגבניות מרוכז,יכין,,רוטב עגבניות מרוכז,גרמים,100,100 גרם,false,0,1.90,1.90,true,1,207162
208251,false,שעועית ירוקה חתוכה,יכין,,שעועית ירוקה חתוכה,גרמים,550,100 גרם,false,0,8.90,1.62,true,1,208251
208947,false,עגבניות מרוסקות,יכין,,עגבניות מרוסקות,גרמים,240,100 גרם,false,0,5.50,2.29,true,1,208947
209906,false,עגבניות מרוסקות ובצל,יכין,,עגבניות מרוסקות ובצל,גרמים,240,100 גרם,false,0,5.50,2.29,true,1,209906
211312,false,אורז מלא ארוך,סוגת,,אורז מלא ארוך,קילוגרמים,1,"ק""ג",false,0,8.90,8.90,true,1,211312
211374,false,קמח חיטה מלא שטיבל,סוגת,,קמח חיטה מלא שטיבל,קילוגרמים,1,"ק""ג",false,0,6.90,6.90,true,1,211374
211442,false,אורז פרסי קלאסי,סוגת,,אורז פרסי קלאסי,קילוגרמים,1,"ק""ג",false,0,10.90,10.90,true,1,211442
211626,false,אורז חיש,סוגת,,אורז חיש,קילוגרמים,1,"ק""ג",false,0,10.90,10.90,true,1,211626
211985,false,אורז עגול,סוגת,,אורז עגול,קילוגרמים,1,"ק""ג",false,0,7.90,7.90,true,1,211985
214115,false,מרק עוף - בשרי,ויטה,,מרק עוף - בשרי,גרמים,400,100 גרם,false,0,9.90,2.48,true,1,214115
218502,false,חמין טשולנט,ויטה,,חמין טשולנט,גרמים,570,100 גרם,false,0,8.90,1.56,true,1,218502
226552,false,טורט בטעם ריבת חלב - בקירור,קפולסקי,,טורט בטעם ריבת חלב - בקירור,גרמים,1000,100 גרם,false,0,59.90,5.99,true,1,226552
238029,false,בצק עלים מרודד,מעדנות,,בצק עלים מרודד,קילוגרמים,1,"ק""ג",false,0,19.90,19.90,true,1,238029
238036,false,מלווח מוקפא,מעדנות,,מלווח מוקפא,גרמים,700,100 גרם,false,0,16.90,2.41,true,1,238036
238173,false,בורקס במילוי גבינה,מעדנות,,בורקס במילוי גבינה,גרמים,800,100 גרם,false,0,22.90,2.86,true,1,238173
238180,false,בורקס במילוי תפוחי אדמה,מעדנות,,בורקס במילוי תפוחי אדמה,גרמים,800,100 גרם,false,0,19.90,2.49,true,1,238180
240541,false,ריבועי בצק עלים,מעדנות,,ריבועי בצק עלים,גרמים,800,100 גרם,false,0,22.90,2.86,true,1,240541
244143,false,קרם לאחר גילוח להזנת העור בתוספת ויטמין E,הוואי,,קרם לאחר גילוח להזנת העור בתוספת ויטמין E,גרמים,120,100 גרם,false,0,19.90,16.58,true,1,244143
244761,false,קרם לטיפוח עוד הידיים והגוף,ולוטה,,קרם לטיפוח עוד הידיים והגוף,מליליטרים,80,"100 מ""ל",false,0,9.90,12.38,true,1,244761
245072,false,מרכך כביסה לבגדי תינוקות ולבעלי לעור רגיש,סוד,,מרכך כביסה לבגדי תינוקות ולבעלי לעור רגיש,ליטרים,4,ליטר,false,0,18.90,4.73,true,1,245072
245157,false,מרכך כביסה לבן,סוד,,מרכך כביסה לבן,ליטרים,4,ליטר,false,0,18.90,4.73,true,1,245157
245270,false,אבקת כביסה פרסיל,פרסיל Persil,,אבקת כביסה פרסיל,קילוגרמים,1,"ק""ג",false,0,15.90,12.72,true,1,245270
245287,false,אבקת כביסה פרסיל קולור,פרסיל Persil,,אבקת כביסה פרסיל קולור,קילוגרמים,1,"ק""ג",false,0,15.90,12.72,true,1,245287
245294,false,אבקת כביסה פרסיל,פרסיל Persil,,אבקת כביסה פרסיל,קילוגרמים,3,"ק""ג",false,0,28.90,11.56,true,1,245294
245379,false,משחה להדחת כלים וניקיון כללי בריח לימון,אמה,,משחה להדחת כלים וניקיון כללי בריח לימון,גרמים,500,100 גרם,false,0,4.90,0.98,true,1,245379
245478,false,אבקת כביסה סוד לבגדי תינוקות ולבעלי עור רגיש,סוד,,אבקת כביסה סוד לבגדי תינוקות ולבעלי עור רגיש,קילוגרמים,1,"ק""ג",false,0,12.90,10.32,true,1,245478
245508,false,אבקת כביסה סוד שושן מרענן,סוד,,אבקת כביסה סוד שושן מרענן,קילוגרמים,1,"ק""ג",false,0,12.90,10.32,true,1,245508
245515,false,אבקת כביסה סוד לבנדר,סוד,,אבקת כביסה סוד לבנדר,קילוגרמים,1,"ק""ג",false,0,12.90,10.32,true,1,245515
245539,false,אבקת כביסה סוד שושן מרענן לכביסה צבעונית,סוד,,אבקת כביסה סוד שושן מרענן לכביסה צבעונית,קילוגרמים,1,"ק""ג",false,0,12.90,10.32,true,1,245539
245782,false,מרכך כביסה ורוד,סוד,,מרכך כביסה ורוד,ליטרים,4,ליטר,false,0,18.90,4.73,true,1,245782
245799,false,מרכך כביסה כחול,סוד,,מרכך כביסה כחול,ליטרים,4,ליטר,false,0,18.90,4.73,true,1,245799
253251,false,נטיפי שוקו צ'יפס לבן לאפיה,אופנהיימר,,נטיפי שוקו צ'יפס לבן לאפיה,גרמים,250,100 גרם,false,0,12.90,5.16,true,1,253251
263359,false,"האגיס little babies שלב 1 עד 6 ק""ג",האגיס Huggies,,"האגיס little babies שלב 1 עד 6 ק""ג",יחידות,40,יחידה,false,0,36.90,0.92,true,1,263359
267012,false,שקדים מולבנים שלמים,השף,,שקדים מולבנים שלמים,גרמים,100,100 גרם,false,0,10.90,10.90,true,1,267012
267029,false,שקדים מולבנים חצויים,השף,,שקדים מולבנים חצויים,גרמים,100,100 גרם,false,0,10.90,10.90,true,1,267029
267036,false,שקדים משובבים,השף,,שקדים משובבים,גרמים,100,100 גרם,false,0,10.90,10.90,true,1,267036
267043,false,שקדים מולבנים פרוסים,השף,,שקדים מולבנים פרוסים,גרמים,100,100 גרם,false,0,10.90,10.90,true,1,267043
267050,false,שקדים טבעיים טחונים לאפיה ובישול,השף,,שקדים טבעיים טחונים לאפיה ובישול,גרמים,100,100 גרם,false,0,10.90,10.90,true,1,267050
267104,false,שקדים טבעיים גרוסים,השף,,שקדים טבעיים גרוסים,גרמים,100,100 גרם,false,0,10.90,10.90,true,1,267104
267500,false,קליפות הדר מצופות בשוקולד מריר,שקדיה,,קליפות הדר מצופות בשוקולד מריר,גרמים,200,100 גרם,false,0,9.90,4.95,true,1,267500
267548,false,אגוזי מלך טחונים לאפיה ובישול,שקדיה,,אגוזי מלך טחונים לאפיה ובישול,גרמים,100,100 גרם,false,0,9.90,9.90,true,1,267548
267555,false,בוטנים טבעיים גרוסים,השף,,בוטנים טבעיים גרוסים,גרמים,100,100 גרם,false,0,4.50,4.50,true,1,267555
267586,false,גרעיני חמנייה טבעיים קלופים,השף,,גרעיני חמנייה טבעיים קלופים,גרמים,150,100 גרם,false,0,4.90,3.27,true,1,267586
267678,false,גרעיני דלעת טבעיים קלופים,שקדיה,,גרעיני דלעת טבעיים קלופים,גרמים,150,100 גרם,false,0,7.90,5.27,true,1,267678
272443,false,סירופ בטעם תפוז דיאט,עסיס,,סירופ בטעם תפוז דיאט,ליטרים,1,ליטר,false,0,16.90,16.90,true,1,272443
272467,false,סירופ בטעם פטל דיאט,עסיס,,סירופ בטעם פטל דיאט,ליטרים,1,ליטר,false,0,16.90,16.90,true,1,272467
272696,false,מיץ לימון משומר מרכז לימונים,אסם,,מיץ לימון משומר מרכז לימונים,ליטרים,1,ליטר,false,0,9.90,9.90,true,1,272696
272726,false,חומץ 5%,אסם,,חומץ 5%,ליטרים,1,ליטר,false,0,6.90,6.90,true,1,272726
286228,false,כריות לניקוי כלים עם פס הקרצוף הירוק,סנו סושי,,כריות לניקוי כלים עם פס הקרצוף הירוק,יחידות,6,יחידה,false,0,11.90,2.15,true,1,286228
286297,false,מסיר אבנית מקומקומים אנטי קאלק,סנו אנטי קאלק Anti Kalk,,מסיר אבנית מקומקומים אנטי קאלק,מליליטרים,700,"100 מ""ל",false,0,14.90,2.13,true,1,286297
286488,false,ספוג טואלט עדין Pirat,כיף,,ספוג טואלט עדין Pirat,יחידות,1,יחידה,false,0,5.90,5.90,true,1,286488
286495,false,ספוג עדין לתינוק,בייבי כיף Baby,,ספוג עדין לתינוק,,0,,false,0,5.90,0.00,true,1,286495
286501,false,ספוג רחצה מסאג',כיף,,ספוג רחצה מסאג',יחידות,1,יחידה,false,0,7.90,7.90,true,1,286501
286525,false,ספוג רחצה דו שכבתי פרינה Frina,כיף,,ספוג רחצה דו שכבתי פרינה Frina,יחידות,1,יחידה,false,0,7.90,7.90,true,1,286525
286549,false,מטליות לניקוי כללי,סנו סושי,,מטליות לניקוי כללי,יחידות,9,יחידה,false,0,12.90,1.43,true,1,286549
286594,false,אבקה לניקוי ומירוק עם כלור פעיל לחיטוי,סנו X,,אבקה לניקוי ומירוק עם כלור פעיל לחיטוי,גרמים,600,100 גרם,false,0,9.90,1.65,true,1,286594
286631,false,שקית מילוי אבקה לניקוי ומירוק,סנו X,,שקית מילוי אבקה לניקוי ומירוק,גרמים,600,100 גרם,false,0,6.90,1.15,true,1,286631
286761,false,"ניילון נצמד רוחב 30 ס""מ - מארז זוג",סנו סושי,,"ניילון נצמד רוחב 30 ס""מ - מארז זוג",יחידות,2,יחידה,false,2,11.90,6.45,true,1,286761
286877,false,אב מתכת מנקה כל סוגי המתכות,סנו,,אב מתכת מנקה כל סוגי המתכות,מליליטרים,300,"100 מ""ל",false,0,24.90,8.30,true,1,286877
286891,false,מגן קריסטל למרצפות,סנו,,מגן קריסטל למרצפות,ליטרים,1,ליטר,false,0,23.90,23.90,true,1,286891
286907,false,מסיר כתמים עם מברשת,סנו,,מסיר כתמים עם מברשת,גרמים,125,100 גרם,false,0,22.90,18.32,true,1,286907
286921,false,סנו קל רסס וכבס,סנו קל,,סנו קל רסס וכבס,מליליטרים,750,"100 מ""ל",false,0,19.90,2.65,true,1,286921
286945,false,"תרסיס לניקוי רהיטים מנקה, מבריק, מגן ודוחה אבק",סנו רהיט,,"תרסיס לניקוי רהיטים מנקה, מבריק, מגן ודוחה אבק",מליליטרים,500,"100 מ""ל",false,0,22.90,4.58,true,1,286945
287102,false,שמפו לניקוי וחיטוי שוטף של שטיחים ובדי ריפוד,סנו,,שמפו לניקוי וחיטוי שוטף של שטיחים ובדי ריפוד,מליליטרים,600,"100 מ""ל",false,0,22.90,3.82,true,1,287102
287195,false,"סנו רהיט מנקה, מבריק מגן ודוחה אבק",סנו רהיט,,"סנו רהיט מנקה, מבריק מגן ודוחה אבק",מליליטרים,300,"100 מ""ל",false,0,14.90,4.97,true,1,287195
287355,false,סופר פוליש,סנו,,סופר פוליש,ליטרים,1,ליטר,false,0,27.90,27.90,true,1,287355
287362,false,פוליויקס מנקה ומבריק רצפות,סנו פוליויקס,,פוליויקס מנקה ומבריק רצפות,ליטרים,4,ליטר,false,0,42.90,10.73,true,1,287362
287409,false,סנובון סבון אסלה בריח תות - מארז 3 יח',סנו,,סנובון סבון אסלה בריח תות - מארז 3 יח',גרמים,165,100 גרם,false,0,9.90,7.82,true,1,287409
287430,false,סנובון סבון אסלה בריח לימון - מארז 3 יח',סנו,,סנובון סבון אסלה בריח לימון - מארז 3 יח',גרמים,165,100 גרם,false,0,9.90,7.82,true,1,287430
287485,false,סנובון סבון אסלה בניחוח לובר - מארז 3 יח',סנו,,סנובון סבון אסלה בניחוח לובר - מארז 3 יח',גרמים,165,100 גרם,false,0,9.90,7.82,true,1,287485
287492,false,סנובון נוזלי הנוסחה הקלאסית בריח לימון,סנו,,סנובון נוזלי הנוסחה הקלאסית בריח לימון,מליליטרים,750,"100 מ""ל",false,0,9.90,1.72,true,1,287492
287607,false,בלו סבון אסלה היגייני למיכל הדחה,סנו,,בלו סבון אסלה היגייני למיכל הדחה,גרמים,150,100 גרם,false,0,19.90,13.27,true,1,287607
287621,false,מנקה אסלות אנטי קאלק,סנו אנטי קאלק Anti Kalk,,מנקה אסלות אנטי קאלק,מליליטרים,750,"100 מ""ל",false,0,11.90,2.25,true,1,287621
288017,false,אקונומיקה ז'אוול בריח לימון,סנו ז'אוול Javel,,אקונומיקה ז'אוול בריח לימון,ליטרים,1,ליטר,false,0,7.90,7.90,true,1,288017
288024,false,אקונומיקה ז'אוול בריח לימון,סנו ז'אוול Javel,,אקונומיקה ז'אוול בריח לימון,ליטרים,4,ליטר,false,0,16.90,4.23,true,1,288024
288031,false,אקונומיקה בעלת תו תקן,סנו,,אקונומיקה בעלת תו תקן,ליטרים,4,ליטר,false,0,12.90,3.23,true,1,288031
288048,false,קצף ניקוי בתוספת אקונומיקה ז'אוול בריח לבנדר,סנו ז'אוול Javel,,קצף ניקוי בתוספת אקונומיקה ז'אוול בריח לבנדר,ליטרים,1,ליטר,false,0,19.90,19.90,true,1,288048
288079,false,אקונומיקה ז'אוול בריח לימון,סנו ז'אוול Javel,,אקונומיקה ז'אוול בריח לימון,ליטרים,2,ליטר,false,0,13.90,6.95,true,1,288079
288086,false,אבקת ניקוי עם אקונומיקה ז'אוול,סנו ז'אוול Javel,,אבקת ניקוי עם אקונומיקה ז'אוול,גרמים,600,100 גרם,false,0,10.90,1.82,true,1,288086
288109,false,אבקת כביסה סנו מקסימה אפקט ז'אוול Javel,סנו מקסימה,,אבקת כביסה סנו מקסימה אפקט ז'אוול Javel,קילוגרמים,1,"ק""ג",false,0,18.90,15.12,true,1,288109
288253,false,K 400 קוטל זבובים ויתושים,סנו,,K 400 קוטל זבובים ויתושים,מליליטרים,630,"100 מ""ל",false,0,22.90,3.63,true,1,288253
288291,false,לוחיות אידוי סנומט דוחה יתושים,סנו,,לוחיות אידוי סנומט דוחה יתושים,יחידות,30,יחידה,false,0,9.90,0.33,true,1,288291
288307,false,סנומט דוחה יתושים באמצעות אידוי במכשיר חשמלי + 30 טבליות אידוי,סנו,,סנומט דוחה יתושים באמצעות אידוי במכשיר חשמלי + 30 טבליות אידוי,יחידות,30,יחידה,false,0,24.90,0.83,true,1,288307
288352,false,קוטל חרקים K300,סנו,,קוטל חרקים K300,מליליטרים,630,"100 מ""ל",false,0,19.90,3.16,true,1,288352
288383,false,קוטל נמלים ותיקנים K500,סנו,,קוטל נמלים ותיקנים K500,מליליטרים,400,"100 מ""ל",false,0,22.90,5.73,true,1,288383
288390,false,קוטל יבש ליתושים מזיקי ספרים וארגזים K600,סנו,,קוטל יבש ליתושים מזיקי ספרים וארגזים K600,מליליטרים,450,"100 מ""ל",false,0,22.90,5.09,true,1,288390
288413,false,רול און נגד יתושים סנו די,סנו,,רול און נגד יתושים סנו די,גרמים,50,100 גרם,false,0,19.90,39.80,true,1,288413
288420,false,ספריי דוחה יתושים ומונע עקיצות סנו די,סנו,,ספריי דוחה יתושים ומונע עקיצות סנו די,מליליטרים,175,"100 מ""ל",false,0,19.90,11.37,true,1,288420
288444,false,נוזל דוחה יתושים ומונע עקיצות סנו די,סנו,,נוזל דוחה יתושים ומונע עקיצות סנו די,גרמים,50,100 גרם,false,0,19.90,39.80,true,1,288444
288642,false,מרכך כביסה היפואלרגני סנסטיב בייבי,סנו מקסימה,,מרכך כביסה היפואלרגני סנסטיב בייבי,ליטרים,4,ליטר,false,0,22.90,5.73,true,1,288642
288659,false,סנו די נגד יתושים ג'ונגל,סנו,,סנו די נגד יתושים ג'ונגל,גרמים,50,100 גרם,false,0,19.90,39.80,true,1,288659
288727,false,אבקת כביסה סנו מקסימה בניחוח מאסק Musk,סנו מקסימה,,אבקת כביסה סנו מקסימה בניחוח מאסק Musk,קילוגרמים,1,"ק""ג",false,0,18.90,15.12,true,1,288727
288840,false,מים מזוקקים לשימוש ביתי,סנו,,מים מזוקקים לשימוש ביתי,ליטרים,2,ליטר,false,0,12.90,6.45,true,1,288840
289052,false,פוליויקס בניחוח סחלבים,סנו פוליויקס,,פוליויקס בניחוח סחלבים,ליטרים,4,ליטר,false,0,42.90,10.73,true,1,289052
289069,false,קצף ניקוי בתוספת אקונומיקה ז'אוול בריח לימון,סנו ז'אוול Javel,,קצף ניקוי בתוספת אקונומיקה ז'אוול בריח לימון,ליטרים,1,ליטר,false,0,19.90,19.90,true,1,289069
289380,false,ג'ל בתוספת אקונומיקה בניחוח לימון,סנו ז'אוול Javel,,ג'ל בתוספת אקונומיקה בניחוח לימון,מליליטרים,750,"100 מ""ל",false,0,9.90,2.12,true,1,289380
289472,false,שקיות אשפה XXL נשלפות ללא תלישה 76X90,סנו סושי,,שקיות אשפה XXL נשלפות ללא תלישה 76X90,יחידות,50,יחידה,false,0,19.90,0.40,true,1,289472
289496,false,סופר ג'ל קרם ז'אוול לניקוי כללי בתוספת אקונומיקה בריח לימון,סנו ז'אוול Javel,,סופר ג'ל קרם ז'אוול לניקוי כללי בתוספת אקונומיקה בריח לימון,מליליטרים,750,"100 מ""ל",false,0,18.90,2.52,true,1,289496
289595,false,משחת שיניים לילדים בטעם תות שדה Kids Mate,אורביטול Orbitol,,משחת שיניים לילדים בטעם תות שדה Kids Mate,גרמים,145,100 גרם,false,0,8.90,6.14,true,1,289595
289601,false,אקונומיקה ז'אוול בריח לוונדר,סנו ז'אוול Javel,,אקונומיקה ז'אוול בריח לוונדר,ליטרים,2,ליטר,false,0,13.90,6.95,true,1,289601
289748,false,קצף בריכוז גבוה להסרת שומן ולכלוך שרוף פורטה פלוס,סנו,,קצף בריכוז גבוה להסרת שומן ולכלוך שרוף פורטה פלוס,מליליטרים,750,"100 מ""ל",false,0,16.90,2.25,true,1,289748
289885,false,פרש יבש בושם לטיהור אוויר ולבישום אריגים Ocean breez,סנו פרש Fresh,,פרש יבש בושם לטיהור אוויר ולבישום אריגים Ocean breez,מליליטרים,375,"100 מ""ל",false,0,9.90,2.64,true,1,289885
289892,false,פרש יבש בושם לטיהור אוויר ולבישום אריגים Mountain spring,סנו פרש Fresh,,פרש יבש בושם לטיהור אוויר ולבישום אריגים Mountain spring,מליליטרים,375,"100 מ""ל",false,0,9.90,2.64,true,1,289892
289915,false,פרש יבש בושם לטיהור אוויר ולבישום אריגים קוקוס וניל,סנו פרש Fresh,,פרש יבש בושם לטיהור אוויר ולבישום אריגים קוקוס וניל,מליליטרים,375,"100 מ""ל",false,0,9.90,2.64,true,1,289915
291857,false,פוליויקס בניחוח גולדן סנרייז,סנו פוליויקס,,פוליויקס בניחוח גולדן סנרייז,ליטרים,2,ליטר,false,0,24.90,12.45,true,1,291857
291932,false,סנובון עם אפקט הקצף הפעיל בניחוח לבנדר,סנו,,סנובון עם אפקט הקצף הפעיל בניחוח לבנדר,מליליטרים,750,"100 מ""ל",false,0,9.90,1.72,true,1,291932
291956,false,אקונומיקה ז'אוול בריח לבנדר,סנו ז'אוול Javel,,אקונומיקה ז'אוול בריח לבנדר,ליטרים,1,ליטר,false,0,7.90,7.90,true,1,291956
291963,false,אקונומיקה ז'אוול סמיכה מבושמת,סנו ז'אוול Javel,,אקונומיקה ז'אוול סמיכה מבושמת,ליטרים,1,ליטר,false,0,7.90,7.90,true,1,291963
292137,false,תחליב לניקוי ולטיפול במוצרי עור,סנו,,תחליב לניקוי ולטיפול במוצרי עור,מליליטרים,500,"100 מ""ל",false,0,29.90,5.98,true,1,292137
292311,false,פוליויקס בניחוח סחלבים,סנו פוליויקס,,פוליויקס בניחוח סחלבים,ליטרים,2,ליטר,false,0,24.90,12.45,true,1,292311
292434,false,סנו רהיט מילוי מתז לניקוי רהיטים,סנו רהיט,,סנו רהיט מילוי מתז לניקוי רהיטים,מליליטרים,500,"100 מ""ל",false,0,12.90,2.58,true,1,292434
292502,false,תרסיס קוטל נמלים K800,סנו,,תרסיס קוטל נמלים K800,מליליטרים,300,"100 מ""ל",false,0,19.90,6.63,true,1,292502
292533,false,ג'ל לניקוי כללי על בסיס שמן אורנים טבעי,סנו,,ג'ל לניקוי כללי על בסיס שמן אורנים טבעי,ליטרים,1,ליטר,false,0,16.90,16.90,true,1,292533
292557,false,סנומט מילוי נוזלי למכשיר דוחה יתושים 45 לילות,סנו,,סנומט מילוי נוזלי למכשיר דוחה יתושים 45 לילות,מליליטרים,35,"100 מ""ל",false,0,19.90,56.86,true,1,292557
292564,false,קוטל חרקים K200,סנו,,קוטל חרקים K200,מליליטרים,750,"100 מ""ל",false,0,29.90,3.99,true,1,292564
292595,false,סופר פוליש,סנו,,סופר פוליש,ליטרים,2,ליטר,false,0,47.90,23.95,true,1,292595
292687,false,סנובון סבון אסלה כחול קלאסיק - מארז 3 יח',סנו,,סנובון סבון אסלה כחול קלאסיק - מארז 3 יח',גרמים,165,100 גרם,false,0,19.90,12.06,true,1,292687
292694,false,מגן קריסטל למרצפות,סנו,,מגן קריסטל למרצפות,ליטרים,2,ליטר,false,0,44.90,22.45,true,1,292694
292915,false,רסס ונגב,סנו,,רסס ונגב,מליליטרים,750,"100 מ""ל",false,0,19.90,2.65,true,1,292915
292939,false,אקווה בלו מבושם סבון אסלה למיכל ההדחה,סנו,,אקווה בלו מבושם סבון אסלה למיכל ההדחה,גרמים,100,100 גרם,false,0,12.90,12.90,true,1,292939
293073,false,מרכך כביסה אנטיבקטריאלי Bio,סנו מקסימה,,מרכך כביסה אנטיבקטריאלי Bio,ליטרים,4,ליטר,false,0,22.90,5.73,true,1,293073
293516,false,מתקן סופג לחות ומונע עובש,סנו,,מתקן סופג לחות ומונע עובש,יחידות,1,יחידה,false,0,27.90,27.90,true,1,293516
293530,false,שקית מילוי למתקן סופג לחות ומונע עובש,סנו,,שקית מילוי למתקן סופג לחות ומונע עובש,מליליטרים,340,"100 מ""ל",false,0,14.90,4.38,true,1,293530
293561,false,מסיר עובש,סנו,,מסיר עובש,מליליטרים,750,"100 מ""ל",false,0,19.90,2.65,true,1,293561
293820,false,שמפו וג'ל רחצה פחם פעיל ומנטול קרמה מן,קרמה Crema,,שמפו וג'ל רחצה פחם פעיל ומנטול קרמה מן,מליליטרים,700,"100 מ""ל",false,0,18.90,2.70,true,1,293820
293837,false,דאודורנט ג'ל אנטיפרספירנט פחם פעיל ומנטול,קרמה Crema,,דאודורנט ג'ל אנטיפרספירנט פחם פעיל ומנטול,מליליטרים,70,"100 מ""ל",false,0,14.90,35.57,true,1,293837
293943,false,מסיר אבנית וחלודה לשימוש כללי אנטי קאלק,סנו אנטי קאלק Anti Kalk,,מסיר אבנית וחלודה לשימוש כללי אנטי קאלק,ליטרים,1,ליטר,false,0,18.90,18.90,true,1,293943
294391,false,ג'ט לניקוי וחיטוי כללי,סנו ג'ט Jet,,ג'ט לניקוי וחיטוי כללי,ליטרים,4,ליטר,false,0,22.90,5.73,true,1,294391
294575,false,רב מגבת לשימוש רב פעמי,סנו סושי,,רב מגבת לשימוש רב פעמי,יחידות,63,יחידה,false,0,12.90,0.20,true,1,294575
294773,false,אקונומיקה ז'אוול בריח לוונדר,סנו ז'אוול Javel,,אקונומיקה ז'אוול בריח לוונדר,ליטרים,4,ליטר,false,0,16.90,4.23,true,1,294773
294780,false,אקונומיקה ז'אוול סמיכה מבושמת,סנו ז'אוול Javel,,אקונומיקה ז'אוול סמיכה מבושמת,ליטרים,4,ליטר,false,0,16.90,4.23,true,1,294780
295121,false,מטליות זיזג לניקוי רצפות,סנו סושי,,מטליות זיזג לניקוי רצפות,יחידות,3,יחידה,false,0,13.90,4.63,true,1,295121
295299,false,כריות הפלא רב תכליתיות,סנו סושי,,כריות הפלא רב תכליתיות,יחידות,4,יחידה,false,0,12.90,3.23,true,1,295299
295336,false,אבקת כביסה סנו מקסימה סנסיטיב sensitive,סנו מקסימה,,אבקת כביסה סנו מקסימה סנסיטיב sensitive,קילוגרמים,1,"ק""ג",false,0,18.90,15.12,true,1,295336
295343,false,אבקת כביסה סנו מקסימה ביו Bio לכתמים קשים,סנו מקסימה,,אבקת כביסה סנו מקסימה ביו Bio לכתמים קשים,קילוגרמים,1,"ק""ג",false,0,18.90,15.12,true,1,295343
295367,false,אבקת כביסה סנו מקסימה אפקט ז'אוול Javel,סנו מקסימה,,אבקת כביסה סנו מקסימה אפקט ז'אוול Javel,קילוגרמים,3,"ק""ג",false,0,22.90,11.96,true,1,295367
295404,false,שקיות אשפה L חזקות נשלפות עם שרוך 54X65,סנו סושי,,שקיות אשפה L חזקות נשלפות עם שרוך 54X65,יחידות,60,יחידה,false,0,22.90,0.38,true,1,295404
295503,false,שקיות אוכל נשלפות 19X25 - מארז זוג,סנו סושי,,שקיות אוכל נשלפות 19X25 - מארז זוג,יחידות,300,יחידה,false,2,14.90,0.05,true,1,295503
295541,false,רב מגבת ג'מבו לשימוש רב פעמי,סנו סושי,,רב מגבת ג'מבו לשימוש רב פעמי,יחידות,75,יחידה,false,0,17.90,0.24,true,1,295541
295558,false,"רדיד אלומיניום רוחב 30 ס""מ, 14 מיקרון - מארז זוג",סנו סושי,,"רדיד אלומיניום רוחב 30 ס""מ, 14 מיקרון - מארז זוג",,15,מטר,false,2,11.90,0.99,true,1,295558
295565,false,"רדיד אלומיניום רוחב 45 ס""מ - מארז זוג",סנו סושי,,"רדיד אלומיניום רוחב 45 ס""מ - מארז זוג",,15,מטר,false,2,16.90,1.33,true,1,295565
295572,false,מנקה אסלות 00 - מארז זוג,סנו,,מנקה אסלות 00 - מארז זוג,ליטרים,2,ליטר,false,2,18.90,12.60,true,1,295572
295749,false,ספוג רחצה סאקי מסאג',כיף,,ספוג רחצה סאקי מסאג',יחידות,1,יחידה,false,0,7.90,7.90,true,1,295749
295794,false,ספוגיות מתכת רב שימושיות,סנו סושי,,ספוגיות מתכת רב שימושיות,יחידות,3,יחידה,false,0,9.90,3.30,true,1,295794
295817,false,ניילון נצמד+,סנו סושי,,ניילון נצמד+,,300,מטר,false,0,39.90,0.20,true,1,295817
295824,false,רדיד אלומיניום אורך 100 מטר,סנו סושי,,רדיד אלומיניום אורך 100 מטר,,100,מטר,false,0,55.90,0.70,true,1,295824
299877,false,פדיסול Pedisol קרם טיפולי לכף הרגל מועשר בג'ל באלוורה,"ד""ר פישר Dr fischer",,פדיסול Pedisol קרם טיפולי לכף הרגל מועשר בג'ל באלוורה,מליליטרים,90,"100 מ""ל",false,0,22.90,25.44,true,1,299877
300900,false,שניצל תירס,טבעול,,שניצל תירס,גרמים,750,100 גרם,false,0,29.90,3.99,true,1,300900
303581,false,פול מצרי מוכן לאכילה,פרי הגליל,,פול מצרי מוכן לאכילה,גרמים,560,100 גרם,false,0,6.50,1.16,true,1,303581
303598,false,שעועית לבנה ברוטב עגבניות,פרי הגליל,,שעועית לבנה ברוטב עגבניות,גרמים,580,100 גרם,false,0,6.50,1.12,true,1,303598
303604,false,חומוס גרגרים שלם מוכן לאכילה,פרי הגליל,,חומוס גרגרים שלם מוכן לאכילה,גרמים,550,100 גרם,false,0,6.50,1.18,true,1,303604
305882,false,אס ירקות עם דגים ברוטב עגבניות פיקנטי,יונה,,אס ירקות עם דגים ברוטב עגבניות פיקנטי,גרמים,120,100 גרם,false,0,5.90,4.92,true,1,305882
307015,false,אפונת גינה בינונית,פרי הגליל,,אפונת גינה בינונית,גרמים,550,100 גרם,false,0,6.90,1.25,true,1,307015
307046,false,אפונת גינה וגזר,פרי הגליל,,אפונת גינה וגזר,גרמים,550,100 גרם,false,0,6.90,1.25,true,1,307046
307220,false,גרעיני תירס מתוק,פרי הגליל,,גרעיני תירס מתוק,גרמים,340,100 גרם,false,0,4.90,1.44,true,1,307220
307237,false,גרעיני תירס מתוק,פרי הגליל,,גרעיני תירס מתוק,גרמים,550,100 גרם,false,0,6.90,1.25,true,1,307237
307343,false,שעועית ירוקה חתוכה,פרי הגליל,,שעועית ירוקה חתוכה,גרמים,550,100 גרם,false,0,6.90,1.25,true,1,307343
307800,false,פול ירוק מוקפא,פרי הגליל,,פול ירוק מוקפא,גרמים,800,100 גרם,false,0,19.90,2.49,true,1,307800
307985,false,גרעיני תירס מתוק ללא תוספת סוכר ומלח,פרי הגליל,,גרעיני תירס מתוק ללא תוספת סוכר ומלח,גרמים,340,100 גרם,false,0,4.90,1.44,true,1,307985
311203,false,וופלים משובחים בטעם שוקולד,מן,,וופלים משובחים בטעם שוקולד,גרמים,200,100 גרם,false,0,4.30,2.15,true,1,311203
311210,false,וופלים משובחים בטעם לימון,מן,,וופלים משובחים בטעם לימון,גרמים,200,100 גרם,false,0,4.30,2.15,true,1,311210
311227,false,וופלים בטעם קפה,מן,,וופלים בטעם קפה,גרמים,200,100 גרם,false,0,4.30,2.15,true,1,311227
311234,false,וופלים משובחים בטעם וניל,מן,,וופלים משובחים בטעם וניל,גרמים,200,100 גרם,false,0,4.30,2.15,true,1,311234
311272,false,וופלים בטעם חלווה,מן,,וופלים בטעם חלווה,גרמים,180,100 גרם,false,0,4.30,2.39,true,1,311272
311432,false,עוגיות גרנולה קינמון ללא תוספת סוכר,מן,,עוגיות גרנולה קינמון ללא תוספת סוכר,גרמים,200,100 גרם,false,0,8.90,4.45,true,1,311432
311869,false,וופלים בטעם שוקולד ללא תוספת סוכר,מן,,וופלים בטעם שוקולד ללא תוספת סוכר,גרמים,180,100 גרם,false,0,7.90,4.39,true,1,311869
313160,false,זהבה ושלושת הדובים עוגיות בטעם שוקולד,אסם,,זהבה ושלושת הדובים עוגיות בטעם שוקולד,גרמים,250,100 גרם,false,0,7.90,3.16,true,1,313160
313184,false,גן חיות עוגיות בטעם וניל,אסם,,גן חיות עוגיות בטעם וניל,גרמים,250,100 גרם,false,0,7.90,3.16,true,1,313184
313290,false,נודלס אטריות מסולסלות הסדרה האסייתית,אסם,,נודלס אטריות מסולסלות הסדרה האסייתית,גרמים,200,100 גרם,false,0,9.90,4.95,true,1,313290
315126,false,ציר עוף משחתי,קנור Knorr,,ציר עוף משחתי,גרמים,300,100 גרם,false,0,24.90,8.30,true,1,315126
315133,false,ציר בקר משחתי,קנור Knorr,,ציר בקר משחתי,גרמים,300,100 גרם,false,0,24.90,8.30,true,1,315133
315140,false,קורנפלקס מלא,תלמה,,קורנפלקס מלא,גרמים,500,100 גרם,false,0,24.90,4.98,true,1,315140
318011,false,נקניקיות ענקניקיה,יחיעם,,נקניקיות ענקניקיה,גרמים,1000,100 גרם,false,0,19.90,1.99,true,1,318011
318103,true,פסטרמה ברביקיו,יחיעם,,פסטרמה ברביקיו,קילוגרמים,0,"ק""ג",true,0,85.00,0.00,true,1,318103
318127,false,נקניקיות ביס,יחיעם,,נקניקיות ביס,גרמים,380,100 גרם,false,0,9.90,2.61,true,1,318127
318165,true,פסטרמה על גחלים,יחיעם,,פסטרמה על גחלים,קילוגרמים,0,"ק""ג",true,0,85.00,0.00,true,1,318165
318479,false,נקניק פרושטו,יחיעם,,נקניק פרושטו,גרמים,100,100 גרם,false,0,24.90,24.90,true,1,318479
318493,true,נקניק כתף בקר מפולפל,יחיעם,,נקניק כתף בקר מפולפל,קילוגרמים,0,"ק""ג",true,0,139.00,0.00,true,1,318493
318530,true,נקניק רוסטביף צלי בקר,יחיעם,,נקניק רוסטביף צלי בקר,קילוגרמים,0,"ק""ג",true,0,150.00,0.00,true,1,318530
318677,false,סלמי סרוולט,יחיעם,,סלמי סרוולט,גרמים,150,100 גרם,false,0,22.90,15.27,true,1,318677
318707,false,סלמי מעושן,יחיעם,,סלמי מעושן,גרמים,500,100 גרם,false,0,29.90,5.98,true,1,318707
318806,true,נקניק סרוולד,יחיעם,,נקניק סרוולד,קילוגרמים,0,"ק""ג",true,0,150.00,0.00,true,1,318806
318882,true,נקניק מעושן איטלקי,יחיעם,,נקניק מעושן איטלקי,קילוגרמים,0,"ק""ג",true,0,80.00,0.00,true,1,318882
318929,true,נקניק סלמי צרפתי,יחיעם,,נקניק סלמי צרפתי,קילוגרמים,0,"ק""ג",true,0,150.00,0.00,true,1,318929
318943,false,פסטרמה של פעם,יחיעם,,פסטרמה של פעם,גרמים,200,100 גרם,false,0,19.90,9.95,true,1,318943
319292,false,נקניקיות וינר פלוס,יחיעם,,נקניקיות וינר פלוס,גרמים,1000,100 גרם,false,0,19.90,1.99,true,1,319292
319339,true,נקניק סלמי פרח,יחיעם,,נקניק סלמי פרח,קילוגרמים,0,"ק""ג",true,0,89.00,0.00,true,1,319339
319391,false,נקניקיות צ'ופר,יחיעם,,נקניקיות צ'ופר,גרמים,1000,100 גרם,false,0,19.90,1.99,true,1,319391
319520,false,סלמי בסגנון צרפתי,יחיעם,,סלמי בסגנון צרפתי,גרמים,100,100 גרם,false,0,16.90,16.90,true,1,319520
319704,true,נקניק כתף בקר מעושן,יחיעם,,נקניק כתף בקר מעושן,קילוגרמים,0,"ק""ג",true,0,139.00,0.00,true,1,319704
319728,true,נקניק סלמי איטלקי מפולפל,יחיעם,,נקניק סלמי איטלקי מפולפל,קילוגרמים,0,"ק""ג",true,0,80.00,0.00,true,1,319728
319759,true,נקניק סלמי תה,יחיעם,,נקניק סלמי תה,קילוגרמים,0,"ק""ג",true,0,55.00,0.00,true,1,319759
319803,false,קבנוס קלאסי,יחיעם,,קבנוס קלאסי,גרמים,125,100 גרם,false,0,12.90,10.32,true,1,319803
319834,false,קבנוס פפרוני,יחיעם,,קבנוס פפרוני,גרמים,125,100 גרם,false,0,12.90,10.32,true,1,319834
334325,false,מארז צ'יפס למיקרו,תפוגן,,מארז צ'יפס למיקרו,גרמים,375,100 גרם,false,3,11.90,3.17,true,1,334325
334684,false,טבעות בצל,תפוגן,,טבעות בצל,גרמים,700,100 גרם,false,0,14.90,2.13,true,1,334684
334745,false,צ'יפס אמריקאי דק,תפוגן,,צ'יפס אמריקאי דק,קילוגרמים,2,"ק""ג",false,0,22.90,15.27,true,1,334745
336282,false,משקה תפוח צלול,סיידר הגליל,,משקה תפוח צלול,מליליטרים,330,"100 מ""ל",false,0,7.50,2.27,true,1,336282
339191,false,אבקת הלבנה,רן Run,,אבקת הלבנה,גרמים,350,100 גרם,false,0,15.90,4.54,true,1,339191
339566,false,מרכך כביסה בדין ורוד,בדין,,מרכך כביסה בדין ורוד,ליטרים,4,ליטר,false,0,19.90,4.98,true,1,339566
339887,false,משחת קלין להדחת כלים ולניקיון כללי בריח לימון,סיף Cif,,משחת קלין להדחת כלים ולניקיון כללי בריח לימון,קילוגרמים,4,"ק""ג",false,0,31.90,9.11,true,1,339887
341071,false,מרכך כביסה היפואלרגני בייבי,בדין,,מרכך כביסה היפואלרגני בייבי,ליטרים,2,ליטר,false,0,18.90,9.45,true,1,341071
342856,false,מרכך כביסה בדין כחול,בדין,,מרכך כביסה בדין כחול,ליטרים,4,ליטר,false,0,19.90,4.98,true,1,342856
345055,false,תה עלים ארל גריי,ויסוצקי,,תה עלים ארל גריי,גרמים,100,100 גרם,false,0,12.90,12.90,true,1,345055
345116,false,תה ירוק עלים,ויסוצקי,,תה ירוק עלים,גרמים,125,100 גרם,false,0,12.90,10.32,true,1,345116
345215,false,תה ויסוצקי טעם מעודן,ויסוצקי,,תה ויסוצקי טעם מעודן,גרמים,100,100 גרם,false,100,19.90,19.90,true,1,345215
345277,false,תה ויסוצקי קלאסיק,ויסוצקי,,תה ויסוצקי קלאסיק,גרמים,75,100 גרם,false,50,11.90,15.87,true,1,345277
345291,false,תה ארל גריי,ויסוצקי,,תה ארל גריי,גרמים,38,100 גרם,false,25,13.90,37.07,true,1,345291
345307,false,תה ארל גריי,ויסוצקי,,תה ארל גריי,גרמים,75,100 גרם,false,50,24.90,33.20,true,1,345307
345536,false,תה נענע,ויסוצקי,,תה נענע,גרמים,43,100 גרם,false,0,15.90,37.41,true,1,345536
345666,false,אינגליש ברקפסט תערובת תה אנגלי מסורתי,ויסוצקי,,אינגליש ברקפסט תערובת תה אנגלי מסורתי,גרמים,50,100 גרם,false,0,13.90,27.80,true,1,345666
346021,false,חליטת קמומיל (בבונג) הגן הקסום 50 שקיקים,ויסוצקי,,חליטת קמומיל (בבונג) הגן הקסום 50 שקיקים,גרמים,75,100 גרם,false,0,29.90,39.87,true,1,346021
346120,false,חליטת צמחים קסם הקינמון,ויסוצקי,,חליטת צמחים קסם הקינמון,גרמים,63,100 גרם,false,0,16.90,27.04,true,1,346120
346137,false,חליטת פירות וצמחים הילולי פירות,ויסוצקי,,חליטת פירות וצמחים הילולי פירות,גרמים,63,100 גרם,false,0,16.90,27.04,true,1,346137
346144,false,חליטת פירות וצמחים עינוגי התפוח,ויסוצקי,,חליטת פירות וצמחים עינוגי התפוח,גרמים,68,100 גרם,false,0,16.90,25.04,true,1,346144
346168,false,חליטת שומר,ויסוצקי,,חליטת שומר,גרמים,38,100 גרם,false,0,16.90,45.07,true,1,346168
346199,false,חליטת פירות וצמחים בטעם פירות יער,ויסוצקי,,חליטת פירות וצמחים בטעם פירות יער,גרמים,68,100 גרם,false,0,16.90,25.04,true,1,346199
346205,false,חליטת קמומיל (בבונג),ויסוצקי,,חליטת קמומיל (בבונג),גרמים,38,100 גרם,false,0,16.90,45.07,true,1,346205
346212,false,חליטת מנטה,ויסוצקי,,חליטת מנטה,גרמים,50,100 גרם,false,0,16.90,33.80,true,1,346212
346229,false,חליטת ורד הבר והיביסקוס,ויסוצקי,,חליטת ורד הבר והיביסקוס,גרמים,75,100 גרם,false,0,16.90,22.53,true,1,346229
346236,false,חליטת לואיזה וורבנה,ויסוצקי,,חליטת לואיזה וורבנה,גרמים,50,100 גרם,false,0,16.90,33.80,true,1,346236
346960,false,תה נענע,ויסוצקי,,תה נענע,גרמים,85,100 גרם,false,0,27.90,32.82,true,1,346960
347202,false,תה מס' 74,ויסוצקי,,תה מס' 74,קילוגרמים,1,"ק""ג",false,0,32.90,32.90,true,1,347202
347738,false,תה ירוק נענע,ויסוצקי ירוק,,תה ירוק נענע,גרמים,38,100 גרם,false,0,22.90,61.07,true,1,347738
347752,false,תה ירוק לימונית ולואיזה,ויסוצקי ירוק,,תה ירוק לימונית ולואיזה,גרמים,38,100 גרם,false,25,22.90,61.07,true,1,347752
355382,false,עגבניות מרוסקות עם בזיליקום ועשבי תיבול,טל וטרי,,עגבניות מרוסקות עם בזיליקום ועשבי תיבול,גרמים,800,100 גרם,false,0,6.90,0.86,true,1,355382
355405,false,עגבניות מרוסקות עם בצל,טל וטרי,,עגבניות מרוסקות עם בצל,גרמים,800,100 גרם,false,0,6.90,0.86,true,1,355405
355412,false,עגבניות מרוסקות עם שום,טל וטרי,,עגבניות מרוסקות עם שום,גרמים,800,100 גרם,false,0,6.90,0.86,true,1,355412
355481,false,רוטב עגבניות מרוכז 22,טומטו Tomato,,רוטב עגבניות מרוכז 22,גרמים,570,100 גרם,false,0,4.90,0.86,true,1,355481
355498,false,רוטב עגבניות מרוכז 28-30,טומטו Tomato,,רוטב עגבניות מרוכז 28-30,גרמים,580,100 גרם,false,0,5.90,1.02,true,1,355498
355757,false,עגבניות מרוסקות רגילות,טל וטרי,,עגבניות מרוסקות רגילות,גרמים,800,100 גרם,false,0,6.90,0.86,true,1,355757
363011,true,נקניק קוניאק מובחר,טירת צבי,,נקניק קוניאק מובחר,קילוגרמים,0,"ק""ג",true,0,80.00,0.00,true,1,363011
363189,true,נקניק סרוולד,טירת צבי,,נקניק סרוולד,קילוגרמים,0,"ק""ג",true,0,160.00,0.00,true,1,363189
363202,false,סלמי גליל מעושן,טירת צבי,,סלמי גליל מעושן,גרמים,600,100 גרם,false,0,28.90,5.82,true,1,363202
363363,false,קבנוס,טירת צבי,,קבנוס,גרמים,160,100 גרם,false,0,12.90,9.31,true,1,363363
363462,true,נקניק סלמי מעושן איטלקי,טירת צבי,,נקניק סלמי מעושן איטלקי,קילוגרמים,0,"ק""ג",true,0,80.00,0.00,true,1,363462
363486,true,נקניק סלמי תה,טירת צבי,,נקניק סלמי תה,קילוגרמים,0,"ק""ג",true,0,60.00,0.00,true,1,363486
363899,false,נקניקיות פיקנטיות,טירת צבי,,נקניקיות פיקנטיות,גרמים,400,100 גרם,false,0,10.90,3.73,true,1,363899
364261,false,דקניקים סלסולי פסטרמה כתף בקר מעושנת,טירת צבי,,דקניקים סלסולי פסטרמה כתף בקר מעושנת,גרמים,120,100 גרם,false,0,12.90,12.42,true,1,364261
364278,false,דקניקים סלסולי סלמי בסגנון איטלקי,טירת צבי,,דקניקים סלסולי סלמי בסגנון איטלקי,גרמים,120,100 גרם,false,0,12.90,12.42,true,1,364278
364285,false,דקניקים סלסולי הודו אפוי,טירת צבי,,דקניקים סלסולי הודו אפוי,גרמים,120,100 גרם,false,0,12.90,12.42,true,1,364285
364292,false,דקניקים סלסולי פסטרמה הודו גחלים,טירת צבי,,דקניקים סלסולי פסטרמה הודו גחלים,גרמים,120,100 גרם,false,0,12.90,12.42,true,1,364292
364544,true,פסטרמה עוף בגריל,טירת צבי,,פסטרמה עוף בגריל,קילוגרמים,0,"ק""ג",true,0,85.00,0.00,true,1,364544
364759,false,נקניקיות וינר,טירת צבי,,נקניקיות וינר,גרמים,500,100 גרם,false,0,18.90,3.78,true,1,364759
364803,false,נקניקיות בקר בסגנון אמריקאי,טירת צבי,,נקניקיות בקר בסגנון אמריקאי,גרמים,500,100 גרם,false,0,24.90,4.98,true,1,364803
364810,false,נקניקיות מבשר עגל ובשר הודו,טירת צבי,,נקניקיות מבשר עגל ובשר הודו,גרמים,500,100 גרם,false,0,24.90,4.98,true,1,364810
364858,false,נקניקיות עוף,טירת צבי,,נקניקיות עוף,קילוגרמים,1,"ק""ג",false,0,32.90,32.90,true,1,364858
364872,false,נקניקיות עוף,טירת צבי,,נקניקיות עוף,גרמים,400,100 גרם,false,0,14.90,3.73,true,1,364872
364957,false,נקניקיות עוף מיני מיני,טירת צבי,,נקניקיות עוף מיני מיני,גרמים,700,100 גרם,false,0,24.90,3.56,true,1,364957
365046,true,נקניק כתף מעושן,טירת צבי,,נקניק כתף מעושן,קילוגרמים,0,"ק""ג",true,0,110.00,0.00,true,1,365046
365107,true,נקניק כתף מפולפל,טירת צבי,,נקניק כתף מפולפל,קילוגרמים,0,"ק""ג",true,0,110.00,0.00,true,1,365107
365398,true,נקניק חזה הודו בדבש,טירת צבי,,נקניק חזה הודו בדבש,קילוגרמים,0,"ק""ג",true,0,85.00,0.00,true,1,365398
365749,true,פסטרמה טבעית דלת שומן,טירת צבי,,פסטרמה טבעית דלת שומן,קילוגרמים,0,"ק""ג",true,0,85.00,0.00,true,1,365749
365756,true,פסטרמה על גחלים דלת שומן,טירת צבי,,פסטרמה על גחלים דלת שומן,קילוגרמים,0,"ק""ג",true,0,85.00,0.00,true,1,365756
365817,false,המבורגר קפוא,טירת צבי,,המבורגר קפוא,גרמים,500,100 גרם,false,0,19.90,3.98,true,1,365817
365909,true,פסטרמה טבעית,טירת צבי,,פסטרמה טבעית,קילוגרמים,0,"ק""ג",true,0,85.00,0.00,true,1,365909
365954,true,פסטרמה בגריל,טירת צבי,,פסטרמה בגריל,קילוגרמים,0,"ק""ג",true,0,85.00,0.00,true,1,365954
367590,false,מארז פסטרמה כפרית סלמי פריזר כפרי,טירת צבי,,מארז פסטרמה כפרית סלמי פריזר כפרי,גרמים,800,100 גרם,false,2,34.90,4.36,true,1,367590
369037,false,סלט קוביות בולגרית,הגבינות של ניצן,,סלט קוביות בולגרית,גרמים,200,100 גרם,false,0,14.90,7.45,true,1,369037
369365,false,מעדן חצילים וגבינה בולגרית למריחה,הגבינות של ניצן,,מעדן חצילים וגבינה בולגרית למריחה,גרמים,200,100 גרם,false,0,12.90,6.45,true,1,369365
369709,false,"חמאה בתוספת ריחן, שום ופפריקה",הגבינות של ניצן,,"חמאה בתוספת ריחן, שום ופפריקה",גרמים,100,100 גרם,false,0,12.90,12.90,true,1,369709
377209,false,בוטנים מטוגנים,קליית גת,,בוטנים מטוגנים,גרמים,200,100 גרם,false,0,7.90,3.95,true,1,377209
377445,false,חטיפי נשצ'אנס,קליית גת,,חטיפי נשצ'אנס,גרמים,200,100 גרם,false,0,8.90,4.45,true,1,377445
377452,false,גרעיני אבטיח קלויים ומומלחים,קליית גת,,גרעיני אבטיח קלויים ומומלחים,גרמים,200,100 גרם,false,0,13.90,6.95,true,1,377452
391182,true,בורקס פילו במילוי גבינה,בונז'ור,,בורקס פילו במילוי גבינה,קילוגרמים,0,"ק""ג",true,0,39.00,0.00,true,1,391182
408316,false,יוגורט טבעי 3%,דנונה - שטראוס,,יוגורט טבעי 3%,גרמים,200,100 גרם,false,0,3.30,1.65,true,1,408316
408354,false,יוגורט עם פצפוצי שוקולד ללא גלוטן 4.2%,דנונה - שטראוס,,יוגורט עם פצפוצי שוקולד ללא גלוטן 4.2%,גרמים,173,100 גרם,false,0,4.50,2.60,true,1,408354
412139,false,ריצפז עם שמן אורנים טבעי,סנו,,ריצפז עם שמן אורנים טבעי,ליטרים,3,ליטר,false,0,15.90,5.30,true,1,412139
412481,false,מנקה אסלות 00,סנו,,מנקה אסלות 00,ליטרים,1,ליטר,false,0,8.90,10.90,true,1,412481
412764,false,פזטוקס קוטל יתושים זבובים וחרקים מעופפים אחרים,סנו,,פזטוקס קוטל יתושים זבובים וחרקים מעופפים אחרים,מליליטרים,630,"100 מ""ל",false,0,16.90,2.68,true,1,412764
416021,false,קרם מובחר למריחה,השחר העולה,,קרם מובחר למריחה,גרמים,500,100 גרם,false,0,13.90,2.78,true,1,416021
416045,false,קרם מובחר למריחה,השחר העולה,,קרם מובחר למריחה,גרמים,1000,100 גרם,false,0,24.90,2.49,true,1,416045
416076,false,צימקאו לאכילה ציפוי ואפייה,השחר העולה,,צימקאו לאכילה ציפוי ואפייה,גרמים,400,100 גרם,false,0,12.90,3.23,true,1,416076
416618,false,קרם מובחר בטעם שוקולד פרווה מהדרין,השחר העולה,,קרם מובחר בטעם שוקולד פרווה מהדרין,גרמים,400,100 גרם,false,0,11.90,2.98,true,1,416618
416632,false,קרם מובחר בטעם שוקולד פרווה,השחר העולה,,קרם מובחר בטעם שוקולד פרווה,גרמים,1000,100 גרם,false,0,24.90,2.49,true,1,416632
416809,false,קרם למריחה וממרח חלב חצי חצי,השחר העולה,,קרם למריחה וממרח חלב חצי חצי,גרמים,350,100 גרם,false,0,11.90,3.40,true,1,416809
416854,false,קקאו,השחר העולה,,קקאו,גרמים,150,100 גרם,false,0,8.90,5.93,true,1,416854
416922,false,ממרח חלב,השחר העולה,,ממרח חלב,גרמים,350,100 גרם,false,0,11.90,3.40,true,1,416922
418131,false,תחבושת היגיינית סופר 18 יח',טופ פד,,תחבושת היגיינית סופר 18 יח',יחידות,18,יחידה,false,0,6.90,0.38,true,1,418131
419107,false,קפה שחור המקורי,קפה לנדוור,,קפה שחור המקורי,גרמים,100,100 גרם,false,0,7.90,7.90,true,1,419107
419220,false,מארז 3 יחידות קפה שחור המקורי,קפה לנדוור,,מארז 3 יחידות קפה שחור המקורי,גרמים,300,100 גרם,false,3,19.90,6.63,true,1,419220
419374,false,מארז 3 יחידות קפה שחור טחון טרי לבוקר,קפה לנדוור,,מארז 3 יחידות קפה שחור טחון טרי לבוקר,גרמים,300,100 גרם,false,3,19.90,6.63,true,1,419374
419893,false,קפה שחור טחון טרי לבוקר,קפה לנדוור,,קפה שחור טחון טרי לבוקר,גרמים,100,100 גרם,false,0,7.90,7.90,true,1,419893
419909,false,קפה שחור בטעם אספרסו,קפה לנדוור,,קפה שחור בטעם אספרסו,גרמים,100,100 גרם,false,0,7.90,7.90,true,1,419909
420325,false,פופקורן להכנה במיקרוגל בטעם טבעי 5 שקיות,פופ סטאר,,פופקורן להכנה במיקרוגל בטעם טבעי 5 שקיות,גרמים,500,100 גרם,false,0,12.90,2.58,true,1,420325
420332,false,פופקורן להכנה במיקרוגל בטעם חמאה 5 שקיות,פופ סטאר,,פופקורן להכנה במיקרוגל בטעם חמאה 5 שקיות,גרמים,500,100 גרם,false,0,12.90,2.58,true,1,420332
442013,false,תחליב רחצה אינטימי לנערות,כצט פמינה Femina,,תחליב רחצה אינטימי לנערות,מליליטרים,220,"100 מ""ל",false,0,19.90,9.05,true,1,442013
442044,false,תחליב רחצה אינטימי חמוציות,כצט פמינה Femina,,תחליב רחצה אינטימי חמוציות,מליליטרים,220,"100 מ""ל",false,0,24.90,11.32,true,1,442044
442310,false,טפטפים משחה לתינוק Baby skin,כצט CTS,,טפטפים משחה לתינוק Baby skin,מליליטרים,100,"100 מ""ל",false,0,9.90,9.90,true,1,442310
442587,false,גינקו קרם רב שימושי,גינקו סאי Ginkgo sai,,גינקו קרם רב שימושי,מליליטרים,220,"100 מ""ל",false,0,22.90,10.41,true,1,442587
446110,false,פריכיות אורז מאורז חום מלא,בטר אנד דיפרנט B&D,,פריכיות אורז מאורז חום מלא,גרמים,100,100 גרם,false,0,4.90,4.90,true,1,446110
446127,false,פריכיות אורז מאורז חום מלא ללא תוספת מלח,בטר אנד דיפרנט B&D,,פריכיות אורז מאורז חום מלא ללא תוספת מלח,גרמים,100,100 גרם,false,0,4.90,4.90,true,1,446127
446394,false,דייסת שיבולת שועל,בטר אנד דיפרנט B&D,,דייסת שיבולת שועל,גרמים,200,100 גרם,false,0,9.90,4.95,true,1,446394
446547,false,חמאת בוטנים טבעית,בטר אנד דיפרנט B&D,,חמאת בוטנים טבעית,גרמים,350,100 גרם,false,0,12.90,3.69,true,1,446547
446554,false,חמאת בוטנים טבעית,בטר אנד דיפרנט B&D,,חמאת בוטנים טבעית,גרמים,1000,100 גרם,false,0,24.90,2.49,true,1,446554
446943,false,פריכיות אורז עם כוסמת,בטר אנד דיפרנט B&D,,פריכיות אורז עם כוסמת,גרמים,100,100 גרם,false,0,4.90,4.90,true,1,446943
449128,false,תרכיז ניקוי רב תכליתי בניחוח לימון,סיף פנטסטיק Cif Fantastic,,תרכיז ניקוי רב תכליתי בניחוח לימון,ליטרים,4,ליטר,false,0,19.90,4.98,true,1,449128
450209,false,נתחי טונה בהירה בשמן,פוסידון,,נתחי טונה בהירה בשמן,גרמים,108,100 גרם,false,0,4.90,4.54,true,1,450209
450308,false,נתחי טונה בהירה במי מלח,פוסידון,,נתחי טונה בהירה במי מלח,גרמים,108,100 גרם,false,0,4.90,4.54,true,1,450308
453019,false,שמרים טריים לאפיה בגרגרים,שמרית,,שמרים טריים לאפיה בגרגרים,גרמים,50,100 גרם,false,0,4.20,8.40,true,1,453019
453125,false,שמרית שמרים + משפר אפייה,שמרית,,שמרית שמרים + משפר אפייה,גרמים,100,100 גרם,false,0,7.40,7.40,true,1,453125
453385,false,שמרים יבשים פאקא אינסטנט,,,שמרים יבשים פאקא אינסטנט,גרמים,500,100 גרם,false,0,11.90,2.38,true,1,453385
453781,false,שמרים יבשים שמרית,שמרית,,שמרים יבשים שמרית,גרמים,125,100 גרם,false,0,5.90,4.72,true,1,453781
453798,false,שמרים יבשים,שמרית,,שמרים יבשים,גרמים,500,100 גרם,false,0,14.90,2.98,true,1,453798
461625,false,בייגלה שמיניות עם מלח,בייגל בייגל BB,,בייגלה שמיניות עם מלח,גרמים,400,100 גרם,false,0,9.90,2.48,true,1,461625
461656,false,בייגלה מקלות עם מלח,בייגל בייגל BB,,בייגלה מקלות עם מלח,גרמים,400,100 גרם,false,0,9.90,2.48,true,1,461656
461793,false,בייגלה ארוך ארוך- מקלות ארוכים עם מלח,בייגל בייגל BB,,בייגלה ארוך ארוך- מקלות ארוכים עם מלח,גרמים,150,100 גרם,false,0,5.90,3.93,true,1,461793
462103,false,זחוק תימני מקורי חריף עדין,זהבי הכרם,,זחוק תימני מקורי חריף עדין,גרמים,150,100 גרם,false,0,7.90,5.27,true,1,462103
462141,false,זחוק תימני מקורי אדום חריף מאוד,זהבי הכרם,,זחוק תימני מקורי אדום חריף מאוד,גרמים,150,100 גרם,false,0,7.90,5.27,true,1,462141
462172,false,זחוק תימני מקורי ירוק חריף,זהבי הכרם,,זחוק תימני מקורי ירוק חריף,גרמים,140,100 גרם,false,0,7.90,5.64,true,1,462172
467207,true,זית חרוזית מתובל,,,זית חרוזית מתובל,קילוגרמים,0,"ק""ג",true,0,39.00,0.00,true,1,467207
467320,false,"חומוס ""אבו מרוואן""",צבר,,"חומוס ""אבו מרוואן""",גרמים,400,100 גרם,false,0,10.90,2.73,true,1,467320
469638,false,תרסיס לגיהוץ קל מריטו,מריטו Merito,,תרסיס לגיהוץ קל מריטו,מליליטרים,500,"100 מ""ל",false,0,21.90,4.38,true,1,469638
474090,false,חלב בקרטון 1%,טרה,,חלב בקרטון 1%,ליטרים,1,ליטר,false,0,5.85,5.85,true,1,474090
474373,false,שמנת 15%,טרה,,שמנת 15%,מליליטרים,200,"100 מ""ל",false,0,2.40,1.20,true,1,474373
474502,false,גבינה לבנה 5%,טרה,,גבינה לבנה 5%,גרמים,250,100 גרם,false,0,4.95,1.98,true,1,474502
474540,false,טוב טעם גבינה לבנה 3% לבישול ואפיה,טרה,,טוב טעם גבינה לבנה 3% לבישול ואפיה,גרמים,250,100 גרם,false,0,10.90,4.36,true,1,474540
474830,false,גבינת נעם מגורדת 28%,טרה,,גבינת נעם מגורדת 28%,גרמים,500,100 גרם,false,0,31.90,6.38,true,1,474830
480107,false,שיבולת שועל להכנה מהירה בפחית,קוואקר Quaker,,שיבולת שועל להכנה מהירה בפחית,גרמים,500,100 גרם,false,0,12.90,2.58,true,1,480107
480442,false,שיבולת שועל להכנה מהירה בשקית,קוואקר Quaker,,שיבולת שועל להכנה מהירה בשקית,גרמים,500,100 גרם,false,0,11.90,2.38,true,1,480442
482019,false,"שקיות צלייה L + חוטי קשירה 25/40 ס""מ",קוקי,,"שקיות צלייה L + חוטי קשירה 25/40 ס""מ",יחידות,10,יחידה,false,0,10.90,1.09,true,1,482019
482033,false,"שקיות צלייה XL + חוטי קשירה 30/50 ס""מ",קוקי,,"שקיות צלייה XL + חוטי קשירה 30/50 ס""מ",יחידות,5,יחידה,false,0,10.90,2.18,true,1,482033
483139,false,מרציפן,המרשלג,,מרציפן,גרמים,100,100 גרם,false,0,9.90,9.90,true,1,483139
483412,false,טפטופים מעורבים קישוטי עוגה מסוכר וחלבון,המרשלג,,טפטופים מעורבים קישוטי עוגה מסוכר וחלבון,גרמים,60,100 גרם,false,0,14.90,24.83,true,1,483412
483641,false,חלת מרציפן,המרשלג,,חלת מרציפן,גרמים,75,100 גרם,false,0,7.90,10.53,true,1,483641
483887,false,מרציפן ללא תוספר סוכר,המרשלג,,מרציפן ללא תוספר סוכר,גרמים,75,100 גרם,false,0,14.90,19.87,true,1,483887
484747,false,עלית הארק,,,עלית הארק,מליליטרים,700,"100 מ""ל",false,0,54.90,7.84,true,1,484747
493176,false,אבקת רוטב צלי,אסם,,אבקת רוטב צלי,גרמים,22,100 גרם,false,0,3.90,17.73,true,1,493176
493183,false,אבקת רוטב פטריות,אסם,,אבקת רוטב פטריות,גרמים,30,100 גרם,false,0,4.90,16.33,true,1,493183
497044,false,ברמן אקטיב בתוספת סיבים פרה ביוטיים,ברמן,,ברמן אקטיב בתוספת סיבים פרה ביוטיים,גרמים,750,100 גרם,false,0,13.90,1.85,true,1,497044
497112,false,לחם אחיד כהה פרוס,ברמן,,לחם אחיד כהה פרוס,גרמים,750,100 גרם,false,0,6.90,0.92,true,1,497112
497228,false,מארז 6 לחמניות,ברמן,,מארז 6 לחמניות,גרמים,450,100 גרם,false,0,10.00,2.22,true,1,497228
497273,false,מארז 6 לחמניות אקטיב,ברמן,,מארז 6 לחמניות אקטיב,גרמים,450,100 גרם,false,0,11.90,2.64,true,1,497273
497303,false,מארז 6 לחמניות מקמח מלא,ברמן,,מארז 6 לחמניות מקמח מלא,גרמים,450,100 גרם,false,0,11.90,2.64,true,1,497303
497426,false,לחם ברמן לעניין קל,ברמן,,לחם ברמן לעניין קל,גרמים,500,100 גרם,false,0,13.90,2.78,true,1,497426
497488,false,חלה קלה,ברמן,,חלה קלה,גרמים,500,100 גרם,false,0,13.90,2.78,true,1,497488
497532,false,ברמן לעניין לחם פרוס מקמח מלא עם חיטה טרום נבוטה,ברמן,,ברמן לעניין לחם פרוס מקמח מלא עם חיטה טרום נבוטה,גרמים,750,100 גרם,false,0,12.90,1.72,true,1,497532
497570,false,לחם דגני קלות,ברמן,,לחם דגני קלות,גרמים,500,100 גרם,false,0,13.90,2.78,true,1,497570
498034,false,לחם פרוס מקמח כוסמין E-FREE,ברמן,,לחם פרוס מקמח כוסמין E-FREE,גרמים,750,100 גרם,false,0,14.90,1.99,true,1,498034
504025,false,ממתיק קלאסי על בסיס סכרין - 300 טבליות,סוכרזית Sucrazit,,ממתיק קלאסי על בסיס סכרין - 300 טבליות,גרמים,24,100 גרם,false,0,7.90,32.92,true,1,504025
504049,false,סוכרזית ממתיק ללא קלוריות,סוכרזית Sucrazit,,סוכרזית ממתיק ללא קלוריות,יחידות,1200,יחידה,false,0,22.90,0.02,true,1,504049
504209,false,סוכרזית ממתיק נוזלי ללא קלוריות,סוכרזית Sucrazit,,סוכרזית ממתיק נוזלי ללא קלוריות,מליליטרים,220,"100 מ""ל",false,0,17.90,8.14,true,1,504209
504261,false,ממתיק קלאסי על בסיס סכרין כפית לכפית,סוכרזית Sucrazit,,ממתיק קלאסי על בסיס סכרין כפית לכפית,גרמים,100,100 גרם,false,0,23.90,23.90,true,1,504261
504278,false,סוכרזית ממתיק ללא קלוריות - אריזת פטנט,סוכרזית Sucrazit,,סוכרזית ממתיק ללא קלוריות - אריזת פטנט,יחידות,700,יחידה,false,0,15.90,0.02,true,1,504278
518114,false,מתוק וקל אבקה,מתוק וקל Sweet'n Low,,מתוק וקל אבקה,גרמים,200,100 גרם,false,0,6.90,3.45,true,1,518114
518121,false,מתוק וקל ממתיק דל קלוריות - שקיות,מתוק וקל Sweet'n Low,,מתוק וקל ממתיק דל קלוריות - שקיות,גרמים,50,100 גרם,false,0,4.90,9.80,true,1,518121
518169,false,מתוק וקל ממתיק דל קלוריות - טבליות,מתוק וקל Sweet'n Low,,מתוק וקל ממתיק דל קלוריות - טבליות,גרמים,80,100 גרם,false,0,7.90,9.88,true,1,518169
518176,false,מתוק וקל זהב ממתיק דל קלוריות - שקיות,מתוק וקל Sweet'n Low,,מתוק וקל זהב ממתיק דל קלוריות - שקיות,גרמים,250,100 גרם,false,0,19.90,7.96,true,1,518176
518190,false,מתוק וקל סטיביה- 100 שקיות,מתוק וקל Sweet'n Low,,מתוק וקל סטיביה- 100 שקיות,גרמים,80,100 גרם,false,0,19.90,37.38,true,1,518190
518220,false,סוכרה דיאט ממתיק דל קלוריות - שקיות,מתוק וקל Sweet'n Low,,סוכרה דיאט ממתיק דל קלוריות - שקיות,גרמים,80,100 גרם,false,0,19.90,31.13,true,1,518220
518237,false,אבקה ממתיקה לבישול ואפיה,סוכרה דיאט,,אבקה ממתיקה לבישול ואפיה,גרמים,100,100 גרם,false,0,19.90,19.90,true,1,518237
518251,false,מתוק וקל זהב ממתיק דל קלוריות - שקיות,מתוק וקל Sweet'n Low,,מתוק וקל זהב ממתיק דל קלוריות - שקיות,גרמים,100,100 גרם,false,0,11.90,11.90,true,1,518251
521008,false,יין אדום של סגל,סגל Segal,,יין אדום של סגל,מליליטרים,750,"100 מ""ל",false,0,24.90,3.32,true,1,521008
521015,false,יין לבן יבש של סגל,סגל Segal,,יין לבן יבש של סגל,מליליטרים,750,"100 מ""ל",false,0,24.90,3.32,true,1,521015
521022,false,יין לבן חצי יבש של סגל,סגל Segal,,יין לבן חצי יבש של סגל,מליליטרים,750,"100 מ""ל",false,0,24.90,3.32,true,1,521022
521404,false,יין מרום גליל קברנה סובניון,סגל Segal,,יין מרום גליל קברנה סובניון,מליליטרים,750,"100 מ""ל",false,0,49.90,6.65,true,1,521404
521411,false,יין מרום גליל מרלו,סגל Segal,,יין מרום גליל מרלו,מליליטרים,750,"100 מ""ל",false,0,49.90,6.65,true,1,521411
521428,false,מרום גליל שרדונה,סגל Segal,,מרום גליל שרדונה,מליליטרים,750,"100 מ""ל",false,0,49.90,6.65,true,1,521428
522166,false,חלב הרים טהור נטול לקטוז 3% עמיד,מחלבות רמת הגולן,,חלב הרים טהור נטול לקטוז 3% עמיד,ליטרים,1,ליטר,false,0,10.90,10.90,true,1,522166
522272,false,שמנת עמידה לקפה 10% שומן,מחלבות רמת הגולן,,שמנת עמידה לקפה 10% שומן,מליליטרים,500,"100 מ""ל",false,0,8.90,1.78,true,1,522272
523125,false,מלח ים דק,מלח הארץ,,מלח ים דק,גרמים,250,100 גרם,false,0,5.40,2.16,true,1,523125
523224,false,מלח ים דק מהים האדום,מלח הארץ,,מלח ים דק מהים האדום,גרמים,500,100 גרם,false,0,7.90,1.58,true,1,523224
523514,false,תערובת מלחים 50% פחות נתרן,מלח הארץ,,תערובת מלחים 50% פחות נתרן,גרמים,250,100 גרם,false,0,9.90,3.96,true,1,523514
523521,false,מלח ים מעושר ביוד,מלח הארץ,,מלח ים מעושר ביוד,גרמים,250,100 גרם,false,0,5.90,2.36,true,1,523521
523804,false,מלח עדין,מלח הארץ,,מלח עדין,קילוגרמים,1,"ק""ג",false,0,6.90,6.90,true,1,523804
523811,false,מלח גס,מלח הארץ,,מלח גס,קילוגרמים,1,"ק""ג",false,0,6.90,6.90,true,1,523811
525969,false,מיץ תפוזים סחוט,פרימור,,מיץ תפוזים סחוט,ליטרים,1,ליטר,false,0,15.90,15.90,true,1,525969
530024,true,נקניק תה מעושן רחב,זוגלובק,,נקניק תה מעושן רחב,קילוגרמים,0,"ק""ג",true,0,60.00,0.00,true,1,530024
530031,true,נקניק סלמי פיין,זוגלובק,,נקניק סלמי פיין,קילוגרמים,0,"ק""ג",true,0,70.00,0.00,true,1,530031
530048,true,נקניק סלמי פפרוני,זוגלובק,,נקניק סלמי פפרוני,קילוגרמים,0,"ק""ג",true,0,60.00,0.00,true,1,530048
530062,true,נקניק מעושן איטלקי,זוגלובק,,נקניק מעושן איטלקי,קילוגרמים,0,"ק""ג",true,0,85.00,0.00,true,1,530062
530086,false,סלמי מעושן 7000,זוגלובק,,סלמי מעושן 7000,גרמים,600,100 גרם,false,0,29.90,4.98,true,1,530086
530093,true,פסטרמה חרמון,זוגלובק,,פסטרמה חרמון,קילוגרמים,0,"ק""ג",true,0,55.00,0.00,true,1,530093
530109,false,זוג קבנוס במארז,זוגלובק,,זוג קבנוס במארז,גרמים,360,100 גרם,false,2,24.90,6.92,true,1,530109
530116,false,סלמי בשן,זוגלובק,,סלמי בשן,גרמים,420,100 גרם,false,0,19.90,4.74,true,1,530116
530178,true,נקניק סלמי קוניאק,זוגלובק,,נקניק סלמי קוניאק,קילוגרמים,0,"ק""ג",true,0,85.00,0.00,true,1,530178
530192,true,נקניק סרוולד,זוגלובק,,נקניק סרוולד,קילוגרמים,0,"ק""ג",true,0,160.00,0.00,true,1,530192
530260,true,נקניק מרטדלה רחב,זוגלובק,,נקניק מרטדלה רחב,קילוגרמים,0,"ק""ג",true,0,40.00,0.00,true,1,530260
530369,true,פסטרמה הודו גולן,זוגלובק,,פסטרמה הודו גולן,קילוגרמים,0,"ק""ג",true,0,85.00,0.00,true,1,530369
530413,false,המבורגר זהב קפוא,זוגלובק,,המבורגר זהב קפוא,גרמים,400,100 גרם,false,0,19.90,4.98,true,1,530413
530444,true,נקניק כתף בקר מעושן,זוגלובק,,נקניק כתף בקר מעושן,קילוגרמים,0,"ק""ג",true,0,110.00,0.00,true,1,530444
530468,false,נקניקיות וינר,זוגלובק,,נקניקיות וינר,קילוגרמים,1,"ק""ג",false,0,24.90,24.90,true,1,530468
530598,false,נקניקיות וינר,זוגלובק,,נקניקיות וינר,גרמים,500,100 גרם,false,0,12.90,2.58,true,1,530598
530703,false,מארז סלמי תה מעושן + פסטרמה חרמון הודו ועוף,זוגלובק,,מארז סלמי תה מעושן + פסטרמה חרמון הודו ועוף,גרמים,800,100 גרם,false,2,29.90,3.74,true,1,530703
530871,true,פסטרמה חזה עוף,זוגלובק,,פסטרמה חזה עוף,קילוגרמים,0,"ק""ג",true,0,85.00,0.00,true,1,530871
531410,true,פסטרמה הודו בדבש,זוגלובק,,פסטרמה הודו בדבש,קילוגרמים,0,"ק""ג",true,0,85.00,0.00,true,1,531410
531601,false,סטייק בורגר זהב קפוא,זוגלובק,,סטייק בורגר זהב קפוא,גרמים,400,100 גרם,false,0,19.90,4.98,true,1,531601
532400,true,פסטרמה חזה ברביקיו,זוגלובק,,פסטרמה חזה ברביקיו,קילוגרמים,0,"ק""ג",true,0,85.00,0.00,true,1,532400
532585,true,נקניק רוסטביף,זוגלובק,,נקניק רוסטביף,קילוגרמים,0,"ק""ג",true,0,159.00,0.00,true,1,532585
532721,true,נקניק כתף בפלפל,זוגלובק,,נקניק כתף בפלפל,קילוגרמים,0,"ק""ג",true,0,110.00,0.00,true,1,532721
533636,true,פסטרמה צלויה על לבנים,זוגלובק,,פסטרמה צלויה על לבנים,קילוגרמים,0,"ק""ג",true,0,85.00,0.00,true,1,533636
533681,true,פסטרמה מעושנת הבית,זוגלובק,,פסטרמה מעושנת הבית,קילוגרמים,0,"ק""ג",true,0,85.00,0.00,true,1,533681
534718,true,פסטרמה חזה הודו תבור,זוגלובק,,פסטרמה חזה הודו תבור,קילוגרמים,0,"ק""ג",true,0,85.00,0.00,true,1,534718
534824,true,פסטרמה הודו חרמון,זוגלובק,,פסטרמה הודו חרמון,קילוגרמים,0,"ק""ג",true,0,55.00,0.00,true,1,534824
535791,true,פסטרמה חזה בקר ניו יורק,זוגלובק,,פסטרמה חזה בקר ניו יורק,קילוגרמים,0,"ק""ג",true,0,110.00,0.00,true,1,535791
536743,false,קריספי סטיקס מקלוני תירס,זוגלובק,,קריספי סטיקס מקלוני תירס,גרמים,500,100 גרם,false,0,19.90,3.98,true,1,536743
536774,false,נקניקיות מן הצומח,זוגלובק טבע,,נקניקיות מן הצומח,גרמים,1000,100 גרם,false,0,39.90,3.99,true,1,536774
537566,false,נקניקיות עוף,זוגלובק,,נקניקיות עוף,גרמים,400,100 גרם,false,0,9.90,2.48,true,1,537566
537603,false,נקניקיות עוף,זוגלובק,,נקניקיות עוף,קילוגרמים,1,"ק""ג",false,0,24.90,24.90,true,1,537603
537610,true,נקניק סלמי עממי,זוגלובק,,נקניק סלמי עממי,קילוגרמים,0,"ק""ג",true,0,60.00,0.00,true,1,537610
538099,true,פסטרמה כפרית,זוגלובק,,פסטרמה כפרית,קילוגרמים,0,"ק""ג",true,0,85.00,0.00,true,1,538099
538709,false,סלמי תה מעושן פרוס,זוגלובק,,סלמי תה מעושן פרוס,גרמים,200,100 גרם,false,0,14.90,7.45,true,1,538709
554006,true,גבינת קשקבל 22%,מחלבות גד,,גבינת קשקבל 22%,קילוגרמים,0,"ק""ג",true,0,120.00,0.00,true,1,554006
554402,false,מעדן מלבי,מחלבות גד,,מעדן מלבי,גרמים,160,100 גרם,false,0,5.50,3.44,true,1,554402
554457,false,צפתית גבינה במליחות עדינה 5%,מחלבות גד,,צפתית גבינה במליחות עדינה 5%,גרמים,350,100 גרם,false,0,19.90,5.69,true,1,554457
554471,false,גבינת מוצרלה 22%,מחלבות גד,,גבינת מוצרלה 22%,גרמים,180,100 גרם,false,0,15.90,8.83,true,1,554471
554532,false,גבינה צפתית מעודנת 5%,מחלבות גד,,גבינה צפתית מעודנת 5%,גרמים,200,100 גרם,false,0,13.90,6.95,true,1,554532
554570,true,גבינה מסקרפונה 40%,מחלבות גד,,גבינה מסקרפונה 40%,קילוגרמים,0,"ק""ג",true,0,59.00,0.00,true,1,554570
554600,false,גבינת מוצרלה מגורדת 22%,מחלבות גד,,גבינת מוצרלה מגורדת 22%,גרמים,300,100 גרם,false,0,24.90,8.30,true,1,554600
554624,false,ירח מתוק מעדן חלב עם אורז 3%,מחלבות גד,,ירח מתוק מעדן חלב עם אורז 3%,גרמים,150,100 גרם,false,0,4.90,3.27,true,1,554624
554655,true,גבינת מוצרלה מעושנת 22%,מחלבות גד,,גבינת מוצרלה מעושנת 22%,קילוגרמים,0,"ק""ג",true,0,79.00,0.00,true,1,554655
554662,true,בולגרית למריחה,מחלבות גד,,בולגרית למריחה,קילוגרמים,0,"ק""ג",true,0,45.00,0.00,true,1,554662
554686,false,לאבנה בשמן זית וזעתר,מחלבות גד,,לאבנה בשמן זית וזעתר,גרמים,250,100 גרם,false,0,13.90,5.56,true,1,554686
554754,true,כדורי מוצרלה בייבי 18%,מחלבות גד,,כדורי מוצרלה בייבי 18%,קילוגרמים,0,"ק""ג",true,0,89.00,0.00,true,1,554754
554792,true,גבינה בולגרית מעודנת 5%,מחלבות גד,,גבינה בולגרית מעודנת 5%,קילוגרמים,0,"ק""ג",true,0,49.00,0.00,true,1,554792
554815,true,גבינת מוצרלה 22%,מחלבות גד,,גבינת מוצרלה 22%,קילוגרמים,0,"ק""ג",true,0,79.00,0.00,true,1,554815
554822,false,גבינת ריקוטה 5%,מחלבות גד,,גבינת ריקוטה 5%,גרמים,250,100 גרם,false,0,12.90,5.16,true,1,554822
554839,false,גבינת מסקרפונה 40%,מחלבות גד,,גבינת מסקרפונה 40%,גרמים,250,100 גרם,false,0,19.90,7.96,true,1,554839
554891,true,בולגרית מעודנת 16%,מחלבות גד,,בולגרית מעודנת 16%,קילוגרמים,0,"ק""ג",true,0,56.00,0.00,true,1,554891
554914,true,גבינה צפתית 5%,מחלבות גד,,גבינה צפתית 5%,קילוגרמים,0,"ק""ג",true,0,55.00,0.00,true,1,554914
554921,true,גבינת ריקוטה 5%,מחלבות גד,,גבינת ריקוטה 5%,קילוגרמים,0,"ק""ג",true,0,59.00,0.00,true,1,554921
554952,true,גבינה צפתית קשה 10%,מחלבות גד,,גבינה צפתית קשה 10%,קילוגרמים,0,"ק""ג",true,0,75.00,0.00,true,1,554952
554969,true,גבינת שמנת 30% בטעם טבעי,מחלבות גד,,גבינת שמנת 30% בטעם טבעי,קילוגרמים,0,"ק""ג",true,0,45.00,0.00,true,1,554969
554976,true,גבינת שמנת 30% עם זיתים,מחלבות גד,,גבינת שמנת 30% עם זיתים,קילוגרמים,0,"ק""ג",true,0,45.00,0.00,true,1,554976
554983,true,לאבנה,מחלבות גד,,לאבנה,קילוגרמים,0,"ק""ג",true,0,39.00,0.00,true,1,554983
554990,true,כדורי גבינת מוצרלה 18% שומן,מחלבות גד,,כדורי גבינת מוצרלה 18% שומן,קילוגרמים,0,"ק""ג",true,0,89.00,0.00,true,1,554990
560021,false,ג'ל גילוח Extra Protection,אדג' Edge,,ג'ל גילוח Extra Protection,גרמים,200,100 גרם,false,0,19.90,9.95,true,1,560021
560540,false,ג'ל גילוח Sensitive skin לגילוח קרוב,אדג' Edge,,ג'ל גילוח Sensitive skin לגילוח קרוב,גרמים,200,100 גרם,false,0,19.90,9.95,true,1,560540
560557,false,ג'ל גילוח Extra Moisrurizing,אדג' Edge,,ג'ל גילוח Extra Moisrurizing,גרמים,198,100 גרם,false,0,19.90,10.05,true,1,560557
571119,true,גבינת גאודה,המחלבה מבית יצחק,,גבינת גאודה,קילוגרמים,0,"ק""ג",true,0,99.00,0.00,true,1,571119
571126,true,גבינת גאודה כמון,המחלבה מבית יצחק,,גבינת גאודה כמון,קילוגרמים,0,"ק""ג",true,0,99.00,0.00,true,1,571126
571188,true,גבינה גאודה - תום עיזים,המחלבה מבית יצחק,,גבינה גאודה - תום עיזים,קילוגרמים,0,"ק""ג",true,0,149.00,0.00,true,1,571188
571232,false,גבינה גאודה פרוסה 30%,המחלבה מבית יצחק,,גבינה גאודה פרוסה 30%,גרמים,200,100 גרם,false,0,22.90,11.45,true,1,571232
571294,true,גבינה גאודה מעושנת,המחלבה מבית יצחק,,גבינה גאודה מעושנת,קילוגרמים,0,"ק""ג",true,0,99.00,0.00,true,1,571294
571300,false,גבינת גאודה פרוסה בטעם מעושן 30%,המחלבה מבית יצחק,,גבינת גאודה פרוסה בטעם מעושן 30%,גרמים,200,100 גרם,false,0,22.90,11.45,true,1,571300
571386,false,יוגורמה יוגורט מחלב כבשים 5%,המחלבה מבית יצחק,,יוגורמה יוגורט מחלב כבשים 5%,גרמים,850,100 גרם,false,0,24.90,2.93,true,1,571386
571393,false,יוגורמה יוגורט מחלב כבשים 5%,המחלבה מבית יצחק,,יוגורמה יוגורט מחלב כבשים 5%,גרמים,140,100 גרם,false,0,5.90,4.21,true,1,571393
571478,false,גבינת גאודה תום עיזים פרוסה 30%,המחלבה מבית יצחק,,גבינת גאודה תום עיזים פרוסה 30%,גרמים,200,100 גרם,false,0,34.90,17.45,true,1,571478
571485,false,יוגורמה משקה יוגורט מחלב עיזים 3.6%,המחלבה מבית יצחק,,יוגורמה משקה יוגורט מחלב עיזים 3.6%,גרמים,1000,100 גרם,false,0,22.90,2.29,true,1,571485
571812,false,פרמז'ן מגורד 23%,המחלבה מבית יצחק,,פרמז'ן מגורד 23%,גרמים,200,100 גרם,false,0,19.90,9.95,true,1,571812
571843,false,יוגורמה יוגורט מחלב עזים 3.6%,המחלבה מבית יצחק,,יוגורמה יוגורט מחלב עזים 3.6%,גרמים,140,100 גרם,false,0,5.90,4.21,true,1,571843
571881,false,יוגורמה יוגורט מחלב עיזים 3.6%,המחלבה מבית יצחק,,יוגורמה יוגורט מחלב עיזים 3.6%,גרמים,500,100 גרם,false,0,12.90,2.58,true,1,571881
572222,false,חלוה בטעם וניל - 50% שומשום,אחוה,,חלוה בטעם וניל - 50% שומשום,גרמים,500,100 גרם,false,0,10.90,2.18,true,1,572222
599755,false,מגב מתכת 40 עם הברגה,מ.א. ייצור ויבוא מטליות,,מגב מתכת 40 עם הברגה,,0,,false,0,11.90,0.00,true,1,599755
599953,false,מגב K-60,מ.א. ייצור ויבוא מטליות,,מגב K-60,,0,,false,0,15.90,0.00,true,1,599953
603049,false,ביצי אומגה 3 (L),תנובה,,ביצי אומגה 3 (L),יחידות,12,יחידה,false,0,18.90,1.58,true,1,603049
604121,false,ביצים (L),תנובה,,ביצים (L),יחידות,18,יחידה,false,0,18.00,1.00,true,1,604121
644783,true,נתחי פילה סלמון קפוא,תנובה,,נתחי פילה סלמון קפוא,קילוגרמים,0,"ק""ג",true,0,79.90,0.00,true,1,644783
646299,true,פילה נסיכת הנילוס קפוא,תנובה,,פילה נסיכת הנילוס קפוא,קילוגרמים,0,"ק""ג",true,0,32.90,0.00,true,1,646299
652177,true,נתחי פילה נסיכת הנילוס קפוא,תנובה,,נתחי פילה נסיכת הנילוס קפוא,קילוגרמים,0,"ק""ג",true,0,39.90,0.00,true,1,652177
652542,true,פילה אמנון קפוא 5-7,תנובה,,פילה אמנון קפוא 5-7,קילוגרמים,0,"ק""ג",true,0,32.90,0.00,true,1,652542
652894,true,סטייק טונה קפוא,תנובה,,סטייק טונה קפוא,קילוגרמים,0,"ק""ג",true,0,39.90,0.00,true,1,652894
679440,false,משחה לתינוק קמיל בלו Kamil Blue,"ד""ר פישר Dr fischer",,משחה לתינוק קמיל בלו Kamil Blue,גרמים,100,100 גרם,false,0,14.90,14.90,true,1,679440
679570,false,פדיסול Pedisol דאודורנט לכף הרגל אבקה בתרסיס,"ד""ר פישר Dr fischer",,פדיסול Pedisol דאודורנט לכף הרגל אבקה בתרסיס,מליליטרים,200,"100 מ""ל",false,0,29.90,14.95,true,1,679570
679587,false,פדיסול Pedisol קרם מרכך טיפולי לכף הרגל מונע ריח זיעה,"ד""ר פישר Dr fischer",,פדיסול Pedisol קרם מרכך טיפולי לכף הרגל מונע ריח זיעה,מליליטרים,100,"100 מ""ל",false,0,22.90,22.90,true,1,679587
684338,false,פילטר בריטה,בריטה Brita,,פילטר בריטה,יחידות,1,יחידה,false,0,34.90,34.90,true,1,684338
684345,false,שלישיית פילטר בריטה,בריטה Brita,,שלישיית פילטר בריטה,יחידות,3,יחידה,false,0,99.90,33.30,true,1,684345
688077,false,מים מינרלים פקק רגיל,מי עדן,,מים מינרלים פקק רגיל,מליליטרים,500,"100 מ""ל",false,0,2.50,0.50,true,1,688077
688084,false,מים מינרליים מי עדן פקק ספורט 0.5 ל',מי עדן,,מים מינרליים מי עדן פקק ספורט 0.5 ל',מליליטרים,500,"100 מ""ל",false,0,4.90,0.98,true,1,688084
688374,false,מים מינרלים שישייה בקבוק אישי בייבי,מי עדן,,מים מינרלים שישייה בקבוק אישי בייבי,ליטרים,2,ליטר,false,6,14.90,7.53,true,1,688374
688381,false,מים מינרליים מי עדן פקק ספורט 0.5 ל' שישייה,מי עדן,,מים מינרליים מי עדן פקק ספורט 0.5 ל' שישייה,ליטרים,3,ליטר,false,6,12.90,4.30,true,1,688381
688503,false,מים מינרליים מי עדן 0.75 ל' שישייה,מי עדן,,מים מינרליים מי עדן 0.75 ל' שישייה,ליטרים,5,ליטר,false,6,14.90,3.31,true,1,688503
692203,false,נוזל לניקוי כללי ולרצפה לימון,אג'קס Ajax,,נוזל לניקוי כללי ולרצפה לימון,ליטרים,2,ליטר,false,0,22.90,11.45,true,1,692203
692210,false,נוזל לניקוי כללי ורצפה לבנדר,אג'קס Ajax,,נוזל לניקוי כללי ורצפה לבנדר,ליטרים,2,ליטר,false,0,22.90,11.45,true,1,692210
692227,false,נוזל כלים קלאסי,פלמוליב Palmolive,,נוזל כלים קלאסי,ליטרים,1,ליטר,false,0,13.90,13.90,true,1,692227
692456,false,נוזל לניקוי חלונות - מארז זוג,אג'קס Ajax,,נוזל לניקוי חלונות - מארז זוג,ליטרים,2,ליטר,false,2,25.90,17.27,true,1,692456
803067,false,משחת שיניים לילדים בגילאי 2-6,אלמקס,,משחת שיניים לילדים בגילאי 2-6,מליליטרים,75,"100 מ""ל",false,0,15.90,21.20,true,1,803067
803180,false,שטיפת פה מסייעת לטיפול ולהתחדשות חניכיים רגישות,מרידול Meridol,,שטיפת פה מסייעת לטיפול ולהתחדשות חניכיים רגישות,מליליטרים,400,"100 מ""ל",false,0,29.90,7.48,true,1,803180
804484,false,שטיפת פה להגנה מפני עששת,אלמקס,,שטיפת פה להגנה מפני עששת,מליליטרים,400,"100 מ""ל",false,0,24.90,7.48,true,1,804484
900049,true,גולאש עגל טרי,חצי חינם,,גולאש עגל טרי,קילוגרמים,0,"ק""ג",true,0,99.00,0.00,true,1,900049
900193,true,גבינת עמק 28%,תנובה,,גבינת עמק 28%,קילוגרמים,0,"ק""ג",true,0,44.75,0.00,true,1,900193
900230,true,גבינת גלבוע 22%,גלבוע - תנובה,,גבינת גלבוע 22%,קילוגרמים,0,"ק""ג",true,0,42.55,0.00,true,1,900230
900254,true,שניצל הודו פרוס טרי (לא ניתן לספק טחון),,,שניצל הודו פרוס טרי (לא ניתן לספק טחון),קילוגרמים,0,"ק""ג",true,0,39.90,0.00,true,1,900254
900438,true,מלפפון במלח,,,מלפפון במלח,קילוגרמים,0,"ק""ג",true,0,35.00,0.00,true,1,900438
900629,true,חצילים כבושים,,,חצילים כבושים,קילוגרמים,0,"ק""ג",true,0,35.00,0.00,true,1,900629
900667,true,זית ירוק ענק,,,זית ירוק ענק,קילוגרמים,0,"ק""ג",true,0,49.00,0.00,true,1,900667
900728,true,פלפל סודני,,,פלפל סודני,קילוגרמים,0,"ק""ג",true,0,35.00,0.00,true,1,900728
900841,true,ירקות מעורבים,,,ירקות מעורבים,קילוגרמים,0,"ק""ג",true,0,35.00,0.00,true,1,900841
900971,true,אגוז מוסקט טחון,,,אגוז מוסקט טחון,קילוגרמים,0,"ק""ג",true,0,140.00,0.00,true,1,900971
901886,true,אורגנו,,,אורגנו,קילוגרמים,0,"ק""ג",true,0,29.00,0.00,true,1,901886
903309,true,טבעות זיתים ירוקים/ שחורים,,,טבעות זיתים ירוקים/ שחורים,קילוגרמים,0,"ק""ג",true,0,42.00,0.00,true,1,903309
907970,true,נקניק פסטרמה כפרית,טירת צבי,,נקניק פסטרמה כפרית,קילוגרמים,0,"ק""ג",true,0,55.00,0.00,true,1,907970
910354,true,פפריקה מתוקה מעושנת,,,פפריקה מתוקה מעושנת,קילוגרמים,0,"ק""ג",true,0,49.00,0.00,true,1,910354
920568,true,סודה לשתיה,,,סודה לשתיה,קילוגרמים,0,"ק""ג",true,0,10.00,0.00,true,1,920568
930039,true,בצל שבבים,,,בצל שבבים,קילוגרמים,0,"ק""ג",true,0,39.00,0.00,true,1,930039
935423,true,עגבניות מיובשות,,,עגבניות מיובשות,קילוגרמים,0,"ק""ג",true,0,49.00,0.00,true,1,935423
935546,true,סלט כרוב מתוק,,,סלט כרוב מתוק,קילוגרמים,0,"ק""ג",true,0,29.00,0.00,true,1,935546
935553,true,סלט כרוב חריף,,,סלט כרוב חריף,קילוגרמים,0,"ק""ג",true,0,29.00,0.00,true,1,935553
940052,true,זעתר,,,זעתר,קילוגרמים,0,"ק""ג",true,0,35.00,0.00,true,1,940052
940083,true,חוויג למרק,,,חוויג למרק,קילוגרמים,0,"ק""ג",true,0,39.00,0.00,true,1,940083
943015,true,כוסברה טחונה,,,כוסברה טחונה,קילוגרמים,0,"ק""ג",true,0,19.00,0.00,true,1,943015
943046,true,כורכום טחון,,,כורכום טחון,קילוגרמים,0,"ק""ג",true,0,29.00,0.00,true,1,943046
943053,true,כמון,,,כמון,קילוגרמים,0,"ק""ג",true,0,49.00,0.00,true,1,943053
943169,true,זיתים סורי שלם,,,זיתים סורי שלם,קילוגרמים,0,"ק""ג",true,0,39.00,0.00,true,1,943169
945347,true,זית קלמטה מגולען,,,זית קלמטה מגולען,קילוגרמים,0,"ק""ג",true,0,42.00,0.00,true,1,945347
960005,true,זית שחור יבש,,,זית שחור יבש,קילוגרמים,0,"ק""ג",true,0,42.00,0.00,true,1,960005
960111,true,מלח לימון,,,מלח לימון,קילוגרמים,0,"ק""ג",true,0,19.00,0.00,true,1,960111
960159,true,סומק,,,סומק,קילוגרמים,0,"ק""ג",true,0,30.00,0.00,true,1,960159
960272,true,פלפל לבן,,,פלפל לבן,קילוגרמים,0,"ק""ג",true,0,120.00,0.00,true,1,960272
960326,true,פלפל שחור גרוס,,,פלפל שחור גרוס,קילוגרמים,0,"ק""ג",true,0,99.00,0.00,true,1,960326
960333,true,פלפל שחור,,,פלפל שחור,קילוגרמים,0,"ק""ג",true,0,90.00,0.00,true,1,960333
960388,true,פפריקה מתוקה / גסה / בשמן,,,פפריקה מתוקה / גסה / בשמן,קילוגרמים,0,"ק""ג",true,0,35.00,0.00,true,1,960388
960441,true,פפריקה חריפה,,,פפריקה חריפה,קילוגרמים,0,"ק""ג",true,0,35.00,0.00,true,1,960441
961217,true,קינמון טחון,,,קינמון טחון,קילוגרמים,0,"ק""ג",true,0,25.00,0.00,true,1,961217
961262,true,מקלות קינמון,,,מקלות קינמון,קילוגרמים,0,"ק""ג",true,0,39.00,0.00,true,1,961262
961279,true,קצח,,,קצח,קילוגרמים,0,"ק""ג",true,0,35.00,0.00,true,1,961279
961309,true,פלפל שאטה טחון,,,פלפל שאטה טחון,קילוגרמים,0,"ק""ג",true,0,29.00,0.00,true,1,961309
961866,true,שווארמה הודו קוביות/ רצועות טרי (לא ניתן לספק טחון),,,שווארמה הודו קוביות/ רצועות טרי (לא ניתן לספק טחון),קילוגרמים,0,"ק""ג",true,0,89.90,0.00,true,1,961866
964966,true,פלפל שיפקה,,,פלפל שיפקה,קילוגרמים,0,"ק""ג",true,0,29.00,0.00,true,1,964966
970509,true,פלפל שאטה גרוס,,,פלפל שאטה גרוס,קילוגרמים,0,"ק""ג",true,0,35.00,0.00,true,1,970509
975801,true,עגבניות כבושות אדומות ירוקות,,,עגבניות כבושות אדומות ירוקות,קילוגרמים,0,"ק""ג",true,0,25.00,0.00,true,1,975801
975856,true,עגבניות שרי כבושות אדומות ירוקות,,,עגבניות שרי כבושות אדומות ירוקות,קילוגרמים,0,"ק""ג",true,0,19.00,0.00,true,1,975856
979038,true,לואיזה,,,לואיזה,קילוגרמים,0,"ק""ג",true,0,99.00,0.00,true,1,979038
979083,true,תבלין ראס אל חנות,,,תבלין ראס אל חנות,קילוגרמים,0,"ק""ג",true,0,49.00,0.00,true,1,979083
980065,true,פישתן,,,פישתן,קילוגרמים,0,"ק""ג",true,0,19.00,0.00,true,1,980065
980140,true,זית שחור ענק,,,זית שחור ענק,קילוגרמים,0,"ק""ג",true,0,35.00,0.00,true,1,980140
980157,true,פרג שלם,,,פרג שלם,קילוגרמים,0,"ק""ג",true,0,29.00,0.00,true,1,980157
980232,true,שום פרוס / שום גבישי,,,שום פרוס / שום גבישי,קילוגרמים,0,"ק""ג",true,0,60.00,0.00,true,1,980232
980300,true,תערובת לאורז,,,תערובת לאורז,קילוגרמים,0,"ק""ג",true,0,49.00,0.00,true,1,980300
980386,true,תבלין לגריל עוף,,,תבלין לגריל עוף,קילוגרמים,0,"ק""ג",true,0,39.00,0.00,true,1,980386
980393,true,תבלין לדגים,,,תבלין לדגים,קילוגרמים,0,"ק""ג",true,0,39.00,0.00,true,1,980393
980492,true,זיתים טבעיים,,,זיתים טבעיים,קילוגרמים,0,"ק""ג",true,0,49.00,0.00,true,1,980492
980553,true,זית סורי שבור,,,זית סורי שבור,קילוגרמים,0,"ק""ג",true,0,42.00,0.00,true,1,980553
980560,true,בהרט,,,בהרט,קילוגרמים,0,"ק""ג",true,0,49.00,0.00,true,1,980560
980669,true,תבלין פלדלפיה,,,תבלין פלדלפיה,קילוגרמים,0,"ק""ג",true,0,39.00,0.00,true,1,980669
980744,true,זית מנזלינו,,,זית מנזלינו,קילוגרמים,0,"ק""ג",true,0,35.00,0.00,true,1,980744
981369,true,פלפל ציפקונית,,,פלפל ציפקונית,קילוגרמים,0,"ק""ג",true,0,42.00,0.00,true,1,981369
981789,true,זיתים סופר ממוט,,,זיתים סופר ממוט,קילוגרמים,0,"ק""ג",true,0,59.00,0.00,true,1,981789
982168,true,סינטה טרי,חצי חינם,,סינטה טרי,קילוגרמים,0,"ק""ג",true,0,99.00,0.00,true,1,982168
982236,true,חלבה במשקל בטעם לבחירה,,,חלבה במשקל בטעם לבחירה,קילוגרמים,0,"ק""ג",true,0,49.00,0.00,true,1,982236
987040,true,זיתים חרוזית ירוק,,,זיתים חרוזית ירוק,קילוגרמים,0,"ק""ג",true,0,35.00,0.00,true,1,987040
988030,true,זיתים חרוזית שחור,,,זיתים חרוזית שחור,קילוגרמים,0,"ק""ג",true,0,42.00,0.00,true,1,988030
988573,true,ירך הודו טרי,,,ירך הודו טרי,קילוגרמים,0,"ק""ג",true,0,59.90,0.00,true,1,988573
988733,true,עמבה הודית,,,עמבה הודית,קילוגרמים,0,"ק""ג",true,0,35.00,0.00,true,1,988733
990019,true,לימון פרוס,,,לימון פרוס,קילוגרמים,0,"ק""ג",true,0,42.00,0.00,true,1,990019
990040,true,רוזמרין עלים,,,רוזמרין עלים,קילוגרמים,0,"ק""ג",true,0,20.00,0.00,true,1,990040
990903,true,זית מרינט חתוך,,,זית מרינט חתוך,קילוגרמים,0,"ק""ג",true,0,35.00,0.00,true,1,990903
995014,true,זיתים מעדן,,,זיתים מעדן,קילוגרמים,0,"ק""ג",true,0,35.00,0.00,true,1,995014
995038,true,זית טאסוס קטן,,,זית טאסוס קטן,קילוגרמים,0,"ק""ג",true,0,49.00,0.00,true,1,995038
995045,true,זית קלמטה קולסול,,,זית קלמטה קולסול,קילוגרמים,0,"ק""ג",true,0,59.00,0.00,true,1,995045
995052,true,זית יווני מגולען,,,זית יווני מגולען,קילוגרמים,0,"ק""ג",true,0,59.00,0.00,true,1,995052
995069,true,חרוזית שחור,,,חרוזית שחור,קילוגרמים,0,"ק""ג",true,0,59.00,0.00,true,1,995069
995076,true,זית יווני שחור,,,זית יווני שחור,קילוגרמים,0,"ק""ג",true,0,59.00,0.00,true,1,995076
995328,true,זיתים סנטה,,,זיתים סנטה,קילוגרמים,0,"ק""ג",true,0,42.00,0.00,true,1,995328
995458,true,סלט כרוב גזר,,,סלט כרוב גזר,קילוגרמים,0,"ק""ג",true,0,29.00,0.00,true,1,995458
995489,true,סלט כרוב שמיר,,,סלט כרוב שמיר,קילוגרמים,0,"ק""ג",true,0,29.00,0.00,true,1,995489
1006822,true,פטינה בסגנון פטה מעודנת 21% שומן,ארלה Arla,,פטינה בסגנון פטה מעודנת 21% שומן,קילוגרמים,0,"ק""ג",true,0,24.00,0.00,true,1,1006822
1041017,false,חוויאג' תימני,מיה,,חוויאג' תימני,גרמים,50,100 גרם,false,0,6.90,13.80,true,1,1041017
1041048,false,תבלין על האש,מיה,,תבלין על האש,גרמים,50,100 גרם,false,0,6.90,13.80,true,1,1041048
1041123,false,שקדים מולבנים פרוסים,מיה,,שקדים מולבנים פרוסים,גרמים,100,100 גרם,false,0,10.90,10.90,true,1,1041123
1041277,false,פירורי לחם,מיה,,פירורי לחם,גרמים,400,100 גרם,false,0,3.90,0.98,true,1,1041277
1041635,false,פירורי לחם מוזהבים,מיה,,פירורי לחם מוזהבים,גרמים,200,100 גרם,false,0,2.90,1.45,true,1,1041635
1041994,false,סוכר דמררה,מיה,,סוכר דמררה,קילוגרמים,1,"ק""ג",false,0,12.90,12.90,true,1,1041994
1045169,false,מיץ תפוחים מרכז,פרימור,,מיץ תפוחים מרכז,ליטרים,1,ליטר,false,0,15.90,15.90,true,1,1045169
1052044,false,קציצות בורגול וירקות,חמים וטעים,,קציצות בורגול וירקות,גרמים,500,100 גרם,false,0,24.90,4.98,true,1,1052044
1052051,false,קציצות עדשים וירקות,חמים וטעים,,קציצות עדשים וירקות,גרמים,500,100 גרם,false,0,24.90,4.98,true,1,1052051
1052068,false,קציצות קינואה וחמוציות,חמים וטעים,,קציצות קינואה וחמוציות,גרמים,500,100 גרם,false,0,24.90,4.98,true,1,1052068
1121023,true,פסטרמה של פעם,יחיעם,,פסטרמה של פעם,קילוגרמים,0,"ק""ג",true,0,85.00,0.00,true,1,1121023
1121054,false,נקניק צמד חמד - מעודנת עם פפריקה וסלמי תה,יחיעם,,נקניק צמד חמד - מעודנת עם פפריקה וסלמי תה,גרמים,700,100 גרם,false,2,24.90,3.56,true,1,1121054
1121146,true,פסטרמה הודו מעושנת,יחיעם,,פסטרמה הודו מעושנת,קילוגרמים,0,"ק""ג",true,0,85.00,0.00,true,1,1121146
1121238,false,קורנדביף,יחיעם,,קורנדביף,גרמים,180,100 גרם,false,0,22.90,12.72,true,1,1121238
1121672,false,פסטרמה מעודנת עם פפריקה,יחיעם,,פסטרמה מעודנת עם פפריקה,גרמים,300,100 גרם,false,0,24.90,8.30,true,1,1121672
1121979,false,סלמי הרץ,יחיעם,,סלמי הרץ,גרמים,150,100 גרם,false,0,22.90,15.27,true,1,1121979
1125953,true,דג אמנון טרי,,,דג אמנון טרי,קילוגרמים,0,"ק""ג",true,0,39.90,0.00,true,1,1125953
1127018,true,דג דניס טרי,,,דג דניס טרי,קילוגרמים,0,"ק""ג",true,0,69.90,0.00,true,1,1127018
1127049,true,דג קרפיון טרי,,,דג קרפיון טרי,קילוגרמים,0,"ק""ג",true,0,29.90,0.00,true,1,1127049
1127193,true,דג בורי טרי גדול,,,דג בורי טרי גדול,קילוגרמים,0,"ק""ג",true,0,59.90,0.00,true,1,1127193
1129524,true,דג לברק טרי,,,דג לברק טרי,קילוגרמים,0,"ק""ג",true,0,69.00,0.00,true,1,1129524
1129784,true,דג בס טרי,,,דג בס טרי,קילוגרמים,0,"ק""ג",true,0,59.90,0.00,true,1,1129784
1129845,true,דג ברמונדי טרי,,,דג ברמונדי טרי,קילוגרמים,0,"ק""ג",true,0,69.90,0.00,true,1,1129845
1133835,true,מוח עגל טרי,,,מוח עגל טרי,קילוגרמים,0,"ק""ג",true,0,149.00,0.00,true,1,1133835
1136287,false,שמפו לשיער רגיל,נקה 7,,שמפו לשיער רגיל,מליליטרים,750,"100 מ""ל",false,0,11.90,1.59,true,1,1136287
1136294,false,שמפו לשיער יבש,נקה 7,,שמפו לשיער יבש,מליליטרים,750,"100 מ""ל",false,0,11.90,1.59,true,1,1136294
1136300,false,שמפו ומרכך 2 ב-1 לכל סוגי השיער,נקה 7,,שמפו ומרכך 2 ב-1 לכל סוגי השיער,מליליטרים,750,"100 מ""ל",false,0,11.90,1.59,true,1,1136300
1136362,false,תחליב רחצה אלוורה ותה ירוק,נקה 7,,תחליב רחצה אלוורה ותה ירוק,ליטרים,1,ליטר,false,0,14.90,14.90,true,1,1136362
1136683,false,מרכך לשיער רגיל,נקה 7,,מרכך לשיער רגיל,מליליטרים,750,"100 מ""ל",false,0,11.90,1.59,true,1,1136683
1136799,false,תחליב רחצה ורד ויסמין,נקה 7,,תחליב רחצה ורד ויסמין,ליטרים,1,ליטר,false,0,14.90,14.90,true,1,1136799
1136973,false,תחליב רחצה קמומיל,נקה 7,,תחליב רחצה קמומיל,ליטרים,1,ליטר,false,0,14.90,14.90,true,1,1136973
1208168,false,קבוקים,חצי חינם,,קבוקים,גרמים,250,100 גרם,false,0,5.90,2.36,true,1,1208168
1208496,false,אפונה מטוגנת,חצי חינם,,אפונה מטוגנת,גרמים,200,100 גרם,false,0,7.90,3.95,true,1,1208496
1247068,false,משקה בטעם תות בננה,ספרינג,,משקה בטעם תות בננה,ליטרים,1,ליטר,false,0,6.60,6.60,true,1,1247068
1247082,false,מיץ עגבניות - עשוי מתרכיז עגבניות בתוספת מלח,ספרינג,,מיץ עגבניות - עשוי מתרכיז עגבניות בתוספת מלח,ליטרים,1,ליטר,false,0,6.60,6.60,true,1,1247082
1247099,false,נקטר מנגו,ספרינג,,נקטר מנגו,ליטרים,1,ליטר,false,0,6.60,6.60,true,1,1247099
1247105,false,משקה בטעם אפרסק,ספרינג,,משקה בטעם אפרסק,ליטרים,1,ליטר,false,0,6.60,6.60,true,1,1247105
1247112,false,משקה בטעם לימונענע,ספרינג,,משקה בטעם לימונענע,ליטרים,1,ליטר,false,0,6.60,6.60,true,1,1247112
1247129,false,נקטר תפוזים,ספרינג,,נקטר תפוזים,ליטרים,1,ליטר,false,0,6.60,6.60,true,1,1247129
1247143,false,נקטר תפוחים,ספרינג,,נקטר תפוחים,ליטרים,1,ליטר,false,0,6.60,6.60,true,1,1247143
1258118,true,גבינת קממבר בקר,משק יעקבס,,גבינת קממבר בקר,קילוגרמים,0,"ק""ג",true,0,99.00,0.00,true,1,1258118
1258170,true,גבינת רוקפור,משק יעקבס,,גבינת רוקפור,קילוגרמים,0,"ק""ג",true,0,129.00,0.00,true,1,1258170
1258217,true,גבינת לאבנה עיזים,משק יעקבס,,גבינת לאבנה עיזים,קילוגרמים,0,"ק""ג",true,0,49.00,0.00,true,1,1258217
1258439,true,גבינת עיזים למריחה עז-מה,משק יעקבס,,גבינת עיזים למריחה עז-מה,קילוגרמים,0,"ק""ג",true,0,49.00,0.00,true,1,1258439
1258446,false,יוגורט כבשים 5% טבעי,משק יעקבס,,יוגורט כבשים 5% טבעי,מליליטרים,850,"100 מ""ל",false,0,19.90,2.34,true,1,1258446
1258576,false,גבינת גאודה,משק יעקבס,,גבינת גאודה,גרמים,180,100 גרם,false,0,19.90,11.06,true,1,1258576
1258668,false,עז-מה גבינת עיזים למריחה 5%,משק יעקבס,,עז-מה גבינת עיזים למריחה 5%,גרמים,250,100 גרם,false,0,15.90,6.36,true,1,1258668
1258682,false,יוגורט עיזים 3.5%,משק יעקבס,,יוגורט עיזים 3.5%,מליליטרים,500,"100 מ""ל",false,0,14.90,2.98,true,1,1258682
1258729,false,לאבנה עיזים 5%,משק יעקבס,,לאבנה עיזים 5%,גרמים,250,100 גרם,false,0,13.90,6.36,true,1,1258729
1258798,false,פטה כבשים 20%,משק יעקבס,,פטה כבשים 20%,גרמים,180,100 גרם,false,0,24.90,13.83,true,1,1258798
1258989,true,גבינת קממברט בקר בייבי,משק יעקבס,,גבינת קממברט בקר בייבי,קילוגרמים,0,"ק""ג",true,0,89.00,0.00,true,1,1258989
1305058,false,תחליב רחצה חלב ודבש,פלמוליב Palmolive,,תחליב רחצה חלב ודבש,מליליטרים,500,"100 מ""ל",false,0,15.90,3.18,true,1,1305058
1305188,false,נוזל לניקוי כלים פלמוליב פריחת הלימון,פלמוליב Palmolive,,נוזל לניקוי כלים פלמוליב פריחת הלימון,מליליטרים,750,"100 מ""ל",false,0,9.90,1.59,true,1,1305188
1338155,false,סקין גארד קרם הגנה לפנים SPF 50,קרליין Careline,,סקין גארד קרם הגנה לפנים SPF 50,מליליטרים,60,"100 מ""ל",false,0,19.90,66.50,true,1,1338155
1343845,false,גרנולה עם פירות יבשים ומסוכרים,שקדיה,,גרנולה עם פירות יבשים ומסוכרים,גרמים,1000,100 גרם,false,0,19.90,1.99,true,1,1343845
1407127,false,פרוסות חלבה וניל,בארכה,,פרוסות חלבה וניל,גרמים,400,100 גרם,false,0,12.90,3.23,true,1,1407127
1407134,false,פרוסות חלבה וניל קקאו עם פולי קקאו,בארכה,,פרוסות חלבה וניל קקאו עם פולי קקאו,גרמים,400,100 גרם,false,0,12.90,3.23,true,1,1407134
1407547,false,טחינה משומשום מלא פי 6 סידן,בארכה,,טחינה משומשום מלא פי 6 סידן,גרמים,500,100 גרם,false,0,13.90,2.78,true,1,1407547
1407769,false,טחינה משומשום מלא,בארכה,,טחינה משומשום מלא,גרמים,500,100 גרם,false,0,13.90,2.78,true,1,1407769
1407813,false,חלבה שאמית וניל עם פיסטוק במרקם מעודן,בארכה,,חלבה שאמית וניל עם פיסטוק במרקם מעודן,גרמים,350,100 גרם,false,0,15.90,4.54,true,1,1407813
1407844,false,חלבה קלאסית בטעם וניל,בארכה,,חלבה קלאסית בטעם וניל,גרמים,350,100 גרם,false,0,15.90,4.54,true,1,1407844
1407936,false,טחינה גולמית מעודנת,בארכה,,טחינה גולמית מעודנת,גרמים,310,100 גרם,false,0,11.90,3.84,true,1,1407936
1419618,false,וופל קראנצ' במילוי בטעם שוקולד,עלמה,,וופל קראנצ' במילוי בטעם שוקולד,גרמים,200,100 גרם,false,0,2.90,1.45,true,1,1419618
1419793,false,גביעי גלידה מגולגלים 12 יח',עלמה,,גביעי גלידה מגולגלים 12 יח',גרמים,132,100 גרם,false,0,10.90,8.26,true,1,1419793
1419892,false,וופלים בטעם לימון,עלמה,,וופלים בטעם לימון,גרמים,200,100 גרם,false,0,2.90,1.45,true,1,1419892
1439074,false,מארז ספוגי רחצה,מוסקו,,מארז ספוגי רחצה,יחידות,3,יחידה,false,0,11.90,3.97,true,1,1439074
1461105,false,לחם מחמצת לבן,רוסטיק Rustic,,לחם מחמצת לבן,גרמים,500,100 גרם,false,0,16.90,3.38,true,1,1461105
1461112,false,לחם מחמצת דגנים,רוסטיק Rustic,,לחם מחמצת דגנים,גרמים,500,100 גרם,false,0,16.90,3.38,true,1,1461112
1461457,false,בגט רוסטיק מקמח מלא,פילסברי Pillsbury,,בגט רוסטיק מקמח מלא,,0,,false,0,7.90,0.00,true,1,1461457
1468272,false,פלסטרים בגדלים ובצורות שונות,אלפא Alfa,,פלסטרים בגדלים ובצורות שונות,יחידות,50,יחידה,false,0,6.90,0.14,true,1,1468272
1468319,false,לימונלה מיץ לימון/ליים,נאמן,,לימונלה מיץ לימון/ליים,מליליטרים,200,"100 מ""ל",false,0,5.90,2.95,true,1,1468319
1468753,false,קמח תפוחי אדמה,נאמן,,קמח תפוחי אדמה,גרמים,500,100 גרם,false,0,5.90,1.18,true,1,1468753
1468890,false,אלכוהול 70%,אלפא Alfa,,אלכוהול 70%,מליליטרים,100,"100 מ""ל",false,0,5.90,5.90,true,1,1468890
1476208,true,גבינת ברי פקאן,מחלבות גד,,גבינת ברי פקאן,קילוגרמים,0,"ק""ג",true,0,130.00,0.00,true,1,1476208
1482094,false,משולש פרמז'נו Emma,וילי פוד,,משולש פרמז'נו Emma,גרמים,200,100 גרם,false,0,19.90,9.95,true,1,1482094
1482384,false,חתיכות אננס בסירופ קל,וילי פוד,,חתיכות אננס בסירופ קל,גרמים,227,100 גרם,false,0,3.90,1.72,true,1,1482384
1482506,false,חומץ בלסמי ממודנה,וילי פוד,,חומץ בלסמי ממודנה,מליליטרים,500,"100 מ""ל",false,0,19.90,3.98,true,1,1482506
1485019,false,קרם גבינת שמנת בטעם טבעי 5%,טרה,,קרם גבינת שמנת בטעם טבעי 5%,גרמים,200,100 גרם,false,0,10.90,5.45,true,1,1485019
1485026,false,קרם גבינת שמנת עם זיתים 5%,טרה,,קרם גבינת שמנת עם זיתים 5%,גרמים,200,100 גרם,false,0,10.90,5.45,true,1,1485026
1491010,false,תה ירוק יסמין,ויסוצקי ירוק,,תה ירוק יסמין,גרמים,38,100 גרם,false,25,22.90,61.07,true,1,1491010
1491096,false,תה ירוק לימונית ולואיזה,ויסוצקי ירוק,,תה ירוק לימונית ולואיזה,גרמים,75,100 גרם,false,50,39.90,53.20,true,1,1491096
1507018,false,גליליות אורגניות מקמח מלא במילוי קרם חרובים,השדה מוצרים אורגניים,,גליליות אורגניות מקמח מלא במילוי קרם חרובים,גרמים,100,100 גרם,false,0,12.90,12.90,true,1,1507018
1507063,false,פתיבר אורגני מקמח מלא,השדה מוצרים אורגניים,,פתיבר אורגני מקמח מלא,גרמים,200,100 גרם,false,0,7.90,3.95,true,1,1507063
1507070,false,פתי בר חרובים אורגני,השדה מוצרים אורגניים,,פתי בר חרובים אורגני,גרמים,200,100 גרם,false,0,7.90,3.95,true,1,1507070
1507353,false,פתיתים אורגניים מקמח מלא,השדה מוצרים אורגניים,,פתיתים אורגניים מקמח מלא,גרמים,500,100 גרם,false,0,14.90,2.98,true,1,1507353
1515310,false,שישייה כריות קרצוף איכותיות,סקוטצ' ברייט Scotch Brite,,שישייה כריות קרצוף איכותיות,יחידות,6,יחידה,false,0,12.90,2.15,true,1,1515310
1515631,false,ספוגי קרצוף קשיחים וארוכים,סקוטצ' ברייט Scotch Brite,,ספוגי קרצוף קשיחים וארוכים,יחידות,3,יחידה,false,0,7.90,2.63,true,1,1515631
1532065,true,דג טונה מעושן חם ארוז,הרמס דגים,,דג טונה מעושן חם ארוז,קילוגרמים,0,"ק""ג",true,0,129.00,0.00,true,1,1532065
1532157,true,פילה הרינג בשמן,,,פילה הרינג בשמן,קילוגרמים,0,"ק""ג",true,0,45.00,0.00,true,1,1532157
1532164,true,פילה הרינג כבוש,הרמס דגים,,פילה הרינג כבוש,קילוגרמים,0,"ק""ג",true,0,45.00,0.00,true,1,1532164
1532317,true,מקרל בשמן,,,מקרל בשמן,קילוגרמים,0,"ק""ג",true,0,89.00,0.00,true,1,1532317
1552025,false,הקוסקוס של אמא מטעמי פאר,,,הקוסקוס של אמא מטעמי פאר,גרמים,800,100 גרם,false,0,14.90,1.86,true,1,1552025
1567555,false,פסטרמה מעודנת עם דבש,יחיעם,,פסטרמה מעודנת עם דבש,גרמים,300,100 גרם,false,0,24.90,8.30,true,1,1567555
1567708,false,נקניקיות וינר ללא חומרים משמרים,יחיעם,,נקניקיות וינר ללא חומרים משמרים,גרמים,400,100 גרם,false,0,9.90,2.48,true,1,1567708
1567791,false,פסטרמה בסגנון רומני,יחיעם,,פסטרמה בסגנון רומני,גרמים,250,100 גרם,false,0,24.90,9.96,true,1,1567791
1567807,false,כתף בקר מעושן,יחיעם,,כתף בקר מעושן,גרמים,250,100 גרם,false,0,27.90,11.16,true,1,1567807
1589342,false,אנתוש דוחה יתושים,ספירה Spira,,אנתוש דוחה יתושים,מליליטרים,70,"100 מ""ל",false,0,11.90,17.00,true,1,1589342
1594025,false,קוקה קולה קלאסי בקבוק זכוכית -מינימום לקניה 24 יח',קוקה קולה Coca Cola,,קוקה קולה קלאסי בקבוק זכוכית -מינימום לקניה 24 יח',מליליטרים,350,"100 מ""ל",false,0,5.90,1.69,true,1,1594025
1594032,false,קוקה קולה דיאט בקבוק זכוכית -מינימום לקניה 24 יח',קוקה קולה Coca Cola,,קוקה קולה דיאט בקבוק זכוכית -מינימום לקניה 24 יח',מליליטרים,350,"100 מ""ל",false,0,5.90,1.69,true,1,1594032
1594155,false,קוקה קולה קלאסי,קוקה קולה Coca Cola,,קוקה קולה קלאסי,מליליטרים,500,"100 מ""ל",false,0,6.90,1.38,true,1,1594155
1594179,false,פאנטה אורנג',פאנטה Fanta,,פאנטה אורנג',מליליטרים,500,"100 מ""ל",false,0,6.90,1.38,true,1,1594179
1594186,false,קוקה קולה דיאט,קוקה קולה Coca Cola,,קוקה קולה דיאט,מליליטרים,500,"100 מ""ל",false,0,6.90,1.38,true,1,1594186
1594230,false,סודה,קינלי Kinley,,סודה,מליליטרים,250,"100 מ""ל",false,0,4.00,1.60,true,1,1594230
1594520,false,בירה טובורג רד,טובורג Tuborg,,בירה טובורג רד,מליליטרים,330,"100 מ""ל",false,0,6.90,2.09,true,1,1594520
1594544,false,בירה מאלט שחורה בקבוק זכוכית,מאלטי,,בירה מאלט שחורה בקבוק זכוכית,מליליטרים,330,"100 מ""ל",false,0,5.90,1.79,true,1,1594544
1594568,false,בירה קרלסברג פחית,קרלסברג Carlsberg,,בירה קרלסברג פחית,מליליטרים,500,"100 מ""ל",false,0,7.90,1.58,true,1,1594568
1594575,false,בירה טובורג רד פחית,טובורג Tuborg,,בירה טובורג רד פחית,מליליטרים,500,"100 מ""ל",false,0,7.90,1.58,true,1,1594575
1594810,false,בירה מאלט שחורה שישייה,מאלטי,,בירה מאלט שחורה שישייה,ליטרים,2,ליטר,false,6,24.90,14.60,true,1,1594810
1594858,false,בירה טובורג רד שישייה,טובורג Tuborg,,בירה טובורג רד שישייה,ליטרים,2,ליטר,false,6,29.90,20.15,true,1,1594858
1594865,false,בירה קרלסברג שישייה,קרלסברג Carlsberg,,בירה קרלסברג שישייה,ליטרים,2,ליטר,false,6,32.90,20.15,true,1,1594865
1664353,true,גב עוף טרי,,,גב עוף טרי,קילוגרמים,0,"ק""ג",true,0,4.90,0.00,true,1,1664353
1664360,true,עצמות בקר טרי,,,עצמות בקר טרי,קילוגרמים,0,"ק""ג",true,0,39.90,0.00,true,1,1664360
1664384,true,פילה עגל טרי,,,פילה עגל טרי,קילוגרמים,0,"ק""ג",true,0,220.00,0.00,true,1,1664384
1664391,true,כנפיים עוף+ניקיון טרי,חצי חינם,,כנפיים עוף+ניקיון טרי,קילוגרמים,0,"ק""ג",true,0,14.90,0.00,true,1,1664391
1664445,true,לשון עגל טרי,,,לשון עגל טרי,קילוגרמים,0,"ק""ג",true,0,49.00,0.00,true,1,1664445
1664520,true,כתף כבש טרי,,,כתף כבש טרי,קילוגרמים,0,"ק""ג",true,0,89.90,0.00,true,1,1664520
1664537,true,"חזה כבש טרי ע""ע",,,"חזה כבש טרי ע""ע",קילוגרמים,0,"ק""ג",true,0,69.90,0.00,true,1,1664537
1664544,true,צלעות כבש טרי,,,צלעות כבש טרי,קילוגרמים,0,"ק""ג",true,0,199.00,0.00,true,1,1664544
1664551,true,צוואר כבש טרי,,,צוואר כבש טרי,קילוגרמים,0,"ק""ג",true,0,89.90,0.00,true,1,1664551
1664919,true,סטייק פרגיות טרי,,,סטייק פרגיות טרי,קילוגרמים,0,"ק""ג",true,0,79.90,0.00,true,1,1664919
1664964,true,קוביות חזה עוף טרי (לא ניתן לספק טחון),,,קוביות חזה עוף טרי (לא ניתן לספק טחון),קילוגרמים,0,"ק""ג",true,0,44.90,0.00,true,1,1664964
1670224,false,מלית פרג,הנמל,,מלית פרג,גרמים,400,100 גרם,false,0,10.90,2.73,true,1,1670224
1670354,false,מפת שולחן ארוכה במיוחד סופגת במיוחד 137X274,הנמל,,מפת שולחן ארוכה במיוחד סופגת במיוחד 137X274,,0,,false,0,9.90,0.00,true,1,1670354
1670514,false,מלית אוכמניות,הנמל,,מלית אוכמניות,גרמים,400,100 גרם,false,0,10.90,2.73,true,1,1670514
1670521,false,מלית תפוח עץ וקינמון,הנמל,,מלית תפוח עץ וקינמון,גרמים,400,100 גרם,false,0,10.90,2.73,true,1,1670521
1670668,false,שקיות להכנת קוביות קרח מהדרין,הנמל,,שקיות להכנת קוביות קרח מהדרין,יחידות,12,יחידה,false,0,3.90,0.33,true,1,1670668
1670736,false,כפפות ניילון,הנמל,,כפפות ניילון,יחידות,100,יחידה,false,0,4.90,0.05,true,1,1670736
1670842,false,ממרח בטעם חלבה,הנמל,,ממרח בטעם חלבה,גרמים,400,100 גרם,false,0,10.90,2.73,true,1,1670842
1670859,false,מלית דובדבנים,הנמל,,מלית דובדבנים,גרמים,400,100 גרם,false,0,10.90,2.73,true,1,1670859
1670873,false,"צלחות עבות במיוחד 1 ק""ג",הנמל,,"צלחות עבות במיוחד 1 ק""ג",יחידות,66,יחידה,false,0,39.90,0.60,true,1,1670873
1791356,false,"מטהר אוויר פרש אוטומטיק ספרי 250 מ""ל",סנו פרש Fresh,,"מטהר אוויר פרש אוטומטיק ספרי 250 מ""ל",מליליטרים,250,"100 מ""ל",false,0,12.90,7.96,true,1,1791356
1791363,false,מילוי מטהר אוויר בניחוח וניל,סנו פרש Fresh,,מילוי מטהר אוויר בניחוח וניל,מליליטרים,250,"100 מ""ל",false,0,12.90,7.96,true,1,1791363
1791776,false,סנו די רול און פלוס אלוורה,סנו,,סנו די רול און פלוס אלוורה,מליליטרים,50,"100 מ""ל",false,0,19.90,39.80,true,1,1791776
1817377,false,צ'יטוס אפוי איקס עיגול בטעם פיצה,עלית,,צ'יטוס אפוי איקס עיגול בטעם פיצה,גרמים,60,100 גרם,false,0,3.50,5.83,true,1,1817377
1817728,false,צ'יטוס אפוי כאפה בטעם קטשופ,עלית,,צ'יטוס אפוי כאפה בטעם קטשופ,גרמים,55,100 גרם,false,0,3.50,6.36,true,1,1817728
1892008,false,לחם שיפון פרוס בסגנון סקנדינבי,מאפיית פולנסקי,,לחם שיפון פרוס בסגנון סקנדינבי,גרמים,700,100 גרם,false,0,11.90,1.70,true,1,1892008
1892015,false,לחם בורדינסקי עם כוסברה,מאפיית פולנסקי,,לחם בורדינסקי עם כוסברה,גרמים,700,100 גרם,false,0,11.90,1.70,true,1,1892015
1892060,false,לחם שיפון פרוס,מאפיית פולנסקי,,לחם שיפון פרוס,גרמים,650,100 גרם,false,0,11.90,1.83,true,1,1892060
1892077,false,לחם שיפון לבחירה: כפרי/ רוסי/ אוקראיני,מאפיית פולנסקי,,לחם שיפון לבחירה: כפרי/ רוסי/ אוקראיני,גרמים,700,100 גרם,false,0,11.90,1.70,true,1,1892077
1892084,false,לחם חיטה נבוטה,מאפיית פולנסקי,,לחם חיטה נבוטה,גרמים,700,100 גרם,false,0,11.90,1.70,true,1,1892084
1892145,false,לחם סנדוויץ לבן לטוסט,מאפיית פולנסקי,,לחם סנדוויץ לבן לטוסט,גרמים,700,100 גרם,false,0,11.90,1.70,true,1,1892145
1901656,false,קציצות בסגנון געפילטע פיש עם דגים,היימיש פיש,,קציצות בסגנון געפילטע פיש עם דגים,גרמים,560,100 גרם,false,0,10.90,1.95,true,1,1901656
1901670,false,געפילטע פיש גולד ללא תוספת סוכר 4 קציצות,הדג המיוחד,,געפילטע פיש גולד ללא תוספת סוכר 4 קציצות,גרמים,510,100 גרם,false,0,15.90,3.12,true,1,1901670
1902028,false,לחם זיתים,גידרון,,לחם זיתים,,0,,false,0,12.90,0.00,true,1,1902028
1902134,false,לחם איטלקי לבן (ברקוד קצר 172),גידרון,,לחם איטלקי לבן (ברקוד קצר 172),,0,,false,0,6.90,0.00,true,1,1902134
1946015,false,אריסה מתוקה,תבליני ביטון מאיר,,אריסה מתוקה,גרמים,250,100 גרם,false,0,12.90,5.16,true,1,1946015
1946046,false,עמבה,תבליני ביטון מאיר,,עמבה,גרמים,250,100 גרם,false,0,12.90,5.16,true,1,1946046
1946077,false,אריסה חריפה חריף פיקנטי,תבליני ביטון מאיר,,אריסה חריפה חריף פיקנטי,גרמים,250,100 גרם,false,0,12.90,5.16,true,1,1946077
1946114,false,סחוג אדום,תבליני ביטון מאיר,,סחוג אדום,גרמים,150,100 גרם,false,0,9.90,6.60,true,1,1946114
1946237,false,פלפל צ'ומה,תבליני ביטון מאיר,,פלפל צ'ומה,גרמים,250,100 גרם,false,0,12.90,5.16,true,1,1946237
1946299,false,סחוג תימני חריף פיקנטי,תבליני ביטון מאיר,,סחוג תימני חריף פיקנטי,גרמים,250,100 גרם,false,0,12.90,5.16,true,1,1946299
1946503,false,שום כתוש,תבליני ביטון מאיר,,שום כתוש,גרמים,250,100 גרם,false,0,12.90,5.16,true,1,1946503
1946725,false,לימון בלאדי,תבליני ביטון מאיר,,לימון בלאדי,גרמים,250,100 גרם,false,0,12.90,5.16,true,1,1946725
1946749,false,סחוג ירוק,תבליני ביטון מאיר,,סחוג ירוק,גרמים,150,100 גרם,false,0,9.90,6.60,true,1,1946749
1973233,false,מגבונים עדינים Kamil Blue,"ד""ר פישר Dr fischer",,מגבונים עדינים Kamil Blue,יחידות,120,יחידה,false,0,12.90,0.11,true,1,1973233
1973332,false,מגבוני פנים לתינוק Sensitive Kamil Blue,"ד""ר פישר Dr fischer",,מגבוני פנים לתינוק Sensitive Kamil Blue,יחידות,60,יחידה,false,0,6.90,0.12,true,1,1973332
1973363,false,מגבונים עדינים Sensitive Kamil Blue to-go,"ד""ר פישר Dr fischer",,מגבונים עדינים Sensitive Kamil Blue to-go,יחידות,30,יחידה,false,0,6.90,0.23,true,1,1973363
1990148,false,סוכר גולדן קלאסי,סוגת,,סוכר גולדן קלאסי,קילוגרמים,1,"ק""ג",false,0,12.90,12.90,true,1,1990148
2000136,false,הדבש שעווה לחימום במיקרוגל,מגע המשי,,הדבש שעווה לחימום במיקרוגל,גרמים,500,100 גרם,false,0,16.90,3.38,true,1,2000136
2000143,false,קרם ידיים קלאסי פנגאל,פנג'ל Fenjal,,קרם ידיים קלאסי פנגאל,מליליטרים,80,"100 מ""ל",false,0,6.90,8.63,true,1,2000143
2000266,false,התפוח שעווה לחימום במיקרוגל,מגע המשי,,התפוח שעווה לחימום במיקרוגל,גרמים,500,100 גרם,false,0,16.90,3.38,true,1,2000266
2001782,false,קרם לכף הרגל פנגאל פלוס,פנג'ל Fenjal,,קרם לכף הרגל פנגאל פלוס,גרמים,100,100 גרם,false,0,14.90,14.90,true,1,2001782
2002611,false,הדבש שעווה קרה להסרת שיער,מגע המשי,,הדבש שעווה קרה להסרת שיער,גרמים,500,100 גרם,false,0,16.90,3.38,true,1,2002611
2002635,false,הדבש שעווה להסרת שיער מהפנים וממקומות רגישים,מגע המשי,,הדבש שעווה להסרת שיער מהפנים וממקומות רגישים,גרמים,80,100 גרם,false,0,14.90,18.63,true,1,2002635
2002857,false,ניירות להסרת שיער בשעווה+ מקלון מריחה,מגע המשי,,ניירות להסרת שיער בשעווה+ מקלון מריחה,יחידות,50,יחידה,false,0,18.90,0.38,true,1,2002857
2007029,false,קוקוס טחון,הנמל,,קוקוס טחון,גרמים,100,100 גרם,false,0,3.90,3.90,true,1,2007029
2007234,false,אבקת סוכר,הנמל,,אבקת סוכר,גרמים,100,100 גרם,false,0,1.90,1.90,true,1,2007234
2007241,false,סודה לשתיה,הנמל,,סודה לשתיה,גרמים,50,100 גרם,false,0,1.90,3.80,true,1,2007241
2007357,false,שקיות לצלייה לתנור ולמיקרוגל,הנמל,,שקיות לצלייה לתנור ולמיקרוגל,יחידות,10,יחידה,false,0,4.90,0.49,true,1,2007357
2007487,false,צמר פלדה יעיל ומשובח מהדרין,הנמל,,צמר פלדה יעיל ומשובח מהדרין,גרמים,100,100 גרם,false,0,2.90,0.03,true,1,2007487
2007500,false,קיסמי שיניים,הנמל,,קיסמי שיניים,יחידות,500,יחידה,false,0,3.80,0.01,true,1,2007500
2007623,false,כוסות יין חד פעמיות,הנמל,,כוסות יין חד פעמיות,יחידות,50,יחידה,false,0,4.90,0.10,true,1,2007623
2007715,false,סיר אלומיניום + מכסה 5.3 ליטר,הנמל,,סיר אלומיניום + מכסה 5.3 ליטר,,0,,false,0,14.90,0.00,true,1,2007715
2007746,false,צבע מאכל כחול,הנמל,,צבע מאכל כחול,מליליטרים,55,"100 מ""ל",false,0,2.90,5.27,true,1,2007746
2007821,false,צבע מאכל אדום,הנמל,,צבע מאכל אדום,מליליטרים,55,"100 מ""ל",false,0,2.90,5.27,true,1,2007821
2007852,false,תמצית אפיה בטעם וניל,הנמל,,תמצית אפיה בטעם וניל,מליליטרים,55,"100 מ""ל",false,0,2.90,5.27,true,1,2007852
2008057,false,תמצית אפיה בטעם רום,הנמל,,תמצית אפיה בטעם רום,מליליטרים,55,"100 מ""ל",false,0,2.90,5.27,true,1,2008057
2008071,false,גביעי נייר גודל 2,הנמל,,גביעי נייר גודל 2,יחידות,130,יחידה,false,0,3.90,0.03,true,1,2008071
2008118,false,צימרוני עץ,הנמל,,צימרוני עץ,יחידות,100,יחידה,false,0,1.00,0.01,true,1,2008118
2008156,false,גביעי נייר גודל 5,הנמל,,גביעי נייר גודל 5,יחידות,130,יחידה,false,0,4.90,0.04,true,1,2008156
2008170,false,גביעי נייר גודל 3,הנמל,,גביעי נייר גודל 3,יחידות,130,יחידה,false,0,3.90,0.03,true,1,2008170
2008187,false,קשים מתקפלים לשתיה,הנמל,,קשים מתקפלים לשתיה,יחידות,40,יחידה,false,0,1.50,0.04,true,1,2008187
2008224,false,סוכריות לקישוט צבעוני,הנמל,,סוכריות לקישוט צבעוני,גרמים,60,100 גרם,false,0,4.90,8.17,true,1,2008224
2008262,false,מצע לירקות ופירות,הנמל,,מצע לירקות ופירות,יחידות,1,יחידה,false,0,9.90,9.90,true,1,2008262
2008309,false,גביעי נייר גודל 4,הנמל,,גביעי נייר גודל 4,יחידות,130,יחידה,false,0,4.90,0.04,true,1,2008309
2008354,false,מפות שולחן בגליל 135X240,הנמל,,מפות שולחן בגליל 135X240,יחידות,8,יחידה,false,0,7.90,0.99,true,1,2008354
2008439,false,סנדוויץ' נייר שעווה משובח לעטיפת סנדוויצ'ים,הנמל,,סנדוויץ' נייר שעווה משובח לעטיפת סנדוויצ'ים,יחידות,100,יחידה,false,0,5.90,0.06,true,1,2008439
2008460,false,גביעי נייר גודל 1.5,הנמל,,גביעי נייר גודל 1.5,יחידות,130,יחידה,false,0,2.90,0.02,true,1,2008460
2008491,false,סוכריות לקישוט בטעם שוקולד,הנמל,,סוכריות לקישוט בטעם שוקולד,גרמים,100,100 גרם,false,0,4.90,4.90,true,1,2008491
2008507,false,"נייר אפיה 50 יח' 38X42 ס""מ",הנמל,,"נייר אפיה 50 יח' 38X42 ס""מ",יחידות,50,יחידה,false,0,8.90,0.18,true,1,2008507
2008743,false,סוכר וניל,הנמל,,סוכר וניל,גרמים,100,100 גרם,false,10,1.90,1.90,true,1,2008743
2008750,false,אבקת אפיה,הנמל,,אבקת אפיה,גרמים,100,100 גרם,false,10,1.90,1.90,true,1,2008750
2008835,false,מגש הכסף שומר כיריים מהדרין,הנמל,,מגש הכסף שומר כיריים מהדרין,יחידות,4,יחידה,false,0,4.90,1.23,true,1,2008835
2008927,false,סוכריות לקישוט שחור לבן,הנמל,,סוכריות לקישוט שחור לבן,גרמים,100,100 גרם,false,0,4.90,4.90,true,1,2008927
2008989,false,קישקשים קשים גמישים מאיכות מעולה,הנמל,,קישקשים קשים גמישים מאיכות מעולה,יחידות,225,יחידה,false,0,7.90,0.04,true,1,2008989
2013006,true,פסטרמה מקסיקנית,זוגלובק,,פסטרמה מקסיקנית,קילוגרמים,0,"ק""ג",true,0,85.00,0.00,true,1,2013006
2013037,true,פסטרמה פרגיות על לבנים,זוגלובק,,פסטרמה פרגיות על לבנים,קילוגרמים,0,"ק""ג",true,0,85.00,0.00,true,1,2013037
2013174,true,פסטרמה של פעם,זוגלובק,,פסטרמה של פעם,קילוגרמים,0,"ק""ג",true,0,85.00,0.00,true,1,2013174
2022152,false,מרשמלו ורוד לבן,כרמית,,מרשמלו ורוד לבן,גרמים,100,100 גרם,false,0,3.00,3.00,true,1,2022152
2022923,false,סוכריות על מקל בטעם תות,כרמית,,סוכריות על מקל בטעם תות,גרמים,450,100 גרם,false,0,18.90,4.20,true,1,2022923
2026341,false,צ'יפס בטטה טוגני בטטה מוקפאים,אריסטו קראנץ' Aristo Crunch,,צ'יפס בטטה טוגני בטטה מוקפאים,גרמים,500,100 גרם,false,0,14.90,2.98,true,1,2026341
2026358,false,צ'יפס בטטה זיגזג טוגני בטטה עבים מוקפאים,אריסטו קראנץ' Aristo Crunch,,צ'יפס בטטה זיגזג טוגני בטטה עבים מוקפאים,גרמים,500,100 גרם,false,0,14.90,2.98,true,1,2026358
2026365,false,טבעות בצל טוגני טבעות בצל מצופים,אריסטו קראנץ' Aristo Crunch,,טבעות בצל טוגני טבעות בצל מצופים,גרמים,500,100 גרם,false,0,9.90,1.98,true,1,2026365
2026402,false,בלינצ'ס גבינה חם מהמקפיא,בראנץ' אנד קראנץ Brunch& Crunch,,בלינצ'ס גבינה חם מהמקפיא,גרמים,350,100 גרם,false,0,15.90,4.54,true,1,2026402
2026440,false,פרצל חם מהמקפיא,בראנץ' אנד קראנץ Brunch& Crunch,,פרצל חם מהמקפיא,גרמים,280,100 גרם,false,0,15.90,5.68,true,1,2026440
2037040,false,חלה קלה,מאפיית ודש,,חלה קלה,גרמים,500,100 גרם,false,0,13.90,2.78,true,1,2037040
2037057,false,לחם לבן פרוס,מאפיית ודש,,לחם לבן פרוס,גרמים,500,100 גרם,false,0,5.90,1.18,true,1,2037057
2037125,false,חלה פרוסה,מאפיית ודש,,חלה פרוסה,גרמים,500,100 גרם,false,0,8.90,1.78,true,1,2037125
2037163,false,לחם אחיד פרוס,מאפיית ודש,,לחם אחיד פרוס,גרמים,750,100 גרם,false,0,6.90,0.92,true,1,2037163
2037194,false,לחם שחור מקמח מלא,מאפיית ודש,,לחם שחור מקמח מלא,גרמים,750,100 גרם,false,0,12.90,1.72,true,1,2037194
2037309,false,שמונה לחמניות המבורגר,מאפיית ודש,,שמונה לחמניות המבורגר,גרמים,450,100 גרם,false,0,12.90,2.87,true,1,2037309
2037569,false,מארז באניס 6 לחמניות חצויות,מאפיית ודש,,מארז באניס 6 לחמניות חצויות,גרמים,450,100 גרם,false,0,12.90,2.87,true,1,2037569
2037637,false,לחמניות הבית 4 מאפים מתוקים,מאפיית ודש,,לחמניות הבית 4 מאפים מתוקים,גרמים,360,100 גרם,false,0,12.90,3.58,true,1,2037637
2040019,false,קוסקוס רגיל,קוסקוס מזון,,קוסקוס רגיל,גרמים,350,100 גרם,false,0,5.50,1.57,true,1,2040019
2040064,false,קוסקוס דק,קוסקוס מזון,,קוסקוס דק,גרמים,350,100 גרם,false,0,5.50,1.57,true,1,2040064
2040071,false,קוסקוס עבה,קוסקוס מזון,,קוסקוס עבה,גרמים,350,100 גרם,false,0,5.50,1.57,true,1,2040071
2040088,false,קוסקוס מלא,קוסקוס מזון,,קוסקוס מלא,גרמים,350,100 גרם,false,0,6.50,1.86,true,1,2040088
2041009,false,קרם דאודורנט לבית שחי היפואלרגני,חלאבין Halvin,,קרם דאודורנט לבית שחי היפואלרגני,גרמים,10,100 גרם,false,0,39.90,399.00,true,1,2041009
2041368,false,דאודורנט ספריי מיד נייט Mid night,חלאבין Halvin,,דאודורנט ספריי מיד נייט Mid night,מליליטרים,150,"100 מ""ל",false,0,14.90,9.93,true,1,2041368
2041801,false,תחליב גוף לאב ליין Love line,חלאבין Halvin,,תחליב גוף לאב ליין Love line,מליליטרים,275,"100 מ""ל",false,0,44.90,16.33,true,1,2041801
2041818,false,דאודורנט רול און מיד נייט Mid night,חלאבין Halvin,,דאודורנט רול און מיד נייט Mid night,מליליטרים,80,"100 מ""ל",false,0,14.90,18.63,true,1,2041818
2041832,false,דאודורנט רול און לאב ליין Love line,חלאבין Halvin,,דאודורנט רול און לאב ליין Love line,מליליטרים,80,"100 מ""ל",false,0,14.90,18.63,true,1,2041832
2053088,false,אטריות ביצים דקיקות 8,אוריינט,,אטריות ביצים דקיקות 8,גרמים,200,100 גרם,false,0,6.90,3.45,true,1,2053088
2053095,false,אטריות ביצים דקות 10,אוריינט,,אטריות ביצים דקות 10,גרמים,200,100 גרם,false,0,6.90,3.45,true,1,2053095
2053101,false,אטריות ביצים בינוניות 12,אוריינט,,אטריות ביצים בינוניות 12,גרמים,200,100 גרם,false,0,6.90,3.45,true,1,2053101
2053118,false,אטריות ביצים רחבות 14,אוריינט,,אטריות ביצים רחבות 14,גרמים,200,100 גרם,false,0,6.90,3.45,true,1,2053118
2053354,false,נודלס אטריות להקפצה בסגנון סיני,אוריינט,,נודלס אטריות להקפצה בסגנון סיני,גרמים,300,100 גרם,false,0,9.90,3.30,true,1,2053354
2057017,false,זיתים ירוקים נובו ענק,קבוצת יבנה,,זיתים ירוקים נובו ענק,גרמים,560,100 גרם,false,0,8.90,1.59,true,1,2057017
2057031,false,זיתים מבוקעים פיקנטי בשמן זית,קבוצת יבנה,,זיתים מבוקעים פיקנטי בשמן זית,גרמים,560,100 גרם,false,0,8.90,1.59,true,1,2057031
2057062,false,זיתים ירוקים מנזנילו בינוני,קבוצת יבנה,,זיתים ירוקים מנזנילו בינוני,גרמים,560,100 גרם,false,0,6.90,1.23,true,1,2057062
2057123,false,זיתים ירוקים ללא גלעין,קבוצת יבנה,,זיתים ירוקים ללא גלעין,גרמים,560,100 גרם,false,0,9.50,1.70,true,1,2057123
2057130,false,זית ירוק מנזנילו נטולי גלעין,קבוצת יבנה,,זית ירוק מנזנילו נטולי גלעין,גרמים,1250,100 גרם,false,0,19.90,1.59,true,1,2057130
2057154,false,זיתים ירוקים ללא גלעין,קבוצת יבנה,,זיתים ירוקים ללא גלעין,קילוגרמים,3,"ק""ג",false,0,36.90,12.30,true,1,2057154
2057178,false,זית שחור טבעי,קבוצת יבנה,,זית שחור טבעי,גרמים,560,100 גרם,false,0,8.90,1.59,true,1,2057178
2057185,false,טבעות זיתים ירוקים,קבוצת יבנה,,טבעות זיתים ירוקים,גרמים,560,100 גרם,false,0,9.20,1.64,true,1,2057185
2057352,false,מלפפונים במלח גדולים 7-9,קבוצת יבנה,,מלפפונים במלח גדולים 7-9,גרמים,560,100 גרם,false,0,6.50,1.16,true,1,2057352
2057369,false,מלפפונים במלח בינוני 10-12,קבוצת יבנה,,מלפפונים במלח בינוני 10-12,גרמים,560,100 גרם,false,0,7.50,1.34,true,1,2057369
2057376,false,מלפפונים במלח קטנים 13-17,קבוצת יבנה,,מלפפונים במלח קטנים 13-17,גרמים,560,100 גרם,false,0,6.90,1.77,true,1,2057376
2057383,false,מלפפונים במלח קטנים מאוד 18-25,קבוצת יבנה,,מלפפונים במלח קטנים מאוד 18-25,גרמים,560,100 גרם,false,0,12.90,2.30,true,1,2057383
2057451,false,"מלפפונים ""בחומץ"" גדולים 7-9",קבוצת יבנה,,"מלפפונים ""בחומץ"" גדולים 7-9",גרמים,560,100 גרם,false,0,6.50,1.16,true,1,2057451
2057468,false,"מלפפונים ""בחומץ"" בינוניים 10-12",קבוצת יבנה,,"מלפפונים ""בחומץ"" בינוניים 10-12",גרמים,560,100 גרם,false,0,7.50,1.34,true,1,2057468
2057475,false,"מלפפונים ""בחומץ"" קטנים 13-17",קבוצת יבנה,,"מלפפונים ""בחומץ"" קטנים 13-17",גרמים,560,100 גרם,false,0,6.90,1.77,true,1,2057475
2057482,false,"מלפפונים ""בחומץ"" קטנים מאוד 18-25",קבוצת יבנה,,"מלפפונים ""בחומץ"" קטנים מאוד 18-25",גרמים,560,100 גרם,false,0,12.90,2.30,true,1,2057482
2057604,false,פלפל חריף - שיפקה,קבוצת יבנה,,פלפל חריף - שיפקה,גרמים,560,100 גרם,false,0,5.90,1.05,true,1,2057604
2057628,false,טבעות זיתים מושחרים,קבוצת יבנה,,טבעות זיתים מושחרים,גרמים,560,100 גרם,false,0,9.50,1.70,true,1,2057628
2057703,false,חצילים במלח,קבוצת יבנה,,חצילים במלח,גרמים,560,100 גרם,false,0,6.90,1.23,true,1,2057703
2057734,false,זיתים מושחרים נטולי גלעין,קבוצת יבנה,,זיתים מושחרים נטולי גלעין,גרמים,560,100 גרם,false,0,8.90,1.59,true,1,2057734
2057819,false,רצועות פלפל אדום,קבוצת יבנה,,רצועות פלפל אדום,גרמים,560,100 גרם,false,0,5.90,1.05,true,1,2057819
2057871,false,זיתים ירוקים ללא גלעין בצנצנת,קבוצת יבנה,,זיתים ירוקים ללא גלעין בצנצנת,גרמים,540,100 גרם,false,0,7.90,1.46,true,1,2057871
2061229,false,קרם להסרת שיער לקו הביקיני,אורנה 19 Orna,,קרם להסרת שיער לקו הביקיני,גרמים,80,100 גרם,false,0,14.90,18.63,true,1,2061229
2075271,false,סוכריות צמחים,ריקולה Ricola,,סוכריות צמחים,גרמים,70,100 גרם,false,0,9.90,14.14,true,1,2075271
2105145,true,צלעות בקר מס' 2 מחפוד קפוא,הדר בשר,,צלעות בקר מס' 2 מחפוד קפוא,קילוגרמים,0,"ק""ג",true,0,47.90,0.00,true,1,2105145
2105503,false,בורגר מזרחי גלאט הרב מחפוד קפוא,הדר בשר,,בורגר מזרחי גלאט הרב מחפוד קפוא,גרמים,500,100 גרם,false,0,16.90,3.38,true,1,2105503
2105510,false,קבב מזרחי גלאט הרב מחפוד קפוא,הדר בשר,,קבב מזרחי גלאט הרב מחפוד קפוא,גרמים,500,100 גרם,false,0,16.90,3.38,true,1,2105510
2105527,false,גולש בקר מעובד גלאט הרב מחפוד קפוא,הדר בשר,,גולש בקר מעובד גלאט הרב מחפוד קפוא,גרמים,800,100 גרם,false,0,49.90,6.24,true,1,2105527
2105558,false,בקר טחון גלאט הרב מחפוד קפוא,הדר בשר,,בקר טחון גלאט הרב מחפוד קפוא,גרמים,500,100 גרם,false,0,16.90,3.38,true,1,2105558
2105565,false,בשר הודו טחון גלאט מחפוד קפוא,עוף ירושלים,,בשר הודו טחון גלאט מחפוד קפוא,גרמים,500,100 גרם,false,0,12.90,2.58,true,1,2105565
2105572,true,צלי כתף מחפוד מעובד קפוא,עוף ירושלים,,צלי כתף מחפוד מעובד קפוא,קילוגרמים,0,"ק""ג",true,0,49.90,0.00,true,1,2105572
2105671,false,עוף טחון קפוא מחפוד,עוף ירושלים,,עוף טחון קפוא מחפוד,גרמים,500,100 גרם,false,0,12.90,2.58,true,1,2105671
2107071,false,פטה עיזים מעודנת 16%,משק צוריאל,,פטה עיזים מעודנת 16%,גרמים,200,100 גרם,false,0,21.90,10.95,true,1,2107071
2107316,true,גבינת טבורוג 5%,משק צוריאל,,גבינת טבורוג 5%,קילוגרמים,0,"ק""ג",true,0,39.00,0.00,true,1,2107316
2107385,false,מה-עז גבינה מחלב עיזים 20%,משק צוריאל,,מה-עז גבינה מחלב עיזים 20%,גרמים,180,100 גרם,false,0,21.90,12.17,true,1,2107385
2107422,true,גבינה בולגרית 5%,משק צוריאל,,גבינה בולגרית 5%,קילוגרמים,0,"ק""ג",true,0,49.00,0.00,true,1,2107422
2107491,false,גבינת עיזים 5% למריחה,משק צוריאל,,גבינת עיזים 5% למריחה,גרמים,250,100 גרם,false,0,10.90,5.56,true,1,2107491
2107743,true,גבינה צפתית מעודנת 5%,משק צוריאל,,גבינה צפתית מעודנת 5%,קילוגרמים,0,"ק""ג",true,0,59.00,0.00,true,1,2107743
2107798,false,גבינה בולגרית מעודנת 5%,משק צוריאל,,גבינה בולגרית מעודנת 5%,גרמים,250,100 גרם,false,0,19.90,7.96,true,1,2107798
2107965,false,גבינת טבורוג 5%,משק צוריאל,,גבינת טבורוג 5%,גרמים,500,100 גרם,false,0,22.90,4.58,true,1,2107965
2109372,false,בורקס פילו אצבעות בולגרית,שלושת האופים,,בורקס פילו אצבעות בולגרית,גרמים,700,100 גרם,false,0,14.90,2.84,true,1,2109372
2118435,false,צמרוני אוזניים,ביוטי Beauty,,צמרוני אוזניים,יחידות,300,יחידה,false,0,6.90,0.02,true,1,2118435
2128014,false,"נרות שבת מס"" 4",מנורה,,"נרות שבת מס"" 4",יחידות,4,יחידה,false,0,3.50,0.88,true,1,2128014
2128045,false,נרות הבדלה רגיל,מנורה,,נרות הבדלה רגיל,יחידות,1,יחידה,false,0,5.90,5.90,true,1,2128045
2128236,false,נרות,מנורה,,נרות,יחידות,10,יחידה,false,0,3.50,0.35,true,1,2128236
2128311,false,נר נשמה 7 ימים בכוס,מנורה,,נר נשמה 7 ימים בכוס,,0,,false,0,9.90,0.00,true,1,2128311
2128700,false,נרות חימום 50 בשקית,מנורה,,נרות חימום 50 בשקית,יחידות,50,יחידה,false,0,12.90,0.26,true,1,2128700
2128762,false,נר נשמה 72 שעות בכוס,מנורה,,נר נשמה 72 שעות בכוס,יחידות,1,יחידה,false,0,5.90,5.90,true,1,2128762
2128946,false,נר נשמה 48 שעות בכוס,מנורה,,נר נשמה 48 שעות בכוס,יחידות,1,יחידה,false,0,4.20,4.20,true,1,2128946
2129462,false,פיצה איטלקית דקה- זוג,שלושת האופים,,פיצה איטלקית דקה- זוג,גרמים,640,100 גרם,false,0,21.90,3.89,true,1,2129462
2129479,false,פיצה איטלקית דקה - פיצה מרגריטה קפואה,שלושת האופים,,פיצה איטלקית דקה - פיצה מרגריטה קפואה,גרמים,320,100 גרם,false,0,12.90,4.03,true,1,2129479
2129486,false,פיצה איטלקית דקה בתוספת טבעות זיתים,שלושת האופים,,פיצה איטלקית דקה בתוספת טבעות זיתים,גרמים,340,100 גרם,false,0,14.90,4.38,true,1,2129486
2130567,false,דבש טהור מפרחי בר,יד מרדכי,,דבש טהור מפרחי בר,גרמים,350,100 גרם,false,0,16.90,4.83,true,1,2130567
2130581,false,דבש טהור מפרחי בר,יד מרדכי,,דבש טהור מפרחי בר,גרמים,1000,100 גרם,false,0,39.90,3.99,true,1,2130581
2150169,false,אמפנדס במילוי בשר וזיתים,חמים וטעים,,אמפנדס במילוי בשר וזיתים,גרמים,800,100 גרם,false,0,32.90,4.11,true,1,2150169
2150305,false,סיגרים בשר,חמים וטעים,,סיגרים בשר,קילוגרמים,1,"ק""ג",false,0,32.90,32.90,true,1,2150305
2150336,false,פלאפל,חמים וטעים,,פלאפל,גרמים,800,100 גרם,false,0,22.90,2.86,true,1,2150336
2150374,false,קובה חמוסטה,חמים וטעים,,קובה חמוסטה,קילוגרמים,1,"ק""ג",false,0,32.90,32.90,true,1,2150374
2150404,false,סיגרים תפוח אדמה,חמים וטעים,,סיגרים תפוח אדמה,קילוגרמים,1,"ק""ג",false,0,26.90,26.90,true,1,2150404
2150503,false,אגרול סיני במילוי ירקות,חמים וטעים,,אגרול סיני במילוי ירקות,קילוגרמים,1,"ק""ג",false,0,32.90,32.90,true,1,2150503
2150589,false,סמבוסק אורגינל במילוי חומוס,חמים וטעים,,סמבוסק אורגינל במילוי חומוס,גרמים,800,100 גרם,false,0,32.90,4.11,true,1,2150589
2150664,false,קובה בסגנון ביתי,חמים וטעים,,קובה בסגנון ביתי,קילוגרמים,1,"ק""ג",false,0,32.90,32.90,true,1,2150664
2150671,false,קרפלך במילוי בשר,חמים וטעים,,קרפלך במילוי בשר,קילוגרמים,1,"ק""ג",false,0,32.90,32.90,true,1,2150671
2150688,false,"קרפלך במילוי תפו""א",חמים וטעים,,"קרפלך במילוי תפו""א",קילוגרמים,1,"ק""ג",false,0,27.90,27.90,true,1,2150688
2150695,false,קובה למרק,חמים וטעים,,קובה למרק,קילוגרמים,1,"ק""ג",false,0,32.90,32.90,true,1,2150695
2190141,false,ריבת חלב קונדיטור,אשבל,,ריבת חלב קונדיטור,גרמים,450,100 גרם,false,0,14.90,3.31,true,1,2190141
2190516,false,ממרח ריבת חלב,קומידה,,ממרח ריבת חלב,גרמים,500,100 גרם,false,0,14.90,2.98,true,1,2190516
2198031,true,פסטרמה פרגיות ללחמניה 3% שומן ללא גלוטן,זוגלובק,,פסטרמה פרגיות ללחמניה 3% שומן ללא גלוטן,קילוגרמים,0,"ק""ג",true,0,85.00,0.00,true,1,2198031
2198048,true,פסטרמה הודו בתיבול שווארמה,זוגלובק,,פסטרמה הודו בתיבול שווארמה,קילוגרמים,0,"ק""ג",true,0,85.00,0.00,true,1,2198048
2198116,true,ברזילאית מבשר בקר והודו,זוגלובק,,ברזילאית מבשר בקר והודו,קילוגרמים,0,"ק""ג",true,0,159.00,0.00,true,1,2198116
2232964,false,ציפוי פז טחון דק לא מתובל ללא גלוטן,דגש- דוכן גן שמואל,,ציפוי פז טחון דק לא מתובל ללא גלוטן,גרמים,600,100 גרם,false,0,29.90,4.98,true,1,2232964
2239185,false,אפונת גינה בינונית מוקפאת,פרי הגליל,,אפונת גינה בינונית מוקפאת,גרמים,800,100 גרם,false,0,9.90,1.61,true,1,2239185
2239215,false,אפונת גינה וגזר מוקפאים,פרי הגליל,,אפונת גינה וגזר מוקפאים,גרמים,800,100 גרם,false,0,9.90,1.86,true,1,2239215
2239277,false,גזר גמדי מוקפא,פרי הגליל,,גזר גמדי מוקפא,גרמים,800,100 גרם,false,0,7.90,0.99,true,1,2239277
2239307,false,שעועית צהובה חתוכה מוקפאת,פרי הגליל,,שעועית צהובה חתוכה מוקפאת,גרמים,800,100 גרם,false,0,9.90,1.86,true,1,2239307
2239338,false,שעועית ירוקה חתוכה מוקפאת,פרי הגליל,,שעועית ירוקה חתוכה מוקפאת,גרמים,800,100 גרם,false,0,9.90,1.86,true,1,2239338
2239369,false,שעועית ירוקה שלמה מוקפאת,פרי הגליל,,שעועית ירוקה שלמה מוקפאת,גרמים,800,100 גרם,false,0,9.90,1.86,true,1,2239369
2239420,false,גרעיני תירס מוקפאים,פרי הגליל,,גרעיני תירס מוקפאים,גרמים,800,100 גרם,false,0,9.90,1.86,true,1,2239420
2253006,false,שום כתוש,דורות,,שום כתוש,גרמים,200,100 גרם,false,0,16.90,8.45,true,1,2253006
2253105,false,שום כתוש,דורות,,שום כתוש,גרמים,80,100 גרם,false,0,11.90,14.88,true,1,2253105
2253150,false,בזיליקום קצוץ,דורות,,בזיליקום קצוץ,גרמים,70,100 גרם,false,0,9.90,14.14,true,1,2253150
2253167,false,פטרוזיליה קצוצה,דורות,,פטרוזיליה קצוצה,גרמים,70,100 גרם,false,0,9.90,14.14,true,1,2253167
2253174,false,שמיר קצוץ,דורות,,שמיר קצוץ,גרמים,70,100 גרם,false,0,9.90,14.14,true,1,2253174
2253181,false,כוסברה קצוצה,דורות,,כוסברה קצוצה,גרמים,70,100 גרם,false,0,9.90,14.14,true,1,2253181
2253198,false,ג'ינג'ר כתוש,דורות,,ג'ינג'ר כתוש,גרמים,70,100 גרם,false,0,9.90,14.14,true,1,2253198
2253235,false,רוטב פסטו,דורות,,רוטב פסטו,גרמים,160,100 גרם,false,0,11.90,7.44,true,1,2253235
2253259,false,רוטב עגבניות בזיליקום,דורות,,רוטב עגבניות בזיליקום,גרמים,160,100 גרם,false,0,11.90,7.44,true,1,2253259
2253310,false,שום חריף - תערובת שום וצ'ילי טריים,דורות,,שום חריף - תערובת שום וצ'ילי טריים,גרמים,80,100 גרם,false,0,11.90,14.88,true,1,2253310
2259657,false,"רדיד אלומיניום רוחב 30 ס""מ",דיימונד Diamond,,"רדיד אלומיניום רוחב 30 ס""מ",,23,מטר,false,0,22.90,1.00,true,1,2259657
2259664,false,"רדיד אלומיניום רוחב 30 ס""מ",דיימונד Diamond,,"רדיד אלומיניום רוחב 30 ס""מ",,60,מטר,false,0,47.90,0.80,true,1,2259664
2259930,false,רדיד אלומיניום רוחב 30 - מארז זוג,דיימונד Diamond,,רדיד אלומיניום רוחב 30 - מארז זוג,,15,מטר,false,2,19.90,1.31,true,1,2259930
2269984,false,דאודורנט ספריי מבושם Me,קרליין Careline,,דאודורנט ספריי מבושם Me,מליליטרים,175,"100 מ""ל",false,0,19.90,11.37,true,1,2269984
2277248,false,גבינה מותכת למריחה לייט בטעם זעתר 7%,מון בלאן,,גבינה מותכת למריחה לייט בטעם זעתר 7%,גרמים,120,100 גרם,false,0,12.90,10.75,true,1,2277248
2278528,false,כרית ניקוי שבת כלין,,,כרית ניקוי שבת כלין,יחידות,2,יחידה,false,0,7.90,3.95,true,1,2278528
2317005,false,טבעות זיתים מושחרים,מוטולה,,טבעות זיתים מושחרים,גרמים,560,100 גרם,false,0,9.90,1.77,true,1,2317005
2317081,false,זיתים ירוקים נטולי גלעין,מוטולה,,זיתים ירוקים נטולי גלעין,גרמים,670,100 גרם,false,0,9.90,1.48,true,1,2317081
2317128,false,מלפפונים במלח בינוניים 10-12,מוטולה,,מלפפונים במלח בינוניים 10-12,גרמים,560,100 גרם,false,0,8.90,1.59,true,1,2317128
2317135,false,מלפפונים במלח קטנים 13-17,מוטולה,,מלפפונים במלח קטנים 13-17,גרמים,560,100 גרם,false,0,10.90,1.95,true,1,2317135
2317142,false,מלפפונים במלח קטנים מאוד 18-25,מוטולה,,מלפפונים במלח קטנים מאוד 18-25,גרמים,560,100 גרם,false,0,11.90,2.13,true,1,2317142
2317166,false,מלפפונים בחומץ בינוניים 10-12,מוטולה,,מלפפונים בחומץ בינוניים 10-12,גרמים,560,100 גרם,false,0,8.90,1.59,true,1,2317166
2317173,false,מלפפונים בחומץ קטנים 13-17,מוטולה,,מלפפונים בחומץ קטנים 13-17,גרמים,560,100 גרם,false,0,10.90,1.95,true,1,2317173
2317180,false,מלפפונים בחומץ קטנים מאוד 18-25,מוטולה,,מלפפונים בחומץ קטנים מאוד 18-25,גרמים,560,100 גרם,false,0,11.90,2.13,true,1,2317180
2317241,false,זיתים מבוקעים סורי,מוטולה,,זיתים מבוקעים סורי,גרמים,560,100 גרם,false,0,11.90,2.13,true,1,2317241
2317258,false,זיתים ירוקים סורי שלם,מוטולה,,זיתים ירוקים סורי שלם,גרמים,560,100 גרם,false,0,11.90,2.13,true,1,2317258
2317265,false,מלפפונים במלח גדולים 7-9,מוטולה,,מלפפונים במלח גדולים 7-9,גרמים,670,100 גרם,false,0,6.90,1.03,true,1,2317265
2317289,false,חצילים מוחמצים,מוטולה,,חצילים מוחמצים,גרמים,560,100 גרם,false,0,7.90,1.41,true,1,2317289
2317296,false,פלפל חריף כבוש שיפקה,מוטולה,,פלפל חריף כבוש שיפקה,גרמים,550,100 גרם,false,0,7.90,1.44,true,1,2317296
2317319,false,מלפפונים בחומץ גדולים 7-9,מוטולה,,מלפפונים בחומץ גדולים 7-9,גרמים,670,100 גרם,false,0,6.90,1.03,true,1,2317319
2317326,false,זיתים ירוקים מנזנילו,מוטולה,,זיתים ירוקים מנזנילו,גרמים,670,100 גרם,false,0,7.90,1.18,true,1,2317326
2317371,false,זיתים מושחרים נטולי גלעין,מוטולה,,זיתים מושחרים נטולי גלעין,גרמים,560,100 גרם,false,0,9.90,1.77,true,1,2317371
2317388,false,ירקות מעורבים חתוכים כבושים,מוטולה,,ירקות מעורבים חתוכים כבושים,גרמים,1650,100 גרם,false,0,29.90,1.81,true,1,2317388
2317401,false,זיתים ירוקים מנזנילו,מוטולה,,זיתים ירוקים מנזנילו,גרמים,1300,100 גרם,false,0,17.90,1.38,true,1,2317401
2317425,false,זיתים ירוקים נטולי גלעין,מוטולה,,זיתים ירוקים נטולי גלעין,גרמים,1250,100 גרם,false,0,19.90,1.59,true,1,2317425
2317456,false,רצועות פלפל אדום מוחמץ,מוטולה,,רצועות פלפל אדום מוחמץ,גרמים,560,100 גרם,false,0,7.90,1.41,true,1,2317456
2317463,false,מלפפונים במלח גדולים 15-20,מוטולה,,מלפפונים במלח גדולים 15-20,גרמים,1300,100 גרם,false,0,15.90,1.22,true,1,2317463
2317470,false,מלפפונים בחומץ גדולים 15-20,מוטולה,,מלפפונים בחומץ גדולים 15-20,גרמים,1300,100 גרם,false,0,15.90,1.22,true,1,2317470
2317500,false,מלפפונים במלח 30-36,מוטולה,,מלפפונים במלח 30-36,קילוגרמים,3,"ק""ג",false,0,24.90,8.30,true,1,2317500
2317531,false,מלפפונים בחומץ 30-36,מוטולה,,מלפפונים בחומץ 30-36,קילוגרמים,3,"ק""ג",false,0,24.90,8.30,true,1,2317531
2317579,false,טבעות זיתים ירוקים,מוטולה,,טבעות זיתים ירוקים,גרמים,560,100 גרם,false,0,9.90,1.77,true,1,2317579
2317609,false,כרוב לבן כבוש קצוץ,מוטולה,,כרוב לבן כבוש קצוץ,גרמים,560,100 גרם,false,0,7.90,1.41,true,1,2317609
2317616,false,זיתים חתוכים מרינט,מוטולה,,זיתים חתוכים מרינט,גרמים,560,100 גרם,false,0,9.90,1.77,true,1,2317616
2317654,false,זיתים ירוקים נובו ענק בצנצנת,מוטולה,,זיתים ירוקים נובו ענק בצנצנת,גרמים,700,100 גרם,false,0,11.90,1.70,true,1,2317654
2317661,false,זיתים ירוקים מנזנילו גדול בצנצנת,מוטולה,,זיתים ירוקים מנזנילו גדול בצנצנת,גרמים,560,100 גרם,false,0,10.90,1.95,true,1,2317661
2317678,false,זיתים ירוקים נטולי גרעין,מוטולה,,זיתים ירוקים נטולי גרעין,גרמים,560,100 גרם,false,0,9.90,1.77,true,1,2317678
2317746,false,זיתים שחורים טבעיים גדולים מאוד,מוטולה,,זיתים שחורים טבעיים גדולים מאוד,גרמים,560,100 גרם,false,0,9.90,1.77,true,1,2317746
2317753,false,טבעות זיתים ירוקים,מוטולה,,טבעות זיתים ירוקים,גרמים,560,100 גרם,false,0,9.90,1.77,true,1,2317753
2317814,false,חצילים מוחמצים,מוטולה,,חצילים מוחמצים,גרמים,700,100 גרם,false,0,9.90,1.41,true,1,2317814
2317852,false,מלפפונים במלח,מוטולה,,מלפפונים במלח,גרמים,1650,100 גרם,false,0,26.90,1.63,true,1,2317852
2317913,false,ירקות מעורבים כבושים חתוכים,מוטולה,,ירקות מעורבים כבושים חתוכים,גרמים,700,100 גרם,false,0,11.90,1.70,true,1,2317913
2319016,false,אבקת אפיה,מיה,,אבקת אפיה,גרמים,100,100 גרם,false,10,2.00,2.00,true,1,2319016
2319023,false,סוכר בטעם וניל,מיה,,סוכר בטעם וניל,גרמים,100,100 גרם,false,0,2.00,2.00,true,1,2319023
2319054,false,פרג,מיה,,פרג,גרמים,100,100 גרם,false,0,4.90,4.90,true,1,2319054
2319375,false,קורנפלור,מיה,,קורנפלור,גרמים,200,100 גרם,false,0,3.90,1.95,true,1,2319375
2319405,false,קינמון טחון,מיה,,קינמון טחון,גרמים,80,100 גרם,false,0,6.90,8.63,true,1,2319405
2319412,false,פפריקה חריפה,מיה,,פפריקה חריפה,גרמים,80,100 גרם,false,0,6.90,8.63,true,1,2319412
2319429,false,פפריקה מתוקה,מיה,,פפריקה מתוקה,גרמים,80,100 גרם,false,0,6.90,8.63,true,1,2319429
2319436,false,פלפל שחור טחון,מיה,,פלפל שחור טחון,גרמים,70,100 גרם,false,0,7.90,11.29,true,1,2319436
2319443,false,כמון טחון,מיה,,כמון טחון,גרמים,80,100 גרם,false,0,6.90,8.63,true,1,2319443
2319450,false,כורכום טחון,מיה,,כורכום טחון,גרמים,80,100 גרם,false,0,6.90,8.63,true,1,2319450
2319467,false,אורגנו,מיה,,אורגנו,גרמים,35,100 גרם,false,0,6.90,19.71,true,1,2319467
2319474,false,אבקת שום,מיה,,אבקת שום,גרמים,80,100 גרם,false,0,8.90,11.13,true,1,2319474
2319528,false,קמח מצה חמץ,מיה,,קמח מצה חמץ,גרמים,200,100 גרם,false,0,2.90,1.45,true,1,2319528
2319580,false,מלח לימון,מיה,,מלח לימון,גרמים,150,100 גרם,false,0,6.90,4.60,true,1,2319580
2319610,false,שקדים טחונים,מיה,,שקדים טחונים,גרמים,100,100 גרם,false,0,10.90,10.90,true,1,2319610
2319627,false,ציפורן טחון,מיה,,ציפורן טחון,גרמים,50,100 גרם,false,0,6.90,13.80,true,1,2319627
2319641,false,גריל עוף,מיה,,גריל עוף,גרמים,80,100 גרם,false,0,6.90,8.63,true,1,2319641
2319658,false,תבלין לסטייק,מיה,,תבלין לסטייק,גרמים,80,100 גרם,false,0,6.90,8.63,true,1,2319658
2319689,false,סודה לשתיה,מיה,,סודה לשתיה,גרמים,150,100 גרם,false,0,6.90,4.60,true,1,2319689
2319740,false,אגוזי מלך טחונים,מיה,,אגוזי מלך טחונים,גרמים,100,100 גרם,false,0,10.90,10.90,true,1,2319740
2319771,false,תמצית בטעם וניל,מיה,,תמצית בטעם וניל,מליליטרים,50,"100 מ""ל",false,0,2.50,5.00,true,1,2319771
2319788,false,תמצית בטעם רום,מיה,,תמצית בטעם רום,מליליטרים,60,"100 מ""ל",false,0,2.50,4.17,true,1,2319788
2319801,false,שבבי בצל,מיה,,שבבי בצל,גרמים,50,100 גרם,false,0,6.90,13.80,true,1,2319801
2319825,false,אבקת סוכר,מיה,,אבקת סוכר,גרמים,100,100 גרם,false,0,2.00,2.00,true,1,2319825
2327028,false,ג'חנון קפוא,שלושת האופים,,ג'חנון קפוא,גרמים,650,100 גרם,false,0,12.90,2.29,true,1,2327028
2331025,false,מים מינרלים פקק ספורט,נביעות,,מים מינרלים פקק ספורט,מליליטרים,500,"100 מ""ל",false,0,3.90,0.78,true,1,2331025
2331094,false,מים מינרלים נביעות,נביעות,,מים מינרלים נביעות,מליליטרים,755,"100 מ""ל",false,0,4.90,0.65,true,1,2331094
2331124,false,נביעות פלוס בטעם תפוח עדין בקבוק אישי,נביעות,,נביעות פלוס בטעם תפוח עדין בקבוק אישי,מליליטרים,500,"100 מ""ל",false,0,6.50,1.30,true,1,2331124
2331155,false,נביעות פלוס בטעם אפרסק עדין בקבוק אישי,נביעות,,נביעות פלוס בטעם אפרסק עדין בקבוק אישי,מליליטרים,500,"100 מ""ל",false,0,6.50,1.30,true,1,2331155
2331360,false,מים מינרלים שישייה TO GO,נביעות,,מים מינרלים שישייה TO GO,ליטרים,3,ליטר,false,6,12.90,4.30,true,1,2331360
2331421,false,מים מינרלים שישייה פקק נשלף,נביעות,,מים מינרלים שישייה פקק נשלף,ליטרים,5,ליטר,false,6,14.90,3.29,true,1,2331421
2331483,false,שיישית מים מינרלים בייבי Baby,נביעות,,שיישית מים מינרלים בייבי Baby,ליטרים,2,ליטר,false,6,11.90,6.20,true,1,2331483
2331490,false,מים מינרלים נביעות,נביעות,,מים מינרלים נביעות,ליטרים,1,ליטר,false,0,3.90,3.90,true,1,2331490
2331711,false,נביעות פלוס בטעם ענבים עדין בקבוק אישי,נביעות,,נביעות פלוס בטעם ענבים עדין בקבוק אישי,מליליטרים,500,"100 מ""ל",false,0,6.50,1.30,true,1,2331711
2333098,false,גרגרי חומוס אורגני,הרדוף,,גרגרי חומוס אורגני,גרמים,500,100 גרם,false,0,12.90,2.58,true,1,2333098
2333104,false,בורגול אורגני,הרדוף,,בורגול אורגני,גרמים,500,100 גרם,false,0,9.90,1.98,true,1,2333104
2333319,false,קמח שיפון מלא אורגני,הרדוף,,קמח שיפון מלא אורגני,קילוגרמים,1,"ק""ג",false,0,15.90,15.90,true,1,2333319
2333456,false,גריסי פנינה אורגני,הרדוף,,גריסי פנינה אורגני,גרמים,500,100 גרם,false,0,12.90,2.58,true,1,2333456
2333494,false,שעועית אזוקי אורגני,הרדוף,,שעועית אזוקי אורגני,גרמים,500,100 גרם,false,0,12.90,2.58,true,1,2333494
2333500,false,עדשים אדומות אורגני,הרדוף,,עדשים אדומות אורגני,גרמים,500,100 גרם,false,0,12.90,2.58,true,1,2333500
2333692,false,דוחן אורגני,הרדוף,,דוחן אורגני,גרמים,500,100 גרם,false,0,9.90,1.98,true,1,2333692
2333838,false,כוסמת אורגני,הרדוף,,כוסמת אורגני,גרמים,500,100 גרם,false,0,9.90,1.98,true,1,2333838
2333968,false,עדשים צהובות חצויות אורגני,הרדוף,,עדשים צהובות חצויות אורגני,גרמים,500,100 גרם,false,0,14.90,2.98,true,1,2333968
2333999,false,גרעיני חמניה קלופים אורגני,הרדוף,,גרעיני חמניה קלופים אורגני,גרמים,300,100 גרם,false,0,12.90,4.30,true,1,2333999
2353836,false,סרדינים בשמן זית,רוברט Robert,,סרדינים בשמן זית,גרמים,115,100 גרם,false,0,7.90,6.87,true,1,2353836
2360124,false,חליטת צמחים ורד הבר והיביסקוס,פומפדור Pompadour,,חליטת צמחים ורד הבר והיביסקוס,גרמים,70,100 גרם,false,0,11.90,19.86,true,1,2360124
2360155,false,חליטת צמחים שומר,פומפדור Pompadour,,חליטת צמחים שומר,גרמים,40,100 גרם,false,0,11.90,34.75,true,1,2360155
2360230,false,חרדל עם גרגירים,בורניאר Bornier,,חרדל עם גרגירים,גרמים,210,100 גרם,false,0,10.90,5.19,true,1,2360230
2360278,false,חליטת צמחים מנטה,פומפדור Pompadour,,חליטת צמחים מנטה,גרמים,45,100 גרם,false,0,11.90,30.89,true,1,2360278
2360285,false,חליטת קמומיל,פומפדור Pompadour,,חליטת קמומיל,גרמים,30,100 גרם,false,0,11.90,46.33,true,1,2360285
2370475,true,גבינה כחולה - גבינה בשלה עם עובש כחול,Euro יורו מחלבות אירופה,,גבינה כחולה - גבינה בשלה עם עובש כחול,קילוגרמים,0,"ק""ג",true,0,69.00,0.00,true,1,2370475
2371403,false,מארז זוגות פסטרמה כפרית סלמי פריזר כפרי,טירת צבי,,מארז זוגות פסטרמה כפרית סלמי פריזר כפרי,גרמים,600,100 גרם,false,2,24.90,4.98,true,1,2371403
2371526,false,דקניקים סלסולי פסטרמה שום וצ'ילי פיקנטי,טירת צבי,,דקניקים סלסולי פסטרמה שום וצ'ילי פיקנטי,גרמים,120,100 גרם,false,0,12.90,12.42,true,1,2371526
2371533,false,דקניקים סלסולי פסטרמה בדבש,טירת צבי,,דקניקים סלסולי פסטרמה בדבש,גרמים,120,100 גרם,false,0,12.90,12.42,true,1,2371533
2371540,false,דקניקים קורנדביף,טירת צבי,,דקניקים קורנדביף,גרמים,120,100 גרם,false,0,12.90,12.42,true,1,2371540
2371571,true,פסטרמה פרגיות לבאגט,טירת צבי,,פסטרמה פרגיות לבאגט,קילוגרמים,0,"ק""ג",true,0,85.00,0.00,true,1,2371571
2371854,false,נקניקיות עוף חריפות,טירת צבי,,נקניקיות עוף חריפות,גרמים,1000,100 גרם,false,0,26.90,3.29,true,1,2371854
2371939,false,סרוולד בסגנון צרפתי,טירת צבי,,סרוולד בסגנון צרפתי,גרמים,120,100 גרם,false,0,23.90,20.75,true,1,2371939
2373148,false,לחם רוסי מקמח מלא ללא תוספת סוכר,מאפיית השלום,,לחם רוסי מקמח מלא ללא תוספת סוכר,קילוגרמים,1,"ק""ג",false,0,13.90,11.58,true,1,2373148
2373292,false,לחם 6 דגנים קל,מאפיית השלום,,לחם 6 דגנים קל,גרמים,500,100 גרם,false,0,11.90,2.38,true,1,2373292
2373506,false,לחם מקמח מלא ללא תוספת סוכר,מאפיית השלום,,לחם מקמח מלא ללא תוספת סוכר,גרמים,750,100 גרם,false,0,13.90,1.85,true,1,2373506
2373513,false,לחם שיפון כפרי,מאפיית השלום,,לחם שיפון כפרי,גרמים,750,100 גרם,false,0,13.90,1.85,true,1,2373513
2373537,false,לחם שיפון מלא ללא תוספת שמרים,מאפיית השלום,,לחם שיפון מלא ללא תוספת שמרים,גרמים,750,100 גרם,false,0,13.90,1.85,true,1,2373537
2373544,false,לחם קמח מלא ללא תוספת שמרים,מאפיית השלום,,לחם קמח מלא ללא תוספת שמרים,גרמים,750,100 גרם,false,0,13.90,1.85,true,1,2373544
2373551,false,לחם שיפון ללא תוספת שמרים,מאפיית השלום,,לחם שיפון ללא תוספת שמרים,גרמים,750,100 גרם,false,0,13.90,1.85,true,1,2373551
2373568,false,לחם קל מקמח מלא,מאפיית השלום,,לחם קל מקמח מלא,גרמים,500,100 גרם,false,0,13.90,2.78,true,1,2373568
2373575,false,לחם שיפון קל,מאפיית השלום,,לחם שיפון קל,גרמים,500,100 גרם,false,0,13.90,2.78,true,1,2373575
2374268,false,שמן חמניות מזוכך,מילומור,,שמן חמניות מזוכך,ליטרים,1,ליטר,false,0,11.90,11.90,true,1,2374268
2374640,false,שמן קנולה פלוס מועשר באומגה 3,עץ הזית,,שמן קנולה פלוס מועשר באומגה 3,ליטרים,1,ליטר,false,0,16.50,16.50,true,1,2374640
2385066,true,גבינה בולגרית קוביות 5%,מחלבות גד,,גבינה בולגרית קוביות 5%,קילוגרמים,0,"ק""ג",true,0,59.00,0.00,true,1,2385066
2385127,true,לאבנה עם שמן זית וזעתר,מחלבות גד,,לאבנה עם שמן זית וזעתר,קילוגרמים,0,"ק""ג",true,0,41.00,0.00,true,1,2385127
2385196,true,גבינת רוקפור,מחלבות גד,,גבינת רוקפור,קילוגרמים,0,"ק""ג",true,0,129.00,0.00,true,1,2385196
2385264,true,בלקנית מלוחה 16% שומן,מחלבות דשן,,בלקנית מלוחה 16% שומן,קילוגרמים,0,"ק""ג",true,0,35.00,0.00,true,1,2385264
2385431,true,גבינת בולגרית 16%,מחלבות גד,,גבינת בולגרית 16%,קילוגרמים,0,"ק""ג",true,0,56.00,0.00,true,1,2385431
2385455,true,בולגרית מעודנת 24%,מחלבות גד,,בולגרית מעודנת 24%,קילוגרמים,0,"ק""ג",true,0,49.00,0.00,true,1,2385455
2385738,true,משולש גבינת מנצ'גו,מחלבות גד,,משולש גבינת מנצ'גו,קילוגרמים,0,"ק""ג",true,0,135.00,0.00,true,1,2385738
2410270,true,פילה עוף טרי (לא ניתן לספק טחון),,,פילה עוף טרי (לא ניתן לספק טחון),קילוגרמים,0,"ק""ג",true,0,59.90,0.00,true,1,2410270
2447481,true,צ'אך עגל טרי,,,צ'אך עגל טרי,קילוגרמים,0,"ק""ג",true,0,119.00,0.00,true,1,2447481
2447573,true,שייטל עגל טרי,,,שייטל עגל טרי,קילוגרמים,0,"ק""ג",true,0,109.00,0.00,true,1,2447573
2472186,false,עוגת מאפין שוקו צ'יפס,גידרון,,עוגת מאפין שוקו צ'יפס,,0,,false,0,19.90,0.00,true,1,2472186
2472193,false,עוגת מאפין שוקו,גידרון,,עוגת מאפין שוקו,,0,,false,0,19.90,0.00,true,1,2472193
2472209,false,עוגת מאפין שוקו וניל,גידרון,,עוגת מאפין שוקו וניל,,0,,false,0,19.90,0.00,true,1,2472209
2472223,false,עוגת מאפין תפוז,גידרון,,עוגת מאפין תפוז,,0,,false,0,19.90,0.00,true,1,2472223
2472254,false,עוגת מאפין אגוזים,גידרון,,עוגת מאפין אגוזים,,0,,false,0,19.90,0.00,true,1,2472254
2487364,false,בורקס פילו גבינה וזיתים,שלושת האופים,,בורקס פילו גבינה וזיתים,גרמים,700,100 גרם,false,0,14.90,2.84,true,1,2487364
2496557,false,תמר חיאני לח,הדקלאים,,תמר חיאני לח,גרמים,500,100 גרם,false,0,9.90,1.98,true,1,2496557
2502043,false,לחמניית כריך לבן - מארז 5 יח',בונז'ור,,לחמניית כריך לבן - מארז 5 יח',יחידות,5,יחידה,false,0,9.90,1.98,true,1,2502043
2502067,false,חלה רגילה,בונז'ור,,חלה רגילה,,0,,false,0,9.90,0.00,true,1,2502067
2502203,true,בורקס גבינה,בונז'ור,,בורקס גבינה,קילוגרמים,0,"ק""ג",true,0,39.00,0.00,true,1,2502203
2507604,false,פיצה משפחתית עם גבינת מוצרלה וגאודה,שף שגב,,פיצה משפחתית עם גבינת מוצרלה וגאודה,גרמים,320,100 גרם,false,0,13.90,4.97,true,1,2507604
2512004,false,מלווח,צנעני,,מלווח,גרמים,900,100 גרם,false,0,19.90,2.21,true,1,2512004
2512011,false,ג'חנון בצק,צנעני,,ג'חנון בצק,גרמים,900,100 גרם,false,0,19.90,2.21,true,1,2512011
2512035,false,בצק עלים ירושלמי,צנעני,,בצק עלים ירושלמי,גרמים,1000,100 גרם,false,0,16.90,1.69,true,1,2512035
2512257,false,מלווח מופחת שומן רווי,צנעני,,מלווח מופחת שומן רווי,גרמים,700,100 גרם,false,0,14.90,2.13,true,1,2512257
2512264,false,ג'חנון מופחת שומן רווי,צנעני,,ג'חנון מופחת שומן רווי,גרמים,700,100 גרם,false,0,14.90,2.13,true,1,2512264
2515333,false,אל סבון עדין לתינוק קמיל בלו סנסטיב - משאבה,"ד""ר פישר Dr fischer",,אל סבון עדין לתינוק קמיל בלו סנסטיב - משאבה,מליליטרים,500,"100 מ""ל",false,0,17.90,3.58,true,1,2515333
2515371,false,אל סבון מועשר בלחות קמיל בלו קלאסי,"ד""ר פישר Dr fischer",,אל סבון מועשר בלחות קמיל בלו קלאסי,ליטרים,1,ליטר,false,0,21.90,26.90,true,1,2515371
2517269,false,פלפל שחור שלם,תבליני טעם וריח,,פלפל שחור שלם,גרמים,35,100 גרם,false,0,7.90,22.57,true,1,2517269
2517276,false,פלפל אנגלי שלם,תבליני טעם וריח,,פלפל אנגלי שלם,גרמים,25,100 גרם,false,0,4.90,19.60,true,1,2517276
2517337,false,אורגנו בשקית,תבליני טעם וריח,,אורגנו בשקית,גרמים,20,100 גרם,false,0,4.90,24.50,true,1,2517337
2517375,false,בזיליקום (ריחן),תבליני טעם וריח,,בזיליקום (ריחן),גרמים,30,100 גרם,false,0,4.90,16.33,true,1,2517375
2517634,false,כוסברה,תבליני טעם וריח,,כוסברה,גרמים,30,100 גרם,false,0,4.90,16.33,true,1,2517634
2517733,false,קצח,תבליני טעם וריח,,קצח,גרמים,40,100 גרם,false,0,4.90,12.25,true,1,2517733
2517801,false,צ'ילי כתוש חריף (פלפל קיינה),תבליני טעם וריח,,צ'ילי כתוש חריף (פלפל קיינה),גרמים,30,100 גרם,false,0,4.90,16.33,true,1,2517801
2517863,false,צפורן טחון,תבליני טעם וריח,,צפורן טחון,גרמים,40,100 גרם,false,0,7.90,19.75,true,1,2517863
2543046,false,פרוסטיס Frosties,קלוגס Kellogg's,,פרוסטיס Frosties,גרמים,750,100 גרם,false,0,19.90,2.65,true,1,2543046
2543237,false,קורנפלקס קלוגס,קלוגס Kellogg's,,קורנפלקס קלוגס,גרמים,750,100 גרם,false,0,14.90,2.25,true,1,2543237
2544203,false,ממרח פסטו,מוטי שף,,ממרח פסטו,גרמים,180,100 גרם,false,0,19.90,11.06,true,1,2544203
2551003,false,נתחי טונה בהירה בשמן,סטארקיסט Starkist,,נתחי טונה בהירה בשמן,גרמים,160,100 גרם,false,0,6.90,4.31,true,1,2551003
2551010,false,נתחי טונה בהירה במים,סטארקיסט Starkist,,נתחי טונה בהירה במים,גרמים,160,100 גרם,false,0,6.90,4.31,true,1,2551010
2581536,false,ופלים 55 בטעם שוקולד ללא תוספת סוכר,הדר,,ופלים 55 בטעם שוקולד ללא תוספת סוכר,גרמים,250,100 גרם,false,0,7.90,3.16,true,1,2581536
2603504,false,"פיצה עם גבינת מוצרלה, עגבניות שרי ובצל סגול",שף שגב,,"פיצה עם גבינת מוצרלה, עגבניות שרי ובצל סגול",גרמים,220,100 גרם,false,0,12.90,6.77,true,1,2603504
2608516,false,לחם מחמצת מקמח מלא,רוסטיק Rustic,,לחם מחמצת מקמח מלא,גרמים,500,100 גרם,false,0,16.90,3.38,true,1,2608516
2608523,false,לחם מחמצת כוסמין,רוסטיק Rustic,,לחם מחמצת כוסמין,גרמים,500,100 גרם,false,0,16.90,3.38,true,1,2608523
2608547,false,לחם מחמצת שיפון כהה וחמוציות,רוסטיק Rustic,,לחם מחמצת שיפון כהה וחמוציות,גרמים,500,100 גרם,false,0,16.90,3.38,true,1,2608547
2608769,false,לחם מחמצת טוסקני דגנים,רוסטיק Rustic,,לחם מחמצת טוסקני דגנים,גרמים,500,100 גרם,false,0,16.90,3.38,true,1,2608769
2628439,true,עוף שלם טרי,חצי חינם,,עוף שלם טרי,קילוגרמים,0,"ק""ג",true,0,19.90,0.00,true,1,2628439
2661153,false,לחם דני,מאפיית ודש,,לחם דני,גרמים,1000,100 גרם,false,0,15.90,1.59,true,1,2661153
2661443,false,פירורי לחם זהובים עדינים,ברמן,,פירורי לחם זהובים עדינים,גרמים,200,100 גרם,false,0,2.90,1.45,true,1,2661443
2661474,false,פירורי לחם זהובים עם שומשום,ברמן,,פירורי לחם זהובים עם שומשום,גרמים,200,100 גרם,false,0,3.90,1.95,true,1,2661474
2661511,false,פירורי לחם זהובים עדינים,ברמן,,פירורי לחם זהובים עדינים,גרמים,350,100 גרם,false,0,4.90,1.40,true,1,2661511
2674221,false,משחת שיניים הגנה משולשת Fresh and Minty משאבה,אקווה פרש Aquafresh,,משחת שיניים הגנה משולשת Fresh and Minty משאבה,מליליטרים,100,"100 מ""ל",false,0,15.90,15.90,true,1,2674221
2692393,false,שמן קנולה מזוכך מועשר בויטמין E,עץ הזית,,שמן קנולה מזוכך מועשר בויטמין E,ליטרים,1,ליטר,false,0,15.90,15.90,true,1,2692393
2692478,false,שמן זית מעודן כתית מעולה,עץ הזית,,שמן זית מעודן כתית מעולה,מליליטרים,750,"100 מ""ל",false,0,32.90,4.39,true,1,2692478
2692768,false,תרסיס שמן קנולה,עץ הזית,,תרסיס שמן קנולה,מליליטרים,200,"100 מ""ל",false,0,12.90,6.45,true,1,2692768
2692775,false,תרסיס קנולה בטעם חמאה,עץ הזית,,תרסיס קנולה בטעם חמאה,מליליטרים,200,"100 מ""ל",false,0,12.90,6.45,true,1,2692775
2692782,false,תרסיס שמן זית כתית מעולה,עץ הזית,,תרסיס שמן זית כתית מעולה,מליליטרים,150,"100 מ""ל",false,0,12.90,8.60,true,1,2692782
2694410,false,גלגל כביסה,ספאדיני,,גלגל כביסה,,0,,false,0,5.90,0.00,true,1,2694410
2730262,false,נוזל לניקוי כלים פלמוליב קלאסי,פלמוליב Palmolive,,נוזל לניקוי כלים פלמוליב קלאסי,מליליטרים,750,"100 מ""ל",false,0,9.90,1.59,true,1,2730262
2730521,false,מקלוני כותנה,בלונס Balloons,,מקלוני כותנה,יחידות,200,יחידה,false,0,5.90,0.03,true,1,2730521
2730538,false,פדים להסרת איפור,בלונס Balloons,,פדים להסרת איפור,יחידות,80,יחידה,false,0,9.90,0.12,true,1,2730538
2730675,false,משחת שיניים Maximum Cavity Protection,קולגייט Colgate,,משחת שיניים Maximum Cavity Protection,מליליטרים,100,"100 מ""ל",false,0,10.90,10.90,true,1,2730675
2730811,false,משחת שיניים פסים מרעננים Cool Stripe,קולגייט Colgate,,משחת שיניים פסים מרעננים Cool Stripe,מליליטרים,100,"100 מ""ל",false,0,15.90,15.90,true,1,2730811
2730903,false,סבון רחצה מוצק חלב וורדים - מארז 4 יח',פלמוליב Palmolive,,סבון רחצה מוצק חלב וורדים - מארז 4 יח',גרמים,400,100 גרם,false,4,16.90,4.23,true,1,2730903
2730941,false,פסי צמר גפן,בלונס Balloons,,פסי צמר גפן,גרמים,100,100 גרם,false,0,5.90,5.90,true,1,2730941
2730958,false,סבון רחצה מוצק זיתים ואלוורה - מארז 4 יח',פלמוליב Palmolive,,סבון רחצה מוצק זיתים ואלוורה - מארז 4 יח',גרמים,400,100 גרם,false,4,16.90,4.23,true,1,2730958
2735007,false,בצק עלים מרודד,ינון,,בצק עלים מרודד,קילוגרמים,1,"ק""ג",false,0,14.90,14.90,true,1,2735007
2735014,false,מלאווח,ינון,,מלאווח,גרמים,800,100 גרם,false,0,14.90,1.86,true,1,2735014
2735021,false,ג'חנון,ינון,,ג'חנון,גרמים,750,100 גרם,false,0,13.90,1.85,true,1,2735021
2735113,false,בורקס גבינה,ינון,,בורקס גבינה,גרמים,800,100 גרם,false,0,16.90,2.11,true,1,2735113
2735120,false,בורקס תפוחי אדמה,ינון,,בורקס תפוחי אדמה,גרמים,800,100 גרם,false,0,14.90,1.86,true,1,2735120
2735205,false,בורקס פיצביס,ינון,,בורקס פיצביס,גרמים,800,100 גרם,false,0,17.90,2.24,true,1,2735205
2750338,false,לחם רוסטיק עגבניות מיובשות,רוסטיק Rustic,,לחם רוסטיק עגבניות מיובשות,גרמים,500,100 גרם,false,0,14.90,2.98,true,1,2750338
2750383,false,לחם מחמצת טוסקני כפרי עגול,רוסטיק Rustic,,לחם מחמצת טוסקני כפרי עגול,גרמים,500,100 גרם,false,0,16.90,3.38,true,1,2750383
2750451,false,לחם מחמצת טוסקני לבן עגול,רוסטיק Rustic,,לחם מחמצת טוסקני לבן עגול,גרמים,500,100 גרם,false,0,16.90,3.38,true,1,2750451
2752332,false,סוכריות מנטוס Mentos פירות,מנטוס Mentos,,סוכריות מנטוס Mentos פירות,גרמים,38,100 גרם,false,0,3.00,8.00,true,1,2752332
2752349,false,סוכריות מנטוס Mentos מנטה,מנטוס Mentos,,סוכריות מנטוס Mentos מנטה,גרמים,38,100 גרם,false,0,3.00,8.00,true,1,2752349
2752493,false,מארז סוכריות טיק טק Tic tac מנטה,טיק טק Tic Tac,,מארז סוכריות טיק טק Tic tac מנטה,גרמים,64,100 גרם,false,4,9.90,15.47,true,1,2752493
2753223,false,מארז סוכריות טיק טק Tic tac תפוז,טיק טק Tic Tac,,מארז סוכריות טיק טק Tic tac תפוז,גרמים,64,100 גרם,false,4,9.90,15.47,true,1,2753223
2753995,false,קישוטים לעוגה - 6 יחידות,Werner's Deco וורנר דקו,,קישוטים לעוגה - 6 יחידות,גרמים,150,100 גרם,false,0,15.90,10.60,true,1,2753995
2757139,false,מלאווח תימני מקורי,שלושת האופים,,מלאווח תימני מקורי,גרמים,700,100 גרם,false,0,12.90,2.13,true,1,2757139
2757146,false,קובה חמוסטה -קובה במלית בשר במתכון מסורתי,שלושת האופים,,קובה חמוסטה -קובה במלית בשר במתכון מסורתי,קילוגרמים,1,"ק""ג",false,0,18.90,18.90,true,1,2757146
2757528,false,בורקס פילו תפוחי אדמה,שלושת האופים,,בורקס פילו תפוחי אדמה,גרמים,700,100 גרם,false,0,14.90,2.84,true,1,2757528
2757535,false,בורקס פילו אצבעות גבינה,שלושת האופים,,בורקס פילו אצבעות גבינה,גרמים,700,100 גרם,false,0,14.90,2.84,true,1,2757535
2757542,false,אטריות קדאיף,שלושת האופים,,אטריות קדאיף,גרמים,400,100 גרם,false,0,18.90,4.73,true,1,2757542
2768036,false,מי פה עם פלואוריד תיאדנט,תיאדנט Tayadent,,מי פה עם פלואוריד תיאדנט,מליליטרים,150,"100 מ""ל",false,0,14.90,9.93,true,1,2768036
2768043,false,מי פה עם פלואוריד תיאדנט,תיאדנט Tayadent,,מי פה עם פלואוריד תיאדנט,מליליטרים,150,"100 מ""ל",false,0,14.90,9.93,true,1,2768043
2768074,false,דרמפון סבון ללא סבון,קרליין Careline,,דרמפון סבון ללא סבון,ליטרים,1,ליטר,false,0,14.90,17.90,true,1,2768074
2768159,false,בת אורן עם תרכיז אורנים טבעי לאמבט שופע קצף ומרגיע בניחוח של חורש רענן,,,בת אורן עם תרכיז אורנים טבעי לאמבט שופע קצף ומרגיע בניחוח של חורש רענן,מליליטרים,500,"100 מ""ל",false,0,18.90,3.78,true,1,2768159
2771104,false,קפה שחור עם הל,קפה אל נח'לה,,קפה שחור עם הל,גרמים,500,100 גרם,false,0,29.90,5.98,true,1,2771104
2771111,false,קפה שחור עם הל,קפה אל נח'לה,,קפה שחור עם הל,גרמים,250,100 גרם,false,0,16.90,6.76,true,1,2771111
2771128,false,קפה שחור בלי הל,קפה אל נח'לה,,קפה שחור בלי הל,גרמים,250,100 גרם,false,0,16.90,6.76,true,1,2771128
2775010,false,מיני בורקס פילו גבינה,שלושת האופים,,מיני בורקס פילו גבינה,גרמים,650,100 גרם,false,0,14.90,3.06,true,1,2775010
2782131,false,דאודורנט לנשים פנינה רוזנבלום מס 1,פנינה רוזנבלום PR,,דאודורנט לנשים פנינה רוזנבלום מס 1,מליליטרים,150,"100 מ""ל",false,0,19.90,13.27,true,1,2782131
2782742,false,דאודורנט לנשים פנינה רוזנבלום מס 2,פנינה רוזנבלום PR,,דאודורנט לנשים פנינה רוזנבלום מס 2,מליליטרים,150,"100 מ""ל",false,0,15.90,10.60,true,1,2782742
2782759,false,קרם גוף של פנינה רוזנבלום,פנינה רוזנבלום PR,,קרם גוף של פנינה רוזנבלום,מליליטרים,340,"100 מ""ל",false,0,24.90,7.32,true,1,2782759
2805151,false,שמפו לרצפות בניחוח סחלבים,סיף פנטסטיק Cif Fantastic,,שמפו לרצפות בניחוח סחלבים,ליטרים,4,ליטר,false,0,19.90,4.98,true,1,2805151
2824183,false,סקי גבינה לבנה 5%,שטראוס,,סקי גבינה לבנה 5%,גרמים,500,100 גרם,false,0,9.40,1.88,true,1,2824183
2824466,false,יוגורט טבעי 0%,דנונה - שטראוס,,יוגורט טבעי 0%,גרמים,200,100 גרם,false,0,3.30,1.65,true,1,2824466
2824640,false,סקי גבינה לבנה 5%,שטראוס,,סקי גבינה לבנה 5%,גרמים,250,100 גרם,false,0,4.70,1.88,true,1,2824640
2825722,false,כרוב אדום במיונז,אחלה - שטראוס,,כרוב אדום במיונז,גרמים,500,100 גרם,false,0,13.90,2.78,true,1,2825722
2830948,false,גבינת עזים שמנת מותכת,מון בלאן,,גבינת עזים שמנת מותכת,גרמים,120,100 גרם,false,0,9.90,8.25,true,1,2830948
2842002,false,קוואקר להכנה מהירה בפחית Mornflake,,,קוואקר להכנה מהירה בפחית Mornflake,גרמים,500,100 גרם,false,0,9.90,1.98,true,1,2842002
2842163,false,טונה בהירה בשמן צמחי ומלח,יולה Yula,,טונה בהירה בשמן צמחי ומלח,גרמים,185,100 גרם,false,0,10.90,5.89,true,1,2842163
2842293,false,סרדינים בשמן חריף,מינרווה Minerva,,סרדינים בשמן חריף,גרמים,120,100 גרם,false,0,4.90,4.08,true,1,2842293
2842309,false,סרדינים בשמן חמניות,מינרווה Minerva,,סרדינים בשמן חמניות,גרמים,120,100 גרם,false,0,4.90,4.08,true,1,2842309
2842415,false,פילה אנשובי אמיתי REALMAR,,,פילה אנשובי אמיתי REALMAR,גרמים,50,100 גרם,false,0,5.90,11.80,true,1,2842415
2868996,false,קוטג' 5%,טרה,,קוטג' 5%,גרמים,250,100 גרם,false,0,5.40,2.16,true,1,2868996
2881018,false,מעדן תות שדה 100% רכיבי פרי,פרוטנגו Fruitango,,מעדן תות שדה 100% רכיבי פרי,גרמים,284,100 גרם,false,0,12.90,4.54,true,1,2881018
2881025,false,מעדן דובדבן 100% רכיבי פרי,פרוטנגו Fruitango,,מעדן דובדבן 100% רכיבי פרי,גרמים,284,100 גרם,false,0,12.90,4.54,true,1,2881025
2881032,false,מעדן אוכמניות 100% רכיבי פרי,פרוטנגו Fruitango,,מעדן אוכמניות 100% רכיבי פרי,גרמים,284,100 גרם,false,0,12.90,4.54,true,1,2881032
2881063,false,מעדן תפוז 100% רכיבי פרי,פרוטנגו Fruitango,,מעדן תפוז 100% רכיבי פרי,גרמים,284,100 גרם,false,0,12.90,4.54,true,1,2881063
2881094,false,מעדן ארבע פירות 100% רכיבי פרי,פרוטנגו Fruitango,,מעדן ארבע פירות 100% רכיבי פרי,גרמים,284,100 גרם,false,0,12.90,4.54,true,1,2881094
2881209,false,רסק תפוחים ממותק,תומר,,רסק תפוחים ממותק,גרמים,720,100 גרם,false,0,9.90,1.38,true,1,2881209
2881469,false,עגבניות מיובשות קצוצות עם זיתים ירוקים,תומר,,עגבניות מיובשות קצוצות עם זיתים ירוקים,גרמים,340,100 גרם,false,0,12.90,3.79,true,1,2881469
2881506,false,חמאת בוטנים,תומר,,חמאת בוטנים,גרמים,510,100 גרם,false,0,9.90,1.94,true,1,2881506
2881513,false,חמאת בוטנים עם שברי בוטנים,תומר,,חמאת בוטנים עם שברי בוטנים,גרמים,510,100 גרם,false,0,9.90,1.94,true,1,2881513
2881551,false,עלי גפן ממולאים באורז,תומר,,עלי גפן ממולאים באורז,גרמים,400,100 גרם,false,0,6.90,1.73,true,1,2881551
2881612,false,דובדבנים חמוצים ומגולענים בסירופ,תומר,,דובדבנים חמוצים ומגולענים בסירופ,גרמים,700,100 גרם,false,0,9.90,1.41,true,1,2881612
2881742,false,פרוסות לבבות דקל במי מלח,תומר,,פרוסות לבבות דקל במי מלח,גרמים,400,100 גרם,false,0,9.90,2.48,true,1,2881742
2881940,false,סרדינים בשמן חמניות - סרדין מרוקאי,תומר,,סרדינים בשמן חמניות - סרדין מרוקאי,גרמים,125,100 גרם,false,0,5.90,4.72,true,1,2881940
2881957,false,סרדינים בשמן חמניות עם פלפל חריף,תומר,,סרדינים בשמן חמניות עם פלפל חריף,גרמים,125,100 גרם,false,0,5.90,4.72,true,1,2881957
2881964,false,סרדין מרוקאי ברוטב עגבניות,תומר,,סרדין מרוקאי ברוטב עגבניות,גרמים,125,100 גרם,false,0,5.90,4.72,true,1,2881964
2881988,false,סרדינים בשמן ולימון,תומר,,סרדינים בשמן ולימון,גרמים,125,100 גרם,false,0,5.90,4.72,true,1,2881988
2900092,false,סטייק בורגר מבשר בקר קפוא,טירת צבי,,סטייק בורגר מבשר בקר קפוא,גרמים,400,100 גרם,false,0,19.90,4.98,true,1,2900092
2900207,false,המבורגר אמיתי מבשר בקר קפוא,טירת צבי,,המבורגר אמיתי מבשר בקר קפוא,גרמים,400,100 גרם,false,0,19.90,4.98,true,1,2900207
2900214,false,קבב מזרחי קפוא,טירת צבי,,קבב מזרחי קפוא,גרמים,450,100 גרם,false,0,19.90,4.42,true,1,2900214
2900313,true,פסטרמה ספרדית,טירת צבי,,פסטרמה ספרדית,קילוגרמים,0,"ק""ג",true,0,85.00,0.00,true,1,2900313
2900436,true,פסטרמה איטלקית,טירת צבי,,פסטרמה איטלקית,קילוגרמים,0,"ק""ג",true,0,85.00,0.00,true,1,2900436
2900566,false,פסטרמה ברביקיו דלת שומן 1.5%,טירת צבי,,פסטרמה ברביקיו דלת שומן 1.5%,גרמים,360,100 גרם,false,0,26.90,8.31,true,1,2900566
2904694,false,דאודורנט ספריי טיטניום Titanium,טיטניום Titanium,,דאודורנט ספריי טיטניום Titanium,מליליטרים,180,"100 מ""ל",false,0,14.90,11.06,true,1,2904694
2920311,true,גבינת קממבר צאן,מחלבות גד,,גבינת קממבר צאן,קילוגרמים,0,"ק""ג",true,0,62.00,0.00,true,1,2920311
2921226,false,הזלין קונדישינר לרהיטי עור,יעקבי,,הזלין קונדישינר לרהיטי עור,גרמים,250,100 גרם,false,0,24.90,9.96,true,1,2921226
2921233,false,מסיר כתמים קרבונה ניקוי יבש,קרבונה Carbona,,מסיר כתמים קרבונה ניקוי יבש,גרמים,170,100 גרם,false,0,19.90,11.71,true,1,2921233
2921240,false,מסיר כתמים שטיחים וריפוד קרבונה,קרבונה Carbona,,מסיר כתמים שטיחים וריפוד קרבונה,מליליטרים,651,"100 מ""ל",false,0,24.90,3.82,true,1,2921240
2925729,false,משחת שיניים ומי פה בתכשיר אחד ג'ל,גם וגם Gum V Gum,,משחת שיניים ומי פה בתכשיר אחד ג'ל,גרמים,120,100 גרם,false,0,14.90,12.42,true,1,2925729
2925798,false,משחת שיניים ומי פה בתכשיר אחד ג'ל,גם וגם Gum V Gum,,משחת שיניים ומי פה בתכשיר אחד ג'ל,גרמים,120,100 גרם,false,0,14.90,12.42,true,1,2925798
2946700,false,חומר מצית פחם ועץ,הנמל,,חומר מצית פחם ועץ,,200,,false,0,9.90,4.95,true,1,2946700
2954187,false,אורז יסמין בשק,שוקחה,,אורז יסמין בשק,קילוגרמים,5,"ק""ג",false,0,39.90,7.98,true,1,2954187
2954477,false,"אורז חצי עגול 5 ק""ג",שוקחה,,"אורז חצי עגול 5 ק""ג",קילוגרמים,5,"ק""ג",false,0,42.90,8.58,true,1,2954477
2971009,false,קמח חיטה לבן בהיר,שטיבל טחנות קמח,,קמח חיטה לבן בהיר,גרמים,1000,100 גרם,false,0,4.50,0.45,true,1,2971009
2971092,false,שטיבל 6 קמח חיטה מלא,שטיבל טחנות קמח,,שטיבל 6 קמח חיטה מלא,קילוגרמים,1,"ק""ג",false,0,7.90,7.90,true,1,2971092
2971146,false,קמח פיצה ופוקצ'ה- קמח חיטה לבן בהיר,שטיבל טחנות קמח,,קמח פיצה ופוקצ'ה- קמח חיטה לבן בהיר,גרמים,1000,100 גרם,false,0,7.90,0.79,true,1,2971146
2971153,false,קמח חלה 18,שטיבל טחנות קמח,,קמח חלה 18,קילוגרמים,1,"ק""ג",false,0,7.90,7.90,true,1,2971153
2971207,false,קמח -1 רב תכליתי,שטיבל טחנות קמח,,קמח -1 רב תכליתי,קילוגרמים,1,"ק""ג",false,0,7.90,7.90,true,1,2971207
2971214,false,שטיבל 2 קמח לחם,שטיבל טחנות קמח,,שטיבל 2 קמח לחם,קילוגרמים,1,"ק""ג",false,0,7.90,7.90,true,1,2971214
2987963,false,חומוס אחלה,אחלה - שטראוס,,חומוס אחלה,גרמים,1000,100 גרם,false,0,12.90,1.29,true,1,2987963
3009183,false,סירופ דיאט בטעם תפוחים,פריגת,,סירופ דיאט בטעם תפוחים,מליליטרים,750,"100 מ""ל",false,0,22.90,3.05,true,1,3009183
3009312,false,בוטנים קלויים,קליית גת,,בוטנים קלויים,גרמים,200,100 גרם,false,0,7.90,3.95,true,1,3009312
3009329,false,בוטנים אמריקאיים,קליית גת,,בוטנים אמריקאיים,גרמים,200,100 גרם,false,0,5.90,2.95,true,1,3009329
3009336,false,קבוקים,קליית גת,,קבוקים,גרמים,200,100 גרם,false,0,5.90,2.95,true,1,3009336
3009596,false,סירופ דיאט בטעם אשכוליות,פריגת,,סירופ דיאט בטעם אשכוליות,מליליטרים,750,"100 מ""ל",false,0,22.90,3.05,true,1,3009596
3009640,false,מיץ תפוזים סחוט קלאסי,פריגת,,מיץ תפוזים סחוט קלאסי,ליטרים,1,ליטר,false,0,15.90,15.90,true,1,3009640
3015627,false,ריצפז פרש בריח אפרסק,סנו פרש Fresh,,ריצפז פרש בריח אפרסק,ליטרים,2,ליטר,false,0,17.90,9.95,true,1,3015627
3015634,false,ריצפז פרש בריח פסיפלורה,סנו פרש Fresh,,ריצפז פרש בריח פסיפלורה,ליטרים,2,ליטר,false,0,17.90,9.95,true,1,3015634
3015641,false,ריצפז פרש בריח יסמין,סנו פרש Fresh,,ריצפז פרש בריח יסמין,ליטרים,2,ליטר,false,0,17.90,9.95,true,1,3015641
3015672,false,מפיות אירוח,סנו סושי,,מפיות אירוח,יחידות,50,יחידה,false,0,7.90,0.16,true,1,3015672
3015917,false,סנומט דוחה יתושים,סנו,,סנומט דוחה יתושים,מליליטרים,50,"100 מ""ל",false,0,19.90,39.80,true,1,3015917
3026029,false,שמפו ללא דמעות קמיל בלו סנסטיב,"ד""ר פישר Dr fischer",,שמפו ללא דמעות קמיל בלו סנסטיב,מליליטרים,500,"100 מ""ל",false,0,17.90,3.58,true,1,3026029
3026036,false,אל סבון עדין לתינוק קמיל בלו סנסטיב,"ד""ר פישר Dr fischer",,אל סבון עדין לתינוק קמיל בלו סנסטיב,ליטרים,1,ליטר,false,0,24.90,32.90,true,1,3026036
3026197,false,שמן עדין לתינוק Kamil Blue Sensitive,"ד""ר פישר Dr fischer",,שמן עדין לתינוק Kamil Blue Sensitive,מליליטרים,500,"100 מ""ל",false,0,19.90,4.58,true,1,3026197
3026227,false,שמפו ללא דמעות קמיל בלו סנסטיב,"ד""ר פישר Dr fischer",,שמפו ללא דמעות קמיל בלו סנסטיב,ליטרים,1,ליטר,false,0,24.90,32.90,true,1,3026227
3026234,false,קרם גוף לתינוק קמיל בלו סנסיטיב Kamil Blue Sensitive,"ד""ר פישר Dr fischer",,קרם גוף לתינוק קמיל בלו סנסיטיב Kamil Blue Sensitive,מליליטרים,500,"100 מ""ל",false,0,19.90,4.58,true,1,3026234
3026319,false,משחה לתינוק Kamil Blue Sensitive,"ד""ר פישר Dr fischer",,משחה לתינוק Kamil Blue Sensitive,גרמים,120,100 גרם,false,0,14.90,15.75,true,1,3026319
3029181,false,משקה שוקו בקבוק,יטבתה,,משקה שוקו בקבוק,ליטרים,1,ליטר,false,0,10.90,10.90,true,1,3029181
3029372,false,משקה בננה מהדרין,יטבתה,,משקה בננה מהדרין,ליטרים,1,ליטר,false,0,10.90,10.90,true,1,3029372
3029389,false,משקה בננה מהדרין בקבוק עם פקק,יטבתה,,משקה בננה מהדרין בקבוק עם פקק,מליליטרים,250,"100 מ""ל",false,0,4.90,1.96,true,1,3029389
3029433,false,משקה שוקו מהדרין בקבוק עם פקק,יטבתה,,משקה שוקו מהדרין בקבוק עם פקק,מליליטרים,250,"100 מ""ל",false,0,5.50,2.20,true,1,3029433
3029532,false,משקה מוקה מהדרין,יטבתה,,משקה מוקה מהדרין,ליטרים,1,ליטר,false,0,10.90,10.90,true,1,3029532
3029792,false,מארז 8 שקיות שוקו,יטבתה,,מארז 8 שקיות שוקו,מליליטרים,1800,"100 מ""ל",false,8,18.90,1.05,true,1,3029792
3029815,false,חלב מועשר כד 3%,יטבתה,,חלב מועשר כד 3%,ליטרים,2,ליטר,false,0,13.90,6.95,true,1,3029815
3029907,false,משקה אייס קפה מהדרין,יטבתה,,משקה אייס קפה מהדרין,ליטרים,1,ליטר,false,0,10.90,10.90,true,1,3029907
3031702,false,נקניקיות חלק גלאט,טירת צבי,,נקניקיות חלק גלאט,קילוגרמים,1,"ק""ג",false,0,32.90,32.90,true,1,3031702
3031733,false,פסטרמה גחלים גלאט,טירת צבי,,פסטרמה גחלים גלאט,גרמים,400,100 גרם,false,0,34.90,8.73,true,1,3031733
3031740,false,פסטרמה בדבש גלאט,טירת צבי,,פסטרמה בדבש גלאט,גרמים,400,100 גרם,false,0,34.90,8.73,true,1,3031740
3031757,false,מעודנת פפריקה גלאט,טירת צבי,,מעודנת פפריקה גלאט,גרמים,400,100 גרם,false,0,34.90,8.73,true,1,3031757
3031788,false,מארז צמד כפרי סלמי חלק וכפרית חלק גלאט,טירת צבי,,מארז צמד כפרי סלמי חלק וכפרית חלק גלאט,גרמים,800,100 גרם,false,2,34.90,4.36,true,1,3031788
3047642,false,תה ילו לייבל Yellow Label Tea,ליפטון Lipton,,תה ילו לייבל Yellow Label Tea,גרמים,150,100 גרם,false,0,14.90,9.93,true,1,3047642
3054183,false,לחם שיפון מלא,מסטמכר Mestemacher,,לחם שיפון מלא,גרמים,500,100 גרם,false,0,12.90,2.58,true,1,3054183
3054657,false,חרדל דיז'ון,ריין דיז'ון reine dijon,,חרדל דיז'ון,גרמים,370,100 גרם,false,0,10.90,2.95,true,1,3054657
3060009,false,קמח חיטה לבן בהיר,חצי חינם,,קמח חיטה לבן בהיר,קילוגרמים,1,"ק""ג",false,0,4.30,4.30,true,1,3060009
3060023,false,סולת חיטה,חצי חינם,,סולת חיטה,קילוגרמים,1,"ק""ג",false,0,4.30,4.30,true,1,3060023
3060030,false,קמח חיטה מלא,טחנות ישראליות,,קמח חיטה מלא,קילוגרמים,1,"ק""ג",false,0,4.90,4.90,true,1,3060030
3060047,false,קמח תופח,חצי חינם,,קמח תופח,קילוגרמים,1,"ק""ג",false,0,4.90,4.90,true,1,3060047
3060085,false,קמח חיטה לאפיית לחמים וחלות,טחנות ישראליות,,קמח חיטה לאפיית לחמים וחלות,קילוגרמים,1,"ק""ג",false,0,4.90,4.90,true,1,3060085
3060276,false,קמח חיטה לבן בהיר מנופה,טחנות ישראליות,,קמח חיטה לבן בהיר מנופה,קילוגרמים,1,"ק""ג",false,0,6.90,6.90,true,1,3060276
3060283,false,קמח תופח מנופה,טחנות ישראליות,,קמח תופח מנופה,קילוגרמים,1,"ק""ג",false,0,7.90,7.90,true,1,3060283
3060290,false,קמח חיטה מלא 100% מנופה,טחנות ישראליות,,קמח חיטה מלא 100% מנופה,קילוגרמים,1,"ק""ג",false,0,7.90,7.90,true,1,3060290
3060320,false,קמח לחם וחלות מנופה,טחנות ישראליות,,קמח לחם וחלות מנופה,קילוגרמים,1,"ק""ג",false,0,7.90,7.90,true,1,3060320
3060351,false,קמח חיטה 80% מנופה,טחנות ישראליות,,קמח חיטה 80% מנופה,קילוגרמים,1,"ק""ג",false,0,6.90,6.90,true,1,3060351
3069682,false,בצק פילאס קפוא,שלושת האופים,,בצק פילאס קפוא,גרמים,500,100 גרם,false,0,14.90,3.78,true,1,3069682
3070008,false,טחינה זהב,טחינה זהב,,טחינה זהב,גרמים,500,100 גרם,false,0,12.90,2.58,true,1,3070008
3070015,false,טחינה זהב,טחינה זהב,,טחינה זהב,גרמים,1000,100 גרם,false,0,24.90,2.49,true,1,3070015
3070046,false,טחינה טבעית,טחינה זהב,,טחינה טבעית,גרמים,500,100 גרם,false,0,12.90,2.58,true,1,3070046
3078042,false,אריסה,תבליני פרג,,אריסה,גרמים,250,100 גרם,false,0,14.90,5.96,true,1,3078042
3078066,false,שום כתוש,תבליני פרג,,שום כתוש,גרמים,250,100 גרם,false,0,14.90,5.96,true,1,3078066
3078318,false,פטרוזיליה,תבליני פרג,,פטרוזיליה,גרמים,20,100 גרם,false,0,13.90,69.50,true,1,3078318
3078516,false,פלפל צ'ומה,תבליני פרג,,פלפל צ'ומה,גרמים,250,100 גרם,false,0,14.90,5.96,true,1,3078516
3078684,false,פלפל שחור טחון,תבליני פרג,,פלפל שחור טחון,גרמים,400,100 גרם,false,0,29.90,7.48,true,1,3078684
3078721,false,סחוג תימני,תבליני פרג,,סחוג תימני,גרמים,250,100 גרם,false,0,14.90,5.96,true,1,3078721
3078738,false,לימון בלאדי,תבליני פרג,,לימון בלאדי,גרמים,250,100 גרם,false,0,14.90,5.96,true,1,3078738
3102068,false,צימרוני אוזניים מעץ,קוטון סופט Cotton soft,,צימרוני אוזניים מעץ,יחידות,100,יחידה,false,0,1.50,0.02,true,1,3102068
3102587,false,מברשת לניקוי בקבוק,טוליפס Tulips,,מברשת לניקוי בקבוק,,0,,false,0,4.90,0.00,true,1,3102587
3102891,false,שקיות לצליה,הוסטס Hostess,,שקיות לצליה,יחידות,10,יחידה,false,0,4.90,0.49,true,1,3102891
3102976,false,צמרוני אוזניים,קוטון סופט Cotton soft,,צמרוני אוזניים,יחידות,200,יחידה,false,0,3.90,0.02,true,1,3102976
3126712,false,יוגורט עיזים,משק צוריאל,,יוגורט עיזים,גרמים,150,100 גרם,false,0,5.90,3.93,true,1,3126712
3126958,false,טופו,משק צוריאל,,טופו,גרמים,300,100 גרם,false,0,10.00,3.97,true,1,3126958
3127023,false,שקיות אוכל נשלפות 25*19- זוג,פרפקט Perfect,,שקיות אוכל נשלפות 25*19- זוג,יחידות,300,יחידה,false,2,9.90,0.03,true,1,3127023
3127429,false,שקיות אשפה עם שרוך 52X65,פרפקט Perfect,,שקיות אשפה עם שרוך 52X65,יחידות,100,יחידה,false,0,19.90,0.20,true,1,3127429
3127436,false,"שקיות אשפה חזקות וגדולות במיוחד 90*75 ס""מ",פרפקט Perfect,,"שקיות אשפה חזקות וגדולות במיוחד 90*75 ס""מ",יחידות,50,יחידה,false,0,19.90,0.40,true,1,3127436
3127467,false,זוג שקיות אשפה חזקות וגדולות במיוחד 90*75,פרפקט Perfect,,זוג שקיות אשפה חזקות וגדולות במיוחד 90*75,יחידות,20,יחידה,false,2,19.90,1.00,true,1,3127467
3127559,false,"מפת שולחן חגיגית 24 מ""ר, רוחב 1.35 מטר",פרפקט Perfect,,"מפת שולחן חגיגית 24 מ""ר, רוחב 1.35 מטר",,24,,false,0,14.90,0.62,true,1,3127559
3127771,false,"מפות שולחן שקופות בגליל אורך 45 מ""ר, רוחב 1.35 מטר",פרפקט Perfect,,"מפות שולחן שקופות בגליל אורך 45 מ""ר, רוחב 1.35 מטר",,45,,false,0,39.90,0.89,true,1,3127771
3127788,false,שקיות איכותיות לאשפה עם שרוך 65*52,פרפקט Perfect,,שקיות איכותיות לאשפה עם שרוך 65*52,יחידות,60,יחידה,false,0,19.90,0.33,true,1,3127788
3127993,false,"שקיות סנדוויץ נקשרות 35*25 ס""מ",אשפלסט,,"שקיות סנדוויץ נקשרות 35*25 ס""מ",יחידות,100,יחידה,false,0,7.90,0.08,true,1,3127993
3130399,false,מברשת שיניים לילדים לגילאי 3-5 Little Teeth,אקווה פרש Aquafresh,,מברשת שיניים לילדים לגילאי 3-5 Little Teeth,יחידות,1,יחידה,false,0,9.90,9.90,true,1,3130399
3140237,false,סילאן בקבוק לחיץ,קליית גת,,סילאן בקבוק לחיץ,גרמים,350,100 גרם,false,0,9.90,2.83,true,1,3140237
3141159,false,מרשמלו,יוגטה yogueta,,מרשמלו,גרמים,180,100 גרם,false,0,6.90,3.83,true,1,3141159
3142422,false,גרעיני חמניה קלויים ללא תוספת מלח,קליית גת,,גרעיני חמניה קלויים ללא תוספת מלח,גרמים,180,100 גרם,false,0,5.90,3.28,true,1,3142422
3142477,false,ערמונים קלופים וקלויים,קליית גת,,ערמונים קלופים וקלויים,גרמים,100,100 גרם,false,0,5.90,5.90,true,1,3142477
3143139,false,סילאן,קליית גת,,סילאן,גרמים,900,100 גרם,false,0,12.90,1.43,true,1,3143139
3143146,false,ממרח תמרים,קליית גת,,ממרח תמרים,גרמים,450,100 גרם,false,0,4.90,1.09,true,1,3143146
3143276,false,מרשמלו מגולגל,יוגטה yogueta,,מרשמלו מגולגל,גרמים,180,100 גרם,false,0,6.90,3.83,true,1,3143276
3144419,false,סילאן טבעי,קליית גת,,סילאן טבעי,גרמים,710,100 גרם,false,0,19.90,2.80,true,1,3144419
3145751,false,אגוזי קשיו קלויים,קליית גת,,אגוזי קשיו קלויים,גרמים,200,100 גרם,false,0,15.90,9.95,true,1,3145751
3189045,true,חלבון חלב ושומן צמחי בנוסח גבינת אדם הולנדי,כפיר,,חלבון חלב ושומן צמחי בנוסח גבינת אדם הולנדי,קילוגרמים,0,"ק""ג",true,0,33.00,0.00,true,1,3189045
3189076,false,פיצרלה - מחלבון חלב ושומן צמחי,כפיר,,פיצרלה - מחלבון חלב ושומן צמחי,גרמים,500,100 גרם,false,0,19.90,3.98,true,1,3189076
3189137,false,חלבון חלב ושומן צמחי בנוסח גבינת אמנטל שוויצרית,כפיר,,חלבון חלב ושומן צמחי בנוסח גבינת אמנטל שוויצרית,קילוגרמים,1,"ק""ג",false,0,29.90,29.90,true,1,3189137
3189144,false,חלבון חלב ושומן צמחי בנוסח גבינת אדם הולנדית,כפיר,,חלבון חלב ושומן צמחי בנוסח גבינת אדם הולנדית,קילוגרמים,1,"ק""ג",false,0,29.90,29.90,true,1,3189144
3189151,false,חלבון חלב ושומן צמחי בנוסח גבינת צ'דר,כפיר,,חלבון חלב ושומן צמחי בנוסח גבינת צ'דר,קילוגרמים,1,"ק""ג",false,0,29.90,29.90,true,1,3189151
3189168,false,חלבון חלב ושומן צמחי מעושנת,כפיר,,חלבון חלב ושומן צמחי מעושנת,קילוגרמים,1,"ק""ג",false,0,34.90,34.90,true,1,3189168
3189199,true,חלבון חלב ושומן צמחי בטעם מקסיקני חריף,כפיר,,חלבון חלב ושומן צמחי בטעם מקסיקני חריף,קילוגרמים,0,"ק""ג",true,0,35.00,0.00,true,1,3189199
3189205,false,הצהובה הטובה קלסית 9%,כפיר,,הצהובה הטובה קלסית 9%,גרמים,200,100 גרם,false,0,11.90,5.95,true,1,3189205
3189267,false,הצהובה הטובה קלאסית 5%,כפיר,,הצהובה הטובה קלאסית 5%,גרמים,200,100 גרם,false,0,13.90,6.95,true,1,3189267
3189274,true,חלבון חלב ושומן צמחי בנוסח מעושן,כפיר,,חלבון חלב ושומן צמחי בנוסח מעושן,קילוגרמים,0,"ק""ג",true,0,35.00,0.00,true,1,3189274
3189557,false,הצהובה הטובה מעושנת 5%,כפיר,,הצהובה הטובה מעושנת 5%,גרמים,200,100 גרם,false,0,13.90,6.95,true,1,3189557
3189571,false,הצהובה הטובה שום שמיר 5%,כפיר,,הצהובה הטובה שום שמיר 5%,גרמים,200,100 גרם,false,0,13.90,6.95,true,1,3189571
3208128,false,קאווה גודופרדו לבן חצי יבש,קאווה גודופרדו Cava Godofredo,,קאווה גודופרדו לבן חצי יבש,מליליטרים,750,"100 מ""ל",false,0,31.90,4.25,true,1,3208128
3208135,false,יין נתזים לבן יבש קאווה גודופרדו,קאווה גודופרדו Cava Godofredo,,יין נתזים לבן יבש קאווה גודופרדו,מליליטרים,750,"100 מ""ל",false,0,31.90,4.25,true,1,3208135
3208609,false,מרטיני רוסו Rosso,מרטיני Martini,,מרטיני רוסו Rosso,מליליטרים,750,"100 מ""ל",false,0,44.90,7.32,true,1,3208609
3215003,false,ביצים אורגניות (M),הרדוף,,ביצים אורגניות (M),יחידות,12,יחידה,false,0,27.90,2.33,true,1,3215003
3220595,false,אורז להכנת סושי,ווק Wok,,אורז להכנת סושי,קילוגרמים,1,"ק""ג",false,0,10.90,10.90,true,1,3220595
3220724,false,מקלות סושי צ'ופסטיק,ווק Wok,,מקלות סושי צ'ופסטיק,,0,,false,0,5.90,0.00,true,1,3220724
3222049,false,מארז 12 פיתות ביס מקמח מלא,מאפית המכבים,,מארז 12 פיתות ביס מקמח מלא,גרמים,600,100 גרם,false,0,10.90,1.82,true,1,3222049
3222070,false,מארז 13 פיתות,מאפית המכבים,,מארז 13 פיתות,גרמים,1360,100 גרם,false,0,9.90,0.73,true,1,3222070
3222094,false,מארז 11 פיתות ביס תימני,מאפית המכבים,,מארז 11 פיתות ביס תימני,גרמים,550,100 גרם,false,11,10.00,1.82,true,1,3222094
3222568,false,מארז 5 פיתות,מאפית המכבים,,מארז 5 פיתות,גרמים,500,100 גרם,false,0,4.90,0.98,true,1,3222568
3222742,false,מארז 10 פיתות תימניות עבודת יד,מאפית המכבים,,מארז 10 פיתות תימניות עבודת יד,גרמים,1000,100 גרם,false,0,10.90,1.09,true,1,3222742
3222780,false,מארז 5 פיתות כפריות 100% קמח מלא ללא תוספת סוכר,מאפית המכבים,,מארז 5 פיתות כפריות 100% קמח מלא ללא תוספת סוכר,גרמים,500,100 גרם,false,0,4.90,0.98,true,1,3222780
3222797,false,מארז 10 פיתות 100% כוסמין מלא,מאפית המכבים,,מארז 10 פיתות 100% כוסמין מלא,גרמים,600,100 גרם,false,0,12.90,2.15,true,1,3222797
3227013,false,דאודורנט ספריי ללא אלומיניום,חלאבין Halvin,,דאודורנט ספריי ללא אלומיניום,מליליטרים,150,"100 מ""ל",false,0,19.90,13.27,true,1,3227013
3227402,false,תחליב גוף ללילה מידנייט Midnight,חלאבין Halvin,,תחליב גוף ללילה מידנייט Midnight,מליליטרים,275,"100 מ""ל",false,0,29.90,10.87,true,1,3227402
3227990,false,קרם דאודורנט לנשים לבית שחי היפואלרגני,חלאבין Halvin,,קרם דאודורנט לנשים לבית שחי היפואלרגני,גרמים,10,100 גרם,false,0,39.90,399.00,true,1,3227990
3229109,false,הודו פפריקה,טירת צבי,,הודו פפריקה,גרמים,400,100 גרם,false,0,26.90,7.48,true,1,3229109
3229116,false,פסטרמה בדבש,טירת צבי,,פסטרמה בדבש,גרמים,400,100 גרם,false,0,26.90,7.48,true,1,3229116
3229123,false,פסטרמה גחלים 2% שומן ללא גלוטן,טירת צבי,,פסטרמה גחלים 2% שומן ללא גלוטן,גרמים,400,100 גרם,false,0,26.90,7.48,true,1,3229123
3229147,false,סלמי בסגנון איטלקי,טירת צבי,,סלמי בסגנון איטלקי,גרמים,300,100 גרם,false,0,24.90,9.97,true,1,3229147
3229154,false,סלמי קוניאק,טירת צבי,,סלמי קוניאק,גרמים,300,100 גרם,false,0,24.90,9.97,true,1,3229154
3229192,false,פסטרמה כתף בקר מעושנת,טירת צבי,,פסטרמה כתף בקר מעושנת,גרמים,400,100 גרם,false,0,34.90,8.73,true,1,3229192
3229208,false,פסטרמה בסגנון ספרדי,טירת צבי,,פסטרמה בסגנון ספרדי,גרמים,360,100 גרם,false,0,26.90,8.31,true,1,3229208
3229215,false,פסטרמה בסגנון איטלקי,טירת צבי,,פסטרמה בסגנון איטלקי,גרמים,360,100 גרם,false,0,26.90,8.31,true,1,3229215
3229222,false,סלמי תה,טירת צבי,,סלמי תה,גרמים,300,100 גרם,false,0,22.90,7.63,true,1,3229222
3251063,false,שעווה טבעית דבש,שוורץ Schwartz,,שעווה טבעית דבש,גרמים,500,100 גרם,false,0,9.90,1.98,true,1,3251063
3251070,false,שעווה טבעית למיקרוגל,שוורץ Schwartz,,שעווה טבעית למיקרוגל,גרמים,500,100 גרם,false,0,9.90,1.98,true,1,3251070
3251087,false,שעווה טבעית גוש לשיער הפנים,שוורץ Schwartz,,שעווה טבעית גוש לשיער הפנים,גרמים,100,100 גרם,false,0,8.90,8.90,true,1,3251087
3251148,false,נייר לשעווה,שוורץ Schwartz,,נייר לשעווה,יחידות,50,יחידה,false,0,10.90,0.22,true,1,3251148
3251797,false,קרם חמצן 9%,שוורץ Schwartz,,קרם חמצן 9%,מליליטרים,500,"100 מ""ל",false,0,9.90,1.98,true,1,3251797
3251865,false,שקית אבקת הבהרה,שוורץ Schwartz,,שקית אבקת הבהרה,גרמים,10,100 גרם,false,0,3.90,39.00,true,1,3251865
3251933,false,קרם חמצן 6%,שוורץ Schwartz,,קרם חמצן 6%,מליליטרים,500,"100 מ""ל",false,0,9.90,1.98,true,1,3251933
3258291,false,דאודורנט לנשים פנינה רוזנבלום מס 3,פנינה רוזנבלום PR,,דאודורנט לנשים פנינה רוזנבלום מס 3,מליליטרים,150,"100 מ""ל",false,0,15.90,10.60,true,1,3258291
3258406,false,ווקס לשיער,פנינה רוזנבלום PR,,ווקס לשיער,מליליטרים,100,"100 מ""ל",false,0,14.90,14.90,true,1,3258406
3319084,false,געפילטע פיש 12 קציצות מדג קרפיון וכסיף,הדג המיוחד,,געפילטע פיש 12 קציצות מדג קרפיון וכסיף,גרמים,980,100 גרם,false,0,24.90,2.54,true,1,3319084
3319091,false,געפילטע פיש 14 קציצות מדגי קרפיון וכסיף,הדג המיוחד,,געפילטע פיש 14 קציצות מדגי קרפיון וכסיף,גרמים,1000,100 גרם,false,0,24.90,2.49,true,1,3319091
3319107,false,געפילטע פיש גולד 12 קציצות מדגי קרפיון וכסיף,הדג המיוחד,,געפילטע פיש גולד 12 קציצות מדגי קרפיון וכסיף,גרמים,1000,100 גרם,false,0,27.90,2.79,true,1,3319107
3319145,false,קציצות בסגנון געפיטע פיש עם דגים 8 קציצות,הדג המיוחד,,קציצות בסגנון געפיטע פיש עם דגים 8 קציצות,גרמים,700,100 גרם,false,0,16.90,2.41,true,1,3319145
3319428,false,קציצות בסגנון געפילטע פיש עם דגים 6 קציצות,הדג המיוחד,,קציצות בסגנון געפילטע פיש עם דגים 6 קציצות,גרמים,610,100 גרם,false,0,15.90,2.61,true,1,3319428
3321155,false,יוגורט עם אגוזי פקאן ללא גלוטן 4.7%,דנונה - שטראוס,,יוגורט עם אגוזי פקאן ללא גלוטן 4.7%,גרמים,183,100 גרם,false,0,4.50,2.46,true,1,3321155
3321292,false,סקי גבינה לבנה 9%,שטראוס,,סקי גבינה לבנה 9%,גרמים,250,100 גרם,false,0,4.70,1.88,true,1,3321292
3387205,false,דאודורנט סטיק לגבר regular,ספיד סטיק Speed Stick,,דאודורנט סטיק לגבר regular,גרמים,57,100 גרם,false,0,19.90,40.46,true,1,3387205
3387410,false,פדים להסרת איפור,בלונס Balloons,,פדים להסרת איפור,יחידות,3,יחידה,false,3,18.90,6.30,true,1,3387410
3400500,false,חטיף שוקולד ריסס Reese's קרמל ובוטנים,ריסס Reese's,,חטיף שוקולד ריסס Reese's קרמל ובוטנים,גרמים,47,100 גרם,false,0,3.90,8.30,true,1,3400500
3401369,false,קרם לחות לשיער יבש מאוד ופגום עם חוחבה,נטורל פורמולה Natural Formula,,קרם לחות לשיער יבש מאוד ופגום עם חוחבה,מליליטרים,400,"100 מ""ל",false,0,17.90,6.23,true,1,3401369
3401376,false,קרם לחות לשיער רגיל עד יבש עם אלוורה,נטורל פורמולה Natural Formula,,קרם לחות לשיער רגיל עד יבש עם אלוורה,מליליטרים,400,"100 מ""ל",false,0,17.90,6.23,true,1,3401376
3401420,false,קרם לחות לכל סוגי השיער עם סיליקון,נטורל פורמולה Natural Formula,,קרם לחות לכל סוגי השיער עם סיליקון,מליליטרים,400,"100 מ""ל",false,0,17.90,6.23,true,1,3401420
3401642,false,קרם לחות לשיער גלי עד מתולתל Go curly,נטורל פורמולה Natural Formula,,קרם לחות לשיער גלי עד מתולתל Go curly,מליליטרים,400,"100 מ""ל",false,0,19.90,6.48,true,1,3401642
3401666,false,ווקס לברק חזק,נטורל פורמולה Natural Formula,,ווקס לברק חזק,מליליטרים,150,"100 מ""ל",false,0,24.90,16.60,true,1,3401666
3402809,false,ריסס Reese's שוקולד לבן במילוי חמאת בוטנים,ריסס Reese's,,ריסס Reese's שוקולד לבן במילוי חמאת בוטנים,גרמים,39,100 גרם,false,0,4.90,12.56,true,1,3402809
3409044,false,בשר בקר טחון קפוא,מעדני הגליל,,בשר בקר טחון קפוא,גרמים,1000,100 גרם,false,0,39.90,3.99,true,1,3409044
3409068,false,בורגר בקר קפוא,מעדני הגליל,,בורגר בקר קפוא,גרמים,2000,100 גרם,false,0,49.90,3.00,true,1,3409068
3409099,true,בשר בקר לחמין קפוא,מעדני הגליל,,בשר בקר לחמין קפוא,קילוגרמים,0,"ק""ג",true,0,39.90,0.00,true,1,3409099
3409105,false,אנטריקוט בורגר מנתח מובחר קפוא,מעדני הגליל,,אנטריקוט בורגר מנתח מובחר קפוא,גרמים,500,100 גרם,false,0,34.90,6.98,true,1,3409105
3409143,false,נקניקיות מיני מרגז קפוא,מעדני הגליל,,נקניקיות מיני מרגז קפוא,גרמים,500,100 גרם,false,0,29.90,5.98,true,1,3409143
3409198,true,פילה אמנון,מעדני הים,,פילה אמנון,קילוגרמים,0,"ק""ג",true,0,29.90,0.00,true,1,3409198
3409204,true,פילה לברק,מעדני הים,,פילה לברק,קילוגרמים,0,"ק""ג",true,0,39.90,0.00,true,1,3409204
3409365,false,סטייק עין קפוא,מעדני הגליל,,סטייק עין קפוא,גרמים,800,100 גרם,false,0,79.00,12.38,true,1,3409365
3409372,false,סטייק בורגר סדרת פרימיום קפוא,מעדני הגליל,,סטייק בורגר סדרת פרימיום קפוא,גרמים,500,100 גרם,false,0,34.90,6.98,true,1,3409372
3409389,false,בורגר עוף קפוא,מעדני הגליל,,בורגר עוף קפוא,גרמים,400,100 גרם,false,0,19.90,4.98,true,1,3409389
3409396,false,קבב עוף קפוא,מעדני הגליל,,קבב עוף קפוא,גרמים,400,100 גרם,false,0,19.90,4.98,true,1,3409396
3409426,false,שווארמה הודו מתובלת קפוא,מעדני הגליל,,שווארמה הודו מתובלת קפוא,גרמים,500,100 גרם,false,0,29.90,5.98,true,1,3409426
3409433,false,נקניקיות מרגז עוף חריף קפוא,מעדני הגליל,,נקניקיות מרגז עוף חריף קפוא,גרמים,500,100 גרם,false,0,19.90,3.98,true,1,3409433
3409655,true,פילה דג אמנון קפוא ללא עור,מעדני הים,,פילה דג אמנון קפוא ללא עור,קילוגרמים,0,"ק""ג",true,0,39.90,0.00,true,1,3409655
3409907,false,קבב ג'מבו רומני קפוא,מעדני הגליל,,קבב ג'מבו רומני קפוא,גרמים,500,100 גרם,false,0,29.90,5.98,true,1,3409907
3409914,false,קבב ג'מבו טורקי קפוא,מעדני הגליל,,קבב ג'מבו טורקי קפוא,גרמים,500,100 גרם,false,0,29.90,5.98,true,1,3409914
3409921,false,קבב ג'מבו עיראקי קפוא,מעדני הגליל,,קבב ג'מבו עיראקי קפוא,גרמים,500,100 גרם,false,0,29.90,5.98,true,1,3409921
3409938,false,קבב ג'מבו מזרחי קפוא,מעדני הגליל,,קבב ג'מבו מזרחי קפוא,גרמים,500,100 גרם,false,0,29.90,5.98,true,1,3409938
3409945,false,קבב ג'מבו כבש קפוא,מעדני הגליל,,קבב ג'מבו כבש קפוא,גרמים,500,100 גרם,false,0,29.90,5.98,true,1,3409945
3411054,false,שקיות לצלייה לתנור ולמיקרוגל ענק,הנמל,,שקיות לצלייה לתנור ולמיקרוגל ענק,יחידות,5,יחידה,false,0,4.90,0.98,true,1,3411054
3411573,false,צלחות עמוקות עבות במיוחד,הנמל,,צלחות עמוקות עבות במיוחד,יחידות,30,יחידה,false,0,17.90,0.60,true,1,3411573
3411689,false,ליפתניות,הנמל,,ליפתניות,יחידות,25,יחידה,false,0,4.90,0.20,true,1,3411689
3411726,false,קיסמי שיניים הנמל,הנמל,,קיסמי שיניים הנמל,יחידות,300,יחידה,false,0,2.90,0.01,true,1,3411726
3411948,false,צמר גפן רפואי סופג,ביוטיפול Beautiful,,צמר גפן רפואי סופג,גרמים,100,100 גרם,false,0,3.90,3.90,true,1,3411948
3411993,false,גפרורים - מארז 10 יחידות,הנמל,,גפרורים - מארז 10 יחידות,יחידות,10,יחידה,false,0,2.00,0.20,true,1,3411993
3414406,false,נטיפי חמאת בוטנים לאפיה ריסס Reese's,הרשיס Hershey's,,נטיפי חמאת בוטנים לאפיה ריסס Reese's,גרמים,283,100 גרם,false,0,14.90,5.27,true,1,3414406
3415076,true,עצמות עגל קפוא ארוז,מעדני הגליל,,עצמות עגל קפוא ארוז,קילוגרמים,0,"ק""ג",true,0,19.90,0.00,true,1,3415076
3415120,false,סטייק אנטריקוט דק דק קפוא,מעדני הגליל,,סטייק אנטריקוט דק דק קפוא,גרמים,250,100 גרם,false,0,24.90,11.96,true,1,3415120
3415229,true,שומן כבש קפוא,מעדני הגליל,,שומן כבש קפוא,קילוגרמים,0,"ק""ג",true,0,69.90,0.00,true,1,3415229
3415564,true,גרון עוף ארוז קפוא,מעדני הגליל,,גרון עוף ארוז קפוא,קילוגרמים,0,"ק""ג",true,0,3.90,0.00,true,1,3415564
3415625,true,שיפודי פרגיות קפוא ארוז,מעדני הגליל,,שיפודי פרגיות קפוא ארוז,קילוגרמים,0,"ק""ג",true,0,59.90,0.00,true,1,3415625
3415632,true,סטייק פרגיות קפוא ארוז,מעדני הגליל,,סטייק פרגיות קפוא ארוז,קילוגרמים,0,"ק""ג",true,0,69.90,0.00,true,1,3415632
3415656,false,עדשים שחורות,חצי חינם,,עדשים שחורות,גרמים,500,100 גרם,false,0,7.90,1.58,true,1,3415656
3415663,false,עוף טחון קפוא,מעדני הגליל,,עוף טחון קפוא,גרמים,500,100 גרם,false,0,14.90,2.98,true,1,3415663
3415694,true,בשר ראש קפוא ארוז,מעדני הגליל,,בשר ראש קפוא ארוז,קילוגרמים,0,"ק""ג",true,0,49.90,0.00,true,1,3415694
3415724,true,סטייק עוף ארוז קפוא,מעדני הגליל,,סטייק עוף ארוז קפוא,קילוגרמים,0,"ק""ג",true,0,21.90,0.00,true,1,3415724
3415809,true,אצבעות אנטריקוט קפוא,מעדני הגליל,,אצבעות אנטריקוט קפוא,קילוגרמים,0,"ק""ג",true,0,59.90,0.00,true,1,3415809
3415847,false,נקניקיות מרגז קפוא,מעדני הגליל,,נקניקיות מרגז קפוא,גרמים,500,100 גרם,false,0,29.90,5.98,true,1,3415847
3415854,false,נקניקיות צ'וריסוס קפוא,מעדני הגליל,,נקניקיות צ'וריסוס קפוא,גרמים,500,100 גרם,false,0,29.90,5.98,true,1,3415854
3415878,true,קורנדביף קפוא ארוז,מעדני הגליל,,קורנדביף קפוא ארוז,קילוגרמים,0,"ק""ג",true,0,49.90,0.00,true,1,3415878
3415885,false,קישקע קפוא ארוז,מעדני הגליל,,קישקע קפוא ארוז,גרמים,500,100 גרם,false,0,19.90,3.98,true,1,3415885
3415984,true,שניצל בקר קפוא ארוז,מעדני הגליל,,שניצל בקר קפוא ארוז,קילוגרמים,0,"ק""ג",true,0,69.90,0.00,true,1,3415984
3423909,false,חטיף בטעם שוקולד לבן עם שברי עוגיות,הרשיס Hershey's,,חטיף בטעם שוקולד לבן עם שברי עוגיות,גרמים,43,100 גרם,false,0,4.90,11.40,true,1,3423909
3438006,false,פסטו איטלקי,אוליביה,,פסטו איטלקי,גרמים,180,100 גרם,false,0,12.90,7.17,true,1,3438006
3438013,false,ממרח זיתים ירוקים,אוליביה,,ממרח זיתים ירוקים,גרמים,190,100 גרם,false,0,12.90,6.79,true,1,3438013
3438020,false,ממרח עגבניות מיובשות,אוליביה,,ממרח עגבניות מיובשות,גרמים,190,100 גרם,false,0,12.90,6.79,true,1,3438020
3438709,false,ממרח זיתים,אוליביה,,ממרח זיתים,גרמים,190,100 גרם,false,0,12.90,6.79,true,1,3438709
3438853,false,אריסה חריפה,אוליביה,,אריסה חריפה,גרמים,180,100 גרם,false,0,12.90,7.17,true,1,3438853
3444009,false,ריסס Reese's שוקולד חלב במילוי חמאת בוטנים,ריסס Reese's,,ריסס Reese's שוקולד חלב במילוי חמאת בוטנים,גרמים,42,100 גרם,false,0,3.90,9.29,true,1,3444009
3450602,false,ממרח חרדל צהוב,היינץ Heinz,,ממרח חרדל צהוב,גרמים,255,100 גרם,false,0,7.90,3.10,true,1,3450602
3475124,false,צמר גפן עננים,,,צמר גפן עננים,גרמים,100,100 גרם,false,0,5.90,5.90,true,1,3475124
3485017,false,קוואקר דק,חצי חינם,,קוואקר דק,גרמים,500,100 גרם,false,0,4.90,0.98,true,1,3485017
3485024,false,קוואקר עבה,חצי חינם,,קוואקר עבה,גרמים,500,100 גרם,false,0,4.90,0.98,true,1,3485024
3485031,false,בורגול עבה,חצי חינם,,בורגול עבה,גרמים,500,100 גרם,false,0,4.90,0.98,true,1,3485031
3485048,false,כוסמת,חצי חינם,,כוסמת,גרמים,500,100 גרם,false,0,5.90,1.18,true,1,3485048
3485055,false,אורז תאילנדי,חצי חינם,,אורז תאילנדי,קילוגרמים,1,"ק""ג",false,0,8.90,8.90,true,1,3485055
3485123,true,חזה עוף קפוא ארוז,מעדני הגליל,,חזה עוף קפוא ארוז,קילוגרמים,0,"ק""ג",true,0,19.90,0.00,true,1,3485123
3485147,false,אורז יסמין,חצי חינם,,אורז יסמין,קילוגרמים,1,"ק""ג",false,0,9.90,9.90,true,1,3485147
3485185,false,אורז ריזוטו,חצי חינם,,אורז ריזוטו,קילוגרמים,1,"ק""ג",false,0,9.90,9.90,true,1,3485185
3485192,false,אורז בסמטי,חצי חינם,,אורז בסמטי,קילוגרמים,1,"ק""ג",false,0,9.90,9.90,true,1,3485192
3485208,false,אורז פלא,חצי חינם,,אורז פלא,קילוגרמים,1,"ק""ג",false,0,8.90,8.90,true,1,3485208
3485215,false,אורז להכנת סושי,חצי חינם,,אורז להכנת סושי,קילוגרמים,1,"ק""ג",false,0,8.90,8.90,true,1,3485215
3485222,false,סוכר,חצי חינם,,סוכר,קילוגרמים,1,"ק""ג",false,0,3.90,3.90,true,1,3485222
3485260,true,שוקיים עוף קפוא ארוז,מעדני הגליל,,שוקיים עוף קפוא ארוז,קילוגרמים,0,"ק""ג",true,0,29.90,0.00,true,1,3485260
3485277,true,כנפיים עוף קפוא ארוז,מעדני הגליל,,כנפיים עוף קפוא ארוז,קילוגרמים,0,"ק""ג",true,0,7.90,0.00,true,1,3485277
3485284,true,שניצל עוף קפוא ארוז,מעדני הגליל,,שניצל עוף קפוא ארוז,קילוגרמים,0,"ק""ג",true,0,34.90,0.00,true,1,3485284
3485307,false,אורז מלא,חצי חינם,,אורז מלא,קילוגרמים,1,"ק""ג",false,0,8.90,8.90,true,1,3485307
3485314,false,בורגול דק,חצי חינם,,בורגול דק,גרמים,500,100 גרם,false,0,4.90,0.98,true,1,3485314
3485321,false,חיטה,חצי חינם,,חיטה,גרמים,500,100 גרם,false,0,4.90,0.98,true,1,3485321
3485338,false,לוביה,חצי חינם,,לוביה,גרמים,500,100 גרם,false,0,6.90,1.38,true,1,3485338
3485345,false,גריסי פנינה,חצי חינם,,גריסי פנינה,גרמים,500,100 גרם,false,0,4.90,0.98,true,1,3485345
3485352,false,אורז עגול,חצי חינם,,אורז עגול,קילוגרמים,1,"ק""ג",false,0,8.90,8.90,true,1,3485352
3485369,false,חומוס גדול,חצי חינם,,חומוס גדול,גרמים,500,100 גרם,false,0,9.90,1.98,true,1,3485369
3485376,false,פול קטן,חצי חינם,,פול קטן,גרמים,500,100 גרם,false,0,4.90,0.98,true,1,3485376
3485383,false,פול גדול,חצי חינם,,פול גדול,גרמים,500,100 גרם,false,0,8.90,1.78,true,1,3485383
3485390,false,עדשים אדומות,חצי חינם,,עדשים אדומות,גרמים,500,100 גרם,false,0,5.90,1.18,true,1,3485390
3485406,false,עדשים ירוקות,חצי חינם,,עדשים ירוקות,גרמים,500,100 גרם,false,0,5.90,1.18,true,1,3485406
3485413,false,פופקורן,חצי חינם,,פופקורן,גרמים,500,100 גרם,false,0,5.90,1.18,true,1,3485413
3485499,false,מש,חצי חינם,,מש,גרמים,500,100 גרם,false,0,5.90,1.18,true,1,3485499
3485505,false,שעועית אדומה,חצי חינם,,שעועית אדומה,גרמים,500,100 גרם,false,0,6.90,1.38,true,1,3485505
3485529,false,שעועית אמריקאית,חצי חינם,,שעועית אמריקאית,גרמים,500,100 גרם,false,0,6.90,1.38,true,1,3485529
3485543,false,אפונה,חצי חינם,,אפונה,גרמים,500,100 גרם,false,0,4.90,0.98,true,1,3485543
3485567,false,תורמוס,חצי חינם,,תורמוס,גרמים,500,100 גרם,false,0,4.90,0.98,true,1,3485567
3485574,false,שעועית ארגנטינאית,חצי חינם,,שעועית ארגנטינאית,גרמים,500,100 גרם,false,0,5.90,1.18,true,1,3485574
3485666,false,גרגרי חומוס,חצי חינם,,גרגרי חומוס,גרמים,500,100 גרם,false,0,6.90,1.38,true,1,3485666
3485680,false,קוקוס טחון,חצי חינם,,קוקוס טחון,גרמים,200,100 גרם,false,0,5.90,2.95,true,1,3485680
3485697,false,שומשום,חצי חינם,,שומשום,גרמים,200,100 גרם,false,0,4.90,2.45,true,1,3485697
3485734,false,דוחן,חצי חינם,,דוחן,גרמים,500,100 גרם,false,0,5.90,1.18,true,1,3485734
3485796,false,אורז פרסי,חצי חינם,,אורז פרסי,גרמים,1000,100 גרם,false,0,9.90,0.99,true,1,3485796
3485901,true,בוטנים לא קלויים- סוגים שונים,,,בוטנים לא קלויים- סוגים שונים,קילוגרמים,0,"ק""ג",true,0,29.00,0.00,true,1,3485901
3485918,true,אגוזי לוז לא קלויים,,,אגוזי לוז לא קלויים,קילוגרמים,0,"ק""ג",true,0,49.00,0.00,true,1,3485918
3485925,true,צנובר ענק,,,צנובר ענק,קילוגרמים,0,"ק""ג",true,0,199.00,0.00,true,1,3485925
3485932,true,פיסטוק חלבי מקולף,,,פיסטוק חלבי מקולף,קילוגרמים,0,"ק""ג",true,0,119.00,0.00,true,1,3485932
3485949,true,שקד אמריקאי טבעי,,,שקד אמריקאי טבעי,קילוגרמים,0,"ק""ג",true,0,69.00,0.00,true,1,3485949
3486014,true,זנגוויל מופחת סוכר,,,זנגוויל מופחת סוכר,קילוגרמים,0,"ק""ג",true,0,39.00,0.00,true,1,3486014
3486021,true,שקד מולבן פרוס,,,שקד מולבן פרוס,קילוגרמים,0,"ק""ג",true,0,79.00,0.00,true,1,3486021
3486038,true,שקד מולבן גפרורים,,,שקד מולבן גפרורים,קילוגרמים,0,"ק""ג",true,0,69.00,0.00,true,1,3486038
3486083,true,תפוח עץ טבעות,,,תפוח עץ טבעות,קילוגרמים,0,"ק""ג",true,0,35.00,0.00,true,1,3486083
3486090,true,פקאן אמריקאים מקולף,,,פקאן אמריקאים מקולף,קילוגרמים,0,"ק""ג",true,0,99.00,0.00,true,1,3486090
3486137,true,טבעות אננס מסוכר,,,טבעות אננס מסוכר,קילוגרמים,0,"ק""ג",true,0,39.00,0.00,true,1,3486137
3486144,true,אגוזי ברזיל מקולף,,,אגוזי ברזיל מקולף,קילוגרמים,0,"ק""ג",true,0,99.00,0.00,true,1,3486144
3486168,true,קשיו טבעי,,,קשיו טבעי,קילוגרמים,0,"ק""ג",true,0,59.00,0.00,true,1,3486168
3486175,true,משמש מיובש,,,משמש מיובש,קילוגרמים,0,"ק""ג",true,0,39.00,0.00,true,1,3486175
3486205,true,גרעיני דלעת מקולף,,,גרעיני דלעת מקולף,קילוגרמים,0,"ק""ג",true,0,29.00,0.00,true,1,3486205
3486243,true,אגוזי מלך ללא קליפה,,,אגוזי מלך ללא קליפה,קילוגרמים,0,"ק""ג",true,0,59.00,0.00,true,1,3486243
3486274,true,פיסטוק חלבי,,,פיסטוק חלבי,קילוגרמים,0,"ק""ג",true,0,79.00,0.00,true,1,3486274
3486281,true,תמר מגהול ענק,,,תמר מגהול ענק,קילוגרמים,0,"ק""ג",true,0,49.00,0.00,true,1,3486281
3486304,true,תאנים מיובשים,,,תאנים מיובשים,קילוגרמים,0,"ק""ג",true,0,49.00,0.00,true,1,3486304
3486328,true,צימוק בהיר גדול,,,צימוק בהיר גדול,קילוגרמים,0,"ק""ג",true,0,49.00,0.00,true,1,3486328
3486335,true,שזיף מגולען,,,שזיף מגולען,קילוגרמים,0,"ק""ג",true,0,45.00,0.00,true,1,3486335
3486342,true,שזיף מיובש,,,שזיף מיובש,קילוגרמים,0,"ק""ג",true,0,39.00,0.00,true,1,3486342
3486359,true,בננה צ'יפס,,,בננה צ'יפס,קילוגרמים,0,"ק""ג",true,0,29.00,0.00,true,1,3486359
3486403,true,צימוק כהה שחור,,,צימוק כהה שחור,קילוגרמים,0,"ק""ג",true,0,29.00,0.00,true,1,3486403
3486410,true,תמר אמרי,,,תמר אמרי,קילוגרמים,0,"ק""ג",true,0,29.00,0.00,true,1,3486410
3486533,true,פקאן מסוכר,,,פקאן מסוכר,קילוגרמים,0,"ק""ג",true,0,79.00,0.00,true,1,3486533
3486571,true,קבוקים,,,קבוקים,קילוגרמים,0,"ק""ג",true,0,25.00,0.00,true,1,3486571
3486588,true,קבוקים שומשום,,,קבוקים שומשום,קילוגרמים,0,"ק""ג",true,0,25.00,0.00,true,1,3486588
3486595,true,בוטן אמריקאי,,,בוטן אמריקאי,קילוגרמים,0,"ק""ג",true,0,25.00,0.00,true,1,3486595
3514007,false,שקדי מרק,מנה Mana,,שקדי מרק,גרמים,400,100 גרם,false,0,8.90,2.23,true,1,3514007
3514571,false,פריכיות אורז מאורז חום מלא עם מלח,מנה Mana,,פריכיות אורז מאורז חום מלא עם מלח,גרמים,100,100 גרם,false,0,4.90,4.90,true,1,3514571
3521074,false,סרקל מרכך שיער לילדים לסירוק קל,"ד""ר פישר Dr fischer",,סרקל מרכך שיער לילדים לסירוק קל,ליטרים,1,ליטר,false,0,28.90,28.90,true,1,3521074
3521081,false,סרקל שמפו לילדים מכיל רוזמרין,"ד""ר פישר Dr fischer",,סרקל שמפו לילדים מכיל רוזמרין,ליטרים,1,ליטר,false,0,28.90,28.90,true,1,3521081
3521166,false,סרקל קרם רוזמרין לילדים ללא שטיפה לסירוק קל,"ד""ר פישר Dr fischer",,סרקל קרם רוזמרין לילדים ללא שטיפה לסירוק קל,גרמים,325,100 גרם,false,0,22.90,7.05,true,1,3521166
3521197,false,סרקל תרסיס מתיר קשרים לילדים,"ד""ר פישר Dr fischer",,סרקל תרסיס מתיר קשרים לילדים,מליליטרים,340,"100 מ""ל",false,0,22.90,6.74,true,1,3521197
3521203,false,סרקל שמפו לילדים מכיל רוזמרין,"ד""ר פישר Dr fischer",,סרקל שמפו לילדים מכיל רוזמרין,ליטרים,2,ליטר,false,0,44.90,22.45,true,1,3521203
3521210,false,סרקל מרכך לילדים,"ד""ר פישר Dr fischer",,סרקל מרכך לילדים,ליטרים,2,ליטר,false,0,44.90,22.45,true,1,3521210
3521395,false,אל סבון עדין לתינוק קמיל בלו סנסטיב,"ד""ר פישר Dr fischer",,אל סבון עדין לתינוק קמיל בלו סנסטיב,ליטרים,2,ליטר,false,0,42.90,21.45,true,1,3521395
3521418,false,מגבונים עדינים קמיל בלו עבים במיוחד,"ד""ר פישר Dr fischer",,מגבונים עדינים קמיל בלו עבים במיוחד,יחידות,72,יחידה,false,0,9.90,0.14,true,1,3521418
3521463,false,שמפו לתינוק ללא דמעות Senstive,"ד""ר פישר Dr fischer",,שמפו לתינוק ללא דמעות Senstive,ליטרים,2,ליטר,false,0,42.90,21.45,true,1,3521463
3550753,false,נתחי טונה בהירה בשמן - מארז 4 יח',פוסידון,,נתחי טונה בהירה בשמן - מארז 4 יח',גרמים,432,100 גרם,false,4,19.90,4.61,true,1,3550753
3561926,false,עוגת קראנץ שוקולד,בונז'ור,,עוגת קראנץ שוקולד,,0,,false,0,29.90,0.00,true,1,3561926
3578153,false,טונה בהירה בשמן צמחי,וילי פוד,,טונה בהירה בשמן צמחי,גרמים,160,100 גרם,false,0,5.90,3.69,true,1,3578153
3578160,false,נתחי טונה בהירה במי מלח,וילי פוד,,נתחי טונה בהירה במי מלח,גרמים,160,100 גרם,false,0,5.90,3.69,true,1,3578160
3578290,false,מקלוני אורז Rice sticks,וילי פוד,,מקלוני אורז Rice sticks,גרמים,300,100 גרם,false,0,5.90,1.97,true,1,3578290
3578313,false,דובדבנים חמוצים ללא חרצנים בסירופ,וילי פוד,,דובדבנים חמוצים ללא חרצנים בסירופ,גרמים,680,100 גרם,false,0,9.90,1.46,true,1,3578313
3643004,false,אורז בסמטי קלאסי,סוגת,,אורז בסמטי קלאסי,קילוגרמים,1,"ק""ג",false,0,12.90,12.90,true,1,3643004
3643325,false,קוסקוס בינוני מהיר הכנה,סוגת,,קוסקוס בינוני מהיר הכנה,גרמים,350,100 גרם,false,0,4.90,1.40,true,1,3643325
3643387,false,סוכר לבן,סוגת,,סוכר לבן,קילוגרמים,1,"ק""ג",false,0,7.90,7.90,true,1,3643387
3643646,false,סוכר דמררה קלאסי,סוגת,,סוכר דמררה קלאסי,קילוגרמים,1,"ק""ג",false,0,12.90,12.90,true,1,3643646
3681006,false,צימוקים בהירים,מיה,,צימוקים בהירים,גרמים,200,100 גרם,false,0,9.90,4.95,true,1,3681006
3681211,false,צנוברים,מיה,,צנוברים,גרמים,80,100 גרם,false,0,19.90,24.88,true,1,3681211
3681235,false,פלפל אנגלי,מיה,,פלפל אנגלי,גרמים,50,100 גרם,false,0,6.90,13.80,true,1,3681235
3681242,false,זעתר,מיה,,זעתר,גרמים,50,100 גרם,false,0,6.90,13.80,true,1,3681242
3681365,false,סוכריות לקישוט צבעוני,מיה,,סוכריות לקישוט צבעוני,גרמים,80,100 גרם,false,0,3.90,4.88,true,1,3681365
3681723,false,תבלין לפיצה,מיה,,תבלין לפיצה,גרמים,80,100 גרם,false,0,6.90,8.63,true,1,3681723
3681730,false,גריל דג,מיה,,גריל דג,גרמים,80,100 גרם,false,0,6.90,8.63,true,1,3681730
3681747,false,גריל בשר,מיה,,גריל בשר,גרמים,80,100 גרם,false,0,6.90,8.63,true,1,3681747
3681754,false,אבקת קארי,מיה,,אבקת קארי,גרמים,80,100 גרם,false,0,6.90,8.63,true,1,3681754
3703418,true,גביניות,בונז'ור,,גביניות,קילוגרמים,0,"ק""ג",true,0,39.00,0.00,true,1,3703418
3719259,false,לחם אקסקלוסיבי,ליבו,,לחם אקסקלוסיבי,קילוגרמים,1,"ק""ג",false,0,13.90,15.90,true,1,3719259
3726141,false,טופו במרקם קשה משק גאיה,משק גאיה,,טופו במרקם קשה משק גאיה,גרמים,300,100 גרם,false,0,12.90,4.30,true,1,3726141
3744428,false,אובלטים מלוחים דקיקים מלוח,ברט,,אובלטים מלוחים דקיקים מלוח,גרמים,300,100 גרם,false,0,10.90,3.63,true,1,3744428
3744855,false,אובלטים מלוחים דקיקים שומשום,ברט,,אובלטים מלוחים דקיקים שומשום,גרמים,300,100 גרם,false,0,10.90,3.63,true,1,3744855
3781652,false,צלפים במי מלח,וילי פוד,,צלפים במי מלח,גרמים,350,100 גרם,false,0,8.90,2.54,true,1,3781652
3796724,true,שקדי עגל טרי,,,שקדי עגל טרי,קילוגרמים,0,"ק""ג",true,0,129.00,0.00,true,1,3796724
3804252,false,תיבוליות הודי,קנור Knorr,,תיבוליות הודי,גרמים,72,100 גרם,false,0,9.90,13.75,true,1,3804252
3804320,false,תיבוליות שום ופטרוזיליה,קנור Knorr,,תיבוליות שום ופטרוזיליה,גרמים,72,100 גרם,false,0,9.90,13.75,true,1,3804320
3804368,false,תיבוליות בזיליקום,קנור Knorr,,תיבוליות בזיליקום,גרמים,72,100 גרם,false,0,9.90,13.75,true,1,3804368
3804382,false,תיבוליות פטריות,קנור Knorr,,תיבוליות פטריות,גרמים,72,100 גרם,false,0,9.90,13.75,true,1,3804382
3805501,false,פתית שוודי,פתית,,פתית שוודי,גרמים,300,100 גרם,false,0,15.90,5.30,true,1,3805501
3805587,false,פתית חיטה מלאה,פתית,,פתית חיטה מלאה,גרמים,250,100 גרם,false,0,15.90,6.36,true,1,3805587
3807178,false,רוטב בסגנון סיני,קנור Knorr,,רוטב בסגנון סיני,מליליטרים,300,"100 מ""ל",false,0,12.90,4.30,true,1,3807178
3807482,false,רוטב טריאקי,קנור Knorr,,רוטב טריאקי,מליליטרים,300,"100 מ""ל",false,0,12.90,4.30,true,1,3807482
3864478,false,סרדינים בשמן צמחי,וילי פוד,,סרדינים בשמן צמחי,גרמים,110,100 גרם,false,0,4.40,4.00,true,1,3864478
3864485,false,סרדינים ברוטב עגבניות,וילי פוד,,סרדינים ברוטב עגבניות,גרמים,110,100 גרם,false,0,4.40,4.00,true,1,3864485
3864492,false,סרדינים בשמן צמחי עם פלפל חריף,וילי פוד,,סרדינים בשמן צמחי עם פלפל חריף,גרמים,110,100 גרם,false,0,4.40,4.00,true,1,3864492
3882694,false,נתחי טונה בהירה בשמן צמחי,וילי פוד,,נתחי טונה בהירה בשמן צמחי,גרמים,1000,100 גרם,false,0,31.90,3.19,true,1,3882694
3882922,false,עלי גפן ממולאים באורז,וילי פוד,,עלי גפן ממולאים באורז,גרמים,400,100 גרם,false,0,7.90,2.23,true,1,3882922
3903771,false,אבקה להכנת משקה קפוצ'ינו,עלית,,אבקה להכנת משקה קפוצ'ינו,גרמים,200,100 גרם,false,0,23.90,11.95,true,1,3903771
3903788,false,אבקה להכנת משקה קפוצ'ינו בטעם וניל,עלית,,אבקה להכנת משקה קפוצ'ינו בטעם וניל,גרמים,200,100 גרם,false,0,23.90,11.95,true,1,3903788
3989096,false,חציל פיקנטי אחלה,אחלה - שטראוס,,חציל פיקנטי אחלה,גרמים,500,100 גרם,false,0,13.90,2.78,true,1,3989096
3989539,false,רביולי במילוי גבינות,שטראוס,,רביולי במילוי גבינות,גרמים,400,100 גרם,false,0,18.90,4.73,true,1,3989539
4011338,false,קצפת מתוקה מוכנה Rich's,נטו-Neto,,קצפת מתוקה מוכנה Rich's,מליליטרים,250,"100 מ""ל",false,0,9.90,3.96,true,1,4011338
4011345,false,קצפת מתוקה מוכנה- פרווה Rich's,נטו-Neto,,קצפת מתוקה מוכנה- פרווה Rich's,מליליטרים,250,"100 מ""ל",false,0,9.90,3.96,true,1,4011345
4014407,false,סוכריות אם אנד אמס M&M חמאת בוטנים,M&M אם אנד אם,,סוכריות אם אנד אמס M&M חמאת בוטנים,גרמים,46,100 גרם,false,0,4.90,10.65,true,1,4014407
4022309,false,סוכריות אם אנד אמס M&M חמאת בוטנים,M&M אם אנד אם,,סוכריות אם אנד אמס M&M חמאת בוטנים,גרמים,89,100 גרם,false,0,6.90,7.75,true,1,4022309
4026776,false,לחם מחמצת אגוזים וצימוקים,רוסטיק Rustic,,לחם מחמצת אגוזים וצימוקים,גרמים,500,100 גרם,false,0,16.90,3.38,true,1,4026776
4030018,false,מיץ לימון,פריניב,,מיץ לימון,מליליטרים,500,"100 מ""ל",false,0,7.90,1.58,true,1,4030018
4030100,false,מיץ תפוזים סחוט ולנסיה,פריניב,,מיץ תפוזים סחוט ולנסיה,ליטרים,1,ליטר,false,0,16.90,16.90,true,1,4030100
4030216,false,נקטר חמוציות,פריניב,,נקטר חמוציות,ליטרים,1,ליטר,false,0,13.90,13.90,true,1,4030216
4030544,false,משקה קל לימונענע,פריניב,,משקה קל לימונענע,ליטרים,1,ליטר,false,0,8.90,10.90,true,1,4030544
4030612,false,"מיץ תפוח, קיווי ואגס",פריניב,,"מיץ תפוח, קיווי ואגס",ליטרים,1,ליטר,false,0,17.90,17.90,true,1,4030612
4030810,false,מיץ תפוז בננה ופסיפלורה סחוטים,פריניב,,מיץ תפוז בננה ופסיפלורה סחוטים,ליטרים,1,ליטר,false,0,18.90,18.90,true,1,4030810
4030834,false,מיץ רימונים 100% סחוט טבעי,פריניב,,מיץ רימונים 100% סחוט טבעי,ליטרים,1,ליטר,false,0,21.90,21.90,true,1,4030834
4043108,false,סוכריות אם אנד אמס M&M שוקולד חלב,M&M אם אנד אם,,סוכריות אם אנד אמס M&M שוקולד חלב,גרמים,89,100 גרם,false,0,6.90,7.75,true,1,4043108
4043205,false,סוכריות אם אנד אמס M&M בוטנים,M&M אם אנד אם,,סוכריות אם אנד אמס M&M בוטנים,גרמים,89,100 גרם,false,0,6.90,7.75,true,1,4043205
4048679,false,קובה למרק,שלושת האופים,,קובה למרק,קילוגרמים,1,"ק""ג",false,0,18.90,18.90,true,1,4048679
4063016,false,מלח שולחן,סלית,,מלח שולחן,קילוגרמים,1,"ק""ג",false,0,1.80,1.80,true,1,4063016
4063115,false,מלח רגיל למליחת בשר ובישול,סלית,,מלח רגיל למליחת בשר ובישול,קילוגרמים,1,"ק""ג",false,0,1.80,1.80,true,1,4063115
4064082,false,מלח ים גולמי,מלח הארץ,,מלח ים גולמי,גרמים,250,100 גרם,false,0,12.90,5.16,true,1,4064082
4064099,false,סלעי מלח גרוסים מהרי ההימלאיה,מלח הארץ,,סלעי מלח גרוסים מהרי ההימלאיה,גרמים,300,100 גרם,false,0,14.90,4.97,true,1,4064099
4064105,false,תערובת מלח ים תבלינים ועשבי תיבול,מלח הארץ,,תערובת מלח ים תבלינים ועשבי תיבול,גרמים,250,100 גרם,false,0,14.90,5.96,true,1,4064105
4064174,false,מלח הימלאיה דק,מלח הארץ,,מלח הימלאיה דק,קילוגרמים,1,"ק""ג",false,0,16.90,16.90,true,1,4064174
4064181,false,מלח הימלאיה גס,מלח הארץ,,מלח הימלאיה גס,קילוגרמים,1,"ק""ג",false,0,16.90,16.90,true,1,4064181
4068011,false,יוגורט כבשים 5%,מחלבות גד,,יוגורט כבשים 5%,גרמים,600,100 גרם,false,0,16.90,2.82,true,1,4068011
4068028,false,צזיקי לשתיה,מחלבות גד,,צזיקי לשתיה,מליליטרים,500,"100 מ""ל",false,0,9.90,1.98,true,1,4068028
4068035,false,איירן לשתיה,מחלבות גד,,איירן לשתיה,מליליטרים,500,"100 מ""ל",false,0,7.90,1.58,true,1,4068035
4068172,false,יוגורט עיזים,מחלבות גד,,יוגורט עיזים,גרמים,600,100 גרם,false,0,16.90,2.82,true,1,4068172
4068196,false,מוצרלה לפיצה 22%,מחלבות גד,,מוצרלה לפיצה 22%,גרמים,500,100 גרם,false,0,29.90,5.98,true,1,4068196
4068332,true,משולש גבינת קממבר בקר,מחלבות גד,,משולש גבינת קממבר בקר,קילוגרמים,0,"ק""ג",true,0,120.00,0.00,true,1,4068332
4068424,true,משולש גבינת גאודה הולנדית מחלב בקר 30%,מחלבות גד,,משולש גבינת גאודה הולנדית מחלב בקר 30%,קילוגרמים,0,"ק""ג",true,0,110.00,0.00,true,1,4068424
4068585,true,משולש גבינת גאודה עיזים,מחלבות גד,,משולש גבינת גאודה עיזים,קילוגרמים,0,"ק""ג",true,0,130.00,0.00,true,1,4068585
4078225,false,מי פה Plax Multi Protection מנטה מרענן,קולגייט Colgate,,מי פה Plax Multi Protection מנטה מרענן,מליליטרים,500,"100 מ""ל",false,0,24.90,5.98,true,1,4078225
4078263,false,מקלוני כותנה,בלונס Balloons,,מקלוני כותנה,יחידות,400,יחידה,false,0,10.90,0.03,true,1,4078263
4078270,false,נוזל כלים לימון,פלמוליב Palmolive,,נוזל כלים לימון,ליטרים,1,ליטר,false,0,13.90,13.90,true,1,4078270
4078690,false,ג'ל עם אקונומיקה 3 ב1 אג'קס WC,אג'קס Ajax,,ג'ל עם אקונומיקה 3 ב1 אג'קס WC,גרמים,750,100 גרם,false,0,14.90,1.99,true,1,4078690
4078942,false,דאודורנט ג'ל 24/7 Shower fresh,ליידי ספיד סטיק Lady Speed Stick,,דאודורנט ג'ל 24/7 Shower fresh,גרמים,63,100 גרם,false,0,19.90,47.46,true,1,4078942
4084110,false,קוביות סוכר,,,קוביות סוכר,גרמים,500,100 גרם,false,0,7.90,1.58,true,1,4084110
4091217,false,חומר לניקוי והברקת כלי כסף,גודרס Goddard's,,חומר לניקוי והברקת כלי כסף,מליליטרים,144,"100 מ""ל",false,0,18.90,13.13,true,1,4091217
4119010,false,שדה גבינה מותכת 25%,תנובה,,שדה גבינה מותכת 25%,גרמים,500,100 גרם,false,0,11.90,2.38,true,1,4119010
4119133,false,יוגורט בטעם טבעי 6.5%,תנובה,,יוגורט בטעם טבעי 6.5%,ליטרים,2,ליטר,false,0,16.90,11.27,true,1,4119133
4119225,false,יוגורט ביו בטעם אננס 3%,יופלה Yoplait,,יוגורט ביו בטעם אננס 3%,גרמים,150,100 גרם,false,0,4.70,3.13,true,1,4119225
4119928,false,מעדן קרלו בטעם וניל,תנובה,,מעדן קרלו בטעם וניל,מליליטרים,125,"100 מ""ל",false,0,2.70,2.16,true,1,4119928
4119973,false,מעדן קרלו בטעם שוקולד,תנובה,,מעדן קרלו בטעם שוקולד,מליליטרים,125,"100 מ""ל",false,0,2.70,2.16,true,1,4119973
4120061,false,מעדן קרלו שכבות בטעמי שוקולד ווניל,תנובה,,מעדן קרלו שכבות בטעמי שוקולד ווניל,מליליטרים,125,"100 מ""ל",false,0,2.80,2.24,true,1,4120061
4120108,false,יוגורט דיאט בטעם דובדבן 0%,יופלה Yoplait,,יוגורט דיאט בטעם דובדבן 0%,גרמים,150,100 גרם,false,0,4.70,3.13,true,1,4120108
4120566,false,גבינה בולגרית 24%,פיראוס,,גבינה בולגרית 24%,גרמים,250,100 גרם,false,0,21.90,8.76,true,1,4120566
4120573,false,גבינה בולגרית 16%,פיראוס,,גבינה בולגרית 16%,גרמים,250,100 גרם,false,0,21.90,8.76,true,1,4120573
4120634,false,גבינה בולגרית 5%,פיראוס,,גבינה בולגרית 5%,גרמים,250,100 גרם,false,0,21.90,8.76,true,1,4120634
4120832,false,חלב טרי כד 3% מהדרין,תנובה,,חלב טרי כד 3% מהדרין,ליטרים,2,ליטר,false,0,12.40,6.20,true,1,4120832
4121488,false,יוגורט דיאט בטעם אפרסק 0%,יופלה Yoplait,,יוגורט דיאט בטעם אפרסק 0%,גרמים,150,100 גרם,false,0,4.70,3.13,true,1,4121488
4121525,false,מארז 8 יחידות יוגורט בטעם אפרסק ותות 3%,יופלה Yoplait,,מארז 8 יחידות יוגורט בטעם אפרסק ותות 3%,גרמים,1200,100 גרם,false,8,28.90,2.41,true,1,4121525
4121754,false,יוגורט ביו בטעם עוגת גבינה ותות 3%,יופלה Yoplait,,יוגורט ביו בטעם עוגת גבינה ותות 3%,גרמים,150,100 גרם,false,0,4.70,3.13,true,1,4121754
4121839,false,גבינת פטה כבשים 20%,פיראוס,,גבינת פטה כבשים 20%,גרמים,250,100 גרם,false,0,25.90,10.36,true,1,4121839
4121853,false,בולגרית קוביות 5%,פיראוס,,בולגרית קוביות 5%,גרמים,200,100 גרם,false,0,19.90,9.95,true,1,4121853
4122119,false,פתיתי גבע פרמז'ן 23%,תנובה,,פתיתי גבע פרמז'ן 23%,גרמים,100,100 גרם,false,0,11.90,11.90,true,1,4122119
4122195,false,גבינה צהובה גוש חלב 28%,תנובה,,גבינה צהובה גוש חלב 28%,גרמים,200,100 גרם,false,0,12.90,6.45,true,1,4122195
4122270,false,פרוסות גבינה חצי קשה 28% קופסא,עמק - תנובה,,פרוסות גבינה חצי קשה 28% קופסא,גרמים,200,100 גרם,false,0,15.90,7.95,true,1,4122270
4122348,false,פרוסות גבינה חצי קשה 9% מופחתת שומן,עמק - תנובה,,פרוסות גבינה חצי קשה 9% מופחתת שומן,גרמים,200,100 גרם,false,0,16.90,8.45,true,1,4122348
4122607,true,גבינת עמק לייט 9%,תנובה,,גבינת עמק לייט 9%,קילוגרמים,0,"ק""ג",true,0,70.00,0.00,true,1,4122607
4122676,false,גבינת חמד 5%,פיראוס,,גבינת חמד 5%,גרמים,250,100 גרם,false,0,17.90,7.16,true,1,4122676
4122683,false,אצבעות עמק גבינה חצי קשה 28%,עמק - תנובה,,אצבעות עמק גבינה חצי קשה 28%,גרמים,172,100 גרם,false,0,15.90,9.24,true,1,4122683
4124205,false,יוגורט דיאט בטעם תות 0%,יופלה Yoplait,,יוגורט דיאט בטעם תות 0%,גרמים,150,100 גרם,false,0,4.70,3.13,true,1,4124205
4124847,false,קצפת צמחית במתיקות מעודנת,תנובה- השף הלבן,,קצפת צמחית במתיקות מעודנת,מליליטרים,500,"100 מ""ל",false,0,14.90,2.98,true,1,4124847
4125370,false,שמנת חמוצה אורגינל 9%,תנובה,,שמנת חמוצה אורגינל 9%,מליליטרים,200,"100 מ""ל",false,0,3.50,1.75,true,1,4125370
4125400,false,אשל לבן 4.5%,תנובה,,אשל לבן 4.5%,מליליטרים,200,"100 מ""ל",false,0,1.65,0.83,true,1,4125400
4125417,false,גיל לבן 3%,תנובה,,גיל לבן 3%,מליליטרים,200,"100 מ""ל",false,0,1.50,0.75,true,1,4125417
4125455,false,שמנת חמוצה אורגינל 15%,תנובה,,שמנת חמוצה אורגינל 15%,מליליטרים,200,"100 מ""ל",false,0,2.40,1.20,true,1,4125455
4125462,false,שמנת חמוצה אורגינל 15%,תנובה,,שמנת חמוצה אורגינל 15%,מליליטרים,500,"100 מ""ל",false,0,6.00,1.20,true,1,4125462
4125509,false,שמנת חמוצה אורגינל 15%,תנובה,,שמנת חמוצה אורגינל 15%,מליליטרים,100,"100 מ""ל",false,0,1.60,1.60,true,1,4125509
4125578,false,משקה סויה,תנובה Alternative,,משקה סויה,ליטרים,1,ליטר,false,0,10.90,10.90,true,1,4125578
4125585,false,משקה סויה בטעם וניל,תנובה Alternative,,משקה סויה בטעם וניל,ליטרים,1,ליטר,false,0,10.90,10.90,true,1,4125585
4125721,false,שמנת עמידה לבישול 15%,תנובה- השף הלבן,,שמנת עמידה לבישול 15%,מליליטרים,250,"100 מ""ל",false,0,7.90,3.16,true,1,4125721
4125738,false,שמנת עמידה מתוקה להקצפה 32%,תנובה- השף הלבן,,שמנת עמידה מתוקה להקצפה 32%,מליליטרים,250,"100 מ""ל",false,0,6.50,2.60,true,1,4125738
4125776,false,פרוסות גבינה חצי קשה 28% קופסא,עמק - תנובה,,פרוסות גבינה חצי קשה 28% קופסא,גרמים,400,100 גרם,false,0,28.90,7.23,true,1,4125776
4126650,true,גבינה צפתית 5%,תנובה,,גבינה צפתית 5%,קילוגרמים,0,"ק""ג",true,0,50.00,0.00,true,1,4126650
4126674,false,גבינה טל עמק בסגנון אמנטל 9%,עמק - תנובה,,גבינה טל עמק בסגנון אמנטל 9%,גרמים,200,100 גרם,false,0,18.90,9.45,true,1,4126674
4126759,false,יוגורט דיאט בטעם פירות יער 0%,יופלה Yoplait,,יוגורט דיאט בטעם פירות יער 0%,גרמים,150,100 גרם,false,0,4.70,3.13,true,1,4126759
4126872,false,משקה שוקו בבקבוק,תנובה,,משקה שוקו בבקבוק,מליליטרים,250,"100 מ""ל",false,0,5.30,2.12,true,1,4126872
4127329,false,קוטג' 5% מהדרין,תנובה,,קוטג' 5% מהדרין,גרמים,250,100 גרם,false,0,5.40,2.16,true,1,4127329
4127336,false,קוטג' 9%,תנובה,,קוטג' 9%,גרמים,250,100 גרם,false,0,5.40,2.16,true,1,4127336
4127800,false,גבינה לבנה 5%,תנובה,,גבינה לבנה 5%,גרמים,500,100 גרם,false,0,9.90,1.98,true,1,4127800
4127817,false,גבינה לבנה 9%,תנובה,,גבינה לבנה 9%,גרמים,500,100 גרם,false,0,9.40,1.88,true,1,4127817
4127862,false,גבינה לבנה 5%,תנובה,,גבינה לבנה 5%,גרמים,750,100 גרם,false,0,14.85,1.98,true,1,4127862
4127916,false,גבינה לבנה 1/2%,תנובה,,גבינה לבנה 1/2%,גרמים,500,100 גרם,false,0,9.40,1.88,true,1,4127916
4128333,false,לאבנה אסלית 9% על בסיס יוגורט,פיראוס,,לאבנה אסלית 9% על בסיס יוגורט,גרמים,500,100 גרם,false,0,19.90,3.98,true,1,4128333
4128401,true,גבינה פטה כבשים 20%,תנובה,,גבינה פטה כבשים 20%,קילוגרמים,0,"ק""ג",true,0,99.00,0.00,true,1,4128401
4128432,false,פתיתים מיוחדים לפיצה 26%,תנובה- השף הלבן,,פתיתים מיוחדים לפיצה 26%,גרמים,500,100 גרם,false,0,22.90,4.58,true,1,4128432
4129101,false,נפוליאון גבינת שמנת בטעם טבעי 25%,תנובה,,נפוליאון גבינת שמנת בטעם טבעי 25%,גרמים,225,100 גרם,false,0,12.90,5.73,true,1,4129101
4129156,false,נפוליאון גבינת שמנת עם שום שמיר 25%,תנובה,,נפוליאון גבינת שמנת עם שום שמיר 25%,גרמים,225,100 גרם,false,0,12.90,5.73,true,1,4129156
4129767,false,מארז 8 יחידות יוגורט ביו 3%,יופלה Yoplait,,מארז 8 יחידות יוגורט ביו 3%,גרמים,1200,100 גרם,false,8,16.90,1.41,true,1,4129767
4130794,false,משקה סויה במתיקות מופחתת,תנובה Alternative,,משקה סויה במתיקות מופחתת,ליטרים,1,ליטר,false,0,10.90,10.90,true,1,4130794
4130916,false,יוגורט ביו בטעם פירות יער 3%,יופלה Yoplait,,יוגורט ביו בטעם פירות יער 3%,גרמים,150,100 גרם,false,0,4.70,3.13,true,1,4130916
4131074,false,חלב טרי קרטון 3% מהדרין,תנובה,,חלב טרי קרטון 3% מהדרין,ליטרים,1,ליטר,false,0,6.20,6.20,true,1,4131074
4131432,false,יוגורט ביו 3%,יופלה Yoplait,,יוגורט ביו 3%,גרמים,200,100 גרם,false,0,3.60,1.80,true,1,4131432
4131456,false,יוגורט ביו 1.5%,יופלה Yoplait,,יוגורט ביו 1.5%,גרמים,200,100 גרם,false,0,3.60,1.80,true,1,4131456
4131814,false,גבינה צפתית מעודנת 5%,פיראוס,,גבינה צפתית מעודנת 5%,גרמים,200,100 גרם,false,0,13.90,6.95,true,1,4131814
4131845,false,לאבנה 9%,פיראוס,,לאבנה 9%,גרמים,750,100 גרם,false,0,22.90,3.05,true,1,4131845
4132552,false,משקה סויה לייט,תנובה Alternative,,משקה סויה לייט,ליטרים,1,ליטר,false,0,10.90,10.90,true,1,4132552
4132606,false,מארז 8 יחידות מעדן קרלו מיני בטעם וניל,תנובה,,מארז 8 יחידות מעדן קרלו מיני בטעם וניל,גרמים,800,100 גרם,false,8,13.20,1.65,true,1,4132606
4132712,false,חטיף אצבעות גבינת מוצרלה,עמק - תנובה,,חטיף אצבעות גבינת מוצרלה,גרמים,174,100 גרם,false,0,15.90,9.14,true,1,4132712
4133511,false,מארז 8 יחידות יוגורט במתיקות מעודנת 1.5%,יופלה Yoplait,,מארז 8 יחידות יוגורט במתיקות מעודנת 1.5%,גרמים,1200,100 גרם,false,8,19.90,1.66,true,1,4133511
4135058,false,מארז 8 יחידות מעדן קרלו מיני בטעם שוקולד,תנובה,,מארז 8 יחידות מעדן קרלו מיני בטעם שוקולד,גרמים,800,100 גרם,false,8,13.20,1.65,true,1,4135058
4135225,false,מעדן חלב דל קלוריות בטעם שוקולד,תנובה,,מעדן חלב דל קלוריות בטעם שוקולד,גרמים,150,100 גרם,false,0,3.70,2.47,true,1,4135225
4135324,true,גבינה בולגרית מעודנת 5%,תנובה,,גבינה בולגרית מעודנת 5%,קילוגרמים,0,"ק""ג",true,0,40.00,0.00,true,1,4135324
4135614,false,גבינה בולגרית מעודנת 5%,פיראוס,,גבינה בולגרית מעודנת 5%,גרמים,250,100 גרם,false,0,21.90,8.76,true,1,4135614
4136291,true,גבינה צפתית מעודנת 5%,פיראוס,,גבינה צפתית מעודנת 5%,קילוגרמים,0,"ק""ג",true,0,50.00,0.00,true,1,4136291
4136598,false,מארז הפסקת אוכל משקה חלב וניל וקורנפלקס,תנובה,,מארז הפסקת אוכל משקה חלב וניל וקורנפלקס,מליליטרים,150,"100 מ""ל",false,0,7.90,5.27,true,1,4136598
4136857,false,ג'לי פטל,תנובה,,ג'לי פטל,מליליטרים,125,"100 מ""ל",false,0,2.20,1.76,true,1,4136857
4136864,false,ג'לי אננס עם חתיכות אננס,תנובה,,ג'לי אננס עם חתיכות אננס,מליליטרים,125,"100 מ""ל",false,0,2.50,2.00,true,1,4136864
4136871,false,ג'לי אפרסק עם חתיכות אפרסק,תנובה,,ג'לי אפרסק עם חתיכות אפרסק,מליליטרים,125,"100 מ""ל",false,0,2.50,2.00,true,1,4136871
4137021,false,שמנת עמידה לבישול 10%,תנובה- השף הלבן,,שמנת עמידה לבישול 10%,מליליטרים,250,"100 מ""ל",false,0,7.90,3.16,true,1,4137021
4137311,false,פרוסות גבינה חצי קשה 9% מופחתת שומן,עמק - תנובה,,פרוסות גבינה חצי קשה 9% מופחתת שומן,גרמים,400,100 גרם,false,0,29.90,7.48,true,1,4137311
4137809,false,לאבנה אסלית על בסיס יוגורט 5%,פיראוס,,לאבנה אסלית על בסיס יוגורט 5%,גרמים,250,100 גרם,false,0,11.90,4.76,true,1,4137809
4146986,false,שמפו לשיער צבוע ומובהר בבישום פרחים,נקה 7,,שמפו לשיער צבוע ומובהר בבישום פרחים,מליליטרים,750,"100 מ""ל",false,0,11.90,1.59,true,1,4146986
4146993,false,מרכך לשיער צבוע,נקה 7,,מרכך לשיער צבוע,מליליטרים,750,"100 מ""ל",false,0,11.90,1.59,true,1,4146993
4147051,false,קיסמי שיניים לניקוי יסודי Welter's,,,קיסמי שיניים לניקוי יסודי Welter's,יחידות,300,יחידה,false,0,9.90,0.03,true,1,4147051
4165000,false,רסק תפוחים בתוספת סוכר,יכין,,רסק תפוחים בתוספת סוכר,גרמים,560,100 גרם,false,0,8.90,1.59,true,1,4165000
4194208,true,כרעיים עוף קפוא ארוז מחפוד,עוף ירושלים,,כרעיים עוף קפוא ארוז מחפוד,קילוגרמים,0,"ק""ג",true,0,34.90,0.00,true,1,4194208
4194239,true,חזה עוף קפוא ארוז מחפוד,עוף ירושלים,,חזה עוף קפוא ארוז מחפוד,קילוגרמים,0,"ק""ג",true,0,34.90,0.00,true,1,4194239
4194253,true,כנפיים עוף קפוא ארוז מחפוד,עוף ירושלים,,כנפיים עוף קפוא ארוז מחפוד,קילוגרמים,0,"ק""ג",true,0,12.90,0.00,true,1,4194253
4194260,true,שוקיים עוף קפוא ארוז מחפוד,עוף ירושלים,,שוקיים עוף קפוא ארוז מחפוד,קילוגרמים,0,"ק""ג",true,0,34.90,0.00,true,1,4194260
4194345,true,שניצל עוף פרוס קפוא מחפוד,עוף ירושלים,,שניצל עוף פרוס קפוא מחפוד,קילוגרמים,0,"ק""ג",true,0,36.90,0.00,true,1,4194345
4199074,false,פלסטר עמיד במים מעורב,סאני פלסטר Sanny Plaster,,פלסטר עמיד במים מעורב,יחידות,50,יחידה,false,0,5.90,0.12,true,1,4199074
4199166,false,כפפות לטקס חד פעמיות עם איבוק עדין - S,איזי טאץ' Easy touch,,כפפות לטקס חד פעמיות עם איבוק עדין - S,יחידות,100,יחידה,false,0,24.90,0.40,true,1,4199166
4199173,false,כפפות לטקס חד פעמיות עם איבוק עדין - M,איזי טאץ' Easy touch,,כפפות לטקס חד פעמיות עם איבוק עדין - M,יחידות,100,יחידה,false,0,24.90,0.40,true,1,4199173
4199180,false,כפפות לטקס חד פעמיות עם איבוק עדין - L,איזי טאץ' Easy touch,,כפפות לטקס חד פעמיות עם איבוק עדין - L,יחידות,100,יחידה,false,0,24.90,0.40,true,1,4199180
4199203,false,קיסמי שיניים מעץ במלחיה,הוסטס Hostess,,קיסמי שיניים מעץ במלחיה,יחידות,300,יחידה,false,0,3.50,0.01,true,1,4199203
4199326,false,כוס אימון שאינה מטפטפת,טוליפס Tulips,,כוס אימון שאינה מטפטפת,יחידות,1,יחידה,false,0,14.90,14.90,true,1,4199326
4199456,false,מיכל חלוקה לאבקת חלב 3 תאים,טוליפס Tulips,,מיכל חלוקה לאבקת חלב 3 תאים,יחידות,1,יחידה,false,0,15.90,15.90,true,1,4199456
4199579,false,פלסטר עמיד במים מעורב,סאני פלסטר Sanny Plaster,,פלסטר עמיד במים מעורב,יחידות,100,יחידה,false,0,9.90,0.10,true,1,4199579
4199777,false,צמרוני אוזניים,קוטון סופט Cotton soft,,צמרוני אוזניים,יחידות,300,יחידה,false,0,6.90,0.02,true,1,4199777
4219819,false,מלבין קפה,קומפלטה,,מלבין קפה,גרמים,200,100 גרם,false,0,9.90,4.95,true,1,4219819
4225285,false,בסגנון דנאבלו,נטו מלינדה,,בסגנון דנאבלו,גרמים,100,100 גרם,false,0,12.90,12.90,true,1,4225285
4230326,false,מקלות פילו תפוחי עץ וקינמון,שף שגב,,מקלות פילו תפוחי עץ וקינמון,גרמים,600,100 גרם,false,0,16.90,3.32,true,1,4230326
4230333,false,מקלות בורקס פילו תפוח אדמה מהמדורה,שף שגב,,מקלות בורקס פילו תפוח אדמה מהמדורה,גרמים,600,100 גרם,false,0,16.90,3.32,true,1,4230333
4230340,false,מקלות בורקס פילו תרד ובצל,שף שגב,,מקלות בורקס פילו תרד ובצל,גרמים,600,100 גרם,false,0,16.90,3.32,true,1,4230340
4230357,false,מקלות בורקס פילו גבינה ובטטה,שף שגב,,מקלות בורקס פילו גבינה ובטטה,גרמים,600,100 גרם,false,0,16.90,3.32,true,1,4230357
4230364,false,מקלות בורקס פילו גבינה בסגנון צרפתי,שף שגב,,מקלות בורקס פילו גבינה בסגנון צרפתי,גרמים,600,100 גרם,false,0,16.90,3.32,true,1,4230364
4230371,false,מקלות בורקס פילו פיצה,שף שגב,,מקלות בורקס פילו פיצה,גרמים,600,100 גרם,false,0,16.90,3.32,true,1,4230371
4230944,false,מקלות בורקס פילו גבינה,שלושת האופים,,מקלות בורקס פילו גבינה,גרמים,600,100 גרם,false,0,14.90,3.32,true,1,4230944
4255343,false,נריות לכוסיות 72 יחידות,מנורה,,נריות לכוסיות 72 יחידות,יחידות,72,יחידה,false,0,19.90,0.28,true,1,4255343
4255619,false,נרות חימום 100 יחידות,מנורה,,נרות חימום 100 יחידות,יחידות,100,יחידה,false,0,19.90,0.20,true,1,4255619
4324605,false,גבינה מותכת למריחה לייט בטעם רוקפור 7%,מון בלאן,,גבינה מותכת למריחה לייט בטעם רוקפור 7%,גרמים,120,100 גרם,false,0,9.90,8.25,true,1,4324605
4329266,true,עוף ללא עצמות טרי,חצי חינם,,עוף ללא עצמות טרי,קילוגרמים,0,"ק""ג",true,0,49.90,0.00,true,1,4329266
4329495,true,גרון עוף טרי,,,גרון עוף טרי,קילוגרמים,0,"ק""ג",true,0,4.90,0.00,true,1,4329495
4329501,true,גרון הודו טרי,,,גרון הודו טרי,קילוגרמים,0,"ק""ג",true,0,24.90,0.00,true,1,4329501
4329525,true,שניצל עוף פרוס דק טרי (לא ניתן לספק טחון),חצי חינם,,שניצל עוף פרוס דק טרי (לא ניתן לספק טחון),קילוגרמים,0,"ק""ג",true,0,54.90,0.00,true,1,4329525
4329587,true,לבבות הודו טרי,חצי חינם,,לבבות הודו טרי,קילוגרמים,0,"ק""ג",true,0,29.90,0.00,true,1,4329587
4329594,true,קורקבן הודו טרי,,,קורקבן הודו טרי,קילוגרמים,0,"ק""ג",true,0,7.90,0.00,true,1,4329594
4329600,true,כבד הודו טרי,,,כבד הודו טרי,קילוגרמים,0,"ק""ג",true,0,29.90,0.00,true,1,4329600
4329624,true,הודו שוקיים טרי,חצי חינם,,הודו שוקיים טרי,קילוגרמים,0,"ק""ג",true,0,24.90,0.00,true,1,4329624
4329631,true,כנפיים הודו טרי,חצי חינם,,כנפיים הודו טרי,קילוגרמים,0,"ק""ג",true,0,14.90,0.00,true,1,4329631
4329655,true,חזה הודו טרי (לא ניתן לספק טחון),חצי חינם,,חזה הודו טרי (לא ניתן לספק טחון),קילוגרמים,0,"ק""ג",true,0,34.90,0.00,true,1,4329655
4329662,true,בשר הודו אדום טרי (לא ניתן לספק טחון),,,בשר הודו אדום טרי (לא ניתן לספק טחון),קילוגרמים,0,"ק""ג",true,0,59.90,0.00,true,1,4329662
4329679,true,שווארמה הודו טרי (לא ניתן לספק טחון),,,שווארמה הודו טרי (לא ניתן לספק טחון),קילוגרמים,0,"ק""ג",true,0,69.90,0.00,true,1,4329679
4329693,true,טחול עוף טרי,חצי חינם,,טחול עוף טרי,קילוגרמים,0,"ק""ג",true,0,49.90,0.00,true,1,4329693
4329709,true,קורקבן עוף טרי,,,קורקבן עוף טרי,קילוגרמים,0,"ק""ג",true,0,7.90,0.00,true,1,4329709
4329716,true,לבבות עוף טרי,חצי חינם,,לבבות עוף טרי,קילוגרמים,0,"ק""ג",true,0,29.90,0.00,true,1,4329716
4329723,true,כבד עוף טרי,חצי חינם,,כבד עוף טרי,קילוגרמים,0,"ק""ג",true,0,29.90,0.00,true,1,4329723
4329730,true,חזה עוף שלם טרי (לא ניתן לספק טחון),,,חזה עוף שלם טרי (לא ניתן לספק טחון),קילוגרמים,0,"ק""ג",true,0,34.90,0.00,true,1,4329730
4329747,true,כנפיים עוף טרי ללא ניקיון,חצי חינם,,כנפיים עוף טרי ללא ניקיון,קילוגרמים,0,"ק""ג",true,0,9.90,0.00,true,1,4329747
4329754,true,שוקיים עוף טרי,חצי חינם,,שוקיים עוף טרי,קילוגרמים,0,"ק""ג",true,0,29.90,0.00,true,1,4329754
4329761,true,ירכיים עוף טרי,חצי חינם,,ירכיים עוף טרי,קילוגרמים,0,"ק""ג",true,0,29.90,0.00,true,1,4329761
4329778,true,כרעיים עוף טרי,חצי חינם,,כרעיים עוף טרי,קילוגרמים,0,"ק""ג",true,0,29.90,0.00,true,1,4329778
4329808,true,בשר כתף עגל טרי,חצי חינם,,בשר כתף עגל טרי,קילוגרמים,0,"ק""ג",true,0,89.90,0.00,true,1,4329808
4329839,true,בשר שריר טרי,,,בשר שריר טרי,קילוגרמים,0,"ק""ג",true,0,59.90,0.00,true,1,4329839
4329860,true,קשתית / אסאדו עם עצם טרי,,,קשתית / אסאדו עם עצם טרי,קילוגרמים,0,"ק""ג",true,0,49.90,0.00,true,1,4329860
4456061,true,כבד עגל טרי,,,כבד עגל טרי,קילוגרמים,0,"ק""ג",true,0,29.90,0.00,true,1,4456061
4456078,true,חזה בקר עם עצם טרי,,,חזה בקר עם עצם טרי,קילוגרמים,0,"ק""ג",true,0,49.90,0.00,true,1,4456078
4456085,true,סטייק אנטריקוט עם עצם,,,סטייק אנטריקוט עם עצם,קילוגרמים,0,"ק""ג",true,0,99.00,0.00,true,1,4456085
4456801,true,פרגיות עוף שלם טרי (לא ניתן לספק טחון),,,פרגיות עוף שלם טרי (לא ניתן לספק טחון),קילוגרמים,0,"ק""ג",true,0,59.90,0.00,true,1,4456801
4456818,true,שניצל עוף פרוס טרי (לא ניתן לספק טחון),,,שניצל עוף פרוס טרי (לא ניתן לספק טחון),קילוגרמים,0,"ק""ג",true,0,44.90,0.00,true,1,4456818
4456931,true,עוף טרי מפורק,חצי חינם,,עוף טרי מפורק,קילוגרמים,0,"ק""ג",true,0,24.90,0.00,true,1,4456931
4464851,false,תחליב גוף ללילה מידנייט Midnight,חלאבין Halvin,,תחליב גוף ללילה מידנייט Midnight,מליליטרים,400,"100 מ""ל",false,0,25.90,6.48,true,1,4464851
4492274,false,בייגלה טבעות עם מלח,בייגל בייגל BB,,בייגלה טבעות עם מלח,גרמים,400,100 גרם,false,0,9.90,2.48,true,1,4492274
4492762,false,נשנושים חטיף תירס בטעם טבעי,בייגל בייגל BB,,נשנושים חטיף תירס בטעם טבעי,גרמים,325,100 גרם,false,0,12.90,3.97,true,1,4492762
4494049,false,יין דלתון סוביניון בלאן גליל,דלתון Dalton,,יין דלתון סוביניון בלאן גליל,מליליטרים,750,"100 מ""ל",false,0,59.90,7.99,true,1,4494049
4494063,false,יין דלתון פטיט סירה שמשון,דלתון Dalton,,יין דלתון פטיט סירה שמשון,מליליטרים,750,"100 מ""ל",false,0,59.90,7.99,true,1,4494063
4494148,false,יין דלתון מרלו גליל,דלתון Dalton,,יין דלתון מרלו גליל,מליליטרים,750,"100 מ""ל",false,0,59.90,7.99,true,1,4494148
4494377,false,יין דלתון שיראז גליל,דלתון Dalton,,יין דלתון שיראז גליל,מליליטרים,750,"100 מ""ל",false,0,59.90,7.99,true,1,4494377
4494919,false,יין שיראז יובלים,דלתון Dalton,,יין שיראז יובלים,מליליטרים,750,"100 מ""ל",false,0,39.90,5.32,true,1,4494919
4532024,false,גרעין חמניה טבעי,הטיב,,גרעין חמניה טבעי,גרמים,200,100 גרם,false,0,5.90,2.95,true,1,4532024
4532062,false,גרעיני אבטיח,הטיב,,גרעיני אבטיח,גרמים,200,100 גרם,false,0,11.90,5.95,true,1,4532062
4532130,false,בוטן אמריקאי,הטיב,,בוטן אמריקאי,גרמים,200,100 גרם,false,0,4.90,2.45,true,1,4532130
4532161,false,אלמנדוס,הטיב,,אלמנדוס,גרמים,200,100 גרם,false,0,8.90,4.45,true,1,4532161
4532246,false,צימוקים כהים,הטיב,,צימוקים כהים,גרמים,200,100 גרם,false,0,7.90,3.95,true,1,4532246
4532277,false,צמוק לבן,הטיב,,צמוק לבן,גרמים,200,100 גרם,false,0,9.90,4.95,true,1,4532277
4532369,false,מנצי'ס,הטיב,,מנצי'ס,גרמים,180,100 גרם,false,0,7.90,4.39,true,1,4532369
4532574,false,גרעיני חמניה,הטיב,,גרעיני חמניה,גרמים,200,100 גרם,false,0,4.90,2.45,true,1,4532574
4532581,false,בוטנים,הטיב,,בוטנים,גרמים,200,100 גרם,false,0,6.90,3.45,true,1,4532581
4549350,false,גרעיני חמניה קלויים,ששון הקולה,,גרעיני חמניה קלויים,גרמים,400,100 גרם,false,0,8.90,2.23,true,1,4549350
4584306,false,מארז 4 יחידות מעדן גמדים בטעמי תות ובננה,שטראוס,,מארז 4 יחידות מעדן גמדים בטעמי תות ובננה,גרמים,400,100 גרם,false,4,10.50,2.63,true,1,4584306
4584351,false,סימפוניה גבינה במרקם שמנת 5%,שטראוס,,סימפוניה גבינה במרקם שמנת 5%,גרמים,200,100 גרם,false,0,10.90,5.45,true,1,4584351
4584528,false,יוגורט פרוביוטי טבעי 1.7%,דנונה - שטראוס,,יוגורט פרוביוטי טבעי 1.7%,גרמים,200,100 גרם,false,0,3.30,1.65,true,1,4584528
4585907,false,מעדן דני בטעם וניל 1.5%,שטראוס,,מעדן דני בטעם וניל 1.5%,גרמים,125,100 גרם,false,0,2.70,2.16,true,1,4585907
4603175,false,מלח ים גס,מלח הארץ,,מלח ים גס,גרמים,500,100 גרם,false,0,7.90,1.58,true,1,4603175
4639006,false,קוסקוס טוניסאי בבישול ביתי מסורתי,סולטנה מעמידה סירים,,קוסקוס טוניסאי בבישול ביתי מסורתי,גרמים,800,100 גרם,false,0,14.90,1.86,true,1,4639006
4658847,false,תירוש כרמל מיץ ענבים אדום - בקבוק אישי,יקבי כרמל Carmel Winery,,תירוש כרמל מיץ ענבים אדום - בקבוק אישי,מליליטרים,187,"100 מ""ל",false,0,5.90,3.16,true,1,4658847
4658953,false,יין סוביניון בלאן פרייבט קולקשן private collection,יקבי כרמל Carmel Winery,,יין סוביניון בלאן פרייבט קולקשן private collection,מליליטרים,750,"100 מ""ל",false,0,38.90,5.19,true,1,4658953
4658960,false,יין אמרלד ריזלינג קולומברד פרייבט קולקשן,יקבי כרמל Carmel Winery,,יין אמרלד ריזלינג קולומברד פרייבט קולקשן,מליליטרים,750,"100 מ""ל",false,0,38.90,5.19,true,1,4658960
4685010,false,לחם פרוס מקמח שיפון מלא,לחם הארץ,,לחם פרוס מקמח שיפון מלא,גרמים,500,100 גרם,false,0,15.50,3.10,true,1,4685010
4685089,false,לחם חמניות,לחם הארץ,,לחם חמניות,גרמים,500,100 גרם,false,0,15.90,3.18,true,1,4685089
4685126,false,לחם 5 דגנים,לחם הארץ,,לחם 5 דגנים,גרמים,750,100 גרם,false,0,14.90,1.99,true,1,4685126
4685157,false,לחם שיפון 100%,לחם הארץ,,לחם שיפון 100%,גרמים,750,100 גרם,false,0,15.50,2.07,true,1,4685157
4685195,false,לחם 10 דגנים,לחם הארץ,,לחם 10 דגנים,גרמים,750,100 גרם,false,0,15.50,2.07,true,1,4685195
4685201,false,לחם שיפון עם אגוזים,לחם הארץ,,לחם שיפון עם אגוזים,גרמים,500,100 גרם,false,0,15.50,3.10,true,1,4685201
4685225,false,לחם פומפרניקל,לחם הארץ,,לחם פומפרניקל,גרמים,750,100 גרם,false,0,15.50,2.07,true,1,4685225
4685430,false,לחם כוסמין 100%,לחם הארץ,,לחם כוסמין 100%,גרמים,500,100 גרם,false,0,15.50,3.10,true,1,4685430
4685447,false,מארז 6 לחמניות כוסמין,לחם הארץ,,מארז 6 לחמניות כוסמין,גרמים,450,100 גרם,false,0,10.00,3.09,true,1,4685447
4685454,false,לחם פרוס מקמח שיבולת שועל,לחם הארץ,,לחם פרוס מקמח שיבולת שועל,גרמים,500,100 גרם,false,0,15.90,3.18,true,1,4685454
4731076,false,אל סבון קטיפתי מועשר בבושם מובחר ובתמצית אלוורה,כיף,,אל סבון קטיפתי מועשר בבושם מובחר ובתמצית אלוורה,ליטרים,1,ליטר,false,0,14.90,14.90,true,1,4731076
4731083,false,אל סבון תמציות ג'ינסנג,כיף,,אל סבון תמציות ג'ינסנג,ליטרים,1,ליטר,false,0,14.90,14.90,true,1,4731083
4731090,false,אל סבון תמצית קמומיל,כיף,,אל סבון תמצית קמומיל,ליטרים,1,ליטר,false,0,14.90,14.90,true,1,4731090
4731410,false,כריות קרצוף אקסטרה חזקות - מארז 3 יח',סנו סושי,,כריות קרצוף אקסטרה חזקות - מארז 3 יח',יחידות,3,יחידה,false,0,9.90,3.30,true,1,4731410
4731472,false,אל סבון קטיפתי מועשר בלחות - מארז שלישיה,כיף,,אל סבון קטיפתי מועשר בלחות - מארז שלישיה,ליטרים,2,ליטר,false,3,19.90,13.27,true,1,4731472
4731519,false,מרכך ומבשם כביסה למייבש מקסימה סנסטיב,סנו מקסימה,,מרכך ומבשם כביסה למייבש מקסימה סנסטיב,מליליטרים,750,"100 מ""ל",false,0,17.90,2.65,true,1,4731519
4731557,false,מרכך ומבשם כביסה למייבש מקסימה מאסק,סנו מקסימה,,מרכך ומבשם כביסה למייבש מקסימה מאסק,מליליטרים,750,"100 מ""ל",false,0,17.90,2.65,true,1,4731557
4731564,false,מבשם ומרכך למייבש כביסה Blue Blossom,סנו מקסימה,,מבשם ומרכך למייבש כביסה Blue Blossom,מליליטרים,750,"100 מ""ל",false,0,17.90,2.65,true,1,4731564
4731670,false,מבשם אוויר Duo פרש לבנדר ופצ'ולי,סנו פרש Fresh,,מבשם אוויר Duo פרש לבנדר ופצ'ולי,מליליטרים,300,"100 מ""ל",false,0,10.90,4.30,true,1,4731670
4731687,false,מבשם אוויר וניל ולמון גראס,סנו פרש Fresh,,מבשם אוויר וניל ולמון גראס,מליליטרים,300,"100 מ""ל",false,0,10.90,4.30,true,1,4731687
4731816,false,מגבות הפלא סנו סושי - מארז 8 גלילים,סנו סושי,,מגבות הפלא סנו סושי - מארז 8 גלילים,,85,מטר,false,0,14.90,0.18,true,1,4731816
4737719,false,אספרגוס שלם מקולף ולבן,וילי פוד,,אספרגוס שלם מקולף ולבן,גרמים,330,100 גרם,false,0,10.90,3.30,true,1,4737719
4737900,false,חלב כחוש מרוכז וממותק,וילי פוד,,חלב כחוש מרוכז וממותק,גרמים,397,100 גרם,false,0,9.90,2.49,true,1,4737900
4765347,false,מערכת דולפין לשטיפה היגיינית וניקיון כרום,ספאדיני,,מערכת דולפין לשטיפה היגיינית וניקיון כרום,,0,,false,0,79.90,0.00,true,1,4765347
4952112,false,סוכר קנים אורגני,הרדוף,,סוכר קנים אורגני,קילוגרמים,1,"ק""ג",false,0,12.90,12.90,true,1,4952112
4952136,false,קמח כוסמין מלא אורגני,הרדוף,,קמח כוסמין מלא אורגני,קילוגרמים,1,"ק""ג",false,0,19.90,19.90,true,1,4952136
4952785,false,פריכיות דקות מאורז חום מלא וכוסמת אורגנית,הרדוף,,פריכיות דקות מאורז חום מלא וכוסמת אורגנית,גרמים,100,100 גרם,false,0,10.90,10.90,true,1,4952785
4982355,true,גבינת טריפל צ'דר אנגלי 35%,הגבינות של נני,,גבינת טריפל צ'דר אנגלי 35%,קילוגרמים,0,"ק""ג",true,0,109.00,0.00,true,1,4982355
5008184,false,תחליב רחצה חלב שקדים,פלמוליב Palmolive,,תחליב רחצה חלב שקדים,מליליטרים,500,"100 מ""ל",false,0,15.90,3.18,true,1,5008184
5008191,false,ג'ל רחצה ארומטי So Relaxed,פלמוליב Palmolive,,ג'ל רחצה ארומטי So Relaxed,מליליטרים,500,"100 מ""ל",false,0,15.90,3.18,true,1,5008191
5008481,false,דאודורנט ג'ל לגבר Power Ultimate Sport,ספיד סטיק Speed Stick,,דאודורנט ג'ל לגבר Power Ultimate Sport,גרמים,85,100 גרם,false,0,19.90,35.18,true,1,5008481
5020162,false,וויסקי בלנטיין Ballantines,בלנטיינ'ס Ballantines,,וויסקי בלנטיין Ballantines,מליליטרים,700,"100 מ""ל",false,0,79.90,11.41,true,1,5020162
5068058,false,גרעיני תירס קל - תירס מזן מתוק מופחת קלוריות,פרי הגליל,,גרעיני תירס קל - תירס מזן מתוק מופחת קלוריות,גרמים,550,100 גרם,false,0,6.90,1.25,true,1,5068058
5068447,false,גרעיני תירס קל- ללא תוספת סוכר,פרי הגליל,,גרעיני תירס קל- ללא תוספת סוכר,גרמים,340,100 גרם,false,0,5.90,1.74,true,1,5068447
5068492,false,לקט ירקות מוקפאים מעורבים,פרי הגליל,,לקט ירקות מוקפאים מעורבים,גרמים,700,100 גרם,false,0,9.90,1.41,true,1,5068492
5068553,false,לקט בורגונדי מוקפא,פרי הגליל,,לקט בורגונדי מוקפא,גרמים,700,100 גרם,false,0,14.90,2.13,true,1,5068553
5079221,true,גבינה בולגרית מעודנת 5%,משק צוריאל,,גבינה בולגרית מעודנת 5%,קילוגרמים,0,"ק""ג",true,0,50.00,0.00,true,1,5079221
5079238,true,בולגרית עיזים מעודנת 16%,משק צוריאל,,בולגרית עיזים מעודנת 16%,קילוגרמים,0,"ק""ג",true,0,90.00,0.00,true,1,5079238
5079290,true,גבינה צהובה נעם 15% שומן,טרה,,גבינה צהובה נעם 15% שומן,קילוגרמים,0,"ק""ג",true,0,69.00,0.00,true,1,5079290
5079320,true,גבינה בולגרית 24% שומן,משק צוריאל,,גבינה בולגרית 24% שומן,קילוגרמים,0,"ק""ג",true,0,59.00,0.00,true,1,5079320
5079344,true,גבינת מוצרלה נעם 22% גוש/פרוס,טרה,,גבינת מוצרלה נעם 22% גוש/פרוס,קילוגרמים,0,"ק""ג",true,0,79.00,0.00,true,1,5079344
5079412,true,גבינת אמנטל 30% נעם,טרה,,גבינת אמנטל 30% נעם,קילוגרמים,0,"ק""ג",true,0,59.00,0.00,true,1,5079412
5084355,false,משחת שיניים לשיניים רגישות Dual Care,סנסודיין Sensodyne,,משחת שיניים לשיניים רגישות Dual Care,מליליטרים,75,"100 מ""ל",false,0,19.90,26.53,true,1,5084355
5113222,false,מיקס זיתים,קבוצת יבנה,,מיקס זיתים,גרמים,560,100 גרם,false,0,6.90,1.77,true,1,5113222
5174513,false,סלט חצילים במיונז אחלה,אחלה - שטראוס,,סלט חצילים במיונז אחלה,גרמים,500,100 גרם,false,0,13.90,2.78,true,1,5174513
5174551,false,אחלה חומוס,אחלה - שטראוס,,אחלה חומוס,גרמים,125,100 גרם,false,0,4.50,3.60,true,1,5174551
5174568,false,אחלה חצילים במיונז,אחלה - שטראוס,,אחלה חצילים במיונז,גרמים,125,100 גרם,false,0,4.50,3.60,true,1,5174568
5174575,false,אחלה סלט טחינה,אחלה - שטראוס,,אחלה סלט טחינה,גרמים,125,100 גרם,false,0,4.50,3.60,true,1,5174575
5175428,false,קמח תירס מהיר הכנה,וילי פוד,,קמח תירס מהיר הכנה,גרמים,500,100 גרם,false,0,5.90,1.18,true,1,5175428
5175589,false,קמח תירס ללא גלוטן,וילי פוד,,קמח תירס ללא גלוטן,קילוגרמים,1,"ק""ג",false,0,9.90,9.90,true,1,5175589
5199578,false,PLATINUM נטול קפאין קפה נמס,עלית,,PLATINUM נטול קפאין קפה נמס,גרמים,200,100 גרם,false,0,29.90,14.95,true,1,5199578
5200786,false,תפוצ'יפס בטעם שמנת ובצל,עלית,,תפוצ'יפס בטעם שמנת ובצל,גרמים,50,100 גרם,false,0,3.90,7.80,true,1,5200786
5201455,false,קפה נמס מגורען ארומה קלאסי,עלית,,קפה נמס מגורען ארומה קלאסי,גרמים,200,100 גרם,false,0,24.90,12.45,true,1,5201455
5201882,false,קפה טורקי,עלית,,קפה טורקי,גרמים,200,100 גרם,false,0,15.90,7.95,true,1,5201882
5270000,false,עלי סיגר מרוקאי,חמים וטעים,,עלי סיגר מרוקאי,גרמים,500,100 גרם,false,0,13.90,2.78,true,1,5270000
5287206,false,נתחי טונה בהירה בשמן- מארז רביעיה,סטארקיסט Starkist,,נתחי טונה בהירה בשמן- מארז רביעיה,גרמים,640,100 גרם,false,4,24.90,3.89,true,1,5287206
5287251,false,נתחי טונה בהירה במים רביעיה,סטארקיסט Starkist,,נתחי טונה בהירה במים רביעיה,גרמים,640,100 גרם,false,4,24.90,3.89,true,1,5287251
5287510,false,נתחי טונה בהירה בשמן עם פלפל חריף,סטארקיסט Starkist,,נתחי טונה בהירה בשמן עם פלפל חריף,גרמים,160,100 גרם,false,0,7.90,4.94,true,1,5287510
5287527,false,נתחי טונה בהירה בשמן עם לימון,סטארקיסט Starkist,,נתחי טונה בהירה בשמן עם לימון,גרמים,160,100 גרם,false,0,7.90,4.94,true,1,5287527
5287534,false,נתחי טונה בהירה בשמן בעישון טבעי,סטארקיסט Starkist,,נתחי טונה בהירה בשמן בעישון טבעי,גרמים,160,100 גרם,false,0,7.90,4.94,true,1,5287534
5287657,false,ממרח טונה,סטארקיסט Starkist,,ממרח טונה,גרמים,160,100 גרם,false,0,8.90,5.56,true,1,5287657
5296246,false,נוזל Drain out extra פותח סתימות,יעקבי,,נוזל Drain out extra פותח סתימות,מליליטרים,946,"100 מ""ל",false,0,29.90,3.16,true,1,5296246
5296260,false,רסס נגב אסטוניש,יעקבי- אסטוניש Astonish,,רסס נגב אסטוניש,מליליטרים,750,"100 מ""ל",false,0,11.90,1.59,true,1,5296260
5296857,false,מנקה ומבריק רב תכליתי Poliboy,יעקבי,,מנקה ומבריק רב תכליתי Poliboy,מליליטרים,300,"100 מ""ל",false,0,14.90,4.97,true,1,5296857
5317194,false,פתי בר ביסקוויט בטעם וניל,הדר,,פתי בר ביסקוויט בטעם וניל,גרמים,110,100 גרם,false,0,3.50,3.18,true,1,5317194
5317200,false,קרקר עם מלח טופז,הדר,,קרקר עם מלח טופז,גרמים,110,100 גרם,false,0,2.90,2.64,true,1,5317200
5326523,false,פסטו פטרוזיליה ונענע,אוליביה,,פסטו פטרוזיליה ונענע,גרמים,180,100 גרם,false,0,12.90,7.17,true,1,5326523
5326585,false,פסטו בזיליקום,אוליביה,,פסטו בזיליקום,גרמים,180,100 גרם,false,0,9.90,5.50,true,1,5326585
5384837,false,מיץ לימון,וילי פוד,,מיץ לימון,מליליטרים,500,"100 מ""ל",false,0,7.90,1.58,true,1,5384837
5384851,false,מיץ לימון,וילי פוד,,מיץ לימון,מליליטרים,200,"100 מ""ל",false,0,3.90,1.95,true,1,5384851
5418693,false,"קרם לחות לשיער יבש, צבוע או פגום Go shiny",נטורל פורמולה Natural Formula,,"קרם לחות לשיער יבש, צבוע או פגום Go shiny",מליליטרים,400,"100 מ""ל",false,0,19.90,6.48,true,1,5418693
5418716,false,"קרם לחות לשיער מתולתל, מסולסל ויבש Go curly",נטורל פורמולה Natural Formula,,"קרם לחות לשיער מתולתל, מסולסל ויבש Go curly",מליליטרים,400,"100 מ""ל",false,0,19.90,6.48,true,1,5418716
5418723,false,קרם לחות לשיער חלק וקטיפתי,נטורל פורמולה Natural Formula,,קרם לחות לשיער חלק וקטיפתי,מליליטרים,400,"100 מ""ל",false,0,19.90,6.48,true,1,5418723
5423055,false,סנו פורטה פלוס נוזל מרוכז בניחוח לימון XL,סנו,,סנו פורטה פלוס נוזל מרוכז בניחוח לימון XL,ליטרים,1,ליטר,false,0,17.90,19.90,true,1,5423055
5423253,false,מרכך ומבשם כביסה למייבש מקסימה אולטרה פרש,סנו מקסימה,,מרכך ומבשם כביסה למייבש מקסימה אולטרה פרש,מליליטרים,750,"100 מ""ל",false,0,17.90,2.65,true,1,5423253
5423482,false,קרם לניקוי כיריים קרמיים,סנו,,קרם לניקוי כיריים קרמיים,מליליטרים,300,"100 מ""ל",false,0,19.90,6.63,true,1,5423482
5423499,false,ספריי לניקוי והברקה של משטחי נירוסטה,סנו,,ספריי לניקוי והברקה של משטחי נירוסטה,מליליטרים,500,"100 מ""ל",false,0,19.90,3.98,true,1,5423499
5423505,false,מי פה שטיפה דנטלית להלבנת השיניים,אורביטול Orbitol,,מי פה שטיפה דנטלית להלבנת השיניים,מליליטרים,500,"100 מ""ל",false,0,17.90,4.58,true,1,5423505
5423543,false,משחת שיניים להלבנה Whitening,אורביטול Orbitol,,משחת שיניים להלבנה Whitening,גרמים,145,100 גרם,false,0,9.90,10.28,true,1,5423543
5423567,false,מטליות לניקוי כללי בגליל,סנו סושי,,מטליות לניקוי כללי בגליל,יחידות,40,יחידה,false,0,19.90,0.50,true,1,5423567
5423635,false,נוזל לניקוי רצפה דוחה תיקנים ריצפז פלוס,סנו,,נוזל לניקוי רצפה דוחה תיקנים ריצפז פלוס,ליטרים,2,ליטר,false,0,22.90,11.45,true,1,5423635
5423734,false,מרכך כביסה אולטרה פרש,סנו מקסימה,,מרכך כביסה אולטרה פרש,ליטרים,4,ליטר,false,0,22.90,5.73,true,1,5423734
5423833,false,פוליויקס פרקט,סנו פוליויקס,,פוליויקס פרקט,ליטרים,2,ליטר,false,0,19.90,14.95,true,1,5423833
5423871,false,משחת שיניים Flouride and mint - מארז שלישיה,אורביטול Orbitol,,משחת שיניים Flouride and mint - מארז שלישיה,גרמים,435,100 גרם,false,3,17.90,4.57,true,1,5423871
5423888,false,אל סבון - מארז שלישיה,כיף,,אל סבון - מארז שלישיה,מליליטרים,1500,"100 מ""ל",false,3,19.90,1.33,true,1,5423888
5423918,false,מרכך כביסה היפואלרגני עם אלוורה לתינוקות,סנו מקסימה,,מרכך כביסה היפואלרגני עם אלוורה לתינוקות,ליטרים,4,ליטר,false,0,22.90,5.73,true,1,5423918
5424014,false,אבקת כביסה פיסגה,סנו,,אבקת כביסה פיסגה,קילוגרמים,6,"ק""ג",false,0,39.90,8.32,true,1,5424014
5424113,false,מטליות לניקוי רצפות עם כריות הספיגה,סנו סושי,,מטליות לניקוי רצפות עם כריות הספיגה,יחידות,4,יחידה,false,0,14.90,3.73,true,1,5424113
5424205,false,נוזל לניקוי רצפה דוחה תיקנים ריצפז פלוס,סנו,,נוזל לניקוי רצפה דוחה תיקנים ריצפז פלוס,ליטרים,4,ליטר,false,0,39.90,9.98,true,1,5424205
5424311,false,רב קוטל K,סנו,,רב קוטל K,מליליטרים,500,"100 מ""ל",false,0,22.90,4.58,true,1,5424311
5424403,false,אל סבון תמצית אצות ים,כיף,,אל סבון תמצית אצות ים,ליטרים,1,ליטר,false,0,14.90,14.90,true,1,5424403
5424700,false,קצף בריכוז גבוה פורטה פלוס,סנו,,קצף בריכוז גבוה פורטה פלוס,ליטרים,1,ליטר,false,0,17.90,19.90,true,1,5424700
5424755,false,ריצפז פלוס דוחה תיקנים מטליות לחות לניקוי רצפות,סנו,,ריצפז פלוס דוחה תיקנים מטליות לחות לניקוי רצפות,יחידות,10,יחידה,false,0,14.90,1.49,true,1,5424755
5424762,false,נוזל להברקת רצפה דוחה תיקנים ריצפז פלוס וקס,סנו,,נוזל להברקת רצפה דוחה תיקנים ריצפז פלוס וקס,ליטרים,2,ליטר,false,0,29.90,14.95,true,1,5424762
5424809,false,כריות קרצוף אקסטרה חזקות - מארז 3 יח',סנו סושי,,כריות קרצוף אקסטרה חזקות - מארז 3 יח',יחידות,3,יחידה,false,0,9.90,3.30,true,1,5424809
5424847,false,מפיות אירוח 30*30,סנו סושי,,מפיות אירוח 30*30,יחידות,150,יחידה,false,0,9.90,0.07,true,1,5424847
5425073,false,מבשם אוויר Duo פרש יסמין ועץ סאנדלווד,סנו פרש Fresh,,מבשם אוויר Duo פרש יסמין ועץ סאנדלווד,מליליטרים,300,"100 מ""ל",false,0,10.90,4.30,true,1,5425073
5425110,false,חיטוי משטחים 99.9%,סנו,,חיטוי משטחים 99.9%,מליליטרים,750,"100 מ""ל",false,0,18.90,2.52,true,1,5425110
5425127,false,חיטוי וניקוי יסודי 99.9%,סנו,,חיטוי וניקוי יסודי 99.9%,מליליטרים,750,"100 מ""ל",false,0,18.90,2.52,true,1,5425127
5425196,false,אבקת כביסה סנו מקסימה סנסיטיב sensitive,סנו מקסימה,,אבקת כביסה סנו מקסימה סנסיטיב sensitive,קילוגרמים,3,"ק""ג",false,0,22.90,11.96,true,1,5425196
5425202,false,אבקת כביסה סנו מקסימה ביו Bio לכתמים קשים,סנו מקסימה,,אבקת כביסה סנו מקסימה ביו Bio לכתמים קשים,קילוגרמים,3,"ק""ג",false,0,22.90,11.96,true,1,5425202
5425585,false,מטליות לחות לניקוי והברקת רהיטים,סנו רהיט,,מטליות לחות לניקוי והברקת רהיטים,יחידות,20,יחידה,false,0,16.90,0.85,true,1,5425585
5425646,false,נוזל רב תכליתי לניקוי ולהברקה,סנו קליר,,נוזל רב תכליתי לניקוי ולהברקה,ליטרים,1,ליטר,false,0,12.90,12.90,true,1,5425646
5425714,false,שטיחים פלוס שמפו שטיחים דוחה קרדית אבק הבית,סנו,,שטיחים פלוס שמפו שטיחים דוחה קרדית אבק הבית,מליליטרים,600,"100 מ""ל",false,0,25.90,4.32,true,1,5425714
5425912,false,מסיר כתמים אוקסיג'ן ג'ל,סנו אוקסיג'ן,,מסיר כתמים אוקסיג'ן ג'ל,ליטרים,4,ליטר,false,0,34.90,8.73,true,1,5425912
5426186,false,כריות קרצוף אקסטרה חזקות XL - מארז 3 יח',סנו סושי,,כריות קרצוף אקסטרה חזקות XL - מארז 3 יח',יחידות,3,יחידה,false,0,12.90,6.63,true,1,5426186
5426193,false,ספוג הפלא - מארז 6 יח',סנו סושי,,ספוג הפלא - מארז 6 יח',יחידות,6,יחידה,false,0,11.90,2.48,true,1,5426193
5426230,false,מטלית הפלא מיקרופייבר לרצפה 80X50,סנו סושי,,מטלית הפלא מיקרופייבר לרצפה 80X50,יחידות,1,יחידה,false,0,16.90,16.90,true,1,5426230
5426568,false,קרם לחות לשיער רגיל Alpha touch,קרמה Crema,,קרם לחות לשיער רגיל Alpha touch,מליליטרים,400,"100 מ""ל",false,0,19.90,4.98,true,1,5426568
5426575,false,קרם לחות לשיער יבש Alpha touch,קרמה Crema,,קרם לחות לשיער יבש Alpha touch,מליליטרים,400,"100 מ""ל",false,0,19.90,4.98,true,1,5426575
5426629,false,מבשם אוויר Duo פרש לוטוס ופרחי מים,סנו פרש Fresh,,מבשם אוויר Duo פרש לוטוס ופרחי מים,מליליטרים,300,"100 מ""ל",false,0,10.90,4.30,true,1,5426629
5426735,false,אבקת כביסה סנו מקסימה בלאק Black לצבעים כהים,סנו מקסימה,,אבקת כביסה סנו מקסימה בלאק Black לצבעים כהים,קילוגרמים,1,"ק""ג",false,0,18.90,15.12,true,1,5426735
5426803,false,מרכך כביסה לבנדר פצ'ולי,סנו מקסימה,,מרכך כביסה לבנדר פצ'ולי,ליטרים,4,ליטר,false,0,22.90,5.73,true,1,5426803
5426865,false,משחת שיניים לילדים בטעם מסטיק,אורביטול Orbitol,,משחת שיניים לילדים בטעם מסטיק,גרמים,70,100 גרם,false,0,8.90,12.71,true,1,5426865
5426940,false,קוטל חרקים K300 פלוס-8,סנו,,קוטל חרקים K300 פלוס-8,מליליטרים,400,"100 מ""ל",false,0,22.90,5.73,true,1,5426940
5426964,false,סנובון סבון אסלה כחול בניחוח אפרסק - 3 יח',סנו,,סנובון סבון אסלה כחול בניחוח אפרסק - 3 יח',יחידות,3,יחידה,false,0,19.90,6.63,true,1,5426964
5426971,false,סנובון סבון אסלה כחול בניחוח תפוח - מארז 3 יח',סנו,,סנובון סבון אסלה כחול בניחוח תפוח - מארז 3 יח',יחידות,3,יחידה,false,0,19.90,6.63,true,1,5426971
5427107,false,מגבות הפלא - מארז 6 גלילים,סנו סושי,,מגבות הפלא - מארז 6 גלילים,,63,מטר,false,0,12.90,0.20,true,1,5427107
5427619,false,ג'ל לעיצוב שיער אקסטרים,כיף,,ג'ל לעיצוב שיער אקסטרים,קילוגרמים,1,"ק""ג",false,0,22.90,22.90,true,1,5427619
5427633,false,ג'ל לעיצוב שיער אקסטרים חזק במיוחד,כיף,,ג'ל לעיצוב שיער אקסטרים חזק במיוחד,קילוגרמים,1,"ק""ג",false,0,22.90,22.90,true,1,5427633
5427725,false,מגבוני בד עבים ורכים במיוחד - מארז חמישיה,ליטופים,,מגבוני בד עבים ורכים במיוחד - מארז חמישיה,יחידות,360,יחידה,false,0,19.90,0.06,true,1,5427725
5427732,false,אל סבון תמצית קמומיל,כיף,,אל סבון תמצית קמומיל,ליטרים,2,ליטר,false,0,22.90,11.45,true,1,5427732
5427749,false,אל סבון תמצית אצות ים,כיף,,אל סבון תמצית אצות ים,ליטרים,2,ליטר,false,0,22.90,11.45,true,1,5427749
5427756,false,אל סבון תמצית אלוורה,כיף,,אל סבון תמצית אלוורה,ליטרים,2,ליטר,false,0,22.90,11.45,true,1,5427756
5427763,false,אל סבון תמציות ג'ינסנג,כיף,,אל סבון תמציות ג'ינסנג,ליטרים,2,ליטר,false,0,22.90,11.45,true,1,5427763
5427770,false,קרם לחות לגבר,קרמה Crema,,קרם לחות לגבר,מליליטרים,400,"100 מ""ל",false,0,19.90,4.98,true,1,5427770
5427787,false,קרם לחות לשיער תלתלים,קרמה Crema,,קרם לחות לשיער תלתלים,מליליטרים,400,"100 מ""ל",false,0,19.90,4.98,true,1,5427787
5427848,false,מטליות איכותיות לניקוי כללי רב שימושיות בגליל,סנו סושי,,מטליות איכותיות לניקוי כללי רב שימושיות בגליל,יחידות,40,יחידה,false,0,19.90,0.50,true,1,5427848
5427978,false,תחליב רחצה לפנים,קרמה Crema,,תחליב רחצה לפנים,מליליטרים,180,"100 מ""ל",false,0,14.90,11.06,true,1,5427978
5427985,false,תחליב רחצה לפני פילינג,קרמה Crema,,תחליב רחצה לפני פילינג,מליליטרים,180,"100 מ""ל",false,0,14.90,11.06,true,1,5427985
5428845,false,מפיות אירוח איכותיות 33*33,סנו סושי,,מפיות אירוח איכותיות 33*33,יחידות,100,יחידה,false,0,6.90,0.07,true,1,5428845
5428852,false,מגבוני נייר דו שכבתיים Pastel - מארז חמישייה,סנו סופט Soft,,מגבוני נייר דו שכבתיים Pastel - מארז חמישייה,יחידות,500,יחידה,false,5,14.90,0.03,true,1,5428852
5429019,false,נוזל ריחני לשטיפת רצפות,סנו פיסגה,,נוזל ריחני לשטיפת רצפות,ליטרים,4,ליטר,false,0,22.90,5.73,true,1,5429019
5429279,false,אבקת כביסה סנו מקסימה אפקט Javel,סנו מקסימה,,אבקת כביסה סנו מקסימה אפקט Javel,קילוגרמים,6,"ק""ג",false,0,49.90,10.82,true,1,5429279
5429286,false,אבקת כביסה סנו מקסימה Bio,סנו מקסימה,,אבקת כביסה סנו מקסימה Bio,קילוגרמים,6,"ק""ג",false,0,49.90,10.82,true,1,5429286
5430480,false,מטלית הפלא מיקרופייבר לכל סוגי המשטחים 30X30,סנו סושי,,מטלית הפלא מיקרופייבר לכל סוגי המשטחים 30X30,יחידות,1,יחידה,false,0,8.90,9.90,true,1,5430480
5430602,false,מסיר כתמים אוקסיג'ן,סנו אוקסיג'ן,,מסיר כתמים אוקסיג'ן,מליליטרים,750,"100 מ""ל",false,0,17.90,2.65,true,1,5430602
5430626,false,מסיר כתמים אוקסיג'ן ג'ל,סנו אוקסיג'ן,,מסיר כתמים אוקסיג'ן ג'ל,ליטרים,2,ליטר,false,0,19.90,9.95,true,1,5430626
5430671,false,פוליויקס קרמיקה,סנו פוליויקס,,פוליויקס קרמיקה,ליטרים,2,ליטר,false,0,24.90,12.45,true,1,5430671
5430862,false,מים מזוקקים לשימוש ביתי,סנו,,מים מזוקקים לשימוש ביתי,ליטרים,4,ליטר,false,0,19.90,4.98,true,1,5430862
5430961,false,מקסימה בד גארד שמפו,סנו מקסימה,,מקסימה בד גארד שמפו,ליטרים,1,ליטר,false,0,15.90,15.90,true,1,5430961
5477669,false,דרמפון סבון ללא סבון מועשר בלחות,קרליין Careline,,דרמפון סבון ללא סבון מועשר בלחות,ליטרים,1,ליטר,false,0,14.90,18.90,true,1,5477669
5500558,false,ג'ל חזק במיוחד לשיער עם חוחובה,פנינה רוזנבלום PR,,ג'ל חזק במיוחד לשיער עם חוחובה,ליטרים,1,ליטר,false,0,14.90,14.90,true,1,5500558
5500657,false,ג'ל חזק במיוחד לשיער עם חוחובה,פנינה רוזנבלום PR,,ג'ל חזק במיוחד לשיער עם חוחובה,ליטרים,1,ליטר,false,0,14.90,14.90,true,1,5500657
5500688,false,מסיכה לשיער,פנינה רוזנבלום PR,,מסיכה לשיער,מליליטרים,1000,"100 מ""ל",false,0,29.90,2.99,true,1,5500688
5509445,false,מיני קוקיס בטעם חמאה,כרמית,,מיני קוקיס בטעם חמאה,גרמים,600,100 גרם,false,0,18.90,3.15,true,1,5509445
5559587,false,מאפה נקניקיה,מעדנות,,מאפה נקניקיה,גרמים,800,100 גרם,false,0,26.90,3.36,true,1,5559587
5559709,false,בורקס פיצה,מעדנות,,בורקס פיצה,גרמים,700,100 גרם,false,0,24.90,3.56,true,1,5559709
5559907,false,פיצה משפחתית 100% גבינה,מעדנות,,פיצה משפחתית 100% גבינה,גרמים,500,100 גרם,false,0,24.90,4.98,true,1,5559907
5559914,false,פיצה משפחתית 100% גבינה בתוספת זיתים,מעדנות,,פיצה משפחתית 100% גבינה בתוספת זיתים,גרמים,550,100 גרם,false,0,24.90,4.53,true,1,5559914
5559990,false,בצק פילאס תורכי,מעדנות,,בצק פילאס תורכי,גרמים,600,100 גרם,false,0,22.90,3.82,true,1,5559990
5587825,false,מסיר איפור עדין לעיניים ולשפתיים,לוריאל Loreal,,מסיר איפור עדין לעיניים ולשפתיים,מליליטרים,125,"100 מ""ל",false,0,24.90,19.92,true,1,5587825
5589492,false,חיטה מלאה תפוחה בציפוי דבש,מפעלי דגן,,חיטה מלאה תפוחה בציפוי דבש,גרמים,200,100 גרם,false,0,5.90,2.95,true,1,5589492
5591761,false,דבש טהור מפרחי בר בקבוק לחיץ,יד מרדכי,,דבש טהור מפרחי בר בקבוק לחיץ,גרמים,400,100 גרם,false,0,19.90,4.98,true,1,5591761
5605994,false,פאנטה אורנג' בקבוק זכוכית - מינימום לקניה 24 יח',פאנטה Fanta,,פאנטה אורנג' בקבוק זכוכית - מינימום לקניה 24 יח',מליליטרים,350,"100 מ""ל",false,0,5.90,1.69,true,1,5605994
5684234,false,לחם דגנים קל,המאפיה של הרמן,,לחם דגנים קל,גרמים,500,100 גרם,false,0,9.90,1.98,true,1,5684234
5684418,false,לחם כוסמין מלא לחם אדמה,,,לחם כוסמין מלא לחם אדמה,גרמים,700,100 גרם,false,0,14.90,2.13,true,1,5684418
5684487,false,מארז 6 לחמניות כוסמין,מקור הכוסמין,,מארז 6 לחמניות כוסמין,גרמים,420,100 גרם,false,0,12.90,3.07,true,1,5684487
5684845,false,פיתות מקמח כוסמין מלא אורגני- מארז 5 יח',אלומה,,פיתות מקמח כוסמין מלא אורגני- מארז 5 יח',יחידות,5,יחידה,false,0,5.90,1.18,true,1,5684845
5686115,false,שזיפים,חצי חינם,,שזיפים,גרמים,400,100 גרם,false,0,18.90,4.73,true,1,5686115
5686122,false,צימוק כהה,חצי חינם,,צימוק כהה,גרמים,400,100 גרם,false,0,12.90,3.23,true,1,5686122
5727344,true,איקרה אדומה,,,איקרה אדומה,קילוגרמים,0,"ק""ג",true,0,54.00,0.00,true,1,5727344
5727351,true,איקרה לבנה,,,איקרה לבנה,קילוגרמים,0,"ק""ג",true,0,59.00,0.00,true,1,5727351
5838002,false,דניאלה מעדן גבינה ויוגורט בטעם וניל 5%,שטראוס,,דניאלה מעדן גבינה ויוגורט בטעם וניל 5%,גרמים,88,100 גרם,false,0,3.90,4.43,true,1,5838002
5838613,false,מעדן גבינה סקי בטעם וניל,שטראוס,,מעדן גבינה סקי בטעם וניל,גרמים,125,100 גרם,false,0,3.70,2.96,true,1,5838613
5839078,false,מארז 8 יחידות יוגורט דנונה טבעי 3%,דנונה - שטראוס,,מארז 8 יחידות יוגורט דנונה טבעי 3%,גרמים,1200,100 גרם,false,8,15.90,1.33,true,1,5839078
5839108,false,סימפוניה גבינה במרקם שמנת עם זיתים ירוקים 5%,שטראוס,,סימפוניה גבינה במרקם שמנת עם זיתים ירוקים 5%,גרמים,200,100 גרם,false,0,10.90,5.45,true,1,5839108
5839313,false,מעדן מילקי עם טופ מגולגלת,שטראוס,,מעדן מילקי עם טופ מגולגלת,גרמים,170,100 גרם,false,0,4.30,2.53,true,1,5839313
5896620,false,מים מינרלים מוגזים,סאן בנדטו San Benedetto,,מים מינרלים מוגזים,ליטרים,2,ליטר,false,0,4.90,3.27,true,1,5896620
5896637,false,מים מינרלים,סאן בנדטו San Benedetto,,מים מינרלים,ליטרים,2,ליטר,false,0,3.90,2.60,true,1,5896637
5902048,false,"מטאטא גומי 32 ס""מ + מקל",טירולר Tyroler,,"מטאטא גומי 32 ס""מ + מקל",,0,,false,0,59.90,0.00,true,1,5902048
5902055,false,"מגב גומי 46 ס""מ + מקל",טירולר Tyroler,,"מגב גומי 46 ס""מ + מקל",,0,,false,0,59.90,0.00,true,1,5902055
5902185,false,יעה גומי,טירולר Tyroler,,יעה גומי,,0,,false,0,69.90,0.00,true,1,5902185
5902253,false,"מנקה חלונות דו צדדי 30 ס""מ",טירולר Tyroler,,"מנקה חלונות דו צדדי 30 ס""מ",,0,,false,0,149.00,0.00,true,1,5902253
5902307,false,מגב דו צדדי + מוט טלסקופי,טירולר Tyroler,,מגב דו צדדי + מוט טלסקופי,,0,,false,0,69.90,0.00,true,1,5902307
5902345,false,"מטאטא גומי 42 ס""מ + מקל",טירולר Tyroler,,"מטאטא גומי 42 ס""מ + מקל",,0,,false,0,59.90,0.00,true,1,5902345
5902369,false,מנקה חלונות דו צדדי לחלונות כפולים,טירולר Tyroler,,מנקה חלונות דו צדדי לחלונות כפולים,,0,,false,0,195.00,0.00,true,1,5902369
5902376,false,"מגב גומי 60 ס""מ + מקל",טירולר Tyroler,,"מגב גומי 60 ס""מ + מקל",,0,,false,0,69.90,0.00,true,1,5902376
5902437,false,"מטאטא סיליקון רוחב 40 ס""מ + מקל",טירולר Tyroler,,"מטאטא סיליקון רוחב 40 ס""מ + מקל",,0,,false,0,79.90,0.00,true,1,5902437
5946011,false,עלי חסה שטופים,,,עלי חסה שטופים,גרמים,500,100 גרם,false,0,9.90,1.98,true,1,5946011
5946264,false,חסה לבבות קיסר,,,חסה לבבות קיסר,,0,,false,0,8.90,0.00,true,1,5946264
5946554,false,חסה לבבות קיסר,,,חסה לבבות קיסר,,0,,false,0,8.90,0.00,true,1,5946554
5946578,false,חסה מיקס שטופה,,,חסה מיקס שטופה,גרמים,250,100 גרם,false,0,8.90,3.56,true,1,5946578
5946745,false,עלי חסה שטופים,,,עלי חסה שטופים,גרמים,300,100 גרם,false,0,7.90,2.63,true,1,5946745
5992018,false,יוגורט עיזים לשתיה,מחלבות גד,,יוגורט עיזים לשתיה,מליליטרים,500,"100 מ""ל",false,0,12.90,2.58,true,1,5992018
5992247,true,גבינת חלומי,מחלבות גד,,גבינת חלומי,קילוגרמים,0,"ק""ג",true,0,89.00,0.00,true,1,5992247
5992575,false,בולגרית למריחה 5%,מחלבות גד,,בולגרית למריחה 5%,גרמים,250,100 גרם,false,0,14.90,5.96,true,1,5992575
5992667,true,גבינה בולגרית 5% מסורתית,מחלבות גד,,גבינה בולגרית 5% מסורתית,קילוגרמים,0,"ק""ג",true,0,56.00,0.00,true,1,5992667
5992735,false,גבינת לאבנה 5%,מחלבות גד,,גבינת לאבנה 5%,גרמים,250,100 גרם,false,0,11.90,4.76,true,1,5992735
5992858,true,גבינת פטה עיזים 5%,מחלבות גד,,גבינת פטה עיזים 5%,קילוגרמים,0,"ק""ג",true,0,110.00,0.00,true,1,5992858
5992872,true,גבינת צפתית 5% מעודנת,מחלבות גד,,גבינת צפתית 5% מעודנת,קילוגרמים,0,"ק""ג",true,0,55.00,0.00,true,1,5992872
5992889,true,גבינת שמנת 30% בטעם שום שמיר,מחלבות גד,,גבינת שמנת 30% בטעם שום שמיר,קילוגרמים,0,"ק""ג",true,0,45.00,0.00,true,1,5992889
5992902,true,גבינת שמנת 30% עם ירקות,מחלבות גד,,גבינת שמנת 30% עם ירקות,קילוגרמים,0,"ק""ג",true,0,45.00,0.00,true,1,5992902
5992957,true,גבינת פטה עיזים 20%,מחלבות גד,,גבינת פטה עיזים 20%,קילוגרמים,0,"ק""ג",true,0,110.00,0.00,true,1,5992957
5992964,true,גבינת פטה כבשים 20%,מחלבות גד,,גבינת פטה כבשים 20%,קילוגרמים,0,"ק""ג",true,0,99.00,0.00,true,1,5992964
5996078,false,סלמי סרוולט הונגרי,יחיעם,,סלמי סרוולט הונגרי,גרמים,125,100 גרם,false,0,22.90,18.32,true,1,5996078
5996153,false,נקנקיות פרמיום בסגנון צרפתי,יחיעם,,נקנקיות פרמיום בסגנון צרפתי,גרמים,280,100 גרם,false,0,19.90,7.11,true,1,5996153
6131034,true,פילה נסיכת הנילוס פרוס ארוז גולדג,,,פילה נסיכת הנילוס פרוס ארוז גולדג,קילוגרמים,0,"ק""ג",true,0,64.90,0.00,true,1,6131034
6131102,true,דג הליבוט פרוס במגש,,,דג הליבוט פרוס במגש,קילוגרמים,0,"ק""ג",true,0,64.90,0.00,true,1,6131102
6131119,true,דג הליבוט מקולף פרוס בוואקום,,,דג הליבוט מקולף פרוס בוואקום,קילוגרמים,0,"ק""ג",true,0,69.90,0.00,true,1,6131119
6131287,true,פילה בקלה מרלוזה,,,פילה בקלה מרלוזה,קילוגרמים,0,"ק""ג",true,0,34.90,0.00,true,1,6131287
6131447,true,דגי מקרל,,,דגי מקרל,קילוגרמים,0,"ק""ג",true,0,21.90,0.00,true,1,6131447
6131652,true,פילה קוד עם עור בוואקום,,,פילה קוד עם עור בוואקום,קילוגרמים,0,"ק""ג",true,0,74.90,0.00,true,1,6131652
6185952,false,מגבונים להסרת איפור,פנינה רוזנבלום PR,,מגבונים להסרת איפור,יחידות,30,יחידה,false,0,14.90,0.50,true,1,6185952
6210197,true,רוגעלך,בונז'ור,,רוגעלך,קילוגרמים,0,"ק""ג",true,0,39.00,0.00,true,1,6210197
6210203,true,בורקס תפוח אדמה,בונז'ור,,בורקס תפוח אדמה,קילוגרמים,0,"ק""ג",true,0,39.00,0.00,true,1,6210203
6210210,true,בורקס ספרדי,בונז'ור,,בורקס ספרדי,קילוגרמים,0,"ק""ג",true,0,39.00,0.00,true,1,6210210
6210227,true,מאפה וניל,בונז'ור,,מאפה וניל,קילוגרמים,0,"ק""ג",true,0,39.00,0.00,true,1,6210227
6210258,true,תפוחיות,בונז'ור,,תפוחיות,קילוגרמים,0,"ק""ג",true,0,39.00,0.00,true,1,6210258
6210289,true,דניש קינמון,בונז'ור,,דניש קינמון,קילוגרמים,0,"ק""ג",true,0,39.00,0.00,true,1,6210289
6210319,true,קרואסון ביס חמאה,בונז'ור,,קרואסון ביס חמאה,קילוגרמים,0,"ק""ג",true,0,39.00,0.00,true,1,6210319
6210340,true,קרואסון שוקולד,בונז'ור,,קרואסון שוקולד,קילוגרמים,0,"ק""ג",true,0,39.00,0.00,true,1,6210340
6210357,true,שנק פיצה,בונז'ור,,שנק פיצה,קילוגרמים,0,"ק""ג",true,0,39.00,0.00,true,1,6210357
6210449,true,פילס קשקבל,בונז'ור,,פילס קשקבל,קילוגרמים,0,"ק""ג",true,0,39.00,0.00,true,1,6210449
6210456,true,בורקס פילס פטריות,בונז'ור,,בורקס פילס פטריות,קילוגרמים,0,"ק""ג",true,0,39.00,0.00,true,1,6210456
6229427,false,מים מינרלים שישייה - בקבוק אישי,סאן בנדטו San Benedetto,,מים מינרלים שישייה - בקבוק אישי,ליטרים,3,ליטר,false,6,11.90,3.97,true,1,6229427
6235220,false,מגבונים היגיינים לידיים ולפנים Kids,"ד""ר פישר Dr fischer",,מגבונים היגיינים לידיים ולפנים Kids,יחידות,30,יחידה,false,0,5.90,0.20,true,1,6235220
6235244,false,משחה לתינוק עם צמחי מרפא Kamil Blue,"ד""ר פישר Dr fischer",,משחה לתינוק עם צמחי מרפא Kamil Blue,גרמים,100,100 גרם,false,0,19.90,19.90,true,1,6235244
6241214,false,שקדים טבעיים,קליית גת,,שקדים טבעיים,גרמים,200,100 גרם,false,0,17.90,9.95,true,1,6241214
6241504,false,מיץ תפוזים מרוכז קפוא,פריגת,,מיץ תפוזים מרוכז קפוא,גרמים,280,100 גרם,false,0,9.90,3.54,true,1,6241504
6241511,false,משקה בטעם לימונענע מרוכז קפוא,פריגת,,משקה בטעם לימונענע מרוכז קפוא,גרמים,280,100 גרם,false,0,9.90,3.54,true,1,6241511
6241535,false,משקה בטעם מנגו מרוכז קפוא,פריגת,,משקה בטעם מנגו מרוכז קפוא,גרמים,280,100 גרם,false,0,9.90,3.54,true,1,6241535
6241689,false,משקה בטעם לימון מרוכז קפוא,פריגת,,משקה בטעם לימון מרוכז קפוא,גרמים,280,100 גרם,false,0,9.90,3.54,true,1,6241689
6251107,false,תה צ'אי מסאלה,ויסוצקי,,תה צ'אי מסאלה,גרמים,50,100 גרם,false,0,14.90,29.80,true,1,6251107
6251268,false,תה ירוק בטעם תפוח וקינמון,ויסוצקי ירוק,,תה ירוק בטעם תפוח וקינמון,גרמים,38,100 גרם,false,25,22.90,61.07,true,1,6251268
6251275,false,תה ירוק סיני קלאסי,ויסוצקי ירוק,,תה ירוק סיני קלאסי,גרמים,38,100 גרם,false,25,22.90,61.07,true,1,6251275
6251282,false,חליטת פירות וצמחים בטעם חמוציות,ויסוצקי,,חליטת פירות וצמחים בטעם חמוציות,גרמים,75,100 גרם,false,0,16.90,22.53,true,1,6251282
6251343,false,חליטת פירות וצמחים בטעם פסיפלורה ומנגו,ויסוצקי,,חליטת פירות וצמחים בטעם פסיפלורה ומנגו,גרמים,63,100 גרם,false,0,16.90,27.04,true,1,6251343
6251374,false,תה ירוק לימונית וג'ינג'ר,ויסוצקי ירוק,,תה ירוק לימונית וג'ינג'ר,גרמים,38,100 גרם,false,25,22.90,61.07,true,1,6251374
6251589,false,תה ירוק נענע,ויסוצקי ירוק,,תה ירוק נענע,גרמים,75,100 גרם,false,50,39.90,53.20,true,1,6251589
6265548,false,נבטים סיניים,מרינה,,נבטים סיניים,יחידות,1,יחידה,false,0,4.90,4.90,true,1,6265548
6271174,false,ג'חנון לאפייה,מעדנות,,ג'חנון לאפייה,גרמים,700,100 גרם,false,0,16.90,2.41,true,1,6271174
6271181,false,ג'חנון אפוי,מעדנות,,ג'חנון אפוי,גרמים,750,100 גרם,false,0,22.90,3.05,true,1,6271181
6271648,false,מיני בורקס במילוי תפוח אדמה,מעדנות,,מיני בורקס במילוי תפוח אדמה,גרמים,800,100 גרם,false,0,22.90,2.86,true,1,6271648
6271655,false,מיני בורקס במילוי גבינה,מעדנות,,מיני בורקס במילוי גבינה,גרמים,800,100 גרם,false,0,24.90,3.11,true,1,6271655
6272072,false,חטיפי פיצה מוקפא,מעדנות,,חטיפי פיצה מוקפא,גרמים,650,100 גרם,false,0,29.90,4.60,true,1,6272072
6272430,false,בצק עלים חמאה חלבי,מעדנות,,בצק עלים חמאה חלבי,גרמים,600,100 גרם,false,0,27.90,4.65,true,1,6272430
6287106,false,ווקס לעיצוב אליסטי,נטורל פורמולה Natural Formula,,ווקס לעיצוב אליסטי,מליליטרים,120,"100 מ""ל",false,0,24.90,20.75,true,1,6287106
6306159,false,לזניה במילוי ארבע גבינות ברוטב עגבניות,פסטה נונה Pasta Nonna,,לזניה במילוי ארבע גבינות ברוטב עגבניות,גרמים,500,100 גרם,false,0,29.90,5.98,true,1,6306159
6306180,false,קנלוני במילוי גבינת עיזים ברוטב עגבניות,פסטה נונה Pasta Nonna,,קנלוני במילוי גבינת עיזים ברוטב עגבניות,גרמים,500,100 גרם,false,0,29.90,5.98,true,1,6306180
6306296,false,רביולי במילוי גבינה,פסטה נונה Pasta Nonna,,רביולי במילוי גבינה,גרמים,400,100 גרם,false,0,21.90,5.48,true,1,6306296
6306302,false,רביולי במילוי גבינות פרמזן וריקוטה,פסטה נונה Pasta Nonna,,רביולי במילוי גבינות פרמזן וריקוטה,גרמים,400,100 גרם,false,0,21.90,5.48,true,1,6306302
6306319,false,רביולי במילוי בטטה,פסטה נונה Pasta Nonna,,רביולי במילוי בטטה,גרמים,400,100 גרם,false,0,21.90,5.48,true,1,6306319
6306326,false,רביולי במילוי פטריות וגבינת פרמז'ן,פסטה נונה Pasta Nonna,,רביולי במילוי פטריות וגבינת פרמז'ן,גרמים,400,100 גרם,false,0,21.90,5.48,true,1,6306326
6306333,false,רביולי במילוי תרד וגבינת ריקוטה,פסטה נונה Pasta Nonna,,רביולי במילוי תרד וגבינת ריקוטה,גרמים,400,100 גרם,false,0,21.90,5.48,true,1,6306333
6306340,false,ניוקי תפוח אדמה,פסטה נונה Pasta Nonna,,ניוקי תפוח אדמה,גרמים,400,100 גרם,false,0,17.90,4.48,true,1,6306340
6306357,false,רביולי במילוי גבינת עיזים,פסטה נונה Pasta Nonna,,רביולי במילוי גבינת עיזים,גרמים,400,100 גרם,false,0,22.90,5.73,true,1,6306357
6342089,false,גרעיני חמנייה קלויים,חצי חינם,,גרעיני חמנייה קלויים,גרמים,200,100 גרם,false,0,5.90,2.95,true,1,6342089
6342577,false,פקאן סיני מסוכר,חצי חינם,,פקאן סיני מסוכר,גרמים,200,100 גרם,false,0,24.90,12.45,true,1,6342577
6342584,false,אגוזי מלך קלופים,חצי חינם,,אגוזי מלך קלופים,גרמים,300,100 גרם,false,0,22.90,7.63,true,1,6342584
6342591,false,גרעיני דלעת קלויים,חצי חינם,,גרעיני דלעת קלויים,גרמים,200,100 גרם,false,0,7.90,3.95,true,1,6342591
6363022,false,מברשת אסלה - לבן,,,מברשת אסלה - לבן,יחידות,1,יחידה,false,0,29.90,29.90,true,1,6363022
6374615,false,דבש עם מזון מלכות 5.8% מרוכז במיוחד,יד מרדכי,,דבש עם מזון מלכות 5.8% מרוכז במיוחד,גרמים,340,100 גרם,false,0,36.90,10.85,true,1,6374615
6374653,false,מעדן עם דבש לייט,יד מרדכי,,מעדן עם דבש לייט,גרמים,350,100 גרם,false,0,24.90,7.11,true,1,6374653
6374660,false,שמן זית כתית מעולה קלאסי 2,יד מרדכי,,שמן זית כתית מעולה קלאסי 2,ליטרים,1,ליטר,false,0,42.90,42.90,true,1,6374660
6374738,false,קונפיטורה תות,יד מרדכי,,קונפיטורה תות,גרמים,340,100 גרם,false,0,12.90,3.79,true,1,6374738
6401366,false,ליגיניה פרוטקטיב לשימוש יומיומי,,,ליגיניה פרוטקטיב לשימוש יומיומי,מליליטרים,200,"100 מ""ל",false,0,29.90,19.95,true,1,6401366
6492432,false,גבינת מוצרלה בייבי 18%,מחלבות גד,,גבינת מוצרלה בייבי 18%,גרמים,150,100 גרם,false,0,12.90,8.60,true,1,6492432
6492616,false,פרוסות בולגרית מעודנת 5%,מחלבות גד,,פרוסות בולגרית מעודנת 5%,גרמים,250,100 גרם,false,0,25.90,10.36,true,1,6492616
6492630,false,גדעז גבינת שמנת מחלב עיזים 16%,מחלבות גד,,גדעז גבינת שמנת מחלב עיזים 16%,גרמים,180,100 גרם,false,0,21.90,12.17,true,1,6492630
6492647,false,מטבעות גבינת עיזים 22%,מחלבות גד,,מטבעות גבינת עיזים 22%,גרמים,150,100 גרם,false,0,22.90,15.27,true,1,6492647
6492685,false,גבינת לאבנה מחלב עיזים 5%,מחלבות גד,,גבינת לאבנה מחלב עיזים 5%,גרמים,250,100 גרם,false,0,16.90,6.76,true,1,6492685
6492852,false,גבינת עיזים למריחה 5%,מחלבות גד,,גבינת עיזים למריחה 5%,גרמים,250,100 גרם,false,0,15.90,6.36,true,1,6492852
6492913,false,גבינת לאבנה ציזיקי 5% למריחה,מחלבות גד,,גבינת לאבנה ציזיקי 5% למריחה,גרמים,250,100 גרם,false,0,14.90,5.96,true,1,6492913
6494597,false,סירופ בטעם תפוחים ללא תוספת סוכר,מרמולייט,,סירופ בטעם תפוחים ללא תוספת סוכר,ליטרים,1,ליטר,false,0,19.90,19.90,true,1,6494597
6494917,false,וופל במילוי קרם בטעם שוקולד ללא תוספת סוכר,טוסו tusso,,וופל במילוי קרם בטעם שוקולד ללא תוספת סוכר,גרמים,200,100 גרם,false,0,9.90,4.95,true,1,6494917
6494924,false,ופלים במילוי קרם בטעם לימון ללא תוספת סוכר,טוסו tusso,,ופלים במילוי קרם בטעם לימון ללא תוספת סוכר,גרמים,180,100 גרם,false,0,9.90,5.50,true,1,6494924
6511010,true,פרמז'נו (רכיבי חלב ושומן צמחי),Euro יורו מחלבות אירופה,,פרמז'נו (רכיבי חלב ושומן צמחי),קילוגרמים,0,"ק""ג",true,0,119.00,0.00,true,1,6511010
6511157,false,פטריות שמפניון שלמות גודל בינוני,וילי פוד,,פטריות שמפניון שלמות גודל בינוני,גרמים,400,100 גרם,false,0,7.90,1.98,true,1,6511157
6511683,false,מאנצ'ו חטיף סויה מוקפא אדממה,וילי פוד,,מאנצ'ו חטיף סויה מוקפא אדממה,גרמים,454,100 גרם,false,0,7.90,2.18,true,1,6511683
6511751,false,מארז פטריות שמפיניון חתוכות - שלישייה,וילי פוד,,מארז פטריות שמפיניון חתוכות - שלישייה,גרמים,870,100 גרם,false,3,11.90,1.37,true,1,6511751
6511904,true,גבינת אדם בלוק 23%,וילי פוד,,גבינת אדם בלוק 23%,קילוגרמים,0,"ק""ג",true,0,59.00,0.00,true,1,6511904
6541901,false,ממרח שום,מוטי שף,,ממרח שום,גרמים,180,100 גרם,false,0,19.90,11.06,true,1,6541901
6546319,false,סטייק צ'יפס מוקפא,פרי הגליל,,סטייק צ'יפס מוקפא,קילוגרמים,2,"ק""ג",false,0,18.90,12.60,true,1,6546319
6546333,false,צ'יפס,פרי הגליל,,צ'יפס,גרמים,700,100 גרם,false,0,9.90,1.41,true,1,6546333
6546371,false,במיה מוקפאת,פרי הגליל,,במיה מוקפאת,גרמים,600,100 גרם,false,0,14.90,2.48,true,1,6546371
6546388,false,תחתיות ארטישוק מוקפאות,פרי הגליל,,תחתיות ארטישוק מוקפאות,גרמים,400,100 גרם,false,0,19.90,4.98,true,1,6546388
6546395,false,לקט העונה מוקפא,פרי הגליל,,לקט העונה מוקפא,גרמים,800,100 גרם,false,0,12.90,1.61,true,1,6546395
6546500,false,צ'יפס בזיגזג,פרי הגליל,,צ'יפס בזיגזג,גרמים,800,100 גרם,false,0,9.90,1.24,true,1,6546500
6546517,false,סטייק צ'יפס,פרי הגליל,,סטייק צ'יפס,גרמים,800,100 גרם,false,0,9.90,1.24,true,1,6546517
6546524,false,צ'יפס מובחר,פרי הגליל,,צ'יפס מובחר,גרמים,800,100 גרם,false,0,9.90,1.24,true,1,6546524
6546982,false,לקט סיני מוקפא,פרי הגליל,,לקט סיני מוקפא,גרמים,800,100 גרם,false,0,14.90,1.86,true,1,6546982
6546999,false,לקט מוקפא למרק,פרי הגליל,,לקט מוקפא למרק,גרמים,800,100 גרם,false,0,12.90,1.61,true,1,6546999
6559098,false,לבנה בופאלו כדורים 9%,חוות הבופאלו,,לבנה בופאלו כדורים 9%,גרמים,250,100 גרם,false,0,24.90,9.96,true,1,6559098
6559265,false,מוצרלה די בופאלה,חוות הבופאלו,,מוצרלה די בופאלה,גרמים,250,100 גרם,false,0,32.90,13.16,true,1,6559265
6559340,false,בוקנציני די בופאלה,חוות הבופאלו,,בוקנציני די בופאלה,גרמים,150,100 גרם,false,0,22.90,15.27,true,1,6559340
6559388,false,בסגנון של יוגורט יורט Bio,חוות הבופאלו,,בסגנון של יוגורט יורט Bio,גרמים,850,100 גרם,false,0,19.90,2.34,true,1,6559388
6559456,false,משקה יוגורט בופאלו 5%,חוות הבופאלו,,משקה יוגורט בופאלו 5%,מליליטרים,500,"100 מ""ל",false,0,18.90,3.78,true,1,6559456
6567048,false,פתיתי קוסקוס ישראלי,אסם,,פתיתי קוסקוס ישראלי,גרמים,350,100 גרם,false,0,6.90,1.97,true,1,6567048
6582355,false,סילאן סירופ תמרים,שקדיה,,סילאן סירופ תמרים,גרמים,900,100 גרם,false,0,12.90,1.43,true,1,6582355
6582621,false,פירורי לחם מוזהבים,דין שיווק,,פירורי לחם מוזהבים,גרמים,300,100 גרם,false,0,4.90,1.63,true,1,6582621
6618078,false,ספריי אסטוניש למטבח,יעקבי- אסטוניש Astonish,,ספריי אסטוניש למטבח,מליליטרים,750,"100 מ""ל",false,0,11.90,1.59,true,1,6618078
6618085,false,ספריי אסטוניש לחדר אמבט,יעקבי- אסטוניש Astonish,,ספריי אסטוניש לחדר אמבט,מליליטרים,750,"100 מ""ל",false,0,11.90,1.59,true,1,6618085
6618146,false,מדליק פחמים נוזלי,יעקבי - הפי Hepi,,מדליק פחמים נוזלי,מליליטרים,500,"100 מ""ל",false,0,12.90,2.58,true,1,6618146
6618153,false,ספריי פוליש לנירוסטה,יעקבי - הפי Hepi,,ספריי פוליש לנירוסטה,מליליטרים,600,"100 מ""ל",false,0,29.90,4.98,true,1,6618153
6651570,false,אל סבון ושמפו לתינוק קמיל בלו צמחי מרפא,"ד""ר פישר Dr fischer",,אל סבון ושמפו לתינוק קמיל בלו צמחי מרפא,מליליטרים,750,"100 מ""ל",false,0,19.90,2.65,true,1,6651570
6652027,false,מארז במבה 20 יחידות,אסם,,מארז במבה 20 יחידות,גרמים,300,100 גרם,false,20,24.90,8.30,true,1,6652027
6653765,false,פסטה פטוצי'ני Perfecto,אסם פרפקטו Perfecto,,פסטה פטוצי'ני Perfecto,גרמים,500,100 גרם,false,0,6.90,1.38,true,1,6653765
6653819,false,קוסקוס דק,אסם,,קוסקוס דק,גרמים,350,100 גרם,false,0,6.90,1.97,true,1,6653819
6664051,false,מארז 14 יחידות אקטימל טבעי,דנונה - שטראוס,,מארז 14 יחידות אקטימל טבעי,גרמים,1512,100 גרם,false,14,31.50,2.08,true,1,6664051
6664310,false,סקי גבינה לבנה 3%,שטראוס,,סקי גבינה לבנה 3%,גרמים,250,100 גרם,false,0,4.70,1.88,true,1,6664310
6664402,false,סקי גבינה לבנה 5%,שטראוס,,סקי גבינה לבנה 5%,גרמים,750,100 גרם,false,0,14.10,1.88,true,1,6664402
6664532,false,יוגורט עם תות 3%,דנונה - שטראוס,,יוגורט עם תות 3%,גרמים,150,100 גרם,false,0,3.40,2.27,true,1,6664532
6664655,false,מארז 8 יחידות אקטימל טבעי,דנונה - שטראוס,,מארז 8 יחידות אקטימל טבעי,גרמים,864,100 גרם,false,8,19.90,2.30,true,1,6664655
6664693,false,יוגורט עם אפרסק 3%,דנונה - שטראוס,,יוגורט עם אפרסק 3%,גרמים,150,100 גרם,false,0,3.40,2.27,true,1,6664693
6664990,false,מארז 8 יחידות יוגורט דנונה טבעי 1.7%,דנונה - שטראוס,,מארז 8 יחידות יוגורט דנונה טבעי 1.7%,גרמים,1200,100 גרם,false,8,15.90,1.33,true,1,6664990
6681553,false,קרמבו בטעם וניל - מארז שמינייה פרווה,שטראוס,,קרמבו בטעם וניל - מארז שמינייה פרווה,גרמים,200,100 גרם,false,0,13.90,6.95,true,1,6681553
6712684,false,דאודורנט סטיק ג'ל לגבר 24/7 Fresh Rush,ספיד סטיק Speed Stick,,דאודורנט סטיק ג'ל לגבר 24/7 Fresh Rush,גרמים,50,100 גרם,false,0,19.90,49.80,true,1,6712684
6712981,false,משחת שיניים לילדים לגילאי 6+ בטעם פירות,קולגייט Colgate,,משחת שיניים לילדים לגילאי 6+ בטעם פירות,מליליטרים,50,"100 מ""ל",false,0,12.90,25.80,true,1,6712981
6724472,false,טחינה אורגנית,ליב אורגני,,טחינה אורגנית,גרמים,500,100 גרם,false,0,15.90,3.18,true,1,6724472
6724496,false,טחינה משומשום מלא אורגני,ליב אורגני,,טחינה משומשום מלא אורגני,גרמים,500,100 גרם,false,0,15.90,3.18,true,1,6724496
6738615,false,קבב זהב קפוא,זוגלובק,,קבב זהב קפוא,גרמים,400,100 גרם,false,0,19.90,4.98,true,1,6738615
6739292,false,פסטרמה תבור,זוגלובק,,פסטרמה תבור,גרמים,330,100 גרם,false,0,24.90,9.06,true,1,6739292
6739407,false,שניצל תירס מופחת קלוריות,זוגלובק טבע,,שניצל תירס מופחת קלוריות,גרמים,630,100 גרם,false,0,29.90,4.75,true,1,6739407
6739414,false,סלמי קוניאק,זוגלובק,,סלמי קוניאק,גרמים,300,100 גרם,false,0,24.90,9.97,true,1,6739414
6739421,false,סלמי מעושן איטלקי,זוגלובק,,סלמי מעושן איטלקי,גרמים,300,100 גרם,false,0,24.90,9.97,true,1,6739421
6739445,false,שניצל תירס,זוגלובק טבע,,שניצל תירס,גרמים,750,100 גרם,false,0,29.90,3.99,true,1,6739445
6742162,false,המבורגר מזרחי קפוא,זוגלובק,,המבורגר מזרחי קפוא,גרמים,400,100 גרם,false,0,19.90,4.98,true,1,6742162
6742278,false,פסטרמה צלויה על לבנים,זוגלובק,,פסטרמה צלויה על לבנים,גרמים,330,100 גרם,false,0,24.90,9.06,true,1,6742278
6742292,false,פסטרמה הודו בדבש טהור,זוגלובק,,פסטרמה הודו בדבש טהור,גרמים,330,100 גרם,false,0,24.90,9.06,true,1,6742292
6742315,false,פסטרמה חזה הודו ברביקיו,זוגלובק,,פסטרמה חזה הודו ברביקיו,גרמים,330,100 גרם,false,0,24.90,9.06,true,1,6742315
6764478,false,בירה שחורה נשר מאלט,נשר,,בירה שחורה נשר מאלט,מליליטרים,330,"100 מ""ל",false,0,4.90,1.48,true,1,6764478
6764485,false,בירה נשר מאלט שישייה,נשר,,בירה נשר מאלט שישייה,ליטרים,2,ליטר,false,6,26.90,13.59,true,1,6764485
6765451,false,פיסטוק קלוי,חצי חינם,,פיסטוק קלוי,גרמים,250,100 גרם,false,0,19.90,9.96,true,1,6765451
6765468,false,שקדים קלויים,חצי חינם,,שקדים קלויים,גרמים,250,100 גרם,false,0,29.90,11.96,true,1,6765468
6765475,false,בוטנים קלויים,חצי חינם,,בוטנים קלויים,גרמים,250,100 גרם,false,0,9.90,3.96,true,1,6765475
6765482,false,אגוזי קשיו קלויים,חצי חינם,,אגוזי קשיו קלויים,גרמים,250,100 גרם,false,0,19.90,9.96,true,1,6765482
6770561,false,לקט מוקפא לקוסקוס,פרי הגליל,,לקט מוקפא לקוסקוס,גרמים,800,100 גרם,false,0,12.90,1.61,true,1,6770561
6775016,false,עוגה בטעם תפוז,אחוה,,עוגה בטעם תפוז,גרמים,450,100 גרם,false,0,8.90,2.20,true,1,6775016
6775023,false,עוגה אנגלית,אחוה,,עוגה אנגלית,גרמים,450,100 גרם,false,0,8.90,2.20,true,1,6775023
6775337,false,עוגת שמרים במילוי פרג,אחוה,,עוגת שמרים במילוי פרג,גרמים,400,100 גרם,false,0,10.90,2.73,true,1,6775337
6775764,false,עוגת שוקוצ'יפס ללא תוספת סוכר,אחוה,,עוגת שוקוצ'יפס ללא תוספת סוכר,גרמים,400,100 גרם,false,0,10.90,2.73,true,1,6775764
6788290,false,חלב פנים לניקוי עדין ולהסרת איפור לעור רגיל/מעורב,קרליין Careline,,חלב פנים לניקוי עדין ולהסרת איפור לעור רגיל/מעורב,מליליטרים,250,"100 מ""ל",false,0,24.90,11.96,true,1,6788290
6788313,false,חלב פנים לניקוי עדין ולהסרת איפור לעור יבש ועדין,קרליין Careline,,חלב פנים לניקוי עדין ולהסרת איפור לעור יבש ועדין,מליליטרים,250,"100 מ""ל",false,0,24.90,11.96,true,1,6788313
6788320,false,מי פנים עדינים לניקוי ורענון העור,קרליין Careline,,מי פנים עדינים לניקוי ורענון העור,מליליטרים,250,"100 מ""ל",false,0,24.90,11.96,true,1,6788320
6788337,false,דאודורנט סטיק נושם+ Sensitive,קרליין Careline,,דאודורנט סטיק נושם+ Sensitive,גרמים,50,100 גרם,false,0,16.90,33.80,true,1,6788337
6788351,false,דאודורנט סטיק נושם+ Aqua כחול,קרליין Careline,,דאודורנט סטיק נושם+ Aqua כחול,גרמים,50,100 גרם,false,0,16.90,33.80,true,1,6788351
6788375,false,דאודורנט סטיק נושם+ Pure ורוד,קרליין Careline,,דאודורנט סטיק נושם+ Pure ורוד,מליליטרים,50,"100 מ""ל",false,0,16.90,33.80,true,1,6788375
6788399,false,דאודורנט רול און נושם+ Senstive,קרליין Careline,,דאודורנט רול און נושם+ Senstive,מליליטרים,75,"100 מ""ל",false,0,12.90,21.20,true,1,6788399
6788405,false,דאודורנט רול און נושם+ Active ורוד,קרליין Careline,,דאודורנט רול און נושם+ Active ורוד,מליליטרים,75,"100 מ""ל",false,0,12.90,21.20,true,1,6788405
6788412,false,דאודורנט רול און נושם+ Aqua כחול,קרליין Careline,,דאודורנט רול און נושם+ Aqua כחול,מליליטרים,75,"100 מ""ל",false,0,12.90,21.20,true,1,6788412
6788429,false,דאודורנט רול און נושם+ Sunrise כתום,קרליין Careline,,דאודורנט רול און נושם+ Sunrise כתום,מליליטרים,75,"100 מ""ל",false,0,12.90,21.20,true,1,6788429
6788436,false,דאודורנט רול און נושם+ Active ורוד,קרליין Careline,,דאודורנט רול און נושם+ Active ורוד,מליליטרים,75,"100 מ""ל",false,0,12.90,21.20,true,1,6788436
6788443,false,דאודורנט רול און נושם+ Oxigen סגול,קרליין Careline,,דאודורנט רול און נושם+ Oxigen סגול,מליליטרים,75,"100 מ""ל",false,0,12.90,21.20,true,1,6788443
6788450,false,דאודורנט ספריי נושם+ Sensitive ירוק,קרליין Careline,,דאודורנט ספריי נושם+ Sensitive ירוק,מליליטרים,200,"100 מ""ל",false,0,12.90,7.95,true,1,6788450
6788467,false,דאודורנט ספריי נושם+ Active ורוד,קרליין Careline,,דאודורנט ספריי נושם+ Active ורוד,מליליטרים,200,"100 מ""ל",false,0,12.90,7.95,true,1,6788467
6788474,false,דאודורנט ספריי נושם+ Aqua כחול,קרליין Careline,,דאודורנט ספריי נושם+ Aqua כחול,גרמים,75,100 גרם,false,0,12.90,21.20,true,1,6788474
6788504,false,דאודורנט ספריי נושם+ Oxigen סגול,קרליין Careline,,דאודורנט ספריי נושם+ Oxigen סגול,מליליטרים,200,"100 מ""ל",false,0,12.90,7.95,true,1,6788504
6788559,false,דאודורנט ספריי טיטניום אייס Titanium Ice,טיטניום Titanium,,דאודורנט ספריי טיטניום אייס Titanium Ice,מליליטרים,180,"100 מ""ל",false,0,14.90,11.06,true,1,6788559
6788924,false,דאודורנט ספריי Me Floral,קרליין Careline,,דאודורנט ספריי Me Floral,מליליטרים,175,"100 מ""ל",false,0,19.90,11.37,true,1,6788924
6788948,false,דאודורנט ספריי Me Mystique,קרליין Careline,,דאודורנט ספריי Me Mystique,מליליטרים,175,"100 מ""ל",false,0,19.90,11.37,true,1,6788948
6789617,false,קרם לחות 10 לשיער גלי עד מתולתל,קרליין Careline,,קרם לחות 10 לשיער גלי עד מתולתל,מליליטרים,400,"100 מ""ל",false,0,16.90,4.98,true,1,6789617
6789624,false,קרם לחות 10 לשיער צבוע ופגום,קרליין Careline,,קרם לחות 10 לשיער צבוע ופגום,מליליטרים,400,"100 מ""ל",false,0,16.90,4.98,true,1,6789624
6789631,false,קרם לחות 10 לשיער רגיל,קרליין Careline,,קרם לחות 10 לשיער רגיל,מליליטרים,400,"100 מ""ל",false,0,16.90,4.98,true,1,6789631
6789648,false,קרם לחות 10 לשיער יבש,קרליין Careline,,קרם לחות 10 לשיער יבש,מליליטרים,400,"100 מ""ל",false,0,16.90,4.98,true,1,6789648
6789655,false,קרם לחות 10 לשיער מתולתל,קרליין Careline,,קרם לחות 10 לשיער מתולתל,מליליטרים,400,"100 מ""ל",false,0,16.90,4.98,true,1,6789655
6789921,false,תחליב לחות קל לעור שמן ובעייתי,קרליין Careline,,תחליב לחות קל לעור שמן ובעייתי,מליליטרים,70,"100 מ""ל",false,0,34.90,57.00,true,1,6789921
6805355,false,תערובת להכנת כדורים בטעם שוקולד,פילסברי Pillsbury,,תערובת להכנת כדורים בטעם שוקולד,גרמים,500,100 גרם,false,0,19.90,3.98,true,1,6805355
6805850,false,תערובת להכנת פנקייק,פילסברי Pillsbury,,תערובת להכנת פנקייק,גרמים,500,100 גרם,false,0,19.90,3.98,true,1,6805850
6822192,false,נקטר חמוציות דיאט ocean spray,אושן ספריי,,נקטר חמוציות דיאט ocean spray,ליטרים,1,ליטר,false,0,11.90,11.90,true,1,6822192
6855183,false,חטיף תמרים אגוזי המלך ושומשום מלא,ברבריא Barbary,,חטיף תמרים אגוזי המלך ושומשום מלא,גרמים,120,100 גרם,false,4,15.90,13.25,true,1,6855183
6855206,false,חטיף תמרים ואגוזים עם שקדים וקוקוס,ברבריא Barbary,,חטיף תמרים ואגוזים עם שקדים וקוקוס,גרמים,120,100 גרם,false,4,15.90,13.25,true,1,6855206
6855244,false,חטיף אגוזים שקדים צימוקים ודבש,ברבריא Barbary,,חטיף אגוזים שקדים צימוקים ודבש,גרמים,108,100 גרם,false,4,15.90,14.72,true,1,6855244
6855251,false,חטיף קשיו אגוזי המלך חמוציות וסילאן,ברבריא Barbary,,חטיף קשיו אגוזי המלך חמוציות וסילאן,גרמים,108,100 גרם,false,4,15.90,14.72,true,1,6855251
6875365,true,סלט פטריות חמות,,,סלט פטריות חמות,קילוגרמים,0,"ק""ג",true,0,49.00,0.00,true,1,6875365
6882110,false,צינור מתכת שרשורי אורך 1.5 מטר בעל דופן מחוזקת,ספאדיני,,צינור מתכת שרשורי אורך 1.5 מטר בעל דופן מחוזקת,,0,,false,0,34.90,0.00,true,1,6882110
6883988,false,ג'ימי מקלח יד טורבו מסאז' 3 מצבי זרימה,ספאדיני,,ג'ימי מקלח יד טורבו מסאז' 3 מצבי זרימה,,0,,false,0,49.90,0.00,true,1,6883988
6900418,false,לבבות חסה,,,לבבות חסה,,0,,false,0,9.90,0.00,true,1,6900418
6900425,false,לבבות חסה קיסר,,,לבבות חסה קיסר,,0,,false,0,9.90,0.00,true,1,6900425
6920997,true,מוצרלה כדורים 18%,הכפריה - צ.י. תעשיות מזון,,מוצרלה כדורים 18%,קילוגרמים,0,"ק""ג",true,0,49.00,0.00,true,1,6920997
6983152,false,קרוטונים מתובלים למרק ולסלט,אסם,,קרוטונים מתובלים למרק ולסלט,גרמים,400,100 גרם,false,0,18.90,4.73,true,1,6983152
6983176,false,לחמית חיטה מלאה ושיפון,אסם,,לחמית חיטה מלאה ושיפון,גרמים,230,100 גרם,false,0,7.90,3.43,true,1,6983176
6983206,false,פלאפל בקלי קלות- תערובת להכנת פלאפל,אסם,,פלאפל בקלי קלות- תערובת להכנת פלאפל,גרמים,180,100 גרם,false,0,8.90,4.94,true,1,6983206
6983527,false,עוגת הבית תפוחים פירורים,אסם,,עוגת הבית תפוחים פירורים,גרמים,400,100 גרם,false,0,15.90,3.98,true,1,6983527
6983763,false,עוגת הבית בטעם שוקולד,אסם,,עוגת הבית בטעם שוקולד,גרמים,400,100 גרם,false,0,12.90,3.23,true,1,6983763
6983770,false,עוגת הבית שיש,אסם,,עוגת הבית שיש,גרמים,400,100 גרם,false,0,12.90,3.23,true,1,6983770
6983787,false,עוגת הבית שוקולד צ'יפס,אסם,,עוגת הבית שוקולד צ'יפס,גרמים,400,100 גרם,false,0,12.90,3.23,true,1,6983787
6983794,false,עוגת הבית בטעם תפוז,אסם,,עוגת הבית בטעם תפוז,גרמים,400,100 גרם,false,0,12.90,3.23,true,1,6983794
6992161,false,דייסת דגנים קורנפלור +6,מטרנה,,דייסת דגנים קורנפלור +6,גרמים,200,100 גרם,false,0,14.90,7.45,true,1,6992161
6992185,false,דייסת דגנים אורז +6,מטרנה,,דייסת דגנים אורז +6,גרמים,200,100 גרם,false,0,14.90,7.45,true,1,6992185
6992192,false,דייסת דגנים סולת +6,מטרנה,,דייסת דגנים סולת +6,גרמים,200,100 גרם,false,0,14.90,7.45,true,1,6992192
6992208,false,דייסת דגנים מעורבים +6,מטרנה,,דייסת דגנים מעורבים +6,גרמים,200,100 גרם,false,0,14.90,7.45,true,1,6992208
6992390,false,דייסת דגנים בטעם וניל +6,מטרנה,,דייסת דגנים בטעם וניל +6,גרמים,200,100 גרם,false,0,14.90,7.45,true,1,6992390
8000239,false,תחליב רחצה אינטימי קוקוס,כצט פמינה Femina,,תחליב רחצה אינטימי קוקוס,מליליטרים,220,"100 מ""ל",false,0,24.90,11.32,true,1,8000239
8000246,false,תחליב רחצה אינטימי אלוורה,כצט פמינה Femina,,תחליב רחצה אינטימי אלוורה,מליליטרים,220,"100 מ""ל",false,0,24.90,11.32,true,1,8000246
8000666,false,שעווה להסרת שיער בניחוח תות,שואו Show,,שעווה להסרת שיער בניחוח תות,גרמים,480,100 גרם,false,0,12.90,2.69,true,1,8000666
8000680,false,שעווה להסרת שיער בניחוח תפוח,שואו Show,,שעווה להסרת שיער בניחוח תפוח,גרמים,480,100 גרם,false,0,12.90,2.69,true,1,8000680
8000796,false,משחת שיניים סופרמן פירות מרענן לגילאי 2-6,כצט CTS,,משחת שיניים סופרמן פירות מרענן לגילאי 2-6,מליליטרים,50,"100 מ""ל",false,0,11.90,23.80,true,1,8000796
8000826,false,משחת שיניים ברבי בטעם פירות מרענן לגיל 2-6,כצט CTS,,משחת שיניים ברבי בטעם פירות מרענן לגיל 2-6,גרמים,50,100 גרם,false,0,11.90,23.80,true,1,8000826
8001502,false,שטיפת פה לשיניים רגישות,אלמקס,,שטיפת פה לשיניים רגישות,מליליטרים,400,"100 מ""ל",false,0,29.90,7.48,true,1,8001502
8023542,false,שמפו לרצפות בניחוח יסמין,סיף פנטסטיק Cif Fantastic,,שמפו לרצפות בניחוח יסמין,ליטרים,4,ליטר,false,0,19.90,4.98,true,1,8023542
8104036,false,לקטופיל תחליב סבון טיפולי,כצט CTS,,לקטופיל תחליב סבון טיפולי,מליליטרים,500,"100 מ""ל",false,0,34.90,6.98,true,1,8104036
8104050,false,תחליב רחצה אינטימי קלאסיק,כצט פמינה Femina,,תחליב רחצה אינטימי קלאסיק,מליליטרים,220,"100 מ""ל",false,0,19.90,9.05,true,1,8104050
8116862,false,בלנאום בייבי שמן רחצה יומיומי,בלנאום,,בלנאום בייבי שמן רחצה יומיומי,מליליטרים,500,"100 מ""ל",false,0,74.90,15.98,true,1,8116862
8116886,false,בלנאום בייבי פורטה שמן רחצה טיפולי,בלנאום,,בלנאום בייבי פורטה שמן רחצה טיפולי,מליליטרים,500,"100 מ""ל",false,0,74.90,15.98,true,1,8116886
8154222,false,שניצלונים,עוף טוב,,שניצלונים,גרמים,700,100 גרם,false,0,19.90,2.84,true,1,8154222
8166010,false,לקט מובחר,הטיב,,לקט מובחר,גרמים,200,100 גרם,false,0,15.90,7.95,true,1,8166010
8175173,false,חמאה ללא תוספת מלח,וליו Valio,,חמאה ללא תוספת מלח,גרמים,200,100 גרם,false,0,12.90,6.45,true,1,8175173
8175210,false,פרמז'נו מגורדת,וילי פוד,,פרמז'נו מגורדת,גרמים,90,100 גרם,false,0,14.90,16.56,true,1,8175210
8175760,true,גבינת מנצ'גו מחלב כבשים 40% (בגוש בלבד),וילי פוד,,גבינת מנצ'גו מחלב כבשים 40% (בגוש בלבד),קילוגרמים,0,"ק""ג",true,0,99.00,0.00,true,1,8175760
8175814,false,פטריות שמפיניון חתוכות,וילי פוד,,פטריות שמפיניון חתוכות,גרמים,400,100 גרם,false,0,4.90,1.23,true,1,8175814
8190909,false,מיני קוקיס בטעם שוקולד צ'יפס,כרמית,,מיני קוקיס בטעם שוקולד צ'יפס,גרמים,600,100 גרם,false,0,18.90,3.15,true,1,8190909
8190985,false,סוכריות על מקל בטעמי גלידה,כרמית,,סוכריות על מקל בטעמי גלידה,גרמים,450,100 גרם,false,0,18.90,4.20,true,1,8190985
8263597,false,קוואקר אורגני,הרדוף,,קוואקר אורגני,גרמים,500,100 גרם,false,0,12.90,2.58,true,1,8263597
8263641,false,קוואקר עדין אורגני,הרדוף,,קוואקר עדין אורגני,גרמים,500,100 גרם,false,0,12.90,2.58,true,1,8263641
8263924,false,טחינה אורגנית 100% שומשום מלא,הרדוף,,טחינה אורגנית 100% שומשום מלא,גרמים,1000,100 גרם,false,0,39.90,3.99,true,1,8263924
8318518,false,דאודורנט רול לאב ליין Love line,חלאבין Halvin,,דאודורנט רול לאב ליין Love line,מליליטרים,187,"100 מ""ל",false,0,19.90,10.64,true,1,8318518
8318921,false,טל Tal קרם ידיים לעור יבש,חלאבין Halvin,,טל Tal קרם ידיים לעור יבש,מליליטרים,100,"100 מ""ל",false,0,8.90,8.90,true,1,8318921
8330107,false,מרכך כביסה בדין סגול,בדין,,מרכך כביסה בדין סגול,ליטרים,4,ליטר,false,0,19.90,4.98,true,1,8330107
8343466,false,בצק פילו קפוא,שלושת האופים,,בצק פילו קפוא,גרמים,500,100 גרם,false,0,14.90,3.38,true,1,8343466
8343558,false,סיגרים בשר - עלי בצק במלית בשר קפוא,שלושת האופים,,סיגרים בשר - עלי בצק במלית בשר קפוא,קילוגרמים,1,"ק""ג",false,0,18.90,18.90,true,1,8343558
8343602,false,קובה בורגול במילוי בשר,שלושת האופים,,קובה בורגול במילוי בשר,קילוגרמים,1,"ק""ג",false,0,18.90,18.90,true,1,8343602
8343626,false,כדורי פלאפל,שלושת האופים,,כדורי פלאפל,קילוגרמים,1,"ק""ג",false,0,18.90,18.90,true,1,8343626
8347730,true,סלמון מעושן,,,סלמון מעושן,קילוגרמים,0,"ק""ג",true,0,199.00,0.00,true,1,8347730
8403924,true,גבינה הולנדית עם פסטו אדום,הנרי ויליך Henri Willig,,גבינה הולנדית עם פסטו אדום,קילוגרמים,0,"ק""ג",true,0,115.00,0.00,true,1,8403924
8409049,false,שניצלונים דקים מחזה עוף בציפוי עם שומשום,מאמא עוף,,שניצלונים דקים מחזה עוף בציפוי עם שומשום,גרמים,500,100 גרם,false,0,27.90,5.58,true,1,8409049
8409124,false,שניצל ג'ונגל,מאמא עוף,,שניצל ג'ונגל,גרמים,700,100 גרם,false,0,32.90,4.70,true,1,8409124
8409216,false,שניצל דק דק פריך,מאמא עוף,,שניצל דק דק פריך,גרמים,700,100 גרם,false,0,39.90,5.70,true,1,8409216
8409315,false,שניצלונים דקים מחזה עוף בציפוי פירורי לחם פריכים,מאמא עוף,,שניצלונים דקים מחזה עוף בציפוי פירורי לחם פריכים,גרמים,500,100 גרם,false,0,27.90,5.58,true,1,8409315
8409407,false,שניצל דק דק צ'יפס,מאמא עוף,,שניצל דק דק צ'יפס,גרמים,700,100 גרם,false,0,39.90,5.70,true,1,8409407
8409551,false,שניצל אמיתי בציפוי מעודן,מאמא עוף,,שניצל אמיתי בציפוי מעודן,גרמים,700,100 גרם,false,0,42.90,6.13,true,1,8409551
8409582,false,חזה עוף אמיתי בציפוי פירור מתובל,מאמא עוף,,חזה עוף אמיתי בציפוי פירור מתובל,גרמים,700,100 גרם,false,0,42.90,6.13,true,1,8409582
8409773,false,קציצות עוף אמיתיות,מאמא עוף,,קציצות עוף אמיתיות,גרמים,700,100 גרם,false,0,32.90,4.70,true,1,8409773
8415071,false,חומוס עם טחינה,צבר,,חומוס עם טחינה,גרמים,150,100 גרם,false,0,4.90,3.27,true,1,8415071
8415514,false,חומוס עם חריף,צבר,,חומוס עם חריף,גרמים,150,100 גרם,false,0,4.90,3.27,true,1,8415514
8423014,false,פלפל שחור גרוס,תבליני פרג,,פלפל שחור גרוס,גרמים,100,100 גרם,false,0,13.90,13.90,true,1,8423014
8423021,false,כמון טחון,תבליני פרג,,כמון טחון,גרמים,400,100 גרם,false,0,29.90,7.48,true,1,8423021
8423045,false,תבלין לקציצות ומפרום ראס אל חנות,תבליני פרג,,תבלין לקציצות ומפרום ראס אל חנות,גרמים,100,100 גרם,false,0,13.90,13.90,true,1,8423045
8423052,false,עגבניות מיובשות בשמן זית,תבליני פרג,,עגבניות מיובשות בשמן זית,גרמים,250,100 גרם,false,0,14.90,5.96,true,1,8423052
8423243,false,מלח דק מהים האדום,תבליני פרג,,מלח דק מהים האדום,גרמים,650,100 גרם,false,0,7.90,1.22,true,1,8423243
8423250,false,מלח גס מהים האדום,תבליני פרג,,מלח גס מהים האדום,גרמים,630,100 גרם,false,0,7.90,1.25,true,1,8423250
8443265,false,אל סבון עדין לתינוק קלאסי,סופטקר Softcare,,אל סבון עדין לתינוק קלאסי,ליטרים,2,ליטר,false,0,29.90,14.95,true,1,8443265
8443616,false,מרכך לשיער יבש,נקה 7,,מרכך לשיער יבש,מליליטרים,750,"100 מ""ל",false,0,11.90,1.59,true,1,8443616
8443630,false,שמפו לשיער מתולתל,נקה 7,,שמפו לשיער מתולתל,מליליטרים,750,"100 מ""ל",false,0,11.90,1.59,true,1,8443630
8443647,false,מרכך לשיער מתולתל,נקה 7,,מרכך לשיער מתולתל,מליליטרים,750,"100 מ""ל",false,0,11.90,1.59,true,1,8443647
8444538,false,דאודורנט ספריי pretty you,קרליין Careline,,דאודורנט ספריי pretty you,מליליטרים,175,"100 מ""ל",false,0,19.90,11.37,true,1,8444538
8461047,true,גבינת ברי Le Rustique,,,גבינת ברי Le Rustique,קילוגרמים,0,"ק""ג",true,0,169.00,0.00,true,1,8461047
8461221,false,סרדינים בשמן חמניות,רוברט Robert,,סרדינים בשמן חמניות,גרמים,115,100 גרם,false,0,6.90,6.00,true,1,8461221
8461238,false,סרדינים בשמן חמניות חריף,רוברט Robert,,סרדינים בשמן חמניות חריף,גרמים,115,100 גרם,false,0,6.90,6.00,true,1,8461238
8461283,false,גבינת טריפל צ'דר אנגלי 35%,הגבינות של נני,,גבינת טריפל צ'דר אנגלי 35%,גרמים,200,100 גרם,false,0,20.90,11.95,true,1,8461283
8462204,false,חרדל דיז'ון,MAILLE,,חרדל דיז'ון,גרמים,380,100 גרם,false,0,11.90,3.92,true,1,8462204
8462259,false,חרדל דיז'ון גרגירים,MAILLE,,חרדל דיז'ון גרגירים,גרמים,380,100 גרם,false,0,13.90,4.45,true,1,8462259
8464024,false,בירה גולדסטאר פחית לא מסוננת,גולדסטאר,,בירה גולדסטאר פחית לא מסוננת,מליליטרים,500,"100 מ""ל",false,0,9.90,1.98,true,1,8464024
8464130,false,בירה גולדסטאר לא מסונן שישייה,גולדסטאר,,בירה גולדסטאר לא מסונן שישייה,ליטרים,2,ליטר,false,6,39.90,20.15,true,1,8464130
8464222,false,בירה לאגר חזקה 7.9%,בירה מכבי,,בירה לאגר חזקה 7.9%,מליליטרים,500,"100 מ""ל",false,0,9.90,1.98,true,1,8464222
8464345,false,בירה גולדסטאר בקבוק,גולדסטאר,,בירה גולדסטאר בקבוק,מליליטרים,330,"100 מ""ל",false,0,6.90,2.09,true,1,8464345
8464369,false,פפסי פחית,פפסי Pepsi,,פפסי פחית,מליליטרים,330,"100 מ""ל",false,0,3.50,1.06,true,1,8464369
8464376,false,מירנדה תפוזים פחית,מירינדה Mirinda,,מירנדה תפוזים פחית,מליליטרים,330,"100 מ""ל",false,0,3.50,1.06,true,1,8464376
8464406,false,פפסי מקס פחית,פפסי Pepsi,,פפסי מקס פחית,מליליטרים,330,"100 מ""ל",false,0,3.50,1.06,true,1,8464406
8464468,false,בירה גולדסטאר פחית,גולדסטאר,,בירה גולדסטאר פחית,מליליטרים,500,"100 מ""ל",false,0,8.90,1.78,true,1,8464468
8464475,false,בירה מכבי פחית,בירה מכבי,,בירה מכבי פחית,מליליטרים,500,"100 מ""ל",false,0,8.90,1.78,true,1,8464475
8464505,false,מים מינרליים,סאן בנדטו San Benedetto,,מים מינרליים,מליליטרים,500,"100 מ""ל",false,0,4.90,0.98,true,1,8464505
8464604,false,בירה היינקן פחית,היינקן Heineken,,בירה היינקן פחית,מליליטרים,500,"100 מ""ל",false,0,11.90,2.38,true,1,8464604
8464673,false,בירה לאגר חזקה Slowbrew פחית,גולדסטאר,,בירה לאגר חזקה Slowbrew פחית,מליליטרים,500,"100 מ""ל",false,0,9.90,1.98,true,1,8464673
8464697,false,בירה לאגר חזקה 7.9%- מארז שישייה,בירה מכבי,,בירה לאגר חזקה 7.9%- מארז שישייה,ליטרים,2,ליטר,false,6,25.00,18.64,true,1,8464697
8464703,false,בירה מכבי שישייה,בירה מכבי,,בירה מכבי שישייה,ליטרים,2,ליטר,false,6,25.00,16.62,true,1,8464703
8464734,false,בירה לאגר חזקה Slowbrew- מארז שישייה,גולדסטאר,,בירה לאגר חזקה Slowbrew- מארז שישייה,ליטרים,2,ליטר,false,6,34.90,20.15,true,1,8464734
8464741,false,בירה גולדסטאר שישייה,גולדסטאר,,בירה גולדסטאר שישייה,ליטרים,2,ליטר,false,6,25.00,20.15,true,1,8464741
8464796,false,בירה היינקן שישייה,היינקן Heineken,,בירה היינקן שישייה,ליטרים,2,ליטר,false,6,32.90,19.14,true,1,8464796
8470759,false,מארז מסטיק אורביט Orbit בטעם מנטה,אורביט Orbit,,מארז מסטיק אורביט Orbit בטעם מנטה,גרמים,104,100 גרם,false,8,14.90,14.33,true,1,8470759
8470766,false,מארז מסטיק אורביט Orbit בטעם מנטה,אורביט Orbit,,מארז מסטיק אורביט Orbit בטעם מנטה,גרמים,104,100 גרם,false,0,14.90,14.33,true,1,8470766
8473057,false,מגבונים עדינים Sensitive Kamil Blue to-go - מארז שלישה,"ד""ר פישר Dr fischer",,מגבונים עדינים Sensitive Kamil Blue to-go - מארז שלישה,יחידות,90,יחידה,false,3,15.90,0.18,true,1,8473057
8473637,false,מגבונים לניקוי אף מגבונאף Kamil Blue,"ד""ר פישר Dr fischer",,מגבונים לניקוי אף מגבונאף Kamil Blue,יחידות,30,יחידה,false,0,6.90,0.23,true,1,8473637
8482486,false,תערובת אינסטנט להכנת מאלבי,י.כהן Kahan's,,תערובת אינסטנט להכנת מאלבי,גרמים,112,100 גרם,false,0,6.90,6.16,true,1,8482486
8493413,false,פירורי גריסיני קלאסי לשניצל,מאיר בייגל,,פירורי גריסיני קלאסי לשניצל,גרמים,200,100 גרם,false,0,5.90,2.95,true,1,8493413
8493710,false,פירורי גריסיני זהב לשניצל,מאיר בייגל,,פירורי גריסיני זהב לשניצל,גרמים,200,100 גרם,false,0,5.90,2.95,true,1,8493710
8634045,false,פלסטרים שקופים,סאני פלסטר Sanny Plaster,,פלסטרים שקופים,יחידות,30,יחידה,false,0,5.90,0.20,true,1,8634045
8634663,false,בקבוק גדול עמיד במיקרו - מארז שלישייה,טוליפס Tulips,,בקבוק גדול עמיד במיקרו - מארז שלישייה,יחידות,3,יחידה,false,0,14.90,4.97,true,1,8634663
8636339,false,שבבי תפוחי אדמה,מיה,,שבבי תפוחי אדמה,גרמים,400,100 גרם,false,0,9.90,2.48,true,1,8636339
8636650,false,קמח מצה חמץ,מיה,,קמח מצה חמץ,גרמים,500,100 גרם,false,0,6.90,1.38,true,1,8636650
8636926,false,אבקת קקאו,מיה,,אבקת קקאו,גרמים,500,100 גרם,false,0,16.90,3.38,true,1,8636926
8636933,false,אגוזי מלך גרוסים,מיה,,אגוזי מלך גרוסים,גרמים,100,100 גרם,false,0,10.90,10.90,true,1,8636933
8636957,false,שקדים מולבנים גרוסים,מיה,,שקדים מולבנים גרוסים,גרמים,100,100 גרם,false,0,10.90,10.90,true,1,8636957
8636964,false,שקדים מולבנים שבבים,מיה,,שקדים מולבנים שבבים,גרמים,100,100 גרם,false,0,10.90,10.90,true,1,8636964
8636988,false,גרעיני חמניה קלופים,מיה,,גרעיני חמניה קלופים,גרמים,100,100 גרם,false,0,2.90,2.90,true,1,8636988
8644112,false,אחלה מטבוחה,אחלה - שטראוס,,אחלה מטבוחה,גרמים,125,100 גרם,false,0,4.50,3.60,true,1,8644112
8644235,false,עלי בייבי,שטראוס טעם הטבע,,עלי בייבי,גרמים,120,100 גרם,false,0,9.90,8.25,true,1,8644235
8644945,false,סלט המושבה לקט שוק ישראלי בשקית,שטראוס טעם הטבע,,סלט המושבה לקט שוק ישראלי בשקית,גרמים,450,100 גרם,false,0,11.90,2.64,true,1,8644945
8645935,false,אחלה חומוס,אחלה - שטראוס,,אחלה חומוס,גרמים,750,100 גרם,false,0,9.90,1.59,true,1,8645935
8690713,false,נקטר חמוציות ocean spray,אושן ספריי,,נקטר חמוציות ocean spray,ליטרים,1,ליטר,false,0,11.90,11.90,true,1,8690713
8693134,false,דניאלה מעדן גבינה ויוגורט בטעם תות 5%,שטראוס,,דניאלה מעדן גבינה ויוגורט בטעם תות 5%,גרמים,88,100 גרם,false,0,3.90,4.43,true,1,8693134
8731430,false,מגן שמש לרכב,,,מגן שמש לרכב,,0,,false,0,12.90,0.00,true,1,8731430
8745239,false,תפוצ'יפס קראנצ' בטעם טבעי,עלית,,תפוצ'יפס קראנצ' בטעם טבעי,גרמים,50,100 גרם,false,0,3.90,7.80,true,1,8745239
8747547,false,תפוצ'יפס קראנצ' בטעם טבעי,עלית,,תפוצ'יפס קראנצ' בטעם טבעי,גרמים,200,100 גרם,false,0,9.90,4.95,true,1,8747547
8752244,false,תפוצ'יפס קראנצ' בטעם גריל,עלית,,תפוצ'יפס קראנצ' בטעם גריל,גרמים,50,100 גרם,false,0,3.90,7.80,true,1,8752244
8753111,false,תפוצ'יפס קראנצ' בטעם מקסיקני,עלית,,תפוצ'יפס קראנצ' בטעם מקסיקני,גרמים,50,100 גרם,false,0,3.90,7.80,true,1,8753111
8757034,false,מי סודה,שוופס Schweppes,,מי סודה,מליליטרים,250,"100 מ""ל",false,0,4.00,1.60,true,1,8757034
8757980,false,משקה בטעם רימונים,ספרינג,,משקה בטעם רימונים,ליטרים,1,ליטר,false,0,6.60,6.60,true,1,8757980
8775816,false,עוגיות ערגליות שוקו,אסם,,עוגיות ערגליות שוקו,גרמים,300,100 גרם,false,0,9.90,3.30,true,1,8775816
8775823,false,עוגיות ערגליות תות,אסם,,עוגיות ערגליות תות,גרמים,300,100 גרם,false,0,9.90,3.30,true,1,8775823
8801010,false,יין קברנה סוביניון מרלו פרייבט קולקשן,יקבי כרמל Carmel Winery,,יין קברנה סוביניון מרלו פרייבט קולקשן,מליליטרים,750,"100 מ""ל",false,0,38.90,5.19,true,1,8801010
8801157,false,יין מרלו סלקטד selected,יקבי כרמל Carmel Winery,,יין מרלו סלקטד selected,מליליטרים,750,"100 מ""ל",false,0,24.90,3.99,true,1,8801157
8801478,false,יין לקידוש טופז זהב,יקבי כרמל Carmel Winery,,יין לקידוש טופז זהב,מליליטרים,750,"100 מ""ל",false,0,18.90,2.52,true,1,8801478
8801522,false,יין קונקורד קינג דויויד King David,יקבי כרמל Carmel Winery,,יין קונקורד קינג דויויד King David,מליליטרים,750,"100 מ""ל",false,0,18.90,2.52,true,1,8801522
8801539,false,יין כרמל 120 קינג דויויד King David,יקבי כרמל Carmel Winery,,יין כרמל 120 קינג דויויד King David,מליליטרים,750,"100 מ""ל",false,0,18.90,2.52,true,1,8801539
8801546,false,יין מוסקט קינג דיויד King David,יקבי כרמל Carmel Winery,,יין מוסקט קינג דיויד King David,מליליטרים,750,"100 מ""ל",false,0,18.90,2.52,true,1,8801546
8801843,false,יין קברנה סוביניון סלקטד selected,יקבי כרמל Carmel Winery,,יין קברנה סוביניון סלקטד selected,מליליטרים,750,"100 מ""ל",false,0,24.90,3.99,true,1,8801843
8801850,false,יין אמרלד ריזלינג קולומברד סלקטד selected,יקבי כרמל Carmel Winery,,יין אמרלד ריזלינג קולומברד סלקטד selected,מליליטרים,750,"100 מ""ל",false,0,24.90,3.99,true,1,8801850
8802291,false,יין מרלו פרייבט קולקשן private collection,יקבי כרמל Carmel Winery,,יין מרלו פרייבט קולקשן private collection,מליליטרים,750,"100 מ""ל",false,0,38.90,5.19,true,1,8802291
8802512,false,יין אדום יבש Vino,יקבי כרמל Carmel Winery,,יין אדום יבש Vino,מליליטרים,750,"100 מ""ל",false,0,18.90,2.52,true,1,8802512
8802529,false,יין לבן חצי יבש Vino,יקבי כרמל Carmel Winery,,יין לבן חצי יבש Vino,מליליטרים,750,"100 מ""ל",false,0,18.90,2.52,true,1,8802529
8802895,false,יין קברנה סובניון פרייבט קולקשן privat collection,יקבי כרמל Carmel Winery,,יין קברנה סובניון פרייבט קולקשן privat collection,מליליטרים,750,"100 מ""ל",false,0,38.90,5.19,true,1,8802895
8804332,false,יין שיראז פרייבט קולקשן private collection,יקבי כרמל Carmel Winery,,יין שיראז פרייבט קולקשן private collection,מליליטרים,750,"100 מ""ל",false,0,38.90,5.19,true,1,8804332
8804745,false,יין גוורצטרמינר הסדרה האזורית,יקבי כרמל Carmel Winery,,יין גוורצטרמינר הסדרה האזורית,מליליטרים,750,"100 מ""ל",false,0,54.90,7.85,true,1,8804745
8805384,false,יין מוסקטו סלקטד selected,יקבי כרמל Carmel Winery,,יין מוסקטו סלקטד selected,מליליטרים,750,"100 מ""ל",false,0,24.90,3.99,true,1,8805384
8805520,false,יין קברנה סוביניון מרלו סלקטד selected,יקבי כרמל Carmel Winery,,יין קברנה סוביניון מרלו סלקטד selected,מליליטרים,750,"100 מ""ל",false,0,24.90,3.99,true,1,8805520
8807012,false,יין טבע מוסקט,בנימינה Binyamina,,יין טבע מוסקט,מליליטרים,750,"100 מ""ל",false,0,24.90,3.32,true,1,8807012
8807029,false,יין טבע אמרלד ריזלינג,בנימינה Binyamina,,יין טבע אמרלד ריזלינג,מליליטרים,750,"100 מ""ל",false,0,24.90,3.32,true,1,8807029
8807050,false,יין טבע קברנה סוביניון,בנימינה Binyamina,,יין טבע קברנה סוביניון,מליליטרים,750,"100 מ""ל",false,0,24.90,3.32,true,1,8807050
8807067,false,יין טבע מרלו,בנימינה Binyamina,,יין טבע מרלו,מליליטרים,750,"100 מ""ל",false,0,24.90,3.32,true,1,8807067
8807210,false,ליקר בטעם אפרסק,בנימינה Binyamina,,ליקר בטעם אפרסק,מליליטרים,750,"100 מ""ל",false,0,69.90,9.32,true,1,8807210
8807272,false,יין רזרב reserve גוורצטרמינר גליל,בנימינה Binyamina,,יין רזרב reserve גוורצטרמינר גליל,מליליטרים,750,"100 מ""ל",false,0,59.90,7.99,true,1,8807272
8807289,false,קיסריה יין אדום מתוק,בנימינה Binyamina,,קיסריה יין אדום מתוק,מליליטרים,750,"100 מ""ל",false,0,14.90,1.99,true,1,8807289
8807333,false,ליקר בטעם בננה,בנימינה Binyamina,,ליקר בטעם בננה,מליליטרים,750,"100 מ""ל",false,0,69.90,9.32,true,1,8807333
8807364,false,ליקר בטעם קרם דה קסיס,בנימינה Binyamina,,ליקר בטעם קרם דה קסיס,מליליטרים,750,"100 מ""ל",false,0,69.90,9.32,true,1,8807364
8807371,false,ליקר בטעם טריפל סק,בנימינה Binyamina,,ליקר בטעם טריפל סק,מליליטרים,750,"100 מ""ל",false,0,69.90,9.32,true,1,8807371
8807449,false,יין יוגב סוביניון בלאן ושרדונה,בנימינה Binyamina,,יין יוגב סוביניון בלאן ושרדונה,מליליטרים,750,"100 מ""ל",false,0,39.90,5.32,true,1,8807449
8807487,false,יין יוגב קברנה סוביניון מרלו,בנימינה Binyamina,,יין יוגב קברנה סוביניון מרלו,מליליטרים,750,"100 מ""ל",false,0,39.90,5.32,true,1,8807487
8807494,false,יין יוגב בלנד ארומטי לבן חצי יבש,בנימינה Binyamina,,יין יוגב בלנד ארומטי לבן חצי יבש,מליליטרים,750,"100 מ""ל",false,0,39.90,5.32,true,1,8807494
8807562,false,ליקר בטעם לימונצ'לו,בנימינה Binyamina,,ליקר בטעם לימונצ'לו,מליליטרים,750,"100 מ""ל",false,0,69.90,9.32,true,1,8807562
8807654,false,יין רזרב Reserve סוביניון בלאן גליל,בנימינה Binyamina,,יין רזרב Reserve סוביניון בלאן גליל,מליליטרים,750,"100 מ""ל",false,0,49.90,6.65,true,1,8807654
8807777,false,יין טבע שיראז,בנימינה Binyamina,,יין טבע שיראז,מליליטרים,750,"100 מ""ל",false,0,24.90,3.32,true,1,8807777
8830836,false,פירורי לחם מוזהבים בטעם גריל,דין שיווק,,פירורי לחם מוזהבים בטעם גריל,גרמים,300,100 גרם,false,0,5.90,1.97,true,1,8830836
8834117,true,אנטריקוט טרי,חצי חינם,,אנטריקוט טרי,קילוגרמים,0,"ק""ג",true,0,129.00,0.00,true,1,8834117
8834131,true,אשכי עגל טרי,,,אשכי עגל טרי,קילוגרמים,0,"ק""ג",true,0,39.90,0.00,true,1,8834131
8834551,true,חזה עוף מנוקה טרי (לא ניתן לספק טחון),חצי חינם,,חזה עוף מנוקה טרי (לא ניתן לספק טחון),קילוגרמים,0,"ק""ג",true,0,39.90,0.00,true,1,8834551
8834674,true,טחון טרי עם כבש,,,טחון טרי עם כבש,קילוגרמים,0,"ק""ג",true,0,89.90,0.00,true,1,8834674
8834704,true,אוסובוקו עגל טרי,,,אוסובוקו עגל טרי,קילוגרמים,0,"ק""ג",true,0,39.90,0.00,true,1,8834704
8834711,true,פילה מדומה טרי,,,פילה מדומה טרי,קילוגרמים,0,"ק""ג",true,0,59.90,0.00,true,1,8834711
8834742,true,צלי כתף טרי,,,צלי כתף טרי,קילוגרמים,0,"ק""ג",true,0,99.00,0.00,true,1,8834742
8834759,true,צוואר טרי,,,צוואר טרי,קילוגרמים,0,"ק""ג",true,0,89.90,0.00,true,1,8834759
8834766,true,בקר טחון טרי,חצי חינם,,בקר טחון טרי,קילוגרמים,0,"ק""ג",true,0,79.00,0.00,true,1,8834766
8834810,true,שומן כבש טרי (ליה כבש),,,שומן כבש טרי (ליה כבש),קילוגרמים,0,"ק""ג",true,0,120.00,0.00,true,1,8834810
8834865,true,ריאות עגל טרי,,,ריאות עגל טרי,קילוגרמים,0,"ק""ג",true,0,29.90,0.00,true,1,8834865
8834889,true,בשר ראש טרי,,,בשר ראש טרי,קילוגרמים,0,"ק""ג",true,0,69.90,0.00,true,1,8834889
8834896,true,לב עגל טרי,,,לב עגל טרי,קילוגרמים,0,"ק""ג",true,0,19.90,0.00,true,1,8834896
8834902,true,זנב עגל טרי,,,זנב עגל טרי,קילוגרמים,0,"ק""ג",true,0,69.00,0.00,true,1,8834902
8834919,true,רוטפלש טרי (נתח קצבים),,,רוטפלש טרי (נתח קצבים),קילוגרמים,0,"ק""ג",true,0,149.00,0.00,true,1,8834919
8834926,true,רגל עגל פרוס טרי,,,רגל עגל פרוס טרי,קילוגרמים,0,"ק""ג",true,0,59.90,0.00,true,1,8834926
8835831,true,קוביות פרגיות טרי (לא ניתן לספק טחון),חצי חינם,,קוביות פרגיות טרי (לא ניתן לספק טחון),קילוגרמים,0,"ק""ג",true,0,79.90,0.00,true,1,8835831
8835879,true,בשר צלעות טרי,,,בשר צלעות טרי,קילוגרמים,0,"ק""ג",true,0,89.90,0.00,true,1,8835879
8849470,false,ממרח פלפל צו'מה,אוליביה,,ממרח פלפל צו'מה,גרמים,185,100 גרם,false,0,12.90,6.97,true,1,8849470
8849586,false,רוטב ריבת בצל,אוליביה,,רוטב ריבת בצל,גרמים,310,100 גרם,false,0,12.90,4.16,true,1,8849586
8849609,false,רוטב שום ודבש,אוליביה,,רוטב שום ודבש,מליליטרים,330,"100 מ""ל",false,0,12.90,3.91,true,1,8849609
8849661,false,ממרח עגבניות מיובשות פיקנטי,אוליביה,,ממרח עגבניות מיובשות פיקנטי,גרמים,180,100 גרם,false,0,9.90,5.50,true,1,8849661
8849739,false,רוטב סויה אמיתי,אוליביה,,רוטב סויה אמיתי,מליליטרים,290,"100 מ""ל",false,0,12.90,4.45,true,1,8849739
8849753,false,רוטב טריאקי,אוליביה,,רוטב טריאקי,מליליטרים,290,"100 מ""ל",false,0,12.90,4.45,true,1,8849753
8849777,false,רוטב צ'ילי מתוק,אוליביה,,רוטב צ'ילי מתוק,גרמים,290,100 גרם,false,0,12.90,4.45,true,1,8849777
8849838,false,טפנד זיתים,אוליביה,,טפנד זיתים,גרמים,180,100 גרם,false,0,9.90,5.50,true,1,8849838
8849845,false,אריסה פיקנטית,אוליביה,,אריסה פיקנטית,גרמים,185,100 גרם,false,0,9.90,5.35,true,1,8849845
8909761,false,בירה קרלסברג,קרלסברג Carlsberg,,בירה קרלסברג,מליליטרים,330,"100 מ""ל",false,0,6.90,2.09,true,1,8909761
8909853,false,קוקה קולה זירו zero,קוקה קולה Coca Cola,,קוקה קולה זירו zero,מליליטרים,500,"100 מ""ל",false,0,6.90,1.38,true,1,8909853
8909884,false,קוקה קולה זירו zero בקבוק זכוכית -מינימום לקניה 24 יח',קוקה קולה Coca Cola,,קוקה קולה זירו zero בקבוק זכוכית -מינימום לקניה 24 יח',מליליטרים,350,"100 מ""ל",false,0,5.90,1.69,true,1,8909884
8961110,false,תבשיל בשר בקר,פוסולסקי דבור,,תבשיל בשר בקר,גרמים,400,100 גרם,false,0,21.90,6.23,true,1,8961110
8961127,false,טושונקה תבשיל בשר בקר,פוסולסקי דבור,,טושונקה תבשיל בשר בקר,גרמים,400,100 גרם,false,0,21.90,6.23,true,1,8961127
8975551,false,תרכובת מזון המשך לפעוטות מהדרין שלב 3,מטרנה,,תרכובת מזון המשך לפעוטות מהדרין שלב 3,גרמים,700,100 גרם,false,0,59.90,8.56,true,1,8975551
8981279,false,זעתר עם שומשום,תבליני אל נח'לה,,זעתר עם שומשום,גרמים,100,100 גרם,false,0,9.90,9.90,true,1,8981279
8989022,false,דייסת סולת,בטר אנד דיפרנט B&D,,דייסת סולת,גרמים,400,100 גרם,false,0,16.90,4.23,true,1,8989022
8989053,false,דייסת דגנים מעורבים,בטר אנד דיפרנט B&D,,דייסת דגנים מעורבים,גרמים,400,100 גרם,false,0,16.90,4.23,true,1,8989053
8989091,false,אריזת חיסכון פריכיות מאורז חום מלא,בטר אנד דיפרנט B&D,,אריזת חיסכון פריכיות מאורז חום מלא,גרמים,310,100 גרם,false,0,11.90,3.84,true,1,8989091
8989305,false,שבבי סויה,בטר אנד דיפרנט B&D,,שבבי סויה,גרמים,200,100 גרם,false,0,6.90,3.45,true,1,8989305
8989473,false,ממרח חרובים בטעם שוקולד,בטר אנד דיפרנט B&D,,ממרח חרובים בטעם שוקולד,גרמים,350,100 גרם,false,0,12.90,3.69,true,1,8989473
8989749,false,פריכיות אורז מלא עם קינואה,בטר אנד דיפרנט B&D,,פריכיות אורז מלא עם קינואה,גרמים,200,100 גרם,false,0,10.90,5.45,true,1,8989749
8989848,false,חמאת בוטנים קרנצ'י עם שברי בוטנים,בטר אנד דיפרנט B&D,,חמאת בוטנים קרנצ'י עם שברי בוטנים,גרמים,350,100 גרם,false,0,12.90,3.69,true,1,8989848
30106659,false,סיקאפלסט שפתיים - קרם לשפתיים יבשות וסדוקות,לה רוש-פוזה La Roche-Posay,,סיקאפלסט שפתיים - קרם לשפתיים יבשות וסדוקות,מליליטרים,8,"100 מ""ל",false,0,45.00,600.00,true,1,30106659
30108387,false,מסקרה COLOSSAL GO EXTREME שחורה,מייבלין Maybelline,,מסקרה COLOSSAL GO EXTREME שחורה,יחידות,1,יחידה,false,0,49.90,49.90,true,1,30108387
30114319,false,מסקרה קולוסל גו אקסטרים שחור,מייבלין Maybelline,,מסקרה קולוסל גו אקסטרים שחור,יחידות,1,יחידה,false,0,49.90,49.90,true,1,30114319
30143265,false,מסקרה COLOSSAL BIG SHOT שחורה לנפח עוצמתי,מייבלין Maybelline,,מסקרה COLOSSAL BIG SHOT שחורה לנפח עוצמתי,יחידות,1,יחידה,false,0,39.90,39.90,true,1,30143265
30168121,false,מסקרה SNAPSCARA בצבע שחור,מייבלין Maybelline,,מסקרה SNAPSCARA בצבע שחור,יחידות,1,יחידה,false,0,39.90,39.90,true,1,30168121
30179493,false,מסקרה שחורה Air Volume Mega,לוריאל פריז L'OREAL PARIS,,מסקרה שחורה Air Volume Mega,מליליטרים,9,"100 מ""ל",false,0,54.90,584.04,true,1,30179493
32147230,false,לימונית - מיץ לימון משומר,Sicilia סיציליה,,לימונית - מיץ לימון משומר,מליליטרים,200,"100 מ""ל",false,0,7.90,3.95,true,1,32147230
40052403,false,וופל קיט קאט Kitkat,נסטלה Nestle,,וופל קיט קאט Kitkat,גרמים,42,100 גרם,false,0,3.90,9.40,true,1,40052403
40084107,false,ביצת הפתעה,קינדר Kinder,,ביצת הפתעה,גרמים,20,100 גרם,false,0,4.90,24.50,true,1,40084107
40099132,false,מסטיק הובה בובה Hubba Bubba בטעם תות,הובה בובה Hubba Bubba,,מסטיק הובה בובה Hubba Bubba בטעם תות,גרמים,35,100 גרם,false,0,2.90,8.29,true,1,40099132
40111216,false,חטיף באונטי Bounty,באונטי,,חטיף באונטי Bounty,גרמים,57,100 גרם,false,0,3.90,6.84,true,1,40111216
40173351,false,בירה מייסל חיטה,מייסלס Maisel's,,בירה מייסל חיטה,מליליטרים,500,"100 מ""ל",false,0,9.90,1.98,true,1,40173351
40345123,false,סמרטיס Smarties סוכריות שוקולד,נסטלה Nestle,,סמרטיס Smarties סוכריות שוקולד,גרמים,38,100 גרם,false,0,3.90,10.26,true,1,40345123
41001356,false,בירה בקס פחית,בקס Beck's,,בירה בקס פחית,מליליטרים,500,"100 מ""ל",false,0,9.90,1.98,true,1,41001356
42061939,false,בירה בקס בקבוק,בקס Beck's,,בירה בקס בקבוק,מליליטרים,500,"100 מ""ל",false,0,8.90,1.78,true,1,42061939
42123866,false,מסטיק הובה בובה Hubba Bubba קלאסי,הובה בובה Hubba Bubba,,מסטיק הובה בובה Hubba Bubba קלאסי,גרמים,35,100 גרם,false,0,2.90,8.29,true,1,42123866
50120000,false,דאו רול און אינביזיבל דריי,דאב Dove,,דאו רול און אינביזיבל דריי,מליליטרים,50,"100 מ""ל",false,0,17.90,35.80,true,1,50120000
50204830,false,ספריי דוחה יתושים,אוטן Autan,,ספריי דוחה יתושים,מליליטרים,100,"100 מ""ל",false,0,18.90,18.90,true,1,50204830
50398904,false,קרם חמצן 6%,,,קרם חמצן 6%,מליליטרים,60,"100 מ""ל",false,0,3.90,6.50,true,1,50398904
50398911,false,קרם חמצן 9%,,,קרם חמצן 9%,מליליטרים,60,"100 מ""ל",false,0,3.90,6.50,true,1,50398911
50614653,false,רסקיו רמדי טיפות - פרחי באך,רסקיו,,רסקיו רמדי טיפות - פרחי באך,מליליטרים,20,"100 מ""ל",false,0,89.90,449.50,true,1,50614653
50614813,false,רסקיו רמדי טיפות - פרחי באך,רסקיו,,רסקיו רמדי טיפות - פרחי באך,מליליטרים,10,"100 מ""ל",false,0,59.90,599.00,true,1,50614813
54051140,false,רביעיית מעדן סויה בטעם וניל,אלפרו Alpro,,רביעיית מעדן סויה בטעם וניל,גרמים,500,100 גרם,false,4,16.90,3.38,true,1,54051140
54051157,false,רביעיית מעדן סויה בטעם שוקו,אלפרו Alpro,,רביעיית מעדן סויה בטעם שוקו,גרמים,500,100 גרם,false,4,16.90,3.38,true,1,54051157
59013662,false,דאודורנט רול און קקאו,דאב Dove,,דאודורנט רול און קקאו,מליליטרים,50,"100 מ""ל",false,0,17.90,35.80,true,1,59013662
59016441,false,דאודורנט רול און פרוט ספין,רקסונה Rexona,,דאודורנט רול און פרוט ספין,מליליטרים,50,"100 מ""ל",false,0,15.90,31.80,true,1,59016441
59079378,false,דאודורנט רול און Ice Chill ייבוש מהיר,אקס Axe,,דאודורנט רול און Ice Chill ייבוש מהיר,מליליטרים,50,"100 מ""ל",false,0,18.90,37.80,true,1,59079378
59079774,false,דאודורנט רול און אנטי פרספירנט אלוורה,רקסונה Rexona,,דאודורנט רול און אנטי פרספירנט אלוורה,מליליטרים,50,"100 מ""ל",false,0,15.90,31.80,true,1,59079774
59079798,false,דאודורנט רול און שאוור פרש,רקסונה Rexona,,דאודורנט רול און שאוור פרש,מליליטרים,50,"100 מ""ל",false,0,15.90,31.80,true,1,59079798
59079811,false,דאודורנט רול און טלק,רקסונה Rexona,,דאודורנט רול און טלק,מליליטרים,50,"100 מ""ל",false,0,15.90,31.80,true,1,59079811
59082521,false,דאודורנט רול און סטיי פרש בניחוח פרג כחול ותפוח,רקסונה Rexona,,דאודורנט רול און סטיי פרש בניחוח פרג כחול ותפוח,מליליטרים,50,"100 מ""ל",false,0,15.90,31.80,true,1,59082521
59082637,false,דאודורנט רול און אקסטרה קול,רקסונה Rexona,,דאודורנט רול און אקסטרה קול,מליליטרים,50,"100 מ""ל",false,0,15.90,31.80,true,1,59082637
59085645,false,דאודורנט רול און בניחוח אסאי,דאב Dove,,דאודורנט רול און בניחוח אסאי,מליליטרים,50,"100 מ""ל",false,0,17.90,35.80,true,1,59085645
72940754,false,מעדן מילקי בטעם וניל עם קצפת,שטראוס,,מעדן מילקי בטעם וניל עם קצפת,גרמים,135,100 גרם,false,0,2.80,2.07,true,1,72940754
72940761,false,מעדן מילקי בטעם שוקולד עם קצפת,שטראוס,,מעדן מילקי בטעם שוקולד עם קצפת,גרמים,170,100 גרם,false,0,2.80,1.65,true,1,72940761
72940952,false,מעדן מילקי בטעם שוקולד עם אקסטרה קצפת,שטראוס,,מעדן מילקי בטעם שוקולד עם אקסטרה קצפת,גרמים,170,100 גרם,false,0,3.50,2.06,true,1,72940952
72940983,false,חומוס,אחלה - שטראוס,,חומוס,גרמים,250,100 גרם,false,0,6.90,2.76,true,1,72940983
72941041,false,מעדן מילקי מיני בטעם שוקולד עם קצפת,שטראוס,,מעדן מילקי מיני בטעם שוקולד עם קצפת,גרמים,70,100 גרם,false,0,2.00,2.86,true,1,72941041
72945308,false,שמרים טריים לאפיה,שמרית,,שמרים טריים לאפיה,גרמים,50,100 גרם,false,2,3.20,6.40,true,1,72945308
72961506,false,יוגורט פרילי בטעם תות 1.5%,תנובה,,יוגורט פרילי בטעם תות 1.5%,מליליטרים,125,"100 מ""ל",false,0,3.20,2.56,true,1,72961506
72961520,false,יוגורט פרילי בטעם אננס 1.5%,תנובה,,יוגורט פרילי בטעם אננס 1.5%,מליליטרים,125,"100 מ""ל",false,0,3.20,2.56,true,1,72961520
72961544,false,באדי יוגורט בטעם תות שדה 3%,תנובה,,באדי יוגורט בטעם תות שדה 3%,מליליטרים,125,"100 מ""ל",false,0,2.80,2.24,true,1,72961544
72963753,false,שמנת אורגינל שמנת של פעם 27%,תנובה,,שמנת אורגינל שמנת של פעם 27%,מליליטרים,200,"100 מ""ל",false,0,4.20,2.10,true,1,72963753
72964422,false,יוגורט 4.5%,תנובה,,יוגורט 4.5%,מליליטרים,200,"100 מ""ל",false,0,2.70,1.35,true,1,72964422
72993637,false,מעדן דני בטעם שוקולד 2%,שטראוס,,מעדן דני בטעם שוקולד 2%,גרמים,125,100 גרם,false,0,2.70,2.16,true,1,72993637
72994061,false,חטיף פסק זמן Z Good ופל מגולגל,עלית,,חטיף פסק זמן Z Good ופל מגולגל,גרמים,36,100 גרם,false,0,4.90,13.61,true,1,72994061
76106071,false,מיץ ליים משומר,Sicilia סיציליה,,מיץ ליים משומר,מליליטרים,200,"100 מ""ל",false,0,7.90,3.95,true,1,76106071
80001027,false,וופל טורטינה Tortina,לואקר Loacker,,וופל טורטינה Tortina,גרמים,21,100 גרם,false,0,3.50,16.67,true,1,80001027
80001287,false,וופל גרדנה Gardena אגוזי לוז,לואקר Loacker,,וופל גרדנה Gardena אגוזי לוז,גרמים,38,100 גרם,false,0,3.50,9.21,true,1,80001287
80001461,false,וופל גרדנה Gardena שוקולד,לואקר Loacker,,וופל גרדנה Gardena שוקולד,גרמים,38,100 גרם,false,0,3.50,9.21,true,1,80001461
80001485,false,וופל גרדנה Gardena קוקוס,לואקר Loacker,,וופל גרדנה Gardena קוקוס,גרמים,38,100 גרם,false,0,3.50,9.21,true,1,80001485
80001799,false,לואקר טורטינה שוקולד לבן,לואקר Loacker,,לואקר טורטינה שוקולד לבן,גרמים,21,100 גרם,false,0,3.50,16.67,true,1,80001799
80001911,false,וופל גרדנה במילוי קרם אגוזי לוז ובציפוי שוקולד לבן,לואקר Loacker,,וופל גרדנה במילוי קרם אגוזי לוז ובציפוי שוקולד לבן,גרמים,38,100 גרם,false,0,3.50,9.21,true,1,80001911
80042556,false,עגבניות חתוכות דק,מוטי Mutti,,עגבניות חתוכות דק,גרמים,400,100 גרם,false,0,5.90,1.48,true,1,80042556
80042563,false,מחית עגבניות קלה,מוטי Mutti,,מחית עגבניות קלה,גרמים,700,100 גרם,false,0,12.90,1.84,true,1,80042563
80043638,false,כורכום טחון אורגני,קנמלה Cannamela,,כורכום טחון אורגני,גרמים,47,100 גרם,false,0,14.90,31.70,true,1,80043638
80043645,false,קארי טחון אורגני,קנמלה Cannamela,,קארי טחון אורגני,גרמים,14,100 גרם,false,0,14.90,106.43,true,1,80043645
80043775,false,צ'ילי טחון אורגני,דגש- דוכן גן שמואל,,צ'ילי טחון אורגני,גרמים,50,100 גרם,false,0,14.90,29.80,true,1,80043775
80052760,false,קינדר בואנו Kinder Bueno עם חלב ואגוזי לוז,קינדר Kinder,,קינדר בואנו Kinder Bueno עם חלב ואגוזי לוז,גרמים,43,100 גרם,false,0,3.50,8.14,true,1,80052760
80136194,false,חטיפי הפי היפו Happy Hippo במילוי קרם חלבי ואגוזי לוז,קינדר Kinder,,חטיפי הפי היפו Happy Hippo במילוי קרם חלבי ואגוזי לוז,גרמים,104,100 גרם,false,5,12.90,12.46,true,1,80136194
80176800,false,ממרח אגוזי לוז עם קקאו,נוטלה Nutella,,ממרח אגוזי לוז עם קקאו,גרמים,750,100 גרם,false,0,24.90,3.32,true,1,80176800
80177173,false,ממרח אגוזי לוז עם קקאו,נוטלה Nutella,,ממרח אגוזי לוז עם קקאו,גרמים,350,100 גרם,false,0,13.90,3.97,true,1,80177173
80177609,false,אצבעות שוקולד קינדר Kinder ארבע יחידות,קינדר Kinder,,אצבעות שוקולד קינדר Kinder ארבע יחידות,גרמים,50,100 גרם,false,0,3.50,7.00,true,1,80177609
80177616,false,אצבעות שוקולד קינדר Kinder שמונה יחידות,קינדר Kinder,,אצבעות שוקולד קינדר Kinder שמונה יחידות,גרמים,100,100 גרם,false,0,6.90,6.90,true,1,80177616
80273561,false,פלפל שחור במטחנה,ארומה דה טוסקנה,,פלפל שחור במטחנה,גרמים,45,100 גרם,false,0,12.90,28.67,true,1,80273561
80273592,false,פלפל ארבע עונות במטחנה,ארומה דה טוסקנה,,פלפל ארבע עונות במטחנה,גרמים,35,100 גרם,false,0,12.90,36.86,true,1,80273592
80273639,false,מלח ים במטחנה,ארומה דה טוסקנה,,מלח ים במטחנה,גרמים,90,100 גרם,false,0,12.90,14.33,true,1,80273639
80273660,false,שום במטחנה,ארומה דה טוסקנה,,שום במטחנה,גרמים,50,100 גרם,false,0,12.90,25.80,true,1,80273660
80273677,false,צ'ילי במטחנה,ארומה דה טוסקנה,,צ'ילי במטחנה,גרמים,20,100 גרם,false,0,12.90,64.50,true,1,80273677
80473336,false,פלפל שחור אורגני,קנמלה Cannamela,,פלפל שחור אורגני,גרמים,50,100 גרם,false,0,14.90,29.80,true,1,80473336
80541776,false,אורגנו אורגני,קנמלה Cannamela,,אורגנו אורגני,גרמים,14,100 גרם,false,0,14.90,106.43,true,1,80541776
80651017,false,תערובת עשבי טוסקנה במטחנה,ארומה דה טוסקנה,,תערובת עשבי טוסקנה במטחנה,גרמים,16,100 גרם,false,0,12.90,80.63,true,1,80651017
80762362,false,מסטיק וויט White בטעם מנטה אקליפטוס,מנטוס Mentos,,מסטיק וויט White בטעם מנטה אקליפטוס,גרמים,60,100 גרם,false,0,9.90,16.50,true,1,80762362
80768258,false,קינדר ג'וי Joy ביצת הפתעה ורוד,קינדר Kinder,,קינדר ג'וי Joy ביצת הפתעה ורוד,גרמים,20,100 גרם,false,0,4.90,24.50,true,1,80768258
80768838,false,מסטיק בטעם פירות מנטה,מנטוס Mentos,,מסטיק בטעם פירות מנטה,גרמים,90,100 גרם,false,0,10.00,18.78,true,1,80768838
80769545,false,מסטיק בטעם לימון ללא סוכר פיור פרש,מנטוס Mentos,,מסטיק בטעם לימון ללא סוכר פיור פרש,גרמים,60,100 גרם,false,0,9.90,16.50,true,1,80769545
80773429,false,מסטיק בטעם תות שדה ללא סוכר פיור פרש,מנטוס Mentos,,מסטיק בטעם תות שדה ללא סוכר פיור פרש,גרמים,60,100 גרם,false,0,9.90,16.50,true,1,80773429
80773443,false,מסטיק בטעם מנטה ללא סוכר פיור פרש,מנטוס Mentos,,מסטיק בטעם מנטה ללא סוכר פיור פרש,גרמים,60,100 גרם,false,0,9.90,16.50,true,1,80773443
80776307,false,מסטיק בטעם פירות מנטה ללא סוכר פיור פרש,מנטוס Mentos,,מסטיק בטעם פירות מנטה ללא סוכר פיור פרש,גרמים,90,100 גרם,false,0,10.00,18.78,true,1,80776307
80780595,false,מסטיק בטעם מנטה עדינה ללא סוכר פיור פרש,מנטוס Mentos,,מסטיק בטעם מנטה עדינה ללא סוכר פיור פרש,גרמים,90,100 גרם,false,0,10.00,18.78,true,1,80780595
80790990,false,מסטיק בטעם פירות מנטה ללא סוכר פיור פרש,מנטוס Mentos,,מסטיק בטעם פירות מנטה ללא סוכר פיור פרש,גרמים,60,100 גרם,false,0,9.90,16.50,true,1,80790990
80794233,false,מסטיק בטעם מנטה ללא סוכר פיור פרש,מנטוס Mentos,,מסטיק בטעם מנטה ללא סוכר פיור פרש,גרמים,90,100 גרם,false,0,10.00,18.78,true,1,80794233
80804697,false,מסטיק וויט White בטעם מנטה מתוקה ללא סוכר,מנטוס Mentos,,מסטיק וויט White בטעם מנטה מתוקה ללא סוכר,גרמים,105,100 גרם,false,0,10.00,16.10,true,1,80804697
80820970,false,לואקר טורטינה קרמל,לואקר Loacker,,לואקר טורטינה קרמל,גרמים,21,100 גרם,false,0,3.50,16.67,true,1,80820970
80831402,false,סוכריה לרענון ללא סוכר בטעם מנטה עדינה,מנטוס Mentos,,סוכריה לרענון ללא סוכר בטעם מנטה עדינה,גרמים,31,100 גרם,false,0,6.90,22.26,true,1,80831402
80843184,false,מסטיק מנטוס בטעם ענבים,מנטוס Mentos,,מסטיק מנטוס בטעם ענבים,גרמים,60,100 גרם,false,0,9.90,16.50,true,1,80843184
80854753,false,ממתק לרענון ללא סוכר בטעם מנטה,מנטוס Mentos,,ממתק לרענון ללא סוכר בטעם מנטה,גרמים,31,100 גרם,false,0,6.90,22.26,true,1,80854753
80864059,false,וופל גרדנה עם קרם חמאת בוטנים בציפוי שוקולד חלב,לואקר Loacker,,וופל גרדנה עם קרם חמאת בוטנים בציפוי שוקולד חלב,גרמים,21,100 גרם,false,0,3.50,16.67,true,1,80864059
80864295,false,מסטיק פיור וויט מנטה עדינה,מנטוס Mentos,,מסטיק פיור וויט מנטה עדינה,גרמים,60,100 גרם,false,0,9.90,16.50,true,1,80864295
80896081,false,מסטיק בטעם אבטיח ללא סוכר פיור פרש,מנטוס Mentos,,מסטיק בטעם אבטיח ללא סוכר פיור פרש,גרמים,60,100 גרם,false,0,9.90,16.50,true,1,80896081
80913467,false,מסטיק בטעם מנטה ללא סוכר פיור פרש,מנטוס Mentos,,מסטיק בטעם מנטה ללא סוכר פיור פרש,גרמים,60,100 גרם,false,0,9.90,16.50,true,1,80913467
80926481,false,מנטוס מסטיק בטעם אבטיח,מנטוס Mentos,,מנטוס מסטיק בטעם אבטיח,גרמים,90,100 גרם,false,0,10.00,18.78,true,1,80926481
80945468,false,מסטיק פיור וויט מנטה מתוקה,מנטוס Mentos,,מסטיק פיור וויט מנטה מתוקה,גרמים,60,100 גרם,false,0,9.90,16.50,true,1,80945468
80974215,false,מנטוס מסטיק בטעם תות שדה,מנטוס Mentos,,מנטוס מסטיק בטעם תות שדה,גרמים,90,100 גרם,false,0,10.00,18.78,true,1,80974215
80974482,false,קינדר ג'וי Joy ביצת הפתעה כחול,קינדר Kinder,,קינדר ג'וי Joy ביצת הפתעה כחול,גרמים,20,100 גרם,false,0,4.90,24.50,true,1,80974482
80979128,false,מסטיק מנטוס בטעם דובדב,מנטוס Mentos,,מסטיק מנטוס בטעם דובדב,גרמים,60,100 גרם,false,0,9.90,16.50,true,1,80979128
80982470,false,גומי לעיסה בטעם מנטה חזקה,מנטוס Mentos,,גומי לעיסה בטעם מנטה חזקה,גרמים,60,100 גרם,false,0,9.90,16.50,true,1,80982470
80986348,false,מסטיק מנטוס פיור וויט מנטה,מנטוס Mentos,,מסטיק מנטוס פיור וויט מנטה,גרמים,60,100 גרם,false,0,9.90,16.50,true,1,80986348
80995128,false,מסטיק מנטוס ויטמין ללא סוכר בטעם הדרים,מנטוס Mentos,,מסטיק מנטוס ויטמין ללא סוכר בטעם הדרים,גרמים,60,100 גרם,false,0,9.90,16.50,true,1,80995128
87108538,false,סוכריות מנטוס Mentos תות שדה,מנטוס Mentos,,סוכריות מנטוס Mentos תות שדה,גרמים,37,100 גרם,false,0,3.00,8.11,true,1,87108538
87108651,false,מארז סוכריות מנטוס Mentos מנטה,מנטוס Mentos,,מארז סוכריות מנטוס Mentos מנטה,גרמים,150,100 גרם,false,4,10.90,7.27,true,1,87108651
87108712,false,מארז סוכריות מנטוס Mentos פירות,מנטוס Mentos,,מארז סוכריות מנטוס Mentos פירות,גרמים,150,100 גרם,false,4,10.90,7.27,true,1,87108712
87311396,false,סוכריות מנטוס Mentos ריינבואו,מנטוס Mentos,,סוכריות מנטוס Mentos ריינבואו,גרמים,38,100 גרם,false,0,3.00,8.00,true,1,87311396
87342802,false,דאודורנט רול און Gold,אקס Axe,,דאודורנט רול און Gold,מליליטרים,50,"100 מ""ל",false,0,18.90,37.80,true,1,87342802
87354041,false,סוכריות מנטוס Mentos בטעם דובדבן,מנטוס Mentos,,סוכריות מנטוס Mentos בטעם דובדבן,גרמים,38,100 גרם,false,0,3.00,8.00,true,1,87354041
90034107,false,בירה שטיגל גולדברו Goldbrau,שטיגל Stiegl,,בירה שטיגל גולדברו Goldbrau,מליליטרים,500,"100 מ""ל",false,0,11.90,2.38,true,1,90034107
90087011,false,מיץ תפוחים happy day,ראוך Rauch,,מיץ תפוחים happy day,ליטרים,1,ליטר,false,0,11.90,11.90,true,1,90087011
90087066,false,100% מיץ תפוזים Happy Day,ראוך Rauch,,100% מיץ תפוזים Happy Day,ליטרים,1,ליטר,false,0,11.90,11.90,true,1,90087066
90087271,false,נקטר אוכמניות,ראוך Rauch,,נקטר אוכמניות,ליטרים,1,ליטר,false,0,11.90,11.90,true,1,90087271
90087547,false,100% מיץ עגבניות Happy Day,ראוך Rauch,,100% מיץ עגבניות Happy Day,ליטרים,1,ליטר,false,0,11.90,11.90,true,1,90087547
90087769,false,נקטר אננס,ראוך Rauch,,נקטר אננס,ליטרים,1,ליטר,false,0,11.90,11.90,true,1,90087769
90087806,false,100% מיץ אשכוליות Happy Day,ראוך Rauch,,100% מיץ אשכוליות Happy Day,ליטרים,1,ליטר,false,0,11.90,11.90,true,1,90087806
90087974,false,חומץ מתפוחים,ראוך Rauch,,חומץ מתפוחים,מליליטרים,750,"100 מ""ל",false,0,12.90,1.72,true,1,90087974
90087998,false,מיץ לימון,ראוך Rauch,,מיץ לימון,מליליטרים,250,"100 מ""ל",false,0,5.90,2.36,true,1,90087998
90162602,false,משקה אנרגיה רד בול,רד בול Red Bull,,משקה אנרגיה רד בול,מליליטרים,250,"100 מ""ל",false,0,5.90,2.36,true,1,90162602
90162800,false,משקה אנרגיה רד בול ללא סוכר,רד בול Red Bull,,משקה אנרגיה רד בול ללא סוכר,מליליטרים,250,"100 מ""ל",false,0,5.90,2.36,true,1,90162800
96033531,false,דאו רול און רימון ולואיזה,דאב Dove,,דאו רול און רימון ולואיזה,מליליטרים,50,"100 מ""ל",false,0,17.90,35.80,true,1,96033531
96137130,false,דאודורנט רול און Go Fresh אגס ואלוורה,דאב Dove,,דאודורנט רול און Go Fresh אגס ואלוורה,מליליטרים,50,"100 מ""ל",false,0,17.90,35.80,true,1,96137130
9800800056,false,חטיף שוקולד עם מקלות לחם אנד גו,נוטלה Nutella,,חטיף שוקולד עם מקלות לחם אנד גו,גרמים,52,100 גרם,false,0,4.90,9.42,true,1,9800800056
11210000032,false,טבסקו גדול,טבסקו Tabasco,,טבסקו גדול,מליליטרים,350,"100 מ""ל",false,0,49.90,14.26,true,1,11210000032
11210000094,false,טבסקו קטן,טבסקו Tabasco,,טבסקו קטן,מליליטרים,60,"100 מ""ל",false,0,9.90,16.50,true,1,11210000094
11210002500,false,טבסקו באפלו,טבסקו Tabasco,,טבסקו באפלו,מליליטרים,150,"100 מ""ל",false,0,19.90,13.27,true,1,11210002500
11210006508,false,טבסקו אקסטרה חריף,טבסקו Tabasco,,טבסקו אקסטרה חריף,מליליטרים,60,"100 מ""ל",false,0,15.90,26.50,true,1,11210006508
11210007253,false,טבסקו רוטב שום,טבסקו Tabasco,,טבסקו רוטב שום,מליליטרים,60,"100 מ""ל",false,0,9.90,16.50,true,1,11210007253
11210009387,false,טבסקו פלפל ירוק,טבסקו Tabasco,,טבסקו פלפל ירוק,מליליטרים,60,"100 מ""ל",false,0,9.90,16.50,true,1,11210009387
11210607040,false,טאבסקו צ'יפוטלה,טבסקו Tabasco,,טאבסקו צ'יפוטלה,מליליטרים,60,"100 מ""ל",false,0,9.90,16.50,true,1,11210607040
16000185517,false,דגני בוקר פייבר וואן עתירי סובין FIBRE1,נסטלה Nestle,,דגני בוקר פייבר וואן עתירי סובין FIBRE1,גרמים,555,100 גרם,false,0,27.90,5.03,true,1,16000185517
16000423534,false,חטיפי גרנולה Crunchy שיבולת שועל ושוקולד מריר,נייצ'ר ואלי Nature Valley,,חטיפי גרנולה Crunchy שיבולת שועל ושוקולד מריר,גרמים,210,100 גרם,false,5,14.90,7.10,true,1,16000423534
16000548404,false,חטיפי גרנולה Crunchy שיבולת שועל ודבש,נייצ'ר ואלי Nature Valley,,חטיפי גרנולה Crunchy שיבולת שועל ודבש,גרמים,210,100 גרם,false,5,14.90,7.10,true,1,16000548404
16000548503,false,חטיפי גרנולה Crunchy מייפל וסוכר חום,נייצ'ר ואלי Nature Valley,,חטיפי גרנולה Crunchy מייפל וסוכר חום,גרמים,210,100 גרם,false,5,14.90,7.10,true,1,16000548503
16000548602,false,חטיפי גרנולה Crunchy קינמון,נייצ'ר ואלי Nature Valley,,חטיפי גרנולה Crunchy קינמון,גרמים,210,100 גרם,false,5,14.90,7.10,true,1,16000548602
16000548909,false,חטיפי גרנולה Crunchy בשלושה טעמים,נייצ'ר ואלי Nature Valley,,חטיפי גרנולה Crunchy בשלושה טעמים,גרמים,210,100 גרם,false,5,14.90,7.10,true,1,16000548909
16229924263,false,קרם קוקוס,ארוי די AROY-D,,קרם קוקוס,מליליטרים,250,"100 מ""ל",false,0,9.90,3.96,true,1,16229924263
18000701223,false,תערובת להכנת עוגה בטעם שוקולד,פילסברי Pillsbury,,תערובת להכנת עוגה בטעם שוקולד,גרמים,500,100 גרם,false,0,19.90,3.98,true,1,18000701223
18000703494,false,תערובת להכנת עוגה בטעם וניל,פילסברי Pillsbury,,תערובת להכנת עוגה בטעם וניל,גרמים,500,100 גרם,false,0,19.90,3.98,true,1,18000703494
18000703517,false,תערובת להכנת עוגת שיש,פילסברי Pillsbury,,תערובת להכנת עוגת שיש,גרמים,550,100 גרם,false,0,19.90,3.62,true,1,18000703517
18000766413,false,תערובת להכנת בראוניז,פילסברי Pillsbury,,תערובת להכנת בראוניז,גרמים,550,100 גרם,false,0,19.90,3.62,true,1,18000766413
22200956932,false,דאודורנט ג'ל לגבר Fresh Rush 24h,ספיד סטיק Speed Stick,,דאודורנט ג'ל לגבר Fresh Rush 24h,גרמים,51,100 גרם,false,0,19.90,58.63,true,1,22200956932
22200956949,false,דאודורנט ג'ל לגבר Cool Fusion 24h,ספיד סטיק Speed Stick,,דאודורנט ג'ל לגבר Cool Fusion 24h,גרמים,51,100 גרם,false,0,19.90,58.63,true,1,22200956949
25675120020,false,סאוור סטיקס Sour Sticks בטעם אוכמניות,פשקז Paskesz,,סאוור סטיקס Sour Sticks בטעם אוכמניות,גרמים,100,100 גרם,false,0,6.90,6.90,true,1,25675120020
25675120044,false,סאוור סטיקס Sour Sticks בטעם תפוח,פשקז Paskesz,,סאוור סטיקס Sour Sticks בטעם תפוח,גרמים,100,100 גרם,false,0,6.90,6.90,true,1,25675120044
25675120068,false,סאוור סטיקס Sour Sticks בטעם קולה,פשקז Paskesz,,סאוור סטיקס Sour Sticks בטעם קולה,גרמים,100,100 גרם,false,0,6.90,6.90,true,1,25675120068
25675121041,false,סאוור בלטס Sour Belts בטעם אוכמניות,פשקז Paskesz,,סאוור בלטס Sour Belts בטעם אוכמניות,גרמים,115,100 גרם,false,0,6.90,6.00,true,1,25675121041
25675301153,false,סאוור סטיקס Sour Sticks בטעם אוכמניות,פשקז Paskesz,,סאוור סטיקס Sour Sticks בטעם אוכמניות,גרמים,50,100 גרם,false,0,4.90,9.80,true,1,25675301153
25675301184,false,סאוור סטיקס Sour Sticks בטעם קולה,פשקז Paskesz,,סאוור סטיקס Sour Sticks בטעם קולה,גרמים,50,100 גרם,false,0,4.90,9.80,true,1,25675301184
25675301207,false,סאוור סטיקס Sour Sticks בטעם תפוח,פשקז Paskesz,,סאוור סטיקס Sour Sticks בטעם תפוח,גרמים,50,100 גרם,false,0,4.90,9.80,true,1,25675301207
31200001597,false,גרגירי חמוציות ממותקים ומיובשים,אושן ספריי,,גרגירי חמוציות ממותקים ומיובשים,גרמים,170,100 גרם,false,0,10.90,6.41,true,1,31200001597
31290140107,false,אצבעות שוקולד מריר 72%,גודייבה GODIVA,,אצבעות שוקולד מריר 72%,גרמים,90,100 גרם,false,0,10.90,16.56,true,1,31290140107
31290140190,false,אצבעות שוקולד מריר עם מלח ים,גודייבה GODIVA,,אצבעות שוקולד מריר עם מלח ים,גרמים,90,100 גרם,false,0,10.90,16.56,true,1,31290140190
33200140702,false,דפים למייבש פרש אנד סופט Clean Burst,פרש אנד סופט Frash'n soft,,דפים למייבש פרש אנד סופט Clean Burst,יחידות,100,יחידה,false,0,24.90,0.25,true,1,33200140702
33200147701,false,דפים למייבש פרש אנד סופט Tropical Burst,פרש אנד סופט Frash'n soft,,דפים למייבש פרש אנד סופט Tropical Burst,יחידות,100,יחידה,false,0,24.90,0.25,true,1,33200147701
33617000026,false,קרקרים מדגנים מלאים,ואזה Wasa,,קרקרים מדגנים מלאים,גרמים,260,100 גרם,false,0,12.90,4.96,true,1,33617000026
33617340610,false,קרקרים מקמח שיפון,ואזה Wasa,,קרקרים מקמח שיפון,גרמים,275,100 גרם,false,0,12.90,4.69,true,1,33617340610
33984009165,false,קו אנזים Q10 נוטרי ננו,סולגאר,,קו אנזים Q10 נוטרי ננו,יחידות,50,יחידה,false,0,159.90,3.20,true,1,33984009165
33984009363,false,קו-אנזים Q10 (במינון 60 מ”ג),סולגאר,,קו-אנזים Q10 (במינון 60 מ”ג),יחידות,60,יחידה,false,0,149.90,2.50,true,1,33984009363
33984009554,false,חמוציות בתוספת ויטמין C,סולגאר,,חמוציות בתוספת ויטמין C,יחידות,60,יחידה,false,0,82.90,1.38,true,1,33984009554
33984009578,false,קו-אנזים Q10 (במינון 60 מ”ג),סולגאר,,קו-אנזים Q10 (במינון 60 מ”ג),יחידות,60,יחידה,false,0,149.90,2.50,true,1,33984009578
33984010383,false,אסטרולה ויטמין C לא חומצי 500 מ”ג (כמוסות),סולגאר,,אסטרולה ויטמין C לא חומצי 500 מ”ג (כמוסות),יחידות,50,יחידה,false,0,84.90,1.70,true,1,33984010383
33984010529,false,אסטרולה 1000 מ”ג,סולגאר,,אסטרולה 1000 מ”ג,יחידות,90,יחידה,false,0,179.00,1.99,true,1,33984010529
33984010703,false,"כמוסות שמן זרעי פשתה 1250 מ""ג",סולגאר,,"כמוסות שמן זרעי פשתה 1250 מ""ג",יחידות,100,יחידה,false,0,124.90,1.25,true,1,33984010703
33984011007,false,חומצה פולית 800 מק”ג,סולגאר,,חומצה פולית 800 מק”ג,יחידות,100,יחידה,false,0,49.90,0.50,true,1,33984011007
33984011205,false,קומפלקס ויטמיני B-50,סולגאר,,קומפלקס ויטמיני B-50,יחידות,50,יחידה,false,0,54.90,1.10,true,1,33984011205
33984011212,false,קומפלקס ויטמיני B50,סולגאר,,קומפלקס ויטמיני B50,יחידות,100,יחידה,false,0,99.90,1.00,true,1,33984011212
33984011496,false,קומפלקס ויטמיני B-100,סולגאר,,קומפלקס ויטמיני B-100,יחידות,50,יחידה,false,0,79.90,1.60,true,1,33984011496
33984011816,false,מולטי-ויטמין מינרל 75-VM (טבליות),סולגאר,,מולטי-ויטמין מינרל 75-VM (טבליות),יחידות,60,יחידה,false,0,99.90,1.67,true,1,33984011816
33984012493,false,"ברזל עדין 25 מ""ג",סולגאר,,"ברזל עדין 25 מ""ג",יחידות,90,יחידה,false,0,64.90,0.72,true,1,33984012493
33984013162,false,גלוקוזאמין כונדרואיטין MSM וחומצה היאלורונית,סולגאר,,גלוקוזאמין כונדרואיטין MSM וחומצה היאלורונית,יחידות,60,יחידה,false,0,154.90,2.58,true,1,33984013162
33984014176,false,קולגן וחומצה היאלרונית,סולגאר,,קולגן וחומצה היאלרונית,יחידות,30,יחידה,false,0,134.90,4.50,true,1,33984014176
33984015951,false,ויטמין B12 נוזלי 2000 מק”ג,סולגאר,,ויטמין B12 נוזלי 2000 מק”ג,מליליטרים,59,"100 מ""ל",false,0,75.90,128.64,true,1,33984015951
33984016002,false,ויטמין E נוזלי,סולגאר,,ויטמין E נוזלי,מליליטרים,59,"100 מ""ל",false,0,79.90,135.42,true,1,33984016002
33984017108,false,מגנזיום ציטראט,סולגאר,,מגנזיום ציטראט,יחידות,60,יחידה,false,0,59.90,1.00,true,1,33984017108
33984017207,false,מגנזיום בתוספת ויטמין B6,סולגאר,,מגנזיום בתוספת ויטמין B6,יחידות,100,יחידה,false,0,35.90,0.36,true,1,33984017207
33984017368,false,קומפלקס HNS,סולגאר,,קומפלקס HNS,יחידות,120,יחידה,false,0,159.90,1.33,true,1,33984017368
33984017443,false,מולטי ויטמין מינרל לגברים,סולגאר,,מולטי ויטמין מינרל לגברים,יחידות,60,יחידה,false,0,208.90,3.48,true,1,33984017443
33984017504,false,קומפלקס ויטמיני B בצורת קו-אנזימים,סולגאר,,קומפלקס ויטמיני B בצורת קו-אנזימים,יחידות,50,יחידה,false,0,85.90,1.72,true,1,33984017504
33984017511,false,קומפלקס ויטמיני B בצורת קו-אנזימים,סולגאר,,קומפלקס ויטמיני B בצורת קו-אנזימים,יחידות,100,יחידה,false,0,144.90,1.45,true,1,33984017511
33984019515,false,ויטמין B12 בצורת מתילקובלאמין ( 1000 מק”ג),סולגאר,,ויטמין B12 בצורת מתילקובלאמין ( 1000 מק”ג),יחידות,60,יחידה,false,0,64.90,1.08,true,1,33984019515
33984020290,false,שמן אורגנו פראי,סולגאר,,שמן אורגנו פראי,יחידות,60,יחידה,false,0,89.90,1.50,true,1,33984020290
33984020580,false,אומגה-3 “950”-כמוסות שמן דגים,סולגאר,,אומגה-3 “950”-כמוסות שמן דגים,יחידות,100,יחידה,false,0,159.90,1.60,true,1,33984020580
33984023154,false,סיבי קליפת פסיליום 500 מ”ג,סולגאר,,סיבי קליפת פסיליום 500 מ”ג,יחידות,200,יחידה,false,0,97.90,0.49,true,1,33984023154
33984023802,false,ויטמין C במינון 500 מ”ג (בתוספת פקעות ורדים),סולגאר,,ויטמין C במינון 500 מ”ג (בתוספת פקעות ורדים),יחידות,100,יחידה,false,0,59.90,0.60,true,1,33984023802
33984024007,false,ויטמין C במינון 1000 מ”ג (בתוספת פקעות ורדים),סולגאר,,ויטמין C במינון 1000 מ”ג (בתוספת פקעות ורדים),יחידות,100,יחידה,false,0,89.90,0.90,true,1,33984024007
33984027701,false,קומפלקס ויטמיני C+B,סולגאר,,קומפלקס ויטמיני C+B,יחידות,30,יחידה,false,0,74.90,2.50,true,1,33984027701
33984028203,false,"ויטמין A יבש 5,000 יחב""ל",סולגאר,,"ויטמין A יבש 5,000 יחב""ל",יחידות,100,יחידה,false,0,74.90,0.75,true,1,33984028203
33984029507,false,ויטמין B-1 במינון 100 מ”ג,סולגאר,,ויטמין B-1 במינון 100 מ”ג,יחידות,100,יחידה,false,0,54.90,0.55,true,1,33984029507
33984030503,false,ויטמין B-2 במינון 100 מ”ג,סולגאר,,ויטמין B-2 במינון 100 מ”ג,יחידות,100,יחידה,false,0,75.90,0.76,true,1,33984030503
33984031203,false,ויטמין B-6 במינון 100 מ”ג,סולגאר,,ויטמין B-6 במינון 100 מ”ג,יחידות,100,יחידה,false,0,54.90,0.55,true,1,33984031203
33984031807,false,"ויטמין B12 לבליעה 100 מק""ג",סולגאר,,"ויטמין B12 לבליעה 100 מק""ג",יחידות,100,יחידה,false,0,44.90,0.45,true,1,33984031807
33984032293,false,"טבליות ויטמין B12 תת לשוני (1000 מק""ג)",סולגאר,,"טבליות ויטמין B12 תת לשוני (1000 מק""ג)",יחידות,100,יחידה,false,0,59.90,0.60,true,1,33984032293
33984033207,false,"ויטמין D3 במינון 400 יחב""ל",סולגאר,,"ויטמין D3 במינון 400 יחב""ל",יחידות,100,יחידה,false,0,49.90,0.50,true,1,33984033207
33984035409,false,"ויטמין E-400 יחב""ל עם תערובת טוקופרולים",סולגאר,,"ויטמין E-400 יחב""ל עם תערובת טוקופרולים",יחידות,50,יחידה,false,0,79.90,1.60,true,1,33984035409
33984035416,false,"ויטמין E-400 יחב""ל עם תערובת טוקופרולים",סולגאר,,"ויטמין E-400 יחב""ל עם תערובת טוקופרולים",יחידות,100,יחידה,false,0,136.90,1.37,true,1,33984035416
33984037205,false,"אבץ 50 מ""ג",סולגאר,,"אבץ 50 מ""ג",יחידות,100,יחידה,false,0,55.90,0.56,true,1,33984037205
33984037250,false,אבץ פיקולינאט,סולגאר,,אבץ פיקולינאט,יחידות,100,יחידה,false,0,55.90,0.56,true,1,33984037250
33984041189,false,תמצית שורש ליקוריץ,סולגאר,,תמצית שורש ליקוריץ,יחידות,60,יחידה,false,0,69.90,1.17,true,1,33984041189
33984505001,false,כמוסות קומפלקס מספר 7,סולגאר,,כמוסות קומפלקס מספר 7,יחידות,37,יחידה,false,0,119.90,3.24,true,1,33984505001
34000148301,false,נטיפי שוקולד צ'יפס לאפיה,הרשיס Hershey's,,נטיפי שוקולד צ'יפס לאפיה,גרמים,340,100 גרם,false,0,18.90,5.56,true,1,34000148301
34000196173,false,קוקיס אנד קרים בטעם שוקולד לבן עם שברי עוגיות,הרשיס Hershey's,,קוקיס אנד קרים בטעם שוקולד לבן עם שברי עוגיות,גרמים,113,100 גרם,false,0,7.90,6.99,true,1,34000196173
34000312177,false,סירופ בטעם שוקולד,הרשיס Hershey's,,סירופ בטעם שוקולד,גרמים,680,100 גרם,false,0,19.90,2.93,true,1,34000312177
34000442652,false,שוקולד חלב ריסס Reese's במילוי חמאת בוטנים,הרשיס Hershey's,,שוקולד חלב ריסס Reese's במילוי חמאת בוטנים,גרמים,120,100 גרם,false,0,7.90,6.58,true,1,34000442652
34000544028,false,סוכריות ארוכות בטעם תות טוויזלרס Twizzlers,,,סוכריות ארוכות בטעם תות טוויזלרס Twizzlers,גרמים,198,100 גרם,false,0,7.90,3.99,true,1,34000544028
34000544431,false,טוויזלרס ממתק בטעם דובדבן,,,טוויזלרס ממתק בטעם דובדבן,גרמים,172,100 גרם,false,0,7.90,4.59,true,1,34000544431
35000458476,false,מארז מברשות שיניים לילדים לגילאי 2-8,קולגייט Colgate,,מארז מברשות שיניים לילדים לגילאי 2-8,יחידות,4,יחידה,false,0,19.90,4.98,true,1,35000458476
35585111025,false,קונג אקסטרים XL צעצוע האכלה,קונג KONG,,קונג אקסטרים XL צעצוע האכלה,,0,,false,0,119.90,0.00,true,1,35585111025
35585111124,false,קונג אקסטרים L צעצוע האכלה,קונג KONG,,קונג אקסטרים L צעצוע האכלה,,0,,false,0,89.90,0.00,true,1,35585111124
35585111148,false,קונג אקסטרים M צעצוע האכלה,קונג KONG,,קונג אקסטרים M צעצוע האכלה,,0,,false,0,69.90,0.00,true,1,35585111148
35585111605,false,קונג אקסטרים S צעצוע האכלה,קונג KONG,,קונג אקסטרים S צעצוע האכלה,,0,,false,0,54.90,0.00,true,1,35585111605
35585775630,false,שלישיית כדורי ספורט למשחק לכלבים,קונג KONG,,שלישיית כדורי ספורט למשחק לכלבים,,0,,false,0,59.90,0.00,true,1,35585775630
35585775647,false,שלישיית כדורי ספורט למשחק לכלבים,קונג KONG,,שלישיית כדורי ספורט למשחק לכלבים,,0,,false,0,49.90,0.00,true,1,35585775647
35585775661,false,שלישיית כדורי ספורט למשחק לכלבים,קונג KONG,,שלישיית כדורי ספורט למשחק לכלבים,,0,,false,0,39.90,0.00,true,1,35585775661
36000183399,false,"בגד ים חד פעמי 3-4 , 7-15 ק""ג",האגיס Huggies,,"בגד ים חד פעמי 3-4 , 7-15 ק""ג",יחידות,12,יחידה,false,0,29.90,2.49,true,1,36000183399
37600207287,false,חמאת בוטנים סקיפי עם דבש,סקיפי Skippy,,חמאת בוטנים סקיפי עם דבש,גרמים,462,100 גרם,false,0,19.90,4.31,true,1,37600207287
37977005288,false,זוג מוצצי סיליקון 6+ חודשים,מאם Mam,,זוג מוצצי סיליקון 6+ חודשים,,0,,false,0,34.90,0.00,true,1,37977005288
38000138607,false,חטיף צ'יפס בטעם מלח וחומץ,פרינגלס Pringles,,חטיף צ'יפס בטעם מלח וחומץ,גרמים,158,100 גרם,false,0,8.90,5.63,true,1,38000138607
38000138638,false,חטיף צ'יפס בטעם פיצה,פרינגלס Pringles,,חטיף צ'יפס בטעם פיצה,גרמים,158,100 גרם,false,0,8.90,5.63,true,1,38000138638
38000138720,false,חטיף צ'יפס ראנץ',פרינגלס Pringles,,חטיף צ'יפס ראנץ',גרמים,158,100 גרם,false,0,8.90,5.63,true,1,38000138720
38000169663,false,חטיף צ'יפס אורגינל,פרינגלס Pringles,,חטיף צ'יפס אורגינל,גרמים,191,100 גרם,false,0,11.90,6.23,true,1,38000169663
38000183690,false,חטיף צ'יפס בטעם ברביקיו,פרינגלס Pringles,,חטיף צ'יפס בטעם ברביקיו,גרמים,71,100 גרם,false,0,4.90,6.90,true,1,38000183690
38000197840,false,חטיף צ'יפס בטעם חריף מתוק,פרינגלס Pringles,,חטיף צ'יפס בטעם חריף מתוק,גרמים,137,100 גרם,false,0,8.90,6.50,true,1,38000197840
38000202278,false,חטיף צ'יפס גלי בטעם אורגינל מלוח,פרינגלס Pringles,,חטיף צ'יפס גלי בטעם אורגינל מלוח,גרמים,130,100 גרם,false,0,8.90,6.85,true,1,38000202278
38000232152,false,חטיף צ'יפס בטעם ברביקיו,פרינגלס Pringles,,חטיף צ'יפס בטעם ברביקיו,גרמים,158,100 גרם,false,0,8.90,5.63,true,1,38000232152
38000232169,false,חטיף צ'יפס אורגינל,פרינגלס Pringles,,חטיף צ'יפס אורגינל,גרמים,67,100 גרם,false,0,4.90,7.31,true,1,38000232169
38000232176,false,חטיף צ'יפס שמנת חמוצה ובצל,פרינגלס Pringles,,חטיף צ'יפס שמנת חמוצה ובצל,גרמים,158,100 גרם,false,0,8.90,5.63,true,1,38000232176
38000232183,false,חטיף צ'יפס אורגינל,פרינגלס Pringles,,חטיף צ'יפס אורגינל,גרמים,149,100 גרם,false,0,8.90,5.97,true,1,38000232183
38000845253,false,צ'יפס בטעם שמנת חמוצה ובצל,פרינגלס Pringles,,צ'יפס בטעם שמנת חמוצה ובצל,גרמים,71,100 גרם,false,0,4.90,6.90,true,1,38000845253
38527591053,false,דגני קוואקר מרובעים Quaker Squares עם קינמון,קוואקר Quaker,,דגני קוואקר מרובעים Quaker Squares עם קינמון,גרמים,412,100 גרם,false,0,19.90,4.83,true,1,38527591053
38527591060,false,דגני קוואקר מרובעים Quaker Squares עם סוכר חום,קוואקר Quaker,,דגני קוואקר מרובעים Quaker Squares עם סוכר חום,גרמים,412,100 גרם,false,0,19.90,4.83,true,1,38527591060
40000512943,false,סוכריות אם אנד אמס M&M שוקולד חלב,M&M אם אנד אם,,סוכריות אם אנד אמס M&M שוקולד חלב,גרמים,303,100 גרם,false,0,19.90,6.57,true,1,40000512943
40000513568,false,סוכריות אם אנד אמס M&M שוקולד חלב,M&M אם אנד אם,,סוכריות אם אנד אמס M&M שוקולד חלב,גרמים,156,100 גרם,false,0,9.90,6.35,true,1,40000513568
40000514480,false,סוכריות אם אנד אמס M&M שוקולד חלב,M&M אם אנד אם,,סוכריות אם אנד אמס M&M שוקולד חלב,גרמים,48,100 גרם,false,0,4.90,10.21,true,1,40000514480
40000514510,false,סוכריות אם אנד אמס M&M בוטנים,M&M אם אנד אם,,סוכריות אם אנד אמס M&M בוטנים,גרמים,49,100 גרם,false,0,4.90,10.00,true,1,40000514510
42400108153,false,דגני בוקר צבעוניים בטעם פירות טוטי פרוטיס,פוסט Post,,דגני בוקר צבעוניים בטעם פירות טוטי פרוטיס,גרמים,354,100 גרם,false,0,22.90,6.47,true,1,42400108153
46214372250,false,עוגיות שטרודל עם מילוי תפוחי עץ,מרבה Merba,,עוגיות שטרודל עם מילוי תפוחי עץ,גרמים,200,100 גרם,false,0,8.90,4.95,true,1,46214372250
46214382259,false,עוגיות בראוניס,מרבה Merba,,עוגיות בראוניס,גרמים,200,100 גרם,false,0,8.90,4.95,true,1,46214382259
46214731552,false,עוגיות עם שוקולד צ'יפס - חלבי,מרבה Merba,,עוגיות עם שוקולד צ'יפס - חלבי,גרמים,225,100 גרם,false,0,8.90,4.40,true,1,46214731552
48256214758,false,מסיר כתמים קשים לכביסה לבנה וצבעונית,יעקבי- אסטוניש Astonish,,מסיר כתמים קשים לכביסה לבנה וצבעונית,קילוגרמים,1,"ק""ג",false,0,29.90,29.90,true,1,48256214758
50000084500,false,מזון יבש לחתול בטעם נתחי ברביקיו פריסקיז Friskies,פורינה Purina,,מזון יבש לחתול בטעם נתחי ברביקיו פריסקיז Friskies,קילוגרמים,1,"ק""ג",false,0,34.90,24.41,true,1,50000084500
50000225224,false,פריסקיז Friskies הודו ברוטב,פורינה Purina,,פריסקיז Friskies הודו ברוטב,גרמים,156,100 גרם,false,0,4.90,3.14,true,1,50000225224
50000292592,false,פנסי פיסט Fancy feast סלמון וסול ברוטב,פנסי פיסט Fancy feast,,פנסי פיסט Fancy feast סלמון וסול ברוטב,גרמים,85,100 גרם,false,0,4.90,5.76,true,1,50000292592
50000429042,false,פנסי פיסט Fancy feast כבד ועוף,פנסי פיסט Fancy feast,,פנסי פיסט Fancy feast כבד ועוף,גרמים,85,100 גרם,false,0,4.90,5.76,true,1,50000429042
50000434640,false,פנסי פיסט Fancy feast לבבות עוף וכבד,פנסי פיסט Fancy feast,,פנסי פיסט Fancy feast לבבות עוף וכבד,גרמים,85,100 גרם,false,0,4.90,5.76,true,1,50000434640
50000578450,false,עוף ברוטב,פנסי פיסט Fancy feast,,עוף ברוטב,גרמים,85,100 גרם,false,0,4.90,5.76,true,1,50000578450
52100070865,false,תמצית וניל,מקורמיק McCormick,,תמצית וניל,מליליטרים,29,"100 מ""ל",false,0,29.90,103.10,true,1,52100070865
54881000031,false,"תה רוז היפ, היביסקוס ודובדבן",תה אחמד Ahmad tea,,"תה רוז היפ, היביסקוס ודובדבן",גרמים,40,100 גרם,false,0,9.90,24.75,true,1,54881000031
54881000048,false,תה הדרים,תה אחמד Ahmad tea,,תה הדרים,גרמים,40,100 גרם,false,0,9.90,24.75,true,1,54881000048
54881000055,false,תה מיקס פירות יער והיביסקוס,תה אחמד Ahmad tea,,תה מיקס פירות יער והיביסקוס,גרמים,40,100 גרם,false,0,9.90,24.75,true,1,54881000055
54881000062,false,תה קמומיל ולמון גראס,תה אחמד Ahmad tea,,תה קמומיל ולמון גראס,גרמים,40,100 גרם,false,0,9.90,24.75,true,1,54881000062
54881000109,false,תה דומדמניות שחורות,תה אחמד Ahmad tea,,תה דומדמניות שחורות,גרמים,40,100 גרם,false,0,9.90,24.75,true,1,54881000109
54881000208,false,תה לימון וג'ינג'ר,תה אחמד Ahmad tea,,תה לימון וג'ינג'ר,גרמים,40,100 גרם,false,0,9.90,24.75,true,1,54881000208
54881001120,false,מארז 6 סוגי חליטות צמחים ופירות,תה אחמד Ahmad tea,,מארז 6 סוגי חליטות צמחים ופירות,גרמים,105,100 גרם,false,0,29.90,28.48,true,1,54881001120
54881001137,false,מארז 6 סוגי חליטות תה ירוק בטעמים שונים,תה אחמד Ahmad tea,,מארז 6 סוגי חליטות תה ירוק בטעמים שונים,גרמים,115,100 גרם,false,0,29.90,26.00,true,1,54881001137
54881001779,false,קופסת תה 12 טעמים 60 שקיות,תה אחמד Ahmad tea,,קופסת תה 12 טעמים 60 שקיות,גרמים,120,100 גרם,false,0,29.90,24.92,true,1,54881001779
54881003971,false,תה ירוק מיקס טעמים,תה אחמד Ahmad tea,,תה ירוק מיקס טעמים,גרמים,40,100 גרם,false,0,9.90,24.75,true,1,54881003971
54881003988,false,תה שחור מיקס 4 טעמים,תה אחמד Ahmad tea,,תה שחור מיקס 4 טעמים,גרמים,40,100 גרם,false,0,9.90,24.75,true,1,54881003988
54881003995,false,תה שחור 4 סוגי פירות,תה אחמד Ahmad tea,,תה שחור 4 סוגי פירות,גרמים,40,100 גרם,false,0,9.90,24.75,true,1,54881003995
54881005654,false,תה ירוק יסמין,תה אחמד Ahmad tea,,תה ירוק יסמין,גרמים,40,100 גרם,false,0,9.90,24.75,true,1,54881005654
54881006941,false,תה שחור בטעם תפוח,תה אחמד Ahmad tea,,תה שחור בטעם תפוח,גרמים,40,100 גרם,false,0,9.90,24.75,true,1,54881006941
54881006958,false,תה שחור בטעם קינמון,תה אחמד Ahmad tea,,תה שחור בטעם קינמון,גרמים,40,100 גרם,false,0,9.90,24.75,true,1,54881006958
54881006972,false,תה שחור בטעם לימון ליים,תה אחמד Ahmad tea,,תה שחור בטעם לימון ליים,גרמים,40,100 גרם,false,0,9.90,24.75,true,1,54881006972
54881006996,false,תה שחור בטעם אפרסק ופסיפלורה,תה אחמד Ahmad tea,,תה שחור בטעם אפרסק ופסיפלורה,גרמים,40,100 גרם,false,0,9.90,24.75,true,1,54881006996
54881007108,false,תה שחור בטעם דומדמניות שחורות,תה אחמד Ahmad tea,,תה שחור בטעם דומדמניות שחורות,גרמים,40,100 גרם,false,0,9.90,24.75,true,1,54881007108
54881007115,false,תה שחור בטעם וניל,תה אחמד Ahmad tea,,תה שחור בטעם וניל,גרמים,40,100 גרם,false,0,9.90,24.75,true,1,54881007115
54881007511,false,תה ירוק עם נענע,תה אחמד Ahmad tea,,תה ירוק עם נענע,גרמים,40,100 גרם,false,0,9.90,24.75,true,1,54881007511
54881007535,false,תה ירוק עם לימון,תה אחמד Ahmad tea,,תה ירוק עם לימון,גרמים,40,100 גרם,false,0,9.90,24.75,true,1,54881007535
54881008167,false,תה אינגליש ברקפסט,תה אחמד Ahmad tea,,תה אינגליש ברקפסט,גרמים,200,100 גרם,false,0,16.90,8.45,true,1,54881008167
54881008174,false,תה ארל גריי 100 שקיות,תה אחמד Ahmad tea,,תה ארל גריי 100 שקיות,גרמים,200,100 גרם,false,0,16.90,8.45,true,1,54881008174
54881008181,false,תה אנגלי,תה אחמד Ahmad tea,,תה אנגלי,גרמים,200,100 גרם,false,0,16.90,8.45,true,1,54881008181
54881008945,false,תה ירוק,תה אחמד Ahmad tea,,תה ירוק,גרמים,40,100 גרם,false,0,9.90,24.75,true,1,54881008945
54881009522,false,תה שחור בטעם פטל,תה אחמד Ahmad tea,,תה שחור בטעם פטל,גרמים,40,100 גרם,false,0,9.90,24.75,true,1,54881009522
54881012423,false,תה ירוק בטעם פטל ורימונים,תה אחמד Ahmad tea,,תה ירוק בטעם פטל ורימונים,גרמים,40,100 גרם,false,0,9.90,24.75,true,1,54881012423
55500012046,false,ספריי מסיר כתמים ומחטא קלין אפ,כלורוקס Clorox,,ספריי מסיר כתמים ומחטא קלין אפ,מליליטרים,946,"100 מ""ל",false,0,19.90,2.10,true,1,55500012046
58449860037,false,פצפוצי אורז מלא בטעם שוקולד קואלה קריספ,Nature's Path,,פצפוצי אורז מלא בטעם שוקולד קואלה קריספ,גרמים,325,100 גרם,false,0,24.90,7.66,true,1,58449860037
58449860075,false,כדורי למור בטעם חמאת בוטנים ושוקולד ללא גלוטן,Nature's Path,,כדורי למור בטעם חמאת בוטנים ושוקולד ללא גלוטן,גרמים,284,100 גרם,false,0,24.90,8.77,true,1,58449860075
62558003209,false,סירופ מייפל אורגני 100% טהור,ברנרד Bernard,,סירופ מייפל אורגני 100% טהור,מליליטרים,946,"100 מ""ל",false,0,79.90,8.45,true,1,62558003209
62558061001,false,סירופ מייפל 100% טהור,ברנרד Bernard,,סירופ מייפל 100% טהור,מליליטרים,1000,"100 מ""ל",false,0,79.90,7.99,true,1,62558061001
62558202381,false,סירופ מייפל אורגני 100% טהור,ברנרד Bernard,,סירופ מייפל אורגני 100% טהור,מליליטרים,236,"100 מ""ל",false,0,29.90,12.67,true,1,62558202381
62558212519,false,סירופ מייפל 100% טהור,ברנרד Bernard,,סירופ מייפל 100% טהור,מליליטרים,251,"100 מ""ל",false,0,29.90,11.91,true,1,62558212519
64144090013,false,תרסיס שמן בטעם חמאה,פאם PAM,,תרסיס שמן בטעם חמאה,מליליטרים,148,"100 מ""ל",false,0,19.90,13.45,true,1,64144090013
64144090020,false,תרסיס שמן זית,פאם PAM,,תרסיס שמן זית,מליליטרים,148,"100 מ""ל",false,0,19.90,13.45,true,1,64144090020
64144090051,false,תרסיס שמן קנולה,פאם PAM,,תרסיס שמן קנולה,מליליטרים,148,"100 מ""ל",false,0,19.90,13.45,true,1,64144090051
70080000016,false,חרדל אמריקאי פלוכמן Plochman's,,,חרדל אמריקאי פלוכמן Plochman's,גרמים,297,100 גרם,false,0,7.90,2.66,true,1,70080000016
70177077563,false,תה ארל גריי,טווינינגס Twinings,,תה ארל גריי,גרמים,50,100 גרם,false,0,17.90,35.80,true,1,70177077563
70177077693,false,תה אינגליש ברקפסט,טווינינגס Twinings,,תה אינגליש ברקפסט,גרמים,50,100 גרם,false,0,17.90,35.80,true,1,70177077693
70177078744,false,תה אינגליש ברקפסט נטול קפאין,טווינינגס Twinings,,תה אינגליש ברקפסט נטול קפאין,גרמים,50,100 גרם,false,0,19.90,39.80,true,1,70177078744
70177078775,false,תה ליידי גריי,טווינינגס Twinings,,תה ליידי גריי,גרמים,50,100 גרם,false,0,17.90,35.80,true,1,70177078775
70177086664,false,תה ירוק,טווינינגס Twinings,,תה ירוק,גרמים,50,100 גרם,false,0,19.90,39.80,true,1,70177086664
70177173166,false,תה ירוק יסמין,טווינינגס Twinings,,תה ירוק יסמין,גרמים,45,100 גרם,false,0,19.90,44.22,true,1,70177173166
70177173203,false,תה ירוק ונענע,טווינינגס Twinings,,תה ירוק ונענע,גרמים,38,100 גרם,false,0,19.90,53.07,true,1,70177173203
70177176914,false,תה ארל גריי נטול קפאין,טווינינגס Twinings,,תה ארל גריי נטול קפאין,גרמים,50,100 גרם,false,0,19.90,39.80,true,1,70177176914
70177177737,false,חליטת פיור קמומיל,טווינינגס Twinings,,חליטת פיור קמומיל,גרמים,20,100 גרם,false,0,16.90,84.50,true,1,70177177737
70221011116,false,שוקולד חלב טובלרון,טובלרון Toblerone,,שוקולד חלב טובלרון,גרמים,100,100 גרם,false,0,9.90,9.90,true,1,70221011116
73490130359,false,קרם קרקר,הדר,,קרם קרקר,גרמים,250,100 גרם,false,0,5.90,2.36,true,1,73490130359
73490130953,false,פתי בר ביסקוויט בטעם שוקו,הדר,,פתי בר ביסקוויט בטעם שוקו,גרמים,500,100 גרם,false,0,6.90,1.38,true,1,73490130953
77245110610,false,סוכריות מאסט Must ללא סוכר בטעם מנטה,עלית,,סוכריות מאסט Must ללא סוכר בטעם מנטה,גרמים,80,100 גרם,false,0,7.90,9.88,true,1,77245110610
77343001100,false,נר נשמה 26 שעות בפח,מנורה,,נר נשמה 26 שעות בפח,,0,,false,0,2.00,0.00,true,1,77343001100
77975010167,false,מקלוני חיטה בתוספת דבש,סניידרס Snyder's,,מקלוני חיטה בתוספת דבש,גרמים,340,100 גרם,false,0,16.90,4.97,true,1,77975010167
77975022757,false,בייגלה קשה מבצק שאור בסגנון אמריקאי,סניידרס Snyder's,,בייגלה קשה מבצק שאור בסגנון אמריקאי,גרמים,382,100 גרם,false,0,16.90,4.42,true,1,77975022757
77975036976,false,מטבל סלסה סניידרס עדין,סניידרס Snyder's,,מטבל סלסה סניידרס עדין,גרמים,439,100 גרם,false,0,13.90,3.17,true,1,77975036976
77975093085,false,בייגלה מצופה שוקולד חלב,סניידרס Snyder's,,בייגלה מצופה שוקולד חלב,גרמים,141,100 גרם,false,0,16.90,11.99,true,1,77975093085
77975093108,false,בייגלה מצופה שוקולד לבן,סניידרס Snyder's,,בייגלה מצופה שוקולד לבן,גרמים,141,100 גרם,false,0,16.90,11.99,true,1,77975093108
77975094624,false,סניידרס שברי בייגלה במילוי חמאת בוטנים,סניידרס Snyder's,,סניידרס שברי בייגלה במילוי חמאת בוטנים,גרמים,284,100 גרם,false,0,16.90,5.96,true,1,77975094624
77975094631,false,סנדביץ בייגלה קרם צ'דר,סניידרס Snyder's,,סנדביץ בייגלה קרם צ'דר,גרמים,227,100 גרם,false,0,16.90,7.45,true,1,77975094631
77975094761,false,שברי בייגלה ממחמצת שאור בטעם צ'דר,סניידרס Snyder's,,שברי בייגלה ממחמצת שאור בטעם צ'דר,גרמים,340,100 גרם,false,0,16.90,4.97,true,1,77975094761
77975094778,false,סניידרס דבש חרדל ובצל,סניידרס Snyder's,,סניידרס דבש חרדל ובצל,גרמים,340,100 גרם,false,0,16.90,4.97,true,1,77975094778
77975095133,false,בייגלה סניידרס בטעם פיקנטי Hot Buffalo Wing,סניידרס Snyder's,,בייגלה סניידרס בטעם פיקנטי Hot Buffalo Wing,גרמים,319,100 גרם,false,0,16.90,5.30,true,1,77975095133
77975095157,false,בייגלה סניידרס בטעם חלפיניו,סניידרס Snyder's,,בייגלה סניידרס בטעם חלפיניו,גרמים,318,100 גרם,false,0,16.90,5.31,true,1,77975095157
78522000150,false,שמפו חוחובה לשיער חזק ובריא,ג'ייסון Jason,,שמפו חוחובה לשיער חזק ובריא,מליליטרים,473,"100 מ""ל",false,0,49.90,10.55,true,1,78522000150
78522000198,false,מרכך שיער חוחובה,ג'ייסון Jason,,מרכך שיער חוחובה,מליליטרים,454,"100 מ""ל",false,0,49.90,10.99,true,1,78522000198
78522015000,false,משחת שיניים מנטה,ג'ייסון Jason,,משחת שיניים מנטה,גרמים,119,100 גרם,false,0,39.90,33.53,true,1,78522015000
78522015109,false,משחת שיניים ניחוח ים מרענן,ג'ייסון Jason,,משחת שיניים ניחוח ים מרענן,גרמים,119,100 גרם,false,0,39.90,33.53,true,1,78522015109
78522015154,false,משחת שיניים עץ התה,ג'ייסון Jason,,משחת שיניים עץ התה,גרמים,119,100 גרם,false,0,39.90,33.53,true,1,78522015154
78522021094,false,ג'ל רחצה קמומיל,ג'ייסון Jason,,ג'ל רחצה קמומיל,מליליטרים,887,"100 מ""ל",false,0,94.90,10.70,true,1,78522021094
78522021117,false,ג'ל רחצה צמחים,ג'ייסון Jason,,ג'ל רחצה צמחים,מליליטרים,887,"100 מ""ל",false,0,94.90,10.70,true,1,78522021117
78522021230,false,ג'ל רחצה מי ורדים,ג'ייסון Jason,,ג'ל רחצה מי ורדים,מליליטרים,887,"100 מ""ל",false,0,94.90,10.70,true,1,78522021230
78522021254,false,שמן קוקוס אורגני,ג'ייסון Jason,,שמן קוקוס אורגני,מליליטרים,443,"100 מ""ל",false,0,99.00,22.35,true,1,78522021254
78522030119,false,שמן עץ התה,ג'ייסון Jason,,שמן עץ התה,מליליטרים,30,"100 מ""ל",false,0,89.90,299.67,true,1,78522030119
78522030270,false,ג'ל רחצה עץ התה,ג'ייסון Jason,,ג'ל רחצה עץ התה,מליליטרים,887,"100 מ""ל",false,0,94.90,10.70,true,1,78522030270
78522040118,false,"שמן ויטמין E בריכוז 32,000 IU",ג'ייסון Jason,,"שמן ויטמין E בריכוז 32,000 IU",מליליטרים,30,"100 מ""ל",false,0,79.90,266.33,true,1,78522040118
78522040163,false,ג'ל אלוורה,ג'ייסון Jason,,ג'ל אלוורה,גרמים,113,100 גרם,false,0,54.90,48.58,true,1,78522040163
78522050018,false,"שמן ויטמין E לגוף ולפנים 5,000 IU",ג'ייסון Jason,,"שמן ויטמין E לגוף ולפנים 5,000 IU",מליליטרים,118,"100 מ""ל",false,0,59.90,50.76,true,1,78522050018
78522050094,false,מרכך שיער אצות ים,ג'ייסון Jason,,מרכך שיער אצות ים,מליליטרים,454,"100 מ""ל",false,0,59.90,13.19,true,1,78522050094
78522060307,false,תרחיץ פילינג משמש,ג'ייסון Jason,,תרחיץ פילינג משמש,גרמים,113,100 גרם,false,0,49.90,44.16,true,1,78522060307
78522070054,false,שמפו ביוטין,ג'ייסון Jason,,שמפו ביוטין,מליליטרים,473,"100 מ""ל",false,0,59.90,12.66,true,1,78522070054
78522070092,false,מרכך שיער ביוטין,ג'ייסון Jason,,מרכך שיער ביוטין,מליליטרים,473,"100 מ""ל",false,0,59.90,12.66,true,1,78522070092
78522090250,false,דאודורנט סטיק אלוורה,ג'ייסון Jason,,דאודורנט סטיק אלוורה,גרמים,71,100 גרם,false,0,54.90,77.32,true,1,78522090250
78522090458,false,דאודורנט סטיק עץ התה,ג'ייסון Jason,,דאודורנט סטיק עץ התה,גרמים,74,100 גרם,false,0,44.90,60.68,true,1,78522090458
78895153453,false,רוטב סויה בהיר LEE KUM KEE,לי קום קיי Lee kum kee,,רוטב סויה בהיר LEE KUM KEE,מליליטרים,250,"100 מ""ל",false,0,9.90,4.36,true,1,78895153453
78895153460,false,רוטב סויה כהה LEE KUM KEE,לי קום קיי Lee kum kee,,רוטב סויה כהה LEE KUM KEE,מליליטרים,250,"100 מ""ל",false,0,9.90,4.36,true,1,78895153460
78895159899,false,רוטב סויה מובחר LEE KUM KEE,לי קום קיי Lee kum kee,,רוטב סויה מובחר LEE KUM KEE,מליליטרים,500,"100 מ""ל",false,0,19.90,4.58,true,1,78895159899
78895710922,false,שמן שומשום לא מזוכך LEE KUM KEE,לי קום קיי Lee kum kee,,שמן שומשום לא מזוכך LEE KUM KEE,מליליטרים,207,"100 מ""ל",false,0,24.90,12.03,true,1,78895710922
78895800357,false,רוטב לתיבול עוף LEE KUM KEE,לי קום קיי Lee kum kee,,רוטב לתיבול עוף LEE KUM KEE,מליליטרים,207,"100 מ""ל",false,0,14.90,7.20,true,1,78895800357
82184088654,false,וויסקי סינגל בארל Single Barrel,ג'ק דניאלס Jack Daniel's,,וויסקי סינגל בארל Single Barrel,מליליטרים,700,"100 מ""ל",false,0,259.90,37.13,true,1,82184088654
84213017420,false,מוזלי אורגני עם אגוזים וצימוקים,מסטמכר Mestemacher,,מוזלי אורגני עם אגוזים וצימוקים,גרמים,500,100 גרם,false,0,18.90,3.78,true,1,84213017420
84213017475,false,מוזלי אורגני עם פירות,מסטמכר Mestemacher,,מוזלי אורגני עם פירות,גרמים,500,100 גרם,false,0,18.90,3.78,true,1,84213017475
84213017499,false,מוזלי אורגני עם פירות יער,מסטמכר Mestemacher,,מוזלי אורגני עם פירות יער,גרמים,500,100 גרם,false,0,18.90,3.78,true,1,84213017499
87752005644,false,יין מוסקטו לבן מתוק,ברטנורא Bartenura,,יין מוסקטו לבן מתוק,מליליטרים,750,"100 מ""ל",false,0,49.90,6.65,true,1,87752005644
87752014271,false,יין אדום יבש רוסו טוסקנו,ברטנורא Bartenura,,יין אדום יבש רוסו טוסקנו,מליליטרים,750,"100 מ""ל",false,0,34.90,4.65,true,1,87752014271
88300162505,false,"אופוריה Euphoria א.ד.פ לאישה 100 מ""ל",קלווין קליין Calvin Klein,,"אופוריה Euphoria א.ד.פ לאישה 100 מ""ל",מליליטרים,100,"100 מ""ל",false,0,199.90,199.90,true,1,88300162505
88300178278,false,אופוריה Euphoria א.ד.ט לגבר,קלווין קליין Calvin Klein,,אופוריה Euphoria א.ד.ט לגבר,מליליטרים,100,"100 מ""ל",false,0,149.90,149.90,true,1,88300178278
192995208209,false,בובת אנה Frozen פרוזן,גטר,,בובת אנה Frozen פרוזן,,0,,false,0,189.90,0.00,true,1,192995208209
300054177193,false,צנטרום סילבר מולטיויטמין,צנטרום Centrum,,צנטרום סילבר מולטיויטמין,יחידות,60,יחידה,false,0,109.90,1.83,true,1,300054177193
300651439205,false,SYSTANE ULTRA - סיסטיין אולטרה טיפות עיניים,אלקון Alcon,,SYSTANE ULTRA - סיסטיין אולטרה טיפות עיניים,מליליטרים,10,"100 מ""ל",false,0,89.90,899.00,true,1,300651439205
305210256712,false,וזלין מיני לשפתיים אורגינל,וזלין Vaseline,,וזלין מיני לשפתיים אורגינל,גרמים,7,100 גרם,false,0,9.90,141.43,true,1,305210256712
305210317079,false,וזלין מיני לשפתיים חמאת קקאו,וזלין Vaseline,,וזלין מיני לשפתיים חמאת קקאו,גרמים,7,100 גרם,false,0,9.90,141.43,true,1,305210317079
305210416383,false,קרם גוף לגבר נספג במהירות,וזלין Vaseline,,קרם גוף לגבר נספג במהירות,מליליטרים,600,"100 מ""ל",false,0,24.90,4.15,true,1,305210416383
305210464728,false,וזלין מיני לשפתיים בטעם קרם ברולה,וזלין Vaseline,,וזלין מיני לשפתיים בטעם קרם ברולה,גרמים,7,100 גרם,false,0,9.90,141.43,true,1,305210464728
305213079004,false,תחליב גוף להזנה עמוקה,וזלין Vaseline,,תחליב גוף להזנה עמוקה,מליליטרים,600,"100 מ""ל",false,0,24.90,4.15,true,1,305213079004
350007641028,false,משחת שיניים ומי פה 2 ב-1,קולגייט Colgate,,משחת שיניים ומי פה 2 ב-1,גרמים,130,100 גרם,false,0,22.90,17.62,true,1,350007641028
350007641646,false,משחת שיניים ומי פה 2 ב-1,קולגייט Colgate,,משחת שיניים ומי פה 2 ב-1,גרמים,130,100 גרם,false,0,22.90,17.62,true,1,350007641646
608940543313,false,"Reb'l Fleur א.ד.פ לאישה 100 מ""ל",ריהנה Rihanna,,"Reb'l Fleur א.ד.פ לאישה 100 מ""ל",מליליטרים,100,"100 מ""ל",false,0,109.90,109.90,true,1,608940543313
613008742348,false,תה ירוק עם דבש,אריזונה Arizona,,תה ירוק עם דבש,ליטרים,1,ליטר,false,0,11.90,11.90,true,1,613008742348
613008742409,false,תה קר בטעם אפרסק,אריזונה Arizona,,תה קר בטעם אפרסק,ליטרים,1,ליטר,false,0,11.90,11.90,true,1,613008742409
613008753290,false,תה קר בטעם אפרסק,אריזונה Arizona,,תה קר בטעם אפרסק,מליליטרים,450,"100 מ""ל",false,0,7.50,1.67,true,1,613008753290
613008753320,false,תה ירוק עם דבש,אריזונה Arizona,,תה ירוק עם דבש,מליליטרים,450,"100 מ""ל",false,0,7.50,1.67,true,1,613008753320
613008753351,false,תה ירוק בטעם רימונים,אריזונה Arizona,,תה ירוק בטעם רימונים,מליליטרים,450,"100 מ""ל",false,0,7.50,1.67,true,1,613008753351
613008753382,false,תה קר בטעם אוכמניות,אריזונה Arizona,,תה קר בטעם אוכמניות,מליליטרים,450,"100 מ""ל",false,0,7.50,1.67,true,1,613008753382
613008755461,false,תה קר בטעם אוכמניות,אריזונה Arizona,,תה קר בטעם אוכמניות,ליטרים,1,ליטר,false,0,11.90,11.90,true,1,613008755461
630175475879,false,עדשות יומיות מספר 1.00- DAILIES AquaComfort plus,אלקון Alcon,,עדשות יומיות מספר 1.00- DAILIES AquaComfort plus,יחידות,30,יחידה,false,0,120.00,4.00,true,1,630175475879
630175475886,false,עדשות יומיות מספר 1.25- DAILIES AquaComfort plus,אלקון Alcon,,עדשות יומיות מספר 1.25- DAILIES AquaComfort plus,יחידות,30,יחידה,false,0,120.00,4.00,true,1,630175475886
630175475893,false,עדשות יומיות מספר 1.50- DAILIES AquaComfort plus,אלקון Alcon,,עדשות יומיות מספר 1.50- DAILIES AquaComfort plus,יחידות,30,יחידה,false,0,120.00,4.00,true,1,630175475893
630175475909,false,עדשות יומיות מספר 1.75- DAILIES AquaComfort plus,אלקון Alcon,,עדשות יומיות מספר 1.75- DAILIES AquaComfort plus,יחידות,30,יחידה,false,0,120.00,4.00,true,1,630175475909
630175475916,false,עדשות יומיות מספר 2.00- DAILIES AquaComfort plus,אלקון Alcon,,עדשות יומיות מספר 2.00- DAILIES AquaComfort plus,יחידות,30,יחידה,false,0,120.00,4.00,true,1,630175475916
630175475923,false,עדשות יומיות מספר 2.25- DAILIES AquaComfort plus,אלקון Alcon,,עדשות יומיות מספר 2.25- DAILIES AquaComfort plus,יחידות,30,יחידה,false,0,120.00,4.00,true,1,630175475923
630175475930,false,עדשות יומיות מספר 2.50- DAILIES AquaComfort plus,אלקון Alcon,,עדשות יומיות מספר 2.50- DAILIES AquaComfort plus,יחידות,30,יחידה,false,0,120.00,4.00,true,1,630175475930
630175475947,false,עדשות יומיות מספר 2.75- DAILIES AquaComfort plus,אלקון Alcon,,עדשות יומיות מספר 2.75- DAILIES AquaComfort plus,יחידות,30,יחידה,false,0,120.00,4.00,true,1,630175475947
630175475954,false,עדשות יומיות מספר 3.00- DAILIES AquaComfort plus,אלקון Alcon,,עדשות יומיות מספר 3.00- DAILIES AquaComfort plus,יחידות,30,יחידה,false,0,120.00,4.00,true,1,630175475954
630175475961,false,עדשות יומיות מספר 3.25- DAILIES AquaComfort plus,אלקון Alcon,,עדשות יומיות מספר 3.25- DAILIES AquaComfort plus,יחידות,30,יחידה,false,0,120.00,4.00,true,1,630175475961
630175475978,false,עדשות יומיות מספר 3.50- DAILIES AquaComfort plus,אלקון Alcon,,עדשות יומיות מספר 3.50- DAILIES AquaComfort plus,יחידות,30,יחידה,false,0,120.00,4.00,true,1,630175475978
630175475985,false,עדשות יומיות מספר 3.75- DAILIES AquaComfort plus,אלקון Alcon,,עדשות יומיות מספר 3.75- DAILIES AquaComfort plus,יחידות,30,יחידה,false,0,120.00,4.00,true,1,630175475985
630175475992,false,עדשות יומיות מספר 4.00- DAILIES AquaComfort plus,אלקון Alcon,,עדשות יומיות מספר 4.00- DAILIES AquaComfort plus,יחידות,30,יחידה,false,0,120.00,4.00,true,1,630175475992
630175476005,false,עדשות יומיות מספר 4.25- DAILIES AquaComfort plus,אלקון Alcon,,עדשות יומיות מספר 4.25- DAILIES AquaComfort plus,יחידות,30,יחידה,false,0,120.00,4.00,true,1,630175476005
630175476012,false,עדשות יומיות מספר 4.50- DAILIES AquaComfort plus,אלקון Alcon,,עדשות יומיות מספר 4.50- DAILIES AquaComfort plus,יחידות,30,יחידה,false,0,120.00,4.00,true,1,630175476012
630175476029,false,עדשות יומיות מספר 4.75- DAILIES AquaComfort plus,אלקון Alcon,,עדשות יומיות מספר 4.75- DAILIES AquaComfort plus,יחידות,30,יחידה,false,0,120.00,4.00,true,1,630175476029
630175476043,false,עדשות יומיות מספר 5.25- DAILIES AquaComfort plus,אלקון Alcon,,עדשות יומיות מספר 5.25- DAILIES AquaComfort plus,יחידות,30,יחידה,false,0,120.00,4.00,true,1,630175476043
630175476067,false,עדשות יומיות מספר 5.75- DAILIES AquaComfort plus,אלקון Alcon,,עדשות יומיות מספר 5.75- DAILIES AquaComfort plus,יחידות,30,יחידה,false,0,120.00,4.00,true,1,630175476067
633824139122,false,וודקה בטעם קרמל הולנדי,וינסנט ואן גוך Van Gogh,,וודקה בטעם קרמל הולנדי,מליליטרים,750,"100 מ""ל",false,0,139.90,18.65,true,1,633824139122
633824208040,false,וודקה בטעם אספרסו כפול,וינסנט ואן גוך Van Gogh,,וודקה בטעם אספרסו כפול,מליליטרים,750,"100 מ""ל",false,0,139.90,18.65,true,1,633824208040
633824913432,false,וודקה בטעם אסאי-אוכמניות,וינסנט ואן גוך Van Gogh,,וודקה בטעם אסאי-אוכמניות,מליליטרים,750,"100 מ""ל",false,0,139.90,18.65,true,1,633824913432
638102201010,false,חטיף על בסיס חלבון סויה שוקולד וחמאת בוטנים,זון פרפקט Zone Perfect,,חטיף על בסיס חלבון סויה שוקולד וחמאת בוטנים,גרמים,50,100 גרם,false,0,12.90,25.80,true,1,638102201010
638102203090,false,חטיף על בסיס חלבון סויה פאדג' גרהם,זון פרפקט Zone Perfect,,חטיף על בסיס חלבון סויה פאדג' גרהם,גרמים,50,100 גרם,false,0,12.90,25.80,true,1,638102203090
638102532817,false,חטיף על בסיס חלבון סויה עם שוקולד מריר,זון פרפקט Zone Perfect,,חטיף על בסיס חלבון סויה עם שוקולד מריר,גרמים,45,100 גרם,false,0,12.90,28.67,true,1,638102532817
639138513238,false,פילה הרינג מעושן בשמן צמחי,Rugen Fisch,,פילה הרינג מעושן בשמן צמחי,גרמים,190,100 גרם,false,0,10.90,5.74,true,1,639138513238
639138527617,false,פילה הרינג ברוטב עגבניות,Rugen Fisch,,פילה הרינג ברוטב עגבניות,גרמים,200,100 גרם,false,0,10.90,5.45,true,1,639138527617
639138717902,false,פילה מקרל מעושן בשמן צמחי,Rugen Fisch,,פילה מקרל מעושן בשמן צמחי,גרמים,190,100 גרם,false,0,12.90,6.79,true,1,639138717902
654749350010,false,סרום פנים סדרת ויטמין C,אבלון אורגניקס Avalon Organics,,סרום פנים סדרת ויטמין C,גרמים,30,100 גרם,false,0,179.00,596.67,true,1,654749350010
654749350041,false,קרם לחות במרקם ג'ל אורגני ויטמין C,אבלון אורגניקס Avalon Organics,,קרם לחות במרקם ג'ל אורגני ויטמין C,גרמים,48,100 גרם,false,0,149.90,312.29,true,1,654749350041
654749350058,false,ג'ל ניקוי לפנים סדרת ויטמין C,אבלון אורגניקס Avalon Organics,,ג'ל ניקוי לפנים סדרת ויטמין C,מליליטרים,177,"100 מ""ל",false,0,69.90,39.49,true,1,654749350058
654749352007,false,קרם ידיים וגוף לבנדר,אבלון אורגניקס Avalon Organics,,קרם ידיים וגוף לבנדר,מליליטרים,355,"100 מ""ל",false,0,79.90,22.51,true,1,654749352007
654749361023,false,שמפו ביוטין -קומפלקס ויטמיני B,אבלון אורגניקס Avalon Organics,,שמפו ביוטין -קומפלקס ויטמיני B,מליליטרים,414,"100 מ""ל",false,0,54.90,13.26,true,1,654749361023
654749361061,false,שמפו קשקשים,אבלון אורגניקס Avalon Organics,,שמפו קשקשים,מליליטרים,414,"100 מ""ל",false,0,59.90,14.47,true,1,654749361061
654749453957,false,שמן נוגד חמצון מועשר בויטמין C,אבלון אורגניקס Avalon Organics,,שמן נוגד חמצון מועשר בויטמין C,מליליטרים,30,"100 מ""ל",false,0,199.00,663.33,true,1,654749453957
661176013586,false,נטורטינט שמפו מטפח לשיער צבוע,נטורטינט Naturtint,,נטורטינט שמפו מטפח לשיער צבוע,מליליטרים,400,"100 מ""ל",false,0,39.90,9.98,true,1,661176013586
686412282984,false,נתחי טונה לבנה בשמן זית,אורטיז ORTIZ,,נתחי טונה לבנה בשמן זית,גרמים,220,100 גרם,false,0,42.90,19.50,true,1,686412282984
693493008181,false,סקינצ'יק - תמצית אמנון ותמר,"ד""ר קיי DR. K",,סקינצ'יק - תמצית אמנון ותמר,מליליטרים,30,"100 מ""ל",false,0,65.00,216.67,true,1,693493008181
693493008204,false,"סליפצ'ק - תמצית פסיפלורה, ולריאן וקמומיל","ד""ר קיי DR. K",,"סליפצ'ק - תמצית פסיפלורה, ולריאן וקמומיל",מליליטרים,30,"100 מ""ל",false,0,65.00,216.67,true,1,693493008204
719346065405,false,"fantasy פנטזי א.ד.פ לאשה 100 מ""ל",בריטני ספירס BRITNEY SPEARS,,"fantasy פנטזי א.ד.פ לאשה 100 מ""ל",מליליטרים,100,"100 מ""ל",false,0,109.90,109.90,true,1,719346065405
724742009274,false,תרחיץ פנים מסדרת הוואין וולקניק דיטוקס,אלבה בוטניקה alba botanica,,תרחיץ פנים מסדרת הוואין וולקניק דיטוקס,גרמים,177,100 גרם,false,0,99.90,56.44,true,1,724742009274
724742009281,false,פילינג לפנים ולצוואר הוואין וולקניק דיטוקס,אלבה בוטניקה alba botanica,,פילינג לפנים ולצוואר הוואין וולקניק דיטוקס,גרמים,177,100 גרם,false,0,79.90,45.14,true,1,724742009281
724742009519,false,מסכת בוץ מתחממת מסדרת הוואין וולקניק,אלבה בוטניקה alba botanica,,מסכת בוץ מתחממת מסדרת הוואין וולקניק,גרמים,113,100 גרם,false,0,129.90,114.96,true,1,724742009519
728229123590,false,חטיף על בסיס ירקות שורש בטעם טבעי,טרה Terra,,חטיף על בסיס ירקות שורש בטעם טבעי,גרמים,110,100 גרם,false,0,14.90,13.55,true,1,728229123590
728229123613,false,"חטיף על בסיס תפו""א כחול בטעם טבעי",טרה Terra,,"חטיף על בסיס תפו""א כחול בטעם טבעי",גרמים,110,100 גרם,false,0,14.90,13.55,true,1,728229123613
728229123811,false,חטיף על בסיס ירקות שורש בתיבול ים תיכוני,טרה Terra,,חטיף על בסיס ירקות שורש בתיבול ים תיכוני,גרמים,110,100 גרם,false,0,14.90,13.55,true,1,728229123811
728229130444,false,"חטיף על בסיס ירקות שורש עם בטטה, תפו""א כחול וסלק",טרה Terra,,"חטיף על בסיס ירקות שורש עם בטטה, תפו""א כחול וסלק",גרמים,110,100 גרם,false,0,14.90,13.55,true,1,728229130444
729000066196,false,ביסלי בטעם גריל,אסם,,ביסלי בטעם גריל,גרמים,200,100 גרם,false,0,7.90,3.95,true,1,729000066196
761236900532,false,גלייד - חומר סיכה על בסיס מים,ID,,גלייד - חומר סיכה על בסיס מים,מליליטרים,65,"100 מ""ל",false,0,49.90,76.77,true,1,761236900532
761236900549,false,"גלייד - חומר סיכה על בסיס מים (130 מ""ל)",ID,,"גלייד - חומר סיכה על בסיס מים (130 מ""ל)",מליליטרים,130,"100 מ""ל",false,0,69.90,53.77,true,1,761236900549
761236900617,false,מילניום - חומר סיכה על בסיס סיליקון,ID,,מילניום - חומר סיכה על בסיס סיליקון,מליליטרים,65,"100 מ""ל",false,0,79.90,122.92,true,1,761236900617
769904000997,false,שקדי מרק ללא גלוטן,דגש- דוכן גן שמואל,,שקדי מרק ללא גלוטן,גרמים,200,100 גרם,false,0,14.90,7.45,true,1,769904000997
786150000274,false,בירה חזקה לף בראון,לף Leffe,,בירה חזקה לף בראון,מליליטרים,330,"100 מ""ל",false,0,6.90,3.91,true,1,786150000274
786150000281,false,שישיית בירה חזקה לף בראון,לף Leffe,,שישיית בירה חזקה לף בראון,ליטרים,2,ליטר,false,6,39.90,25.20,true,1,786150000281
811250030699,false,פלפל שחור טחון,נפטון Neptune,,פלפל שחור טחון,גרמים,50,100 גרם,false,0,4.90,9.80,true,1,811250030699
835811000396,false,נייר אפיה לתבנית מוארכת - מארז 30 ניירות,הנמל,,נייר אפיה לתבנית מוארכת - מארז 30 ניירות,יחידות,30,יחידה,false,0,9.90,0.33,true,1,835811000396
835811001232,false,"נייר אפיה לתבנית עגולה 26 ס""מ - מארז 10 ניירות",הנמל,,"נייר אפיה לתבנית עגולה 26 ס""מ - מארז 10 ניירות",יחידות,10,יחידה,false,0,10.90,1.09,true,1,835811001232
835811001652,false,"כוסות לשתיה קרה 330 סמ""ק",הנמל,,"כוסות לשתיה קרה 330 סמ""ק",יחידות,40,יחידה,false,0,8.90,0.22,true,1,835811001652
835811001676,false,"תבנית אלומיניום גדולה 32*26 ס""מ - 9 יח'",הנמל,,"תבנית אלומיניום גדולה 32*26 ס""מ - 9 יח'",יחידות,9,יחידה,false,0,11.90,1.32,true,1,835811001676
835811001744,false,תבניות אלומיניום עבות במיוחד 46*34 רוסטר גדול,הנמל,,תבניות אלומיניום עבות במיוחד 46*34 רוסטר גדול,יחידות,2,יחידה,false,0,11.90,5.95,true,1,835811001744
835811001843,false,"מגש אינגליש קייק שקוף ונציה 37*17 ס""מ",הנמל,,"מגש אינגליש קייק שקוף ונציה 37*17 ס""מ",יחידות,1,יחידה,false,0,6.90,6.90,true,1,835811001843
835811001959,false,תבניות אלומיניום עבות במיוחד 41*30 רוסטר בינוני,הנמל,,תבניות אלומיניום עבות במיוחד 41*30 רוסטר בינוני,יחידות,3,יחידה,false,0,11.90,3.97,true,1,835811001959
835811001966,false,"תבניות אלומיניום רוסטר 37*27 ס""מ",הנמל,,"תבניות אלומיניום רוסטר 37*27 ס""מ",יחידות,4,יחידה,false,0,11.90,2.98,true,1,835811001966
835811001997,false,"תבניות אלומיניום לחלה 16*32 ס""מ",הנמל,,"תבניות אלומיניום לחלה 16*32 ס""מ",יחידות,4,יחידה,false,0,11.90,2.98,true,1,835811001997
835811004943,false,קעריות קסרול שקופות,הנמל,,קעריות קסרול שקופות,יחידות,10,יחידה,false,0,14.90,1.49,true,1,835811004943
835811005049,false,נייר אפייה משובח וידידותי לסביבה מהדרין 38X42,הנמל,,נייר אפייה משובח וידידותי לסביבה מהדרין 38X42,יחידות,14,יחידה,false,0,14.90,1.06,true,1,835811005049
835811005117,false,קערה שקופה קטנה,הנמל,,קערה שקופה קטנה,יחידות,1,יחידה,false,0,4.90,4.90,true,1,835811005117
835811005148,false,מגש עגול שקוף 16 אינץ',הנמל,,מגש עגול שקוף 16 אינץ',,0,,false,0,12.90,0.00,true,1,835811005148
835811005193,false,מגש עגול שקוף 14 אינץ',הנמל,,מגש עגול שקוף 14 אינץ',,0,,false,0,11.90,0.00,true,1,835811005193
835811005230,false,"קערה עמוקה שקופה מרובעת 946 סמ""ק",הנמל,,"קערה עמוקה שקופה מרובעת 946 סמ""ק",,0,,false,0,4.90,0.00,true,1,835811005230
835811005247,false,קערות מהודרות משובחות ואיכותיות,הנמל,,קערות מהודרות משובחות ואיכותיות,יחידות,4,יחידה,false,0,8.90,2.23,true,1,835811005247
835811005421,false,שיפודי במבוק עבים,הנמל,,שיפודי במבוק עבים,יחידות,75,יחידה,false,0,3.90,0.05,true,1,835811005421
835811005704,false,נייר עטיפה לכריכים,הנמל,,נייר עטיפה לכריכים,יחידות,100,יחידה,false,0,7.90,0.08,true,1,835811005704
835811005728,false,עלים לקרמשניט,הנמל,,עלים לקרמשניט,גרמים,400,100 גרם,false,0,14.90,3.73,true,1,835811005728
835811005810,false,תבניות אלומיניום קטנות+ מכסים,הנמל,,תבניות אלומיניום קטנות+ מכסים,יחידות,10,יחידה,false,0,11.90,1.19,true,1,835811005810
835811005964,false,תבנית אלומיניום מוארכת,הנמל,,תבנית אלומיניום מוארכת,יחידות,20,יחידה,false,0,11.90,0.60,true,1,835811005964
835811006046,false,ליפתניות,הנמל,,ליפתניות,יחידות,100,יחידה,false,0,25.90,0.26,true,1,835811006046
835811006060,false,"כוסות אספרסו קטנות 75 מ""ל",הנמל,,"כוסות אספרסו קטנות 75 מ""ל",יחידות,50,יחידה,false,0,6.90,0.14,true,1,835811006060
835811006213,false,קעריות מקנה סוכר טבעי,הנמל,,קעריות מקנה סוכר טבעי,יחידות,25,יחידה,false,0,15.90,0.64,true,1,835811006213
835811006220,false,צלחות ענקיות מקנה סוכר טבעי,הנמל,,צלחות ענקיות מקנה סוכר טבעי,יחידות,25,יחידה,false,0,17.90,0.72,true,1,835811006220
835811006237,false,צלחות קטנות מקנה סוכר טבעי,הנמל,,צלחות קטנות מקנה סוכר טבעי,יחידות,25,יחידה,false,0,9.90,0.40,true,1,835811006237
835811006244,false,צלחות גדולות מקנה סוכר טבעי,הנמל,,צלחות גדולות מקנה סוכר טבעי,יחידות,25,יחידה,false,0,15.90,0.64,true,1,835811006244
835811006534,false,"כוסות קרטון לשתיה חמה 475 מ""ל",הנמל,,"כוסות קרטון לשתיה חמה 475 מ""ל",יחידות,50,יחידה,false,0,25.90,0.52,true,1,835811006534
835811006695,false,קוקוטים לאפיה 5.5 OZ,הנמל,,קוקוטים לאפיה 5.5 OZ,יחידות,20,יחידה,false,0,7.90,0.40,true,1,835811006695
835811006701,false,קוקוטים לאפיה 3 OZ,הנמל,,קוקוטים לאפיה 3 OZ,יחידות,24,יחידה,false,0,7.90,0.33,true,1,835811006701
835811006770,false,תבניות אלומיניום עגולות,הנמל,,תבניות אלומיניום עגולות,יחידות,5,יחידה,false,0,11.90,2.38,true,1,835811006770
835811007166,false,כוסות חד פעמיות מקרטון עם מכסה פלסטיק,הנמל,,כוסות חד פעמיות מקרטון עם מכסה פלסטיק,יחידות,16,יחידה,false,0,13.90,0.87,true,1,835811007166
835811007357,false,סלטינות אובלי,הנמל,,סלטינות אובלי,יחידות,25,יחידה,false,0,6.90,0.28,true,1,835811007357
835811007432,false,תבנית אפייה משפחתית מקרטון,הנמל,,תבנית אפייה משפחתית מקרטון,יחידות,3,יחידה,false,0,10.90,3.63,true,1,835811007432
835811007494,false,ג'לטין טהור,הנמל,,ג'לטין טהור,גרמים,28,100 גרם,false,0,9.90,35.36,true,1,835811007494
835811007562,false,תבניות אפייה אינגליש קייק מקרטון,הנמל,,תבניות אפייה אינגליש קייק מקרטון,יחידות,6,יחידה,false,0,9.90,1.65,true,1,835811007562
835811008347,false,גפרור ארוך מאוד,הנמל,,גפרור ארוך מאוד,יחידות,45,יחידה,false,0,4.90,0.11,true,1,835811008347
835811008699,false,כפות חד פעמיות,הנמל,,כפות חד פעמיות,יחידות,50,יחידה,false,0,17.90,0.36,true,1,835811008699
835811008729,false,צלחות ענקיות,הנמל,,צלחות ענקיות,יחידות,100,יחידה,false,0,69.90,0.70,true,1,835811008729
835811008736,false,צלחות עמוקות גדולות,הנמל,,צלחות עמוקות גדולות,יחידות,100,יחידה,false,0,49.90,0.50,true,1,835811008736
835811008774,false,צלחות עמוקות קטנות,הנמל,,צלחות עמוקות קטנות,יחידות,100,יחידה,false,0,29.90,0.30,true,1,835811008774
835811008781,false,מרקיות,הנמל,,מרקיות,יחידות,100,יחידה,false,0,33.90,0.34,true,1,835811008781
835811008934,false,מזלגות חד פעמיות,הנמל,,מזלגות חד פעמיות,יחידות,50,יחידה,false,0,17.90,0.36,true,1,835811008934
835811008941,false,סכינים חד פעמיות,הנמל,,סכינים חד פעמיות,יחידות,50,יחידה,false,0,17.90,0.36,true,1,835811008941
835811008958,false,כפיות חד פעמיות,הנמל,,כפיות חד פעמיות,יחידות,50,יחידה,false,0,14.90,0.30,true,1,835811008958
835811008989,false,"כוסות משקה חם קרטון 355 מ""ל",הנמל,,"כוסות משקה חם קרטון 355 מ""ל",יחידות,50,יחידה,false,0,21.90,0.44,true,1,835811008989
835811008996,false,"כוסות חד פעמי קרטון 295 מ""ל",הנמל,,"כוסות חד פעמי קרטון 295 מ""ל",יחידות,50,יחידה,false,0,17.90,0.36,true,1,835811008996
835811009009,false,"כוסות משקה חם קרטון 175 מ""ל",הנמל,,"כוסות משקה חם קרטון 175 מ""ל",יחידות,50,יחידה,false,0,13.90,0.28,true,1,835811009009
835811009016,false,"כוסות אספרסו 120 מ""ל",הנמל,,"כוסות אספרסו 120 מ""ל",יחידות,50,יחידה,false,0,7.90,0.16,true,1,835811009016
835811009023,false,"כוסות משקה חם קרטון 235 מ""ל",הנמל,,"כוסות משקה חם קרטון 235 מ""ל",יחידות,50,יחידה,false,0,11.90,0.24,true,1,835811009023
835811009122,false,מגש אובלי צבעוני חד פעמי,הנמל,,מגש אובלי צבעוני חד פעמי,יחידות,2,יחידה,false,0,8.90,4.45,true,1,835811009122
835811009139,false,קעריות ליפתן מרובעות,הנמל,,קעריות ליפתן מרובעות,יחידות,10,יחידה,false,0,13.90,1.39,true,1,835811009139
835811009184,false,"צלחות מהודרות גדולות ""10",הנמל,,"צלחות מהודרות גדולות ""10",יחידות,18,יחידה,false,0,51.90,2.88,true,1,835811009184
835811009191,false,"צלחות מהודרות בינוניות ""9",הנמל,,"צלחות מהודרות בינוניות ""9",יחידות,18,יחידה,false,0,41.90,2.33,true,1,835811009191
835811009214,false,"צלחות מהודרות קטנות ""7.5",הנמל,,"צלחות מהודרות קטנות ""7.5",יחידות,18,יחידה,false,0,32.90,1.83,true,1,835811009214
835811009221,false,קעריות הגשה,הנמל,,קעריות הגשה,יחידות,18,יחידה,false,0,18.90,1.05,true,1,835811009221
835811009351,false,"כוסות קריסטל 236 סמ""ק",הנמל,,"כוסות קריסטל 236 סמ""ק",יחידות,18,יחידה,false,0,13.90,0.77,true,1,835811009351
835811009368,false,מרקיות צבעוניות,הנמל,,מרקיות צבעוניות,יחידות,25,יחידה,false,0,11.90,0.48,true,1,835811009368
835811009405,false,צלחות אובלי צבעוני,הנמל,,צלחות אובלי צבעוני,יחידות,25,יחידה,false,0,22.90,0.92,true,1,835811009405
835811009412,false,צלחות קטנות צבעוניות,הנמל,,צלחות קטנות צבעוניות,יחידות,25,יחידה,false,0,9.90,0.40,true,1,835811009412
835811009429,false,צלחות גדולות צבעוניות,הנמל,,צלחות גדולות צבעוניות,יחידות,25,יחידה,false,0,15.90,0.64,true,1,835811009429
835811009436,false,צלחות ענקיות צבעוניות,הנמל,,צלחות ענקיות צבעוניות,יחידות,25,יחידה,false,0,22.90,0.92,true,1,835811009436
835811009443,false,מפיות מודפסות,הנמל,,מפיות מודפסות,יחידות,20,יחידה,false,0,5.90,0.30,true,1,835811009443
835811009696,false,"כוסות יין מרובעות 59 סמ""ק",הנמל,,"כוסות יין מרובעות 59 סמ""ק",יחידות,24,יחידה,false,0,10.90,0.45,true,1,835811009696
839762000641,false,איילנד משקה מנגו,איילנד,,איילנד משקה מנגו,ליטרים,1,ליטר,false,0,10.90,11.90,true,1,839762000641
839762000658,false,איילנד משקה גויאבה,איילנד,,איילנד משקה גויאבה,ליטרים,1,ליטר,false,0,10.90,11.90,true,1,839762000658
839762002379,false,איילנד משקה מנגו,איילנד,,איילנד משקה מנגו,מליליטרים,350,"100 מ""ל",false,0,5.50,1.57,true,1,839762002379
839762002386,false,משקה בטעם גויאבה,איילנד,,משקה בטעם גויאבה,מליליטרים,350,"100 מ""ל",false,0,5.50,1.57,true,1,839762002386
851621000050,false,בירה חיטה בטעם הדרים 1664 בלאנק - שישייה,,,בירה חיטה בטעם הדרים 1664 בלאנק - שישייה,ליטרים,2,ליטר,false,6,39.90,25.20,true,1,851621000050
855074007086,false,פלפלונים טנא,,,פלפלונים טנא,גרמים,200,100 גרם,false,0,7.90,3.95,true,1,855074007086
856591000055,false,עוגיות מזרחיות קריספי שרוף במיוחד,עבאדי,,עוגיות מזרחיות קריספי שרוף במיוחד,גרמים,400,100 גרם,false,0,17.90,4.48,true,1,856591000055
856591000109,false,עוגיות מזרחיות פריך במיוחד,עבאדי,,עוגיות מזרחיות פריך במיוחד,גרמים,400,100 גרם,false,0,17.90,4.48,true,1,856591000109
856591000512,false,מקלונים של עבאדי בטעם טבעי,עבאדי,,מקלונים של עבאדי בטעם טבעי,גרמים,400,100 גרם,false,0,17.90,4.48,true,1,856591000512
859547004329,false,ספוג ניקוי צבעוני סקראב דדי Scrub Daddy,,,ספוג ניקוי צבעוני סקראב דדי Scrub Daddy,,0,,false,0,17.90,0.00,true,1,859547004329
877300000050,false,קינמון טחון,נפטון Neptune,,קינמון טחון,גרמים,80,100 גרם,false,0,4.90,6.13,true,1,877300000050
877300000210,false,תערובת לתיבול טוסקנה,נפטון Neptune,,תערובת לתיבול טוסקנה,גרמים,60,100 גרם,false,0,4.90,8.17,true,1,877300000210
877300000234,false,תערובת לתיבול פילדלפיה,נפטון Neptune,,תערובת לתיבול פילדלפיה,גרמים,60,100 גרם,false,0,4.90,8.17,true,1,877300000234
877300000845,false,פפריקה מתוקה בשמן בסגנון מרוקאי,נפטון Neptune,,פפריקה מתוקה בשמן בסגנון מרוקאי,גרמים,80,100 גרם,false,0,4.90,6.13,true,1,877300000845
877300001019,false,כוסברה טחונה,נפטון Neptune,,כוסברה טחונה,גרמים,120,100 גרם,false,0,9.90,8.25,true,1,877300001019
877300001040,false,כורכום טחון,נפטון Neptune,,כורכום טחון,גרמים,150,100 גרם,false,0,9.90,6.60,true,1,877300001040
877300001101,false,קינמון טחון,נפטון Neptune,,קינמון טחון,גרמים,150,100 גרם,false,0,9.90,6.60,true,1,877300001101
877300001163,false,פריקה חריפה,נפטון Neptune,,פריקה חריפה,גרמים,150,100 גרם,false,0,9.90,6.60,true,1,877300001163
877300001170,false,פפריקה מתוקה,נפטון Neptune,,פפריקה מתוקה,גרמים,150,100 גרם,false,0,9.90,6.60,true,1,877300001170
877300001200,false,עלי דפנה,נפטון Neptune,,עלי דפנה,גרמים,20,100 גרם,false,0,9.90,49.50,true,1,877300001200
877300001248,false,פפריקה מתוקה מרוקאית בשמן,נפטון Neptune,,פפריקה מתוקה מרוקאית בשמן,גרמים,150,100 גרם,false,0,9.90,6.60,true,1,877300001248
877300001286,false,כמון טחון,נפטון Neptune,,כמון טחון,גרמים,150,100 גרם,false,0,9.90,6.60,true,1,877300001286
877300001330,false,תערובת תיבול חוויאג' למרק,נפטון Neptune,,תערובת תיבול חוויאג' למרק,גרמים,150,100 גרם,false,0,9.90,6.60,true,1,877300001330
877300001378,false,תערובת תיבול גריל דג,נפטון Neptune,,תערובת תיבול גריל דג,גרמים,150,100 גרם,false,0,9.90,6.60,true,1,877300001378
877300001385,false,תערובת תיבול לפרגיות,נפטון Neptune,,תערובת תיבול לפרגיות,גרמים,150,100 גרם,false,0,9.90,6.60,true,1,877300001385
877300001392,false,תערובת תיבול לגריל עוף,נפטון Neptune,,תערובת תיבול לגריל עוף,גרמים,150,100 גרם,false,0,9.90,6.60,true,1,877300001392
877300001408,false,תערובת תיבול לשקשוקה,נפטון Neptune,,תערובת תיבול לשקשוקה,גרמים,120,100 גרם,false,0,9.90,8.25,true,1,877300001408
877300001453,false,תערובת תיבול זעתר שומשום,נפטון Neptune,,תערובת תיבול זעתר שומשום,גרמים,150,100 גרם,false,0,9.90,6.60,true,1,877300001453
877300001552,false,תערובת תיבול טוסקנה,נפטון Neptune,,תערובת תיבול טוסקנה,גרמים,150,100 גרם,false,0,9.90,6.60,true,1,877300001552
877300001576,false,תערובת תיבול על האש ברביקיו,נפטון Neptune,,תערובת תיבול על האש ברביקיו,גרמים,150,100 גרם,false,0,9.90,6.60,true,1,877300001576
877300001583,false,תערובת תיבול לדג מבושל,נפטון Neptune,,תערובת תיבול לדג מבושל,גרמים,120,100 גרם,false,0,9.90,8.25,true,1,877300001583
877300002078,false,רוטב שום ודבש,נפטון Neptune,,רוטב שום ודבש,גרמים,360,100 גרם,false,0,12.90,3.58,true,1,877300002078
877300002160,false,רוטב צ'ילי מתוק,נפטון Neptune,,רוטב צ'ילי מתוק,גרמים,370,100 גרם,false,0,12.90,3.49,true,1,877300002160
877300002290,false,פפריקה מרוקאית מעושנת,נפטון Neptune,,פפריקה מרוקאית מעושנת,גרמים,150,100 גרם,false,0,9.90,6.60,true,1,877300002290
877300002313,false,תערובת תיבול ראס אל חנות,נפטון Neptune,,תערובת תיבול ראס אל חנות,גרמים,150,100 גרם,false,0,9.90,6.60,true,1,877300002313
877300002689,false,רוטב קייג'ון (ניו אורלינס),נפטון Neptune,,רוטב קייג'ון (ניו אורלינס),גרמים,330,100 גרם,false,0,12.90,3.91,true,1,877300002689
877300003235,false,רוטב חמוץ מתוק,נפטון Neptune,,רוטב חמוץ מתוק,גרמים,370,100 גרם,false,0,12.90,3.49,true,1,877300003235
877300003259,false,רוטב סצ'ואן,נפטון Neptune,,רוטב סצ'ואן,גרמים,340,100 גרם,false,0,12.90,3.79,true,1,877300003259
877300003310,false,רוטב צ'ילי חריף,נפטון Neptune,,רוטב צ'ילי חריף,גרמים,370,100 גרם,false,0,12.90,3.49,true,1,877300003310
877300003327,false,רוטב סויה מתוק,נפטון Neptune,,רוטב סויה מתוק,גרמים,370,100 גרם,false,0,12.90,3.49,true,1,877300003327
877300003365,false,רוטב מקסיקני,נפטון Neptune,,רוטב מקסיקני,גרמים,320,100 גרם,false,0,12.90,4.03,true,1,877300003365
877300004102,false,ממרח פסטו שום,נפטון Neptune,,ממרח פסטו שום,גרמים,180,100 גרם,false,0,9.90,5.50,true,1,877300004102
877300004416,false,פלפל שחור גרוס דק,נפטון Neptune,,פלפל שחור גרוס דק,גרמים,50,100 גרם,false,0,4.90,9.80,true,1,877300004416
877300004553,false,פפריקה מתוקה,נפטון Neptune,,פפריקה מתוקה,גרמים,80,100 גרם,false,0,4.90,6.13,true,1,877300004553
877300004560,false,פפריקה חריפה,נפטון Neptune,,פפריקה חריפה,גרמים,80,100 גרם,false,0,4.90,6.13,true,1,877300004560
877300004577,false,כמון טחון,נפטון Neptune,,כמון טחון,גרמים,50,100 גרם,false,0,4.90,9.80,true,1,877300004577
877300004584,false,כורכום טחון,נפטון Neptune,,כורכום טחון,גרמים,80,100 גרם,false,0,4.90,6.13,true,1,877300004584
877300004621,false,זעתר ושומשום תערובת לתיבול,נפטון Neptune,,זעתר ושומשום תערובת לתיבול,גרמים,80,100 גרם,false,0,4.90,6.13,true,1,877300004621
877300009558,false,ציפוי לשניצל פירורי לחם בתיבול איטלקי,נפטון Neptune,,ציפוי לשניצל פירורי לחם בתיבול איטלקי,גרמים,400,100 גרם,false,0,9.90,2.48,true,1,877300009558
884912002372,false,דגני Great Grains עם חמוציות ושקדים,פוסט Post,,דגני Great Grains עם חמוציות ושקדים,גרמים,396,100 גרם,false,0,24.90,6.29,true,1,884912002372
884912102102,false,דגני Great Grains עם שקדים ואוכמניות,פוסט Post,,דגני Great Grains עם שקדים ואוכמניות,גרמים,382,100 גרם,false,0,24.90,6.52,true,1,884912102102
884912116505,false,דגני בננה נאט קראנץ' Banana Nut Crunch,פוסט Post,,דגני בננה נאט קראנץ' Banana Nut Crunch,גרמים,439,100 גרם,false,0,24.90,5.67,true,1,884912116505
884912117625,false,דגני שלווה מצופים בדבש Golden Crisp,פוסט Post,,דגני שלווה מצופים בדבש Golden Crisp,גרמים,418,100 גרם,false,0,22.90,5.48,true,1,884912117625
884912126115,false,דגני Great Grains עם צימוקים ופקאן,פוסט Post,,דגני Great Grains עם צימוקים ופקאן,גרמים,453,100 גרם,false,0,24.90,5.50,true,1,884912126115
884912180629,false,דגני בוקר מחיטה מלאה גרוסה שרדד וויט,פוסט Post,,דגני בוקר מחיטה מלאה גרוסה שרדד וויט,גרמים,464,100 גרם,false,0,22.90,4.94,true,1,884912180629
884912342737,false,דגני בוקר וופל קריספ,פוסט Post,,דגני בוקר וופל קריספ,גרמים,425,100 גרם,false,0,22.90,5.39,true,1,884912342737
884912359162,false,דגני בוקר האני באנצ'ס עם שקדים,פוסט Post,,דגני בוקר האני באנצ'ס עם שקדים,גרמים,340,100 גרם,false,0,22.90,6.74,true,1,884912359162
884912377142,false,דגני בוקר האני באנצ'ס בטעם וניל,פוסט Post,,דגני בוקר האני באנצ'ס בטעם וניל,גרמים,340,100 גרם,false,0,22.90,6.74,true,1,884912377142
888849000005,false,חטיף חלבון בטעם עוגיות עם קרם,קווסט Quest,,חטיף חלבון בטעם עוגיות עם קרם,גרמים,60,100 גרם,false,0,17.90,29.83,true,1,888849000005
888849000234,false,חטיף חלבון בטעם שוקולד כפול,קווסט Quest,,חטיף חלבון בטעם שוקולד כפול,גרמים,60,100 גרם,false,0,17.90,29.83,true,1,888849000234
888849000418,false,חטיף חלבון בטעם שוקולד בראוני,קווסט Quest,,חטיף חלבון בטעם שוקולד בראוני,גרמים,60,100 גרם,false,0,17.90,29.83,true,1,888849000418
888849000456,false,חטיף חלבון בטעם שוקולד חמאת בוטנים,קווסט Quest,,חטיף חלבון בטעם שוקולד חמאת בוטנים,גרמים,60,100 גרם,false,0,17.90,29.83,true,1,888849000456
888849005956,false,חטיף חלבון בטעם עוגת יום הולדת,קווסט Quest,,חטיף חלבון בטעם עוגת יום הולדת,גרמים,60,100 גרם,false,0,17.90,29.83,true,1,888849005956
1230000116022,false,ביונד בורגר Beyond Burger - מארז זוג,ביונד מיט Beyond Meat,,ביונד בורגר Beyond Burger - מארז זוג,גרמים,226,100 גרם,false,0,34.90,15.44,true,1,1230000116022
3010470155299,false,פריסקיז Friskies פטה בקר וירקות,פורינה Purina,,פריסקיז Friskies פטה בקר וירקות,גרמים,400,100 גרם,false,0,8.90,2.23,true,1,3010470155299
3014260022730,false,מברשת שיניים 3D White- מארז זוג,אורל בי Oral B,,מברשת שיניים 3D White- מארז זוג,יחידות,2,יחידה,false,0,24.90,12.45,true,1,3014260022730
3014260201753,false,סכיני גילוח ג'ילט בלו 2 להבים - מארז 5 יח',ג'ילט Gillette,,סכיני גילוח ג'ילט בלו 2 להבים - מארז 5 יח',יחידות,5,יחידה,false,0,12.90,2.58,true,1,3014260201753
3014260214692,false,ג'ל גילוח ג'ילט סירייס sensitive skin,ג'ילט Gillette,,ג'ל גילוח ג'ילט סירייס sensitive skin,מליליטרים,200,"100 מ""ל",false,0,17.90,8.95,true,1,3014260214692
3014260228842,false,קצף גילוח ג'ילט רגולר Regular,ג'ילט Gillette,,קצף גילוח ג'ילט רגולר Regular,מליליטרים,200,"100 מ""ל",false,0,14.90,7.45,true,1,3014260228842
3014260240226,false,קצף גילוח Sensitive skin,ג'ילט Gillette,,קצף גילוח Sensitive skin,מליליטרים,200,"100 מ""ל",false,0,14.90,7.45,true,1,3014260240226
3014260262709,false,סכיני גילוח לאישה 3 להבים,ג'ילט ונוס Gillette Venus,,סכיני גילוח לאישה 3 להבים,יחידות,4,יחידה,false,0,44.90,11.23,true,1,3014260262709
3014260280772,false,חוט דנטלי ווקס Essential floss,אורל בי Oral B,,חוט דנטלי ווקס Essential floss,,50,מטר,false,0,12.90,0.26,true,1,3014260280772
3014260289287,false,סכיני גילוח לאישה בלו 2 Blue,ג'ילט Gillette,,סכיני גילוח לאישה בלו 2 Blue,יחידות,5,יחידה,false,0,14.90,2.98,true,1,3014260289287
3045201107001,false,מסיר כתמים לפני כביסה,אידיאל Ideal,,מסיר כתמים לפני כביסה,מליליטרים,150,"100 מ""ל",false,0,19.90,13.27,true,1,3045201107001
3045201108008,false,מסיר כתמים לפני כביסה,אידיאל Ideal,,מסיר כתמים לפני כביסה,מליליטרים,150,"100 מ""ל",false,0,19.90,13.27,true,1,3045201108008
3045206312257,false,מגבונים לכל משטח,יעקבי - דזיטול Desytol,,מגבונים לכל משטח,יחידות,24,יחידה,false,0,12.90,0.54,true,1,3045206312257
3046920010801,false,שוקולד מריר אקסלנס עם אגוזי לוז,לינדט Lindt,,שוקולד מריר אקסלנס עם אגוזי לוז,גרמים,100,100 גרם,false,0,14.90,14.90,true,1,3046920010801
3046920027281,false,שוקולד מריר אקסלנס במילוי קרמל ומלח ים,לינדט Lindt,,שוקולד מריר אקסלנס במילוי קרמל ומלח ים,גרמים,100,100 גרם,false,0,14.90,14.90,true,1,3046920027281
3046920028004,false,שוקולד מריר אקסלנס 70%,לינדט Lindt,,שוקולד מריר אקסלנס 70%,גרמים,100,100 גרם,false,0,14.90,14.90,true,1,3046920028004
3046920028363,false,שוקולד מריר אקסלנס 85%,לינדט Lindt,,שוקולד מריר אקסלנס 85%,גרמים,100,100 גרם,false,0,14.90,14.90,true,1,3046920028363
3046920028721,false,שוקולד מריר אקסלנס 99%,לינדט Lindt,,שוקולד מריר אקסלנס 99%,גרמים,50,100 גרם,false,0,14.90,29.80,true,1,3046920028721
3046920028752,false,שוקולד מריר מנטה,לינדט Lindt,,שוקולד מריר מנטה,גרמים,100,100 גרם,false,0,14.90,14.90,true,1,3046920028752
3046920029674,false,שוקולד מריר אקסלנס עם מלח ים,לינדט Lindt,,שוקולד מריר אקסלנס עם מלח ים,גרמים,100,100 גרם,false,0,14.90,14.90,true,1,3046920029674
3046920029759,false,שוקולד מריר אקסלנס 90% קקאו,לינדט Lindt,,שוקולד מריר אקסלנס 90% קקאו,גרמים,100,100 גרם,false,0,14.90,14.90,true,1,3046920029759
3059940007768,false,ספריי בניחוח וניל ואורכידיאה,איירוויק Air Wick,,ספריי בניחוח וניל ואורכידיאה,מליליטרים,240,"100 מ""ל",false,0,9.90,4.13,true,1,3059940007768
3059943015104,false,מבשם אוויר נטול גז אקווה מיסט בניחוח פריסיה ויסמין,איירוויק Air Wick,,מבשם אוויר נטול גז אקווה מיסט בניחוח פריסיה ויסמין,מליליטרים,345,"100 מ""ל",false,0,19.90,5.77,true,1,3059943015104
3059943015128,false,מבשם אוויר נטול גז אקווה מיסט בניחוח לבנדר פראי ואוויר הרים,איירוויק Air Wick,,מבשם אוויר נטול גז אקווה מיסט בניחוח לבנדר פראי ואוויר הרים,מליליטרים,345,"100 מ""ל",false,0,19.90,5.77,true,1,3059943015128
3059943016507,false,מבשם אוויר בניחוח לבנדר קמומיל,איירוויק Air Wick,,מבשם אוויר בניחוח לבנדר קמומיל,מליליטרים,240,"100 מ""ל",false,0,9.90,4.13,true,1,3059943016507
3059943016569,false,מבשם אוויר בניחוח פריסיה ויסמין,איירוויק Air Wick,,מבשם אוויר בניחוח פריסיה ויסמין,מליליטרים,240,"100 מ""ל",false,0,9.90,4.13,true,1,3059943016569
3059944021197,false,קרם להסרת שיער לעור רגיש,ויט Veet,,קרם להסרת שיער לעור רגיש,מליליטרים,400,"100 מ""ל",false,0,59.90,14.98,true,1,3059944021197
3059944022415,false,רצועות שעווה מוכנות לשימוש מועשרת בתמציות ובניחוח ורדים,ויט Veet,,רצועות שעווה מוכנות לשימוש מועשרת בתמציות ובניחוח ורדים,,0,,false,0,29.90,0.00,true,1,3059944022415
3067140013113,false,אבקה להכנת משקה על בסיס עולש,CHICOREE LEROUX,,אבקה להכנת משקה על בסיס עולש,גרמים,100,100 גרם,false,0,26.90,26.90,true,1,3067140013113
3067140243114,false,אבקה להכנת משקה על בסיס עולש בטעם קרמל,CHICOREE LEROUX,,אבקה להכנת משקה על בסיס עולש בטעם קרמל,גרמים,100,100 גרם,false,0,26.90,26.90,true,1,3067140243114
3073781161663,false,גבינה מותכת 18.5% שומן לה וואש קירי,לה וואש קירי La Vache qui rit,,גבינה מותכת 18.5% שומן לה וואש קירי,גרמים,128,100 גרם,false,0,11.90,9.30,true,1,3073781161663
3080216034508,false,בירה גרימברגן בלונד,גרימברגן Grimbergen,,בירה גרימברגן בלונד,מליליטרים,330,"100 מ""ל",false,0,6.90,3.00,true,1,3080216034508
3086123214842,false,סט 12 עפרונות צבעוניים,BIC,,סט 12 עפרונות צבעוניים,,1,,false,0,14.90,14.90,true,1,3086123214842
3086123485488,false,סט 6 פלסטלינה רכה,BIC,,סט 6 פלסטלינה רכה,,0,,false,0,4.90,0.00,true,1,3086123485488
3086123485495,false,סט 12 פלסטלינה רכה,BIC,,סט 12 פלסטלינה רכה,,0,,false,0,8.90,0.00,true,1,3086123485495
3086123499102,false,סט 12 עפרונות צבעוניים,BIC,,סט 12 עפרונות צבעוניים,,0,,false,0,9.90,0.00,true,1,3086123499102
3086123499133,false,סט 24 עפרונות צבעוניים,BIC,,סט 24 עפרונות צבעוניים,,0,,false,0,14.90,0.00,true,1,3086123499133
3086124000789,false,סט 12 צבעים ג'מבו,BIC,,סט 12 צבעים ג'מבו,,0,,false,0,14.90,0.00,true,1,3086124000789
3086126100326,false,טיפקס נוזל מחיקה בבקבוק,גורי לינרו,,טיפקס נוזל מחיקה בבקבוק,יחידות,1,יחידה,false,0,5.90,5.90,true,1,3086126100326
3086126100746,false,טיפקס עט מחיקה,גורי לינרו,,טיפקס עט מחיקה,,0,,false,0,12.90,0.00,true,1,3086126100746
3086126698991,false,"עיפרון מכני 0.5 מ""מ + עופרות",BIC,,"עיפרון מכני 0.5 מ""מ + עופרות",,0,,false,0,4.90,0.00,true,1,3086126698991
3141360054405,false,מפיג ריח למדיח לימון,פיניש Finish,,מפיג ריח למדיח לימון,גרמים,27,100 גרם,false,0,14.90,55.19,true,1,3141360054405
3147697720204,false,וויסקי סקוטי לייבל 5,לייבל 5 Label,,וויסקי סקוטי לייבל 5,מליליטרים,700,"100 מ""ל",false,0,69.00,11.41,true,1,3147697720204
3178530402278,false,גלאט חמאה קרצל סן מישל,סן מישל St Michel,,גלאט חמאה קרצל סן מישל,גרמים,150,100 גרם,false,0,14.90,9.93,true,1,3178530402278
3178530411478,false,ביסקוויטים גאלט עם חמאה ומלח ים,סן מישל St Michel,,ביסקוויטים גאלט עם חמאה ומלח ים,גרמים,150,100 גרם,false,0,11.90,7.93,true,1,3178530411478
3178530412703,false,דונאט עם שוקולד,סן מישל St Michel,,דונאט עם שוקולד,גרמים,180,100 גרם,false,0,12.90,9.39,true,1,3178530412703
3178530417418,false,דונאט עם שוקולד צ'יפס,סן מישל St Michel,,דונאט עם שוקולד צ'יפס,גרמים,180,100 גרם,false,0,12.90,9.39,true,1,3178530417418
3270220004608,false,עפרונות - מארז 12 יח',BIC,,עפרונות - מארז 12 יח',,0,,false,0,8.90,0.00,true,1,3270220004608
3270220083924,false,עפרונות עם מחק - מארז 12 יח',BIC,,עפרונות עם מחק - מארז 12 יח',יחידות,12,יחידה,false,0,9.90,0.83,true,1,3270220083924
3270623336009,false,קוניאק לואי רויה VSOP,לואי רוייה Louis Royer,,קוניאק לואי רויה VSOP,מליליטרים,700,"100 מ""ל",false,0,220.00,31.43,true,1,3270623336009
3282770014105,false,א-דרמה דרמליבור קרם רב שימושי לעור הנוטה לגירויים,A-DERMA א-דרמה,,א-דרמה דרמליבור קרם רב שימושי לעור הנוטה לגירויים,מליליטרים,50,"100 מ""ל",false,0,54.90,109.80,true,1,3282770014105
3282770014129,false,דרמליבור ג'ל רחצה מקציף עם קופר זינק לעור מגורה,A-DERMA א-דרמה,,דרמליבור ג'ל רחצה מקציף עם קופר זינק לעור מגורה,מליליטרים,250,"100 מ""ל",false,0,79.90,31.96,true,1,3282770014129
3282770049381,false,PHYSIOLIFT קרם עיניים,אוון Avene,,PHYSIOLIFT קרם עיניים,מליליטרים,15,"100 מ""ל",false,0,179.90,1199.33,true,1,3282770049381
3282770074628,false,"אקסאומגה קונטרול באלם לטיפול בעור מגורה, אדמומי ויבש",A-DERMA א-דרמה,,"אקסאומגה קונטרול באלם לטיפול בעור מגורה, אדמומי ויבש",מליליטרים,400,"100 מ""ל",false,0,119.90,29.98,true,1,3282770074628
3282770108668,false,א-דרמה ג'ל רחצה ללא סבון,A-DERMA א-דרמה,,א-דרמה ג'ל רחצה ללא סבון,מליליטרים,200,"100 מ""ל",false,0,59.90,29.95,true,1,3282770108668
3282770111293,false,א-דרמה אקסאומגה ג'ל רחצה לגוף ולשיער,A-DERMA א-דרמה,,א-דרמה אקסאומגה ג'ל רחצה לגוף ולשיער,מליליטרים,200,"100 מ""ל",false,0,64.90,32.45,true,1,3282770111293
3282779208550,false,א-דרמה אקסאומגה קונטרול קרם להרגעת העור,A-DERMA א-דרמה,,א-דרמה אקסאומגה קונטרול קרם להרגעת העור,מליליטרים,400,"100 מ""ל",false,0,119.90,29.98,true,1,3282779208550
3282779246064,false,א-דרמה אקסאומגה קונטרול שמן ניקוי לגוף ולפנים,A-DERMA א-דרמה,,א-דרמה אקסאומגה קונטרול שמן ניקוי לגוף ולפנים,מליליטרים,200,"100 מ""ל",false,0,74.90,37.45,true,1,3282779246064
3282779247825,false,א-דרמה אקסאומגה תחליב להרגעת העור,A-DERMA א-דרמה,,א-דרמה אקסאומגה תחליב להרגעת העור,מליליטרים,400,"100 מ""ל",false,0,119.90,29.98,true,1,3282779247825
3282779285889,false,קרם ידיים משקם אינטנסיבי,A-DERMA א-דרמה,,קרם ידיים משקם אינטנסיבי,מליליטרים,50,"100 מ""ל",false,0,49.90,99.80,true,1,3282779285889
3282779349680,false,קלינס ג'ל לניקוי לעור שמן ומעורב Cleanance Gel,אוון Avene,,קלינס ג'ל לניקוי לעור שמן ומעורב Cleanance Gel,מליליטרים,300,"100 מ""ל",false,0,69.90,23.30,true,1,3282779349680
3282779369084,false,א-דרמה אקסאומגה DEFI באלם,A-DERMA א-דרמה,,א-דרמה אקסאומגה DEFI באלם,מליליטרים,200,"100 מ""ל",false,0,99.90,49.95,true,1,3282779369084
3337871310592,false,דאודורנט ספריי אנטי פרספרנט 48 שעות,וישי VICHY,,דאודורנט ספריי אנטי פרספרנט 48 שעות,מליליטרים,125,"100 מ""ל",false,0,54.00,43.20,true,1,3337871310592
3337871320300,false,דאודורנט רול און 48 שעות תכשיר אנטי פרספרנט,וישי VICHY,,דאודורנט רול און 48 שעות תכשיר אנטי פרספרנט,מליליטרים,50,"100 מ""ל",false,0,54.00,108.00,true,1,3337871320300
3337871320324,false,דאודורנט רול און לעור רגיש ולאחר הסרת שיער,וישי VICHY,,דאודורנט רול און לעור רגיש ולאחר הסרת שיער,מליליטרים,50,"100 מ""ל",false,0,54.00,108.00,true,1,3337871320324
3337871320362,false,דאודורנט רול און אנטי-פרספירנט לגבר 72 שעות,וישי VICHY,,דאודורנט רול און אנטי-פרספירנט לגבר 72 שעות,מליליטרים,50,"100 מ""ל",false,0,54.00,108.00,true,1,3337871320362
3337871320980,false,פיורטה טרמל מוס מקציף לניקוי הפנים,וישי VICHY,,פיורטה טרמל מוס מקציף לניקוי הפנים,מליליטרים,150,"100 מ""ל",false,0,89.00,59.33,true,1,3337871320980
3337871322083,false,נאובדיול - קונטור שפתיים ועיניים,וישי VICHY,,נאובדיול - קונטור שפתיים ועיניים,מליליטרים,15,"100 מ""ל",false,0,189.00,1260.00,true,1,3337871322083
3337871322243,false,דרקוס שמפו אנרגטי,וישי VICHY,,דרקוס שמפו אנרגטי,מליליטרים,400,"100 מ""ל",false,0,70.00,17.50,true,1,3337871322243
3337871322502,false,ליפטאקטיב - קרם לילה לטיפול בקמטים ומיצוק העור,וישי VICHY,,ליפטאקטיב - קרם לילה לטיפול בקמטים ומיצוק העור,מליליטרים,50,"100 מ""ל",false,0,199.00,398.00,true,1,3337871322502
3337871322595,false,דאודורנט רול און ללא אלומיניום 24 שעות,וישי VICHY,,דאודורנט רול און ללא אלומיניום 24 שעות,מליליטרים,50,"100 מ""ל",false,0,54.00,108.00,true,1,3337871322595
3337871323332,false,ליפטאקטיב סופרים - קרם עיניים,וישי VICHY,,ליפטאקטיב סופרים - קרם עיניים,מליליטרים,15,"100 מ""ל",false,0,169.00,1126.67,true,1,3337871323332
3337871323646,false,נאובדיול - מג'יסטרל קרם יום לפנים,וישי VICHY,,נאובדיול - מג'יסטרל קרם יום לפנים,מליליטרים,50,"100 מ""ל",false,0,219.00,438.00,true,1,3337871323646
3337871324001,false,דאודורנט סטרס ריזיסט רול און 72 שעות,וישי VICHY,,דאודורנט סטרס ריזיסט רול און 72 שעות,מליליטרים,50,"100 מ""ל",false,0,54.00,108.00,true,1,3337871324001
3337871324568,false,אקוואליה טרמל ספא - קרם פנים ללילה,וישי VICHY,,אקוואליה טרמל ספא - קרם פנים ללילה,מליליטרים,75,"100 מ""ל",false,0,139.00,185.33,true,1,3337871324568
3337871324599,false,דאודורנט אנטי - פרספירנט רול-און,וישי VICHY,,דאודורנט אנטי - פרספירנט רול-און,מליליטרים,50,"100 מ""ל",false,0,54.00,108.00,true,1,3337871324599
3337871328795,false,ליפטאקטיב סופרים קרם פנים לעור רגיל-מעורב,וישי VICHY,,ליפטאקטיב סופרים קרם פנים לעור רגיל-מעורב,מליליטרים,50,"100 מ""ל",false,0,189.00,378.00,true,1,3337871328795
3337871328801,false,ליפטאקטיב סופרים קרם פנים לעור יבש,וישי VICHY,,ליפטאקטיב סופרים קרם פנים לעור יבש,מליליטרים,50,"100 מ""ל",false,0,189.00,378.00,true,1,3337871328801
3337871330019,false,דרקוס נאוג'ניק שמפו לטיפול בשיער דליל,וישי VICHY,,דרקוס נאוג'ניק שמפו לטיפול בשיער דליל,מליליטרים,400,"100 מ""ל",false,0,70.00,17.50,true,1,3337871330019
3337871330118,false,אידיאליה - קרם פנים משקם ללילה,וישי VICHY,,אידיאליה - קרם פנים משקם ללילה,מליליטרים,50,"100 מ""ל",false,0,175.00,350.00,true,1,3337871330118
3337871330125,false,פיורטה טרמל ג'ל ניקוי מרענן לפנים,וישי VICHY,,פיורטה טרמל ג'ל ניקוי מרענן לפנים,מליליטרים,200,"100 מ""ל",false,0,79.00,39.50,true,1,3337871330125
3337871330163,false,אקוואליה טרמל ג'ל עיניים מעורר ומרענן,וישי VICHY,,אקוואליה טרמל ג'ל עיניים מעורר ומרענן,מליליטרים,15,"100 מ""ל",false,0,109.00,726.67,true,1,3337871330163
3337871330286,false,דרקוס שמפו נגד קשקשים לשיער רגיל עד שמן,וישי VICHY,,דרקוס שמפו נגד קשקשים לשיער רגיל עד שמן,מליליטרים,200,"100 מ""ל",false,0,50.00,25.00,true,1,3337871330286
3337871331948,false,נאובדיול קומפלקס - קרם לעור בוגר עור יבש,וישי VICHY,,נאובדיול קומפלקס - קרם לעור בוגר עור יבש,מליליטרים,50,"100 מ""ל",false,0,209.00,418.00,true,1,3337871331948
3337872410208,false,אפקלאר H קרם לחות לעור שמן,לה רוש-פוזה La Roche-Posay,,אפקלאר H קרם לחות לעור שמן,מליליטרים,40,"100 מ""ל",false,0,119.00,297.50,true,1,3337872410208
3337872410338,false,פיזיולוג'יקל מי מיסלייר - להסרת איפור,לה רוש-פוזה La Roche-Posay,,פיזיולוג'יקל מי מיסלייר - להסרת איפור,מליליטרים,200,"100 מ""ל",false,0,80.00,40.00,true,1,3337872410338
3337872410765,false,הידראן לייט קרם לחות קליל,לה רוש-פוזה La Roche-Posay,,הידראן לייט קרם לחות קליל,מליליטרים,40,"100 מ""ל",false,0,119.90,299.75,true,1,3337872410765
3337872411083,false,אפקלאר ג'ל מקציף לניקוי הפנים לעור שמן,לה רוש-פוזה La Roche-Posay,,אפקלאר ג'ל מקציף לניקוי הפנים לעור שמן,מליליטרים,200,"100 מ""ל",false,0,79.00,39.50,true,1,3337872411083
3337872412998,false,סיקאפלסט באום B5,לה רוש-פוזה La Roche-Posay,,סיקאפלסט באום B5,מליליטרים,40,"100 מ""ל",false,0,55.00,137.50,true,1,3337872412998
3337872413018,false,סיקאפלסט באום B5 - קרם לשיקום והרגעת העור,לה רוש-פוזה La Roche-Posay,,סיקאפלסט באום B5 - קרם לשיקום והרגעת העור,מליליטרים,100,"100 מ""ל",false,0,90.00,90.00,true,1,3337872413018
3337872413025,false,אפקלאר מאט קרם יום לאיזון רמת השומן בעור,לה רוש-פוזה La Roche-Posay,,אפקלאר מאט קרם יום לאיזון רמת השומן בעור,מליליטרים,40,"100 מ""ל",false,0,79.90,199.75,true,1,3337872413025
3337872413148,false,פיזיולוג'יקל מוס מקציף לניקוי הפנים,לה רוש-פוזה La Roche-Posay,,פיזיולוג'יקל מוס מקציף לניקוי הפנים,מליליטרים,150,"100 מ""ל",false,0,90.00,60.00,true,1,3337872413148
3337872413575,false,נוטריטיק אינסטנס ריצ' - לעור יבש עד יבש במיוחד,לה רוש-פוזה La Roche-Posay,,נוטריטיק אינסטנס ריצ' - לעור יבש עד יבש במיוחד,מליליטרים,50,"100 מ""ל",false,0,179.00,358.00,true,1,3337872413575
3337872414091,false,טולריאן אולטרה פלויד עור מעורב,לה רוש-פוזה La Roche-Posay,,טולריאן אולטרה פלויד עור מעורב,מליליטרים,40,"100 מ""ל",false,0,119.90,299.75,true,1,3337872414091
3337872414107,false,פיגמנטקלר סרום לכתמי פיגמנטציה,לה רוש-פוזה La Roche-Posay,,פיגמנטקלר סרום לכתמי פיגמנטציה,מליליטרים,30,"100 מ""ל",false,0,229.00,763.33,true,1,3337872414107
3337872414145,false,סיקאפלסט קרם ידיים משקם,לה רוש-פוזה La Roche-Posay,,סיקאפלסט קרם ידיים משקם,מליליטרים,50,"100 מ""ל",false,0,54.90,109.80,true,1,3337872414145
3337872414152,false,פיגמנטקלר קרם עיניים,לה רוש-פוזה La Roche-Posay,,פיגמנטקלר קרם עיניים,מליליטרים,15,"100 מ""ל",false,0,139.90,932.67,true,1,3337872414152
3337872414176,false,פיגמנטקלר SPF30 קרם יום,לה רוש-פוזה La Roche-Posay,,פיגמנטקלר SPF30 קרם יום,מליליטרים,40,"100 מ""ל",false,0,189.00,472.50,true,1,3337872414176
3337872418785,false,"ליפיקאר ג'ל לבנט לרחצה 400 מ""ל",לה רוש-פוזה La Roche-Posay,,"ליפיקאר ג'ל לבנט לרחצה 400 מ""ל",מליליטרים,400,"100 מ""ל",false,0,79.00,19.75,true,1,3337872418785
3337872419522,false,טולריאן אולטרה קרם עיניים,לה רוש-פוזה La Roche-Posay,,טולריאן אולטרה קרם עיניים,מליליטרים,20,"100 מ""ל",false,0,109.00,545.00,true,1,3337872419522
3337875474344,false,טולריאן אולטרה קרם לחות ללילה,לה רוש-פוזה La Roche-Posay,,טולריאן אולטרה קרם לחות ללילה,מליליטרים,40,"100 מ""ל",false,0,149.00,372.50,true,1,3337875474344
3337875483940,false,נאובדיול - קרם לילה קומפלקס משלים,וישי VICHY,,נאובדיול - קרם לילה קומפלקס משלים,מליליטרים,50,"100 מ""ל",false,0,219.00,438.00,true,1,3337875483940
3337875491563,false,אידיאליה - קרם יום לפנים לעור יבש,וישי VICHY,,אידיאליה - קרם יום לפנים לעור יבש,מליליטרים,50,"100 מ""ל",false,0,165.00,330.00,true,1,3337875491563
3337875498234,false,סלואו אייג' - תחליב יום להפחתת מראה סימני הגיל,וישי VICHY,,סלואו אייג' - תחליב יום להפחתת מראה סימני הגיל,מליליטרים,15,"100 מ""ל",false,0,179.00,1193.33,true,1,3337875498234
3337875508896,false,מסכת פילינג לעור זוהר,וישי VICHY,,מסכת פילינג לעור זוהר,מליליטרים,75,"100 מ""ל",false,0,119.00,158.67,true,1,3337875508896
3337875508933,false,מסכת חימר מטהרת - לפתיחת נקבוביות,וישי VICHY,,מסכת חימר מטהרת - לפתיחת נקבוביות,מליליטרים,75,"100 מ""ל",false,0,119.00,158.67,true,1,3337875508933
3337875517300,false,סיקאפלסט באום בי5 SPF50,לה רוש-פוזה La Roche-Posay,,סיקאפלסט באום בי5 SPF50,מליליטרים,40,"100 מ""ל",false,0,66.00,165.00,true,1,3337875517300
3337875522748,false,אמינקסיל קליניקל אמפולות לחיזוק סיב השערה לגברים,וישי VICHY,,אמינקסיל קליניקל אמפולות לחיזוק סיב השערה לגברים,יחידות,21,יחידה,false,0,299.00,1423.81,true,1,3337875522748
3337875522786,false,אמינקסיל קליניקל אמפולות לחיזוק סיב השערה לנשים,וישי VICHY,,אמינקסיל קליניקל אמפולות לחיזוק סיב השערה לנשים,יחידות,21,יחידה,false,0,299.00,1423.81,true,1,3337875522786
3337875537315,false,ליפיקאר סינדט AP+ קרם ג'ל לרחצה,לה רוש-פוזה La Roche-Posay,,ליפיקאר סינדט AP+ קרם ג'ל לרחצה,מליליטרים,400,"100 מ""ל",false,0,109.00,27.25,true,1,3337875537315
3337875543248,false,מינרל 89 ג'ל - בוסטר יומי לחיזוק והזנת העור,וישי VICHY,,מינרל 89 ג'ל - בוסטר יומי לחיזוק והזנת העור,מליליטרים,50,"100 מ""ל",false,0,129.90,259.80,true,1,3337875543248
3337875548519,false,סיקאפלסט לבנט B5 ג'ל מקציף לניקוי פנים וגוף,לה רוש-פוזה La Roche-Posay,,סיקאפלסט לבנט B5 ג'ל מקציף לניקוי פנים וגוף,מליליטרים,200,"100 מ""ל",false,0,64.00,32.00,true,1,3337875548519
3337875549493,false,אפקלאר דואו פלוס עם הגנה SPF30 לעור מעורב-שמן,לה רוש-פוזה La Roche-Posay,,אפקלאר דואו פלוס עם הגנה SPF30 לעור מעורב-שמן,מליליטרים,40,"100 מ""ל",false,0,99.90,249.75,true,1,3337875549493
3337875552066,false,סלואו אייג' - קרם יום SPF 30,וישי VICHY,,סלואו אייג' - קרם יום SPF 30,מליליטרים,50,"100 מ""ל",false,0,179.00,358.00,true,1,3337875552066
3337875552127,false,ליפיקאר תחליב גוף לטיפול בעור רגיל,לה רוש-פוזה La Roche-Posay,,ליפיקאר תחליב גוף לטיפול בעור רגיל,מליליטרים,400,"100 מ""ל",false,0,134.00,33.50,true,1,3337875552127
3337875553278,false,דאודורנט רול און מינרלי 48 שעות,וישי VICHY,,דאודורנט רול און מינרלי 48 שעות,מליליטרים,50,"100 מ""ל",false,0,54.00,108.00,true,1,3337875553278
3337875560931,false,ליפטאקטיב ויטמין C,וישי VICHY,,ליפטאקטיב ויטמין C,מליליטרים,10,"100 מ""ל",false,0,189.00,1890.00,true,1,3337875560931
3337875574358,false,דרקוס דנסי-סולושנס שמפו מעבה,וישי VICHY,,דרקוס דנסי-סולושנס שמפו מעבה,מליליטרים,250,"100 מ""ל",false,0,60.00,24.00,true,1,3337875574358
3337875574372,false,דרקוס דנסי-סולושנס סרום לשיער דליל,וישי VICHY,,דרקוס דנסי-סולושנס סרום לשיער דליל,מליליטרים,100,"100 מ""ל",false,0,169.00,169.00,true,1,3337875574372
3337875579919,false,נאובדיול רוז פלטיניום קרם פנים ליום,וישי VICHY,,נאובדיול רוז פלטיניום קרם פנים ליום,מליליטרים,50,"100 מ""ל",false,0,219.00,438.00,true,1,3337875579919
3337875583626,false,היאלו B5 סרום לטיפול בקמטים,לה רוש-פוזה La Roche-Posay,,היאלו B5 סרום לטיפול בקמטים,מליליטרים,50,"100 מ""ל",false,0,229.00,458.00,true,1,3337875583626
3337875586269,false,סיקפלסט ג'ל B5 - קרם לשיקום עור פגום,לה רוש-פוזה La Roche-Posay,,סיקפלסט ג'ל B5 - קרם לשיקום עור פגום,מליליטרים,40,"100 מ""ל",false,0,66.00,165.00,true,1,3337875586269
3337875586283,false,סלואו אייג' קרם לילה ומסכה,וישי VICHY,,סלואו אייג' קרם לילה ומסכה,מליליטרים,50,"100 מ""ל",false,0,189.00,378.00,true,1,3337875586283
3337875588348,false,טולריאן סנסיטיב ריץ' קרם לחות,לה רוש-פוזה La Roche-Posay,,טולריאן סנסיטיב ריץ' קרם לחות,מליליטרים,40,"100 מ""ל",false,0,129.00,322.50,true,1,3337875588348
3337875588713,false,אקוואליה טרמל סרום לחות,וישי VICHY,,אקוואליה טרמל סרום לחות,מליליטרים,30,"100 מ""ל",false,0,139.00,463.33,true,1,3337875588713
3337875588829,false,אקוואליה טרמל לייט קרם יום,וישי VICHY,,אקוואליה טרמל לייט קרם יום,מליליטרים,50,"100 מ""ל",false,0,129.00,258.00,true,1,3337875588829
3337875596763,false,סרום מינרל 89 לעיניים,וישי VICHY,,סרום מינרל 89 לעיניים,מליליטרים,15,"100 מ""ל",false,0,109.00,726.67,true,1,3337875596763
3337875597203,false,מי פנים מיסלריים,CeraVe,,מי פנים מיסלריים,מליליטרים,295,"100 מ""ל",false,0,54.90,18.61,true,1,3337875597203
3337875597210,false,תחליב לחות לעור יבש עד יבש מאוד,CeraVe,,תחליב לחות לעור יבש עד יבש מאוד,מליליטרים,236,"100 מ""ל",false,0,55.90,23.69,true,1,3337875597210
3337875597227,false,קרם לחות לעור יבש עד יבש מאוד,CeraVe,,קרם לחות לעור יבש עד יבש מאוד,גרמים,340,100 גרם,false,0,79.90,23.50,true,1,3337875597227
3337875597296,false,"קרם רגליים משקם לעור יבש במיוחד, מחוספס וגבשושי",CeraVe,,"קרם רגליים משקם לעור יבש במיוחד, מחוספס וגבשושי",מליליטרים,88,"100 מ""ל",false,0,39.90,45.34,true,1,3337875597296
3337875597333,false,תחליב ג'ל לניקוי והזנת העור בלחות- לעור רגיל עד יבש,CeraVe,,תחליב ג'ל לניקוי והזנת העור בלחות- לעור רגיל עד יבש,מליליטרים,473,"100 מ""ל",false,0,59.90,12.66,true,1,3337875597333
3337875597395,false,תחליב לחות לעור יבש עד יבש מאוד,CeraVe,,תחליב לחות לעור יבש עד יבש מאוד,מליליטרים,473,"100 מ""ל",false,0,89.90,19.01,true,1,3337875597395
3337875597449,false,תחליב לחות לפנים - לילה- לעור רגיל עד יבש,CeraVe,,תחליב לחות לפנים - לילה- לעור רגיל עד יבש,מליליטרים,52,"100 מ""ל",false,0,59.90,115.19,true,1,3337875597449
3337875597487,false,תחליב לחות לפנים עם SPF 25 לעור רגיל עד יבש,CeraVe,,תחליב לחות לפנים עם SPF 25 לעור רגיל עד יבש,מליליטרים,52,"100 מ""ל",false,0,59.90,115.19,true,1,3337875597487
3337875598071,false,אפקלאר דואו+ למניעה חוזרת של פצעונים,לה רוש-פוזה La Roche-Posay,,אפקלאר דואו+ למניעה חוזרת של פצעונים,מליליטרים,40,"100 מ""ל",false,0,99.90,249.75,true,1,3337875598071
3337875604796,false,ליפטאקטיב סופרים סרום 10 לפנים,וישי VICHY,,ליפטאקטיב סופרים סרום 10 לפנים,מליליטרים,30,"100 מ""ל",false,0,199.00,663.33,true,1,3337875604796
3337875604802,false,נאובדיול מג'יסטרל אלקסיר שמן לפנים,וישי VICHY,,נאובדיול מג'יסטרל אלקסיר שמן לפנים,מליליטרים,30,"100 מ""ל",false,0,229.00,763.33,true,1,3337875604802
3337875607254,false,ליפטאקטיב קולגן ספיישליסט קרם יום,וישי VICHY,,ליפטאקטיב קולגן ספיישליסט קרם יום,מליליטרים,50,"100 מ""ל",false,0,229.00,458.00,true,1,3337875607254
3337875613668,false,היאלו B5 לטיפול בקמטים באזור קונטור העיניים,לה רוש-פוזה La Roche-Posay,,היאלו B5 לטיפול בקמטים באזור קונטור העיניים,מליליטרים,15,"100 מ""ל",false,0,169.00,1126.67,true,1,3337875613668
3337875646796,false,קרם לילה נאובדיול רוז פלטיניום,וישי VICHY,,קרם לילה נאובדיול רוז פלטיניום,מליליטרים,50,"100 מ""ל",false,0,219.00,438.00,true,1,3337875646796
3337875647182,false,נאובדיול קרם למיצוק הצוואר,וישי VICHY,,נאובדיול קרם למיצוק הצוואר,מליליטרים,50,"100 מ""ל",false,0,209.00,418.00,true,1,3337875647182
3337875656764,false,ליפיקאר שמן רחצה +AP,לה רוש-פוזה La Roche-Posay,,ליפיקאר שמן רחצה +AP,מליליטרים,400,"100 מ""ל",false,0,114.00,28.50,true,1,3337875656764
3337875663083,false,נורמדרם פיטוסולושן ג'ל ניקוי אינטנסיבי לעור שמן,וישי VICHY,,נורמדרם פיטוסולושן ג'ל ניקוי אינטנסיבי לעור שמן,מליליטרים,400,"100 מ""ל",false,0,89.00,22.25,true,1,3337875663083
3337875673914,false,קארה-סולושנס מסכה משקמת,וישי VICHY,,קארה-סולושנס מסכה משקמת,מליליטרים,200,"100 מ""ל",false,0,70.00,35.00,true,1,3337875673914
3337875673921,false,קארה-סולושנס סרום מזין לטיפול בקצוות פגומים,וישי VICHY,,קארה-סולושנס סרום מזין לטיפול בקצוות פגומים,מליליטרים,40,"100 מ""ל",false,0,169.00,422.50,true,1,3337875673921
3337875687096,false,קרם אנטי אייג'ינג מתקדם לפנים Liftactiv Collagen Specialist,וישי VICHY,,קרם אנטי אייג'ינג מתקדם לפנים Liftactiv Collagen Specialist,מליליטרים,50,"100 מ""ל",false,0,229.00,458.00,true,1,3337875687096
3337875695800,false,ליפטאקטיב ספיישליסט אמפולות פילינג לילה גליקו C,וישי VICHY,,ליפטאקטיב ספיישליסט אמפולות פילינג לילה גליקו C,יחידות,30,יחידה,false,0,269.00,8.97,true,1,3337875695800
3337875696548,false,ליפיקאר AP+M פלוס-קרם גוף מזין לעור יבש,לה רוש-פוזה La Roche-Posay,,ליפיקאר AP+M פלוס-קרם גוף מזין לעור יבש,מליליטרים,400,"100 מ""ל",false,0,149.00,37.25,true,1,3337875696548
3337875696579,false,ליפקאר באלם קרם גוף,לה רוש-פוזה La Roche-Posay,,ליפקאר באלם קרם גוף,מליליטרים,200,"100 מ""ל",false,0,104.00,52.00,true,1,3337875696579
3337875708906,false,נאובדיול מגיסטרל קרם לילה,וישי VICHY,,נאובדיול מגיסטרל קרם לילה,מליליטרים,50,"100 מ""ל",false,0,179.90,359.80,true,1,3337875708906
3337875719209,false,סרום ליפטאקטיב סופרים,וישי VICHY,,סרום ליפטאקטיב סופרים,מליליטרים,30,"100 מ""ל",false,0,229.00,763.33,true,1,3337875719209
3337875763967,false,קרם ידיים משקם לידיים מחוספסות ויבשות במיוחד,CeraVe,,קרם ידיים משקם לידיים מחוספסות ויבשות במיוחד,מליליטרים,100,"100 מ""ל",false,0,39.90,39.90,true,1,3337875763967
3349666007921,false,וואן מיליון One Million א.ד.ט לגבר,פאקו רבאן Paco Rabanne,,וואן מיליון One Million א.ד.ט לגבר,מליליטרים,100,"100 מ""ל",false,0,259.90,259.90,true,1,3349666007921
3349668515660,false,"אינוויקטוס Invictus א.ד.ט לגבר 100 מ""ל",פאקו רבאן Paco Rabanne,,"אינוויקטוס Invictus א.ד.ט לגבר 100 מ""ל",מליליטרים,100,"100 מ""ל",false,0,229.90,229.90,true,1,3349668515660
3355991003019,false,"SILVER SCENT INTENSE א.ד.ט לגבר 100 מ""ל",ג'קוס בוגרט JACQUES BOGART,,"SILVER SCENT INTENSE א.ד.ט לגבר 100 מ""ל",מליליטרים,100,"100 מ""ל",false,0,109.90,109.90,true,1,3355991003019
3386460032681,false,"LEGEND א.ד.ט לגבר 100 מ""ל",מונט בלנק MONT BLANC,,"LEGEND א.ד.ט לגבר 100 מ""ל",מליליטרים,100,"100 מ""ל",false,0,189.90,189.90,true,1,3386460032681
3386460076388,false,"רושאס Rochas א.ד.ט לגבר 100 מ""ל",רושאס Rochas,,"רושאס Rochas א.ד.ט לגבר 100 מ""ל",מליליטרים,100,"100 מ""ל",false,0,159.90,159.90,true,1,3386460076388
3387390320244,false,פיטנס Fitness דגנים מלאים עם פירות,נסטלה Nestle,,פיטנס Fitness דגנים מלאים עם פירות,גרמים,375,100 גרם,false,0,19.90,5.31,true,1,3387390320244
3387390525960,false,קראנץ' Crunch דגנים פריכים עם שוקולד,נסטלה Nestle,,קראנץ' Crunch דגנים פריכים עם שוקולד,גרמים,500,100 גרם,false,0,21.90,4.38,true,1,3387390525960
3387390730852,false,פיטנס Fitness קלאסי דגנים מלאים ואורז,נסטלה Nestle,,פיטנס Fitness קלאסי דגנים מלאים ואורז,גרמים,375,100 גרם,false,0,19.90,5.31,true,1,3387390730852
3401598336354,false,ג'ל למניעה וטיפול בצלקות עם מסנן קרינה SPF 30,קלו קוט KELO COTE,,ג'ל למניעה וטיפול בצלקות עם מסנן קרינה SPF 30,גרמים,15,100 גרם,false,0,159.90,1066.00,true,1,3401598336354
3414202000572,false,"קול ווטר Cool Water לגבר א.ד.ט 125 מ""ל",דווידוף Davidoff,,"קול ווטר Cool Water לגבר א.ד.ט 125 מ""ל",מליליטרים,125,"100 מ""ל",false,0,109.90,87.92,true,1,3414202000572
3414202011752,false,"קול ווטר Cool Water לאישה א.ד.ט 100 מ""ל",דווידוף Davidoff,,"קול ווטר Cool Water לאישה א.ד.ט 100 מ""ל",מליליטרים,100,"100 מ""ל",false,0,99.90,99.90,true,1,3414202011752
3414204200949,false,"SCULPTURE ניקוס א.ד.ט לגבר 100 מ""ל",סקלפצ'ר SCULPTURE,,"SCULPTURE ניקוס א.ד.ט לגבר 100 מ""ל",מליליטרים,100,"100 מ""ל",false,0,79.90,79.90,true,1,3414204200949
3417320023881,false,בירה חזקה 8.8% סברנה Saverne,,,בירה חזקה 8.8% סברנה Saverne,מליליטרים,500,"100 מ""ל",false,0,6.90,1.38,true,1,3417320023881
3433422404397,false,מים טרמליים,לה רוש-פוזה La Roche-Posay,,מים טרמליים,מליליטרים,150,"100 מ""ל",false,0,49.00,32.67,true,1,3433422404397
3433422408159,false,אפקלאר תמיסה לכיווץ נקבוביות,לה רוש-פוזה La Roche-Posay,,אפקלאר תמיסה לכיווץ נקבוביות,מליליטרים,200,"100 מ""ל",false,0,89.00,44.50,true,1,3433422408159
3433422408586,false,ליפיקאר סורגרה קרם רחצה - לעור יבש,לה רוש-פוזה La Roche-Posay,,ליפיקאר סורגרה קרם רחצה - לעור יבש,מליליטרים,400,"100 מ""ל",false,0,104.00,26.00,true,1,3433422408586
3504105024932,false,מוסטלה - משחת החתלה למניעה וטיפול בתפרחת חיתולים,מוסטלה Mustela,,מוסטלה - משחת החתלה למניעה וטיפול בתפרחת חיתולים,מליליטרים,100,"100 מ""ל",false,0,39.90,39.90,true,1,3504105024932
3504105030629,false,סטלטופיה שמפו קצף טיפולי לעור יבש במיוחד,מוסטלה Mustela,,סטלטופיה שמפו קצף טיפולי לעור יבש במיוחד,מליליטרים,150,"100 מ""ל",false,0,64.90,43.27,true,1,3504105030629
3504105031565,false,סטלטופיה קרם לחות טיפולי לפנים לעור יבש במיוחד,מוסטלה Mustela,,סטלטופיה קרם לחות טיפולי לפנים לעור יבש במיוחד,מליליטרים,40,"100 מ""ל",false,0,60.00,150.00,true,1,3504105031565
3504105033347,false,סיקסטלה- קרם להרגעה ושיקום העור,מוסטלה Mustela,,סיקסטלה- קרם להרגעה ושיקום העור,מליליטרים,40,"100 מ""ל",false,0,49.90,124.75,true,1,3504105033347
3504105033392,false,סטלטופיה פורטה קרם לחות טיפולי לגוף ולפנים,מוסטלה Mustela,,סטלטופיה פורטה קרם לחות טיפולי לגוף ולפנים,מליליטרים,200,"100 מ""ל",false,0,119.90,59.95,true,1,3504105033392
3504105033514,false,סטלטופיה קרם לחות טיפולי לגוף ולפנים לעור יבש במיוחד,מוסטלה Mustela,,סטלטופיה קרם לחות טיפולי לגוף ולפנים לעור יבש במיוחד,מליליטרים,200,"100 מ""ל",false,0,119.90,59.95,true,1,3504105033514
3504105033620,false,סטלטופיה - ג'ל רחצה טיפולי,מוסטלה Mustela,,סטלטופיה - ג'ל רחצה טיפולי,מליליטרים,200,"100 מ""ל",false,0,79.90,39.95,true,1,3504105033620
3504105033828,false,מוסטלה - קרם למניעת סימני מתיחה,מוסטלה Mustela,,מוסטלה - קרם למניעת סימני מתיחה,מליליטרים,150,"100 מ""ל",false,0,119.90,79.93,true,1,3504105033828
3504105034290,false,שמן רחצה לגוף ולשיער לעור יבש,מוסטלה Mustela,,שמן רחצה לגוף ולשיער לעור יבש,מליליטרים,500,"100 מ""ל",false,0,100.00,20.00,true,1,3504105034290
3504105034405,false,שמפו קצף לתינוקות רכים,מוסטלה Mustela,,שמפו קצף לתינוקות רכים,מליליטרים,150,"100 מ""ל",false,0,39.90,26.60,true,1,3504105034405
3504105034535,false,שמן למניעת סימני מתיחה ללא בישום,מוסטלה Mustela,,שמן למניעת סימני מתיחה ללא בישום,מליליטרים,105,"100 מ""ל",false,0,74.90,71.33,true,1,3504105034535
3504105035860,false,מוסטלה - שמן עיסוי לתינוקות וילדים,מוסטלה Mustela,,מוסטלה - שמן עיסוי לתינוקות וילדים,מליליטרים,100,"100 מ""ל",false,0,54.90,54.90,true,1,3504105035860
3504105035914,false,מוסטלה - קרם גוף לתינוקות וילדים,מוסטלה Mustela,,מוסטלה - קרם גוף לתינוקות וילדים,מליליטרים,300,"100 מ""ל",false,0,54.90,18.30,true,1,3504105035914
3504105036126,false,מוסטלה שמפו עדין לתינוקות מכיל אבוקדו אורגני,מוסטלה Mustela,,מוסטלה שמפו עדין לתינוקות מכיל אבוקדו אורגני,מליליטרים,200,"100 מ""ל",false,0,39.90,19.95,true,1,3504105036126
3523230026888,false,גבינת עיזים למריחה עם שום ועשבי תיבול,סואניון SOIGNON,,גבינת עיזים למריחה עם שום ועשבי תיבול,גרמים,140,100 גרם,false,0,19.90,16.36,true,1,3523230026888
3562700373084,false,"יגואר Jaguar לגבר א.ד.ט 100 מ""ל",יגואר Jaguar,,"יגואר Jaguar לגבר א.ד.ט 100 מ""ל",מליליטרים,100,"100 מ""ל",false,0,79.90,79.90,true,1,3562700373084
3562700393082,false,"בושם יגואר פרפורמנס א.ד.ט 100 מ""ל",יגואר Jaguar,,"בושם יגואר פרפורמנס א.ד.ט 100 מ""ל",מליליטרים,100,"100 מ""ל",false,0,79.90,79.90,true,1,3562700393082
3563490014898,false,חרדל דיז'ון במרקם חלק,ריין דיז'ון reine dijon,,חרדל דיז'ון במרקם חלק,גרמים,265,100 גרם,false,0,12.90,4.87,true,1,3563490014898
3574660026788,false,טלק Baby Powder,ג'ונסונס Johnson's,,טלק Baby Powder,גרמים,200,100 גרם,false,0,18.90,9.45,true,1,3574660026788
3574660058857,false,שמן לתינוק,ג'ונסונס Johnson's,,שמן לתינוק,מליליטרים,500,"100 מ""ל",false,0,29.90,5.98,true,1,3574660058857
3574660089547,false,טמפונים אורגינל נורמל,או בה O.B,,טמפונים אורגינל נורמל,יחידות,32,יחידה,false,0,29.90,0.93,true,1,3574660089547
3574660115154,false,טמפונים אורגינל סופר,או בה O.B,,טמפונים אורגינל סופר,יחידות,32,יחידה,false,0,29.90,0.93,true,1,3574660115154
3574660149807,false,תרחיץ גרגירים לניקוי יומי לניקוי ראשים שחורים,קלין אנד קליר Clean & clear,,תרחיץ גרגירים לניקוי יומי לניקוי ראשים שחורים,מליליטרים,150,"100 מ""ל",false,0,49.90,33.27,true,1,3574660149807
3574660239829,false,קרם ידיים ספיגה מהירה במרקם קליל,ניוטרוג'ינה Neutrogena,,קרם ידיים ספיגה מהירה במרקם קליל,מליליטרים,75,"100 מ""ל",false,0,19.90,39.87,true,1,3574660239829
3574660239973,false,טמפונים פרו קומפורט נורמל,או בה O.B,,טמפונים פרו קומפורט נורמל,יחידות,32,יחידה,false,0,29.90,0.93,true,1,3574660239973
3574660245844,false,תרחיץ פנים לניקוי עמוק Deep Clean,ניוטרוג'ינה Neutrogena,,תרחיץ פנים לניקוי עמוק Deep Clean,מליליטרים,200,"100 מ""ל",false,0,36.90,27.45,true,1,3574660245844
3574660333466,false,טמפונים פרו קומפורט מיני,או בה O.B,,טמפונים פרו קומפורט מיני,יחידות,32,יחידה,false,0,29.90,0.93,true,1,3574660333466
3574660342291,false,קרם ידיים וציפורניים,ניוטרוג'ינה Neutrogena,,קרם ידיים וציפורניים,מליליטרים,75,"100 מ""ל",false,0,19.90,39.87,true,1,3574660342291
3574660464337,false,מגני תחתון קרפרי נורמל אוורירי מבושם,קרפרי Carefree,,מגני תחתון קרפרי נורמל אוורירי מבושם,יחידות,76,יחידה,false,0,22.90,0.30,true,1,3574660464337
3574660464368,false,מגני תחתון קרפרי אוורירי אלוורה,קרפרי Carefree,,מגני תחתון קרפרי אוורירי אלוורה,יחידות,76,יחידה,false,0,22.90,0.30,true,1,3574660464368
3574660464429,false,מגני תחתון קרפרי נורמל אוורירי עם מעטפת כותנה,קרפרי Carefree,,מגני תחתון קרפרי נורמל אוורירי עם מעטפת כותנה,יחידות,76,יחידה,false,0,22.90,0.30,true,1,3574660464429
3574660514643,false,קרם לחות עשיר רב שימושי,ניוטרוג'ינה Neutrogena,,קרם לחות עשיר רב שימושי,מליליטרים,300,"100 מ""ל",false,0,19.90,11.63,true,1,3574660514643
3574661003924,false,שטיפת פה טוטאל קר בטעם מנטה צלול,ליסטרין Listerine,,שטיפת פה טוטאל קר בטעם מנטה צלול,מליליטרים,500,"100 מ""ל",false,0,22.90,4.58,true,1,3574661003924
3574661098531,false,תחליב גוף לעור רגיש ויבש ללא בישום,ניוטרוג'ינה Neutrogena,,תחליב גוף לעור רגיש ויבש ללא בישום,מליליטרים,400,"100 מ""ל",false,0,19.90,9.98,true,1,3574661098531
3574661098937,false,תחליב גוף לעור יבש,ניוטרוג'ינה Neutrogena,,תחליב גוף לעור יבש,מליליטרים,400,"100 מ""ל",false,0,19.90,9.98,true,1,3574661098937
3574661141022,false,תחבושות היגייניות ללילה Maxi Comfort,וניה Vania,,תחבושות היגייניות ללילה Maxi Comfort,יחידות,12,יחידה,false,0,24.90,2.08,true,1,3574661141022
3574661199894,false,קרם ידיים משקם Visibly Renew SPF 15,ניוטרוג'ינה Neutrogena,,קרם ידיים משקם Visibly Renew SPF 15,מליליטרים,75,"100 מ""ל",false,0,19.90,39.87,true,1,3574661199894
3574661200019,false,תחליב גוף לעור יבש לשיפור גמישות הגוף,ניוטרוג'ינה Neutrogena,,תחליב גוף לעור יבש לשיפור גמישות הגוף,מליליטרים,400,"100 מ""ל",false,0,19.90,9.98,true,1,3574661200019
3574661245409,false,תרחיץ קרם לניקוי עמוק,קלין אנד קליר Clean & clear,,תרחיץ קרם לניקוי עמוק,מליליטרים,150,"100 מ""ל",false,0,39.90,26.60,true,1,3574661245409
3574661391373,false,הידרו בוסט תחליב קרם ג'ל גוף לעור רגיל עד יבש,ניוטרוג'ינה Neutrogena,,הידרו בוסט תחליב קרם ג'ל גוף לעור רגיל עד יבש,מליליטרים,400,"100 מ""ל",false,0,19.90,9.98,true,1,3574661391373
3574661392486,false,הידרו בוסט קרם ג'ל לידיים,ניוטרוג'ינה Neutrogena,,הידרו בוסט קרם ג'ל לידיים,מליליטרים,75,"100 מ""ל",false,0,19.90,39.87,true,1,3574661392486
3574661425696,false,תחליב לחות לתינוק,ג'ונסונס Johnson's,,תחליב לחות לתינוק,מליליטרים,500,"100 מ""ל",false,0,29.90,5.98,true,1,3574661425696
3574661428048,false,שטיפת ידיים וגוף ייעודית לילדים מנקה ומגן,ג'ונסונס Johnson's,,שטיפת ידיים וגוף ייעודית לילדים מנקה ומגן,מליליטרים,500,"100 מ""ל",false,0,14.90,2.98,true,1,3574661428048
3574661432847,false,מרכך שיער די לקשרים,ג'ונסונס Johnson's,,מרכך שיער די לקשרים,מליליטרים,500,"100 מ""ל",false,0,19.90,3.98,true,1,3574661432847
3574661487328,false,מגני תחתון אורגינל,קרפרי Carefree,,מגני תחתון אורגינל,יחידות,56,יחידה,false,0,19.90,0.36,true,1,3574661487328
3574661487335,false,מגני תחתון מקסי לונג מבושם,קרפרי Carefree,,מגני תחתון מקסי לונג מבושם,יחידות,40,יחידה,false,0,19.90,0.50,true,1,3574661487335
3574661487618,false,מגני תחתון פלוס לארג' L,קרפרי Carefree,,מגני תחתון פלוס לארג' L,יחידות,48,יחידה,false,0,19.90,0.41,true,1,3574661487618
3574661487625,false,מגני תחתון פלוס לארג' בניחוח עדין L,קרפרי Carefree,,מגני תחתון פלוס לארג' בניחוח עדין L,יחידות,48,יחידה,false,0,19.90,0.41,true,1,3574661487625
3574661487632,false,מגני תחתון פלוס לארג' בניחוח עדין L,קרפרי Carefree,,מגני תחתון פלוס לארג' בניחוח עדין L,יחידות,64,יחידה,false,0,22.90,0.36,true,1,3574661487632
3574661491806,false,מי פה אדבנס וויט מנטה מסירה כתמים קשים,ליסטרין Listerine,,מי פה אדבנס וויט מנטה מסירה כתמים קשים,מליליטרים,500,"100 מ""ל",false,0,22.90,4.58,true,1,3574661491806
3574661500355,false,מגן תחתון לונג פלוס בניחוח עדין L/XL,קרפרי Carefree,,מגן תחתון לונג פלוס בניחוח עדין L/XL,יחידות,40,יחידה,false,0,19.90,0.50,true,1,3574661500355
3574661501901,false,שטיפה אינטימית יומיומית מכיל תה ירוק ואלוורה,קרפרי Carefree,,שטיפה אינטימית יומיומית מכיל תה ירוק ואלוורה,מליליטרים,200,"100 מ""ל",false,0,16.90,8.45,true,1,3574661501901
3574661504162,false,מוס לשטיפה אינטימית יומיומית מכיל תה ירוק ואלוורה,קרפרי Carefree,,מוס לשטיפה אינטימית יומיומית מכיל תה ירוק ואלוורה,מליליטרים,150,"100 מ""ל",false,0,16.90,11.27,true,1,3574661504162
3574661530697,false,תרחיץ ושמפו מכף רגל ועד ראש,ג'ונסונס Johnson's,,תרחיץ ושמפו מכף רגל ועד ראש,מליליטרים,500,"100 מ""ל",false,0,16.90,3.98,true,1,3574661530697
3574661552576,false,מגן תחתון רגיל טנגה לבן,קרפרי Carefree,,מגן תחתון רגיל טנגה לבן,יחידות,56,יחידה,false,0,19.90,0.36,true,1,3574661552576
3574661552804,false,מגני תחתון קרפרי אלוורה S/M,קרפרי Carefree,,מגני תחתון קרפרי אלוורה S/M,יחידות,56,יחידה,false,0,19.90,0.36,true,1,3574661552804
3574661552811,false,מגן תחתון כותון אוורירי,קרפרי Carefree,,מגן תחתון כותון אוורירי,יחידות,56,יחידה,false,0,19.90,0.36,true,1,3574661552811
3574661554877,false,מגן תחתון אוורירי מבושם,קרפרי Carefree,,מגן תחתון אוורירי מבושם,יחידות,56,יחידה,false,0,19.90,0.36,true,1,3574661554877
3574661554884,false,מגן תחתון רגיל טנגה ריחני,קרפרי Carefree,,מגן תחתון רגיל טנגה ריחני,יחידות,56,יחידה,false,0,19.90,0.36,true,1,3574661554884
3574661643359,false,ליסטרין נטורל שטיפת פה בטעם מעודן,ליסטרין Listerine,,ליסטרין נטורל שטיפת פה בטעם מעודן,מליליטרים,500,"100 מ""ל",false,0,22.90,4.58,true,1,3574661643359
3574661650029,false,ליסטרין שטיפת פה להגנה על החניכיים בטעם מעודן,ליסטרין Listerine,,ליסטרין שטיפת פה להגנה על החניכיים בטעם מעודן,מליליטרים,500,"100 מ""ל",false,0,22.90,4.58,true,1,3574661650029
3574669907682,false,טלק Baby Powder,ג'ונסונס Johnson's,,טלק Baby Powder,גרמים,500,100 גרם,false,0,29.90,5.98,true,1,3574669907682
3574669907767,false,שמפו קמומיל לתינוק,ג'ונסונס Johnson's,,שמפו קמומיל לתינוק,מליליטרים,750,"100 מ""ל",false,0,16.90,3.72,true,1,3574669907767
3574669907972,false,טיפות של ברק שמפו לילדים,ג'ונסונס Johnson's,,טיפות של ברק שמפו לילדים,מליליטרים,750,"100 מ""ל",false,0,16.90,3.72,true,1,3574669907972
3574669908146,false,תחליב לחות לפני השינה,ג'ונסונס Johnson's,,תחליב לחות לפני השינה,מליליטרים,500,"100 מ""ל",false,0,29.90,5.98,true,1,3574669908146
3574669908245,false,טיפות של ברק מרכך שיער לילדים,ג'ונסונס Johnson's,,טיפות של ברק מרכך שיער לילדים,מליליטרים,500,"100 מ""ל",false,0,16.90,3.98,true,1,3574669908245
3574669908481,false,אל סבון לתינוק Baby Bath,ג'ונסונס Johnson's,,אל סבון לתינוק Baby Bath,מליליטרים,750,"100 מ""ל",false,0,16.90,3.05,true,1,3574669908481
3574669908665,false,אל סבון לפני השינה,ג'ונסונס Johnson's,,אל סבון לפני השינה,מליליטרים,750,"100 מ""ל",false,0,16.90,3.05,true,1,3574669908665
3574669908948,false,תחליב רחצה עדין לתינוק,ג'ונסונס Johnson's,,תחליב רחצה עדין לתינוק,מליליטרים,750,"100 מ""ל",false,0,16.90,3.05,true,1,3574669908948
3574669909181,false,ג'ונסון בייבי שמן אלוורה,ג'ונסונס Johnson's,,ג'ונסון בייבי שמן אלוורה,מליליטרים,300,"100 מ""ל",false,0,22.90,7.63,true,1,3574669909181
3574669909204,false,ג'ונסון בייבי שמן,ג'ונסונס Johnson's,,ג'ונסון בייבי שמן,מליליטרים,300,"100 מ""ל",false,0,22.90,7.63,true,1,3574669909204
3574669909495,false,שמפו די לקשרים,ג'ונסונס Johnson's,,שמפו די לקשרים,מליליטרים,500,"100 מ""ל",false,0,19.90,3.98,true,1,3574669909495
3574669909822,false,טיפות של ברק תרסיס מרכך שיער לילדים,ג'ונסונס Johnson's,,טיפות של ברק תרסיס מרכך שיער לילדים,מליליטרים,200,"100 מ""ל",false,0,16.90,8.45,true,1,3574669909822
3600520881799,false,TELESCOPIC מסקרה שחורה,לוריאל פריז L'OREAL PARIS,,TELESCOPIC מסקרה שחורה,,0,,false,0,49.90,0.00,true,1,3600520881799
3600521720219,false,קרם פנים לילה עם פעולה משולשת לכל סוגי העור,לוריאל Loreal,,קרם פנים לילה עם פעולה משולשת לכל סוגי העור,,0,,false,0,44.90,0.00,true,1,3600521720219
3600522025252,false,איילינר Super Liner שחור לכה,לוריאל פריז L'OREAL PARIS,,איילינר Super Liner שחור לכה,מליליטרים,6,"100 מ""ל",false,0,49.90,831.67,true,1,3600522025252
3600522323303,false,קרם לילה Age perfect cell renew,לוריאל Loreal,,קרם לילה Age perfect cell renew,,0,,false,0,99.90,0.00,true,1,3600522323303
3600522344070,false,מסכה מגנה לשיער צבוע אלביב Elvive,לוריאל Loreal,,מסכה מגנה לשיער צבוע אלביב Elvive,מליליטרים,300,"100 מ""ל",false,0,24.90,8.30,true,1,3600522344070
3600522550129,false,קרם אנטי-אייג'ינג יום אייג' ספשיאליסט +45,לוריאל Loreal,,קרם אנטי-אייג'ינג יום אייג' ספשיאליסט +45,מליליטרים,50,"100 מ""ל",false,0,49.90,99.80,true,1,3600522550129
3600522550167,false,קרם אנטי-אייג'ינג לילה אייג' ספשיאליסט +45,לוריאל Loreal,,קרם אנטי-אייג'ינג לילה אייג' ספשיאליסט +45,מליליטרים,50,"100 מ""ל",false,0,49.90,99.80,true,1,3600522550167
3600522550204,false,קרם אנטי-אייג'ינג יום אייג' ספשיאליסט +55,לוריאל Loreal,,קרם אנטי-אייג'ינג יום אייג' ספשיאליסט +55,מליליטרים,50,"100 מ""ל",false,0,49.90,99.80,true,1,3600522550204
3600522632436,false,קרם אנטי-אייג'ינג לילה אייג' ספשיאליסט +55,לוריאל Loreal,,קרם אנטי-אייג'ינג לילה אייג' ספשיאליסט +55,מליליטרים,50,"100 מ""ל",false,0,49.90,99.80,true,1,3600522632436
3600522833161,false,מסקרה שחורה False Lash Superstar,לוריאל פריז L'OREAL PARIS,,מסקרה שחורה False Lash Superstar,מליליטרים,7,"100 מ""ל",false,0,59.90,921.54,true,1,3600522833161
3600522862390,false,מייק אפ True Match N2,לוריאל פריז L'OREAL PARIS,,מייק אפ True Match N2,מליליטרים,30,"100 מ""ל",false,0,79.90,266.33,true,1,3600522862390
3600522862413,false,מייק אפ True Match N4,לוריאל פריז L'OREAL PARIS,,מייק אפ True Match N4,מליליטרים,30,"100 מ""ל",false,0,79.90,266.33,true,1,3600522862413
3600522862482,false,מייק אפ True Match C2,לוריאל פריז L'OREAL PARIS,,מייק אפ True Match C2,מליליטרים,30,"100 מ""ל",false,0,79.90,266.33,true,1,3600522862482
3600522862543,false,מייק אפ True Match W3,לוריאל פריז L'OREAL PARIS,,מייק אפ True Match W3,מליליטרים,30,"100 מ""ל",false,0,79.90,266.33,true,1,3600522862543
3600523193141,false,תרסיס לכיסוי שורשי השיער Magic Retouch שחור,לוריאל Loreal,,תרסיס לכיסוי שורשי השיער Magic Retouch שחור,מליליטרים,75,"100 מ""ל",false,0,34.90,46.53,true,1,3600523193141
3600523193158,false,תרסיס לכיסוי שורשי השיער Magic Retouch חום,לוריאל Loreal,,תרסיס לכיסוי שורשי השיער Magic Retouch חום,מליליטרים,75,"100 מ""ל",false,0,34.90,46.53,true,1,3600523193158
3600523193165,false,תרסיס לכיסוי שורשי השיער Magic Retouch חום בהיר,לוריאל Loreal,,תרסיס לכיסוי שורשי השיער Magic Retouch חום בהיר,מליליטרים,75,"100 מ""ל",false,0,34.90,46.53,true,1,3600523193165
3600523206834,false,רויטליפט פילר קרם יום אנטי אייג'ינג להשבת נפח,לוריאל Loreal,,רויטליפט פילר קרם יום אנטי אייג'ינג להשבת נפח,,0,,false,0,99.90,0.00,true,1,3600523206834
3600523587865,false,קרם לשיער ארוך ופגום Dream Long,לוריאל - אלביב Elvive,,קרם לשיער ארוך ופגום Dream Long,מליליטרים,200,"100 מ""ל",false,0,24.90,12.45,true,1,3600523587865
3600523605972,false,מסכת הזנה רב שימושית מכילה שמן קוקוס,לוריאל - אלביב Elvive,,מסכת הזנה רב שימושית מכילה שמן קוקוס,מליליטרים,300,"100 מ""ל",false,0,24.90,8.30,true,1,3600523605972
3600523642489,false,מסכת הזנה אינטנסיבית 6 שמנים לשיער יבש,לוריאל - אלביב Elvive,,מסכת הזנה אינטנסיבית 6 שמנים לשיער יבש,מליליטרים,300,"100 מ""ל",false,0,24.90,8.30,true,1,3600523642489
3600523651870,false,שמפו לחיזוק סיב השערה לכל סוגי השיער,לוריאל - אלביב Elvive,,שמפו לחיזוק סיב השערה לכל סוגי השיער,מליליטרים,550,"100 מ""ל",false,0,14.90,2.71,true,1,3600523651870
3600523651887,false,שמפו משקם לשיער פגום Total Repair,לוריאל - אלביב Elvive,,שמפו משקם לשיער פגום Total Repair,מליליטרים,550,"100 מ""ל",false,0,14.90,2.71,true,1,3600523651887
3600523651900,false,מרכך לחיזוק סיב השערה לכל סוגי השיער,לוריאל - אלביב Elvive,,מרכך לחיזוק סיב השערה לכל סוגי השיער,מליליטרים,550,"100 מ""ל",false,0,14.90,2.71,true,1,3600523651900
3600523652228,false,מרכך משקם לשיער פגום Total Repair,לוריאל - אלביב Elvive,,מרכך משקם לשיער פגום Total Repair,מליליטרים,550,"100 מ""ל",false,0,14.90,2.71,true,1,3600523652228
3600523652242,false,שמפו מטפח לשיער צבוע Color Protect,לוריאל - אלביב Elvive,,שמפו מטפח לשיער צבוע Color Protect,מליליטרים,550,"100 מ""ל",false,0,14.90,2.71,true,1,3600523652242
3600523652280,false,שמפו 6 שמנים להזנה אינטנסיבית,לוריאל - אלביב Elvive,,שמפו 6 שמנים להזנה אינטנסיבית,מליליטרים,550,"100 מ""ל",false,0,14.90,2.71,true,1,3600523652280
3600523652297,false,מרכך 6 שמנים להזנה אינטנסיבית,לוריאל - אלביב Elvive,,מרכך 6 שמנים להזנה אינטנסיבית,מליליטרים,550,"100 מ""ל",false,0,14.90,2.71,true,1,3600523652297
3600523670079,false,UNLIMITED VERY DIFFERENT מסקרה שחורה,לוריאל פריז L'OREAL PARIS,,UNLIMITED VERY DIFFERENT מסקרה שחורה,יחידות,1,יחידה,false,0,49.90,49.90,true,1,3600523670079
3600523674619,false,מסקרה ג'ל צבע לעיצוב גבות עמיד במים וזיעה 105,לוריאל פריז L'OREAL PARIS,,מסקרה ג'ל צבע לעיצוב גבות עמיד במים וזיעה 105,מליליטרים,3,"100 מ""ל",false,0,59.90,1761.76,true,1,3600523674619
3600523782567,false,שמפו משקם לשיער ארוך ופגום Dream Long,לוריאל - אלביב Elvive,,שמפו משקם לשיער ארוך ופגום Dream Long,מליליטרים,500,"100 מ""ל",false,0,14.90,2.98,true,1,3600523782567
3600523782574,false,מסכה לשיער ארוך ופגום Dream Length,לוריאל - אלביב Elvive,,מסכה לשיער ארוך ופגום Dream Length,מליליטרים,300,"100 מ""ל",false,0,24.90,8.30,true,1,3600523782574
3600523782581,false,מרכך מתיר קשרים לשיער ארוך ופגום Dream Long,לוריאל - אלביב Elvive,,מרכך מתיר קשרים לשיער ארוך ופגום Dream Long,מליליטרים,500,"100 מ""ל",false,0,14.90,2.98,true,1,3600523782581
3600523816699,false,קרם ג'ל עם פעולה משולשת Triple active fresh,לוריאל Loreal,,קרם ג'ל עם פעולה משולשת Triple active fresh,מליליטרים,50,"100 מ""ל",false,0,44.90,89.80,true,1,3600523816699
3600530695737,false,SUPERSTAY שפתון 150,מייבלין Maybelline,,SUPERSTAY שפתון 150,יחידות,1,יחידה,false,0,39.90,39.90,true,1,3600530695737
3600530695768,false,SUPERSTAY שפתון 185,מייבלין Maybelline,,SUPERSTAY שפתון 185,יחידות,1,יחידה,false,0,39.90,39.90,true,1,3600530695768
3600530695782,false,SUPERSTAY שפתון 195,מייבלין Maybelline,,SUPERSTAY שפתון 195,יחידות,1,יחידה,false,0,39.90,39.90,true,1,3600530695782
3600530695812,false,SUPERSTAY שפתון 260,מייבלין Maybelline,,SUPERSTAY שפתון 260,יחידות,1,יחידה,false,0,39.90,39.90,true,1,3600530695812
3600530695850,false,SUPERSTAY שפתון 340,מייבלין Maybelline,,SUPERSTAY שפתון 340,יחידות,1,יחידה,false,0,39.90,39.90,true,1,3600530695850
3600530695904,false,SUPERSTAY שפתון 510,מייבלין Maybelline,,SUPERSTAY שפתון 510,יחידות,1,יחידה,false,0,39.90,39.90,true,1,3600530695904
3600530695928,false,SUPERSTAY שפתון 542,מייבלין Maybelline,,SUPERSTAY שפתון 542,יחידות,1,יחידה,false,0,39.90,39.90,true,1,3600530695928
3600530695935,false,SUPERSTAY שפתון 585,מייבלין Maybelline,,SUPERSTAY שפתון 585,יחידות,1,יחידה,false,0,39.90,39.90,true,1,3600530695935
3600530695973,false,SUPERSTAY שפתון 640,מייבלין Maybelline,,SUPERSTAY שפתון 640,יחידות,1,יחידה,false,0,39.90,39.90,true,1,3600530695973
3600530696024,false,SUPERSTAY שפתון 760,מייבלין Maybelline,,SUPERSTAY שפתון 760,יחידות,1,יחידה,false,0,39.90,39.90,true,1,3600530696024
3600530733842,false,INSTANT ANTI AGE ERASER קונסילר 01,מייבלין Maybelline,,INSTANT ANTI AGE ERASER קונסילר 01,יחידות,1,יחידה,false,0,44.90,44.90,true,1,3600530733842
3600530733866,false,INSTANT ANTI AGE ERASER קונסילר 03,מייבלין Maybelline,,INSTANT ANTI AGE ERASER קונסילר 03,יחידות,1,יחידה,false,0,44.90,44.90,true,1,3600530733866
3600531293178,false,פלטת צלליות ניוד,מייבלין Maybelline,,פלטת צלליות ניוד,,0,,false,0,44.90,0.00,true,1,3600531293178
3600531324506,false,FIT ME MATTE PORELESS מייק אפ 110,מייבלין Maybelline,,FIT ME MATTE PORELESS מייק אפ 110,יחידות,1,יחידה,false,0,49.90,49.90,true,1,3600531324506
3600531324513,false,FIT ME MATTE PORELESS מייק אפ 115,מייבלין Maybelline,,FIT ME MATTE PORELESS מייק אפ 115,יחידות,1,יחידה,false,0,49.90,49.90,true,1,3600531324513
3600531324544,false,FIT ME MATTE PORELESS מייק אפ 130,מייבלין Maybelline,,FIT ME MATTE PORELESS מייק אפ 130,יחידות,1,יחידה,false,0,49.90,49.90,true,1,3600531324544
3600531324551,false,FIT ME MATTE PORELESS מייק אפ 220,מייבלין Maybelline,,FIT ME MATTE PORELESS מייק אפ 220,יחידות,1,יחידה,false,0,49.90,49.90,true,1,3600531324551
3600531365837,false,SUPERSTAY שפתון 553,מייבלין Maybelline,,SUPERSTAY שפתון 553,יחידות,1,יחידה,false,0,39.90,39.90,true,1,3600531365837
3600531384081,false,FIT ME פודרה 350,מייבלין Maybelline,,FIT ME פודרה 350,יחידות,1,יחידה,false,0,34.90,34.90,true,1,3600531384081
3600531384173,false,FIT ME פודרה 115,מייבלין Maybelline,,FIT ME פודרה 115,יחידות,1,יחידה,false,0,34.90,34.90,true,1,3600531384173
3600531384210,false,FIT ME פודרה 130,מייבלין Maybelline,,FIT ME פודרה 130,יחידות,1,יחידה,false,0,34.90,34.90,true,1,3600531384210
3600531396831,false,INSTANT ANTI AGE ERASER קונסילר 05,מייבלין Maybelline,,INSTANT ANTI AGE ERASER קונסילר 05,יחידות,1,יחידה,false,0,44.90,44.90,true,1,3600531396831
3600531396848,false,INSTANT ANTI AGE ERASER קונסילר 04,מייבלין Maybelline,,INSTANT ANTI AGE ERASER קונסילר 04,יחידות,1,יחידה,false,0,44.90,44.90,true,1,3600531396848
3600531396855,false,INSTANT ANTI AGE ERASER קונסילר 06,מייבלין Maybelline,,INSTANT ANTI AGE ERASER קונסילר 06,יחידות,1,יחידה,false,0,44.90,44.90,true,1,3600531396855
3600531429911,false,פלטת צלליות בורגונדי,מייבלין Maybelline,,פלטת צלליות בורגונדי,יחידות,1,יחידה,false,0,39.90,39.90,true,1,3600531429911
3600531457563,false,SUPERSTAY שפתון 845,מייבלין Maybelline,,SUPERSTAY שפתון 845,יחידות,1,יחידה,false,0,39.90,39.90,true,1,3600531457563
3600531457594,false,SUPERSTAY שפתון 840,מייבלין Maybelline,,SUPERSTAY שפתון 840,יחידות,1,יחידה,false,0,39.90,39.90,true,1,3600531457594
3600531457631,false,SUPERSTAY שפתון 815,מייבלין Maybelline,,SUPERSTAY שפתון 815,יחידות,1,יחידה,false,0,39.90,39.90,true,1,3600531457631
3600531465193,false,INSTANT ANTI AGE ERASER קונסילר 08,מייבלין Maybelline,,INSTANT ANTI AGE ERASER קונסילר 08,,0,,false,0,44.90,0.00,true,1,3600531465193
3600531465230,false,INSTANT ANTI AGE ERASER קונסילר 00,מייבלין Maybelline,,INSTANT ANTI AGE ERASER קונסילר 00,,0,,false,0,44.90,0.00,true,1,3600531465230
3600531537470,false,FIT ME סומק 25,מייבלין Maybelline,,FIT ME סומק 25,יחידות,1,יחידה,false,0,34.90,34.90,true,1,3600531537470
3600531537531,false,FIT ME סומק 35,מייבלין Maybelline,,FIT ME סומק 35,יחידות,1,יחידה,false,0,34.90,34.90,true,1,3600531537531
3600531584696,false,מסקרה FALSIES LASH LIFT בצבע שחור,מייבלין Maybelline,,מסקרה FALSIES LASH LIFT בצבע שחור,יחידות,1,יחידה,false,0,39.90,39.90,true,1,3600531584696
3600531592974,false,NUDES OF NEW YORK פלטת צלליות,מייבלין Maybelline,,NUDES OF NEW YORK פלטת צלליות,יחידות,1,יחידה,false,0,54.90,54.90,true,1,3600531592974
3600541029323,false,מסיר איפור עמיד במים 2 ב1,גרנייה Garnier,,מסיר איפור עמיד במים 2 ב1,מליליטרים,200,"100 מ""ל",false,0,19.90,9.95,true,1,3600541029323
3600541253667,false,דאודורנט ספריי Invisible 48h,גרנייה Garnier,,דאודורנט ספריי Invisible 48h,מליליטרים,150,"100 מ""ל",false,0,11.90,7.93,true,1,3600541253667
3600541382930,false,מי פנים מיסלריים לכל סוגי העור,גרנייה Garnier,,מי פנים מיסלריים לכל סוגי העור,מליליטרים,400,"100 מ""ל",false,0,29.90,7.48,true,1,3600541382930
3600541402270,false,דאודורנט ספריי Invisible 48h ורוד,גרנייה Garnier,,דאודורנט ספריי Invisible 48h ורוד,מליליטרים,150,"100 מ""ל",false,0,11.90,7.93,true,1,3600541402270
3600541740006,false,דאודורנט ספריי אקשן קונטרול,גרנייה Garnier,,דאודורנט ספריי אקשן קונטרול,מליליטרים,150,"100 מ""ל",false,0,11.90,7.93,true,1,3600541740006
3600541928275,false,מי פנים מיסלריים דו-פאזיים מסיר איפור עמיד במים,גרנייה Garnier,,מי פנים מיסלריים דו-פאזיים מסיר איפור עמיד במים,מליליטרים,400,"100 מ""ל",false,0,29.90,7.48,true,1,3600541928275
3600541952720,false,ג'ל גרגירים עם פחם פעיל לטיפול בראשים שחורים,גרנייה Garnier,,ג'ל גרגירים עם פחם פעיל לטיפול בראשים שחורים,מליליטרים,200,"100 מ""ל",false,0,29.90,14.95,true,1,3600541952720
3600542385220,false,דאודורנט רול און פרוטקשן 6 סגול פלורל,גרנייה Garnier,,דאודורנט רול און פרוטקשן 6 סגול פלורל,מליליטרים,50,"100 מ""ל",false,0,11.90,23.80,true,1,3600542385220
3600542385251,false,דאודורנט רול און פרוטקשן 6 ורוד קוטון פרש,גרנייה Garnier,,דאודורנט רול און פרוטקשן 6 ורוד קוטון פרש,מליליטרים,50,"100 מ""ל",false,0,11.90,23.80,true,1,3600542385251
3600542385275,false,דאודורנט רול און פיור אקטיב ללא אלכוהול,גרנייה Garnier,,דאודורנט רול און פיור אקטיב ללא אלכוהול,מליליטרים,50,"100 מ""ל",false,0,11.90,23.80,true,1,3600542385275
3600542431828,false,צבע לשיער קולור נטורלס - 1 שחור טבעי,גרנייה Garnier,,צבע לשיער קולור נטורלס - 1 שחור טבעי,מליליטרים,40,"100 מ""ל",false,0,19.90,49.75,true,1,3600542431828
3600542431835,false,צבע לשיער קולור נטורלס - 3 חום כהה מאוד,גרנייה Garnier,,צבע לשיער קולור נטורלס - 3 חום כהה מאוד,מליליטרים,40,"100 מ""ל",false,0,19.90,49.75,true,1,3600542431835
3600542431842,false,צבע לשיער קולור נטורלס- 4 חום כהה,גרנייה Garnier,,צבע לשיער קולור נטורלס- 4 חום כהה,מליליטרים,40,"100 מ""ל",false,0,19.90,49.75,true,1,3600542431842
3600542431859,false,צבע לשיער קולור נטורלס- 5 חום טבעי,גרנייה Garnier,,צבע לשיער קולור נטורלס- 5 חום טבעי,מליליטרים,40,"100 מ""ל",false,0,19.90,49.75,true,1,3600542431859
3600542431866,false,צבע לשיער קולור נטורלס - 6 חום בהיר,גרנייה Garnier,,צבע לשיער קולור נטורלס - 6 חום בהיר,מליליטרים,40,"100 מ""ל",false,0,19.90,49.75,true,1,3600542431866
3600542431873,false,צבע לשיער קולור נטורלס - 7 בלונד בהיר,גרנייה Garnier,,צבע לשיער קולור נטורלס - 7 בלונד בהיר,מליליטרים,40,"100 מ""ל",false,0,19.90,49.75,true,1,3600542431873
3600542431880,false,צבע לשיער קולור נטורלס - 8 בלונד בהיר,גרנייה Garnier,,צבע לשיער קולור נטורלס - 8 בלונד בהיר,מליליטרים,40,"100 מ""ל",false,0,19.90,49.75,true,1,3600542431880
3600542431897,false,צבע לשיער קולור נטורלס - 9 בלונד בהיר מאוד,גרנייה Garnier,,צבע לשיער קולור נטורלס - 9 בלונד בהיר מאוד,מליליטרים,40,"100 מ""ל",false,0,19.90,49.75,true,1,3600542431897
3600542431903,false,צבע לשיער קולור נטורלס - 10 בלונד סופר בהיר,גרנייה Garnier,,צבע לשיער קולור נטורלס - 10 בלונד סופר בהיר,מליליטרים,40,"100 מ""ל",false,0,19.90,49.75,true,1,3600542431903
3600542431927,false,צבע לשיער קולור נטורלס - 8.1 בלונד בהיר אפרפר,גרנייה Garnier,,צבע לשיער קולור נטורלס - 8.1 בלונד בהיר אפרפר,מליליטרים,40,"100 מ""ל",false,0,19.90,49.75,true,1,3600542431927
3600542431934,false,צבע לשיער קולור נטורלס - 6.25 חום אגוז,גרנייה Garnier,,צבע לשיער קולור נטורלס - 6.25 חום אגוז,מליליטרים,40,"100 מ""ל",false,0,19.90,49.75,true,1,3600542431934
3600542431941,false,צבע לשיער קולור נטורלס - 5.3 חום זהוב,גרנייה Garnier,,צבע לשיער קולור נטורלס - 5.3 חום זהוב,מליליטרים,40,"100 מ""ל",false,0,19.90,49.75,true,1,3600542431941
3600542431972,false,צבע לשיער קולור נטורלס - 111 בלונד אולטרה בהיר אפור,גרנייה Garnier,,צבע לשיער קולור נטורלס - 111 בלונד אולטרה בהיר אפור,מליליטרים,40,"100 מ""ל",false,0,19.90,49.75,true,1,3600542431972
3600542431989,false,צבע לשיער קולור נטורלס - 6.34 חום שוקולד,גרנייה Garnier,,צבע לשיער קולור נטורלס - 6.34 חום שוקולד,מליליטרים,40,"100 מ""ל",false,0,19.90,49.75,true,1,3600542431989
3600542432016,false,צבע לשיער קולור נטורלס- 5.25 חום מהגוני פנינה בהיר,גרנייה Garnier,,צבע לשיער קולור נטורלס- 5.25 חום מהגוני פנינה בהיר,מליליטרים,40,"100 מ""ל",false,0,19.90,49.75,true,1,3600542432016
3607342359789,false,"קול ווטר Cool Water לגבר א.ד.ט 200 מ""ל",דווידוף Davidoff,,"קול ווטר Cool Water לגבר א.ד.ט 200 מ""ל",מליליטרים,200,"100 מ""ל",false,0,179.90,89.95,true,1,3607342359789
3614223736485,false,דאודורנט ספריי לגבר אדיפיור,אדידס Adidas,,דאודורנט ספריי לגבר אדיפיור,מליליטרים,200,"100 מ""ל",false,0,15.90,9.45,true,1,3614223736485
3614224051235,false,ספריי גוף לגבר אדיפיור ADIPOWER,אדידס Adidas,,ספריי גוף לגבר אדיפיור ADIPOWER,מליליטרים,200,"100 מ""ל",false,0,15.90,9.45,true,1,3614224051235
3614225394560,false,צבע לשיער קולסטון קיט לשורשים 6/0 בלונד כהה,וולה Wella,,צבע לשיער קולסטון קיט לשורשים 6/0 בלונד כהה,גרמים,70,100 גרם,false,0,24.90,35.57,true,1,3614225394560
3614225394577,false,צבע לשיער קולסטון קיט שורשים 7/1 בלונד טבעי אפרפר,וולה Wella,,צבע לשיער קולסטון קיט שורשים 7/1 בלונד טבעי אפרפר,גרמים,70,100 גרם,false,0,24.90,35.57,true,1,3614225394577
3614225394584,false,צבע לשיער קולסטון קיט לשורשים 5/0 חום טבעי,וולה Wella,,צבע לשיער קולסטון קיט לשורשים 5/0 חום טבעי,גרמים,70,100 גרם,false,0,24.90,35.57,true,1,3614225394584
3614225394591,false,צבע לשיער קולסטון קיט לשורשים 4/0 חום כהה,וולה Wella,,צבע לשיער קולסטון קיט לשורשים 4/0 חום כהה,גרמים,70,100 גרם,false,0,24.90,35.57,true,1,3614225394591
3614225394607,false,צבע לשיער קולסטון קיט לשורשים 7/0 בלונד טבעי,וולה Wella,,צבע לשיער קולסטון קיט לשורשים 7/0 בלונד טבעי,גרמים,70,100 גרם,false,0,24.90,35.57,true,1,3614225394607
3614225394645,false,צבע לשיער קולסטון קיט לשורשים 3/0 חום כהה מאוד,וולה Wella,,צבע לשיער קולסטון קיט לשורשים 3/0 חום כהה מאוד,גרמים,70,100 גרם,false,0,24.90,35.57,true,1,3614225394645
3614226761538,false,תרסיס קולסטון רוט טאצ' אפ חום מהגוני,וולה Wella,,תרסיס קולסטון רוט טאצ' אפ חום מהגוני,מליליטרים,75,"100 מ""ל",false,0,34.90,46.53,true,1,3614226761538
3614226761613,false,תרסיס קולסטון רוט טאצ' אפ חום בינוני - כהה,וולה Wella,,תרסיס קולסטון רוט טאצ' אפ חום בינוני - כהה,מליליטרים,75,"100 מ""ל",false,0,34.90,46.53,true,1,3614226761613
3614226761651,false,תרסיס קולסטון רוט טאצ' אפ בלונד בהיר - כהה,וולה Wella,,תרסיס קולסטון רוט טאצ' אפ בלונד בהיר - כהה,מליליטרים,75,"100 מ""ל",false,0,34.90,46.53,true,1,3614226761651
3614226761668,false,תרסיס קולסטון רוט טאצ' אפ בלונד בהיר,וולה Wella,,תרסיס קולסטון רוט טאצ' אפ בלונד בהיר,מליליטרים,75,"100 מ""ל",false,0,34.90,46.53,true,1,3614226761668
3614226761675,false,תרסיס קולסטון רוט טאצ' אפ שחור,וולה Wella,,תרסיס קולסטון רוט טאצ' אפ שחור,מליליטרים,75,"100 מ""ל",false,0,34.90,46.53,true,1,3614226761675
3614226768292,false,צבע לשיער קולסטון קיט 6/3 - בלונד זהוב כהה,וולה Wella,,צבע לשיער קולסטון קיט 6/3 - בלונד זהוב כהה,גרמים,165,100 גרם,false,0,39.90,24.18,true,1,3614226768292
3614226768308,false,צבע לשיער קולסטון קיט 7/2 - בלונד בינוני מאט,וולה Wella,,צבע לשיער קולסטון קיט 7/2 - בלונד בינוני מאט,גרמים,165,100 גרם,false,0,39.90,24.18,true,1,3614226768308
3614226768315,false,צבע לשיער קולסטון קיט 7/7 - חום שטני,וולה Wella,,צבע לשיער קולסטון קיט 7/7 - חום שטני,גרמים,165,100 גרם,false,0,39.90,24.18,true,1,3614226768315
3661163970448,false,דאודורנט ספריי Action 3 fresh,אדידס Adidas,,דאודורנט ספריי Action 3 fresh,מליליטרים,200,"100 מ""ל",false,0,15.90,9.45,true,1,3661163970448
3661163990545,false,דאודורנט ספריי לגבר קליימקול climacool,אדידס Adidas,,דאודורנט ספריי לגבר קליימקול climacool,מליליטרים,200,"100 מ""ל",false,0,15.90,9.45,true,1,3661163990545
3663555002119,false,מדבקה דיסקרטית המסייעת בטיפול בהרפס שפתיים,קומפיד Compeed,,מדבקה דיסקרטית המסייעת בטיפול בהרפס שפתיים,יחידות,15,יחידה,false,0,59.90,3.99,true,1,3663555002119
3663555002621,false,פלסטרים לשלפוחיות מנעלי עקב,קומפיד Compeed,,פלסטרים לשלפוחיות מנעלי עקב,יחידות,5,יחידה,false,0,49.90,9.98,true,1,3663555002621
3700028502018,false,אולטרה UD - אמפולות טיפות עיניים לסיכוך והרטבה,אלקון Alcon,,אולטרה UD - אמפולות טיפות עיניים לסיכוך והרטבה,מליליטרים,21,"100 מ""ל",false,0,74.90,356.67,true,1,3700028502018
3760260450003,false,"רוזס מאסק Roses Musk א.ד.פ לאישה 100 מ""ל",מונטאל Montale,,"רוזס מאסק Roses Musk א.ד.פ לאישה 100 מ""ל",מליליטרים,100,"100 מ""ל",false,0,299.90,299.90,true,1,3760260450003
3800020423578,false,וופל קיט קאט Kit Kat Chunky,נסטלה Nestle,,וופל קיט קאט Kit Kat Chunky,גרמים,40,100 גרם,false,0,3.90,9.75,true,1,3800020423578
3800864005589,false,"כוס מאג הוליווד 270 מ""ל",,,"כוס מאג הוליווד 270 מ""ל",יחידות,1,יחידה,false,0,6.90,6.90,true,1,3800864005589
3800864005619,false,"כוס מאג אל.איי 270 מ""ל",,,"כוס מאג אל.איי 270 מ""ל",,0,,false,0,6.90,0.00,true,1,3800864005619
3800864005732,false,"כוס מאג מיאמי 315 מ""ל",,,"כוס מאג מיאמי 315 מ""ל",,0,,false,0,6.90,0.00,true,1,3800864005732
3800864031298,false,"כוס מאג אטלנטה 300 מ""ל",,,"כוס מאג אטלנטה 300 מ""ל",,0,,false,0,6.90,0.00,true,1,3800864031298
3838824127149,false,צבע לשיער פלטה - 1-1 שחור כחול,שוורצקוף Schwarzkopf,,צבע לשיער פלטה - 1-1 שחור כחול,,1,,false,0,22.90,22.90,true,1,3838824127149
3838824127200,false,צבע לשיער פלטה - 3-0 חום כהה,שוורצקוף Schwarzkopf,,צבע לשיער פלטה - 3-0 חום כהה,,1,,false,0,22.90,22.90,true,1,3838824127200
3838824127224,false,צבע לשיער פלטה - 4-0 חום בינוני,שוורצקוף Schwarzkopf,,צבע לשיער פלטה - 4-0 חום בינוני,,1,,false,0,22.90,22.90,true,1,3838824127224
3838824127248,false,צבע לשיער פלטה - 5-0 חום בהיר,שוורצקוף Schwarzkopf,,צבע לשיער פלטה - 5-0 חום בהיר,,1,,false,0,22.90,22.90,true,1,3838824127248
3838824127262,false,צבע לשיער פלטה - 6-0 בלונד כהה,שוורצקוף Schwarzkopf,,צבע לשיער פלטה - 6-0 בלונד כהה,,1,,false,0,22.90,22.90,true,1,3838824127262
3838824127286,false,צבע לשיער פלטה - 7-0 בלונד בינוני,שוורצקוף Schwarzkopf,,צבע לשיער פלטה - 7-0 בלונד בינוני,,1,,false,0,22.90,22.90,true,1,3838824127286
3838824127309,false,צבע לשיער פלטה - 8-0 בלונד בהיר,שוורצקוף Schwarzkopf,,צבע לשיער פלטה - 8-0 בלונד בהיר,,1,,false,0,22.90,22.90,true,1,3838824127309
3838824127361,false,צבע לשיער פלטה - 5-68 ערמונים בינוני,שוורצקוף Schwarzkopf,,צבע לשיער פלטה - 5-68 ערמונים בינוני,,1,,false,0,22.90,22.90,true,1,3838824127361
3838824127507,false,צבע לשיער פלטה - 4-60 חום קטיפתי,שוורצקוף Schwarzkopf,,צבע לשיער פלטה - 4-60 חום קטיפתי,,1,,false,0,22.90,22.90,true,1,3838824127507
3838824127583,false,צבע לשיער פלטה - 6-88 אדום בוער,שוורצקוף Schwarzkopf,,צבע לשיער פלטה - 6-88 אדום בוער,,1,,false,0,22.90,22.90,true,1,3838824127583
3838824127644,false,צבע לשיער פלטה - 4-89 חציל זוהר,שוורצקוף Schwarzkopf,,צבע לשיער פלטה - 4-89 חציל זוהר,,1,,false,0,22.90,22.90,true,1,3838824127644
3838824128788,false,צבע לשיער פלטה דלוקס 6-888 אדום לוהט,שוורצקוף Schwarzkopf,,צבע לשיער פלטה דלוקס 6-888 אדום לוהט,,1,,false,0,32.90,32.90,true,1,3838824128788
3838824128849,false,צבע לשיער פלטה דלוקס 5-68 ערמונים,שוורצקוף Schwarzkopf,,צבע לשיער פלטה דלוקס 5-68 ערמונים,,1,,false,0,32.90,32.90,true,1,3838824128849
3838824129020,false,צבע לשיער פלטה דלוקס 1-0 שחור,שוורצקוף Schwarzkopf,,צבע לשיער פלטה דלוקס 1-0 שחור,,1,,false,0,32.90,32.90,true,1,3838824129020
3838824129105,false,צבע לשיער פלטה דלוקס 9-0 בלונד שמש,שוורצקוף Schwarzkopf,,צבע לשיער פלטה דלוקס 9-0 בלונד שמש,,1,,false,0,32.90,32.90,true,1,3838824129105
3838824167145,false,צבע לשיער פלטה דלוקס 7-65 קינמון,שוורצקוף Schwarzkopf,,צבע לשיער פלטה דלוקס 7-65 קינמון,,1,,false,0,32.90,32.90,true,1,3838824167145
3838824193915,false,צבע לשיער פלטה - 1-0 שחור,שוורצקוף Schwarzkopf,,צבע לשיער פלטה - 1-0 שחור,,1,,false,0,22.90,22.90,true,1,3838824193915
3838824193939,false,צבע לשיער פלטה דלוקס 4-99 סגול אצילי,שוורצקוף Schwarzkopf,,צבע לשיער פלטה דלוקס 4-99 סגול אצילי,,1,,false,0,32.90,32.90,true,1,3838824193939
3838824214320,false,צבע לשיער פלטה דלוקס 1-1 שחור כחול,שוורצקוף Schwarzkopf,,צבע לשיער פלטה דלוקס 1-1 שחור כחול,,1,,false,0,32.90,32.90,true,1,3838824214320
3838945509015,false,נקטר דומדניות שחורות,פרוקטל Fructal,,נקטר דומדניות שחורות,ליטרים,1,ליטר,false,0,11.90,11.90,true,1,3838945509015
3850158301088,false,משקה סליבוביץ' 40%,מרסקה,,משקה סליבוביץ' 40%,מליליטרים,700,"100 מ""ל",false,0,99.90,14.27,true,1,3850158301088
4000417019004,false,שוקולד חלב עם אגוזי לוז שלמים,ריטר ספורט Ritter sport,,שוקולד חלב עם אגוזי לוז שלמים,גרמים,100,100 גרם,false,0,9.90,9.90,true,1,4000417019004
4000417022004,false,שוקולד חלב עם אגוזים וצימוקים,ריטר ספורט Ritter sport,,שוקולד חלב עם אגוזים וצימוקים,גרמים,100,100 גרם,false,0,7.90,7.90,true,1,4000417022004
4000417023001,false,שוקולד חלב עם שקדים שלמים,ריטר ספורט Ritter sport,,שוקולד חלב עם שקדים שלמים,גרמים,100,100 גרם,false,0,9.90,9.90,true,1,4000417023001
4000417025005,false,שוקולד חלב עם מרציפן,ריטר ספורט Ritter sport,,שוקולד חלב עם מרציפן,גרמים,100,100 גרם,false,0,7.90,7.90,true,1,4000417025005
4000417026002,false,שוקולד חלב עם נוגט,ריטר ספורט Ritter sport,,שוקולד חלב עם נוגט,גרמים,100,100 גרם,false,0,7.90,7.90,true,1,4000417026002
4000417101211,false,גלילי וופל עם קרם אגוזי לוז בציפוי שוקולד חלב,אמיצ'לי Amicelli,,גלילי וופל עם קרם אגוזי לוז בציפוי שוקולד חלב,גרמים,150,100 גרם,false,0,17.90,11.93,true,1,4000417101211
4000417211002,false,שוקולד חלב במילוי מוס קרמל ושברי שקדים,ריטר ספורט Ritter sport,,שוקולד חלב במילוי מוס קרמל ושברי שקדים,גרמים,100,100 גרם,false,0,7.90,7.90,true,1,4000417211002
4000417212009,false,שוקולד מריר עם תפוז ושקדים,ריטר ספורט Ritter sport,,שוקולד מריר עם תפוז ושקדים,גרמים,100,100 גרם,false,0,7.90,7.90,true,1,4000417212009
4000417222008,false,שוקולד חלב עם שברי אגוזי לוז,ריטר ספורט Ritter sport,,שוקולד חלב עם שברי אגוזי לוז,גרמים,100,100 גרם,false,0,7.90,7.90,true,1,4000417222008
4000417224002,false,שוקולד מריר עם אגוזי לוז שלמים,ריטר ספורט Ritter sport,,שוקולד מריר עם אגוזי לוז שלמים,גרמים,100,100 גרם,false,0,9.90,9.90,true,1,4000417224002
4000417294005,false,שוקולד במילוי קרם מוס שוקולד,ריטר ספורט Ritter sport,,שוקולד במילוי קרם מוס שוקולד,גרמים,100,100 גרם,false,0,7.90,7.90,true,1,4000417294005
4000417298003,false,שוקולד חלב עם קוקוס,ריטר ספורט Ritter sport,,שוקולד חלב עם קוקוס,גרמים,100,100 גרם,false,0,7.90,7.90,true,1,4000417298003
4000417707000,false,שוקולד חלב מעולה עם שברי קשיו קלוי ומומלח,ריטר ספורט Ritter sport,,שוקולד חלב מעולה עם שברי קשיו קלוי ומומלח,גרמים,100,100 גרם,false,0,9.90,9.90,true,1,4000417707000
4000417708007,false,שוקולד מריר עם שקדים שלמים,ריטר ספורט Ritter sport,,שוקולד מריר עם שקדים שלמים,גרמים,100,100 גרם,false,0,9.90,9.90,true,1,4000417708007
4000522009747,false,סטיקלטי תפוח אדמה,צ'יו Chio,,סטיקלטי תפוח אדמה,גרמים,80,100 גרם,false,0,3.90,4.88,true,1,4000522009747
4000522061752,false,בייגלה מקלות Stickletti,צ'יו Chio,,בייגלה מקלות Stickletti,גרמים,100,100 גרם,false,0,3.90,3.90,true,1,4000522061752
4000576113056,false,צמר גפן,ג'ין קרול Jean Carol,,צמר גפן,גרמים,80,100 גרם,false,0,5.90,7.38,true,1,4000576113056
4000576399405,false,פדים רחבים להסרת איפור,ג'ין קרול Jean Carol,,פדים רחבים להסרת איפור,יחידות,40,יחידה,false,0,8.90,0.22,true,1,4000576399405
4000576481889,false,צימרונים לתינוק,ג'ין קרול Jean Carol,,צימרונים לתינוק,,0,,false,0,6.40,0.00,true,1,4000576481889
4000576722654,false,פדים להסרת איפור,ג'ין קרול Jean Carol,,פדים להסרת איפור,יחידות,140,יחידה,false,2,14.90,0.11,true,1,4000576722654
4000607851001,false,שוקולד חלב עם אגוזי לוז,שוגטן Schogette,,שוקולד חלב עם אגוזי לוז,גרמים,100,100 גרם,false,0,5.90,5.90,true,1,4000607851001
4000799109416,false,קפה אורגני קלוי וטחון,מאונט האגן Mount Hagen,,קפה אורגני קלוי וטחון,גרמים,250,100 גרם,false,0,34.90,13.96,true,1,4000799109416
4001507161948,false,שיבולת שועל דקה להכנה מהירה,פרוטרי,,שיבולת שועל דקה להכנה מהירה,גרמים,500,100 גרם,false,0,5.90,1.18,true,1,4001507161948
4001507161955,false,שיבולת שועל עבה להכנה מהירה,פרוטרי,,שיבולת שועל עבה להכנה מהירה,גרמים,500,100 גרם,false,0,5.90,1.18,true,1,4001507161955
4001518114223,false,עוגיות במילוי קרם אגוזי לוז Boccia,בוצ'יה Boccia,,עוגיות במילוי קרם אגוזי לוז Boccia,גרמים,172,100 גרם,false,0,14.90,8.66,true,1,4001518114223
4001638081863,false,משחת שיניים לילדים לשיני חלב,וולדה WELEDA,,משחת שיניים לילדים לשיני חלב,מליליטרים,50,"100 מ""ל",false,0,36.90,73.80,true,1,4001638081863
4001638088138,false,קרם קלנדולה לאיזור החיתול,וולדה WELEDA,,קרם קלנדולה לאיזור החיתול,גרמים,75,100 גרם,false,0,49.90,66.53,true,1,4001638088138
4001638088381,false,שפתון להגנת השפתיים ולהפגת היובש,וולדה WELEDA,,שפתון להגנת השפתיים ולהפגת היובש,יחידות,1,יחידה,false,0,37.90,37.90,true,1,4001638088381
4001638095105,false,שמן לעיסוי הפרינאום,וולדה WELEDA,,שמן לעיסוי הפרינאום,מליליטרים,50,"100 מ""ל",false,0,68.90,137.80,true,1,4001638095105
4001638095112,false,שמן הריון למניעה וטיפול בסימני מתיחה,וולדה WELEDA,,שמן הריון למניעה וטיפול בסימני מתיחה,מליליטרים,100,"100 מ""ל",false,0,89.90,89.90,true,1,4001638095112
4001638096638,false,קרם קלנדולה לחורף,וולדה WELEDA,,קרם קלנדולה לחורף,מליליטרים,30,"100 מ""ל",false,0,45.90,153.00,true,1,4001638096638
4001638098069,false,מי פה רטניה,וולדה WELEDA,,מי פה רטניה,מליליטרים,50,"100 מ""ל",false,0,59.90,119.80,true,1,4001638098069
4001638098083,false,משחת שיניים רטניה,וולדה WELEDA,,משחת שיניים רטניה,מליליטרים,75,"100 מ""ל",false,0,37.90,50.53,true,1,4001638098083
4001638098090,false,משחת שיניים מלחית,וולדה WELEDA,,משחת שיניים מלחית,גרמים,75,100 גרם,false,0,37.90,50.53,true,1,4001638098090
4001751038669,false,רוטב חזרת עם וואסבי,סקנדיה,,רוטב חזרת עם וואסבי,גרמים,190,100 גרם,false,0,9.90,5.21,true,1,4001751038669
4001751064262,false,רוטב חזרת,סקנדיה,,רוטב חזרת,גרמים,190,100 גרם,false,0,9.90,5.21,true,1,4001751064262
4001751073677,false,רוטב חזרת עם סלק,סקנדיה,,רוטב חזרת עם סלק,גרמים,200,100 גרם,false,0,9.90,4.95,true,1,4001751073677
4001751094283,false,רוטב חרדל בטעם תפוזים,סקנדיה,,רוטב חרדל בטעם תפוזים,מליליטרים,210,"100 מ""ל",false,0,9.90,4.71,true,1,4001751094283
4002448017684,false,ניקוי כללי מסיר אבנית,סיליט באנג Cillit Bang,,ניקוי כללי מסיר אבנית,מליליטרים,750,"100 מ""ל",false,0,14.90,1.99,true,1,4002448017684
4002448019480,false,מסיר שומנים סיליט באנג,סיליט באנג Cillit Bang,,מסיר שומנים סיליט באנג,מליליטרים,750,"100 מ""ל",false,0,14.90,1.99,true,1,4002448019480
4002448087472,false,רפידות לנעלים שטוחות לנשים,שול Scholl,,רפידות לנעלים שטוחות לנשים,יחידות,1,יחידה,false,0,79.90,79.90,true,1,4002448087472
4002575016253,false,מרציפן,זנטיס Zentis,,מרציפן,גרמים,100,100 גרם,false,0,8.90,8.90,true,1,4002575016253
4002590000022,false,סוכריות פירות יער,קלפני Kalfany,,סוכריות פירות יער,גרמים,150,100 גרם,false,0,8.90,5.93,true,1,4002590000022
4002590000039,false,סוכריות הדרים,קלפני Kalfany,,סוכריות הדרים,גרמים,150,100 גרם,false,0,8.90,5.93,true,1,4002590000039
4002590000046,false,סוכריות מנטה,קלפני Kalfany,,סוכריות מנטה,גרמים,150,100 גרם,false,0,8.90,5.93,true,1,4002590000046
4002590000633,false,סוכריות פירות,קלפני Kalfany,,סוכריות פירות,גרמים,150,100 גרם,false,0,8.90,5.93,true,1,4002590000633
4002590703541,false,קלפני סוכריות קשות בטעם תות,קלפני Kalfany,,קלפני סוכריות קשות בטעם תות,גרמים,150,100 גרם,false,0,8.90,5.93,true,1,4002590703541
4002720004371,false,קפה לאספרסו Bella Crema,מליטה Mellita,,קפה לאספרסו Bella Crema,גרמים,250,100 גרם,false,0,22.90,9.16,true,1,4002720004371
4002720005736,false,בלאנד לקפה Premiun,מליטה Mellita,,בלאנד לקפה Premiun,גרמים,250,100 גרם,false,0,14.90,5.96,true,1,4002720005736
4004666042004,false,משמיד עובש עם מרסס מלרוד Mellerud,יעקבי,,משמיד עובש עם מרסס מלרוד Mellerud,מליליטרים,500,"100 מ""ל",false,0,34.90,6.98,true,1,4004666042004
4004715020755,false,קישוטים לעוגה,פרינס אנד פרינסס,,קישוטים לעוגה,,0,,false,0,10.90,0.00,true,1,4004715020755
4005808128273,false,ג'ל רחצה לגבר אנרג'י עם תמציות מנטה בניחוח ממריץ,ניוואה Nivea,,ג'ל רחצה לגבר אנרג'י עם תמציות מנטה בניחוח ממריץ,מליליטרים,500,"100 מ""ל",false,0,13.90,2.98,true,1,4005808128273
4005808170005,false,קצף גילוח Extra Moisture,ניוואה Nivea,,קצף גילוח Extra Moisture,מליליטרים,200,"100 מ""ל",false,0,19.90,9.95,true,1,4005808170005
4005808229390,false,ג'ל רחצה לגבר Cool kick,ניוואה Nivea,,ג'ל רחצה לגבר Cool kick,מליליטרים,500,"100 מ""ל",false,0,13.90,2.98,true,1,4005808229390
4005808670314,false,קרם יום במרקם קליל ומרענן לעור רגיל SPF15,ניוואה Nivea,,קרם יום במרקם קליל ומרענן לעור רגיל SPF15,מליליטרים,50,"100 מ""ל",false,0,39.90,79.80,true,1,4005808670314
4005808812899,false,קרם לילה נגד קמטים Q10,ניוואה Nivea,,קרם לילה נגד קמטים Q10,מליליטרים,50,"100 מ""ל",false,0,69.90,179.80,true,1,4005808812899
4005808817306,false,ג'ל גילוח Cool Kick,ניוואה Nivea,,ג'ל גילוח Cool Kick,מליליטרים,200,"100 מ""ל",false,0,16.90,9.95,true,1,4005808817306
4005808817405,false,ג'ל גילוח Sensitive,ניוואה Nivea,,ג'ל גילוח Sensitive,מליליטרים,200,"100 מ""ל",false,0,16.90,9.95,true,1,4005808817405
4005808817603,false,ג'ל גילוח עם אלוורה Protect & Care,ניוואה Nivea,,ג'ל גילוח עם אלוורה Protect & Care,מליליטרים,200,"100 מ""ל",false,0,16.90,9.95,true,1,4005808817603
4005808817726,false,קרם גילוח Mild,ניוואה Nivea,,קרם גילוח Mild,מליליטרים,100,"100 מ""ל",false,0,12.90,12.90,true,1,4005808817726
4005808828838,false,דאודורנט ספריי לגבר Cool Kick,ניוואה Nivea,,דאודורנט ספריי לגבר Cool Kick,מליליטרים,150,"100 מ""ל",false,0,19.90,13.27,true,1,4005808828838
4005808837359,false,דאודורנט רול און Pearl and Beauty,ניוואה Nivea,,דאודורנט רול און Pearl and Beauty,מליליטרים,50,"100 מ""ל",false,0,19.90,39.80,true,1,4005808837359
4005808890507,false,קרם לחות רב שימושי Soft,ניוואה Nivea,,קרם לחות רב שימושי Soft,מליליטרים,200,"100 מ""ל",false,0,19.90,14.95,true,1,4005808890507
4005808890576,false,קרם לחות רב שימושי Soft,ניוואה Nivea,,קרם לחות רב שימושי Soft,מליליטרים,75,"100 מ""ל",false,0,12.90,17.20,true,1,4005808890576
4005900036476,false,דאודורנט רול און Invisible Black And White,ניוואה Nivea,,דאודורנט רול און Invisible Black And White,מליליטרים,50,"100 מ""ל",false,0,19.90,39.80,true,1,4005900036476
4005900036483,false,דאודורנט ספריי לגבר ללא סימן Invisible,ניוואה Nivea,,דאודורנט ספריי לגבר ללא סימן Invisible,מליליטרים,150,"100 מ""ל",false,0,19.90,13.27,true,1,4005900036483
4005900036506,false,דאודורנט רול און לגבר Invisible black & white,ניוואה Nivea,,דאודורנט רול און לגבר Invisible black & white,מליליטרים,50,"100 מ""ל",false,0,19.90,39.80,true,1,4005900036506
4005900036568,false,דאודורנט ספריי Invisible Black And White,ניוואה Nivea,,דאודורנט ספריי Invisible Black And White,מליליטרים,150,"100 מ""ל",false,0,19.90,13.27,true,1,4005900036568
4005900816016,false,דאודורנט ספריי Fresh Natural,ניוואה Nivea,,דאודורנט ספריי Fresh Natural,מליליטרים,150,"100 מ""ל",false,0,19.90,13.27,true,1,4005900816016
4005900816108,false,דאודורנט רול און לגבר Dry Impact,ניוואה Nivea,,דאודורנט רול און לגבר Dry Impact,מליליטרים,50,"100 מ""ל",false,0,19.90,39.80,true,1,4005900816108
4005900816115,false,דאודורנט רול און dry comfort,ניוואה Nivea,,דאודורנט רול און dry comfort,מליליטרים,50,"100 מ""ל",false,0,19.90,39.80,true,1,4005900816115
4005900828088,false,דאודורנט רול און לגבר Active Protect,ניוואה Nivea,,דאודורנט רול און לגבר Active Protect,מליליטרים,50,"100 מ""ל",false,0,19.90,39.80,true,1,4005900828088
4006387084554,false,קנקן בריטה Marella לבן + פילטר Maxtra,בריטה Brita,,קנקן בריטה Marella לבן + פילטר Maxtra,,0,,false,0,99.00,0.00,true,1,4006387084554
4006387084578,false,קנקן בריטה Marella כחול + פילטר Maxtra,בריטה Brita,,קנקן בריטה Marella כחול + פילטר Maxtra,,0,,false,0,99.00,0.00,true,1,4006387084578
4006387085407,false,שלישיית פילטר מקסטרה פלוס,בריטה Brita,,שלישיית פילטר מקסטרה פלוס,יחידות,3,יחידה,false,0,99.90,33.30,true,1,4006387085407
4006508177325,false,מטליות לניקוי משקפיים,סווירל Swirl,,מטליות לניקוי משקפיים,יחידות,30,יחידה,false,0,13.90,0.46,true,1,4006508177325
4007519050713,false,שקיות אשפה עם שרוך חזקות במיוחד 35 ליטר,פאלי Pely,,שקיות אשפה עם שרוך חזקות במיוחד 35 ליטר,יחידות,25,יחידה,false,0,9.90,0.40,true,1,4007519050713
4007519050720,false,שקיות אשפה עם שרוך חזקות במיוחד 60 ליטר,פאלי Pely,,שקיות אשפה עם שרוך חזקות במיוחד 60 ליטר,יחידות,20,יחידה,false,0,9.90,0.50,true,1,4007519050720
4007519050744,false,שקיות אשפה עם שרוך חזקות במיוחד 120 ליטר,פאלי Pely,,שקיות אשפה עם שרוך חזקות במיוחד 120 ליטר,יחידות,10,יחידה,false,0,9.90,0.99,true,1,4007519050744
4007593440004,false,מחדד כוס בצורת טיפה,סירקה Sirka,,מחדד כוס בצורת טיפה,,0,,false,0,4.90,0.00,true,1,4007593440004
4007745058804,false,מיונז אמיתי אורגני,נטורפוד,,מיונז אמיתי אורגני,גרמים,340,100 גרם,false,0,23.90,7.03,true,1,4007745058804
4007745058828,false,חרדל גרגרים אמיתי אורגני,נטורפוד,,חרדל גרגרים אמיתי אורגני,גרמים,200,100 גרם,false,0,13.90,6.95,true,1,4007745058828
4008102002867,false,גרגירים להכנת משקה תה בטעם לימון,מילפורד Milford,,גרגירים להכנת משקה תה בטעם לימון,גרמים,400,100 גרם,false,0,14.90,3.73,true,1,4008102002867
4008287051032,false,בירה קרומבכר פילס בפחית,קרומבכר Krombacher,,בירה קרומבכר פילס בפחית,מליליטרים,500,"100 מ""ל",false,0,9.90,1.98,true,1,4008287051032
4008287058161,false,בירה קרומבכר פילס - מארז שישייה,קרומבכר Krombacher,,בירה קרומבכר פילס - מארז שישייה,ליטרים,2,ליטר,false,6,29.90,18.64,true,1,4008287058161
4008287762020,false,בירה קרומבכר חיטה,קרומבכר Krombacher,,בירה קרומבכר חיטה,מליליטרים,500,"100 מ""ל",false,0,9.90,1.98,true,1,4008287762020
4008287905786,false,בירה קרומבכר חיטה בפחית,קרומבכר Krombacher,,בירה קרומבכר חיטה בפחית,מליליטרים,500,"100 מ""ל",false,0,9.90,1.98,true,1,4008287905786
4008400290423,false,קינדר פינגווי עוגת ספוג במילוי חלבי מצופה שוקולד מריר,קינדר Kinder,,קינדר פינגווי עוגת ספוג במילוי חלבי מצופה שוקולד מריר,גרמים,120,100 גרם,false,4,13.90,11.58,true,1,4008400290423
4008402101772,false,ספוג מבריק נעליים חומות,קיווי Kiwi,,ספוג מבריק נעליים חומות,מליליטרים,6,"100 מ""ל",false,0,14.90,248.33,true,1,4008402101772
4008500006337,false,סטיק להגנה מפני יתושים,אוטן Autan,,סטיק להגנה מפני יתושים,מליליטרים,50,"100 מ""ל",false,0,18.90,37.80,true,1,4008500006337
4008600240655,false,קונדומים מחוספסים לגירוי מירבי,R3,,קונדומים מחוספסים לגירוי מירבי,יחידות,12,יחידה,false,0,34.90,2.91,true,1,4008600240655
4008600240921,false,קונדומים משומנים במיוחד,R3,,קונדומים משומנים במיוחד,יחידות,12,יחידה,false,0,29.90,2.49,true,1,4008600240921
4008600240976,false,קונדומים דקים ומשומנים לתחושה טבעית,R3,,קונדומים דקים ומשומנים לתחושה טבעית,יחידות,12,יחידה,false,0,34.90,2.91,true,1,4008600240976
4008600241850,false,קונדומים דקים במיוחד למקסימום תחושה,R3,,קונדומים דקים במיוחד למקסימום תחושה,יחידות,12,יחידה,false,0,34.90,2.91,true,1,4008600241850
4008600242888,false,קונדומים XL גדולים במיוחד לנוחות מירבית,R3,,קונדומים XL גדולים במיוחד לנוחות מירבית,יחידות,12,יחידה,false,0,34.90,2.91,true,1,4008600242888
4008600242895,false,קונדומים עם טבעת השהייה להנאה מתמשכת,R3,,קונדומים עם טבעת השהייה להנאה מתמשכת,יחידות,12,יחידה,false,0,34.90,2.91,true,1,4008600242895
4008600242932,false,"קונדומים מגוונים - מחוספסים, צבעוניים ובטעם תפוז",R3,,"קונדומים מגוונים - מחוספסים, צבעוניים ובטעם תפוז",יחידות,12,יחידה,false,0,34.90,2.91,true,1,4008600242932
4008600284871,false,זוג מוצצי סיליקון 6-18,נוק Nuk,,זוג מוצצי סיליקון 6-18,יחידות,2,יחידה,false,0,29.90,14.95,true,1,4008600284871
4008600284918,false,זוג מוצצי סיליקון 0-6,נוק Nuk,,זוג מוצצי סיליקון 0-6,יחידות,2,יחידה,false,0,29.90,14.95,true,1,4008600284918
4008600284956,false,זוג מוצצי סיליקון כפתור שטוח 6-18,נוק Nuk,,זוג מוצצי סיליקון כפתור שטוח 6-18,יחידות,2,יחידה,false,0,29.90,14.95,true,1,4008600284956
4008600284963,false,זוג מוצצי סיליקון כפתור שטוח 0-6,נוק Nuk,,זוג מוצצי סיליקון כפתור שטוח 0-6,יחידות,2,יחידה,false,0,29.90,14.95,true,1,4008600284963
4008600314066,false,זוג מוצצי סיליקון 6-18,נוק Nuk,,זוג מוצצי סיליקון 6-18,יחידות,2,יחידה,false,0,29.90,14.95,true,1,4008600314066
4008600314189,false,זוג מוצצי סיליקון 6-18,נוק Nuk,,זוג מוצצי סיליקון 6-18,יחידות,2,יחידה,false,0,29.90,14.95,true,1,4008600314189
4008600314226,false,זוג מוצצי סיליקון 6-18,נוק Nuk,,זוג מוצצי סיליקון 6-18,יחידות,2,יחידה,false,0,29.90,14.95,true,1,4008600314226
4008600314301,false,זוג מוצצי סיליקון 6-18,נוק Nuk,,זוג מוצצי סיליקון 6-18,יחידות,2,יחידה,false,0,29.90,14.95,true,1,4008600314301
4008600314509,false,זוג מוצצי סיליקון 0-6,נוק Nuk,,זוג מוצצי סיליקון 0-6,יחידות,2,יחידה,false,0,29.90,14.95,true,1,4008600314509
4008600338949,false,קונדומים דקים ומשומנים לתחושה טבעית,R3,,קונדומים דקים ומשומנים לתחושה טבעית,יחידות,24,יחידה,false,0,69.00,2.88,true,1,4008600338949
4008666214829,false,נוזל קפאין לחיזוק סיב השיערה,אלפסין Alpecin,,נוזל קפאין לחיזוק סיב השיערה,מליליטרים,200,"100 מ""ל",false,0,59.90,29.95,true,1,4008666214829
4008666215079,false,שמפו קפאין לחיזוק סיב השיערה,אלפסין Alpecin,,שמפו קפאין לחיזוק סיב השיערה,מליליטרים,250,"100 מ""ל",false,0,53.90,21.56,true,1,4008666215079
4008666215178,false,שמפו קפאין פעולה כפולה,אלפסין Alpecin,,שמפו קפאין פעולה כפולה,מליליטרים,200,"100 מ""ל",false,0,49.50,24.75,true,1,4008666215178
4009300522935,false,תה ירוק עם לימונית ולואיזה,פומפדור Pompadour,,תה ירוק עם לימונית ולואיזה,גרמים,30,100 גרם,false,0,14.90,56.33,true,1,4009300522935
4009300522966,false,תה ירוק עם נענע,פומפדור Pompadour,,תה ירוק עם נענע,גרמים,30,100 גרם,false,0,14.90,56.33,true,1,4009300522966
4009300524588,false,חליטת פירות וצמחים בטעם פירות יער,פומפדור Pompadour,,חליטת פירות וצמחים בטעם פירות יער,גרמים,60,100 גרם,false,0,11.90,23.17,true,1,4009300524588
4009300524625,false,תה צ'אי מסאלה,פומפדור Pompadour,,תה צ'אי מסאלה,גרמים,40,100 גרם,false,0,11.90,34.75,true,1,4009300524625
4009300525011,false,תה ירוק תפוז וג'ינג'ר בטעם פירותי ומתובל,פומפדור Pompadour,,תה ירוק תפוז וג'ינג'ר בטעם פירותי ומתובל,גרמים,30,100 גרם,false,0,14.90,56.33,true,1,4009300525011
4009300525684,false,חליטת צמחים ג'ינג'ר לימון,פומפדור Pompadour,,חליטת צמחים ג'ינג'ר לימון,גרמים,35,100 גרם,false,0,11.90,39.71,true,1,4009300525684
4009300526438,false,תה ירוק קלאסי,פומפדור Pompadour,,תה ירוק קלאסי,גרמים,30,100 גרם,false,0,14.90,56.33,true,1,4009300526438
4009300527909,false,חליטת צמחים ג'ינג'ר כורכום ללא קפאין,פומפדור Pompadour,,חליטת צמחים ג'ינג'ר כורכום ללא קפאין,גרמים,35,100 גרם,false,0,11.90,39.71,true,1,4009300527909
4009300528821,false,תה ירוק ג'ינג'ר קינמון,פומפדור Pompadour,,תה ירוק ג'ינג'ר קינמון,גרמים,30,100 גרם,false,0,14.90,56.33,true,1,4009300528821
4009300528845,false,תה ירוק לימונית דבש,פומפדור Pompadour,,תה ירוק לימונית דבש,גרמים,30,100 גרם,false,0,14.90,56.33,true,1,4009300528845
4009300529613,false,"חליטת צמחים אורגנית עם קמומיל, מליסה ויערת דבש",פומפדור Pompadour,,"חליטת צמחים אורגנית עם קמומיל, מליסה ויערת דבש",גרמים,36,100 גרם,false,0,19.90,55.28,true,1,4009300529613
4009300529651,false,"חליטת צמחים אורגניצת עם ג'ינג'ר, לימון וכורכום",פומפדור Pompadour,,"חליטת צמחים אורגניצת עם ג'ינג'ר, לימון וכורכום",גרמים,36,100 גרם,false,0,19.90,55.28,true,1,4009300529651
4009300529699,false,"חליטת צמחים אורגנית עם לימונית, מאטה ונענע",פומפדור Pompadour,,"חליטת צמחים אורגנית עם לימונית, מאטה ונענע",גרמים,36,100 גרם,false,0,19.90,55.28,true,1,4009300529699
4009900013581,false,מארז חמישיית מסטיק אורביט Orbit בטעם מנטה,אורביט Orbit,,מארז חמישיית מסטיק אורביט Orbit בטעם מנטה,גרמים,65,100 גרם,false,5,9.90,15.23,true,1,4009900013581
4009900379564,false,מסטיק הובה בובה Hubba Bubba טייפ בטעם פירות,הובה בובה Hubba Bubba,,מסטיק הובה בובה Hubba Bubba טייפ בטעם פירות,גרמים,56,100 גרם,false,0,6.50,11.61,true,1,4009900379564
4009900385824,false,מארז חמישיית מסטיק אורביט Orbit בטעם מנטה,אורביט Orbit,,מארז חמישיית מסטיק אורביט Orbit בטעם מנטה,גרמים,65,100 גרם,false,5,9.90,15.23,true,1,4009900385824
4009900402965,false,מסטיק אורביט וויט בטעם פירות ללא סוכר,אורביט Orbit,,מסטיק אורביט וויט בטעם פירות ללא סוכר,גרמים,64,100 גרם,false,0,9.90,15.47,true,1,4009900402965
4009900403023,false,מסטיק אורביט וויט בטעם מנטה ללא סוכר,אורביט Orbit,,מסטיק אורביט וויט בטעם מנטה ללא סוכר,גרמים,64,100 גרם,false,0,9.90,15.47,true,1,4009900403023
4009900406918,false,מסטיק הובה בובה Hubba Bubba טייפ טריפל,הובה בובה Hubba Bubba,,מסטיק הובה בובה Hubba Bubba טייפ טריפל,גרמים,56,100 גרם,false,0,6.50,11.61,true,1,4009900406918
4009900420129,false,מסטיק אורביט פרופשיונל בטעם מנטה ללא סוכר,אורביט Orbit,,מסטיק אורביט פרופשיונל בטעם מנטה ללא סוכר,גרמים,64,100 גרם,false,0,9.90,15.47,true,1,4009900420129
4009900426039,false,מסטיק בטעם מנטה ואקליפטוס ללא סוכר,איירוויבס Airwaves,,מסטיק בטעם מנטה ואקליפטוס ללא סוכר,גרמים,64,100 גרם,false,0,9.90,15.47,true,1,4009900426039
4009900426121,false,מסטיק בטעם מנטה ואוכמניות ללא סוכר,איירוויבס Airwaves,,מסטיק בטעם מנטה ואוכמניות ללא סוכר,גרמים,64,100 גרם,false,0,9.90,15.47,true,1,4009900426121
4009900455299,false,סוכריות סקיטלס בטעם פירות,סקיטלס Skittles,,סוכריות סקיטלס בטעם פירות,גרמים,174,100 גרם,false,0,8.90,5.11,true,1,4009900455299
4009900465304,false,סוכריות סקיטלס בטעם פירות חמוצים,סקיטלס Skittles,,סוכריות סקיטלס בטעם פירות חמוצים,גרמים,174,100 גרם,false,0,8.90,5.11,true,1,4009900465304
4009900479998,false,מסטיק אורביט בטעם אוכמניות ללא סוכר,אורביט Orbit,,מסטיק אורביט בטעם אוכמניות ללא סוכר,גרמים,64,100 גרם,false,0,9.90,15.47,true,1,4009900479998
4009900482417,false,מסטיק אורביט בטעם פירות ומנטה ללא סוכר,אורביט Orbit,,מסטיק אורביט בטעם פירות ומנטה ללא סוכר,גרמים,64,100 גרם,false,0,9.90,15.47,true,1,4009900482417
4009900483803,false,מסטיק בטעם מנטה ואקליפטוס ללא סוכר,איירוויבס Airwaves,,מסטיק בטעם מנטה ואקליפטוס ללא סוכר,גרמים,84,100 גרם,false,0,12.90,15.36,true,1,4009900483803
4009900484060,false,מסטיק אורביט פרופשיונל בטעם מנטה ללא סוכר,אורביט Orbit,,מסטיק אורביט פרופשיונל בטעם מנטה ללא סוכר,גרמים,84,100 גרם,false,0,12.90,15.36,true,1,4009900484060
4009900484091,false,מסטיק אורביט פרופשיונל בטעם מנטה ללא סוכר,אורביט Orbit,,מסטיק אורביט פרופשיונל בטעם מנטה ללא סוכר,גרמים,84,100 גרם,false,0,12.90,15.36,true,1,4009900484091
4009900484305,false,מסטיק אורביט בטעם מנטה סוויטמינט ללא סוכר,אורביט Orbit,,מסטיק אורביט בטעם מנטה סוויטמינט ללא סוכר,גרמים,84,100 גרם,false,0,12.90,15.36,true,1,4009900484305
4009900487283,false,מארז מסטיק אורביט Orbit בטעם פירות,אורביט Orbit,,מארז מסטיק אורביט Orbit בטעם פירות,גרמים,65,100 גרם,false,0,9.90,15.23,true,1,4009900487283
4009900491044,false,מסטיק בטעם מנטה ואוכמניות ללא סוכר,איירוויבס Airwaves,,מסטיק בטעם מנטה ואוכמניות ללא סוכר,גרמים,84,100 גרם,false,0,12.90,15.36,true,1,4009900491044
4009900496247,false,מסטיק אורביט בטעם פירות ומנטה ללא סוכר,אורביט Orbit,,מסטיק אורביט בטעם פירות ומנטה ללא סוכר,גרמים,84,100 גרם,false,0,12.90,15.36,true,1,4009900496247
4009900500166,false,בקבוק סוכריות סקיטלס בטעם פירות,סקיטלס Skittles,,בקבוק סוכריות סקיטלס בטעם פירות,גרמים,125,100 גרם,false,0,8.90,7.12,true,1,4009900500166
4009900509770,false,מסטיק אורביט בטעם תות ללא סוכר,אורביט Orbit,,מסטיק אורביט בטעם תות ללא סוכר,גרמים,84,100 גרם,false,0,12.90,15.36,true,1,4009900509770
4009900521581,false,סוכריות בטעם מנטה אורביט מינטס,אורביט Orbit,,סוכריות בטעם מנטה אורביט מינטס,גרמים,77,100 גרם,false,0,9.90,12.86,true,1,4009900521581
4009900521611,false,סוכריות בטעם דובדבן ומנטה אורביט מינטס,אורביט Orbit,,סוכריות בטעם דובדבן ומנטה אורביט מינטס,גרמים,77,100 גרם,false,0,9.90,12.86,true,1,4009900521611
4009900531122,false,מסטיק אורביט פרופשיונל בטעם מנטה ללא סוכר,אורביט Orbit,,מסטיק אורביט פרופשיונל בטעם מנטה ללא סוכר,גרמים,64,100 גרם,false,0,9.90,15.47,true,1,4009900531122
4009900531573,false,סוכריות סקיטלס סמודיס בטעמי יוגורט ופירות,סקיטלס Skittles,,סוכריות סקיטלס סמודיס בטעמי יוגורט ופירות,גרמים,174,100 גרם,false,0,8.90,5.11,true,1,4009900531573
4009900532327,false,סוכריות סקיטלס סמודיס בטעמי יוגורט ופירות,סקיטלס Skittles,,סוכריות סקיטלס סמודיס בטעמי יוגורט ופירות,גרמים,38,100 גרם,false,0,2.90,7.63,true,1,4009900532327
4009900536257,false,מסטיק אורביט רפרשרס בטעם מנטה ללא סוכר,אורביט Orbit,,מסטיק אורביט רפרשרס בטעם מנטה ללא סוכר,גרמים,67,100 גרם,false,0,10.90,16.27,true,1,4009900536257
4009900536288,false,מסטיק אורביט רפרשרס מנטה פפרמינט ללא סוכר,אורביט Orbit,,מסטיק אורביט רפרשרס מנטה פפרמינט ללא סוכר,גרמים,67,100 גרם,false,0,10.90,16.27,true,1,4009900536288
4009900539685,false,מסטיק פייב בטעם מנטה ללא סוכר,פייב Five,,מסטיק פייב בטעם מנטה ללא סוכר,גרמים,62,100 גרם,false,0,10.90,17.64,true,1,4009900539685
4009900539746,false,מסטיק פייב בטעם אבטיח ללא סוכר,פייב Five,,מסטיק פייב בטעם אבטיח ללא סוכר,גרמים,62,100 גרם,false,0,10.90,17.64,true,1,4009900539746
4010160000280,false,טננבלוט סוכריות בטעם צמחים,הובנר - טננבלוט חורף,,טננבלוט סוכריות בטעם צמחים,גרמים,75,100 גרם,false,0,19.90,26.53,true,1,4010160000280
4010160055716,false,טננבלוט N סירופ עם תמציות צמחים,הובנר - טננבלוט חורף,,טננבלוט N סירופ עם תמציות צמחים,מליליטרים,250,"100 מ""ל",false,0,99.00,39.60,true,1,4010160055716
4010160055723,false,טננבלוט D תמצית צמחים ללא תוספת סוכר,הובנר - טננבלוט חורף,,טננבלוט D תמצית צמחים ללא תוספת סוכר,מליליטרים,250,"100 מ""ל",false,0,99.00,39.60,true,1,4010160055723
4010160055730,false,טננבלוט לכסניות לגרון,הובנר - טננבלוט חורף,,טננבלוט לכסניות לגרון,יחידות,20,יחידה,false,0,42.90,2.15,true,1,4010160055730
4010160055778,false,סיליציאה ליפ הרפס ג'ל,הובנר hubner,,סיליציאה ליפ הרפס ג'ל,גרמים,5,100 גרם,false,0,49.90,998.00,true,1,4010160055778
4010492051141,false,אתנה בקר לחתולים,אתנה Athena,,אתנה בקר לחתולים,גרמים,100,100 גרם,false,0,4.90,4.90,true,1,4010492051141
4010492051189,false,אתנה דגי ים ושרימפס לחתולים,אתנה Athena,,אתנה דגי ים ושרימפס לחתולים,גרמים,100,100 גרם,false,0,4.90,4.90,true,1,4010492051189
4010492051653,false,אתנה עוף והודו ללא דגנים לחתול,אתנה Athena,,אתנה עוף והודו ללא דגנים לחתול,גרמים,100,100 גרם,false,0,4.90,4.90,true,1,4010492051653
4010492052179,false,אתנה עוף ביוגורט לחתולים,אתנה Athena,,אתנה עוף ביוגורט לחתולים,גרמים,100,100 גרם,false,0,4.90,4.90,true,1,4010492052179
4010492052629,false,אתנה סטיק רך לחתול,אתנה Athena,,אתנה סטיק רך לחתול,גרמים,100,100 גרם,false,0,16.90,16.90,true,1,4010492052629
4010492052742,false,אתנה כבד לחתולים,אתנה Athena,,אתנה כבד לחתולים,גרמים,100,100 גרם,false,0,4.90,4.90,true,1,4010492052742
4010492053466,false,אתנה ברווז והודו לחתולים,אתנה Athena,,אתנה ברווז והודו לחתולים,גרמים,100,100 גרם,false,0,4.90,4.90,true,1,4010492053466
4010492055309,false,אתנה הודו לחתולים,אתנה Athena,,אתנה הודו לחתולים,גרמים,100,100 גרם,false,0,4.90,4.90,true,1,4010492055309
4010492057006,false,אתנה קיטן עוף לחתולים,אתנה Athena,,אתנה קיטן עוף לחתולים,גרמים,100,100 גרם,false,0,4.90,4.90,true,1,4010492057006
4010492057013,false,אתנה מקפא בשר ציד,אתנה Athena,,אתנה מקפא בשר ציד,גרמים,100,100 גרם,false,0,4.90,4.90,true,1,4010492057013
4010492961723,false,אתנה סטיק סלמון ופורל לחתול,אתנה Athena,,אתנה סטיק סלמון ופורל לחתול,גרמים,50,100 גרם,false,0,16.90,33.80,true,1,4010492961723
4010492963147,false,אתנה סטיק קואטרו לחתול,אתנה Athena,,אתנה סטיק קואטרו לחתול,גרמים,40,100 גרם,false,0,16.90,42.25,true,1,4010492963147
4011100001220,false,מארז חטיפי מיני מרס Mars,מרס Mars,,מארז חטיפי מיני מרס Mars,גרמים,403,100 גרם,false,0,19.90,4.94,true,1,4011100001220
4011100002227,false,מארז חטיפי מיני באונטי Bounty,באונטי,,מארז חטיפי מיני באונטי Bounty,גרמים,403,100 גרם,false,0,19.90,4.94,true,1,4011100002227
4011800528416,false,חטיף דגנים עם בוטנים מתוק מלוח,קורני Corny,,חטיף דגנים עם בוטנים מתוק מלוח,גרמים,150,100 גרם,false,6,9.90,6.60,true,1,4011800528416
4011800567613,false,חטיף קורני מילק Corny milk שחור לבן,קורני Corny,,חטיף קורני מילק Corny milk שחור לבן,גרמים,120,100 גרם,false,4,9.90,8.25,true,1,4011800567613
4011800568610,false,חטיף קורני מילק Corny milk קלאסי,קורני Corny,,חטיף קורני מילק Corny milk קלאסי,גרמים,120,100 גרם,false,4,9.90,8.25,true,1,4011800568610
4011800628512,false,חטיף דגנים עם שוקולד חלב,קורני Corny,,חטיף דגנים עם שוקולד חלב,גרמים,150,100 גרם,false,0,9.90,6.60,true,1,4011800628512
4011800629519,false,חטיף דגנים עם אגוזי לוז,קורני Corny,,חטיף דגנים עם אגוזי לוז,גרמים,150,100 גרם,false,6,9.90,6.60,true,1,4011800629519
4011800630515,false,חטיף דגנים עם שוקולד חלב ובננה,קורני Corny,,חטיף דגנים עם שוקולד חלב ובננה,גרמים,150,100 גרם,false,0,9.90,6.60,true,1,4011800630515
4011800632519,false,חטיף דגנים עם שוקולד חלב וקוקוס,קורני Corny,,חטיף דגנים עם שוקולד חלב וקוקוס,גרמים,150,100 גרם,false,6,9.90,6.60,true,1,4011800632519
4011800633516,false,חטיף דגנים עם שוקולד מריר מעולה,קורני Corny,,חטיף דגנים עם שוקולד מריר מעולה,גרמים,138,100 גרם,false,6,9.90,7.17,true,1,4011800633516
4011800635510,false,חטיף קורני Corny Free עם אגוזי לוז ללא תוספת סוכר,קורני Corny,,חטיף קורני Corny Free עם אגוזי לוז ללא תוספת סוכר,גרמים,120,100 גרם,false,6,9.90,8.25,true,1,4011800635510
4011800636517,false,חטיף קורני Corny Free עם שוקולד חלב,קורני Corny,,חטיף קורני Corny Free עם שוקולד חלב,גרמים,120,100 גרם,false,6,9.90,8.25,true,1,4011800636517
4011800637514,false,חטיף קורני Corny Free עם שוקולד לבן ללא תוספת סוכר,קורני Corny,,חטיף קורני Corny Free עם שוקולד לבן ללא תוספת סוכר,גרמים,120,100 גרם,false,6,9.90,8.25,true,1,4011800637514
4011905023335,false,מברשת עיסוי והברשה מגומי,טריקסי Trixie,,מברשת עיסוי והברשה מגומי,,0,,false,0,39.90,0.00,true,1,4011905023335
4011905023670,false,קוצץ לגזיזת ציפורניים חתול וכלב,טריקסי Trixie,,קוצץ לגזיזת ציפורניים חתול וכלב,,0,,false,0,32.90,0.00,true,1,4011905023670
4011905237718,false,מסרק צפוף עדין שיניים מסתובבות,טריקסי Trixie,,מסרק צפוף עדין שיניים מסתובבות,,0,,false,0,36.90,0.00,true,1,4011905237718
4011905241319,false,מברשת רכה לסירוק יומי מידה S,טריקסי Trixie,,מברשת רכה לסירוק יומי מידה S,,0,,false,0,34.90,0.00,true,1,4011905241319
4011905241326,false,מברשת רכה לסירוק יומי מידה M,טריקסי Trixie,,מברשת רכה לסירוק יומי מידה M,,0,,false,0,36.90,0.00,true,1,4011905241326
4011905241616,false,מברשת פתיחת קשרים ודילול,טריקסי Trixie,,מברשת פתיחת קשרים ודילול,,0,,false,0,39.90,0.00,true,1,4011905241616
4013227013391,false,משקה כהלי קרם אוטום כשר,קרם אוטום Autumn cream,,משקה כהלי קרם אוטום כשר,מליליטרים,700,"100 מ""ל",false,0,39.90,7.13,true,1,4013227013391
4013227013414,false,פינה קולדה Surfers pina colada,,,פינה קולדה Surfers pina colada,מליליטרים,700,"100 מ""ל",false,0,39.90,7.13,true,1,4013227013414
4014086024245,false,"בירה חיטה גרלסבורג מעוננת, לא מסוננת",,,"בירה חיטה גרלסבורג מעוננת, לא מסוננת",מליליטרים,500,"100 מ""ל",false,0,5.90,1.18,true,1,4014086024245
4014400900217,false,בונבוניירת מרסי Merci,שטורק Storck,,בונבוניירת מרסי Merci,גרמים,400,100 גרם,false,0,54.90,13.73,true,1,4014400900217
4014400901191,false,בונבוניירה מרסי Merci במבחר טעמים,שטורק Storck,,בונבוניירה מרסי Merci במבחר טעמים,גרמים,250,100 גרם,false,0,25.90,10.36,true,1,4014400901191
4014400901405,false,בונבוניירה מרסי Merci שוקולד חלב,שטורק Storck,,בונבוניירה מרסי Merci שוקולד חלב,גרמים,250,100 גרם,false,0,25.90,10.36,true,1,4014400901405
4014400901412,false,בונבוניירה מרסי Merci שוקולד מריר,שטורק Storck,,בונבוניירה מרסי Merci שוקולד מריר,גרמים,250,100 גרם,false,0,25.90,10.36,true,1,4014400901412
4014400903409,false,סוכריות טופיפי Toffifee,שטורק Storck,,סוכריות טופיפי Toffifee,גרמים,250,100 גרם,false,0,24.90,9.96,true,1,4014400903409
4014400904277,false,סוכריות מנטה Ice Fresh,שטורק Storck,,סוכריות מנטה Ice Fresh,גרמים,425,100 גרם,false,0,14.90,3.51,true,1,4014400904277
4014400904307,false,סוכריות קליפורניה בטעמי פירות,שטורק Storck,,סוכריות קליפורניה בטעמי פירות,גרמים,425,100 גרם,false,0,14.90,3.51,true,1,4014400904307
4014400904376,false,סוכריות טופי שוקולד,שטורק Storck,,סוכריות טופי שוקולד,גרמים,325,100 גרם,false,0,14.90,4.58,true,1,4014400904376
4014400904390,false,סוכריות טופי חלב,שטורק Storck,,סוכריות טופי חלב,גרמים,325,100 גרם,false,0,14.90,4.58,true,1,4014400904390
4014400907902,false,סוכריות חמאה ללא סוכר בטעם קרמל בקופסא,וורטרס Werther's,,סוכריות חמאה ללא סוכר בטעם קרמל בקופסא,גרמים,42,100 גרם,false,0,6.90,16.43,true,1,4014400907902
4014400910063,false,סוכריות חמאה,וורטרס Werther's,,סוכריות חמאה,גרמים,135,100 גרם,false,0,9.90,7.33,true,1,4014400910063
4014400913910,false,סוכריות במילוי קרם קרמל,וורטרס Werther's,,סוכריות במילוי קרם קרמל,גרמים,125,100 גרם,false,0,9.90,7.92,true,1,4014400913910
4014400914696,false,סוכריות טופי חמאה ללא סוכר,וורטרס Werther's,,סוכריות טופי חמאה ללא סוכר,גרמים,70,100 גרם,false,0,7.90,11.29,true,1,4014400914696
4014400914924,false,סוכריות טופי חמאה וקפה ללא סוכר,וורטרס Werther's,,סוכריות טופי חמאה וקפה ללא סוכר,גרמים,80,100 גרם,false,0,7.90,9.88,true,1,4014400914924
4014400920857,false,סוכריות וורטר Werther's בטעם שוקולד ללא סוכר,וורטרס Werther's,,סוכריות וורטר Werther's בטעם שוקולד ללא סוכר,גרמים,70,100 גרם,false,0,7.90,11.29,true,1,4014400920857
4014400923711,false,סוכריות טופיפי Toffifee,שטורק Storck,,סוכריות טופיפי Toffifee,גרמים,125,100 גרם,false,0,12.90,10.32,true,1,4014400923711
4014400925319,false,חטיף פופקורן בציפוי קרמל וורטרס,וורטרס Werther's,,חטיף פופקורן בציפוי קרמל וורטרס,גרמים,140,100 גרם,false,0,14.90,10.64,true,1,4014400925319
4014400929010,false,וופל קנופרס מיניס,קנופרס,,וופל קנופרס מיניס,גרמים,200,100 גרם,false,0,19.90,9.95,true,1,4014400929010
4014400931327,false,פופקורן בציפוי קרמל עם תערובת גרעינים,וורטרס Werther's,,פופקורן בציפוי קרמל עם תערובת גרעינים,גרמים,140,100 גרם,false,0,14.90,10.64,true,1,4014400931327
4015000031394,false,מסיר כתמים עם מברשת,ספטיל saptil,,מסיר כתמים עם מברשת,גרמים,200,100 גרם,false,0,14.90,7.45,true,1,4015000031394
4015000280211,false,דאודורנט רול און Caribbean Lemon,פה Fa,,דאודורנט רול און Caribbean Lemon,מליליטרים,50,"100 מ""ל",false,0,9.90,31.80,true,1,4015000280211
4015000280372,false,דאודורנט רול און ספורט Sport,פה Fa,,דאודורנט רול און ספורט Sport,מליליטרים,50,"100 מ""ל",false,0,9.90,31.80,true,1,4015000280372
4015000519915,false,דאודורנט ספריי Pink Passion בניחוח פרחים,פה Fa,,דאודורנט ספריי Pink Passion בניחוח פרחים,מליליטרים,200,"100 מ""ל",false,0,9.90,7.95,true,1,4015000519915
4015000615884,false,דאודורנט ספריי Caribbean Lemon,פה Fa,,דאודורנט ספריי Caribbean Lemon,מליליטרים,200,"100 מ""ל",false,0,9.90,7.95,true,1,4015000615884
4015000615891,false,דאודורנט ספריי Aqua,פה Fa,,דאודורנט ספריי Aqua,מליליטרים,200,"100 מ""ל",false,0,9.90,7.95,true,1,4015000615891
4015000615921,false,דאודורנט ספריי לגבר Sportive Fresh,פה Fa,,דאודורנט ספריי לגבר Sportive Fresh,מליליטרים,200,"100 מ""ל",false,0,9.90,7.95,true,1,4015000615921
4015000940948,false,מרכך גליס Gliss שיקום נזק קיצוני אולטימט ריפייר,שוורצקוף Schwarzkopf,,מרכך גליס Gliss שיקום נזק קיצוני אולטימט ריפייר,מליליטרים,400,"100 מ""ל",false,0,18.90,4.73,true,1,4015000940948
4015000940955,false,שמפו גליס Gliss שיקום נזק קיצוני אולטימט ריפייר,שוורצקוף Schwarzkopf,,שמפו גליס Gliss שיקום נזק קיצוני אולטימט ריפייר,מליליטרים,400,"100 מ""ל",false,0,18.90,4.73,true,1,4015000940955
4015000976268,false,שמפו גליס Gliss למראה שיער מבריק Million Gloss,שוורצקוף Schwarzkopf,,שמפו גליס Gliss למראה שיער מבריק Million Gloss,מליליטרים,400,"100 מ""ל",false,0,18.90,4.73,true,1,4015000976268
4015000976275,false,מרכך גליס Gliss למראה שיער מבריק Million Gloss,שוורצקוף Schwarzkopf,,מרכך גליס Gliss למראה שיער מבריק Million Gloss,מליליטרים,400,"100 מ""ל",false,0,18.90,4.73,true,1,4015000976275
4015000995122,false,דאודורנט ספריי לגבר Attracation force,פה Fa,,דאודורנט ספריי לגבר Attracation force,מליליטרים,200,"100 מ""ל",false,0,9.90,7.95,true,1,4015000995122
4015000996204,false,שמפו גליס Gliss תמצית שמן אולטימטיבי,שוורצקוף Schwarzkopf,,שמפו גליס Gliss תמצית שמן אולטימטיבי,מליליטרים,400,"100 מ""ל",false,0,18.90,4.73,true,1,4015000996204
4015000996273,false,מרכך גליס Gliss תמצית שמן אולטימטיבי,שוורצקוף Schwarzkopf,,מרכך גליס Gliss תמצית שמן אולטימטיבי,מליליטרים,400,"100 מ""ל",false,0,18.90,4.73,true,1,4015000996273
4015000997430,false,דאודורנט ספריי ספורט Sport Invisible Power 72h,פה Fa,,דאודורנט ספריי ספורט Sport Invisible Power 72h,מליליטרים,200,"100 מ""ל",false,0,9.90,7.95,true,1,4015000997430
4015100190762,false,גליס מסכה משקמת Ultimate Oil Elixir,שוורצקוף Schwarzkopf,,גליס מסכה משקמת Ultimate Oil Elixir,מליליטרים,200,"100 מ""ל",false,0,21.90,16.45,true,1,4015100190762
4015100190786,false,גליס מסכת סרום לשיקום עמוק עם קרטין,שוורצקוף Schwarzkopf,,גליס מסכת סרום לשיקום עמוק עם קרטין,מליליטרים,300,"100 מ""ל",false,0,21.90,10.97,true,1,4015100190786
4015100190793,false,גליס מסכה לשיער יבש ופגום במיוחד Ultimate Repair,שוורצקוף Schwarzkopf,,גליס מסכה לשיער יבש ופגום במיוחד Ultimate Repair,מליליטרים,200,"100 מ""ל",false,0,21.90,16.45,true,1,4015100190793
4015400564034,false,מגני תחתון אולוויז לונג פלוס עם ניחוח,אולוויז Always,,מגני תחתון אולוויז לונג פלוס עם ניחוח,יחידות,58,יחידה,false,0,21.90,0.38,true,1,4015400564034
4015400564454,false,מגני תחתון אולוויז לארג' עם ניחוח מגה פק,אולוויז Always,,מגני תחתון אולוויז לארג' עם ניחוח מגה פק,יחידות,68,יחידה,false,0,21.90,0.32,true,1,4015400564454
4015400598329,false,תחבושות היגייניות אולטרה - מארז רביעייה,אולוויז Always,,תחבושות היגייניות אולטרה - מארז רביעייה,יחידות,56,יחידה,false,4,39.90,0.71,true,1,4015400598329
4015400598381,false,תחבושות היגייניות אולטרה לונג - מארז קוואטרו 48 יח',אולוויז Always,,תחבושות היגייניות אולטרה לונג - מארז קוואטרו 48 יח',יחידות,48,יחידה,false,0,39.90,0.83,true,1,4015400598381
4015400598411,false,תחבושות היגייניות יום ולילה Day & Night - מארז 40 יח',אולוויז Always,,תחבושות היגייניות יום ולילה Day & Night - מארז 40 יח',יחידות,40,יחידה,false,0,39.90,1.00,true,1,4015400598411
4015400681670,false,תחבושות היגייניות אולטרה לילה בטוח,אולוויז Always,,תחבושות היגייניות אולטרה לילה בטוח,יחידות,18,יחידה,false,0,19.90,1.11,true,1,4015400681670
4015400690313,false,טמפונים טמפקס קומפק פרל רגיל,טמפקס Tampax,,טמפונים טמפקס קומפק פרל רגיל,יחידות,18,יחידה,false,0,27.90,1.55,true,1,4015400690313
4015400690405,false,טמפונים טמפקס קומפק פרל סופר,טמפקס Tampax,,טמפונים טמפקס קומפק פרל סופר,יחידות,18,יחידה,false,0,27.90,1.55,true,1,4015400690405
4015400690498,false,טמפונים טמפקס קומפק פרל סופר פלוס,טמפקס Tampax,,טמפונים טמפקס קומפק פרל סופר פלוס,יחידות,18,יחידה,false,0,27.90,1.55,true,1,4015400690498
4015400731719,false,תחבושות היגייניות אולוויז יום ולילה Day & Night,אולוויז Always,,תחבושות היגייניות אולוויז יום ולילה Day & Night,יחידות,20,יחידה,false,0,19.90,1.00,true,1,4015400731719
4015400746812,false,מגני תחתון אולוויז נורמל עם ניחוח מגה פק,אולוויז Always,,מגני תחתון אולוויז נורמל עם ניחוח מגה פק,יחידות,80,יחידה,false,0,21.90,0.27,true,1,4015400746812
4015400755241,false,תחבושות היגייניות אולוויז אולטרה נורמל - 28 יח',אולוויז Always,,תחבושות היגייניות אולוויז אולטרה נורמל - 28 יח',יחידות,28,יחידה,false,0,19.90,0.71,true,1,4015400755241
4015400755487,false,תחבושות היגייניות אולוויז אולטרה לונג - 24 יח',אולוויז Always,,תחבושות היגייניות אולוויז אולטרה לונג - 24 יח',יחידות,24,יחידה,false,0,19.90,0.83,true,1,4015400755487
4015400824701,false,טמפונים עם מוליך רגולר,טמפקס Tampax,,טמפונים עם מוליך רגולר,יחידות,30,יחידה,false,0,24.90,0.83,true,1,4015400824701
4015400824725,false,טמפונים עם מוליך סופר,טמפקס Tampax,,טמפונים עם מוליך סופר,יחידות,30,יחידה,false,0,24.90,0.83,true,1,4015400824725
4015400824749,false,טמפונים עם מוליך סופר פלוס,טמפקס Tampax,,טמפונים עם מוליך סופר פלוס,יחידות,30,יחידה,false,0,29.90,1.00,true,1,4015400824749
4015400966906,false,קליר בלו - ערכה לבדיקת הריון,Clear Blue,,קליר בלו - ערכה לבדיקת הריון,יחידות,1,יחידה,false,0,34.90,34.90,true,1,4015400966906
4015400966944,false,קליר בלו - מארז זוג לבדיקת הריון,Clear Blue,,קליר בלו - מארז זוג לבדיקת הריון,יחידות,2,יחידה,false,0,55.90,27.95,true,1,4015400966944
4015400985594,false,קליר בלו - בדיקת הריון דיגיטלית עם מחוון שבועות,Clear Blue,,קליר בלו - בדיקת הריון דיגיטלית עם מחוון שבועות,יחידות,1,יחידה,false,0,69.00,69.00,true,1,4015400985594
4015400990482,false,אבקת כביסה אריאל קולור,אריאל Ariel,,אבקת כביסה אריאל קולור,קילוגרמים,3,"ק""ג",false,0,31.90,13.30,true,1,4015400990482
4015600762742,false,שמפו יומיומי למניעת קשקשים הנוסחה הקלאסית,הד אנד שולדרס H&S,,שמפו יומיומי למניעת קשקשים הנוסחה הקלאסית,מליליטרים,500,"100 מ""ל",false,0,20.90,4.18,true,1,4015600762742
4015600762780,false,שמפו וקונדישינר יומיומי למניעת קשקשים הנוסחה הקלאסית 2in1,הד אנד שולדרס H&S,,שמפו וקונדישינר יומיומי למניעת קשקשים הנוסחה הקלאסית 2in1,מליליטרים,500,"100 מ""ל",false,0,20.90,4.18,true,1,4015600762780
4015600762902,false,שמפו למניעת קשקשים מנטול,הד אנד שולדרס H&S,,שמפו למניעת קשקשים מנטול,מליליטרים,500,"100 מ""ל",false,0,20.90,4.18,true,1,4015600762902
4015600762940,false,שמפו יומיומי למניעת קשקשים בניחוח תפוח,הד אנד שולדרס H&S,,שמפו יומיומי למניעת קשקשים בניחוח תפוח,מליליטרים,500,"100 מ""ל",false,0,20.90,4.18,true,1,4015600762940
4015600763022,false,שמפו יומיומי למניעת קשקשים לשיער יבש/פגום לשיער רך כמשי,הד אנד שולדרס H&S,,שמפו יומיומי למניעת קשקשים לשיער יבש/פגום לשיער רך כמשי,מליליטרים,500,"100 מ""ל",false,0,20.90,4.18,true,1,4015600763022
4015600766900,false,שמפו ומרכך 2 ב-1 למניעת קשקשים מנטול,הד אנד שולדרס H&S,,שמפו ומרכך 2 ב-1 למניעת קשקשים מנטול,מליליטרים,500,"100 מ""ל",false,0,20.90,4.18,true,1,4015600766900
4015600807436,false,דאודורנט ג'ל לגבר Cool wave 48h,ג'ילט Gillette,,דאודורנט ג'ל לגבר Cool wave 48h,מליליטרים,75,"100 מ""ל",false,0,19.90,29.20,true,1,4015600807436
4015600807573,false,דאודורנט ג'ל לגבר Sport power rush 48h,ג'ילט Gillette,,דאודורנט ג'ל לגבר Sport power rush 48h,מליליטרים,75,"100 מ""ל",false,0,19.90,29.20,true,1,4015600807573
4015600810849,false,דאודורנט ג'ל לגבר Sport power rush 48h,ג'ילט Gillette,,דאודורנט ג'ל לגבר Sport power rush 48h,מליליטרים,70,"100 מ""ל",false,0,18.90,28.43,true,1,4015600810849
4017100160110,false,גלילי וופל במילוי קרם בטעם שוקולד,באלזן Bahlsen,,גלילי וופל במילוי קרם בטעם שוקולד,גרמים,75,100 גרם,false,0,7.90,10.53,true,1,4017100160110
4017100160417,false,גלילי וופל במילוי קרם בטעם וניל,באלזן Bahlsen,,גלילי וופל במילוי קרם בטעם וניל,גרמים,75,100 גרם,false,0,7.90,10.53,true,1,4017100160417
4017100198151,false,עוגיות היט Hit קקאו במילוי קרם וניל,באלזן Bahlsen,,עוגיות היט Hit קקאו במילוי קרם וניל,גרמים,220,100 גרם,false,0,7.90,3.59,true,1,4017100198151
4017100210105,false,גלילי וופל עם שוקולד מריר,באלזן Bahlsen,,גלילי וופל עם שוקולד מריר,גרמים,100,100 גרם,false,0,10.90,10.90,true,1,4017100210105
4017100216800,false,מיני גלילי וופל מצופים שוקולד חלב,באלזן Bahlsen,,מיני גלילי וופל מצופים שוקולד חלב,גרמים,100,100 גרם,false,0,7.90,7.90,true,1,4017100216800
4017100219900,false,גלילי וופל עם שוקולד חלב Waffeletten,באלזן Bahlsen,,גלילי וופל עם שוקולד חלב Waffeletten,גרמים,100,100 גרם,false,0,10.90,10.90,true,1,4017100219900
4017100290008,false,ביסקוויט חמאה בשוקולד חלב,באלזן Bahlsen,,ביסקוויט חמאה בשוקולד חלב,גרמים,125,100 גרם,false,0,10.90,8.72,true,1,4017100290008
4017100291005,false,ביסקוויט מצופה שוקולד מריר ליבניץ Leibniz,באלזן Bahlsen,,ביסקוויט מצופה שוקולד מריר ליבניץ Leibniz,גרמים,125,100 גרם,false,0,10.90,8.72,true,1,4017100291005
4017100364112,false,עוגיות היט Hit במילוי קרם בטעם שוקולד,באלזן Bahlsen,,עוגיות היט Hit במילוי קרם בטעם שוקולד,גרמים,220,100 גרם,false,0,7.90,3.59,true,1,4017100364112
4017100366239,false,עוגיות ביסקוויט סנדוויץ ממולא קרם בטעם שוקולד,ליבניץ Leibniz,,עוגיות ביסקוויט סנדוויץ ממולא קרם בטעם שוקולד,גרמים,190,100 גרם,false,0,10.90,5.74,true,1,4017100366239
4018722100157,false,פסטה פוזילי מקמח כוסמין מלא אורגני,ALB.GOLD,,פסטה פוזילי מקמח כוסמין מלא אורגני,גרמים,250,100 גרם,false,0,12.90,5.16,true,1,4018722100157
4018722100188,false,אטריות רחבות כוסמין וביצים אורגניות,ALB.GOLD,,אטריות רחבות כוסמין וביצים אורגניות,גרמים,250,100 גרם,false,0,15.90,6.36,true,1,4018722100188
4020400890021,false,סוכריות ללא סוכר בטעם מנטה חריפה,ויויל VIVIL,,סוכריות ללא סוכר בטעם מנטה חריפה,גרמים,60,100 גרם,false,0,12.90,21.50,true,1,4020400890021
4020400890038,false,סוכריות ללא סוכר בטעם מנטה עם תמציות צמחים,ויויל VIVIL,,סוכריות ללא סוכר בטעם מנטה עם תמציות צמחים,גרמים,60,100 גרם,false,0,12.90,21.50,true,1,4020400890038
4020400890045,false,סוכריות ללא סוכר בטעם פירות יער,ויויל VIVIL,,סוכריות ללא סוכר בטעם פירות יער,גרמים,60,100 גרם,false,0,12.90,21.50,true,1,4020400890045
4023368083047,false,מד חום דיגיטלי גמיש 10 שניות,דין דיאגנוסטיקה,,מד חום דיגיטלי גמיש 10 שניות,יחידות,1,יחידה,false,0,19.90,19.90,true,1,4023368083047
4023368240402,false,מד לחץ דם ודופק Visomat Comfort 20/40,Visomat,,מד לחץ דם ודופק Visomat Comfort 20/40,,0,,false,0,169.90,0.00,true,1,4023368240402
4023800012109,false,מרציפן,,,מרציפן,גרמים,100,100 גרם,false,0,7.90,7.90,true,1,4023800012109
4025700001962,false,שוקולד לבן,מילקה Milka,,שוקולד לבן,גרמים,100,100 גרם,false,0,5.90,7.50,true,1,4025700001962
4028208000284,false,נייר פילטר לקפה מס' 4 Brigitta בריגטה,,,נייר פילטר לקפה מס' 4 Brigitta בריגטה,יחידות,80,יחידה,false,0,11.90,0.15,true,1,4028208000284
4037719068317,false,סוכריות בטעם פירות יער Wild Berry,קוונדיש והרווי C&H,,סוכריות בטעם פירות יער Wild Berry,גרמים,200,100 גרם,false,0,9.90,4.95,true,1,4037719068317
4045787068221,false,צבע לשיער פרוטאין קולור- 1 שחור,אינדולה Indola,,צבע לשיער פרוטאין קולור- 1 שחור,מליליטרים,60,"100 מ""ל",false,0,11.90,33.17,true,1,4045787068221
4045787068238,false,צבע לשיער פרוטאין קולור- 10 בלונד בהיר מאוד,אינדולה Indola,,צבע לשיער פרוטאין קולור- 10 בלונד בהיר מאוד,מליליטרים,60,"100 מ""ל",false,0,11.90,33.17,true,1,4045787068238
4045787068245,false,צבע לשיער פרוטאין קולור- 1000.0 אקסטרה בלונד,אינדולה Indola,,צבע לשיער פרוטאין קולור- 1000.0 אקסטרה בלונד,מליליטרים,60,"100 מ""ל",false,0,11.90,33.17,true,1,4045787068245
4045787068252,false,צבע לשיער פרוטאין קולור- 1000.1 אקסטרה בלונד אפרפר,אינדולה Indola,,צבע לשיער פרוטאין קולור- 1000.1 אקסטרה בלונד אפרפר,מליליטרים,60,"100 מ""ל",false,0,11.90,33.17,true,1,4045787068252
4045787068283,false,צבע לשיער פרוטאין קולור- 1.1 שחור כחול,אינדולה Indola,,צבע לשיער פרוטאין קולור- 1.1 שחור כחול,מליליטרים,60,"100 מ""ל",false,0,11.90,33.17,true,1,4045787068283
4045787068290,false,צבע לשיער פרוטאין קולור- 3 חום שחור,אינדולה Indola,,צבע לשיער פרוטאין קולור- 3 חום שחור,מליליטרים,60,"100 מ""ל",false,0,11.90,33.17,true,1,4045787068290
4045787068306,false,צבע לשיער פרוטאין קולור- 4 חום כהה,אינדולה Indola,,צבע לשיער פרוטאין קולור- 4 חום כהה,מליליטרים,60,"100 מ""ל",false,0,11.90,33.17,true,1,4045787068306
4045787068313,false,צבע לשיער פרוטאין קולור- 4.37 שוקולד כהה,אינדולה Indola,,צבע לשיער פרוטאין קולור- 4.37 שוקולד כהה,מליליטרים,60,"100 מ""ל",false,0,11.90,33.17,true,1,4045787068313
4045787068320,false,צבע לשיער פרוטאין קולור- 5 חום,אינדולה Indola,,צבע לשיער פרוטאין קולור- 5 חום,מליליטרים,60,"100 מ""ל",false,0,11.90,33.17,true,1,4045787068320
4045787068337,false,צבע לשיער פרוטאין קולור- 5.35 אגוז,אינדולה Indola,,צבע לשיער פרוטאין קולור- 5.35 אגוז,מליליטרים,60,"100 מ""ל",false,0,11.90,33.17,true,1,4045787068337
4045787068344,false,צבע לשיער פרוטאין קולור- 5.4 ערמונים,אינדולה Indola,,צבע לשיער פרוטאין קולור- 5.4 ערמונים,מליליטרים,60,"100 מ""ל",false,0,11.90,33.17,true,1,4045787068344
4045787068351,false,צבע לשיער פרוטאין קולור- 5.56 בורדו קטיפה,אינדולה Indola,,צבע לשיער פרוטאין קולור- 5.56 בורדו קטיפה,מליליטרים,60,"100 מ""ל",false,0,11.90,33.17,true,1,4045787068351
4045787068368,false,צבע לשיער פרוטאין קולור- 5.66 שזיף,אינדולה Indola,,צבע לשיער פרוטאין קולור- 5.66 שזיף,מליליטרים,60,"100 מ""ל",false,0,11.90,33.17,true,1,4045787068368
4045787068375,false,צבע לשיער פרוטאין קולור- 6 בלונד כהה,אינדולה Indola,,צבע לשיער פרוטאין קולור- 6 בלונד כהה,מליליטרים,60,"100 מ""ל",false,0,11.90,33.17,true,1,4045787068375
4045787068382,false,צבע לשיער פרוטאין קולור- 6.03 חום זהבהב,אינדולה Indola,,צבע לשיער פרוטאין קולור- 6.03 חום זהבהב,מליליטרים,60,"100 מ""ל",false,0,11.90,33.17,true,1,4045787068382
4045787068405,false,צבע לשיער פרוטאין קולור- 6.23 חום שקד,אינדולה Indola,,צבע לשיער פרוטאין קולור- 6.23 חום שקד,מליליטרים,60,"100 מ""ל",false,0,11.90,33.17,true,1,4045787068405
4045787068412,false,צבע לשיער פרוטאין קולור- 6.37 שוקולד,אינדולה Indola,,צבע לשיער פרוטאין קולור- 6.37 שוקולד,מליליטרים,60,"100 מ""ל",false,0,11.90,33.17,true,1,4045787068412
4045787068436,false,צבע לשיער פרוטאין קולור- 6.46 נחושת אדומה,אינדולה Indola,,צבע לשיער פרוטאין קולור- 6.46 נחושת אדומה,מליליטרים,60,"100 מ""ל",false,0,11.90,33.17,true,1,4045787068436
4045787068467,false,צבע לשיער פרוטאין קולור- 7 בלונד בינוני,אינדולה Indola,,צבע לשיער פרוטאין קולור- 7 בלונד בינוני,מליליטרים,60,"100 מ""ל",false,0,11.90,33.17,true,1,4045787068467
4045787068498,false,צבע לשיער פרוטאין קולור- 7.3 דבש,אינדולה Indola,,צבע לשיער פרוטאין קולור- 7.3 דבש,מליליטרים,60,"100 מ""ל",false,0,11.90,33.17,true,1,4045787068498
4045787068504,false,צבע לשיער פרוטאין קולור- 7.35 פקאן,אינדולה Indola,,צבע לשיער פרוטאין קולור- 7.35 פקאן,מליליטרים,60,"100 מ""ל",false,0,11.90,33.17,true,1,4045787068504
4045787068511,false,צבע לשיער פרוטאין קולור- 7.44 דבש נחושתי,אינדולה Indola,,צבע לשיער פרוטאין קולור- 7.44 דבש נחושתי,,0,,false,0,11.90,0.00,true,1,4045787068511
4045787068535,false,צבע לשיער פרוטאין קולור- 7.66 אדום זוהר,אינדולה Indola,,צבע לשיער פרוטאין קולור- 7.66 אדום זוהר,מליליטרים,60,"100 מ""ל",false,0,11.90,33.17,true,1,4045787068535
4045787068542,false,צבע לשיער פרוטאין קולור- 8 בלונד בהיר,אינדולה Indola,,צבע לשיער פרוטאין קולור- 8 בלונד בהיר,מליליטרים,60,"100 מ""ל",false,0,11.90,33.17,true,1,4045787068542
4045787068566,false,צבע לשיער פרוטאין קולור- 8.3 בלונד שמש,אינדולה Indola,,צבע לשיער פרוטאין קולור- 8.3 בלונד שמש,מליליטרים,60,"100 מ""ל",false,0,11.90,33.17,true,1,4045787068566
4045787068610,false,צבע לשיער פרוטאין קולור- 9 בלונד שמש,אינדולה Indola,,צבע לשיער פרוטאין קולור- 9 בלונד שמש,מליליטרים,60,"100 מ""ל",false,0,11.90,33.17,true,1,4045787068610
4048882682477,false,קרם לחות ואגינלי ללא הורמונים,ואגיזן Vagisan,,קרם לחות ואגינלי ללא הורמונים,גרמים,50,100 גרם,false,0,64.90,129.80,true,1,4048882682477
4052197000017,false,בירה בנדיקטינר,בנדיקטינר,,בירה בנדיקטינר,מליליטרים,500,"100 מ""ל",false,0,9.90,1.98,true,1,4052197000017
4052197000369,false,בירה בנדקטינר מארז שישיה,בנדיקטינר,,בירה בנדקטינר מארז שישיה,ליטרים,2,ליטר,false,0,39.90,20.15,true,1,4052197000369
4053700292455,false,רצועות שעווה מוכנות לשימוש לעור רגיל,ויט Veet,,רצועות שעווה מוכנות לשימוש לעור רגיל,,0,,false,0,29.90,0.00,true,1,4053700292455
4056800600380,false,צבע לשיער קולסטון - 8/3 בלונד קוניאק,וולה Wella,,צבע לשיער קולסטון - 8/3 בלונד קוניאק,מליליטרים,60,"100 מ""ל",false,0,24.90,41.50,true,1,4056800600380
4056800693061,false,ג'ל לשיער וולה פלקס Wella flex,וולה Wella,,ג'ל לשיער וולה פלקס Wella flex,מליליטרים,150,"100 מ""ל",false,0,11.90,7.93,true,1,4056800693061
4056800762699,false,צבע לשיער קולסטון מיני קיט בלונד בינוני 7/0,וולה Wella,,צבע לשיער קולסטון מיני קיט בלונד בינוני 7/0,גרמים,150,100 גרם,false,0,24.90,16.60,true,1,4056800762699
4056800762842,false,צבע לשיער קולסטון מיני קיט חום בהיר 5/0,וולה Wella,,צבע לשיער קולסטון מיני קיט חום בהיר 5/0,גרמים,150,100 גרם,false,0,24.90,16.60,true,1,4056800762842
4056800762873,false,צבע לשיער קולסטון מיני קיט חום בינוני 4/0,וולה Wella,,צבע לשיער קולסטון מיני קיט חום בינוני 4/0,גרמים,150,100 גרם,false,0,24.90,16.60,true,1,4056800762873
4056800762903,false,צבע לשיער קולסטון מיני קיט חום כהה 3/0,וולה Wella,,צבע לשיער קולסטון מיני קיט חום כהה 3/0,גרמים,150,100 גרם,false,0,24.90,16.60,true,1,4056800762903
4056800762934,false,צבע לשיער קולסטון מיני קיט שחור 2/0,וולה Wella,,צבע לשיער קולסטון מיני קיט שחור 2/0,גרמים,150,100 גרם,false,0,24.90,16.60,true,1,4056800762934
4056800763085,false,צבע לשיער קולסטון מיני קיט אדום חושני 5/45,וולה Wella,,צבע לשיער קולסטון מיני קיט אדום חושני 5/45,גרמים,150,100 גרם,false,0,24.90,16.60,true,1,4056800763085
4056800777761,false,צבע לשיער קולסטון קיט 2/0 שחור,וולה Wella,,צבע לשיער קולסטון קיט 2/0 שחור,גרמים,165,100 גרם,false,0,39.90,24.18,true,1,4056800777761
4056800777792,false,צבע לשיער קולסטון קיט 2/8 שחור כחול,וולה Wella,,צבע לשיער קולסטון קיט 2/8 שחור כחול,גרמים,165,100 גרם,false,0,39.90,24.18,true,1,4056800777792
4056800777822,false,צבע לשיער קולסטון קיט 3/0 חום כהה,וולה Wella,,צבע לשיער קולסטון קיט 3/0 חום כהה,גרמים,165,100 גרם,false,0,39.90,24.18,true,1,4056800777822
4056800777853,false,צבע לשיער קולסטון קיט 4/0 חום בינוני,וולה Wella,,צבע לשיער קולסטון קיט 4/0 חום בינוני,גרמים,165,100 גרם,false,0,39.90,24.18,true,1,4056800777853
4056800777921,false,צבע לשיער קולסטון קיט 4/77 חום קטיפה,וולה Wella,,צבע לשיער קולסטון קיט 4/77 חום קטיפה,גרמים,165,100 גרם,false,0,39.90,24.18,true,1,4056800777921
4056800777952,false,צבע לשיער קולסטון קיט 5/0 חום,וולה Wella,,צבע לשיער קולסטון קיט 5/0 חום,גרמים,165,100 גרם,false,0,39.90,24.18,true,1,4056800777952
4056800778003,false,צבע לשיער קולסטון קיט 5/37 חום חושני,וולה Wella,,צבע לשיער קולסטון קיט 5/37 חום חושני,גרמים,165,100 גרם,false,0,39.90,24.18,true,1,4056800778003
4056800778171,false,צבע לשיער קולסטון קיט 5/5 מהגוני,וולה Wella,,צבע לשיער קולסטון קיט 5/5 מהגוני,גרמים,165,100 גרם,false,0,39.90,24.18,true,1,4056800778171
4056800778287,false,צבע לשיער קולסטון קיט 6/0 בלונד כהה,וולה Wella,,צבע לשיער קולסטון קיט 6/0 בלונד כהה,גרמים,165,100 גרם,false,0,39.90,24.18,true,1,4056800778287
4056800778317,false,צבע לשיער קולסטון קיט 6/1 בלונד אפר כהה,וולה Wella,,צבע לשיער קולסטון קיט 6/1 בלונד אפר כהה,גרמים,165,100 גרם,false,0,39.90,24.18,true,1,4056800778317
4056800778409,false,צבע לשיער קולסטון קיט 6/7 חום שוקולד,וולה Wella,,צבע לשיער קולסטון קיט 6/7 חום שוקולד,גרמים,165,100 גרם,false,0,39.90,24.18,true,1,4056800778409
4056800778430,false,צבע לשיער קולסטון קיט 6/73 חום זהוב,וולה Wella,,צבע לשיער קולסטון קיט 6/73 חום זהוב,גרמים,165,100 גרם,false,0,39.90,24.18,true,1,4056800778430
4056800778973,false,צבע לשיער קולסטון קיט 7/3 - חום אגוז,וולה Wella,,צבע לשיער קולסטון קיט 7/3 - חום אגוז,גרמים,165,100 גרם,false,0,39.90,24.18,true,1,4056800778973
4056800779208,false,צבע לשיער קולסטון קיט 8/0 בלונד בהיר,וולה Wella,,צבע לשיער קולסטון קיט 8/0 בלונד בהיר,גרמים,165,100 גרם,false,0,39.90,24.18,true,1,4056800779208
4056800779352,false,צבע לשיער קולסטון קיט 8/1 בלונד אפור בהיר,וולה Wella,,צבע לשיער קולסטון קיט 8/1 בלונד אפור בהיר,גרמים,165,100 גרם,false,0,39.90,24.18,true,1,4056800779352
4056800779413,false,צבע לשיער קולסטון קיט 8/74 אגוז חושני,וולה Wella,,צבע לשיער קולסטון קיט 8/74 אגוז חושני,גרמים,165,100 גרם,false,0,39.90,24.18,true,1,4056800779413
4056800943739,false,קרם חמצן וולוקסון Welloxon 6%,וולה Wella,,קרם חמצן וולוקסון Welloxon 6%,מליליטרים,75,"100 מ""ל",false,0,3.90,5.20,true,1,4056800943739
4056800943791,false,קרם חמצן וולוקסון Welloxon 9%,וולה Wella,,קרם חמצן וולוקסון Welloxon 9%,מליליטרים,75,"100 מ""ל",false,0,3.90,5.20,true,1,4056800943791
4056800980444,false,צבע לשיער קולסטון מיני קיט סגול 3/66,וולה Wella,,צבע לשיער קולסטון מיני קיט סגול 3/66,גרמים,150,100 גרם,false,0,24.90,16.60,true,1,4056800980444
4062400543125,false,טקילה סיירה זהב רפסדו,סיארה Sierra,,טקילה סיירה זהב רפסדו,מליליטרים,700,"100 מ""ל",false,0,89.90,12.84,true,1,4062400543125
4066600601920,false,פחית בירה חיטה פאולנר,פאולנר Paulaner,,פחית בירה חיטה פאולנר,מליליטרים,500,"100 מ""ל",false,0,10.90,2.18,true,1,4066600601920
4066600999614,false,בירה פאולנר,פאולנר Paulaner,,בירה פאולנר,מליליטרים,500,"100 מ""ל",false,0,10.90,2.18,true,1,4066600999614
4067700014849,false,ליקר ייגרמייסטר,,,ליקר ייגרמייסטר,מליליטרים,700,"100 מ""ל",false,0,79.90,18.43,true,1,4067700014849
4072700001188,false,בקבוק בירה פרנסיסקאנר כהה,פרנסיסקאנר Franziskaner,,בקבוק בירה פרנסיסקאנר כהה,מליליטרים,500,"100 מ""ל",false,0,9.90,1.98,true,1,4072700001188
4072700001775,false,בירה פרנסיסקאנר בהירה מעוננת בפחית,פרנסיסקאנר Franziskaner,,בירה פרנסיסקאנר בהירה מעוננת בפחית,מליליטרים,500,"100 מ""ל",false,0,9.90,1.98,true,1,4072700001775
4084500065536,false,קרם לחות עשיר לחות מוגברת,פנטן Pantene,,קרם לחות עשיר לחות מוגברת,מליליטרים,300,"100 מ""ל",false,0,18.90,6.63,true,1,4084500065536
4084500065598,false,קרם לחות עשיר לתלתלים מושלמים,פנטן Pantene,,קרם לחות עשיר לתלתלים מושלמים,מליליטרים,300,"100 מ""ל",false,0,18.90,6.63,true,1,4084500065598
4084500081314,false,משחת שיניים פרו אקספרט לניקוי עמוק בטעם מנטה,אורל בי Oral B,,משחת שיניים פרו אקספרט לניקוי עמוק בטעם מנטה,מליליטרים,75,"100 מ""ל",false,0,9.90,19.87,true,1,4084500081314
4084500088917,false,סבון כלים לימון,פיירי Fairy,,סבון כלים לימון,מליליטרים,650,"100 מ""ל",false,0,11.90,1.83,true,1,4084500088917
4084500149526,false,טייד ג'ל,טייד Tide,,טייד ג'ל,ליטרים,2,ליטר,false,0,29.90,12.06,true,1,4084500149526
4084500178137,false,טייד ג'ל,טייד Tide,,טייד ג'ל,ליטרים,4,ליטר,false,0,35.90,8.98,true,1,4084500178137
4084500853553,false,סבון כלים קלאסי,פיירי Fairy,,סבון כלים קלאסי,מליליטרים,650,"100 מ""ל",false,0,11.90,1.83,true,1,4084500853553
4084500853836,false,סבון כלים ורדים וסאטן,פיירי Fairy,,סבון כלים ורדים וסאטן,מליליטרים,515,"100 מ""ל",false,0,11.90,2.31,true,1,4084500853836
4084500853898,false,סבון כלים אלוורה ומלפפונים,פיירי Fairy,,סבון כלים אלוורה ומלפפונים,מליליטרים,515,"100 מ""ל",false,0,11.90,2.31,true,1,4084500853898
4086900990333,false,AromaSense - שמן שקדים,PRIMAVERA LIFE,,AromaSense - שמן שקדים,מליליטרים,500,"100 מ""ל",false,0,49.90,9.98,true,1,4086900990333
4100130937163,false,מארז בירה בקס שישייה,בקס Beck's,,מארז בירה בקס שישייה,ליטרים,2,ליטר,false,6,24.90,18.12,true,1,4100130937163
4105120623941,false,בירה ויינשטפן,ווינשטפן Weihenstephaner,,בירה ויינשטפן,מליליטרים,500,"100 מ""ל",false,0,9.90,1.98,true,1,4105120623941
4210201181477,false,ראשי מילוי למברשת שיניים חשמלית פרוזן,אורל בי Oral B,,ראשי מילוי למברשת שיניים חשמלית פרוזן,יחידות,4,יחידה,false,0,84.90,22.48,true,1,4210201181477
4210201245193,false,מברשת חשמלית נטענת לילדים +3 פרוזן D100,אורל בי Oral B,,מברשת חשמלית נטענת לילדים +3 פרוזן D100,,0,,false,0,84.90,0.00,true,1,4210201245193
4210201262183,false,מברשת שיניים חשמלית ויטליטי Vitality נטענת,אורל בי Oral B,,מברשת שיניים חשמלית ויטליטי Vitality נטענת,,0,,false,0,84.90,0.00,true,1,4210201262183
4210201822448,false,מברשת שיניים חשמלית אדבנס פאוור,אורל בי Oral B,,מברשת שיניים חשמלית אדבנס פאוור,,0,,false,0,59.90,0.00,true,1,4210201822448
4600659010854,false,וודקה סטוליצ'ניה,סטוליצ'ניה Stolichnaya,,וודקה סטוליצ'ניה,מליליטרים,700,"100 מ""ל",false,0,59.90,11.41,true,1,4600659010854
4600659011059,false,וודקה סטוליצ'ניה,סטוליצ'ניה Stolichnaya,,וודקה סטוליצ'ניה,ליטרים,1,ליטר,false,0,79.90,99.00,true,1,4600659011059
4601576004032,false,מיונז חלומי בטעם זיתים,,,מיונז חלומי בטעם זיתים,גרמים,873,100 גרם,false,0,19.90,2.28,true,1,4601576004032
4601576004100,false,מיונז חלומי בטעם קלאסי,,,מיונז חלומי בטעם קלאסי,גרמים,873,100 גרם,false,0,19.90,2.28,true,1,4601576004100
4602486002071,false,וודקה בלנקאיה גולד,בלנקאייה,,וודקה בלנקאיה גולד,מליליטרים,700,"100 מ""ל",false,0,59.90,8.56,true,1,4602486002071
4603400000043,false,וודקה רוסקי,רוסקי Russian Standard,,וודקה רוסקי,מליליטרים,700,"100 מ""ל",false,0,69.90,9.99,true,1,4603400000043
4603928000983,false,וודקה בלוגה נובל,בלוגה Beluga,,וודקה בלוגה נובל,ליטרים,1,ליטר,false,0,159.90,159.90,true,1,4603928000983
4605246003523,false,תה שחור Golden Ceylon,גרינפילד Greenfield,,תה שחור Golden Ceylon,גרמים,50,100 גרם,false,0,11.90,23.80,true,1,4605246003523
4605246003585,false,תה ירוק Flying Dragon,גרינפילד Greenfield,,תה ירוק Flying Dragon,גרמים,50,100 גרם,false,0,11.90,23.80,true,1,4605246003585
4605246003721,false,תה עלים ירוק ויסמין,גרינפילד Greenfield,,תה עלים ירוק ויסמין,גרמים,50,100 גרם,false,0,9.90,23.80,true,1,4605246003721
4605246004278,false,תה שחור ארל גריי Earl Grey,גרינפילד Greenfield,,תה שחור ארל גריי Earl Grey,גרמים,50,100 גרם,false,0,11.90,23.80,true,1,4605246004278
4605246004322,false,תה קמומיל,גרינפילד Greenfield,,תה קמומיל,גרמים,38,100 גרם,false,0,11.90,31.73,true,1,4605246004322
4605246004339,false,תה פטל Summer Bouquet,גרינפילד Greenfield,,תה פטל Summer Bouquet,גרמים,50,100 גרם,false,0,11.90,23.80,true,1,4605246004339
4605246004353,false,תה ירוק ומליסה,גרינפילד Greenfield,,תה ירוק ומליסה,גרמים,45,100 גרם,false,0,11.90,26.44,true,1,4605246004353
4605246007118,false,תה לימון Lemon spark,גרינפילד Greenfield,,תה לימון Lemon spark,גרמים,38,100 גרם,false,0,11.90,31.73,true,1,4605246007118
4607002990290,false,מלפפונים מוחמצים,דדיה ואניה,,מלפפונים מוחמצים,גרמים,680,100 גרם,false,0,11.90,1.75,true,1,4607002990290
4607002990474,false,עגבניות מוחמצות,דדיה ואניה,,עגבניות מוחמצות,גרמים,680,100 גרם,false,0,11.90,1.75,true,1,4607002990474
4607002990481,false,עגבניות במיץ עגבניות,דדיה ואניה,,עגבניות במיץ עגבניות,גרמים,680,100 גרם,false,0,11.90,1.75,true,1,4607002990481
4607002995752,false,מלפפונים ועגבניות מוחמצים,דדיה ואניה,,מלפפונים ועגבניות מוחמצים,גרמים,680,100 גרם,false,0,11.90,1.75,true,1,4607002995752
4607002995868,false,"פלפלים ברוטב עגבניות ""לצ'ו""",דדיה ואניה,,"פלפלים ברוטב עגבניות ""לצ'ו""",גרמים,680,100 גרם,false,0,11.90,1.75,true,1,4607002995868
4607002995943,false,ממרח קישואים,דדיה ואניה,,ממרח קישואים,גרמים,460,100 גרם,false,0,9.90,2.15,true,1,4607002995943
4607002997558,false,סלט פלפל אדום הונגרי,דדיה ואניה,,סלט פלפל אדום הונגרי,גרמים,460,100 גרם,false,0,9.90,2.15,true,1,4607002997558
4607002999309,false,תבשיל שעועית ברוטב עגבניות,דדיה ואניה,,תבשיל שעועית ברוטב עגבניות,גרמים,480,100 גרם,false,0,9.90,2.06,true,1,4607002999309
4607002999323,false,ממרח חצילים,דדיה ואניה,,ממרח חצילים,גרמים,460,100 גרם,false,0,9.90,2.15,true,1,4607002999323
4607012351005,false,גרעיני חמניות קלויים,מרטין,,גרעיני חמניות קלויים,גרמים,200,100 גרם,false,0,12.90,6.45,true,1,4607012351005
4607012351128,false,גרעיני חמניות קלויים,מרטין,,גרעיני חמניות קלויים,גרמים,500,100 גרם,false,0,26.90,5.38,true,1,4607012351128
4607012351999,false,גרעיני חמניות קלויים עם מלח,מרטין,,גרעיני חמניות קלויים עם מלח,גרמים,200,100 גרם,false,0,12.90,6.45,true,1,4607012351999
4607012352095,false,גרעיני חמניות קלויים עם מלח,מרטין,,גרעיני חמניות קלויים עם מלח,גרמים,500,100 גרם,false,0,26.90,5.38,true,1,4607012352095
4607012352453,false,גרעיני חמניות פסים קלויים עם מלח,מרטין,,גרעיני חמניות פסים קלויים עם מלח,גרמים,150,100 גרם,false,0,8.90,5.93,true,1,4607012352453
4607012352538,false,גרעיני חמניות קלויים מיקס,מרטין,,גרעיני חמניות קלויים מיקס,גרמים,200,100 גרם,false,0,12.90,6.45,true,1,4607012352538
4607012352606,false,גרעיני חמניות קלויים מיקס,מרטין,,גרעיני חמניות קלויים מיקס,גרמים,200,100 גרם,false,0,12.90,6.45,true,1,4607012352606
4607109409619,false,טבליות למדיח All In One Max,פיניש Finish,,טבליות למדיח All In One Max,יחידות,25,יחידה,false,0,29.90,1.20,true,1,4607109409619
4610028130052,false,וודקה לג'נד אוף קרמלין Legend of Kremlin,לג'נד אוף קרמלין,,וודקה לג'נד אוף קרמלין Legend of Kremlin,מליליטרים,700,"100 מ""ל",false,0,109.90,15.70,true,1,4610028130052
4640018993343,false,קפסולות למדיח פיניש קוואנטום 30 יח',פיניש Finish,,קפסולות למדיח פיניש קוואנטום 30 יח',יחידות,30,יחידה,false,0,34.90,1.33,true,1,4640018993343
4640018993350,false,קפסולות למדיח פיניש קוואנטום לימון 30 יח',פיניש Finish,,קפסולות למדיח פיניש קוואנטום לימון 30 יח',יחידות,30,יחידה,false,0,34.90,1.33,true,1,4640018993350
4640018993398,false,קפסולות למדיח פיניש קוואנטום 60 יח',פיניש Finish,,קפסולות למדיח פיניש קוואנטום 60 יח',יחידות,60,יחידה,false,0,54.90,1.00,true,1,4640018993398
4710068001692,false,קפה לאטה,מאסטר קפה Master Cafe,,קפה לאטה,מליליטרים,240,"100 מ""ל",false,0,5.90,2.46,true,1,4710068001692
4710068001715,false,קפה טירמיסו,מאסטר קפה Master Cafe,,קפה טירמיסו,מליליטרים,250,"100 מ""ל",false,0,5.90,2.36,true,1,4710068001715
4710068001739,false,קפה קולומביאני,מאסטר קפה Master Cafe,,קפה קולומביאני,מליליטרים,250,"100 מ""ל",false,0,5.90,2.36,true,1,4710068001739
4740098079309,false,סיידר פיז Fizz אוכמניות,צ'סו,,סיידר פיז Fizz אוכמניות,מליליטרים,500,"100 מ""ל",false,0,7.90,1.58,true,1,4740098079309
4740098079316,false,סיידר פיז Fizz תות שדה,צ'סו,,סיידר פיז Fizz תות שדה,מליליטרים,500,"100 מ""ל",false,0,7.90,1.58,true,1,4740098079316
4740098079323,false,סיידר פיז Fizz אגס,צ'סו,,סיידר פיז Fizz אגס,מליליטרים,500,"100 מ""ל",false,0,7.90,1.58,true,1,4740098079323
4740098084440,false,סיידר פיז Fizz תפוח עץ,צ'סו,,סיידר פיז Fizz תפוח עץ,מליליטרים,500,"100 מ""ל",false,0,7.90,1.58,true,1,4740098084440
4740098090137,false,בירה IPA איי.פי.איי לבנה,א.לה קוק A.Le Coq,,בירה IPA איי.פי.איי לבנה,מליליטרים,500,"100 מ""ל",false,0,9.90,1.98,true,1,4740098090137
4750142003426,false,בירה פילזנר Pilsener אקסטרה,צ'סו,,בירה פילזנר Pilsener אקסטרה,מליליטרים,500,"100 מ""ל",false,0,6.90,1.38,true,1,4750142003426
4750142016518,false,בירה צ'סו Cesu לא מסוננת,,,בירה צ'סו Cesu לא מסוננת,מליליטרים,568,"100 מ""ל",false,0,8.90,1.57,true,1,4750142016518
4750142021505,false,פחית בירה פילזנר Pilsener,,,פחית בירה פילזנר Pilsener,מליליטרים,500,"100 מ""ל",false,0,6.90,1.38,true,1,4750142021505
4750616000258,false,שפרוטים גדולים מעושנים בשמן צמחי,בריויאס וילניוס,,שפרוטים גדולים מעושנים בשמן צמחי,גרמים,190,100 גרם,false,0,7.90,4.16,true,1,4750616000258
4750616000593,false,שפרוטים מעושנים בשמן צמחי,בריויאס וילניוס,,שפרוטים מעושנים בשמן צמחי,גרמים,190,100 גרם,false,0,7.90,4.16,true,1,4750616000593
4750616001194,false,שפרוטים מעושנים בשמן צמחי,בריויאס וילניוס,,שפרוטים מעושנים בשמן צמחי,גרמים,240,100 גרם,false,0,7.90,3.29,true,1,4750616001194
4750616001361,false,שימורי הרינג מעושן בשמן צמחי,בריויאס וילניוס,,שימורי הרינג מעושן בשמן צמחי,גרמים,190,100 גרם,false,0,7.90,4.16,true,1,4750616001361
4750616001651,false,דגי שיפרוט גדולים מעושנים בשמן צמחי,בריויאס וילניוס,,דגי שיפרוט גדולים מעושנים בשמן צמחי,גרמים,240,100 גרם,false,0,7.90,3.29,true,1,4750616001651
4750616001989,false,ממרח שפרוטים,בריויאס וילניוס,,ממרח שפרוטים,גרמים,240,100 גרם,false,0,4.90,2.04,true,1,4750616001989
4750616002276,false,קילקה ברוטב עגבניות עם צ'ילי,בריויאס וילניוס,,קילקה ברוטב עגבניות עם צ'ילי,גרמים,240,100 גרם,false,0,4.90,2.04,true,1,4750616002276
4750616002337,false,שימורי דגי קילקה שלמים ברוטב עגבניות,בריויאס וילניוס,,שימורי דגי קילקה שלמים ברוטב עגבניות,גרמים,240,100 גרם,false,0,4.90,2.04,true,1,4750616002337
4750616002344,false,קילקה ברוטב עגבניות,בריויאס וילניוס,,קילקה ברוטב עגבניות,גרמים,240,100 גרם,false,0,4.90,2.04,true,1,4750616002344
4751022361797,false,ריבועי שיפון ושיבולת שועל עם קינמון אורגניים,!Milzu,,ריבועי שיפון ושיבולת שועל עם קינמון אורגניים,גרמים,250,100 גרם,false,0,18.90,7.56,true,1,4751022361797
4796019790037,false,שמן קוקוס אורגני,Green Coco,,שמן קוקוס אורגני,מליליטרים,1000,"100 מ""ל",false,0,49.90,4.99,true,1,4796019790037
4800888150080,false,דאודורנט רול און Go Fresh מלפפון ותה ירוק,דאב Dove,,דאודורנט רול און Go Fresh מלפפון ותה ירוק,מליליטרים,50,"100 מ""ל",false,0,17.90,35.80,true,1,4800888150080
4800888209368,false,דאודורנט סטיק אקסטרה קול,רקסונה Rexona,,דאודורנט סטיק אקסטרה קול,מליליטרים,50,"100 מ""ל",false,0,16.90,33.80,true,1,4800888209368
4800888209382,false,דאודורנט סטיק אינביזיבל Invisible לנשים,רקסונה Rexona,,דאודורנט סטיק אינביזיבל Invisible לנשים,מליליטרים,50,"100 מ""ל",false,0,16.90,33.80,true,1,4800888209382
4800888209405,false,דאודורנט סטיק קובלט,רקסונה Rexona,,דאודורנט סטיק קובלט,מליליטרים,50,"100 מ""ל",false,0,16.90,33.80,true,1,4800888209405
4800888209429,false,דאודורנט סטיק Cotton dry כותנה,רקסונה Rexona,,דאודורנט סטיק Cotton dry כותנה,מליליטרים,50,"100 מ""ל",false,0,16.90,33.80,true,1,4800888209429
4800888210197,false,דאודורנט סטיק בניחוח קוקוס ויסמין,דאב Dove,,דאודורנט סטיק בניחוח קוקוס ויסמין,גרמים,50,100 גרם,false,0,18.90,37.80,true,1,4800888210197
4800888214904,false,דאו סטיק קקאו והיביסקוס,דאב Dove,,דאו סטיק קקאו והיביסקוס,גרמים,50,100 גרם,false,0,18.90,37.80,true,1,4800888214904
4800888219510,false,דאודורנט סטיק מלפפון ותה ירוק,דאב Dove,,דאודורנט סטיק מלפפון ותה ירוק,גרמים,50,100 גרם,false,0,18.90,37.80,true,1,4800888219510
4800888219534,false,דאודורנט סטיק אוריגינל,דאב Dove,,דאודורנט סטיק אוריגינל,גרמים,50,100 גרם,false,0,18.90,37.80,true,1,4800888219534
4801234159856,false,מפיץ ריח ג'ל בניחוח מרכך כביסה,גלייד Glade,,מפיץ ריח ג'ל בניחוח מרכך כביסה,גרמים,75,100 גרם,false,0,6.90,9.20,true,1,4801234159856
4801234159863,false,מפיץ ריח ג'ל בניחוח חבצלות ופרחי בר,גלייד Glade,,מפיץ ריח ג'ל בניחוח חבצלות ופרחי בר,גרמים,75,100 גרם,false,0,6.90,9.20,true,1,4801234159863
4810168000066,false,פילה דג הרינג מלוח מצונן עם תבלין,SANTA BREMOR,,פילה דג הרינג מלוח מצונן עם תבלין,גרמים,250,100 גרם,false,0,13.90,5.56,true,1,4810168000066
4810168018795,false,חתיכות פילה דג הרינג מלוח מצונן,SANTA BREMOR,,חתיכות פילה דג הרינג מלוח מצונן,גרמים,200,100 גרם,false,0,13.90,6.95,true,1,4810168018795
4820080720584,false,וודקה חלבני דר קלאסיק,,,וודקה חלבני דר קלאסיק,מליליטרים,700,"100 מ""ל",false,0,54.90,7.84,true,1,4820080720584
4820080720768,false,וודקה פשניצ'ניה,,,וודקה פשניצ'ניה,מליליטרים,700,"100 מ""ל",false,0,54.90,7.84,true,1,4820080720768
4820080724735,false,וודקה חלבני דאר,,,וודקה חלבני דאר,מליליטרים,700,"100 מ""ל",false,0,54.90,7.84,true,1,4820080724735
4823077608513,false,סוכריות טופי חלב Korivka,רושן Roshen,,סוכריות טופי חלב Korivka,גרמים,205,100 גרם,false,0,6.90,3.37,true,1,4823077608513
4823077613203,false,שוקולד מריר עם אגוזי לוז שלמים,רושן Roshen,,שוקולד מריר עם אגוזי לוז שלמים,גרמים,90,100 גרם,false,0,7.90,8.78,true,1,4823077613203
4823077613630,false,חטיף שוקולד חלב במילוי קרם ברולה,רושן Roshen,,חטיף שוקולד חלב במילוי קרם ברולה,גרמים,40,100 גרם,false,0,3.90,9.75,true,1,4823077613630
4823077614804,false,שוקולד חלב בטעם אוכמניות,רושן Roshen,,שוקולד חלב בטעם אוכמניות,גרמים,90,100 גרם,false,0,4.90,5.44,true,1,4823077614804
4823077617041,false,חטיף שוקולד חלב במילוי קרמל,רושן Roshen,,חטיף שוקולד חלב במילוי קרמל,גרמים,40,100 גרם,false,0,3.90,9.75,true,1,4823077617041
4823077624223,false,סוכריות ג'לי בטעמי פירות Summer Mix,רושן Roshen,,סוכריות ג'לי בטעמי פירות Summer Mix,גרמים,200,100 גרם,false,0,6.90,3.45,true,1,4823077624223
4823077624247,false,סוכריות ג'לי מסוכרות בטעמי פירות,רושן Roshen,,סוכריות ג'לי מסוכרות בטעמי פירות,גרמים,200,100 גרם,false,0,6.90,3.45,true,1,4823077624247
4823077625145,false,ממתקי שוקולד מריר עם דובדבן בליקר דובדבן,רושן Roshen,,ממתקי שוקולד מריר עם דובדבן בליקר דובדבן,גרמים,155,100 גרם,false,0,12.90,8.32,true,1,4823077625145
4823077626203,false,שוקולד אורירי מריר,רושן Roshen,,שוקולד אורירי מריר,גרמים,80,100 גרם,false,0,6.90,8.63,true,1,4823077626203
4823077626227,false,שוקולד אורירי חלב,רושן Roshen,,שוקולד אורירי חלב,גרמים,80,100 גרם,false,0,6.90,8.63,true,1,4823077626227
4823077626364,false,שוקולד אורירי לבן,רושן Roshen,,שוקולד אורירי לבן,גרמים,80,100 גרם,false,0,6.90,8.63,true,1,4823077626364
4823077632259,false,חטיף שוקולד חלב ובוטנים,רושן Roshen,,חטיף שוקולד חלב ובוטנים,גרמים,40,100 גרם,false,0,3.90,9.75,true,1,4823077632259
4823077634222,false,עוגיות Lovita ממולאות ג'לי תפוז מצופות צימקאו,רושן Roshen,,עוגיות Lovita ממולאות ג'לי תפוז מצופות צימקאו,גרמים,135,100 גרם,false,0,6.90,5.11,true,1,4823077634222
4823077634246,false,עוגיות Lovita ממולאות ג'לי פטל מצופות צימקאו,רושן Roshen,,עוגיות Lovita ממולאות ג'לי פטל מצופות צימקאו,גרמים,135,100 גרם,false,0,6.90,5.11,true,1,4823077634246
4823077634277,false,עוגיות Lovita ממולאות ג'לי תות שדה מצופות צימקאו,רושן Roshen,,עוגיות Lovita ממולאות ג'לי תות שדה מצופות צימקאו,גרמים,135,100 גרם,false,0,6.90,5.11,true,1,4823077634277
4823077636004,false,עוגיות Lovita ממולאות ג'לי דובדבן מצופות צימקאו,רושן Roshen,,עוגיות Lovita ממולאות ג'לי דובדבן מצופות צימקאו,גרמים,135,100 גרם,false,0,6.90,5.11,true,1,4823077636004
4840008000499,false,כעכים צ'לנוצ'וק,פרנזלוטה,,כעכים צ'לנוצ'וק,גרמים,500,100 גרם,false,0,9.90,1.98,true,1,4840008000499
4840008000987,false,כעכים בטעם וניל,פרנזלוטה,,כעכים בטעם וניל,גרמים,500,100 גרם,false,0,9.90,1.98,true,1,4840008000987
4840008001199,false,כעכים קטנים בטעם וניל,פרנזלוטה,,כעכים קטנים בטעם וניל,גרמים,500,100 גרם,false,0,9.90,1.98,true,1,4840008001199
4840008001205,false,כעכים קטנים עם פרג,פרנזלוטה,,כעכים קטנים עם פרג,גרמים,500,100 גרם,false,0,9.90,1.98,true,1,4840008001205
4840008008624,false,כעכים קטנים לוביטלסקיה,פרנזלוטה,,כעכים קטנים לוביטלסקיה,גרמים,500,100 גרם,false,0,9.90,1.98,true,1,4840008008624
4840008018319,false,דובשניות בטעם שזיף,פרנזלוטה,,דובשניות בטעם שזיף,גרמים,400,100 גרם,false,0,7.90,1.98,true,1,4840008018319
4840008018333,false,דובשניות,פרנזלוטה,,דובשניות,גרמים,400,100 גרם,false,0,7.90,1.98,true,1,4840008018333
4840008018371,false,דובשניות סברנייה,פרנזלוטה,,דובשניות סברנייה,גרמים,400,100 גרם,false,0,7.90,1.98,true,1,4840008018371
4840008019521,false,"עוגיות בצק עלים ""אוזניים""",פרנזלוטה,,"עוגיות בצק עלים ""אוזניים""",גרמים,350,100 גרם,false,0,9.90,2.83,true,1,4840008019521
4860009000014,false,מיץ רימונים 100% סחוט ללא תוספת סוכר,תומר,,מיץ רימונים 100% סחוט ללא תוספת סוכר,ליטרים,1,ליטר,false,0,19.90,19.90,true,1,4860009000014
4865602000010,false,מים מינרלים מוגזים,נבגלבי,,מים מינרלים מוגזים,מליליטרים,500,"100 מ""ל",false,0,6.90,1.38,true,1,4865602000010
4865602000027,false,מים מינרלים מוגזים,נבגלבי,,מים מינרלים מוגזים,ליטרים,1,ליטר,false,0,5.90,5.90,true,1,4865602000027
4891228302023,false,סכיני גילוח לגבר שיק אקסטרים,שיק Schick,,סכיני גילוח לגבר שיק אקסטרים,יחידות,3,יחידה,false,0,19.90,6.63,true,1,4891228302023
4891228304478,false,סכיני גילוח לגבר הידרו 5 Hydro,שיק Schick,,סכיני גילוח לגבר הידרו 5 Hydro,יחידות,4,יחידה,false,0,59.90,14.98,true,1,4891228304478
4891228430047,false,סכיני גילוח לגבר Exacta 2 לעור רגיש,שיק Schick,,סכיני גילוח לגבר Exacta 2 לעור רגיש,יחידות,10,יחידה,false,0,24.90,2.49,true,1,4891228430047
4891228430085,false,סכיני גילוח לגבר Xtreme 3 senstive,שיק Schick,,סכיני גילוח לגבר Xtreme 3 senstive,יחידות,4,יחידה,false,0,19.90,4.98,true,1,4891228430085
4891228430092,false,סכיני גילוח לאישה Xtreme 3 senstive,שיק Schick,,סכיני גילוח לאישה Xtreme 3 senstive,יחידות,4,יחידה,false,0,19.90,4.98,true,1,4891228430092
4891228460242,false,סכיני גילוח לנשים Quattro,שיק Schick,,סכיני גילוח לנשים Quattro,יחידות,3,יחידה,false,0,29.90,9.97,true,1,4891228460242
4895038500150,false,רכבת מוסיקלית מיקי מאוס,,,רכבת מוסיקלית מיקי מאוס,,0,,false,0,139.90,0.00,true,1,4895038500150
4895038540255,false,מובייל למיטה דיסני,,,מובייל למיטה דיסני,,0,,false,0,169.90,0.00,true,1,4895038540255
4903001904192,false,רוטב סויה,יאמאסה yamasa,,רוטב סויה,מליליטרים,500,"100 מ""ל",false,0,17.90,3.58,true,1,4903001904192
4903001925784,false,רוטב סויה מופחת נתרן,יאמאסה yamasa,,רוטב סויה מופחת נתרן,מליליטרים,500,"100 מ""ל",false,0,17.90,3.58,true,1,4903001925784
4903001930993,false,רוטב טריאקי,יאמאסה yamasa,,רוטב טריאקי,מליליטרים,500,"100 מ""ל",false,0,17.90,3.58,true,1,4903001930993
4903001945706,false,ימאסה רוטב פונזו,יאמאסה yamasa,,ימאסה רוטב פונזו,מליליטרים,500,"100 מ""ל",false,0,21.90,4.38,true,1,4903001945706
5000146048671,false,מטליות לניקוי והברקת כלי כסף,סילבו Silvo,,מטליות לניקוי והברקת כלי כסף,גרמים,75,100 גרם,false,0,14.90,19.87,true,1,5000146048671
5000146057710,false,ספריי רב שימושי לחלונות ומשטחים ווינדולין Windolene,גלסקס Glassex,,ספריי רב שימושי לחלונות ומשטחים ווינדולין Windolene,מליליטרים,750,"100 מ""ל",false,0,12.90,1.72,true,1,5000146057710
5000146401568,false,דפים למכונת כביסה למניעת העברת צבע,ווליט Woolite,,דפים למכונת כביסה למניעת העברת צבע,יחידות,10,יחידה,false,0,14.90,1.49,true,1,5000146401568
5000146980322,false,קרם להסרת שיער לעור רגיל מועשר בחלב לוטוס ויסמין,ויט Veet,,קרם להסרת שיער לעור רגיל מועשר בחלב לוטוס ויסמין,,0,,false,0,29.90,0.00,true,1,5000146980322
5000157143365,false,רוטב בטעם מיונז וקטשופ,היינץ Heinz,,רוטב בטעם מיונז וקטשופ,גרמים,425,100 גרם,false,0,14.90,3.51,true,1,5000157143365
5000158100633,false,קלרסיל ג'ל רחצה לפעולה מהירה,קלרסיל Clearasil,,קלרסיל ג'ל רחצה לפעולה מהירה,מליליטרים,150,"100 מ""ל",false,0,59.90,39.93,true,1,5000158100633
5000158100640,false,קלרסיל סבון גרגירים לפעולה מהירה,קלרסיל Clearasil,,קלרסיל סבון גרגירים לפעולה מהירה,מליליטרים,125,"100 מ""ל",false,0,59.90,47.92,true,1,5000158100640
5000159020312,false,כדורי שוקולד מלטיזרס,מלטיזרס Maltesers,,כדורי שוקולד מלטיזרס,גרמים,37,100 גרם,false,0,4.90,13.24,true,1,5000159020312
5000159376655,false,סוכריות סקיטלס Skittles פירות,סקיטלס Skittles,,סוכריות סקיטלס Skittles פירות,גרמים,38,100 גרם,false,0,2.90,7.63,true,1,5000159376655
5000159376792,false,סוכריות סקיטלס Skittles פירות חמוצים,סקיטלס Skittles,,סוכריות סקיטלס Skittles פירות חמוצים,גרמים,38,100 גרם,false,0,2.90,7.63,true,1,5000159376792
5000159407236,false,חטיף מרס Mars,מרס Mars,,חטיף מרס Mars,גרמים,51,100 גרם,false,0,3.90,7.65,true,1,5000159407236
5000159409179,false,מארז חטיפי מיני סניקרס Snickers,סניקרס Snickers,,מארז חטיפי מיני סניקרס Snickers,גרמים,403,100 גרם,false,0,19.90,4.94,true,1,5000159409179
5000159442572,false,מארז חטיפי מיני טוויקס Twix,טוויקס Twix,,מארז חטיפי מיני טוויקס Twix,גרמים,403,100 גרם,false,0,19.90,4.94,true,1,5000159442572
5000159452540,false,מארז 5 חטיפי סניקרס,סניקרס Snickers,,מארז 5 חטיפי סניקרס,גרמים,250,100 גרם,false,0,10.90,4.36,true,1,5000159452540
5000159452663,false,מארז 5 חטיפי מרס,מרס Mars,,מארז 5 חטיפי מרס,גרמים,225,100 גרם,false,0,10.90,4.84,true,1,5000159452663
5000159452977,false,מארז מיקס מיני חטיפי שוקולד,טוויקס Twix,,מארז מיקס מיני חטיפי שוקולד,גרמים,400,100 גרם,false,0,19.90,4.98,true,1,5000159452977
5000159459228,false,חטיף טוויקס Twix,טוויקס Twix,,חטיף טוויקס Twix,גרמים,50,100 גרם,false,0,3.90,7.80,true,1,5000159459228
5000159461122,false,חטיף סניקרס Snickers,סניקרס Snickers,,חטיף סניקרס Snickers,גרמים,57,100 גרם,false,0,3.90,6.84,true,1,5000159461122
5000159538626,false,מארז 5 חטיפי טוויקס,טוויקס Twix,,מארז 5 חטיפי טוויקס,גרמים,250,100 גרם,false,0,10.90,4.36,true,1,5000159538626
5000159538640,false,מארז 5 חטיפי באונטי,באונטי,,מארז 5 חטיפי באונטי,גרמים,285,100 גרם,false,0,10.90,3.82,true,1,5000159538640
5000168199245,false,שוקולד חלב בתוספת חתיכות קרם קרמל מלוח,גודייבה GODIVA,,שוקולד חלב בתוספת חתיכות קרם קרמל מלוח,גרמים,90,100 גרם,false,0,10.90,16.56,true,1,5000168199245
5000189974579,false,מארז מיני חטיפי קיט קט Kit Kat,נסטלה Nestle,,מארז מיני חטיפי קיט קט Kit Kat,גרמים,200,100 גרם,false,0,12.90,6.45,true,1,5000189974579
5000204114867,false,מבשם אוויר בניחוח וניל,גלייד Glade,,מבשם אוויר בניחוח וניל,מליליטרים,300,"100 מ""ל",false,0,9.90,3.30,true,1,5000204114867
5000204114898,false,מבשם אוויר בניחוח מרכך כביסה,גלייד Glade,,מבשם אוויר בניחוח מרכך כביסה,מליליטרים,300,"100 מ""ל",false,0,9.90,3.30,true,1,5000204114898
5000204114928,false,מבשם אוויר בניחוח פריחת הדובדבן,גלייד Glade,,מבשם אוויר בניחוח פריחת הדובדבן,מליליטרים,300,"100 מ""ל",false,0,9.90,3.30,true,1,5000204114928
5000204114959,false,מבשם אוויר בניחוח פריחה בלבן,גלייד Glade,,מבשם אוויר בניחוח פריחה בלבן,מליליטרים,300,"100 מ""ל",false,0,9.90,3.30,true,1,5000204114959
5000204115048,false,מבשם אוויר בניחוח לבנדר,גלייד Glade,,מבשם אוויר בניחוח לבנדר,מליליטרים,300,"100 מ""ל",false,0,9.90,3.30,true,1,5000204115048
5000204151084,false,תרסיס לניקוי אבק בניחוח לימון,פלדג' Pledge,,תרסיס לניקוי אבק בניחוח לימון,מליליטרים,250,"100 מ""ל",false,0,10.90,5.96,true,1,5000204151084
5000204657913,false,משחת נעליים בצבע שחור,קיווי Kiwi,,משחת נעליים בצבע שחור,מליליטרים,50,"100 מ""ל",false,0,4.90,9.80,true,1,5000204657913
5000204658125,false,משחת נעליים מבריק ומגן בצבע חום,קיווי Kiwi,,משחת נעליים מבריק ומגן בצבע חום,מליליטרים,75,"100 מ""ל",false,0,14.90,19.87,true,1,5000204658125
5000204658187,false,משחת נעליים נוזלית בצבע שחור,קיווי Kiwi,,משחת נעליים נוזלית בצבע שחור,מליליטרים,75,"100 מ""ל",false,0,14.90,19.87,true,1,5000204658187
5000204660159,false,ספוג מבריק לנעליים ללא צבע,קיווי Kiwi,,ספוג מבריק לנעליים ללא צבע,מליליטרים,6,"100 מ""ל",false,0,14.90,248.33,true,1,5000204660159
5000204661392,false,משחת נעליים פוליש בצבע שחור,קיווי Kiwi,,משחת נעליים פוליש בצבע שחור,מליליטרים,100,"100 מ""ל",false,0,8.90,8.90,true,1,5000204661392
5000204886566,false,"תרסיס מנקה, מזין ומגן על העץ עם שמן תפוז טבעי",פלדג' Pledge,,"תרסיס מנקה, מזין ומגן על העץ עם שמן תפוז טבעי",מליליטרים,473,"100 מ""ל",false,0,22.90,4.84,true,1,5000204886566
5000207004981,false,מי פנים לניקוי עמוק לעור רגיש,קלין אנד קליר Clean & clear,,מי פנים לניקוי עמוק לעור רגיש,מליליטרים,200,"100 מ""ל",false,0,38.90,19.45,true,1,5000207004981
5000207007425,false,תרחיץ גרגירים יומי ללא שומן,קלין אנד קליר Clean & clear,,תרחיץ גרגירים יומי ללא שומן,מליליטרים,150,"100 מ""ל",false,0,39.90,26.60,true,1,5000207007425
5000213000359,false,בירה גינס בבקבוק,גינס Guinness,,בירה גינס בבקבוק,מליליטרים,330,"100 מ""ל",false,0,11.50,3.48,true,1,5000213000359
5000213014905,false,בירה גינס פחית,גינס Guinness,,בירה גינס פחית,מליליטרים,440,"100 מ""ל",false,0,12.90,2.93,true,1,5000213014905
5000267014234,false,וויסקי ג'וני ווקר רד לייבל Red label,ג'וני ווקר Johnnie walker,,וויסקי ג'וני ווקר רד לייבל Red label,מליליטרים,700,"100 מ""ל",false,0,79.90,11.41,true,1,5000267014234
5000267024233,false,וויסקי בלק לייבל Black Label,ג'וני ווקר Johnnie walker,,וויסקי בלק לייבל Black Label,מליליטרים,700,"100 מ""ל",false,0,119.00,17.00,true,1,5000267024233
5000281040899,false,רום לבן קפטן מורגן,קפטן מורגן Captain Morgan,,רום לבן קפטן מורגן,מליליטרים,700,"100 מ""ל",false,0,99.90,14.27,true,1,5000281040899
5000289925440,false,ג'ין גורדון,גורדון Gordon's,,ג'ין גורדון,מליליטרים,700,"100 מ""ל",false,0,89.90,12.84,true,1,5000289925440
5000299223031,false,רום קפטן מורגן ספייסד גולד,קפטן מורגן Captain Morgan,,רום קפטן מורגן ספייסד גולד,מליליטרים,700,"100 מ""ל",false,0,89.90,12.84,true,1,5000299223031
5000299609347,false,וויסקי גלנליווט Glenlivet,,,וויסקי גלנליווט Glenlivet,מליליטרים,700,"100 מ""ל",false,0,149.90,21.41,true,1,5000299609347
5000329002193,false,ג'ין ביפיטר Beefeater,,,ג'ין ביפיטר Beefeater,מליליטרים,700,"100 מ""ל",false,0,89.90,12.84,true,1,5000329002193
5000394017641,false,סוללות AA דורסל פלוס,דורסל Duracell,,סוללות AA דורסל פלוס,יחידות,4,יחידה,false,0,16.90,4.23,true,1,5000394017641
5000394019089,false,סוללות C דורסל פלוס,דורסל Duracell,,סוללות C דורסל פלוס,יחידות,2,יחידה,false,0,22.90,11.45,true,1,5000394019089
5000394019171,false,סוללות D דורסל פלוס,דורסל Duracell,,סוללות D דורסל פלוס,יחידות,2,יחידה,false,0,22.90,11.45,true,1,5000394019171
5000394137486,false,סוללות AA דורסל אופטימום - 4 יח',דורסל Duracell,,סוללות AA דורסל אופטימום - 4 יח',יחידות,4,יחידה,false,0,16.90,4.98,true,1,5000394137486
5000394137516,false,סוללות AAA דורסל אופטימום - 4 יח',דורסל Duracell,,סוללות AAA דורסל אופטימום - 4 יח',יחידות,4,יחידה,false,0,16.90,4.98,true,1,5000394137516
5000394140899,false,סוללות AA דורסל פלוס - 8 יח',דורסל Duracell,,סוללות AA דורסל פלוס - 8 יח',יחידות,8,יחידה,false,0,19.90,3.61,true,1,5000394140899
5000394141117,false,סוללות AAA דורסל פלוס - 4 יח',דורסל Duracell,,סוללות AAA דורסל פלוס - 4 יח',יחידות,4,יחידה,false,0,10.90,3.73,true,1,5000394141117
5000394141179,false,סוללות AAA דורסל פלוס - 8 יח',דורסל Duracell,,סוללות AAA דורסל פלוס - 8 יח',יחידות,8,יחידה,false,0,19.90,3.61,true,1,5000394141179
5000394141230,false,סוללות AAA דורסל פלוס - 12 יח',דורסל Duracell,,סוללות AAA דורסל פלוס - 12 יח',יחידות,12,יחידה,false,0,30.90,2.91,true,1,5000394141230
5000394142190,false,סוללת V9 פלוס פאוור,דורסל Duracell,,סוללת V9 פלוס פאוור,יחידות,1,יחידה,false,0,20.90,22.90,true,1,5000394142190
5000394203884,false,סוללות DL/CR 2016,דורסל Duracell,,סוללות DL/CR 2016,יחידות,2,יחידה,false,0,14.90,7.45,true,1,5000394203884
5000394203907,false,סוללות DL/CR 2025,דורסל Duracell,,סוללות DL/CR 2025,יחידות,2,יחידה,false,0,14.90,7.45,true,1,5000394203907
5000394203921,false,סוללות DL/CR 2032,דורסל Duracell,,סוללות DL/CR 2032,יחידות,2,יחידה,false,0,14.90,7.45,true,1,5000394203921
5000396037531,false,ביסקוויט מצופה שוקולד חלב,מקוויטיס McVitie's,,ביסקוויט מצופה שוקולד חלב,גרמים,200,100 גרם,false,0,8.90,6.45,true,1,5000396037531
5000396037944,false,ביסקוויט קלאסי,מקוויטיס McVitie's,,ביסקוויט קלאסי,גרמים,250,100 גרם,false,0,8.90,4.36,true,1,5000396037944
5000488003000,false,רסקיו רמדי ספריי על בסיס תמציות פרחי באך,רסקיו,,רסקיו רמדי ספריי על בסיס תמציות פרחי באך,מליליטרים,14,"100 מ""ל",false,0,89.90,642.14,true,1,5000488003000
5000488104400,false,רסקיו רמדי לילה - טיפות מפרחי באך,רסקיו,,רסקיו רמדי לילה - טיפות מפרחי באך,מליליטרים,10,"100 מ""ל",false,0,59.90,599.00,true,1,5000488104400
5000488107531,false,רסקיו רמדי ספריי לילה על בסיס תמציות פרחי באך,רסקיו,,רסקיו רמדי ספריי לילה על בסיס תמציות פרחי באך,מליליטרים,20,"100 מ""ל",false,0,89.90,449.50,true,1,5000488107531
5000488108422,false,ספאטון מים המכילים ברזל,ספאטון SPATONE,,ספאטון מים המכילים ברזל,מליליטרים,560,"100 מ""ל",false,28,89.90,16.05,true,1,5000488108422
5000488109481,false,ספאטון מים המכילים ברזל בטעם תפוח,ספאטון SPATONE,,ספאטון מים המכילים ברזל בטעם תפוח,מליליטרים,700,"100 מ""ל",false,28,99.90,14.27,true,1,5000488109481
5010026515919,false,מוזלי קריספי אגוזים,מורנפלייק Mornflake,,מוזלי קריספי אגוזים,גרמים,650,100 גרם,false,0,23.90,3.68,true,1,5010026515919
5010026515940,false,מוזלי קריספי פירות,מורנפלייק Mornflake,,מוזלי קריספי פירות,גרמים,750,100 גרם,false,0,23.90,3.19,true,1,5010026515940
5010029219241,false,דגני מיני וויטביקס שוקולדצ'יפס,וויטביקס Weetabix,,דגני מיני וויטביקס שוקולדצ'יפס,גרמים,440,100 גרם,false,0,22.90,5.20,true,1,5010029219241
5010029221084,false,דגני וויטביקס פרוטאין קראנץ' בטעם מקורי,וויטביקס Weetabix,,דגני וויטביקס פרוטאין קראנץ' בטעם מקורי,גרמים,450,100 גרם,false,0,29.90,6.64,true,1,5010029221084
5010029221091,false,דגני וויטביקס פרוטאין קראנץ' בטעם שוקולד,וויטביקס Weetabix,,דגני וויטביקס פרוטאין קראנץ' בטעם שוקולד,גרמים,450,100 גרם,false,0,29.90,6.64,true,1,5010029221091
5010067322453,false,טרוביה תחליף אבקת סוכר,טרוביה Truvia,,טרוביה תחליף אבקת סוכר,גרמים,280,100 גרם,false,0,29.90,10.68,true,1,5010067322453
5010106111956,false,וויסקי בלנטיין Ballantines,בלנטיינ'ס Ballantines,,וויסקי בלנטיין Ballantines,ליטרים,1,ליטר,false,0,109.90,109.90,true,1,5010106111956
5010182996799,false,ג'ל אסלה מנטרל ריחות בניחוח פרחי בר ורודים,טואלט דאק Toilet Duck,,ג'ל אסלה מנטרל ריחות בניחוח פרחי בר ורודים,מליליטרים,55,"100 מ""ל",false,0,9.90,18.00,true,1,5010182996799
5010182997253,false,רייד קוטל ג'וקים,רייד Raid,,רייד קוטל ג'וקים,מליליטרים,300,"100 מ""ל",false,0,15.90,5.30,true,1,5010182997253
5010182997338,false,ג'ל לניקוי אסלה בניחוח רענן,טואלט דאק Toilet Duck,,ג'ל לניקוי אסלה בניחוח רענן,מליליטרים,55,"100 מ""ל",false,0,9.90,18.00,true,1,5010182997338
5010182997680,false,קוטל נמלים 2 ב-1,רייד Raid,,קוטל נמלים 2 ב-1,מליליטרים,300,"100 מ""ל",false,0,15.90,5.30,true,1,5010182997680
5010182997918,false,ג'ל לניקוי אסלה בניחוח ים,טואלט דאק Toilet Duck,,ג'ל לניקוי אסלה בניחוח ים,מליליטרים,55,"100 מ""ל",false,0,9.90,18.00,true,1,5010182997918
5010182998847,false,ג'ל לניקוי מתקדם בניחוח ים,טואלט דאק Toilet Duck,,ג'ל לניקוי מתקדם בניחוח ים,מליליטרים,750,"100 מ""ל",false,0,12.90,1.72,true,1,5010182998847
5010182998861,false,ג'ל לניקוי מתקדם בניחוח רענן,טואלט דאק Toilet Duck,,ג'ל לניקוי מתקדם בניחוח רענן,מליליטרים,750,"100 מ""ל",false,0,12.90,1.72,true,1,5010182998861
5010232964211,false,דורקס EXTRA SAFE - קונדומים שקופים עבים,דורקס Durex,,דורקס EXTRA SAFE - קונדומים שקופים עבים,יחידות,12,יחידה,false,0,49.90,4.16,true,1,5010232964211
5010232964228,false,דורקס THIN FEEL - קונדומים דקים להגברת התחושה,דורקס Durex,,דורקס THIN FEEL - קונדומים דקים להגברת התחושה,יחידות,12,יחידה,false,0,49.90,4.16,true,1,5010232964228
5010327000046,false,וויסקי גרנט'ס סקוטי,גרנטס Grant's,,וויסקי גרנט'ס סקוטי,מליליטרים,700,"100 מ""ל",false,0,74.90,15.71,true,1,5010327000046
5010327105215,false,וויסקי מאנקי שולדר Monkey Shoulder,,,וויסקי מאנקי שולדר Monkey Shoulder,מליליטרים,700,"100 מ""ל",false,0,139.90,25.70,true,1,5010327105215
5010494506303,false,וויסקי גלן מוריי Glen Moray,,,וויסקי גלן מוריי Glen Moray,מליליטרים,700,"100 מ""ל",false,0,129.00,18.43,true,1,5010494506303
5010622005012,false,חוט דנטלי ללא שעווה Essential floss Unwaxed,אורל בי Oral B,,חוט דנטלי ללא שעווה Essential floss Unwaxed,,50,מטר,false,0,15.90,0.32,true,1,5010622005012
5010622018258,false,חוט דנטלי Satin floss,אורל בי Oral B,,חוט דנטלי Satin floss,,25,מטר,false,0,18.90,0.76,true,1,5010622018258
5010677551281,false,בקרדי בריזר בטעם לימון,בקרדי בריזר Bacardi Breezer,,בקרדי בריזר בטעם לימון,מליליטרים,275,"100 מ""ל",false,0,12.90,4.69,true,1,5010677551281
5010677551397,false,בקרדי בריזר בטעם ליים,בקרדי בריזר Bacardi Breezer,,בקרדי בריזר בטעם ליים,מליליטרים,275,"100 מ""ל",false,0,12.90,4.69,true,1,5010677551397
5010677552387,false,בקרדי בריזר בטעם אננס,בקרדי בריזר Bacardi Breezer,,בקרדי בריזר בטעם אננס,מליליטרים,275,"100 מ""ל",false,0,12.90,4.69,true,1,5010677552387
5010677554398,false,בקרדי בריזר בטעם אבטיח,בקרדי בריזר Bacardi Breezer,,בקרדי בריזר בטעם אבטיח,מליליטרים,275,"100 מ""ל",false,0,12.90,4.69,true,1,5010677554398
5010724526798,false,שמפו יבש בניחוח דובדבן,בטיסט Batiste,,שמפו יבש בניחוח דובדבן,מליליטרים,200,"100 מ""ל",false,0,24.90,12.45,true,1,5010724526798
5010724527375,false,שמפו יבש בניחוח פריחה אביבית,בטיסט Batiste,,שמפו יבש בניחוח פריחה אביבית,מליליטרים,200,"100 מ""ל",false,0,24.90,12.45,true,1,5010724527375
5010724527481,false,שמפו יבש בניחוח קלאסי,בטיסט Batiste,,שמפו יבש בניחוח קלאסי,מליליטרים,200,"100 מ""ל",false,0,24.90,12.45,true,1,5010724527481
5010724527511,false,שמפו יבש בניחוח טרופי,בטיסט Batiste,,שמפו יבש בניחוח טרופי,מליליטרים,200,"100 מ""ל",false,0,24.90,12.45,true,1,5010724527511
5010993446032,false,רובה נרף אקוסטייק קואדראנט,NERF,,רובה נרף אקוסטייק קואדראנט,,0,,false,0,89.90,0.00,true,1,5010993446032
5010993529254,false,רובה נרף עלית פיירסטריק,NERF,,רובה נרף עלית פיירסטריק,,0,,false,0,99.90,0.00,true,1,5010993529254
5010993549689,false,בובת בל - היפה והחיה,,,בובת בל - היפה והחיה,,0,,false,0,89.90,0.00,true,1,5010993549689
5010993556458,false,פליידו - שישיית בצקים עם קונפטי,Play-Doh,,פליידו - שישיית בצקים עם קונפטי,,0,,false,0,69.90,0.00,true,1,5010993556458
5010993596799,false,בצק פליידו יצור פיצות,Play-Doh,,בצק פליידו יצור פיצות,,0,,false,0,189.90,0.00,true,1,5010993596799
5010993597260,false,פליידו מסיבת פופקורן,Play-Doh,,פליידו מסיבת פופקורן,,0,,false,0,149.90,0.00,true,1,5010993597260
5010993624188,false,רובי נרף אלפא סטרייק פאנג עם מטרות,NERF,,רובי נרף אלפא סטרייק פאנג עם מטרות,,0,,false,0,89.90,0.00,true,1,5010993624188
5010993625796,false,רובי נרף אלפא סטרייק קוברה עם מטרות,NERF,,רובי נרף אלפא סטרייק קוברה עם מטרות,,0,,false,0,129.90,0.00,true,1,5010993625796
5010993632947,false,בצק פליידו תרנגולת וביצים,Play-Doh,,בצק פליידו תרנגולת וביצים,,0,,false,0,149.90,0.00,true,1,5010993632947
5010993634781,false,רובה נרף אלפא סטרייק פאנג עם מטרות,NERF,,רובה נרף אלפא סטרייק פאנג עם מטרות,,0,,false,0,69.90,0.00,true,1,5010993634781
5011007003227,false,וויסקי ג'ימסון אירי,ג'יימסון Jameson,,וויסקי ג'ימסון אירי,ליטרים,1,ליטר,false,0,119.90,119.90,true,1,5011007003227
5011026108033,false,וויסקי אירי טולמור דיו,,,וויסקי אירי טולמור דיו,מליליטרים,700,"100 מ""ל",false,0,84.90,22.86,true,1,5011026108033
5011157630281,false,אורז לבן ארוך בסמטי טילדה Tilda,טילדה Tilda,,אורז לבן ארוך בסמטי טילדה Tilda,קילוגרמים,1,"ק""ג",false,0,21.90,21.90,true,1,5011157630281
5011157671222,false,אורז בסמטי חום ארוך טילדה,טילדה Tilda,,אורז בסמטי חום ארוך טילדה,קילוגרמים,1,"ק""ג",false,0,19.90,19.90,true,1,5011157671222
5011157730271,false,אורז יסמין לבן ארוך טילדה,טילדה Tilda,,אורז יסמין לבן ארוך טילדה,קילוגרמים,1,"ק""ג",false,0,19.90,19.90,true,1,5011157730271
5011408027976,false,ספרי עיצוב לשיער Elnett,לוריאל Loreal,,ספרי עיצוב לשיער Elnett,מליליטרים,400,"100 מ""ל",false,0,29.90,7.48,true,1,5011408027976
5011408027990,false,ספרי עיצוב חזק מאוד לשיער Elnett,לוריאל Loreal,,ספרי עיצוב חזק מאוד לשיער Elnett,מליליטרים,400,"100 מ""ל",false,0,29.90,7.48,true,1,5011408027990
5011408028034,false,ספרי עיצוב חזק לשיער Elnett,לוריאל Loreal,,ספרי עיצוב חזק לשיער Elnett,מליליטרים,400,"100 מ""ל",false,0,29.90,7.48,true,1,5011408028034
5011417544846,false,קלרסיל קרם לטיפול בפגמי עור,קלרסיל Clearasil,,קלרסיל קרם לטיפול בפגמי עור,מליליטרים,25,"100 מ""ל",false,0,59.90,239.60,true,1,5011417544846
5011417547885,false,מקלות ריחניים בניחוח כביסה,איירוויק Air Wick,,מקלות ריחניים בניחוח כביסה,מליליטרים,30,"100 מ""ל",false,0,24.90,83.00,true,1,5011417547885
5011417552247,false,מבשם אוויר נטול גז אקווה מיסט cool linen and white lilac,איירוויק Air Wick,,מבשם אוויר נטול גז אקווה מיסט cool linen and white lilac,מליליטרים,345,"100 מ""ל",false,0,19.90,5.77,true,1,5011417552247
5011417554760,false,מבשם אוויר נטול גז אקווה מיסט בניחוח ורדים ואורכידאה,איירוויק Air Wick,,מבשם אוויר נטול גז אקווה מיסט בניחוח ורדים ואורכידאה,מליליטרים,345,"100 מ""ל",false,0,19.90,5.77,true,1,5011417554760
5011417567623,false,ג'ל סיכוך FEEL,דורקס Durex,,ג'ל סיכוך FEEL,מליליטרים,50,"100 מ""ל",false,0,39.90,79.80,true,1,5011417567623
5011417567647,false,ג'ל סיכוך PLAY TINGLING,דורקס Durex,,ג'ל סיכוך PLAY TINGLING,מליליטרים,50,"100 מ""ל",false,0,39.90,79.80,true,1,5011417567647
5011417569269,false,דורקס INVISIBLE קונדומים אקסטרה דקים,דורקס Durex,,דורקס INVISIBLE קונדומים אקסטרה דקים,יחידות,12,יחידה,false,0,74.90,6.24,true,1,5011417569269
5011417576922,false,ג'ל סיכוך מתחמם,דורקס Durex,,ג'ל סיכוך מתחמם,מליליטרים,100,"100 מ""ל",false,0,59.90,59.90,true,1,5011417576922
5013931015741,false,ידית הפלא לשטיפת כלים,דישמטיק Dish matic,,ידית הפלא לשטיפת כלים,,0,,false,0,19.90,0.00,true,1,5013931015741
5013931015758,false,ספוגי החלפה 3 יח',דישמטיק Dish matic,,ספוגי החלפה 3 יח',יחידות,3,יחידה,false,0,19.90,6.63,true,1,5013931015758
5013931015789,false,ידית הפלא עם כרית פלדה,דישמטיק Dish matic,,ידית הפלא עם כרית פלדה,יחידות,1,יחידה,false,0,19.90,19.90,true,1,5013931015789
5013931015819,false,כריות פלדה 2 יח',דישמטיק Dish matic,,כריות פלדה 2 יח',יחידות,2,יחידה,false,0,19.90,9.95,true,1,5013931015819
5013965948428,false,משחת שיניים פרו אקספרט לניקוי יסודי מנטה מעודן,אורל בי Oral B,,משחת שיניים פרו אקספרט לניקוי יסודי מנטה מעודן,מליליטרים,75,"100 מ""ל",false,0,9.90,19.87,true,1,5013965948428
5013965953354,false,משחת שיניים 3 2 1 בטעם מנטה,אורל בי Oral B,,משחת שיניים 3 2 1 בטעם מנטה,מליליטרים,100,"100 מ""ל",false,0,10.90,10.90,true,1,5013965953354
5014271001210,false,מעדן פרי ארבע פירות,סנדלפור St.dalfour,,מעדן פרי ארבע פירות,גרמים,500,100 גרם,false,0,24.90,4.98,true,1,5014271001210
5014271001227,false,מעדן פרי משמש,סנדלפור St.dalfour,,מעדן פרי משמש,גרמים,500,100 גרם,false,0,24.90,4.98,true,1,5014271001227
5014271001234,false,מעדן פרי דובדבנים שחורים,סנדלפור St.dalfour,,מעדן פרי דובדבנים שחורים,גרמים,500,100 גרם,false,0,24.90,4.98,true,1,5014271001234
5014271001241,false,מעדן פרי תות שדה,סנדלפור St.dalfour,,מעדן פרי תות שדה,גרמים,500,100 גרם,false,0,24.90,4.98,true,1,5014271001241
5014271300429,false,מעדן פרי משמש,סנדלפור St.dalfour,,מעדן פרי משמש,גרמים,284,100 גרם,false,0,19.90,7.01,true,1,5014271300429
5014271310428,false,מעדן פרי דובדבנים שחורים,סנדלפור St.dalfour,,מעדן פרי דובדבנים שחורים,גרמים,284,100 גרם,false,0,19.90,7.01,true,1,5014271310428
5014271330426,false,מעדן פרי אוכמניות כחולות,סנדלפור St.dalfour,,מעדן פרי אוכמניות כחולות,גרמים,284,100 גרם,false,0,19.90,7.01,true,1,5014271330426
5014271350424,false,מעדן פרי ארבעה פירות,סנדלפור St.dalfour,,מעדן פרי ארבעה פירות,גרמים,284,100 גרם,false,0,19.90,7.01,true,1,5014271350424
5014271360423,false,מעדן פרי תפוזים,סנדלפור St.dalfour,,מעדן פרי תפוזים,גרמים,284,100 גרם,false,0,19.90,7.01,true,1,5014271360423
5014271370422,false,מעדן פרי אפרסקים,סנדלפור St.dalfour,,מעדן פרי אפרסקים,גרמים,284,100 גרם,false,0,19.90,7.01,true,1,5014271370422
5014271400426,false,מעדן פרי תות שדה,סנדלפור St.dalfour,,מעדן פרי תות שדה,גרמים,284,100 גרם,false,0,19.90,7.01,true,1,5014271400426
5014271560427,false,מעדן פרי תפוז וג'ינג'ר,סנדלפור St.dalfour,,מעדן פרי תפוז וג'ינג'ר,גרמים,284,100 גרם,false,0,19.90,7.01,true,1,5014271560427
5014271795980,false,מעדן פרי חמוציות ואוכמניות,סנדלפור St.dalfour,,מעדן פרי חמוציות ואוכמניות,גרמים,284,100 גרם,false,0,19.90,7.01,true,1,5014271795980
5014379009972,false,בירה באדוויזר פחית,באדווייזר Budweiser,,בירה באדוויזר פחית,מליליטרים,500,"100 מ""ל",false,0,9.90,1.98,true,1,5014379009972
5018357006779,false,"מוזלי חמוציות, דובדבנים ושקדים",דורסט סיריאלס Dorset Cereals,,"מוזלי חמוציות, דובדבנים ושקדים",גרמים,540,100 גרם,false,0,32.90,6.09,true,1,5018357006779
5018357007653,false,מוזלי תערובת דגנים ופירות Simply Fruity,דורסט סיריאלס Dorset Cereals,,מוזלי תערובת דגנים ופירות Simply Fruity,גרמים,620,100 גרם,false,0,25.90,4.18,true,1,5018357007653
5021349700098,false,וויסקי סינגל מאלט,טומינטול,,וויסקי סינגל מאלט,מליליטרים,700,"100 מ""ל",false,0,159.90,22.84,true,1,5021349700098
5029053538426,false,"בגד ים חד פעמי 5-6 , 12-18 ק""ג",האגיס Huggies,,"בגד ים חד פעמי 5-6 , 12-18 ק""ג",יחידות,11,יחידה,false,0,29.90,2.72,true,1,5029053538426
5035766044673,false,סיידר תפוחים,סטרונגבאו Strongbow,,סיידר תפוחים,מליליטרים,330,"100 מ""ל",false,0,7.90,2.39,true,1,5035766044673
5035766060253,false,בירה מרפיס,מרפיס Murphys,,בירה מרפיס,מליליטרים,500,"100 מ""ל",false,0,14.90,2.98,true,1,5035766060253
5038483179567,false,תרסיס מונע ריח לכף הרגל,שול Scholl,,תרסיס מונע ריח לכף הרגל,גרמים,96,100 גרם,false,0,34.90,36.35,true,1,5038483179567
5038483198032,false,דורקס PLEASURE ME - קונדומים עם צלעות רטט,דורקס Durex,,דורקס PLEASURE ME - קונדומים עם צלעות רטט,יחידות,12,יחידה,false,0,49.90,4.16,true,1,5038483198032
5038483207949,false,דורקס THIN FEEL קונדומים דקים במיוחד,דורקס Durex,,דורקס THIN FEEL קונדומים דקים במיוחד,יחידות,12,יחידה,false,0,49.90,4.16,true,1,5038483207949
5038483224021,false,דורקס PLAY - ג'ל סיכוך 2IN1 מסאג' עם אלוורה,דורקס Durex,,דורקס PLAY - ג'ל סיכוך 2IN1 מסאג' עם אלוורה,מליליטרים,200,"100 מ""ל",false,0,59.90,29.95,true,1,5038483224021
5038483866566,false,דורקס ULTRA THIN FEEL - קונדומים דקים במיוחד לתחושה מוגברת,דורקס Durex,,דורקס ULTRA THIN FEEL - קונדומים דקים במיוחד לתחושה מוגברת,יחידות,12,יחידה,false,0,49.90,4.16,true,1,5038483866566
5038483957387,false,דורקס PLAY - ג'ל סיכוך 2IN1 מסאג' ילנג ילנג,דורקס Durex,,דורקס PLAY - ג'ל סיכוך 2IN1 מסאג' ילנג ילנג,מליליטרים,200,"100 מ""ל",false,0,49.90,29.95,true,1,5038483957387
5038483957394,false,דורקס PLAY - ג'ל סיכוך 2IN1 מסאג' גווארנה,דורקס Durex,,דורקס PLAY - ג'ל סיכוך 2IN1 מסאג' גווארנה,מליליטרים,200,"100 מ""ל",false,0,59.90,29.95,true,1,5038483957394
5050974505259,false,פת פריכה קמח שיפון מלא עם גרעינים ודגנים קלויים,רייויטה Ryvita,,פת פריכה קמח שיפון מלא עם גרעינים ודגנים קלויים,גרמים,250,100 גרם,false,0,12.90,5.16,true,1,5050974505259
5050974505297,false,פת פריכה קמח שיפון מלא ושומשום,רייויטה Ryvita,,פת פריכה קמח שיפון מלא ושומשום,גרמים,250,100 גרם,false,0,12.90,5.16,true,1,5050974505297
5051554328329,false,"שולחן מתקפל במידות 180/76/74 ס""מ",קמפטאון CAMPTOWN,,"שולחן מתקפל במידות 180/76/74 ס""מ",,0,,false,0,239.90,0.00,true,1,5051554328329
5052197036565,false,דורקס REAL FEEL - קונדומים ללא לטקס,דורקס Durex,,דורקס REAL FEEL - קונדומים ללא לטקס,יחידות,12,יחידה,false,0,69.90,5.83,true,1,5052197036565
5052197038002,false,רפידות ג'ל לנעלי יום-יום לגבר,שול Scholl,,רפידות ג'ל לנעלי יום-יום לגבר,יחידות,1,יחידה,false,0,119.90,119.90,true,1,5052197038002
5052197038033,false,רפידות ג'ל לנעלי יום-יום לנשים,שול Scholl,,רפידות ג'ל לנעלי יום-יום לנשים,יחידות,1,יחידה,false,0,119.00,119.00,true,1,5052197038033
5052197038064,false,רפידות ג'ל לנעלי ספורט לגבר,שול Scholl,,רפידות ג'ל לנעלי ספורט לגבר,יחידות,1,יחידה,false,0,119.90,119.90,true,1,5052197038064
5052197038125,false,רפידות ג'ל לנעלי עבודה לגבר,שול Scholl,,רפידות ג'ל לנעלי עבודה לגבר,יחידות,1,יחידה,false,0,119.90,119.90,true,1,5052197038125
5052197040869,false,רפידות ג'ל לנעלי עבודה לנשים,שול Scholl,,רפידות ג'ל לנעלי עבודה לנשים,יחידות,1,יחידה,false,0,119.90,119.90,true,1,5052197040869
5053827193368,false,דגני בוקר ברנפלקס,קלוגס Kellogg's,,דגני בוקר ברנפלקס,גרמים,500,100 גרם,false,0,22.90,4.58,true,1,5053827193368
5053827215862,false,דגני בוקר קוקו פופס,קלוגס Kellogg's,,דגני בוקר קוקו פופס,גרמים,500,100 גרם,false,0,16.90,3.98,true,1,5053827215862
5060255492154,false,חול חתולים אברקלין ללא בישום,אבר קלין Ever clean,,חול חתולים אברקלין ללא בישום,ליטרים,6,ליטר,false,0,49.90,8.32,true,1,5060255492154
5060255492277,false,חול לחתולים אוור קלין אדום,אבר קלין Ever clean,,חול לחתולים אוור קלין אדום,ליטרים,6,ליטר,false,0,49.90,8.32,true,1,5060255492277
5060412214124,false,חול מתגבש בעל גרגרים גדולים,אבר קלין Ever clean,,חול מתגבש בעל גרגרים גדולים,ליטרים,6,ליטר,false,0,49.90,8.32,true,1,5060412214124
5060426157424,false,"לאבלי Lovely סט בושם א.ד.פ 100 מ""ל + ארנק",לאבלי Lovely,,"לאבלי Lovely סט בושם א.ד.פ 100 מ""ל + ארנק",מליליטרים,100,"100 מ""ל",false,0,149.00,149.00,true,1,5060426157424
5060465390004,false,בירה לאגר סקיני ללא גלוטן,סקיני Skinny,,בירה לאגר סקיני ללא גלוטן,מליליטרים,330,"100 מ""ל",false,0,7.90,2.39,true,1,5060465390004
5060517886486,false,משקה אנרגיה מונסטר,מונסטר אנרג'י Monster Energy,,משקה אנרגיה מונסטר,מליליטרים,500,"100 מ""ל",false,0,8.90,1.78,true,1,5060517886486
5060517886516,false,משקה אנרגיה מונסטר זירו,מונסטר אנרג'י Monster Energy,,משקה אנרגיה מונסטר זירו,מליליטרים,500,"100 מ""ל",false,0,8.90,1.78,true,1,5060517886516
5060639129102,false,משקה אנרגיה מונסטר מנגו לוקו,מונסטר אנרג'י Monster Energy,,משקה אנרגיה מונסטר מנגו לוקו,מליליטרים,500,"100 מ""ל",false,0,8.90,1.78,true,1,5060639129102
5099873017623,false,וויסקי ג'ק דניאלס תפוח,ג'ק דניאלס Jack Daniel's,,וויסקי ג'ק דניאלס תפוח,מליליטרים,700,"100 מ""ל",false,0,99.90,15.71,true,1,5099873017623
5099873038758,false,וויסקי ג'נטלמן ג'ק Gentleman Jack,ג'ק דניאלס Jack Daniel's,,וויסקי ג'נטלמן ג'ק Gentleman Jack,מליליטרים,700,"100 מ""ל",false,0,159.90,22.84,true,1,5099873038758
5200133120476,false,גליליות קרם אגוזים וקקאו,גולדן ברייק Golden break,,גליליות קרם אגוזים וקקאו,גרמים,400,100 גרם,false,0,15.90,3.98,true,1,5200133120476
5200133120483,false,גליליות במילוי קרם וניל,גולדן ברייק Golden break,,גליליות במילוי קרם וניל,גרמים,400,100 גרם,false,0,15.90,3.98,true,1,5200133120483
5200133120582,false,גליליות במילוי שוקולד מריר,גולדן ברייק Golden break,,גליליות במילוי שוקולד מריר,גרמים,150,100 גרם,false,0,7.90,5.27,true,1,5200133120582
5201003110702,false,אוזו 12,,,אוזו 12,מליליטרים,700,"100 מ""ל",false,0,84.90,12.13,true,1,5201003110702
5201004021328,false,קפריס רולס גלילי וופל במילוי קרם אגוזי לוז וקקאו,פאפאדופולוס,,קפריס רולס גלילי וופל במילוי קרם אגוזי לוז וקקאו,גרמים,115,100 גרם,false,0,8.90,7.74,true,1,5201004021328
5201100872596,false,צבע לשיער אקסלנס קרם- 9 בלונד בהיר,לוריאל Loreal,,צבע לשיער אקסלנס קרם- 9 בלונד בהיר,,0,,false,0,34.90,0.00,true,1,5201100872596
5201100872640,false,צבע לשיער אקסלנס 03 בלונד אולטרה בהיר אפור,לוריאל Loreal,,צבע לשיער אקסלנס 03 בלונד אולטרה בהיר אפור,מליליטרים,180,"100 מ""ל",false,0,34.90,19.39,true,1,5201100872640
5201178801054,false,קרם רב שימושי,ניוואה Nivea,,קרם רב שימושי,גרמים,250,100 גרם,false,0,36.90,14.76,true,1,5201178801054
5201246002215,false,בירה פילס היילס Pils Hellas,,,בירה פילס היילס Pils Hellas,מליליטרים,500,"100 מ""ל",false,0,4.90,0.98,true,1,5201246002215
5201347160326,false,ג'ל למניעת אבנית 2 ב-1,קלגון Calgon,,ג'ל למניעת אבנית 2 ב-1,מליליטרים,750,"100 מ""ל",false,0,29.90,3.99,true,1,5201347160326
5201347400545,false,רצועות שעווה מוכנות לשימוש לפנים ולאזורים רגישים,ויט Veet,,רצועות שעווה מוכנות לשימוש לפנים ולאזורים רגישים,,0,,false,0,29.90,0.00,true,1,5201347400545
5201940010110,false,זיתים שחורים טבעיים מזן קלמטה,וילי פוד,,זיתים שחורים טבעיים מזן קלמטה,גרמים,454,100 גרם,false,0,14.90,3.28,true,1,5201940010110
5202300014496,false,ספריי לשיער חזק במיוחד וולה פלקס Wella flex,וולה Wella,,ספריי לשיער חזק במיוחד וולה פלקס Wella flex,מליליטרים,250,"100 מ""ל",false,0,29.90,11.96,true,1,5202300014496
5202300014519,false,ספריי לשיער צבוע וולה פלקס Wella flex,וולה Wella,,ספריי לשיער צבוע וולה פלקס Wella flex,מליליטרים,250,"100 מ""ל",false,0,29.90,11.96,true,1,5202300014519
5202300042932,false,צבע לשיער קולסטון - 6/45 אדום רימונים,וולה Wella,,צבע לשיער קולסטון - 6/45 אדום רימונים,מליליטרים,60,"100 מ""ל",false,0,24.90,41.50,true,1,5202300042932
5202300042956,false,צבע לשיער קולסטון - 5/5 מהגוני,וולה Wella,,צבע לשיער קולסטון - 5/5 מהגוני,מליליטרים,60,"100 מ""ל",false,0,24.90,41.50,true,1,5202300042956
5202300042970,false,צבע לשיער קולסטון - 4/6 חציל אינטנסיבי,וולה Wella,,צבע לשיער קולסטון - 4/6 חציל אינטנסיבי,מליליטרים,60,"100 מ""ל",false,0,24.90,41.50,true,1,5202300042970
5202300043007,false,צבע לשיער קולסטון - 7/7 חום שטני,וולה Wella,,צבע לשיער קולסטון - 7/7 חום שטני,מליליטרים,60,"100 מ""ל",false,0,24.90,41.50,true,1,5202300043007
5202300043014,false,צבע לשיער קולסטון - 6/7 חום שוקולד,וולה Wella,,צבע לשיער קולסטון - 6/7 חום שוקולד,מליליטרים,60,"100 מ""ל",false,0,24.90,41.50,true,1,5202300043014
5202300043038,false,צבע לשיער קולסטון- 8/73 בלונד דבש טבעי,וולה Wella,,צבע לשיער קולסטון- 8/73 בלונד דבש טבעי,מליליטרים,60,"100 מ""ל",false,0,24.90,41.50,true,1,5202300043038
5202300043045,false,צבע לשיער קולסטון - 6/73 טבק כהה,וולה Wella,,צבע לשיער קולסטון - 6/73 טבק כהה,מליליטרים,60,"100 מ""ל",false,0,24.90,41.50,true,1,5202300043045
5202300043052,false,צבע לשיער קולסטון - 7/75 אגוז בהיר,וולה Wella,,צבע לשיער קולסטון - 7/75 אגוז בהיר,מליליטרים,60,"100 מ""ל",false,0,24.90,41.50,true,1,5202300043052
5202300043069,false,צבע לשיער קולסטון - 2/8 שחור כחול,וולה Wella,,צבע לשיער קולסטון - 2/8 שחור כחול,מליליטרים,60,"100 מ""ל",false,0,24.90,41.50,true,1,5202300043069
5202300043144,false,צבע לשיער קולסטון - 9/0 בלונד בהיר מאוד,וולה Wella,,צבע לשיער קולסטון - 9/0 בלונד בהיר מאוד,מליליטרים,60,"100 מ""ל",false,0,24.90,41.50,true,1,5202300043144
5202300043151,false,צבע לשיער קולסטון - 8/0 בלונד בהיר,וולה Wella,,צבע לשיער קולסטון - 8/0 בלונד בהיר,מליליטרים,60,"100 מ""ל",false,0,24.90,41.50,true,1,5202300043151
5202300043168,false,צבע לשיער קולסטון - 7/0 בלונד בינוני,וולה Wella,,צבע לשיער קולסטון - 7/0 בלונד בינוני,מליליטרים,60,"100 מ""ל",false,0,24.90,41.50,true,1,5202300043168
5202300043175,false,צבע לשיער קולסטון - 6/0 בלונד כהה,וולה Wella,,צבע לשיער קולסטון - 6/0 בלונד כהה,מליליטרים,60,"100 מ""ל",false,0,24.90,41.50,true,1,5202300043175
5202300043182,false,צבע לשיער קולסטון - 5/0 חום בהיר,וולה Wella,,צבע לשיער קולסטון - 5/0 חום בהיר,מליליטרים,60,"100 מ""ל",false,0,24.90,41.50,true,1,5202300043182
5202300043199,false,צבע לשיער קולסטון - 4/0 חום בינוני,וולה Wella,,צבע לשיער קולסטון - 4/0 חום בינוני,מליליטרים,60,"100 מ""ל",false,0,24.90,41.50,true,1,5202300043199
5202300043205,false,צבע לשיער קולסטון - 3/0 חום כהה,וולה Wella,,צבע לשיער קולסטון - 3/0 חום כהה,מליליטרים,60,"100 מ""ל",false,0,24.90,41.50,true,1,5202300043205
5202300043212,false,צבע לשיער קולסטון - 2/0 שחור,וולה Wella,,צבע לשיער קולסטון - 2/0 שחור,מליליטרים,60,"100 מ""ל",false,0,24.90,41.50,true,1,5202300043212
5202300043250,false,צבע לשיער קולסטון - 11/1 בלונד אפר בהיר במיוחד,וולה Wella,,צבע לשיער קולסטון - 11/1 בלונד אפר בהיר במיוחד,מליליטרים,60,"100 מ""ל",false,0,24.90,41.50,true,1,5202300043250
5202300043267,false,צבע לשיער קולסטון - 9/1 בלונד אפרפר בהיר מאוד,וולה Wella,,צבע לשיער קולסטון - 9/1 בלונד אפרפר בהיר מאוד,מליליטרים,60,"100 מ""ל",false,0,24.90,41.50,true,1,5202300043267
5202300043274,false,צבע לשיער קולסטון- 8/1 בלונד אפרפר בהיר,וולה Wella,,צבע לשיער קולסטון- 8/1 בלונד אפרפר בהיר,מליליטרים,60,"100 מ""ל",false,0,24.90,41.50,true,1,5202300043274
5202300043281,false,צבע לשיער קולסטון - 7/1 בלונד אפרפר בינוני,וולה Wella,,צבע לשיער קולסטון - 7/1 בלונד אפרפר בינוני,מליליטרים,60,"100 מ""ל",false,0,24.90,41.50,true,1,5202300043281
5202300043298,false,צבע לשיער קולסטון- 6/1 בלונד אפרפר כהה,וולה Wella,,צבע לשיער קולסטון- 6/1 בלונד אפרפר כהה,מליליטרים,60,"100 מ""ל",false,0,24.90,41.50,true,1,5202300043298
5202300043335,false,צבע לשיער קולסטון - 9/3 בלונד זהוב,וולה Wella,,צבע לשיער קולסטון - 9/3 בלונד זהוב,מליליטרים,60,"100 מ""ל",false,0,24.90,41.50,true,1,5202300043335
5202300043380,false,צבע לשיער קולסטון - 7/4 בלונד ג'ינג'י,וולה Wella,,צבע לשיער קולסטון - 7/4 בלונד ג'ינג'י,מליליטרים,60,"100 מ""ל",false,0,24.90,41.50,true,1,5202300043380
5202300043397,false,צבע לשיער קולסטון - 6/4 בלונד נחושת כהה,וולה Wella,,צבע לשיער קולסטון - 6/4 בלונד נחושת כהה,מליליטרים,60,"100 מ""ל",false,0,24.90,41.50,true,1,5202300043397
5202300043403,false,צבע לשיער קולסטון - 5/4 חום ערמוני,וולה Wella,,צבע לשיער קולסטון - 5/4 חום ערמוני,מליליטרים,60,"100 מ""ל",false,0,24.90,41.50,true,1,5202300043403
5202300043434,false,צבע לשיער קולסטון - 7/73 בלונד אביב,וולה Wella,,צבע לשיער קולסטון - 7/73 בלונד אביב,מליליטרים,60,"100 מ""ל",false,0,24.90,41.50,true,1,5202300043434
5202300043526,false,צבע לשיער קולסטון - 4/75 חום משי,וולה Wella,,צבע לשיער קולסטון - 4/75 חום משי,מליליטרים,60,"100 מ""ל",false,0,24.90,41.50,true,1,5202300043526
5202300043601,false,צבע לשיער קולסטון - 7/45 אדום לוהט,וולה Wella,,צבע לשיער קולסטון - 7/45 אדום לוהט,מליליטרים,60,"100 מ""ל",false,0,24.90,41.50,true,1,5202300043601
5202300043670,false,צבע לשיער קולסטון - 5/7 חום קפה,וולה Wella,,צבע לשיער קולסטון - 5/7 חום קפה,מליליטרים,60,"100 מ""ל",false,0,24.90,41.50,true,1,5202300043670
5202300043724,false,צבע לשיער קולסטון - 6/75 חום אגוז בינוני,וולה Wella,,צבע לשיער קולסטון - 6/75 חום אגוז בינוני,מליליטרים,60,"100 מ""ל",false,0,24.90,41.50,true,1,5202300043724
5202300045834,false,צבע לשיער קולסטון - 10/0 בלונד פסטל,וולה Wella,,צבע לשיער קולסטון - 10/0 בלונד פסטל,מליליטרים,60,"100 מ""ל",false,0,24.90,41.50,true,1,5202300045834
5202390014192,false,פרוסות הצהובה הטבעונית עם זיתים,ויולייף Violife,,פרוסות הצהובה הטבעונית עם זיתים,גרמים,200,100 גרם,false,0,21.90,10.95,true,1,5202390014192
5202390015618,false,פרוסות הצהובה הטבעונית בטעם אורגינל,ויולייף Violife,,פרוסות הצהובה הטבעונית בטעם אורגינל,גרמים,200,100 גרם,false,0,21.90,10.95,true,1,5202390015618
5202390016325,false,פרוסות הצהובה הטבעונית בטעם מעושן,ויולייף Violife,,פרוסות הצהובה הטבעונית בטעם מעושן,גרמים,200,100 גרם,false,0,21.90,10.95,true,1,5202390016325
5202795080709,false,אוזו מטקסה Ouzo Metaxa,,,אוזו מטקסה Ouzo Metaxa,מליליטרים,700,"100 מ""ל",false,0,69.90,14.14,true,1,5202795080709
5205427012499,false,מאפה פילו יווני במילוי ביונד מיט - טבעוני,וילי פוד,,מאפה פילו יווני במילוי ביונד מיט - טבעוני,גרמים,400,100 גרם,false,0,34.90,9.48,true,1,5205427012499
5206759020701,false,סוכריות ג'לי בטעם פירות Exotic,,,סוכריות ג'לי בטעם פירות Exotic,גרמים,700,100 גרם,false,0,14.90,2.13,true,1,5206759020701
5391523057929,false,סימילאק גולד שלב 1 תרכובת מזון על בסיס חלב,סימילאק Similac,,סימילאק גולד שלב 1 תרכובת מזון על בסיס חלב,גרמים,700,100 גרם,false,0,69.90,9.99,true,1,5391523057929
5391523057936,false,סימילאק גולד שלב 2 תרכובת מזון על בסיס חלב,סימילאק Similac,,סימילאק גולד שלב 2 תרכובת מזון על בסיס חלב,גרמים,700,100 גרם,false,0,69.90,9.99,true,1,5391523057936
5391523057943,false,סימילאק גולד שלב 3 תרכובת מזון על בסיס חלב,סימילאק Similac,,סימילאק גולד שלב 3 תרכובת מזון על בסיס חלב,גרמים,700,100 גרם,false,0,69.90,9.99,true,1,5391523057943
5391523058063,false,סימילאק אדבנס פלוס 1 תרכובת מזון על בסיס חלב,סימילאק Similac,,סימילאק אדבנס פלוס 1 תרכובת מזון על בסיס חלב,גרמים,700,100 גרם,false,0,64.90,9.27,true,1,5391523058063
5391523058070,false,סימילאק אדבנס פלוס 3 תרכובת מזון על בסיס חלב,סימילאק Similac,,סימילאק אדבנס פלוס 3 תרכובת מזון על בסיס חלב,גרמים,700,100 גרם,false,0,64.90,9.27,true,1,5391523058070
5391523058087,false,סימילאק אדבנס פלוס 2 תרכובת מזון על בסיס חלב,סימילאק Similac,,סימילאק אדבנס פלוס 2 תרכובת מזון על בסיס חלב,גרמים,700,100 גרם,false,0,64.90,9.27,true,1,5391523058087
5410076379378,false,אבקת כביסה טייד קולור,טייד Tide,,אבקת כביסה טייד קולור,קילוגרמים,5,"ק""ג",false,0,49.90,9.98,true,1,5410076379378
5410076933129,false,אבקת כביסה שושן צחור,אריאל Ariel,,אבקת כביסה שושן צחור,קילוגרמים,3,"ק""ג",false,0,31.90,13.30,true,1,5410076933129
5410091648176,false,דאודורנט רול און Pink Passion בניחוח פרחים,פה Fa,,דאודורנט רול און Pink Passion בניחוח פרחים,מליליטרים,50,"100 מ""ל",false,0,9.90,31.80,true,1,5410091648176
5410103161518,false,קרם יום עם פעולה משולשת לעור רגיל ומעורב,לוריאל Loreal,,קרם יום עם פעולה משולשת לעור רגיל ומעורב,מליליטרים,50,"100 מ""ל",false,0,44.90,89.80,true,1,5410103161518
5410103161617,false,קרם יום עם פעולה משולשת Triple active לעור יבש ועדין,לוריאל Loreal,,קרם יום עם פעולה משולשת Triple active לעור יבש ועדין,מליליטרים,50,"100 מ""ל",false,0,44.90,89.80,true,1,5410103161617
5410126006087,false,עוגיות לוטוס Lotus,לוטוס Lotus,,עוגיות לוטוס Lotus,גרמים,700,100 גרם,false,0,24.90,3.56,true,1,5410126006087
5410126106183,false,עוגיות לוטוס Lotus,לוטוס Lotus,,עוגיות לוטוס Lotus,גרמים,312,100 גרם,false,0,17.90,5.74,true,1,5410126106183
5410126116953,false,ממרח עוגיות קרמל לוטוס,לוטוס Lotus,,ממרח עוגיות קרמל לוטוס,גרמים,400,100 גרם,false,0,18.90,4.73,true,1,5410126116953
5410126666038,false,עוגיות לוטוס Biscoff,לוטוס Lotus,,עוגיות לוטוס Biscoff,גרמים,276,100 גרם,false,0,12.90,4.67,true,1,5410126666038
5410126716016,false,עוגיות לוטוס Lotus,לוטוס Lotus,,עוגיות לוטוס Lotus,גרמים,250,100 גרם,false,0,9.90,3.96,true,1,5410126716016
5410126726947,false,ממרח עוגיות לוטוס קראנצ'י,לוטוס Lotus,,ממרח עוגיות לוטוס קראנצ'י,גרמים,380,100 גרם,false,0,18.90,4.97,true,1,5410126726947
5410173210055,false,קפה טחון וקלוי לפילטר Rombouts,,,קפה טחון וקלוי לפילטר Rombouts,גרמים,70,100 גרם,false,10,19.90,28.43,true,1,5410173210055
5410228217732,false,פחית בירה סטלה ארטואה,סטלה ארטואה Stella Artois,,פחית בירה סטלה ארטואה,מליליטרים,440,"100 מ""ל",false,0,12.90,2.93,true,1,5410228217732
5410228267515,false,בירה באדוויזר שישייה,באדווייזר Budweiser,,בירה באדוויזר שישייה,ליטרים,2,ליטר,false,6,29.90,20.15,true,1,5410228267515
5410291021991,false,ממרח אגוזי לוז עם קקאו,צ'וקטה Chocketa,,ממרח אגוזי לוז עם קקאו,גרמים,700,100 גרם,false,0,18.90,2.70,true,1,5410291021991
5410291022011,false,ממרח אגוזי לוז עם קקאו,צ'וקטה Chocketa,,ממרח אגוזי לוז עם קקאו,גרמים,350,100 גרם,false,0,11.90,3.40,true,1,5410291022011
5410291022738,false,ממרח חלב וממרח אגוזי לוז עם קקאו,צ'וקטה Chocketa,,ממרח חלב וממרח אגוזי לוז עם קקאו,גרמים,350,100 גרם,false,0,11.90,3.40,true,1,5410291022738
5410291022752,false,"ממרח אגוזי לוז עם קקאו בד""ץ",צ'וקטה Chocketa,,"ממרח אגוזי לוז עם קקאו בד""ץ",גרמים,350,100 גרם,false,0,11.90,3.40,true,1,5410291022752
5410291022776,false,"ממרח אגוזי לוז עם קקאו בד""ץ",צ'וקטה Chocketa,,"ממרח אגוזי לוז עם קקאו בד""ץ",גרמים,700,100 גרם,false,0,18.90,2.70,true,1,5410291022776
5410316983693,false,סמירנוף אייס,סמירנוף אייס Smirnoff ice,,סמירנוף אייס,מליליטרים,275,"100 מ""ל",false,0,10.90,3.96,true,1,5410316983693
5410316994019,false,וודקה סמירנוף,סמירנוף Smirnoff,,וודקה סמירנוף,מליליטרים,700,"100 מ""ל",false,0,54.90,7.84,true,1,5410316994019
5411188080268,false,משקה סויה אורגני,אלפרו Alpro,,משקה סויה אורגני,ליטרים,1,ליטר,false,0,14.90,14.90,true,1,5411188080268
5411188081852,false,משקה סויה וניל,אלפרו Alpro,,משקה סויה וניל,ליטרים,1,ליטר,false,0,14.90,14.90,true,1,5411188081852
5411188094159,false,רביעיית מעדן סויה בטעם שוקו מריר,אלפרו Alpro,,רביעיית מעדן סויה בטעם שוקו מריר,גרמים,500,100 גרם,false,4,16.90,3.38,true,1,5411188094159
5411188096108,false,מוצר סויה לבישול,אלפרו Alpro,,מוצר סויה לבישול,מליליטרים,250,"100 מ""ל",false,0,9.90,3.96,true,1,5411188096108
5411188106159,false,משקה סויה מופחת שומן,אלפרו Alpro,,משקה סויה מופחת שומן,ליטרים,1,ליטר,false,0,13.90,13.90,true,1,5411188106159
5411188110835,false,משקה שקדים,אלפרו Alpro,,משקה שקדים,ליטרים,1,ליטר,false,0,15.90,15.90,true,1,5411188110835
5411188112549,false,משקה אורז,אלפרו Alpro,,משקה אורז,ליטרים,1,ליטר,false,0,15.90,15.90,true,1,5411188112549
5411188112709,false,משקה שקדים ללא סוכר,אלפרו Alpro,,משקה שקדים ללא סוכר,ליטרים,1,ליטר,false,0,15.90,15.90,true,1,5411188112709
5411188115366,false,משקה שיבולת שועל,אלפרו Alpro,,משקה שיבולת שועל,ליטרים,1,ליטר,false,0,15.90,15.90,true,1,5411188115366
5411188115434,false,משקה בריסטה סויה,אלפרו Alpro,,משקה בריסטה סויה,ליטרים,1,ליטר,false,0,14.90,14.90,true,1,5411188115434
5411188115472,false,משקה סויה,אלפרו Alpro,,משקה סויה,ליטרים,1,ליטר,false,0,13.90,13.90,true,1,5411188115472
5411188118732,false,משקה קוקוס שקדים,אלפרו Alpro,,משקה קוקוס שקדים,ליטרים,1,ליטר,false,0,15.90,15.90,true,1,5411188118732
5411188120742,false,משקה שקדים וניל,אלפרו Alpro,,משקה שקדים וניל,ליטרים,1,ליטר,false,0,15.90,15.90,true,1,5411188120742
5411188120957,false,אלפרו קוקוס לבישול,אלפרו Alpro,,אלפרו קוקוס לבישול,מליליטרים,250,"100 מ""ל",false,0,9.90,3.96,true,1,5411188120957
5411188121923,false,משקה סויה - מארז 3 יח',אלפרו Alpro,,משקה סויה - מארז 3 יח',מליליטרים,750,"100 מ""ל",false,3,13.90,1.85,true,1,5411188121923
5411188121978,false,משקה סויה בטעם שוקולד - מארז 3 יח',אלפרו Alpro,,משקה סויה בטעם שוקולד - מארז 3 יח',מליליטרים,750,"100 מ""ל",false,3,13.90,1.85,true,1,5411188121978
5411188122586,false,משקה שקדים,אלפרו Alpro,,משקה שקדים,מליליטרים,250,"100 מ""ל",false,0,5.90,2.36,true,1,5411188122586
5411188122661,false,משקה שקדים ללא תוספת סוכר,אלפרו Alpro,,משקה שקדים ללא תוספת סוכר,ליטרים,1,ליטר,false,0,15.90,15.90,true,1,5411188122661
5411188124689,false,משקה שיבולת שועל ללא סוכר,אלפרו Alpro,,משקה שיבולת שועל ללא סוכר,ליטרים,1,ליטר,false,0,13.90,13.90,true,1,5411188124689
5411188124726,false,משקה שיבולת שועל שקדים,אלפרו Alpro,,משקה שיבולת שועל שקדים,ליטרים,1,ליטר,false,0,15.90,15.90,true,1,5411188124726
5411188126195,false,משקה שקדים אורגני ללא סוכר,אלפרו Alpro,,משקה שקדים אורגני ללא סוכר,ליטרים,1,ליטר,false,0,15.90,15.90,true,1,5411188126195
5411188127697,false,משקה בריסטה שיבולת שועל,אלפרו Alpro,,משקה בריסטה שיבולת שועל,ליטרים,1,ליטר,false,0,14.90,14.90,true,1,5411188127697
5411188129899,false,משקה בריסטה שקדים,אלפרו Alpro,,משקה בריסטה שקדים,ליטרים,1,ליטר,false,0,14.90,14.90,true,1,5411188129899
5411188134985,false,משקה שיבולת שועל 3.5% שומן Not Milk,אלפרו Alpro,,משקה שיבולת שועל 3.5% שומן Not Milk,ליטרים,1,ליטר,false,0,13.90,13.90,true,1,5411188134985
5411188135005,false,משקה שיבולת שועל 1.8% שומן Not Milk,אלפרו Alpro,,משקה שיבולת שועל 1.8% שומן Not Milk,ליטרים,1,ליטר,false,0,13.90,13.90,true,1,5411188135005
5411188300328,false,משקה סויה שוקו,אלפרו Alpro,,משקה סויה שוקו,ליטרים,1,ליטר,false,0,14.90,14.90,true,1,5411188300328
5411188543398,false,משקה סויה ללא סוכר,אלפרו Alpro,,משקה סויה ללא סוכר,ליטרים,1,ליטר,false,0,13.90,13.90,true,1,5411188543398
5413149655522,false,אבקת כביסה אריאל שושן צחור,אריאל Ariel,,אבקת כביסה אריאל שושן צחור,קילוגרמים,1,"ק""ג",false,0,19.90,15.92,true,1,5413149655522
5413149922907,false,אבקת כביסה אריאל color & style,אריאל Ariel,,אבקת כביסה אריאל color & style,קילוגרמים,5,"ק""ג",false,0,49.90,9.98,true,1,5413149922907
5413149922938,false,אבקת כביסה אריאל שושן צחור,אריאל Ariel,,אבקת כביסה אריאל שושן צחור,קילוגרמים,5,"ק""ג",false,0,49.90,9.98,true,1,5413149922938
5413149930025,false,אבקת כביסה טייד אלפיין פרש,טייד Tide,,אבקת כביסה טייד אלפיין פרש,קילוגרמים,5,"ק""ג",false,0,49.90,9.98,true,1,5413149930025
5413216990242,false,בונבוניירה צדפים ממולאים בקרם אגוזים,צ'וקטה Chocketa,,בונבוניירה צדפים ממולאים בקרם אגוזים,גרמים,250,100 גרם,false,0,13.90,5.96,true,1,5413216990242
5601008200444,false,גודיס Goodies עוגיות טבעת מצופות שוקולד חלב,מרבה Merba,,גודיס Goodies עוגיות טבעת מצופות שוקולד חלב,גרמים,150,100 גרם,false,0,8.90,5.93,true,1,5601008200444
5601008200451,false,גודיס Goodies עוגיות טבעת מצופות שוקולד מריר,מרבה Merba,,גודיס Goodies עוגיות טבעת מצופות שוקולד מריר,גרמים,150,100 גרם,false,0,8.90,5.93,true,1,5601008200451
5601008200468,false,גודיס Goodies עוגיות טבעת מצופות שוקולד לבן,מרבה Merba,,גודיס Goodies עוגיות טבעת מצופות שוקולד לבן,גרמים,150,100 גרם,false,0,8.90,5.93,true,1,5601008200468
5601036205534,false,צבע לשיער אקסלנס קרם - 1 שחור,לוריאל Loreal,,צבע לשיער אקסלנס קרם - 1 שחור,,0,,false,0,34.90,0.00,true,1,5601036205534
5601036205541,false,צבע לשיער אקסלנס קרם - 3 חום כהה מאוד,לוריאל Loreal,,צבע לשיער אקסלנס קרם - 3 חום כהה מאוד,,0,,false,0,34.90,0.00,true,1,5601036205541
5601036205558,false,צבע לשיער אקסלנס קרם - 4 חום כהה,לוריאל Loreal,,צבע לשיער אקסלנס קרם - 4 חום כהה,,0,,false,0,34.90,0.00,true,1,5601036205558
5601036205589,false,צבע לשיער אקסלנס קרם - 5 חום טבעי,לוריאל Loreal,,צבע לשיער אקסלנס קרם - 5 חום טבעי,,0,,false,0,34.90,0.00,true,1,5601036205589
5601036205596,false,צבע לשיער אקסלנס קרם - 5.3 חום זהוב,לוריאל Loreal,,צבע לשיער אקסלנס קרם - 5.3 חום זהוב,,0,,false,0,34.90,0.00,true,1,5601036205596
5601036205602,false,צבע לשיער אקסלנס קרם - 5.5 חום מהגוני,לוריאל Loreal,,צבע לשיער אקסלנס קרם - 5.5 חום מהגוני,,0,,false,0,34.90,0.00,true,1,5601036205602
5601036205626,false,צבע לשיער אקסלנס קרם - 6 בלונד כהה,לוריאל Loreal,,צבע לשיער אקסלנס קרם - 6 בלונד כהה,,0,,false,0,34.90,0.00,true,1,5601036205626
5601036205657,false,צבע לשיער אקסלנס קרם - 7 בלונד,לוריאל Loreal,,צבע לשיער אקסלנס קרם - 7 בלונד,,0,,false,0,34.90,0.00,true,1,5601036205657
5601036205725,false,צבע לשיער אקסלנס קרם - 10 בלונד בהיר,לוריאל Loreal,,צבע לשיער אקסלנס קרם - 10 בלונד בהיר,,0,,false,0,34.90,0.00,true,1,5601036205725
5601045300022,false,משקה גווארנה בפחית,guarana antarctica,,משקה גווארנה בפחית,מליליטרים,330,"100 מ""ל",false,0,5.50,1.67,true,1,5601045300022
5601217129420,false,דפים למכונת כביסה למניעת העברת צבע,ווליט Woolite,,דפים למכונת כביסה למניעת העברת צבע,יחידות,20,יחידה,false,0,19.90,1.00,true,1,5601217129420
5604912415041,false,סרדינים בשמן חמניות,פורטוס Porthos,,סרדינים בשמן חמניות,גרמים,125,100 גרם,false,0,6.90,5.52,true,1,5604912415041
5604912415058,false,סרדינים בשמן חמניות חריף,פורטוס Porthos,,סרדינים בשמן חמניות חריף,גרמים,125,100 גרם,false,0,6.90,5.52,true,1,5604912415058
5604912425057,false,מקרלים קטנים בשמן חמניות חריף,פורטוס Porthos,,מקרלים קטנים בשמן חמניות חריף,גרמים,125,100 גרם,false,0,6.90,5.52,true,1,5604912425057
5701932026964,false,פופקורן להכנה במיקרוגל בטעם טבעי 6 שקיות,הוט פופ Hot pop,,פופקורן להכנה במיקרוגל בטעם טבעי 6 שקיות,גרמים,600,100 גרם,false,0,16.90,2.82,true,1,5701932026964
5701932026971,false,פופקורן להכנה במיקרוגל בטעם חמאה 6 שקיות,הוט פופ Hot pop,,פופקורן להכנה במיקרוגל בטעם חמאה 6 שקיות,גרמים,600,100 גרם,false,0,16.90,2.82,true,1,5701932026971
5701932026995,false,פופקורן להכנה במיקרוגל בטעם טבעי מופחת שומן 6 שקיות,הוט פופ Hot pop,,פופקורן להכנה במיקרוגל בטעם טבעי מופחת שומן 6 שקיות,גרמים,510,100 גרם,false,0,16.90,3.31,true,1,5701932026995
5706516031358,false,פופקורן להכנה במיקרוגל בטעם טבעי מופחת שומן 5 שקיות,הוט פופ Hot pop,,פופקורן להכנה במיקרוגל בטעם טבעי מופחת שומן 5 שקיות,גרמים,160,100 גרם,false,0,16.90,10.56,true,1,5706516031358
5708932006910,false,פלסטרים לשלפוחיות בגודל בינוני,קומפיד Compeed,,פלסטרים לשלפוחיות בגודל בינוני,יחידות,5,יחידה,false,0,49.90,9.98,true,1,5708932006910
5711953106583,false,גבינת שמנת בטעם טבעי 24.5%,ארלה Arla,,גבינת שמנת בטעם טבעי 24.5%,גרמים,200,100 גרם,false,0,14.90,7.45,true,1,5711953106583
5711953106590,false,גבינת שמנת עם שום 24%,ארלה Arla,,גבינת שמנת עם שום 24%,גרמים,200,100 גרם,false,0,14.90,7.45,true,1,5711953106590
5711953106606,false,גבינת שמנת עם תבלינים ועשבי תיבול 23.5%,ארלה Arla,,גבינת שמנת עם תבלינים ועשבי תיבול 23.5%,גרמים,200,100 גרם,false,0,14.90,7.45,true,1,5711953106606
5740900403215,false,ממרח מחמאת לורפק עם מלח,לורפאק Lurpak,,ממרח מחמאת לורפק עם מלח,גרמים,250,100 גרם,false,0,15.90,6.36,true,1,5740900403215
5740900403222,false,ממרח מחמאת לורפק עם מלח 27% מופחת שומן,לורפאק Lurpak,,ממרח מחמאת לורפק עם מלח 27% מופחת שומן,גרמים,250,100 גרם,false,0,15.90,6.36,true,1,5740900403222
5740900403239,false,ממרח מחמאת לורפק ללא מלח,לורפאק Lurpak,,ממרח מחמאת לורפק ללא מלח,גרמים,250,100 גרם,false,0,15.90,6.36,true,1,5740900403239
5740900403246,false,ממרח מחמאת לורפק ללא מלח,לורפאק Lurpak,,ממרח מחמאת לורפק ללא מלח,גרמים,500,100 גרם,false,0,24.90,4.98,true,1,5740900403246
5740900403253,false,ממרח מחמאת לורפק עם מלח,לורפאק Lurpak,,ממרח מחמאת לורפק עם מלח,גרמים,500,100 גרם,false,0,24.90,4.98,true,1,5740900403253
5740900403260,false,ממרח מחמאת לורפק ללא מלח 27% פחות שומן,לורפאק Lurpak,,ממרח מחמאת לורפק ללא מלח 27% פחות שומן,גרמים,250,100 גרם,false,0,15.90,6.36,true,1,5740900403260
5740900403284,false,חמאה ללא מלח,לורפאק Lurpak,,חמאה ללא מלח,גרמים,200,100 גרם,false,0,10.90,5.45,true,1,5740900403284
5740900403864,false,חמאה עם מלח,לורפאק Lurpak,,חמאה עם מלח,גרמים,200,100 גרם,false,0,10.90,5.45,true,1,5740900403864
5900020012814,false,דגני בוקר בטעם שוקולד נסקוויק Nesquik,נסטלה Nestle,,דגני בוקר בטעם שוקולד נסקוויק Nesquik,גרמים,500,100 גרם,false,0,24.90,4.98,true,1,5900020012814
5900020015174,false,חטיף דגנים פיטנס Fitness עם שוקולד מריר,נסטלה Nestle,,חטיף דגנים פיטנס Fitness עם שוקולד מריר,גרמים,141,100 גרם,false,0,15.90,11.28,true,1,5900020015174
5900020018908,false,חטיף פיטנס דגנים עם עוגיות ופצפוצי שוקולד לבן,נסטלה Nestle,,חטיף פיטנס דגנים עם עוגיות ופצפוצי שוקולד לבן,גרמים,141,100 גרם,false,0,15.90,11.28,true,1,5900020018908
5900020020710,false,חטיף קראנץ' Crunch שוקו וניל,נסטלה Nestle,,חטיף קראנץ' Crunch שוקו וניל,גרמים,150,100 גרם,false,6,15.90,10.60,true,1,5900020020710
5900020020741,false,חטיף נסקוויק Nesquik שוקו שוקו,נסטלה Nestle,,חטיף נסקוויק Nesquik שוקו שוקו,גרמים,150,100 גרם,false,6,15.90,10.60,true,1,5900020020741
5900020022325,false,חטיף סיני מיניס Cini Minis בטעם קינמון - 6 במארז,נסטלה Nestle,,חטיף סיני מיניס Cini Minis בטעם קינמון - 6 במארז,גרמים,150,100 גרם,false,0,15.90,10.60,true,1,5900020022325
5900020024817,false,פיטנס דליס Fitness Delice חטיף דגנים עם שוקולד לבן,נסטלה Nestle,,פיטנס דליס Fitness Delice חטיף דגנים עם שוקולד לבן,גרמים,135,100 גרם,false,6,15.90,11.78,true,1,5900020024817
5900020025647,false,פיטנס דליס Fitness Delice חטיף דגנים עם שוקולד חלב,נסטלה Nestle,,פיטנס דליס Fitness Delice חטיף דגנים עם שוקולד חלב,גרמים,135,100 גרם,false,6,15.90,11.78,true,1,5900020025647
5900020026552,false,דגני בוקר האני נאט צ'יריוס בטעם דבש ושקדים,נסטלה Nestle,,דגני בוקר האני נאט צ'יריוס בטעם דבש ושקדים,גרמים,625,100 גרם,false,0,24.90,3.98,true,1,5900020026552
5900020029669,false,חטיף דגנים פיטנס עם פירות יער,נסטלה Nestle,,חטיף דגנים פיטנס עם פירות יער,גרמים,141,100 גרם,false,6,15.90,11.28,true,1,5900020029669
5900020031877,false,חטיף צ'יריוס Cheerios בטעם דבש,נסטלה Nestle,,חטיף צ'יריוס Cheerios בטעם דבש,גרמים,132,100 גרם,false,0,15.90,12.05,true,1,5900020031877
5900020033314,false,חטיף דגני בוקר Lion בטעם קרמל ושוקולד על קרם חלב,נסטלה Nestle,,חטיף דגני בוקר Lion בטעם קרמל ושוקולד על קרם חלב,גרמים,150,100 גרם,false,6,15.90,10.60,true,1,5900020033314
5900020034021,false,חטיף דגנים פיטנס שוקולד בננה,נסטלה Nestle,,חטיף דגנים פיטנס שוקולד בננה,גרמים,141,100 גרם,false,0,15.90,11.28,true,1,5900020034021
5900020036407,false,דגני בוקר ליון Lion בטעם שוקולד וקרמל,נסטלה Nestle,,דגני בוקר ליון Lion בטעם שוקולד וקרמל,גרמים,480,100 גרם,false,0,24.90,5.19,true,1,5900020036407
5900020037916,false,דגני בוקר צ'יריוס משיבולת שועל,נסטלה Nestle,,דגני בוקר צ'יריוס משיבולת שועל,גרמים,375,100 גרם,false,0,14.90,3.97,true,1,5900020037916
5900020039132,false,דגני בוקר צ'יריוס משיבולת שועל בטעם תפוח עץ קינמון,נסטלה Nestle,,דגני בוקר צ'יריוס משיבולת שועל בטעם תפוח עץ קינמון,גרמים,320,100 גרם,false,0,14.90,4.66,true,1,5900020039132
5900020039590,false,חטיף פיטנס קלאסי במתיקות מעודנת,נסטלה Nestle,,חטיף פיטנס קלאסי במתיקות מעודנת,גרמים,141,100 גרם,false,0,15.90,11.28,true,1,5900020039590
5900020039620,false,"חטיף פיטנס דגנים, שקדים ודבש",נסטלה Nestle,,"חטיף פיטנס דגנים, שקדים ודבש",גרמים,141,100 גרם,false,0,15.90,11.28,true,1,5900020039620
5900352000770,false,שוקולד חלב ממולא ג'לי דובדבן Mella,,,שוקולד חלב ממולא ג'לי דובדבן Mella,גרמים,190,100 גרם,false,0,8.90,4.68,true,1,5900352000770
5900352001814,false,שוקולד במילוי ג'לי תפוז Mella,,,שוקולד במילוי ג'לי תפוז Mella,גרמים,190,100 גרם,false,0,8.90,4.68,true,1,5900352001814
5900352001821,false,שוקולד חלב ממולא ג'לי לימון Mella,,,שוקולד חלב ממולא ג'לי לימון Mella,גרמים,190,100 גרם,false,0,8.90,4.68,true,1,5900352001821
5900352002576,false,שוקולד חלב ממולא ג'לי אוכמניות Mella,,,שוקולד חלב ממולא ג'לי אוכמניות Mella,גרמים,190,100 גרם,false,0,8.90,4.68,true,1,5900352002576
5900352002866,false,חטיף שוקולד קרמל,אליבי מקס Alibi Max,,חטיף שוקולד קרמל,גרמים,49,100 גרם,false,0,2.90,5.92,true,1,5900352002866
5900352012605,false,חטיף שוקולד קוקוס,אליבי מקס Alibi Max,,חטיף שוקולד קוקוס,גרמים,49,100 גרם,false,0,2.90,5.92,true,1,5900352012605
5900627027020,false,קרם להסרת שיער בזמן המקלחת לעור רגיל,ויט Veet,,קרם להסרת שיער בזמן המקלחת לעור רגיל,מליליטרים,150,"100 מ""ל",false,0,34.90,23.27,true,1,5900627027020
5900627063233,false,טבליות למדיח All In One Max,פיניש Finish,,טבליות למדיח All In One Max,יחידות,50,יחידה,false,0,34.90,0.80,true,1,5900627063233
5900627066715,false,טבליות למדיח,פיניש Finish,,טבליות למדיח,יחידות,100,יחידה,false,0,54.90,0.60,true,1,5900627066715
5900951283963,false,חטיף סניקרס עם חמאת בוטנים Creamy Peanut Butter,סניקרס Snickers,,חטיף סניקרס עם חמאת בוטנים Creamy Peanut Butter,גרמים,37,100 גרם,false,0,3.90,10.68,true,1,5900951283963
5901414200411,false,מיני עוגיות היט Hit במילוי קרם שוקולד,באלזן Bahlsen,,מיני עוגיות היט Hit במילוי קרם שוקולד,גרמים,130,100 גרם,false,0,6.90,5.31,true,1,5901414200411
5902198160403,false,משקה אנרגיה XL TEN ללא סוכר,אקסל XL,,משקה אנרגיה XL TEN ללא סוכר,מליליטרים,250,"100 מ""ל",false,0,4.30,1.72,true,1,5902198160403
5902503420109,false,מארז קרם פנים אקוואליה + 2 מוצרים בגודל מיוחד,וישי VICHY,,מארז קרם פנים אקוואליה + 2 מוצרים בגודל מיוחד,מליליטרים,50,"100 מ""ל",false,0,110.00,220.00,true,1,5902503420109
5902503420123,false,מארז קרם יום ליפטאקטיב קולגן ספיישליסט,וישי VICHY,,מארז קרם יום ליפטאקטיב קולגן ספיישליסט,מליליטרים,50,"100 מ""ל",false,0,229.00,458.00,true,1,5902503420123
5902503768805,false,מארז אנטי- אייג'ינג נאובדיול,וישי VICHY,,מארז אנטי- אייג'ינג נאובדיול,מליליטרים,50,"100 מ""ל",false,0,219.00,438.00,true,1,5902503768805
5904941752262,false,משקה אנרגיה בטעם לימון ליים ללא תוספת סוכר,בלו BLU,,משקה אנרגיה בטעם לימון ליים ללא תוספת סוכר,מליליטרים,250,"100 מ""ל",false,0,4.20,1.68,true,1,5904941752262
5906485301012,false,משקה אנרגיה XL,אקסל XL,,משקה אנרגיה XL,מליליטרים,250,"100 מ""ל",false,0,4.30,1.72,true,1,5906485301012
5997321701806,false,אבקה למניעת אבנית במכונת כביסה 2 ב-1,קלגון Calgon,,אבקה למניעת אבנית במכונת כביסה 2 ב-1,קילוגרמים,1,"ק""ג",false,0,29.90,29.90,true,1,5997321701806
5999884350347,false,נתחי עופות ברוטב,גולדן קט Golden Cat,,נתחי עופות ברוטב,גרמים,410,100 גרם,false,0,3.90,0.95,true,1,5999884350347
5999884350828,false,נתחי כבד ברוטב,גולדן קט Golden Cat,,נתחי כבד ברוטב,גרמים,410,100 גרם,false,0,3.90,0.95,true,1,5999884350828
5999884350835,false,נתחי צבי ברוטב,גולדן קט Golden Cat,,נתחי צבי ברוטב,גרמים,410,100 גרם,false,0,3.90,0.95,true,1,5999884350835
5999884350842,false,נתחי דגים ברוטב,גולדן קט Golden Cat,,נתחי דגים ברוטב,גרמים,410,100 גרם,false,0,3.90,0.95,true,1,5999884350842
6085010044712,false,"קלאב דה נויט Club De Nuit א.ד.ט לגבר 105 מ""ל",ארמף Armaf,,"קלאב דה נויט Club De Nuit א.ד.ט לגבר 105 מ""ל",מליליטרים,105,"100 מ""ל",false,0,139.90,133.24,true,1,6085010044712
6085010094151,false,"קלאב דה נואיט Club De Nuit א.ד.פ לאישה 105 מ""ל",ארמף Armaf,,"קלאב דה נואיט Club De Nuit א.ד.פ לאישה 105 מ""ל",מליליטרים,105,"100 מ""ל",false,0,109.90,104.67,true,1,6085010094151
6111094000198,false,קוסקוס בינוני,דארי Dari,,קוסקוס בינוני,גרמים,350,100 גרם,false,0,5.90,1.69,true,1,6111094000198
6111094000242,false,קוסקוס דק,דארי Dari,,קוסקוס דק,גרמים,500,100 גרם,false,0,7.90,1.58,true,1,6111094000242
6111094000259,false,קוסקוס בינוני,דארי Dari,,קוסקוס בינוני,גרמים,500,100 גרם,false,0,7.90,1.58,true,1,6111094000259
6253017300029,false,טחינה גולמית,קרואן Karawan,,טחינה גולמית,גרמים,950,100 גרם,false,0,22.90,2.41,true,1,6253017300029
6281001510390,false,מברשת שיניים לילדים אקסטרא סופט לגילאי 0-2,קולגייט Colgate,,מברשת שיניים לילדים אקסטרא סופט לגילאי 0-2,יחידות,1,יחידה,false,0,18.90,18.90,true,1,6281001510390
6418029901293,false,אייס פאוור-ג'ל מקרר לשיכוך כאבים,,,אייס פאוור-ג'ל מקרר לשיכוך כאבים,מליליטרים,150,"100 מ""ל",false,0,89.90,59.93,true,1,6418029901293
6920354822193,false,משחת שיניים נטורל הדרים ואקליפטוס,קולגייט Colgate,,משחת שיניים נטורל הדרים ואקליפטוס,מליליטרים,68,"100 מ""ל",false,0,29.90,43.97,true,1,6920354822193
6920354822223,false,משחת שיניים נטורל ג'ינג'ר קוקוס,קולגייט Colgate,,משחת שיניים נטורל ג'ינג'ר קוקוס,מליליטרים,68,"100 מ""ל",false,0,29.90,43.97,true,1,6920354822223
6920354824395,false,משחת שיניים נטורל פחם פעיל ומנטה,קולגייט Colgate,,משחת שיניים נטורל פחם פעיל ומנטה,מליליטרים,71,"100 מ""ל",false,0,29.90,42.11,true,1,6920354824395
6922139460071,false,טושים מחיקים 4 צבעים + ספוג (עבור לוח לבן),סירקה Sirka,,טושים מחיקים 4 צבעים + ספוג (עבור לוח לבן),יחידות,1,יחידה,false,0,14.90,14.90,true,1,6922139460071
6922163616659,false,תה ירוק 20 שקיקים,טעמי אסיה Taste of Asia,,תה ירוק 20 שקיקים,גרמים,40,100 גרם,false,0,7.90,19.75,true,1,6922163616659
6922163616666,false,תה ירוק עם יסמין 20 שקיקים,טעמי אסיה Taste of Asia,,תה ירוק עם יסמין 20 שקיקים,גרמים,40,100 גרם,false,0,7.90,19.75,true,1,6922163616666
6925769300014,false,מד חום ללא מגע TF-600,QQZM,,מד חום ללא מגע TF-600,יחידות,1,יחידה,false,0,60.00,60.00,true,1,6925769300014
6935673035612,false,כפפות אלוורה להקלה על עור יבש - קטן S,,,כפפות אלוורה להקלה על עור יבש - קטן S,,0,,false,0,5.90,0.00,true,1,6935673035612
6935673035629,false,כפפות אלוורה להקלה על עור יבש - בינוני M,,,כפפות אלוורה להקלה על עור יבש - בינוני M,,0,,false,0,5.90,0.00,true,1,6935673035629
6935673035636,false,כפפות אלוורה להקלה על עור יבש - גדול L,,,כפפות אלוורה להקלה על עור יבש - גדול L,יחידות,2,יחידה,false,0,5.90,2.95,true,1,6935673035636
6935673035643,false,כפפות אלוורה להקלה על עור יבש - גדול מאוד XL,,,כפפות אלוורה להקלה על עור יבש - גדול מאוד XL,,0,,false,0,5.90,0.00,true,1,6935673035643
6944027000428,false,תה ירוק סיני,,,תה ירוק סיני,גרמים,250,100 גרם,false,0,9.90,3.96,true,1,6944027000428
6971320730530,false,חטיפי קלציום עטופים עוף,ברנדה Brande,,חטיפי קלציום עטופים עוף,גרמים,80,100 גרם,false,0,14.90,18.63,true,1,6971320730530
6971320730547,false,חטיפי דאמבל עוף ואורז,ברנדה Brande,,חטיפי דאמבל עוף ואורז,גרמים,80,100 גרם,false,0,14.90,18.63,true,1,6971320730547
6971320730745,false,קוביות בקר ובקלה,ברנדה Brande,,קוביות בקר ובקלה,גרמים,80,100 גרם,false,0,14.90,18.63,true,1,6971320730745
6971320730783,false,חטיפי מטבעות כבש,ברנדה Brande,,חטיפי מטבעות כבש,גרמים,80,100 גרם,false,0,14.90,18.63,true,1,6971320730783
7038513866304,false,מברשת שיניים לילדים שלב 1 לגילאי 0-2,ג'ורדן Jordan,,מברשת שיניים לילדים שלב 1 לגילאי 0-2,יחידות,1,יחידה,false,0,12.90,12.90,true,1,7038513866304
7038513866311,false,מברשת שיניים לילדים שלב 2 לגילאי 3-5,ג'ורדן Jordan,,מברשת שיניים לילדים שלב 2 לגילאי 3-5,יחידות,1,יחידה,false,0,12.90,12.90,true,1,7038513866311
7038513866328,false,מברשת שיניים לילדים מגיל 6-9 סופט,ג'ורדן Jordan,,מברשת שיניים לילדים מגיל 6-9 סופט,יחידות,1,יחידה,false,0,12.90,12.90,true,1,7038513866328
7038516140357,false,מארז מברשות שיניים Total clean סופט,ג'ורדן Jordan,,מארז מברשות שיניים Total clean סופט,יחידות,4,יחידה,false,0,14.90,3.73,true,1,7038516140357
7038516140418,false,מארז מברשות שיניים Total clean מדיום,ג'ורדן Jordan,,מארז מברשות שיניים Total clean מדיום,יחידות,4,יחידה,false,0,14.90,3.73,true,1,7038516140418
7046110064535,false,מברשת שיניים לילדים לגילאי 0-2,ג'ורדן Jordan,,מברשת שיניים לילדים לגילאי 0-2,יחידות,1,יחידה,false,0,14.90,14.90,true,1,7046110064535
7162020092014,false,סט מצעים אליאם מיטה וחצי אפור,ויה Via,,סט מצעים אליאם מיטה וחצי אפור,,0,,false,0,89.90,0.00,true,1,7162020092014
7162020092304,false,סט מצעים אפריקה יחיד,ויה Via,,סט מצעים אפריקה יחיד,,0,,false,0,89.90,0.00,true,1,7162020092304
7290000100296,false,תערובת להכנת Smoothie ורוד תות ובננה,סנפרוסט,,תערובת להכנת Smoothie ורוד תות ובננה,גרמים,300,100 גרם,false,0,12.90,4.30,true,1,7290000100296
7290000100593,false,אנטיפסטי בסגנון איטלקי לתנור,סנפרוסט,,אנטיפסטי בסגנון איטלקי לתנור,גרמים,600,100 גרם,false,0,21.90,3.65,true,1,7290000100593
7290000100609,false,אנטיפסטי בסגנון איטלקי להקפצה,סנפרוסט,,אנטיפסטי בסגנון איטלקי להקפצה,גרמים,600,100 גרם,false,0,21.90,3.65,true,1,7290000100609
7290000107615,false,ירקות ואננס להקפצה מנה אסייתית צבעונית ועשירה,סנפרוסט,,ירקות ואננס להקפצה מנה אסייתית צבעונית ועשירה,גרמים,800,100 גרם,false,0,19.90,2.49,true,1,7290000107615
7290000107622,false,פסטה וירקות להקפצה,סנפרוסט,,פסטה וירקות להקפצה,גרמים,800,100 גרם,false,0,19.90,2.49,true,1,7290000107622
7290000135465,false,"מי סודה 500 מ""ל - מארז 12 בקבוקים",טמפו,,"מי סודה 500 מ""ל - מארז 12 בקבוקים",ליטרים,6,ליטר,false,12,25.90,4.98,true,1,7290000135465
7290000136141,false,פפסי,פפסי Pepsi,,פפסי,ליטרים,2,ליטר,false,0,8.20,5.47,true,1,7290000136141
7290000136158,false,פפסי מקס max,פפסי Pepsi,,פפסי מקס max,ליטרים,2,ליטר,false,0,7.60,5.07,true,1,7290000136158
7290000136165,false,מירנדה תפוזים,מירינדה Mirinda,,מירנדה תפוזים,ליטרים,2,ליטר,false,0,8.20,5.47,true,1,7290000136165
7290000136172,false,סבן אפ,סבן אפ 7up,,סבן אפ,ליטרים,2,ליטר,false,0,8.20,5.47,true,1,7290000136172
7290000136189,false,סבן אפ free,סבן אפ 7up,,סבן אפ free,ליטרים,2,ליטר,false,0,7.60,5.07,true,1,7290000136189
7290000136240,false,מי סודה,טמפו,,מי סודה,ליטרים,2,ליטר,false,0,3.20,2.13,true,1,7290000136240
7290000136257,false,פאנק טוניק גזוז בטעם פירות,טמפו,,פאנק טוניק גזוז בטעם פירות,ליטרים,2,ליטר,false,0,8.90,6.60,true,1,7290000136257
7290000136264,false,מי טוניק,טמפו,,מי טוניק,ליטרים,2,ליטר,false,0,8.90,6.60,true,1,7290000136264
7290000136271,false,סודה בטעם למון ליים,טמפו,,סודה בטעם למון ליים,ליטרים,2,ליטר,false,0,4.20,2.80,true,1,7290000136271
7290000136288,false,סירופ בטעם תפוחים סיידר הגליל JUICER,סיידר הגליל,,סירופ בטעם תפוחים סיידר הגליל JUICER,מליליטרים,330,"100 מ""ל",false,0,15.90,4.82,true,1,7290000136288
7290000136295,false,סירופ בטעם פטל סיידר הגליל JUICER,סיידר הגליל,,סירופ בטעם פטל סיידר הגליל JUICER,מליליטרים,330,"100 מ""ל",false,0,15.90,4.82,true,1,7290000136295
7290000136301,false,סירופ בטעם ענבים סיידר הגליל JUICER,סיידר הגליל,,סירופ בטעם ענבים סיידר הגליל JUICER,מליליטרים,330,"100 מ""ל",false,0,15.90,4.82,true,1,7290000136301
7290000136325,false,סודה בנגיעות טעם אפרסק,טמפו,,סודה בנגיעות טעם אפרסק,ליטרים,2,ליטר,false,0,4.20,2.80,true,1,7290000136325
7290000136387,false,סודה בטעם אננס,טמפו,,סודה בטעם אננס,ליטרים,2,ליטר,false,0,4.20,2.80,true,1,7290000136387
7290000136394,false,סודה בטעם פירות יער,טמפו,,סודה בטעם פירות יער,ליטרים,2,ליטר,false,0,4.20,2.80,true,1,7290000136394
7290000136516,false,משקה קל בטעם מנגו פסיפלורה,ג'אמפ,,משקה קל בטעם מנגו פסיפלורה,ליטרים,2,ליטר,false,0,7.50,5.00,true,1,7290000136516
7290000136523,false,משקה קל בטעם ענבים,ג'אמפ,,משקה קל בטעם ענבים,ליטרים,2,ליטר,false,0,7.50,5.00,true,1,7290000136523
7290000136561,false,משקה קל בטעם תות בננה,ג'אמפ,,משקה קל בטעם תות בננה,ליטרים,2,ליטר,false,0,7.50,5.00,true,1,7290000136561
7290000136585,false,משקה קל בטעם תפוזים,ג'אמפ,,משקה קל בטעם תפוזים,ליטרים,2,ליטר,false,0,7.50,5.00,true,1,7290000136585
7290000136608,false,ג'אמפ צלול משקה קל בטעם תפוחים,ג'אמפ,,ג'אמפ צלול משקה קל בטעם תפוחים,ליטרים,2,ליטר,false,0,7.50,5.00,true,1,7290000136608
7290000136691,false,שיישית סבן-אפ,סבן אפ 7up,,שיישית סבן-אפ,ליטרים,9,ליטר,false,6,42.90,4.77,true,1,7290000136691
7290000136752,false,שיישית סבן-אפ free,סבן אפ 7up,,שיישית סבן-אפ free,ליטרים,9,ליטר,false,6,39.90,4.43,true,1,7290000136752
7290000136769,false,שיישית פפסי,פפסי Pepsi,,שיישית פפסי,ליטרים,9,ליטר,false,6,41.90,4.66,true,1,7290000136769
7290000136776,false,שיישית פפסי מקס,פפסי Pepsi,,שיישית פפסי מקס,ליטרים,9,ליטר,false,6,37.90,4.21,true,1,7290000136776
7290000136783,false,שיישית מירנדה,מירינדה Mirinda,,שיישית מירנדה,ליטרים,9,ליטר,false,6,42.90,4.77,true,1,7290000136783
7290000136790,false,שיישית מי סודה,טמפו,,שיישית מי סודה,ליטרים,9,ליטר,false,6,16.70,1.86,true,1,7290000136790
7290000136806,false,גזוז בטעם למון ליים עדין- מארז 4 יח',טמפו,,גזוז בטעם למון ליים עדין- מארז 4 יח',ליטרים,6,ליטר,false,4,12.80,2.85,true,1,7290000136806
7290000136813,false,גזוז בנגיעות טעם אננס - מארז 4 יחידות,טמפו,,גזוז בנגיעות טעם אננס - מארז 4 יחידות,ליטרים,6,ליטר,false,4,12.80,2.85,true,1,7290000136813
7290000136837,false,גזוז בנגיעות טעם אפרסק - מארז רביעייה,טמפו,,גזוז בנגיעות טעם אפרסק - מארז רביעייה,ליטרים,6,ליטר,false,4,12.80,2.85,true,1,7290000136837
7290000136844,false,מארז מים מזוככים אקווה נובה שישיית 2 ליטר,אקווה נובה Aqua Nova,,מארז מים מזוככים אקווה נובה שישיית 2 ליטר,ליטרים,12,ליטר,false,6,11.70,0.98,true,1,7290000136844
7290000136868,false,שישיית מים מינרלים סאן בנדטו,סאן בנדטו San Benedetto,,שישיית מים מינרלים סאן בנדטו,ליטרים,9,ליטר,false,6,17.90,2.28,true,1,7290000136868
7290000136875,false,שישיית מים מוגזים,סאן בנדטו San Benedetto,,שישיית מים מוגזים,ליטרים,9,ליטר,false,6,18.90,2.30,true,1,7290000136875
7290000211169,false,אורז תאילנדי,סוגת,,אורז תאילנדי,קילוגרמים,1,"ק""ג",false,0,6.90,6.90,true,1,7290000211169
7290000253374,false,מיני שוקולד צ'יפס - נטיפי שוקולד מריר,אופנהיימר,,מיני שוקולד צ'יפס - נטיפי שוקולד מריר,גרמים,250,100 גרם,false,0,14.90,5.96,true,1,7290000253374
7290000289236,false,K3 נמלים פיתיון ג'ל - קוטל נמלים בבית ובחצר,סנו,,K3 נמלים פיתיון ג'ל - קוטל נמלים בבית ובחצר,גרמים,12,100 גרם,false,0,49.90,415.83,true,1,7290000289236
7290000292007,false,K3 פיתיון ג'ל קוטל תיקנים (ג'וקים) בבית ובחצר,סנו,,K3 פיתיון ג'ל קוטל תיקנים (ג'וקים) בבית ובחצר,גרמים,10,100 גרם,false,0,49.90,499.00,true,1,7290000292007
7290000319063,false,כתף בקר מפולפל,יחיעם,,כתף בקר מפולפל,גרמים,150,100 גרם,false,0,22.90,15.27,true,1,7290000319063
7290000339849,false,משחת קלין להדחת כלים ולניקיון כללי בניחוח סמדר,סיף Cif,,משחת קלין להדחת כלים ולניקיון כללי בניחוח סמדר,קילוגרמים,4,"ק""ג",false,0,31.90,9.11,true,1,7290000339849
7290000453200,false,בלילה להכנת פנקייק עם רכיבים ביתיים,שמרית,,בלילה להכנת פנקייק עם רכיבים ביתיים,גרמים,750,100 גרם,false,0,21.90,2.92,true,1,7290000453200
7290000453309,false,בצק פיצה ללא גלוטן,תמי,,בצק פיצה ללא גלוטן,גרמים,230,100 גרם,false,0,19.90,8.65,true,1,7290000453309
7290000453316,false,בצק עלים מצונן ללא גלוטן,תמי,,בצק עלים מצונן ללא גלוטן,גרמים,280,100 גרם,false,0,19.90,7.11,true,1,7290000453316
7290000453408,false,בצק לפיצה מצונן ומרודד מוכן לאפיה,שמרית,,בצק לפיצה מצונן ומרודד מוכן לאפיה,גרמים,415,100 גרם,false,0,14.90,3.59,true,1,7290000453408
7290000453415,false,בצק עלים מצונן ומרודד מוכן לאפיה,שמרית,,בצק עלים מצונן ומרודד מוכן לאפיה,גרמים,300,100 גרם,false,0,14.90,4.97,true,1,7290000453415
7290000453422,false,בצק פילו מצונן ומרודד מוכן לאפיה,שמרית,,בצק פילו מצונן ומרודד מוכן לאפיה,גרמים,300,100 גרם,false,0,14.90,4.97,true,1,7290000453422
7290000453446,false,פיצה קראסט בצק שמרים מצונן להכנת פיצה ופוקצ'ה,שמרית,,פיצה קראסט בצק שמרים מצונן להכנת פיצה ופוקצ'ה,גרמים,500,100 גרם,false,0,14.90,3.58,true,1,7290000453446
7290000462981,false,זחוק תמני חריף אש,זהבי הכרם,,זחוק תמני חריף אש,גרמים,150,100 גרם,false,0,7.90,5.27,true,1,7290000462981
7290000518336,false,ממתק צמר גפן מתוק מסיבים תזונתיים,MOOOSH,,ממתק צמר גפן מתוק מסיבים תזונתיים,גרמים,10,100 גרם,false,0,4.90,49.00,true,1,7290000518336
7290000571928,false,"יוגורמה כבשים עם גרעינים, אגוזים וחמוציות ממותקות",המחלבה מבית יצחק,,"יוגורמה כבשים עם גרעינים, אגוזים וחמוציות ממותקות",גרמים,142,100 גרם,false,0,5.90,4.15,true,1,7290000571928
7290000571935,false,יוגורמה כבשים עם גרנולה מתוקה,המחלבה מבית יצחק,,יוגורמה כבשים עם גרנולה מתוקה,גרמים,142,100 גרם,false,0,5.90,4.15,true,1,7290000571935
7290000572802,false,טחינה משומשום מלא אורגנית,אחוה,,טחינה משומשום מלא אורגנית,גרמים,500,100 גרם,false,0,12.90,2.58,true,1,7290000572802
7290001052549,false,חטיפי כרובית בציפוי פריך,חמים וטעים,,חטיפי כרובית בציפוי פריך,גרמים,500,100 גרם,false,0,27.90,5.58,true,1,7290001052549
7290001052556,false,חטיפי ברוקולי בציפוי פריך,חמים וטעים,,חטיפי ברוקולי בציפוי פריך,גרמים,500,100 גרם,false,0,27.90,5.58,true,1,7290001052556
7290001052563,false,קציצות כרובית וברוקולי,חמים וטעים,,קציצות כרובית וברוקולי,גרמים,500,100 גרם,false,0,27.90,5.58,true,1,7290001052563
7290001070826,false,ספריי שקוף להגנה SPF 50 אריזת חיסכון 50% יותר,פרפקט Perfect,,ספריי שקוף להגנה SPF 50 אריזת חיסכון 50% יותר,מליליטרים,300,"100 מ""ל",false,0,24.90,13.30,true,1,7290001070826
7290001070840,false,תחליב To-Go להגנה מקרני שמש SPF 50,פרפקט Perfect,,תחליב To-Go להגנה מקרני שמש SPF 50,מליליטרים,75,"100 מ""ל",false,0,9.90,19.87,true,1,7290001070840
7290001072554,false,דאודורנט ספריי גוף לגבר ICE,פרפקט Perfect,,דאודורנט ספריי גוף לגבר ICE,מליליטרים,150,"100 מ""ל",false,0,14.90,9.93,true,1,7290001072554
7290001072561,false,דאודורנט ספריי גוף לגבר FLAME,פרפקט Perfect,,דאודורנט ספריי גוף לגבר FLAME,מליליטרים,150,"100 מ""ל",false,0,14.90,9.93,true,1,7290001072561
7290001072578,false,דאודורנט ספריי גוף לגבר SPORT,פרפקט Perfect,,דאודורנט ספריי גוף לגבר SPORT,מליליטרים,150,"100 מ""ל",false,0,14.90,9.93,true,1,7290001072578
7290001072585,false,דאודורנט ספריי גוף לגבר WAVE,פרפקט Perfect,,דאודורנט ספריי גוף לגבר WAVE,מליליטרים,150,"100 מ""ל",false,0,14.90,9.93,true,1,7290001072585
7290001072790,false,ג'ל גילוח לעור רגיל,פרפקט Perfect,,ג'ל גילוח לעור רגיל,מליליטרים,200,"100 מ""ל",false,0,14.90,7.45,true,1,7290001072790
7290001072806,false,ג'ל גילוח לעור רגיש,פרפקט Perfect,,ג'ל גילוח לעור רגיש,מליליטרים,200,"100 מ""ל",false,0,14.90,7.45,true,1,7290001072806
7290001186237,false,ויטמין C500 לעיסה,אלטמן,,ויטמין C500 לעיסה,יחידות,50,יחידה,false,0,64.90,1.30,true,1,7290001186237
7290001204382,false,אינוביישן Innovation קרם נגד קמטים,סבוקלם Sebocalm,,אינוביישן Innovation קרם נגד קמטים,מליליטרים,50,"100 מ""ל",false,0,159.90,319.80,true,1,7290001204382
7290001204641,false,אינוביישן סנסטיב פיטו סרום לעור גמיש במראה צעיר וזוהר,סבוקלם Sebocalm,,אינוביישן סנסטיב פיטו סרום לעור גמיש במראה צעיר וזוהר,מליליטרים,30,"100 מ""ל",false,0,159.90,533.00,true,1,7290001204641
7290001204993,false,סרום טיפוח להרגעת עור רגיש,סבוקלם Sebocalm,,סרום טיפוח להרגעת עור רגיש,מליליטרים,60,"100 מ""ל",false,0,79.90,133.17,true,1,7290001204993
7290001245521,false,ג'ל מרוכז לכביסה לבנה וצבעונית,פרפקט Perfect,,ג'ל מרוכז לכביסה לבנה וצבעונית,ליטרים,5,ליטר,false,0,31.90,6.38,true,1,7290001245521
7290001427095,false,מיץ תפוח וסלק 100% סחוט,קשת טבעי מהגולן,,מיץ תפוח וסלק 100% סחוט,מליליטרים,500,"100 מ""ל",false,0,13.90,2.78,true,1,7290001427095
7290001427118,false,מיץ תפוחים טבעי 100% סחוט,קשת טבעי מהגולן,,מיץ תפוחים טבעי 100% סחוט,מליליטרים,500,"100 מ""ל",false,0,13.90,2.78,true,1,7290001427118
7290001471272,false,פרוביוטיק פמינה - כמוסה המכילה 5 זני פרוביוטיקה,אלטמן,,פרוביוטיק פמינה - כמוסה המכילה 5 זני פרוביוטיקה,יחידות,30,יחידה,false,0,84.90,2.83,true,1,7290001471272
7290001471869,false,"ברזל פלוס - ברזל קל לעיכול, חומצה פולית, B12 וויטמין C",אלטמן,,"ברזל פלוס - ברזל קל לעיכול, חומצה פולית, B12 וויטמין C",יחידות,100,יחידה,false,0,74.90,0.75,true,1,7290001471869
7290001670255,false,"כוסות קרטון 210 מ""ל",הנמל,,"כוסות קרטון 210 מ""ל",יחידות,50,יחידה,false,0,9.90,0.20,true,1,7290001670255
7290001692417,false,חמימיק כרית רב פעמית לחימום במיקרו,TAMAR,,חמימיק כרית רב פעמית לחימום במיקרו,,0,,false,0,89.90,0.00,true,1,7290001692417
7290001697207,false,פלוטון סירופ להקלה בתוספת אכיניציאה,סופהרב,,פלוטון סירופ להקלה בתוספת אכיניציאה,מליליטרים,150,"100 מ""ל",false,0,49.90,33.27,true,1,7290001697207
7290001697658,false,ביו פלוס פרוביוטיקה,סופהרב,,ביו פלוס פרוביוטיקה,יחידות,60,יחידה,false,0,84.90,1.42,true,1,7290001697658
7290001943496,false,CURCUMIN MP30 כורכומין,תרימוורה,,CURCUMIN MP30 כורכומין,יחידות,60,יחידה,false,0,99.90,1.67,true,1,7290001943496
7290001943700,false,פול-מאג 600 כמוסות מגנזיום ביסגליצינט,תרימוורה,,פול-מאג 600 כמוסות מגנזיום ביסגליצינט,יחידות,60,יחידה,false,0,79.90,1.33,true,1,7290001943700
7290001983454,false,טוסטר לחיצה 2 נירוסטה סטיל,המילטון Hemilton,,טוסטר לחיצה 2 נירוסטה סטיל,,0,,false,0,149.90,0.00,true,1,7290001983454
7290002026587,false,וופל בלגי חם מהמקפיא,בראנץ' אנד קראנץ Brunch& Crunch,,וופל בלגי חם מהמקפיא,גרמים,220,100 גרם,false,0,15.90,7.23,true,1,7290002026587
7290002077725,false,סלמון מעושן,וי קינג V King,,סלמון מעושן,גרמים,100,100 גרם,false,0,19.90,19.90,true,1,7290002077725
7290002157953,false,מארז נתחי טונה בהירה בשמן קנולה - 4 יחידות,ויליגר,,מארז נתחי טונה בהירה בשמן קנולה - 4 יחידות,גרמים,560,100 גרם,false,4,19.90,3.55,true,1,7290002157953
7290002380252,false,"פארמטון- כמוסות ויטמינים, מינרלים, ג'ינסנג",,,"פארמטון- כמוסות ויטמינים, מינרלים, ג'ינסנג",יחידות,100,יחידה,false,0,189.90,1.90,true,1,7290002380252
7290002448853,false,פרמיו חטיף לבבות לכלב,פרמיו Premio,,פרמיו חטיף לבבות לכלב,גרמים,100,100 גרם,false,0,14.90,14.90,true,1,7290002448853
7290002485025,false,חומוס מסעדות,סלטי שמיר,,חומוס מסעדות,גרמים,500,100 גרם,false,0,13.90,2.78,true,1,7290002485025
7290002485063,false,חומוס אבו גוש,סלטי שמיר,,חומוס אבו גוש,גרמים,500,100 גרם,false,0,13.90,2.78,true,1,7290002485063
7290002542506,false,בירה קורונה,קורונה Corona,,בירה קורונה,מליליטרים,355,"100 מ""ל",false,0,9.90,2.79,true,1,7290002542506
7290002542797,false,בקבוק בירה לף בלונד,לף Leffe,,בקבוק בירה לף בלונד,מליליטרים,330,"100 מ""ל",false,0,6.90,3.91,true,1,7290002542797
7290002542810,false,בקבוק בירה הוגרדן,הוגרדן Hoegaarden,,בקבוק בירה הוגרדן,מליליטרים,330,"100 מ""ל",false,0,6.90,4.00,true,1,7290002542810
7290002542841,false,שישיית בירה לף בלונד,לף Leffe,,שישיית בירה לף בלונד,ליטרים,2,ליטר,false,6,39.90,25.20,true,1,7290002542841
7290002627098,false,פיצה ביס עם 100% גבינה אמיתית,שלושת האופים,,פיצה ביס עם 100% גבינה אמיתית,גרמים,350,100 גרם,false,0,12.90,4.26,true,1,7290002627098
7290002627210,false,גפילטעפיש קציצות מדגי כסיף וקרפיון,דלידג,,גפילטעפיש קציצות מדגי כסיף וקרפיון,גרמים,560,100 גרם,false,0,12.90,2.30,true,1,7290002627210
7290002771326,false,קפסולות קפה עם הל - מארז 10 יח',קפה אל נח'לה,,קפסולות קפה עם הל - מארז 10 יח',גרמים,50,100 גרם,false,0,19.90,39.80,true,1,7290002771326
7290003072804,false,פסטרמה של פעם,טירת צבי,,פסטרמה של פעם,גרמים,200,100 גרם,false,0,19.90,9.95,true,1,7290003072804
7290003072811,false,נקניקיות בראטוורסט מבשר בקר והודו,טירת צבי,,נקניקיות בראטוורסט מבשר בקר והודו,גרמים,320,100 גרם,false,0,19.90,6.22,true,1,7290003072811
7290003072828,false,נקניקיות פרנקפורטר מבשר בקר,טירת צבי,,נקניקיות פרנקפורטר מבשר בקר,גרמים,320,100 גרם,false,0,19.90,6.22,true,1,7290003072828
7290003072835,false,נקניקיות קנאקוורסט,טירת צבי,,נקניקיות קנאקוורסט,גרמים,320,100 גרם,false,0,19.90,6.22,true,1,7290003072835
7290003072859,false,רוסטביף כתף בקר צלוי,טירת צבי,,רוסטביף כתף בקר צלוי,גרמים,120,100 גרם,false,0,29.90,24.92,true,1,7290003072859
7290003108268,false,קרם לחות להרגעת עור אדמומי ומגורה,סבוקלם Sebocalm,,קרם לחות להרגעת עור אדמומי ומגורה,מליליטרים,70,"100 מ""ל",false,0,79.90,114.14,true,1,7290003108268
7290003108312,false,קרם יסודי ניקוי ועדין לעור רגיש,סבוקלם Sebocalm,,קרם יסודי ניקוי ועדין לעור רגיש,מליליטרים,250,"100 מ""ל",false,0,54.90,21.96,true,1,7290003108312
7290003108619,false,שמפו נגד קשקשים,סבוקלם Sebocalm,,שמפו נגד קשקשים,מליליטרים,250,"100 מ""ל",false,0,44.90,17.96,true,1,7290003108619
7290003108626,false,קרם לחות לקרקפת,סבוקלם Sebocalm,,קרם לחות לקרקפת,מליליטרים,250,"100 מ""ל",false,0,44.90,17.96,true,1,7290003108626
7290003108633,false,קרם עשיר להזנת העור ולמניעת יובש,סבוקלם Sebocalm,,קרם עשיר להזנת העור ולמניעת יובש,מליליטרים,50,"100 מ""ל",false,0,79.90,159.80,true,1,7290003108633
7290003108640,false,קרם עיניים לחות והזנה לעור רגיש,סבוקלם Sebocalm,,קרם עיניים לחות והזנה לעור רגיש,מליליטרים,30,"100 מ""ל",false,0,79.90,266.33,true,1,7290003108640
7290003144310,false,תערבות אגוזים וחמוציות,קליית גת,,תערבות אגוזים וחמוציות,גרמים,150,100 גרם,false,0,14.90,9.93,true,1,7290003144310
7290003409976,false,בורגר מסעדות קפוא,מעדני הגליל,,בורגר מסעדות קפוא,גרמים,500,100 גרם,false,0,29.90,7.98,true,1,7290003409976
7290003441082,false,פרוביוטיק Basic - לשימוש יומיומי,אלטמן,,פרוביוטיק Basic - לשימוש יומיומי,יחידות,60,יחידה,false,0,89.90,1.50,true,1,7290003441082
7290003441488,false,"פרופולנטום פלוס - פרופוליס טהור, בתוספת אכינצאה ואבץ בטעם אפרסק",אלטמן,,"פרופולנטום פלוס - פרופוליס טהור, בתוספת אכינצאה ואבץ בטעם אפרסק",יחידות,30,יחידה,false,0,39.90,1.33,true,1,7290003441488
7290003441617,false,פרוטק - אכינצאה ופרופוליס בשילוב תמציות צמחים,אלטמן,,פרוטק - אכינצאה ופרופוליס בשילוב תמציות צמחים,מליליטרים,50,"100 מ""ל",false,0,59.90,119.80,true,1,7290003441617
7290003441716,false,פרוטק ספריי-פרופוליס איכיניצאה,אלטמן,,פרוטק ספריי-פרופוליס איכיניצאה,מליליטרים,20,"100 מ""ל",false,0,39.90,199.50,true,1,7290003441716
7290003491131,false,אל-צירות סירופ צמחי ללא תוספת סוכר,הדס,,אל-צירות סירופ צמחי ללא תוספת סוכר,מליליטרים,250,"100 מ""ל",false,0,49.90,19.96,true,1,7290003491131
7290003491148,false,רגיעון יום - פורמולה צמחית ליום שלו,הדס,,רגיעון יום - פורמולה צמחית ליום שלו,יחידות,30,יחידה,false,0,49.90,1.66,true,1,7290003491148
7290003491155,false,"חיזוקית פורטה- למבוגרים, לחיזוק ההגנה הטבעית",הדס,,"חיזוקית פורטה- למבוגרים, לחיזוק ההגנה הטבעית",יחידות,60,יחידה,false,0,59.90,1.00,true,1,7290003491155
7290003491186,false,רגיעון יום + לילה - פורמולה צמחית ליום ולילה,הדס,,רגיעון יום + לילה - פורמולה צמחית ליום ולילה,יחידות,30,יחידה,false,0,49.90,1.66,true,1,7290003491186
7290003491193,false,רגיעון לילה - פורמולה צמחית ללילה טוב,הדס,,רגיעון לילה - פורמולה צמחית ללילה טוב,יחידות,30,יחידה,false,0,49.90,1.66,true,1,7290003491193
7290003491391,false,"חיזוקית אקטיב -פרופוליס, אכיניציאה וויטמין C",הדס,,"חיזוקית אקטיב -פרופוליס, אכיניציאה וויטמין C",יחידות,60,יחידה,false,0,74.90,1.25,true,1,7290003491391
7290003491803,false,סירופ C כל יום-פקעות ורדים בטעם הדרים,הדס,,סירופ C כל יום-פקעות ורדים בטעם הדרים,מליליטרים,240,"100 מ""ל",false,0,44.90,18.71,true,1,7290003491803
7290003491827,false,חיזוקית סירופ בטעם תותי פרוטי,הדס,,חיזוקית סירופ בטעם תותי פרוטי,מליליטרים,250,"100 מ""ל",false,0,49.90,19.96,true,1,7290003491827
7290003491834,false,חיזוקית סירופ-פירות- אכיניצאה ופרופוליס,הדס,,חיזוקית סירופ-פירות- אכיניצאה ופרופוליס,מליליטרים,250,"100 מ""ל",false,0,49.90,19.96,true,1,7290003491834
7290003491919,false,די טאב'ס - ויטמין D המכיל ויטמין D3,פלוריש,,די טאב'ס - ויטמין D המכיל ויטמין D3,יחידות,90,יחידה,false,0,25.00,0.28,true,1,7290003491919
7290003578672,false,שמן חמניות מזוכך,וילי פוד,,שמן חמניות מזוכך,ליטרים,1,ליטר,false,0,11.90,11.90,true,1,7290003578672
7290003643707,false,גריסים,סוגת,,גריסים,גרמים,500,100 גרם,false,0,4.90,0.98,true,1,7290003643707
7290003643738,false,חיטה,סוגת,,חיטה,גרמים,500,100 גרם,false,0,4.90,0.98,true,1,7290003643738
7290003643752,false,עדשים ירוקות,סוגת,,עדשים ירוקות,גרמים,500,100 גרם,false,0,7.90,1.58,true,1,7290003643752
7290003643769,false,עדשים אדומות,סוגת,,עדשים אדומות,גרמים,500,100 גרם,false,0,6.90,1.38,true,1,7290003643769
7290003643806,false,שעועית לבנה,סוגת,,שעועית לבנה,גרמים,500,100 גרם,false,0,7.90,1.58,true,1,7290003643806
7290003726592,false,טופו מתובל בפסטו במרקם קלאסי,משק ויילר,,טופו מתובל בפסטו במרקם קלאסי,גרמים,300,100 גרם,false,0,12.90,4.30,true,1,7290003726592
7290003726615,false,טופו הבית במרקם קשה,משק ויילר,,טופו הבית במרקם קשה,גרמים,300,100 גרם,false,0,12.90,4.30,true,1,7290003726615
7290003726622,false,טופו קשה בטעם פיקנטי,משק ויילר,,טופו קשה בטעם פיקנטי,גרמים,300,100 גרם,false,0,12.90,4.30,true,1,7290003726622
7290003726684,false,טופו חומוס בטעם טבעי,משק ויילר,,טופו חומוס בטעם טבעי,גרמים,300,100 גרם,false,0,9.90,4.30,true,1,7290003726684
7290003726868,false,טופו חומוס עם עגבניות מיובשות,משק ויילר,,טופו חומוס עם עגבניות מיובשות,גרמים,300,100 גרם,false,0,9.90,4.30,true,1,7290003726868
7290003726875,false,טופו חומוס עם פסטו,משק ויילר,,טופו חומוס עם פסטו,גרמים,300,100 גרם,false,0,9.90,4.30,true,1,7290003726875
7290003781881,false,פנה,וילי פוד,,פנה,גרמים,500,100 גרם,false,0,4.90,0.98,true,1,7290003781881
7290003781904,false,ספגטי,וילי פוד,,ספגטי,גרמים,500,100 גרם,false,0,4.90,0.98,true,1,7290003781904
7290003781959,false,פוזילי,וילי פוד,,פוזילי,גרמים,500,100 גרם,false,0,4.90,0.98,true,1,7290003781959
7290003935130,false,"אלספה כמוסות 300 מ""ג אומגה 3",אלטמן,,"אלספה כמוסות 300 מ""ג אומגה 3",יחידות,130,יחידה,false,0,59.90,0.46,true,1,7290003935130
7290003936786,false,לקטזין - אנזים לקטאז,אלטמן,,לקטזין - אנזים לקטאז,יחידות,60,יחידה,false,0,109.90,1.83,true,1,7290003936786
7290003976522,false,ג'ל כביסה מרוכז בניחוח פרחים,פרפקט Perfect,,ג'ל כביסה מרוכז בניחוח פרחים,ליטרים,5,ליטר,false,0,31.90,6.38,true,1,7290003976522
7290004033705,false,הבורגריה – 6 לחמניות המבורגר בשקית,ברמן,,הבורגריה – 6 לחמניות המבורגר בשקית,גרמים,600,100 גרם,false,0,13.50,2.25,true,1,7290004033705
7290004033712,false,לחם עננים מקמח מלא עם פרוסות עבות,ברמן,,לחם עננים מקמח מלא עם פרוסות עבות,גרמים,750,100 גרם,false,0,15.50,2.07,true,1,7290004033712
7290004033729,false,לחם עננים מקמח כוסמין עם פרוסות עבות,ברמן,,לחם עננים מקמח כוסמין עם פרוסות עבות,גרמים,600,100 גרם,false,0,15.50,2.58,true,1,7290004033729
7290004033736,false,לחם עננים לבן בסגנון בריוש עם פרוסות עבות,ברמן,,לחם עננים לבן בסגנון בריוש עם פרוסות עבות,גרמים,500,100 גרם,false,0,15.50,3.10,true,1,7290004033736
7290004200930,false,זוג זיקוקים,שמחה זה אנחנו,,זוג זיקוקים,,0,,false,0,5.90,0.00,true,1,7290004200930
7290004386825,false,שעועית בגודל ענק אפויה ברוטב עגבניות -מוכן לאכילה,וילי פוד,,שעועית בגודל ענק אפויה ברוטב עגבניות -מוכן לאכילה,גרמים,420,100 גרם,false,0,9.90,2.36,true,1,7290004386825
7290004494131,false,יין דלתון קברנה סוביניון גליל,דלתון Dalton,,יין דלתון קברנה סוביניון גליל,מליליטרים,750,"100 מ""ל",false,0,59.90,7.99,true,1,7290004494131
7290004652401,false,ג'חנון ללא מרגרינה לאפייה,שף שגב,,ג'חנון ללא מרגרינה לאפייה,גרמים,650,100 גרם,false,0,19.90,3.06,true,1,7290004652401
7290004760281,false,שמן לבנדר,פיור אויל PURE OIL,,שמן לבנדר,מליליטרים,10,"100 מ""ל",false,0,29.90,299.00,true,1,7290004760281
7290004760427,false,שמן אקליפטוס,פיור אויל PURE OIL,,שמן אקליפטוס,מליליטרים,10,"100 מ""ל",false,0,22.00,249.00,true,1,7290004760427
7290004760601,false,שמן ציטרונלה,פיור אויל PURE OIL,,שמן ציטרונלה,מליליטרים,10,"100 מ""ל",false,0,29.90,299.00,true,1,7290004760601
7290004977009,false,סלט עמבה,משני,,סלט עמבה,גרמים,300,100 גרם,false,0,14.90,4.97,true,1,7290004977009
7290004977016,false,ממרח לימון,משני,,ממרח לימון,גרמים,300,100 גרם,false,0,12.90,4.30,true,1,7290004977016
7290004977023,false,סלט אבוקדו ובצל,משני,,סלט אבוקדו ובצל,גרמים,300,100 גרם,false,0,19.90,6.63,true,1,7290004977023
7290005124884,false,א-דרמה סבון דרמטולוגי ללא סבון לעור רגיש,A-DERMA א-דרמה,,א-דרמה סבון דרמטולוגי ללא סבון לעור רגיש,גרמים,100,100 גרם,false,0,34.90,34.90,true,1,7290005124884
7290005330063,false,"פלטת חימום לשבת 70*45.2 ס""מ 600W",המילטון Hemilton,,"פלטת חימום לשבת 70*45.2 ס""מ 600W",,0,,false,0,149.90,0.00,true,1,7290005330063
7290005375781,false,מיחם 30 כוסות,המילטון Hemilton,,מיחם 30 כוסות,,0,,false,0,249.90,0.00,true,1,7290005375781
7290005416033,false,יוגורט עיזים ביו 3.5%,מחלבת טל,,יוגורט עיזים ביו 3.5%,גרמים,500,100 גרם,false,0,14.90,2.98,true,1,7290005416033
7290005416262,false,יוגורט עיזים ביו עם תות 3.5%,מחלבת טל,,יוגורט עיזים ביו עם תות 3.5%,גרמים,500,100 גרם,false,0,14.90,2.98,true,1,7290005416262
7290005416279,false,יוגורט עיזים ביו עם פירות יער 3.5%,מחלבת טל,,יוגורט עיזים ביו עם פירות יער 3.5%,גרמים,500,100 גרם,false,0,14.90,2.98,true,1,7290005416279
7290005416286,false,יוגורט עיזים ביו עם אננס 3.5%,מחלבת טל,,יוגורט עיזים ביו עם אננס 3.5%,גרמים,500,100 גרם,false,0,14.90,2.98,true,1,7290005416286
7290005416293,false,יוגורט ביו מחלב עיזים עם אפרסק 3.5%,מחלבת טל,,יוגורט ביו מחלב עיזים עם אפרסק 3.5%,גרמים,500,100 גרם,false,0,14.90,2.98,true,1,7290005416293
7290005416415,false,יוגורט עיזים ביו 3.5%,מחלבת טל,,יוגורט עיזים ביו 3.5%,גרמים,200,100 גרם,false,0,5.90,2.95,true,1,7290005416415
7290005416576,false,יוגורט ביו מחלב עיזים עם פירות יער 3.5%,מחלבת טל,,יוגורט ביו מחלב עיזים עם פירות יער 3.5%,גרמים,150,100 גרם,false,0,5.90,3.93,true,1,7290005416576
7290005416583,false,יוגורט ביו מחלב עיזים עם תות 3.5%,מחלבת טל,,יוגורט ביו מחלב עיזים עם תות 3.5%,גרמים,150,100 גרם,false,0,5.90,3.93,true,1,7290005416583
7290005416590,false,יוגורט ביו מחלב עיזים עם אפרסק 3.5%,מחלבת טל,,יוגורט ביו מחלב עיזים עם אפרסק 3.5%,גרמים,150,100 גרם,false,0,5.90,3.93,true,1,7290005416590
7290005431883,false,מלבי - חלבי,עדן קינוחים Eden,,מלבי - חלבי,גרמים,165,100 גרם,false,0,5.90,3.58,true,1,7290005431883
7290005431890,false,בוואריה,עדן קינוחים Eden,,בוואריה,גרמים,95,100 גרם,false,0,5.90,6.21,true,1,7290005431890
7290005431906,false,קדאיף,עדן קינוחים Eden,,קדאיף,גרמים,82,100 גרם,false,0,5.90,7.20,true,1,7290005431906
7290005431913,false,עוגת גבינה פירורים,עדן קינוחים Eden,,עוגת גבינה פירורים,גרמים,92,100 גרם,false,0,5.90,6.41,true,1,7290005431913
7290005431920,false,עוגת גבינה פירורים ללא תוספת סוכר,עדן קינוחים Eden,,עוגת גבינה פירורים ללא תוספת סוכר,גרמים,78,100 גרם,false,0,5.90,7.56,true,1,7290005431920
7290005431937,false,טירמיסו,עדן קינוחים Eden,,טירמיסו,גרמים,82,100 גרם,false,0,5.90,7.20,true,1,7290005431937
7290005431951,false,מוס שוקולד,עדן קינוחים Eden,,מוס שוקולד,גרמים,75,100 גרם,false,0,5.90,7.87,true,1,7290005431951
7290005431968,false,מלבי שמנת,עדן קינוחים Eden,,מלבי שמנת,גרמים,150,100 גרם,false,0,6.90,4.60,true,1,7290005431968
7290005482878,false,"מכסה למיקרו 25 ס""מ",ITALPLAST,,"מכסה למיקרו 25 ס""מ",,0,,false,0,6.90,0.00,true,1,7290005482878
7290005717161,false,שמן אקליפטוס לימוני,פיור אויל PURE OIL,,שמן אקליפטוס לימוני,מליליטרים,10,"100 מ""ל",false,0,29.90,299.00,true,1,7290005717161
7290005902499,false,"מגב גומי 45 ס""מ + מקל",טירולר Tyroler,,"מגב גומי 45 ס""מ + מקל",,0,,false,0,79.90,0.00,true,1,7290005902499
7290006411303,false,דובי'ס סוכריות ג'לי רכות עם ויטמין C ואבץ,פלוריש,,דובי'ס סוכריות ג'לי רכות עם ויטמין C ואבץ,יחידות,50,יחידה,false,0,29.90,0.60,true,1,7290006411303
7290006411693,false,רגיעון טיפות טיפות צמחים ליום ולילה רגועים,הדס,,רגיעון טיפות טיפות צמחים ליום ולילה רגועים,מליליטרים,20,"100 מ""ל",false,0,49.90,249.50,true,1,7290006411693
7290006411716,false,ברזל 3 - תוסף ברזל פולימלטוז בטיפות,פלוריש,,ברזל 3 - תוסף ברזל פולימלטוז בטיפות,מליליטרים,15,"100 מ""ל",false,0,34.90,232.67,true,1,7290006411716
7290006437044,false,פרוביוטיק DIGEST,אלטמן,,פרוביוטיק DIGEST,יחידות,60,יחידה,false,0,109.90,1.83,true,1,7290006437044
7290006437198,false,לקטזין MAX - אנזים לקטאז המסייע לעיכול מוצרי חלב,אלטמן,,לקטזין MAX - אנזים לקטאז המסייע לעיכול מוצרי חלב,יחידות,60,יחידה,false,0,79.90,1.33,true,1,7290006437198
7290006437273,false,חומצה פולית-400 מק''ג,אלטמן,,חומצה פולית-400 מק''ג,יחידות,200,יחידה,false,0,59.90,0.30,true,1,7290006437273
7290006437303,false,כמוסות המכילות ויטמין E,אלטמן,,כמוסות המכילות ויטמין E,יחידות,75,יחידה,false,0,89.90,1.20,true,1,7290006437303
7290006437341,false,קרנמיקס MAX תמצית חמוציות פטנטית ויטמין C וצמחים,אלטמן,,קרנמיקס MAX תמצית חמוציות פטנטית ויטמין C וצמחים,יחידות,40,יחידה,false,0,119.90,3.00,true,1,7290006437341
7290006437372,false,ויטמין B-50,אלטמן,,ויטמין B-50,יחידות,120,יחידה,false,0,109.90,0.92,true,1,7290006437372
7290006437495,false,פרוטק כמוסות - תמציות צמחי מרפא,אלטמן,,פרוטק כמוסות - תמציות צמחי מרפא,יחידות,100,יחידה,false,0,109.90,1.10,true,1,7290006437495
7290006437563,false,"אבץ פיקולינט 25 מ""ג",אלטמן,,"אבץ פיקולינט 25 מ""ג",יחידות,100,יחידה,false,0,59.90,0.60,true,1,7290006437563
7290006488336,false,קומפלקס 1000 ESTER-C,סופהרב,,קומפלקס 1000 ESTER-C,יחידות,90,יחידה,false,0,139.90,1.55,true,1,7290006488336
7290006497758,false,Aroma Sense - שמן שקדים במארז זוג,PRIMAVERA LIFE,,Aroma Sense - שמן שקדים במארז זוג,מליליטרים,200,"100 מ""ל",false,2,49.90,24.95,true,1,7290006497758
7290006515926,false,מארז אפרול שפריץ + פרוסקו צינזנו כשר,,,מארז אפרול שפריץ + פרוסקו צינזנו כשר,מליליטרים,700,"100 מ""ל",false,0,89.90,12.84,true,1,7290006515926
7290006562906,false,פרמיו הודו וכבש לחתולים,פרמיו Premio,,פרמיו הודו וכבש לחתולים,גרמים,15,100 גרם,false,0,6.90,46.00,true,1,7290006562906
7290006666307,false,סלט חומוס אמיתי,משני,,סלט חומוס אמיתי,גרמים,300,100 גרם,false,0,12.90,4.30,true,1,7290006666307
7290006666314,false,סלט טחינה משומשום טהור,משני,,סלט טחינה משומשום טהור,גרמים,300,100 גרם,false,0,12.90,4.30,true,1,7290006666314
7290006666338,false,סלט טחינה ירוקה עם פטרוזיליה,משני,,סלט טחינה ירוקה עם פטרוזיליה,גרמים,300,100 גרם,false,0,13.90,4.63,true,1,7290006666338
7290006666345,false,סלט חצילים במיונז על האש,משני,,סלט חצילים במיונז על האש,גרמים,300,100 גרם,false,0,19.90,6.63,true,1,7290006666345
7290006666369,false,סלט חצילים יווני אמיתי על האש,משני,,סלט חצילים יווני אמיתי על האש,גרמים,300,100 גרם,false,0,19.90,6.63,true,1,7290006666369
7290006666376,false,סלט חצילים אמיתי רומני על האש,משני,,סלט חצילים אמיתי רומני על האש,גרמים,300,100 גרם,false,0,19.90,6.63,true,1,7290006666376
7290006666406,false,סלט חצילים על האש,משני,,סלט חצילים על האש,גרמים,300,100 גרם,false,0,19.90,6.63,true,1,7290006666406
7290006666413,false,סלט כרוב אדום במיונז,משני,,סלט כרוב אדום במיונז,גרמים,300,100 גרם,false,0,14.90,4.97,true,1,7290006666413
7290006666420,false,סלט כרוב קולסלאו בסגנון אמריקאי,משני,,סלט כרוב קולסלאו בסגנון אמריקאי,גרמים,300,100 גרם,false,0,14.90,4.97,true,1,7290006666420
7290006666437,false,סלט טורקי אורגינל,משני,,סלט טורקי אורגינל,גרמים,300,100 גרם,false,0,16.90,5.63,true,1,7290006666437
7290006666444,false,סלט עגבניות מטבוחה חריף,משני,,סלט עגבניות מטבוחה חריף,גרמים,300,100 גרם,false,0,19.90,6.63,true,1,7290006666444
7290006666451,false,סלט עגבניות סלסה חריף,משני,,סלט עגבניות סלסה חריף,גרמים,300,100 גרם,false,0,19.90,6.63,true,1,7290006666451
7290006666468,false,סלט גזר חריף במיץ לימון,משני,,סלט גזר חריף במיץ לימון,גרמים,300,100 גרם,false,0,19.90,6.63,true,1,7290006666468
7290006666475,false,סלט תפוחי אדמה במיונז,משני,,סלט תפוחי אדמה במיונז,גרמים,300,100 גרם,false,0,14.90,4.97,true,1,7290006666475
7290006666499,false,סלט טונה במיונז,משני,,סלט טונה במיונז,גרמים,300,100 גרם,false,0,26.90,8.97,true,1,7290006666499
7290006666529,false,סלט פלפלים מרוקאי חריף,משני,,סלט פלפלים מרוקאי חריף,גרמים,300,100 גרם,false,0,19.90,6.63,true,1,7290006666529
7290006666543,false,סלט סלק,משני,,סלט סלק,גרמים,300,100 גרם,false,0,16.90,5.63,true,1,7290006666543
7290006666574,false,חומוס מסעדות בתוספת לימון,משני,,חומוס מסעדות בתוספת לימון,גרמים,300,100 גרם,false,0,12.90,4.30,true,1,7290006666574
7290006666628,false,סלט ביצים במיונז,משני,,סלט ביצים במיונז,גרמים,300,100 גרם,false,0,29.90,9.97,true,1,7290006666628
7290006666819,false,סלט פלפל שומה,משני,,סלט פלפל שומה,גרמים,150,100 גרם,false,0,12.90,8.60,true,1,7290006666819
7290006666826,false,סחוג ירוק סלט פלפלים,משני,,סחוג ירוק סלט פלפלים,גרמים,150,100 גרם,false,0,12.90,8.60,true,1,7290006666826
7290006666833,false,סחוג אדום סלט פלפלים,משני,,סחוג אדום סלט פלפלים,גרמים,150,100 גרם,false,0,12.90,8.60,true,1,7290006666833
7290006666840,false,עריסה ביתית סלט פלפלים,משני,,עריסה ביתית סלט פלפלים,גרמים,150,100 גרם,false,0,12.90,8.60,true,1,7290006666840
7290006683748,false,מגה גלופלקס msm,אלטמן,,מגה גלופלקס msm,יחידות,210,יחידה,false,0,229.90,1.09,true,1,7290006683748
7290006693020,false,תמיסת חיטוי רב תכליתית לעדשות מגע,אלקון Alcon,,תמיסת חיטוי רב תכליתית לעדשות מגע,מליליטרים,1065,"100 מ""ל",false,3,109.90,10.32,true,1,7290006693020
7290006788481,false,דאודורנט ספריי נושם+ Sunrise כתום,קרליין Careline,,דאודורנט ספריי נושם+ Sunrise כתום,מליליטרים,200,"100 מ""ל",false,0,12.90,7.95,true,1,7290006788481
7290006855190,false,חטיף תמרים ואגוזי מלך עם בננה ללא תוספת סוכר,ברבריא Barbary,,חטיף תמרים ואגוזי מלך עם בננה ללא תוספת סוכר,גרמים,120,100 גרם,false,4,15.90,13.25,true,1,7290006855190
7290006855404,false,"ברבריא בייטס תמר מג'הול עם קשיו, שקדים ופיסטוק",ברבריא Barbary,,"ברבריא בייטס תמר מג'הול עם קשיו, שקדים ופיסטוק",גרמים,55,100 גרם,false,0,7.90,14.36,true,1,7290006855404
7290006855435,false,ברבריא בייטס תמר מג'הול עם שקדים וקקוס בטעם אננס,ברבריא Barbary,,ברבריא בייטס תמר מג'הול עם שקדים וקקוס בטעם אננס,גרמים,55,100 גרם,false,0,7.90,14.36,true,1,7290006855435
7290008013178,false,קרם לחות לאיזון עור פנים שומני עם פצעונים SPF 30,צטאפיל Cetaphil,,קרם לחות לאיזון עור פנים שומני עם פצעונים SPF 30,מליליטרים,118,"100 מ""ל",false,0,109.90,93.14,true,1,7290008013178
7290008015677,false,"קלו קוט ג'ל למניעה וטיפול בצלקות, מתאים גם לילדים",קלו קוט KELO COTE,,"קלו קוט ג'ל למניעה וטיפול בצלקות, מתאים גם לילדים",גרמים,15,100 גרם,false,0,145.90,972.67,true,1,7290008015677
7290008016209,false,"משחה להקלה מיידת בגירוי ,צריבה ותפרחת חיתולים",ORA,,"משחה להקלה מיידת בגירוי ,צריבה ותפרחת חיתולים",גרמים,85,100 גרם,false,0,24.90,29.29,true,1,7290008016209
7290008016216,false,"משחה להקלה מיידת בגירוי ,צריבה ותפרחת חיתולים",ORA,,"משחה להקלה מיידת בגירוי ,צריבה ותפרחת חיתולים",גרמים,90,100 גרם,false,0,24.90,27.67,true,1,7290008016216
7290008017138,false,מרכך רוזמרין לשיער רך וקל לסירוק לשימוש יומיומי,מורז,,מרכך רוזמרין לשיער רך וקל לסירוק לשימוש יומיומי,מליליטרים,500,"100 מ""ל",false,0,29.90,5.98,true,1,7290008017138
7290008017459,false,שמפו צמחי לטיפול בקשקשים מצמח הרוזמרין,מורז,,שמפו צמחי לטיפול בקשקשים מצמח הרוזמרין,מליליטרים,500,"100 מ""ל",false,0,39.90,7.98,true,1,7290008017459
7290008017466,false,שמפו צמחי לשיער יבש,מורז,,שמפו צמחי לשיער יבש,מליליטרים,500,"100 מ""ל",false,0,39.90,9.98,true,1,7290008017466
7290008017626,false,קרם פוליגונום למניעת שפשפות במשאבה,מורז,,קרם פוליגונום למניעת שפשפות במשאבה,מליליטרים,250,"100 מ""ל",false,0,89.90,35.96,true,1,7290008017626
7290008017718,false,כינקייר - שמפו לטיפול בכינים,מורז,,כינקייר - שמפו לטיפול בכינים,מליליטרים,500,"100 מ""ל",false,0,39.90,7.98,true,1,7290008017718
7290008017886,false,"כפתן - קרם פוליגונום לכף הרגל לעור קשה, סדוק ויבש",מורז,,"כפתן - קרם פוליגונום לכף הרגל לעור קשה, סדוק ויבש",מליליטרים,100,"100 מ""ל",false,0,39.90,39.90,true,1,7290008017886
7290008017916,false,משושת - משחת פוליגונום להגנה על עור מגורה,מורז,,משושת - משחת פוליגונום להגנה על עור מגורה,מליליטרים,50,"100 מ""ל",false,0,44.90,89.80,true,1,7290008017916
7290008017930,false,קרם פוליגונום לכפות ידיים יבשות וסדוקות,מורז,,קרם פוליגונום לכפות ידיים יבשות וסדוקות,מליליטרים,100,"100 מ""ל",false,0,39.90,39.90,true,1,7290008017930
7290008017954,false,רד סקין - קרם פוליגונום לשפשפות,מורז,,רד סקין - קרם פוליגונום לשפשפות,מליליטרים,100,"100 מ""ל",false,0,44.90,44.90,true,1,7290008017954
7290008075428,false,אפטגון ג'ל מסייע בהקלה על אפטות וכיבים בחלל הפה,תרימה,,אפטגון ג'ל מסייע בהקלה על אפטות וכיבים בחלל הפה,מליליטרים,8,"100 מ""ל",false,0,39.90,498.75,true,1,7290008075428
7290008075510,false,תרימוקסי - שמפו טיפולי לנשים,תרימוורה,,תרימוקסי - שמפו טיפולי לנשים,מליליטרים,500,"100 מ""ל",false,0,39.90,7.98,true,1,7290008075510
7290008098786,false,טפטפים שמנים לרענון הנשימה,כצט CTS,,טפטפים שמנים לרענון הנשימה,מליליטרים,10,"100 מ""ל",false,0,24.80,248.00,true,1,7290008098786
7290008103206,false,ברזל עדיף - בתוספת B12 וחומצה פולית,הדס,,ברזל עדיף - בתוספת B12 וחומצה פולית,יחידות,100,יחידה,false,0,64.90,0.65,true,1,7290008103206
7290008103367,false,ויטמין B12 בתוספת חומצה פולית,הדס,,ויטמין B12 בתוספת חומצה פולית,יחידות,120,יחידה,false,0,59.90,0.50,true,1,7290008103367
7290008110587,false,אקטי פלוס- ליכסניות מציצה בטעם דבש מנטה,פלוריש,,אקטי פלוס- ליכסניות מציצה בטעם דבש מנטה,יחידות,30,יחידה,false,0,39.90,1.33,true,1,7290008110587
7290008110686,false,"טבליות לעיסה עם ויטמין C ופקעות ורדים 200 מ""ג",פלוריש,,"טבליות לעיסה עם ויטמין C ופקעות ורדים 200 מ""ג",יחידות,100,יחידה,false,0,54.90,0.55,true,1,7290008110686
7290008110730,false,"טבליות ויטמין C לא חומצי 600 מ""ג",פלוריש,,"טבליות ויטמין C לא חומצי 600 מ""ג",יחידות,100,יחידה,false,0,64.90,0.65,true,1,7290008110730
7290008110747,false,"ויטמין סי אסטרול-1200 מ""ג ויטמין C",פלוריש,,"ויטמין סי אסטרול-1200 מ""ג ויטמין C",יחידות,60,יחידה,false,0,64.90,1.08,true,1,7290008110747
7290008110785,false,הרבליס בי-סירופ צמחים לפעוטות וילדים,פלוריש,,הרבליס בי-סירופ צמחים לפעוטות וילדים,מליליטרים,150,"100 מ""ל",false,0,29.90,19.93,true,1,7290008110785
7290008110853,false,"טבליות עם ויטמין C ופקעות ורדים 500 מ""ג",פלוריש,,"טבליות עם ויטמין C ופקעות ורדים 500 מ""ג",יחידות,100,יחידה,false,0,29.90,0.30,true,1,7290008110853
7290008110983,false,אקטי פלוס גוניור-לכסניות ללא תוספת סוכר,פלוריש,,אקטי פלוס גוניור-לכסניות ללא תוספת סוכר,יחידות,30,יחידה,false,0,39.90,1.33,true,1,7290008110983
7290008123877,false,שמן אובליפחה,שביט SHAVIT,,שמן אובליפחה,מליליטרים,50,"100 מ""ל",false,0,59.90,119.80,true,1,7290008123877
7290008141000,false,משחת ארניקה לעיסוי העור,וולדה WELEDA,,משחת ארניקה לעיסוי העור,מליליטרים,25,"100 מ""ל",false,0,54.90,219.60,true,1,7290008141000
7290008141017,false,משחת קלנדולה משחה להקלה במקרים של עור פגום,וולדה WELEDA,,משחת קלנדולה משחה להקלה במקרים של עור פגום,גרמים,25,100 גרם,false,0,54.90,219.60,true,1,7290008141017
7290008141024,false,משחת הממליס,וולדה WELEDA,,משחת הממליס,גרמים,25,100 גרם,false,0,58.90,235.60,true,1,7290008141024
7290008141048,false,ג'ל קומבודורון להרגעת עור אדמומי ומגורה,וולדה WELEDA,,ג'ל קומבודורון להרגעת עור אדמומי ומגורה,גרמים,25,100 גרם,false,0,54.90,219.60,true,1,7290008141048
7290008324007,false,יומי פרוביוטיקה - בטעם תות,אלטמן,,יומי פרוביוטיקה - בטעם תות,יחידות,40,יחידה,false,0,44.90,1.12,true,1,7290008324007
7290008324052,false,"יומי חורף - אכינצאה, סמבוק שחור, פרופוליס וויטמין C",אלטמן,,"יומי חורף - אכינצאה, סמבוק שחור, פרופוליס וויטמין C",יחידות,60,יחידה,false,0,65.90,1.10,true,1,7290008324052
7290008324083,false,"יומי ויטמין C - מכיל 60 מ""ג ויטמין C בטעם תפוז",אלטמן,,"יומי ויטמין C - מכיל 60 מ""ג ויטמין C בטעם תפוז",יחידות,100,יחידה,false,0,59.90,0.60,true,1,7290008324083
7290008408851,false,קרם בונה תלתלים ארגן לשיער,אורכידאה,,קרם בונה תלתלים ארגן לשיער,מליליטרים,500,"100 מ""ל",false,0,39.90,7.98,true,1,7290008408851
7290008533058,false,חמוציות טבעיות בתוספת ויטמין C,הדס,,חמוציות טבעיות בתוספת ויטמין C,יחידות,60,יחידה,false,0,79.90,1.33,true,1,7290008533058
7290008533331,false,טיפות אוזניים אוטיקס,פלוריש,,טיפות אוזניים אוטיקס,מליליטרים,15,"100 מ""ל",false,0,29.90,199.33,true,1,7290008533331
7290008533775,false,ג'ינקו בילובה - תמצית מרוכזת של עלי ג'ינקו,הדס,,ג'ינקו בילובה - תמצית מרוכזת של עלי ג'ינקו,יחידות,60,יחידה,false,0,89.90,1.50,true,1,7290008533775
7290008758390,false,שמפו עם שמן ארגן מרוקאי ללא מלח,אורכידאה,,שמפו עם שמן ארגן מרוקאי ללא מלח,מליליטרים,500,"100 מ""ל",false,0,49.90,9.98,true,1,7290008758390
7290008758505,false,שמן אראגן מרוקאי בריכוז גבוה,אורכידאה,,שמן אראגן מרוקאי בריכוז גבוה,מליליטרים,100,"100 מ""ל",false,0,64.90,64.90,true,1,7290008758505
7290008758642,false,מסכת שיער עם ארגן ואבץ,אורכידאה,,מסכת שיער עם ארגן ואבץ,מליליטרים,500,"100 מ""ל",false,0,64.90,12.98,true,1,7290008758642
7290008801461,false,יין הנצחון לקידוש,יקבי כרמל Carmel Winery,,יין הנצחון לקידוש,מליליטרים,750,"100 מ""ל",false,0,18.90,2.52,true,1,7290008801461
7290008803090,false,יין מרלו הסדרה האזורית גליל עליון,יקבי כרמל Carmel Winery,,יין מרלו הסדרה האזורית גליל עליון,מליליטרים,750,"100 מ""ל",false,0,54.90,7.85,true,1,7290008803090
7290008804189,false,יין קברנה סוביניון הסדרה האזורית גליל עליון,יקבי כרמל Carmel Winery,,יין קברנה סוביניון הסדרה האזורית גליל עליון,מליליטרים,750,"100 מ""ל",false,0,54.90,7.85,true,1,7290008804189
7290008968157,false,אינטימה קצף להיגיינה נשית אובלפיכה-עץ התה,קמילוטרקט,,אינטימה קצף להיגיינה נשית אובלפיכה-עץ התה,מליליטרים,200,"100 מ""ל",false,0,59.90,29.95,true,1,7290008968157
7290008968201,false,פרוקטו אובלפיכה פתילות,פרוקטו אובלפיכה,,פרוקטו אובלפיכה פתילות,יחידות,12,יחידה,false,0,59.90,4.99,true,1,7290008968201
7290008968645,false,מסכת שיער משקמת ביוטין - ארגן,קמילוטרקט,,מסכת שיער משקמת ביוטין - ארגן,מליליטרים,250,"100 מ""ל",false,0,59.90,23.96,true,1,7290008968645
7290008968744,false,שמפו FREE סרפד - רוזמרין לשיער דליל,קמילוטרקט,,שמפו FREE סרפד - רוזמרין לשיער דליל,מליליטרים,500,"100 מ""ל",false,0,79.90,15.98,true,1,7290008968744
7290008968751,false,פרוקטו אובלפיכה מגבונים לחים (מארז שלישיה),פרוקטו אובלפיכה,,פרוקטו אובלפיכה מגבונים לחים (מארז שלישיה),יחידות,120,יחידה,false,3,49.90,0.42,true,1,7290008968751
7290008968881,false,פרוקטו אובלפיכה פורטה קרם לשימוש באזור פי הטבעת,פרוקטו אובלפיכה,,פרוקטו אובלפיכה פורטה קרם לשימוש באזור פי הטבעת,גרמים,30,100 גרם,false,0,45.90,153.00,true,1,7290008968881
7290010023141,false,חליטת לימונענע ללא קפאין,ויסוצקי,,חליטת לימונענע ללא קפאין,גרמים,55,100 גרם,false,0,16.90,30.73,true,1,7290010023141
7290010023622,false,תה קלאסי עם נגיעות נענע,ויסוצקי,,תה קלאסי עם נגיעות נענע,גרמים,100,100 גרם,false,100,19.90,19.90,true,1,7290010023622
7290010023943,false,חליטה מצמח הרויבוש Red tea בטעם קינמון ווניל,ויסוצקי,,חליטה מצמח הרויבוש Red tea בטעם קינמון ווניל,גרמים,50,100 גרם,false,0,24.90,49.80,true,1,7290010023943
7290010030118,false,אומגה 3 - מארז שלישייה 180 כמוסות,סופהרב,,אומגה 3 - מארז שלישייה 180 כמוסות,יחידות,180,יחידה,false,3,89.90,0.50,true,1,7290010030118
7290010030569,false,ביו פימייל פרוביוטיקה,סופהרב,,ביו פימייל פרוביוטיקה,יחידות,60,יחידה,false,0,109.90,1.83,true,1,7290010030569
7290010035380,false,תמיסה לשטיפת פה יומיומית ללא אלכוהול,פארו paro,,תמיסה לשטיפת פה יומיומית ללא אלכוהול,מליליטרים,500,"100 מ""ל",false,0,44.90,8.98,true,1,7290010035380
7290010035618,false,סמבופלור KIDS דובוני ג'לי עם סמבוק שחור ופרהביוטיקה,פלוריש,,סמבופלור KIDS דובוני ג'לי עם סמבוק שחור ופרהביוטיקה,יחידות,50,יחידה,false,0,29.90,0.60,true,1,7290010035618
7290010035694,false,אוקסימאג מגנזיום 520,פלוריש,,אוקסימאג מגנזיום 520,יחידות,60,יחידה,false,0,39.90,0.67,true,1,7290010035694
7290010035991,false,די טאב'ס - 1000IU בריכוז מוגבר,פלוריש,,די טאב'ס - 1000IU בריכוז מוגבר,יחידות,90,יחידה,false,0,39.90,0.44,true,1,7290010035991
7290010049004,false,סירופ בטעם ענבים ללא תוספת סוכר,מרמולייט,,סירופ בטעם ענבים ללא תוספת סוכר,ליטרים,1,ליטר,false,0,19.90,19.90,true,1,7290010049004
7290010049028,false,סירופ בטעם פטל ללא תוספת סוכר,מרמולייט,,סירופ בטעם פטל ללא תוספת סוכר,ליטרים,1,ליטר,false,0,19.90,19.90,true,1,7290010049028
7290010065059,false,מחית פירות מעורבים שלב 3,פרינוק,,מחית פירות מעורבים שלב 3,גרמים,190,100 גרם,false,0,5.90,3.11,true,1,7290010065059
7290010065271,false,מחית תפוחי עץ ובננה שלב 2,פרינוק,,מחית תפוחי עץ ובננה שלב 2,גרמים,130,100 גרם,false,0,4.90,3.77,true,1,7290010065271
7290010065295,false,מחית בננה ותפוח עץ שלב 2,פרינוק,,מחית בננה ותפוח עץ שלב 2,גרמים,130,100 גרם,false,0,4.90,3.77,true,1,7290010065295
7290010065301,false,מחית סלט פירות שלב 2,פרינוק,,מחית סלט פירות שלב 2,גרמים,130,100 גרם,false,0,4.90,3.77,true,1,7290010065301
7290010065318,false,מחית תפוחי עץ שלב 3,פרינוק,,מחית תפוחי עץ שלב 3,גרמים,190,100 גרם,false,0,5.90,3.11,true,1,7290010065318
7290010065332,false,מחית בננה ותפוח עץ שלב 3,פרינוק,,מחית בננה ותפוח עץ שלב 3,גרמים,190,100 גרם,false,0,5.90,3.11,true,1,7290010065332
7290010065349,false,מחית סלט פירות שלב 3,פרינוק,,מחית סלט פירות שלב 3,גרמים,190,100 גרם,false,0,5.90,3.11,true,1,7290010065349
7290010065745,false,מחית לפתן פירות שלב 3,פרינוק,,מחית לפתן פירות שלב 3,גרמים,190,100 גרם,false,0,5.90,3.11,true,1,7290010065745
7290010116980,false,שוקולית,עלית,,שוקולית,גרמים,850,100 גרם,false,0,18.90,2.22,true,1,7290010116980
7290010117864,false,דוריטוס בטעם חריף אש,עלית,,דוריטוס בטעם חריף אש,גרמים,70,100 גרם,false,0,3.50,5.00,true,1,7290010117864
7290010117970,false,סבבה בוטנים קלויים מצופים - אריזה אישית,עלית,,סבבה בוטנים קלויים מצופים - אריזה אישית,גרמים,50,100 גרם,false,0,2.00,4.00,true,1,7290010117970
7290010118328,false,מארז תפוצ'יפס בטעם טבעי,עלית,,מארז תפוצ'יפס בטעם טבעי,גרמים,240,100 גרם,false,6,12.90,5.38,true,1,7290010118328
7290010119240,false,מארז תפוצ'יפס בטעם טבעי 12 יחידות,עלית,,מארז תפוצ'יפס בטעם טבעי 12 יחידות,גרמים,216,100 גרם,false,12,16.90,7.82,true,1,7290010119240
7290010140770,false,biotene שטיפת פה,ביוטן biotene,,biotene שטיפת פה,מליליטרים,500,"100 מ""ל",false,0,89.90,17.98,true,1,7290010140770
7290010153534,false,קמח תירס,מיה,,קמח תירס,גרמים,400,100 גרם,false,0,3.90,0.98,true,1,7290010153534
7290010153688,false,חומץ 5%,מיה,,חומץ 5%,ליטרים,1,ליטר,false,0,6.90,6.90,true,1,7290010153688
7290010153770,false,ציפוי לשניצל בטעם פיקנטי,מיה,,ציפוי לשניצל בטעם פיקנטי,גרמים,500,100 גרם,false,0,9.90,1.98,true,1,7290010153770
7290010153787,false,ציפוי לשניצל בטעם שום,מיה,,ציפוי לשניצל בטעם שום,גרמים,500,100 גרם,false,0,9.90,1.98,true,1,7290010153787
7290010153794,false,ציפוי לשניצל עם עשבי תיבול,מיה,,ציפוי לשניצל עם עשבי תיבול,גרמים,500,100 גרם,false,0,9.90,1.98,true,1,7290010153794
7290010153800,false,ציפוי לשניצל בתיבול עדין,מיה,,ציפוי לשניצל בתיבול עדין,גרמים,500,100 גרם,false,0,9.90,1.98,true,1,7290010153800
7290010153817,false,ריבת חלב בטעם קלאסי,מיה,,ריבת חלב בטעם קלאסי,גרמים,400,100 גרם,false,0,10.90,2.73,true,1,7290010153817
7290010153848,false,פפריקה מרוקאית בשמן,מיה,,פפריקה מרוקאית בשמן,גרמים,80,100 גרם,false,0,6.90,8.63,true,1,7290010153848
7290010153855,false,פפריקה מרוקאית בשמן,מיה,,פפריקה מרוקאית בשמן,גרמים,300,100 גרם,false,0,19.90,6.63,true,1,7290010153855
7290010153862,false,פלפל שחור גרוס,מיה,,פלפל שחור גרוס,גרמים,70,100 גרם,false,0,7.90,11.29,true,1,7290010153862
7290010153879,false,ריבת חלב בטעם שמנת,מיה,,ריבת חלב בטעם שמנת,גרמים,400,100 גרם,false,0,10.90,2.73,true,1,7290010153879
7290010154012,false,לימון בלאדי - סלט לימון כבוש,ביטון יוחאי,,לימון בלאדי - סלט לימון כבוש,גרמים,250,100 גרם,false,0,12.90,5.16,true,1,7290010154012
7290010154029,false,אריסה מתוקה,ביטון יוחאי,,אריסה מתוקה,גרמים,250,100 גרם,false,0,12.90,5.16,true,1,7290010154029
7290010154036,false,עמבה,ביטון יוחאי,,עמבה,גרמים,250,100 גרם,false,0,12.90,5.16,true,1,7290010154036
7290010154050,false,ממרח שיפקה כבוש חריף,ביטון יוחאי,,ממרח שיפקה כבוש חריף,גרמים,250,100 גרם,false,0,12.90,5.16,true,1,7290010154050
7290010154241,false,סלט חזרת,ביטון יוחאי,,סלט חזרת,גרמים,250,100 גרם,false,0,12.90,5.16,true,1,7290010154241
7290010154265,false,פלפל צ'ומה חריף פיקנטי,ביטון יוחאי,,פלפל צ'ומה חריף פיקנטי,גרמים,250,100 גרם,false,0,12.90,5.16,true,1,7290010154265
7290010154548,false,ממרח שום,ביטון יוחאי,,ממרח שום,גרמים,235,100 גרם,false,0,12.90,5.49,true,1,7290010154548
7290010154555,false,ממרח לימון כבוש,ביטון יוחאי,,ממרח לימון כבוש,גרמים,250,100 גרם,false,0,12.90,5.16,true,1,7290010154555
7290010154678,false,אריסה בטעם ביתי חריף פיקנטי,ביטון יוחאי,,אריסה בטעם ביתי חריף פיקנטי,גרמים,250,100 גרם,false,0,12.90,5.16,true,1,7290010154678
7290010154685,false,סלט שום כתוש,ביטון יוחאי,,סלט שום כתוש,גרמים,250,100 גרם,false,0,12.90,5.16,true,1,7290010154685
7290010175291,false,קקאו הולנדי לאפייה ולהכנת משקה,טעמן,,קקאו הולנדי לאפייה ולהכנת משקה,גרמים,500,100 גרם,false,0,19.90,3.98,true,1,7290010175291
7290010175819,false,חמאת בוטנים קלאסית,טעמן,,חמאת בוטנים קלאסית,גרמים,510,100 גרם,false,0,9.90,2.92,true,1,7290010175819
7290010175826,false,חמאת בוטנים עם שברי בוטנים,טעמן,,חמאת בוטנים עם שברי בוטנים,גרמים,510,100 גרם,false,0,9.90,2.92,true,1,7290010175826
7290010175840,false,לבבות דקל שלמים במי מלח,טעים,,לבבות דקל שלמים במי מלח,גרמים,400,100 גרם,false,0,10.90,2.73,true,1,7290010175840
7290010175857,false,פרוסות לבבות דקל במי מלח,טעים,,פרוסות לבבות דקל במי מלח,גרמים,400,100 גרם,false,0,9.90,2.48,true,1,7290010175857
7290010199891,false,אל סבון ארומטי Style Aromatherapy תה אדום,סטייל Style,,אל סבון ארומטי Style Aromatherapy תה אדום,מליליטרים,500,"100 מ""ל",false,0,8.90,1.78,true,1,7290010199891
7290010207404,false,טיפות עיניים על בסיס טבעי להקלה במצבי דלקת,נווה NAVEH,,טיפות עיניים על בסיס טבעי להקלה במצבי דלקת,מליליטרים,15,"100 מ""ל",false,0,54.90,366.00,true,1,7290010207404
7290010207411,false,Dry eye - טיפות עיניים להקלה במצבי יובש,נווה NAVEH,,Dry eye - טיפות עיניים להקלה במצבי יובש,מליליטרים,15,"100 מ""ל",false,0,54.90,366.00,true,1,7290010207411
7290010207558,false,מגנוקס נוזלי בטעם תות,Magnox,,מגנוקס נוזלי בטעם תות,מליליטרים,450,"100 מ""ל",false,0,49.90,11.09,true,1,7290010207558
7290010207640,false,כמוסות מגנזיום וויטמינים.NT L.C,נווה NAVEH,,כמוסות מגנזיום וויטמינים.NT L.C,יחידות,50,יחידה,false,0,54.90,1.10,true,1,7290010207640
7290010207886,false,"מגנוקס תוסף מגנזיום במינון 520 מ""ג",Magnox,,"מגנוקס תוסף מגנזיום במינון 520 מ""ג",יחידות,60,יחידה,false,0,69.90,1.17,true,1,7290010207886
7290010222766,false,ארומה תוש - ספריי,וולדה WELEDA,,ארומה תוש - ספריי,מליליטרים,120,"100 מ""ל",false,0,54.90,45.75,true,1,7290010222766
7290010234769,false,דאודורנט ספריי איזבלה ורוד,פנינה רוזנבלום PR,,דאודורנט ספריי איזבלה ורוד,מליליטרים,200,"100 מ""ל",false,0,15.90,7.95,true,1,7290010234769
7290010237548,false,פפסי מקס max,פפסי Pepsi,,פפסי מקס max,מליליטרים,500,"100 מ""ל",false,0,4.50,0.90,true,1,7290010237548
7290010237685,false,בירה היינקן,היינקן Heineken,,בירה היינקן,מליליטרים,330,"100 מ""ל",false,0,9.90,3.00,true,1,7290010237685
7290010237777,false,בירה שנדי בתוספת משקה לימון ליים,שנדי Shandy,,בירה שנדי בתוספת משקה לימון ליים,מליליטרים,330,"100 מ""ל",false,0,5.90,1.79,true,1,7290010237777
7290010237784,false,בירה שנדי בתוספת משקה לימון ליים - שישייה,שנדי Shandy,,בירה שנדי בתוספת משקה לימון ליים - שישייה,ליטרים,2,ליטר,false,6,29.90,17.63,true,1,7290010237784
7290010259311,false,מי קוקוס,וילי פוד,,מי קוקוס,גרמים,400,100 גרם,false,0,7.90,1.98,true,1,7290010259311
7290010259823,false,מנת השף נודלס בטעם עוף,וילי פוד,,מנת השף נודלס בטעם עוף,גרמים,70,100 גרם,false,0,4.90,7.00,true,1,7290010259823
7290010259830,false,מנת השף נודלס בסגנון סיני פיקנטי,וילי פוד,,מנת השף נודלס בסגנון סיני פיקנטי,גרמים,70,100 גרם,false,0,4.90,7.00,true,1,7290010259830
7290010259847,false,מנת השף נודלס בטעם תירס,וילי פוד,,מנת השף נודלס בטעם תירס,גרמים,70,100 גרם,false,0,4.90,7.00,true,1,7290010259847
7290010259854,false,מנת השף נודלס בטעם פטריות,וילי פוד,,מנת השף נודלס בטעם פטריות,גרמים,70,100 גרם,false,0,4.90,7.00,true,1,7290010259854
7290010259977,false,שמן קנולה מזוכך,וילי פוד,,שמן קנולה מזוכך,ליטרים,1,ליטר,false,0,9.90,9.90,true,1,7290010259977
7290010259991,false,צנימים,וילי פוד,,צנימים,גרמים,250,100 גרם,false,0,7.90,3.16,true,1,7290010259991
7290010318810,false,סידן ציטראט בתוספת ויטמין D,אלטמן,,סידן ציטראט בתוספת ויטמין D,יחידות,60,יחידה,false,0,64.90,1.08,true,1,7290010318810
7290010318940,false,פרוטק תמצית- אכיניצאה ופרופוליס,אלטמן,,פרוטק תמצית- אכיניצאה ופרופוליס,מליליטרים,100,"100 מ""ל",false,0,109.90,109.90,true,1,7290010318940
7290010328093,false,ממרח חלוה,אחוה,,ממרח חלוה,גרמים,400,100 גרם,false,0,10.90,2.73,true,1,7290010328093
7290010328505,false,חטיפי מיני חלוה ללא תוספת סוכר,אחוה,,חטיפי מיני חלוה ללא תוספת סוכר,גרמים,150,100 גרם,false,0,8.90,7.27,true,1,7290010328505
7290010328680,false,עוגה בטעם שוקולד עם שוקוצ'יפס מריר ולבן,אחוה,,עוגה בטעם שוקולד עם שוקוצ'יפס מריר ולבן,גרמים,450,100 גרם,false,0,8.90,2.20,true,1,7290010328680
7290010328734,false,ממרח טחינה עם סילאן משומשום מלא,אחוה,,ממרח טחינה עם סילאן משומשום מלא,גרמים,400,100 גרם,false,0,10.90,2.73,true,1,7290010328734
7290010328789,false,עוגה בטעם וניל,אחדות,,עוגה בטעם וניל,גרמים,350,100 גרם,false,0,6.90,1.97,true,1,7290010328789
7290010328796,false,עוגה בטעם שוקולד,אחדות,,עוגה בטעם שוקולד,גרמים,350,100 גרם,false,0,6.90,1.97,true,1,7290010328796
7290010328819,false,ממרח טחינה בטעם שוקולד משומשום מלא,אחוה,,ממרח טחינה בטעם שוקולד משומשום מלא,גרמים,400,100 גרם,false,0,10.90,2.73,true,1,7290010328819
7290010329854,false,עוגיות מיני קוקיס בטעם חמאה ללא תוספת סוכר,כרמית,,עוגיות מיני קוקיס בטעם חמאה ללא תוספת סוכר,גרמים,600,100 גרם,false,0,18.90,3.15,true,1,7290010329854
7290010378074,false,תרחיץ פנים טיפולי,אקניל,,תרחיץ פנים טיפולי,מליליטרים,150,"100 מ""ל",false,0,69.90,46.60,true,1,7290010378074
7290010429554,false,שמן זית כתית מעולה קלאסי 2,יד מרדכי,,שמן זית כתית מעולה קלאסי 2,מליליטרים,750,"100 מ""ל",false,0,33.90,4.52,true,1,7290010429554
7290010471669,false,יוגורט תות עם קורנפלקס מצופה שוקולד ללא גלוטן 3.9%,דנונה - שטראוס,,יוגורט תות עם קורנפלקס מצופה שוקולד ללא גלוטן 3.9%,גרמים,175,100 גרם,false,0,4.50,2.57,true,1,7290010471669
7290010472307,false,מארז 8 יחידות משקה גמדים בטעם תות בננה,שטראוס,,מארז 8 יחידות משקה גמדים בטעם תות בננה,גרמים,864,100 גרם,false,8,18.90,2.19,true,1,7290010472307
7290010472390,false,מארז 8 יחידות מעדן דני בטעם שוקולד 1.5%,שטראוס,,מארז 8 יחידות מעדן דני בטעם שוקולד 1.5%,גרמים,1000,100 גרם,false,8,15.90,1.59,true,1,7290010472390
7290010548514,false,עשבי תיבול לבישול איטלקי,דורות,,עשבי תיבול לבישול איטלקי,גרמים,70,100 גרם,false,0,9.90,14.14,true,1,7290010548514
7290010561360,false,באגט EXTRA קמח טף ללא גלוטן,ברילי Barili,,באגט EXTRA קמח טף ללא גלוטן,גרמים,360,100 גרם,false,0,17.90,4.97,true,1,7290010561360
7290010561407,false,לחם פרוס EXTRA ויטמינים ומינרלים ללא גלוטן,ברילי Barili,,לחם פרוס EXTRA ויטמינים ומינרלים ללא גלוטן,גרמים,500,100 גרם,false,0,19.90,3.98,true,1,7290010561407
7290010561414,false,לחם קל EXTRA צ'יה וטף ללא גלוטן,ברילי Barili,,לחם קל EXTRA צ'יה וטף ללא גלוטן,גרמים,500,100 גרם,false,0,22.90,4.58,true,1,7290010561414
7290010561421,false,לחם כפרי EXTRA קמח טף ללא גלוטן,ברילי Barili,,לחם כפרי EXTRA קמח טף ללא גלוטן,גרמים,500,100 גרם,false,0,19.90,3.98,true,1,7290010561421
7290010561445,false,פיתות ללא גלוטן - 5 יח',ברילי Barili,,פיתות ללא גלוטן - 5 יח',גרמים,420,100 גרם,false,0,19.90,4.74,true,1,7290010561445
7290010561469,false,מאפה אצבע ללא גלוטן 330 גרם,ברילי Barili,,מאפה אצבע ללא גלוטן 330 גרם,גרמים,330,100 גרם,false,0,19.90,6.03,true,1,7290010561469
7290010561964,false,ג'בטה EXTRA קמח טף ללא גלוטן - 3 יח',ברילי Barili,,ג'בטה EXTRA קמח טף ללא גלוטן - 3 יח',גרמים,380,100 גרם,false,0,19.90,5.24,true,1,7290010561964
7290010609062,false,טרופי קש משקה בטעם ענבים- מארז 40 יח',,,טרופי קש משקה בטעם ענבים- מארז 40 יח',ליטרים,8,ליטר,false,40,49.90,6.24,true,1,7290010609062
7290010609727,false,פופס קידס חטיפי הקפאה בטעמי פירות,הדיל,,פופס קידס חטיפי הקפאה בטעמי פירות,מליליטרים,2240,"100 מ""ל",false,70,13.90,0.62,true,1,7290010609727
7290010609734,false,אייס לי משקה להקפאה בטעמי פירות - מארז 8 יח',,,אייס לי משקה להקפאה בטעמי פירות - מארז 8 יח',מליליטרים,800,"100 מ""ל",false,8,4.90,0.61,true,1,7290010609734
7290010609864,false,טרופיX משקה בטעם ענבים- מארז 40 יח',הדיל,,טרופיX משקה בטעם ענבים- מארז 40 יח',ליטרים,8,ליטר,false,40,34.90,4.36,true,1,7290010609864
7290010613892,false,תרסיס לניקוי כללי בתוספת חומץ בריח פריחה סגולה,פרפקט Perfect,,תרסיס לניקוי כללי בתוספת חומץ בריח פריחה סגולה,ליטרים,1,ליטר,false,0,12.90,12.90,true,1,7290010613892
7290010613939,false,תרסיס לניקוי כללי בתוספת אבקת סודה,פרפקט Perfect,,תרסיס לניקוי כללי בתוספת אבקת סודה,ליטרים,1,ליטר,false,0,12.90,12.90,true,1,7290010613939
7290010623013,false,עפרונות + מחק kids art - מארז 12 יח',גורי לינרו,,עפרונות + מחק kids art - מארז 12 יח',יחידות,12,יחידה,false,0,4.90,0.41,true,1,7290010623013
7290010623020,false,עפרונות צבעוניים - מארז 12 יח',גורי לינרו,,עפרונות צבעוניים - מארז 12 יח',,0,,false,0,4.90,0.00,true,1,7290010623020
7290010623037,false,עפרונות צבעוניים - מארז 24 גוונים,גורי לינרו,,עפרונות צבעוניים - מארז 24 גוונים,,0,,false,0,9.90,0.00,true,1,7290010623037
7290010623051,false,12 עפרונות ג'מבו צבעוניים,גורי לינרו,,12 עפרונות ג'מבו צבעוניים,,0,,false,0,10.90,0.00,true,1,7290010623051
7290010623068,false,צבעי פסטל - מארז 12 יח',גורי לינרו,,צבעי פסטל - מארז 12 יח',,0,,false,0,6.90,0.00,true,1,7290010623068
7290010623075,false,צבעי פסטל שמן - מארז 24 צבעים,גורי לינרו,,צבעי פסטל שמן - מארז 24 צבעים,,0,,false,0,11.90,0.00,true,1,7290010623075
7290010627004,false,טחינה גולמית ירושלים,טחינה ירושלים,,טחינה גולמית ירושלים,גרמים,500,100 גרם,false,0,12.90,2.58,true,1,7290010627004
7290010627844,false,טחינה גולמית מלאה,טחינה ירושלים,,טחינה גולמית מלאה,גרמים,500,100 גרם,false,0,12.90,2.58,true,1,7290010627844
7290010632114,false,זוג מוצצי סיליקון קריסטל 0-6 אורטודנטי קצר,טוליפס Tulips,,זוג מוצצי סיליקון קריסטל 0-6 אורטודנטי קצר,יחידות,2,יחידה,false,0,14.90,7.45,true,1,7290010632114
7290010632121,false,כוס אימון עם ידיות רכות,טוליפס Tulips,,כוס אימון עם ידיות רכות,יחידות,1,יחידה,false,0,16.90,16.90,true,1,7290010632121
7290010632343,false,מברשת לבקבוק ופיטמה,נובי Nuby,,מברשת לבקבוק ופיטמה,,0,,false,0,19.90,0.00,true,1,7290010632343
7290010632534,false,כוסות + מכסים - מארז 6 יח',נובי Nuby,,כוסות + מכסים - מארז 6 יח',יחידות,6,יחידה,false,0,27.90,4.65,true,1,7290010632534
7290010632541,false,קערות + מכסים - מארז 6 יח',נובי Nuby,,קערות + מכסים - מארז 6 יח',יחידות,6,יחידה,false,0,24.90,5.98,true,1,7290010632541
7290010650019,false,אנדיב (עולש),חוות תקוע,,אנדיב (עולש),,0,,false,0,11.90,0.00,true,1,7290010650019
7290010650033,false,בצלצלי שאלוט,חוות תקוע,,בצלצלי שאלוט,,0,,false,0,12.90,0.00,true,1,7290010650033
7290010650064,false,פטריות יער מיובשות,חוות תקוע,,פטריות יער מיובשות,,0,,false,0,7.90,0.00,true,1,7290010650064
7290010650071,false,פטריות שי-טאקי מיובשות,חוות תקוע,,פטריות שי-טאקי מיובשות,,0,,false,0,7.90,0.00,true,1,7290010650071
7290010650101,false,עגבניות מיובשות,חוות תקוע,,עגבניות מיובשות,,0,,false,0,7.90,0.00,true,1,7290010650101
7290010650224,false,פטריות מלך היער,חוות תקוע,,פטריות מלך היער,גרמים,160,100 גרם,false,0,12.90,8.06,true,1,7290010650224
7290010650354,false,שורש כורכום טרי,חוות תקוע,,שורש כורכום טרי,גרמים,120,100 גרם,false,0,11.90,9.92,true,1,7290010650354
7290010650415,false,עגבניות לחות,חוות תקוע,,עגבניות לחות,גרמים,200,100 גרם,false,0,11.90,5.95,true,1,7290010650415
7290010650828,false,פטריות שי מג'י לבנות,חוות תקוע,,פטריות שי מג'י לבנות,גרמים,150,100 גרם,false,0,9.90,6.60,true,1,7290010650828
7290010690022,false,שמיר ארוז,,,שמיר ארוז,,0,,false,0,3.90,0.00,true,1,7290010690022
7290010711031,false,מברשת אבק גדולה,מ.א. ייצור ויבוא מטליות,,מברשת אבק גדולה,,0,,false,0,11.90,0.00,true,1,7290010711031
7290010711413,false,מקל מתכת 1.5 מטר מתחבר בהברגה,,,מקל מתכת 1.5 מטר מתחבר בהברגה,,0,,false,0,8.90,0.00,true,1,7290010711413
7290010711543,false,כף אשפה עם גומי,שייני Shiny,,כף אשפה עם גומי,,0,,false,0,3.90,0.00,true,1,7290010711543
7290010711864,false,מטאטא + מקל,,,מטאטא + מקל,,0,,false,0,24.90,0.00,true,1,7290010711864
7290010711871,false,מטאטא שיער סוס,מ.א. ייצור ויבוא מטליות,,מטאטא שיער סוס,,0,,false,0,38.90,0.00,true,1,7290010711871
7290010720019,false,עשב חיטה אורגני,הקסם הירוק,,עשב חיטה אורגני,יחידות,1,יחידה,false,0,9.90,9.90,true,1,7290010720019
7290010720064,false,נבטי חמניה אורגני,הקסם הירוק,,נבטי חמניה אורגני,יחידות,1,יחידה,false,0,8.90,8.90,true,1,7290010720064
7290010720149,false,נבטי אלפלפא אורגני,הקסם הירוק,,נבטי אלפלפא אורגני,יחידות,1,יחידה,false,0,8.90,8.90,true,1,7290010720149
7290010720224,false,נבטוטים אורגני,הקסם הירוק,,נבטוטים אורגני,יחידות,1,יחידה,false,0,9.90,9.90,true,1,7290010720224
7290010748518,false,סרקל פורטה שמפו לילדים,"ד""ר פישר Dr fischer",,סרקל פורטה שמפו לילדים,מליליטרים,750,"100 מ""ל",false,0,24.90,3.32,true,1,7290010748518
7290010748525,false,סרקל פורטה מרכך לילדים,"ד""ר פישר Dr fischer",,סרקל פורטה מרכך לילדים,מליליטרים,750,"100 מ""ל",false,0,24.90,3.32,true,1,7290010748525
7290010748853,false,קרם ידיים וציפורניים sensitive לעור רגיש,"ד""ר פישר Dr fischer",,קרם ידיים וציפורניים sensitive לעור רגיש,מליליטרים,150,"100 מ""ל",false,0,11.90,10.60,true,1,7290010748853
7290010748860,false,קרם ידיים וציפורניים Intensive לעור יבש במיוחד,"ד""ר פישר Dr fischer",,קרם ידיים וציפורניים Intensive לעור יבש במיוחד,מליליטרים,150,"100 מ""ל",false,0,11.90,10.60,true,1,7290010748860
7290010748877,false,קרם גוף סנסטיב Senstive לעור רגיש,"ד""ר פישר Dr fischer",,קרם גוף סנסטיב Senstive לעור רגיש,מליליטרים,700,"100 מ""ל",false,0,32.90,4.70,true,1,7290010748877
7290010748884,false,קרם גוף אינטנסיב Intensive לעור יבש במיוחד,"ד""ר פישר Dr fischer",,קרם גוף אינטנסיב Intensive לעור יבש במיוחד,מליליטרים,700,"100 מ""ל",false,0,32.90,4.70,true,1,7290010748884
7290010748891,false,קרם גוף מולטי ויטמין Multi vitamin לעור רגיל- יבש,"ד""ר פישר Dr fischer",,קרם גוף מולטי ויטמין Multi vitamin לעור רגיל- יבש,מליליטרים,700,"100 מ""ל",false,0,32.90,4.70,true,1,7290010748891
7290010757893,false,"בורקס תפו""א ללא גלוטן פרווה - מוקפא",מאפיית אריאל,,"בורקס תפו""א ללא גלוטן פרווה - מוקפא",גרמים,500,100 גרם,false,0,19.90,3.98,true,1,7290010757893
7290010757930,false,מלאווח ללא גלוטן פרווה - מוקפא,מאפיית אריאל,,מלאווח ללא גלוטן פרווה - מוקפא,גרמים,500,100 גרם,false,0,19.90,3.98,true,1,7290010757930
7290010760688,false,בצק פילאס תורכי,שחף,,בצק פילאס תורכי,גרמים,600,100 גרם,false,0,14.90,2.48,true,1,7290010760688
7290010766185,false,רוטב לפסטה עגבניות ובזיליקום,אוליביה,,רוטב לפסטה עגבניות ובזיליקום,גרמים,420,100 גרם,false,0,12.90,3.07,true,1,7290010766185
7290010766307,false,רוטב לפסטה בולונז,אוליביה,,רוטב לפסטה בולונז,גרמים,420,100 גרם,false,0,12.90,3.07,true,1,7290010766307
7290010766697,false,רוטב שקשוקה,אוליביה,,רוטב שקשוקה,גרמים,415,100 גרם,false,0,12.90,3.11,true,1,7290010766697
7290010766734,false,רוטב פיצה,אוליביה,,רוטב פיצה,מליליטרים,415,"100 מ""ל",false,0,12.90,3.11,true,1,7290010766734
7290010766949,false,ממרח ארטישוק,אוליביה,,ממרח ארטישוק,גרמים,180,100 גרם,false,0,12.90,7.17,true,1,7290010766949
7290010766956,false,ממרח פלפלים מתוקים אדומים,אוליביה,,ממרח פלפלים מתוקים אדומים,גרמים,190,100 גרם,false,0,12.90,6.79,true,1,7290010766956
7290010770762,false,מברשת שיניים Clean and Flex מדיום,אקווה פרש Aquafresh,,מברשת שיניים Clean and Flex מדיום,יחידות,1,יחידה,false,0,4.90,4.90,true,1,7290010770762
7290010814244,false,מארז אגו שוקולד מריר,כרמית,,מארז אגו שוקולד מריר,גרמים,255,100 גרם,false,3,11.90,4.67,true,1,7290010814244
7290010814251,false,מארז אגו שוקולד חלב,כרמית,,מארז אגו שוקולד חלב,גרמים,255,100 גרם,false,3,11.90,4.67,true,1,7290010814251
7290010814268,false,מארז אגו שוקולד לבן,כרמית,,מארז אגו שוקולד לבן,גרמים,255,100 גרם,false,3,11.90,4.67,true,1,7290010814268
7290010838219,false,ממתיק על בסיס צמח הסטיביה - שקיות,סטיביה,,ממתיק על בסיס צמח הסטיביה - שקיות,יחידות,100,יחידה,false,0,25.90,0.26,true,1,7290010838219
7290010838424,false,ג'ל לניקוי מתקדם בניחוח רענן - מארז זוג,טואלט דאק Toilet Duck,,ג'ל לניקוי מתקדם בניחוח רענן - מארז זוג,מליליטרים,1500,"100 מ""ל",false,2,19.90,0.01,true,1,7290010838424
7290010838431,false,ג'ל לניקוי מתקדם בניחוח ים - מארז זוג,טואלט דאק Toilet Duck,,ג'ל לניקוי מתקדם בניחוח ים - מארז זוג,מליליטרים,1500,"100 מ""ל",false,2,19.90,0.01,true,1,7290010838431
7290010839865,false,רוטב רימונים,וילי פוד,,רוטב רימונים,גרמים,320,100 גרם,false,0,9.90,3.09,true,1,7290010839865
7290010849505,false,יין למברוסקו די לואיג'י רוסו דולצ'ה,,,יין למברוסקו די לואיג'י רוסו דולצ'ה,מליליטרים,750,"100 מ""ל",false,0,29.90,3.99,true,1,7290010849505
7290010849512,false,יין למברוסקו די לואיג'ירוזטו אמבילה,,,יין למברוסקו די לואיג'ירוזטו אמבילה,מליליטרים,750,"100 מ""ל",false,0,29.90,3.99,true,1,7290010849512
7290010849529,false,יין למברוסקו די לואיג'י ביאנקו,,,יין למברוסקו די לואיג'י ביאנקו,מליליטרים,750,"100 מ""ל",false,0,29.90,3.99,true,1,7290010849529
7290010849789,false,יין מבעבע קאווה די מארמו Cave Di Marmo,,,יין מבעבע קאווה די מארמו Cave Di Marmo,מליליטרים,750,"100 מ""ל",false,0,29.90,3.99,true,1,7290010849789
7290010883042,false,סנובון עם אפקט הקצף הפעיל בריח רענן,סנו,,סנובון עם אפקט הקצף הפעיל בריח רענן,מליליטרים,750,"100 מ""ל",false,0,9.90,1.72,true,1,7290010883042
7290010883356,false,כפפות אלוורה רב שימושיות מרופדות גדול L,סנו סושי,,כפפות אלוורה רב שימושיות מרופדות גדול L,יחידות,1,יחידה,false,0,9.90,9.90,true,1,7290010883356
7290010883363,false,כפפות אלוורה רב שימושיות מרופדות קטן S,סנו סושי,,כפפות אלוורה רב שימושיות מרופדות קטן S,יחידות,1,יחידה,false,0,9.90,9.90,true,1,7290010883363
7290010883370,false,כפפות אלוורה רב שימושיות מרופדות בינוני M,סנו סושי,,כפפות אלוורה רב שימושיות מרופדות בינוני M,יחידות,1,יחידה,false,0,9.90,9.90,true,1,7290010883370
7290010931330,false,סלט מטבוחה אחלה,אחלה - שטראוס,,סלט מטבוחה אחלה,גרמים,500,100 גרם,false,0,13.90,2.78,true,1,7290010931330
7290010945146,false,קוטג' 3%,טרה,,קוטג' 3%,גרמים,250,100 גרם,false,0,5.40,2.16,true,1,7290010945146
7290010945450,false,גבינה לבנה 3%,טרה,,גבינה לבנה 3%,גרמים,250,100 גרם,false,0,4.95,1.98,true,1,7290010945450
7290010945481,false,גבינה לבנה 5%,טרה,,גבינה לבנה 5%,גרמים,500,100 גרם,false,0,9.90,1.98,true,1,7290010945481
7290010970063,false,שמן שומשום כבישה קרה,טעמים,,שמן שומשום כבישה קרה,מליליטרים,500,"100 מ""ל",false,0,39.90,7.98,true,1,7290010970063
7290010970100,false,שמן שומשום כבישה קרה,טעמים,,שמן שומשום כבישה קרה,מליליטרים,250,"100 מ""ל",false,0,24.90,9.96,true,1,7290010970100
7290010970193,false,סילאן תמרים טבעי 100% תמרים,טעמים,,סילאן תמרים טבעי 100% תמרים,גרמים,900,100 גרם,false,0,19.90,2.21,true,1,7290010970193
7290010970216,false,חומץ בלסמי איטלקי,טעמים,,חומץ בלסמי איטלקי,מליליטרים,500,"100 מ""ל",false,0,19.90,3.98,true,1,7290010970216
7290010970223,false,חומץ בן יין אדום,טעמים,,חומץ בן יין אדום,מליליטרים,500,"100 מ""ל",false,0,10.90,2.18,true,1,7290010970223
7290010970230,false,חומץ יין עם הדרים,טעמים,,חומץ יין עם הדרים,מליליטרים,500,"100 מ""ל",false,0,10.90,2.18,true,1,7290010970230
7290010970254,false,חומץ בן יין לבן,טעמים,,חומץ בן יין לבן,מליליטרים,500,"100 מ""ל",false,0,10.90,2.18,true,1,7290010970254
7290010970261,false,חומץ תפוחי עץ,טעמים,,חומץ תפוחי עץ,מליליטרים,500,"100 מ""ל",false,0,10.90,2.18,true,1,7290010970261
7290010970520,false,תרסיס שמן קנולה בטעם חמאה,טעמים,,תרסיס שמן קנולה בטעם חמאה,גרמים,200,100 גרם,false,0,19.90,9.95,true,1,7290010970520
7290010970544,false,שמן אבוקדו בטעם מעודן,טעמים,,שמן אבוקדו בטעם מעודן,מליליטרים,500,"100 מ""ל",false,0,39.90,7.98,true,1,7290010970544
7290010970551,false,שמן אבוקדו בטעם מעודן,טעמים,,שמן אבוקדו בטעם מעודן,מליליטרים,250,"100 מ""ל",false,0,24.90,9.96,true,1,7290010970551
7290010970575,false,שמן בוטנים בכבישה קרה,טעמים,,שמן בוטנים בכבישה קרה,מליליטרים,250,"100 מ""ל",false,0,24.90,9.96,true,1,7290010970575
7290010970582,false,רוטב סויה,טעמים,,רוטב סויה,מליליטרים,350,"100 מ""ל",false,0,7.90,2.26,true,1,7290010970582
7290010970650,false,קרם מצומצם מחומץ בלסמי ממודנה,טעמים,,קרם מצומצם מחומץ בלסמי ממודנה,מליליטרים,250,"100 מ""ל",false,0,19.90,7.96,true,1,7290010970650
7290010970667,false,שמן סובין אורז,טעמים,,שמן סובין אורז,מליליטרים,500,"100 מ""ל",false,0,14.90,2.98,true,1,7290010970667
7290010970704,false,ממרח זיתים ירוקים,טעמים,,ממרח זיתים ירוקים,גרמים,180,100 גרם,false,0,12.90,7.17,true,1,7290010970704
7290010970711,false,פסטו בזיליקום א-לה ג'נובזה,טעמים,,פסטו בזיליקום א-לה ג'נובזה,גרמים,180,100 גרם,false,0,12.90,7.17,true,1,7290010970711
7290010970728,false,ממרח עגבניות מיובשות,טעמים,,ממרח עגבניות מיובשות,גרמים,180,100 גרם,false,0,12.90,7.17,true,1,7290010970728
7290010970735,false,ממרח ארטישוק,טעמים,,ממרח ארטישוק,גרמים,180,100 גרם,false,0,12.90,7.17,true,1,7290010970735
7290010970940,false,פסטו אדום,טעמים,,פסטו אדום,גרמים,180,100 גרם,false,0,12.90,7.17,true,1,7290010970940
7290011015862,false,סירופ דיאט בטעם לימונענע,פריגת,,סירופ דיאט בטעם לימונענע,מליליטרים,750,"100 מ""ל",false,0,22.90,3.05,true,1,7290011015862
7290011015985,false,סירופ דיאט בטעם אננס,פריגת,,סירופ דיאט בטעם אננס,מליליטרים,750,"100 מ""ל",false,0,22.90,3.05,true,1,7290011015985
7290011017866,false,קוקה קולה קלאסי בפחית,קוקה קולה Coca Cola,,קוקה קולה קלאסי בפחית,מליליטרים,330,"100 מ""ל",false,0,5.40,1.64,true,1,7290011017866
7290011017873,false,קוקה קולה זירו ZERO בפחית,קוקה קולה Coca Cola,,קוקה קולה זירו ZERO בפחית,מליליטרים,330,"100 מ""ל",false,0,5.40,1.64,true,1,7290011017873
7290011017880,false,דיאט קוקה קולה פחית,קוקה קולה Coca Cola,,דיאט קוקה קולה פחית,מליליטרים,330,"100 מ""ל",false,0,5.40,1.64,true,1,7290011017880
7290011018184,false,תה קר בטעם אפרסק,פיוז טי Fuze Tea,,תה קר בטעם אפרסק,מליליטרים,500,"100 מ""ל",false,0,6.90,1.38,true,1,7290011018184
7290011018443,false,פאנטה אורנג' בפחית,פאנטה Fanta,,פאנטה אורנג' בפחית,מליליטרים,330,"100 מ""ל",false,0,5.40,1.64,true,1,7290011018443
7290011018474,false,סיידר תפוחים מוגז,סומרסבי Somersby,,סיידר תפוחים מוגז,מליליטרים,330,"100 מ""ל",false,0,9.90,3.00,true,1,7290011018474
7290011018832,false,קוקה קולה קלאסי בפחית - שישייה,קוקה קולה Coca Cola,,קוקה קולה קלאסי בפחית - שישייה,ליטרים,2,ליטר,false,6,23.90,12.07,true,1,7290011018832
7290011018917,false,קוקה קולה זירו zero פחית - שישייה,קוקה קולה Coca Cola,,קוקה קולה זירו zero פחית - שישייה,ליטרים,2,ליטר,false,6,23.90,12.07,true,1,7290011018917
7290011026066,false,סרקל שמפו + מרכך לילדים לסירוק קל,"ד""ר פישר Dr fischer",,סרקל שמפו + מרכך לילדים לסירוק קל,ליטרים,1,ליטר,false,0,28.90,28.90,true,1,7290011026066
7290011026301,false,שמפו סילבר לשיער כסוף,"ד""ר פישר Dr fischer",,שמפו סילבר לשיער כסוף,מליליטרים,400,"100 מ""ל",false,0,29.90,7.48,true,1,7290011026301
7290011026523,false,שמפו לתינוק לפני השינה Senstive עם לבנדר וקמומיל,"ד""ר פישר Dr fischer",,שמפו לתינוק לפני השינה Senstive עם לבנדר וקמומיל,מליליטרים,500,"100 מ""ל",false,0,19.90,3.98,true,1,7290011026523
7290011026530,false,אל סבון לתינוק קמיל בלו סנסטיב לפני השינה,"ד""ר פישר Dr fischer",,אל סבון לתינוק קמיל בלו סנסטיב לפני השינה,גרמים,500,100 גרם,false,0,19.90,3.98,true,1,7290011026530
7290011064075,false,לאבנה אבו גוש בתוספת מסבחה,הגבינות של ניצן,,לאבנה אבו גוש בתוספת מסבחה,גרמים,200,100 גרם,false,0,12.90,6.45,true,1,7290011064075
7290011064099,false,טאפס פלפלוני שרי ממולאים במעדן גבינה,הגבינות של ניצן,,טאפס פלפלוני שרי ממולאים במעדן גבינה,גרמים,125,100 גרם,false,0,19.90,15.92,true,1,7290011064099
7290011072766,false,סטאר מערכת רחצה טורבו מסאז' 4 מצבי זרימה,ספאדיני,,סטאר מערכת רחצה טורבו מסאז' 4 מצבי זרימה,,0,,false,0,110.00,0.00,true,1,7290011072766
7290011091057,false,פפריקה מתוקה,תבליני פרג,,פפריקה מתוקה,גרמים,500,100 גרם,false,0,29.90,5.98,true,1,7290011091057
7290011091088,false,כורכום טחון,תבליני פרג,,כורכום טחון,גרמים,500,100 גרם,false,0,29.90,5.98,true,1,7290011091088
7290011091095,false,חוויג' למרק,תבליני פרג,,חוויג' למרק,גרמים,500,100 גרם,false,0,29.90,5.98,true,1,7290011091095
7290011091118,false,תבלין עוף בגריל,תבליני פרג,,תבלין עוף בגריל,גרמים,500,100 גרם,false,0,29.90,5.98,true,1,7290011091118
7290011091132,false,קארי הודי,תבליני פרג,,קארי הודי,גרמים,120,100 גרם,false,0,13.90,11.58,true,1,7290011091132
7290011091149,false,קייג'ון,תבליני פרג,,קייג'ון,גרמים,150,100 גרם,false,0,13.90,9.27,true,1,7290011091149
7290011091170,false,עלי כוסברה,תבליני פרג,,עלי כוסברה,גרמים,20,100 גרם,false,0,13.90,69.50,true,1,7290011091170
7290011091200,false,בזיליקום,תבליני פרג,,בזיליקום,גרמים,40,100 גרם,false,0,13.90,34.75,true,1,7290011091200
7290011091217,false,שמיר,תבליני פרג,,שמיר,גרמים,40,100 גרם,false,0,13.90,34.75,true,1,7290011091217
7290011091224,false,רוזמרין,תבליני פרג,,רוזמרין,גרמים,60,100 גרם,false,0,13.90,23.17,true,1,7290011091224
7290011091231,false,עלי דפנה ופלפל אנגלי,תבליני פרג,,עלי דפנה ופלפל אנגלי,גרמים,40,100 גרם,false,0,13.90,34.75,true,1,7290011091231
7290011091248,false,עלי טימין,תבליני פרג,,עלי טימין,גרמים,40,100 גרם,false,0,13.90,34.75,true,1,7290011091248
7290011091262,false,אורגנו,תבליני פרג,,אורגנו,גרמים,60,100 גרם,false,0,13.90,23.17,true,1,7290011091262
7290011091323,false,זעתר בלאדי,תבליני פרג,,זעתר בלאדי,גרמים,120,100 גרם,false,0,13.90,11.58,true,1,7290011091323
7290011091347,false,תבלין עוף בגריל,תבליני פרג,,תבלין עוף בגריל,גרמים,120,100 גרם,false,0,13.90,11.58,true,1,7290011091347
7290011091354,false,תבלין לשווארמה ופרגיות,תבליני פרג,,תבלין לשווארמה ופרגיות,גרמים,120,100 גרם,false,0,13.90,11.58,true,1,7290011091354
7290011091361,false,תבלין לדגים,תבליני פרג,,תבלין לדגים,גרמים,120,100 גרם,false,0,13.90,11.58,true,1,7290011091361
7290011091392,false,בהרט לקובה,תבליני פרג,,בהרט לקובה,גרמים,100,100 גרם,false,0,13.90,13.90,true,1,7290011091392
7290011091408,false,חוויג' למרק,תבליני פרג,,חוויג' למרק,גרמים,120,100 גרם,false,0,13.90,11.58,true,1,7290011091408
7290011091415,false,חוויג' לקפה,תבליני פרג,,חוויג' לקפה,גרמים,100,100 גרם,false,0,13.90,13.90,true,1,7290011091415
7290011091453,false,כוסברה טחונה,תבליני פרג,,כוסברה טחונה,גרמים,100,100 גרם,false,0,13.90,13.90,true,1,7290011091453
7290011091460,false,כורכום טחון,תבליני פרג,,כורכום טחון,גרמים,150,100 גרם,false,0,13.90,9.27,true,1,7290011091460
7290011091477,false,מלח לימון,תבליני פרג,,מלח לימון,גרמים,200,100 גרם,false,0,13.90,6.95,true,1,7290011091477
7290011091491,false,קינמון טחון,תבליני פרג,,קינמון טחון,גרמים,120,100 גרם,false,0,13.90,11.58,true,1,7290011091491
7290011091507,false,פלפל שחור טחון,תבליני פרג,,פלפל שחור טחון,גרמים,100,100 גרם,false,0,13.90,13.90,true,1,7290011091507
7290011091514,false,פפריקה מתוקה בשמן,תבליני פרג,,פפריקה מתוקה בשמן,גרמים,120,100 גרם,false,0,13.90,11.58,true,1,7290011091514
7290011091521,false,כמון טחון,תבליני פרג,,כמון טחון,גרמים,120,100 גרם,false,0,13.90,11.58,true,1,7290011091521
7290011091576,false,זנגביל טחון,תבליני פרג,,זנגביל טחון,גרמים,100,100 גרם,false,0,13.90,13.90,true,1,7290011091576
7290011091590,false,פפריקה חריפה,תבליני פרג,,פפריקה חריפה,גרמים,150,100 גרם,false,0,13.90,9.27,true,1,7290011091590
7290011091606,false,פפריקה מתוקה,תבליני פרג,,פפריקה מתוקה,גרמים,150,100 גרם,false,0,13.90,9.27,true,1,7290011091606
7290011091620,false,קימל טחון - כרוויה,תבליני פרג,,קימל טחון - כרוויה,גרמים,120,100 גרם,false,0,13.90,11.58,true,1,7290011091620
7290011091651,false,שום גבישי,תבליני פרג,,שום גבישי,גרמים,150,100 גרם,false,0,13.90,9.27,true,1,7290011091651
7290011091958,false,צ'ילי מקסיקני,תבליני פרג,,צ'ילי מקסיקני,גרמים,80,100 גרם,false,0,13.90,17.38,true,1,7290011091958
7290011112523,false,דאודורנט ספריי pretty you,קרליין Careline,,דאודורנט ספריי pretty you,מליליטרים,175,"100 מ""ל",false,0,19.90,11.37,true,1,7290011112523
7290011113926,false,דאודורנט ספריי טיטניום בלאק Titanium Black,טיטניום Titanium,,דאודורנט ספריי טיטניום בלאק Titanium Black,מליליטרים,180,"100 מ""ל",false,0,14.90,11.06,true,1,7290011113926
7290011115159,false,מארז סבון מוצק לחות אל סבון מועשר בלחות,נקה 7,,מארז סבון מוצק לחות אל סבון מועשר בלחות,גרמים,400,100 גרם,false,4,9.90,3.23,true,1,7290011115159
7290011115166,false,תחליב רחצה לבנדר,נקה 7,,תחליב רחצה לבנדר,ליטרים,1,ליטר,false,0,14.90,14.90,true,1,7290011115166
7290011115173,false,תחליב רחצה וניל ושקד,נקה 7,,תחליב רחצה וניל ושקד,ליטרים,1,ליטר,false,0,14.90,14.90,true,1,7290011115173
7290011115203,false,אל סבון מוצק מבושם בניחוח עדין קלאסיק - מארז רביעיה,נקה 7,,אל סבון מוצק מבושם בניחוח עדין קלאסיק - מארז רביעיה,גרמים,400,100 גרם,false,4,9.90,3.23,true,1,7290011115203
7290011115241,false,אל סבון ארומטי מוצק ורוד ורד ויסמין - מארז רביעיה,נקה 7,,אל סבון ארומטי מוצק ורוד ורד ויסמין - מארז רביעיה,גרמים,400,100 גרם,false,4,9.90,3.23,true,1,7290011115241
7290011115258,false,אל סבון מוצק מבושם בניחוח עדין קלאסיק - מארז רביעיה,נקה 7,,אל סבון מוצק מבושם בניחוח עדין קלאסיק - מארז רביעיה,גרמים,400,100 גרם,false,4,9.90,3.23,true,1,7290011115258
7290011115265,false,מארז סבון מוצק ארומה אל סבון מועשר בשמנים ארומטיים,נקה 7,,מארז סבון מוצק ארומה אל סבון מועשר בשמנים ארומטיים,גרמים,400,100 גרם,false,4,9.90,3.23,true,1,7290011115265
7290011115272,false,אל סבון מוצק מועשר בקרם לחות צמחים - מארז רביעיה,נקה 7,,אל סבון מוצק מועשר בקרם לחות צמחים - מארז רביעיה,גרמים,400,100 גרם,false,4,9.90,3.23,true,1,7290011115272
7290011115289,false,אל סבון מוצק מבושם בניחוח עדין קלאסיק - מארז רביעיה,נקה 7,,אל סבון מוצק מבושם בניחוח עדין קלאסיק - מארז רביעיה,גרמים,400,100 גרם,false,4,9.90,3.23,true,1,7290011115289
7290011115296,false,אל סבון מוצק מועשר בקרם לחות לבנדר - מארז רביעיה,נקה 7,,אל סבון מוצק מועשר בקרם לחות לבנדר - מארז רביעיה,גרמים,400,100 גרם,false,4,9.90,3.23,true,1,7290011115296
7290011115401,false,אל סבון ארומטי מוצק צהוב קמומיל - רביעייה,נקה 7,,אל סבון ארומטי מוצק צהוב קמומיל - רביעייה,גרמים,400,100 גרם,false,4,9.90,3.23,true,1,7290011115401
7290011116255,false,תחליב הגנה לתינוקות SPF 50,סקין גארד Skin Gard,,תחליב הגנה לתינוקות SPF 50,מליליטרים,125,"100 מ""ל",false,0,39.90,47.92,true,1,7290011116255
7290011126209,false,חליטת תפוח וקינמון - סיידר,ויסוצקי,,חליטת תפוח וקינמון - סיידר,גרמים,68,100 גרם,false,0,16.90,25.04,true,1,7290011126209
7290011126216,false,חליטה מצמח הרויבוש Red tea קלאסי,ויסוצקי,,חליטה מצמח הרויבוש Red tea קלאסי,גרמים,50,100 גרם,false,0,24.90,49.80,true,1,7290011126216
7290011126452,false,חליטת קמומיל ונענע,ויסוצקי,,חליטת קמומיל ונענע,גרמים,38,100 גרם,false,0,16.90,45.07,true,1,7290011126452
7290011126469,false,חליטת קמומיל ודבש,ויסוצקי,,חליטת קמומיל ודבש,גרמים,38,100 גרם,false,0,16.90,45.07,true,1,7290011126469
7290011126940,false,תה ירוק מרווה,ויסוצקי ירוק,,תה ירוק מרווה,גרמים,38,100 גרם,false,25,22.90,61.07,true,1,7290011126940
7290011126957,false,תה ירוק ארל גריי,ויסוצקי ירוק,,תה ירוק ארל גריי,גרמים,38,100 גרם,false,25,22.90,61.07,true,1,7290011126957
7290011131371,false,מוזלי קראנצ'י שקדים ואגוזים,גרין Green,,מוזלי קראנצ'י שקדים ואגוזים,גרמים,1000,100 גרם,false,0,24.90,2.49,true,1,7290011131371
7290011131395,false,מוזלי קראנצ'י 30% פירות,גרין Green,,מוזלי קראנצ'י 30% פירות,גרמים,1000,100 גרם,false,0,24.90,2.49,true,1,7290011131395
7290011131654,false,מוזלי קראנצ'י ביג מיקס עם פירות ואגוזים,גרין Green,,מוזלי קראנצ'י ביג מיקס עם פירות ואגוזים,גרמים,1000,100 גרם,false,0,24.90,2.49,true,1,7290011131654
7290011131814,false,מוזלי בתוספת חלבה,גרין Green,,מוזלי בתוספת חלבה,קילוגרמים,1,"ק""ג",false,0,24.90,24.90,true,1,7290011131814
7290011131968,false,גרנולה בתוספת שקדים ואגוזים,גרין Green,,גרנולה בתוספת שקדים ואגוזים,גרמים,1000,100 גרם,false,0,24.90,2.49,true,1,7290011131968
7290011131975,false,גרנולה בתוספת פירות מיובשים ומסוכרים,גרין Green,,גרנולה בתוספת פירות מיובשים ומסוכרים,גרמים,1000,100 גרם,false,0,24.90,2.49,true,1,7290011131975
7290011132552,false,רביעיית בירה פאולנר,פאולנר Paulaner,,רביעיית בירה פאולנר,ליטרים,1,ליטר,false,4,39.90,30.23,true,1,7290011132552
7290011133368,false,בירה שנדי בתוספת משקה תפוח - שישייה,שנדי Shandy,,בירה שנדי בתוספת משקה תפוח - שישייה,ליטרים,2,ליטר,false,6,29.90,17.63,true,1,7290011133368
7290011133375,false,בירה שנדי בתוספת משקה אפרסק - שישייה,שנדי Shandy,,בירה שנדי בתוספת משקה אפרסק - שישייה,ליטרים,2,ליטר,false,6,29.90,17.63,true,1,7290011133375
7290011133498,false,בירה שנדי בתוספת משקה תפוח,שנדי Shandy,,בירה שנדי בתוספת משקה תפוח,מליליטרים,330,"100 מ""ל",false,0,5.90,1.79,true,1,7290011133498
7290011133504,false,בירה שנדי בתוספת משקה אפרסק,שנדי Shandy,,בירה שנדי בתוספת משקה אפרסק,מליליטרים,330,"100 מ""ל",false,0,5.90,1.79,true,1,7290011133504
7290011133634,false,פפסי מקס בפחית - שישייה,פפסי Pepsi,,פפסי מקס בפחית - שישייה,ליטרים,2,ליטר,false,6,18.90,9.55,true,1,7290011133634
7290011174040,false,גזר ננסי מוקפא,פרי הגליל,,גזר ננסי מוקפא,גרמים,800,100 גרם,false,0,7.90,0.99,true,1,7290011174040
7290011174156,false,גרעיני תירס מתוק,ויטה,,גרעיני תירס מתוק,גרמים,550,100 גרם,false,0,5.90,1.07,true,1,7290011174156
7290011174163,false,גרעיני תירס מתוק,ויטה,,גרעיני תירס מתוק,גרמים,340,100 גרם,false,0,5.90,1.74,true,1,7290011174163
7290011174170,false,שעועית ירוקה חתוכה,ויטה,,שעועית ירוקה חתוכה,גרמים,550,100 גרם,false,0,6.90,1.25,true,1,7290011174170
7290011174187,false,אפונת גינה בינונית,ויטה,,אפונת גינה בינונית,גרמים,550,100 גרם,false,0,5.90,1.07,true,1,7290011174187
7290011174323,false,צ'יפס אמריקאי מוקפא,פרי הגליל,,צ'יפס אמריקאי מוקפא,קילוגרמים,2,"ק""ג",false,0,18.90,12.60,true,1,7290011174323
7290011174392,false,שעועית לבנה ברוטב עגבניות,ויטה,,שעועית לבנה ברוטב עגבניות,גרמים,580,100 גרם,false,0,6.90,1.19,true,1,7290011174392
7290011174491,false,תירס קל - מופחת קלוריות וללא תוספת סוכר,ויטה,,תירס קל - מופחת קלוריות וללא תוספת סוכר,גרמים,550,100 גרם,false,0,6.90,1.25,true,1,7290011174491
7290011174866,false,צ'יפס בטטה,פרי הגליל,,צ'יפס בטטה,גרמים,700,100 גרם,false,0,14.90,2.13,true,1,7290011174866
7290011174897,false,אפונה עדינה,פרי הגליל,,אפונה עדינה,גרמים,600,100 גרם,false,0,12.90,2.15,true,1,7290011174897
7290011174903,false,שעועית עדינה שלמה,פרי הגליל,,שעועית עדינה שלמה,גרמים,600,100 גרם,false,0,14.90,2.48,true,1,7290011174903
7290011194215,false,דניאלה מעדן גבינה ויוגורט בטעם בננה 5%,שטראוס,,דניאלה מעדן גבינה ויוגורט בטעם בננה 5%,גרמים,88,100 גרם,false,0,3.90,4.43,true,1,7290011194215
7290011194246,false,קוטג' 5%,שטראוס,,קוטג' 5%,גרמים,250,100 גרם,false,0,5.90,2.36,true,1,7290011194246
7290011210564,false,יין יוגב קברנה סוביניון פטי ורדו,בנימינה Binyamina,,יין יוגב קברנה סוביניון פטי ורדו,מליליטרים,750,"100 מ""ל",false,0,39.90,5.32,true,1,7290011210564
7290011210847,false,יין רזרב Reserve שרדונה גלבוע,בנימינה Binyamina,,יין רזרב Reserve שרדונה גלבוע,מליליטרים,750,"100 מ""ל",false,0,49.90,6.65,true,1,7290011210847
7290011223021,false,רפידות הנקה על בסיס ג'ל באריזה אישית,פרש וואנס Fresh Ones,,רפידות הנקה על בסיס ג'ל באריזה אישית,יחידות,30,יחידה,false,0,14.90,0.50,true,1,7290011223021
7290011223038,false,עלים לקרמשניט,בונמי Bonomi,,עלים לקרמשניט,גרמים,300,100 גרם,false,0,14.90,4.97,true,1,7290011223038
7290011223045,false,בישקוטים בונומי Bonomi,,,בישקוטים בונומי Bonomi,גרמים,200,100 גרם,false,0,4.90,2.45,true,1,7290011223045
7290011223205,false,ריבת חלב,,,ריבת חלב,גרמים,450,100 גרם,false,0,14.90,3.31,true,1,7290011223205
7290011223229,false,ג'ל לניקוי אסלה בניחוח טיפות טל רעננות,טואלט דאק Toilet Duck,,ג'ל לניקוי אסלה בניחוח טיפות טל רעננות,מליליטרים,55,"100 מ""ל",false,0,9.90,18.00,true,1,7290011223229
7290011223243,false,ג'ל לניקוי אסלה בניחוח לבנדר,טואלט דאק Toilet Duck,,ג'ל לניקוי אסלה בניחוח לבנדר,מליליטרים,55,"100 מ""ל",false,0,9.90,18.00,true,1,7290011223243
7290011235048,false,שיבה,יבולי הבשור,,שיבה,,0,,false,0,3.90,0.00,true,1,7290011235048
7290011235055,false,בזיליקום,יבולי הבשור,,בזיליקום,יחידות,1,יחידה,false,0,3.90,3.90,true,1,7290011235055
7290011235093,false,אורגנו ארוז,יבולי הבשור,,אורגנו ארוז,יחידות,1,יחידה,false,0,3.90,0.00,true,1,7290011235093
7290011235116,false,למון גראס,,,למון גראס,יחידות,1,יחידה,false,0,3.90,3.90,true,1,7290011235116
7290011235147,false,חמציץ,יבולי הבשור,,חמציץ,יחידות,1,יחידה,false,0,6.90,6.90,true,1,7290011235147
7290011235574,false,תרד,יבולי הבשור,,תרד,,0,,false,0,9.90,0.00,true,1,7290011235574
7290011249212,false,וופל קראנצ' במילוי בטעם לימון,עלמה,,וופל קראנצ' במילוי בטעם לימון,גרמים,200,100 גרם,false,0,2.90,1.45,true,1,7290011249212
7290011249250,false,גביעי גלידה אמריקה 24 יח',עלמה,,גביעי גלידה אמריקה 24 יח',גרמים,120,100 גרם,false,0,9.90,8.25,true,1,7290011249250
7290011249748,false,גלילי וופל במילוי קרם בטעם שוקולד,עלמה,,גלילי וופל במילוי קרם בטעם שוקולד,גרמים,100,100 גרם,false,0,2.90,2.90,true,1,7290011249748
7290011249755,false,גלילי וופל במילוי קרם בטעם אגוז,עלמה,,גלילי וופל במילוי קרם בטעם אגוז,גרמים,100,100 גרם,false,0,2.90,2.90,true,1,7290011249755
7290011250515,false,סט 4 מרקרים להדגשה,גורי לינרו,,סט 4 מרקרים להדגשה,יחידות,4,יחידה,false,0,5.90,1.48,true,1,7290011250515
7290011250522,false,סט 6 מרקרים,גורי לינרו,,סט 6 מרקרים,יחידות,6,יחידה,false,0,7.90,1.32,true,1,7290011250522
7290011250614,false,מארז 5 טושים זוהרים,גורי לינרו,,מארז 5 טושים זוהרים,,0,,false,0,5.90,0.00,true,1,7290011250614
7290011250645,false,צבעי גואש עם ראש סופג - 6 צבעים,גורי לינרו,,צבעי גואש עם ראש סופג - 6 צבעים,,0,,false,0,24.90,0.00,true,1,7290011250645
7290011254001,false,פשתן,מיה,,פשתן,גרמים,450,100 גרם,false,0,6.90,1.53,true,1,7290011254001
7290011254018,false,שעועית מש,מיה,,שעועית מש,גרמים,500,100 גרם,false,0,8.90,1.78,true,1,7290011254018
7290011254032,false,קינואה,מיה,,קינואה,גרמים,500,100 גרם,false,0,12.90,2.58,true,1,7290011254032
7290011254070,false,פלפל שחור טחון,מיה,,פלפל שחור טחון,גרמים,50,100 גרם,false,0,6.90,13.80,true,1,7290011254070
7290011254087,false,קינמון טחון,מיה,,קינמון טחון,גרמים,80,100 גרם,false,0,4.90,6.13,true,1,7290011254087
7290011254094,false,כמון טחון,מיה,,כמון טחון,גרמים,80,100 גרם,false,0,4.90,6.13,true,1,7290011254094
7290011254100,false,כורכום טחון,מיה,,כורכום טחון,גרמים,80,100 גרם,false,0,4.90,6.13,true,1,7290011254100
7290011254117,false,פפריקה מתוקה,מיה,,פפריקה מתוקה,גרמים,80,100 גרם,false,0,4.90,6.13,true,1,7290011254117
7290011254124,false,פפריקה חריפה,מיה,,פפריקה חריפה,גרמים,80,100 גרם,false,0,4.90,6.13,true,1,7290011254124
7290011254131,false,אורגנו,מיה,,אורגנו,גרמים,20,100 גרם,false,0,4.90,24.50,true,1,7290011254131
7290011254155,false,מלח לימון,מיה,,מלח לימון,גרמים,80,100 גרם,false,0,4.90,6.13,true,1,7290011254155
7290011254179,false,גריל עוף,מיה,,גריל עוף,גרמים,80,100 גרם,false,0,4.90,6.13,true,1,7290011254179
7290011254254,false,נטיפים צמקאו בטעם שוקולד,מיה,,נטיפים צמקאו בטעם שוקולד,גרמים,300,100 גרם,false,0,9.90,3.30,true,1,7290011254254
7290011254452,false,סוכריות ללא סוכר בטעם מנטה,מיה,,סוכריות ללא סוכר בטעם מנטה,גרמים,80,100 גרם,false,0,6.90,8.63,true,1,7290011254452
7290011254476,false,סוכריות ללא סוכר בטעם תפוח דובדבן,מיה,,סוכריות ללא סוכר בטעם תפוח דובדבן,גרמים,80,100 גרם,false,0,6.90,8.63,true,1,7290011254476
7290011254490,false,סוכריות ללא סוכר בטעם פירות יער,מיה,,סוכריות ללא סוכר בטעם פירות יער,גרמים,80,100 גרם,false,0,6.90,8.63,true,1,7290011254490
7290011254605,false,לקט לחמין,מיה,,לקט לחמין,גרמים,600,100 גרם,false,0,8.90,1.48,true,1,7290011254605
7290011254612,false,לקט בריאות,מיה,,לקט בריאות,גרמים,600,100 גרם,false,0,8.90,1.48,true,1,7290011254612
7290011254698,false,שמן זית כתית מעולה,מיה,,שמן זית כתית מעולה,מליליטרים,750,"100 מ""ל",false,0,29.90,3.99,true,1,7290011254698
7290011254728,false,ג'לטין טהור,מיה,,ג'לטין טהור,גרמים,25,100 גרם,false,0,8.90,35.60,true,1,7290011254728
7290011278168,false,כי-מט תרסיס משמנים טהורים להיגיינת הראש,פיור אויל PURE OIL,,כי-מט תרסיס משמנים טהורים להיגיינת הראש,מליליטרים,60,"100 מ""ל",false,0,59.90,99.83,true,1,7290011278168
7290011291068,false,תמצית ולריאן,Nutri Care נוטרי קאר,,תמצית ולריאן,מליליטרים,50,"100 מ""ל",false,0,49.90,99.80,true,1,7290011291068
7290011312381,false,פורטבלה על האש,מרינה,,פורטבלה על האש,,0,,false,0,14.90,0.00,true,1,7290011312381
7290011332020,false,אמול קלאסי שמן רחצה טיפולי לתינוק,"ד""ר פישר Dr fischer",,אמול קלאסי שמן רחצה טיפולי לתינוק,מליליטרים,500,"100 מ""ל",false,0,49.90,11.98,true,1,7290011332020
7290011332983,false,מגבונים לניקוי אף מגבונאף קמיל בלו- מארז שלישייה,"ד""ר פישר Dr fischer",,מגבונים לניקוי אף מגבונאף קמיל בלו- מארז שלישייה,יחידות,90,יחידה,false,3,19.90,0.22,true,1,7290011332983
7290011363598,false,פרוקטו מגבונים היפואלרגניים עבים,פרוקטו,,פרוקטו מגבונים היפואלרגניים עבים,יחידות,3,יחידה,false,0,39.90,13.30,true,1,7290011363598
7290011363819,false,אוטרימר - תרסיס עדין לאף ממי ים טבעיים,אוטרימר,,אוטרימר - תרסיס עדין לאף ממי ים טבעיים,מליליטרים,50,"100 מ""ל",false,0,39.90,79.80,true,1,7290011363819
7290011367756,false,מדף פינתי חד קומתי טורינו מט,ספאדיני,,מדף פינתי חד קומתי טורינו מט,,0,,false,0,59.90,0.00,true,1,7290011367756
7290011367763,false,מדף פינתי חד קומתי פחם טורינו מט,ספאדיני,,מדף פינתי חד קומתי פחם טורינו מט,,0,,false,0,69.90,0.00,true,1,7290011367763
7290011378028,false,חלבה קלאסית בטעם וניל ללא תוספת סוכר,בארכה,,חלבה קלאסית בטעם וניל ללא תוספת סוכר,גרמים,350,100 גרם,false,0,15.90,4.54,true,1,7290011378028
7290011378257,false,חטיף חלבה בטעם וניל ללא תוספת סוכר בתוספת פיסטוק ופקאן,בארכה,,חטיף חלבה בטעם וניל ללא תוספת סוכר בתוספת פיסטוק ופקאן,גרמים,120,100 גרם,false,6,9.90,8.25,true,1,7290011378257
7290011378769,false,חטיף חלבה וניל,בארכה,,חטיף חלבה וניל,גרמים,126,100 גרם,false,6,9.90,7.86,true,1,7290011378769
7290011378776,false,חטיף חלבה וניל בתוספת פיסטוק,בארכה,,חטיף חלבה וניל בתוספת פיסטוק,גרמים,120,100 גרם,false,6,9.90,8.25,true,1,7290011378776
7290011379018,false,מארז פטריות שמפיניון צמד חמד,מרינה,,מארז פטריות שמפיניון צמד חמד,,0,,false,0,14.90,0.00,true,1,7290011379018
7290011387181,false,פרוביוטיקה פמינה -כמוסות המכילות 5 זני פרוביוטיקה,אלטמן,,פרוביוטיקה פמינה -כמוסות המכילות 5 זני פרוביוטיקה,יחידות,60,יחידה,false,0,149.90,2.50,true,1,7290011387181
7290011387921,false,"סופר קיו 200-10 מ""ג",אלטמן,,"סופר קיו 200-10 מ""ג",יחידות,30,יחידה,false,0,199.90,6.66,true,1,7290011387921
7290011438142,false,משקה אייס קפה,יטבתה,,משקה אייס קפה,מליליטרים,350,"100 מ""ל",false,0,5.90,1.69,true,1,7290011438142
7290011447014,false,דייסת דגנים סלט פירות +6,מטרנה,,דייסת דגנים סלט פירות +6,גרמים,200,100 גרם,false,0,14.90,7.45,true,1,7290011447014
7290011447267,false,תרכובת מזון המשך לפעוטות שלב 1 חלבי,מטרנה,,תרכובת מזון המשך לפעוטות שלב 1 חלבי,גרמים,700,100 גרם,false,0,59.90,8.56,true,1,7290011447267
7290011447281,false,תרכובת מזון המשך לפעוטות שלב 2 חלבי,מטרנה,,תרכובת מזון המשך לפעוטות שלב 2 חלבי,גרמים,700,100 גרם,false,0,59.90,8.56,true,1,7290011447281
7290011447304,false,תרכובת מזון המשך לפעוטות שלב 3 חלבי,מטרנה,,תרכובת מזון המשך לפעוטות שלב 3 חלבי,גרמים,700,100 גרם,false,0,59.90,8.56,true,1,7290011447304
7290011447359,false,תרכובת מזון המשך לפעוטות מהדרין שלב 1,מטרנה,,תרכובת מזון המשך לפעוטות מהדרין שלב 1,גרמים,700,100 גרם,false,0,59.90,8.56,true,1,7290011447359
7290011447373,false,תרכובת מזון המשך לפעוטות מהדרין שלב 2,מטרנה,,תרכובת מזון המשך לפעוטות מהדרין שלב 2,גרמים,700,100 גרם,false,0,59.90,8.56,true,1,7290011447373
7290011473006,false,קינואה אורגנית,תבואות,,קינואה אורגנית,גרמים,500,100 גרם,false,0,15.90,3.18,true,1,7290011473006
7290011473051,false,קוואקר עבה אורגני,תבואות,,קוואקר עבה אורגני,גרמים,500,100 גרם,false,0,10.90,2.18,true,1,7290011473051
7290011473082,false,אורז בשמתי מלא אורגני,תבואות,,אורז בשמתי מלא אורגני,גרמים,500,100 גרם,false,0,12.90,2.58,true,1,7290011473082
7290011473099,false,אורז עגול מלא אורגני,תבואות,,אורז עגול מלא אורגני,גרמים,500,100 גרם,false,0,9.90,1.98,true,1,7290011473099
7290011473112,false,אורז אדום אורגני,תבואות,,אורז אדום אורגני,גרמים,500,100 גרם,false,0,14.90,2.98,true,1,7290011473112
7290011473129,false,חמניות קלופות אורגני,תבואות,,חמניות קלופות אורגני,גרמים,300,100 גרם,false,0,9.90,3.30,true,1,7290011473129
7290011473136,false,גרעיני דלעת קלופים אורגניים,תבואות,,גרעיני דלעת קלופים אורגניים,גרמים,300,100 גרם,false,0,19.90,6.63,true,1,7290011473136
7290011473143,false,קוסקוס מלא אורגני,תבואות,,קוסקוס מלא אורגני,גרמים,500,100 גרם,false,0,12.90,2.58,true,1,7290011473143
7290011473181,false,עדשים שחורות אורגניות,תבואות,,עדשים שחורות אורגניות,גרמים,500,100 גרם,false,0,14.90,2.98,true,1,7290011473181
7290011473211,false,עדשים אדומות אורגניות,תבואות,,עדשים אדומות אורגניות,גרמים,500,100 גרם,false,0,12.90,2.58,true,1,7290011473211
7290011473228,false,אפונה ירוקה אורגנית,תבואות,,אפונה ירוקה אורגנית,גרמים,500,100 גרם,false,0,10.90,2.18,true,1,7290011473228
7290011473242,false,זרעי פשתן אורגנים,תבואות,,זרעי פשתן אורגנים,גרמים,500,100 גרם,false,0,9.90,1.98,true,1,7290011473242
7290011473259,false,פשתן טחון אורגני,תבואות,,פשתן טחון אורגני,גרמים,350,100 גרם,false,0,10.90,3.11,true,1,7290011473259
7290011473266,false,אמרנט אורגני,תבואות,,אמרנט אורגני,גרמים,500,100 גרם,false,0,19.90,3.98,true,1,7290011473266
7290011473273,false,בורגול מלא אורגני,תבואות,,בורגול מלא אורגני,גרמים,500,100 גרם,false,0,9.90,1.98,true,1,7290011473273
7290011473280,false,חומוס אורגני,תבואות,,חומוס אורגני,גרמים,500,100 גרם,false,0,9.90,1.98,true,1,7290011473280
7290011473297,false,גריסי פנינה אורגני,תבואות,,גריסי פנינה אורגני,גרמים,500,100 גרם,false,0,9.90,1.98,true,1,7290011473297
7290011473310,false,פולי אזוקי אורגניים,תבואות,,פולי אזוקי אורגניים,גרמים,500,100 גרם,false,0,12.90,2.58,true,1,7290011473310
7290011473327,false,שעועית מש אורגני,תבואות,,שעועית מש אורגני,גרמים,500,100 גרם,false,0,12.90,2.58,true,1,7290011473327
7290011473334,false,שעועית לבנה אורגנית,תבואות,,שעועית לבנה אורגנית,גרמים,500,100 גרם,false,0,9.90,1.98,true,1,7290011473334
7290011473341,false,שעועית אדומה אורגנית,תבואות,,שעועית אדומה אורגנית,גרמים,500,100 גרם,false,0,11.90,2.38,true,1,7290011473341
7290011473358,false,שעועית שחורה אורגנית,תבואות,,שעועית שחורה אורגנית,גרמים,500,100 גרם,false,0,9.90,1.98,true,1,7290011473358
7290011473365,false,דוחן אורגני,תבואות,,דוחן אורגני,גרמים,500,100 גרם,false,0,9.90,1.98,true,1,7290011473365
7290011473389,false,קמח כוסמין לבן אורגני,תבואות,,קמח כוסמין לבן אורגני,גרמים,500,100 גרם,false,0,12.90,2.58,true,1,7290011473389
7290011473396,false,חיטת כוסמין אורגנית,תבואות,,חיטת כוסמין אורגנית,גרמים,500,100 גרם,false,0,9.90,1.98,true,1,7290011473396
7290011473402,false,קמח כוסמין מלא אורגני,תבואות,,קמח כוסמין מלא אורגני,גרמים,500,100 גרם,false,0,12.90,2.58,true,1,7290011473402
7290011473440,false,גריסי שיבולת שועל אורגניים,תבואות,,גריסי שיבולת שועל אורגניים,גרמים,500,100 גרם,false,0,9.90,1.98,true,1,7290011473440
7290011473464,false,סובין שיבולת שועל אורגנית,תבואות,,סובין שיבולת שועל אורגנית,גרמים,400,100 גרם,false,0,10.90,2.73,true,1,7290011473464
7290011473471,false,אורז בשמתי לבן אורגני,תבואות,,אורז בשמתי לבן אורגני,גרמים,500,100 גרם,false,0,12.90,2.58,true,1,7290011473471
7290011473488,false,קמח אורז מלא,תבואות,,קמח אורז מלא,גרמים,500,100 גרם,false,0,9.90,1.98,true,1,7290011473488
7290011473495,false,פתיתי בירה,תבואות,,פתיתי בירה,גרמים,200,100 גרם,false,0,24.90,12.45,true,1,7290011473495
7290011473525,false,אורז פרא בר,תבואות,,אורז פרא בר,גרמים,400,100 גרם,false,0,27.90,6.98,true,1,7290011473525
7290011473532,false,סוכר ענבים,תבואות,,סוכר ענבים,גרמים,500,100 גרם,false,0,9.90,1.98,true,1,7290011473532
7290011473556,false,סוכר פירות,תבואות,,סוכר פירות,גרמים,500,100 גרם,false,0,12.90,2.58,true,1,7290011473556
7290011473570,false,קמח חומוס,תבואות,,קמח חומוס,גרמים,500,100 גרם,false,0,12.90,2.58,true,1,7290011473570
7290011473587,false,נבט חיטה טבעי,תבואות,,נבט חיטה טבעי,גרמים,250,100 גרם,false,0,6.90,2.76,true,1,7290011473587
7290011473648,false,סוכר דמררה אורגני,תבואות,,סוכר דמררה אורגני,גרמים,1000,100 גרם,false,0,14.90,1.49,true,1,7290011473648
7290011473655,false,סוכר קנים אורגני,תבואות,,סוכר קנים אורגני,גרמים,1000,100 גרם,false,0,10.90,1.09,true,1,7290011473655
7290011473860,false,אבקת שמרי בירה,תבואות,,אבקת שמרי בירה,גרמים,250,100 גרם,false,0,24.90,9.96,true,1,7290011473860
7290011473891,false,עדשים צהובים אורגניים,תבואות,,עדשים צהובים אורגניים,גרמים,500,100 גרם,false,0,12.90,2.58,true,1,7290011473891
7290011473907,false,סובין חיטה,תבואות,,סובין חיטה,גרמים,200,100 גרם,false,0,4.90,2.45,true,1,7290011473907
7290011473921,false,סובין שיבולת שועל,תבואות,,סובין שיבולת שועל,גרמים,500,100 גרם,false,0,14.90,2.98,true,1,7290011473921
7290011473983,false,קדרה אורגנית,תבואות,,קדרה אורגנית,גרמים,500,100 גרם,false,0,14.90,2.98,true,1,7290011473983
7290011474010,false,קמח כוסמין לבן טבעי,תבואות,,קמח כוסמין לבן טבעי,קילוגרמים,1,"ק""ג",false,0,19.90,19.90,true,1,7290011474010
7290011474058,false,ספגטי כוסמין אורגני מלא,תבואות,,ספגטי כוסמין אורגני מלא,גרמים,500,100 גרם,false,0,18.90,3.78,true,1,7290011474058
7290011474072,false,פוזילי כוסמין אורגני מלא,תבואות,,פוזילי כוסמין אורגני מלא,גרמים,500,100 גרם,false,0,19.90,3.98,true,1,7290011474072
7290011474102,false,תערובת קטניות אורגנית למרק,תבואות,,תערובת קטניות אורגנית למרק,גרמים,500,100 גרם,false,0,14.90,2.98,true,1,7290011474102
7290011474133,false,מג'דרה אורגנית,תבואות,,מג'דרה אורגנית,גרמים,500,100 גרם,false,0,14.90,2.98,true,1,7290011474133
7290011474331,false,קמח כוסמין מלא,תבואות,,קמח כוסמין מלא,קילוגרמים,1,"ק""ג",false,0,15.90,15.90,true,1,7290011474331
7290011474362,false,קמח עדשים אורגניות,תבואות,,קמח עדשים אורגניות,גרמים,500,100 גרם,false,0,15.90,3.18,true,1,7290011474362
7290011474379,false,קמח כוסמת,תבואות,,קמח כוסמת,גרמים,500,100 גרם,false,0,12.90,2.58,true,1,7290011474379
7290011474386,false,קוואקר דק אורגני,תבואות,,קוואקר דק אורגני,גרמים,500,100 גרם,false,0,10.90,2.18,true,1,7290011474386
7290011474454,false,מיקס שעועית אורגני,תבואות,,מיקס שעועית אורגני,גרמים,500,100 גרם,false,0,12.90,2.58,true,1,7290011474454
7290011474478,false,זרעי צ'יה אורגניים,תבואות,,זרעי צ'יה אורגניים,גרמים,300,100 גרם,false,0,19.90,6.63,true,1,7290011474478
7290011474676,false,קדרה אפריקאית אורגנית,תבואות,,קדרה אפריקאית אורגנית,גרמים,500,100 גרם,false,0,14.90,2.98,true,1,7290011474676
7290011474683,false,מג'דרה קינואה אורגנית,תבואות,,מג'דרה קינואה אורגנית,גרמים,500,100 גרם,false,0,19.90,3.98,true,1,7290011474683
7290011474768,false,קמח כוסמין לבן אורגני,תבואות,,קמח כוסמין לבן אורגני,קילוגרמים,1,"ק""ג",false,0,19.90,19.90,true,1,7290011474768
7290011474898,false,סוכר קוקוס אורגני,תבואות,,סוכר קוקוס אורגני,גרמים,300,100 גרם,false,0,15.90,5.30,true,1,7290011474898
7290011489595,false,קרקר עם שומשום טופז,הדר,,קרקר עם שומשום טופז,גרמים,110,100 גרם,false,0,2.90,2.64,true,1,7290011489595
7290011489601,false,קרקר בטעם בצל טופז,הדר,,קרקר בטעם בצל טופז,גרמים,110,100 גרם,false,0,2.90,2.64,true,1,7290011489601
7290011489625,false,פתי בר ביסקויט בטעם שוקו,הדר,,פתי בר ביסקויט בטעם שוקו,גרמים,110,100 גרם,false,0,3.90,3.55,true,1,7290011489625
7290011489700,false,פירורי ביסקוויט בטעם שוקו,הדר,,פירורי ביסקוויט בטעם שוקו,גרמים,300,100 גרם,false,0,5.90,1.97,true,1,7290011489700
7290011499051,false,פטה כבשים 20%,מחלבות גד,,פטה כבשים 20%,גרמים,250,100 גרם,false,0,23.90,9.56,true,1,7290011499051
7290011499105,false,גבינה בולגרית 5%,מחלבות גד,,גבינה בולגרית 5%,גרמים,250,100 גרם,false,0,21.90,8.76,true,1,7290011499105
7290011499112,false,גבינה בולגרית 16%,מחלבות גד,,גבינה בולגרית 16%,גרמים,250,100 גרם,false,0,21.90,8.76,true,1,7290011499112
7290011499129,false,קוביות בולגרית מעודנת 5%,מחלבות גד,,קוביות בולגרית מעודנת 5%,גרמים,200,100 גרם,false,0,19.90,9.95,true,1,7290011499129
7290011499303,false,פטה עיזים מעודנת 5%,מחלבות גד,,פטה עיזים מעודנת 5%,גרמים,250,100 גרם,false,0,29.90,11.96,true,1,7290011499303
7290011499327,false,בולגרית מעודנת 5%,מחלבות גד,,בולגרית מעודנת 5%,גרמים,250,100 גרם,false,0,21.90,8.76,true,1,7290011499327
7290011499341,false,גבינת קאשקבלו 26%,מחלבות גד,,גבינת קאשקבלו 26%,גרמים,200,100 גרם,false,0,25.90,12.95,true,1,7290011499341
7290011499365,false,גבינת חלומי 24%,מחלבות גד,,גבינת חלומי 24%,גרמים,200,100 גרם,false,0,19.90,9.95,true,1,7290011499365
7290011499419,false,גבינה במרקם שמנת בטעם טבעי 5% ניו יורק,מחלבות גד,,גבינה במרקם שמנת בטעם טבעי 5% ניו יורק,גרמים,200,100 גרם,false,0,12.90,6.45,true,1,7290011499419
7290011499525,false,גבינת לאבנה דרוזית 9%,מחלבות גד,,גבינת לאבנה דרוזית 9%,גרמים,500,100 גרם,false,0,18.90,3.78,true,1,7290011499525
7290011499624,false,גבינת שמנת בטעם טבעי 30% ניו יורק,מחלבות גד,,גבינת שמנת בטעם טבעי 30% ניו יורק,גרמים,200,100 גרם,false,0,12.90,6.45,true,1,7290011499624
7290011499846,false,גבינת ריקוטה פרסקה,מחלבות גד,,גבינת ריקוטה פרסקה,גרמים,300,100 גרם,false,0,16.90,5.63,true,1,7290011499846
7290011499853,false,גבינת שמנת עם זיתים 30% ניו יורק,מחלבות גד,,גבינת שמנת עם זיתים 30% ניו יורק,גרמים,200,100 גרם,false,0,12.90,6.45,true,1,7290011499853
7290011501617,false,חמוציות ברכז פרי,שקדיה,,חמוציות ברכז פרי,גרמים,250,100 גרם,false,0,12.90,5.16,true,1,7290011501617
7290011501686,false,גרעיני אבטיח קלויים,חצי חינם,,גרעיני אבטיח קלויים,גרמים,250,100 גרם,false,0,16.90,6.76,true,1,7290011501686
7290011501716,false,שקדים טבעיים,חצי חינם,,שקדים טבעיים,גרמים,250,100 גרם,false,0,24.90,9.96,true,1,7290011501716
7290011501723,false,תערובת פיצוחים,חצי חינם,,תערובת פיצוחים,גרמים,250,100 גרם,false,0,19.90,9.96,true,1,7290011501723
7290011501747,false,חמוציות מסוכרות,חצי חינם,,חמוציות מסוכרות,גרמים,300,100 גרם,false,0,9.90,3.30,true,1,7290011501747
7290011502850,false,מוזלי במבחר פירות יבשים,שקדיה,,מוזלי במבחר פירות יבשים,גרמים,500,100 גרם,false,0,12.90,2.58,true,1,7290011502850
7290011502867,false,גרנולה במבחר אגוזים,שקדיה,,גרנולה במבחר אגוזים,גרמים,500,100 גרם,false,0,12.90,2.58,true,1,7290011502867
7290011502874,false,גרנולה במבחר פירות יבשים,שקדיה,,גרנולה במבחר פירות יבשים,גרמים,500,100 גרם,false,0,12.90,2.58,true,1,7290011502874
7290011505035,false,הנגיסון למזון טרי עם מכסה,נובי Nuby,,הנגיסון למזון טרי עם מכסה,יחידות,1,יחידה,false,0,35.90,35.90,true,1,7290011505035
7290011505516,false,סכינים חד פעמיים,הוסטס Hostess,,סכינים חד פעמיים,יחידות,50,יחידה,false,0,10.90,0.22,true,1,7290011505516
7290011505769,false,מארז צמרוני אוזניים מפלסטיק,קוטון סופט Cotton soft,,מארז צמרוני אוזניים מפלסטיק,יחידות,800,יחידה,false,4,12.90,0.02,true,1,7290011505769
7290011505790,false,צמרוני אוזניים מפלסטיק,קוטון סופט Cotton soft,,צמרוני אוזניים מפלסטיק,יחידות,500,יחידה,false,0,8.90,0.02,true,1,7290011505790
7290011517564,false,דאודורנט רול און אדום Love line,חלאבין Halvin,,דאודורנט רול און אדום Love line,מליליטרים,80,"100 מ""ל",false,0,12.90,16.13,true,1,7290011517564
7290011517571,false,דאודורנט ספריי לאב ליין אדום,חלאבין Halvin,,דאודורנט ספריי לאב ליין אדום,מליליטרים,275,"100 מ""ל",false,0,19.90,7.24,true,1,7290011517571
7290011518561,false,מארז 14 יחידות אקטימל תות,דנונה - שטראוס,,מארז 14 יחידות אקטימל תות,גרמים,1512,100 גרם,false,14,31.50,2.08,true,1,7290011518561
7290011522605,false,מעצב ומחזק תלתלים גלייז Glaze,סטייל Style,,מעצב ומחזק תלתלים גלייז Glaze,מליליטרים,400,"100 מ""ל",false,0,24.90,6.23,true,1,7290011522605
7290011524548,false,גרגירי חומוס מוקפאים,פרי הגליל,,גרגירי חומוס מוקפאים,גרמים,800,100 גרם,false,0,14.90,1.86,true,1,7290011524548
7290011524555,false,שעועית לבנה מבושלת,פרי הגליל,,שעועית לבנה מבושלת,גרמים,800,100 גרם,false,0,14.90,1.86,true,1,7290011524555
7290011524968,false,פולי סויה מוקפאים Green & Fresh,גרין אנד פרש Green & Fresh,,פולי סויה מוקפאים Green & Fresh,קילוגרמים,1,"ק""ג",false,0,14.90,14.90,true,1,7290011524968
7290011525316,false,קרם גוף טיפולי קמיל בלו מועשר בשיבולת שועל,"ד""ר פישר Dr fischer",,קרם גוף טיפולי קמיל בלו מועשר בשיבולת שועל,מליליטרים,500,"100 מ""ל",false,0,29.90,5.98,true,1,7290011525316
7290011525323,false,אל סבון טיפולי לתינוק קמיל בלו סנסטיב שיבולת שועל,"ד""ר פישר Dr fischer",,אל סבון טיפולי לתינוק קמיל בלו סנסטיב שיבולת שועל,מליליטרים,500,"100 מ""ל",false,0,19.90,3.98,true,1,7290011525323
7290011525712,false,אל סבון לתינוק קמיל בלו סנסטיב לפני השינה,"ד""ר פישר Dr fischer",,אל סבון לתינוק קמיל בלו סנסטיב לפני השינה,ליטרים,1,ליטר,false,0,24.90,32.90,true,1,7290011525712
7290011525729,false,שמפו לתינוק קמיל בלו סנסטיב לפני השינה עם לבנדר וקמומיל,"ד""ר פישר Dr fischer",,שמפו לתינוק קמיל בלו סנסטיב לפני השינה עם לבנדר וקמומיל,ליטרים,1,ליטר,false,0,24.90,32.90,true,1,7290011525729
7290011570507,false,קמח רב תכליתי ללא גלוטן,כרגיל - אשבל,,קמח רב תכליתי ללא גלוטן,גרמים,450,100 גרם,false,0,19.90,4.42,true,1,7290011570507
7290011570644,false,קמח לחם ללא גלוטן,כרגיל - אשבל,,קמח לחם ללא גלוטן,גרמים,500,100 גרם,false,0,16.90,3.38,true,1,7290011570644
7290011570781,false,תערובת להכנת עוגה בטעם וניל ללא גלוטן,כרגיל - אשבל,,תערובת להכנת עוגה בטעם וניל ללא גלוטן,גרמים,450,100 גרם,false,0,19.90,4.42,true,1,7290011570781
7290011570798,false,תערובת להכנת עוגה בטעם שוקולד ללא גלוטן,כרגיל - אשבל,,תערובת להכנת עוגה בטעם שוקולד ללא גלוטן,גרמים,450,100 גרם,false,0,19.90,4.42,true,1,7290011570798
7290011575250,false,ספוג מבריק לנעליים,יעקבי - הפי Hepi,,ספוג מבריק לנעליים,,0,,false,0,9.90,0.00,true,1,7290011575250
7290011575755,false,דבק מגע אולטרה ג'ל,יעקבי- סופר גלו Super Glue,,דבק מגע אולטרה ג'ל,גרמים,3,100 גרם,false,0,12.90,4.30,true,1,7290011575755
7290011575779,false,דבק מגע חסכוני,יעקבי- סופר גלו Super Glue,,דבק מגע חסכוני,גרמים,10,100 גרם,false,0,19.90,1.99,true,1,7290011575779
7290011587444,false,מוזלי קראנצ'י בתוספת פירות,ויטליה,,מוזלי קראנצ'י בתוספת פירות,גרמים,600,100 גרם,false,0,14.90,2.48,true,1,7290011587444
7290011587451,false,גרנולה בתוספת פירות ואגוזים,ויטליה,,גרנולה בתוספת פירות ואגוזים,גרמים,600,100 גרם,false,0,14.90,2.48,true,1,7290011587451
7290011587468,false,מוזלי קראנצ'י בתוספת אגוזים,ויטליה,,מוזלי קראנצ'י בתוספת אגוזים,גרמים,600,100 גרם,false,0,14.90,2.48,true,1,7290011587468
7290011587611,false,מקרל בשמן חמניות,תומר,,מקרל בשמן חמניות,גרמים,125,100 גרם,false,0,5.90,4.72,true,1,7290011587611
7290011587635,false,מקרל ברוטב עגבניות,תומר,,מקרל ברוטב עגבניות,גרמים,125,100 גרם,false,0,5.90,4.72,true,1,7290011587635
7290011587642,false,מקרל עם פלפל חריף בשמן חמניות,תומר,,מקרל עם פלפל חריף בשמן חמניות,גרמים,125,100 גרם,false,0,5.90,4.72,true,1,7290011587642
7290011587703,false,"ממרח עגבניות מיובשות ""פסטו"" פיקנטי",תומר,,"ממרח עגבניות מיובשות ""פסטו"" פיקנטי",גרמים,360,100 גרם,false,0,12.90,3.58,true,1,7290011587703
7290011587833,false,חצאי עגבניות מיובשות מתובלות בשמן חמניות ועשבי תיבול,תומר,,חצאי עגבניות מיובשות מתובלות בשמן חמניות ועשבי תיבול,גרמים,340,100 גרם,false,0,12.90,3.79,true,1,7290011587833
7290011587857,false,עגבניות מיובשות בשמן חמניות ועשבי תיבול,תומר,,עגבניות מיובשות בשמן חמניות ועשבי תיבול,גרמים,250,100 גרם,false,0,9.90,3.96,true,1,7290011587857
7290011593087,false,שמן זית בלדי כתית מעולה,סבא חביב,,שמן זית בלדי כתית מעולה,מליליטרים,750,"100 מ""ל",false,0,29.90,3.99,true,1,7290011593087
7290011598211,false,ספריי לניקוי רב שימושי אנטי קאלק,סנו אנטי קאלק Anti Kalk,,ספריי לניקוי רב שימושי אנטי קאלק,מליליטרים,700,"100 מ""ל",false,0,18.90,2.70,true,1,7290011598211
7290011598259,false,מבשם אוויר פרש אוטומטיק מאסק,סנו פרש Fresh,,מבשם אוויר פרש אוטומטיק מאסק,מליליטרים,250,"100 מ""ל",false,0,12.90,7.96,true,1,7290011598259
7290011598365,false,מארז מטליות מיקרופייבר,סנו סושי,,מארז מטליות מיקרופייבר,יחידות,4,יחידה,false,0,19.90,4.98,true,1,7290011598365
7290011598372,false,מטלית רצפה מיקרופייבר עם חור למגב,סנו סושי,,מטלית רצפה מיקרופייבר עם חור למגב,יחידות,1,יחידה,false,0,10.90,16.90,true,1,7290011598372
7290011598402,false,מרכך כביסה ארומתראפי מאסק,סנו מקסימה,,מרכך כביסה ארומתראפי מאסק,ליטרים,4,ליטר,false,0,22.90,5.73,true,1,7290011598402
7290011598457,false,נייר טואלט דו שכבתי - מארז 48 גלילים,סנו סופט Soft,,נייר טואלט דו שכבתי - מארז 48 גלילים,,883,מטר,false,0,42.90,0.05,true,1,7290011598457
7290011607180,false,אבקת כביסה קולון 101,קולון Colon,,אבקת כביסה קולון 101,קילוגרמים,1,"ק""ג",false,0,19.90,15.92,true,1,7290011607180
7290011608460,false,12 עפרונות ארגונומים עם מחק,גורי לינרו,,12 עפרונות ארגונומים עם מחק,,0,,false,0,4.90,0.00,true,1,7290011608460
7290011608613,false,טוש דו צדדי - מארז 10 יח',גורי לינרו,,טוש דו צדדי - מארז 10 יח',,0,,false,0,6.90,0.00,true,1,7290011608613
7290011608620,false,טושי קסם דו-צדדיים + חותמת 8 צבעים,גורי לינרו,,טושי קסם דו-צדדיים + חותמת 8 צבעים,,0,,false,0,10.90,0.00,true,1,7290011608620
7290011608910,false,אבקת נצנצים - 6 צבעים מטאליים,גורי לינרו,,אבקת נצנצים - 6 צבעים מטאליים,,0,,false,0,15.90,0.00,true,1,7290011608910
7290011608927,false,אבקת נצנצים - 6 צבעים זוהרים,גורי לינרו,,אבקת נצנצים - 6 צבעים זוהרים,,0,,false,0,15.90,0.00,true,1,7290011608927
7290011615277,false,"טורטיות בקוטר 25 ס""מ",וילי פוד,,"טורטיות בקוטר 25 ס""מ",גרמים,840,100 גרם,false,0,14.90,1.77,true,1,7290011615277
7290011622305,false,כתמטמינים חטיף לתינוקות אצבעות בוטנים ותירס - רביעיה,הארט Heart,,כתמטמינים חטיף לתינוקות אצבעות בוטנים ותירס - רביעיה,גרמים,20,100 גרם,false,4,10.00,50.00,true,1,7290011622305
7290011622428,false,כתמטמינים חטיף אצבעות בוטנים ותירס,הארט Heart,,כתמטמינים חטיף אצבעות בוטנים ותירס,גרמים,45,100 גרם,false,0,5.90,13.11,true,1,7290011622428
7290011622442,false,טבעונים חטיף טבעות דגנים מלאים,הארט Heart,,טבעונים חטיף טבעות דגנים מלאים,גרמים,45,100 גרם,false,0,5.90,13.11,true,1,7290011622442
7290011622664,false,כתמטמינים חטיף אצבעות טחינה אורז ותירס,הארט Heart,,כתמטמינים חטיף אצבעות טחינה אורז ותירס,גרמים,45,100 גרם,false,0,5.90,13.11,true,1,7290011622664
7290011644000,false,חטיף מקלות תירס מתוקים,סנקי,,חטיף מקלות תירס מתוקים,גרמים,80,100 גרם,false,0,3.90,4.88,true,1,7290011644000
7290011668136,false,מסכה מרככת לשיער מתולתל וגלי,פנינה רוזנבלום PR,,מסכה מרככת לשיער מתולתל וגלי,מליליטרים,1000,"100 מ""ל",false,0,29.90,2.99,true,1,7290011668136
7290011668143,false,מסיכה משקמת ומטפחת לשיער צבוע ופגום,פנינה רוזנבלום PR,,מסיכה משקמת ומטפחת לשיער צבוע ופגום,מליליטרים,1000,"100 מ""ל",false,0,29.90,2.99,true,1,7290011668143
7290011668570,false,גרנולה פירות יבשים ללא תוספת סוכר,בריא מהטבע פנינה רוזנבלום,,גרנולה פירות יבשים ללא תוספת סוכר,גרמים,450,100 גרם,false,0,22.90,5.09,true,1,7290011668570
7290011668587,false,גרנולה טעם עשיר,בריא מהטבע פנינה רוזנבלום,,גרנולה טעם עשיר,גרמים,500,100 גרם,false,0,22.90,4.58,true,1,7290011668587
7290011668594,false,תוספת בריאה לסלט,בריא מהטבע פנינה רוזנבלום,,תוספת בריאה לסלט,גרמים,550,100 גרם,false,0,29.90,5.44,true,1,7290011668594
7290011695958,false,חומץ תפוחים,טופ מותגים,,חומץ תפוחים,מליליטרים,750,"100 מ""ל",false,0,12.90,1.72,true,1,7290011695958
7290011704162,false,SILON IT SUPER טיפול שוטף לחלל הפה,סילונית Silon it,,SILON IT SUPER טיפול שוטף לחלל הפה,יחידות,1,יחידה,false,0,259.00,259.00,true,1,7290011704162
7290011716103,false,פנקו פירורי לחם יפניים,סו שף Su Chef,,פנקו פירורי לחם יפניים,גרמים,250,100 גרם,false,0,5.90,2.36,true,1,7290011716103
7290011723101,false,טחינה הר ברכה,הר ברכה,,טחינה הר ברכה,גרמים,1000,100 גרם,false,0,31.90,3.19,true,1,7290011723101
7290011725006,false,פטרוזיליה ארוזה למהדרין,,,פטרוזיליה ארוזה למהדרין,,0,,false,0,4.90,0.00,true,1,7290011725006
7290011725013,false,כוסברה ארוזה למהדרין,,,כוסברה ארוזה למהדרין,,0,,false,0,4.90,0.00,true,1,7290011725013
7290011725020,false,שמיר ארוז למהדרין,,,שמיר ארוז למהדרין,,0,,false,0,4.90,0.00,true,1,7290011725020
7290011725037,false,נענע ארוזה למהדרין,,,נענע ארוזה למהדרין,,0,,false,0,4.90,0.00,true,1,7290011725037
7290011725044,false,סלרי למהדרין,,,סלרי למהדרין,,0,,false,0,4.90,0.00,true,1,7290011725044
7290011725051,false,חסה למהדרין,,,חסה למהדרין,,0,,false,0,4.90,0.00,true,1,7290011725051
7290011725075,true,כרוב לבן למהדרין,,,כרוב לבן למהדרין,קילוגרמים,0,"ק""ג",true,0,7.90,0.00,true,1,7290011725075
7290011725167,false,בצל ירוק ארוז למהדרין,,,בצל ירוק ארוז למהדרין,,0,,false,0,4.90,0.00,true,1,7290011725167
7290011743833,false,משחת שיניים פרונמל Pro namel מנטה,סנסודיין Sensodyne,,משחת שיניים פרונמל Pro namel מנטה,מליליטרים,75,"100 מ""ל",false,0,23.90,31.87,true,1,7290011743833
7290011744885,false,משחת שיניים שיני חלב לגילאי 2-6,אקווה פרש Aquafresh,,משחת שיניים שיני חלב לגילאי 2-6,מליליטרים,50,"100 מ""ל",false,0,12.90,25.80,true,1,7290011744885
7290011744892,false,משחת שיניים ג'וניור לילדים בגילאי 6+,אקווה פרש Aquafresh,,משחת שיניים ג'וניור לילדים בגילאי 6+,מליליטרים,50,"100 מ""ל",false,0,12.90,25.80,true,1,7290011744892
7290011745059,false,"בצק ליצירה - 5 צבעים (0.5 ק""ג)",גורי לינרו,,"בצק ליצירה - 5 צבעים (0.5 ק""ג)",יחידות,1,יחידה,false,0,11.90,11.90,true,1,7290011745059
7290011745219,false,דבק סטיק Amos - שלישייה,גורי לינרו,,דבק סטיק Amos - שלישייה,יחידות,3,יחידה,false,0,5.90,1.97,true,1,7290011745219
7290011745707,false,משחת שיניים פרונמל Pro namel לילדים לגילאי 6-12,סנסודיין Sensodyne,,משחת שיניים פרונמל Pro namel לילדים לגילאי 6-12,גרמים,50,100 גרם,false,0,14.90,29.80,true,1,7290011745707
7290011765071,false,ג'ל גילוח לעור רגיל לחות והגנה Moisture,קרמה Crema,,ג'ל גילוח לעור רגיל לחות והגנה Moisture,מליליטרים,200,"100 מ""ל",false,0,19.90,9.95,true,1,7290011765071
7290011765088,false,ג'ל גילוח לעור רגיל מנטול Cool,קרמה Crema,,ג'ל גילוח לעור רגיל מנטול Cool,מליליטרים,200,"100 מ""ל",false,0,19.90,9.95,true,1,7290011765088
7290011765095,false,ג'ל גילוח לעור עדין אלוורה,קרמה Crema,,ג'ל גילוח לעור עדין אלוורה,מליליטרים,200,"100 מ""ל",false,0,19.90,9.95,true,1,7290011765095
7290011765200,false,ג'ל לניקוי ידיים בתוספת אלוורה 70% אלכוהול,סנו מדיק Sano Medic,,ג'ל לניקוי ידיים בתוספת אלוורה 70% אלכוהול,מליליטרים,300,"100 מ""ל",false,0,11.90,6.63,true,1,7290011765200
7290011765217,false,ג'ל לניקוי ידיים ללא מים אלוורה,סנו מדיק Sano Medic,,ג'ל לניקוי ידיים ללא מים אלוורה,מליליטרים,100,"100 מ""ל",false,0,9.90,14.90,true,1,7290011765217
7290011765309,false,מברשת שיניים Diamond סופט,אורביטול Orbitol,,מברשת שיניים Diamond סופט,יחידות,2,יחידה,false,0,15.90,7.95,true,1,7290011765309
7290011765316,false,מברשת שיניים לילדים 4-8 + שעון,אורביטול Orbitol,,מברשת שיניים לילדים 4-8 + שעון,יחידות,1,יחידה,false,0,12.90,12.90,true,1,7290011765316
7290011765392,false,שמפו בוב ספוג לסירוק קל מכיל רוזמרין,כיף,,שמפו בוב ספוג לסירוק קל מכיל רוזמרין,מליליטרים,750,"100 מ""ל",false,0,14.90,1.99,true,1,7290011765392
7290011765408,false,שמפו + מרכך בוב ספוג לסירוק קל מכיל רוזמרין,כיף,,שמפו + מרכך בוב ספוג לסירוק קל מכיל רוזמרין,מליליטרים,750,"100 מ""ל",false,0,14.90,1.99,true,1,7290011765408
7290011765415,false,מרכך לסירוק קל בוב ספוג,כיף,,מרכך לסירוק קל בוב ספוג,מליליטרים,750,"100 מ""ל",false,0,14.90,1.99,true,1,7290011765415
7290011765422,false,אל סבון מועשר בלחות ותמצית קמומיל - בוב ספוג,בייבי כיף Baby,,אל סבון מועשר בלחות ותמצית קמומיל - בוב ספוג,מליליטרים,750,"100 מ""ל",false,0,14.90,1.99,true,1,7290011765422
7290011765446,false,משחת שיניים לילדים בוב ספוג בטעם מיץ ענבים עם פלואוריד למניעת עששת,אורביטול Orbitol,,משחת שיניים לילדים בוב ספוג בטעם מיץ ענבים עם פלואוריד למניעת עששת,גרמים,70,100 גרם,false,0,8.90,12.71,true,1,7290011765446
7290011765613,false,מסיר עובש בניחוח לימון,סנו,,מסיר עובש בניחוח לימון,ליטרים,1,ליטר,false,0,18.90,18.90,true,1,7290011765613
7290011765620,false,נוזל כלים אקולוגי Green Power,סנו,,נוזל כלים אקולוגי Green Power,מליליטרים,700,"100 מ""ל",false,0,9.90,1.41,true,1,7290011765620
7290011771201,false,אקטיב ACTIVE קרם לחות,סבוקלם Sebocalm,,אקטיב ACTIVE קרם לחות,מליליטרים,50,"100 מ""ל",false,0,79.90,159.80,true,1,7290011771201
7290011771225,false,תחליב להרגעת עור הפנים אחרי גילוח,סבוקלם Sebocalm,,תחליב להרגעת עור הפנים אחרי גילוח,מליליטרים,50,"100 מ""ל",false,0,79.90,159.80,true,1,7290011771225
7290011771270,false,דאודורנט לעור רגיש FRESH,סבוקלם Sebocalm,,דאודורנט לעור רגיש FRESH,מליליטרים,70,"100 מ""ל",false,0,39.90,57.00,true,1,7290011771270
7290011800642,false,מטבוחה מרוקאית,צבר,,מטבוחה מרוקאית,גרמים,400,100 גרם,false,0,14.90,3.73,true,1,7290011800642
7290011800840,false,טחינה בלאדי- השף רפי כהן,צבר,,טחינה בלאדי- השף רפי כהן,גרמים,400,100 גרם,false,0,14.90,3.73,true,1,7290011800840
7290011830007,false,סוכר קנים חום אורגני,השדה מוצרים אורגניים,,סוכר קנים חום אורגני,קילוגרמים,1,"ק""ג",false,0,12.90,12.90,true,1,7290011830007
7290011830182,false,פסטה כוסמין אורגנית פוזילי,השדה מוצרים אורגניים,,פסטה כוסמין אורגנית פוזילי,גרמים,400,100 גרם,false,0,19.90,4.98,true,1,7290011830182
7290011830205,false,פסטה כוסמין פטוצ'יני,השדה מוצרים אורגניים,,פסטה כוסמין פטוצ'יני,גרמים,350,100 גרם,false,0,19.90,5.69,true,1,7290011830205
7290011830236,false,בייגלה כוסמין שומשום מלח,השדה מוצרים אורגניים,,בייגלה כוסמין שומשום מלח,גרמים,200,100 גרם,false,0,16.90,8.45,true,1,7290011830236
7290011830564,false,ביסקוויט פתי בר כוסמין אורגני,השדה מוצרים אורגניים,,ביסקוויט פתי בר כוסמין אורגני,גרמים,200,100 גרם,false,0,11.90,5.95,true,1,7290011830564
7290011860271,false,ביסבול כדורי פירה בציפוי פריך,תפוגן,,ביסבול כדורי פירה בציפוי פריך,גרמים,700,100 גרם,false,0,14.90,2.13,true,1,7290011860271
7290011876388,false,קציצות עוף ובקר,מאמא עוף,,קציצות עוף ובקר,גרמים,600,100 גרם,false,0,32.90,5.48,true,1,7290011876388
7290011877088,false,"רדיד אלומיניום רוחב 30 ס""מ, 18 מיקרון - מארז זוג",סנו סושי,,"רדיד אלומיניום רוחב 30 ס""מ, 18 מיקרון - מארז זוג",,15,מטר,false,2,15.90,1.06,true,1,7290011877088
7290011877101,false,מבשם אוויר נטול גז מאסק,סנו מוד Mood,,מבשם אוויר נטול גז מאסק,מליליטרים,150,"100 מ""ל",false,0,10.90,8.60,true,1,7290011877101
7290011877156,false,"מבשם אוויר, בגדים וארונות פרש בניחוח מאסק",סנו פרש Fresh,,"מבשם אוויר, בגדים וארונות פרש בניחוח מאסק",מליליטרים,375,"100 מ""ל",false,0,9.90,2.64,true,1,7290011877156
7290011877446,false,קרם נגד גירויים לתינוק עם הנוסחה המשולשת SBC,בייבי כיף Baby,,קרם נגד גירויים לתינוק עם הנוסחה המשולשת SBC,מליליטרים,100,"100 מ""ל",false,0,19.90,19.90,true,1,7290011877446
7290011877835,false,אריזות ואקום לאחסון רב פעמי XXL,סנו סושי,,אריזות ואקום לאחסון רב פעמי XXL,יחידות,2,יחידה,false,0,24.90,12.45,true,1,7290011877835
7290011877842,false,אריזות ואקום לאחסון רב פעמי +XXXL L,סנו סושי,,אריזות ואקום לאחסון רב פעמי +XXXL L,יחידות,2,יחידה,false,0,24.90,12.45,true,1,7290011877842
7290011877859,false,פותח סתימות בצנרת ניקוז ובכיורים,סנו אינסטלטור,,פותח סתימות בצנרת ניקוז ובכיורים,גרמים,200,100 גרם,false,0,15.90,7.95,true,1,7290011877859
7290011877866,false,אבקת כביסה סנו מקסימה בניחוח Musk,סנו מקסימה,,אבקת כביסה סנו מקסימה בניחוח Musk,קילוגרמים,6,"ק""ג",false,0,49.90,10.82,true,1,7290011877866
7290011899127,false,אומגה 3 - 9 חודשים,אלטמן,,אומגה 3 - 9 חודשים,יחידות,60,יחידה,false,0,149.90,2.50,true,1,7290011899127
7290011899202,false,מארז 9 חודשים אומגה 3 + פרנטל מולטי ויטמין לנשים בהריון,אלטמן,,מארז 9 חודשים אומגה 3 + פרנטל מולטי ויטמין לנשים בהריון,יחידות,120,יחידה,false,0,219.90,1.83,true,1,7290011899202
7290011899295,false,פרוביוטיק - ג'ארו דופילוס,אלטמן,,פרוביוטיק - ג'ארו דופילוס,יחידות,60,יחידה,false,0,129.90,2.17,true,1,7290011899295
7290011899479,false,מולטי ויטמין לנשים בהריון,אלטמן,,מולטי ויטמין לנשים בהריון,יחידות,60,יחידה,false,0,84.90,1.42,true,1,7290011899479
7290011899622,false,סידן ציטראט בתוספת ויטמין D,אלטמן,,סידן ציטראט בתוספת ויטמין D,יחידות,120,יחידה,false,0,109.90,0.92,true,1,7290011899622
7290011899684,false,פרוביוטיק פמינה EXPERT,אלטמן,,פרוביוטיק פמינה EXPERT,יחידות,30,יחידה,false,0,99.90,3.33,true,1,7290011899684
7290011899967,false,מגנזיום ציטראט,אלטמן,,מגנזיום ציטראט,יחידות,120,יחידה,false,0,119.90,1.00,true,1,7290011899967
7290011912642,false,מי פה ליסטרין מנטה רענן,ליסטרין Listerine,,מי פה ליסטרין מנטה רענן,מליליטרים,500,"100 מ""ל",false,0,19.90,3.98,true,1,7290011912642
7290011923273,false,טופו אורגני,ליב אורגני,,טופו אורגני,גרמים,300,100 גרם,false,0,11.90,3.97,true,1,7290011923273
7290011923303,false,טופו בטעם טבעי,ליב אורגני,,טופו בטעם טבעי,גרמים,300,100 גרם,false,0,9.90,3.30,true,1,7290011923303
7290011931162,false,סוכרלייט ממתיק נוזלי על בסיס סוכרלוז,סוכרזית Sucrazit,,סוכרלייט ממתיק נוזלי על בסיס סוכרלוז,גרמים,220,100 גרם,false,0,24.90,11.32,true,1,7290011931162
7290011931193,false,ממתיק על בסיס סוכרלוז כפית לכפית,סוכרזית Sucrazit,,ממתיק על בסיס סוכרלוז כפית לכפית,גרמים,100,100 גרם,false,0,28.90,28.90,true,1,7290011931193
7290011964344,false,שום גבישי,תבליני טעם וריח,,שום גבישי,גרמים,120,100 גרם,false,0,9.90,8.25,true,1,7290011964344
7290011964603,false,כורכום,תבליני טעם וריח,,כורכום,גרמים,400,100 גרם,false,0,19.90,4.98,true,1,7290011964603
7290011964658,false,מלח לימון,תבליני טעם וריח,,מלח לימון,גרמים,170,100 גרם,false,0,6.90,4.06,true,1,7290011964658
7290011964689,false,תערובת תיבול על האש,תבליני טעם וריח,,תערובת תיבול על האש,גרמים,100,100 גרם,false,0,7.90,7.90,true,1,7290011964689
7290011964702,false,תערובת תיבול לשווארמה,תבליני טעם וריח,,תערובת תיבול לשווארמה,גרמים,100,100 גרם,false,0,7.90,7.90,true,1,7290011964702
7290011977627,false,סרדינים בשמן סויה,טעים,,סרדינים בשמן סויה,גרמים,125,100 גרם,false,0,4.90,3.92,true,1,7290011977627
7290011977634,false,סרדינים בשמן סויה עם פלפל חריף,טעים,,סרדינים בשמן סויה עם פלפל חריף,גרמים,125,100 גרם,false,0,4.90,3.92,true,1,7290011977634
7290011977641,false,סרדינים בשמן סויה עם לימון,טעים,,סרדינים בשמן סויה עם לימון,גרמים,125,100 גרם,false,0,4.90,3.92,true,1,7290011977641
7290011977665,false,סרדינים ברוטב עגבניות,טעים,,סרדינים ברוטב עגבניות,גרמים,125,100 גרם,false,0,4.90,3.92,true,1,7290011977665
7290011996062,false,אורז לבן עגול מתאים להכנת סושי,טעמי אסיה Taste of Asia,,אורז לבן עגול מתאים להכנת סושי,קילוגרמים,1,"ק""ג",false,0,12.90,12.90,true,1,7290011996062
7290011996086,false,רוטב צ'ילי חריף,טעמי אסיה Taste of Asia,,רוטב צ'ילי חריף,גרמים,700,100 גרם,false,0,9.90,1.41,true,1,7290011996086
7290011996093,false,רוטב צ'לי מתוק,טעמי אסיה Taste of Asia,,רוטב צ'לי מתוק,גרמים,300,100 גרם,false,0,7.90,2.63,true,1,7290011996093
7290011996109,false,רוטב צ'ילי מתוק,טעמי אסיה Taste of Asia,,רוטב צ'ילי מתוק,גרמים,700,100 גרם,false,0,9.90,1.41,true,1,7290011996109
7290011996123,false,אצות נורי זהב-10 דפים,טעמי אסיה Taste of Asia,,אצות נורי זהב-10 דפים,יחידות,10,יחידה,false,0,10.90,1.09,true,1,7290011996123
7290011996130,false,אצות ים קלויות נורי לסושי - 10 דפים,טעמי אסיה Taste of Asia,,אצות ים קלויות נורי לסושי - 10 דפים,גרמים,25,100 גרם,false,0,9.90,39.60,true,1,7290011996130
7290011996185,false,חומץ אורז מתאים לסושי,טעמי אסיה Taste of Asia,,חומץ אורז מתאים לסושי,מליליטרים,250,"100 מ""ל",false,0,8.90,3.56,true,1,7290011996185
7290011996222,false,נוזל אגוזי קוקוס,טעמי אסיה Taste of Asia,,נוזל אגוזי קוקוס,מליליטרים,400,"100 מ""ל",false,0,6.90,1.73,true,1,7290011996222
7290011996277,false,מחצלת עגולה לסושי,טעמי אסיה Taste of Asia,,מחצלת עגולה לסושי,,0,,false,0,5.90,0.00,true,1,7290011996277
7290011996284,false,"כלי לאידוי סטימר במבוק ""8",טעמי אסיה Taste of Asia,,"כלי לאידוי סטימר במבוק ""8",,0,,false,0,24.90,0.00,true,1,7290011996284
7290011996291,false,כלי לאידוי קוטר 10,טעמי אסיה Taste of Asia,,כלי לאידוי קוטר 10,,0,,false,0,30.90,0.00,true,1,7290011996291
7290011996512,false,"מקלוני אורז 3 מ""מ Rice stick",טעמי אסיה Taste of Asia,,"מקלוני אורז 3 מ""מ Rice stick",גרמים,400,100 גרם,false,0,8.90,2.23,true,1,7290011996512
7290011996529,false,"מקלוני אורז 5 מ""מ Rice stick",טעמי אסיה Taste of Asia,,"מקלוני אורז 5 מ""מ Rice stick",גרמים,400,100 גרם,false,0,8.90,2.23,true,1,7290011996529
7290011996567,false,רוטב סאטה,טעמי אסיה Taste of Asia,,רוטב סאטה,גרמים,240,100 גרם,false,0,12.90,5.38,true,1,7290011996567
7290011996581,false,רוטב חמוץ מתוק,טעמי אסיה Taste of Asia,,רוטב חמוץ מתוק,מליליטרים,300,"100 מ""ל",false,0,10.90,3.63,true,1,7290011996581
7290011996604,false,רוטב פאד תאי,טעמי אסיה Taste of Asia,,רוטב פאד תאי,גרמים,300,100 גרם,false,0,13.90,4.63,true,1,7290011996604
7290011996642,false,שומשום שחור קלוי,טעמי אסיה Taste of Asia,,שומשום שחור קלוי,גרמים,100,100 גרם,false,0,12.90,12.90,true,1,7290011996642
7290011996703,false,אצות וואקמה מיובשות,טעמי אסיה Taste of Asia,,אצות וואקמה מיובשות,גרמים,100,100 גרם,false,0,14.90,14.90,true,1,7290011996703
7290011996741,false,חומץ אורז מתאים לסושי,טעמי אסיה Taste of Asia,,חומץ אורז מתאים לסושי,מליליטרים,500,"100 מ""ל",false,0,11.90,2.38,true,1,7290011996741
7290011996758,false,טמפורה תערובת להכנת בלילה,טעמי אסיה Taste of Asia,,טמפורה תערובת להכנת בלילה,גרמים,500,100 גרם,false,0,10.90,2.18,true,1,7290011996758
7290011996765,false,משחת וואסבי,טעמי אסיה Taste of Asia,,משחת וואסבי,גרמים,43,100 גרם,false,0,8.90,20.70,true,1,7290011996765
7290011996789,false,פנקו פירורי לחם בסגנון יפני,טעמי אסיה Taste of Asia,,פנקו פירורי לחם בסגנון יפני,גרמים,200,100 גרם,false,0,7.90,3.95,true,1,7290011996789
7290011996802,false,אבקת וואסבי,טעמי אסיה Taste of Asia,,אבקת וואסבי,גרמים,70,100 גרם,false,0,14.90,21.29,true,1,7290011996802
7290011996819,false,מקלוני שעועית ירוקה,טעמי אסיה Taste of Asia,,מקלוני שעועית ירוקה,גרמים,250,100 גרם,false,0,5.90,2.36,true,1,7290011996819
7290011996888,false,רוטב טריאקי,טעמי אסיה Taste of Asia,,רוטב טריאקי,מליליטרים,300,"100 מ""ל",false,0,10.90,3.63,true,1,7290011996888
7290012001994,false,חרדל דיז'ון עם גרגרים שלמים,ריין דיז'ון reine dijon,,חרדל דיז'ון עם גרגרים שלמים,גרמים,350,100 גרם,false,0,9.90,2.83,true,1,7290012001994
7290012008634,false,"יומי ויטמין C - מכיל 60 מ""ג ויטמין C בטעם פטל",אלטמן,,"יומי ויטמין C - מכיל 60 מ""ג ויטמין C בטעם פטל",יחידות,100,יחידה,false,0,59.90,0.60,true,1,7290012008634
7290012019036,false,שיני שום כבושים בחומץ,תומר,,שיני שום כבושים בחומץ,גרמים,330,100 גרם,false,0,10.90,3.30,true,1,7290012019036
7290012019050,false,שום צעיר ושיני שום כבושים בחומץ,תומר,,שום צעיר ושיני שום כבושים בחומץ,גרמים,330,100 גרם,false,0,10.90,3.30,true,1,7290012019050
7290012019265,false,מחית תפוחי עץ ללא תוספת סוכר,תומר,,מחית תפוחי עץ ללא תוספת סוכר,גרמים,452,100 גרם,false,4,9.90,2.19,true,1,7290012019265
7290012024597,false,טיפות עיניים קלנדולה,וולדה WELEDA,,טיפות עיניים קלנדולה,מליליטרים,10,"100 מ""ל",false,0,64.90,649.00,true,1,7290012024597
7290012052170,false,גרנולה עם אגוזים ופירות יבשים במתיקות מעודנת,רפאלס,,גרנולה עם אגוזים ופירות יבשים במתיקות מעודנת,גרמים,350,100 גרם,false,0,17.90,5.11,true,1,7290012052170
7290012052200,false,גרנולה עם אגוזים ופירות יבשים,רפאלס,,גרנולה עם אגוזים ופירות יבשים,גרמים,800,100 גרם,false,0,29.90,3.74,true,1,7290012052200
7290012052217,false,גרנולה עם אגוזים ופירות יבשים במתיקות מעודנת,רפאלס,,גרנולה עם אגוזים ופירות יבשים במתיקות מעודנת,גרמים,800,100 גרם,false,0,29.90,3.74,true,1,7290012052217
7290012052224,false,"גרנולה עם חלבה, תמרים ושקדים",רפאלס,,"גרנולה עם חלבה, תמרים ושקדים",גרמים,800,100 גרם,false,0,29.90,3.74,true,1,7290012052224
7290012052231,false,גרנולה עם חמוציות וקשיו,רפאלס,,גרנולה עם חמוציות וקשיו,גרמים,800,100 גרם,false,0,29.90,3.74,true,1,7290012052231
7290012052309,false,"גרנולה עם בננות, צימוקים ושקדים",רפאלס,,"גרנולה עם בננות, צימוקים ושקדים",קילוגרמים,1,"ק""ג",false,0,27.90,27.90,true,1,7290012052309
7290012052323,false,מוזלי עם פירות יבשים ושקדים ללא תוספת סוכר,רפאלס,,מוזלי עם פירות יבשים ושקדים ללא תוספת סוכר,קילוגרמים,1,"ק""ג",false,0,27.90,27.90,true,1,7290012052323
7290012052347,false,גרנולה עם צימוקים ושקדים במתיקות מעודנת,רפאלס,,גרנולה עם צימוקים ושקדים במתיקות מעודנת,קילוגרמים,1,"ק""ג",false,0,27.90,27.90,true,1,7290012052347
7290012052354,false,גרנולה עם שוקולד ואגוזי לוז,רפאלס,,גרנולה עם שוקולד ואגוזי לוז,גרמים,350,100 גרם,false,0,17.90,5.11,true,1,7290012052354
7290012052385,false,מוזלי עם חמוציות ושקדים ללא תוספת סוכר,רפאלס,,מוזלי עם חמוציות ושקדים ללא תוספת סוכר,גרמים,720,100 גרם,false,0,29.90,4.15,true,1,7290012052385
7290012052880,false,חטיפי 7 דגנים בתוספת חלבה,רפאלס,,חטיפי 7 דגנים בתוספת חלבה,גרמים,132,100 גרם,false,0,12.90,9.77,true,1,7290012052880
7290012052897,false,חטיפי 7 דגנים בתוספת שוקולד מריר,רפאלס,,חטיפי 7 דגנים בתוספת שוקולד מריר,גרמים,132,100 גרם,false,0,12.90,9.77,true,1,7290012052897
7290012052903,false,חטיפי 7 דגנים פירות יבשים,רפאלס,,חטיפי 7 דגנים פירות יבשים,גרמים,132,100 גרם,false,0,12.90,9.77,true,1,7290012052903
7290012052910,false,חטיפי 7 דגנים בתוספת תפוח קינמון,רפאלס,,חטיפי 7 דגנים בתוספת תפוח קינמון,גרמים,132,100 גרם,false,0,12.90,9.77,true,1,7290012052910
7290012066313,false,כלורהקסדין - משחת שיניים טיפולית,לאסר LACER,,כלורהקסדין - משחת שיניים טיפולית,מליליטרים,75,"100 מ""ל",false,0,27.90,37.20,true,1,7290012066313
7290012066368,false,אורתו - משחת שיניים ג'ל בטעם מנטה עדין,לאסר LACER,,אורתו - משחת שיניים ג'ל בטעם מנטה עדין,מליליטרים,75,"100 מ""ל",false,0,24.90,33.20,true,1,7290012066368
7290012066375,false,אורתו - שטיפת פה בטעם מנטה עדין,לאסר LACER,,אורתו - שטיפת פה בטעם מנטה עדין,מליליטרים,500,"100 מ""ל",false,0,47.90,9.58,true,1,7290012066375
7290012066382,false,סנסי - משחת שיניים ג'ל לשיניים רגישות,לאסר LACER,,סנסי - משחת שיניים ג'ל לשיניים רגישות,מליליטרים,75,"100 מ""ל",false,0,26.90,35.87,true,1,7290012066382
7290012066542,false,שמפו לחיזוק שיער,פילקסיל Pilexil,,שמפו לחיזוק שיער,מליליטרים,300,"100 מ""ל",false,0,69.90,23.30,true,1,7290012066542
7290012066825,false,פרש - משחת שיניים ג'ל לטיפול ומניעת ריח פה,לאסר LACER,,פרש - משחת שיניים ג'ל לטיפול ומניעת ריח פה,מליליטרים,75,"100 מ""ל",false,0,28.90,38.53,true,1,7290012066825
7290012066832,false,בלאנק - שטיפת פה להלבנה (ללא אלכוהול),לאסר LACER,,בלאנק - שטיפת פה להלבנה (ללא אלכוהול),מליליטרים,500,"100 מ""ל",false,0,47.90,9.58,true,1,7290012066832
7290012066887,false,קצף לשטיפה אינטימית לשימוש יומיומי,וונליי,,קצף לשטיפה אינטימית לשימוש יומיומי,מליליטרים,40,"100 מ""ל",false,0,39.90,99.75,true,1,7290012066887
7290012066894,false,קרם וגינלי ליובש בנרתיק,וונליי,,קרם וגינלי ליובש בנרתיק,מליליטרים,30,"100 מ""ל",false,0,49.90,166.33,true,1,7290012066894
7290012066917,false,קרם פלורה וגינלי לפטריה בנרתיק,וונליי,,קרם פלורה וגינלי לפטריה בנרתיק,מליליטרים,30,"100 מ""ל",false,0,49.90,166.33,true,1,7290012066917
7290012066962,false,שמפו לגבר לחיזוק השיער,פילקסיל Pilexil,,שמפו לגבר לחיזוק השיער,מליליטרים,300,"100 מ""ל",false,0,59.90,19.97,true,1,7290012066962
7290012071003,false,קמיל בלו משחה לתינוק- אריזת חיסכון,"ד""ר פישר Dr fischer",,קמיל בלו משחה לתינוק- אריזת חיסכון,גרמים,200,100 גרם,false,0,19.90,9.95,true,1,7290012071003
7290012071935,false,אמול קלאסי שמן רחצה טיפולי לתינוק,"ד""ר פישר Dr fischer",,אמול קלאסי שמן רחצה טיפולי לתינוק,מליליטרים,200,"100 מ""ל",false,0,39.90,19.95,true,1,7290012071935
7290012086113,false,עגבניות שרי אשכולות מארז,,,עגבניות שרי אשכולות מארז,,0,,false,0,7.90,0.00,true,1,7290012086113
7290012116025,false,שמפו פיית הפרפרים לסירוק קל מכיל רוזמרין,כיף,,שמפו פיית הפרפרים לסירוק קל מכיל רוזמרין,מליליטרים,750,"100 מ""ל",false,0,14.90,1.99,true,1,7290012116025
7290012116032,false,מרכך לסירוק קל פיית הפרפרים,כיף,,מרכך לסירוק קל פיית הפרפרים,מליליטרים,750,"100 מ""ל",false,0,14.90,1.99,true,1,7290012116032
7290012116070,false,אל סבון מועשר בתמצית אלוורה - פיית הקשתות,בייבי כיף Baby,,אל סבון מועשר בתמצית אלוורה - פיית הקשתות,מליליטרים,750,"100 מ""ל",false,0,14.90,1.99,true,1,7290012116070
7290012116360,false,פוליויקס לטיפול ברצפות גרניט פורצלן וקרמיקה,סנו פוליויקס,,פוליויקס לטיפול ברצפות גרניט פורצלן וקרמיקה,ליטרים,2,ליטר,false,0,24.90,12.45,true,1,7290012116360
7290012116537,false,אבקת כביסה סנו מקסימה בניחוח Musk,סנו מקסימה,,אבקת כביסה סנו מקסימה בניחוח Musk,קילוגרמים,3,"ק""ג",false,0,22.90,11.96,true,1,7290012116537
7290012116551,false,תרכיז לניקוי כללי אנטי קאלק,סנו אנטי קאלק Anti Kalk,,תרכיז לניקוי כללי אנטי קאלק,ליטרים,2,ליטר,false,0,27.90,13.95,true,1,7290012116551
7290012116612,false,מארז מברשות שיניים סופט,אורביטול Orbitol,,מארז מברשות שיניים סופט,יחידות,4,יחידה,false,0,14.90,3.73,true,1,7290012116612
7290012116629,false,תחליב רול און דוחה יתושים לתינוקות ולילדים סנו די,סנו,,תחליב רול און דוחה יתושים לתינוקות ולילדים סנו די,גרמים,50,100 גרם,false,0,19.90,39.80,true,1,7290012116629
7290012116674,false,דאודורנט ג'ל לגבר Body Cool,קרמה Crema,,דאודורנט ג'ל לגבר Body Cool,מליליטרים,70,"100 מ""ל",false,0,14.90,35.57,true,1,7290012116674
7290012116681,false,דאודורנט ג'ל אנטיפרספירנט אקטיב בלוק Calm,קרמה Crema,,דאודורנט ג'ל אנטיפרספירנט אקטיב בלוק Calm,מליליטרים,70,"100 מ""ל",false,0,14.90,35.57,true,1,7290012116681
7290012116698,false,דאודורנט ג'ל אנטיפרספירנט אקטיב בלוק Ultimate,קרמה Crema,,דאודורנט ג'ל אנטיפרספירנט אקטיב בלוק Ultimate,מליליטרים,70,"100 מ""ל",false,0,14.90,35.57,true,1,7290012116698
7290012116704,false,דאודורנט ג'ל אנטיפרספירנט אקטיב בלוק Power,קרמה Crema,,דאודורנט ג'ל אנטיפרספירנט אקטיב בלוק Power,מליליטרים,70,"100 מ""ל",false,0,14.90,35.57,true,1,7290012116704
7290012116735,false,נייר טואלט דו שכבתי גליל כפול - מארז 24 גלילים,סנו סופט Soft,,נייר טואלט דו שכבתי גליל כפול - מארז 24 גלילים,,900,מטר,false,0,39.90,0.04,true,1,7290012116735
7290012117039,false,מסיר אבנית ומנקה לאמבטיה 00,סנו,,מסיר אבנית ומנקה לאמבטיה 00,ליטרים,1,ליטר,false,0,8.90,10.90,true,1,7290012117039
7290012117091,false,אבקת כביסה סנו מקסימה sensitive,סנו מקסימה,,אבקת כביסה סנו מקסימה sensitive,קילוגרמים,6,"ק""ג",false,0,49.90,10.82,true,1,7290012117091
7290012117275,false,נוזל רב תכליתי לניקוי ולהברקה מילוי,סנו קליר,,נוזל רב תכליתי לניקוי ולהברקה מילוי,מליליטרים,750,"100 מ""ל",false,0,8.90,1.19,true,1,7290012117275
7290012117350,false,ריצפז פרש בריח לילך לבנדר,סנו פרש Fresh,,ריצפז פרש בריח לילך לבנדר,ליטרים,2,ליטר,false,0,17.90,9.95,true,1,7290012117350
7290012117411,false,שמפו וג'ל רחצה לגבר רויבוס Rooibos,קרמה Crema,,שמפו וג'ל רחצה לגבר רויבוס Rooibos,מליליטרים,700,"100 מ""ל",false,0,18.90,2.70,true,1,7290012117411
7290012117428,false,שמפו וג'ל רחצה קרמה מן מנטה,קרמה Crema,,שמפו וג'ל רחצה קרמה מן מנטה,מליליטרים,700,"100 מ""ל",false,0,18.90,2.70,true,1,7290012117428
7290012117435,false,שמפו וג'ל רחצה לגבר אלוורה Black Soul,קרמה Crema,,שמפו וג'ל רחצה לגבר אלוורה Black Soul,מליליטרים,700,"100 מ""ל",false,0,18.90,2.70,true,1,7290012117435
7290012117466,false,ג'ל רחצה לפנים אשכולית אדומה,קרמה Crema,,ג'ל רחצה לפנים אשכולית אדומה,מליליטרים,180,"100 מ""ל",false,0,14.90,11.06,true,1,7290012117466
7290012117534,false,מרכך כביסה סופר מרוכז Cool,סנו מקסימה,,מרכך כביסה סופר מרוכז Cool,ליטרים,1,ליטר,false,0,19.90,19.90,true,1,7290012117534
7290012117541,false,מרכך כביסה סופר מרוכז Zen,סנו מקסימה,,מרכך כביסה סופר מרוכז Zen,ליטרים,1,ליטר,false,0,19.90,19.90,true,1,7290012117541
7290012117558,false,מרכך כביסה סופר מרוכז מאסק,סנו מקסימה,,מרכך כביסה סופר מרוכז מאסק,ליטרים,1,ליטר,false,0,19.90,19.90,true,1,7290012117558
7290012117565,false,כפפות לטקס עם אבקה מידה S,סנו סושי,,כפפות לטקס עם אבקה מידה S,יחידות,100,יחידה,false,0,32.90,0.33,true,1,7290012117565
7290012117572,false,כפפות לטקס עם אבקה מידה M,סנו סושי,,כפפות לטקס עם אבקה מידה M,יחידות,100,יחידה,false,0,32.90,0.33,true,1,7290012117572
7290012117589,false,כפפות לטקס עם אבקה מידה L,סנו סושי,,כפפות לטקס עם אבקה מידה L,יחידות,100,יחידה,false,0,32.90,0.33,true,1,7290012117589
7290012117626,false,שטיפת פה דנטלית לילדים בטעם ענבים בוב ספוג,אורביטול Orbitol,,שטיפת פה דנטלית לילדים בטעם ענבים בוב ספוג,מליליטרים,250,"100 מ""ל",false,0,11.90,5.96,true,1,7290012117626
7290012117732,false,מרכך כביסה ארומתראפי Cool,סנו מקסימה,,מרכך כביסה ארומתראפי Cool,ליטרים,4,ליטר,false,0,22.90,5.73,true,1,7290012117732
7290012117916,false,סנו אינסטלטור נוזלי בתוספת javel,סנו אינסטלטור,,סנו אינסטלטור נוזלי בתוספת javel,ליטרים,1,ליטר,false,0,29.90,29.90,true,1,7290012117916
7290012159275,false,מיונז אמיתי,לינה,,מיונז אמיתי,גרמים,430,100 גרם,false,0,7.90,1.84,true,1,7290012159275
7290012159497,false,יין לבן יבש מבעבע גוטה דה מרוויה Gota De Maravilla,,,יין לבן יבש מבעבע גוטה דה מרוויה Gota De Maravilla,מליליטרים,700,"100 מ""ל",false,0,24.90,3.56,true,1,7290012159497
7290012191992,false,גפרורי בטיחות - גפרורים ארוכים,מנורה,,גפרורי בטיחות - גפרורים ארוכים,יחידות,45,יחידה,false,0,4.90,0.11,true,1,7290012191992
7290012192098,false,דאודורנט רול און 72 שעות,חלאבין Halvin,,דאודורנט רול און 72 שעות,מליליטרים,50,"100 מ""ל",false,0,24.90,49.80,true,1,7290012192098
7290012192104,false,דאודורנט רול און 72 שעות,חלאבין Halvin,,דאודורנט רול און 72 שעות,מליליטרים,50,"100 מ""ל",false,0,24.90,49.80,true,1,7290012192104
7290012193125,false,ממתיק על בסיס סוכרלוז - טבליות,מרמולייט,,ממתיק על בסיס סוכרלוז - טבליות,גרמים,11,100 גרם,false,0,24.90,230.56,true,1,7290012193125
7290012212055,false,קוקטייל זיתים ישראלי,מוטולה,,קוקטייל זיתים ישראלי,גרמים,560,100 גרם,false,0,11.90,2.13,true,1,7290012212055
7290012226021,false,סלמי מעושן פראג,זוגלובק,,סלמי מעושן פראג,גרמים,400,100 גרם,false,0,17.90,4.48,true,1,7290012226021
7290012226120,false,קבנוס,זוגלובק,,קבנוס,גרמים,135,100 גרם,false,0,9.90,7.33,true,1,7290012226120
7290012226342,false,נקניקיה טבעונית למחבת או לתנור עשירה בחלבון,זוגלו'ס Zoglos,,נקניקיה טבעונית למחבת או לתנור עשירה בחלבון,גרמים,460,100 גרם,false,0,24.90,5.41,true,1,7290012226342
7290012226922,false,קבנוס עם שום,זוגלובק,,קבנוס עם שום,גרמים,135,100 גרם,false,0,9.90,7.33,true,1,7290012226922
7290012226939,false,קבנוס עם צ'ילי חריף,זוגלובק,,קבנוס עם צ'ילי חריף,גרמים,135,100 גרם,false,0,9.90,7.33,true,1,7290012226939
7290012227172,false,מארז חרמון הודו ועוף ברביקיו + הודו ועוף בדבש,זוגלובק,,מארז חרמון הודו ועוף ברביקיו + הודו ועוף בדבש,גרמים,600,100 גרם,false,2,29.90,4.98,true,1,7290012227172
7290012227325,false,סלמי איטלקי מעודן דק דק דק,זוגלובק,,סלמי איטלקי מעודן דק דק דק,גרמים,120,100 גרם,false,0,11.90,9.92,true,1,7290012227325
7290012227912,false,קבנוס מעודן,זוגלובק,,קבנוס מעודן,גרמים,135,100 גרם,false,0,9.90,7.33,true,1,7290012227912
7290012227974,false,פסטרמה הודו בדבש טהור דק דק דק,זוגלובק,,פסטרמה הודו בדבש טהור דק דק דק,גרמים,120,100 גרם,false,0,11.90,9.92,true,1,7290012227974
7290012227981,false,פסטרמה הודו ברביקיו דק דק דק,זוגלובק,,פסטרמה הודו ברביקיו דק דק דק,גרמים,120,100 גרם,false,0,11.90,9.92,true,1,7290012227981
7290012227998,false,חזה בקר פרוס דק דק דק,זוגלובק,,חזה בקר פרוס דק דק דק,גרמים,120,100 גרם,false,0,11.90,9.92,true,1,7290012227998
7290012228124,false,קבנוס סטיקס עם נגיעות מלח ים סדרת ריינהולד'ס,זוגלובק,,קבנוס סטיקס עם נגיעות מלח ים סדרת ריינהולד'ס,גרמים,50,100 גרם,false,0,9.90,19.80,true,1,7290012228124
7290012228261,false,נקניקיות הודו ועוף קנקרס,זוגלובק,,נקניקיות הודו ועוף קנקרס,גרמים,300,100 גרם,false,0,19.90,6.63,true,1,7290012228261
7290012228278,false,נקניקיות עוף ובקר בוקוורסט,זוגלובק,,נקניקיות עוף ובקר בוקוורסט,גרמים,310,100 גרם,false,0,19.90,6.42,true,1,7290012228278
7290012228728,false,קבנוס סטיקס בסגנון מקסיקני חריף סדרת ריינהולד'ס,זוגלובק,,קבנוס סטיקס בסגנון מקסיקני חריף סדרת ריינהולד'ס,גרמים,50,100 גרם,false,0,9.90,19.80,true,1,7290012228728
7290012228766,false,קבנוס מחפוד,זוגלובק,,קבנוס מחפוד,גרמים,120,100 גרם,false,0,9.90,8.25,true,1,7290012228766
7290012309311,false,ערמונים קלופים וקלויים,ששון הקולה,,ערמונים קלופים וקלויים,גרמים,100,100 גרם,false,0,6.90,6.90,true,1,7290012309311
7290012309939,false,חלבה מסולסלת,ששון הקולה,,חלבה מסולסלת,גרמים,500,100 גרם,false,0,14.90,2.98,true,1,7290012309939
7290012313141,false,פרוסות מלפפונים במלח,קבוצת יבנה,,פרוסות מלפפונים במלח,גרמים,560,100 גרם,false,0,6.50,1.16,true,1,7290012313141
7290012332746,false,רולר פול - 6 מותחני חבל כביסה,ספאדיני,,רולר פול - 6 מותחני חבל כביסה,,0,,false,0,24.90,0.00,true,1,7290012332746
7290012352010,false,קרם לחות מזינה עם שמן ארגן מרוקאי לשיער יבש מאוד ופגום,נטורל פורמולה Natural Formula,,קרם לחות מזינה עם שמן ארגן מרוקאי לשיער יבש מאוד ופגום,מליליטרים,400,"100 מ""ל",false,0,19.90,6.48,true,1,7290012352010
7290012352027,false,קרם לחות מזינה עם שמן אגוז ברזילאי לשיער צבוע ופגום,נטורל פורמולה Natural Formula,,קרם לחות מזינה עם שמן אגוז ברזילאי לשיער צבוע ופגום,מליליטרים,400,"100 מ""ל",false,0,19.90,6.48,true,1,7290012352027
7290012352034,false,קרם לחות מזינה עם שמן אגוז מקדמיה לשיער מתולתל,נטורל פורמולה Natural Formula,,קרם לחות מזינה עם שמן אגוז מקדמיה לשיער מתולתל,מליליטרים,400,"100 מ""ל",false,0,19.90,6.48,true,1,7290012352034
7290012356162,false,מיקרוגל דיגיטלי דלת מראה,סנסווי Sansui,,מיקרוגל דיגיטלי דלת מראה,,0,,false,0,449.90,0.00,true,1,7290012356162
7290012356490,false,טוסטר אובן 20 ליטר,המילטון Hemilton,,טוסטר אובן 20 ליטר,,0,,false,0,249.90,0.00,true,1,7290012356490
7290012367700,false,קרם גוף אינטנסיב רליף Intensive relief לעור יבש ומגורה,"ד""ר פישר Dr fischer",,קרם גוף אינטנסיב רליף Intensive relief לעור יבש ומגורה,מליליטרים,700,"100 מ""ל",false,0,32.90,4.70,true,1,7290012367700
7290012367717,false,קרם ידיים וציפורניים Intensive relief לעור יבש ומגורה,"ד""ר פישר Dr fischer",,קרם ידיים וציפורניים Intensive relief לעור יבש ומגורה,מליליטרים,150,"100 מ""ל",false,0,11.90,10.60,true,1,7290012367717
7290012367823,false,אמול פורטה שמן רחצה טיפולי לתינוק,"ד""ר פישר Dr fischer",,אמול פורטה שמן רחצה טיפולי לתינוק,מליליטרים,200,"100 מ""ל",false,0,44.90,22.45,true,1,7290012367823
7290012367908,false,שמן טיפולי לתינוק בתוספת אלוורה Kamil Blue Sensitive,"ד""ר פישר Dr fischer",,שמן טיפולי לתינוק בתוספת אלוורה Kamil Blue Sensitive,מליליטרים,200,"100 מ""ל",false,0,17.90,8.95,true,1,7290012367908
7290012368288,false,צנטרום מולטיויטמין המכיל 27 ויטמינים ומינרלים,צנטרום Centrum,,צנטרום מולטיויטמין המכיל 27 ויטמינים ומינרלים,יחידות,60,יחידה,false,0,99.90,1.67,true,1,7290012368288
7290012368813,false,צנטרום מולטיויטמין פרפורמנס,צנטרום Centrum,,צנטרום מולטיויטמין פרפורמנס,יחידות,60,יחידה,false,0,119.90,2.00,true,1,7290012368813
7290012404177,false,משקה מוגז בטעם תפוחים,שוופס Schweppes,,משקה מוגז בטעם תפוחים,מליליטרים,330,"100 מ""ל",false,0,5.90,1.79,true,1,7290012404177
7290012404955,false,נקטר חמוציות collection,ספרינג,,נקטר חמוציות collection,ליטרים,1,ליטר,false,0,11.90,9.52,true,1,7290012404955
7290012404993,false,נקטר חמוציות דיאט collection,ספרינג,,נקטר חמוציות דיאט collection,ליטרים,1,ליטר,false,0,11.90,9.52,true,1,7290012404993
7290012413636,false,תה ירוק צ'אי מסאלה,ויסוצקי ירוק,,תה ירוק צ'אי מסאלה,גרמים,38,100 גרם,false,25,22.90,61.07,true,1,7290012413636
7290012413643,false,תה ירוק קמומיל,ויסוצקי ירוק,,תה ירוק קמומיל,גרמים,38,100 גרם,false,25,22.90,61.07,true,1,7290012413643
7290012454172,false,סוכריות ללא סוכר בטעם יוגורט- תות שדה,מיה,,סוכריות ללא סוכר בטעם יוגורט- תות שדה,גרמים,80,100 גרם,false,0,6.90,8.63,true,1,7290012454172
7290012454189,false,סוכריות ללא סוכר בטעם יוגורט- אפרסק,מיה,,סוכריות ללא סוכר בטעם יוגורט- אפרסק,גרמים,80,100 גרם,false,0,6.90,8.63,true,1,7290012454189
7290012454196,false,סוכריות ללא סוכר בטעם קפוצ'ינו,מיה,,סוכריות ללא סוכר בטעם קפוצ'ינו,גרמים,80,100 גרם,false,0,6.90,8.63,true,1,7290012454196
7290012454202,false,סוכריות ללא סוכר בטעם ריבת חלב,מיה,,סוכריות ללא סוכר בטעם ריבת חלב,גרמים,80,100 גרם,false,0,6.90,8.63,true,1,7290012454202
7290012454257,false,שזיפים ללא גלעין,מיה,,שזיפים ללא גלעין,גרמים,200,100 גרם,false,0,9.90,4.95,true,1,7290012454257
7290012454592,false,סוכריות ללא סוכר בטעם דבש לימון,מיה,,סוכריות ללא סוכר בטעם דבש לימון,גרמים,80,100 גרם,false,0,6.90,8.63,true,1,7290012454592
7290012470479,false,אסלונית כיסוי מגן לאסלה,,,אסלונית כיסוי מגן לאסלה,יחידות,10,יחידה,false,0,9.90,0.99,true,1,7290012470479
7290012470493,false,כובע רחצה,ש.י גיספאן,,כובע רחצה,,0,,false,0,14.90,0.00,true,1,7290012470493
7290012483608,false,אורז בסמטי DAAWAT,וילי פוד,,אורז בסמטי DAAWAT,קילוגרמים,5,"ק""ג",false,0,52.90,10.58,true,1,7290012483608
7290012485398,false,כמוסות פמינוז Feminnose,Nutri Care נוטרי קאר,,כמוסות פמינוז Feminnose,יחידות,60,יחידה,false,0,149.90,2.50,true,1,7290012485398
7290012491047,false,שמפו קלנדולה לתינוק,מאמי קר Mommy Care,,שמפו קלנדולה לתינוק,מליליטרים,400,"100 מ""ל",false,0,39.90,9.98,true,1,7290012491047
7290012491078,false,‎לתינוק‎ ‎קלנדולה‎ ‎סבון,מאמי קר Mommy Care,,‎לתינוק‎ ‎קלנדולה‎ ‎סבון,מליליטרים,400,"100 מ""ל",false,0,39.90,9.98,true,1,7290012491078
7290012491405,false,"סבון טבעי לניקוי בקבוקים, מוצצים ומשאבות חלב",מאמי קר Mommy Care,,"סבון טבעי לניקוי בקבוקים, מוצצים ומשאבות חלב",מליליטרים,230,"100 מ""ל",false,0,24.90,10.83,true,1,7290012491405
7290012491474,false,שמפו לילדים לריכוך השיער והזנת עור הקרקפת,מאמי קר Mommy Care,,שמפו לילדים לריכוך השיער והזנת עור הקרקפת,מליליטרים,400,"100 מ""ל",false,0,29.90,7.48,true,1,7290012491474
7290012491696,false,תערובת ציטרונלה להגנה מפני עקיצות יתושים,מאמי קר Mommy Care,,תערובת ציטרונלה להגנה מפני עקיצות יתושים,מליליטרים,50,"100 מ""ל",false,0,34.90,69.80,true,1,7290012491696
7290012497032,false,"ברזל רך 30 מ""ג",אלטמן,,"ברזל רך 30 מ""ג",יחידות,80,יחידה,false,0,64.90,0.81,true,1,7290012497032
7290012497131,false,טיפות המכילות ויטמין D-400,אלטמן,,טיפות המכילות ויטמין D-400,מליליטרים,15,"100 מ""ל",false,0,29.90,199.33,true,1,7290012497131
7290012497315,false,חמוציות - תמצית מרוכזת של חמוציות בתוספת ויטמין C,אלטמן,,חמוציות - תמצית מרוכזת של חמוציות בתוספת ויטמין C,יחידות,60,יחידה,false,0,74.90,1.25,true,1,7290012497315
7290012497322,false,נוסטרול קומפלקס-פיטוסטרולים ואומגה 3,אלטמן,,נוסטרול קומפלקס-פיטוסטרולים ואומגה 3,יחידות,60,יחידה,false,0,109.90,1.83,true,1,7290012497322
7290012497643,false,C 500 קפליות המכילות ויטמין C בתוספת פקעות ורדים,אלטמן,,C 500 קפליות המכילות ויטמין C בתוספת פקעות ורדים,יחידות,100,יחידה,false,0,59.90,0.60,true,1,7290012497643
7290012497650,false,"ויטמין C -1000 מ""ג",אלטמן,,"ויטמין C -1000 מ""ג",יחידות,100,יחידה,false,0,72.90,0.73,true,1,7290012497650
7290012522581,false,שניצל תירס ללא גלוטן,טבעול,,שניצל תירס ללא גלוטן,גרמים,664,100 גרם,false,0,29.90,4.50,true,1,7290012522581
7290012561313,false,בצל קצוץ ומטוגן,דורות,,בצל קצוץ ומטוגן,גרמים,400,100 גרם,false,0,19.90,4.98,true,1,7290012561313
7290012561405,false,בצל קצוץ ומטוגן,דורות,,בצל קצוץ ומטוגן,גרמים,180,100 גרם,false,0,9.90,5.50,true,1,7290012561405
7290012576591,false,יין רזרב גוורצטרמינר,יקבי ברקן Barkan,,יין רזרב גוורצטרמינר,מליליטרים,750,"100 מ""ל",false,0,59.90,7.99,true,1,7290012576591
7290012576607,false,יין Premieur אדום יבש קברנה סוביניון מלבק,יקבי ברקן Barkan,,יין Premieur אדום יבש קברנה סוביניון מלבק,מליליטרים,750,"100 מ""ל",false,0,26.90,3.59,true,1,7290012576607
7290012576614,false,יין Premieur לבן חצי יבש אמרלד ריזלינג קולומברד,יקבי ברקן Barkan,,יין Premieur לבן חצי יבש אמרלד ריזלינג קולומברד,מליליטרים,750,"100 מ""ל",false,0,26.90,3.59,true,1,7290012576614
7290012642678,false,חתיכות אננס בסירופ קל,תומר,,חתיכות אננס בסירופ קל,גרמים,452,100 גרם,false,4,10.90,2.41,true,1,7290012642678
7290012642685,false,חתיכות אפרסקים בסירופ קל,תומר,,חתיכות אפרסקים בסירופ קל,גרמים,452,100 גרם,false,4,10.90,2.41,true,1,7290012642685
7290012642692,false,קוקטייל פירות בסירופ קל,תומר,,קוקטייל פירות בסירופ קל,גרמים,452,100 גרם,false,4,10.90,2.41,true,1,7290012642692
7290012642807,false,פלפלים ירוקים חריפים כבושים שלמים,תומר,,פלפלים ירוקים חריפים כבושים שלמים,גרמים,530,100 גרם,false,0,9.90,1.87,true,1,7290012642807
7290012642814,false,פלפלים חריפים מעורבים כבושים שלמים,תומר,,פלפלים חריפים מעורבים כבושים שלמים,גרמים,530,100 גרם,false,0,9.90,1.87,true,1,7290012642814
7290012642838,false,רצועות פלפלים אדומים מוחמצים,תומר,,רצועות פלפלים אדומים מוחמצים,גרמים,520,100 גרם,false,0,9.90,1.90,true,1,7290012642838
7290012642845,false,פלפלים אדומים שלמים מוחמצים,תומר,,פלפלים אדומים שלמים מוחמצים,גרמים,520,100 גרם,false,0,9.90,1.90,true,1,7290012642845
7290012642869,false,פלפלים קטנים חריפים כבושים שלמים,תומר,,פלפלים קטנים חריפים כבושים שלמים,גרמים,530,100 גרם,false,0,9.90,1.87,true,1,7290012642869
7290012642876,false,פלפלים קטנים חריפים כבושים שלמים,תומר,,פלפלים קטנים חריפים כבושים שלמים,גרמים,530,100 גרם,false,0,9.90,1.87,true,1,7290012642876
7290012642883,false,פלפלים קטנים צהובים חריפים כבושים שלמים,תומר,,פלפלים קטנים צהובים חריפים כבושים שלמים,גרמים,530,100 גרם,false,0,9.90,1.87,true,1,7290012642883
7290012642906,false,פלפלים ירוקים מוחמצים שלמים בחריפות עדינה,תומר,,פלפלים ירוקים מוחמצים שלמים בחריפות עדינה,גרמים,450,100 גרם,false,0,9.90,2.20,true,1,7290012642906
7290012645020,false,יוגורט עיזים מחלב מלא,חלב הארץ,,יוגורט עיזים מחלב מלא,מליליטרים,500,"100 מ""ל",false,0,11.90,2.38,true,1,7290012645020
7290012645051,false,יוגורט עיזים ביו,חלב הארץ,,יוגורט עיזים ביו,גרמים,350,100 גרם,false,0,10.90,3.11,true,1,7290012645051
7290012645112,false,יוגורט עיזים ביו בטעם טבעי 2.8%,חלב הארץ,,יוגורט עיזים ביו בטעם טבעי 2.8%,גרמים,750,100 גרם,false,0,19.90,2.65,true,1,7290012645112
7290012645129,false,יוגורט כבשים ביו בטעם טבעי 5%,חלב הארץ,,יוגורט כבשים ביו בטעם טבעי 5%,גרמים,750,100 גרם,false,0,19.90,2.65,true,1,7290012645129
7290012645297,false,יוגורט עיזים ביו 2.8%,חלב הארץ,,יוגורט עיזים ביו 2.8%,גרמים,150,100 גרם,false,0,5.90,3.93,true,1,7290012645297
7290012645389,false,יוגורט עיזים מחלב מלא 2.8%,חלב הארץ,,יוגורט עיזים מחלב מלא 2.8%,ליטרים,1,ליטר,false,0,19.90,19.90,true,1,7290012645389
7290012697241,false,סוכרזית סטיוויה נוזלי,סוכרזית Sucrazit,,סוכרזית סטיוויה נוזלי,מליליטרים,220,"100 מ""ל",false,0,26.90,12.23,true,1,7290012697241
7290012697388,false,סוכרזית סטיוויה אבקה,סוכרזית Sucrazit,,סוכרזית סטיוויה אבקה,גרמים,100,100 גרם,false,0,29.90,29.90,true,1,7290012697388
7290012701832,false,CLASSIC-OR פילינג גרגירים עדין לכל סוגי העור,"ד""ר עור DOCTOR OR",,CLASSIC-OR פילינג גרגירים עדין לכל סוגי העור,מליליטרים,100,"100 מ""ל",false,0,69.90,69.90,true,1,7290012701832
7290012701900,false,Classic OR ג'ל לניקוי יסודי,"ד""ר עור DOCTOR OR",,Classic OR ג'ל לניקוי יסודי,מליליטרים,50,"100 מ""ל",false,0,39.90,79.80,true,1,7290012701900
7290012760037,false,פרוביוטיקה ביו-25,סופהרב,,פרוביוטיקה ביו-25,יחידות,30,יחידה,false,0,79.90,2.66,true,1,7290012760037
7290012760174,false,"ויטמין D סופט ג'ל 400 יחב""ל",סופהרב,,"ויטמין D סופט ג'ל 400 יחב""ל",יחידות,120,יחידה,false,0,39.90,0.33,true,1,7290012760174
7290012760266,false,"טיפות ויטמין D במינון 1000 יחב""ל",סופהרב,,"טיפות ויטמין D במינון 1000 יחב""ל",מליליטרים,20,"100 מ""ל",false,0,44.90,224.50,true,1,7290012760266
7290012760761,false,"ויטמין D3 במינון 1000 יחב""ל",סופהרב,,"ויטמין D3 במינון 1000 יחב""ל",יחידות,90,יחידה,false,0,49.90,0.55,true,1,7290012760761
7290012760792,false,פריג’נטלי - מולטי ויטמין לנשים הרות ומניקות,סופהרב,,פריג’נטלי - מולטי ויטמין לנשים הרות ומניקות,יחידות,60,יחידה,false,0,74.90,1.25,true,1,7290012760792
7290012760808,false,ברזל קומפלקס,סופהרב,,ברזל קומפלקס,יחידות,90,יחידה,false,0,54.90,0.61,true,1,7290012760808
7290012760853,false,"טיפות ויטמין D במינון 400 יחב""ל",סופהרב,,"טיפות ויטמין D במינון 400 יחב""ל",מליליטרים,20,"100 מ""ל",false,0,29.90,149.50,true,1,7290012760853
7290012803055,false,ממתיק על בסיס סוכרלוז - שקיות,מרמולייט,,ממתיק על בסיס סוכרלוז - שקיות,יחידות,100,יחידה,false,0,24.90,0.25,true,1,7290012803055
7290012803215,false,וופל בלגי בטעם שוקולד ללא תוספת סוכר,טוסו tusso,,וופל בלגי בטעם שוקולד ללא תוספת סוכר,גרמים,200,100 גרם,false,0,9.90,4.95,true,1,7290012803215
7290012803222,false,וופל בלגי בטעם לימון ללא תוספת סוכר,טוסו tusso,,וופל בלגי בטעם לימון ללא תוספת סוכר,גרמים,200,100 גרם,false,0,9.90,4.95,true,1,7290012803222
7290012803314,false,ממתיק על בסיס סוכרלוז - טבליות,מרמולייט,,ממתיק על בסיס סוכרלוז - טבליות,יחידות,300,יחידה,false,0,39.90,0.13,true,1,7290012803314
7290012803321,false,ממתיק על בסיס סוכרלוז - שקיות,מרמולייט,,ממתיק על בסיס סוכרלוז - שקיות,יחידות,200,יחידה,false,0,39.90,0.20,true,1,7290012803321
7290012803451,false,שוקולד מריר מעולה 62% ללא תוספת סוכר,טוסו tusso,,שוקולד מריר מעולה 62% ללא תוספת סוכר,גרמים,100,100 גרם,false,0,7.90,7.90,true,1,7290012803451
7290012803765,false,שוקולד מריר ללא תוספת סוכר,טוסו tusso,,שוקולד מריר ללא תוספת סוכר,גרמים,100,100 גרם,false,0,7.90,7.90,true,1,7290012803765
7290012803772,false,שוקולד חלב ללא תוספת סוכר,טוסו tusso,,שוקולד חלב ללא תוספת סוכר,גרמים,100,100 גרם,false,0,7.90,7.90,true,1,7290012803772
7290012803789,false,שוקולד מריר עם אגוזים ללא תוספת סוכר,טוסו tusso,,שוקולד מריר עם אגוזים ללא תוספת סוכר,גרמים,100,100 גרם,false,0,7.90,7.90,true,1,7290012803789
7290012803796,false,שוקולד חלב עם אגוזים ללא תוספת סוכר,טוסו tusso,,שוקולד חלב עם אגוזים ללא תוספת סוכר,גרמים,100,100 גרם,false,0,7.90,7.90,true,1,7290012803796
7290012823237,false,תחליב רחצה בריזת ים,קרמה Crema,,תחליב רחצה בריזת ים,מליליטרים,700,"100 מ""ל",false,0,19.90,2.84,true,1,7290012823237
7290012823251,false,אל סבון יסמין ולבנדר,כיף,,אל סבון יסמין ולבנדר,ליטרים,1,ליטר,false,0,14.90,14.90,true,1,7290012823251
7290012823374,false,מטליות לניקוי כללי אנטי קאלק,סנו אנטי קאלק Anti Kalk,,מטליות לניקוי כללי אנטי קאלק,יחידות,50,יחידה,false,0,14.90,0.30,true,1,7290012823374
7290012823381,false,מרכך כביסה סופר מרוכז סנסטיב בייבי,סנו מקסימה,,מרכך כביסה סופר מרוכז סנסטיב בייבי,ליטרים,1,ליטר,false,0,19.90,19.90,true,1,7290012823381
7290012823398,false,ריצפז מטליות לחות לניקוי רצפה בניחוח מרכך כביסה,סנו,,ריצפז מטליות לחות לניקוי רצפה בניחוח מרכך כביסה,יחידות,10,יחידה,false,0,14.90,1.49,true,1,7290012823398
7290012823404,false,מטהר אוויר פרש אוטומטיק יסמין וסנדלווד,סנו פרש Fresh,,מטהר אוויר פרש אוטומטיק יסמין וסנדלווד,מליליטרים,250,"100 מ""ל",false,0,12.90,7.96,true,1,7290012823404
7290012823541,false,מטליות לחות לניקוי הרצפה ריצפז פרש,סנו,,מטליות לחות לניקוי הרצפה ריצפז פרש,יחידות,10,יחידה,false,0,14.90,1.49,true,1,7290012823541
7290012823558,false,מטליות לחות לניקוי הרצפה 40X70,סנו סושי,,מטליות לחות לניקוי הרצפה 40X70,יחידות,10,יחידה,false,0,14.90,1.49,true,1,7290012823558
7290012823565,false,מטליות ענק לחות לפרקט פוליויקס,סנו פוליויקס,,מטליות ענק לחות לפרקט פוליויקס,יחידות,10,יחידה,false,0,13.90,1.99,true,1,7290012823565
7290012823589,false,ריצפז פרש בניחוח לימון מרענן,סנו פרש Fresh,,ריצפז פרש בניחוח לימון מרענן,ליטרים,2,ליטר,false,0,17.90,9.95,true,1,7290012823589
7290012823657,false,מסיר כתמים רסס וכבס מילוי,סנו קל,,מסיר כתמים רסס וכבס מילוי,מליליטרים,750,"100 מ""ל",false,0,12.90,1.72,true,1,7290012823657
7290012823787,false,רסס ונגב מילוי,סנו,,רסס ונגב מילוי,מליליטרים,750,"100 מ""ל",false,0,9.90,1.32,true,1,7290012823787
7290012823794,false,אל סבון יסמין ולבנדר,כיף,,אל סבון יסמין ולבנדר,ליטרים,2,ליטר,false,0,22.90,11.45,true,1,7290012823794
7290012823916,false,ג'ל כביסה מרוכז בניחוח Crystal Noir,סנו מקסימה,,ג'ל כביסה מרוכז בניחוח Crystal Noir,ליטרים,5,ליטר,false,0,44.90,8.98,true,1,7290012823916
7290012823923,false,מרכך כביסה סופר מרוכז פרפיום גולדן סנרייז,סנו מקסימה,,מרכך כביסה סופר מרוכז פרפיום גולדן סנרייז,מליליטרים,750,"100 מ""ל",false,0,19.90,2.65,true,1,7290012823923
7290012823947,false,מרכך כביסה סופר מרוכז פרפיום קריסטל נואר,סנו מקסימה,,מרכך כביסה סופר מרוכז פרפיום קריסטל נואר,מליליטרים,750,"100 מ""ל",false,0,19.90,2.65,true,1,7290012823947
7290012850073,false,מחית סלט פירות שלב 3,בילובד Beloved,,מחית סלט פירות שלב 3,גרמים,190,100 גרם,false,0,5.90,3.11,true,1,7290012850073
7290012850592,false,RETIN-OR קרם לילה אנטי אייג'ינג לעור בוגר +45,"ד""ר עור DOCTOR OR",,RETIN-OR קרם לילה אנטי אייג'ינג לעור בוגר +45,מליליטרים,50,"100 מ""ל",false,0,139.90,279.80,true,1,7290012850592
7290012871054,false,חיטה תפוחה מתוקה שלווה,מפעלי דגן,,חיטה תפוחה מתוקה שלווה,גרמים,200,100 גרם,false,0,5.90,2.95,true,1,7290012871054
7290012871061,false,פופ מתוק חטיף תירס,מפעלי דגן,,פופ מתוק חטיף תירס,גרמים,150,100 גרם,false,0,5.90,3.93,true,1,7290012871061
7290012878817,false,קרם חמצן 6%,שוורץ Schwartz,,קרם חמצן 6%,,60,,false,0,3.00,5.00,true,1,7290012878817
7290012878831,false,קרם חמצן 9%,שוורץ Schwartz,,קרם חמצן 9%,,60,,false,0,3.00,5.00,true,1,7290012878831
7290012884986,false,צ'יפס לתנור 4% שומן,תפוגן,,צ'יפס לתנור 4% שומן,קילוגרמים,2,"ק""ג",false,0,24.90,16.60,true,1,7290012884986
7290012911088,false,רוטב סויה בהירה,טעמי אסיה Taste of Asia,,רוטב סויה בהירה,מליליטרים,500,"100 מ""ל",false,0,11.90,2.38,true,1,7290012911088
7290012911156,false,רוטב טריאקי שומשום,טעמי אסיה Taste of Asia,,רוטב טריאקי שומשום,מליליטרים,300,"100 מ""ל",false,0,13.90,4.63,true,1,7290012911156
7290012911170,false,מיסו כהה-מחית פולי סויה,טעמי אסיה Taste of Asia,,מיסו כהה-מחית פולי סויה,גרמים,500,100 גרם,false,0,10.90,2.18,true,1,7290012911170
7290012911187,false,מיסו בהיר-מחית פולי סויה,טעמי אסיה Taste of Asia,,מיסו בהיר-מחית פולי סויה,גרמים,500,100 גרם,false,0,10.90,2.18,true,1,7290012911187
7290012911293,false,"דפי אורז קוטר 22 ס""מ",טעמי אסיה Taste of Asia,,"דפי אורז קוטר 22 ס""מ",גרמים,300,100 גרם,false,0,12.90,4.30,true,1,7290012911293
7290012911415,false,ממרח קארי ירוק,טעמי אסיה Taste of Asia,,ממרח קארי ירוק,גרמים,400,100 גרם,false,0,16.90,4.23,true,1,7290012911415
7290012911422,false,ממרח קארי אדום,טעמי אסיה Taste of Asia,,ממרח קארי אדום,גרמים,400,100 גרם,false,0,16.90,4.23,true,1,7290012911422
7290012911439,false,ממרח קארי צהוב,טעמי אסיה Taste of Asia,,ממרח קארי צהוב,גרמים,400,100 גרם,false,0,16.90,4.23,true,1,7290012911439
7290012911477,false,קרם אגוזי קוקוס,טעמי אסיה Taste of Asia,,קרם אגוזי קוקוס,גרמים,400,100 גרם,false,0,8.90,2.23,true,1,7290012911477
7290012911583,false,רצועות דלעת כבושה-קנפיו,טעמי אסיה Taste of Asia,,רצועות דלעת כבושה-קנפיו,גרמים,100,100 גרם,false,0,10.90,10.90,true,1,7290012911583
7290012911644,false,רוטב סריראצ'ה- רוטב צ'ילי חריף,טעמי אסיה Taste of Asia,,רוטב סריראצ'ה- רוטב צ'ילי חריף,מליליטרים,435,"100 מ""ל",false,0,19.90,4.57,true,1,7290012911644
7290012911651,false,"מקלוני אורז 10 מ""מ Rice stick",טעמי אסיה Taste of Asia,,"מקלוני אורז 10 מ""מ Rice stick",גרמים,400,100 גרם,false,0,8.90,2.23,true,1,7290012911651
7290012911675,false,פטריות שיטאקה מיובשות,טעמי אסיה Taste of Asia,,פטריות שיטאקה מיובשות,גרמים,85,100 גרם,false,0,13.90,16.35,true,1,7290012911675
7290012911729,false,ג'ינג'ר כבוש,טעמי אסיה Taste of Asia,,ג'ינג'ר כבוש,גרמים,250,100 גרם,false,0,7.90,3.16,true,1,7290012911729
7290012911804,false,שמן שומשום לא מזוכך,טעמי אסיה Taste of Asia,,שמן שומשום לא מזוכך,מליליטרים,150,"100 מ""ל",false,0,11.90,7.93,true,1,7290012911804
7290012911866,false,"דפי אורז 22*22 ס""מ",טעמי אסיה Taste of Asia,,"דפי אורז 22*22 ס""מ",גרמים,300,100 גרם,false,0,12.90,4.30,true,1,7290012911866
7290012911941,false,רוטב צ'ילי מתוק ללא תוספת סוכר,טעמי אסיה Taste of Asia,,רוטב צ'ילי מתוק ללא תוספת סוכר,גרמים,700,100 גרם,false,0,13.90,1.99,true,1,7290012911941
7290012911965,false,ג'ינג'ר כבוש,טעמי אסיה Taste of Asia,,ג'ינג'ר כבוש,גרמים,250,100 גרם,false,0,7.90,3.16,true,1,7290012911965
7290012921025,false,בירה מלכה בהירה,מלכה,,בירה מלכה בהירה,מליליטרים,330,"100 מ""ל",false,0,12.90,3.91,true,1,7290012921025
7290012921032,false,בירה מלכה אדמונית,מלכה,,בירה מלכה אדמונית,מליליטרים,330,"100 מ""ל",false,0,12.90,3.91,true,1,7290012921032
7290012921049,false,בירה מלכה כהה,מלכה,,בירה מלכה כהה,מליליטרים,330,"100 מ""ל",false,0,12.90,3.91,true,1,7290012921049
7290012921063,false,בירה מלכה הינדי בבקבוק,מלכה,,בירה מלכה הינדי בבקבוק,מליליטרים,330,"100 מ""ל",false,0,12.90,3.91,true,1,7290012921063
7290012929779,false,ספירלה מחיטה מלאה,טעמן,,ספירלה מחיטה מלאה,גרמים,500,100 גרם,false,0,4.90,0.98,true,1,7290012929779
7290012929786,false,צינורות מחיטה מלאה,טעמן,,צינורות מחיטה מלאה,גרמים,500,100 גרם,false,0,4.90,0.98,true,1,7290012929786
7290012929793,false,ספגטי מחיטה מלאה,טעמן,,ספגטי מחיטה מלאה,גרמים,500,100 גרם,false,0,4.90,0.98,true,1,7290012929793
7290012931086,false,מטאטא מליציה + מקל,מ.א. ייצור ויבוא מטליות,,מטאטא מליציה + מקל,,0,,false,0,13.90,0.00,true,1,7290012931086
7290012931116,false,מגב חד להב + מקל,מ.א. ייצור ויבוא מטליות,,מגב חד להב + מקל,,0,,false,0,19.90,0.00,true,1,7290012931116
7290012938580,false,משחת שיניים להלבנה Gentle whitening,סנסודיין Sensodyne,,משחת שיניים להלבנה Gentle whitening,מליליטרים,75,"100 מ""ל",false,0,19.90,26.53,true,1,7290012938580
7290012938597,false,משחת שיניים לשיניים רגישות Rapid Relief,סנסודיין Sensodyne,,משחת שיניים לשיניים רגישות Rapid Relief,מליליטרים,75,"100 מ""ל",false,0,23.90,31.87,true,1,7290012938597
7290012938740,false,משחת שיניים לשיניים רגישות מנטה Fresh Mint,סנסודיין Sensodyne,,משחת שיניים לשיניים רגישות מנטה Fresh Mint,מליליטרים,75,"100 מ""ל",false,0,19.90,26.53,true,1,7290012938740
7290012938924,false,מי פה הגנה משולשת מנטה מרענן,אקווה פרש Aquafresh,,מי פה הגנה משולשת מנטה מרענן,מליליטרים,500,"100 מ""ל",false,0,19.90,3.98,true,1,7290012938924
7290012962134,false,קסמי שיניים מפלסטיק עם מברשת,הוסטס Hostess,,קסמי שיניים מפלסטיק עם מברשת,יחידות,100,יחידה,false,0,8.90,0.09,true,1,7290012962134
7290012962448,false,מדליק פחמים נוזלי,איזי לייט Easy light,,מדליק פחמים נוזלי,מליליטרים,250,"100 מ""ל",false,0,11.90,4.76,true,1,7290012962448
7290012962561,false,קיסמי שיניים מבקבוק,הוסטס Hostess,,קיסמי שיניים מבקבוק,יחידות,500,יחידה,false,0,3.90,0.01,true,1,7290012962561
7290012962578,false,צמרוני אוזניים מעץ,קוטון סופט Cotton soft,,צמרוני אוזניים מעץ,יחידות,300,יחידה,false,0,6.90,0.02,true,1,7290012962578
7290012962592,false,מדליק פחמים אקולוגי,איזי לייט Easy light,,מדליק פחמים אקולוגי,יחידות,32,יחידה,false,0,5.90,0.18,true,1,7290012962592
7290012962608,false,"צלחות פלסטיק עבות כ-22 ס""מ במבחר צבעים",הוסטס Hostess,,"צלחות פלסטיק עבות כ-22 ס""מ במבחר צבעים",יחידות,25,יחידה,false,0,12.90,0.52,true,1,7290012962608
7290012962684,false,"שקיות צליה ג'מבו 50*35 ס""מ",הוסטס Hostess,,"שקיות צליה ג'מבו 50*35 ס""מ",יחידות,5,יחידה,false,0,4.90,0.98,true,1,7290012962684
7290012962790,false,כפית האכלה מסיליקון רך,טוליפס Tulips,,כפית האכלה מסיליקון רך,יחידות,1,יחידה,false,0,14.90,14.90,true,1,7290012962790
7290012979064,false,OILY-OR אל סבון לניקוי עור מעורב עד שמן,"ד""ר עור DOCTOR OR",,OILY-OR אל סבון לניקוי עור מעורב עד שמן,מליליטרים,50,"100 מ""ל",false,0,56.90,113.80,true,1,7290012979064
7290012979088,false,סטיק קונסילר טיפולי לכיסוי וייבוש פצעונים,"ד""ר עור DOCTOR OR",,סטיק קונסילר טיפולי לכיסוי וייבוש פצעונים,גרמים,5,100 גרם,false,0,54.90,1220.00,true,1,7290012979088
7290012979156,false,RETIN-OR סרום אנטי אייג'ינג לעור בוגר +45,"ד""ר עור DOCTOR OR",,RETIN-OR סרום אנטי אייג'ינג לעור בוגר +45,מליליטרים,30,"100 מ""ל",false,0,139.90,466.33,true,1,7290012979156
7290012979187,false,RENEW-OR קרם עיניים אנטי אייג'ינג לעור בוגר +30,"ד""ר עור DOCTOR OR",,RENEW-OR קרם עיניים אנטי אייג'ינג לעור בוגר +30,מליליטרים,15,"100 מ""ל",false,0,109.90,732.67,true,1,7290012979187
7290012979194,false,RENEW-OR קרם לילה אנטי אייג'ינג לעור בוגר +30,"ד""ר עור DOCTOR OR",,RENEW-OR קרם לילה אנטי אייג'ינג לעור בוגר +30,מליליטרים,50,"100 מ""ל",false,0,104.90,209.80,true,1,7290012979194
7290012979217,false,SEBO-OR קרם לחות לעור רגיש אדמומי ומגורה,"ד""ר עור DOCTOR OR",,SEBO-OR קרם לחות לעור רגיש אדמומי ומגורה,מליליטרים,75,"100 מ""ל",false,0,79.90,106.53,true,1,7290012979217
7290012979224,false,SEBO-OR שמפו לטיפול בקשקשים ובקרקפת מגורה,"ד""ר עור DOCTOR OR",,SEBO-OR שמפו לטיפול בקשקשים ובקרקפת מגורה,מליליטרים,250,"100 מ""ל",false,0,49.90,19.96,true,1,7290012979224
7290012979231,false,SEBO-OR אל-סבון לעור פנים רגיש ואדמומי,"ד""ר עור DOCTOR OR",,SEBO-OR אל-סבון לעור פנים רגיש ואדמומי,מליליטרים,150,"100 מ""ל",false,0,49.90,33.27,true,1,7290012979231
7290012979279,false,ACTIVE-OR שמפו לחיזוק סיבי השערה,"ד""ר עור DOCTOR OR",,ACTIVE-OR שמפו לחיזוק סיבי השערה,מליליטרים,250,"100 מ""ל",false,0,49.90,19.96,true,1,7290012979279
7290012979293,false,DEO-OR דאודורנט רול און ללא אלומיניום,"ד""ר עור DOCTOR OR",,DEO-OR דאודורנט רול און ללא אלומיניום,מליליטרים,70,"100 מ""ל",false,0,39.90,57.00,true,1,7290012979293
7290012979309,false,DEO-OR דאודורנט רול און בניחוח רענן,"ד""ר עור DOCTOR OR",,DEO-OR דאודורנט רול און בניחוח רענן,מליליטרים,70,"100 מ""ל",false,0,39.90,57.00,true,1,7290012979309
7290012996702,false,מגן + מבשם דוחה עש בניחוח לבנדר,יעקבי - הפי Hepi,,מגן + מבשם דוחה עש בניחוח לבנדר,יחידות,2,יחידה,false,0,9.90,4.95,true,1,7290012996702
7290013038432,false,מים מזוככים אקווה נובה,אקווה נובה Aqua Nova,,מים מזוככים אקווה נובה,ליטרים,2,ליטר,false,0,3.20,1.60,true,1,7290013038432
7290013083661,false,תרכובת מזון המשך לפעוטות שלב 1 Extra Care,מטרנה,,תרכובת מזון המשך לפעוטות שלב 1 Extra Care,גרמים,700,100 גרם,false,0,59.90,8.56,true,1,7290013083661
7290013083678,false,תרכובת מזון המשך לפעוטות שלב 2 Extra Care,מטרנה,,תרכובת מזון המשך לפעוטות שלב 2 Extra Care,גרמים,700,100 גרם,false,0,59.90,8.56,true,1,7290013083678
7290013083685,false,תרכובת מזון המשך לפעוטות שלב 3 Extra Care,מטרנה,,תרכובת מזון המשך לפעוטות שלב 3 Extra Care,גרמים,700,100 גרם,false,0,59.90,8.56,true,1,7290013083685
7290013092526,false,טיפות עיניים קפסולות,בפנטן,,טיפות עיניים קפסולות,מליליטרים,10,"100 מ""ל",false,20,69.90,699.00,true,1,7290013092526
7290013092557,false,בפנטן בייבי משחה יומיומית להחתלה,בפנטן,,בפנטן בייבי משחה יומיומית להחתלה,גרמים,100,100 גרם,false,0,69.90,69.90,true,1,7290013092557
7290013092564,false,בפנטן בייבי משחה יומיומית להחתלה,בפנטן,,בפנטן בייבי משחה יומיומית להחתלה,גרמים,30,100 גרם,false,0,34.90,116.33,true,1,7290013092564
7290013092717,false,טיפות עיניים בפנטן,בפנטן,,טיפות עיניים בפנטן,מליליטרים,10,"100 מ""ל",false,0,99.90,999.00,true,1,7290013092717
7290013092779,false,קרם בפנטן סנסידרם,בפנטן,,קרם בפנטן סנסידרם,גרמים,50,100 גרם,false,0,49.90,99.80,true,1,7290013092779
7290013092878,false,בפנטן בייבי משחה יומיומית להחתלה,בפנטן,,בפנטן בייבי משחה יומיומית להחתלה,גרמים,50,100 גרם,false,0,49.90,99.80,true,1,7290013092878
7290013117212,false,בורקס פילו גבינה,מעדנות,,בורקס פילו גבינה,גרמים,600,100 גרם,false,0,19.90,3.32,true,1,7290013117212
7290013117229,false,בורקס פילו תפוחי אדמה,מעדנות,,בורקס פילו תפוחי אדמה,גרמים,600,100 גרם,false,0,19.90,3.32,true,1,7290013117229
7290013117243,false,בורקס פילו בולגרית,מעדנות,,בורקס פילו בולגרית,גרמים,600,100 גרם,false,0,19.90,3.32,true,1,7290013117243
7290013117410,false,בצק פריך מתוק,מעדנות,,בצק פריך מתוק,גרמים,900,100 גרם,false,2,22.90,2.54,true,1,7290013117410
7290013117427,false,בצק פריך מלוח,מעדנות,,בצק פריך מלוח,גרמים,900,100 גרם,false,2,22.90,2.54,true,1,7290013117427
7290013117526,false,בצק שמרים עלים,מעדנות,,בצק שמרים עלים,גרמים,900,100 גרם,false,0,22.90,2.54,true,1,7290013117526
7290013121028,false,לחם לבן ללא גלוטן,גרין לייט Green lite,,לחם לבן ללא גלוטן,גרמים,500,100 גרם,false,0,18.90,3.78,true,1,7290013121028
7290013121035,false,לחם פשתן ללא גלוטן,גרין לייט Green lite,,לחם פשתן ללא גלוטן,גרמים,500,100 גרם,false,0,19.90,3.98,true,1,7290013121035
7290013121042,false,לחם איטלקי ללא גלוטן,גרין לייט Green lite,,לחם איטלקי ללא גלוטן,גרמים,500,100 גרם,false,0,19.90,3.98,true,1,7290013121042
7290013121103,false,רביעיית שליש באגט ללא גלוטן,גרין לייט Green lite,,רביעיית שליש באגט ללא גלוטן,גרמים,400,100 גרם,false,0,19.90,4.98,true,1,7290013121103
7290013121110,false,רביעיית לחמניות בורגר ללא גלוטן,גרין לייט Green lite,,רביעיית לחמניות בורגר ללא גלוטן,גרמים,350,100 גרם,false,0,19.90,5.69,true,1,7290013121110
7290013121127,false,לחמניות מיני ללא גלוטן,גרין לייט Green lite,,לחמניות מיני ללא גלוטן,גרמים,480,100 גרם,false,0,19.90,4.15,true,1,7290013121127
7290013121134,false,בייגל אמריקאי ללא גלוטן,גרין לייט Green lite,,בייגל אמריקאי ללא גלוטן,גרמים,400,100 גרם,false,0,19.90,4.98,true,1,7290013121134
7290013121158,false,רביעיית לחמניות סנדביץ ללא גלוטן,גרין לייט Green lite,,רביעיית לחמניות סנדביץ ללא גלוטן,גרמים,460,100 גרם,false,0,19.90,4.33,true,1,7290013121158
7290013121165,false,לחמניות נקניקיה ללא גלוטן,גרין לייט Green lite,,לחמניות נקניקיה ללא גלוטן,גרמים,460,100 גרם,false,0,19.90,4.33,true,1,7290013121165
7290013121684,false,כדורי שוקולד ללא גלוטן,גרין לייט Green lite,,כדורי שוקולד ללא גלוטן,גרמים,400,100 גרם,false,0,29.90,7.48,true,1,7290013121684
7290013121752,false,לחם לבן ביתי ללא גלוטן,גרין לייט Green lite,,לחם לבן ביתי ללא גלוטן,גרמים,700,100 גרם,false,0,24.90,3.56,true,1,7290013121752
7290013121769,false,רביעיית שליש באגט ללא תוספת סוכר וללא גלוטן,גרין לייט Green lite,,רביעיית שליש באגט ללא תוספת סוכר וללא גלוטן,גרמים,400,100 גרם,false,0,19.90,4.98,true,1,7290013121769
7290013121776,false,לחם כפרי ללא תוספת סוכר וללא גלוטן,גרין לייט Green lite,,לחם כפרי ללא תוספת סוכר וללא גלוטן,גרמים,700,100 גרם,false,0,24.90,3.56,true,1,7290013121776
7290013142115,false,"חילבה+כרום - מיצוי של זרעי חילבה, כרום, תמצית ג'ימנמה וביוטין",אלטמן,,"חילבה+כרום - מיצוי של זרעי חילבה, כרום, תמצית ג'ימנמה וביוטין",יחידות,90,יחידה,false,0,139.90,1.55,true,1,7290013142115
7290013142146,false,ויטמין D-1000 טיפות,אלטמן,,ויטמין D-1000 טיפות,מליליטרים,15,"100 מ""ל",false,0,29.90,199.33,true,1,7290013142146
7290013142450,false,"כורכום C3 - מיצוי שורש כורכום 1000 מ""ג",אלטמן,,"כורכום C3 - מיצוי שורש כורכום 1000 מ""ג",יחידות,60,יחידה,false,0,129.90,2.17,true,1,7290013142450
7290013142535,false,ויטמין B12,אלטמן,,ויטמין B12,יחידות,100,יחידה,false,0,59.90,0.60,true,1,7290013142535
7290013142917,false,מולטי ויטמין + Q10,אלטמן,,מולטי ויטמין + Q10,יחידות,100,יחידה,false,0,219.90,2.20,true,1,7290013142917
7290013153579,false,משקה בטעם אפרסק מרוכז קפוא,פריגת,,משקה בטעם אפרסק מרוכז קפוא,גרמים,280,100 גרם,false,0,9.90,3.54,true,1,7290013153579
7290013153586,false,משקה בטעם פירות יער מרוכז קפוא,פריגת,,משקה בטעם פירות יער מרוכז קפוא,גרמים,280,100 גרם,false,0,9.90,3.54,true,1,7290013153586
7290013181015,false,"צלחות עגולות עלי דקל קוטר 25 ס""מ",תבניכל,,"צלחות עגולות עלי דקל קוטר 25 ס""מ",יחידות,10,יחידה,false,0,19.90,1.99,true,1,7290013181015
7290013181022,false,"צלחות עגולות עלי דקל קוטר 20 ס""מ",תבניכל,,"צלחות עגולות עלי דקל קוטר 20 ס""מ",יחידות,10,יחידה,false,0,16.90,1.69,true,1,7290013181022
7290013181206,false,"צלחות מרובעות עלי דקל 25*25 ס""מ",תבניכל,,"צלחות מרובעות עלי דקל 25*25 ס""מ",יחידות,10,יחידה,false,0,19.90,1.99,true,1,7290013181206
7290013181213,false,"צלחות מרובעות עלי דקל 15*15 ס""מ",תבניכל,,"צלחות מרובעות עלי דקל 15*15 ס""מ",יחידות,10,יחידה,false,0,14.90,1.49,true,1,7290013181213
7290013181251,false,כפות מעץ מתכלה - מארז 25 יח',תבניכל,,כפות מעץ מתכלה - מארז 25 יח',יחידות,25,יחידה,false,0,12.90,0.52,true,1,7290013181251
7290013181268,false,סכינים מעץ מתכלה - מארז 25 יח',תבניכל,,סכינים מעץ מתכלה - מארז 25 יח',יחידות,25,יחידה,false,0,12.90,0.52,true,1,7290013181268
7290013181374,false,"גביעים עלי דקל קוטר 13 עומק 7 ס""מ",תבניכל,,"גביעים עלי דקל קוטר 13 עומק 7 ס""מ",יחידות,10,יחידה,false,0,19.90,1.99,true,1,7290013181374
7290013202413,false,קשת לעגלה לולי,,,קשת לעגלה לולי,,0,,false,0,129.90,0.00,true,1,7290013202413
7290013202420,false,קשת לעגלה גן חיות,,,קשת לעגלה גן חיות,,0,,false,0,129.90,0.00,true,1,7290013202420
7290013237897,false,דאודורנט סטיק Teschio Black,חלאבין Halvin,,דאודורנט סטיק Teschio Black,מליליטרים,50,"100 מ""ל",false,0,14.90,29.80,true,1,7290013237897
7290013237941,false,דאודורנט רול און Teschio Black,חלאבין Halvin,,דאודורנט רול און Teschio Black,מליליטרים,80,"100 מ""ל",false,0,14.90,18.63,true,1,7290013237941
7290013268020,false,מרכך כביסה סופר מרוכז אולטרה פרש,סנו מקסימה,,מרכך כביסה סופר מרוכז אולטרה פרש,ליטרים,1,ליטר,false,0,19.90,19.90,true,1,7290013268020
7290013268037,false,מרכך כביסה סופר מרוכז לבנדר פצ'ולי,סנו מקסימה,,מרכך כביסה סופר מרוכז לבנדר פצ'ולי,ליטרים,1,ליטר,false,0,19.90,19.90,true,1,7290013268037
7290013268204,false,סנובון מגבונים לניקוי וחיטוי מושב האסלה,סנו,,סנובון מגבונים לניקוי וחיטוי מושב האסלה,יחידות,20,יחידה,false,0,9.90,0.50,true,1,7290013268204
7290013268242,false,תרכיז ריחני לניקוי רצפות בריח מלון מפנק ריצפז פרש,סנו,,תרכיז ריחני לניקוי רצפות בריח מלון מפנק ריצפז פרש,ליטרים,2,ליטר,false,0,19.90,11.45,true,1,7290013268242
7290013268372,false,פוליויקס פרקט בתוספת שמן ארגן,סנו פוליויקס,,פוליויקס פרקט בתוספת שמן ארגן,ליטרים,2,ליטר,false,0,19.90,14.95,true,1,7290013268372
7290013268440,false,זוג מברשות שיניים בוב ספוג לילדים מגיל 4,אורביטול Orbitol,,זוג מברשות שיניים בוב ספוג לילדים מגיל 4,יחידות,2,יחידה,false,0,14.90,7.45,true,1,7290013268440
7290013268563,false,דאודורנט ספריי לגבר Body Cool קרירות מרעננת,קרמה Crema,,דאודורנט ספריי לגבר Body Cool קרירות מרעננת,מליליטרים,200,"100 מ""ל",false,0,11.90,12.45,true,1,7290013268563
7290013268570,false,דאודורנט ספריי אנטיפרספירנט אקטיב בלוק Calm,קרמה Crema,,דאודורנט ספריי אנטיפרספירנט אקטיב בלוק Calm,מליליטרים,200,"100 מ""ל",false,0,11.90,12.45,true,1,7290013268570
7290013268594,false,דאודורנט ספריי לגבר Body Power הגנה אפקטיבית,קרמה Crema,,דאודורנט ספריי לגבר Body Power הגנה אפקטיבית,מליליטרים,200,"100 מ""ל",false,0,11.90,12.45,true,1,7290013268594
7290013268839,false,סנו פוליויקס פרקט בריח מלון חלומי,סנו פוליויקס,,סנו פוליויקס פרקט בריח מלון חלומי,ליטרים,2,ליטר,false,0,19.90,14.95,true,1,7290013268839
7290013268884,false,ריצפז פרש בניחוח מאסק,סנו פרש Fresh,,ריצפז פרש בניחוח מאסק,ליטרים,2,ליטר,false,0,17.90,9.95,true,1,7290013268884
7290013268891,false,מסיר כתמים ג'ל אוקסיג'ן ללא אקונומיקה,סנו אוקסיג'ן,,מסיר כתמים ג'ל אוקסיג'ן ללא אקונומיקה,ליטרים,3,ליטר,false,0,29.90,9.97,true,1,7290013268891
7290013268907,false,ג'ל כביסה מרוכז מקסימה Bio cold water,סנו מקסימה,,ג'ל כביסה מרוכז מקסימה Bio cold water,ליטרים,3,ליטר,false,0,29.90,11.63,true,1,7290013268907
7290013268914,false,ג'ל כביסה חכם Smart,סנו מקסימה,,ג'ל כביסה חכם Smart,ליטרים,3,ליטר,false,0,34.90,11.63,true,1,7290013268914
7290013268938,false,סנובון סבון אסלה בניחוח מאסק - מארז 3 יח',סנו,,סנובון סבון אסלה בניחוח מאסק - מארז 3 יח',יחידות,3,יחידה,false,0,9.90,4.30,true,1,7290013268938
7290013268983,false,מרכך כביסה מרוכז בבישום עוצמתי JOY,סנו מקסימה,,מרכך כביסה מרוכז בבישום עוצמתי JOY,ליטרים,1,ליטר,false,0,19.90,19.90,true,1,7290013268983
7290013268990,false,מרכך כביסה סופר מרוכז Bio,סנו מקסימה,,מרכך כביסה סופר מרוכז Bio,ליטרים,1,ליטר,false,0,19.90,19.90,true,1,7290013268990
7290013269003,false,מרכך כביסה סופר מרוכז בייבי לתינוקות ולעור רגיש,סנו מקסימה,,מרכך כביסה סופר מרוכז בייבי לתינוקות ולעור רגיש,ליטרים,1,ליטר,false,0,19.90,19.90,true,1,7290013269003
7290013269096,false,מטליות לחות לטיפול במוצרי עור,סנו,,מטליות לחות לטיפול במוצרי עור,יחידות,1,יחידה,false,0,18.90,18.90,true,1,7290013269096
7290013269157,false,מרכך ומבשם כביסה למייבש מקסימה לבנדר,סנו מקסימה,,מרכך ומבשם כביסה למייבש מקסימה לבנדר,מליליטרים,750,"100 מ""ל",false,0,17.90,2.65,true,1,7290013269157
7290013269263,false,ג'ל כביסה מרוכז מקסימה בבישום קריסטל נואר,סנו מקסימה,,ג'ל כביסה מרוכז מקסימה בבישום קריסטל נואר,ליטרים,3,ליטר,false,0,29.90,11.63,true,1,7290013269263
7290013269287,false,ג'ל כביסה מרוכז מקסימה Musk,סנו מקסימה,,ג'ל כביסה מרוכז מקסימה Musk,ליטרים,3,ליטר,false,0,29.90,11.63,true,1,7290013269287
7290013269300,false,ניילון נצמד + לשימוש במיקרוגל,סנו סושי,,ניילון נצמד + לשימוש במיקרוגל,,150,מטר,false,0,29.90,0.26,true,1,7290013269300
7290013269348,false,K3 תחנת פיתיון קוטל תיקנים (ג'וקים) בבית ובחצר,סנו,,K3 תחנת פיתיון קוטל תיקנים (ג'וקים) בבית ובחצר,גרמים,10,100 גרם,false,0,49.90,499.00,true,1,7290013269348
7290013269621,false,ריצפז פרש לניקוי רצפות בניחוח מלון בוטיק,סנו פרש Fresh,,ריצפז פרש לניקוי רצפות בניחוח מלון בוטיק,ליטרים,2,ליטר,false,0,19.90,11.45,true,1,7290013269621
7290013269638,false,ספוג הפלא אקסטרה Extra- מארז 6 יח',סנו סושי,,ספוג הפלא אקסטרה Extra- מארז 6 יח',יחידות,6,יחידה,false,0,11.90,2.48,true,1,7290013269638
7290013269645,false,מטליות לחות לניקוי הרצפה בניחוח מאסק ריצפז פרש,סנו,,מטליות לחות לניקוי הרצפה בניחוח מאסק ריצפז פרש,יחידות,10,יחידה,false,0,14.90,1.49,true,1,7290013269645
7290013269652,false,פוליויקס גרניט פורצלן בניחוח מאסק,סנו פוליויקס,,פוליויקס גרניט פורצלן בניחוח מאסק,ליטרים,2,ליטר,false,0,24.90,12.45,true,1,7290013269652
7290013269669,false,ריצפז בניחוח פנטזיה לניקוי הרצפה,סנו,,ריצפז בניחוח פנטזיה לניקוי הרצפה,ליטרים,3,ליטר,false,0,15.90,5.30,true,1,7290013269669
7290013269690,false,סנובון ג'ל לניקוי האסלה בניחוח לימון,סנו,,סנובון ג'ל לניקוי האסלה בניחוח לימון,מליליטרים,55,"100 מ""ל",false,0,14.90,27.09,true,1,7290013269690
7290013269751,false,מטליות לחות לניקוי הרצפה מלון בוטיק,סנו פרש Fresh,,מטליות לחות לניקוי הרצפה מלון בוטיק,יחידות,10,יחידה,false,0,14.90,1.49,true,1,7290013269751
7290013269850,false,נייר אפייה עשוי מחומרים מן הצומח,סנו סושי,,נייר אפייה עשוי מחומרים מן הצומח,יחידות,50,יחידה,false,0,14.90,0.30,true,1,7290013269850
7290013269911,false,תכשיר קוטל חרקים K333,סנו,,תכשיר קוטל חרקים K333,מליליטרים,750,"100 מ""ל",false,0,29.90,3.99,true,1,7290013269911
7290013302656,false,פילה סרדינים בשמן זית עם פלפל חריף,טעים,,פילה סרדינים בשמן זית עם פלפל חריף,גרמים,125,100 גרם,false,0,7.90,7.92,true,1,7290013302656
7290013310057,false,"כוסות נייר 210 סמ""ק",הוסטס Hostess,,"כוסות נייר 210 סמ""ק",יחידות,50,יחידה,false,0,10.90,0.22,true,1,7290013310057
7290013310064,false,חוט דנטלי בטעם מנטה מצופה שעווה,הוסטס Hostess,,חוט דנטלי בטעם מנטה מצופה שעווה,,50,מטר,false,0,5.90,0.12,true,1,7290013310064
7290013310101,false,"שיפודי במבוק ג'מבו עבים 5 מ""מ באורך 30 ס""מ",הוסטס Hostess,,"שיפודי במבוק ג'מבו עבים 5 מ""מ באורך 30 ס""מ",יחידות,50,יחידה,false,0,4.90,0.10,true,1,7290013310101
7290013310163,false,מדליק פחמים מוצק,איזי לייט Easy light,,מדליק פחמים מוצק,יחידות,40,יחידה,false,0,6.90,0.17,true,1,7290013310163
7290013310279,false,כפיות האכלה ארוכות,נובי Nuby,,כפיות האכלה ארוכות,יחידות,3,יחידה,false,0,19.90,7.97,true,1,7290013310279
7290013310378,false,כפפות ניטריל כחולות ללא אבקה Small,איזי טאץ' Easy touch,,כפפות ניטריל כחולות ללא אבקה Small,יחידות,80,יחידה,false,0,24.90,0.31,true,1,7290013310378
7290013310385,false,כפפות ניטריל כחולות ללא אבקה Medium,איזי טאץ' Easy touch,,כפפות ניטריל כחולות ללא אבקה Medium,יחידות,80,יחידה,false,0,24.90,0.31,true,1,7290013310385
7290013310392,false,כפפות ניטריל כחולות ללא אבקה Large,איזי טאץ' Easy touch,,כפפות ניטריל כחולות ללא אבקה Large,יחידות,80,יחידה,false,0,24.90,0.31,true,1,7290013310392
7290013310408,false,כפפות ניטריל כחולות ללא אבקה XL,איזי טאץ' Easy touch,,כפפות ניטריל כחולות ללא אבקה XL,יחידות,80,יחידה,false,0,24.90,0.31,true,1,7290013310408
7290013310637,false,מברשת לניקוי בקבוקים,נובי Nuby,,מברשת לניקוי בקבוקים,,0,,false,0,39.90,0.00,true,1,7290013310637
7290013310712,false,"כוס אימון עם פיה רכה וידיות 270 מ""ל",טוליפס Tulips,,"כוס אימון עם פיה רכה וידיות 270 מ""ל",יחידות,1,יחידה,false,0,12.90,15.90,true,1,7290013310712
7290013310927,false,מברשת + מסרק לתינוק,נובי Nuby,,מברשת + מסרק לתינוק,,0,,false,0,23.90,0.00,true,1,7290013310927
7290013355003,false,הר בוסט - טבליות ג'לטין,DermaPam,,הר בוסט - טבליות ג'לטין,יחידות,60,יחידה,false,0,149.90,2.50,true,1,7290013355003
7290013358356,false,פירורי לחם מוזהבים לטיגון ואפייה,מאסטר שף,,פירורי לחם מוזהבים לטיגון ואפייה,גרמים,320,100 גרם,false,0,6.90,3.09,true,1,7290013358356
7290013358363,false,פנקו פירורי לחם בסגנון יפני עבים במיוחד,מאסטר שף,,פנקו פירורי לחם בסגנון יפני עבים במיוחד,גרמים,300,100 גרם,false,0,9.90,3.30,true,1,7290013358363
7290013358417,false,רוטב טריאקי,מאסטר שף,,רוטב טריאקי,מליליטרים,300,"100 מ""ל",false,0,10.90,3.63,true,1,7290013358417
7290013358431,false,קרוטונים לסלט בתיבול עגבניות ובזיליקום,מאסטר שף,,קרוטונים לסלט בתיבול עגבניות ובזיליקום,גרמים,200,100 גרם,false,0,9.90,4.95,true,1,7290013358431
7290013358448,false,"קרוטונים לסלט אקסטרה ארוכים בתיבול שום, בצל ופטרוזיליה",מאסטר שף,,"קרוטונים לסלט אקסטרה ארוכים בתיבול שום, בצל ופטרוזיליה",גרמים,200,100 גרם,false,0,9.90,4.95,true,1,7290013358448
7290013358462,false,"מיני קרוטונים למרק בתיבול שום, בצל ופטרוזיליה",מאסטר שף,,"מיני קרוטונים למרק בתיבול שום, בצל ופטרוזיליה",גרמים,350,100 גרם,false,0,17.90,5.11,true,1,7290013358462
7290013358486,false,פירורי לחם מוזהבים ללא צורך בביצה,מאסטר שף,,פירורי לחם מוזהבים ללא צורך בביצה,גרמים,300,100 גרם,false,0,9.90,3.30,true,1,7290013358486
7290013358493,false,קרם קוקוס,מאסטר שף,,קרם קוקוס,מליליטרים,400,"100 מ""ל",false,0,7.90,1.98,true,1,7290013358493
7290013358509,false,"מיקסלט גרעינים, קטניות ואגוזים",מאסטר שף,,"מיקסלט גרעינים, קטניות ואגוזים",גרמים,200,100 גרם,false,0,14.90,7.45,true,1,7290013358509
7290013358516,false,"מיקסלט חמוציות, גרעינים, קטניות ואגוזים",מאסטר שף,,"מיקסלט חמוציות, גרעינים, קטניות ואגוזים",גרמים,200,100 גרם,false,0,14.90,7.45,true,1,7290013358516
7290013358523,false,שבבי בצל מטוגן,מאסטר שף,,שבבי בצל מטוגן,גרמים,150,100 גרם,false,0,9.90,6.60,true,1,7290013358523
7290013358585,false,נודלס ביצים להקפצה,מאסטר שף,,נודלס ביצים להקפצה,גרמים,400,100 גרם,false,0,8.90,2.23,true,1,7290013358585
7290013358806,false,פריכיות אורז מאורז חום מלא עם מלח,מנה Mana,,פריכיות אורז מאורז חום מלא עם מלח,גרמים,264,100 גרם,false,0,12.90,4.89,true,1,7290013358806
7290013361981,false,צ'יפס,פרי הגליל,,צ'יפס,קילוגרמים,2,"ק""ג",false,0,24.90,12.45,true,1,7290013361981
7290013361998,false,סטייק צ'יפס,פרי הגליל,,סטייק צ'יפס,קילוגרמים,2,"ק""ג",false,0,24.90,12.45,true,1,7290013361998
7290013366047,false,כרובית פיורטי (כרובית+ברוקולי),כרמלים,,כרובית פיורטי (כרובית+ברוקולי),גרמים,500,100 גרם,false,0,14.90,2.98,true,1,7290013366047
7290013366207,false,נבטי אלפלפא,כרמלים,,נבטי אלפלפא,גרמים,140,100 גרם,false,0,5.90,4.21,true,1,7290013366207
7290013366221,false,נבטי חמניה,כרמלים,,נבטי חמניה,גרמים,150,100 גרם,false,0,9.90,6.60,true,1,7290013366221
7290013366252,false,נבטוטים,כרמלים,,נבטוטים,גרמים,270,100 גרם,false,0,9.90,3.67,true,1,7290013366252
7290013366306,false,נבטי בזיל,כרמלים,,נבטי בזיל,גרמים,30,100 גרם,false,0,7.90,26.33,true,1,7290013366306
7290013366634,false,חסה סלנובה,כרמלים,,חסה סלנובה,גרמים,160,100 גרם,false,0,12.90,8.06,true,1,7290013366634
7290013366641,false,עלי רוקולה,כרמלים,,עלי רוקולה,גרמים,160,100 גרם,false,0,12.90,8.06,true,1,7290013366641
7290013366689,false,חסה לאליק,כרמלים,,חסה לאליק,גרמים,220,100 גרם,false,0,12.90,5.86,true,1,7290013366689
7290013366726,false,עלי קייל,כרמלים,,עלי קייל,גרמים,160,100 גרם,false,0,12.90,8.06,true,1,7290013366726
7290013381088,false,עמבה הודית אורגינלית,נאמן,,עמבה הודית אורגינלית,גרמים,500,100 גרם,false,0,9.90,1.98,true,1,7290013381088
7290013381323,false,לימונלה מיץ לימון,נאמן,,לימונלה מיץ לימון,ליטרים,1,ליטר,false,0,15.90,15.90,true,1,7290013381323
7290013381361,false,משטח לציפוי ואחסנה 30X150,אלפא Alfa,,משטח לציפוי ואחסנה 30X150,,0,,false,0,7.90,0.00,true,1,7290013381361
7290013381699,false,אבקת קקאו,נאמן לאורך זמן,,אבקת קקאו,גרמים,500,100 גרם,false,0,19.90,3.98,true,1,7290013381699
7290013389114,false,ניוקי תפוחי אדמה,לה פסטה La' Pasta,,ניוקי תפוחי אדמה,גרמים,500,100 גרם,false,0,7.90,1.58,true,1,7290013389114
7290013389138,false,ניוקי שלושה צבעים,לה פסטה La' Pasta,,ניוקי שלושה צבעים,גרמים,500,100 גרם,false,0,7.90,1.58,true,1,7290013389138
7290013389145,false,מיני ניוקי,לה פסטה La' Pasta,,מיני ניוקי,גרמים,500,100 גרם,false,0,7.90,1.58,true,1,7290013389145
7290013389374,false,קמח תירס להכנה מהירה,פיקטה piccata,,קמח תירס להכנה מהירה,גרמים,500,100 גרם,false,0,6.90,1.38,true,1,7290013389374
7290013389381,false,קמח תירס להכנה מהירה,פיקטה piccata,,קמח תירס להכנה מהירה,קילוגרמים,1,"ק""ג",false,0,9.90,9.90,true,1,7290013389381
7290013389398,false,קמח תירס דק,פיקטה piccata,,קמח תירס דק,גרמים,1000,100 גרם,false,0,9.90,0.99,true,1,7290013389398
7290013412409,false,סופגנית נועם Noam,,,סופגנית נועם Noam,יחידות,15,יחידה,false,0,9.90,0.66,true,1,7290013412409
7290013430090,false,בירה אלכסנדר אמברה AMBREE בירה ישראלית,אלכסנדר,,בירה אלכסנדר אמברה AMBREE בירה ישראלית,מליליטרים,330,"100 מ""ל",false,0,12.90,3.91,true,1,7290013430090
7290013430250,false,בירה אלכסנדר חיטה ישראלית,אלכסנדר,,בירה אלכסנדר חיטה ישראלית,מליליטרים,330,"100 מ""ל",false,0,12.90,3.91,true,1,7290013430250
7290013430304,false,בירה אלכסנדר גרין GREEN בירה ישראלית,אלכסנדר,,בירה אלכסנדר גרין GREEN בירה ישראלית,מליליטרים,330,"100 מ""ל",false,0,12.90,3.91,true,1,7290013430304
7290013451927,false,פריכיות כוסמת ללא תוספת מלח,זן בר,,פריכיות כוסמת ללא תוספת מלח,גרמים,175,100 גרם,false,0,9.90,5.66,true,1,7290013451927
7290013453136,false,עוגיות כוסמין שטרודל תפוחים ללא תוספת סוכר טבעוני,דני וגלית,,עוגיות כוסמין שטרודל תפוחים ללא תוספת סוכר טבעוני,גרמים,230,100 גרם,false,0,24.90,10.83,true,1,7290013453136
7290013453624,false,עוגיות שוקולדצ'יפס מקמח אורז וקמח שקדים מלא,דני וגלית,,עוגיות שוקולדצ'יפס מקמח אורז וקמח שקדים מלא,גרמים,230,100 גרם,false,0,25.90,11.26,true,1,7290013453624
7290013453631,false,עוגיות חמאת בוטנים ושוקולד מפצפוצי אורז מלא,דני וגלית,,עוגיות חמאת בוטנים ושוקולד מפצפוצי אורז מלא,גרמים,230,100 גרם,false,0,25.90,11.26,true,1,7290013453631
7290013453648,false,עוגיות פירות יער מקמח שקדים וקמח אורז מלא,דני וגלית,,עוגיות פירות יער מקמח שקדים וקמח אורז מלא,גרמים,230,100 גרם,false,0,25.90,11.26,true,1,7290013453648
7290013453655,false,עוגיות קוקוס ולוז מקמח שקדים וקמח אורז מלא,דני וגלית,,עוגיות קוקוס ולוז מקמח שקדים וקמח אורז מלא,גרמים,230,100 גרם,false,0,25.90,11.26,true,1,7290013453655
7290013464194,false,CoQ-10 קו אנזים,סופהרב,,CoQ-10 קו אנזים,יחידות,180,יחידה,false,0,199.90,1.11,true,1,7290013464194
7290013464248,false,מגנזיום ציטראט + B6,סופהרב,,מגנזיום ציטראט + B6,יחידות,60,יחידה,false,0,49.90,0.83,true,1,7290013464248
7290013464309,false,טיפות ויטמין D לפעוטות וילדים,סופהרב,,טיפות ויטמין D לפעוטות וילדים,מליליטרים,20,"100 מ""ל",false,0,29.90,149.50,true,1,7290013464309
7290013464415,false,קומפלקס B-50,סופהרב,,קומפלקס B-50,יחידות,60,יחידה,false,0,49.90,0.83,true,1,7290013464415
7290013464477,false,"קומפלקס ויטמין C במינון 500 מ""ג",סופהרב,,"קומפלקס ויטמין C במינון 500 מ""ג",יחידות,90,יחידה,false,0,59.90,0.67,true,1,7290013464477
7290013464644,false,ויטמין C לא חומצי,סופהרב,,ויטמין C לא חומצי,יחידות,90,יחידה,false,0,59.90,0.67,true,1,7290013464644
7290013464859,false,טיפות ברזל לילדים,סופהרב,,טיפות ברזל לילדים,מליליטרים,20,"100 מ""ל",false,0,28.90,144.50,true,1,7290013464859
7290013465009,false,ביו בליס - פרוביוטיקה למציצה,סופהרב,,ביו בליס - פרוביוטיקה למציצה,יחידות,30,יחידה,false,0,49.90,1.66,true,1,7290013465009
7290013465030,false,ויטמין E-400,סופהרב,,ויטמין E-400,יחידות,90,יחידה,false,0,74.90,0.83,true,1,7290013465030
7290013465054,false,קומפלקס ויטמין K2+D400,סופהרב,,קומפלקס ויטמין K2+D400,יחידות,60,יחידה,false,0,59.90,1.00,true,1,7290013465054
7290013465481,false,קומפלקס אנזימי עיכול,סופהרב,,קומפלקס אנזימי עיכול,יחידות,60,יחידה,false,0,64.90,1.08,true,1,7290013465481
7290013465702,false,פיטו פימייל קומפלקס,סופהרב,,פיטו פימייל קומפלקס,יחידות,60,יחידה,false,0,119.90,2.00,true,1,7290013465702
7290013465726,false,קו אנזים Q10 100 סופט ג'ל - מארז שלישייה,סופהרב,,קו אנזים Q10 100 סופט ג'ל - מארז שלישייה,יחידות,180,יחידה,false,3,299.90,1.67,true,1,7290013465726
7290013465795,false,פרוביוטיקה ביוטיק Biotic,סופהרב,,פרוביוטיקה ביוטיק Biotic,יחידות,25,יחידה,false,0,39.90,1.60,true,1,7290013465795
7290013465801,false,ביוטיקיד LR,סופהרב,,ביוטיקיד LR,גרמים,50,100 גרם,false,0,49.90,99.80,true,1,7290013465801
7290013465900,false,ביו LR-55,סופהרב,,ביו LR-55,יחידות,30,יחידה,false,0,169.90,5.66,true,1,7290013465900
7290013472199,false,ערמונים קלופים וקלויים,וילי פוד,,ערמונים קלופים וקלויים,גרמים,100,100 גרם,false,0,5.90,5.90,true,1,7290013472199
7290013472892,false,בולגריה קוביות במי מלח - מרכיבי חלב ושומן צמחי,וילי פוד,,בולגריה קוביות במי מלח - מרכיבי חלב ושומן צמחי,גרמים,200,100 גרם,false,0,9.90,4.95,true,1,7290013472892
7290013472908,false,בולגריה קוביות במי מלח,וילי פוד,,בולגריה קוביות במי מלח,גרמים,400,100 גרם,false,0,18.90,4.98,true,1,7290013472908
7290013521101,false,פסטה כוסמין בטעם תרד,השדה מוצרים אורגניים,,פסטה כוסמין בטעם תרד,גרמים,350,100 גרם,false,0,19.90,5.69,true,1,7290013521101
7290013521231,false,פסטה כוסמין אורגנית עם תרד ועגבניות,השדה מוצרים אורגניים,,פסטה כוסמין אורגנית עם תרד ועגבניות,גרמים,400,100 גרם,false,0,19.90,4.98,true,1,7290013521231
7290013521316,false,ממרח אורגני בטעם מיונז ללא ביצים,השדה מוצרים אורגניים,,ממרח אורגני בטעם מיונז ללא ביצים,גרמים,230,100 גרם,false,0,16.90,7.35,true,1,7290013521316
7290013521347,false,חרדל דיז'ון אורגני,השדה מוצרים אורגניים,,חרדל דיז'ון אורגני,גרמים,200,100 גרם,false,0,14.90,7.45,true,1,7290013521347
7290013521385,false,רסק תפוחים אורגני,השדה מוצרים אורגניים,,רסק תפוחים אורגני,גרמים,700,100 גרם,false,0,18.90,2.70,true,1,7290013521385
7290013521408,false,אבקת מרק ירקות אורגנית,השדה מוצרים אורגניים,,אבקת מרק ירקות אורגנית,גרמים,200,100 גרם,false,0,24.90,12.45,true,1,7290013521408
7290013521415,false,אבקת מרק אורגנית בטעם עוף,השדה מוצרים אורגניים,,אבקת מרק אורגנית בטעם עוף,גרמים,200,100 גרם,false,0,24.90,12.45,true,1,7290013521415
7290013525789,false,סלט עריסה מרוקאית,סלטי שמיר,,סלט עריסה מרוקאית,גרמים,150,100 גרם,false,0,9.90,6.60,true,1,7290013525789
7290013534057,false,צ'יפס בטטה,מיה,,צ'יפס בטטה,גרמים,100,100 גרם,false,0,7.90,7.90,true,1,7290013534057
7290013539892,false,אל סבון ארומטי תה ירוק + משאבה,סטייל Style,,אל סבון ארומטי תה ירוק + משאבה,ליטרים,1,ליטר,false,0,10.90,10.90,true,1,7290013539892
7290013539915,false,אל סבון ארומטי תה לבן + משאבה,סטייל Style,,אל סבון ארומטי תה לבן + משאבה,ליטרים,1,ליטר,false,0,10.90,10.90,true,1,7290013539915
7290013585233,false,ספרייט ZERO פחית,ספרייט Sprite,,ספרייט ZERO פחית,מליליטרים,330,"100 מ""ל",false,0,4.50,1.36,true,1,7290013585233
7290013585257,false,ספרייט ZERO,ספרייט Sprite,,ספרייט ZERO,מליליטרים,500,"100 מ""ל",false,0,6.90,1.38,true,1,7290013585257
7290013585264,false,ספרייט זירו Zero בקבוק זכוכית -מינימום לקניה 24 יח',ספרייט Sprite,,ספרייט זירו Zero בקבוק זכוכית -מינימום לקניה 24 יח',מליליטרים,350,"100 מ""ל",false,0,5.90,1.69,true,1,7290013585264
7290013585387,false,קוקה קולה זירו Zero,קוקה קולה Coca Cola,,קוקה קולה זירו Zero,ליטרים,1,ליטר,false,0,6.90,6.90,true,1,7290013585387
7290013585394,false,קוקה קולה קלאסי,קוקה קולה Coca Cola,,קוקה קולה קלאסי,ליטרים,1,ליטר,false,0,6.90,6.90,true,1,7290013585394
7290013608260,false,מיץ רימונים סחוט טבעי,פרימור,,מיץ רימונים סחוט טבעי,ליטרים,1,ליטר,false,0,22.90,22.90,true,1,7290013608260
7290013608864,false,משקה פירות הדר בתוספת ויטמין C,פרימור,,משקה פירות הדר בתוספת ויטמין C,ליטרים,1,ליטר,false,0,15.90,15.90,true,1,7290013608864
7290013625229,false,פילה מקרלים בשמן סויה עם פלפל חריף,טעים,,פילה מקרלים בשמן סויה עם פלפל חריף,גרמים,125,100 גרם,false,0,7.90,7.12,true,1,7290013625229
7290013625670,false,סינטטי חומצה אצטית מדוללת למזון 5%,טעמן,,סינטטי חומצה אצטית מדוללת למזון 5%,ליטרים,1,ליטר,false,0,3.90,3.90,true,1,7290013625670
7290013625922,false,אטריות דקות,טעמן,,אטריות דקות,גרמים,400,100 גרם,false,0,4.90,1.23,true,1,7290013625922
7290013625939,false,אטריות דקיקות,טעמן,,אטריות דקיקות,גרמים,400,100 גרם,false,0,4.90,1.23,true,1,7290013625939
7290013652157,false,נטורל קר מגבוני הסרת איפור לעור רגיל - יבש - מארז שלישיה,"ד""ר פישר Dr fischer",,נטורל קר מגבוני הסרת איפור לעור רגיל - יבש - מארז שלישיה,יחידות,90,יחידה,false,3,24.90,0.30,true,1,7290013652157
7290013652171,false,נטורל קר מגבוני הסרת איפור לעור שמן/מעורב - מארז שלישיה,"ד""ר פישר Dr fischer",,נטורל קר מגבוני הסרת איפור לעור שמן/מעורב - מארז שלישיה,יחידות,90,יחידה,false,3,24.90,0.30,true,1,7290013652171
7290013652645,false,אוליביול Oliveyol קרם לטיפול ומניעת תפרחת חיתולים,"ד""ר פישר Dr fischer",,אוליביול Oliveyol קרם לטיפול ומניעת תפרחת חיתולים,גרמים,100,100 גרם,false,0,29.90,29.90,true,1,7290013652645
7290013652768,false,"מסכת החייאה לשיער יבש, צבוע ופגום Natural care","ד""ר פישר Dr fischer",,"מסכת החייאה לשיער יבש, צבוע ופגום Natural care",מליליטרים,450,"100 מ""ל",false,0,24.90,7.76,true,1,7290013652768
7290013652775,false,מסכת הזנה לשיער רגיל-יבש Natural care,"ד""ר פישר Dr fischer",,מסכת הזנה לשיער רגיל-יבש Natural care,מליליטרים,450,"100 מ""ל",false,0,24.90,7.76,true,1,7290013652775
7290013652782,false,קרם לחות לשיער מתולתל Natural care,"ד""ר פישר Dr fischer",,קרם לחות לשיער מתולתל Natural care,מליליטרים,400,"100 מ""ל",false,0,24.90,6.23,true,1,7290013652782
7290013652799,false,קרם לחות לשיער רגיל Natural care,"ד""ר פישר Dr fischer",,קרם לחות לשיער רגיל Natural care,מליליטרים,400,"100 מ""ל",false,0,24.90,6.23,true,1,7290013652799
7290013652805,false,"קרם לחות לשיער יבש,צבוע ופגום Natural care","ד""ר פישר Dr fischer",,"קרם לחות לשיער יבש,צבוע ופגום Natural care",מליליטרים,400,"100 מ""ל",false,0,24.90,6.23,true,1,7290013652805
7290013652812,false,קרם ידיים לעור רגיל- יבש Natural care,"ד""ר פישר Dr fischer",,קרם ידיים לעור רגיל- יבש Natural care,מליליטרים,150,"100 מ""ל",false,0,11.90,10.60,true,1,7290013652812
7290013652829,false,קרם ידיים לעור יבש במיוחד Natural care,"ד""ר פישר Dr fischer",,קרם ידיים לעור יבש במיוחד Natural care,מליליטרים,150,"100 מ""ל",false,0,11.90,10.60,true,1,7290013652829
7290013652836,false,קרם ידיים לעור רגיל Natural care,"ד""ר פישר Dr fischer",,קרם ידיים לעור רגיל Natural care,מליליטרים,150,"100 מ""ל",false,0,11.90,10.60,true,1,7290013652836
7290013652843,false,שמפו נטורל קר לשיער רגיל ורדים וחלב רימונים,"ד""ר פישר Dr fischer",,שמפו נטורל קר לשיער רגיל ורדים וחלב רימונים,מליליטרים,700,"100 מ""ל",false,0,15.90,2.84,true,1,7290013652843
7290013652850,false,שמפו נטורל קר לשיער יבש ופגום חינה ושמן ארגאן,"ד""ר פישר Dr fischer",,שמפו נטורל קר לשיער יבש ופגום חינה ושמן ארגאן,מליליטרים,700,"100 מ""ל",false,0,15.90,2.84,true,1,7290013652850
7290013652874,false,מרכך נטורל קר לשיער רגיל ורדים וחלב רימונים,"ד""ר פישר Dr fischer",,מרכך נטורל קר לשיער רגיל ורדים וחלב רימונים,מליליטרים,700,"100 מ""ל",false,0,15.90,2.84,true,1,7290013652874
7290013652881,false,מרכך נטורל קר לשיער יבש ופגום חינה ושמן ארגאן,"ד""ר פישר Dr fischer",,מרכך נטורל קר לשיער יבש ופגום חינה ושמן ארגאן,מליליטרים,700,"100 מ""ל",false,0,15.90,2.84,true,1,7290013652881
7290013652904,false,נטורל קר שמפו+מרכך לשיער רגיל ורדים וחלב רימונים,"ד""ר פישר Dr fischer",,נטורל קר שמפו+מרכך לשיער רגיל ורדים וחלב רימונים,מליליטרים,700,"100 מ""ל",false,0,15.90,2.84,true,1,7290013652904
7290013652935,false,שמפו נטורל קר לשיער רגיל יסמין ופרחי מגנוליה,"ד""ר פישר Dr fischer",,שמפו נטורל קר לשיער רגיל יסמין ופרחי מגנוליה,מליליטרים,700,"100 מ""ל",false,0,15.90,2.84,true,1,7290013652935
7290013652942,false,מרכך נטורל קר לשיער רגיל יסמין ופרחי מגנוליה,"ד""ר פישר Dr fischer",,מרכך נטורל קר לשיער רגיל יסמין ופרחי מגנוליה,מליליטרים,700,"100 מ""ל",false,0,15.90,2.84,true,1,7290013652942
7290013652966,false,מרכך נטורל קר לשיער צבוע ליצ'י ותה ירוק,"ד""ר פישר Dr fischer",,מרכך נטורל קר לשיער צבוע ליצ'י ותה ירוק,מליליטרים,700,"100 מ""ל",false,0,15.90,2.84,true,1,7290013652966
7290013652997,false,קרם גוף לעור יבש במיוחד,"ד""ר פישר Dr fischer",,קרם גוף לעור יבש במיוחד,מליליטרים,450,"100 מ""ל",false,0,16.90,5.53,true,1,7290013652997
7290013675194,false,שניצל אמיתי ביתי ללא גלוטן,מאמא עוף,,שניצל אמיתי ביתי ללא גלוטן,גרמים,700,100 גרם,false,0,39.90,5.70,true,1,7290013675194
7290013677006,false,חומוס גדול באריזת וואקום Selected,מיה,,חומוס גדול באריזת וואקום Selected,גרמים,500,100 גרם,false,0,9.90,1.98,true,1,7290013677006
7290013677037,false,עדשים ירוקות באריזת וואקום Selected,מיה,,עדשים ירוקות באריזת וואקום Selected,גרמים,500,100 גרם,false,0,9.90,1.98,true,1,7290013677037
7290013677051,false,פופקורן באריזת וואקום Selected,מיה,,פופקורן באריזת וואקום Selected,גרמים,500,100 גרם,false,0,9.90,1.98,true,1,7290013677051
7290013677112,false,בורגול באריזת וואקום Selected,מיה,,בורגול באריזת וואקום Selected,גרמים,500,100 גרם,false,0,8.90,1.78,true,1,7290013677112
7290013677228,false,תן צ'אפ חטיף בטעם פלאפל,מיה,,תן צ'אפ חטיף בטעם פלאפל,גרמים,50,100 גרם,false,0,3.90,7.80,true,1,7290013677228
7290013677259,false,זעתר,מיה,,זעתר,גרמים,50,100 גרם,false,0,4.90,9.80,true,1,7290013677259
7290013677266,false,תבלין לפיצה,מיה,,תבלין לפיצה,גרמים,80,100 גרם,false,0,4.90,6.13,true,1,7290013677266
7290013677273,false,גריל דג,מיה,,גריל דג,גרמים,80,100 גרם,false,0,4.90,6.13,true,1,7290013677273
7290013677303,false,חוויאג' תימני,מיה,,חוויאג' תימני,גרמים,50,100 גרם,false,0,4.90,9.80,true,1,7290013677303
7290013677310,false,גריל בשר,מיה,,גריל בשר,גרמים,80,100 גרם,false,0,4.90,6.13,true,1,7290013677310
7290013677327,false,אבקת קארי,מיה,,אבקת קארי,גרמים,80,100 גרם,false,0,4.90,6.13,true,1,7290013677327
7290013677648,false,שמן זית למאור,מיה,,שמן זית למאור,ליטרים,1,ליטר,false,0,18.90,24.90,true,1,7290013677648
7290013677655,false,סודה לשתייה,מיה,,סודה לשתייה,גרמים,600,100 גרם,false,0,19.90,3.32,true,1,7290013677655
7290013677679,false,סודה לשתיה,מיה,,סודה לשתיה,גרמים,80,100 גרם,false,0,4.90,6.13,true,1,7290013677679
7290013677686,false,פפריקה מרוקאית בשמן,מיה,,פפריקה מרוקאית בשמן,גרמים,80,100 גרם,false,0,4.90,6.13,true,1,7290013677686
7290013677693,false,פלפל שחור גרוס,מיה,,פלפל שחור גרוס,גרמים,50,100 גרם,false,0,6.90,13.80,true,1,7290013677693
7290013724809,false,חטיף גרנולה בתוספת שקדים ואגוזים,שקדיה,,חטיף גרנולה בתוספת שקדים ואגוזים,גרמים,175,100 גרם,false,0,9.90,5.66,true,1,7290013724809
7290013724939,false,חמוציות בציפוי שוקולד מריר,שקדיה,,חמוציות בציפוי שוקולד מריר,גרמים,140,100 גרם,false,0,9.90,7.07,true,1,7290013724939
7290013724946,false,שקדים בציפוי שוקולד מריר,שקדיה,,שקדים בציפוי שוקולד מריר,גרמים,140,100 גרם,false,0,9.90,7.07,true,1,7290013724946
7290013724960,false,שקדים בציפוי שוקולד חלב,שקדיה,,שקדים בציפוי שוקולד חלב,גרמים,140,100 גרם,false,0,9.90,7.07,true,1,7290013724960
7290013724991,false,אגוזי לוז בציפוי שוקולד חלב,שקדיה,,אגוזי לוז בציפוי שוקולד חלב,גרמים,140,100 גרם,false,0,9.90,7.07,true,1,7290013724991
7290013725820,false,אגוזי לוז בציפוי שוקולד מריר,שקדיה,,אגוזי לוז בציפוי שוקולד מריר,גרמים,140,100 גרם,false,0,9.90,7.07,true,1,7290013725820
7290013756442,false,מגה גלופלקס fast,אלטמן,,מגה גלופלקס fast,יחידות,90,יחידה,false,0,134.90,1.50,true,1,7290013756442
7290013756541,false,"אסטר C - ויטמין סי 500 מ""ג",אלטמן,,"אסטר C - ויטמין סי 500 מ""ג",יחידות,60,יחידה,false,0,71.90,1.20,true,1,7290013756541
7290013756916,false,ויטמין D-1000 טבליות,אלטמן,,ויטמין D-1000 טבליות,יחידות,100,יחידה,false,0,39.90,0.40,true,1,7290013756916
7290013787156,false,רוטב שמנת וגראנה פדנו,פסטה ריקו Pasta Ricco,,רוטב שמנת וגראנה פדנו,גרמים,200,100 גרם,false,0,12.90,6.45,true,1,7290013787156
7290013787408,false,רביולי בטטה,פסטה ריקו Pasta Ricco,,רביולי בטטה,גרמים,330,100 גרם,false,0,24.90,7.55,true,1,7290013787408
7290013787415,false,רביולי תרד וריקוטה,פסטה ריקו Pasta Ricco,,רביולי תרד וריקוטה,גרמים,330,100 גרם,false,0,24.90,7.55,true,1,7290013787415
7290013847102,false,נתחי טונה בהירה בשמן - מארז שלישיה,סטארקיסט Starkist,,נתחי טונה בהירה בשמן - מארז שלישיה,גרמים,240,100 גרם,false,3,12.90,5.38,true,1,7290013847102
7290013847386,false,נתחי טונה לייט במים ושמן קנולה בטעם טבעי 4%,סטארקיסט Starkist,,נתחי טונה לייט במים ושמן קנולה בטעם טבעי 4%,גרמים,140,100 גרם,false,0,7.90,5.64,true,1,7290013847386
7290013847393,false,נתחי טונה לייט במים ושמן קנולה עם עשבי תיבול 4%,סטארקיסט Starkist,,נתחי טונה לייט במים ושמן קנולה עם עשבי תיבול 4%,גרמים,140,100 גרם,false,0,7.90,5.64,true,1,7290013847393
7290013847409,false,נתחי טונה לייט במים ושמן קנולה עם לימון ופלפל חריף 4%,סטארקיסט Starkist,,נתחי טונה לייט במים ושמן קנולה עם לימון ופלפל חריף 4%,גרמים,140,100 גרם,false,0,7.90,5.64,true,1,7290013847409
7290013847553,false,נתחי טונה בהירה במים דל נתרן - מארז רביעיה,סטארקיסט Starkist,,נתחי טונה בהירה במים דל נתרן - מארז רביעיה,גרמים,640,100 גרם,false,4,24.90,3.89,true,1,7290013847553
7290013847645,false,נתחי טונה בהירה בשמן זית - מארז 3 יח',סטארקיסט Starkist,,נתחי טונה בהירה בשמן זית - מארז 3 יח',גרמים,240,100 גרם,false,3,19.90,8.29,true,1,7290013847645
7290013847812,false,נתחי טונה בהירה בשמן זית כתית מעולה Yellowfin,סטארקיסט Starkist,,נתחי טונה בהירה בשמן זית כתית מעולה Yellowfin,גרמים,140,100 גרם,false,0,8.90,6.36,true,1,7290013847812
7290013847836,false,מארז זוג נתחי טונה בשמן קנולה,סטארקיסט Starkist,,מארז זוג נתחי טונה בשמן קנולה,גרמים,280,100 גרם,false,2,12.90,4.61,true,1,7290013847836
7290013847867,false,נתחי טונה בהירה בשמן - מארז זוג,סטארקיסט Starkist,,נתחי טונה בהירה בשמן - מארז זוג,גרמים,280,100 גרם,false,2,12.90,4.61,true,1,7290013847867
7290013848017,false,תרסיס ניקוי והברקת נירוסטה,סנו,,תרסיס ניקוי והברקת נירוסטה,מליליטרים,500,"100 מ""ל",false,0,19.90,3.98,true,1,7290013848017
7290013848345,false,מארז מטליות לחיטוי וניקוי יסודי אנטיבקטריאלי 99.9%,סנו,,מארז מטליות לחיטוי וניקוי יסודי אנטיבקטריאלי 99.9%,יחידות,150,יחידה,false,3,19.90,0.13,true,1,7290013848345
7290013848383,false,ג'ל רחצה לגבר 12 שעות של הגנה Active block,קרמה Crema,,ג'ל רחצה לגבר 12 שעות של הגנה Active block,מליליטרים,700,"100 מ""ל",false,0,18.90,2.70,true,1,7290013848383
7290013848420,false,דאודורנט ג'ל לגבר Active Block,קרמה Crema,,דאודורנט ג'ל לגבר Active Block,מליליטרים,70,"100 מ""ל",false,0,14.90,35.57,true,1,7290013848420
7290013848437,false,דאודורנט ספריי לגבר Active Block,קרמה Crema,,דאודורנט ספריי לגבר Active Block,מליליטרים,200,"100 מ""ל",false,0,11.90,12.45,true,1,7290013848437
7290013848611,false,רדיד אלומיניום עבה וחזק 61 מטר,סנו סושי,,רדיד אלומיניום עבה וחזק 61 מטר,,61,מטר,false,0,39.90,0.65,true,1,7290013848611
7290013848727,false,מכשיר אוטומטי לבישום אוויר + מילוי Floral Harmony,סנו פרש Fresh,,מכשיר אוטומטי לבישום אוויר + מילוי Floral Harmony,,0,,false,0,39.90,0.00,true,1,7290013848727
7290013848734,false,מכשיר אוטומטי לבישום אוויר + מילוי Soft Balance,סנו פרש Fresh,,מכשיר אוטומטי לבישום אוויר + מילוי Soft Balance,,0,,false,0,39.90,0.00,true,1,7290013848734
7290013848758,false,ג'ל כביסה מרוכז מקסימה בייבי,סנו מקסימה,,ג'ל כביסה מרוכז מקסימה בייבי,ליטרים,3,ליטר,false,0,34.90,11.63,true,1,7290013848758
7290013848789,false,אל סבון מוצק דבש - מארז רביעיה,כיף,,אל סבון מוצק דבש - מארז רביעיה,גרמים,400,100 גרם,false,4,9.90,3.23,true,1,7290013848789
7290013848796,false,אל סבון מוצק שקד - מארז רביעיה,כיף,,אל סבון מוצק שקד - מארז רביעיה,גרמים,400,100 גרם,false,4,9.90,3.23,true,1,7290013848796
7290013848802,false,אל סבון מוצק לבנדר - מארז רביעיה,כיף,,אל סבון מוצק לבנדר - מארז רביעיה,גרמים,400,100 גרם,false,4,9.90,3.23,true,1,7290013848802
7290013848819,false,אל סבון מוצק לוטוס - מארז רביעיה,כיף,,אל סבון מוצק לוטוס - מארז רביעיה,גרמים,400,100 גרם,false,4,9.90,3.23,true,1,7290013848819
7290013848826,false,אל סבון מוצק קוקוס וניל - מארז רביעיה,כיף,,אל סבון מוצק קוקוס וניל - מארז רביעיה,גרמים,400,100 גרם,false,4,9.90,3.23,true,1,7290013848826
7290013848833,false,אל סבון מוצק אצות ים - רביעיה,כיף,,אל סבון מוצק אצות ים - רביעיה,גרמים,400,100 גרם,false,4,9.90,3.23,true,1,7290013848833
7290013859082,false,יאנג זיט אאוט מסכה לטיפול בעור הנוטה לפצעונים,סבוקלם Sebocalm,,יאנג זיט אאוט מסכה לטיפול בעור הנוטה לפצעונים,מליליטרים,20,"100 מ""ל",false,0,54.90,274.50,true,1,7290013859082
7290013859419,false,סבון פנים לעור רגיש,סבוקלם Sebocalm,,סבון פנים לעור רגיש,מליליטרים,150,"100 מ""ל",false,0,59.90,39.93,true,1,7290013859419
7290013859617,false,אינוביישן ג'ל לקונטור העיניים להפחתת סימני עייפות,סבוקלם Sebocalm,,אינוביישן ג'ל לקונטור העיניים להפחתת סימני עייפות,מליליטרים,15,"100 מ""ל",false,0,79.90,532.67,true,1,7290013859617
7290013861740,false,ניוקי תפוחי אדמה,סו שף Su Chef,,ניוקי תפוחי אדמה,גרמים,500,100 גרם,false,0,8.90,1.78,true,1,7290013861740
7290013883148,false,סופג ריחות במקרר,יעקבי - הפי Hepi,,סופג ריחות במקרר,,0,,false,0,9.90,0.00,true,1,7290013883148
7290013883407,false,מנקה ומשמיד חיידקים,יעקבי - דזיטול Desytol,,מנקה ומשמיד חיידקים,מליליטרים,750,"100 מ""ל",false,0,14.90,1.99,true,1,7290013883407
7290013883490,false,מדליק פחמים מוצק,שייני Shiny,,מדליק פחמים מוצק,יחידות,40,יחידה,false,0,7.90,0.20,true,1,7290013883490
7290013903389,false,שעועית ירוקה אורגנית קפואה,ליב אורגני,,שעועית ירוקה אורגנית קפואה,גרמים,500,100 גרם,false,0,12.90,2.58,true,1,7290013903389
7290013903464,false,פולי סויה אורגנים קלופים מוקפאים,ליב אורגני,,פולי סויה אורגנים קלופים מוקפאים,גרמים,500,100 גרם,false,0,14.90,2.98,true,1,7290013903464
7290013903594,false,רסק תפוחים טבעי,ליב אורגני,,רסק תפוחים טבעי,גרמים,670,100 גרם,false,0,11.90,1.78,true,1,7290013903594
7290013905970,false,ערכה ביתית לבדיקת הריון,WH Accu Test,,ערכה ביתית לבדיקת הריון,יחידות,1,יחידה,false,0,24.90,24.90,true,1,7290013905970
7290013906052,false,נקניקיות פרגיות,טירת צבי,,נקניקיות פרגיות,גרמים,300,100 גרם,false,0,11.90,4.97,true,1,7290013906052
7290013906205,false,פסטרמה שום וצ'ילי פיקנטי,טירת צבי,,פסטרמה שום וצ'ילי פיקנטי,גרמים,400,100 גרם,false,0,26.90,7.48,true,1,7290013906205
7290013906212,false,נקניקיות וינר,טירת צבי,,נקניקיות וינר,קילוגרמים,1,"ק""ג",false,0,32.90,32.90,true,1,7290013906212
7290013906236,false,סלמי גלבוע,טירת צבי,,סלמי גלבוע,גרמים,400,100 גרם,false,0,24.90,6.23,true,1,7290013906236
7290013906441,false,קבנוס,טירת צבי,,קבנוס,גרמים,120,100 גרם,false,0,12.90,10.75,true,1,7290013906441
7290013906458,false,קבנוס פיקנטי,טירת צבי,,קבנוס פיקנטי,גרמים,120,100 גרם,false,0,12.90,10.75,true,1,7290013906458
7290013906489,false,חטיפי מיני קבנוס,טירת צבי,,חטיפי מיני קבנוס,גרמים,120,100 גרם,false,0,12.90,10.75,true,1,7290013906489
7290013906496,false,פסטרמה עגל בסגנון רומני,טירת צבי,,פסטרמה עגל בסגנון רומני,גרמים,120,100 גרם,false,0,12.90,12.42,true,1,7290013906496
7290013906687,false,פסטרמה כפרית דבש כפרית ברביקיו מארז,טירת צבי,,פסטרמה כפרית דבש כפרית ברביקיו מארז,גרמים,600,100 גרם,false,0,26.90,5.48,true,1,7290013906687
7290013927200,false,עוגת שוקולד צ'יפס עשירה,אחוה,,עוגת שוקולד צ'יפס עשירה,גרמים,400,100 גרם,false,0,10.90,2.73,true,1,7290013927200
7290013927323,false,עוגת בראוניס,אחוה,,עוגת בראוניס,גרמים,400,100 גרם,false,0,10.90,2.73,true,1,7290013927323
7290013994004,false,אורז לבן ארוך אורגני,הרדוף,,אורז לבן ארוך אורגני,גרמים,500,100 גרם,false,0,12.90,2.58,true,1,7290013994004
7290013994011,false,אורז ארוך מלא אורגני,הרדוף,,אורז ארוך מלא אורגני,גרמים,500,100 גרם,false,0,12.90,2.58,true,1,7290013994011
7290013994042,false,זרעי פשתן אורגני,הרדוף,,זרעי פשתן אורגני,גרמים,300,100 גרם,false,0,6.90,2.30,true,1,7290013994042
7290013994066,false,ספלטפלקס פתיתי כוסמין אורגני,הרדוף,,ספלטפלקס פתיתי כוסמין אורגני,גרמים,375,100 גרם,false,0,24.90,6.64,true,1,7290013994066
7290013994219,false,עדשים חומות אורגני,הרדוף,,עדשים חומות אורגני,גרמים,500,100 גרם,false,0,11.90,2.38,true,1,7290013994219
7290013994295,false,קינואה אדומה אורגנית,הרדוף,,קינואה אדומה אורגנית,גרמים,500,100 גרם,false,0,24.90,4.98,true,1,7290013994295
7290013994318,false,קינואה מעורבת - טריקולור אורגנית,הרדוף,,קינואה מעורבת - טריקולור אורגנית,גרמים,500,100 גרם,false,0,19.90,0.04,true,1,7290013994318
7290013994547,false,אורז בסמטי חום אורגני,הרדוף,,אורז בסמטי חום אורגני,גרמים,500,100 גרם,false,0,12.90,2.58,true,1,7290013994547
7290013994554,false,אורז בסמטי לבן אורגני,הרדוף,,אורז בסמטי לבן אורגני,גרמים,500,100 גרם,false,0,12.90,2.58,true,1,7290013994554
7290013994585,false,גרעיני דלעת קלופים אורגניים,הרדוף,,גרעיני דלעת קלופים אורגניים,גרמים,300,100 גרם,false,0,24.90,8.30,true,1,7290013994585
7290013994653,false,קינואה אורגנית,הרדוף,,קינואה אורגנית,גרמים,500,100 גרם,false,0,17.90,3.58,true,1,7290013994653
7290013994677,false,עדשים שחורות אורגניות,הרדוף,,עדשים שחורות אורגניות,גרמים,500,100 גרם,false,0,19.90,3.98,true,1,7290013994677
7290013994684,false,אפונה ירוקה חצויה אורגנית,הרדוף,,אפונה ירוקה חצויה אורגנית,גרמים,500,100 גרם,false,0,14.90,2.98,true,1,7290013994684
7290013994769,false,בייגלה מקלות שומשום מקמח מלא,הרדוף,,בייגלה מקלות שומשום מקמח מלא,גרמים,200,100 גרם,false,0,12.90,6.45,true,1,7290013994769
7290013994912,false,קמח כוסמין 70% אורגני,הרדוף,,קמח כוסמין 70% אורגני,קילוגרמים,1,"ק""ג",false,0,19.90,19.90,true,1,7290013994912
7290013994929,false,קוסקוס מלא אורגני,הרדוף,,קוסקוס מלא אורגני,גרמים,350,100 גרם,false,0,9.90,2.83,true,1,7290013994929
7290013994943,false,קוסקוס אורגני,הרדוף,,קוסקוס אורגני,גרמים,350,100 גרם,false,0,9.90,2.83,true,1,7290013994943
7290014002128,false,תה ירוק לימונית ומנטה,ויסוצקי ירוק,,תה ירוק לימונית ומנטה,גרמים,38,100 גרם,false,25,22.90,61.07,true,1,7290014002128
7290014002197,false,חליטת קמומיל ולימונית,ויסוצקי,,חליטת קמומיל ולימונית,גרמים,63,100 גרם,false,0,16.90,27.04,true,1,7290014002197
7290014002203,false,חליטת לימונית ולואיזה,ויסוצקי,,חליטת לימונית ולואיזה,גרמים,63,100 גרם,false,0,16.90,27.04,true,1,7290014002203
7290014002470,false,תה ויסוצקי קלאסיק - מארז 75 שקיקים,ויסוצקי,,תה ויסוצקי קלאסיק - מארז 75 שקיקים,גרמים,113,100 גרם,false,75,13.90,14.13,true,1,7290014002470
7290014002579,false,תה ירוק וניל,ויסוצקי ירוק,,תה ירוק וניל,גרמים,38,100 גרם,false,25,22.90,61.07,true,1,7290014002579
7290014002944,false,"""חמדת השקד"" חליטת פירות וצמחים בטעם שקדים",ויסוצקי,,"""חמדת השקד"" חליטת פירות וצמחים בטעם שקדים",גרמים,63,100 גרם,false,0,16.90,27.04,true,1,7290014002944
7290014002982,false,תה ירוק לימונית ולואיזה בתוספת עלי סטיביה,ויסוצקי ירוק,,תה ירוק לימונית ולואיזה בתוספת עלי סטיביה,גרמים,38,100 גרם,false,25,22.90,61.07,true,1,7290014002982
7290014046016,false,פסטרמה של פעם דל שומן 2% רכיבים טבעיים,יחיעם,,פסטרמה של פעם דל שומן 2% רכיבים טבעיים,גרמים,250,100 גרם,false,0,24.90,9.96,true,1,7290014046016
7290014046474,false,"נקניקיות עוף - 1.5 ק""ג",יחיעם,,"נקניקיות עוף - 1.5 ק""ג",קילוגרמים,2,"ק""ג",false,0,25.90,17.27,true,1,7290014046474
7290014046580,false,פסטרמה מעודנת על האש,יחיעם,,פסטרמה מעודנת על האש,גרמים,300,100 גרם,false,0,24.90,8.30,true,1,7290014046580
7290014046757,false,סלמי תה,יחיעם,,סלמי תה,גרמים,300,100 גרם,false,0,19.90,6.63,true,1,7290014046757
7290014059078,false,מי פה מנטה מרענן Extreme Clean,אקווה פרש Aquafresh,,מי פה מנטה מרענן Extreme Clean,מליליטרים,500,"100 מ""ל",false,0,19.90,3.98,true,1,7290014059078
7290014059085,false,משחת שיניים לשיקום והגנה Repair& protect,סנסודיין Sensodyne,,משחת שיניים לשיקום והגנה Repair& protect,מליליטרים,75,"100 מ""ל",false,0,23.90,31.87,true,1,7290014059085
7290014059436,false,משחת שיניים מלבינה לשיניים רגישות repair & protect,סנסודיין Sensodyne,,משחת שיניים מלבינה לשיניים רגישות repair & protect,מליליטרים,75,"100 מ""ל",false,0,23.90,31.87,true,1,7290014059436
7290014065079,false,"מגנוקס ליידי - תוסף מגנזיום, ויטמינים וצמחי מרפא",Magnox,,"מגנוקס ליידי - תוסף מגנזיום, ויטמינים וצמחי מרפא",יחידות,60,יחידה,false,0,79.90,1.33,true,1,7290014065079
7290014065925,false,מגנוקס ספורט +Magnox Sport,Magnox,,מגנוקס ספורט +Magnox Sport,יחידות,60,יחידה,false,0,79.90,1.33,true,1,7290014065925
7290014066366,false,קפסולות אספרסו ריסטרטו 08,קפה לנדוור,,קפסולות אספרסו ריסטרטו 08,גרמים,80,100 גרם,false,0,15.90,19.88,true,1,7290014066366
7290014066373,false,קפסולות אספרסו קלאסיק 09,קפה לנדוור,,קפסולות אספרסו קלאסיק 09,גרמים,80,100 גרם,false,0,15.90,19.88,true,1,7290014066373
7290014066380,false,קפסולות אספרסו סופרימו 10,קפה לנדוור,,קפסולות אספרסו סופרימו 10,גרמים,80,100 גרם,false,0,15.90,19.88,true,1,7290014066380
7290014066441,false,לנדוור נטול קפאין 7,קפה לנדוור,,לנדוור נטול קפאין 7,גרמים,80,100 גרם,false,0,15.90,19.88,true,1,7290014066441
7290014066526,false,קפסולות אספרסו תערובת הבית 11,קפה לנדוור,,קפסולות אספרסו תערובת הבית 11,גרמים,80,100 גרם,false,0,15.90,19.88,true,1,7290014066526
7290014083165,false,ניוקי תפוחי אדמה,פסטה איטליאנה Pasta Italiana,,ניוקי תפוחי אדמה,גרמים,500,100 גרם,false,0,8.90,1.78,true,1,7290014083165
7290014083479,false,פרוסות גבינת גאודה 28%,יורו צ'יז Euro Cheese,,פרוסות גבינת גאודה 28%,גרמים,150,100 גרם,false,0,9.90,8.60,true,1,7290014083479
7290014083806,false,עוגיות בטעם חמאה,וילי פוד,,עוגיות בטעם חמאה,גרמים,350,100 גרם,false,0,11.90,3.40,true,1,7290014083806
7290014083813,false,שפרוטים מעושנים בשמן מריגה,וילי פוד,,שפרוטים מעושנים בשמן מריגה,גרמים,190,100 גרם,false,0,7.90,4.16,true,1,7290014083813
7290014094338,false,גרעיני דלעת קלופים,ששון הקולה,,גרעיני דלעת קלופים,גרמים,200,100 גרם,false,0,14.90,7.45,true,1,7290014094338
7290014094345,false,גרעיני חמניות קלופות,ששון הקולה,,גרעיני חמניות קלופות,גרמים,200,100 גרם,false,0,9.90,4.95,true,1,7290014094345
7290014094352,false,אגוז מלך טבעי,ששון הקולה,,אגוז מלך טבעי,גרמים,200,100 גרם,false,0,19.90,9.95,true,1,7290014094352
7290014094369,false,שקד טבעי,ששון הקולה,,שקד טבעי,גרמים,200,100 גרם,false,0,19.90,9.95,true,1,7290014094369
7290014094376,false,שזיף מיובש ללא גלעין,ששון הקולה,,שזיף מיובש ללא גלעין,גרמים,250,100 גרם,false,0,19.90,7.96,true,1,7290014094376
7290014094383,false,משמש מיובש,ששון הקולה,,משמש מיובש,גרמים,250,100 גרם,false,0,19.90,7.96,true,1,7290014094383
7290014094390,false,חמוציות מסוכרות,ששון הקולה,,חמוציות מסוכרות,גרמים,250,100 גרם,false,0,12.90,5.16,true,1,7290014094390
7290014094406,false,צימוק בהיר,ששון הקולה,,צימוק בהיר,גרמים,250,100 גרם,false,0,14.90,5.96,true,1,7290014094406
7290014094529,false,רוטב סויה,אהרוני,,רוטב סויה,מליליטרים,300,"100 מ""ל",false,0,10.90,3.63,true,1,7290014094529
7290014094536,false,רוטב סויה,אהרוני,,רוטב סויה,מליליטרים,623,"100 מ""ל",false,0,19.90,3.19,true,1,7290014094536
7290014094628,false,פקאן טבעי,ששון הקולה,,פקאן טבעי,גרמים,200,100 גרם,false,0,22.90,11.45,true,1,7290014094628
7290014094642,false,קשיו טבעי ענק,ששון הקולה,,קשיו טבעי ענק,גרמים,200,100 גרם,false,0,24.90,12.45,true,1,7290014094642
7290014095458,false,חטיף דגנים עם חתיכות תפוז מיובש ושוקולד מריר,שקדיה,,חטיף דגנים עם חתיכות תפוז מיובש ושוקולד מריר,גרמים,125,100 גרם,false,5,9.90,7.92,true,1,7290014095458
7290014095472,false,חטיף דגנים עם חמוציות ושוקולד מריר,שקדיה,,חטיף דגנים עם חמוציות ושוקולד מריר,גרמים,125,100 גרם,false,0,9.90,7.92,true,1,7290014095472
7290014095861,false,שיבולת שועל דקה להכנה מהירה,שקדיה,,שיבולת שועל דקה להכנה מהירה,גרמים,500,100 גרם,false,0,4.90,0.98,true,1,7290014095861
7290014095946,false,פקאן בציפוי שוקולד מריר,שקדיה,,פקאן בציפוי שוקולד מריר,גרמים,140,100 גרם,false,0,9.90,7.07,true,1,7290014095946
7290014095960,false,שיבולת שועל עבה להכנה מהירה,שקדיה,,שיבולת שועל עבה להכנה מהירה,גרמים,500,100 גרם,false,0,4.90,0.98,true,1,7290014095960
7290014126428,false,סטיביה 150 טבליות,מרמולייט,,סטיביה 150 טבליות,יחידות,150,יחידה,false,0,26.90,0.18,true,1,7290014126428
7290014204591,false,שמפו לילדים,פנינה רוזנבלום PR,,שמפו לילדים,מליליטרים,750,"100 מ""ל",false,0,19.90,2.65,true,1,7290014204591
7290014204638,false,מרכך לאחר החלקה מועשר בקרטין,פנינה רוזנבלום PR,,מרכך לאחר החלקה מועשר בקרטין,מליליטרים,750,"100 מ""ל",false,0,24.90,3.32,true,1,7290014204638
7290014204645,false,שמפו לאחר החלקה מועשר בקרטין,פנינה רוזנבלום PR,,שמפו לאחר החלקה מועשר בקרטין,מליליטרים,750,"100 מ""ל",false,0,24.90,3.32,true,1,7290014204645
7290014217003,false,פפריקה מעושנת,תבליני טעם וריח,,פפריקה מעושנת,גרמים,90,100 גרם,false,0,7.90,8.78,true,1,7290014217003
7290014217010,false,תיבול דגים T-BUL,תבליני טעם וריח,,תיבול דגים T-BUL,גרמים,90,100 גרם,false,0,12.90,14.33,true,1,7290014217010
7290014217027,false,תערובת תיבול עוף T-BUL,תבליני טעם וריח,,תערובת תיבול עוף T-BUL,גרמים,120,100 גרם,false,0,12.90,10.75,true,1,7290014217027
7290014217065,false,אורגנו,תבליני טעם וריח,,אורגנו,גרמים,30,100 גרם,false,0,5.90,19.67,true,1,7290014217065
7290014217119,false,תערובת תיבול לצ'יפס,תבליני טעם וריח,,תערובת תיבול לצ'יפס,גרמים,100,100 גרם,false,0,7.90,7.90,true,1,7290014217119
7290014217157,false,תערובת תיבול טוסקנה,תבליני טעם וריח,,תערובת תיבול טוסקנה,גרמים,120,100 גרם,false,0,7.90,6.58,true,1,7290014217157
7290014217164,false,פטרוזיליה,תבליני טעם וריח,,פטרוזיליה,גרמים,20,100 גרם,false,0,5.90,29.50,true,1,7290014217164
7290014217171,false,תערובת תיבול גריל דג,תבליני טעם וריח,,תערובת תיבול גריל דג,גרמים,100,100 גרם,false,0,7.90,7.90,true,1,7290014217171
7290014217201,false,תערובת תיבול סומק,תבליני טעם וריח,,תערובת תיבול סומק,גרמים,45,100 גרם,false,0,4.90,10.89,true,1,7290014217201
7290014217225,false,תערובת תיבול גריל עוף,תבליני טעם וריח,,תערובת תיבול גריל עוף,גרמים,120,100 גרם,false,0,7.90,6.58,true,1,7290014217225
7290014217263,false,תערובת תיבול לפרגיות,תבליני טעם וריח,,תערובת תיבול לפרגיות,גרמים,100,100 גרם,false,0,7.90,7.90,true,1,7290014217263
7290014217348,false,צ'ילי כתוש חריף (פלפל קיינה),תבליני טעם וריח,,צ'ילי כתוש חריף (פלפל קיינה),גרמים,70,100 גרם,false,0,7.90,11.29,true,1,7290014217348
7290014217355,false,אבקת קארי,תבליני טעם וריח,,אבקת קארי,גרמים,100,100 גרם,false,0,7.90,7.90,true,1,7290014217355
7290014217362,false,תערובת תיבול לקציצות,תבליני טעם וריח,,תערובת תיבול לקציצות,גרמים,100,100 גרם,false,0,7.90,7.90,true,1,7290014217362
7290014217478,false,עשבי תיבול איטלקי ים תיכוני,תבליני טעם וריח,,עשבי תיבול איטלקי ים תיכוני,גרמים,30,100 גרם,false,0,5.90,19.67,true,1,7290014217478
7290014217485,false,תערובת תיבול קייג'ון,תבליני טעם וריח,,תערובת תיבול קייג'ון,גרמים,100,100 גרם,false,0,7.90,7.90,true,1,7290014217485
7290014217492,false,תערובת תיבול פילדלפיה,תבליני טעם וריח,,תערובת תיבול פילדלפיה,גרמים,100,100 גרם,false,0,7.90,7.90,true,1,7290014217492
7290014218321,false,בורקס יפו במילוי גבינה,מעדנות,,בורקס יפו במילוי גבינה,גרמים,600,100 גרם,false,0,14.90,2.48,true,1,7290014218321
7290014218338,false,בורקס יפו במילוי תפוחי אדמה,מעדנות,,בורקס יפו במילוי תפוחי אדמה,גרמים,600,100 גרם,false,0,12.90,2.15,true,1,7290014218338
7290014218932,false,חטיפי פיצה בתוספת זיתים,מעדנות,,חטיפי פיצה בתוספת זיתים,גרמים,710,100 גרם,false,0,32.90,4.63,true,1,7290014218932
7290014256620,false,יין אדום מתוק מבעבע Buzz קריניאנו,יקבי כרמל Carmel Winery,,יין אדום מתוק מבעבע Buzz קריניאנו,מליליטרים,750,"100 מ""ל",false,0,24.90,3.32,true,1,7290014256620
7290014256637,false,יין לבן מתוק מבעבע Buzz מוסקטו,יקבי כרמל Carmel Winery,,יין לבן מתוק מבעבע Buzz מוסקטו,מליליטרים,750,"100 מ""ל",false,0,24.90,3.32,true,1,7290014256637
7290014258716,false,תרכובת מזון צמחי על בסיס חלבון סויה מגיל לידה,מטרנה,,תרכובת מזון צמחי על בסיס חלבון סויה מגיל לידה,גרמים,700,100 גרם,false,0,54.90,7.84,true,1,7290014258716
7290014258723,false,תרכובת מזון צמחי לתינוקות מגיל 0 עד גיל שנה,מטרנה,,תרכובת מזון צמחי לתינוקות מגיל 0 עד גיל שנה,גרמים,700,100 גרם,false,0,69.90,9.99,true,1,7290014258723
7290014258730,false,תרכובת מזון צמחי לתינוקות מגיל 12 חודשים ואילך,מטרנה,,תרכובת מזון צמחי לתינוקות מגיל 12 חודשים ואילך,גרמים,700,100 גרם,false,0,69.90,9.99,true,1,7290014258730
7290014305045,false,בירה יונק הדבש בסגנון בלגי כהה,הדובים,,בירה יונק הדבש בסגנון בלגי כהה,מליליטרים,330,"100 מ""ל",false,0,14.90,4.52,true,1,7290014305045
7290014305236,false,בירה הדובים בהירה טייפון APA,הדובים,,בירה הדובים בהירה טייפון APA,מליליטרים,330,"100 מ""ל",false,0,14.90,4.52,true,1,7290014305236
7290014308626,false,פלפל שחור גרוס דק,תבליני פרג,,פלפל שחור גרוס דק,גרמים,100,100 גרם,false,0,13.90,13.90,true,1,7290014308626
7290014308671,false,פלפל לבן טחון,תבליני פרג,,פלפל לבן טחון,גרמים,80,100 גרם,false,0,13.90,17.38,true,1,7290014308671
7290014308978,false,מקלות קינמון,תבליני פרג,,מקלות קינמון,גרמים,80,100 גרם,false,0,13.90,17.38,true,1,7290014308978
7290014309012,false,אגוז מוסקט טחון,תבליני פרג,,אגוז מוסקט טחון,גרמים,40,100 גרם,false,0,13.90,34.75,true,1,7290014309012
7290014309036,false,ציפורן טחונה,תבליני פרג,,ציפורן טחונה,גרמים,40,100 גרם,false,0,13.90,34.75,true,1,7290014309036
7290014309128,false,קצח,תבליני פרג,,קצח,גרמים,120,100 גרם,false,0,13.90,11.58,true,1,7290014309128
7290014309180,false,סומק,תבליני פרג,,סומק,גרמים,120,100 גרם,false,0,13.90,11.58,true,1,7290014309180
7290014318311,false,מארז שלישיית עגבניות חתוכות דק במיץ עגבניות Rosso,,,מארז שלישיית עגבניות חתוכות דק במיץ עגבניות Rosso,גרמים,1200,100 גרם,false,3,14.90,1.24,true,1,7290014318311
7290014318458,false,מחית עגבניות חתוכות דק Rustica,איטליקה Italica,,מחית עגבניות חתוכות דק Rustica,גרמים,680,100 גרם,false,0,12.90,1.90,true,1,7290014318458
7290014321007,false,שמן קוקוס אורגני,אקוגרין,,שמן קוקוס אורגני,מליליטרים,350,"100 מ""ל",false,0,29.90,8.54,true,1,7290014321007
7290014321014,false,שמן קוקוס אורגני,אקוגרין,,שמן קוקוס אורגני,מליליטרים,1000,"100 מ""ל",false,0,59.90,5.99,true,1,7290014321014
7290014325036,false,ג'לי שמחות סוכריות ג'לי עטופות,מיה,,ג'לי שמחות סוכריות ג'לי עטופות,גרמים,600,100 גרם,false,0,22.90,3.82,true,1,7290014325036
7290014325050,false,קורנפלור,מיה,,קורנפלור,גרמים,500,100 גרם,false,0,4.90,0.98,true,1,7290014325050
7290014397163,false,"מטהר אוויר פרש הום פריחת השקד, ורד אנגלי וכותנה",סנו פרש Fresh,,"מטהר אוויר פרש הום פריחת השקד, ורד אנגלי וכותנה",מליליטרים,250,"100 מ""ל",false,0,12.90,7.96,true,1,7290014397163
7290014397170,false,"מטהר אוויר פרש אוטומטיק ספרי 250 מ""ל",סנו פרש Fresh,,"מטהר אוויר פרש אוטומטיק ספרי 250 מ""ל",מליליטרים,250,"100 מ""ל",false,0,12.90,7.96,true,1,7290014397170
7290014397200,false,מברשת שיניים סופט - מארז שלישיה,אורביטול Orbitol,,מברשת שיניים סופט - מארז שלישיה,יחידות,3,יחידה,false,0,14.90,4.97,true,1,7290014397200
7290014397279,false,שקיות מזון נשלפות XL גדולות במיוחד,סנו סושי,,שקיות מזון נשלפות XL גדולות במיוחד,יחידות,300,יחידה,false,0,11.90,0.04,true,1,7290014397279
7290014397286,false,מרכך כביסה סופר מרוכז חלב ודבש Care,סנו מקסימה,,מרכך כביסה סופר מרוכז חלב ודבש Care,ליטרים,1,ליטר,false,0,19.90,19.90,true,1,7290014397286
7290014397453,false,מסיר כתמים לכביסה לבנה אוקסיג'ן ג'ל,סנו אוקסיג'ן,,מסיר כתמים לכביסה לבנה אוקסיג'ן ג'ל,ליטרים,3,ליטר,false,0,29.90,9.97,true,1,7290014397453
7290014397491,false,פרש Home מבשם לבית וניל קוקוס,סנו פרש Fresh,,פרש Home מבשם לבית וניל קוקוס,מליליטרים,350,"100 מ""ל",false,0,10.90,4.26,true,1,7290014397491
7290014397507,false,פרש Home מבשם לבית פריחת היסמין,סנו פרש Fresh,,פרש Home מבשם לבית פריחת היסמין,מליליטרים,350,"100 מ""ל",false,0,10.90,4.26,true,1,7290014397507
7290014397514,false,פרש Home מבשם לבית כותנה מלטפת,סנו פרש Fresh,,פרש Home מבשם לבית כותנה מלטפת,מליליטרים,350,"100 מ""ל",false,0,10.90,4.26,true,1,7290014397514
7290014397521,false,פרש Home מבשם לבית לבנדר פרובאנס,סנו פרש Fresh,,פרש Home מבשם לבית לבנדר פרובאנס,מליליטרים,350,"100 מ""ל",false,0,10.90,4.26,true,1,7290014397521
7290014397538,false,פרש Home מבשם לבית בוקר אביבי,סנו פרש Fresh,,פרש Home מבשם לבית בוקר אביבי,מליליטרים,350,"100 מ""ל",false,0,10.90,4.26,true,1,7290014397538
7290014397705,false,פוליויקס פרקט בניחוח מאסק,סנו פוליויקס,,פוליויקס פרקט בניחוח מאסק,ליטרים,2,ליטר,false,0,19.90,14.95,true,1,7290014397705
7290014397712,false,סנובון ג'ל אסלה בניחוח פריחה ורודה,סנו,,סנובון ג'ל אסלה בניחוח פריחה ורודה,מליליטרים,65,"100 מ""ל",false,0,14.90,22.92,true,1,7290014397712
7290014397767,false,ריצפז פרש הום כותנה מלטפת,סנו פרש Fresh,,ריצפז פרש הום כותנה מלטפת,ליטרים,2,ליטר,false,0,19.90,11.45,true,1,7290014397767
7290014397774,false,ריצפז פרש הום טבע רענן,סנו פרש Fresh,,ריצפז פרש הום טבע רענן,ליטרים,2,ליטר,false,0,19.90,11.45,true,1,7290014397774
7290014397781,false,ריצפז פרש הום סבון מפנק,סנו פרש Fresh,,ריצפז פרש הום סבון מפנק,ליטרים,2,ליטר,false,0,19.90,11.45,true,1,7290014397781
7290014397835,false,סנומט דוחה יתושים נוזלי+מכשיר 45 לילות,סנו,,סנומט דוחה יתושים נוזלי+מכשיר 45 לילות,,0,,false,0,42.90,0.00,true,1,7290014397835
7290014397873,false,מרכך כביסה בבישום עוצמתי ג'נטל בריז,סנו מקסימה,,מרכך כביסה בבישום עוצמתי ג'נטל בריז,ליטרים,4,ליטר,false,0,22.90,5.73,true,1,7290014397873
7290014397897,false,מבשם בגדים ואריגים,סנו מקסימה,,מבשם בגדים ואריגים,מליליטרים,350,"100 מ""ל",false,0,18.90,5.40,true,1,7290014397897
7290014397903,false,מבשם בגדים ואריגים מקסימה Soft linen,סנו מקסימה,,מבשם בגדים ואריגים מקסימה Soft linen,מליליטרים,350,"100 מ""ל",false,0,18.90,5.40,true,1,7290014397903
7290014397958,false,תחליב רול און דוחה יתושים ממקור טבעי,סנו,,תחליב רול און דוחה יתושים ממקור טבעי,מליליטרים,50,"100 מ""ל",false,0,19.90,39.80,true,1,7290014397958
7290014426061,false,משחת שיניים הלו קיטי בטעם ענבים לגיל 2-6,כצט CTS,,משחת שיניים הלו קיטי בטעם ענבים לגיל 2-6,מליליטרים,50,"100 מ""ל",false,0,11.90,23.80,true,1,7290014426061
7290014435704,false,סלמון מעושן פרוס,שבעת הימים - שמיר,,סלמון מעושן פרוס,גרמים,100,100 גרם,false,0,21.90,21.90,true,1,7290014435704
7290014435803,false,פילה הרינג פרובנציאל,שבעת הימים - שמיר,,פילה הרינג פרובנציאל,גרמים,200,100 גרם,false,0,18.90,9.45,true,1,7290014435803
7290014435810,false,הרינג כבוש עם בצל במרינדת חמוץ מתוק,שבעת הימים - שמיר,,הרינג כבוש עם בצל במרינדת חמוץ מתוק,גרמים,220,100 גרם,false,0,18.90,8.59,true,1,7290014435810
7290014435834,false,מקרל מעושן פרוס בשמן,שבעת הימים - שמיר,,מקרל מעושן פרוס בשמן,גרמים,190,100 גרם,false,0,24.90,13.11,true,1,7290014435834
7290014435872,false,סלט הרינג עם מיונז,שבעת הימים - שמיר,,סלט הרינג עם מיונז,גרמים,200,100 גרם,false,0,18.90,9.45,true,1,7290014435872
7290014435889,false,סלט מטיאס עם מיונז,שבעת הימים - שמיר,,סלט מטיאס עם מיונז,גרמים,200,100 גרם,false,0,18.90,9.45,true,1,7290014435889
7290014435896,false,סלט סלמון עם מיונז,שבעת הימים - שמיר,,סלט סלמון עם מיונז,גרמים,200,100 גרם,false,0,21.90,10.95,true,1,7290014435896
7290014454149,false,דאודורנט Love Line White,חלאבין Halvin,,דאודורנט Love Line White,מליליטרים,80,"100 מ""ל",false,0,12.90,16.13,true,1,7290014454149
7290014454200,false,קרם גוף לאב ליין לבן Love Line White,חלאבין Halvin,,קרם גוף לאב ליין לבן Love Line White,מליליטרים,275,"100 מ""ל",false,0,29.90,10.87,true,1,7290014454200
7290014455245,false,גרנה פדנו גבינה קשה 29% שומן,מחלבות גד,,גרנה פדנו גבינה קשה 29% שומן,גרמים,200,100 גרם,false,0,23.90,11.95,true,1,7290014455245
7290014455252,false,גבינה קשה מגורדת גרנה פדנו 29% שומן,מחלבות גד,,גבינה קשה מגורדת גרנה פדנו 29% שומן,גרמים,100,100 גרם,false,0,10.90,10.90,true,1,7290014455252
7290014455320,false,מוצרלה פרסקה 18% שומן,מחלבות גד,,מוצרלה פרסקה 18% שומן,גרמים,100,100 גרם,false,0,9.90,9.90,true,1,7290014455320
7290014455467,false,מעדן שיבולת שועל וחלב 2% שומן,מחלבות גד,,מעדן שיבולת שועל וחלב 2% שומן,גרמים,150,100 גרם,false,0,5.50,3.67,true,1,7290014455467
7290014455610,false,יוגורט עיזים עם תות,מחלבות גד,,יוגורט עיזים עם תות,גרמים,125,100 גרם,false,0,5.90,4.72,true,1,7290014455610
7290014455627,false,יוגורט עיזים עם דובדבן אמרנה,מחלבות גד,,יוגורט עיזים עם דובדבן אמרנה,גרמים,125,100 גרם,false,0,5.90,4.72,true,1,7290014455627
7290014459137,false,סטייק צ'יפס,תפוגן,,סטייק צ'יפס,קילוגרמים,2,"ק""ג",false,0,19.90,13.27,true,1,7290014459137
7290014459373,false,צ'יפס קראנצ'י לתנור,תפוגן,,צ'יפס קראנצ'י לתנור,קילוגרמים,2,"ק""ג",false,0,22.90,15.27,true,1,7290014459373
7290014459472,false,צ'יפס קלאסי,תפוגן,,צ'יפס קלאסי,קילוגרמים,2,"ק""ג",false,0,24.90,12.45,true,1,7290014459472
7290014459632,false,צ'יפסים,טוגן,,צ'יפסים,קילוגרמים,2,"ק""ג",false,0,17.90,11.93,true,1,7290014459632
7290014471412,false,"מוזלי עם בוטנים, אגוזי לוז ושקדים",שקדיה,,"מוזלי עם בוטנים, אגוזי לוז ושקדים",גרמים,1000,100 גרם,false,0,19.90,1.99,true,1,7290014471412
7290014471429,false,מוזלי פירות יבשים,שקדיה,,מוזלי פירות יבשים,גרמים,1000,100 גרם,false,0,19.90,1.99,true,1,7290014471429
7290014471436,false,מוזלי עם צימוקים תפוח קינמון וגרעיני חמניה,שקדיה,,מוזלי עם צימוקים תפוח קינמון וגרעיני חמניה,גרמים,1000,100 גרם,false,0,19.90,1.99,true,1,7290014471436
7290014471443,false,"גרנולה עם צימוקים, אגוזי לוז, שקדים ואגוזי מלך",שקדיה,,"גרנולה עם צימוקים, אגוזי לוז, שקדים ואגוזי מלך",גרמים,1000,100 גרם,false,0,19.90,1.99,true,1,7290014471443
7290014472235,false,פקאן סיני מסוכר,ששון הקולה,,פקאן סיני מסוכר,גרמים,200,100 גרם,false,0,24.90,12.45,true,1,7290014472235
7290014472990,false,ממרח שקדים 100%,שקדיה,,ממרח שקדים 100%,גרמים,300,100 גרם,false,0,34.90,11.63,true,1,7290014472990
7290014503137,false,יין יובלים אדום,דלתון Dalton,,יין יובלים אדום,מליליטרים,750,"100 מ""ל",false,0,39.90,5.32,true,1,7290014503137
7290014525009,false,חטיף סלים פרוט Slim fruit בטעם יוגורט ובמילוי תפוח,סלים דליס Slim Delis,,חטיף סלים פרוט Slim fruit בטעם יוגורט ובמילוי תפוח,גרמים,182,100 גרם,false,10,10.90,8.19,true,1,7290014525009
7290014525023,false,חטיף סלים פרוט Slim fruit בטעם פירות יער,סלים דליס Slim Delis,,חטיף סלים פרוט Slim fruit בטעם פירות יער,גרמים,215,100 גרם,false,15,10.90,6.93,true,1,7290014525023
7290014525177,false,חטיף סלים פרוט Slim fruit בטעם יוגורט ופירות יער,סלים דליס Slim Delis,,חטיף סלים פרוט Slim fruit בטעם יוגורט ופירות יער,גרמים,120,100 גרם,false,10,10.90,12.42,true,1,7290014525177
7290014525290,false,חטיף קריספי עם מילוי בטעם תות שדה,סלים דליס Slim Delis,,חטיף קריספי עם מילוי בטעם תות שדה,גרמים,125,100 גרם,false,0,10.90,11.92,true,1,7290014525290
7290014525306,false,חטיף קריספי עם מילוי בטעם אוכמניות,סלים דליס Slim Delis,,חטיף קריספי עם מילוי בטעם אוכמניות,גרמים,125,100 גרם,false,0,10.90,11.92,true,1,7290014525306
7290014525313,false,חטיף קריספי עם מילוי בטעם שוקולד,סלים דליס Slim Delis,,חטיף קריספי עם מילוי בטעם שוקולד,גרמים,125,100 גרם,false,0,10.90,11.92,true,1,7290014525313
7290014525665,false,עוגיות על החלל - עוגיות קקאו עם סוכריות,מרבה Merba,,עוגיות על החלל - עוגיות קקאו עם סוכריות,גרמים,140,100 גרם,false,0,9.90,7.07,true,1,7290014525665
7290014545861,false,טיפות ביוטיקיד,סופהרב,,טיפות ביוטיקיד,מליליטרים,8,"100 מ""ל",false,0,79.90,998.75,true,1,7290014545861
7290014546400,false,"מורינגה 600 מ""ג",סופהרב,,"מורינגה 600 מ""ג",יחידות,60,יחידה,false,0,69.90,1.17,true,1,7290014546400
7290014546523,false,ננו אומגה 5 משמן זרעי רימונים,גרנליקס,,ננו אומגה 5 משמן זרעי רימונים,יחידות,60,יחידה,false,0,139.00,2.32,true,1,7290014546523
7290014546530,false,ביו LR 25 פרוביוטיקה,סופהרב,,ביו LR 25 פרוביוטיקה,יחידות,30,יחידה,false,0,84.90,2.83,true,1,7290014546530
7290014546677,false,כורכומין ליקוויד-ג'ל,סופהרב,,כורכומין ליקוויד-ג'ל,יחידות,30,יחידה,false,0,79.90,2.66,true,1,7290014546677
7290014562387,false,גרגירים נמסים להכנת משקה קמומיל,,,גרגירים נמסים להכנת משקה קמומיל,גרמים,200,100 גרם,false,0,19.90,9.95,true,1,7290014562387
7290014562394,false,גרגירים נמסים להכנת משקה שומר,,,גרגירים נמסים להכנת משקה שומר,גרמים,200,100 גרם,false,0,19.90,9.95,true,1,7290014562394
7290014576605,false,טסקטן ילדים - מסייע בשליטה והפחתת תסמיני שלשול,טסקטן TASECTAN,,טסקטן ילדים - מסייע בשליטה והפחתת תסמיני שלשול,יחידות,10,יחידה,false,0,75.00,7.50,true,1,7290014576605
7290014576612,false,טקסטן - מסייע בשליטה ובהפחתת תסמיני השלשול,טסקטן TASECTAN,,טקסטן - מסייע בשליטה ובהפחתת תסמיני השלשול,יחידות,8,יחידה,false,0,75.00,9.38,true,1,7290014576612
7290014608023,false,סמבוכל קלאסי,סמבוכל,,סמבוכל קלאסי,מליליטרים,120,"100 מ""ל",false,0,57.90,48.25,true,1,7290014608023
7290014608030,false,סמבוכל פלוס- סמבוק שחור בתוספת ויטמין C,סמבוכל,,סמבוכל פלוס- סמבוק שחור בתוספת ויטמין C,מליליטרים,120,"100 מ""ל",false,0,59.90,49.92,true,1,7290014608030
7290014608047,false,סמבוכל תמצית קיד- מתמצית פרי סמבוק שחור,סמבוכל,,סמבוכל תמצית קיד- מתמצית פרי סמבוק שחור,מליליטרים,120,"100 מ""ל",false,0,59.90,49.92,true,1,7290014608047
7290014692299,false,גבינת ברי,יורו צ'יז Euro Cheese,,גבינת ברי,גרמים,125,100 גרם,false,0,19.90,15.92,true,1,7290014692299
7290014692305,false,גבינת קממבר 25% שומן,קסטלו Castello,,גבינת קממבר 25% שומן,גרמים,125,100 גרם,false,0,19.90,15.92,true,1,7290014692305
7290014692749,false,שמן זית כתית מעולה,וילי פוד,,שמן זית כתית מעולה,מליליטרים,750,"100 מ""ל",false,0,29.90,3.99,true,1,7290014692749
7290014692817,false,גבינת מוצרלה מגורדת 24% שומן,וילי פוד,,גבינת מוצרלה מגורדת 24% שומן,גרמים,200,100 גרם,false,0,15.00,7.50,true,1,7290014692817
7290014720008,false,שמפו לשיער רגיל היפולרגני,נייטשר נאט Nature Nut,,שמפו לשיער רגיל היפולרגני,מליליטרים,400,"100 מ""ל",false,0,37.90,9.48,true,1,7290014720008
7290014720015,false,שמפו לשיער יבש ופגום היפולרגני,נייטשר נאט Nature Nut,,שמפו לשיער יבש ופגום היפולרגני,מליליטרים,400,"100 מ""ל",false,0,37.90,9.48,true,1,7290014720015
7290014720022,false,מרכך לשיער יבש ופגום היפולרגני,נייטשר נאט Nature Nut,,מרכך לשיער יבש ופגום היפולרגני,מליליטרים,400,"100 מ""ל",false,0,37.90,9.48,true,1,7290014720022
7290014720039,false,קרם לחות ועיצוב לשיער יבש ופגום,נייטשר נאט Nature Nut,,קרם לחות ועיצוב לשיער יבש ופגום,מליליטרים,400,"100 מ""ל",false,0,49.90,12.48,true,1,7290014720039
7290014720046,false,מסכה לשיער יבש ופגום,נייטשר נאט Nature Nut,,מסכה לשיער יבש ופגום,מליליטרים,250,"100 מ""ל",false,0,49.90,19.96,true,1,7290014720046
7290014720084,false,ג'ל רחצה היפולרגני,נייטשר נאט Nature Nut,,ג'ל רחצה היפולרגני,מליליטרים,400,"100 מ""ל",false,0,37.90,9.48,true,1,7290014720084
7290014720107,false,שמפו לשיער רגיל היפולרגני,נייטשר נאט Nature Nut,,שמפו לשיער רגיל היפולרגני,מליליטרים,750,"100 מ""ל",false,0,57.90,7.72,true,1,7290014720107
7290014720114,false,שמפו לשיער יבש ופגום היפולרגני,נייטשר נאט Nature Nut,,שמפו לשיער יבש ופגום היפולרגני,מליליטרים,750,"100 מ""ל",false,0,57.90,7.72,true,1,7290014720114
7290014720121,false,שמפו טיפולי לשיער דליל ולחיזוק השיער,נייטשר נאט Nature Nut,,שמפו טיפולי לשיער דליל ולחיזוק השיער,מליליטרים,400,"100 מ""ל",false,0,57.90,14.48,true,1,7290014720121
7290014720183,false,סרום לשיער,נייטשר נאט Nature Nut,,סרום לשיער,מליליטרים,50,"100 מ""ל",false,0,54.90,109.80,true,1,7290014720183
7290014720503,false,סרום לפנים לכל סוגי העור,נייטשר נאט Nature Nut,,סרום לפנים לכל סוגי העור,מליליטרים,30,"100 מ""ל",false,0,89.90,299.67,true,1,7290014720503
7290014720510,false,דאודורנט רול און ללא אלומיניום,נייטשר נאט Nature Nut,,דאודורנט רול און ללא אלומיניום,מליליטרים,50,"100 מ""ל",false,0,39.90,79.80,true,1,7290014720510
7290014720596,false,שמן עץ התה,שביט SHAVIT,,שמן עץ התה,מליליטרים,30,"100 מ""ל",false,2,59.90,199.67,true,1,7290014720596
7290014720619,false,שמפו טיפולי נגד קשקשים,נייטשר נאט Nature Nut,,שמפו טיפולי נגד קשקשים,מליליטרים,400,"100 מ""ל",false,0,49.90,12.48,true,1,7290014720619
7290014720848,false,שמפו טיפולי סרפד - רוזמרין,קמילוטרקט,,שמפו טיפולי סרפד - רוזמרין,מליליטרים,400,"100 מ""ל",false,0,59.90,14.98,true,1,7290014720848
7290014720855,false,שמפו FREE סרפד ורוזמרין,קמילוטרקט,,שמפו FREE סרפד ורוזמרין,מליליטרים,400,"100 מ""ל",false,0,69.90,17.48,true,1,7290014720855
7290014720862,false,שמפו PLUS סרפד רוזמרין נגד קשקשים,קמילוטרקט,,שמפו PLUS סרפד רוזמרין נגד קשקשים,מליליטרים,400,"100 מ""ל",false,0,69.90,17.48,true,1,7290014720862
7290014720879,false,שמפו Forte סרפד - רוזמרין,קמילוטרקט,,שמפו Forte סרפד - רוזמרין,מליליטרים,400,"100 מ""ל",false,0,79.90,19.98,true,1,7290014720879
7290014720886,false,מרכך שיער ארגן - רוזמרין,קמילוטרקט,,מרכך שיער ארגן - רוזמרין,מליליטרים,400,"100 מ""ל",false,0,54.90,13.73,true,1,7290014720886
7290014720893,false,אל סבון קמומיל ומרווה,קמילוטרקט,,אל סבון קמומיל ומרווה,מליליטרים,400,"100 מ""ל",false,0,49.90,12.48,true,1,7290014720893
7290014720930,false,קרם לחות מגדיר תלתלים - סדרת האגוזים,נייטשר נאט Nature Nut,,קרם לחות מגדיר תלתלים - סדרת האגוזים,מליליטרים,200,"100 מ""ל",false,0,44.90,22.45,true,1,7290014720930
7290014748651,false,פילה אמנון מצופה,דג טוב,,פילה אמנון מצופה,גרמים,360,100 גרם,false,0,29.90,8.31,true,1,7290014748651
7290014749078,false,מקלוני קבנוס,עוף טוב,,מקלוני קבנוס,גרמים,200,100 גרם,false,0,14.90,7.45,true,1,7290014749078
7290014749245,false,צ'ונגו רצועות שניצל בציפוי שומשום,עוף טוב,,צ'ונגו רצועות שניצל בציפוי שומשום,גרמים,600,100 גרם,false,0,34.90,5.82,true,1,7290014749245
7290014749887,false,שניצל עוף קריספי קלאסי דק ענק,עוף טוב,,שניצל עוף קריספי קלאסי דק ענק,גרמים,720,100 גרם,false,0,27.90,5.54,true,1,7290014749887
7290014758100,false,מארז 8 יחידות יוגורט BIO 3%,תנובה,,מארז 8 יחידות יוגורט BIO 3%,גרמים,1200,100 גרם,false,8,15.90,1.33,true,1,7290014758100
7290014758117,false,מארז 8 יחידות יוגורט BIO 1.5%,תנובה,,מארז 8 יחידות יוגורט BIO 1.5%,גרמים,1200,100 גרם,false,8,15.90,1.33,true,1,7290014758117
7290014758162,false,חלב עיזים,תנובה,,חלב עיזים,ליטרים,1,ליטר,false,0,14.90,14.90,true,1,7290014758162
7290014759084,false,נפוליאון גבינת שמנת בטעם טבעי 16%,תנובה,,נפוליאון גבינת שמנת בטעם טבעי 16%,גרמים,225,100 גרם,false,0,12.90,5.73,true,1,7290014759084
7290014759534,false,בולגרית למריחה 5%,פיראוס,,בולגרית למריחה 5%,גרמים,200,100 גרם,false,0,12.90,6.45,true,1,7290014759534
7290014759909,false,גבינת פטה עיזים 5%,פיראוס,,גבינת פטה עיזים 5%,גרמים,250,100 גרם,false,0,26.90,10.76,true,1,7290014759909
7290014759978,false,גבינת גלעד קצ'קבל 28%,תנובה,,גבינת גלעד קצ'קבל 28%,גרמים,200,100 גרם,false,0,25.90,12.95,true,1,7290014759978
7290014759985,false,גבינת גבע פרמז'ן 23%,תנובה,,גבינת גבע פרמז'ן 23%,גרמים,200,100 גרם,false,0,24.90,12.45,true,1,7290014759985
7290014759992,false,גבינת גליל רוקפור 26%,תנובה,,גבינת גליל רוקפור 26%,גרמים,140,100 גרם,false,0,18.90,13.50,true,1,7290014759992
7290014760134,false,מעדן סויה בטעם וניל,תנובה Alternative,,מעדן סויה בטעם וניל,מליליטרים,125,"100 מ""ל",false,0,3.90,3.12,true,1,7290014760134
7290014760141,false,משקה שקדים,תנובה Alternative,,משקה שקדים,ליטרים,1,ליטר,false,0,11.90,11.90,true,1,7290014760141
7290014760448,false,גבינה צהובה גלבוע פרוסה 22%,גלבוע - תנובה,,גבינה צהובה גלבוע פרוסה 22%,גרמים,400,100 גרם,false,0,22.90,5.73,true,1,7290014760448
7290014760912,false,פרוסות גבינה צהובה גוש חלב 28%,תנובה,,פרוסות גבינה צהובה גוש חלב 28%,גרמים,400,100 גרם,false,0,24.90,6.23,true,1,7290014760912
7290014761056,false,מעדן YOLO עם שוקולד חלב,יולו YOLO,,מעדן YOLO עם שוקולד חלב,גרמים,123,100 גרם,false,0,4.20,3.41,true,1,7290014761056
7290014761063,false,מעדן YOLO עם שוקולד מריר,יולו YOLO,,מעדן YOLO עם שוקולד מריר,גרמים,123,100 גרם,false,0,4.20,3.41,true,1,7290014761063
7290014761070,false,מעדן YOLO עם שוקולד לבן,יולו YOLO,,מעדן YOLO עם שוקולד לבן,גרמים,123,100 גרם,false,0,4.20,3.41,true,1,7290014761070
7290014761193,false,יוגורט פרילי עם פירות יער 1.5% שומן,תנובה,,יוגורט פרילי עם פירות יער 1.5% שומן,גרמים,125,100 גרם,false,0,3.20,2.56,true,1,7290014761193
7290014761698,false,פרוסות גבינה צהובה עמק קלאסית 28%,עמק - תנובה,,פרוסות גבינה צהובה עמק קלאסית 28%,גרמים,600,100 גרם,false,0,29.90,4.98,true,1,7290014761698
7290014762756,false,נפוליאון גבינת שמנת עם בצל 16% שומן,תנובה,,נפוליאון גבינת שמנת עם בצל 16% שומן,גרמים,225,100 גרם,false,0,12.90,5.73,true,1,7290014762756
7290014762800,false,מעדן סויה עם שוקולד,תנובה Alternative,,מעדן סויה עם שוקולד,מליליטרים,125,"100 מ""ל",false,0,3.90,3.12,true,1,7290014762800
7290014762831,false,נפוליאון גבינת שמנת עם פלפל חלפיניו 24%,תנובה,,נפוליאון גבינת שמנת עם פלפל חלפיניו 24%,גרמים,225,100 גרם,false,0,12.90,5.73,true,1,7290014762831
7290014762848,false,פתיתי גבינת גלבוע 22%,גלבוע - תנובה,,פתיתי גבינת גלבוע 22%,גרמים,500,100 גרם,false,0,32.90,6.58,true,1,7290014762848
7290014762909,false,פתיתי מוצרלה 22%,תנובה- השף הלבן,,פתיתי מוצרלה 22%,גרמים,200,100 גרם,false,0,15.90,7.95,true,1,7290014762909
7290014763272,false,משקה סויה ביו עם תות ובננה,תנובה Alternative,,משקה סויה ביו עם תות ובננה,גרמים,250,100 גרם,false,0,5.90,2.36,true,1,7290014763272
7290014775046,false,"סופרQ-10 60 מ""ג",אלטמן,,"סופרQ-10 60 מ""ג",יחידות,120,יחידה,false,2,159.90,1.33,true,1,7290014775046
7290014775060,false,"סופר Q-10 100 מ""ג",אלטמן,,"סופר Q-10 100 מ""ג",יחידות,120,יחידה,false,2,284.90,2.37,true,1,7290014775060
7290014775428,false,"אלספה מקס - 850 מ""ג",אלטמן,,"אלספה מקס - 850 מ""ג",יחידות,115,יחידה,false,0,129.00,1.12,true,1,7290014775428
7290014775442,false,"מגנזיום UP-450 מ""ג",אלטמן,,"מגנזיום UP-450 מ""ג",יחידות,75,יחידה,false,0,74.90,1.00,true,1,7290014775442
7290014775459,false,ויטמין B12 פלוס,אלטמן,,ויטמין B12 פלוס,יחידות,150,יחידה,false,0,64.90,0.43,true,1,7290014775459
7290014775466,false,פלקסיטול קרם ידיים לעור יבש מאוד,פלקסיטול,,פלקסיטול קרם ידיים לעור יבש מאוד,גרמים,70,100 גרם,false,0,39.90,57.00,true,1,7290014775466
7290014775510,false,ויטמין D-400 כמוסות רכות,אלטמן,,ויטמין D-400 כמוסות רכות,יחידות,150,יחידה,false,0,39.90,0.27,true,1,7290014775510
7290014775770,false,"נוסטרול 900 - מינון מחוזק של פיטוסטרולים 900 מ""ג לכמוסה",אלטמן,,"נוסטרול 900 - מינון מחוזק של פיטוסטרולים 900 מ""ג לכמוסה",יחידות,60,יחידה,false,0,84.90,1.42,true,1,7290014775770
7290014775794,false,"אלספה מיני-300 מ""ג אומגה 3 בכמוסה מוקטנת",אלטמן,,"אלספה מיני-300 מ""ג אומגה 3 בכמוסה מוקטנת",יחידות,120,יחידה,false,0,69.90,0.58,true,1,7290014775794
7290014775930,false,ויטמין B12 ספריי - מתיל קובאלמין,אלטמן,,ויטמין B12 ספריי - מתיל קובאלמין,יחידות,150,יחידה,false,0,89.90,0.60,true,1,7290014775930
7290014785014,false,פניני טפיוקה גדול,טעמי אסיה Taste of Asia,,פניני טפיוקה גדול,גרמים,400,100 גרם,false,0,7.90,1.98,true,1,7290014785014
7290014785052,false,רוטב פטריות צמחוני,טעמי אסיה Taste of Asia,,רוטב פטריות צמחוני,מליליטרים,500,"100 מ""ל",false,0,12.90,2.58,true,1,7290014785052
7290014785069,false,רוטב מירין מתוק לבישול,טעמי אסיה Taste of Asia,,רוטב מירין מתוק לבישול,מליליטרים,250,"100 מ""ל",false,0,11.90,4.76,true,1,7290014785069
7290014785076,false,קרם קוקוס,טעמי אסיה Taste of Asia,,קרם קוקוס,גרמים,400,100 גרם,false,0,7.90,1.98,true,1,7290014785076
7290014785113,false,רוטב טריאקי,טעמי אסיה Taste of Asia,,רוטב טריאקי,מליליטרים,500,"100 מ""ל",false,0,12.90,2.58,true,1,7290014785113
7290014785168,false,שיראטקי ג'ל קונג'אק בצורת אטריות,טעמי אסיה Taste of Asia,,שיראטקי ג'ל קונג'אק בצורת אטריות,גרמים,200,100 גרם,false,0,8.90,4.45,true,1,7290014785168
7290014785175,false,שיראטקי אטריות קונג'אק עבות,טעמי אסיה Taste of Asia,,שיראטקי אטריות קונג'אק עבות,גרמים,200,100 גרם,false,0,8.90,4.45,true,1,7290014785175
7290014785564,false,אטריות אודון מוכנות,טעמי אסיה Taste of Asia,,אטריות אודון מוכנות,גרמים,200,100 גרם,false,0,4.90,2.45,true,1,7290014785564
7290014785571,false,"אטריות מוכנות מתאים להקפצה, מרקים ומנות קרות",טעמי אסיה Taste of Asia,,"אטריות מוכנות מתאים להקפצה, מרקים ומנות קרות",גרמים,200,100 גרם,false,0,4.90,2.45,true,1,7290014785571
7290014785588,false,איטריות ראמן מוכנות,טעמי אסיה Taste of Asia,,איטריות ראמן מוכנות,גרמים,180,100 גרם,false,0,4.90,2.72,true,1,7290014785588
7290014785984,false,רוטב סויה ללא גלוטן,טעמי אסיה Taste of Asia,,רוטב סויה ללא גלוטן,מליליטרים,150,"100 מ""ל",false,0,8.90,5.93,true,1,7290014785984
7290014785991,false,רוטב סויה ללא גלוטן,טעמי אסיה Taste of Asia,,רוטב סויה ללא גלוטן,מליליטרים,500,"100 מ""ל",false,0,10.90,2.18,true,1,7290014785991
7290014791572,false,ענבים מוגז,שוופס Schweppes,,ענבים מוגז,מליליטרים,330,"100 מ""ל",false,0,5.90,1.79,true,1,7290014791572
7290014855434,false,מארז מגבוני פרפורמנס בבישום עדין,בייביסיטר Babysitter,,מארז מגבוני פרפורמנס בבישום עדין,יחידות,288,יחידה,false,4,15.90,0.07,true,1,7290014855434
7290014855458,false,מארז מגבוני פרפורמנס ללא בישום,בייביסיטר Babysitter,,מארז מגבוני פרפורמנס ללא בישום,יחידות,288,יחידה,false,4,15.90,0.07,true,1,7290014855458
7290014855809,false,מטליות לחות לניקוי כללי,פרפקט Perfect,,מטליות לחות לניקוי כללי,יחידות,50,יחידה,false,0,9.90,0.20,true,1,7290014855809
7290014855854,false,מגבונים לחים מועשרים בקמומיל,בייבי בייסיק,,מגבונים לחים מועשרים בקמומיל,יחידות,360,יחידה,false,5,19.90,0.06,true,1,7290014855854
7290014890145,false,גבינת שמנת בטעם טבעי 25%,משק יעקבס,,גבינת שמנת בטעם טבעי 25%,גרמים,225,100 גרם,false,0,9.90,4.40,true,1,7290014890145
7290014890152,false,גבינת שמנת עם זיתים ירוקים 25%,משק יעקבס,,גבינת שמנת עם זיתים ירוקים 25%,גרמים,225,100 גרם,false,0,9.90,4.40,true,1,7290014890152
7290014890169,false,גבינת שמנת שום שמיר 25%,משק יעקבס,,גבינת שמנת שום שמיר 25%,גרמים,225,100 גרם,false,0,9.90,4.40,true,1,7290014890169
7290014890176,false,גבינת ריקוטה 5%,משק יעקבס,,גבינת ריקוטה 5%,גרמים,250,100 גרם,false,0,9.90,3.96,true,1,7290014890176
7290014901247,false,שמפו קרטין לאחר החלקה ועיצוב בחום,סטייל Style,,שמפו קרטין לאחר החלקה ועיצוב בחום,מליליטרים,750,"100 מ""ל",false,0,24.90,3.32,true,1,7290014901247
7290014901254,false,מרכך קרטין לאחר החלקה ועיצוב בחום,סטייל Style,,מרכך קרטין לאחר החלקה ועיצוב בחום,מליליטרים,750,"100 מ""ל",false,0,24.90,3.32,true,1,7290014901254
7290014901261,false,מסכת קרטין לאחר החלקה ועיצוב בחום,סטייל Style,,מסכת קרטין לאחר החלקה ועיצוב בחום,מליליטרים,500,"100 מ""ל",false,0,34.90,6.98,true,1,7290014901261
7290014901308,false,משחת שיניים לשיניים רגישות Complete protection,סנסודיין Sensodyne,,משחת שיניים לשיניים רגישות Complete protection,מליליטרים,75,"100 מ""ל",false,0,23.90,31.87,true,1,7290014901308
7290014901315,false,משחת שיניים לשיניים רגישות Extra fresh,סנסודיין Sensodyne,,משחת שיניים לשיניים רגישות Extra fresh,מליליטרים,75,"100 מ""ל",false,0,23.90,31.87,true,1,7290014901315
7290014901575,false,אל סבון סטייל ארומטי בניחוח תה מרווה,סטייל Style,,אל סבון סטייל ארומטי בניחוח תה מרווה,מליליטרים,500,"100 מ""ל",false,0,8.90,1.78,true,1,7290014901575
7290014901896,false,מי פה לשיניים רגישות Cool Mint,סנסודיין Sensodyne,,מי פה לשיניים רגישות Cool Mint,מליליטרים,500,"100 מ""ל",false,0,29.90,5.98,true,1,7290014901896
7290014905719,false,מנטרל ריחות בניחוח לימון למדיח כלים,יעקבי - הפי Hepi,,מנטרל ריחות בניחוח לימון למדיח כלים,,0,,false,0,9.90,0.00,true,1,7290014905719
7290014931008,false,פטרוזיליה ארוזה,מהשורש לאורך חיים,,פטרוזיליה ארוזה,,0,,false,0,7.90,0.00,true,1,7290014931008
7290014931015,false,כוסברה ארוזה,מהשורש לאורך חיים,,כוסברה ארוזה,,0,,false,0,7.90,0.00,true,1,7290014931015
7290014931053,false,בזיליקום ארוז,מהשורש לאורך חיים,,בזיליקום ארוז,,0,,false,0,7.90,0.00,true,1,7290014931053
7290014931077,false,עירית ארוזה,מהשורש לאורך חיים,,עירית ארוזה,,0,,false,0,7.90,0.00,true,1,7290014931077
7290014931084,false,אורגנו,מהשורש לאורך חיים,,אורגנו,,0,,false,0,7.90,0.00,true,1,7290014931084
7290014931091,false,קורנית- טימין ארוז,מהשורש לאורך חיים,,קורנית- טימין ארוז,,0,,false,0,7.90,0.00,true,1,7290014931091
7290014931107,false,מנטה ארוזה,מהשורש לאורך חיים,,מנטה ארוזה,,0,,false,0,7.90,0.00,true,1,7290014931107
7290014931190,false,פאקצ'וי ארוז,מהשורש לאורך חיים,,פאקצ'וי ארוז,,0,,false,0,9.90,0.00,true,1,7290014931190
7290014931206,false,גרגיר נחלים,מהשורש לאורך חיים,,גרגיר נחלים,,0,,false,0,7.90,0.00,true,1,7290014931206
7290014947047,false,פריכיות כוסמת בתוספת מלח,זן בר,,פריכיות כוסמת בתוספת מלח,גרמים,175,100 גרם,false,0,9.90,5.66,true,1,7290014947047
7290014949751,false,אוטן ג'וניור ג'ל דוחה יתושים לילדים,אוטן Autan,,אוטן ג'וניור ג'ל דוחה יתושים לילדים,מליליטרים,100,"100 מ""ל",false,0,18.90,18.90,true,1,7290014949751
7290014952584,false,ג'ל להרגעת העור - לכוויות ועקיצות יתושים,מאמי קר Mommy Care,,ג'ל להרגעת העור - לכוויות ועקיצות יתושים,מליליטרים,70,"100 מ""ל",false,0,34.90,49.86,true,1,7290014952584
7290014952928,false,קרם לאחר הריון ודיאטה,מאמי קר Mommy Care,,קרם לאחר הריון ודיאטה,מליליטרים,100,"100 מ""ל",false,0,99.90,99.90,true,1,7290014952928
7290014962521,false,משחת שיניים טפטפים בטעם ענבים לגיל 2-6,כצט CTS,,משחת שיניים טפטפים בטעם ענבים לגיל 2-6,מליליטרים,50,"100 מ""ל",false,0,9.90,19.80,true,1,7290014962521
7290014962538,false,משחת שיניים ג'וניור מנטה מעודן לגילאי 6+,כצט CTS,,משחת שיניים ג'וניור מנטה מעודן לגילאי 6+,גרמים,50,100 גרם,false,0,9.90,19.80,true,1,7290014962538
7290014962866,false,אפג'ל להקלה מיידית על יובש ואדמומיות סביב האף,כצט CTS,,אפג'ל להקלה מיידית על יובש ואדמומיות סביב האף,מליליטרים,7,"100 מ""ל",false,0,14.80,211.43,true,1,7290014962866
7290014973558,false,סלמון גרבלקס,הרמס דגים,,סלמון גרבלקס,גרמים,200,100 גרם,false,0,39.90,19.95,true,1,7290014973558
7290014974562,false,גביעי גלידה 24 יח',עלמה,,גביעי גלידה 24 יח',גרמים,120,100 גרם,false,0,6.90,5.75,true,1,7290014974562
7290015005548,false,צ'יפס זיג זג,פרי הגליל,,צ'יפס זיג זג,קילוגרמים,2,"ק""ג",false,0,24.90,12.45,true,1,7290015005548
7290015005555,false,צ'יפס אמריקאי,פרי הגליל,,צ'יפס אמריקאי,קילוגרמים,2,"ק""ג",false,0,24.90,12.45,true,1,7290015005555
7290015025942,false,קרם ידיים מועשר בשמן שקדים,פנג'ל Fenjal,,קרם ידיים מועשר בשמן שקדים,מליליטרים,80,"100 מ""ל",false,0,6.90,8.63,true,1,7290015025942
7290015025959,false,מגבונים לחים בניחוח עדין מכיל תמציות קשמיר ומשי,פרש וואנס Fresh Ones,,מגבונים לחים בניחוח עדין מכיל תמציות קשמיר ומשי,יחידות,256,יחידה,false,4,15.90,0.07,true,1,7290015025959
7290015037273,false,פטרוזיליה אוצר הארץ - מהדרין,,,פטרוזיליה אוצר הארץ - מהדרין,,0,,false,0,6.40,0.00,true,1,7290015037273
7290015037280,false,כוסברה אוצר הארץ - מהדרין,,,כוסברה אוצר הארץ - מהדרין,,0,,false,0,6.40,0.00,true,1,7290015037280
7290015037297,false,שמיר אוצר הארץ - מהדרין,,,שמיר אוצר הארץ - מהדרין,,0,,false,0,6.40,0.00,true,1,7290015037297
7290015037396,false,נענע אוצר הארץ - מהדרין,,,נענע אוצר הארץ - מהדרין,,0,,false,0,6.40,0.00,true,1,7290015037396
7290015037419,false,סלרי אוצר הארץ,,,סלרי אוצר הארץ,,0,,false,0,7.40,0.00,true,1,7290015037419
7290015037440,true,כרוב לבן אוצר הארץ,חסלט- עלי קטיף,,כרוב לבן אוצר הארץ,קילוגרמים,0,"ק""ג",true,0,14.70,0.00,true,1,7290015037440
7290015039055,false,רוטב צ'ילי חריף בסגנון תאילנדי,וילי פוד,,רוטב צ'ילי חריף בסגנון תאילנדי,מליליטרים,700,"100 מ""ל",false,0,9.90,1.41,true,1,7290015039055
7290015039246,false,מארז נתחי טונה בהירה בשמן צמחי,וילי פוד,,מארז נתחי טונה בהירה בשמן צמחי,גרמים,640,100 גרם,false,4,19.90,3.11,true,1,7290015039246
7290015039253,false,עלי גפן במי מלח,וילי פוד,,עלי גפן במי מלח,גרמים,620,100 גרם,false,0,9.90,1.60,true,1,7290015039253
7290015039338,false,מארז נתחי טונה בהירה במי מלח,וילי פוד,,מארז נתחי טונה בהירה במי מלח,גרמים,640,100 גרם,false,4,19.90,3.11,true,1,7290015039338
7290015039482,false,גבינת אדם פלח 24% שומן,סיי צי'ז Say Cheese,,גבינת אדם פלח 24% שומן,גרמים,230,100 גרם,false,0,19.90,8.65,true,1,7290015039482
7290015039499,false,עוגיות איטלקיות מובחרות,פינוקים,,עוגיות איטלקיות מובחרות,גרמים,1000,100 גרם,false,0,12.90,1.29,true,1,7290015039499
7290015054843,false,פיור וואי HD בטעם בננה,פאוארטק Powertech,,פיור וואי HD בטעם בננה,גרמים,2270,100 גרם,false,0,259.00,11.41,true,1,7290015054843
7290015054874,false,פיור וואי HD בטעם שוקולד,פאוארטק Powertech,,פיור וואי HD בטעם שוקולד,גרמים,2270,100 גרם,false,0,259.00,11.41,true,1,7290015054874
7290015058391,false,שמן קיק עם ויטמין B5 לטיפוח השיער,פיור אויל PURE OIL,,שמן קיק עם ויטמין B5 לטיפוח השיער,מליליטרים,100,"100 מ""ל",false,0,29.90,29.90,true,1,7290015058391
7290015129145,false,אטריות קונג'אק בתוספת טפיוקה בצורת ספגטי,סקיני פסטה,,אטריות קונג'אק בתוספת טפיוקה בצורת ספגטי,גרמים,270,100 גרם,false,0,12.90,4.78,true,1,7290015129145
7290015129220,false,אטריות קונגאק בצורת פתיתים,סקיני פסטה,,אטריות קונגאק בצורת פתיתים,גרמים,270,100 גרם,false,0,12.90,4.78,true,1,7290015129220
7290015129251,false,אטריות קונג'אק בצורת פטוצ'יני,סקיני פסטה,,אטריות קונג'אק בצורת פטוצ'יני,גרמים,200,100 גרם,false,0,12.90,6.45,true,1,7290015129251
7290015141376,false,מגרדת נירוסטה,ארקוסטיל Arcosteel,,מגרדת נירוסטה,,0,,false,0,49.90,0.00,true,1,7290015141376
7290015150088,false,מחית עגבניות קלה,גרנד איטליה Grand Italia,,מחית עגבניות קלה,גרמים,700,100 גרם,false,0,9.90,1.41,true,1,7290015150088
7290015150118,false,עגבניות חתוכות דק- מארז שלישייה,גרנד איטליה Grand Italia,,עגבניות חתוכות דק- מארז שלישייה,גרמים,1200,100 גרם,false,3,14.90,1.24,true,1,7290015150118
7290015150361,false,תה ירוק נענע בתוספת עלי סטיביה,ויסוצקי ירוק,,תה ירוק נענע בתוספת עלי סטיביה,גרמים,38,100 גרם,false,0,22.90,61.07,true,1,7290015150361
7290015150583,false,תה ירוק בטעם לימון ודבש,ויסוצקי ירוק,,תה ירוק בטעם לימון ודבש,גרמים,38,100 גרם,false,0,22.90,61.07,true,1,7290015150583
7290015150590,false,תה ירוק ג'ינג'ר חריף,ויסוצקי ירוק,,תה ירוק ג'ינג'ר חריף,גרמים,38,100 גרם,false,0,22.90,61.07,true,1,7290015150590
7290015150903,false,תה ירוק בטעם קינמון ודבש,ויסוצקי ירוק,,תה ירוק בטעם קינמון ודבש,גרמים,38,100 גרם,false,0,22.90,61.07,true,1,7290015150903
7290015155007,false,פרמיו דנטל לארג' לכלב,פרמיו Premio,,פרמיו דנטל לארג' לכלב,גרמים,270,100 גרם,false,0,14.90,5.52,true,1,7290015155007
7290015155014,false,חטיף דנטלי לכלב בינוני,פרמיו Premio,,חטיף דנטלי לכלב בינוני,גרמים,180,100 גרם,false,0,14.90,8.28,true,1,7290015155014
7290015155243,false,פרמיו כריות אנטי היירבול לחתול,פרמיו Premio,,פרמיו כריות אנטי היירבול לחתול,גרמים,60,100 גרם,false,0,9.90,16.50,true,1,7290015155243
7290015155250,false,פרמיו כריות סלמון לחתול,פרמיו Premio,,פרמיו כריות סלמון לחתול,גרמים,60,100 גרם,false,0,9.90,16.50,true,1,7290015155250
7290015155267,false,פרמיו כריות קטניפ לחתול,פרמיו Premio,,פרמיו כריות קטניפ לחתול,גרמים,60,100 גרם,false,0,9.90,16.50,true,1,7290015155267
7290015155274,false,פרמיו כריות עור ופרווה,פרמיו Premio,,פרמיו כריות עור ופרווה,גרמים,60,100 גרם,false,0,9.90,16.50,true,1,7290015155274
7290015155410,false,פרמיו כריות דנטל עוף,פרמיו Premio,,פרמיו כריות דנטל עוף,גרמים,60,100 גרם,false,0,9.90,16.50,true,1,7290015155410
7290015155427,false,פרמיו עוף וכבד לחתול,פרמיו Premio,,פרמיו עוף וכבד לחתול,גרמים,15,100 גרם,false,0,6.90,46.00,true,1,7290015155427
7290015155793,false,פרמיו כריות מיקס לחתול,פרמיו Premio,,פרמיו כריות מיקס לחתול,גרמים,60,100 גרם,false,0,9.90,16.50,true,1,7290015155793
7290015155823,false,מחית תפוחי עץ חטיפטף ללא תוספת סוכר,פרינוק,,מחית תפוחי עץ חטיפטף ללא תוספת סוכר,גרמים,120,100 גרם,false,0,5.90,4.92,true,1,7290015155823
7290015155830,false,מחית תפוחי עץ ובננה חטיפטף ללא תוספת סוכר,פרינוק,,מחית תפוחי עץ ובננה חטיפטף ללא תוספת סוכר,גרמים,120,100 גרם,false,0,5.90,4.92,true,1,7290015155830
7290015155847,false,מחית סלט פירות חטיפטף ללא תוספת סוכר,פרינוק,,מחית סלט פירות חטיפטף ללא תוספת סוכר,גרמים,120,100 גרם,false,0,5.90,4.92,true,1,7290015155847
7290015156110,false,הוריזן סטיק בקר וכבד לחתולים,הורייזן Horizon,,הוריזן סטיק בקר וכבד לחתולים,גרמים,50,100 גרם,false,0,16.90,33.80,true,1,7290015156110
7290015156776,false,מחית פירות טרופיים חטיפטף ללא תוספת סוכר,פרינוק,,מחית פירות טרופיים חטיפטף ללא תוספת סוכר,גרמים,120,100 גרם,false,0,5.90,4.92,true,1,7290015156776
7290015156790,false,מחית לפתן פירות חטיפטף ללא תוספת סוכר,פרינוק,,מחית לפתן פירות חטיפטף ללא תוספת סוכר,גרמים,120,100 גרם,false,0,5.90,4.92,true,1,7290015156790
7290015161145,false,קוואקר כוסמין,נוטרה זן NutraZen,,קוואקר כוסמין,גרמים,400,100 גרם,false,0,19.90,4.98,true,1,7290015161145
7290015161152,false,גרנולה מפתיתי כוסמין בתוספת פירות ואגוזים,נוטרה זן NutraZen,,גרנולה מפתיתי כוסמין בתוספת פירות ואגוזים,גרמים,300,100 גרם,false,0,26.90,8.97,true,1,7290015161152
7290015161176,false,שמן קוקוס אורגני לא מזוכך,נוטרה זן NutraZen,,שמן קוקוס אורגני לא מזוכך,מליליטרים,330,"100 מ""ל",false,0,18.90,5.73,true,1,7290015161176
7290015161190,false,שמן קוקוס אורגני לא מזוכך,נוטרה זן NutraZen,,שמן קוקוס אורגני לא מזוכך,מליליטרים,1000,"100 מ""ל",false,0,48.90,4.89,true,1,7290015161190
7290015161336,false,רוטב סויה תמרי אורגני ללא גלוטן,נוטרה זן NutraZen,,רוטב סויה תמרי אורגני ללא גלוטן,גרמים,250,100 גרם,false,0,19.90,7.96,true,1,7290015161336
7290015161367,false,אבקת מרק ירקות אורגני טבעוני דל שומן,נוטרה זן NutraZen,,אבקת מרק ירקות אורגני טבעוני דל שומן,גרמים,200,100 גרם,false,0,22.90,11.45,true,1,7290015161367
7290015161534,false,קוואקר עבה ללא גלוטן,נוטרה זן NutraZen,,קוואקר עבה ללא גלוטן,גרמים,400,100 גרם,false,0,17.90,4.48,true,1,7290015161534
7290015161541,false,קוואקר דק אורגני ללא גלוטן,נוטרה זן NutraZen,,קוואקר דק אורגני ללא גלוטן,גרמים,400,100 גרם,false,0,17.90,4.48,true,1,7290015161541
7290015161558,false,קמח שיבולת שועל מלאה אורגני ללא גלוטן,נוטרה זן NutraZen,,קמח שיבולת שועל מלאה אורגני ללא גלוטן,גרמים,500,100 גרם,false,0,24.90,4.98,true,1,7290015161558
7290015161565,false,גרנולה פירות ללא תוספת סוכר,נוטרה זן NutraZen,,גרנולה פירות ללא תוספת סוכר,גרמים,300,100 גרם,false,0,22.90,7.63,true,1,7290015161565
7290015161572,false,גרנולה אגוזים וגרעינים ללא תוספת סוכר,נוטרה זן NutraZen,,גרנולה אגוזים וגרעינים ללא תוספת סוכר,גרמים,300,100 גרם,false,0,22.90,7.63,true,1,7290015161572
7290015161589,false,פת פריכה אורגנית עם ירקות גינה,נוטרה זן NutraZen,,פת פריכה אורגנית עם ירקות גינה,גרמים,100,100 גרם,false,0,12.90,12.90,true,1,7290015161589
7290015161763,false,אבקת מרק ירקות אורגני ללא שמרים,נוטרה זן NutraZen,,אבקת מרק ירקות אורגני ללא שמרים,גרמים,200,100 גרם,false,0,22.90,11.45,true,1,7290015161763
7290015161831,false,פת פריכה אורגנית עם אמרנט,פירות אביב,,פת פריכה אורגנית עם אמרנט,גרמים,100,100 גרם,false,0,12.90,12.90,true,1,7290015161831
7290015161848,false,פת פריכה אורגנית עם כוסמת וקינואה ללא גלוטן,נוטרה זן NutraZen,,פת פריכה אורגנית עם כוסמת וקינואה ללא גלוטן,גרמים,100,100 גרם,false,0,12.90,12.90,true,1,7290015161848
7290015161855,false,פת פריכה אורגנית עם קינואה וחרובים ללא גלוטן,נוטרה זן NutraZen,,פת פריכה אורגנית עם קינואה וחרובים ללא גלוטן,גרמים,100,100 גרם,false,0,12.90,12.90,true,1,7290015161855
7290015161862,false,פת פריכה אורגנית עם ערמונים ללא גלוטן,נוטרה זן NutraZen,,פת פריכה אורגנית עם ערמונים ללא גלוטן,גרמים,100,100 גרם,false,0,12.90,12.90,true,1,7290015161862
7290015161879,false,פת פריכה PRO עדשים אדומות וחומות ללא גלוטן,נוטרה זן NutraZen,,פת פריכה PRO עדשים אדומות וחומות ללא גלוטן,גרמים,100,100 גרם,false,0,15.90,15.90,true,1,7290015161879
7290015161930,false,"פסטPRO קסרצ'ה פתיתים אורגניים, ללא גלוטן",נוטרה זן NutraZen,,"פסטPRO קסרצ'ה פתיתים אורגניים, ללא גלוטן",גרמים,250,100 גרם,false,0,16.90,6.76,true,1,7290015161930
7290015161978,false,"פסטPRO סלנטאני פתיתים אורגניים, ללא גלוטן",נוטרה זן NutraZen,,"פסטPRO סלנטאני פתיתים אורגניים, ללא גלוטן",גרמים,250,100 גרם,false,0,16.90,6.76,true,1,7290015161978
7290015161985,false,"פסטPRO פוזילי פתיתים אורגניים, ללא גלוטן",נוטרה זן NutraZen,,"פסטPRO פוזילי פתיתים אורגניים, ללא גלוטן",גרמים,250,100 גרם,false,0,16.90,6.76,true,1,7290015161985
7290015161992,false,"פסטPRO קסרצ'ה פתיתים אורגניים, ללא גלוטן",נוטרה זן NutraZen,,"פסטPRO קסרצ'ה פתיתים אורגניים, ללא גלוטן",גרמים,250,100 גרם,false,0,16.90,6.76,true,1,7290015161992
7290015172011,false,גיוזה עוף,דים סאם,,גיוזה עוף,גרמים,330,100 גרם,false,0,26.90,8.15,true,1,7290015172011
7290015172028,false,גיוזה בטטה,דים סאם,,גיוזה בטטה,גרמים,330,100 גרם,false,0,26.90,8.15,true,1,7290015172028
7290015172073,false,גיוזה פטריות,דים סאם,,גיוזה פטריות,גרמים,330,100 גרם,false,0,26.90,8.15,true,1,7290015172073
7290015172097,false,גיוזה בקר,דים סאם,,גיוזה בקר,גרמים,330,100 גרם,false,0,26.90,8.15,true,1,7290015172097
7290015172172,false,אגרול ירקות אסייתי,דים סאם,,אגרול ירקות אסייתי,גרמים,330,100 גרם,false,0,26.90,8.15,true,1,7290015172172
7290015172202,false,גיוזה ירקות אדממה,דים סאם,,גיוזה ירקות אדממה,גרמים,330,100 גרם,false,0,26.90,8.15,true,1,7290015172202
7290015172219,false,גיוזה עוף פטריות ופקאן,דים סאם,,גיוזה עוף פטריות ופקאן,גרמים,330,100 גרם,false,0,26.90,8.15,true,1,7290015172219
7290015172264,false,לחמניות באן מאודות,דים סאם,,לחמניות באן מאודות,יחידות,8,יחידה,false,0,26.90,3.36,true,1,7290015172264
7290015178174,false,פסטו בטעם פרמז'ן,אוליביה,,פסטו בטעם פרמז'ן,גרמים,180,100 גרם,false,0,9.90,5.50,true,1,7290015178174
7290015178181,false,ממרח ארטישוק עם רוזמרין,אוליביה,,ממרח ארטישוק עם רוזמרין,גרמים,180,100 גרם,false,0,9.90,5.50,true,1,7290015178181
7290015178198,false,ממרח חצילים שרופים,אוליביה,,ממרח חצילים שרופים,גרמים,180,100 גרם,false,0,9.90,5.50,true,1,7290015178198
7290015178204,false,עגבניות מיובשות בשמש עם לימון,אוליביה,,עגבניות מיובשות בשמש עם לימון,גרמים,180,100 גרם,false,0,9.90,5.50,true,1,7290015178204
7290015178228,false,מאזטים - ארטישוק בסלסת עגבניות מיובשות,אוליביה,,מאזטים - ארטישוק בסלסת עגבניות מיובשות,גרמים,190,100 גרם,false,0,9.90,5.21,true,1,7290015178228
7290015223324,false,פטרולטום טהור,שוורץ Schwartz,,פטרולטום טהור,גרמים,100,100 גרם,false,0,11.90,11.90,true,1,7290015223324
7290015246088,false,קמילצ'יק - תמצית פרחי קמומיל,"ד""ר קיי DR. K",,קמילצ'יק - תמצית פרחי קמומיל,מליליטרים,30,"100 מ""ל",false,0,59.90,199.67,true,1,7290015246088
7290015246095,false,ליקצי'ק - תמצית נבטי ליקופודיום,"ד""ר קיי DR. K",,ליקצי'ק - תמצית נבטי ליקופודיום,מליליטרים,30,"100 מ""ל",false,0,59.90,199.67,true,1,7290015246095
7290015246316,false,וקסינצ'יק - תמצית שרש אסטרלגוס,"ד""ר קיי DR. K",,וקסינצ'יק - תמצית שרש אסטרלגוס,מליליטרים,30,"100 מ""ל",false,0,59.90,199.67,true,1,7290015246316
7290015246323,false,וייהרצ'יק - תמצית שורש בצל,"ד""ר קיי DR. K",,וייהרצ'יק - תמצית שורש בצל,מליליטרים,30,"100 מ""ל",false,0,59.90,199.67,true,1,7290015246323
7290015246354,false,אפצ'יק - תמצית פירות סמבוק שחור,"ד""ר קיי DR. K",,אפצ'יק - תמצית פירות סמבוק שחור,מליליטרים,30,"100 מ""ל",false,0,59.90,199.67,true,1,7290015246354
7290015246385,false,מרקצ'יק - תמצית עלי אבפטוריון,"ד""ר קיי DR. K",,מרקצ'יק - תמצית עלי אבפטוריון,מליליטרים,30,"100 מ""ל",false,0,59.90,199.67,true,1,7290015246385
7290015246392,false,סינצ'יק - תמצית גזע אגוז מלך,"ד""ר קיי DR. K",,סינצ'יק - תמצית גזע אגוז מלך,מליליטרים,30,"100 מ""ל",false,0,59.90,199.67,true,1,7290015246392
7290015246972,false,רונצ'יק - תמצית נטופית ולחך,"ד""ר קיי DR. K",,רונצ'יק - תמצית נטופית ולחך,מליליטרים,30,"100 מ""ל",false,0,59.90,199.67,true,1,7290015246972
7290015251013,false,ספריי שקוף להגנה SPF 30,פרפקט Perfect,,ספריי שקוף להגנה SPF 30,מליליטרים,200,"100 מ""ל",false,0,19.90,14.95,true,1,7290015251013
7290015251020,false,תחליב הגנה SPF 50,פרפקט Perfect,,תחליב הגנה SPF 50,מליליטרים,250,"100 מ""ל",false,0,24.90,11.96,true,1,7290015251020
7290015282000,false,סלט איקרה אדומה,שבעת הימים - שמיר,,סלט איקרה אדומה,גרמים,200,100 גרם,false,0,12.90,6.45,true,1,7290015282000
7290015282024,false,סלט איקרה לבנה,שבעת הימים - שמיר,,סלט איקרה לבנה,גרמים,200,100 גרם,false,0,12.90,6.45,true,1,7290015282024
7290015282581,false,חומוס אבו גוש עם חריף,סלטי שמיר,,חומוס אבו גוש עם חריף,גרמים,200,100 גרם,false,0,9.90,4.95,true,1,7290015282581
7290015282598,false,חומוס מסעדות,סלטי שמיר,,חומוס מסעדות,גרמים,200,100 גרם,false,0,9.90,4.95,true,1,7290015282598
7290015282604,false,טחינה מיוחדת,סלטי שמיר,,טחינה מיוחדת,גרמים,200,100 גרם,false,0,9.90,4.95,true,1,7290015282604
7290015282635,false,חומוס מסבחה,סלטי שמיר,,חומוס מסבחה,גרמים,200,100 גרם,false,0,9.90,4.95,true,1,7290015282635
7290015282642,false,חומוס אבו גוש,סלטי שמיר,,חומוס אבו גוש,גרמים,200,100 גרם,false,0,9.90,4.95,true,1,7290015282642
7290015282673,false,חציל במיונז ביתי,סלטי שמיר,,חציל במיונז ביתי,גרמים,200,100 גרם,false,0,9.90,4.95,true,1,7290015282673
7290015282680,false,קישוא בטעם כבד,סלטי שמיר,,קישוא בטעם כבד,גרמים,200,100 גרם,false,0,11.90,5.95,true,1,7290015282680
7290015282697,false,סלט כרוב אדום,סלטי שמיר,,סלט כרוב אדום,גרמים,200,100 גרם,false,0,11.90,5.95,true,1,7290015282697
7290015282710,false,קוביות סלק,סלטי שמיר,,קוביות סלק,גרמים,200,100 גרם,false,0,9.90,4.95,true,1,7290015282710
7290015282727,false,גזר מרוקאי ברוטב פיקנטי,סלטי שמיר,,גזר מרוקאי ברוטב פיקנטי,גרמים,200,100 גרם,false,0,11.90,5.95,true,1,7290015282727
7290015282734,false,מטבוחה ביתית,סלטי שמיר,,מטבוחה ביתית,גרמים,200,100 גרם,false,0,11.90,5.95,true,1,7290015282734
7290015282741,false,חציל תאילנדי,סלטי שמיר,,חציל תאילנדי,גרמים,200,100 גרם,false,0,11.90,5.95,true,1,7290015282741
7290015282796,false,"סלט תפו""א",סלטי שמיר,,"סלט תפו""א",גרמים,200,100 גרם,false,0,11.90,5.95,true,1,7290015282796
7290015292160,false,זוג מעצורי דלת בגימור שקוף- קליר סטופ קצר,ספאדיני,,זוג מעצורי דלת בגימור שקוף- קליר סטופ קצר,,0,,false,0,7.90,0.00,true,1,7290015292160
7290015293259,false,מוס רחצה לתינוק קמיל בלו שיבולת שועל,"ד""ר פישר Dr fischer",,מוס רחצה לתינוק קמיל בלו שיבולת שועל,מליליטרים,450,"100 מ""ל",false,0,29.90,6.64,true,1,7290015293259
7290015293624,false,אל סבון ושמפו לתינוק קמיל בלו Nature,"ד""ר פישר Dr fischer",,אל סבון ושמפו לתינוק קמיל בלו Nature,מליליטרים,400,"100 מ""ל",false,0,34.90,8.73,true,1,7290015293624
7290015321853,false,תיבול על בייגל,תבליני פרג,,תיבול על בייגל,גרמים,120,100 גרם,false,0,13.90,11.58,true,1,7290015321853
7290015324007,false,פלפל שחור גרוס,תבליני טעם וריח,,פלפל שחור גרוס,גרמים,80,100 גרם,false,0,8.90,11.13,true,1,7290015324007
7290015324014,false,פלפל שחור טחון,תבליני טעם וריח,,פלפל שחור טחון,גרמים,80,100 גרם,false,0,8.90,11.13,true,1,7290015324014
7290015324038,false,פפריקה מרוקאית מתוקה בשמן,תבליני טעם וריח,,פפריקה מרוקאית מתוקה בשמן,גרמים,80,100 גרם,false,0,4.90,6.13,true,1,7290015324038
7290015324045,false,פפריקה חריפה,תבליני טעם וריח,,פפריקה חריפה,גרמים,80,100 גרם,false,0,4.90,6.13,true,1,7290015324045
7290015324052,false,פפריקה מתוקה,תבליני טעם וריח,,פפריקה מתוקה,גרמים,80,100 גרם,false,0,4.90,6.13,true,1,7290015324052
7290015324069,false,תערובת תיבול גריל עוף,תבליני טעם וריח,,תערובת תיבול גריל עוף,גרמים,80,100 גרם,false,0,4.90,6.13,true,1,7290015324069
7290015324076,false,תערובת תיבול זעתר,תבליני טעם וריח,,תערובת תיבול זעתר,גרמים,80,100 גרם,false,0,4.90,6.13,true,1,7290015324076
7290015324083,false,מלח לימון,תבליני טעם וריח,,מלח לימון,גרמים,80,100 גרם,false,0,4.90,6.13,true,1,7290015324083
7290015324090,false,כמון מזרחי,תבליני טעם וריח,,כמון מזרחי,גרמים,80,100 גרם,false,0,4.90,6.13,true,1,7290015324090
7290015324106,false,כורכום,תבליני טעם וריח,,כורכום,גרמים,80,100 גרם,false,0,4.90,6.13,true,1,7290015324106
7290015324113,false,בהרט לבישול,תבליני טעם וריח,,בהרט לבישול,גרמים,80,100 גרם,false,0,4.90,6.13,true,1,7290015324113
7290015324120,false,שום גבישי,תבליני טעם וריח,,שום גבישי,גרמים,80,100 גרם,false,0,6.90,8.63,true,1,7290015324120
7290015324151,false,חוויאג' למרק,תבליני טעם וריח,,חוויאג' למרק,גרמים,80,100 גרם,false,0,4.90,6.13,true,1,7290015324151
7290015324168,false,תערובת תיבול על האש,תבליני טעם וריח,,תערובת תיבול על האש,גרמים,80,100 גרם,false,0,4.90,6.13,true,1,7290015324168
7290015324175,false,תערובת תיבול לשווארמה,תבליני טעם וריח,,תערובת תיבול לשווארמה,גרמים,80,100 גרם,false,0,4.90,6.13,true,1,7290015324175
7290015324281,false,שבבי בצל מטוגן,תבליני טעם וריח,,שבבי בצל מטוגן,גרמים,200,100 גרם,false,0,7.90,3.95,true,1,7290015324281
7290015324571,false,פפריקה מתוקה בשמן,תבליני טעם וריח,,פפריקה מתוקה בשמן,גרמים,400,100 גרם,false,0,17.90,4.48,true,1,7290015324571
7290015347167,false,קינואה באריזת ואקום Selected,מיה,,קינואה באריזת ואקום Selected,גרמים,500,100 גרם,false,0,14.90,2.98,true,1,7290015347167
7290015347259,false,פירורי לחם מוזהבים,מיה,,פירורי לחם מוזהבים,גרמים,400,100 גרם,false,0,5.90,1.48,true,1,7290015347259
7290015347488,false,סוכר דמררה בשקית,מיה,,סוכר דמררה בשקית,קילוגרמים,1,"ק""ג",false,0,9.90,9.90,true,1,7290015347488
7290015348089,false,למברוסקו אמיליאנו ביאנקו חצי יבש,Emiliano Lambrusco,,למברוסקו אמיליאנו ביאנקו חצי יבש,מליליטרים,750,"100 מ""ל",false,0,25.00,3.99,true,1,7290015348089
7290015348300,false,יין ריחן קברנה סובניון,יקבי ברקן Barkan,,יין ריחן קברנה סובניון,מליליטרים,750,"100 מ""ל",false,0,55.90,7.99,true,1,7290015348300
7290015350136,false,יין קברנה סוביניון Free Run,סגל Segal,,יין קברנה סוביניון Free Run,מליליטרים,750,"100 מ""ל",false,0,55.90,7.99,true,1,7290015350136
7290015350143,false,יין מרלו Free Run,סגל Segal,,יין מרלו Free Run,מליליטרים,750,"100 מ""ל",false,0,55.90,7.99,true,1,7290015350143
7290015350150,false,יין אדום חצי יבש של סגל,סגל Segal,,יין אדום חצי יבש של סגל,מליליטרים,750,"100 מ""ל",false,0,24.90,3.32,true,1,7290015350150
7290015350242,false,שטוק 84 משקה כוהלי על בסיס ברנדי בטעם דבש,שטוק Stock,,שטוק 84 משקה כוהלי על בסיס ברנדי בטעם דבש,מליליטרים,750,"100 מ""ל",false,0,89.90,11.99,true,1,7290015350242
7290015350402,false,יין רזרב מוסקט ורוד,יקבי ברקן Barkan,,יין רזרב מוסקט ורוד,מליליטרים,750,"100 מ""ל",false,0,59.90,7.99,true,1,7290015350402
7290015354899,false,חרדל מעודן,ריין דיז'ון reine dijon,,חרדל מעודן,גרמים,350,100 גרם,false,0,10.90,3.11,true,1,7290015354899
7290015354905,false,חרדל בתוספת חזרת,ריין דיז'ון reine dijon,,חרדל בתוספת חזרת,גרמים,370,100 גרם,false,0,10.90,2.95,true,1,7290015354905
7290015356688,false,ערק שליט,ארק שליט,,ערק שליט,מליליטרים,700,"100 מ""ל",false,0,59.90,8.56,true,1,7290015356688
7290015366663,false,משחת שיניים אקווה פרש מנטה עדין,אקווה פרש Aquafresh,,משחת שיניים אקווה פרש מנטה עדין,גרמים,100,100 גרם,false,0,7.90,7.90,true,1,7290015366663
7290015366670,false,משחת שיניים הגנה משולשת מנטה מרענן,אקווה פרש Aquafresh,,משחת שיניים הגנה משולשת מנטה מרענן,גרמים,100,100 גרם,false,0,7.90,7.90,true,1,7290015366670
7290015429009,false,דנסיטי - תוסף סידן אמורפי,DENSITY,,דנסיטי - תוסף סידן אמורפי,יחידות,60,יחידה,false,0,179.90,3.00,true,1,7290015429009
7290015437431,false,רכז רימונים,תומר,,רכז רימונים,גרמים,420,100 גרם,false,0,19.90,4.74,true,1,7290015437431
7290015437578,false,מוזלי קראנצ'י בתוספת צימוקים ותפוח עץ מיובש,ויטליה,,מוזלי קראנצ'י בתוספת צימוקים ותפוח עץ מיובש,גרמים,600,100 גרם,false,0,14.90,2.48,true,1,7290015437578
7290015470384,false,קרם ידיים מטפח אינטנסיב מועשר בשמן שקדים,פנג'ל Fenjal,,קרם ידיים מטפח אינטנסיב מועשר בשמן שקדים,מליליטרים,100,"100 מ""ל",false,0,9.90,9.90,true,1,7290015470384
7290015470391,false,קרם ידיים מועשר בשמן זית לעור רגיל עד יבש,פנג'ל Fenjal,,קרם ידיים מועשר בשמן זית לעור רגיל עד יבש,מליליטרים,100,"100 מ""ל",false,0,9.90,9.90,true,1,7290015470391
7290015483469,false,מדחום דיגיטלי מהיר וגמיש עם מסך גדול,פרוקאר Procare,,מדחום דיגיטלי מהיר וגמיש עם מסך גדול,יחידות,1,יחידה,false,0,39.90,39.90,true,1,7290015483469
7290015519427,false,משאבה משולבת 12V / 22V,ארטוס,,משאבה משולבת 12V / 22V,,0,,false,0,99.00,0.00,true,1,7290015519427
7290015519502,false,ערכת קפה,ארטוס,,ערכת קפה,,0,,false,0,99.00,0.00,true,1,7290015519502
7290015519526,false,כסא במאי,ארטוס,,כסא במאי,,0,,false,0,69.90,0.00,true,1,7290015519526
7290015519694,false,"חצובה + 2 פנסים לד נטענים, כולל מטען לבית ולרכב",ארטוס,,"חצובה + 2 פנסים לד נטענים, כולל מטען לבית ולרכב",,0,,false,0,249.90,0.00,true,1,7290015519694
7290015519816,false,"מזרון שטח כמו בבית 170*60*4 ס""מ",ארטוס,,"מזרון שטח כמו בבית 170*60*4 ס""מ",,0,,false,0,99.90,0.00,true,1,7290015519816
7290015596251,false,אלכוג'ל 70% אלכוהול בריח תפוח,"ד""ר פישר Dr fischer",,אלכוג'ל 70% אלכוהול בריח תפוח,מליליטרים,100,"100 מ""ל",false,0,9.90,0.99,true,1,7290015596251
7290015596831,false,קרם גוף מועשר בשמן אבוקדו,"ד""ר פישר Dr fischer",,קרם גוף מועשר בשמן אבוקדו,מליליטרים,450,"100 מ""ל",false,0,21.90,5.53,true,1,7290015596831
7290015599023,false,פרוסות צהובה טבעונית בטעם קלאסי,וגה מוצרים טבעוניים VEGA,,פרוסות צהובה טבעונית בטעם קלאסי,גרמים,200,100 גרם,false,0,23.90,11.95,true,1,7290015599023
7290015599047,false,גוש צהובה טבעונית נמסה במיוחד,וגה מוצרים טבעוניים VEGA,,גוש צהובה טבעונית נמסה במיוחד,גרמים,200,100 גרם,false,0,16.90,8.45,true,1,7290015599047
7290015599054,false,פרוסות צהובה טבעונית בטעם גבינת צ'דר,וגה מוצרים טבעוניים VEGA,,פרוסות צהובה טבעונית בטעם גבינת צ'דר,גרמים,200,100 גרם,false,0,23.90,11.95,true,1,7290015599054
7290015599061,false,פרוסות צהובה טבעונית בטעם מוצרלה,וגה מוצרים טבעוניים VEGA,,פרוסות צהובה טבעונית בטעם מוצרלה,גרמים,200,100 גרם,false,0,23.90,11.95,true,1,7290015599061
7290015599078,false,פרוסות צהובה טבעונית בתוספת עשבי תיבול,וגה מוצרים טבעוניים VEGA,,פרוסות צהובה טבעונית בתוספת עשבי תיבול,גרמים,200,100 גרם,false,0,23.90,11.95,true,1,7290015599078
7290015652513,false,תערובת תבלינים לסטייק ובשרים על האש,אהרוני,,תערובת תבלינים לסטייק ובשרים על האש,גרמים,150,100 גרם,false,0,9.90,6.60,true,1,7290015652513
7290015652520,false,"תערובת השף עשבי תיבול ושום לתיבול דגים, עופות, מאפים ועוד",אהרוני,,"תערובת השף עשבי תיבול ושום לתיבול דגים, עופות, מאפים ועוד",גרמים,70,100 גרם,false,0,9.90,14.14,true,1,7290015652520
7290015652537,false,"תערובת תיבול פלפל, לימון פרסי ושום לבשר ותבשילים",אהרוני,,"תערובת תיבול פלפל, לימון פרסי ושום לבשר ותבשילים",גרמים,130,100 גרם,false,0,9.90,7.62,true,1,7290015652537
7290015652551,false,תערובת תיבול זעתר ושומשום בלדי,אהרוני,,תערובת תיבול זעתר ושומשום בלדי,גרמים,150,100 גרם,false,0,9.90,6.60,true,1,7290015652551
7290015652575,false,תערובת תיבול ראס אל חנות,אהרוני,,תערובת תיבול ראס אל חנות,גרמים,150,100 גרם,false,0,9.90,6.60,true,1,7290015652575
7290015652599,false,תערובת מתובלת להכנת צלי בקר,אהרוני,,תערובת מתובלת להכנת צלי בקר,גרמים,120,100 גרם,false,0,9.90,8.25,true,1,7290015652599
7290015688000,false,פעמון רוח לעגלה,,,פעמון רוח לעגלה,,0,,false,0,94.90,0.00,true,1,7290015688000
7290015688123,false,קשת לעגלה פו הדוב,,,קשת לעגלה פו הדוב,,0,,false,0,129.90,0.00,true,1,7290015688123
7290015688130,false,קשת לעגלה מיני מאוס,,,קשת לעגלה מיני מאוס,,0,,false,0,129.90,0.00,true,1,7290015688130
7290015695800,false,נבטי ברוקולי,הנבטים של אודי,,נבטי ברוקולי,,0,,false,0,8.90,0.00,true,1,7290015695800
7290015695817,false,נבטי קייל,הנבטים של אודי,,נבטי קייל,,0,,false,0,9.90,0.00,true,1,7290015695817
7290015695824,false,נבטי חרדל,הנבטים של אודי,,נבטי חרדל,,0,,false,0,9.90,0.00,true,1,7290015695824
7290015695831,false,נבטי צנונית,הנבטים של אודי,,נבטי צנונית,,0,,false,0,9.90,0.00,true,1,7290015695831
7290015695855,false,נבטי חמניה,הנבטים של אודי,,נבטי חמניה,,0,,false,0,9.90,0.00,true,1,7290015695855
7290015695886,false,מיקס נבטים,הנבטים של אודי,,מיקס נבטים,,0,,false,0,9.90,0.00,true,1,7290015695886
7290015695916,false,מיקס נבטים ענק,הנבטים של אודי,,מיקס נבטים ענק,,0,,false,0,15.90,0.00,true,1,7290015695916
7290015695947,false,נבטי אפונה,הנבטים של אודי,,נבטי אפונה,,0,,false,0,9.90,0.00,true,1,7290015695947
7290015733120,false,מטרנה גולד שלב 1 תרכובת מזון על בסיס חלבי,מטרנה,,מטרנה גולד שלב 1 תרכובת מזון על בסיס חלבי,גרמים,700,100 גרם,false,0,74.90,10.70,true,1,7290015733120
7290015733144,false,מטרנה גולד שלב 2 תרכובת מזון על בסיס חלבי,מטרנה,,מטרנה גולד שלב 2 תרכובת מזון על בסיס חלבי,גרמים,700,100 גרם,false,0,74.90,10.70,true,1,7290015733144
7290015733205,false,תרכובת מזון לתינוקות חלבי שלב 1 אקסטרה קר מהדרין,מטרנה,,תרכובת מזון לתינוקות חלבי שלב 1 אקסטרה קר מהדרין,גרמים,700,100 גרם,false,0,59.90,8.56,true,1,7290015733205
7290015733229,false,תרכובת מזון לתינוקות חלבי שלב 2 אקסטרה קר מהדרין,מטרנה,,תרכובת מזון לתינוקות חלבי שלב 2 אקסטרה קר מהדרין,גרמים,700,100 גרם,false,0,59.90,8.56,true,1,7290015733229
7290015733427,false,דייסת גם וגם בטעם וניל,מטרנה,,דייסת גם וגם בטעם וניל,גרמים,300,100 גרם,false,0,22.90,7.63,true,1,7290015733427
7290015733441,false,דייסת גם וגם דגנים מעורבים,מטרנה,,דייסת גם וגם דגנים מעורבים,גרמים,300,100 גרם,false,0,22.90,7.63,true,1,7290015733441
7290015733465,false,דייסת קורנפלור גם וגם,מטרנה,,דייסת קורנפלור גם וגם,גרמים,300,100 גרם,false,0,22.90,7.63,true,1,7290015733465
7290015733939,false,"תרכובת מזון A.R על בסיס חלבי בתוספת עמילן תפו""א ותירס",מטרנה,,"תרכובת מזון A.R על בסיס חלבי בתוספת עמילן תפו""א ותירס",גרמים,700,100 גרם,false,0,79.90,11.41,true,1,7290015733939
7290015733977,false,תרכובת מזון קומפורט על בסיס חלבי דל לקטוז,מטרנה,,תרכובת מזון קומפורט על בסיס חלבי דל לקטוז,גרמים,700,100 גרם,false,0,59.90,8.56,true,1,7290015733977
7290015765572,false,ויטמין B12 - מתיל קובלמין,אלטמן,,ויטמין B12 - מתיל קובלמין,יחידות,60,יחידה,false,0,59.90,1.00,true,1,7290015765572
7290015765589,false,פרוביוטיק Intense,אלטמן,,פרוביוטיק Intense,יחידות,30,יחידה,false,0,74.90,2.50,true,1,7290015765589
7290015765626,false,ברזל Comfort,אלטמן,,ברזל Comfort,יחידות,30,יחידה,false,0,99.90,3.33,true,1,7290015765626
7290015765930,false,MG-C מגה גלופלקס כורכום,אלטמן,,MG-C מגה גלופלקס כורכום,יחידות,30,יחידה,false,0,119.00,3.97,true,1,7290015765930
7290015793469,false,"קרם להקלה בגירוי, צריבה ותפרחת חיתולים לעור רגיש",אורה קרם,,"קרם להקלה בגירוי, צריבה ותפרחת חיתולים לעור רגיש",גרמים,90,100 גרם,false,0,21.90,24.33,true,1,7290015793469
7290015793476,false,אורה קרם - משחה לתפרחת חיתולים,אורה קרם,,אורה קרם - משחה לתפרחת חיתולים,גרמים,200,100 גרם,false,0,39.90,19.95,true,1,7290015793476
7290015793483,false,"קרם להקלה בגירוי, צריבה ותפרחת חיתולים",אורה קרם,,"קרם להקלה בגירוי, צריבה ותפרחת חיתולים",גרמים,85,100 גרם,false,0,21.90,25.76,true,1,7290015793483
7290015804400,false,עגבניות מרוסקות,טל,,עגבניות מרוסקות,גרמים,250,100 גרם,false,0,3.50,1.40,true,1,7290015804400
7290015804417,false,עגבניות מרוסקות מתובלות עם שום,טל,,עגבניות מרוסקות מתובלות עם שום,גרמים,250,100 גרם,false,0,3.50,1.40,true,1,7290015804417
7290015804424,false,עגבניות מרוסקות עם בזיליקום ועשבי תיבול,טל,,עגבניות מרוסקות עם בזיליקום ועשבי תיבול,גרמים,250,100 גרם,false,0,3.50,1.40,true,1,7290015804424
7290015804486,false,רוטב עגבניות מרוכז ומתובל לשקשוקה,טל,,רוטב עגבניות מרוכז ומתובל לשקשוקה,גרמים,250,100 גרם,false,0,3.50,1.40,true,1,7290015804486
7290015848862,false,אולטרסול תחליב הגנה SPF 50,"ד""ר פישר Dr fischer",,אולטרסול תחליב הגנה SPF 50,מליליטרים,250,"100 מ""ל",false,0,59.90,23.96,true,1,7290015848862
7290015848923,false,אולטרסול תחליב הגנה SPF 30,"ד""ר פישר Dr fischer",,אולטרסול תחליב הגנה SPF 30,מליליטרים,250,"100 מ""ל",false,0,49.90,19.96,true,1,7290015848923
7290015856508,false,חטיפי קרקר עם שומשום,הדר,,חטיפי קרקר עם שומשום,גרמים,180,100 גרם,false,0,4.90,2.72,true,1,7290015856508
7290015856607,false,קרקר תירוש מלוח מתוק חצי מצופה בטעם שוקולד,הדר,,קרקר תירוש מלוח מתוק חצי מצופה בטעם שוקולד,גרמים,175,100 גרם,false,0,7.90,4.51,true,1,7290015856607
7290015856935,false,ביסקוויט extra בטעם חמאה,הדר,,ביסקוויט extra בטעם חמאה,גרמים,400,100 גרם,false,0,8.90,2.23,true,1,7290015856935
7290015858106,false,פסטו ביתי,עללחם,,פסטו ביתי,גרמים,180,100 גרם,false,0,14.90,8.28,true,1,7290015858106
7290015858113,false,ממרח עגבניות מיובשות,עללחם,,ממרח עגבניות מיובשות,גרמים,180,100 גרם,false,0,14.90,8.28,true,1,7290015858113
7290015858144,false,ממרח ארטישוק,עללחם,,ממרח ארטישוק,גרמים,180,100 גרם,false,0,14.90,8.28,true,1,7290015858144
7290015858175,false,ממרח פלפלים קלויים,עללחם,,ממרח פלפלים קלויים,גרמים,180,100 גרם,false,0,14.90,8.28,true,1,7290015858175
7290015858229,false,טפנד זיתי קלמטה,עללחם,,טפנד זיתי קלמטה,גרמים,180,100 גרם,false,0,14.90,8.28,true,1,7290015858229
7290015858243,false,צ'ימיצ'ורי,עללחם,,צ'ימיצ'ורי,גרמים,180,100 גרם,false,0,14.90,8.28,true,1,7290015858243
7290015858434,false,שום כתוש,עללחם,,שום כתוש,גרמים,250,100 גרם,false,0,12.90,5.16,true,1,7290015858434
7290015859004,false,עירית,,,עירית,,0,,false,0,5.90,0.00,true,1,7290015859004
7290015859028,false,תרד ניו זילנדי ארוז,,,תרד ניו זילנדי ארוז,,0,,false,0,9.90,0.00,true,1,7290015859028
7290015859042,false,לבבות קיסר,,,לבבות קיסר,,0,,false,0,9.90,0.00,true,1,7290015859042
7290015859073,false,רוזמרין,,,רוזמרין,,0,,false,0,4.90,0.00,true,1,7290015859073
7290015859080,false,קורנית- טימין,,,קורנית- טימין,,0,,false,0,4.90,0.00,true,1,7290015859080
7290015859103,false,מרווה,,,מרווה,,0,,false,0,4.90,0.00,true,1,7290015859103
7290015859127,false,רוקולה,,,רוקולה,,0,,false,0,9.90,0.00,true,1,7290015859127
7290015859202,false,בזיליקום,,,בזיליקום,,0,,false,0,5.90,0.00,true,1,7290015859202
7290015859301,false,חסה מסולסלת צבעונית,,,חסה מסולסלת צבעונית,,0,,false,0,9.90,0.00,true,1,7290015859301
7290015872553,false,חומוס של מסעדה,סלטי שמיר,,חומוס של מסעדה,גרמים,700,100 גרם,false,0,9.90,1.41,true,1,7290015872553
7290015876124,false,סנסידיליי קרם לחות לעור יבש ומגורה,בפנטן,,סנסידיליי קרם לחות לעור יבש ומגורה,מליליטרים,400,"100 מ""ל",false,0,99.90,24.98,true,1,7290015876124
7290015899390,false,תרסיס לניקוי והברקת נירוסטה ומתכות אחרות,פרפקט Perfect,,תרסיס לניקוי והברקת נירוסטה ומתכות אחרות,מליליטרים,500,"100 מ""ל",false,0,9.90,2.98,true,1,7290015899390
7290015899505,false,חיטוי פירות וירקות מסיר שאריות של חומרי הדברה,פרפקט Perfect,,חיטוי פירות וירקות מסיר שאריות של חומרי הדברה,ליטרים,1,ליטר,false,0,9.90,9.90,true,1,7290015899505
7290015899512,false,אקונומיקה בניחוח לימון,פרפקט Perfect,,אקונומיקה בניחוח לימון,ליטרים,4,ליטר,false,0,14.90,3.73,true,1,7290015899512
7290015899529,false,אקונומיקה בניחוח פרחים,פרפקט Perfect,,אקונומיקה בניחוח פרחים,ליטרים,4,ליטר,false,0,14.90,3.73,true,1,7290015899529
7290015899628,false,נוזל רב תכליתי מנקה ומבריק,פרפקט Perfect,,נוזל רב תכליתי מנקה ומבריק,ליטרים,1,ליטר,false,0,9.90,9.90,true,1,7290015899628
7290015899970,false,אקונומיקה סמיכה בניחוח לימון,פרפקט Perfect,,אקונומיקה סמיכה בניחוח לימון,ליטרים,4,ליטר,false,0,14.90,3.73,true,1,7290015899970
7290015899994,false,מסיר אבנית,פרפקט Perfect,,מסיר אבנית,ליטרים,1,ליטר,false,0,9.90,14.90,true,1,7290015899994
7290015968010,false,כפפות ניטריל שחורות ללא אבקה - S,סייף טאץ' Safe Touch,,כפפות ניטריל שחורות ללא אבקה - S,יחידות,100,יחידה,false,0,17.90,0.25,true,1,7290015968010
7290015968089,false,"צלחות פלסטיק עבות כ-17 ס""מ במבחר צבעים",הוסטס Hostess,,"צלחות פלסטיק עבות כ-17 ס""מ במבחר צבעים",יחידות,25,יחידה,false,0,6.90,0.28,true,1,7290015968089
7290015968317,false,סינרים חד פעמיים,טוליפס Tulips,,סינרים חד פעמיים,יחידות,20,יחידה,false,0,17.90,0.90,true,1,7290015968317
7290015968713,false,צלחת קריסטל מעוטרת בינונית,הוסטס Hostess,,צלחת קריסטל מעוטרת בינונית,יחידות,10,יחידה,false,0,15.90,1.59,true,1,7290015968713
7290015968720,false,צלחת קריסטל מעוטרת גדולה,הוסטס Hostess,,צלחת קריסטל מעוטרת גדולה,יחידות,10,יחידה,false,0,22.90,2.29,true,1,7290015968720
7290015968737,false,צלחת קריסטל מעוטרת ענקית,הוסטס Hostess,,צלחת קריסטל מעוטרת ענקית,יחידות,10,יחידה,false,0,35.90,3.59,true,1,7290015968737
7290015968973,false,כפפות ניטריל שחורות ללא אבקה - M,סייף טאץ' Safe Touch,,כפפות ניטריל שחורות ללא אבקה - M,יחידות,100,יחידה,false,0,17.90,0.25,true,1,7290015968973
7290015968980,false,כפפות ניטריל שחורות ללא אבקה - L,סייף טאץ' Safe Touch,,כפפות ניטריל שחורות ללא אבקה - L,יחידות,100,יחידה,false,0,17.90,0.25,true,1,7290015968980
7290016002188,false,BABY אל סבון ושמפו,סבוקלם Sebocalm,,BABY אל סבון ושמפו,מליליטרים,400,"100 מ""ל",false,0,39.90,9.98,true,1,7290016002188
7290016002577,false,סבון פנים לעור רגיש,סבוקלם Sebocalm,,סבון פנים לעור רגיש,מליליטרים,90,"100 מ""ל",false,0,39.90,44.33,true,1,7290016002577
7290016006292,false,נקטר פירות בטעם מנגו בננה מלון,ספרינג,,נקטר פירות בטעם מנגו בננה מלון,ליטרים,1,ליטר,false,0,6.60,6.60,true,1,7290016006292
7290016006339,false,מים מינרלים - מארז רביעייה,מי עדן,,מים מינרלים - מארז רביעייה,ליטרים,4,ליטר,false,4,9.90,2.48,true,1,7290016006339
7290016006346,false,"מי סודה - מארז 6 בקבוקים 500 מ""ל",שוופס Schweppes,,"מי סודה - מארז 6 בקבוקים 500 מ""ל",ליטרים,3,ליטר,false,6,14.90,4.97,true,1,7290016006346
7290016036626,false,מרחיק יונים עם ניצבי מתכת אנקור פלוס,ספאדיני,,מרחיק יונים עם ניצבי מתכת אנקור פלוס,,0,,false,0,19.90,0.00,true,1,7290016036626
7290016077759,false,רוטב ברביקיו קלאסי,היינץ Heinz,,רוטב ברביקיו קלאסי,גרמים,480,100 גרם,false,0,12.90,2.69,true,1,7290016077759
7290016080551,false,מתבל עגבניות אורגני,היינץ Heinz,,מתבל עגבניות אורגני,גרמים,580,100 גרם,false,0,14.90,2.57,true,1,7290016080551
7290016094015,false,אולטרסול קרם פנים לילדים SPF 30,"ד""ר פישר Dr fischer",,אולטרסול קרם פנים לילדים SPF 30,מליליטרים,75,"100 מ""ל",false,0,29.90,39.87,true,1,7290016094015
7290016094695,false,אלכוג'ל לשמירה על הייגיינת הידיים 70% אלכוהול,"ד""ר פישר Dr fischer",,אלכוג'ל לשמירה על הייגיינת הידיים 70% אלכוהול,מליליטרים,500,"100 מ""ל",false,0,19.90,4.98,true,1,7290016094695
7290016106411,false,פרוסות מנגו בסירופ קל,טעמן,,פרוסות מנגו בסירופ קל,גרמים,425,100 גרם,false,0,7.90,1.86,true,1,7290016106411
7290016106657,false,נתחי טונה בהירה בשמן צמחי - מארז רביעייה,טעמן,,נתחי טונה בהירה בשמן צמחי - מארז רביעייה,גרמים,560,100 גרם,false,4,19.90,3.55,true,1,7290016106657
7290016106664,false,נתחי טונה בהירה במי מלח - מארז רביעייה,טעמן,,נתחי טונה בהירה במי מלח - מארז רביעייה,גרמים,560,100 גרם,false,4,19.90,3.55,true,1,7290016106664
7290016106671,false,נתחי טונה בהירה בשמן צמחי,טעמן,,נתחי טונה בהירה בשמן צמחי,גרמים,140,100 גרם,false,0,5.90,4.21,true,1,7290016106671
7290016106688,false,נתחי טונה בהירה במי מלח,טעמן,,נתחי טונה בהירה במי מלח,גרמים,140,100 גרם,false,0,5.90,4.21,true,1,7290016106688
7290016117189,false,ברזלית מפלדת אל חלד,פרפקט Perfect,,ברזלית מפלדת אל חלד,יחידות,5,יחידה,false,0,7.90,1.58,true,1,7290016117189
7290016117196,false,כריות יפניות דו צדדיות,פרפקט Perfect,,כריות יפניות דו צדדיות,יחידות,4,יחידה,false,0,9.90,2.48,true,1,7290016117196
7290016117202,false,שלישיית כריות קרצוף,פרפקט Perfect,,שלישיית כריות קרצוף,יחידות,3,יחידה,false,0,9.90,3.30,true,1,7290016117202
7290016117226,false,כריות יפניות גדולות,פרפקט Perfect,,כריות יפניות גדולות,יחידות,6,יחידה,false,0,9.90,1.65,true,1,7290016117226
7290016117233,false,כריות קרצוף,פרפקט Perfect,,כריות קרצוף,יחידות,6,יחידה,false,0,7.90,1.32,true,1,7290016117233
7290016136111,false,תערובת להכנת מאפים ללא גלוטן,ג'י פרי Gfree,,תערובת להכנת מאפים ללא גלוטן,גרמים,500,100 גרם,false,0,16.90,3.38,true,1,7290016136111
7290016136142,false,תערובת להכנת פנקייק ללא גלוטן,ג'י פרי Gfree,,תערובת להכנת פנקייק ללא גלוטן,גרמים,400,100 גרם,false,0,16.90,4.23,true,1,7290016136142
7290016136692,false,משחת שיניים הגנה משולשת מנטה מרענן- שלישייה,אקווה פרש Aquafresh,,משחת שיניים הגנה משולשת מנטה מרענן- שלישייה,מליליטרים,300,"100 מ""ל",false,3,19.90,6.63,true,1,7290016136692
7290016136708,false,משחת שיניים הגנה משולשת מנטה עדין- שלישייה,אקווה פרש Aquafresh,,משחת שיניים הגנה משולשת מנטה עדין- שלישייה,מליליטרים,300,"100 מ""ל",false,3,19.90,6.63,true,1,7290016136708
7290016150384,false,סלק אדום מבושל באריזת וואקום,,,סלק אדום מבושל באריזת וואקום,גרמים,500,100 גרם,false,0,5.90,1.18,true,1,7290016150384
7290016186154,false,"קולדי משחה למריחה על חזה, גב וצוואר התינוק",כצט CTS,,"קולדי משחה למריחה על חזה, גב וצוואר התינוק",גרמים,30,100 גרם,false,0,39.90,133.00,true,1,7290016186154
7290016186178,false,פרסטי טיפות לניקוי שיניים מהשן הראשונה,כצט CTS,,פרסטי טיפות לניקוי שיניים מהשן הראשונה,מליליטרים,20,"100 מ""ל",false,0,29.90,149.50,true,1,7290016186178
7290016186246,false,טפטפים בייבי באזז אפטרג'ל ג'ל למריחה לאחר עקיצות,כצט CTS,,טפטפים בייבי באזז אפטרג'ל ג'ל למריחה לאחר עקיצות,מליליטרים,50,"100 מ""ל",false,0,32.90,65.80,true,1,7290016186246
7290016186277,false,בייבי באז רול און מכיל ציטרונלה לילדים ופעוטות,כצט CTS,,בייבי באז רול און מכיל ציטרונלה לילדים ופעוטות,מליליטרים,80,"100 מ""ל",false,0,19.90,24.88,true,1,7290016186277
7290016186383,false,קלציצ'ו אקסטרא D3 טבליות ללעיסה בטעם תפוז,כצט CTS,,קלציצ'ו אקסטרא D3 טבליות ללעיסה בטעם תפוז,יחידות,60,יחידה,false,0,60.00,1.00,true,1,7290016186383
7290016188585,false,יין מבעבע למברוסקו רוזה חצי יבש,Giacobazzi Modena,,יין מבעבע למברוסקו רוזה חצי יבש,מליליטרים,750,"100 מ""ל",false,0,23.90,3.19,true,1,7290016188585
7290016188592,false,יין למברוסקו אדום חצי יבש,Giacobazzi Modena,,יין למברוסקו אדום חצי יבש,מליליטרים,750,"100 מ""ל",false,0,23.90,3.19,true,1,7290016188592
7290016188608,false,יין למברוסקו לבן חצי יבש,Giacobazzi Modena,,יין למברוסקו לבן חצי יבש,מליליטרים,750,"100 מ""ל",false,0,23.90,3.19,true,1,7290016188608
7290016189209,false,יוטיפרו פלוס לשליטה ומניעת זיהומים בדרכי השתן,,,יוטיפרו פלוס לשליטה ומניעת זיהומים בדרכי השתן,יחידות,15,יחידה,false,0,89.90,5.99,true,1,7290016189209
7290016189315,false,ספידגרון ילדים- בטיפול בזיהומי וכאבי גרון,VitroBio,,ספידגרון ילדים- בטיפול בזיהומי וכאבי גרון,מליליטרים,30,"100 מ""ל",false,0,49.90,166.33,true,1,7290016189315
7290016217759,false,סלט חציל מרוקאי,סלטי שמיר,,סלט חציל מרוקאי,גרמים,200,100 גרם,false,0,11.90,5.95,true,1,7290016217759
7290016217971,false,נסיכת הנילוס מעושנת,שבעת הימים - שמיר,,נסיכת הנילוס מעושנת,גרמים,100,100 גרם,false,0,18.90,18.90,true,1,7290016217971
7290016233247,false,עגבניות מיובשות קצוצות עם זיתים ירוקים מתובלים,תומר,,עגבניות מיובשות קצוצות עם זיתים ירוקים מתובלים,גרמים,250,100 גרם,false,0,9.90,3.96,true,1,7290016233247
7290016233254,false,עגבניות מיובשות קצוצות מתובלות,תומר,,עגבניות מיובשות קצוצות מתובלות,גרמים,250,100 גרם,false,0,9.90,3.96,true,1,7290016233254
7290016233995,false,פילה דג אנשובי בשמן זית,תומר,,פילה דג אנשובי בשמן זית,גרמים,45,100 גרם,false,0,4.90,10.89,true,1,7290016233995
7290016246018,false,פינוקיות חלבה מיקס טעמים,בארכה,,פינוקיות חלבה מיקס טעמים,גרמים,200,100 גרם,false,0,11.90,5.95,true,1,7290016246018
7290016246209,false,חלבה בטעם וניל,בארכה,,חלבה בטעם וניל,גרמים,100,100 גרם,false,0,3.00,3.00,true,1,7290016246209
7290016246445,false,טחינה גולמית מעודנת משומשום מלא,בארכה,,טחינה גולמית מעודנת משומשום מלא,גרמים,310,100 גרם,false,0,11.90,3.84,true,1,7290016246445
7290016246452,false,טחינה גולמית מעודנת שום לימון,בארכה,,טחינה גולמית מעודנת שום לימון,גרמים,310,100 גרם,false,0,11.90,3.84,true,1,7290016246452
7290016255003,false,מסיר שומנים להסרת לכלוך קשה,פרפקט Perfect,,מסיר שומנים להסרת לכלוך קשה,מליליטרים,750,"100 מ""ל",false,0,9.90,1.99,true,1,7290016255003
7290016255010,false,מסיר אבנית ולכלוך קשה,פרפקט Perfect,,מסיר אבנית ולכלוך קשה,מליליטרים,750,"100 מ""ל",false,0,14.90,1.99,true,1,7290016255010
7290016255027,false,ספריי קצף רב שימושי בתוספת אקונומיקה,פרפקט Perfect,,ספריי קצף רב שימושי בתוספת אקונומיקה,מליליטרים,750,"100 מ""ל",false,0,14.90,1.99,true,1,7290016255027
7290016255034,false,ג'ל לניקוי אסלות בניחוח אורנים,פרפקט Perfect,,ג'ל לניקוי אסלות בניחוח אורנים,מליליטרים,750,"100 מ""ל",false,0,7.90,1.45,true,1,7290016255034
7290016255041,false,ג'ל לניקוי אסלות בניחוח לימון,פרפקט Perfect,,ג'ל לניקוי אסלות בניחוח לימון,מליליטרים,750,"100 מ""ל",false,0,7.90,1.45,true,1,7290016255041
7290016255058,false,ג'ל לניקוי אסלות בניחוח לבנדר,פרפקט Perfect,,ג'ל לניקוי אסלות בניחוח לבנדר,מליליטרים,750,"100 מ""ל",false,0,7.90,1.45,true,1,7290016255058
7290016255157,false,דלי מטליות לחות לרצפה בבישום מרענן,פרפקט Perfect,,דלי מטליות לחות לרצפה בבישום מרענן,יחידות,50,יחידה,false,0,29.90,0.60,true,1,7290016255157
7290016255393,false,מטליות נשלפות לניקוי וחיטוי כללי בבישום עדין 400 יח',פרפקט Perfect,,מטליות נשלפות לניקוי וחיטוי כללי בבישום עדין 400 יח',יחידות,400,יחידה,false,0,29.90,0.07,true,1,7290016255393
7290016255492,false,נוזל מנקה פרקט,פרפקט Perfect,,נוזל מנקה פרקט,ליטרים,2,ליטר,false,0,19.90,9.95,true,1,7290016255492
7290016255508,false,נוזל לניקוי כלים בניחוח לימון,פרפקט Perfect,,נוזל לניקוי כלים בניחוח לימון,מליליטרים,750,"100 מ""ל",false,0,9.90,1.32,true,1,7290016255508
7290016255515,false,נוזל לניקוי כלים בניחוח תפוח,פרפקט Perfect,,נוזל לניקוי כלים בניחוח תפוח,מליליטרים,750,"100 מ""ל",false,0,9.90,1.32,true,1,7290016255515
7290016255638,false,נוזל מנקה רצפות בניחוח לבנדר,פרפקט Perfect,,נוזל מנקה רצפות בניחוח לבנדר,ליטרים,2,ליטר,false,0,19.90,9.95,true,1,7290016255638
7290016255645,false,נוזל מנקה רצפות בניחוח מאסק,פרפקט Perfect,,נוזל מנקה רצפות בניחוח מאסק,ליטרים,2,ליטר,false,0,19.90,9.95,true,1,7290016255645
7290016255652,false,נוזל מנקה רצפות בניחוח אורנים,פרפקט Perfect,,נוזל מנקה רצפות בניחוח אורנים,ליטרים,2,ליטר,false,0,19.90,9.95,true,1,7290016255652
7290016255843,false,נוזל שמשות לרכב,פרפקט Perfect,,נוזל שמשות לרכב,ליטרים,4,ליטר,false,0,9.90,2.48,true,1,7290016255843
7290016255928,false,ג'ל מרוכז לכביסה לבנה וצבעונית,פרפקט Perfect,,ג'ל מרוכז לכביסה לבנה וצבעונית,ליטרים,3,ליטר,false,0,24.90,8.30,true,1,7290016255928
7290016284003,false,חסה הידרופונית רומית,מעיינות הזורע,,חסה הידרופונית רומית,,0,,false,0,9.90,0.00,true,1,7290016284003
7290016302059,false,מארז לחמניות פרנה ביס 10 יח',פרנה בייקרי,,מארז לחמניות פרנה ביס 10 יח',יחידות,10,יחידה,false,0,9.90,0.99,true,1,7290016302059
7290016319187,false,עוגיות סנדוויץ' בטעם שוקולד במילוי קרם בטעם שוקולד,טוסו tusso,,עוגיות סנדוויץ' בטעם שוקולד במילוי קרם בטעם שוקולד,גרמים,300,100 גרם,false,0,16.90,5.63,true,1,7290016319187
7290016320343,false,ג'ל לניקוי מתקדם בניחוח לבנדר - מארז זוג,טואלט דאק Toilet Duck,,ג'ל לניקוי מתקדם בניחוח לבנדר - מארז זוג,מליליטרים,1500,"100 מ""ל",false,0,19.90,0.01,true,1,7290016320343
7290016321661,false,מגבונים לחים ללא בישום לעור רגיש,פרש וואנס Fresh Ones,,מגבונים לחים ללא בישום לעור רגיש,יחידות,256,יחידה,false,4,15.90,0.07,true,1,7290016321661
7290016321678,false,מגבונים לחים בניחוח מרענן עם תמציות קמומיל ואלוורה,פרש וואנס Fresh Ones,,מגבונים לחים בניחוח מרענן עם תמציות קמומיל ואלוורה,יחידות,256,יחידה,false,4,15.90,0.07,true,1,7290016321678
7290016321883,false,מאז שליישית נייר טואלט לח לילדים,פרש וואנס Fresh Ones,,מאז שליישית נייר טואלט לח לילדים,יחידות,40,יחידה,false,0,14.90,0.37,true,1,7290016321883
7290016321890,false,מארז שלישיית נייר טואלט לח,פרש וואנס Fresh Ones,,מארז שלישיית נייר טואלט לח,יחידות,40,יחידה,false,0,14.90,0.37,true,1,7290016321890
7290016329261,false,סרקל ספריי מתיר קשרים לילדים,"ד""ר פישר Dr fischer",,סרקל ספריי מתיר קשרים לילדים,מליליטרים,300,"100 מ""ל",false,0,29.90,9.97,true,1,7290016329261
7290016329278,false,רביעיית מגבונים קמיל בלו,"ד""ר פישר Dr fischer",,רביעיית מגבונים קמיל בלו,יחידות,256,יחידה,false,0,19.90,4.98,true,1,7290016329278
7290016329315,false,סרקל ספריי מתיר קשרים לילדים לשיער מתולתל,"ד""ר פישר Dr fischer",,סרקל ספריי מתיר קשרים לילדים לשיער מתולתל,מליליטרים,300,"100 מ""ל",false,0,29.90,9.97,true,1,7290016329315
7290016329674,false,קמיל בלו קרם פנים לתינוק לעור יבש במיוחד,"ד""ר פישר Dr fischer",,קמיל בלו קרם פנים לתינוק לעור יבש במיוחד,מליליטרים,75,"100 מ""ל",false,0,19.90,33.20,true,1,7290016329674
7290016329865,false,קרם ידיים לעור יבש Intensive,"ד""ר פישר Dr fischer",,קרם ידיים לעור יבש Intensive,מליליטרים,50,"100 מ""ל",false,0,14.90,29.80,true,1,7290016329865
7290016329971,false,קרם ידיים לעור יבש ומגורה Intensive Relief,"ד""ר פישר Dr fischer",,קרם ידיים לעור יבש ומגורה Intensive Relief,מליליטרים,50,"100 מ""ל",false,0,14.90,29.80,true,1,7290016329971
7290016372342,false,עגבניות חתוכות לחתיכות במיץ - 3 יח',גרנד איטליה Grand Italia,,עגבניות חתוכות לחתיכות במיץ - 3 יח',גרמים,1200,100 גרם,false,3,14.90,1.24,true,1,7290016372342
7290016372373,false,רסק עגבניות ללא תוספת סוכר ומלח - מארז זוג,גרנד איטליה Grand Italia,,רסק עגבניות ללא תוספת סוכר ומלח - מארז זוג,גרמים,280,100 גרם,false,0,7.90,2.82,true,1,7290016372373
7290016372397,false,"תה ירוק תפוז, ג'ינג'ר וכורכום",ויסוצקי ירוק,,"תה ירוק תפוז, ג'ינג'ר וכורכום",גרמים,38,100 גרם,false,0,22.90,61.07,true,1,7290016372397
7290016372458,false,חליטת צמחים לימונית ולואיזה הגן הקסום,ויסוצקי,,חליטת צמחים לימונית ולואיזה הגן הקסום,גרמים,75,100 גרם,false,0,29.90,39.87,true,1,7290016372458
7290016372489,false,חליטת פירות וצמחים ג'ינג'ר ולימון - אפקט הג'ינג'ר,ויסוצקי,,חליטת פירות וצמחים ג'ינג'ר ולימון - אפקט הג'ינג'ר,גרמים,45,100 גרם,false,0,17.90,39.78,true,1,7290016372489
7290016372496,false,חליטת פירות וצמחים בטעם ג'ינג'ר ודבש -אפקט הג'ינג'ר,ויסוצקי,,חליטת פירות וצמחים בטעם ג'ינג'ר ודבש -אפקט הג'ינג'ר,גרמים,45,100 גרם,false,0,17.90,39.78,true,1,7290016372496
7290016372922,false,"תה ירוק קינמון, ג'ינג'ר וכורכום עם מאצ'ה יפנית",ויסוצקי ירוק,,"תה ירוק קינמון, ג'ינג'ר וכורכום עם מאצ'ה יפנית",גרמים,38,100 גרם,false,0,22.90,61.07,true,1,7290016372922
7290016408133,false,מיני כעכים טרליני בטעם בצל וזיתים,כרמית,,מיני כעכים טרליני בטעם בצל וזיתים,גרמים,225,100 גרם,false,0,6.90,3.07,true,1,7290016408133
7290016408157,false,מיני כעכים טרליני עם קמח מלא,כרמית,,מיני כעכים טרליני עם קמח מלא,גרמים,225,100 גרם,false,0,6.90,3.07,true,1,7290016408157
7290016408164,false,מיני כעכים טרליני בטעם שום וצ'ילי פיקנטי,כרמית,,מיני כעכים טרליני בטעם שום וצ'ילי פיקנטי,גרמים,225,100 גרם,false,0,6.90,3.07,true,1,7290016408164
7290016408294,false,מרשמלו ורוד לבן,כרמית,,מרשמלו ורוד לבן,גרמים,150,100 גרם,false,0,4.90,3.27,true,1,7290016408294
7290016408720,false,בייגלה מצופה שוקולד לבן אגו מיקס,כרמית,,בייגלה מצופה שוקולד לבן אגו מיקס,גרמים,55,100 גרם,false,0,3.90,7.09,true,1,7290016408720
7290016408744,false,מרשמלו טוויסט,כרמית,,מרשמלו טוויסט,גרמים,150,100 גרם,false,0,4.90,3.27,true,1,7290016408744
7290016417012,false,ויטמין C ליפוזומאלי בספיגה גבוהה בטעם תפוז,אקוסאפ ecosupp,,ויטמין C ליפוזומאלי בספיגה גבוהה בטעם תפוז,מליליטרים,250,"100 מ""ל",false,0,189.90,75.96,true,1,7290016417012
7290016417029,false,ויטמין B12 מתיל קובלמין וחומצה פולית,אקוסאפ ecosupp,,ויטמין B12 מתיל קובלמין וחומצה פולית,מליליטרים,60,"100 מ""ל",false,0,99.90,166.50,true,1,7290016417029
7290016417081,false,IRON MAX ברזל בתוספת ויטמין C,אקוסאפ ecosupp,,IRON MAX ברזל בתוספת ויטמין C,מליליטרים,60,"100 מ""ל",false,0,99.90,166.50,true,1,7290016417081
7290016437614,false,"תחתוני חיתולים פרידום דריי מידה 3 6-11 ק""ג",האגיס Huggies,,"תחתוני חיתולים פרידום דריי מידה 3 6-11 ק""ג",יחידות,44,יחידה,false,0,44.90,1.02,true,1,7290016437614
7290016437621,false,"תחתוני חיתולים פרידום דריי מידה 4 9-11 ק""ג",האגיס Huggies,,"תחתוני חיתולים פרידום דריי מידה 4 9-11 ק""ג",יחידות,36,יחידה,false,0,44.90,1.25,true,1,7290016437621
7290016440911,false,מלפפונים ביתיים כבושים,מעדני עופר,,מלפפונים ביתיים כבושים,גרמים,750,100 גרם,false,0,19.90,2.65,true,1,7290016440911
7290016440928,false,ירקות כבושים חמוץ מתוק (סיני),מעדני עופר,,ירקות כבושים חמוץ מתוק (סיני),גרמים,750,100 גרם,false,0,19.90,2.65,true,1,7290016440928
7290016475067,false,מארז 4 לאפות במלאכת יד,מאפית המכבים,,מארז 4 לאפות במלאכת יד,יחידות,4,יחידה,false,0,10.90,2.73,true,1,7290016475067
7290016492118,false,פפריקה מתוקה מעושנת,תבליני פרג,,פפריקה מתוקה מעושנת,גרמים,120,100 גרם,false,0,13.90,11.58,true,1,7290016492118
7290016492125,false,פילדלפיה,תבליני פרג,,פילדלפיה,גרמים,120,100 גרם,false,0,13.90,11.58,true,1,7290016492125
7290016492132,false,טוסקנה,תבליני פרג,,טוסקנה,גרמים,160,100 גרם,false,0,13.90,8.69,true,1,7290016492132
7290016492453,false,מג'דרה אורז עם עדשים,תבליני פרג,,מג'דרה אורז עם עדשים,גרמים,300,100 גרם,false,0,14.90,4.97,true,1,7290016492453
7290016492507,false,אורז עם ירקות,תבליני פרג,,אורז עם ירקות,גרמים,300,100 גרם,false,0,14.90,4.97,true,1,7290016492507
7290016492514,false,בורגול עם עדשים,תבליני פרג,,בורגול עם עדשים,גרמים,300,100 גרם,false,0,14.90,4.97,true,1,7290016492514
7290016492521,false,קינואה עם עדשים,תבליני פרג,,קינואה עם עדשים,גרמים,300,100 גרם,false,0,14.90,4.97,true,1,7290016492521
7290016492538,false,קינואה עם ירקות,תבליני פרג,,קינואה עם ירקות,גרמים,300,100 גרם,false,0,14.90,4.97,true,1,7290016492538
7290016492620,false,"סומסומיה - ממרח טחינה, דבש ואגוזים",תבליני פרג,,"סומסומיה - ממרח טחינה, דבש ואגוזים",גרמים,150,100 גרם,false,0,14.90,9.93,true,1,7290016492620
7290016509304,false,סבון נתלה לאסלה שדה לבנדר,סוד,,סבון נתלה לאסלה שדה לבנדר,גרמים,50,100 גרם,false,0,5.50,17.80,true,1,7290016509304
7290016509342,false,כדוריות סבון נתלה לאסלה כחול אקטיבי - 3 יח',סוד,,כדוריות סבון נתלה לאסלה כחול אקטיבי - 3 יח',יחידות,3,יחידה,false,0,19.90,6.63,true,1,7290016509342
7290016509786,false,ג'ל לכביסה לבנה וצבעונית,פרסיל Persil,,ג'ל לכביסה לבנה וצבעונית,ליטרים,3,ליטר,false,0,29.90,13.96,true,1,7290016509786
7290016509793,false,ג'ל לכביסה לבנה וצבעונית אריזת XL,פרסיל Persil,,ג'ל לכביסה לבנה וצבעונית אריזת XL,ליטרים,4,ליטר,false,0,44.90,11.23,true,1,7290016509793
7290016509809,false,ג'ל לכביסה צבעונית,פרסיל Persil,,ג'ל לכביסה צבעונית,ליטרים,3,ליטר,false,0,29.90,13.96,true,1,7290016509809
7290016509816,false,ג'ל לכביסה צבעונית אריזת XL,פרסיל Persil,,ג'ל לכביסה צבעונית אריזת XL,ליטרים,4,ליטר,false,0,44.90,11.23,true,1,7290016509816
7290016509823,false,ג'ל לכביסה לבנה וצבעונית בניחוח רענן,פרסיל Persil,,ג'ל לכביסה לבנה וצבעונית בניחוח רענן,ליטרים,3,ליטר,false,0,29.90,13.96,true,1,7290016509823
7290016509830,false,ג'ל כביסה לבגדי תינוקות ובעלי עור רגיש Sensitive,פרסיל Persil,,ג'ל כביסה לבגדי תינוקות ובעלי עור רגיש Sensitive,ליטרים,3,ליטר,false,0,29.90,13.96,true,1,7290016509830
7290016509847,false,ג'ל כביסה לבגדים שחורים וכהים,פרסיל Persil,,ג'ל כביסה לבגדים שחורים וכהים,ליטרים,3,ליטר,false,0,29.90,13.96,true,1,7290016509847
7290016584011,false,חטיפוני גזר,גיזרונים,,חטיפוני גזר,גרמים,350,100 גרם,false,0,9.90,2.83,true,1,7290016584011
7290016601596,false,מבשם לבית בניחוח ורד אנגלי,פרפקט Perfect,,מבשם לבית בניחוח ורד אנגלי,מליליטרים,350,"100 מ""ל",false,0,14.90,4.26,true,1,7290016601596
7290016601602,false,מבשם לבית פריחת הנרקיס,פרפקט Perfect,,מבשם לבית פריחת הנרקיס,מליליטרים,350,"100 מ""ל",false,0,14.90,4.26,true,1,7290016601602
7290016601626,false,מבשם לבית בניחוח לבנדר טוסקנה,פרפקט Perfect,,מבשם לבית בניחוח לבנדר טוסקנה,מליליטרים,350,"100 מ""ל",false,0,14.90,4.26,true,1,7290016601626
7290016601701,false,סבון נוזלי בניחוח ים Blue Lagoon- מארז שלישייה,פרפקט Perfect,,סבון נוזלי בניחוח ים Blue Lagoon- מארז שלישייה,מליליטרים,1500,"100 מ""ל",false,3,14.90,0.99,true,1,7290016601701
7290016601718,false,סבון נוזלי בניחוח ורדים Pink Roses- מארז שלישייה,פרפקט Perfect,,סבון נוזלי בניחוח ורדים Pink Roses- מארז שלישייה,מליליטרים,1500,"100 מ""ל",false,3,14.90,0.99,true,1,7290016601718
7290016601725,false,סבון נוזלי בניחוח טרופי Fresh Yellow- מארז שלישייה,פרפקט Perfect,,סבון נוזלי בניחוח טרופי Fresh Yellow- מארז שלישייה,מליליטרים,1500,"100 מ""ל",false,3,14.90,0.99,true,1,7290016601725
7290016601732,false,סבון נוזלי בניחוח ים,פרפקט Perfect,,סבון נוזלי בניחוח ים,מליליטרים,1000,"100 מ""ל",false,0,9.90,0.99,true,1,7290016601732
7290016601749,false,סבון נוזלי בניחוח ורדים,פרפקט Perfect,,סבון נוזלי בניחוח ורדים,מליליטרים,1000,"100 מ""ל",false,0,9.90,0.99,true,1,7290016601749
7290016601756,false,סבון נוזלי בניחוח טרופי,פרפקט Perfect,,סבון נוזלי בניחוח טרופי,מליליטרים,1000,"100 מ""ל",false,0,9.90,0.99,true,1,7290016601756
7290016601800,false,תרסיס לניקוי רהיטים,פרפקט Perfect,,תרסיס לניקוי רהיטים,מליליטרים,300,"100 מ""ל",false,0,9.90,4.30,true,1,7290016601800
7290016601817,false,תרסיס לניקוי שטיחים,פרפקט Perfect,,תרסיס לניקוי שטיחים,מליליטרים,600,"100 מ""ל",false,0,19.90,3.32,true,1,7290016601817
7290016607772,false,יין דלתון רוזה גליל,דלתון Dalton,,יין דלתון רוזה גליל,מליליטרים,750,"100 מ""ל",false,0,59.90,7.99,true,1,7290016607772
7290016621013,false,קמיל בלו קרם גוף קלאסי לתינוק,"ד""ר פישר Dr fischer",,קמיל בלו קרם גוף קלאסי לתינוק,מליליטרים,500,"100 מ""ל",false,0,29.90,5.98,true,1,7290016621013
7290016621341,false,אל סבון היגייני לניקוי יסודי קמיל Clean & Moisture,"ד""ר פישר Dr fischer",,אל סבון היגייני לניקוי יסודי קמיל Clean & Moisture,ליטרים,1,ליטר,false,0,15.90,15.90,true,1,7290016621341
7290016621358,false,אל סבון היגייני לניקוי יסודי קמיל Clean & Moisture,"ד""ר פישר Dr fischer",,אל סבון היגייני לניקוי יסודי קמיל Clean & Moisture,ליטרים,1,ליטר,false,0,15.90,15.90,true,1,7290016621358
7290016621365,false,אל סבון היגייני לניקוי יסודי קמיל Clean & Moisture,"ד""ר פישר Dr fischer",,אל סבון היגייני לניקוי יסודי קמיל Clean & Moisture,ליטרים,1,ליטר,false,0,15.90,15.90,true,1,7290016621365
7290016621952,false,קמיל בלו קרם פנים לתינוק SPF 30,"ד""ר פישר Dr fischer",,קמיל בלו קרם פנים לתינוק SPF 30,מליליטרים,75,"100 מ""ל",false,0,19.90,39.87,true,1,7290016621952
7290016682182,false,שייק תמר בננה,פריניב,,שייק תמר בננה,ליטרים,1,ליטר,false,0,14.90,14.90,true,1,7290016682182
7290016682199,false,שייק תות בננה,פריניב,,שייק תות בננה,ליטרים,1,ליטר,false,0,14.90,14.90,true,1,7290016682199
7290016682335,false,מיץ תפוזים 100% סחוט טבעי,פריניב,,מיץ תפוזים 100% סחוט טבעי,ליטרים,2,ליטר,false,0,24.90,12.45,true,1,7290016682335
7290016682366,false,מיץ תפוח עץ צלול 100%,פריניב,,מיץ תפוח עץ צלול 100%,ליטרים,2,ליטר,false,0,15.90,12.45,true,1,7290016682366
7290016682373,false,משקה קל לימונדה בלדי,פריניב,,משקה קל לימונדה בלדי,ליטרים,2,ליטר,false,0,15.90,12.45,true,1,7290016682373
7290016682397,false,נקטר חמוציות,פריניב,,נקטר חמוציות,ליטרים,2,ליטר,false,0,15.90,12.45,true,1,7290016682397
7290016682441,false,100% מיץ תפוזים מיוצר מרכז טבעי,פריניב,,100% מיץ תפוזים מיוצר מרכז טבעי,ליטרים,1,ליטר,false,0,13.90,13.90,true,1,7290016682441
7290016692112,false,תערובת ציטרונלה להגנת העור רול און,מאמי קר Mommy Care,,תערובת ציטרונלה להגנת העור רול און,מליליטרים,70,"100 מ""ל",false,0,34.90,49.86,true,1,7290016692112
7290016692150,false,"סבון טבעי לניקוי בקבוקים, מוצצים ומשאבות חלב",מאמי קר Mommy Care,,"סבון טבעי לניקוי בקבוקים, מוצצים ומשאבות חלב",מליליטרים,500,"100 מ""ל",false,0,49.90,9.98,true,1,7290016692150
7290016692174,false,לנולין משחת הנקה,מאמי קר Mommy Care,,לנולין משחת הנקה,מליליטרים,40,"100 מ""ל",false,0,49.90,124.75,true,1,7290016692174
7290016692198,false,משחת החתלה קלנדולה קלאסיק,מאמי קר Mommy Care,,משחת החתלה קלנדולה קלאסיק,מליליטרים,120,"100 מ""ל",false,0,19.90,16.58,true,1,7290016692198
7290016717051,false,משקה Buzz מוגז בטעם רימון מבוסס יין אדום מתוק,יקבי כרמל Carmel Winery,,משקה Buzz מוגז בטעם רימון מבוסס יין אדום מתוק,מליליטרים,750,"100 מ""ל",false,0,24.90,3.32,true,1,7290016717051
7290016717099,false,יין אדום חצי יבש סלקטד Selected,יקבי כרמל Carmel Winery,,יין אדום חצי יבש סלקטד Selected,מליליטרים,750,"100 מ""ל",false,0,24.90,3.99,true,1,7290016717099
7290016717235,false,יין קונקורד אדום ממותק קינג דיוויד - בקבוק אישי,יקבי כרמל Carmel Winery,,יין קונקורד אדום ממותק קינג דיוויד - בקבוק אישי,מליליטרים,187,"100 מ""ל",false,0,5.90,3.16,true,1,7290016717235
7290016717631,false,יין מוסקטו בעל חוזק אלכוהול נמוך פרייבט קולקשן,יקבי כרמל Carmel Winery,,יין מוסקטו בעל חוזק אלכוהול נמוך פרייבט קולקשן,מליליטרים,750,"100 מ""ל",false,0,38.90,5.19,true,1,7290016717631
7290016717754,false,יין היובל ישן נושן,יקבי כרמל Carmel Winery,,יין היובל ישן נושן,מליליטרים,750,"100 מ""ל",false,0,18.90,2.52,true,1,7290016717754
7290016747232,false,אפקל - שמן צמחי למריחה על האף,מורז,,אפקל - שמן צמחי למריחה על האף,מליליטרים,10,"100 מ""ל",false,0,34.90,449.00,true,1,7290016747232
7290016866445,false,קמח תופח ללא גלוטן,ג'י פרי Gfree,,קמח תופח ללא גלוטן,גרמים,500,100 גרם,false,0,14.90,2.98,true,1,7290016866445
7290016866643,false,משחת שיניים פרודונטקס אקסטרה פרש,פרודונטקס Parodontax,,משחת שיניים פרודונטקס אקסטרה פרש,מליליטרים,75,"100 מ""ל",false,0,29.90,39.87,true,1,7290016866643
7290016866650,false,משחת שיניים פרודונטקס אורגינל,פרודונטקס Parodontax,,משחת שיניים פרודונטקס אורגינל,מליליטרים,75,"100 מ""ל",false,0,29.90,39.87,true,1,7290016866650
7290016866667,false,משחת שיניים פרודונטקס ללא פלואוריד,פרודונטקס Parodontax,,משחת שיניים פרודונטקס ללא פלואוריד,מליליטרים,75,"100 מ""ל",false,0,29.90,39.87,true,1,7290016866667
7290016866674,false,משחת שיניים פרודונטקס מלבינה,פרודונטקס Parodontax,,משחת שיניים פרודונטקס מלבינה,מליליטרים,75,"100 מ""ל",false,0,29.90,39.87,true,1,7290016866674
7290016866704,false,שמפו קרטין +ויטמין E,סטייל Style,,שמפו קרטין +ויטמין E,מליליטרים,750,"100 מ""ל",false,0,24.90,3.32,true,1,7290016866704
7290016866711,false,מרכך קרטין + ויטמין E,סטייל Style,,מרכך קרטין + ויטמין E,מליליטרים,750,"100 מ""ל",false,0,24.90,3.32,true,1,7290016866711
7290016866728,false,מסכת קרטין + ויטמין E,סטייל Style,,מסכת קרטין + ויטמין E,מליליטרים,500,"100 מ""ל",false,0,29.90,5.98,true,1,7290016866728
7290016912463,false,משחת החתלה קמיל בלו Nature,"ד""ר פישר Dr fischer",,משחת החתלה קמיל בלו Nature,גרמים,100,100 גרם,false,0,29.90,29.90,true,1,7290016912463
7290016912494,false,תרחיץ פנים לכל סוגי העור,"ד""ר פישר Dr fischer",,תרחיץ פנים לכל סוגי העור,מליליטרים,180,"100 מ""ל",false,0,17.90,9.94,true,1,7290016912494
7290016912500,false,תרחיץ פנים לעור רגיש,"ד""ר פישר Dr fischer",,תרחיץ פנים לעור רגיש,מליליטרים,180,"100 מ""ל",false,0,17.90,9.94,true,1,7290016912500
7290016912609,false,סרקל מסכת הזנה לשיער לילדים,"ד""ר פישר Dr fischer",,סרקל מסכת הזנה לשיער לילדים,מליליטרים,200,"100 מ""ל",false,0,24.90,12.45,true,1,7290016912609
7290016912616,false,סרקל שמפו לילדים לשיער בהיר - בלונדיני,"ד""ר פישר Dr fischer",,סרקל שמפו לילדים לשיער בהיר - בלונדיני,ליטרים,1,ליטר,false,0,28.90,28.90,true,1,7290016912616
7290016912623,false,סרקל מרכך לילדים לשיער בהיר - בלונדיני,"ד""ר פישר Dr fischer",,סרקל מרכך לילדים לשיער בהיר - בלונדיני,ליטרים,1,ליטר,false,0,28.90,28.90,true,1,7290016912623
7290017012001,false,דאודורנט לעור רגיש בניחוח POWDER,סבוקלם Sebocalm,,דאודורנט לעור רגיש בניחוח POWDER,מליליטרים,70,"100 מ""ל",false,0,39.90,57.00,true,1,7290017012001
7290017012018,false,יאנג מסכת בוץ לטיהור וספיחת עודפי שומן,סבוקלם Sebocalm,,יאנג מסכת בוץ לטיהור וספיחת עודפי שומן,מליליטרים,50,"100 מ""ל",false,0,54.90,109.80,true,1,7290017012018
7290017012070,false,דאודורנט לעור רגיש לגבר,סבוקלם Sebocalm,,דאודורנט לעור רגיש לגבר,מליליטרים,70,"100 מ""ל",false,0,39.90,57.00,true,1,7290017012070
7290017012094,false,מי פנים לעור רגיש,סבוקלם Sebocalm,,מי פנים לעור רגיש,מליליטרים,90,"100 מ""ל",false,0,19.90,22.11,true,1,7290017012094
7290017012100,false,מים מיסלריים לניקוי והסרת איפור,סבוקלם Sebocalm,,מים מיסלריים לניקוי והסרת איפור,מליליטרים,90,"100 מ""ל",false,0,19.90,22.11,true,1,7290017012100
7290017012155,false,אינוביישן קרם עיניים זהב,סבוקלם Sebocalm,,אינוביישן קרם עיניים זהב,מליליטרים,15,"100 מ""ל",false,0,199.90,1332.67,true,1,7290017012155
7290017012261,false,אינוביישן תוסף מרוכז של חומצה היאלרונית,סבוקלם Sebocalm,,אינוביישן תוסף מרוכז של חומצה היאלרונית,מליליטרים,23,"100 מ""ל",false,0,199.90,869.13,true,1,7290017012261
7290017012278,false,אינוביישן תוסף מרוכז של חומצה היאלרונית,סבוקלם Sebocalm,,אינוביישן תוסף מרוכז של חומצה היאלרונית,מליליטרים,8,"100 מ""ל",false,0,79.90,998.75,true,1,7290017012278
7290017012445,false,מסכת בד קולגן למיצוק וגמישות העור,סבוקלם Sebocalm,,מסכת בד קולגן למיצוק וגמישות העור,יחידות,1,יחידה,false,0,19.90,19.90,true,1,7290017012445
7290017012469,false,מסכת בד פפטידים מסייעת לטיפול בקמטים,סבוקלם Sebocalm,,מסכת בד פפטידים מסייעת לטיפול בקמטים,יחידות,1,יחידה,false,0,19.90,19.90,true,1,7290017012469
7290017012506,false,מסכת בד אלוורה להענקת לחות מוגברת והרגעה,סבוקלם Sebocalm,,מסכת בד אלוורה להענקת לחות מוגברת והרגעה,יחידות,1,יחידה,false,0,19.90,19.90,true,1,7290017012506
7290017012520,false,מסכת בד פנינים להארת גוון הפנים,סבוקלם Sebocalm,,מסכת בד פנינים להארת גוון הפנים,יחידות,1,יחידה,false,0,19.90,19.90,true,1,7290017012520
7290017012537,false,מסכת בד במבוק להרגעה ורענון הפנים,סבוקלם Sebocalm,,מסכת בד במבוק להרגעה ורענון הפנים,יחידות,1,יחידה,false,0,19.90,19.90,true,1,7290017012537
7290017012605,false,SEA&SUN קרם הגנה מפני השמש SPF50,סבוקלם Sebocalm,,SEA&SUN קרם הגנה מפני השמש SPF50,מליליטרים,60,"100 מ""ל",false,0,79.90,133.17,true,1,7290017012605
7290017020761,false,פיור וואי HD בטעם עוגיות,פאוארטק Powertech,,פיור וואי HD בטעם עוגיות,גרמים,37,100 גרם,false,0,12.90,34.86,true,1,7290017020761
7290017023212,false,פחית משקה מוגז תפוחים - מארז 4 יח',שוופס Schweppes,,פחית משקה מוגז תפוחים - מארז 4 יח',ליטרים,1,ליטר,false,4,11.90,11.97,true,1,7290017023212
7290017023229,false,פחית משקה מוגז בטעם תות ליים - מארז 4 יח',שוופס Schweppes,,פחית משקה מוגז בטעם תות ליים - מארז 4 יח',ליטרים,1,ליטר,false,4,11.90,11.97,true,1,7290017023229
7290017023236,false,פחית משקה מוגז בטעם ענבים - מארז 4 יח',שוופס Schweppes,,פחית משקה מוגז בטעם ענבים - מארז 4 יח',ליטרים,1,ליטר,false,4,11.90,11.97,true,1,7290017023236
7290017023526,false,משקה מוגז בטעם תפוחים ללא סוכר,שוופס Schweppes,,משקה מוגז בטעם תפוחים ללא סוכר,מליליטרים,330,"100 מ""ל",false,0,5.90,1.79,true,1,7290017023526
7290017023663,false,פחית משקה מוגז לימונייד - מארז 4 יח',שוופס Schweppes,,פחית משקה מוגז לימונייד - מארז 4 יח',ליטרים,1,ליטר,false,4,11.90,11.97,true,1,7290017023663
7290017023854,false,מי סודה בקבוקים אישיים - מארז 4 יח',שוופס Schweppes,,מי סודה בקבוקים אישיים - מארז 4 יח',ליטרים,1,ליטר,false,4,10.90,10.90,true,1,7290017023854
7290017023861,false,סודה בטעם לימון בקבוקים אישיים - מארז 4 יח',שוופס Schweppes,,סודה בטעם לימון בקבוקים אישיים - מארז 4 יח',ליטרים,1,ליטר,false,4,10.90,10.90,true,1,7290017023861
7290017023878,false,סודה בטעם נענע ליים בקבוקים אישיים - מארז 4 יח',שוופס Schweppes,,סודה בטעם נענע ליים בקבוקים אישיים - מארז 4 יח',ליטרים,1,ליטר,false,4,10.90,10.90,true,1,7290017023878
7290017031859,false,משחת שיניים פרודונטקס אולטרה קלין,פרודונטקס Parodontax,,משחת שיניים פרודונטקס אולטרה קלין,מליליטרים,75,"100 מ""ל",false,0,29.90,39.87,true,1,7290017031859
7290017058139,false,מחית תפוחי עץ עם תות שדה,תומר,,מחית תפוחי עץ עם תות שדה,גרמים,452,100 גרם,false,4,9.90,2.19,true,1,7290017058139
7290017058146,false,רסק תפוחי עץ עם אפרסק,תומר,,רסק תפוחי עץ עם אפרסק,גרמים,452,100 גרם,false,4,9.90,2.19,true,1,7290017058146
7290017058160,false,פילה דג אנשובי עם צ'ילי,תומר,,פילה דג אנשובי עם צ'ילי,גרמים,45,100 גרם,false,0,4.90,10.89,true,1,7290017058160
7290017058511,false,ממרח זיתים שחורים יווני,תומר,,ממרח זיתים שחורים יווני,גרמים,200,100 גרם,false,0,11.90,5.95,true,1,7290017058511
7290017058528,false,ממרח זיתים ירוקים יווני,תומר,,ממרח זיתים ירוקים יווני,גרמים,200,100 גרם,false,0,11.90,5.95,true,1,7290017058528
7290017058535,false,ממרח זיתי קלמטה יווני,תומר,,ממרח זיתי קלמטה יווני,גרמים,200,100 גרם,false,0,11.90,5.95,true,1,7290017058535
7290017062105,false,ג'ל אלוורה להרגעה ורענון העור,פרפקט Perfect,,ג'ל אלוורה להרגעה ורענון העור,מליליטרים,200,"100 מ""ל",false,0,14.90,7.45,true,1,7290017062105
7290017062143,false,ספריי שקוף להגנה SPF 30 אריזת חיסכון 50% יותר,פרפקט Perfect,,ספריי שקוף להגנה SPF 30 אריזת חיסכון 50% יותר,מליליטרים,300,"100 מ""ל",false,0,19.90,13.30,true,1,7290017062143
7290017062150,false,ספריי הגנה תחליבי לילדים SPF 30,פרפקט Perfect,,ספריי הגנה תחליבי לילדים SPF 30,מליליטרים,200,"100 מ""ל",false,0,19.90,14.95,true,1,7290017062150
7290017062181,false,אנטי-תוש דוחה יתושים,פרפקט Perfect,,אנטי-תוש דוחה יתושים,,50,,false,0,9.90,29.80,true,1,7290017062181
7290017062242,false,תחליב רחצה Fresh Spa בניחוח מרענן,פרפקט Perfect,,תחליב רחצה Fresh Spa בניחוח מרענן,מליליטרים,700,"100 מ""ל",false,0,9.90,1.41,true,1,7290017062242
7290017062266,false,תחליב רחצה Fresh Spa בניחוח חלב ודבש,פרפקט Perfect,,תחליב רחצה Fresh Spa בניחוח חלב ודבש,מליליטרים,700,"100 מ""ל",false,0,9.90,1.41,true,1,7290017062266
7290017062273,false,תחליב רחצה Fresh Spa בניחוח קוקוס,פרפקט Perfect,,תחליב רחצה Fresh Spa בניחוח קוקוס,מליליטרים,700,"100 מ""ל",false,0,9.90,1.41,true,1,7290017062273
7290017062280,false,תחליב רחצה Fresh Spa בניחוח חלב ושמן זית,פרפקט Perfect,,תחליב רחצה Fresh Spa בניחוח חלב ושמן זית,מליליטרים,700,"100 מ""ל",false,0,9.90,1.41,true,1,7290017062280
7290017065007,false,פרוסות מוצרלה 22% שומן,מחלבות גד,,פרוסות מוצרלה 22% שומן,גרמים,200,100 גרם,false,0,16.90,8.45,true,1,7290017065007
7290017065137,false,גבינת ריקוטה למריחה 5%,מחלבות גד,,גבינת ריקוטה למריחה 5%,גרמים,200,100 גרם,false,0,8.90,4.45,true,1,7290017065137
7290017065144,false,גבינת ריקוטה למריחה בזיליקום 5%,מחלבות גד,,גבינת ריקוטה למריחה בזיליקום 5%,גרמים,200,100 גרם,false,0,8.90,4.45,true,1,7290017065144
7290017065168,false,גבינה בשלה עם עובש כחול 30%,מחלבות גד,,גבינה בשלה עם עובש כחול 30%,גרמים,100,100 גרם,false,0,15.90,15.90,true,1,7290017065168
7290017065212,false,קרם מסקרפונה להקצפה עם זרעי וניל,מחלבות גד,,קרם מסקרפונה להקצפה עם זרעי וניל,גרמים,250,100 גרם,false,0,16.90,6.76,true,1,7290017065212
7290017065236,false,גבינה בולגרית מעודנת 24%,מחלבות גד,,גבינה בולגרית מעודנת 24%,גרמים,250,100 גרם,false,0,21.90,8.76,true,1,7290017065236
7290017065311,false,פרוסות גבינת מוצרלה מעושנת 22%,מחלבות גד,,פרוסות גבינת מוצרלה מעושנת 22%,גרמים,200,100 גרם,false,0,18.90,9.45,true,1,7290017065311
7290017065380,false,גבינת גרנה פדנו שבבים 29%,מחלבות גד,,גבינת גרנה פדנו שבבים 29%,גרמים,100,100 גרם,false,0,13.90,13.90,true,1,7290017065380
7290017065434,false,פרוסות גבינת גאודה 30%,מחלבות גד,,פרוסות גבינת גאודה 30%,גרמים,200,100 גרם,false,0,19.90,9.95,true,1,7290017065434
7290017065441,false,פרוסות גבינת גאודה עיזים 30%,מחלבות גד,,פרוסות גבינת גאודה עיזים 30%,גרמים,200,100 גרם,false,0,29.90,14.95,true,1,7290017065441
7290017065526,false,קוואטרו פורמאג'י 4 גבינות מגוררות 26%,מחלבות גד,,קוואטרו פורמאג'י 4 גבינות מגוררות 26%,גרמים,300,100 גרם,false,0,25.90,8.63,true,1,7290017065526
7290017065588,false,יוגורט יווני 10%,מחלבות גד,,יוגורט יווני 10%,גרמים,600,100 גרם,false,0,15.90,2.65,true,1,7290017065588
7290017065649,false,קרם פטיסייר,מחלבות גד,,קרם פטיסייר,גרמים,250,100 גרם,false,0,19.90,7.96,true,1,7290017065649
7290017065762,false,מאנורי גבינה יוונית לצלייה,מחלבות גד,,מאנורי גבינה יוונית לצלייה,גרמים,100,100 גרם,false,0,10.90,10.90,true,1,7290017065762
7290017079769,false,מחית תפוח עץ ובננה בפאוץ פריטוב קידס,טעמן,,מחית תפוח עץ ובננה בפאוץ פריטוב קידס,גרמים,120,100 גרם,false,0,3.90,3.25,true,1,7290017079769
7290017079776,false,מחית סלט פירות בפאוץ פריטוב קידס,טעמן,,מחית סלט פירות בפאוץ פריטוב קידס,גרמים,120,100 גרם,false,0,3.90,3.25,true,1,7290017079776
7290017079783,false,מחית תפוח עץ בפאוץ פריטוב קידס,טעמן,,מחית תפוח עץ בפאוץ פריטוב קידס,גרמים,120,100 גרם,false,0,3.90,3.25,true,1,7290017079783
7290017079790,false,מחית פירות מעורבים בפאוץ פריטוב קידס,טעמן,,מחית פירות מעורבים בפאוץ פריטוב קידס,גרמים,120,100 גרם,false,0,3.90,3.25,true,1,7290017079790
7290017086064,false,כדורי פלאפל פיקנטי - טבעוני,פיס אוף בין Peas of Bean,,כדורי פלאפל פיקנטי - טבעוני,גרמים,400,100 גרם,false,0,19.90,4.98,true,1,7290017086064
7290017088006,false,מטליות לניקוי וחיטוי אמבטיה ושירותים בניחוח לבנדר,פרפקט Perfect,,מטליות לניקוי וחיטוי אמבטיה ושירותים בניחוח לבנדר,יחידות,50,יחידה,false,0,9.90,0.20,true,1,7290017088006
7290017088051,false,"חיתולי בייביסיטר מידה 3 , 5-9 ק""ג",בייביסיטר Babysitter,,"חיתולי בייביסיטר מידה 3 , 5-9 ק""ג",יחידות,50,יחידה,false,0,34.90,0.70,true,1,7290017088051
7290017088068,false,"חיתולי בייביסיטר מידה 4 , 8-14 ק""ג",בייביסיטר Babysitter,,"חיתולי בייביסיטר מידה 4 , 8-14 ק""ג",יחידות,42,יחידה,false,0,34.90,0.83,true,1,7290017088068
7290017088075,false,"חיתולי בייביסיטר מידה +4 , 10-16 ק""ג",בייביסיטר Babysitter,,"חיתולי בייביסיטר מידה +4 , 10-16 ק""ג",יחידות,40,יחידה,false,0,34.90,0.87,true,1,7290017088075
7290017088082,false,"חיתולי בייביסיטר מידה 5 , 12-19 ק""ג",בייביסיטר Babysitter,,"חיתולי בייביסיטר מידה 5 , 12-19 ק""ג",יחידות,36,יחידה,false,0,34.90,0.97,true,1,7290017088082
7290017088099,false,"חיתולי בייביסיטר מידה 6 , +16 ק""ג",בייביסיטר Babysitter,,"חיתולי בייביסיטר מידה 6 , +16 ק""ג",יחידות,34,יחידה,false,0,34.90,1.03,true,1,7290017088099
7290017088815,false,תחבושות BREEZE נורמל 12 יח',בריז Breeze,,תחבושות BREEZE נורמל 12 יח',יחידות,12,יחידה,false,0,16.90,1.58,true,1,7290017088815
7290017088822,false,תחבושות BREEZE אקסטרה 10 יח',בריז Breeze,,תחבושות BREEZE אקסטרה 10 יח',יחידות,10,יחידה,false,0,16.90,1.89,true,1,7290017088822
7290017088839,false,תחבושות BREEZE אקסטרה פלוס 8 יח',בריז Breeze,,תחבושות BREEZE אקסטרה פלוס 8 יח',יחידות,8,יחידה,false,0,16.90,2.36,true,1,7290017088839
7290017088846,false,תחבושות BREEZE מקסי 8 יח',בריז Breeze,,תחבושות BREEZE מקסי 8 יח',יחידות,8,יחידה,false,0,16.90,2.36,true,1,7290017088846
7290017121048,false,"פלפל צ'ומה ""בפיתה""",עללחם,,"פלפל צ'ומה ""בפיתה""",גרמים,250,100 גרם,false,0,12.90,5.16,true,1,7290017121048
7290017121086,false,אריסה מתוקה ביתית,עללחם,,אריסה מתוקה ביתית,גרמים,250,100 גרם,false,0,12.90,5.16,true,1,7290017121086
7290017121093,false,"אריסה חריפה ""בפיתה""",עללחם,,"אריסה חריפה ""בפיתה""",גרמים,250,100 גרם,false,0,12.90,5.16,true,1,7290017121093
7290017129754,false,אגו שוקולד מריר 70%,כרמית,,אגו שוקולד מריר 70%,גרמים,100,100 גרם,false,0,7.90,7.90,true,1,7290017129754
7290017129761,false,אגו שוקולד מריר 70% בטעם תפוז,כרמית,,אגו שוקולד מריר 70% בטעם תפוז,גרמים,100,100 גרם,false,0,7.90,7.90,true,1,7290017129761
7290017129778,false,אגו שוקולד מריר 70% בטעם קפה,כרמית,,אגו שוקולד מריר 70% בטעם קפה,גרמים,100,100 גרם,false,0,7.90,7.90,true,1,7290017129778
7290017129839,false,אגו שוקולד מריר 70% בטעם פטל,כרמית,,אגו שוקולד מריר 70% בטעם פטל,גרמים,100,100 גרם,false,0,7.90,7.90,true,1,7290017129839
7290017142005,false,שמן קוקוס אורגני כתית מכבישה קרה,עץ הזית,,שמן קוקוס אורגני כתית מכבישה קרה,מליליטרים,320,"100 מ""ל",false,0,23.90,7.47,true,1,7290017142005
7290017142012,false,שמן קוקוס אורגני כתית מכבישה קרה,עץ הזית,,שמן קוקוס אורגני כתית מכבישה קרה,מליליטרים,500,"100 מ""ל",false,0,39.90,7.98,true,1,7290017142012
7290017142029,false,שמן קוקוס אורגני כתית מכבישה קרה,עץ הזית,,שמן קוקוס אורגני כתית מכבישה קרה,ליטרים,1,ליטר,false,0,59.90,59.90,true,1,7290017142029
7290017142128,false,שמן זית כתית מעולה קלאסי,עץ הזית,,שמן זית כתית מעולה קלאסי,מליליטרים,750,"100 מ""ל",false,0,32.90,4.39,true,1,7290017142128
7290017142289,false,תרסיס שמן חמניות מזוכך,עץ הזית,,תרסיס שמן חמניות מזוכך,מליליטרים,200,"100 מ""ל",false,0,12.90,6.45,true,1,7290017142289
7290017142364,false,שמן דלעת לא מזוכך,עץ הזית,,שמן דלעת לא מזוכך,מליליטרים,250,"100 מ""ל",false,0,39.90,15.96,true,1,7290017142364
7290017142371,false,שמן שומשום לא מזוכך,עץ הזית,,שמן שומשום לא מזוכך,מליליטרים,250,"100 מ""ל",false,0,29.90,11.96,true,1,7290017142371
7290017179094,false,קרם לחות משקם לעור מגורה ויבש,צטאפיל Cetaphil,,קרם לחות משקם לעור מגורה ויבש,מליליטרים,295,"100 מ""ל",false,0,99.90,33.86,true,1,7290017179094
7290017179100,false,תחליב לחות טיפולי חדשני לעור יבש- יבש מאוד,צטאפיל Cetaphil,,תחליב לחות טיפולי חדשני לעור יבש- יבש מאוד,גרמים,225,100 גרם,false,0,79.90,35.51,true,1,7290017179100
7290017179124,false,תרחיץ ניקוי משקם לעור מגורה ויבש,צטאפיל Cetaphil,,תרחיץ ניקוי משקם לעור מגורה ויבש,מליליטרים,295,"100 מ""ל",false,0,79.90,27.08,true,1,7290017179124
7290017179421,false,תחליב ניקוי עדין לעור יבש ורגיש - גוף ופנים,צטאפיל Cetaphil,,תחליב ניקוי עדין לעור יבש ורגיש - גוף ופנים,מליליטרים,500,"100 מ""ל",false,0,79.90,15.98,true,1,7290017179421
7290017179476,false,קרם לחות יום לעור אדמומי SPF 30,צטאפיל Cetaphil,,קרם לחות יום לעור אדמומי SPF 30,מליליטרים,50,"100 מ""ל",false,0,99.90,199.80,true,1,7290017179476
7290017197777,false,מגבוני טואלט לחים להיגיינה אישית- מארז שלישייה,פרפקט Perfect,,מגבוני טואלט לחים להיגיינה אישית- מארז שלישייה,יחידות,144,יחידה,false,3,12.90,0.09,true,1,7290017197777
7290017197784,false,מגבונים לחים לעור רגיש ללא בישום - מארז רביעיה,פרפקט Perfect,,מגבונים לחים לעור רגיש ללא בישום - מארז רביעיה,יחידות,288,יחידה,false,4,14.90,0.05,true,1,7290017197784
7290017217086,false,זוג סינרי טטרה עם נשכן,נובי Nuby,,זוג סינרי טטרה עם נשכן,יחידות,2,יחידה,false,0,35.90,17.95,true,1,7290017217086
7290017217710,false,"שיפודי במבוק יקיטורי 15 ס""מ אורך",הוסטס Hostess,,"שיפודי במבוק יקיטורי 15 ס""מ אורך",יחידות,100,יחידה,false,0,7.90,0.08,true,1,7290017217710
7290017218007,false,פרוביוטיק Shape,אלטמן,,פרוביוטיק Shape,יחידות,30,יחידה,false,0,89.90,3.00,true,1,7290017218007
7290017218014,false,"סטילאר קרם מקומי למפרקים, שרירים וגידים",אלטמן,,"סטילאר קרם מקומי למפרקים, שרירים וגידים",מליליטרים,50,"100 מ""ל",false,0,69.90,139.80,true,1,7290017218014
7290017218236,false,קולגן בוסט חומצה היאלורונית,אלטמן,,קולגן בוסט חומצה היאלורונית,יחידות,30,יחידה,false,0,139.90,4.66,true,1,7290017218236
7290017218533,false,רוטס HR - מארז זוג,אלטמן,,רוטס HR - מארז זוג,יחידות,120,יחידה,false,0,129.90,1.08,true,1,7290017218533
7290017218564,false,מגנזיום 520 אלטמן MEN,אלטמן,,מגנזיום 520 אלטמן MEN,יחידות,60,יחידה,false,0,74.90,1.25,true,1,7290017218564
7290017218724,false,כורכום C3 סופט ג'ל,אלטמן,,כורכום C3 סופט ג'ל,יחידות,60,יחידה,false,0,209.90,3.50,true,1,7290017218724
7290017242262,false,tab in gum ויטמין D,סופהרב,,tab in gum ויטמין D,יחידות,30,יחידה,false,0,49.90,1.66,true,1,7290017242262
7290017242279,false,tab in gum מולטי ויטמין לנשים בהריון,סופהרב,,tab in gum מולטי ויטמין לנשים בהריון,יחידות,30,יחידה,false,0,54.90,1.83,true,1,7290017242279
7290017242286,false,"tab in gum ברזל 30 מ""ל בתוספת ויטמין C",סופהרב,,"tab in gum ברזל 30 מ""ל בתוספת ויטמין C",יחידות,30,יחידה,false,0,64.90,2.16,true,1,7290017242286
7290017242293,false,tab in gum ויטמין B12,סופהרב,,tab in gum ויטמין B12,יחידות,30,יחידה,false,0,49.90,1.66,true,1,7290017242293
7290017242309,false,tab in gum חמוציות וויטמין C,סופהרב,,tab in gum חמוציות וויטמין C,יחידות,30,יחידה,false,0,54.90,1.83,true,1,7290017242309
7290017243214,false,ביו- 25 LR,סופהרב,,ביו- 25 LR,יחידות,60,יחידה,false,0,169.90,2.83,true,1,7290017243214
7290017243696,false,ויטמיני C+D בתוספת אבץ,סופהרב,,ויטמיני C+D בתוספת אבץ,יחידות,100,יחידה,false,0,89.90,0.90,true,1,7290017243696
7290017266312,false,וופל Air במילוי קרם בטעם שוקולד,עלמה,,וופל Air במילוי קרם בטעם שוקולד,גרמים,150,100 גרם,false,0,2.90,1.93,true,1,7290017266312
7290017275338,false,טחינה גולמית 100%,טורקיז,,טחינה גולמית 100%,גרמים,500,100 גרם,false,0,10.90,2.78,true,1,7290017275338
7290017285894,false,אולטרסול קרם פנים לילדים SPF 50 בניחוח מלון,"ד""ר פישר Dr fischer",,אולטרסול קרם פנים לילדים SPF 50 בניחוח מלון,מליליטרים,30,"100 מ""ל",false,0,29.90,99.67,true,1,7290017285894
7290017297149,false,גרגירי חומוס להכנת חומוס ביתי,פרי הגליל,,גרגירי חומוס להכנת חומוס ביתי,גרמים,550,100 גרם,false,0,6.90,1.25,true,1,7290017297149
7290017297200,false,לקט ירקות כפרי תוספת לעוף,פרי הגליל,,לקט ירקות כפרי תוספת לעוף,גרמים,800,100 גרם,false,0,14.90,1.86,true,1,7290017297200
7290017297217,false,עדשים ירוקות,פרי הגליל,,עדשים ירוקות,גרמים,800,100 גרם,false,0,14.90,1.86,true,1,7290017297217
7290017297224,false,"שעועית אדומה מושרית, מבושלת ומוקפאת",פרי הגליל,,"שעועית אדומה מושרית, מבושלת ומוקפאת",גרמים,800,100 גרם,false,0,12.90,1.61,true,1,7290017297224
7290017297323,false,רוטב עגבניות מרוכז,טל,,רוטב עגבניות מרוכז,גרמים,100,100 גרם,false,0,1.50,1.50,true,1,7290017297323
7290017297330,false,רוטב עגבניות מרוכז,טל וטרי,,רוטב עגבניות מרוכז,גרמים,240,100 גרם,false,0,3.50,1.46,true,1,7290017297330
7290017297378,false,גרעיני תירס מתוק ללא תוספת סוכר ומלח,פרי הגליל,,גרעיני תירס מתוק ללא תוספת סוכר ומלח,גרמים,550,100 גרם,false,0,6.90,1.25,true,1,7290017297378
7290017297644,false,ברוקולי מוקפא,גרין אנד פרש Green & Fresh,,ברוקולי מוקפא,גרמים,800,100 גרם,false,0,15.90,1.99,true,1,7290017297644
7290017297682,false,כרובית מוקפאת,גרין אנד פרש Green & Fresh,,כרובית מוקפאת,גרמים,800,100 גרם,false,0,14.90,1.86,true,1,7290017297682
7290017325347,false,מקלות בייגלה מקמח כוסמין מלא אורגני,הרדוף,,מקלות בייגלה מקמח כוסמין מלא אורגני,גרמים,350,100 גרם,false,0,16.90,4.83,true,1,7290017325347
7290017325422,false,פריכיות אורז מלא ללא תוספת מלח,הרדוף,,פריכיות אורז מלא ללא תוספת מלח,גרמים,100,100 גרם,false,0,10.90,10.90,true,1,7290017325422
7290017325583,false,קוסקוס כוסמין אורגני,הרדוף,,קוסקוס כוסמין אורגני,גרמים,350,100 גרם,false,0,14.90,4.26,true,1,7290017325583
7290017361253,false,קומקום פלסטיק לבן,המילטון Hemilton,,קומקום פלסטיק לבן,,0,,false,0,59.90,0.00,true,1,7290017361253
7290017399645,false,רגיעון ג'וניור כוכבי לילה,הדס,,רגיעון ג'וניור כוכבי לילה,יחידות,60,יחידה,false,0,39.90,0.67,true,1,7290017399645
7290017399652,false,רגיעון ג'וניור כוכבי יום,הדס,,רגיעון ג'וניור כוכבי יום,יחידות,60,יחידה,false,0,39.90,0.67,true,1,7290017399652
7290017399706,false,דובי'ס סוכריות ג'לי עם ויטמין C ויטמין D ואבץ,פלוריש,,דובי'ס סוכריות ג'לי עם ויטמין C ויטמין D ואבץ,יחידות,60,יחידה,false,0,39.90,0.67,true,1,7290017399706
7290017403274,false,תחתית עגולה לסיר מווטרגרס - קוטר 30 ס״מ,,,תחתית עגולה לסיר מווטרגרס - קוטר 30 ס״מ,,0,,false,0,19.90,0.00,true,1,7290017403274
7290017440231,false,סרקל שמפו לילדים לשיער מתולתל,"ד""ר פישר Dr fischer",,סרקל שמפו לילדים לשיער מתולתל,ליטרים,1,ליטר,false,0,28.90,28.90,true,1,7290017440231
7290017440248,false,סרקל מרכך לילדים לשיער מתולתל,"ד""ר פישר Dr fischer",,סרקל מרכך לילדים לשיער מתולתל,ליטרים,1,ליטר,false,0,28.90,28.90,true,1,7290017440248
7290017440286,false,מרכך קידס ויטמינים,"ד""ר פישר Dr fischer",,מרכך קידס ויטמינים,מליליטרים,750,"100 מ""ל",false,0,16.90,2.25,true,1,7290017440286
7290017440309,false,שמפו קידס ויטמינים,"ד""ר פישר Dr fischer",,שמפו קידס ויטמינים,מליליטרים,750,"100 מ""ל",false,0,16.90,2.25,true,1,7290017440309
7290017440323,false,שמפו + מרכך קידס ויטמינים,"ד""ר פישר Dr fischer",,שמפו + מרכך קידס ויטמינים,מליליטרים,750,"100 מ""ל",false,0,16.90,2.25,true,1,7290017440323
7290017440682,false,שמפו לשיער בהיר-בלונדיני,"ד""ר פישר Dr fischer",,שמפו לשיער בהיר-בלונדיני,מליליטרים,400,"100 מ""ל",false,0,29.90,7.48,true,1,7290017440682
7290017440965,false,אל סבון היגייני לניקוי יסודי ולהזנת העור clean & nourish,"ד""ר פישר Dr fischer",,אל סבון היגייני לניקוי יסודי ולהזנת העור clean & nourish,ליטרים,1,ליטר,false,0,15.90,15.90,true,1,7290017440965
7290017457574,false,כדוריות סבון נתלה לאסלה בניחוח פרחים - 3 יח',סוד,,כדוריות סבון נתלה לאסלה בניחוח פרחים - 3 יח',יחידות,3,יחידה,false,0,19.90,6.63,true,1,7290017457574
7290017457581,false,מרכך כביסה ארומתרפי Coconut Water,סוד,,מרכך כביסה ארומתרפי Coconut Water,מליליטרים,900,"100 מ""ל",false,0,11.90,1.32,true,1,7290017457581
7290017457598,false,מרכך כביסה ארומתרפי Summer Blossom,סוד,,מרכך כביסה ארומתרפי Summer Blossom,מליליטרים,900,"100 מ""ל",false,0,11.90,1.32,true,1,7290017457598
7290017457611,false,ג'ל כביסה בניחוח מרכך ורוד,סוד,,ג'ל כביסה בניחוח מרכך ורוד,ליטרים,3,ליטר,false,0,19.90,7.96,true,1,7290017457611
7290017457703,false,מרכך כביסה מרוכז ארומתרפי צהוב,סוד,,מרכך כביסה מרוכז ארומתרפי צהוב,מליליטרים,900,"100 מ""ל",false,0,11.90,1.32,true,1,7290017457703
7290017457727,false,מרכך כביסה מרוכז Fresh Sky,סוד,,מרכך כביסה מרוכז Fresh Sky,מליליטרים,900,"100 מ""ל",false,0,11.90,1.32,true,1,7290017457727
7290017457734,false,מרכך כביסה מרוכז Wild Rose,סוד,,מרכך כביסה מרוכז Wild Rose,מליליטרים,900,"100 מ""ל",false,0,11.90,1.32,true,1,7290017457734
7290017457925,false,מרכך כביסה מרוכז פרש קונטרול Floral Crisp,סוד,,מרכך כביסה מרוכז פרש קונטרול Floral Crisp,מליליטרים,900,"100 מ""ל",false,0,11.90,1.32,true,1,7290017457925
7290017457932,false,מרכך כביסה מרוכז פרש קונטרול Cool Fresh,סוד,,מרכך כביסה מרוכז פרש קונטרול Cool Fresh,מליליטרים,900,"100 מ""ל",false,0,11.90,1.32,true,1,7290017457932
7290017457949,false,אבקת כביסה סנסיטיב,פרסיל Persil,,אבקת כביסה סנסיטיב,קילוגרמים,3,"ק""ג",false,0,28.90,11.56,true,1,7290017457949
7290017477305,false,זרעי צ'יה,שקדיה,,זרעי צ'יה,גרמים,250,100 גרם,false,0,9.90,3.96,true,1,7290017477305
7290017490519,false,כמוסות חלבון קולגן בתוספת ויטמין C וחומצה הילרונית,Nutri Care נוטרי קאר,,כמוסות חלבון קולגן בתוספת ויטמין C וחומצה הילרונית,יחידות,120,יחידה,false,0,124.90,1.04,true,1,7290017490519
7290017513775,false,בייגלה מצופה שוקולד חלב פליפז Flipz,מקוויטיס McVitie's,,בייגלה מצופה שוקולד חלב פליפז Flipz,גרמים,140,100 גרם,false,0,8.90,6.36,true,1,7290017513775
7290017513782,false,בייגלה מצופה שוקולד מריר פליפז Flipz,מקוויטיס McVitie's,,בייגלה מצופה שוקולד מריר פליפז Flipz,גרמים,140,100 גרם,false,0,8.90,6.36,true,1,7290017513782
7290017513829,false,תה ירוק לימונית ג'ינג'ר עם ויטמינים C ו- D,ויסוצקי ירוק,,תה ירוק לימונית ג'ינג'ר עם ויטמינים C ו- D,גרמים,38,100 גרם,false,0,22.90,61.07,true,1,7290017513829
7290017513850,false,תה ירוק נענע עם ויטמינים C ו- D,ויסוצקי ירוק,,תה ירוק נענע עם ויטמינים C ו- D,גרמים,38,100 גרם,false,0,22.90,61.07,true,1,7290017513850
7290017516295,false,חטיף פרוטאין שוקולד עם אגוזי לוז,פנגיאה,,חטיף פרוטאין שוקולד עם אגוזי לוז,גרמים,50,100 גרם,false,0,9.90,19.80,true,1,7290017516295
7290017516318,false,חטיף פרוטאין בטעם שוקולד,פנגיאה,,חטיף פרוטאין בטעם שוקולד,גרמים,50,100 גרם,false,0,9.90,19.80,true,1,7290017516318
7290017516332,false,חטיף פרוטאין עם חמאת בוטנים,פנגיאה,,חטיף פרוטאין עם חמאת בוטנים,גרמים,50,100 גרם,false,0,9.90,19.80,true,1,7290017516332
7290017516424,false,חטיף בטעם שוקולד עם קוקוס ואגוזי לוז,פנגיאה,,חטיף בטעם שוקולד עם קוקוס ואגוזי לוז,גרמים,300,100 גרם,false,0,29.90,9.97,true,1,7290017516424
7290017516448,false,"חטיף בטעם שוקולד עם קוקוס, תמרים, שקדים וחרוב",פנגיאה,,"חטיף בטעם שוקולד עם קוקוס, תמרים, שקדים וחרוב",גרמים,300,100 גרם,false,0,29.90,9.97,true,1,7290017516448
7290017516479,false,חטיף פרוטאין בטעם וניל וקפה,פנגיאה,,חטיף פרוטאין בטעם וניל וקפה,גרמים,50,100 גרם,false,0,9.90,19.80,true,1,7290017516479
7290017516486,false,חטיף פרוטאין בטעם טרופי,פנגיאה,,חטיף פרוטאין בטעם טרופי,גרמים,50,100 גרם,false,0,9.90,19.80,true,1,7290017516486
7290017516509,false,חטיף פרוטאין בטעם קרמל מלוח,פנגיאה,,חטיף פרוטאין בטעם קרמל מלוח,גרמים,50,100 גרם,false,0,9.90,19.80,true,1,7290017516509
7290017520315,false,ערק מרקש רוזטה שקדים,,,ערק מרקש רוזטה שקדים,מליליטרים,750,"100 מ""ל",false,0,54.90,7.32,true,1,7290017520315
7290017589374,false,יין שרדונה Free Run,סגל Segal,,יין שרדונה Free Run,מליליטרים,750,"100 מ""ל",false,0,55.90,7.99,true,1,7290017589374
7290017589565,false,יין קלאסיק Classic גוורצטרמינר,יקבי ברקן Barkan,,יין קלאסיק Classic גוורצטרמינר,מליליטרים,750,"100 מ""ל",false,0,39.90,5.32,true,1,7290017589565
7290017589633,false,יין רזרב קברנה סוביניון Gold Edition,יקבי ברקן Barkan,,יין רזרב קברנה סוביניון Gold Edition,מליליטרים,750,"100 מ""ל",false,0,59.90,7.99,true,1,7290017589633
7290017599267,false,סוכרלוז 120 שקיות ממתיק שולחני,סוכרזית Sucrazit,,סוכרלוז 120 שקיות ממתיק שולחני,גרמים,120,100 גרם,false,0,23.90,19.92,true,1,7290017599267
7290017617084,false,מיקס שעועית וירקות עם טונה טו גו,סטארקיסט Starkist,,מיקס שעועית וירקות עם טונה טו גו,גרמים,185,100 גרם,false,0,13.90,7.51,true,1,7290017617084
7290017617091,false,מיקס פתיתים וירקות עם טונה טו גו,סטארקיסט Starkist,,מיקס פתיתים וירקות עם טונה טו גו,גרמים,185,100 גרם,false,0,13.90,7.51,true,1,7290017617091
7290017617107,false,מיקס 4 דגנים וירקות עם טונה טו גו,סטארקיסט Starkist,,מיקס 4 דגנים וירקות עם טונה טו גו,גרמים,185,100 גרם,false,0,13.90,7.51,true,1,7290017617107
7290017617282,false,נתחי טונה בהירה בשמן צמחי - מארז 4 יח',יונה,,נתחי טונה בהירה בשמן צמחי - מארז 4 יח',גרמים,560,100 גרם,false,4,17.90,4.09,true,1,7290017617282
7290017619002,false,עציץ מלאכותי,מוסקו,,עציץ מלאכותי,,0,,false,0,59.90,0.00,true,1,7290017619002
7290017619835,false,"סלסלת קש אפורה 23*26*26 ס""מ",מוסקו,,"סלסלת קש אפורה 23*26*26 ס""מ",,0,,false,0,49.90,0.00,true,1,7290017619835
7290017619842,false,"סלסלת קש אפורה 28*32*32 ס""מ",מוסקו,,"סלסלת קש אפורה 28*32*32 ס""מ",,0,,false,0,59.90,0.00,true,1,7290017619842
7290017637426,false,שמפו למניעת קשקשים,מיקי בוגנים,,שמפו למניעת קשקשים,מליליטרים,500,"100 מ""ל",false,0,23.90,4.78,true,1,7290017637426
7290017637532,false,שמפו לשיער בלונד\בהיר,מיקי בוגנים,,שמפו לשיער בלונד\בהיר,מליליטרים,500,"100 מ""ל",false,0,34.90,6.98,true,1,7290017637532
7290017637549,false,מרכך לשיער בלונד\בהיר,מיקי בוגנים,,מרכך לשיער בלונד\בהיר,מליליטרים,500,"100 מ""ל",false,0,34.90,6.98,true,1,7290017637549
7290017637556,false,שמפו לקרקפת שומנית,מיקי בוגנים,,שמפו לקרקפת שומנית,מליליטרים,500,"100 מ""ל",false,0,23.90,4.78,true,1,7290017637556
7290017637563,false,שמפו לתלתלים מושלמים,מיקי בוגנים,,שמפו לתלתלים מושלמים,מליליטרים,500,"100 מ""ל",false,0,23.90,4.78,true,1,7290017637563
7290017637570,false,מרכך לתלתלים מושלמים,מיקי בוגנים,,מרכך לתלתלים מושלמים,מליליטרים,500,"100 מ""ל",false,0,23.90,4.78,true,1,7290017637570
7290017637587,false,קרם לתלתלים מושלמים,מיקי בוגנים,,קרם לתלתלים מושלמים,,200,,false,0,23.90,11.95,true,1,7290017637587
7290017637594,false,שמפו לשיער רגיל,מיקי בוגנים,,שמפו לשיער רגיל,מליליטרים,500,"100 מ""ל",false,0,23.90,4.78,true,1,7290017637594
7290017637600,false,מרכך לשיער רגיל,מיקי בוגנים,,מרכך לשיער רגיל,מליליטרים,500,"100 מ""ל",false,0,23.90,4.78,true,1,7290017637600
7290017637617,false,מסיכת הזנה לשיער רגיל,מיקי בוגנים,,מסיכת הזנה לשיער רגיל,,250,,false,0,27.90,11.16,true,1,7290017637617
7290017637624,false,שמפו לשיער רגיל,מיקי בוגנים,,שמפו לשיער רגיל,מליליטרים,500,"100 מ""ל",false,0,23.90,4.78,true,1,7290017637624
7290017637631,false,מרכך לשיער רגיל,מיקי בוגנים,,מרכך לשיער רגיל,מליליטרים,500,"100 מ""ל",false,0,23.90,4.78,true,1,7290017637631
7290017637648,false,מסיכת הזנה לשיער רגיל,מיקי בוגנים,,מסיכת הזנה לשיער רגיל,,250,,false,0,27.90,11.16,true,1,7290017637648
7290017637655,false,שמפו ללא מלחים,מיקי בוגנים,,שמפו ללא מלחים,מליליטרים,500,"100 מ""ל",false,0,23.90,4.78,true,1,7290017637655
7290017637662,false,שמפו להדגשת גוונים זהובים,מיקי בוגנים,,שמפו להדגשת גוונים זהובים,מליליטרים,500,"100 מ""ל",false,0,23.90,4.78,true,1,7290017637662
7290017637679,false,מרכך להדגשת גוונים זהובים,מיקי בוגנים,,מרכך להדגשת גוונים זהובים,מליליטרים,500,"100 מ""ל",false,0,23.90,4.78,true,1,7290017637679
7290017641744,false,"חטיפי קרח גדולים בטעמי פטל, לימון, ענבים ואננס",כרמית,,"חטיפי קרח גדולים בטעמי פטל, לימון, ענבים ואננס",מליליטרים,800,"100 מ""ל",false,8,5.90,0.74,true,1,7290017641744
7290017675008,false,טחינה גולמית היונה,היונה,,טחינה גולמית היונה,גרמים,900,100 גרם,false,0,19.90,2.21,true,1,7290017675008
7290017677804,false,רוטב סויה קיקומן,קיקומן,,רוטב סויה קיקומן,מליליטרים,444,"100 מ""ל",false,0,19.90,4.48,true,1,7290017677804
7290017697987,false,מעמד אחסון נייר טואלט + מחזיק נייר בצבע קרם,ספאדיני,,מעמד אחסון נייר טואלט + מחזיק נייר בצבע קרם,,0,,false,0,64.90,0.00,true,1,7290017697987
7290017712192,false,פרמיו נתחי פילה עוף לחתול,פרמיו Premio,,פרמיו נתחי פילה עוף לחתול,גרמים,100,100 גרם,false,0,3.90,3.90,true,1,7290017712192
7290017712239,false,פרמיו פטה ועוף לכלב,פרמיו Premio,,פרמיו פטה ועוף לכלב,גרמים,150,100 גרם,false,0,3.90,2.60,true,1,7290017712239
7290017712246,false,פרמיו בקר ולבבות לכלב,פרמיו Premio,,פרמיו בקר ולבבות לכלב,גרמים,150,100 גרם,false,0,3.90,2.60,true,1,7290017712246
7290017712260,false,פרמיו פטה סלמון לכלב,פרמיו Premio,,פרמיו פטה סלמון לכלב,גרמים,150,100 גרם,false,0,3.90,2.60,true,1,7290017712260
7290017712277,false,פרמיו פטה כבש לכלב,פרמיו Premio,,פרמיו פטה כבש לכלב,גרמים,150,100 גרם,false,0,3.90,2.60,true,1,7290017712277
7290017712574,false,הורייזן עוף לחתלתול,הורייזן Horizon,,הורייזן עוף לחתלתול,גרמים,85,100 גרם,false,0,3.90,4.59,true,1,7290017712574
7290017712581,false,הורייזן עוף לחתול מעדן,הורייזן Horizon,,הורייזן עוף לחתול מעדן,גרמים,85,100 גרם,false,0,3.90,4.59,true,1,7290017712581
7290017712598,false,הורייזן סלמון לתול,הורייזן Horizon,,הורייזן סלמון לתול,גרמים,85,100 גרם,false,0,3.90,4.59,true,1,7290017712598
7290017712604,false,הורייזן בקר לחתול מעדן,הורייזן Horizon,,הורייזן בקר לחתול מעדן,גרמים,85,100 גרם,false,0,3.90,4.59,true,1,7290017712604
7290017712659,false,הורייזן עוף לגור כלבים ננסי,הורייזן Horizon,,הורייזן עוף לגור כלבים ננסי,גרמים,100,100 גרם,false,0,3.90,3.90,true,1,7290017712659
7290017712666,false,הורייזן בקר לכלב ננסי,הורייזן Horizon,,הורייזן בקר לכלב ננסי,גרמים,100,100 גרם,false,0,3.90,3.90,true,1,7290017712666
7290017712673,false,הורייזן בקר וכבד לכלב ננסי,הורייזן Horizon,,הורייזן בקר וכבד לכלב ננסי,גרמים,100,100 גרם,false,0,3.90,3.90,true,1,7290017712673
7290017712680,false,הורייזן עוף לכלב ננסי,הורייזן Horizon,,הורייזן עוף לכלב ננסי,גרמים,100,100 גרם,false,0,3.90,3.90,true,1,7290017712680
7290017712697,false,הורייזן בקר ולבבות לכלב בוגר,הורייזן Horizon,,הורייזן בקר ולבבות לכלב בוגר,גרמים,150,100 גרם,false,0,5.90,3.93,true,1,7290017712697
7290017712703,false,הורייזן עוף לכלב בוגר,הורייזן Horizon,,הורייזן עוף לכלב בוגר,גרמים,150,100 גרם,false,0,5.90,3.93,true,1,7290017712703
7290017712710,false,הורייזן סלמון לכלב בוגר 150ג',הורייזן Horizon,,הורייזן סלמון לכלב בוגר 150ג',גרמים,150,100 גרם,false,0,5.90,3.93,true,1,7290017712710
7290017712727,false,פרמיו גור חתולים בקר וכבד,פרמיו Premio,,פרמיו גור חתולים בקר וכבד,גרמים,100,100 גרם,false,0,3.90,3.90,true,1,7290017712727
7290017712734,false,פרמיו לגור חתולים עוף וכבד,פרמיו Premio,,פרמיו לגור חתולים עוף וכבד,גרמים,100,100 גרם,false,0,3.90,3.90,true,1,7290017712734
7290017712758,false,פרמיו סלמון לחתול,פרמיו Premio,,פרמיו סלמון לחתול,גרמים,100,100 גרם,false,0,3.90,3.90,true,1,7290017712758
7290017712765,false,פרימו סלמון ופורל לחתול,פרמיו Premio,,פרימו סלמון ופורל לחתול,גרמים,100,100 גרם,false,0,3.90,3.90,true,1,7290017712765
7290017712772,false,פרמיו ברק וכבד לחתול,פרמיו Premio,,פרמיו ברק וכבד לחתול,גרמים,100,100 גרם,false,0,3.90,3.90,true,1,7290017712772
7290017712796,false,פרמיו סטירליז דג קוד,פרמיו Premio,,פרמיו סטירליז דג קוד,גרמים,100,100 גרם,false,0,3.90,3.90,true,1,7290017712796
7290017712864,false,פרמיו מקלות סלמון לכלב,פרמיו Premio,,פרמיו מקלות סלמון לכלב,גרמים,100,100 גרם,false,0,14.90,14.90,true,1,7290017712864
7290017712932,false,פרמיו כריות בקר לחתול,פרמיו Premio,,פרמיו כריות בקר לחתול,גרמים,60,100 גרם,false,0,9.90,16.50,true,1,7290017712932
7290017712949,false,פרמיו כריות סטרילייז לחתול,פרמיו Premio,,פרמיו כריות סטרילייז לחתול,גרמים,60,100 גרם,false,0,9.90,16.50,true,1,7290017712949
7290017712956,false,פרמיו כריות עוף וגבינה,פרמיו Premio,,פרמיו כריות עוף וגבינה,גרמים,60,100 גרם,false,0,9.90,16.50,true,1,7290017712956
7290017812052,false,יין שיראז קברנה סוביניון אקסלנס Excellence,יקבי כרמל Carmel Winery,,יין שיראז קברנה סוביניון אקסלנס Excellence,מליליטרים,750,"100 מ""ל",false,0,24.90,3.32,true,1,7290017812052
7290017812069,false,יין אמרלד ריזלינג שרדונה אקסלנס Excellence,יקבי כרמל Carmel Winery,,יין אמרלד ריזלינג שרדונה אקסלנס Excellence,מליליטרים,750,"100 מ""ל",false,0,24.90,3.32,true,1,7290017812069
7290017812373,false,יין שרדונה לבן יבש פרייבט קולקשן - בקבוק אישי,יקבי כרמל Carmel Winery,,יין שרדונה לבן יבש פרייבט קולקשן - בקבוק אישי,מליליטרים,375,"100 מ""ל",false,0,17.90,4.77,true,1,7290017812373
7290017812571,false,תירוש כרמל מיץ ענבים אדום,יקבי כרמל Carmel Winery,,תירוש כרמל מיץ ענבים אדום,ליטרים,1,ליטר,false,0,19.90,19.90,true,1,7290017812571
7290017812588,false,תירוש כרמל מיץ ענבים לבן,יקבי כרמל Carmel Winery,,תירוש כרמל מיץ ענבים לבן,ליטרים,1,ליטר,false,0,19.90,19.90,true,1,7290017812588
7290017812595,false,יין ישן נושן לייט,יקבי כרמל Carmel Winery,,יין ישן נושן לייט,מליליטרים,750,"100 מ""ל",false,0,18.90,2.52,true,1,7290017812595
7290017812656,false,תירוש מבעבע מיץ ענבים מבעבע אדום,יקבי כרמל Carmel Winery,,תירוש מבעבע מיץ ענבים מבעבע אדום,מליליטרים,750,"100 מ""ל",false,0,19.90,2.65,true,1,7290017812656
7290017871431,false,חטיף תמרים אגוזי לוז וחמוציות ללא תוספת סוכר,טוסו tusso,,חטיף תמרים אגוזי לוז וחמוציות ללא תוספת סוכר,גרמים,140,100 גרם,false,0,16.90,12.07,true,1,7290017871431
7290017871462,false,חטיף פיצפוצי אורז מצופה שוקולד מריר ללא תוספת סוכר,טוסו tusso,,חטיף פיצפוצי אורז מצופה שוקולד מריר ללא תוספת סוכר,גרמים,140,100 גרם,false,0,16.90,12.07,true,1,7290017871462
7290017871554,false,חטיף תמרים ושברי קקאו ללא גלוטן,טוסו tusso,,חטיף תמרים ושברי קקאו ללא גלוטן,גרמים,140,100 גרם,false,0,16.90,12.07,true,1,7290017871554
7290017871707,false,חטיף פיצפוצי אורז וקוקוס מצופה שוקולד מריר ללא תוספת סוכר,טוסו tusso,,חטיף פיצפוצי אורז וקוקוס מצופה שוקולד מריר ללא תוספת סוכר,גרמים,140,100 גרם,false,0,16.90,12.07,true,1,7290017871707
7290017872179,false,עוגיות טחינה ללא תוספת סוכר,טוסו tusso,,עוגיות טחינה ללא תוספת סוכר,גרמים,200,100 גרם,false,0,14.90,7.45,true,1,7290017872179
7290017872186,false,עוגיות פקאן ללא תוספת סוכר,טוסו tusso,,עוגיות פקאן ללא תוספת סוכר,גרמים,200,100 גרם,false,0,14.90,7.45,true,1,7290017872186
7290017872193,false,עוגיות שקדים וקינמון ללא תוספת סוכר,טוסו tusso,,עוגיות שקדים וקינמון ללא תוספת סוכר,גרמים,200,100 גרם,false,0,14.90,7.45,true,1,7290017872193
7290017872230,false,מגבונים לחים בניחוח מרענן בדיספנסר,פרש וואנס Fresh Ones,,מגבונים לחים בניחוח מרענן בדיספנסר,יחידות,100,יחידה,false,0,7.90,0.08,true,1,7290017872230
7290017888019,false,משקה קל תפוח סלק רימון ג'ינג'ר,פרוט אנד וג' Fruit & Veg,,משקה קל תפוח סלק רימון ג'ינג'ר,מליליטרים,350,"100 מ""ל",false,0,6.50,1.86,true,1,7290017888019
7290017888026,false,משקה קל אננס תפוח גזר,פרוט אנד וג' Fruit & Veg,,משקה קל אננס תפוח גזר,מליליטרים,350,"100 מ""ל",false,0,6.50,1.86,true,1,7290017888026
7290017888033,false,משקה קל בננה מלון נענע,פרוט אנד וג' Fruit & Veg,,משקה קל בננה מלון נענע,מליליטרים,350,"100 מ""ל",false,0,6.50,1.86,true,1,7290017888033
7290017888644,false,משקה בטעם אננס בננה כורכום,פרוט אנד וג' Fruit & Veg,,משקה בטעם אננס בננה כורכום,מליליטרים,350,"100 מ""ל",false,0,6.50,1.86,true,1,7290017888644
7290017888729,false,מי סודה,שוופס Schweppes,,מי סודה,ליטרים,1,ליטר,false,0,3.90,3.90,true,1,7290017888729
7290017888972,false,מי עדן פקק ספורט 1 ל',מי עדן,,מי עדן פקק ספורט 1 ל',ליטרים,1,ליטר,false,0,4.90,4.90,true,1,7290017888972
7290017907208,false,תערובת קמח רב תכליתי לנמנעים מגלוטן,תמי,,תערובת קמח רב תכליתי לנמנעים מגלוטן,גרמים,500,100 גרם,false,0,18.90,3.78,true,1,7290017907208
7290017907222,false,תערובת קמח תופח לנמנעים מגלוטן,תמי,,תערובת קמח תופח לנמנעים מגלוטן,גרמים,500,100 גרם,false,0,18.90,3.78,true,1,7290017907222
7290017907239,false,תערובת לעוגת שוקולד,תמי,,תערובת לעוגת שוקולד,גרמים,450,100 גרם,false,0,18.90,4.20,true,1,7290017907239
7290017907246,false,סולת מאורז לנמנעים מגלוטן,תמי,,סולת מאורז לנמנעים מגלוטן,גרמים,300,100 גרם,false,0,15.90,5.30,true,1,7290017907246
7290017907253,false,פתיתים מאורז לנמנעים מגלוטן,תמי,,פתיתים מאורז לנמנעים מגלוטן,גרמים,300,100 גרם,false,0,15.90,5.30,true,1,7290017907253
7290017907260,false,תערובת להכנת כדורי פלאפל לנמנעים מגלוטן,תמי,,תערובת להכנת כדורי פלאפל לנמנעים מגלוטן,גרמים,300,100 גרם,false,0,15.90,5.30,true,1,7290017907260
7290017917382,false,אל סבון היגייני לניקוי יסודי ולהרגע העור clean & calm,"ד""ר פישר Dr fischer",,אל סבון היגייני לניקוי יסודי ולהרגע העור clean & calm,ליטרים,1,ליטר,false,0,15.90,15.90,true,1,7290017917382
7290017917399,false,מגבונים לסיוע בטיפול ובמניעת תפרחת חיתולים קמיל בלו,"ד""ר פישר Dr fischer",,מגבונים לסיוע בטיפול ובמניעת תפרחת חיתולים קמיל בלו,יחידות,100,יחידה,false,0,11.90,0.15,true,1,7290017917399
7290017917450,false,קמיל בלו סנסטיב אל סבון ושמפו,"ד""ר פישר Dr fischer",,קמיל בלו סנסטיב אל סבון ושמפו,ליטרים,1,ליטר,false,0,24.90,32.90,true,1,7290017917450
7290017917467,false,אל סבון טיפולי לתינוק קמיל בלו שיבולת שועל,"ד""ר פישר Dr fischer",,אל סבון טיפולי לתינוק קמיל בלו שיבולת שועל,ליטרים,1,ליטר,false,0,24.90,32.90,true,1,7290017917467
7290017928036,false,גריסיני עם שומשום,מאיר בייגל,,גריסיני עם שומשום,גרמים,175,100 גרם,false,0,9.90,6.80,true,1,7290017928036
7290017928043,false,גריסיני קראנץ' עם מלח,מאיר בייגל,,גריסיני קראנץ' עם מלח,גרמים,175,100 גרם,false,0,9.90,6.80,true,1,7290017928043
7290017928098,false,בייגלה שטוחל'ה עם מלח,מאיר בייגל,,בייגלה שטוחל'ה עם מלח,גרמים,300,100 גרם,false,0,9.90,3.97,true,1,7290017928098
7290017928210,false,בייגלה גדול עם שומשום,מאיר בייגל,,בייגלה גדול עם שומשום,גרמים,250,100 גרם,false,0,9.90,4.76,true,1,7290017928210
7290017928227,false,"בייגלה שטוח'לה פינוקים שומשום, קצח, שום ובצל",מאיר בייגל,,"בייגלה שטוח'לה פינוקים שומשום, קצח, שום ובצל",גרמים,300,100 גרם,false,0,9.90,3.97,true,1,7290017928227
7290017928272,false,בייגלה שטוחל'ה PRO עם שומשום עשיר בחלבון,מאיר בייגל,,בייגלה שטוחל'ה PRO עם שומשום עשיר בחלבון,גרמים,170,100 גרם,false,0,9.90,7.00,true,1,7290017928272
7290017928432,false,גריסיני קראנץ' עם פרג,מאיר בייגל,,גריסיני קראנץ' עם פרג,גרמים,175,100 גרם,false,0,9.90,6.80,true,1,7290017928432
7290017928463,false,"שברי בייגלה בטעם דבש, חרדל ובצל",מאיר בייגל,,"שברי בייגלה בטעם דבש, חרדל ובצל",גרמים,300,100 גרם,false,0,9.90,4.30,true,1,7290017928463
7290017928524,false,בייגלה שטוחל'ה ניגובים עם מלח,מאיר בייגל,,בייגלה שטוחל'ה ניגובים עם מלח,גרמים,330,100 גרם,false,0,9.90,3.61,true,1,7290017928524
7290017928609,false,בייגלה טבעות עם שומשום,מאיר בייגל,,בייגלה טבעות עם שומשום,גרמים,300,100 גרם,false,0,9.90,3.97,true,1,7290017928609
7290017928616,false,בייגלה שטוחל'ה שומשום,מאיר בייגל,,בייגלה שטוחל'ה שומשום,גרמים,300,100 גרם,false,0,9.90,3.97,true,1,7290017928616
7290017928630,false,"גריסיני קראנץ' פינוקים שומשום, קצח, שום ובצל",מאיר בייגל,,"גריסיני קראנץ' פינוקים שומשום, קצח, שום ובצל",גרמים,175,100 גרם,false,0,9.90,6.80,true,1,7290017928630
7290017928661,false,שברי בייגלה בטעם צ'דר,מאיר בייגל,,שברי בייגלה בטעם צ'דר,גרמים,300,100 גרם,false,0,9.90,4.30,true,1,7290017928661
7290017928685,false,בייגלה שמיניות עם מלח,מאיר בייגל,,בייגלה שמיניות עם מלח,גרמים,400,100 גרם,false,0,9.90,2.98,true,1,7290017928685
7290017928722,false,בייגלה שטוחל'ה ניגובים עם שומשום,מאיר בייגל,,בייגלה שטוחל'ה ניגובים עם שומשום,גרמים,300,100 גרם,false,0,9.90,3.97,true,1,7290017928722
7290017928807,false,בייגלה אצבעות עם שומשום,מאיר בייגל,,בייגלה אצבעות עם שומשום,גרמים,300,100 גרם,false,0,9.90,3.97,true,1,7290017928807
7290017928821,false,גריסיני קלאסי,מאיר בייגל,,גריסיני קלאסי,גרמים,200,100 גרם,false,0,9.90,5.95,true,1,7290017928821
7290017946764,false,מנקה מכונת כביסה K2r,הנקל Henkel,,מנקה מכונת כביסה K2r,יחידות,2,יחידה,false,0,19.90,9.95,true,1,7290017946764
7290017946979,false,ג'ל כביסה מנטרל ריחות Deep Clean,פרסיל Persil,,ג'ל כביסה מנטרל ריחות Deep Clean,ליטרים,2,ליטר,false,0,29.90,14.54,true,1,7290017946979
7290017997735,false,בר-מן מיכל שתיה 3.5 ל',ספאדיני,,בר-מן מיכל שתיה 3.5 ל',,0,,false,0,79.90,0.00,true,1,7290017997735
7290017997742,false,בר-מן מיכל שתיה 10 ל',ספאדיני,,בר-מן מיכל שתיה 10 ל',,0,,false,0,139.90,0.00,true,1,7290017997742
7290018080061,false,מברשת אצבע דו צדדית מסיליקון,מאמי קר Mommy Care,,מברשת אצבע דו צדדית מסיליקון,,0,,false,0,19.90,0.00,true,1,7290018080061
7290018080252,false,משחת החתלה טיפולית,מאמי קר Mommy Care,,משחת החתלה טיפולית,מליליטרים,80,"100 מ""ל",false,0,34.90,43.63,true,1,7290018080252
7290018080276,false,רפידות הנקה חד פעמיות - 60 יח',מאמי קר Mommy Care,,רפידות הנקה חד פעמיות - 60 יח',יחידות,60,יחידה,false,0,49.90,0.83,true,1,7290018080276
7290018080511,false,שמפו קמומיל עדין לתינוק,מאמי קר Mommy Care,,שמפו קמומיל עדין לתינוק,מליליטרים,400,"100 מ""ל",false,0,39.90,9.98,true,1,7290018080511
7290018091074,false,בצק עוגיות שוקולד צ'יפס - קפוא,מעדנות,,בצק עוגיות שוקולד צ'יפס - קפוא,גרמים,300,100 גרם,false,0,19.90,6.63,true,1,7290018091074
7290018091081,false,מאפה פילו תרד וגבינה,מעדנות,,מאפה פילו תרד וגבינה,גרמים,320,100 גרם,false,0,20.90,6.53,true,1,7290018091081
7290018091234,false,פיצה מקסיקנית עם 100% מוצרלה,מעדנות,,פיצה מקסיקנית עם 100% מוצרלה,גרמים,270,100 גרם,false,0,13.90,5.15,true,1,7290018091234
7290018091272,false,בצק עוגיות טריפל שוקולד צ'יפס - קפוא,מעדנות,,בצק עוגיות טריפל שוקולד צ'יפס - קפוא,גרמים,300,100 גרם,false,0,19.90,6.63,true,1,7290018091272
7290018091821,false,פיצה נפוליטנה עם 100% מוצרלה,מעדנות,,פיצה נפוליטנה עם 100% מוצרלה,גרמים,210,100 גרם,false,0,13.90,6.62,true,1,7290018091821
7290018091876,false,מאפה פילו גבינה,מעדנות,,מאפה פילו גבינה,גרמים,320,100 גרם,false,0,18.90,5.91,true,1,7290018091876
7290018144350,false,מד לחץ דם TMB-1776,דין דיאגנוסטיקה,,מד לחץ דם TMB-1776,,0,,false,0,139.00,0.00,true,1,7290018144350
7290018156483,false,סרקל שמפו קיץ מסייע בטיפול בנזקי הקיץ והכלור,"ד""ר פישר Dr fischer",,סרקל שמפו קיץ מסייע בטיפול בנזקי הקיץ והכלור,מליליטרים,750,"100 מ""ל",false,0,24.90,3.32,true,1,7290018156483
7290018156490,false,סרקל מרכך קיץ מסייע בטיפול בנזקי הקיץ והכלור,"ד""ר פישר Dr fischer",,סרקל מרכך קיץ מסייע בטיפול בנזקי הקיץ והכלור,מליליטרים,750,"100 מ""ל",false,0,24.90,3.32,true,1,7290018156490
7290018195345,false,שמן קנולה מזוכך,טעים,,שמן קנולה מזוכך,ליטרים,1,ליטר,false,0,9.90,9.90,true,1,7290018195345
7290018198209,false,צ'יפס בטטה קראנצ'י,תפוגן,,צ'יפס בטטה קראנצ'י,גרמים,500,100 גרם,false,0,17.90,3.58,true,1,7290018198209
7290018198254,false,קריספי פוטטוס לתנור,תפוגן,,קריספי פוטטוס לתנור,קילוגרמים,1,"ק""ג",false,0,22.90,18.32,true,1,7290018198254
7290018228111,false,עציץ תיכוני מלאכותי,מוסקו,,עציץ תיכוני מלאכותי,,0,,false,0,139.90,0.00,true,1,7290018228111
7290018228616,false,סלסלת יקינטון גבוהה,,,סלסלת יקינטון גבוהה,,0,,false,0,99.90,0.00,true,1,7290018228616
7290018237922,false,שניצלונים בציפוי צ'יפס,עוף טוב,,שניצלונים בציפוי צ'יפס,גרמים,700,100 גרם,false,0,19.90,2.84,true,1,7290018237922
7290018241141,false,עציץ סחלב מלאכותי,אליס אריזות,,עציץ סחלב מלאכותי,,0,,false,0,69.90,0.00,true,1,7290018241141
7290018249123,false,אינסטנט פודינג סוויטאנגו בטעם וניל,סוויטאנגו Sweetango,,אינסטנט פודינג סוויטאנגו בטעם וניל,גרמים,50,100 גרם,false,0,11.90,23.80,true,1,7290018249123
7290018249222,false,אבקת ממתיק סוויטאנגו,סוויטאנגו Sweetango,,אבקת ממתיק סוויטאנגו,גרמים,100,100 גרם,false,0,14.90,14.90,true,1,7290018249222
7290018249802,false,ממתיק סוויטאנגו,סוויטאנגו Sweetango,,ממתיק סוויטאנגו,גרמים,280,100 גרם,false,0,26.90,9.61,true,1,7290018249802
7290018249994,false,ממתיק סוויטאנגו אריזת חיסכון,סוויטאנגו Sweetango,,ממתיק סוויטאנגו אריזת חיסכון,גרמים,700,100 גרם,false,0,56.90,8.13,true,1,7290018249994
7290018282441,false,ג'ל 70% אלכוהול מועשר באלוורה,ויש Vish,,ג'ל 70% אלכוהול מועשר באלוורה,מליליטרים,500,"100 מ""ל",false,0,14.90,2.98,true,1,7290018282441
7290018282830,false,ג'ל 70% אלכוהול מועשר באלוורה,ויש Vish,,ג'ל 70% אלכוהול מועשר באלוורה,מליליטרים,100,"100 מ""ל",false,0,7.90,7.90,true,1,7290018282830
7290018294352,false,ארק כרמל,יקבי כרמל Carmel Winery,,ארק כרמל,מליליטרים,700,"100 מ""ל",false,0,59.90,8.56,true,1,7290018294352
7290018294369,false,תירוש כרמל מיץ ענבים,יקבי כרמל Carmel Winery,,תירוש כרמל מיץ ענבים,מליליטרים,700,"100 מ""ל",false,0,13.90,1.99,true,1,7290018294369
7290018294895,false,יין לבן חצי מתוק מונלייט,יקבי כרמל Carmel Winery,,יין לבן חצי מתוק מונלייט,מליליטרים,750,"100 מ""ל",false,0,34.90,4.65,true,1,7290018294895
7290018294901,false,יין מונלייט אדום יבש,יקבי כרמל Carmel Winery,,יין מונלייט אדום יבש,מליליטרים,750,"100 מ""ל",false,0,34.90,4.65,true,1,7290018294901
7290018294918,false,יין מונלייט סמוק מבעבע מענבי מוסקט,יקבי כרמל Carmel Winery,,יין מונלייט סמוק מבעבע מענבי מוסקט,מליליטרים,750,"100 מ""ל",false,0,34.90,4.65,true,1,7290018294918
7290018308844,false,טורינו מט -מדף מלבני דו קומתי ג'מבו,ספאדיני,,טורינו מט -מדף מלבני דו קומתי ג'מבו,,0,,false,0,124.90,0.00,true,1,7290018308844
7290018333945,false,חטיף אגוזים שקדים וניל - מארז 5 חטיפים,רפאלס,,חטיף אגוזים שקדים וניל - מארז 5 חטיפים,גרמים,150,100 גרם,false,0,14.90,9.93,true,1,7290018333945
7290018333952,false,חטיף אגוזים וחמוציות - מארז 5 חטיפים,רפאלס,,חטיף אגוזים וחמוציות - מארז 5 חטיפים,גרמים,150,100 גרם,false,0,14.90,9.93,true,1,7290018333952
7290018333969,false,חטיף גרנולה שקדים וטחינה - מארז 5 חטיפים,רפאלס,,חטיף גרנולה שקדים וטחינה - מארז 5 חטיפים,גרמים,150,100 גרם,false,0,14.90,9.93,true,1,7290018333969
7290018333976,false,חטיף גרנולה קשיו קוקוס - מארז 5 חטיפים,רפאלס,,חטיף גרנולה קשיו קוקוס - מארז 5 חטיפים,גרמים,150,100 גרם,false,0,14.90,9.93,true,1,7290018333976
7290018339077,false,ריקו טורטליני עוף 100% חיטת דורום,פסטה ריקו Pasta Ricco,,ריקו טורטליני עוף 100% חיטת דורום,גרמים,300,100 גרם,false,0,29.90,9.97,true,1,7290018339077
7290018339084,false,ריקו טורטליני ראגו 100% חיטת דורום,פסטה ריקו Pasta Ricco,,ריקו טורטליני ראגו 100% חיטת דורום,גרמים,300,100 גרם,false,0,29.90,9.97,true,1,7290018339084
7290018339091,false,ריקו אניולוטי ראגו 100% חיטת דורום,פסטה ריקו Pasta Ricco,,ריקו אניולוטי ראגו 100% חיטת דורום,גרמים,300,100 גרם,false,0,29.90,9.97,true,1,7290018339091
7290018359860,false,רסק עגבניות ליקופן - מארז זוג,יכין,,רסק עגבניות ליקופן - מארז זוג,גרמים,400,100 גרם,false,2,12.90,3.23,true,1,7290018359860
7290018359877,false,רסק עגבניות טבעי מארז שלישייה,יכין,,רסק עגבניות טבעי מארז שלישייה,גרמים,600,100 גרם,false,3,12.90,2.15,true,1,7290018359877
7290018380246,false,שימורי מזון מלא לכלבים בוגרים עםבקר,באדי Buddy,,שימורי מזון מלא לכלבים בוגרים עםבקר,גרמים,415,100 גרם,false,0,3.90,0.94,true,1,7290018380246
7290018380253,false,שימורי מזון מלא לכלבים בוגרים עם עוף,באדי Buddy,,שימורי מזון מלא לכלבים בוגרים עם עוף,גרמים,415,100 גרם,false,0,3.90,0.94,true,1,7290018380253
7290018380277,false,שימורים מזון מלא לכלבים בוגרים עם בשר אייל,באדי Buddy,,שימורים מזון מלא לכלבים בוגרים עם בשר אייל,גרמים,415,100 גרם,false,0,3.90,0.94,true,1,7290018380277
7290018380284,false,שימורי מזון מלא לחתולים עם בקר,באדי Buddy,,שימורי מזון מלא לחתולים עם בקר,גרמים,415,100 גרם,false,0,3.90,0.94,true,1,7290018380284
7290018380291,false,שימורי מזון מלא לחתולים עם עוף,באדי Buddy,,שימורי מזון מלא לחתולים עם עוף,גרמים,415,100 גרם,false,0,3.90,0.94,true,1,7290018380291
7290018380307,false,שימורי מזון מלא לחתולים עם כבד,באדי Buddy,,שימורי מזון מלא לחתולים עם כבד,גרמים,415,100 גרם,false,0,3.90,0.94,true,1,7290018380307
7290018380314,false,שימורי מזון מלא לחתולים עם דגים,באדי Buddy,,שימורי מזון מלא לחתולים עם דגים,גרמים,415,100 גרם,false,0,3.90,0.94,true,1,7290018380314
7290018380321,false,שימורי מזון מלא לחתולים עם בשר אייל,באדי Buddy,,שימורי מזון מלא לחתולים עם בשר אייל,גרמים,415,100 גרם,false,0,3.90,0.94,true,1,7290018380321
7290018400036,false,חגיגת טעמים כתומים,סנפרוסט,,חגיגת טעמים כתומים,גרמים,800,100 גרם,false,0,24.90,3.11,true,1,7290018400036
7290018439012,false,ביוטי קולגן H – קרם לחות לפנים אנטי אייג’ינג,Nutri Care נוטרי קאר,,ביוטי קולגן H – קרם לחות לפנים אנטי אייג’ינג,מליליטרים,50,"100 מ""ל",false,0,99.90,199.80,true,1,7290018439012
7290018439029,false,סוכריות ג'לי ויטמין C בטעם תפוז,Nutri Care נוטרי קאר,,סוכריות ג'לי ויטמין C בטעם תפוז,יחידות,60,יחידה,false,0,39.90,0.67,true,1,7290018439029
7290018439036,false,סוכריות ג'לי מולטי ויטמין בטעם ענבים,Nutri Care נוטרי קאר,,סוכריות ג'לי מולטי ויטמין בטעם ענבים,יחידות,60,יחידה,false,0,39.90,0.67,true,1,7290018439036
7290018440070,false,תרכיז עגבניות בשפורפרת,בלה איטליה Bella Italia,,תרכיז עגבניות בשפורפרת,גרמים,200,100 גרם,false,0,7.90,3.95,true,1,7290018440070
7290018440193,false,בייגלה בציפוי חמאת בוטנים פליפס Flipz,מקוויטיס McVitie's,,בייגלה בציפוי חמאת בוטנים פליפס Flipz,גרמים,140,100 גרם,false,0,8.90,6.36,true,1,7290018440193
7290018440209,false,בייגלה בציפוי פאדג' לבן פליפז Flipz,מקוויטיס McVitie's,,בייגלה בציפוי פאדג' לבן פליפז Flipz,גרמים,140,100 גרם,false,0,8.90,6.36,true,1,7290018440209
7290018440223,false,חווית הצ'אי- מסאלה עוצמתי,ויסוצקי,,חווית הצ'אי- מסאלה עוצמתי,גרמים,50,100 גרם,false,0,19.90,39.80,true,1,7290018440223
7290018440230,false,חווית הצ'אי- ורדים,ויסוצקי,,חווית הצ'אי- ורדים,גרמים,50,100 גרם,false,0,19.90,39.80,true,1,7290018440230
7290018440247,false,חווית הצ'אי- שקדים,ויסוצקי,,חווית הצ'אי- שקדים,גרמים,50,100 גרם,false,0,19.90,39.80,true,1,7290018440247
7290018440254,false,חווית הצ'אי- קרמל מלוח,ויסוצקי,,חווית הצ'אי- קרמל מלוח,גרמים,50,100 גרם,false,0,19.90,39.80,true,1,7290018440254
7290018440384,false,תה ירוק מאטה בטעם לימון ונענע,ויסוצקי,,תה ירוק מאטה בטעם לימון ונענע,גרמים,38,100 גרם,false,0,22.90,61.07,true,1,7290018440384
7290018440391,false,"תה ירוק מאטה, נענע וגוארנה",ויסוצקי,,"תה ירוק מאטה, נענע וגוארנה",גרמים,38,100 גרם,false,0,22.90,61.07,true,1,7290018440391
7290018440407,false,תה ירוק מאטה בטעם קקאו ואגוזי לוז,ויסוצקי,,תה ירוק מאטה בטעם קקאו ואגוזי לוז,גרמים,38,100 גרם,false,0,22.90,61.07,true,1,7290018440407
7290018440483,false,פליפז קרמל מלוח ושוקולד,פליפז Flipz,,פליפז קרמל מלוח ושוקולד,גרמים,140,100 גרם,false,0,8.90,6.36,true,1,7290018440483
7290018440896,false,חליטת צמחים ג'ינג'ר וכורכום - אפקט הג'ינג'ר,ויסוצקי,,חליטת צמחים ג'ינג'ר וכורכום - אפקט הג'ינג'ר,גרמים,50,100 גרם,false,0,17.90,35.80,true,1,7290018440896
7290018468302,false,נקניקיות טבעוניות בסגנון מרגז,טירת צבי,,נקניקיות טבעוניות בסגנון מרגז,גרמים,400,100 גרם,false,0,39.90,9.98,true,1,7290018468302
7290018468319,false,נקניקיות טבעוניות בסגנון צ'וריסוס,טירת צבי,,נקניקיות טבעוניות בסגנון צ'וריסוס,גרמים,400,100 גרם,false,0,39.90,9.98,true,1,7290018468319
7290018468326,false,נקניקיות טבעוניות בסגנון אמריקאי,טירת צבי,,נקניקיות טבעוניות בסגנון אמריקאי,גרמים,400,100 גרם,false,0,39.90,9.98,true,1,7290018468326
7290018471029,false,"סודה בטעם לימון - מארז 6 בקבוקים 500 מ""ל",שוופס Schweppes,,"סודה בטעם לימון - מארז 6 בקבוקים 500 מ""ל",ליטרים,3,ליטר,false,6,14.90,4.97,true,1,7290018471029
7290018471180,false,פרוט&ווג' אננס תפוח גז,פרוט אנד וג' Fruit & Veg,,פרוט&ווג' אננס תפוח גז,ליטרים,1,ליטר,false,0,12.90,1290.00,true,1,7290018471180
7290018471197,false,פרוט&ווג' תפוח בננה מלון נענע,פרוט אנד וג' Fruit & Veg,,פרוט&ווג' תפוח בננה מלון נענע,ליטרים,1,ליטר,false,0,12.90,1290.00,true,1,7290018471197
7290018471210,false,ספרינג אגס תפוח סברס,ספרינג,,ספרינג אגס תפוח סברס,ליטרים,1,ליטר,false,0,6.60,6.60,true,1,7290018471210
7290018471395,false,פרוט&ווג' תפוח סלק רימון ג'ינג'ר,פרוט אנד וג' Fruit & Veg,,פרוט&ווג' תפוח סלק רימון ג'ינג'ר,ליטרים,1,ליטר,false,0,12.90,1290.00,true,1,7290018471395
7290018471401,false,פרוט&ווג' אננס בננה כורכום,פרוט אנד וג' Fruit & Veg,,פרוט&ווג' אננס בננה כורכום,ליטרים,1,ליטר,false,0,12.90,1290.00,true,1,7290018471401
7290018471449,false,ספרינג שייק בננה תמר תפוז,ספרינג,,ספרינג שייק בננה תמר תפוז,ליטרים,1,ליטר,false,0,12.60,12.60,true,1,7290018471449
7290018471456,false,ספרינג שייק אננס מנגו פסיפלורה,ספרינג,,ספרינג שייק אננס מנגו פסיפלורה,ליטרים,1,ליטר,false,0,12.60,12.60,true,1,7290018471456
7290018471463,false,תפוזינה enjoy נקטר תפוז מנגו,תפוזינה,,תפוזינה enjoy נקטר תפוז מנגו,ליטרים,1,ליטר,false,0,6.60,6.60,true,1,7290018471463
7290018471470,false,תפוזינה enjoy נקטר תפוז פסיפלורה,תפוזינה,,תפוזינה enjoy נקטר תפוז פסיפלורה,ליטרים,1,ליטר,false,0,6.60,6.60,true,1,7290018471470
7290018471487,false,תפוזינה enjoy נקטר תפוז אננס,תפוזינה,,תפוזינה enjoy נקטר תפוז אננס,ליטרים,1,ליטר,false,0,6.60,6.60,true,1,7290018471487
7290018471494,false,תפוזינה enjoy משקה תפוז גזר,תפוזינה,,תפוזינה enjoy משקה תפוז גזר,ליטרים,1,ליטר,false,0,6.60,6.60,true,1,7290018471494
7290018471623,false,שוופס טוניק אשכולית וליצ'י,שוופס Schweppes,,שוופס טוניק אשכולית וליצ'י,ליטרים,1,ליטר,false,0,9.90,9.90,true,1,7290018471623
7290018471906,false,משקה מוגז לימונדה ורודה,שוופס Schweppes,,משקה מוגז לימונדה ורודה,ליטרים,2,ליטר,false,0,9.50,6.33,true,1,7290018471906
7290018471913,false,משקה תפוחים מוגז,שוופס Schweppes,,משקה תפוחים מוגז,ליטרים,2,ליטר,false,0,9.50,6.33,true,1,7290018471913
7290018471920,false,שוופס מוגז פירות ענבים,שוופס Schweppes,,שוופס מוגז פירות ענבים,ליטרים,2,ליטר,false,0,9.50,6.33,true,1,7290018471920
7290018471937,false,גזוז בטעם תות ליים,שוופס Schweppes,,גזוז בטעם תות ליים,ליטרים,2,ליטר,false,0,9.50,6.33,true,1,7290018471937
7290018471944,false,משקה מוגז לימונייד,שוופס Schweppes,,משקה מוגז לימונייד,ליטרים,2,ליטר,false,0,9.50,6.33,true,1,7290018471944
7290018471951,false,משקה מוגז אשכולית אדומה,שוופס Schweppes,,משקה מוגז אשכולית אדומה,ליטרים,2,ליטר,false,0,9.50,6.33,true,1,7290018471951
7290018516041,false,פרמיו דליקט עוף לחתול,פרמיו Premio,,פרמיו דליקט עוף לחתול,גרמים,56,100 גרם,false,0,9.90,17.68,true,1,7290018516041
7290018516058,false,פרמיו דליקט טונה ושרימפס לחתול,פרמיו Premio,,פרמיו דליקט טונה ושרימפס לחתול,גרמים,56,100 גרם,false,0,9.90,17.68,true,1,7290018516058
7290018516065,false,פרמיו דליקט טונה וסלמון לחתול,פרמיו Premio,,פרמיו דליקט טונה וסלמון לחתול,גרמים,56,100 גרם,false,0,9.90,17.68,true,1,7290018516065
7290018516072,false,פרמיו דליקט טונה וצדפות לחתול,פרמיו Premio,,פרמיו דליקט טונה וצדפות לחתול,גרמים,56,100 גרם,false,0,9.90,17.68,true,1,7290018516072
7290018516089,false,פרמיו דליקט טונה ודג קוד לחתול,פרמיו Premio,,פרמיו דליקט טונה ודג קוד לחתול,גרמים,56,100 גרם,false,0,9.90,17.68,true,1,7290018516089
7290018516102,false,פרימו קטניפ לחתולים,פרמיו Premio,,פרימו קטניפ לחתולים,גרמים,15,100 גרם,false,0,6.90,46.00,true,1,7290018516102
7290018516393,false,פרמיו סופרים מיקס לחתול,פרמיו Premio,,פרמיו סופרים מיקס לחתול,קילוגרמים,3,"ק""ג",false,0,59.90,19.97,true,1,7290018516393
7290018516942,false,פרמיו סופרים עופות לכלב בוגר,פרמיו Premio,,פרמיו סופרים עופות לכלב בוגר,קילוגרמים,3,"ק""ג",false,0,59.90,19.97,true,1,7290018516942
7290018516959,false,פרמיו סופרים עופות לכלב מגזע ננסי,פרמיו Premio,,פרמיו סופרים עופות לכלב מגזע ננסי,קילוגרמים,3,"ק""ג",false,0,59.90,19.97,true,1,7290018516959
7290018516966,false,פרמיו סופרים עופות לכלב בוגר,פרמיו Premio,,פרמיו סופרים עופות לכלב בוגר,קילוגרמים,3,"ק""ג",false,0,59.90,19.97,true,1,7290018516966
7290018555293,false,2 פאזלים סופיה לגיל הרך 4+6 חלקים,דיסני Disney,,2 פאזלים סופיה לגיל הרך 4+6 חלקים,,0,,false,0,39.90,0.00,true,1,7290018555293
7290018558232,false,מנגל חשמלי,המילטון Hemilton,,מנגל חשמלי,,0,,false,0,99.90,0.00,true,1,7290018558232
7290018571507,false,דובוני ג'לי בטעם תפוז לילדים ויטמין C,מיה,,דובוני ג'לי בטעם תפוז לילדים ויטמין C,גרמים,175,100 גרם,false,0,39.90,22.80,true,1,7290018571507
7290018571514,false,דובוני ג'לי בטעם תות לילדים ויטמין D3,מיה,,דובוני ג'לי בטעם תות לילדים ויטמין D3,גרמים,175,100 גרם,false,0,39.90,22.80,true,1,7290018571514
7290018571521,false,סוכריות מולטי ויטמין עם אבץ לילדים בטעם ענבים,מיה,,סוכריות מולטי ויטמין עם אבץ לילדים בטעם ענבים,גרמים,175,100 גרם,false,0,39.90,22.80,true,1,7290018571521
7290018571538,false,דובוני ג'לי בטעם פטל לילדים פרופוליס ואכיניציה,מיה,,דובוני ג'לי בטעם פטל לילדים פרופוליס ואכיניציה,גרמים,175,100 גרם,false,0,39.90,22.80,true,1,7290018571538
7290018571545,false,סוכריות ג'לי עם מיצוי כורכומין וג'ינג'ר למבוגרים,מיה,,סוכריות ג'לי עם מיצוי כורכומין וג'ינג'ר למבוגרים,גרמים,210,100 גרם,false,0,39.90,19.00,true,1,7290018571545
7290018571552,false,סוכריות ג'לי ללא סוכר עם חומצות שומן אומגה 3 למבוגרים,מיה,,סוכריות ג'לי ללא סוכר עם חומצות שומן אומגה 3 למבוגרים,גרמים,240,100 גרם,false,0,39.90,16.63,true,1,7290018571552
7290018571613,false,דגי ג'לי בטעם תפוז לילדים אומגה 3,מיה,,דגי ג'לי בטעם תפוז לילדים אומגה 3,גרמים,210,100 גרם,false,0,39.90,19.00,true,1,7290018571613
7290018571620,false,סוכריות ג'לי מולטי ויטמין עם מינרליים WOMEN ENERGY,מיה,,סוכריות ג'לי מולטי ויטמין עם מינרליים WOMEN ENERGY,גרמים,240,100 גרם,false,0,39.90,16.63,true,1,7290018571620
7290018571637,false,סוכריות ג'לי מולטי ויטמין עם מינרליים MEN ENERGY,מיה,,סוכריות ג'לי מולטי ויטמין עם מינרליים MEN ENERGY,גרמים,220,100 גרם,false,0,39.90,18.14,true,1,7290018571637
7290018571644,false,סוכריות ג'לי ללא סוכר מולטי ויטמין בשילוב תוספת ביוטין,מיה,,סוכריות ג'לי ללא סוכר מולטי ויטמין בשילוב תוספת ביוטין,גרמים,210,100 גרם,false,0,39.90,19.00,true,1,7290018571644
7290018571651,false,סוכריות ג'לי בשילוב קולגן,מיה,,סוכריות ג'לי בשילוב קולגן,גרמים,210,100 גרם,false,0,39.90,19.00,true,1,7290018571651
7290018571668,false,"סוכריות ג'לי עם ויטמינים C, D3 ואבץ לילדים ומבוגרים",מיה,,"סוכריות ג'לי עם ויטמינים C, D3 ואבץ לילדים ומבוגרים",גרמים,210,100 גרם,false,0,39.90,19.00,true,1,7290018571668
7290018704301,true,סלט טחינה ירוקה,,,סלט טחינה ירוקה,קילוגרמים,0,"ק""ג",true,0,29.00,0.00,true,1,7290018704301
7290018704523,true,סלט כרוב וגזר,,,סלט כרוב וגזר,קילוגרמים,0,"ק""ג",true,0,35.00,0.00,true,1,7290018704523
7290018704530,true,סלט כרוב שום ושמיר,,,סלט כרוב שום ושמיר,קילוגרמים,0,"ק""ג",true,0,35.00,0.00,true,1,7290018704530
7290018704547,true,סלט כרוב אדום במיונז,,,סלט כרוב אדום במיונז,קילוגרמים,0,"ק""ג",true,0,35.00,0.00,true,1,7290018704547
7290018704561,true,סלט כרוב סיני,,,סלט כרוב סיני,קילוגרמים,0,"ק""ג",true,0,35.00,0.00,true,1,7290018704561
7290018704813,true,סלט אבוקדו,,,סלט אבוקדו,קילוגרמים,0,"ק""ג",true,0,69.00,0.00,true,1,7290018704813
7290018705025,true,סחוג ירוק,,,סחוג ירוק,קילוגרמים,0,"ק""ג",true,0,49.00,0.00,true,1,7290018705025
7290018724804,false,זרעי צ'יה נטורלה Naturale,,,זרעי צ'יה נטורלה Naturale,גרמים,230,100 גרם,false,0,13.90,6.04,true,1,7290018724804
7290018893005,false,בייגלה שטוח בתוספת חרדל ודבש,צ'וקטה Chocketa,,בייגלה שטוח בתוספת חרדל ודבש,גרמים,160,100 גרם,false,0,6.90,4.31,true,1,7290018893005
7290018893036,false,עוגיות סנדוויץ' בטעם שוקולד ממולאות קרם בטעם וניל,צ'וקטה Chocketa,,עוגיות סנדוויץ' בטעם שוקולד ממולאות קרם בטעם וניל,גרמים,176,100 גרם,false,0,6.90,3.92,true,1,7290018893036
7290018893081,false,עוגות מגולגלות במילוי קרם חלבי וציפוי בטעם שוקולד,צ'וקטה Chocketa,,עוגות מגולגלות במילוי קרם חלבי וציפוי בטעם שוקולד,גרמים,222,100 גרם,false,0,9.90,4.46,true,1,7290018893081
7290018893098,false,עוגיות מצופות בשוקולד חלב,צ'וקטה Chocketa,,עוגיות מצופות בשוקולד חלב,גרמים,100,100 גרם,false,0,10.90,10.90,true,1,7290018893098
7290018893104,false,עוגיות מצופות בשוקולד מריר,צ'וקטה Chocketa,,עוגיות מצופות בשוקולד מריר,גרמים,100,100 גרם,false,0,10.90,10.90,true,1,7290018893104
7290018893111,false,שוקולד מריר 70% מוצקי קקאו,צ'וקטה Chocketa,,שוקולד מריר 70% מוצקי קקאו,גרמים,100,100 גרם,false,0,8.90,8.90,true,1,7290018893111
7290018893128,false,שוקולד חלב 34% מוצקי קקאו,צ'וקטה Chocketa,,שוקולד חלב 34% מוצקי קקאו,גרמים,100,100 גרם,false,0,8.90,8.90,true,1,7290018893128
7290018893135,false,מקלות אפויים בתוספת מלח Salty,צ'וקטה Chocketa,,מקלות אפויים בתוספת מלח Salty,גרמים,120,100 גרם,false,0,5.90,6.58,true,1,7290018893135
7290018893142,false,מקלות אפויים בתוספת שמן זית Salty,צ'וקטה Chocketa,,מקלות אפויים בתוספת שמן זית Salty,גרמים,120,100 גרם,false,0,5.90,6.58,true,1,7290018893142
7290018893258,false,עוגות אישיות בטעם קרמל,צ'וקטה Chocketa,,עוגות אישיות בטעם קרמל,גרמים,300,100 גרם,false,0,11.90,4.97,true,1,7290018893258
7290018893265,false,עוגות אישיות חמש שכבות מריר - פרווה,צ'וקטה Chocketa,,עוגות אישיות חמש שכבות מריר - פרווה,גרמים,240,100 גרם,false,0,14.90,6.21,true,1,7290018893265
7290018893272,false,צ'וקטה צדפי שוקולד,צ'וקטה Chocketa,,צ'וקטה צדפי שוקולד,גרמים,125,100 גרם,false,0,9.90,7.92,true,1,7290018893272
7290018893289,false,עוגות מגולגלות בטעם קקאו - 6 יחידות במארז,צ'וקטה Chocketa,,עוגות מגולגלות בטעם קקאו - 6 יחידות במארז,גרמים,222,100 גרם,false,0,9.90,4.46,true,1,7290018893289
7290018893296,false,עוגיות חמאה מצופות שוקולד חלב בעיטור שוקולד לבן,צ'וקטה Chocketa,,עוגיות חמאה מצופות שוקולד חלב בעיטור שוקולד לבן,גרמים,100,100 גרם,false,0,8.90,10.90,true,1,7290018893296
7290018893319,false,שוקולד מריר 85% מוצקי קקאו,צ'וקטה Chocketa,,שוקולד מריר 85% מוצקי קקאו,גרמים,100,100 גרם,false,0,8.90,8.90,true,1,7290018893319
7290018893340,false,מקלות אפויים בתוספת שומשום Salty,צ'וקטה Chocketa,,מקלות אפויים בתוספת שומשום Salty,גרמים,120,100 גרם,false,0,5.90,6.58,true,1,7290018893340
7290018893401,false,שוקולד מריר 70% מוצקי קקאו,צ'וקטה Chocketa,,שוקולד מריר 70% מוצקי קקאו,גרמים,100,100 גרם,false,0,5.90,8.90,true,1,7290018893401
7290018893418,false,מארז שישייה שוקולד מריר 60%,צ'וקטה Chocketa,,מארז שישייה שוקולד מריר 60%,גרמים,600,100 גרם,false,6,19.90,3.32,true,1,7290018893418
7290018893425,false,ממרח חלב וממרח אגוזי לוז עם קקאו,צ'וקטה Chocketa,,ממרח חלב וממרח אגוזי לוז עם קקאו,גרמים,700,100 גרם,false,0,18.90,2.70,true,1,7290018893425
7290018893449,false,צ'וקטה וופל במילוי קרמל,צ'וקטה Chocketa,,צ'וקטה וופל במילוי קרמל,גרמים,175,100 גרם,false,0,8.90,6.23,true,1,7290018893449
7290018893456,false,צוקטה עוגות אישיות במילוי קרם ובציפוי בטעם שוקולד,צ'וקטה Chocketa,,צוקטה עוגות אישיות במילוי קרם ובציפוי בטעם שוקולד,גרמים,300,100 גרם,false,0,11.90,4.97,true,1,7290018893456
7290018893487,false,עוגות אישיות במילוי בטעם קוקוס,צ'וקטה Chocketa,,עוגות אישיות במילוי בטעם קוקוס,גרמים,350,100 גרם,false,0,11.90,4.26,true,1,7290018893487
7290018893494,false,עוגיות עלי וופל דקות עם חמאה,צ'וקטה Chocketa,,עוגיות עלי וופל דקות עם חמאה,גרמים,100,100 גרם,false,0,8.90,10.90,true,1,7290018893494
7290018893500,false,עוגיות סנדוויץ' במילוי קרם בטעם שוקולד,צ'וקטה Chocketa,,עוגיות סנדוויץ' במילוי קרם בטעם שוקולד,גרמים,180,100 גרם,false,0,6.90,3.83,true,1,7290018893500
7290018893517,false,חטיף בייגלה אפוי מצופה שוקולד מריר - חלבי,צ'וקטה Chocketa,,חטיף בייגלה אפוי מצופה שוקולד מריר - חלבי,גרמים,80,100 גרם,false,0,6.90,8.63,true,1,7290018893517
7290018893609,false,שוקולד מריר 85%,צ'וקטה Chocketa,,שוקולד מריר 85%,גרמים,100,100 גרם,false,0,5.90,8.90,true,1,7290018893609
7290018893647,false,עוגיות סנדוויץ' בציפוי שוקולד חלב,צ'וקטה Chocketa,,עוגיות סנדוויץ' בציפוי שוקולד חלב,גרמים,150,100 גרם,false,0,10.90,7.27,true,1,7290018893647
7290018893654,false,בייגלה שטוח בתוספת מלח,צ'וקטה Chocketa,,בייגלה שטוח בתוספת מלח,גרמים,200,100 גרם,false,0,6.90,3.45,true,1,7290018893654
7290018893661,false,עוגות אישיות במילוי קרם קקאו ציפוי בטעם שוקולד מריר,צ'וקטה Chocketa,,עוגות אישיות במילוי קרם קקאו ציפוי בטעם שוקולד מריר,גרמים,240,100 גרם,false,0,14.90,6.21,true,1,7290018893661
7290018893692,false,שוקולד חלב מעולה,צ'וקטה Chocketa,,שוקולד חלב מעולה,גרמים,280,100 גרם,false,0,12.90,4.61,true,1,7290018893692
7290018893708,false,עוגיות סנדוויץ' במילוי קרם בטעם שוקולד,צ'וקטה Chocketa,,עוגיות סנדוויץ' במילוי קרם בטעם שוקולד,גרמים,250,100 גרם,false,0,10.90,4.36,true,1,7290018893708
7290018893715,false,חטיף בייגלה אפוי מצופה שוקולד חלב,צ'וקטה Chocketa,,חטיף בייגלה אפוי מצופה שוקולד חלב,גרמים,80,100 גרם,false,0,6.90,8.63,true,1,7290018893715
7290018893807,false,מארז שלישייה שוקולד מריר 60%,צ'וקטה Chocketa,,מארז שלישייה שוקולד מריר 60%,גרמים,300,100 גרם,false,3,11.90,3.97,true,1,7290018893807
7290018893814,false,מארז שוקולד מריר 5 יח',צ'וקטה Chocketa,,מארז שוקולד מריר 5 יח',גרמים,500,100 גרם,false,5,17.90,3.58,true,1,7290018893814
7290018893845,false,פתי בר ביסקוויט בטעם חמאה,צ'וקטה Chocketa,,פתי בר ביסקוויט בטעם חמאה,גרמים,400,100 גרם,false,0,6.90,1.73,true,1,7290018893845
7290018893852,false,בייגלה בתוספת שומשום,צ'וקטה Chocketa,,בייגלה בתוספת שומשום,גרמים,200,100 גרם,false,0,6.90,3.45,true,1,7290018893852
7290018893876,false,עוגות אישיות רכות עם מילוי קרם בטעם וניל,צ'וקטה Chocketa,,עוגות אישיות רכות עם מילוי קרם בטעם וניל,גרמים,200,100 גרם,false,0,14.90,7.45,true,1,7290018893876
7290018893906,false,עוגיות סנדוויץ' במילוי קרם בטעם וניל,צ'וקטה Chocketa,,עוגיות סנדוויץ' במילוי קרם בטעם וניל,גרמים,250,100 גרם,false,0,10.90,4.36,true,1,7290018893906
7290018893913,false,ממרח אגוזי לוז עם קקאו בתוספת מקלות אפויים,צ'וקטה Chocketa,,ממרח אגוזי לוז עם קקאו בתוספת מקלות אפויים,גרמים,52,100 גרם,false,0,5.90,11.35,true,1,7290018893913
7290018893920,false,סוכריות ג'לי בטעמי פירות LOCITOS,צ'וקטה Chocketa,,סוכריות ג'לי בטעמי פירות LOCITOS,גרמים,700,100 גרם,false,0,17.90,2.56,true,1,7290018893920
7290018894002,false,קוביות וופל במילוי קרם קקאו - חלבי,בלקוני Balconi,,קוביות וופל במילוי קרם קקאו - חלבי,גרמים,250,100 גרם,false,0,9.90,4.76,true,1,7290018894002
7290018894019,false,עוגות אישיות במילוי קרם חלבי ובציפוי קרם קקאו,בלקוני Balconi,,עוגות אישיות במילוי קרם חלבי ובציפוי קרם קקאו,גרמים,350,100 גרם,false,0,11.90,4.26,true,1,7290018894019
7290018894200,false,קוביות וופל במילוי קרם וניל,בלקוני Balconi,,קוביות וופל במילוי קרם וניל,גרמים,250,100 גרם,false,0,9.90,4.76,true,1,7290018894200
7290018894217,false,עוגות אישיות במילוי קרם קקאו ובציפוי קרם קקאו,בלקוני Balconi,,עוגות אישיות במילוי קרם קקאו ובציפוי קרם קקאו,גרמים,350,100 גרם,false,0,11.90,4.26,true,1,7290018894217
7290018894248,false,מארז שלישייה שוקולד חלב,צ'וקטה Chocketa,,מארז שלישייה שוקולד חלב,גרמים,300,100 גרם,false,3,11.90,3.97,true,1,7290018894248
7290018894408,false,קוביות וופל במילוי קרם אגוזי לוז - חלבי,בלקוני Balconi,,קוביות וופל במילוי קרם אגוזי לוז - חלבי,גרמים,250,100 גרם,false,0,9.90,4.76,true,1,7290018894408
7290018894606,false,וופלים במילוי קרם קקאו - חלבי,בלקוני Balconi,,וופלים במילוי קרם קקאו - חלבי,גרמים,175,100 גרם,false,0,7.90,4.51,true,1,7290018894606
7290018894804,false,וופלים במילוי קרם אגוזי לוז - חלבי,בלקוני Balconi,,וופלים במילוי קרם אגוזי לוז - חלבי,גרמים,175,100 גרם,false,0,7.90,4.51,true,1,7290018894804
7290018921067,false,תחליב רחצה לגוף מועשר בשמן שקדים,"ד""ר פישר Dr fischer",,תחליב רחצה לגוף מועשר בשמן שקדים,מליליטרים,700,"100 מ""ל",false,0,12.90,2.41,true,1,7290018921067
7290018921265,false,אפקטיב קר תחליב רחצה לגוף מועשר בתמצית אלוורה,"ד""ר פישר Dr fischer",,אפקטיב קר תחליב רחצה לגוף מועשר בתמצית אלוורה,מליליטרים,700,"100 מ""ל",false,0,12.90,2.41,true,1,7290018921265
7290018921456,false,אפקטיב קר תחליב רחצה לגוף מועשר בשמן כותנה,"ד""ר פישר Dr fischer",,אפקטיב קר תחליב רחצה לגוף מועשר בשמן כותנה,מליליטרים,700,"100 מ""ל",false,0,12.90,2.41,true,1,7290018921456
7290018921654,false,תחליב רחצה לגוף מועשר בתמצית לבנדר,"ד""ר פישר Dr fischer",,תחליב רחצה לגוף מועשר בתמצית לבנדר,מליליטרים,700,"100 מ""ל",false,0,12.90,2.41,true,1,7290018921654
7290018921852,false,תחליב רחצה לגוף מועשר בשמן ארגן,"ד""ר פישר Dr fischer",,תחליב רחצה לגוף מועשר בשמן ארגן,מליליטרים,700,"100 מ""ל",false,0,12.90,2.41,true,1,7290018921852
7290018925065,false,מיץ תפוזים סחוט,פרימור,,מיץ תפוזים סחוט,ליטרים,2,ליטר,false,0,26.90,13.45,true,1,7290018925065
7290018925072,false,משקה קל לימונים ונענע,פרימור,,משקה קל לימונים ונענע,ליטרים,2,ליטר,false,0,26.90,13.45,true,1,7290018925072
7290018925096,false,משקה קל תפוזים,פרימור,,משקה קל תפוזים,ליטרים,2,ליטר,false,0,7.90,5.27,true,1,7290018925096
7290018925102,false,משקה קל ענבים,פרימור,,משקה קל ענבים,ליטרים,2,ליטר,false,0,7.90,5.27,true,1,7290018925102
7290018925119,false,משקה קל אשכוליות דל קלוריות,פרימור,,משקה קל אשכוליות דל קלוריות,ליטרים,2,ליטר,false,0,7.90,5.27,true,1,7290018925119
7290018925126,false,משקה קל תפוחים,פרימור,,משקה קל תפוחים,ליטרים,2,ליטר,false,0,7.90,5.27,true,1,7290018925126
7290018925133,false,משקה קל מנגו,פרימור,,משקה קל מנגו,ליטרים,2,ליטר,false,0,7.90,5.27,true,1,7290018925133
7290018925140,false,משקה קל אשכוליות,פרימור,,משקה קל אשכוליות,ליטרים,2,ליטר,false,0,7.90,5.27,true,1,7290018925140
7290018925157,false,משקה בטעם לימונים,פרימור,,משקה בטעם לימונים,ליטרים,2,ליטר,false,0,7.90,5.27,true,1,7290018925157
7290018925164,false,משקה בטעם תות בננה,פרימור,,משקה בטעם תות בננה,ליטרים,2,ליטר,false,0,7.90,5.27,true,1,7290018925164
7290019056027,false,משקה תפוחים מוגז ללא סוכר,שוופס Schweppes,,משקה תפוחים מוגז ללא סוכר,ליטרים,2,ליטר,false,0,8.90,5.93,true,1,7290019056027
7290019056034,false,משקה מוגז בטעם אננס ללא סוכר,שוופס Schweppes,,משקה מוגז בטעם אננס ללא סוכר,ליטרים,2,ליטר,false,0,8.90,5.93,true,1,7290019056034
7290019056041,false,משקה לימונייד ללא סוכר,שוופס Schweppes,,משקה לימונייד ללא סוכר,ליטרים,2,ליטר,false,0,8.90,5.93,true,1,7290019056041
7290019056058,false,משקה בטעם תפוח ליים מוגז עדין,שוופס Schweppes,,משקה בטעם תפוח ליים מוגז עדין,ליטרים,2,ליטר,false,0,8.90,5.93,true,1,7290019056058
7290019056065,false,משקה בטעם פירות יער מוגז עדין,שוופס Schweppes,,משקה בטעם פירות יער מוגז עדין,ליטרים,2,ליטר,false,0,8.90,5.93,true,1,7290019056065
7290019056072,false,משקה מוגז עדין בטעם אננס,שוופס Schweppes,,משקה מוגז עדין בטעם אננס,ליטרים,2,ליטר,false,0,8.90,5.93,true,1,7290019056072
7290019056089,false,משקה בטעם ענבי ריזלינג מוגז עדין,שוופס Schweppes,,משקה בטעם ענבי ריזלינג מוגז עדין,ליטרים,2,ליטר,false,0,8.90,5.93,true,1,7290019056089
7290019056096,false,משקה בטעם אפרסק מוגז עדין,שוופס Schweppes,,משקה בטעם אפרסק מוגז עדין,ליטרים,2,ליטר,false,0,8.90,5.93,true,1,7290019056096
7290019056119,false,מי סודה,שוופס Schweppes,,מי סודה,ליטרים,2,ליטר,false,0,3.20,2.13,true,1,7290019056119
7290019056164,false,מי סודה - רביעיה,שוופס Schweppes,,מי סודה - רביעיה,ליטרים,6,ליטר,false,4,12.10,2.02,true,1,7290019056164
7290019056171,false,סודה בטעם לימון - רביעיה,שוופס Schweppes,,סודה בטעם לימון - רביעיה,ליטרים,6,ליטר,false,4,12.10,2.02,true,1,7290019056171
7290019056188,false,סודה בטעם נענע ליים- רביעיה,שוופס Schweppes,,סודה בטעם נענע ליים- רביעיה,ליטרים,6,ליטר,false,4,12.10,2.02,true,1,7290019056188
7290019056195,false,סודה בטעם למון גראס וג'ינג'ר - מארז 4 יח',שוופס Schweppes,,סודה בטעם למון גראס וג'ינג'ר - מארז 4 יח',ליטרים,6,ליטר,false,4,12.10,2.02,true,1,7290019056195
7290019056201,false,סודה בטעם פירות יער- רביעיה,שוופס Schweppes,,סודה בטעם פירות יער- רביעיה,ליטרים,6,ליטר,false,4,12.10,2.02,true,1,7290019056201
7290019056232,false,משקה מוחיטו בטעם ליים נענע,שוופס Schweppes,,משקה מוחיטו בטעם ליים נענע,ליטרים,2,ליטר,false,0,9.50,6.33,true,1,7290019056232
7290019056249,false,שוופס מים בטעמים ענבים,שוופס Schweppes,,שוופס מים בטעמים ענבים,ליטרים,2,ליטר,false,0,8.90,5.93,true,1,7290019056249
7290019056256,false,משקה בטעם תפוח שוופס water,שוופס Schweppes,,משקה בטעם תפוח שוופס water,ליטרים,2,ליטר,false,0,8.90,5.93,true,1,7290019056256
7290019056270,false,משקה בטעם פירות יער שוופס water,שוופס Schweppes,,משקה בטעם פירות יער שוופס water,ליטרים,2,ליטר,false,0,8.90,5.93,true,1,7290019056270
7290019056287,false,משקה בטעם אפרסק ללא סוכר שוופס water,שוופס Schweppes,,משקה בטעם אפרסק ללא סוכר שוופס water,ליטרים,2,ליטר,false,0,8.90,5.93,true,1,7290019056287
7290019056294,false,שוופס ג'ינג'ר אייל,שוופס Schweppes,,שוופס ג'ינג'ר אייל,ליטרים,2,ליטר,false,0,11.90,7.93,true,1,7290019056294
7290019056300,false,שוופס ביטר למון,שוופס Schweppes,,שוופס ביטר למון,ליטרים,2,ליטר,false,0,11.90,7.93,true,1,7290019056300
7290019056317,false,שוופס ראשן,שוופס Schweppes,,שוופס ראשן,ליטרים,2,ליטר,false,0,11.90,7.93,true,1,7290019056317
7290019056324,false,שוופס טוניק,שוופס Schweppes,,שוופס טוניק,ליטרים,2,ליטר,false,0,11.90,7.93,true,1,7290019056324
7290019056331,false,מי טוניק ללא סוכר,שוופס Schweppes,,מי טוניק ללא סוכר,ליטרים,2,ליטר,false,0,10.90,7.27,true,1,7290019056331
7290019056355,false,משקה בטעם לימונענע עם חתיכות פרי,תפוזינה,,משקה בטעם לימונענע עם חתיכות פרי,ליטרים,2,ליטר,false,0,8.90,5.93,true,1,7290019056355
7290019056362,false,משקה בטעם ענבים,תפוזינה,,משקה בטעם ענבים,ליטרים,2,ליטר,false,0,8.90,5.93,true,1,7290019056362
7290019056379,false,משקה קל תפוזים עם חתיכות פרי,תפוזינה,,משקה קל תפוזים עם חתיכות פרי,ליטרים,2,ליטר,false,0,8.90,5.93,true,1,7290019056379
7290019056386,false,תפוזינה אשכוליות,תפוזינה,,תפוזינה אשכוליות,ליטרים,2,ליטר,false,0,8.90,5.93,true,1,7290019056386
7290019056393,false,משקה בטעם תות בננה,תפוזינה,,משקה בטעם תות בננה,ליטרים,2,ליטר,false,0,8.90,5.93,true,1,7290019056393
7290019056409,false,משקה קל בטעם מנגו,תפוזינה,,משקה קל בטעם מנגו,ליטרים,2,ליטר,false,0,8.90,5.93,true,1,7290019056409
7290019056416,false,תפוזינה לימונדה,תפוזינה,,תפוזינה לימונדה,ליטרים,2,ליטר,false,0,8.90,5.93,true,1,7290019056416
7290019056423,false,משקה בטעם תפוחים,תפוזינה,,משקה בטעם תפוחים,ליטרים,2,ליטר,false,0,8.90,5.93,true,1,7290019056423
7290019056430,false,משקה קל תפוזים לייט,תפוזינה,,משקה קל תפוזים לייט,ליטרים,2,ליטר,false,0,7.90,5.27,true,1,7290019056430
7290019056447,false,משקה קל אשכוליות לייט,תפוזינה,,משקה קל אשכוליות לייט,ליטרים,2,ליטר,false,0,7.90,5.27,true,1,7290019056447
7290019056454,false,RC קולה,אר סי קולה RC,,RC קולה,ליטרים,2,ליטר,false,0,6.90,4.60,true,1,7290019056454
7290019056461,false,שיישית RC קולה,אר סי קולה RC,,שיישית RC קולה,ליטרים,9,ליטר,false,6,39.90,4.43,true,1,7290019056461
7290019056478,false,משקה תה קר בטעם אפרסק,ספרינג טי Spring Tea,,משקה תה קר בטעם אפרסק,ליטרים,2,ליטר,false,0,7.90,5.27,true,1,7290019056478
7290019056485,false,משקה תה ירוק קר בטעם לימון ולואיזה,ספרינג טי Spring Tea,,משקה תה ירוק קר בטעם לימון ולואיזה,ליטרים,2,ליטר,false,0,7.90,5.27,true,1,7290019056485
7290019056492,false,משקה תה קר בטעם מנגו אפרסק,ספרינג טי Spring Tea,,משקה תה קר בטעם מנגו אפרסק,ליטרים,2,ליטר,false,0,7.90,5.27,true,1,7290019056492
7290019056508,false,משקה בטעם ענבים,פרוט ווטר Fruit water,,משקה בטעם ענבים,ליטרים,2,ליטר,false,0,8.90,5.93,true,1,7290019056508
7290019056515,false,משקה בטעם אננס,פרוט ווטר Fruit water,,משקה בטעם אננס,ליטרים,2,ליטר,false,0,8.90,5.93,true,1,7290019056515
7290019056522,false,משקה בטעם תות,פרוט ווטר Fruit water,,משקה בטעם תות,ליטרים,2,ליטר,false,0,8.90,5.93,true,1,7290019056522
7290019056539,false,משקה בטעם אפרסק,פרוט ווטר Fruit water,,משקה בטעם אפרסק,ליטרים,2,ליטר,false,0,8.90,5.93,true,1,7290019056539
7290019056546,false,משקה בטעם אבטיח,פרוט ווטר Fruit water,,משקה בטעם אבטיח,ליטרים,2,ליטר,false,0,8.90,5.93,true,1,7290019056546
7290019056553,false,שיישית מים מינרלים עין גדי,עין גדי,,שיישית מים מינרלים עין גדי,ליטרים,12,ליטר,false,6,12.70,1.06,true,1,7290019056553
7290019056560,false,בקבוק מים מינרלים עין גדי,עין גדי,,בקבוק מים מינרלים עין גדי,ליטרים,2,ליטר,false,0,3.20,1.60,true,1,7290019056560
7290019056577,false,משקה בטעם מנגו,ספרינג,,משקה בטעם מנגו,ליטרים,2,ליטר,false,0,8.90,5.93,true,1,7290019056577
7290019056584,false,משקה בטעם תפוזים,ספרינג,,משקה בטעם תפוזים,ליטרים,2,ליטר,false,0,8.90,5.93,true,1,7290019056584
7290019056591,false,משקה בטעם ענבים,ספרינג,,משקה בטעם ענבים,ליטרים,2,ליטר,false,0,8.90,5.93,true,1,7290019056591
7290019056607,false,ספרינג תפוחים,ספרינג,,ספרינג תפוחים,ליטרים,2,ליטר,false,0,8.90,5.93,true,1,7290019056607
7290019056614,false,ספרינג אפרסק,ספרינג,,ספרינג אפרסק,ליטרים,2,ליטר,false,0,8.90,5.93,true,1,7290019056614
7290019056638,false,משקה בטעם תות בננה,ספרינג,,משקה בטעם תות בננה,ליטרים,2,ליטר,false,0,8.90,5.93,true,1,7290019056638
7290019056645,false,משקה בטעם תפוח אגס סברס,ספרינג,,משקה בטעם תפוח אגס סברס,ליטרים,2,ליטר,false,0,8.90,5.93,true,1,7290019056645
7290019056652,false,ספרינג אננס בננה,ספרינג,,ספרינג אננס בננה,ליטרים,2,ליטר,false,0,8.90,5.93,true,1,7290019056652
7290019056669,false,משקה בטעם תפוחים לייט,ספרינג,,משקה בטעם תפוחים לייט,ליטרים,2,ליטר,false,0,7.90,5.27,true,1,7290019056669
7290019056676,false,משקה בטעם אשכוליות אננס לייט,ספרינג,,משקה בטעם אשכוליות אננס לייט,ליטרים,2,ליטר,false,0,7.90,5.27,true,1,7290019056676
7290019056720,false,משקה קל ענבים,קריסטל,,משקה קל ענבים,ליטרים,2,ליטר,false,0,7.90,3.95,true,1,7290019056720
7290019056737,false,משקה קל אשכוליות,קריסטל,,משקה קל אשכוליות,ליטרים,2,ליטר,false,0,7.90,3.95,true,1,7290019056737
7290019056744,false,משקה קל תפוזים,קריסטל,,משקה קל תפוזים,ליטרים,2,ליטר,false,0,7.90,3.95,true,1,7290019056744
7290019056751,false,משקה קל אשכוליות דיאט,קריסטל,,משקה קל אשכוליות דיאט,ליטרים,2,ליטר,false,0,6.90,3.45,true,1,7290019056751
7290019056768,false,משקה קל בטעם מנגו,קריסטל,,משקה קל בטעם מנגו,ליטרים,2,ליטר,false,0,7.90,3.95,true,1,7290019056768
7290019056782,false,גזוז בטעם למון ליים,קריסטל,,גזוז בטעם למון ליים,ליטרים,2,ליטר,false,0,7.90,3.95,true,1,7290019056782
7290019056805,false,גזוז בטעם תפוח,קריסטל,,גזוז בטעם תפוח,ליטרים,2,ליטר,false,0,7.90,3.95,true,1,7290019056805
7290019056812,false,גזוז בטעם מנטה,קריסטל,,גזוז בטעם מנטה,ליטרים,2,ליטר,false,0,7.90,3.95,true,1,7290019056812
7290019056836,false,גזוז בטעם תות,קריסטל,,גזוז בטעם תות,ליטרים,2,ליטר,false,0,7.90,3.95,true,1,7290019056836
7290019056850,false,משקה תה קר בטעם דיאט אפרסק,ספרינג טי Spring Tea,,משקה תה קר בטעם דיאט אפרסק,ליטרים,2,ליטר,false,0,7.90,5.27,true,1,7290019056850
7290019056973,false,שישיית מים מינרליים,מי עדן,,שישיית מים מינרליים,ליטרים,9,ליטר,false,6,13.70,1.52,true,1,7290019056973
7290019153023,false,אר.סי. קולה ללא סוכר 1.5 ל' מארז רביעייה,אר סי קולה RC,,אר.סי. קולה ללא סוכר 1.5 ל' מארז רביעייה,ליטרים,6,ליטר,false,0,23.90,3.98,true,1,7290019153023
7290019153078,false,שוופס ביטר למון לייט,שוופס Schweppes,,שוופס ביטר למון לייט,ליטרים,2,ליטר,false,0,10.90,7.27,true,1,7290019153078
7290019153085,false,שוופס מוחיטו נו שוגר,שוופס Schweppes,,שוופס מוחיטו נו שוגר,ליטרים,2,ליטר,false,0,9.50,6.33,true,1,7290019153085
7290019153344,false,תפוזינה סנגריה,תפוזינה,,תפוזינה סנגריה,ליטרים,2,ליטר,false,0,8.90,5.93,true,1,7290019153344
7290019153351,false,תפוזינה פינק אוזו,תפוזינה,,תפוזינה פינק אוזו,ליטרים,2,ליטר,false,0,8.90,5.93,true,1,7290019153351
7290019153375,false,תפוזינה מוחיטו,תפוזינה,,תפוזינה מוחיטו,ליטרים,2,ליטר,false,0,8.90,5.93,true,1,7290019153375
7290019153535,false,פחית משקה מוגז לימונייד ללא סוכר - מארז 4 יח',שוופס Schweppes,,פחית משקה מוגז לימונייד ללא סוכר - מארז 4 יח',ליטרים,1,ליטר,false,4,11.90,11.97,true,1,7290019153535
7290019297239,false,צימוק כהה,ששון הקולה,,צימוק כהה,גרמים,250,100 גרם,false,0,12.90,5.16,true,1,7290019297239
7290019297246,false,שזיף מיובש,ששון הקולה,,שזיף מיובש,גרמים,250,100 גרם,false,0,17.90,7.16,true,1,7290019297246
7290019297451,false,מי ורדים,שקדיה,,מי ורדים,מליליטרים,500,"100 מ""ל",false,0,13.90,2.78,true,1,7290019297451
7290019297536,false,חמאת בוטנים עם שברי בוטנים Crazy or Nuts,שקדיה,,חמאת בוטנים עם שברי בוטנים Crazy or Nuts,גרמים,510,100 גרם,false,0,9.90,1.94,true,1,7290019297536
7290019297543,false,חמאת בוטנים Crazy or Nuts,שקדיה,,חמאת בוטנים Crazy or Nuts,גרמים,510,100 גרם,false,0,9.90,1.94,true,1,7290019297543
7290055090702,false,איגלו שלוקים בטעמי פטל לימון וענבים,כרמית,,איגלו שלוקים בטעמי פטל לימון וענבים,מליליטרים,1740,"100 מ""ל",false,60,13.90,0.80,true,1,7290055090702
7290100230558,false,חלה קלועה מתוקה,בונז'ור,,חלה קלועה מתוקה,,0,,false,0,10.90,0.00,true,1,7290100230558
7290100235324,false,עוגת בריוש גבינה,בונז'ור,,עוגת בריוש גבינה,גרמים,550,100 גרם,false,0,29.90,5.44,true,1,7290100235324
7290100235478,false,לחם דגנים,בונז'ור,,לחם דגנים,,0,,false,0,14.90,0.00,true,1,7290100235478
7290100235492,false,לחם שיפון רוסי,בונז'ור,,לחם שיפון רוסי,,0,,false,0,14.90,0.00,true,1,7290100235492
7290100235553,false,עוגת בריוש תפוחים עם אגוזים,בונז'ור,,עוגת בריוש תפוחים עם אגוזים,,0,,false,0,29.90,0.00,true,1,7290100235553
7290100240137,false,תרסיס ריחני למייבש הכביסה,בדין,,תרסיס ריחני למייבש הכביסה,מליליטרים,500,"100 מ""ל",false,0,16.90,3.38,true,1,7290100240137
7290100240144,false,תרסיס ריחני למייבש הכביסה,בדין,,תרסיס ריחני למייבש הכביסה,מליליטרים,500,"100 מ""ל",false,0,16.90,3.38,true,1,7290100240144
7290100240632,false,פתית 6 דגנים,פתית,,פתית 6 דגנים,גרמים,250,100 גרם,false,0,15.90,6.36,true,1,7290100240632
7290100240656,false,פתית קרקר שיפון,פתית,,פתית קרקר שיפון,גרמים,300,100 גרם,false,0,15.90,5.30,true,1,7290100240656
7290100243084,false,מיונז אמיתי,הלמנס hellmann's,,מיונז אמיתי,גרמים,789,100 גרם,false,0,15.90,2.02,true,1,7290100243084
7290100243671,false,מרכך כביסה אקסטרא בניחוח יסמין מרענן,בדין,,מרכך כביסה אקסטרא בניחוח יסמין מרענן,מליליטרים,960,"100 מ""ל",false,0,15.90,1.66,true,1,7290100243671
7290100245231,false,נמס בכוס מרק בטעם עוף עם אטריות ושקדי מרק-2 שקיות,קנור Knorr,,נמס בכוס מרק בטעם עוף עם אטריות ושקדי מרק-2 שקיות,גרמים,48,100 גרם,false,0,6.50,13.54,true,1,7290100245231
7290100249598,false,רוטב שום ודבש,קנור Knorr,,רוטב שום ודבש,גרמים,320,100 גרם,false,0,12.90,4.03,true,1,7290100249598
7290100249659,false,"רוטב לעוף צ'ילי ושום בד""ץ",קנור Knorr,,"רוטב לעוף צ'ילי ושום בד""ץ",גרמים,320,100 גרם,false,0,12.90,4.03,true,1,7290100249659
7290100410516,false,PIGMENT-OR סרום טיפולי לפיגמנטציה,"ד""ר עור DOCTOR OR",,PIGMENT-OR סרום טיפולי לפיגמנטציה,מליליטרים,15,"100 מ""ל",false,0,154.90,1032.67,true,1,7290100410516
7290100411254,false,מחית בננה ותפוח שלב 3,בילובד Beloved,,מחית בננה ותפוח שלב 3,גרמים,190,100 גרם,false,0,5.90,3.11,true,1,7290100411254
7290100412473,false,MEN שמפו לטיפול ולמניעת קשקשים,"ד""ר עור DOCTOR OR",,MEN שמפו לטיפול ולמניעת קשקשים,מליליטרים,250,"100 מ""ל",false,0,44.90,17.96,true,1,7290100412473
7290100412497,false,MEN תחליב לחות טיפולי לאחר גילוח לפנים ולקרחת,"ד""ר עור DOCTOR OR",,MEN תחליב לחות טיפולי לאחר גילוח לפנים ולקרחת,מליליטרים,50,"100 מ""ל",false,0,64.90,129.80,true,1,7290100412497
7290100412701,false,תחליב גוף קלאסי בניחוח מאסק,"ד""ר עור DOCTOR OR",,תחליב גוף קלאסי בניחוח מאסק,מליליטרים,400,"100 מ""ל",false,0,19.90,7.48,true,1,7290100412701
7290100412718,false,ג'ל ניקוי פנים קלאסי בניחוח מאסק,"ד""ר עור DOCTOR OR",,ג'ל ניקוי פנים קלאסי בניחוח מאסק,מליליטרים,150,"100 מ""ל",false,0,19.90,16.60,true,1,7290100412718
7290100412732,false,תחליב גוף לעור יבש בניחוח פרחי בר,"ד""ר עור DOCTOR OR",,תחליב גוף לעור יבש בניחוח פרחי בר,מליליטרים,400,"100 מ""ל",false,0,19.90,7.48,true,1,7290100412732
7290100412749,false,ג'ל ניקוי פנים לעור יבש בניחוח פרחי בר,"ד""ר עור DOCTOR OR",,ג'ל ניקוי פנים לעור יבש בניחוח פרחי בר,מליליטרים,150,"100 מ""ל",false,0,19.90,16.60,true,1,7290100412749
7290100412756,false,קרם ידיים לעור יבש בניחוח פרחי בר,"ד""ר עור DOCTOR OR",,קרם ידיים לעור יבש בניחוח פרחי בר,מליליטרים,100,"100 מ""ל",false,0,10.00,13.90,true,1,7290100412756
7290100412763,false,תחליב רחצה בניחוח לבנדר,"ד""ר עור DOCTOR OR",,תחליב רחצה בניחוח לבנדר,מליליטרים,700,"100 מ""ל",false,0,19.90,2.84,true,1,7290100412763
7290100412770,false,תחליב רחצה בניחוח מאסק,"ד""ר עור DOCTOR OR",,תחליב רחצה בניחוח מאסק,מליליטרים,700,"100 מ""ל",false,0,19.90,2.84,true,1,7290100412770
7290100412787,false,תחליב רחצה בניחוח פריחת כותנה,"ד""ר עור DOCTOR OR",,תחליב רחצה בניחוח פריחת כותנה,מליליטרים,700,"100 מ""ל",false,0,19.90,2.84,true,1,7290100412787
7290100412794,false,פילינג עדין לפנים קלאסי בניחוח מאסק,"ד""ר עור DOCTOR OR",,פילינג עדין לפנים קלאסי בניחוח מאסק,מליליטרים,150,"100 מ""ל",false,0,19.90,16.60,true,1,7290100412794
7290100412800,false,תחליב רחצה לעור יבש בניחוח פרחי בר,"ד""ר עור DOCTOR OR",,תחליב רחצה לעור יבש בניחוח פרחי בר,מליליטרים,700,"100 מ""ל",false,0,19.90,2.84,true,1,7290100412800
7290100412817,false,קרם רגליים לעור יבש בניחוח פרחי בר,"ד""ר עור DOCTOR OR",,קרם רגליים לעור יבש בניחוח פרחי בר,מליליטרים,100,"100 מ""ל",false,0,10.00,13.90,true,1,7290100412817
7290100412831,false,תחליב רחצה אנטי אייג'ינג בניחוח וניל טרופי,"ד""ר עור DOCTOR OR",,תחליב רחצה אנטי אייג'ינג בניחוח וניל טרופי,מליליטרים,700,"100 מ""ל",false,0,19.90,2.84,true,1,7290100412831
7290100412848,false,תחליב גוף אנטי אייג'ינג בניחוח וניל טרופי,"ד""ר עור DOCTOR OR",,תחליב גוף אנטי אייג'ינג בניחוח וניל טרופי,מליליטרים,400,"100 מ""ל",false,0,19.90,7.48,true,1,7290100412848
7290100413364,false,CC קרם - מייק אפ אנטי אייג'ינג SPF 50 בגוון Light,"ד""ר עור DOCTOR OR",,CC קרם - מייק אפ אנטי אייג'ינג SPF 50 בגוון Light,מליליטרים,50,"100 מ""ל",false,0,100.00,200.00,true,1,7290100413364
7290100413463,false,ACU-OR שפתון טיפולי לשפתיים יבשות ולהגנה מהשמש,"ד""ר עור DOCTOR OR",,ACU-OR שפתון טיפולי לשפתיים יבשות ולהגנה מהשמש,מליליטרים,5,"100 מ""ל",false,0,29.90,664.44,true,1,7290100413463
7290100413487,false,RETIN-OR קרם עיניים אנטי אייג'ינג לעור בוגר +45,"ד""ר עור DOCTOR OR",,RETIN-OR קרם עיניים אנטי אייג'ינג לעור בוגר +45,מליליטרים,15,"100 מ""ל",false,0,125.90,839.33,true,1,7290100413487
7290100413524,false,DRY-OR נוטריק קרם יום לעור יבש SPF20,"ד""ר עור DOCTOR OR",,DRY-OR נוטריק קרם יום לעור יבש SPF20,מליליטרים,50,"100 מ""ל",false,0,99.90,199.80,true,1,7290100413524
7290100413531,false,RENEW-OR קרם יום אנטי אייג'ינג לעור בוגר +30,"ד""ר עור DOCTOR OR",,RENEW-OR קרם יום אנטי אייג'ינג לעור בוגר +30,מליליטרים,50,"100 מ""ל",false,0,104.90,209.80,true,1,7290100413531
7290100413548,false,CLASSIC-OR קרם לחות עם מקדם הגנה SPF30,"ד""ר עור DOCTOR OR",,CLASSIC-OR קרם לחות עם מקדם הגנה SPF30,מליליטרים,50,"100 מ""ל",false,0,69.90,139.80,true,1,7290100413548
7290100413586,false,RETIN-OR קרם יום אנטי אייג'ינג לעור בוגר +45,"ד""ר עור DOCTOR OR",,RETIN-OR קרם יום אנטי אייג'ינג לעור בוגר +45,מליליטרים,50,"100 מ""ל",false,0,139.90,279.80,true,1,7290100413586
7290100413593,false,מגבונים גדולים XL לניקוי כללי בניחוח פרחי בר,קוויק,,מגבונים גדולים XL לניקוי כללי בניחוח פרחי בר,יחידות,40,יחידה,false,0,6.90,0.17,true,1,7290100413593
7290100653463,false,ג'ל רחצה עם פילינג עדין,פלמוליב Palmolive,,ג'ל רחצה עם פילינג עדין,מליליטרים,500,"100 מ""ל",false,0,15.90,3.18,true,1,7290100653463
7290100653586,false,דאודורנט ג'ל 24/7 Fresh Fusion,ליידי ספיד סטיק Lady Speed Stick,,דאודורנט ג'ל 24/7 Fresh Fusion,גרמים,65,100 גרם,false,0,19.90,46.00,true,1,7290100653586
7290100658338,false,נוזל כלים אוקסי פלוס עם נוסחת החמצן הפעיל,פלמוליב Palmolive,,נוזל כלים אוקסי פלוס עם נוסחת החמצן הפעיל,מליליטרים,750,"100 מ""ל",false,0,9.90,1.59,true,1,7290100658338
7290100659090,false,חטיף דגנים תמרים וקינמון,פרי Free,,חטיף דגנים תמרים וקינמון,גרמים,110,100 גרם,false,5,15.90,14.45,true,1,7290100659090
7290100680650,false,מנה חמה נודלס בסגנון תאילנדי,אסם,,מנה חמה נודלס בסגנון תאילנדי,גרמים,76,100 גרם,false,0,6.50,8.55,true,1,7290100680650
7290100680667,false,מנה חמה נודלס בסגנון סצ'ואן,אסם,,מנה חמה נודלס בסגנון סצ'ואן,גרמים,76,100 גרם,false,0,6.50,8.55,true,1,7290100680667
7290100680711,false,פירורית זהב,אסם,,פירורית זהב,גרמים,350,100 גרם,false,0,7.90,2.26,true,1,7290100680711
7290100680728,false,פירורית,אסם,,פירורית,גרמים,350,100 גרם,false,0,6.90,1.97,true,1,7290100680728
7290100681015,false,פודינג אינסטנט בטעם ריבת חלב,אסם,,פודינג אינסטנט בטעם ריבת חלב,גרמים,84,100 גרם,false,0,5.50,6.55,true,1,7290100681015
7290100681138,false,מארז אפרופו חטיף תירס 3 יחידות,אסם,,מארז אפרופו חטיף תירס 3 יחידות,גרמים,150,100 גרם,false,3,11.90,7.93,true,1,7290100681138
7290100681503,false,סירופ בטעם לימונענע דיאט,עסיס,,סירופ בטעם לימונענע דיאט,ליטרים,1,ליטר,false,0,16.90,16.90,true,1,7290100681503
7290100681510,false,סירופ בטעם אשכולית אדומה דיאט,עסיס,,סירופ בטעם אשכולית אדומה דיאט,ליטרים,1,ליטר,false,0,16.90,16.90,true,1,7290100681510
7290100683880,false,פירה ללא צורך בבישול,אסם,,פירה ללא צורך בבישול,גרמים,260,100 גרם,false,0,12.90,4.96,true,1,7290100683880
7290100684139,false,פסטה מיני מקרוני,אסם,,פסטה מיני מקרוני,גרמים,500,100 גרם,false,0,5.90,1.18,true,1,7290100684139
7290100684306,false,רוטב צ'ילי מתוק,אסם,,רוטב צ'ילי מתוק,מליליטרים,600,"100 מ""ל",false,0,16.90,2.82,true,1,7290100684306
7290100685068,false,אינסטנט פודינג בטעם וניל עם פצפוצי שוקולד,אסם,,אינסטנט פודינג בטעם וניל עם פצפוצי שוקולד,גרמים,110,100 גרם,false,0,5.90,5.36,true,1,7290100685068
7290100685136,false,מרק בטעם עוף פרווה,אסם,,מרק בטעם עוף פרווה,גרמים,1000,100 גרם,false,0,13.90,1.39,true,1,7290100685136
7290100685334,false,מרק עוף אמיתי- בשרי,אסם,,מרק עוף אמיתי- בשרי,גרמים,400,100 גרם,false,0,24.90,6.23,true,1,7290100685334
7290100685341,false,מרק בטעם עוף זך,אסם,,מרק בטעם עוף זך,גרמים,400,100 גרם,false,0,16.90,4.23,true,1,7290100685341
7290100685600,false,פירורית- חיטה מלאה,אסם,,פירורית- חיטה מלאה,גרמים,200,100 גרם,false,0,6.40,3.20,true,1,7290100685600
7290100685938,false,עוגת הבית דבש תפוחים פירורים,אסם,,עוגת הבית דבש תפוחים פירורים,גרמים,400,100 גרם,false,0,15.90,3.98,true,1,7290100685938
7290100687109,false,במבה במילוי קרם נוגט,אסם,,במבה במילוי קרם נוגט,גרמים,60,100 גרם,false,0,4.50,7.50,true,1,7290100687109
7290100689301,false,מרק בטעם עוף זך,אסם,,מרק בטעם עוף זך,גרמים,400,100 גרם,false,0,12.90,3.23,true,1,7290100689301
7290100700242,false,אורז מלא עגול,סוגת,,אורז מלא עגול,קילוגרמים,1,"ק""ג",false,0,8.90,8.90,true,1,7290100700242
7290100700273,false,קינואה,סוגת,,קינואה,גרמים,500,100 גרם,false,0,12.90,2.58,true,1,7290100700273
7290100700372,false,אורז בסמטי מלא,סוגת,,אורז בסמטי מלא,קילוגרמים,1,"ק""ג",false,0,12.90,12.90,true,1,7290100700372
7290100700389,false,אורז אדום,סוגת,,אורז אדום,קילוגרמים,1,"ק""ג",false,0,12.90,12.90,true,1,7290100700389
7290100700396,false,אורז יסמין קלאסי,סוגת,,אורז יסמין קלאסי,קילוגרמים,1,"ק""ג",false,0,11.90,11.90,true,1,7290100700396
7290100700563,false,אורז מיקס קלאסי,סוגת,,אורז מיקס קלאסי,קילוגרמים,1,"ק""ג",false,0,12.90,12.90,true,1,7290100700563
7290100700587,false,בורגול,סוגת,,בורגול,גרמים,500,100 גרם,false,0,4.90,0.98,true,1,7290100700587
7290100701331,false,קמח רב תכליתי שטיבל קמח חיטה לבן בהיר,סוגת,,קמח רב תכליתי שטיבל קמח חיטה לבן בהיר,קילוגרמים,1,"ק""ג",false,0,6.90,6.90,true,1,7290100701331
7290100701348,false,קמח שיפון מלא שטיבל,סוגת,,קמח שיפון מלא שטיבל,קילוגרמים,1,"ק""ג",false,0,6.90,6.90,true,1,7290100701348
7290100701454,false,גרישה - בורגול דק,סוגת,,גרישה - בורגול דק,גרמים,500,100 גרם,false,0,4.90,0.98,true,1,7290100701454
7290100701577,false,קמח לחם קמח חיטה לבן שטיבל,סוגת,,קמח לחם קמח חיטה לבן שטיבל,קילוגרמים,1,"ק""ג",false,0,6.90,6.90,true,1,7290100701577
7290100701874,false,קמח כוסמין מלא,סוגת,,קמח כוסמין מלא,קילוגרמים,1,"ק""ג",false,0,13.90,13.90,true,1,7290100701874
7290100701881,false,קמח פיצה ופוקצ'ה- קמח חיטה לבן בהיר שטיבל,סוגת,,קמח פיצה ופוקצ'ה- קמח חיטה לבן בהיר שטיבל,קילוגרמים,1,"ק""ג",false,0,6.90,6.90,true,1,7290100701881
7290100701898,false,קמח פסטה שטיבל,סוגת,,קמח פסטה שטיבל,קילוגרמים,1,"ק""ג",false,0,13.90,13.90,true,1,7290100701898
7290100702260,false,קוסקוס דק מהיר הכנה,סוגת,,קוסקוס דק מהיר הכנה,גרמים,350,100 גרם,false,0,4.90,1.40,true,1,7290100702260
7290100702277,false,קוסקוס עבה מהיר הכנה,סוגת,,קוסקוס עבה מהיר הכנה,גרמים,350,100 גרם,false,0,4.90,1.40,true,1,7290100702277
7290100702284,false,קוסקוס מלא מהיר הכנה,סוגת,,קוסקוס מלא מהיר הכנה,גרמים,350,100 גרם,false,0,4.90,1.40,true,1,7290100702284
7290100702383,false,קמח תופח שטיבל,סוגת,,קמח תופח שטיבל,קילוגרמים,1,"ק""ג",false,0,6.90,6.90,true,1,7290100702383
7290100702611,false,פתיתים אפויים אורז,סוגת,,פתיתים אפויים אורז,גרמים,500,100 גרם,false,0,5.90,1.18,true,1,7290100702611
7290100702628,false,פתיתים אפויים קוסקוס,סוגת,,פתיתים אפויים קוסקוס,גרמים,500,100 גרם,false,0,5.90,1.18,true,1,7290100702628
7290100702635,false,פתיתים אפויים כוכבים,סוגת,,פתיתים אפויים כוכבים,גרמים,500,100 גרם,false,0,5.90,1.18,true,1,7290100702635
7290100702642,false,פתיתים אפויים טבעות,סוגת,,פתיתים אפויים טבעות,גרמים,500,100 גרם,false,0,5.90,1.18,true,1,7290100702642
7290100702659,false,פתיתים אפויים מקמח מלא,סוגת,,פתיתים אפויים מקמח מלא,גרמים,400,100 גרם,false,0,5.90,1.48,true,1,7290100702659
7290100702666,false,פתיתים אפויים עם בצל,סוגת,,פתיתים אפויים עם בצל,גרמים,400,100 גרם,false,0,5.90,1.48,true,1,7290100702666
7290100703182,false,נודלס בטעם ירקות תבשיל אישי,סוגת,,נודלס בטעם ירקות תבשיל אישי,גרמים,65,100 גרם,false,0,4.90,7.54,true,1,7290100703182
7290100703199,false,נודלס בטעם פיקנטי תבשיל אישי,סוגת,,נודלס בטעם פיקנטי תבשיל אישי,גרמים,65,100 גרם,false,0,4.90,7.54,true,1,7290100703199
7290100703533,false,קמח קסם תערובת קמח עם שמרים,סוגת,,קמח קסם תערובת קמח עם שמרים,קילוגרמים,1,"ק""ג",false,0,9.90,9.90,true,1,7290100703533
7290100703625,false,קמח חיטה לבן ללא צורך בניפוי,סוגת,,קמח חיטה לבן ללא צורך בניפוי,קילוגרמים,1,"ק""ג",false,0,7.90,7.90,true,1,7290100703625
7290100703632,false,קמח חיטה מלא ללא צורך בניפוי,סוגת,,קמח חיטה מלא ללא צורך בניפוי,קילוגרמים,1,"ק""ג",false,0,9.90,9.90,true,1,7290100703632
7290100703649,false,קמח חיטה 80% ללא צורך בניפוי,סוגת,,קמח חיטה 80% ללא צורך בניפוי,קילוגרמים,1,"ק""ג",false,0,9.90,9.90,true,1,7290100703649
7290100703687,false,קמח לחלה ללא צורך בניפוי,סוגת,,קמח לחלה ללא צורך בניפוי,קילוגרמים,1,"ק""ג",false,0,9.90,9.90,true,1,7290100703687
7290100703915,false,פופקורן להכנה במיקרוגל בטעם חמאה - מארז 6 שקיות,סוגת,,פופקורן להכנה במיקרוגל בטעם חמאה - מארז 6 שקיות,גרמים,540,100 גרם,false,6,9.90,1.83,true,1,7290100703915
7290100703922,false,פופקורן להכנה במיקרוגל בטעם טבעי - מארז 6 שקיות,סוגת,,פופקורן להכנה במיקרוגל בטעם טבעי - מארז 6 שקיות,גרמים,540,100 גרם,false,6,9.90,1.83,true,1,7290100703922
7290100704615,false,סוכר לבן דק דק,סוגת,,סוכר לבן דק דק,גרמים,500,100 גרם,false,0,7.90,1.58,true,1,7290100704615
7290100704622,false,סוכר דמררה דק דק,סוגת,,סוכר דמררה דק דק,גרמים,500,100 גרם,false,0,7.90,1.58,true,1,7290100704622
7290100850909,false,דוריטוס בטעם נאצ'ו מקסיקני,עלית,,דוריטוס בטעם נאצ'ו מקסיקני,גרמים,70,100 גרם,false,0,3.50,5.00,true,1,7290100850909
7290100850916,false,דוריטוס בטעם חמוץ חריף,עלית,,דוריטוס בטעם חמוץ חריף,גרמים,70,100 גרם,false,0,3.50,5.00,true,1,7290100850916
7290100850923,false,דוריטוס בטעם גריל,עלית,,דוריטוס בטעם גריל,גרמים,70,100 גרם,false,0,3.50,5.00,true,1,7290100850923
7290100850930,false,דוריטוס בטעם טבעי,עלית,,דוריטוס בטעם טבעי,גרמים,70,100 גרם,false,0,3.50,5.00,true,1,7290100850930
7290100858592,false,קקאו דל שומן,עלית,,קקאו דל שומן,גרמים,150,100 גרם,false,0,7.90,6.60,true,1,7290100858592
7290100858608,false,קקאו דל שומן,עלית,,קקאו דל שומן,גרמים,500,100 גרם,false,0,25.90,5.18,true,1,7290100858608
7290100921593,false,סבון נתלה לאסלה לימון רענן,סוד,,סבון נתלה לאסלה לימון רענן,גרמים,50,100 גרם,false,0,5.50,17.80,true,1,7290100921593
7290100921609,false,סבון נתלה לאסלה בריזת אוקיינוס,סוד,,סבון נתלה לאסלה בריזת אוקיינוס,גרמים,50,100 גרם,false,0,5.50,17.80,true,1,7290100921609
7290100921616,false,סבון נתלה לאסלה חורשת אורנים,סוד,,סבון נתלה לאסלה חורשת אורנים,גרמים,50,100 גרם,false,0,5.50,17.80,true,1,7290100921616
7290100921623,false,סבון נתלה לאסלה אקונומיקה,סוד,,סבון נתלה לאסלה אקונומיקה,גרמים,50,100 גרם,false,0,5.50,17.80,true,1,7290100921623
7290100922569,false,קרם לטיפוח עוד הידיים והגוף- מארז שלישייה,ולוטה,,קרם לטיפוח עוד הידיים והגוף- מארז שלישייה,מליליטרים,300,"100 מ""ל",false,3,19.90,6.63,true,1,7290100922569
7290100924204,false,אבקת כביסה פרסיל,פרסיל Persil,,אבקת כביסה פרסיל,קילוגרמים,8,"ק""ג",false,0,54.90,6.86,true,1,7290100924204
7290100924457,false,כדוריות סבון נתלה לאסלה לימון רענן - 3 יח',סוד,,כדוריות סבון נתלה לאסלה לימון רענן - 3 יח',גרמים,150,100 גרם,false,0,19.90,13.27,true,1,7290100924457
7290100924464,false,כדוריות סבון נתלה לאסלה עם אקונומיקה - 3 יח',סוד,,כדוריות סבון נתלה לאסלה עם אקונומיקה - 3 יח',יחידות,3,יחידה,false,0,19.90,6.63,true,1,7290100924464
7290100924631,false,מרכך כביסה מרוכז לבגדי תינוקות ובעלי עור רגיש,סוד,,מרכך כביסה מרוכז לבגדי תינוקות ובעלי עור רגיש,מליליטרים,900,"100 מ""ל",false,0,11.90,1.32,true,1,7290100924631
7290100924693,false,סבון נתלה לאסלה כחול אקטיבי אקונומיקה,סוד,,סבון נתלה לאסלה כחול אקטיבי אקונומיקה,גרמים,50,100 גרם,false,0,5.50,17.80,true,1,7290100924693
7290100925669,false,קולור קאצ'ר- לוכד צבעים בכביסה 10 יח',הנקל Henkel,,קולור קאצ'ר- לוכד צבעים בכביסה 10 יח',יחידות,10,יחידה,false,0,7.50,1.49,true,1,7290100925669
7290100925676,false,קולור קאצ'ר- לוכד צבעים בכביסה 20 יח',הנקל Henkel,,קולור קאצ'ר- לוכד צבעים בכביסה 20 יח',יחידות,20,יחידה,false,0,19.90,1.00,true,1,7290100925676
7290100925751,false,נוזל כלים בניחוח תפוח,סוד,,נוזל כלים בניחוח תפוח,מליליטרים,650,"100 מ""ל",false,0,5.90,0.91,true,1,7290100925751
7290100925775,false,נוזל כלים רימון ותאנים,סוד,,נוזל כלים רימון ותאנים,מליליטרים,650,"100 מ""ל",false,0,5.90,0.91,true,1,7290100925775
7290100926147,false,אבקת כביסה פרסיל לכביסה צבעונית,פרסיל Persil,,אבקת כביסה פרסיל לכביסה צבעונית,קילוגרמים,3,"ק""ג",false,0,28.90,11.56,true,1,7290100926147
7290100926598,false,אבקת כביסה,פרסיל Persil,,אבקת כביסה,קילוגרמים,5,"ק""ג",false,0,44.90,8.98,true,1,7290100926598
7290100927717,false,אבקת כביסה לכביסה צבעונית,פרסיל Persil,,אבקת כביסה לכביסה צבעונית,קילוגרמים,5,"ק""ג",false,0,44.90,8.98,true,1,7290100927717
7290100928516,false,ג'ל לכביסה ביד,סוד,,ג'ל לכביסה ביד,ליטרים,1,ליטר,false,0,13.90,13.90,true,1,7290100928516
7290101486688,false,חטיף דגנים שוקולד ואגוזים,פרי Free,,חטיף דגנים שוקולד ואגוזים,גרמים,100,100 גרם,false,5,15.90,15.90,true,1,7290101486688
7290101488248,false,דאודורנט רול און 24/7 Fresh Fusion,ליידי ספיד סטיק Lady Speed Stick,,דאודורנט רול און 24/7 Fresh Fusion,מליליטרים,50,"100 מ""ל",false,0,19.90,39.80,true,1,7290101488248
7290101488286,false,דאודורנט ספריי 24/7 Fresh Fusion,ליידי ספיד סטיק Lady Speed Stick,,דאודורנט ספריי 24/7 Fresh Fusion,מליליטרים,150,"100 מ""ל",false,0,24.90,16.60,true,1,7290101488286
7290101488316,false,דאודורנט סטיק Shower Fresh,ליידי ספיד סטיק Lady Speed Stick,,דאודורנט סטיק Shower Fresh,גרמים,65,100 גרם,false,0,19.90,46.00,true,1,7290101488316
7290101488323,false,דאודורנט סטיק Power Fresh,ליידי ספיד סטיק Lady Speed Stick,,דאודורנט סטיק Power Fresh,גרמים,65,100 גרם,false,0,19.90,46.00,true,1,7290101488323
7290101551027,false,קפסולות קפה חזק במיוחד,עלית,,קפסולות קפה חזק במיוחד,גרמים,50,100 גרם,false,0,16.50,33.00,true,1,7290101551027
7290101551263,false,סילאן טבעי ללא תוספת סוכר,יד מרדכי,,סילאן טבעי ללא תוספת סוכר,גרמים,700,100 גרם,false,0,19.90,3.13,true,1,7290101551263
7290101551300,false,סילאן טבעי ללא תוספת סוכר בקבוק לחיץ,יד מרדכי,,סילאן טבעי ללא תוספת סוכר בקבוק לחיץ,גרמים,380,100 גרם,false,0,12.90,4.18,true,1,7290101551300
7290101551539,false,יוגורט PRO בטעם אפרסק 0% 20 גרם חלבון בגביע,דנונה - שטראוס,,יוגורט PRO בטעם אפרסק 0% 20 גרם חלבון בגביע,גרמים,200,100 גרם,false,0,5.90,2.95,true,1,7290101551539
7290101551584,false,מארז 10 תפוצ'יפס קידס,עלית,,מארז 10 תפוצ'יפס קידס,גרמים,200,100 גרם,false,10,12.90,6.45,true,1,7290101551584
7290101551614,false,חטיף צ'יטוס קראנץ בטעם גבינה - מארז 8 יח',עלית,,חטיף צ'יטוס קראנץ בטעם גבינה - מארז 8 יח',גרמים,240,100 גרם,false,8,12.90,5.38,true,1,7290101551614
7290101551638,false,חטיף צ'יטוס כאפה בטעם קטשופ - מארז 10 יח',עלית,,חטיף צ'יטוס כאפה בטעם קטשופ - מארז 10 יח',גרמים,200,100 גרם,false,10,12.90,6.45,true,1,7290101551638
7290101551645,false,חטיף צ'יטוס איקס עיגול בטעם פיצה - מארז 10 יח',עלית,,חטיף צ'יטוס איקס עיגול בטעם פיצה - מארז 10 יח',גרמים,200,100 גרם,false,10,12.90,6.45,true,1,7290101551645
7290101580089,false,יין יוגב קברנה סוביניון,בנימינה Binyamina,,יין יוגב קברנה סוביניון,מליליטרים,750,"100 מ""ל",false,0,39.90,5.32,true,1,7290101580089
7290101580942,false,יין כרם קברנה סובניון,בנימינה Binyamina,,יין כרם קברנה סובניון,מליליטרים,750,"100 מ""ל",false,0,19.90,3.32,true,1,7290101580942
7290101580959,false,יין כרם מרלו,בנימינה Binyamina,,יין כרם מרלו,מליליטרים,750,"100 מ""ל",false,0,19.90,3.32,true,1,7290101580959
7290101580966,false,יין כרם אמרלד ריזלינג,בנימינה Binyamina,,יין כרם אמרלד ריזלינג,מליליטרים,750,"100 מ""ל",false,0,19.90,3.32,true,1,7290101580966
7290101581208,false,יין רזרב Reserve קברנה סוביניון גליל,בנימינה Binyamina,,יין רזרב Reserve קברנה סוביניון גליל,מליליטרים,750,"100 מ""ל",false,0,49.90,6.65,true,1,7290101581208
7290101581338,false,יין לבן יבש אבני החושן ישפה,בנימינה Binyamina,,יין לבן יבש אבני החושן ישפה,מליליטרים,750,"100 מ""ל",false,0,99.90,13.32,true,1,7290101581338
7290101581604,false,יין אדום יבש אבני החושן אודם,בנימינה Binyamina,,יין אדום יבש אבני החושן אודם,מליליטרים,750,"100 מ""ל",false,0,99.90,13.32,true,1,7290101581604
7290101581628,false,יין אדום יבש אבני חושן יהלום,בנימינה Binyamina,,יין אדום יבש אבני חושן יהלום,מליליטרים,750,"100 מ""ל",false,0,99.90,13.32,true,1,7290101581628
7290101581635,false,יין אדום יבש אבני החושן ספיר,בנימינה Binyamina,,יין אדום יבש אבני החושן ספיר,מליליטרים,750,"100 מ""ל",false,0,99.90,13.32,true,1,7290101581635
7290101581710,false,יין רזרב Reserve שיראז גליל,בנימינה Binyamina,,יין רזרב Reserve שיראז גליל,מליליטרים,750,"100 מ""ל",false,0,49.90,6.65,true,1,7290101581710
7290101581734,false,יין רזרב Reserve מרלו גליל,בנימינה Binyamina,,יין רזרב Reserve מרלו גליל,מליליטרים,750,"100 מ""ל",false,0,49.90,6.65,true,1,7290101581734
7290101582359,false,יין שרדונה המושבה,בנימינה Binyamina,,יין שרדונה המושבה,מליליטרים,750,"100 מ""ל",false,0,29.90,3.99,true,1,7290101582359
7290101582366,false,יין קברנה סוביניון המושבה,בנימינה Binyamina,,יין קברנה סוביניון המושבה,מליליטרים,750,"100 מ""ל",false,0,29.90,3.99,true,1,7290101582366
7290101582373,false,ייו רוזה גרנאש המושבה,בנימינה Binyamina,,ייו רוזה גרנאש המושבה,מליליטרים,750,"100 מ""ל",false,0,29.90,3.99,true,1,7290101582373
7290101582397,false,יין מרלו המושבה,בנימינה Binyamina,,יין מרלו המושבה,מליליטרים,750,"100 מ""ל",false,0,29.90,3.99,true,1,7290101582397
7290101582403,false,יין שיראז המושבה,בנימינה Binyamina,,יין שיראז המושבה,מליליטרים,750,"100 מ""ל",false,0,29.90,3.99,true,1,7290101582403
7290101582410,false,יין גוורצטרמינר לבן חצי יבש,בנימינה Binyamina,,יין גוורצטרמינר לבן חצי יבש,מליליטרים,750,"100 מ""ל",false,0,49.90,6.65,true,1,7290101582410
7290101582496,false,יין לבן חצי מתוק אמרלד ריזלינג,בנימינה Binyamina,,יין לבן חצי מתוק אמרלד ריזלינג,מליליטרים,750,"100 מ""ל",false,0,49.90,6.65,true,1,7290101582496
7290101582571,false,יין רוזה חצי יבש גרנאש,בנימינה Binyamina,,יין רוזה חצי יבש גרנאש,מליליטרים,750,"100 מ""ל",false,0,49.90,6.65,true,1,7290101582571
7290101582632,false,יין אדום יבש המערה,המערה The Cave,,יין אדום יבש המערה,מליליטרים,750,"100 מ""ל",false,0,259.00,34.53,true,1,7290101582632
7290101863410,false,סיליט באנג נקיון עוצמתי מכיל אקונומיקה,סיליט באנג Cillit Bang,,סיליט באנג נקיון עוצמתי מכיל אקונומיקה,מליליטרים,750,"100 מ""ל",false,0,14.90,1.99,true,1,7290101863410
7290101864127,false,ספריי להסרת כתמים,קליה וניש Kalia Vanish,,ספריי להסרת כתמים,מליליטרים,750,"100 מ""ל",false,0,19.90,2.65,true,1,7290101864127
7290101865261,false,נוזל הברקה למדיח,פיניש Finish,,נוזל הברקה למדיח,מליליטרים,800,"100 מ""ל",false,0,19.90,2.49,true,1,7290101865261
7290101866633,false,ג'ל להסרת כתמים,קליה וניש Kalia Vanish,,ג'ל להסרת כתמים,ליטרים,3,ליטר,false,0,34.90,11.63,true,1,7290101866633
7290101866787,false,מסיר כתמים ומלבין לכביסה לבנה,קליה וניש Kalia Vanish,,מסיר כתמים ומלבין לכביסה לבנה,ליטרים,3,ליטר,false,0,34.90,11.63,true,1,7290101866787
7290101868460,false,אבקת כביסה קולון 101,קולון Colon,,אבקת כביסה קולון 101,קילוגרמים,8,"ק""ג",false,0,54.90,6.86,true,1,7290101868460
7290101868958,false,נוזל הברקה למדיח בניחוח לימון,פיניש Finish,,נוזל הברקה למדיח בניחוח לימון,מליליטרים,800,"100 מ""ל",false,0,19.90,2.49,true,1,7290101868958
7290101869702,false,ג'ל מרוכז למדיח פיניש all in one max,פיניש Finish,,ג'ל מרוכז למדיח פיניש all in one max,מליליטרים,600,"100 מ""ל",false,0,32.90,5.48,true,1,7290101869702
7290101869719,false,ג'ל מרוכז למדיח פיניש all in one max בניחוח לימון,פיניש Finish,,ג'ל מרוכז למדיח פיניש all in one max בניחוח לימון,מליליטרים,600,"100 מ""ל",false,0,32.90,5.48,true,1,7290101869719
7290101869726,false,ג'ל מרוכז למדיח פיניש all in one max,פיניש Finish,,ג'ל מרוכז למדיח פיניש all in one max,מליליטרים,1000,"100 מ""ל",false,0,42.90,4.29,true,1,7290101869726
7290101869733,false,ג'ל למדיח פיניש לימון,פיניש Finish,,ג'ל למדיח פיניש לימון,מליליטרים,1000,"100 מ""ל",false,0,42.90,4.29,true,1,7290101869733
7290101869788,false,מילוי למכשיר ספריי אוטומטי אואזיס,איירוויק Air Wick,,מילוי למכשיר ספריי אוטומטי אואזיס,מליליטרים,250,"100 מ""ל",false,0,19.90,7.96,true,1,7290101869788
7290101869795,false,מילוי למכשיר ספריי אוטומטי חלום ליל קיץ,איירוויק Air Wick,,מילוי למכשיר ספריי אוטומטי חלום ליל קיץ,מליליטרים,250,"100 מ""ל",false,0,19.90,7.96,true,1,7290101869795
7290101869818,false,מכשיר מבשם אויר חשמלי חלום ליל קיץ,איירוויק Air Wick,,מכשיר מבשם אויר חשמלי חלום ליל קיץ,מליליטרים,19,"100 מ""ל",false,0,26.90,141.58,true,1,7290101869818
7290101869825,false,מילוי למכשיר מבשם אויר חשמלי אואזיס,איירוויק Air Wick,,מילוי למכשיר מבשם אויר חשמלי אואזיס,מליליטרים,19,"100 מ""ל",false,0,19.90,104.74,true,1,7290101869825
7290101869832,false,מילוי למכשיר מבשם אויר חשמלי חלום ליל קיץ,איירוויק Air Wick,,מילוי למכשיר מבשם אויר חשמלי חלום ליל קיץ,מליליטרים,19,"100 מ""ל",false,0,19.90,104.74,true,1,7290101869832
7290101869917,false,מילוי למכשיר ספריי אוטומטי היער הקסום,איירוויק Air Wick,,מילוי למכשיר ספריי אוטומטי היער הקסום,מליליטרים,250,"100 מ""ל",false,0,19.90,7.96,true,1,7290101869917
7290101869962,false,מקלות ריחניים חלום ליל קיץ,איירוויק Air Wick,,מקלות ריחניים חלום ליל קיץ,מליליטרים,30,"100 מ""ל",false,0,24.90,83.00,true,1,7290101869962
7290101869979,false,מקלות ריחניים אואזיס,איירוויק Air Wick,,מקלות ריחניים אואזיס,מליליטרים,30,"100 מ""ל",false,0,24.90,83.00,true,1,7290101869979
7290101925606,false,ממחטות אף רכות,פרפקט Perfect,,ממחטות אף רכות,יחידות,120,יחידה,false,0,9.90,0.08,true,1,7290101925606
7290101925620,false,ממחטות אף רכות 3 שכבות,פרפקט Perfect,,ממחטות אף רכות 3 שכבות,יחידות,56,יחידה,false,0,7.90,0.14,true,1,7290101925620
7290102030330,false,תפוצ'יפס קראנצ' בטעם מקסיקני,עלית,,תפוצ'יפס קראנצ' בטעם מקסיקני,גרמים,200,100 גרם,false,0,9.90,4.95,true,1,7290102030330
7290102031276,false,מארז 8 יחידות אקטימל משקה יוגורט בטעם תות בננה,דנונה - שטראוס,,מארז 8 יחידות אקטימל משקה יוגורט בטעם תות בננה,גרמים,864,100 גרם,false,8,19.90,2.30,true,1,7290102031276
7290102032334,false,אבקה להכנת משקה קפה בטעם וניל,עלית,,אבקה להכנת משקה קפה בטעם וניל,גרמים,200,100 גרם,false,0,26.90,13.45,true,1,7290102032334
7290102060764,false,מארז זוג מברשות שיניים מרידול,מרידול Meridol,,מארז זוג מברשות שיניים מרידול,יחידות,2,יחידה,false,0,34.90,17.45,true,1,7290102060764
7290102060979,false,משחת שיניים למניעת עששת,אלמקס,,משחת שיניים למניעת עששת,גרמים,100,100 גרם,false,0,14.90,18.90,true,1,7290102060979
7290102062195,false,משחת שיניים ג'וניור לגילאי 6-12,אלמקס,,משחת שיניים ג'וניור לגילאי 6-12,גרמים,75,100 גרם,false,0,15.90,21.20,true,1,7290102062195
7290102300822,false,גבינת צ'דר אנגלי כתום 35%,הגבינות של נני,,גבינת צ'דר אנגלי כתום 35%,גרמים,200,100 גרם,false,0,20.90,10.95,true,1,7290102300822
7290102300860,false,גבינת צ'דר אנגלי לבן 35%,הגבינות של נני,,גבינת צ'דר אנגלי לבן 35%,גרמים,200,100 גרם,false,0,20.90,10.95,true,1,7290102300860
7290102302864,false,גבינה הולנדית עם פסטו ירוק 34%,הנרי ויליך Henri Willig,,גבינה הולנדית עם פסטו ירוק 34%,גרמים,200,100 גרם,false,0,25.90,17.45,true,1,7290102302864
7290102302888,false,גבינת גאודה עם כמון,הנרי ויליך Henri Willig,,גבינת גאודה עם כמון,גרמים,200,100 גרם,false,0,29.90,14.95,true,1,7290102302888
7290102302963,false,פרוסות טבעונית עשבי תיבול,גאיה Gaia,,פרוסות טבעונית עשבי תיבול,גרמים,150,100 גרם,false,0,22.90,15.27,true,1,7290102302963
7290102390427,false,מולר יוגורט לבן עם קציפת תות 3%,מולר Muller,,מולר יוגורט לבן עם קציפת תות 3%,מליליטרים,150,"100 מ""ל",false,0,4.70,3.13,true,1,7290102390427
7290102390465,false,מולר יוגורט לבן עם קציפת אפרסק ופסיפלורה 3%,מולר Muller,,מולר יוגורט לבן עם קציפת אפרסק ופסיפלורה 3%,מליליטרים,150,"100 מ""ל",false,0,4.70,3.13,true,1,7290102390465
7290102390489,false,מולר יוגורט לבן עם קציפת לימון 3%,מולר Muller,,מולר יוגורט לבן עם קציפת לימון 3%,מליליטרים,150,"100 מ""ל",false,0,4.70,3.13,true,1,7290102390489
7290102391844,false,מולר יוגורט לבן עם קציפת פירות יער 3%,מולר Muller,,מולר יוגורט לבן עם קציפת פירות יער 3%,מליליטרים,150,"100 מ""ל",false,0,4.70,3.13,true,1,7290102391844
7290102392049,false,גבינת תבור 5%,משק צוריאל,,גבינת תבור 5%,גרמים,500,100 גרם,false,0,22.90,4.58,true,1,7290102392049
7290102392094,false,חלב עיזים מלא,משק צוריאל,,חלב עיזים מלא,ליטרים,1,ליטר,false,0,14.90,14.90,true,1,7290102392094
7290102392254,false,חלב בקרטון 1%,טרה,,חלב בקרטון 1%,ליטרים,2,ליטר,false,0,11.70,5.85,true,1,7290102392254
7290102392728,false,יוגורט ביו בטעם טבעי 2.8%,מולר Muller,,יוגורט ביו בטעם טבעי 2.8%,גרמים,200,100 גרם,false,0,3.70,1.85,true,1,7290102392728
7290102393039,false,מולר מיקס יוגורט קרמי עם פצפוצי שוקולד,מולר Muller,,מולר מיקס יוגורט קרמי עם פצפוצי שוקולד,גרמים,170,100 גרם,false,0,5.40,3.18,true,1,7290102393039
7290102393060,false,מולר מיקס יוגורט קרמי עם כדורים מצופים,מולר Muller,,מולר מיקס יוגורט קרמי עם כדורים מצופים,מליליטרים,170,"100 מ""ל",false,0,5.40,3.18,true,1,7290102393060
7290102393169,false,יוגורט ביו עם תות שדה 3% Simply Fruit,מולר Muller,,יוגורט ביו עם תות שדה 3% Simply Fruit,גרמים,150,100 גרם,false,0,4.80,3.20,true,1,7290102393169
7290102393176,false,יוגורט ביו עם אפרסק 3% Simply Fruit,מולר Muller,,יוגורט ביו עם אפרסק 3% Simply Fruit,גרמים,150,100 גרם,false,0,4.80,3.20,true,1,7290102393176
7290102393190,false,יוגורט ביו עם פירות יער 3% Simply Fruit,מולר Muller,,יוגורט ביו עם פירות יער 3% Simply Fruit,גרמים,150,100 גרם,false,0,4.80,3.20,true,1,7290102393190
7290102393268,false,גבינה לבנה 5%,טרה,,גבינה לבנה 5%,גרמים,750,100 גרם,false,0,14.85,1.98,true,1,7290102393268
7290102393299,false,יוגורט עיזים 3.8%,משק צוריאל,,יוגורט עיזים 3.8%,גרמים,500,100 גרם,false,0,12.90,2.58,true,1,7290102393299
7290102393718,false,גבינת חלומי מלוחה 28% מחלב בקר,משק צוריאל,,גבינת חלומי מלוחה 28% מחלב בקר,גרמים,200,100 גרם,false,0,19.90,9.95,true,1,7290102393718
7290102393848,false,יוגורט עיזים תות,משק צוריאל,,יוגורט עיזים תות,גרמים,150,100 גרם,false,0,5.90,3.93,true,1,7290102393848
7290102393855,false,יוגורט עיזים אפרסק,משק צוריאל,,יוגורט עיזים אפרסק,גרמים,150,100 גרם,false,0,5.90,3.93,true,1,7290102393855
7290102393947,false,יוגורט ביו עם קיווי 3% Simply Fruit,מולר Muller,,יוגורט ביו עם קיווי 3% Simply Fruit,גרמים,150,100 גרם,false,0,4.80,3.20,true,1,7290102393947
7290102394081,false,מולר מיקס יוגורט קרמי עם קורנפלקס מצופה שוקולד,מולר Muller,,מולר מיקס יוגורט קרמי עם קורנפלקס מצופה שוקולד,מליליטרים,170,"100 מ""ל",false,0,5.40,3.18,true,1,7290102394081
7290102394258,false,מה-עז גבינה מחלב עיזים 9%,משק צוריאל,,מה-עז גבינה מחלב עיזים 9%,גרמים,180,100 גרם,false,0,21.90,12.17,true,1,7290102394258
7290102394463,false,גבינה נעם קלאסית 28%,טרה,,גבינה נעם קלאסית 28%,גרמים,500,100 גרם,false,0,26.90,5.38,true,1,7290102394463
7290102394821,false,פרוסות גבינת נעם קלאסית 28%,טרה,,פרוסות גבינת נעם קלאסית 28%,גרמים,200,100 גרם,false,0,15.60,7.80,true,1,7290102394821
7290102394845,false,פרוסות גבינת נעם מופחתת שומן 9%,טרה,,פרוסות גבינת נעם מופחתת שומן 9%,גרמים,200,100 גרם,false,0,16.90,8.45,true,1,7290102394845
7290102395217,false,מארז 8 גביעי יוגורט ביו במתיקות מעודנת 1.2%,מולר Muller,,מארז 8 גביעי יוגורט ביו במתיקות מעודנת 1.2%,גרמים,1200,100 גרם,false,8,17.90,1.49,true,1,7290102395217
7290102395224,false,מארז 8 גביעים יוגורט ביו בטעם טבעי 1.7%,מולר Muller,,מארז 8 גביעים יוגורט ביו בטעם טבעי 1.7%,גרמים,1200,100 גרם,false,8,15.90,1.33,true,1,7290102395224
7290102395231,false,מארז 8 גביעים יוגורט ביו בטעם טבעי 2.8%,מולר Muller,,מארז 8 גביעים יוגורט ביו בטעם טבעי 2.8%,גרמים,1200,100 גרם,false,8,15.90,1.33,true,1,7290102395231
7290102395262,false,מארז 8 גביעים יוגורט בטעם תות שדה ואפרסק 3% Simply Fruit,מולר Muller,,מארז 8 גביעים יוגורט בטעם תות שדה ואפרסק 3% Simply Fruit,גרמים,1200,100 גרם,false,8,29.90,2.49,true,1,7290102395262
7290102395378,false,גבינת נעם פרוסה 28%,טרה,,גבינת נעם פרוסה 28%,גרמים,360,100 גרם,false,0,19.90,5.53,true,1,7290102395378
7290102395415,true,גבינה צהובה נועם 9%,טרה,,גבינה צהובה נועם 9%,קילוגרמים,0,"ק""ג",true,0,71.00,0.00,true,1,7290102395415
7290102395439,false,מארז 8 גביעים יוגורט בטעם פירות יער וקיווי 3% Simply Fruit,מולר Muller,,מארז 8 גביעים יוגורט בטעם פירות יער וקיווי 3% Simply Fruit,גרמים,1200,100 גרם,false,8,29.90,2.49,true,1,7290102395439
7290102395446,false,מעדן חלב בטעם וניל עם קצפת,טרה,,מעדן חלב בטעם וניל עם קצפת,גרמים,123,100 גרם,false,0,2.90,2.36,true,1,7290102395446
7290102395477,false,מעדן חלב בטעם שוקולד עם קצפת,טרה,,מעדן חלב בטעם שוקולד עם קצפת,גרמים,123,100 גרם,false,0,2.90,2.36,true,1,7290102395477
7290102395521,false,שמנת עמידה לבישול 15%,טרה,,שמנת עמידה לבישול 15%,מליליטרים,500,"100 מ""ל",false,0,15.90,3.18,true,1,7290102395521
7290102396399,false,מארז 8 יחידות מעדן חלב בטעם שוקולד 1.5%,טרה,,מארז 8 יחידות מעדן חלב בטעם שוקולד 1.5%,גרמים,800,100 גרם,false,8,12.90,1.61,true,1,7290102396399
7290102396405,false,מארז 8 יחידות מעדן חלב בטעם וניל 1.5%,טרה,,מארז 8 יחידות מעדן חלב בטעם וניל 1.5%,גרמים,800,100 גרם,false,8,12.90,1.61,true,1,7290102396405
7290102396436,false,מעדן חלב בטעם שוקולד 1.5%,טרה,,מעדן חלב בטעם שוקולד 1.5%,גרמים,125,100 גרם,false,0,2.70,2.16,true,1,7290102396436
7290102396443,false,מעדן חלב בטעם וניל 1.5%,טרה,,מעדן חלב בטעם וניל 1.5%,גרמים,125,100 גרם,false,0,2.70,2.16,true,1,7290102396443
7290102396580,false,מעדן חלב עם מוס בטעם שוקו שוקו,טרה,,מעדן חלב עם מוס בטעם שוקו שוקו,גרמים,123,100 גרם,false,0,2.90,2.36,true,1,7290102396580
7290102396597,false,מעדן חלב עם מוס בטעם שוקו וניל,טרה,,מעדן חלב עם מוס בטעם שוקו וניל,גרמים,123,100 גרם,false,0,2.90,2.36,true,1,7290102396597
7290102396665,false,פרוסות גבינת נעם מופחתת שומן 15%,טרה,,פרוסות גבינת נעם מופחתת שומן 15%,גרמים,200,100 גרם,false,0,15.60,7.80,true,1,7290102396665
7290102396672,false,נעם פרוסות גבינה 9% שומן,טרה,,נעם פרוסות גבינה 9% שומן,גרמים,360,100 גרם,false,0,25.90,7.19,true,1,7290102396672
7290102396719,false,יוגורט ביו עם תות שדה 0% Simply Fruit,מולר Muller,,יוגורט ביו עם תות שדה 0% Simply Fruit,גרמים,150,100 גרם,false,0,4.80,3.20,true,1,7290102396719
7290102396740,false,מארז 8 גביעים יוגורט בטעם תות שדה ואפרסק 0% Simply Fruit,מולר Muller,,מארז 8 גביעים יוגורט בטעם תות שדה ואפרסק 0% Simply Fruit,גרמים,1200,100 גרם,false,8,29.90,2.49,true,1,7290102396740
7290102397075,false,יוגורט טבעי 4% שומן בקרטון,טרה,,יוגורט טבעי 4% שומן בקרטון,ליטרים,2,ליטר,false,0,12.90,8.60,true,1,7290102397075
7290102397204,false,נעם פרוסות גבינה 22% שומן,טרה,,נעם פרוסות גבינה 22% שומן,גרמים,200,100 גרם,false,0,15.60,7.80,true,1,7290102397204
7290102397310,false,מיני מעדן חלב שוקולד עם קצפת- מארז 8 יח',טרה,,מיני מעדן חלב שוקולד עם קצפת- מארז 8 יח',גרמים,560,100 גרם,false,8,11.90,2.13,true,1,7290102397310
7290102397334,false,גבינה בולגרית 5%,משק צוריאל,,גבינה בולגרית 5%,גרמים,250,100 גרם,false,0,19.90,7.96,true,1,7290102397334
7290102397464,false,יוגורט ביו + גרעינים אגוזים וחמוציות,מולר Muller,,יוגורט ביו + גרעינים אגוזים וחמוציות,גרמים,170,100 גרם,false,0,5.40,3.18,true,1,7290102397464
7290102397600,false,יוגורט ביו קרמי מיקס עם בוטנים ושקדים מקורמלים,מולר Muller,,יוגורט ביו קרמי מיקס עם בוטנים ושקדים מקורמלים,גרמים,170,100 גרם,false,0,5.40,3.18,true,1,7290102397600
7290102397617,false,יוגורט ביו קרמי עם כדורים מצופים שוקולד חום לבן,מולר Muller,,יוגורט ביו קרמי עם כדורים מצופים שוקולד חום לבן,גרמים,170,100 גרם,false,0,5.40,3.18,true,1,7290102397617
7290102397679,false,קוטג' וחצי 5%,טרה,,קוטג' וחצי 5%,גרמים,375,100 גרם,false,0,7.90,2.11,true,1,7290102397679
7290102397730,false,פרוסות גבינת אמנטל 30% נעם,טרה,,פרוסות גבינת אמנטל 30% נעם,גרמים,200,100 גרם,false,0,16.90,8.45,true,1,7290102397730
7290102397747,false,פרוסות גבינת מוצרלה נעם מחלב בקר 22%,טרה,,פרוסות גבינת מוצרלה נעם מחלב בקר 22%,גרמים,200,100 גרם,false,0,17.90,8.95,true,1,7290102397747
7290102397891,false,גבינה מותכת,משק צוריאל,,גבינה מותכת,גרמים,100,100 גרם,false,4,6.90,6.90,true,1,7290102397891
7290102398065,false,חלב 3% בקרטון,טרה,,חלב 3% בקרטון,ליטרים,2,ליטר,false,0,12.40,6.20,true,1,7290102398065
7290102398072,false,חלב בקרטון 3% מהדרין,טרה,,חלב בקרטון 3% מהדרין,ליטרים,1,ליטר,false,0,6.20,6.20,true,1,7290102398072
7290102398331,false,חלב דל לקטוז 2% מועשר בויטמין D,טרה,,חלב דל לקטוז 2% מועשר בויטמין D,ליטרים,1,ליטר,false,0,7.40,7.40,true,1,7290102398331
7290102398478,false,לאבנה 9%,טרה,,לאבנה 9%,גרמים,500,100 גרם,false,0,19.90,3.98,true,1,7290102398478
7290102398560,false,משקה חלב בטעם שוקו 2%,טרה,,משקה חלב בטעם שוקו 2%,ליטרים,1,ליטר,false,0,10.90,10.90,true,1,7290102398560
7290102398577,false,משקה חלב בטעם שוקו 2% בבקבוק אישי,טרה,,משקה חלב בטעם שוקו 2% בבקבוק אישי,מליליטרים,250,"100 מ""ל",false,0,5.20,2.08,true,1,7290102398577
7290102398614,false,משקה חלב בטעם בננה 2%,טרה,,משקה חלב בטעם בננה 2%,ליטרים,1,ליטר,false,0,10.90,10.90,true,1,7290102398614
7290102398638,false,משקה חלב בטעם מוקה 2%,טרה,,משקה חלב בטעם מוקה 2%,ליטרים,1,ליטר,false,0,10.90,10.90,true,1,7290102398638
7290102398669,false,משקה חלב עם קפה אייס קפוצ'ינו 1.5%,טרה,,משקה חלב עם קפה אייס קפוצ'ינו 1.5%,ליטרים,1,ליטר,false,0,10.90,10.90,true,1,7290102398669
7290102398782,false,משקה סויה קלאסי,משק צוריאל,,משקה סויה קלאסי,ליטרים,1,ליטר,false,0,9.90,9.90,true,1,7290102398782
7290102398799,false,משקה סויה במתיקות מופחתת,משק צוריאל,,משקה סויה במתיקות מופחתת,ליטרים,1,ליטר,false,0,9.90,9.90,true,1,7290102398799
7290102398805,false,משקה סויה בטעם וניל,משק צוריאל,,משקה סויה בטעם וניל,ליטרים,1,ליטר,false,0,9.90,9.90,true,1,7290102398805
7290102398836,false,משקה שקדים קלאסי,משק צוריאל,,משקה שקדים קלאסי,ליטרים,1,ליטר,false,0,11.90,11.90,true,1,7290102398836
7290102399048,false,פרוסות גבינת קשקבל 25% נעם,טרה,,פרוסות גבינת קשקבל 25% נעם,גרמים,200,100 גרם,false,0,22.90,11.45,true,1,7290102399048
7290102399635,false,יוגורט ביו עם קציפת קוקוס ואננס 4.1%,מולר Muller,,יוגורט ביו עם קציפת קוקוס ואננס 4.1%,מליליטרים,150,"100 מ""ל",false,0,4.70,3.13,true,1,7290102399635
7290102399772,false,ממרח חמאת מולר ושמן לפתית במליחות עדינה,מולר Muller,,ממרח חמאת מולר ושמן לפתית במליחות עדינה,גרמים,250,100 גרם,false,0,16.90,6.76,true,1,7290102399772
7290102399789,false,ממרח חמאת מולר ושמן לפתית ללא תוספת מלח,מולר Muller,,ממרח חמאת מולר ושמן לפתית ללא תוספת מלח,גרמים,250,100 גרם,false,0,16.90,6.76,true,1,7290102399789
7290102399796,false,יוגורט אקטיב מועשר בחלבון בטעם טבעי 2%,מולר Muller,,יוגורט אקטיב מועשר בחלבון בטעם טבעי 2%,גרמים,200,100 גרם,false,0,5.50,2.75,true,1,7290102399796
7290102399802,false,יוגורט אקטיב מועשר בחלבון עם תות 1.6%,מולר Muller,,יוגורט אקטיב מועשר בחלבון עם תות 1.6%,גרמים,200,100 גרם,false,0,5.80,2.90,true,1,7290102399802
7290102399819,false,יוגורט אקטיב מועשר בחלבון עם פירות יער 1.6%,מולר Muller,,יוגורט אקטיב מועשר בחלבון עם פירות יער 1.6%,גרמים,200,100 גרם,false,0,5.80,2.90,true,1,7290102399819
7290102399857,false,"יוגורט אקטיב עם תות 0% , 20 גרם חלבון בגביע",מולר Muller,,"יוגורט אקטיב עם תות 0% , 20 גרם חלבון בגביע",גרמים,200,100 גרם,false,0,5.80,2.90,true,1,7290102399857
7290102440832,false,סט 6 שיפודים מנירוסטה,פלנרו,,סט 6 שיפודים מנירוסטה,,0,,false,0,19.90,0.00,true,1,7290102440832
7290102842360,false,תערובת להכנת סופלה בטעם שוקולד בלגי,י.כהן Kahan's,,תערובת להכנת סופלה בטעם שוקולד בלגי,גרמים,250,100 גרם,false,0,15.90,6.36,true,1,7290102842360
7290103120658,false,דאודורנט סטיק ג'ל לגבר Cool Night 24/7,ספיד סטיק Speed Stick,,דאודורנט סטיק ג'ל לגבר Cool Night 24/7,גרמים,50,100 גרם,false,0,19.90,59.80,true,1,7290103120658
7290103121600,false,דאודורנט ספריי לגבר 24/7 Cool Fusion,ספיד סטיק Speed Stick,,דאודורנט ספריי לגבר 24/7 Cool Fusion,מליליטרים,50,"100 מ""ל",false,0,24.90,49.80,true,1,7290103121600
7290103124588,false,ג'ל רחצה ארומטי So Relaxed,פלמוליב Palmolive,,ג'ל רחצה ארומטי So Relaxed,מליליטרים,750,"100 מ""ל",false,0,17.90,2.65,true,1,7290103124588
7290103124601,false,תחליב רחצה חלב ודבש Naturals - משאבה,פלמוליב Palmolive,,תחליב רחצה חלב ודבש Naturals - משאבה,מליליטרים,750,"100 מ""ל",false,0,17.90,2.65,true,1,7290103124601
7290103126797,false,משחת שיניים סנסיטיב פרו רליף Sensitive Pro - Reliefe,קולגייט Colgate,,משחת שיניים סנסיטיב פרו רליף Sensitive Pro - Reliefe,מליליטרים,75,"100 מ""ל",false,0,24.90,33.20,true,1,7290103126797
7290103128739,false,מקלוני כותנה לתינוק,בלונס Balloons,,מקלוני כותנה לתינוק,יחידות,50,יחידה,false,0,5.90,0.12,true,1,7290103128739
7290103129378,false,דאודורנט סטיק ג'ל לגבר X5 Active multy protect,ספיד סטיק Speed Stick,,דאודורנט סטיק ג'ל לגבר X5 Active multy protect,גרמים,85,100 גרם,false,0,19.90,35.18,true,1,7290103129378
7290103129392,false,דאודורנט ג'ל 24h Fresh infusions wild freesia,ליידי ספיד סטיק Lady Speed Stick,,דאודורנט ג'ל 24h Fresh infusions wild freesia,גרמים,65,100 גרם,false,0,19.90,46.00,true,1,7290103129392
7290103129408,false,דאודורנט ג'ל 24h Fresh infusions orchard blossom,ליידי ספיד סטיק Lady Speed Stick,,דאודורנט ג'ל 24h Fresh infusions orchard blossom,גרמים,65,100 גרם,false,0,19.90,46.00,true,1,7290103129408
7290103129637,false,פדים קוסמטיים אובליים להסרת איפור,בלונס Balloons,,פדים קוסמטיים אובליים להסרת איפור,יחידות,40,יחידה,false,0,7.90,0.20,true,1,7290103129637
7290103380465,false,משחק רברסי - מגיל 7+,ישראטויס,,משחק רברסי - מגיל 7+,,0,,false,0,59.90,0.00,true,1,7290103380465
7290103380526,false,משחק בול פגיעה - מגיל 4+,ישראטויס,,משחק בול פגיעה - מגיל 4+,,0,,false,0,59.90,0.00,true,1,7290103380526
7290103380540,false,משחק בונים מילים - מגיל 5+,ישראטויס,,משחק בונים מילים - מגיל 5+,,0,,false,0,59.90,0.00,true,1,7290103380540
7290103383749,false,משחק צורה וצבע - מגיל 4+,ישראטויס,,משחק צורה וצבע - מגיל 4+,יחידות,1,יחידה,false,0,39.90,3990.00,true,1,7290103383749
7290103385859,false,משחק קח סיכון - מגיל 6+,ישראטויס,,משחק קח סיכון - מגיל 6+,,0,,false,0,59.90,0.00,true,1,7290103385859
7290103386566,false,משחק סיפור קלף לגילאי 4-8,ישראטויס,,משחק סיפור קלף לגילאי 4-8,,0,,false,0,49.90,0.00,true,1,7290103386566
7290103386634,false,משחק מה אוכלות החיות? לגילאי 2-5,ישראטויס,,משחק מה אוכלות החיות? לגילאי 2-5,,0,,false,0,39.90,0.00,true,1,7290103386634
7290103386641,false,משחק המקצוע שלי - לגילאי 3-5,ישראטויס,,משחק המקצוע שלי - לגילאי 3-5,,0,,false,0,39.90,0.00,true,1,7290103386641
7290103386665,false,משחק קטן בינוני גדול - לגילאי 2-5,ישראטויס,,משחק קטן בינוני גדול - לגילאי 2-5,,0,,false,0,39.90,0.00,true,1,7290103386665
7290103386672,false,משחק ממה ואיך נוצר? - לגילאי 3-5,ישראטויס,,משחק ממה ואיך נוצר? - לגילאי 3-5,,0,,false,0,39.90,0.00,true,1,7290103386672
7290103386689,false,משחק הפכים - לגילאי 2-5,ישראטויס,,משחק הפכים - לגילאי 2-5,,0,,false,0,39.90,0.00,true,1,7290103386689
7290103386696,false,משחק הקשרים - לגילאי 2-5,ישראטויס,,משחק הקשרים - לגילאי 2-5,,0,,false,0,39.90,0.00,true,1,7290103386696
7290103386757,false,משחק תלת חשבון - לגילאי 3-6,ישראטויס,,משחק תלת חשבון - לגילאי 3-6,יחידות,1,יחידה,false,0,49.90,4990.00,true,1,7290103386757
7290103389109,false,משחק אותיות מתאימים ומילים מרכיבים,ישראטויס,,משחק אותיות מתאימים ומילים מרכיבים,,0,,false,0,49.90,0.00,true,1,7290103389109
7290103399924,false,"וילון קדמי לרכב- לייזר ""יהלום"" L",,,"וילון קדמי לרכב- לייזר ""יהלום"" L",,0,,false,0,34.90,0.00,true,1,7290103399924
7290103400194,false,כרוב לבן בשקית,שטראוס טעם הטבע,,כרוב לבן בשקית,גרמים,400,100 גרם,false,0,8.90,2.23,true,1,7290103400194
7290103400231,false,גזר בשקית,שטראוס טעם הטבע,,גזר בשקית,גרמים,400,100 גרם,false,0,8.90,2.23,true,1,7290103400231
7290103400255,false,לקט לסלט קולסלאו בשקית,שטראוס טעם הטבע,,לקט לסלט קולסלאו בשקית,גרמים,400,100 גרם,false,0,8.90,2.23,true,1,7290103400255
7290103401429,false,PLATINUM ברזילאי קפה נמס,עלית,,PLATINUM ברזילאי קפה נמס,גרמים,200,100 גרם,false,0,29.90,14.95,true,1,7290103401429
7290103404758,false,כרוב אדום במיונז,אחלה - שטראוס,,כרוב אדום במיונז,גרמים,120,100 גרם,false,0,4.50,3.75,true,1,7290103404758
7290103408206,false,עלי חסה שטופים,שטראוס טעם הטבע,,עלי חסה שטופים,גרמים,250,100 גרם,false,0,9.90,3.96,true,1,7290103408206
7290103681173,false,יין תבור הר קברנה סוביניון,תבור TABOR,,יין תבור הר קברנה סוביניון,מליליטרים,750,"100 מ""ל",false,0,32.90,5.32,true,1,7290103681173
7290103681180,false,יין תבור הר מרלו,תבור TABOR,,יין תבור הר מרלו,מליליטרים,750,"100 מ""ל",false,0,32.90,5.32,true,1,7290103681180
7290103681197,false,יין תבור הר שיראז,תבור TABOR,,יין תבור הר שיראז,מליליטרים,750,"100 מ""ל",false,0,32.90,5.32,true,1,7290103681197
7290103681210,false,יין תבור הר שרדונה,תבור TABOR,,יין תבור הר שרדונה,מליליטרים,750,"100 מ""ל",false,0,32.90,5.32,true,1,7290103681210
7290103681227,false,יין תבור הר גוורצטרמינר,תבור TABOR,,יין תבור הר גוורצטרמינר,מליליטרים,750,"100 מ""ל",false,0,32.90,5.32,true,1,7290103681227
7290103681241,false,יין תבור מוסקטו,תבור TABOR,,יין תבור מוסקטו,מליליטרים,750,"100 מ""ל",false,0,32.90,5.32,true,1,7290103681241
7290103681371,false,יין תבור מרלו,תבור TABOR,,יין תבור מרלו,מליליטרים,750,"100 מ""ל",false,0,59.90,7.99,true,1,7290103681371
7290103681630,false,יין לבן מבעבע פנינים,תבור TABOR,,יין לבן מבעבע פנינים,מליליטרים,750,"100 מ""ל",false,0,32.90,5.32,true,1,7290103681630
7290103702540,false,נייר טואלט דו-שכבתי,טאץ' Touch,,נייר טואלט דו-שכבתי,,504,מטר,false,0,35.90,0.07,true,1,7290103702540
7290103702649,false,מארז חמישייה מגבוני טישו דו שכבתי,שניב,,מארז חמישייה מגבוני טישו דו שכבתי,יחידות,500,יחידה,false,5,13.90,0.03,true,1,7290103702649
7290103702687,false,מגבות נייר - מארז 8 גלילים,פרפקט Perfect,,מגבות נייר - מארז 8 גלילים,,85,מטר,false,0,12.90,0.18,true,1,7290103702687
7290103702731,false,מגבות נייר - מארז 6 גלילים,פרפקט Perfect,,מגבות נייר - מארז 6 גלילים,,63,מטר,false,0,12.90,0.20,true,1,7290103702731
7290103702748,false,מגבות נייר - מארז 12 גלילים,פרפקט Perfect,,מגבות נייר - מארז 12 גלילים,,127,מטר,false,0,16.90,0.16,true,1,7290103702748
7290103702755,false,נייר טואלט דו שכבתי - מארז 32 גלילים,פרפקט Perfect,,נייר טואלט דו שכבתי - מארז 32 גלילים,,573,מטר,false,0,32.90,0.06,true,1,7290103702755
7290103702847,false,ממחטות אף באריזה אישית- 10 במארז,פרפקט Perfect,,ממחטות אף באריזה אישית- 10 במארז,יחידות,10,יחידה,false,0,8.90,0.89,true,1,7290103702847
7290103702908,false,ממחטות נייר- מארז חמישייה,פרפקט Perfect,,ממחטות נייר- מארז חמישייה,יחידות,500,יחידה,false,5,12.90,0.03,true,1,7290103702908
7290103702915,false,נייר טואלט דו שכבתי - מארז 48 גלילים,פרפקט Perfect,,נייר טואלט דו שכבתי - מארז 48 גלילים,,860,מטר,false,0,34.90,0.05,true,1,7290103702915
7290103833534,false,מכשירי ווקי טוקי,,,מכשירי ווקי טוקי,,0,,false,0,129.90,0.00,true,1,7290103833534
7290104061417,false,אחלה חומוס עם טחינה,אחלה - שטראוס,,אחלה חומוס עם טחינה,גרמים,400,100 גרם,false,0,9.90,2.48,true,1,7290104061417
7290104061424,false,אחלה חומוס עם זעתר,אחלה - שטראוס,,אחלה חומוס עם זעתר,גרמים,400,100 גרם,false,0,9.90,2.48,true,1,7290104061424
7290104061431,false,אחלה חומוס עם צנוברים,אחלה - שטראוס,,אחלה חומוס עם צנוברים,גרמים,400,100 גרם,false,0,9.90,2.48,true,1,7290104061431
7290104061448,false,אחלה חומוס עם חריף,אחלה - שטראוס,,אחלה חומוס עם חריף,גרמים,400,100 גרם,false,0,9.90,2.48,true,1,7290104061448
7290104062599,false,מארז 8 יחידות מעדן גמדים בטעמי תות ובננה,שטראוס,,מארז 8 יחידות מעדן גמדים בטעמי תות ובננה,גרמים,800,100 גרם,false,8,17.90,2.24,true,1,7290104062599
7290104065187,false,אבקה להכנת משקה קפה בטעם מוקה,עלית,,אבקה להכנת משקה קפה בטעם מוקה,גרמים,200,100 גרם,false,0,26.90,13.45,true,1,7290104065187
7290104065934,false,עלי רוקט,שטראוס טעם הטבע,,עלי רוקט,גרמים,150,100 גרם,false,0,9.90,6.60,true,1,7290104065934
7290104066566,false,טחינה אחלה,אחלה - שטראוס,,טחינה אחלה,גרמים,500,100 גרם,false,0,13.90,2.78,true,1,7290104066566
7290104340451,false,ספידגרון - מסייע בטיפול בזיהומי וכאבי גרון,VitroBio,,ספידגרון - מסייע בטיפול בזיהומי וכאבי גרון,מליליטרים,30,"100 מ""ל",false,0,49.90,166.33,true,1,7290104340451
7290104342868,false,"סבון פנים טיפולי עץ התה לניקוי עור שמן, בעייתי ומעורב",שביט SHAVIT,,"סבון פנים טיפולי עץ התה לניקוי עור שמן, בעייתי ומעורב",מליליטרים,200,"100 מ""ל",false,0,49.90,24.95,true,1,7290104342868
7290104342929,false,שמפו אובליפחה לטיפול בקשקשים,שביט SHAVIT,,שמפו אובליפחה לטיפול בקשקשים,מליליטרים,500,"100 מ""ל",false,0,59.90,11.98,true,1,7290104342929
7290104342936,false,שמפו עץ התה לטיפול בקשקשים,שביט SHAVIT,,שמפו עץ התה לטיפול בקשקשים,מליליטרים,500,"100 מ""ל",false,0,59.90,11.98,true,1,7290104342936
7290104342943,false,סבון הגייני עץ התה למניעת גירויים ויובש,שביט SHAVIT,,סבון הגייני עץ התה למניעת גירויים ויובש,מליליטרים,500,"100 מ""ל",false,0,59.90,11.98,true,1,7290104342943
7290104343292,false,"סבון גוף עדין עץ התה לעור במראה גמיש, בריא ורענן",שביט SHAVIT,,"סבון גוף עדין עץ התה לעור במראה גמיש, בריא ורענן",מליליטרים,500,"100 מ""ל",false,0,59.90,11.98,true,1,7290104343292
7290104500572,false,אפרופו איטלקי,אסם,,אפרופו איטלקי,גרמים,50,100 גרם,false,0,4.50,9.00,true,1,7290104500572
7290104501661,false,אינסטנט פודינג בטעם וניל צרפתי,אסם,,אינסטנט פודינג בטעם וניל צרפתי,גרמים,80,100 גרם,false,0,5.50,6.88,true,1,7290104501661
7290104501784,false,מיני מאפינס שוקו צ'יפס חמישיה,בונז'ור,,מיני מאפינס שוקו צ'יפס חמישיה,,0,,false,0,9.90,0.00,true,1,7290104501784
7290104501807,false,מיני מאפינס שוקו חמישיה,בונז'ור,,מיני מאפינס שוקו חמישיה,,0,,false,0,9.90,0.00,true,1,7290104501807
7290104503184,false,עוגת הבית בראוניס בטעם שוקולד ריבת חלב,אסם,,עוגת הבית בראוניס בטעם שוקולד ריבת חלב,גרמים,380,100 גרם,false,0,15.90,4.18,true,1,7290104503184
7290104504228,false,מארז אריזות מיני חטיף דובונים - 5 יח',אסם,,מארז אריזות מיני חטיף דובונים - 5 יח',גרמים,100,100 גרם,false,5,12.90,12.90,true,1,7290104504228
7290104508189,false,גביעי גלידה 24 יח',אסם,,גביעי גלידה 24 יח',גרמים,95,100 גרם,false,0,11.90,12.53,true,1,7290104508189
7290104508202,false,גביעי גלידה אמריקאים,אסם,,גביעי גלידה אמריקאים,גרמים,120,100 גרם,false,0,11.90,9.92,true,1,7290104508202
7290104508943,false,במבה,אסם,,במבה,גרמים,200,100 גרם,false,0,9.90,4.95,true,1,7290104508943
7290104509353,false,עוגת בריוש פרג,בונז'ור,,עוגת בריוש פרג,גרמים,550,100 גרם,false,0,29.90,5.44,true,1,7290104509353
7290104570131,false,תמר מג'הול הדקלאים,,,תמר מג'הול הדקלאים,גרמים,1000,100 גרם,false,0,19.90,1.99,true,1,7290104570131
7290104570162,false,תמרים ללא חרצנים,תמר שאן,,תמרים ללא חרצנים,גרמים,500,100 גרם,false,0,12.90,2.58,true,1,7290104570162
7290104570629,false,ירדן ממרח תמרים,,,ירדן ממרח תמרים,גרמים,450,100 גרם,false,0,4.90,1.09,true,1,7290104570629
7290104570636,false,ממרח תמרים תמר העמקים,תמר העמקים,,ממרח תמרים תמר העמקים,גרמים,450,100 גרם,false,0,4.90,1.09,true,1,7290104570636
7290104720499,false,מארז 8 יחידות מעדן דני בטעם וניל 1.5%,שטראוס,,מארז 8 יחידות מעדן דני בטעם וניל 1.5%,גרמים,1000,100 גרם,false,8,15.90,1.59,true,1,7290104720499
7290104721953,false,לקט סלט מסולסלים 7 סוגי עלים,שטראוס טעם הטבע,,לקט סלט מסולסלים 7 סוגי עלים,גרמים,350,100 גרם,false,0,12.90,3.69,true,1,7290104721953
7290104722530,false,תפוצ'יפס בטעם שמנת ובצל,עלית,,תפוצ'יפס בטעם שמנת ובצל,גרמים,200,100 גרם,false,0,9.90,4.95,true,1,7290104722530
7290104726262,false,מארז 4 יחידות דני לשתייה בטעם שוקולד + קשים,שטראוס,,מארז 4 יחידות דני לשתייה בטעם שוקולד + קשים,גרמים,500,100 גרם,false,4,10.90,2.18,true,1,7290104726262
7290104726712,false,מארז 8 יחידות מעדן מילקי בטעם שוקולד עם קצפת,שטראוס,,מארז 8 יחידות מעדן מילקי בטעם שוקולד עם קצפת,גרמים,1064,100 גרם,false,8,19.90,1.87,true,1,7290104726712
7290104728310,false,שמנת להקצפה 38%,יטבתה,,שמנת להקצפה 38%,מליליטרים,250,"100 מ""ל",false,0,6.10,2.44,true,1,7290104728310
7290104729010,false,לבן בטעם תות 3%,יטבתה,,לבן בטעם תות 3%,גרמים,100,100 גרם,false,0,1.40,1.40,true,1,7290104729010
7290104960239,false,תחליב רחצה קמומיל,נקה 7,,תחליב רחצה קמומיל,מליליטרים,750,"100 מ""ל",false,0,12.90,1.72,true,1,7290104960239
7290104960246,false,תחליב רחצה ורד ויסמין,נקה 7,,תחליב רחצה ורד ויסמין,מליליטרים,750,"100 מ""ל",false,0,12.90,1.72,true,1,7290104960246
7290104960253,false,תחליב רחצה לבנדר,נקה 7,,תחליב רחצה לבנדר,מליליטרים,750,"100 מ""ל",false,0,12.90,1.72,true,1,7290104960253
7290104960338,false,תחליב רחצה אלוורה ותה ירוק,נקה 7,,תחליב רחצה אלוורה ותה ירוק,מליליטרים,750,"100 מ""ל",false,0,12.90,1.72,true,1,7290104960338
7290104960352,false,תחליב רחצה וניל ושקד,נקה 7,,תחליב רחצה וניל ושקד,מליליטרים,750,"100 מ""ל",false,0,12.90,1.72,true,1,7290104960352
7290104960970,false,דאודורנט ספריי טיטניום מטאל Titanium Metal,טיטניום Titanium,,דאודורנט ספריי טיטניום מטאל Titanium Metal,מליליטרים,180,"100 מ""ל",false,0,14.90,11.06,true,1,7290104960970
7290104961205,false,תחליב רחצה מלפפון וליים,נקה 7,,תחליב רחצה מלפפון וליים,מליליטרים,750,"100 מ""ל",false,0,12.90,1.72,true,1,7290104961205
7290104961229,false,"מי פנים לניקוי, הסרה ורענון הפנים לעור רגיל או יבש",קרליין Careline,,"מי פנים לניקוי, הסרה ורענון הפנים לעור רגיל או יבש",מליליטרים,250,"100 מ""ל",false,0,24.90,11.96,true,1,7290104961229
7290104961236,false,"מי פנים לניקוי, הסרה ורענון העור לעור רגיל/מעורב",קרליין Careline,,"מי פנים לניקוי, הסרה ורענון העור לעור רגיל/מעורב",מליליטרים,260,"100 מ""ל",false,0,24.90,11.50,true,1,7290104961236
7290104961243,false,תחליב רחצה קוקוס ויסמין,נקה 7,,תחליב רחצה קוקוס ויסמין,מליליטרים,750,"100 מ""ל",false,0,12.90,1.72,true,1,7290104961243
7290104961250,false,תחליב רחצה וניל ומאסק,נקה 7,,תחליב רחצה וניל ומאסק,מליליטרים,750,"100 מ""ל",false,0,12.90,1.72,true,1,7290104961250
7290104961526,false,דאודורנט ספריי גוף טיטניום קלאסיק Titanium Classic,טיטניום Titanium,,דאודורנט ספריי גוף טיטניום קלאסיק Titanium Classic,מליליטרים,150,"100 מ""ל",false,0,12.90,13.27,true,1,7290104961526
7290104961533,false,דאודורנט ספריי גוף טיטניום בלק Titanium Black,טיטניום Titanium,,דאודורנט ספריי גוף טיטניום בלק Titanium Black,מליליטרים,150,"100 מ""ל",false,0,12.90,13.27,true,1,7290104961533
7290104961540,false,דאודורנט ספריי גוף טיטניום מטאל Titanium Metal,טיטניום Titanium,,דאודורנט ספריי גוף טיטניום מטאל Titanium Metal,מליליטרים,150,"100 מ""ל",false,0,12.90,13.27,true,1,7290104961540
7290104961557,false,דאודורנט בודי ספריי טיטניום בלו,טיטניום Titanium,,דאודורנט בודי ספריי טיטניום בלו,מליליטרים,150,"100 מ""ל",false,0,12.90,13.27,true,1,7290104961557
7290104961601,false,דאודורנט ספריי me מאסק,קרליין Careline,,דאודורנט ספריי me מאסק,מליליטרים,175,"100 מ""ל",false,0,19.90,11.37,true,1,7290104961601
7290104961878,false,שמפו קרטין טהור משקם מזין ומחזק,נטורל פורמולה Natural Formula,,שמפו קרטין טהור משקם מזין ומחזק,מליליטרים,400,"100 מ""ל",false,0,29.90,7.48,true,1,7290104961878
7290104961885,false,מרכך קרטין טהור לשיער שעבר החלקה או עיצוב בחום,נטורל פורמולה Natural Formula,,מרכך קרטין טהור לשיער שעבר החלקה או עיצוב בחום,מליליטרים,400,"100 מ""ל",false,0,29.90,7.48,true,1,7290104961885
7290104961892,false,מסכת קרטין טהור לשיער שעבר החלקה או עיצוב בחום,נטורל פורמולה Natural Formula,,מסכת קרטין טהור לשיער שעבר החלקה או עיצוב בחום,מליליטרים,350,"100 מ""ל",false,0,39.90,11.40,true,1,7290104961892
7290104961908,false,סרום קרטין לשיער Keratin intense,נטורל פורמולה Natural Formula,,סרום קרטין לשיער Keratin intense,מליליטרים,145,"100 מ""ל",false,0,49.90,34.41,true,1,7290104961908
7290104961991,false,אל סבון בניחוח חמאת שיאה- מארז 3 יח',נקה 7,,אל סבון בניחוח חמאת שיאה- מארז 3 יח',מליליטרים,1500,"100 מ""ל",false,3,17.90,1.53,true,1,7290104961991
7290104962004,false,אל סבון בניחוח ורד ומאסק - מארז 3 יח',נקה 7,,אל סבון בניחוח ורד ומאסק - מארז 3 יח',מליליטרים,1500,"100 מ""ל",false,3,17.90,1.53,true,1,7290104962004
7290104962073,false,דאודורנט ספריי גוף טיטניום גולד Titanium Gold,טיטניום Titanium,,דאודורנט ספריי גוף טיטניום גולד Titanium Gold,מליליטרים,180,"100 מ""ל",false,0,14.90,11.06,true,1,7290104962073
7290104962080,false,דאודורנט ספריי גוף טיטניום גולד Titanium Gold,טיטניום Titanium,,דאודורנט ספריי גוף טיטניום גולד Titanium Gold,מליליטרים,150,"100 מ""ל",false,0,12.90,13.27,true,1,7290104962080
7290104962110,false,דאודורנט ספריי נושם+ For Girls,קרליין Careline,,דאודורנט ספריי נושם+ For Girls,מליליטרים,150,"100 מ""ל",false,0,12.90,10.60,true,1,7290104962110
7290104962127,false,דאודורנט סטיק נושם+ For Girls,קרליין Careline,,דאודורנט סטיק נושם+ For Girls,מליליטרים,50,"100 מ""ל",false,0,16.90,33.80,true,1,7290104962127
7290104962134,false,דאודורנט רול און נושם+ For Girls ללא אלומיניום,קרליין Careline,,דאודורנט רול און נושם+ For Girls ללא אלומיניום,מליליטרים,75,"100 מ""ל",false,0,12.90,21.20,true,1,7290104962134
7290104962509,false,קרם קרטין טהור לשיער Keratin intense,נטורל פורמולה Natural Formula,,קרם קרטין טהור לשיער Keratin intense,מליליטרים,145,"100 מ""ל",false,0,39.90,27.52,true,1,7290104962509
7290104962578,false,דאודורנט ספריי נושם + אינביזיבל ללא סימנים לבנים,קרליין Careline,,דאודורנט ספריי נושם + אינביזיבל ללא סימנים לבנים,מליליטרים,75,"100 מ""ל",false,0,12.90,21.20,true,1,7290104962578
7290104962585,false,דאודורנט רול און נושם +אינביזיבל ללא סימנים לבנים,קרליין Careline,,דאודורנט רול און נושם +אינביזיבל ללא סימנים לבנים,מליליטרים,75,"100 מ""ל",false,0,12.90,21.20,true,1,7290104962585
7290104962660,false,דאודורנט ספריי נושם ללא אלומיניום,קרליין Careline,,דאודורנט ספריי נושם ללא אלומיניום,מליליטרים,200,"100 מ""ל",false,0,12.90,7.95,true,1,7290104962660
7290104962684,false,דאודורנט רול און נושם ללא אלומיניום,קרליין Careline,,דאודורנט רול און נושם ללא אלומיניום,מליליטרים,75,"100 מ""ל",false,0,12.90,21.20,true,1,7290104962684
7290104962844,false,"שמפו אמפולה לטיפול אינטנסיבי לשיער יבש, צבוע ופגום",נטורל פורמולה Natural Formula,,"שמפו אמפולה לטיפול אינטנסיבי לשיער יבש, צבוע ופגום",מליליטרים,400,"100 מ""ל",false,0,29.90,7.48,true,1,7290104962844
7290104962851,false,"מרכך אמפולה לטיפול אינטנסיבי לשיער יבש, צבוע ופגום",נטורל פורמולה Natural Formula,,"מרכך אמפולה לטיפול אינטנסיבי לשיער יבש, צבוע ופגום",מליליטרים,400,"100 מ""ל",false,0,29.90,7.48,true,1,7290104962851
7290104962868,false,"מסכת אמפולה לטיפול אינטנסיבי לשיער יבש, צבוע ופגום",נטורל פורמולה Natural Formula,,"מסכת אמפולה לטיפול אינטנסיבי לשיער יבש, צבוע ופגום",מליליטרים,350,"100 מ""ל",false,0,39.90,11.40,true,1,7290104962868
7290104962875,false,"סרום אמפולה לטיפול אינטנסיבי לשיער יבש, צבוע ופגום",נטורל פורמולה Natural Formula,,"סרום אמפולה לטיפול אינטנסיבי לשיער יבש, צבוע ופגום",מליליטרים,145,"100 מ""ל",false,0,49.90,34.41,true,1,7290104962875
7290104963001,false,מגבונים לחים בניחוח עדין,סופטקר Softcare,,מגבונים לחים בניחוח עדין,יחידות,288,יחידה,false,4,19.90,0.07,true,1,7290104963001
7290104963018,false,מגבונים לחים ללא בישום,סופטקר Softcare,,מגבונים לחים ללא בישום,יחידות,288,יחידה,false,4,19.90,0.07,true,1,7290104963018
7290104963155,false,שמן גוף לתינוק,סופטקר Softcare,,שמן גוף לתינוק,מליליטרים,500,"100 מ""ל",false,0,29.90,5.98,true,1,7290104963155
7290104963216,false,אל סבון עדין לתינוק לעור רגיש,סופטקר Softcare,,אל סבון עדין לתינוק לעור רגיש,ליטרים,1,ליטר,false,0,18.90,18.90,true,1,7290104963216
7290104963223,false,אל סבון עדין לתינוק קלאסי,סופטקר Softcare,,אל סבון עדין לתינוק קלאסי,ליטרים,1,ליטר,false,0,18.90,18.90,true,1,7290104963223
7290104963650,false,שמפו אל דמע,סופטקר Softcare,,שמפו אל דמע,ליטרים,1,ליטר,false,0,18.90,18.90,true,1,7290104963650
7290104963667,false,אל סבון ושמפו אל דמע 2 ב-1,סופטקר Softcare,,אל סבון ושמפו אל דמע 2 ב-1,ליטרים,1,ליטר,false,0,18.90,18.90,true,1,7290104963667
7290104963704,false,אל סבון עדין לתינוק,סופטקר Softcare,,אל סבון עדין לתינוק,מליליטרים,770,"100 מ""ל",false,0,18.90,2.45,true,1,7290104963704
7290104963919,false,קרם לילה Urban Defense,קרליין Careline,,קרם לילה Urban Defense,מליליטרים,50,"100 מ""ל",false,0,34.90,139.80,true,1,7290104963919
7290104963940,false,מגבוני פחם שחורים להסרת איפור פנים ועיניים,קרליין Careline,,מגבוני פחם שחורים להסרת איפור פנים ועיניים,יחידות,25,יחידה,false,0,9.90,0.40,true,1,7290104963940
7290104964084,false,Multi Effect קרם יום לכל סוגי העור,קרליין Careline,,Multi Effect קרם יום לכל סוגי העור,מליליטרים,50,"100 מ""ל",false,0,29.90,79.80,true,1,7290104964084
7290104964206,false,ג'ל מיסלרי להסרת איפור וניקוי הפנים והעיניים,קרליין Careline,,ג'ל מיסלרי להסרת איפור וניקוי הפנים והעיניים,מליליטרים,260,"100 מ""ל",false,0,24.90,11.50,true,1,7290104964206
7290104964251,false,"תרחיץ פנים פעולה משולשת מסכה, פילינג וניקוי",קרליין Careline,,"תרחיץ פנים פעולה משולשת מסכה, פילינג וניקוי",מליליטרים,150,"100 מ""ל",false,0,24.90,16.60,true,1,7290104964251
7290104964350,false,אל סבון עשיר בלחות בניחוח פרחי מים - מארז 3 יח',נקה 7,,אל סבון עשיר בלחות בניחוח פרחי מים - מארז 3 יח',מליליטרים,1500,"100 מ""ל",false,3,17.90,1.53,true,1,7290104964350
7290104964381,false,מארז 4 אמפולות קרטין טהור,נטורל פורמולה Natural Formula,,מארז 4 אמפולות קרטין טהור,יחידות,4,יחידה,false,0,49.90,12.48,true,1,7290104964381
7290104964572,false,מסכה מתקלפת לחות והזנה לכל סוגי העור,קרליין Careline,,מסכה מתקלפת לחות והזנה לכל סוגי העור,מליליטרים,150,"100 מ""ל",false,0,34.90,26.60,true,1,7290104964572
7290104964671,false,ספריי הגנה שקוף SPF 30 בניחוח אננס- ליצ'י,סקין גארד Skin Gard,,ספריי הגנה שקוף SPF 30 בניחוח אננס- ליצ'י,מליליטרים,200,"100 מ""ל",false,0,29.90,29.95,true,1,7290104964671
7290104964701,false,קרם הגנה לגולשים SPF 50 עמיד במים לאורך זמן,סקין גארד Skin Gard,,קרם הגנה לגולשים SPF 50 עמיד במים לאורך זמן,מליליטרים,60,"100 מ""ל",false,0,39.90,66.50,true,1,7290104964701
7290104964763,false,ספלאש Splash קרם לחות ליום,קרליין Careline,,ספלאש Splash קרם לחות ליום,מליליטרים,50,"100 מ""ל",false,0,69.90,139.80,true,1,7290104964763
7290104964770,false,ספלאש Splash קרם לחות לילה,קרליין Careline,,ספלאש Splash קרם לחות לילה,מליליטרים,50,"100 מ""ל",false,0,69.90,139.80,true,1,7290104964770
7290105040794,false,סיבים תזונתיים,בנפייבר Benefiber,,סיבים תזונתיים,גרמים,261,100 גרם,false,0,39.90,15.29,true,1,7290105040794
7290105360250,false,קפסולות קפה אספרסו עשיר וארומטי,עלית,,קפסולות קפה אספרסו עשיר וארומטי,גרמים,50,100 גרם,false,0,16.50,33.00,true,1,7290105360250
7290105360328,false,קפסולות קפה אספרסו חזק ועוצמתי,עלית,,קפסולות קפה אספרסו חזק ועוצמתי,גרמים,50,100 גרם,false,0,16.50,33.00,true,1,7290105360328
7290105360335,false,קפסולות קפה אספרסו עדין וקטיפתי,עלית,,קפסולות קפה אספרסו עדין וקטיפתי,גרמים,50,100 גרם,false,0,16.50,33.00,true,1,7290105360335
7290105360755,false,שמן זית כתית מעולה חזק 3,יד מרדכי,,שמן זית כתית מעולה חזק 3,מליליטרים,750,"100 מ""ל",false,0,33.90,4.52,true,1,7290105360755
7290105360762,false,שמן כתית מעולה עדין 1,יד מרדכי,,שמן כתית מעולה עדין 1,מליליטרים,750,"100 מ""ל",false,0,33.90,4.52,true,1,7290105360762
7290105362339,false,שמנת לבישול 15%,יטבתה,,שמנת לבישול 15%,מליליטרים,250,"100 מ""ל",false,0,7.90,3.16,true,1,7290105362339
7290105363602,false,כיף כף מקלות שוקולד,עלית,,כיף כף מקלות שוקולד,גרמים,40,100 גרם,false,0,4.90,12.25,true,1,7290105363602
7290105364289,false,כיף כף מקלות פצפוצים,עלית,,כיף כף מקלות פצפוצים,גרמים,40,100 גרם,false,0,4.90,12.25,true,1,7290105364289
7290105364302,false,כיף כף מקלות אגוזים,עלית,,כיף כף מקלות אגוזים,גרמים,42,100 גרם,false,0,4.90,11.67,true,1,7290105364302
7290105364678,false,משקה יוגורט עם אפרסק אקטיביה 1.2%,דנונה - שטראוס,,משקה יוגורט עם אפרסק אקטיביה 1.2%,מליליטרים,250,"100 מ""ל",false,0,4.90,1.96,true,1,7290105364678
7290105366023,false,סלט חצילים בטעם כבד,אחלה - שטראוס,,סלט חצילים בטעם כבד,גרמים,400,100 גרם,false,0,13.90,3.48,true,1,7290105366023
7290105366047,false,טחינה לבנה,אחלה - שטראוס,,טחינה לבנה,גרמים,400,100 גרם,false,0,13.90,3.48,true,1,7290105366047
7290105366993,false,סימפוניה גבינה במרקם שמנת פלפל שיפקה חריף 5%,שטראוס,,סימפוניה גבינה במרקם שמנת פלפל שיפקה חריף 5%,גרמים,200,100 גרם,false,0,10.90,5.45,true,1,7290105366993
7290105368331,false,מעדן מילקי בטעם תות עם קצפת,שטראוס,,מעדן מילקי בטעם תות עם קצפת,גרמים,133,100 גרם,false,0,2.80,2.11,true,1,7290105368331
7290105368904,false,שמנת מתוקה להקצפה 32%,יטבתה,,שמנת מתוקה להקצפה 32%,מליליטרים,250,"100 מ""ל",false,0,6.90,2.76,true,1,7290105368904
7290105368928,false,שמנת מועשרת 9%,יטבתה,,שמנת מועשרת 9%,גרמים,200,100 גרם,false,0,3.00,1.50,true,1,7290105368928
7290105369130,false,סימפוניה גבינה במרקם שמנת בצל ירוק 5%,שטראוס,,סימפוניה גבינה במרקם שמנת בצל ירוק 5%,גרמים,200,100 גרם,false,0,10.90,5.45,true,1,7290105369130
7290105369451,false,צ'יטוס אפוי דולפינים בטעם גבינה,עלית,,צ'יטוס אפוי דולפינים בטעם גבינה,גרמים,55,100 גרם,false,0,3.50,6.36,true,1,7290105369451
7290105431516,false,חטיף תמרים ובוטנים,פרי Free,,חטיף תמרים ובוטנים,גרמים,125,100 גרם,false,5,15.90,12.72,true,1,7290105431516
7290105431868,false,תחליב רחצה בניחוח חלב קוקוס,פלמוליב Palmolive,,תחליב רחצה בניחוח חלב קוקוס,מליליטרים,500,"100 מ""ל",false,0,15.90,3.18,true,1,7290105431868
7290105433985,false,דאודורנט ספריי בריח פריחת הדובדבן 48h Fresh&essence,ליידי ספיד סטיק Lady Speed Stick,,דאודורנט ספריי בריח פריחת הדובדבן 48h Fresh&essence,גרמים,65,100 גרם,false,0,19.90,46.00,true,1,7290105433985
7290105434050,false,דאודורנט סטיק לגברים,ספיד סטיק Speed Stick,,דאודורנט סטיק לגברים,גרמים,85,100 גרם,false,0,19.90,29.29,true,1,7290105434050
7290105436382,false,חטיף תמרים ואגוזי קשיו,פרי Free,,חטיף תמרים ואגוזי קשיו,גרמים,125,100 גרם,false,5,15.90,12.72,true,1,7290105436382
7290105438539,false,נייר אפיה,קוקי,,נייר אפיה,יחידות,40,יחידה,false,0,12.90,0.32,true,1,7290105438539
7290105438546,false,נייר אפיה אקולוגי,קוקי,,נייר אפיה אקולוגי,יחידות,40,יחידה,false,0,12.90,0.32,true,1,7290105438546
7290105439499,false,מיונז הולנדי,מאסטר שף,,מיונז הולנדי,גרמים,481,100 גרם,false,0,11.90,2.47,true,1,7290105439499
7290105439505,false,ממרח לייט על בסיס שמן קנולה,מאסטר שף,,ממרח לייט על בסיס שמן קנולה,גרמים,479,100 גרם,false,0,11.90,2.48,true,1,7290105439505
7290105439581,false,חרדל דיז'ון צרפתי,מאסטר שף,,חרדל דיז'ון צרפתי,גרמים,370,100 גרם,false,0,11.90,3.22,true,1,7290105439581
7290105439598,false,חרדל דיז'ון גרגירים,מאסטר שף,,חרדל דיז'ון גרגירים,גרמים,370,100 גרם,false,0,11.90,3.22,true,1,7290105439598
7290105500236,false,וויסקי ג'ק דניאלס מס' 7 Brand No,ג'ק דניאלס Jack Daniel's,,וויסקי ג'ק דניאלס מס' 7 Brand No,מליליטרים,700,"100 מ""ל",false,0,99.90,15.71,true,1,7290105500236
7290105500748,false,וויסקי פיימוס גראוס The Famouse Grouse,,,וויסקי פיימוס גראוס The Famouse Grouse,מליליטרים,700,"100 מ""ל",false,0,89.90,12.84,true,1,7290105500748
7290105541697,false,קינואה,חצי חינם,,קינואה,גרמים,500,100 גרם,false,0,9.90,1.98,true,1,7290105541697
7290105545800,false,פחמים דרום אמריקאים,מעדני הגליל,,פחמים דרום אמריקאים,קילוגרמים,2,"ק""ג",false,0,13.90,6.95,true,1,7290105545800
7290105546609,false,בורגר בקר קפוא,מעדני הגליל,,בורגר בקר קפוא,גרמים,400,100 גרם,false,0,24.90,6.23,true,1,7290105546609
7290105546616,false,קבב רומני קפוא,מעדני הגליל,,קבב רומני קפוא,גרמים,400,100 גרם,false,0,24.90,6.23,true,1,7290105546616
7290105546623,false,קבב מזרחי קפוא,מעדני הגליל,,קבב מזרחי קפוא,גרמים,400,100 גרם,false,0,24.90,6.23,true,1,7290105546623
7290105546630,false,קבב כבש קפוא,מעדני הגליל,,קבב כבש קפוא,גרמים,400,100 גרם,false,0,29.90,7.48,true,1,7290105546630
7290105547378,false,מארז לחמניות פרנה 4 יח',פרנה בייקרי,,מארז לחמניות פרנה 4 יח',גרמים,600,100 גרם,false,4,9.90,1.65,true,1,7290105547378
7290105548634,false,"טורטייה - 12 יח', קוטר 25 ס""מ",,,"טורטייה - 12 יח', קוטר 25 ס""מ",גרמים,840,100 גרם,false,0,14.90,1.77,true,1,7290105548634
7290105548641,false,"טורטייה בתוספת חיטה מלאה- 12 יח', קוטר 25 ס""מ",,,"טורטייה בתוספת חיטה מלאה- 12 יח', קוטר 25 ס""מ",גרמים,840,100 גרם,false,0,14.90,1.77,true,1,7290105548641
7290105548658,false,"טורטייה - 12 יח', קוטר 20 ס""מ",,,"טורטייה - 12 יח', קוטר 20 ס""מ",גרמים,540,100 גרם,false,0,9.90,1.83,true,1,7290105548658
7290105548665,false,"טורטייה בתוספת חיטה מלאה- 12 יח', קוטר 20 ס""מ",,,"טורטייה בתוספת חיטה מלאה- 12 יח', קוטר 20 ס""מ",גרמים,540,100 גרם,false,0,9.90,1.83,true,1,7290105548665
7290105549792,false,שבבי סבון,פרפקט Perfect,,שבבי סבון,גרמים,750,100 גרם,false,0,19.90,2.65,true,1,7290105549792
7290105691057,true,בורקס פילס תרד,בונז'ור,,בורקס פילס תרד,קילוגרמים,0,"ק""ג",true,0,39.00,0.00,true,1,7290105691057
7290105691224,false,חטיפי טורטיה בטעם שום בצל,אסם,,חטיפי טורטיה בטעם שום בצל,גרמים,60,100 גרם,false,0,6.90,11.50,true,1,7290105691224
7290105691248,false,חטיפי טורטיה תירס,אסם,,חטיפי טורטיה תירס,גרמים,60,100 גרם,false,0,6.90,11.50,true,1,7290105691248
7290105691897,false,קוסקוס פלוס עם קמח חיטה מלא,אסם,,קוסקוס פלוס עם קמח חיטה מלא,גרמים,350,100 גרם,false,0,6.90,1.97,true,1,7290105691897
7290105691934,false,קמח שמרים,אסם,,קמח שמרים,קילוגרמים,1,"ק""ג",false,0,9.90,9.90,true,1,7290105691934
7290105693341,false,מארז במבה 10 יחידות,אסם,,מארז במבה 10 יחידות,גרמים,250,100 גרם,false,10,15.90,6.36,true,1,7290105693341
7290105693457,false,עוגת הבית דמקה בטעם שוקו וניל,אסם,,עוגת הבית דמקה בטעם שוקו וניל,גרמים,320,100 גרם,false,0,12.90,4.03,true,1,7290105693457
7290105693952,false,פירורית זהב עם שומשום,אסם,,פירורית זהב עם שומשום,גרמים,200,100 גרם,false,0,5.50,2.75,true,1,7290105693952
7290105694614,false,פסטה ספגטי מהיר הכנה,אסם,,פסטה ספגטי מהיר הכנה,גרמים,500,100 גרם,false,0,6.90,1.38,true,1,7290105694614
7290105694928,false,מרק בצל,אסם,,מרק בצל,גרמים,220,100 גרם,false,0,13.90,6.32,true,1,7290105694928
7290105695024,false,פתיתים אפויים עם אטריות,אסם,,פתיתים אפויים עם אטריות,גרמים,500,100 גרם,false,0,7.90,1.58,true,1,7290105695024
7290105695321,false,עוגת הבית בראוניס פאד'ג,אסם,,עוגת הבית בראוניס פאד'ג,גרמים,380,100 גרם,false,0,15.90,4.18,true,1,7290105695321
7290105695536,false,מרק ירקות שורש,אסם,,מרק ירקות שורש,גרמים,220,100 גרם,false,0,13.90,6.32,true,1,7290105695536
7290105962331,false,זחוק אדום תימני מקורי חריף מאוד,זהבי הכרם,,זחוק אדום תימני מקורי חריף מאוד,גרמים,220,100 גרם,false,0,10.90,4.95,true,1,7290105962331
7290105964564,false,חומוס אחלה,אחלה - שטראוס,,חומוס אחלה,גרמים,400,100 גרם,false,0,7.90,1.98,true,1,7290105964564
7290105965738,false,משקה יוגורט BIO תות בננה 1.5%,דנונה - שטראוס,,משקה יוגורט BIO תות בננה 1.5%,גרמים,267,100 גרם,false,0,4.90,1.84,true,1,7290105965738
7290105966469,false,חומץ בלסמי ממודנה,יד מרדכי,,חומץ בלסמי ממודנה,מליליטרים,250,"100 מ""ל",false,0,12.90,5.16,true,1,7290105966469
7290105968098,false,סלט קולסלאו,אחלה - שטראוס,,סלט קולסלאו,גרמים,500,100 גרם,false,0,13.90,2.78,true,1,7290105968098
7290105968654,false,רביולי בטטה,שטראוס,,רביולי בטטה,גרמים,400,100 גרם,false,0,18.90,4.73,true,1,7290105968654
7290105968777,false,פריכיות עם תחתית שוקולד מריר,אנרג'י Energy - שטראוס,,פריכיות עם תחתית שוקולד מריר,גרמים,70,100 גרם,false,0,7.90,11.29,true,1,7290105968777
7290105998644,false,מכונת קפסולות ג'ו לבנה PURE,ג'ו JO,,מכונת קפסולות ג'ו לבנה PURE,,0,,false,0,329.90,0.00,true,1,7290105998644
7290105999085,false,מכונת קפסולות ג'ו שחורה PURE,ג'ו JO,,מכונת קפסולות ג'ו שחורה PURE,,0,,false,0,329.90,0.00,true,1,7290105999085
7290106305281,false,מקרן LED HD-15,גטר גרופ,,מקרן LED HD-15,,0,,false,0,299.90,0.00,true,1,7290106305281
7290106520066,false,רבע לשבע במילוי קרם אגוזים ובציפוי שוקולד חלב,עלית,,רבע לשבע במילוי קרם אגוזים ובציפוי שוקולד חלב,גרמים,160,100 גרם,false,0,10.90,6.81,true,1,7290106520066
7290106520288,false,יוגורט WOW עם תות 2.4% 10 גרם חלבון בגביע,דנונה - שטראוס,,יוגורט WOW עם תות 2.4% 10 גרם חלבון בגביע,גרמים,150,100 גרם,false,0,4.50,3.00,true,1,7290106520288
7290106520912,false,שמנת לבישול 9%,יטבתה,,שמנת לבישול 9%,מליליטרים,250,"100 מ""ל",false,0,7.90,3.16,true,1,7290106520912
7290106521049,false,סלט קוביות סלק,אחלה - שטראוס,,סלט קוביות סלק,גרמים,400,100 גרם,false,0,13.90,3.48,true,1,7290106521049
7290106521926,false,קפה טורקי,עלית,,קפה טורקי,גרמים,150,100 גרם,false,0,12.90,8.60,true,1,7290106521926
7290106524439,false,תפוצ'יפס פופס אפוי,עלית,,תפוצ'יפס פופס אפוי,גרמים,60,100 גרם,false,0,3.90,6.50,true,1,7290106524439
7290106525320,false,שוקולית לאפייה,עלית,,שוקולית לאפייה,גרמים,500,100 גרם,false,0,11.90,2.38,true,1,7290106525320
7290106525399,false,קפסולות קפה 100% ברזיל,עלית,,קפסולות קפה 100% ברזיל,גרמים,50,100 גרם,false,0,16.50,33.00,true,1,7290106525399
7290106525405,false,קפסולות קפה נטול קפאין,עלית,,קפסולות קפה נטול קפאין,גרמים,50,100 גרם,false,0,16.50,33.00,true,1,7290106525405
7290106526822,false,פריכיות אורז מלא עם שוקולד חלב,אנרג'י Energy - שטראוס,,פריכיות אורז מלא עם שוקולד חלב,גרמים,80,100 גרם,false,0,7.90,9.88,true,1,7290106526822
7290106528567,false,דוריטוס גריל,עלית,,דוריטוס גריל,גרמים,185,100 גרם,false,0,7.90,4.27,true,1,7290106528567
7290106528628,false,דוריטוס בטעם טבעי Dippas,עלית,,דוריטוס בטעם טבעי Dippas,גרמים,185,100 גרם,false,0,7.90,4.27,true,1,7290106528628
7290106528949,false,סלט ערוגות,שטראוס טעם הטבע,,סלט ערוגות,גרמים,450,100 גרם,false,0,12.90,2.87,true,1,7290106528949
7290106571921,false,עוגיות עם חמוציות פיטנס Fitness,נסטלה Nestle,,עוגיות עם חמוציות פיטנס Fitness,גרמים,180,100 גרם,false,0,10.90,6.06,true,1,7290106571921
7290106572027,false,לחמית 5 דגנים,אסם,,לחמית 5 דגנים,גרמים,190,100 גרם,false,0,7.90,4.16,true,1,7290106572027
7290106572065,false,חטיפי טורטיה בטעם חמוץ מתוק,אסם,,חטיפי טורטיה בטעם חמוץ מתוק,גרמים,60,100 גרם,false,0,6.90,11.50,true,1,7290106572065
7290106572997,false,קמח שמרים לפיצה ולפוקצ'ה,אסם,,קמח שמרים לפיצה ולפוקצ'ה,קילוגרמים,1,"ק""ג",false,0,9.90,9.90,true,1,7290106572997
7290106573024,false,סירופ בטעם אננס דיאט,עסיס,,סירופ בטעם אננס דיאט,ליטרים,1,ליטר,false,0,16.90,16.90,true,1,7290106573024
7290106573277,false,חטיף קרקר קריספי עם זיתים כבושים,אסם,,חטיף קרקר קריספי עם זיתים כבושים,גרמים,150,100 גרם,false,0,10.90,7.27,true,1,7290106573277
7290106573314,false,חטיף קרקר קריספי כפרי,אסם,,חטיף קרקר קריספי כפרי,גרמים,150,100 גרם,false,0,10.90,7.27,true,1,7290106573314
7290106574793,false,עוגת הבית שוקו שוקוצ'יפס,אסם,,עוגת הבית שוקו שוקוצ'יפס,גרמים,350,100 גרם,false,0,12.90,3.69,true,1,7290106574793
7290106574953,false,בייגלה שטוחים כעכים שטוחים עם שומשום,אסם,,בייגלה שטוחים כעכים שטוחים עם שומשום,גרמים,300,100 גרם,false,0,10.90,3.63,true,1,7290106574953
7290106574977,false,בייגלה שטוחים כעכים שטוחים עם מלח,אסם,,בייגלה שטוחים כעכים שטוחים עם מלח,גרמים,300,100 גרם,false,0,10.90,3.63,true,1,7290106574977
7290106575257,false,עוגת הבית עוגת סופלה בטעם שוקולד,אסם,,עוגת הבית עוגת סופלה בטעם שוקולד,גרמים,340,100 גרם,false,0,12.90,3.79,true,1,7290106575257
7290106575332,false,פתיתים פלוס עם בורגול,אסם,,פתיתים פלוס עם בורגול,גרמים,400,100 גרם,false,0,7.90,1.98,true,1,7290106575332
7290106575431,false,עוגת הבית סופלה בטעם שוקו וניל,אסם,,עוגת הבית סופלה בטעם שוקו וניל,גרמים,340,100 גרם,false,0,12.90,3.79,true,1,7290106575431
7290106576537,false,חומוס מסעדה,צבר,,חומוס מסעדה,גרמים,700,100 גרם,false,0,10.90,1.56,true,1,7290106576537
7290106577282,false,טחינה אמיתית,צבר,,טחינה אמיתית,גרמים,400,100 גרם,false,0,10.90,2.73,true,1,7290106577282
7290106577541,false,סלט כרוב אדום,צבר,,סלט כרוב אדום,גרמים,400,100 גרם,false,0,10.90,2.73,true,1,7290106577541
7290106577572,false,מטבוחה אמיתית,צבר,,מטבוחה אמיתית,גרמים,400,100 גרם,false,0,10.90,2.73,true,1,7290106577572
7290106578241,false,דובונים חטיף תפוח אדמה,אסם,,דובונים חטיף תפוח אדמה,גרמים,100,100 גרם,false,0,8.90,8.90,true,1,7290106578241
7290106578692,false,ביסלי במבה מיקס,אסם,,ביסלי במבה מיקס,גרמים,80,100 גרם,false,0,4.50,5.63,true,1,7290106578692
7290106578821,false,עוגת הבית שמרים קלאסית בטעם שוקולד,אסם,,עוגת הבית שמרים קלאסית בטעם שוקולד,גרמים,350,100 גרם,false,0,15.90,4.54,true,1,7290106578821
7290106653689,false,לקט לסלט בסגנון אסייתי,שטראוס טעם הטבע,,לקט לסלט בסגנון אסייתי,גרמים,350,100 גרם,false,0,9.90,2.83,true,1,7290106653689
7290106654099,false,מילקי CAKE עוגות אישיות במילוי קרם חלב,שטראוס,,מילקי CAKE עוגות אישיות במילוי קרם חלב,גרמים,272,100 גרם,false,8,17.90,6.58,true,1,7290106654099
7290106662964,false,גומי יין סוכריות גומי מסוכרות בטעמי פירות,עלית,,גומי יין סוכריות גומי מסוכרות בטעמי פירות,גרמים,100,100 גרם,false,0,4.90,4.90,true,1,7290106662964
7290106663091,false,לאבנה 9% שומן,שטראוס,,לאבנה 9% שומן,גרמים,500,100 גרם,false,0,16.90,3.38,true,1,7290106663091
7290106663503,false,קונפיטורת תות שדה לייט,יד מרדכי,,קונפיטורת תות שדה לייט,גרמים,230,100 גרם,false,0,12.90,5.61,true,1,7290106663503
7290106663558,false,רוטב טריאקי,יד מרדכי,,רוטב טריאקי,גרמים,320,100 גרם,false,0,12.90,4.03,true,1,7290106663558
7290106664067,false,לאבנה עם שמן זית וזעתר,שטראוס,,לאבנה עם שמן זית וזעתר,גרמים,400,100 גרם,false,0,13.90,3.48,true,1,7290106664067
7290106664555,false,רוטב שמנת עם עגבניות 9%,יטבתה,,רוטב שמנת עם עגבניות 9%,גרמים,250,100 גרם,false,0,9.90,3.96,true,1,7290106664555
7290106664562,false,רוטב שמנת עם פטריות,יטבתה,,רוטב שמנת עם פטריות,גרמים,250,100 גרם,false,0,9.90,3.96,true,1,7290106664562
7290106667266,false,דוריטוס חמוץ חריף,עלית,,דוריטוס חמוץ חריף,גרמים,185,100 גרם,false,0,7.90,4.27,true,1,7290106667266
7290106668577,false,מיץ לימון מפוסטר,יד מרדכי,,מיץ לימון מפוסטר,מליליטרים,250,"100 מ""ל",false,0,6.90,2.76,true,1,7290106668577
7290106668713,false,יוגורט עם פירות יער 3%,דנונה - שטראוס,,יוגורט עם פירות יער 3%,גרמים,150,100 גרם,false,0,3.40,2.27,true,1,7290106668713
7290106669857,false,קפסולות קפה בטעם וניל,עלית,,קפסולות קפה בטעם וניל,גרמים,50,100 גרם,false,0,16.50,33.00,true,1,7290106669857
7290106720626,false,צ'יטוס קראנצ' בטעם גבינה - חלבי,עלית,,צ'יטוס קראנצ' בטעם גבינה - חלבי,גרמים,80,100 גרם,false,0,3.90,4.88,true,1,7290106720626
7290106721913,false,מסטיק מאסט MUST ללא סוכר בטעם מנטה מרעננת,עלית,,מסטיק מאסט MUST ללא סוכר בטעם מנטה מרעננת,גרמים,66,100 גרם,false,0,8.90,13.48,true,1,7290106721913
7290106721920,false,מסטיק מאסט Must ללא סוכר בטעם מנטה עדינה,עלית,,מסטיק מאסט Must ללא סוכר בטעם מנטה עדינה,גרמים,66,100 גרם,false,0,8.90,13.48,true,1,7290106721920
7290106723689,false,תרד בייבי,שטראוס טעם הטבע,,תרד בייבי,גרמים,200,100 גרם,false,0,12.00,6.00,true,1,7290106723689
7290106725867,false,סירופ מייפל טבעי,יד מרדכי,,סירופ מייפל טבעי,מליליטרים,189,"100 מ""ל",false,0,24.90,15.82,true,1,7290106725867
7290106725874,false,סירופ מייפל טבעי,יד מרדכי,,סירופ מייפל טבעי,מליליטרים,236,"100 מ""ל",false,0,34.90,14.79,true,1,7290106725874
7290106726178,false,יוגורט PRO עם פירות יער 2.4% 10 גרם חלבון בגביע,דנונה - שטראוס,,יוגורט PRO עם פירות יער 2.4% 10 גרם חלבון בגביע,גרמים,150,100 גרם,false,0,4.50,3.00,true,1,7290106726178
7290106727984,false,כיף כף פצפצים בגביע,עלית,,כיף כף פצפצים בגביע,גרמים,135,100 גרם,false,0,8.90,6.59,true,1,7290106727984
7290106729650,false,מארז 8 יוגורט עם תות 3%,דנונה - שטראוס,,מארז 8 יוגורט עם תות 3%,גרמים,1200,100 גרם,false,8,22.90,1.91,true,1,7290106729650
7290106871342,false,ערכת יצירה תיבת נח,ישראטויס,,ערכת יצירה תיבת נח,,0,,false,0,79.90,0.00,true,1,7290106871342
7290106871793,false,משחק שחמט מכלי עץ מהודרים,ישראטויס,,משחק שחמט מכלי עץ מהודרים,,0,,false,0,79.90,0.00,true,1,7290106871793
7290106873377,false,משחק לוטו בעלי חיים - לגילאי 2-6,ישראטויס,,משחק לוטו בעלי חיים - לגילאי 2-6,יחידות,1,יחידה,false,0,49.90,4990.00,true,1,7290106873377
7290106873728,false,משחק זיכרון מספרים - לגילאי 2-6,ישראטויס,,משחק זיכרון מספרים - לגילאי 2-6,יחידות,1,יחידה,false,0,49.90,4990.00,true,1,7290106873728
7290106873735,false,משחק לוטו מספרים - לגילאי 2-6,ישראטויס,,משחק לוטו מספרים - לגילאי 2-6,יחידות,1,יחידה,false,0,49.90,4990.00,true,1,7290106873735
7290106873780,false,משחק פינגווין במלכוד - מגיל 5+,ישראטויס,,משחק פינגווין במלכוד - מגיל 5+,יחידות,1,יחידה,false,0,59.90,5990.00,true,1,7290106873780
7290106873964,false,משחק שחמט + דמקה,ישראטויס,,משחק שחמט + דמקה,,0,,false,0,69.90,0.00,true,1,7290106873964
7290106874671,false,משחק הקרוסלה - מגיל 5+,ישראטויס,,משחק הקרוסלה - מגיל 5+,יחידות,1,יחידה,false,0,59.90,5990.00,true,1,7290106874671
7290106874695,false,משחק חטף טף - מגיל 5+,ישראטויס,,משחק חטף טף - מגיל 5+,יחידות,1,יחידה,false,0,59.90,5990.00,true,1,7290106874695
7290106874862,false,משחק חשיבה ואסטרטגיה מחשבת - מגיל 6+,ישראטויס,,משחק חשיבה ואסטרטגיה מחשבת - מגיל 6+,יחידות,1,יחידה,false,0,59.90,5990.00,true,1,7290106874862
7290106874886,false,ערכת אותיות ובצקים - מגיל 3+,ישראטויס,,ערכת אותיות ובצקים - מגיל 3+,יחידות,1,יחידה,false,0,49.90,4990.00,true,1,7290106874886
7290106875555,false,משחק משולשים ענק! - מגיל 3+,ישראטויס,,משחק משולשים ענק! - מגיל 3+,יחידות,1,יחידה,false,0,59.90,5990.00,true,1,7290106875555
7290106875715,false,ספרון לעגלת תינוק בצבעי אדום ושחור,ישראטויס,,ספרון לעגלת תינוק בצבעי אדום ושחור,יחידות,1,יחידה,false,0,19.90,19.90,true,1,7290106875715
7290106875838,false,פאזל רצפה ענק בגן המשחקים 24 חלקים,ישראטויס,,פאזל רצפה ענק בגן המשחקים 24 חלקים,,0,,false,0,39.90,0.00,true,1,7290106875838
7290106877009,false,משחק אלוף העסקים - לגילאי 8+,ישראטויס,,משחק אלוף העסקים - לגילאי 8+,,0,,false,0,59.90,0.00,true,1,7290106877009
7290106877276,false,משחק קסם המנדלה - מגיל 6+,ישראטויס,,משחק קסם המנדלה - מגיל 6+,,0,,false,0,54.90,0.00,true,1,7290106877276
7290106877283,false,משחק תפוס גמד - מגיל 6+,ישראטויס,,משחק תפוס גמד - מגיל 6+,,0,,false,0,89.90,0.00,true,1,7290106877283
7290106877290,false,סלון הנסיכות שלי - מגיל 5+,ישראטויס,,סלון הנסיכות שלי - מגיל 5+,יחידות,1,יחידה,false,0,49.90,4990.00,true,1,7290106877290
7290106877306,false,פאזל רצפה ענק הבנאים הקטנים 24 חלקים,ישראטויס,,פאזל רצפה ענק הבנאים הקטנים 24 חלקים,,0,,false,0,39.90,0.00,true,1,7290106877306
7290106879201,false,פאזל רצפה ברבי בממלכת החלומות 24 חלקים,ישראטויס,,פאזל רצפה ברבי בממלכת החלומות 24 חלקים,,0,,false,0,49.90,0.00,true,1,7290106879201
7290106879232,false,פאזל רצפה הלו קיטי 48 חלקים לגיל 3+,ישראטויס,,פאזל רצפה הלו קיטי 48 חלקים לגיל 3+,,0,,false,0,49.90,0.00,true,1,7290106879232
7290106879249,false,פאזל רצפה באטמן 48 חלקים לגיל 3+,ישראטויס,,פאזל רצפה באטמן 48 חלקים לגיל 3+,,0,,false,0,49.90,0.00,true,1,7290106879249
7290106879416,false,הלו קיטי 2 פאזלים בקופסא 50 ו-35 חלקים,ישראטויס,,הלו קיטי 2 פאזלים בקופסא 50 ו-35 חלקים,,0,,false,0,34.90,0.00,true,1,7290106879416
7290107280020,false,מארז שליישית מגבונים לניקוי כללי 50 יח',סנו סושי,,מארז שליישית מגבונים לניקוי כללי 50 יח',יחידות,150,יחידה,false,3,19.90,0.13,true,1,7290107280020
7290107280037,false,50 מטליות לחות לניקוי כללי גדולות ועבות,סנו סושי,,50 מטליות לחות לניקוי כללי גדולות ועבות,יחידות,50,יחידה,false,0,8.90,0.22,true,1,7290107280037
7290107280075,false,מארז 4 תבניות אלומיניום לאפייה L,סנו סושי,,מארז 4 תבניות אלומיניום לאפייה L,יחידות,4,יחידה,false,0,7.90,1.98,true,1,7290107280075
7290107280082,false,מארז 7 תבניות אלומיניום מוארכות לאפייה אינגליש קייק,סנו סושי,,מארז 7 תבניות אלומיניום מוארכות לאפייה אינגליש קייק,יחידות,7,יחידה,false,0,7.90,1.13,true,1,7290107280082
7290107280099,false,מארז מגבוני טואלט לחים Soft,סנו סופט Soft,,מארז מגבוני טואלט לחים Soft,יחידות,144,יחידה,false,3,15.90,0.11,true,1,7290107280099
7290107280129,false,שקיות אשפה חזקות גדולות במיוחד XXL,סנו סושי,,שקיות אשפה חזקות גדולות במיוחד XXL,יחידות,20,יחידה,false,0,22.90,1.15,true,1,7290107280129
7290107280341,false,מטליות לחות לניקוי הרצפה בניחוח מלון מפנק 70*40,סנו,,מטליות לחות לניקוי הרצפה בניחוח מלון מפנק 70*40,יחידות,10,יחידה,false,0,14.90,1.49,true,1,7290107280341
7290107280389,false,ג'ט ניקוי יסודי בחדר האמבטיה,סנו ג'ט Jet,,ג'ט ניקוי יסודי בחדר האמבטיה,מליליטרים,750,"100 מ""ל",false,0,19.90,2.65,true,1,7290107280389
7290107280396,false,ניקוי יסודי במטבח ג'ט,סנו ג'ט Jet,,ניקוי יסודי במטבח ג'ט,מליליטרים,750,"100 מ""ל",false,0,19.90,2.65,true,1,7290107280396
7290107280402,false,סנו ג'ט ניקוי כללי ורצפות,סנו ג'ט Jet,,סנו ג'ט ניקוי כללי ורצפות,ליטרים,2,ליטר,false,0,14.90,9.95,true,1,7290107280402
7290107280563,false,מסיר כתמים ג'ל Oxygen בייבי,סנו אוקסיג'ן,,מסיר כתמים ג'ל Oxygen בייבי,ליטרים,3,ליטר,false,0,29.90,9.97,true,1,7290107280563
7290107280570,false,ג'ל כביסה מרוכז לכבס בלי להפריד כביסה צבעונית,סנו מקסימה,,ג'ל כביסה מרוכז לכבס בלי להפריד כביסה צבעונית,ליטרים,3,ליטר,false,0,29.90,11.63,true,1,7290107280570
7290107280587,false,סנובון סבון לאסלה דאבל אקשן בריח פרחים ורודים,סנו,,סנובון סבון לאסלה דאבל אקשן בריח פרחים ורודים,גרמים,165,100 גרם,false,0,11.90,12.06,true,1,7290107280587
7290107280594,false,סנובון סבון לאסלה דאבל אקשן בניחוח לבנדר,סנו,,סנובון סבון לאסלה דאבל אקשן בניחוח לבנדר,גרמים,165,100 גרם,false,0,11.90,12.06,true,1,7290107280594
7290107280600,false,טבליות למדיח סנו ספארק 100 טבליות במארז,סנו,,טבליות למדיח סנו ספארק 100 טבליות במארז,יחידות,100,יחידה,false,0,59.90,0.60,true,1,7290107280600
7290107280655,false,אבקת כביסה Baby לתינוקות ולעור רגיש,סנו מקסימה,,אבקת כביסה Baby לתינוקות ולעור רגיש,קילוגרמים,3,"ק""ג",false,0,29.90,9.20,true,1,7290107280655
7290107280709,false,נוזל הברקה למדיח סנו ספארק Spark,סנו,,נוזל הברקה למדיח סנו ספארק Spark,מליליטרים,700,"100 מ""ל",false,0,14.90,2.84,true,1,7290107280709
7290107280716,false,מלח למדיח להגנה מפני אבנית סנו ספארק Spark,סנו,,מלח למדיח להגנה מפני אבנית סנו ספארק Spark,קילוגרמים,2,"ק""ג",false,0,12.90,6.45,true,1,7290107280716
7290107280723,false,נוזל לניקוי כלים סנו ספארק Spark בניחוח לימון רענן,סנו,,נוזל לניקוי כלים סנו ספארק Spark בניחוח לימון רענן,מליליטרים,700,"100 מ""ל",false,0,9.90,1.41,true,1,7290107280723
7290107280730,false,נוזל לניקוי כלים סנו ספארק Spark בניחוח לבנדר,סנו,,נוזל לניקוי כלים סנו ספארק Spark בניחוח לבנדר,מליליטרים,700,"100 מ""ל",false,0,9.90,1.41,true,1,7290107280730
7290107280747,false,נוזל לניקוי כלים סנו ספארק Spark קלאסי,סנו,,נוזל לניקוי כלים סנו ספארק Spark קלאסי,מליליטרים,700,"100 מ""ל",false,0,9.90,1.41,true,1,7290107280747
7290107280754,false,נוזל כלים סנו ספארק Spark היפואלרגני פריחת השקד,סנו,,נוזל כלים סנו ספארק Spark היפואלרגני פריחת השקד,מליליטרים,700,"100 מ""ל",false,0,9.90,1.41,true,1,7290107280754
7290107280761,false,נוזל לניקוי כלים בניחוח לימון רענן סנו ספארק Spark,סנו,,נוזל לניקוי כלים בניחוח לימון רענן סנו ספארק Spark,ליטרים,1,ליטר,false,0,12.90,12.90,true,1,7290107280761
7290107280822,false,ריצפז פרש בניחוח ספא מרגיע,סנו פרש Fresh,,ריצפז פרש בניחוח ספא מרגיע,ליטרים,2,ליטר,false,0,19.90,11.45,true,1,7290107280822
7290107521666,false,מארז 3 כיפות,אוהב ציון,,מארז 3 כיפות,יחידות,3,יחידה,false,0,12.90,4.30,true,1,7290107521666
7290107544467,false,שעווה קרה להסרת שיער מיוחד למיקרוגל,אורנה 19 Orna,,שעווה קרה להסרת שיער מיוחד למיקרוגל,גרמים,500,100 גרם,false,0,14.90,2.98,true,1,7290107544467
7290107544481,false,אורנה 19 קרם להסרת שיער,אורנה 19 Orna,,אורנה 19 קרם להסרת שיער,גרמים,80,100 גרם,false,0,14.90,18.63,true,1,7290107544481
7290107645584,false,מרק עוף אמיתי בשרי 100% רכיבים טבעיים,קנור Knorr,,מרק עוף אמיתי בשרי 100% רכיבים טבעיים,גרמים,400,100 גרם,false,0,24.90,6.23,true,1,7290107645584
7290107645591,false,מרק בטעם עוף 100% רכיבים טבעיים - פרווה,קנור Knorr,,מרק בטעם עוף 100% רכיבים טבעיים - פרווה,גרמים,400,100 גרם,false,0,18.90,4.73,true,1,7290107645591
7290107646062,false,מרק בצל 100% רכיבים טבעיים,קנור Knorr,,מרק בצל 100% רכיבים טבעיים,גרמים,400,100 גרם,false,0,24.90,6.23,true,1,7290107646062
7290107646147,false,שוגי חטיף פתיתי תירס קלויים,תלמה,,שוגי חטיף פתיתי תירס קלויים,גרמים,156,100 גרם,false,0,12.90,8.27,true,1,7290107646147
7290107646154,false,קוקומן חטיף פצפוצי דגנים בטעם שוקולד,תלמה,,קוקומן חטיף פצפוצי דגנים בטעם שוקולד,גרמים,126,100 גרם,false,0,12.90,10.24,true,1,7290107646154
7290107646826,false,שוגי חטיף פתיתי תירס קלויים בטעם שוקולד,תלמה,,שוגי חטיף פתיתי תירס קלויים בטעם שוקולד,גרמים,156,100 גרם,false,0,12.90,8.27,true,1,7290107646826
7290107646895,false,נפוליטנה רוטב עגבניות לפסטה,קנור Knorr,,נפוליטנה רוטב עגבניות לפסטה,גרמים,415,100 גרם,false,0,12.90,3.11,true,1,7290107646895
7290107646918,false,רוטב עגבניות ופלפלים לשקשוקה,קנור Knorr,,רוטב עגבניות ופלפלים לשקשוקה,גרמים,415,100 גרם,false,0,12.90,3.11,true,1,7290107646918
7290107647731,false,קוקומן חום לבן בטעם שוקולד ווניל,תלמה,,קוקומן חום לבן בטעם שוקולד ווניל,גרמים,375,100 גרם,false,0,19.90,5.31,true,1,7290107647731
7290107647816,false,ברנפלקס ללא תוספת סוכר,תלמה,,ברנפלקס ללא תוספת סוכר,גרמים,500,100 גרם,false,0,22.90,4.58,true,1,7290107647816
7290107647823,false,ברנפלקס,תלמה,,ברנפלקס,גרמים,500,100 גרם,false,0,22.90,4.58,true,1,7290107647823
7290107647854,false,דגני בוקר שוגי,תלמה,,דגני בוקר שוגי,גרמים,500,100 גרם,false,0,21.90,4.38,true,1,7290107647854
7290107648943,false,ברנפלקס קרנצ'ים בטעם מייפל,תלמה,,ברנפלקס קרנצ'ים בטעם מייפל,גרמים,375,100 גרם,false,0,22.90,6.11,true,1,7290107648943
7290107648974,false,רוטב עגבניות עם בזיליקום לפסטה,קנור Knorr,,רוטב עגבניות עם בזיליקום לפסטה,גרמים,415,100 גרם,false,0,12.90,3.11,true,1,7290107648974
7290107648981,false,פומודורו רוטב עגבניות קלאסי,קנור Knorr,,פומודורו רוטב עגבניות קלאסי,גרמים,415,100 גרם,false,0,12.90,3.11,true,1,7290107648981
7290107649094,false,בייגלה מקלות ארוכים עם שומשום,בייגל בייגל BB,,בייגלה מקלות ארוכים עם שומשום,גרמים,150,100 גרם,false,0,5.90,3.93,true,1,7290107649094
7290107649100,false,בייגלה טבעות עם שומשום,בייגל בייגל BB,,בייגלה טבעות עם שומשום,גרמים,300,100 גרם,false,0,9.90,3.30,true,1,7290107649100
7290107649605,false,שוקולד חלב עם קורנפלקס ופצפוצים,קליק,,שוקולד חלב עם קורנפלקס ופצפוצים,גרמים,85,100 גרם,false,0,4.90,5.76,true,1,7290107649605
7290107871297,false,מיני פריכונים בטעם עשבי תיבול,אסם,,מיני פריכונים בטעם עשבי תיבול,גרמים,23,100 גרם,false,0,3.90,16.96,true,1,7290107871297
7290107871990,false,פסטה צינורות,אסם,,פסטה צינורות,גרמים,500,100 גרם,false,0,5.90,1.18,true,1,7290107871990
7290107874427,false,מיני פריכונים בטעם זעתר,אסם,,מיני פריכונים בטעם זעתר,גרמים,25,100 גרם,false,0,3.90,15.60,true,1,7290107874427
7290107874441,false,מיני פריכונים בטעם בצל מקורמל,אסם,,מיני פריכונים בטעם בצל מקורמל,גרמים,25,100 גרם,false,0,3.90,15.60,true,1,7290107874441
7290107875820,false,קרוטונים אפויים בתיבול ביתי,אסם,,קרוטונים אפויים בתיבול ביתי,גרמים,180,100 גרם,false,0,10.90,6.06,true,1,7290107875820
7290107930321,false,קונפיטורת דובדבן,יד מרדכי,,קונפיטורת דובדבן,גרמים,340,100 גרם,false,0,12.90,3.79,true,1,7290107930321
7290107931397,false,כיף כף פצפצים,עלית,,כיף כף פצפצים,גרמים,40,100 גרם,false,0,4.90,12.25,true,1,7290107931397
7290107932080,false,חלב 3% מועשר בסידן ובויטמין D,יטבתה,,חלב 3% מועשר בסידן ובויטמין D,ליטרים,1,ליטר,false,0,7.40,7.40,true,1,7290107932080
7290107933193,false,סלק מבושל,שטראוס טעם הטבע,,סלק מבושל,גרמים,500,100 גרם,false,0,7.90,1.58,true,1,7290107933193
7290107934473,false,מארז 8 יח' אקטיביה יוגורט קרמי 1.5% שומן,דנונה - שטראוס,,מארז 8 יח' אקטיביה יוגורט קרמי 1.5% שומן,גרמים,1200,100 גרם,false,8,18.90,1.58,true,1,7290107934473
7290107936309,false,יוגורט יווני 7% שומן Greek,דנונה - שטראוס,,יוגורט יווני 7% שומן Greek,גרמים,130,100 גרם,false,0,3.40,2.62,true,1,7290107936309
7290107936460,false,מארז 8 יח' דנכול משקה יוגורט בטעם מעודן,דנונה - שטראוס,,מארז 8 יח' דנכול משקה יוגורט בטעם מעודן,גרמים,800,100 גרם,false,8,27.90,3.49,true,1,7290107936460
7290107936958,false,אצבעות ביסקוויט עד חצות,עלית,,אצבעות ביסקוויט עד חצות,גרמים,125,100 גרם,false,0,9.90,7.92,true,1,7290107936958
7290107936965,false,ביסקוויט עד חצות עיגולים,עלית,,ביסקוויט עד חצות עיגולים,גרמים,225,100 גרם,false,0,12.90,5.73,true,1,7290107936965
7290107937542,false,משקה יוגורט אקטיביה עם תות 1.2% שומן,דנונה - שטראוס,,משקה יוגורט אקטיביה עם תות 1.2% שומן,מליליטרים,265,"100 מ""ל",false,0,4.90,1.85,true,1,7290107937542
7290107937627,false,מסטיק מאסט Must קוביות ללא סוכר בטעם מנטה עדינה,עלית,,מסטיק מאסט Must קוביות ללא סוכר בטעם מנטה עדינה,גרמים,58,100 גרם,false,0,8.90,15.34,true,1,7290107937627
7290107937634,false,מסטיק מאסט Must קוביות ללא סוכר בטעם מנטה,עלית,,מסטיק מאסט Must קוביות ללא סוכר בטעם מנטה,גרמים,58,100 גרם,false,0,8.90,15.34,true,1,7290107937634
7290107937641,false,מסטיק בזוקה קוביות ללא סוכר,עלית,,מסטיק בזוקה קוביות ללא סוכר,גרמים,58,100 גרם,false,0,8.90,15.34,true,1,7290107937641
7290107937856,false,קפסולות קפה 100% גואטמלה,עלית,,קפסולות קפה 100% גואטמלה,גרמים,50,100 גרם,false,0,16.50,33.00,true,1,7290107937856
7290107938396,false,מארז 8 יחידות אקטימל תות,דנונה - שטראוס,,מארז 8 יחידות אקטימל תות,גרמים,864,100 גרם,false,8,19.90,2.30,true,1,7290107938396
7290107939027,false,גזר דק דק,שטראוס טעם הטבע,,גזר דק דק,גרמים,250,100 גרם,false,0,6.90,2.76,true,1,7290107939027
7290107940467,false,אקטיביה יוגורט 1.5% שומן,דנונה - שטראוס,,אקטיביה יוגורט 1.5% שומן,גרמים,200,100 גרם,false,0,3.90,1.95,true,1,7290107940467
7290107941259,false,עדשים ירוקות מבושלות,שטראוס טעם הטבע,,עדשים ירוקות מבושלות,גרמים,475,100 גרם,false,0,8.90,1.87,true,1,7290107941259
7290107941266,false,שעועית אדומה מבושלת,שטראוס טעם הטבע,,שעועית אדומה מבושלת,גרמים,475,100 גרם,false,0,10.90,2.29,true,1,7290107941266
7290107941273,false,חומוס מבושל,שטראוס טעם הטבע,,חומוס מבושל,גרמים,475,100 גרם,false,0,8.90,1.87,true,1,7290107941273
7290107942355,false,תפוצ'יפס מקלות בטעם טבעי,עלית,,תפוצ'יפס מקלות בטעם טבעי,גרמים,60,100 גרם,false,0,3.90,6.50,true,1,7290107942355
7290107943192,false,שמנת חמוצה מהערבה 27% שומן,יטבתה,,שמנת חמוצה מהערבה 27% שומן,מליליטרים,200,"100 מ""ל",false,0,3.90,1.95,true,1,7290107943192
7290107943369,false,שיבולת שועל להכנה מהירה ללא גלוטן,קוואקר Quaker,,שיבולת שועל להכנה מהירה ללא גלוטן,גרמים,511,100 גרם,false,0,16.90,3.31,true,1,7290107943369
7290107944472,false,סימפוניה גבינה במרקם שמנת 5% שום שמיר,שטראוס,,סימפוניה גבינה במרקם שמנת 5% שום שמיר,גרמים,200,100 גרם,false,0,10.90,5.45,true,1,7290107944472
7290107945165,false,קונפיטורת משמש,יד מרדכי,,קונפיטורת משמש,גרמים,340,100 גרם,false,0,12.90,3.79,true,1,7290107945165
7290107950190,false,מעדן חלב דל קלוריות בטעם שוקולד מריר 0.5% שומן,שטראוס,,מעדן חלב דל קלוריות בטעם שוקולד מריר 0.5% שומן,גרמים,130,100 גרם,false,0,2.90,2.23,true,1,7290107950190
7290107951104,false,בפלות ופלים ארוכים בטעם שוקולד,עלית,,בפלות ופלים ארוכים בטעם שוקולד,גרמים,200,100 גרם,false,0,3.90,1.95,true,1,7290107951104
7290107951111,false,בפלות ופלים ארוכים בטעם לימון,עלית,,בפלות ופלים ארוכים בטעם לימון,גרמים,200,100 גרם,false,0,3.90,1.95,true,1,7290107951111
7290107951715,false,מסטיק מאסט Must קוביות ללא סוכר בטעם ענבים,עלית,,מסטיק מאסט Must קוביות ללא סוכר בטעם ענבים,גרמים,58,100 גרם,false,0,8.90,15.34,true,1,7290107951715
7290107953559,false,מנות אישיות קפה טורקי לדרך,עלית,,מנות אישיות קפה טורקי לדרך,גרמים,168,100 גרם,false,24,17.90,10.65,true,1,7290107953559
7290107954709,false,קונפיטורת פירות יער,יד מרדכי,,קונפיטורת פירות יער,גרמים,340,100 גרם,false,0,12.90,3.79,true,1,7290107954709
7290107954976,false,משקה חלב PRO עם קפה 1.5% 25 גרם חלבון בבקבוק,יטבתה,,משקה חלב PRO עם קפה 1.5% 25 גרם חלבון בבקבוק,מליליטרים,350,"100 מ""ל",false,0,5.90,1.69,true,1,7290107954976
7290107956642,false,תרסיס שמן זית כתית מעולה,יד מרדכי,,תרסיס שמן זית כתית מעולה,מליליטרים,150,"100 מ""ל",false,0,17.90,11.93,true,1,7290107956642
7290107956895,false,קפסולות קפה בטעם קרמל,עלית,,קפסולות קפה בטעם קרמל,גרמים,50,100 גרם,false,0,16.50,33.00,true,1,7290107956895
7290107956901,false,קפסולות קפה בטעם אגוזי לוז,עלית,,קפסולות קפה בטעם אגוזי לוז,גרמים,50,100 גרם,false,0,16.50,33.00,true,1,7290107956901
7290107956925,false,קפסולות קפה 100% אוגנדה,עלית,,קפסולות קפה 100% אוגנדה,גרמים,50,100 גרם,false,0,16.50,33.00,true,1,7290107956925
7290107956932,false,קפסולות קפה 100% אינדונזיה,עלית,,קפסולות קפה 100% אינדונזיה,גרמים,50,100 גרם,false,0,16.50,33.00,true,1,7290107956932
7290107957991,false,מילקי קייק מיניס עוגות אישיות,שטראוס,,מילקי קייק מיניס עוגות אישיות,גרמים,144,100 גרם,false,9,12.90,8.96,true,1,7290107957991
7290107958035,false,יוגורט במתיקות מעודנת 2% ללא תוספת סוכר- מארז 8 יח,דנונה - שטראוס,,יוגורט במתיקות מעודנת 2% ללא תוספת סוכר- מארז 8 יח,גרמים,1200,100 גרם,false,8,17.90,1.49,true,1,7290107958035
7290107971522,false,חטיף בוטנים ושקדים עם שוקולד מריר ופיסטוק,פרי Free,,חטיף בוטנים ושקדים עם שוקולד מריר ופיסטוק,גרמים,140,100 גרם,false,0,14.90,10.64,true,1,7290107971522
7290107971539,false,חטיף בוטנים וקשיו עם שוקולד מריר ללא גלוטן,פרי Free,,חטיף בוטנים וקשיו עם שוקולד מריר ללא גלוטן,גרמים,140,100 גרם,false,0,14.90,10.64,true,1,7290107971539
7290107971744,false,מי פה טוטאל מנטה עדינה 12 שעות הגנה,קולגייט Colgate,,מי פה טוטאל מנטה עדינה 12 שעות הגנה,מליליטרים,500,"100 מ""ל",false,0,29.90,5.98,true,1,7290107971744
7290107971751,false,מי פה קולגייט טוטל ללא אלכוהול פפרמינט,קולגייט Colgate,,מי פה קולגייט טוטל ללא אלכוהול פפרמינט,מליליטרים,500,"100 מ""ל",false,0,29.90,5.98,true,1,7290107971751
7290107973014,false,סבון נוזלי לידיים דבש וחלב,פלמוליב Palmolive,,סבון נוזלי לידיים דבש וחלב,מליליטרים,300,"100 מ""ל",false,0,10.90,3.63,true,1,7290107973014
7290107973038,false,סבון ידיים אקווריום Aquarium,פלמוליב Palmolive,,סבון ידיים אקווריום Aquarium,מליליטרים,300,"100 מ""ל",false,0,10.90,3.63,true,1,7290107973038
7290107973793,false,עגבניות שלמות מקולפות,מאסטר שף,,עגבניות שלמות מקולפות,גרמים,400,100 גרם,false,0,5.00,1.48,true,1,7290107973793
7290107973809,false,קוביות עגבניות,מאסטר שף,,קוביות עגבניות,גרמים,400,100 גרם,false,0,5.00,1.48,true,1,7290107973809
7290107973861,false,עגבניות איטלקיות חתוך דק- שלישייה,מאסטר שף,,עגבניות איטלקיות חתוך דק- שלישייה,גרמים,1200,100 גרם,false,3,15.90,1.33,true,1,7290107973861
7290107974301,false,דאודורנט ג'ל עם הגנת אלוורה Aloe Protection,ליידי ספיד סטיק Lady Speed Stick,,דאודורנט ג'ל עם הגנת אלוורה Aloe Protection,גרמים,65,100 גרם,false,0,19.90,46.00,true,1,7290107974301
7290107974646,false,שטיפת פה נשימה רעננה,מרידול Meridol,,שטיפת פה נשימה רעננה,מליליטרים,400,"100 מ""ל",false,0,32.90,8.23,true,1,7290107974646
7290107974806,false,אורז בסמטי,מאסטר שף,,אורז בסמטי,קילוגרמים,1,"ק""ג",false,0,11.90,11.90,true,1,7290107974806
7290107974813,false,אורז יסמין,מאסטר שף,,אורז יסמין,קילוגרמים,1,"ק""ג",false,0,10.90,10.90,true,1,7290107974813
7290107974820,false,ממרח בטעם ספייסי מיונז,מאסטר שף,,ממרח בטעם ספייסי מיונז,גרמים,250,100 גרם,false,0,6.90,2.76,true,1,7290107974820
7290107974837,false,ממרח בטעם מיונז שום,מאסטר שף,,ממרח בטעם מיונז שום,גרמים,250,100 גרם,false,0,6.90,2.76,true,1,7290107974837
7290107975278,false,דאודורנט סטיק עם הגנת אלוורה Aloe Protection,ליידי ספיד סטיק Lady Speed Stick,,דאודורנט סטיק עם הגנת אלוורה Aloe Protection,גרמים,45,100 גרם,false,0,19.90,55.33,true,1,7290107975278
7290107975285,false,דאודורנט סטיק תות מתוק לנערות Teen Spirit,ליידי ספיד סטיק Lady Speed Stick,,דאודורנט סטיק תות מתוק לנערות Teen Spirit,מליליטרים,65,"100 מ""ל",false,0,19.90,46.00,true,1,7290107975285
7290107975292,false,דאודורנט סטיק פינק קראש לנערות Teen Spirit,ליידי ספיד סטיק Lady Speed Stick,,דאודורנט סטיק פינק קראש לנערות Teen Spirit,מליליטרים,65,"100 מ""ל",false,0,19.90,46.00,true,1,7290107975292
7290107975346,false,דאודורנט ג'ל לגבר Power Of Nature,ספיד סטיק Speed Stick,,דאודורנט ג'ל לגבר Power Of Nature,גרמים,50,100 גרם,false,0,19.90,59.80,true,1,7290107975346
7290107975360,false,דאודורנט ג'ל Pure Freshness,ליידי ספיד סטיק Lady Speed Stick,,דאודורנט ג'ל Pure Freshness,גרמים,65,100 גרם,false,0,19.90,46.00,true,1,7290107975360
7290107975544,false,משחת שיניים לילדים +6 בטעם פירות עדין,קולגייט Colgate,,משחת שיניים לילדים +6 בטעם פירות עדין,מליליטרים,50,"100 מ""ל",false,0,12.90,25.80,true,1,7290107975544
7290107976848,false,סבון מוצק בניחוח קמומיל,פלמוליב Palmolive,,סבון מוצק בניחוח קמומיל,גרמים,400,100 גרם,false,0,16.90,4.23,true,1,7290107976848
7290107976916,false,סבון נוזלי לידיים זיתים,פלמוליב Palmolive,,סבון נוזלי לידיים זיתים,מליליטרים,300,"100 מ""ל",false,0,10.90,3.63,true,1,7290107976916
7290107977456,false,ג'ל רחצה ושמפו ספורט לגבר 2 ב-1,פלמוליב Palmolive,,ג'ל רחצה ושמפו ספורט לגבר 2 ב-1,מליליטרים,750,"100 מ""ל",false,0,17.90,2.65,true,1,7290107977456
7290107977753,false,משחת שיניים פרודונט אקספרט,מרידול Meridol,,משחת שיניים פרודונט אקספרט,גרמים,75,100 גרם,false,0,25.90,34.53,true,1,7290107977753
7290107978101,false,משחת שיניים אופטיק ווייט אקסטרה פאוור,קולגייט Colgate,,משחת שיניים אופטיק ווייט אקסטרה פאוור,מליליטרים,75,"100 מ""ל",false,0,29.90,39.87,true,1,7290107978101
7290107978323,false,אטריות דקיקות,מאסטר שף,,אטריות דקיקות,גרמים,400,100 גרם,false,0,5.00,1.48,true,1,7290107978323
7290107978330,false,אטריות דקות,מאסטר שף,,אטריות דקות,גרמים,400,100 גרם,false,0,5.00,1.48,true,1,7290107978330
7290107978347,false,אטריות בינוניות,מאסטר שף,,אטריות בינוניות,גרמים,400,100 גרם,false,0,5.00,1.48,true,1,7290107978347
7290107978453,false,חטיף חיטה בטעם גריל,קראנצ'וס,,חטיף חיטה בטעם גריל,גרמים,55,100 גרם,false,0,3.90,7.09,true,1,7290107978453
7290107978460,false,חטיף חיטה בטעם פלאפל,קראנצ'וס,,חטיף חיטה בטעם פלאפל,גרמים,55,100 גרם,false,0,3.90,7.09,true,1,7290107978460
7290107978637,false,משחת שיניים לחניכיים רגישות,מרידול Meridol,,משחת שיניים לחניכיים רגישות,גרמים,75,100 גרם,false,0,19.90,26.53,true,1,7290107978637
7290107979184,false,"תבניות אלומיניום פלוס נייר אפייה 32/26 ס""מ L",קוקי,,"תבניות אלומיניום פלוס נייר אפייה 32/26 ס""מ L",יחידות,3,יחידה,false,0,12.90,4.30,true,1,7290107979184
7290107979191,false,"תבניות אלומיניום פלוס נייר אפיה 40/34 ס""מ XL",קוקי,,"תבניות אלומיניום פלוס נייר אפיה 40/34 ס""מ XL",יחידות,2,יחידה,false,0,12.90,6.45,true,1,7290107979191
7290108201284,false,מקלות ריחניים לבנדר,איירוויק Air Wick,,מקלות ריחניים לבנדר,מליליטרים,30,"100 מ""ל",false,0,24.90,83.00,true,1,7290108201284
7290108201437,false,אבקת כביסה קולון 101,קולון Colon,,אבקת כביסה קולון 101,קילוגרמים,3,"ק""ג",false,0,24.90,9.96,true,1,7290108201437
7290108201802,false,ספריי חיטוי בניחוח כביסה,דטול Dettol,,ספריי חיטוי בניחוח כביסה,מליליטרים,400,"100 מ""ל",false,0,14.90,6.23,true,1,7290108201802
7290108201833,false,דורקס EXTRA SAFE - קונדומים שקופים עבים (36 יח'),דורקס Durex,,דורקס EXTRA SAFE - קונדומים שקופים עבים (36 יח'),יחידות,36,יחידה,false,0,119.90,3.33,true,1,7290108201833
7290108201864,false,קפסולות ג'ל לכביסה,קולון Colon,,קפסולות ג'ל לכביסה,יחידות,28,יחידה,false,0,29.90,1.07,true,1,7290108201864
7290108201956,false,דורקס THIN FEEL קונדומים דקים בתוספת חומר סיכה,דורקס Durex,,דורקס THIN FEEL קונדומים דקים בתוספת חומר סיכה,יחידות,36,יחידה,false,0,119.90,3.33,true,1,7290108201956
7290108350128,false,שקיות אשפה Extra חזקות במיוחד L,סנו סושי,,שקיות אשפה Extra חזקות במיוחד L,יחידות,40,יחידה,false,0,22.90,0.57,true,1,7290108350128
7290108350142,false,שקיות רב שימושיות גדולות במיוחד XXL,סנו סושי,,שקיות רב שימושיות גדולות במיוחד XXL,יחידות,270,יחידה,false,0,14.90,0.06,true,1,7290108350142
7290108350180,false,מפיות מודפסות 100 יח סנו סושי,סנו סושי,,מפיות מודפסות 100 יח סנו סושי,יחידות,100,יחידה,false,0,6.90,0.07,true,1,7290108350180
7290108350203,false,כריות קרצוף אקסטרה חזקות עם ספוג מקציף - 6 יח',סנו סושי,,כריות קרצוף אקסטרה חזקות עם ספוג מקציף - 6 יח',יחידות,6,יחידה,false,0,9.90,1.65,true,1,7290108350203
7290108350210,false,שקיות אשפה חזקות במיוחד XL,סנו סושי,,שקיות אשפה חזקות במיוחד XL,יחידות,30,יחידה,false,0,24.90,0.83,true,1,7290108350210
7290108350258,false,נייר טואלט דו שכבתי ארוך פי 3 - מארז 12 גלילים,סנו סופט Soft,,נייר טואלט דו שכבתי ארוך פי 3 - מארז 12 גלילים,,662,מטר,false,0,29.90,0.05,true,1,7290108350258
7290108350500,false,סנובון סבון לאסלה דאבל אקשן בניחוח תפוז,סנו,,סנובון סבון לאסלה דאבל אקשן בניחוח תפוז,גרמים,165,100 גרם,false,0,11.90,12.06,true,1,7290108350500
7290108350531,false,נוזל לניקוי כלים סנו ספארק Spark קלאסי,סנו,,נוזל לניקוי כלים סנו ספארק Spark קלאסי,ליטרים,1,ליטר,false,0,12.90,12.90,true,1,7290108350531
7290108350548,false,נוזל לניקוי כלים סנו ספארק Spark בניחוח לבנדר,סנו,,נוזל לניקוי כלים סנו ספארק Spark בניחוח לבנדר,ליטרים,1,ליטר,false,0,12.90,12.90,true,1,7290108350548
7290108350555,false,נוזל כלים סנו ספארק Spark היפואלרגני פריחת השקד,סנו,,נוזל כלים סנו ספארק Spark היפואלרגני פריחת השקד,ליטרים,1,ליטר,false,0,12.90,12.90,true,1,7290108350555
7290108350586,false,נוזל לניקוי כלים סנו ספארק Spark בניחוח לימון רענן,סנו,,נוזל לניקוי כלים סנו ספארק Spark בניחוח לימון רענן,ליטרים,2,ליטר,false,0,14.90,9.93,true,1,7290108350586
7290108350616,false,מרכך בבישום עוצמתי Blue Blossom,סנו מקסימה,,מרכך בבישום עוצמתי Blue Blossom,ליטרים,1,ליטר,false,0,19.90,19.90,true,1,7290108350616
7290108350623,false,מרכך בבישום עוצמתי Soft Silk,סנו מקסימה,,מרכך בבישום עוצמתי Soft Silk,ליטרים,1,ליטר,false,0,19.90,19.90,true,1,7290108350623
7290108350739,false,משחת שיניים לילדים בטעם סוכריות ג'לי גילאי 2-6,אורביטול Orbitol,,משחת שיניים לילדים בטעם סוכריות ג'לי גילאי 2-6,גרמים,70,100 גרם,false,0,8.90,12.71,true,1,7290108350739
7290108351149,false,ג'ט לניקוי כללי ורצפות+ אבקת סודה בניחוח כותנה,סנו ג'ט Jet,,ג'ט לניקוי כללי ורצפות+ אבקת סודה בניחוח כותנה,ליטרים,2,ליטר,false,0,19.90,13.27,true,1,7290108351149
7290108351156,false,ג'ט לניקוי כללי ורצפות+ חומץ בניחוח לבנדר,סנו ג'ט Jet,,ג'ט לניקוי כללי ורצפות+ חומץ בניחוח לבנדר,ליטרים,2,ליטר,false,0,19.90,13.27,true,1,7290108351156
7290108351507,false,מרכך כביסה בבישום עוצמתי סופט סילק,סנו מקסימה,,מרכך כביסה בבישום עוצמתי סופט סילק,ליטרים,4,ליטר,false,0,22.90,5.73,true,1,7290108351507
7290108351514,false,מרכך כביסה בבישום עוצמתי פריחה כחולה,סנו מקסימה,,מרכך כביסה בבישום עוצמתי פריחה כחולה,ליטרים,4,ליטר,false,0,22.90,5.73,true,1,7290108351514
7290108351521,false,ג'ל כביסה מרוכז מאסק,סנו מקסימה,,ג'ל כביסה מרוכז מאסק,ליטרים,5,ליטר,false,0,44.90,8.98,true,1,7290108351521
7290108351552,false,סנו ג'ט בתוספת חומץ לניקוי כללי בניחוח לבנדר,סנו ג'ט Jet,,סנו ג'ט בתוספת חומץ לניקוי כללי בניחוח לבנדר,מליליטרים,750,"100 מ""ל",false,0,19.90,2.65,true,1,7290108351552
7290108351569,false,מבשם ומרכך למייבש כביסה Baby לתינוקות ולעור רגיש,סנו מקסימה,,מבשם ומרכך למייבש כביסה Baby לתינוקות ולעור רגיש,מליליטרים,750,"100 מ""ל",false,0,17.90,2.65,true,1,7290108351569
7290108351583,false,ג'ל לניקוי אסלות + חומץ ומלח לימון בריח לבנדר,סנו ג'ט Jet,,ג'ל לניקוי אסלות + חומץ ומלח לימון בריח לבנדר,מליליטרים,750,"100 מ""ל",false,0,9.90,1.32,true,1,7290108351583
7290108351590,false,מבשם לבית פרש הום בלו בלוסום,סנו פרש Fresh,,מבשם לבית פרש הום בלו בלוסום,מליליטרים,350,"100 מ""ל",false,0,10.90,4.26,true,1,7290108351590
7290108351613,false,ריצפז פרש בניחוח מלון חלומי,סנו פרש Fresh,,ריצפז פרש בניחוח מלון חלומי,ליטרים,2,ליטר,false,0,19.90,11.45,true,1,7290108351613
7290108351637,false,אבקת כביסה חכמה Smart,סנו מקסימה,,אבקת כביסה חכמה Smart,קילוגרמים,5,"ק""ג",false,0,49.90,9.98,true,1,7290108351637
7290108351668,false,מטליות לחות לניקוי כללי בתוספת חומץ בניחוח לבנדר,סנו ג'ט Jet,,מטליות לחות לניקוי כללי בתוספת חומץ בניחוח לבנדר,יחידות,50,יחידה,false,0,8.90,0.20,true,1,7290108351668
7290108351675,false,ג'ל כביסה מרוכז Mix & Wash,סנו,,ג'ל כביסה מרוכז Mix & Wash,ליטרים,5,ליטר,false,0,44.90,8.98,true,1,7290108351675
7290108351699,false,מגבונים לניקוי ג'ט+חומץ מארז שלישייה,סנו ג'ט Jet,,מגבונים לניקוי ג'ט+חומץ מארז שלישייה,יחידות,150,יחידה,false,0,19.90,0.13,true,1,7290108351699
7290108351729,false,ניקוי אסלות אקולוגי Green Power,סנו,,ניקוי אסלות אקולוגי Green Power,מליליטרים,750,"100 מ""ל",false,0,12.90,1.72,true,1,7290108351729
7290108351736,false,ניקוי חלונות אקולוגי Green Power,סנו,,ניקוי חלונות אקולוגי Green Power,מליליטרים,750,"100 מ""ל",false,0,12.90,1.72,true,1,7290108351736
7290108351743,false,נוזל ניקוי כללי אקולוגי Green Power,סנו,,נוזל ניקוי כללי אקולוגי Green Power,מליליטרים,750,"100 מ""ל",false,0,12.90,1.72,true,1,7290108351743
7290108351750,false,ניקוי רצפות אקולוגי Green Power,סנו,,ניקוי רצפות אקולוגי Green Power,ליטרים,2,ליטר,false,0,19.90,9.95,true,1,7290108351750
7290108351781,false,ג'ל לניקוי אסלות + חומץ ומלח לימון בריח הדרים,סנו ג'ט Jet,,ג'ל לניקוי אסלות + חומץ ומלח לימון בריח הדרים,מליליטרים,750,"100 מ""ל",false,0,9.90,1.32,true,1,7290108351781
7290108351804,false,מרכך כביסה בבישום עוצמתי ג'נטל בריז,סנו מקסימה,,מרכך כביסה בבישום עוצמתי ג'נטל בריז,ליטרים,1,ליטר,false,0,19.90,19.90,true,1,7290108351804
7290108351811,false,מרכך כביסה בבישום עוצמתי פלורל טאצ',סנו מקסימה,,מרכך כביסה בבישום עוצמתי פלורל טאצ',ליטרים,1,ליטר,false,0,19.90,19.90,true,1,7290108351811
7290108351835,false,מרכך כביסה בבישום עוצמתי פלורל טאצ',סנו מקסימה,,מרכך כביסה בבישום עוצמתי פלורל טאצ',ליטרים,4,ליטר,false,0,22.90,5.73,true,1,7290108351835
7290108351842,false,בושם מרוכז לכביסה FOREVER כחול,סנו מקסימה,,בושם מרוכז לכביסה FOREVER כחול,מליליטרים,600,"100 מ""ל",false,0,19.90,3.32,true,1,7290108351842
7290108351859,false,בושם מרוכז לכביסה FOREVER ורוד,סנו מקסימה,,בושם מרוכז לכביסה FOREVER ורוד,מליליטרים,600,"100 מ""ל",false,0,19.90,3.32,true,1,7290108351859
7290108351866,false,בושם מרוכז לכביסה FOREVER בורדו,סנו מקסימה,,בושם מרוכז לכביסה FOREVER בורדו,מליליטרים,600,"100 מ""ל",false,0,19.90,3.32,true,1,7290108351866
7290108351910,false,טבליות למדיח סנו ספארק Spark,סנו,,טבליות למדיח סנו ספארק Spark,יחידות,30,יחידה,false,0,19.90,0.83,true,1,7290108351910
7290108351927,false,טבליות למדיח סנו ספארק Spark,סנו,,טבליות למדיח סנו ספארק Spark,יחידות,70,יחידה,false,0,39.90,0.71,true,1,7290108351927
7290108351934,false,סבון אסלה סנובון Rings בניחוח לימון- 3 יח',סנו,,סבון אסלה סנובון Rings בניחוח לימון- 3 יח',יחידות,3,יחידה,false,0,19.90,6.63,true,1,7290108351934
7290108351941,false,סבון אסלה סנובון Rings בריח יערות- 3 יח',סנו,,סבון אסלה סנובון Rings בריח יערות- 3 יח',יחידות,3,יחידה,false,0,19.90,6.63,true,1,7290108351941
7290108351996,false,חיטוי וניקוי בסביבת התינוק 99.9%,סנו,,חיטוי וניקוי בסביבת התינוק 99.9%,מליליטרים,750,"100 מ""ל",false,0,18.90,2.52,true,1,7290108351996
7290108352078,false,אורביטול מי-פה פרוטקטיב סולט,אורביטול Orbitol,,אורביטול מי-פה פרוטקטיב סולט,מליליטרים,500,"100 מ""ל",false,0,14.90,5.98,true,1,7290108352078
7290108352085,false,שטיפת פה שוקינג פרש,אורביטול Orbitol,,שטיפת פה שוקינג פרש,מליליטרים,500,"100 מ""ל",false,0,14.90,3.98,true,1,7290108352085
7290108352092,false,משחת שיניים אורביטול פרוטקטיב סולט בטעם מנטה,אורביטול Orbitol,,משחת שיניים אורביטול פרוטקטיב סולט בטעם מנטה,גרמים,145,100 גרם,false,0,9.90,12.34,true,1,7290108352092
7290108352139,false,ג'ל כביסה מרוכז אקולוגי Green Power,סנו,,ג'ל כביסה מרוכז אקולוגי Green Power,ליטרים,3,ליטר,false,0,34.90,11.63,true,1,7290108352139
7290108352207,false,קפסולות לכביסה Floral Burst,סנו מקסימה,,קפסולות לכביסה Floral Burst,יחידות,40,יחידה,false,0,29.90,1.00,true,1,7290108352207
7290108352214,false,קפסולות לכביסה Fresh Breeze,סנו מקסימה,,קפסולות לכביסה Fresh Breeze,יחידות,40,יחידה,false,0,29.90,1.00,true,1,7290108352214
7290108352252,false,נוזל לניקוי כלים מתאים לניקוי ירקות ופירות סנו ספארק,סנו,,נוזל לניקוי כלים מתאים לניקוי ירקות ופירות סנו ספארק,ליטרים,1,ליטר,false,0,12.90,12.90,true,1,7290108352252
7290108352269,false,מטליות לחיטוי וניקוי 400 יח',סנו ג'ט Jet,,מטליות לחיטוי וניקוי 400 יח',יחידות,400,יחידה,false,0,34.90,0.09,true,1,7290108352269
7290108352276,false,מטליות לחיטוי ולניקוי רצפות 70*40 + פתח למגב,סנו,,מטליות לחיטוי ולניקוי רצפות 70*40 + פתח למגב,יחידות,10,יחידה,false,0,14.90,1.49,true,1,7290108352276
7290108352313,false,שקית מילוי 99.9% מחטא ומשמיד חיידקים למשטחים,סנו,,שקית מילוי 99.9% מחטא ומשמיד חיידקים למשטחים,מליליטרים,750,"100 מ""ל",false,0,9.90,1.32,true,1,7290108352313
7290108352320,false,מבשם אוויר פרש הום נטול גז בניחוח מלון בוטיק,סנו פרש Fresh,,מבשם אוויר פרש הום נטול גז בניחוח מלון בוטיק,מליליטרים,350,"100 מ""ל",false,0,10.90,4.26,true,1,7290108352320
7290108352382,false,מטליות לחות באריזה אישית לחיטוי משטחים ואביזרים,סנו,,מטליות לחות באריזה אישית לחיטוי משטחים ואביזרים,יחידות,20,יחידה,false,0,9.90,0.50,true,1,7290108352382
7290108352399,false,ריצפז פרש הום בניחוח מרכך כביסה פלורל טאצ',סנו,,ריצפז פרש הום בניחוח מרכך כביסה פלורל טאצ',ליטרים,2,ליטר,false,0,19.90,11.45,true,1,7290108352399
7290108352405,false,מבשם לבית ולטקסטיל verbena & green grass,סנו פרש Fresh,,מבשם לבית ולטקסטיל verbena & green grass,מליליטרים,300,"100 מ""ל",false,0,10.90,4.97,true,1,7290108352405
7290108352412,false,מבשם לבית ולטקסטיל english rose & fresh leaves,סנו פרש Fresh,,מבשם לבית ולטקסטיל english rose & fresh leaves,מליליטרים,300,"100 מ""ל",false,0,10.90,4.97,true,1,7290108352412
7290108352429,false,מבשם לבית ולטקסטיל wild wood & berries,סנו פרש Fresh,,מבשם לבית ולטקסטיל wild wood & berries,מליליטרים,300,"100 מ""ל",false,0,10.90,4.97,true,1,7290108352429
7290108352450,false,ריצפז פרש הום בניחוח מרכך כביסה בלו בלוסום,סנו פרש Fresh,,ריצפז פרש הום בניחוח מרכך כביסה בלו בלוסום,ליטרים,2,ליטר,false,0,19.90,11.45,true,1,7290108352450
7290108352528,false,"מתז לחיטוי וניקוי חדר האמבטיה 99.9% 750 מ""ל",סנו ג'ט Jet,,"מתז לחיטוי וניקוי חדר האמבטיה 99.9% 750 מ""ל",מליליטרים,750,"100 מ""ל",false,0,18.90,2.52,true,1,7290108352528
7290108352535,false,דפי בישום לחים למייבש כביסה בניחוח Blue Blossom,סנו מקסימה,,דפי בישום לחים למייבש כביסה בניחוח Blue Blossom,יחידות,20,יחידה,false,0,12.90,0.65,true,1,7290108352535
7290108352641,false,מטלית הפלא לניקוי כללי - מארז שלישייה,סנו סושי,,מטלית הפלא לניקוי כללי - מארז שלישייה,יחידות,3,יחידה,false,0,14.90,4.97,true,1,7290108352641
7290108352672,false,צמד מטלית הפלא לרצפה,סנו סושי,,צמד מטלית הפלא לרצפה,יחידות,2,יחידה,false,0,19.90,12.45,true,1,7290108352672
7290108352689,false,כריות קרצוף ללכלוך קשה,סנו סושי,,כריות קרצוף ללכלוך קשה,יחידות,9,יחידה,false,0,9.90,1.10,true,1,7290108352689
7290108352696,false,"ניילון נצמד רחב במיוחד 45 ס""מ",סנו סושי,,"ניילון נצמד רחב במיוחד 45 ס""מ",,100,מטר,false,0,30.90,0.31,true,1,7290108352696
7290108352702,false,מגבוני טואלט לחים- מארז שלישייה,סנו סופט Soft,,מגבוני טואלט לחים- מארז שלישייה,יחידות,144,יחידה,false,3,15.90,0.11,true,1,7290108352702
7290108352788,false,"שקיות זיפר 27*26 ס""מ מידה L",סנו סושי,,"שקיות זיפר 27*26 ס""מ מידה L",יחידות,20,יחידה,false,0,12.90,0.65,true,1,7290108352788
7290108352795,false,"שקיות זיפר 20*19 ס""מ מידה M",סנו סושי,,"שקיות זיפר 20*19 ס""מ מידה M",יחידות,50,יחידה,false,0,12.90,0.26,true,1,7290108352795
7290108352801,false,"שקיות אשפה S לפחים קטנים 56*45 ס""מ בניחוח עדין",סנו סושי,,"שקיות אשפה S לפחים קטנים 56*45 ס""מ בניחוח עדין",יחידות,100,יחידה,false,0,19.90,0.20,true,1,7290108352801
7290108352818,false,מטלית במבוק לניקוי דוחה ריחות רעים,סנו סושי,,מטלית במבוק לניקוי דוחה ריחות רעים,יחידות,1,יחידה,false,0,8.90,8.90,true,1,7290108352818
7290108352825,false,ספוג הפלא נירוסטה,סנו סושי,,ספוג הפלא נירוסטה,יחידות,3,יחידה,false,0,9.90,4.30,true,1,7290108352825
7290108352849,false,שלישיית מטליות הפלא לניקוי כללי דקור סנו סושי,סנו סושי,,שלישיית מטליות הפלא לניקוי כללי דקור סנו סושי,יחידות,3,יחידה,false,0,14.90,4.97,true,1,7290108352849
7290108352887,false,"זוג מפות שולחן עשויות מבד בלתי ארוג 180*120 ס""מ",סנו סושי,,"זוג מפות שולחן עשויות מבד בלתי ארוג 180*120 ס""מ",יחידות,2,יחידה,false,0,9.90,4.95,true,1,7290108352887
7290108352894,false,"מפת שולחן חגיגית 120*270 ס""מ",סנו סושי,,"מפת שולחן חגיגית 120*270 ס""מ",יחידות,1,יחידה,false,0,7.90,7.90,true,1,7290108352894
7290108352900,false,מגבות הפלא גליל כפול - מארז שישייה,סנו סושי,,מגבות הפלא גליל כפול - מארז שישייה,,127,מטר,false,0,24.90,0.20,true,1,7290108352900
7290108352962,false,תבניות אלומיניום עמוקות 30*25,סנו סושי,,תבניות אלומיניום עמוקות 30*25,יחידות,3,יחידה,false,0,14.90,4.97,true,1,7290108352962
7290108353006,false,שקיות מזון נקשרות סנו סושי 250 יח',סנו סושי,,שקיות מזון נקשרות סנו סושי 250 יח',יחידות,250,יחידה,false,0,12.90,0.05,true,1,7290108353006
7290108353013,false,תבניות אינגלישקייק מנייר סנו סושי 5 יח',סנו סושי,,תבניות אינגלישקייק מנייר סנו סושי 5 יח',יחידות,5,יחידה,false,0,11.90,2.38,true,1,7290108353013
7290108353037,false,"תבניות אפיה עגולות מנייר קוטר 21 ס""מ",סנו סושי,,"תבניות אפיה עגולות מנייר קוטר 21 ס""מ",יחידות,4,יחידה,false,0,11.90,2.98,true,1,7290108353037
7290108353068,false,כרית קרצוף עם סיבי נירוסטה לניקוי אגרסיבי,סנו סושי,,כרית קרצוף עם סיבי נירוסטה לניקוי אגרסיבי,יחידות,2,יחידה,false,0,9.90,4.95,true,1,7290108353068
7290108353099,false,ממחטות אף נשלפות 2 שכבות - מארז חמישייה,סנו סופט Soft,,ממחטות אף נשלפות 2 שכבות - מארז חמישייה,יחידות,500,יחידה,false,5,11.90,0.02,true,1,7290108353099
7290108353334,false,שמפו שמן עץ התה ואסאי למניעת קשקשים,כיף,,שמפו שמן עץ התה ואסאי למניעת קשקשים,מליליטרים,700,"100 מ""ל",false,0,14.90,2.13,true,1,7290108353334
7290108353433,false,שטיפת פה לרעננות מתמשכת מנטה עדין Protect & Fresh,אורביטול Orbitol,,שטיפת פה לרעננות מתמשכת מנטה עדין Protect & Fresh,מליליטרים,500,"100 מ""ל",false,0,19.90,3.98,true,1,7290108353433
7290108353471,false,סנובון DESIGN בניחוח ספא,סנו,,סנובון DESIGN בניחוח ספא,גרמים,65,100 גרם,false,0,6.90,15.23,true,1,7290108353471
7290108353488,false,סנובון DESIGN בניחוח מרכך כביסה,סנו,,סנובון DESIGN בניחוח מרכך כביסה,גרמים,65,100 גרם,false,0,6.90,15.23,true,1,7290108353488
7290108353518,false,"תבניות אלומיניום עם ידיות אחיזה 34*29 ס""מ",סנו סושי,,"תבניות אלומיניום עם ידיות אחיזה 34*29 ס""מ",יחידות,2,יחידה,false,0,9.90,4.95,true,1,7290108353518
7290108353525,false,תבניות אלומיניום עם ידיות אחיזה 25*20,סנו סושי,,תבניות אלומיניום עם ידיות אחיזה 25*20,יחידות,4,יחידה,false,0,9.90,2.48,true,1,7290108353525
7290108353532,false,"שקיות אשפה נשלפות עם שרוך 65*54 ס""מ L",סנו סושי,,"שקיות אשפה נשלפות עם שרוך 65*54 ס""מ L",יחידות,100,יחידה,false,0,29.90,0.30,true,1,7290108353532
7290108353549,false,נייר אפיה,סנו סושי,,נייר אפיה,יחידות,100,יחידה,false,0,19.90,0.20,true,1,7290108353549
7290108353563,false,צלחות מקנה סוכר טבעי סנו סושי - 10'' *25,סנו,,צלחות מקנה סוכר טבעי סנו סושי - 10'' *25,יחידות,25,יחידה,false,0,19.90,0.80,true,1,7290108353563
7290108353587,false,"קעריות מעוטרות מקנה סוכר בקוטר 15 ס""מ",סנו סושי,,"קעריות מעוטרות מקנה סוכר בקוטר 15 ס""מ",יחידות,25,יחידה,false,0,13.90,0.56,true,1,7290108353587
7290108353594,false,צלוחיות מעוטרות מקנה סוכר,סנו סושי,,צלוחיות מעוטרות מקנה סוכר,יחידות,25,יחידה,false,0,9.90,0.40,true,1,7290108353594
7290108353648,false,סנו סושי - שקיות אוכל מנייר 70 יחידות,סנו סושי,,סנו סושי - שקיות אוכל מנייר 70 יחידות,יחידות,70,יחידה,false,0,10.90,0.16,true,1,7290108353648
7290108353679,false,מפות ניילון שקופות 2.40*1.35 מטר,סנו סושי,,מפות ניילון שקופות 2.40*1.35 מטר,יחידות,10,יחידה,false,0,14.90,1.49,true,1,7290108353679
7290108353686,false,מטלית חלומית מיקרופייבר לרצפה,סנו סושי,,מטלית חלומית מיקרופייבר לרצפה,יחידות,1,יחידה,false,0,16.90,16.90,true,1,7290108353686
7290108353693,false,"צלחות מעוטרות מקנה סוכר בקוטר 19 ס""מ",סנו סושי,,"צלחות מעוטרות מקנה סוכר בקוטר 19 ס""מ",יחידות,25,יחידה,false,0,14.90,0.60,true,1,7290108353693
7290108353716,false,תחליב רחצה חימר פיטאיה,קרמה Crema,,תחליב רחצה חימר פיטאיה,מליליטרים,500,"100 מ""ל",false,0,16.90,3.38,true,1,7290108353716
7290108353723,false,תחליב רחצה חימר תה ירוק,קרמה Crema,,תחליב רחצה חימר תה ירוק,מליליטרים,500,"100 מ""ל",false,0,16.90,3.38,true,1,7290108353723
7290108353747,false,תחליב רחצה ספא איורוודה בניחוח טונקה,קרמה Crema,,תחליב רחצה ספא איורוודה בניחוח טונקה,מליליטרים,600,"100 מ""ל",false,0,17.90,2.98,true,1,7290108353747
7290108353761,false,תחליב רחצה ספא זן בניחוח קשמיר,קרמה Crema,,תחליב רחצה ספא זן בניחוח קשמיר,מליליטרים,600,"100 מ""ל",false,0,17.90,2.98,true,1,7290108353761
7290108353778,false,תחליב רחצה נקה 7 בניחוח פיטנגו,נקה 7,,תחליב רחצה נקה 7 בניחוח פיטנגו,מליליטרים,750,"100 מ""ל",false,0,12.90,1.72,true,1,7290108353778
7290108353785,false,תחליב רחצה נקה 7 בניחוח טונקה,נקה 7,,תחליב רחצה נקה 7 בניחוח טונקה,מליליטרים,750,"100 מ""ל",false,0,12.90,1.72,true,1,7290108353785
7290108353792,false,תחליב רחצה נקה 7 בניחוח פריחת הדובדבן,נקה 7,,תחליב רחצה נקה 7 בניחוח פריחת הדובדבן,מליליטרים,750,"100 מ""ל",false,0,12.90,1.72,true,1,7290108353792
7290108353808,false,תחליב רחצה נקה 7 בניחוח אמבר,נקה 7,,תחליב רחצה נקה 7 בניחוח אמבר,מליליטרים,750,"100 מ""ל",false,0,12.90,1.72,true,1,7290108353808
7290108353891,false,דאודרנט קרמה רול און מאסק,קרמה Crema,,דאודרנט קרמה רול און מאסק,מליליטרים,75,"100 מ""ל",false,0,12.90,26.53,true,1,7290108353891
7290108353907,false,דאודורנט רול און קלאסי,קרמה Crema,,דאודורנט רול און קלאסי,מליליטרים,75,"100 מ""ל",false,0,12.90,26.53,true,1,7290108353907
7290108353945,false,דאודורנט ספריי קרמה בניחוח אשכולית ולמון גראס,קרמה Crema,,דאודורנט ספריי קרמה בניחוח אשכולית ולמון גראס,מליליטרים,150,"100 מ""ל",false,0,12.90,13.27,true,1,7290108353945
7290108353952,false,דאודורנט ספריי קרמה קלאסי,קרמה Crema,,דאודורנט ספריי קרמה קלאסי,מליליטרים,150,"100 מ""ל",false,0,12.90,13.27,true,1,7290108353952
7290108353969,false,דאודורנט ספריי קרמה בניחוח מאסק,קרמה Crema,,דאודורנט ספריי קרמה בניחוח מאסק,מליליטרים,150,"100 מ""ל",false,0,12.90,13.27,true,1,7290108353969
7290108354003,false,תחליב רחצה ג'ינג'ר ולמון גראס,קרמה Crema,,תחליב רחצה ג'ינג'ר ולמון גראס,מליליטרים,700,"100 מ""ל",false,0,19.90,2.84,true,1,7290108354003
7290108354157,false,מגבוני דאודורנט נושם Sunrise,קרליין Careline,,מגבוני דאודורנט נושם Sunrise,יחידות,20,יחידה,false,0,9.90,0.50,true,1,7290108354157
7290108354164,false,אל סבון כיף מועשר בשמנים מארז שלישייה,כיף,,אל סבון כיף מועשר בשמנים מארז שלישייה,יחידות,3,יחידה,false,0,19.90,6.63,true,1,7290108354164
7290108354263,false,משחת שיניים אורביטול 6+ חד קרן,אורביטול Orbitol,,משחת שיניים אורביטול 6+ חד קרן,גרמים,70,100 גרם,false,0,8.90,12.71,true,1,7290108354263
7290108354270,false,מרכך כביסה מרוכז בבישום עוצמתי Moments Of Calm,סנו מקסימה,,מרכך כביסה מרוכז בבישום עוצמתי Moments Of Calm,ליטרים,1,ליטר,false,0,19.90,19.90,true,1,7290108354270
7290108354355,false,20 מגבונים היגיינים לניקוי הידיים באריזות אישיות,סנו מדיק Sano Medic,,20 מגבונים היגיינים לניקוי הידיים באריזות אישיות,יחידות,20,יחידה,false,0,9.90,0.50,true,1,7290108354355
7290108354416,false,תחליב רחצה ספא יוגה בניחוח ברגמוט,קרמה Crema,,תחליב רחצה ספא יוגה בניחוח ברגמוט,מליליטרים,600,"100 מ""ל",false,0,17.90,2.98,true,1,7290108354416
7290108354430,false,שמפו קוקוס וקרטין לשיקום והזנה,כיף,,שמפו קוקוס וקרטין לשיקום והזנה,מליליטרים,700,"100 מ""ל",false,0,14.90,2.13,true,1,7290108354430
7290108354447,false,מרכך קוקוס וקרטין לשיקום והזנה,כיף,,מרכך קוקוס וקרטין לשיקום והזנה,מליליטרים,700,"100 מ""ל",false,0,14.90,2.13,true,1,7290108354447
7290108354485,false,מרכך ארגן לכל סוגי השיער,קרליין Careline,,מרכך ארגן לכל סוגי השיער,מליליטרים,700,"100 מ""ל",false,0,14.90,2.13,true,1,7290108354485
7290108354492,false,שמפו ארגן לכל סוגי השיער,קרליין Careline,,שמפו ארגן לכל סוגי השיער,מליליטרים,700,"100 מ""ל",false,0,14.90,2.13,true,1,7290108354492
7290108354591,false,תחליב רחצה נקה 7 מי קקטוס ושמן באבאסו,נקה 7,,תחליב רחצה נקה 7 מי קקטוס ושמן באבאסו,מליליטרים,750,"100 מ""ל",false,0,11.90,1.59,true,1,7290108354591
7290108354607,false,שמפו נקה 7 מי קקטוס ושמן באבאסו,נקה 7,,שמפו נקה 7 מי קקטוס ושמן באבאסו,מליליטרים,750,"100 מ""ל",false,0,11.90,1.59,true,1,7290108354607
7290108354614,false,מרכך נקה 7 מי קקטוס ושמן באבאסו,נקה 7,,מרכך נקה 7 מי קקטוס ושמן באבאסו,מליליטרים,750,"100 מ""ל",false,0,11.90,1.59,true,1,7290108354614
7290108354751,false,סנו ג'ט בתוספת סודה לניקוי כללי בניחוח כותנה,סנו ג'ט Jet,,סנו ג'ט בתוספת סודה לניקוי כללי בניחוח כותנה,מליליטרים,750,"100 מ""ל",false,0,19.90,2.65,true,1,7290108354751
7290108354836,false,קרם ידיים מרוכז לידיים יבשות מאוד בבישום עדין,קרמה Crema,,קרם ידיים מרוכז לידיים יבשות מאוד בבישום עדין,מליליטרים,50,"100 מ""ל",false,0,15.90,31.80,true,1,7290108354836
7290108354850,false,דאודורנט רול און בריזת ים,קרמה Crema,,דאודורנט רול און בריזת ים,מליליטרים,75,"100 מ""ל",false,0,12.90,26.53,true,1,7290108354850
7290108354911,false,"שמפו, ג'ל רחצה וגילוח מועשר בתמצית אלוורה",קרמה Crema,,"שמפו, ג'ל רחצה וגילוח מועשר בתמצית אלוורה",מליליטרים,700,"100 מ""ל",false,0,18.90,2.70,true,1,7290108354911
7290108354980,false,קרם ידיים מרוכז לידיים יבשות מאוד ללא בישום,קרמה Crema,,קרם ידיים מרוכז לידיים יבשות מאוד ללא בישום,מליליטרים,50,"100 מ""ל",false,0,15.90,31.80,true,1,7290108354980
7290108355000,false,שמפו לילדים מיניונים,נקה 7,,שמפו לילדים מיניונים,מליליטרים,750,"100 מ""ל",false,0,14.90,1.99,true,1,7290108355000
7290108355017,false,מרכך לילדים מיניונים,נקה 7,,מרכך לילדים מיניונים,מליליטרים,750,"100 מ""ל",false,0,14.90,1.99,true,1,7290108355017
7290108355024,false,שמפו+מרכך לילדים מיניונים,נקה 7,,שמפו+מרכך לילדים מיניונים,מליליטרים,750,"100 מ""ל",false,0,14.90,1.99,true,1,7290108355024
7290108355031,false,אל סבון לילדים מיניונים,נקה 7,,אל סבון לילדים מיניונים,מליליטרים,750,"100 מ""ל",false,0,14.90,1.99,true,1,7290108355031
7290108355055,false,לחות עם גלייז לתלתול מעוצב ומוגדר,נטורל פורמולה Natural Formula,,לחות עם גלייז לתלתול מעוצב ומוגדר,מליליטרים,400,"100 מ""ל",false,0,29.90,7.48,true,1,7290108355055
7290108355086,false,גלייז מקצועי לפיסול והגדרת תלתלים,נטורל פורמולה Natural Formula,,גלייז מקצועי לפיסול והגדרת תלתלים,מליליטרים,360,"100 מ""ל",false,0,39.90,11.08,true,1,7290108355086
7290108355147,false,תחליב רחצה שמני הזנה,נקה 7,,תחליב רחצה שמני הזנה,מליליטרים,750,"100 מ""ל",false,0,12.90,1.72,true,1,7290108355147
7290108355154,false,נקה 7 שמפו שמני הזנה,נקה 7,,נקה 7 שמפו שמני הזנה,מליליטרים,750,"100 מ""ל",false,0,11.90,1.59,true,1,7290108355154
7290108355161,false,מרכך שיער נקה 7 שמני הזנה,נקה 7,,מרכך שיער נקה 7 שמני הזנה,מליליטרים,750,"100 מ""ל",false,0,11.90,1.59,true,1,7290108355161
7290108355185,false,מסכת קרטין אינטנס למניעת קשקשים,נטורל פורמולה Natural Formula,,מסכת קרטין אינטנס למניעת קשקשים,מליליטרים,350,"100 מ""ל",false,0,39.90,11.40,true,1,7290108355185
7290108355192,false,מרכך קרטין אינטנס למניעת קשקשים,נטורל פורמולה Natural Formula,,מרכך קרטין אינטנס למניעת קשקשים,מליליטרים,400,"100 מ""ל",false,0,29.90,7.48,true,1,7290108355192
7290108355208,false,שמפו קרטין אינטנס למניעת קשקשים,נטורל פורמולה Natural Formula,,שמפו קרטין אינטנס למניעת קשקשים,מליליטרים,400,"100 מ""ל",false,0,29.90,7.48,true,1,7290108355208
7290108355260,false,שמפו + ג'ל רחצה + סבון פנים נקה 7 מן,נקה 7,,שמפו + ג'ל רחצה + סבון פנים נקה 7 מן,מליליטרים,750,"100 מ""ל",false,0,11.90,1.59,true,1,7290108355260
7290108355291,false,קרם לסירוק קל בתוספת רוזמרין,נקה 7,,קרם לסירוק קל בתוספת רוזמרין,מליליטרים,350,"100 מ""ל",false,0,15.90,4.54,true,1,7290108355291
7290108355307,false,שמפו לסירוק קל בתוספת רוזמרין,נקה 7,,שמפו לסירוק קל בתוספת רוזמרין,מליליטרים,750,"100 מ""ל",false,0,11.90,1.59,true,1,7290108355307
7290108355314,false,מרכך לסירוק קל בתוספת רוזמרין,נקה 7,,מרכך לסירוק קל בתוספת רוזמרין,מליליטרים,750,"100 מ""ל",false,0,11.90,1.59,true,1,7290108355314
7290108355451,false,דאודורנט רול און ורד ווניל,קרמה Crema,,דאודורנט רול און ורד ווניל,מליליטרים,75,"100 מ""ל",false,0,12.90,26.53,true,1,7290108355451
7290108355468,false,דאודורנט רול און נרולי ומגנוליה,קרמה Crema,,דאודורנט רול און נרולי ומגנוליה,מליליטרים,75,"100 מ""ל",false,0,12.90,26.53,true,1,7290108355468
7290108355482,false,דאודורנט רול און לבנדר ואקליפטוס,קרמה Crema,,דאודורנט רול און לבנדר ואקליפטוס,מליליטרים,75,"100 מ""ל",false,0,12.90,26.53,true,1,7290108355482
7290108355536,false,דאודורנט ספריי קרמה בניחוח ורד ווניל,קרמה Crema,,דאודורנט ספריי קרמה בניחוח ורד ווניל,מליליטרים,150,"100 מ""ל",false,0,12.90,13.27,true,1,7290108355536
7290108355543,false,דאודורנט ספריי קרמה בניחוח נרולי ומגנוליה,קרמה Crema,,דאודורנט ספריי קרמה בניחוח נרולי ומגנוליה,מליליטרים,150,"100 מ""ל",false,0,12.90,13.27,true,1,7290108355543
7290108355765,false,דאודורנט ספריי קרמה בניחוח לבנדר ואקליפטוס,קרמה Crema,,דאודורנט ספריי קרמה בניחוח לבנדר ואקליפטוס,מליליטרים,150,"100 מ""ל",false,0,12.90,13.27,true,1,7290108355765
7290108355802,false,תחליב רחצה ורד ווניל,קרמה Crema,,תחליב רחצה ורד ווניל,מליליטרים,700,"100 מ""ל",false,0,19.90,2.84,true,1,7290108355802
7290108355949,false,תחליב רחצה נרולי ומגנוליה,קרמה Crema,,תחליב רחצה נרולי ומגנוליה,מליליטרים,700,"100 מ""ל",false,0,19.90,2.84,true,1,7290108355949
7290108356021,false,תחליב רחצה בניחוח גלידת קרם עוגיות,כיף,,תחליב רחצה בניחוח גלידת קרם עוגיות,מליליטרים,700,"100 מ""ל",false,0,12.90,1.84,true,1,7290108356021
7290108356045,false,תחליב רחצה בניחוח גלידת סוכריות ג'לי,כיף,,תחליב רחצה בניחוח גלידת סוכריות ג'לי,מליליטרים,700,"100 מ""ל",false,0,12.90,1.84,true,1,7290108356045
7290108356106,false,תחליב רחצה חלב שקדים,כיף,,תחליב רחצה חלב שקדים,מליליטרים,700,"100 מ""ל",false,0,12.90,1.84,true,1,7290108356106
7290108356113,false,תחליב רחצה חלב ודבש,כיף,,תחליב רחצה חלב ודבש,מליליטרים,700,"100 מ""ל",false,0,12.90,1.84,true,1,7290108356113
7290108356137,false,תחליב רחצה לבנדר,כיף,,תחליב רחצה לבנדר,מליליטרים,700,"100 מ""ל",false,0,12.90,1.84,true,1,7290108356137
7290108356151,false,תחליב רחצה מאסק ויסמין,כיף,,תחליב רחצה מאסק ויסמין,מליליטרים,700,"100 מ""ל",false,0,12.90,1.84,true,1,7290108356151
7290108356168,false,תחליב רחצה אוקיינוס,כיף,,תחליב רחצה אוקיינוס,מליליטרים,700,"100 מ""ל",false,0,12.90,1.84,true,1,7290108356168
7290108356175,false,אל סבון בניחוח אבטיח ומנטה,כיף,,אל סבון בניחוח אבטיח ומנטה,ליטרים,1,ליטר,false,0,14.90,14.90,true,1,7290108356175
7290108356182,false,אל סבון בניחוח תאנה ותה ירוק,כיף,,אל סבון בניחוח תאנה ותה ירוק,ליטרים,1,ליטר,false,0,14.90,14.90,true,1,7290108356182
7290108356199,false,אל סבון בניחוח אפרסק ופלפל שחור,כיף,,אל סבון בניחוח אפרסק ופלפל שחור,ליטרים,1,ליטר,false,0,14.90,14.90,true,1,7290108356199
7290108356229,false,ג'ל גילוח לכל סוגי העור מועשר בפחם פעיל,קרמה Crema,,ג'ל גילוח לכל סוגי העור מועשר בפחם פעיל,מליליטרים,200,"100 מ""ל",false,0,19.90,9.95,true,1,7290108356229
7290108356274,false,מוס רחצה בניחוח תותים ושמנת,כיף,,מוס רחצה בניחוח תותים ושמנת,מליליטרים,150,"100 מ""ל",false,0,12.90,8.60,true,1,7290108356274
7290108356298,false,מוס רחצה בניחוח קרם עוגיות,כיף,,מוס רחצה בניחוח קרם עוגיות,מליליטרים,150,"100 מ""ל",false,0,12.90,8.60,true,1,7290108356298
7290108356489,false,תחליב רחצה אפרסק וחמאת מורומורו,כיף,,תחליב רחצה אפרסק וחמאת מורומורו,מליליטרים,700,"100 מ""ל",false,0,14.90,2.13,true,1,7290108356489
7290108356519,false,שמפו לשיער רגיל,קרליין Careline,,שמפו לשיער רגיל,מליליטרים,700,"100 מ""ל",false,0,14.90,2.13,true,1,7290108356519
7290108356526,false,שמפו לשיער יבש,קרליין Careline,,שמפו לשיער יבש,מליליטרים,700,"100 מ""ל",false,0,14.90,2.13,true,1,7290108356526
7290108356533,false,שמפו לשיער מתולתל,קרליין Careline,,שמפו לשיער מתולתל,מליליטרים,700,"100 מ""ל",false,0,14.90,2.13,true,1,7290108356533
7290108356557,false,שמפו למניעת קשקשים,קרליין Careline,,שמפו למניעת קשקשים,מליליטרים,700,"100 מ""ל",false,0,14.90,2.13,true,1,7290108356557
7290108356564,false,מרכך לשיער רגיל,קרליין Careline,,מרכך לשיער רגיל,מליליטרים,700,"100 מ""ל",false,0,14.90,2.13,true,1,7290108356564
7290108356571,false,מרכך לשיער יבש,קרליין Careline,,מרכך לשיער יבש,מליליטרים,700,"100 מ""ל",false,0,14.90,2.13,true,1,7290108356571
7290108356588,false,מרכך לשיער מתולתל,קרליין Careline,,מרכך לשיער מתולתל,מליליטרים,700,"100 מ""ל",false,0,14.90,2.13,true,1,7290108356588
7290108356595,false,מרכך לשיער צבוע,קרליין Careline,,מרכך לשיער צבוע,מליליטרים,700,"100 מ""ל",false,0,14.90,2.13,true,1,7290108356595
7290108356854,false,מגבונים לחים בניחוח עדין - 5 יחידות במארז,בייבי כיף Baby,,מגבונים לחים בניחוח עדין - 5 יחידות במארז,יחידות,320,יחידה,false,5,19.90,0.06,true,1,7290108356854
7290108356861,false,מגבונים לחים ללא בישום - 5 יחידות במארז,בייבי כיף Baby,,מגבונים לחים ללא בישום - 5 יחידות במארז,יחידות,320,יחידה,false,5,19.90,0.06,true,1,7290108356861
7290108357004,false,שמפו כיף ורד ושמן קוקוי,כיף,,שמפו כיף ורד ושמן קוקוי,מליליטרים,700,"100 מ""ל",false,0,14.90,2.13,true,1,7290108357004
7290108357028,false,תחליב רחצה כיף ורד ושמן קוקוי,כיף,,תחליב רחצה כיף ורד ושמן קוקוי,מליליטרים,700,"100 מ""ל",false,0,12.90,1.84,true,1,7290108357028
7290108357042,false,קרליין Bio נושם דאודורנט רול און בניחוח הדרים מרענן,קרליין Careline,,קרליין Bio נושם דאודורנט רול און בניחוח הדרים מרענן,מליליטרים,75,"100 מ""ל",false,0,12.90,21.20,true,1,7290108357042
7290108357059,false,קרליין Bio נושם דאודורנט רול און בניחוח פרחוני,קרליין Careline,,קרליין Bio נושם דאודורנט רול און בניחוח פרחוני,מליליטרים,75,"100 מ""ל",false,0,12.90,21.20,true,1,7290108357059
7290108357073,false,קרליין Bio נושם דאודורנט ספריי בניחוח הדרים מרענן,קרליין Careline,,קרליין Bio נושם דאודורנט ספריי בניחוח הדרים מרענן,מליליטרים,150,"100 מ""ל",false,0,12.90,10.60,true,1,7290108357073
7290108357080,false,קרליין Bio נושם דאודורנט ספריי בניחוח פרחוני,קרליין Careline,,קרליין Bio נושם דאודורנט ספריי בניחוח פרחוני,מליליטרים,150,"100 מ""ל",false,0,12.90,10.60,true,1,7290108357080
7290108357097,false,קרליין Bio נושם דאודורנט ספריי בניחוח ורדים מרענן,קרליין Careline,,קרליין Bio נושם דאודורנט ספריי בניחוח ורדים מרענן,מליליטרים,150,"100 מ""ל",false,0,12.90,10.60,true,1,7290108357097
7290108357110,false,קרליין Bio נושם דאודורנט רול און בניחוח ורדים מרענן,קרליין Careline,,קרליין Bio נושם דאודורנט רול און בניחוח ורדים מרענן,מליליטרים,75,"100 מ""ל",false,0,12.90,21.20,true,1,7290108357110
7290108357189,false,מבשם ומרכך למייבש כביסה Floral Touch,סנו מקסימה,,מבשם ומרכך למייבש כביסה Floral Touch,מליליטרים,750,"100 מ""ל",false,0,17.90,2.65,true,1,7290108357189
7290108357202,false,סנו קליר רב תכליתי בניחוח בלוסום,סנו קליר,,סנו קליר רב תכליתי בניחוח בלוסום,ליטרים,1,ליטר,false,0,12.90,12.90,true,1,7290108357202
7290108357233,false,סנו קליר מטליות לחות לניקוי והברקה,סנו קליר,,סנו קליר מטליות לחות לניקוי והברקה,יחידות,50,יחידה,false,0,10.90,0.22,true,1,7290108357233
7290108357271,false,סנובון ג'ל לניקוי אסלות עם חמצן פעיל לניקוי עוצמתי,סנו,,סנובון ג'ל לניקוי אסלות עם חמצן פעיל לניקוי עוצמתי,מליליטרים,750,"100 מ""ל",false,0,11.90,2.12,true,1,7290108357271
7290108357288,false,אקונומיקה סנו ז'אוול בניחוח פריחה לבנה,סנו ז'אוול Javel,,אקונומיקה סנו ז'אוול בניחוח פריחה לבנה,ליטרים,4,ליטר,false,0,16.90,4.23,true,1,7290108357288
7290108357301,false,"K 300 קוטל תיקנים, נמלים וחרקים אחרים",סנו,,"K 300 קוטל תיקנים, נמלים וחרקים אחרים",מליליטרים,300,"100 מ""ל",false,0,14.90,6.63,true,1,7290108357301
7290108357400,false,תחליב רחצה לבנדר ואקליפטוס,קרמה Crema,,תחליב רחצה לבנדר ואקליפטוס,מליליטרים,700,"100 מ""ל",false,0,19.90,2.84,true,1,7290108357400
7290108357707,false,שמפו תפוח וזרעי צ'יה לשיער רגיל,כיף,,שמפו תפוח וזרעי צ'יה לשיער רגיל,מליליטרים,700,"100 מ""ל",false,0,14.90,2.13,true,1,7290108357707
7290108357714,false,שמפו רימונים ושמן ארגן לשיער יבש ופגום,כיף,,שמפו רימונים ושמן ארגן לשיער יבש ופגום,מליליטרים,700,"100 מ""ל",false,0,14.90,2.13,true,1,7290108357714
7290108357769,false,מרכך תפוח וזרעי צ'יה לשיער רגיל,כיף,,מרכך תפוח וזרעי צ'יה לשיער רגיל,מליליטרים,700,"100 מ""ל",false,0,14.90,2.13,true,1,7290108357769
7290108357776,false,מרכך רימונים ושמן ארגן לשיער יבש ופגום,כיף,,מרכך רימונים ושמן ארגן לשיער יבש ופגום,מליליטרים,700,"100 מ""ל",false,0,14.90,2.13,true,1,7290108357776
7290108357783,false,מרכך גוג'י ברי ומורינגה לשיער דק ושביר,כיף,,מרכך גוג'י ברי ומורינגה לשיער דק ושביר,מליליטרים,700,"100 מ""ל",false,0,14.90,2.13,true,1,7290108357783
7290108358070,false,תחליב רחצה קלאסי,קרמה Crema,,תחליב רחצה קלאסי,מליליטרים,700,"100 מ""ל",false,0,19.90,2.84,true,1,7290108358070
7290108358087,false,תחליב רחצה מאסק,קרמה Crema,,תחליב רחצה מאסק,מליליטרים,700,"100 מ""ל",false,0,19.90,2.84,true,1,7290108358087
7290108359077,false,ממחטות אף תלת שכבתיות בתוספת לחות סנו סופט,סנו סופט Soft,,ממחטות אף תלת שכבתיות בתוספת לחות סנו סופט,יחידות,120,יחידה,false,0,9.90,0.11,true,1,7290108359077
7290108359824,false,קרם גוף בייבי כיף,כיף,,קרם גוף בייבי כיף,מליליטרים,500,"100 מ""ל",false,0,24.90,4.98,true,1,7290108359824
7290108359848,false,שמפו אל דמע,בייבי כיף Baby,,שמפו אל דמע,ליטרים,1,ליטר,false,0,19.90,19.90,true,1,7290108359848
7290108359855,false,שמפו בייבי כיף אל דמע,בייבי כיף Baby,,שמפו בייבי כיף אל דמע,מליליטרים,750,"100 מ""ל",false,0,17.90,2.39,true,1,7290108359855
7290108359862,false,אל סבון לעור רגיש,בייבי כיף Baby,,אל סבון לעור רגיש,ליטרים,1,ליטר,false,0,19.90,19.90,true,1,7290108359862
7290108359886,false,תחליב רחצה לעור רגיש,בייבי כיף Baby,,תחליב רחצה לעור רגיש,ליטרים,1,ליטר,false,0,19.90,19.90,true,1,7290108359886
7290108359893,false,תחליב רחצה בייבי כיף,בייבי כיף Baby,,תחליב רחצה בייבי כיף,מליליטרים,750,"100 מ""ל",false,0,17.90,2.39,true,1,7290108359893
7290108359985,false,קצף ניקוי סנו ז'אוול בניחוח פריחה לבנה,סנו ז'אוול Javel,,קצף ניקוי סנו ז'אוול בניחוח פריחה לבנה,ליטרים,1,ליטר,false,0,19.90,19.90,true,1,7290108359985
7290108500677,false,כבד דג שיבוט מעושן בשמן הדג,וילי פוד,,כבד דג שיבוט מעושן בשמן הדג,גרמים,120,100 גרם,false,0,8.90,7.42,true,1,7290108500677
7290108501346,false,גבינת גאודה מגורדת 28%,Euro יורו מחלבות אירופה,,גבינת גאודה מגורדת 28%,גרמים,500,100 גרם,false,0,24.90,4.98,true,1,7290108501346
7290108501360,false,גבינת צ'דר בשלה,Wyke Farms,,גבינת צ'דר בשלה,גרמים,200,100 גרם,false,0,19.90,9.95,true,1,7290108501360
7290108501377,false,שפרוטים מעושנים בשמן מריגה,וילי פוד,,שפרוטים מעושנים בשמן מריגה,גרמים,160,100 גרם,false,0,9.90,6.19,true,1,7290108501377
7290108501827,false,שערות בצק קדאיף,וילי פוד,,שערות בצק קדאיף,גרמים,450,100 גרם,false,0,19.90,5.09,true,1,7290108501827
7290108501964,false,חטיף אגוזים וצימוקים Happy Nuts,וילי פוד,,חטיף אגוזים וצימוקים Happy Nuts,גרמים,140,100 גרם,false,4,10.00,10.64,true,1,7290108501964
7290108501988,false,חטיף שקדים וחמוציות Happy Nuts,וילי פוד,,חטיף שקדים וחמוציות Happy Nuts,גרמים,140,100 גרם,false,4,10.00,10.64,true,1,7290108501988
7290108502305,false,גבינת גרנה פדנו משולש Zanetti,וילי פוד,,גבינת גרנה פדנו משולש Zanetti,גרמים,150,100 גרם,false,0,22.90,15.27,true,1,7290108502305
7290108502329,false,מארז נתחי טונה בהירה בשמן זית כתית,וילי פוד,,מארז נתחי טונה בהירה בשמן זית כתית,גרמים,640,100 גרם,false,4,29.90,4.67,true,1,7290108502329
7290108502381,false,"בסיסים לפיצה קוטר 26 ס""מ - 4 יח'",וילי פוד - מנת השף,,"בסיסים לפיצה קוטר 26 ס""מ - 4 יח'",גרמים,480,100 גרם,false,0,12.90,2.69,true,1,7290108502381
7290108502541,false,גבינת שמנת בטעם טבעי 22% שומן,Euro יורו מחלבות אירופה,,גבינת שמנת בטעם טבעי 22% שומן,גרמים,200,100 גרם,false,0,12.90,6.45,true,1,7290108502541
7290108502589,false,גבינת שמנת עם שום 21%,יורו צ'יז Euro Cheese,,גבינת שמנת עם שום 21%,גרמים,200,100 גרם,false,0,12.90,6.45,true,1,7290108502589
7290108502725,false,גבינת גאודה פרוסות,Euro יורו מחלבות אירופה,,גבינת גאודה פרוסות,גרמים,400,100 גרם,false,0,19.90,4.98,true,1,7290108502725
7290108502862,false,מלפפונים כבושים במלח 18-25 קטנים מאוד,וילי פוד,,מלפפונים כבושים במלח 18-25 קטנים מאוד,גרמים,600,100 גרם,false,0,11.90,1.98,true,1,7290108502862
7290108503692,false,פיצה מרגריטה,Euro יורו מחלבות אירופה,,פיצה מרגריטה,גרמים,380,100 גרם,false,0,15.90,4.18,true,1,7290108503692
7290108503708,false,פיצה עם פטריות,וילי פוד,,פיצה עם פטריות,גרמים,390,100 גרם,false,0,15.90,4.08,true,1,7290108503708
7290108503715,false,פיצה עם זיתים,וילי פוד,,פיצה עם זיתים,גרמים,385,100 גרם,false,0,15.90,4.13,true,1,7290108503715
7290108503999,false,פרוסות גבינה בטעם גאודה לכריכים וטוסטים,Euro יורו מחלבות אירופה,,פרוסות גבינה בטעם גאודה לכריכים וטוסטים,גרמים,150,100 גרם,false,0,7.90,6.60,true,1,7290108503999
7290108504002,false,פרוסות גבינה לייט 9% שומן לכריכים וטוסטים,Euro יורו מחלבות אירופה,,פרוסות גבינה לייט 9% שומן לכריכים וטוסטים,גרמים,150,100 גרם,false,0,7.90,6.60,true,1,7290108504002
7290108504385,false,גבינת שמנת עם פלפל חלפיניו 21% שומן,Euro יורו מחלבות אירופה,,גבינת שמנת עם פלפל חלפיניו 21% שומן,גרמים,200,100 גרם,false,0,12.90,6.45,true,1,7290108504385
7290108504934,false,"דפי אורז למילוי קוטר 22 ס""מ",וילי פוד - מנת השף,,"דפי אורז למילוי קוטר 22 ס""מ",גרמים,300,100 גרם,false,0,7.90,3.30,true,1,7290108504934
7290108505160,false,יוגורט יווני עם אגסים 4%,Euro יורו מחלבות אירופה,,יוגורט יווני עם אגסים 4%,גרמים,150,100 גרם,false,0,4.90,3.27,true,1,7290108505160
7290108505184,false,יוגורט יווני עם קוקוס 5%,Euro יורו מחלבות אירופה,,יוגורט יווני עם קוקוס 5%,גרמים,150,100 גרם,false,0,4.90,3.27,true,1,7290108505184
7290108505191,false,יוגורט יווני עם פצפוצי שוקולד 5%,Euro יורו מחלבות אירופה,,יוגורט יווני עם פצפוצי שוקולד 5%,גרמים,150,100 גרם,false,0,4.90,3.27,true,1,7290108505191
7290108505207,false,יוגורט יווני עם אוכמניות 0%,Euro יורו מחלבות אירופה,,יוגורט יווני עם אוכמניות 0%,גרמים,150,100 גרם,false,0,4.90,3.27,true,1,7290108505207
7290108505214,false,יוגורט יווני עם אפרסק 0%,Euro יורו מחלבות אירופה,,יוגורט יווני עם אפרסק 0%,גרמים,150,100 גרם,false,0,4.90,3.27,true,1,7290108505214
7290108505719,false,גבינת מוצרלה מגורדת 25%,יורו צ'יז Euro Cheese,,גבינת מוצרלה מגורדת 25%,גרמים,200,100 גרם,false,0,19.90,9.95,true,1,7290108505719
7290108505740,false,גבינת קשקבל קשה למחצה 25% שומן,Euro יורו מחלבות אירופה,,גבינת קשקבל קשה למחצה 25% שומן,גרמים,200,100 גרם,false,0,19.90,9.95,true,1,7290108505740
7290108506426,false,בייגלה קראנצ'י טורקי אותנטי - מוקפא,וילי פוד,,בייגלה קראנצ'י טורקי אותנטי - מוקפא,גרמים,400,100 גרם,false,0,9.90,3.23,true,1,7290108506426
7290108506488,false,סופלה שוקולד קפוא,פינוקים,,סופלה שוקולד קפוא,גרמים,200,100 גרם,false,0,8.90,7.45,true,1,7290108506488
7290108506495,false,"כנאפה מאפה בצק ""שערות"" קדאיף וגבינה",פינוקים,,"כנאפה מאפה בצק ""שערות"" קדאיף וגבינה",גרמים,193,100 גרם,false,0,12.90,6.70,true,1,7290108506495
7290108506501,false,אצבעות בצק פילו ממולאות גבינה,וילי פוד,,אצבעות בצק פילו ממולאות גבינה,גרמים,500,100 גרם,false,0,17.90,3.58,true,1,7290108506501
7290108506518,false,אצבעות בצק פילו ממולאות גבינה ותרד,וילי פוד,,אצבעות בצק פילו ממולאות גבינה ותרד,גרמים,500,100 גרם,false,0,17.90,3.58,true,1,7290108506518
7290108506709,false,משולש גבינת פרמז'נו רג'אנו ZANETI,וילי פוד,,משולש גבינת פרמז'נו רג'אנו ZANETI,גרמים,150,100 גרם,false,0,22.90,15.27,true,1,7290108506709
7290108506969,false,בורקס מים - שכבות בצק עם גבינה,וילי פוד,,בורקס מים - שכבות בצק עם גבינה,גרמים,300,100 גרם,false,0,14.90,4.97,true,1,7290108506969
7290108507010,false,בורקס מים תורכי- גבינה ותרד,וילי פוד,,בורקס מים תורכי- גבינה ותרד,גרמים,300,100 גרם,false,0,14.90,4.97,true,1,7290108507010
7290108507058,false,ביסקוויט פריך בשוקולד חלב,וילי פוד,,ביסקוויט פריך בשוקולד חלב,גרמים,100,100 גרם,false,0,6.90,6.90,true,1,7290108507058
7290108507188,false,כנאפה משפחתית,פינוקים,,כנאפה משפחתית,גרמים,450,100 גרם,false,0,21.90,6.64,true,1,7290108507188
7290108507645,false,ביסקוויט פריך בשוקולד מריר,וילי פוד,,ביסקוויט פריך בשוקולד מריר,גרמים,100,100 גרם,false,0,6.90,6.90,true,1,7290108507645
7290108507652,false,ביסקוויט קקאו פריך בשוקולד לבן,וילי פוד,,ביסקוויט קקאו פריך בשוקולד לבן,גרמים,100,100 גרם,false,0,6.90,6.90,true,1,7290108507652
7290108508130,false,עגבניות איטלקיות מרוסקות Polpa,וילי פוד,,עגבניות איטלקיות מרוסקות Polpa,גרמים,390,100 גרם,false,0,9.90,2.54,true,1,7290108508130
7290108508147,false,מחית עגבניות איטלקיות,וילי פוד,,מחית עגבניות איטלקיות,גרמים,500,100 גרם,false,0,9.90,1.98,true,1,7290108508147
7290108508451,false,משקה יוגורט בטעם טבעי,Euro יורו מחלבות אירופה,,משקה יוגורט בטעם טבעי,מליליטרים,200,"100 מ""ל",false,0,5.90,2.95,true,1,7290108508451
7290108508499,false,איירן משקה יוגורט בסגנון טורקי,Euro יורו מחלבות אירופה,,איירן משקה יוגורט בסגנון טורקי,מליליטרים,293,"100 מ""ל",false,0,5.90,2.01,true,1,7290108508499
7290108508574,false,פסטה ברוטב עגבניות פיקנטי ארביאטה מוכן לאכילה,וילי פוד,,פסטה ברוטב עגבניות פיקנטי ארביאטה מוכן לאכילה,גרמים,250,100 גרם,false,0,12.90,5.16,true,1,7290108508574
7290108508765,false,קונכיות פתיתים,וילי פוד,,קונכיות פתיתים,גרמים,400,100 גרם,false,0,7.90,1.98,true,1,7290108508765
7290108508772,false,קונכיות פתיתים עם תרד,וילי פוד,,קונכיות פתיתים עם תרד,גרמים,400,100 גרם,false,0,7.90,1.98,true,1,7290108508772
7290108508963,false,גבינת קשקבל מגורדת 25% שומן,Euro יורו מחלבות אירופה,,גבינת קשקבל מגורדת 25% שומן,גרמים,200,100 גרם,false,0,19.90,9.95,true,1,7290108508963
7290108509052,false,מאפה פילו יווני מסורתי ממולא גבינת פטה,וילי פוד,,מאפה פילו יווני מסורתי ממולא גבינת פטה,גרמים,400,100 גרם,false,0,22.90,5.73,true,1,7290108509052
7290108509069,false,מאפה פילו יווני מסורתי ממולא ירקות ירוקים,וילי פוד,,מאפה פילו יווני מסורתי ממולא ירקות ירוקים,גרמים,400,100 גרם,false,0,22.90,5.73,true,1,7290108509069
7290108509113,false,גבינה בולגרית מעודנת 18% שומן במי מלח,Euro יורו מחלבות אירופה,,גבינה בולגרית מעודנת 18% שומן במי מלח,גרמים,250,100 גרם,false,0,12.90,5.16,true,1,7290108509113
7290108509144,false,מארז שלישיית עגבניות מרוסקות POLPA,וילי פוד,,מארז שלישיית עגבניות מרוסקות POLPA,גרמים,1200,100 גרם,false,3,14.90,1.24,true,1,7290108509144
7290108509267,false,ארוחת פסטה עם רוטב גבינה,וילי פוד,,ארוחת פסטה עם רוטב גבינה,גרמים,206,100 גרם,false,0,9.90,4.81,true,1,7290108509267
7290108509397,false,עלי בצק פילו,וילי פוד,,עלי בצק פילו,גרמים,360,100 גרם,false,0,10.90,3.03,true,1,7290108509397
7290108509403,false,חלבה טורקית קלאסית,וילי פוד,,חלבה טורקית קלאסית,גרמים,350,100 גרם,false,0,11.90,3.40,true,1,7290108509403
7290108509410,false,חלבה טורקית עם קקאו,וילי פוד,,חלבה טורקית עם קקאו,גרמים,350,100 גרם,false,0,11.90,3.40,true,1,7290108509410
7290108509427,false,חלבה טורקית עם פיסטוק,וילי פוד,,חלבה טורקית עם פיסטוק,גרמים,350,100 גרם,false,0,11.90,3.40,true,1,7290108509427
7290108509540,false,רוטב ברביקיו,וילי פוד,,רוטב ברביקיו,גרמים,290,100 גרם,false,0,9.90,3.41,true,1,7290108509540
7290108509700,false,אורז פרסי DAAWAT,וילי פוד,,אורז פרסי DAAWAT,קילוגרמים,1,"ק""ג",false,0,9.90,9.90,true,1,7290108509700
7290108509908,false,אטריות להכנה מהירה בטעם ירקות,וילי פוד - מנת השף,,אטריות להכנה מהירה בטעם ירקות,גרמים,85,100 גרם,false,0,3.90,4.59,true,1,7290108509908
7290108509915,false,אטריות להכנה מהירה בטעם סיני פיקנטי,וילי פוד - מנת השף,,אטריות להכנה מהירה בטעם סיני פיקנטי,גרמים,85,100 גרם,false,0,3.90,4.59,true,1,7290108509915
7290108509922,false,אטריות להכנה מהירה בטעם עוף,וילי פוד - מנת השף,,אטריות להכנה מהירה בטעם עוף,גרמים,85,100 גרם,false,0,3.90,4.59,true,1,7290108509922
7290108509939,false,פרוסות פילה טונה בשמן זית כתית מעולה,וילי פוד,,פרוסות פילה טונה בשמן זית כתית מעולה,גרמים,120,100 גרם,false,0,14.90,12.42,true,1,7290108509939
7290108509960,false,נתחי טונה בהירה בשמן זית כתית מעולה - מארז 3 יח',וילי פוד,,נתחי טונה בהירה בשמן זית כתית מעולה - מארז 3 יח',גרמים,240,100 גרם,false,3,14.90,6.21,true,1,7290108509960
7290108988185,false,שק שינה בייסיק כחול SC-LO1,קמפטאון CAMPTOWN,,שק שינה בייסיק כחול SC-LO1,,0,,false,0,69.90,0.00,true,1,7290108988185
7290109060149,false,כוסות פלסטיק,פרפקט Perfect,,כוסות פלסטיק,יחידות,100,יחידה,false,0,8.90,0.09,true,1,7290109060149
7290109060156,false,מזלגות חד פעמיות,פרפקט Perfect,,מזלגות חד פעמיות,יחידות,100,יחידה,false,0,12.90,0.13,true,1,7290109060156
7290109060163,false,סכינים חד פעמיים,פרפקט Perfect,,סכינים חד פעמיים,יחידות,100,יחידה,false,0,12.90,0.13,true,1,7290109060163
7290109060170,false,כפות חד פעמיים,פרפקט Perfect,,כפות חד פעמיים,יחידות,100,יחידה,false,0,12.90,0.13,true,1,7290109060170
7290109060187,false,כפיות חד פעמיות,פרפקט Perfect,,כפיות חד פעמיות,יחידות,100,יחידה,false,0,12.90,0.13,true,1,7290109060187
7290109060194,false,צלחות גדולות,פרפקט Perfect,,צלחות גדולות,יחידות,50,יחידה,false,0,12.90,0.26,true,1,7290109060194
7290109060224,false,צלחות קטנות,פרפקט Perfect,,צלחות קטנות,יחידות,50,יחידה,false,0,11.90,0.24,true,1,7290109060224
7290109060293,false,ניירות אפיה נשלפים אחד אחד,פרפקט Perfect,,ניירות אפיה נשלפים אחד אחד,יחידות,50,יחידה,false,0,9.90,0.20,true,1,7290109060293
7290109060378,false,מטליות רב שימושיות לכל סוגי המשטחים,פרפקט Perfect,,מטליות רב שימושיות לכל סוגי המשטחים,יחידות,40,יחידה,false,0,19.90,0.55,true,1,7290109060378
7290109060385,false,מטליות לחות לניקוי רצפות,פרפקט Perfect,,מטליות לחות לניקוי רצפות,יחידות,10,יחידה,false,0,14.90,1.49,true,1,7290109060385
7290109060392,false,מטליות רב שימושיות,פרפקט Perfect,,מטליות רב שימושיות,יחידות,9,יחידה,false,0,8.90,1.21,true,1,7290109060392
7290109060415,false,מטליות מיקרופייבר לרצפה,פרפקט Perfect,,מטליות מיקרופייבר לרצפה,יחידות,3,יחידה,false,0,19.90,9.97,true,1,7290109060415
7290109060422,false,מטלית מיקרופייבר למשטחים,פרפקט Perfect,,מטלית מיקרופייבר למשטחים,,0,,false,0,8.90,0.00,true,1,7290109060422
7290109060439,false,מטליות מיקרופייבר למשטחים,פרפקט Perfect,,מטליות מיקרופייבר למשטחים,יחידות,3,יחידה,false,0,14.90,6.63,true,1,7290109060439
7290109060446,false,מטלית מיקרופייבר למשטחים XL,פרפקט Perfect,,מטלית מיקרופייבר למשטחים XL,,0,,false,0,9.90,0.00,true,1,7290109060446
7290109060453,false,ספוג הפלא,פרפקט Perfect,,ספוג הפלא,יחידות,6,יחידה,false,0,8.90,1.48,true,1,7290109060453
7290109060460,false,מטליות רצפה,פרפקט Perfect,,מטליות רצפה,יחידות,3,יחידה,false,0,9.90,3.30,true,1,7290109060460
7290109060613,false,מפיות אירוח,פרפקט Perfect,,מפיות אירוח,יחידות,180,יחידה,false,0,7.90,0.04,true,1,7290109060613
7290109060651,false,משטח מיקרופייבר לייבוש כלים,פרפקט Perfect,,משטח מיקרופייבר לייבוש כלים,יחידות,1,יחידה,false,0,14.90,14.90,true,1,7290109060651
7290109060699,false,כריות ברזל לקרצוף חזק,פרפקט Perfect,,כריות ברזל לקרצוף חזק,יחידות,3,יחידה,false,0,8.90,2.97,true,1,7290109060699
7290109060828,false,אטבי כביסה איכותיים בשלל צבעים,פרפקט Perfect,,אטבי כביסה איכותיים בשלל צבעים,יחידות,9,יחידה,false,0,8.90,0.99,true,1,7290109060828
7290109060835,false,אטבי כביסה גדולים וחזקים עם גומי- מארז 10 יח',פרפקט Perfect,,אטבי כביסה גדולים וחזקים עם גומי- מארז 10 יח',יחידות,10,יחידה,false,0,8.90,0.89,true,1,7290109060835
7290109060842,false,אטבי כביסה איכותיים - מארז 10 יח',פרפקט Perfect,,אטבי כביסה איכותיים - מארז 10 יח',יחידות,10,יחידה,false,0,8.90,0.89,true,1,7290109060842
7290109060866,false,שטיחון מיקרופייבר 80*50 בצבעים לבחירה,פרפקט Perfect,,שטיחון מיקרופייבר 80*50 בצבעים לבחירה,,0,,false,0,39.90,0.00,true,1,7290109060866
7290109060873,false,מפיות אירוח בצבעים כהים,פרפקט Perfect,,מפיות אירוח בצבעים כהים,יחידות,100,יחידה,false,0,5.90,0.06,true,1,7290109060873
7290109060880,false,מפיות אירוח בצבעי פסטל,פרפקט Perfect,,מפיות אירוח בצבעי פסטל,יחידות,100,יחידה,false,0,5.90,0.06,true,1,7290109060880
7290109060941,false,קופסאות אחסון 1/4 ליטר,פרפקט Perfect,,קופסאות אחסון 1/4 ליטר,יחידות,10,יחידה,false,0,9.90,0.99,true,1,7290109060941
7290109061054,false,מגבונים לחים לתינוק בניחוח עדין- מארז רביעיה,פרפקט Perfect,,מגבונים לחים לתינוק בניחוח עדין- מארז רביעיה,יחידות,288,יחידה,false,4,14.90,0.05,true,1,7290109061054
7290109061061,false,מגבונים לחים לתינוק ללא בישום- מארז רביעיה,פרפקט Perfect,,מגבונים לחים לתינוק ללא בישום- מארז רביעיה,יחידות,288,יחידה,false,4,14.90,0.05,true,1,7290109061061
7290109061306,false,צידנית מתקפלת 28 ליטר,חצי חינם,,צידנית מתקפלת 28 ליטר,,0,,false,0,29.90,0.00,true,1,7290109061306
7290109061320,false,ספוג פלא לנירוסטה,פרפקט Perfect,,ספוג פלא לנירוסטה,יחידות,3,יחידה,false,0,10.90,3.63,true,1,7290109061320
7290109061405,false,"כוסות לשתיה חמה 250 מ""ל+ מכסים - מארז 16 יח'",פרפקט Perfect,,"כוסות לשתיה חמה 250 מ""ל+ מכסים - מארז 16 יח'",יחידות,16,יחידה,false,0,12.90,0.81,true,1,7290109061405
7290109061436,false,נייר טואלט תלת שכבתי Silk Touch - מארז 32 גלילים,פרפקט Perfect,,נייר טואלט תלת שכבתי Silk Touch - מארז 32 גלילים,,523,מטר,false,0,34.90,0.08,true,1,7290109061436
7290109061450,false,צמרוני אוזניים עם שסתום ביטחון לתינוקות,פרפקט Perfect,,צמרוני אוזניים עם שסתום ביטחון לתינוקות,יחידות,55,יחידה,false,0,3.90,0.07,true,1,7290109061450
7290109061474,false,מארז זוג צמר גפן,פרפקט Perfect,,מארז זוג צמר גפן,גרמים,200,100 גרם,false,2,9.90,4.95,true,1,7290109061474
7290109061535,false,שקיות אשפה ענקיות עם ידית 90*75 עבות וחזקות,פרפקט Perfect,,שקיות אשפה ענקיות עם ידית 90*75 עבות וחזקות,יחידות,25,יחידה,false,0,12.90,0.52,true,1,7290109061535
7290109061542,false,"שקיות גופיה גדולות 60*50 ס""מ עם ידיות - 50 במארז",פרפקט Perfect,,"שקיות גופיה גדולות 60*50 ס""מ עם ידיות - 50 במארז",יחידות,50,יחידה,false,0,4.90,0.10,true,1,7290109061542
7290109061566,false,סט 3 מגבות מטבח משובצות בצבע לבחירה,SK home fashion,,סט 3 מגבות מטבח משובצות בצבע לבחירה,,1,,false,0,10.90,14.90,true,1,7290109061566
7290109061795,false,כוס יין פלסטיק לבן לשימוש רב פעמי,,,כוס יין פלסטיק לבן לשימוש רב פעמי,,0,,false,0,14.90,0.00,true,1,7290109061795
7290109061801,false,כוס יין פלסטיק זהב לשימוש רב פעמי,,,כוס יין פלסטיק זהב לשימוש רב פעמי,,0,,false,0,14.90,0.00,true,1,7290109061801
7290109061863,false,צלחות עבות במיוחד,פרפקט Perfect,,צלחות עבות במיוחד,יחידות,66,יחידה,false,0,39.90,0.60,true,1,7290109061863
7290109062068,false,שמיכת פוך יחיד 200*150,SK home fashion,,שמיכת פוך יחיד 200*150,,0,,false,0,179.90,0.00,true,1,7290109062068
7290109062075,false,שמיכת פוך זוגית 220*200,SK home fashion,,שמיכת פוך זוגית 220*200,,0,,false,0,229.90,0.00,true,1,7290109062075
7290109062174,false,קרחום חצי חינם,חצי חינם,,קרחום חצי חינם,יחידות,1,יחידה,false,0,9.90,9.90,true,1,7290109062174
7290109062204,false,"כרית שינה פרימיום 70*50 ס""מ",SK home fashion,,"כרית שינה פרימיום 70*50 ס""מ",,0,,false,0,59.90,0.00,true,1,7290109062204
7290109062372,false,תיק צידנית 35 ליטר,חצי חינם,,תיק צידנית 35 ליטר,,0,,false,0,59.90,0.00,true,1,7290109062372
7290109062396,false,"כרית ויסקו ממורי במידות 40/60/12 ס""מ",SK home fashion,,"כרית ויסקו ממורי במידות 40/60/12 ס""מ",,0,,false,0,89.90,0.00,true,1,7290109062396
7290109062464,false,שמן זית כתית מעולה אוליבה,אוליבה Oliva,,שמן זית כתית מעולה אוליבה,מליליטרים,750,"100 מ""ל",false,0,26.90,4.39,true,1,7290109062464
7290109062471,false,"שטיחון אמבט במידות ס""מ 50*70 -גוון לפי בחירה",SK home fashion,,"שטיחון אמבט במידות ס""מ 50*70 -גוון לפי בחירה",,0,,false,0,19.90,0.00,true,1,7290109062471
7290109062488,false,סט 3 קולבים עץ טבעי,SK home fashion,,סט 3 קולבים עץ טבעי,,0,,false,0,19.90,0.00,true,1,7290109062488
7290109062495,false,סט 3 קולבים עץ צבוע,SK home fashion,,סט 3 קולבים עץ צבוע,,0,,false,0,19.90,0.00,true,1,7290109062495
7290109062501,false,סט 3 קולבים עץ ציפוי סיליקון,SK home fashion,,סט 3 קולבים עץ ציפוי סיליקון,,0,,false,0,29.90,0.00,true,1,7290109062501
7290109062518,false,סט קולבי קטיפה - 5 יחידות,SK home fashion,,סט קולבי קטיפה - 5 יחידות,,0,,false,0,14.90,0.00,true,1,7290109062518
7290109062525,false,סט 3 קולבים צבעוניים לילדים,SK home fashion,,סט 3 קולבים צבעוניים לילדים,,0,,false,0,19.90,0.00,true,1,7290109062525
7290109062532,false,שמשיה חצי חינם,חצי חינם,,שמשיה חצי חינם,,0,,false,0,29.90,0.00,true,1,7290109062532
7290109062549,false,"שטיחון כניסה לבית 75*45 ס""מ SK",SK home fashion,,"שטיחון כניסה לבית 75*45 ס""מ SK",,0,,false,0,39.90,0.00,true,1,7290109062549
7290109062556,false,"סט 2 מגבות מטבח פרימיום פסים 60*40 ס""מ",SK home fashion,,"סט 2 מגבות מטבח פרימיום פסים 60*40 ס""מ",,1,,false,0,24.90,24.90,true,1,7290109062556
7290109062563,false,"שמיכת מיקרו פלנל פסים 180*130 ס""מ - בצבע לבחירה",SK home fashion,,"שמיכת מיקרו פלנל פסים 180*130 ס""מ - בצבע לבחירה",,0,,false,0,59.90,0.00,true,1,7290109062563
7290109062594,false,"שטיחון אמבטיה פופקורן 70*50 ס""מ בצבע לבחירה",SK home fashion,,"שטיחון אמבטיה פופקורן 70*50 ס""מ בצבע לבחירה",,0,,false,0,39.90,0.00,true,1,7290109062594
7290109062617,false,מגבת ידיים 50*30 פרמיום כותנה סרוקה,SK home fashion,,מגבת ידיים 50*30 פרמיום כותנה סרוקה,,0,,false,0,9.90,0.00,true,1,7290109062617
7290109062624,false,מגבת פנים 90*50 פרמיום כותנה סרוקה,SK home fashion,,מגבת פנים 90*50 פרמיום כותנה סרוקה,,0,,false,0,19.90,0.00,true,1,7290109062624
7290109062631,false,מגבת רחצה 130*70 פרמיום כותנה סרוקה,SK home fashion,,מגבת רחצה 130*70 פרמיום כותנה סרוקה,,0,,false,0,39.90,0.00,true,1,7290109062631
7290109062648,false,מגבת רחצה ענקית 140*90 פרמיום כותנה סרוקה,SK home fashion,,מגבת רחצה ענקית 140*90 פרמיום כותנה סרוקה,,0,,false,0,49.90,0.00,true,1,7290109062648
7290109062662,false,"מנגל גדול מנירוסטה 30*77 ס""מ + רגליים",בסט BEST,,"מנגל גדול מנירוסטה 30*77 ס""מ + רגליים",יחידות,1,יחידה,false,0,119.00,119.00,true,1,7290109062662
7290109130217,false,"תבנית קפיץ קרבון סטיל 24 ס""מ Bake-it up",סולתם רדד,,"תבנית קפיץ קרבון סטיל 24 ס""מ Bake-it up",,0,,false,0,34.90,0.00,true,1,7290109130217
7290109133393,false,סוטז' 3.7 ליטר Mineral Stone אלומיניום ציפוי שיש,סולתם רדד,,סוטז' 3.7 ליטר Mineral Stone אלומיניום ציפוי שיש,,0,,false,0,199.90,0.00,true,1,7290109133393
7290109133409,false,סוטז' 5.2 ליטר Mineral Stone אלומיניום ציפוי שיש,סולתם רדד,,סוטז' 5.2 ליטר Mineral Stone אלומיניום ציפוי שיש,,0,,false,0,220.00,0.00,true,1,7290109133409
7290109134871,false,תרווד מחורץ נירוסטה,סולתם רדד,,תרווד מחורץ נירוסטה,,0,,false,0,29.90,0.00,true,1,7290109134871
7290109135625,false,"מחבת 24 ס""מ אלומניום ציפוי שיש Mineral/Magma IND",סולתם רדד,,"מחבת 24 ס""מ אלומניום ציפוי שיש Mineral/Magma IND",,0,,false,0,110.00,0.00,true,1,7290109135625
7290109135649,false,"מחבת 28 ס""מ אלומניום ציפוי שיש Mineral/Magma IND",סולתם רדד,,"מחבת 28 ס""מ אלומניום ציפוי שיש Mineral/Magma IND",,0,,false,0,129.00,0.00,true,1,7290109135649
7290109135656,false,"מחבת 32 ס""מ אלומניום ציפוי שיש Mineral/Magma IND",סולתם רדד,,"מחבת 32 ס""מ אלומניום ציפוי שיש Mineral/Magma IND",,0,,false,0,169.00,0.00,true,1,7290109135656
7290109135687,false,"מחבת גריל 5.5*28 ס""מ אלומיניום ציפוי שיש",סולתם רדד,,"מחבת גריל 5.5*28 ס""מ אלומיניום ציפוי שיש",,0,,false,0,149.00,0.00,true,1,7290109135687
7290109135939,false,"סיר סוטז' 40*9 ס""מ",סולתם רדד,,"סיר סוטז' 40*9 ס""מ",,0,,false,0,299.00,0.00,true,1,7290109135939
7290109137377,false,"קלחת 18 ס""מ נירוסטה",סולתם רדד,,"קלחת 18 ס""מ נירוסטה",,0,,false,0,69.90,0.00,true,1,7290109137377
7290109138183,false,כפפה סיליקון 18.5 סמ אפורה Bake-it up,סולתם רדד,,כפפה סיליקון 18.5 סמ אפורה Bake-it up,,0,,false,0,29.90,0.00,true,1,7290109138183
7290109138558,false,קוצץ ספירלי 3 ב- 1,סולתם רדד,,קוצץ ספירלי 3 ב- 1,,0,,false,0,79.90,0.00,true,1,7290109138558
7290109139098,false,"קרש חיתוך 32*22 ס""מ במבוק SOLID",סולתם רדד,,"קרש חיתוך 32*22 ס""מ במבוק SOLID",,0,,false,0,29.90,0.00,true,1,7290109139098
7290109200361,false,קופסת תרופות 28 תאים,טאץ' Touch,,קופסת תרופות 28 תאים,יחידות,1,יחידה,false,0,24.90,24.90,true,1,7290109200361
7290109351025,false,מלך החומוס חומוסטחינה 40% טחינה גולמית,צבר,,מלך החומוס חומוסטחינה 40% טחינה גולמית,גרמים,400,100 גרם,false,0,11.90,2.98,true,1,7290109351025
7290109351971,false,פריכיות דגנים פיטנס מצופות שוקולד חלב,נסטלה Nestle,,פריכיות דגנים פיטנס מצופות שוקולד חלב,גרמים,84,100 גרם,false,6,11.90,14.17,true,1,7290109351971
7290109352916,false,פריכיות דגנים פיטנס מצופות שוקולד לבן,נסטלה Nestle,,פריכיות דגנים פיטנס מצופות שוקולד לבן,גרמים,84,100 גרם,false,6,11.90,14.17,true,1,7290109352916
7290109353272,false,פסטה ספגטי עתירה בסיבים תזונתיים Perfecto,אסם פרפקטו Perfecto,,פסטה ספגטי עתירה בסיבים תזונתיים Perfecto,גרמים,500,100 גרם,false,0,6.90,1.38,true,1,7290109353272
7290109353494,false,פסטה פארפאלה Perfecto,אסם פרפקטו Perfecto,,פסטה פארפאלה Perfecto,גרמים,500,100 גרם,false,0,6.90,1.38,true,1,7290109353494
7290109354101,false,לחמית ללא גלוטן,אסם,,לחמית ללא גלוטן,גרמים,200,100 גרם,false,0,9.90,4.95,true,1,7290109354101
7290109354972,false,פתיבר קלאסי ללא גלוטן,אסם,,פתיבר קלאסי ללא גלוטן,גרמים,200,100 גרם,false,0,9.90,4.95,true,1,7290109354972
7290109354996,false,פתיבר שוקו ללא גלוטן,אסם,,פתיבר שוקו ללא גלוטן,גרמים,200,100 גרם,false,0,9.90,4.95,true,1,7290109354996
7290109358260,false,נקניקיות צמחוניות,טבעול,,נקניקיות צמחוניות,גרמים,600,100 גרם,false,0,29.90,4.98,true,1,7290109358260
7290109358284,false,שניצל תירס עם 50% תוספת חלבון,טבעול,,שניצל תירס עם 50% תוספת חלבון,גרמים,664,100 גרם,false,0,29.90,4.50,true,1,7290109358284
7290109358482,false,עוגיות קרמוגית במילוי קרם בטעם חלבה,אסם,,עוגיות קרמוגית במילוי קרם בטעם חלבה,גרמים,200,100 גרם,false,0,10.90,5.45,true,1,7290109358482
7290109358765,false,קראנץ' Crunch רולס נוגט,נסטלה Nestle,,קראנץ' Crunch רולס נוגט,גרמים,450,100 גרם,false,0,23.90,5.31,true,1,7290109358765
7290109580043,false,שניצל תירס,זוגלובק,,שניצל תירס,קילוגרמים,2,"ק""ג",false,0,49.90,28.51,true,1,7290109580043
7290109580050,false,נקניקיות צ'וריסוס וונדרס 0% בשר טבעוני ללא גלוטן,זוגלובק וונדרס Wonders,,נקניקיות צ'וריסוס וונדרס 0% בשר טבעוני ללא גלוטן,גרמים,226,100 גרם,false,0,34.90,15.44,true,1,7290109580050
7290109580067,false,"טחון וונדרס 0% בשר , טבעוני",זוגלובק וונדרס Wonders,,"טחון וונדרס 0% בשר , טבעוני",גרמים,340,100 גרם,false,0,34.90,10.26,true,1,7290109580067
7290109580098,false,קבנוס בטעם סריראצ'ה - חריף,זוגלובק,,קבנוס בטעם סריראצ'ה - חריף,גרמים,135,100 גרם,false,0,9.90,7.33,true,1,7290109580098
7290109580104,false,רוסטביף Premium כתף בקר צלוי,זוגלובק,,רוסטביף Premium כתף בקר צלוי,גרמים,150,100 גרם,false,0,19.90,16.60,true,1,7290109580104
7290109580111,false,צלעות אסאדו מעושנות Premium,זוגלובק,,צלעות אסאדו מעושנות Premium,גרמים,120,100 גרם,false,0,19.90,20.75,true,1,7290109580111
7290109580135,false,קורנדביף Premium חזה בקר צלוי,זוגלובק,,קורנדביף Premium חזה בקר צלוי,גרמים,180,100 גרם,false,0,19.90,13.83,true,1,7290109580135
7290109580159,false,זוגלובק פרימיום פסטרמה בנוסח טוסקנה,זוגלובק,,זוגלובק פרימיום פסטרמה בנוסח טוסקנה,גרמים,180,100 גרם,false,0,19.90,13.83,true,1,7290109580159
7290109580166,false,זוגלובק פרימיום סרוולד קלאסי,זוגלובק,,זוגלובק פרימיום סרוולד קלאסי,גרמים,150,100 גרם,false,0,19.90,16.60,true,1,7290109580166
7290109580227,false,נקניקיות עוף ובקר בסגנון ברלינאי קאריוורסט,זוגלובק,,נקניקיות עוף ובקר בסגנון ברלינאי קאריוורסט,גרמים,300,100 גרם,false,0,19.90,6.63,true,1,7290109580227
7290109580234,false,"נקניקיות מרגז חריפות וונדרס 0% בשר, טבעוני",זוגלובק וונדרס Wonders,,"נקניקיות מרגז חריפות וונדרס 0% בשר, טבעוני",גרמים,226,100 גרם,false,0,34.90,15.44,true,1,7290109580234
7290109580241,false,נאגטס מן הצומח,זוגלובק טבע,,נאגטס מן הצומח,גרמים,500,100 גרם,false,0,24.90,4.98,true,1,7290109580241
7290109580319,false,"בורגר וונדרס 0% בשר , טבעוני",זוגלובק וונדרס Wonders,,"בורגר וונדרס 0% בשר , טבעוני",גרמים,280,100 גרם,false,0,34.90,12.46,true,1,7290109580319
7290109580432,false,פסטרמה אקסטרה מעושנת דקדק,זוגלובק,,פסטרמה אקסטרה מעושנת דקדק,גרמים,120,100 גרם,false,0,11.90,9.92,true,1,7290109580432
7290109580449,false,סלמי בטעם כמהין זוגלובק פרימיום,זוגלובק,,סלמי בטעם כמהין זוגלובק פרימיום,גרמים,180,100 גרם,false,0,19.90,13.83,true,1,7290109580449
7290109640020,false,גוש טבעוני בטעם מוצרלה 18%,MASHUמשו,,גוש טבעוני בטעם מוצרלה 18%,גרמים,300,100 גרם,false,0,19.90,6.63,true,1,7290109640020
7290109640198,false,מגורדת טבעונית לפיצה ואפיה ללא לקטוז,MASHUמשו,,מגורדת טבעונית לפיצה ואפיה ללא לקטוז,גרמים,200,100 גרם,false,0,19.90,9.95,true,1,7290109640198
7290109640372,false,ממרח עם זיתים על בסיס רכיבי קוקוס 9%,MASHUמשו,,ממרח עם זיתים על בסיס רכיבי קוקוס 9%,גרמים,200,100 גרם,false,0,14.90,7.45,true,1,7290109640372
7290109640402,false,ממרח בטעם טבעי על בסיס רכיבי קוקוס 9%,MASHUמשו,,ממרח בטעם טבעי על בסיס רכיבי קוקוס 9%,גרמים,200,100 גרם,false,0,14.90,7.45,true,1,7290109640402
7290109640761,false,מאפה בצק פילאס במילוי פטה טבעונית,MASHUמשו,,מאפה בצק פילאס במילוי פטה טבעונית,גרמים,600,100 גרם,false,0,22.90,3.82,true,1,7290109640761
7290109640778,false,מאפה פילאס טבעוני במילוי בטעם בשר,MASHUמשו,,מאפה פילאס טבעוני במילוי בטעם בשר,גרמים,600,100 גרם,false,0,22.90,3.82,true,1,7290109640778
7290109640785,false,מאפה פילאס טבעוני במילוי בסגנון פיצה,MASHUמשו,,מאפה פילאס טבעוני במילוי בסגנון פיצה,גרמים,600,100 גרם,false,0,22.90,3.82,true,1,7290109640785
7290109920153,false,מנקה ומלבין לכביסה לבנה White Brite,יעקבי,,מנקה ומלבין לכביסה לבנה White Brite,גרמים,790,100 גרם,false,0,29.90,3.78,true,1,7290109920153
7290109920313,false,מבריק שמשות,יעקבי- אסטוניש Astonish,,מבריק שמשות,מליליטרים,750,"100 מ""ל",false,0,11.90,1.59,true,1,7290109920313
7290109920597,false,ניקוי למקלחון,יעקבי- אסטוניש Astonish,,ניקוי למקלחון,מליליטרים,750,"100 מ""ל",false,0,11.90,1.59,true,1,7290109920597
7290109920603,false,קרם ניקוי למטבח,יעקבי- אסטוניש Astonish,,קרם ניקוי למטבח,מליליטרים,500,"100 מ""ל",false,0,11.90,2.38,true,1,7290109920603
7290109920665,false,מסיר אוכל שרוף מתבניות בישול,יעקבי- אסטוניש Astonish,,מסיר אוכל שרוף מתבניות בישול,מליליטרים,750,"100 מ""ל",false,0,11.90,1.59,true,1,7290109920665
7290109920849,false,ניקוי רב תכליתי מעניק ברק,יעקבי- אסטוניש Astonish,,ניקוי רב תכליתי מעניק ברק,מליליטרים,750,"100 מ""ל",false,0,11.90,1.59,true,1,7290109920849
7290109921853,false,אסטוניש המשחה המקורית לניקוי עם עוצמה,יעקבי- אסטוניש Astonish,,אסטוניש המשחה המקורית לניקוי עם עוצמה,גרמים,150,100 גרם,false,0,17.90,11.93,true,1,7290109921853
7290109923147,false,תרסיס ניקוי פלא של אקונומיקה,יעקבי- אסטוניש Astonish,,תרסיס ניקוי פלא של אקונומיקה,מליליטרים,750,"100 מ""ל",false,0,14.90,1.99,true,1,7290109923147
7290110052171,false,זיקוק ספרה 4,שמחה זה אנחנו,,זיקוק ספרה 4,,0,,false,0,3.90,0.00,true,1,7290110052171
7290110052195,false,זיקוק ספרה 6,שמחה זה אנחנו,,זיקוק ספרה 6,,0,,false,0,3.90,0.00,true,1,7290110052195
7290110052201,false,זיקוק ספרה 7,שמחה זה אנחנו,,זיקוק ספרה 7,,0,,false,0,3.90,0.00,true,1,7290110052201
7290110052225,false,זיקוק ספרה 9,שמחה זה אנחנו,,זיקוק ספרה 9,,0,,false,0,3.90,0.00,true,1,7290110052225
7290110110277,false,סיידר תפוחים מוגז - מארז רביעייה,סומרסבי Somersby,,סיידר תפוחים מוגז - מארז רביעייה,ליטרים,1,ליטר,false,4,29.90,24.92,true,1,7290110110277
7290110110369,false,בירה קרלסברג לומה LUMA שישייה,קרלסברג Carlsberg,,בירה קרלסברג לומה LUMA שישייה,ליטרים,2,ליטר,false,6,37.90,22.68,true,1,7290110110369
7290110110574,false,קולה זירו Zero בטעם לימון בפחית,קוקה קולה Coca Cola,,קולה זירו Zero בטעם לימון בפחית,מליליטרים,330,"100 מ""ל",false,0,4.50,1.36,true,1,7290110110574
7290110110666,false,ספרייט למון ליים בקבוק זכוכית -מינימום לקניה 24 יח',ספרייט Sprite,,ספרייט למון ליים בקבוק זכוכית -מינימום לקניה 24 יח',מליליטרים,350,"100 מ""ל",false,0,5.90,1.69,true,1,7290110110666
7290110111557,false,משקה ספורט איזוטוני בטעם פירות,פאווראייד POWERADE,,משקה ספורט איזוטוני בטעם פירות,מליליטרים,500,"100 מ""ל",false,0,9.90,1.98,true,1,7290110111557
7290110111564,false,משקה ספורט איזוטוני בטעם הדרים- ליים,פאווראייד POWERADE,,משקה ספורט איזוטוני בטעם הדרים- ליים,מליליטרים,500,"100 מ""ל",false,0,9.90,1.98,true,1,7290110111564
7290110113476,false,בירה קרלסברג ללא אלכוהול - שישייה,קרלסברג Carlsberg,,בירה קרלסברג ללא אלכוהול - שישייה,ליטרים,2,ליטר,false,6,32.90,16.62,true,1,7290110113476
7290110113605,false,בירה שקמה IPA,שקמה,,בירה שקמה IPA,מליליטרים,330,"100 מ""ל",false,0,10.90,3.91,true,1,7290110113605
7290110113629,false,בירה שקמה אייל ענברי,שקמה,,בירה שקמה אייל ענברי,מליליטרים,330,"100 מ""ל",false,0,10.90,3.91,true,1,7290110113629
7290110114787,false,נביעות פלוס בטעם תפוח עדין,נביעות,,נביעות פלוס בטעם תפוח עדין,ליטרים,2,ליטר,false,0,8.90,5.93,true,1,7290110114787
7290110114794,false,נביעות פלוס בטעם אפרסק עדין,נביעות,,נביעות פלוס בטעם אפרסק עדין,ליטרים,2,ליטר,false,0,8.90,5.93,true,1,7290110114794
7290110114800,false,נביעות פלוס בטעם ענבים עדין,נביעות,,נביעות פלוס בטעם ענבים עדין,ליטרים,2,ליטר,false,0,8.90,5.93,true,1,7290110114800
7290110114855,false,שישיית מים מינרלים,נביעות,,שישיית מים מינרלים,ליטרים,9,ליטר,false,6,11.90,1.43,true,1,7290110114855
7290110114893,false,מיץ תפוזים סחוט טבעי,פריגת,,מיץ תפוזים סחוט טבעי,ליטרים,2,ליטר,false,0,26.90,13.45,true,1,7290110114893
7290110114954,false,100% מיץ תפוזים עשוי מרכז,פריגת,,100% מיץ תפוזים עשוי מרכז,ליטרים,2,ליטר,false,0,21.90,10.95,true,1,7290110114954
7290110114961,false,משקה קל בטעם תפוזים,פריגת,,משקה קל בטעם תפוזים,ליטרים,2,ליטר,false,0,8.90,5.93,true,1,7290110114961
7290110114985,false,משקה קל בטעם אשכוליות,פריגת,,משקה קל בטעם אשכוליות,ליטרים,2,ליטר,false,0,8.90,5.93,true,1,7290110114985
7290110114992,false,משקה דיאט בטעם אשכוליות,פריגת,,משקה דיאט בטעם אשכוליות,ליטרים,2,ליטר,false,0,8.90,5.93,true,1,7290110114992
7290110115005,false,משקה פריגת בטעם ענבים,פריגת,,משקה פריגת בטעם ענבים,ליטרים,2,ליטר,false,0,8.90,5.93,true,1,7290110115005
7290110115029,false,משקה קל בטעם תפוחים,פריגת,,משקה קל בטעם תפוחים,ליטרים,2,ליטר,false,0,8.90,5.93,true,1,7290110115029
7290110115036,false,משקה קל בטעם מנגו,פריגת,,משקה קל בטעם מנגו,ליטרים,2,ליטר,false,0,8.90,5.93,true,1,7290110115036
7290110115043,false,משקה קל בטעם לימונענע,פריגת,,משקה קל בטעם לימונענע,ליטרים,2,ליטר,false,0,8.90,5.93,true,1,7290110115043
7290110115050,false,משקה קל בטעם תות בננה,פריגת,,משקה קל בטעם תות בננה,ליטרים,2,ליטר,false,0,8.90,5.93,true,1,7290110115050
7290110115203,false,קוקה קולה קלאסי,קוקה קולה Coca Cola,,קוקה קולה קלאסי,ליטרים,2,ליטר,false,0,8.60,5.73,true,1,7290110115203
7290110115210,false,קוקה קולה דיאט,קוקה קולה Coca Cola,,קוקה קולה דיאט,ליטרים,2,ליטר,false,0,8.60,5.73,true,1,7290110115210
7290110115227,false,קוקה קולה זירו zero,קוקה קולה Coca Cola,,קוקה קולה זירו zero,ליטרים,2,ליטר,false,0,8.60,5.73,true,1,7290110115227
7290110115234,false,קולה זירו Zero נטול קפאין,קוקה קולה Coca Cola,,קולה זירו Zero נטול קפאין,ליטרים,2,ליטר,false,0,8.60,5.73,true,1,7290110115234
7290110115241,false,קולה זירו Zero לימון,קוקה קולה Coca Cola,,קולה זירו Zero לימון,ליטרים,2,ליטר,false,0,8.60,5.73,true,1,7290110115241
7290110115258,false,קולה זירו Zero בטעם מנגו,קוקה קולה Coca Cola,,קולה זירו Zero בטעם מנגו,ליטרים,2,ליטר,false,0,8.60,5.73,true,1,7290110115258
7290110115265,false,ספרייט בטעם למון ליים,ספרייט Sprite,,ספרייט בטעם למון ליים,ליטרים,2,ליטר,false,0,8.50,5.67,true,1,7290110115265
7290110115272,false,ספרייט זירו Zero,ספרייט Sprite,,ספרייט זירו Zero,ליטרים,2,ליטר,false,0,8.50,5.67,true,1,7290110115272
7290110115289,false,ספרייט בטעם לימון נענע,ספרייט Sprite,,ספרייט בטעם לימון נענע,ליטרים,2,ליטר,false,0,8.50,5.67,true,1,7290110115289
7290110115296,false,פאנטה אורנג',פאנטה Fanta,,פאנטה אורנג',ליטרים,2,ליטר,false,0,8.80,5.87,true,1,7290110115296
7290110115302,false,פאנטה זירו בטעם אורנג',פאנטה Fanta,,פאנטה זירו בטעם אורנג',ליטרים,2,ליטר,false,0,8.80,5.87,true,1,7290110115302
7290110115319,false,פאנטה אקזוטי,פאנטה Fanta,,פאנטה אקזוטי,ליטרים,2,ליטר,false,0,8.80,5.87,true,1,7290110115319
7290110115333,false,פאנטה בטעם תות,פאנטה Fanta,,פאנטה בטעם תות,ליטרים,2,ליטר,false,0,8.80,5.87,true,1,7290110115333
7290110115340,false,פאנטה בטעם ענבים,פאנטה Fanta,,פאנטה בטעם ענבים,ליטרים,2,ליטר,false,0,8.80,5.87,true,1,7290110115340
7290110115357,false,קינלי סודה,קינלי Kinley,,קינלי סודה,ליטרים,2,ליטר,false,0,3.80,2.53,true,1,7290110115357
7290110115364,false,קוקה קולה קלאסי - שישייה,קוקה קולה Coca Cola,,קוקה קולה קלאסי - שישייה,ליטרים,9,ליטר,false,6,49.90,5.54,true,1,7290110115364
7290110115371,false,שיישית קוקה קולה דיאט,קוקה קולה Coca Cola,,שיישית קוקה קולה דיאט,ליטרים,9,ליטר,false,6,46.50,5.17,true,1,7290110115371
7290110115388,false,שישיית ספרייט למון ליים,ספרייט Sprite,,שישיית ספרייט למון ליים,ליטרים,9,ליטר,false,6,49.90,5.54,true,1,7290110115388
7290110115395,false,ספרייט זירו Zero- שישייה,ספרייט Sprite,,ספרייט זירו Zero- שישייה,ליטרים,9,ליטר,false,6,46.50,5.17,true,1,7290110115395
7290110115401,false,סודה קינלי מארז שישייה,קינלי Kinley,,סודה קינלי מארז שישייה,ליטרים,9,ליטר,false,6,14.90,2.30,true,1,7290110115401
7290110115418,false,שיישית קולה זירו - 1.5 ליטר,קוקה קולה Coca Cola,,שיישית קולה זירו - 1.5 ליטר,ליטרים,9,ליטר,false,6,46.50,5.17,true,1,7290110115418
7290110115425,false,משקה תה קר Green בטעם לימון נענע,פיוז טי Fuze Tea,,משקה תה קר Green בטעם לימון נענע,ליטרים,2,ליטר,false,0,8.90,5.93,true,1,7290110115425
7290110115449,false,תה קר בטעם מנגו אננס,פיוז טי Fuze Tea,,תה קר בטעם מנגו אננס,ליטרים,2,ליטר,false,0,8.90,5.93,true,1,7290110115449
7290110115456,false,"תה קר בטעם אפרסק 19 קלוריות ב- 100 מ""ל",פיוז טי Fuze Tea,,"תה קר בטעם אפרסק 19 קלוריות ב- 100 מ""ל",ליטרים,2,ליטר,false,0,8.90,5.93,true,1,7290110115456
7290110115463,false,משקה תה קר בטעם אפרסק,פיוז טי Fuze Tea,,משקה תה קר בטעם אפרסק,ליטרים,2,ליטר,false,0,8.90,5.93,true,1,7290110115463
7290110115494,false,תה קר בטעם ענבים,פיוז טי Fuze Tea,,תה קר בטעם ענבים,ליטרים,2,ליטר,false,0,8.90,5.93,true,1,7290110115494
7290110115586,false,משקה פריגת בטעם תפוזים 40% פחות סוכר,פריגת,,משקה פריגת בטעם תפוזים 40% פחות סוכר,ליטרים,2,ליטר,false,0,8.90,5.93,true,1,7290110115586
7290110115616,false,משקה פיוז טי זירו ZERO בטעם אננס,פיוז טי Fuze Tea,,משקה פיוז טי זירו ZERO בטעם אננס,ליטרים,2,ליטר,false,0,8.90,5.93,true,1,7290110115616
7290110115623,false,משקה פיוז טי זירו ZERO בטעם אפרסק,פיוז טי Fuze Tea,,משקה פיוז טי זירו ZERO בטעם אפרסק,ליטרים,2,ליטר,false,0,8.90,5.93,true,1,7290110115623
7290110116064,false,פאנטה זירו ירוק,פאנטה Fanta,,פאנטה זירו ירוק,ליטרים,2,ליטר,false,0,8.80,5.87,true,1,7290110116064
7290110116125,false,סירופ בטעם פטל,פריגת,,סירופ בטעם פטל,מליליטרים,750,"100 מ""ל",false,0,24.90,3.32,true,1,7290110116125
7290110116132,false,סירופ בטעם לימון,פריגת,,סירופ בטעם לימון,מליליטרים,750,"100 מ""ל",false,0,24.90,3.32,true,1,7290110116132
7290110116149,false,סירופ בטעם ענבים,פריגת,,סירופ בטעם ענבים,מליליטרים,750,"100 מ""ל",false,0,24.90,3.32,true,1,7290110116149
7290110116194,false,נביעות 0 קלוריות בטעם למון ליים,נביעות,,נביעות 0 קלוריות בטעם למון ליים,ליטרים,2,ליטר,false,0,9.90,6.60,true,1,7290110116194
7290110116200,false,נביעות 0 קלוריות בטעם למון ליים,נביעות,,נביעות 0 קלוריות בטעם למון ליים,מליליטרים,500,"100 מ""ל",false,0,6.50,1.30,true,1,7290110116200
7290110116217,false,נביעות 0 קלוריות בטעם אשכולית,נביעות,,נביעות 0 קלוריות בטעם אשכולית,ליטרים,2,ליטר,false,0,9.90,6.60,true,1,7290110116217
7290110116224,false,נביעות 0 קלוריות בטעם אשכולית,נביעות,,נביעות 0 קלוריות בטעם אשכולית,מליליטרים,500,"100 מ""ל",false,0,6.50,1.30,true,1,7290110116224
7290110116392,false,סירופ בטעם תפוזים,פריגת,,סירופ בטעם תפוזים,מליליטרים,750,"100 מ""ל",false,0,24.90,3.32,true,1,7290110116392
7290110116552,false,ספרייט למון היט Lemon Hit,ספרייט Sprite,,ספרייט למון היט Lemon Hit,ליטרים,2,ליטר,false,0,8.50,5.67,true,1,7290110116552
7290110116569,false,ספרייט זירו למון היט Zero Lemon Hit,ספרייט Sprite,,ספרייט זירו למון היט Zero Lemon Hit,ליטרים,2,ליטר,false,0,8.50,5.67,true,1,7290110116569
7290110116637,false,בירה שקמה חיטה מעוננת Bitter Wheat,שקמה,,בירה שקמה חיטה מעוננת Bitter Wheat,מליליטרים,330,"100 מ""ל",false,0,10.90,3.91,true,1,7290110116637
7290110216894,false,שמפו עם שמן המפ אורגני שמן קיק וחומצה היאלורונית,אורכידאה,,שמפו עם שמן המפ אורגני שמן קיק וחומצה היאלורונית,מליליטרים,400,"100 מ""ל",false,0,45.90,11.48,true,1,7290110216894
7290110216900,false,סרום עם שמן המפ אורגני שמן קיק וחומצה היאלורונית,אורכידאה,,סרום עם שמן המפ אורגני שמן קיק וחומצה היאלורונית,מליליטרים,150,"100 מ""ל",false,0,79.90,53.27,true,1,7290110216900
7290110216917,false,מסכה עם שמן המפ אורגני שמן קיק וחומצה היאלורונית,אורכידאה,,מסכה עם שמן המפ אורגני שמן קיק וחומצה היאלורונית,מליליטרים,250,"100 מ""ל",false,0,79.90,31.96,true,1,7290110216917
7290110320591,false,גבינה בולגרית מעודנת 16%,פיראוס,,גבינה בולגרית מעודנת 16%,גרמים,250,100 גרם,false,0,21.90,8.76,true,1,7290110320591
7290110320850,false,פתיתים גבינה חצי קשה מגורדת 28% שומן,עמק - תנובה,,פתיתים גבינה חצי קשה מגורדת 28% שומן,גרמים,200,100 גרם,false,0,14.90,7.45,true,1,7290110320850
7290110320867,false,פתיתים גבינה חצי קשה מגורדת 28% שומן,עמק - תנובה,,פתיתים גבינה חצי קשה מגורדת 28% שומן,גרמים,500,100 גרם,false,0,32.90,6.58,true,1,7290110320867
7290110320935,false,פרוסות מוצרלה 20%,תנובה,,פרוסות מוצרלה 20%,גרמים,150,100 גרם,false,0,15.90,10.60,true,1,7290110320935
7290110321031,false,יוגורט GO מועשר בחלבון 20 גרם בגביע בטעם טבעי,יופלה Yoplait,,יוגורט GO מועשר בחלבון 20 גרם בגביע בטעם טבעי,גרמים,200,100 גרם,false,0,4.90,2.45,true,1,7290110321031
7290110321277,false,קוטג' 5% בקטנה,תנובה,,קוטג' 5% בקטנה,גרמים,100,100 גרם,false,0,2.90,2.90,true,1,7290110321277
7290110321284,false,קוטג' 9% בקטנה,תנובה,,קוטג' 9% בקטנה,גרמים,100,100 גרם,false,0,2.90,2.90,true,1,7290110321284
7290110321604,false,קוביות בולגרית מעודנת 5%,פיראוס,,קוביות בולגרית מעודנת 5%,גרמים,200,100 גרם,false,0,19.90,9.95,true,1,7290110321604
7290110321680,false,יוגורט GO בטעם תות 20 גרם חלבון בגביע,יופלה Yoplait,,יוגורט GO בטעם תות 20 גרם חלבון בגביע,גרמים,200,100 גרם,false,0,5.40,2.70,true,1,7290110321680
7290110321697,false,יוגורט GO בטעם אפרסק 20 גרם חלבון בגביע,יופלה Yoplait,,יוגורט GO בטעם אפרסק 20 גרם חלבון בגביע,גרמים,200,100 גרם,false,0,5.40,2.70,true,1,7290110321697
7290110321703,false,יוגורט GO בטעם פירות יער 20 גרם חלבון בגביע,יופלה Yoplait,,יוגורט GO בטעם פירות יער 20 גרם חלבון בגביע,גרמים,200,100 גרם,false,0,5.40,2.70,true,1,7290110321703
7290110322014,false,טופו בטעם טבעי,תנובה Alternative,,טופו בטעם טבעי,גרמים,300,100 גרם,false,0,12.90,4.30,true,1,7290110322014
7290110322021,false,טופו עם בזיליקום,תנובה Alternative,,טופו עם בזיליקום,גרמים,300,100 גרם,false,0,12.90,4.30,true,1,7290110322021
7290110322038,false,טופו פיקנטי,תנובה Alternative,,טופו פיקנטי,גרמים,300,100 גרם,false,0,12.90,4.30,true,1,7290110322038
7290110323073,false,משקה יוגורט GO מועשר בחלבון תות ופטל,יופלה Yoplait,,משקה יוגורט GO מועשר בחלבון תות ופטל,מליליטרים,236,"100 מ""ל",false,0,5.90,2.50,true,1,7290110323073
7290110323301,false,גבינת טל העמק בסגנון אמנטל 32%,עמק - תנובה,,גבינת טל העמק בסגנון אמנטל 32%,גרמים,200,100 גרם,false,0,17.90,8.95,true,1,7290110323301
7290110323585,false,יוגורט GO לייט בטעם דובדבן 20 גרם חלבון בגביע,יופלה Yoplait,,יוגורט GO לייט בטעם דובדבן 20 גרם חלבון בגביע,גרמים,200,100 גרם,false,0,5.40,2.70,true,1,7290110323585
7290110323592,false,יוגורט GO לייט בטעם אפרסק 20 גרם חלבון בגביע,יופלה Yoplait,,יוגורט GO לייט בטעם אפרסק 20 גרם חלבון בגביע,גרמים,200,100 גרם,false,0,5.40,2.70,true,1,7290110323592
7290110323714,false,משקה קוקוס שקדים,תנובה Alternative,,משקה קוקוס שקדים,ליטרים,1,ליטר,false,0,11.90,11.90,true,1,7290110323714
7290110324070,false,גבינת חלומי 30%,תנובה,,גבינת חלומי 30%,גרמים,200,100 גרם,false,0,16.90,8.45,true,1,7290110324070
7290110324353,false,יוגורט GO לייט בטעם אננס 20 גרם חלבון בגביע,יופלה Yoplait,,יוגורט GO לייט בטעם אננס 20 גרם חלבון בגביע,גרמים,200,100 גרם,false,0,5.40,2.70,true,1,7290110324353
7290110324711,false,ממרח סויה בטעם טבעי 9%,תנובה Alternative,,ממרח סויה בטעם טבעי 9%,גרמים,250,100 גרם,false,0,8.00,3.20,true,1,7290110324711
7290110324728,false,ממרח סויה עם שום ושמיר 9%,תנובה Alternative,,ממרח סויה עם שום ושמיר 9%,גרמים,250,100 גרם,false,0,8.00,3.20,true,1,7290110324728
7290110324841,false,מעדן שקדים עם שוקולד מריר,תנובה Alternative,,מעדן שקדים עם שוקולד מריר,גרמים,125,100 גרם,false,0,3.90,3.12,true,1,7290110324841
7290110324858,false,מעדן שקדים בטעם אגוזי לוז,תנובה Alternative,,מעדן שקדים בטעם אגוזי לוז,גרמים,125,100 גרם,false,0,3.90,3.12,true,1,7290110324858
7290110324872,false,פרוסות גבינה צהובה גלבוע 5%,גלבוע - תנובה,,פרוסות גבינה צהובה גלבוע 5%,גרמים,200,100 גרם,false,0,17.90,8.95,true,1,7290110324872
7290110324926,false,משקה סויה ללא תוספת סוכר,תנובה Alternative,,משקה סויה ללא תוספת סוכר,ליטרים,1,ליטר,false,0,10.90,10.90,true,1,7290110324926
7290110325114,false,משקה יוגורט GO לייט מועשר בחלבון תות בננה,יופלה Yoplait,,משקה יוגורט GO לייט מועשר בחלבון תות בננה,מליליטרים,250,"100 מ""ל",false,0,5.90,2.36,true,1,7290110325114
7290110325305,false,מעדן סויה GO מועשר בחלבון במתיקות מעודנת,תנובה,,מעדן סויה GO מועשר בחלבון במתיקות מעודנת,גרמים,200,100 גרם,false,0,5.90,2.95,true,1,7290110325305
7290110325312,false,מעדן סויה GO מועשר בחלבון בטעם תות,תנובה,,מעדן סויה GO מועשר בחלבון בטעם תות,גרמים,200,100 גרם,false,0,5.90,2.95,true,1,7290110325312
7290110325619,false,משקה שיבולת שועל,תנובה Alternative,,משקה שיבולת שועל,ליטרים,1,ליטר,false,0,11.90,11.90,true,1,7290110325619
7290110325701,false,צזיקי 9%,פיראוס,,צזיקי 9%,גרמים,250,100 גרם,false,0,10.90,4.36,true,1,7290110325701
7290110325879,false,פתיתי גבינת גאודה 30%,תנובה- השף הלבן,,פתיתי גבינת גאודה 30%,גרמים,200,100 גרם,false,0,15.90,7.95,true,1,7290110325879
7290110325893,false,משקה חלב GO מועשר בחלבון בטעם אייס קפה,תנובה,,משקה חלב GO מועשר בחלבון בטעם אייס קפה,מליליטרים,340,"100 מ""ל",false,0,7.90,2.32,true,1,7290110325893
7290110326227,false,יוגורט עם תוספת קורנפלקס,יופלה Yoplait,,יוגורט עם תוספת קורנפלקס,גרמים,157,100 גרם,false,0,5.20,3.31,true,1,7290110326227
7290110326333,false,פרוסות גבינה בסגנון סקנדינבי 31%,תנובה,,פרוסות גבינה בסגנון סקנדינבי 31%,גרמים,200,100 גרם,false,0,13.90,6.95,true,1,7290110326333
7290110327033,false,משקה סויה GO מועשר בחלבון במתיקות מופחתת,תנובה,,משקה סויה GO מועשר בחלבון במתיקות מופחתת,ליטרים,1,ליטר,false,0,11.90,11.90,true,1,7290110327033
7290110327064,false,אייס קפה שיבולת שועל בטעם קרמל,תנובה Alternative,,אייס קפה שיבולת שועל בטעם קרמל,ליטרים,1,ליטר,false,0,11.90,11.90,true,1,7290110327064
7290110327316,false,גבינה לבנה 5% בתוספת פריכיות,תנובה,,גבינה לבנה 5% בתוספת פריכיות,גרמים,139,100 גרם,false,0,4.90,3.53,true,1,7290110327316
7290110327514,false,משקה שיבולת שועל בטעם אגוזי לוז,תנובה Alternative,,משקה שיבולת שועל בטעם אגוזי לוז,ליטרים,1,ליטר,false,0,11.90,11.90,true,1,7290110327514
7290110327798,false,חטיף חלבון GO בטעם שוקולד 20 גרם חלבון,תנובה,,חטיף חלבון GO בטעם שוקולד 20 גרם חלבון,גרמים,20,100 גרם,false,0,11.90,59.50,true,1,7290110327798
7290110327804,false,חטיף חלבון GO בטעם בצק עוגיות 20 גרם חלבון,תנובה,,חטיף חלבון GO בטעם בצק עוגיות 20 גרם חלבון,גרמים,20,100 גרם,false,0,11.90,59.50,true,1,7290110327804
7290110327811,false,חטיף חלבון GO בטעם קוקוס 20 גרם חלבון,תנובה,,חטיף חלבון GO בטעם קוקוס 20 גרם חלבון,גרמים,20,100 גרם,false,0,11.90,59.50,true,1,7290110327811
7290110327828,false,חטיף חלבון GO בטעם חמאת בוטנים 20 גרם חלבון,תנובה,,חטיף חלבון GO בטעם חמאת בוטנים 20 גרם חלבון,גרמים,20,100 גרם,false,0,11.90,59.50,true,1,7290110327828
7290110328474,false,גבינת פרמג'יאנו רג'יאנו 30% מחלב בקר,תנובה,,גבינת פרמג'יאנו רג'יאנו 30% מחלב בקר,גרמים,150,100 גרם,false,0,27.90,18.60,true,1,7290110328474
7290110328481,false,פתיתי פרמג'יאנו רג'יאנו מחלב בקר 30%,תנובה,,פתיתי פרמג'יאנו רג'יאנו מחלב בקר 30%,גרמים,100,100 גרם,false,0,14.90,14.90,true,1,7290110328481
7290110328504,false,מיקס פתיתי 3 גבינות- מוצרלה סקנדינבית וגאודה,תנובה- השף הלבן,,מיקס פתיתי 3 גבינות- מוצרלה סקנדינבית וגאודה,גרמים,300,100 גרם,false,0,24.90,8.30,true,1,7290110328504
7290110328610,false,משקה אורז ושקדים בריסטה,תנובה Alternative,,משקה אורז ושקדים בריסטה,ליטרים,1,ליטר,false,0,11.90,11.90,true,1,7290110328610
7290110328627,false,יוגורט יופלה GO במרקם סמיך בטעם בננה קרמל 0%,יופלה Yoplait,,יוגורט יופלה GO במרקם סמיך בטעם בננה קרמל 0%,גרמים,200,100 גרם,false,0,5.40,2.70,true,1,7290110328627
7290110328764,false,יוגורט יופלה GO במרקם סמיך עם תות 0%,יופלה Yoplait,,יוגורט יופלה GO במרקם סמיך עם תות 0%,גרמים,200,100 גרם,false,0,5.40,2.70,true,1,7290110328764
7290110328771,false,יוגורט יופלה GO במרקם סמיך עם פירות יער 0%,יופלה Yoplait,,יוגורט יופלה GO במרקם סמיך עם פירות יער 0%,גרמים,200,100 גרם,false,0,5.40,2.70,true,1,7290110328771
7290110328788,false,יוגורט יופלה GO במרקם סמיך בטעם אפרסק 0%,יופלה Yoplait,,יוגורט יופלה GO במרקם סמיך בטעם אפרסק 0%,גרמים,200,100 גרם,false,0,5.40,2.70,true,1,7290110328788
7290110329136,false,מעדן חלב GO מועשר בחלבון בטעם שוקולד,תנובה,,מעדן חלב GO מועשר בחלבון בטעם שוקולד,גרמים,120,100 גרם,false,0,4.90,4.08,true,1,7290110329136
7290110329143,false,מעדן חלב GO מועשר בחלבון בטעם וניל,תנובה,,מעדן חלב GO מועשר בחלבון בטעם וניל,גרמים,120,100 גרם,false,0,4.90,4.08,true,1,7290110329143
7290110329303,false,פרוסות צהובה קלאסית,תנובה Alternative,,פרוסות צהובה קלאסית,גרמים,200,100 גרם,false,0,20.90,10.45,true,1,7290110329303
7290110329716,false,משקה קפה קר בטעם קפוצ'ינו,תנובה,,משקה קפה קר בטעם קפוצ'ינו,גרמים,230,100 גרם,false,0,6.90,3.00,true,1,7290110329716
7290110329723,false,משקה קפה קר בטעם לאטה,תנובה,,משקה קפה קר בטעם לאטה,גרמים,230,100 גרם,false,0,6.90,3.00,true,1,7290110329723
7290110329730,false,משקה קפה קר בטעם לאטה שוקולד,תנובה,,משקה קפה קר בטעם לאטה שוקולד,גרמים,230,100 גרם,false,0,6.90,3.00,true,1,7290110329730
7290110329792,false,מעדן סויה BIO בטעם אפרסק,תנובה Alternative,,מעדן סויה BIO בטעם אפרסק,גרמים,150,100 גרם,false,0,4.50,3.00,true,1,7290110329792
7290110329808,false,מעדן סויה BIO בטעם תות,תנובה Alternative,,מעדן סויה BIO בטעם תות,גרמים,150,100 גרם,false,0,4.50,3.00,true,1,7290110329808
7290110329815,false,מעדן סויה BIO במתיקות מעודנת,תנובה Alternative,,מעדן סויה BIO במתיקות מעודנת,גרמים,150,100 גרם,false,0,4.50,3.00,true,1,7290110329815
7290110329822,false,מעדן סויה BIO עם פירות יער,תנובה Alternative,,מעדן סויה BIO עם פירות יער,גרמים,150,100 גרם,false,0,4.50,3.00,true,1,7290110329822
7290110329839,false,פרוסות צהובה בטעם זיתים,תנובה Alternative,,פרוסות צהובה בטעם זיתים,גרמים,200,100 גרם,false,0,20.90,10.45,true,1,7290110329839
7290110329846,false,מעדן סויה BIO בטעם טבעי,תנובה Alternative,,מעדן סויה BIO בטעם טבעי,גרמים,150,100 גרם,false,0,4.50,3.00,true,1,7290110329846
7290110467616,false,"סיר 28 ס""מ, 6.8 ליטר BLACKBERRY",פוד אפיל Food Appeal,,"סיר 28 ס""מ, 6.8 ליטר BLACKBERRY",,0,,false,0,229.90,0.00,true,1,7290110467616
7290110469863,false,מכסה לבקבוק שמפניה SIGNATURE,פוד אפיל Food Appeal,,מכסה לבקבוק שמפניה SIGNATURE,,0,,false,0,19.90,0.00,true,1,7290110469863
7290110474416,false,ערכת בישול פרמיום - מותג CRUZO,ארטוס,,ערכת בישול פרמיום - מותג CRUZO,,0,,false,0,199.00,0.00,true,1,7290110474416
7290110550363,false,"פריכיות משולשות תירס, אורז שיבולת שועל, קינואה",אנרג'י Energy - שטראוס,,"פריכיות משולשות תירס, אורז שיבולת שועל, קינואה",גרמים,65,100 גרם,false,0,9.90,15.23,true,1,7290110550363
7290110552121,false,יוגורט 5% בתוספת סידן וויטמין D היוגורט הראשון שלי,דנונה - שטראוס,,יוגורט 5% בתוספת סידן וויטמין D היוגורט הראשון שלי,גרמים,100,100 גרם,false,0,2.20,2.20,true,1,7290110552121
7290110552220,false,יוגורט PRO בטעם תות 0% סוכר לבן 20 גרם חלבון בגביע,דנונה - שטראוס,,יוגורט PRO בטעם תות 0% סוכר לבן 20 גרם חלבון בגביע,גרמים,200,100 גרם,false,0,5.90,2.95,true,1,7290110552220
7290110552237,false,יוגורט PRO בטעם מנגו ואפרסק 0% סוכר לבן,דנונה - שטראוס,,יוגורט PRO בטעם מנגו ואפרסק 0% סוכר לבן,גרמים,200,100 גרם,false,0,5.90,2.95,true,1,7290110552237
7290110553029,false,"אנרג'י קריספס-פריכיות חומוס, עדשים ואפונה עם קייל וסלק",אנרג'י Energy - שטראוס,,"אנרג'י קריספס-פריכיות חומוס, עדשים ואפונה עם קייל וסלק",גרמים,60,100 גרם,false,0,9.90,16.50,true,1,7290110553029
7290110553036,false,קריספס-פריכיות עם אפונה ובטטה סגולה בטעם בצל מקורמל,אנרג'י Energy - שטראוס,,קריספס-פריכיות עם אפונה ובטטה סגולה בטעם בצל מקורמל,גרמים,60,100 גרם,false,0,9.90,16.50,true,1,7290110553036
7290110553098,false,"אנרג'י מיקס תערובת צימוקים, אגוזים ושוקולד חלב",אנרג'י Energy - שטראוס,,"אנרג'י מיקס תערובת צימוקים, אגוזים ושוקולד חלב",גרמים,100,100 גרם,false,4,15.90,15.90,true,1,7290110553098
7290110553340,false,נמס מילקשייק- אבקה להכנת משקה קר בטעם מלבי,עלית,,נמס מילקשייק- אבקה להכנת משקה קר בטעם מלבי,גרמים,200,100 גרם,false,0,14.90,7.45,true,1,7290110553340
7290110553623,false,צ'יטוס קראנצ'י בטעם צ'דר חלפיניו - חלבי,עלית,,צ'יטוס קראנצ'י בטעם צ'דר חלפיניו - חלבי,גרמים,80,100 גרם,false,0,3.90,4.88,true,1,7290110553623
7290110554118,false,נודלס מלזי חריף עם טופו וירקות ברוטב קארי ירוק,שטראוס דלישס,,נודלס מלזי חריף עם טופו וירקות ברוטב קארי ירוק,גרמים,350,100 גרם,false,0,26.90,7.69,true,1,7290110554118
7290110554422,false,רוטב עגבניות ופלפלים לשקשוקה,יד מרדכי,,רוטב עגבניות ופלפלים לשקשוקה,גרמים,350,100 גרם,false,0,11.90,3.40,true,1,7290110554422
7290110554583,false,מארז חטיפי צ'יטוס פאפס בטעם גבינה - 10 יחידות,עלית,,מארז חטיפי צ'יטוס פאפס בטעם גבינה - 10 יחידות,גרמים,200,100 גרם,false,10,12.90,6.45,true,1,7290110554583
7290110555306,false,רבע לשבע סינמון רול,עלית,,רבע לשבע סינמון רול,גרמים,125,100 גרם,false,0,10.90,8.72,true,1,7290110555306
7290110556242,false,שוקולד מריר - פרווה,עלית,,שוקולד מריר - פרווה,גרמים,100,100 גרם,false,0,5.90,5.90,true,1,7290110556242
7290110557027,false,חומוס עשיר ב- 50% טחינה גולמית,אחלה - שטראוס,,חומוס עשיר ב- 50% טחינה גולמית,גרמים,400,100 גרם,false,0,11.90,2.98,true,1,7290110557027
7290110557102,false,מעדן חלב PRO עם שוקולד 11 גרם חלבון בגביע,דנונה - שטראוס,,מעדן חלב PRO עם שוקולד 11 גרם חלבון בגביע,גרמים,150,100 גרם,false,0,4.90,3.27,true,1,7290110557102
7290110557133,false,מעדן הגולן בטעם וניל,שטראוס,,מעדן הגולן בטעם וניל,גרמים,125,100 גרם,false,0,2.90,2.32,true,1,7290110557133
7290110558154,false,יוגורט בטעם עוגת תפוחים 0% לייט אנד פרי,דנונה - שטראוס,,יוגורט בטעם עוגת תפוחים 0% לייט אנד פרי,גרמים,150,100 גרם,false,0,4.50,3.00,true,1,7290110558154
7290110558222,false,יוגורט דנונה WOW עם שכבה בטעם בנופי פאי 4%,דנונה - שטראוס,,יוגורט דנונה WOW עם שכבה בטעם בנופי פאי 4%,גרמים,150,100 גרם,false,0,4.50,3.00,true,1,7290110558222
7290110558284,false,יוגורט דנונה מולטי 3% שומן,דנונה - שטראוס,,יוגורט דנונה מולטי 3% שומן,גרמים,200,100 גרם,false,0,3.90,1.95,true,1,7290110558284
7290110558307,false,יוגורט דנונה PRO עם שיבולת שועל במתיקות מעודנת,דנונה - שטראוס,,יוגורט דנונה PRO עם שיבולת שועל במתיקות מעודנת,גרמים,200,100 גרם,false,0,5.90,2.95,true,1,7290110558307
7290110558314,false,יוגורט דנונה PRO בטעם פיסטוק 0% שומן,דנונה - שטראוס,,יוגורט דנונה PRO בטעם פיסטוק 0% שומן,גרמים,200,100 גרם,false,0,5.90,2.95,true,1,7290110558314
7290110560300,false,"הפריכיות הטעימות חומוס, עדשים שחורות, קינואה ופלפל שחור",אנרג'י Energy - שטראוס,,"הפריכיות הטעימות חומוס, עדשים שחורות, קינואה ופלפל שחור",גרמים,30,100 גרם,false,0,4.90,16.33,true,1,7290110560300
7290110560317,false,"הפריכיות הטעימות חומוס, עדשים שחורות, קינואה ומלח ים",אנרג'י Energy - שטראוס,,"הפריכיות הטעימות חומוס, עדשים שחורות, קינואה ומלח ים",גרמים,30,100 גרם,false,0,4.90,16.33,true,1,7290110560317
7290110560324,false,"הפריכיות הטעימות תפו""א, אורז, אפונה ומלח ים",אנרג'י Energy - שטראוס,,"הפריכיות הטעימות תפו""א, אורז, אפונה ומלח ים",גרמים,30,100 גרם,false,0,4.90,16.33,true,1,7290110560324
7290110561352,false,יוגורט פרוביוטי דל לקטוז,דנונה - שטראוס,,יוגורט פרוביוטי דל לקטוז,גרמים,200,100 גרם,false,0,3.30,1.65,true,1,7290110561352
7290110561604,false,מארז 8 יחידות מעדן גמדים בטעם תות בננה,שטראוס,,מארז 8 יחידות מעדן גמדים בטעם תות בננה,גרמים,800,100 גרם,false,8,17.90,2.24,true,1,7290110561604
7290110563431,false,אייס קפה קלאסי 1.6% בכוס,יטבתה,,אייס קפה קלאסי 1.6% בכוס,מליליטרים,230,"100 מ""ל",false,0,7.90,3.43,true,1,7290110563431
7290110563448,false,אייס קפה בסגנון מעודן 1.6% בכוס,יטבתה,,אייס קפה בסגנון מעודן 1.6% בכוס,מליליטרים,230,"100 מ""ל",false,0,7.90,3.43,true,1,7290110563448
7290110563462,false,חלב מועשר נטול לקטוז 2%,יטבתה,,חלב מועשר נטול לקטוז 2%,ליטרים,1,ליטר,false,0,7.90,7.90,true,1,7290110563462
7290110564339,false,חומוס עשיר ב 30% טחינה גולמית,אחלה - שטראוס,,חומוס עשיר ב 30% טחינה גולמית,גרמים,400,100 גרם,false,0,11.90,2.98,true,1,7290110564339
7290110564360,false,חומוס עשיר ב 40% טחינה גולמית,אחלה - שטראוס,,חומוס עשיר ב 40% טחינה גולמית,גרמים,400,100 גרם,false,0,11.90,2.98,true,1,7290110564360
7290110564414,false,חומוס עשיר ב 30% טחינה גולמית,אחלה - שטראוס,,חומוס עשיר ב 30% טחינה גולמית,גרמים,600,100 גרם,false,0,14.90,2.48,true,1,7290110564414
7290110564742,false,אייס קפה בסגנון חזק 1.2% בכוס,יטבתה,,אייס קפה בסגנון חזק 1.2% בכוס,מליליטרים,230,"100 מ""ל",false,0,7.90,3.43,true,1,7290110564742
7290110565435,false,ג'לי בטעם פטל לימבו - חלבי,שטראוס,,ג'לי בטעם פטל לימבו - חלבי,גרמים,125,100 גרם,false,0,2.00,1.60,true,1,7290110565435
7290110565527,false,יוגורט PRO פרו 1.5% 20 גרם חלבון בגביע,דנונה - שטראוס,,יוגורט PRO פרו 1.5% 20 גרם חלבון בגביע,גרמים,200,100 גרם,false,0,5.90,2.95,true,1,7290110565527
7290110565572,false,מנות אישיות קפה טורקי לדרך עם הל,עלית,,מנות אישיות קפה טורקי לדרך עם הל,גרמים,168,100 גרם,false,24,17.90,10.65,true,1,7290110565572
7290110566043,false,יוגורט בכד 4% שומן,שטראוס,,יוגורט בכד 4% שומן,ליטרים,3,ליטר,false,0,24.90,8.30,true,1,7290110566043
7290110566623,false,קפסולות קפה 100% קולומביה,עלית,,קפסולות קפה 100% קולומביה,גרמים,50,100 גרם,false,0,16.50,33.00,true,1,7290110566623
7290110566975,false,יוגורט PRO בטעם תות 0% 20 גרם חלבון בגביע,דנונה - שטראוס,,יוגורט PRO בטעם תות 0% 20 גרם חלבון בגביע,גרמים,200,100 גרם,false,0,5.90,2.95,true,1,7290110566975
7290110568238,false,קצפת צמחית במתיקות מעודנת 21%,יטבתה,,קצפת צמחית במתיקות מעודנת 21%,מליליטרים,250,"100 מ""ל",false,0,7.90,3.16,true,1,7290110568238
7290110568276,false,משקה וניל פרו Pro מועשר בחלבון 1.5%,יטבתה,,משקה וניל פרו Pro מועשר בחלבון 1.5%,מליליטרים,350,"100 מ""ל",false,0,5.90,1.69,true,1,7290110568276
7290110568511,false,קונפיטורת פירות יער במתיקות מעודנת,יד מרדכי,,קונפיטורת פירות יער במתיקות מעודנת,גרמים,265,100 גרם,false,0,12.90,4.87,true,1,7290110568511
7290110571375,false,"אנרג'י מיקס תערובת צימוקים, תמרים, טופי ושברי פקאן",אנרג'י Energy - שטראוס,,"אנרג'י מיקס תערובת צימוקים, תמרים, טופי ושברי פקאן",גרמים,100,100 גרם,false,4,15.90,15.90,true,1,7290110571375
7290110571382,false,מעדן חלב PRO בטעם וניל 11 גרם חלבון בגביע,שטראוס,,מעדן חלב PRO בטעם וניל 11 גרם חלבון בגביע,גרמים,150,100 גרם,false,0,4.90,3.27,true,1,7290110571382
7290110576356,false,"שוקולד ספלנדיד מריר 64% - חלבי , מפולי קקאו מפרו",עלית,,"שוקולד ספלנדיד מריר 64% - חלבי , מפולי קקאו מפרו",גרמים,100,100 גרם,false,0,8.90,8.90,true,1,7290110576356
7290110576363,false,"שוקולד ספלנדיד מריר 80% חלבי ,פולי קקאו מאוגנדה",עלית,,"שוקולד ספלנדיד מריר 80% חלבי ,פולי קקאו מאוגנדה",גרמים,100,100 גרם,false,0,8.90,8.90,true,1,7290110576363
7290110576370,false,מארז שלישייה שוקולד מריר חלבי עם אגוזי לוז,עלית,,מארז שלישייה שוקולד מריר חלבי עם אגוזי לוז,גרמים,300,100 גרם,false,3,22.90,7.63,true,1,7290110576370
7290110576387,false,מארז שלישייה שוקולד חלב עם אגוזי לוז,עלית,,מארז שלישייה שוקולד חלב עם אגוזי לוז,גרמים,300,100 גרם,false,3,22.90,7.63,true,1,7290110576387
7290110730109,false,נוטרילון קומפורט תרכובת מזון מגיל לידה,נוטרילון Nutrilon,,נוטרילון קומפורט תרכובת מזון מגיל לידה,גרמים,900,100 גרם,false,0,99.90,11.10,true,1,7290110730109
7290110922696,false,שמפו שיאה - ללא מלחים,אורכידאה,,שמפו שיאה - ללא מלחים,ליטרים,1,ליטר,false,0,69.90,69.90,true,1,7290110922696
7290111090097,false,קרם לילה אנטי אייג'ינג SUPREME OR +55,"ד""ר עור DOCTOR OR",,קרם לילה אנטי אייג'ינג SUPREME OR +55,מליליטרים,50,"100 מ""ל",false,0,169.90,339.80,true,1,7290111090097
7290111090387,false,סרום אנטי אייג'ינג SUPREME OR +55,"ד""ר עור DOCTOR OR",,סרום אנטי אייג'ינג SUPREME OR +55,מליליטרים,30,"100 מ""ל",false,0,179.90,599.67,true,1,7290111090387
7290111090677,false,קרם עיניים אנטי אייג'ינג SUPREME OR +55,"ד""ר עור DOCTOR OR",,קרם עיניים אנטי אייג'ינג SUPREME OR +55,מליליטרים,30,"100 מ""ל",false,0,179.90,599.67,true,1,7290111090677
7290111090967,false,אמפולות הזנה אנטי אייג'ינג לעור בוגר +55,"ד""ר עור DOCTOR OR",,אמפולות הזנה אנטי אייג'ינג לעור בוגר +55,יחידות,30,יחידה,false,0,199.00,6.63,true,1,7290111090967
7290111091513,false,מטליות לחות XL לניקוי אמבט ושירותים לבנדר,קוויק,,מטליות לחות XL לניקוי אמבט ושירותים לבנדר,יחידות,40,יחידה,false,0,6.90,0.17,true,1,7290111091513
7290111091520,false,תחליב רחצה בניחוח חלב קוקוס,"ד""ר עור DOCTOR OR",,תחליב רחצה בניחוח חלב קוקוס,מליליטרים,700,"100 מ""ל",false,0,19.90,2.84,true,1,7290111091520
7290111092022,false,ACU-OR קרם לחות טיפולי לעור יבש הנוטה לפגמים,"ד""ר עור DOCTOR OR",,ACU-OR קרם לחות טיפולי לעור יבש הנוטה לפגמים,מליליטרים,50,"100 מ""ל",false,0,69.90,139.80,true,1,7290111092022
7290111092299,false,"ד""ר עור- קרם לחות לעור שמן נוטה לפצעונים","ד""ר עור DOCTOR OR",,"ד""ר עור- קרם לחות לעור שמן נוטה לפצעונים",מליליטרים,50,"100 מ""ל",false,0,74.90,149.80,true,1,7290111092299
7290111093579,false,בוסטר ללחות אינטנסיבית לעור יבש,"ד""ר עור DOCTOR OR",,בוסטר ללחות אינטנסיבית לעור יבש,מליליטרים,30,"100 מ""ל",false,0,180.00,600.00,true,1,7290111093579
7290111093869,false,בוסטר להפחתת פגמי עור (פצעונים) לעור מעורב - שמן,"ד""ר עור DOCTOR OR",,בוסטר להפחתת פגמי עור (פצעונים) לעור מעורב - שמן,מליליטרים,30,"100 מ""ל",false,0,180.00,600.00,true,1,7290111093869
7290111094132,false,YOUNG טיפול לילה נקודתי,"ד""ר עור DOCTOR OR",,YOUNG טיפול לילה נקודתי,מליליטרים,20,"100 מ""ל",false,0,39.90,199.50,true,1,7290111094132
7290111094279,false,בוסטר להפחתת כתמי פיגמנטציה לכל סוגי העור,"ד""ר עור DOCTOR OR",,בוסטר להפחתת כתמי פיגמנטציה לכל סוגי העור,מליליטרים,30,"100 מ""ל",false,0,180.00,600.00,true,1,7290111094279
7290111094422,false,YOUNG קצף לניקוי הפנים לעור מעורב עד שמן,"ד""ר עור DOCTOR OR",,YOUNG קצף לניקוי הפנים לעור מעורב עד שמן,מליליטרים,150,"100 מ""ל",false,0,45.90,30.60,true,1,7290111094422
7290111094538,false,סרום חומצה היאלורונית FILLER OR,"ד""ר עור DOCTOR OR",,סרום חומצה היאלורונית FILLER OR,מליליטרים,30,"100 מ""ל",false,0,139.90,466.33,true,1,7290111094538
7290111094712,false,YOUNG מסיכת חימר מנקה וסופחת שומנים לעור מעורב עד שמן,"ד""ר עור DOCTOR OR",,YOUNG מסיכת חימר מנקה וסופחת שומנים לעור מעורב עד שמן,מליליטרים,75,"100 מ""ל",false,0,59.90,79.87,true,1,7290111094712
7290111094811,false,מים מיסלריים ניקוי והסרת איפור Young,"ד""ר עור DOCTOR OR",,מים מיסלריים ניקוי והסרת איפור Young,מליליטרים,200,"100 מ""ל",false,0,40.00,20.00,true,1,7290111094811
7290111094828,false,קרם חומצה היאלורונית FILLER OR,"ד""ר עור DOCTOR OR",,קרם חומצה היאלורונית FILLER OR,מליליטרים,40,"100 מ""ל",false,0,129.90,324.75,true,1,7290111094828
7290111094859,false,בוסטר לחידוש העור ומראה זוהר לכל סוגי העור,"ד""ר עור DOCTOR OR",,בוסטר לחידוש העור ומראה זוהר לכל סוגי העור,מליליטרים,30,"100 מ""ל",false,0,180.00,600.00,true,1,7290111094859
7290111095122,false,YOUNG טיפול יום נקודתי ג'ל בגוון שקוף,"ד""ר עור DOCTOR OR",,YOUNG טיפול יום נקודתי ג'ל בגוון שקוף,מליליטרים,20,"100 מ""ל",false,0,34.90,174.50,true,1,7290111095122
7290111095412,false,YOUNG סבון פחם פילינג לניקוי פנים לעור מעורב עד שמן,"ד""ר עור DOCTOR OR",,YOUNG סבון פחם פילינג לניקוי פנים לעור מעורב עד שמן,מליליטרים,150,"100 מ""ל",false,0,44.90,29.93,true,1,7290111095412
7290111095450,false,ליפ באלם YOUNG,"ד""ר עור DOCTOR OR",,ליפ באלם YOUNG,מליליטרים,7,"100 מ""ל",false,0,40.00,571.43,true,1,7290111095450
7290111096112,false,YOUNG קרם לחות מאזן לעור מעורב עד שמן,"ד""ר עור DOCTOR OR",,YOUNG קרם לחות מאזן לעור מעורב עד שמן,מליליטרים,50,"100 מ""ל",false,0,54.90,109.80,true,1,7290111096112
7290111096402,false,Classic OR מים מיסלריים לניקוי והסרת איפור,"ד""ר עור DOCTOR OR",,Classic OR מים מיסלריים לניקוי והסרת איפור,מליליטרים,250,"100 מ""ל",false,0,59.90,23.96,true,1,7290111096402
7290111098208,false,קרם יום אנטי אייג'ינג SUPREME OR +55,"ד""ר עור DOCTOR OR",,קרם יום אנטי אייג'ינג SUPREME OR +55,מליליטרים,50,"100 מ""ל",false,0,179.90,359.80,true,1,7290111098208
7290111350092,false,לואקר מארז חטיפים המיטב,לואקר Loacker,,לואקר מארז חטיפים המיטב,גרמים,200,100 גרם,false,0,19.90,9.95,true,1,7290111350092
7290111350665,false,דבש טהור מפרחי בר,קליית גת,,דבש טהור מפרחי בר,גרמים,350,100 גרם,false,0,19.90,5.69,true,1,7290111350665
7290111350672,false,דבש טהור מפרחי בר,קליית גת,,דבש טהור מפרחי בר,גרמים,700,100 גרם,false,0,29.90,4.27,true,1,7290111350672
7290111350726,false,נאצ'וס בסגנון מקסיקני,הוט פופ Hot pop,,נאצ'וס בסגנון מקסיקני,גרמים,322,100 גרם,false,0,14.90,4.63,true,1,7290111350726
7290111352430,false,ממרח תמרים טבעי,קליית גת,,ממרח תמרים טבעי,גרמים,440,100 גרם,false,0,9.90,2.25,true,1,7290111352430
7290111352935,false,יוגטה סוכריות טופי ממולא,יוגטה yogueta,,יוגטה סוכריות טופי ממולא,גרמים,600,100 גרם,false,0,24.90,4.15,true,1,7290111352935
7290111352942,false,יוגטה סוכריות טופי בטעמי פירות,יוגטה yogueta,,יוגטה סוכריות טופי בטעמי פירות,גרמים,850,100 גרם,false,0,24.90,2.93,true,1,7290111352942
7290111352959,false,מקלות חמוצים ממולאות בטעם פירות,יוגטה yogueta,,מקלות חמוצים ממולאות בטעם פירות,גרמים,100,100 גרם,false,0,5.90,5.90,true,1,7290111352959
7290111352973,false,יוגוטה קוביות חמוצות ממולאות בטעם פירות,יוגטה yogueta,,יוגוטה קוביות חמוצות ממולאות בטעם פירות,גרמים,250,100 גרם,false,0,9.90,3.96,true,1,7290111352973
7290111353055,false,סוכריות גומי בטעמי פירות בצורת דובי,יוגטה yogueta,,סוכריות גומי בטעמי פירות בצורת דובי,גרמים,200,100 גרם,false,0,7.90,3.95,true,1,7290111353055
7290111353123,false,סוכריות גומי מסוכרות בטעמי פירות בצורת נחש,יוגטה yogueta,,סוכריות גומי מסוכרות בטעמי פירות בצורת נחש,גרמים,200,100 גרם,false,0,7.90,3.95,true,1,7290111353123
7290111353239,false,סוכריות גומי מסוכרות בטעמי פירות,יוגטה yogueta,,סוכריות גומי מסוכרות בטעמי פירות,גרמים,200,100 גרם,false,0,7.90,3.95,true,1,7290111353239
7290111430084,false,בובת תליה מיני מאוס,,,בובת תליה מיני מאוס,,0,,false,0,59.90,0.00,true,1,7290111430084
7290111430091,false,בובת תליה מיקי מאוס,,,בובת תליה מיקי מאוס,,0,,false,0,59.90,0.00,true,1,7290111430091
7290111430114,false,בובת תליה לולי,,,בובת תליה לולי,,0,,false,0,59.90,0.00,true,1,7290111430114
7290111430121,false,בובת תליה לולית,,,בובת תליה לולית,,0,,false,0,59.90,0.00,true,1,7290111430121
7290111430190,false,רעשן מפל כדורים מיקי מאוס,,,רעשן מפל כדורים מיקי מאוס,,0,,false,0,39.90,0.00,true,1,7290111430190
7290111563492,false,סלט מטבוחה חריפה,צבר,,סלט מטבוחה חריפה,גרמים,400,100 גרם,false,0,10.90,2.73,true,1,7290111563492
7290111564277,false,פריכיות דקות ונימוחות 3 דגנים פיטנס Fitness,נסטלה Nestle,,פריכיות דקות ונימוחות 3 דגנים פיטנס Fitness,גרמים,120,100 גרם,false,0,9.90,8.25,true,1,7290111564277
7290111564291,false,פריכיות דקות ונימוחות 3 דגנים וקינואה פיטנס Fitness,נסטלה Nestle,,פריכיות דקות ונימוחות 3 דגנים וקינואה פיטנס Fitness,גרמים,120,100 גרם,false,0,9.90,8.25,true,1,7290111564291
7290111564666,false,כדורי בשר צמחוניים עם המון חלבון,טבעול,,כדורי בשר צמחוניים עם המון חלבון,גרמים,500,100 גרם,false,0,29.90,5.98,true,1,7290111564666
7290111566103,false,פלאפל,טבעול,,פלאפל,גרמים,590,100 גרם,false,0,29.90,5.07,true,1,7290111566103
7290111566226,false,שניצל ברוקולי,טבעול,,שניצל ברוקולי,גרמים,667,100 גרם,false,0,29.90,4.48,true,1,7290111566226
7290111566240,false,שניצל דק צמחוני בטעם צ'ילי,טבעול,,שניצל דק צמחוני בטעם צ'ילי,גרמים,564,100 גרם,false,0,29.90,5.30,true,1,7290111566240
7290111566271,false,חטיפי תירס,טבעול,,חטיפי תירס,גרמים,657,100 גרם,false,0,29.90,4.55,true,1,7290111566271
7290111566318,false,שניצל דק צמחוני בטעם ביתי,טבעול,,שניצל דק צמחוני בטעם ביתי,גרמים,564,100 גרם,false,0,29.90,5.30,true,1,7290111566318
7290111566332,false,נקניקיות וינר צמחוניות,טבעול,,נקניקיות וינר צמחוניות,גרמים,680,100 גרם,false,0,29.90,4.40,true,1,7290111566332
7290111566417,false,טחון צמחוני עם המון חלבון,טבעול,,טחון צמחוני עם המון חלבון,גרמים,500,100 גרם,false,0,29.90,5.98,true,1,7290111566417
7290111566547,false,חזה בגריל צמחוני 99 קלוריות במנה,טבעול,,חזה בגריל צמחוני 99 קלוריות במנה,גרמים,560,100 גרם,false,0,29.90,5.34,true,1,7290111566547
7290111566561,false,שניצל ברוקולי 99 קלוריות,טבעול,,שניצל ברוקולי 99 קלוריות,גרמים,560,100 גרם,false,0,29.90,5.34,true,1,7290111566561
7290111566585,false,שניצל צמחוני 99 קלוריות במנה,טבעול,,שניצל צמחוני 99 קלוריות במנה,גרמים,650,100 גרם,false,0,29.90,4.60,true,1,7290111566585
7290111566660,false,קציצות עדשים כתומות,טבעול,,קציצות עדשים כתומות,גרמים,530,100 גרם,false,0,29.00,5.47,true,1,7290111566660
7290111566714,false,בורגר צמחוני 99 קלוריות במנה,טבעול,,בורגר צמחוני 99 קלוריות במנה,גרמים,600,100 גרם,false,0,29.90,4.98,true,1,7290111566714
7290111566752,false,שניצל תירס 99 קלוריות,טבעול,,שניצל תירס 99 קלוריות,גרמים,693,100 גרם,false,0,29.90,4.31,true,1,7290111566752
7290111566776,false,נקניקיות קוקטייל צמחוניות,טבעול,,נקניקיות קוקטייל צמחוניות,גרמים,680,100 גרם,false,0,29.90,4.40,true,1,7290111566776
7290111568251,false,נודלס אטריות להקפצה הסדרה האסייתית,אסם,,נודלס אטריות להקפצה הסדרה האסייתית,גרמים,350,100 גרם,false,0,9.90,2.83,true,1,7290111568251
7290111568275,false,נודלס אטריות אורז רחבות הסדרה האסייתית,אסם,,נודלס אטריות אורז רחבות הסדרה האסייתית,גרמים,300,100 גרם,false,0,9.90,3.30,true,1,7290111568275
7290111568299,false,נודלס אטריות עם תרד הסדרה האסייתית,אסם,,נודלס אטריות עם תרד הסדרה האסייתית,גרמים,300,100 גרם,false,0,9.90,3.30,true,1,7290111568299
7290111568466,false,רוטב אסייתי למוקפץ הסדרה האסייתית,אסם,,רוטב אסייתי למוקפץ הסדרה האסייתית,מליליטרים,290,"100 מ""ל",false,0,12.90,4.45,true,1,7290111568466
7290111568961,false,טבעות בייגלה עם מלח,אסם,,טבעות בייגלה עם מלח,גרמים,400,100 גרם,false,0,9.90,2.48,true,1,7290111568961
7290111930799,false,חטיף חיטה בטעם בצל,קראנצ'וס,,חטיף חיטה בטעם בצל,גרמים,55,100 גרם,false,0,3.90,7.09,true,1,7290111930799
7290111930805,false,חטיף חיטה בטעם ברביקיו,קראנצ'וס,,חטיף חיטה בטעם ברביקיו,גרמים,55,100 גרם,false,0,3.90,7.09,true,1,7290111930805
7290111930850,false,חטיף חיטה בטעם פיצה,קראנצ'וס,,חטיף חיטה בטעם פיצה,גרמים,55,100 גרם,false,0,3.90,7.09,true,1,7290111930850
7290111930898,false,חטיף פוף כוכבי גריל אמריקאי,פוף POOF,,חטיף פוף כוכבי גריל אמריקאי,גרמים,40,100 גרם,false,0,3.90,9.75,true,1,7290111930898
7290111930904,false,חטיף פוף כוכבי בצל,פוף POOF,,חטיף פוף כוכבי בצל,גרמים,40,100 גרם,false,0,3.90,9.75,true,1,7290111930904
7290111930911,false,חטיף פוף לבבות קלאסי,פוף POOF,,חטיף פוף לבבות קלאסי,גרמים,40,100 גרם,false,0,3.90,9.75,true,1,7290111930911
7290111930928,false,חטיף פוף לבבות גריל,פוף POOF,,חטיף פוף לבבות גריל,גרמים,40,100 גרם,false,0,3.90,9.75,true,1,7290111930928
7290111930935,false,חטיף פוף טבעות קלאסי,פוף POOF,,חטיף פוף טבעות קלאסי,גרמים,40,100 גרם,false,0,3.90,9.75,true,1,7290111930935
7290111931321,false,משחת שיניים לילדים בטעם מנטה עדין לגיל +6,קולגייט Colgate,,משחת שיניים לילדים בטעם מנטה עדין לגיל +6,מליליטרים,50,"100 מ""ל",false,0,12.90,25.80,true,1,7290111931321
7290111931338,false,סבון רחצה פלמוליב לומינוס מועשר בשמנים טבעיים,פלמוליב Palmolive,,סבון רחצה פלמוליב לומינוס מועשר בשמנים טבעיים,מליליטרים,500,"100 מ""ל",false,0,15.90,3.18,true,1,7290111931338
7290111932502,false,משחת שיניים אופטיק ווייט אקספרט,קולגייט Colgate,,משחת שיניים אופטיק ווייט אקספרט,מליליטרים,75,"100 מ""ל",false,0,29.90,39.87,true,1,7290111932502
7290111932601,false,שטיפת פה קולגייט פלאקס אדום,קולגייט Colgate,,שטיפת פה קולגייט פלאקס אדום,מליליטרים,500,"100 מ""ל",false,0,24.90,5.98,true,1,7290111932601
7290111933462,false,רוטב צ'ילי מתוק,מאסטר שף,,רוטב צ'ילי מתוק,מליליטרים,300,"100 מ""ל",false,0,9.90,3.30,true,1,7290111933462
7290111933554,false,עגבניות איטלקיות קוביות - מארז שלישיה,מאסטר שף,,עגבניות איטלקיות קוביות - מארז שלישיה,גרמים,1200,100 גרם,false,3,15.90,1.33,true,1,7290111933554
7290111933561,false,תערובת ציפוי נאגטס,מאסטר שף,,תערובת ציפוי נאגטס,גרמים,250,100 גרם,false,0,9.90,3.96,true,1,7290111933561
7290111933998,false,תבניות אינגליש פלוס נייר אפיה 31/10,קוקי,,תבניות אינגליש פלוס נייר אפיה 31/10,יחידות,4,יחידה,false,0,12.90,3.23,true,1,7290111933998
7290111934827,false,סבון ידיים היגייני,פלמוליב Palmolive,,סבון ידיים היגייני,מליליטרים,300,"100 מ""ל",false,0,10.90,3.63,true,1,7290111934827
7290111935800,false,דאודורנט סטיק דרמה מכיל ויטמין E,ליידי ספיד סטיק Lady Speed Stick,,דאודורנט סטיק דרמה מכיל ויטמין E,גרמים,45,100 גרם,false,0,19.90,55.33,true,1,7290111935800
7290111936203,false,דאודורנט סטיק דרמה מכיל ויטמין E,ליידי ספיד סטיק Lady Speed Stick,,דאודורנט סטיק דרמה מכיל ויטמין E,מליליטרים,150,"100 מ""ל",false,0,24.90,16.60,true,1,7290111936203
7290111936210,false,דאודורנט ספריי דרמה מכיל תמצית אם הפנינה,ליידי ספיד סטיק Lady Speed Stick,,דאודורנט ספריי דרמה מכיל תמצית אם הפנינה,מליליטרים,150,"100 מ""ל",false,0,24.90,16.60,true,1,7290111936210
7290111936296,false,סבון נוזלי מסאז ארומתי,פלמוליב Palmolive,,סבון נוזלי מסאז ארומתי,מליליטרים,750,"100 מ""ל",false,0,17.90,2.65,true,1,7290111936296
7290111936784,false,חטיף תמרים ואגוזי לוז,פרי Free,,חטיף תמרים ואגוזי לוז,גרמים,125,100 גרם,false,0,15.90,12.72,true,1,7290111936784
7290111937088,false,דאודורנט רול און אומגה 3,ליידי ספיד סטיק Lady Speed Stick,,דאודורנט רול און אומגה 3,מליליטרים,50,"100 מ""ל",false,0,19.90,39.80,true,1,7290111937088
7290111937095,false,דאודורנט רול און אלוורה,ליידי ספיד סטיק Lady Speed Stick,,דאודורנט רול און אלוורה,מליליטרים,50,"100 מ""ל",false,0,19.90,39.80,true,1,7290111937095
7290111937231,false,חטיף תמרים וקוקוס,פרי Free,,חטיף תמרים וקוקוס,גרמים,125,100 גרם,false,0,15.90,12.72,true,1,7290111937231
7290111937248,false,"חטיף תמרים, קשיו ונגיעת לוז",פרי Free,,"חטיף תמרים, קשיו ונגיעת לוז",גרמים,125,100 גרם,false,0,15.90,12.72,true,1,7290111937248
7290111937255,false,"חטיף תמרים, בוטנים ואגוזי לוז",פרי Free,,"חטיף תמרים, בוטנים ואגוזי לוז",גרמים,125,100 גרם,false,0,15.90,12.72,true,1,7290111937255
7290111937262,false,"חטיף תמרים, אגוזים ושברי קקאו",פרי Free,,"חטיף תמרים, אגוזים ושברי קקאו",גרמים,125,100 גרם,false,0,15.90,12.72,true,1,7290111937262
7290111937644,false,פצצת אמבט קוקוס לכל סוגי העור,בלונס Balloons,,פצצת אמבט קוקוס לכל סוגי העור,יחידות,1,יחידה,false,0,9.90,9.90,true,1,7290111937644
7290111937651,false,פצצת אמבט מנגו לכל סוגי העור,בלונס Balloons,,פצצת אמבט מנגו לכל סוגי העור,יחידות,1,יחידה,false,0,9.90,9.90,true,1,7290111937651
7290111937668,false,פצצת אמבט תפוח לכל סוגי העור,בלונס Balloons,,פצצת אמבט תפוח לכל סוגי העור,יחידות,1,יחידה,false,0,9.90,9.90,true,1,7290111937668
7290111937712,false,רדיד אלומיניום עטוף בנייר אפיה,קוקי,,רדיד אלומיניום עטוף בנייר אפיה,,8,מטר,false,0,12.90,1.72,true,1,7290111937712
7290111938481,false,רוטב סויה בהירה,מאסטר שף,,רוטב סויה בהירה,מליליטרים,300,"100 מ""ל",false,0,9.90,3.30,true,1,7290111938481
7290111939174,false,כיסוי ניילון עם גומי L,קוקי,,כיסוי ניילון עם גומי L,יחידות,18,יחידה,false,0,9.90,0.55,true,1,7290111939174
7290111939181,false,כיסוי ניילון עם גומי במגוון גדלים,קוקי,,כיסוי ניילון עם גומי במגוון גדלים,יחידות,20,יחידה,false,0,9.90,0.50,true,1,7290111939181
7290112000002,false,דורקס קונדומים INTENSE STIMULASION FOR HER,דורקס Durex,,דורקס קונדומים INTENSE STIMULASION FOR HER,יחידות,12,יחידה,false,0,74.90,6.24,true,1,7290112000002
7290112000057,false,ג'ל כביסה בתוספת קראטין,ווליט Woolite,,ג'ל כביסה בתוספת קראטין,ליטרים,3,ליטר,false,0,29.90,9.97,true,1,7290112000057
7290112000132,false,מפזר אדים אוטומטי + מילוי בניחוח לבנדר ופריחת השקד,איירוויק Air Wick,,מפזר אדים אוטומטי + מילוי בניחוח לבנדר ופריחת השקד,מליליטרים,20,"100 מ""ל",false,0,49.90,249.50,true,1,7290112000132
7290112000156,false,מילוי למפזר אדים בניחוח לבנדר ופריחת השקד,איירוויק Air Wick,,מילוי למפזר אדים בניחוח לבנדר ופריחת השקד,מליליטרים,20,"100 מ""ל",false,0,19.90,99.50,true,1,7290112000156
7290112000163,false,מילוי למפזר אדים בניחוח יסמין ואדמונית,איירוויק Air Wick,,מילוי למפזר אדים בניחוח יסמין ואדמונית,מליליטרים,20,"100 מ""ל",false,0,19.90,99.50,true,1,7290112000163
7290112000170,false,מילוי למפזר אדים בניחוח בריזת ים,איירוויק Air Wick,,מילוי למפזר אדים בניחוח בריזת ים,מליליטרים,20,"100 מ""ל",false,0,19.90,99.50,true,1,7290112000170
7290112000286,false,ג'ל ניקוי לשירותים בניחוח לימון,סיליט באנג Cillit Bang,,ג'ל ניקוי לשירותים בניחוח לימון,מליליטרים,750,"100 מ""ל",false,0,9.90,1.32,true,1,7290112000286
7290112000293,false,ג'ל לניקוי אסלות פרש,סיליט באנג Cillit Bang,,ג'ל לניקוי אסלות פרש,מליליטרים,750,"100 מ""ל",false,0,9.90,1.32,true,1,7290112000293
7290112000385,false,מנקה ומחטא עוצמתי למטבח ללא אקונומיקה,דטול Dettol,,מנקה ומחטא עוצמתי למטבח ללא אקונומיקה,מליליטרים,750,"100 מ""ל",false,0,14.90,1.99,true,1,7290112000385
7290112000392,false,מנקה ומחטא עוצמתי לחדר האמבטיה ללא אקונומיקה,דטול Dettol,,מנקה ומחטא עוצמתי לחדר האמבטיה ללא אקונומיקה,מליליטרים,750,"100 מ""ל",false,0,14.90,1.99,true,1,7290112000392
7290112000408,false,מנקה ומחטא עוצמתי לניקוי כללי בניחוח לימון,דטול Dettol,,מנקה ומחטא עוצמתי לניקוי כללי בניחוח לימון,מליליטרים,750,"100 מ""ל",false,0,14.90,1.99,true,1,7290112000408
7290112000712,false,קרם להסרת שיער לגבר לשימוש במקלחת,ויט Veet,,קרם להסרת שיער לגבר לשימוש במקלחת,מליליטרים,150,"100 מ""ל",false,0,39.90,26.60,true,1,7290112000712
7290112000729,false,קרם להסרת שיער לגבר,ויט Veet,,קרם להסרת שיער לגבר,מליליטרים,200,"100 מ""ל",false,0,49.90,24.95,true,1,7290112000729
7290112000736,false,טבליות למדיח All In One Max,פיניש Finish,,טבליות למדיח All In One Max,יחידות,80,יחידה,false,0,54.90,0.69,true,1,7290112000736
7290112000798,false,מחטא משטחים בניחוח ליים ונענע,דטול Dettol,,מחטא משטחים בניחוח ליים ונענע,מליליטרים,750,"100 מ""ל",false,0,14.90,1.99,true,1,7290112000798
7290112000828,false,מחטא משטחים מטליות לחות בניחוח ליים ונענע,דטול Dettol,,מחטא משטחים מטליות לחות בניחוח ליים ונענע,יחידות,60,יחידה,false,0,14.90,0.25,true,1,7290112000828
7290112000842,false,מטליות לחות לניקוי כללי מנקה ומחטא עוצמתי,דטול Dettol,,מטליות לחות לניקוי כללי מנקה ומחטא עוצמתי,יחידות,60,יחידה,false,0,14.90,0.25,true,1,7290112000842
7290112000873,false,מטליות לחות לחדר האמבטיה מנקה ומחטא עוצמתי,דטול Dettol,,מטליות לחות לחדר האמבטיה מנקה ומחטא עוצמתי,יחידות,60,יחידה,false,0,14.90,0.25,true,1,7290112000873
7290112000880,false,מטליות לחות למטבח מנקה ומחטא עוצמתי,דטול Dettol,,מטליות לחות למטבח מנקה ומחטא עוצמתי,יחידות,60,יחידה,false,0,14.90,0.25,true,1,7290112000880
7290112001023,false,מילוי למבשם אוטומטי Pure תענוגות האביב,איירוויק Air Wick,,מילוי למבשם אוטומטי Pure תענוגות האביב,מליליטרים,250,"100 מ""ל",false,0,19.90,7.96,true,1,7290112001023
7290112001030,false,מילוי למבשם אוטומטי Pure פריחת הדובדבן,איירוויק Air Wick,,מילוי למבשם אוטומטי Pure פריחת הדובדבן,מליליטרים,250,"100 מ""ל",false,0,19.90,7.96,true,1,7290112001030
7290112001221,false,מנקה מכונת כביסה בניחוח נקי ורענן,קולון Colon,,מנקה מכונת כביסה בניחוח נקי ורענן,מליליטרים,250,"100 מ""ל",false,0,19.90,7.96,true,1,7290112001221
7290112001238,false,מנקה מכונת כביסה בניחוח לימון,קולון Colon,,מנקה מכונת כביסה בניחוח לימון,מליליטרים,250,"100 מ""ל",false,0,19.90,7.96,true,1,7290112001238
7290112001900,false,ג'ל למדיח כלים אקולוגי פיניש,פיניש Finish,,ג'ל למדיח כלים אקולוגי פיניש,ליטרים,1,ליטר,false,0,42.90,42.90,true,1,7290112001900
7290112002099,false,ג'ל כביסה מרוכז קולון 101 קלאסי,קולון Colon,,ג'ל כביסה מרוכז קולון 101 קלאסי,ליטרים,3,ליטר,false,0,21.90,9.96,true,1,7290112002099
7290112002105,false,ג'ל כביסה מרוכז קולון 101 בניחוח לילך,קולון Colon,,ג'ל כביסה מרוכז קולון 101 בניחוח לילך,ליטרים,3,ליטר,false,0,21.90,9.96,true,1,7290112002105
7290112002112,false,ג'ל כביסה מרוכז קולון 101 בניחוח ורדים,קולון Colon,,ג'ל כביסה מרוכז קולון 101 בניחוח ורדים,ליטרים,3,ליטר,false,0,21.90,9.96,true,1,7290112002112
7290112002129,false,ג'ל כביסה מרוכז קולון 101 בניחוח פריחה מרענן,קולון Colon,,ג'ל כביסה מרוכז קולון 101 בניחוח פריחה מרענן,ליטרים,3,ליטר,false,0,21.90,9.96,true,1,7290112002129
7290112002136,false,ג'ל כביסה מרוכז קולון 101 קלאסי,קולון Colon,,ג'ל כביסה מרוכז קולון 101 קלאסי,ליטרים,4,ליטר,false,0,34.90,8.73,true,1,7290112002136
7290112002143,false,ג'ל כביסה מרוכז קולון 101 בניחוח לילך,קולון Colon,,ג'ל כביסה מרוכז קולון 101 בניחוח לילך,ליטרים,4,ליטר,false,0,34.90,8.73,true,1,7290112002143
7290112002150,false,ג'ל כביסה מרוכז קולון 101 בניחוח ורדים,קולון Colon,,ג'ל כביסה מרוכז קולון 101 בניחוח ורדים,ליטרים,4,ליטר,false,0,34.90,8.73,true,1,7290112002150
7290112002167,false,ג'ל כביסה מרוכז קולון 101 בניחוח פריחה מרענן,קולון Colon,,ג'ל כביסה מרוכז קולון 101 בניחוח פריחה מרענן,ליטרים,4,ליטר,false,0,34.90,8.73,true,1,7290112002167
7290112002433,false,ג'ל סיכוך ORIGINAL SILICONE,דורקס Durex,,ג'ל סיכוך ORIGINAL SILICONE,מליליטרים,250,"100 מ""ל",false,0,149.90,59.96,true,1,7290112002433
7290112002457,false,מטליות לחות לניקוי כללי מנקה ומחטא- מארז 3 יח',דטול Dettol,,מטליות לחות לניקוי כללי מנקה ומחטא- מארז 3 יח',יחידות,180,יחידה,false,3,21.90,0.14,true,1,7290112002457
7290112003256,false,אבקת כביסה קולון 101 בניחוח לבנדר,קולון Colon,,אבקת כביסה קולון 101 בניחוח לבנדר,קילוגרמים,1,"ק""ג",false,0,19.90,15.92,true,1,7290112003256
7290112003294,false,דורקס קונדומים ORIGINAL XL,דורקס Durex,,דורקס קונדומים ORIGINAL XL,יחידות,12,יחידה,false,0,74.90,6.24,true,1,7290112003294
7290112003737,false,ג'ל סיכוך FEEL,דורקס Durex,,ג'ל סיכוך FEEL,מליליטרים,250,"100 מ""ל",false,0,99.90,39.96,true,1,7290112003737
7290112004024,false,ג'ל מסיר כתמים לכביסה לבנה וניש אוקסי אקשן,קליה וניש Kalia Vanish,,ג'ל מסיר כתמים לכביסה לבנה וניש אוקסי אקשן,מליליטרים,940,"100 מ""ל",false,0,24.90,2.65,true,1,7290112004024
7290112004031,false,ג'ל מסיר כתמים לכביסה צבעונית וניש אוקסי אקשן,קליה וניש Kalia Vanish,,ג'ל מסיר כתמים לכביסה צבעונית וניש אוקסי אקשן,מליליטרים,940,"100 מ""ל",false,0,24.90,2.65,true,1,7290112004031
7290112004093,false,קונדומים דורקס NATURALS,דורקס Durex,,קונדומים דורקס NATURALS,יחידות,12,יחידה,false,0,74.90,6.24,true,1,7290112004093
7290112004109,false,מטליות לחות לניקוי כללי וחיטוי בריח ליים ונענע- מארז,דטול Dettol,,מטליות לחות לניקוי כללי וחיטוי בריח ליים ונענע- מארז,יחידות,180,יחידה,false,3,21.90,0.14,true,1,7290112004109
7290112005052,false,וניש תוסף כביסה רב תכליתי לבגדים לבנים,קליה וניש Kalia Vanish,,וניש תוסף כביסה רב תכליתי לבגדים לבנים,קילוגרמים,2,"ק""ג",false,0,39.90,26.60,true,1,7290112005052
7290112005083,false,וניש תוסף כביסה רב תכליתי לכביסה צבעונית,קליה וניש Kalia Vanish,,וניש תוסף כביסה רב תכליתי לכביסה צבעונית,קילוגרמים,2,"ק""ג",false,0,39.90,26.60,true,1,7290112005083
7290112192561,false,משחת שיניים whitening עם פלואוריד להגנה מלאה,פרודונטקס Parodontax,,משחת שיניים whitening עם פלואוריד להגנה מלאה,מליליטרים,75,"100 מ""ל",false,0,29.90,39.87,true,1,7290112192561
7290112192578,false,משחת שיניים פרודונטקס אקסטרה פרש הגנה מלאה,פרודונטקס Parodontax,,משחת שיניים פרודונטקס אקסטרה פרש הגנה מלאה,מליליטרים,75,"100 מ""ל",false,0,29.90,39.87,true,1,7290112192578
7290112192875,false,משחת שיניים עם פלואוריד רגישות וחניכיים,סנסודיין Sensodyne,,משחת שיניים עם פלואוריד רגישות וחניכיים,מליליטרים,75,"100 מ""ל",false,0,29.90,39.87,true,1,7290112192875
7290112192905,false,מברשת לשיניים רגישות ובעיות חניכיים סנסודיין,סנסודיין Sensodyne,,מברשת לשיניים רגישות ובעיות חניכיים סנסודיין,,0,,false,0,24.90,0.00,true,1,7290112192905
7290112192943,false,דוחה יתושים אלוורה,ספירה Spira,,דוחה יתושים אלוורה,מליליטרים,70,"100 מ""ל",false,0,11.90,17.00,true,1,7290112192943
7290112330352,false,"יוגורט PRO בטעם וניל 0% , 20 גרם חלבון בגביע",דנונה - שטראוס,,"יוגורט PRO בטעם וניל 0% , 20 גרם חלבון בגביע",גרמים,200,100 גרם,false,0,5.90,2.95,true,1,7290112330352
7290112330390,false,יוגורט PRO בטעם פירות יער 0% 20 גרם חלבון בגביע,דנונה - שטראוס,,יוגורט PRO בטעם פירות יער 0% 20 גרם חלבון בגביע,גרמים,200,100 גרם,false,0,5.90,2.95,true,1,7290112330390
7290112332585,false,"הפריכיות הטעימות תפו""א, אורז, סלק ומלח ים",אנרג'י Energy - שטראוס,,"הפריכיות הטעימות תפו""א, אורז, סלק ומלח ים",גרמים,30,100 גרם,false,0,4.90,16.33,true,1,7290112332585
7290112332691,false,פינוקיות פסק זמן,עלית,,פינוקיות פסק זמן,גרמים,200,100 גרם,false,0,9.90,4.95,true,1,7290112332691
7290112332899,false,מסטיק בזוקה פופים ללא סוכר,עלית,,מסטיק בזוקה פופים ללא סוכר,גרמים,58,100 גרם,false,0,8.90,15.34,true,1,7290112332899
7290112335050,false,מרשמלו בטעם וניל,עלית,,מרשמלו בטעם וניל,גרמים,150,100 גרם,false,0,5.90,3.93,true,1,7290112335050
7290112335111,false,מסטיק בזוקה קוביות ללא סוכר,עלית,,מסטיק בזוקה קוביות ללא סוכר,גרמים,86,100 גרם,false,0,12.90,15.00,true,1,7290112335111
7290112335487,false,הפריכיות הטעימות 3 דגנים וקצח,אנרג'י Energy - שטראוס,,הפריכיות הטעימות 3 דגנים וקצח,גרמים,135,100 גרם,false,0,11.90,8.81,true,1,7290112335487
7290112335494,false,הפריכיות הטעימות תפוחי אדמה בטעם פוטטוס,אנרג'י Energy - שטראוס,,הפריכיות הטעימות תפוחי אדמה בטעם פוטטוס,גרמים,135,100 גרם,false,0,11.90,8.81,true,1,7290112335494
7290112335500,false,"הפריכיות הטעימות חומוס, אורז, עדשים שחורות וקינואה",אנרג'י Energy - שטראוס,,"הפריכיות הטעימות חומוס, אורז, עדשים שחורות וקינואה",גרמים,135,100 גרם,false,0,11.90,8.81,true,1,7290112335500
7290112336613,false,עד חצות עוגיות סנדוויץ במילוי שוקולד חלב,עלית,,עד חצות עוגיות סנדוויץ במילוי שוקולד חלב,גרמים,135,100 גרם,false,0,9.90,7.33,true,1,7290112336613
7290112336637,false,סוכריות מאסט Must ללא סוכר יוגורט תות ואוכניות,עלית,,סוכריות מאסט Must ללא סוכר יוגורט תות ואוכניות,גרמים,80,100 גרם,false,0,7.90,9.88,true,1,7290112336637
7290112336644,false,סוכריות מאסט Must ללא סוכר בטעם לימון,עלית,,סוכריות מאסט Must ללא סוכר בטעם לימון,גרמים,80,100 גרם,false,0,7.90,9.88,true,1,7290112336644
7290112336651,false,סוכריות מאסט Must ללא סוכר בטעם ריבת חלב,עלית,,סוכריות מאסט Must ללא סוכר בטעם ריבת חלב,גרמים,80,100 גרם,false,0,7.90,9.88,true,1,7290112336651
7290112336712,false,יוגורט PRO לבן 0% 21 גרם חלבון בגביע,דנונה - שטראוס,,יוגורט PRO לבן 0% 21 גרם חלבון בגביע,גרמים,200,100 גרם,false,0,5.90,2.95,true,1,7290112336712
7290112337474,false,סוכריות מאסט Must ללא סוכר בטעם פטל לימון,עלית,,סוכריות מאסט Must ללא סוכר בטעם פטל לימון,גרמים,80,100 גרם,false,0,7.90,9.88,true,1,7290112337474
7290112337481,false,סוכריות מאסט Must ללא סוכר בטעם קפוצ'ינו,עלית,,סוכריות מאסט Must ללא סוכר בטעם קפוצ'ינו,גרמים,80,100 גרם,false,0,7.90,9.88,true,1,7290112337481
7290112339362,false,יוגורט בטעם קפוצ'ינו 0% לייט אנד פרי,דנונה - שטראוס,,יוגורט בטעם קפוצ'ינו 0% לייט אנד פרי,גרמים,150,100 גרם,false,0,4.50,3.00,true,1,7290112339362
7290112339867,false,גמדים לדרך גבינה לבנה עם מחית תות,שטראוס,,גמדים לדרך גבינה לבנה עם מחית תות,גרמים,100,100 גרם,false,0,5.50,5.50,true,1,7290112339867
7290112339874,false,גמדים לדרך גבינה לבנה עם מחיות תות ובננה,שטראוס,,גמדים לדרך גבינה לבנה עם מחיות תות ובננה,גרמים,100,100 גרם,false,0,5.50,5.50,true,1,7290112339874
7290112340122,false,הפריכיות הטעימות 3 דגנים,אנרג'י Energy - שטראוס,,הפריכיות הטעימות 3 דגנים,גרמים,135,100 גרם,false,0,11.90,8.81,true,1,7290112340122
7290112340245,false,מסטיק מאסט Must בטעם דובדבן ללא סוכר,עלית,,מסטיק מאסט Must בטעם דובדבן ללא סוכר,גרמים,66,100 גרם,false,0,8.90,13.48,true,1,7290112340245
7290112340252,false,מסטיק מאסט Must בטעם אבטיח מלון ללא סוכר,עלית,,מסטיק מאסט Must בטעם אבטיח מלון ללא סוכר,גרמים,66,100 גרם,false,0,8.90,13.48,true,1,7290112340252
7290112340276,false,פינוקיות קפה נמס,עלית,,פינוקיות קפה נמס,גרמים,200,100 גרם,false,0,9.90,4.95,true,1,7290112340276
7290112340900,false,קפה טורקי נטול קפאין,קפה האג,,קפה טורקי נטול קפאין,גרמים,200,100 גרם,false,0,25.90,12.95,true,1,7290112340900
7290112341556,false,יוגורט אקטיביה עם תות וצ'יה 3%,דנונה - שטראוס,,יוגורט אקטיביה עם תות וצ'יה 3%,גרמים,150,100 גרם,false,0,4.50,3.00,true,1,7290112341556
7290112341679,false,יוגורט אקטיביה 3%,דנונה - שטראוס,,יוגורט אקטיביה 3%,גרמים,200,100 גרם,false,0,3.90,1.95,true,1,7290112341679
7290112341686,false,מארז 8 יח' יוגורט אקטיביה 3%,דנונה - שטראוס,,מארז 8 יח' יוגורט אקטיביה 3%,גרמים,1200,100 גרם,false,8,18.90,1.58,true,1,7290112341686
7290112342102,false,סימפוניה גבינה במרקם שמנת בצל מקורמל 5%,שטראוס,,סימפוניה גבינה במרקם שמנת בצל מקורמל 5%,גרמים,200,100 גרם,false,0,10.90,5.45,true,1,7290112342102
7290112342270,false,קפה פלטינום אינטנס מחוזק ב- 10% אספרסו,עלית,,קפה פלטינום אינטנס מחוזק ב- 10% אספרסו,גרמים,125,100 גרם,false,0,19.90,15.92,true,1,7290112342270
7290112343260,false,רוטב שמנת קלאסי 9%,יטבתה,,רוטב שמנת קלאסי 9%,גרמים,260,100 גרם,false,0,9.90,3.81,true,1,7290112343260
7290112343420,false,משקה חלב PRO עם דגנים מלאים ובננה 1.7%,יטבתה,,משקה חלב PRO עם דגנים מלאים ובננה 1.7%,מליליטרים,350,"100 מ""ל",false,0,6.90,1.97,true,1,7290112343420
7290112343499,false,חטיף צ'יטוס פאפס אפוי בטעם גבינה,עלית,,חטיף צ'יטוס פאפס אפוי בטעם גבינה,גרמים,55,100 גרם,false,0,3.50,6.36,true,1,7290112343499
7290112344564,false,רביולי גבינה קלאסי,שטראוס,,רביולי גבינה קלאסי,גרמים,400,100 גרם,false,0,19.90,4.98,true,1,7290112344564
7290112344724,false,מעדן מילקי בטעם שוקולד בלונדי,שטראוס,,מעדן מילקי בטעם שוקולד בלונדי,גרמים,133,100 גרם,false,0,3.20,2.41,true,1,7290112344724
7290112344755,false,מעדן מילקי 26% פחות סוכר,שטראוס,,מעדן מילקי 26% פחות סוכר,גרמים,135,100 גרם,false,0,2.80,2.07,true,1,7290112344755
7290112344786,false,PLATINUM קפה נמס קלאסיק,עלית,,PLATINUM קפה נמס קלאסיק,גרמים,200,100 גרם,false,0,29.90,14.95,true,1,7290112344786
7290112344953,false,סימפוניה חציל קלוי גבינה במקרם שמנת 5%,שטראוס,,סימפוניה חציל קלוי גבינה במקרם שמנת 5%,גרמים,200,100 גרם,false,0,10.90,5.45,true,1,7290112344953
7290112345219,false,PLATINUM קפה ברזילאי 25 מנות אישיות,עלית,,PLATINUM קפה ברזילאי 25 מנות אישיות,גרמים,50,100 גרם,false,25,9.90,19.80,true,1,7290112345219
7290112346360,false,בפלות אחת אחת ופל בטעם שוקולד מצופה שוקולד,עלית,,בפלות אחת אחת ופל בטעם שוקולד מצופה שוקולד,גרמים,180,100 גרם,false,0,12.90,7.17,true,1,7290112346360
7290112346537,false,פינוקיות טורטית,עלית,,פינוקיות טורטית,גרמים,200,100 גרם,false,0,9.90,4.95,true,1,7290112346537
7290112346629,false,יוגורט עם קורנפלקס מצופה שוקולד חלב ולבן 4%,דנונה - שטראוס,,יוגורט עם קורנפלקס מצופה שוקולד חלב ולבן 4%,גרמים,172,100 גרם,false,0,4.50,2.62,true,1,7290112346629
7290112346773,false,יוגורט בטעם וניל 0% לייט אנד פרי 10 גרם חלבון בגביע,דנונה - שטראוס,,יוגורט בטעם וניל 0% לייט אנד פרי 10 גרם חלבון בגביע,גרמים,150,100 גרם,false,0,4.50,3.00,true,1,7290112346773
7290112346797,false,יוגורט אקטיביה עם שיבולת שועל ושזיף 2.5%,דנונה - שטראוס,,יוגורט אקטיביה עם שיבולת שועל ושזיף 2.5%,גרמים,150,100 גרם,false,0,4.50,3.00,true,1,7290112346797
7290112347008,false,גמדים לדרך גבינה לבנה עם מחית תות ושיבולת שועל,שטראוס,,גמדים לדרך גבינה לבנה עם מחית תות ושיבולת שועל,גרמים,100,100 גרם,false,0,5.50,5.50,true,1,7290112347008
7290112347473,false,מארז יוגורט עם פרי 0% בטעמי אפרסק ותות,דנונה - שטראוס,,מארז יוגורט עם פרי 0% בטעמי אפרסק ותות,גרמים,1200,100 גרם,false,8,25.90,2.16,true,1,7290112347473
7290112348142,false,שעועית לבנה,שטראוס טעם הטבע,,שעועית לבנה,גרמים,380,100 גרם,false,0,6.90,1.82,true,1,7290112348142
7290112349316,false,מסטיק בזוקה פופים ממולא בטעם תות ללא סוכר,עלית,,מסטיק בזוקה פופים ממולא בטעם תות ללא סוכר,גרמים,86,100 גרם,false,0,12.90,15.00,true,1,7290112349316
7290112349606,false,דניאלה מעדן גבינה מוקצף בטעם תות בננה,שטראוס,,דניאלה מעדן גבינה מוקצף בטעם תות בננה,גרמים,88,100 גרם,false,0,3.90,4.43,true,1,7290112349606
7290112349705,false,פומודורו רוטב עגבניות קלאסי לפסטה,יד מרדכי,,פומודורו רוטב עגבניות קלאסי לפסטה,גרמים,350,100 גרם,false,0,11.90,3.40,true,1,7290112349705
7290112349736,false,רוטב עגבניות לפסטה בזיליקום,יד מרדכי,,רוטב עגבניות לפסטה בזיליקום,גרמים,350,100 גרם,false,0,11.90,3.40,true,1,7290112349736
7290112349743,false,רוטב עגבניות פיקנטי לפסטה ארביאטה,יד מרדכי,,רוטב עגבניות פיקנטי לפסטה ארביאטה,גרמים,350,100 גרם,false,0,11.90,3.40,true,1,7290112349743
7290112349750,false,רוטב עגבניות לפיצה,יד מרדכי,,רוטב עגבניות לפיצה,גרמים,350,100 גרם,false,0,11.90,3.40,true,1,7290112349750
7290112349897,false,מסטיק מאסט Must קוביות בטעם מנטה ללא סוכר,עלית,,מסטיק מאסט Must קוביות בטעם מנטה ללא סוכר,גרמים,86,100 גרם,false,0,12.90,15.00,true,1,7290112349897
7290112350275,false,קפסולות קפה לונגו ואמריקנו,עלית,,קפסולות קפה לונגו ואמריקנו,גרמים,55,100 גרם,false,0,16.50,30.00,true,1,7290112350275
7290112350312,false,קפסולות קפה העוצמתי ביותר,עלית,,קפסולות קפה העוצמתי ביותר,גרמים,50,100 גרם,false,0,16.50,33.00,true,1,7290112350312
7290112350589,false,צ'יקו אבקה להכנת משקה ציקוריה,עלית,,צ'יקו אבקה להכנת משקה ציקוריה,גרמים,65,100 גרם,false,0,10.90,16.77,true,1,7290112350589
7290112351067,false,סילאן טבעי 100% תמר מג'הול ללא תוספת סוכר,יד מרדכי,,סילאן טבעי 100% תמר מג'הול ללא תוספת סוכר,גרמים,630,100 גרם,false,0,22.90,3.63,true,1,7290112351067
7290112351258,false,עוגיות פינוקיות שחור לבן,עלית,,עוגיות פינוקיות שחור לבן,גרמים,200,100 גרם,false,0,9.90,4.95,true,1,7290112351258
7290112351463,false,סוכריות ללא סוכר בטעם פטל לימון מאסט פרש,עלית,,סוכריות ללא סוכר בטעם פטל לימון מאסט פרש,גרמים,45,100 גרם,false,3,7.90,17.56,true,1,7290112351463
7290112351470,false,סוכריות ללא סוכר בטעם תות רימון מאסט פרש,עלית,,סוכריות ללא סוכר בטעם תות רימון מאסט פרש,גרמים,45,100 גרם,false,3,7.90,17.56,true,1,7290112351470
7290112351524,false,עלי חסה סלנובה,שטראוס טעם הטבע,,עלי חסה סלנובה,גרמים,200,100 גרם,false,0,12.90,6.45,true,1,7290112351524
7290112353412,false,"פריכיות תפו""א, אורז, תירס, אפונה ירוקה, סלק, מלח ים",אנרג'י Energy - שטראוס,,"פריכיות תפו""א, אורז, תירס, אפונה ירוקה, סלק, מלח ים",גרמים,30,100 גרם,false,0,4.90,16.33,true,1,7290112353412
7290112354174,false,פסטה רוזה - חלבי,שטראוס דלישס,,פסטה רוזה - חלבי,גרמים,280,100 גרם,false,0,21.90,7.82,true,1,7290112354174
7290112354204,false,ארוחה אישית ספגטי עגבניות,שטראוס דלישס,,ארוחה אישית ספגטי עגבניות,גרמים,280,100 גרם,false,0,21.90,7.82,true,1,7290112354204
7290112354211,false,פיצה מרגריטה,שטראוס דלישס,,פיצה מרגריטה,גרמים,280,100 גרם,false,0,25.90,9.25,true,1,7290112354211
7290112354228,false,פיצה מרגריטה עם זיתים,שטראוס דלישס,,פיצה מרגריטה עם זיתים,גרמים,280,100 גרם,false,0,25.90,9.25,true,1,7290112354228
7290112354235,false,ברקטה פיצה - 2 יחידות במארז,שטראוס דלישס,,ברקטה פיצה - 2 יחידות במארז,גרמים,300,100 גרם,false,0,25.90,8.63,true,1,7290112354235
7290112354945,false,חטיף תפוצ'יפס WAVY בטעם טבעי,עלית,,חטיף תפוצ'יפס WAVY בטעם טבעי,גרמים,50,100 גרם,false,0,3.90,7.80,true,1,7290112354945
7290112354952,false,חטיף תפוצ'יפס WAVY בטעם פפריקה,עלית,,חטיף תפוצ'יפס WAVY בטעם פפריקה,גרמים,50,100 גרם,false,0,3.90,7.80,true,1,7290112354952
7290112355027,false,יוגורט PRO בטעם קרמל מלוח 0%,דנונה - שטראוס,,יוגורט PRO בטעם קרמל מלוח 0%,גרמים,200,100 גרם,false,0,5.90,2.95,true,1,7290112355027
7290112355102,false,גמדים לדרך בטעם סלט פירות,שטראוס,,גמדים לדרך בטעם סלט פירות,גרמים,100,100 גרם,false,0,5.50,5.50,true,1,7290112355102
7290112357045,false,עגבניות איטלקיות מרוסקות,שטראוס טעם הטבע,,עגבניות איטלקיות מרוסקות,גרמים,390,100 גרם,false,0,6.90,1.77,true,1,7290112357045
7290112357069,false,מחית עגבניות איטלקיות,שטראוס טעם הטבע,,מחית עגבניות איטלקיות,גרמים,500,100 גרם,false,0,7.90,1.58,true,1,7290112357069
7290112357083,false,אפונת גינה,שטראוס טעם הטבע,,אפונת גינה,גרמים,380,100 גרם,false,0,6.90,1.82,true,1,7290112357083
7290112357106,false,שעועית אדומה,שטראוס טעם הטבע,,שעועית אדומה,גרמים,380,100 גרם,false,0,6.90,1.82,true,1,7290112357106
7290112357113,false,גרגרי חומוס,שטראוס טעם הטבע,,גרגרי חומוס,גרמים,380,100 גרם,false,0,6.90,1.82,true,1,7290112357113
7290112357175,false,קפסולות קפה Boost יותר קפאין,עלית,,קפסולות קפה Boost יותר קפאין,גרמים,50,100 גרם,false,0,16.50,33.00,true,1,7290112357175
7290112358127,false,יוגורט PRO בטעם וניל עוגיות פלוס מגנזיום,דנונה - שטראוס,,יוגורט PRO בטעם וניל עוגיות פלוס מגנזיום,גרמים,200,100 גרם,false,0,5.90,2.95,true,1,7290112358127
7290112358219,false,רוטב צ'ילי מתוק,יד מרדכי,,רוטב צ'ילי מתוק,גרמים,300,100 גרם,false,0,12.90,4.30,true,1,7290112358219
7290112358233,false,רוטב צ'ילי חריף,יד מרדכי,,רוטב צ'ילי חריף,גרמים,300,100 גרם,false,0,12.90,4.30,true,1,7290112358233
7290112358240,false,רוטב גריל,יד מרדכי,,רוטב גריל,גרמים,300,100 גרם,false,0,12.90,4.30,true,1,7290112358240
7290112358257,false,רוטב לעוף עם שזיפים,יד מרדכי,,רוטב לעוף עם שזיפים,גרמים,300,100 גרם,false,0,12.90,4.30,true,1,7290112358257
7290112358431,false,עד חצות דאבל ביסקוויט עם שוקולד חלב -8 אריזות אישיות,עלית,,עד חצות דאבל ביסקוויט עם שוקולד חלב -8 אריזות אישיות,גרמים,200,100 גרם,false,0,12.90,6.45,true,1,7290112358431
7290112359353,false,קפה טורקי קלוי וטחון אלדין,עלית,,קפה טורקי קלוי וטחון אלדין,גרמים,200,100 גרם,false,0,18.90,9.45,true,1,7290112359353
7290112490032,false,נמס בכוס מרק תירס- 2 שקיות,קנור Knorr,,נמס בכוס מרק תירס- 2 שקיות,גרמים,45,100 גרם,false,0,6.50,14.44,true,1,7290112490032
7290112490117,false,שוקולד חלב עם ופל ואגוזים,קליק,,שוקולד חלב עם ופל ואגוזים,גרמים,85,100 גרם,false,0,4.90,5.76,true,1,7290112490117
7290112490209,false,נמס בכוס מרק עגבניות עם קרוטונים רכיבים טבעיים,קנור Knorr,,נמס בכוס מרק עגבניות עם קרוטונים רכיבים טבעיים,גרמים,56,100 גרם,false,2,6.50,11.61,true,1,7290112490209
7290112490216,false,נמס בכוס מרק עוף עם קרוטונים רכיבים טבעיים,קנור Knorr,,נמס בכוס מרק עוף עם קרוטונים רכיבים טבעיים,גרמים,48,100 גרם,false,2,6.50,13.54,true,1,7290112490216
7290112490230,false,נמס בכוס מרק אפונה רכיבים טבעיים,קנור Knorr,,נמס בכוס מרק אפונה רכיבים טבעיים,גרמים,50,100 גרם,false,2,6.50,13.00,true,1,7290112490230
7290112490582,false,חרדל דיז'ון,הלמנס hellmann's,,חרדל דיז'ון,גרמים,350,100 גרם,false,0,12.90,3.69,true,1,7290112490582
7290112490599,false,חרדל עם גרגרים,הלמנס hellmann's,,חרדל עם גרגרים,גרמים,350,100 גרם,false,0,12.90,3.69,true,1,7290112490599
7290112490650,false,קונפיטורת תות שדה,778,,קונפיטורת תות שדה,גרמים,340,100 גרם,false,0,12.90,3.79,true,1,7290112490650
7290112490674,false,קונפיטורת דובדבנים,778,,קונפיטורת דובדבנים,גרמים,340,100 גרם,false,0,12.90,3.79,true,1,7290112490674
7290112490698,false,קונפיטורת תות שדה לייט,778,,קונפיטורת תות שדה לייט,גרמים,260,100 גרם,false,0,15.90,6.12,true,1,7290112490698
7290112490728,false,מרק ירקות עם בורגול 100% רכיבים טבעיים,קנור Knorr,,מרק ירקות עם בורגול 100% רכיבים טבעיים,גרמים,80,100 גרם,false,0,9.90,12.38,true,1,7290112490728
7290112490735,false,מרק עגבניות עם פסטה 100% רכיבים טבעיים,קנור Knorr,,מרק עגבניות עם פסטה 100% רכיבים טבעיים,גרמים,80,100 גרם,false,0,9.90,12.38,true,1,7290112490735
7290112490742,false,מרק פטריות עם גריסים 100% רכיבים טבעיים,קנור Knorr,,מרק פטריות עם גריסים 100% רכיבים טבעיים,גרמים,80,100 גרם,false,0,9.90,12.38,true,1,7290112490742
7290112490759,false,מרק עוף עם אטריות 100% רכיבים טבעיים,קנור Knorr,,מרק עוף עם אטריות 100% רכיבים טבעיים,גרמים,80,100 גרם,false,0,9.90,12.38,true,1,7290112490759
7290112490827,false,תרסיס ריחני למייבש כביסה בדין בייבי,בדין,,תרסיס ריחני למייבש כביסה בדין בייבי,מליליטרים,500,"100 מ""ל",false,0,16.90,3.38,true,1,7290112490827
7290112490896,false,רוטב צ'ילי חריף,קנור Knorr,,רוטב צ'ילי חריף,מליליטרים,370,"100 מ""ל",false,0,12.90,3.49,true,1,7290112490896
7290112491695,false,קונפיטורת משמש לייט,778,,קונפיטורת משמש לייט,גרמים,260,100 גרם,false,0,15.90,6.12,true,1,7290112491695
7290112491701,false,ברנפלקס בטעם וניל מעודן 20% חלבון Extra Protein,תלמה,,ברנפלקס בטעם וניל מעודן 20% חלבון Extra Protein,גרמים,375,100 גרם,false,0,22.90,6.11,true,1,7290112491701
7290112491770,false,בייגלה דקים עם מלח ים,בייגל בייגל BB,,בייגלה דקים עם מלח ים,גרמים,300,100 גרם,false,0,9.90,3.30,true,1,7290112491770
7290112491787,false,בייגלה דקים עם שומשום,בייגל בייגל BB,,בייגלה דקים עם שומשום,גרמים,300,100 גרם,false,0,9.90,3.30,true,1,7290112491787
7290112491794,false,בייגלה דקים בטעם שמנת ובצל,בייגל בייגל BB,,בייגלה דקים בטעם שמנת ובצל,גרמים,300,100 גרם,false,0,9.90,3.30,true,1,7290112491794
7290112492449,false,שמפו לשיער רגיל,פינוק,,שמפו לשיער רגיל,מליליטרים,700,"100 מ""ל",false,0,11.90,1.70,true,1,7290112492449
7290112492456,false,שמפו לשיער יבש / פגום,פינוק,,שמפו לשיער יבש / פגום,מליליטרים,700,"100 מ""ל",false,0,11.90,1.70,true,1,7290112492456
7290112492463,false,שמפו ומרכך לשיער רגיל 2 ב- 1,פינוק,,שמפו ומרכך לשיער רגיל 2 ב- 1,מליליטרים,700,"100 מ""ל",false,0,11.90,1.70,true,1,7290112492463
7290112492470,false,שמפו ומרכך 2 ב-1 לשיער יבש/פגום,פינוק,,שמפו ומרכך 2 ב-1 לשיער יבש/פגום,מליליטרים,700,"100 מ""ל",false,0,11.90,1.70,true,1,7290112492470
7290112492487,false,שמפו בתוספת שמן מרוקאי,פינוק,,שמפו בתוספת שמן מרוקאי,מליליטרים,700,"100 מ""ל",false,0,11.90,1.70,true,1,7290112492487
7290112492500,false,שמפו בתוספת שמן קוקוס,פינוק,,שמפו בתוספת שמן קוקוס,מליליטרים,700,"100 מ""ל",false,0,11.90,1.70,true,1,7290112492500
7290112492531,false,מרכך לשיער רגיל,פינוק,,מרכך לשיער רגיל,מליליטרים,700,"100 מ""ל",false,0,11.90,1.70,true,1,7290112492531
7290112492548,false,מרכך לשיער יבש / פגום,פינוק,,מרכך לשיער יבש / פגום,מליליטרים,700,"100 מ""ל",false,0,11.90,1.70,true,1,7290112492548
7290112492579,false,מרכך בתוספת שמן קוקוס,פינוק,,מרכך בתוספת שמן קוקוס,מליליטרים,700,"100 מ""ל",false,0,11.90,1.70,true,1,7290112492579
7290112492593,false,תחליב רחצה בניחוח פינוק קלאסי,פינוק,,תחליב רחצה בניחוח פינוק קלאסי,מליליטרים,700,"100 מ""ל",false,0,10.90,1.56,true,1,7290112492593
7290112492609,false,תחליב רחצה בניחוח לבנדר ווניל,פינוק,,תחליב רחצה בניחוח לבנדר ווניל,מליליטרים,700,"100 מ""ל",false,0,10.90,1.56,true,1,7290112492609
7290112492630,false,"שמפו, ג'ל רחצה וסבון פנים 3 ב- 1 פינוק מן",פינוק,,"שמפו, ג'ל רחצה וסבון פנים 3 ב- 1 פינוק מן",מליליטרים,700,"100 מ""ל",false,0,11.90,1.70,true,1,7290112492630
7290112492647,false,"שמפו, ג'ל רחצה וסבון פנים 3 ב- 1 פינוק מן",פינוק,,"שמפו, ג'ל רחצה וסבון פנים 3 ב- 1 פינוק מן",מליליטרים,700,"100 מ""ל",false,0,11.90,1.70,true,1,7290112492647
7290112492944,false,"מרק עוף אמיתי בשרי כשל""פ",קנור Knorr,,"מרק עוף אמיתי בשרי כשל""פ",גרמים,400,100 גרם,false,0,19.90,4.98,true,1,7290112492944
7290112492982,false,מרק פטריות 100% רכיבים טבעיים,קנור Knorr,,מרק פטריות 100% רכיבים טבעיים,גרמים,400,100 גרם,false,0,24.90,6.23,true,1,7290112492982
7290112492999,false,מרק בטעם עוף פרווה,קנור Knorr,,מרק בטעם עוף פרווה,גרמים,400,100 גרם,false,0,14.90,3.73,true,1,7290112492999
7290112493064,false,"רוטב שזיפים להקפצה, לבישול ולאפיה",קנור Knorr,,"רוטב שזיפים להקפצה, לבישול ולאפיה",גרמים,320,100 גרם,false,0,12.90,4.03,true,1,7290112493064
7290112493293,false,נמס הכוס מרק ירקות רכיבים טבעיים,קנור Knorr,,נמס הכוס מרק ירקות רכיבים טבעיים,גרמים,44,100 גרם,false,2,6.50,14.77,true,1,7290112493293
7290112493316,false,מרק אפונה 100% רכיבים טבעיים,קנור Knorr,,מרק אפונה 100% רכיבים טבעיים,גרמים,117,100 גרם,false,0,9.90,8.46,true,1,7290112493316
7290112494016,false,מיונז מופחת שומן,תלמה,,מיונז מופחת שומן,גרמים,500,100 גרם,false,0,9.90,1.98,true,1,7290112494016
7290112494153,false,תיבוליות ניחוח צלי,קנור Knorr,,תיבוליות ניחוח צלי,גרמים,72,100 גרם,false,0,9.90,13.75,true,1,7290112494153
7290112494221,false,קליק ביסקוויט,קליק,,קליק ביסקוויט,גרמים,65,100 גרם,false,0,5.90,9.08,true,1,7290112494221
7290112494238,false,קליק כדורים,קליק,,קליק כדורים,גרמים,65,100 גרם,false,0,5.90,9.08,true,1,7290112494238
7290112494276,false,קליק כריות,קליק,,קליק כריות,גרמים,65,100 גרם,false,0,5.90,9.08,true,1,7290112494276
7290112494283,false,קליק חום לבן,קליק,,קליק חום לבן,גרמים,65,100 גרם,false,0,5.90,9.08,true,1,7290112494283
7290112494313,false,קליק קורנפלקס,קליק,,קליק קורנפלקס,גרמים,65,100 גרם,false,0,5.90,9.08,true,1,7290112494313
7290112494351,false,"קורנפלקס של אלופים בד""ץ",תלמה,,"קורנפלקס של אלופים בד""ץ",גרמים,850,100 גרם,false,0,19.90,2.34,true,1,7290112494351
7290112494382,false,פירה בטעם ביתי - מוכן ברגע,קנור Knorr,,פירה בטעם ביתי - מוכן ברגע,גרמים,260,100 גרם,false,0,12.90,4.96,true,1,7290112494382
7290112494610,false,רוטב פיקנטי לדג,קנור Knorr,,רוטב פיקנטי לדג,גרמים,415,100 גרם,false,0,12.90,3.11,true,1,7290112494610
7290112494795,false,ג'ל כביסה בניחוח בדין כחול,בדין,,ג'ל כביסה בניחוח בדין כחול,ליטרים,3,ליטר,false,0,32.90,13.16,true,1,7290112494795
7290112494801,false,ג'ל כביסה בניחוח בדין ורוד,בדין,,ג'ל כביסה בניחוח בדין ורוד,ליטרים,3,ליטר,false,0,32.90,13.16,true,1,7290112494801
7290112494825,false,תרחיץ פנים לעור רגיש מכיל 25% קרם לחות,דאב Dove,,תרחיץ פנים לעור רגיש מכיל 25% קרם לחות,מליליטרים,180,"100 מ""ל",false,0,14.90,8.28,true,1,7290112494825
7290112494832,false,תרחיץ פנים לכל סוגי העור מכיל 25% קרם לחות,דאב Dove,,תרחיץ פנים לכל סוגי העור מכיל 25% קרם לחות,מליליטרים,180,"100 מ""ל",false,0,14.90,8.28,true,1,7290112494832
7290112494993,false,כריות וניל,תלמה,,כריות וניל,גרמים,686,100 גרם,false,0,24.90,3.63,true,1,7290112494993
7290112495020,false,כריות צ'וקולדה,תלמה,,כריות צ'וקולדה,גרמים,686,100 גרם,false,0,24.90,3.63,true,1,7290112495020
7290112495037,false,קוקומן כדורים בטעם שוקולד,תלמה,,קוקומן כדורים בטעם שוקולד,גרמים,375,100 גרם,false,0,19.90,5.31,true,1,7290112495037
7290112495044,false,קוקומן פצפוצים בטעם שוקולד,תלמה,,קוקומן פצפוצים בטעם שוקולד,גרמים,375,100 גרם,false,0,19.90,5.31,true,1,7290112495044
7290112495105,false,נשנושים חטיף בטעם שמנת בצל,בייגל בייגל BB,,נשנושים חטיף בטעם שמנת בצל,גרמים,260,100 גרם,false,0,12.90,4.96,true,1,7290112495105
7290112495112,false,נשנושים חטיף זעתר,בייגל בייגל BB,,נשנושים חטיף זעתר,גרמים,260,100 גרם,false,0,12.90,4.96,true,1,7290112495112
7290112495143,false,נשנושי קרקר קוקטייל מלוח,בייגל בייגל BB,,נשנושי קרקר קוקטייל מלוח,גרמים,300,100 גרם,false,0,12.90,4.30,true,1,7290112495143
7290112495150,false,נשנושי קרקר עיגולים מלוחים,בייגל בייגל BB,,נשנושי קרקר עיגולים מלוחים,גרמים,300,100 גרם,false,0,12.90,4.30,true,1,7290112495150
7290112495167,false,נשנושי קרקר משולשי שומשום,בייגל בייגל BB,,נשנושי קרקר משולשי שומשום,גרמים,300,100 גרם,false,0,12.90,4.30,true,1,7290112495167
7290112495174,false,נשנושי קרקר קוקטייל שומשום,בייגל בייגל BB,,נשנושי קרקר קוקטייל שומשום,גרמים,300,100 גרם,false,0,12.90,4.30,true,1,7290112495174
7290112495228,false,קורנפלקס דבש,תלמה,,קורנפלקס דבש,גרמים,448,100 גרם,false,0,19.90,4.44,true,1,7290112495228
7290112495280,false,ברנפלקס ריבועי קינמון,תלמה,,ברנפלקס ריבועי קינמון,גרמים,400,100 גרם,false,0,22.90,5.73,true,1,7290112495280
7290112495433,false,דגני בוקר דליפקאן,תלמה,,דגני בוקר דליפקאן,גרמים,400,100 גרם,false,0,19.90,4.98,true,1,7290112495433
7290112495488,false,קורנפלקס ללא גלוטן,תלמה,,קורנפלקס ללא גלוטן,גרמים,500,100 גרם,false,0,24.90,4.98,true,1,7290112495488
7290112495556,false,מארז שלישיית חטיפי קליק ממולא בנוגט,קליק,,מארז שלישיית חטיפי קליק ממולא בנוגט,גרמים,105,100 גרם,false,0,11.90,11.33,true,1,7290112495556
7290112495662,false,קרקר חיטה מלאה עם פשתן,בייגל בייגל BB,,קרקר חיטה מלאה עם פשתן,גרמים,300,100 גרם,false,0,8.90,2.97,true,1,7290112495662
7290112495686,false,קרקר שומשום,בייגל בייגל BB,,קרקר שומשום,גרמים,220,100 גרם,false,0,8.90,4.05,true,1,7290112495686
7290112495747,false,צילי מתוק כ75% פחות סוכר,קנור Knorr,,צילי מתוק כ75% פחות סוכר,גרמים,340,100 גרם,false,0,12.90,3.79,true,1,7290112495747
7290112495754,false,רוטב אלף האיים,הלמנס hellmann's,,רוטב אלף האיים,גרמים,305,100 גרם,false,0,12.90,4.23,true,1,7290112495754
7290112495761,false,רוטב אלף האיים לייט,הלמנס hellmann's,,רוטב אלף האיים לייט,גרמים,305,100 גרם,false,0,12.90,4.23,true,1,7290112495761
7290112495785,false,רוטב שום,הלמנס hellmann's,,רוטב שום,גרמים,300,100 גרם,false,0,12.90,4.30,true,1,7290112495785
7290112495792,false,רוטב שום לייט,הלמנס hellmann's,,רוטב שום לייט,גרמים,300,100 גרם,false,0,12.90,4.30,true,1,7290112495792
7290112495808,false,רוטב חרדל ודבש,הלמנס hellmann's,,רוטב חרדל ודבש,גרמים,305,100 גרם,false,0,12.90,4.23,true,1,7290112495808
7290112495815,false,רוטב חרדל ודבש לייט,הלמנס hellmann's,,רוטב חרדל ודבש לייט,גרמים,305,100 גרם,false,0,12.90,4.23,true,1,7290112495815
7290112495822,false,כריות בלאק בטעם שוקו וניל,תלמה,,כריות בלאק בטעם שוקו וניל,גרמים,686,100 גרם,false,0,24.90,3.63,true,1,7290112495822
7290112495938,false,קרקר 6 דגנים,בייגל בייגל BB,,קרקר 6 דגנים,גרמים,250,100 גרם,false,0,8.90,3.56,true,1,7290112495938
7290112495976,false,פריכיות פתית מצופות שוקולד חלב,פתית,,פריכיות פתית מצופות שוקולד חלב,גרמים,35,100 גרם,false,0,4.90,14.00,true,1,7290112495976
7290112495983,false,פריכיות פתית מצופות שוקולד חלב ושבבי קרמל מלוח,פתית,,פריכיות פתית מצופות שוקולד חלב ושבבי קרמל מלוח,גרמים,35,100 גרם,false,0,4.90,14.00,true,1,7290112495983
7290112496027,false,סירופ בטעם שוקולד,אפיכל,,סירופ בטעם שוקולד,גרמים,580,100 גרם,false,0,14.90,2.57,true,1,7290112496027
7290112496034,false,סירופ בטעם מייפל,אפיכל,,סירופ בטעם מייפל,גרמים,580,100 גרם,false,0,14.90,2.57,true,1,7290112496034
7290112496188,false,בושם כיס אפולו,אקס Axe,,בושם כיס אפולו,מליליטרים,17,"100 מ""ל",false,0,19.90,117.06,true,1,7290112496188
7290112496195,false,בושם כיס בלאק,אקס Axe,,בושם כיס בלאק,מליליטרים,17,"100 מ""ל",false,0,19.90,117.06,true,1,7290112496195
7290112496218,false,רוטב טריאקי מופחת סוכר ונתרן,קנור Knorr,,רוטב טריאקי מופחת סוכר ונתרן,גרמים,340,100 גרם,false,0,12.90,3.79,true,1,7290112496218
7290112496270,false,"חטיף פתית צ'יפס עם תפו""א עגבניות ועשבי תיבול",פתית,,"חטיף פתית צ'יפס עם תפו""א עגבניות ועשבי תיבול",גרמים,22,100 גרם,false,0,4.90,22.27,true,1,7290112496270
7290112496287,false,חטיף פתית צ'יפס עם בטטה,פתית,,חטיף פתית צ'יפס עם בטטה,גרמים,22,100 גרם,false,0,4.90,22.27,true,1,7290112496287
7290112496294,false,חטיף פתית צ'יפס עם אפונה ירוקה צהובה וצ'ילי,פתית,,חטיף פתית צ'יפס עם אפונה ירוקה צהובה וצ'ילי,גרמים,22,100 גרם,false,0,4.90,22.27,true,1,7290112496294
7290112496331,false,קורנפלקס בטעם בננה,תלמה,,קורנפלקס בטעם בננה,גרמים,448,100 גרם,false,0,19.90,4.44,true,1,7290112496331
7290112496430,false,נמס בכוס אקסטרה מרק עגבניות עם המון אטריות,קנור Knorr,,נמס בכוס אקסטרה מרק עגבניות עם המון אטריות,גרמים,37,100 גרם,false,0,3.90,10.54,true,1,7290112496430
7290112496447,false,מרק נמס בכוס אקסטרה עם המון אטריות,קנור Knorr,,מרק נמס בכוס אקסטרה עם המון אטריות,גרמים,27,100 גרם,false,0,3.90,14.44,true,1,7290112496447
7290112496461,false,נמס בכוס אקסטרה מרק ירקות עם המון אטריות,קנור Knorr,,נמס בכוס אקסטרה מרק ירקות עם המון אטריות,גרמים,32,100 גרם,false,0,3.90,12.19,true,1,7290112496461
7290112497000,false,פנטסטיק תרכיז ניקוי רב תכליתי בניחוח לימון,סיף פנטסטיק Cif Fantastic,,פנטסטיק תרכיז ניקוי רב תכליתי בניחוח לימון,ליטרים,1,ליטר,false,0,12.90,12.90,true,1,7290112497000
7290112497031,false,רוטב עגבניות לקציצות ותבשילים,קנור Knorr,,רוטב עגבניות לקציצות ותבשילים,גרמים,415,100 גרם,false,0,12.90,3.11,true,1,7290112497031
7290112497123,false,תערובת להכנת מעדן בטעם סחלב,קנור Knorr,,תערובת להכנת מעדן בטעם סחלב,גרמים,112,100 גרם,false,0,12.90,11.52,true,1,7290112497123
7290112497369,false,דאודורנט רול און טלק סופט,דאב Dove,,דאודורנט רול און טלק סופט,מליליטרים,50,"100 מ""ל",false,0,17.90,35.80,true,1,7290112497369
7290112497505,false,תחליב גוף בתוספת אלוורה,וזלין Vaseline,,תחליב גוף בתוספת אלוורה,מליליטרים,600,"100 מ""ל",false,0,24.90,4.15,true,1,7290112497505
7290112497864,false,מרק בטעם עוף פרווה רכיבים טבעיים 33% פחות נתרן,קנור Knorr,,מרק בטעם עוף פרווה רכיבים טבעיים 33% פחות נתרן,גרמים,400,100 גרם,false,0,24.90,6.23,true,1,7290112497864
7290112498007,false,גרנולה בתוספת חלבון שקדים וחמוציות,תלמה,,גרנולה בתוספת חלבון שקדים וחמוציות,גרמים,300,100 גרם,false,0,15.90,5.30,true,1,7290112498007
7290112498052,false,פתית צ'יפס עם בטטה מארז,פתית,,פתית צ'יפס עם בטטה מארז,גרמים,84,100 גרם,false,0,16.90,20.12,true,1,7290112498052
7290112498090,false,מרכך בתוספת שמן חוחובה,פינוק,,מרכך בתוספת שמן חוחובה,מליליטרים,700,"100 מ""ל",false,0,11.90,1.70,true,1,7290112498090
7290112498267,false,אל סבון לידיים בניחוח פינוק קלאסי,פינוק,,אל סבון לידיים בניחוח פינוק קלאסי,מליליטרים,950,"100 מ""ל",false,0,12.90,1.36,true,1,7290112498267
7290112498274,false,אל סבון לידיים בניחוח לבנדר ווניל,פינוק,,אל סבון לידיים בניחוח לבנדר ווניל,מליליטרים,950,"100 מ""ל",false,0,12.90,1.36,true,1,7290112498274
7290112498281,false,אל סבון לידיים בתוספת שמן קוקוס,פינוק,,אל סבון לידיים בתוספת שמן קוקוס,מליליטרים,950,"100 מ""ל",false,0,12.90,1.36,true,1,7290112498281
7290112498298,false,אל סבון לידיים בתוספת שמן מרוקאי,פינוק,,אל סבון לידיים בתוספת שמן מרוקאי,מליליטרים,950,"100 מ""ל",false,0,12.90,1.36,true,1,7290112498298
7290112498526,false,פתית צ'יפס עם בטטה סגולה בטעם שמנת ובצל,פתית,,פתית צ'יפס עם בטטה סגולה בטעם שמנת ובצל,גרמים,22,100 גרם,false,0,4.90,22.27,true,1,7290112498526
7290112499448,false,מרכך בתוספת שמן מרוקאי,פינוק,,מרכך בתוספת שמן מרוקאי,מליליטרים,700,"100 מ""ל",false,0,11.90,1.70,true,1,7290112499448
7290112499462,false,תחליב רחצה בתוספת שמן קוקוס,פינוק,,תחליב רחצה בתוספת שמן קוקוס,מליליטרים,700,"100 מ""ל",false,0,10.90,1.56,true,1,7290112499462
7290112499479,false,שמפו בתוספת קרטין,פינוק,,שמפו בתוספת קרטין,מליליטרים,700,"100 מ""ל",false,0,11.90,1.70,true,1,7290112499479
7290112499493,false,דאודורנט ספריי בניחוח במבוק ואלוורה,רקסונה Rexona,,דאודורנט ספריי בניחוח במבוק ואלוורה,מליליטרים,150,"100 מ""ל",false,0,13.90,9.27,true,1,7290112499493
7290112700421,false,נר גדול ספרה 0 כסף,שמחה זה אנחנו,,נר גדול ספרה 0 כסף,,0,,false,0,7.90,0.00,true,1,7290112700421
7290112700490,false,נר גדול ספרה 2 ורוד,שמחה זה אנחנו,,נר גדול ספרה 2 ורוד,,0,,false,0,7.90,0.00,true,1,7290112700490
7290112700513,false,נר גדול ספרה 2 כחול,שמחה זה אנחנו,,נר גדול ספרה 2 כחול,,0,,false,0,7.90,0.00,true,1,7290112700513
7290112700544,false,נר גדול ספרה 3 כסף,שמחה זה אנחנו,,נר גדול ספרה 3 כסף,,0,,false,0,7.90,0.00,true,1,7290112700544
7290112700650,false,נר גדול ספרה 6 זהב,שמחה זה אנחנו,,נר גדול ספרה 6 זהב,,0,,false,0,7.90,0.00,true,1,7290112700650
7290112700674,false,נר גדול ספרה 6 כסף,שמחה זה אנחנו,,נר גדול ספרה 6 כסף,,0,,false,0,7.90,0.00,true,1,7290112700674
7290112700681,false,נר גדול ספרה 6 כחול,שמחה זה אנחנו,,נר גדול ספרה 6 כחול,,0,,false,0,7.90,0.00,true,1,7290112700681
7290112700711,false,נר גדול ספרה 7 כסף,שמחה זה אנחנו,,נר גדול ספרה 7 כסף,,0,,false,0,7.90,0.00,true,1,7290112700711
7290112700728,false,נר גדול ספרה 7 כחול,שמחה זה אנחנו,,נר גדול ספרה 7 כחול,,0,,false,0,7.90,0.00,true,1,7290112700728
7290112700735,false,נר גדול ספרה 8 זהב,שמחה זה אנחנו,,נר גדול ספרה 8 זהב,,0,,false,0,7.90,0.00,true,1,7290112700735
7290112700759,false,נר גדול ספרה 8 כסף,שמחה זה אנחנו,,נר גדול ספרה 8 כסף,,0,,false,0,7.90,0.00,true,1,7290112700759
7290112700766,false,נר גדול ספרה 8 כחול,שמחה זה אנחנו,,נר גדול ספרה 8 כחול,,0,,false,0,7.90,0.00,true,1,7290112700766
7290112700773,false,נר גדול ספרה 9 זהב,שמחה זה אנחנו,,נר גדול ספרה 9 זהב,,0,,false,0,7.90,0.00,true,1,7290112700773
7290112700780,false,נר גדול ספרה 9 ורוד,שמחה זה אנחנו,,נר גדול ספרה 9 ורוד,,0,,false,0,7.90,0.00,true,1,7290112700780
7290112700797,false,נר גדול ספרה 9 כסף,שמחה זה אנחנו,,נר גדול ספרה 9 כסף,,0,,false,0,7.90,0.00,true,1,7290112700797
7290112960542,false,לחם מחמצת עם זיתי קלמטה,בונז'ור,,לחם מחמצת עם זיתי קלמטה,,0,,false,0,16.90,0.00,true,1,7290112960542
7290112960566,false,לחם מחמצת שאור,בונז'ור,,לחם מחמצת שאור,,0,,false,0,16.90,0.00,true,1,7290112960566
7290112960580,false,לחם מחמצת כוסמין,בונז'ור,,לחם מחמצת כוסמין,,0,,false,0,16.90,0.00,true,1,7290112960580
7290112960603,false,לחם מחמצת אגוזים וצימוקים,בונז'ור,,לחם מחמצת אגוזים וצימוקים,,0,,false,0,16.90,0.00,true,1,7290112960603
7290112961266,false,בייגלה כפיות בסגנון איטלקי,אסם,,בייגלה כפיות בסגנון איטלקי,גרמים,300,100 גרם,false,0,10.90,3.63,true,1,7290112961266
7290112961327,false,בייגלה כפיות בסגנון כפרי,אסם,,בייגלה כפיות בסגנון כפרי,גרמים,300,100 גרם,false,0,10.90,3.63,true,1,7290112961327
7290112961372,false,פיטנס חטיפי פריכיות דגנים עם קינמון,נסטלה Nestle,,פיטנס חטיפי פריכיות דגנים עם קינמון,גרמים,60,100 גרם,false,0,7.90,13.17,true,1,7290112961372
7290112961464,false,פיטנס חטיפי פריכיות דגנים וחומוס מתובלות,נסטלה Nestle,,פיטנס חטיפי פריכיות דגנים וחומוס מתובלות,גרמים,60,100 גרם,false,0,7.90,13.17,true,1,7290112961464
7290112962287,false,שווארמה צמחונית עם חלבון,טבעול,,שווארמה צמחונית עם חלבון,גרמים,450,100 גרם,false,0,29.90,6.64,true,1,7290112962287
7290112962737,false,שניצל צמחוני,טבעול,,שניצל צמחוני,גרמים,664,100 גרם,false,0,29.90,4.50,true,1,7290112962737
7290112963321,false,בייגלה שטוח ללא גלוטן Grafity,,,בייגלה שטוח ללא גלוטן Grafity,גרמים,300,100 גרם,false,0,14.90,4.97,true,1,7290112963321
7290112963697,true,עוגיות שוקולד צ'יפס קקאו עם שוקולד מריר - חלבי,בונז'ור,,עוגיות שוקולד צ'יפס קקאו עם שוקולד מריר - חלבי,קילוגרמים,0,"ק""ג",true,0,40.00,0.00,true,1,7290112963697
7290112963918,false,קרקר דק רוזמרין ושום פיטנס,נסטלה Nestle,,קרקר דק רוזמרין ושום פיטנס,גרמים,140,100 גרם,false,0,10.90,7.79,true,1,7290112963918
7290112964410,false,רוטב אלף האיים לסלט,אסם,,רוטב אלף האיים לסלט,מליליטרים,290,"100 מ""ל",false,0,10.90,3.76,true,1,7290112964410
7290112964434,false,רוטב קיסר,אסם,,רוטב קיסר,מליליטרים,295,"100 מ""ל",false,0,10.90,3.69,true,1,7290112964434
7290112964458,false,רוטב ויניגרט לסלט,אסם,,רוטב ויניגרט לסלט,מליליטרים,295,"100 מ""ל",false,0,10.90,3.69,true,1,7290112964458
7290112964472,false,רוטב שום לסלט,אסם,,רוטב שום לסלט,מליליטרים,290,"100 מ""ל",false,0,10.90,3.76,true,1,7290112964472
7290112964502,false,רוטב אלף האיים לסלט,אסם,,רוטב אלף האיים לסלט,מליליטרים,600,"100 מ""ל",false,0,16.90,2.82,true,1,7290112964502
7290112964564,false,רוטב אלף האיים לייט לסלט,אסם,,רוטב אלף האיים לייט לסלט,מליליטרים,295,"100 מ""ל",false,0,10.90,3.69,true,1,7290112964564
7290112964601,false,רוטב בנוסח סצ'ואן הסדרה האסייתית,אסם,,רוטב בנוסח סצ'ואן הסדרה האסייתית,מליליטרים,290,"100 מ""ל",false,0,14.90,5.14,true,1,7290112964601
7290112964625,false,רוטב שום לייט לסלט,אסם,,רוטב שום לייט לסלט,מליליטרים,310,"100 מ""ל",false,0,10.90,3.52,true,1,7290112964625
7290112964687,false,לחם מחמצת דגנים,בונז'ור,,לחם מחמצת דגנים,,0,,false,0,16.90,0.00,true,1,7290112964687
7290112964724,false,בורגר צמחוני,טבעול,,בורגר צמחוני,גרמים,580,100 גרם,false,0,29.90,5.16,true,1,7290112964724
7290112965103,false,קוסקוס עם ירקות,אסם,,קוסקוס עם ירקות,גרמים,146,100 גרם,false,0,9.90,6.78,true,1,7290112965103
7290112965165,false,זוג מרק נמס פטריות רגע חם,אסם,,זוג מרק נמס פטריות רגע חם,גרמים,48,100 גרם,false,0,5.50,11.46,true,1,7290112965165
7290112965264,false,זוג מרק נמס אפונה רגע חם,אסם,,זוג מרק נמס אפונה רגע חם,גרמים,30,100 גרם,false,0,5.50,18.33,true,1,7290112965264
7290112965288,false,זוג מרק נמס ירקות רגע חם,אסם,,זוג מרק נמס ירקות רגע חם,גרמים,30,100 גרם,false,0,5.50,18.33,true,1,7290112965288
7290112965301,false,זוג מרק נמס בטעם עוף עם שקדי מרק רגע חם,אסם,,זוג מרק נמס בטעם עוף עם שקדי מרק רגע חם,גרמים,52,100 גרם,false,0,5.50,10.58,true,1,7290112965301
7290112965363,false,קציצות קינואה וברוקולי,טבעול,,קציצות קינואה וברוקולי,גרמים,525,100 גרם,false,0,29.90,5.70,true,1,7290112965363
7290112965585,false,פסטה קסרצ'ה,אסם פרפקטו Perfecto,,פסטה קסרצ'ה,גרמים,500,100 גרם,false,0,6.90,1.38,true,1,7290112965585
7290112965660,false,חטיף קראנצ'י עם מלח ים ופלפל פיטנס,נסטלה Nestle,,חטיף קראנצ'י עם מלח ים ופלפל פיטנס,גרמים,25,100 גרם,false,0,4.90,19.60,true,1,7290112965660
7290112965684,false,חטיף קראנצ'י עם עשבי תיבול פיטנס,נסטלה Nestle,,חטיף קראנצ'י עם עשבי תיבול פיטנס,גרמים,25,100 גרם,false,0,4.90,19.60,true,1,7290112965684
7290112965707,false,חטיף קראנצ'י עם צ'ילי מעודן פיטנס,נסטלה Nestle,,חטיף קראנצ'י עם צ'ילי מעודן פיטנס,גרמים,25,100 גרם,false,0,4.90,19.60,true,1,7290112965707
7290112965868,false,קרם קרקר במליחות מעודנת,אסם,,קרם קרקר במליחות מעודנת,גרמים,250,100 גרם,false,0,9.90,3.96,true,1,7290112965868
7290112965905,false,בייגלה שמיניות במליחות מעודנת,אסם,,בייגלה שמיניות במליחות מעודנת,גרמים,400,100 גרם,false,0,9.90,2.48,true,1,7290112965905
7290112965943,false,נאגטס ירקות ירוקים,טבעול,,נאגטס ירקות ירוקים,גרמים,500,100 גרם,false,0,29.90,5.98,true,1,7290112965943
7290112965967,false,נאגטס ירקות כתומים,טבעול,,נאגטס ירקות כתומים,גרמים,500,100 גרם,false,0,29.90,5.98,true,1,7290112965967
7290112965981,false,טבעול גורמה ארוחת דגנים,טבעול,,טבעול גורמה ארוחת דגנים,גרמים,450,100 גרם,false,0,32.90,7.31,true,1,7290112965981
7290112966001,false,טבעול גורמה ארוחת ירוקים,טבעול,,טבעול גורמה ארוחת ירוקים,גרמים,450,100 גרם,false,0,32.90,7.31,true,1,7290112966001
7290112966094,false,עוגת הבית בטעם תפוז - פחות סוכר,אסם,,עוגת הבית בטעם תפוז - פחות סוכר,גרמים,400,100 גרם,false,0,12.90,3.23,true,1,7290112966094
7290112966124,false,פתיבר קלאסי פחות סוכר,אסם,,פתיבר קלאסי פחות סוכר,גרמים,500,100 גרם,false,0,11.90,2.38,true,1,7290112966124
7290112966728,false,טחינה בלאדי עם פלפלים חריפים,צבר,,טחינה בלאדי עם פלפלים חריפים,גרמים,350,100 גרם,false,0,13.90,3.97,true,1,7290112966728
7290112966803,false,פודינג בטעם שוקולד,אסם,,פודינג בטעם שוקולד,גרמים,88,100 גרם,false,0,5.50,6.25,true,1,7290112966803
7290112966841,false,פודינג בטעם שוקולד בלגי מריר,אסם,,פודינג בטעם שוקולד בלגי מריר,גרמים,90,100 גרם,false,0,5.50,6.11,true,1,7290112966841
7290112967138,false,בייגלה שמיניות ללא גלוטן,אסם,,בייגלה שמיניות ללא גלוטן,גרמים,250,100 גרם,false,0,11.90,4.76,true,1,7290112967138
7290112967381,false,פיטנס חטיפי פריכיות עם קטניות ומלח ים,נסטלה Nestle,,פיטנס חטיפי פריכיות עם קטניות ומלח ים,גרמים,60,100 גרם,false,0,7.90,13.17,true,1,7290112967381
7290112967572,false,רוטב ברביקיו,אסם,,רוטב ברביקיו,מליליטרים,335,"100 מ""ל",false,0,10.90,3.25,true,1,7290112967572
7290112968203,false,סלט טחינה בלאדי,צבר,,סלט טחינה בלאדי,גרמים,250,100 גרם,false,0,8.90,3.56,true,1,7290112968203
7290112968784,false,חטיפי כרובית,טבעול,,חטיפי כרובית,גרמים,450,100 גרם,false,0,29.90,6.64,true,1,7290112968784
7290112968807,false,קרקר פיטנס דק סלק,נסטלה Nestle,,קרקר פיטנס דק סלק,גרמים,140,100 גרם,false,0,10.90,7.79,true,1,7290112968807
7290112968821,false,קרקר פיטנס דק בטטה,נסטלה Nestle,,קרקר פיטנס דק בטטה,גרמים,140,100 גרם,false,0,10.90,7.79,true,1,7290112968821
7290112969903,false,נאגטס ירקות לבנים,טבעול,,נאגטס ירקות לבנים,גרמים,500,100 גרם,false,0,29.90,5.98,true,1,7290112969903
7290113191747,false,דפי אורז מרובעים 18-20 יחידות,סו שף Su Chef,,דפי אורז מרובעים 18-20 יחידות,גרמים,250,100 גרם,false,0,9.90,3.96,true,1,7290113191747
7290113192102,false,"דפי אורז עגולים 16 ס""מ",סו שף Su Chef,,"דפי אורז עגולים 16 ס""מ",גרמים,250,100 גרם,false,0,9.90,3.96,true,1,7290113192102
7290113192324,false,זיתים ירוקים שלמים בינוניים,בית השיטה,,זיתים ירוקים שלמים בינוניים,גרמים,560,100 גרם,false,0,7.90,1.41,true,1,7290113192324
7290113192331,false,זיתים ירוקים שלמים גדולים,בית השיטה,,זיתים ירוקים שלמים גדולים,גרמים,560,100 גרם,false,0,9.90,1.77,true,1,7290113192331
7290113192348,false,זיתים ירוקים שלמים גדולים מאוד בטעם שום,בית השיטה,,זיתים ירוקים שלמים גדולים מאוד בטעם שום,גרמים,560,100 גרם,false,0,6.90,1.77,true,1,7290113192348
7290113192355,false,חרוזית - זיתים ירוקים ללא גלעין,בית השיטה,,חרוזית - זיתים ירוקים ללא גלעין,גרמים,560,100 גרם,false,0,9.90,1.77,true,1,7290113192355
7290113192362,false,זיתים ירוקים טבעות,בית השיטה,,זיתים ירוקים טבעות,גרמים,560,100 גרם,false,0,9.90,1.77,true,1,7290113192362
7290113192379,false,זיתים ירוקים מבוקעים,בית השיטה,,זיתים ירוקים מבוקעים,גרמים,560,100 גרם,false,0,10.90,1.95,true,1,7290113192379
7290113192386,false,זיתים ירוקים סורי מבוקע,בית השיטה,,זיתים ירוקים סורי מבוקע,גרמים,560,100 גרם,false,0,9.90,1.77,true,1,7290113192386
7290113192393,false,קוקטייל זיתים,בית השיטה,,קוקטייל זיתים,גרמים,560,100 גרם,false,0,10.90,1.95,true,1,7290113192393
7290113192478,false,מלפפונים במלח בינוניים 10-12,בית השיטה,,מלפפונים במלח בינוניים 10-12,גרמים,560,100 גרם,false,0,7.50,1.34,true,1,7290113192478
7290113192485,false,מלפפונים בחומץ בינוניים 10-12,בית השיטה,,מלפפונים בחומץ בינוניים 10-12,גרמים,560,100 גרם,false,0,7.50,1.34,true,1,7290113192485
7290113192492,false,מלפפונים בחומץ קטנים 13-17,בית השיטה,,מלפפונים בחומץ קטנים 13-17,גרמים,560,100 גרם,false,0,9.90,1.77,true,1,7290113192492
7290113192508,false,מלפפונים במלח קטנים 13-17,בית השיטה,,מלפפונים במלח קטנים 13-17,גרמים,560,100 גרם,false,0,9.90,1.77,true,1,7290113192508
7290113192515,false,מלפפונים במלח קטנים מאוד 18-25,בית השיטה,,מלפפונים במלח קטנים מאוד 18-25,גרמים,560,100 גרם,false,0,10.90,1.95,true,1,7290113192515
7290113192522,false,מלפפונים בחומץ קטנים מאוד 18-25,בית השיטה,,מלפפונים בחומץ קטנים מאוד 18-25,גרמים,560,100 גרם,false,0,10.90,1.95,true,1,7290113192522
7290113192539,false,מלפפונים במלח גדולים 7-9,בית השיטה,,מלפפונים במלח גדולים 7-9,גרמים,560,100 גרם,false,0,6.50,1.16,true,1,7290113192539
7290113192546,false,מלפפונים בחומץ גדולים 7-9,בית השיטה,,מלפפונים בחומץ גדולים 7-9,גרמים,560,100 גרם,false,0,6.50,1.16,true,1,7290113192546
7290113192560,false,פלפל שיפקה חריף כבוש,בית השיטה,,פלפל שיפקה חריף כבוש,גרמים,560,100 גרם,false,0,6.90,1.23,true,1,7290113192560
7290113192577,false,כרוב כבוש,בית השיטה,,כרוב כבוש,גרמים,560,100 גרם,false,0,7.90,1.41,true,1,7290113192577
7290113192881,false,"טורטיה חיטה מופחת קלוריות, קוטר 20 ס""מ - 6 יח'",,,"טורטיה חיטה מופחת קלוריות, קוטר 20 ס""מ - 6 יח'",גרמים,270,100 גרם,false,0,10.90,4.04,true,1,7290113192881
7290113192997,false,זית מרוקאי,בית השיטה,,זית מרוקאי,גרמים,340,100 גרם,false,0,11.90,3.50,true,1,7290113192997
7290113193000,false,פלפל שיפקונית חריף כבוש,בית השיטה,,פלפל שיפקונית חריף כבוש,גרמים,560,100 גרם,false,0,10.90,1.95,true,1,7290113193000
7290113193017,false,זיתים חרוזית קוקטייל,בית השיטה,,זיתים חרוזית קוקטייל,גרמים,560,100 גרם,false,0,11.90,2.13,true,1,7290113193017
7290113193031,false,חרוזית קלמטה - זיתים שחורים ללא גלעין קלמטה,בית השיטה,,חרוזית קלמטה - זיתים שחורים ללא גלעין קלמטה,גרמים,560,100 גרם,false,0,11.90,2.13,true,1,7290113193031
7290113193321,false,שמן זית כתית מעולה כבישה קרה,בית השיטה,,שמן זית כתית מעולה כבישה קרה,מליליטרים,750,"100 מ""ל",false,0,29.90,3.99,true,1,7290113193321
7290113193369,false,תרסיס שמן קנולה מזוכך,בית השיטה,,תרסיס שמן קנולה מזוכך,מליליטרים,150,"100 מ""ל",false,0,16.90,11.27,true,1,7290113193369
7290113193406,false,"קוקטייל טבעות זיתים - זיתים ירוקים, שחורים מרינד",בית השיטה,,"קוקטייל טבעות זיתים - זיתים ירוקים, שחורים מרינד",גרמים,560,100 גרם,false,0,11.90,2.13,true,1,7290113193406
7290113193888,false,חצילים מוחמצים,בית השיטה,,חצילים מוחמצים,גרמים,560,100 גרם,false,0,9.90,1.77,true,1,7290113193888
7290113194090,false,טבעות זיתים קלמטה,בית השיטה,,טבעות זיתים קלמטה,גרמים,560,100 גרם,false,0,10.90,1.95,true,1,7290113194090
7290113194649,false,מלפפונים במלח קוביות,בית השיטה,,מלפפונים במלח קוביות,גרמים,560,100 גרם,false,0,8.90,1.59,true,1,7290113194649
7290113195356,false,שמן קנולה מזוכך,בית השיטה,,שמן קנולה מזוכך,ליטרים,1,ליטר,false,0,14.90,14.90,true,1,7290113195356
7290113195363,false,שמן חמניות מזוכך,בית השיטה,,שמן חמניות מזוכך,ליטרים,1,ליטר,false,0,13.90,13.90,true,1,7290113195363
7290113196759,false,ירקות מעורבים בסגנון מזרחי בטעם ביתי,בית השיטה,,ירקות מעורבים בסגנון מזרחי בטעם ביתי,גרמים,1500,100 גרם,false,0,27.90,1.86,true,1,7290113196759
7290113196780,false,זיתים ירוקים מבוקעים באלדי,בית השיטה,,זיתים ירוקים מבוקעים באלדי,גרמים,1500,100 גרם,false,0,24.90,1.66,true,1,7290113196780
7290113197817,false,חציל קלוי,בית השיטה,,חציל קלוי,גרמים,670,100 גרם,false,0,10.90,1.63,true,1,7290113197817
7290113302044,false,קולר קומפורט שחור אדום מידה S,ריבוס RIBOS,,קולר קומפורט שחור אדום מידה S,,0,,false,0,26.90,0.00,true,1,7290113302044
7290113302051,false,קולר קומפורט שחור אדום מידה M,ריבוס RIBOS,,קולר קומפורט שחור אדום מידה M,,0,,false,0,29.90,0.00,true,1,7290113302051
7290113302068,false,קולר קומפורט שחור אדום מידה L,ריבוס RIBOS,,קולר קומפורט שחור אדום מידה L,,0,,false,0,32.90,0.00,true,1,7290113302068
7290113302075,false,רצועת קומפורט שחור ירוק מידה S,ריבוס RIBOS,,רצועת קומפורט שחור ירוק מידה S,,0,,false,0,36.90,0.00,true,1,7290113302075
7290113302082,false,רצועת קומפורט שחור ירוק מידה M,ריבוס RIBOS,,רצועת קומפורט שחור ירוק מידה M,,0,,false,0,39.90,0.00,true,1,7290113302082
7290113302099,false,רצועת קומפורט שחור ירוק מידה L,ריבוס RIBOS,,רצועת קומפורט שחור ירוק מידה L,,0,,false,0,42.90,0.00,true,1,7290113302099
7290113302167,false,קולר קומפורט שחור סגול מידה S,ריבוס RIBOS,,קולר קומפורט שחור סגול מידה S,,0,,false,0,26.90,0.00,true,1,7290113302167
7290113302174,false,קולר קומפורט שחור סגול מידה M,ריבוס RIBOS,,קולר קומפורט שחור סגול מידה M,,0,,false,0,29.90,0.00,true,1,7290113302174
7290113302181,false,קולר קומפורט שחור סגול מידה L,ריבוס RIBOS,,קולר קומפורט שחור סגול מידה L,,0,,false,0,32.90,0.00,true,1,7290113302181
7290113302198,false,רצועת קומפורט שחור סגול מידה S,ריבוס RIBOS,,רצועת קומפורט שחור סגול מידה S,,0,,false,0,36.90,0.00,true,1,7290113302198
7290113302204,false,רצועת קומפורט שחור סגול מידה M,ריבוס RIBOS,,רצועת קומפורט שחור סגול מידה M,,0,,false,0,39.90,0.00,true,1,7290113302204
7290113302211,false,רצועת קומפורט שחור סגול מידה L,ריבוס RIBOS,,רצועת קומפורט שחור סגול מידה L,,0,,false,0,42.90,0.00,true,1,7290113302211
7290113560055,false,מי פה ללא אלכוהול בטעם מנטה מרענן,פרודונטקס Parodontax,,מי פה ללא אלכוהול בטעם מנטה מרענן,מליליטרים,500,"100 מ""ל",false,0,29.90,5.98,true,1,7290113560055
7290113560062,false,משחת שיניים הלבנה עדינה לשיניים רגישות במשאבה,סנסודיין Sensodyne,,משחת שיניים הלבנה עדינה לשיניים רגישות במשאבה,מליליטרים,100,"100 מ""ל",false,0,24.90,24.90,true,1,7290113560062
7290113560109,false,משחת שיניים פרודונטקס בטעם צמחי,פרודונטקס Parodontax,,משחת שיניים פרודונטקס בטעם צמחי,מליליטרים,75,"100 מ""ל",false,0,29.90,39.87,true,1,7290113560109
7290114145831,false,אוליב שמפו לשיער יבש ופגום מועשר בשמן זית,אוליב Olive,,אוליב שמפו לשיער יבש ופגום מועשר בשמן זית,מליליטרים,800,"100 מ""ל",false,0,29.90,3.74,true,1,7290114145831
7290114145848,false,אוליב - מרכך לשיער יבש ופגום מועשר בשמן זית,אוליב Olive,,אוליב - מרכך לשיער יבש ופגום מועשר בשמן זית,מליליטרים,800,"100 מ""ל",false,0,29.90,3.74,true,1,7290114145848
7290114310215,false,שמנת 38% לבישול והקצפה,טרה,,שמנת 38% לבישול והקצפה,מליליטרים,250,"100 מ""ל",false,0,6.40,2.56,true,1,7290114310215
7290114310222,false,חלב מועשר 3% XL,טרה,,חלב מועשר 3% XL,ליטרים,2,ליטר,false,0,11.90,7.93,true,1,7290114310222
7290114310239,false,חלב נטול לקטוז 2% XL,טרה,,חלב נטול לקטוז 2% XL,ליטרים,2,ליטר,false,0,11.90,7.93,true,1,7290114310239
7290114310246,false,גבינת גרנה פדנו מחלב בקר 29%,משק צוריאל,,גבינת גרנה פדנו מחלב בקר 29%,גרמים,125,100 גרם,false,0,17.90,14.32,true,1,7290114310246
7290114310338,false,צפתית מעודנת 5%,משק צוריאל,,צפתית מעודנת 5%,גרמים,225,100 גרם,false,0,16.90,7.51,true,1,7290114310338
7290114310345,false,יוגורט בטעם תות 1.5%,טרה,,יוגורט בטעם תות 1.5%,גרמים,125,100 גרם,false,0,2.70,2.16,true,1,7290114310345
7290114310482,false,פרוסות גבינת נעם בטעם מעושן 20%,טרה,,פרוסות גבינת נעם בטעם מעושן 20%,גרמים,200,100 גרם,false,0,20.90,10.45,true,1,7290114310482
7290114310536,false,יוגורט אקטיב בטעם וניל 0% מיוצר עם חלבון Whey,מולר Muller,,יוגורט אקטיב בטעם וניל 0% מיוצר עם חלבון Whey,גרמים,200,100 גרם,false,0,5.80,2.90,true,1,7290114310536
7290114310550,false,גבינת פטה עיזים מעודנת 5%,משק צוריאל,,גבינת פטה עיזים מעודנת 5%,גרמים,200,100 גרם,false,0,22.90,11.45,true,1,7290114310550
7290114310567,false,לאבנה מחלב עיזים 5%,משק צוריאל,,לאבנה מחלב עיזים 5%,גרמים,200,100 גרם,false,0,10.90,6.95,true,1,7290114310567
7290114310611,false,משקה חלב בטעם בננה 2% בקבוק אישי,טרה,,משקה חלב בטעם בננה 2% בקבוק אישי,מליליטרים,250,"100 מ""ל",false,0,5.20,2.08,true,1,7290114310611
7290114310628,false,משקה חלב בטעם וניל עוגיות 1.5% שומן,טרה,,משקה חלב בטעם וניל עוגיות 1.5% שומן,ליטרים,1,ליטר,false,0,10.90,10.90,true,1,7290114310628
7290114310673,false,לאבנה 9% מחלב בקר,טרה,,לאבנה 9% מחלב בקר,גרמים,250,100 גרם,false,0,12.90,5.16,true,1,7290114310673
7290114310895,false,מאגדת שמינייה סימפלי 1.5% מנגו ותות,מולר Muller,,מאגדת שמינייה סימפלי 1.5% מנגו ותות,גרמים,1200,100 גרם,false,0,29.90,2.49,true,1,7290114310895
7290114311014,false,משקה חלב אייס קפוצ'ינו בבקבוק אישי,טרה,,משקה חלב אייס קפוצ'ינו בבקבוק אישי,מליליטרים,250,"100 מ""ל",false,0,5.20,2.08,true,1,7290114311014
7290114311021,false,משקה חלב בטעם וניל עוגיות 1.5% שומן,טרה,,משקה חלב בטעם וניל עוגיות 1.5% שומן,מליליטרים,250,"100 מ""ל",false,0,5.20,2.08,true,1,7290114311021
7290114311038,false,שמנת מתוקה להקצפה 32%,טרה,,שמנת מתוקה להקצפה 32%,מליליטרים,250,"100 מ""ל",false,0,6.90,2.76,true,1,7290114311038
7290114311069,false,יוגורט אקטיב מועשר בחלבון בטעם טבעי 0%,מולר Muller,,יוגורט אקטיב מועשר בחלבון בטעם טבעי 0%,גרמים,200,100 גרם,false,0,5.50,2.75,true,1,7290114311069
7290114311076,false,חמאה עם שום,מולר Muller,,חמאה עם שום,גרמים,200,100 גרם,false,0,10.90,5.45,true,1,7290114311076
7290114311199,false,גאודה עיזים,משק צוריאל,,גאודה עיזים,גרמים,150,100 גרם,false,0,20.90,13.93,true,1,7290114311199
7290114311298,false,"יוגורט Froop עם קציפת תות, בננה ומלון",מולר Muller,,"יוגורט Froop עם קציפת תות, בננה ומלון",גרמים,150,100 גרם,false,0,4.70,3.13,true,1,7290114311298
7290114311304,false,"יוגורט Froop עם קציפת מנגו, פסיפלורה ובננה",מולר Muller,,"יוגורט Froop עם קציפת מנגו, פסיפלורה ובננה",גרמים,150,100 גרם,false,0,4.70,3.13,true,1,7290114311304
7290114311328,false,חלב נטול לקטוז 2% שומן מועשר בויטמין D,טרה,,חלב נטול לקטוז 2% שומן מועשר בויטמין D,ליטרים,1,ליטר,false,0,7.40,7.40,true,1,7290114311328
7290114311359,false,יוגורט Froop ביו עם קציפת מנגו 3% שומן,מולר Muller,,יוגורט Froop ביו עם קציפת מנגו 3% שומן,גרמים,150,100 גרם,false,0,4.70,3.13,true,1,7290114311359
7290114311458,false,חלב מועשר 3% בקרטון,טרה,,חלב מועשר 3% בקרטון,ליטרים,1,ליטר,false,0,7.70,7.70,true,1,7290114311458
7290114600750,false,קו-קווים חטיף אפוי עם גבינת פקורינו - חלבי,פרי Free,,קו-קווים חטיף אפוי עם גבינת פקורינו - חלבי,גרמים,150,100 גרם,false,0,11.90,7.93,true,1,7290114600750
7290114600767,false,קו-קווים חטיף אפוי עם זיתים ועגבניות,פרי Free,,קו-קווים חטיף אפוי עם זיתים ועגבניות,גרמים,150,100 גרם,false,0,11.90,7.93,true,1,7290114600767
7290114600927,false,עלי טורטיה חיטה מלאה,מאסטר שף,,עלי טורטיה חיטה מלאה,גרמים,320,100 גרם,false,0,7.90,3.09,true,1,7290114600927
7290114600989,false,רוטב אלף האיים,מאסטר שף,,רוטב אלף האיים,מליליטרים,250,"100 מ""ל",false,0,9.90,3.96,true,1,7290114600989
7290114600996,false,רוטב שום,מאסטר שף,,רוטב שום,מליליטרים,250,"100 מ""ל",false,0,9.90,3.96,true,1,7290114600996
7290114603034,false,"גרנולה אגוזים, צימוקים וחמוציות",פרי Free,,"גרנולה אגוזים, צימוקים וחמוציות",גרמים,300,100 גרם,false,0,17.90,5.97,true,1,7290114603034
7290114603041,false,"גרנולה בוטנים, אגוזים וקוקוס 16% חלבון",פרי Free,,"גרנולה בוטנים, אגוזים וקוקוס 16% חלבון",גרמים,300,100 גרם,false,0,17.90,5.97,true,1,7290114603041
7290114603508,false,רוטב להקפצה,מאסטר שף,,רוטב להקפצה,מליליטרים,300,"100 מ""ל",false,0,9.90,3.30,true,1,7290114603508
7290114603515,false,רוטב קארי אדום,מאסטר שף,,רוטב קארי אדום,גרמים,340,100 גרם,false,0,14.90,4.38,true,1,7290114603515
7290114603522,false,רוטב קארי ירוק,מאסטר שף,,רוטב קארי ירוק,גרמים,340,100 גרם,false,0,14.90,4.38,true,1,7290114603522
7290114603539,false,קרוטונים למרק וסלט,מאסטר שף,,קרוטונים למרק וסלט,גרמים,350,100 גרם,false,0,17.90,5.11,true,1,7290114603539
7290114604840,false,דפי אורז 16 סמ,מאסטר שף,,דפי אורז 16 סמ,גרמים,400,100 גרם,false,0,14.90,3.73,true,1,7290114604840
7290114604857,false,דפי אורז 22 סמ,מאסטר שף,,דפי אורז 22 סמ,גרמים,400,100 גרם,false,0,14.90,3.73,true,1,7290114604857
7290114604864,false,קוסקוס דק,מאסטר שף,,קוסקוס דק,גרמים,350,100 גרם,false,0,5.00,1.69,true,1,7290114604864
7290114604871,false,קוסקוס בינוני,מאסטר שף,,קוסקוס בינוני,גרמים,350,100 גרם,false,0,5.00,1.69,true,1,7290114604871
7290114604895,false,ממרח ספייסי לחיץ,מאסטר שף,,ממרח ספייסי לחיץ,גרמים,446,100 גרם,false,0,10.90,2.89,true,1,7290114604895
7290114604901,false,ממרח שום לחיץ,מאסטר שף,,ממרח שום לחיץ,גרמים,444,100 גרם,false,0,10.90,2.91,true,1,7290114604901
7290114604932,false,רוטב ברביקיו דבש,מאסטר שף,,רוטב ברביקיו דבש,גרמים,520,100 גרם,false,0,12.90,2.48,true,1,7290114604932
7290114604963,false,מאסטר שף פירורים מתובלים,מאסטר שף,,מאסטר שף פירורים מתובלים,גרמים,230,100 גרם,false,0,6.90,3.43,true,1,7290114604963
7290114606530,false,רוטב בטעם מיונז וקטשופ,מאסטר שף,,רוטב בטעם מיונז וקטשופ,גרמים,515,100 גרם,false,0,10.90,2.50,true,1,7290114606530
7290114606547,false,מיונז כמהין,מאסטר שף,,מיונז כמהין,גרמים,242,100 גרם,false,0,10.90,5.33,true,1,7290114606547
7290114606554,false,מיונז מופחת קלוריות בקבוק לחיץ,מאסטר שף,,מיונז מופחת קלוריות בקבוק לחיץ,גרמים,470,100 גרם,false,0,10.90,2.74,true,1,7290114606554
7290114606592,false,רוטב סויה מסורתי מכיל 46% פולי סויה,מאסטר שף,,רוטב סויה מסורתי מכיל 46% פולי סויה,מליליטרים,620,"100 מ""ל",false,0,16.90,2.73,true,1,7290114606592
7290114606608,false,מאסטר שף סויה מסורתית דל נתרן,מאסטר שף,,מאסטר שף סויה מסורתית דל נתרן,מליליטרים,620,"100 מ""ל",false,0,16.90,2.73,true,1,7290114606608
7290114608633,false,דפי אצות 10 דפים Gold,מאסטר שף,,דפי אצות 10 דפים Gold,גרמים,25,100 גרם,false,0,11.90,47.60,true,1,7290114608633
7290114608671,false,סילאן לחיץ,מאסטר שף,,סילאן לחיץ,גרמים,470,100 גרם,false,0,14.90,3.17,true,1,7290114608671
7290114608695,false,מיונז וואסבי,מאסטר שף,,מיונז וואסבי,גרמים,241,100 גרם,false,0,10.90,5.35,true,1,7290114608695
7290115073676,false,מארז 50 יח מסיכות חד פעמי,שמחה זה אנחנו,,מארז 50 יח מסיכות חד פעמי,יחידות,50,יחידה,false,0,9.90,0.20,true,1,7290115073676
7290115200003,false,פתיבר פינוקי וניל - חלבי,אסם,,פתיבר פינוקי וניל - חלבי,גרמים,220,100 גרם,false,0,10.90,4.95,true,1,7290115200003
7290115200027,false,פתיבר פינוקי שוקו - חלבי,אסם,,פתיבר פינוקי שוקו - חלבי,גרמים,220,100 גרם,false,0,10.90,4.95,true,1,7290115200027
7290115200676,false,עוגיות קרמוגית במילוי קרם בטעם קרמל מלוח,אסם,,עוגיות קרמוגית במילוי קרם בטעם קרמל מלוח,גרמים,200,100 גרם,false,0,10.90,5.45,true,1,7290115200676
7290115200713,false,מארז במבה - 5 יח',אסם,,מארז במבה - 5 יח',גרמים,250,100 גרם,false,5,12.90,5.16,true,1,7290115200713
7290115200782,false,פיתות פרימיום נאפה במקום - מארז 5 יח',בונז'ור,,פיתות פרימיום נאפה במקום - מארז 5 יח',גרמים,500,100 גרם,false,0,5.90,1.18,true,1,7290115200782
7290115201031,false,פתיבר דובוני שוקולד,אסם,,פתיבר דובוני שוקולד,גרמים,178,100 גרם,false,0,9.90,5.56,true,1,7290115201031
7290115201239,false,בגט רוסטיק דגנים,בונז'ור,,בגט רוסטיק דגנים,,0,,false,0,7.90,0.00,true,1,7290115201239
7290115201253,false,לחם מחמצת עם קמח מלא וסובין,בונז'ור,,לחם מחמצת עם קמח מלא וסובין,,0,,false,0,16.90,0.00,true,1,7290115201253
7290115201277,false,לחם מחמצת עם בצל,בונז'ור,,לחם מחמצת עם בצל,,0,,false,0,16.90,0.00,true,1,7290115201277
7290115201291,false,לחם מחמצת כפרי עם שיפון,בונז'ור,,לחם מחמצת כפרי עם שיפון,,0,,false,0,16.90,0.00,true,1,7290115201291
7290115201338,false,לחם מחמצת כפרי עם חמוציות,בונז'ור,,לחם מחמצת כפרי עם חמוציות,,0,,false,0,16.90,0.00,true,1,7290115201338
7290115201475,false,טבעול גורמה לביבות כרישה,טבעול,,טבעול גורמה לביבות כרישה,גרמים,434,100 גרם,false,0,32.90,7.58,true,1,7290115201475
7290115201680,false,ביסלי בטעם ברביקיו,אסם,,ביסלי בטעם ברביקיו,גרמים,70,100 גרם,false,0,4.30,6.14,true,1,7290115201680
7290115201703,false,ביסלי בטעם ברביקיו,אסם,,ביסלי בטעם ברביקיו,גרמים,200,100 גרם,false,0,7.90,3.95,true,1,7290115201703
7290115201727,false,ביסלי בטעם בצל,אסם,,ביסלי בטעם בצל,גרמים,200,100 גרם,false,0,7.90,3.95,true,1,7290115201727
7290115201741,false,ביסלי בטעם בצל,אסם,,ביסלי בטעם בצל,גרמים,70,100 גרם,false,0,4.30,6.14,true,1,7290115201741
7290115202212,false,טבעול גורמה לביבות סלק,טבעול,,טבעול גורמה לביבות סלק,גרמים,434,100 גרם,false,0,32.90,7.58,true,1,7290115202212
7290115202236,false,טופו קראנצ'ים,טבעול,,טופו קראנצ'ים,גרמים,470,100 גרם,false,0,29.90,6.36,true,1,7290115202236
7290115202250,false,טופו קראנצ'ים צ'ילי פיקנטי,טבעול,,טופו קראנצ'ים צ'ילי פיקנטי,גרמים,470,100 גרם,false,0,29.90,6.36,true,1,7290115202250
7290115202786,false,מנה חמה פאוצ' נודלס בטעם בקר,אסם,,מנה חמה פאוצ' נודלס בטעם בקר,גרמים,70,100 גרם,false,0,4.90,7.00,true,1,7290115202786
7290115202816,false,מנה חמה פאוצ' נודלס בטעם עוף,אסם,,מנה חמה פאוצ' נודלס בטעם עוף,גרמים,70,100 גרם,false,0,4.90,7.00,true,1,7290115202816
7290115202847,false,מנה חמה פאוצ' נודלס ספייסי,אסם,,מנה חמה פאוצ' נודלס ספייסי,גרמים,70,100 גרם,false,0,4.90,7.00,true,1,7290115202847
7290115202953,false,מנה חמה נודלס אורז ברוטב קארי צהוב,אסם,,מנה חמה נודלס אורז ברוטב קארי צהוב,גרמים,55,100 גרם,false,0,7.90,14.36,true,1,7290115202953
7290115203103,true,עוגיות שוקולד צ'יפס בייגלה - חלבי,בונז'ור,,עוגיות שוקולד צ'יפס בייגלה - חלבי,קילוגרמים,0,"ק""ג",true,0,40.00,0.00,true,1,7290115203103
7290115203172,false,במבה PRO מכיל 18 גרם חלבון בשקית,אסם,,במבה PRO מכיל 18 גרם חלבון בשקית,גרמים,80,100 גרם,false,0,4.50,5.63,true,1,7290115203172
7290115203295,false,פסטה רצ'יאולי,אסם פרפקטו Perfecto,,פסטה רצ'יאולי,גרמים,500,100 גרם,false,0,9.90,1.98,true,1,7290115203295
7290115204131,false,צבר סחוג ירוק,צבר,,צבר סחוג ירוק,גרמים,190,100 גרם,false,0,10.90,5.74,true,1,7290115204131
7290115204155,false,צבר סחוג אדום,צבר,,צבר סחוג אדום,גרמים,190,100 גרם,false,0,10.90,5.74,true,1,7290115204155
7290115204186,false,צבר פסטו,צבר,,צבר פסטו,גרמים,190,100 גרם,false,0,14.90,7.84,true,1,7290115204186
7290115204247,false,צבר עגבניות מיובשות,צבר,,צבר עגבניות מיובשות,גרמים,190,100 גרם,false,0,14.90,7.84,true,1,7290115204247
7290115204261,false,צבר אריסה,צבר,,צבר אריסה,גרמים,190,100 גרם,false,0,10.90,5.74,true,1,7290115204261
7290115205169,true,עוגיות שוקולד צ'יפס נוגט - חלבי,בונז'ור,,עוגיות שוקולד צ'יפס נוגט - חלבי,קילוגרמים,0,"ק""ג",true,0,40.00,0.00,true,1,7290115205169
7290115205176,false,קרקר פיטנס דק כפרי,נסטלה Nestle,,קרקר פיטנס דק כפרי,גרמים,140,100 גרם,false,0,10.90,7.79,true,1,7290115205176
7290115205312,false,קרקר פיטנס דק עם זיתי קלמטה ועשבי תיבול,נסטלה Nestle,,קרקר פיטנס דק עם זיתי קלמטה ועשבי תיבול,גרמים,140,100 גרם,false,0,10.90,7.79,true,1,7290115205312
7290115205336,true,עוגיות שוקולד צ'יפס בטעם וניל עם שוקולד חלב ומריר,בונז'ור,,עוגיות שוקולד צ'יפס בטעם וניל עם שוקולד חלב ומריר,קילוגרמים,0,"ק""ג",true,0,40.00,0.00,true,1,7290115205336
7290115205633,false,נקניקיה צמחונית סנסשיונל,טבעול,,נקניקיה צמחונית סנסשיונל,גרמים,350,100 גרם,false,0,32.90,9.40,true,1,7290115205633
7290115205695,false,בצק פיצה מצונן בונז'ור,אסם,,בצק פיצה מצונן בונז'ור,גרמים,460,100 גרם,false,0,18.90,4.11,true,1,7290115205695
7290115205718,false,בצק עלים מצונן בונז'ור,אסם,,בצק עלים מצונן בונז'ור,גרמים,230,100 גרם,false,0,14.90,6.48,true,1,7290115205718
7290115206135,false,טבעול גורמה ארוחת קינואה,טבעול,,טבעול גורמה ארוחת קינואה,גרמים,450,100 גרם,false,0,32.90,7.31,true,1,7290115206135
7290115207361,false,ביסקוויט פתיבר בטעם פיסטוק,אסם,,ביסקוויט פתיבר בטעם פיסטוק,גרמים,500,100 גרם,false,0,11.90,2.38,true,1,7290115207361
7290115207484,false,חציל על האש,צבר,,חציל על האש,גרמים,360,100 גרם,false,0,13.90,3.86,true,1,7290115207484
7290115207507,false,סלט טורקי,צבר,,סלט טורקי,גרמים,360,100 גרם,false,0,13.90,3.86,true,1,7290115207507
7290115207668,false,רוטב סויה בסגנון סיני,אסם,,רוטב סויה בסגנון סיני,מליליטרים,600,"100 מ""ל",false,0,16.90,2.82,true,1,7290115207668
7290115207941,false,ויטמינצ'יק בטעם אננס,ויטמינצ'יק,,ויטמינצ'יק בטעם אננס,ליטרים,1,ליטר,false,0,19.90,19.90,true,1,7290115207941
7290115207965,false,ויטמינצ'יק בטעם מנגו אפרסק,ויטמינצ'יק,,ויטמינצ'יק בטעם מנגו אפרסק,ליטרים,1,ליטר,false,0,19.90,19.90,true,1,7290115207965
7290115207989,false,ויטמינצ'יק בטעם לימון,ויטמינצ'יק,,ויטמינצ'יק בטעם לימון,ליטרים,1,ליטר,false,0,19.90,19.90,true,1,7290115207989
7290115208009,false,ויטמינצ'יק בטעם ענבים,ויטמינצ'יק,,ויטמינצ'יק בטעם ענבים,ליטרים,1,ליטר,false,0,19.90,19.90,true,1,7290115208009
7290115208047,false,ויטמינצ'יק בטעם פטל,ויטמינצ'יק,,ויטמינצ'יק בטעם פטל,ליטרים,1,ליטר,false,0,19.90,19.90,true,1,7290115208047
7290115208061,false,ויטמינצ'יק בטעם תפוח,ויטמינצ'יק,,ויטמינצ'יק בטעם תפוח,ליטרים,1,ליטר,false,0,19.90,19.90,true,1,7290115208061
7290115209198,false,במבה אוורירית,אסם,,במבה אוורירית,גרמים,80,100 גרם,false,0,4.50,5.63,true,1,7290115209198
7290115209358,false,במבה במילוי קרם בטעם בראוניז,אסם,,במבה במילוי קרם בטעם בראוניז,גרמים,60,100 גרם,false,0,4.50,7.50,true,1,7290115209358
7290115340068,false,מברשת סיליקון לחפיפה ולעיסוי הקרקפת,קמילוטרקט,,מברשת סיליקון לחפיפה ולעיסוי הקרקפת,יחידות,1,יחידה,false,0,39.90,39.90,true,1,7290115340068
7290115340112,false,מסכה לשיער 3 ב- 1,נייטשר נאט Nature Nut,,מסכה לשיער 3 ב- 1,מליליטרים,250,"100 מ""ל",false,0,54.90,21.96,true,1,7290115340112
7290115480016,false,קפסולות ג'ל לכביסה,סוד,,קפסולות ג'ל לכביסה,יחידות,26,יחידה,false,0,29.90,1.15,true,1,7290115480016
7290115623277,false,קלחת 1 ליטר BIOCOOK,Food appeal,,קלחת 1 ליטר BIOCOOK,,0,,false,0,99.90,0.00,true,1,7290115623277
7290115623345,false,"סוטאז' 32 ס""מ, 10.5 ליטר BIOCOOK",פוד אפיל Food Appeal,,"סוטאז' 32 ס""מ, 10.5 ליטר BIOCOOK",,0,,false,0,199.90,0.00,true,1,7290115623345
7290115660036,false,"קרם עשיר 50 מ""ל + מי פנים 90 מ""ל",סבוקלם Sebocalm,,"קרם עשיר 50 מ""ל + מי פנים 90 מ""ל",מליליטרים,140,"100 מ""ל",false,0,79.90,57.07,true,1,7290115660036
7290115660074,false,סבוקלם אינוביישן בוסטר ויטמין C,סבוקלם Sebocalm,,סבוקלם אינוביישן בוסטר ויטמין C,מליליטרים,30,"100 מ""ל",false,0,159.90,533.00,true,1,7290115660074
7290115660098,false,ג'ל אלוורה 99%,סבוקלם Sebocalm,,ג'ל אלוורה 99%,מליליטרים,250,"100 מ""ל",false,0,39.90,15.96,true,1,7290115660098
7290115660104,false,דאודורנט סטיק ללא אלכוהול קול גרין,סבוקלם Sebocalm,,דאודורנט סטיק ללא אלכוהול קול גרין,גרמים,50,100 גרם,false,0,49.90,99.80,true,1,7290115660104
7290115660203,false,דאודורנט סטיק ללא אלכוהול ללא בושם,סבוקלם Sebocalm,,דאודורנט סטיק ללא אלכוהול ללא בושם,גרמים,50,100 גרם,false,0,49.90,99.80,true,1,7290115660203
7290115660210,false,דאודורנט סטיק ללא אלכוהול מאסק,סבוקלם Sebocalm,,דאודורנט סטיק ללא אלכוהול מאסק,גרמים,50,100 גרם,false,0,49.90,99.80,true,1,7290115660210
7290115660289,false,מארז קרם לחות לפנים וסבון גוף אסאי ופרחי צבר,סבוקלם Sebocalm,,מארז קרם לחות לפנים וסבון גוף אסאי ופרחי צבר,מליליטרים,70,"100 מ""ל",false,0,79.90,114.14,true,1,7290115660289
7290115660296,false,מארז קרם לחות לפנים וסבון גוף קפה ירוק ואמלה,סבוקלם Sebocalm,,מארז קרם לחות לפנים וסבון גוף קפה ירוק ואמלה,מליליטרים,70,"100 מ""ל",false,0,79.90,114.14,true,1,7290115660296
7290115670684,false,גרנולה שיבולת שועל עם אגוזי לוז,אנרג'י Energy - שטראוס,,גרנולה שיבולת שועל עם אגוזי לוז,גרמים,400,100 גרם,false,0,12.90,3.23,true,1,7290115670684
7290115670691,false,גרנולה שיבולת שועל עם פירות יער,אנרג'י Energy - שטראוס,,גרנולה שיבולת שועל עם פירות יער,גרמים,400,100 גרם,false,0,12.90,3.23,true,1,7290115670691
7290115670707,false,גרנולה שיבולת שועל עם שוקולד ואגוזי לוז,אנרג'י Energy - שטראוס,,גרנולה שיבולת שועל עם שוקולד ואגוזי לוז,גרמים,400,100 גרם,false,0,12.90,3.23,true,1,7290115670707
7290115671339,false,מיני פינוקיות בראוניז בייגל בוטן,עלית,,מיני פינוקיות בראוניז בייגל בוטן,גרמים,180,100 גרם,false,0,9.90,5.50,true,1,7290115671339
7290115671346,false,מיני פינוקיות בטעם טופי קרמל מלוח,עלית,,מיני פינוקיות בטעם טופי קרמל מלוח,גרמים,180,100 גרם,false,0,9.90,5.50,true,1,7290115671346
7290115671353,false,מיני פינוקיות עוגיות קקאו במילוי קרם בטעם וניל,עלית,,מיני פינוקיות עוגיות קקאו במילוי קרם בטעם וניל,גרמים,180,100 גרם,false,0,9.90,5.50,true,1,7290115671353
7290115675696,false,דגני בוקר קראנצ'ים שיבולת שועל עם אגוזים ושקדים,קוואקר Quaker,,דגני בוקר קראנצ'ים שיבולת שועל עם אגוזים ושקדים,גרמים,375,100 גרם,false,0,19.90,5.31,true,1,7290115675696
7290115675702,false,דגני בוקר קראנצ'ים שיבולת שועל עם פירות מיובשים,קוואקר Quaker,,דגני בוקר קראנצ'ים שיבולת שועל עם פירות מיובשים,גרמים,375,100 גרם,false,0,19.90,5.31,true,1,7290115675702
7290115675719,false,דגני בוקר קראנצ'ים שיבולת שועל וחתיכות שוקולד מריר,קוואקר Quaker,,דגני בוקר קראנצ'ים שיבולת שועל וחתיכות שוקולד מריר,גרמים,375,100 גרם,false,0,19.90,5.31,true,1,7290115675719
7290115675986,false,יוגורט עם אגוזי לוז ושקדים בקרמל מלוח 4.5%,דנונה - שטראוס,,יוגורט עם אגוזי לוז ושקדים בקרמל מלוח 4.5%,גרמים,173,100 גרם,false,0,4.50,2.60,true,1,7290115675986
7290115676037,false,דנונה ריפרש יוגורט עם תות ודומדמניות 1.6% שומן,דנונה - שטראוס,,דנונה ריפרש יוגורט עם תות ודומדמניות 1.6% שומן,גרמים,250,100 גרם,false,0,5.50,2.20,true,1,7290115676037
7290115676051,false,יוגורט אקטיביה במתיקות מעודנת עם שיבולת שועל,דנונה - שטראוס,,יוגורט אקטיביה במתיקות מעודנת עם שיבולת שועל,גרמים,265,100 גרם,false,0,4.90,1.85,true,1,7290115676051
7290115676082,false,משקה יוגורט PRO בטעם תות 1% שומן,דנונה - שטראוס,,משקה יוגורט PRO בטעם תות 1% שומן,גרמים,255,100 גרם,false,0,6.40,2.51,true,1,7290115676082
7290115676099,false,משקה יוגורט PRO בטעם וניל 1% שומן,דנונה - שטראוס,,משקה יוגורט PRO בטעם וניל 1% שומן,גרמים,255,100 גרם,false,0,6.40,2.51,true,1,7290115676099
7290115676341,false,אריזות דבש אישיות טו-גו 18 מנות אישיות,יד מרדכי,,אריזות דבש אישיות טו-גו 18 מנות אישיות,גרמים,162,100 גרם,false,0,17.90,12.28,true,1,7290115676341
7290115677409,false,אורז קארי צהוב עם ירקות ברוטב קארי וקרם קוקוס,שטראוס דלישס,,אורז קארי צהוב עם ירקות ברוטב קארי וקרם קוקוס,גרמים,350,100 גרם,false,0,26.90,7.69,true,1,7290115677409
7290115678222,false,מארז 8 גביעים יוגורט Greek בסגנון יווני 6.5% שומן,דנונה - שטראוס,,מארז 8 גביעים יוגורט Greek בסגנון יווני 6.5% שומן,גרמים,1040,100 גרם,false,8,23.90,2.30,true,1,7290115678222
7290115678376,false,מעדן הגולן בטעם שוקולד,שטראוס,,מעדן הגולן בטעם שוקולד,גרמים,125,100 גרם,false,0,2.90,2.32,true,1,7290115678376
7290115678383,false,מעדן הגולן בטעם שוקולד מריר,שטראוס,,מעדן הגולן בטעם שוקולד מריר,גרמים,125,100 גרם,false,0,2.90,2.32,true,1,7290115678383
7290115678635,false,נשנושי גבינה -גבינת שמנת 16%+כעכים שטוחים עם מלח,שטראוס,,נשנושי גבינה -גבינת שמנת 16%+כעכים שטוחים עם מלח,גרמים,67,100 גרם,false,0,9.90,14.78,true,1,7290115678635
7290115678642,false,נשנושי גבינה -גבינת שמנת 16% + חטיף אפוי עם זיתים,שטראוס,,נשנושי גבינה -גבינת שמנת 16% + חטיף אפוי עם זיתים,גרמים,67,100 גרם,false,0,9.90,14.78,true,1,7290115678642
7290115679885,false,פיצה מבצק עם כרובית עם רוטב עגבניות ומוצרלה,שטראוס דלישס,,פיצה מבצק עם כרובית עם רוטב עגבניות ומוצרלה,גרמים,400,100 גרם,false,0,27.90,6.98,true,1,7290115679885
7290115679915,false,פיצה מבצק עם דלעת עם רוטב עגבניות ומוצרלה,שטראוס דלישס,,פיצה מבצק עם דלעת עם רוטב עגבניות ומוצרלה,גרמים,400,100 גרם,false,0,27.90,6.98,true,1,7290115679915
7290116530000,false,תרחיץ פנים בניחוח מלפפון ותה ירוק לכל סוגי העור,דאב Dove,,תרחיץ פנים בניחוח מלפפון ותה ירוק לכל סוגי העור,מליליטרים,180,"100 מ""ל",false,0,14.90,8.28,true,1,7290116530000
7290116530062,false,רוטב לסלט ויניגרט,הלמנס hellmann's,,רוטב לסלט ויניגרט,גרמים,295,100 גרם,false,0,12.90,4.37,true,1,7290116530062
7290116530116,false,מאגדת חטיף נוגט מצופה שוקולד לבן,קליק,,מאגדת חטיף נוגט מצופה שוקולד לבן,גרמים,105,100 גרם,false,0,11.90,11.33,true,1,7290116530116
7290116530161,false,"תחליב רחצה בניחוח שייק אננס, מלון וחלב שיבולת שועל",פינוק,,"תחליב רחצה בניחוח שייק אננס, מלון וחלב שיבולת שועל",מליליטרים,700,"100 מ""ל",false,0,10.90,1.56,true,1,7290116530161
7290116530215,false,דאודורנט סטיק לגבר דרק טמפטיישן,אקס Axe,,דאודורנט סטיק לגבר דרק טמפטיישן,גרמים,77,100 גרם,false,0,18.90,24.55,true,1,7290116530215
7290116530222,false,דאודורנט סטיק לגבר אנרכי,אקס Axe,,דאודורנט סטיק לגבר אנרכי,גרמים,77,100 גרם,false,0,18.90,24.55,true,1,7290116530222
7290116530239,false,דאודורנט סטיק לגבר בלאק,אקס Axe,,דאודורנט סטיק לגבר בלאק,גרמים,77,100 גרם,false,0,18.90,24.55,true,1,7290116530239
7290116530482,false,מארז קורנפלקס של אלופים 5 שקיות אישיות,תלמה,,מארז קורנפלקס של אלופים 5 שקיות אישיות,גרמים,150,100 גרם,false,5,12.90,8.60,true,1,7290116530482
7290116530871,false,חטיף נשנושים מיקס+בייגלה,בייגל בייגל BB,,חטיף נשנושים מיקס+בייגלה,גרמים,240,100 גרם,false,0,12.90,5.38,true,1,7290116530871
7290116530895,false,תרסיס ריחני למייבש כביסה בניחוח פינוק כחול,בדין,,תרסיס ריחני למייבש כביסה בניחוח פינוק כחול,מליליטרים,500,"100 מ""ל",false,0,16.90,3.38,true,1,7290116530895
7290116531021,false,טבלת שוקולד חלב,ורד הגליל,,טבלת שוקולד חלב,גרמים,100,100 גרם,false,0,5.90,5.90,true,1,7290116531021
7290116531090,false,דג דג חטיף אפוי דג דג במליחות מעודנת,בייגל בייגל BB,,דג דג חטיף אפוי דג דג במליחות מעודנת,גרמים,250,100 גרם,false,0,10.90,4.36,true,1,7290116531090
7290116531243,false,שמפו ומרכך 2 ב-1 למניעת קשקשים,פינוק,,שמפו ומרכך 2 ב-1 למניעת קשקשים,מליליטרים,700,"100 מ""ל",false,0,14.90,2.13,true,1,7290116531243
7290116531311,false,חטיף קליק בלאק&וויט בציפוי שוקולד לבן,קליק,,חטיף קליק בלאק&וויט בציפוי שוקולד לבן,גרמים,35,100 גרם,false,0,3.90,11.14,true,1,7290116531311
7290116531328,false,חטיף קליק בלאק&וויט בציפוי שוקולד חלב,קליק,,חטיף קליק בלאק&וויט בציפוי שוקולד חלב,גרמים,35,100 גרם,false,0,3.90,11.14,true,1,7290116531328
7290116531496,false,קינמונים דגני בוקר,תלמה,,קינמונים דגני בוקר,גרמים,375,100 גרם,false,0,19.90,5.31,true,1,7290116531496
7290116531557,false,מאגדת פריכיות דקות עם תירס מלא,פתית,,מאגדת פריכיות דקות עם תירס מלא,גרמים,150,100 גרם,false,0,12.90,8.60,true,1,7290116531557
7290116531564,false,מאגדת פריכיות תירס דקות עם קינואה ובזיליקום,פתית,,מאגדת פריכיות תירס דקות עם קינואה ובזיליקום,גרמים,150,100 גרם,false,0,12.90,8.60,true,1,7290116531564
7290116531656,false,מרכך בניחוח תפוח,פינוק,,מרכך בניחוח תפוח,מליליטרים,700,"100 מ""ל",false,0,11.90,1.70,true,1,7290116531656
7290116531663,false,תחליב רחצה בניחוח תפוח,פינוק,,תחליב רחצה בניחוח תפוח,מליליטרים,700,"100 מ""ל",false,0,10.90,1.56,true,1,7290116531663
7290116531779,false,דפי מרכך למייבש כביסה כחול,בדין,,דפי מרכך למייבש כביסה כחול,יחידות,40,יחידה,false,0,18.90,0.47,true,1,7290116531779
7290116531830,false,דגני בוקר כריות קינמון,תלמה,,דגני בוקר כריות קינמון,גרמים,686,100 גרם,false,0,24.90,3.63,true,1,7290116531830
7290116531885,false,ממרח טבעוני ויגן,הלמנס hellmann's,,ממרח טבעוני ויגן,גרמים,500,100 גרם,false,0,13.90,2.78,true,1,7290116531885
7290116531892,false,רוטב על האש רוטב בטעם ברביקיו מעושן,קנור Knorr,,רוטב על האש רוטב בטעם ברביקיו מעושן,גרמים,350,100 גרם,false,0,12.90,3.69,true,1,7290116531892
7290116532011,false,קליק חטיף נוגט,קליק,,קליק חטיף נוגט,גרמים,35,100 גרם,false,0,3.90,11.14,true,1,7290116532011
7290116532219,false,קורנפלקס תות דגני בוקר,תלמה,,קורנפלקס תות דגני בוקר,גרמים,448,100 גרם,false,0,19.90,4.44,true,1,7290116532219
7290116532240,false,טבלה שוקולד חלב עוגיות ופצפוצי דגנים,קליק,,טבלה שוקולד חלב עוגיות ופצפוצי דגנים,גרמים,85,100 גרם,false,0,4.90,5.76,true,1,7290116532240
7290116532387,false,אל סבון לידיים בתוספת חמאת שיאה,פינוק,,אל סבון לידיים בתוספת חמאת שיאה,מליליטרים,950,"100 מ""ל",false,0,12.90,1.36,true,1,7290116532387
7290116532394,false,אל סבון לידיים בתוספת חמאת קקאו,פינוק,,אל סבון לידיים בתוספת חמאת קקאו,מליליטרים,950,"100 מ""ל",false,0,12.90,1.36,true,1,7290116532394
7290116532585,false,דגני בוקר ברנפלקס קרנצ'ים בטעם דבש וקינמון,תלמה,,דגני בוקר ברנפלקס קרנצ'ים בטעם דבש וקינמון,גרמים,375,100 גרם,false,0,22.90,6.11,true,1,7290116532585
7290116532615,false,שמפו עם תמצית גוג'י ברי,פינוק,,שמפו עם תמצית גוג'י ברי,מליליטרים,700,"100 מ""ל",false,0,11.90,1.70,true,1,7290116532615
7290116532622,false,מרכך עם תמצית גוג'י ברי,פינוק,,מרכך עם תמצית גוג'י ברי,מליליטרים,700,"100 מ""ל",false,0,11.90,1.70,true,1,7290116532622
7290116532769,false,"גרנולה פרוטאין בתוספת חלבון, תפוח וקינמון",תלמה,,"גרנולה פרוטאין בתוספת חלבון, תפוח וקינמון",גרמים,300,100 גרם,false,0,15.90,5.30,true,1,7290116532769
7290116930442,false,"יופלה שייק בננה, מנגו, תפוז, גזר וצ'יה",יופלה Yoplait,,"יופלה שייק בננה, מנגו, תפוז, גזר וצ'יה",מליליטרים,230,"100 מ""ל",false,0,7.90,3.43,true,1,7290116930442
7290116930459,false,"יופלה שייק בננה, אננס וקוקוס",יופלה Yoplait,,"יופלה שייק בננה, אננס וקוקוס",מליליטרים,230,"100 מ""ל",false,0,7.90,3.43,true,1,7290116930459
7290116930466,false,"יופלה שייק מנגו, בננה, פסיפלורה והל",יופלה Yoplait,,"יופלה שייק מנגו, בננה, פסיפלורה והל",מליליטרים,230,"100 מ""ל",false,0,7.90,3.43,true,1,7290116930466
7290116930480,false,"יופלה שייק בננה, קיווי ותפוח",יופלה Yoplait,,"יופלה שייק בננה, קיווי ותפוח",מליליטרים,230,"100 מ""ל",false,0,7.90,3.43,true,1,7290116930480
7290116930701,false,מעדן חלב GO מועשר בחלבון בטעם קרמל מלוח,תנובה,,מעדן חלב GO מועשר בחלבון בטעם קרמל מלוח,גרמים,120,100 גרם,false,0,4.50,3.75,true,1,7290116930701
7290116931081,false,מעדן סויה בטעם טופי קרמל,תנובה Alternative,,מעדן סויה בטעם טופי קרמל,מליליטרים,125,"100 מ""ל",false,0,3.90,3.12,true,1,7290116931081
7290117260043,false,ריבת עלי ורדים,וילי פוד,,ריבת עלי ורדים,גרמים,380,100 גרם,false,0,9.90,2.61,true,1,7290117260043
7290117260050,false,קונפיטורה חבושים,וילי פוד,,קונפיטורה חבושים,גרמים,380,100 גרם,false,0,9.90,2.61,true,1,7290117260050
7290117260067,false,קונפיטורה תפוזים,וילי פוד,,קונפיטורה תפוזים,גרמים,380,100 גרם,false,0,9.90,2.61,true,1,7290117260067
7290117260173,false,קמח חיטה רב תכליתי,וילי פוד,,קמח חיטה רב תכליתי,קילוגרמים,1,"ק""ג",false,0,9.90,9.90,true,1,7290117260173
7290117260234,false,קפה טורקי אמיתי מטורקיה - מארז 3 יחידות,וילי פוד,,קפה טורקי אמיתי מטורקיה - מארז 3 יחידות,גרמים,300,100 גרם,false,3,14.90,4.97,true,1,7290117260234
7290117260463,false,גבינה בולגרית מעודנת למריחה 5% עם פלפל חלפיניו,Euro יורו מחלבות אירופה,,גבינה בולגרית מעודנת למריחה 5% עם פלפל חלפיניו,גרמים,200,100 גרם,false,0,12.90,6.45,true,1,7290117260463
7290117260692,false,משקה חלב עם שוקולד 1.6% בתוספת קולגן וויטמין D,Euro יורו מחלבות אירופה,,משקה חלב עם שוקולד 1.6% בתוספת קולגן וויטמין D,ליטרים,1,ליטר,false,0,10.90,10.90,true,1,7290117260692
7290117260708,false,משקה חלב עם תות שדה 1.3% בתוספת קולגן וויטמין D,Euro יורו מחלבות אירופה,,משקה חלב עם תות שדה 1.3% בתוספת קולגן וויטמין D,ליטרים,1,ליטר,false,0,10.90,10.90,true,1,7290117260708
7290117260715,false,משקה חלב עם פירות יער 1.3% בתוספת קולגן וויטמין D,Euro יורו מחלבות אירופה,,משקה חלב עם פירות יער 1.3% בתוספת קולגן וויטמין D,ליטרים,1,ליטר,false,0,10.90,10.90,true,1,7290117260715
7290117260920,false,קרקרים ללא גלוטן,וילי פוד,,קרקרים ללא גלוטן,גרמים,125,100 גרם,false,0,5.90,7.92,true,1,7290117260920
7290117260937,false,קרקרים ללא גלוטן עם עגבניות ואורגנו,וילי פוד,,קרקרים ללא גלוטן עם עגבניות ואורגנו,גרמים,125,100 גרם,false,0,5.90,7.92,true,1,7290117260937
7290117260944,false,מיני גריסיני ללא גלוטן עם שמן זית,וילי פוד,,מיני גריסיני ללא גלוטן עם שמן זית,גרמים,125,100 גרם,false,0,5.90,7.92,true,1,7290117260944
7290117260951,false,ביסקוויטים ללא גלוטן עם פירות הדר,וילי פוד,,ביסקוויטים ללא גלוטן עם פירות הדר,גרמים,125,100 גרם,false,0,5.90,7.92,true,1,7290117260951
7290117260968,false,ביסקוויטים ללא גלוטן - חלבי,וילי פוד,,ביסקוויטים ללא גלוטן - חלבי,גרמים,125,100 גרם,false,0,5.90,7.92,true,1,7290117260968
7290117261163,false,פיתה יוונית מוקפאת - מארז 10 יחידות,וילי פוד,,פיתה יוונית מוקפאת - מארז 10 יחידות,גרמים,750,100 גרם,false,0,14.90,1.99,true,1,7290117261163
7290117261170,false,פיתה יוונית עם קמח תירס מוקפאת - מארז 8 יחידות,וילי פוד,,פיתה יוונית עם קמח תירס מוקפאת - מארז 8 יחידות,גרמים,680,100 גרם,false,0,14.90,2.19,true,1,7290117261170
7290117261415,false,יוגורט פרוביוטי 2.7% שומן,Euro יורו מחלבות אירופה,,יוגורט פרוביוטי 2.7% שומן,גרמים,125,100 גרם,false,0,3.50,2.80,true,1,7290117261415
7290117261422,false,יוגורט פרוביוטי עם תות שדה 2% שומן,Euro יורו מחלבות אירופה,,יוגורט פרוביוטי עם תות שדה 2% שומן,גרמים,125,100 גרם,false,0,3.50,2.80,true,1,7290117261422
7290117261439,false,יוגורט פרוביוטי עם פירות יער 2% שומן,Euro יורו מחלבות אירופה,,יוגורט פרוביוטי עם פירות יער 2% שומן,גרמים,125,100 גרם,false,0,3.50,2.80,true,1,7290117261439
7290117261446,false,יוגורט פרביוטי עם אפרסק ומשמש 2% שומן,Euro יורו מחלבות אירופה,,יוגורט פרביוטי עם אפרסק ומשמש 2% שומן,גרמים,125,100 גרם,false,0,3.50,2.80,true,1,7290117261446
7290117262221,false,משקה יוגורט פרוביוטי עם אננס 2.3% שומן,Euro יורו מחלבות אירופה,,משקה יוגורט פרוביוטי עם אננס 2.3% שומן,מליליטרים,200,"100 מ""ל",false,0,5.90,2.95,true,1,7290117262221
7290117262238,false,משקה יוגורט פרוביוטי עם תות שדה 2.3% שומן,Euro יורו מחלבות אירופה,,משקה יוגורט פרוביוטי עם תות שדה 2.3% שומן,מליליטרים,200,"100 מ""ל",false,0,5.90,2.95,true,1,7290117262238
7290117262245,false,משקה יוגורט פרוביוטי עם אפרסק ומשמש 2.3% שומן,Euro יורו מחלבות אירופה,,משקה יוגורט פרוביוטי עם אפרסק ומשמש 2.3% שומן,מליליטרים,200,"100 מ""ל",false,0,5.90,2.95,true,1,7290117262245
7290117383735,false,מארז זוג ג'ל רחצה פלמוליב עם חימר ושמן ורדים,פלמוליב Palmolive,,מארז זוג ג'ל רחצה פלמוליב עם חימר ושמן ורדים,ליטרים,2,ליטר,false,2,30.00,20.00,true,1,7290117383735
7290117383742,false,מארז זוג פלמוליב סבון מרענן לגבר,פלמוליב Palmolive,,מארז זוג פלמוליב סבון מרענן לגבר,ליטרים,2,ליטר,false,2,30.00,20.00,true,1,7290117383742
7290117383780,false,מארז זוג סבון גוף ארומה מסאז' גרגירי פילינג,פלמוליב Palmolive,,מארז זוג סבון גוף ארומה מסאז' גרגירי פילינג,ליטרים,2,ליטר,false,2,30.00,20.00,true,1,7290117383780
7290117823798,false,בדיקה עצמית מהירה לזיהוי אנטיגן - 5 בדיקות,שמחה זה אנחנו,,בדיקה עצמית מהירה לזיהוי אנטיגן - 5 בדיקות,,0,,false,0,39.90,0.00,true,1,7290117823798
7290117860038,false,תחליב רחצה יוגורט בניחוח אוכמניות,הוואי,,תחליב רחצה יוגורט בניחוח אוכמניות,מליליטרים,700,"100 מ""ל",false,0,14.90,2.13,true,1,7290117860038
7290117860045,false,שמפו תמציות אלוורה ותה ירוק לשיער רגיל,הוואי,,שמפו תמציות אלוורה ותה ירוק לשיער רגיל,מליליטרים,700,"100 מ""ל",false,0,14.90,2.13,true,1,7290117860045
7290117860083,false,קרם רחצה תמציות דבש וניחוח אירוס זהוב,הוואי,,קרם רחצה תמציות דבש וניחוח אירוס זהוב,מליליטרים,700,"100 מ""ל",false,0,14.90,2.13,true,1,7290117860083
7290117860090,false,מרכך תמציות אלוורה ותה ירוק לשיער רגיל,הוואי,,מרכך תמציות אלוורה ותה ירוק לשיער רגיל,מליליטרים,700,"100 מ""ל",false,0,14.90,2.13,true,1,7290117860090
7290117860137,false,קרם רחצה בניחוח פרח הקמליה,הוואי,,קרם רחצה בניחוח פרח הקמליה,מליליטרים,700,"100 מ""ל",false,0,14.90,2.13,true,1,7290117860137
7290117860144,false,שמפו למניעת קשקשים לשימוש יומיומי,הוואי,,שמפו למניעת קשקשים לשימוש יומיומי,מליליטרים,700,"100 מ""ל",false,0,14.90,2.13,true,1,7290117860144
7290117860182,false,תחליב רחצה שמן שקדים וניחוח מגנוליה,הוואי,,תחליב רחצה שמן שקדים וניחוח מגנוליה,מליליטרים,700,"100 מ""ל",false,0,14.90,2.13,true,1,7290117860182
7290117860199,false,שמפו שמן ורד הבר ושמן מקדמיה לשיער יבש,הוואי,,שמפו שמן ורד הבר ושמן מקדמיה לשיער יבש,מליליטרים,700,"100 מ""ל",false,0,14.90,2.13,true,1,7290117860199
7290117860236,false,קרם רחצה בניחוח ויולה ורודה,הוואי,,קרם רחצה בניחוח ויולה ורודה,מליליטרים,700,"100 מ""ל",false,0,14.90,2.13,true,1,7290117860236
7290117860243,false,מרכך שמן ורד הבר ושמן מקדמיה,הוואי,,מרכך שמן ורד הבר ושמן מקדמיה,מליליטרים,700,"100 מ""ל",false,0,14.90,2.13,true,1,7290117860243
7290117860281,false,ג'ל רחצה לגבר בניחוח עוצמתי,הוואי,,ג'ל רחצה לגבר בניחוח עוצמתי,מליליטרים,700,"100 מ""ל",false,0,14.90,2.13,true,1,7290117860281
7290117860298,false,שמפו קומפלקס קרטין לשיער עדין או חלש,הוואי,,שמפו קומפלקס קרטין לשיער עדין או חלש,מליליטרים,700,"100 מ""ל",false,0,14.90,2.13,true,1,7290117860298
7290117860342,false,מרכך קומפלקס קרטין לשיער עדין או חלש,הוואי,,מרכך קומפלקס קרטין לשיער עדין או חלש,מליליטרים,700,"100 מ""ל",false,0,14.90,2.13,true,1,7290117860342
7290117860380,false,תחליב רחצה יוגורט בניחוח אלוורה,הוואי,,תחליב רחצה יוגורט בניחוח אלוורה,מליליטרים,700,"100 מ""ל",false,0,14.90,2.13,true,1,7290117860380
7290117860397,false,שמפו תמצית פריחת הדובדבן לשיער רגיל,הוואי,,שמפו תמצית פריחת הדובדבן לשיער רגיל,מליליטרים,700,"100 מ""ל",false,0,14.90,2.13,true,1,7290117860397
7290117860496,false,שמפו + מרכך 2 ב 1 לגבר תמצית ג'ינג'ר,הוואי,,שמפו + מרכך 2 ב 1 לגבר תמצית ג'ינג'ר,מליליטרים,700,"100 מ""ל",false,0,14.90,2.13,true,1,7290117860496
7290117860649,false,"שמפו קרטין, שמן קיק ומי ורדים",הוואי,,"שמפו קרטין, שמן קיק ומי ורדים",מליליטרים,700,"100 מ""ל",false,0,14.90,2.13,true,1,7290117860649
7290117860694,false,"מרכך קרטין, שמן קיק ומי ורדים",הוואי,,"מרכך קרטין, שמן קיק ומי ורדים",מליליטרים,700,"100 מ""ל",false,0,14.90,2.13,true,1,7290117860694
7290117860748,false,שמפו תמצית יסמין מעניק נפח לשיער דק,הוואי,,שמפו תמצית יסמין מעניק נפח לשיער דק,מליליטרים,700,"100 מ""ל",false,0,14.90,2.13,true,1,7290117860748
7290117860793,false,מרכך תמצית יסמין מעניק נפח לשיער דק,הוואי,,מרכך תמצית יסמין מעניק נפח לשיער דק,מליליטרים,700,"100 מ""ל",false,0,14.90,2.13,true,1,7290117860793
7290117860847,false,"הוואי רעננות מושלמת לגבר לשיער, גוף, פנים וזקן",הוואי,,"הוואי רעננות מושלמת לגבר לשיער, גוף, פנים וזקן",מליליטרים,700,"100 מ""ל",false,0,14.90,2.13,true,1,7290117860847
7290117860892,false,תחליב רחצה יוגורט בניחוח וניל ודבש,הוואי,,תחליב רחצה יוגורט בניחוח וניל ודבש,מליליטרים,700,"100 מ""ל",false,0,14.90,2.13,true,1,7290117860892
7290117860946,false,תחליב רחצה יוגורט בניחוח קוקוס,הוואי,,תחליב רחצה יוגורט בניחוח קוקוס,מליליטרים,700,"100 מ""ל",false,0,14.90,2.13,true,1,7290117860946
7290118420378,false,פתיבר פינוקים בטעם תותים בשמנת - חלבי,אסם,,פתיבר פינוקים בטעם תותים בשמנת - חלבי,גרמים,220,100 גרם,false,0,10.90,4.95,true,1,7290118420378
7291044031690,false,שקע כוח 16A,יונדאי Hyundai,,שקע כוח 16A,,0,,false,0,6.90,0.00,true,1,7291044031690
7291044031706,false,תקע כוח 16A,סמיקום Semicom,,תקע כוח 16A,,0,,false,0,4.90,0.00,true,1,7291044031706
7291044045550,false,מייבש שיער מקצועי 2100W,יונדאי Hyundai,,מייבש שיער מקצועי 2100W,,0,,false,0,149.00,0.00,true,1,7291044045550
7291044058833,false,מכונת תספורת לזקן נטענת,יונדאי Hyundai,,מכונת תספורת לזקן נטענת,,0,,false,0,119.00,0.00,true,1,7291044058833
7291044066296,false,טוסטר לחיצה גריל 2 פרוסות,יונדאי Hyundai,,טוסטר לחיצה גריל 2 פרוסות,,0,,false,0,79.90,0.00,true,1,7291044066296
7291044068122,false,מכשיר להכנת פופקורן 1200W,יונדאי Hyundai,,מכשיר להכנת פופקורן 1200W,,0,,false,0,89.00,0.00,true,1,7291044068122
7291044068672,false,כירה חשמלית כפולה 2500 W לבן,יונדאי Hyundai,,כירה חשמלית כפולה 2500 W לבן,,0,,false,0,199.00,0.00,true,1,7291044068672
7291044068764,false,טוסטר 4 ב 1 וופל בלגי/ קאפקייקס/ דונאטס/קייק פופס,יונדאי Hyundai,,טוסטר 4 ב 1 וופל בלגי/ קאפקייקס/ דונאטס/קייק פופס,,0,,false,0,169.90,0.00,true,1,7291044068764
7291044069761,false,מפצל חשמל 2X,סמיקום Semicom,,מפצל חשמל 2X,,0,,false,0,6.90,0.00,true,1,7291044069761
7291044086188,false,מטחנת בשר 500W,יונדאי Hyundai,,מטחנת בשר 500W,,0,,false,0,279.90,0.00,true,1,7291044086188
7291044087406,false,מטען קיר 2A + כבל Micro USB,GPlus,,מטען קיר 2A + כבל Micro USB,,0,,false,0,24.90,0.00,true,1,7291044087406
7291044090376,false,בלנדר חשמלי עוצמתי 1000W,יונדאי Hyundai,,בלנדר חשמלי עוצמתי 1000W,,0,,false,0,299.00,0.00,true,1,7291044090376
7291044091304,false,מיקסר יד חשמלי 250W,יונדאי Hyundai,,מיקסר יד חשמלי 250W,,0,,false,0,79.00,0.00,true,1,7291044091304
7291044091311,false,קוצץ ירקות קומפקטי 200W,יונדאי Hyundai,,קוצץ ירקות קומפקטי 200W,,0,,false,0,110.00,0.00,true,1,7291044091311
7291044091328,false,בלנדר מוט חשמלי 400W,יונדאי Hyundai,,בלנדר מוט חשמלי 400W,,0,,false,0,99.90,0.00,true,1,7291044091328
7291044094572,false,משקל אדם דיגיטלי,יונדאי Hyundai,,משקל אדם דיגיטלי,,0,,false,0,59.90,0.00,true,1,7291044094572
7291044096026,false,טוסטר לחיצה ל-2 פרוסות גריל שחור,יונדאי Hyundai,,טוסטר לחיצה ל-2 פרוסות גריל שחור,,0,,false,0,69.90,0.00,true,1,7291044096026
7291044098600,false,קומקום נירוסטה שחור 1.7 ליטר,יונדאי Hyundai,,קומקום נירוסטה שחור 1.7 ליטר,,0,,false,0,99.90,0.00,true,1,7291044098600
7291044116151,false,מנגל חשמלי זכוכית Stanley 1300W,יונדאי Hyundai,,מנגל חשמלי זכוכית Stanley 1300W,,0,,false,0,299.90,0.00,true,1,7291044116151
7291074001922,false,"מערוך 45 ס""מ עץ",סולתם רדד,,"מערוך 45 ס""מ עץ",,0,,false,0,34.90,0.00,true,1,7291074001922
7291074008723,false,"קרש חיתוך רב תכליתי פלסטיק 41*31 ס""מ",סולתם רדד,,"קרש חיתוך רב תכליתי פלסטיק 41*31 ס""מ",,0,,false,0,39.90,0.00,true,1,7291074008723
7291074008808,false,סט 6 כפיות,סולתם רדד,,סט 6 כפיות,,0,,false,0,19.90,0.00,true,1,7291074008808
7291074009591,false,"נפת נירוסטה 28 ס""מ",סולתם רדד,,"נפת נירוסטה 28 ס""מ",,0,,false,0,24.90,0.00,true,1,7291074009591
7291074012485,false,"נפת נירוסטה 15.5 ס""מ",סולתם רדד,,"נפת נירוסטה 15.5 ס""מ",,0,,false,0,10.90,0.00,true,1,7291074012485
7291074014236,false,סט 3 סכינים עם כפפה ציפוי נון סטיק,סולתם רדד,,סט 3 סכינים עם כפפה ציפוי נון סטיק,,0,,false,0,119.90,0.00,true,1,7291074014236
7291074014731,false,"פלנצ'ה 26*34 ס""מ יציקת אלומיניום",סולתם רדד,,"פלנצ'ה 26*34 ס""מ יציקת אלומיניום",,0,,false,0,199.90,0.00,true,1,7291074014731
7291074014885,false,קנקן/תרמוס קפה נירוסטה 1.2 ליטר גוון שחור/לבן,סולתם רדד,,קנקן/תרמוס קפה נירוסטה 1.2 ליטר גוון שחור/לבן,,0,,false,0,139.90,0.00,true,1,7291074014885
7291074015004,false,"סט 2 מחבתות 20+24 ס""מ -ידית בצבע לבחירה",סולתם רדד,,"סט 2 מחבתות 20+24 ס""מ -ידית בצבע לבחירה",,0,,false,0,139.90,0.00,true,1,7291074015004
7291074017466,false,מארז תבנית 6 שקעים+ ערכת זילוף קרבון סטיל,סולתם רדד,,מארז תבנית 6 שקעים+ ערכת זילוף קרבון סטיל,,0,,false,0,59.90,0.00,true,1,7291074017466
7291074017473,false,"מארז תבנית פאי 28 ס""מ+ערכת זילוף קרבון סטיל",סולתם רדד,,"מארז תבנית פאי 28 ס""מ+ערכת זילוף קרבון סטיל",,0,,false,0,59.90,0.00,true,1,7291074017473
7291074019965,false,"מחבת 18 ס""מ ציפוי שיש ידית שחורה OPTIMA",סולתם רדד,,"מחבת 18 ס""מ ציפוי שיש ידית שחורה OPTIMA",,0,,false,0,69.90,0.00,true,1,7291074019965
7291074019972,false,"מחבת 20 ס""מ ציפוי שיש ידית שחורה OPTIMA",סולתם רדד,,"מחבת 20 ס""מ ציפוי שיש ידית שחורה OPTIMA",,0,,false,0,79.90,0.00,true,1,7291074019972
7296002060811,false,מחברת ספירלה A4 שורה 72 דף,גורי לינרו,,מחברת ספירלה A4 שורה 72 דף,,0,,false,0,6.90,0.00,true,1,7296002060811
7296015000040,false,עטיפות צבעוניות למחברות - סט 10 יח',סירקה Sirka,,עטיפות צבעוניות למחברות - סט 10 יח',יחידות,10,יחידה,false,0,3.00,0.30,true,1,7296015000040
7296015000057,false,עטיפות שקופות למחברות - סט 10 יח',סירקה Sirka,,עטיפות שקופות למחברות - סט 10 יח',יחידות,10,יחידה,false,0,3.00,0.30,true,1,7296015000057
7296015000088,false,גליל ניילון שקוף 5 מטר,סירקה Sirka,,גליל ניילון שקוף 5 מטר,,5,מטר,false,0,4.90,0.98,true,1,7296015000088
7296015013583,false,שדכן 26/6,סירקה Sirka,,שדכן 26/6,,0,,false,0,12.90,0.00,true,1,7296015013583
7296015014344,false,"בלוק ציור 12 דפים 33*23 ס""מ 240 גרם",סירקה Sirka,,"בלוק ציור 12 דפים 33*23 ס""מ 240 גרם",,0,,false,0,6.90,0.00,true,1,7296015014344
7296015015327,false,"סרגל מתכת 15 ס""מ",גורי לינרו,,"סרגל מתכת 15 ס""מ",,0,,false,0,1.50,0.00,true,1,7296015015327
7296015017710,false,מארז שקיות פס לבן פוליו 50 יח',סירקה Sirka,,מארז שקיות פס לבן פוליו 50 יח',,0,,false,0,8.90,0.00,true,1,7296015017710
7296015019028,false,מארז 10 עטים ראש לבד צבעוניים,סירקה Sirka,,מארז 10 עטים ראש לבד צבעוניים,,0,,false,0,14.90,0.00,true,1,7296015019028
7296015022738,false,דבק SUPER TEX רב תכליתי,סירקה Sirka,,דבק SUPER TEX רב תכליתי,,0,,false,0,9.90,0.00,true,1,7296015022738
7296015023148,false,סיכות לשדכן 26/6,סירקה Sirka,,סיכות לשדכן 26/6,,0,,false,0,4.50,0.00,true,1,7296015023148
7296015025951,false,מנקב בינוני,סירקה Sirka,,מנקב בינוני,,0,,false,0,15.90,0.00,true,1,7296015025951
7296015047373,false,מארז 12 צבעי פסטל מתברגים,קולוריטו,,מארז 12 צבעי פסטל מתברגים,,0,,false,0,19.90,0.00,true,1,7296015047373
7296015051943,false,אבקת נצנצים - 6 צבעים הולגרמיים,גורי לינרו,,אבקת נצנצים - 6 צבעים הולגרמיים,,0,,false,0,15.90,0.00,true,1,7296015051943
7296015052544,false,12 טושים רחיצים,גורי לינרו,,12 טושים רחיצים,,0,,false,0,6.90,0.00,true,1,7296015052544
7296015072610,false,ערכת בצק 3D ליצירה תלת מימדית פרפר,גורי לינרו,,ערכת בצק 3D ליצירה תלת מימדית פרפר,,0,,false,0,16.90,0.00,true,1,7296015072610
7296015075345,false,עט ראש סיכה 0.4 כחול - 3 יח',גורי לינרו,,עט ראש סיכה 0.4 כחול - 3 יח',יחידות,3,יחידה,false,0,4.90,1.63,true,1,7296015075345
7296015076281,false,סלוטייפ שקוף + דיספנסר,גורי לינרו,,סלוטייפ שקוף + דיספנסר,,0,,false,0,8.90,0.00,true,1,7296015076281
7296015076298,false,סלוטייפ שקוף 25\19 שמיניה,גורי לינרו,,סלוטייפ שקוף 25\19 שמיניה,,0,,false,0,8.90,0.00,true,1,7296015076298
7296015078827,false,טושים רחיצים - 12 צבעים,גורי לינרו,,טושים רחיצים - 12 צבעים,,0,,false,0,4.90,0.00,true,1,7296015078827
7296015078834,false,טושים רחיצים - 24 צבעים,גורי לינרו,,טושים רחיצים - 24 צבעים,,0,,false,0,6.90,0.00,true,1,7296015078834
7296015078865,false,12 טושים ג'מבו רחיצים,גורי לינרו,,12 טושים ג'מבו רחיצים,,0,,false,0,10.90,0.00,true,1,7296015078865
7296015081025,false,סט 6 טושים עם חותמת רולר,גורי לינרו,,סט 6 טושים עם חותמת רולר,,0,,false,0,5.90,0.00,true,1,7296015081025
7296015114280,false,בקבוק נוזל מחיקה (3 יח' במארז),גורי לינרו,,בקבוק נוזל מחיקה (3 יח' במארז),,0,,false,0,9.90,0.00,true,1,7296015114280
7296015114341,false,מארז 5 טושי פסטל להדגשה,גורי לינרו,,מארז 5 טושי פסטל להדגשה,,0,,false,0,5.90,0.00,true,1,7296015114341
7296015114372,false,24 טושים ג'מבו רחיצים,גורי לינרו,,24 טושים ג'מבו רחיצים,,0,,false,0,22.90,0.00,true,1,7296015114372
7296015114808,false,12 עפרונות צבעוניים ארגונומיים,גורי לינרו,,12 עפרונות צבעוניים ארגונומיים,,0,,false,0,4.90,0.00,true,1,7296015114808
7296015116048,false,סט לוח מחיק דו צדדי + טושים + מחק,גורי לינרו,,סט לוח מחיק דו צדדי + טושים + מחק,,0,,false,0,13.90,0.00,true,1,7296015116048
7296015116055,false,בצק ליצירה סושי 6 רולים,גורי לינרו,,בצק ליצירה סושי 6 רולים,,0,,false,0,11.90,0.00,true,1,7296015116055
7296015116116,false,מארז עט סתרים,גורי לינרו,,מארז עט סתרים,,0,,false,0,4.90,0.00,true,1,7296015116116
7296015116123,false,סט 6 מיני טושים זוהרים וריחניים,גורי לינרו,,סט 6 מיני טושים זוהרים וריחניים,,0,,false,0,5.90,0.00,true,1,7296015116123
7296015116147,false,סט 3 מחקים,גורי לינרו,,סט 3 מחקים,,0,,false,0,2.90,0.00,true,1,7296015116147
7296015117489,false,פנדה המסכה שלי לתפירה וקישוט,גורי לינרו,,פנדה המסכה שלי לתפירה וקישוט,,0,,false,0,14.90,0.00,true,1,7296015117489
7296021003790,false,מתקן לספוג כלים כפול,נעמן,,מתקן לספוג כלים כפול,,0,,false,0,14.90,0.00,true,1,7296021003790
7296021003806,false,דיספנסר לסבון כלים עם מחזיק ספוג,נעמן,,דיספנסר לסבון כלים עם מחזיק ספוג,,0,,false,0,24.90,0.00,true,1,7296021003806
7296021015199,false,סט 6 מזלגות עוגה דגם פריז,נעמן,,סט 6 מזלגות עוגה דגם פריז,,0,,false,0,14.90,0.00,true,1,7296021015199
7296021015205,false,סט 6 כפיות מוקה דגם פריז,נעמן,,סט 6 כפיות מוקה דגם פריז,,0,,false,0,14.90,0.00,true,1,7296021015205
7296021015212,false,סט 3 כפיות ארוכות דגם פריז,נעמן,,סט 3 כפיות ארוכות דגם פריז,,0,,false,0,14.90,0.00,true,1,7296021015212
7296021015229,false,סט 6 כפות דגם פריז,נעמן,,סט 6 כפות דגם פריז,,0,,false,0,29.90,0.00,true,1,7296021015229
7296021015236,false,סט 6 מזלגות דגם פריז,נעמן,,סט 6 מזלגות דגם פריז,,0,,false,0,29.90,0.00,true,1,7296021015236
7296021016011,false,"תבנית רינג 6-10 ס""מ לעוגה מיני Patisserie",נעמן,,"תבנית רינג 6-10 ס""מ לעוגה מיני Patisserie",,0,,false,0,16.90,0.00,true,1,7296021016011
7296021022562,false,"קופסה פלסטיק 180 מ""ל Biokips",נעמן,,"קופסה פלסטיק 180 מ""ל Biokips",,0,,false,0,12.90,0.00,true,1,7296021022562
7296021023132,false,קופסת אחסון 0.5 ליטר סגירה הרמטית,נעמן,,קופסת אחסון 0.5 ליטר סגירה הרמטית,,0,,false,0,39.90,0.00,true,1,7296021023132
7296021023149,false,קופסת אחסון 0.8 ליטר סגירה הרמטית,נעמן,,קופסת אחסון 0.8 ליטר סגירה הרמטית,,0,,false,0,49.90,0.00,true,1,7296021023149
7296021023163,false,קופסת איחסון 1 ליטר סגירה הרמטית,נעמן,,קופסת איחסון 1 ליטר סגירה הרמטית,,0,,false,0,54.90,0.00,true,1,7296021023163
7296021023323,false,"קופסת איחסון מלבנית 450 מ""ל",נעמן,,"קופסת איחסון מלבנית 450 מ""ל",,0,,false,0,19.90,0.00,true,1,7296021023323
7296021023330,false,"קופסה פלסטיק 900 מ""ל Biokips",נעמן,,"קופסה פלסטיק 900 מ""ל Biokips",,0,,false,0,16.90,0.00,true,1,7296021023330
7296021023347,false,קופסה פלסטיק 1.1 ליטר Biokips,נעמן,,קופסה פלסטיק 1.1 ליטר Biokips,,0,,false,0,19.90,0.00,true,1,7296021023347
7296021023354,false,קופסה פלסטיק 2.4 ליטר Biokips,נעמן,,קופסה פלסטיק 2.4 ליטר Biokips,,0,,false,0,29.90,0.00,true,1,7296021023354
7296021023392,false,קופסה פלסטיק 1 ליטר Biokips,נעמן,,קופסה פלסטיק 1 ליטר Biokips,,0,,false,0,16.90,0.00,true,1,7296021023392
7296021023408,false,קופסה פלסטיק 1.6 ליטר Biokips,נעמן,,קופסה פלסטיק 1.6 ליטר Biokips,,0,,false,0,19.90,0.00,true,1,7296021023408
7296021023460,false,קופסה פלסטיק 1.1 ליטר Biokips,נעמן,,קופסה פלסטיק 1.1 ליטר Biokips,,0,,false,0,22.90,0.00,true,1,7296021023460
7296021040023,false,מרית Patisserie,נעמן,,מרית Patisserie,,0,,false,0,19.90,0.00,true,1,7296021040023
7296021040566,false,"קערה 22 ס""מ נירוסטה Patisserie",נעמן,,"קערה 22 ס""מ נירוסטה Patisserie",,0,,false,0,16.90,0.00,true,1,7296021040566
7296021047053,false,מצת לגז,נעמן,,מצת לגז,,0,,false,0,9.90,0.00,true,1,7296021047053
7296021103056,false,"מחבת 24 ס""מ Vintage ידית נשלפת IND",נעמן,,"מחבת 24 ס""מ Vintage ידית נשלפת IND",,0,,false,0,129.90,0.00,true,1,7296021103056
7296021105241,false,משחיז סכינים 2 שלבים פרפקטו.,נעמן,,משחיז סכינים 2 שלבים פרפקטו.,,0,,false,0,49.90,0.00,true,1,7296021105241
7296021107719,false,מגרדת עומדת,נעמן,,מגרדת עומדת,,0,,false,0,19.90,0.00,true,1,7296021107719
7296021108938,false,כד מדידה 1 ליטר,נעמן,,כד מדידה 1 ליטר,,0,,false,0,19.90,0.00,true,1,7296021108938
7296021111037,false,"מערוך נון סטיק 47 ס""מ קוטר 6.5 ס""מ patisserie",נעמן,,"מערוך נון סטיק 47 ס""מ קוטר 6.5 ס""מ patisserie",,0,,false,0,49.90,0.00,true,1,7296021111037
7296021114137,false,"נפת משי לקמח 26 ס""מ",נעמן,,"נפת משי לקמח 26 ס""מ",,0,,false,0,34.90,0.00,true,1,7296021114137
7296021116322,false,ספל טרמי,נעמן,,ספל טרמי,,0,,false,0,22.90,0.00,true,1,7296021116322
7296021121517,false,"תבנית פאי גבוהה 24.5*5 ס""מ Patisserie",נעמן,,"תבנית פאי גבוהה 24.5*5 ס""מ Patisserie",,0,,false,0,49.90,0.00,true,1,7296021121517
7296021121524,false,"תבנית פאי 14*2.5 ס""מ Patisserie",נעמן,,"תבנית פאי 14*2.5 ס""מ Patisserie",,0,,false,0,24.90,0.00,true,1,7296021121524
7296021121548,false,"תבנית פאי 2.5*26 ס""מ תחתית מתפרקת",נעמן,,"תבנית פאי 2.5*26 ס""מ תחתית מתפרקת",,0,,false,0,39.90,0.00,true,1,7296021121548
7296021121562,false,"תבנית אינגליש קייק 2.5*10.8*35 ס""מ Patisserie",נעמן,,"תבנית אינגליש קייק 2.5*10.8*35 ס""מ Patisserie",,0,,false,0,49.90,0.00,true,1,7296021121562
7296021130670,false,"סט 2 כוסות קפוצ'ינו 300 מ""ל זכוכית כפולה",נעמן,,"סט 2 כוסות קפוצ'ינו 300 מ""ל זכוכית כפולה",,0,,false,0,39.90,0.00,true,1,7296021130670
7296021130687,false,סט 2 כוסות לאטה 330 מל זכוכית כפולה,נעמן,,סט 2 כוסות לאטה 330 מל זכוכית כפולה,,0,,false,0,59.90,0.00,true,1,7296021130687
7296021130694,false,סט 2 כוסות קפוצ'ינו 250 מל זכוכית כפולה,נעמן,,סט 2 כוסות קפוצ'ינו 250 מל זכוכית כפולה,,0,,false,0,39.90,0.00,true,1,7296021130694
7296021133602,false,מועך תפוחי אדמה ידית שחורה,נעמן,,מועך תפוחי אדמה ידית שחורה,,0,,false,0,22.90,0.00,true,1,7296021133602
7296021136894,false,"תבנית מלבנית 4.5*29*42 ס""מ עם מכסה 0.4 מ""מ Patisserie",נעמן,,"תבנית מלבנית 4.5*29*42 ס""מ עם מכסה 0.4 מ""מ Patisserie",,0,,false,0,89.90,0.00,true,1,7296021136894
7296021137860,false,קולפן רחב חותך לרצועות כרוב,נעמן,,קולפן רחב חותך לרצועות כרוב,,0,,false,0,16.90,0.00,true,1,7296021137860
7296021139499,false,"בוצ'ר בלוק מקצועי עם ידית 59X16X3 ס""מ",נעמן,,"בוצ'ר בלוק מקצועי עם ידית 59X16X3 ס""מ",,0,,false,0,59.90,0.00,true,1,7296021139499
7296021146466,false,"תבנית לאפיה 6 שקעים 27*18 ס""מ Patisserie Marble",נעמן,,"תבנית לאפיה 6 שקעים 27*18 ס""מ Patisserie Marble",,0,,false,0,34.90,0.00,true,1,7296021146466
7296021146480,false,"תבנית אפיה עגולה 28 ס""מ Patisserie Marble",נעמן,,"תבנית אפיה עגולה 28 ס""מ Patisserie Marble",,0,,false,0,34.90,0.00,true,1,7296021146480
7296021146527,false,"תבנית אפיה בצורת פרח 30 ס""מ Patisserie Marble",נעמן,,"תבנית אפיה בצורת פרח 30 ס""מ Patisserie Marble",,0,,false,0,34.90,0.00,true,1,7296021146527
7296021148439,false,סכומון מחולק,נעמן,,סכומון מחולק,,0,,false,0,29.90,0.00,true,1,7296021148439
7296021150326,false,סוחט לימון,נעמן,,סוחט לימון,,0,,false,0,22.90,0.00,true,1,7296021150326
7296021169939,false,מלקחיים מפלסטיק,נעמן,,מלקחיים מפלסטיק,,0,,false,0,16.90,0.00,true,1,7296021169939
7296021170775,false,מגרדת שטוחה,נעמן,,מגרדת שטוחה,יחידות,1,יחידה,false,0,12.90,12.90,true,1,7296021170775
7296021170805,false,סוחט הדרים ידני גדול,נעמן,,סוחט הדרים ידני גדול,,0,,false,0,39.90,0.00,true,1,7296021170805
7296021170911,false,מבזקת אבקת סוכר patisserie פלסטיק,נעמן,,מבזקת אבקת סוכר patisserie פלסטיק,,0,,false,0,24.90,0.00,true,1,7296021170911
7296021170997,false,מגן שמן עם ידית,נעמן,,מגן שמן עם ידית,,0,,false,0,12.90,0.00,true,1,7296021170997
7296021173653,false,"סט סכו""ם 24 חלקים דגם סחלב",נעמן,,"סט סכו""ם 24 חלקים דגם סחלב",,0,,false,0,119.00,0.00,true,1,7296021173653
7296021185526,false,רוסטר זכוכית אובלית 3.5 ליטר,נעמן,,רוסטר זכוכית אובלית 3.5 ליטר,,0,,false,0,59.90,0.00,true,1,7296021185526
7296021187636,false,"כוסות מידה 250,125,80,60 מ""ל",נעמן,,"כוסות מידה 250,125,80,60 מ""ל",יחידות,1,יחידה,false,0,19.90,19.90,true,1,7296021187636
7296021226885,false,מפת משבצות עם גומי לשולחן מתקפל,נעמן,,מפת משבצות עם גומי לשולחן מתקפל,,0,,false,0,20.90,0.00,true,1,7296021226885
7296021228599,false,"קופסת איחסון מלבנית 970 מ""ל FRESH LOCK",נעמן,,"קופסת איחסון מלבנית 970 מ""ל FRESH LOCK",,0,,false,0,22.90,0.00,true,1,7296021228599
7296021248917,false,"מארז סכו""ם נירוסטה 24 חלקים - שחור",נעמן,,"מארז סכו""ם נירוסטה 24 חלקים - שחור",,0,,false,0,129.90,0.00,true,1,7296021248917
7296021248924,false,"מארז סכו""ם נירוסטה 24 חלקים - זהב",נעמן,,"מארז סכו""ם נירוסטה 24 חלקים - זהב",,0,,false,0,129.90,0.00,true,1,7296021248924
7296021249495,false,"מיכל אחסון פלסטיק 900 מ""ל גונדול",נעמן,,"מיכל אחסון פלסטיק 900 מ""ל גונדול",,0,,false,0,29.90,0.00,true,1,7296021249495
7296021249518,false,מיכל אחסון פלסטיק 1.7 ליטר גונדול,נעמן,,מיכל אחסון פלסטיק 1.7 ליטר גונדול,,0,,false,0,49.90,0.00,true,1,7296021249518
7296021254581,false,סיר זכוכית עם מכסה 1 ליטר SMART GLASS,נעמן,,סיר זכוכית עם מכסה 1 ליטר SMART GLASS,,0,,false,0,49.90,0.00,true,1,7296021254581
7296021257742,false,מארז 2 מיכלי שמן / חומץ 0.5 ליטר זכוכית,נעמן,,מארז 2 מיכלי שמן / חומץ 0.5 ליטר זכוכית,,0,,false,0,22.90,0.00,true,1,7296021257742
7296021260247,false,"צנצנת עוגיות מזכוכית 3 קומות 17.5 ס""מ",נעמן,,"צנצנת עוגיות מזכוכית 3 קומות 17.5 ס""מ",,0,,false,0,89.90,0.00,true,1,7296021260247
7296021261992,false,סט 6 סכינים,נעמן,,סט 6 סכינים,,0,,false,0,69.90,0.00,true,1,7296021261992
7296021265037,false,צנצנת זכוכית עגולה 2.4 ליטר' זכוכית צנצנות הברגה,נעמן,,צנצנת זכוכית עגולה 2.4 ליטר' זכוכית צנצנות הברגה,,0,,false,0,29.90,0.00,true,1,7296021265037
7296021265051,false,צנצנת זכוכית עגולה 0.7 ליטר' זכוכית צנצנות הברגה,נעמן,,צנצנת זכוכית עגולה 0.7 ליטר' זכוכית צנצנות הברגה,,0,,false,0,19.90,0.00,true,1,7296021265051
7296021265129,false,"זוג מחבתות שקשוקה 18 ס""מ + סיר מיני 14 ס""מ",נעמן,,"זוג מחבתות שקשוקה 18 ס""מ + סיר מיני 14 ס""מ",,0,,false,0,169.90,0.00,true,1,7296021265129
7296021265150,false,JORDAN מערכת אוכל 18 חלקים פורצלן,נעמן,,JORDAN מערכת אוכל 18 חלקים פורצלן,,0,,false,0,199.90,0.00,true,1,7296021265150
7296021265167,false,Almaמערכת אוכל 18 חלקים פורצלן,נעמן,,Almaמערכת אוכל 18 חלקים פורצלן,,0,,false,0,129.90,0.00,true,1,7296021265167
7296021266676,false,"מסננת ידית עץ 8 ס""מ פרפקטו",נעמן,,"מסננת ידית עץ 8 ס""מ פרפקטו",,0,,false,0,5.90,0.00,true,1,7296021266676
7296021268632,false,מארז תבלינים 6 חלקים,נעמן,,מארז תבלינים 6 חלקים,,0,,false,0,149.90,0.00,true,1,7296021268632
7296021268663,false,מארז תבלינים 6 חלקים,נעמן,,מארז תבלינים 6 חלקים,,0,,false,0,149.90,0.00,true,1,7296021268663
7296021269226,false,סיר נירוסטה + מכסה זכוכית TOMBY LUXURY- זהב,נעמן,,סיר נירוסטה + מכסה זכוכית TOMBY LUXURY- זהב,,0,,false,0,259.90,0.00,true,1,7296021269226
7296021269240,false,סיר נירוסטה + מכסה זכוכית TOMBY LUXURY - זהב,נעמן,,סיר נירוסטה + מכסה זכוכית TOMBY LUXURY - זהב,,0,,false,0,299.90,0.00,true,1,7296021269240
7296021270024,false,"סלסלת אחסון 2 קומות 23*29 ס""מ",נעמן,,"סלסלת אחסון 2 קומות 23*29 ס""מ",,0,,false,0,99.90,0.00,true,1,7296021270024
7296021270031,false,"סלסלת אחסון 28.4*23.8*20.6 ס""מ מתכת",נעמן,,"סלסלת אחסון 28.4*23.8*20.6 ס""מ מתכת",,0,,false,0,69.90,0.00,true,1,7296021270031
7296021270048,false,סט 3 חלקים תה קפה סוכר 10*10*12 סמ,נעמן,,סט 3 חלקים תה קפה סוכר 10*10*12 סמ,,0,,false,0,99.90,0.00,true,1,7296021270048
7296021270246,false,קנקן מים 1.4 ליטר כחול בהיר FELLY,נעמן,,קנקן מים 1.4 ליטר כחול בהיר FELLY,,0,,false,0,99.90,0.00,true,1,7296021270246
7296021270772,false,"פלטת הגשה מלבנית 35 ס""מ Delft Blue",נעמן,,"פלטת הגשה מלבנית 35 ס""מ Delft Blue",,0,,false,0,49.90,0.00,true,1,7296021270772
7296021270802,false,"מאג 330 מ""ל Delft Blue",נעמן,,"מאג 330 מ""ל Delft Blue",,0,,false,0,24.90,0.00,true,1,7296021270802
7296021270871,false,קנקן תה 1 ליטר Delft Blue,נעמן,,קנקן תה 1 ליטר Delft Blue,,0,,false,0,110.00,0.00,true,1,7296021270871
7296021270901,false,"מגש 2 קומות - 15 ס""מ, 20 ס""מ Delft Blue",נעמן,,"מגש 2 קומות - 15 ס""מ, 20 ס""מ Delft Blue",,0,,false,0,49.90,0.00,true,1,7296021270901
7296021271489,false,סט תה קפה סוכר זכוכית/ לבן,נעמן,,סט תה קפה סוכר זכוכית/ לבן,,0,,false,0,199.90,0.00,true,1,7296021271489
7296021272592,false,"צלחת מנה עיקרית 26 ס""מ מלמין ETHNICAA",נעמן,,"צלחת מנה עיקרית 26 ס""מ מלמין ETHNICAA",,0,,false,0,34.90,0.00,true,1,7296021272592
7296021272615,false,"פלטת הגשה 50*35 ס""מ מלמין ETHNICA",נעמן,,"פלטת הגשה 50*35 ס""מ מלמין ETHNICA",,0,,false,0,94.90,0.00,true,1,7296021272615
7296021272622,false,"קערת הגשה 25 ס""מ אקריליק ETHNICA",נעמן,,"קערת הגשה 25 ס""מ אקריליק ETHNICA",,0,,false,0,39.90,0.00,true,1,7296021272622
7296021272639,false,קראף 2.2 ליטר אקריליק ETHNICA,נעמן,,קראף 2.2 ליטר אקריליק ETHNICA,,0,,false,0,59.90,0.00,true,1,7296021272639
7296021272646,false,"כוס שתיה קרה 370 מ""ל אקריליק ETHNICA",נעמן,,"כוס שתיה קרה 370 מ""ל אקריליק ETHNICA",,0,,false,0,18.90,0.00,true,1,7296021272646
7296021272653,false,"בול 15 ס""מ אקריליק ETHNICA",נעמן,,"בול 15 ס""מ אקריליק ETHNICA",,0,,false,0,19.90,0.00,true,1,7296021272653
7296021272813,false,"צלחת מנה עיקרית 26 ס""מ צהוב COLOR BASIC",נעמן,,"צלחת מנה עיקרית 26 ס""מ צהוב COLOR BASIC",,0,,false,0,26.90,0.00,true,1,7296021272813
7296021272820,false,צלחת מנה עיקרית 26 סמ כחול COLOR BASIC,נעמן,,צלחת מנה עיקרית 26 סמ כחול COLOR BASIC,,0,,false,0,26.90,0.00,true,1,7296021272820
7296021272837,false,"צלחת מנה עיקרית 26 ס""מ לילך COLOR BASIC",נעמן,,"צלחת מנה עיקרית 26 ס""מ לילך COLOR BASIC",,0,,false,0,26.90,0.00,true,1,7296021272837
7296021272851,false,"צלחת מנה ראשונה 20 ס""מ צהוב COLOR BASIC",נעמן,,"צלחת מנה ראשונה 20 ס""מ צהוב COLOR BASIC",,0,,false,0,16.90,0.00,true,1,7296021272851
7296021272868,false,"צלחת מנה ראשונה 20 ס""מ כחול COLOR BASIC",נעמן,,"צלחת מנה ראשונה 20 ס""מ כחול COLOR BASIC",,0,,false,0,16.90,0.00,true,1,7296021272868
7296021272875,false,"צלחת מנה ראשונה 20 ס""מ לילך COLOR BASIC",נעמן,,"צלחת מנה ראשונה 20 ס""מ לילך COLOR BASIC",,0,,false,0,16.90,0.00,true,1,7296021272875
7296021272899,false,"צלחת מרק 20 ס""מ צהוב COLOR BASIC",נעמן,,"צלחת מרק 20 ס""מ צהוב COLOR BASIC",,0,,false,0,19.90,0.00,true,1,7296021272899
7296021272912,false,"צלחת מרק 20 ס""מ כחול COLOR BASIC",נעמן,,"צלחת מרק 20 ס""מ כחול COLOR BASIC",,0,,false,0,19.90,0.00,true,1,7296021272912
7296021272950,false,"צלחת בול 15 ס""מ צהוב COLOR BASIC",נעמן,,"צלחת בול 15 ס""מ צהוב COLOR BASIC",,0,,false,0,18.90,0.00,true,1,7296021272950
7296021272967,false,"צלחת בול 15 ס""מ כחול COLOR BASIC",נעמן,,"צלחת בול 15 ס""מ כחול COLOR BASIC",,0,,false,0,18.90,0.00,true,1,7296021272967
7296021273001,false,"צלחת בול 15 ס""מ לילך COLOR BASIC",נעמן,,"צלחת בול 15 ס""מ לילך COLOR BASIC",,0,,false,0,18.90,0.00,true,1,7296021273001
7296021274749,false,צלחת מנה עיקרית 26.5 סמ פורצלן VERSAI A,נעמן,,צלחת מנה עיקרית 26.5 סמ פורצלן VERSAI A,,0,,false,0,34.90,0.00,true,1,7296021274749
7296021274756,false,צלחת מנה עיקרית 26.5 סמ פורצלן VERSAI B,נעמן,,צלחת מנה עיקרית 26.5 סמ פורצלן VERSAI B,,0,,false,0,34.90,0.00,true,1,7296021274756
7296021274763,false,צלחת מנה ראשונה 20 סמ פורצלן VERSAI A,נעמן,,צלחת מנה ראשונה 20 סמ פורצלן VERSAI A,,0,,false,0,19.90,0.00,true,1,7296021274763
7296021274794,false,צלחת עוגה 16.3 סמ פורצלן VERSAI B,נעמן,,צלחת עוגה 16.3 סמ פורצלן VERSAI B,,0,,false,0,14.90,0.00,true,1,7296021274794
7296021274800,false,בול 13.5 סמ פורצלן VERSAI A,נעמן,,בול 13.5 סמ פורצלן VERSAI A,,0,,false,0,19.90,0.00,true,1,7296021274800
7296021274824,false,קערית הגשה 9 סמ פורצלן VERSAI A,נעמן,,קערית הגשה 9 סמ פורצלן VERSAI A,,0,,false,0,9.90,0.00,true,1,7296021274824
7296021274848,false,פלטת הגשה אובלית 22*31 סמ פורצלן VERSAI A,נעמן,,פלטת הגשה אובלית 22*31 סמ פורצלן VERSAI A,,0,,false,0,44.90,0.00,true,1,7296021274848
7296021274855,false,פלטת הגשה אובלית 22*31 סמ פורצלן VERSAI B,נעמן,,פלטת הגשה אובלית 22*31 סמ פורצלן VERSAI B,,0,,false,0,44.90,0.00,true,1,7296021274855
7296021281563,false,"צלחת עיקרית 27 ס""מ ירוקה PORCELAIN SINTRA",נעמן,,"צלחת עיקרית 27 ס""מ ירוקה PORCELAIN SINTRA",,0,,false,0,24.90,0.00,true,1,7296021281563
7296021281570,false,"צלחת עיקרית 27 ס""מ PORCELAIN SINTRA",נעמן,,"צלחת עיקרית 27 ס""מ PORCELAIN SINTRA",,0,,false,0,24.90,0.00,true,1,7296021281570
7296021281587,false,"צלחת מנה ראשונה 20 ס""מ ירוקה PORCELAIN SINTRA",נעמן,,"צלחת מנה ראשונה 20 ס""מ ירוקה PORCELAIN SINTRA",,0,,false,0,14.90,0.00,true,1,7296021281587
7296021281594,false,"צלחת מנה ראשונה 20 ס""מ PORCELAIN SINTRA",נעמן,,"צלחת מנה ראשונה 20 ס""מ PORCELAIN SINTRA",,0,,false,0,14.90,0.00,true,1,7296021281594
7296021281631,false,"צלחת בול 15 ס""מ PORCELAIN SINTRA",נעמן,,"צלחת בול 15 ס""מ PORCELAIN SINTRA",,0,,false,0,16.90,0.00,true,1,7296021281631
7296021281655,false,"מרקיה 18 ס""מ אדומה PORCELAIN SINTRA",נעמן,,"מרקיה 18 ס""מ אדומה PORCELAIN SINTRA",,0,,false,0,18.90,0.00,true,1,7296021281655
7296021281679,false,"קערית 10 ס""מ אדומה PORCELAIN SINTRA",נעמן,,"קערית 10 ס""מ אדומה PORCELAIN SINTRA",,0,,false,0,8.90,0.00,true,1,7296021281679
7296021281693,false,"מאג 400 מ""ל אדום PORCELAIN SINTRA",נעמן,,"מאג 400 מ""ל אדום PORCELAIN SINTRA",,0,,false,0,14.90,0.00,true,1,7296021281693
7296021281716,false,"פלטת הגשה עגולה 37 ס""מ קרמיקה SINTRA",נעמן,,"פלטת הגשה עגולה 37 ס""מ קרמיקה SINTRA",,0,,false,0,89.90,0.00,true,1,7296021281716
7296021281723,false,"פלטת הגשה מרובעת 32 ס""מ קרמיקה SINTRA",נעמן,,"פלטת הגשה מרובעת 32 ס""מ קרמיקה SINTRA",,0,,false,0,69.90,0.00,true,1,7296021281723
7296021281730,false,"פלטת הגשה מלבנית 38 ס""מ קרמיקה SINTRA",נעמן,,"פלטת הגשה מלבנית 38 ס""מ קרמיקה SINTRA",,0,,false,0,59.90,0.00,true,1,7296021281730
7296021281747,false,"כף הנחה 23 ס""מ קרמיקה SINTRA",נעמן,,"כף הנחה 23 ס""מ קרמיקה SINTRA",,0,,false,0,24.90,0.00,true,1,7296021281747
7296021407161,false,מלחיה מזכוכית,נעמן,,מלחיה מזכוכית,,0,,false,0,4.90,0.00,true,1,7296021407161
7296021417054,false,סט 6 כפיות דגם סתיו,נעמן,,סט 6 כפיות דגם סתיו,,0,,false,0,14.90,0.00,true,1,7296021417054
7296021417085,false,סט 3 כפיות ארוכות דגם סתיו,נעמן,,סט 3 כפיות ארוכות דגם סתיו,,0,,false,0,12.90,0.00,true,1,7296021417085
7296021625022,false,סט 6 מזלגות דגם סתיו,נעמן,,סט 6 מזלגות דגם סתיו,,0,,false,0,24.90,0.00,true,1,7296021625022
7296021639975,false,צנצנת עגולה עם מכסה זכוכית,נעמן,,צנצנת עגולה עם מכסה זכוכית,,0,,false,0,12.90,0.00,true,1,7296021639975
7296021645235,false,מתקן לספוג כלים,נעמן,,מתקן לספוג כלים,יחידות,1,יחידה,false,0,12.90,12.90,true,1,7296021645235
7296021655722,false,"נפה לקמח 12.5 ס""מ נירוסטה עם ידית Patisserie",נעמן,,"נפה לקמח 12.5 ס""מ נירוסטה עם ידית Patisserie",,0,,false,0,25.90,0.00,true,1,7296021655722
7296021655739,false,"נפת קמח עם ידית קפיצית 9.6 ס""מ",נעמן,,"נפת קמח עם ידית קפיצית 9.6 ס""מ",,0,,false,0,39.90,0.00,true,1,7296021655739
7296021665165,false,"סט 3 רינגים נירוסטה 6/8/10*4 ס""מ",נעמן,,"סט 3 רינגים נירוסטה 6/8/10*4 ס""מ",,0,,false,0,16.90,0.00,true,1,7296021665165
7296021669477,false,סט זילוף לעוגה,נעמן,,סט זילוף לעוגה,,0,,false,0,14.90,0.00,true,1,7296021669477
7296021669507,false,מזרק לעוגה+אביזרים patisserie,נעמן,,מזרק לעוגה+אביזרים patisserie,,0,,false,0,34.90,0.00,true,1,7296021669507
7296021669514,false,מגרדת מרובעת,נעמן,,מגרדת מרובעת,,0,,false,0,24.90,0.00,true,1,7296021669514
7296049223811,false,שקית קירור 30 קוביות-הגוון אינו ניתן לבחירה,קמפטאון CAMPTOWN,,שקית קירור 30 קוביות-הגוון אינו ניתן לבחירה,,0,,false,0,9.90,0.00,true,1,7296049223811
7296102061848,false,מטאטא + מקל,מ.א. ייצור ויבוא מטליות,,מטאטא + מקל,,0,,false,0,24.90,0.00,true,1,7296102061848
7296111000012,false,מי קולון Royal,,,מי קולון Royal,מליליטרים,500,"100 מ""ל",false,0,39.90,7.98,true,1,7296111000012
7296168001253,false,אטמי אוזניים ספוג אוטמי רעש,MACK'S,,אטמי אוזניים ספוג אוטמי רעש,יחידות,1,יחידה,false,0,29.90,29.90,true,1,7296168001253
7296168001345,false,אטמי סיליקון לאוזניים נגד נחירות ומים,MACK'S,,אטמי סיליקון לאוזניים נגד נחירות ומים,יחידות,2,יחידה,false,0,24.90,12.45,true,1,7296168001345
7296168001413,false,אטמי סיליקון לאוזניים לילדים,MACK'S,,אטמי סיליקון לאוזניים לילדים,יחידות,6,יחידה,false,0,24.90,4.15,true,1,7296168001413
7296168001420,false,אטמי אוזניים נגד מים ורעש עם שרוך,MACK'S,,אטמי אוזניים נגד מים ורעש עם שרוך,יחידות,1,יחידה,false,0,29.90,29.90,true,1,7296168001420
7296168011030,false,"כרית חימום חשמלית גמישה, רכה ומפנקת",איתן,,"כרית חימום חשמלית גמישה, רכה ומפנקת",יחידות,1,יחידה,false,0,139.90,139.90,true,1,7296168011030
7296168013447,false,אטמי סיליקון לאוזניים,MACK'S,,אטמי סיליקון לאוזניים,יחידות,6,יחידה,false,0,49.90,8.32,true,1,7296168013447
7296168023460,false,ערכת עזרה ראשונה קומפקטית,טופ מד TopMed,,ערכת עזרה ראשונה קומפקטית,,0,,false,0,39.90,0.00,true,1,7296168023460
7297046112054,false,מפריד אצבעות מסיליקון,אוריאל Uriel,,מפריד אצבעות מסיליקון,יחידות,1,יחידה,false,0,29.90,29.90,true,1,7297046112054
7297046112818,false,מדבקת ג'ל רב פעמית למניעת שפשוף באזור העקב,אוריאל Uriel,,מדבקת ג'ל רב פעמית למניעת שפשוף באזור העקב,יחידות,5,יחידה,false,0,29.90,5.98,true,1,7297046112818
7297046112870,false,מדבקה מסיליקון לבוהן לשחרור לחץ,אוריאל Uriel,,מדבקה מסיליקון לבוהן לשחרור לחץ,יחידות,1,יחידה,false,0,42.90,42.90,true,1,7297046112870
7297046210149,false,חבק לשורש כף היד עם צמדן,אוריאל Uriel,,חבק לשורש כף היד עם צמדן,יחידות,1,יחידה,false,0,69.90,69.90,true,1,7297046210149
7297046210170,false,חבק למפרק כף היד אגודלי,אוריאל Uriel,,חבק למפרק כף היד אגודלי,יחידות,1,יחידה,false,0,89.90,89.90,true,1,7297046210170
7297046510034,false,חבק לשורש כף היד,אוריאל Uriel,,חבק לשורש כף היד,יחידות,1,יחידה,false,0,49.90,49.90,true,1,7297046510034
7297046710045,false,מלח אמבט לכף הרגל,אוריאל Uriel,,מלח אמבט לכף הרגל,יחידות,1,יחידה,false,0,24.90,24.90,true,1,7297046710045
7297046810011,false,רפידות נוחות,אוריאל Uriel,,רפידות נוחות,יחידות,1,יחידה,false,0,24.90,24.90,true,1,7297046810011
7297046810028,false,רפידות נוחות מנטרלות ריח,אוריאל Uriel,,רפידות נוחות מנטרלות ריח,יחידות,1,יחידה,false,0,29.90,29.90,true,1,7297046810028
7297046810035,false,רפידות בולמות זעזועים,אוריאל Uriel,,רפידות בולמות זעזועים,יחידות,1,יחידה,false,0,29.90,29.90,true,1,7297046810035
7297488098015,false,גרנולה קרנץ' עם שוקולד צ'יפס מריר,דגש- דוכן גן שמואל,,גרנולה קרנץ' עם שוקולד צ'יפס מריר,גרמים,250,100 גרם,false,0,15.90,6.36,true,1,7297488098015
7297488098169,false,קמח תירס ללא גלוטן,דגש- דוכן גן שמואל,,קמח תירס ללא גלוטן,גרמים,500,100 גרם,false,0,9.90,1.98,true,1,7297488098169
7297488098176,false,קמח סויה ללא גלוטן,דגש- דוכן גן שמואל,,קמח סויה ללא גלוטן,גרמים,500,100 גרם,false,0,11.90,2.38,true,1,7297488098176
7297488098190,false,קמח אורז מלא ללא גלוטן,דגש- דוכן גן שמואל,,קמח אורז מלא ללא גלוטן,גרמים,500,100 גרם,false,0,12.90,2.58,true,1,7297488098190
7297488098213,false,קמח קינואה ללא גלוטן,דגש- דוכן גן שמואל,,קמח קינואה ללא גלוטן,גרמים,500,100 גרם,false,0,22.90,4.58,true,1,7297488098213
7297488098220,false,קמח תפוח אדמה ללא גלוטן,דגש- דוכן גן שמואל,,קמח תפוח אדמה ללא גלוטן,גרמים,500,100 גרם,false,0,11.90,2.38,true,1,7297488098220
7297488098398,false,"קסנטאן גאם - משפר לישה ומרקם, משפר אפיה",דגש- דוכן גן שמואל,,"קסנטאן גאם - משפר לישה ומרקם, משפר אפיה",גרמים,300,100 גרם,false,0,39.90,13.30,true,1,7297488098398
7297488099753,false,עוגיות עם שוקולד וקוקוס,דגש- דוכן גן שמואל,,עוגיות עם שוקולד וקוקוס,גרמים,250,100 גרם,false,0,28.90,11.56,true,1,7297488099753
7297488099760,false,עוגיות עם חלווה,דגש- דוכן גן שמואל,,עוגיות עם חלווה,גרמים,250,100 גרם,false,0,28.90,11.56,true,1,7297488099760
7297488099777,false,עוגיות עם קשיו,דגש- דוכן גן שמואל,,עוגיות עם קשיו,גרמים,250,100 גרם,false,0,28.90,11.56,true,1,7297488099777
7297488099784,false,עוגיות עם קינמון,דגש- דוכן גן שמואל,,עוגיות עם קינמון,גרמים,250,100 גרם,false,0,28.90,11.56,true,1,7297488099784
7297488099821,false,גרנולה ללא תוספת סוכר לנמנעים מגלוטן,דגש- דוכן גן שמואל,,גרנולה ללא תוספת סוכר לנמנעים מגלוטן,גרמים,250,100 גרם,false,0,14.90,5.96,true,1,7297488099821
7297488099890,false,פרוסות בסגנון קלאסי 9% שומן טבעוני,MASHUמשו,,פרוסות בסגנון קלאסי 9% שומן טבעוני,גרמים,200,100 גרם,false,0,19.90,9.95,true,1,7297488099890
7297488099906,false,פרוסות בסגנון קלאסי 18% שומן טבעוני,MASHUמשו,,פרוסות בסגנון קלאסי 18% שומן טבעוני,גרמים,200,100 גרם,false,0,19.90,9.95,true,1,7297488099906
7297488199590,false,פצפוצי אורז לבן תפוח ללא גלוטן,דגש- דוכן גן שמואל,,פצפוצי אורז לבן תפוח ללא גלוטן,גרמים,450,100 גרם,false,0,20.90,4.64,true,1,7297488199590
7297488199606,false,פצפוצי אורז תפוח ללא תוספת סוכר ומלח ללא גלוטן,דגש- דוכן גן שמואל,,פצפוצי אורז תפוח ללא תוספת סוכר ומלח ללא גלוטן,גרמים,450,100 גרם,false,0,20.90,4.64,true,1,7297488199606
7297488199620,false,פצפוצי אורז מלא תפוח ללא גלוטן,דגש- דוכן גן שמואל,,פצפוצי אורז מלא תפוח ללא גלוטן,גרמים,450,100 גרם,false,0,20.90,4.64,true,1,7297488199620
7297579005076,false,"סט סכו""ם 24 חלקים דגם פלטינה",,,"סט סכו""ם 24 חלקים דגם פלטינה",,0,,false,0,149.90,0.00,true,1,7297579005076
7297579006691,false,סט מצעים יחיד sweet dreams,ויה Via,,סט מצעים יחיד sweet dreams,,0,,false,0,120.00,0.00,true,1,7297579006691
7298074500615,false,בדיקת הריון סנסו טסט,סנסו טסט Senso Test,,בדיקת הריון סנסו טסט,יחידות,1,יחידה,false,0,25.90,25.90,true,1,7298074500615
7298074500905,false,ערכת בדיקות ביוץ מהירות 20 בדיקות,סנסו טסט Senso Test,,ערכת בדיקות ביוץ מהירות 20 בדיקות,יחידות,20,יחידה,false,0,99.90,5.00,true,1,7298074500905
7298074501063,false,ג'ל ייבוש טיפולי נטול שומן,אקניל,,ג'ל ייבוש טיפולי נטול שומן,מליליטרים,15,"100 מ""ל",false,0,69.90,466.00,true,1,7298074501063
7298074501247,false,בדיקת הריון אולטרה Ultra,סנסו טסט Senso Test,,בדיקת הריון אולטרה Ultra,יחידות,1,יחידה,false,0,32.90,32.90,true,1,7298074501247
7312040017034,false,וודקה אבסולוט Absolut,,,וודקה אבסולוט Absolut,ליטרים,1,ליטר,false,0,89.90,89.90,true,1,7312040017034
7312040017683,false,וודקה אבסולוט Absolut,,,וודקה אבסולוט Absolut,מליליטרים,700,"100 מ""ל",false,0,59.90,8.56,true,1,7312040017683
7394376123337,false,משקה שיבולת שועל אורגני,אוטלי OATLY,,משקה שיבולת שועל אורגני,ליטרים,1,ליטר,false,0,13.90,13.90,true,1,7394376123337
7394376615825,false,משקה שיבולת שועל,אוטלי OATLY,,משקה שיבולת שועל,ליטרים,1,ליטר,false,0,13.90,13.90,true,1,7394376615825
7394376615832,false,משקה שיבולת שועל בטעם שוקולד,אוטלי OATLY,,משקה שיבולת שועל בטעם שוקולד,ליטרים,1,ליטר,false,0,15.90,15.90,true,1,7394376615832
7394376616778,false,משקה שיבולת שועל להקצפה בריסטה,אוטלי OATLY,,משקה שיבולת שועל להקצפה בריסטה,ליטרים,1,ליטר,false,0,15.90,15.90,true,1,7394376616778
7501013101362,false,נקטר בטעם מנגו,ג'ומקס Jumex,,נקטר בטעם מנגו,מליליטרים,473,"100 מ""ל",false,0,8.90,1.88,true,1,7501013101362
7501013101393,false,משקה בטעם אננס,ג'ומקס Jumex,,משקה בטעם אננס,מליליטרים,473,"100 מ""ל",false,0,8.90,1.88,true,1,7501013101393
7501013122039,false,משקה בטעם מנגו,ג'ומקס Jumex,,משקה בטעם מנגו,ליטרים,1,ליטר,false,0,9.90,9.90,true,1,7501013122039
7501013122053,false,משקה בטעם אפרסק,ג'ומקס Jumex,,משקה בטעם אפרסק,ליטרים,1,ליטר,false,0,9.90,9.90,true,1,7501013122053
7501013122114,false,משקה בטעם אננס,ג'ומקס Jumex,,משקה בטעם אננס,ליטרים,1,ליטר,false,0,9.90,9.90,true,1,7501013122114
7501013122190,false,משקה בטעם תפוחים,ג'ומקס Jumex,,משקה בטעם תפוחים,ליטרים,1,ליטר,false,0,9.90,9.90,true,1,7501013122190
7501013122992,false,משקה בטעם קוקוס אננס,ג'ומקס Jumex,,משקה בטעם קוקוס אננס,ליטרים,1,ליטר,false,0,9.90,9.90,true,1,7501013122992
7501013138184,false,משקה בטעם חמוציות,ג'ומקס Jumex,,משקה בטעם חמוציות,ליטרים,1,ליטר,false,0,11.90,11.90,true,1,7501013138184
7501064191398,false,בירה קורונה שישייה,קורונה Corona,,בירה קורונה שישייה,ליטרים,2,ליטר,false,6,39.90,18.73,true,1,7501064191398
7503012779306,false,סירופ אגבה כחולה אורגני,Dulsweet,,סירופ אגבה כחולה אורגני,גרמים,330,100 גרם,false,0,16.90,5.12,true,1,7503012779306
7503013184505,false,"עט ראש לבד 0.4 מ""מ - מארז 12 צבעים",סירקה Sirka,,"עט ראש לבד 0.4 מ""מ - מארז 12 צבעים",,0,,false,0,19.90,0.00,true,1,7503013184505
7509546061665,false,דאודורנט סטיק ג'ל לגבר 24/7 אקסטרים אינטנס,ספיד סטיק Speed Stick,,דאודורנט סטיק ג'ל לגבר 24/7 אקסטרים אינטנס,גרמים,85,100 גרם,false,0,19.90,35.18,true,1,7509546061665
7509546061672,false,דאודורנט סטיק אקסטרים אינטנס,ספיד סטיק Speed Stick,,דאודורנט סטיק אקסטרים אינטנס,גרמים,50,100 גרם,false,0,19.90,45.80,true,1,7509546061672
7509546666846,false,משחת שיניים קולגייט טוטאל פחם פעיל,קולגייט Colgate,,משחת שיניים קולגייט טוטאל פחם פעיל,מליליטרים,75,"100 מ""ל",false,0,19.90,26.53,true,1,7509546666846
7509546678702,false,משחת שיניים Anti Tartar,קולגייט Colgate,,משחת שיניים Anti Tartar,מליליטרים,100,"100 מ""ל",false,0,16.90,16.90,true,1,7509546678702
7610023050215,false,גרנולה קראנץ אגוזים ודבש,פמיליה familia,,גרנולה קראנץ אגוזים ודבש,גרמים,500,100 גרם,false,0,18.90,3.78,true,1,7610023050215
7610023051212,false,גרנולה קראנץ שוקולד,פמיליה familia,,גרנולה קראנץ שוקולד,גרמים,500,100 גרם,false,0,18.90,3.78,true,1,7610023051212
7610100034084,false,מיונז בשפורפרת,טומי THOMY,,מיונז בשפורפרת,גרמים,265,100 גרם,false,0,12.90,4.87,true,1,7610100034084
7610113011652,false,בקרדי בריזר בטעם תפוח,בקרדי בריזר Bacardi Breezer,,בקרדי בריזר בטעם תפוח,מליליטרים,275,"100 מ""ל",false,0,12.90,4.69,true,1,7610113011652
7610243004463,false,"דורגול אמבט למקלחון, ברזים וחרסינה",יעקבי- דורגול Durgol,,"דורגול אמבט למקלחון, ברזים וחרסינה",מליליטרים,600,"100 מ""ל",false,0,24.90,4.15,true,1,7610243004463
7610400014649,false,שוקולד חלב במילוי קרם רך,לינדט Lindt,,שוקולד חלב במילוי קרם רך,גרמים,100,100 גרם,false,0,15.90,15.90,true,1,7610400014649
7610400068369,false,שוקולד חלב במילוי קרם אגוזים,לינדט Lindt,,שוקולד חלב במילוי קרם אגוזים,גרמים,100,100 גרם,false,0,15.90,15.90,true,1,7610400068369
7610400068505,false,בונבוניירת לינדור Lindor שוקולד חלב,לינדט Lindt,,בונבוניירת לינדור Lindor שוקולד חלב,גרמים,200,100 גרם,false,0,34.90,17.45,true,1,7610400068505
7610400068529,false,בונבוניירת לינדור Lindor מעורבב,לינדט Lindt,,בונבוניירת לינדור Lindor מעורבב,גרמים,200,100 גרם,false,0,34.90,17.45,true,1,7610400068529
7610400070577,false,שוקולד מריר אקסלנס עם צ'ילי,לינדט Lindt,,שוקולד מריר אקסלנס עם צ'ילי,גרמים,100,100 גרם,false,0,14.90,14.90,true,1,7610400070577
7610400074155,false,שוקולד מריר במילוי קרם,לינדט Lindt,,שוקולד מריר במילוי קרם,גרמים,100,100 גרם,false,0,15.90,15.90,true,1,7610400074155
7610400075770,false,שוקולד מריר עם אגוזי לוז שלמים,לינדט Lindt,,שוקולד מריר עם אגוזי לוז שלמים,גרמים,150,100 גרם,false,0,24.90,16.60,true,1,7610400075770
7610400075787,false,שוקולד חלב עם אגוזי לוז שלמים,לינדט Lindt,,שוקולד חלב עם אגוזי לוז שלמים,גרמים,150,100 גרם,false,0,24.90,16.60,true,1,7610400075787
7610400075794,false,שוקולד לבן עם שקדים,לינדט Lindt,,שוקולד לבן עם שקדים,גרמים,150,100 גרם,false,0,24.90,16.60,true,1,7610400075794
7610400086202,false,שוקולד מריר לה גרנד עם אוכמניות וחמוציות,לינדט Lindt,,שוקולד מריר לה גרנד עם אוכמניות וחמוציות,גרמים,150,100 גרם,false,0,24.90,16.60,true,1,7610400086202
7610400091060,false,שוקולד מריר לינדט אקסלנס בתוספת תפוז ושקדים,לינדט Lindt,,שוקולד מריר לינדט אקסלנס בתוספת תפוז ושקדים,גרמים,100,100 גרם,false,0,14.90,14.90,true,1,7610400091060
7610458007099,false,מברשת שיניים S43 רכה 4 שורות עם אינטרספייס 709,פארו paro,,מברשת שיניים S43 רכה 4 שורות עם אינטרספייס 709,יחידות,1,יחידה,false,0,24.90,24.90,true,1,7610458007099
7610458007143,false,מברשת שיניים exS39 רכה במיוחד 5 שורות 714,פארו paro,,מברשת שיניים exS39 רכה במיוחד 5 שורות 714,יחידות,1,יחידה,false,0,28.90,28.90,true,1,7610458007143
7610458007266,false,מברשת שיניים medic רכה במיוחד 726,פארו paro,,מברשת שיניים medic רכה במיוחד 726,יחידות,1,יחידה,false,0,28.90,28.90,true,1,7610458007266
7610458007440,false,מברשת שיניים 3 שורות M27 עם אינטרספייס 744,פארו paro,,מברשת שיניים 3 שורות M27 עם אינטרספייס 744,יחידות,1,יחידה,false,0,26.40,26.40,true,1,7610458007440
7610458007488,false,מברשת שיניים אורתודנטית 748,פארו paro,,מברשת שיניים אורתודנטית 748,יחידות,1,יחידה,false,0,28.50,28.50,true,1,7610458007488
7610458009208,false,מברשת שיניים לתותבות / פלטות אורתודנטיות 920,פארו paro,,מברשת שיניים לתותבות / פלטות אורתודנטיות 920,יחידות,1,יחידה,false,0,37.90,37.90,true,1,7610458009208
7610458010037,false,מברשת אינטרספייס דו צדדית 1003,פארו paro,,מברשת אינטרספייס דו צדדית 1003,יחידות,1,יחידה,false,0,31.90,31.90,true,1,7610458010037
7610458010105,false,"מברשת בין שינית 2.0-6.0 מ""מ ללא ידית 1010",פארו paro,,"מברשת בין שינית 2.0-6.0 מ""מ ללא ידית 1010",יחידות,6,יחידה,false,0,59.90,9.98,true,1,7610458010105
7610458010129,false,"מברשת בין שינית 1.9 מ""מ ללא ידית 1012",פארו paro,,"מברשת בין שינית 1.9 מ""מ ללא ידית 1012",יחידות,10,יחידה,false,0,59.90,5.99,true,1,7610458010129
7610458010136,false,מברשת אינטרספייס 1013,פארו paro,,מברשת אינטרספייס 1013,יחידות,6,יחידה,false,0,39.90,6.65,true,1,7610458010136
7610458010143,false,"מברשת בין שינית 2.5 מ""מ ללא ידית 1014",פארו paro,,"מברשת בין שינית 2.5 מ""מ ללא ידית 1014",יחידות,10,יחידה,false,0,59.90,5.99,true,1,7610458010143
7610458010150,false,"מברשת בין שינית 5.0 מ""מ ללא ידית 1015",פארו paro,,"מברשת בין שינית 5.0 מ""מ ללא ידית 1015",יחידות,10,יחידה,false,0,59.90,5.99,true,1,7610458010150
7610458010402,false,ידית למברשת איזולה 1040,פארו paro,,ידית למברשת איזולה 1040,יחידות,1,יחידה,false,0,31.90,31.90,true,1,7610458010402
7610458010419,false,"מברשת בין שינית 3.0 מ""מ להרכבה על ידית 1041",פארו paro,,"מברשת בין שינית 3.0 מ""מ להרכבה על ידית 1041",יחידות,5,יחידה,false,0,39.90,7.98,true,1,7610458010419
7610458010426,false,"מברשת בין שינית 5.0 מ""מ להרכבה על ידית 1042",פארו paro,,"מברשת בין שינית 5.0 מ""מ להרכבה על ידית 1042",יחידות,5,יחידה,false,0,39.90,7.98,true,1,7610458010426
7610458010440,false,"מברשת בין שינית 2.5 מ""מ להרכבה על ידית 1044",פארו paro,,"מברשת בין שינית 2.5 מ""מ להרכבה על ידית 1044",יחידות,5,יחידה,false,0,39.90,7.98,true,1,7610458010440
7610458010464,false,"מברשת בין שינית 3/7 מ""מ להרכבה על ידית 1046",פארו paro,,"מברשת בין שינית 3/7 מ""מ להרכבה על ידית 1046",יחידות,5,יחידה,false,0,39.90,7.98,true,1,7610458010464
7610458010488,false,"מברשת בין שינית 1.7 מ""מ להרכבה על ידית 1048",פארו paro,,"מברשת בין שינית 1.7 מ""מ להרכבה על ידית 1048",יחידות,5,יחידה,false,0,39.90,7.98,true,1,7610458010488
7610458010495,false,"מברשת בין שינית 1.9/5.0 מ""מ להרכבה על ידית 1049",פארו paro,,"מברשת בין שינית 1.9/5.0 מ""מ להרכבה על ידית 1049",יחידות,5,יחידה,false,0,39.90,7.98,true,1,7610458010495
7610458017500,false,קיסמי שיניים מעץ סולידוקס 1750,פארו paro,,קיסמי שיניים מעץ סולידוקס 1750,יחידות,96,יחידה,false,0,33.90,0.35,true,1,7610458017500
7610458017555,false,קיסמי שיניים מעץ פרש-סטיק בטעם מנטה 1755,פארו paro,,קיסמי שיניים מעץ פרש-סטיק בטעם מנטה 1755,יחידות,96,יחידה,false,0,34.90,0.36,true,1,7610458017555
7610458017623,false,חוט דנטלי גלייד-טייפ מטפלון 1762,פארו paro,,חוט דנטלי גלייד-טייפ מטפלון 1762,,20,מטר,false,0,33.90,1.70,true,1,7610458017623
7610700607046,false,סוכריות צמחים לימון ומנטה ללא תוספת סוכר,ריקולה Ricola,,סוכריות צמחים לימון ומנטה ללא תוספת סוכר,גרמים,50,100 גרם,false,0,12.90,25.80,true,1,7610700607046
7610700607077,false,סוכריות צמחים תפוז ומנטה ללא תוספת סוכר,ריקולה Ricola,,סוכריות צמחים תפוז ומנטה ללא תוספת סוכר,גרמים,50,100 גרם,false,0,12.90,25.80,true,1,7610700607077
7610700614914,false,סוכריות צמחים וחמוציות ללא תוספת סוכר,ריקולה Ricola,,סוכריות צמחים וחמוציות ללא תוספת סוכר,גרמים,50,100 גרם,false,0,12.90,25.80,true,1,7610700614914
7613030979647,false,דגני תירס תפוחים בטעם פירות טריקס Trix,נסטלה Nestle,,דגני תירס תפוחים בטעם פירות טריקס Trix,גרמים,480,100 גרם,false,0,23.90,4.98,true,1,7613030979647
7613031608850,false,פיטנס Fitness דגני בוקר קלאסי,נסטלה Nestle,,פיטנס Fitness דגני בוקר קלאסי,גרמים,625,100 גרם,false,0,27.90,4.46,true,1,7613031608850
7613032045753,false,פיטנס Fitness שוקולד חלב,נסטלה Nestle,,פיטנס Fitness שוקולד חלב,גרמים,375,100 גרם,false,0,19.90,5.31,true,1,7613032045753
7613033174728,false,קפסולות קפה או-לה,דולצ'ה גוסטו Nescafe Dolce Gusto,,קפסולות קפה או-לה,גרמים,160,100 גרם,false,0,28.90,18.06,true,1,7613033174728
7613033548192,false,פיטנס Fitness שוקולד מריר,נסטלה Nestle,,פיטנס Fitness שוקולד מריר,גרמים,375,100 גרם,false,0,19.90,5.31,true,1,7613033548192
7613033635571,false,מזון לחתול מעוקר עם סלמון פורינה ONE,פורינה Purina,,מזון לחתול מעוקר עם סלמון פורינה ONE,גרמים,800,100 גרם,false,0,39.90,4.99,true,1,7613033635571
7613034146502,false,מזון לכלבים קטנים בטעם עוף פורינה ONE,פורינה Purina,,מזון לכלבים קטנים בטעם עוף פורינה ONE,קילוגרמים,2,"ק""ג",false,0,59.90,39.93,true,1,7613034146502
7613034146656,false,מזון לכלבים קטנים בטעם בקר פורינה ONE,פורינה Purina,,מזון לכלבים קטנים בטעם בקר פורינה ONE,קילוגרמים,2,"ק""ג",false,0,59.90,39.93,true,1,7613034146656
7613034146823,false,מזון לכלבים קטנים בטעם בקר פורינה ONE,פורינה Purina,,מזון לכלבים קטנים בטעם בקר פורינה ONE,גרמים,800,100 גרם,false,0,34.90,4.36,true,1,7613034146823
7613035027022,false,מזון לכלבים קטנים גורים פורינה ONE,פורינה Purina,,מזון לכלבים קטנים גורים פורינה ONE,גרמים,800,100 גרם,false,0,34.90,4.36,true,1,7613035027022
7613035378643,false,דנטלייף חטיף דנטלי לכלבים מגזע גדול - 4 יחידות,פורינה Purina,,דנטלייף חטיף דנטלי לכלבים מגזע גדול - 4 יחידות,גרמים,142,100 גרם,false,0,14.90,10.49,true,1,7613035378643
7613035379794,false,דנטלייף חטיף דנטלי לכלבים מגזע בינוני - 4 יחידות,פורינה Purina,,דנטלייף חטיף דנטלי לכלבים מגזע בינוני - 4 יחידות,גרמים,115,100 גרם,false,0,14.90,12.96,true,1,7613035379794
7613035379817,false,דנטלייף חטיף דנטלי לכלבים מגזע קטן - 4 יחידות,פורינה Purina,,דנטלייף חטיף דנטלי לכלבים מגזע קטן - 4 יחידות,גרמים,115,100 גרם,false,0,14.90,12.96,true,1,7613035379817
7613035514560,false,מזון לחתול מעוקר עם בקר פורינה ONE,פורינה Purina,,מזון לחתול מעוקר עם בקר פורינה ONE,קילוגרמים,3,"ק""ג",false,0,119.90,39.97,true,1,7613035514560
7613035548374,false,דגני בוקר גולדן מיניס מחיטה מלאה ותירס,נסטלה Nestle,,דגני בוקר גולדן מיניס מחיטה מלאה ותירס,גרמים,570,100 גרם,false,0,24.90,4.37,true,1,7613035548374
7613035614482,false,מזון לגור חתולים בטעם עוף פורינה ONE,פורינה Purina,,מזון לגור חתולים בטעם עוף פורינה ONE,גרמים,800,100 גרם,false,0,39.90,4.99,true,1,7613035614482
7613035618794,false,מזון לחתול בוגר פורינה ONE,פורינה Purina,,מזון לחתול בוגר פורינה ONE,קילוגרמים,3,"ק""ג",false,0,119.90,39.97,true,1,7613035618794
7613035622623,false,פיטנס גרנולה דבש,נסטלה Nestle,,פיטנס גרנולה דבש,גרמים,300,100 גרם,false,0,12.90,4.30,true,1,7613035622623
7613035635845,false,פיטנס גרנולה שוקולד,נסטלה Nestle,,פיטנס גרנולה שוקולד,גרמים,300,100 גרם,false,0,12.90,4.30,true,1,7613035635845
7613035807778,false,בסיס של רוטב עגבניות לבולונז,אסם פרפקטו Perfecto,,בסיס של רוטב עגבניות לבולונז,גרמים,400,100 גרם,false,0,8.90,2.23,true,1,7613035807778
7613035809109,false,רוטב עגבניות בזיליקום,אסם פרפקטו Perfecto,,רוטב עגבניות בזיליקום,גרמים,400,100 גרם,false,0,8.90,2.23,true,1,7613035809109
7613035809123,false,רוטב עגבניות פלפלים לשקשוקה,אסם פרפקטו Perfecto,,רוטב עגבניות פלפלים לשקשוקה,גרמים,400,100 גרם,false,0,8.90,2.23,true,1,7613035809123
7613035809857,false,רוטב עגבניות קלאסי,אסם פרפקטו Perfecto,,רוטב עגבניות קלאסי,גרמים,400,100 גרם,false,0,8.90,2.23,true,1,7613035809857
7613035975897,false,מים מינרלים מוגזים רביעייה בקבוק אישי,פרייה Perrier,,מים מינרלים מוגזים רביעייה בקבוק אישי,ליטרים,1,ליטר,false,4,22.90,17.35,true,1,7613035975897
7613036105576,false,דוגלי עוף לכלבים בוגרים,פורינה Purina,,דוגלי עוף לכלבים בוגרים,קילוגרמים,3,"ק""ג",false,0,42.90,14.30,true,1,7613036105576
7613036105606,false,דוגלי בקר לכלבים בוגרים,פורינה Purina,,דוגלי בקר לכלבים בוגרים,קילוגרמים,3,"ק""ג",false,0,42.90,14.30,true,1,7613036105606
7613036105637,false,"דוגלי עוף לכלבים בוגרים 12 ק""ג",פורינה Purina,,"דוגלי עוף לכלבים בוגרים 12 ק""ג",קילוגרמים,12,"ק""ג",false,0,120.00,10.00,true,1,7613036105637
7613036105651,false,"דוגלי בקר לכלבים בוגרים 12 ק""ג",פורינה Purina,,"דוגלי בקר לכלבים בוגרים 12 ק""ג",קילוגרמים,12,"ק""ג",false,0,120.00,10.00,true,1,7613036105651
7613036251389,false,"דוגלי בקר לכלבים פעילים 12 ק""ג",פורינה Purina,,"דוגלי בקר לכלבים פעילים 12 ק""ג",קילוגרמים,12,"ק""ג",false,0,120.00,10.00,true,1,7613036251389
7613036286015,false,משקה אננס מנגו מוגז פרייה אנד ג'וס - רביעייה,פרייה Perrier,,משקה אננס מנגו מוגז פרייה אנד ג'וס - רביעייה,ליטרים,1,ליטר,false,4,24.90,24.90,true,1,7613036286015
7613036314114,false,נסקפה גולד Gold קפה נמס מיובש בתוספת קפה קלוי,נסקפה Nescafe,,נסקפה גולד Gold קפה נמס מיובש בתוספת קפה קלוי,גרמים,200,100 גרם,false,0,44.90,22.45,true,1,7613036314114
7613036387798,false,פיטנס Fitness דגנים מלאים עם ציפוי בטעם יוגורט,נסטלה Nestle,,פיטנס Fitness דגנים מלאים עם ציפוי בטעם יוגורט,גרמים,350,100 גרם,false,0,19.90,5.69,true,1,7613036387798
7613036520492,false,רוטב עגבניות לפיצה ולזניה,אסם פרפקטו Perfecto,,רוטב עגבניות לפיצה ולזניה,גרמים,400,100 גרם,false,0,8.90,2.23,true,1,7613036520492
7613036710879,false,מארז מיני חטיפי קיט קט צ'אנקי Kit Kat Chanky,נסטלה Nestle,,מארז מיני חטיפי קיט קט צ'אנקי Kit Kat Chanky,גרמים,194,100 גרם,false,0,12.90,6.65,true,1,7613036710879
7613036725286,false,דנטלייף חטיף דנטלי לחתול בטעם סלמון,פורינה Purina,,דנטלייף חטיף דנטלי לחתול בטעם סלמון,גרמים,40,100 גרם,false,0,9.90,24.75,true,1,7613036725286
7613036725309,false,דנטלייף חטיף דנטלי לחתול בטעם עוף,פורינה Purina,,דנטלייף חטיף דנטלי לחתול בטעם עוף,גרמים,40,100 גרם,false,0,9.90,24.75,true,1,7613036725309
7613036760195,false,קפסולות קפה אספרסו אינטנסו,דולצ'ה גוסטו Nescafe Dolce Gusto,,קפסולות קפה אספרסו אינטנסו,גרמים,112,100 גרם,false,0,28.90,25.80,true,1,7613036760195
7613036880534,false,מחית מרק ירקות מעורבים +6,גרבר Gerber,,מחית מרק ירקות מעורבים +6,גרמים,190,100 גרם,false,0,6.50,3.42,true,1,7613036880534
7613036976657,false,מזון לחתולים פריסקיז פאוצ' הודו,פורינה Purina,,מזון לחתולים פריסקיז פאוצ' הודו,גרמים,85,100 גרם,false,0,3.90,4.59,true,1,7613036976657
7613037012200,false,מחית תפוח גזר ומנגו פאוץ',גרבר Gerber,,מחית תפוח גזר ומנגו פאוץ',גרמים,90,100 גרם,false,0,6.50,7.22,true,1,7613037012200
7613037276091,false,דגני בוקר מיקס 6 אריזות מיני,נסטלה Nestle,,דגני בוקר מיקס 6 אריזות מיני,גרמים,200,100 גרם,false,6,16.90,8.45,true,1,7613037276091
7613037686906,false,דגני בוקר פיטנס Fitness שקדים ודבש,נסטלה Nestle,,דגני בוקר פיטנס Fitness שקדים ודבש,גרמים,355,100 גרם,false,0,19.90,5.61,true,1,7613037686906
7613037811629,false,קורנפלקס גו פרי ללא גלוטן,נסטלה Nestle,,קורנפלקס גו פרי ללא גלוטן,גרמים,500,100 גרם,false,0,14.90,2.98,true,1,7613037811629
7613038268262,false,דגני בוקר צ'יריוס דבש ושקדים במתיקות מעודנת,נסטלה Nestle,,דגני בוקר צ'יריוס דבש ושקדים במתיקות מעודנת,גרמים,410,100 גרם,false,0,19.90,4.85,true,1,7613038268262
7613038451954,false,דגני בוקר קראנץ' שוקולד במתיקות מעודנת,נסטלה Nestle,,דגני בוקר קראנץ' שוקולד במתיקות מעודנת,גרמים,410,100 גרם,false,0,21.90,5.34,true,1,7613038451954
7613039547731,false,מחית תפוח עץ ומשמש פאוץ',גרבר Gerber,,מחית תפוח עץ ומשמש פאוץ',גרמים,90,100 גרם,false,0,5.90,6.56,true,1,7613039547731
7613039770450,false,בורגר צמחוני סנסשיונל,טבעול,,בורגר צמחוני סנסשיונל,גרמים,226,100 גרם,false,0,34.90,15.44,true,1,7613039770450
7613039771174,false,טחון צמחוני סנסשיונל מינס,טבעול,,טחון צמחוני סנסשיונל מינס,גרמים,400,100 גרם,false,0,34.90,8.73,true,1,7613039771174
7613039880807,false,מחית תפוח גזר,גרבר Gerber,,מחית תפוח גזר,גרמים,190,100 גרם,false,0,6.50,3.42,true,1,7613039880807
7613039881521,false,מחית מנגו,גרבר Gerber,,מחית מנגו,גרמים,190,100 גרם,false,0,6.50,3.42,true,1,7613039881521
7613287121783,false,מארז מיני סמרטיס,נסטלה Nestle,,מארז מיני סמרטיס,גרמים,187,100 גרם,false,0,12.90,6.90,true,1,7613287121783
7613287155832,false,מחית תפוחי עץ בפאוץ',גרבר Gerber,,מחית תפוחי עץ בפאוץ',גרמים,90,100 גרם,false,0,6.50,7.22,true,1,7613287155832
7613287155863,false,מחית אגס בפאוץ',גרבר Gerber,,מחית אגס בפאוץ',גרמים,90,100 גרם,false,0,5.90,6.56,true,1,7613287155863
7613287155894,false,מחית אפרסק בפאוץ',גרבר Gerber,,מחית אפרסק בפאוץ',גרמים,90,100 גרם,false,0,6.50,7.22,true,1,7613287155894
7613287155924,false,מחית תפוח גזר בפאוץ',גרבר Gerber,,מחית תפוח גזר בפאוץ',גרמים,90,100 גרם,false,0,5.90,6.56,true,1,7613287155924
7613287302373,false,קפסולות קפה איטליאן סטייל עוצמה 11 - 10 יח',סטארבקס Starbucks,,קפסולות קפה איטליאן סטייל עוצמה 11 - 10 יח',גרמים,55,100 גרם,false,0,21.90,39.82,true,1,7613287302373
7613287325808,false,רוטב איולי שום לחיץ,אסם,,רוטב איולי שום לחיץ,מליליטרים,295,"100 מ""ל",false,0,13.90,4.71,true,1,7613287325808
7613287325822,false,רוטב מיקס בטעם קטשופ ומיונז,אסם,,רוטב מיקס בטעם קטשופ ומיונז,מליליטרים,295,"100 מ""ל",false,0,13.90,4.71,true,1,7613287325822
7613287325853,false,רוטב ספייסי איולי לחיץ,אסם,,רוטב ספייסי איולי לחיץ,מליליטרים,295,"100 מ""ל",false,0,13.90,4.71,true,1,7613287325853
7613287325952,false,רוטב ברביקיו לחיץ,אסם,,רוטב ברביקיו לחיץ,מליליטרים,345,"100 מ""ל",false,0,13.90,4.03,true,1,7613287325952
7613287394323,false,דגני בוקר מולטי צ'יריוס,נסטלה Nestle,,דגני בוקר מולטי צ'יריוס,גרמים,600,100 גרם,false,0,22.90,3.82,true,1,7613287394323
7613287476494,false,מיונז בסגנון צרפתי,אסם,,מיונז בסגנון צרפתי,מליליטרים,280,"100 מ""ל",false,0,13.90,4.96,true,1,7613287476494
7613287821348,false,נתחי סויה דמוי עוף sensational - טבעוני,טבעול,,נתחי סויה דמוי עוף sensational - טבעוני,גרמים,350,100 גרם,false,0,34.90,9.97,true,1,7613287821348
7622010001858,false,עוגיות אוראו,אוראו Oreo,,עוגיות אוראו,גרמים,176,100 גרם,false,0,8.90,5.06,true,1,7622010001858
7622201050757,false,שוקולד חלב עם קרמל,מילקה Milka,,שוקולד חלב עם קרמל,גרמים,90,100 גרם,false,0,5.90,8.33,true,1,7622201050757
7622201137052,false,מיני עוגיות עם שוקולד מילקה,מילקה Milka,,מיני עוגיות עם שוקולד מילקה,גרמים,110,100 גרם,false,0,8.90,8.09,true,1,7622201137052
7622201139278,false,גבינת שמנת 27% שומן,פילדלפיה Philadelphia,,גבינת שמנת 27% שומן,גרמים,150,100 גרם,false,0,12.90,8.60,true,1,7622201139278
7622201502515,false,עוגיות מילקה קוקי לופ,מילקה Milka,,עוגיות מילקה קוקי לופ,גרמים,132,100 גרם,false,0,12.90,9.77,true,1,7622201502515
7622201521493,false,גבינת שמנת עם שום ועשבי תיבול 12% שומן,פילדלפיה Philadelphia,,גבינת שמנת עם שום ועשבי תיבול 12% שומן,גרמים,150,100 גרם,false,0,12.90,8.60,true,1,7622201521493
7622201798154,false,גבינת שמנת לייט מופחתת שומן 13% שומן,פילדלפיה Philadelphia,,גבינת שמנת לייט מופחתת שומן 13% שומן,גרמים,150,100 גרם,false,0,12.90,8.60,true,1,7622201798154
7622201801809,false,שוקולד חלב עם שברי אגוזי לוז,מילקה Milka,,שוקולד חלב עם שברי אגוזי לוז,גרמים,100,100 גרם,false,0,5.90,7.50,true,1,7622201801809
7622201802363,false,שוקולד חלב עם צימוקים ושברי אגוזים,מילקה Milka,,שוקולד חלב עם צימוקים ושברי אגוזים,גרמים,100,100 גרם,false,0,5.90,7.50,true,1,7622201802363
7622201802394,false,שוקולד חלב,מילקה Milka,,שוקולד חלב,גרמים,100,100 גרם,false,0,5.90,7.50,true,1,7622201802394
7622201808631,false,מיני עוגיות אוראו במילוי קרם בטעם וניל,אוראו Oreo,,מיני עוגיות אוראו במילוי קרם בטעם וניל,גרמים,67,100 גרם,false,0,7.90,11.79,true,1,7622201808631
7622201809188,false,ביסקוויט עם שוקולד חלב מילקה,מילקה Milka,,ביסקוויט עם שוקולד חלב מילקה,גרמים,150,100 גרם,false,0,12.90,8.60,true,1,7622201809188
7622201813390,false,וופל במילוי קרם קקאו בציפוי שוקולד חלב,מילקה Milka,,וופל במילוי קרם קקאו בציפוי שוקולד חלב,גרמים,150,100 גרם,false,0,12.90,8.60,true,1,7622201813390
7622210078131,false,שוקולד חלב עם שברי קרמל Daim,מילקה Milka,,שוקולד חלב עם שברי קרמל Daim,גרמים,100,100 גרם,false,0,5.90,7.50,true,1,7622210078131
7622210137234,false,עוגיות אוראו דאבל קרם,אוראו Oreo,,עוגיות אוראו דאבל קרם,גרמים,170,100 גרם,false,0,7.90,4.65,true,1,7622210137234
7622210163899,false,שוקולד חלב במילוי סוכריות עדשים,מילקה Milka,,שוקולד חלב במילוי סוכריות עדשים,גרמים,100,100 גרם,false,0,5.90,7.50,true,1,7622210163899
7622210453327,false,עוגיות שוקוצ'יפס במילוי שוקולד סנסיישן,מילקה Milka,,עוגיות שוקוצ'יפס במילוי שוקולד סנסיישן,גרמים,150,100 גרם,false,0,12.90,8.60,true,1,7622210453327
7622210464729,false,עוגיות אוראו גולדן,אוראו Oreo,,עוגיות אוראו גולדן,גרמים,154,100 גרם,false,0,8.90,5.78,true,1,7622210464729
7622210597915,false,פרלינים לבבות שוקולד חלב ממולא קרם נוגט,מילקה Milka,,פרלינים לבבות שוקולד חלב ממולא קרם נוגט,גרמים,110,100 גרם,false,0,12.90,11.73,true,1,7622210597915
7622210635105,false,עוגיות אוראו תות,אוראו Oreo,,עוגיות אוראו תות,גרמים,154,100 גרם,false,0,8.90,5.78,true,1,7622210635105
7622210637994,false,מיני עוגיות אוראו קראנצ'י בייטס אורגינל,אוראו Oreo,,מיני עוגיות אוראו קראנצ'י בייטס אורגינל,גרמים,110,100 גרם,false,0,7.90,7.18,true,1,7622210637994
7622210638021,false,מיני עוגיות אוראו קראנצ'י בייטס מצופים,אוראו Oreo,,מיני עוגיות אוראו קראנצ'י בייטס מצופים,גרמים,110,100 גרם,false,0,7.90,7.18,true,1,7622210638021
7622210826053,false,שוקולד חלב סנדוויץ אוראו,מילקה Milka,,שוקולד חלב סנדוויץ אוראו,גרמים,96,100 גרם,false,0,5.90,7.81,true,1,7622210826053
7622210835338,false,עוגיות אוראו בטעם בראוניז,אוראו Oreo,,עוגיות אוראו בטעם בראוניז,גרמים,176,100 גרם,false,0,8.90,5.06,true,1,7622210835338
7622300270506,false,עוגיות שיבולת שועל ושוקולד,מילקה Milka,,עוגיות שיבולת שועל ושוקולד,גרמים,168,100 גרם,false,0,12.90,7.68,true,1,7622300270506
7622300441715,false,עוגיות במילוי שוקולד ChocoMinis,מילקה Milka,,עוגיות במילוי שוקולד ChocoMinis,גרמים,150,100 גרם,false,0,12.90,8.60,true,1,7622300441715
7622300489427,false,עוגיות אוראו בציפוי שוקולד לבן,אוראו Oreo,,עוגיות אוראו בציפוי שוקולד לבן,גרמים,246,100 גרם,false,0,18.90,7.68,true,1,7622300489427
7622300489434,false,עוגיות אוראו בציפוי שוקולד חלב,אוראו Oreo,,עוגיות אוראו בציפוי שוקולד חלב,גרמים,246,100 גרם,false,0,18.90,7.68,true,1,7622300489434
7622300495046,false,שוקולד מריר וחלב,מילקה Milka,,שוקולד מריר וחלב,גרמים,100,100 גרם,false,0,5.90,7.50,true,1,7622300495046
7622300503079,false,עוגיות ביסקוויט ושוקולד,מילקה Milka,,עוגיות ביסקוויט ושוקולד,גרמים,200,100 גרם,false,0,12.90,6.45,true,1,7622300503079
7622300617820,false,שוקולד חלב עם שברי אוראו OREO,מילקה Milka,,שוקולד חלב עם שברי אוראו OREO,גרמים,100,100 גרם,false,0,5.90,7.50,true,1,7622300617820
7622300761363,false,עוגיות מיני אוראו במילוי קרם בטעם שוקולד בכוס,אוראו Oreo,,עוגיות מיני אוראו במילוי קרם בטעם שוקולד בכוס,גרמים,67,100 גרם,false,0,7.90,11.79,true,1,7622300761363
7622400005190,false,שוקולד חלב ושוקולד לבן Happy Cow,מילקה Milka,,שוקולד חלב ושוקולד לבן Happy Cow,גרמים,100,100 גרם,false,0,5.90,7.50,true,1,7622400005190
7630311507016,false,קפסולות סטארבקס סאני דיי,סטארבקס Starbucks,,קפסולות סטארבקס סאני דיי,גרמים,57,100 גרם,false,0,21.90,38.42,true,1,7630311507016
7630477891592,false,קפסולות האוס בלנד לונגו עוצמה 8 - 10 יח',סטארבקס Starbucks,,קפסולות האוס בלנד לונגו עוצמה 8 - 10 יח',גרמים,57,100 גרם,false,0,21.90,38.42,true,1,7630477891592
7630477891615,false,קפסולות קפה סומטרה עוצמה 10 - 10 יח',סטארבקס Starbucks,,קפסולות קפה סומטרה עוצמה 10 - 10 יח',גרמים,57,100 גרם,false,0,21.90,38.42,true,1,7630477891615
7630477891639,false,קפסולות קפה ורונה עוצמה 10 - 10 יח',סטארבקס Starbucks,,קפסולות קפה ורונה עוצמה 10 - 10 יח',גרמים,57,100 גרם,false,0,21.90,38.42,true,1,7630477891639
7630477891653,false,קפסולות אספרסו נטול קפאין - 10 יח',סטארבקס Starbucks,,קפסולות אספרסו נטול קפאין - 10 יח',גרמים,57,100 גרם,false,0,21.90,38.42,true,1,7630477891653
7630477891677,false,קפסולות פייק פלייס לונגו עוצמה 7 - 10 יח',סטארבקס Starbucks,,קפסולות פייק פלייס לונגו עוצמה 7 - 10 יח',גרמים,57,100 גרם,false,0,21.90,38.42,true,1,7630477891677
7630477891691,false,קפסולות קפה קולומביה עוצמה 7 - 10 יח',סטארבקס Starbucks,,קפסולות קפה קולומביה עוצמה 7 - 10 יח',גרמים,57,100 גרם,false,0,21.90,38.42,true,1,7630477891691
7630477891714,false,קפסולות אספרסו עוצמה 11 - 10 יח',סטארבקס Starbucks,,קפסולות אספרסו עוצמה 11 - 10 יח',גרמים,57,100 גרם,false,0,21.90,38.42,true,1,7630477891714
7630477891738,false,קפסולות אספרסו בלונד עוצמה 6 - 10 יח',סטארבקס Starbucks,,קפסולות אספרסו בלונד עוצמה 6 - 10 יח',גרמים,57,100 גרם,false,0,21.90,38.42,true,1,7630477891738
7638900248333,false,סוללות ליתיום 2025 - זוג,אנרג'יזר Energizer,,סוללות ליתיום 2025 - זוג,יחידות,2,יחידה,false,0,19.90,9.95,true,1,7638900248333
7638900426809,false,סוללות C,אנרג'יזר Energizer,,סוללות C,יחידות,2,יחידה,false,0,19.90,9.95,true,1,7638900426809
7702018016808,false,ג'ילט ונוס ריווירה 2 סכיני גילוח חד פעמי,ג'ילט ונוס Gillette Venus,,ג'ילט ונוס ריווירה 2 סכיני גילוח חד פעמי,יחידות,2,יחידה,false,0,19.90,9.95,true,1,7702018016808
7702018069347,false,סכיני גילוח חד פעמיים לנשים Blue 2,ג'ילט Gillette,,סכיני גילוח חד פעמיים לנשים Blue 2,יחידות,15,יחידה,false,0,34.90,2.33,true,1,7702018069347
7702018263783,false,סכיני גילוח מאך 3 - 8 יח',ג'ילט Gillette,,סכיני גילוח מאך 3 - 8 יח',יחידות,8,יחידה,false,0,69.90,9.36,true,1,7702018263783
7702018271788,false,דאודורנט ג'ל לגבר Pro Sport,ג'ילט Gillette,,דאודורנט ג'ל לגבר Pro Sport,מליליטרים,70,"100 מ""ל",false,0,18.90,28.43,true,1,7702018271788
7702018321520,false,דאודורנט סטיק לגבר Pro G Arctic ice,ג'ילט Gillette,,דאודורנט סטיק לגבר Pro G Arctic ice,גרמים,45,100 גרם,false,0,19.90,50.89,true,1,7702018321520
7702018321582,false,דאודורנט סטיק לגבר Pro G Cool Wave,ג'ילט Gillette,,דאודורנט סטיק לגבר Pro G Cool Wave,גרמים,45,100 גרם,false,0,19.90,50.89,true,1,7702018321582
7702018347629,false,סכיני גילוח ונוס אקסטרה סמוט - 4 יח',ג'ילט ונוס Gillette Venus,,סכיני גילוח ונוס אקסטרה סמוט - 4 יח',יחידות,4,יחידה,false,0,54.90,13.73,true,1,7702018347629
7702018401055,false,מכשיר גילוח ג'ילט ונוס סווירל Extra Smooth,ג'ילט ונוס Gillette Venus,,מכשיר גילוח ג'ילט ונוס סווירל Extra Smooth,יחידות,1,יחידה,false,0,39.90,39.90,true,1,7702018401055
7702018401147,false,סכיני גילוח 5 להבים סווירל,ג'ילט ונוס Gillette Venus,,סכיני גילוח 5 להבים סווירל,יחידות,4,יחידה,false,0,69.90,17.48,true,1,7702018401147
7702018405145,false,ג'ל גילוח ג'ילט סירייס פרוטקשן,ג'ילט Gillette,,ג'ל גילוח ג'ילט סירייס פרוטקשן,מליליטרים,200,"100 מ""ל",false,0,17.90,8.95,true,1,7702018405145
7702018421237,false,ידית פלקסבול + 7 סכינים,ג'ילט Gillette,,ידית פלקסבול + 7 סכינים,יחידות,7,יחידה,false,0,82.90,17.13,true,1,7702018421237
7702018439348,false,מארז ידית + 8 סכיני גילוח פיוז'ן 5 להבים,ג'ילט Gillette,,מארז ידית + 8 סכיני גילוח פיוז'ן 5 להבים,יחידות,8,יחידה,false,0,82.90,14.99,true,1,7702018439348
7702018489619,false,סכיני גילוח ג'ילט בלו 3 קומפורט,ג'ילט Gillette,,סכיני גילוח ג'ילט בלו 3 קומפורט,יחידות,3,יחידה,false,0,14.90,4.97,true,1,7702018489619
7702018497447,false,סכיני גילוח ונוס סנסיטיב אקסטרה סמוט - 4 יח',ג'ילט ונוס Gillette Venus,,סכיני גילוח ונוס סנסיטיב אקסטרה סמוט - 4 יח',יחידות,4,יחידה,false,0,54.90,13.73,true,1,7702018497447
7702018498567,false,מארז ידית + 5 סכיני גילוח לעור רגיש סקינגארד,ג'ילט Gillette,,מארז ידית + 5 סכיני גילוח לעור רגיש סקינגארד,יחידות,5,יחידה,false,0,82.90,21.98,true,1,7702018498567
7702018866984,false,סכיני גילוח פיוזן Fusion,ג'ילט Gillette,,סכיני גילוח פיוזן Fusion,יחידות,4,יחידה,false,0,69.90,17.48,true,1,7702018866984
7702018978106,false,דאודורנט ג'ל לגבר Arctic ice,ג'ילט Gillette,,דאודורנט ג'ל לגבר Arctic ice,מליליטרים,70,"100 מ""ל",false,0,18.90,28.43,true,1,7702018978106
7702018978120,false,דאודורנט ג'ל לגבר Pro G Cool Wave,ג'ילט Gillette,,דאודורנט ג'ל לגבר Pro G Cool Wave,מליליטרים,70,"100 מ""ל",false,0,18.90,28.43,true,1,7702018978120
7702018980833,false,ג'ל גילוח גילט סירייס לחות,ג'ילט Gillette,,ג'ל גילוח גילט סירייס לחות,מליליטרים,200,"100 מ""ל",false,0,17.90,8.95,true,1,7702018980833
7702024074625,false,חטיפי קרקר פיטנס Fitness עם חיטה מלאה,נסטלה Nestle,,חטיפי קרקר פיטנס Fitness עם חיטה מלאה,גרמים,234,100 גרם,false,0,10.90,4.66,true,1,7702024074625
7702024258322,false,"חטיפי קרקר עם חיטה מלאה, צ'יה וזרעי פשתן פיטנס",נסטלה Nestle,,"חטיפי קרקר עם חיטה מלאה, צ'יה וזרעי פשתן פיטנס",גרמים,234,100 גרם,false,0,10.90,4.66,true,1,7702024258322
7702174066631,false,סוכריות לקקן במילוי מסטיק,פינפופ Pinpop,,סוכריות לקקן במילוי מסטיק,גרמים,216,100 גרם,false,0,10.90,5.05,true,1,7702174066631
7702174068826,false,סוכריות לקקן במילוי טופי בטעמי יוגורט פירות,יוגטה yogueta,,סוכריות לקקן במילוי טופי בטעמי יוגורט פירות,גרמים,216,100 גרם,false,0,10.90,5.05,true,1,7702174068826
7702174068833,false,סוכריות לקקן במילוי טופי בטעמי גלידת פירות,יוגטה yogueta,,סוכריות לקקן במילוי טופי בטעמי גלידת פירות,גרמים,216,100 גרם,false,0,10.90,5.05,true,1,7702174068833
7702174070201,false,סוכריות לקקן במילוי טופי בטעם מסטיק,יוגטה yogueta,,סוכריות לקקן במילוי טופי בטעם מסטיק,גרמים,216,100 גרם,false,0,10.90,5.05,true,1,7702174070201
7702174073783,false,סוכריות על מקל בטעם קולה במילוי גומי לעיסה,פינפופ Pinpop,,סוכריות על מקל בטעם קולה במילוי גומי לעיסה,גרמים,216,100 גרם,false,0,10.90,5.05,true,1,7702174073783
7702174073844,false,לקקן פין פופ בטעם פירות 48 יח',פופ סטאר,,לקקן פין פופ בטעם פירות 48 יח',יחידות,48,יחידה,false,0,19.90,41.46,true,1,7702174073844
7791940020014,false,מסרק כינים אסי 2000,ASSY,,מסרק כינים אסי 2000,יחידות,1,יחידה,false,0,55.90,55.90,true,1,7791940020014
7792860006218,false,סוכריות לקקנים בייבי דול Baby Doll לריטר,,,סוכריות לקקנים בייבי דול Baby Doll לריטר,גרמים,24,100 גרם,false,0,2.00,8.33,true,1,7792860006218
7798164800019,false,אוכמניות במארז,ויוה Viva Agricuiture,,אוכמניות במארז,גרמים,125,100 גרם,false,0,9.90,7.92,true,1,7798164800019
7804414000860,false,יין דון חוליו קברנה סוביניון,דון חוליו Don Julio,,יין דון חוליו קברנה סוביניון,מליליטרים,750,"100 מ""ל",false,0,29.90,3.99,true,1,7804414000860
7804414000877,false,יין דון חוליו מרלו,דון חוליו Don Julio,,יין דון חוליו מרלו,מליליטרים,750,"100 מ""ל",false,0,29.90,3.99,true,1,7804414000877
7804414000884,false,יין דון חוליו שרדונה,דון חוליו Don Julio,,יין דון חוליו שרדונה,מליליטרים,750,"100 מ""ל",false,0,29.90,3.99,true,1,7804414000884
7804414001614,false,יין דון חוליו שיראז,דון חוליו Don Julio,,יין דון חוליו שיראז,מליליטרים,750,"100 מ""ל",false,0,29.90,3.99,true,1,7804414001614
7804414001621,false,יין שיראז קאזה דה לואיג'י,קאסה די לואיג'י Casa di luigi,,יין שיראז קאזה דה לואיג'י,מליליטרים,750,"100 מ""ל",false,0,24.90,3.32,true,1,7804414001621
7891024030974,false,משחת שיניים הגנה משולשת Triple Action,קולגייט Colgate,,משחת שיניים הגנה משולשת Triple Action,גרמים,75,100 גרם,false,0,6.90,9.20,true,1,7891024030974
7891024124826,false,משחת שיניים אופטיק וויט Optic white,קולגייט Colgate,,משחת שיניים אופטיק וויט Optic white,מליליטרים,75,"100 מ""ל",false,0,19.90,26.53,true,1,7891024124826
7891024130063,false,מי פה קולגייט פלאקס מנטה עדין,קולגייט Colgate,,מי פה קולגייט פלאקס מנטה עדין,גרמים,500,100 גרם,false,0,24.90,5.98,true,1,7891024130063
7891024179482,false,מי פה קולגייט אופטיק וויט Optic White,קולגייט Colgate,,מי פה קולגייט אופטיק וויט Optic White,גרמים,500,100 גרם,false,0,24.90,5.98,true,1,7891024179482
7945031120170,false,אטמי אוזניים לטיסה (זוג),נווה NAVEH,,אטמי אוזניים לטיסה (זוג),יחידות,1,יחידה,false,0,39.90,39.90,true,1,7945031120170
8000070003774,false,קפסולות קפה לוואצה אינטנסו חוזק 13,לוואצה Lavazza,,קפסולות קפה לוואצה אינטנסו חוזק 13,גרמים,120,100 גרם,false,0,29.90,24.92,true,1,8000070003774
8000070003798,false,קפסולות קפה לוואצה דליסיוזו חוזק 8,לוואצה Lavazza,,קפסולות קפה לוואצה דליסיוזו חוזק 8,גרמים,120,100 גרם,false,0,29.90,24.92,true,1,8000070003798
8000070003880,false,קפסולות קפה לוואצה קרמה דולצ'ה חוזק 6,לוואצה Lavazza,,קפסולות קפה לוואצה קרמה דולצ'ה חוזק 6,גרמים,120,100 גרם,false,0,29.90,24.92,true,1,8000070003880
8000070011878,false,קפה ללא קפאין,לוואצה Lavazza,,קפה ללא קפאין,גרמים,250,100 גרם,false,0,39.90,15.96,true,1,8000070011878
8000070012783,false,קפה אורו ORO,לוואצה Lavazza,,קפה אורו ORO,גרמים,250,100 גרם,false,0,38.90,15.56,true,1,8000070012783
8000070032835,false,קפה מאטינו IL MATTINO,לוואצה Lavazza,,קפה מאטינו IL MATTINO,גרמים,250,100 גרם,false,0,26.90,10.76,true,1,8000070032835
8000070035980,false,קפה רוסה Rossa,לוואצה Lavazza,,קפה רוסה Rossa,גרמים,250,100 גרם,false,0,29.90,11.96,true,1,8000070035980
8000070038868,false,קפה קרמה אגוסטו CREMA E GUSTO,לוואצה Lavazza,,קפה קרמה אגוסטו CREMA E GUSTO,גרמים,250,100 גרם,false,0,29.90,11.96,true,1,8000070038868
8000070053465,false,קפסולות קפה אספרסו אורו דרגת חוזק 8,לוואצה Lavazza,,קפסולות קפה אספרסו אורו דרגת חוזק 8,גרמים,55,100 גרם,false,0,19.90,36.18,true,1,8000070053465
8000070053472,false,קפסולות קפה קרמה גוסטו קלאסיקו דרגת חוזק 12,לוואצה Lavazza,,קפסולות קפה קרמה גוסטו קלאסיקו דרגת חוזק 12,גרמים,57,100 גרם,false,0,19.90,34.91,true,1,8000070053472
8000070053502,false,קפסולות קפה אספרסו ריקו נטול קפאין דרגת חוזק 7,לוואצה Lavazza,,קפסולות קפה אספרסו ריקו נטול קפאין דרגת חוזק 7,גרמים,58,100 גרם,false,0,19.90,34.31,true,1,8000070053502
8000070053526,false,קפסולות קפה אספרסו רוסה דרגת חוזק 10,לוואצה Lavazza,,קפסולות קפה אספרסו רוסה דרגת חוזק 10,גרמים,57,100 גרם,false,0,19.90,34.91,true,1,8000070053526
8000070055254,false,קפסולות קפה קרמה גוסטו פורטה דרגת חוזק 13,לוואצה Lavazza,,קפסולות קפה קרמה גוסטו פורטה דרגת חוזק 13,גרמים,55,100 גרם,false,0,19.90,36.18,true,1,8000070055254
8000070059832,false,קפסולות קפה קרמה גוסטו ריקו דרגת חוזק 11,לוואצה Lavazza,,קפסולות קפה קרמה גוסטו ריקו דרגת חוזק 11,גרמים,55,100 גרם,false,0,19.90,36.18,true,1,8000070059832
8000070064577,false,קפסולות קפה לוואצה קוואליטה אורו חוזק 8,לוואצה Lavazza,,קפסולות קפה לוואצה קוואליטה אורו חוזק 8,גרמים,120,100 גרם,false,0,29.90,24.92,true,1,8000070064577
8000113003402,false,קמח תירס,ניקולי Nicoli,,קמח תירס,קילוגרמים,1,"ק""ג",false,0,15.90,15.90,true,1,8000113003402
8000380001446,false,פרלינים וופל ושוקולד חלב לואקיני Loackini,לואקר Loacker,,פרלינים וופל ושוקולד חלב לואקיני Loackini,גרמים,100,100 גרם,false,0,14.90,14.90,true,1,8000380001446
8000380003723,false,וופל גראן פטיסרי Gran Pasticceria אגוזים,לואקר Loacker,,וופל גראן פטיסרי Gran Pasticceria אגוזים,גרמים,100,100 גרם,false,0,9.90,9.90,true,1,8000380003723
8000380003754,false,וופל גראן פטיסרי Gran Pasticceria קפוצ'ינו,לואקר Loacker,,וופל גראן פטיסרי Gran Pasticceria קפוצ'ינו,גרמים,100,100 גרם,false,0,9.90,9.90,true,1,8000380003754
8000380003761,false,וופל גראן פטיסרי Gran Pasticceria קוקוס,לואקר Loacker,,וופל גראן פטיסרי Gran Pasticceria קוקוס,גרמים,100,100 גרם,false,0,9.90,9.90,true,1,8000380003761
8000380004669,false,קוביות וופל סנדוויץ Sandwich עם שוקולד,לואקר Loacker,,קוביות וופל סנדוויץ Sandwich עם שוקולד,גרמים,200,100 גרם,false,0,12.90,6.45,true,1,8000380004669
8000380004676,false,קוביות וופל סנדוויץ Sandwich עם וניל וחלב,לואקר Loacker,,קוביות וופל סנדוויץ Sandwich עם וניל וחלב,גרמים,200,100 גרם,false,0,12.90,6.45,true,1,8000380004676
8000380004881,false,קוביות וופל קואדרטיני Quadratini טירמיסו,לואקר Loacker,,קוביות וופל קואדרטיני Quadratini טירמיסו,גרמים,220,100 גרם,false,0,14.90,6.77,true,1,8000380004881
8000380004911,false,קוביות וופל קואדרטיני Quadratini קרם אגוזים,לואקר Loacker,,קוביות וופל קואדרטיני Quadratini קרם אגוזים,גרמים,250,100 גרם,false,0,14.90,5.96,true,1,8000380004911
8000380004942,false,קוביות וופל קואדרטיני Quadratini וניל,לואקר Loacker,,קוביות וופל קואדרטיני Quadratini וניל,גרמים,250,100 גרם,false,0,14.90,5.96,true,1,8000380004942
8000380004966,false,קוביות וופל קואדרטיני Quadratini שוקולד,לואקר Loacker,,קוביות וופל קואדרטיני Quadratini שוקולד,גרמים,250,100 גרם,false,0,14.90,5.96,true,1,8000380004966
8000380005598,false,מארז וופל שוקולד טורטינה Tortina שוקולד מריר,לואקר Loacker,,מארז וופל שוקולד טורטינה Tortina שוקולד מריר,גרמים,125,100 גרם,false,6,16.90,13.52,true,1,8000380005598
8000380007257,false,וופל גרדנה Gardena אגוזי לוז,לואקר Loacker,,וופל גרדנה Gardena אגוזי לוז,גרמים,200,100 גרם,false,0,14.90,7.45,true,1,8000380007257
8000380007264,false,וופל עם קרם בטעם קקאו,לואקר Loacker,,וופל עם קרם בטעם קקאו,גרמים,175,100 גרם,false,0,10.90,6.23,true,1,8000380007264
8000380007271,false,וופל עם קרם בטעם חלב,לואקר Loacker,,וופל עם קרם בטעם חלב,גרמים,175,100 גרם,false,0,10.90,6.23,true,1,8000380007271
8000380106028,false,מארז וופל שוקולד טורטינה Tortina שוקולד חלב,לואקר Loacker,,מארז וופל שוקולד טורטינה Tortina שוקולד חלב,גרמים,125,100 גרם,false,6,16.90,13.52,true,1,8000380106028
8000380142484,false,קוביות וופל קואדרטיני Quadratini בטעם שוקולד מריר,לואקר Loacker,,קוביות וופל קואדרטיני Quadratini בטעם שוקולד מריר,גרמים,250,100 גרם,false,0,14.90,5.96,true,1,8000380142484
8000380144044,false,וופל גרדנה Gardena שוקולד,לואקר Loacker,,וופל גרדנה Gardena שוקולד,גרמים,200,100 גרם,false,0,14.90,7.45,true,1,8000380144044
8000380148035,false,וופל אגוזי לוג שוקולד מריר גראן פטיסרי Gran Pasticceria,לואקר Loacker,,וופל אגוזי לוג שוקולד מריר גראן פטיסרי Gran Pasticceria,גרמים,100,100 גרם,false,0,9.90,9.90,true,1,8000380148035
8000380152704,false,וופל גרדנה Gardena אגוזי לוז,לואקר Loacker,,וופל גרדנה Gardena אגוזי לוז,גרמים,125,100 גרם,false,0,14.90,11.92,true,1,8000380152704
8000380152728,false,וופל גרדנה Gardena שוקולד,לואקר Loacker,,וופל גרדנה Gardena שוקולד,גרמים,125,100 גרם,false,0,14.90,11.92,true,1,8000380152728
8000380153534,false,מארז וופל שוקולד טורטינה Tortina שוקולד לבן,לואקר Loacker,,מארז וופל שוקולד טורטינה Tortina שוקולד לבן,גרמים,125,100 גרם,false,6,16.90,13.52,true,1,8000380153534
8000380156573,false,"פרלין שוקולד חלב, מריר ולבן Rose",לואקר Loacker,,"פרלין שוקולד חלב, מריר ולבן Rose",גרמים,150,100 גרם,false,0,19.90,13.27,true,1,8000380156573
8000380156825,false,שוקולד חלב עם וופל,לואקר Loacker,,שוקולד חלב עם וופל,גרמים,87,100 גרם,false,0,7.90,9.08,true,1,8000380156825
8000380157440,false,שוקולד חלב עם וופל במילוי קרם אגוזי לוז,לואקר Loacker,,שוקולד חלב עם וופל במילוי קרם אגוזי לוז,גרמים,85,100 גרם,false,0,5.90,6.94,true,1,8000380157440
8000380158546,false,פרלינים וופל ושוקולד מריר לואקיני Loackini,לואקר Loacker,,פרלינים וופל ושוקולד מריר לואקיני Loackini,גרמים,100,100 גרם,false,0,14.90,14.90,true,1,8000380158546
8000380180721,false,וופל קקאו במילוי קרם חלב,לואקר Loacker,,וופל קקאו במילוי קרם חלב,גרמים,175,100 גרם,false,0,10.90,6.23,true,1,8000380180721
8000380180745,false,קוביות וופל קואדרטיני קקאו במילוי קר חלב,לואקר Loacker,,קוביות וופל קואדרטיני קקאו במילוי קר חלב,גרמים,250,100 גרם,false,0,14.90,5.96,true,1,8000380180745
8000380180837,false,וופל שוקולד לבן וקוקוס גראן פטיסרי Gran Pasticceria,לואקר Loacker,,וופל שוקולד לבן וקוקוס גראן פטיסרי Gran Pasticceria,גרמים,100,100 גרם,false,0,9.90,9.90,true,1,8000380180837
8000380181032,false,אצבעות וופל גרדנה Gardena שוקולד לבן,לואקר Loacker,,אצבעות וופל גרדנה Gardena שוקולד לבן,גרמים,125,100 גרם,false,0,14.90,11.92,true,1,8000380181032
8000380187119,false,עוגיות לואקר אגוזי לוז,לואקר Loacker,,עוגיות לואקר אגוזי לוז,גרמים,100,100 גרם,false,0,14.90,14.90,true,1,8000380187119
8000380187249,false,עוגיות עם מילוי קרם שקדים ושוקולד חלב,לואקר Loacker,,עוגיות עם מילוי קרם שקדים ושוקולד חלב,גרמים,100,100 גרם,false,0,14.90,14.90,true,1,8000380187249
8000380187300,false,עוגיות לואקר פתיתי שלג,לואקר Loacker,,עוגיות לואקר פתיתי שלג,גרמים,120,100 גרם,false,0,14.90,12.42,true,1,8000380187300
8000380192151,false,טורטינה טריפל שוקולד מריר,לואקר Loacker,,טורטינה טריפל שוקולד מריר,גרמים,125,100 גרם,false,0,16.90,13.52,true,1,8000380192151
8000380192199,false,וופל עם קרם בטעם קקאו,לואקר Loacker,,וופל עם קרם בטעם קקאו,גרמים,175,100 גרם,false,0,10.90,6.23,true,1,8000380192199
8000380192243,false,וופל לואקר מקסי אגוז,לואקר Loacker,,וופל לואקר מקסי אגוז,גרמים,200,100 גרם,false,0,12.90,6.45,true,1,8000380192243
8000380192250,false,לואקר מקסי שוקולד,לואקר Loacker,,לואקר מקסי שוקולד,גרמים,200,100 גרם,false,0,12.90,6.45,true,1,8000380192250
8000380192588,false,קוביות וופל קואדרטיני דאבל שוקולד,לואקר Loacker,,קוביות וופל קואדרטיני דאבל שוקולד,גרמים,250,100 גרם,false,0,14.90,5.96,true,1,8000380192588
8000380198221,false,לואקר מקסי דאבל שוקולד,לואקר Loacker,,לואקר מקסי דאבל שוקולד,גרמים,200,100 גרם,false,0,12.90,6.45,true,1,8000380198221
8000380201396,false,לואקר טורטינה קרמל,לואקר Loacker,,לואקר טורטינה קרמל,גרמים,126,100 גרם,false,0,16.90,13.41,true,1,8000380201396
8000380205400,false,קוביות וופל קואדרטיני בטעם חמאת בוטנים,לואקר Loacker,,קוביות וופל קואדרטיני בטעם חמאת בוטנים,גרמים,250,100 גרם,false,0,14.90,5.96,true,1,8000380205400
8000380205523,false,וופל קלאסיק בטעם חמאת בוטנים,לואקר Loacker,,וופל קלאסיק בטעם חמאת בוטנים,גרמים,175,100 גרם,false,0,10.90,6.23,true,1,8000380205523
8000380206896,false,וופל גרדנה בטעם חמאת בוטנים מצופה,לואקר Loacker,,וופל גרדנה בטעם חמאת בוטנים מצופה,גרמים,200,100 גרם,false,0,14.90,7.45,true,1,8000380206896
8000380207183,false,טורטינה בטעם חמאת בוטנים,לואקר Loacker,,טורטינה בטעם חמאת בוטנים,גרמים,126,100 גרם,false,0,16.90,13.41,true,1,8000380207183
8000392006163,false,"מגב סיליקון 45 ס""מ",מ.א. ייצור ויבוא מטליות,,"מגב סיליקון 45 ס""מ",,0,,false,0,39.90,0.00,true,1,8000392006163
8000392900010,false,"מגב אייפל מסיליקון 45 ס""מ + מקל",מ.א. ייצור ויבוא מטליות,,"מגב אייפל מסיליקון 45 ס""מ + מקל",,0,,false,0,64.90,0.00,true,1,8000392900010
8000500023624,false,חטיפי הפי היפו Happy Hippo במילוי קרם חלב וקקאו,קינדר Kinder,,חטיפי הפי היפו Happy Hippo במילוי קרם חלב וקקאו,גרמים,104,100 גרם,false,5,12.90,12.46,true,1,8000500023624
8000500023976,false,בונבוניירת רפאלו Raffaello,פררו Ferrero,,בונבוניירת רפאלו Raffaello,גרמים,150,100 גרם,false,0,14.90,9.93,true,1,8000500023976
8000500026731,false,ביצת הפתעה - שלישייה,קינדר Kinder,,ביצת הפתעה - שלישייה,גרמים,60,100 גרם,false,3,14.90,24.83,true,1,8000500026731
8000500029350,false,מארז קינדר בואנו Kinder Bueno שלוש יחידות,קינדר Kinder,,מארז קינדר בואנו Kinder Bueno שלוש יחידות,גרמים,129,100 גרם,false,3,9.90,7.67,true,1,8000500029350
8000500032237,false,פררו רושה Ferrero Rocher,פררו Ferrero,,פררו רושה Ferrero Rocher,גרמים,375,100 גרם,false,0,44.90,11.97,true,1,8000500032237
8000500037874,false,פררו רושה Ferrero Rocher,פררו Ferrero,,פררו רושה Ferrero Rocher,גרמים,200,100 גרם,false,0,24.90,12.45,true,1,8000500037874
8000500071083,false,אצבעות שוקולד קינדר Kinder שש עשרה יחידות,קינדר Kinder,,אצבעות שוקולד קינדר Kinder שש עשרה יחידות,גרמים,200,100 גרם,false,0,11.90,5.95,true,1,8000500071083
8000500075708,false,מארז קינדר גו'י Joy כחול שלוש יחידות,קינדר Kinder,,מארז קינדר גו'י Joy כחול שלוש יחידות,גרמים,60,100 גרם,false,3,14.90,24.83,true,1,8000500075708
8000500121436,false,מארז קינדר בואנו Kinder Bueno לבן שלוש יחידות,קינדר Kinder,,מארז קינדר בואנו Kinder Bueno לבן שלוש יחידות,גרמים,117,100 גרם,false,3,9.90,8.46,true,1,8000500121436
8000500126325,false,מארז קינדר גו'י Joy ורוד שלוש יחידות,קינדר Kinder,,מארז קינדר גו'י Joy ורוד שלוש יחידות,גרמים,60,100 גרם,false,3,14.90,24.83,true,1,8000500126325
8000500127728,false,קינדר מילק סלייס עוגת ספוג במילוי קרם חלבי,קינדר Kinder,,קינדר מילק סלייס עוגת ספוג במילוי קרם חלבי,גרמים,112,100 גרם,false,4,11.90,10.63,true,1,8000500127728
8000500172810,false,סוכריות בטעם תות שדה מנטה- מארז רביעייה,טיק טק Tic Tac,,סוכריות בטעם תות שדה מנטה- מארז רביעייה,גרמים,64,100 גרם,false,4,9.90,15.47,true,1,8000500172810
8000500267103,false,מארז 10 עוגות אישיות קינדר דליס,קינדר Kinder,,מארז 10 עוגות אישיות קינדר דליס,גרמים,390,100 גרם,false,10,19.90,5.10,true,1,8000500267103
8000500269169,false,קינדר קארדס Kinder Cards - חמישייה,קינדר Kinder,,קינדר קארדס Kinder Cards - חמישייה,גרמים,128,100 גרם,false,0,12.90,10.08,true,1,8000500269169
8000570283607,false,מרטיני אסטי Asti יין לבן מתוק מבעבע,מרטיני Martini,,מרטיני אסטי Asti יין לבן מתוק מבעבע,מליליטרים,750,"100 מ""ל",false,0,59.90,9.32,true,1,8000570283607
8000798000307,false,מברשת מגהץ,מ.א. ייצור ויבוא מטליות,,מברשת מגהץ,,0,,false,0,5.90,0.00,true,1,8000798000307
8000798000949,false,מטאטא הדפס פרה + מקל,מ.א. ייצור ויבוא מטליות,,מטאטא הדפס פרה + מקל,,0,,false,0,23.90,0.00,true,1,8000798000949
8000798026307,false,"מטאטא כביש 30 ס""מ",שייני Shiny,,"מטאטא כביש 30 ס""מ",,0,,false,0,12.90,0.00,true,1,8000798026307
8000798038034,false,יעה מתקפל,שייני Shiny,,יעה מתקפל,,0,,false,0,16.90,0.00,true,1,8000798038034
8000798039949,false,יעה + מקל,,,יעה + מקל,,0,,false,0,13.90,0.00,true,1,8000798039949
8000798085052,false,מטאטא זהב + מקל,מ.א. ייצור ויבוא מטליות,,מטאטא זהב + מקל,,0,,false,0,19.90,0.00,true,1,8000798085052
8000798093033,false,מטאטא בהדפס חיפושית + מקל,מ.א. ייצור ויבוא מטליות,,מטאטא בהדפס חיפושית + מקל,,0,,false,0,23.90,0.00,true,1,8000798093033
8000798399333,false,יעה + מקל הדפס חיפושית,מ.א. ייצור ויבוא מטליות,,יעה + מקל הדפס חיפושית,,0,,false,0,13.90,0.00,true,1,8000798399333
8001003100164,false,יוגטה סוכריות ג'לי בטעמי פירות,יוגטה yogueta,,יוגטה סוכריות ג'לי בטעמי פירות,גרמים,450,100 גרם,false,0,9.90,2.20,true,1,8001003100164
8001003100218,false,סוכריות ג'לי בטעמי פירות,יוגטה yogueta,,סוכריות ג'לי בטעמי פירות,גרמים,800,100 גרם,false,0,19.90,2.49,true,1,8001003100218
8001010062844,false,חומץ בלסמי ממודנה,פונטי Ponti,,חומץ בלסמי ממודנה,מליליטרים,500,"100 מ""ל",false,0,17.90,3.58,true,1,8001010062844
8001090016003,false,טבליות למדיח הכל באחד,פיירי Fairy,,טבליות למדיח הכל באחד,יחידות,84,יחידה,false,0,59.90,0.71,true,1,8001090016003
8001090111685,false,תחתונים אולוויז דיסקריט מידה L לבריחת שתן,אולוויז Always,,תחתונים אולוויז דיסקריט מידה L לבריחת שתן,יחידות,8,יחידה,false,0,29.90,4.36,true,1,8001090111685
8001090111715,false,תחתונים אולוויז דיסקריט מידה M לבריחת שתן,אולוויז Always,,תחתונים אולוויז דיסקריט מידה M לבריחת שתן,יחידות,9,יחידה,false,0,29.90,3.88,true,1,8001090111715
8001090222428,false,שמפו חלב קוקוס Hydrate,הרבל אסנס Herbal Essences,,שמפו חלב קוקוס Hydrate,מליליטרים,400,"100 מ""ל",false,0,14.90,4.23,true,1,8001090222428
8001090222541,false,שמפו תות שדה ומנטה Clean,הרבל אסנס Herbal Essences,,שמפו תות שדה ומנטה Clean,מליליטרים,400,"100 מ""ל",false,0,14.90,4.23,true,1,8001090222541
8001090222572,false,מרכך תות שדה ומנטה Clean,הרבל אסנס Herbal Essences,,מרכך תות שדה ומנטה Clean,מליליטרים,400,"100 מ""ל",false,0,14.90,4.23,true,1,8001090222572
8001090222725,false,שמפו שמן מורינגה Smooth,הרבל אסנס Herbal Essences,,שמפו שמן מורינגה Smooth,מליליטרים,400,"100 מ""ל",false,0,14.90,4.23,true,1,8001090222725
8001090222756,false,מרכך שמן מורינגה Smooth,הרבל אסנס Herbal Essences,,מרכך שמן מורינגה Smooth,מליליטרים,400,"100 מ""ל",false,0,14.90,4.23,true,1,8001090222756
8001090222848,false,שמפו שמן ארגן Repair,הרבל אסנס Herbal Essences,,שמפו שמן ארגן Repair,מליליטרים,400,"100 מ""ל",false,0,14.90,4.23,true,1,8001090222848
8001090222879,false,מרכך שמן ארגן Repair,הרבל אסנס Herbal Essences,,מרכך שמן ארגן Repair,מליליטרים,400,"100 מ""ל",false,0,14.90,4.23,true,1,8001090222879
8001090290830,false,משחת שיניים להלבנה 3D White פנינה בוהקת,אורל בי Oral B,,משחת שיניים להלבנה 3D White פנינה בוהקת,מליליטרים,75,"100 מ""ל",false,0,19.90,26.53,true,1,8001090290830
8001090290939,false,משחת שיניים 3D White להלבנה זוהרת,אורל בי Oral B,,משחת שיניים 3D White להלבנה זוהרת,מליליטרים,75,"100 מ""ל",false,0,19.90,26.53,true,1,8001090290939
8001090336354,false,חיתולי בייבי דריי מידה 2,פמפרס Pampers,,חיתולי בייבי דריי מידה 2,יחידות,46,יחידה,false,0,34.90,0.76,true,1,8001090336354
8001090336408,false,חיתולי בייבי דריי מידה 3,פמפרס Pampers,,חיתולי בייבי דריי מידה 3,יחידות,38,יחידה,false,0,34.90,0.92,true,1,8001090336408
8001090336446,false,חיתולי בייבי דריי מידה 4,פמפרס Pampers,,חיתולי בייבי דריי מידה 4,יחידות,34,יחידה,false,0,34.90,1.03,true,1,8001090336446
8001090336491,false,חיתולי בייבי דריי מידה +4,פמפרס Pampers,,חיתולי בייבי דריי מידה +4,יחידות,31,יחידה,false,0,34.90,1.13,true,1,8001090336491
8001090336521,false,חיתולי בייבי דריי מידה 5,פמפרס Pampers,,חיתולי בייבי דריי מידה 5,יחידות,30,יחידה,false,0,34.90,1.16,true,1,8001090336521
8001090336606,false,חיתולי בייבי דריי מידה 6,פמפרס Pampers,,חיתולי בייבי דריי מידה 6,יחידות,26,יחידה,false,0,34.90,1.34,true,1,8001090336606
8001090364104,false,משחת שיניים Gum & Enamel Repair - אורגינל,אורל בי Oral B,,משחת שיניים Gum & Enamel Repair - אורגינל,מליליטרים,75,"100 מ""ל",false,0,14.90,23.87,true,1,8001090364104
8001090364159,false,משחת שיניים Gum & Enamel Repair - רעננות מוגברת,אורל בי Oral B,,משחת שיניים Gum & Enamel Repair - רעננות מוגברת,מליליטרים,75,"100 מ""ל",false,0,14.90,23.87,true,1,8001090364159
8001090364203,false,משחת שיניים Gum & Enamel Repair - להלבנה עדינה,אורל בי Oral B,,משחת שיניים Gum & Enamel Repair - להלבנה עדינה,מליליטרים,75,"100 מ""ל",false,0,14.90,23.87,true,1,8001090364203
8001090375186,false,מרכך שיער מרוכז לצבע מלא חיים,פנטן Pantene,,מרכך שיער מרוכז לצבע מלא חיים,מליליטרים,200,"100 מ""ל",false,0,19.90,13.95,true,1,8001090375186
8001090375230,false,מרכך שיער מרוכז לחות מוגברת,פנטן Pantene,,מרכך שיער מרוכז לחות מוגברת,מליליטרים,200,"100 מ""ל",false,0,19.90,13.95,true,1,8001090375230
8001090375285,false,מרכך מרוכז לשיער למגע רך כמשי,פנטן Pantene,,מרכך מרוכז לשיער למגע רך כמשי,מליליטרים,200,"100 מ""ל",false,0,19.90,13.95,true,1,8001090375285
8001090377487,false,מסכה לשיער לחות מוגברת,פנטן Pantene,,מסכה לשיער לחות מוגברת,מליליטרים,300,"100 מ""ל",false,0,31.90,11.63,true,1,8001090377487
8001090379337,false,"פמפרס פרימיום קר שלב 3 5-9 ק""ג",פמפרס Pampers,,"פמפרס פרימיום קר שלב 3 5-9 ק""ג",יחידות,40,יחידה,false,0,32.90,0.87,true,1,8001090379337
8001090379368,false,"פמפרס פרימיום קר שלב 4 8-14 ק""ג",פמפרס Pampers,,"פמפרס פרימיום קר שלב 4 8-14 ק""ג",יחידות,34,יחידה,false,0,32.90,1.03,true,1,8001090379368
8001090379399,false,"פמפרס פרימיום קר שלב 5 11-18 ק""ג",פמפרס Pampers,,"פמפרס פרימיום קר שלב 5 11-18 ק""ג",יחידות,30,יחידה,false,0,32.90,1.16,true,1,8001090379399
8001090458322,false,סבון כלים ורדים וסאטן,פיירי Fairy,,סבון כלים ורדים וסאטן,ליטרים,1,ליטר,false,0,17.90,17.64,true,1,8001090458322
8001090458353,false,סבון כלים פעולה אנטי-בקטריאלית אקליפטוס,פיירי Fairy,,סבון כלים פעולה אנטי-בקטריאלית אקליפטוס,מליליטרים,515,"100 מ""ל",false,0,11.90,2.31,true,1,8001090458353
8001090493637,false,שמפו למניעת קשקשים טיפול מושלם לגבר,הד אנד שולדרס H&S,,שמפו למניעת קשקשים טיפול מושלם לגבר,מליליטרים,450,"100 מ""ל",false,0,20.90,4.64,true,1,8001090493637
8001090540577,false,מי פה להלבנה 3D White,אורל בי Oral B,,מי פה להלבנה 3D White,מליליטרים,500,"100 מ""ל",false,0,24.90,4.98,true,1,8001090540577
8001090580122,false,שמפו משקם עם שמן ארגן,הד אנד שולדרס H&S,,שמפו משקם עם שמן ארגן,מליליטרים,400,"100 מ""ל",false,0,20.90,5.23,true,1,8001090580122
8001090645487,false,שמפו ג'ינג'ר,הרבל אסנס Herbal Essences,,שמפו ג'ינג'ר,מליליטרים,400,"100 מ""ל",false,0,14.90,4.23,true,1,8001090645487
8001090645517,false,מרכך שיער ג'נג'ר,הרבל אסנס Herbal Essences,,מרכך שיער ג'נג'ר,מליליטרים,400,"100 מ""ל",false,0,14.90,4.23,true,1,8001090645517
8001090678195,false,מרכך לחות עם שמן ארגן,הד אנד שולדרס H&S,,מרכך לחות עם שמן ארגן,מליליטרים,275,"100 מ""ל",false,0,11.90,5.42,true,1,8001090678195
8001090678225,false,מרכך משקם עם שמן ארגן,הד אנד שולדרס H&S,,מרכך משקם עם שמן ארגן,מליליטרים,275,"100 מ""ל",false,0,11.90,5.42,true,1,8001090678225
8001090678614,false,שמפו לחות עם שמן ארגן,הד אנד שולדרס H&S,,שמפו לחות עם שמן ארגן,מליליטרים,400,"100 מ""ל",false,0,20.90,5.23,true,1,8001090678614
8001090721099,false,טבליות ג'ל לכביסה 3 ב-1 בניחוח אביב הרים,אריאל Ariel,,טבליות ג'ל לכביסה 3 ב-1 בניחוח אביב הרים,יחידות,27,יחידה,false,0,39.90,1.48,true,1,8001090721099
8001090721129,false,טבליות ג'ל לכביסה צבעונית 3 ב 1,אריאל Ariel,,טבליות ג'ל לכביסה צבעונית 3 ב 1,יחידות,27,יחידה,false,0,39.90,1.48,true,1,8001090721129
8001090734044,false,מגני תחתון אולוויז לארג' בניחוח רענן,אולוויז Always,,מגני תחתון אולוויז לארג' בניחוח רענן,יחידות,64,יחידה,false,0,21.90,0.34,true,1,8001090734044
8001090737809,false,מגני תחתון אולוויז טנגה נורמל,אולוויז Always,,מגני תחתון אולוויז טנגה נורמל,יחידות,36,יחידה,false,0,14.90,0.41,true,1,8001090737809
8001090740717,false,מגני תחתון אולוויז נורמל עם ניחוח רענן Fresh Scent,אולוויז Always,,מגני תחתון אולוויז נורמל עם ניחוח רענן Fresh Scent,יחידות,76,יחידה,false,0,21.90,0.29,true,1,8001090740717
8001090745903,false,אבקת כביסה טייד אלפיין,טייד Tide,,אבקת כביסה טייד אלפיין,קילוגרמים,4,"ק""ג",false,0,34.90,8.73,true,1,8001090745903
8001090802385,false,קפסולות ג'ל 3 ב 1 בניחוח לנור,טייד Tide,,קפסולות ג'ל 3 ב 1 בניחוח לנור,יחידות,26,יחידה,false,0,34.90,1.34,true,1,8001090802385
8001090832450,false,שמפו הנוסחה הקלאסית,פנטן Pantene,,שמפו הנוסחה הקלאסית,מליליטרים,660,"100 מ""ל",false,0,19.90,3.17,true,1,8001090832450
8001090832535,false,שמפו שמן משקם,פנטן Pantene,,שמפו שמן משקם,מליליטרים,660,"100 מ""ל",false,0,19.90,3.17,true,1,8001090832535
8001090832573,false,שמפו לחות מוגברת,פנטן Pantene,,שמפו לחות מוגברת,מליליטרים,660,"100 מ""ל",false,0,19.90,3.17,true,1,8001090832573
8001090832610,false,שמפו רך כמשי,פנטן Pantene,,שמפו רך כמשי,מליליטרים,660,"100 מ""ל",false,0,19.90,3.17,true,1,8001090832610
8001090832696,false,שמפו לתלתלים מושלמים,פנטן Pantene,,שמפו לתלתלים מושלמים,מליליטרים,660,"100 מ""ל",false,0,19.90,3.17,true,1,8001090832696
8001090832771,false,שמפו הזנת קרטין,פנטן Pantene,,שמפו הזנת קרטין,מליליטרים,660,"100 מ""ל",false,0,19.90,3.17,true,1,8001090832771
8001090832818,false,מרכך פנטן הנוסחה הקלאסית לשיער רגיל ומעורב,פנטן Pantene,,מרכך פנטן הנוסחה הקלאסית לשיער רגיל ומעורב,מליליטרים,660,"100 מ""ל",false,0,19.90,3.17,true,1,8001090832818
8001090832856,false,מרכך שמן מרוקאי,פנטן Pantene,,מרכך שמן מרוקאי,מליליטרים,660,"100 מ""ל",false,0,19.90,3.17,true,1,8001090832856
8001090832894,false,מרכך לחות מוגברת,פנטן Pantene,,מרכך לחות מוגברת,מליליטרים,660,"100 מ""ל",false,0,19.90,3.17,true,1,8001090832894
8001090832931,false,מרכך רך כמשי,פנטן Pantene,,מרכך רך כמשי,מליליטרים,660,"100 מ""ל",false,0,19.90,3.17,true,1,8001090832931
8001090832979,false,מרכך לתלתלים מושלמים,פנטן Pantene,,מרכך לתלתלים מושלמים,מליליטרים,660,"100 מ""ל",false,0,19.90,3.17,true,1,8001090832979
8001090833051,false,מרכך הזנת קרטין,פנטן Pantene,,מרכך הזנת קרטין,מליליטרים,660,"100 מ""ל",false,0,19.90,3.17,true,1,8001090833051
8001090833136,false,ג'ל כביסה בייבי,אריאל Ariel,,ג'ל כביסה בייבי,ליטרים,2,ליטר,false,0,32.90,14.59,true,1,8001090833136
8001090833167,false,ג'ל כביסה בניחוח הרים,אריאל Ariel,,ג'ל כביסה בניחוח הרים,ליטרים,2,ליטר,false,0,32.90,13.91,true,1,8001090833167
8001090833198,false,ג'ל כביסה בניחוח רענן,אריאל Ariel,,ג'ל כביסה בניחוח רענן,ליטרים,2,ליטר,false,0,32.90,13.91,true,1,8001090833198
8001090833228,false,ג'ל לכביסה צבעונית,אריאל Ariel,,ג'ל לכביסה צבעונית,ליטרים,2,ליטר,false,0,32.90,13.91,true,1,8001090833228
8001090833259,false,ג'ל כביסה בניחוח הרים,אריאל Ariel,,ג'ל כביסה בניחוח הרים,ליטרים,4,ליטר,false,0,42.90,11.47,true,1,8001090833259
8001090899194,false,תחבושות אולוויז פלטינום נורמל,אולוויז Always,,תחבושות אולוויז פלטינום נורמל,יחידות,24,יחידה,false,0,19.90,0.83,true,1,8001090899194
8001090899224,false,תחבושות אולוויז פלטינום לונג,אולוויז Always,,תחבושות אולוויז פלטינום לונג,יחידות,20,יחידה,false,0,19.90,1.00,true,1,8001090899224
8001090899286,false,תחבושות אולוויז פלטינום לילה בטוח,אולוויז Always,,תחבושות אולוויז פלטינום לילה בטוח,יחידות,14,יחידה,false,0,19.90,1.42,true,1,8001090899286
8001090943095,false,סבון כלים פעולה אנטי-בקטריאלית אקליפטוס,פיירי Fairy,,סבון כלים פעולה אנטי-בקטריאלית אקליפטוס,ליטרים,1,ליטר,false,0,17.90,17.64,true,1,8001090943095
8001090992338,false,טבליות למדיח פיירי פלטינום פלוס,פיירי Fairy,,טבליות למדיח פיירי פלטינום פלוס,יחידות,50,יחידה,false,0,59.90,1.20,true,1,8001090992338
8001160001786,false,משקה ספורט כחול Cool Blue,גייטורייד Gatorade,,משקה ספורט כחול Cool Blue,מליליטרים,500,"100 מ""ל",false,0,9.90,1.98,true,1,8001160001786
8001160001892,false,משקה ספורט בטעם תפוז אדום,גייטורייד Gatorade,,משקה ספורט בטעם תפוז אדום,מליליטרים,500,"100 מ""ל",false,0,9.90,1.98,true,1,8001160001892
8001250003652,false,פסטה רדיאטורי,דה צ'אקו DE CECCO,,פסטה רדיאטורי,גרמים,500,100 גרם,false,0,9.90,1.98,true,1,8001250003652
8001250009999,false,ניוקי,דה צ'אקו DE CECCO,,ניוקי,גרמים,500,100 גרם,false,0,9.90,1.98,true,1,8001250009999
8001250110015,false,דפי לזניה,דה צ'אקו DE CECCO,,דפי לזניה,גרמים,500,100 גרם,false,0,18.90,3.78,true,1,8001250110015
8001250120120,false,ספגטי,דה צ'אקו DE CECCO,,ספגטי,גרמים,500,100 גרם,false,0,9.90,1.98,true,1,8001250120120
8001250120243,false,פסטה ריגטוני,דה צ'אקו DE CECCO,,פסטה ריגטוני,גרמים,500,100 גרם,false,0,9.90,1.98,true,1,8001250120243
8001250120342,false,פסטה פוזילי,דה צ'אקו DE CECCO,,פסטה פוזילי,גרמים,500,100 גרם,false,0,9.90,1.98,true,1,8001250120342
8001250120410,false,פסטה פנה,דה צ'אקו DE CECCO,,פסטה פנה,גרמים,500,100 גרם,false,0,9.90,1.98,true,1,8001250120410
8001250120885,false,פסטה חונקי כמרים,דה צ'אקו DE CECCO,,פסטה חונקי כמרים,גרמים,500,100 גרם,false,0,9.90,1.98,true,1,8001250120885
8001250120908,false,פסטה ראקט,דה צ'אקו DE CECCO,,פסטה ראקט,גרמים,500,100 גרם,false,0,9.90,1.98,true,1,8001250120908
8001250121264,false,פסטה קונצ'יליוני,דה צ'אקו DE CECCO,,פסטה קונצ'יליוני,גרמים,500,100 גרם,false,0,14.90,2.98,true,1,8001250121264
8001250152015,false,פסטה פפרדלה,דה צ'אקו DE CECCO,,פסטה פפרדלה,גרמים,500,100 גרם,false,0,12.90,2.58,true,1,8001250152015
8001250152114,false,פסטה טריפוליני,דה צ'אקו DE CECCO,,פסטה טריפוליני,גרמים,500,100 גרם,false,0,13.90,2.78,true,1,8001250152114
8001250201003,false,פסטה קנלוני ביצים,דה צ'אקו DE CECCO,,פסטה קנלוני ביצים,גרמים,250,100 גרם,false,0,14.90,5.96,true,1,8001250201003
8001505000160,false,מעדן דובדבנים אורגני,Rigoni Di Asiago,,מעדן דובדבנים אורגני,גרמים,250,100 גרם,false,0,19.90,7.96,true,1,8001505000160
8001505000177,false,מעדן משמש אורגני,Rigoni Di Asiago,,מעדן משמש אורגני,גרמים,250,100 גרם,false,0,19.90,7.96,true,1,8001505000177
8001505000184,false,מעדן אוכמניות אורגני,Rigoni Di Asiago,,מעדן אוכמניות אורגני,גרמים,250,100 גרם,false,0,19.90,7.96,true,1,8001505000184
8001505000283,false,מעדן פטל אורגני,Rigoni Di Asiago,,מעדן פטל אורגני,גרמים,250,100 גרם,false,0,19.90,7.96,true,1,8001505000283
8001505000320,false,מעדן תותים ותותי בר אורגני,Rigoni Di Asiago,,מעדן תותים ותותי בר אורגני,גרמים,250,100 גרם,false,0,19.90,7.96,true,1,8001505000320
8001505000573,false,מעדן דומדמניות שחורות אורגני,Rigoni Di Asiago,,מעדן דומדמניות שחורות אורגני,גרמים,250,100 גרם,false,0,19.90,7.96,true,1,8001505000573
8001505000580,false,מעדן אפרסק אורגני,Rigoni Di Asiago,,מעדן אפרסק אורגני,גרמים,250,100 גרם,false,0,19.90,7.96,true,1,8001505000580
8001620011935,false,מים מינרלים מוגזים שישייה בקבוק אישי,סאן בנדטו San Benedetto,,מים מינרלים מוגזים שישייה בקבוק אישי,ליטרים,3,ליטר,false,6,11.90,3.97,true,1,8001620011935
8001620015629,false,משקה פירות פרוטה בטעם תפוז ותפוז אדום,סאן בנדטו San Benedetto,,משקה פירות פרוטה בטעם תפוז ותפוז אדום,מליליטרים,400,"100 מ""ל",false,0,6.90,1.73,true,1,8001620015629
8001620017456,false,מארז שישיית מים סאן בנדטו בקבוק ספורט,סאן בנדטו San Benedetto,,מארז שישיית מים סאן בנדטו בקבוק ספורט,ליטרים,3,ליטר,false,6,14.90,4.97,true,1,8001620017456
8001620018248,false,מים מינרליים פקק ספורט,סאן בנדטו San Benedetto,,מים מינרליים פקק ספורט,מליליטרים,750,"100 מ""ל",false,0,4.90,0.65,true,1,8001620018248
8001620018408,false,משקה פירות פרוטה בטעם מנגו תפוח,סאן בנדטו San Benedetto,,משקה פירות פרוטה בטעם מנגו תפוח,מליליטרים,400,"100 מ""ל",false,0,6.90,1.73,true,1,8001620018408
8001780499307,false,דובדבני אמרנה בסירופ,פאברי Fabbri,,דובדבני אמרנה בסירופ,גרמים,230,100 גרם,false,0,24.90,10.83,true,1,8001780499307
8001841006710,false,כדוריות הבושם לנור בניחוח רענן,לנור Lenor,,כדוריות הבושם לנור בניחוח רענן,גרמים,210,100 גרם,false,0,25.90,14.24,true,1,8001841006710
8001841053806,false,תחבושות היגייניות אולוויז מקסי עבה לילה,אולוויז Always,,תחבושות היגייניות אולוויז מקסי עבה לילה,יחידות,9,יחידה,false,0,12.90,1.43,true,1,8001841053806
8001841062624,false,מארז מגבוני פמפרס ללא בישום - רביעייה,פמפרס Pampers,,מארז מגבוני פמפרס ללא בישום - רביעייה,יחידות,208,יחידה,false,4,16.90,0.10,true,1,8001841062624
8001841077949,false,מארז מגבוני פמפרס בניחוח מרענן - רביעייה,פמפרס Pampers,,מארז מגבוני פמפרס בניחוח מרענן - רביעייה,יחידות,208,יחידה,false,4,16.90,0.10,true,1,8001841077949
8001841096889,false,סבון כלים לימון,פיירי Fairy,,סבון כלים לימון,מליליטרים,900,"100 מ""ל",false,0,9.90,1.10,true,1,8001841096889
8001841104751,false,"חיתולי פמפרס פרימיום קר שלב 1, 2-5 ק""ג",פמפרס Pampers,,"חיתולי פמפרס פרימיום קר שלב 1, 2-5 ק""ג",יחידות,52,יחידה,false,0,32.90,0.67,true,1,8001841104751
8001841104799,false,"חיתולי פמפרס פרימיום קר שלב 2, 4-8 ק""ג",פמפרס Pampers,,"חיתולי פמפרס פרימיום קר שלב 2, 4-8 ק""ג",יחידות,46,יחידה,false,0,32.90,0.76,true,1,8001841104799
8001841105093,false,"חיתולי פמפרס פרימיום קר שלב 6, +13 ק""ג",פמפרס Pampers,,"חיתולי פמפרס פרימיום קר שלב 6, +13 ק""ג",יחידות,26,יחידה,false,0,32.90,1.34,true,1,8001841105093
8001841137179,false,מרכך לשיער ולקרקפת קלאסי,הד אנד שולדרס H&S,,מרכך לשיער ולקרקפת קלאסי,מליליטרים,275,"100 מ""ל",false,0,11.90,5.42,true,1,8001841137179
8001841137216,false,מרכך רך כמשי לשיער ולקרקפת,הד אנד שולדרס H&S,,מרכך רך כמשי לשיער ולקרקפת,מליליטרים,275,"100 מ""ל",false,0,11.90,5.42,true,1,8001841137216
8001841216584,false,תחבושות אולוויז אולטרה לילה בטוח,אולוויז Always,,תחבושות אולוויז אולטרה לילה בטוח,יחידות,36,יחידה,false,0,39.90,1.11,true,1,8001841216584
8001841427126,false,מגני תחתון אולוויז נורמל פרו פרש עם ניחוח,אולוויז Always,,מגני תחתון אולוויז נורמל פרו פרש עם ניחוח,יחידות,64,יחידה,false,0,21.90,0.34,true,1,8001841427126
8001841500799,false,שמפו אלוורה ומנגו,הרבל אסנס Herbal Essences,,שמפו אלוורה ומנגו,מליליטרים,380,"100 מ""ל",false,0,14.90,4.45,true,1,8001841500799
8001841500942,false,שמפו אלוורה ובמבוק,הרבל אסנס Herbal Essences,,שמפו אלוורה ובמבוק,מליליטרים,380,"100 מ""ל",false,0,14.90,4.45,true,1,8001841500942
8001841502298,false,מרכך אלוורה ומנגו,הרבל אסנס Herbal Essences,,מרכך אלוורה ומנגו,מליליטרים,275,"100 מ""ל",false,0,14.90,6.15,true,1,8001841502298
8001841502601,false,מרכך אלוורה ובמבוק,הרבל אסנס Herbal Essences,,מרכך אלוורה ובמבוק,מליליטרים,275,"100 מ""ל",false,0,14.90,6.15,true,1,8001841502601
8001841625188,false,סבון כלים פלטינום לימון X3 פעולות להסרת שומנים,פיירי Fairy,,סבון כלים פלטינום לימון X3 פעולות להסרת שומנים,מליליטרים,515,"100 מ""ל",false,0,11.90,2.31,true,1,8001841625188
8001841625287,false,סבון כלים פלטינום לימון X3 פעולות להסרת שומנים,פיירי Fairy,,סבון כלים פלטינום לימון X3 פעולות להסרת שומנים,ליטרים,1,ליטר,false,0,17.90,17.64,true,1,8001841625287
8001841625461,false,סבון כלים פלטינום X3 פעולות להסרת שומנים,פיירי Fairy,,סבון כלים פלטינום X3 פעולות להסרת שומנים,מליליטרים,515,"100 מ""ל",false,0,11.90,2.31,true,1,8001841625461
8001841625508,false,סבון כלים פלטינום X3 פעולות להסרת שומנים,פיירי Fairy,,סבון כלים פלטינום X3 פעולות להסרת שומנים,ליטרים,1,ליטר,false,0,17.90,17.64,true,1,8001841625508
8001841660257,false,מסכת מינרלס במבוק לשיער חזק וארוך,פנטן Pantene,,מסכת מינרלס במבוק לשיער חזק וארוך,מליליטרים,160,"100 מ""ל",false,0,18.90,12.44,true,1,8001841660257
8001841660530,false,קרם לחות מינרלס במבוק + חלבון משקם לשיער ארוך,פנטן Pantene,,קרם לחות מינרלס במבוק + חלבון משקם לשיער ארוך,מליליטרים,270,"100 מ""ל",false,0,18.90,7.37,true,1,8001841660530
8001841669465,false,אריאל קפסולות 24 יח' בניחוח לנור,אריאל Ariel,,אריאל קפסולות 24 יח' בניחוח לנור,יחידות,24,יחידה,false,0,39.90,1.66,true,1,8001841669465
8001841669519,false,אריאל טבליות ג'ל כביסה 55 יח',אריאל Ariel,,אריאל טבליות ג'ל כביסה 55 יח',יחידות,55,יחידה,false,0,69.90,1.27,true,1,8001841669519
8001841680989,false,מגני תחתון אולוויז לארג' פרו פרש עם ניחוח,אולוויז Always,,מגני תחתון אולוויז לארג' פרו פרש עם ניחוח,יחידות,60,יחידה,false,0,21.90,0.37,true,1,8001841680989
8001841715957,false,ג'ל רחצה ושמפו עם פחם ומנטול לניקוי אינטנסיבי,הד אנד שולדרס H&S,,ג'ל רחצה ושמפו עם פחם ומנטול לניקוי אינטנסיבי,מליליטרים,360,"100 מ""ל",false,0,16.90,5.53,true,1,8001841715957
8001841716312,false,ג'ל רחצה ושמפו ספורט עם ניחוח סנדלווד,הד אנד שולדרס H&S,,ג'ל רחצה ושמפו ספורט עם ניחוח סנדלווד,מליליטרים,360,"100 מ""ל",false,0,16.90,5.53,true,1,8001841716312
8001841716435,false,ג'ל רחצה ושמפו לעור רגיש עם אלוורה,הד אנד שולדרס H&S,,ג'ל רחצה ושמפו לעור רגיש עם אלוורה,מליליטרים,360,"100 מ""ל",false,0,16.90,5.53,true,1,8001841716435
8001841716596,false,ג'ל רחצה ושמפו עם ג'ינג'ר מרענן,הד אנד שולדרס H&S,,ג'ל רחצה ושמפו עם ג'ינג'ר מרענן,מליליטרים,360,"100 מ""ל",false,0,16.90,5.53,true,1,8001841716596
8001841893990,false,פיירי טבליות למדיח פלטינום פלוס - מארז 30 יח',פיירי Fairy,,פיירי טבליות למדיח פלטינום פלוס - מארז 30 יח',יחידות,30,יחידה,false,0,39.90,1.33,true,1,8001841893990
8001841943961,false,כדוריות הבושם לנור רעננות האוקיינוס,לנור Lenor,,כדוריות הבושם לנור רעננות האוקיינוס,גרמים,210,100 גרם,false,0,25.90,14.24,true,1,8001841943961
8001841958460,false,פיירי טבליות למדיח אורגינל הכל באחד - מארז 48 יח',פיירי Fairy,,פיירי טבליות למדיח אורגינל הכל באחד - מארז 48 יח',יחידות,48,יחידה,false,0,39.90,0.83,true,1,8001841958460
8001841960081,false,פיירי טבליות למדיח פלטינום הכל באחד - מארז 37 יח',פיירי Fairy,,פיירי טבליות למדיח פלטינום הכל באחד - מארז 37 יח',יחידות,37,יחידה,false,0,39.90,1.08,true,1,8001841960081
8001943549122,false,מטבעות שוקולד חלב,צ'וקטה Chocketa,,מטבעות שוקולד חלב,גרמים,40,100 גרם,false,0,3.90,9.75,true,1,8001943549122
8002110383709,false,קרם ידיים ללא בישום,ניוטרוג'ינה Neutrogena,,קרם ידיים ללא בישום,מליליטרים,75,"100 מ""ל",false,0,19.90,39.87,true,1,8002110383709
8002205319835,false,מזון לחתולים בוגרים בטעם סלמון פורינה ONE,פורינה Purina,,מזון לחתולים בוגרים בטעם סלמון פורינה ONE,גרמים,800,100 גרם,false,0,39.90,4.99,true,1,8002205319835
8002205319903,false,מזון לחתולים בוגרים בטעם עוף פורינה ONE,פורינה Purina,,מזון לחתולים בוגרים בטעם עוף פורינה ONE,גרמים,800,100 גרם,false,0,39.90,4.99,true,1,8002205319903
8002267014662,false,שלישייה ביצי שוקולד חלב עם צעצוע ברבי,צ'וקטה Chocketa,,שלישייה ביצי שוקולד חלב עם צעצוע ברבי,גרמים,60,100 גרם,false,0,10.90,18.17,true,1,8002267014662
8002267014945,false,שלישייה ביצי שוקולד חלב עם צעצוע הוט ווילס,צ'וקטה Chocketa,,שלישייה ביצי שוקולד חלב עם צעצוע הוט ווילס,גרמים,60,100 גרם,false,0,10.90,18.17,true,1,8002267014945
8002267015263,false,ביצי שוקולד חלב עם הפתעת צעצוע - מארז 3 יח',צ'וקטה Chocketa,,ביצי שוקולד חלב עם הפתעת צעצוע - מארז 3 יח',גרמים,60,100 גרם,false,0,10.90,18.17,true,1,8002267015263
8002270236792,false,אסנזה משקה מוגז בטעם לימון גרידת לימון- שישייה,סן פלגרינו San Pellegrino,,אסנזה משקה מוגז בטעם לימון גרידת לימון- שישייה,ליטרים,3,ליטר,false,6,32.90,10.97,true,1,8002270236792
8002270256790,false,אסנזה משקה מוגז בטעם תפוז דם ופטל שחור,סן פלגרינו San Pellegrino,,אסנזה משקה מוגז בטעם תפוז דם ופטל שחור,ליטרים,3,ליטר,false,6,32.90,10.97,true,1,8002270256790
8002270866524,false,מים מינרלים מוגזים,סן פלגרינו San Pellegrino,,מים מינרלים מוגזים,ליטרים,1,ליטר,false,0,7.90,7.90,true,1,8002270866524
8002450006559,false,יין קאסה די לואיג'י שרדונה,קאסה די לואיג'י Casa di luigi,,יין קאסה די לואיג'י שרדונה,מליליטרים,750,"100 מ""ל",false,0,24.90,3.32,true,1,8002450006559
8002450201008,false,ורדי רספברי ספרקלטיני,בוסקה Bosca,,ורדי רספברי ספרקלטיני,מליליטרים,750,"100 מ""ל",false,0,19.90,2.65,true,1,8002450201008
8002450202005,false,ורדי ספרקלטיני אסאי Verdi acai Sparkletini,בוסקה Bosca,,ורדי ספרקלטיני אסאי Verdi acai Sparkletini,מליליטרים,750,"100 מ""ל",false,0,19.90,2.65,true,1,8002450202005
8002450204009,false,ורדי ספרקלטיני אפרסק,בוסקה Bosca,,ורדי ספרקלטיני אפרסק,מליליטרים,750,"100 מ""ל",false,0,19.90,2.65,true,1,8002450204009
8002450206003,false,ורדי רימונים ספרקלטיני,בוסקה Bosca,,ורדי רימונים ספרקלטיני,מליליטרים,750,"100 מ""ל",false,0,19.90,2.65,true,1,8002450206003
8002450206508,false,יין קברנה סוביניון,קאסה די לואיג'י Casa di luigi,,יין קברנה סוביניון,מליליטרים,750,"100 מ""ל",false,0,24.90,3.32,true,1,8002450206508
8002450206522,false,יין מרלו,קאסה די לואיג'י Casa di luigi,,יין מרלו,מליליטרים,750,"100 מ""ל",false,0,24.90,3.32,true,1,8002450206522
8002450208007,false,ורדי גרין אפל ספרקלטיני,בוסקה Bosca,,ורדי גרין אפל ספרקלטיני,מליליטרים,750,"100 מ""ל",false,0,19.90,2.65,true,1,8002450208007
8002450209004,false,ורדי רוזה Rose,בוסקה Bosca,,ורדי רוזה Rose,מליליטרים,750,"100 מ""ל",false,0,19.90,2.65,true,1,8002450209004
8003059151008,false,"קרחום פריזט 500 מ""ל",חצי חינם,,"קרחום פריזט 500 מ""ל",,0,,false,0,7.90,0.00,true,1,8003059151008
8003340091280,false,בונבוניירת לינדור Lindor שוקולד מריר,לינדט Lindt,,בונבוניירת לינדור Lindor שוקולד מריר,גרמים,200,100 גרם,false,0,34.90,17.45,true,1,8003340091280
8003653002409,false,מברשת מעוצבת לניקוי אסלות,TONKITA,,מברשת מעוצבת לניקוי אסלות,,0,,false,0,18.90,0.00,true,1,8003653002409
8003653003000,false,מברשת לניקוי כלים,TONKITA,,מברשת לניקוי כלים,,0,,false,0,6.90,0.00,true,1,8003653003000
8003653005301,false,מברשת עם ידית אחיזה לקרצוף,TONKITA,,מברשת עם ידית אחיזה לקרצוף,,0,,false,0,9.90,0.00,true,1,8003653005301
8003653005400,false,יעה,,,יעה,,0,,false,0,5.90,0.00,true,1,8003653005400
8003653006407,false,מברשת לניקוי בקבוקים,TONKITA,,מברשת לניקוי בקבוקים,,0,,false,0,7.90,0.00,true,1,8003653006407
8003653008258,false,"מגב 44 ס""מ + מקל",,,"מגב 44 ס""מ + מקל",,0,,false,0,19.90,0.00,true,1,8003653008258
8003653008708,false,"מגב לרצפה 55 ס""מ ללא מקל",TONKITA,,"מגב לרצפה 55 ס""מ ללא מקל",,0,,false,0,29.90,0.00,true,1,8003653008708
8003653014303,false,יעה עם מקל אחיזה,TONKITA,,יעה עם מקל אחיזה,,0,,false,0,15.90,0.00,true,1,8003653014303
8003653028706,false,יעה עם מקל אחיזה מתקפל,TONKITA,,יעה עם מקל אחיזה מתקפל,,0,,false,0,17.90,0.00,true,1,8003653028706
8003753158556,false,קפסולות אספרסו אילי קלאסיקו - 10 יח',אילי illy,,קפסולות אספרסו אילי קלאסיקו - 10 יח',גרמים,57,100 גרם,false,0,16.90,43.68,true,1,8003753158556
8003753158648,false,קפסולות אספרסו אילי אינטנסו - 10 יח',אילי illy,,קפסולות אספרסו אילי אינטנסו - 10 יח',גרמים,57,100 גרם,false,0,16.90,43.68,true,1,8003753158648
8003753900438,false,קפה טחון לאספרסו קליה בינונית,אילי illy,,קפה טחון לאספרסו קליה בינונית,גרמים,250,100 גרם,false,0,49.90,19.96,true,1,8003753900438
8003866002111,false,קפסולות קפה 10 יח' (כחול) MENTE,דאמה קפה Diemme Caffe,,קפסולות קפה 10 יח' (כחול) MENTE,יחידות,10,יחידה,false,0,18.90,1.89,true,1,8003866002111
8003866004214,false,קפסולות קפה 10 יח' (אדום) CORPO,דאמה קפה Diemme Caffe,,קפסולות קפה 10 יח' (אדום) CORPO,יחידות,10,יחידה,false,0,18.90,1.89,true,1,8003866004214
8004030022010,false,ירקות גינה עם טונה,ריו מארה Rio Mare,,ירקות גינה עם טונה,גרמים,160,100 גרם,false,0,15.90,9.94,true,1,8004030022010
8004030026018,false,ירקות בנוסח מקסיקני עם טונה,ריו מארה Rio Mare,,ירקות בנוסח מקסיקני עם טונה,גרמים,160,100 גרם,false,0,15.90,9.94,true,1,8004030026018
8004030044005,false,נתחי טונה בהירה בשמן זית,ריו מארה Rio Mare,,נתחי טונה בהירה בשמן זית,גרמים,160,100 גרם,false,0,17.90,11.19,true,1,8004030044005
8004030081024,false,נתחי טונה בשמן זית שום ופלפל חריף,ריו מארה Rio Mare,,נתחי טונה בשמן זית שום ופלפל חריף,גרמים,160,100 גרם,false,0,17.90,11.19,true,1,8004030081024
8004030102033,false,טונה בשמן זית עם מיץ לימון ופלפל שחור - מארז 3 יח',ריו מארה Rio Mare,,טונה בשמן זית עם מיץ לימון ופלפל שחור - מארז 3 יח',גרמים,240,100 גרם,false,3,27.90,11.63,true,1,8004030102033
8004030177000,false,טונה בשמן זית עם צ'ילי חריף מארז 3 יח',ריו מארה Rio Mare,,טונה בשמן זית עם צ'ילי חריף מארז 3 יח',גרמים,240,100 גרם,false,3,27.90,11.63,true,1,8004030177000
8004030344938,false,טונה בהירה בשמן זית- מארז 3 יח',ריו מארה Rio Mare,,טונה בהירה בשמן זית- מארז 3 יח',גרמים,240,100 גרם,false,3,27.90,11.63,true,1,8004030344938
8004030845046,false,טונה עם ירקות בתוספת אורז,ריו מארה Rio Mare,,טונה עם ירקות בתוספת אורז,גרמים,160,100 גרם,false,0,15.90,9.94,true,1,8004030845046
8004030860001,false,ירקות עם קוסקוס וטונה,ריו מארה Rio Mare,,ירקות עם קוסקוס וטונה,גרמים,160,100 גרם,false,0,15.90,9.94,true,1,8004030860001
8004708018987,false,מלח ורוד הימלאיה במטחנה,ארומה דה טוסקנה,,מלח ורוד הימלאיה במטחנה,גרמים,90,100 גרם,false,0,12.90,14.33,true,1,8004708018987
8005110002243,false,תרכיז עגבניות בשפורפרת,מוטי Mutti,,תרכיז עגבניות בשפורפרת,גרמים,185,100 גרם,false,0,7.90,4.27,true,1,8005110002243
8005110170300,false,עגבניות חתוכות דק Polpa - מארז שלישייה,מוטי Mutti,,עגבניות חתוכות דק Polpa - מארז שלישייה,גרמים,400,100 גרם,false,3,17.90,4.48,true,1,8005110170300
8005110171215,false,קוביות עגבניות מקולפות במיץ,מוטי Mutti,,קוביות עגבניות מקולפות במיץ,גרמים,690,100 גרם,false,0,13.90,2.01,true,1,8005110171215
8005110191015,false,מחית עגבניות קלה בטעם בזיליקום,מוטי Mutti,,מחית עגבניות קלה בטעם בזיליקום,גרמים,700,100 גרם,false,0,11.90,1.70,true,1,8005110191015
8005110200014,false,רסק עגבניות בתוספת מלח,מוטי Mutti,,רסק עגבניות בתוספת מלח,גרמים,210,100 גרם,false,0,6.50,3.10,true,1,8005110200014
8005110551253,false,רוטב עגבניות לפיצה MUTTI,מוטי Mutti,,רוטב עגבניות לפיצה MUTTI,גרמים,400,100 גרם,false,0,8.90,2.23,true,1,8005110551253
8005200256587,false,משקה נסטי תה קר בטעם אפרסק,נסטי Nestea,,משקה נסטי תה קר בטעם אפרסק,ליטרים,2,ליטר,false,0,8.50,5.67,true,1,8005200256587
8005803010357,false,מקלות גריסיני קלאסי,Amor di Pane,,מקלות גריסיני קלאסי,גרמים,125,100 גרם,false,0,5.90,4.72,true,1,8005803010357
8005803010371,false,מקלות גריסיני עם רוזמרין,Amor di Pane,,מקלות גריסיני עם רוזמרין,גרמים,125,100 גרם,false,0,5.90,4.72,true,1,8005803010371
8005803010586,false,מקלות גריסיני בטעם פיצה,Amor di Pane,,מקלות גריסיני בטעם פיצה,גרמים,125,100 גרם,false,0,5.90,4.72,true,1,8005803010586
8005803010661,false,מקלות גריסיני עם שומשום,Amor di Pane,,מקלות גריסיני עם שומשום,גרמים,125,100 גרם,false,0,5.90,4.72,true,1,8005803010661
8006540091937,false,לנור כדוריות הבושם בניחוח אריאל,לנור Lenor,,לנור כדוריות הבושם בניחוח אריאל,גרמים,210,100 גרם,false,0,25.90,14.24,true,1,8006540091937
8006540110317,false,שמפו מינרלס ביוטין + במבוק לשיער חזק וארוך,פנטן Pantene,,שמפו מינרלס ביוטין + במבוק לשיער חזק וארוך,מליליטרים,400,"100 מ""ל",false,0,18.90,4.98,true,1,8006540110317
8006540112793,false,לנור מרכך כביסה מרוכז בניחוח יסמין,לנור Lenor,,לנור מרכך כביסה מרוכז בניחוח יסמין,מליליטרים,900,"100 מ""ל",false,0,13.90,1.77,true,1,8006540112793
8006540112823,false,מרכך כביסה מרוכז בניחוח רעננות האוקיינוס,לנור Lenor,,מרכך כביסה מרוכז בניחוח רעננות האוקיינוס,מליליטרים,900,"100 מ""ל",false,0,13.90,1.77,true,1,8006540112823
8006540112854,false,מרכך כביסה מרוכז בניחוח סחלב,לנור Lenor,,מרכך כביסה מרוכז בניחוח סחלב,מליליטרים,900,"100 מ""ל",false,0,13.90,1.77,true,1,8006540112854
8006540157374,false,מרכך מינרלס ביוטין + במבוק לשיער חזק וארוך,פנטן Pantene,,מרכך מינרלס ביוטין + במבוק לשיער חזק וארוך,מליליטרים,275,"100 מ""ל",false,0,18.90,7.24,true,1,8006540157374
8006540425930,false,אריאל קפסולות 24 יח' לכתמים קשים,אריאל Ariel,,אריאל קפסולות 24 יח' לכתמים קשים,יחידות,24,יחידה,false,0,39.90,1.66,true,1,8006540425930
8006540429327,false,פיירי מקס פאוור לימון עם מנגנון למניעת נזילות,פיירי Fairy,,פיירי מקס פאוור לימון עם מנגנון למניעת נזילות,מליליטרים,440,"100 מ""ל",false,0,11.90,2.70,true,1,8006540429327
8006540495186,false,לנור מרכך כביסה בייבי,לנור Lenor,,לנור מרכך כביסה בייבי,מליליטרים,900,"100 מ""ל",false,0,13.90,1.77,true,1,8006540495186
8006540495216,false,מרכך כביסה בניחוח אמאטיסט,לנור Lenor,,מרכך כביסה בניחוח אמאטיסט,מליליטרים,900,"100 מ""ל",false,0,13.90,1.77,true,1,8006540495216
8007178120310,false,חומץ בלסמי ד'מודנה Giacobazzi,Fattorie Giacobazzi,,חומץ בלסמי ד'מודנה Giacobazzi,מליליטרים,500,"100 מ""ל",false,0,19.90,3.98,true,1,8007178120310
8007178223547,false,קרם מצומצם עם חומץ בלסמי ממודנה,Fattorie Giacobazzi,,קרם מצומצם עם חומץ בלסמי ממודנה,גרמים,250,100 גרם,false,0,22.90,9.16,true,1,8007178223547
8007520011235,false,פטה בקר ולב לכלב,מיגליאור Miglior,,פטה בקר ולב לכלב,גרמים,150,100 גרם,false,0,6.90,4.60,true,1,8007520011235
8007520011266,false,פטה עוף והודו וכלב,מיגליאור Miglior,,פטה עוף והודו וכלב,גרמים,150,100 גרם,false,0,6.90,4.60,true,1,8007520011266
8007520013017,false,פטה סלמון לחתול,מיגליאור Miglior,,פטה סלמון לחתול,גרמים,100,100 גרם,false,0,6.90,6.90,true,1,8007520013017
8007520013024,false,פטה כבש וכבד לחתול,מיגליאור Miglior,,פטה כבש וכבד לחתול,גרמים,100,100 גרם,false,0,6.90,6.90,true,1,8007520013024
8007520013062,false,פטה בקר ולב לחתול,מיגליאור Miglior,,פטה בקר ולב לחתול,גרמים,100,100 גרם,false,0,6.90,6.90,true,1,8007520013062
8008343200035,false,פסטה ספגטי Spaghetti,רומו Rummo,,פסטה ספגטי Spaghetti,גרמים,500,100 גרם,false,0,8.90,1.78,true,1,8008343200035
8008343200134,false,פסטה לינגוויני Linguine,רומו Rummo,,פסטה לינגוויני Linguine,גרמים,500,100 גרם,false,0,8.90,1.78,true,1,8008343200134
8008343200271,false,פסטה סמי די אורזו Semi di orzo,רומו Rummo,,פסטה סמי די אורזו Semi di orzo,גרמים,500,100 גרם,false,0,8.90,1.78,true,1,8008343200271
8008343200424,false,פסטה קונקילי ריגטה Conchiglie rigate,רומו Rummo,,פסטה קונקילי ריגטה Conchiglie rigate,גרמים,500,100 גרם,false,0,8.90,1.78,true,1,8008343200424
8008343200486,false,פסטה פוזילי Fusilli,רומו Rummo,,פסטה פוזילי Fusilli,גרמים,500,100 גרם,false,0,8.90,1.78,true,1,8008343200486
8008343200516,false,פסטה מזי ריגטוני Mezzi rigatoni,רומו Rummo,,פסטה מזי ריגטוני Mezzi rigatoni,גרמים,500,100 גרם,false,0,8.90,1.78,true,1,8008343200516
8008343200547,false,פסטה ריצ'יולי Riccioli,רומו Rummo,,פסטה ריצ'יולי Riccioli,גרמים,500,100 גרם,false,0,8.90,1.78,true,1,8008343200547
8008343200660,false,פסטה פנה ריגטה Penne rigate,רומו Rummo,,פסטה פנה ריגטה Penne rigate,גרמים,500,100 גרם,false,0,8.90,1.78,true,1,8008343200660
8008343200851,false,פסטה פרפלה Farfalle,רומו Rummo,,פסטה פרפלה Farfalle,גרמים,500,100 גרם,false,0,8.90,1.78,true,1,8008343200851
8008343200882,false,פסטה קזארצ'ה Casarecce,רומו Rummo,,פסטה קזארצ'ה Casarecce,גרמים,500,100 גרם,false,0,8.90,1.78,true,1,8008343200882
8008343201377,false,פסטה רדיאטורי Radiatori,רומו Rummo,,פסטה רדיאטורי Radiatori,גרמים,500,100 גרם,false,0,8.90,1.78,true,1,8008343201377
8008343279826,false,רוטב עגבניות עם בזיליקום,רומו Rummo,,רוטב עגבניות עם בזיליקום,גרמים,350,100 גרם,false,0,11.90,3.40,true,1,8008343279826
8008621010615,false,מארז טושים דו צדדיים 24 צבעים,סירקה Sirka,,מארז טושים דו צדדיים 24 צבעים,,0,,false,0,42.90,0.00,true,1,8008621010615
8008660210014,false,מעדן פרי משמש 100% רכיבי פרי,מנז אנד גאסר Menz&Gasser,,מעדן פרי משמש 100% רכיבי פרי,גרמים,320,100 גרם,false,0,12.90,4.03,true,1,8008660210014
8008660210021,false,מעדן פרי דובדבן 100% רכיבי פרי,מנז אנד גאסר Menz&Gasser,,מעדן פרי דובדבן 100% רכיבי פרי,גרמים,320,100 גרם,false,0,12.90,4.03,true,1,8008660210021
8008660210038,false,מעדן פרי תות שדה 100% רכיבי פרי,מנז אנד גאסר Menz&Gasser,,מעדן פרי תות שדה 100% רכיבי פרי,גרמים,320,100 גרם,false,0,12.90,4.03,true,1,8008660210038
8008660210045,false,מעדן פרי פירות יער 100% רכיבי פרי,מנז אנד גאסר Menz&Gasser,,מעדן פרי פירות יער 100% רכיבי פרי,גרמים,320,100 גרם,false,0,12.90,4.03,true,1,8008660210045
8008660210052,false,מעדן פרי תפוז 100% רכיבי פרי,מנז אנד גאסר Menz&Gasser,,מעדן פרי תפוז 100% רכיבי פרי,גרמים,320,100 גרם,false,0,12.90,4.03,true,1,8008660210052
8008698002049,false,קרקרים עגולים ללא גלוטן,שר Schar,,קרקרים עגולים ללא גלוטן,גרמים,175,100 גרם,false,0,24.90,14.23,true,1,8008698002049
8008698003503,false,קרקרים מלבנים ללא גלוטן,שר Schar,,קרקרים מלבנים ללא גלוטן,גרמים,210,100 גרם,false,0,28.90,13.76,true,1,8008698003503
8008698004548,false,ביסקוויט בציפוי שוקולד חלב ללא גלוטן,שר Schar,,ביסקוויט בציפוי שוקולד חלב ללא גלוטן,גרמים,150,100 גרם,false,0,16.90,11.27,true,1,8008698004548
8008698004852,false,תערובת על בסיס עמילן תירס להכנת מאפה,שר Schar,,תערובת על בסיס עמילן תירס להכנת מאפה,קילוגרמים,1,"ק""ג",false,0,29.90,29.90,true,1,8008698004852
8008698005231,false,עוגיות סנדוויץ בטעם שוקולד ממולאות קרם חלב ללא גלוט,שר Schar,,עוגיות סנדוויץ בטעם שוקולד ממולאות קרם חלב ללא גלוט,גרמים,165,100 גרם,false,0,19.90,12.06,true,1,8008698005231
8008698005347,false,ביסקוטי עם שוקולד מריר ללא גלוטן,שר Schar,,ביסקוטי עם שוקולד מריר ללא גלוטן,גרמים,150,100 גרם,false,0,14.90,9.93,true,1,8008698005347
8008698008157,false,עוגיות ממולאות קרם וניל ללא גלוטן,שר Schar,,עוגיות ממולאות קרם וניל ללא גלוטן,גרמים,100,100 גרם,false,0,13.90,13.90,true,1,8008698008157
8008698010358,false,תערובת על בסיס קמח אורז,שר Schar,,תערובת על בסיס קמח אורז,גרמים,500,100 גרם,false,0,15.90,3.18,true,1,8008698010358
8008698012857,false,ביסקוויט ללא גלוטן,שר Schar,,ביסקוויט ללא גלוטן,גרמים,165,100 גרם,false,0,18.90,11.45,true,1,8008698012857
8008698013021,false,עוגיות ללא גלוטן עם שבבי שוקולד מריר,שר Schar,,עוגיות ללא גלוטן עם שבבי שוקולד מריר,גרמים,100,100 גרם,false,0,12.90,12.90,true,1,8008698013021
8008857500003,false,אטריות דקות,פסטה רג'יה Pasta Reggia,,אטריות דקות,גרמים,500,100 גרם,false,0,7.90,1.58,true,1,8008857500003
8008857601052,false,דפי לזניה,פסטה רג'יה Pasta Reggia,,דפי לזניה,גרמים,500,100 גרם,false,0,9.90,1.98,true,1,8008857601052
8008857601090,false,פסטה קנלוני,פסטה רג'יה Pasta Reggia,,פסטה קנלוני,גרמים,250,100 גרם,false,0,7.90,3.16,true,1,8008857601090
8008912010270,false,פסטה קסרצ'ה מס' 27,ליגורי LIGUORI,,פסטה קסרצ'ה מס' 27,גרמים,500,100 גרם,false,0,7.90,1.58,true,1,8008912010270
8008912010300,false,פסטה פרפלה מס' 30,ליגורי LIGUORI,,פסטה פרפלה מס' 30,גרמים,500,100 גרם,false,0,7.90,1.58,true,1,8008912010300
8008912010423,false,פסטה פנה ריגטה מס' 42,ליגורי LIGUORI,,פסטה פנה ריגטה מס' 42,גרמים,500,100 גרם,false,0,7.90,1.58,true,1,8008912010423
8008990000514,false,יעה ומברשת,,,יעה ומברשת,,0,,false,0,12.90,0.00,true,1,8008990000514
8008990000842,false,מברשת לניקוי אסלות,TONKITA,,מברשת לניקוי אסלות,,0,,false,0,14.90,0.00,true,1,8008990000842
8009915000039,false,פסטה תירס קפיליני ללא גלוטן,לה וואניציאני La Venezian,,פסטה תירס קפיליני ללא גלוטן,גרמים,250,100 גרם,false,0,14.90,5.96,true,1,8009915000039
8009915000701,false,פסטה תירס ריגוטיני ללא גלוטן,לה וואניציאני La Venezian,,פסטה תירס ריגוטיני ללא גלוטן,גרמים,250,100 גרם,false,0,14.90,5.96,true,1,8009915000701
8009915001227,false,פסטה תירס פנה ללא גלוטן,לה וואניציאני La Venezian,,פסטה תירס פנה ללא גלוטן,גרמים,250,100 גרם,false,0,14.90,5.96,true,1,8009915001227
8009915001340,false,פסטה תירס אליקה ללא גלוטן,לה וואניציאני La Venezian,,פסטה תירס אליקה ללא גלוטן,גרמים,250,100 גרם,false,0,14.90,5.96,true,1,8009915001340
8013183106232,false,קופסת אחסון 6 ל' ציפורים,כתר פלסטיק,,קופסת אחסון 6 ל' ציפורים,,0,,false,0,24.90,0.00,true,1,8013183106232
8013399145278,false,סוכריות ג'לי בטעם ליקריץ ללא תוספת סוכר,דיאטורל Dietorelle,,סוכריות ג'לי בטעם ליקריץ ללא תוספת סוכר,גרמים,70,100 גרם,false,0,7.90,11.29,true,1,8013399145278
8013399145315,false,סוכריות ג'לי ללא סוכר בטעם תות,דיאטורל Dietorelle,,סוכריות ג'לי ללא סוכר בטעם תות,גרמים,70,100 גרם,false,0,7.90,11.29,true,1,8013399145315
8017331051573,false,משחת שיניים וויט שוק להלבנה White Shock,בלנקס Blanx,,משחת שיניים וויט שוק להלבנה White Shock,מליליטרים,75,"100 מ""ל",false,0,29.90,39.87,true,1,8017331051573
8017331054710,false,עט להלבנת שיניים White Shock,בלנקס Blanx,,עט להלבנת שיניים White Shock,מליליטרים,12,"100 מ""ל",false,0,79.90,665.83,true,1,8017331054710
8017331055427,false,וויט שוק White Shock ערכת טיפול להלבנת שיניים,בלנקס Blanx,,וויט שוק White Shock ערכת טיפול להלבנת שיניים,יחידות,1,יחידה,false,0,99.90,99.90,true,1,8017331055427
8023678161363,false,משקה שיבולת שועל אורגני,איזולה ביו Isola Bio,,משקה שיבולת שועל אורגני,ליטרים,1,ליטר,false,0,9.90,9.90,true,1,8023678161363
8023678161387,false,משקה סויה אורגני,איזולה ביו Isola Bio,,משקה סויה אורגני,ליטרים,1,ליטר,false,0,9.90,9.90,true,1,8023678161387
8023678162360,false,משקה שקדים טבעי אורגני,איזולה ביו Isola Bio,,משקה שקדים טבעי אורגני,ליטרים,1,ליטר,false,0,14.90,14.90,true,1,8023678162360
8023678164517,false,משקה שקדים טבעי ללא סוכר אורגני,איזולה ביו Isola Bio,,משקה שקדים טבעי ללא סוכר אורגני,ליטרים,1,ליטר,false,0,14.90,14.90,true,1,8023678164517
8023678728269,false,משקה קוקוס אורגני,איזולה ביו Isola Bio,,משקה קוקוס אורגני,ליטרים,1,ליטר,false,0,14.90,14.90,true,1,8023678728269
8025358630954,false,מצית להבה גמיש,,,מצית להבה גמיש,,0,,false,0,12.90,0.00,true,1,8025358630954
8030350011274,false,מי פה לסיוע ומניעה דלקות חניכיים,דקפינול,,מי פה לסיוע ומניעה דלקות חניכיים,מליליטרים,300,"100 מ""ל",false,0,79.90,26.63,true,1,8030350011274
8030350033276,false,משחת שיניים לטיפול ומניעת דלקות חניכיים,דקפינול,,משחת שיניים לטיפול ומניעת דלקות חניכיים,מליליטרים,75,"100 מ""ל",false,0,34.90,46.53,true,1,8030350033276
8032472008460,false,גרינטוס מבוגרים סירופ לשיעול 210 גר MD,גרינטוס,,גרינטוס מבוגרים סירופ לשיעול 210 גר MD,גרמים,210,100 גרם,false,0,59.90,28.52,true,1,8032472008460
8032685196800,false,עגבניות אורגניות מרוסקות Solania,,,עגבניות אורגניות מרוסקות Solania,גרמים,700,100 גרם,false,0,13.90,1.99,true,1,8032685196800
8032793342458,false,עגבניות מרוסקות דק ומסוננות,פומי Pomi,,עגבניות מרוסקות דק ומסוננות,גרמים,750,100 גרם,false,0,11.90,1.59,true,1,8032793342458
8032793344292,false,עגבניות חתוכות דק,פומי Pomi,,עגבניות חתוכות דק,גרמים,750,100 גרם,false,0,8.90,1.85,true,1,8032793344292
8032793344520,false,תרכיז עגבניות רסק עגבניות מרוכז מאוד,פומי Pomi,,תרכיז עגבניות רסק עגבניות מרוכז מאוד,גרמים,200,100 גרם,false,0,7.90,3.95,true,1,8032793344520
8032804430440,false,אטריות כוסמת אורגניות ללא גלוטן,פליסיה Felicia Bio,,אטריות כוסמת אורגניות ללא גלוטן,גרמים,400,100 גרם,false,0,18.90,4.73,true,1,8032804430440
8032804430501,false,אטריות פוזילי אפונה ירוקה ללא גלוטן,פליסיה Felicia Bio,,אטריות פוזילי אפונה ירוקה ללא גלוטן,גרמים,250,100 גרם,false,0,12.90,5.16,true,1,8032804430501
8032804430761,false,לזניה עדשים צהובות ללא גלוטן,פליסיה Felicia Bio,,לזניה עדשים צהובות ללא גלוטן,גרמים,250,100 גרם,false,0,15.90,6.36,true,1,8032804430761
8032804431287,false,אטריות אורז מלא אורגניות ללא גלוטן,פליסיה Felicia Bio,,אטריות אורז מלא אורגניות ללא גלוטן,גרמים,400,100 גרם,false,0,12.90,3.23,true,1,8032804431287
8032804432000,false,אטריות פנה כוסמת אורגני,פליסיה Felicia Bio,,אטריות פנה כוסמת אורגני,גרמים,340,100 גרם,false,0,14.90,4.38,true,1,8032804432000
8032804432017,false,אטריות פוזילי כוסמת ללא גלוטן,פליסיה Felicia Bio,,אטריות פוזילי כוסמת ללא גלוטן,גרמים,340,100 גרם,false,0,14.90,4.38,true,1,8032804432017
8032804432024,false,דפי לזניה אורז-תירס אורגנית ללא גלוטן,פליסיה Felicia Bio,,דפי לזניה אורז-תירס אורגנית ללא גלוטן,גרמים,250,100 גרם,false,0,17.90,7.16,true,1,8032804432024
8032804435636,false,אטריות פוזילי אורגניות 4 דגנים ללא גלוטן,פליסיה Felicia Bio,,אטריות פוזילי אורגניות 4 דגנים ללא גלוטן,גרמים,340,100 גרם,false,0,16.90,4.97,true,1,8032804435636
8032804435643,false,אטריות פוזילי אורז מלא,פליסיה Felicia Bio,,אטריות פוזילי אורז מלא,גרמים,340,100 גרם,false,0,11.90,3.50,true,1,8032804435643
8032880800243,false,פיק ניק Pic-nic הפתעה,פיקניק,,פיק ניק Pic-nic הפתעה,גרמים,50,100 גרם,false,0,6.90,13.80,true,1,8032880800243
8033020445973,false,קמח רב תכליתי,פיווטי Pivetti,,קמח רב תכליתי,גרמים,1000,100 גרם,false,0,6.90,0.69,true,1,8033020445973
8033020446000,false,קמח פיצה פוקצ'ה,פיווטי Pivetti,,קמח פיצה פוקצ'ה,גרמים,1000,100 גרם,false,0,9.90,0.99,true,1,8033020446000
8033413430708,false,ליקר למונצ'ילו וילה מסה,Villa Massa,,ליקר למונצ'ילו וילה מסה,מליליטרים,700,"100 מ""ל",false,0,94.90,14.14,true,1,8033413430708
8055517373538,false,צידנית 12V לרכב 30ל' ICEGO,,,צידנית 12V לרכב 30ל' ICEGO,,0,,false,0,229.90,0.00,true,1,8055517373538
8076800105056,false,ברילה ספגטי,ברילה Barilla,,ברילה ספגטי,קילוגרמים,1,"ק""ג",false,0,13.90,13.90,true,1,8076800105056
8076800105735,false,פסטה פנה,ברילה Barilla,,פסטה פנה,קילוגרמים,1,"ק""ג",false,0,13.90,13.90,true,1,8076800105735
8076800105988,false,פסטה פוזילי,ברילה Barilla,,פסטה פוזילי,קילוגרמים,1,"ק""ג",false,0,13.90,13.90,true,1,8076800105988
8076800195019,false,פסטה קפליני,ברילה Barilla,,פסטה קפליני,גרמים,500,100 גרם,false,0,7.90,1.58,true,1,8076800195019
8076800195033,false,ספגטיני מס' 3,ברילה Barilla,,ספגטיני מס' 3,גרמים,500,100 גרם,false,0,7.90,1.58,true,1,8076800195033
8076800195057,false,ספגטי מס' 5,ברילה Barilla,,ספגטי מס' 5,גרמים,500,100 גרם,false,0,7.90,1.58,true,1,8076800195057
8076800195132,false,פסטה בווטין,ברילה Barilla,,פסטה בווטין,גרמים,500,100 גרם,false,0,7.90,1.58,true,1,8076800195132
8076800315097,false,פסטה בוקטיני מס' 9,ברילה Barilla,,פסטה בוקטיני מס' 9,גרמים,500,100 גרם,false,0,7.90,1.58,true,1,8076800315097
8076802085738,false,פסטה פנה ריגאטה,ברילה Barilla,,פסטה פנה ריגאטה,גרמים,500,100 גרם,false,0,7.90,1.58,true,1,8076802085738
8076802085837,false,טורטיגוליני מס' 83,ברילה Barilla,,טורטיגוליני מס' 83,גרמים,500,100 גרם,false,0,7.90,1.58,true,1,8076802085837
8076802085936,false,פסטה קונצי'גלי ריגטה,ברילה Barilla,,פסטה קונצי'גלי ריגטה,גרמים,500,100 גרם,false,0,7.90,1.58,true,1,8076802085936
8076802085981,false,פסטה פוזילי,ברילה Barilla,,פסטה פוזילי,גרמים,500,100 גרם,false,0,7.90,1.58,true,1,8076802085981
8076808050440,false,פסטה מאצ'רוני,ברילה Barilla,,פסטה מאצ'רוני,גרמים,500,100 גרם,false,0,7.90,1.58,true,1,8076808050440
8076808060654,false,פסטה פרפלה,ברילה Barilla,,פסטה פרפלה,גרמים,500,100 גרם,false,0,7.90,1.58,true,1,8076808060654
8076808070882,false,פסטה קנלוני,ברילה Barilla,,פסטה קנלוני,גרמים,250,100 גרם,false,0,13.90,5.56,true,1,8076808070882
8076808150072,false,פסטה ספגטוני מס' 7,ברילה Barilla,,פסטה ספגטוני מס' 7,גרמים,500,100 גרם,false,0,7.90,1.58,true,1,8076808150072
8076809501415,false,פסטה פנה טריקולור,ברילה Barilla,,פסטה פנה טריקולור,גרמים,500,100 גרם,false,0,12.90,2.58,true,1,8076809501415
8076809512268,false,פסטה גירנדולה,ברילה Barilla,,פסטה גירנדולה,גרמים,500,100 גרם,false,0,7.90,1.58,true,1,8076809512268
8076809513388,false,רוטב ארביאטה,ברילה Barilla,,רוטב ארביאטה,גרמים,400,100 גרם,false,0,13.90,3.48,true,1,8076809513388
8076809513395,false,רוטב פומדורו,ברילה Barilla,,רוטב פומדורו,גרמים,400,100 גרם,false,0,13.90,3.48,true,1,8076809513395
8076809513654,false,רוטב בסיס לבולונז,ברילה Barilla,,רוטב בסיס לבולונז,גרמים,400,100 גרם,false,0,13.90,3.48,true,1,8076809513654
8076809513692,false,רוטב נפוליטנה,ברילה Barilla,,רוטב נפוליטנה,גרמים,400,100 גרם,false,0,13.90,3.48,true,1,8076809513692
8076809513739,false,רוטב עגבניות עם בזיליקום,ברילה Barilla,,רוטב עגבניות עם בזיליקום,גרמים,400,100 גרם,false,0,13.90,3.48,true,1,8076809513739
8076809514774,false,פסטה פפרדלה ביצים,ברילה Barilla,,פסטה פפרדלה ביצים,גרמים,250,100 גרם,false,0,17.90,7.16,true,1,8076809514774
8076809523561,false,רוטב עגבניות טוסקנה,ברילה Barilla,,רוטב עגבניות טוסקנה,גרמים,400,100 גרם,false,0,13.90,3.48,true,1,8076809523561
8076809523714,false,פסטה טליאטלה,ברילה Barilla,,פסטה טליאטלה,גרמים,500,100 גרם,false,0,24.90,4.98,true,1,8076809523714
8076809523738,false,לזניה,ברילה Barilla,,לזניה,גרמים,500,100 גרם,false,0,20.90,4.18,true,1,8076809523738
8076809523769,false,פסטה פלייה ופינו,ברילה Barilla,,פסטה פלייה ופינו,גרמים,500,100 גרם,false,0,13.90,2.78,true,1,8076809523769
8076809529419,false,ספגטי מס' 5 מחיטה מלאה,ברילה Barilla,,ספגטי מס' 5 מחיטה מלאה,גרמים,500,100 גרם,false,0,12.90,2.58,true,1,8076809529419
8076809529433,false,פסטה פנה מחיטה מלאה,ברילה Barilla,,פסטה פנה מחיטה מלאה,גרמים,500,100 גרם,false,0,12.90,2.58,true,1,8076809529433
8076809545440,false,ספגטי מס' 5 ללא גלוטן,ברילה Barilla,,ספגטי מס' 5 ללא גלוטן,גרמים,400,100 גרם,false,0,14.90,3.73,true,1,8076809545440
8076809545457,false,פנה ללא גלוטן,ברילה Barilla,,פנה ללא גלוטן,גרמים,400,100 גרם,false,0,14.90,3.73,true,1,8076809545457
8076809545464,false,פוזילי ללא גלוטן,ברילה Barilla,,פוזילי ללא גלוטן,גרמים,400,100 גרם,false,0,14.90,3.73,true,1,8076809545464
8076809547956,false,פסטה קיפרי,ברילה Barilla,,פסטה קיפרי,גרמים,500,100 גרם,false,0,7.90,1.58,true,1,8076809547956
8076809578998,false,ברילה סטלינה,ברילה Barilla,,ברילה סטלינה,גרמים,500,100 גרם,false,0,7.90,1.58,true,1,8076809578998
8121300206946,false,ממתיק סיטיביה טרוביה 80 שקיות אישיות,טרוביה Truvia,,ממתיק סיטיביה טרוביה 80 שקיות אישיות,גרמים,80,100 גרם,false,0,29.90,37.38,true,1,8121300206946
8121300207004,false,ממתיק סטיביה טרוביה בצנצנת,טרוביה Truvia,,ממתיק סטיביה טרוביה בצנצנת,גרמים,270,100 גרם,false,0,32.90,12.19,true,1,8121300207004
8121300208780,false,טרוביה תחליף סוכר לכל מטרה,טרוביה Truvia,,טרוביה תחליף סוכר לכל מטרה,גרמים,360,100 גרם,false,0,29.90,8.31,true,1,8121300208780
8121300209466,false,טרוביה תחליף סוכר חום,טרוביה Truvia,,טרוביה תחליף סוכר חום,גרמים,320,100 גרם,false,0,29.90,9.34,true,1,8121300209466
8347523938390,false,נייר צילום A4,,,נייר צילום A4,יחידות,500,יחידה,false,0,21.90,0.04,true,1,8347523938390
8358110076302,false,כוסות לחיים,הנמל,,כוסות לחיים,יחידות,40,יחידה,false,0,7.90,0.20,true,1,8358110076302
8410076600622,false,חטיפי גרנולה Crunchy שיבולת שועל מלאה ושבבי שוקולד מריר,נייצ'ר ואלי Nature Valley,,חטיפי גרנולה Crunchy שיבולת שועל מלאה ושבבי שוקולד מריר,גרמים,210,100 גרם,false,5,14.90,7.10,true,1,8410076600622
8410076610379,false,חטיף Protein בוטנים ושבבי שוקולד,נייצ'ר ואלי Nature Valley,,חטיף Protein בוטנים ושבבי שוקולד,גרמים,160,100 גרם,false,4,22.90,14.31,true,1,8410076610379
8410076610386,false,חטיף Protein בוטנים עם ציפוי בטעם קרמל מלוח,נייצ'ר ואלי Nature Valley,,חטיף Protein בוטנים עם ציפוי בטעם קרמל מלוח,גרמים,160,100 גרם,false,4,22.90,14.31,true,1,8410076610386
8410076610492,false,חטיף Chewy בוטנים,נייצ'ר ואלי Nature Valley,,חטיף Chewy בוטנים,גרמים,150,100 גרם,false,5,14.90,9.93,true,1,8410076610492
8410076610508,false,"חטיף Chewy שוקולד מריר, בוטנים ושקדים",נייצ'ר ואלי Nature Valley,,"חטיף Chewy שוקולד מריר, בוטנים ושקדים",גרמים,150,100 גרם,false,5,14.90,9.93,true,1,8410076610508
8410076621009,false,עוגות אישיות בטעם קרמל עם חתיכות בטעם קרמל מלוח,פייבר 1 Fiber One,,עוגות אישיות בטעם קרמל עם חתיכות בטעם קרמל מלוח,גרמים,120,100 גרם,false,0,12.90,16.58,true,1,8410076621009
8410076621047,false,עוגות אישיות בטעם שוקולד עם חתיכות בטעם שוקולד,פייבר 1 Fiber One,,עוגות אישיות בטעם שוקולד עם חתיכות בטעם שוקולד,גרמים,120,100 גרם,false,0,12.90,16.58,true,1,8410076621047
8410104039134,false,מנקה מדיח כלים,פיניש Finish,,מנקה מדיח כלים,מליליטרים,250,"100 מ""ל",false,0,14.90,5.96,true,1,8410104039134
8410104044916,false,אבקה למדיח פיניש קלאסיק,פיניש Finish,,אבקה למדיח פיניש קלאסיק,קילוגרמים,3,"ק""ג",false,0,44.90,16.63,true,1,8410104044916
8410104045111,false,מלח למדיח,פיניש Finish,,מלח למדיח,קילוגרמים,2,"ק""ג",false,0,14.90,7.45,true,1,8410104045111
8410104425906,false,שעווה חמה בניחוח יסמין,ויט Veet,,שעווה חמה בניחוח יסמין,מליליטרים,250,"100 מ""ל",false,0,29.90,11.96,true,1,8410104425906
8410104437268,false,מפיג ריח למדיח,פיניש Finish,,מפיג ריח למדיח,,0,,false,0,14.90,0.00,true,1,8410104437268
8410104511340,false,רצועות שעווה מוכנות לעור יבש עם אלוורה,ויט Veet,,רצועות שעווה מוכנות לעור יבש עם אלוורה,יחידות,12,יחידה,false,0,29.90,2.49,true,1,8410104511340
8410128768324,false,משקה שקדים,ויוה סוי Viva Soy,,משקה שקדים,ליטרים,1,ליטר,false,0,12.90,12.90,true,1,8410128768324
8410128768355,false,משקה סויה קלאסי,ויוה סוי Viva Soy,,משקה סויה קלאסי,ליטרים,1,ליטר,false,0,11.90,11.90,true,1,8410128768355
8410436218054,false,צבע לשיער אולאו - 3-82 מהגוני עדין,סאיוס syoss,,צבע לשיער אולאו - 3-82 מהגוני עדין,,1,,false,0,29.90,29.90,true,1,8410436218054
8410436218092,false,צבע לשיער אולאו - 4-18 חום מוקה,סאיוס syoss,,צבע לשיער אולאו - 4-18 חום מוקה,,1,,false,0,29.90,29.90,true,1,8410436218092
8410436218139,false,צבע לשיער אולאו - 2-10 שחור חום,סאיוס syoss,,צבע לשיער אולאו - 2-10 שחור חום,,1,,false,0,29.90,29.90,true,1,8410436218139
8410436218177,false,צבע לשיער אולאו - 5-86 חום מתוק,סאיוס syoss,,צבע לשיער אולאו - 5-86 חום מתוק,,1,,false,0,29.90,29.90,true,1,8410436218177
8410436218214,false,צבע לשיער אולאו - 7-10 בלונד טבעי,סאיוס syoss,,צבע לשיער אולאו - 7-10 בלונד טבעי,,1,,false,0,29.90,29.90,true,1,8410436218214
8410436218252,false,צבע לשיער אולאו - 6-10 בלונד כהה,סאיוס syoss,,צבע לשיער אולאו - 6-10 בלונד כהה,,1,,false,0,29.90,29.90,true,1,8410436218252
8410436218290,false,צבע לשיער אולאו - 1-10 שחור עז,סאיוס syoss,,צבע לשיער אולאו - 1-10 שחור עז,,1,,false,0,29.90,29.90,true,1,8410436218290
8410436218337,false,צבע לשיער אולאו - 9-10 בלונד בהיר,סאיוס syoss,,צבע לשיער אולאו - 9-10 בלונד בהיר,,1,,false,0,29.90,29.90,true,1,8410436218337
8410436227698,false,צבע לשיער אולאו - 3-10 חום עמוק,סאיוס syoss,,צבע לשיער אולאו - 3-10 חום עמוק,,1,,false,0,29.90,29.90,true,1,8410436227698
8410644611203,false,יין קאווה איבריקה לבן יבש Cava Iberica,,,יין קאווה איבריקה לבן יבש Cava Iberica,מליליטרים,750,"100 מ""ל",false,0,29.90,3.99,true,1,8410644611203
8410644611210,false,יין קאווה איבריקה לבן חצי יבש Cava Iberica,,,יין קאווה איבריקה לבן חצי יבש Cava Iberica,מליליטרים,750,"100 מ""ל",false,0,29.90,3.99,true,1,8410644611210
8410793001764,false,בירה אסטרייה דאם - מארז רביעייה,אסטרייה Estrella,,בירה אסטרייה דאם - מארז רביעייה,ליטרים,1,ליטר,false,4,24.90,24.92,true,1,8410793001764
8411061954201,false,סט בושם לגבר 212 VIP Black + ג'ל רחצה,קרולינה הררה Carolina Herrera,,סט בושם לגבר 212 VIP Black + ג'ל רחצה,מליליטרים,200,"100 מ""ל",false,0,279.90,139.95,true,1,8411061954201
8411061978894,false,"סט 212 VIP לאשה א.ד.פ 50 מ""ל + קרם גוף",קרולינה הררה Carolina Herrera,,"סט 212 VIP לאשה א.ד.פ 50 מ""ל + קרם גוף",מליליטרים,50,"100 מ""ל",false,0,269.00,538.00,true,1,8411061978894
8411061979358,false,סט 212 בושם א.ד.ט + ג'ל רחצה לגבר,קרולינה הררה Carolina Herrera,,סט 212 בושם א.ד.ט + ג'ל רחצה לגבר,מליליטרים,200,"100 מ""ל",false,0,219.00,109.50,true,1,8411061979358
8411320105276,false,פילה אנשובי בפחית,אורטיז ORTIZ,,פילה אנשובי בפחית,גרמים,48,100 גרם,false,0,21.90,46.11,true,1,8411320105276
8411320234006,false,נתחי טונה לבנה בשמן זית,אורטיז ORTIZ,,נתחי טונה לבנה בשמן זית,גרמים,112,100 גרם,false,0,18.90,16.88,true,1,8411320234006
8411320334027,false,נתחי טונה בהירה בשמן זית,אורטיז ORTIZ,,נתחי טונה בהירה בשמן זית,גרמים,112,100 גרם,false,0,14.90,13.30,true,1,8411320334027
8411320382967,false,נתחי טונה בהירה בשמן זית,אורטיז ORTIZ,,נתחי טונה בהירה בשמן זית,גרמים,220,100 גרם,false,0,34.90,15.86,true,1,8411320382967
8412027000253,false,חימר חום 500 גר',JOVI,,חימר חום 500 גר',,0,,false,0,9.90,0.00,true,1,8412027000253
8412027000529,false,12 צבעי מים,JOVI,,12 צבעי מים,,0,,false,0,16.90,0.00,true,1,8412027000529
8412027000543,false,24 צבעי מים,JOVI,,24 צבעי מים,,0,,false,0,22.90,0.00,true,1,8412027000543
8412027001267,false,חימר לבן 500 גר',JOVI,,חימר לבן 500 גר',,0,,false,0,9.90,0.00,true,1,8412027001267
8412027029889,false,חימר אפור 250 גר',JOVI,,חימר אפור 250 גר',,0,,false,0,6.90,0.00,true,1,8412027029889
8412027029896,false,חימר אפור 500 גר',JOVI,,חימר אפור 500 גר',,0,,false,0,10.90,0.00,true,1,8412027029896
8412027248082,false,חימר לבן 250 גר',JOVI,,חימר לבן 250 גר',,0,,false,0,5.90,0.00,true,1,8412027248082
8412027248150,false,חימר חום 250 גר',JOVI,,חימר חום 250 גר',,0,,false,0,5.90,0.00,true,1,8412027248150
8412168002529,false,מחייה 13 משקה כוהלי בטעם לימונים,מחייה 13,,מחייה 13 משקה כוהלי בטעם לימונים,מליליטרים,700,"100 מ""ל",false,0,54.90,7.84,true,1,8412168002529
8412168002543,false,מחייה 13 רוזטה משקה כוהלי בטעם שקדים,מחייה 13,,מחייה 13 רוזטה משקה כוהלי בטעם שקדים,מליליטרים,700,"100 מ""ל",false,0,54.90,7.84,true,1,8412168002543
8412168008903,false,מחייה 13 משקה כוהלי בטעם אשכולית אדומה,מחייה 13,,מחייה 13 משקה כוהלי בטעם אשכולית אדומה,מליליטרים,700,"100 מ""ל",false,0,54.90,7.84,true,1,8412168008903
8414753110343,false,פילה אנשובי אמיתי בשמן זית Pelazza,,,פילה אנשובי אמיתי בשמן זית Pelazza,גרמים,43,100 גרם,false,0,6.90,16.05,true,1,8414753110343
8420822130600,false,KH-7 ספריי סופר מסיר שומנים,יעקבי,,KH-7 ספריי סופר מסיר שומנים,מליליטרים,750,"100 מ""ל",false,0,15.90,2.12,true,1,8420822130600
8420822130624,false,סופר מסיר כתמים KH7,יעקבי,,סופר מסיר כתמים KH7,מליליטרים,750,"100 מ""ל",false,0,16.90,2.25,true,1,8420822130624
8423207206488,false,חטיף מצופה שוקולד חלב,סלים דליס Slim Delis,,חטיף מצופה שוקולד חלב,גרמים,120,100 גרם,false,0,10.90,12.42,true,1,8423207206488
8423207206495,false,חטיף מצופה שוקולד מריר,סלים דליס Slim Delis,,חטיף מצופה שוקולד מריר,גרמים,120,100 גרם,false,0,10.90,12.42,true,1,8423207206495
8423207206501,false,חטיף רב דגנים עם שוקולד חלב,סלים דליס Slim Delis,,חטיף רב דגנים עם שוקולד חלב,גרמים,78,100 גרם,false,6,10.90,19.10,true,1,8423207206501
8423207207362,false,חטיף מצופה שוקולד לבן,סלים דליס Slim Delis,,חטיף מצופה שוקולד לבן,גרמים,120,100 גרם,false,6,10.90,12.42,true,1,8423207207362
8423207208260,false,חטיף רב דגנים ללא גלוטן עם שוקולד חלב,סלים דליס Slim Delis,,חטיף רב דגנים ללא גלוטן עם שוקולד חלב,גרמים,78,100 גרם,false,0,10.90,19.10,true,1,8423207208260
8423207208680,false,חטיף דגנים קידס מצופה שוקולד חלב,סלים דליס Slim Delis,,חטיף דגנים קידס מצופה שוקולד חלב,גרמים,120,100 גרם,false,0,10.90,12.42,true,1,8423207208680
8423207208697,false,חטיף דגנים מצופה שוקולד לבן קידס,סלים דליס Slim Delis,,חטיף דגנים מצופה שוקולד לבן קידס,גרמים,78,100 גרם,false,0,10.90,19.10,true,1,8423207208697
8423207208703,false,חטיף דגנים מצופה אקסטרה שוקולד מריר,סלים דליס Slim Delis,,חטיף דגנים מצופה אקסטרה שוקולד מריר,גרמים,120,100 גרם,false,0,10.90,12.42,true,1,8423207208703
8423207208871,false,פריכיות תירס בטעם טבעי,סלים דליס Slim Delis,,פריכיות תירס בטעם טבעי,גרמים,130,100 גרם,false,0,9.90,7.62,true,1,8423207208871
8423207208888,false,פריכיות תירס בטעם עגבניות ועשבי תיבול,סלים דליס Slim Delis,,פריכיות תירס בטעם עגבניות ועשבי תיבול,גרמים,124,100 גרם,false,0,9.90,8.02,true,1,8423207208888
8423207208895,false,פריכיות תירס בטעם זיתים ועירית,סלים דליס Slim Delis,,פריכיות תירס בטעם זיתים ועירית,גרמים,124,100 גרם,false,0,9.90,8.02,true,1,8423207208895
8423207209885,false,חטיף דגנים מצופה אקסטרה שוקולד חלב,סלים דליס Slim Delis,,חטיף דגנים מצופה אקסטרה שוקולד חלב,גרמים,120,100 גרם,false,0,10.90,12.42,true,1,8423207209885
8423207210287,false,חטיף דגנים שוקולד לבן בטעם יוגורט,סלים דליס Slim Delis,,חטיף דגנים שוקולד לבן בטעם יוגורט,גרמים,120,100 גרם,false,0,10.90,12.42,true,1,8423207210287
8423207210928,false,חטיף דגנים מצופה שוקולד חלב ואגוזי לוז - 5 במארז,סלים דליס Slim Delis,,חטיף דגנים מצופה שוקולד חלב ואגוזי לוז - 5 במארז,גרמים,90,100 גרם,false,0,10.90,16.56,true,1,8423207210928
8423207210942,false,חטיף דגנים מצופה שוקולד לבן ופירות יער,סלים דליס Slim Delis,,חטיף דגנים מצופה שוקולד לבן ופירות יער,גרמים,78,100 גרם,false,0,10.90,19.10,true,1,8423207210942
8423207210966,false,חטיף רב דגנים מצופה שוקולד לבן קוקוס ולימון,סלים דליס Slim Delis,,חטיף רב דגנים מצופה שוקולד לבן קוקוס ולימון,גרמים,90,100 גרם,false,5,10.90,16.56,true,1,8423207210966
8423453905692,false,בירה ווילדר לאגר,,,בירה ווילדר לאגר,מליליטרים,500,"100 מ""ל",false,0,6.90,1.38,true,1,8423453905692
8425206000081,false,ריבת חלב Mardel,מרדל Mardel,,ריבת חלב Mardel,גרמים,450,100 גרם,false,0,19.90,4.42,true,1,8425206000081
8427030005010,false,תרכובת מזון על בסיס חלב A.R מלידה ואילך,סימילאק Similac,,תרכובת מזון על בסיס חלב A.R מלידה ואילך,גרמים,375,100 גרם,false,0,49.90,13.31,true,1,8427030005010
8427030007274,false,סימילאק גולד קומפורט 1 תרכובת מזון על בסיס חלב,סימילאק Similac,,סימילאק גולד קומפורט 1 תרכובת מזון על בסיס חלב,גרמים,360,100 גרם,false,0,51.90,14.42,true,1,8427030007274
8427030007281,false,סימילאק גולד קומפורט 1 תרכובת מזון על בסיס חלב,סימילאק Similac,,סימילאק גולד קומפורט 1 תרכובת מזון על בסיס חלב,גרמים,820,100 גרם,false,0,109.90,13.40,true,1,8427030007281
8427030007298,false,סימילאק גולד קומפורט 2 תרכובת מזון על בסיס חלב,סימילאק Similac,,סימילאק גולד קומפורט 2 תרכובת מזון על בסיס חלב,גרמים,820,100 גרם,false,0,109.90,13.40,true,1,8427030007298
8427324891923,false,סיסטיין ג'ל דרופס - טיפות עיניים לסיכוך העיניים,אלקון Alcon,,סיסטיין ג'ל דרופס - טיפות עיניים לסיכוך העיניים,מליליטרים,10,"100 מ""ל",false,0,89.90,899.00,true,1,8427324891923
8427324891978,false,סיסטיין באלאנס - טיפות עיניים לסיכוך והרטבה,אלקון Alcon,,סיסטיין באלאנס - טיפות עיניים לסיכוך והרטבה,מליליטרים,10,"100 מ""ל",false,0,89.90,899.00,true,1,8427324891978
8427324894887,false,סיסטיין הידריישן - טיפות עיניים לסיכוך והרטבה,אלקון Alcon,,סיסטיין הידריישן - טיפות עיניים לסיכוך והרטבה,מליליטרים,10,"100 מ""ל",false,0,89.90,899.00,true,1,8427324894887
8429449014980,false,נטורטינט CC קרם אנטי אייג'ינג לשיער,נטורטינט Naturtint,,נטורטינט CC קרם אנטי אייג'ינג לשיער,מליליטרים,200,"100 מ""ל",false,0,49.90,24.95,true,1,8429449014980
8435137797790,false,סט 4 בשמים מיניאטוריים פראדה Prada,פראדה Prada,,סט 4 בשמים מיניאטוריים פראדה Prada,מליליטרים,33,"100 מ""ל",false,0,219.00,663.64,true,1,8435137797790
8435495805106,false,אבקת כביסה ביומט משב רענן,ביומט,,אבקת כביסה ביומט משב רענן,קילוגרמים,5,"ק""ג",false,0,29.90,5.98,true,1,8435495805106
8435495805168,false,אבקת כביסה תינוקלין,תינוקלין,,אבקת כביסה תינוקלין,קילוגרמים,1,"ק""ג",false,0,21.90,17.52,true,1,8435495805168
8435495805199,false,אבקת כביסה תינוקלין,תינוקלין,,אבקת כביסה תינוקלין,קילוגרמים,3,"ק""ג",false,0,49.90,16.63,true,1,8435495805199
8435495807605,false,תינוקלין מרכך כביסה מרוכז,תינוקלין,,תינוקלין מרכך כביסה מרוכז,ליטרים,1,ליטר,false,0,17.90,17.90,true,1,8435495807605
8435495807636,false,ג'ל כביסה מרוכז תינוקלין בייבי,תינוקלין,,ג'ל כביסה מרוכז תינוקלין בייבי,ליטרים,2,ליטר,false,0,29.90,14.95,true,1,8435495807636
8435495819363,false,מרכך כביסה תינוקלין מרוכז,תינוקלין,,מרכך כביסה תינוקלין מרוכז,ליטרים,1,ליטר,false,0,17.90,17.90,true,1,8435495819363
8445290427120,false,דגני פיטנס Fitness שוקולד מריר ובננה,נסטלה Nestle,,דגני פיטנס Fitness שוקולד מריר ובננה,גרמים,330,100 גרם,false,0,19.90,6.03,true,1,8445290427120
8470002573376,false,ג'ינג'י - משחת שיניים להגנת החניכיים,לאסר LACER,,ג'ינג'י - משחת שיניים להגנת החניכיים,מליליטרים,75,"100 מ""ל",false,0,25.90,34.53,true,1,8470002573376
8470002636651,false,ג'ינג'י - שטיפת פה להגנת החניכיים (ללא אלכוהול),לאסר LACER,,ג'ינג'י - שטיפת פה להגנת החניכיים (ללא אלכוהול),מליליטרים,500,"100 מ""ל",false,0,47.90,9.58,true,1,8470002636651
8680202110824,false,שמרים לאפיה יבשים נמסים אינסטנט,,,שמרים לאפיה יבשים נמסים אינסטנט,גרמים,125,100 גרם,false,0,3.90,3.12,true,1,8680202110824
8681863065287,false,מלח הימלאיה,SALTBAE,,מלח הימלאיה,גרמים,350,100 גרם,false,0,24.90,7.11,true,1,8681863065287
8681863065294,false,מלח ים בטעם מעושן,SALTBAE,,מלח ים בטעם מעושן,גרמים,350,100 גרם,false,0,24.90,7.11,true,1,8681863065294
8681863065324,false,מלח ים עם רוזמרין,SALTBAE,,מלח ים עם רוזמרין,גרמים,200,100 גרם,false,0,24.90,12.45,true,1,8681863065324
8681863065362,false,מלח ים עם פלפל שחור,SALTBAE,,מלח ים עם פלפל שחור,גרמים,350,100 גרם,false,0,24.90,7.11,true,1,8681863065362
8681863065379,false,מלח ים עם פלפל צ'ילי,SALTBAE,,מלח ים עם פלפל צ'ילי,גרמים,220,100 גרם,false,0,24.90,11.32,true,1,8681863065379
8681863065485,false,מלח מתובל פיקנטי,SALTBAE,,מלח מתובל פיקנטי,גרמים,110,100 גרם,false,0,14.90,13.55,true,1,8681863065485
8682328740084,false,מזון לכלב בוגר מיני עם כבש ואוכמניות,פרו פרפורמנס Pro Preformance,,מזון לכלב בוגר מיני עם כבש ואוכמניות,קילוגרמים,2,"ק""ג",false,0,59.90,29.95,true,1,8682328740084
8682328740091,false,מזון לכלב בוגר מיני עם סלמון ואוכמניות,פרו פרפורמנס Pro Preformance,,מזון לכלב בוגר מיני עם סלמון ואוכמניות,קילוגרמים,2,"ק""ג",false,0,59.90,29.95,true,1,8682328740091
8682328740107,false,מזון לכלב בוגר בינוני ומעלה עם כבש ואוכמניות,פרו פרפורמנס Pro Preformance,,מזון לכלב בוגר בינוני ומעלה עם כבש ואוכמניות,קילוגרמים,12,"ק""ג",false,0,239.90,19.99,true,1,8682328740107
8682328740114,false,מזון לכלב בוגר בינוני/ גדול עם סלמון ואוכמניות,פרו פרפורמנס Pro Preformance,,מזון לכלב בוגר בינוני/ גדול עם סלמון ואוכמניות,קילוגרמים,12,"ק""ג",false,0,239.90,19.99,true,1,8682328740114
8682328740169,false,מזון לגורי כלבים מיני עם כבש ואוכמניות,פרו פרפורמנס Pro Preformance,,מזון לגורי כלבים מיני עם כבש ואוכמניות,קילוגרמים,2,"ק""ג",false,0,59.90,29.95,true,1,8682328740169
8682328740213,false,מזון לחתול בוגר מסורס / מעוקרת עם עוף ואורז,פרו פרפורמנס Pro Preformance,,מזון לחתול בוגר מסורס / מעוקרת עם עוף ואורז,קילוגרמים,2,"ק""ג",false,0,59.90,29.95,true,1,8682328740213
8682328740220,false,מזון אולטרה פרמיום לחתול בוגר עם כבש ואורז,פרו פרפורמנס Pro Preformance,,מזון אולטרה פרמיום לחתול בוגר עם כבש ואורז,קילוגרמים,2,"ק""ג",false,0,59.90,29.95,true,1,8682328740220
8683130008355,false,מיונז עם שום,הלמנס hellmann's,,מיונז עם שום,גרמים,400,100 גרם,false,0,16.90,4.23,true,1,8683130008355
8683130008935,false,ממרח קטשיונז,הלמנס hellmann's,,ממרח קטשיונז,גרמים,425,100 גרם,false,0,16.90,3.98,true,1,8683130008935
8683130025581,false,מרכך כביסה מרוכז בדין אקסטרה ענבר,בדין,,מרכך כביסה מרוכז בדין אקסטרה ענבר,מליליטרים,960,"100 מ""ל",false,0,15.90,1.66,true,1,8683130025581
8683323063024,false,ממתק בטעם תותי פרוטי בצורת שטיח,יוגטה yogueta,,ממתק בטעם תותי פרוטי בצורת שטיח,גרמים,220,100 גרם,false,0,4.90,2.23,true,1,8683323063024
8690504153740,false,שוקולד מריר במילוי קרם בטעם שוקולד מריר,גודייבה GODIVA,,שוקולד מריר במילוי קרם בטעם שוקולד מריר,גרמים,86,100 גרם,false,0,10.90,15.00,true,1,8690504153740
8690504153849,false,שוקולד חלב במילוי קרם בטעם פרלין אגוזים,גודייבה GODIVA,,שוקולד חלב במילוי קרם בטעם פרלין אגוזים,גרמים,83,100 גרם,false,0,10.90,15.54,true,1,8690504153849
8690504156543,false,שוקולד חלב ממולא בקרם בטעם גנאש שוקולד חלב,גודייבה GODIVA,,שוקולד חלב ממולא בקרם בטעם גנאש שוקולד חלב,גרמים,88,100 גרם,false,0,10.90,14.66,true,1,8690504156543
8690526009278,false,מיני חטיפי קרמל מצופים שוקולד חלב וכדורוני דגנים,ETi,,מיני חטיפי קרמל מצופים שוקולד חלב וכדורוני דגנים,גרמים,126,100 גרם,false,0,7.90,6.27,true,1,8690526009278
8690526009308,false,מיני חטיפי קוקוס מצופים שוקולד חלב וכדורוני דגנים,ETi,,מיני חטיפי קוקוס מצופים שוקולד חלב וכדורוני דגנים,גרמים,126,100 גרם,false,0,7.90,6.27,true,1,8690526009308
8690526019147,false,וופל במילוי קרם אגוזי לוז,ETi,,וופל במילוי קרם אגוזי לוז,גרמים,142,100 גרם,false,0,4.90,3.45,true,1,8690526019147
8690526019185,false,וופל במילוי קרם שוקולד חלב,ETi,,וופל במילוי קרם שוקולד חלב,גרמים,142,100 גרם,false,0,4.90,3.45,true,1,8690526019185
8690572775288,false,מרכך גליס Gliss סרום לשיקום עמוק,שוורצקוף Schwarzkopf,,מרכך גליס Gliss סרום לשיקום עמוק,מליליטרים,400,"100 מ""ל",false,0,18.90,4.73,true,1,8690572775288
8690572778326,false,דאודורנט ספריי Cotton Mist,פה Fa,,דאודורנט ספריי Cotton Mist,מליליטרים,200,"100 מ""ל",false,0,9.90,7.95,true,1,8690572778326
8690572784303,false,שמפו גליס Gliss לשיער ארוך Supreme Length,שוורצקוף Schwarzkopf,,שמפו גליס Gliss לשיער ארוך Supreme Length,מליליטרים,400,"100 מ""ל",false,0,18.90,4.73,true,1,8690572784303
8690572784327,false,מסכה לשיער ארוך עם קצוות מפוצלים Supreme Length,שוורצקוף Schwarzkopf,,מסכה לשיער ארוך עם קצוות מפוצלים Supreme Length,מליליטרים,300,"100 מ""ל",false,0,21.90,10.97,true,1,8690572784327
8690572786222,false,מרכך גליס Gliss לשיער ארוך Supreme Length,שוורצקוף Schwarzkopf,,מרכך גליס Gliss לשיער ארוך Supreme Length,מליליטרים,400,"100 מ""ל",false,0,18.90,4.73,true,1,8690572786222
8690637073373,false,תה ארל גריי בטעם ברגמוט,ליפטון Lipton,,תה ארל גריי בטעם ברגמוט,גרמים,50,100 גרם,false,0,7.90,15.80,true,1,8690637073373
8690637073434,false,תה ארל גריי בטעם ברגמוט,ליפטון Lipton,,תה ארל גריי בטעם ברגמוט,גרמים,200,100 גרם,false,0,22.90,11.45,true,1,8690637073434
8690637503856,false,ממרח הלמנס כ- 40% פחות שומן לעומת מיונז,הלמנס hellmann's,,ממרח הלמנס כ- 40% פחות שומן לעומת מיונז,גרמים,355,100 גרם,false,0,16.90,4.76,true,1,8690637503856
8690637504426,false,קרם ניקוי בניחוח לימון,סיף Cif,,קרם ניקוי בניחוח לימון,מליליטרים,500,"100 מ""ל",false,0,10.90,2.18,true,1,8690637504426
8690637505607,false,מרכך כביסה מרוכז בדין אקסטרה בניחוח פינוק כחול,בדין,,מרכך כביסה מרוכז בדין אקסטרה בניחוח פינוק כחול,מליליטרים,960,"100 מ""ל",false,0,15.90,1.66,true,1,8690637505607
8690637505935,false,תחליב רחצה לידיים אבוקדו,דאב Dove,,תחליב רחצה לידיים אבוקדו,מליליטרים,500,"100 מ""ל",false,0,16.90,3.38,true,1,8690637505935
8690637555084,false,מרכך כביסה אקסטרא בניחוח פרחי אביב,בדין,,מרכך כביסה אקסטרא בניחוח פרחי אביב,מליליטרים,960,"100 מ""ל",false,0,15.90,1.66,true,1,8690637555084
8690637688195,false,תה ירוק קלאסי,ליפטון Lipton,,תה ירוק קלאסי,גרמים,34,100 גרם,false,0,15.90,46.76,true,1,8690637688195
8690637704277,false,שמפו יום יומי שמפו + מרכך,דאב Dove,,שמפו יום יומי שמפו + מרכך,מליליטרים,600,"100 מ""ל",false,0,18.90,3.15,true,1,8690637704277
8690637704291,false,שמפו לשיקום אינטנסיבי לשיער פגום,דאב Dove,,שמפו לשיקום אינטנסיבי לשיער פגום,מליליטרים,600,"100 מ""ל",false,0,18.90,3.15,true,1,8690637704291
8690637704376,false,שמפו יום יומי לשיער רגיל,דאב Dove,,שמפו יום יומי לשיער רגיל,מליליטרים,600,"100 מ""ל",false,0,18.90,3.15,true,1,8690637704376
8690637704390,false,מרכך יום יומי לשיער רגיל,דאב Dove,,מרכך יום יומי לשיער רגיל,מליליטרים,600,"100 מ""ל",false,0,18.90,3.15,true,1,8690637704390
8690637704413,false,מרכך לשיקום אינטנסיבי לשיער פגום,דאב Dove,,מרכך לשיקום אינטנסיבי לשיער פגום,מליליטרים,600,"100 מ""ל",false,0,18.90,3.15,true,1,8690637704413
8690637704437,false,שמפו עם שמני הזנה לטיפוח לשיער יבש,דאב Dove,,שמפו עם שמני הזנה לטיפוח לשיער יבש,מליליטרים,600,"100 מ""ל",false,0,18.90,3.15,true,1,8690637704437
8690637704451,false,מרכך עם שמני הזנה לטיפוח לשיער יבש,דאב Dove,,מרכך עם שמני הזנה לטיפוח לשיער יבש,מליליטרים,600,"100 מ""ל",false,0,18.90,3.15,true,1,8690637704451
8690637799594,false,תה ירוק נענע בסגנון מרוקאי,ליפטון Lipton,,תה ירוק נענע בסגנון מרוקאי,גרמים,34,100 גרם,false,0,15.90,46.76,true,1,8690637799594
8690637835643,false,תה ירוק לואיזה ולימונית,ליפטון Lipton,,תה ירוק לואיזה ולימונית,גרמים,30,100 גרם,false,0,15.90,53.00,true,1,8690637835643
8690637858734,false,ג'ל לניקוי כללי בתוספת אקונומיקה בניחוח לימון,סיף פנטסטיק Cif Fantastic,,ג'ל לניקוי כללי בתוספת אקונומיקה בניחוח לימון,מליליטרים,750,"100 מ""ל",false,0,11.90,1.59,true,1,8690637858734
8690637858741,false,ג'ל לניקוי כללי בתוספת אקונומיקה בניחוח רוח ים,סיף פנטסטיק Cif Fantastic,,ג'ל לניקוי כללי בתוספת אקונומיקה בניחוח רוח ים,מליליטרים,750,"100 מ""ל",false,0,11.90,1.59,true,1,8690637858741
8690637858758,false,ג'ל לניקוי כללי בתוספת אקונומיקה בניחוח אורנים,סיף פנטסטיק Cif Fantastic,,ג'ל לניקוי כללי בתוספת אקונומיקה בניחוח אורנים,מליליטרים,750,"100 מ""ל",false,0,11.90,1.59,true,1,8690637858758
8690637865596,false,תחליב רחצה לניקוי וטיפוח עור הידיים,דאב Dove,,תחליב רחצה לניקוי וטיפוח עור הידיים,מליליטרים,500,"100 מ""ל",false,0,16.90,3.38,true,1,8690637865596
8690637871061,false,שמפו עם שמן אבוקדו ותמצית קלנדולה,דאב Dove,,שמפו עם שמן אבוקדו ותמצית קלנדולה,מליליטרים,600,"100 מ""ל",false,0,18.90,3.15,true,1,8690637871061
8690637871245,false,מיונז אמיתי בקבוק לחיץ,הלמנס hellmann's,,מיונז אמיתי בקבוק לחיץ,גרמים,395,100 גרם,false,0,16.90,4.28,true,1,8690637871245
8690637916977,false,מרכך עם שמן קוקוס וכורכום למראה שיער משוקם,דאב Dove,,מרכך עם שמן קוקוס וכורכום למראה שיער משוקם,מליליטרים,600,"100 מ""ל",false,0,18.90,3.15,true,1,8690637916977
8690637916991,false,מרכך עם שמן אבוקדו ותמצית קלנדולה,דאב Dove,,מרכך עם שמן אבוקדו ותמצית קלנדולה,מליליטרים,600,"100 מ""ל",false,0,18.90,3.15,true,1,8690637916991
8690637946301,false,מרכך כביסה אקסטרה בייבי היפואלרגני,בדין,,מרכך כביסה אקסטרה בייבי היפואלרגני,מליליטרים,960,"100 מ""ל",false,0,15.90,1.66,true,1,8690637946301
8690637946318,false,מרכך כביסה אקסטרה בייבי היפואלרגני בריח טלק,בדין,,מרכך כביסה אקסטרה בייבי היפואלרגני בריח טלק,מליליטרים,960,"100 מ""ל",false,0,15.90,1.66,true,1,8690637946318
8690637971310,false,מרכך כביסה אקסטרא בניחוח יערת הדבש,בדין,,מרכך כביסה אקסטרא בניחוח יערת הדבש,מליליטרים,960,"100 מ""ל",false,0,15.90,1.66,true,1,8690637971310
8690637976995,false,מרכך כביסה אקסטרא בניחוח סחלבים פראי,בדין,,מרכך כביסה אקסטרא בניחוח סחלבים פראי,מליליטרים,960,"100 מ""ל",false,0,15.90,1.66,true,1,8690637976995
8690637977794,false,תחליב רחצה לידיים בניחוח חמאת שיאה ווניל,דאב Dove,,תחליב רחצה לידיים בניחוח חמאת שיאה ווניל,מליליטרים,500,"100 מ""ל",false,0,16.90,3.38,true,1,8690637977794
8690637994029,false,מרכך כביסה אקסטרה בניחוח סחלבים פראי,בדין,,מרכך כביסה אקסטרה בניחוח סחלבים פראי,ליטרים,1,ליטר,false,0,22.90,15.90,true,1,8690637994029
8690637994036,false,מרכך כביסה אקסטרה בניחוח יסמין מרענן,בדין,,מרכך כביסה אקסטרה בניחוח יסמין מרענן,ליטרים,1,ליטר,false,0,22.90,15.90,true,1,8690637994036
8690757002376,false,משחה להברקת נעליים בצבע שחור,סילבר Silver,,משחה להברקת נעליים בצבע שחור,מליליטרים,50,"100 מ""ל",false,0,4.90,9.80,true,1,8690757002376
8690757002444,false,נוזל להברקת נעליים בצבע שחור,סילבר Silver,,נוזל להברקת נעליים בצבע שחור,מליליטרים,75,"100 מ""ל",false,0,4.90,6.53,true,1,8690757002444
8690757002475,false,ספוג להברקת נעליים,סילבר Silver,,ספוג להברקת נעליים,,0,,false,0,4.90,0.00,true,1,8690757002475
8690766156367,false,שוקולד חלב,גודייבה GODIVA,,שוקולד חלב,גרמים,90,100 גרם,false,0,10.90,16.56,true,1,8690766156367
8690766156374,false,שוקולד מריר 72% מוצקי קקאו,גודייבה GODIVA,,שוקולד מריר 72% מוצקי קקאו,גרמים,90,100 גרם,false,0,10.90,16.56,true,1,8690766156374
8690766156381,false,שוקולד מריר 90% מוצקי קקאו,גודייבה GODIVA,,שוקולד מריר 90% מוצקי קקאו,גרמים,90,100 גרם,false,0,10.90,16.56,true,1,8690766156381
8690766156411,false,שוקולד מריר בטעם פלפל ורוד עם חתיכות תות מסוכר,גודייבה GODIVA,,שוקולד מריר בטעם פלפל ורוד עם חתיכות תות מסוכר,גרמים,90,100 גרם,false,0,10.90,16.56,true,1,8690766156411
8690770322598,false,שמרים יבשים,בראבו Bravo,,שמרים יבשים,גרמים,125,100 גרם,false,0,3.90,3.12,true,1,8690770322598
8690777203012,false,פלפלים ירוקים כבושים - לא חריף,סרה Sera,,פלפלים ירוקים כבושים - לא חריף,גרמים,600,100 גרם,false,0,12.90,2.15,true,1,8690777203012
8690777204071,false,פלפלים כבושים - חריפים,סרה Sera,,פלפלים כבושים - חריפים,גרמים,640,100 גרם,false,0,12.90,2.02,true,1,8690777204071
8690777206051,false,חציל קלוי על האש,סרה Sera,,חציל קלוי על האש,גרמים,650,100 גרם,false,0,12.90,1.98,true,1,8690777206051
8690777221405,false,פלפלים אדומים קלויים על האש,סרה Sera,,פלפלים אדומים קלויים על האש,גרמים,650,100 גרם,false,0,12.90,1.98,true,1,8690777221405
8690784611442,false,סבון מוצק לניקוי אסלה בניחוח הדרים בתוספת אקונומיקה,טואלט דאק Toilet Duck,,סבון מוצק לניקוי אסלה בניחוח הדרים בתוספת אקונומיקה,גרמים,30,100 גרם,false,0,7.90,26.33,true,1,8690784611442
8690784614665,false,סבון מוצק לניקוי אסלה בניחוח ים,טואלט דאק Toilet Duck,,סבון מוצק לניקוי אסלה בניחוח ים,גרמים,30,100 גרם,false,0,7.90,26.33,true,1,8690784614665
8690784614771,false,סבון מוצק לניקוי אסלה בניחוח רענן,טואלט דאק Toilet Duck,,סבון מוצק לניקוי אסלה בניחוח רענן,גרמים,30,100 גרם,false,0,7.90,26.33,true,1,8690784614771
8690784616775,false,סבון ניקוי לאסלה דאק 4ב-1 בלו,טואלט דאק Toilet Duck,,סבון ניקוי לאסלה דאק 4ב-1 בלו,יחידות,1,יחידה,false,0,9.90,9.90,true,1,8690784616775
8690784711777,false,סבון מוצק לניקוי אסלה בניחוח ים בתוספת אקונומיקה,טואלט דאק Toilet Duck,,סבון מוצק לניקוי אסלה בניחוח ים בתוספת אקונומיקה,גרמים,30,100 גרם,false,0,7.90,26.33,true,1,8690784711777
8692952070020,false,"כוס בירה 380 מ""ל",,,"כוס בירה 380 מ""ל",,0,,false,0,6.90,0.00,true,1,8692952070020
8693323085100,false,שטיחים חמוצים ממתק בטעם פירות,יוגטה yogueta,,שטיחים חמוצים ממתק בטעם פירות,גרמים,100,100 גרם,false,0,5.90,5.90,true,1,8693323085100
8693323099107,false,מרשמלו לבבות בטעם תות ווניל,יוגטה yogueta,,מרשמלו לבבות בטעם תות ווניל,גרמים,150,100 גרם,false,0,6.90,4.60,true,1,8693323099107
8693357488854,false,"כלי להגשה 3 קומות מזכוכית 505 מ""ל",נעמן,,"כלי להגשה 3 קומות מזכוכית 505 מ""ל",,0,,false,0,34.90,0.00,true,1,8693357488854
8693495037853,false,זוג מברשות Slim soft סופט,קולגייט Colgate,,זוג מברשות Slim soft סופט,יחידות,2,יחידה,false,0,29.90,14.95,true,1,8693495037853
8693495041461,false,זוג מברשות Slim soft פחם סופט,קולגייט Colgate,,זוג מברשות Slim soft פחם סופט,יחידות,2,יחידה,false,0,29.90,14.95,true,1,8693495041461
8693495050333,false,סבון נוזלי לגבר לגוף ושיער לימון,פלמוליב Palmolive,,סבון נוזלי לגבר לגוף ושיער לימון,מליליטרים,500,"100 מ""ל",false,0,15.90,3.18,true,1,8693495050333
8693495051002,false,מברשת שיניים לילדים +6 מיניונים,קולגייט Colgate,,מברשת שיניים לילדים +6 מיניונים,יחידות,1,יחידה,false,0,18.90,18.90,true,1,8693495051002
8693495051255,false,זוג מברשות שיניים מוזהבות Slimsoft Mikrolince,קולגייט Colgate,,זוג מברשות שיניים מוזהבות Slimsoft Mikrolince,יחידות,2,יחידה,false,0,29.90,14.95,true,1,8693495051255
8693495052177,false,תחליב רחצה זיתים ואלוורה,פלמוליב Palmolive,,תחליב רחצה זיתים ואלוורה,מליליטרים,750,"100 מ""ל",false,0,17.90,2.65,true,1,8693495052177
8693495052931,false,זוג מברשות שיניים אדוונסט 360 לניקוי כל חלל הפה,קולגייט Colgate,,זוג מברשות שיניים אדוונסט 360 לניקוי כל חלל הפה,יחידות,2,יחידה,false,0,29.90,14.95,true,1,8693495052931
8693495054058,false,סבון נוזלי פלמוליב לומינוס עם תמציות שמן מקדמיה,פלמוליב Palmolive,,סבון נוזלי פלמוליב לומינוס עם תמציות שמן מקדמיה,מליליטרים,750,"100 מ""ל",false,0,17.90,2.65,true,1,8693495054058
8693609193826,false,מתקן כביסה מתכת אל חלד,ITALPLAST,,מתקן כביסה מתכת אל חלד,,0,,false,0,59.90,0.00,true,1,8693609193826
8693830019629,false,"מטבח שף מיני מאוס 18 חלקים 58X42X26 ס""מ",,,"מטבח שף מיני מאוס 18 חלקים 58X42X26 ס""מ",,0,,false,0,149.90,0.00,true,1,8693830019629
8697040109323,false,סבון מוצק אסותא,,,סבון מוצק אסותא,גרמים,100,100 גרם,false,0,3.90,3.90,true,1,8697040109323
8697430885424,false,פסטה פרפרים,ארבלה Arbella,,פסטה פרפרים,גרמים,500,100 גרם,false,0,4.90,0.98,true,1,8697430885424
8697430885431,false,פסטה פנה ריגטה,ארבלה Arbella,,פסטה פנה ריגטה,גרמים,500,100 גרם,false,0,4.90,0.98,true,1,8697430885431
8697430885455,false,פסטה קונכיות,ארבלה Arbella,,פסטה קונכיות,גרמים,500,100 גרם,false,0,4.90,0.98,true,1,8697430885455
8697430885479,false,פסטה פוזילי,ארבלה Arbella,,פסטה פוזילי,גרמים,500,100 גרם,false,0,4.90,0.98,true,1,8697430885479
8697430885493,false,ספגטי 5,ארבלה Arbella,,ספגטי 5,גרמים,500,100 גרם,false,0,4.90,0.98,true,1,8697430885493
8697431460064,false,קונפיטור משמש 70% פרי,פרוטנגו Fruitango,,קונפיטור משמש 70% פרי,גרמים,450,100 גרם,false,0,12.90,2.87,true,1,8697431460064
8697431460217,false,קונפיטור תפוזים 70% פרי,פרוטנגו Fruitango,,קונפיטור תפוזים 70% פרי,גרמים,450,100 גרם,false,0,12.90,2.87,true,1,8697431460217
8697431460378,false,קונפיטור שזיפים 70% פרי,פרוטנגו Fruitango,,קונפיטור שזיפים 70% פרי,גרמים,450,100 גרם,false,0,12.90,2.87,true,1,8697431460378
8697431921701,false,קונפיטור תות שדה 70% פרי,פרוטנגו Fruitango,,קונפיטור תות שדה 70% פרי,גרמים,450,100 גרם,false,0,12.90,2.87,true,1,8697431921701
8697431921718,false,קונפיטור דובדבן חמוץ 70% פרי,פרוטנגו Fruitango,,קונפיטור דובדבן חמוץ 70% פרי,גרמים,450,100 גרם,false,0,12.90,2.87,true,1,8697431921718
8697431925143,false,קונפיטור מיקס פירות 70% פרי,פרוטנגו Fruitango,,קונפיטור מיקס פירות 70% פרי,גרמים,450,100 גרם,false,0,12.90,2.87,true,1,8697431925143
8699073290764,false,פלפלים אדומים קלויים על האש,מליס Melis,,פלפלים אדומים קלויים על האש,גרמים,680,100 גרם,false,0,12.90,1.90,true,1,8699073290764
8699073291273,false,פלפלים כבושים חריפים,מליס Melis,,פלפלים כבושים חריפים,גרמים,640,100 גרם,false,0,12.90,2.02,true,1,8699073291273
8699073292768,false,חציל קלוי עם האש,מליס Melis,,חציל קלוי עם האש,גרמים,640,100 גרם,false,0,12.90,2.02,true,1,8699073292768
8699568548950,false,צבע לשיער קולסטון קיט 55/46 - אדום אקזוטי,וולה Wella,,צבע לשיער קולסטון קיט 55/46 - אדום אקזוטי,גרמים,165,100 גרם,false,0,39.90,24.18,true,1,8699568548950
8699568549001,false,צבע לשיער קולסטון קיט 66/46 - אדום דובדבן,וולה Wella,,צבע לשיער קולסטון קיט 66/46 - אדום דובדבן,גרמים,165,100 גרם,false,0,39.90,24.18,true,1,8699568549001
8710428005755,false,תרכובת מזון לתינוקות על בסיס חלבון סויה איזומיל שלב 1,סימילאק Similac,,תרכובת מזון לתינוקות על בסיס חלבון סויה איזומיל שלב 1,גרמים,400,100 גרם,false,0,44.90,11.23,true,1,8710428005755
8710428005762,false,תרכובת מזון לתינוקות על בסיס חלבון סויה איזומיל טף שלב 2,סימילאק Similac,,תרכובת מזון לתינוקות על בסיס חלבון סויה איזומיל טף שלב 2,גרמים,400,100 גרם,false,0,44.90,11.23,true,1,8710428005762
8710428016348,false,אבקה להכנת משקה בטעם וניל,פדיאשור Pediasure,,אבקה להכנת משקה בטעם וניל,גרמים,400,100 גרם,false,0,39.90,9.98,true,1,8710428016348
8710428016355,false,אבקה להכנת משקה בטעם שוקולד,פדיאשור Pediasure,,אבקה להכנת משקה בטעם שוקולד,גרמים,400,100 גרם,false,0,39.90,9.98,true,1,8710428016355
8710447224205,false,מרכך משקם בתוספת ביוטין,טרזמה TRESemme,,מרכך משקם בתוספת ביוטין,מליליטרים,400,"100 מ""ל",false,0,14.90,3.73,true,1,8710447224205
8710447224311,false,מרכך בוטניק בתוספת שמן קוקוס ואלוורה,טרזמה TRESemme,,מרכך בוטניק בתוספת שמן קוקוס ואלוורה,מליליטרים,400,"100 מ""ל",false,0,14.90,3.73,true,1,8710447224311
8710447284117,false,ג'ל רחצה לגבר Black,אקס Axe,,ג'ל רחצה לגבר Black,מליליטרים,400,"100 מ""ל",false,0,15.90,3.98,true,1,8710447284117
8710447320662,false,דאודורנט ספריי בניחוח אפרסק ולימון ללא אלומיניום,דאב Dove,,דאודורנט ספריי בניחוח אפרסק ולימון ללא אלומיניום,מליליטרים,150,"100 מ""ל",false,0,17.90,11.93,true,1,8710447320662
8710502064814,false,עוגיות שוקולד צ'יפ במרקם רך,מרבה Merba,,עוגיות שוקולד צ'יפ במרקם רך,גרמים,175,100 גרם,false,0,8.90,5.66,true,1,8710502064814
8710502139017,false,עוגיות טריפל שוקולד צ'יפס,מרבה Merba,,עוגיות טריפל שוקולד צ'יפס,גרמים,180,100 גרם,false,0,8.90,5.50,true,1,8710502139017
8710502194801,false,עוגיות שוקולד צ'יפס במרקם רך עם פירות יער,מרבה Merba,,עוגיות שוקולד צ'יפס במרקם רך עם פירות יער,גרמים,175,100 גרם,false,0,8.90,5.66,true,1,8710502194801
8710502231018,false,עוגיות שוקולד צ'יפס מיני,מרבה Merba,,עוגיות שוקולד צ'יפס מיני,גרמים,175,100 גרם,false,0,9.90,5.66,true,1,8710502231018
8710502279010,false,עוגיות שוקולד צ'יפס מצופות שוקולד,מרבה Merba,,עוגיות שוקולד צ'יפס מצופות שוקולד,גרמים,175,100 גרם,false,0,8.90,5.66,true,1,8710502279010
8710502285509,false,עוגיות לימון ושוקולד צ'יפס במרקם רך,מרבה Merba,,עוגיות לימון ושוקולד צ'יפס במרקם רך,גרמים,175,100 גרם,false,0,8.90,5.66,true,1,8710502285509
8710502405204,false,עוגיות שוקולד צ'יפס ממולאות בקרם שוקולד,מרבה Merba,,עוגיות שוקולד צ'יפס ממולאות בקרם שוקולד,גרמים,175,100 גרם,false,0,8.90,5.66,true,1,8710502405204
8710502470028,false,עוגיות שוקולד צ'יפס ממולאות בקרם נוגט,מרבה Merba,,עוגיות שוקולד צ'יפס ממולאות בקרם נוגט,גרמים,160,100 גרם,false,0,8.90,6.19,true,1,8710502470028
8710522584200,false,תחליב רחצה אלוורה ומי ורדים,דאב Dove,,תחליב רחצה אלוורה ומי ורדים,מליליטרים,500,"100 מ""ל",false,0,14.90,2.98,true,1,8710522584200
8710552274614,false,קצף לניקוי שטיחים,קליה וניש Kalia Vanish,,קצף לניקוי שטיחים,מליליטרים,600,"100 מ""ל",false,0,29.90,4.98,true,1,8710552274614
8710800027573,false,שקית סוכריות מנטוס Mentos מיני,מנטוס Mentos,,שקית סוכריות מנטוס Mentos מיני,גרמים,178,100 גרם,false,0,12.90,7.25,true,1,8710800027573
8710800961310,false,מארז סוכריות מנטוס Mentos תות,מנטוס Mentos,,מארז סוכריות מנטוס Mentos תות,גרמים,150,100 גרם,false,4,10.90,7.27,true,1,8710800961310
8710847860829,false,דאודורנט רול און Cotton dry כותנה,רקסונה Rexona,,דאודורנט רול און Cotton dry כותנה,מליליטרים,50,"100 מ""ל",false,0,15.90,31.80,true,1,8710847860829
8710847860843,false,דאודורנט רול און אינביזיבל,רקסונה Rexona,,דאודורנט רול און אינביזיבל,מליליטרים,50,"100 מ""ל",false,0,15.90,31.80,true,1,8710847860843
8710847973970,false,תחליב רחצה אלוורה & מי עץ שדר,דאב Dove,,תחליב רחצה אלוורה & מי עץ שדר,מליליטרים,750,"100 מ""ל",false,0,19.90,2.65,true,1,8710847973970
8710908326691,false,תחליב רחצה בניחוח אדמונית,דאב Dove,,תחליב רחצה בניחוח אדמונית,מליליטרים,750,"100 מ""ל",false,0,19.90,2.65,true,1,8710908326691
8710908404184,false,דאודורנט ספריי Original ללא אלומיניום,דאב Dove,,דאודורנט ספריי Original ללא אלומיניום,מליליטרים,150,"100 מ""ל",false,0,17.90,11.93,true,1,8710908404184
8710908693809,false,מסכת קרטין לשיער חלק Keratin Smooth,טרזמה TRESemme,,מסכת קרטין לשיער חלק Keratin Smooth,מליליטרים,300,"100 מ""ל",false,0,29.90,9.97,true,1,8710908693809
8710908882463,false,תחליב רחצה Invigorating Ritual עם שמן אבוקדו וקלנדולה,דאב Dove,,תחליב רחצה Invigorating Ritual עם שמן אבוקדו וקלנדולה,מליליטרים,500,"100 מ""ל",false,0,14.90,2.98,true,1,8710908882463
8711000360606,false,קפסולות אספרסו רוז עוצמה 7,לור L'OR,,קפסולות אספרסו רוז עוצמה 7,גרמים,52,100 גרם,false,0,19.90,38.27,true,1,8711000360606
8711000362556,false,קפסולות אספרסו סונטוזו עוצמה 8,לור L'OR,,קפסולות אספרסו סונטוזו עוצמה 8,גרמים,52,100 גרם,false,0,19.90,38.27,true,1,8711000362556
8711000362570,false,קפסולות אספרסו פורזה עוצמה 9,לור L'OR,,קפסולות אספרסו פורזה עוצמה 9,גרמים,52,100 גרם,false,0,19.90,38.27,true,1,8711000362570
8711000362617,false,קפסולות אספרסו לונגו פרופונדו עוצמה 8,לור L'OR,,קפסולות אספרסו לונגו פרופונדו עוצמה 8,גרמים,52,100 גרם,false,0,19.90,38.27,true,1,8711000362617
8711000362631,false,קפסולות אספרסו אוניקס עוצמה 12,לור L'OR,,קפסולות אספרסו אוניקס עוצמה 12,גרמים,52,100 גרם,false,0,19.90,38.27,true,1,8711000362631
8711000362747,false,קפסולות אספרסו ריסטרטו עוצמה 11,לור L'OR,,קפסולות אספרסו ריסטרטו עוצמה 11,גרמים,52,100 גרם,false,0,19.90,38.27,true,1,8711000362747
8711000371176,false,קפסולות אספרסו קלאסיקו,ג'ייקובס Jacobs,,קפסולות אספרסו קלאסיקו,גרמים,52,100 גרם,false,0,16.90,32.50,true,1,8711000371176
8711000371183,false,קפסולות אספרסו אינטנסו,ג'ייקובס Jacobs,,קפסולות אספרסו אינטנסו,גרמים,52,100 גרם,false,0,16.90,32.50,true,1,8711000371183
8711000371206,false,קפסולות אספרסו ריסטרטו,ג'ייקובס Jacobs,,קפסולות אספרסו ריסטרטו,גרמים,52,100 גרם,false,0,16.90,32.50,true,1,8711000371206
8711000371244,false,קפסולות אספרסו לונגו,ג'ייקובס Jacobs,,קפסולות אספרסו לונגו,גרמים,52,100 גרם,false,0,16.90,32.50,true,1,8711000371244
8711000397466,false,קפסולות אספרסו נטול קפאין עוצמה 9,לור L'OR,,קפסולות אספרסו נטול קפאין עוצמה 9,גרמים,52,100 גרם,false,0,19.90,38.27,true,1,8711000397466
8711000472040,false,קפסולות קפה סלקשיין,ג'ייקובס Jacobs,,קפסולות קפה סלקשיין,גרמים,52,100 גרם,false,0,16.90,32.50,true,1,8711000472040
8711700665834,false,סבון מוצק Beauty cream bar בניחוח מלפפון ותה ירוק - מארז שישיה,דאב Dove,,סבון מוצק Beauty cream bar בניחוח מלפפון ותה ירוק - מארז שישיה,גרמים,600,100 גרם,false,6,24.90,4.15,true,1,8711700665834
8712000051099,false,בירה היינקן ללא אלכוהול שישייה,היינקן Heineken,,בירה היינקן ללא אלכוהול שישייה,ליטרים,2,ליטר,false,6,29.90,18.13,true,1,8712000051099
8712400717984,false,נוטרילון קומפורט תרכובת מזון מגיל לידה,נוטרילון Nutrilon,,נוטרילון קומפורט תרכובת מזון מגיל לידה,גרמים,400,100 גרם,false,0,44.90,11.23,true,1,8712400717984
8712400718073,false,נוטרילון A.R תרכובת מזון מגיל לידה,נוטרילון Nutrilon,,נוטרילון A.R תרכובת מזון מגיל לידה,גרמים,400,100 גרם,false,0,44.90,11.23,true,1,8712400718073
8712400802499,false,תרכובת מזון המשך לפעוטות על בסיס חלב שלב 1,נוטרילון Nutrilon,,תרכובת מזון המשך לפעוטות על בסיס חלב שלב 1,גרמים,800,100 גרם,false,0,64.90,8.11,true,1,8712400802499
8712400802512,false,תרכובת מזון המשך לפעוטות על בסיס חלב שלב 2,נוטרילון Nutrilon,,תרכובת מזון המשך לפעוטות על בסיס חלב שלב 2,גרמים,800,100 גרם,false,0,64.90,8.11,true,1,8712400802512
8712400802536,false,תרכובת מזון המשך לפעוטות על בסיס חלב שלב 3,נוטרילון Nutrilon,,תרכובת מזון המשך לפעוטות על בסיס חלב שלב 3,גרמים,800,100 גרם,false,0,64.90,8.11,true,1,8712400802536
8712561594240,false,תחליב רחצה הזנה עמוקה,דאב Dove,,תחליב רחצה הזנה עמוקה,מליליטרים,500,"100 מ""ל",false,0,14.90,2.98,true,1,8712561594240
8712561594608,false,תחליב רחצה להזנה עמוקה,דאב Dove,,תחליב רחצה להזנה עמוקה,מליליטרים,750,"100 מ""ל",false,0,19.90,2.65,true,1,8712561594608
8712561611183,false,תחליב רחצה מלפפונים ותה ירוק,דאב Dove,,תחליב רחצה מלפפונים ותה ירוק,מליליטרים,500,"100 מ""ל",false,0,14.90,2.98,true,1,8712561611183
8712561611411,false,תחליב רחצה מזין בניחוח מלפפון ותה ירוק,דאב Dove,,תחליב רחצה מזין בניחוח מלפפון ותה ירוק,מליליטרים,750,"100 מ""ל",false,0,19.90,2.65,true,1,8712561611411
8712561626286,false,תחליב רחצה Silk Glow,דאב Dove,,תחליב רחצה Silk Glow,מליליטרים,750,"100 מ""ל",false,0,19.90,2.65,true,1,8712561626286
8712561631570,false,תחליב רחצה עם חלב קוקוס,דאב Dove,,תחליב רחצה עם חלב קוקוס,מליליטרים,750,"100 מ""ל",false,0,19.90,2.65,true,1,8712561631570
8712561646024,false,תחליב רחצה קרם פיסטוק ומגנוליה,דאב Dove,,תחליב רחצה קרם פיסטוק ומגנוליה,מליליטרים,750,"100 מ""ל",false,0,19.90,2.65,true,1,8712561646024
8714100730003,false,מים מיסלרים מזינים לעור רגיל או יבש,דאב Dove,,מים מיסלרים מזינים לעור רגיל או יבש,מליליטרים,240,"100 מ""ל",false,0,19.90,8.29,true,1,8714100730003
8714207441000,false,פאמיוואש - תחליב שטיפה אינטימית,מולטי-ג׳ין Multi-Gyn,,פאמיוואש - תחליב שטיפה אינטימית,מליליטרים,100,"100 מ""ל",false,0,49.90,49.90,true,1,8714207441000
8714207452501,false,פלורה פלוס - לטיפול ומניעה של פטרת הנרתיק,מולטי-ג׳ין Multi-Gyn,,פלורה פלוס - לטיפול ומניעה של פטרת הנרתיק,יחידות,5,יחידה,false,0,69.90,13.98,true,1,8714207452501
8714599104316,false,קפה שחור,ג'ייקובס Jacobs,,קפה שחור,גרמים,200,100 גרם,false,0,14.90,7.45,true,1,8714599104316
8714599104330,false,קפה טורקי שחור,ג'ייקובס Jacobs,,קפה טורקי שחור,גרמים,85,100 גרם,false,0,6.90,8.12,true,1,8714599104330
8714599410806,false,קפה נמס קרוננג בשקית עם סגירה חוזרת,ג'ייקובס Jacobs,,קפה נמס קרוננג בשקית עם סגירה חוזרת,גרמים,160,100 גרם,false,0,17.90,11.19,true,1,8714599410806
8714599412336,false,קפה נמס בריסטה אמריקנו בתוספת קפה קלוי וטחון,ג'ייקובס Jacobs,,קפה נמס בריסטה אמריקנו בתוספת קפה קלוי וטחון,גרמים,160,100 גרם,false,0,27.90,17.44,true,1,8714599412336
8714599513781,false,קפה נמס מגורען גולד Gold,ג'ייקובס Jacobs,,קפה נמס מגורען גולד Gold,גרמים,200,100 גרם,false,0,29.90,14.95,true,1,8714599513781
8714599513835,false,קפה נמס קרוננג נטול קפאין,ג'ייקובס Jacobs,,קפה נמס קרוננג נטול קפאין,גרמים,200,100 גרם,false,0,32.90,16.45,true,1,8714599513835
8714599513866,false,קפה נמס מגורען,ג'ייקובס Jacobs,,קפה נמס מגורען,גרמים,200,100 גרם,false,0,29.90,14.95,true,1,8714599513866
8714789177229,false,מברשת שיניים אקסטרה קלין מדיום - מארז רביעיה,קולגייט Colgate,,מברשת שיניים אקסטרה קלין מדיום - מארז רביעיה,יחידות,4,יחידה,false,0,14.90,3.73,true,1,8714789177229
8714789218465,false,מברשת שיניים 360 סופט - מארז זוג,קולגייט Colgate,,מברשת שיניים 360 סופט - מארז זוג,יחידות,2,יחידה,false,0,24.90,16.45,true,1,8714789218465
8714789303925,false,מברשת שיניים 360 Sensitive אקסטרא סופט - מארז זוג,קולגייט Colgate,,מברשת שיניים 360 Sensitive אקסטרא סופט - מארז זוג,יחידות,2,יחידה,false,0,24.90,14.95,true,1,8714789303925
8714789402918,false,נוזל לניקוי כללי ולרצפה בניחוח פרחי בר,אג'קס Ajax,,נוזל לניקוי כללי ולרצפה בניחוח פרחי בר,ליטרים,2,ליטר,false,0,19.90,13.27,true,1,8714789402918
8714789402932,false,נוזל לניקוי כללי ולרצפה בניחוח ורדים,אג'קס Ajax,,נוזל לניקוי כללי ולרצפה בניחוח ורדים,ליטרים,2,ליטר,false,0,19.90,13.27,true,1,8714789402932
8714789402970,false,נוזל לניקוי כללי ולרצפה בניחוח פרחי אביב,אג'קס Ajax,,נוזל לניקוי כללי ולרצפה בניחוח פרחי אביב,ליטרים,2,ליטר,false,0,19.90,13.27,true,1,8714789402970
8714789450315,false,נוזל כלים בניחוח פריחת הלימון,פלמוליב Palmolive,,נוזל כלים בניחוח פריחת הלימון,ליטרים,2,ליטר,false,0,15.90,10.60,true,1,8714789450315
8714789529561,false,משחת שיניים סנסטיב להלבנה Pro Relief,קולגייט Colgate,,משחת שיניים סנסטיב להלבנה Pro Relief,מליליטרים,75,"100 מ""ל",false,0,24.90,33.20,true,1,8714789529561
8714789582764,false,אג'קס ספריי לניקוי חלונות ומשטחים,אג'קס Ajax,,אג'קס ספריי לניקוי חלונות ומשטחים,מליליטרים,750,"100 מ""ל",false,0,14.90,1.99,true,1,8714789582764
8714789797786,false,נוזל כלים 4 ב- 1 מסיר כתמי אוכל,פלמוליב Palmolive,,נוזל כלים 4 ב- 1 מסיר כתמי אוכל,מליליטרים,750,"100 מ""ל",false,0,9.90,1.59,true,1,8714789797786
8714789831275,false,מברשת שיניים 360 אופטיק וויט - מארז זוג,קולגייט Colgate,,מברשת שיניים 360 אופטיק וויט - מארז זוג,יחידות,2,יחידה,false,0,24.90,16.45,true,1,8714789831275
8714789834467,false,נוזל כלים קלאסי,פלמוליב Palmolive,,נוזל כלים קלאסי,ליטרים,2,ליטר,false,0,15.90,10.60,true,1,8714789834467
8714789930848,false,משחת שיניים אופטיק וויט Optic white,קולגייט Colgate,,משחת שיניים אופטיק וויט Optic white,מליליטרים,75,"100 מ""ל",false,0,19.90,26.53,true,1,8714789930848
8715035150300,false,רוטב סויה ללא גלוטן,קיקומן,,רוטב סויה ללא גלוטן,מליליטרים,250,"100 מ""ל",false,0,19.90,7.96,true,1,8715035150300
8715700110141,false,ממרח היינץ,היינץ Heinz,,ממרח היינץ,גרמים,460,100 גרם,false,0,11.90,2.59,true,1,8715700110141
8715700110158,false,ממרח היינץ במרקם קרמי,היינץ Heinz,,ממרח היינץ במרקם קרמי,גרמים,490,100 גרם,false,0,11.90,2.43,true,1,8715700110158
8715700115641,false,ממרח במרקם קרמי בקבוק לחיץ,היינץ Heinz,,ממרח במרקם קרמי בקבוק לחיץ,גרמים,420,100 גרם,false,0,14.90,3.55,true,1,8715700115641
8715700117805,false,מתבל עגבניות היינץ ללא תוספת סוכר ומלח,היינץ Heinz,,מתבל עגבניות היינץ ללא תוספת סוכר ומלח,גרמים,425,100 גרם,false,0,11.90,2.80,true,1,8715700117805
8715700120874,false,מתבל עגבניות היינץ בתוספת שום,היינץ Heinz,,מתבל עגבניות היינץ בתוספת שום,גרמים,460,100 גרם,false,0,12.90,2.80,true,1,8715700120874
8715700419695,false,רוטב ברביקיו מתוק,היינץ Heinz,,רוטב ברביקיו מתוק,גרמים,500,100 גרם,false,0,12.90,2.58,true,1,8715700419695
8715700419732,false,מתבל עגבניות,היינץ Heinz,,מתבל עגבניות,גרמים,700,100 גרם,false,0,11.90,1.70,true,1,8715700419732
8715700421322,false,רוטב ברביקיו עם צ'ילי,היינץ Heinz,,רוטב ברביקיו עם צ'ילי,גרמים,490,100 גרם,false,0,12.90,2.63,true,1,8715700421322
8715700422473,false,ממרח ללא חומרים משמרים בקבוק לחיץ,היינץ Heinz,,ממרח ללא חומרים משמרים בקבוק לחיץ,גרמים,395,100 גרם,false,0,14.90,3.77,true,1,8715700422473
8715700423906,false,מתבל עגבניות מופחת סוכר ונתרן,היינץ Heinz,,מתבל עגבניות מופחת סוכר ונתרן,גרמים,555,100 גרם,false,0,11.90,2.14,true,1,8715700423906
8717163647226,false,דאודורנט בודי ספריי Black,אקס Axe,,דאודורנט בודי ספריי Black,מליליטרים,150,"100 מ""ל",false,0,14.90,9.93,true,1,8717163647226
8717163647240,false,דאודורנט בודי ספריי Dark Temptation,אקס Axe,,דאודורנט בודי ספריי Dark Temptation,מליליטרים,150,"100 מ""ל",false,0,14.90,9.93,true,1,8717163647240
8717163648667,false,ג'ל רחצה Ice Chill לגוף ולשיער,אקס Axe,,ג'ל רחצה Ice Chill לגוף ולשיער,מליליטרים,400,"100 מ""ל",false,0,15.90,3.98,true,1,8717163648667
8717163655764,false,דאודורנט ספריי שאוור פרש,רקסונה Rexona,,דאודורנט ספריי שאוור פרש,מליליטרים,150,"100 מ""ל",false,0,13.90,9.27,true,1,8717163655764
8717163655825,false,דאודורנט ספריי קוטון דריי,רקסונה Rexona,,דאודורנט ספריי קוטון דריי,מליליטרים,150,"100 מ""ל",false,0,13.90,9.27,true,1,8717163655825
8717163658314,false,תחליב רחצה מים מיסלריים היפואלרגני לעור רגיש,דאב Dove,,תחליב רחצה מים מיסלריים היפואלרגני לעור רגיש,מליליטרים,500,"100 מ""ל",false,0,16.90,3.38,true,1,8717163658314
8717163842669,false,תחליב רחצה חימר ירוק,דאב Dove,,תחליב רחצה חימר ירוק,מליליטרים,500,"100 מ""ל",false,0,16.90,3.38,true,1,8717163842669
8717163842676,false,תחליב רחצה חימר ורוד,דאב Dove,,תחליב רחצה חימר ורוד,מליליטרים,500,"100 מ""ל",false,0,16.90,3.38,true,1,8717163842676
8717163947692,false,ג'ל רחצה ווילד Wild פינק פפר,אקס Axe,,ג'ל רחצה ווילד Wild פינק פפר,מליליטרים,400,"100 מ""ל",false,0,15.90,3.98,true,1,8717163947692
8717344390026,false,ריזאלטס סטופ - משמיד כינים וביצי כינים,אלקון Alcon,,ריזאלטס סטופ - משמיד כינים וביצי כינים,מליליטרים,100,"100 מ""ל",false,0,74.90,74.90,true,1,8717344390026
8717644390566,false,סבון מוצק Go fresh - מארז רביעיה,דאב Dove,,סבון מוצק Go fresh - מארז רביעיה,גרמים,400,100 גרם,false,4,18.90,4.73,true,1,8717644390566
8717677336593,false,שוקולד חלב,טוניס Tony's,,שוקולד חלב,גרמים,180,100 גרם,false,0,17.90,9.94,true,1,8717677336593
8717677336616,false,שוקולד מריר עם שקדים ומלח,טוניס Tony's,,שוקולד מריר עם שקדים ומלח,גרמים,180,100 גרם,false,0,17.90,9.94,true,1,8717677336616
8717677336630,false,שוקולד חלב עם שקדים ודבש,טוניס Tony's,,שוקולד חלב עם שקדים ודבש,גרמים,180,100 גרם,false,0,17.90,9.94,true,1,8717677336630
8717677336661,false,שוקולד מריר 70%,טוניס Tony's,,שוקולד מריר 70%,גרמים,180,100 גרם,false,0,17.90,9.94,true,1,8717677336661
8717677338436,false,שוקולד חלב עם אגוזי לוז קצוצים,טוניס Tony's,,שוקולד חלב עם אגוזי לוז קצוצים,גרמים,180,100 גרם,false,0,17.90,9.94,true,1,8717677338436
8718114734484,false,מיונז,MAILLE,,מיונז,גרמים,320,100 גרם,false,0,11.90,4.97,true,1,8718114734484
8718117607662,false,נוטרילון A.R תרכובת מזון מגיל לידה,נוטרילון Nutrilon,,נוטרילון A.R תרכובת מזון מגיל לידה,גרמים,900,100 גרם,false,0,99.90,11.10,true,1,8718117607662
8718692610828,false,שלושה בקבוקים להגזה 1 ליטר,סודהסטרים sodastream,,שלושה בקבוקים להגזה 1 ליטר,יחידות,3,יחידה,false,0,49.90,16.63,true,1,8718692610828
8718692619456,false,בר משקאות ספיריט לבן+ בקבוק 1 ל' ומיכל הגזה 60 ל',סודהסטרים sodastream,,בר משקאות ספיריט לבן+ בקבוק 1 ל' ומיכל הגזה 60 ל',,0,,false,0,499.00,0.00,true,1,8718692619456
8718692619463,false,בר משקאות ספיריט שחור+ בקבוק 1 ל' ומיכל הגזה 60 ל',סודהסטרים sodastream,,בר משקאות ספיריט שחור+ בקבוק 1 ל' ומיכל הגזה 60 ל',,0,,false,0,499.00,0.00,true,1,8718692619463
8718951001589,false,ספריי מסיר שומנים למטבח,אג'קס Ajax,,ספריי מסיר שומנים למטבח,מליליטרים,600,"100 מ""ל",false,0,14.90,2.48,true,1,8718951001589
8718951001596,false,ספריי לניקוי אמבטיה מסיר אבנית,אג'קס Ajax,,ספריי לניקוי אמבטיה מסיר אבנית,מליליטרים,600,"100 מ""ל",false,0,14.90,2.48,true,1,8718951001596
8718951001602,false,ספריי לניקוי כללי,אג'קס Ajax,,ספריי לניקוי כללי,מליליטרים,600,"100 מ""ל",false,0,14.90,2.48,true,1,8718951001602
8718951030169,false,משחת שיניים Sensifoam לשיניים רגישות ולהלבנה,קולגייט Colgate,,משחת שיניים Sensifoam לשיניים רגישות ולהלבנה,מליליטרים,75,"100 מ""ל",false,0,19.90,26.53,true,1,8718951030169
8718951030206,false,משחת שיניים סנסיטיב מולטי פרוטקשן,קולגייט Colgate,,משחת שיניים סנסיטיב מולטי פרוטקשן,מליליטרים,75,"100 מ""ל",false,0,19.90,26.53,true,1,8718951030206
8718951048669,false,אג'קס ספריי לניקוי חלונות בניחוח חגיגת הפרחים,אג'קס Ajax,,אג'קס ספריי לניקוי חלונות בניחוח חגיגת הפרחים,מליליטרים,750,"100 מ""ל",false,0,14.90,1.99,true,1,8718951048669
8718951079205,false,משחת שיניים סנסטיב Pro Relief,קולגייט Colgate,,משחת שיניים סנסטיב Pro Relief,מליליטרים,75,"100 מ""ל",false,0,24.90,33.20,true,1,8718951079205
8718951093331,false,מברשת שיניים עדינה במיוחד- מארז זוג,מרידול Meridol,,מברשת שיניים עדינה במיוחד- מארז זוג,יחידות,2,יחידה,false,0,34.90,17.45,true,1,8718951093331
8718951144064,false,זוג מברשות שיניים רך במיוחד,מרידול Meridol,,זוג מברשות שיניים רך במיוחד,יחידות,2,יחידה,false,0,34.90,17.45,true,1,8718951144064
8718951159808,false,מברשות שיניים 360 מדיום- מארז שלישייה,קולגייט Colgate,,מברשות שיניים 360 מדיום- מארז שלישייה,יחידות,3,יחידה,false,0,29.90,9.97,true,1,8718951159808
8718951160897,false,תרסיס ניקוי אופטימל 7 מכיל אקונומיקה,אג'קס Ajax,,תרסיס ניקוי אופטימל 7 מכיל אקונומיקה,מליליטרים,500,"100 מ""ל",false,0,14.90,2.98,true,1,8718951160897
8718951166288,false,משחת שיניים Max White קריסטלים לבנים,קולגייט Colgate,,משחת שיניים Max White קריסטלים לבנים,גרמים,125,100 גרם,false,0,19.90,15.92,true,1,8718951166288
8718951166561,false,משחת שיניים לרעננות מוגברת max fresh cooling crystals,קולגייט Colgate,,משחת שיניים לרעננות מוגברת max fresh cooling crystals,גרמים,125,100 גרם,false,0,19.90,15.92,true,1,8718951166561
8718951167094,false,נוזל כלים תפוז וליים,פלמוליב Palmolive,,נוזל כלים תפוז וליים,ליטרים,1,ליטר,false,0,13.90,13.90,true,1,8718951167094
8718951175280,false,משחת שיניים פרו ויזיבל אקשן Pro Visible Action,קולגייט Colgate,,משחת שיניים פרו ויזיבל אקשן Pro Visible Action,מליליטרים,75,"100 מ""ל",false,0,19.90,26.53,true,1,8718951175280
8718951175631,false,משחת שיניים קולגייט טוטאל Pro Gum Health,קולגייט Colgate,,משחת שיניים קולגייט טוטאל Pro Gum Health,מליליטרים,75,"100 מ""ל",false,0,19.90,26.53,true,1,8718951175631
8718951187115,false,זוג מברשות שיניים אלמקס לילדים גילאי 3-6,אלמקס,,זוג מברשות שיניים אלמקס לילדים גילאי 3-6,יחידות,2,יחידה,false,0,19.90,11.45,true,1,8718951187115
8718951187122,false,זוג מברשות שיניים אלמקס לילדים גילאי 0-3,אלמקס,,זוג מברשות שיניים אלמקס לילדים גילאי 0-3,יחידות,2,יחידה,false,0,19.90,11.45,true,1,8718951187122
8718951236790,false,משחת שיניים קולגייט טוטאל Clean Mint,קולגייט Colgate,,משחת שיניים קולגייט טוטאל Clean Mint,מליליטרים,100,"100 מ""ל",false,0,16.90,16.90,true,1,8718951236790
8718951236806,false,משחת שיניים קולגייט טוטאל Advanced Whitening,קולגייט Colgate,,משחת שיניים קולגייט טוטאל Advanced Whitening,מליליטרים,100,"100 מ""ל",false,0,16.90,16.90,true,1,8718951236806
8718951236813,false,משחת שיניים אדבנס קלין Advanced Clean,קולגייט Colgate,,משחת שיניים אדבנס קלין Advanced Clean,מליליטרים,100,"100 מ""ל",false,0,16.90,16.90,true,1,8718951236813
8718951240742,false,משחת שיניים קולגייט טוטאל Fresh Stripes,קולגייט Colgate,,משחת שיניים קולגייט טוטאל Fresh Stripes,מליליטרים,100,"100 מ""ל",false,0,16.90,16.90,true,1,8718951240742
8718951254527,false,משחת שיניים רגישות פרו רליף חוזק מוגבר,קולגייט Colgate,,משחת שיניים רגישות פרו רליף חוזק מוגבר,מליליטרים,75,"100 מ""ל",false,0,24.90,33.20,true,1,8718951254527
8718951264618,false,משחת שיניים קולגייט אופטיק וויט פחם,קולגייט Colgate,,משחת שיניים קולגייט אופטיק וויט פחם,מליליטרים,75,"100 מ""ל",false,0,29.90,39.87,true,1,8718951264618
8718951265103,false,זוג מברשות שיניים אולטרה סופט,קולגייט Colgate,,זוג מברשות שיניים אולטרה סופט,יחידות,2,יחידה,false,0,29.90,14.95,true,1,8718951265103
8718951281738,false,אלמקס סנסיטיב משחה לשיניים רגישות,אלמקס,,אלמקס סנסיטיב משחה לשיניים רגישות,מליליטרים,75,"100 מ""ל",false,0,18.90,25.20,true,1,8718951281738
8718951286733,false,משחת שיניים קולגייט לסטינג וויט,קולגייט Colgate,,משחת שיניים קולגייט לסטינג וויט,מליליטרים,75,"100 מ""ל",false,0,29.90,39.87,true,1,8718951286733
8718951289833,false,סבון מוצק לומינוס שקדים,פלמוליב Palmolive,,סבון מוצק לומינוס שקדים,גרמים,360,100 גרם,false,0,16.90,4.69,true,1,8718951289833
8718951313927,false,סבון ידיים מועשר בחימר ושמן אקליפטוס,פלמוליב Palmolive,,סבון ידיים מועשר בחימר ושמן אקליפטוס,מליליטרים,300,"100 מ""ל",false,0,10.90,3.63,true,1,8718951313927
8718951315303,false,משחת שיניים קולגייט הגנה מקסימלית - מארז זוג,קולגייט Colgate,,משחת שיניים קולגייט הגנה מקסימלית - מארז זוג,מליליטרים,200,"100 מ""ל",false,2,17.90,10.45,true,1,8718951315303
8718951319806,false,ג'ל רחצה ושמפו 2 ב-1 לגבר מרענן,פלמוליב Palmolive,,ג'ל רחצה ושמפו 2 ב-1 לגבר מרענן,מליליטרים,750,"100 מ""ל",false,0,17.90,2.65,true,1,8718951319806
8718951334090,false,מרכך כביסה מרוכז אאוטדור פרש,סופלין Soupline,,מרכך כביסה מרוכז אאוטדור פרש,מליליטרים,650,"100 מ""ל",false,0,10.90,1.68,true,1,8718951334090
8718951334120,false,מרכך כביסה מרוכז לבנדר,סופלין Soupline,,מרכך כביסה מרוכז לבנדר,מליליטרים,650,"100 מ""ל",false,0,10.90,1.68,true,1,8718951334120
8718951338364,false,ספריי ניקוי אנטיבקטריאלי בניחוח תפוח,אג'קס Ajax,,ספריי ניקוי אנטיבקטריאלי בניחוח תפוח,מליליטרים,500,"100 מ""ל",false,0,14.90,2.98,true,1,8718951338364
8718951345119,false,ניקוי כללי עוצמת ה7 היביסקוס,אג'קס Ajax,,ניקוי כללי עוצמת ה7 היביסקוס,ליטרים,2,ליטר,false,0,22.90,11.45,true,1,8718951345119
8718951354807,false,נוזל לניקוי רצפות בניחוח יסמין,אג'קס Ajax,,נוזל לניקוי רצפות בניחוח יסמין,ליטרים,2,ליטר,false,0,19.90,13.27,true,1,8718951354807
8718951370135,false,ג'ל רחצה ארומה סנסיישן גלואו,פלמוליב Palmolive,,ג'ל רחצה ארומה סנסיישן גלואו,מליליטרים,750,"100 מ""ל",false,0,17.90,2.65,true,1,8718951370135
8718951377998,false,מברשת שיניים סופט פואם סיבים רכים,קולגייט Colgate,,מברשת שיניים סופט פואם סיבים רכים,יחידות,2,יחידה,false,0,24.90,14.95,true,1,8718951377998
8718951381292,false,משחת שיניים מקס דיטוקס פואם נשימה רעננה,קולגייט Colgate,,משחת שיניים מקס דיטוקס פואם נשימה רעננה,גרמים,125,100 גרם,false,0,19.90,15.92,true,1,8718951381292
8718951382640,false,ג'ל רחצה עם חימר ותמצית אלוורה,פלמוליב Palmolive,,ג'ל רחצה עם חימר ותמצית אלוורה,מליליטרים,750,"100 מ""ל",false,0,19.90,2.65,true,1,8718951382640
8718951382664,false,ג'ל רחצה חימר טונוס,פלמוליב Palmolive,,ג'ל רחצה חימר טונוס,מליליטרים,750,"100 מ""ל",false,0,19.90,2.65,true,1,8718951382664
8718951382718,false,ג'ל רחצה עם חימר ושמן ורדים,פלמוליב Palmolive,,ג'ל רחצה עם חימר ושמן ורדים,מליליטרים,750,"100 מ""ל",false,0,17.90,2.65,true,1,8718951382718
8718951382787,false,משחת שיניים קולגייט אופטיק וייט חימר ומינרלים,קולגייט Colgate,,משחת שיניים קולגייט אופטיק וייט חימר ומינרלים,מליליטרים,75,"100 מ""ל",false,0,29.90,39.87,true,1,8718951382787
8718951385290,false,נוזל לניקוי כללי ורצפות,אג'קס Ajax,,נוזל לניקוי כללי ורצפות,ליטרים,2,ליטר,false,0,22.90,11.45,true,1,8718951385290
8718951391253,false,נוזל אנטיבקטריאלי לניקוי כללי ורצפות,אג'קס Ajax,,נוזל אנטיבקטריאלי לניקוי כללי ורצפות,ליטרים,2,ליטר,false,0,21.90,14.60,true,1,8718951391253
8718951391284,false,נוזל אנטיבקטריאלי לניקוי כללי ורצפות רעננות הים,אג'קס Ajax,,נוזל אנטיבקטריאלי לניקוי כללי ורצפות רעננות הים,ליטרים,2,ליטר,false,0,21.90,14.60,true,1,8718951391284
8718951391314,false,טריגר אנטיבקטריאלי,אג'קס Ajax,,טריגר אנטיבקטריאלי,מליליטרים,500,"100 מ""ל",false,0,14.90,2.98,true,1,8718951391314
8718951400474,false,תחליב רחצה נטורלס קמיליה ושקדים,פלמוליב Palmolive,,תחליב רחצה נטורלס קמיליה ושקדים,מליליטרים,750,"100 מ""ל",false,0,19.90,2.65,true,1,8718951400474
8718951400597,false,תחליב רחצה קוקוס וחלב,פלמוליב Palmolive,,תחליב רחצה קוקוס וחלב,מליליטרים,750,"100 מ""ל",false,0,19.90,2.65,true,1,8718951400597
8718951409798,false,מברשות מקס וייט פחם,קולגייט Colgate,,מברשות מקס וייט פחם,יחידות,2,יחידה,false,0,24.90,16.45,true,1,8718951409798
8718951412378,false,משחת שיניים לחניכיים רגישות ולנשימה רעננה,מרידול Meridol,,משחת שיניים לחניכיים רגישות ולנשימה רעננה,גרמים,75,100 גרם,false,0,25.90,34.53,true,1,8718951412378
8718951415836,false,פלאקס שטיפת פה פחם,קולגייט Colgate,,פלאקס שטיפת פה פחם,גרמים,500,100 גרם,false,0,24.90,5.98,true,1,8718951415836
8718951433120,false,משחת שיניים טוטאל לגילאי 7-12,קולגייט Colgate,,משחת שיניים טוטאל לגילאי 7-12,מליליטרים,50,"100 מ""ל",false,0,16.90,33.80,true,1,8718951433120
8718951470323,false,מברשת שיניים סופט פואם,קולגייט Colgate,,מברשת שיניים סופט פואם,יחידות,2,יחידה,false,0,24.90,14.95,true,1,8718951470323
8718951477384,false,משחת שיניים קולגייט טוטאל ג'ל Purifying Gel,קולגייט Colgate,,משחת שיניים קולגייט טוטאל ג'ל Purifying Gel,מליליטרים,75,"100 מ""ל",false,0,19.90,26.53,true,1,8718951477384
8718951498754,false,מברשת שיניים פלקסי פחם,קולגייט Colgate,,מברשת שיניים פלקסי פחם,יחידות,6,יחידה,false,0,17.90,2.98,true,1,8718951498754
8718951509627,false,"משחת שיניים אופטיק וויט לאוהבי קפה,תה ולמעשנים",קולגייט Colgate,,"משחת שיניים אופטיק וויט לאוהבי קפה,תה ולמעשנים",מליליטרים,75,"100 מ""ל",false,0,29.90,39.87,true,1,8718951509627
8719128110332,false,סירופ Xtream בטעם משקה אנרגיה,סודהסטרים sodastream,,סירופ Xtream בטעם משקה אנרגיה,מליליטרים,500,"100 מ""ל",false,0,19.90,3.98,true,1,8719128110332
8719128110349,false,סירופ בטעם פטל ופירות יער,סודהסטרים sodastream,,סירופ בטעם פטל ופירות יער,מליליטרים,500,"100 מ""ל",false,0,19.90,3.98,true,1,8719128110349
8719200998001,false,מרגרינה בלו בנד ללא תוספת מלח,בלו בנד,,מרגרינה בלו בנד ללא תוספת מלח,גרמים,200,100 גרם,false,0,4.30,2.15,true,1,8719200998001
8719200998018,false,מחמאה מרגרינה בלו בנד בטעם חמאה,בלו בנד,,מחמאה מרגרינה בלו בנד בטעם חמאה,גרמים,200,100 גרם,false,0,4.60,2.30,true,1,8719200998018
8719200998032,false,מרגרינה מזולה בטעם חמאה,מזולה Mazola,,מרגרינה מזולה בטעם חמאה,גרמים,250,100 גרם,false,0,10.90,4.36,true,1,8719200998032
8719200998049,false,מרגרינה מזולה בטעם טבעי,מזולה Mazola,,מרגרינה מזולה בטעם טבעי,גרמים,250,100 גרם,false,0,9.90,3.96,true,1,8719200998049
8719200998094,false,מרגרינה מזולה בטעם טבעי ללא תוספת מלח,מזולה Mazola,,מרגרינה מזולה בטעם טבעי ללא תוספת מלח,גרמים,200,100 גרם,false,0,6.90,3.45,true,1,8719200998094
8719200998100,false,מרגרינה בטעם חמאה לאפייה,מזולה Mazola,,מרגרינה בטעם חמאה לאפייה,גרמים,200,100 גרם,false,0,6.90,3.45,true,1,8719200998100
8720181046605,false,דאודורנט ספריי אורגינל,דאב Dove,,דאודורנט ספריי אורגינל,מליליטרים,150,"100 מ""ל",false,0,17.90,11.93,true,1,8720181046605
8720181046612,false,דאודורנט רול און אורגינל,דאב Dove,,דאודורנט רול און אורגינל,מליליטרים,50,"100 מ""ל",false,0,17.90,35.80,true,1,8720181046612
8720181090219,false,תחליב רחצה רימונים ותמצית פרח היביסקוס,דאב Dove,,תחליב רחצה רימונים ותמצית פרח היביסקוס,מליליטרים,750,"100 מ""ל",false,0,19.90,2.65,true,1,8720181090219
8720181123955,false,ג'ל רחצה ריצ'ארג',אקס Axe,,ג'ל רחצה ריצ'ארג',מליליטרים,400,"100 מ""ל",false,0,15.90,3.98,true,1,8720181123955
8723400756552,false,מארז סוכריות מנטוס Mentos ריינבואו,מנטוס Mentos,,מארז סוכריות מנטוס Mentos ריינבואו,גרמים,150,100 גרם,false,4,10.90,7.27,true,1,8723400756552
8723400782544,false,סוכריות לעיסה בטעם מנטה,מנטוס Mentos,,סוכריות לעיסה בטעם מנטה,גרמים,160,100 גרם,false,0,7.90,4.94,true,1,8723400782544
8723400793922,false,סוכריות לעיסה בטעם דובדבן,מנטוס Mentos,,סוכריות לעיסה בטעם דובדבן,גרמים,150,100 גרם,false,0,10.90,7.27,true,1,8723400793922
8801055706440,false,מנות אישיות קפה נמס טייסטרס צ'ויס Taster's Choice,נסקפה Nescafe,,מנות אישיות קפה נמס טייסטרס צ'ויס Taster's Choice,גרמים,36,100 גרם,false,20,12.90,35.83,true,1,8801055706440
8801055707966,false,קפה נמס טייסטרס צ'ויס בריסטה,נסקפה Nescafe,,קפה נמס טייסטרס צ'ויס בריסטה,גרמים,180,100 גרם,false,0,29.90,19.39,true,1,8801055707966
8801055709427,false,נסקפה טייסטרס צ'ויס אלטה ריקה,נסקפה Nescafe,,נסקפה טייסטרס צ'ויס אלטה ריקה,גרמים,100,100 גרם,false,0,16.90,24.90,true,1,8801055709427
8801055709434,false,נסקפה טייסטרס צ'ויס קולומביה,נסקפה Nescafe,,נסקפה טייסטרס צ'ויס קולומביה,גרמים,100,100 גרם,false,0,16.90,24.90,true,1,8801055709434
8801055709458,false,אבקה להכנת משקה קפה בטעם קפוצ'ינו קרמל,נסקפה Nescafe,,אבקה להכנת משקה קפה בטעם קפוצ'ינו קרמל,גרמים,170,100 גרם,false,0,21.90,12.88,true,1,8801055709458
8801055709465,false,אבקה להכנת משקה קפה בטעם קפוצ'ינו וניל,נסקפה Nescafe,,אבקה להכנת משקה קפה בטעם קפוצ'ינו וניל,גרמים,185,100 גרם,false,0,21.90,11.84,true,1,8801055709465
8801055709472,false,אבקה להכנת משקה קפה בטעם קפוצ'ינו,נסקפה Nescafe,,אבקה להכנת משקה קפה בטעם קפוצ'ינו,גרמים,125,100 גרם,false,0,21.90,17.52,true,1,8801055709472
8801055709489,false,אבקה להכנת משקה קפה בטעם קפוצ'ינו אגוזים,נסקפה Nescafe,,אבקה להכנת משקה קפה בטעם קפוצ'ינו אגוזים,גרמים,180,100 גרם,false,0,21.90,12.17,true,1,8801055709489
8801055709526,false,אבקה להכנת משקה קפה בטעם קפוצ'ינו שוקולד לבן,נסקפה Nescafe,,אבקה להכנת משקה קפה בטעם קפוצ'ינו שוקולד לבן,גרמים,180,100 גרם,false,0,21.90,12.17,true,1,8801055709526
8802241131664,false,חטיף אצות קלויות עם מלח ים Laverland Crunch,טעמי אסיה Taste of Asia,,חטיף אצות קלויות עם מלח ים Laverland Crunch,גרמים,41,100 גרם,false,0,24.90,61.48,true,1,8802241131664
8802946006564,false,דבק גליטר - מארז 5 צבעים,AMOS,,דבק גליטר - מארז 5 צבעים,יחידות,1,יחידה,false,0,9.90,9.90,true,1,8802946006564
8802946007219,false,דבק גליטר צבעי נאון - מארז 5 צבעים,AMOS,,דבק גליטר צבעי נאון - מארז 5 צבעים,יחידות,1,יחידה,false,0,9.90,9.90,true,1,8802946007219
8802946018086,false,"דבק לכל מטרה (30 מ""ל)",AMOS,,"דבק לכל מטרה (30 מ""ל)",,0,,false,0,6.90,0.00,true,1,8802946018086
8809302288497,false,קופסת אחסון 1 ל' TRITAN אדום,Food appeal,,קופסת אחסון 1 ל' TRITAN אדום,,0,,false,0,22.90,0.00,true,1,8809302288497
8809302288503,false,קופסת אחסון 1.4 ל' TRITAN כתום,Food appeal,,קופסת אחסון 1.4 ל' TRITAN כתום,,0,,false,0,24.90,0.00,true,1,8809302288503
8809302289425,false,קופסת אחסון 1.5 ל' TRITAN סגול,Food appeal,,קופסת אחסון 1.5 ל' TRITAN סגול,,0,,false,0,29.90,0.00,true,1,8809302289425
8850006331699,false,מארז מברשות שיניים סלים סופט - שלישייה,קולגייט Colgate,,מארז מברשות שיניים סלים סופט - שלישייה,יחידות,3,יחידה,false,0,29.90,9.97,true,1,8850006331699
8850006932964,false,מברשת שיניים קולגייט טוויסטר עם סיבים רכים,קולגייט Colgate,,מברשת שיניים קולגייט טוויסטר עם סיבים רכים,יחידות,5,יחידה,false,0,29.90,5.98,true,1,8850006932964
8850161167041,false,משקה קוקוס,קוקו וואי Cocoway,,משקה קוקוס,מליליטרים,270,"100 מ""ל",false,0,7.90,2.93,true,1,8850161167041
8850161167089,false,משקה קוקוס,קוקו וואי Cocoway,,משקה קוקוס,ליטרים,1,ליטר,false,0,14.90,15.90,true,1,8850161167089
8850372000472,false,מקלוני אטריות שעועית,טעמי אסיה Taste of Asia,,מקלוני אטריות שעועית,גרמים,200,100 גרם,false,0,8.90,4.45,true,1,8850372000472
8850389103111,false,משקה אלוורה בטעם ענבים,סאפה Sappe,,משקה אלוורה בטעם ענבים,מליליטרים,300,"100 מ""ל",false,0,6.50,2.17,true,1,8850389103111
8850389103128,false,משקה אלוורה בטעם תפוח,סאפה Sappe,,משקה אלוורה בטעם תפוח,מליליטרים,300,"100 מ""ל",false,0,6.50,2.17,true,1,8850389103128
8850389103159,false,משקה בטעם ליצ'י עם חתיכות ג'לי קוקוס,מוגו מוגו MOGU MOGU,,משקה בטעם ליצ'י עם חתיכות ג'לי קוקוס,מליליטרים,320,"100 מ""ל",false,0,6.90,2.16,true,1,8850389103159
8850389104637,false,משקה אלוורה בטעם אפרסק,סאפה Sappe,,משקה אלוורה בטעם אפרסק,מליליטרים,300,"100 מ""ל",false,0,6.50,2.17,true,1,8850389104637
8850389105825,false,משקה אלוורה בטעם ענבים,סאפה Sappe,,משקה אלוורה בטעם ענבים,ליטרים,1,ליטר,false,0,12.90,12.90,true,1,8850389105825
8850389105832,false,משקה אלוורה בטעם תפוחים,סאפה Sappe,,משקה אלוורה בטעם תפוחים,ליטרים,1,ליטר,false,0,12.90,12.90,true,1,8850389105832
8850389105849,false,משקה אלוורה בטעם אפרסק,סאפה Sappe,,משקה אלוורה בטעם אפרסק,ליטרים,1,ליטר,false,0,12.90,12.90,true,1,8850389105849
8850389111352,false,משקה בטעם מלון עם חתיכות ג'לי קוקוס,מוגו מוגו MOGU MOGU,,משקה בטעם מלון עם חתיכות ג'לי קוקוס,מליליטרים,320,"100 מ""ל",false,0,6.90,2.16,true,1,8850389111352
8850389115312,false,משקה אלוורה בטעם מלון,סאפה Sappe,,משקה אלוורה בטעם מלון,מליליטרים,300,"100 מ""ל",false,0,5.90,2.17,true,1,8850389115312
8850389115336,false,משקה אלוורה בטעם מלון,סאפה Sappe,,משקה אלוורה בטעם מלון,ליטרים,1,ליטר,false,0,12.90,12.90,true,1,8850389115336
8850632604259,false,חיספוסים ממתק בטעם תות שדה בצורת מקלות,יוגטה yogueta,,חיספוסים ממתק בטעם תות שדה בצורת מקלות,גרמים,50,100 גרם,false,0,4.90,9.80,true,1,8850632604259
8850632604266,false,חיספוסים ממתק בטעם קולה בצורת מקלות,יוגטה yogueta,,חיספוסים ממתק בטעם קולה בצורת מקלות,גרמים,50,100 גרם,false,0,4.90,9.80,true,1,8850632604266
8850632604372,false,חיספוסים ממתק בטעם תות שדה בצורת שטיח,יוגטה yogueta,,חיספוסים ממתק בטעם תות שדה בצורת שטיח,גרמים,50,100 גרם,false,0,4.90,9.80,true,1,8850632604372
8850632604402,false,חיספוסים ממתק בטעמי פירות בצורת שטיח,יוגטה yogueta,,חיספוסים ממתק בטעמי פירות בצורת שטיח,גרמים,50,100 גרם,false,0,4.90,9.80,true,1,8850632604402
8850632605201,false,חיספוסים ממתק בטעמי פירות בצורת שטיח,יוגטה yogueta,,חיספוסים ממתק בטעמי פירות בצורת שטיח,גרמים,50,100 גרם,false,0,4.90,9.80,true,1,8850632605201
8850632606390,false,חיספוסים ממתק חמוץ בטעם אבטיח בצורת שטיח,יוגטה yogueta,,חיספוסים ממתק חמוץ בטעם אבטיח בצורת שטיח,גרמים,50,100 גרם,false,0,4.90,9.80,true,1,8850632606390
8850851700381,false,ספוג לתינוק רך במיוחד,טוליפס Tulips,,ספוג לתינוק רך במיוחד,,0,,false,0,9.90,0.00,true,1,8850851700381
8851613101378,false,נוזל קוקוס לבישול,ארוי די AROY-D,,נוזל קוקוס לבישול,מליליטרים,250,"100 מ""ל",false,0,9.90,3.96,true,1,8851613101378
8852633119039,false,רוטב דגים,טעמי אסיה Taste of Asia,,רוטב דגים,גרמים,300,100 גרם,false,0,7.90,2.63,true,1,8852633119039
8854500010968,false,פלסטלינה רכה מאוד - 6 צבעים זוהרים,סירקה Sirka,,פלסטלינה רכה מאוד - 6 צבעים זוהרים,,0,,false,0,10.90,0.00,true,1,8854500010968
8854692000976,false,רוטב צ'ילי מתוק,ג'יי לק J-Lek,,רוטב צ'ילי מתוק,גרמים,700,100 גרם,false,0,10.90,1.56,true,1,8854692000976
8858744800057,false,מחית טום-יאם,טעמי אסיה Taste of Asia,,מחית טום-יאם,גרמים,30,100 גרם,false,0,5.90,19.67,true,1,8858744800057
8888021200126,false,סוללות אנרג'יזר מקס AA - מארז 4 יח',אנרג'יזר Energizer,,סוללות אנרג'יזר מקס AA - מארז 4 יח',יחידות,4,יחידה,false,0,16.90,4.23,true,1,8888021200126
8888021200256,false,סוללות AA,אנרג'יזר Energizer,,סוללות AA,יחידות,8,יחידה,false,0,22.90,2.86,true,1,8888021200256
8888021200720,false,סוללות AAA,אנרג'יזר Energizer,,סוללות AAA,יחידות,8,יחידה,false,0,22.90,2.86,true,1,8888021200720
8888351100073,false,טופו במרקם דחוס,יוניקורד Unicurd,,טופו במרקם דחוס,גרמים,300,100 גרם,false,0,10.90,3.63,true,1,8888351100073
8888351200070,false,טופו במרקם קשה,יוניקורד Unicurd,,טופו במרקם קשה,גרמים,400,100 גרם,false,0,15.90,3.98,true,1,8888351200070
8888757101506,false,100% שמן מזוכך משומשום קלוי,גורי מוצרי צריכה,,100% שמן מזוכך משומשום קלוי,מליליטרים,150,"100 מ""ל",false,0,11.90,7.93,true,1,8888757101506
8901138500306,false,משחת שיניים איורודית עם פלואוריד מן הטבע,הימלאיה Himalaya,,משחת שיניים איורודית עם פלואוריד מן הטבע,גרמים,100,100 גרם,false,0,17.90,19.90,true,1,8901138500306
8901138825577,false,משחת שיניים להגנה מושלמת,הימלאיה Himalaya,,משחת שיניים להגנה מושלמת,מליליטרים,75,"100 מ""ל",false,0,17.90,29.20,true,1,8901138825577
8901138825591,false,משחת שיניים מלבינה,הימלאיה Himalaya,,משחת שיניים מלבינה,מליליטרים,75,"100 מ""ל",false,0,17.90,29.20,true,1,8901138825591
8901537024014,false,אורז בסמטי,וילי פוד,,אורז בסמטי,קילוגרמים,1,"ק""ג",false,0,12.90,12.90,true,1,8901537024014
8938505846019,false,דפי אורז עגולים,סו שף Su Chef,,דפי אורז עגולים,גרמים,250,100 גרם,false,0,9.90,3.96,true,1,8938505846019
8997206332016,false,סוכר קוקוס אורגני Co Co Sugar,,,סוכר קוקוס אורגני Co Co Sugar,גרמים,454,100 גרם,false,0,21.90,4.82,true,1,8997206332016
9000100798709,false,דאודורנט רול און לגבר Attracation force,פה Fa,,דאודורנט רול און לגבר Attracation force,מליליטרים,50,"100 מ""ל",false,0,9.90,31.80,true,1,9000100798709
9000100806657,false,דאודורנט רול און ספורט Sport Invisible Power 72h,פה Fa,,דאודורנט רול און ספורט Sport Invisible Power 72h,מליליטרים,50,"100 מ""ל",false,0,9.90,31.80,true,1,9000100806657
9000100843256,false,גליס תמציות שמן 6 פעולות Miracles Oil Essence,שוורצקוף Schwarzkopf,,גליס תמציות שמן 6 פעולות Miracles Oil Essence,מליליטרים,150,"100 מ""ל",false,0,21.90,19.93,true,1,9000100843256
9000101372878,false,קפסולות דיסקס לניקוי כביסה לבנה וצבעונית Deep Clean,פרסיל Persil,,קפסולות דיסקס לניקוי כביסה לבנה וצבעונית Deep Clean,יחידות,22,יחידה,false,0,34.90,1.59,true,1,9000101372878
9000101380255,false,פרסיל דיסקס נטרול ריחות,פרסיל Persil,,פרסיל דיסקס נטרול ריחות,יחידות,22,יחידה,false,0,34.90,1.59,true,1,9000101380255
9000101418163,false,סבון נתלה לאסלה בניחוח מתחלף תפוח - נופר,ברף Bref,,סבון נתלה לאסלה בניחוח מתחלף תפוח - נופר,גרמים,150,100 גרם,false,0,19.90,13.27,true,1,9000101418163
9000101511635,false,קפסולות ג'ל לכביסה פרסיל דיסקס לעור רגיש,פרסיל Persil,,קפסולות ג'ל לכביסה פרסיל דיסקס לעור רגיש,יחידות,22,יחידה,false,0,34.90,1.59,true,1,9000101511635
9000101512526,false,קפסולות פרסיל פאוור קאפס לכביסה לבנה וצבעונית,פרסיל Persil,,קפסולות פרסיל פאוור קאפס לכביסה לבנה וצבעונית,יחידות,26,יחידה,false,0,34.90,1.34,true,1,9000101512526
9000101520965,false,סבון נתלה לאסלה בניחוח מתחלף לוטוס - במבוק,ברף Bref,,סבון נתלה לאסלה בניחוח מתחלף לוטוס - במבוק,גרמים,150,100 גרם,false,0,19.90,13.27,true,1,9000101520965
9001616202117,false,זוג מוצצי סיליקון 0-6 חודשים Original,מאם Mam,,זוג מוצצי סיליקון 0-6 חודשים Original,,0,,false,0,34.90,0.00,true,1,9001616202117
9001616202131,false,זוג מוצצי סיליקון 0-6 חודשים Original,מאם Mam,,זוג מוצצי סיליקון 0-6 חודשים Original,,0,,false,0,34.90,0.00,true,1,9001616202131
9001616202155,false,זוג מוצצי סיליקון 16+ חודשים,מאם Mam,,זוג מוצצי סיליקון 16+ חודשים,,0,,false,0,34.90,0.00,true,1,9001616202155
9001616202186,false,"בקבוק לתינוק 330 מ""ל 4+ חודשים Easy Active",מאם Mam,,"בקבוק לתינוק 330 מ""ל 4+ חודשים Easy Active",,0,,false,0,34.90,0.00,true,1,9001616202186
9001616202360,false,זוג מוצצי סיליקון זוהר בחושך 6+ חודשים Original Night,מאם Mam,,זוג מוצצי סיליקון זוהר בחושך 6+ חודשים Original Night,,0,,false,0,34.90,0.00,true,1,9001616202360
9001616202988,false,זוג מוצצי סיליקון 6+ חודשים Air,מאם Mam,,זוג מוצצי סיליקון 6+ חודשים Air,,0,,false,0,34.90,0.00,true,1,9001616202988
9001616203305,false,זוג פטמות X לבקבוק 6+ חודשים,מאם Mam,,זוג פטמות X לבקבוק 6+ חודשים,יחידות,2,יחידה,false,0,24.90,12.45,true,1,9001616203305
9001616620065,false,זוג מוצצי סיליקון 6+חודשים Hebrew Sayings,מאם Mam,,זוג מוצצי סיליקון 6+חודשים Hebrew Sayings,,0,,false,0,34.90,0.00,true,1,9001616620065
9001616661099,false,"בקבוק לתינוק 270 מ""ל 2+ חודשים Easy Active",מאם Mam,,"בקבוק לתינוק 270 מ""ל 2+ חודשים Easy Active",,0,,false,0,34.90,0.00,true,1,9001616661099
9001616669903,false,"בקבוק לתינוק 160 מ""ל 0+ חודשים Easy Start",מאם Mam,,"בקבוק לתינוק 160 מ""ל 0+ חודשים Easy Start",,0,,false,0,34.90,0.00,true,1,9001616669903
9001616669927,false,"בקבוק לתינוק 260 מ""ל",מאם Mam,,"בקבוק לתינוק 260 מ""ל",,0,,false,0,34.90,0.00,true,1,9001616669927
9001616671579,false,זוג מוצצי סיליקון 0-6 חודשים Air,מאם Mam,,זוג מוצצי סיליקון 0-6 חודשים Air,,0,,false,0,34.90,0.00,true,1,9001616671579
9001616680991,false,"בקבוק אנטי קוליק 260 מ""ל - תכלת",מאם Mam,,"בקבוק אנטי קוליק 260 מ""ל - תכלת",,0,,false,0,34.90,0.00,true,1,9001616680991
9002490100490,false,מארז רביעיית פחיות רד בול,רד בול Red Bull,,מארז רביעיית פחיות רד בול,ליטרים,1,ליטר,false,4,21.90,21.90,true,1,9002490100490
9003400304939,false,בירה שטיגל חיטה,שטיגל Stiegl,,בירה שטיגל חיטה,מליליטרים,500,"100 מ""ל",false,0,11.90,2.38,true,1,9003400304939
9005835312718,false,מלח למדיח קלרו Claro,יעקבי,,מלח למדיח קלרו Claro,קילוגרמים,1,"ק""ג",false,0,9.90,14.90,true,1,9005835312718
9005835312732,false,נוזל הברקה למדיח קלרו Claro,יעקבי,,נוזל הברקה למדיח קלרו Claro,מליליטרים,500,"100 מ""ל",false,0,9.90,3.98,true,1,9005835312732
9005835312756,false,נוזל לניקוי המדיח קלרו Claro,יעקבי,,נוזל לניקוי המדיח קלרו Claro,מליליטרים,250,"100 מ""ל",false,0,9.90,5.96,true,1,9005835312756
9008700111546,false,נקטר דובדבן חמוץ Happy Day,ראוך Rauch,,נקטר דובדבן חמוץ Happy Day,ליטרים,1,ליטר,false,0,11.90,11.90,true,1,9008700111546
9008700128575,false,נקטר פסיפלורה Happy Day,ראוך Rauch,,נקטר פסיפלורה Happy Day,ליטרים,1,ליטר,false,0,11.90,11.90,true,1,9008700128575
9008700128971,false,מיץ קראנברי Happy day,ראוך Rauch,,מיץ קראנברי Happy day,ליטרים,1,ליטר,false,0,11.90,11.90,true,1,9008700128971
9044400841000,false,בובת פז Pez + שלוש יחידות סוכריות למילוי,פז Pez,,בובת פז Pez + שלוש יחידות סוכריות למילוי,גרמים,26,100 גרם,false,0,12.90,50.59,true,1,9044400841000
9310072028743,false,טים טם Tim Tam וופל שוקולד קלאסי,ארנוטס Arnott's,,טים טם Tim Tam וופל שוקולד קלאסי,גרמים,200,100 גרם,false,0,19.90,9.95,true,1,9310072028743
9310072028750,false,טים טם Tim Tam וופל שוקולד ציפוי כפול,ארנוטס Arnott's,,טים טם Tim Tam וופל שוקולד ציפוי כפול,גרמים,200,100 גרם,false,0,19.90,9.95,true,1,9310072028750
9312931720300,false,סכיני גילוח שיק אינטואישן,שיק Schick,,סכיני גילוח שיק אינטואישן,יחידות,3,יחידה,false,0,29.90,9.97,true,1,9312931720300
9317129040314,false,פלקסיטול משחה לכף הרגל לטיפול בעור יבש,פלקסיטול,,פלקסיטול משחה לכף הרגל לטיפול בעור יבש,גרמים,56,100 גרם,false,0,39.90,71.25,true,1,9317129040314
9317129040529,false,פלקסיטול משחה לשפתיים,פלקסיטול,,פלקסיטול משחה לשפתיים,גרמים,10,100 גרם,false,0,34.90,399.00,true,1,9317129040529
9317129040703,false,פלקסיטול קרם לטיפוח הציפורן,פלקסיטול,,פלקסיטול קרם לטיפוח הציפורן,גרמים,20,100 גרם,false,0,49.90,249.50,true,1,9317129040703
9317129040826,false,פלקסיטול קרם פנים לילדים,פלקסיטול,,פלקסיטול קרם פנים לילדים,גרמים,56,100 גרם,false,0,54.90,98.04,true,1,9317129040826
9317129042813,false,תחליב גוף לעור יבש,פלקסיטול,,תחליב גוף לעור יבש,מליליטרים,250,"100 מ""ל",false,0,49.90,19.96,true,1,9317129042813
9317129042837,false,קרם מרגיע לעור מגורה,פלקסיטול,,קרם מרגיע לעור מגורה,גרמים,85,100 גרם,false,0,59.90,70.47,true,1,9317129042837
9317129042981,false,תרחיץ ושמפו טיפולי לילדים,פלקסיטול,,תרחיץ ושמפו טיפולי לילדים,מליליטרים,210,"100 מ""ל",false,0,59.90,28.52,true,1,9317129042981
9317129043001,false,קרם טיפולי לילדים לעור יבש,פלקסיטול,,קרם טיפולי לילדים לעור יבש,גרמים,56,100 גרם,false,0,59.90,106.96,true,1,9317129043001
9321104811707,false,קוביות רכות לאמבטיה,Playgro פלייגרו,,קוביות רכות לאמבטיה,,0,,false,0,39.90,0.00,true,1,9321104811707
9321104822130,false,זוג נשכנים בצורת דבורה לקירור,Playgro פלייגרו,,זוג נשכנים בצורת דבורה לקירור,,0,,false,0,19.90,0.00,true,1,9321104822130
9321104831927,false,רעשן לתינוק,Playgro פלייגרו,,רעשן לתינוק,,0,,false,0,29.90,0.00,true,1,9321104831927
9321104854759,false,אוניברסיטה ניידת ומתקפלת,Playgro פלייגרו,,אוניברסיטה ניידת ומתקפלת,,0,,false,0,139.90,0.00,true,1,9321104854759
9321104869661,false,ספר לאמבטיה הרפתקאות הדבורה,Playgro פלייגרו,,ספר לאמבטיה הרפתקאות הדבורה,,0,,false,0,19.90,0.00,true,1,9321104869661
9322969000015,false,פריכיות תירס בטעם טבעי ללא גלוטן,ריל פודס Real Foods,,פריכיות תירס בטעם טבעי ללא גלוטן,גרמים,150,100 גרם,false,0,10.90,7.27,true,1,9322969000015
9322969000022,false,פריכיות תירס עם סויה וזרעי פשתן ללא גלוטן,ריל פודס Real Foods,,פריכיות תירס עם סויה וזרעי פשתן ללא גלוטן,גרמים,150,100 גרם,false,0,10.90,7.27,true,1,9322969000022
9322969000046,false,פריכיות תירס עם שומשום ללא גלוטן,ריל פודס Real Foods,,פריכיות תירס עם שומשום ללא גלוטן,גרמים,125,100 גרם,false,0,10.90,8.72,true,1,9322969000046
9720188050109,false,ממרח על בסיס סויה בסגנון גבינה,טופוטי,,ממרח על בסיס סויה בסגנון גבינה,גרמים,225,100 גרם,false,0,19.90,8.84,true,1,9720188050109
9720188060108,false,ממרח על בסיס סויה בסגנון שמנת,טופוטי,,ממרח על בסיס סויה בסגנון שמנת,גרמים,340,100 גרם,false,0,19.90,5.85,true,1,9720188060108
