code,internal_code,name,manufacturer_name,manufacture_country,manufacturer_item_description,unit_qty,quantity,unit_of_measure,weighted,qty_in_package,price,unit_of_measure_price,allow_discount,status,item_id
161,true,קישוא עגול,,,קישוא עגול,קילוגרמים,1.00,"ק""ג",true,,12.90,12.9000,true,1,50634
163,true,פטריות שמפיניון תפזו,,,פטריות שמפיניון תפזו,קילוגרמים,1.00,"ק""ג",true,,39.90,39.9000,true,1,50635
301,true,בקבוק ריק חוזר בירה,,,בקבוק ריק חוזר בירה,יחידה,0.00,יחידה,false,,1.20,0.0000,true,1,6865
374,true,פטריות שמפניון,,,פטריות שמפניון,יח',1.00,יח',false,,9.90,9.9000,true,1,50638
505,true,כלי בית טקסטיל,,,כלי בית טקסטיל,יחידה,0.00,יחידה,false,,44.90,0.0000,true,1,27492
561,true,חמץ חמץ,,,חמץ חמץ,יחידה,0.00,יחידה,false,,100.00,0.0000,true,1,279066
1058,true,חלה רגילה/חלה ציפורי,,,חלה רגילה/חלה ציפורי,גרמים,500.00,100 גרם,false,,5.17,1.0340,true,1,4447
1059,true,חלה מתוקה 500 גרם,,,חלה מתוקה 500 גרם,גרמים,500.00,100 גרם,false,,12.90,2.5800,true,1,4448
1073,true,סופגניה גדולה בודדת,,,סופגניה גדולה בודדת,יחידה,0.00,יחידה,false,,3.90,0.0000,true,1,2432
1091,true,צנונית בייבי,,,צנונית בייבי,גרמים,400.00,100 גרם,false,,6.90,1.7250,true,1,35486
1095,true,בייבי בטטה,,,בייבי בטטה,יח',1.00,יח',false,,7.90,7.9000,true,1,50641
1216,true,לחמנית אצבע/מיוחדת,,,לחמנית אצבע/מיוחדת,יחידה,0.00,יחידה,false,,2.50,0.0000,true,1,4454
1219,true,לחמניה ביס קטנה 50 ג,,,לחמניה ביס קטנה 50 ג,גרמים,50.00,100 גרם,false,,1.90,3.8000,true,1,4457
1476,true,לימון סיני,,,לימון סיני,קילוגרמים,1.00,"ק""ג",true,,12.90,12.9000,true,1,50648
1488,true,אשכולית אדומה,,,אשכולית אדומה,קילוגרמים,1.00,"ק""ג",true,,5.90,5.9000,true,1,50654
1500,true,פלפל כתום,,,פלפל כתום,קילוגרמים,1.00,"ק""ג",true,,9.90,9.9000,true,1,50663
1501,true,עגבניות,,,עגבניות,קילוגרמים,1.00,"ק""ג",true,,7.90,7.9000,true,1,50664
1502,true,מלפפונים,,,מלפפונים,קילוגרמים,1.00,"ק""ג",true,,6.90,6.9000,true,1,50665
1503,true,גזר ארוז,,,גזר ארוז,קילוגרמים,1.00,"ק""ג",true,,4.90,4.9000,true,1,50666
1504,true,סלק,,,סלק,קילוגרמים,1.00,"ק""ג",true,,4.90,4.9000,true,1,50667
1505,true,כרוב לבן,,,כרוב לבן,קילוגרמים,1.00,"ק""ג",true,,4.90,4.9000,true,1,50668
1506,true,כרוב אדום,,,כרוב אדום,קילוגרמים,1.00,"ק""ג",true,,6.90,6.9000,true,1,50669
1507,true,כרובית,,,כרובית,קילוגרמים,1.00,"ק""ג",true,,9.90,9.9000,true,1,50670
1510,true,קישואים,,,קישואים,קילוגרמים,1.00,"ק""ג",true,,7.90,7.9000,true,1,50671
1511,true,חצילים,,,חצילים,קילוגרמים,1.00,"ק""ג",true,,7.90,7.9000,true,1,50672
1513,true,פלפל ירוק,,,פלפל ירוק,קילוגרמים,1.00,"ק""ג",true,,8.90,8.9000,true,1,50673
1514,true,פלפל בהיר,,,פלפל בהיר,קילוגרמים,1.00,"ק""ג",true,,9.90,9.9000,true,1,50674
1515,true,פלפל חריף,,,פלפל חריף,קילוגרמים,1.00,"ק""ג",true,,8.90,8.9000,true,1,50675
1516,true,פלפל אדום,,,פלפל אדום,קילוגרמים,1.00,"ק""ג",true,,9.90,9.9000,true,1,50676
1517,true,פלפל רומרו,,,פלפל רומרו,קילוגרמים,1.00,"ק""ג",true,,12.90,12.9000,true,1,50677
1519,true,בצל יבש,,,בצל יבש,קילוגרמים,1.00,"ק""ג",true,,5.90,5.9000,true,1,50679
1521,true,קולורבי,,,קולורבי,קילוגרמים,1.00,"ק""ג",true,,7.90,7.9000,true,1,50680
1522,true,חסה ערבית,,,חסה ערבית,יח',1.00,יח',false,,4.90,4.9000,true,1,50681
1531,true,לפת,,,לפת,קילוגרמים,1.00,"ק""ג",true,,6.90,6.9000,true,1,50684
1535,true,תפו`א אדום ארוז,,,תפו`א אדום ארוז,קילוגרמים,1.00,"ק""ג",true,,4.90,4.9000,true,1,50687
1541,true,ארטישוק,,,ארטישוק,קילוגרמים,1.00,"ק""ג",true,,18.90,18.9000,true,1,50691
1542,true,ערמונים,,,ערמונים,קילוגרמים,1.00,"ק""ג",true,,18.90,18.9000,true,1,50692
1545,true,שום ארוז ייבוא יח',,,שום ארוז ייבוא יח',יח',1.00,יח',false,,5.90,5.9000,true,1,50695
1547,true,שומר,,,שומר,קילוגרמים,1.00,"ק""ג",true,,6.90,6.9000,true,1,50697
1548,true,תות שדה ביח',,,תות שדה ביח',יח',1.00,יח',false,,19.90,19.9000,true,1,47743
1550,true,תפו`א לבן ארוז,,,תפו`א לבן ארוז,קילוגרמים,1.00,"ק""ג",true,,4.90,4.9000,true,1,50698
1551,true,לימון,,,לימון,קילוגרמים,1.00,"ק""ג",true,,8.90,8.9000,true,1,50699
1552,true,תפוז,,,תפוז,קילוגרמים,1.00,"ק""ג",true,,5.90,5.9000,true,1,50700
1553,true,ענב לבן,,,ענב לבן,קילוגרמים,1.00,"ק""ג",true,,29.90,29.9000,true,1,50701
1555,true,תפוז ארוז,,,תפוז ארוז,קילוגרמים,1.00,"ק""ג",true,,4.90,4.9000,true,1,50703
1556,true,בננה מובחרת,,,בננה מובחרת,קילוגרמים,1.00,"ק""ג",true,,6.90,6.9000,true,1,50704
1557,true,צנון,,,צנון,קילוגרמים,1.00,"ק""ג",true,,6.90,6.9000,true,1,50705
1558,true,אשכולית צהובה,,,אשכולית צהובה,קילוגרמים,1.00,"ק""ג",true,,5.90,5.9000,true,1,50706
1560,true,דלעת ארוזה,,,דלעת ארוזה,קילוגרמים,1.00,"ק""ג",true,,9.90,9.9000,true,1,50708
1561,true,תפוח עץ זהוב,,,תפוח עץ זהוב,קילוגרמים,1.00,"ק""ג",true,,9.90,9.9000,true,1,50709
1563,true,תפוח עץ חרמון,,,תפוח עץ חרמון,קילוגרמים,1.00,"ק""ג",true,,9.90,9.9000,true,1,50711
1564,true,תפוח עץ סמיט,,,תפוח עץ סמיט,קילוגרמים,1.00,"ק""ג",true,,9.90,9.9000,true,1,50712
1568,true,רימון,,,רימון,קילוגרמים,1.00,"ק""ג",true,,9.90,9.9000,true,1,50715
1570,true,קלמנטינה,,,קלמנטינה,קילוגרמים,1.00,"ק""ג",true,,5.90,5.9000,true,1,50716
1571,true,פלפל שושקה,,,פלפל שושקה,קילוגרמים,1.00,"ק""ג",true,,12.90,12.9000,true,1,50717
1572,true,אבוקדו מובחר,,,אבוקדו מובחר,קילוגרמים,1.00,"ק""ג",true,,8.90,8.9000,true,1,50718
1574,true,בטטה מתוקה,,,בטטה מתוקה,קילוגרמים,1.00,"ק""ג",true,,9.90,9.9000,true,1,50720
1576,true,אגס,,,אגס,קילוגרמים,1.00,"ק""ג",true,,12.90,12.9000,true,1,50721
1581,true,פלפל צהוב,,,פלפל צהוב,קילוגרמים,1.00,"ק""ג",true,,9.90,9.9000,true,1,50723
1585,true,קובו,,,קובו,קילוגרמים,1.00,"ק""ג",true,,25.90,25.9000,true,1,50726
1588,true,תירס ארוז,,,תירס ארוז,קילוגרמים,1.00,"ק""ג",true,,9.90,9.9000,true,1,50727
1590,true,משורית סרט 1590 ממ,,,פומלה,קילוגרמים,1.00,"ק""ג",true,,7.90,7.9000,true,1,50728
1591,true,ענב אדום,,,ענב אדום,קילוגרמים,1.00,"ק""ג",true,,29.90,29.9000,true,1,50729
1595,true,חציל בלדי,,,חציל בלדי,קילוגרמים,1.00,"ק""ג",true,,7.90,7.9000,true,1,50732
1604,true,אפרסמון,,,אפרסמון,קילוגרמים,1.00,"ק""ג",true,,15.90,15.9000,true,1,50735
1607,true,תפו`א קטן אפיה ארוז,,,תפו`א קטן אפיה ארוז,קילוגרמים,1.00,"ק""ג",true,,3.90,3.9000,true,1,50738
1608,true,זנגוויל\גינגיר תפזור,,,זנגוויל\גינגיר תפזור,קילוגרמים,1.00,"ק""ג",true,,23.90,23.9000,true,1,50739
1610,true,שרי אשכולות לקג,,,שרי אשכולות לקג,קילוגרמים,1.00,"ק""ג",true,,19.90,19.9000,true,1,50740
1613,true,דלורית,,,דלורית,קילוגרמים,1.00,"ק""ג",true,,6.90,6.9000,true,1,50742
1615,true,בצל אדום,,,בצל אדום,קילוגרמים,1.00,"ק""ג",true,,6.90,6.9000,true,1,50744
1617,true,אננס,,,אננס,יח',1.00,יח',false,,37.90,37.9000,true,1,50745
1618,true,אפרסמון קרמבו,,,אפרסמון קרמבו,קילוגרמים,1.00,"ק""ג",true,,16.90,16.9000,true,1,50746
1619,true,פומלית,,,פומלית,קילוגרמים,1.00,"ק""ג",true,,5.90,5.9000,true,1,50747
1620,true,קיווי,,,קיווי,קילוגרמים,1.00,"ק""ג",true,,16.90,16.9000,true,1,50748
1632,true,קישוא זוקיני ירוק,,,קישוא זוקיני ירוק,קילוגרמים,1.00,"ק""ג",true,,11.90,11.9000,true,1,50750
1639,true,דלעת אקזוטית,,,דלעת אקזוטית,קילוגרמים,1.00,"ק""ג",true,,11.90,11.9000,true,1,50755
1667,true,לוף תפזורת,,,לוף תפזורת,קילוגרמים,1.00,"ק""ג",true,,17.90,17.9000,true,1,50761
1670,true,"בטטה קסביה (תפו""א יר",,,"בטטה קסביה (תפו""א יר",קילוגרמים,1.00,"ק""ג",true,,16.90,16.9000,true,1,50764
1683,true,תפוח עץ פינק קריפס,,,תפוח עץ פינק קריפס,קילוגרמים,1.00,"ק""ג",true,,14.90,14.9000,true,1,50768
4015,true,קוקוס ראש,,,קוקוס ראש,יח',1.00,יח',false,,5.90,5.9000,true,1,50829
6129,true,מארז עשר פיתות קלאסי,,,מארז עשר פיתות קלאסי,יחידה,0.00,יחידה,false,,0.01,0.0000,true,1,257122
8888,true,פיקדון זיכוי לקוח,,,פיקדון זיכוי לקוח,יחידה,0.00,יחידה,false,,0.30,0.0000,true,1,34503
9999,true,פיקדון בקבוקים,,,פיקדון בקבוקים,יחידה,0.00,יחידה,false,,0.30,0.0000,true,1,74
5678585,true,ענב סקרלוטה,,,ענב סקרלוטה,קילוגרמים,1.00,"ק""ג",true,,29.90,29.9000,true,1,50844
40084107,false,ביצת שוקולד הפתעה קינדר,קדבורי,IT,ביצת הפתעה קינדר 20,גרמים,20.00,100 גרם,false,,6.90,34.5000,true,1,41367
50398911,false,חמצן %9 60 מ''ל אינדולה,,,אינדולה קרם חמצן 9%,מיליליטרים,60.00,"100 מ""ל",false,,5.20,8.6667,true,1,7901
72917367,false,טעמי 28 חטיף 40 גר',"שטראוס גרופ בע""מ",IL,טעמי 40 גר',גרמים,40.00,100 גרם,false,,4.90,12.2500,true,1,22113
72940761,false,מילקי שוקולד מהדרין 170 ג',מיוצר עי קונדיטוריית,IL,מילקי שוקולד מהדרין,מיליליטרים,170.00,"100 מ""ל",false,,2.90,1.7059,true,1,23179
72940952,false,מילקי פי 2 קצפת אקסטרה 170 ג',"שטראוס גרופ בע""מ",IL,מילקי אקסטראה קצפת מ,מיליליטרים,110.00,"100 מ""ל",false,,3.90,3.5455,true,1,23180
72941041,false,מיני מילקי שוקולד 62 גרם,"שטראוס גרופ בע""מ",IL,מיני מילקי שוקולד 70,מיליליטרים,70.00,"100 מ""ל",false,,2.50,3.5714,true,1,23183
72961506,false,יוגורט עם תות 1.5% שומן 125 ג' פרילי,מיוצר עי קונדיטוריית,IL,פרילי תות 1.5% 125מל,מיליליטרים,125.00,"100 מ""ל",false,,4.10,3.2800,true,1,25646
72961544,false,יוגרט תות 3% 125שומן ג' באדי,מחלבת אלון תבור,IL,באדי תות 125מל,מיליליטרים,125.00,"100 מ""ל",false,,3.50,2.8000,true,1,25649
72964422,false,"יוגורט פרחים גביע 4.5% 200 מ""ל",מחלבת תנובה,IL,תנובה יוגורט פרחים 4,מיליליטרים,200.00,"100 מ""ל",false,,3.50,1.7500,true,1,25657
72986370,false,"גלידת בן & ג'ריס פיינטים וניל 500מ""ל",מוצרי איכות אמריקאים,IL,גלידת פיינטים וניל צ,מיליליטרים,420.00,"100 מ""ל",false,,24.90,5.9286,true,1,14318
72986424,false,"גלידת בן & ג'ריס פיינטים קרם עוגיות 500מ""ל",מוצרי איכות אמריקאיי,IL,גלידת פיינטים קרם עו,מיליליטרים,420.00,"100 מ""ל",false,,24.90,5.9286,true,1,14319
72986448,false,"גלידת בן & ג'ריס פיינטים טופי קראנץ 500מ""ל",מוצרי איכות אמריקאיי,IL,גלידת טופי קרנץ,מיליליטרים,420.00,"100 מ""ל",false,,24.90,5.9286,true,1,14320
72986455,false,"גלידת בן & ג'ריס פיינטים ניו-יורק 500מ""ל",מוצרי איכות אמריקאיי,IL,גלידת פיינטים ניו-יו,מיליליטרים,420.00,"100 מ""ל",false,,24.90,5.9286,true,1,14321
72986479,false,"גלידה שוקולד אגוז עם בננות בן וג'ירי 500 מ""ל",מוצרי איכות אמריקאיי,IL,גלידת פיינטים צאנקי,מיליליטרים,420.00,"100 מ""ל",false,,24.90,5.9286,true,1,14322
72991008,false,חטיף פסק זמן במילוי ופל מגולגל 45 גרם,"שטראוס גרופ בע""מ",IL,"פסק זמן קלאסי בד""צ",גרמים,45.00,100 גרם,false,,4.90,10.8889,true,1,22119
72991886,false,"גלידת דולצ'ה בטעם ריבת חלב עם פאדג' בן וג'ירי 500 מ""ל",מוצרי איכות אמריקאיי,IL,גלידת בן&גריס פיינט,מיליליטרים,750.00,"100 מ""ל",false,,24.90,3.3200,true,1,14325
72994061,false,חטיף פסק זמן GOOD גלילית לבן 40 גרם,שולן צ'יקולטה גידה ס,TR,פסק זמן 36גר,גרמים,36.00,100 גרם,false,,4.90,13.6111,true,1,22123
80001461,false,לואקר חטיף שוקולד 38 גר',"א. לואקר קונפקט בע""מ",AT,'חטיף גרדנה שוקולד 3,גרמים,38.00,100 גרם,false,,4.90,12.8947,true,1,12516
80001485,false,גרדנה קוקוס 38 גר'25X יח',קריניציה ויטמינה אס,IT,גרדנה קוקוס 38 גרם,גרמים,38.00,100 גרם,false,,4.90,12.8947,true,1,12517
80042556,false,POLPA עגבניות חתוכות דק 400 גרם MUTTI,"איי, בי, אינבוו",IT,עגבניות MUTTI מרוסקו,גרמים,400.00,100 גרם,false,,6.90,1.7250,true,1,147505
80176800,false,נוטלה ממרח שוקולד 750 גרם,פררו תעשיות איטליה ס,IT,ממרח שוקולד נוטלה 75,גרמים,750.00,100 גרם,false,,29.00,3.8667,true,1,41379
80177173,false,ממרח נוטלה קקאו עם א,פררו,IT,ממרח נוטלה קקאו עם א,גרמים,350.00,100 גרם,false,,17.90,5.1143,true,1,41380
80177609,false,קינדר - אצבעות שוקולד רביעייה,קדבורי,IT,קינדר אצבעות שוק.חלב,גרמים,50.00,100 גרם,false,,4.90,9.8000,true,1,41382
80773429,false,מסטיק מנטוס פיור פרש בבקבוק בינוני בטעם תות 60 ג',"פרפטי ואן מלה ג'ידה,",TR,מסטיק מנטוס בקבוק בט,גרמים,60.00,100 גרם,false,,10.90,18.1667,true,1,12532
80773443,false,מסטיק מנטוס בבקבוק מעוגל בטעם מנטה מעודנת 60 ג',"פרפטי ואן מלה ג'ידה,",TR,מסטיק מנטוס בקבוק בט,גרמים,60.00,100 גרם,false,,10.90,18.1667,true,1,12533
80790990,false,מסטיק מנטוס בבקבוק מעוגל בטעם פירות -מנטה 60 ג',"פרפטי ואן מלה ג'ידה,",TR,מסטיק מנטוס בקבוק בט,גרמים,60.00,100 גרם,false,,10.90,18.1667,true,1,12537
80864295,false,סוכריות פיור וויט טעם מנטה עדינה 60 ג' מנטוס,"פרפטי ואן מלה ג'ידה,",TR,מנטוס פיור וויט ללא,גרמים,60.00,100 גרם,false,,10.90,18.1667,true,1,208114
80896081,false,מסטיק מנטוס פיור פרש בבקבוק בינוני בטעם אבטיח 60 ג',"פרפטי ואן מלה ג'ידה,",TR,מסטיק מנטוס בקבוק בט,גרמים,60.00,100 גרם,false,,10.90,18.1667,true,1,12556
80913467,false,מסטיק מנטו בבקבוק מעוגל בטעם מנטה 60 ג',פרפטי ואן מלה ברדה,TR,מסטיק מנטוס בקבוק בט,גרמים,60.00,100 גרם,false,,10.90,18.1667,true,1,12558
80945468,false,סוכריות פיור וויט טעם מנטה מתוקה 60 ג' מנטוס,"פרפטי ואן מלה ג'ידה,",TR,מנטוס פיור וויט ללא,גרמים,60.00,100 גרם,false,,10.90,18.1667,true,1,208115
80986348,false,סוכריות פיור וויט טעם מנטה 60 ג' מנטוס,"פרפטי ואן מלה ג'ידה,",TR,מנטוס פיור וויט ללא,גרמים,60.00,100 גרם,false,,10.90,18.1667,true,1,208116
80995128,false,מנטוס - מסטיק בטעם הדרים בתוספת ויטמינים 60 גרם,ווינפאק,TR,מסטיק מנטוס ויטמין ל,גרמים,60.00,100 גרם,false,,10.90,18.1667,true,1,400829
87108538,false,סוכריות מנטוס תות גל,הדקלאים אגודת שיתופי,NL,מנטוס תות בגליל 37.5,גרמים,37.50,100 גרם,false,,3.90,10.4000,true,1,12571
87108712,false,מנטוס פירות מארז 4 יח' * 37.5 ג',קדבורי,NL,סוכריות מנטוס פירות,גרמים,150.00,100 גרם,false,,11.90,7.9333,true,1,12573
90087974,false,"חומץ תפוחים 5% 750 מֿֿֿֿ""ל 12X",ראוך פרוכטסאפה,AT,חומץ תפוחים 5% תומר,מיליליטרים,750.00,"100 מ""ל",false,,13.90,1.8533,true,1,24863
90162602,false,"משקה רד בול מוגז פחית 250 מ""ל",רד בול ג'י.אם.בי. אץ,AT,משקה אנרגיה RED BULL,מיליליטרים,250.00,"100 מ""ל",false,,6.90,2.7600,true,1,5229
198888886,false,עיגול אגורות,,,עיגול אגורות,יחידה,0.00,יחידה,false,,1.00,0.0000,true,1,47041
8112100298,false,שמן שומשום טהור לא מ,Flavor full foods in,,שמן שומשום טהור לא מ,מיליליטרים,185.00,"100 מ""ל",false,,14.90,8.0541,true,1,47451
8421361250,false,בובת TY עיניים גדולות (S) דיוק הכלב לבן חום,,,בובות TY עיניים גדול,יחידה,0.00,יחידה,false,,28.90,0.0000,true,1,31705
9800800056,false,נוטלה אנד גו קופסית 52ג',פררו,DE,ממרח נוטלה & GO,גרמים,52.00,100 גרם,false,,6.50,12.5000,true,1,41390
10900634069,false,XL דיימונד שקיות אשפה חזקות במיוחד 8 יח,,ZA,שקיות אשפה חזקות במי,גרמים,325.00,100 גרם,false,,12.90,3.9692,true,1,267953
16000185517,false,נסטלה - דגני בוקר פייבר 555 גרם,בטר אנד דיפרנט,US,פייבר1- דגני בוקר עת,גרמים,555.00,100 גרם,false,,24.90,4.4865,true,1,200010
16000548404,false,ניטשר ואלי חטיף קראנצי גרנולה שיבולת שועל 210 ג',ג'נרל מילס סאן אדריא,ES,חטיף קראנצי גרנולה ש,גרמים,210.00,100 גרם,false,,19.90,9.4762,true,1,12587
16000548503,false,ניטשר ואלי קראנצי חטיף גרנולהומייפל 10 יח' 210 ג',ג'נרל מילס סאן אדריא,ES,חטיף קראנצי גרנולה מ,גרמים,210.00,100 גרם,false,,19.90,9.4762,true,1,12589
16229924263,false,"קרם קוקוס 250 מ""ל.",,,"קרם קוקוס 250 מ""ל.",מיליליטרים,250.00,"100 מ""ל",false,,10.90,4.3600,true,1,3334
25675120006,false,חמצוצים 4 צבעים טבעי 100 גרם,,,חמצוצים חמצוצים טבעי,גרמים,100.00,100 גרם,false,,9.90,9.9000,true,1,3766
25675120020,false,מקלות חמצוצים פטל 100 גרם,,,חמצוצים מקלות פטל 10,גרמים,100.00,100 גרם,false,,9.90,9.9000,true,1,3767
25675120037,false,מקלות חמצוצים תות 100 גרם,,,חמצוצים מקלות תות 10,גרמים,100.00,100 גרם,false,,9.90,9.9000,true,1,3768
25675120068,false,מקלות חמצוצים קולה 100 גרם,,,חמצוצים מקלות קולה 1,גרמים,100.00,100 גרם,false,,9.90,9.9000,true,1,3770
29424000298,false,ופל שוקולד ללא תוספת,,,ופל שוקולד ללא תוספת,גרמים,180.00,100 גרם,false,,7.90,4.3889,true,1,35984
30000315989,false,קוואקר פרוטאין חמוציות ושקדים 372 גר,קוואקר אוטס קומפני,US,פרוטאין חמוציות ושקד,גרמים,372.00,100 גרם,false,,24.90,6.6935,true,1,24110
35000689535,false,מברשת שיניים קולגייט מקס וייט סופט זוג,,,זוג מברשות מקס וייט,יחידה,0.00,יחידה,false,,24.90,0.0000,true,1,21169
36000516890,false,קלינקס - טישו לושן 3 שכבות 120 דף,קימברלי,GB,קלינקס לושן תלת שכבת,יחידה,0.00,יחידה,false,,23.90,0.0000,true,1,8785
37600207188,false,חמאת בוטנים סקיפי קלאסי 462 גר',חברת המזון אלגוד,US,סקיפי חמאת בוטנים קל,גרמים,462.00,100 גרם,false,,18.90,4.0909,true,1,5233
37600207256,false,חמאת בוטנים סקיפי עם שברי בוטנים 462 גר',חברת המזון אלגוד,US,סקיפי חמאת בוטנים עם,גרמים,462.00,100 גרם,false,,18.90,4.0909,true,1,5234
38000232152,false,פרינגלס ברביקיו 158 גרם – חדש,פרינגלס מניופקצ'ורינ,US,פרינגלס ביג ברביקיו,גרמים,158.00,100 גרם,false,,8.90,5.6329,true,1,53557
38000232176,false,פרינגלס שמנת ובצל 158 גרם,פרינגלס מניופקצ'ורינ,US,פרינגלס ביג שמנת בצל,גרמים,158.00,100 גרם,false,,8.90,5.6329,true,1,53545
38000232183,false,פרינגלס אוריגינל 149 גרם,פרינגלס מניופקצ'ורינ,US,פרינגלס ביג אורגינל,גרמים,158.00,100 גרם,false,,8.90,5.6329,true,1,53546
38527591060,false,קוואקר מרובעים אינסנט סוכר חום 430 ג',BEVERAGES FOODS & SE,,דגני בוקר מרובעים קו,גרמים,412.00,100 גרם,false,,21.90,5.3155,true,1,24113
40000514510,false,M&M אריזה קטנה's בוטנים אריזה קטנה 49 גרם,מרס נדרלנד,,בוטנים 49 גרם M&M עד,גרמים,49.00,100 גרם,false,,5.90,12.0408,true,1,20626
46214382259,false,עוגיות בראוניס שוקולד 225 ג',בנקטבקריי מרבה בי.וי,NL,מרבה עוגיות בראוניס,גרמים,225.00,100 גרם,false,,9.90,4.4000,true,1,21172
46214731552,false,עוגיות שוקולד ציפס מובחרות 225 ג',קריניציה ויטמינה אס,NL,מרבה עוגיות שוקולד צ,גרמים,225.00,100 גרם,false,,9.90,4.4000,true,1,21173
50000084500,false,"פריסקיז מנתחי ברביקיו 1.4 ק""ג",פורינה,US,פריסקיז מעדני השף מנ,קילוגרמים,1.43,"ק""ג",false,,38.90,27.2028,true,1,18340
50000100347,false,"פריסקיז - מעדני החתול מועשר בחלב 1.40 ק""ג",פורינה,US,פריסקיז מעדני החתול,קילוגרמים,1.40,"ק""ג",false,,38.90,27.7857,true,1,18342
50000170180,false,פריסקיז פריים פילה עוף ברוטב 156 גר,פורינה,US,פריסקיז פריים פילה ע,גרמים,156.00,100 גרם,false,,7.50,4.8077,true,1,18344
50000225224,false,פריסקיז פריים פילה הודו ברוטב 156 גר,פורינה,US,פריסקיז פריים פילה ה,גרמים,156.00,100 גרם,false,,7.50,4.8077,true,1,18345
52100040806,false,תערובת שום בצל פלפל שחור ומלח ים 120 גר,מקורמיק,US,תערובת תיבול שום בצל,גרמים,120.00,100 גרם,false,,27.90,23.2500,true,1,355083
54881003971,false,תה ירוק מבחר 20 שקיקים,,,תה ירוקמ בחר 20 שקיו,גרמים,180.00,100 גרם,false,,11.90,6.6111,true,1,110759
54881005654,false,תה ירוק יסמין 20 שקיות AHMAD TEA,,,תה ירוק יסמין 20 שקי,גרמים,180.00,100 גרם,false,,11.90,6.6111,true,1,110760
55369902564,false,אפלסנקס רביעיות רסק תפוחי עץ ללא תוספת סוכר עברית,ליייהי אורצ'רדס,,אפלסנקס רסק תפוחי עץ,גרמים,452.00,100 גרם,false,,14.90,3.2965,true,1,36793
64144090013,false,"ספריי שמן PAM בטעם חמאה 141 מ""ל",קונאגרה פודס,,תרסיס שמן פאם חמאה 1,מיליליטרים,148.00,"100 מ""ל",false,,20.90,14.1216,true,1,12624
70177077563,false,תה ארל גריי 25 שקיות טוינינגס 50 גר,אר. טווינינגס אנד קו,PL,טווינינג ארל גריי 50,גרמים,50.00,100 גרם,false,,19.90,39.8000,true,1,13645
76840002351,false,גלידה גימי סמור עם מרשמלו קלוי פירורי שוקולד בן וג'ירי 428 ג',בן & ג'ריס,IL,GIMME S'MORE בן אנד,מיליליטרים,420.00,"100 מ""ל",false,,24.90,5.9286,true,1,130539
76840002542,false,"גלידת בן & ג'ריס פיינט נטפליקס וצ'ילד 500מ""ל",מוצרי איכות אמריקאים,IL,גלידת פיינטים נטפליק,מיליליטרים,420.00,"100 מ""ל",false,,24.90,5.9286,true,1,71131
76840100583,false,"גלידת וניל עם בצק עוגיות בן וג'ירי 473 מ""ל",מוצרי איכות אמריקאיי,,גלידה וניל +בצק עוגי,מיליליטרים,473.00,"100 מ""ל",false,,24.90,5.2643,true,1,14336
77975094761,false,שברי בייגלה סניידרס בטעם צידר 340 גרם,סניידרס,US,סניידרס צ'דר 340 גרם,גרמים,340.00,100 גרם,false,,15.90,4.6765,true,1,125745
611745285685,true,אבוקדו בשל יח,,,אבוקדו בשל יח,גרמים,470.00,100 גרם,false,,9.90,2.1064,true,1,50845
613008742348,false,בקבוק אריזונה ג'נסינג ודבש 1 ליטר,"נטורלה גטרנק בע""מ",DE,אריזונה ג'נסנג ודבש,ליטרים,1.00,ליטר,false,,11.80,11.8000,true,1,93769
628154383659,false,דגני בוקר פרוטי פבלס 311 ג' POST,PO קוד יצרן,PL,דגני בוקר פרוטי פבלס,גרמים,311.00,100 גרם,false,,23.90,7.6849,true,1,277020
634065859329,false,אוזנייה שחורה,,,אוזנייה שחורה,יחידה,0.00,יחידה,false,,29.90,0.0000,true,1,302163
645173911038,false,מלפפון קורנישון מיני בצנצנת 720ג',קלמן אינדיה,,מלפפונים קורנישון מי,גרמים,720.00,100 גרם,false,,9.90,1.3750,true,1,24867
710535495539,false,"אורז בסמטי 96% 1 ק""ג Avel",,IN,"אבאל אורז בסמטי 1 ק""",קילוגרמים,1.00,"ק""ג",false,,12.90,12.9000,true,1,77049
728229123590,false,טרה צ'יפס ירקות אורגינל 110 גרם,הונדורס צ'יפס יצור א,HN,טרה צ'יפס ירקות שורש,גרמים,110.00,100 גרם,false,,16.90,15.3636,true,1,5485
728229123811,false,טרה צ'יפס ירקות ים-תיכוני 110 גרם,הונדורס צ'יפס יצור א,HN,טרה צ'יפס חטיף ים ת,גרמים,110.00,100 גרם,false,,16.90,15.3636,true,1,5487
728229124764,false,חטיף ציפס בטטה עם מלח ים 110 גרם,היין פיוצ'ור נטורל פ,US,טרה צ'יפס חטיף בטטה,גרמים,110.00,100 גרם,false,,16.90,15.3636,true,1,5488
728229124771,false,חטיף ציפס טרה מבטטה בטעם ברביקיו 110 גרם,היין פיוצ'ור נטורל פ,IN,טרה צ'יפס חטיף מבטטה,גרמים,110.00,100 גרם,false,,16.90,15.3636,true,1,5489
753182231761,false,"משקה אנרגיה BLU ללא תוספת סוכר 250 מ""ל",אקו - ביט,PL,בלו סיקס ללא סוכר 25,מיליליטרים,250.00,"100 מ""ל",false,,4.50,1.8000,true,1,1811
768404001640,false,"גלידה בן&ג'ריס קפה משפחתית 500מ""ל",מוצרי איכות אמריקאיי,,גלידה פיינטס קפה 473,מיליליטרים,473.00,"100 מ""ל",false,,24.90,5.2643,true,1,14359
835811000372,false,שקיות הקפאה למזון נשלף 100 יח',,,שקיות הקפאה למזון נש,יחידה,0.00,יחידה,false,,10.90,0.0000,true,1,7427
835811003595,false,צלחות קלאסי קטן לבן 65 יח' הנמל,,,צלחות קלאסי לבן קטן,יחידה,0.00,יחידה,false,,25.90,0.0000,true,1,268858
835811006053,false,הנמל קורנפלור 200 גר,ר.ס חברה ליבוא ויצור,IL,הנמל קורנפלור 200 גר,גרמים,200.00,100 גרם,false,,3.50,1.7500,true,1,7576
835811007166,false,כוס לשתיה חמה לדרך+מכסה הנמל 16 יח',,,'כוסות לקפה לדרך+מכס,יחידה,0.00,יחידה,false,,13.90,0.0000,true,1,7634
835811007357,false,לפתניות אובלי 25 יח',,TR,סלטינות 25 יחידות,יחידה,0.00,יחידה,false,,8.90,0.0000,true,1,7642
835811008699,false,כפות שקוף/קרם עבה במיוחד הנמל 50 יח,,TR,כפות 50 יח שקוף עבה,יחידה,0.00,יחידה,false,,17.90,0.0000,true,1,7661
835811009061,false,מזלגות לבן 100 יחידו,"איטיליאן פוד, אס.פי.",IL,מזלגות 100 יח לבן חד,יחידה,0.00,יחידה,false,,9.90,0.0000,true,1,7684
884912116505,false,דגני סלקט בננה 369 גרם פוסט,post consumer brands,US,פוסט בננה נאט קראנץ,גרמים,439.00,100 גרם,false,,25.90,5.8998,true,1,20444
884912365200,false,דגני בוקר אוראו 311 גרם מתכון חדש,פוסט,US,דגני בוקר עם פירורי,גרמים,311.00,100 גרם,false,,23.90,7.6849,true,1,382400
3010470155299,false,פריסקיז פטה בקר וירק,ניו פטפוד איטליה,IT,פריסקיז פטה בקר וירק,גרמים,400.00,100 גרם,false,,10.90,2.7250,true,1,18366
3014260201753,false,סכיני גילוח בלו 2 פלוס חמישייה,פרוקטר אנד גמבל,PL,סכיני גילוח חד פעמיי,יחידה,0.00,יחידה,false,,15.90,0.0000,true,1,26713
3046920016377,false,לינדט שוקולד אקסלנס מריר 100% קקאו 50 גר,לינדט ושפרונגלי,DE,לינדט אקסלנס מילד 10,גרמים,100.00,100 גרם,false,,18.90,18.9000,true,1,82149
3046920028004,false,לינדט שוקולד אקסלנס מריר 70% 100 גר,לינדט ושפרונגלי,FR,לינדט אקסלנס 70% 100,גרמים,100.00,100 גרם,false,,18.90,18.9000,true,1,13683
3046920029674,false,לינדט אקס' סולט 100 גרם,לינדט ושפרונגלי,DE,לינדט אקסלנס עם שבבי,גרמים,100.00,100 גרם,false,,18.90,18.9000,true,1,13689
3046920029681,false,לינדט שוקולד אקסלנס מילד 85% קקאו 100 גר,,DE,לינדט אקסלנס מילד 85,גרמים,100.00,100 גרם,false,,18.90,18.9000,true,1,82150
3046920029759,false,לינדט אקסלנס 90% 100גרם,לינדט ושפרונגלי ג'י.,DE,לינדט אקסלנס 90% 100,גרמים,100.00,100 גרם,false,,18.90,18.9000,true,1,13690
3059943016507,false,"אירוויק ספריי בניחוח לבנדר וקמומיל 240 מ""ל",,,איירויק ספריי לבנדר,מיליליטרים,240.00,"100 מ""ל",false,,12.90,5.3750,true,1,20756
3059943016569,false,"אירוויק ספריי בניחוח פריסיה ויסמין 240 מ""ל",,,אירוויק ספריי פרסיה,מיליליטרים,240.00,"100 מ""ל",false,,12.90,5.3750,true,1,20758
3068320017846,false,מים מינרלים אוויאן 1 ליטר,קריניציה ויטמינה אס,FR,מים מינרלים טבעיים מ,ליטרים,1.00,ליטר,false,,12.90,12.9000,true,1,29592
3068320103389,false,"מים מינרלים אוויאן 750 מ""ל זכוכית",,,מים מינרלים טבעיים מ,מיליליטרים,750.00,"100 מ""ל",false,,12.90,1.7200,true,1,284908
3073781162790,false,גבינת בייבי בל אדום,מחלבות בל,FR,בייבי בל 24% אדום 12,גרמים,120.00,100 גרם,false,,23.90,19.9167,true,1,327886
3161911229199,false,חמאה רכה אלוויר 250 גרם,אלל אה וויר,FR,אלוויר חמאה רכה 250ג,גרמים,250.00,100 גרם,false,,23.90,9.5600,true,1,16703
3161911393210,false,אלוויר חמאה נורמנדי מלוחה 200 גרם,אלוויר,FR,חמאת נורמנדי מלוחה 2,גרמים,200.00,100 גרם,false,,23.90,11.9500,true,1,307355
3245412211393,false,שוקולד חלב מעולה קרפ,,FR,שוקולד חלב מעולה קרפ,גרמים,300.00,100 גרם,false,,7.90,2.6333,true,1,343123
3245412211409,false,שוקולד חלב מעולה עם,,FR,שוקולד חלב מעולה עם,גרמים,300.00,100 גרם,false,,15.90,5.3000,true,1,342734
3267682136176,false,ויסקי היילנד קווין בלנדד 1 ליטר,,,ויסקי היילנד קווין ב,ליטרים,1.00,ליטר,false,,100.90,100.9000,true,1,71
3270190111108,false,קרפור מוזלי פירות 7,,,קרפור מוזלי פירות 7,גרמים,750.00,100 גרם,false,,15.90,2.1200,true,1,388815
3270190128151,false,קרפור שוקולד חלב אור,,FR,קרפור שוקולד חלב אור,גרמים,100.00,100 גרם,false,,6.90,6.9000,true,1,409958
3270190151654,false,שוקולד מריר מעולה עם,,FR,שוקולד מריר מעולה עם,גרמים,100.00,100 גרם,false,,5.90,5.9000,true,1,342749
3387390730852,false,דגנים מחיטה מלאה 375 ג' פיטנס,האחים פלם הגפן,FR,דגני פיטנס נסטלה 375,גרמים,375.00,100 גרם,false,,23.90,6.3733,true,1,18370
3523230025638,false,מיני בושה עיזים טבעי 125 גר,אוריאל,FR,גבינת עיזים בושה טבע,גרמים,125.00,100 גרם,false,,26.90,21.5200,true,1,16735
3523230026888,false,גב עיזים למריחה שום ועשבי תיבול פירמידה,אוריאל,FR,פרמידה עיזים שום ועש,גרמים,140.00,100 גרם,false,,26.90,19.2143,true,1,16739
3560070249343,false,קרפור- שוקולד חלב עם,,FR,קרפור- שוקולד חלב עם,גרמים,100.00,100 גרם,false,,5.90,5.9000,true,1,409914
3560070582884,false,קרפור סטייליס עם שוק,,,קרפור סטייליס עם שוק,גרמים,300.00,100 גרם,false,,8.90,2.9667,true,1,388802
3560070669981,false,שוקולד מריר מעולה 80,,FR,שוקולד מריר מעולה 80,גרמים,80.00,100 גרם,false,,4.90,6.1250,true,1,342721
3560070701407,false,שוקולד מריר מעולה עם,,FR,שוקולד מריר מעולה עם,גרמים,100.00,100 גרם,false,,5.90,5.9000,true,1,342750
3560070720859,false,שוקולד מריר מעולה 72,,FR,שוקולד מריר מעולה 72,גרמים,80.00,100 גרם,false,,4.90,6.1250,true,1,342736
3560070800230,false,קרפור שוקו קרלס 375,,,קרפור שוקו קרלס 375,גרמים,375.00,100 גרם,false,,6.90,1.8400,true,1,388831
3560070800353,false,קרפור הוני בולז 375,,,קרפור הוני בולז 375,גרמים,375.00,100 גרם,false,,6.90,1.8400,true,1,388847
3560070820221,false,קרפור-חטיף דגנים אגו,,,קרפור-חטיף דגנים אגו,גרמים,125.00,100 גרם,false,,5.90,4.7200,true,1,401860
3560070826186,false,קרפור מוזלי שוקולד ו,,,קרפור מוזלי שוקולד ו,גרמים,750.00,100 גרם,false,,14.90,1.9867,true,1,388816
3560070888115,false,קרפור-חליטת טיליה 25,,,קרפור-חליטת טיליה 25,גרמים,42.50,100 גרם,false,,6.90,16.2353,true,1,401748
3560071005191,false,קרפור -שוקולד לבן עם,,FR,קרפור -שוקולד לבן עם,גרמים,100.00,100 גרם,false,,5.90,5.9000,true,1,409928
3560071006327,false,שוקולד מריר מעולה קר,,FR,שוקולד מריר מעולה קר,גרמים,200.00,100 גרם,false,,5.90,2.9500,true,1,342751
3560071013127,false,קרפור סטייליס עם שוק,,,קרפור סטייליס עם שוק,גרמים,300.00,100 גרם,false,,8.90,2.9667,true,1,388817
3560071013196,false,קרפור סטייליס בטעם ט,,,קרפור סטייליס בטעם ט,גרמים,500.00,100 גרם,false,,9.90,1.9800,true,1,388818
3560071015725,false,קרפור פיברה עם 5 פיר,,,קרפור פיברה עם 5 פיר,גרמים,500.00,100 גרם,false,,11.90,2.3800,true,1,388833
3560071018566,false,קרפור-חטיף דגנים בוט,,,קרפור-חטיף דגנים בוט,גרמים,125.00,100 גרם,false,,5.90,4.7200,true,1,401845
3560071090821,false,קרפור שוקו בולז 375,,,קרפור שוקו בולז 375,גרמים,375.00,100 גרם,false,,6.90,1.8400,true,1,388834
3560071095598,false,קרפור-חטיף דגנים חמו,,,קרפור-חטיף דגנים חמו,גרמים,125.00,100 גרם,false,,5.90,4.7200,true,1,401861
3560071095659,false,קרפור-חטיף דגנים קוק,,,קרפור-חטיף דגנים קוק,גרמים,125.00,100 גרם,false,,5.90,4.7200,true,1,401862
3560071341947,false,שמן זית כתית מעולה ב,,FR,שמן זית כתית מעולה ב,מיליליטרים,750.00,"100 מ""ל",false,,11.50,1.5333,true,1,387990
3560071413750,false,קרפור-שוקולד מריר 80,,FR,קרפור-שוקולד מריר 80,גרמים,100.00,100 גרם,false,,6.90,6.9000,true,1,409943
3560071431914,false,קפסולות קפה קרפור עו,,FR,קפסולות קפה קרפור עו,גרמים,52.00,100 גרם,false,,6.90,13.2692,true,1,389597
3560071432003,false,קפסולות קפה קרפור עו,,FR,קפסולות קפה קרפור עו,גרמים,52.00,100 גרם,false,,6.90,13.2692,true,1,389625
3560071432034,false,קפסולות קפה נטול קרפ,,FR,קפסולות קפה נטול קרפ,גרמים,52.00,100 גרם,false,,6.90,13.2692,true,1,389626
3560071432065,false,קפסולות קפה קרפור עו,,FR,קפסולות קפה קרפור עו,גרמים,52.00,100 גרם,false,,6.90,13.2692,true,1,389627
3560071432096,false,קפסולות קפה קרפור עו,,FR,קפסולות קפה קרפור עו,גרמים,52.00,100 גרם,false,,6.90,13.2692,true,1,389628
3560071432157,false,קפסולות קפה וניל קרפ,,FR,קפסולות קפה וניל קרפ,גרמים,52.00,100 גרם,false,,6.90,13.2692,true,1,389629
3560071432188,false,קפסולות קפה קרמל קרפ,,FR,קפסולות קפה קרמל קרפ,גרמים,52.00,100 גרם,false,,6.90,13.2692,true,1,389630
3560071432249,false,קפסולות קפה ברזיל קר,,FR,קפסולות קפה ברזיל קר,גרמים,52.00,100 גרם,false,,6.90,13.2692,true,1,389632
3560071432270,false,קפסולות קפה קולומביה,,FR,קפסולות קפה קולומביה,גרמים,52.00,100 גרם,false,,6.90,13.2692,true,1,389633
3560071432300,false,קפסולות קפה אתיופיה,,FR,קפסולות קפה אתיופיה,גרמים,52.00,100 גרם,false,,6.90,13.2692,true,1,389634
3560071432331,false,קפסולות קפה לאוס קרפ,,FR,קפסולות קפה לאוס קרפ,גרמים,52.00,100 גרם,false,,6.90,13.2692,true,1,389635
3560071432362,false,קפסולות קפה קניה קרפ,,FR,קפסולות קפה קניה קרפ,גרמים,52.00,100 גרם,false,,6.90,13.2692,true,1,389636
3560071432393,false,קפסולות קפה קוסטה רי,,FR,קפסולות קפה קוסטה רי,גרמים,52.00,100 גרם,false,,6.90,13.2692,true,1,389637
3560071432515,false,קפסולות קפה קרפור עו,,FR,קפסולות קפה קרפור עו,גרמים,52.00,100 גרם,false,,6.90,13.2692,true,1,389638
3560071432690,false,קפסולות קפה קרפור עו,,FR,קפסולות קפה קרפור עו,גרמים,52.00,100 גרם,false,,6.90,13.2692,true,1,389639
3560071442545,false,בירה SAER BRAU 6*250,,,בירה SAER BRAU 6*250,ליטרים,1.50,ליטר,false,,14.90,9.9333,true,1,401680
3574661098531,false,ניוטרוגינה תחליב גוף מועשר לעור יבש/רגיש,,GR,ניוטרוג'ינה תחליב גו,מיליליטרים,400.00,"100 מ""ל",false,,36.90,9.2250,true,1,21241
3574661114637,false,"מי פה ליסטרין זירו מנטה עדין 500 מ""ל",ג'ונסון אנד ג'ונסון,IT,מי פה זירו ליסטרין 5,מיליליטרים,500.00,"100 מ""ל",false,,23.90,4.7800,true,1,29359
3574661352275,false,ליסטירין מי פה פירות יער 250 מל,,,ליסטרין מי פה לילדים,מיליליטרים,250.00,"100 מ""ל",false,,15.90,6.3600,true,1,83396
3600523823604,false,לוריאל - דרמו היאלורון אקספרט לילה,,,קרם לחות לילה + חומצ,מיליליטרים,50.00,"100 מ""ל",false,,52.90,105.8000,true,1,325065
3600523936700,false,לוריאל - דרמו משולשת נוטרישן לעור יבש עברית,,,קרם לחות לפנים פעולה,מיליליטרים,50.00,"100 מ""ל",false,,46.90,93.8000,true,1,325038
3600523953677,false,לוריאל - דרמו רויטליפט קלאסי יום SPF30 עברית,,,קרם לחות יום רויטליפ,מיליליטרים,50.00,"100 מ""ל",false,,59.90,119.8000,true,1,325022
3600542385251,false,"גרנייה - דאודורנט רול און לאישה פרוטקשן 6 כותנה (ורוד) 50 מ""ל",,,דאודורנט רול פרוטקשן,יחידה,50.00,יחידה,false,,15.90,0.3180,true,1,167369
3608580071389,false,ממרח ערמונים 370 גרם BONNE MAMAN,,FR,ממרח ערמונים 370 גרם,גרמים,370.00,100 גרם,false,,20.90,5.6486,true,1,348398
3608580730248,false,קונפיטורה דובדובן 370 ג' בוני מאמן,,,קונפיטורה דובדבן 370,גרמים,370.00,100 גרם,false,,20.90,5.6486,true,1,43019
3608580730255,false,קונפיטורה בטעם משמש 370 גר BONNE MAMAN,,,קונפיטורה משמש 370 ג,גרמים,370.00,100 גרם,false,,20.90,5.6486,true,1,43020
3616180424856,false,קרפור הום -30 מפיות,,,קרפור הום -30 מפיות,יחידה,0.00,יחידה,false,,5.90,0.0000,true,1,405861
3616180424863,false,קרפור הום -30 מפיות,,,קרפור הום -30 מפיות,יחידה,0.00,יחידה,false,,5.90,0.0000,true,1,405862
3616180424887,false,קרפור הום -30 מפיות,,,קרפור הום -30 מפיות,יחידה,0.00,יחידה,false,,5.90,0.0000,true,1,405863
3616180424931,false,קרפור הום -30 מפיות,,,קרפור הום -30 מפיות,יחידה,0.00,יחידה,false,,5.90,0.0000,true,1,405864
3616180424948,false,קרפור הום -30 מפיות,,,קרפור הום -30 מפיות,יחידה,0.00,יחידה,false,,5.90,0.0000,true,1,405865
3616180425099,false,קרפור הום -30 מפיות,,,קרפור הום -30 מפיות,יחידה,0.00,יחידה,false,,5.90,0.0000,true,1,405867
3616180425129,false,קרפור הום -30 מפיות,,,קרפור הום -30 מפיות,יחידה,0.00,יחידה,false,,5.90,0.0000,true,1,405868
3616180425150,false,קרפור הום -30 מפיות,,,קרפור הום -30 מפיות,יחידה,0.00,יחידה,false,,5.90,0.0000,true,1,405870
3616180425174,false,קרפור הום -30 מפיות,,,קרפור הום -30 מפיות,יחידה,0.00,יחידה,false,,5.90,0.0000,true,1,405871
3616180425198,false,קרפור הום -30 מפיות,,,קרפור הום -30 מפיות,יחידה,0.00,יחידה,false,,5.90,0.0000,true,1,405873
3800034954150,false,מארז 3 יחידות פריש דריי,,,עץ ריח איירון שלישיה,יחידה,0.00,יחידה,false,,10.50,0.0000,true,1,31672
4000417101211,false,וופל קרם אגוז מצופה שוקלד חלב 150 ג' אמיצלי,קימס,AT,גלילי וופל עם קרם אג,גרמים,150.00,100 גרם,false,,19.90,13.2667,true,1,256912
4000539280726,false,שוקולד לינדט אקסלנס מילד 70% 100 גר,לינדט ושפרונגלי,DE,לינדט אקסלנס 70% 100,גרמים,100.00,100 גרם,false,,18.90,18.9000,true,1,372116
4002448017684,false,"סיליט באנג ספריי רב שימושי כתום 750 מ""ל",הדקלאים אגודת שיתופי,PL,סיליט באנג ספריי רב,מיליליטרים,750.00,"100 מ""ל",false,,17.90,2.3867,true,1,20776
4005900555915,false,"ניוואה - תחליב רחצה קוקוס וחוחובה 750 מ""ל",ביירסדורף AG,DE,ניוואה קאר תחליב רחצ,מיליליטרים,750.00,"100 מ""ל",false,,17.90,2.3867,true,1,241594
4009300522935,false,תה פומפדור תה ירוק לימונית ולואיזה 20 יח',"איטיליאן פוד, אס.פי.",DE,פומפדור תה ירוק לימו,גרמים,30.00,100 גרם,false,,20.90,69.6667,true,1,21289
4009300524588,false,תה פומפדור חליטת צמחים פירות יער 20 יח',טיקנה,DE,פומפדור חליטת פירות,גרמים,60.00,100 גרם,false,,17.90,29.8333,true,1,21291
4009300525684,false,תה חליטת פומפדור לימון וגינגיר 20 יח,טיקנה,DE,פומפדור חליטת לימוןג,גרמים,35.00,100 גרם,false,,17.90,51.1429,true,1,21294
4009900379564,false,מסטיק הובה בובה באבל טייפ פירות 56 גר',מארס,GB,הובה בובה טייפ פירות,גרמים,56.00,100 גרם,false,,6.70,11.9643,true,1,20635
4009900402965,false,מסטיק אורביט בקבוקון white פירות 64ג',ריגלי פולין,PL,אורביט וויט פירות בק,גרמים,64.00,100 גרם,false,,10.90,17.0313,true,1,20642
4009900403023,false,מסטיק אורביט בקבוקון דאבל white קלאסי 64ג',"ב.א מזון בע""מ",PL,אורביט וויט מנטה בקב,גרמים,64.00,100 גרם,false,,10.90,17.0313,true,1,20643
4009900406918,false,מסטיק הובה בובה טייפ טריפל מיקס 56ג',מארס,GB,הובה בובה טייפ טריפל,גרמים,56.00,100 גרם,false,,6.90,12.3214,true,1,20646
4009900420129,false,מסטיק אורביט פרופשנל פפרמינט בקבוקון 64 גר',מרס נדרלנד,PL,אורביט פרופשייונל פפ,גרמים,64.00,100 גרם,false,,10.90,17.0313,true,1,20650
4009900455299,false,סוכריות סקטלס פירות 174ג',מארס,CZ,סקיטלס פירות 174 גר,גרמים,174.00,100 גרם,false,,9.90,5.6897,true,1,20657
4009900465304,false,סקיטלס פירות חמוצים 174 גרם,מארס,CZ,סקיטלס פירות חמוצים,גרמים,174.00,100 גרם,false,,9.90,5.6897,true,1,20660
4009900479998,false,"מסטיק אורביט לל""ס אוכמניות בקבוקון",ריגלי פולין,PL,אורביט מסטיק בקבוקון,גרמים,64.00,100 גרם,false,,10.90,17.0313,true,1,20663
4009900482417,false,מסטיק אורביט פירות מנטה בקבוקון באבל מינט 45יח,ריגלי פולין,PL,אורביט באבל מינט בקב,גרמים,64.00,100 גרם,false,,10.90,17.0313,true,1,20665
4009900483803,false,מסטיק איירובס מנטה אקליפטוס בקבוקון 60יח',,,אירוויבז בקבוק M מנט,גרמים,84.00,100 גרם,false,,14.90,17.7381,true,1,20666
4009900484091,false,אורביט באריזת בקבוק ספירמנט 60 יח',,,אורביט פרופשיונל ספי,גרמים,84.00,100 גרם,false,,14.90,17.7381,true,1,20669
4009900531122,false,"מסטיק בטעם מנטה ספירמינט, 64 ג' פרופשיונל אורפיט",מרס נדרלנד,PL,אורביט פרופשייונל ספ,גרמים,64.00,100 גרם,false,,10.90,17.0313,true,1,20702
4009900532327,false,סוכריות סקיטלס סמודי 38 גר',,GB,סוכריות סקיטלס סמודי,גרמים,38.00,100 גרם,false,,3.90,10.2632,true,1,20704
4009900535823,false,מסטיק אורביט רפרשרס באבלמינט ללא סוכר 15.6גר',,PL,אורביט רפרשרס באבלמי,גרמים,15.00,100 גרם,false,,4.90,32.6667,true,1,110847
4009900536288,false,מסטיק אורביט רפרשרס פפרמינט בקבוקון ללא סוכר 67 גר',מרס ריגלי קונפקשונרי,PL,מסטיק אורביט רפרשרס,גרמים,67.00,100 גרם,false,,13.90,20.7463,true,1,133080
4009900536486,false,מסטיק אורביט רפרשרס באבלמינט בקבוקון ללא סוכר 67 גר',מרס ריגלי קונפקשונרי,PL,מסטיק אורביט רפרשרס,גרמים,67.00,100 גרם,false,,13.90,20.7463,true,1,110860
4009900539340,false,סקיטלס ג'יינט סאוור 141 גרם,מרס ריגלי קונפקשונרי,PL,סוכריות סקיטלס ענקיו,גרמים,141.00,100 גרם,false,,9.90,7.0213,true,1,252183
4009900539432,false,מסטיק פייב באונס בטעם אבטיח HP,,,מסטיק בטעם אבטיח פיי,גרמים,14.40,100 גרם,false,,4.90,34.0278,true,1,326726
4009900539685,false,"מסטיק פייב באונס בטעם מנטה בקבוקון, 61.8 גרם",ריגלי בעמ רוסיה,PL,מסטיק בטעם מנטה ללא,גרמים,61.80,100 גרם,false,,13.90,22.4919,true,1,267653
4009900539746,false,"מסטיק פייב באונס בטעם אבטיח בקבוקון, 61.8 גרם",ריגלי בעמ רוסיה,PL,מסטיק בטעם אבטיח ללא,גרמים,31.80,100 גרם,false,,13.90,43.7107,true,1,267666
4009900540551,false,מסטיק אורביט רפרשרס טרופיקל בקבוקון ללא סוכר,מרס פולין,PL,אורביט רפרשרס טרופיק,גרמים,67.00,100 גרם,false,,13.90,20.7463,true,1,256127
4011100001220,false,מארז שוקולד מארס מיניס,מרס הולנד בי.וי.,NL,מרס מיני 403 גרם,גרמים,403.00,100 גרם,false,,24.90,6.1787,true,1,20705
4011100002227,false,באונטי חטיפי מיני שקית 403ג',מרס הולנד בי.וי.,NL,חטיף באונטי מיני 403,גרמים,403.00,100 גרם,false,,24.90,6.1787,true,1,20706
4011800630515,false,חטיף קורני שוקולד חלב ובננה 6 יח 150 גר,מיוצר עי קונדיטוריית,DE,חטיף דגנים עם שוקולד,גרמים,150.00,100 גרם,false,,15.90,10.6000,true,1,13722
4011800633516,false,קורני בייס דרק שוקו 6 יח 138 גר,שוורטאוור וורקה,DE,חטיף דגנים שוקולד מר,גרמים,138.00,100 גרם,false,,15.90,11.5217,true,1,13724
4014400901191,false,בונבוניירה שוקולד מרסי 250 ג`,אוגוסט שטורק,DE,בונבונירה מרסי 250 ג,גרמים,250.00,100 גרם,false,,28.90,11.5600,true,1,12682
4014400904376,false,סוכריות טופי שוקולדן שטורק 325 ג',קריניציה ויטמינה אס,DE,סוכ.שטורק שוקולדן 32,גרמים,325.00,100 גרם,false,,20.90,6.4308,true,1,12689
4014400904390,false,סוכריות וולמילש ממולא ט.חלב 325גרם,קריניציה ויטמינה אס,DE,סוכריות וולמליש 325ג,גרמים,325.00,100 גרם,false,,20.90,6.4308,true,1,12690
4014400910063,false,סוכריות וורטר אורגינל שקית 135 גרם,אוגוסט שטורק,DE,סוכריות חמאה וורטר 1,גרמים,135.00,100 גרם,false,,10.50,7.7778,true,1,12694
4014400913910,false,וורטר אוריגינל במילוי קרם 125 גרם,תות ממתקי איכות,DE,125 סוכריות וורטר קר,גרמים,125.00,100 גרם,false,,10.50,8.4000,true,1,12695
4014400920857,false,סוכריות וורטר ללא סוכר טעם שוקול 70 גרם,קריניציה ויטמינה אס,DE,וורטרס ללא סוכר טעם,גרמים,70.00,100 גרם,false,,9.50,13.5714,true,1,12703
4015000031394,false,"ספטיל - משחה להסרת כתמים 200 מ""ל",הנקל,HU,מסיר כתמים ספטיל 200,גרמים,200.00,100 גרם,false,,18.90,9.4500,true,1,34806
4015400564034,false,אולוויז מגן תחתון לונג+ מגה פק 58 יח',פרוקטר אנד גמבל,DE,מגן תחתון לונג פלוס,יחידה,0.00,יחידה,false,,18.90,0.0000,true,1,26822
4015400564454,false,אולוויז מגן תחתון לארג' מגה פק 68 יח',פרוקטר אנד גמבל,DE,מגן תחתון לארג מגה פ,יחידה,0.00,יחידה,false,,18.90,0.0000,true,1,26826
4015400598329,false,אולויז קוואטרו נורמל פלוס 56 יח,,,קוואטרו נורמל פלוס א,יחידה,0.00,יחידה,false,,42.00,0.0000,true,1,26834
4015400690405,false,טמפונים פרל סופר טמפקס קומפאק 18 יח,,,טמפון פרל סופר טמפקס,יחידה,0.00,יחידה,false,,24.90,0.0000,true,1,26863
4015600762742,false,"שמפו קלאסי 500 מ""ל הד אנד שולדרס",פרוקטר אנד גמבל,RO,שמפו קלאסי הד&שולדרס,מיליליטרים,500.00,"100 מ""ל",false,,19.90,3.9800,true,1,26927
4015600762780,false,"שמפו ומרכך קלאסי 500 מ""ל הד אנד שולדרס",פרוקטר אנד גמבל,RO,שמפו 2-ב1הד&שולדרס 5,מיליליטרים,500.00,"100 מ""ל",false,,19.90,3.9800,true,1,26928
4015600763022,false,"שמפו לשיער יבש 500 מ""ל הד אנד שולדרס",פרוקטר אנד גמבל,RO,שמפו מגע המשי הד&שול,מיליליטרים,500.00,"100 מ""ל",false,,19.90,3.9800,true,1,26934
4015600971946,false,שמפו פנטן קלאסי 500,,,שמפו פנטן קלאסי 500,מיליליטרים,500.00,"100 מ""ל",false,,14.90,2.9800,true,1,164866
4015600972103,false,שמפו פנטן שמן מרוקאי,,,שמפו פנטן שמן מרוקאי,מיליליטרים,500.00,"100 מ""ל",false,,14.90,2.9800,true,1,164867
4017100198151,false,ביסקוויט ממולא קרם וניל היט 220 גרם,הדקלאים אגודת שיתופי,PL,היט עוגיות סנדביץ בט,גרמים,220.00,100 גרם,false,,8.90,4.0455,true,1,41873
4017100290008,false,ביסקוויט בלזן ליבניץ שוקולד חלב 125 ג',הדקלאים אגודת שיתופי,DE,בלזן ביסקוויט מצופה,גרמים,125.00,100 גרם,false,,15.90,12.7200,true,1,41880
4017100364112,false,ביסקוויט ממולא קרם שוקולד היט 220 גרם,הדקלאים אגודת שיתופי,PL,היט עוגיות סנדביץ בט,גרמים,220.00,100 גרם,false,,8.90,4.0455,true,1,41884
4022025001905,false,"בלו ווין זהב כשר 750 מ""ל",היי סישל סוהן טראבן,DE,בלו וויין מבעבע זהב,מיליליטרים,750.00,"100 מ""ל",false,,55.90,7.4533,true,1,41532
4033100014499,false,סיגריות אל די כחול ח,JTI,,אל.די בלו,יחידה,0.00,יחידה,false,,28.00,0.0000,false,1,4132
4045787068320,false,"אינדולה - פרוטאין צבע 5 חום 60 מ""ל",,,פרוטאין קולור חום 5,מיליליטרים,60.00,"100 מ""ל",false,,14.90,24.8333,true,1,8029
4052197000369,false,שישיית בירה בנדיקטינר חיטה 330 מל*6,benediktiner,DE,שישיית בירה בנדיקטינ,ליטרים,1.80,ליטר,false,,44.90,24.9444,true,1,91
4062400543125,false,"טקילה סיירה רפוסאדו 700 מ""ל",Sierra Unidas,MX,טקילה סיירה זהב רפוס,מיליליטרים,700.00,"100 מ""ל",false,,99.90,14.2714,true,1,99
4066600999614,false,"בירה פאולנר חיטה 500 מ""ל בקובק",מבשלת פאולנר,DE,בירה פאולנר בקבוק 50,מיליליטרים,500.00,"100 מ""ל",false,,12.90,2.5800,true,1,9268
4079400330129,false,"בירה פילסנר וולטרס 4.9% 500 מ""ל בפחית",,,בירה וולטרס פחית 4.9,מיליליטרים,500.00,"100 מ""ל",false,,7.90,1.5800,true,1,48808
4084500065598,false,קרם לחות פנטן לתלתלים מושלמים 300 מל,,,קרם לחות לתלתלים פנט,מיליליטרים,300.00,"100 מ""ל",false,,24.90,8.3000,true,1,27030
4084500853836,false,"נוזל כלים פיירי ורדים ומשי 515 מ""ל",פרוקטר אנד גמבל,GB,פיירי נוזל כלים ורדי,מיליליטרים,515.00,"100 מ""ל",false,,10.90,2.1165,true,1,27055
4603928000976,false,"וודקה בלוגה נובל 700 מ""ל+כוס",מרינסקי ליקרו-וודאצ',RU,בלוגה וודקה 700מל,מיליליטרים,700.00,"100 מ""ל",false,,133.90,19.1286,true,1,33727
4640018993398,false,פיניש קוואנטום 60 יח' קפסולות ג'ל למדיח כלים,,,פיניש קוואנטום למדיח,יחידה,0.00,יחידה,false,,62.90,0.0000,true,1,65425
4800888150080,false,"דאב - דאודורנט רול און לאישה פרש טאצ' מלפפונים 50 מ""ל",,PH,דאו' רולאון מלפפונים,מיליליטרים,50.00,"100 מ""ל",false,,23.90,47.8000,true,1,10064
4800888209429,false,רקסונה - דאודורנט סטיק לאישה כותנה נשים 50 גרם,,,דאו' סטיק כותנה רקסו,גרמים,50.00,100 גרם,false,,19.90,39.8000,true,1,67698
4860009000014,false,מיץ רימונים 1 ליטר תוצרת גרוזיה,יושלם,,תומר מיץ רימונים גרו,ליטרים,1.00,ליטר,false,,19.90,19.9000,true,1,24886
4860019001414,false,"בקבוק מים בוז'ורמי 750 מ""ל",אי.די.אס בורג'יומי,,בורז'ומי מים מינרלים,מיליליטרים,750.00,"100 מ""ל",false,,8.90,1.1867,true,1,11179
4891228430092,false,שיק אקסטרים 3 קומפורט +לנשים 4 יחידות,ENERGIZER SINGAPORE,CN,שיק אקסטרים3 ס.גילוח,יחידה,0.00,יחידה,false,,16.90,0.0000,true,1,21315
4903001904192,false,"רוטב סויה יאמסה פרימיום 500 מ""ל",הדקלאים אגודת שיתופי,JP,רוטב סויה יאמאסה פרמ,מיליליטרים,500.00,"100 מ""ל",false,,19.90,3.9800,true,1,12706
4903001925784,false,"רוטב סויה יאמאסה פרמיום דל מלח 500 מ""ל",הדקלאים אגודת שיתופי,JP,רוטב סויה יאמאסה דל,מיליליטרים,500.00,"100 מ""ל",false,,19.90,3.9800,true,1,12708
5000054353300,false,פריסקיז פטה סלומון 2,פורינה,US,פריסקיז פטה סלומון 2,גרמים,156.00,100 גרם,false,,6.90,4.4231,true,1,390523
5000146048671,false,בראסו מטליות לניקוי כלי נחושת,,,סילבו לניקוי כלי כסף,גרמים,75.00,100 גרם,false,,14.90,19.8667,true,1,20786
5000157143365,false,מתבל בטעם מיונז וקטשופ היינץ 425 ג',,PL,מתבל בטעם מיונז וקטש,מיליליטרים,425.00,"100 מ""ל",false,,16.90,3.9765,true,1,5257
5000159020312,false,מלטיזרס אריזה קטנה 37 גרם,,,חטיף מלטיזרס 37 גרם,גרמים,37.00,100 גרם,false,,5.90,15.9459,true,1,20710
5000159376655,false,סוכריות סקיטליס פירות 38 גר',ריגלי ממתקים,GB,סוכריות סקיטלס פירות,גרמים,38.00,100 גרם,false,,3.90,10.2632,true,1,20713
5000159376792,false,סוכריות סקיטליס חמוץ 38 גר',ריגלי ממתקים,,סוכריות סקיטלס חמוץ,גרמים,38.00,100 גרם,false,,3.90,10.2632,true,1,20714
5000159538626,false,טוויקס מארז חמישייה,,,חטיף טוויקס מארז 5*2,גרמים,250.00,100 גרם,false,,13.90,5.5600,true,1,140391
5000159538640,false,מאגדת באונטי חמישייה 250 גרם,,,חטיף באונטי מארז 5*2,גרמים,285.00,100 גרם,false,,13.90,4.8772,true,1,140392
5000204114898,false,"גלייד ארוסול בניחוח מרכך כביסה 300 מ""ל",אס.סי גונוסון,NL,גלייד ארוסול בניחוח,מיליליטרים,300.00,"100 מ""ל",false,,10.90,3.6333,true,1,5643
5000394140820,false,שישיות סוללות AA פלוס פאוור דורסל,,BE,סוללות דורסל שישיות,יחידה,0.00,יחידה,false,,24.90,0.0000,true,1,270951
5000394141209,false,שישיות סוללות AAA פלוס פאוור דורסל,,BE,סוללות דורסל שישיות,יחידה,0.00,יחידה,false,,24.90,0.0000,true,1,270935
5010327000046,false,"וויסקי גראנטס 700 מ""ל","איי, בי, אינבוו",,וויסקי גרנטס,מיליליטרים,750.00,"100 מ""ל",false,,80.90,10.7867,true,1,7297
5010677554398,false,"בקרדי בריזר אבטיח 275 מ""ל",בקרדי בעמ,BE,בקרדי בריזר אבטיח,מיליליטרים,275.00,"100 מ""ל",false,,14.90,5.4182,true,1,9276
5010677850100,false,וודקה גריי גוס בקבוק,גריי גוס,FR,"גריי גוס 700 מ""ל",מיליליטרים,700.00,"100 מ""ל",false,,120.90,17.2714,true,1,13345
5011157630281,false,"טילדה אורז בסמטי 1 ק""ג",טילדה,GB,טילדה אורז הימשלי בס,קילוגרמים,1.00,"ק""ג",false,,26.90,26.9000,true,1,21332
5014271350424,false,מעדן סאנט דלפור ארבע פירות 284 גר,המאפיה של הרמן,FR,סאן דלפור מעדן ארבע,גרמים,284.00,100 גרם,false,,22.90,8.0634,true,1,16753
5014271400426,false,סן דלפו מעדן תות שדה ללא סוכר 284 ג',המאפיה של הרמן,FR,סאן דלפור מעדן תות ש,גרמים,284.00,100 גרם,false,,22.90,8.0634,true,1,16758
5026489483955,false,חטיף חומוס סיסולט איט ריל 45 גרם,קופרש סנק פודס,GB,איט ריל חטיף על בסיס,גרמים,45.00,100 גרם,false,,8.90,19.7778,true,1,13740
5026489483993,false,איט ריל חטיף על בסיס,קופרש סנק פודס,GB,איט ריל חטיף על בסיס,גרמים,40.00,100 גרם,false,,8.90,22.2500,true,1,13741
5029053002408,false,נייר טואולט קליניקס לבן 9 גלילים,קימברלי קלארק ישראל,IL,נייר טואלט קליניקס ל,מטרים,275.00,מטר,false,,37.90,0.1378,true,1,8792
5029053039725,false,ממחטות נייר קלינקס נטורל פרש קופסה 72 דף,,,טישו נטורל פרש קופסא,יחידה,0.00,יחידה,false,,11.90,0.0000,true,1,180300
5029053523446,false,קוטקס - תחבושות אולטרה נייט + כנפיים 20 יח',קימברלי קלארק,GB,תחבושות אולטרה נייט+,יחידה,0.00,יחידה,false,,20.90,0.0000,true,1,8804
5029053534596,false,קוטקס טמפוני נורמל 32 יח,KC Czech,,טמפון נורמל ללא מולי,יחידה,0.00,יחידה,false,,26.90,0.0000,true,1,8814
5029053534602,false,קוטקס טמפוני סופר 32 יח,KC Czech,,טמפון סופר ללא מוליך,יחידה,0.00,יחידה,false,,26.90,0.0000,true,1,8815
5029053535227,false,קוטקס טמפון עם מוליך נורמל 16 יח',KC Czech,,טמפון עם מוליך נורמל,יחידה,0.00,יחידה,false,,26.90,0.0000,true,1,8817
5029053578309,false,קופסת ממחטות אולטרה סופט 48 דף קלינקס,קימברלי,IL,טישו אולטרה סופט קוב,יחידה,0.00,יחידה,false,,8.90,0.0000,true,1,180313
5059001003713,false,איירוויק - מקלות ריחניים בניחוח תאנה ופירות יער,,IT,איירוויק מקלות תאנה,מיליליטרים,30.00,"100 מ""ל",false,,16.90,56.3333,true,1,405350
5060517886486,false,"מונסטר משקה אנרגיה קלאסי 500 מ""ל",Monster energy סרביה,RU,מונסטר אנרג'י פחית 5,מיליליטרים,500.00,"100 מ""ל",false,,7.90,1.5800,true,1,6796
5099873017623,false,"וויסקי גק דניאלס טנסי אפל 700 מ""ל",מזקקת ג'ק דניאלס,BE,ג'ק דניאלס טנסי אפל,מיליליטרים,700.00,"100 מ""ל",false,,104.90,14.9857,true,1,202554
5201004020338,false,קפריס וופל רול ממולא קרם אגוזי לוז 400 ג',פפדופולוס,GR,קפריס רולס קלאסיק 40,גרמים,400.00,100 גרם,false,,20.90,5.2250,true,1,13744
5201004021328,false,קפריס וופל רול ממולא קרם אגוזי לוז 115 ג',אי. ג'יי פאפאדופולוס,GR,קפריס רולס קלאסיק 11,גרמים,115.00,100 גרם,false,,9.90,8.6087,true,1,117735
5201085540084,false,סוכריות ג'ילי מיקס שקית 800 גר',,,סוכריות ג'לו מיקס 70,גרמים,700.00,100 גרם,false,,16.90,2.4143,true,1,34550
5202300014496,false,ולה פלקס ספריי אקסטרה סטרונג,,,אקסטרה סטרונג וולה פ,מיליליטרים,250.00,"100 מ""ל",false,,34.90,13.9600,true,1,27113
5391523057936,false,סימילאק גולד שלב 2 700 גרם,אבוט לבורטיז,IE,סימילאק גולד שלב 2,גרמים,700.00,100 גרם,false,,72.90,10.4143,true,1,29405
5391523058063,false,סימילאק אדוונס פלוס שלב 1 700 גרם,טרופיקל דגיל תעשיות,IE,סימילאק אדוואנס פלוס,גרמים,700.00,100 גרם,false,,65.90,9.4143,true,1,29407
5391523058070,false,סימילאק אדוונס פלוס שלב 3 700 גרם,טרופיקל דגיל תעשיות,IE,סימילאק אדוונס פלוס,גרמים,700.00,100 גרם,false,,65.90,9.4143,true,1,29408
5410076933129,false,אריאל שושן צחור שקית,P&G,,אריאל שושן צחור שקית,קילוגרמים,3.00,"ק""ג",false,,38.90,12.9667,true,1,27186
5410103161518,false,לוריאל - דרמו פעולה משולשת רגיל,יושלם,,דרמו פעולה משולשת רג,מיליליטרים,50.00,"100 מ""ל",false,,46.90,93.8000,true,1,12469
5410103161617,false,לוריאל - דרמו פעולה משולשת יבש,,,דרמו פעולה משולשת יב,מיליליטרים,50.00,"100 מ""ל",false,,46.90,93.8000,true,1,12470
5410126716016,false,"ביסקוויט בטעם קרמל לוטוס בד""צ 250 ג'",לוטוס ביקרי בלגיה,BE,ביסקוויט בטעם קרמל ל,גרמים,250.00,100 גרם,false,,11.90,4.7600,true,1,5281
5410126726947,false,ממרח עוגיות קראנץ' 380 ג' לוטוס,לוטוס בייקרי בלגיה נ,BE,לוטוס קראנץ ממרח עוג,גרמים,380.00,100 גרם,false,,24.90,6.5526,true,1,5282
5411188110835,false,אלפרו חלב סויה שקדים וניל 1ל',הנסיך- מפעל לייצור ט,BE,אלפרו משקה שקדים 1 ל,ליטרים,1.00,ליטר,false,,16.90,16.9000,true,1,21340
5411188115472,false,אלפרו משקה סויה 1 ליטר,הנסיך- מפעל לייצור ט,BE,אלפרו משקה סויה 1 לי,ליטרים,1.00,ליטר,false,,16.90,16.9000,true,1,85161
5411188134985,false,אלפרו NOT MILK שיבולת שועל 3.8% שומן 1 ליטר,הנסיך- מפעל לייצור ט,BE,אלפרו 3.5% שומן NOT,ליטרים,1.00,ליטר,false,,13.90,13.9000,true,1,159347
5411188543398,false,אלפרו משקה סויה ללא סוכר 1 ליטר,הנסיך- מפעל לייצור ט,BE,אלפרו משקה סויה ללא,ליטרים,1.00,ליטר,false,,16.90,16.9000,true,1,88891
5413121355082,false,שוקולד בלגי מריר משובח 72 פרסטיז 100 גרם,,,שוקולד בלגי מריר 72%,גרמים,100.00,100 גרם,false,,12.90,12.9000,true,1,369359
5413121355099,false,בלג'יאן-שוקו' מריר %72 פולי קפה 100 גר' 1/25,,,שוקולד מריר 72% עם פ,גרמים,100.00,100 גרם,false,,12.90,12.9000,true,1,369360
5413149655522,false,"אבקת כביסה שושן צחור 1.25 ק""ג אריאל",פרוקטר אנד גמבל,,אריאל אבקת כביסה שוש,קילוגרמים,1.25,"ק""ג",false,,19.90,15.9200,true,1,27196
5413149798854,false,"נוזל לניקוי כלים בניחוח לימון 650 מ""ל פיירי",,,נוזל כלים פיירי 650,מיליליטרים,650.00,"100 מ""ל",false,,7.90,1.2154,true,1,51652
5413548280189,false,קינדר שוקובון 16 יחידות,פררו,BE,קינדר שוקו בון 125ג,גרמים,125.00,100 גרם,false,,13.90,11.1200,true,1,41399
5420066370032,false,טראפל בלגי מריר 150 גרם,,,טראפל שוקולד בלגי מר,גרמים,150.00,100 גרם,false,,14.90,9.9333,true,1,370185
5420066370049,false,טראפל בלגי תפוז 150 גרם,,,טראפל שוקולד בלגי תפ,גרמים,150.00,100 גרם,false,,14.90,9.9333,true,1,370199
5601008200444,false,עוגיות טבעת מצופה שוק. חלב 150 גר גודיס,הנסיך- מפעל לייצור ט,PT,גודיס עוגיות טבעת מצ,גרמים,150.00,100 גרם,false,,6.90,4.6000,true,1,21365
5601008200468,false,עוגיות מרבה גודיס טבעת מצופה שוקו' לבן 150ג',קריניציה ויטמינה אס,PT,גודיס עוגיות טבעת מצ,גרמים,150.00,100 גרם,false,,6.90,4.6000,true,1,21367
5701932026971,false,פופקורן הוט חמאה מאגדת 100X6ג',"פופז בע""מ",US,הוט פופ פופקורן בטעם,גרמים,600.00,100 גרם,false,,17.90,2.9833,true,1,12715
5701932026995,false,פופקורן הוט פופ טבעי לייט 510 ג,קריניציה ויטמינה אס,US,הוט פופ פופקורן לייט,גרמים,510.00,100 גרם,false,,17.90,3.5098,true,1,12716
5706516031358,false,פופקורן להכנה במיקרוגל בטעם טבעי מופחת שומן,"פופז בע""מ",US,הוט פופ 100 קלוריות,גרמים,160.00,100 גרם,false,,17.90,11.1875,true,1,12717
5711953106583,false,גבינת שמנת בטעם טבעי 200 ג' ארלה,ארלה פודס אמבה,DK,ארלה גבינת שמנת טבעי,גרמים,200.00,100 גרם,false,,17.70,8.8500,true,1,23197
5711953106590,false,גבינת שמנת ארלה שמנת שום 200 גרם,ארלה פודס אמבה,DK,ארלה גבינת שמנת שום,גרמים,200.00,100 גרם,false,,17.70,8.8500,true,1,23198
5740900403215,false,ממרח מחמאת לורפק עם מלח 250 ג',,DK,ממרח לורפק עם מלח 25,גרמים,250.00,100 גרם,false,,20.90,8.3600,true,1,23200
5740900403222,false,ממרח לורפק חמאה עם מלח מופחת שומן 250 ג,,DK,ממרח לורפק עם מלח מו,גרמים,250.00,100 גרם,false,,20.90,8.3600,true,1,23201
5740900403239,false,ממרח מחמאת לורפק ללא מלח 250 ג',,DK,ממרח לורפק ללא מלח 2,גרמים,250.00,100 גרם,false,,20.90,8.3600,true,1,23202
5740900403246,false,ממרח מחמאת לורפק ללא מלח 500 ג',,DK,ממרח לורפק ללא מלח 5,גרמים,500.00,100 גרם,false,,29.90,5.9800,true,1,23203
5765220190171,false,עטרות נייר לאפייה 4,,,עטרות נייר לאפייה 4,יח',130.00,יח',false,,5.90,0.0454,true,1,108154
5765220190188,false,עטרות נייר לאפייה 5,,,עטרות נייר לאפייה 5,יח',130.00,יח',false,,6.90,0.0531,true,1,108155
5765220190393,false,בלוני מספרים מ 9-0 מידה 16 אינץ,,,בלוני מספרים מ-0 עד,יחידה,0.00,יחידה,false,,5.00,0.0000,true,1,249156
5765571206613,false,נר נשמה 9 ימים בפלסט,,,נר נשמה 9 ימים בפלסט,יחידה,0.00,יחידה,false,,11.90,0.0000,true,1,399427
5900020012814,false,דגנים נסקוויק מלחמת הכוכבים 500 גרם,מיוצר עי קונדיטוריית,PL,דגני בוקר נסקוויק נס,גרמים,500.00,100 גרם,false,,27.90,5.5800,true,1,18372
5900020015174,false,פיטנס - חטיף דגנים שוקולד 23.50 גרם * 6,מיוצר עי קונדיטוריית,PL,פיטנס חטיף דגנים שוק,גרמים,141.00,100 גרם,false,,18.90,13.4043,true,1,18373
5900020018908,false,פיטנס - חטיף דגנים עוגיות שוקולד 23.50 גרם * 6,מיוצר עי קונדיטוריית,PL,פיטנס חטיף דגנים קרם,גרמים,141.00,100 גרם,false,,18.90,13.4043,true,1,18374
5900020026552,false,האני נאט ציריוס מלחמת הכוכבים 625 גרם,הנסיך- מפעל לייצור ט,FR,האני נאט ציריוס נסטל,גרמים,625.00,100 גרם,false,,27.90,4.4640,true,1,18388
5900020034021,false,פיטנס בר דליס שוקולד בננה 8*23.5 גרם,מיוצר עי קונדיטוריית,PL,פיטנס חטיף דגנים שוק,גרמים,141.00,100 גרם,false,,16.90,11.9858,true,1,18394
5900020036407,false,דגני בוקר שוקולד וקרמל ליון 480 גרם,,FR,דגני בוקר שוקולד וקר,גרמים,480.00,100 גרם,false,,27.90,5.8125,true,1,63897
5900020037916,false,דגני בוקר שיבולת שועל צ'ריוס 375ג',ג'נרל מילס סאן אדריא,FR,צ'יריוס שיבולת שועל,גרמים,375.00,100 גרם,false,,17.90,4.7733,true,1,143969
5900020039132,false,שיבולת שועל בטעם תפוח קינמון צ'יריוס 320 ג',סי. פי. פולין,IL,צ'יריוס שיבולת שועל,גרמים,320.00,100 גרם,false,,17.90,5.5937,true,1,136979
5900020041142,false,קורנפלקס פיטנס 500 ג' אסם,סי.פי פולין,PL,קורנפלקס פיטנס 500גר,גרמים,500.00,100 גרם,false,,13.90,2.7800,true,1,405702
5900627063233,false,טבליות למדיח AIO 50 יח פיניש,רקיט בנקיזר,PL,50 יח AIO טבליות פינ,גרמים,800.00,100 גרם,false,,41.90,5.2375,true,1,20842
5901414200411,false,ביסקוויט מיניס ממולא שוקולד היט 130 גר,בלזן,PL,היט מיניס קרם קקאו 1,גרמים,130.00,100 גרם,false,,6.90,5.3077,true,1,41905
5902198160403,false,"משקה אנרגיה XL TEN פחית לל""ס 250מ""ל","טמפו משקאות בע""מ",IL,אקס אל משקה אנרגיה ט,מיליליטרים,250.00,"100 מ""ל",false,,4.90,1.9600,true,1,9283
5902768862553,true,עוגיות בוגטי שוקולד,,,עוגיות בוגטי שוקולד,גרמים,155.00,100 גרם,false,,5.90,3.8065,true,1,49781
5904941750312,false,"משקה אנרגיה BLU מוחיטו בודד 250 מ""ל",אקו - ביט,PL,בלו בודד מוחיטו 250,מיליליטרים,250.00,"100 מ""ל",false,,4.50,1.8000,true,1,1812
5904941751302,false,"משקה אנרגיה בלו 250 מ""ל- בודד",אקו - ביט,PL,בלו משקה אנרגיה 250,מיליליטרים,250.00,"100 מ""ל",false,,4.50,1.8000,true,1,1813
5904941751715,false,"משקה אנרגיה בלו קרנברי 250 מ""ל -בודד",אקו - ביט,PL,בלו משקה אנרגיה קרנב,מיליליטרים,250.00,"100 מ""ל",false,,4.50,1.8000,true,1,1815
5904941751920,false,"משקה אנרגיה BLU DAY בודד 250 מ""ל",אקו - ביט,PL,בלו משקה אנרגיה דיי,מיליליטרים,250.00,"100 מ""ל",false,,4.50,1.8000,true,1,1818
5906485301012,false,"משקה אנרגיה XL פחית 250 מ""ל","טמפו משקאות בע""מ",IL,אקס אל משקה אנרגיה 2,מיליליטרים,250.00,"100 מ""ל",false,,4.90,1.9600,true,1,9284
5941021000899,false,טבלת שוקולד מריר אגוז היידי גראנדור 100 ג',,,טבלת היידי גראנדור מ,גרמים,100.00,100 גרם,false,,11.90,11.9000,true,1,325024
5941021001674,false,טבלת שוקולד היידי גראנדור 80% 80 ג',,,טבלת היידי גראנדור 8,גרמים,80.00,100 גרם,false,,11.90,14.8750,true,1,325025
5941021002190,false,טבלת שוקולד לבן אגוז היידי גראנדור 100 ג',,,טבלת היידי גראנדור ל,גרמים,100.00,100 גרם,false,,11.90,11.9000,true,1,325119
5941021007577,false,טבלת שוקולד פיסטוק היידי גראנדור 80 ג',היידי שוקולד,,טבלת היידי גראנדור פ,גרמים,80.00,100 גרם,false,,11.90,14.8750,true,1,325120
6001067017332,false,קולגייט מברשת שיניים מדיום 360 אופטיק ווייט,,,מברשת שיניים קולגייט,יחידה,0.00,יחידה,false,,10.90,0.0000,true,1,51654
6102017501939,false,מצית גז ארוך,,,מצת מהודר,יחידה,0.00,יחידה,false,,9.90,0.0000,true,1,31023
6224009175192,false,"תות שדה 1 ק""ג קפוא ב",,,"תות שדה 1 ק""ג קפוא ב",קילוגרמים,1.00,"ק""ג",false,,20.90,20.9000,true,1,51416
6566817521007,false,זוג מחבט כדור נוצה,,,זוג מחבט כדור נוצה,יחידה,0.00,יחידה,false,,15.00,0.0000,true,1,13040
6566817521014,false,זוג מחבט פינגפונג +,,,זוג מחבט פינגפונג +,יחידה,0.00,יחידה,false,,14.90,0.0000,true,1,237158
6900024600672,false,מברשת לסלה+כוס,,,מברשת לסלה+כוס,יחידה,0.00,יחידה,false,,8.90,0.0000,true,1,375588
6902019042016,false,אטבי כביסה 10 יחידות,,,אטבי כביסה 10 יחידות,יחידה,0.00,יחידה,false,,5.50,0.0000,true,1,13078
6902019042061,false,מארז בלונים 50 יח קרביץ,,,מארז בלונים 50 יח,יחידה,0.00,יחידה,false,,10.90,0.0000,true,1,13081
6910191800287,false,אצות נורי לסושי מזרח,ננטונג היידה אקווטוק,CN,אצות נורי לסושי מזרח,גרמים,25.00,100 גרם,false,,11.90,47.6000,true,1,47462
6912977000140,false,אטריות שעועית דקות 250 גרם,Yantai Yinsida Longk,CN,אטריות שעועית ללא גל,גרמים,250.00,100 גרם,false,,8.90,3.5600,true,1,47463
6918647655351,false,דבק דו צדדי זוג 1.7*,,,דבק דו צדדי זוג 1.7*,יחידה,0.00,יחידה,false,,9.90,0.0000,true,1,341982
6920072208378,false,מתקן כביסה כחול מבריק,,,מתקן לייבוש כביסה,יחידה,0.00,יחידה,false,,119.90,0.0000,true,1,402110
6920180425162,false,אקדח בועות סבון שקוף,,,אקדח בועות סבון שקוף,יחידה,0.00,יחידה,false,,15.90,0.0000,true,1,13086
6920185430222,false,"חול קינטי מארז 1 ק""ג",,,"חול קינטי מארז 1 ק""ג",קילוגרמים,1.00,"ק""ג",false,,25.00,25.0000,true,1,13088
6920190410011,false,כוסות נייר לאפיה מאפינס גדול 50 יח',,,נייר מאפינס לאפייה ו,יחידה,0.00,יחידה,false,,13.90,0.0000,true,1,13090
6920190410059,false,כוסות נייר אפיה קטן (קאפקייקס) 50יח,,,נייר מאפינס קטנים לא,יחידה,0.00,יחידה,false,,13.90,0.0000,true,1,13093
6920220650028,false,חנוכיית פח זהב/כסף,,,חנוכיה פח זהב/כסף,יחידה,0.00,יחידה,false,,4.90,0.0000,true,1,399453
6924421202017,false,פטריות שי-מג'י חוות,,,פטריות שי-מג'י חוות,גרמים,150.00,100 גרם,false,,12.90,8.6000,true,1,50847
6928054201423,false,כפפות ניילון good li,,,כפפות ניילון good li,יחידה,0.00,יחידה,false,,5.50,0.0000,true,1,314552
6936745600783,false,חומץ אורז מיצוקאן 500 מל,Qingdao Sun-growing,CN,"חומץ אורז 500 מ""ל (ד",גרמים,500.00,100 גרם,false,,15.90,3.1800,true,1,47467
6970156560007,false,נרתיק הגנה לפאלפון ל,,,נרתיק הגנה לפאלפון ל,יחידה,0.00,יחידה,false,,9.90,0.0000,true,1,341985
6980531007577,false,פותחן בקבוקי יין פרפ,,,פותחן בקבוקי יין פרפ,יחידה,0.00,יחידה,false,,25.90,0.0000,true,1,375602
6980531007584,false,קולפן מטאלי איכותי,,,קולפן מטאלי איכותי,יחידה,0.00,יחידה,false,,25.90,0.0000,true,1,375603
6980531007713,false,מארז שלישיה פותחן שי,,,מארז שלישיה פותחן שי,יחידה,0.00,יחידה,false,,9.90,0.0000,true,1,375545
6986931275288,false,"כרזת יום הולדת 180 ס""מ",,,כרזת יום הולדת 180 ס,יחידה,0.00,יחידה,false,,3.90,0.0000,true,1,315196
6989198335078,false,"שיפודים 15 ס""מ 100 י",,,"שיפודים 15 ס""מ 100 י",יחידה,0.00,יחידה,false,,8.90,0.0000,true,1,375617
7180589856540,false,נייס שבלולים לשיער,,,נייס שבלולים לשיער,יחידה,0.00,יחידה,false,,3.90,0.0000,true,1,33897
7262626014158,false,בובת רותי מנגנת,,,בובת רותי מנגנת,יחידה,0.00,יחידה,false,,24.90,0.0000,true,1,31107
7262626088180,false,טייץ טרמי שחור,,,טייץ טרמי שחור,יחידה,0.00,יחידה,false,,29.90,0.0000,true,1,90549
7262626088197,false,טייץ טרמי צבעוני,,,טייץ טרמי צבעוני,יחידה,0.00,יחידה,false,,29.90,0.0000,true,1,90252
7262626111222,false,בובה דובי,,,בובה דובי,יחידה,0.00,יחידה,false,,19.90,0.0000,true,1,143998
7271730901261,false,ווקי מאק ארוחת אטריות עם גבינה 156 גרם,ניו וורלד פסטה קומפנ,US,ארוחת אטריות וואקי מ,גרמים,156.00,100 גרם,false,,11.90,7.6282,true,1,36820
7290000001056,false,לחם אחיד 750 גרם,,,לחם אחיד 750 גרם,גרמים,750.00,100 גרם,false,,5.12,0.6827,true,1,4463
7290000004444,false,שקיות גופיה 20 מקרו,,,שקיות גופיה 20 מקרו,יחידה,0.00,יחידה,false,,0.10,0.0000,true,1,368082
7290000011593,false,שזיף,,,שזיף,קילוגרמים,1.00,"ק""ג",true,,19.90,19.9000,true,1,50831
7290000015570,false,תפוח עץ גאלה אורגני,,,תפוח עץ גאלה אורגני,קילוגרמים,1.00,"ק""ג",true,,14.90,14.9000,true,1,412176
7290000023007,false,"ברנדי שטוק 84 40% 750 מ""ל","יקבי ברקן בע""ם",IL,"ברנדי שטוק 84 750 מ""",מיליליטרים,750.00,"100 מ""ל",false,,80.90,10.7867,true,1,9291
7290000023809,false,"יין ברקן קלאסיק קברנה סובניון 750מ""ל",יקבי ברקן שיווק והפצ,IL,קלאסיק קברנה סובניון,מיליליטרים,750.00,"100 מ""ל",false,,35.50,4.7333,true,1,9305
7290000023816,false,"יין ברקן קלאסיק אמרלד ריזלינג 750מ""ל",יקבי ברקן שיווק והפצ,IL,קלאסיק אמרלד ריזלינג,מיליליטרים,750.00,"100 מ""ל",false,,35.50,4.7333,true,1,9306
7290000023977,false,"יין ברקן קלאסיק מרלו 750 מ""ל",יקבי ברקן שיווק והפצ,IL,קלאסיק מרלו 750מל.,מיליליטרים,750.00,"100 מ""ל",false,,35.50,4.7333,true,1,9312
7290000024240,false,יין רזרב שרדונה 750 מל שביעית,ביבקבי ברקן שיווק וה,IL,"שרדונה רזרבד 750 מ""ל",מיליליטרים,750.00,"100 מ""ל",false,,46.90,6.2533,true,1,9318
7290000032665,false,רוטב עגבניות 28% 580ג' פרי זה,,,רוטב עגבניות 28% ברי,גרמים,580.00,100 גרם,false,,8.50,1.4655,true,1,8613
7290000040042,false,יוגורט תות %3 גביע 150 ג' יופלה,תנובה בעמ,IL,יופלה תות שובב 3% 15,מיליליטרים,150.00,"100 מ""ל",false,,5.60,3.7333,true,1,25661
7290000040080,false,יוגורט אפרסק 3% שומן 150 ג' יופלה,תנובה בעמ,IL,יופלה אפרסק מאוהב 3%,מיליליטרים,150.00,"100 מ""ל",false,,5.60,3.7333,true,1,25663
7290000040318,false,גבינת ברי 24% קולאז עדי תנובה 125 ג',תנובה,IL,תנובה גבינת ברי 24%,גרמים,125.00,100 גרם,false,,20.90,16.7200,true,1,25665
7290000040974,false,חלב טרי דל לקטוז 1ל' תנובה,"תנובה, מחלבת רחובות",IL,חלב תנובה קרטון דל ל,ליטרים,1.00,ליטר,false,,7.50,7.5000,true,1,25668
7290000041858,false,"שמנת חמוצה 15% יטבתה 200 מ""ל מהדרין",שטראוס גרופ,IL,יטבתה שמנת חמוצה 15%,מיליליטרים,200.00,"100 מ""ל",false,,2.90,1.4500,true,1,23206
7290000042015,false,חלב טרי 3% תנובה שקית 1ל' מהדרין,תנובה,IL,חלב תנובה טרי שקית,יחידה,0.00,יחידה,false,,5.43,0.0000,true,1,25673
7290000042435,false,חלב דל שומן בקרטון+פקק 1 ליטר 1%,תנובה מרכז שיתופי לש,IL,חלב תנובה בקרטון 1%,ליטרים,1.00,ליטר,false,,5.86,5.8600,true,1,25679
7290000042640,false,"חלב תנובה עמיד 3% קרטון 250 מ""ל",תנובה מרכז שיתופי לש,IL,חלב תנובה עמיד 3% מה,מיליליטרים,250.00,"100 מ""ל",false,,2.90,1.1600,true,1,25684
7290000042855,false,יוטבתה שוקו שקית 225מל,שטראוס גרופ,IL,יטבתה שוקו שקית 225,מיליליטרים,225.00,"100 מ""ל",false,,2.90,1.2889,true,1,23211
7290000043012,false,"שוקו עמיד 2% בקרטון 250 מ""ל תנובה",תנובה,IL,שוק שוקו עמיד 2% בקר,מיליליטרים,250.00,"100 מ""ל",false,,4.90,1.9600,true,1,25686
7290000043814,false,"שמנת מתוקה להקצפה 38% 250 מ""ל תנובה",תנובה מרכז שיתופי לש,IL,שף לבן שמנת לקצפת עמ,מיליליטרים,250.00,"100 מ""ל",false,,6.47,2.5880,true,1,25689
7290000043890,false,רוויון קרטון 1 ליטר %1.5,תנובה מרכז שיתופי לש,IL,ריויון 1.5% 1ל,ליטרים,1.00,ליטר,false,,11.90,11.9000,true,1,25690
7290000043944,false,כד יוגורט תנובה 4% שומן 1.5 ליטר,מיוצר עי קונדיטוריית,IL,יוגורט כדים תנובה 1.,ליטרים,1.50,ליטר,false,,17.70,11.8000,true,1,25691
7290000044712,false,יוגורט עם תות 1.5% שומן 500 ג' פרילי,מיוצר עי קונדיטוריית,IL,פרילי תות 1.5% 500מל,מיליליטרים,500.00,"100 מ""ל",false,,10.90,2.1800,true,1,25695
7290000045580,false,"גבינת מותכת נעמה חורש 25%, 240 ג'",תנובה מרכז שיתופי לש,IL,נעמה גבינת מותכת 25%,גרמים,240.00,100 גרם,false,,18.90,7.8750,true,1,25700
7290000046327,false,"גבינת גלבוע פרוס 22%, 200 ג' תנובה",תנובה מרכז שיתופי לש,IL,גלבוע גבינה פרוסה 22,גרמים,200.00,100 גרם,false,,13.90,6.9500,true,1,25703
7290000047546,false,כנען גבינה לבנה 5% 500 גרם ללא מלח,תנובה,IL,שף לבן כנען 5% 500ג,גרמים,500.00,100 גרם,false,,26.10,5.2200,true,1,25704
7290000048185,false,גבינה לבנה 5% שומן 250 ג' תנובה,מיוצר עי קונדיטוריית,IL,גבינה לבנה רכה 5% תנ,גרמים,250.00,100 גרם,false,,4.98,1.9920,true,1,25707
7290000048192,false,גבינה לבנה 9% שומן 250 ג' תנובה,מחלבת אלון תבור,IL,גבינה לבנה רכה 9% בד,גרמים,250.00,100 גרם,false,,5.00,2.0000,true,1,25708
7290000048307,false,גבינת קוטג 5% עם זיתים 250ירוקים גרם,מיוצר עי קונדיטוריית,IL,קוטג תנובה עם זיתים,גרמים,250.00,100 גרם,false,,5.90,2.3600,true,1,25709
7290000048413,false,גבינה חמד %16 שקית 250 ג' פיראוס,תנובה מרכז שיתופי לש,IL,פיראוס חמד 16% 250ג,גרמים,250.00,100 גרם,false,,20.90,8.3600,true,1,25710
7290000049458,false,גבינת פטה עיזים 16% גביע פיראוס 250 ג',תנובה מרכז שיתופי לש,IL,פיראוס בולגרית עיזים,גרמים,250.00,100 גרם,false,,29.50,11.8000,true,1,25714
7290000050447,false,יוגורט תות 500 ג' יופלה,מיוצר עי קונדיטוריית,IL,יופלהYYY תות 3% 500מ,מיליליטרים,500.00,"100 מ""ל",false,,13.90,2.7800,true,1,25718
7290000051710,false,לאבנה 9% עם שמן זית וזעתר 263 ג' פיראוס,"תנובה, מחלבת אלון תב",IL,פיראוס לאבנה עם שמן,גרמים,263.00,100 גרם,false,,14.90,5.6654,true,1,25728
7290000052311,false,עמק פרוס בקופסא 200 גר 15% שומן,תנובה,IL,עמק מהדרין 15% 200 ג,גרמים,200.00,100 גרם,false,,16.90,8.4500,true,1,25733
7290000052649,false,גבינת לאבנה 5% שומן 500 ג' פיראוס,פ.פ.ח. שאביט,IL,פיראוס לאבנה 5% 500ג,גרמים,500.00,100 גרם,false,,19.90,3.9800,true,1,25735
7290000055015,false,גבינת פיראוס פטה כבשים 5% 250 ג' פיראוס,תנובה מחלבת טנא נוגה,IL,פיראוס גבינת פטה כבש,גרמים,250.00,100 גרם,false,,29.50,11.8000,true,1,25747
7290000055336,false,משקה יוגורט יופלה בטעם בננה אפרסק 250 גר,תנובה בעמ,IL,יופלה משקה יוגורט בנ,מיליליטרים,250.00,"100 מ""ל",false,,6.50,2.6000,true,1,25750
7290000055893,false,חמאה משמנת מפוסטרת 200ג' כ.מהדרין,תנובה,IL,חמאה מהדרין תנובה 20,גרמים,200.00,100 גרם,false,,8.20,4.1000,true,1,25757
7290000056890,false,דיאט יופלה שמינייה טעמים שונים,מיוצר עי קונדיטוריית,IL,יופלה דיאט טעמים שונ,קילוגרמים,1.20,"ק""ג",false,,32.90,27.4167,true,1,25767
7290000056906,false,מאגדת לבן טבעי 1.5% שומן 8 יח' * 150 ג' יופלה,מחלבת אלון תבור,IL,יופלה לבן 1.5% 8*150,ליטרים,1.20,ליטר,false,,18.90,15.7500,true,1,25768
7290000056951,false,שמנת לבישול 15% 500 מל עמיד השף הלבן,תנובה,IL,שף לבן שמנת לבישול +,מיליליטרים,500.00,"100 מ""ל",false,,17.90,3.5800,true,1,25770
7290000057088,false,עמק פרוס דק דק 200 גרם 28%,פ.פ.ח. שאביט,IL,עמק דק דק 28% 200גר,גרמים,200.00,100 גרם,false,,17.50,8.7500,true,1,25773
7290000057118,false,עמק סמי מעדנייה כשרות מהדרין,תנובה מרכז שיתופי לש,IL,עמק סמי 28% 400 גר,גרמים,400.00,100 גרם,false,,23.90,5.9750,true,1,25774
7290000057132,false,יוגורט תנובה טבעי 1.5% גביע 200 גרם,מחלבת אלון תבור,IL,תנובה יוגורט טבעי 1.,מיליליטרים,200.00,"100 מ""ל",false,,3.50,1.7500,true,1,25775
7290000057149,false,יוגורט תנובה טבעי 3% גביע 200 גרם,מיוצר עי קונדיטוריית,IL,תנובה יוגורט טבעי 3%,גרמים,200.00,100 גרם,false,,3.50,1.7500,true,1,25776
7290000058030,false,"יופלה שטוזים משקה יוגורט תות 8 יח' * 100 מ""ל",מיוצר עי קונדיטוריית,IL,יופלה שטוזים משקה יו,מיליליטרים,800.00,"100 מ""ל",false,,21.90,2.7375,true,1,25781
7290000058047,false,"שמנת להקצפה 38% שומן 500 מ""ל תנובה",תנובה,IL,שף לבן שמנת מתוקה מה,מיליליטרים,500.00,"100 מ""ל",false,,12.94,2.5880,true,1,25782
7290000058580,false,קוקילידה וניל ועוגיות שוקולד נסטלה 83ג',נגה גלידות (גלידות נ,IL,קוקילידה וניל,יחידה,0.00,יחידה,false,,10.90,0.0000,true,1,16054
7290000060088,false,בייגלה מקלות מלוחים 400 ג' אסם,מיוצר עי קונדיטוריית,IL,בייגלה אסם מקלות מלו,גרמים,400.00,100 גרם,false,,11.90,2.9750,true,1,18402
7290000060163,false,אטריות דקות 400 ג' אסם,"אסם השקעות בע""מ",IL,אטריות דקות אסם 400,גרמים,400.00,100 גרם,false,,7.90,1.9750,true,1,18405
7290000060200,false,אוסם - פתיתים אפויים קוסקוס 500 גרם,"אסם השקעות בע""מ",IL,פתיתים אפויים קוסקוס,גרמים,500.00,100 גרם,false,,7.90,1.5800,true,1,18406
7290000060217,false,פסטה מקרוני 7 500 ג' אסם,פסטה זארה,IT,פסטה מקרוני אסם 500,גרמים,500.00,100 גרם,false,,6.90,1.3800,true,1,18407
7290000060248,false,פסטה אסם פתיתים תלתלים 500 גר',פסטה זארה,IL,פסטה תלתלים אסם 500,גרמים,500.00,100 גרם,false,,6.90,1.3800,true,1,18408
7290000060330,false,פסטה ספירלי פרפקטו 500 ג' אסם,פסטה זארה,IL,פסטה ספירלי פרפקטו 5,גרמים,500.00,100 גרם,false,,7.90,1.5800,true,1,18412
7290000060576,false,פתיתים אפויים כוכבים 500 ג' אסם,"אסם השקעות בע""מ",IL,פתיתים אפויים כוכבים,גרמים,500.00,100 גרם,false,,7.90,1.5800,true,1,18421
7290000060781,false,פסטה מסולסלים (57) 500 גרם,פסטה זארה,IT,פסטה מסולסלים אסם 50,גרמים,500.00,100 גרם,false,,6.90,1.3800,true,1,18422
7290000060811,false,טילון אקסטרים ענק מטבע שוקולד 120 ג',תות תעשיות מזון (201,IL,אקסטרים מטבע ענק,גרמים,500.00,100 גרם,false,,9.90,1.9800,true,1,16057
7290000060842,false,פסטה צדפים גדולים (56) 500 גרם,פסטה זארה,IT,פסטה צדפים גדולים אס,גרמים,500.00,100 גרם,false,,6.90,1.3800,true,1,18424
7290000060880,false,פסטה מס' 8 ספגטי אסם 500ג',פסטה זארה,IT,ספגטי אסם 500 גרם,גרמים,500.00,100 גרם,false,,6.90,1.3800,true,1,18427
7290000060903,false,אוסם - פתיתים אפויים אורז 500 גרם,"אסם השקעות בע""מ",IL,פתיתים אפויים אורז א,גרמים,500.00,100 גרם,false,,7.90,1.5800,true,1,18428
7290000060958,false,אטריות בינוניות 400 ג' אסם,"אסם השקעות בע""מ",IL,אטריות בינוניות אסם,גרמים,400.00,100 גרם,false,,7.90,1.9750,true,1,18430
7290000060965,false,אטריות רחבות 400 ג' אסם,"אסם השקעות בע""מ",IL,אטריות רחבות אסם 400,גרמים,400.00,100 גרם,false,,7.90,1.9750,true,1,18431
7290000061061,false,אסם קרקר בצל 250גרם,"אסם השקעות בע""מ",IL,אסם קרקר בצל 250גרם,גרמים,250.00,100 גרם,false,,12.90,5.1600,true,1,18433
7290000061085,false,"רוטב צילי מתוק 290 מ""ל-בקבוק","אסם השקעות בע""מ",IL,אסם רוטב צ'ילי מתוק,מיליליטרים,290.00,"100 מ""ל",false,,13.90,4.7931,true,1,18434
7290000061214,false,פתיתים אפויים קוסקוס עם בצל אסם 500 גר',"אסם השקעות בע""מ",IL,פתיתים קוסקוס בצל אס,גרמים,500.00,100 גרם,false,,7.90,1.5800,true,1,18436
7290000061450,false,פתיתים אפויים קוסקוס צבעוני אסם 500 גר',"אסם השקעות בע""מ",IL,פתיתים קוסקוס 3 צבעי,גרמים,500.00,100 גרם,false,,7.90,1.5800,true,1,18439
7290000061764,false,נסקפה רד מאג טעם חדש 200ג',נסטלה ספרד,ES,נס קפה רד מאג טעם חד,גרמים,200.00,100 גרם,false,,24.90,12.4500,true,1,18440
7290000063102,false,קמח עוגה אסם תופח מאליו 350ג',"אסם השקעות בע""מ",IL,קמח תופח קטן אסם 350,גרמים,350.00,100 גרם,false,,5.90,1.6857,true,1,18449
7290000063140,false,שקדי מרק רכיבים טבעיים בשקית 400 ג' אסם,"אסם השקעות בע""מ",IL,שקדי מרק רכיבים טבעי,גרמים,400.00,100 גרם,false,,13.90,3.4750,true,1,18451
7290000063157,false,"קמח עוגה תופח מאליו 1 ק""ג","אסם השקעות בע""מ",IL,קמח עוגה תופח מאליו,קילוגרמים,1.00,"ק""ג",false,,10.90,10.9000,true,1,18452
7290000064758,false,קוסקוס בינוני אמיתי אסם 350 ג',"מיוצר ע""י קוד יצרן K",IL,קוסקוס אמיתי אסם 350,גרמים,350.00,100 גרם,false,,8.90,2.5429,true,1,18462
7290000065090,false,מיני קרוטונים למרק ולסלט 400 ג' אסם,עינת תעשיות,IL,מיני קרוטונים למרק ו,גרמים,400.00,100 גרם,false,,27.00,6.7500,true,1,18464
7290000065977,false,חטיפי פריכונים תירס שומשום 80 ג' אוסם,"מיוצר ע""י פרח, משווק",IL,חטיפי פריכונים תירס,גרמים,80.00,100 גרם,false,,8.90,11.1250,true,1,18474
7290000066134,false,ביסלי בטעם פלאפל 70 גרם,"אסם השקעות בע""מ",IL,ביסלי פלאפל 70גרם,גרמים,70.00,100 גרם,false,,4.90,7.0000,true,1,18475
7290000066141,false,ביסלי בטעם גריל 70 גרם,"אסם השקעות בע""מ",IL,ביסלי גריל 70 גר'.,גרמים,70.00,100 גרם,false,,4.90,7.0000,true,1,18476
7290000066172,false,ביסלי בטעם פיצה 70 גרם,"אסם השקעות בע""מ",IL,ביסלי פיצה 70גרם,גרמים,70.00,100 גרם,false,,4.90,7.0000,true,1,18479
7290000066264,false,אוסם - חטיף דובונים 40 גרם,"אסם השקעות בע""מ",IL,דובונים 40גרם,גרמים,40.00,100 גרם,false,,5.50,13.7500,true,1,18485
7290000066295,false,אסם במבה תות מחומרים טבעיים 30גר,מיוצר עי קונדיטוריית,IL,במבה מתוקה מחומרים ט,גרמים,30.00,100 גרם,false,,2.90,9.6667,true,1,18486
7290000066301,false,במבה 25 גרם,,,במבה 25 גר,גרמים,25.00,100 גרם,false,,2.90,11.6000,true,1,18487
7290000066318,false,במבה קלאסי 80 גרם,"אסם השקעות בע""מ",IL,במבה קלאסי 80 גרם,גרמים,80.00,100 גרם,false,,4.90,6.1250,true,1,18488
7290000066332,false,אפרופו חטיף אסם 50ג',מיוצר עי קונדיטוריית,IL,אפרופו 50 גרם,גרמים,50.00,100 גרם,false,,5.50,11.0000,true,1,18489
7290000066431,false,פופקו חטיף תירס בטעם חמאה ודבש 80 גרם,מיוצר עי קונדיטוריית,IL,פופקו חמאה ודבש 80גר,גרמים,80.00,100 גרם,false,,5.90,7.3750,true,1,18491
7290000067544,false,פירורית זהב 200 ג' אוסם,עינת תעשיות,IL,אסם פירורית פירורי ל,גרמים,200.00,100 גרם,false,,6.50,3.2500,true,1,18500
7290000067599,false,אוסם - מנה חמה ספגטי רוטב בולנז 65 גרם,"אסם השקעות בע""מ",IL,מנה חמה ספגטי בולונז,גרמים,65.00,100 גרם,false,,6.90,10.6154,true,1,18504
7290000068138,false,פודינג אינסטנט וניל 80 ג' אסם,מיוצר עי קונדיטוריית,IL,אסם פודינג אינסטנט ו,גרמים,80.00,100 גרם,false,,6.50,8.1250,true,1,18510
7290000068152,false,"אבקת רוטב לצלי בשר 22 גרם אסם כשל""פ",אסם,,אסם אבקת רוטב צלי לב,גרמים,22.00,100 גרם,false,,3.90,17.7273,true,1,18511
7290000068190,false,ג'לי תות שדה צבע טבעי 85 ג',מיוצר עי קונדיטוריית,IL,אסם ג'לי תות שדה צבע,גרמים,90.00,100 גרם,false,,7.50,8.3333,true,1,18514
7290000068206,false,ג'לי משמש אסם צבע טבעי 85 ג',מיוצר עי קונדיטוריית,IL,אסם ג'לי משמש צבעים,גרמים,85.00,100 גרם,false,,7.50,8.8235,true,1,18515
7290000068237,false,ג'לי פטל צבע טבעי 85ג' אסם,מיוצר עי קונדיטוריית,IL,אסם ג'לי פטל צבעים ט,גרמים,85.00,100 גרם,false,,7.50,8.8235,true,1,18516
7290000068299,false,"מנה חמה תפו""א עם פטר","אסם השקעות בע""מ",IL,"מנה חמה פירה תפ"" ופט",גרמים,47.00,100 גרם,false,,6.90,14.6809,true,1,18519
7290000068343,false,אוסם - פירכונים מאורז מלא 140 גרם,"מיוצר ע""י PT, משווק",IL,פריכונים מאורז מלא א,גרמים,140.00,100 גרם,false,,7.90,5.6429,true,1,18520
7290000068701,false,שקדי מרק רכיבים טבעיים 400 גרם-מיכל,"אסם השקעות בע""מ",IL,שקדי מרק במיכל אסם 4,גרמים,400.00,100 גרם,false,,17.90,4.4750,true,1,18521
7290000068770,false,במבה יום הולדת 80 גרם,"אסם השקעות בע""מ",IL,במבה יום הולדת 80גרם,גרמים,80.00,100 גרם,false,,4.90,6.1250,true,1,18522
7290000069258,false,פסטה פרפקטו פנה ריגאטה 500ג' אסם,פסטה זארה,IT,פנה ריגאטה פרפקטו 50,גרמים,500.00,100 גרם,false,,7.90,1.5800,true,1,18527
7290000069364,false,פריכונים עגולים אורז דל נתרן אסם 140 גרם,"מיוצר ע""י PT, משווק",IL,פריכונים מאורז מלא ל,גרמים,140.00,100 גרם,false,,7.90,5.6429,true,1,18528
7290000070353,false,אבקת מרק בצל רכיבים טבעיים 400 ג' אסם,"אסם השקעות בע""מ",IL,אבקת מרק בצל רכיבים,גרמים,400.00,100 גרם,false,,28.90,7.2250,true,1,18540
7290000072623,false,קטשופ אסם בקבוק לחיץ 750 גרם,"אסם השקעות בע""מ",IL,אסם קטשופ בקבוק לחיץ,גרמים,750.00,100 גרם,false,,11.90,1.5867,true,1,18556
7290000072753,false,קפה טייסטר צ'ויס קפה מגורען 200ג',לוטה נסטלה קוריאה,IL,נס קפה טייסטרס צ'ויס,גרמים,200.00,100 גרם,false,,32.90,16.4500,true,1,18559
7290000072777,false,קפה טייסטר צ'ויס מגור' נ.קפאין 200ג',לוטה נסטלה קוריאה,IL,טייסטרס צוייס נטול ק,גרמים,200.00,100 גרם,false,,40.90,20.4500,true,1,18561
7290000072968,false,דגנים סיני מיניס מלחמת הכוכבים 500 גרם,סי. פי. פולין,PL,סיני מיניס דגני נסטל,יחידה,500.00,יחידה,false,,27.90,0.0558,true,1,18567
7290000073750,false,מנה חמה נודלס אטר+ירקות טעם עוף 70 גרם,,,מנה חמה נודלס בטעם ע,גרמים,70.00,100 גרם,false,,6.90,9.8571,true,1,18571
7290000073767,false,מנה חמה נודלס אטר.+ירקות טעם בקר 70 גרם,,,מנה חמה נודלס בטעם ב,גרמים,70.00,100 גרם,false,,6.90,9.8571,true,1,18572
7290000074153,false,ביסקוויט פתיבר שוקו,מיוצר עי קונדיטוריית,IL,אסם פתי בר שוקו 500ג,גרמים,500.00,100 גרם,false,,14.90,2.9800,true,1,18577
7290000074184,false,אוסם - פתי בר בינוני 500 גרם,"אסם השקעות בע""מ",IL,אסם פתי בר 500גרם.,גרמים,500.00,100 גרם,false,,10.90,2.1800,true,1,18579
7290000074245,false,אוסם - קרם קרקר אסם 250 גרם,"אסם השקעות בע""מ",IL,אסם קרם קרקר 250גרם,גרמים,250.00,100 גרם,false,,10.90,4.3600,true,1,18580
7290000074252,false,אסם קרקר שומשום 250 גרם,"אסם השקעות בע""מ",IL,אסם קרקר שומשום 250ג,גרמים,250.00,100 גרם,false,,10.90,4.3600,true,1,18581
7290000074276,false,קרקר פיקנטי טבעון 250 ג' אסם,"אסם השקעות בע""מ",IL,טבעון קרקר פיקנטי 25,גרמים,250.00,100 גרם,false,,10.90,4.3600,true,1,18582
7290000074375,false,אוסם - קרקר זהב 150 גרם,"אסם השקעות בע""מ",IL,אסם קרקר זהב 150גרם,גרמים,150.00,100 גרם,false,,8.50,5.6667,true,1,18585
7290000074481,false,לחמית אגוזים אסם 160 ג',"אסם השקעות בע""מ",IL,לחמית אגוזים 160גרם,גרמים,160.00,100 גרם,false,,11.90,7.4375,true,1,18587
7290000074696,false,"קרם קרקר 1 ק""ג אוסם","אסם השקעות בע""מ",IL,אסם קרם קרקר 1קג,קילוגרמים,1.00,"ק""ג",false,,24.90,24.9000,true,1,18589
7290000076133,false,בייגלה שמיניות קטנות 400 גרם אסם,"אסם השקעות בע""מ",IL,בייגלה אסם שמיניות ק,גרמים,400.00,100 גרם,false,,11.90,2.9750,true,1,18600
7290000077017,false,עוגיות קרמוגית וקרם שוקולד אסם 200 גרם,מיוצר עי קונדיטוריית,IL,אסם קרמוגית במילוי ש,גרמים,200.00,100 גרם,false,,12.90,6.4500,true,1,18604
7290000077253,false,אוסם - לחמית כפרית עם דגנים מלאים 190 גרם,"אסם השקעות בע""מ",IL,לחמית כפרית 190גרם,גרמים,190.00,100 גרם,false,,11.90,6.2632,true,1,18605
7290000078212,false,קרוטונים מתובלים 250 ג' אסם,עינת תעשיות,IL,קרוטונים מתובלים אסם,גרמים,250.00,100 גרם,false,,16.90,6.7600,true,1,18608
7290000078762,false,אוסם - חטיפי פריכונים מאורז מלא בטעם דבש 80גר,סנורייס בלגיום אן. ו,IL,חטיפי פריכונים אורז,גרמים,80.00,100 גרם,false,,8.90,11.1250,true,1,18610
7290000081663,false,בייגלה טבעות עם שומשום 300 גרם,מיוצר עי קונדיטוריית,IL,בייגלה אסם טבעות שומ,גרמים,300.00,100 גרם,false,,11.90,3.9667,true,1,18616
7290000085180,false,גטניו פתי בר וניל 470 גרם,"אחים גטניו בע""מ",,גטניו - פתיבר וניל 4,גרמים,470.00,100 גרם,false,,9.90,2.1064,true,1,41151
7290000101927,false,אוכמניות כחולות מוקפאות סנפרוסט 300 גרם,"איי, בי, אינבוו",IL,אוכמניות כחולות מוקפ,גרמים,300.00,100 גרם,false,,19.90,6.6333,true,1,25420
7290000101934,false,מיקס פירות יער מוקפאות 300 ג' סנפרוסט,"סנפרוסט בע""מ",IL,מיקס פירות יער 300 ג,גרמים,300.00,100 גרם,false,,19.90,6.6333,true,1,25421
7290000103839,false,מרק כתום קפוא 570 ג' סנפרוסט,"סנפרוסט בע""מ",IL,סנפרוסט מרק כתום קפו,גרמים,572.00,100 גרם,false,,20.90,3.6538,true,1,25457
7290000103846,false,מרק אפונה 570 ג' סנפרוסט,"סנפרוסט בע""מ",IL,סנפרוסט מרק אפונה קפ,גרמים,570.00,100 גרם,false,,20.90,3.6667,true,1,25458
7290000103860,false,מרק עדשים קפוא 570 ג' סנפרוסט,"איי, בי, אינבוו",IL,סנפרוסט מרק עדשים קפ,גרמים,572.00,100 גרם,false,,20.90,3.6538,true,1,25459
7290000103877,false,מרק שעועית קפוא 640 ג' סנפרוסט,"סנפרוסט בע""מ",IL,סנפרוסט מרק שעועית ק,גרמים,644.00,100 גרם,false,,20.90,3.2453,true,1,25460
7290000104072,false,עדשים ירוקות מבושלות מוקפאות 800 ג' סנפרוסט,"איי, בי, אינבוו",IL,סנפרוסט עדשים ירוקות,גרמים,800.00,100 גרם,false,,21.90,2.7375,true,1,25463
7290000104188,false,שעועית אדומה מבושלת סנפרוסט 800גר,"סנפרוסט בע""מ",IL,סנפרוסט שעועית אדומה,גרמים,800.00,100 גרם,false,,20.90,2.6125,true,1,25464
7290000104201,false,אפונה עדינה 600 גר סנפרוסט,"איי, בי, אינבוו",IL,אפונה עדינה סנפרוסט,גרמים,600.00,100 גרם,false,,20.90,3.4833,true,1,25465
7290000104218,false,במיה 600 גר סנפרוסט,"איי, בי, אינבוו",IL,סנפרוסט במיה 600גר,גרמים,600.00,100 גרם,false,,17.90,2.9833,true,1,25466
7290000104676,false,אפונה קפואה סנפרוסט 800 גרם,"איי, בי, אינבוו",IL,אפונת גינה סנפרוסט 8,גרמים,800.00,100 גרם,false,,20.90,2.6125,true,1,25469
7290000104683,false,שעועית ירוקה שלמה 800 גר סנפרוסט,"סנפרוסט בע""מ",IL,שעועית שלמה סנפרוסט,גרמים,800.00,100 גרם,false,,23.90,2.9875,true,1,25470
7290000104706,false,גזר גמדי 800 גרם סנפרוסט,"סנפרוסט בע""מ",IL,גזר גמדי 800 גרם,גרמים,800.00,100 גרם,false,,19.90,2.4875,true,1,25472
7290000104713,false,פול ירוק 800 גר סנפרוסט,"איי, בי, אינבוו",IL,פול ירוק 800גר,גרמים,800.00,100 גרם,false,,26.90,3.3625,true,1,25473
7290000104720,false,שעועית ירוקה חתוכה 800גר סנפרוסט,"סנפרוסט בע""מ",IL,שעועית ירוקה חתוכה ס,גרמים,800.00,100 גרם,false,,21.90,2.7375,true,1,25474
7290000104737,false,שעועית צהובה חתוכה סנפרוסט 800גר,"סנפרוסט בע""מ",IL,שעועית צהובה חתוכה ס,גרמים,800.00,100 גרם,false,,21.90,2.7375,true,1,25475
7290000104751,false,כרוב ניצנים 800גר סנפרוסט,"איי, בי, אינבוו",IL,כרוב ניצנים 800גר,גרמים,800.00,100 גרם,false,,27.90,3.4875,true,1,25477
7290000104768,false,תרד עלים סנפרוסט 800 ג ',"איי, בי, אינבוו",IL,תרד עלים 800 גרם,גרמים,800.00,100 גרם,false,,28.90,3.6125,true,1,25478
7290000104799,false,שעועית לבנה מבושלת סנפרוסט 800גר,"איי, בי, אינבוו",IL,שעועית לבנה מבושלת 8,גרמים,800.00,100 גרם,false,,21.90,2.7375,true,1,25480
7290000104805,false,גרגירי חומוס קפוא 800 ג' סנפרוסט,"איי, בי, אינבוו",IL,גרגירי חומוס קפוא 80,גרמים,800.00,100 גרם,false,,21.90,2.7375,true,1,25481
7290000104836,false,שעועית עדינה שלמה 600 גר סנפרוסט,"סנפרוסט בע""מ",IL,שעועית עדינה שלמה סנ,גרמים,600.00,100 גרם,false,,24.90,4.1500,true,1,25483
7290000104881,false,אפונה וגזר קפוא סנפרוסט 800ג',"איי, בי, אינבוו",IL,אפונה וגזר 800 גרם ס,גרמים,800.00,100 גרם,false,,18.90,2.3625,true,1,25486
7290000106526,false,חגיגה ירוקה להקפצה סנפרוסט 800 גר,"איי, בי, אינבוו",IL,סנפרוסט חגיגה ירוקה,גרמים,800.00,100 גרם,false,,26.90,3.3625,true,1,25493
7290000107165,false,פולי סויה אדממה סנפרוסט 400 ג',"איי, בי, אינבוו",IL,פולי סויה אדממה קפוא,גרמים,400.00,100 גרם,false,,15.90,3.9750,true,1,25495
7290000107295,false,תפרחות ברוקולי סנפרוסט 800 ג',"איי, בי, אינבוו",IL,תפרחות ברוקולי 800ג,גרמים,800.00,100 גרם,false,,28.90,3.6125,true,1,25497
7290000112220,false,בארכה טחינה 100% שומשום 500 גרם,רושדי תעשיות מזון בע,IL,בארכה טחינה 100% שומ,גרמים,500.00,100 גרם,false,,15.90,3.1800,true,1,18617
7290000112503,false,מרק עשיר ירקות קנור 69 גרם - שקיות,יוניליוור ישראל מזון,IL,מרק עשיר ירקות קנור,גרמים,61.00,100 גרם,false,,11.90,19.5082,true,1,10095
7290000116884,false,רוטב קנור ברביקיו 300 גר,יוניליוור ישראל מזון,IL,רוטב ברביקיו קנור 20,מיליליטרים,200.00,"100 מ""ל",false,,13.90,6.9500,true,1,10110
7290000118277,false,כופתאות מצה להכנת מהירה 65 ג' קנור,יוניליוור ישראל מזון,IL,קנור קניידלך 2* 65 ג,גרמים,130.00,100 גרם,false,,12.90,9.9231,true,1,10122
7290000121154,false,"גבינת מון בלאן סלמון, 120 ג'",האי נאם סי או אל.טי.,IL,מון בלאן סלמון 7% 12,גרמים,120.00,100 גרם,false,,13.90,11.5833,true,1,16773
7290000125251,false,בדין שמפו לכביסה עדינה 2 ליטר,"זוהר דליה, קיבוץ דלי",IL,בדין שמפו לכביסה עדי,ליטרים,2.00,ליטר,false,,26.90,13.4500,true,1,10148
7290000129457,false,אבקת רוטב פטריות קנור 28 ג' שקית,יוניליוור ישראל מזון,IL,רוטב פטריות 28גר,גרמים,28.00,100 גרם,false,,5.50,19.6429,true,1,10156
7290000134147,false,טעם וריח מוסקט טחון מיכל 40גר,תות ממתקי איכות,IL,טעם וריח מוסקט טחון,גרמים,40.00,100 גרם,false,,14.90,37.2500,true,1,42297
7290000134314,false,תבלין תיבול לפיצה 120 ג',תות ממתקי איכות,IL,תערובת תיבול לפיצה ט,גרמים,120.00,100 גרם,false,,11.80,9.8333,true,1,42299
7290000134826,false,תבלין זעתר מעורב 100 גר',תות ממתקי איכות,IL,תבלין זעתר טעם וריח,גרמים,100.00,100 גרם,false,,12.30,12.3000,true,1,42312
7290000134840,false,תבלין כורכום טחון 100 גר',תות ממתקי איכות,IL,טעם וריח ת.כורכום במ,גרמים,100.00,100 גרם,false,,10.80,10.8000,true,1,42314
7290000134871,false,תבלין פלפל שחור טחון 100 גר',תות ממתקי איכות,IL,טעם וריח ת. פלפל שחו,גרמים,100.00,100 גרם,false,,16.90,16.9000,true,1,42317
7290000135045,false,"XL TEN משקה אנרגיה פתוח ללא סוכר 250 מ""ל","טמפו משקאות בע""מ",IL,אקס אל TEN פחית תפוח,מיליליטרים,250.00,"100 מ""ל",false,,4.90,1.9600,true,1,9347
7290000135137,false,טמפו סודה אפרסק 1.5,,,טמפו סודה אפרסק 1.5,ליטרים,6.00,ליטר,false,,11.90,1.9833,true,1,52023
7290000135151,false,"טמפו סודה למון ליים בקבוק 250 מ""ל",טמפו משקאות בעמ,IL,סודה נגיעות לימון 27,מיליליטרים,275.00,"100 מ""ל",false,,3.50,1.2727,true,1,109277
7290000136165,false,מירינדה בקבוק 1.5 לי,טמפו,IL,מירינדה 1.5 ליטר,ליטרים,1.50,ליטר,false,,8.50,5.6667,true,1,194072
7290000136240,false,סודה 1.5 ליטר שישייה בודד,טמפו,IL,טמפו סודה 1.5 ליטר,ליטרים,1.50,ליטר,false,,4.50,3.0000,true,1,193672
7290000136264,false,מי טוניק גזוז 1.5 ל' טמפו,טמפו,IL,טמפו מי טוניק 1.5 ל,ליטרים,1.50,ליטר,false,,11.00,7.3333,true,1,193611
7290000136288,false,סירופ בטעם תפוחים 330 מל JUICER,,,סיידר הגליל JUICER ס,מיליליטרים,330.00,"100 מ""ל",false,,13.60,4.1212,true,1,345333
7290000136301,false,"סירופ JUICER ענבים 330 מ""ל סיידר",,,סיידר הגליל JUICER ס,מיליליטרים,330.00,"100 מ""ל",false,,13.60,4.1212,true,1,345362
7290000136455,false,משקה בטעם אשכוליות תריסר 1.5 ל' ג'אמפ,טמפו,IL,ג`אמפ אשכול 1.5 ליטר,ליטרים,1.50,ליטר,false,,7.90,5.2667,true,1,193642
7290000136523,false,משקה בטעם ענבים תריסר 1.5 ל' ג'אמפ,טמפו,IL,ג`אמפ ענבים 1.5 ליטר,ליטרים,1.50,ליטר,false,,7.90,5.2667,true,1,193643
7290000136585,false,משקה בטעם תפוזים תריסר 1.5 ל' ג'אמפ,טמפו,IL,ג`אמפ תפוז 1.5 ליטר,ליטרים,1.50,ליטר,false,,7.90,5.2667,true,1,193644
7290000136646,false,משקה מאלט תריסר 1.5 ל' נשר,טמפו,IL,נשר מאלט 1.5 ליטר,ליטרים,1.50,ליטר,false,,9.50,6.3333,true,1,193555
7290000136653,false,משקה מאלט דיאט תריסר 1.5 ל' נשר,טמפו,IL,נשר מאלט דיאט 1.5 לי,ליטרים,1.50,ליטר,false,,9.50,6.3333,true,1,193570
7290000136660,false,סודה טמפו 1.5 ליטר,טמפו,IL,טמפו סודה 1.5 ליטר,ליטרים,1.50,ליטר,false,,4.50,3.0000,true,1,194007
7290000136684,false,פפסי מקס פיקדון 1.5 ליטר,טמפו,IL,פפסי מקס 1.5 ליטר,ליטרים,1.50,ליטר,false,,8.50,5.6667,true,1,194194
7290000136776,false,שישיית פפסי מקס דל קלוריות 1.5 ליטר,טמפו,IL,פפסי מקס 6*1.5 ליטר,ליטרים,9.00,ליטר,false,,38.90,4.3222,true,1,194181
7290000136790,false,מארז סודה שישייה 1.5 ל' טמפו,טמפו,IL,טמפו סודה 6*1.5 ליטר,ליטרים,9.00,ליטר,false,,19.60,2.1778,true,1,193673
7290000136813,false,סודה בטעם אננס מארז רביעייה 1.5 ל' טמפו,,IL,טמפו סודה אננס 1.5 ל,ליטרים,6.00,ליטר,false,,13.50,2.2500,true,1,193688
7290000136844,false,מים אקווה נובה 2 ליטר שישייה-,טמפו,IL,אקווה נובה 6*2 ליטר,ליטרים,12.00,ליטר,false,,12.90,1.0750,true,1,193596
7290000136868,false,מארז מים שישיה *1.5ל' סאן בנדטו,טמפו,IL,מים סאן בנדטו 6* 1.5,ליטרים,9.00,ליטר,false,,19.70,2.1889,true,1,193597
7290000136875,false,מארז מים מינרלים מוגז 6* 1.5 ל' סאן בנדטו,טמפו,IL,סאן בנדטו מים מינרלי,ליטרים,9.00,ליטר,false,,20.90,2.3222,true,1,193659
7290000139012,false,מספריים מטבח מתכת,,,מספריים מטבח מתכת,יחידה,0.00,יחידה,false,,10.00,0.0000,true,1,12942
7290000143200,false,"הוואי - מרכך לשיער יבש 700 מ""ל",שוורצקוף& הנקל דיסלד,IL,מרכך לשיער יבש הוואי,מיליליטרים,700.00,"100 מ""ל",false,,10.90,1.5571,true,1,8066
7290000144160,false,"שמן זית כתית מעולה מודגש""עץ-הזית"" 750 מ""ל","מרקאולאו, ספרד.אבסה,",IT,שמן זית כתית מעולה א,מיליליטרים,750.00,"100 מ""ל",false,,35.90,4.7867,true,1,29291
7290000144467,false,שמן חמניות מועשר בנוגדי חמצון 1 ל' עץ הזית,"נארז ע""י : א.ג. גילר",GR,שמן חמניות בריאות מה,ליטרים,1.00,ליטר,false,,17.90,17.9000,true,1,29294
7290000144474,false,שמן עץ הזית קנולה 1 ליטר בריאות מהטבע,סקנולה,EE,שמן קנולה בריאות עץ,ליטרים,1.00,ליטר,false,,17.90,17.9000,true,1,29295
7290000146683,false,הוואי - סבון מוצק אפקט דאודורנט 100 גרם רביעייה,,,סבון מוצק אפקט דאודו,גרמים,400.00,100 גרם,false,,13.90,3.4750,true,1,8079
7290000148748,false,גרעיני חמניה שקית קליית גת 200 גרם,"ג'י אנד ג'י בע""מ",IL,גרעיני חמניה 200 גרם,גרמים,200.00,100 גרם,false,,6.90,3.4500,true,1,12721
7290000148939,false,שקדים קלויים קלית גת 200 ג',"ג'י אנד ג'י בע""מ",IL,שקדים קלויים 200 גרם,גרמים,200.00,100 גרם,false,,20.90,10.4500,true,1,12722
7290000151885,false,נקניק הודו יחידה עוף טוב 700ג',,,נקניק הודו יחידה 700,גרמים,700.00,100 גרם,false,,19.90,2.8429,true,1,19639
7290000152943,false,פסטרמה כפרית +סלמי כפרי עוף טוב 350X2ג',מולינו ניקולי s.p.a,IL,עוף טוב סלמי פסטרמה,גרמים,700.00,100 גרם,false,,30.90,4.4143,true,1,19644
7290000153445,false,קציצות בקר מתובלות עוף טוב 500 ג',מולינו ניקולי s.p.a,IL,עוף טוב קציצות בקר מ,גרמים,500.00,100 גרם,false,,30.90,6.1800,true,1,19648
7290000153469,false,קציצות עוף קלאסיות עוף טוב 600 ג',מוצרי עוף טוב (2001),IL,עוף טוב קציצות עוף ק,גרמים,600.00,100 גרם,false,,30.90,5.1500,true,1,19649
7290000158105,false,שניצל עוף מיני דינוזאור מעוף שגדל ללא אנטיביוטיקה,מוצרי עוף טוב (2001),IL,עוף טוב שניצל עוף מי,גרמים,700.00,100 גרם,false,,37.90,5.4143,true,1,19663
7290000170053,false,שוקולד פרה חלב 100 גרם,"תופינית בע""מ",IL,שוקולד חלב פרה 100 ג,גרמים,100.00,100 גרם,false,,6.00,6.0000,true,1,22138
7290000174723,false,שוקולית אבקה להכנת משקה שוקו 500 גרם,הנסיך- מפעל לייצור ט,IL,שוקולית 500 גרם,גרמים,500.00,100 גרם,false,,14.90,2.9800,true,1,22146
7290000176079,false,קפה עלית טורקי עם הל 100 גרם,הנסיך- מפעל לייצור ט,IL,טורקי עלית קפה עם הל,גרמים,100.00,100 גרם,false,,10.50,10.5000,true,1,22149
7290000176420,false,קפה נמס אבקתי 200ג עלית,שטראוס קפה בי.וי,IL,קפה נמס עלית פחית 20,גרמים,200.00,100 גרם,false,,22.90,11.4500,true,1,22155
7290000178707,false,תפוציפס מלוח 50 גרם,"שטראוס פריטו ליי בע""",IL,תפוציפס טבעי 50 גרם,גרמים,50.00,100 גרם,false,,4.30,8.6000,true,1,24116
7290000178721,false,תפוציפס מלוח 200 גרם,"שטראוס פריטו ליי בע""",IL,תפוציפס טבעי 200 גרם,גרמים,200.00,100 גרם,false,,10.90,5.4500,true,1,24118
7290000186535,false,נייר טואלט טריו לבן 32 גלילים לילי,קימברלי קלארק ישראל,IL,לילי נייר טואלט טריו,מטרים,537.00,מטר,false,,46.90,0.0873,true,1,8832
7290000187921,false,נייר טואלט לבן 32 גלילים לילי,קימברלי קלארק ישראל,IL,"נייר טואלט ""לילי"" לב",מטרים,588.00,מטר,false,,42.90,0.0730,true,1,8847
7290000187938,false,לילי - נייר טואולט נייר טואלט פסטל 32 יח',חוגלה קימברלי,,"נייר טואלט ""לילי"" פס",מטרים,588.00,מטר,false,,42.90,0.0730,true,1,8848
7290000187952,false,נייר טואלט טריו לילי פרימיום 32גליל,חוגלה קימברלי,,נייר טאולט לילי טריו,מטרים,537.00,מטר,false,,46.90,0.0873,true,1,8849
7290000188355,false,מגבות מטבח ניקול לבנה שישייה,קימברלי-קלארק,IL,מגבות מטבח ניקול לבנ,מטרים,64.80,מטר,false,,13.90,0.2145,true,1,8855
7290000188553,false,קוטקס - מגן תחתון סילק נורמל 60 יח',קימברלי קלארק,IL,מגן תחתון סילק נורמל,יחידה,0.00,יחידה,false,,20.90,0.0000,true,1,8860
7290000189079,false,"ניקול תבניות אינגליש חזקות ועבות מארז, 7 יח'",סין,CN,ניקול תבניות אינגליש,יחידה,0.00,יחידה,false,,13.90,0.0000,true,1,8867
7290000189116,false,ניקול תבניות אלומניום עגולות 5 יח',סין,CN,ניקול תבניות עגולות,יחידה,0.00,יחידה,false,,13.90,0.0000,true,1,8868
7290000189192,false,מגבת רב שימושית סופר ניקול 64 דף,קימברלי קלארק,CO,ניקול מטלית חכמה יומ,יח',64.00,יח',false,,21.90,0.3422,true,1,8869
7290000189482,false,ניקול תבנית אפייה מקרטון מרובעת 4יח',"דוקארט בעמ, קיבוץ כפ",IL,ניקול תבנית אפייה מק,יחידה,0.00,יחידה,false,,10.90,0.0000,true,1,8878
7290000189499,false,ניקול תבנית אפייה מקרטון עגולה 3 יח',"דוקארט בעמ, קיבוץ כפ",IL,ניקול תבנית אפייה מק,יחידה,0.00,יחידה,false,,10.90,0.0000,true,1,8879
7290000189550,false,זוג אשפתון ניקול ענק מתכלה 10 יח,אשפלסט,IL,אשפתון זוג ענק 20,יחידה,0.00,יחידה,false,,26.90,0.0000,true,1,8882
7290000189598,false,מטליות לחות חד פעמיות לניקוי כללי 50 יח' ניקול,עלבד משואות יצחק בעמ,IL,מטליות לחות חד פעמיו,יחידה,0.00,יחידה,false,,13.90,0.0000,true,1,8883
7290000189659,false,ניקול - מטליות לחות לרצפה 10 יח',עלבד משואות יצחק בעמ,IL,ניקול מטליות לחות לר,יחידה,0.00,יחידה,false,,18.90,0.0000,true,1,8885
7290000189871,false,ניקול שקיות אשפה L עם שרוך 55 יח',אשפלסט,IL,אשפתון 55 שקיות,יחידה,0.00,יחידה,false,,24.90,0.0000,true,1,8892
7290000190068,false,מפיות נייר ניקול 100,חוגלה קימברלי,IL,מפיות לבן ניקול 100,יחידה,0.00,יחידה,false,,10.90,0.0000,true,1,8894
7290000191393,false,מגבוני טישיו רכים שביעייה מולט 100X7יח',,IL,מגבוני מולט לב אדום,יחידה,0.00,יחידה,false,,23.90,0.0000,true,1,8911
7290000191539,false,ממחטות טישו לילי צבעוני חמישיה,,,לילי צבעוני חמישיה-9,יחידה,0.00,יחידה,false,,15.90,0.0000,true,1,8913
7290000191652,false,קלינקס ממחטות טישו אולטרא סופט מארז 90X3יח',חוגלה קימברלי,IL,קלינקס קלאסיק ניילון,יחידה,0.00,יחידה,false,,12.90,0.0000,true,1,8918
7290000192581,false,מגבת נייר גליל כפול ניקול 12=6 גליל,,IL,מגבת כפולה ניקול 6=1,מטרים,129.70,מטר,false,,23.90,0.1843,true,1,8923
7290000193083,false,לילי - תחבושות נובה לי 28 יח',Ontex,,תחבושות נובה לי לילי,יחידה,0.00,יחידה,false,,11.90,0.0000,true,1,8926
7290000194208,false,כרעיים עוף חלק רב מח,,,כרעיים עוף חלק רב מח,קילוגרמים,1.00,"ק""ג",true,,34.90,34.9000,true,1,46772
7290000194239,false,מחפוד-חזה עוף קפוא מ,,,מחפוד-חזה עוף קפוא מ,קילוגרמים,1.00,"ק""ג",true,,34.90,34.9000,true,1,46773
7290000194260,false,מחפוד-שוקיים עוף קפו,,,מחפוד-שוקיים עוף קפו,קילוגרמים,1.00,"ק""ג",true,,36.90,36.9000,true,1,46775
7290000195216,false,נייר אפייה בשקית ניקול 50 יח',אופל,,ניקול נייר אפייה בשק,יחידה,0.00,יחידה,false,,12.90,0.0000,true,1,8955
7290000195537,false,האגיס - מגבוני האגיס דיילי קר לא מבושם 64 יח' * 4,ווטנפס בעמ,IL,מגבוני האגיס דיילי ק,יחידה,0.00,יחידה,false,,21.90,0.0000,true,1,8961
7290000195773,false,האגיס - מגבוני האגיס סנסטיב קר לא מבושם 64 יח' * 4,חוגלה קימברלי,,מגבוני האגיס סנסטיב,יחידה,0.00,יחידה,false,,21.90,0.0000,true,1,8965
7290000196763,false,ניקול שקיות לאשפה השקית החזקה 40 יח',אשפלסט,IL,ניקול השקית החזקה,יחידה,0.00,יחידה,false,,27.90,0.0000,true,1,8971
7290000197029,false,ניקול שקיות ניילון ריצרץ לאחסון 12יח',קילת,,ניקול שקיות ניילון ר,יחידה,0.00,יחידה,false,,17.90,0.0000,true,1,8975
7290000197326,false,רדיד אלומניום ניקול זוגי 30X7.5מ',אופל,IL,ניקול רדיד אלומיניום,מטרים,15.00,מטר,false,,13.90,0.9267,true,1,8985
7290000197432,false,שקיות אוכל סנדביצ'ון ניקול מארז 150X2יח',אשלפסט תעשיות בעמ,IL,ניקול שקיות אוכל זוג,יחידה,0.00,יחידה,false,,13.90,0.0000,true,1,8990
7290000197548,false,האגיס פרידום דריי שלב 5 38 יחידות,קימברלי קלארק ישראל,IL,האגיס פרידום דריי של,יחידה,0.00,יחידה,false,,48.90,0.0000,true,1,8996
7290000197999,false,רדיד אלומיניום עבה ניקול זוגי 30X7.5מ',אופל,IL,ניקול רדיד אלומיניום,מטרים,15.00,מטר,false,,18.90,1.2600,true,1,9006
7290000199313,false,קוטקס - תחבושות יאנג 30 יח',KC Turkey,IL,תחבושות קוטקס יאנג 2,יחידה,0.00,יחידה,false,,20.90,0.0000,true,1,9008
7290000204086,false,ניקול כרית קרצוף מארז שלישייה,UFO INC,IL,ניקול כרית קרצוף,יחידה,0.00,יחידה,false,,11.90,0.0000,true,1,9037
7290000204215,false,ניקול כריות יפניות 6 יח',פלסטופוליש,IL,ניקול כריות יפניות 6,יחידה,0.00,יחידה,false,,13.90,0.0000,true,1,9039
7290000204253,false,מטליות ניקול רב שימושיות 9יח',נועם אורים-קיבוץ אור,IL,מטלית רב שימושית תשע,יחידה,0.00,יחידה,false,,12.90,0.0000,true,1,9041
7290000204307,false,ניקול מטליות רב שימושיות בגליל 40 יח',נועם אורים-קיבוץ אור,IL,מטליות ניקול 40 רב ש,יחידה,0.00,יחידה,false,,23.90,0.0000,true,1,9042
7290000207162,false,רוטב עגבניות מרכיב טבעי 100 ג' יכין,"זנלכל בע""מ",IL,רוטב עגבניות 100 גרם,גרמים,100.00,100 גרם,false,,2.50,2.5000,true,1,8618
7290000208022,false,עגבניות מרוסקות פריכוז 800 ג' יכין,"זנלכל בע""מ",IL,עגבניות מרוסקות יכין,גרמים,800.00,100 גרם,false,,10.90,1.3625,true,1,8622
7290000208077,false,אפונת גינה רגילה 550 גרם יכין,"זנלכל בע""מ",IL,אפונת גינה גדולה L י,גרמים,335.00,100 גרם,false,,9.90,2.9552,true,1,8624
7290000208114,false,"אפונה וגזר יכין A2 פ""ק בית יוסף","זנלכל בע""מ",IL,אפונת גינה וגזר יכין,גרמים,330.00,100 גרם,false,,9.90,3.0000,true,1,8627
7290000208138,false,סירופ דיאט ענבים יכין 1 ליטר,"זנלכל בע""מ",IL,סירופ דייאט ענבים יכ,ליטרים,1.00,ליטר,false,,17.90,17.9000,true,1,8629
7290000208145,false,גרעיני תירס מתוק לייט 550 גרם יכין,"זנלכל בע""מ",IL,גרעיני תירס לייט יכי,גרמים,335.00,100 גרם,false,,9.90,2.9552,true,1,8630
7290000208213,false,שעועית לבנה אפויה A2 ברוטב עגבניות יכין 560ג',היינץ צפון אמריקה מק,IL,שעועית לבנה ברוטב עג,גרמים,355.00,100 גרם,false,,9.90,2.7887,true,1,8632
7290000208220,false,"שעועית צ'לי יכין פ""ק A2 בית יוסף",היינץ צפון אמריקה מק,IL,שעועית צילי חריף יכי,גרמים,355.00,100 גרם,false,,10.90,3.0704,true,1,8633
7290000208244,false,"בסיס לשקשוקה יכין A2 פ""ק בית יוסף","זנלכל בע""מ",IL,A2 בסיס עגבניות לשקש,גרמים,570.00,100 גרם,false,,11.90,2.0877,true,1,8634
7290000208312,false,גרעיני תירס מתוק בואקום יכין 400 גר',"זנלכל בע""מ",IL,גרעיני תירס מתוק יכי,גרמים,400.00,100 גרם,false,,7.90,1.9750,true,1,8637
7290000208329,false,גרעיני תירס מתוק 550 גרם יכין,"זנלכל בע""מ",IL,גרעיני תירס מתוק יכי,גרמים,335.00,100 גרם,false,,9.90,2.9552,true,1,8638
7290000208336,false,רסק יכין 240גר 22% יכין בית יוסף,"זנלכל בע""מ",IL,רוטב עגבניות יכין 24,גרמים,240.00,100 גרם,false,,5.50,2.2917,true,1,8639
7290000208350,false,עגבניות מרוסקות בצל 850 גר יכין A 2.5,,IL,עגבניות מרוסקות עם ב,גרמים,800.00,100 גרם,false,,10.90,1.3625,true,1,8641
7290000208367,false,עגבניות מרוסקות בתוספת בזיליקום 800 ג' יכין,,,עגבניות מרוסקות בזיל,גרמים,800.00,100 גרם,false,,10.90,1.3625,true,1,8642
7290000208404,false,פול A2 בית יוסף יכין,"זנלכל בע""מ",IL,פול מצרי יכין 550 גר,גרמים,350.00,100 גרם,false,,8.90,2.5429,true,1,8643
7290000208428,false,חומוס יכין שלם 550 גר A/2,"זנלכל בע""מ",IL,חומוס שלם יכין 550 ג,גרמים,290.00,100 גרם,false,,9.90,3.4138,true,1,8644
7290000208480,false,גרעיני תירס מתוק בטעם חמאה 550 גרם יכין,,,גרעיני תירס בטעם חמא,גרמים,335.00,100 גרם,false,,11.90,3.5522,true,1,8647
7290000208534,false,גרעיני תירס מתוק לילדים 550 גרם יכין,"זנלכל בע""מ",IL,גרעיני תירס קיד מתוק,גרמים,335.00,100 גרם,false,,11.90,3.5522,true,1,8649
7290000208800,false,גרעיני תירס מתוק לילדים 400 גרם יכין,,,תירס קיד מתוק יכין 4,גרמים,400.00,100 גרם,false,,6.90,1.7250,true,1,8651
7290000208855,false,רוטב לפסטה קלאסי 240 גרם יכין,"זנלכל בע""מ",IL,רוטב לפסטה קלאסי יכי,גרמים,260.00,100 גרם,false,,6.50,2.5000,true,1,8652
7290000208893,false,גרעיני תירס מתוק לייט 400 גרם יכין,היינץ צפון אמריקה מק,IL,תירס לייט יכין 400 ג,גרמים,400.00,100 גרם,false,,6.90,1.7250,true,1,8653
7290000209173,false,חומץ סינטטי יכין 1 ל',,,חומץ סינטטי 5% יכין,ליטרים,1.00,ליטר,false,,4.90,4.9000,true,1,8660
7290000209371,false,שלישיית תירס יכין 165 גר OZ 6,היינץ צפון אמריקה מק,IL,תירס שלישיה יכין 3*1,גרמים,495.00,100 גרם,false,,15.90,3.2121,true,1,8668
7290000209722,false,רסק עגבניות פריכוז 28% 600 ג' יכין,"זנלכל בע""מ",IL,רוטב עגבניות מרוכז מ,גרמים,580.00,100 גרם,false,,10.90,1.8793,true,1,8680
7290000209944,false,רוטב לעגבניות בסיס לשקשוקה 240 ג' יכין,"זנלכל בע""מ",IL,רוטב לעגבניות לשקשוק,גרמים,260.00,100 גרם,false,,6.50,2.5000,true,1,8683
7290000209951,false,רוטב עגבניות לפיצה 260 גרם יכין,"זנלכל בע""מ",IL,רוטב עגבניות לפיצה י,מיליליטרים,260.00,"100 מ""ל",false,,6.50,2.5000,true,1,8684
7290000211169,false,"אורז תאילנדי אחד אחד סוגת 1 ק""ג",האי נאם סי או אל.טי.,IL,אורז תאילנדי 1 ק'ג,קילוגרמים,1.00,"ק""ג",false,,7.50,7.5000,true,1,17287
7290000211312,false,"אורז מלא ארוך סוגת 1 ק""ג",האי נאם סי או אל.טי.,IL,אורז מלא אחד אחד 1קג,קילוגרמים,1.00,"ק""ג",false,,9.90,9.9000,true,1,17288
7290000211374,false,"קמח מלא סוגת 1 ק""ג",תחנות קמח דגן 2006 ב,IL,"קמח מלא סוגת 1 ק""ג",קילוגרמים,1.00,"ק""ג",false,,7.90,7.9000,true,1,17289
7290000211442,false,"אורז פרסי קלאסי סוגת 1 ק""ג",האי נאם סי או אל.טי.,IL,סוגת אורז פרסי קלאסי,קילוגרמים,1.00,"ק""ג",false,,11.50,11.5000,true,1,17291
7290000211503,false,סוכר לבן ארוז בשקית,"סוגת תעשיות בע""מ",IL,"סוכר סוגת לבן 1 ק""ג",קילוגרמים,1.00,"ק""ג",false,,4.90,4.9000,true,1,17292
7290000211985,false,"אורז ריזוטו עגול סוגת 1 ק""ג","סוגת תעשיות בע""מ",IL,סוגת אורז עגול 1קג,קילוגרמים,1.00,"ק""ג",false,,12.90,12.9000,true,1,17295
7290000212173,false,וופל טעם שוקולד מנעמים 500 ג',,,ופל שוקו מנעמים 500,גרמים,500.00,100 גרם,false,,9.90,1.9800,true,1,35995
7290000212579,false,וופלים מצופים טעם שוקו 40 יחידות,,,ופל מצופה שוקולד מנע,גרמים,800.00,100 גרם,false,,16.90,2.1125,true,1,35997
7290000212975,false,"ופל שוקו מנעמים 1 ק""",,,"ופל שוקו מנעמים 1 ק""",קילוגרמים,1.00,"ק""ג",false,,16.90,16.9000,true,1,35999
7290000214115,false,מרק עוף צנצנת 400 גרם-ויטה,,,מרק עוף צנצנת ויטה 4,גרמים,400.00,100 גרם,false,,11.90,2.9750,true,1,8256
7290000238029,false,"בצק עלים צרפתי מרודד מעדנות 1ק""ג",מיוצר עי קונדיטוריית,IL,"בצק עלים 1ק""ג",קילוגרמים,1.00,"ק""ג",false,,23.90,23.9000,true,1,35558
7290000238036,false,מלווח עגול מעדנות 700 ג',מיוצר עי קונדיטוריית,IL,מעדנות מלווח 700גר,גרמים,700.00,100 גרם,false,,17.90,2.5571,true,1,35559
7290000238173,false,מעדנות בורקס גבינה 800גר,מיוצר עי קונדיטוריית,IL,בורקס גבינה מעדנות 8,גרמים,800.00,100 גרם,false,,23.90,2.9875,true,1,35560
7290000243566,false,"שמן קנולה בריאות 750 מ""ל",סקנולה,EE,שמן קנולה בריאות עץ,מיליליטרים,750.00,"100 מ""ל",false,,11.90,1.5867,true,1,29301
7290000253220,false,שוקולד צ'יפס חום אופנהיימר 260 גר',אופנהיימר,IL,שוקולד צ'יפס אופנהיי,גרמים,260.00,100 גרם,false,,13.90,5.3462,true,1,24550
7290000262031,false,נייר טואלט מולט לב 32 גלילים,חוגלה קימברלי,IL,נייר טואלט מולט לב 3,מטרים,563.00,מטר,false,,36.90,0.0655,true,1,9047
7290000267500,false,קליפות הדר מצופות בשוקולד 200 גרם,,,קליפות הדר בציפוי שו,גרמים,200.00,100 גרם,false,,11.90,5.9500,true,1,4614
7290000272726,false,חומץ טבעי 5% עסיס 1 ל' אסם,,,חומץ טבעי 5% עסיס 1,ליטרים,1.00,ליטר,false,,7.50,7.5000,true,1,18625
7290000286228,false,כרית קרצוף לכלים סנו סושי 6יח',סנו מפעלי ברונו בעמ,IL,סנו סושי שישיות כריו,יחידה,0.00,יחידה,false,,12.90,0.0000,true,1,29633
7290000286297,false,"סנו אנטי קאלק מסיר אבן מקומקום 700 מ""ל",סנו מפעלי ברונוס בעמ,IL,סנו מסיר אבן מקומקום,מיליליטרים,700.00,"100 מ""ל",false,,11.90,1.7000,true,1,29634
7290000286525,false,כיף ספוג לרחצה פרינה,קוסמופארם,,ספוג פרינה כיף,יחידה,0.00,יחידה,false,,11.90,0.0000,true,1,29641
7290000286549,false,סנו סושי מטליות לניקוי כללי 9 יח',טרופיקל דגיל תעשיות,IL,סנו סושי מטליות לכל,יחידה,0.00,יחידה,false,,12.90,0.0000,true,1,29642
7290000286761,false,ניילון נצמד סנו סושי פלסטיק מארז 30X2 מ',מיוצר עי קונדיטוריית,CN,סנו סושי פלסטיק נצמד,מטרים,60.00,מטר,false,,12.90,0.2150,true,1,29646
7290000286947,false,פילה דג סלמון נורווג,,,פילה דג סלמון נורווג,קילוגרמים,1.00,"ק""ג",true,,89.90,89.9000,true,1,393131
7290000287102,false,"סנו שמפו שטיחים אירוסול 600 מ""ל",מיוצר עי קונדיטוריית,IL,סנו שמפו שטיחים אירו,מיליליטרים,600.00,"100 מ""ל",false,,22.90,3.8167,true,1,29654
7290000287409,false,סנובון שלישיה תות 3 יח' *55 ג',סנו מפעלי ברונוס בעמ,IL,סנובון שלישיה תות 3*,גרמים,165.00,100 גרם,false,,12.90,7.8182,true,1,29658
7290000287621,false,"מנקה אסלות סנו אנטי קאלק 750 מ""ל,",מיוצר עי קונדיטוריית,IL,סנו אנטי קאלק W.C מנ,מיליליטרים,750.00,"100 מ""ל",false,,12.90,1.7200,true,1,29664
7290000288079,false,סנו - ז'אוול אקונומיקה לימון 2 ליטר,"סנו מפעלי ברונוס בע""",IL,סנו זאוול בריח לימון,ליטרים,2.00,ליטר,false,,12.90,6.4500,true,1,29672
7290000288642,false,סנו - מקסימה מרכך כביסה סנסטיב ורוד 4 ליטר,"סנו מפעלי ברונוס בע""",IL,מרכך כביסה סנו מקסימ,ליטרים,4.00,ליטר,false,,23.90,5.9750,true,1,29684
7290000288727,false,"אבקת כביסה מקסימה מאסק 1.25 ק""ג סנו",סנו,,סנו מקסימה מאסק 1.25,קילוגרמים,1.25,"ק""ג",false,,15.90,12.7200,true,1,29687
7290000288840,false,סנו - מים מזוקקים 2 ליטר,סנו,IL,מים מזוקקים 2 ליטר,ליטרים,2.00,ליטר,false,,13.90,6.9500,true,1,29688
7290000289069,false,סנו - ז'אוול מרסס קצף ניקוי בתוספת אקונומיקה בריח לימון 1 ליטר,"סנו מפעלי ברונוס בע""",IL,סנו ג'אוול מרסס לימו,ליטרים,1.00,ליטר,false,,19.90,19.9000,true,1,29691
7290000289472,false,סנו סושי שקיות 76*90 50 יח' XXL,מיוצר עי קונדיטוריית,IL,סנו סושי שקיות HD 76,יחידה,0.00,יחידה,false,,21.90,0.0000,true,1,29694
7290000289595,false,"אורביטול משחת שיניים לילדים בטעם תות שדה 145 מ""ל",טרופיקל דגיל תעשיות,IL,משחה לילדים טעם תות,מיליליטרים,145.00,"100 מ""ל",false,,8.90,6.1379,true,1,29697
7290000291932,false,"סנובון לניקוי לבנדר 750מ""ל","איי, בי, אינבוו",IL,סנובון נוזלי בניחוח,מיליליטרים,750.00,"100 מ""ל",false,,13.90,1.8533,true,1,29705
7290000292311,false,סנו פוליווקס לרצפות סחלבים 2ל',"סנו מפעלי ברונוס בע""",IL,סנו פוליווקס סחלבים,ליטרים,2.00,ליטר,false,,22.90,11.4500,true,1,29710
7290000292533,false,ג'ל סנו כחול לניקוי כללי 1 ליטר,,IL,סנו ג'ל לניקוי כללי,ליטרים,1.00,ליטר,false,,17.90,17.9000,true,1,29713
7290000293073,false,מרכך כביסה מקסימה ביו לבן 4 ל' סנו,"סנו מפעלי ברונוס בע""",IL,מרכך כביסה סנו מקסימ,ליטרים,4.00,ליטר,false,,23.90,5.9750,true,1,29721
7290000293516,false,סנו סופג לחות קופסה,"סנו מפעלי ברונוס בע""",IL,סופג לחות בקופסא,מיליליטרים,340.00,"100 מ""ל",false,,28.90,8.5000,true,1,29723
7290000293943,false,סנו אנטי קאלק מסיר אבנית וחלודה 1ל',מיוצר עי קונדיטוריית,IL,סנו אנטי קאלק+מתז 1,ליטרים,1.00,ליטר,false,,20.90,20.9000,true,1,29729
7290000294773,false,סנו ז'אוול בריח לבנדר 4 ל',"סנו מפעלי ברונוס בע""",IL,סנו ז'אוול בריח אילנ,ליטרים,4.00,ליטר,false,,17.90,4.4750,true,1,29734
7290000294780,false,סנו - ז'אוול אקונומיקה סמיכה מבושמת 4 ליטר,"סנו מפעלי ברונוס בע""",IL,סנו ז'אוול סמיכה 4 ל,ליטרים,4.00,ליטר,false,,17.90,4.4750,true,1,29735
7290000295299,false,סנו סושי כריות הפלא רב תכלתיות רביעייה,סנו מפעלי ברונו בעמ,IL,כריות יפניות סנו סוש,יחידה,0.00,יחידה,false,,12.90,0.0000,true,1,29737
7290000295503,false,סנו סושי שקיות אוכל מתכלות זוג *150 יח',הורביץ סחר,CN,סנו סושי צמד שקיות א,יחידה,0.00,יחידה,false,,15.90,0.0000,true,1,29743
7290000295558,false,רדיד אלומיניום סנו סושי זוגי 30X7.5מ',מולינו ניקולי s.p.a,CN,צמד רדיד אלומיניום ק,מטרים,15.00,מטר,false,,12.90,0.8600,true,1,29745
7290000295572,false,"סנו מנקה אסלות 00 זוג * 750 מ""ל",מיוצר עי קונדיטוריית,IL,מנקה אסלות 00 צמד,ליטרים,1.50,ליטר,false,,19.90,13.2667,true,1,29747
7290000295749,false,ספוג כייף סאקי מסאז 1יח',גוד פוד פרודקטס S.p,IL,סנו ספוג סאקי כיף 26,יחידה,0.00,יחידה,false,,12.90,0.0000,true,1,29749
7290000307343,false,שעועית ירוקה חתוכה A2 פרי גליל 550ג',,,שעועית ירוקה חתוכה פ,גרמים,550.00,100 גרם,false,,8.00,1.4545,true,1,8283
7290000313160,false,עוגיות חברים זהבה ו-3 הדובים שוקו' אסם 250 גר',היינץ צפון אמריקה מק,IL,חברים זהבה ושלושת הד,גרמים,250.00,100 גרם,false,,9.50,3.8000,true,1,18626
7290000313184,false,עוגיות חברים גן חיות וניל אסם 250 גר',הגביע מוצרי וופלים ב,IL,חברים ביסקויט גן חיו,גרמים,250.00,100 גרם,false,,9.50,3.8000,true,1,18627
7290000334325,false,ציפס למיקרו מארז שלישיה 125 ג' תפוגן,"תעשיות תפוגן בע""מ",IL,תפוגן ציפס למיקרו מא,גרמים,375.00,100 גרם,false,,16.90,4.5067,true,1,19694
7290000334684,false,טבעות בצל 700 גרם תפוגן,"תעשיות תפוגן בע""מ",IL,טבעות בצל 700 גרם,גרמים,700.00,100 גרם,false,,20.90,2.9857,true,1,19696
7290000334745,false,"אמריקאן צ'יפס תפוגן 1.5 ק""ג","תעשיות תפוגן בע""מ",IL,"אמריקאן ציפס 1.5 ק""ג",קילוגרמים,1.50,"ק""ג",false,,28.90,19.2667,true,1,19697
7290000336053,false,"תרכיז טבעי סיידר הגליל 330 מ""ל","טמפו משקאות בע""מ",IL,תרכיז תפוחים טהור בק,מיליליטרים,330.00,"100 מ""ל",false,,13.90,4.2121,true,1,9367
7290000339566,false,מרכך כביסה ורוד 4 ל' בדין,יוניליור ישראל טיפוח,IL,בדין מרכך כביסה ורוד,ליטרים,4.00,ליטר,false,,21.90,5.4750,true,1,10290
7290000345215,false,תה ויסוצקי קלאסיק 100/1 כחול מעודן,מולינו ניקולי s.p.a,IL,תה ויסוצקי קלאסיק 10,גרמים,100.00,100 גרם,false,,20.90,20.9000,true,1,24557
7290000345284,false,תה ויסוצקי קלאסיק טעם עשיר 100/1.5יח',מולינו ניקולי s.p.a,IL,תה ויסוצקי 1.5 קלאסי,גרמים,150.00,100 גרם,false,,20.90,13.9333,true,1,24560
7290000345307,false,תה ארל גריי 50 שקיקים ויסוצקי,מולינו ניקולי s.p.a,IL,תה ארל גריי 1.5/50,גרמים,75.00,100 גרם,false,,30.90,41.2000,true,1,24562
7290000346120,false,חליטת קסם הקינמון 25 שקיקים גן קסום,HIQ FOOD PRODUCTS,IL,תה קסם הקנמון 25 שקי,גרמים,62.50,100 גרם,false,,17.90,28.6400,true,1,24569
7290000346168,false,תה ויסוצקי חליטת שומר הגן הקסום 25יח',HIQ FOOD PRODUCTS,IL,תה חליטת שומר גן קסו,גרמים,37.50,100 גרם,false,,17.90,47.7333,true,1,24573
7290000346199,false,חליטת פירות היער 25 שקיקים גן קסום,HIQ FOOD PRODUCTS,IL,תה פירות יער 25 שקיק,גרמים,67.50,100 גרם,false,,17.90,26.5185,true,1,24574
7290000346205,false,חליטת קמומיל 25 שקיקים הגן קסום,HIQ FOOD PRODUCTS,IL,תה קמומיל 25 שקיקים,גרמים,37.50,100 גרם,false,,17.90,47.7333,true,1,24575
7290000347738,false,תה ירוק נענע 25 שקיקים 1.5 גרם,HIQ FOOD PRODUCTS,IL,תה ירוק נענע 25 שקיק,גרמים,37.50,100 גרם,false,,23.90,63.7333,true,1,24581
7290000363363,false,קבנוס מיוחד 160 גרםטירת צבי,הנסיך- מפעל לייצור ט,IL,קבנוס מיוחד 160 גרם,גרמים,160.00,100 גרם,false,,20.90,13.0625,true,1,25287
7290000364261,false,דקניקים סלסולי כתף בקר 120 ג' טירת צבי,הנסיך- מפעל לייצור ט,IL,סלסולי כתף בקר 120 ג,גרמים,120.00,100 גרם,false,,17.90,14.9167,true,1,25291
7290000364278,false,דקניקים סילסולי סלמי איטלקי 120 ג' טירת צבי,הנסיך- מפעל לייצור ט,IL,סלסולי סלמי איטלקי מ,גרמים,120.00,100 גרם,false,,17.90,14.9167,true,1,25292
7290000364285,false,דקניקים סלסולי פסטרמה הודו 120 ג' טירת צבי,הנסיך- מפעל לייצור ט,IL,טירת צבי סלסולי פסטר,גרמים,120.00,100 גרם,false,,17.90,14.9167,true,1,25293
7290000364292,false,דקניקים סלסולי פסטרמה הודו על גחלים 120 ג' טירת צבי,הנסיך- מפעל לייצור ט,IL,סלסולי פסטרמה גחלים,גרמים,120.00,100 גרם,false,,17.90,14.9167,true,1,25294
7290000364810,false,נקניקיות עגל 500 גרםטירת צבי,הנסיך- מפעל לייצור ט,IL,נקנקיות עגל 500 גרם,גרמים,500.00,100 גרם,false,,30.90,6.1800,true,1,25298
7290000364858,false,"נקניקיות עוף טרי 1 ק""ג טירת צבי",הנסיך- מפעל לייצור ט,IL,נקניקיות עוף טרי 1 ק,קילוגרמים,1.00,"ק""ג",false,,30.90,30.9000,true,1,25299
7290000364872,false,נקניקיות עוף 400 גרםטירת צבי,טיב טירת צבי 2000,IL,נקניקיות עוף 400 גרם,גרמים,400.00,100 גרם,false,,12.90,3.2250,true,1,25300
7290000364957,false,נקניקיות מיני מיני עוף 700 גרםטירת צבי,הנסיך- מפעל לייצור ט,IL,נקנקיות מיני - מיני,גרמים,700.00,100 גרם,false,,26.90,3.8429,true,1,25301
7290000367590,false,צמד כפרי סלמי+פסטרמה 800 גרם טירת צבי,טיב טירת צבי 2000,IL,צמד כפרי נק.סלמי+פסט,גרמים,800.00,100 גרם,false,,36.90,4.6125,true,1,25303
7290000382210,false,שקיות גופיה ינות בית,,,שקיות גופיה ינות בית,יחידה,0.00,יחידה,false,,0.10,0.0000,true,1,47
7290000408316,false,יוגורט דנונה דל לקטוז 200 גרם,מיוצר עי קונדיטוריית,IL,דנונה טבעי 3% 200מל,מיליליטרים,200.00,"100 מ""ל",false,,3.70,1.8500,true,1,23214
7290000408354,false,יוגורט עם אורז מצופה שוקולד קקאו 175 ג' דנונה,"שטראוס בריאות בע""מ",IL,דנונה קראנצ' פצפוצים,מיליליטרים,175.00,"100 מ""ל",false,,4.90,2.8000,true,1,23215
7290000412481,false,סנו - מנקה אסלות 00 1 ליטר,מיוצר עי קונדיטוריית,IL,מנקה אסלות 1 ליטר 00,ליטרים,1.00,ליטר,false,,8.90,8.9000,true,1,29754
7290000416021,false,ממרח שוקולד השחר חלבי 500 גר',השחר העולה,IL,ממרח שוקולד השחר 500,גרמים,500.00,100 גרם,false,,15.90,3.1800,true,1,28812
7290000416618,false,"ממרח שוקולד השחר פרווה בד""צ 400 גר'",השחר העולה בעמ,IL,ממרח שוקולד פרווה הש,גרמים,400.00,100 גרם,false,,12.90,3.2250,true,1,28822
7290000419114,false,קפה לנדור כחול 200 גרם,,,לנדוור המקורי קפה טח,גרמים,200.00,100 גרם,false,,18.90,9.4500,true,1,18631
7290000419220,false,מארז קפה לנדוור לבוקר 3 יח 100 גרם,,,לנדוור כחול המקורי ק,גרמים,300.00,100 גרם,false,,18.90,6.3000,true,1,18632
7290000419374,false,מארז קפה טחון המקורי 3 יח 100 גרם,,,לנדוור לבוקר קפה טחו,גרמים,300.00,100 גרם,false,,18.90,6.3000,true,1,18633
7290000419923,false,לנדוור קפה אספרסו טחון בואקום 200 גר,,,לנדוור קפה אספרסו טח,גרמים,200.00,100 גרם,false,,22.90,11.4500,true,1,18636
7290000430102,false,"שקיות קרח 2 ק""ג ""מר אייס""",אייס קיוב,,שקיות קרח 2 ק`ג,קילוגרמים,2.00,"ק""ג",false,,10.90,5.4500,true,1,31002
7290000453019,false,שמרים טריים לאפייה שקית שמרית 50 ג',"פאקא תעשיות בע""מ",IL,שמרית שמרים טריים לא,גרמים,50.00,100 גרם,false,,4.90,9.8000,true,1,23216
7290000453125,false,שמרים ומשפר אפיה ביתי שמרית 100ג',,,שמרית שמרים טריים לא,גרמים,100.00,100 גרם,false,,8.50,8.5000,true,1,23217
7290000453798,false,שמרית שמרים יבשים אקטיביים 500 גר',"גי' בי' רכיבים בע""מ",,שמרים יבשים אקטיביים,גרמים,500.00,100 גרם,false,,14.90,2.9800,true,1,22172
7290000453866,false,נטורינה קוקוס לאפייה שמרית 200ג',גרונבאנג- גרונדנסק א,DK,נטורינה קוקוס שטראוס,גרמים,200.00,100 גרם,false,,8.50,4.2500,true,1,23221
7290000453880,false,מרגרינה ללא מלח לאפיה ובישול שמרית 200גר,"פאקא תעשיות בע""מ",,מרגרינה ללא מלח לאפי,גרמים,200.00,100 גרם,false,,4.90,2.4500,true,1,23223
7290000453897,false,מרגרינה בטעם חמאה שימרית 200 ג',גרונבאנג- גרונדנסק א,DK,מרגרינה בטעם חמאה 20,גרמים,200.00,100 גרם,false,,4.90,2.4500,true,1,23224
7290000461625,false,בייגלה שמיניות מלח בייגל בייגל 400 ג',בייגל את בייגל מזון,IL,ביגלה 8 8 400גר,גרמים,400.00,100 גרם,false,,12.90,3.2250,true,1,10300
7290000461656,false,בייגלה אחד אחד 400 ג' מקלות,בייגל את בייגל מזון,IL,מקלות מלוחים 400 גרם,גרמים,400.00,100 גרם,false,,12.90,3.2250,true,1,10301
7290000461700,false,בייגל גדול גדול 400 גרם,בייגל את בייגל מזון,IL,ביגלה שמיניות גדולות,גרמים,400.00,100 גרם,false,,14.90,3.7250,true,1,10302
7290000462141,false,סחוג אדום חריף 150 ג' זהבי,קריניסה ויטמין אס אי,IL,סחוג אדום חריף מאוד,גרמים,150.00,100 גרם,false,,8.90,5.9333,true,1,23226
7290000474090,false,חלב הומוגני 1% קרטון טרה 1ל',מילקו תעשיות בעמ,IL,טרה חלב בקרטון 1% 1ל,ליטרים,1.00,ליטר,false,,5.86,5.8600,true,1,6347
7290000474502,false,גבינה לבנה 5% 250ג' טרה מהדרין,טרה,IL,טרה גבינה לבנה 5% 25,גרמים,250.00,100 גרם,false,,4.98,1.9920,true,1,6356
7290000474540,false,גבינה טוב טעם 3% טרה 250ג' מהדרין,טרה,IL,טוב טעם גבינה 3% 250,גרמים,250.00,100 גרם,false,,11.50,4.6000,true,1,6357
7290000474830,false,גבינה צהובה מגורדת 28% שומן 500 ג' נעם,מילקו תעשיות בעמ,IL,נעם גבינה צהובה מגור,גרמים,500.00,100 גרם,false,,34.90,6.9800,true,1,6358
7290000480107,false,קוואקר שיבולת שועל פחית 500 גר,וולקרס סנקס לימיטד,,"קוואקר מהיר אטוס לל""",גרמים,500.00,100 גרם,false,,14.90,2.9800,true,1,24119
7290000480442,false,קוואקר שבולת שועל שקית 500 גרם,שטראוס גרופ,IL,שיבולת שועל בשקית קו,גרמים,500.00,100 גרם,false,,14.50,2.9000,true,1,24120
7290000481029,false,פיתות 10 יחידות בטעם,יוניליוור גרמניה Gm,IL,פיתות 10 יחידות בטעם,קילוגרמים,1.00,"ק""ג",false,,13.90,13.9000,true,1,56953
7290000481043,true,עשיריית פיתות כוסמין,,,עשיריית פיתות כוסמין,גרמים,700.00,100 גרם,false,,16.90,2.4143,true,1,120866
7290000481074,false,לחם משלושה קמחים מלאים 750 גר,,,לחם טריו מלא דגנית 7,גרמים,750.00,100 גרם,false,,19.90,2.6533,true,1,366976
7290000481517,false,שתי פוקאצ'ות עם שמן,,,שתי פוקאצ'ות עם שמן,גרמים,320.00,100 גרם,false,,12.90,4.0313,true,1,412955
7290000481531,false,דגנית עין בר לחמניות אצבע מחיטה מלאה בשקית 750 ג',יוניליוור גרמניה Gm,IL,לחמניות 10 יחידות חי,גרמים,750.00,100 גרם,false,,14.90,1.9867,true,1,4469
7290000481883,false,דגנית עין בר מארז לחמניות 10 יח'*75 ג',יוניליוור גרמניה Gm,IL,10 לחמניות דגנית,גרמים,750.00,100 גרם,false,,14.90,1.9867,true,1,4473
7290000483139,false,מרציפן גולמי המרשלג 100 גרם,"המרשלג פרלינס בע""מ",IL,המרשלג חטיף מרציפן ג,גרמים,100.00,100 גרם,false,,10.90,10.9000,true,1,13776
7290000484747,false,עלית הארק 40% בקבוק,יקבי הגליל יוסף,,"עלית הארק 40% 700 מ""",מיליליטרים,700.00,"100 מ""ל",false,,60.90,8.7000,true,1,28847
7290000493183,false,אבקת רוטב פטריות לבשר-30 גרם,"אסם השקעות בע""מ",IL,אסם אבקת רוטב פטריות,גרמים,30.00,100 גרם,false,,3.90,13.0000,true,1,18667
7290000496360,false,פילה בקלה דרום אפרי,,,פילה בקלה דרום אפרי,קילוגרמים,1.00,"ק""ג",true,,54.90,54.9000,true,1,170708
7290000496780,false,פילה אמנון 5-7 80% ק,,,פילה אמנון 5-7 80% ק,קילוגרמים,1.00,"ק""ג",true,,34.90,34.9000,true,1,400226
7290000504049,false,סוכרזית קנקן 1200 טבליות,אף.סי תבליני בגליל ב,IL,סוכרזית קנקן 1200 טב,גרמים,984.00,100 גרם,false,,22.90,2.3272,true,1,22180
7290000504278,false,סוכרזית - קלאסי פטנט 700 טבליות,אף.סי תבליני בגליל ב,IL,סוכרזית פטנט 700 טבל,גרמים,574.00,100 גרם,false,,19.90,3.4669,true,1,22183
7290000518169,false,ממתיק מתוק וקל בקבוק,פתח תקווה,IL,מתוק וקל 1000 טבליות,גרמים,800.00,100 גרם,false,,8.90,1.1125,true,1,15767
7290000521022,false,סגל לבן חצי יבש 750 מל פקדון,"מיוצר ע""י כרמי צבי-",IL,סגל לבן חצי יבש 750,מיליליטרים,750.00,"100 מ""ל",false,,22.90,3.0533,true,1,9376
7290000521411,false,יין מרום גליל סינגל מרלו 750 מל,כרמי צבי אחים סגל בע,IL,מרום גליל סינגל מרלו,מיליליטרים,750.00,"100 מ""ל",false,,42.90,5.7200,true,1,9385
7290000523125,false,מלח הארץ הים האדום 250 ג' עדין,חברת מלח הארץ אילת ב,IL,מלח ים יבש הארץ 250,גרמים,250.00,100 גרם,false,,6.90,2.7600,true,1,24584
7290000523224,false,מלח הארץ הים האדום 500 ג' עדין,חברת מלח הארץ אילת ב,IL,מלח ים יבש הארץ 500,גרמים,500.00,100 גרם,false,,8.90,1.7800,true,1,15439
7290000523811,false,"צנצנת מלח גס 1 ק""ג מלח הארץ",חברת מלח הארץ אילת ב,IL,מלח גס בצנצנת הארץ 1,קילוגרמים,1.00,"ק""ג",false,,7.50,7.5000,true,1,24587
7290000525969,false,פרימור סחוט תפוזים טבעי 1ל',גניר,IL,פרימור מיץ תפוזים 1ל,ליטרים,1.00,ליטר,false,,15.90,15.9000,true,1,23232
7290000530086,false,נקניק סלמי מעושן 600 ג' זוגלובק,,,סלמי מעושן 7000 א.מ.,גרמים,600.00,100 גרם,false,,37.90,6.3167,true,1,38850
7290000530109,false,קבנוס זוגי בואקום זוגלובק 180ג',,,זוג קבנוס בוואקום 36,גרמים,360.00,100 גרם,false,,34.00,9.4444,true,1,38851
7290000530291,false,נקניק מבשר הודו קטן 800 ג' זוגלובק,כצט,IL,זוגלובק נקניק מבשר ה,גרמים,800.00,100 גרם,false,,23.90,2.9875,true,1,38854
7290000530468,false,נקניקיות וינר טרי 1ק,,,נקניקיות וינר טרי 1ק,קילוגרמים,1.00,"ק""ג",false,,32.90,32.9000,true,1,38856
7290000536316,false,"שניצל מן הצומח זוגלובק 1 ק""ג",,IL,"שניצל מן הצומח 1 ק""ג",קילוגרמים,1.00,"ק""ג",false,,30.90,30.9000,true,1,38870
7290000537566,false,נקניקיות עוף טרי 400 ג' זוגלובק,זוגלובק,IL,נקניקיות עוף טרי 400,גרמים,400.00,100 גרם,false,,14.90,3.7250,true,1,38878
7290000537603,false,"נקנקיות עוף 1 ק""ג -ז",זוגלובק,IL,"נקנקיות עוף 1 ק""ג -ז",קילוגרמים,1.00,"ק""ג",false,,32.90,32.9000,true,1,38879
7290000538709,false,סלמי תה מעושן 200 ג' זוגלובק,זוגלובק,IL,תה מעושן 200 גרם,גרמים,200.00,100 גרם,false,,16.90,8.4500,true,1,38884
7290000552194,false,קישקע קפוא 500 גרם,טיבון ויל אחזקות בעמ,IL,קישקע קפוא 500 גרם,גרמים,500.00,100 גרם,false,,14.90,2.9800,true,1,16780
7290000554471,false,גבינת מוצרלה 22% נקניק 180ג' גד,"מחלבות גד בע""מ",IL,גד מוצרלה נקניק טבעי,גרמים,180.00,100 גרם,false,,19.10,10.6111,true,1,14605
7290000554532,false,גבינה צפתית מעודנת במלח ים 5% 200 ג' גד,הנסיך- מפעל לייצור ט,IL,גד צפתית מעודנת במלח,גרמים,200.00,100 גרם,false,,16.90,8.4500,true,1,14606
7290000554600,false,גבינת מוצרלה מגורדת 22% 300ג' גד,מחלבות גד בעמ,IL,גד מוצרלה מגורדת %18,גרמים,300.00,100 גרם,false,,28.40,9.4667,true,1,14607
7290000554686,false,לאבנה בשמן זית וזעתר 5% שומן 250 ג' גד,מחלבות גד בעמ,IL,גד לאבנה בשמן זית וז,גרמים,250.00,100 גרם,false,,16.70,6.6800,true,1,14609
7290000554839,false,שמנת מתוקה קשה בסגנון איטלקי 40% שומן 250 ג' גד,מחלבות גד בעמ,IL,גד מסקרפונה 40% 250ג,גרמים,250.00,100 גרם,false,,23.40,9.3600,true,1,14612
7290000561158,false,תערובת בריאות 150 גר,,,תערובת בריאות 150 גר,גרמים,150.00,100 גרם,false,,14.90,9.9333,true,1,1422
7290000561202,false,גרעין חמניה קלוי 200,,,גרעין חמניה קלוי 200,גרמים,200.00,100 גרם,false,,6.90,3.4500,true,1,1426
7290000561240,false,גרעין דלעת קלוי 200ג,,,גרעין דלעת קלוי 200ג,גרמים,200.00,100 גרם,false,,9.90,4.9500,true,1,1429
7290000561714,false,צנובר 100 גרם,,,צנובר 100 גרם,גרמים,100.00,100 גרם,false,,26.90,26.9000,true,1,1451
7290000571386,false,יוגורמה יוגורט כבשים 850 גר,גבינות משק אחים מאיר,IL,יוגורמה דלי 5% 850 ג,גרמים,850.00,100 גרם,false,,29.90,3.5176,true,1,25800
7290000572208,false,חלבה חטיף וניל אחווה 100ג',שוורצקוף& הנקל דיסלד,IL,חלוה וניל אחוה 100 ג,גרמים,100.00,100 גרם,false,,3.50,3.5000,true,1,676
7290000572628,false,חטיפי חלווה ללא סוכר בקופסא 250 גרם,שוורצקוף& הנקל דיסלד,IL,חטיפי חלוה ללא תוספת,גרמים,275.00,100 גרם,false,,14.90,5.4182,true,1,683
7290000572673,false,חלבה קופסת שי אחווה 12יח 300 ג',שוורצקוף& הנקל דיסלד,IL,חטיפי חלוה 50% שומשו,גרמים,300.00,100 גרם,false,,14.90,4.9667,true,1,685
7290000574028,false,לחם שחור מועשר פרוס,יוניליוור גרמניה Gm,IL,לחם אחיד פרוס מועשר,גרמים,750.00,100 גרם,false,,8.90,1.1867,true,1,4478
7290000574035,false,לחם אחיד פרוס 750ג' דגנית עין בר,יוניליוור גרמניה Gm,IL,לחם אחיד פרוס דגנית,גרמים,750.00,100 גרם,false,,7.11,0.9480,true,1,4479
7290000574141,false,לחם חיטה מלא 750ג' דגנית עין בר,דגנית עין בר תעשיות,IL,לחם חיטה מלאה דגנית,גרמים,750.00,100 גרם,false,,15.90,2.1200,true,1,4485
7290000574172,false,לחם קל מחיטה מלאה 750 ג' דגנית עין בר,יוניליוור גרמניה Gm,IL,לחם קל חיטה מלאה דגנ,גרמים,750.00,100 גרם,false,,16.90,2.2533,true,1,4487
7290000574455,false,לחם חיטה מלא פלוס כוסמין 750 ג' דגנית עין בר,דגנית עין בר,IL,לחם חיטה מלא+כוסמין,גרמים,750.00,100 גרם,false,,15.90,2.1200,true,1,4499
7290000599847,false,רב מגבת מויסקו,,,רב מגבת מויסקו,יחידה,0.00,יחידה,false,,8.90,0.0000,true,1,13442
7290000604343,false,תמר דקל נור 400גר,,,תמר דקל נור 400גר,גרמים,400.00,100 גרם,false,,9.90,2.4750,true,1,42867
7290000652542,false,פילה אמנון קפוא 5-7,,CN,פילה אמנון 5-7 100%,קילוגרמים,1.00,"ק""ג",true,,39.90,39.9000,true,1,84382
7290000654546,false,פילה אמנון קפוא 100% דג,תנובה,IL,פילה אמנון 7-9 100%,קילוגרמים,1.00,"ק""ג",true,,39.90,39.9000,true,1,84384
7290000655376,false,פילה דניס קפוא 100%,,TR,פילה דניס קפוא,קילוגרמים,1.00,"ק""ג",true,,89.90,89.9000,true,1,26445
7290000662817,false,תנובה סלמון מעושן 100 גרם,,צ'ילה (TDE),סלמון מעושן פרוס 100,גרמים,100.00,100 גרם,false,,18.90,18.9000,true,1,120554
7290000663098,false,שווארמה אנטריקוט 300,,,שווארמה אנטריקוט 300,גרמים,300.00,100 גרם,false,,36.90,12.3000,true,1,129193
7290000688084,false,מי עדן בקבוק ספורט 5,מופק ממקור בזלתי עדן,IL,מי עדן 1/2 ליטר ספור,מיליליטרים,500.00,"100 מ""ל",false,,2.90,0.5800,true,1,11445
7290000688374,false,"שישיית מי עדן קטקטים 250 מ""ל","מי עדן בע""מ",IL,"מי עדן בייבי 330 מ""ל",ליטרים,1.98,ליטר,false,,17.90,9.0404,true,1,11448
7290000688381,false,שישיית מי עדן פקק ספורט 0.5 ליטר,"מי עדן בע""מ",IL,מי עדן פקק ספורט 6*5,ליטרים,3.00,ליטר,false,,15.90,5.3000,true,1,11449
7290000688466,false,מי עדן GYM בקבוק ספו,מופק ממקור בזלתי עדן,IL,מי עדן ג'ים 750מל,מיליליטרים,750.00,"100 מ""ל",false,,4.90,0.6533,true,1,11451
7290000688503,false,"שישיית מי עדן ג'ים 750 מ""ל","מי עדן בע""מ",,מי עדן ג'ים 6*750מל,ליטרים,4.50,ליטר,false,,19.90,4.4222,true,1,11452
7290000692210,false,אג'קס ניקוי כללי לוונדר 2ל',הנסיך- מפעל לייצור ט,GR,אג'קס ניקוי כללי ורצ,ליטרים,2.00,ליטר,false,,27.90,13.9500,true,1,21389
7290000692227,false,נוזל כלים פלמוליב צילינדר קלאסי 1 ליטר,יבואן ומשווק: ש. שסט,GR,פלמוליב לכלים קלאסי-,יחידה,0.00,יחידה,false,,14.90,0.0000,true,1,21390
7290000707352,false,שניצל עוף טרי ארוז,,,שניצל עוף טרי ארוז,קילוגרמים,1.00,"ק""ג",true,,37.90,37.9000,true,1,17972
7290000707369,false,כרעיים עוף טרי ארוז,,,כרעיים עוף טרי ארוז,קילוגרמים,1.00,"ק""ג",true,,27.90,27.9000,true,1,17973
7290000707437,false,כנפיים עוף טרי ארוז,,,כנפיים עוף טרי ארוז,קילוגרמים,1.00,"ק""ג",true,,11.90,11.9000,true,1,17978
7290000708847,false,חזה עוף שלם טרי ארוז,,,חזה עוף שלם טרי ארוז,קילוגרמים,1.00,"ק""ג",true,,31.90,31.9000,true,1,409691
7290000740212,false,נקניקיות ג'מבו שקיל,,,נקניקיות ג'מבו שקיל,קילוגרמים,1.00,"ק""ג",true,,25.90,25.9000,true,1,38845
7290000803067,false,"אלמקס משחת שיניים לילדים 75 מ""ל",הנסיך- מפעל לייצור ט,PL,משחת שיניים לילדים א,מיליליטרים,75.00,"100 מ""ל",false,,16.90,22.5333,true,1,21397
7290000913551,false,פסטרמה כפרית טירת צבי 400 ג',,,פסטרמה כפרית 400 גרם,גרמים,400.00,100 גרם,false,,20.90,5.2250,true,1,25304
7290001041215,false,"חיטה מיה 1 ק""ג",מיה,IL,חיטה 1 ק'ג,קילוגרמים,1.00,"ק""ג",false,,9.90,9.9000,true,1,14837
7290001041260,false,שומשום מיה 400 גרם,מיה,IL,שומשום מיה 400 גרם,גרמים,400.00,100 גרם,false,,13.90,3.4750,true,1,14839
7290001041994,false,"סוכר חום דמררה מיה 1 ק""ג",מיה,IL,סוכר זהב דמררה צנצנת,קילוגרמים,1.00,"ק""ג",false,,11.90,11.9000,true,1,14865
7290001045688,false,"תפוזים סחוט 400 מ""ל פרימור",גניר,IL,פרימור מיץ תפוזים 40,מיליליטרים,400.00,"100 מ""ל",false,,7.90,1.9750,true,1,23238
7290001123775,false,שווארמה פרגיות 500 ג',"טיבול ויל אחזקות בע""",IL,שווארמה פרגיות 500 ג,גרמים,500.00,100 גרם,false,,26.90,5.3800,true,1,16790
7290001136294,false,"שמפו נקה 7 לשיער יבש אדום 750מ""ל",גוד פוד פרודקטס S.p,IL,שמפו יבש אדום נקה 7,מיליליטרים,750.00,"100 מ""ל",false,,12.90,1.7200,true,1,29757
7290001201510,false,תבנית ביצים מדיום 30 יח',,,30 ביצים M מ.לסר,יחידה,0.00,יחידה,false,,27.87,0.0000,true,1,13601
7290001201589,false,ביצים אריזון 12 גדול,,,12 ביצים L מ.לסר,יחידה,0.00,יחידה,false,,12.05,0.0000,true,1,13604
7290001201596,false,ביצים אריזון 12 בינוני,,,12 ביצים M מ.לסר,יחידה,0.00,יחידה,false,,11.15,0.0000,true,1,13605
7290001201824,false,תבנית ביצים 12 יח' לארג' אורגני,,,12 ביצים L אורגני מ,יחידה,0.00,יחידה,false,,23.90,0.0000,true,1,13613
7290001201862,false,ביצי חופש לארג' 12 יחידות,,,12 ביצים חופש L מ. ל,יחידה,0.00,יחידה,false,,19.90,0.0000,true,1,13616
7290001201893,false,ביצים אומגה M 12 יח,,,12 ביצים M אומגה 3,יחידה,0.00,יחידה,false,,18.90,0.0000,true,1,13618
7290001216040,false,טחינה 500 גרם טחינת אל-ארז,דולפין ספא,IL,טחינה אל ארז 100% שו,גרמים,500.00,100 גרם,false,,15.90,3.1800,true,1,34799
7290001216057,false,"טחינה גולמית אל ארז 1 ק""ג",דולפין ספא,IL,טחינה אל ארז 100% שו,קילוגרמים,1.00,"ק""ג",false,,29.90,29.9000,true,1,34800
7290001216101,false,"טחינה מלא ""אל ארז"" 1 ק""ג",,IL,טחינה אל ארז 100% שו,קילוגרמים,1.00,"ק""ג",false,,32.90,32.9000,true,1,376701
7290001216231,false,טחינה גולמית שומשום מלא אל ארז 500ג',דולפין ספא,IL,טחינה מלאה 100% שומש,גרמים,500.00,100 גרם,false,,16.90,3.3800,true,1,34804
7290001231932,false,ווינסטון כחול בוקס חפיסה,JTI,,וינסטון קופסא בודדת,יחידה,0.00,יחידה,false,,34.00,0.0000,false,1,4090
7290001245705,false,אקונומיקה מבושמת טאצ' 4 ליטר,,,אקונומיקה מבושמת 4 ל,ליטרים,4.00,ליטר,false,,10.90,2.7250,true,1,37912
7290001245712,false,אקונומיקה 4 ליטר טאצ,,,אקונומיקה טאצ' 4 ליט,ליטרים,4.00,ליטר,false,,10.90,2.7250,true,1,37913
7290001246054,false,פותח סתימות 1 ליטר טאצ,סאסאטק,IL,פותח סתימות 1 ליטר ט,ליטרים,1.00,ליטר,false,,15.90,15.9000,true,1,37935
7290001246801,false,נוזל רצפות פרקט טאצ' 2 ליטר,,,נוזל רצפות פרקט טאצ',ליטרים,2.00,ליטר,false,,19.90,9.9500,true,1,37957
7290001247068,false,קרטונית נקטר ספרינג תות בננה 1 ליטר,"יפאורה תבורי בע""מ",IL,ספרינג תות בננה קרטו,ליטרים,1.00,ליטר,false,,6.90,6.9000,true,1,11466
7290001247082,false,קרטונית נקטר ספרינג עגבניות 1 ליטר,"יפאורה תבורי בע""מ",IL,ספרינג עגבניות קרטונ,ליטרים,1.00,ליטר,false,,6.90,6.9000,true,1,11467
7290001247099,false,קרטונית נקטר ספרינג מנגו 1 ליטר,"יפאורה תבורי בע""מ",IL,ספרינג מנגו קרטונית,ליטרים,1.00,ליטר,false,,6.90,6.9000,true,1,11468
7290001247105,false,קרטונית נקטר ספרינג אפרסק 1 ליטר,"יפאורה תבורי בע""מ",IL,ספרינג נקטר אפרסק 1ל,ליטרים,1.00,ליטר,false,,6.90,6.9000,true,1,11469
7290001247112,false,קרטונית נקטר ספרינג לימונענע 1 ליטר,"יפאורה תבורי בע""מ",IL,ספרינג לימונענע קרטו,ליטרים,1.00,ליטר,false,,6.90,6.9000,true,1,11470
7290001247129,false,נקטר ספרינג תפוזים קרטונית 1 ל',"יפאורה תבורי בע""מ",IL,ספרינג תפוז קרטונית,ליטרים,1.00,ליטר,false,,6.90,6.9000,true,1,11471
7290001247143,false,נקטר ספרינג תפוחים קרטונית 1 ל',"יפאורה תבורי בע""מ",IL,ספרינג תפוח קרטונית,ליטרים,1.00,ליטר,false,,6.90,6.9000,true,1,11473
7290001305188,false,פלמוליב כלים שקוף לימון 750 בקבוק חדש,יבואן ומשווק: ש. שסט,GR,פלמוליב לכלים פריחת,מיליליטרים,750.00,"100 מ""ל",false,,13.90,1.8533,true,1,21402
7290001407769,false,טחינה גולמית שומשום מלא בארכה 500ג',רושדי תעשיות מזון בע,IL,בארכה טחינה עם שומשו,גרמים,500.00,100 גרם,false,,18.90,3.7800,true,1,18681
7290001407936,false,טחינה גולמית מעודנת לחיץ בארכה 310ג',רושדי תעשיות מזון בע,IL,בארכה טחינה מעודנת 3,גרמים,310.00,100 גרם,false,,13.90,4.4839,true,1,18686
7290001419618,false,וופל בלגי עלמה שחור לבן וניל 200ג',גילרו,,וופל עלמה בלגי שוקו,גרמים,200.00,100 גרם,false,,3.90,1.9500,true,1,41174
7290001419779,false,וופל שוקו' עלמה קלאסי 200 גר,"גילרו בע""מ",,וופל עלמה קלאסי 200,גרמים,200.00,100 גרם,false,,3.90,1.9500,true,1,41175
7290001427033,false,קשת מיץ תפוחים טבעי,"פריניב בע""מ",IL,קשת מיץ תפוחים טבעי,ליטרים,1.00,ליטר,false,,16.90,16.9000,true,1,73391
7290001482094,false,גבינה פרמז'נו משולשים ויליפוד 200ג',זנטי אס. אי לאלין,IT,וילי פוד פרמזן משולש,גרמים,200.00,100 גרם,false,,26.90,13.4500,true,1,2854
7290001485019,false,גבינת שמנת 5% טעם טבעי 200 ג' טרה,טרה,IL,טרה גבינת שמנת טבעי,גרמים,200.00,100 גרם,false,,11.90,5.9500,true,1,6368
7290001567708,false,נקנקיות וינר 400 ג' יחיעם,יחיעם,IL,נקניקיות עוף 400 גר`,גרמים,400.00,100 גרם,false,,11.90,2.9750,true,1,15546
7290001594025,false,"קוקה קולה זכוכית 350 מ""ל",החברה המרכזית לייצור,IL,קוקה קולה קלאסי 350,מיליליטרים,350.00,"100 מ""ל",false,,6.90,1.9714,true,1,6829
7290001594155,false,קוקה קולה בקבוק 500,החברה המרכזית לייצור,IL,קוקה קולה 500מל,מיליליטרים,500.00,"100 מ""ל",false,,7.90,1.5800,true,1,6837
7290001594179,false,פאנטה אורנג בקבוק 50,החברה המרכזית לייצור,IL,פאנטה אורנג' 500 בקב,מיליליטרים,500.00,"100 מ""ל",false,,7.90,1.5800,true,1,6839
7290001594858,false,"טובורג רד שישייה בקבוק 330 מ""ל",קרלסברג ישראל,,טובורג רד בקבוק פקדו,ליטרים,1.98,ליטר,false,,44.90,22.6768,true,1,6860
7290001594865,false,"קרלסברג שישיה בקבוק 330 מ""ל",קרלסברג ישראל,,קרלסברג בירה בקבוק 6,ליטרים,1.98,ליטר,false,,39.90,20.1515,true,1,6861
7290001670668,false,שקיות קרחונית 12יח',"איטיליאן פוד, אס.פי.",IL,קרחונית 12יח,יחידה,0.00,יחידה,false,,4.90,0.0000,true,1,7740
7290001696729,false,פקאן טבעי 100 גרם,,,פקאן טבעי 100 גרם,גרמים,100.00,100 גרם,false,,16.90,16.9000,true,1,1466
7290001696736,false,פקאן סיני 100 גרם,,,פקאן סיני 100 גרם,גרמים,100.00,100 גרם,false,,17.90,17.9000,true,1,1467
7290001713150,false,סנט מוריץ מתז אקונומיקה Bleach קצף לימון 1 ליטר,קומפלקס כימיקלים,IL,אקונומיקה קצף ניקוי,ליטרים,1.00,ליטר,false,,14.90,14.9000,true,1,20069
7290001780800,false,שלגון קראנץ ליבת נוגט שוקולד,נגה גלידות,,קראנץ' ליבת נוגט,יחידה,0.00,יחידה,false,,10.50,0.0000,true,1,16076
7290001813454,false,עוגיות חיוכים חגיגה שוקו 900 ג',,,חיוכים חגיגה שוק 900,גרמים,900.00,100 גרם,false,,20.90,2.3222,true,1,22189
7290001817728,false,צ'יטוס חטיף כאפה קטשופ 55 גרם,"שטראוס פריטו ליי בע""",IL,ציטוס כאפה 55 גרם,גרמים,55.00,100 גרם,false,,3.50,6.3636,true,1,24123
7290001865439,false,פמלי לקשרי 1ליטר וניל טהור +משאבה,אף.סי תבליני בגליל ב,IL,סבון נוזלי וניל + מש,יחידה,0.00,יחידה,false,,11.90,0.0000,true,1,5766
7290001865453,false,פמלי לקשרי 1ליטר לבנדר ארומטי+משאבה,מיוצר עי קונדיטוריית,TR,סבון נוזלי לבנדר+ מש,יחידה,0.00,יחידה,false,,11.90,0.0000,true,1,5767
7290001946121,false,פפריקה מתוקה יוחאי ביטון 400ג',,,פפריקה מתוקה בשמן בי,גרמים,400.00,100 גרם,false,,19.90,4.9750,true,1,169387
7290001990117,false,שומשום סוגת 100 גרם,האי נאם סי או אל.טי.,IL,שומשום 100 גרם,גרמים,100.00,100 גרם,false,,3.90,3.9000,true,1,17299
7290001990278,false,"שעועית לבנה סוגת 1 ק""ג",סוגת,,סוגת שעועית לבנה 1 ק,קילוגרמים,1.00,"ק""ג",false,,20.90,20.9000,true,1,17302
7290001990391,false,אפונה יבשה 1קג סוגת,,,"אפונה 1 ק""ג",קילוגרמים,1.00,"ק""ג",false,,12.90,12.9000,true,1,17304
7290001990407,false,"עדשים ירוקים 1 ק""ג סוגת",סוגת,,עדשים ירוקים 1 קג,קילוגרמים,1.00,"ק""ג",false,,15.90,15.9000,true,1,17305
7290001990414,false,"עדשים אדומים 1 ק""ג סוגת",,,סוגת עדשים אדומים 1,קילוגרמים,1.00,"ק""ג",false,,15.90,15.9000,true,1,17306
7290001990421,false,"פופקורן גרעינים סוגת 1 ק""ג",,,"סוגת פופקורן 1 ק""ג",קילוגרמים,1.00,"ק""ג",false,,11.90,11.9000,true,1,17307
7290002000136,false,מגע המשי שעווה דבש למיקרוגל 500 ג',ש. שוורץ (באר שבע) ב,IL,שעווה להסרת שיער למי,גרמים,500.00,100 גרם,false,,20.90,4.1800,true,1,5773
7290002000143,false,"חדש -פנג'ל ק.ידיים קלאסיק 80מ""ל",מיוצר עי קונדיטוריית,IL,קרם ידיים קלאסיק פנג,מיליליטרים,100.00,"100 מ""ל",false,,8.90,8.9000,true,1,5774
7290002007357,false,שקיות צליה דליקטס מיקרוגל הנמל 10 יח',,,שקיות לצליה דליקטס מ,יחידה,0.00,יחידה,false,,5.90,0.0000,true,1,7754
7290002008187,false,קשים לשתיה מתקפלים 40 יח',"איטיליאן פוד, אס.פי.",CN,קש לשתיה מתקפל 40יח,יחידה,0.00,יחידה,false,,2.50,0.0000,true,1,7786
7290002008224,false,סוכריות לקישוט צבעונית הנמל 100 ג',ממתקי עלה בעמ,IL,קישוט לעוגה גליד.,גרמים,60.00,100 גרם,false,,6.90,11.5000,true,1,7787
7290002026440,false,פרצלס בייגלה בראנץ אנד קראנץ 280 ג',המאפיה של הרמן,IL,פרצלס קפוא 280 גרם,גרמים,280.00,100 גרם,false,,10.90,3.8929,true,1,14372
7290002026587,false,וופל בלגי פרווה בראנץ אנד קראנץ 8 יח',ביסקוטר,BE,בראנץ אנד קראנץ וופל,גרמים,28.00,100 גרם,false,,17.90,63.9286,true,1,14373
7290002043782,false,ציפס אורז חום מלא טקסס ברביקיו אקסטרא 60 ג',נוהלס,BG,צ'יפס טקסס ברבקיו אק,גרמים,60.00,100 גרם,false,,8.90,14.8333,true,1,90215
7290002053538,false,נודלס תאילנדי אורינטל 400 גר + 25% תוספת,פ.פ.ח. טאביה ספ זאו.או,PL,נודלס אוריינט 400 גר,גרמים,500.00,100 גרם,false,,14.90,2.9800,true,1,3428
7290002057123,false,זיתים ירוקים חרוזית מנזנילו A-2,קדבורי,IL,זיתים חרוזית ירוק קב,גרמים,275.00,100 גרם,false,,10.90,3.9636,true,1,44645
7290002057352,false,מלפפון במלח 7-9 560 ג' יבנה,אף.סי תבליני בגליל ב,IL,מלפפונים במלח 7-9 ק,גרמים,560.00,100 גרם,false,,7.90,1.4107,true,1,44659
7290002057369,false,מלפפון במלח ‏12‏-‏10‏ 560 ג' יבנה,קדבורי,IL,מלפפון במלח 10-12 קב,גרמים,560.00,100 גרם,false,,8.90,1.5893,true,1,44660
7290002057376,false,מלפפון במלח ‏17‏-‏13‏ 560 ג' יבנה,קבוצת יבנה,IL,מלפפון במלח 13-17 קב,גרמים,560.00,100 גרם,false,,10.90,1.9464,true,1,44661
7290002057383,false,מלפפון במלח ‏25‏-‏18‏ 560 ג' יבנה,קדבורי,IL,מלפפון 18-25במלח קבו,גרמים,560.00,100 גרם,false,,13.90,2.4821,true,1,44662
7290002057468,false,מלפפון חומץ ‏12‏-‏10‏ 560 ג' יבנה,קדבורי,IL,מלפפון בחומץ 10-12 ק,גרמים,560.00,100 גרם,false,,8.90,1.5893,true,1,44666
7290002057475,false,מלפפונים בחומץ 13-17 קטן A2 יבנה 540ג',קדבורי,IL,מלפפון בחומץ 13-17 ק,גרמים,560.00,100 גרם,false,,10.90,1.9464,true,1,28034
7290002057628,false,טבעות זיתים מושחר יבנה 540 גרם,קדבורי,IL,זיתים טבעות מושחר קב,גרמים,275.00,100 גרם,false,,9.90,3.6000,true,1,44669
7290002065555,false,לחמניה אנג'ל ארוכה שקית 6יח,מאפיית שלמה א. אנג'ל,IL,6 לחמניות רכות אנגל,גרמים,450.00,100 גרם,false,,11.90,2.6444,true,1,35375
7290002065616,false,לחם שיפון גרעינים 750 ג' אנג'ל,מאפיית שלמה א. אנג'ל,IL,שיפון גרעינים אנגל 7,גרמים,750.00,100 גרם,false,,14.90,1.9867,true,1,35376
7290002065623,false,לחם שיפון אנגל גרעיני כפרי,מאפיית שלמה א. אנג'ל,IL,לחם שיפון כפרי אנגל,גרמים,750.00,100 גרם,false,,14.90,1.9867,true,1,35377
7290002079217,false,מחמצת עם אגוזים שיפון 650 ג',מאפיית אחדות חיפה בע,IL,לחם מחמצת שיפון מלא,גרמים,650.00,100 גרם,false,,12.90,1.9846,true,1,402853
7290002079361,false,לחמניות המבורגר חתוך 6+2*60 ג',מאפיית אחדות חיפה,IL,8 לחמניות המבורגר בס,גרמים,480.00,100 גרם,false,,16.90,3.5208,true,1,403245
7290002079927,false,לחם דגנים מלא דוידוב,מאפיית אחדות חיפה(93,IL,לחם דגנים מלא דוידוב,גרמים,750.00,100 גרם,false,,14.90,1.9867,true,1,402924
7290002079996,false,לחם אחיד קל פרוס 750 ג',הנסיך- מפעל לייצור ט,IL,לחם אחיד קל מאפיית ד,גרמים,750.00,100 גרם,false,,13.90,1.8533,true,1,403206
7290002105565,false,טחון הודו 500 גר' קפוא מחפוד,,IL,טחון הודו 500 גרם מח,גרמים,500.00,100 גרם,false,,14.90,2.9800,true,1,46967
7290002105749,false,"טחון בקר 100% קפוא 1 ק""ג גאלט מחפוד",,IL,טחון בקר 100% בשר 1,קילוגרמים,1.00,"ק""ג",false,,49.90,49.9000,true,1,46971
7290002107491,false,גבינת עזים למריחה טבעי 5% צוריאל 250 ג',משק צוריאל,IL,צוריאל גבינת עזים למ,גרמים,250.00,100 גרם,false,,15.90,6.3600,true,1,6378
7290002107798,false,גבינה בולגרית מעודנת 5% צוריאל 250ג',משק צוריאל,IL,צוריאל בולגרית מעודנ,גרמים,250.00,100 גרם,false,,22.90,9.1600,true,1,6379
7290002107965,false,טבורוג גבינה לאפייה 5% צוריאל 500 ג',משק צוריאל,IL,צוריאל טבורוג גבינה,גרמים,500.00,100 גרם,false,,26.60,5.3200,true,1,6380
7290002111085,false,"רוטב עגבניות 22% ""פרי מבורך"" 100 גרם",,,רוטב עגבניות 22% פרי,גרמים,100.00,100 גרם,false,,2.50,2.5000,true,1,8690
7290002128434,false,נרות שבת אורה מספר 1,מנורה,IL,נרות שבת 10 יח' - או,יחידה,0.00,יחידה,false,,3.90,0.0000,true,1,155385
7290002129455,false,פיצה איטלקית 450 ג,,,פיצה איטלקית 450 ג,גרמים,450.00,100 גרם,false,,22.90,5.0889,true,1,16816
7290002130567,false,דבש טהור מפרחי בר 350 ג' יד מרדכי,מכוורת יד מרדכי שטרא,IL,דבש טהור מפרחי בר בצ,גרמים,350.00,100 גרם,false,,20.90,5.9714,true,1,22200
7290002190516,false,ריבת חלב ממרח קומידה 500 גר',קרלו,IL,ממרח ריבת חלב קומידה,גרמים,500.00,100 גרם,false,,15.90,3.1800,true,1,24897
7290002253105,false,מגשית קוביות שום טרי דורות 80 ג',דורות,IL,דורות מגשית קוביות ש,גרמים,80.00,100 גרם,false,,15.90,19.8750,true,1,19716
7290002253150,false,בזיליקום טרי קצוץ דורות 70 ג',דורות,IL,בזיליקום טרי קצוץ 70,גרמים,70.00,100 גרם,false,,11.50,16.4286,true,1,19717
7290002253167,false,מגשית פטרוזיליה דורות 70 גר,דורות,IL,פטרוזליה טרייה קצוצה,גרמים,70.00,100 גרם,false,,11.50,16.4286,true,1,19718
7290002253174,false,מגשית שמיר קצוץ דורות 70ג,דורות,IL,שמיר טרי קצוץ 70 גרם,גרמים,70.00,100 גרם,false,,11.10,15.8571,true,1,19719
7290002253235,false,דורות רוטב פסטו 160 גרם,,IL,דורות רוטב פסטו 160,גרמים,160.00,100 גרם,false,,12.80,8.0000,true,1,19722
7290002255031,false,סיגרים במילוי בשר חט,,,סיגרים במילוי בשר חט,גרמים,800.00,100 גרם,false,,22.90,2.8625,true,1,51421
7290002255048,false,קובה למרק במילוי בשר,,,קובה למרק במילוי בשר,גרמים,800.00,100 גרם,false,,22.90,2.8625,true,1,51422
7290002259664,false,רדיד אלומיניום דיימונד גדול 60X0.60מ',ריינולדס מוצרי צריכה,CN,רדיד אלומניום 30*60.,מטרים,60.90,מטר,false,,57.90,0.9507,true,1,3816
7290002263661,false,"מיץ לימון 100% טבעי 250 מ""ל",,IT,מיץ לימון 100% טבעי,מיליליטרים,250.00,"100 מ""ל",false,,8.30,3.3200,true,1,64171
7290002317081,false,זיתים נטולי גלעין +20% 670ג A2 מטולה,מוטולה,IL,זיתים נטולי גלעין 20,גרמים,670.00,100 גרם,false,,11.90,1.7761,true,1,24371
7290002317135,false,מלפפון 560ג במלח 13-17 A2 מטולה,מוטולה,IL,מלפפון במלח 13-17 מו,גרמים,560.00,100 גרם,false,,11.90,2.1250,true,1,24373
7290002317265,false,מלפפון 650ג במלח +20% 7-9 A2 מטולה,מוטולה,IL,מלפפון במלח 20% 7-9,גרמים,670.00,100 גרם,false,,10.90,1.6269,true,1,24382
7290002317319,false,מלפפון 650ג בחומץ +20% 7-9 A2 מטולה,מוטולה,IL,מלפפון בחומץ 7-9 20%,גרמים,670.00,100 גרם,false,,10.90,1.6269,true,1,24386
7290002317388,false,צנצנת ירקות בתיבול מ,,,צנצנת ירקות בתיבול מ,קילוגרמים,1.65,"100 ק""ג",false,,31.40,1903.0303,true,1,327200
7290002317579,false,זיתים טבעות ירוק 560ג A2 מטולה,מוטולה,IL,טבעות זיתים ירוקים מ,גרמים,560.00,100 גרם,false,,11.90,2.1250,true,1,24400
7290002317609,false,כרוב כבוש 560ג A2 מטולה,מוטולה,IL,כרוב כבוש מוטולה 560,גרמים,560.00,100 גרם,false,,6.90,1.2321,true,1,24401
7290002317661,false,זיתים מנזלינו גדול מ,מוטולה,IL,זיתים מנזלינו גדול מ,גרמים,560.00,100 גרם,false,,11.90,2.1250,true,1,24404
7290002319061,false,קוקוס טחון מיה 100,מיה,IL,.קוקוס טחון 100 גר.,גרמים,100.00,100 גרם,false,,4.50,4.5000,true,1,14872
7290002319078,false,שומשום מיה 100 גרם,מיה,IL,שומשום 100ג,גרמים,100.00,100 גרם,false,,4.90,4.9000,true,1,14873
7290002319788,false,"תמצית אפיה רום 50 מ""ל מיה",מיה,IL,תמצית אפיה רום,מיליליטרים,60.00,"100 מ""ל",false,,2.90,4.8333,true,1,14916
7290002327042,false,"בורקס תפו""א 800 גרם שלושת האופים",TLV צ'יף,IL,"בורקס תפו""א 800 ג",גרמים,800.00,100 גרם,false,,22.90,2.8625,true,1,16838
7290002327059,false,"בצק עלים 1 ק""ג שלושת האופים",,,בצק עלים 1 ק`ג,קילוגרמים,1.00,"ק""ג",false,,22.90,22.9000,true,1,16839
7290002327073,false,בורקס גבינה 800 גרם שלושת האופים,TLV צ'יף,IL,בורקס גבינה 800 גרם,גרמים,800.00,100 גרם,false,,22.90,2.8625,true,1,16841
7290002331025,false,"מים מינרלים נביעות ספורט 500 מ""ל פקדון",נביעות טבע הגליל בעמ,IL,נביעות 1/2 ליטר ספור,מיליליטרים,500.00,"100 מ""ל",false,,4.90,0.9800,true,1,6873
7290002331094,false,"נביעות+ מים טעם ענבים 755מ""ל",נביעות טבע הגליל בעמ,IL,755מל מים מינרלים TO,מיליליטרים,755.00,"100 מ""ל",false,,5.50,0.7285,true,1,6874
7290002331360,false,"נביעות מים מינרליים טו גו מארז 500X6מ""ל",נביעות,IL,נביעות TO GO שישייה,ליטרים,3.00,ליטר,false,,14.90,4.9667,true,1,6884
7290002331421,false,"מים אישי נביעות מארז שישייה* 755 מ""ל",נביעות,,נביעות 6*755מל,ליטרים,4.53,ליטר,false,,20.90,4.6137,true,1,6885
7290002344056,false,מטליות מיקרופייבר מ,,,מטליות מיקרופייבר מ,יחידה,0.00,יחידה,false,,14.90,0.0000,true,1,358440
7290002371526,false,סלסולי פסטרמה שום וצילי 120 גר טירת צבי,הנסיך- מפעל לייצור ט,IL,טירת צבי סלסולי פסטר,גרמים,120.00,100 גרם,false,,17.90,14.9167,true,1,25306
7290002371533,false,דקניקים סלסולי פסטרמה בדבש 120 ג' טירת צבי,הנסיך- מפעל לייצור ט,IL,טירת צבי סלסולי פסטר,גרמים,120.00,100 גרם,false,,17.90,14.9167,true,1,25307
7290002371540,false,דקניקים קורנדביף 120 ג' טירת צבי,הנסיך- מפעל לייצור ט,IL,טירת צבי קורנדביף דק,גרמים,120.00,100 גרם,false,,17.90,14.9167,true,1,25308
7290002374268,false,שמן חמניות מילומור 1 ליטר,,,שמן חמניות מילומור 1,ליטרים,1.00,ליטר,false,,11.90,11.9000,true,1,29305
7290002374640,false,שמן קנולה פלוס אומגה 3 1 ליטר עץ הזית,,,שמן קנולה פלוס אומגה,ליטרים,1.00,ליטר,false,,17.90,17.9000,true,1,29308
7290002407348,false,"שמן זית כתית מעולה 750 מ""ל ג'השאן",,,שמן זית כתית מעולה ג,מיליליטרים,750.00,"100 מ""ל",false,,30.90,4.1200,true,1,5043
7290002517269,false,תבלין פלפל שחור שלם 35ג',תות ממתקי איכות,IL,תבלין פלפל שחור שלם,גרמים,35.00,100 גרם,false,,10.20,29.1429,true,1,42328
7290002517580,false,תערובת תיבול לעוף - 80 גרם,תות ממתקי איכות,IL,תערובת תיבול לעוף טע,גרמים,80.00,100 גרם,false,,11.70,14.6250,true,1,42338
7290002517726,false,תבלין מקלות קינמון 15ג',תות ממתקי איכות,IL,תבלין מקל קינמון טעם,גרמים,15.00,100 גרם,false,,7.40,49.3333,true,1,42346
7290002517733,false,תבלין קצח טעם וריח 4,תות ממתקי איכות,IL,תבלין קצח טעם וריח 4,גרמים,40.00,100 גרם,false,,7.40,18.5000,true,1,42347
7290002542780,false,"שישייה בירה סטלה ארטואה בקבוק 330X6 מ""ל",סטלה,BE,סטלה ארטואה בקבוק 6*,ליטרים,1.98,ליטר,false,,37.90,19.1414,true,1,145118
7290002543046,false,קלוגס פרוסטיס דגנים וסוכר 750ג',קלוג מנייופרטורינג א,ES,פרוסטיס דגני קלוגס 7,גרמים,750.00,100 גרם,false,,18.90,2.5200,true,1,5292
7290002543237,false,קלוגס קורן פלקס 750 גרם,קלוגס קומפני אוף גרי,IL,קורנפלקס קלוגס 750 ג,גרמים,750.00,100 גרם,false,,17.90,2.3867,true,1,5296
7290002581079,false,תן צ'אפ חטיף טבעות 50 גר',,,תן צאפ טבעות 50 גרם,גרמים,50.00,100 גרם,false,,4.20,8.4000,true,1,14930
7290002674221,false,"אקווה פרש משחת שינים משאבה מנטה 100 מ""ל",DE MICLEN,,מש.שיניים משאבה מנטה,מיליליטרים,100.00,"100 מ""ל",false,,14.80,14.8000,true,1,3817
7290002692393,false,שמן קנולה מועשר1 ליטר-עץ הזית,,IL,שמן קנולה מועשר עץ ה,ליטרים,1.00,ליטר,false,,16.90,16.9000,true,1,29310
7290002692478,false,"שמן זית כתית מעולה 750מ""ל מעודן עץ הזית","מרקאולאו, ספרד.אבסה,",IT,שמן זית כתית מעולה מ,מיליליטרים,750.00,"100 מ""ל",false,,35.90,4.7867,true,1,29312
7290002692768,false,"תרסיס קנולה מופחת קלוריות 200 מ""ל עץ הזית",קומפניה,IT,תרסיס שמן קנולה עץ ה,מיליליטרים,200.00,"100 מ""ל",false,,20.90,10.4500,true,1,29315
7290002703068,false,צנצנת דבש עין חרוד 1,,,צנצנת דבש עין חרוד 1,קילוגרמים,1.00,"ק""ג",false,,45.90,45.9000,true,1,47316
7290002703310,false,צנצנת דבש עין חרוד 5,,,צנצנת דבש עין חרוד 5,גרמים,500.00,100 גרם,false,,24.90,4.9800,true,1,47321
7290002703426,false,דבש לחיץ מכוורת 250,,,דבש לחיץ מכוורת 250,גרמים,250.00,100 גרם,false,,14.90,5.9600,true,1,47324
7290002703655,false,סילאן 100% טבעי עין,,,סילאן 100% טבעי עין,גרמים,385.00,100 גרם,false,,14.90,3.8701,true,1,47326
7290002730262,false,פלמוליב כלים שקוף קלאסי 750 בקבוק חדש,יבואן ומשווק: ש. שסט,GR,פלמוליב לכלים קלאסי,מיליליטרים,750.00,"100 מ""ל",false,,13.90,1.8533,true,1,21412
7290002730811,false,"קולגייט משחת שיניים ג'ל משפחתי 100מ""ל",הנסיך- מפעל לייצור ט,PL,משחת שיניים גל משפחת,מיליליטרים,100.00,"100 מ""ל",false,,14.50,14.5000,true,1,21419
7290002735007,false,"בצק עלים 1 ק""ג",,,"בצק עלים 1 ק""ג",קילוגרמים,1.00,"ק""ג",false,,14.90,14.9000,true,1,20396
7290002752332,false,"סוכריות מנטוס פירות בגליל, 37.5 גרם",הדקלאים אגודת שיתופי,NL,מנטוס .סוכריות פירות,גרמים,37.50,100 גרם,false,,3.90,10.4000,true,1,12730
7290002752349,false,סוכריות מנטוס מנטה 40יח' בגליל 38ג',פרפטי ואן מלה,NL,מנטוס סוכריות מנטה 3,גרמים,37.50,100 גרם,false,,3.90,10.4000,true,1,12731
7290002753223,false,רביעייה סוכריות תפוז 4*16 ג' טיק טק,פררו,ZA,טיק טק תפוז 4/1,גרמים,64.00,100 גרם,false,,11.50,17.9688,true,1,41402
7290002793311,false,שירות והחלפה מילוי גז 60 סודהסטרים,סודה סטרים,,מילוי למכשיר 50,יחידה,0.00,יחידה,false,,60.00,0.0000,true,1,17513
7290002814870,false,"סנט מוריץ - מרסס מסיר שומנים קר מבושם לוונדר\פרחים 750 מ""ל",,IL,מסיר שומנים קר מבושם,מיליליטרים,750.00,"100 מ""ל",false,,15.90,2.1200,true,1,20099
7290002824183,false,גבינה לבנה 5% שומן 500 ג' שטראוס,מיוצר עי קונדיטוריית,IL,גבינה לבנה 5% סקי 50,גרמים,500.00,100 גרם,false,,9.50,1.9000,true,1,23240
7290002824466,false,יוגורט דנונה ביו 0% 200 גרם,"שטראוס בריאות בע""מ",IL,דנונה יוגורט ביו 0%,מיליליטרים,200.00,"100 מ""ל",false,,3.70,1.8500,true,1,23241
7290002824640,false,גבינה שטראוס 5% 250 ג',מיוצר עי קונדיטוריית,IL,גבינה 5% סקי 250 גרם,גרמים,250.00,100 גרם,false,,4.98,1.9920,true,1,23242
7290002825722,false,סלט כרוב אדום אחלה,מיוצר עי קונדיטוריית,IL,אחלה כרוב אדום 500ג,גרמים,500.00,100 גרם,false,,16.90,3.3800,true,1,23244
7290002868996,false,קוטג' 5% מועשר טרה 250ג' מהדרין,טרה,IL,טרה קוטג מועשר 5% 25,גרמים,250.00,100 גרם,false,,5.90,2.3600,true,1,6384
7290002871248,false,"בירה טובורג רד חוזר 500 מ""ל",מבשלות בירה בינלאומי,IL,בירה טובורג רד בקבוק,מיליליטרים,500.00,"100 מ""ל",false,,8.90,1.7800,true,1,6907
7290002871361,false,"קרלסברג בירה בק.חוזר 500 מ""ל",מבשלות בירה בינלאומי,IL,קרלסברג בירה בק.חוזר,מיליליטרים,500.00,"100 מ""ל",false,,8.90,1.7800,true,1,6908
7290002881018,false,מעדן תות שדה 100% 284 גרם,,,סן מורנו מעדן תות שד,גרמים,284.00,100 גרם,false,,12.90,4.5423,true,1,24898
7290002881032,false,מעדן אוכמניות כחולות 100% 284 גרם,,,סן מורנו מעדן אוכמני,גרמים,284.00,100 גרם,false,,12.90,4.5423,true,1,24900
7290002881247,false,אננס שלם פרוסות תומר,,IL,אננס שלם פרוסות תומר,גרמים,850.00,100 גרם,false,,9.90,1.1647,true,1,24914
7290002881261,false,"ליצ'י שלם 565 גרם ""תומר""",זהנגזהו אנגבה,IL,ליצי שלם תומר 565 גר,גרמים,565.00,100 גרם,false,,9.90,1.7522,true,1,24916
7290002881278,false,אפרסק חצאים תומר 820,,,אפרסק חצאים תומר 820,גרמים,820.00,100 גרם,false,,10.90,1.3293,true,1,24917
7290002881940,false,סרדינים מרוקאי בשמן חמניות 125ג' תומר,,,סרדין מרוקאי בשמן תו,גרמים,125.00,100 גרם,false,,6.90,5.5200,true,1,24945
7290002881957,false,סרדינים מרוקאי חריף בשמן חמניות 125ג' תומר,,,סרדין מרוקאי חריף תו,גרמים,125.00,100 גרם,false,,6.90,5.5200,true,1,24946
7290002900566,false,פסטרמה ברביקיו דל שומן טירת צבי 360 ג',הנסיך- מפעל לייצור ט,IL,פסטרמה ברביקיו דל שו,גרמים,360.00,100 גרם,false,,29.90,8.3056,true,1,25314
7290002921349,false,דבק סופר גלו מארז זוגי,הנקל,,סופר גלו 3 זוגי,יחידה,0.00,יחידה,false,,15.90,0.0000,true,1,11281
7290002922117,false,מארז עוגיות אקלר 250,אקלר,,מארז עוגיות אקלר 250,100 יח',250.00,100 יח',false,,24.90,9.9600,true,1,247812
7290002925729,false,"גם וגם משחת שיניים כחול ומי פה בטעם פפרמינט 120 מ""ל","אמיליה קוסמטיקס בע""מ",IL,משחת שיניים בטעם פפר,מיליליטרים,120.00,"100 מ""ל",false,,16.90,14.0833,true,1,29803
7290002929635,false,טונה בשמן 140 ג' ויליגר,"ויליגר תעשיות בע""מ",IL,טונה בשמן ויליגר 140,גרמים,140.00,100 גרם,false,,6.90,4.9286,true,1,212588
7290002971993,false,"קמח כוסמין מס 14 ללא ניפוי 1 ק""ג",,IL,קמח כוסמין מלא ללא צ,קילוגרמים,1.00,"ק""ג",false,,15.90,15.9000,true,1,9221
7290002986652,false,גטניו פתי בר שוקו 470 גרם,"אחים גטניו בע""מ",,גטניו - פתיבר שוקו 4,גרמים,470.00,100 גרם,false,,9.90,2.1064,true,1,41198
7290002987963,false,"סלט חומוס אחלה 1 ק""ג",מיוצר עי קונדיטוריית,IL,אחלה חומוס 1קג,קילוגרמים,1.00,"ק""ג",false,,14.90,14.9000,true,1,23245
7290003009183,false,"סירופ דיאט תפוחים פריגת 750 מ""ל",גת,IL,סירופ דיאט תפוחים פר,מיליליטרים,750.00,"100 מ""ל",false,,22.90,3.0533,true,1,6916
7290003009596,false,"סירופ דיאט אשכוליות פריגת 750 מ""ל",גת,IL,סירופ דיאט אשכוליות,מיליליטרים,750.00,"100 מ""ל",false,,22.90,3.0533,true,1,6920
7290003009640,false,מיץ סחוט תפוזים 1 ל' פריגת,גת,IL,פריגת סחוט מיץ תפוזי,ליטרים,1.00,ליטר,false,,15.90,15.9000,true,1,6386
7290003029181,false,משקה יטבתה שוקו' בקבוק 1ל מהדרין,מחלבת יטבתה,IL,יטבתה שוקו בקבוק 1ל,ליטרים,1.00,ליטר,false,,12.90,12.9000,true,1,23249
7290003029372,false,משקה חלב בננה בקבוק 1ל' יוטבתה,מחלבת יטבתה,IL,יטבתה משקה חלב בננה,ליטרים,1.00,ליטר,false,,12.90,12.9000,true,1,23252
7290003029389,false,"משקה חלב בננה פקק ספורט 250 מ""ל יוטבתה",שטראוס גרופ,IL,יטבתה משקה חלב בננה+,מיליליטרים,250.00,"100 מ""ל",false,,5.90,2.3600,true,1,23253
7290003029433,false,"משקה יטבתה שוקו פקק 250 מ""ל מהדרין",מחלבת יטבתה,IL,יטבתה שוקו +פקק 250,מיליליטרים,250.00,"100 מ""ל",false,,5.90,2.3600,true,1,23254
7290003029532,false,מוקה בקבוק 1 ל' יוטבתה,מחלבת יטבתה,IL,יטבתה מוקה 1ל,ליטרים,1.00,ליטר,false,,12.90,12.9000,true,1,23256
7290003029792,false,"משקה יטבתה שוקו שקיות מהדרין מארז 225X8מ""ל",שטראוס גרופ,,יטבתה מהדרין שוקו שק,ליטרים,1.80,ליטר,false,,21.90,12.1667,true,1,23258
7290003029815,false,חלב יוטבתה מועשר 3% בכד 2ל',מחלבת יטבתה,IL,חלב מועשר בכד2 ליטר,ליטרים,2.00,ליטר,false,,15.90,7.9500,true,1,23259
7290003029907,false,משקה יטבתה אייס קפה 1ליטר,מחלבת יטבתה,IL,יטבתה אייס קפה 1ל,ליטרים,1.00,ליטר,false,,12.90,12.9000,true,1,23261
7290003054657,false,חרדל דיז'ון אקסטרא פורטה 370 ג,כלורוקס אוקלנד,FR,חרדל דיג'ון אקסטרא פ,גרמים,370.00,100 גרם,false,,12.90,3.4865,true,1,5305
7290003072804,false,פסטרמה של פעם טירת צבי 200 ג',,IL,טירת צבי פסטרמה של פ,גרמים,200.00,100 גרם,false,,20.90,10.4500,true,1,25334
7290003072859,false,רוסטביף טירת צבי 120 ג',הנסיך- מפעל לייצור ט,IL,רוסטביף טירת צבי 120,גרמים,120.00,100 גרם,false,,24.90,20.7500,true,1,56323
7290003072965,false,קבנוס חריף מעושן טירת צבי 120 גרם,טירת צבי,IL,קבנוס חריף מעושן 120,גרמים,120.00,100 גרם,false,,9.90,8.2500,true,1,118800
7290003072972,false,קבנוס בתיבול מעושן טירת צבי 120 גרם,טירת צבי,IL,קבנוס בתיבול שום 120,גרמים,120.00,100 גרם,false,,9.90,8.2500,true,1,118801
7290003107315,false,"סולת דגן 1 ק""ג",,,"סולת דגן 1 ק""ג",קילוגרמים,1.00,"ק""ג",false,,4.50,4.5000,true,1,9233
7290003107346,false,קמח חיטה לבן דגן 1 ק,,,קמח חיטה לבן דגן 1 ק,קילוגרמים,1.00,"ק""ג",false,,4.50,4.5000,true,1,9235
7290003126712,false,"משק צוריאל יוגורט עיזים 3% ביו 140מ""ל",משק צוריאל,IL,צוריאל יוגורט עיזים,מיליליטרים,150.00,"100 מ""ל",false,,6.90,4.6000,true,1,6390
7290003126958,false,טופו גבינה גוש בואקום צוריאל 300 ג',א.י.ן תעשיות מזון בע,IL,צוריאל גבינה גוש טופ,גרמים,300.00,100 גרם,false,,12.90,4.3000,true,1,6391
7290003133123,false,לחם זהב עגול אוקראיני 750 ג',מאפיית דוידוביץ ובני,IL,לחם אוקראיני מיוחד ע,גרמים,750.00,100 גרם,false,,12.90,1.7200,true,1,402881
7290003133505,false,לחם שיפונטו דוידוביץ,,,לחם שיפונטו דוידוביץ,גרמים,750.00,100 גרם,false,,12.90,1.7200,true,1,402868
7290003141159,false,יוגטה מרשמלו תות וניל 180 גרם,סאדאט,IL,יוגטה מרשמלו 180 גר',גרמים,180.00,100 גרם,false,,8.90,4.9444,true,1,41912
7290003142422,false,גרעיני חמניה בשקית ללא מלח קליית גת 180 גרם,,,גרעיני חמניה ללא מלח,גרמים,180.00,100 גרם,false,,6.90,3.8333,true,1,12745
7290003143146,false,ממרח תמרים קליית גת 450 גרם,הדקלאים אגודת שיתופי,IL,ממרח תמרים 450 גרם,גרמים,450.00,100 גרם,false,,6.90,1.5333,true,1,12752
7290003217014,false,פיתות מזרחיות אריזת 5 יח',יוניליוור גרמניה Gm,IL,5 פיתות מזרחיות תנעמ,גרמים,500.00,100 גרם,false,,7.90,1.5800,true,1,4510
7290003217052,false,5 פיתות כפריות קלות,יוניליוור גרמניה Gm,IL,5 פיתות כפריות קלות,גרמים,500.00,100 גרם,false,,10.90,2.1800,true,1,4512
7290003220526,false,"WOK רוטב צ'ילי חריף 700 מ""ל",THAI PREEDA TRADING,,רוטב צ'ילי חריף 700,מיליליטרים,700.00,"100 מ""ל",false,,12.90,1.8429,true,1,41214
7290003220700,false,מחצלת לסושי WOK,קוסומאי במבוק,,מחצלת לסושי,יחידה,0.00,יחידה,false,,6.90,0.0000,true,1,212538
7290003220717,false,ווק נורי סילבר 10 דפים WOK,JAEWON GLOBAL NET,,אצות נורי סילוור 10,גרמים,22.00,100 גרם,false,,13.90,63.1818,true,1,212539
7290003220977,false,עוגיות חצי ירח מצופה 175 נאפה מעדני מלך,אפיפית,IL,מעדני מלך ירח חצי מצ,גרמים,175.00,100 גרם,false,,7.90,4.5143,true,1,126939
7290003229109,false,פסטרמה בפפריקה 400 גרםטירת צבי,הנסיך- מפעל לייצור ט,IL,א.מ .פסטרמה בפפריקה,גרמים,400.00,100 גרם,false,,29.90,7.4750,true,1,25340
7290003229116,false,פסטרמה בדבש 400 גרםטירת צבי,הנסיך- מפעל לייצור ט,IL,א.מ פסטרמה בדבש 400,גרמים,400.00,100 גרם,false,,29.90,7.4750,true,1,25341
7290003229123,false,פסטרמה על גחלים 400 גרםטירת צבי,הנסיך- מפעל לייצור ט,IL,א.מ. פסטרמה על גחלים,גרמים,400.00,100 גרם,false,,29.90,7.4750,true,1,25342
7290003229147,false,נקניק סלמי איטלקי טירת צבי 300 ג',הנסיך- מפעל לייצור ט,IL,סלמי בסגנון איטלקי 3,גרמים,300.00,100 גרם,false,,29.90,9.9667,true,1,25343
7290003229192,false,כתף בקר מעושן טירת צבי 400 ג' צבי,טיב טירת צבי 2000,IL,א.מ. כתף בקר מעושן 4,גרמים,400.00,100 גרם,false,,35.90,8.9750,true,1,25346
7290003229215,false,פסטרמה איטלקית טירת צבי 360 ג',,,פסטרמה איטלקית 360 ג,גרמים,360.00,100 גרם,false,,29.90,8.3056,true,1,25348
7290003251308,false,אציטון משובח 100מל,שוורץ,,"אציטון משובח 100 מ""",מיליליטרים,100.00,"100 מ""ל",false,,4.90,4.9000,true,1,21152
7290003268252,false,לחם חיטה מלא לילדים 750 ג' דגנית עין בר,יוניליוור גרמניה Gm,IL,לחם חיטה מלא ללא גרע,גרמים,750.00,100 גרם,false,,14.90,1.9867,true,1,4514
7290003318100,false,וופל בטעם שוקולד מנעמים 200 ג',,,ופל שוקו מנעמים 200,גרמים,200.00,100 גרם,false,,4.30,2.1500,true,1,36000
7290003318131,false,וופל שוקו זהב מנעמית 200ג',,,ופל אגוז מנעמים 200,גרמים,200.00,100 גרם,false,,4.30,2.1500,true,1,36001
7290003321155,false,יוגורט בר עם פקאן מצופה שוקולד 183 ג' דנונה,"שטראוס בריאות בע""מ",IL,דנונה קראנצ' ששבי פק,מיליליטרים,183.00,"100 מ""ל",false,,4.90,2.6776,true,1,23262
7290003321292,false,גבינה לבנה 9% שומן 250 ג' שטראוס,מיוצר עי קונדיטוריית,IL,גבינה 9% סקי 250 גרם,גרמים,250.00,100 גרם,false,,4.90,1.9600,true,1,23263
7290003332007,false,קפה נחלה סובחי 250ג,סובחי נחלה ובניו,,קפה נחלה סובחי 250ג,גרמים,250.00,100 גרם,false,,15.90,6.3600,true,1,33716
7290003332014,false,קפה נחלה סובחי 500 ג,,,קפה נחלה סובחי 500 ג,גרמים,500.00,100 גרם,false,,28.90,5.7800,true,1,33717
7290003332021,false,"קפה נחלה סובחי 1 ק""ג",,,"קפה נחלה סובחי 1 ק""ג",קילוגרמים,1.00,"ק""ג",false,,50.90,50.9000,true,1,33718
7290003332045,false,קפה נחלה אדום ללא הל 250ג',קפה אל נחלה,,קפה נחלה סובחי 250 ג,גרמים,250.00,100 גרם,false,,15.90,6.3600,true,1,33719
7290003401369,false,"קרם לחות ועיצוב לשיער חוחובה נטורל 400 מ""ל",מיוצר עי אמיליה קוסמ,IL,קרם לחות ועיצוב לשיע,מיליליטרים,400.00,"100 מ""ל",false,,21.90,5.4750,true,1,29817
7290003411276,false,עמבה הודית מובחרת הנמל 600ג',טרופיקל דגיל תעשיות,IL,עמבה מובחרת 500 גרם,גרמים,500.00,100 גרם,false,,10.90,2.1800,true,1,7838
7290003411689,false,ליפתניות חד פעמי 25,הנמל אריזות ושיווק ב,IL,לפתניות 25 יח,יחידה,0.00,יחידה,false,,5.90,0.0000,true,1,7849
7290003411993,false,גפרורים הנמל 10 יחיד,"איטיליאן פוד, אס.פי.",SE,גפרורים 10 יחידות,יחידה,0.00,יחידה,false,,2.90,0.0000,true,1,7861
7290003427154,false,"שמן זית כתית מעולה מעודן זיתא 750 מ""ל",זיתא – י.ט.ב תעשיות,IL,שמן זית כתית מעולה ז,מיליליטרים,750.00,"100 מ""ל",false,,40.90,5.4533,true,1,24594
7290003438006,false,ממרח אולביה פסטו וצנובר איטלקי 190ג',מיוצר עי קונדיטוריית,IL,אוליביה ממרח פסטו אי,גרמים,180.00,100 גרם,false,,15.90,8.8333,true,1,3449
7290003438020,false,ממרח עגבניות מיובשות אוליביה 190 גר,מיוצר עי קונדיטוריית,IL,אוליביה ממרח עגבניות,גרמים,190.00,100 גרם,false,,15.90,8.3684,true,1,3451
7290003450602,false,חרדל הינץ אמיתי לחיץ 255 ג',היינץ צפון אמריקה -,US,חרדל אמיתי צהוב בקבו,גרמים,255.00,100 גרם,false,,12.90,5.0588,true,1,5311
7290003457991,false,טילון קורנטו וניל עם וופל ואגוזי לוז מסוכרים,"גלידת שטראוס בע""מ, ר",IL,מאגדת קורנטו קלאסיק,גרמים,300.00,100 גרם,false,,35.90,11.9667,true,1,4253
7290003514007,false,מנה שקדי מרק מנה 400 גרם,מנה,IL,שקדי מרק מנה 400 גרם,גרמים,400.00,100 גרם,false,,10.90,2.7250,true,1,21429
7290003527380,false,דובדובן ללא חרצן 680 ג',,,דובדבן ללא חרצן וילי,גרמים,680.00,100 גרם,false,,9.90,1.4559,true,1,17005
7290003578108,false,חתיכות אננס בסירופ קל וילי פוד 850 גרם,טקרנג פינאפל אינדסטר,TH,אננס חתוך ויליפוד 85,גרמים,490.00,100 גרם,false,,9.90,2.0204,true,1,2864
7290003578672,false,שמן חמניות מזוכך ויליפוד 1 ל',גידה,TR,שמן חמניות 1 ליטר,ליטרים,1.00,ליטר,false,,12.90,12.9000,true,1,2873
7290003643004,false,"אורז בסמטי קלאסי 1 ק""ג סוגת",האי נאם סי או אל.טי.,IL,"סוגת אורז בסמטי 1 ק""",קילוגרמים,1.00,"ק""ג",false,,14.90,14.9000,true,1,17308
7290003643325,false,קוסקוס בינוני 350 גרם סוגת,סוגת,IL,קוסקוס בינוני סוגת 3,גרמים,350.00,100 גרם,false,,5.90,1.6857,true,1,17316
7290003643387,false,"סוכר לבן בצנצנת 1 ק""ג סוגת",האי נאם סי או אל.טי.,IL,סוכר לבן בצנצנת סוגת,קילוגרמים,1.00,"ק""ג",false,,10.90,10.9000,true,1,17319
7290003643646,false,"סוכר דמררה קלאסי בצנצנת סוגת 1 ק""ג",האי נאם סי או אל.טי.,IL,סוכר דמררה בצנצנת חו,קילוגרמים,1.00,"ק""ג",false,,13.90,13.9000,true,1,17320
7290003643684,false,אפונה יבשה סוגת 500 גר',האי נאם סי או אל.טי.,IL,אפונה יבשה 500 גרם,גרמים,500.00,100 גרם,false,,6.90,1.3800,true,1,17321
7290003643707,false,גריסים 500 גרם סוגת,"סוגת תעשיות בע""מ",IL,סוגת גריסים 500גר,גרמים,500.00,100 גרם,false,,5.90,1.1800,true,1,17322
7290003643714,false,חומוס סוגת 500 גרם,האי נאם סי או אל.טי.,IL,חומוס 500 גרם,גרמים,500.00,100 גרם,false,,8.90,1.7800,true,1,17323
7290003643738,false,חיטה סוגת 500 גרם,האי נאם סי או אל.טי.,IL,סוגת חיטה 500 גר,גרמים,500.00,100 גרם,false,,5.90,1.1800,true,1,17324
7290003643745,false,כוסמת סוגת 500 גרם,האי נאם סי או אל.טי.,IL,כוסמת 500 גרם,גרמים,500.00,100 גרם,false,,7.90,1.5800,true,1,17325
7290003643752,false,עדשים ירוקים יבש סוגת 500 גר',האי נאם סי או אל.טי.,IL,עדשים ירוקות 500 גרם,גרמים,500.00,100 גרם,false,,8.90,1.7800,true,1,17326
7290003643769,false,עדשים אדומים יבש סוגת 500 גר',"סוגת תעשיות בע""מ",IL,עדשים אדומות 500 גרם,גרמים,500.00,100 גרם,false,,8.90,1.7800,true,1,17327
7290003643776,false,"פופקורן גרעינים סוגת 500 ג' כשל""פ",האי נאם סי או אל.טי.,IL,סוגת פופקורן 500 גרם,גרמים,500.00,100 גרם,false,,5.90,1.1800,true,1,17328
7290003643806,false,שעועית לבנה יבשה סוגת 500 ג',האי נאם סי או אל.טי.,IL,שעועית לבנה 500 גרם,גרמים,500.00,100 גרם,false,,12.90,2.5800,true,1,17330
7290003643813,false,שעועית אדומה יבשה סוגת 500 גר',האי נאם סי או אל.טי.,IL,שעועית אדומה 500 גרם,גרמים,500.00,100 גרם,false,,12.90,2.5800,true,1,17331
7290003681334,false,"קוקוס 400 ג' בד""ץ מיה",מיה,IL,קוקוס 400 גר. בדצ,גרמים,400.00,100 גרם,false,,13.90,3.4750,true,1,14944
7290003706167,false,בצל ירוק ארוז,,,בצל ירוק ארוז,יח',1.00,יח',false,,5.90,5.9000,true,1,35501
7290003726141,false,טופו משק גאיה 300גרם,ג'נרל מילס סאן אדריא,IL,טופו משק גאיה 300ג,גרמים,300.00,100 גרם,false,,13.70,4.5667,true,1,14614
7290003726615,false,טופו ויילר 300 גרם.,הדקלאים אגודת שיתופי,IL,טופו ויילר 300 גרם.,גרמים,300.00,100 גרם,false,,12.90,4.3000,true,1,23265
7290003805587,false,"פתית חיטה מלאה בד""צ 250 גרם-קופסא",יוניליוור ישראל מזון,IL,פתית חיטה מלאה בד'ץ,גרמים,250.00,100 גרם,false,,17.90,7.1600,true,1,10355
7290003807178,false,"רוטב קנור סויה בסגנון סיני 300 מ""ל",,IL,רוטב סויה בסגנון סינ,מיליליטרים,300.00,"100 מ""ל",false,,13.90,4.6333,true,1,10371
7290003882922,false,עלי גפן ממולאים באורז ויליפוד 400ג',הזה פלאקספו פוד קו ב,CN,עלי גפן ממולאים באור,גרמים,360.00,100 גרם,false,,9.90,2.7500,true,1,2884
7290003976607,false,ג'ל אקונומיקה סמיכה לבנדר טאצ' 4 ליטר,,,ג'ל אקונומיקה סמיכה,ליטרים,4.00,ליטר,false,,14.90,3.7250,true,1,85135
7290003989096,false,חציל פיקנטי אחלה 500 גרם,מיוצר עי קונדיטוריית,IL,אחלה חציל פיקנטי 500,גרמים,500.00,100 גרם,false,,16.90,3.3800,true,1,23266
7290004022309,false,M&M עדשי חמאת בוטנים,,,M&M עדשי חמאת בוטנים,גרמים,80.00,100 גרם,false,,7.90,9.8750,true,1,20560
7290004023041,false,לחם שיפון מחמצת 750 גרם,,,לחם שיפון מחמצת 750,גרמים,750.00,100 גרם,false,,13.90,1.8533,true,1,176632
7290004030100,false,מיץ תפוזים סחוט ולנסיה 1 ליטר,,,מיץ תפוזים סחוט וולנ,ליטרים,1.00,ליטר,false,,15.90,15.9000,true,1,53806
7290004043108,false,M&M עדשי שוקולד 89 ג,,,M&M עדשי שוקולד 89 ג,גרמים,89.00,100 גרם,false,,7.90,8.8764,true,1,20561
7290004063016,false,מלח שולחן מעולה דק 1,האי נאם סי או אל.טי.,IL,"מלח שולחן סלית 1 ק""ג",קילוגרמים,1.00,"ק""ג",false,,2.07,2.0700,true,1,15441
7290004063115,false,"מלח מטבח עבה להמלחת בשר ובישול 1 ק""ג 1ק""ג",האי נאם סי או אל.טי.,IL,מלח מטבח גס לבישול כ,קילוגרמים,1.00,"ק""ג",false,,2.07,2.0700,true,1,15442
7290004064082,false,מטחנה מלח ים טבעי 250 גרם מלח הארץ,חברת מלח הארץ אילת ב,IL,מטחנה מלח ים טבעי,גרמים,250.00,100 גרם,false,,14.90,5.9600,true,1,24610
7290004064174,false,"תבלין מלח ההימלאיה דק בצנצנת 1 ק""ג",מלח הארץ,,מלח ההימלאיה דק בצנצ,קילוגרמים,1.00,"ק""ג",false,,20.90,20.9000,true,1,15444
7290004064358,false,"מלח דק זורם בקלות מלח הארץ קרטון 1 ק""ג",,IL,מלח דק זורם בקלות בק,קילוגרמים,1.00,"ק""ג",false,,5.20,5.2000,true,1,15448
7290004064365,false,"מלח דק מועשר ביוד מלח הארץ קרטון 1 ק""ג",,IL,מלח דק מועשר ביוד קר,קילוגרמים,1.00,"ק""ג",false,,6.90,6.9000,true,1,15449
7290004068028,false,"ציזיקי יוגורט לשתיה גד 500 מ""ל",מיוצר על ידי קוד יצר,IL,גד משקה צזיקי 2% 500,מיליליטרים,500.00,"100 מ""ל",false,,11.70,2.3400,true,1,14616
7290004078263,false,מקלות אוזניים פלסטיק 2* 200 יחידות,,,צמרונים בקופסא זוג ב,יחידה,0.00,יחידה,false,,12.90,0.0000,true,1,21449
7290004078270,false,נוזל כלים פלמוליב צילינדר לימון 1 ליטר,יבואן ומשווק: ש. שסט,GR,פלמוליב לכלים לימון-,יחידה,0.00,יחידה,false,,14.90,0.0000,true,1,21450
7290004119133,false,כד יוגורט תנובה 6.5% שומן 1.5 ליטר,מיוצר עי קונדיטוריית,IL,יוגורט כדים תנובה 7%,ליטרים,1.50,ליטר,false,,18.70,12.4667,true,1,25821
7290004120061,false,קרלו שוניל 3% 125 גרם,תנובה מרכז שיתופי לש,IL,קרלו שוניל 3% 125מל,מיליליטרים,125.00,"100 מ""ל",false,,3.50,2.8000,true,1,25826
7290004120108,false,יופלה דיאט יוגורט דובדבן %0 גביע 150ג',תנובה בעמ,IL,יופלה דיאט דובדבן 0%,מיליליטרים,150.00,"100 מ""ל",false,,5.60,3.7333,true,1,25827
7290004120634,false,גבינה פיראוס בולגרית 5% 250 גרם,פ.פ.ח. שאביט,IL,פיראוס בולגרית 5% 25,גרמים,250.00,100 גרם,false,,23.90,9.5600,true,1,25836
7290004121488,false,יופלה דיאט אפרסק 0% גביע 150 ג',תנובה בעמ,IL,יופלה דיאט אפרסק 0%,מיליליטרים,150.00,"100 מ""ל",false,,5.60,3.7333,true,1,25839
7290004121525,false,יופלה מאגדת פרי 4 תות 4 אפרסק 3% 8 יח'*150 ג',תנובה בעמ,IL,יופלה אפרסק תות 3% 8,קילוגרמים,1.20,"ק""ג",false,,32.90,27.4167,true,1,25840
7290004121839,false,גבינת פטה כבשים 20% 250 ג' פיראוס,תנובה,IL,פיראוס פטה כבשים 20%,גרמים,250.00,100 גרם,false,,29.50,11.8000,true,1,25842
7290004121853,false,גבינה בולגרית פיראוס 5% קוביות 200 גרם,תנובה,IL,פיראוס בולגרית בקובי,גרמים,200.00,100 גרם,false,,22.90,11.4500,true,1,25843
7290004122119,false,פתיתי פרמזן לפסטה %23 100 ג' השף הלבן,פ.פ.ח. שאביט,IL,שף לבן פתיתי פרמזן ל,גרמים,100.00,100 גרם,false,,13.90,13.9000,true,1,25845
7290004122195,false,"גבינת גוש חלב פרוס 28%, כשרות מהדרין, 200 ג'",תנובה,IL,גוש חלב פרוס 28% 200,גרמים,200.00,100 גרם,false,,14.90,7.4500,true,1,25846
7290004122270,false,גבינה צהובה פרוס בקופסא %28 200 ג' עמק,תנובה מרכז שיתופי לש,IL,עמק פרוס סגירה חוזרת,גרמים,200.00,100 גרם,false,,17.50,8.7500,true,1,25847
7290004122348,false,גבינת עמק לייט פרוס בקופסא 200 גרם,תנובה,IL,עמק לייט 9% 200ג,גרמים,200.00,100 גרם,false,,17.90,8.9500,true,1,25848
7290004122676,false,גבינת חמד לייט 5% פיראוס 250 ג',"תנובה,מחלבת טנא נוגה",IL,פיראוס חמד לייט 5% 2,גרמים,250.00,100 גרם,false,,20.90,8.3600,true,1,25850
7290004124847,false,"קצפת צמחית השף הלבן 500 מ""ל תנובה",סוי מג'יק,IL,שף לבן קצפת צמחית 24,מיליליטרים,500.00,"100 מ""ל",false,,18.00,3.6000,true,1,25861
7290004125370,false,"שמנת חמוצה מופחתת שומן 9% 200 מ""ל",תנובה מרכז שיתופי לש,IL,תנובה שמנת מופחתת 9%,מיליליטרים,200.00,"100 מ""ל",false,,4.10,2.0500,true,1,25863
7290004125400,false,"שלי אשל 4.5% תנובה 200מ""ל מהדרין",פארייפאבה אגרואינדוס,IL,"אשל 4.5% בד""צ מהדרין",מיליליטרים,200.00,"100 מ""ל",false,,1.69,0.8450,true,1,25864
7290004125417,false,"שלי גיל 3% תנובה 200מ""ל מהדרין",תנובה מרכז שיתופי לש,IL,"גיל 3% בד""צ מהדרין",מיליליטרים,200.00,"100 מ""ל",false,,1.51,0.7550,true,1,25865
7290004125455,false,"שמנת אורגינל15% תנובה 200 מ""ל",תנובה מרכז שיתופי לש,IL,תנובה שמנת אורגינל מ,מיליליטרים,200.00,"100 מ""ל",false,,2.40,1.2000,true,1,25866
7290004125462,false,"שמנת אורגינל 15% מהדרין 500 מ""ל",תנובה,IL,תנובה שמנת חמוצה 15%,מיליליטרים,500.00,"100 מ""ל",false,,6.00,1.2000,true,1,25867
7290004125509,false,"שמנת 15% חצי מנה 100 מ""ל תנובה",תנובה,IL,תנובה שמנת חצי מנה 1,מיליליטרים,100.00,"100 מ""ל",false,,1.80,1.8000,true,1,25868
7290004125578,false,משקה סויה מעושר בסידן תנובה 1ל',סוי מג'יק,IL,משקה סויה תנובה מועש,ליטרים,1.00,ליטר,false,,12.50,12.5000,true,1,25869
7290004125585,false,משקה סויה וניל על הבוקר 1 ל',תנובה מרכז שיתופי לש,IL,סויה תנובה משקה סויה,ליטרים,1.00,ליטר,false,,12.50,12.5000,true,1,25870
7290004125721,false,"שמנת לבישול 15% שומן 250 מ""ל תנובה",תנובה מרכז שיתופי לש,IL,שף לבן שמנת לבישול 1,מיליליטרים,250.00,"100 מ""ל",false,,8.90,3.5600,true,1,25872
7290004125738,false,שמנת מתוקה להקצפה32% 250מל עמיד השף הלבן,תנובה מרכז שיתופי לש,IL,שף לבן שמנת להקצפה 3,מיליליטרים,250.00,"100 מ""ל",false,,7.20,2.8800,true,1,25873
7290004125776,false,גבינה צהובה עמק 28% 400 גרם בקופסא,תנובה,IL,עמק גבינה קשה פרוסה,גרמים,400.00,100 גרם,false,,31.50,7.8750,true,1,25874
7290004126674,false,פרוסות גבינה חצי קשה 9% שומן 200 ג' עמק,תנובה,IL,עמק טל לייט 9% 200ג,גרמים,200.00,100 גרם,false,,19.90,9.9500,true,1,25877
7290004127329,false,קוטג' 5% תנובה 250ג' מהדרין,מיוצר עי קונדיטוריית,IL,קוטג' 5% תנובה מהדרי,גרמים,250.00,100 גרם,false,,5.90,2.3600,true,1,25881
7290004127336,false,קוטג' 9% תנובה 250 ג' הדרין,מיוצר עי קונדיטוריית,IL,קוטג' תנובה מהדרין 9,גרמים,250.00,100 גרם,false,,5.90,2.3600,true,1,25882
7290004127800,false,גבינה לבנה 5% שומן 500 ג' תנובה,מיוצר עי קונדיטוריית,IL,תנובה גבינה לבנה 5%,גרמים,500.00,100 גרם,false,,9.96,1.9920,true,1,25884
7290004127817,false,גבינה לבנה 9% שומן 500 ג' תנובה,מיוצר עי קונדיטוריית,IL,תנובה גבינה לבנה 9%,גרמים,500.00,100 גרם,false,,9.80,1.9600,true,1,25885
7290004127862,false,גבינה לבנה 5% שומן 750 ג' תנובה,מחלבת אלון תבור,IL,תנובה גבינה למריחה מ,גרמים,750.00,100 גרם,false,,14.90,1.9867,true,1,25886
7290004128340,false,קרם גבינת שמנת %5 בטעם טבעי 200 ג' תנובה,תנובה,IL,תנובה קרם גבינת שמנת,גרמים,200.00,100 גרם,false,,13.40,6.7000,true,1,25890
7290004128364,false,קרם גבינת שמנת 5% עם זיתים ירוקים 200 ג' תנובה,"תנובה, מחלבת תל יוסף",IL,תנובה קרם גבינת שמנת,גרמים,200.00,100 גרם,false,,13.40,6.7000,true,1,25891
7290004128432,false,פתיתים מיוחדים לפיצה על בסיס גבינה 500 ג',תנובה,IL,שף לבן פתיתי גבינה מ,גרמים,500.00,100 גרם,false,,23.90,4.7800,true,1,25892
7290004129101,false,גבינת שמנת 25% בטעם טבעי 225 ג' נפוליאון,מחלבת אלון תבור,IL,נפוליאון בטעם טבעי 2,גרמים,225.00,100 גרם,false,,15.50,6.8889,true,1,25893
7290004129156,false,גבינת שמנת25% עם שום שמיר 225 ג' נפוליאון,מחלבת אלון תבור,IL,נפוליאון שום שמיר 25,גרמים,225.00,100 גרם,false,,15.50,6.8889,true,1,25895
7290004129767,false,יופלה מאגדת לבן 3% 8 יח' *150 ג',מחלבת אלון תבור,IL,יופלה לבן מאגדת 3% 8,קילוגרמים,1.20,"ק""ג",false,,18.90,15.7500,true,1,25899
7290004130794,false,משקה סויה טבעי במתיקות מופחתת 1 ליטר,סוי מג'יק,IL,סויה תנובה טבעי במתי,ליטרים,1.00,ליטר,false,,12.00,12.0000,true,1,25902
7290004131074,false,חלב תנובה 3% 1 ליטר קרטון מהדרין,תנובה מרכז שיתופי לש,IL,חלב תנובה הומוגני מה,ליטרים,1.00,ליטר,false,,6.23,6.2300,true,1,25905
7290004131814,false,גבינה צפתית 5% מעודנת 200 ג' פיראוס,פארייפאבה אגרואינדוס,IL,פיראוס צפתית מעודנת,גרמים,200.00,100 גרם,false,,15.90,7.9500,true,1,25913
7290004132552,false,משקה סויה לייט בטעם טבעי טרי 1 ליטר,תנובה מרכז שיתופי לש,IL,סויה תנובה לייט בטעם,ליטרים,1.00,ליטר,false,,12.00,12.0000,true,1,25920
7290004132712,false,חטיף אצבעות גבינת מוצרלה 20% 172 ג' עמק,פ.פ.ח. שאביט,IL,עמק אצבעות מוצרלה 20,גרמים,174.00,100 גרם,false,,17.70,10.1724,true,1,25922
7290004133511,false,יופלה מאגדת לבן 1.5% מעודן 8 יח' * 150 ג',מיוצר עי קונדיטוריית,IL,יופלה לבן מעודן 1.5%,ליטרים,1.20,ליטר,false,,22.90,19.0833,true,1,25927
7290004135614,false,גבינה בולגרית מעודנת 5% 250 ג' פיראוס,תנובה,IL,פיראוס בולגרית מעודנ,גרמים,250.00,100 גרם,false,,23.00,9.2000,true,1,25939
7290004136598,false,מארז הפסקת אוכל עם קורנפלקס ומשקה חלב עמיד בטעם וניל,פארייפאבה אגרואינדוס,IL,מארז הפסקת אוכל חלב,גרמים,150.00,100 גרם,false,,10.30,6.8667,true,1,25946
7290004136857,false,גלי בטעם פטל 125 גרם,תנובה מרכז שיתופי לש,IL,ג'לי תנובה פטל 125מל,מיליליטרים,125.00,"100 מ""ל",false,,2.90,2.3200,true,1,25947
7290004136864,false,ג'לי תנובה אננס עם חתיכות אננס 125 ג',סוי מג'יק,IL,ג'לי תנובה אננס עם ח,מיליליטרים,125.00,"100 מ""ל",false,,2.90,2.3200,true,1,25948
7290004137021,false,"שמנת לבישול 10% עמיד השף הלבן 250 מ""ל",תנובה מרכז שיתופי לש,IL,שף לבן שמנת לבישול 1,מיליליטרים,250.00,"100 מ""ל",false,,8.90,3.5600,true,1,25951
7290004137311,false,גבינה צהובה לייט 9% שומן 400 ג' עמק,תנובה,IL,עמק לייט משפחתית 9%,גרמים,400.00,100 גרם,false,,32.90,8.2250,true,1,25952
7290004150136,false,חציל על האש פיקנטי פרימיום 300 גרם,,IL,חציל על האש 300 גרם,גרמים,300.00,100 גרם,false,,15.90,5.3000,true,1,381610
7290004150143,false,חציל במיונז פיקנטי פרימיום 300 גרם,,IL,חציל במיונז 300 גרם,גרמים,300.00,100 גרם,false,,15.90,5.3000,true,1,381611
7290004150150,false,חציל בטחינה פיקנטי פרימיום 300 גרם,,IL,חציל בטחינה 300 גרם,גרמים,300.00,100 גרם,false,,15.90,5.3000,true,1,381612
7290004150167,false,תפואדמה במיונז פיקנטי פרימיום 300 גרם,,IL,"סלט תפו""א במיונז 300",גרמים,300.00,100 גרם,false,,15.90,5.3000,true,1,381613
7290004150174,false,קולוסלאו פיקנטי פרימיום 300 גרם,,IL,סלט קולסלאו 300 גרם,גרמים,300.00,100 גרם,false,,15.90,5.3000,true,1,381614
7290004150181,false,חמוצים סיני פיקנטי פרימיום 300 גרם,,IL,סלט חמוצים סיני 300,גרמים,300.00,100 גרם,false,,15.90,5.3000,true,1,381615
7290004150228,false,כרוב אדום 300 גרם פיקנטי פרימיום,,IL,סלט כרוב אדום במיונז,גרמים,300.00,100 גרם,false,,15.90,5.3000,true,1,381619
7290004199784,false,כפפות S לטקס עם איבוק עדין 100 יח- SAFE TOUCH,,,כפפות לאטקס סייף טאצ,יחידה,0.00,יחידה,false,,41.90,0.0000,true,1,66902
7290004199791,false,כפפות M לטקס עם איבוק עדין 100 יח- SAFE TOUCH,,,כפפות לאטקס סייף טאצ,יחידה,0.00,יחידה,false,,41.90,0.0000,true,1,66903
7290004200244,false,פרסים רמה 3,,,פרסים רמה 3,יחידה,0.00,יחידה,false,,9.50,0.0000,true,1,32179
7290004225285,false,גבינה בסגנון דנאבלו 100 ג',האי נאם סי או אל.טי.,DK,סגנון דנאבלו 100 גרם,גרמים,100.00,100 גרם,false,,10.90,10.9000,true,1,17027
7290004537241,false,אפונת גינה קפואה 800,,,אפונת גינה קפואה 800,גרמים,800.00,100 גרם,false,,15.90,1.9875,true,1,51448
7290004554354,false,גלידת פנטזיה שוקו וניל 1 ל' שטראוס,"גלידת שטראוס בע""מ, ר",IL,פנטסיה שוקו וניל 900,מיליליטרים,900.00,"100 מ""ל",false,,26.70,2.9667,true,1,4257
7290004584351,false,גבינה לבנה סימפוניה עם תוספות 200 ג' חמישית 200,"שטראוס בריאות בע""מ",IL,סימפוניה חמישית 200ג,גרמים,200.00,100 גרם,false,,12.50,6.2500,true,1,23270
7290004584528,false,יוגורט דנונה ביו טבעי 1.7% 200 גרם,מיוצר עי קונדיטוריית,IL,דנונה יוגורט טבעי 1.,מיליליטרים,200.00,"100 מ""ל",false,,3.70,1.8500,true,1,23271
7290004658953,false,סובניון בלאן לבן יבש 750 מל,"כד בני דרום בע""מ",IL,יין P.C סוביניון ב,מיליליטרים,750.00,"100 מ""ל",false,,44.90,5.9867,true,1,508
7290004731472,false,"אל סבון צבעוני כיף שלישיה* 500 מ""ל",טרופיקל דגיל תעשיות,IL,שלישיית אלסבון צבעונ,ליטרים,1.50,ליטר,false,,20.90,13.9333,true,1,29835
7290004731564,false,"סנו - מקסימה מרסס למייבש כביסה פריחה כחולה 750 מ""ל",סנו,IL,סנו מקסימה מבשם ומרכ,מיליליטרים,750.00,"100 מ""ל",false,,18.90,2.5200,true,1,29838
7290004872250,false,שלגון שרבט אבטיח נסטלה 108'ג,נגה גלידות (גלידות נ,IL,אבטיח שרבט,גרמים,540.00,100 גרם,false,,6.90,1.2778,true,1,16083
7290005084355,false,"סנסודיין - משחת שיניים דואל קר זהב 75 מ""ל",DE MICLEN,IL,משחת שיניים דואל קר,מיליליטרים,75.00,"100 מ""ל",false,,22.70,30.2667,true,1,3827
7290005174513,false,חציל במיונז 500 ג' אחלה,מיוצר עי קונדיטוריית,IL,חציל במיונז אחלה 500,גרמים,500.00,100 גרם,false,,16.90,3.3800,true,1,23273
7290005197758,false,עוגיות חיוכים שוקו שוקו 150ג',אפיפית נצרת (1971) ב,IL,חיוכים של שוקו,גרמים,150.00,100 גרם,false,,5.50,3.6667,true,1,22215
7290005199288,false,גומי מאסט בטעם פטל לימון 28 ג' עלית,"שטראוס גרופ בע""מ",IL,מאסט פטל לימון 28 גר,גרמים,28.00,100 גרם,false,,4.70,16.7857,true,1,22218
7290005200786,false,תפוצ'יפס שמנת ובצל 50 גרם,"שטראוס פריטו ליי בע""",IL,תפוציפס שמנת ובצל 50,גרמים,50.00,100 גרם,false,,4.30,8.6000,true,1,24126
7290005201882,false,קפה טורקי עלית 200 גרם,הנסיך- מפעל לייצור ט,IL,טורקי עלית 200 גר',גרמים,200.00,100 גרם,false,,16.90,8.4500,true,1,22226
7290005287206,false,טונה סטארקיסט בשמן רביעיות 4*160 גר,"סטארקיסט פודור בע""מ",,טונה בשמן סטארקיסט ר,גרמים,640.00,100 גרם,false,,25.90,4.0469,true,1,26613
7290005287213,false,"טונה סטארקיסט בשמן רביעייה בד""צ",,,טונה בשמן סטארקיסט ב,גרמים,640.00,100 גרם,false,,25.90,4.0469,true,1,26614
7290005287251,false,טונה סטארקיסט במים רביעיות 4*160 גר,"איטיליאן פוד, אס.פי.",,טונה במים סטארקיסט ר,גרמים,640.00,100 גרם,false,,25.90,4.0469,true,1,26616
7290005326585,false,ממרח אוליביה פסטו בזיליקום 180 ג',"אוליביה גורמה בע""מ",IL,אוליביה פסטו בזיליקו,גרמים,180.00,100 גרם,false,,13.90,7.7222,true,1,25959
7290005400155,false,פתיתים כוסמין מקור הכוסמין 500 גר,,IL,פתיתים אפויים כוסמין,גרמים,500.00,100 גרם,false,,15.90,3.1800,true,1,39950
7290005403972,false,תחתיות ארטישוק 400 ג,,,תחתיות ארטישוק 400 ג,גרמים,400.00,100 גרם,false,,17.90,4.4750,true,1,51461
7290005403989,false,במיה קפואה 600 גרם ש,,,במיה קפואה 600 גרם ש,גרמים,600.00,100 גרם,false,,12.90,2.1500,true,1,51462
7290005423055,false,סנו פורטה פלוס מתז בניחות לימון 1 ל',"סנו מפעלי ברונוס בע""",IL,מתז פורטה פלוס בניחו,ליטרים,1.00,100 ליטר,false,,19.90,1990.0000,true,1,29850
7290005423567,false,מטליות לניקוי כללי בגליל 40 יח' סנו סושי,אסותא תעשיות אלבד בע,IL,סנו סושי מטלית לכל 3,יחידה,0.00,יחידה,false,,22.00,0.0000,true,1,29864
7290005423635,false,ריצפז נוזל לניקוי רצפות דוחה חרקים 2 ל',מיוצר עי קונדיטוריית,IL,נוזל לניקוי רצפות דו,ליטרים,2.00,ליטר,false,,22.90,11.4500,true,1,29865
7290005423734,false,סנו - מקסימה מרכך כביסה אולטרה פרש 4 ליטר,"סנו מפעלי ברונוס בע""",IL,מרכך כביסה סנו מקסימ,ליטרים,4.00,ליטר,false,,23.90,5.9750,true,1,29866
7290005423833,false,סנו פוליויקס פרקט 2 ליטר,"סנו מפעלי ברונוס בע""",IL,סנו פוליויקס פרקט 2,ליטרים,2.00,ליטר,false,,22.90,11.4500,true,1,29867
7290005424847,false,מפיות סנו סושי לבן לאירוח 150יח',מיוצר עי קונדיטוריית,TR,סנו סופט מפיות 30*30,יחידה,0.00,יחידה,false,,8.90,0.0000,true,1,29887
7290005425646,false,סנו קליר ספריי אקדח לניקוי והברקת חלונות 1ל',"סנו מפעלי ברונוס בע""",IL,סנוקליר נוזל רב תכלי,יחידה,0.00,יחידה,false,,12.90,0.0000,true,1,29903
7290005426971,false,סנובון כחול בריח תפוח 3 יח' * 55 ג',,,סנובון כחול שלישיה ב,גרמים,165.00,100 גרם,false,,17.90,10.8485,true,1,29930
7290005427633,false,"כיף גל לשיער לשיער חזק במיוחד 1 ק""ג",,,ג'ל לשיער לשיער חזק,קילוגרמים,1.00,"ק""ג",false,,27.90,27.9000,true,1,29948
7290005427978,false,"קרמה תחליב רחצה לפנים 180 מ""ל",גוד פוד פרודקטס S.p,IL,תחליב רחצה לפנים קרמ,מיליליטרים,180.00,"100 מ""ל",false,,14.90,8.2778,true,1,29960
7290005431883,false,עדן מלבי חלבי 165 גר,לחמנו,IL,עדן מלבי חלבי 165 גר,גרמים,165.00,100 גרם,false,,7.80,4.7273,true,1,25970
7290005431913,false,עוגת גינה פירורים 92 גרם,תנובה,IL,קינוחי עדן עוגת גבינ,גרמים,92.00,100 גרם,false,,7.80,8.4783,true,1,25973
7290005477669,false,דרמפון-ס.נוזלי מועשר בלחות 1 ליטר,קוסמופארם בע''מ,IL,סבון נוזלי מועשר בלח,יחידה,0.00,יחידה,false,,18.90,0.0000,true,1,29982
7290005559709,false,בורקס פיצה מעדנות 700 ג',"מעדנות בע""מ",IL,בורקס פיצה 700 גרם,גרמים,700.00,100 גרם,false,,27.90,3.9857,true,1,35567
7290005559907,false,פיצה משפחתית גבינה מעדנות 500 גר,מיוצר עי קונדיטוריית,IL,פיצה משפחתית גבינה 5,גרמים,500.00,100 גרם,false,,24.90,4.9800,true,1,35570
7290005559914,false,פיצה משפחתית זיתים מעדנות 550 גר,מיוצר עי קונדיטוריית,IL,פיצה משפחתית זיתים 5,גרמים,550.00,100 גרם,false,,23.90,4.3455,true,1,35571
7290005559990,false,בצק פילאס תורכי מעדנות 600 גר,מיוצר עי קונדיטוריית,IL,בצק פילאס תורכי מעדנ,גרמים,600.00,100 גרם,false,,28.90,4.8167,true,1,35575
7290005591761,false,דבש טהור מפרחי בר בלחיץ 400 ג' יד מרדכי,מכוורת יד מרדכי שטרא,IL,דבש טהור מפרחי בר בל,גרמים,400.00,100 גרם,false,,26.90,6.7250,true,1,22227
7290005610011,false,תפו`א אדום דוד משה,,,תפו`א אדום דוד משה,קילוגרמים,1.00,"ק""ג",true,,5.90,5.9000,true,1,50839
7290005610127,false,תפוח אדמה לבן דוד משה,,,תפו`א גורמה לבן דוד,קילוגרמים,1.00,"ק""ג",true,,7.90,7.9000,true,1,50841
7290005610196,false,תפו`א בייבי גורמה,,,תפו`א בייבי גורמה,קילוגרמים,1.00,"ק""ג",true,,6.90,6.9000,true,1,50842
7290005838002,false,מעדן גבינה ויוגורט בטעם וניל 88 ג' דניאלה,"שטראוס בריאות בע""מ",IL,דניאלה מעדן גבינה 15,מיליליטרים,150.00,"100 מ""ל",false,,4.30,2.8667,true,1,23278
7290005838613,false,גבינת וניל שטראוס 125 ג',"שטראוס בריאות בע""מ",IL,גבינה וניל 3% סקי 12,גרמים,125.00,100 גרם,false,,3.90,3.1200,true,1,23279
7290005839078,false,"דנונה יוגורט ביו 3% לבן מארז 150X8מ""ל",מיוצר עי קונדיטוריית,IL,דנונה ביו מארז חסכון,קילוגרמים,1.20,"ק""ג",false,,17.90,14.9167,true,1,23281
7290005839108,false,גבינה לבנה סימפוניה עם תוספות 200 ג'+זיתים 5%,"שטראוס בריאות בע""מ",IL,סימפוניה עם זיתים 5%,גרמים,200.00,100 גרם,false,,12.50,6.2500,true,1,23282
7290005839313,false,"מילקי טופ שוקולד מגולגל 170 מ""ל",מיוצר עי קונדיטוריית,IL,מילקי טופ מגולגלת 14,מיליליטרים,142.00,"100 מ""ל",false,,5.00,3.5211,true,1,23283
7290005896453,false,"בירה מכבי 7.9% בקבוק חוזר 500מ""ל",טמפו משקאות בע''מ,IL,בירה מכבי 7.9 בקבוק,מיליליטרים,500.00,"100 מ""ל",false,,8.90,1.7800,true,1,9392
7290005896460,false,"בירה איגל חזקה 7.8% 500 מ""ל פחית",,,איגל בירה חזקה 7.8%,מיליליטרים,500.00,"100 מ""ל",false,,6.90,1.3800,true,1,9393
7290005938245,false,ממרח פסטו קלאסי פרסקו 220ג' מצונן,מיוצר עי פרסקו חצבה,IL,פרסקו ממרח מצונן פסט,גרמים,220.00,100 גרם,false,,20.90,9.5000,true,1,17079
7290006065179,false,סטייק טונה קפוא בואק,,,סטייק טונה קפוא בואק,קילוגרמים,1.00,"ק""ג",true,,41.90,41.9000,true,1,116958
7290006185501,false,"פנינה רוזנבלום -אל סבון נוזלי ורוד,1 ליטר",,,אל סבון נוזלי ורוד פ,יחידה,0.00,יחידה,false,,10.90,0.0000,true,1,18122
7290006185518,false,פנינה אל סבון נוזלי כחול פנינה 1 ל',,,אל סבון נוזלי כחול פ,יחידה,0.00,יחידה,false,,10.90,0.0000,true,1,18123
7290006185952,false,פנינה מגבון מסיר איפור 30 יח',,,מגבון איפור פנינה רו,יחידה,0.00,יחידה,false,,9.90,0.0000,true,1,18124
7290006229588,false,בירה איגל לאגר פרימיום חזקה 6.3% 500 מל,"טמפו משקאות בע""מ",IL,איגל בירה פחית זהב 5,מיליליטרים,500.00,"100 מ""ל",false,,6.90,1.3800,true,1,9409
7290006241191,false,אגוזי מלך קליית גת 150 גר,הדקלאים אגודת שיתופי,US,אגוזי מלך 150 גרם קל,גרמים,150.00,100 גרם,false,,17.90,11.9333,true,1,12787
7290006241504,false,"פריגת קפוא תפוזים 280 מ""ל",גת,IL,קפוא תפוזים 340 גרם,גרמים,340.00,100 גרם,false,,13.90,4.0882,true,1,6395
7290006241511,false,"פריגת קפוא לימון נענע 280 מ""ל",היינץ צפון אמריקה מק,IL,קפוא לימון נענע 340,גרמים,340.00,100 גרם,false,,13.90,4.0882,true,1,6396
7290006241535,false,"פריגת קפוא מנגו 280מ""ל",היינץ צפון אמריקה מק,IL,קפוא מנגו 340 גרם,גרמים,340.00,100 גרם,false,,13.90,4.0882,true,1,6397
7290006251275,false,תה ירוק סיני 25 שקיקים של 1.5 ג,HIQ FOOD PRODUCTS,IL,תה ירוק סיני,גרמים,37.50,100 גרם,false,,23.90,63.7333,true,1,24620
7290006251343,false,תה חליטה הגן הקסום פסיפלורה מנגו 25 שקיקים,HIQ FOOD PRODUCTS,IL,תה חליטה הגן הקסום פ,גרמים,62.50,100 גרם,false,,17.90,28.6400,true,1,24622
7290006251374,false,תה ירוק לימונית וגינגר 25 שקיקים ויסוצקי,ויסוצקי,IL,תה ירוק לימונית וג'י,גרמים,25.00,100 גרם,false,,23.90,95.6000,true,1,24623
7290006251589,false,תה ירוק עם עלי נענע 50 שקיקים ויסוצקי,בית ויסוצקי,IL,תה ירוק עם עלי נענע,גרמים,75.00,100 גרם,false,,47.90,63.8667,true,1,24624
7290006271181,false,ג'חנון אפוי מעדנות 750 ג',מיוצר עי קונדיטוריית,IL,מעדנות גחנון אפוי 75,גרמים,750.00,100 גרם,false,,28.90,3.8533,true,1,35577
7290006271655,false,מיני בורקס גבינה מוזל מעדנות,מיוצר עי קונדיטוריית,IL,מיני בורקס גבינה 800,גרמים,800.00,100 גרם,false,,27.90,3.4875,true,1,35582
7290006306302,false,רביולי במילוי גבינות פרמזן ריקוטה 400 ג' פסטה נונה,פסטה נונה,IL,פסטה נונה ריביולי פר,גרמים,400.00,100 גרם,false,,29.50,7.3750,true,1,14636
7290006322104,false,לחם ריחיים קל פרוס 500 ג',מאפיית דוידוביץ ובני,IL,לחם ריחיים מלא דוידו,גרמים,500.00,100 גרם,false,,13.90,2.7800,true,1,402827
7290006322111,false,לחמניות רחיים כהה קל,מאפיית דוידוביץ ובני,IL,6 לחמניות ריחיים מאפ,גרמים,450.00,100 גרם,false,,12.90,2.8667,true,1,403219
7290006322128,false,לחמניות קלות 6 יח בחבילה,מאפיית דוידוביץ ובני,IL,6 לחמניות קלות מאפיי,גרמים,450.00,100 גרם,false,,12.90,2.8667,true,1,403220
7290006322470,false,לחם 9 דגנים קל קמח ו,מאפיית דוידוביץ ובני,IL,לחם 9 דגנים קל קמח ו,גרמים,500.00,100 גרם,false,,13.90,2.7800,true,1,402801
7290006322838,false,לחם 100% קמח מלא 750 גרם,מאפיית דוידוביץ ובני,IL,לחם 100% מלא דוידובי,גרמים,750.00,100 גרם,false,,14.90,1.9867,true,1,402909
7290006342065,false,בוטנים קלויים 200 ג ששון הקולה,,,בוטנים קלויים 200 ג,גרמים,200.00,100 גרם,false,,8.90,4.4500,true,1,4634
7290006342645,false,עלי טורטייה גדולה 84,אלקטי קוראבייכיסיגיד,TR,טורטייה 840 גרם,גרמים,840.00,100 גרם,false,,15.90,1.8929,true,1,4645
7290006374738,false,קונפיטורת יד מרדכי תות 340 גרם,אף.סי תבליני בגליל ב,IL,קונפיטורת תות יד מור,גרמים,340.00,100 גרם,false,,14.90,4.3824,true,1,22234
7290006492432,false,גבינת מוצרלה בייבי 18% 300 ג' גד,מחלבות גד בעמ,IL,גד בייבי מוצרלה 150ג,גרמים,170.00,100 גרם,false,,17.00,10.0000,true,1,14644
7290006492630,false,גבינת גליל עזים 22% 180 ג' גד,מחלבות גד בעמ,IL,גד גבינת גליל גד עזי,גרמים,180.00,100 גרם,false,,24.50,13.6111,true,1,14646
7290006492852,false,גבינת עיזים למריחה 5% שומן 250 ג' גד,מחלבות גד,IL,גד גבינת עיזים למריח,גרמים,250.00,100 גרם,false,,19.30,7.7200,true,1,14649
7290006494917,false,טוסו וופל קלאסי במילוי שוקולד 200 גרם,"איטיליאן פוד, אס.פי.",IL,טוסו וופל טעם שוקולד,גרמים,180.00,100 גרם,false,,12.50,6.9444,true,1,5820
7290006511157,false,פטריות שלמות 400 ג' וילי פוד,אוקצ'מפס אס.איי אויי,PL,פטריות שלמות שמפיניו,גרמים,230.00,100 גרם,false,,7.90,3.4348,true,1,2903
7290006511751,false,פטריות שמפניון חתוך ויליפוד 290X3 ג' בד”צ,,,פטריות חתוכות ויליפו,גרמים,870.00,100 גרם,false,,13.00,1.4943,true,1,2906
7290006532398,false,סטייק צ'יפס טעים 1.8,,,סטייק צ'יפס טעים 1.8,קילוגרמים,1.80,"ק""ג",false,,24.90,13.8333,true,1,51477
7290006618085,false,"אסטוניש - מרסס לחדר האמבט עם אקונומיקה 750 מ""ל",אסטוניש,,אסטוניש מרסס לאמבט 7,מיליליטרים,750.00,"100 מ""ל",false,,15.90,2.1200,true,1,11298
7290006618146,false,"הפי נוזל הדלקת פחמים 500 מ""ל",תות תעשיות מזון (201,NL,הפי-מדליק פחמים 500,מיליליטרים,500.00,"100 מ""ל",false,,18.90,3.7800,true,1,11300
7290006644480,false,"תפוזינה תפוזים 500 מ""ל","יפאורה תבורי בע""מ",IL,משקה תפוזים Move תפו,מיליליטרים,500.00,"100 מ""ל",false,,5.50,1.1000,true,1,11521
7290006644527,false,"תפוזינה תות בננה 500 מ""ל","יפאורה תבורי בע""מ",IL,משקה תות בננה Move ת,מיליליטרים,500.00,"100 מ""ל",false,,5.50,1.1000,true,1,11525
7290006652027,false,מארז במבה יום הולדת 15X20 גרם,מיוצר עי קונדיטוריית,IL,במבה יום הולדת מאח.1,גרמים,300.00,100 גרם,false,,24.90,8.3000,true,1,18696
7290006664402,false,גבינה 5% שומן 750 ג' שטראוס,מיוצר עי קונדיטוריית,IL,שטראוס גבינה 5% 750ג,גרמים,750.00,100 גרם,false,,14.25,1.9000,true,1,23291
7290006664532,false,יוגורט עם תות 3% שומן 150 ג' דנונה,מיוצר עי קונדיטוריית,IL,דנונה תות 3% 150מל,גרמים,150.00,100 גרם,false,,3.90,2.6000,true,1,23292
7290006664655,false,"אקטימל לבן טבעי מארז 100X8 מ""ל",מיוצר עי קונדיטוריית,IL,אקטימל טבעי 8*100מל,מיליליטרים,800.00,"100 מ""ל",false,,22.90,2.8625,true,1,23294
7290006664693,false,יוגורט עם אפרסק 3% שומן 150 ג' דנונה,מיוצר עי קונדיטוריית,IL,דנונה אפרסק 3% 150מל,גרמים,150.00,100 גרם,false,,3.90,2.6000,true,1,23295
7290006664990,false,דנונה ביו מארז חיסכון 1.5% 8 יח' *150 ג',מיוצר עי קונדיטוריית,IL,דנונה ביו מארז חיסכו,קילוגרמים,1.20,"ק""ג",false,,17.90,14.9167,true,1,23297
7290006704511,false,"תפו""א גמדי אדום למיקרו מרינה 750ג'","מרינה פטריות הגליל בע""מ",IL,תפוא ננסי מיקרוגל,גרמים,750.00,100 גרם,false,,6.90,0.9200,true,1,35508
7290006739414,false,סלמי קוניאק 300 ג' זוגלובק,זוגלובק,IL,סלמי קוניאק זוגלובק,גרמים,300.00,100 גרם,false,,32.00,10.6667,true,1,38911
7290006739421,false,סלמי מעושן איטלקי 300 ג' זוגלובק,זוגלובק,IL,סלמי מעושן איטלקי ז,גרמים,300.00,100 גרם,false,,32.00,10.6667,true,1,38912
7290006739445,false,שניצל תירס קלאסי 750 ג' זוגלובק,זוגלובק,IL,שניצל תירס קלאסי 750,גרמים,750.00,100 גרם,false,,27.90,3.7200,true,1,38913
7290006739544,false,כתף בקר 300 ג' זוגלובק,זוגלובק,IL,כתף בקר זוגלובק 300,גרמים,300.00,100 גרם,false,,35.90,11.9667,true,1,38914
7290006764072,false,"בירה גולדסטאר בק חוזר 500 מ""ל","טמפו משקאות בע""מ",IL,גולדסטאר בירה בק חוז,מיליליטרים,500.00,"100 מ""ל",false,,7.90,1.5800,true,1,9412
7290006764096,false,"בירה איגל 500 מ""ל 3.8% בקבוק חוזר","טמפו משקאות בע""מ",IL,בירה איגל בקבוק 500,מיליליטרים,500.00,"100 מ""ל",false,,5.90,1.1800,true,1,9413
7290006764485,false,"בירה נשר מאלט שחורה מארז 330X6מ""ל",טמפו,,נשר מאלט 6*330מל,ליטרים,1.98,ליטר,false,,32.90,16.6162,true,1,9420
7290006764737,false,"בירה נשר מאלט דיאט 500 מ""ל חוזר","טמפו משקאות בע""ם.",IL,נשר מאלט דיאט בקבוק,מיליליטרים,500.00,"100 מ""ל",false,,5.50,1.1000,true,1,9424
7290006765000,false,טורטיות חיטה מלאה 8יח 540 ג',אלקטי קוראבייכיסיגיד,TR,8 טורטיות חיטה מלאה,גרמים,540.00,100 גרם,false,,11.90,2.2037,true,1,4653
7290006775016,false,עוגת תפוז אחווה 450 גר',אחדות ביחר לטחינה חל,IL,עוגת תפוז מבית טוב 4,גרמים,450.00,100 גרם,false,,10.90,2.4222,true,1,688
7290006775030,false,עוגת שוקולד צ'יפס 450 ג אחוה,אחדות בעמ,IL,עוגת שוקו-ציפס מבית,גרמים,450.00,100 גרם,false,,10.90,2.4222,true,1,690
7290006775047,false,עוגת שוקולד אחווה 450 ג',"אחדות ביח""ר לטחינה",IL,עוגת שוקולד מבית טוב,גרמים,450.00,100 גרם,false,,10.90,2.4222,true,1,691
7290006775085,false,עוגת שמרים אחווה 400 ג' אחוה,אחדות בעמ,IL,עוגת שמרים שוקולד אח,גרמים,400.00,100 גרם,false,,10.90,2.7250,true,1,694
7290006775764,false,"עוגת שוקוצ'יפס לל""ס אחדות 400 גר'",אחדות ביחר לטחינה חל,IL,עוגת שוקוצ'יפס ללא ת,גרמים,400.00,100 גרם,false,,11.90,2.9750,true,1,704
7290006908360,false,שקד קלוי 150 גר` פיצ,,,שקד קלוי 150 גר` פיצ,גרמים,150.00,100 גרם,false,,17.90,11.9333,true,1,1475
7290006908377,false,שקד טבעי 150 גר` פיצ,,,שקד טבעי 150 גר` פיצ,גרמים,150.00,100 גרם,false,,17.90,11.9333,true,1,1476
7290006908414,false,חמנייה 400 גרם,,,חמנייה 400 גרם,גרמים,400.00,100 גרם,false,,11.90,2.9750,true,1,1479
7290006983763,false,עוגת הבית שוקולד 400 ג' אסם,מיוצר עי קונדיטוריית,IL,עוגת הבית שוקולד 400,גרמים,400.00,100 גרם,false,,14.90,3.7250,true,1,18707
7290006983787,false,עוגת הבית שוקוציפס 400 ג' אסם,מיוצר עי קונדיטוריית,IL,עוגת הבית שוקוציפס 4,גרמים,400.00,100 גרם,false,,14.90,3.7250,true,1,18709
7290006983794,false,עוגת הבית תפוז 400 ג' אסם,מיוצר עי קונדיטוריית,IL,עוגת הבית תפוז 400גר,גרמים,400.00,100 גרם,false,,14.90,3.7250,true,1,18710
7290006992161,false,מטרנה - דייסת קורנפלור פרוביוטי 200 גרם,מולינו ניקולי s.p.a,IL,מטרנה דייסת קורנפלור,גרמים,200.00,100 גרם,false,,15.90,7.9500,true,1,18712
7290008101318,false,קריספ פירורי לחם זהוב 300 גרם,,IL,פירורי לחם זהוב קלאס,גרמים,300.00,100 גרם,false,,6.90,2.3000,true,1,326054
7290008102469,false,קריספ פירורי לחם זהוב 800 גרם,,IL,פירורי לחם זהוב קלאס,גרמים,800.00,100 גרם,false,,12.90,1.6125,true,1,326069
7290008116541,false,"שטיפת פה ליסטרין קול מינט 500 מ""ל",ג'ונסון אנד ג'ונסון,IT,מי פה ליסטרין בטעם מ,מיליליטרים,500.00,"100 מ""ל",false,,23.90,4.7800,true,1,29432
7290008116565,false,מי פה ליסטרין פרש בר,ג'ונסון אנד ג'ונסון,IT,מי פה פרש ליסטרין 50,מיליליטרים,500.00,"100 מ""ל",false,,23.90,4.7800,true,1,29434
7290008154222,false,שניצלונים עוף טוב 700 גרם,מולינו ניקולי s.p.a,IL,שניצלונים עוף טוב 70,גרמים,700.00,100 גרם,false,,19.90,2.8429,true,1,19749
7290008175210,false,גבינת פרמזן מגורדת 90ג' ויליפוד,זנטי אס.איי.,IT,וילי פוד פרמזן מגורד,גרמים,90.00,100 גרם,false,,18.90,21.0000,true,1,2908
7290008175814,false,וילי פוד פטריות שמפניון חתיכות 400 גר`,"אוקצ'מפ אס, איי אויי",PL,פטריות חתוכות שמפיני,גרמים,400.00,100 גרם,false,,5.90,1.4750,true,1,2912
7290008268288,true,מארז תפוח קריפס פינק,,,מארז תפוח קריפס פינק,גרמים,900.00,100 גרם,false,,12.90,1.4333,true,1,410143
7290008268455,false,קיווי ישראלי ארוז 4,חקלאי,IL,קיווי ארוז בראשית,יח',1.00,יח',false,,12.90,12.9000,true,1,201082
7290008343466,false,בצק פילו 500 גרם שלושת האופים,כלורוקס אוקלנד,IL,בצק פילו 500 גרם,גרמים,500.00,100 גרם,false,,21.90,4.3800,true,1,17100
7290008343558,false,"סיגרים בשר שלושת האופים 1 ק""ג",,,סיגרים בשר 1 ק`ג שלו,קילוגרמים,1.00,"ק""ג",false,,16.90,16.9000,true,1,17104
7290008343565,false,"סיגרים תפו""א 1 ק""ג שלושת האופים",,,סיגרים תפו`א 1 ק`ג ש,קילוגרמים,1.00,"ק""ג",false,,16.90,16.9000,true,1,17105
7290008347211,false,אצבעות דג מצופות נטו,אף.סי תבליני בגליל ב,IL,דלידג אצבעות דג 700,גרמים,700.00,100 גרם,false,,27.90,3.9857,true,1,17121
7290008409100,false,אצבעות שניצל בציפוי שומשום מאמא עוף 700 גרם,תנובה גליל שותפות מו,IL,אצבעות שניצל ציפוי ש,גרמים,700.00,100 גרם,false,,37.90,5.4143,true,1,25511
7290008409216,false,שניצל דק פריך מאמא עוף 700 ג',תנובה גליל,IL,מאמא עוף קפוא שניצל,גרמים,700.00,100 גרם,false,,40.90,5.8429,true,1,25513
7290008409544,false,שניצל עוף אמיתי בציפוי פריך 700 גרם,תנובה גליל שותפות מו,IL,שניצל עוף אמיתי בציפ,גרמים,700.00,100 גרם,false,,41.90,5.9857,true,1,25528
7290008409551,false,שניצל עוף אמיתי בציפוי מעודן 700 ג' מאמא עוף,תנובה גליל שותפות מו,IL,שניצל עוף אמיתי בציפ,גרמים,700.00,100 גרם,false,,41.90,5.9857,true,1,25529
7290008409582,false,שניצל אמיתי בציפוי ביתי מאמא עוף 700 ג',תנובה גליל שותפות מו,IL,שניצל אמיתי בציפוי ב,גרמים,700.00,100 גרם,false,,41.90,5.9857,true,1,25532
7290008409605,false,כוכבי עוף בציפוי מעודן מאמא עף 700 גרם,תנובה גליל שותפות מו,IL,כוכבי עוף בציפוי מעו,גרמים,700.00,100 גרם,false,,37.90,5.4143,true,1,25533
7290008443616,false,"מרכך לשיער יבש אדום 750 מ""ל נקה 7",אמיליה קוסמטיקס בעמ,IL,מרכך לשיער יבש אדום,מיליליטרים,750.00,"100 מ""ל",false,,12.90,1.7200,true,1,30037
7290008443630,false,"נקה 7 - שמפו מתולתל סגול 750 מ""ל",טרופיקל דגיל תעשיות,IL,שמפו מתולתל סגול נקה,מיליליטרים,750.00,"100 מ""ל",false,,12.90,1.7200,true,1,30039
7290008462204,false,חרדל דיזיון מקורי 380 גרם,יוניליבר צרפת,FR,חרדל דיזון מקורי 380,גרמים,380.00,100 גרם,false,,19.90,5.2368,true,1,17128
7290008464024,false,"בירה גולדסטאר לא מסוננת 500 מ""ל פחית","טמפו משקאות בע""מ",IL,גולדסטאר לא מסונן פח,מיליליטרים,500.00,"100 מ""ל",false,,9.90,1.9800,true,1,9429
7290008464130,false,"שישיית בירה גולדסטאר 330 מ""ל UNFILTERED",טמפו,IL,גולדסטאר לא מסונן 6*,ליטרים,1.98,ליטר,false,,46.90,23.6869,true,1,9431
7290008464222,false,"בירה מכבי 7.9% פחית 500 מ""ל","טמפו משקאות בע""מ",IL,מכבי 7.9 פחית 500 מל,מיליליטרים,500.00,"100 מ""ל",false,,8.90,1.7800,true,1,9432
7290008464345,false,"בירה גולדסטאר בקבוק 330 מ""ל",טמפו משקאות בע''מ,IL,"גולדסטאר בירה ח""פ 33",יחידה,330.00,יחידה,false,,8.70,0.0264,true,1,9437
7290008464604,false,"בירה היינקן פחית 500מ""ל",טמפו משקאות בע''מ,NL,הייניקן בירה פח 500מ,מיליליטרים,500.00,"100 מ""ל",false,,13.90,2.7800,true,1,9452
7290008464673,false,"בירה גולדסטאר SLOWBREW פחית 10%, 500 מ""ל","טמפו משקאות בע""מ",IL,גולדסטאר SLOWBREW 10,מיליליטרים,500.00,"100 מ""ל",false,,9.90,1.9800,true,1,9454
7290008464697,false,"שישיית בירה מכבי 7.9% 330 מ""ל",טמפו,IL,מכבי 7.9% בקבוק 6* 3,ליטרים,1.98,ליטר,false,,37.90,19.1414,true,1,9456
7290008464734,false,"בירה גולדסטאר SLOW BREW מארז 330X6מ""ל",טמפו משקאות בע''מ,IL,גולדסטאר SLOW BREW 3,ליטרים,1.98,ליטר,false,,45.90,23.1818,true,1,9458
7290008464741,false,"שישייית בירה גולדסטאר כהה 330X6 מ""ל",טמפו,IL,"גולדסטאר ח""פ בקבוק 6",ליטרים,1.98,ליטר,false,,40.90,20.6566,true,1,9459
7290008464796,false,"בירה היינקין ח""פ בקבוק 330X6מ""ל",טמפו,,"הייניקן בקבוק ח""פ 6*",ליטרים,1.98,ליטר,false,,46.90,23.6869,true,1,9462
7290008470759,false,מסטיק אורביט ספירמינט מארז שמינייה,,,אורביט סטיקס ספירמינ,יחידה,0.00,יחידה,false,,15.40,0.0000,true,1,20743
7290008636339,false,"שביבי תפו""א 400 גר' מיה",,,מחית תפוחי אדמה פירה,גרמים,400.00,100 גרם,false,,10.00,2.5000,true,1,14990
7290008636919,false,קקאו הולנדי 200ג' שקית,,,קקאו הולנדי 200 גרם,גרמים,200.00,100 גרם,false,,14.90,7.4500,true,1,15000
7290008670029,false,"יין רקאנטי מרלו 2018 750 מ""ל",תות ממתקי איכות,IL,רקנאטי מרלו 750מל,מיליליטרים,750.00,"100 מ""ל",false,,55.90,7.4533,true,1,41559
7290008690713,false,פריגת אושן ספריי חמוציות 1ל',מבשלות בירה בינלאומי,IL,אושן ספרי חמוציות 1ל,ליטרים,1.00,ליטר,false,,12.90,12.9000,true,1,6990
7290008693134,false,מעדן גבינה ויוגורט בטעם תות 5% שומן 88 ג' דניאלה,"שטראוס בריאות בע""מ",IL,דניאלה תות מעדן גבינ,מיליליטרים,150.00,"100 מ""ל",false,,4.30,2.8667,true,1,23304
7290008713900,false,לחם שיפון עגול 750 ג' אנג'ל,מאפיית אנג'ל אורנים,IL,לחם שיפון עגול אנגל,גרמים,750.00,100 גרם,false,,14.90,1.9867,true,1,35418
7290008739955,false,גומא לרכב,,,נר LOVE,יחידה,0.00,יחידה,false,,12.00,0.0000,true,1,14258
7290008745239,false,תפוציפס אקסטרא טבעי 50 גרם,"שטראוס פריטו ליי בע""",IL,תפוציפס קראנץ טבעי 5,גרמים,50.00,100 גרם,false,,4.30,8.6000,true,1,24128
7290008747547,false,תפוציפס קראנץ טבעי 200 גרם,"שטראוס פריטו ליי בע""",IL,תפוציפס קראנץ טבעי 2,גרמים,200.00,100 גרם,false,,10.90,5.4500,true,1,24130
7290008752244,false,תפוצ'יפס אקסטרא גריל 50 גרם,"שטראוס פריטו ליי בע""",IL,תפוציפס קראנץ גריל 5,גרמים,50.00,100 גרם,false,,4.30,8.6000,true,1,24132
7290008753111,false,תפוציפס קראנצי מקסיקני 50 גרם,"שטראוס פריטו ליי בע""",IL,תפוציפס מקסיקני 50גר,גרמים,50.00,100 גרם,false,,4.30,8.6000,true,1,24133
7290008757072,false,"שוויפס תות פחית 330 מ""ל",,,שוופס פחית תות 330 מ,מיליליטרים,330.00,"100 מ""ל",false,,4.50,1.3636,true,1,11544
7290008757980,false,נקטר ספרינג רימונים קרטונית 1 ל',"יפאורה תבורי בע""מ",IL,ספרינג רימונים 1ל,ליטרים,1.00,ליטר,false,,6.90,6.9000,true,1,11562
7290008775816,false,ערגליות שוקו חדש12*300גרם 2020,מיוצר עי קונדיטוריית,IL,ערגליות שוקולד 300 ג,גרמים,300.00,100 גרם,false,,11.90,3.9667,true,1,18719
7290008775823,false,ערגליות תות חדש12*300גרם 2020,מיוצר עי קונדיטוריית,IL,ערגליות תות שדה 300,גרמים,300.00,100 גרם,false,,11.90,3.9667,true,1,18720
7290008801850,false,סלקטד אמרלד ריזלינג לבן חצי יבש 750 מל,אגודת הכורמים הקואופ,IL,יין סלקטד אמרלד ריזל,מיליליטרים,750.00,"100 מ""ל",false,,32.90,4.3867,true,1,523
7290008802291,false,"יין מרלו פרייוט קולקשן 750 מ""ל",אגודת הכורמים הקואופ,IL,"יין P.C מרלו 750מ""",מיליליטרים,750.00,"100 מ""ל",false,,44.90,5.9867,true,1,524
7290008802529,false,"יין לבן חצי יבש וינו 750 מ""ל",,,יין וינו לבן יבש,מיליליטרים,750.00,"100 מ""ל",false,,23.90,3.1867,true,1,526
7290008802895,false,יין קברנה סוביניון פרייוט קולקשן,אגודת הכורמים הקאופו,IL,יין P.C קברנה סובי,מיליליטרים,750.00,"100 מ""ל",false,,44.90,5.9867,true,1,527
7290008805049,false,יין רוזה חצי יבש סלקטד 2016 750 מל,"כד בני דרום בע""מ",IL,יין סלקטד רוזה כרמל,מיליליטרים,750.00,"100 מ""ל",false,,32.90,4.3867,true,1,542
7290008806961,false,גלידה שוקולד שבבי שוקולד פרה 1.33 ל' קרמיסימו,"גלידת שטראוס בע""מ, ר",IL,קרמיסימו שוקולד שבבי,ליטרים,1.33,ליטר,false,,21.90,16.4662,true,1,4284
7290008909853,false,"קולה זירו 500 מ""ל בקבוק",החברה המרכזית לייצור,IL,קוקה קולה זירו 500 מ,מיליליטרים,500.00,"100 מ""ל",false,,7.90,1.5800,true,1,7006
7290009018004,false,פיקדון בקבוק/פחית בו,,,פיקדון בקבוק/פחית בו,יחידה,0.00,יחידה,false,,0.30,0.0000,true,1,65
7290009018011,false,פיקדון בקבוק/פחיות ש,,,פיקדון בקבוק/פחיות ש,יחידה,0.00,יחידה,false,,1.80,0.0000,true,1,63
7290009018264,false,פיקדון בקבוק/פחית רב,,,פיקדון בקבוק/פחית רב,יחידה,0.00,יחידה,false,,1.20,0.0000,true,1,104
7290010002092,false,פלפל שחור גרוס דק 90 ג',,,מימון פלפל שחור גרוס,גרמים,90.00,100 גרם,false,,15.20,16.8889,true,1,251
7290010002191,false,תבליני מימון מקלות קינמון,TLV צ'יף,IL,מימון מקלות קינמון ב,גרמים,70.00,100 גרם,false,,10.00,14.2857,true,1,258
7290010002207,false,מימון קינמון טחון במ,א.ל ייצור ושיווק תבל,IL,מימון קינמון טחון במ,גרמים,100.00,100 גרם,false,,10.00,10.0000,true,1,259
7290010002214,false,צילי מקסיקני גרוס 70 גרם,TLV צ'יף,IL,מימון צילי גרוס 80 ג,גרמים,80.00,100 גרם,false,,12.90,16.1250,true,1,260
7290010002368,false,תערובת חווג למרק 100 גרם,א.ל ייצור ושיווק תבל,IL,מימון תערובת חווג` ל,גרמים,100.00,100 גרם,false,,12.90,12.9000,true,1,270
7290010002375,false,מימון קארי 100 גרם,א.ל ייצור ושיווק תבל,IL,מימון קארי 100 גרם,גרמים,100.00,100 גרם,false,,12.90,12.9000,true,1,271
7290010002481,false,מימון שום טחון במיכל,,,מימון שום טחון במיכל,גרמים,100.00,100 גרם,false,,15.20,15.2000,true,1,279
7290010002498,false,מימון שום גבישי 120,א.ל ייצור ושיווק תבל,IL,מימון שום גבישי 120,גרמים,120.00,100 גרם,false,,15.20,12.6667,true,1,280
7290010002658,false,מימון פלפל יבש מתוק,,,מימון פלפל יבש מתוק,גרמים,150.00,100 גרם,false,,16.70,11.1333,true,1,282
7290010003075,false,פפריקה מרוקאית מתוקה 400 גרם,TLV צ'יף,IL,מימון פפריקה מרוקאית,גרמים,400.00,100 גרם,false,,27.40,6.8500,true,1,285
7290010003686,false,מימון עלי דפנה שקית,,,מימון עלי דפנה שקית,גרמים,20.00,100 גרם,false,,6.50,32.5000,true,1,289
7290010003693,false,פפריקה מתוקה 80 גרם שקית,TLV צ'יף,IL,מימון פפריקה מתוקה ש,גרמים,80.00,100 גרם,false,,6.50,8.1250,true,1,290
7290010003709,false,פלפל שחור טחון 50 גרם שקית,TLV צ'יף,IL,מימון פלפל שחור טחון,גרמים,50.00,100 גרם,false,,8.30,16.6000,true,1,291
7290010003778,false,תיבול לגריל עוף שקית 80 גרם,TLV צ'יף,IL,מימון תיבול לגריל עו,גרמים,80.00,100 גרם,false,,6.50,8.1250,true,1,294
7290010003792,false,מלח לימון שקית 100 גרם,א.ל ייצור ושיווק תבל,IL,מימון מלח לימון שקית,גרמים,100.00,100 גרם,false,,6.50,6.5000,true,1,296
7290010003846,false,מימון אורגנו שקית 20,,,מימון אורגנו שקית 20,גרמים,20.00,100 גרם,false,,6.50,32.5000,true,1,301
7290010045006,false,עוגיות חמאה פריכות 200 גרם לחמי,,,עוגיות חמאה פריכות ל,גרמים,200.00,100 גרם,false,,18.90,9.4500,true,1,24643
7290010045013,false,עוגיות חמאה צרפתיות 200 גרם לחמי,,,עוגיות עם חמאה וסוכר,גרמים,200.00,100 גרם,false,,18.90,9.4500,true,1,24644
7290010045051,false,עוגיות מלבן שקדים 200 גרם לחמי,,,עוגיות מלבן שקדים לח,גרמים,200.00,100 גרם,false,,18.90,9.4500,true,1,24646
7290010045068,false,עוגיות הנסיכה 250 גרם לחמי,,,עוגיות הנסיכה לחמי 2,גרמים,250.00,100 גרם,false,,18.90,7.5600,true,1,24647
7290010060597,false,סרקל שמפו לילדים 1.2,,,סרקל שמפו לילדים 1.2,ליטרים,1.25,ליטר,false,,32.90,26.3200,true,1,239857
7290010066513,false,נתחי טונה בשמן צמחי רביעיה *158ג' פילטונה,,,נתחי טונה בשמן צמחי,גרמים,632.00,100 גרם,false,,25.90,4.0981,true,1,26545
7290010066575,false,נתחי טונה במים רביעיה *158ג' פילטונה,,,נתחי טונה במים פילטו,גרמים,632.00,100 גרם,false,,25.90,4.0981,true,1,26547
7290010066582,false,נתחי טונה בשמן קנולה רביעיה * 158 ג' פילטונה,,,נתחי טונה בשמן קנולה,גרמים,632.00,100 גרם,false,,25.90,4.0981,true,1,26548
7290010118328,false,תפוצ'יפס טבעי 6*40 ג,,,תפוצ'יפס טבעי 6*40 ג,גרמים,240.00,100 גרם,false,,14.40,6.0000,true,1,24144
7290010119240,false,מארז תפוצ'יפס טבעי 18X12 גרם,,IL,מארז תפוציפס טבעי 12,גרמים,216.00,100 גרם,false,,19.90,9.2130,true,1,24145
7290010129003,false,עוגיות אוזניים 600 גרם,קריניציה ויטמינה אס,IL,עוגיות אוזניים 600גר,גרמים,600.00,100 גרם,false,,20.90,3.4833,true,1,20133
7290010129010,false,עוגיות ריבה 600 גרם,קריניציה ויטמינה אס,IL,עוגיות ריבה 600גר,גרמים,600.00,100 גרם,false,,20.90,3.4833,true,1,20134
7290010129027,false,עוגיות מרוקאיות 600 גרם,שיבולים א.ד.ל,IL,עוגיות מרוקאיות 600,גרמים,600.00,100 גרם,false,,20.90,3.4833,true,1,20135
7290010129553,false,עוגיות רולדה תמרים 600 גרם,שיבולים א.ד.ל,IL,עוגיות רולדה תמרים 6,גרמים,600.00,100 גרם,false,,20.90,3.4833,true,1,20159
7290010129959,false,עוגיות שמרים 400 גרם דולצה ויטה,שיבולים א.ד.ל,IL,עוגיות שמרים רוגלעך,גרמים,400.00,100 גרם,false,,14.90,3.7250,true,1,20182
7290010153688,false,"חומץ טבעי מיה 1 ליטר בד""צ",,,חומץ טבעי מיה 1 ליטר,ליטרים,1.00,ליטר,false,,6.90,6.9000,true,1,15021
7290010153794,false,ציפוי לשניצל עם עשבי תיבול מיה 500 גר',,,ציפוי לשניצל עם עשבי,גרמים,500.00,100 גרם,false,,9.90,1.9800,true,1,15030
7290010153800,false,ציפוי לשניצל עם תיבול עדין מיה 500 גר',,,ציפוי לשניצל עם תיבו,גרמים,500.00,100 גרם,false,,9.90,1.9800,true,1,15031
7290010154012,false,לימון כבוש בלאדי ביטון 250 ג',תבליני ביטון יוחאי,IL,לימון כבוש 250 ביטון,גרמים,250.00,100 גרם,false,,15.90,6.3600,true,1,17131
7290010154265,false,פלפל צ'ומה ביטון 250 ג',תבליני ביטון יוחאי,IL,פלפל צ`ומה ביטון 250,גרמים,250.00,100 גרם,false,,15.90,6.3600,true,1,17135
7290010154678,false,אריסה מרוקאית ביטון 250 ג' ביטון,תבליני ביטון יוחאי,IL,יוחאי ביטון אריסה מר,גרמים,250.00,100 גרם,false,,15.90,6.3600,true,1,17145
7290010154685,false,סלט שום כתוש 250 ג' ביטון,תבליני ביטון יוחאי,IL,סלט שום כתוש 250 גר',גרמים,250.00,100 גרם,false,,15.90,6.3600,true,1,17146
7290010192007,false,פטרוזיליה,,,פטרוזיליה,יח',1.00,יח',false,,3.90,3.9000,true,1,35513
7290010192014,false,שמיר,,,שמיר,יח',1.00,יח',false,,3.90,3.9000,true,1,35514
7290010192021,false,כוסברה,,,כוסברה,יח',1.00,יח',false,,3.90,3.9000,true,1,35515
7290010192038,false,שורש פטרוזיליה ארוז,,,שורש פטרוזיליה ארוז,יח',1.00,יח',false,,5.90,5.9000,true,1,35516
7290010192045,false,נענע יחידה,חקלאי,IL,נענע יחידה,יח',1.00,יח',false,,3.90,3.9000,true,1,35517
7290010192052,false,סלרי עלים (אמריקאי),,,סלרי עלים (אמריקאי),יח',1.00,יח',false,,5.90,5.9000,true,1,35518
7290010192069,false,סלרי ראש ארוז,,,סלרי ראש ארוז,יח',1.00,יח',false,,5.90,5.9000,true,1,35519
7290010192083,false,מנגולד ארוז,,,מנגולד ארוז,יח',1.00,יח',false,,6.90,6.9000,true,1,35520
7290010195268,false,פופקורן פופסטאר חמישייה מופחת שומן טבעי,Preston farms,US,פופסטאר פופקורן מופח,גרמים,425.00,100 גרם,false,,17.90,4.2118,true,1,5850
7290010195275,false,פופקורן פופסטאר חמישייה מובחר שומן חמאה,TLV צ'יף,US,פופסטאר פופקורן מופח,גרמים,425.00,100 גרם,false,,17.90,4.2118,true,1,5851
7290010237562,false,"מרינדה בקבוק 500 מ""ל","טמפו משקאות בע""מ",IL,מירנדה 500 מ'ל,מיליליטרים,500.00,"100 מ""ל",false,,4.90,0.9800,true,1,9471
7290010237784,false,שישייה בקבוקי מכבי שנדי לימון ליים 330 מ,"טמפו משקאות בע""מ",IL,מכבי שנדי לימון ליים,ליטרים,1.98,ליטר,false,,37.90,19.1414,true,1,9481
7290010237890,false,"בירה הייניקן בקבוק 500 מ""ל חוזר",טמפו משקאות בע''מ,IL,הייניקן בירה בקבוק ח,מיליליטרים,500.00,"100 מ""ל",false,,9.90,1.9800,true,1,9482
7290010259830,false,מרק עם נודלס סיני פיקנטי מנת השף 70 גר,נמצ'או(תאילנד) בעמ,TH,נודלס בטעם סיני פיקנ,גרמים,70.00,100 גרם,false,,5.90,8.4286,true,1,2923
7290010259861,false,מרק עם נודלס טעם ירקות מנת השף 70 גר,יוליניבר,TH,נודלס בטעם ירקות מנת,גרמים,70.00,100 גרם,false,,5.90,8.4286,true,1,2926
7290010259977,false,שמן קנולה וילי פוד 1 ליטר,יושלם,PL,שמן קנולה ויליפוד 1,ליטרים,1.00,ליטר,false,,11.90,11.9000,true,1,2930
7290010279227,false,"זיקוק 15 ס""מ 6 בשקית",,,זיקוק 15 ס`מ 6 יח`,יחידה,0.00,יחידה,false,,15.90,0.0000,true,1,32201
7290010300747,false,קיסמים דנטליים 200 יח',,CN,קיסמים דנטליים נאמן,יחידה,0.00,יחידה,false,,8.50,0.0000,true,1,15890
7290010328468,false,אחווה חטיפי מיני חלווה ב- 3 טעמים 18 יח,שוורצקוף& הנקל דיסלד,IL,חטיפי מיני חלבה בטעמ,גרמים,216.00,100 גרם,false,,12.90,5.9722,true,1,718
7290010471669,false,יוגורט בר תות קורנפלקס מצופה שוקולד 175 ג' דנונה,"שטראוס בריאות בע""מ",IL,דנונה קראנצ' יוגורט,מיליליטרים,175.00,"100 מ""ל",false,,4.90,2.8000,true,1,23305
7290010472307,false,מארז 8 גמדים שתיה תות -בננה 800 גר,מיוצר עי קונדיטוריית,IL,גמדים לשתיה תות בננה,מיליליטרים,864.00,"100 מ""ל",false,,21.90,2.5347,true,1,23308
7290010472390,false,מארז שמינייה מעדן דני שוקולד,מיוצר עי קונדיטוריית,IL,מארז דני שוקולד 8*,מיליליטרים,1000.00,"100 מ""ל",false,,16.90,1.6900,true,1,23309
7290010513703,false,צ'ופסטיקס צפצפה - 20 יחידות,,,צ'ופסטיקס צפצפה מזרח,יחידה,0.00,יחידה,false,,6.90,0.0000,true,1,384944
7290010650033,false,בצלצלי שאלוט ארוז לי,תות ממתקי איכות,IL,בצלצלי שאלוט,גרמים,350.00,100 גרם,false,,14.90,4.2571,true,1,50854
7290010650255,false,לקט פטריות מיובשות ל,קרלו,IL,לקט פטריות מיובשות ל,גרמים,40.00,100 גרם,false,,16.90,42.2500,true,1,50862
7290010711123,false,"ננס רביעיה ""שייני"" ח",,,"ננס רביעיה ""שייני"" ח",יחידה,0.00,יחידה,false,,7.90,0.0000,true,1,13465
7290010711918,false,שייני מטליות מיקרופייבר לניקוי כללי חמישיה,,,מ.א מטליות מיקרופייב,יחידה,0.00,יחידה,false,,10.90,0.0000,true,1,13485
7290010718634,false,"פנינה רוזנבלום -אל סבון נוזלי לבן,1 ליטר",,,אל סבון נוזלי לבן פנ,יחידה,0.00,יחידה,false,,10.90,0.0000,true,1,18132
7290010760886,false,"בורקס גבינה כשל""פ 600 גרם",,,"בורקס גבינה כשל""פ 60",גרמים,600.00,100 גרם,false,,22.90,3.8167,true,1,51490
7290010760893,false,"בורקס תפו""א כשל""פ 600 גרם",,,"בורקס תפו""א כשל""פ 60",גרמים,600.00,100 גרם,false,,22.90,3.8167,true,1,51491
7290010760909,false,"בורקס פיצה כשל""פ 600 גרם",,,"בורקס פיצה כשל""פ 600",גרמים,600.00,100 גרם,false,,22.90,3.8167,true,1,14225
7290010766949,false,ממרח תחתיות ארטישוק 180ג' אוליביה,,,אוליביה ממרח ארטישוק,גרמים,180.00,100 גרם,false,,15.90,8.8333,true,1,3554
7290010777099,false,פיתה עבודת יד אקספרס מארז 8 יח',מגוון שיווק והפצת מא,,8 פיתות במרקם מיוחד,גרמים,800.00,100 גרם,false,,12.50,1.5625,true,1,21136
7290010777150,false,פיתה חיטה מלאה בריבוע 8יח' שקית 800 גר',מגוון שיווק והפצת מא,,8 פיתות בריבוע חיטה,גרמים,500.00,100 גרם,false,,15.90,3.1800,true,1,21137
7290010777297,false,פיתה אקספרס מארז 12יח',מגוון שיווק והפצת מא,,10 פיתות ביס,קילוגרמים,1.00,"ק""ג",false,,15.90,15.9000,true,1,21142
7290010777358,false,מארז שמיניית פיתות 100% כוסמין מלא,מגוון שיווק והפצת מא,,8 פיתות כוסמין מלא 1,גרמים,400.00,100 גרם,false,,16.90,4.2250,true,1,21145
7290010777488,false,מארז פיתות 100% מחמצת קמח מלא 500 גרם,מאפיית ביכורים מזון,IL,פיתה מחמצת מקמח מלא,יחידה,0.00,יחידה,false,,16.90,0.0000,true,1,315788
7290010777525,false,פיתות 100% כוסמין דק 99 קל 6 יח,מאפיית ביכורים מזון,IL,פיתות קוסמין-פיתה אק,גרמים,50.00,100 גרם,false,,16.90,33.8000,true,1,315774
7290010838219,false,סטיביה 100 שקיות 100 גרם מרמולייט,תות ממתקי איכות,IL,סטיביה 100 שקיות,גרמים,100.00,100 גרם,false,,29.90,29.9000,true,1,5853
7290010945146,false,קוטג' 3% מועשר בסידן טרה 250 ג' מהדרין,טרה,IL,טרה קוטג מועשר 3% 25,גרמים,250.00,100 גרם,false,,5.90,2.3600,true,1,6415
7290010945306,false,חלב 3% בקרטון 2 ל' טרה,טרה,IL,טרה חלב בקרטון 3% 2,ליטרים,2.00,ליטר,false,,12.46,6.2300,true,1,6416
7290011015862,false,"פריגת סירופ דיאט לימונענע 750 מ""ל",גת,IL,סירופ דיאט לימונענע,מיליליטרים,750.00,"100 מ""ל",false,,22.90,3.0533,true,1,7011
7290011017866,false,"קוקה קולה פחית 330 מ""ל",החברה המרכזית לייצור,IL,קוקה קולה פחית סליק,מיליליטרים,330.00,"100 מ""ל",false,,5.50,1.6667,true,1,7032
7290011017873,false,"קוקה קולה זירו פחית 330 מ""ל",החברה המרכזית לייצור,IL,ZERO קולה פחית סליק,מיליליטרים,330.00,"100 מ""ל",false,,5.50,1.6667,true,1,7033
7290011017880,false,"קוקה קולה דיאט פחית 330 מ""ל",החברה המרכזית לייצור,IL,קולה דיאט פחית סליק,מיליליטרים,330.00,"100 מ""ל",false,,5.50,1.6667,true,1,7034
7290011018443,false,"פנטה אורנג פחית סליק 330 מ""ל",החברה המרכזית לייצור,IL,פאנטה אורנג פחית סלי,מיליליטרים,330.00,"100 מ""ל",false,,5.50,1.6667,true,1,7054
7290011051433,false,שוופס מוגז עדין אפרסק 0.5 ליטר,,,שוופס מוגז עדין אפרס,מיליליטרים,500.00,"100 מ""ל",false,,7.20,1.4400,true,1,11573
7290011065416,true,פלפל שחור מטחנה 60 ג,,,פלפל שחור מטחנה 60 ג,גרמים,60.00,100 גרם,false,,18.80,31.3333,true,1,333
7290011081492,false,גלידה בטעם שלושה שוקולדים 1.33ל' קרמיסימו,"גלידת שטראוס בע""מ, ר",IL,קרמיסימו שלושה שוקול,ליטרים,1.33,ליטר,false,,21.90,16.4662,true,1,4298
7290011110000,false,חסה רומית שלמה,,,חסה רומית שלמה,גרמים,430.00,100 גרם,false,,9.90,2.3023,true,1,47758
7290011110024,false,חסה סלנובה,,,חסה סלנובה,יח',1.00,יח',false,,12.90,12.9000,true,1,47760
7290011110031,false,לבבות חסה,,,לבבות חסה,יח',1.00,יח',false,,10.90,10.9000,true,1,47761
7290011110048,false,פלפל סוויט בייט,,,פלפל סוויט בייט,גרמים,220.00,100 גרם,false,,9.90,4.5000,true,1,186771
7290011110079,false,בזיליקום.,,,בזיליקום.,יח',1.00,יח',false,,6.90,6.9000,true,1,47763
7290011110093,false,מנגולד,,,מנגולד,גרמים,250.00,גרם,false,,7.90,0.0316,true,1,47765
7290011110109,false,תירס סופרסוויט,,,תירס סופרסוויט,גרמים,800.00,100 גרם,false,,19.90,2.4875,true,1,47766
7290011110116,false,תרד ניו-זילנדי,,,תרד ניו-זילנדי,גרמים,200.00,גרם,false,,9.90,0.0495,true,1,47767
7290011110123,false,עירית,,,עירית,יח',1.00,יח',false,,6.90,6.9000,true,1,47768
7290011110130,false,רוקולה,,,רוקולה,יח',1.00,יח',false,,9.90,9.9000,true,1,47769
7290011110154,false,קורנית (טימין),,,קורנית (טימין),יח',1.00,יח',false,,6.90,6.9000,true,1,47771
7290011110215,false,מלפפון בייבי,,,מלפפון בייבי,גרמים,350.00,100 גרם,false,,9.90,2.8286,true,1,186773
7290011110390,false,חסה אייסברג -יגור,,,חסה אייסברג -יגור,יח',1.00,יח',false,,7.90,7.9000,true,1,78901
7290011110512,false,חסה לאליק 280גרם,חקלאי,IL,חסה לאליק -יגור,יח',1.00,יח',false,,12.90,12.9000,true,1,154765
7290011126452,false,חליטת קמומיל ונענע 25 שקיקים גן קסום,HIQ FOOD PRODUCTS,IL,תה קמומיל ונענע 1.5ג,גרמים,37.50,100 גרם,false,,17.90,47.7333,true,1,24660
7290011131395,false,"מיזלי קראנץ 30% פירות 1 ק""ג",ויטליאה ניקולה דו,MK,מיזלי קראנצ' 30% פיר,קילוגרמים,1.00,"ק""ג",false,,28.90,28.9000,true,1,13796
7290011131654,false,מיזלי ביג מיקס גרין,ויטליה ניקולא דו,MK,מיזלי ביג מיקס גרין,קילוגרמים,1.00,"ק""ג",false,,28.90,28.9000,true,1,13799
7290011131968,false,גרנולה אגוזים בתוספת,ויטליה ניקולא דו,MK,גרנולה אגוזים בתוספת,קילוגרמים,1.00,"ק""ג",false,,28.60,28.6000,true,1,13803
7290011132583,false,"פפסי מקס ליים 500 מ""ל מארז שישייה","טמפו משקאות בע""מ",IL,פפסי מקס שישייה 500,ליטרים,3.00,ליטר,false,,21.90,7.3000,true,1,131758
7290011194215,false,מעדן גבינה ויוגורט בטעם בננה 5% שומן 88 ג' דניאלה,"שטראוס בריאות בע""מ",IL,"דניאלה בננה 150 מ""ל",מיליליטרים,150.00,"100 מ""ל",false,,4.30,2.8667,true,1,23312
7290011194246,false,קוטג' 5% שומן 250 ג' שטראוס,מיוצר עי קונדיטוריית,IL,קוטג שטראוס 5% עם סי,גרמים,250.00,100 גרם,false,,6.00,2.4000,true,1,23313
7290011223038,false,עלים לקרמשניט - בונומי 300גרם,בונומי ס.פ.א,IT,בונומי עלים לקרמשניט,גרמים,300.00,100 גרם,false,,16.90,5.6333,true,1,5861
7290011254025,false,דוחן מיה 500 גרם,מיה,IL,דוחן 500 גרם,גרמים,500.00,100 גרם,false,,8.90,1.7800,true,1,15045
7290011312381,false,פטריות חורש למנגל 320 ג',"מרינה פטריות הגליל בע""מ",IL,פורטבלה על אש מרינה,גרמים,300.00,100 גרם,false,,16.90,5.6333,true,1,46516
7290011378028,false,"חלבה לל""ס משומשום מלא בארכה 350ג'",רושדי תעשיות מזון בע,IL,בארכה חלבה וניל ללא,גרמים,350.00,100 גרם,false,,17.90,5.1143,true,1,18726
7290011378233,false,"מאגדת ללת""ס חטיף חלבה וניל 126 גר",רושדי תעשיות מזון בע,IL,בארכה בקטנה מאגדת ונ,גרמים,120.00,100 גרם,false,,13.90,11.5833,true,1,18727
7290011379018,false,מארז משפחתי שמפיניון 500 ג' מרינה,מרינה,IL,פטריות צמד חמד,גרמים,500.00,100 גרם,false,,16.90,3.3800,true,1,41474
7290011447304,false,מטרנה פרימיום חלבי שלב 3 700 גרם חיסכון,מטרנה תעשיות ש.מ,IL,מטרנה חלבי שלב 3 12*,גרמים,700.00,100 גרם,false,,52.90,7.5571,true,1,18743
7290011473129,false,גרעיני חמניות קלוף אורגני 300 גרם,,,גרעיני חמניה קלופים,גרמים,300.00,100 גרם,false,,11.30,3.7667,true,1,3563
7290011473280,false,חומוס אורגני תבואות,תבואות,IL,חומוס אורגני תבואות,גרמים,500.00,100 גרם,false,,11.90,2.3800,true,1,3571
7290011499051,false,גבינה פטה כבשים בגביע 20% 250 גר',MKN עבור מחלבות גד ב,IL,גד פטה כבשים גביע 20,גרמים,250.00,100 גרם,false,,29.90,11.9600,true,1,14651
7290011499105,false,גבינה בולגרית מלוחה 5% 250 ג' גד,ג'נרל מילס סאן אדריא,IL,גד בולגרית 5% 250ג,גרמים,250.00,100 גרם,false,,25.60,10.2400,true,1,14652
7290011499112,false,גבינה בולגרית 16% 250 ג' גד,"מיוצר ע""י dsh",IL,גד בולגרית 16% 250ג,גרמים,250.00,100 גרם,false,,25.60,10.2400,true,1,14653
7290011499129,false,"גבינה בולגרית קוביות קטנות מעודנת 5% 200 ג""ר",קוד יצרן DSH,IL,גד בולגרית מעודנת קו,גרמים,200.00,100 גרם,false,,24.50,12.2500,true,1,14654
7290011499303,false,גבינת עיזים בולגרית מעודנת 5% 250 גר',ג'נרל מילס סאן אדריא,IL,פטה עיזים מעודנת 5%,גרמים,250.00,100 גרם,false,,34.10,13.6400,true,1,14657
7290011499327,false,גבינה בולגרית מעודנת חלב בקר 250 גר,מיוצר על ידי DSH עבו,IL,גד בולגרית בקר מעודנ,גרמים,250.00,100 גרם,false,,25.60,10.2400,true,1,14658
7290011499365,false,גבינה חלומי נענע גד,"מחלבות גד בע""מ",IL,גד חלומי 24% 200ג,גרמים,200.00,100 גרם,false,,25.60,12.8000,true,1,14662
7290011499419,false,גבינה במרקם שמנת 5% שומן 200 ג' גד,מחלבות גד,IL,גבינה במרקם שמנת 5%,גרמים,200.00,100 גרם,false,,12.90,6.4500,true,1,14664
7290011499624,false,גבינת שמנת טבעי 30% שומן 200 ג' גד,מחלבות גד,IL,גד ניו יורק גבינת שמ,גרמים,200.00,100 גרם,false,,15.20,7.6000,true,1,14667
7290011499846,false,גבינת ריקוטה פרסקה 9% 300 ג' גד,מחלבות גד בעמ,IL,גד ריקוטה פרסקה 5% 3,גרמים,300.00,100 גרם,false,,19.50,6.5000,true,1,14678
7290011515683,false,טילונים אקסטרים וניל מאגדת 6יח',תות תעשיות מזון (201,IL,אקסטרים וניל מאגדת 6,גרמים,432.00,100 גרם,false,,35.90,8.3102,true,1,16090
7290011518561,false,"אקטימל תות משפחתי מארז 14X100מ""ל",מיוצר עי קונדיטוריית,IL,אקטימל תות משפחתי 14,ליטרים,1.40,ליטר,false,,32.90,23.5000,true,1,23324
7290011522605,false,"גלייז מעצב שיער לתלתלים 400 מ""ל",ג'נרל מילס סאן אדריא,IL,גלייז מעצב שיער סטיי,מיליליטרים,400.00,"100 מ""ל",false,,21.90,5.4750,true,1,3864
7290011553876,false,פרורי לחם קלאסי שקית,,,פרורי לחם קלאסי שקית,גרמים,800.00,100 גרם,false,,11.90,1.4875,true,1,404863
7290011553883,false,פרורים מוזהבים שקית,,,פרורים מוזהבים שקית,גרמים,800.00,100 גרם,false,,11.90,1.4875,true,1,404864
7290011593087,false,"שמן זית כתית מעולה 750 מ""ל סבא חביב",סאן אויל עיבוד ושיוו,IL,סבא חביב שמן זית כתי,מיליליטרים,750.00,"100 מ""ל",false,,30.90,4.1200,true,1,212003
7290011598211,false,"סנו - אנטי קאלק מרסס ניקוי כללי 4 ב-1 700 מ""ל",מיוצר עי קונדיטוריית,IL,מנקה כללי אנטיקאלק 7,מיליליטרים,700.00,"100 מ""ל",false,,19.90,2.8429,true,1,30098
7290011598402,false,סנו מקסימה מרכך כביסה וויט מילק 4 ליטר,סאנו,IL,מרכך כביסה סנו מקסימ,ליטרים,4.00,ליטר,false,,23.90,5.9750,true,1,30102
7290011607180,false,"אבקת כביסה קולון 101 1.25 ק""ג",ריקט בנקיזר ( ניר אי,IL,"קולון 101 1.25 ק""ג",קילוגרמים,1.25,"ק""ג",false,,16.90,13.5200,true,1,20864
7290011668570,false,חגיגת גרנולה פירות יבשים 500 גרם,,,חגיגת גרנולה פירות י,גרמים,500.00,100 גרם,false,,26.90,5.3800,true,1,18154
7290011723200,false,טחינה הר ברכה 100% שומשום טהור 500 גר,הר ברכה תעשיות,,טחינה הר ברכה טחינה,גרמים,500.00,100 גרם,false,,19.90,3.9800,true,1,41255
7290011765095,false,קרמה מן גל גילוח אלוורה ירוק 200 מל,טרופיקל דגיל תעשיות,TR,ג'ל גילוח לעור עדין,מיליליטרים,200.00,"100 מ""ל",false,,11.90,5.9500,true,1,30106
7290011860271,false,תפוגן ביסבול טבעי 700 גר,"תעשיות תפוגן בע""מ",IL,תפוגן ביס בול טבעי 7,גרמים,700.00,100 גרם,false,,17.90,2.5571,true,1,19773
7290011877835,false,סנו סושי אריזות ואקום לאחסון 2 יח XXL,מיוצר עי קונדיטוריית,TR,סנו סושי שקיות ואקום,יחידה,0.00,יחידה,false,,26.90,0.0000,true,1,30134
7290011912642,false,מי פה טאגד ליסטרין 5,,IT,מי פה טאגד ליסטרין 5,מיליליטרים,500.00,"100 מ""ל",false,,23.90,4.7800,true,1,29452
7290011947316,false,זית קלמנטה בשמן 215 ג'-זיתא,סטאר סנקס,IL,זיתי קלמטה זיתא 215,גרמים,215.00,100 גרם,false,,14.90,6.9302,true,1,24673
7290011947781,false,מיקס זית ירוק וזית קלמטה ללא גלעין עם שמן זית 190 ג',זיתא,IL,מיקס זית ירוק קלמטה,גרמים,190.00,100 גרם,false,,16.90,8.8947,true,1,110596
7290011964344,false,תבלין שום גבישי 120 ג',תות ממתקי איכות,IL,שום גבישי 120 גר' במ,גרמים,120.00,100 גרם,false,,10.90,9.0833,true,1,42361
7290011964702,false,תבלין תיבול לשווארמה ללא מונוסו' 100ג',תות ממתקי איכות,IL,תבלין לשווארמה ללא מ,גרמים,100.00,100 גרם,false,,9.70,9.7000,true,1,42370
7290012001994,false,חרדל דיז'ון גרעינים 350 ג' ריין דיזון,כלורוקס אוקלנד,FR,חרדל דיגון גרעינים 3,גרמים,350.00,100 גרם,false,,14.90,4.2571,true,1,5339
7290012019036,false,שיני שום צנצנת 330 גרם,,,שיני שום כבוש בצנצנת,גרמים,450.00,100 גרם,false,,10.90,2.4222,true,1,25017
7290012019258,false,מחית תפוחי עץ רביעיה 4 * 113 ג' תומר,Cherry growers inc,IL,"רסק תפו""ע מחית תפוחי",גרמים,452.00,100 גרם,false,,10.90,2.4115,true,1,25027
7290012019265,false,"רסק תפוֿֿֿֿ""ע פלסטיק דיאט 4יח'12X",Cherry growers inc,,"מחית תפו""ע ללא סוכר",גרמים,452.00,100 גרם,false,,10.90,2.4115,true,1,25028
7290012022203,false,קליליות חיטה מלאה די,דילייט,,קליליות חיטה מלאה די,גרמים,100.00,100 גרם,false,,13.90,13.9000,true,1,31508
7290012022227,false,קליליות חיטה טעם טבעי,דילייט,,קליליות בטעם טבעי די,גרמים,60.00,100 גרם,false,,13.90,23.1667,true,1,31509
7290012022272,false,פריכיות קליליות קידס,דילייט,,פריכיות קליליות קידס,יחידה,0.00,יחידה,false,,13.90,0.0000,true,1,31510
7290012086113,false,עגבניות שרי צימן קופסא 500ג',ירקט,IL,עגבניות שרי,גרמים,500.00,100 גרם,false,,9.90,1.9800,true,1,50873
7290012116360,false,סנו פוליויקס גרניט פורצלן 2 ליטר,"מפעלי סנו ברונוס בע""",IL,סנו פוליוקס גרניט פו,ליטרים,2.00,ליטר,false,,22.90,11.4500,true,1,30150
7290012117275,false,"סנו קליר שקית מילוי 750 מ""ל",טרופיקל דגיל תעשיות,IL,סנוקליר שקית מילוי 7,מיליליטרים,750.00,"100 מ""ל",false,,7.90,1.0533,true,1,30169
7290012117541,false,מרכך כביסה מקסימה קומפקט צהוב 1 ל' סנו,,IL,סנו מקסימה מרכך קומפ,יחידה,0.00,יחידה,false,,19.90,0.0000,true,1,30180
7290012117558,false,מרכך כביסה קומפקט מאסק ורוד סנו מקסימה 1 ל',"סנו מפעלי ברונוס בע""",IL,סנו מקסימה מרכך קומפ,יחידה,0.00,יחידה,false,,19.90,0.0000,true,1,30181
7290012159275,false,מיונז אמיתי 430 גרם LINA,,,מיונז לינה 430גר' כש,גרמים,430.00,100 גרם,false,,13.90,3.2326,true,1,11193
7290012226120,false,מב זוגלובק קבנוס 135,זוגלובק,IL,זוגלובק קבנוס 135ג.,גרמים,135.00,100 גרם,false,,13.90,10.2963,true,1,38949
7290012226342,false,נקניקיות מן הצומח עשירה בחלבון זוגלוס 460 ג',,,נקניקיה מן הצומח טבע,גרמים,460.00,100 גרם,false,,32.90,7.1522,true,1,38952
7290012226939,false,קבנוס עם צ'ילי חריף 135ג' זוגלובק,זוגלובק,IL,זוגלובק קבנוס בטעם צ,גרמים,135.00,100 גרם,false,,13.90,10.2963,true,1,38958
7290012227325,false,סלמי דק דק מעושן איטלקי 120 ג' זוגלובק,זוגלובק,IL,זוגלובק סלמי מעושן ד,גרמים,120.00,100 גרם,false,,15.90,13.2500,true,1,38971
7290012227974,false,פסטרמה דק דק בדבש 120 ג' זוגלובק,זוגלובק,IL,זוגלובק פסטרמה בדבש,גרמים,120.00,100 גרם,false,,15.90,13.2500,true,1,38994
7290012227981,false,פסטרמה דק דק ברביקיו 120 ג' זוגלובק,זוגלובק,IL,פסטרמה ברביקיו זוגלו,גרמים,120.00,100 גרם,false,,15.90,13.2500,true,1,38995
7290012228124,false,קבנוס סטיקס ריינהולד'ס 50 ג' זוגלובק,זוגלובק,IL,קבנוס סטיקס 50 גר'.,גרמים,50.00,100 גרם,false,,12.90,25.8000,true,1,38999
7290012228261,false,נקנקיות קנקרס הודו ועוף ריינהולד'ס זוגלובק 300 ג',זוגלובק,IL,נקנקיות הודו קנקרס ר,גרמים,300.00,100 גרם,false,,22.90,7.6333,true,1,39006
7290012228278,false,נקנקיות בוקוורסט עוף ובקר ריינהולד'ס 310 ג' זוגלובק,זוגלובק,IL,נקנקיות בוקוורסט הוד,גרמים,300.00,100 גרם,false,,22.90,7.6333,true,1,39007
7290012228704,false,"ריינהולדס נקניקיות סוסג' ספרדית חריפה, 310 ג'",,,נקניקיות סוסג' ספרדי,גרמים,310.00,100 גרם,false,,22.90,7.3871,true,1,39029
7290012260827,false,שערות קדאיף 475 גרם,,,שערות קדאיף 475 גרם,גרמים,475.00,100 גרם,false,,14.90,3.1368,true,1,49282
7290012372124,false,"קמח כוסמין 100% 1 ק""ג רובינפלד",,,קמח כוסמין 100% רובי,קילוגרמים,1.00,"ק""ג",false,,16.90,16.9000,true,1,285994
7290012372209,false,"קמח חיטה לבן 1 ק""ג רובינפלד",,,קמח חיטה לבן מנופה ר,קילוגרמים,1.00,"ק""ג",false,,7.90,7.9000,true,1,285981
7290012404955,false,ספרינג קולקשן נקטר חמוציות 1.25 ל',"יפאורה תבורי בע""מ",IL,ספרינג נקטר חמוציות,ליטרים,1.25,ליטר,false,,13.50,10.8000,true,1,11614
7290012413643,false,תה ירוק קמומיל 25 שקיקים ויסוצקי,בית ויסוצקי,IL,תה ירוק קמומיל T.Tשמ,גרמים,37.50,100 גרם,false,,23.90,63.7333,true,1,24700
7290012522581,false,שניצל תירס טבעול ללא גלוטן 664 גר,טבעול,IL,טבעול שניצל תירס ללא,גרמים,664.00,100 גרם,false,,30.90,4.6536,true,1,19781
7290012576614,false,פרימייר לבן ריזלינג,יקבי ברקן שיווק והפצ,IL,ברקן יין פרמייר לבן,מיליליטרים,750.00,"100 מ""ל",false,,26.90,3.5867,true,1,9526
7290012642586,false,ערמונים קלופים תומר 100 ג',Tangshan huiyuan foo,IL,ערמונים קלופים וקלוי,גרמים,100.00,100 גרם,false,,5.90,5.9000,true,1,25048
7290012645112,false,"יוגורט עיזים בדלי חלב הארץ 750מ""ל",מחלבות סוסיא,IL,יוגורט עיזים בדלי 75,מיליליטרים,750.00,"100 מ""ל",false,,21.90,2.9200,true,1,23332
7290012645389,false,יוגורט עיזים טבעי חלב הארץ 1 ל',מחלבות סוסיא,IL,חלב הארץ יוגורט ביו,ליטרים,1.00,ליטר,false,,24.90,24.9000,true,1,23341
7290012803215,false,וופל בלגי בטעם שוקולד 200 גר טוסו,בטר אנד דיפרנט,IL,טוסו וופל בלגי שוקול,גרמים,200.00,100 גרם,false,,11.50,5.7500,true,1,5924
7290012803222,false,וופל בלגי בטעם לימון 200 גר טוסו,בטר אנד דיפרנט,IL,טוסו וופל בלגי לימון,גרמים,200.00,100 גרם,false,,11.50,5.7500,true,1,5925
7290012803451,false,טוסו מרי שוקולד מריר מעולה 62% 100 גרם,,,טוסו שוקלד מריר 62%,גרמים,100.00,100 גרם,false,,12.90,12.9000,true,1,5929
7290012803765,false,טוסו מר' שוקולד מריר 100 גר',אלטינמארקה גידה סאן,TR,טוסו שוקלד מריר 100ג,גרמים,100.00,100 גרם,false,,12.90,12.9000,true,1,5939
7290012803789,false,טוסו מר' שוקולד מריר עם אגוזים 100 גר',האי נאם סי או אל.טי.,TR,טוסו שוקלד מריר ואגו,גרמים,100.00,100 גרם,false,,12.90,12.9000,true,1,5941
7290012823381,false,מרכך כביסה מקסימה סנסיטיב מרוכז ורוד 1 ל' סנו,"סנו מפעלי ברונוס בע""",IL,סנו מקסימה סנסטיב מר,יחידה,0.00,יחידה,false,,19.90,0.0000,true,1,30224
7290012823398,false,מטליות חד פעמיות לניקוי הרצפה בניחוח מרכך כביסה 10יח' סנו,סנו מפעלי ברונו בעמ,IL,ריצפז מטליות לחות בנ,יחידה,0.00,יחידה,false,,12.90,0.0000,true,1,30225
7290012823923,false,"מרכך כביסה פרפיום גולדן מקסימה 750 מ""ל סנו",סנו מפעלי ברונוס בעמ,IL,סנו מקסימה מרכך פרפי,מיליליטרים,750.00,"100 מ""ל",false,,19.90,2.6533,true,1,30246
7290012884986,false,צ'יפס לתנור קפוא תפוגן 1.5קר:ג,"תעשיות תפוגן בע""מ",IL,תפוגן ציפס לתנור עד,קילוגרמים,1.50,"ק""ג",false,,30.90,20.6000,true,1,19791
7290012901355,false,דודלס ארוחת אטריות עם גבינה 206 גרם,האי נאם סי או אל.טי.,US,דודלס ארוחת איטריות,גרמים,206.00,100 גרם,false,,11.90,5.7767,true,1,36825
7290012931055,false,מגב חלון פלסטיק ( 24,,,מגב חלון פלסטיק ( 24,יחידה,0.00,יחידה,false,,7.90,0.0000,true,1,13489
7290012931116,false,"מגב חד להב 40 ס""מ SH",,,"מגב חד להב 40 ס""מ SH",יחידה,0.00,יחידה,false,,23.90,0.0000,true,1,13493
7290012931222,false,שיפודי שטוח 30 ס`מ,,,שיפודי שטוח 30 ס`מ,יחידה,0.00,יחידה,false,,6.90,0.0000,true,1,13496
7290012931611,false,שייני כריות ברזל שלשייה,,,כריות ברזל שלישייה,יחידה,0.00,יחידה,false,,7.90,0.0000,true,1,13501
7290012938405,false,דיימונד רדיד אלומיניום עבה במיוחד 7 מטר,,IL,דאיימונד נייר כסף 87,מטרים,7.60,מטר,false,,19.70,2.5921,true,1,3883
7290012938580,false,"סנסודיין משחת שיניים להלבנה עדינה 75 מ""ל",גלקסוסמית'קליין קונס,,משחת שיניים הלבנה עד,מיליליטרים,75.00,"100 מ""ל",false,,22.70,30.2667,true,1,3885
7290012938740,false,"משחת שיניים פרש מינט מנטה 75מ""ל סנסודיין",DE MICLEN,,משחת שיניים פרש מינט,מיליליטרים,75.00,"100 מ""ל",false,,22.70,30.2667,true,1,3888
7290013027399,false,לחם קמח מלא קל בתוספת שיפון 750 ג' אנג'ל,מאפיית שלמה א. אנג'ל,IL,לחם 100 בתוספת שיפון,גרמים,750.00,100 גרם,false,,15.90,2.1200,true,1,35437
7290013117243,false,בורקס פילו בולגרית מעדנות 600 ג',מיוצר עי קונדיטוריית,IL,בורקס פילו בולגרית מ,גרמים,600.00,100 גרם,false,,23.90,3.9833,true,1,35595
7290013117427,false,בצק פריך מרודד למאפים מלוחים 900 ג' מעדנות,מיוצר עי קונדיטוריית,IL,מעדנות בצק פריך מרוד,גרמים,900.00,100 גרם,false,,26.90,2.9889,true,1,35598
7290013121158,false,רביעיית לחמניות סנדויץ 460 גר קפוא,דולפין ספא,IL,רביעיית לחמניות סנדב,גרמים,460.00,100 גרם,false,,20.90,4.5435,true,1,49653
7290013121165,false,שישיית לחמניות ללא גלוטן 460 גר קפוא,דולפין ספא,IL,"לחמניות נקניקיה כשל""",גרמים,460.00,100 גרם,false,,20.90,4.5435,true,1,49654
7290013144140,false,תערובת להכנת סופגניות ודונאט 600 גרם,מיוצר עי קונדיטוריית,IL,מימונס תערובת לסופגנ,גרמים,600.00,100 גרם,false,,17.90,2.9833,true,1,15330
7290013144157,false,סחלב מיימונס 130 גרם,מיוצר עי קונדיטוריית,IL,מימונס סחלב 130 גרם,גרמים,130.00,100 גרם,false,,10.90,8.3846,true,1,15331
7290013144232,false,פודינג בטעם וניל מימונס 80 ג',מיוצר עי קונדיטוריית,IL,פודינג וניל מימונס 8,גרמים,80.00,100 גרם,false,,5.90,7.3750,true,1,15339
7290013144249,false,פודינג שוקולד מימונס 95 ג',א.ל ייצור ושיווק תבל,IL,פודינג שוקולד 95 גרם,גרמים,95.00,100 גרם,false,,5.90,6.2105,true,1,15340
7290013144393,false,"תמצית בטעם וניל מימונס 50 מ""ל",מיוצר עי קונדיטוריית,IL,תמצית בטעם וניל 50גר,גרמים,50.00,100 גרם,false,,4.90,9.8000,true,1,15348
7290013144508,false,"תמצית בטעם ורדים מימונס 50 מ""ל",מיוצר עי קונדיטוריית,IL,תמצית בטעם ורדים 50ג,מיליליטרים,50.00,"100 מ""ל",false,,8.90,17.8000,true,1,15352
7290013144751,false,סירופ בטעם מייפל מימונס 500 ג',,,מימונס סירופ בטעם מי,מיליליטרים,500.00,"100 מ""ל",false,,14.90,2.9800,true,1,15358
7290013144911,false,מימונס מיקס שוקולד צ'יפס מריר וחלב 250 גרם,,IL,מיקס שוקולד צ'יפס מר,גרמים,250.00,100 גרם,false,,15.90,6.3600,true,1,400352
7290013144980,false,תרסיס שמן קנולה מימונס 170 גרם,מולינו ניקולי s.p.a,FI,תרסיס שמן קונולה מימ,גרמים,170.00,100 גרם,false,,16.90,9.9412,true,1,15362
7290013145024,false,אגוז מלך טחון מימונס 100 ג',,,מימונס אגוז מלך טחון,גרמים,100.00,100 גרם,false,,14.90,14.9000,true,1,15365
7290013145062,false,"סירופ מייפל אמיתי 100% מימונס 187 מ""ל",,,סירופ מייפל אמיתי %1,מיליליטרים,187.00,"100 מ""ל",false,,30.90,16.5241,true,1,15369
7290013145109,false,שקד מולבן טחון מימונס 100 ג',,,מימונס שקד מולבן טחו,גרמים,100.00,100 גרם,false,,13.90,13.9000,true,1,15372
7290013145116,false,שקד מולבן מקלות מימונס 100 ג',,,מימונס שקד מולבן מקל,גרמים,100.00,100 גרם,false,,13.90,13.9000,true,1,15373
7290013145123,false,שקד מולבן פרוס מימונס 100 ג',,,מימונס שקד מולבן פרו,גרמים,100.00,100 גרם,false,,13.90,13.9000,true,1,15374
7290013145178,false,קוקוס טחון לבן מימונס 100 ג',,IL,קוקוס טחון לבן 100 ג,גרמים,100.00,100 גרם,false,,5.90,5.9000,true,1,15378
7290013145215,false,שומשום מימונס 400 ג',מיוצר עי קונדיטוריית,IL,שומשום 400גר,גרמים,400.00,100 גרם,false,,16.90,4.2250,true,1,15380
7290013145406,false,שוקולד ציפס לבן מימונס 250 ג',אינטרגטה תעשיות מזון,IL,מימונס שוקולד ציפס ל,גרמים,250.00,100 גרם,false,,10.90,4.3600,true,1,15385
7290013145451,false,אבקת קקאו מימונס 150 ג',מיוצר עי קונדיטוריית,IL,מימונס קקאו 150 גר,גרמים,150.00,100 גרם,false,,9.90,6.6000,true,1,15389
7290013145628,false,סוכריות צבעוניות לקישוט מימונס 200 ג',א.ל ייצור ושיווק תבל,IL,סוכריות צבעוניות לקי,גרמים,200.00,100 גרם,false,,9.90,4.9500,true,1,15396
7290013145710,false,דובדבנים מסוכרים מימונס 100 ג',מיוצר עי קונדיטוריית,IL,דובדבנים מסוכרים 100,גרמים,100.00,100 גרם,false,,9.90,9.9000,true,1,15402
7290013145826,false,פודניג בטעם וניל לבן במיוחד מימונס 80 ג',א.ל ייצור ושיווק תבל,IL,מימונס פודינג בטעם ו,גרמים,80.00,100 גרם,false,,5.90,7.3750,true,1,15408
7290013145840,false,סוכר וניל מימונס 10* 10 ג',מיוצר עי קונדיטוריית,IL,מימונס סוכר וניל 10*,גרמים,100.00,100 גרם,false,,3.50,3.5000,true,1,15410
7290013145857,false,מימונס אבקת אפיה 10* 10ג',י. כהן בעמ,IL,אבקת אפיה 10* 10 גרם,גרמים,100.00,100 גרם,false,,3.50,3.5000,true,1,15411
7290013145871,false,שמרים יבשים סטיק מימונס 5*11 ג',ANGEL YEAST CO.LIMIT,IL,מימונס שמרים יבשים 5,גרמים,55.00,100 גרם,false,,10.90,19.8182,true,1,15413
7290013145901,false,סודה לשתיה מימונס 100 ג',,,סודה לשתיה 100 גרם,גרמים,100.00,100 גרם,false,,2.90,2.9000,true,1,15414
7290013145918,false,אבקת סוכר 100 ג' מימונס,א.ל. ייצור ושיווק תב,IL,אבקת סוכר 100 גרם,גרמים,100.00,100 גרם,false,,2.90,2.9000,true,1,15415
7290013145949,false,אבקת סוכר אריזת פטנט 250 גר,מיוצר עי קונדיטוריית,IL,אבקת סוכר באריזת פטנ,גרמים,250.00,100 גרם,false,,17.90,7.1600,true,1,15417
7290013145956,false,שמרים יבשים בוואקום מימונס 500 ג',הנסיך- מפעל לייצור ט,CN,מימונס שמרים יבשים ב,גרמים,500.00,100 גרם,false,,14.90,2.9800,true,1,15418
7290013145970,false,קורנפלור מימונס בשקית 200 ג',א.ל ייצור ושיווק תבל,IL,מימונס קורנפלור 200,גרמים,200.00,100 גרם,false,,4.90,2.4500,true,1,15420
7290013146014,false,מימונס מלית אוכמניות 70% פרי 400 גר,קרלו,IL,מלית אוכמניות 70% פר,גרמים,400.00,100 גרם,false,,16.90,4.2250,true,1,15423
7290013146304,false,קורנפלור מימונס 500 ג',,,מימונס קורנפלור 500,גרמים,500.00,100 גרם,false,,7.90,1.5800,true,1,15432
7290013146663,false,סוכריות קונפטי לקישוט מימונס 55 ג',"מימונס אפיה בע""מ",IL,קונפטי לקישוט צבעוני,גרמים,55.00,100 גרם,false,,12.90,23.4545,true,1,63788
7290013220929,false,אוכמנית כחולות 400,,,אוכמנית כחולות 400,גרמים,400.00,100 גרם,false,,30.90,7.7250,true,1,51547
7290013268242,false,נוזל רצפות ריצפז פרש הום מלון מפנק 2 ל,"סנו מפעלו ברונוס בע""",IL,ריצפז פרש הום בניחוח,ליטרים,2.00,ליטר,false,,22.90,11.4500,true,1,30258
7290013268884,false,סנו ריצפז פרש 2 ליטר מאסק,מיוצר עי קונדיטוריית,IL,ריצפז פרש מאסק 2 ליט,ליטרים,2.00,ליטר,false,,19.90,9.9500,true,1,30285
7290013269850,false,סנו - סושי נייר אפייה אקולוגי 50 יח',מולינו ניקולי s.p.a,IL,סנו סושי נייר אפיה א,יחידה,0.00,יחידה,false,,17.90,0.0000,true,1,30316
7290013284310,false,רוטב פסטה לילדים 240 גרם פריניר,פריניר ( הדס 1987) ב,IL,רוטב לפסטה לילדים פר,גרמים,240.00,100 גרם,false,,5.90,2.4583,true,1,41268
7290013358356,false,מאסטר שף - פירורי לחם מוזהבים 320 גרם,מנה י.א בעמ,IL,מאסטר שף פירורי לחם,גרמים,350.00,100 גרם,false,,9.90,2.8286,true,1,21476
7290013358370,false,פירורי לחם פנקו מוזהבים שום 300 גרם מנה,"מיוצר ע""י מנה י.א בע",IL,מאסטר שף פירורי לחם,גרמים,300.00,100 גרם,false,,10.50,3.5000,true,1,21478
7290013358493,false,מנה אסייאתי קרם קוקוס פחית 400 מל מ.שף,תאי קוקונט פבליק קומ,TH,מאסטר שף אסייאתי קרם,מיליליטרים,400.00,"100 מ""ל",false,,9.90,2.4750,true,1,21487
7290013358530,false,מאסטר שף אסייאתי רוטב צ'ילי מתוק 700 מל,קריניציה ויטמינה אס,TH,מאסטר שף רוטב צ'ילי,מיליליטרים,700.00,"100 מ""ל",false,,15.90,2.2714,true,1,21491
7290013358547,false,מאסטר שף אסייאתי רוטב צ'ילי חריף 700 מל,מסוונג רונרוג בעמ,TH,מאסטר שף רוטב צ'ילי,מיליליטרים,700.00,"100 מ""ל",false,,15.90,2.2714,true,1,21492
7290013358806,false,מנה מאגדת פריכיות עם מלח 264 גרם,מנה,IL,מאגדת פריכיות עם מלח,גרמים,264.00,100 גרם,false,,13.90,5.2652,true,1,21498
7290013366634,false,עלי חסה סלנובה,כרמל יבולים,IL,חסה סלנובה,יח',1.00,יח',false,,11.90,11.9000,true,1,47645
7290013382399,false,בלנדר מקל.,,,בלנדר מקל.,יחידה,0.00,יחידה,false,,59.90,0.0000,true,1,80386
7290013472199,false,ערמונים קלופים וקלויים 105 גרם,בייג'גג פוינונג,CN,וילי פוד ערמונים 100,גרמים,100.00,100 גרם,false,,6.90,6.9000,true,1,2958
7290013531117,false,רוטב פסטה לילדים 240 גרם יכין,"זנלכל בע""מ",IL,רוטב לפסטה לילדים יכ,גרמים,260.00,100 גרם,false,,6.50,2.5000,true,1,8724
7290013531582,false,מארז זיתים ירוקים מגולענים יכין 200 גרם,קרלו,IL,זיתים חרוזית מגולעני,גרמים,600.00,100 גרם,false,,11.90,1.9833,true,1,8734
7290013585233,false,"ספרייט ZERO פחית סליק 330 מ""ל",קוקה קולה,IL,פחית סליק 330 מל ZER,מיליליטרים,330.00,"100 מ""ל",false,,5.50,1.6667,true,1,7084
7290013585387,false,קוקה קולה זירו בקבוק,החברה המרכזית לייצור,IL,קולה זירו 1 ליטר,ליטרים,1.00,ליטר,false,,7.90,7.9000,true,1,7096
7290013585394,false,קוקה קולה 1 ליטר,החברה המרכזית לייצור,IL,קוקה קולה 1 ליטר,ליטרים,1.00,ליטר,false,,7.90,7.9000,true,1,7097
7290013608260,false,פרימור מיץ רימונים 100% סחוט טרי 1ל',גניר,IL,פרימור מיץ רימונים ס,יחידה,0.00,יחידה,false,,22.90,0.0000,true,1,23346
7290013677211,false,תן צ'אפ חטיף כריות קטשופ 50 גר',,,תן צ'אפ כריות בטעם ק,גרמים,50.00,100 גרם,false,,3.90,7.8000,true,1,15141
7290013677648,false,שמן זית למאור 1 ליטר,,,שמן זית למאור 1 ל' ב,ליטרים,1.00,ליטר,false,,21.90,21.9000,true,1,15163
7290013702036,false,"שוופס וואטר אפרסק 500מ""ל",יפאורה תבורי בעמ,IL,שוופס אפרסק ווטר 0.5,מיליליטרים,500.00,"100 מ""ל",false,,5.90,1.1800,true,1,11619
7290013724960,false,שקדים בשוקולד חלב 140 גר שקדיה,,,שקדים בציפוי שוקולד,גרמים,140.00,100 גרם,false,,11.90,8.5000,true,1,4686
7290013793102,false,ערכת נוזלי עטרת מלכו,,,ערכת נוזלי עטרת מלכו,יחידה,0.00,יחידה,false,,70.90,0.0000,true,1,18008
7290013793126,false,ערכת מוצק אור והדר,,,ערכת מוצק אור והדר,יחידה,0.00,יחידה,false,,60.90,0.0000,true,1,18010
7290013847102,false,ס.ק טונה בשמן 80 ג' שלישיות -בי,,,טונה בשמן סטארקיסט ש,גרמים,240.00,100 גרם,false,,16.90,7.0417,true,1,26642
7290013847867,false,מארז זוג טונה בשמן סויה 140 ג' סטארקיסט,טונה ויטנאם קו. אל.ט,IL,נתחי טונה בהירה בשמן,גרמים,140.00,100 גרם,false,,12.90,9.2143,true,1,402671
7290013848383,false,"קרמה מן גל רחצה אקטיב בלוק 700 מ""ל",טרופיקל דגיל תעשיות,IL,ג'ל רחצה אנטי בלוק ק,מיליליטרים,700.00,"100 מ""ל",false,,19.90,2.8429,true,1,30328
7290013848758,false,סנו - מקסימה ג'ל כביסה מרוכז בייבי 3 ליטר,"סנו מפעלי ברונוס בע""",IL,סנו מקסימה ג'ל כביסה,ליטרים,3.00,ליטר,false,,38.90,12.9667,true,1,30347
7290013861054,false,צימוקים בשוקולד חלב 140 גר שקדיה,,,שקדיה צימוקים בשוק.ח,גרמים,140.00,100 גרם,false,,11.90,8.5000,true,1,4695
7290013906205,false,פסטרמה עם שום וצילי טירת צבי 400 ג',הנסיך- מפעל לייצור ט,IL,טירת צבי פסטרמה שום,גרמים,400.00,100 גרם,false,,29.90,7.4750,true,1,25352
7290013906212,false,"נקנקיות וינר טירת 1 ק""ג טירת צבי",הנסיך- מפעל לייצור ט,IL,טירת צבי נקניקיות וי,קילוגרמים,1.00,"ק""ג",false,,30.90,30.9000,true,1,25353
7290013906441,false,קבנוס טירת צבי 120 גר,הנסיך- מפעל לייצור ט,IL,טירת צבי קבנוס 120 ג,גרמים,120.00,100 גרם,false,,10.90,9.0833,true,1,25364
7290013906458,false,קבנוס בטעם פיקנטי טירת צבי 120 גר,הנסיך- מפעל לייצור ט,IL,טירת צבי קבנוס פיקנט,גרמים,120.00,100 גרם,false,,9.90,8.2500,true,1,25365
7290013906489,false,חטיפי מיני קבנוס 120 ג' טירת צבי,הנסיך- מפעל לייצור ט,IL,טירת צבי חטיפי מיני,גרמים,120.00,100 גרם,false,,9.90,8.2500,true,1,25366
7290013906687,false,פסט' צמד כפרית ברביקיו ודבש 300X2ג' טירת צבי,הנסיך- מפעל לייצור ט,IL,טירת צבי צמד כפרית ב,גרמים,600.00,100 גרם,false,,28.90,4.8167,true,1,25370
7290013927200,false,עוגת שוקולד צ'יפס עשירה אחווה 400ג',,,אחווה עוגת שוקולד צי,גרמים,400.00,100 גרם,false,,11.90,2.9750,true,1,759
7290013927996,false,עוגת שמרים קראץ' בטעם שוקולד 400 גר',,,עוגת שמרים קרנץ בטעם,גרמים,400.00,100 גרם,false,,10.90,2.7250,true,1,258993
7290014002944,false,גן קסום חליטת פירות וצמחים חמדת שקד 25 שקיקים,HIQ FOOD PRODUCTS,IL,תה גן קסום חליטת חמא,גרמים,62.50,100 גרם,false,,17.90,28.6400,true,1,24723
7290014059436,false,"משחת שיניים סנסודיין 75 מ""ל פרימיום לשיקום והגנה מלבינה 75 מ""ל",DE MICLEN,,משחת שיניים לשיקום ס,מיליליטרים,75.00,"100 מ""ל",false,,25.90,34.5333,true,1,3910
7290014079014,false,לבבות קיסר בנספק,"מרינה פטריות הגליל בע""מ",IL,לבבות קיסר,גרמים,300.00,100 גרם,false,,10.90,3.6333,true,1,35526
7290014079854,false,לבבות חסה ארץ הגליל מרינה,"מרינה פטריות הגליל בע""מ",IL,זוג לבבות חסה ארץ הג,יח',1.00,יח',false,,10.90,10.9000,true,1,41483
7290014094260,false,שיני שום קלוף קמעונאי,"מרינה פטריות הגליל בע""מ",IL,שום קלוף 200 גרם,גרמים,200.00,100 גרם,false,,10.90,5.4500,true,1,41485
7290014094352,false,אגוזי מלך בקופסא 200 ג',"דין שיווק וקליה בע""מ",,ששון הקולה אגוז מלך,גרמים,200.00,100 גרם,false,,16.90,8.4500,true,1,4710
7290014094376,false,שזיפים ללא גלעין 330 גר,"דין שיווק וקליה בע""מ",,שזיף ללא גלעין בקופס,גרמים,250.00,100 גרם,false,,24.90,9.9600,true,1,4712
7290014094383,false,משמש מיובש בקופסא 33,"דין שיווק וקליה בע""מ",,שקדיה משמש מיובש 250,גרמים,250.00,100 גרם,false,,23.90,9.5600,true,1,4713
7290014094390,false,חמוציות מסוכרות בקופ,"דין שיווק וקליה בע""מ",,חמוציות מסוכרות בקופ,גרמים,250.00,100 גרם,false,,14.90,5.9600,true,1,4714
7290014094505,false,אורז בסמתי טהור אהרוני 1 ק''ג,האי נאם סי או אל.טי.,IL,אהרוני אורז בסמטי 1,קילוגרמים,1.00,"ק""ג",false,,11.80,11.8000,true,1,4723
7290014094543,false,"תרסיס שמן קנולה שקדיה 186 מ""ל",,TR,תרסיס שמן קנולה שקדי,מיליליטרים,186.00,"100 מ""ל",false,,12.90,6.9355,true,1,4727
7290014094628,false,פקאן טבעי 200 ג' בקופסא,חקלאי,,פקאן טבעי 200גר ששון,גרמים,200.00,100 גרם,false,,25.90,12.9500,true,1,4732
7290014094901,false,פקאן טבעי 150 גרם ששון הקולה,דין שיווק,IL,פקאן טבעי 150 גרם,גרמים,150.00,100 גרם,false,,19.90,13.2667,true,1,4746
7290014095861,false,שיבולת שועל דקה 500 גרם קוואקר,"דין שיווק וקליה בע""מ",,שיבולת שועל דקה קווא,גרמים,500.00,100 גרם,false,,6.90,1.3800,true,1,4749
7290014095946,false,משוקלדים פקאן בשוקולד מריר 140 גרם,,,פקאן בציפוי שוקולד מ,גרמים,140.00,100 גרם,false,,11.90,8.5000,true,1,4750
7290014095953,false,משוקלדים פקאן בשוקולד חלב 140 ג',שקדיה גבע בתעשיות עמ,IL,שקדיה פקאן בשוקולד ח,גרמים,160.00,100 גרם,false,,11.90,7.4375,true,1,4751
7290014217140,false,תבלין ראס אל חנות טעם וריח 100ג',תות ממתקי איכות,IL,תבלין ראס אל חנות טע,גרמים,100.00,100 גרם,false,,10.80,10.8000,true,1,42380
7290014217225,false,תבלין גריל עוף מיכל 120גר,תות ממתקי איכות,IL,טעם וריח גריל עוף מי,גרמים,120.00,100 גרם,false,,10.80,9.0000,true,1,42384
7290014217355,false,תבלין אבקת קרי מיכל 100ג',תות ממתקי איכות,IL,תבלין אבקת קרי טעם ו,גרמים,100.00,100 גרם,false,,11.80,11.8000,true,1,42389
7290014217362,false,תבלין תיבול לקציצות מיכל 100 ג',תות ממתקי איכות,IL,תערובת תיבול קציצות,גרמים,100.00,100 גרם,false,,11.80,11.8000,true,1,42390
7290014217515,false,תבלין ציפוי ללחם מלוח טעם וריח 90 ג',תות ממתקי איכות,IL,תערובת ציפוי למאפה מ,גרמים,90.00,100 גרם,false,,11.90,13.2222,true,1,42393
7290014217522,false,תערובת ללחם שום טעם וריח 100 ג',תות ממתקי איכות,IL,תבלין תערובת לחם שום,גרמים,100.00,100 גרם,false,,11.90,11.9000,true,1,42394
7290014218932,false,חטיפי פיצה בתוספת זיתים 710 ג' מעדנות,מיוצר עי קונדיטוריית,IL,חטיפי פיצה בתוספת זי,גרמים,710.00,100 גרם,false,,37.90,5.3380,true,1,35651
7290014397286,false,מרכך כביסה מקסימה מרוכז חלב ודבש 1 ל' סנו,,,סנו מקסימה קר מרכך מ,ליטרים,1.00,ליטר,false,,19.90,19.9000,true,1,30376
7290014397453,false,סנו אוקסיגן גל מסיר כתמים כביסה לבנה 3 ל,,IL,סנו אוקסיג'ן לכביסה,ליטרים,3.00,ליטר,false,,31.90,10.6333,true,1,30380
7290014397514,false,"סנו פרש הום מבשם כותנה מלטפת 350מ""ל","סנו מפעלי ברונוס בע""",IL,סנו פרש הום כותנה מל,מיליליטרים,350.00,"100 מ""ל",false,,12.90,3.6857,true,1,30383
7290014435810,false,הרינג כבוש ובצל במרינת חמוץ מתוק שמיר 180 ג',"סלטי שמיר 2006 בע""מ",IL,הרינג כבוש עם בצל במ,גרמים,180.00,100 גרם,false,,18.90,10.5000,true,1,17739
7290014455252,false,גבינת גרנה פדנו מגורד 100 ג' גד,מחלבות גד,IT,גד גרנה פדנו מגורד כ,גרמים,100.00,100 גרם,false,,13.80,13.8000,true,1,14682
7290014459137,false,"צ'יפס תפוגן סטייק 1.5 ק""ג","תעשיות תפוגן בע""מ",IL,תפוגן סטייק ציפס 1.5,קילוגרמים,1.50,"ק""ג",false,,26.90,17.9333,true,1,19801
7290014459472,false,"צ'יפס קפוא תפוגן 2 ק""ג כשל""פ",,IL,תפוגן צ`יפס קלאסי 2,קילוגרמים,2.00,"ק""ג",false,,29.90,14.9500,true,1,19808
7290014471412,false,"מוזלי בוטנים אגוז ושקד 1 ק""ג ירוק שקדיה",,,מוזלי בוטנים אגוזים,קילוגרמים,1.00,"ק""ג",false,,19.90,19.9000,true,1,4753
7290014471429,false,"מיזלי עם פירות 1 ק""ג סגול שקדיה",,,מוזלי פירות עם פירות,קילוגרמים,1.00,"ק""ג",false,,19.90,19.9000,true,1,4754
7290014471436,false,"מיזלי צימוקים תפוח קינמון וגרעיני חמניה שקדיה 1ק""ג",,,מוזלי צימוקים תפוח ק,קילוגרמים,1.00,"ק""ג",false,,19.90,19.9000,true,1,4755
7290014471443,false,"גרנולה צימוקים אגוז שקד 1 ק""ג כתום שקדיה",,,גרנולה צימוקים אגוזי,קילוגרמים,1.00,"ק""ג",false,,19.90,19.9000,true,1,4756
7290014472235,false,פקאן סיני מסוכר בקופ,שקרצי,,פקאן סיני מסוכר בקופ,גרמים,200.00,100 גרם,false,,24.90,12.4500,true,1,4769
7290014472471,false,גרעינים שחור ענק 200גר' פרימיום,דין שיווק,IL,גרעין שחור ענק 200 ג,גרמים,200.00,100 גרם,false,,6.90,3.4500,true,1,4776
7290014472495,false,קשיו קלוי ענק 250 גר פרימיום ששון הקולה,דין שיווק,IL,קשיו קלוי ענק פרימיו,גרמים,250.00,100 גרם,false,,21.90,8.7600,true,1,4778
7290014636545,false,שלישית מגבות מטבח ג'קרד,,,שלישית מגבות מטבח פס,יחידה,0.00,יחידה,false,,19.90,0.0000,true,1,254051
7290014636675,false,מגבת גוף חלקה 550 גר,,,מגבת גוף מנהטן 70*13,יחידה,0.00,יחידה,false,,34.90,0.0000,true,1,28101
7290014636842,false,כרית ממורי ויסקו,,,כרית ויסקו,יחידה,0.00,יחידה,false,,89.90,0.0000,true,1,261047
7290014673434,false,פלפל שחור גרוס דק שקית 80 גרם,,,פלפל שחור גרוס דק בש,גרמים,80.00,100 גרם,false,,9.30,11.6250,true,1,367
7290014692299,false,גבינת ברי 125 ג' קסטיאלו ויליפוד,"ארלה פודס אמבא,",DK,גבינת ברי 125 גרם EU,גרמים,125.00,100 גרם,false,,21.90,17.5200,true,1,2990
7290014692305,false,גבינת קממבר 125ג' CASTELLO ויליפוד,הנסיך- מפעל לייצור ט,DK,גבינת קממבר 125 גרם,גרמים,125.00,100 גרם,false,,21.90,17.5200,true,1,2991
7290014731264,false,"כוס שתיה ח""פ ר.שמאי 100יח'",,,כוסות לשתיה קרה חד פ,יח',100.00,יח',false,,7.90,0.0790,true,1,28103
7290014747333,false,שניצל דק ענק עוף טוב,עוף טוב,,שניצל דק ענק כשל'פ 6,גרמים,650.00,100 גרם,false,,31.90,4.9077,true,1,19843
7290014748651,false,דג טוב פילה אמנון מצופה נתחי שלם 360גר,מוצרי עוף טוב (2001),IL,דג טוב פילה אמנון מצ,גרמים,360.00,100 גרם,false,,35.90,9.9722,true,1,19864
7290014758100,false,מאגדת יוגורט ביו 3% שומן 8 יח' *150ג' תנובה,מיוצר עי קונדיטוריית,IL,יוגורט תנובה 3% 8*15,קילוגרמים,1.20,"ק""ג",false,,17.90,14.9167,true,1,25988
7290014758117,false,מאגדת יוגורט ביו 1.5% שומן 8 יח' *150 ג' תנובה,מיוצר עי קונדיטוריית,IL,יוגורט תנובה 1.5% 8*,קילוגרמים,1.20,"ק""ג",false,,17.90,14.9167,true,1,25989
7290014758162,false,חלב עיזים מלא 3.6% קרטון 1 ל' תנובה,תנובה מרכז שיתופי לש,IL,חלב תנובה עיזים מלא,ליטרים,1.00,ליטר,false,,16.70,16.7000,true,1,25991
7290014759084,false,גבינת שמנת 16% בטעם טבעי 225 ג' נפוליאון,הרדוף חלב,IL,נפוליאון 16% 225גר,גרמים,225.00,100 גרם,false,,15.50,6.8889,true,1,25996
7290014759237,false,כד יוגורט תנובה 6.5% שומן 3 ליטר,,,יוגורט כדים תנובה בי,ליטרים,3.00,ליטר,false,,32.40,10.8000,true,1,25997
7290014759978,false,"גבינת קצקבל פלח גלעד 27%, 200 ג'",תנובה,IL,גבינות תנובה קצקבל פ,גרמים,200.00,100 גרם,false,,27.90,13.9500,true,1,26005
7290014760134,false,מעדן סויה ביו בטעם ו,פ.פ.ח. שאביט,IL,גביע מעדן סויה בטעם,גרמים,125.00,100 גרם,false,,4.50,3.6000,true,1,26008
7290014760141,false,משקה שקדים טרי 1 ל' תנובה,,IL,תנובה משקה שקדים טרי,יחידה,0.00,יחידה,false,,14.90,0.0000,true,1,26009
7290014760448,false,מאגדת גלבוע 22% 400 גר,מחלבת בית יצחק,IL,גלבוע 22% 400 גרם,גרמים,400.00,100 גרם,false,,26.10,6.5250,true,1,26012
7290014760912,false,פרוסות גבינה 28% שומן 400 ג' גוש חלב,,IL,גוש חלב 28% מהדרין 4,גרמים,400.00,100 גרם,false,,27.90,6.9750,true,1,26016
7290014761063,false,מעדן שוקולד מריר מעולה 123 ג' יולו,מיוצר עי קונדיטוריית,IL,יולו שוקולד מריר מעו,גרמים,122.00,100 גרם,false,,5.10,4.1803,true,1,26019
7290014761612,false,YOLO מעדן שכבות שוקולד מריר ולבן מעולה,מיוצר עי קונדיטוריית,IL,יולו שכבות שוקולד מר,גרמים,122.00,100 גרם,false,,5.10,4.1803,true,1,26033
7290014762756,false,גבינת שמנת 16% עם בצל 225 ג' נפוליאון,הרדוף חלב,IL,נפוליאון 16% עם בצל,גרמים,225.00,100 גרם,false,,15.50,6.8889,true,1,26048
7290014762800,false,מעדן סויה שוקולד גביע 125 ג',תות תעשיות מזון (201,IL,גביע מעדן סויה בטעם,גרמים,125.00,100 גרם,false,,4.50,3.6000,true,1,26053
7290014762831,false,גבינת שמנת חלפיניו 24% שומן 225 ג' נפוליאון,הרדוף חלב,IL,גבינת שמנת נפוליאון,גרמים,225.00,100 גרם,false,,15.50,6.8889,true,1,26054
7290014762909,false,פתיתי מוצרלה 20% שומן 200 ג' השף הלבן,"תנובה, מחלבת תל יוסף",IL,פתיתי מוצרלה 200 גר`,גרמים,200.00,100 גרם,false,,17.90,8.9500,true,1,26058
7290014762947,false,לאבנה גלילית 11% שומן 750 ג' פיראוס,תנובה,IL,לאבנה גלילית פיראוס,גרמים,750.00,100 גרם,false,,23.90,3.1867,true,1,26060
7290014763272,false,"יוגורט סויה לשתיה תות ובננה 250 מ""ל",תות תעשיות מזון (201,IL,משקה סויה ביו עם תות,מיליליטרים,250.00,"100 מ""ל",false,,6.20,2.4800,true,1,26065
7290014763418,false,"כד יוגרט תנובה 4% שומן 1.5 ליטר, מהדרין",מחלבת אלון תבור,IL,יוגורט כד תנובה 4% 1,ליטרים,1.50,ליטר,false,,17.90,11.9333,true,1,26072
7290014855434,false,מגבונים בייביסיטר פרפורמנס מבושם רביעיה,די פי אל,,בייביסיטר פרפורמנס מ,יחידה,0.00,יחידה,false,,18.90,0.0000,true,1,29498
7290014860070,false,"מקלות אורז ללא גלוטן 5 מ""מ 454 גרם",Oriental food co. lt,TH,"מקלוני אורז 5 מ""מ לל",גרמים,454.00,100 גרם,false,,10.90,2.4009,true,1,47469
7290014860247,false,שבבי אורז מרובעים ללא גלוטן 227 גרם,,,שבבי אורז מרובעים לל,גרמים,227.00,100 גרם,false,,9.90,4.3612,true,1,292167
7290014910461,false,"ערק יודה 700 מ""ל כשל",,IL,"ערק יודה 700 מ""ל כשל",מיליליטרים,700.00,"100 מ""ל",false,,65.90,9.4143,true,1,11212
7290014940901,false,לחם פשוט מלא 750 ג' אנג'ל,,IL,לחם פשוט מלא אנגל 75,גרמים,750.00,100 גרם,false,,15.90,2.1200,true,1,35447
7290014945210,false,צמרוני עץ 300 יח בשק,,,צמרוני עץ 300 יח בשק,יח',300.00,יח',false,,3.50,0.0117,true,1,96469
7290014945654,false,מדליק פחם מוצק שייני 48יח',,,מדליק עץ ופחמים שיינ,יחידה,0.00,יחידה,false,,6.90,0.0000,true,1,13537
7290014945739,false,שייני ניילון נצמד 150 מ',,,שייני ניילון נצמד 15,יחידה,0.00,יחידה,false,,20.90,0.0000,true,1,13540
7290015009027,false,חומץ בלסמי חומציות 6,אקובינל,ES,חומץ בלסמי חומציות 6,מיליליטרים,500.00,"100 מ""ל",false,,23.90,4.7800,true,1,47790
7290015009171,false,ניוקי תפוחי אדמה דני,,,ניוקי תפוחי אדמה דני,גרמים,300.00,100 גרם,false,,10.90,3.6333,true,1,47795
7290015009508,false,סירופ מייפל טהור 250 מל,דרק אמבר,US,סירופ מייפל טהור 250,מיליליטרים,250.00,"100 מ""ל",false,,39.90,15.9600,true,1,324341
7290015033299,false,פרורי לחם קלאסי שקית,,,פרורי לחם קלאסי שקית,גרמים,400.00,100 גרם,false,,5.00,1.2500,true,1,404866
7290015039246,false,נתחי טונה בשמן צמחי רביעיה * 160 ג' וילי פוד,,TH,טונה בהירה בשמן וילי,גרמים,640.00,100 גרם,false,,22.90,3.5781,true,1,3009
7290015039338,false,נתחי טונה במי מלח רביעיה * 160 ג' וילי פוד,,TH,טונה במי מלח ויליפוד,גרמים,640.00,100 גרם,false,,22.90,3.5781,true,1,3011
7290015129121,false,סקיני פסטה נודלס 270 גרם,הוויזאי וואנגייה פוד,CN,סקיני פסטה קונג'אק ב,גרמים,270.00,100 גרם,false,,11.90,4.4074,true,1,254436
7290015150118,false,עגבניות חתוכות דק בלה איטליה 3*400 ג',אמיליאנה קונסרב ס.פ.,IT,עגבניות חתוכות דק בל,גרמים,400.00,100 גרם,false,,19.90,4.9750,true,1,24750
7290015155830,false,מחית תפוח בננה חטיפטף פרינוק 120 גר,פרוטה פודיווין,CZ,פאוץ' פרינוק מחית תפ,גרמים,120.00,100 גרם,false,,5.90,4.9167,true,1,3668
7290015155847,false,מחית סלט פירות חטיפטף פרינוק 120 גר,פרוטה פודיווין איי.א,CZ,פאוץ' פרינוק מחית סל,גרמים,120.00,100 גרם,false,,5.90,4.9167,true,1,3669
7290015156769,false,מחית פרינוק פאוץ' תפוח ואוכמניות 120 גרם,,CZ,פאוץ' פרינוק תפוח וא,גרמים,120.00,100 גרם,false,,5.90,4.9167,true,1,3674
7290015178174,false,ממרח אוליביה - פסטו בטעם פרמז'ן 180 גרם,יוניליוור גרמניה Gm,IL,אוליביה פסטו פרמז'ן,גרמים,180.00,100 גרם,false,,13.90,7.7222,true,1,104745
7290015178204,false,ממרח אוליביה - עגבניות מיובשות בשמש עם לימון 180 גרם,,IL,אוליביה עגבניות מיוב,גרמים,180.00,100 גרם,false,,13.90,7.7222,true,1,104733
7290015253321,false,"פחם 2 ק""ג ירוק פרימי",,CN,"פחם 2 ק""ג ירוק פרימי",קילוגרמים,2.00,"ק""ג",false,,16.90,8.4500,true,1,86996
7290015282390,false,סלט תורכי 200 גרם שמיר,"סלטי שמיר 2006 בע""מ",IL,סלט תורכי 200 ג שמיר,גרמים,200.00,100 גרם,false,,12.90,6.4500,true,1,17763
7290015282581,false,חומוס שמיר אבו גוש עם חריף 200 גר',"סלטי שמיר 2006 בע""מ",IL,חומוס אבו גוש עם חרי,גרמים,200.00,100 גרם,false,,10.90,5.4500,true,1,17766
7290015282598,false,חומוס שמיר מסעדות 200 גר',"סלטי שמיר 2006 בע""מ",IL,חומוס מסעדות,גרמים,200.00,100 גרם,false,,10.90,5.4500,true,1,17767
7290015282604,false,טחינה שמיר מיוחדת גורמה 200ג',"סלטי שמיר 2006 בע""מ",IL,טחינה מיוחדת,גרמים,200.00,100 גרם,false,,10.90,5.4500,true,1,17768
7290015282666,false,סלט טונה עם ירקות 200 גר,"סלטי שמיר 2006 בע""מ",IL,סלט טונה בריאות 200,גרמים,200.00,100 גרם,false,,17.90,8.9500,true,1,17773
7290015282673,false,חציל שמיר במיונז ביתי 200 גורמה גר',"סלטי שמיר 2006 בע""מ",IL,חציל במיונז ביתי,גרמים,200.00,100 גרם,false,,10.90,5.4500,true,1,17774
7290015282680,false,קישוא בטעם כבד שמיר 200 גר',"סלטי שמיר 2006 בע""מ",IL,קישוא בטעם כבד סלטי,גרמים,200.00,100 גרם,false,,12.90,6.4500,true,1,17775
7290015282710,false,קוביות סלק שמיר 200 גר',"סלטי שמיר 2006 בע""מ",IL,קוביות סלק סלטי שמיר,גרמים,200.00,100 גרם,false,,10.90,5.4500,true,1,17777
7290015282796,false,"סלט תפו""א שמיר במיונז 200ג'","סלטי שמיר 2006 בע""מ",IL,סלט תפוח אדמה 200 ג,גרמים,200.00,100 גרם,false,,12.90,6.4500,true,1,17785
7290015324045,false,תבלין פפריקה חריפה 80 גר' שק',תות ממתקי איכות,IL,תבלין פפריקה חריפה ב,גרמים,80.00,100 גרם,false,,7.90,9.8750,true,1,42400
7290015324083,false,טעם וריח מלח לימון ש,תות ממתקי איכות,IL,טעם וריח מלח לימון ש,גרמים,80.00,100 גרם,false,,7.90,9.8750,true,1,42404
7290015324120,false,טעם וריח שום גבישי ב,תות ממתקי איכות,IL,טעם וריח שום גבישי ב,גרמים,80.00,100 גרם,false,,10.10,12.6250,true,1,42408
7290015324717,false,"מחית שום `טעם וריח, 210 גרם",טעם וריח,IL,מחית שום 210 גרם,גרמים,210.00,100 גרם,false,,13.90,6.6190,true,1,309242
7290015328531,false,להבונים 50 יח' 3 שעו,,,להבונים 50 יח' 3 שעו,יחידה,0.00,יחידה,false,,10.90,0.0000,true,1,13219
7290015328685,false,מנורת לד 9 וולט,,,מנורת לד 9 וולט,יחידה,0.00,יחידה,false,,8.90,0.0000,true,1,13230
7290015328715,false,האשפתון 65*52 50 יח',,,האשפתון 65*52 50 יח',יח',50.00,יח',false,,12.90,0.2580,true,1,13233
7290015328739,false,האשפתון 75*65 2 גליל,,,האשפתון 75*65 2 גליל,יח',30.00,יח',false,,12.90,0.4300,true,1,13235
7290015328791,false,נרות חנוכה צבעוניים 50 יח',,,נרות חנוכה צבעוניים,יחידה,0.00,יחידה,false,,4.90,0.0000,true,1,13239
7290015347488,false,"סוכר דמררה חום שקית מיה 1 ק""ג",מיה,IL,סוכר דמררה בשקית מיה,קילוגרמים,1.00,"ק""ג",false,,9.90,9.9000,true,1,15220
7290015348089,false,למברוסקו אמיליאנו לב,vi.mo - גאטטיקו,IT,למברוסקו אמיליאנו לב,מיליליטרים,750.00,"100 מ""ל",false,,24.90,3.3200,true,1,9537
7290015350150,false,"יין אדום חצי יבש סגל 750 מ""ל",כרמי צבי - אחים סגל,IL,סגל אדום חצי יבש 750,מיליליטרים,750.00,"100 מ""ל",false,,22.90,3.0533,true,1,84844
7290015366663,false,"אקווה פרש משחת שיניים מנטה עדין 100מ""ל",DE MICLEN,IL,מש.שיניים מנטה עדין,גרמים,100.00,100 גרם,false,,7.90,7.9000,true,1,3970
7290015572033,false,שרי צהוב,,,שרי צהוב,יח',1.00,יח',false,,9.90,9.9000,true,1,46521
7290015603218,false,איטריות בתוספת עגבניות 454 גרם,,,אטריות עם עגבניות מז,גרמים,454.00,100 גרם,false,,10.90,2.4009,true,1,47478
7290015603546,false,שימורי קרם קוקוס 17-19% 400 מל ASIATIC,,,שימורי קרם קוקוס 17-,מיליליטרים,400.00,"100 מ""ל",false,,9.90,2.4750,true,1,47482
7290015603560,false,"שימורי קרם קוקוס 20-22% 400 מ""ל",ASIATIC AGRO INDUSTR,TH,שימורי קרם קוקוס 20-,מיליליטרים,400.00,"100 מ""ל",false,,9.90,2.4750,true,1,47483
7290015603591,false,גינגר כבוש וורוד 160 גרם,Laiwu Taifeng Foods,CN,ג'ינג'ר ורוד כבוש לל,גרמים,160.00,100 גרם,false,,8.90,5.5625,true,1,381766
7290015652254,false,גרעיני חמניה קלויים 400 גרם ששון הקלה,,,גרעיני חמניה קלויים,גרמים,400.00,100 גרם,false,,10.00,2.5000,true,1,4819
7290015652261,false,בוטנים קלויים 300 גרם ששון הקולה,,,בוטנים קלויים ששון ה,גרמים,300.00,100 גרם,false,,10.00,3.3333,true,1,4820
7290015652278,false,תערובת פיצוחים 250 גרם ששון הקולה,,,תערובת פיצוחים ששון,גרמים,250.00,100 גרם,false,,20.00,8.0000,true,1,4821
7290015652285,false,אגוזים קלופים 250 גרם ששון הקולה,,,אגוזים קלופים 250 גר,גרמים,250.00,100 גרם,false,,20.00,8.0000,true,1,4822
7290015652308,false,מנצס 300 גרם ששון הקולה,,,מנצ'ס ששון הקולה 300,גרמים,300.00,100 גרם,false,,10.00,3.3333,true,1,4824
7290015652322,false,בוטנים אמריקאיים מצופים 400 גר ששון הקלה,,,בוטנים אמריקאים מצופ,גרמים,400.00,100 גרם,false,,10.00,2.5000,true,1,4826
7290015652407,false,פיסטוק קלוי 250 גר דין שיווק,,,פיסטוק קלוי ששון הקו,גרמים,250.00,100 גרם,false,,20.00,8.0000,true,1,4833
7290015759168,false,נרות חנוכה רגילים,,,נרות חנוכה רגילים,יח',1.00,יח',false,,2.90,2.9000,true,1,46447
7290015766005,false,שרי וויטני יחידה,,,שרי וויטני יחידה,גרמים,500.00,100 גרם,false,,9.90,1.9800,true,1,50876
7290015766029,false,שרי כתום יח',,,שרי כתום יח',גרמים,460.00,100 גרם,false,,9.90,2.1522,true,1,50877
7290015781114,false,"יין אימפרשן מרלו 750 מ""ל",יקב טפרברג 1870,IL,אימפרשן מרלו,מיליליטרים,750.00,"100 מ""ל",false,,49.90,6.6533,true,1,11813
7290015781152,false,יין רוזה אימפרשן יקב,יקב טפרברג,IL,אימפרשן יין רוזה,מיליליטרים,750.00,"100 מ""ל",false,,49.90,6.6533,true,1,11817
7290015781282,false,"יין גוורצטמינר אימפרשן 750מ""ל",יקב טפרברג 1870,IL,אימפרשן גוורצטרמינר,מיליליטרים,750.00,"100 מ""ל",false,,49.90,6.6533,true,1,11821
7290015842631,false,"כוס ברד 330 מ""ל ח""פ 40יח'",,GR,"כוס בירה 330 מ""ל 40",יחידה,0.00,יחידה,false,,10.90,0.0000,true,1,48153
7290015858106,false,ממרח פסטו ביתי 180 ג' עללחם,"מדשא תעשיות מזון בע""",IL,ממרח פסטו ביתי עללחם,גרמים,180.00,100 גרם,false,,17.90,9.9444,true,1,23358
7290015858113,false,ממרח עגבניות מיובשות עללחם 180 גרם,"מדשא תעשיות מזון בע""",IL,ממרח עגבניות מיובשות,גרמים,180.00,100 גרם,false,,17.90,9.9444,true,1,23359
7290015858229,false,טפנד זיתי קלמטה עללחם 180 גרם,"מדשא תעשיות מזון בע""",IL,ממרח טפנד זיתי קלמטה,גרמים,180.00,100 גרם,false,,17.90,9.9444,true,1,23363
7290015865746,false,קונפיטורה לייט פירות,,,קונפיטורה לייט פירות,גרמים,400.00,100 גרם,false,,20.90,5.2250,true,1,215278
7290016006292,false,נקטר מנגו בננה מלון קרטונית 1 ל' ספרינג,,,ספרינג מנגו בננה מלו,יחידה,0.00,יחידה,false,,6.90,0.0000,true,1,11691
7290016006322,false,מי עדן בקבוק 1 ליטר,מופק ממקור בזלתי עדן,IL,מי עדן 1 ליטר,ליטרים,1.00,ליטר,false,,5.00,5.0000,true,1,11692
7290016006346,false,שישיית שרינק 500 מל שוופס סודה,יפאורה תבורי בעמ,IL,שוופס סודה שישייה 0.,ליטרים,3.00,ליטר,false,,15.90,5.3000,true,1,11694
7290016087215,false,עגבניות מרוסקות מרוכזות ושום 230 גרם פריניר,פריניר ( הדס 1987) ב,IL,עגבניות מרוסקות מרוכ,גרמים,230.00,100 גרם,false,,5.90,2.5652,true,1,41338
7290016096217,false,רביעיית נתחי טונה קט,,,רביעיית נתחי טונה קט,גרמים,560.00,100 גרם,false,,22.90,4.0893,true,1,26555
7290016096491,false,נתחי טונה בהירה בשמן צמחי שלישיה *80ג' פילטונה,,IL,נתחי טונה בשמן צמחי,גרמים,240.00,100 גרם,false,,12.90,5.3750,true,1,26559
7290016096675,false,טונה בשמן זית פילטונ,,,טונה בשמן זית פילטונ,גרמים,240.00,100 גרם,false,,17.90,7.4583,true,1,26564
7290016096811,false,מארז ממרח טונה 4 * 160 ג' פילטונה,,,ממרח טונה פילטונה רב,גרמים,160.00,100 גרם,false,,20.90,13.0625,true,1,103673
7290016104868,false,סירופ מייפל פוליבה 700 גר',,,סירופ בטעם מייפל 700,גרמים,700.00,100 גרם,false,,12.90,1.8429,true,1,13276
7290016104875,false,סירופ שוקולד פוליבה 700ג',,,סירופ בטעם שוקולד 70,גרמים,700.00,100 גרם,false,,12.90,1.8429,true,1,13277
7290016150117,false,סלק מקולף בוואקום 50,חקלאי,IL,מעדן סלק בוואקום 500,גרמים,500.00,100 גרם,false,,5.90,1.1800,true,1,47174
7290016197488,false,מטליות מיקרופייבר למשטחים ניקול 3יח',UFO INC,CN,מטלית קסם לשיש מארז,יחידה,0.00,יחידה,false,,11.90,0.0000,true,1,9089
7290016197839,false,ניקול השקית החזקה 20 יח' XL,אשפלסט תעשיות בעמ,IL,ניקול השקית החזקה XL,יחידה,0.00,יחידה,false,,26.90,0.0000,true,1,9096
7290016217735,false,חציל על האש סלטי שמי,"סלטי שמיר 2006 בע""מ",IL,חציל על האש סלטי שמי,גרמים,200.00,100 גרם,false,,10.90,5.4500,true,1,17797
7290016217742,false,חציל על אש בטחינה 200 גר,"סלטי שמיר 2006 בע""מ",IL,חציל בטחינה סלטי שמי,גרמים,200.00,100 גרם,false,,10.90,5.4500,true,1,17798
7290016233209,false,רביעיית טונה בהירה בשמן סויה* 140 ג' מונטרי,,TH,טונה מונטריי בשמן תו,גרמים,560.00,100 גרם,false,,24.90,4.4464,true,1,83324
7290016233384,false,גפילטע פיש 7 קציצות 540 גרם תומר,,,גפילטא פיש 7 קציצות,גרמים,555.00,100 גרם,false,,17.90,3.2252,true,1,25149
7290016246025,false,"בארכה ללת""ס פנוקיות חלבה 200 גר",רושדי תעשיות מזון בע,IL,בארכה פנוקיות חלבה ל,גרמים,200.00,100 גרם,false,,14.90,7.4500,true,1,18783
7290016246209,false,חטיף חלבה וניל 100 גרם בארכה,,,בארכה חטיף חלבה וניל,גרמים,100.00,100 גרם,false,,3.90,3.9000,true,1,18785
7290016246445,false,טחינה גולמית מעודנת שמשום מלא בארכה 310ג',,,בארכה טחינה גולמית מ,גרמים,310.00,100 גרם,false,,13.90,4.4839,true,1,18789
7290016246490,false,בארכה חלבה קלאסית 400 גרם,,IL,בארכה חלבה קלאסית 40,גרמים,400.00,100 גרם,false,,10.90,2.7250,true,1,18791
7290016270907,false,ברוקולי,,,ברוקולי,יח',1.00,יח',false,,9.90,9.9000,true,1,50879
7290016273090,false,סוכריה על מקל בטעם תות בננה 31 גרם,אוריגינל גורמה,US,סוכרית לוליפופ על מק,גרמים,31.00,100 גרם,false,,5.50,17.7419,true,1,4013
7290016277678,false,שקד מולבן חצאים 200 גרם ששון - קופסא,,,שקד מולבן חצאים 20,גרמים,200.00,100 גרם,false,,19.90,9.9500,true,1,96334
7290016277685,false,שקד מולבן שבבים 200 גרם ששון - קופסא,,,שקד מולבן שבבים 200,גרמים,200.00,100 גרם,false,,19.90,9.9500,true,1,96347
7290016304404,false,לחם קוביות 100% כוסמין 600 גרם,מאפיית דוידוביץ ובני,IL,לחם מלא כוסמין 100%,גרמים,600.00,100 גרם,false,,14.90,2.4833,true,1,402910
7290016304596,false,לחמניות לסנדביץ 75 גרם,מאפית דוידוביץ ובניו,IL,10 לחמניות לסנדוויץ,גרמים,750.00,100 גרם,false,,16.90,2.2533,true,1,403338
7290016319187,false,טוסו עוגיות סנדוויץ שוקו במילוי קרם שוקולד *זוג* 300 גרם,בטר אנד דיפרנט,IL,עוגיות סנדוויץ שוקו,גרמים,300.00,100 גרם,false,,17.90,5.9667,true,1,99631
7290016321661,false,מגבונים פרש וואנס סנסיטיב קר רביעייה,עלבד משואות יצחק,IL,מגבוני פרש וואנס רבי,יחידה,0.00,יחידה,false,,21.90,0.0000,true,1,6055
7290016370300,false,זית קלמטה שלם צנצנת יבנה,,,זית קלמטה שלם בצנצנת,גרמים,560.00,100 גרם,false,,15.90,2.8393,true,1,105591
7290016372373,false,רסק עגבניות גרנד איטליה מארז 140X2ג',,IT,רסק עגבניות איטליה ב,גרמים,280.00,100 גרם,false,,8.90,3.1786,true,1,24778
7290016387483,false,שייני כריות יפניות דו צדדיות 3 יח',,,3 כריות יפניות דו צד,יחידה,0.00,יחידה,false,,6.90,0.0000,true,1,13555
7290016509786,false,פרסיל - ג'ל כביסה ירוק 2.50 ליטר,,,פרסיל ג'ל 2.5 ליטר י,ליטרים,2.50,ליטר,false,,36.90,14.7600,true,1,34863
7290016509809,false,ג'ל מרוכז לכביסה קולור 2.5 ל' פרסיל,,,פרסיל ג'ל 2.5 ליטר ק,ליטרים,2.50,ליטר,false,,36.90,14.7600,true,1,34865
7290016509823,false,ג'ל כביסה מרוכז בלו 2.5 ל' פרסיל,,,פרסיל ג'ל 2.5 ליטר ב,ליטרים,2.50,ליטר,false,,36.90,14.7600,true,1,34867
7290016513684,false,כיסונים כפרי במילוי בשר הודו 750 גרם,,,כיסונים כפריים במילו,גרמים,0.75,100 גרם,false,,29.90,3986.6667,true,1,374763
7290016682038,false,"פריניב סחוט תפוזים 400מ""ל",פריניב,IL,"מיץ תפוזים 400 מ""ל פ",מיליליטרים,400.00,"100 מ""ל",false,,9.50,2.3750,true,1,49377
7290016682328,false,מיץ תפוזים סחוט פרי ניב 2 ליטר-,,,פרי ניב מיץ תפוזים ט,ליטרים,2.00,ליטר,false,,20.60,10.3000,true,1,192854
7290016682359,false,מיץ תפוזים שמוטי פרי ניב 2 ליטר-,פריניב,IL,פרי ניב מיץ 100% טבע,ליטרים,2.00,ליטר,false,,26.60,13.3000,true,1,192869
7290016717044,false,"יין באזז מנגו 750 מ""ל",,IL,"יין באזז מנגו 750 מ""",מיליליטרים,750.00,"100 מ""ל",false,,31.90,4.2533,true,1,626
7290016717631,false,"יין לבן מוסקטו מבעבע פרייבט קולקשין 750 מ""ל",אגודת הכורמים הקואופ,IL,יין P.C מוסקטו יין,מיליליטרים,750.00,"100 מ""ל",false,,44.90,5.9867,true,1,636
7290016717754,false,"יין ישן נושן יקבי כרמל 750 מ""ל ^^^",אגודת הכורמים הקואופ,IL,"ישן נושן 750מ""ל.",מיליליטרים,750.00,"100 מ""ל",false,,20.90,2.7867,true,1,637
7290016865943,false,אטריות ביצים פטוציני אוריינט 400 גרם,,,אטריות ביצים פטוצ'ינ,גרמים,400.00,100 גרם,false,,14.90,3.7250,true,1,3684
7290016867008,false,לחם מחמצת כוסמין 750 גרם,,,לחם כוסמין מחמצת 700,גרמים,700.00,100 גרם,false,,17.90,2.5571,true,1,176616
7290016867152,false,פיתות קלות כוסמין 5 יחידות 330 גר,,,פיתות קלות כוסמין 29,גרמים,292.00,100 גרם,false,,13.90,4.7603,true,1,176649
7290016867176,false,"לחמניות קלות כוסמין שומשום 6יח' ד""ר מרק",,,לחמניות ק. כוסמין שו,גרמים,300.00,100 גרם,false,,13.90,4.6333,true,1,176650
7290016883091,false,חרדל דיז'ון שקדיה 35,,,חרדל דיז'ון שקדיה 35,גרמים,350.00,100 גרם,false,,10.00,2.8571,true,1,364179
7290016967074,false,לחם חיטה מלאה עם גרעינים ודגנים,מאפיית שלמה א. אנג'ל,IL,חיטה מלאה אנגל 750 ג,גרמים,750.00,100 גרם,false,,17.90,2.3867,true,1,35453
7290017023212,false,"שוויפס מוגז פירות תפוח מארז רביעייה* 330 מ""ל",,,רביעיית משקה שוופס ב,ליטרים,1.32,ליטר,false,,13.90,10.5303,true,1,11713
7290017031156,false,דפים על בסיס קמח תירס ואורז ללא גלוטן 250 גר',,IT,דפים לזניה קמח תירס,גרמים,250.00,100 גרם,false,,15.90,6.3600,true,1,40039
7290017062693,false,מרכך כביסה מרוכז לבן 1*5 ליטר טאצ,,,מרכך כביסה מרוכז טאצ,ליטרים,1.00,ליטר,false,,14.90,14.9000,true,1,105259
7290017062747,false,"נ.כלים 36% תפוח טאצ' +משאבה 750 מ""ל",,,נוזל כלים תפוח 36% 7,מיליליטרים,750.00,"100 מ""ל",false,,9.90,1.3200,true,1,97333
7290017062754,false,"נ.כלים 36% לימון טאצ' +משאבה 750 מ""ל",,,נוזל כלים לימון 36%,מיליליטרים,750.00,"100 מ""ל",false,,9.90,1.3200,true,1,98521
7290017065137,false,גבינת ריקוטה למריחה 5% טבעית 200ג' גד,האי נאם סי או אל.טי.,IL,גבינה ריקוטה למריחה,גרמים,200.00,100 גרם,false,,11.90,5.9500,true,1,14703
7290017065236,false,גבינה בולגרית מעודנת 24% גד 250 ג',הנסיך- מפעל לייצור ט,IL,בולגרית מעודנת 24% 2,גרמים,250.00,100 גרם,false,,25.60,10.2400,true,1,14710
7290017065434,false,גבינה גאודה פרוסה הולנדית 200 גר',מחלבות גד בעמ,NL,גד פרוסות גאודה 200,גרמים,200.00,100 גרם,false,,24.00,12.0000,true,1,14719
7290017065441,false,גבינה גאודה עיזים פרוסה הולנדית 200 גר',מחלבות גד,NL,גד פרוסות גאודה עיזי,גרמים,200.00,100 גרם,false,,39.30,19.6500,true,1,14720
7290017065786,false,גבינת צ'דר אנגלית גד 210 ג',מחלבות גד,IL,גבינה אנגלית קשה צ'ד,גרמים,210.00,100 גרם,false,,25.10,11.9524,true,1,231730
7290017068978,false,שיבולת שועל מלאה להכנה מהירה 500 גר',,,שיבולת שועל מלאה להכ,קילוגרמים,1.00,"ק""ג",false,,11.90,11.9000,true,1,348598
7290017068985,false,שיבולת שועל מלאה עבה 500 גר',,,שיבולת שועל מלאה עבה,קילוגרמים,1.00,"ק""ג",false,,11.90,11.9000,true,1,348585
7290017088068,false,בייביסיטר - חיתולי סטנדרט מידה 4 - 42 יח',,,חיתולי ביייביסיטר סט,יח',42.00,יח',false,,37.90,0.9024,true,1,358156
7290017088082,false,בייביסיטר - חיתולי סטנדרט מידה 5 - 36 יח',,,חיתולי ביייביסיטר סט,יח',36.00,יח',false,,37.90,1.0528,true,1,358158
7290017088099,false,בייביסיטר - חיתולי סטנדרט מידה 6 - 30 יח',,,חיתולי ביייביסיטר סט,יח',34.00,יח',false,,37.90,1.1147,true,1,358159
7290017088105,false,חיתולי בייביסיטר נוח,די.פי.אל תעשיות מוצר,IL,ביייביסיטר נוחות מיד,יח',40.00,יח',false,,34.90,0.8725,true,1,29515
7290017088136,false,חיתולי בייביסיטר נוחות מידה 5 32 יח',די פי אל,,ביייביסיטר נוחות מיד,יח',40.00,יח',false,,34.90,0.8725,true,1,29518
7290017088914,false,מגבונים בייביסיטר מבושם 66X6 יח',,,מגבונים מבושם בייביס,יחידה,0.00,יחידה,false,,18.90,0.0000,true,1,91483
7290017094199,false,סלט קוביות חציל ברוטב 200 גר',,,מעדן חצילים 200 גרם,גרמים,200.00,100 גרם,false,,10.90,5.4500,true,1,125746
7290017105062,false,גרגירי חומוס שלם יכין הקטניה הטובה 200 ג,היינץ צפון אמריקה מק,IL,חומוס 6OZ יכין 200 ג,גרמים,200.00,100 גרם,false,,4.90,2.4500,true,1,8748
7290017105079,false,שעועית ברוטב עגבניות 200 גרם יכין,היינץ צפון אמריקה מק,IL,שעועית אפויה 6OZ יכי,גרמים,200.00,100 גרם,false,,4.90,2.4500,true,1,8749
7290017105086,false,שימורי יכין שעועית צילי 200 גר,"זנלכל בע""מ",IL,שעועית צ'ילי 6OZ יכי,גרמים,200.00,100 גרם,false,,4.90,2.4500,true,1,8750
7290017105116,false,שימורי יכין תורמוס 200 גר,"זנלכל בע""מ",IL,תורמוס 6OZ יכין 200,גרמים,200.00,100 גרם,false,,4.90,2.4500,true,1,8753
7290017105123,false,שימורי פול יכין הקטניה הטובה 200 גר,היינץ צפון אמריקה מק,IL,פול מצרי 6OZ יכין 20,גרמים,200.00,100 גרם,false,,4.90,2.4500,true,1,8754
7290017105550,false,רביעיית רסק עגבניות 100% יכין 4X100 גרם,היינץ צפון אמריקה מק,IL,מאגדת רסק עגבניות יכ,גרמים,400.00,100 גרם,false,,11.90,2.9750,true,1,8758
7290017105895,false,גרגירי חומוס מסעדות יכין 550 גרם,זנלכל,IL,גרגרי חומוס מסעדות י,גרמים,550.00,100 גרם,false,,10.90,1.9818,true,1,77934
7290017129884,false,חמישיות שוקולד מריר 44% 85 גר*5*12 בקרטון,,,חמישיית שוקולד מריר,גרמים,425.00,100 גרם,false,,16.90,3.9765,true,1,121173
7290017140254,false,קמח כוסמת ירוקה 500 גרם,,IL,קמח כוסמת ירוקה שי ש,גרמים,500.00,100 גרם,false,,16.70,3.3400,true,1,232531
7290017142159,false,מארז נתחי טונה בהירה בשמן זית 3*80 ג' עץ הזית,הנסיך- מפעל לייצור ט,TH,נתחי טונה בהירה בשמן,גרמים,240.00,100 גרם,false,,24.90,10.3750,true,1,29328
7290017142203,false,פילה טונה בשמן זית בטעם מעושן עץ המוצר 120 ג',,,פילה טונה פרוס עם בש,גרמים,120.00,100 גרם,false,,16.90,14.0833,true,1,29331
7290017142371,false,"שמן שומשום עץ הזית 250 מ""ל",,SI,שמן שומשום לא מזוכך,מיליליטרים,250.00,"100 מ""ל",false,,33.90,13.5600,true,1,29343
7290017239200,false,סלמון נורווגי מעושן,,,סלמון נורווגי מעושן,גרמים,100.00,100 גרם,false,,17.90,17.9000,true,1,130954
7290017275413,false,מיני קצפיות בטעם וניל אחוה 140 גרם,,,מיני קצפיות בטעם וני,גרמים,140.00,100 גרם,false,,9.90,7.0714,true,1,268985
7290017374390,false,סט שרותים מיוחד PINA,,,סט לשרותים TORINO (,יחידה,0.00,יחידה,false,,24.90,0.0000,true,1,13565
7290017457734,false,"סוד - מרכך כביסה מרוכז ווילד רוז 900 מ""ל",הנקל סוד,IL,מרכך כביסה מרוכז סוד,מיליליטרים,900.00,"100 מ""ל",false,,13.90,1.5444,true,1,34888
7290017477169,false,קשיו קלוי 250 גרם ששון הקולה,,,קשיו קלוי ששון הקולה,גרמים,250.00,100 גרם,false,,20.00,8.0000,true,1,4905
7290017513485,false,מחית עגבניות רוסטיקה בלה איטליה 680 ג',היצרן: ס.פ. פודנצנו,IT,מחית עגבניות רוסטיקה,גרמים,680.00,100 גרם,false,,13.90,2.0441,true,1,24809
7290017513829,false,תה ירוק לימונית ג'ינג'ר 25 שקיקים בתוספת ויטמין Cּּ+D,ויסוצקי,IL,תה ירוק לימונית ג'ינ,גרמים,37.50,100 גרם,false,,23.90,63.7333,true,1,95072
7290017513867,false,תה ירוק לימונית לואיזה 25 שקיקים בתוספת ויטמין Cּּ+D,ויסוצקי,IL,תה ירוק לימונית לואי,גרמים,37.50,100 גרם,false,,23.90,63.7333,true,1,95086
7290017589565,false,"יין קלאסיק גוורצטרמינר 750 מ""ל ברקן",יקבי ברקן שיווק והפצ,IL,"קלאסיק גוורץ 750 מ""ל",מיליליטרים,750.00,"100 מ""ל",false,,35.50,4.7333,true,1,9550
7290017589633,false,"רזרב גולד אדישיין קברנה סוביניון 750 מ""ל",,IL,יין רזרב קברנה גולד,מיליליטרים,750.00,"100 מ""ל",false,,49.90,6.6533,true,1,9551
7290017599250,false,סוכרזית קלאסי 120 שקיות,ביסקול בע''מ,IL,סוכרזית קלאסי ממתיק,גרמים,120.00,100 גרם,false,,16.90,14.0833,true,1,381665
7290017599274,false,סוכרזית סטיוויה 120 שקיות,ביסקול בע''מ,IL,סוכרזית סטיוויה ממת,גרמים,120.00,100 גרם,false,,24.90,20.7500,true,1,382776
7290017617046,false,נתחי טונה בשמן זית כתית מעולה רביעיה * 140 ג',,,טונה בשמן זית סטארקי,גרמים,560.00,100 גרם,false,,29.90,5.3393,true,1,26673
7290017641379,false,חמישיות שוקולד חלב בדצ 85 ג*5 בלמינט*12 בקרט בדצ,,,חמישיית שוקולד חלב,גרמים,425.00,100 גרם,false,,16.90,3.9765,true,1,121174
7290017677804,false,"רוטב סויה קיקומן 444 מ""ל",קיקומן,US,קיקומן רוטב סויה ללא,מיליליטרים,444.00,"100 מ""ל",false,,21.90,4.9324,true,1,5354
7290017682556,false,"שיפוד עובי 30 ס""מ 80 יחי",,,שיפוד עובי 4 אורך 30,יחידה,0.00,יחידה,false,,3.90,0.0000,true,1,86615
7290017682617,false,מגב קלינג CLING עם ת,,,מגב קלינג CLING עם ת,יחידה,0.00,יחידה,false,,15.90,0.0000,true,1,13566
7290017715346,false,זית שחור טאסוס 400 גרם,,TR,זית שחור טאסוס תומר,גרמים,400.00,100 גרם,false,,16.90,4.2250,true,1,25183
7290017715605,false,טונה מונטריי בשמן קנ,,,טונה מונטריי בשמן קנ,גרמים,560.00,100 גרם,false,,24.90,4.4464,true,1,83337
7290017724300,false,עוגיות גרנולה אקלר 2,אקלר,IL,עוגיות גרנולה אקלר 2,גרמים,200.00,100 גרם,false,,24.90,12.4500,true,1,247884
7290017746272,false,4 יח' פיתה בצל מנקיש,,,4 יח' פיתה בצל מנקיש,גרמים,480.00,100 גרם,false,,19.90,4.1458,true,1,407830
7290017746289,false,4 יח' פיתה זעתר מנקי,,,4 יח' פיתה זעתר מנקי,גרמים,480.00,100 גרם,false,,19.90,4.1458,true,1,407061
7290017812069,false,"יין אקסלנס ריזילינג-שרדונה 750 מ""ל","כד בני דרום בע""מ",IL,אקסלנס ריזלינג שרדונ,מיליליטרים,750.00,"100 מ""ל",false,,28.90,3.8533,true,1,641
7290017812380,false,תירוש מיץ ענבים אדום,,,תירוש מיץ ענבים אדום,מיליליטרים,750.00,"100 מ""ל",false,,13.90,1.8533,true,1,648
7290017812571,false,יין תירוש אדום 100%ה טבעי 1 ליטר,"כד בני דרום בע""מ",IL,תירוש מיץ ענבים אדום,ליטרים,1.00,ליטר,false,,22.90,22.9000,true,1,54216
7290017812588,false,יין תירוש לבן 100%ה טבעי 1 ליטר,"כד בני דרום בע""מ",IL,תירוש מיץ ענבים לבן,ליטרים,1.00,ליטר,false,,22.90,22.9000,true,1,54384
7290017812618,false,תירוש מיץ ענבים רוזה 1 ליטר,,IL,מיץ ענבים רוזה תירוש,ליטרים,1.00,ליטר,false,,22.90,22.9000,true,1,66026
7290017812885,false,יין קברנה סוביניון בלאן גוורצטרמינר,אגודת הכורמים א.ת אל,IL,יין פרייבט קולקשן גו,מיליליטרים,750.00,"100 מ""ל",false,,44.90,5.9867,true,1,140591
7290017888248,false,תרומה מי עדן 1 ל' פ,,,תרומה מי עדן 1 ל' פ,ליטרים,1.00,ליטר,false,,5.00,5.0000,true,1,115668
7290017888644,false,"משקה אננס בננה כורכום פרות & ווג 350 מ""ל","יפאורה תבורי בע""מ",IL,פרוט & וג' אננס בננה,גרמים,330.00,100 גרם,false,,7.90,2.3939,true,1,59283
7290017894065,false,דגש תערובת קמח רב תכליתי 500 גרם,"אף, סי תבליני הגליל",IL,דגש - תערובת רב תכלי,גרמים,500.00,100 גרם,false,,17.90,3.5800,true,1,100329
7290017928098,false,שטוחלה מלח מאיר בייגל 330 ג',מאיר בייגל,IL,בייגלה שטוח מלח מאיר,גרמים,330.00,100 גרם,false,,11.90,3.6061,true,1,178963
7290017928463,false,מאיר בייגל -סמאש-שבורים בטעם דבש חרדל ובצל 300 גרם,,BG,שברי בייגלה דבש חרדל,גרמים,300.00,100 גרם,false,,14.90,4.9667,true,1,114039
7290017928524,false,בייגלה שטוח ניגובים מלח 330 ג' מאיר בייגל,מאיר בייגל,IL,בייגלה שטוח ניגובים,גרמים,300.00,100 גרם,false,,11.90,3.9667,true,1,183319
7290017928685,false,בייגלה שמיניות עם מלח 400גרם -חדש,מאיר בייגל,IL,בייגלה שמיניות עם מל,גרמים,400.00,100 גרם,false,,11.90,2.9750,true,1,178914
7290017928722,false,בייגלה שטוח ניגובים שומשום 300 ג' מאיר בייגל,מאיר בייגל,IL,בייגלה שטוח ניגובים,גרמים,300.00,100 גרם,false,,11.90,3.9667,true,1,183306
7290017941219,false,כפות 40 יח' עבה במיו,,,כפות 40 יח' עבה במיו,יחידה,0.00,יחידה,false,,8.90,0.0000,true,1,119212
7290017941226,false,מזלגות 40 יח' עבה במ,,,מזלגות 40 יח' עבה במ,יחידה,0.00,יחידה,false,,8.90,0.0000,true,1,119229
7290017941288,false,נר נשמה 24 שעות,,,נר נשמה 24 שעות,יחידה,0.00,יחידה,false,,2.50,0.0000,true,1,153997
7290017941301,false,נר נשמה 48 שעות בזכו,,,נר נשמה 48 שעות בזכו,יחידה,0.00,יחידה,false,,5.90,0.0000,true,1,154010
7290017941370,false,להבונים 50 יח' 3 שעו,,,להבונים 50 יח' 3 שעו,יחידה,0.00,יחידה,false,,10.90,0.0000,true,1,154013
7290017941394,false,נייר סנדוויץ 100 יח',,,נייר סנדוויץ 100 יח',יחידה,0.00,יחידה,false,,10.90,0.0000,true,1,129679
7290017941455,false,כוסות 9oz לשתיה חמה,,,כוסות 9oz לשתיה חמה,יחידה,0.00,יחידה,false,,14.90,0.0000,true,1,132845
7290017941462,false,כוסות שתיה חמה 8B י,,,כוסות שתיה חמה 8B י,יחידה,0.00,יחידה,false,,10.90,0.0000,true,1,125780
7290017941493,false,שקיות פס סגור 25 יח',,,שקיות פס סגור 25 יח',יחידה,0.00,יחידה,false,,8.90,0.0000,true,1,140373
7290017941516,false,שקיות זיפר S לאחסון-,,,שקיות זיפר S לאחסון-,יחידה,0.00,יחידה,false,,7.90,0.0000,true,1,140375
7290017941585,false,לפתניות 4.5 לבן 50 י,,,לפתניות 4.5 לבן 50 י,יחידה,0.00,יחידה,false,,9.90,0.0000,true,1,118761
7290017941608,false,קערות אובליות לבן 50,,,קערות אובליות לבן 50,יחידה,0.00,יחידה,false,,11.90,0.0000,true,1,118763
7290017941707,false,זוג מפות אירוח 120*1,,,זוג מפות אירוח 120*1,יחידה,0.00,יחידה,false,,8.90,0.0000,true,1,154040
7290017941820,false,כוסות שתיה קרה כחול,,,כוסות שתיה קרה כחול,יחידה,0.00,יחידה,false,,14.90,0.0000,true,1,112296
7290017941905,false,קיסמים במלחיה 300 יח,,,קיסמים במלחיה 300 יח,יחידה,0.00,יחידה,false,,3.90,0.0000,true,1,121187
7290017941967,false,שקיות אוכל XL 300 י,,,שקיות אוכל XL 300 י,יחידה,0.00,יחידה,false,,9.90,0.0000,true,1,146542
7290017947891,false,לחם כוסמין וחיטה מלאה 750 ג' אנג'ל,מאפיית שלמה א. אנג'ל,IL,לחם כוסמין וחיטה מלא,גרמים,750.00,100 גרם,false,,17.90,2.3867,true,1,35461
7290017947938,false,מיני לחמניות המבורגר בסגנון אמריקה 400 ג' אנג'ל,מאפיית שלמה א. אנג'ל,IL,8 לחמניות המבורגר בס,גרמים,4000.00,100 גרם,false,,15.90,0.3975,true,1,103435
7290018045503,false,דגני בוקר הלו קיטי לבבות 311 גר MONDAY,,DE,דגני חיטה ואורז בטעם,גרמים,311.00,100 גרם,false,,25.90,8.3280,true,1,405992
7290018045893,false,בון בון דגנים במילוי קרם נוגט 480 גרם,,DE,דגנים במילוי קרם נוג,גרמים,480.00,100 גרם,false,,23.90,4.9792,true,1,229757
7290018091616,false,מקלות פילו גבינה מעדנות 450 ג',מיוצר עי קונדיטוריית,IL,מקלות פילו גבינה 450,גרמים,450.00,100 גרם,false,,18.90,4.2000,true,1,76819
7290018098585,false,קציצות 300 גר BEEF FREE,,IL,קציצות 300 גרם BEEF,גרמים,300.00,100 גרם,false,,22.90,7.6333,true,1,348636
7290018131251,false,אקסטרים מטבע שוקולד לבן וליבת קרם עוגיות 115ג',גלידות נסטלה (נגה גל,IL,אקסטרים מטבע שוקולד,יחידה,0.00,יחידה,false,,9.90,0.0000,true,1,62509
7290018131954,false,מאגדת לה פרוטה תות שוקולד 70X5 גרם,נסטלה,IL,לה פרוטה מאגדת בטעם,גרמים,350.00,100 גרם,false,,31.90,9.1143,true,1,117653
7290018165447,false,"יין רזרב GOLD EDITION מרלו 750 מ""ל",יקבי ברקן שיווק והפצ,IL,יין רזרב גולד מרלו 7,מיליליטרים,750.00,"100 מ""ל",false,,49.90,6.6533,true,1,107011
7290018192023,true,סלרי מקלות ליח,,,סלרי מקלות ליח,יח',1.00,יח',false,,6.90,6.9000,true,1,41512
7290018194065,false,אורז בסמטי 1 קילו PRIMO,,,אורז בסמטי 1 קילו PR,קילוגרמים,1.00,"ק""ג",false,,9.90,9.9000,true,1,378799
7290018225219,false,קומקום זכוכית נשלף פ,,,קומקום זכוכית נשלף פ,יחידה,0.00,יחידה,false,,75.90,0.0000,true,1,80361
7290018225493,false,תנור חימום 2 גופים פ,,,תנור חימום 2 גופים פ,יחידה,0.00,יחידה,false,,69.90,0.0000,true,1,188791
7290018236086,false,ע.ט. נקניקיות עוף 12,,,ע.ט. נקניקיות עוף 12,קילוגרמים,1.00,"ק""ג",false,,28.90,28.9000,true,1,145337
7290018237281,false,נקניק סלמי ירדן 550 ג' עוף טוב,,,נקניק סלמי ירדן עוף,גרמים,550.00,100 גרם,false,,22.90,4.1636,true,1,175728
7290018237373,false,עוף טוב פסטרמה צרובה על הגריל נתח שלם 8*300 גרם,עוף טוב,IL,פסטרמה צרובה על הגרי,גרמים,300.00,100 גרם,false,,28.90,9.6333,true,1,153139
7290018237496,false,פסטרמה בדבש דקדק 220 גר,עוף טוב,IL,עוף טוב דק דק פסטרמה,גרמים,220.00,100 גרם,false,,22.90,10.4091,true,1,212017
7290018237502,false,עוף טוב דק דק כתף בק,עוף טוב,IL,עוף טוב דק דק כתף בק,גרמים,200.00,100 גרם,false,,21.90,10.9500,true,1,212030
7290018249055,false,ממתיק סוויטאנגו 100 שקיות 300 גר,,,כמו סוכר באריזה אישי,גרמים,300.00,100 גרם,false,,34.90,11.6333,true,1,74965
7290018249154,false,ממרח קקאו סוויטאנגו 350 גר,,,ממרח שוקולד עם אגוזי,גרמים,350.00,100 גרם,false,,32.90,9.4000,true,1,406045
7290018359129,false,יכין פולפה עגבניות חתוכות מקולפות דק 690 ג',,,פאסאטה מחית עגבניות,גרמים,690.00,100 גרם,false,,9.90,1.4348,true,1,117553
7290018359334,false,רכז עגבניות טבעי פריכוז שף יכין 580 גרם,,IL,רכז עגבניות טבעי פרי,גרמים,580.00,100 גרם,false,,10.90,1.8793,true,1,93604
7290018359686,false,חומוס ענק יכין 550 גרם,היינץ צפון אמריקה מק,IL,חומוס ענק יכין 550 ג,גרמים,550.00,100 גרם,false,,9.90,1.8000,true,1,168534
7290018359884,false,פולפה ליקופן טבעית יכין 400 גר*2,,,פולפה ליקופן טבעית י,גרמים,800.00,100 גרם,false,,17.90,2.2375,true,1,235983
7290018359938,false,"רוטב עגבניות לשקשוקה יכין, 400 גרם",יכין,IL,רוטב עגבניות לשקשוקה,גרמים,400.00,100 גרם,false,,13.90,3.4750,true,1,356148
7290018440223,false,צ'אי מסאלה 25 שק' ויסוצקי,ויסוצקי,IL,חווית הצ'אי- מסאלה ע,גרמים,50.00,100 גרם,false,,23.90,47.8000,true,1,189053
7290018440230,false,צ'אי ורדים 25 שק' ויסוצקי,ויסוצקי,IL,חווית הצ'אי- ורדים 2,גרמים,50.00,100 גרם,false,,23.90,47.8000,true,1,189054
7290018440247,false,צ'אי שקדים 25 שק' ויסוצקי,ויסוצקי,IL,חווית הצ'אי- שקדים 2,גרמים,50.00,100 גרם,false,,23.90,47.8000,true,1,189055
7290018440254,false,צ'אי קרמל מלוח 25 שק' ויסוצקי,ויסוצקי,IL,חווית הצ'אי- קרמל מל,גרמים,50.00,100 גרם,false,,23.90,47.8000,true,1,189056
7290018440438,false,טונה קאלוו איזי פליפ בשמן 65 גר*3,קאלוו,ES,טונה easy flip בשמן,גרמים,195.00,100 גרם,false,,26.90,13.7949,true,1,368609
7290018440520,false,סלט טונה קאלוו מקסיקני 150 גר,קאלוו,,סלט טונה עם ירקות בס,גרמים,150.00,100 גרם,false,,15.90,10.6000,true,1,368571
7290018468326,false,נקניקיה טבעונית בסגנון אמריקאי טירת צבי 400 גרם,טירת צבי,IL,נקניקיות צמחוניות בס,גרמים,400.00,100 גרם,false,,39.90,9.9750,true,1,313461
7290018468401,false,פסטרמה צמחונית בטעם גריל 100 גר טירת צבי,טיב טירת צבי 2000,IL,פסטרמה צמחונית בטעם,גרמים,120.00,100 גרם,false,,15.90,13.2500,true,1,394722
7290018468418,false,פסטרמה צמחונית בטעם מפולפל 100 ג טירת צב,טיב טירת צבי 2000,IL,פסטרמה צמחונית מפולפ,גרמים,120.00,100 גרם,false,,15.90,13.2500,true,1,394723
7290018471210,false,קרטונית נקטר ספרינג תפוח סברס 1 ליטר,,,קרטונית אגס תפוח וסב,ליטרים,1.00,ליטר,false,,6.90,6.9000,true,1,123930
7290018471470,false,תפוזינה נקטר תפוז פסיפלורה קרטונית 1 ליטר,"יפאורה תבורי בע""מ",IL,נקטר תפוזינה ENJOY ב,ליטרים,1.00,ליטר,false,,6.90,6.9000,true,1,136633
7290018471494,false,נקטר תפוז גזר קרטונית תפוזינה 1 ל',"יפאורה תבורי בע""מ",IL,נקטר תפוזינה ENJOY ב,ליטרים,1.00,ליטר,false,,6.90,6.9000,true,1,136635
7290018471906,false,שוופס מוגז פירות לימונדה ורודה 1.5 ליטר פיקדון,"יפאורה תבורי בע""מ",IL,שוופס מוגז לימונדה ו,ליטרים,1.50,ליטר,false,,9.50,6.3333,true,1,194235
7290018471920,false,שוופס מוגז פירות ענבים 1.5 ליטר פיקדון,"יפאורה תבורי בע""מ",IL,שוופס ענבים מוגז 1.5,ליטרים,1.50,ליטר,false,,9.50,6.3333,true,1,194237
7290018471937,false,שוופס מוגז פירות תות ליים 1.5 ליטר פיקדון,"יפאורה תבורי בע""מ",IL,שוופס מוגז פירות תות,ליטרים,1.50,ליטר,false,,9.50,6.3333,true,1,194238
7290018493144,false,"ד""ר פישר אל סבון נוזלי לידיים קמיל ש ארגן 1 ל'",,,אל סבון ארגאן סגול,ליטרים,1.00,ליטר,false,,16.90,16.9000,true,1,113096
7290018500361,false,לחם אנג'ל אחיד פרוס 900 גר',מאפיית שלמה א. אנג'ל,IL,לחם אחיד פרוס מאפיית,גרמים,900.00,100 גרם,false,,8.32,0.9244,true,1,361033
7290018500385,true,חלה רגילה אנגל 650 ג,,,חלה רגילה אנגל 650 ג,גרמים,650.00,100 גרם,false,,6.50,1.0000,true,1,383129
7290018540329,false,שקית פיתה פיתה בלדי 800 ג' אנג'ל,מאפיית שלמה א. אנג'ל,IL,פיתה פיתה אנגל 880 ג,יח',10.00,יח',false,,13.90,1.3900,true,1,116089
7290018571521,false,סוכריות מולטי ויטמין לילדים 175 גרם מיה פלוס,,IL,סוכריות מולטי ויטמין,גרמים,175.00,100 גרם,false,,39.90,22.8000,true,1,392111
7290018571699,false,קמח שקדים 250 גרם מיה,,,קמח שקדים מיה 250 גר,גרמים,250.00,100 גרם,false,,26.90,10.7600,true,1,292545
7290018571729,false,"אורז ריזוטו עגול מיה 1 ק""ג",,IL,אורז ריזווטו עגול 1,קילוגרמים,1.00,"ק""ג",false,,9.90,9.9000,true,1,348547
7290018571736,false,אורז בסמטי הודי 1ק''ג,,IL,"אורז בסמטי 1 ק""ג",קילוגרמים,1.00,"ק""ג",false,,12.90,12.9000,true,1,348534
7290018571743,false,"אורז מלא מיה 1 ק""ג",,IL,"אורז מלא 1 ק""ג",קילוגרמים,1.00,"ק""ג",false,,9.90,9.9000,true,1,348548
7290018626078,false,"צלחות קטנות ""7 שקוף",,,"צלחות קטנות ""7 שקוף",יחידה,0.00,יחידה,false,,11.90,0.0000,true,1,118731
7290018626153,false,תבנית R-88 אינגליש 1,,,תבנית R-88 אינגליש 1,יחידה,0.00,יחידה,false,,9.90,0.0000,true,1,123163
7290018626511,false,שקיות L שרוך 50 יח',,,שקיות L שרוך 50 יח',יחידה,0.00,יחידה,false,,16.90,0.0000,true,1,124645
7290018626535,false,שקיות נייר לכריכים 5,,,שקיות נייר לכריכים 5,יחידה,0.00,יחידה,false,,8.90,0.0000,true,1,129684
7290018626665,false,נייר אפיה לתבנית אינ,,,נייר אפיה לתבנית אינ,יחידה,0.00,יחידה,false,,8.90,0.0000,true,1,180261
7290018626856,false,כוסות ליקר 50 יח' WI,,,כוסות ליקר 50 יח' WI,יחידה,0.00,יחידה,false,,9.90,0.0000,true,1,180171
7290018626979,false,מפיות תלת שכבתיות 20,,,מפיות תלת שכבתיות 20,יחידה,0.00,יחידה,false,,5.90,0.0000,true,1,174893
7290018652039,false,לה קרמריה קרמל מלוח ונוגט בדצ 1.4 ליטר,נגה גלידות,IL,לה קרמריה קרמל מלוח,ליטרים,1.40,ליטר,false,,25.90,18.5000,true,1,136897
7290018652671,false,"לה קרמריה שוקולד וניל 1.4 ליטר [תו אי""ל]",נסטלה,IL,גלידת שוקו וניל מופח,גרמים,0.00,100 גרם,false,,25.90,0.0000,true,1,257308
7290018652909,false,מאגדת מאגנום קפה שוקולד ופקאן 5 *43 ג' נסטלה,נסטלה,IL,מאגדת שלגונים אספרסו,גרמים,225.00,100 גרם,false,,30.90,13.7333,true,1,318417
7290018657010,false,טוסטר לחיצה 4 פרוסות,,,טוסטר לחיצה 4 פרוסות,יחידה,0.00,יחידה,false,,139.90,0.0000,true,1,122436
7290018835005,false,אקסטרה צ'יפס אורז חום פלפל 60 גרם,,,אקסטרא צ'יפס אורז חו,גרמים,60.00,100 גרם,false,,8.90,14.8333,true,1,326084
7290018835029,false,מרק בטעם עוף פרווה ת,,,מרק בטעם עוף פרווה ת,גרמים,400.00,100 גרם,false,,15.90,3.9750,true,1,373063
7290018860984,false,אטריות ביצים דקות 400 גרם,,CN,אטריות ביצים דקות מז,גרמים,400.00,100 גרם,false,,9.90,2.4750,true,1,382386
7290018860991,false,אטריות ביצים רחבות 400 גרם,,CN,אטריות ביצים רחבות מ,גרמים,400.00,100 גרם,false,,9.90,2.4750,true,1,382387
7290018886236,false,כפות עבות 50 יח' שק,,,כפות עבות 50 יח' שק,יחידה,0.00,יחידה,false,,10.90,0.0000,true,1,158990
7290018886823,false,קערת סלט בועות טורקי,,,קערת סלט בועות טורקי,יחידה,0.00,יחידה,false,,8.90,0.0000,true,1,180187
7290018893098,false,צ'וקטה ביסקוויט מצופה שוקולד חלב 100 גרם,,,צ'וקטה עוגיות מצופות,גרמים,100.00,100 גרם,false,,7.90,7.9000,true,1,309297
7290018893135,false,צ'וקטה גריסיני מלח 120 גרם,,US,צ'וקטה גריסיני מלח 1,גרמים,120.00,100 גרם,false,,8.90,7.4167,true,1,366472
7290018893340,false,צ'וקטה גריסיני שומשום 120 גרם,,US,צ'וקטה גריסיני שומשו,גרמים,120.00,100 גרם,false,,8.90,7.4167,true,1,366474
7290018893456,false,צוקטה עוגות אישיות במילוי קרם 10*30 גר,פרדי קונדטוריה אס.פי,IT,צ'וקטה עוגות אישיות,יחידה,300.00,יחידה,false,,14.90,0.0497,true,1,163068
7290018893609,false,צ'וקטה שוקולד מריר 85% פרימיום,,,שוקולד מריר 85% צ`וק,גרמים,100.00,100 גרם,false,,8.90,8.9000,true,1,180898
7290018894019,false,בלקוני עוגות אישיות מיקמקס חלב 350 גרם,בלקוני,IT,עוגות אישיות מיקס מק,גרמים,350.00,100 גרם,false,,15.90,4.5429,true,1,316674
7290018894200,false,בלקוני וופל קוביות וניל 250 גרם,בלקוני,IT,בלקוני קוביות וופל ו,גרמים,250.00,100 גרם,false,,12.90,5.1600,true,1,342158
7290018894408,false,וופל קוביות אגוזי לוז 250 ג' בלקוני,בלקוני,IT,בלקוני קוביות וופל א,גרמים,250.00,100 גרם,false,,12.90,5.1600,true,1,342159
7290018894606,false,בלקוני וופל קקאו 175 גרם,בלקוני,IT,וופל במילוי קרם קקאו,גרמים,175.00,100 גרם,false,,8.90,5.0857,true,1,316702
7290018894804,false,וופל אגוזי לוז 175 ג' בלקוני,בלקוני,IT,וופל במילוי קרם אגוז,גרמים,175.00,100 גרם,false,,8.90,5.0857,true,1,316703
7290018921654,false,"ד""ר פישר - אפקטיב קר תחליב רחצה תמצית לוונדר 700 מ""ל",,,תחליב רחצה לגוף מועש,מיליליטרים,700.00,"100 מ""ל",false,,17.90,2.5571,true,1,217369
7290018925065,false,מיץ פרימור תפוזים סחוט 2 ליטר-,גניר,IL,פרימור מיץ תפוזים סח,ליטרים,2.00,ליטר,false,,27.90,13.9500,true,1,205833
7290018929032,false,150 שקיות סנדוויץ' H,,,150 שקיות סנדוויץ' H,100 יח',450.00,100 יח',false,,10.90,2.4222,true,1,376354
7290018929209,false,ניילון לכיסוי מזון 30 יח' SHINY,,,Fresh Cover ניילון ל,יחידה,0.00,יחידה,false,,8.90,0.0000,true,1,376427
7290018989005,false,שלישיית פולפה עגבניות טבעי יכין 400X3 גרם,זנלכל,IL,פולפה טבעית יכין 3*,קילוגרמים,1.20,"ק""ג",false,,17.90,14.9167,true,1,235997
7290019014089,false,טאצ' נוזל רצפות 2 ליטר דיונה פראית,,,נוזל רצפות דיונה פרא,ליטרים,2.00,ליטר,false,,19.90,9.9500,true,1,230977
7290019014386,false,קצף לניקוי והברקת רה,,,קצף לניקוי והברקת רה,מיליליטרים,500.00,"100 מ""ל",false,,31.90,6.3800,true,1,256286
7290019031000,false,WIZ מארז חמישיית ניי,,,WIZ מארז חמישיית ניי,יחידה,0.00,יחידה,false,,11.90,0.0000,true,1,227558
7290019031048,false,להבונים ריחניים וניל,,,להבונים ריחניים וניל,יחידה,0.00,יחידה,false,,12.90,0.0000,true,1,287818
7290019031062,false,תבנית R-2 מלבנית 7 י,,,תבנית R-2 מלבנית 7 י,יחידה,0.00,יחידה,false,,9.90,0.0000,true,1,268169
7290019031079,false,תבנית R-29 מרובעת קט,,,תבנית R-29 מרובעת קט,יחידה,0.00,יחידה,false,,9.90,0.0000,true,1,268170
7290019031086,false,תבנית R-31 גדולה 7 י,,,תבנית R-31 גדולה 7 י,יחידה,0.00,יחידה,false,,9.90,0.0000,true,1,268171
7290019031109,false,תבנית R-88 אינגליש 1,,,תבנית R-88 אינגליש 1,יחידה,0.00,יחידה,false,,9.90,0.0000,true,1,268173
7290019031116,false,תבנית R-99 ענקית 3 י,,,תבנית R-99 ענקית 3 י,יחידה,0.00,יחידה,false,,9.90,0.0000,true,1,268174
7290019031130,false,WIZ תבניות מאפינס אל,,,WIZ תבניות מאפינס אל,יחידה,0.00,יחידה,false,,16.90,0.0000,true,1,319224
7290019031185,false,כפפות לטקס 100 יח' M,,,כפפות לטקס 100 יח' M,יחידה,0.00,יחידה,false,,32.90,0.0000,true,1,251557
7290019031215,false,כוסות 10OZ לשתייה חמ,,,כוסות 10OZ לשתייה חמ,יחידה,0.00,יחידה,false,,10.90,0.0000,true,1,276655
7290019031222,false,כוסות 12OZ לשתייה חמ,,,כוסות 12OZ לשתייה חמ,יחידה,0.00,יחידה,false,,12.90,0.0000,true,1,276656
7290019031239,false,כוסות 16OZ לשתייה חמ,,,כוסות 16OZ לשתייה חמ,יחידה,0.00,יחידה,false,,15.90,0.0000,true,1,276657
7290019031277,false,זוג מזלגות הגשה פנינ,,,זוג מזלגות הגשה פנינ,יחידה,0.00,יחידה,false,,6.90,0.0000,true,1,221650
7290019031321,false,"מרקיות 7"" לבנות 25 י",,,"מרקיות 7"" לבנות 25 י",יחידה,0.00,יחידה,false,,10.90,0.0000,true,1,258794
7290019031345,false,צלחות גדולות 9 לבן 2,,,צלחות גדולות 9 לבן 2,יחידה,0.00,יחידה,false,,12.90,0.0000,true,1,232572
7290019031369,false,"צלחות גדולות 9"" קרם",,,"צלחות גדולות 9"" קרם",יחידה,0.00,יחידה,false,,15.90,0.0000,true,1,258797
7290019031420,false,אל סבון נוזלי שלישיי,,,אל סבון נוזלי שלישיי,מיליליטרים,500.00,"100 מ""ל",false,,11.90,2.3800,true,1,276495
7290019031611,false,מארז 4 מכלים + מכסים,,,מארז 4 מכלים + מכסים,ליטרים,1.00,ליטר,false,,10.90,10.9000,true,1,269805
7290019031659,false,WIZ צלחות גדולות  שק,,,WIZ צלחות גדולות  שק,יחידה,0.00,יחידה,false,,15.90,0.0000,true,1,374870
7290019031666,false,WIZ צלחות קטנות שקופ,,,WIZ צלחות קטנות שקופ,יחידה,0.00,יחידה,false,,10.90,0.0000,true,1,374871
7290019031673,false,"WIZ מרקיות שקופות 7""",,,"WIZ מרקיות שקופות 7""",יחידה,0.00,יחידה,false,,10.90,0.0000,true,1,374884
7290019031697,false,WIZ לפתניות שקופות 2,,,WIZ לפתניות שקופות 2,יחידה,0.00,יחידה,false,,6.90,0.0000,true,1,374886
7290019056041,false,שוופס מוגז פירות לימונייד ללא סוכר 1.5 ליטר פיקדון,יפאורה תבורי,IL,שוופס מוגז פירות ללא,ליטרים,1.50,ליטר,false,,8.90,5.9333,true,1,194267
7290019056058,false,שוופס מוגז עדין תפוח ליים 1.5 ליטר פיקדון,"יפאורה תבורי בע""מ",IL,שוופס מוגז עדין תפוח,ליטרים,1.50,ליטר,false,,8.90,5.9333,true,1,193674
7290019056133,false,שוופס סודה נענע ליים 1.5 ליטר בק' בודד,"יפאורה תבורי בע""מ",IL,שוופס סודה נענע ליים,ליטרים,1.50,ליטר,false,,4.50,3.0000,true,1,194269
7290019056164,false,שוופס סודה 1.5 ליטר רביעייה פיקדון,"יפאורה תבורי בע""מ",IL,שוופס סודה 4*1.5ליטר,ליטרים,6.00,ליטר,false,,12.50,2.0833,true,1,193598
7290019056171,false,שוופס סודה לימון 1.5 ליטר רביעייה פיקדון,"יפאורה תבורי בע""מ",IL,שוופס סודה לימון 4*1,ליטרים,6.00,ליטר,false,,12.50,2.0833,true,1,193612
7290019056188,false,שוופס סודה נענע ליים 1.5 ליטר רביעייה פיקדון,"יפאורה תבורי בע""מ",IL,שוופס סודה נענע ליים,ליטרים,6.00,ליטר,false,,12.50,2.0833,true,1,193613
7290019056232,false,משקה מוגז בטעם ליים מוחיטו 1.5 ל' שוופס,"יפאורה תבורי בע""מ",IL,שוופס ליים מוחיטו 1.,ליטרים,1.50,ליטר,false,,9.50,6.3333,true,1,193705
7290019056270,false,שוופס מים בטעמים פירות יער 1.5 ליטר פיקדון,"יפאורה תבורי בע""מ",IL,שוופס וואטר פירות יע,ליטרים,1.50,ליטר,false,,8.90,5.9333,true,1,197099
7290019056300,false,משקה בטעם ביטר לימון 1.5 ל' שוויפס,"יפאורה תבורי בע""מ",IL,שוופס ביטר לימון 1.5,ליטרים,1.50,ליטר,false,,12.50,8.3333,true,1,194284
7290019056324,false,שוופס טוניק 1.5 ליטר פיקדון,"יפאורה תבורי בע""מ",IL,שוופס מי טוניק 1.5 ל,ליטרים,1.50,ליטר,false,,12.50,8.3333,true,1,194298
7290019056331,false,שוופס טוניק ללא סוכר 1.5 ליטר פיקדון,יפאורה תבורי בעמ,IL,שוופס טוניק ללא סוכר,ליטרים,1.50,ליטר,false,,11.90,7.9333,true,1,194299
7290019056379,false,תפוזינה תפוזים 1.5 ליטר פיקדון,"יפאורה תבורי בע""מ",IL,תפוזינה תפוזים 1.5 ל,ליטרים,1.50,ליטר,false,,8.90,5.9333,true,1,193316
7290019056386,false,פתוזינה אשכולית 1.5 ליטר פיקדון,"יפאורה תבורי בע""מ",IL,תפוזינה אשכוליות 1.5,ליטרים,1.50,ליטר,false,,8.90,5.9333,true,1,193317
7290019056393,false,תפוזינה תות בננה 1.5 ליטר פיקדון,"יפאורה תבורי בע""מ",IL,תפוזינה תות בננה 1.5,ליטרים,1.50,ליטר,false,,8.90,5.9333,true,1,193331
7290019056409,false,תפוזינה מנגו 1.5 ליטר פיקדון,"יפאורה תבורי בע""מ",IL,תפוזינה מנגו עסיסי 1,ליטרים,1.50,ליטר,false,,8.90,5.9333,true,1,193332
7290019056416,false,מיץ בטעם לימונדה ורודה 1.5 ל' תפוזינה,"יפאורה תבורי בע""מ",IL,תפוזינה לימונדה 1.5,ליטרים,1.50,ליטר,false,,8.90,5.9333,true,1,193346
7290019056430,false,תפוזינה תפוזים לייט 1.5 ליטר פיקדון,"יפאורה תבורי בע""מ",IL,תפוזינה תפוז 1.5 ליט,ליטרים,1.50,ליטר,false,,8.90,5.9333,true,1,193384
7290019056508,false,פרוט ווטר ענבים 1.5 ליטר פיקדון,"יפאורה תבורי בע""מ",IL,פרוט ווטר ענבים 1.5,ליטרים,1.50,ליטר,false,,9.50,6.3333,true,1,193476
7290019056522,false,פרוט ווטר תות 1.5 ליטר פיקדון,"יפאורה תבורי בע""מ",IL,פרוט ווטר תות 1.5 לי,ליטרים,1.50,ליטר,false,,9.50,6.3333,true,1,193515
7290019056546,false,פרוט ווטר אבטיח 1.5 ליטר פיקדון,"יפאורה תבורי בע""מ",IL,פרוט ווטר אבטיח 1.5,ליטרים,1.50,ליטר,false,,9.50,6.3333,true,1,193529
7290019056553,false,שישית מים מינרליים 2ל' עין גדי,עין גדי מים מינרליים,IL,עין גדי מים מינרלים,ליטרים,12.00,ליטר,false,,13.70,1.1417,true,1,194439
7290019056560,false,עין גדי 2 ליטר בק' בודד פיקדון,יפאורה,IL,עין גדי מים מינרלים,ליטרים,2.00,ליטר,false,,3.90,1.9500,true,1,194440
7290019056577,false,ספרינג מנגו 1.5 ליטר פיקדון,"יפאורה תבורי בע""מ",IL,ספרינג מנגו 1.5 ליטר,ליטרים,1.50,ליטר,false,,8.90,5.9333,true,1,193032
7290019056584,false,ספרינג תפוזים 1.5 ליטר פיקדון,"יפאורה תבורי בע""מ",IL,ספרינג תפוזים 1.5 לי,ליטרים,1.50,ליטר,false,,8.90,5.9333,true,1,193033
7290019056591,false,ספרינג ענבים 1.5 ליטר פיקדון,"יפאורה תבורי בע""מ",IL,ספרינג ענבים 1.5 ליט,ליטרים,1.50,ליטר,false,,8.90,5.9333,true,1,193046
7290019056621,false,ספרינג פירות טרופיים 1.5 ליטר פיקדון,"יפאורה תבורי בע""מ",IL,ספרינג פירות טרופיים,ליטרים,1.50,ליטר,false,,8.90,5.9333,true,1,193061
7290019056638,false,ספרינג תות בננה 1.5 ליטר פיקדון,"יפאורה תבורי בע""מ",IL,ספרינג תות בננה 1.5,ליטרים,1.50,ליטר,false,,8.90,5.9333,true,1,193079
7290019056652,false,ספרינג אננס בננה 1.5 ליטר פיקדון,"יפאורה תבורי בע""מ",IL,ספרינג אננס בננה 1.5,ליטרים,1.50,ליטר,false,,8.90,5.9333,true,1,193112
7290019056676,false,מיץ דיאט בטעם אשכוליות ואננס 1.5ל' ספרינג,"יפאורה תבורי בע""מ",IL,ספרינג דיאט אשכוליות,ליטרים,1.50,ליטר,false,,8.90,5.9333,true,1,212295
7290019056720,false,קריסטל מיץ ענבים 2 ליטר פיקדון,,IL,קריסטל מיץ ענבים 2 ל,ליטרים,2.00,ליטר,false,,7.90,3.9500,true,1,194300
7290019056737,false,קריסטל מיץ אשכוליטרות 2 ליטר,,IL,קריסטל מיץ אשכוליות,ליטרים,2.00,ליטר,false,,7.90,3.9500,true,1,194313
7290019056751,false,קריסטל מיץ אשכוליות דיאט 2 ליטר פיקדון,,,קריסטל דיאט מיץ אשכו,ליטרים,2.00,ליטר,false,,7.20,3.6000,true,1,194315
7290019056768,false,קריסטל מיץ מנגו 2 ליטר פיקדון,,IL,קריסטל מיץ מנגו 2 לי,ליטרים,2.00,ליטר,false,,7.90,3.9500,true,1,194316
7290019056812,false,קריסטל מוגז מנטה 2 ליטר פיקדון,,IL,קריסטל מנטה 2 ליטר,ליטרים,2.00,ליטר,false,,7.90,3.9500,true,1,194357
7290019056959,false,מי עדן 1.5 ליטר בק' בודד פיקדון,מופק ממקור בזלתי עדן,IL,מי עדן 1.5 ליטר,ליטרים,1.50,ליטר,false,,3.90,2.6000,true,1,212296
7290019056973,false,שישיית מי עדן 1.5 ליטר משפחתי,מופק ממקור בזלתי עדן,IL,מי עדן 6*1.5 ליטר,ליטרים,9.00,ליטר,false,,15.70,1.7444,true,1,194387
7290019153375,false,מיץ בטעם מוחיטו 1.5 ל' תפוזינה,"יפאורה תבורי בע""מ",IL,תפוזינה מוחיטו 1.5 ל,ליטרים,1.50,ליטר,false,,8.90,5.9333,true,1,331446
7290019204008,false,פסטרמה ארבעה פלפלים 8*350ג עוף טוב,,,פסטרמה ארבעה פלפלים,גרמים,350.00,100 גרם,false,,26.90,7.6857,true,1,381101
7290019204305,false,פסטרמה ברביקיו 8*350ג עף טוב,,,פסטרמה ברביקיו עוף ט,גרמים,350.00,100 גרם,false,,26.90,7.6857,true,1,381074
7290019232179,false,חליטת לילה טוב נענע 25 שקיקים ויסוצקי,ויסוצקי,IL,תה ויסוצקי ירוק נענ,גרמים,37.50,100 גרם,false,,22.90,61.0667,true,1,404959
7290019232186,false,תה ירוק לימונית לואיזהSTAY WELL 25 שקיקים ויסוצקי,ויסוצקי,IL,תה ירוק לימונית לואי,גרמים,37.50,100 גרם,false,,22.90,61.0667,true,1,404960
7290019232193,false,תה ירוק לימונית ג'ינג'ר STAY WELL שקיקים 25 ויסוצקי,ויסוצקי,IL,תה ירוק לימונית וג'י,גרמים,37.50,100 גרם,false,,22.90,61.0667,true,1,404961
7290019233008,false,רוטב עגבניות עם קוביות ארטישוק ושמן זית 420ג ויסוצקי,זיתא,IT,רוטב עגבניות עם קובי,גרמים,420.00,100 גרם,false,,14.90,3.5476,true,1,376576
7290019233015,false,רוטב שקשוקה תבשיל ירקות עם שמן זית כתית מעולה 420ג זיתא,זיתא,IT,שקשוקה ירוקה תבשיל י,גרמים,420.00,100 גרם,false,,14.90,3.5476,true,1,376614
7290019245001,false,שמן קנולה אלומות 1 ל,,,שמן קנולה אלומות 1 ל,ליטרים,1.00,ליטר,false,,11.90,11.9000,true,1,301247
7290019297239,false,צימוק חום 250 גרם ששון הקולה,"דין שיווק וקליה בע""מ",,צימוק כהה 250 גרם,גרמים,250.00,100 גרם,false,,13.90,5.5600,true,1,4919
7290019303657,false,טבע ירוק פינוקית שומשום מיקס בריאות 250ג,טבע ירוק,IL,פינוקיות שומשום מיקס,גרמים,220.00,100 גרם,false,,18.90,8.5909,true,1,389753
7290019303800,false,פינוקיות שומשום עם שקדים וחמוציות 250 ג',טבע ירוק,IL,פינוקיות שומשום שקדי,גרמים,220.00,100 גרם,false,,18.90,8.5909,true,1,389768
7290019308058,false,שעועית ירוקה חתוכה 8,,,שעועית ירוקה חתוכה 8,גרמים,800.00,100 גרם,false,,9.90,1.2375,true,1,370607
7290019393016,false,"קמח חיטה לבן ללא צורך בניפוי 1 ק""ג האופה",טבע ירוק,IL,קמח חיטה לבן מנופה,קילוגרמים,1.00,"ק""ג",false,,8.90,8.9000,true,1,397300
7290019393023,false,האופה- קמח חיטה 80% ללא צורך בניפוי 1 קג,,IL,קמח חיטה 80% מנופה ה,קילוגרמים,1.00,"ק""ג",false,,10.90,10.9000,true,1,397313
7290019393054,false,"קמח כוסמין 80% ללא צורך בניפוי 1 ק""ג האופה",טבע ירוק,IL,קמח כוסמין 80% מנופה,קילוגרמים,1.00,"ק""ג",false,,16.90,16.9000,true,1,397274
7290022005074,false,רוטב עגבניות שרי קלאסי 400 גרם,גוסטיבוס,IT,רוטב עגבניות שרי קלא,גרמים,400.00,100 גרם,false,,15.90,3.9750,true,1,402368
7290022005562,false,קריספ פירורי לחם שום 300 גרם,,IL,פירורי לחם עם שום קר,גרמים,300.00,100 גרם,false,,7.90,2.6333,true,1,326070
7290100240137,false,"תרסיס למייבש כביסה כחול 500 מ""ל בדין","זוהר דליה, קיבוץ דלי",IL,בדין תרסיס למייבש כב,מיליליטרים,500.00,"100 מ""ל",false,,19.90,3.9800,true,1,10432
7290100240632,false,קרקר פתית 200-300ג' 6 דגנים 250 גרם,יוניליוור ישראל מזון,IL,פתית 6 דגנים תלמה 25,גרמים,250.00,100 גרם,false,,17.90,7.1600,true,1,10435
7290100412770,false,"ד""ר עור - תחליב רחצה קלאסי בניחוח מאסק 700 מ""ל",,,תחליב רחצה קלאסי מאס,מיליליטרים,700.00,"100 מ""ל",false,,22.90,3.2714,true,1,29550
7290100572368,false,אביזרי מטבח,,,אביזרי מטבח,יחידה,0.00,יחידה,false,,19.90,0.0000,true,1,34233
7290100572702,false,אביזרי מטבח ב-11.00,,,אביזרי מטבח ב-11.00,יחידה,0.00,יחידה,false,,10.90,0.0000,true,1,34236
7290100573402,false,אביזרי מטבח,,,אביזרי מטבח,יחידה,0.00,יחידה,false,,14.90,0.0000,true,1,34239
7290100658338,false,פלמוליב כלים אוקסי כחול פורמולה חדשה,הנסיך- מפעל לייצור ט,GR,פלמוליב לכלים אוקסי-,מיליליטרים,750.00,"100 מ""ל",false,,13.90,1.8533,true,1,21546
7290100680650,false,מנה חמה נודלס-אטריות ירקות טעם תאילנדי אסם 76 ג',THAI PRESIDENT FOODS,TH,מנה חמה נודלס תאילנד,גרמים,76.00,100 גרם,false,,6.90,9.0789,true,1,18795
7290100680667,false,אוסם - מנה חמה נודלס בטעם סצ'ואן 76 גרם,THAI PRESIDENT FOODS,TH,מנה חמה נודלס ירקות,גרמים,76.00,100 גרם,false,,6.90,9.0789,true,1,18796
7290100680711,false,פירורית זהב אסם זהב 350ג',עינת תעשיות,IL,אסם פירורית זהב 350,גרמים,350.00,100 גרם,false,,9.90,2.8286,true,1,18797
7290100680728,false,פירורית רגילה 350 ג' אוסם,מיוצר עי קונדיטוריית,IL,פירורית רגילה שקית 3,גרמים,350.00,100 גרם,false,,8.90,2.5429,true,1,18798
7290100681138,false,אפרופו מארז שלישיה * 50ג' אסם,"אסם השקעות בע""מ",IL,אפרופו מאח 3*50 גר',גרמים,150.00,100 גרם,false,,12.90,8.6000,true,1,18802
7290100683880,false,תבשילים משפחתיים פירה 260 גרם,"אסם השקעות בע""מ",IL,פירה אסם 260 גרם,גרמים,260.00,100 גרם,false,,16.90,6.5000,true,1,18812
7290100684139,false,פסטה אסם מיני מקרוני 500 גרם,פסטה זארה,IL,מיני מקרוני אסם 500,גרמים,500.00,100 גרם,false,,6.90,1.3800,true,1,18813
7290100685136,false,"מרק טעם עוף 1 ק""ג בשקית","אסם השקעות בע""מ",IL,מרק בטעם עוף אסם 1 ק,קילוגרמים,1.00,"ק""ג",false,,17.90,17.9000,true,1,18819
7290100685334,false,מרק עוף אמיתי מרכיבים טבעיים 400 גרם,"אסם השקעות בע""מ",IL,מרק עוף מרכיבים טבעי,גרמים,400.00,100 גרם,false,,26.70,6.6750,true,1,18821
7290100685341,false,מרק תיבול טעם עוף זך רכיבים טיבעיים 400,"אסם השקעות בע""מ",IL,מרק זך טעם עוף רכיבי,גרמים,400.00,100 גרם,false,,18.90,4.7250,true,1,18822
7290100686164,false,מארז מולטיפק ביסלי ברביקיו 6 יח 35 גר יח,מיוצר עי קונדיטוריית,IL,ביסלי ברביקיו מאח.8,גרמים,210.00,100 גרם,false,,14.90,7.0952,true,1,18829
7290100686171,false,מארז מולטיפק ביסלי גריל 6 יח 35 גר ליח,,,ביסלי גריל מאח.8 6*3,גרמים,210.00,100 גרם,false,,14.90,7.0952,true,1,18830
7290100687109,false,במבה במילוי קרם נוגט 60ג' אסם,"אסם השקעות בע""מ",IL,במבה במילוי קרם נוגט,גרמים,60.00,100 גרם,false,,4.90,8.1667,true,1,18833
7290100700020,false,גריסי פנינה סוגת 500 גר',האי נאם סי או אל.טי.,IL,סוגת גריסי פנינה 500,גרמים,500.00,100 גרם,false,,6.90,1.3800,true,1,17336
7290100700242,false,"אורז מלא עגול סוגת 1 ק""ג","סוגת תעשיות בע""מ",IL,סוגת אורז מלא עגול 1,קילוגרמים,1.00,"ק""ג",false,,12.90,12.9000,true,1,17338
7290100700266,false,פירורי לחם לבן סוגת 200ג',,IL,סוגת פרורי לחם לבן 2,גרמים,200.00,100 גרם,false,,3.90,1.9500,true,1,17339
7290100700273,false,קינואה סוגת 500 גרם,האי נאם סי או אל.טי.,IL,קינואה סוגת 500 גרם,גרמים,500.00,100 גרם,false,,16.90,3.3800,true,1,17340
7290100700310,false,"כוסמת 1ק""ג סוגת",,,כוסמת 1 ק'ג,קילוגרמים,1.00,"ק""ג",false,,15.90,15.9000,true,1,17342
7290100700334,false,קינואה לבנה סוגת 1,"סוגת תעשיות בע""מ",IL,סוגת קינואה 1קג,קילוגרמים,1.00,"ק""ג",false,,28.90,28.9000,true,1,17344
7290100700372,false,"אורז בסמטי מלא סוגת 1 ק""ג",האי נאם סי או אל.טי.,IL,אורז בסמטי מלא 1 ק'ג,קילוגרמים,1.00,"ק""ג",false,,10.00,10.0000,true,1,17346
7290100700396,false,"אורז יסמין קלאסי 1 ק""ג סוגת",האי נאם סי או אל.טי.,IL,סוגת אורז יסמין קלאס,קילוגרמים,1.00,"ק""ג",false,,12.90,12.9000,true,1,17348
7290100700402,false,"חומוס ענק 1 ק""ג סוגת",,,חומוס ענק 1 ק'ג,קילוגרמים,1.00,"ק""ג",false,,21.90,21.9000,true,1,17349
7290100700587,false,"בורגול ""סוגת"" 500 גרם",האי נאם סי או אל.טי.,IL,סוגת בורגול 500 גר,גרמים,500.00,100 גרם,false,,6.90,1.3800,true,1,17354
7290100701157,false,"אורז לסושי סוגת 1 ק""ג",,IL,אורז סושי 1 קג,קילוגרמים,1.00,"ק""ג",false,,12.90,12.9000,true,1,17357
7290100701331,false,"קמח רב תכליתי 1 ק""ג סוגת","שטיבל בע""מ - טחנות ק",IL,קמח רב תכליתי סוגת,קילוגרמים,1.00,"ק""ג",false,,7.90,7.9000,true,1,17360
7290100701348,false,"קמח שיפון מלא 1 ק""ג סוגת",טחנות קמח שטיבל באר,IL,קמח שיפון מלא סוגת,קילוגרמים,1.00,"ק""ג",false,,7.90,7.9000,true,1,17361
7290100701386,false,"קמח לחלה סוגת 1 ק""ג","שטיבל בע""מ - טחנות ק",IL,"קמח לחלה סוגת 1 ק""ג",קילוגרמים,1.00,"ק""ג",false,,7.90,7.9000,true,1,17363
7290100701409,false,קמח תירס סוגת 500 גר,,IL,קמח תירס סוגת 500 גר,גרמים,500.00,100 גרם,false,,7.90,1.5800,true,1,17364
7290100701577,false,קמח לחם מועשר בויטמי,שטיבל,IL,קמח לחם מועשר בויטמי,קילוגרמים,1.00,"ק""ג",false,,7.90,7.9000,true,1,17367
7290100702277,false,קוסקוס עבה סוגת 350 גר',,IL,קוסקוס עבה סוגת 350,גרמים,350.00,100 גרם,false,,5.90,1.6857,true,1,17378
7290100702284,false,קוסקוס מלא סוגת 350 גרם,,,קוסקוס מלא סוגת 350,גרמים,350.00,100 גרם,false,,5.90,1.6857,true,1,17379
7290100702383,false,"קמח תופח סוגת 1 ק""ג",,IL,"קמח תופח סוגת 1 ק""ג",קילוגרמים,1.00,"ק""ג",false,,7.90,7.9000,true,1,17382
7290100702611,false,פתיתים אפויים אורז 500 גרם סוגת,אסיף,,פתיתים אפויים אורז ס,גרמים,500.00,100 גרם,false,,4.90,0.9800,true,1,17391
7290100702628,false,פתיתים אפויים קוסקוס 500 גרם סוגת,יושלם,IL,פתיתים אפויים קוסקוס,גרמים,500.00,100 גרם,false,,4.90,0.9800,true,1,17392
7290100702741,false,"סוכר חום בהיר בצנצנת 1 ק""ג סוגת",,,סוכר חום בהיר בצנצנת,קילוגרמים,1.00,"ק""ג",false,,13.90,13.9000,true,1,17402
7290100702987,false,פתיתי שיבולת שועל דק סוגת 500ג',סוגת תעשיות,,פתיתי שיבולת שועל סו,גרמים,500.00,100 גרם,false,,7.90,1.5800,true,1,17419
7290100702994,false,סוכר דמררה קלאסי בשקית 500 גר סוגת,"סוגת תעשיות בע""מ",IL,סוכר דמררה בשקית סוג,גרמים,500.00,100 גרם,false,,6.90,1.3800,true,1,17420
7290100703632,false,"קמח מלא ללא ניפוי 1 ק""ג סוגת",,,קמח מלא ללא ניפוי סו,קילוגרמים,1.00,"ק""ג",false,,8.90,8.9000,true,1,17449
7290100703649,false,"קמח מלא 80% חיטה ללא ניפוי סוגת 1ק""ג",,,קמח מלא חיטה 80% ללא,קילוגרמים,1.00,"ק""ג",false,,8.90,8.9000,true,1,17450
7290100703687,false,"קמח חלה ללא ניפוי 1 ק""ג סוגת",,,קמח חלה ללא ניפוי סו,קילוגרמים,1.00,"ק""ג",false,,8.90,8.9000,true,1,17453
7290100703861,false,"תערובת קמח קסם לחלה סוגת 1 ק""ג",סוגת,IL,קמח תערובת קסם לחלה,קילוגרמים,1.00,"ק""ג",false,,8.90,8.9000,true,1,17456
7290100704141,false,סודה לשתייה 100 ג' סוגת,א.ל. ייצור ושיווק תב,IL,סוגת סודה לשתייה 100,גרמים,100.00,100 גרם,false,,2.90,2.9000,true,1,17471
7290100704615,false,סוכר לבן דק דק בצנצנת 500 גרם,,IL,סוכר לבן דק דק בצנצנ,גרמים,500.00,100 גרם,false,,8.50,1.7000,true,1,188830
7290100704622,false,סוכר דמררה דק דק בצנצנת 500 גרם,,IL,סוכר דמררה דק דק בצנ,גרמים,500.00,100 גרם,false,,8.50,1.7000,true,1,188831
7290100704684,false,"קמח שמרים כוסמין סוגת רב תכליתי 1 ק""ג סוגת",,IL,קמח שמרים כוסמין רב,קילוגרמים,1.00,"ק""ג",false,,20.90,20.9000,true,1,285463
7290100850916,false,דוריטוס חמוץ חריף 70 גרם,"שטראוס פריטו ליי בע""",IL,דוריטוס חמוץ חריף 70,גרמים,70.00,100 גרם,false,,3.90,5.5714,true,1,24148
7290100850923,false,דוריטוס גריל 70 גרם,שטראוס פריטו ליי בע,IL,דוריטוס גריל 70 גרם,גרמים,70.00,100 גרם,false,,3.90,5.5714,true,1,24149
7290100850930,false,דוריטוס טבעי 70 גרם,שטראוס פריטו ליי בע,IL,דוריטוס טבעי 70 גרם,גרמים,70.00,100 גרם,false,,3.90,5.5714,true,1,24150
7290100858608,false,אבקת קקאו עלית שקית 500 ג',שטראוס גרופ,,עלית קקאו 500ג,גרמים,500.00,100 גרם,false,,27.10,5.4200,true,1,22344
7290100921609,false,סוד סבון לאסלה 4 כדוריות בניחוח אוקיינוס 50 ג',,,סוד סבון 4 כדוריות ל,גרמים,50.00,100 גרם,false,,9.90,19.8000,true,1,34903
7290100922569,false,"ולוטה קרם רב שימושי מארז שלישייה*100 מ""ל",,IL,80*3 ולוטה קרם ידיים,מיליליטרים,300.00,"100 מ""ל",false,,21.90,7.3000,true,1,8167
7290100924457,false,סוד סבון לאסלה 4 כדוריות לימון שלישיה,,,סוד סבון 4 כדוריות ל,גרמים,150.00,100 גרם,false,,22.90,15.2667,true,1,34918
7290100924464,false,סוד סבון לאסלה 4 כדוריות אקונומיקה שלישיה,,,סוד סבון 4 כדוריות ל,גרמים,150.00,100 גרם,false,,22.90,15.2667,true,1,34919
7290100925676,false,קולור קאצ'ר 20 דפים לכביסה,,,קולור קאצ'ר 20 דפים,יחידה,0.00,יחידה,false,,25.90,0.0000,true,1,34967
7290100926598,false,"אבקת כביסה פרסיל 5 ק""ג",,IL,פרסיל אבקת כביסה 5 ק,קילוגרמים,5.00,"ק""ג",false,,45.90,9.1800,true,1,34985
7290101459880,false,נרות אותיות- יום הול,,,נרות אותיות- יום הול,יחידה,0.00,יחידה,false,,9.90,0.0000,true,1,32440
7290101486688,false,חטיף פרי אנרגיה דגנים עם שוקולד חמישייה,טבעית מוצרים מן הטבע,IL,פרי חטיפי בריאות מאר,גרמים,100.00,100 גרם,false,,18.90,18.9000,true,1,21550
7290101551263,false,סילאן טבעי 700 גרם יד מרדכי,"פוליבה בע""מ",IL,סילאן טבעי יד מרדכי,גרמים,700.00,100 גרם,false,,23.00,3.2857,true,1,22353
7290101551300,false,סילאן טבעי טהור לחיץ יד מרדכי 380 גר,"פוליבה בע""מ",IL,סילאן טבעי לחיץ יד מ,גרמים,380.00,100 גרם,false,,15.60,4.1053,true,1,22354
7290101551539,false,דנונה פרו 20 ג' חלבון בטעם אפרסק 200 ג',,IL,דנונה פרו 20 אפרסק 2,גרמים,200.00,100 גרם,false,,6.20,3.1000,true,1,23372
7290101551584,false,תפוצ'יפס קידס מארז 10 יח' * 20 ג',"שטראוס פריטו ליי בע""",IL,מארז תפוצ'יפס קידס 1,גרמים,200.00,100 גרם,false,,15.90,7.9500,true,1,24155
7290101551638,false,מארז ציטוס טעם קטשופ כאפה 10 * 20 גר,"שטראוס פריטו ליי בע""",IL,מארז צ'יטוס כאפה 10*,גרמים,200.00,100 גרם,false,,13.90,6.9500,true,1,24159
7290101863410,false,"סיליט ניקוי עוצמתי מכיל אקונומיקה 750 מ""ל",רקיט בנקיזר,PL,סיליט באנג ספריי אקו,מיליליטרים,750.00,"100 מ""ל",false,,17.90,2.3867,true,1,20880
7290101864127,false,"ספריי להסרת כתמים 750 מ""ל וניש קליה",רקיט בנקיזר,IL,קליה אוקסי ספריי 750,מיליליטרים,750.00,"100 מ""ל",false,,16.90,2.2533,true,1,20884
7290101865261,false,"פיניש נוזל הברקה 800 מ""ל",רקיט בנקיזר,PL,פיניש הברקה 800 מל,מיליליטרים,800.00,"100 מ""ל",false,,27.90,3.4875,true,1,20891
7290101866633,false,וניש קליה ג'ל מסיר כתמים 3 ליטר,רקיט בנקיזר,IL,וניש קליה ג'ל 3 ליטר,ליטרים,3.00,ליטר,false,,29.90,9.9667,true,1,20897
7290101868958,false,"פיניש נוזל הברקה למדיח בניחוח לימון 500 מ""ל",,,פיניש נוזל הברקה לימ,מיליליטרים,800.00,"100 מ""ל",false,,27.90,3.4875,true,1,20923
7290101869795,false,אירוויק מילוי מבשם אוטומטי חלום ליל קיץ,,,איירוויק מילוי מבשם,מיליליטרים,250.00,"100 מ""ל",false,,16.90,6.7600,true,1,20941
7290101869832,false,מילוי מבשם אויר חשמלי חלום ליל קיץ בודד,,,איירוויק מילוי מבשם,יחידה,0.00,יחידה,false,,18.90,0.0000,true,1,20945
7290101982470,false,ממתק רולר 30 מל' בטעמים,יושלם,,ממתק רולר 30 גרם,גרמים,30.00,100 גרם,false,,7.00,23.3333,true,1,32464
7290101985365,false,בקבוק אלומיניום גדול,,,בקבוק אלומיניום גדול,יחידה,0.00,יחידה,false,,22.50,0.0000,true,1,32519
7290101999720,false,נרות מטה לבבות פו,,,נרות מטה לבבות פו,יחידה,0.00,יחידה,false,,7.50,0.0000,true,1,32774
7290102030330,false,תפוציפס קראנצ מקסיקני 200 גרם,"שטראוס פריטו ליי בע""",IL,תפוצ'יפס קראנץ מקסיק,גרמים,200.00,100 גרם,false,,10.90,5.4500,true,1,24168
7290102031276,false,"אקטימל תות בננה 8 יח' * 100 מ""ל דנונה",מיוצר עי קונדיטוריית,IL,אקטימל תות בננה 8*10,מיליליטרים,800.00,"100 מ""ל",false,,22.90,2.8625,true,1,23393
7290102062195,false,אלמקס גוניור משחת שיניים לגילאי 6-12,יבואן ומשווק: ש. שסט,PE,אלמקס משחת שיניים אל,מיליליטרים,75.00,"100 מ""ל",false,,15.90,21.2000,true,1,21563
7290102302246,false,גבינת גאודה הולנדית 200 גרם,מיוצר עי קונדיטוריית,NL,גבינת גאודה 200 גר',גרמים,200.00,100 גרם,false,,24.90,12.4500,true,1,17174
7290102303878,false,אלוויר חמאה נורמנדי 200 גר,,,חמאת נורמנדי 200 גרם,גרמים,200.00,100 גרם,false,,23.90,11.9500,true,1,303535
7290102303977,false,גוש טונה בשמן זית רוברט 140 גרם,Ramirez,PT,טונה בשמן זית רוברט,גרמים,120.00,100 גרם,false,,12.90,10.7500,true,1,372896
7290102390465,false,יוגורט ביו עם קציפת אפרסק ופסיפלורה 3% שומן 150 ג' מולר,טרה,,מולר פרופ אפרסק פסיפ,גרמים,150.00,100 גרם,false,,5.50,3.6667,true,1,6447
7290102391844,false,יוגורט ביו עם קציפת פירות יער3% שומן 150 ג' מולר,טרה,,מולר פרופ לבן+קציפת,גרמים,150.00,100 גרם,false,,5.50,3.6667,true,1,6456
7290102392094,false,חלב עיזים 4.1% צוריאל 1 ל' קרטון,מילקו תעשיות בעמ,IL,צוריאל חלב עיזים 1ל,ליטרים,1.00,ליטר,false,,16.90,16.9000,true,1,6459
7290102393169,false,סימפלי פרוט יוגורט תות 3% שומן 150 ג' מולר,טרה,IL,מולר סימפלי פרוט תות,גרמים,150.00,100 גרם,false,,5.50,3.6667,true,1,6482
7290102393176,false,סימפלי פרוט יוגורט אפרסק 3% שומן 150 ג' מולר,מילקו תעשיות בעמ,IL,מולר סימפלי פרוט אפר,גרמים,150.00,100 גרם,false,,5.50,3.6667,true,1,6483
7290102393268,false,גבינה לבנה 5% שומן 750 ג' טרה,,,טרה גבינה לבנה אריזת,גרמים,750.00,100 גרם,false,,14.90,1.9867,true,1,6485
7290102393299,false,יוגורט עיזים לשתייה 3% שומן 500 ג' צוריאל,מיוצר עי קוד יצרן HG,IL,צוריאל יוגורט עיזים,מיליליטרים,500.00,"100 מ""ל",false,,12.90,2.5800,true,1,6486
7290102394258,false,עז מה 9% מופחתת שומן צוריאל 180 גר,משק צוריאל,IL,צוריאל מה עז 9% 180ג,גרמים,180.00,100 גרם,false,,23.90,13.2778,true,1,6496
7290102394463,false,נעם גבינה צהובה וואקום 28% 500 גרם,טרה,IL,נעם גבינה צהובה וואק,גרמים,500.00,100 גרם,false,,28.90,5.7800,true,1,6503
7290102394821,false,"נעם גבינה צהובה דק דק פ""ח 28% 200 גר",מילקו תעשיות בעמ,IL,נעם גבינה צהובה דק ד,גרמים,200.00,100 גרם,false,,16.90,8.4500,true,1,6507
7290102394845,false,גבינה צהובה דק דקה 9% 200 ג' נעם,מילקו תעשיות בעמ,IL,נעם גבינה צהובה דק ד,גרמים,200.00,100 גרם,false,,17.90,8.9500,true,1,6508
7290102395224,false,יוגורט מולר ביאנקו 1.7% מארז 150X8ג',טרה,,מולר נטורל 1.7% 8*15,קילוגרמים,1.20,"ק""ג",false,,18.90,15.7500,true,1,6516
7290102395231,false,מולר נטורל 2.8% ביאנקו מאגדת 8 יח' * 150 ג',טרה,,מולר נטורל 2.8% 8*15,קילוגרמים,1.20,"ק""ג",false,,18.90,15.7500,true,1,6517
7290102395347,false,יוגורט 6% שומן 3 ל' טרה,,,טרה יוגורט 6% כד 3 ק,קילוגרמים,3.00,"ק""ג",false,,29.90,9.9667,true,1,6519
7290102395439,false,מולר סימפלי פירות יער וקיווי 3% מאגדת 8 יח' * 150 ג',מילקו תעשיות בעמ,IL,מולר סימפלי פירות יע,קילוגרמים,1.20,"ק""ג",false,,31.90,26.5833,true,1,6522
7290102395521,false,"שמנת לבישול 15% שומן 500 מ""ל טרה",מילקו תעשיות בעמ,IL,טרה שמנת לבישול 15%+,מיליליטרים,500.00,"100 מ""ל",false,,16.90,3.3800,true,1,6527
7290102396405,false,מאגדת שמיניה מעדן וניל 100*8 גר,,,מוו מעדן וניל 100*8,גרמים,800.00,100 גרם,false,,14.40,1.8000,true,1,6545
7290102396580,false,מעדן שוקולד ומוס שוקולד 123 ג' טרה,טרה,IL,מוו מעדן שוקולד ומוס,גרמים,118.00,100 גרם,false,,3.50,2.9661,true,1,6553
7290102396597,false,מעדן מוו וניל ומוס שוקולד 123 גר,,,מוו מעדן וניל ומוס ש,גרמים,118.00,100 גרם,false,,3.50,2.9661,true,1,6554
7290102396665,false,פרוסות גבינה 15% שומן 200 ג' נעם,מילקו תעשיות בעמ,IL,גבנ`צ דקדק פתח סגור,גרמים,200.00,100 גרם,false,,17.90,8.9500,true,1,6557
7290102396672,false,זבינה צהובה נעם דק דק 9% 360 גר,,,נעם צהובה דק דק 9% 3,גרמים,360.00,100 גרם,false,,28.90,8.0278,true,1,6558
7290102396740,false,מולר סימפלי %0 תות ואפרסק מאגדת 8 יח' * 150 ג',מילקו תעשיות בעמ,IL,מולר סימפלי פרוט 0%,קילוגרמים,1.20,"ק""ג",false,,31.90,26.5833,true,1,6563
7290102397204,false,פרוסות גבינה 22% שומן 200 ג' נעם,מילקו תעשיות בעמ,IL,נעם צהובה דק דק 22%,גרמים,200.00,100 גרם,false,,17.90,8.9500,true,1,6584
7290102397334,false,גבינה בולגרית 5% צוריאל גליל 250ג',מחלבת משק צוריאל,IL,בולגרית 5% 250 גר` ב,גרמים,250.00,100 גרם,false,,22.90,9.1600,true,1,6590
7290102397464,false,יוגורט ביו בתוספת גרעינים אגוזים וחמוציות 170 ג' מולר,טרה,IL,מולר יוגורט נטורל +,גרמים,150.00,100 גרם,false,,5.90,3.9333,true,1,6599
7290102397600,false,מיקס יוגורט בתוספת שקדים ובוטנים מקורמלים 170 ג' מולר,מילקו תעשייה בעמ,IL,מולר מיקס שקדים ובוט,גרמים,168.00,100 גרם,false,,5.90,3.5119,true,1,6609
7290102397617,false,מיקס מולר יוגורט און טופ קליק חטיף חום לבן 170ג',טרה,IL,מולר מיקס קליק 168 ג,גרמים,168.00,100 גרם,false,,5.90,3.5119,true,1,6610
7290102397730,false,פרוסות גבינה אמנטל חצי קשה 30% שומן 200 ג' נעם,טרה,IL,גבינת אמנטל נעם פתיח,גרמים,200.00,100 גרם,false,,18.50,9.2500,true,1,6618
7290102397747,false,מוצרלה נעם רכיבים טבעיים 200 גרם,טרה,IL,מוצרלה נעם רכיבים ט,גרמים,200.00,100 גרם,false,,18.90,9.4500,true,1,6619
7290102397891,false,גבינת מותכת 18% צוריאל 100ג',משק צוריאל,IL,רביעייה גבינה מותכת,גרמים,100.00,100 גרם,false,,7.50,7.5000,true,1,6626
7290102398065,false,חלב 3% וסטהיים בקרטון 2 ל' טרה,טרה,IL,טרה חלב קרטון 3% מהד,יחידה,0.00,יחידה,false,,12.46,0.0000,true,1,6635
7290102398331,false,חלב מעושר 2% דל לקטוז טרה 1ל',טרה,IL,חלב מועשר 1 ליטר דל,ליטרים,1.00,ליטר,false,,7.90,7.9000,true,1,6654
7290102398478,false,לאבנה 9% שומן 500 ג' טרה,,,לאבנה 9% טרה 500 גרם,גרמים,500.00,100 גרם,false,,20.90,4.1800,true,1,6662
7290102398560,false,שוקו מעושר בבקבוק 1ל' טרה,מילקו תעשיות בעמ,IL,שוקו טרה מועשר בבקבו,ליטרים,1.00,ליטר,false,,11.90,11.9000,true,1,6668
7290102398577,false,"שוקו מועשר בבקבוק פקק 250 מ""ל טרה",מילקו תעשיות בעמ,IL,שוקו טרה מועשר בבקבו,מיליליטרים,250.00,"100 מ""ל",false,,5.90,2.3600,true,1,6669
7290102398799,false,משקה סויה במתיקות מופחתת צוריאל 1 ליטר,ואל סויה,IT,משקה סויה במתיקות מו,ליטרים,1.00,ליטר,false,,10.90,10.9000,true,1,6678
7290102398805,false,משקה סויה בטעם וניל משק צוריאל 1 ליטר,,IL,משקה סויה בטעם וניל,ליטרים,1.00,ליטר,false,,10.90,10.9000,true,1,6679
7290102398836,false,משקה שקדים קלאסי משק צוריאל 1 ליטר,,IT,משקה שקדים קלאסי משק,ליטרים,1.00,ליטר,false,,12.90,12.9000,true,1,6681
7290102399048,false,פרוסות גבינת קשקבל נעם 200 ג' טרה,טרה,IL,קשקבל נעם פתיחה חוזר,גרמים,200.00,100 גרם,false,,23.90,11.9500,true,1,6688
7290102399802,false,יוגורט עם תות מולר אקטיב מועשר בחלבון 200 גר',טרה,IL,יוגורט חלבון תות 20,גרמים,200.00,100 גרם,false,,6.80,3.4000,true,1,70004
7290102399819,false,יוגורט עם פירות יער מולר אקטיב מועשר בחלבון 200 גר',טרה,IL,יוגורט חלבון פ.יער 2,גרמים,200.00,100 גרם,false,,6.80,3.4000,true,1,70005
7290102399857,false,מולר אקטיב יוגורט חלבון תות 0% שומן 200 ג',,IL,יוגורט מולר אקטיב לי,גרמים,150.00,100 גרם,false,,6.50,4.3333,true,1,81117
7290103128739,false,בלונס צימרוני אוזניים לתינוק 50 יח',הנסיך- מפעל לייצור ט,GR,בלונס צימרוני אוזניי,יחידה,0.00,יחידה,false,,7.90,0.0000,true,1,21587
7290103401429,false,קפה קצב ברזילאי אוריגינס 200 גר,הנסיך- מפעל לייצור ט,IL,קפה אוריגינס קצב ברז,גרמים,200.00,100 גרם,false,,30.90,15.4500,true,1,22371
7290103700195,false,שאפו רדיד אלומיניום צר 30*7.5 2יח',"שניב תעשיות נייר בע""",,טאצ רדיד אלומיניום ק,מטרים,15.00,מטר,false,,11.90,0.7933,true,1,24425
7290103700386,false,טאצ כריות יפניות מארז שישיה,"שניב תעשיות נייר בע""",IL,טאצ' כריות יפניות 6י,יחידה,0.00,יחידה,false,,10.90,0.0000,true,1,24428
7290103701093,false,טאצ' מטליות מיקרופייבר לרצפה 2 יח',"שניב תעשיות נייר בע""",,טאצ מטליות מקרופייבר,יחידה,0.00,יחידה,false,,15.90,0.0000,true,1,24437
7290103701130,false,מטליות מיקרופייבר לניקוי כללי טאצ 7 יח,,,טאצ מטליות מקרופייבר,יחידה,0.00,יחידה,false,,15.90,0.0000,true,1,24438
7290103702212,false,טאצ' ממחטות כיס עשירייה,"שניב תעשיות נייר בע""",,טאצ ממחטות כיס,יחידה,0.00,יחידה,false,,6.90,0.0000,true,1,24445
7290103702298,false,טאצ' אשפתון עבה בגליל 77*90 50 יח',"שניב תעשיות נייר בע""",,טאצ אשפתון בגליל 50,יחידה,0.00,יחידה,false,,17.90,0.0000,true,1,24451
7290103702304,false,טאצ אשפתון עבה במיוחד 35 יחידות,"שניב תעשיות נייר בע""",,טאצ אשפתון בגליל 35,יחידה,0.00,יחידה,false,,17.90,0.0000,true,1,24452
7290103702328,false,טאצ אשפתון עבה וחזק במיוחד 25 יחידות,"שניב תעשיות נייר בע""",,טאצ אשפתון בגליל 25,יחידה,0.00,יחידה,false,,17.90,0.0000,true,1,24454
7290103702540,false,נייר טואלט מהדרות כדור פורח 30 גלילים טאצ',,,נייר טואלט 30 יח' מ,יחידה,0.00,יחידה,false,,23.90,0.0000,true,1,63277
7290103703219,false,דלי מטליות לחות לניקוי כללי בניחוח לימון טאצ',,,טאצ' מטליות לחות לני,יחידה,0.00,יחידה,false,,20.90,0.0000,true,1,38071
7290103703233,false,מטליות טאצ' לחות תפוח לניקוי כללי דלי,,,טאצ' מטליות לחות לני,יחידה,0.00,יחידה,false,,20.90,0.0000,true,1,38072
7290103703240,false,טאצ' מטליות לחות לניקוי רצפות,,,טאצ' מטליות לחות לרי,יח',10.00,יח',false,,10.90,1.0900,true,1,24468
7290103703370,false,טאצ מגבוני טואלט לחים מארז שלישייה,,,טאצ' מגבוני נייר טוא,יח',3.00,יח',false,,16.90,5.6333,true,1,24469
7290103703578,false,לובלי נייר טואלט תלת,,,לובלי נייר טואלט תלת,יחידה,0.00,יחידה,false,,42.90,0.0000,true,1,24472
7290103704162,false,נייר טואלט טאצ' פרימיום 32 גלילים,"שניב תעשיות נייר בע""",IL,נייר טואלט טאצ' 32 ג,יח',0.00,יח',false,,31.90,0.0000,true,1,126881
7290103704186,false,מגבות טאצ 6 גלילים כפול מהדורת 2021,,,מגבות טאצ' גליל כפול,יחידה,0.00,יחידה,false,,20.90,0.0000,true,1,230895
7290103704575,false,נייר טואלט טאצ' פרימיום 48 גלילים,,,נייר טואלט טאצ' 48 י,יחידה,0.00,יחידה,false,,39.90,0.0000,true,1,126883
7290104005176,false,חגורות גברים,,,חגורות גברים,יחידה,0.00,יחידה,false,,19.90,0.0000,true,1,31276
7290104061417,false,חומוס טחינה אחלה 400 ג',"שטראוס גרופ בע""מ",IL,אחלה חומוס טחינה 400,גרמים,400.00,100 גרם,false,,11.90,2.9750,true,1,23406
7290104061431,false,חומוס אחלה עם צנובר 400 ג',"שטראוס גרופ בע""מ",IL,אחלה חומוס צנובר 400,גרמים,400.00,100 גרם,false,,11.90,2.9750,true,1,23408
7290104061448,false,חומוס עם חריף 400 ג' אחלה,מיוצר עי קונדיטוריית,IL,אחלה חומוס חריף 400ג,גרמים,400.00,100 גרם,false,,11.90,2.9750,true,1,23409
7290104065187,false,קפה נמס בטעם מוקה 200 ג' עלית,,,קפה נמס עלית בטעם מו,גרמים,200.00,100 גרם,false,,24.90,12.4500,true,1,22399
7290104066566,false,טחינה שומשום מלא אחלה 500 גר',מיוצר עי קונדיטוריית,IL,אחלה טחינה 500ג,גרמים,500.00,100 גרם,false,,17.60,3.5200,true,1,23413
7290104500572,false,אפרופו חטיף איטליאנו 50 ג' אסם,מיוצר עי קונדיטוריית,IL,אפרופו איטלקי 36*50ג,גרמים,50.00,100 גרם,false,,5.50,11.0000,true,1,18843
7290104501661,false,פודינג אינסטנט בטעם וניל צרפתי 80 גר,מיוצר עי קונדיטוריית,IL,אסם פודינג בטעם וניל,גרמים,80.00,100 גרם,false,,6.50,8.1250,true,1,18844
7290104508202,false,גביעי גלידה אמריקאים 24 יח' אסם 120 ג',"גילרו בע""מ",IL,גביעי גלידה אמריקאים,גרמים,120.00,100 גרם,false,,13.90,11.5833,true,1,18856
7290104508943,false,במבה אריזת חסכון 200 גרם,"אסם השקעות בע""מ",IL,במבה קלאסי 18*200 גר,גרמים,200.00,100 גרם,false,,10.90,5.4500,true,1,18858
7290104570131,false,"תמר מג'הול 1 ק""ג",,,"תמר מג'הול 1 ק""ג",קילוגרמים,1.00,"ק""ג",false,,18.90,18.9000,true,1,42873
7290104570162,false,תמרים כבוש ביסאן 500 ג',,,תמר כבוש 500 גרם,גרמים,500.00,100 גרם,false,,12.90,2.5800,true,1,42874
7290104721762,false,מארז קפה טורקי עלית 3*85 גר,,IL,טורקי עלית 3*85 גר'.,גרמים,255.00,100 גרם,false,,19.90,7.8039,true,1,22410
7290104722530,false,תפוצ'יפס שמנת בצל 200 גרם,"שטראוס פריטו ליי בע""",IL,תפוציפס שמנת בצל 200,גרמים,200.00,100 גרם,false,,10.90,5.4500,true,1,24191
7290104726712,false,"מילקי שוקולד וקצפת מארז 170X8מ""ל","שטראוס גרופ בע""מ",IL,מילקי שמינייה מארז 8,קילוגרמים,1.06,"ק""ג",false,,21.00,19.8113,true,1,23429
7290104728310,false,"שמנת עמידה לקצפת 38% שומן 250 מ""ל יוטבתה",מחלבת יטבתה,IL,יטבתה שמנת עמידה לקצ,מיליליטרים,250.00,"100 מ""ל",false,,6.47,2.5880,true,1,23434
7290104960239,false,"תחליב רחצה נקה 7 ארומה לבן 750 מ""ל",טרופיקל דגיל תעשיות,IL,תחליב רחצה קמומיל נק,מיליליטרים,750.00,"100 מ""ל",false,,12.90,1.7200,true,1,30420
7290104960338,false,"נקה 7 תחליב רחצה ארומה אלוורה ותה ירוק 750מ""ל",,,תחליב רחצה אלוורה ות,מיליליטרים,750.00,"100 מ""ל",false,,12.90,1.7200,true,1,30423
7290104961892,false,"נטורל פורמולה מסיכת קרטין אינטנס 350 מ""ל",טרופיקל דגיל תעשיות,IL,מסכת קרטין אינטנס נט,מיליליטרים,350.00,"100 מ""ל",false,,40.90,11.6857,true,1,30447
7290104964350,false,"נקה 7 סבון בניחוח פרחי מים שלישייה * 500 מ""ל",,,סבון נוזלי פרחי מים,ליטרים,1.50,ליטר,false,,22.90,15.2667,true,1,30505
7290105360250,false,קפסולות 09 עשיר וארומטי למכונת נספרסו עלית 10יח',הנסיך- מפעל לייצור ט,IL,עלית קפסולות מקיאטו,גרמים,50.00,100 גרם,false,,18.90,37.8000,true,1,22427
7290105360755,false,"שמן זית 3 חזק 750 מ""ל יד מרדכי",מכוורת יד מרדכי שטרא,IL,שמן זית 3 חזק כתית י,מיליליטרים,750.00,"100 מ""ל",false,,38.90,5.1867,true,1,22432
7290105360878,false,מארז תפוציפס טבעי 50 גרם * 4,"שטראוס פריטו ליי בע""",IL,תפוציפס מארז 4*50ג,גרמים,200.00,100 גרם,false,,12.90,6.4500,true,1,24200
7290105362339,false,"שמנת לבישול 15% 250 מ""ל יטבתה מהדרין",מחלבת יטבתה,IL,יטבתה שמנת לבישול 15,מיליליטרים,250.00,"100 מ""ל",false,,8.90,3.5600,true,1,23439
7290105363602,false,כיף כף - מקלות קלאסי 40 גרם,"איי, בי, אינבוו",TR,כיף כף מקלות קלאסי 4,גרמים,40.00,100 גרם,false,,5.80,14.5000,true,1,22438
7290105364289,false,כיף כף - מקלות פצפוצים 40 גרם,"איי, בי, אינבוו",TR,כיף כף מקלות פצפוצים,גרמים,40.00,100 גרם,false,,5.80,14.5000,true,1,22439
7290105364302,false,"עלית חטיף שוקולד כיף כף מקלות אגוזים, 40 גרם","איי, בי, אינבוו",TR,כיף כף מקלות אגוזים,גרמים,42.00,100 גרם,false,,5.80,13.8095,true,1,22440
7290105366023,false,חציל אחלה בטעם כבד 400 גר' אחלה,מיוצר עי קונדיטוריית,IL,אחלה חציל בטעם כבד 4,גרמים,400.00,100 גרם,false,,16.90,4.2250,true,1,23442
7290105366993,false,גבינה לבנה סימפוניה עם תוספות 200 ג' פלפל שיפקה,"שטראוס בריאות בע""מ",IL,סימפוניה פלפל שיפקה,גרמים,200.00,100 גרם,false,,12.50,6.2500,true,1,23449
7290105368904,false,"שמנת מתוקה להקצפה 32% שומן 250 מ""ל יוטבתה",מחלבת יטבתה,IL,יטבתה שמנת עמידה לקצ,מיליליטרים,250.00,"100 מ""ל",false,,7.90,3.1600,true,1,23469
7290105431868,false,"פלמוליב ספא קוקוס גרגרים נוזלי 500 מ""ל",הנסיך- מפעל לייצור ט,TR,פלמוליב סבון נוזלי ס,מיליליטרים,500.00,"100 מ""ל",false,,22.90,4.5800,true,1,21608
7290105439505,false,מנה מאסטר שף קרם בטעם מיונז לייט 479 גר,רמיה סי.וי,NL,מאסטר שף קרם בטעם מ,גרמים,479.00,100 גרם,false,,13.90,2.9019,true,1,21635
7290105691224,false,פריכונים חטיפי טורטיה שום בצל 60 ג' אוסם,"מיוצר ע""י PT, משווק",IL,חטיפי פריכונים טורטי,גרמים,60.00,100 גרם,false,,8.10,13.5000,true,1,18869
7290105693341,false,במבה מארז 10 יח' * 25 ג' אסם,"אסם השקעות בע""מ",IL,במבה מאח.15 10*25גרם,גרמים,250.00,100 גרם,false,,16.90,6.7600,true,1,18884
7290105695024,false,פתיתים אפויים אורז עם אטריות 500 ג' אסם,"אסם השקעות בע""מ",IL,פתיתים אפויים אורז ע,גרמים,500.00,100 גרם,false,,7.90,1.5800,true,1,18893
7290105964564,false,אחלה חומוס אחלה 400ג,מיוצר עי קונדיטוריית,IL,אחלה חומוס אחלה 400ג,גרמים,400.00,100 גרם,false,,9.90,2.4750,true,1,23480
7290105965738,false,יוגורט לשתיה בטעם תות בננה267 ג' דנונה,מיוצר עי קונדיטוריית,IL,דנונה משקה תות בננה,גרמים,267.00,100 גרם,false,,5.50,2.0599,true,1,23486
7290105966469,false,"חומץ בלסמי יד מרדכי 250מ""ל",אצטייה ג'וזפה קרמוני,IT,חומץ בלסמי יד מרדכי,גרמים,250.00,100 גרם,false,,16.90,6.7600,true,1,22472
7290105968098,false,סלט קולסלאו אחלה 500 ג',,,אחלה קולסלאו 500ג,גרמים,500.00,100 גרם,false,,16.90,3.3800,true,1,23492
7290106520066,false,רבע לשבע וופל שוקולד 120 גרם,הגביע מוצרי וופלים ב,IL,רבע לשבע 160 גרם,גרמים,160.00,100 גרם,false,,11.90,7.4375,true,1,22479
7290106520912,false,"שמנת לבישול 9% 250 מ""ל יטבתה",מחלבת יטבתה,IL,יטבתה שמנת לבישול 9%,מיליליטרים,250.00,"100 מ""ל",false,,8.90,3.5600,true,1,23504
7290106521926,false,שקית קפה טורקי 150 ג' עלית,,,קפה טורקי עלית 150 ג,גרמים,150.00,100 גרם,false,,13.90,9.2667,true,1,22487
7290106524439,false,תפוצ'יפס טבעי פופס 60גר',"שטראוס פריטו ליי בע""",IL,תפוציפס פופס 60 גרם,גרמים,60.00,100 גרם,false,,4.30,7.1667,true,1,24210
7290106526822,false,פריכיות אורז עם תחתית שוקולד חלב 80 ג' אנרגי,"טחנת האבן תעשיות בע""",IL,פריכיות עם תחתית שוק,גרמים,80.00,100 גרם,false,,8.90,11.1250,true,1,22504
7290106528567,false,חטיף דוריטוס גריל 185 גרם,הנסיך- מפעל לייצור ט,IL,דוריטוס גריל 185 גר`,גרמים,185.00,100 גרם,false,,7.90,4.2703,true,1,24216
7290106528628,false,חטיף דוריטוס טבעי 185 גרם,"שטראוס פריטו ליי בע""",IL,דוריטוס טבעי 185 גר`,גרמים,185.00,100 גרם,false,,7.90,4.2703,true,1,24217
7290106572027,false,אוסם - לחמית חמישה דגנים 190 גרם,"אסם השקעות בע""מ",IL,לחמית חמישה דגנים אס,גרמים,190.00,100 גרם,false,,9.90,5.2105,true,1,18916
7290106572065,false,חטיפי פריכונים טורטיה חמוץ מתוק 60 גרם,"מיוצר ע""י PT, משווק",IL,טורטיה בטעם תירס חמו,גרמים,60.00,100 גרם,false,,8.10,13.5000,true,1,18917
7290106572959,false,אפרופו מארז 5 יח' *25 ג' אסם,,IL,אפרופו קלאסי מאח.8 5,גרמים,75.00,100 גרם,false,,13.90,18.5333,true,1,18921
7290106573642,false,חומוס עם צנובר צבר 400 גר,סלטי צבר,IL,צבר חומוס צנובר 400,גרמים,400.00,100 גרם,false,,12.90,3.2250,true,1,19905
7290106574120,false,גומי גם קרחון שרבט עם סוכריות 90 גרם,גלידות נסטלה (נגה גל,IL,גומיגם 90גר.,גרמים,90.00,100 גרם,false,,7.50,8.3333,true,1,16119
7290106574953,false,בייגלה אסם שטוחים שומשום 300 גר,מיוצר עי קונדיטוריית,IL,אסם בייגלה שטוחים שו,גרמים,300.00,100 גרם,false,,11.90,3.9667,true,1,18937
7290106574977,false,בייגלה שטוחים עם מלח 300 ג' אסם,מיוצר עי קונדיטוריית,IL,אסם בייגלה שטוחים עם,גרמים,300.00,100 גרם,false,,11.90,3.9667,true,1,18938
7290106576513,false,סלט חומוס צבר 400 גר,סלטי צבר,IL,צבר חומוס 400 גרם,גרמים,400.00,100 גרם,false,,9.90,2.4750,true,1,19909
7290106576537,false,חומוס מסעדה צבר 700 גר,סלטי צבר,IL,צבר חומוס מסעדה 700,גרמים,700.00,100 גרם,false,,10.90,1.5571,true,1,19910
7290106576797,false,"לה קרמריה גלידת וניל איטלקי כשל""פ 1.4ל'",תות תעשיות מזון (201,IL,לה קרמריה וניל איטלק,ליטרים,1.40,ליטר,false,,25.90,18.5000,true,1,16124
7290106576810,false,גלידה לה קרמריה ריבת חלב 1.4 ל' נסטלה,המאפיה של הרמן,IL,לה קרמריה ריבת חלב 1,ליטרים,1.40,ליטר,false,,25.90,18.5000,true,1,16125
7290106576858,false,גלידה לה קרמריה תותים בשמנת 1.4 ל' נסטלה,המאפיה של הרמן,IL,גלידה קרמריה תותים ב,ליטרים,1.40,ליטר,false,,25.90,18.5000,true,1,16127
7290106576971,false,גלידה לה קרמריה שוקולד בלגי 1.4 ל' נסטלה,תות תעשיות מזון (201,IL,לה קרמריה שוקולד בלג,ליטרים,1.40,ליטר,false,,25.90,18.5000,true,1,16132
7290106576995,false,גלידה סורבה לה קרמריה תות מנגו לייט 1.4 ל' נסטלה,המאפיה של הרמן,IL,לה קרמריה לייט סורבה,ליטרים,1.40,ליטר,false,,25.90,18.5000,true,1,16133
7290106577282,false,טחינה צבר מרובע 400 ג',סלטי צבר,IL,צבר מרובע טחינה 400ג,גרמים,400.00,100 גרם,false,,13.50,3.3750,true,1,19911
7290106577541,false,כרוב אדום מרובע 400 ג' צבר,סלטי צבר,IL,צבר מרובע כרוב אדום,גרמים,400.00,100 גרם,false,,13.50,3.3750,true,1,19917
7290106577572,false,מטבוחה מרובע 400 ג' צבר,סלטי צבר,IL,צבר מרובע מטבוחה 40,גרמים,400.00,100 גרם,false,,13.50,3.3750,true,1,19918
7290106578692,false,אוסם - במבה ביסלי מיקס 80 גרם,פרו מן יו פתרונות אר,IL,במבה ביסלי מיקס 36*8,גרמים,80.00,100 גרם,false,,4.90,6.1250,true,1,18960
7290106578821,false,הבית עוגת שמרים קלאסית בטעם שוקולד 350גר,מיוצר עי קונדיטוריית,IL,עוגת הבית שמרים קלאס,גרמים,350.00,100 גרם,false,,19.50,5.5714,true,1,18961
7290106639812,false,כוס אפרופו,,,כוס אפרופו,יחידה,0.00,יחידה,false,,6.90,0.0000,true,1,221232
7290106652996,false,כיף כף מקלות קוקוס חלבי 40 גר',,,כיף כף מקלות קוקוס 4,גרמים,40.00,100 גרם,false,,5.80,14.5000,true,1,400040
7290106658479,false,וופל טורטית שוקלד מגדים 40ג',"שטראוס גרופ בע""מ",IL,עלית וופל בטעם טורטי,גרמים,40.00,100 גרם,false,,4.90,12.2500,true,1,22536
7290106663091,false,לאבנה טבעי 9% שטראוס 500ג',הדקלאים אגודת שיתופי,IL,שטראוס לאבנה 9% 500,גרמים,500.00,100 גרם,false,,19.90,3.9800,true,1,23543
7290106663503,false,קונפיטורה תות לייט יד מרדכי 250 ג',אף.סי תבליני בגליל ב,IL,קונפיטורת לייט תות 2,גרמים,230.00,100 גרם,false,,14.90,6.4783,true,1,22571
7290106666788,false,עלית - סוכריות נוסטלגיה דבש ממולאות 80 גרם,פלזנסקי,PL,סוכריות נוסטלגיה דבש,גרמים,80.00,100 גרם,false,,8.30,10.3750,true,1,22589
7290106668577,false,"מיץ לימון טבעי יד מרדכי 250 מ""ל",האי נאם סי או אל.טי.,IT,מיץ לימון טבעי יד מר,מיליליטרים,250.00,"100 מ""ל",false,,8.90,3.5600,true,1,22595
7290106669857,false,קפסולות 06 אספרסו בטעם וניל עלית 10יח',הנסיך- מפעל לייצור ט,IL,עלית קפסולות בטעם ונ,גרמים,50.00,100 גרם,false,,18.90,37.8000,true,1,22608
7290106720626,false,ציטוס בטעם גבינה 80 גר,"שטראוס פריטו ליי בע""",IL,ציטוס גבינה 80 גרם,גרמים,80.00,100 גרם,false,,4.90,6.1250,true,1,24273
7290106729650,false,יוגורט עם תות מאגדת 8 יח' * 150ג' דנונה,,,דנונה יוגורט תות 8יח,קילוגרמים,1.20,"ק""ג",false,,26.90,22.4167,true,1,23585
7290107280020,false,מטליות לחות סנו סושי לניקוי כללי שלישיה *50 יח',טרופיקל דגיל- תעשיות,IL,סנו סושי מגבונים לני,יחידה,0.00,יחידה,false,,21.90,0.0000,true,1,30517
7290107280099,false,מגבוני טואלט לחים סנו סופט שלישייה * 48 יח',טרופיקל דגיל- תעשיות,IL,סנו סופט מגבוני טואל,יחידה,0.00,יחידה,false,,16.90,0.0000,true,1,30523
7290107280112,false,נייר טואלט סופט סילק 24 גליל,,,סנו סופט נייר טואלט,מטרים,441.00,מטר,false,,27.90,0.0633,true,1,30525
7290107280341,false,ריצפז מטליות לחות לניקוי הרצפה בניחוח מלון מפנק,"סנו מפעלי ברונוס סע""",IL,ריצפז מטליות לחות לנ,יחידה,0.00,יחידה,false,,12.90,0.0000,true,1,30530
7290107280587,false,סנובון מוצק דבל אקשן בניחוח פרחים ורודי,,,סנובון דאבל אקשן בני,גרמים,165.00,100 גרם,false,,12.90,7.8182,true,1,30543
7290107280709,false,"סנו ספארק נוזל הברקה למדיח 700 מ""ל","סנו מפעלי ברונוס בע""",IL,סנו ספארק נוזל הברקה,מיליליטרים,700.00,"100 מ""ל",false,,15.90,2.2714,true,1,30551
7290107280716,false,"סנו ספארק מלח למדיח 2 ק""ג",,,סנו ספארק מלח למדיח,קילוגרמים,2.00,"ק""ג",false,,13.90,6.9500,true,1,30552
7290107280723,false,"סנו ספארק נוזל כלים לימון 700 מ""ל",סנו כימיקלים,IL,סנו ספארק נוזל לניקו,מיליליטרים,700.00,"100 מ""ל",false,,9.90,1.4143,true,1,30553
7290107280747,false,"סנו ספארק נוזל כלים קלאסי 700 מ""ל",סנו כימיקלים,IL,סנו ספארק נוזל לניקו,מיליליטרים,700.00,"100 מ""ל",false,,9.90,1.4143,true,1,30556
7290107280754,false,נוזל כלים סנו ספארק היפואלרגי 700 מל,סנו,,ספארק נוזל לכלים עדי,מיליליטרים,700.00,"100 מ""ל",false,,9.90,1.4143,true,1,30557
7290107280761,false,סנו ספארק נוזל כלים בניחוח לימון עם משאבה 1 ל',מיוצר עי קונדיטוריית,IL,ספארק נוזל לכלים לימ,יחידה,0.00,יחידה,false,,12.90,0.0000,true,1,30558
7290107340243,false,מטען בית אייפון,,,מטען בית אייפון,יחידה,0.00,יחידה,false,,39.90,0.0000,true,1,302165
7290107340526,false,מטען בית טייפ סי,,,מטען בית טייפ סי,יחידה,0.00,יחידה,false,,39.90,0.0000,true,1,302167
7290107341356,false,כבל אייפון,,,כבל אייפון,יחידה,0.00,יחידה,false,,19.90,0.0000,true,1,286805
7290107646062,false,אבקת מרק בצל רכיבים טבעיים קנור 400 ג',יוניליוור ישראל מזון,IL,מרק בצל רכיבים טבעיי,גרמים,400.00,100 גרם,false,,24.90,6.2250,true,1,10610
7290107647816,false,"דגני ברנפלקס ללא תוספת סוכר 500 גרם בד""צ",יוניליוור ישראל מזון,IL,ברנפלקס ללא סוכר בד',גרמים,500.00,100 גרם,false,,24.90,4.9800,true,1,10672
7290107870047,false,"טילון אקסטרים מטבע ענק בראוניז, 115 ג'",תות תעשיות מזון (201,IL,אקסטרים מטבע ענק ברא,גרמים,115.00,100 גרם,false,,9.90,8.6087,true,1,16137
7290107871990,false,פסטה צינורות 500 גר אסם,פסטה זארה,IT,פסטה צינורות אסם 500,גרמים,500.00,100 גרם,false,,6.90,1.3800,true,1,18987
7290107874502,false,ביסלי גריל קדמ. מארז אחיד 10 4*55 גרם,מיוצר עי קונדיטוריית,IL,ביסלי גריל 4*55 גרם,גרמים,220.00,100 גרם,false,,12.90,5.8636,true,1,19009
7290107875271,false,ביסלי ברביקיו קדמ. מארז אחיד10 4*55 גרם,,IL,ביסלי ברבקיו מארז 4*,גרמים,220.00,100 גרם,false,,12.90,5.8636,true,1,19020
7290107876889,false,אוסם - במבה במילוי קרם נוגט 45 גרם,"אסם השקעות בע""מ",IL,במבה במילוי קרם נוגט,גרמים,45.00,100 גרם,false,,4.90,10.8889,true,1,19046
7290107877619,false,מארז במבה במילוי קרם נוגט 5*30ג' אסם,,IL,במבה במילוי קרם נוגט,גרמים,150.00,100 גרם,false,,13.90,9.2667,true,1,19055
7290107879668,false,קרחון לה פרוטה תות 70 ג' נסטלה,המאפיה של הרמן,IL,לה פרוטה תות,יחידה,0.00,יחידה,false,,6.90,0.0000,true,1,16172
7290107932080,false,חלב מועשר יוטבתה בבקבוק 3% 1 ליטר,מחלבת יטבתה,IL,יטבתה חלב בבקבוק 3%,ליטרים,1.00,ליטר,false,,7.90,7.9000,true,1,23598
7290107932134,false,חלב מועשר יוטבתה בבקבוק 1% 1 ליטר,מחלבת יטבתה,IL,יטבתה חלב בבקבוק 1%,ליטרים,1.00,ליטר,false,,7.90,7.9000,true,1,23600
7290107936309,false,דנונה יוגורט 7% יווני לבן 130 ג',"שטראוס בריאות בע""מ",IL,דנונה יווני לבן 130,גרמים,130.00,100 גרם,false,,3.70,2.8462,true,1,23621
7290107937542,false,משקה אקטיביה תות 265 ג' דנונה,מיוצר עי קונדיטוריית,IL,משקה אקטיביה תות 1.2,מיליליטרים,265.00,"100 מ""ל",false,,5.50,2.0755,true,1,23626
7290107937641,false,מסטיק בצנצנת קוביות בזוקה 58 ג',אסקום קונפקשיין,DE,צנצנת קוביות בזוקה 5,גרמים,58.00,100 גרם,false,,11.50,19.8276,true,1,22737
7290107938396,false,"אקטימל משקה פרוביוטי תות 100X8 מ""ל",מיוצר עי קונדיטוריית,IL,דנונה Actimel בנים ב,גרמים,864.00,100 גרם,false,,22.90,2.6505,true,1,23632
7290107943369,false,קוואקר שיבולת שועל ללא גלוטן 511 גר,היידי שוקולד בירונטי,US,שיבולת שועל ללא גלוט,גרמים,511.00,100 גרם,false,,20.90,4.0900,true,1,24321
7290107944472,false,סימפוניה שום שמיר 5% 200 ג' שטראוס,"שטראוס בריאות בע""מ",IL,סימפוניה 5% שום שמיר,גרמים,200.00,100 גרם,false,,12.50,6.2500,true,1,23700
7290107945165,false,קונפיטורת יד מרדכי משמש 340 גר,אף.סי תבליני בגליל ב,IL,יד מרדכי קונפיטורת מ,גרמים,340.00,100 גרם,false,,14.90,4.3824,true,1,22808
7290107950206,false,מעדן שטראוס דיאט 0% שוקולד 130ג',מיוצר עי קונדיטוריית,IL,מעדן דיאט שוקולד % 0,גרמים,130.00,100 גרם,false,,3.50,2.6923,true,1,23761
7290107951104,false,בפלות שוקולד ארוך עלית 200ג',"א.ג. גילרו בע""מ",IL,בפלות 200 גרם שוקולד,גרמים,200.00,100 גרם,false,,5.20,2.6000,true,1,22844
7290107953559,false,קפה טורקי עלית לדרך שקיות 24X7ג',הנסיך- מפעל לייצור ט,IL,קפה טורקי לדרך 168 ג,גרמים,168.00,100 גרם,false,,19.90,11.8452,true,1,22871
7290107954709,false,קונפיטורת פירות יער 340 גר יד מרדכי,,,יד מרדכי קונפיטורת פ,גרמים,340.00,100 גרם,false,,14.90,4.3824,true,1,22892
7290107954976,false,"משקה יטבתה חלבון פרו קפה 350מ""ל",מחלבת יטבתה,DE,משקה פרו בטעם קפה יט,מיליליטרים,350.00,"100 מ""ל",false,,6.90,1.9714,true,1,23827
7290107956901,false,קפסולות בטעם אגוזים למכונות נספרסו 50 גר,,,עלית קפסולות אספרסו,גרמים,150.00,100 גרם,false,,18.90,12.6000,true,1,22934
7290107956932,false,קפסולות אספרסו אידונזיה למכונות 50 גר,,,עלית קפסולות אידונזי,גרמים,50.00,100 גרם,false,,18.90,37.8000,true,1,22936
7290107958035,false,יוגורט במתיקות מעודנת 2% מאגדת 8 יח' *120 ג' דנונה,,,8 דנונה מתיקות מעודנ,קילוגרמים,1.20,"ק""ג",false,,18.90,15.7500,true,1,23861
7290107973014,false,פלמוליב סבון ידיים חלב ודבש 300 מ'ל,הנסיך- מפעל לייצור ט,TR,פלמוליב סבון ידיים ח,מיליליטרים,300.00,"100 מ""ל",false,,10.90,3.6333,true,1,21674
7290107973861,false,מאסטר שף - עגבניות קצוצות דק שלישיה 400 גרם * 3,קונסרזיו קאסאלאסקו ד,IT,עגבניות קצוצות דק מא,קילוגרמים,1.20,"ק""ג",false,,17.90,14.9167,true,1,21686
7290107974066,false,"עלי טורטיה קמח מלא 20ס""מ 8יח' מאסטר שף 320ג'",אורגניק,DE,עלי טורטיה קמח מלא מ,גרמים,320.00,100 גרם,false,,12.90,4.0313,true,1,21691
7290107974073,false,מנה עלי טורטיה קמח לבן מ.שף 20 סמ 320 גר,הנסיך- מפעל לייצור ט,DE,עלי טורטיה קמח לבן מ,גרמים,320.00,100 גרם,false,,12.90,4.0313,true,1,21692
7290107974080,false,מנה עלי טורטיה קמח לבן מ.שף 25 סמ 840 גר,הדקלאים אגודת שיתופי,DE,עלי טורטיה קמח לבן מ,גרמים,820.00,100 גרם,false,,20.90,2.5488,true,1,21693
7290107974806,false,"מאסטר שף - אורז בסמטי 1 ק""ג",,,אורז בסמטי מאסטר שף,קילוגרמים,1.00,"ק""ג",false,,14.90,14.9000,true,1,21701
7290107974813,false,"אורז יסמין 1 ק""ג מאסטר שף",,,אורז יסמין מאסטר שף,קילוגרמים,1.00,"ק""ג",false,,14.90,14.9000,true,1,21702
7290107978323,false,מאסטר שף איטריות דקיקות 400 גר,הדקלאים אגודת שיתופי,PL,איטריות דקיקות מאסטר,גרמים,400.00,100 גרם,false,,6.90,1.7250,true,1,21740
7290107978330,false,מאסטר שף איטריות דקות 400 גרם,הדקלאים אגודת שיתופי,PL,איטריות דקות מאסטר ש,גרמים,400.00,100 גרם,false,,6.90,1.7250,true,1,21741
7290108070316,false,שקית 50 פסטל,,,שקית 50 פסטל,יחידה,0.00,יחידה,false,,11.90,0.0000,true,1,33053
7290108074659,false,סוכריה טבעת הלו קיטי,,,סוכריה טבעת הלו קיטי,יחידה,0.00,יחידה,false,,5.50,0.0000,true,1,33164
7290108350258,false,סופט נייר טואלט גליל ארוך 12 גלילים=36,מפעלי ברונוס בעמ,IL,סופט נייר טואלט גליל,מטרים,180.00,מטר,false,,44.90,0.2494,true,1,30575
7290108350555,false,סנו ספארק נוזל כלים בניחוח שקדים עם משאבה 1 ל',,,סנו ספארק משאבה בניח,ליטרים,1.00,ליטר,false,,12.90,12.9000,true,1,30583
7290108350586,false,ספארק נוזל כלים בניחוח לימון רענן 1.5 ל,,,ספארק נוזל כלים בניח,ליטרים,1.50,ליטר,false,,15.90,10.6000,true,1,30585
7290108351149,false,סנו - ג'ט לניקוי כללי ורצפות בתוספת אבקת סודה 1.5 ליטר,"סנו מפעלי ברונוס בע""",IL,סנו ג`ט פלוס לניקוי,יחידה,0.00,יחידה,false,,13.90,0.0000,true,1,30620
7290108351491,false,סנו - אוקסיג'ן פאוור אבקה להסרת כתמים קשים 720 גרם,הורביץ סחר,IL,סנו אוקסיג` אבקה עוצ,גרמים,720.00,100 גרם,false,,15.90,2.2083,true,1,30622
7290108351583,false,"סנו - ג'ט פלוס חומץ ג'ל לניקוי אסלות לבנדר 750 מ""ל",טרופיקל דגיל תעשיות,IL,סנו ג'ט+לניקוי אסלות,מיליליטרים,750.00,"100 מ""ל",false,,12.90,1.7200,true,1,30630
7290108351613,false,סנו ריצפז פרש הום בניחוח מלון חלומי 2 ל,"סנו מפעלי ברונוס בע""",IL,ריצפז פרש הום מלון ח,ליטרים,2.00,ליטר,false,,22.90,11.4500,true,1,30633
7290108351699,false,סנו - ג'ט מטליות לחות לניקוי כללי בתוספת חומץ לבנדר שלישיה,סנו מפעלי ברונוס על,IL,מגבונים ג'ט+חומץ מאר,יחידה,0.00,יחידה,false,,21.90,0.0000,true,1,30641
7290108351781,false,"ג'ט פלוס סנו לניקוי אסלות בניחוח הדרים 750 מ""ל","סנו מפעלי ברונוס בע""",IL,סנו ג'ט+לניקוי אסלות,מיליליטרים,750.00,"100 מ""ל",false,,12.90,1.7200,true,1,30646
7290108351804,false,סנו - מקסימה מרכך כביסה מרוכז ג'נטל בריז 1 ליטר,מיוצר עי קונדיטוריית,IL,סנו מקסימה מרכך כביס,יחידה,0.00,יחידה,false,,19.90,0.0000,true,1,30647
7290108351811,false,מקסימה מרכך כביסה סופר מרוכז פלור טאצ' 1 ליטר,מיוצר עי קונדיטוריית,IL,סנו מקסימה מרכך כביס,יחידה,0.00,יחידה,false,,19.90,0.0000,true,1,30648
7290108351927,false,סנו ספארק טבליות למדיח 70 יח',,IL,סנו ספארק טבליות למד,קילוגרמים,1.40,"ק""ג",false,,45.90,32.7857,true,1,30655
7290108352207,false,מקסימה קפסולות לכביסה פלורל 40 יחידות,טרופיקל דגיל תעשיות,IL,קפס' כביסה בניחוח פל,גרמים,840.00,100 גרם,false,,37.90,4.5119,true,1,66060
7290108352214,false,סנו - מקסימה קפסולות כביסה בניחוח בריזה מרעננת 40 יח',טרופיקל דגיל תעשיות,IL,קפסולות כביסה בניחוח,גרמים,840.00,100 גרם,false,,37.90,4.5119,true,1,66061
7290108352313,false,"שקית מילוי למתז חיטוי משטחים 99.9% 750 מ""ל","מפעלו ברונוס בע""מ",IL,שקית מילוי למתז לחיט,מיליליטרים,750.00,"100 מ""ל",false,,9.90,1.3200,true,1,58602
7290108352535,false,סנו - מקסימה דפי בישום לחים למייבש הכביסה בניחוח מרכך כביסה,סנו,IL,דפי בישום לחים למייב,יחידה,0.00,יחידה,false,,13.90,0.0000,true,1,185209
7290108352672,false,מטלית הפלא לריצפה זוג סנו סושי,סנו מפעלי ברונוס.,CN,סנו סושי זוג מטלית ה,יחידה,0.00,יחידה,false,,20.90,0.0000,true,1,30673
7290108352795,false,שקיות סנו סושי M זיפר 50 יח,,,סנו סושי שקיות זיפר,יחידה,0.00,יחידה,false,,13.90,0.0000,true,1,30679
7290108352863,false,סנו סושי שקיות צלייה 20יח' מידה L,מיוצר עי קונדיטוריית,TR,סנו סושי-20 שקיות צל,יחידה,0.00,יחידה,false,,8.90,0.0000,true,1,30685
7290108352870,false,סנו סושי שקיות צלייה 10יח' מידה XL,מיוצר עי קונדיטוריית,IL,סנו סושי-10 שקיות צל,יחידה,0.00,יחידה,false,,8.90,0.0000,true,1,30686
7290108353020,false,4 תבנית אפייה מנייר מלבנית גדולה סנו,מיוצר עי קונדיטוריית,CN,סנו-סושי-4 תבניות אפ,יחידה,0.00,יחידה,false,,13.90,0.0000,true,1,30701
7290108353334,false,"שמפו למניעת קשקשים עם שמן עץ התה ואסאי 700 מ""ל כיף",קוסמופארם בעמ,IL,שמפו למניעת קשקשים ע,מיליליטרים,700.00,"100 מ""ל",false,,12.90,1.8429,true,1,30709
7290108353501,false,סנו סושי שקיות אשפה עם ידיות 25 יח' XXL,טרופיקל דגיל תעשיות,TR,שקיות אשפה עם ידיות,יחידה,0.00,יחידה,false,,20.90,0.0000,true,1,30718
7290108353532,false,סנו סושי שקיות אשפה בגליל 100 יח',Elif,IL,שקיות אשפה בגליל סנו,יחידה,0.00,יחידה,false,,33.90,0.0000,true,1,30721
7290108353549,false,נייר אפייה סנו סושי 100 יח,"טופ פלסט 2002 בע""מ",IL,נייר אפיה סנו סושי 1,יחידה,0.00,יחידה,false,,21.90,0.0000,true,1,30722
7290108354164,false,"שלשיית אלסבון כיף מועשר בשמנים 3*500מ""ל",טרופיקל דגיל תעשיות,IL,כיף שלישיית אלסבון ק,ליטרים,1.50,ליטר,false,,20.90,13.9333,true,1,105244
7290108354270,false,מרכך כביסה מרוכז בבישום עוצמתי 1 ל' סנו מקסימה,מיוצר עי קונדיטוריית,IL,מרכך בבישום עוצמתי מ,ליטרים,1.00,ליטר,false,,19.90,19.9000,true,1,185144
7290108356151,false,"תחליב רחצה כיף מאסק יסמין 700 מ""ל",גוד פוד פרודקטס S.p,IL,תחליב רחצה מאסק יסמי,מיליליטרים,700.00,"100 מ""ל",false,,13.90,1.9857,true,1,30783
7290108356489,false,"כיף - תחליב רחצה אפרסק וחמאת מורומורו 700 מ""ל",קוסמופארם,IL,תחליב רחצה אפרסק וחמ,מיליליטרים,700.00,"100 מ""ל",false,,13.90,1.9857,true,1,278315
7290108357011,false,"מרכך כיף ורד ושמן קוקוי 700 מ""ל",טרופיקל דגיל תעשיות,IL,כיף מרכך לשיער ורד ו,מיליליטרים,700.00,"100 מ""ל",false,,12.90,1.8429,true,1,30786
7290108357028,false,"תחליב רחצה כיף ורד ושמן קוקוי 700 מ""ל",קוסמופארם בעמ,IL,כיף תחליב רחצה ורד ו,מיליליטרים,700.00,"100 מ""ל",false,,13.90,1.9857,true,1,30787
7290108357288,false,אקונומיקה ז'אוול בניחוח פריחה לבנה 4 ל' סנו,סנו,IL,סנו ז'אוול בניחוח פר,ליטרים,4.00,ליטר,false,,17.90,4.4750,true,1,258767
7290108357707,false,"כיף שמפו לשיער רגיל-תפוח זרעי צ'יה 700 מ""ל",גוד פוד פרודקטס S.p,IL,שמפו לשיער רגיל תפוח,מיליליטרים,700.00,"100 מ""ל",false,,12.90,1.8429,true,1,30789
7290108357714,false,"כיף שמפו לשיער יבש -רימונים ושמן ארגן 700 מ""ל",גוד פוד פרודקטס S.p,IL,שמפו לשיער יבש רימונ,מיליליטרים,700.00,"100 מ""ל",false,,12.90,1.8429,true,1,30790
7290108359190,false,סושי מגבת הפלא 4 יח' = 12 גליל ארוך פי 3,,IL,סנו סושי מגבות הפלא,יחידה,0.00,יחידה,false,,27.90,0.0000,true,1,403629
7290108359855,false,"שמפו אל דמע בייבי כיף+משאבה 750 מ""ל",גוד פוד פרודקטס S.p,IL,שמפו אלדמע בייבי כיף,מיליליטרים,750.00,"100 מ""ל",false,,16.90,2.2533,true,1,30801
7290108359985,false,סנו - ז'אוול מרסס קצף לניקוי וחינו בניחוח פריחה לבנה 1 ליטר,סנו,IL,אקונומיקה מרסס עם ממ,ליטרים,1.00,ליטר,false,,19.90,19.9000,true,1,258865
7290108500271,false,שלישית פטריות מהדרין חתוכות 290 ג' ויליפוד,,,פטריות חתוך ויליפוד,גרמים,870.00,100 גרם,false,,13.00,1.4943,true,1,3036
7290108502381,false,בסיסים להכנת פיצה קוטר 26 וילי פוד 480ג',מוטלוקל גידה סאנאי ט,TR,תחתיות לפיצה קוטר 26,יחידה,0.00,יחידה,false,,14.90,0.0000,true,1,3134
7290108503043,false,תפוחונים חטיף פלחים מיובשים מארז 22X4ג',הביי דונגפנג פוד קו.,CN,מארז רביעייה תפוחוני,גרמים,88.00,100 גרם,false,,15.90,18.0682,true,1,3179
7290108503982,false,פרוסות גבינה בטעם צ''דר לכריכים וטוסטים 150 ג',,ES,פרוסות גבינה בטעם צ',גרמים,150.00,100 גרם,false,,12.90,8.6000,true,1,3226
7290108505719,false,גבינת מוצרלה מגורדת 25% שומן 200גר,,TR,גבינת מוצרלה מגורדת,גרמים,200.00,100 גרם,false,,15.90,7.9500,true,1,68309
7290108505733,false,צמות - גבינה חצי קשה 25% שומן 200 ג',,TR,צמות גבינה חצי קשה 2,גרמים,200.00,100 גרם,false,,15.90,7.9500,true,1,68311
7290108507652,false,ביסקוויט פריך בשוקולד לבן 100 גרם,,TR,ביסקויט פריך בשוקולד,גרמים,100.00,100 גרם,false,,7.90,7.9000,true,1,248661
7290108509106,false,גבינה בולגרית מעודנת בקוביות 13% שומן יורו 200 ג',,,גבינה בולגרית מעודנת,גרמים,200.00,100 גרם,false,,13.90,6.9500,true,1,154235
7290108509113,false,גבינה בולגרית מעודנת 18% שומן יורו 250 ג',,TR,גבינה בולגרית מעודנת,גרמים,250.00,100 גרם,false,,13.90,5.5600,true,1,146538
7290108509199,false,גבינת פטה 17% שומן יורו 500 ג',,,גבינה פטה 500 גרם -,גרמים,500.00,100 גרם,false,,24.90,4.9800,true,1,148175
7290108509700,false,"אורז פרסי DAAWAT 1 ק""ג",אל טי פוד,IN,"אורז פרסי 1 ק""ג DAAW",קילוגרמים,1.00,"ק""ג",false,,10.90,10.9000,true,1,190266
7290108509816,false,גבינת בייבי מוצרלה 22 שומן 22% 200 גרם,,,גבינת בייבי מוצרלה 2,גרמים,200.00,100 גרם,false,,15.90,7.9500,true,1,178812
7290108970753,false,מטריה סופר מיני אוטו,,,מטריה סופר מיני אוטו,גרמים,405.00,100 גרם,false,,39.90,9.8519,true,1,90506
7290109351025,false,חומוס צבר מלך חומוס טחינה חלק 400ג',סלטי צבר,IL,מלך החומוס חומוס טחי,גרמים,400.00,100 גרם,false,,15.90,3.9750,true,1,19936
7290109351971,false,פיטנס בר פריכיות שוקולד חלב 84 גרם,CA,IL,בר פריכיות שוקולד חל,גרמים,84.00,100 גרם,false,,16.90,20.1190,true,1,19941
7290109354101,false,לחמית ללא גלוטן 200 ג' אסם,אסם,IL,לחמית ללא גלוטן 200,גרמים,200.00,100 גרם,false,,11.90,5.9500,true,1,19135
7290109354996,false,פתי בר ללא גלוטן שוקו 200 גרם אסם,מיוצר עי קונדיטוריית,IL,אסם פתי בר ללא גלוטן,גרמים,200.00,100 גרם,false,,12.90,6.4500,true,1,19140
7290109355504,false,שלגון וניל במילוי נוגט קראנץ 100 גרם,נטו מלינדה-בשר,IL,קראנץ' וניל ליבת נוג,גרמים,72.00,100 גרם,false,,10.50,14.5833,true,1,16192
7290109580043,false,"שניצל תירס קלאסי זוגלובק 1.75 ק""ג",,IL,זוגלובק שניצל תירס 1,קילוגרמים,1.75,"ק""ג",false,,51.90,29.6571,true,1,95794
7290109580050,false,נקנקיות צ'וריסוס וונדרס 226 ג',זוגלובק 2000,IL,נקנקיות צ'וריסוס מן,גרמים,226.00,100 גרם,false,,35.90,15.8850,true,1,123334
7290109580104,false,רוסביף פרימיום 150 גרם זוגלובק,זוגלובק,IL,רוסטביף זוגלובק פרמי,גרמים,150.00,100 גרם,false,,26.90,17.9333,true,1,124591
7290109580111,false,"צלעות אסאדו מעושנות פרימיום, 120 גרם",זוגלובק,IL,צלעות אסאדו מעושנות,גרמים,180.00,100 גרם,false,,26.90,14.9444,true,1,255671
7290109580166,false,סרוולד קלאסי פרימיום 150 גרם זוגלובק,זוגלובק,IL,סרוולד קלאסי זוגלובק,גרמים,150.00,100 גרם,false,,26.90,17.9333,true,1,124595
7290109580241,false,נאגטס מן הצומח זוגלובק 500 גרם,זוגלובק,IL,נאגטס מן הצומח זוגלו,גרמים,500.00,100 גרם,false,,19.90,3.9800,true,1,343925
7290109580319,false,בורגר וונדרס 280 ג' WONDERS,זוגלובק,IL,בורגר מן הצומח וונדר,גרמים,280.00,100 גרם,false,,35.90,12.8214,true,1,230445
7290109580449,false,סלמי בטעם כמהין פרימיום 180 ג' זוגלובק,זוגלובק,IL,סלמי בטעם כמהין פרימ,גרמים,180.00,100 גרם,false,,26.90,14.9444,true,1,343926
7290109640464,false,"יוגורט עיזים טבעי 250 מ""ל","טרופיקל דגיל בע""מ אז",IL,פתיתים טבעוניים בסגנ,גרמים,150.00,100 גרם,false,,19.90,13.2667,true,1,177634
7290109920603,false,"אסטוניש קרם לניקוי המטבח 500 מ""ל",,IL,אסטוניש קרם מטבח 500,מיליליטרים,500.00,"100 מ""ל",false,,15.90,3.1800,true,1,11387
7290110058814,false,ביצי שוקולד סמיילי שלישייה,,,שלישיית ביצי שוקולד,גרמים,60.00,100 גרם,false,,15.90,26.5000,true,1,33366
7290110110369,false,שישיית בירה קרלסברג LUMA בקבוק 330 מל,מבשלות בירה בינלאומי,IL,שישיית בירה קרלסברג,ליטרים,1.98,ליטר,false,,37.70,19.0404,true,1,71081
7290110110451,false,"פריגת צלול ענבים 500 מ""ל",מבשלות בירה בינלאומי,IL,פריגת צלול ענבים 500,מיליליטרים,500.00,"100 מ""ל",false,,6.00,1.2000,true,1,7185
7290110110574,false,"קוקה קולה זירו לימון פחית 330 מ""ל",החברה המרכזית לייצור,IL,פחית סליק קולה ZERO,מיליליטרים,330.00,"100 מ""ל",false,,5.50,1.6667,true,1,7191
7290110110659,false,"ספרייט לימון ליים פחית 330מ""ל",החברה המרכזית לייצור,IL,סליק ספרייט חדש 330,מיליליטרים,330.00,"100 מ""ל",false,,5.50,1.6667,true,1,7197
7290110114787,false,נביעות+תפוח 1.5 ליטר פיקדון,נביעות טבע הגליל בעמ,IL,נביעות + תפוח 1.5 לי,ליטרים,1.50,ליטר,false,,9.50,6.3333,true,1,192882
7290110114800,false,נביעות פלוס בטעם ענבים 1.5 ליטר-,"נביעות טבע הגליל בע""",IL,נביעות + ענבים 1.5 ל,ליטרים,1.50,ליטר,false,,9.50,6.3333,true,1,192899
7290110114855,false,"נביעות מים מינרליים, שישיה 6 * 1.5 ליטר פקדון",נביעות טבע הגליל בעמ,IL,מי נביעות שישייה 1.5,ליטרים,9.00,ליטר,false,,14.90,1.6556,true,1,192937
7290110114893,false,פריגת סחוט טרי תפוז 2 ליטר,גת,IL,פריגת סחוט תפוזים 2,ליטרים,2.00,ליטר,false,,29.20,14.6000,true,1,192837
7290110114916,false,פריגת סחוט לימון נענע 2 ליטר,גת,IL,פריגת סחוט לימונענע,ליטרים,2.00,ליטר,false,,29.20,14.6000,true,1,192838
7290110114961,false,מיץ בטעם תפוזים 1.5ל' פריגת,מבשלות בירה בינלאומי,IL,פריגת תפוזים 1.5 ליט,ליטרים,1.50,ליטר,false,,9.90,6.6000,true,1,192938
7290110114985,false,פריגת אשכולית 1.5 ליטר פיקדון,מבשלות בירה בינלאומי,IL,פריגת אשכולית 1.5 לי,ליטרים,1.50,ליטר,false,,9.90,6.6000,true,1,192952
7290110114992,false,פריגת light אשכולית 1.5 ליטר פיקדון,מבשלות בירה בינלאומי,IL,פריגת דיאט אשכולית 1,ליטרים,1.50,ליטר,false,,9.90,6.6000,true,1,192965
7290110115005,false,פריגת ענבים 1.5 ליטר פיקדון,מבשלות בירה בינלאומי,IL,פריגת ענבים 1.5 ליטר,ליטרים,1.50,ליטר,false,,9.90,6.6000,true,1,192978
7290110115036,false,פריגת מנגו 1.5 ליטר פיקדון,מבשלות בירה בינלאומי,IL,פריגת מנגו 1.5 ליטר,ליטרים,1.50,ליטר,false,,9.90,6.6000,true,1,193029
7290110115043,false,פריגת לימונענע 1.5 ליטר פיקדון,מבשלות בירה בינלאומי,IL,פריגת לימונענע 1.5 ל,ליטרים,1.50,ליטר,false,,9.90,6.6000,true,1,193030
7290110115050,false,פריגת מיקס תות בננה 1.5 ליטר פיקדון,מבשלות בירה בינלאומי,IL,פריגת מיקס תות בננה,ליטרים,1.50,ליטר,false,,9.90,6.6000,true,1,193031
7290110115074,false,פריגת תפוח דובדבן 1.5 ליטר פיקדון,מבשלות בירה בינלאומי,IL,פריגת דובדבן 1.5 ליט,ליטרים,1.50,ליטר,false,,9.90,6.6000,true,1,193077
7290110115180,false,מים נביעות בקבוק 1.5,"נביעות טבע הגליל בע""",IL,נביעות 1.5 ליטר,ליטרים,1.50,ליטר,false,,4.20,2.8000,true,1,219034
7290110115203,false,קוקה קולה 1.5 ליטר פיקדון,,IL,קוקה קולה 1.5 ליטר,ליטרים,1.50,ליטר,false,,8.90,5.9333,true,1,193128
7290110115210,false,דיאט קוקה קולה 1.5 ליטר פיקדון,,IL,דיאט קוקה קולה 1.5 ל,ליטרים,1.50,ליטר,false,,8.90,5.9333,true,1,193142
7290110115227,false,קוקה קולה זירו 1.5 ליטר -,,IL,קוקה קולה זירו בקבוק,ליטרים,1.50,ליטר,false,,8.90,5.9333,true,1,193143
7290110115234,false,קוקה קולה זירו נטול 1.5 ליטר -,החברה המרכזית לייצור,IL,קולה ZERO נטול 1.5 ל,ליטרים,1.50,ליטר,false,,8.90,5.9333,true,1,193144
7290110115241,false,קוקה קולה זירו לימון 1.5 ליטר -,החברה המרכזית לייצור,IL,קולה ZERO לימון 1.5,ליטרים,1.50,ליטר,false,,8.90,5.9333,true,1,193145
7290110115265,false,ספרייט לימון ליים 1.5 ליטר-,,IL,ספרייט 1.5 ליטר LIME,ליטרים,1.50,ליטר,false,,8.90,5.9333,true,1,193225
7290110115272,false,ZERO ספרייט 1.5 ליטר פיקדון,,IL,ספרייט זירו 1.5 ליטר,ליטרים,1.50,ליטר,false,,8.90,5.9333,true,1,193238
7290110115296,false,פאנטה אורנג' 1.5 ליטר פיקדון,החברה המרכזית לייצור,IL,פאנטה אורנג' 1.5 ליט,ליטרים,1.50,ליטר,false,,9.90,6.6000,true,1,193266
7290110115319,false,פאנטה אקזוטיק 1.5 ליטר פיקדון,החברה המרכזית לייצור,IL,פאנטה אקזוטיק 1.5 לי,ליטרים,1.50,ליטר,false,,9.90,6.6000,true,1,193282
7290110115357,false,קינלי סודה 1.5 ליטר פיקדון,,IL,קינלי סודה 1.5 ליטר,ליטרים,1.50,ליטר,false,,5.50,3.6667,true,1,193298
7290110115364,false,קוקה קולה שישיות 1.5 ליטר פיקדון,החברה המרכזית לייצור,IL,קוקה קולה 6*1.5 ליטר,ליטרים,9.00,ליטר,false,,49.90,5.5444,true,1,193147
7290110115401,false,קינלי סודה שישיה 1.5 ליטר פיקדון,החברה המרכזית לייצור,IL,קינלי סודה 6*1.5 ליט,ליטרים,9.00,ליטר,false,,14.90,1.6556,true,1,209815
7290110115418,false,מארז שישייה קוקה קולה זירו 1.5 ל',החברה המרכזית לייצור,IL,קוקה קולה זירו שישיי,ליטרים,9.00,ליטר,false,,49.90,5.5444,true,1,193162
7290110115449,false,אייס תה בטעם מנגו אננס 1.5ל' FUZE TEA,מבשלות בירה בינלאומי,IL,פיוז טי מנגו אננס 1.,ליטרים,1.50,ליטר,false,,9.50,6.3333,true,1,193313
7290110115463,false,אייס תה בטעם אפרסק 1.5ל' FUZE TEA,מבשלות בירה בינלאומי,IL,פיוז טי אפרסק 1.5 לי,ליטרים,1.50,ליטר,false,,9.50,6.3333,true,1,193315
7290110115869,false,קוקה קולה זירו 1.5 ליטר פיקדון,תות תעשיות מזון (201,IL,קוקה קולה זירו בקבוק,ליטרים,1.50,ליטר,false,,8.90,5.9333,true,1,396623
7290110116149,false,סירופ בטעם ענבים 750 מל פריגת,פריגת,IL,סירופ פריגת טעם ענבי,מיליליטרים,750.00,"100 מ""ל",false,,21.90,2.9200,true,1,345143
7290110116200,false,מים 0 קלוריות בטעם לימון-ליים 0.5 ל נביעות,"נביעות טבע הגליל בע""",IL,נביעות+ פרי בטעם מנג,מיליליטרים,500.00,"100 מ""ל",false,,7.20,1.4400,true,1,373344
7290110116224,false,מים 0 קלוריות בטעם אשכולית 0.5 ל נביעות,"נביעות טבע הגליל בע""",IL,נביעות+ אשכולית 0 קל,מיליליטרים,500.00,"100 מ""ל",false,,7.20,1.4400,true,1,373345
7290110116484,false,מיץ סחוט תות בננה 1 ל' פריגת,גת,IL,פריגת סחוט MIX תות ב,ליטרים,1.00,ליטר,false,,14.90,14.9000,true,1,389505
7290110116491,false,מיץ סחוט אפרסק משמש 1 ל' פריגת,גת,IL,פריגת סחוט MIX אפרסק,ליטרים,1.00,ליטר,false,,14.90,14.9000,true,1,389518
7290110116507,false,מיץ מיקס אננה בננה אגס 1 ל' פריגת,גת,IL,פריגת סחוט MIX אננס,ליטרים,1.00,ליטר,false,,14.90,14.9000,true,1,389519
7290110116514,false,"פריגת מיקס תות בננה 400 מ""ל",גת,IL,פריגת סחוט MIX תות ב,מיליליטרים,400.00,"100 מ""ל",false,,8.90,2.2250,true,1,400881
7290110116521,false,"פריגת מיקס אפרסק משמש 400 מ""ל",גת,IL,פריגת סחוט MIX אפרסק,מיליליטרים,400.00,"100 מ""ל",false,,8.90,2.2250,true,1,400882
7290110320850,false,פתיתים גבינה 28% שומן 200 ג' עמק,תנובה מרכז שיתופי לש,IL,עמק פתיתים 200 גרם,גרמים,200.00,100 גרם,false,,16.90,8.4500,true,1,26151
7290110320867,false,פתיתים גבינה 28% שומן 500 ג' עמק,"תנובה, מחלבת תל יוסף",IL,עמק פתיתים למאפים 28,גרמים,500.00,100 גרם,false,,36.90,7.3800,true,1,26152
7290110320935,false,גבינת מוצרלה תנובה 150ג' פרוסות,תנובה מחלבת תל יוסף,IL,פרוסות מוצרלה 150 גר,גרמים,150.00,100 גרם,false,,18.90,12.6000,true,1,26157
7290110321031,false,מעדן חלב GO יוגורט מועשר בחלבון טבעי 200 ג' יופלה,"תנובה, מחלבת אלון תב",IL,יופלה גו 200 גרם תנו,גרמים,200.00,100 גרם,false,,5.90,2.9500,true,1,26165
7290110321277,false,קוטג' בקטנה % 5 100 ג' תנובה,פארייפאבה אגרואינדוס,IL,קוטג' תנובה בקטנה 5,גרמים,100.00,100 גרם,false,,2.90,2.9000,true,1,26183
7290110321284,false,קוטג' בקטנה 9% 100 ג' תנובה,פארייפאבה אגרואינדוס,IL,קוטג' תנובה בקטנה 9,גרמים,100.00,100 גרם,false,,2.90,2.9000,true,1,26184
7290110321680,false,יופלה GO טעם תות 200 גרם,מיוצר עי קונדיטוריית,IL,יופלה גו בטעם תות 20,גרמים,200.00,100 גרם,false,,6.20,3.1000,true,1,26206
7290110321697,false,יופלה גו בטעם אפרסק,מיוצר עי קונדיטוריית,IL,יופלה גו בטעם אפרסק,מיליליטרים,200.00,"100 מ""ל",false,,6.20,3.1000,true,1,26207
7290110322014,false,טופו טבעי ALTERNATIVE 300 גרם,שוורצקוף& הנקל דיסלד,IL,טופו טבעי 300 גרם,גרמים,300.00,100 גרם,false,,13.50,4.5000,true,1,26227
7290110323714,false,משקה קוקוס שקדים 1 ל' ALTERNATIVE,מיוצר עי קונדיטוריית,IL,תנובה משקה קוקוס שקד,יחידה,0.00,יחידה,false,,14.90,0.0000,true,1,26304
7290110324353,false,יופלה אננס לייט 200 מל GO,"תנובה בע""מ",IL,יופלה גו לייט בטעם א,גרמים,200.00,100 גרם,false,,6.20,3.1000,true,1,26345
7290110324711,false,"ממרח סויה בסגנון גבינה טעם טבעי בד""צ",מיוצר עי קונדיטוריית,IL,ממרח סויה 9% בטעם טב,גרמים,250.00,100 גרם,false,,9.90,3.9600,true,1,26372
7290110324926,false,משקה סויה ללא תוספת סוכר 1 ליטר,"תנובה בע""מ",IL,משקה סויה ללא תוספת,יחידה,0.00,יחידה,false,,12.50,0.0000,true,1,26387
7290110325305,false,מעדן סויה גו 20 גרם חלבון במתיקות מעודנת,מיוצר עי קונדיטוריית,IL,יופלה סויה גו 20 גרם,גרמים,200.00,100 גרם,false,,6.20,3.1000,true,1,26403
7290110325312,false,מעדן סויה גו 20 גרם חלבון בטעם תות,"תנובה בע""מ",IL,יופלה סויה גו 20 גרם,גרמים,200.00,100 גרם,false,,6.20,3.1000,true,1,26404
7290110325510,false,יופלה טיוב יוגורט במרקם חלק בטעם וניל - 348 ג',"תנובה בע""מ",IL,יופלה טיוב יוגורט במ,מיליליטרים,348.00,"100 מ""ל",false,,12.90,3.7069,true,1,26409
7290110325619,false,אלטרנטיב משקה שיבולת שועל 1 ליטר,מיוצר עי קונדיטוריית,IL,תנובה משקה שיבולת שו,יחידה,0.00,יחידה,false,,14.90,0.0000,true,1,26413
7290110326333,false,פרוסות גבינה סקנדינבית 170 גרם,פ.פ.ח. שאביט,IL,פרוסות גבינה סקנדינב,גרמים,170.00,100 גרם,false,,19.80,11.6471,true,1,137179
7290110327033,false,משקה סויה תנובה גו מועשר בחלבון מתיקות מופחתת,מיוצר עי קונדיטוריית,IL,משקה סויה תנובה GO מ,יחידה,0.00,יחידה,false,,15.20,0.0000,true,1,85049
7290110327514,false,משקה שיבולת שועל בטעם אגוזי לוז 1 ל' alternative,תנובה,IL,משקה שיבולת שועל בטע,יחידה,0.00,יחידה,false,,14.90,0.0000,true,1,155258
7290110327798,false,חטיף חלבון GO בטעם שוקולד 20 גרם חלבון,"בלמונט קונפקציות בע""",US,GO חטיף חלבון בטעם ש,גרמים,60.00,100 גרם,false,,12.90,21.5000,true,1,141261
7290110328627,false,יוגורט סמיך 0% בננה קרמל יופלה 200 ג' GO,מיוצר עי קונדיטוריית,IL,יוגורט גו סמיך 0% בנ,גרמים,200.00,100 גרם,false,,6.20,3.1000,true,1,145074
7290110328764,false,יוגורט סמיך 0% תות יופלה 200 ג' GO,מיוצר עי קונדיטוריית,IL,יוגורט גו סמיך 0% תו,גרמים,200.00,100 גרם,false,,6.20,3.1000,true,1,145090
7290110328771,false,יוגורט סמיך 0% פירות יער יופלה 200 ג' GO,מיוצר עי קונדיטוריית,IL,יוגורט גו סמיך 0% פי,גרמים,200.00,100 גרם,false,,6.20,3.1000,true,1,145075
7290110328788,false,יוגורט סמיך 0% אפרסק יופלה 200 ג' GO,תנובה בעמ,IL,יוגורט גו סמיך 0% אפ,גרמים,200.00,100 גרם,false,,6.20,3.1000,true,1,145076
7290110329136,false,מעדן חלב מעושר בחלבון בטעם שוקולד 120 ג' GO,"תנובה בע""מ",IL,מעדן חלב גו בטעם שוק,גרמים,120.00,100 גרם,false,,4.90,4.0833,true,1,199642
7290110329143,false,מעדן חלב מעושר בחלבון בטעם וניל גביע 120 ג' GO,"תנובה בע""מ",IL,מעדן חלב גו בטעם וני,גרמים,120.00,100 גרם,false,,4.90,4.0833,true,1,199604
7290110329266,false,יוגורט תנובה מחלב עיזים מלא תנובה 140 ג',תנובה,IL,יוגורט מחלב עיזים מל,גרמים,140.00,100 גרם,false,,6.90,4.9286,true,1,160661
7290110329303,false,פרוסות בטעם צהובה קלאסית אלטרנטיב 200 גר,תנובה,IL,פרוסות צהובה קלאסית,גרמים,200.00,100 גרם,false,,22.90,11.4500,true,1,199655
7290110329792,false,יוגורט סויה BIO Alternative אפרסק 150 ג' תנובה,מיוצר עי קונדיטוריית,IL,סויה BIO אפרסק גביע,גרמים,150.00,100 גרם,false,,4.90,3.2667,true,1,240233
7290110329815,false,סויה BIO מתיקות מעודנת גביע 150 גרם Alternativ,מיוצר עי קונדיטוריית,IL,סויה BIO מתיקות מעוד,גרמים,150.00,100 גרם,false,,4.90,3.2667,true,1,240235
7290110329822,false,יוגורט סויה BIO Alternative פירות יער 150 ג' תנובה,מיוצר עי קונדיטוריית,IL,סויה BIO פירות יער ג,גרמים,150.00,100 גרם,false,,4.90,3.2667,true,1,240236
7290110329839,false,פרוסות צהובה בטעם זיתים 200 ג' אלטרנטיב,מיוצר עי קונדיטוריית,IL,פרוסות צהובה בטעם זי,גרמים,200.00,100 גרם,false,,22.90,11.4500,true,1,200132
7290110329846,false,יוגורט סויה BIO Alternative בטעם טבעי 150 ג' תנובה,"תנובה בע""מ",IL,סויה BIO טבעי גביע 1,גרמים,150.00,100 גרם,false,,4.90,3.2667,true,1,240237
7290110550202,false,מטבעות שוקולד חלב לאפיה 400 גרם עלית,,IT,מטבעות שוקולד חלב לא,גרמים,400.00,100 גרם,false,,31.90,7.9750,true,1,300715
7290110553425,false,קפה נמס 200 גרם +20% תוספת עלית,,IL,קפה נמס עלית פחית מו,גרמים,240.00,100 גרם,false,,22.90,9.5417,true,1,236676
7290110554507,false,עלית - קפה טורקי תימני 100 גרם,שטראוס קפה בי.וי.,IL,קפה טורקי תימני עלית,גרמים,100.00,100 גרם,false,,9.90,9.9000,true,1,354168
7290110554514,false,עלית - קפה טורקי אתיופי 100 גרם,שטראוס,IL,קפה טורקי אתיופי עלי,גרמים,100.00,100 גרם,false,,9.90,9.9000,true,1,354169
7290110554699,false,"קפה עולה קפסולות אספרסו קלייה איטית וכהה מאוד, 10 * 50 ג'",שטראוס קפה בי.וי.,IL,"שת""פ קפה 50 גרם עולה",גרמים,50.00,100 גרם,false,,19.90,39.8000,true,1,390972
7290110554705,false,"קפסולות קפה יונילקו אספרסו קלוי וטחון, 10 * 50 ג'",שטראוס קפה בי.וי.,IL,"קפסולות שת""פ קפה 50",גרמים,50.00,100 גרם,false,,19.90,39.8000,true,1,390973
7290110555603,false,אבקת שוקולוטה ספלנדיד 360 גרם עלית,"ג'אלוסיס י. בע""מ",GR,אבקה להכנת שוקולטה ס,גרמים,360.00,100 גרם,false,,22.90,6.3611,true,1,400945
7290110555665,false,אבקת קקאו דל שומן 220 גרם עלית,,GR,אבקת קקאו דל שומן 22,גרמים,220.00,100 גרם,false,,18.90,8.5909,true,1,400135
7290110556242,false,עלית - שוקולד מריר פרווה בדץ 100 גרם,"שטראוס גרופ בע""מ.",FR,שוקולד מריר מעולה 10,גרמים,100.00,100 גרם,false,,6.00,6.0000,true,1,386064
7290110557102,false,מעדן חלב עם שוקולד מועשר בחלבון 150 ג' שטראוס,מיוצר עי קונדיטוריית,IL,מעדן פרו חלב עם שוקו,גרמים,150.00,100 גרם,false,,5.90,3.9333,true,1,178253
7290110557133,false,מעדן הגולן וניל 125 ג' שטראוס,מיוצר עי קונדיטוריית,IL,מעדן הגולן מעדן חלב,גרמים,125.00,100 גרם,false,,3.50,2.8000,true,1,191184
7290110558307,false,דנונה פרו 20 גר' חלבון עם שיבולת שועל 200 גרם,"שטראוס בריאות בע""מ",IL,דנונה פרו עם שיבולת,מיליליטרים,200.00,"100 מ""ל",false,,6.90,3.4500,true,1,319437
7290110558314,false,"פרו 20 יוגורט בטעם פיסטוק 0%, 200 ג דנונה","שטראוס בריאות בע""מ",IL,דנונה פרו ללא סוכר 2,גרמים,200.00,100 גרם,false,,6.20,3.1000,true,1,364527
7290110559748,false,ריל - מאגדת שקדים קוקוס ושוקולד מריר 35 גרם * 3,,,מאגדת חטיף Real אנר,גרמים,105.00,100 גרם,false,,15.90,15.1429,true,1,365013
7290110560317,false,פריכיות משולשות מלח ים 30 ג' הטעימות,"פרח תעשיו מזון בע""מ",IL,פריכיות משולשות מלח,גרמים,30.00,100 גרם,false,,5.90,19.6667,true,1,22965
7290110560324,false,פריכיות משולשות אפונה ירוקה 30 ג' הטעימות,"פרח תעשיו מזון בע""מ",IL,פריכיות משולשות אפונ,גרמים,30.00,100 גרם,false,,5.90,19.6667,true,1,22966
7290110561352,false,דנונה יוגורט ביו פרוביוטי 3% דל לקטוז 150ג',"שטראוס בריאות בע""מ",IL,דנונה ביו דל לקטוז ב,גרמים,200.00,100 גרם,false,,3.90,1.9500,true,1,23899
7290110563431,false,"משקה קפה קר בסגנון קלאסי 230 מ""ל 1.6% יוטבתה",האי נאם סי או אל.טי.,AT,יטבתה משקה קפה קר בס,מיליליטרים,230.00,"100 מ""ל",false,,7.90,3.4348,true,1,23912
7290110563448,false,"משקה קפה קר בסגנון מעודן 230 מ""ל 1.6% יוטבתה",האי נאם סי או אל.טי.,AT,יטבתה משקה קפה קר בס,מיליליטרים,230.00,"100 מ""ל",false,,7.90,3.4348,true,1,23913
7290110563462,false,חלב בבקבוק נטול לקטוז 2% יטבתה 1 ל',מחלבת יטבתה,IL,יטבתה חלב בבקבוק נטו,ליטרים,1.00,ליטר,false,,8.90,8.9000,true,1,23915
7290110564339,false,חומוס אחלה הסידרה המובחר 30% טחינה 400 גר',מיוצר עי קונדיטוריית,IL,חומוס הסדרה המובחרת,גרמים,400.00,100 גרם,false,,15.90,3.9750,true,1,23922
7290110564360,false,חומוס אחלה הסידרה המובחר 40% טחינה 400 גר',מיוצר עי קונדיטוריית,IL,חומוס אחלה עשיר ב 40,גרמים,400.00,100 גרם,false,,15.90,3.9750,true,1,23923
7290110565435,false,ג'לי לימבו פטל חלבי שטראוס 125ג',,IL,לימבו בטעם פטל 0% שו,גרמים,125.00,100 גרם,false,,2.50,2.0000,true,1,23938
7290110565527,false,דנונה פרו 1.5% יוגורט 20ג' חלבון 200ג',"שטראוס בריאות בע""מ",IL,דנונה PRO 20 גרם חלב,גרמים,200.00,100 גרם,false,,6.20,3.1000,true,1,23940
7290110566975,false,דנונה פרו יוגורט 0% תות עשיר בחלבון 200ג',"שטראוס בריאות בע""מ",IL,דנונה PRO 20 גרם חלב,גרמים,200.00,100 גרם,false,,6.20,3.1000,true,1,23950
7290110568627,false,עלית - פסק זמן רול שוקולד חלב עם קרם אגוזים 26 גרם,,TR,פסק זמן רול ש.חלב עם,גרמים,28.00,100 גרם,false,,4.90,17.5000,true,1,60603
7290110568924,false,עלית - פסק זמן רול שוקולד חלב עם קרם חלב וקוקוס 26 גרם,,TR,פסק זמן רול ש.חלב עם,גרמים,26.00,100 גרם,false,,4.90,18.8462,true,1,63210
7290110570224,false,משקה קפה קר בטעם עוגיות 230ג' יוטבתה,אנסטל מילק kg,AT,משקה קפה קר בטעם עוג,מיליליטרים,230.00,"100 מ""ל",false,,7.90,3.4348,true,1,344075
7290110571405,false,עלית - מיני פינוקיות בגביע פסק זמן 180 גרם,הגביע מוצרי ופלים בע,IL,מיני פינוקיות פסק זמ,גרמים,180.00,100 גרם,false,,11.90,6.6111,true,1,400026
7290110571412,false,עלית - מיני פינוקיות בגביע פאדג' 180 גרם,הגביע מוצרי ופלים בע,IL,מיני פינוקיות בגביע,גרמים,180.00,100 גרם,false,,11.90,6.6111,true,1,400027
7290110572129,false,כיף כף מקלות שוקולד לבן 40 ג' עלית,,,כיף כף מקלות שוקולד,גרמים,40.00,100 גרם,false,,5.80,14.5000,true,1,401652
7290110572969,false,כיף כף פצפצים עקרם לבן 40ג' עלית,שולן צ'יקולטה גידה ס,TR,כיף כף פצפצים קרם לב,גרמים,40.00,100 גרם,false,,5.80,14.5000,true,1,364663
7290110572976,false,כיף כף פצפצים קרם לבן 135 ג עלית,שולן צ'יקולטה גידה ס,TR,כיף כף פצפצים קרם לב,גרמים,135.00,100 גרם,false,,12.60,9.3333,true,1,364577
7290110574420,false,עלית - פופקורן בטעם פסק זמן 70 גרם,סראנו בעבור שטראוס,קפריסין,נשנושי פופקורן מתוק,גרמים,70.00,100 גרם,false,,7.90,11.2857,true,1,404459
7290110576370,false,מאגדת שלישיית שוקולד אגוז מריר 300 ג' עלית,דיפה,FR,מארז שלישיית אגוז מ,גרמים,300.00,100 גרם,false,,28.40,9.4667,true,1,388506
7290110576752,false,טבלאות שוקולד ספלנדיד מריר 70% 100 ג' עלית,קימ'ס גריפלנן,BE,שוקולד ספלנדיד מריר,גרמים,100.00,100 גרם,false,,12.90,12.9000,true,1,400161
7290110576776,false,טבלאות שוקולד ספלנדיד מריר 85% 100 ג' עלית,קימ'ס גריפלנן,BE,שוקולד ספלנדיד מריר,גרמים,100.00,100 גרם,false,,12.90,12.9000,true,1,400162
7290111093982,false,טרופיקל תחליב רחצה פסיפלורה ואינקה אינצ'י דר עור,,,תחליב רחצה פסיפלורה,מיליליטרים,700.00,"100 מ""ל",false,,22.90,3.2714,true,1,389334
7290111094392,false,"טרופיקל תחליב רחצה קוקוס וליים 700 מ""ל דר עור",,,תחליב רחצה קוקוס ולי,מיליליטרים,700.00,"100 מ""ל",false,,22.90,3.2714,true,1,389335
7290111097836,false,מגבונים דוחה אבק למשטחים בניחוח מרכך כביסה 50 יח' קוויק,,,קוויק מגבונים לניקוי,יחידה,0.00,יחידה,false,,9.90,0.0000,true,1,261381
7290111098536,false,מגבונים לחים לתינוק,,,מגבונים לחים לתינוק,יחידה,0.00,יחידה,false,,14.90,0.0000,true,1,285676
7290111340178,false,מטליות לחות ניקול לניקוי כללי בניחוח מרכך כביסה 50 יח',,,מטליות לחות לניקוי כ,יחידה,0.00,יחידה,false,,13.90,0.0000,true,1,9118
7290111341984,false,לילי - מגבוני נייר טואלט לח פיור רביעייה,קימברלי,IL,לילי טואלט לח PURE מ,יחידה,0.00,יחידה,false,,21.90,0.0000,true,1,9149
7290111342042,false,כריות יפניות ניקול לניקוי אנטיבקטריאלי 4,סנו,IL,כריות יפניות אנטיבקט,יחידה,0.00,יחידה,false,,14.90,0.0000,true,1,9152
7290111343117,false,ממחטות אף קלינקס לושן סופט פק 140 דף,קימברלי,IL,טישו לושן סופט קליני,יחידה,0.00,יחידה,false,,14.90,0.0000,true,1,97368
7290111343445,false,מגבונים לחים אנטיבקטריאליים לניקוי וחיטוי משטחים 70% אלכוהול ALCO-WIPES,חוגלה קימברלי,IL,מגבונים לחים לניקוי,יח',160.00,יח',false,,28.90,0.1806,true,1,65421
7290111343797,false,מטליות לחות לניקוי חלונות 48 יח' ניקול,עלבד,IL,ניקול מטליות לחות לנ,יח',50.00,יח',false,,10.90,0.2180,true,1,83510
7290111344138,false,"מטליות ניקול רב""ש אנטיבקטריאליות 6 יח",עלבד,IL,מטליות לחות אנטיבקטר,יח',0.00,יח',false,,14.90,0.0000,true,1,71837
7290111344206,false,האגיס נטורל קר מגבונים לחים בבישום עדין רביעייה,קימברלי,IL,מגבוני האגיס נטורל ק,יחידה,0.00,יחידה,false,,21.90,0.0000,true,1,187776
7290111344930,false,מטליות לחות לרצפה בניחוח מרכך כביסה 10 יח' ניקול,,IL,מטליות לחות לניקוי ר,יח',10.00,יח',false,,18.90,1.8900,true,1,215656
7290111345814,false,נייר טואלט לילי נטורל קר 30 גלילים מהדורה,קימברלי,IL,נייר טואלט נטורל קר,יח',30.00,יח',false,,37.20,1.2400,true,1,215617
7290111345821,false,נייר טואלט לילי לבן גמבו 16 גל=32 גל,קימברלי,IL,נייר טואלט נטורל קר,יח',16.00,יח',false,,38.90,2.4312,true,1,215630
7290111350030,false,רסק תפוחי עץ טבעי בצנצנת 670 גרם קלית גת,טעמי הגליל,IL,רסק תפוחי עץ טבעי קל,גרמים,670.00,100 גרם,false,,10.90,1.6269,true,1,12797
7290111352973,false,יוגטה קוביות חמוצות 220 גרם ללא ג'לטין,סאדאט,IL,יוגטה קוביות חמוציות,גרמים,220.00,100 גרם,false,,6.90,3.1364,true,1,83384
7290111563492,false,סלטי צבר מטבוחה חריפה מרובע 6*400גרם,סלטי צבר,IL,צבר מרובע מטבוחה חר,גרמים,400.00,100 גרם,false,,13.50,3.3750,true,1,19985
7290111564277,false,פריכיות פיטנס שלושה דגנים דקות 120 גר,PT,IL,פריכיות 3 דגנים דקות,גרמים,120.00,100 גרם,false,,11.90,9.9167,true,1,19209
7290111564291,false,פריכיות דקות משלושה דגנים וקינואה,PT,IL,פריכיות קינואה דקות,גרמים,120.00,100 גרם,false,,11.90,9.9167,true,1,19210
7290111565502,false,ארטיק אוראו וניל ועוגיות סנדוויץ נסטלה 80 ג',ג'נרל מילס סאן אדריא,IT,סנדוויץ אוראו,יחידה,0.00,יחידה,false,,9.90,0.0000,true,1,16208
7290111566271,false,טבעול חטיפי תירס 657 גר',טבעול,IL,חטיפי תירס טבעול 65,גרמים,657.00,100 גרם,false,,35.90,5.4642,true,1,19998
7290111566417,false,טבעול טחון צמחוני 500 גר',טבעול,IL,טחון מן הצומח 500,גרמים,500.00,100 גרם,false,,35.90,7.1800,true,1,20002
7290111566561,false,שניצל ברוקולי 99 קלוריות טבעול 560 גר,טבעול ישראל,IL,טבעול שניצל ברוקולי,גרמים,630.00,100 גרם,false,,35.90,5.6984,true,1,20005
7290111566585,false,טבעול שניצל צמחוני 99 קלוריות 650 גר',טבעול ישראל,IL,שניצל מן הצומח מופח,גרמים,650.00,100 גרם,false,,35.90,5.5231,true,1,20006
7290111566714,false,טבעול המבורגר צמחוני 99 קלוריות 600 גר',טבעול,IL,המבורגר מן הצומח 6,גרמים,600.00,100 גרם,false,,35.90,5.9833,true,1,20009
7290111566752,false,טבעול שניצל תירס 99 קלוריות 693 גר',טבעול ישראל,IL,שניצל תירס לייט טבעו,גרמים,693.00,100 גרם,false,,35.90,5.1804,true,1,20011
7290111566776,false,טבעול נקניקיות קוקטייל צמחוניות 680 גר',טבעול ישראל,IL,נקנקיות קוקטייל מן,גרמים,680.00,100 גרם,false,,35.90,5.2794,true,1,20012
7290111568251,false,אטריות נודלס להקפצה אסם אסייתי 350 גר',תאי פרזידנטפוד,TH,נודלס אטריות להקפצה,גרמים,350.00,100 גרם,false,,10.90,3.1143,true,1,19257
7290111568275,false,אטריות נודלס אורז רחבות אסם אסייתי 300גרם,תאי פרזידנט,TH,נודלס אטריות אורז רח,גרמים,300.00,100 גרם,false,,10.90,3.6333,true,1,19258
7290111870897,false,מרשמלו מסולסל ארוך בשקית 18 גר'-LOL,,CN,מרשמלו מסולסל ארוך 1,גרמים,432.00,100 גרם,false,,32.90,7.6157,true,1,184553
7290111879074,false,בקבוק טריטן מרובע 60,,,בקבוק טריטן מרובע 60,יחידה,0.00,יחידה,false,,24.90,0.0000,true,1,33395
7290111930898,false,חטיף פוף כוכבים גריל אמריקאי 40 גרם,מנה,IL,פוף כוכבים גריל אמרי,גרמים,40.00,100 גרם,false,,4.90,12.2500,true,1,21772
7290111930928,false,חטיף פוף לבבות גריל 40 גרם,מנה,IL,"פוף לבבות גריל 40 ג""",גרמים,40.00,100 גרם,false,,4.90,12.2500,true,1,21775
7290111933462,false,"רוטב צ'ילי מתוק מאסטר שף 300 מ""ל",,,רוטב צ'ילי מתוק 300,מיליליטרים,300.00,"100 מ""ל",false,,10.90,3.6333,true,1,21801
7290111933554,false,עגבניות קוביות שלישיה * 400 ג' מאסטר שף,,IT,עגבניות קוביות מאסטר,קילוגרמים,1.20,"ק""ג",false,,17.90,14.9167,true,1,21806
7290111935961,false,מאסטר שף מחית עגבניות 690 גרם,,,מחית עגבניות מאסטר ש,גרמים,690.00,100 גרם,false,,10.90,1.5797,true,1,21820
7290111936784,false,"פרי מארז חטיפי 5יח תמרים ,ואגוזי לוז 125ג'",,IL,פרי מארז חטיפים תמרי,גרמים,125.00,100 גרם,false,,16.90,13.5200,true,1,21832
7290112000385,false,"דיטול תרסיסי למטבח 750 מ""ל",רקיט בנקיזר,GB,תרסיס ניקוי וחיטוי ל,מיליליטרים,750.00,"100 מ""ל",false,,17.90,2.3867,true,1,21014
7290112000392,false,"דטול - תרסיס לאמבטיה 750 מ""ל",,,תרסיס ניקוי וחיטוי ל,מיליליטרים,750.00,"100 מ""ל",false,,17.90,2.3867,true,1,21015
7290112000736,false,AIO טבליות פיניש 80 יחידות,,,פיניש הכל ב-1 80 טבל,יחידה,0.00,יחידה,false,,61.90,0.0000,true,1,21022
7290112000798,false,"דיטול תרסיסי חיטוי וניקוי אנטי בקטריאלי 750 מ""ל",,,מחטא משטחים לימון מנ,מיליליטרים,750.00,"100 מ""ל",false,,17.90,2.3867,true,1,21023
7290112001436,false,פיניש מנקה ומחדש למדיח בניחוח לימון,,PL,פיניש מנקה מדיח בניח,מיליליטרים,250.00,"100 מ""ל",false,,16.90,6.7600,true,1,21039
7290112002099,false,גל כביסה קולון מרוכז כחול 2.5 ל,רקיט בנקיזר,IL,קולון ג'ל 2.5 ליטר ב,ליטרים,2.50,ליטר,false,,26.90,10.7600,true,1,21050
7290112002105,false,קולון ג'ל 2.5 ליטר סגול בניחוח לילך,,IL,קולון ג'ל 2.5 ליטר כ,ליטרים,2.50,ליטר,false,,26.90,10.7600,true,1,21051
7290112003140,false,"אירוויק ספרי אוטמטי מילוי מנגו מרענן 250 מ""ל",,,איירוויק פרשמטיק מיל,מיליליטרים,250.00,"100 מ""ל",false,,16.90,6.7600,true,1,68820
7290112003553,false,איירוויק בוטניקה נר ריחני עשבי יער 205 ג,,CN,איירוויק בוטניקה נר,מיליליטרים,205.00,"100 מ""ל",false,,24.90,12.1463,true,1,110557
7290112004208,false,טבליות למדיח בניחוח לימון 50 יח' פיניש,,PL,טבליות למדיח כלים פי,גרמים,800.00,100 גרם,false,,41.90,5.2375,true,1,266077
7290112004710,false,"ג'ל וניש שקוף לכביסה לבנה ועדינה 750 מ""ל",,IT,וניש מסיר כתמים ג'לי,ליטרים,750.00,100 ליטר,false,,21.90,2.9200,true,1,401274
7290112005168,false,טבליות למדיח פיניש קוואנטום לימון 60 יח,,PL,פיניש קוואנטום למדיח,יחידה,0.00,יחידה,false,,62.90,0.0000,true,1,376525
7290112195227,false,אטריות ביצים דקיקות,,,אטריות ביצים דקיקות,גרמים,500.00,100 גרם,false,,14.90,2.9800,true,1,166931
7290112332585,false,"פריכיות תפו""א, אורז בתיבול סלק ומלח חי 30 גר'","פרח תעשיו מזון בע""מ",IL,"פריכיות הטעימות תפו""",גרמים,30.00,100 גרם,false,,5.90,19.6667,true,1,23066
7290112332691,false,פינוקיות עוגיות קרם פסק זמן אגוזים 200 גרם,הגביע מוצרי ופלים בע,IL,פינוקיות עוגיית קרם,גרמים,200.00,100 גרם,false,,13.60,6.8000,true,1,23068
7290112334596,false,אבקה להכנת שוקו 850,,,אבקה להכנת שוקו 850,גרמים,935.00,100 גרם,false,,18.90,2.0214,true,1,402760
7290112335487,false,פריכיות הטעימות קצח ודגנים אנרגי 135 גר,פרח תעשיות,IL,פריכיות הטעימות קצח,גרמים,135.00,100 גרם,false,,13.90,10.2963,true,1,23082
7290112335494,false,פריכיות הטעימות פוטטוס אנרגי 135 גר,"פרח תעשיות מזון בע""מ",IL,פריכיות הטעימות פוטט,גרמים,135.00,100 גרם,false,,13.90,10.2963,true,1,23083
7290112336637,false,סוכריות מאסט ללא סוכר תות אוכמניות 80 ג' עלית,מיישקו,PL,"סוכריות מאסט לל""ס יו",גרמים,80.00,100 גרם,false,,8.90,11.1250,true,1,23095
7290112336644,false,סוכריות מאסט ללא סוכר לימון 80 ג' עלית,פלזנסקי,PL,"סוכריות מאסט לל""ס לי",גרמים,80.00,100 גרם,false,,8.90,11.1250,true,1,23096
7290112336651,false,סוכריות מאסט ללא סוכר ריבת חלב 80 ג' עלית,פלזנסקי,PL,סוכריות מאסט ללא סוכ,גרמים,80.00,100 גרם,false,,8.90,11.1250,true,1,23097
7290112336712,false,דנונה פרו 21 גרם חלבון 0% 200 גר,"שטראוס בריאות בע""מ",IL,דנונה פרו 21 0% שומן,גרמים,200.00,100 גרם,false,,6.20,3.1000,true,1,24004
7290112337474,false,סוכריות מאסט ללא סוכר פטל לימון 80 ג' עלית,פלזנסקי,PL,"סוכריות מאסט לל""ס פט",גרמים,80.00,100 גרם,false,,8.90,11.1250,true,1,23100
7290112339867,false,גמדים סקוויז בודד תות 100 ג',,IL,גמדים סקוויז בודד תו,גרמים,100.00,100 גרם,false,,6.50,6.5000,true,1,24033
7290112340122,false,פריכיות טעימות 3 דגנים אנרגי 135 גר,פרח תעשיות,IL,פריכיות הטעימות 3 דג,גרמים,135.00,100 גרם,false,,13.90,10.2963,true,1,23110
7290112341686,false,מארז אקטיביה שמיניה 3% 150 גר*8,מיוצר עי קונדיטוריית,IL,אקטיביה מארז 3% 8*15,קילוגרמים,1.20,"ק""ג",false,,21.90,18.2500,true,1,24048
7290112342270,false,קפה פלטינוום אינטנס עלית 125 גרם,,IL,קפה פלטינום אינטנס 1,גרמים,125.00,100 גרם,false,,22.90,18.3200,true,1,23132
7290112343499,false,ציטוס 55 גרם 48 יחידות puffs,"שטראוס פריטו ליי בע""",IL,ציטוס Puffs בטעם גבי,גרמים,55.00,100 גרם,false,,3.50,6.3636,true,1,180719
7290112344755,false,מילקי עם 26% פחות סוכר 135 גר',מיוצר עי קונדיטוריית,IL,מילקי עם 26% פחות סו,מיליליטרים,135.00,"100 מ""ל",false,,2.90,2.1481,true,1,104269
7290112346537,false,עוגיות פינוקיות בטעם טורטית 200 ג' עלית,הגביע מוצרי ופלים בע,IL,פינוקיות עוגיות בטעם,גרמים,200.00,100 גרם,false,,13.60,6.8000,true,1,23155
7290112347008,false,גמדים ארוחת בוקר תות סקוויז 100 ג',מיוצר עי קונדיטוריית,IL,גמדים ארוחת בוקר תות,גרמים,100.00,100 גרם,false,,6.50,6.5000,true,1,24092
7290112348142,false,שעועית לבנה מבושלת טעם הטבע 380 ג',,IT,שעועית לבנה טעם הטבע,גרמים,380.00,100 גרם,false,,6.90,1.8158,true,1,65854
7290112349606,false,מעדן גבינה ויוגורט תות בננה 88 ג' דניאלה,"שטראוס בריאות בע""מ",IL,דניאלה תות בננה 150,מיליליטרים,150.00,"100 מ""ל",false,,4.30,2.8667,true,1,230008
7290112349736,false,בזיליקום רוטב עגבניות לפסטה 350 ג' יד מרדכי,אמיליאנה קונסרב סוסי,IT,רוטב עגבניות בזיליקו,גרמים,350.00,100 גרם,false,,13.00,3.7143,true,1,23163
7290112351104,false,שוקולד פרה ממולא פיצפוצי אורז 100 ג' עלית,שטראוס,IL,שוקולד פרה פיצפוצי א,גרמים,100.00,100 גרם,false,,6.90,6.9000,true,1,69565
7290112351128,false,שוקולד פרה סוכריות קופצות 100 ג' עלית,"שטראוס גרופ בע""מ",IL,שוקולד פרה חלב סוכרי,גרמים,100.00,100 גרם,false,,6.90,6.9000,true,1,146996
7290112354945,false,"תפוצ'יפס WAVY ט טבעי, 50 ג'",שטראוס פריטו ליי בע”,IL,תפוצ'יפס wavy 50 גר,גרמים,50.00,100 גרם,false,,4.30,8.6000,true,1,402137
7290112354952,false,תפוצ'יפס WAVY פפריקה 50 גרם,שטראוס פריטו ליי בע”,IL,תפוצ'יפס wavy פפריקה,גרמים,50.00,100 גרם,false,,4.30,8.6000,true,1,402138
7290112355027,false,דנונה פרו 20 גרם חלבון קרמל מלוח 200 גרם,"שטראוס בריאות בע""מ",IL,דנונה פרו 20 גר' בטע,גרמים,200.00,100 גרם,false,,6.20,3.1000,true,1,104286
7290112357069,false,מחית עגבניות איטלקיות ט.הטבע קופסה 500 גר',קונסרברס,IT,מחית עגבניות איטלקיו,גרמים,500.00,100 גרם,false,,8.20,1.6400,true,1,65856
7290112357083,false,אפונת גינה טעם הטבע קופסה 380 גר,,IT,אפונה ירוקה טעם הטבע,גרמים,380.00,100 גרם,false,,6.90,1.8158,true,1,172288
7290112357106,false,שעועית אדומה מבושלת טעם הטבע 380 ג',,IT,שעועית אדומה טעם הטב,גרמים,380.00,100 גרם,false,,6.90,1.8158,true,1,65857
7290112358431,false,ביסקוויט עד חצות דאבל 200 גרם,הדקלאים אגודת שיתופי,IL,דאבל ביסקוויט עם שוק,גרמים,200.00,100 גרם,false,,14.90,7.4500,true,1,131687
7290112490650,false,קונפיטורה תות שדה 340 גרם-צנצנת,קונפיטורות לה-ארדניי,FR,קונפיטורה 778 תות שד,גרמים,340.00,100 גרם,false,,16.90,4.9706,true,1,10753
7290112490735,false,מרק עשיר עגבניות פסטה ר.טבעי קנור 105ג',,IL,מרק היום מרק עגבניות,גרמים,105.00,100 גרם,false,,12.50,11.9048,true,1,178413
7290112492531,false,"פינוק מרכך לשיער רגיל 700 מ""ל",,IL,פינוק מרכך לשיער רגי,מיליליטרים,700.00,"100 מ""ל",false,,11.90,1.7000,true,1,58549
7290112492579,false,"פינוק - מרכך שמן קוקוס 700 מ""ל",,IL,פינוק מרכך שמן קוקוס,מיליליטרים,700.00,"100 מ""ל",false,,11.90,1.7000,true,1,58551
7290112492593,false,תחליב רחצה פינוק בניחוח פינוק קלאסי 700,,IL,פינוק תחליב רחצה קלא,מיליליטרים,700.00,"100 מ""ל",false,,10.90,1.5571,true,1,58552
7290112492609,false,"תחליב רחצה פינוק 700 מ""ל לבנדר ווניל",,IL,פינוק תחליב רחצה לבנ,מיליליטרים,700.00,"100 מ""ל",false,,10.90,1.5571,true,1,58553
7290112492999,false,מרק טעם עוף 400 גרם צנצנת קנור,יוניליוור ישראל מזון,IL,מרק טעם עוף קנור 400,גרמים,400.00,100 גרם,false,,18.90,4.7250,true,1,10816
7290112493927,false,גלידה בטעם ריבת חלב 1.33ל' קרמיסימו,"גלידת שטראוס בע""מ, ר",IL,קרמיסימו ריבת חלב 1.,ליטרים,1.33,ליטר,false,,21.90,16.4662,true,1,4419
7290112494610,false,קנור רוטב עגבניות פיקנטי לדג 415 גרם,קונסורזיו קאסאלאסקו,IT,רוטב פיקנטי לדג קנור,מיליליטרים,415.00,"100 מ""ל",false,,13.90,3.3494,true,1,69529
7290112495006,false,כריות נוגט 686 גרם - קופסא,יוניליוור שפע ישראל,IL,"כריות נוגט תלמה בד""ץ",גרמים,686.00,100 גרם,false,,27.90,4.0671,true,1,10859
7290112495020,false,כריות צוקולדה 686 גרם קופסא,יוניליוור שפע ישראל,IL,כריות צוקולדה תלמה ב,גרמים,686.00,100 גרם,false,,30.90,4.5044,true,1,10861
7290112495044,false,קוקומן פצפופים בדצ 375 גרם,יוניליור שפע ישראל ב,IL,קוקומן פצפוצים תלמה,גרמים,375.00,100 גרם,false,,23.90,6.3733,true,1,10863
7290112496287,false,פתית - צ'יפס בטטה בטעם טבעי 21 גרם,JLM גלובל פודס37 דרך,GB,פתית צ'יפס בטטה בטעם,גרמים,21.00,100 גרם,false,,5.90,28.0952,true,1,153070
7290112496294,false,פתית - צ'יפס אפונה בתוספת צ'ילי 22 גרם,JLM גלובל פודס37 דרך,GB,פתית צ'יפס עם אפונה,גרמים,22.00,100 גרם,false,,5.90,26.8182,true,1,175690
7290112498526,false,פתית צ'יפס בטטה סגולה בטעם שמנת בצל 22 גרם,JLM גלובל פודס37 דרך,GB,פתית צ'יפס עם בטטה ס,גרמים,21.00,100 גרם,false,,5.90,28.0952,true,1,153071
7290112499455,false,"תחליב רחצה שמן מרוקאי פינוק 700 מ""ל",יוניליוור ישראל טיפו,IL,תחליב רחצה בתוספת שמ,מיליליטרים,700.00,"100 מ""ל",false,,10.90,1.5571,true,1,141591
7290112960115,false,אסם שקדי מרק 30% קמח חיטה מלא 12*350גרם,,IL,שקדי מרק 30% קמח חיט,גרמים,350.00,100 גרם,false,,13.90,3.9714,true,1,19280
7290112961464,false,פיטנס חטיפי פריכיות דקות מתובלות 60 גרם,"פרח תעשיות מזון בע""מ",IL,חטיפי פריכיות דקות מ,גרמים,60.00,100 גרם,false,,8.90,14.8333,true,1,19293
7290112962287,false,טבעול שווארמה טבעונית 6*450 גרם,מיוצר עי קונדיטוריית,IL,שווארמה טבעונית טבעו,גרמים,450.00,100 גרם,false,,35.90,7.9778,true,1,56378
7290112963918,false,פיטנס חטיפי קרקר דק רוזמרין 140 גרם,אסם,IL,פיטנס חטיפי קרקר דק,גרמים,140.00,100 גרם,false,,13.90,9.9286,true,1,19319
7290112965103,false,תבשיל קוסקוס עם ירקות 146 גרם אסם,,IL,קוסקוס עם ירקות אסם,גרמים,146.00,100 גרם,false,,13.90,9.5205,true,1,19345
7290112965264,false,אוסם - מרק נמס אפונה זוג 26 גרם * 2,,IL,זוג מרק נמס אפונה בד,גרמים,30.00,100 גרם,false,,6.90,23.0000,true,1,19353
7290112965585,false,פרפקטו פסטה קסרצה 500 גרם,,IL,פסטה קסרצה פרפקטו 50,גרמים,500.00,100 גרם,false,,7.90,1.5800,true,1,19361
7290112965684,false,פיטנס - חטיף מולטיגריין עשבי תיבול 25 גרם,מיוצר עי קונדיטוריית,IL,פיטנס חטיף מולטיגריי,גרמים,25.00,100 גרם,false,,5.80,23.2000,true,1,104143
7290112965707,false,פיטנס - חטיף מולטיגריין צילי מעודן 25 גרם,"אסם השקעות בע""מ",IL,פיטנס חטיף מולטיגריי,גרמים,25.00,100 גרם,false,,5.80,23.2000,true,1,104144
7290112965783,false,אוסם - ביסלי פריסטייל על האש 60 גרם,"אסם השקעות בע""מ",IL,ביסלי פריסטייל על הא,גרמים,60.00,100 גרם,false,,4.90,8.1667,true,1,149365
7290112965806,false,אוסם - ביסלי פריסטייל חמוץ חריף 60 גרם,אסם,IL,ביסלי פריסטייל חמוץ,גרמים,60.00,100 גרם,false,,4.90,8.1667,true,1,149366
7290112966094,false,הבית עוגת תפוז מופחתת סוכר 400 גרם,מיוצר עי קונדיטוריית,IL,עוגת הבית תפוז מופחת,גרמים,400.00,100 גרם,false,,14.90,3.7250,true,1,19371
7290112967220,false,מארז ביסלי ברביקיו 20X10 גרם,,,ביסלי ברביקיו מארז 1,גרמים,200.00,100 גרם,false,,12.90,6.4500,true,1,69610
7290112967244,false,ביסלי גריל מארז אחיד 20*10 גרם,,,ביסלי גריל מארז 10*,גרמים,200.00,100 גרם,false,,12.90,6.4500,true,1,19387
7290112968708,false,"טבעול שניצל תירס עדה חרדית 1.3 ק""ג",,IL,שניצל תירס עדה חרדי,קילוגרמים,1.30,"ק""ג",false,,45.90,35.3077,true,1,60091
7290112968807,false,פיטנס - קרקר דק סלק 140 גרם,מפעל אסם יקנעם,IL,פיטנס קרקר דק סלק 14,גרמים,140.00,100 גרם,false,,13.90,9.9286,true,1,110927
7290112968821,false,פיטנס - קרקר דק בטטה 140 גרם,מפעל אסם יקנעם,IL,פיטנס קרקר דק בטטה 1,גרמים,140.00,100 גרם,false,,13.90,9.9286,true,1,110928
7290113192324,false,בית השיטה זית ירוק א2 12*340גרם חדש,,IL,זית ירוק בית השיטה 3,גרמים,340.00,100 גרם,false,,10.90,3.2059,true,1,19410
7290113192331,false,בית השיטה זית ירוק גדול א2 12*340ג חדש,,IL,זיתים ירוק גדול בית,גרמים,340.00,100 גרם,false,,11.90,3.5000,true,1,19411
7290113192348,false,בית השיטה זית ירוק ט.שום 17-19 א2 340גר',,IL,זית ירוק שום 17-19בי,גרמים,560.00,100 גרם,false,,11.90,2.1250,true,1,19412
7290113192355,false,חרוזית זיתים ירוקים ללא גלעין 275 ג' בית השיטה,,IL,זיתים חרוזית ירוק בי,גרמים,275.00,100 גרם,false,,10.90,3.9636,true,1,19413
7290113192362,false,זיתים ירוקים טבעות A2 בית השיטה 280 גרם,,IL,טבעות זיתים ירוקים ב,גרמים,280.00,100 גרם,false,,11.90,4.2500,true,1,19414
7290113192379,false,בית השיטה זיתים ירוקים מבוקעים א2 340גר',,IL,זיתים ירוקים מבוקעים,גרמים,340.00,100 גרם,false,,11.90,3.5000,true,1,19415
7290113192386,false,זיתים סורי מבוקע A2 בית השיטה 340ג',,IL,זית סורי מבוקע בית ה,גרמים,340.00,100 גרם,false,,12.90,3.7941,true,1,19416
7290113192478,false,מלפפונים במלח 10-12 בית השטה 320 גרם,,IL,מלפפון במלח 10-12 בי,גרמים,320.00,100 גרם,false,,8.90,2.7813,true,1,19425
7290113192485,false,בית השיטה מלפ.חומץ ר.טבע.א2 12-10 290גר',,IL,מלפפון בחומץ 12-10 ב,גרמים,290.00,100 גרם,false,,8.90,3.0690,true,1,19426
7290113192492,false,ב.הש.מלפ.חומץ ר.טבע.א2 17-13 12*290ג חדש,,IL,מלפפון בחומץ 13-17 ב,גרמים,290.00,100 גרם,false,,12.90,4.4483,true,1,19427
7290113192508,false,מלפפון במלח 17-13 בית השיטה 320 גרם,,IL,מלפפון במלח 13-17 בי,גרמים,320.00,100 גרם,false,,12.90,4.0313,true,1,19428
7290113192515,false,מלפפון במלח 18-25 320 גרם בית השיטה,,IL,מלפפון במלח 18-25 בי,גרמים,320.00,100 גרם,false,,14.90,4.6563,true,1,19429
7290113192539,false,מלפפון במלח 7-9 בית השיטה 320 גר,,IL,מלפפון במלח 7-9 בית,גרמים,560.00,100 גרם,false,,7.90,1.4107,true,1,19431
7290113192546,false,ב.הש.מלפ.בחומץ ר.טבע.א2 7-9 12*290ג חדש,,IL,מלפפון בחומץ 7-9 בית,גרמים,560.00,100 גרם,false,,7.90,1.4107,true,1,19432
7290113192553,false,מלפפונים במלח באלדי 13-17 בית השיטה 320ג,,IL,מלפפון במלח בלדי 13-,גרמים,320.00,100 גרם,false,,12.90,4.0313,true,1,19433
7290113192560,false,פלפל שיפקה A2 בית השיטה 230 גרם,,IL,פלפל שיפקה בית השיטה,גרמים,230.00,100 גרם,false,,8.90,3.8696,true,1,19434
7290113192577,false,כרוב כבוש A2 בית השיטה 430 גרם,,IL,כרוב כבוש בית השיטה,יחידה,430.00,יחידה,false,,8.90,0.0207,true,1,19435
7290113192881,false,טורטיה חיטה מופחתת קלוריות 270 גרם,דין שיווק,TR,טורטיה חיטה מופחתת ק,גרמים,270.00,100 גרם,false,,10.00,3.7037,true,1,169056
7290113192997,false,זית מרוקאי 340 גרם בית השיטה,,IL,זית מרוקאי בית השיטה,גרמים,340.00,100 גרם,false,,15.90,4.6765,true,1,98306
7290113193000,false,פלפל שיפקונית 230 גרם בית השיטה,שוורצקוף& הנקל דיסלד,IL,פלפל שיפקונית בית הש,גרמים,230.00,100 גרם,false,,12.90,5.6087,true,1,98307
7290113193017,false,קוקטייל זיתים 275 גרם בית השיטה,,IL,בית השיטה קוקטייל זי,גרמים,275.00,100 גרם,false,,15.90,5.7818,true,1,98292
7290113193031,false,חרוזית קלמטה 275 גרם בית השיטה,שוורצקוף& הנקל דיסלד,IL,חרוזית קלמטה בית השי,גרמים,275.00,100 גרם,false,,15.90,5.7818,true,1,98293
7290113193321,false,"שמן זית כתית מעולה בית השיטה 750 מ""ל",,IL,שמן זית כתית מעולה ב,מיליליטרים,750.00,"100 מ""ל",false,,30.90,4.1200,true,1,191271
7290113193888,false,חצילים מוחמצים 320 גרם בית השיטה,שוורצקוף& הנקל דיסלד,IL,בית השיטה חצילים מוח,גרמים,320.00,100 גרם,false,,10.90,3.4063,true,1,149004
7290113195073,false,חלבה טורקית עם פיסטו,,,חלבה טורקית עם פיסטו,גרמים,400.00,100 גרם,false,,13.90,3.4750,true,1,169388
7290113195967,false,שיבולת שועל פחית 500 גרם,,,שיבולת שועל להכנה מי,גרמים,500.00,100 גרם,false,,10.00,2.0000,true,1,169007
7290113196513,false,פריכיות כוסמת בתוספת שקדים שקדיה 150 ג',זן - בר,IL,פריכיות כוסמת שקדים,גרמים,150.00,100 גרם,false,,11.90,7.9333,true,1,169438
7290113196926,false,מנה חמה אטריות אורז בטעם ירקות 70 ג' סו שף,,,מנה חמה אטריות אורז,גרמים,60.00,100 גרם,false,,7.90,13.1667,true,1,384837
7290113196940,false,חטיפי תירס [טורטיה]בטעם טבעי 300 גרם,,,חטיפי תירס טורטיה בט,גרמים,300.00,100 גרם,false,,14.90,4.9667,true,1,343756
7290113197169,false,חמאת בוטנים טבעית 510 גרם,סופר נוטרי פודס,IN,חמאת בוטנים טבעית שק,גרמים,510.00,100 גרם,false,,15.90,3.1176,true,1,384851
7290113198074,false,פקאן מצופה שוקולד שיש 150 גרם,דין שיווק,IL,פקאן מצופה בשוקולד ש,גרמים,150.00,100 גרם,false,,15.90,10.6000,true,1,169455
7290113198593,false,סוכריות גומי מסוכרות בטעם בננה 200 ג' שקדיה,טופ גלוב,IL,סוכריות גומי מסוכר ב,גרמים,200.00,100 גרם,false,,10.90,5.4500,true,1,266292
7290113199842,false,מגש אירוח סוכריות גומי 700 ג' שקדיה,דין שיווק,IL,מגש אירוח סוכריות גו,גרמים,700.00,100 גרם,false,,32.90,4.7000,true,1,266311
7290113199910,false,סוכריות חמצוצים בטעם קולה 180 ג' שקדיה,,,סוכריות חמצוצים בטעם,גרמים,180.00,100 גרם,false,,10.90,6.0556,true,1,266296
7290113199927,false,סוכריות חמצוצים בטעם פירות 180 ג' שקדיה,דין שיווק,IL,סוכריות חמצוצים בטעם,גרמים,180.00,100 גרם,false,,10.90,6.0556,true,1,266297
7290113284517,false,נייר טואלט דו שכבתי,,,נייר טואלט דו שכבתי,יחידה,0.00,יחידה,false,,29.90,0.0000,true,1,406018
7290113289215,false,צלחות מתכלות יהלום ע,,,צלחות מתכלות יהלום ע,יחידה,0.00,יחידה,false,,21.90,0.0000,true,1,206957
7290113289239,false,קערות אובליות מתכלות,,,קערות אובליות מתכלות,יחידה,0.00,יחידה,false,,10.90,0.0000,true,1,206983
7290113289321,false,מגשי דקל מלבניים גדו,,,מגשי דקל מלבניים גדו,יחידה,0.00,יחידה,false,,12.90,0.0000,true,1,263792
7290113289338,false,צלחות דקל מרובעות ענ,,,צלחות דקל מרובעות ענ,יחידה,0.00,יחידה,false,,17.90,0.0000,true,1,263747
7290113289376,false,קערות דקל מרובעות 10,,,קערות דקל מרובעות 10,יחידה,0.00,יחידה,false,,16.90,0.0000,true,1,263794
7290113289505,false,רדיד אלומיניום כוכבי,,,רדיד אלומיניום כוכבי,יחידה,0.00,יחידה,false,,34.90,0.0000,true,1,227505
7290113289543,false,כוסות שקופות 150 יחי,,,כוסות שקופות 150 יחי,יחידה,0.00,יחידה,false,,15.90,0.0000,true,1,263407
7290113289550,false,צלחות מתכלות גדולות,,,צלחות מתכלות גדולות,יחידה,0.00,יחידה,false,,31.90,0.0000,true,1,206941
7290113289567,false,צלחות מתכלות קטנות ק,,,צלחות מתכלות קטנות ק,יחידה,0.00,יחידה,false,,21.90,0.0000,true,1,206942
7290114310222,false,חלב טרה מועשר בסידן וויטמין 3% 1.5ל',מילקו תעשיות בעמ,IL,חלב מועשר בסידן 1.5,ליטרים,1.50,ליטר,false,,12.50,8.3333,true,1,76047
7290114310239,false,חלב טרה נטול לקטוז מועשר בוויטמין D 2% 1.5 ל',מילקו תעשיות בעמ,IL,חלב נטול לקטוז 1.5,ליטרים,1.50,ליטר,false,,12.50,8.3333,true,1,76048
7290114310338,false,צפתית מעודנת 5% 225 גר' משק צוריאל,משק צוריאל,IL,צפתית מעודנת 5% משק,גרמים,225.00,100 גרם,false,,18.90,8.4000,true,1,106561
7290114310383,false,Muller Froop מולר יוגורט מוקצף בטעם וניל 90 גרם,מילקו,IL,יוגורט מוקצף בטעם ונ,גרמים,97.00,100 גרם,false,,5.50,5.6701,true,1,387987
7290114310406,false,מולר פרופ יוגורט מוקצף בטעם תות 97 גרם,מילקו,IL,יוגורט מוקצף בטעם תו,גרמים,97.00,100 גרם,false,,5.50,5.6701,true,1,388004
7290114310550,false,פטה עיזים מעודנת בגביע 5% 200 ג',משק צוריאל,IL,פטה עיזים מעודנת 5%,גרמים,200.00,100 גרם,false,,23.90,11.9500,true,1,130103
7290114310567,false,לאבנה עיזים 5% צוריא,משק צוריאל,IL,לאבנה עיזים 5% משק צ,גרמים,200.00,100 גרם,false,,14.90,7.4500,true,1,130091
7290114311021,false,"משקה חלב וניל עוגיות טרה 250 מ""ל פקק ספו",,,משקה חלב וניל עוגיות,מיליליטרים,250.00,"100 מ""ל",false,,5.20,2.0800,true,1,309096
7290114311038,false,"שמנת מתוקה 32% 250 מ""ל בבקבוק טרה",,,שמנת מתוקה 32% בקבוק,מיליליטרים,250.00,"100 מ""ל",false,,6.90,2.7600,true,1,309083
7290114311076,false,"חמאת מולר צהובה עם שום, 200 גרם",טרה,IL,חמאה צהובה עם שום מו,גרמים,200.00,100 גרם,false,,11.90,5.9500,true,1,300915
7290114311083,false,"חמאת מולר צהובה עם מלח, 200 גרם",טרה,IL,חמאה צהובה עם מלח מו,גרמים,200.00,100 גרם,false,,11.90,5.9500,true,1,300928
7290114311304,false,יוגורט קציפת מנגו פסיפלורה בננה 150 ג' מולר,,IL,מולר פרופ מנגו פסיפל,גרמים,150.00,100 גרם,false,,5.50,3.6667,true,1,367250
7290114311328,false,חלב דל לקטוז מועשר בויטמין D 2% 1 ליטר,מילקו תעשיות בעמ,IL,חלב נטול לקטוז טרה 1,ליטרים,1.00,ליטר,false,,7.50,7.5000,true,1,375922
7290114311359,false,יוגורט עם קציפת מנגו 3% שומן פרופ 150 ג' מולר,,IL,מולר פרופ מנגו 3% 15,גרמים,150.00,100 גרם,false,,5.50,3.6667,true,1,367251
7290114311434,false,מולר אקטיב יוגורט בטעם קרמל מלוח 200 גרם,טרה,IL,מולר אקטיב בטעם קרמל,גרמים,200.00,100 גרם,false,,6.80,3.4000,true,1,387974
7290114311441,false,"מולר אקטיב בטעם עוגיות חמאה 0% שומן, 200 גרם",טרה,IL,מולר אקטיב בטעם עוגי,גרמים,200.00,100 גרם,false,,6.80,3.4000,true,1,387988
7290114603041,false,"פרי גרנולה בוטנים אגוזים וקוקוס, 300 ג'","אפקט טבעי בע""מ",IL,פרי גרנולה בוטנים אג,גרמים,300.00,100 גרם,false,,16.90,5.6333,true,1,103800
7290114603539,false,קרוטונים למרק שום בצל מאסטר שף 350 גרם,,,מאסטר שף קרוטונים למ,גרמים,350.00,100 גרם,false,,20.90,5.9714,true,1,174131
7290114604840,false,דפי אורז קוטר 16 מאסטר שף 400 ג',,,דפי אורז קוטר 16 כשל,גרמים,400.00,100 גרם,false,,9.90,2.4750,true,1,117346
7290114604857,false,"דפי אורז מאסטר שף קוטר 22 ס""מ 400 גרם",,,דפי אורז קוטר 22 כשל,גרמים,400.00,100 גרם,false,,9.90,2.4750,true,1,117347
7290114604864,false,מאסטר שף קוסקוס דק 350 גרם,דוידוביץ,IL,קוסקוס דק מאסטר שף 3,גרמים,350.00,100 גרם,false,,6.90,1.9714,true,1,170376
7290114604932,false,רוטב ברביקיו דבש מאסטר שף 520 ג',,,מאסטר שף רוטב ברביקי,מיליליטרים,520.00,"100 מ""ל",false,,12.90,2.4808,true,1,131441
7290114606578,false,שקדי מרק מאסטר שף 400 גרם,,IL,שקדי מרק מאסטר שף 40,גרמים,400.00,100 גרם,false,,11.90,2.9750,true,1,174132
7290115071481,false,מטבעות שוקולד ברשת אל או אל 31 גר,,NL,מטבעות שוקולד ברשת 3,גרמים,31.00,100 גרם,false,,4.90,15.8065,true,1,110121
7290115071504,false,מטבעות שוקולד ברשת סמי הכבאי 31 גר,,NL,מטבעות שוקולד ברשת 3,גרמים,31.00,100 גרם,false,,4.90,15.8065,true,1,110123
7290115073676,true,מארז מסכות 3 שכבות צ,,,מארז מסכות 3 שכבות צ,יחידה,0.00,יחידה,false,,14.90,0.0000,true,1,77276
7290115190014,false,סיגריות מרלבורו רד קצר בוקס,פיליפ מוריס,,סיגריות מרלבורו חפי,יחידה,0.00,יחידה,false,,36.50,0.0000,false,1,95676
7290115190083,false,מרלבורו גולד קצר פאקט,פיליפ מוריס,,מרלבורו גולד פאקט 1,יחידה,0.00,יחידה,false,,345.00,0.0000,false,1,95718
7290115190090,false,סיגריות מרלבורו גולד קצר בוקס,פיליפ מוריס,,סיגריות מרלבורו חפי,יחידה,0.00,יחידה,false,,36.50,0.0000,false,1,95692
7290115190151,false,מלבורו גולד טאצ 7.1 חפיסה,פיליפ מוריס,,מרלבורו גולד טאצ בוד,יחידה,0.00,יחידה,false,,32.50,0.0000,false,1,95661
7290115190199,false,סיגריות פרלמנט (חפיס,פיליפ מוריס,,סיגריות פרלמנט (חפיס,יחידה,0.00,יחידה,false,,42.00,0.0000,false,1,133630
7290115190212,false,פרלמנט ארוך בלו RCB קופסא,פיליפ מוריס,,סיגריות פרלמנט (חפיס,יחידה,0.00,יחידה,false,,42.00,0.0000,false,1,95643
7290115190250,false,סיגריות פרלמנט נייטP,פיליפ מוריס,,סיגריות פרלמנט (חפיס,יחידה,0.00,יחידה,false,,42.00,0.0000,false,1,89112
7290115190359,false,L&M בלו לייבל קצר-חפיסה,פיליפ מוריס,,אל אם בלו לייבל קצר,יחידה,0.00,יחידה,false,,33.00,0.0000,false,1,89114
7290115190458,false,סיגריות נקסט אדג בוד,פיליפ מוריס,,נקסט אדג` בודד,יחידה,0.00,יחידה,false,,27.00,0.0000,false,1,102668
7290115190496,false,סיגריות נקסט פיין 10,פיליפ מוריס,IL,סיגריות נקסט (בודד),יחידה,0.00,יחידה,false,,31.50,0.0000,false,1,116057
7290115190519,false,סיגריות נקסט פיין חפ,פיליפ מוריס,,סיגריות נקסט (בודד),יחידה,0.00,יחידה,false,,31.50,0.0000,false,1,95646
7290115190571,false,סיגריות נקסט לילךPP,פיליפ מוריס,,סיגריות נקסט (בודד),יחידה,0.00,יחידה,false,,31.50,0.0000,false,1,89096
7290115190588,false,נקסט אוריגינל PP קרטוש,פיליפ מוריס,,נקסט אוריג'ינל פאקט,יחידה,0.00,יחידה,false,,292.00,0.0000,false,1,95720
7290115190595,false,סיגריות נקסט אוריגינ,פיליפ מוריס,,סיגריות נקסט(בודד),יחידה,0.00,יחידה,false,,31.50,0.0000,false,1,95648
7290115200027,false,אסם פתי בר פינוקי שוקו 220 גרם,DR GERARD,IL,פתי בר פינוקי שוקו 2,גרמים,220.00,100 גרם,false,,9.90,4.5000,true,1,103998
7290115200713,false,במבה קלאסי מארז אחיד 8 50*5 ג',,IL,מארז במבה קלאסי אסם,גרמים,250.00,100 גרם,false,,12.90,5.1600,true,1,105821
7290115201031,false,אסם פתי בר דובי שוקולד 175 גרם,טרופיקל דגיל תעשיות,IL,אסם פתיבר דובי שוקול,גרמים,175.00,100 גרם,false,,12.90,7.3714,true,1,130267
7290115201475,false,טבעול גורמה לביבות כרישה 434 גרם,טבעול (מקבוצת אסם הש,IL,טבעול גורמה לביבות כ,גרמים,434.00,100 גרם,false,,34.90,8.0415,true,1,367392
7290115201680,false,ביסלי ברביקיו 70 גרם,"אסם השקעות בע""מ",IL,ביסלי ברביקיו 70 גרם,גרמים,70.00,100 גרם,false,,4.90,7.0000,true,1,110285
7290115202212,false,טבעול גורמה לביבות סלק 434 גרם,,IL,טבעול גורמה לביבות ס,גרמים,434.00,100 גרם,false,,34.90,8.0415,true,1,367394
7290115202786,false,מנה חמה פאוצ נדלס.אטר.טעם בקר 70 גרם,,,מנה חמה פאוצ' נדלסאט,גרמים,70.00,100 גרם,false,,4.90,7.0000,true,1,130214
7290115202816,false,מנה חמה פאוצ נדלס.אטר.טעם עוף 70 גרם,,,מנה חמה פאוצ' נדלסאט,גרמים,70.00,100 גרם,false,,4.90,7.0000,true,1,130215
7290115203134,false,פופקו פופקורן במבה 80 ג' אסם,"אסם השקעות בע""מ",IL,פופקו פופקורן במבה 4,גרמים,80.00,100 גרם,false,,5.90,7.3750,true,1,144986
7290115203172,false,במבה אסם 80 גרם PRO,"אסם השקעות בע""מ",IL,במבה אסם 80 גרם PRO,גרמים,80.00,100 גרם,false,,4.90,6.1250,true,1,364676
7290115204056,false,אסם קטשופ 56% פחות סוכר 690 גרם,אסם,IL,אסם קטשופ מופחת סוכר,גרמים,690.00,100 גרם,false,,10.90,1.5797,true,1,137261
7290115204131,false,סחוג ירוק המעדנייה ש,,,סחוג ירוק המעדנייה ש,גרמים,190.00,100 גרם,false,,11.90,6.2632,true,1,286056
7290115204186,false,פסטו המעדינה של צבר,,,פסטו המעדינה של צבר,גרמים,190.00,100 גרם,false,,16.90,8.8947,true,1,270630
7290115205176,false,פיטנס - קרקר דק כפרי פיטנס 140 גרם,אסם יקנעם,IL,פיטנס קרקר THIN כפרי,גרמים,140.00,100 גרם,false,,13.90,9.9286,true,1,194848
7290115205312,false,פיטנס - קרקר דק זיתי קלמטה 140 גרם,"אסם השקעות בע""מ",IL,פיטנס קרקר Thin Deli,גרמים,140.00,100 גרם,false,,13.90,9.9286,true,1,339758
7290115207507,false,צבר סלט טורקי 360 גרם,ג'נרל מילס סאן אדריא,IL,צבר סלט טורקי 360 גר,גרמים,360.00,100 גרם,false,,17.90,4.9722,true,1,236494
7290115207620,false,"רוטב בסגנון סויה קלאסי 290 מ""ל אסם",,,אסם רוטב בסגנון סויה,מיליליטרים,320.00,"100 מ""ל",false,,12.90,4.0313,true,1,339467
7290115207682,false,"אסם רוטב בסגנון סויה סיני 290 מ""ל",,IL,אסם רוטב בסגנון סויה,מיליליטרים,330.00,"100 מ""ל",false,,13.90,4.2121,true,1,339427
7290115207811,false,"טבעול נקניקיות טבעוניות, 418 גרם",,,נקניקיות טבעוניות טב,גרמים,418.00,100 גרם,false,,34.90,8.3493,true,1,363972
7290115207965,false,ויטמינצ'יק תרכיז מנגו אפרסק 1 ליטר,בית-השיטה עסיס תעשיו,IL,ויטמינצ'יק מנגו 1 לי,ליטרים,1.00,ליטר,false,,23.50,23.5000,true,1,250129
7290115207989,false,ויטמינצ'יק תרכיז לימון 1 ליטר,בית-השיטה עסיס תעשיו,IL,ויטמינצ'יק לימון 1 ל,ליטרים,1.00,ליטר,false,,23.50,23.5000,true,1,250130
7290115208009,false,ויטמינצ'יק תרכיז ענבים 1 ליטר,בית-השיטה עסיס תעשיו,IL,ויטמינצ'יק ענבים 1 ל,ליטרים,1.00,ליטר,false,,23.50,23.5000,true,1,250131
7290115208047,false,ויטמינצ'יק תרכיז פטל 1 ליטר,בית-השיטה עסיס תעשיו,IL,ויטמינצ'יק פטל 1 ליט,ליטרים,1.00,ליטר,false,,23.50,23.5000,true,1,250115
7290115208061,false,ויטמינצ'יק תרכיז תפוח 1 ליטר,בית השיטה עסיס תעשיו,IL,ויטמינצ'יק תפוח 1 לי,ליטרים,1.00,ליטר,false,,23.50,23.5000,true,1,250132
7290115208320,false,אפרופו בטעם ביסלי בצל 50ג' אסם,"אסם השקעות בע""מ",IL,אפרופו בטעם ביסלי בצ,גרמים,50.00,100 גרם,false,,5.50,11.0000,true,1,393100
7290115209136,false,"טבעול חטיפי עוף צימחי העדה החרדית 1ק""ג",,IL,חטיפים צמחוניים בטעם,קילוגרמים,1.20,"100 ק""ג",false,,42.90,3575.0000,true,1,375807
7290115209198,false,במבה אורירית 80 ג' אסם,אסם השקעות בעמ,IL,במבה אורירית 80 גרם,גרמים,80.00,100 גרם,false,,4.90,6.1250,true,1,344008
7290115209358,false,במבה במילוי בראוניז 60ג' אסם,"אסם השקעות בע""מ",IL,במבה במילוי בראוניז,גרמים,60.00,100 גרם,false,,4.90,8.1667,true,1,392850
7290115400274,false,מיני דובשניות מתוקות 400 גר',,,מיני דובשניות בתוספת,גרמים,400.00,100 גרם,false,,10.50,2.6250,true,1,82391
7290115403312,false,עוגיות מלוחות קריספי,,,עוגיות מלוחות קריספי,גרמים,450.00,100 גרם,false,,17.90,3.9778,true,1,313278
7290115403404,false,עוגיות פרפריות שוקו,,,עוגיות פרפריות שוקו,גרמים,450.00,100 גרם,false,,17.90,3.9778,true,1,313286
7290115403435,false,עוגיות מעמול תמר אדל,,,עוגיות מעמול תמר אדל,גרמים,500.00,100 גרם,false,,17.90,3.5800,true,1,313289
7290115403459,false,עוגיות נסיכה בטעם תו,,,עוגיות נסיכה בטעם תו,גרמים,500.00,100 גרם,false,,17.90,3.5800,true,1,313291
7290115403466,false,עוגיות נסיכה מיקס אד,,,עוגיות נסיכה מיקס אד,גרמים,500.00,100 גרם,false,,17.90,3.5800,true,1,313292
7290115403510,false,עוגיות מגולגלות תמרי,,,עוגיות מגולגלות תמרי,גרמים,500.00,100 גרם,false,,17.90,3.5800,true,1,313296
7290115403565,false,עוגיות קיפל וניל אדל,,,עוגיות קיפל וניל אדל,גרמים,500.00,100 גרם,false,,17.90,3.5800,true,1,313301
7290115671346,false,מיני פינוקיות טופי קרמל מלוח 180 ג' עלית,הגביע מוצרי ופלים בע,IL,מיני פינוקיות במילוי,גרמים,180.00,100 גרם,false,,11.90,6.6111,true,1,158071
7290115671353,false,עוגיות מיני פינוקיות שחור לבן 180 גרם,,,מיני פינוקיות שחור ל,גרמים,180.00,100 גרם,false,,11.90,6.6111,true,1,222071
7290115671421,false,פולי אספרסו עשירים וארומטיים עוצמה 10 250 ג' עלית,,,פולי אספרסו עשירים ו,גרמים,250.00,100 גרם,false,,21.90,8.7600,true,1,271914
7290115675559,false,מארז קפה טורקי לדרך 70ג' עלית,שטראוס קפה בי.וי.,IL,מארז קפה טורקי לדרך,גרמים,70.00,100 גרם,false,,7.90,11.2857,true,1,111175
7290115675719,false,קוואקר שוקולד 375 גר 6 יח Cruesli,שטראוס,IL,דגני בוקר קוואקר שיב,גרמים,375.00,100 גרם,false,,21.90,5.8400,true,1,153097
7290115676051,false,"משקה אקטיביה עם ש""ש מתיקות מעודנת 265 ג' דנונה",מיוצר עי קונדיטוריית,IL,משקה אקטיביה עם שיבו,גרמים,265.00,100 גרם,false,,5.50,2.0755,true,1,182436
7290115676099,false,משקה יוגורט בטעם וניל פרו 20 דנונה 255 ג',"שטראוס בריאות בע""מ.",IL,משקה יוגורט עם חלבון,גרמים,265.00,100 גרם,false,,7.50,2.8302,true,1,138366
7290115677140,false,תפוצ'יפס WAVY פפריקה 200 גרם,שטראוס פריטו ליי בע”,IL,תפוצ'יפס wavy פפריקה,גרמים,200.00,100 גרם,false,,10.90,5.4500,true,1,402096
7290115678376,false,מעדן הגולן שוקולד 125 גרם,מיוצר עי קונדיטוריית,IL,מעדן הגולן מעדן חלב,גרמים,125.00,100 גרם,false,,3.50,2.8000,true,1,159534
7290115678383,false,מעדן הגולן שוקולד מריר 125 גרם,מיוצר עי קונדיטוריית,IL,מעדן הגולן מעדן חלב,גרמים,125.00,100 גרם,false,,3.50,2.8000,true,1,159535
7290116243986,false,אצבעות שוקולד ממולא בקרם חלב עם מדבקות 50 גרם - ברבי,,UA,אצבעות שוקולד ממולא,גרמים,50.00,100 גרם,false,,5.50,11.0000,true,1,340095
7290116244006,false,אצבעות שוקולד ממולא בקרם חלב עם מדבקות 50 גרם - מפרץ הרפתקאות,,UA,אצבעות שוקולד ממולא,גרמים,50.00,100 גרם,false,,5.50,11.0000,true,1,340097
7290116244037,false,חד קרן אצבעות שוקולד חלב 84 גרם,,NL,אצבעות שוקולד חלב חד,גרמים,84.00,100 גרם,false,,8.90,10.5952,true,1,258959
7290116244051,false,אצבעות שוקולד חלב 84 גרם LOL,,NL,אצבעות שוקולד חלב 84,גרמים,84.00,100 גרם,false,,8.90,10.5952,true,1,258961
7290116244082,false,מפרץ הרפתקאות אצבעות שוקולד חלב 84 גרם,,NL,אצבעות שוקולד חלב מפ,גרמים,84.00,100 גרם,false,,8.90,10.5952,true,1,258964
7290116530185,false,דגני בוקר דלישקד קרמל מלוח 400 ג' תלמה,יוניליוור שפע ישראל,IL,דגני בוקר דלישקד קרמ,גרמים,400.00,100 גרם,false,,24.90,6.2250,true,1,236048
7290116531083,false,"דגני ברנפלקס דבש ושקדים ללת""ס 400 גרם",יוניליוור שפע ישראל,IL,דגני בוקר ברנפלקס לל,גרמים,500.00,100 גרם,false,,24.90,4.9800,true,1,236814
7290116531496,false,דגני בוקר קינמונים 375 ג' תלמה,נאוג'אזיס נווזיס UAB,IL,דגני בוקר קינמונים ת,גרמים,375.00,100 גרם,false,,23.90,6.3733,true,1,270477
7290116531816,false,תחליב רחצה פינוק בניחוח שייק מייפל קקאו,,,תחליב רחצה בניחוח שי,מיליליטרים,700.00,"100 מ""ל",false,,10.90,1.5571,true,1,207072
7290116532264,false,מאגדת גודיז פרי אפרסק יוגורט בציפוי 300 ג' שטראוס,"גלידת שטראוס בע""מ, ר",IL,מאגדת שלגון מופחת שו,100 יח',6.00,100 יח',false,,30.90,515.0000,true,1,318485
7290117260463,false,גבינה בולגרית מעודנת למריחה עם חלפיניו 5% שומן 200 ג' יורו,,,גבינה בולגרית מעודנת,גרמים,200.00,100 גרם,false,,11.90,5.9500,true,1,368069
7290117260562,false,EURO חמאה בגביע 225 גרם,,TR,חמאה בגביע יורו 225,גרמים,225.00,100 גרם,false,,16.90,7.5111,true,1,401908
7290117260685,false,תן בו וניל ציפויים בטעמים שונים 230 גרם,,,תן בו בטעם וניל בציפ,גרמים,230.00,100 גרם,false,,19.90,8.6522,true,1,234816
7290117261057,false,EURO זו קינוחים בטעם קרם עוגיות 140 גרם,,ES,זוג קינוחים בטעם קרם,גרמים,140.00,100 גרם,false,,11.90,8.5000,true,1,383076
7290117261088,false,בוראטה גבינת מוצרלה רכה 125ג' 18%שומן,,,בוראטה גבינת מוצרלה,גרמים,125.00,100 גרם,false,,19.90,15.9200,true,1,394581
7290117261118,false,זוג קינוחים בטעם שוקולד בציפוי שוקולד חלב 140ג',,ES,זוג קינוחים בטעם שוק,גרמים,140.00,100 גרם,false,,11.90,8.5000,true,1,374122
7290117261132,false,זוג קינוחים בטעם קרמל מלוח 140גרם,,ES,זוג קינוחים בטעם קרמ,גרמים,140.00,100 גרם,false,,11.90,8.5000,true,1,374095
7290117261354,false,גבינת ריקוטה 200 גרם 5%שומן מחלבת אירופה,באלבן גידה סנאי,TR,גבינת ריקוטה 5% שומ,גרמים,200.00,100 גרם,false,,9.90,4.9500,true,1,364701
7290117261378,false,גבינת קשקבל לייט 250 גרם 8% שומן מחלבת א,סאסו פטוראגס קומטויס,TR,גבינת קשקבל לייט 8%,גרמים,250.00,100 גרם,false,,14.90,5.9600,true,1,364727
7290117261521,false,סלמון אטלנטי בשמן קנולה וילי פוד 120 גר,,LV,סלמון אטלנטי בשמן קנ,גרמים,120.00,100 גרם,false,,10.90,9.0833,true,1,389474
7290117261569,false,סלמון אטלנטי מעושן קנולה וילי פוד 120 גר,,LV,סלמון אטלנטי מעושן ב,גרמים,120.00,100 גרם,false,,10.90,9.0833,true,1,389478
7290117261590,false,סרדינים בריסלינג מעושנים בשמן זית 129 גרם,,LV,סרדינים בריסלינג מעו,גרמים,185.00,100 גרם,false,,13.90,7.5135,true,1,389460
7290117261644,false,פרוסות צהובה בטעם צדר טבעוני 140 גרם,,GR,צהובה טבעונית בטעם צ,גרמים,140.00,100 גרם,false,,16.90,12.0714,true,1,387639
7290117261668,false,לבנה בסגנון יווני טבעוני 200 גרם,,GR,לבנה טבעונית בסגנון,גרמים,200.00,100 גרם,false,,16.90,8.4500,true,1,387641
7290117261705,false,חמאת עיזים 200 גר' וילי פוד,באלבן גידה סנאי,TR,חמאת עיזים 200 גרם,גרמים,200.00,100 גרם,false,,13.90,6.9500,true,1,389545
7290117262221,false,"משקה יוגורט פרוביוטי עם אננס 200מ""ל 2.3%שומן יורו",,TR,משקה יוגורט עם אננס,מיליליטרים,200.00,"100 מ""ל",false,,5.90,2.9500,true,1,374033
7290117262245,false,"משקה יוגורט פרוביוטי עם אפרסק ומשמש 200מ""ל 2.3%שומן יורו",,TR,משקה יוגורט עם אפרסק,מיליליטרים,200.00,"100 מ""ל",false,,5.90,2.9500,true,1,374034
7290117380857,false,עוגות אישיות בטעם לימון 120 ג' סלים דליס פייבר,,ES,סלים דליס פייבר - עו,גרמים,120.00,100 גרם,false,,13.90,11.5833,true,1,344607
7290117380871,false,עוגות אישיות בטעם אוכמניות 120 ג' סלים דליס פייבר,הלמה הלום,NL,סלים דליס פייבר - עו,גרמים,120.00,100 גרם,false,,13.90,11.5833,true,1,344593
7290117380888,false,מרבה טייק אווי עוגיות סנדוויץ 140 גרם,,,מרבה טייק אווי - עוג,גרמים,140.00,100 גרם,false,,9.90,7.0714,true,1,391361
7290117383711,false,"מארז זוג תחליב רחצה חלב ודבש *750 מ""ל פלמוליב",,TR,פלמוליב חלב ודבש 750,ליטרים,1500.00,100 ליטר,false,,30.00,2.0000,true,1,397996
7290117383780,false,"זוג פלמוליב סבון נוזלי מסאז' 750X2 מ""ל",,,פלמוליב ארומה מסאג',ליטרים,1500.00,100 ליטר,false,,30.00,2.0000,true,1,398000
7290117760833,false,כפפות ניטריל ללא אבקה 100יח L,,,כפפות ניטריל כחולות,יחידה,0.00,יחידה,false,,27.90,0.0000,true,1,397498
7290117761052,false,מנקה חלונות 1 ליטר ז,,,מנקה חלונות 1 ליטר ז,ליטרים,1.00,ליטר,false,,14.90,14.9000,true,1,282637
7290117823798,false,בדיקה עצמית מהירה לזיהוי אנטיגן 5 יח,,CN,בדיקה עצמית מהירה לז,יחידה,0.00,יחידה,false,,39.90,0.0000,true,1,248444
7290117829592,false,צמר גפן מתוק בדלי 50,,,צמר גפן מתוק בדלי 50,גרמים,50.00,100 גרם,false,,10.00,20.0000,true,1,400807
7290117829608,false,צמר גפן מתוק בדלי 50,,,צמר גפן מתוק בדלי 50,גרמים,50.00,100 גרם,false,,10.00,20.0000,true,1,400808
7290117860090,false,"הוואי - מרכך מטפח לשיער רגיל 700 מ""ל",,,מרכך מטפח לשיער רגיל,מיליליטרים,700.00,"100 מ""ל",false,,15.90,2.2714,true,1,396769
7290117860199,false,"הוואי - שמפו מעניק לחות לשיער יבש 700 מ""ל",,,שמפו לשיער יבש הוואי,מיליליטרים,700.00,"100 מ""ל",false,,15.90,2.2714,true,1,396771
7290117860243,false,"הוואי - מרכך מעניק לחות לשיער יבש 700 מ""ל",,,מרכך לשיער יבש הוואי,מיליליטרים,700.00,"100 מ""ל",false,,15.90,2.2714,true,1,396772
7290117900932,false,גרעיני אבטיח קלויים,,,גרעיני אבטיח קלויים,גרמים,130.00,100 גרם,false,,10.90,8.3846,true,1,347460
7290117900949,false,בוטנים מצופים אמריקאים 250 גרם,,IL,בוטנים מצופים אמריק,גרמים,250.00,100 גרם,false,,10.90,4.3600,true,1,347461
7290117900956,false,תערובת פיצוחים קלויים 180 גרם,,IL,תערובת פיצוחים קלויי,גרמים,180.00,100 גרם,false,,15.90,8.8333,true,1,347462
7290117900963,false,בוטנים קלויים 270 גרם,,IL,בוטנים קלויים 270 גר,גרמים,270.00,100 גרם,false,,10.90,4.0370,true,1,347463
7290117900970,false,שקדים קלויים 180 גרם,,IL,שקד קלוי 180 גרם,גרמים,180.00,100 גרם,false,,15.90,8.8333,true,1,347464
7290117900987,false,אגוזי פקאן קלוף 140 גרם,,IL,פקאן קלוף 140 גרם,גרמים,140.00,100 גרם,false,,15.90,11.3571,true,1,347465
7290117900994,false,פקאן סיני מסוכר 140 גרם,,IL,פקאן סיני מסוכר 140,גרמים,140.00,100 גרם,false,,15.90,11.3571,true,1,347466
7290117901007,false,פיסטוקים קלויים 130 גרם,,IL,פיסטוק קלוי 130 גרם,גרמים,130.00,100 גרם,false,,15.90,12.2308,true,1,347467
7290117901014,false,קשיו קלוי 160 גרם,,IL,קשיו קלוי 160 גרם,גרמים,160.00,100 גרם,false,,15.90,9.9375,true,1,347468
7290117901021,false,קבוקים בוטנים מצופים עם שומשום 220 גרם,,IL,קבוקים בוטנים מצופים,גרמים,220.00,100 גרם,false,,10.90,4.9545,true,1,347469
7290117901038,false,אגוזי מלך קלופים 190 גרם,,IL,אגוז מלך קלוף 190 גר,גרמים,190.00,100 גרם,false,,15.90,8.3684,true,1,347470
7290117901045,false,בוטן רביולי 200 גרם,,IL,בוטן רביולי 200 גרם,גרמים,200.00,100 גרם,false,,15.90,7.9500,true,1,347471
7290117901052,false,שקדים קלופים 180 גרם,,IL,שקד קלוף 180 גרם,גרמים,180.00,100 גרם,false,,15.90,8.8333,true,1,347472
7290118420071,false,במבה ביסלי ברביקיו מיקס 80ג' אסם,"אסם השקעות בע""מ",IL,במבה ביסלי ברביקיו מ,גרמים,80.00,100 גרם,false,,4.90,6.1250,true,1,392864
7290118420378,false,אסם פתי בר פינוקים תותים ושמנת 220 גרם,דר גררד,IL,פתי בר פינוקים תותים,גרמים,220.00,100 גרם,false,,9.90,4.5000,true,1,393074
7290118420415,false,אסם קטשופ קלאסי היתר מכירה 750 גרם,"אסם תעשיות מזון בע""מ",IL,.אסם קטשופ בקבוק לחי,גרמים,750.00,100 גרם,false,,11.90,1.5867,true,1,413166
7290118420477,false,אסם בייגלה שטוחים בטעם ביסלי בצל 300 גר,אסם,IL,בייגלה שטוחים בטעם ב,גרמים,300.00,100 גרם,false,,11.90,3.9667,true,1,393073
7290119041664,false,עוגיות רשת שוקו מסו,,,עוגיות רשת שוקו מסו,גרמים,350.00,100 גרם,false,,17.90,5.1143,true,1,410922
7290589856775,false,נייס שבלולים לשיער,,,נייס שבלולים לשיער,יחידה,0.00,יחידה,false,,5.90,0.0000,true,1,33898
7290900010367,false,טורטייה שמינייה משקל נקי 360 ג' Avel,,,טורטייה אבאל 360 גרם,גרמים,360.00,100 גרם,false,,10.90,3.0278,true,1,48837
7291008084915,false,תמר מג'הול 500גר,,,תמר מג'הול 500גר,גרמים,500.00,100 גרם,false,,10.00,2.0000,true,1,275997
7296021133688,false,תפוחון ידית שחורה נע,,,תפוחון ידית שחורה נע,יחידה,0.00,יחידה,false,,9.90,0.0000,true,1,45135
7296021161186,false,צנצנת זכוכית מרובעת,,,צנצנת זכוכית מרובעת,יחידה,0.00,יחידה,false,,24.90,0.0000,true,1,45294
7296021165597,false,"סיר 30 ס""מ 8.1 ליטר",,,"סיר 30 ס""מ 8.1 ליטר",יחידה,0.00,יחידה,false,,799.90,0.0000,true,1,270017
7296021262005,false,"סט (4) סיר 24 ס""מ ומ",,,"סט (4) סיר 24 ס""מ ומ",יחידה,0.00,יחידה,false,,899.90,0.0000,true,1,291878
7296021266836,false,סט כף ותרווד עץ פרפק,,,סט כף ותרווד עץ פרפק,יחידה,0.00,יחידה,false,,12.90,0.0000,true,1,271273
7296021266966,false,מצקת נירוסטה ידית אפ,,,מצקת נירוסטה ידית אפ,יחידה,0.00,יחידה,false,,19.90,0.0000,true,1,271562
7297425320728,false,מארז שי 2 מגבות גוף,,,מארז שי 2 מגבות גוף,יחידה,0.00,יחידה,false,,69.90,0.0000,true,1,165491
7297488098176,false,קמח סויה ללא גלוטן ד,אף.סי. תבליני הגליל,IL,דגש קמח סויה ללא גלו,גרמים,500.00,100 גרם,false,,11.90,2.3800,true,1,99832
7297488098183,false,דגש קמח אורז ללא גלו,תבליני העליון 2007 ב,IL,דגש קמח אורז ללא גלו,גרמים,500.00,100 גרם,false,,11.90,2.3800,true,1,99845
7297488098305,false,קמח שקדים דגש 250 גרם,תות תעשיות מזון (201,IL,דגש קמח שקדים 250 גר,גרמים,250.00,100 גרם,false,,26.90,10.7600,true,1,99887
7298171185418,false,גרבי בנות מגבת מיני,,,גרבי בנות מגבת מיני,יחידה,0.00,יחידה,false,,19.90,0.0000,true,1,209726
7298171185524,false,גרבי בנים מגבת מיקי,,,גרבי בנים מגבת מיקי,יחידה,0.00,יחידה,false,,19.90,0.0000,true,1,209712
7312040017683,false,וודקה אבסולוט בקבוק,חברת אבסולוט,SE,אבסולוט וודקה 700 מל,מיליליטרים,700.00,"100 מ""ל",false,,75.90,10.8429,true,1,33736
7380580005255,false,נייס שבלולים לשיער,,,נייס שבלולים לשיער,יחידה,0.00,יחידה,false,,7.90,0.0000,true,1,33906
7394376616778,false,"אוטלי משקה שיבולת שועל להקצפה בריסטה , 1 ל'",,SE,משקה שיבולת שועל להק,ליטרים,1.00,ליטר,false,,18.90,18.9000,true,1,75939
7450014901320,false,נעלי בית חורף נשים,,,נעלי בית חורף נשים,יחידה,0.00,יחידה,false,,39.90,0.0000,true,1,31488
7480588956563,false,נייס שבלולים לשיער,,,נייס שבלולים לשיער,יחידה,0.00,יחידה,false,,9.90,0.0000,true,1,33908
7501013122992,false,ג'ומקס משקה קוקוס אננס קרטונית 1 ליטר,חומקס קומר קומרסאליז,MX,ג'ומקס משקה קוקוס אנ,ליטרים,1.00,ליטר,false,,10.90,10.9000,true,1,39359
7501013138184,false,משקה יוניקו פרסקו חמוציות קרטונית 1 ליטר,חומקס קומר קומרסאליז,MX,יוניקו פרסקו משקה חמ,ליטרים,1.00,ליטר,false,,11.90,11.9000,true,1,39366
7501064191398,false,"שישיית בירה קורונה 355 מ""ל בקבוק",קריניציה ויטמינה אס,MX,קורונה מארז שישיה 6*,ליטרים,2.13,ליטר,false,,39.90,18.7324,true,1,29595
7503012779306,false,סירופ אגבה כחולה 100% 330 גרם נטורפוד,נוטריגבאס דה מקסיקו,MX,נטורפוד סירופ אגבה כ,גרמים,330.00,100 גרם,false,,20.90,6.3333,true,1,100016
7610100034084,false,שפורפרת מיונז טומי 265 גרם,נסטלה שוויץ ס.א,,מיונז טומי 265 גרם,גרמים,265.00,100 גרם,false,,16.90,6.3774,true,1,12823
7610400014649,false,לינדט שוקולד חלב 100 גרם,לינדט ושפרונגלי,,לינדט לינדור שוק.חלב,גרמים,100.00,100 גרם,false,,18.90,18.9000,true,1,13810
7610400068505,false,בונבוניירה לינדור מילק 200 גרם,לינדט ושפרונגלי,,לינדור בונבוניירה חל,גרמים,200.00,100 גרם,false,,33.90,16.9500,true,1,13814
7610400075787,false,לינדט לה גרנד חלב אגוזים 150 גר,"לינדט ושפרונגלי, קיל",CH,לינדט לה גרנד חלב עם,גרמים,150.00,100 גרם,false,,24.90,16.6000,true,1,13820
7613030979647,false,דגני בוקר טריקס פירות עולם היורה 480 ג',ג'נרל מילס סאן אדריא,IL,דגני בוקר טריקס 480,גרמים,480.00,100 גרם,false,,27.90,5.8125,true,1,19438
7613035548374,false,גולדן מיניס מלחמת הכוכבים 570 גרם,סי. פי. צרפת,FR,דגני בוקר גולדן מיני,גרמים,570.00,100 גרם,false,,27.90,4.8947,true,1,19486
7613035622623,false,פיטנס - גרנולה שקדים ודבש 300 גרם,שוורצקוף& הנקל דיסלד,LT,פיטנס גרנולה שקדים ו,גרמים,300.00,100 גרם,false,,16.90,5.6333,true,1,19489
7613035635845,false,פיטנס גרנולה שוקולד 14*300 גרם,שוורצקוף& הנקל דיסלד,LT,פיטנס גרנולה שוקולד,גרמים,300.00,100 גרם,false,,16.90,5.6333,true,1,19490
7613035807778,false,פרפקטו רוטב עגבניות לבולונז 400 ג' אסם,נסטלה ספרד,ES,פרפקטו רוטב עגבניות,גרמים,400.00,100 גרם,false,,10.90,2.7250,true,1,19493
7613035809109,false,פרפקטו רוטב עגבניות ובזיליקום 400 ג'אסם,נסטלה ספרד,ES,פרפקטו רוטב עגבניות,גרמים,400.00,100 גרם,false,,10.90,2.7250,true,1,19494
7613035809857,false,פרפקטו רוטב עגבניות לפסטה ולבישול 400 ג' אסם,נסטלה ספרד,ES,פרפקטו רוטב עגבניות,גרמים,400.00,100 גרם,false,,10.90,2.7250,true,1,19496
7613036710879,false,קיט קט ציאנקי מיני 194 גרם,,DE,קיט קט צ'אנקי מיני 1,גרמים,194.00,100 גרם,false,,10.00,5.1546,true,1,42014
7613036737623,false,דגני בוקר קראנץ מקס,,FR,דגני בוקר קראנץ מקס,גרמים,410.00,100 גרם,false,,27.90,6.8049,true,1,19521
7613037276091,false,נסטלה מיקס מיני אריזות דגני בוקר 200 גרם,SPI SAS,FR,מיקס מיני אריזות דגנ,גרמים,200.00,100 גרם,false,,20.90,10.4500,true,1,19536
7613037811629,false,דגני בוקר קורנפלקס גו פרי 500 גר',שוורצקוף& הנקל דיסלד,IL,קורנפלקס גו פרי 500,גרמים,500.00,100 גרם,false,,17.90,3.5800,true,1,54260
7613038451954,false,דגני בוקר שוקולד מופחת סוכר 410 ג' קראנץ',סי. פי. צרפת,FR,קראנץ שוקולד מופחת ס,גרמים,410.00,100 גרם,false,,23.90,5.8293,true,1,19539
7613287121783,false,סמארטיס מיני 16*187 גרם,,DE,סמרטיס מיני 187 גרם,גרמים,187.00,100 גרם,false,,10.00,5.3476,true,1,356153
7613287182425,false,מחית בננה תפוח ותות ויטמינצ'יק 110 ג',"טרופיקל דגיל בע""מ אז",IL,פאוץ תפוח בננה ותות,גרמים,110.00,100 גרם,false,,5.90,5.3636,true,1,166076
7613287182456,false,מחית אגס תפוח בננה ויטמינצ'יק 110 ג',"נסטלה ספרד ס.א, מפעל",ES,פאוץ אגס תפוח בננה ו,גרמים,110.00,100 גרם,false,,5.90,5.3636,true,1,166077
7613287325808,false,אוסם - דיפ אנד ספרד מטבל איולי שום 295 גרם,נסטלה פולין,PL,רוטב איולי שום לחיץ,גרמים,295.00,100 גרם,false,,15.90,5.3898,true,1,195581
7613287325853,false,אוסם - דיפ אנד ספרד מטבל איולי ספייסי 295 גרם,נסטלה פולין,PL,רוטב ספייסי איולי לח,גרמים,295.00,100 גרם,false,,15.90,5.3898,true,1,195583
7613287325952,false,אוסם - דיפ אנד ספרד מטבל ברבקיו 345 גרם,דפטונה פולין,PL,רוטב ברביקיו לחיץ אס,גרמים,345.00,100 גרם,false,,15.90,4.6087,true,1,195566
7613287476678,false,דגני בוקר סינימיניס צ'ורוס נסטלה 360 ג',נסטלה אוונקה,PT,סינימיניס צ'ורוס 360,גרמים,360.00,100 גרם,false,,27.90,7.7500,true,1,155009
7622010001858,false,אוראו ממולאות קרם וניל באטמן 176 גרם,פי אר ג'יי אס אי מנד,UA,עוגיות אוראו סנדביץ,גרמים,176.00,100 גרם,false,,9.90,5.6250,true,1,5137
7622201139278,false,גבינת שמנת 27% שומן 150 ג' פילדלפיה,מונדלייז,ES,פילדלפיה גבינת שמנת,גרמים,150.00,100 גרם,false,,16.90,11.2667,true,1,17203
7622201798154,false,גבינת פילדלפיה שמנת לייט 150 גרם,,,פילדלפיה גבינת שמנת,גרמים,150.00,100 גרם,false,,16.90,11.2667,true,1,182894
7622201801809,false,מילקה- שוק' חלב עם אגוזים 100 גר' חדש,מנדלז דויצ'לנד סנקס,DE,מילקה שוקוד חלב עם א,גרמים,100.00,100 גרם,false,,6.90,6.9000,true,1,159236
7622201802363,false,שוקולד מילקה טבלה חלב צימוקים ואגוזים 100ג',מנדלז דויצ'לנד סנקס,DE,מילקה שוקולד חלב עם,גרמים,100.00,100 גרם,false,,6.90,6.9000,true,1,159237
7622201802394,false,שוקולד מילקה חלב מסרונים 100 גרם,מנדלז דויצ'לנד סנקס,DE,מילקה שוקולד חלב 100,גרמים,100.00,100 גרם,false,,6.90,6.9000,true,1,159223
7622201813390,false,עוגיות מילקה וואפל במילוי קרם קקאו 150 ג,מונדליז סי.אר. ביסקו,,מילקה וואפל במילוי ק,גרמים,150.00,100 גרם,false,,15.90,10.6000,true,1,147641
7622201819170,false,שוקולד מילקה דרק שקדים 85 גרם,מונדלז דויטשלנד סנאק,DE,מילקה דארק שקדים 85,גרמים,85.00,100 גרם,false,,7.90,9.2941,true,1,189615
7622201819552,false,שוקולד מילקה דרק 85 גרם,מונדלז דויטשלנד סנאק,DE,מילקה דארק 85 גרם,גרמים,85.00,100 גרם,false,,7.90,9.2941,true,1,189617
7622210637994,false,"אוראו ביס קראנצי אורגינל, 110 גרם",מונדלז אספניה ג'לאטס,ES,קראנצ'י בייטס אוראו,גרמים,110.00,100 גרם,false,,10.90,9.9091,true,1,195465
7622300107949,false,טובלרון חלב צימוק 10,,,טובלרון חלב צימוק 10,גרמים,100.00,100 גרם,false,,11.90,11.9000,true,1,325835
7622300270506,false,מילקה גריינס - עוגיות שיבולת שועל מצופות שוקולד 168 ג',מונדלז פולסקה פרודקש,PL,מילקה גריינס עוגיות,גרמים,168.00,100 גרם,false,,15.90,9.4643,true,1,5165
7622300489427,false,עוגיות אוראו בציפוי שוקולד לבן 246 גרם,מנדלז אספנה גאלטס פר,ES,אוראו פאג שוקולד לבן,גרמים,246.00,100 גרם,false,,17.90,7.2764,true,1,5170
7622300489434,false,"עוגיות אוראו פאדג' בציפוי שוקולד חלב, 246 גרם",מנדלז אספנה גאלטס פר,ES,אוראו פאג שוקולד חלב,גרמים,246.00,100 גרם,false,,17.90,7.2764,true,1,5171
7622300503079,false,מילקה מוו - ביסקוויט מצופה שוקולד חלב 200 ג',מונדלז פולסקה פרודקש,PL,מילקה מוו - ביסקוויט,גרמים,200.00,100 גרם,false,,15.90,7.9500,true,1,5174
7622300617820,false,שוקלד מילקה טבלת חלב אוראו 100ג',מנדלז דויצ'לנד סנקס,DE,מילקה שוקולד אוראו 1,גרמים,100.00,100 גרם,false,,6.90,6.9000,true,1,5175
7638900426663,false,סוללת אדוונס פורמולה,,,סוללת אדוונס פורמולה,יחידה,0.00,יחידה,false,,27.90,0.0000,true,1,6100
7690589856667,false,נייס שבלולים לשיער,,,נייס שבלולים לשיער,יחידה,0.00,יחידה,false,,12.90,0.0000,true,1,33909
7702018441075,false,סכיני גילוח גילט פיוזן ידני 12 יח,,,סכיני גילוח פיוזן יד,יחידה,0.00,יחידה,false,,150.90,0.0000,true,1,27315
7702018980826,false,"גילט ג'ל גילוח טורקיז 200 מ""ל- להגנה",,,ג'ל גילוח GILLETTE S,מיליליטרים,200.00,"100 מ""ל",false,,15.90,7.9500,true,1,18064
7702024074625,false,פיטנס - חטיפי קרקר חיטה מלאה 234 גרם,קומסטיבלס לה רוזה אס,CO,פיטנס חטיפי קרקר חיט,גרמים,234.00,100 גרם,false,,13.90,5.9402,true,1,19543
7702174066631,false,לקקן יוגטה פין פופ במילוי מסטיק 170 גר,הדקלאים אגודת שיתופי,CO,יוגטה פינפופ לקקן 10,גרמים,180.00,100 גרם,false,,12.90,7.1667,true,1,42017
7702174073783,false,לקקן יוגטה פין פופ 10 יח בטעם קולה 170 ג,הדקלאים אגודת שיתופי,CO,לקקן פינפופ קולה 10,גרמים,180.00,100 גרם,false,,12.90,7.1667,true,1,42023
7792860006218,false,1X48X24G בייבי דול רביעיה,גוד פוד פרודקטס S.p,AR,בייבי דול לקקן 20גר,גרמים,24.00,100 גרם,false,,2.90,12.0833,true,1,13826
8000070003774,false,קפסולות אספרסו לוואצה אינטנסו 13 16 יח,,,קפסולת LAVAZZA INTEN,גרמים,120.00,100 גרם,false,,29.90,24.9167,true,1,383939
8000070064577,false,קפסולות אספרסו לוואצה אורו 8 16 יח,,,קפסולת LAVAZZA ORO ר,גרמים,120.00,100 גרם,false,,29.90,24.9167,true,1,383946
8000113003402,false,"קמח תירס בוואקום 1 ק""ג","כד בני דרום בע""מ",IT,"קמח תירס ניקולי 1 ק""",קילוגרמים,1.00,"ק""ג",false,,17.90,17.9000,true,1,3688
8000215204219,false,משקה אורז - אורגני 1 ליטר,בטר אנד דיפרנט,IT,משקה אורז אורגני 1 ל,ליטרים,1.00,ליטר,false,,14.90,14.9000,true,1,99914
8000215204240,false,משקה שקדים ואורז - אורגני 1 ליטר,בטר אנד דיפרנט,IT,משקה שקדים ואורז אור,ליטרים,1.00,ליטר,false,,14.90,14.9000,true,1,99915
8000215204370,false,ויטריז לבישול תחל. שמנת צמחי אורגני 200,ויטריז,IT,ויטריז לבישול - תחלי,מיליליטרים,200.00,"100 מ""ל",false,,6.40,3.2000,true,1,99902
8000215204561,false,VITASI משקה שקדים אורגני 1 ליטר,בטר אנד דיפרנט,IT,משקה שקדים 1 ליטר,ליטרים,1.00,ליטר,false,,16.90,16.9000,true,1,99933
8000215204677,false,משקה ש.שועל בריסטה אורגני 1 ליטר ויטריז,בטר אנד דיפרנט,IT,משקה שיבולת שועל אור,ליטרים,1.00,ליטר,false,,14.90,14.9000,true,1,248445
8000215204714,false,משקה שיבולת שועל אורגני 1 ליטר PRIMAVENA,בטר אנד דיפרנט,IT,משקה שיבולת שועל אור,ליטרים,1.00,ליטר,false,,14.90,14.9000,true,1,99919
8000380003723,false,גרנד פטיסרי עוגיות וופל אגוזים 100ג',קריניציה ויטמינה אס,IT,גרנד פטיסרי ופל אגוז,גרמים,100.00,100 גרם,false,,13.90,13.9000,true,1,12828
8000380003761,false,וופל גרנדה פטיסרי קוקוס שוקולד 100ג',קריניציה ויטמינה אס,IT,גרנד פטיסרי ופל קוקו,גרמים,100.00,100 גרם,false,,13.90,13.9000,true,1,12830
8000380004669,false,וופל לואקר סנדוויץ קוביות ושוקולד 200ג',"א. לואקר, קונפקט ג'י",AT,לואקר וופל סנדוויץ',גרמים,200.00,100 גרם,false,,13.90,6.9500,true,1,12833
8000380004676,false,וופל לואקר קוביות וניל 200ג',"א. לואקר, קונפקט ג'י",AT,לואקר וופל קרם וניל,גרמים,200.00,100 גרם,false,,13.90,6.9500,true,1,12834
8000380004911,false,וופל קוארדטיני לואקר קוביות אגוז 250ג'',קריניציה ויטמינה אס,AT,וופל קואדרטיני אגוז,גרמים,250.00,100 גרם,false,,15.90,6.3600,true,1,12836
8000380004966,false,וופל קוארדטיני לואקר קוביות שוקולד 250ג',קריניציה ויטמינה אס,AT,וופל קואדרטיני קקאו,גרמים,250.00,100 גרם,false,,15.90,6.3600,true,1,12839
8000380007219,false,וופל לואקר אגוז קלאסי 175ג',א. לואקר,AT,וופל לואקר אגוז 175,גרמים,175.00,100 גרם,false,,12.90,7.3714,true,1,12845
8000380007257,false,וופל גרנדה מצופה שוקולד 200ג',קריניציה ויטמינה אס,IT,.וופל מצופה שוקולד ג,גרמים,200.00,100 גרם,false,,15.90,7.9500,true,1,12847
8000380007271,false,וופל לואקר קרם חלב 175ג',,IT,וופל לואקר חלב 175 ג,גרמים,175.00,100 גרם,false,,12.90,7.3714,true,1,12849
8000380144044,false,וופל גרדנה לואקר שוקולד 200ג',"א. לואקר , AG/SpA, ו",IT,וופל גרדנה שוקולד 20,גרמים,200.00,100 גרם,false,,15.90,7.9500,true,1,12854
8000380180721,false,לואקר וופל קקאו במילוי קרם חלבי 175 גר,קריניציה ויטמינה אס,AT,וופל לואקר קלאסיק שו,גרמים,175.00,100 גרם,false,,12.90,7.3714,true,1,12877
8000380187119,false,עוגיות במילוי קרם אגוזי לוז לואקר 100 גר,לואקר,AT,עוגיות לואקר אגוזי ל,גרמים,100.00,100 גרם,false,,15.90,15.9000,true,1,96861
8000500023624,false,שוקולד הפי היפו חטיף קינדר מארז 20.5X5ג',קדבורי,DE,הפי היפו 5*20ג,גרמים,102.00,100 גרם,false,,13.90,13.6275,true,1,41408
8000500029350,false,קינדר בואנו חטיף מארז שלישייה 129ג',פררו,IT,קינדר בואנו 3*43 גרם,גרמים,129.00,100 גרם,false,,11.90,9.2248,true,1,41411
8000500032237,false,בונבוניירה פררו רושר 375 גר,קדבורי,IT,רושר 375 גרם,גרמים,375.00,100 גרם,false,,47.90,12.7733,true,1,41412
8000500037874,false,בונבוניירה פררו רושה 200 גרם,פררו,IT,בונבוניירת רושר 200ג,גרמים,200.00,100 גרם,false,,29.90,14.9500,true,1,41414
8000500071083,false,שוקולד אצבעות קינדר חלב 200 ג',קדבורי,IT,קינדר אצבעות שוקולד,גרמים,200.00,100 גרם,false,,14.50,7.2500,true,1,41416
8000500121436,false,קינדר בואנו לבן חטיף מארז שלישייה 129ג',פררו,IT,קינדר בואנו לבן 3*43,גרמים,117.00,100 גרם,false,,11.90,10.1709,true,1,41420
8000500249352,false,קינדר בואנו מיני מיקס שקית 205 ג',קדבורי,PL,קינדר בואנו מיני מיק,יחידה,0.00,יחידה,false,,20.90,0.0000,true,1,41443
8001003100164,false,יוגטה סוכריות גילי בטעם פירות 450 גר,,,יוגטה סוכריות ג'לי פ,גרמים,450.00,100 גרם,false,,12.90,2.8667,true,1,42038
8001090184375,false,"נוזל כלים פיירי 900 מ""ל ירוק אורגינל",,GB,פיירי נוזל כלים פלטי,מיליליטרים,900.00,"100 מ""ל",false,,14.90,1.6556,true,1,318471
8001090222756,false,"הרבל אסנסס - מרכך שמן מורינגה 400 מ""ל",,FR,מרכך שמן מורינגה הרב,מיליליטרים,400.00,"100 מ""ל",false,,14.90,3.7250,true,1,27368
8001090222848,false,"הרבל אסנסס - שמפו שיקום שמן ארגן 400 מ""ל",,FR,שמפו שיקום שמן ארגן,מיליליטרים,400.00,"100 מ""ל",false,,14.90,3.7250,true,1,27369
8001090379368,false,פמפרס פרימיום חיתולי VP מידה 4 34 יח',פרוקטר & גמבל,DE,חיתולי פמפרס פרימיום,יחידה,0.00,יחידה,false,,35.90,0.0000,true,1,27387
8001090493637,false,"הד אנד שולדרס שמפו אולטרא טוטאל קר 450 מ""ל",,,שמפו אולטרא טוטאל קר,מיליליטרים,450.00,"100 מ""ל",false,,19.90,4.4222,true,1,27399
8001090678614,false,"שמפו סופרים לחות הד אנד שולדרס 400 מ""ל",,FR,שמפו שולדרס סופרים ל,מיליליטרים,400.00,"100 מ""ל",false,,21.90,5.4750,true,1,27409
8001090721099,false,קפסולות לכביסה אריאל פודש 27 יח,פרוקטר אנד גמבל,FR,אריאל פודס קפסולות 2,יח',27.00,יח',false,,36.90,1.3667,true,1,27412
8001090832450,false,"שמפו פנטן הנוסחה הקלאסית 660 מ""ל",,,שמפו הנוסחה הקלאסית,מיליליטרים,660.00,"100 מ""ל",false,,21.90,3.3182,true,1,65405
8001090832856,false,"קונדישנר פנטן מרוקאי משקם 660 מ""ל",,,מרכך שמן מרוקאי משקם,מיליליטרים,660.00,"100 מ""ל",false,,21.90,3.3182,true,1,65409
8001090832894,false,מרכך לשיער חלש ופגום לחות מוגברת,,,מרכך לחות מוגברת פנט,מיליליטרים,660.00,"100 מ""ל",false,,21.90,3.3182,true,1,65410
8001090899194,false,תחבושות אולוויז פלטינום נורמל 24 יח',,DE,תחבושות פלטינום נורמ,יחידה,0.00,יחידה,false,,24.90,0.0000,true,1,27451
8001620011935,false,"שישיית סאן בנדטו מוגז עדין 500 מ""ל",אקווה מינרלה סאן בנד,IT,סאן בנדטו מוגז 6*500,ליטרים,3.00,ליטר,false,,14.90,4.9667,true,1,9556
8001620015636,false,"סן בנדטו מיקס פירות 400 מ""ל",אקווה מינרלה סאן בנד,IT,סן בנדטו בטעם מיקס פ,מיליליטרים,400.00,"100 מ""ל",false,,7.50,1.8750,true,1,126231
8001620019177,false,"סן בנדטו ענבים 400 מ""ל 12 יח'",אקווה מינרלה סאן בנד,IT,סאן בנדטו משקה בטעם,מיליליטרים,400.00,"100 מ""ל",false,,6.90,1.7250,true,1,345387
8001841625188,false,"נוזל כלים פיירי פלטינום לימון 515 מ""ל",פרוקטר אנד גמבל,GB,פיירי נוזל כלים פלטי,מיליליטרים,515.00,"100 מ""ל",false,,10.90,2.1165,true,1,68821
8001841625362,false,"נוזל כלים בניחוח לימון פלטינום 780 מ""ל פיירי",,GB,פיירי נוזל כלים פלטי,מיליליטרים,780.00,"100 מ""ל",false,,14.90,1.9103,true,1,318457
8001841625461,false,"נוזל כלים פיירי פלטינום אורגינל 515 מ""ל",פרוקטר אנד גמבל,GB,פיירי נוזל כלים פלטי,מיליליטרים,515.00,"100 מ""ל",false,,10.90,2.1165,true,1,68823
8001841625508,false,נוזל כלים פיירי פלטינום אורגינל 1.05 ליטר,פרוקטר אנד גמבל,GB,פיירי נוזל כלים פלטי,ליטרים,1.01,ליטר,false,,19.90,19.7030,true,1,68824
8001841663654,false,"פיירי נוזל כלים אקסטרה 650 מ""ל - צהוב",,,פיירי נוזל כלים 650,מיליליטרים,650.00,"100 מ""ל",false,,10.90,1.6769,true,1,378450
8001841664903,false,"שמפו פאנטן 400 מ""ל",,,"שמפו פאנטן 400 מ""ל",מיליליטרים,400.00,"100 מ""ל",false,,15.90,3.9750,true,1,409801
8001841665498,false,"שמפו פאנטן 400 מ""ל",,,"שמפו פאנטן 400 מ""ל",מיליליטרים,400.00,"100 מ""ל",false,,15.90,3.9750,true,1,409803
8001841667782,false,"הד&שולדרס - שמפו 2 ב1 מנטול 400 מ""ל",,,שמפו הד ושולדרס 2 פע,מיליליטרים,400.00,"100 מ""ל",false,,15.90,3.9750,true,1,124482
8001841716312,false,הד אנד שולדרס ג'ל רחצה ושמפו ספורט 360מל,"פרוקטר אנד גמבל, צרפ",FR,ג'ל רחצה ושמפו ספורט,מיליליטרים,360.00,"100 מ""ל",false,,18.90,5.2500,true,1,184190
8001841810461,false,"שמפו פאנטן 400 מ""ל",,,"שמפו פאנטן 400 מ""ל",מיליליטרים,400.00,"100 מ""ל",false,,15.90,3.9750,true,1,409806
8001943549122,false,"צ'וקטה מטבעות שוקולד חלב, 40 גרם",,,צ`וקטה מטבעות שוקולד,גרמים,40.00,100 גרם,false,,4.90,12.2500,true,1,42044
8002267016475,false,ביצת שוקולד הפתעה בוב הבנאי שלישייה 60 ג,מולינו ניקולי s.p.a,IT,צ'וקטה ביצת הפתעה בו,יח',60.00,יח',false,,13.90,0.2317,true,1,42048
8002270436581,false,"שישיית מים סאן פלגרינו פלסט 500 מ""ל",,,סאן פלגרינו מים מוגז,ליטרים,3.00,ליטר,false,,32.70,10.9000,true,1,9562
8003340091280,false,בונבוניירה לינדור60% 200 גרם,לינדוט ושופרונגלי אי,IT,בונבוניירות לינדור 6,גרמים,200.00,100 גרם,false,,33.90,16.9500,true,1,13829
8004030044005,false,נתחי טונה בשמן זית ריו מרה 160 ג',"בולטון אלימנטרי בע""מ",IT,נתחי טונה בשמן זית ר,גרמים,160.00,100 גרם,false,,18.90,11.8125,true,1,21866
8004123002509,false,שמן זרעי ענבים מזוכך,,,שמן זרעי ענבים מזוכך,ליטרים,1.00,100 ליטר,false,,39.90,3990.0000,true,1,327632
8004800005502,false,וופל מיני רול גלילי ופל במילוי קרם קקאו- 125 ג' לאגו,לגו גרופ ס.פ.א.,IT,לאגו מיני רול- גלילי,גרמים,125.00,100 גרם,false,,9.90,7.9200,true,1,391653
8004800005519,false,וופל רול גלילי במילוי קרם אגוזי לוז- 125 ג' לאגו,לגו גרופ ס.פ.א.,IT,לאגו מיני רול- גלילי,גרמים,125.00,100 גרם,false,,9.90,7.9200,true,1,391654
8005110002243,false,רכז עגבניות Doppio Concentr בשפופרת 185 ג' MUTTI,"איי, בי, אינבוו",IT,תרכיז MUTTI עגבניות,גרמים,185.00,100 גרם,false,,8.90,4.8108,true,1,90489
8005110060007,false,עגבניות מקולפות 400 גרם MUTTI,,,עגבניות MUTTI מקולפו,גרמים,400.00,100 גרם,false,,6.90,1.7250,true,1,51618
8005110170300,false,שלישיית עגבניות מרוסקות 400 גר MUTTI,Mutti,IT,עגבניות MUTTI מרוסקו,קילוגרמים,1.20,"ק""ג",false,,17.90,14.9167,true,1,51619
8005110200014,false,רכז עגבניות 210 גרם MUTTI,"איי, בי, אינבוו",IT,רסק עגבניות 210 גרם,גרמים,210.00,100 גרם,false,,6.90,3.2857,true,1,69919
8005200256587,false,משקה תה בטעם אפרסק 1.5ל' NESTEA,מפעל סאנפלגרינו S.P.,IT,נסטי אפרסק 1.5 ליטר,ליטרים,1.50,ליטר,false,,8.90,5.9333,true,1,194208
8005200316588,false,משקה תה דיאט בטעם אפרסק 1.5ל' NESTEA,מפעל סאנפלגרינו s.p.,IT,נסטי דיאט אפרסק 1.5,ליטרים,1.50,ליטר,false,,11.50,7.6667,true,1,194222
8005200486526,false,"נסטי בטעם אפרסק 500 מ""ל",מפעל סאנפלגרינו S.p.,IT,נסטי אפרסק 500מל,מיליליטרים,500.00,"100 מ""ל",false,,6.90,1.3800,true,1,9570
8006227000405,false,סמנצאטו-לחם פרוס חיטה מלאה 400 גרם,,IT,לחם מחמצת פרוס חיטה,גרמים,400.00,100 גרם,false,,16.90,4.2250,true,1,367197
8006227001389,false,סמנצאטו לחם מלא שמן זית ללא קשה 400 גר,רו. מאר ס.ר.ל,IT,לחם מחמצת קמח מלא עם,גרמים,400.00,100 גרם,false,,18.90,4.7250,true,1,367036
8006540106709,false,אולוויז - מגן תחתון נורמל 58 יח',,,מגן תחתון מגה פק נור,יחידה,0.00,יחידה,false,,18.90,0.0000,true,1,401110
8006540491539,false,"נוזל כלים פיירי פלטינום אוריגינל 780 מ""ל",,GB,פיירי נוזל כלים פלטי,מיליליטרים,780.00,"100 מ""ל",false,,14.90,1.9103,true,1,318404
8006540628737,false,שמפו הד שולדרס קלאסי,,,שמפו הד שולדרס קלאסי,מיליליטרים,350.00,"100 מ""ל",false,,16.90,4.8286,true,1,384072
8006540690260,false,"שמפו פאנטן 400 מ""ל",,,"שמפו פאנטן 400 מ""ל",מיליליטרים,400.00,"100 מ""ל",false,,15.90,3.9750,true,1,409809
8008660210038,false,מעדן ריבה מנץ אנד גאססר תות שדה 300 גר,קריניציה ויטמינה אס,IT,מעדן תות שדה 300 גר`,גרמים,300.00,100 גרם,false,,18.90,6.3000,true,1,24827
8008660210052,false,מעדן ריבה מנץ אנד גאססר תפוז 320 גר,,,מעדן פרי תפוז 300 גר,גרמים,300.00,100 גרם,false,,18.90,6.3000,true,1,24829
8008912010072,false,ספגטי לינגוויני 500ג ליגורי,,,פסטה לינגוויני מספר,גרמים,500.00,100 גרם,false,,8.90,1.7800,true,1,343825
8008912010300,false,פסטה פרפלה ליגורי 500 גר',,,פסטה פרפלה מספר 30 -,גרמים,500.00,100 גרם,false,,8.90,1.7800,true,1,343827
8008912010317,false,פסטה פוזלי ליגורי 500 גר',,,פסטה פוזלי מספר 31 -,גרמים,500.00,100 גרם,false,,8.90,1.7800,true,1,343828
8008912010331,false,פסטה ניוקטי סרדי בצורת קונכיות LIGUORI,,,פסטה ניוקטי סרדי בצו,גרמים,500.00,100 גרם,false,,8.90,1.7800,true,1,396789
8008912010423,false,פסטה פנה ריגטה מספר 42 LIGUORI,,,פסטה פנה ריגטה מספר,גרמים,500.00,100 גרם,false,,8.90,1.7800,true,1,343829
8015997000638,false,מאריני אצבעות מתוקות 200 גרם,,,אצבעות מאפה מסוכרות,גרמים,200.00,100 גרם,false,,7.90,3.9500,true,1,367182
8023788030610,false,שוקולד חלב 300 גרם,,,שוקולד חלב 300 גרם,גרמים,300.00,100 גרם,false,,17.90,5.9667,true,1,373725
8023788030627,false,שוקולד מריר מעולה 3,,,שוקולד מריר מעולה 3,גרמים,300.00,100 גרם,false,,17.90,5.9667,true,1,373712
8023788030658,false,עוגיות מלוחות בטעם ט,,,עוגיות מלוחות בטעם ט,גרמים,400.00,100 גרם,false,,12.90,3.2250,true,1,396608
8023788030689,false,עוגיות מלוחות בטעם ע,,,עוגיות מלוחות בטעם ע,גרמים,400.00,100 גרם,false,,12.90,3.2250,true,1,396807
8024985002783,false,סמוזי נטורה נובה גזר ודלעת 100 גרם,,,נטורה נובה - סמוזי ג,גרמים,100.00,100 גרם,false,,5.90,5.9000,true,1,100109
8024985008037,false,סמוזי נטורה נובה סמוצי תפוח 100 גרם,"נטורפוד בע""מ",IT,נטורה נובה - סמוזי ת,גרמים,100.00,100 גרם,false,,5.90,5.9000,true,1,100113
8024985008044,false,סמוזי נטורה נובה סמוצי אגס 100 גרם,"נטורפוד בע""מ",IT,נטורה נובה - סמוזי א,גרמים,100.00,100 גרם,false,,5.90,5.9000,true,1,100114
8076800105056,false,"ברילה ספגטי 1 ק""ג קופסה",,IT,פסטה ספגטי בקופסה בר,קילוגרמים,1.00,"ק""ג",false,,12.90,12.9000,true,1,372999
8076800105735,false,"ברילה פנה ריגטה 1 ק""ג קופסה",,IT,פנה ריגטה בקופסה ברי,קילוגרמים,1.00,"ק""ג",false,,12.90,12.9000,true,1,373012
8076800105988,false,"ברילה פוזילי 1 ק""ג קופסה",,IT,פוזלי בקופסה ברילה 1,קילוגרמים,1.00,"ק""ג",false,,12.90,12.9000,true,1,373025
8076800315097,false,ברילה - צ.א בוקטיני מס9 500 גרם,ברילה גי.אי.אר פרטלי,IT,ספגטי בוקטיני מס' 9,גרמים,500.00,100 גרם,false,,6.90,1.3800,true,1,21885
8076802085738,false,ברילה - צ.ק פנה רגטה חדש 500 גרם,ברילה גי.אי.אר פרטלי,IT,פנה רגטה מס' 73 בריל,גרמים,500.00,100 גרם,false,,6.90,1.3800,true,1,21888
8076802085981,false,ברילה - צ.ק פוזילי חדש 500 גרם,ברילה גי.אי.אר פרטלי,IT,פסטה פוזילי 98 ברילה,גרמים,500.00,100 גרם,false,,6.90,1.3800,true,1,21891
8076808070882,false,פסטה ברילה קנלוני מס'88 250ג',פאסטיפיקו ריגו אס.אר,IT,קנלוני ברילה 250 גרם,גרמים,250.00,100 גרם,false,,14.90,5.9600,true,1,21894
8076808150072,false,ברילה - צ.א ספגטוני מס7 חדש 500 גרם,ברילה גי.אי.אר פרטלי,IT,ספגטי מס' 7 ברילה 50,גרמים,500.00,100 גרם,false,,6.90,1.3800,true,1,21895
8076809513388,false,ברילה - רוטב ארביאטה 400 גרם,ברילה גי.אי.אר פרטלי,IT,ברילה רוטב ארביאטה 4,גרמים,400.00,100 גרם,false,,16.90,4.2250,true,1,21898
8076809513739,false,רוטב פסטה ברילה בזיליקום 400 ג',ברילה גי.אי.אר פרטלי,IT,ברילה רוטב בזיליקום,גרמים,400.00,100 גרם,false,,16.90,4.2250,true,1,21904
8076809523738,false,פסטה ברילה לזניה 500ג',ברילה גי.אי.אר פרטלי,IT,לזניה ברילה 500 גרם,גרמים,500.00,100 גרם,false,,23.90,4.7800,true,1,21912
8076809545457,false,ברילה אטריות ללא גלוטן 400 ג' צינורות 400 ג',"ש. שסטוביץ בע""מ",IT,ברילה צינורות עבה קמ,גרמים,400.00,100 גרם,false,,15.90,3.9750,true,1,21918
8410104039134,false,"פיניש מנקה ומחדש מדיח 250מ""ל",הדקלאים אגודת שיתופי,PL,פיניש מנקה ומחדש מדי,מיליליטרים,250.00,"100 מ""ל",false,,16.90,6.7600,true,1,21080
8410104045111,false,"פיניש מלח למדיח כלים 2ק""ג",פ.פ.ח. שאביט,IL,"פיניש מלח למדיח 2 ק""",קילוגרמים,2.00,"ק""ג",false,,16.90,8.4500,true,1,21082
8410128785734,false,ויוה סוי בריסטה משפחתי 1 ליטר,,,ויוה סוי סויה בריסטה,ליטרים,1.00,ליטר,false,,12.90,12.9000,true,1,390906
8410342004789,false,טוראס-שוקולד מריר 72% ללא סוכר 100 גרם,,,שוקולד מריר 72% ללא,גרמים,100.00,100 גרם,false,,14.90,14.9000,true,1,367086
8410376061772,false,גולון ביסקויט ל.גלוטן דגנים שוקוציפס 220,,ES,ביסקוויט גולון ללא ג,גרמים,220.00,100 גרם,false,,19.90,9.0455,true,1,337069
8410376064438,false,"גולון-פינאס ביסקויט שוקו חלב ללת""ס 150ג",,ES,ביסקוויט ללא תוספות,גרמים,150.00,100 גרם,false,,17.90,11.9333,true,1,336919
8410628460612,false,טונה ספרדית בשמן זית ולימון 190 גרם,,ES,טונה ספרדית בשמן זית,גרמים,190.00,100 גרם,false,,28.50,15.0000,true,1,25206
8410655001147,false,בירה סאן מיגל 500 מל פחית,,,סן מיגל בירה 4.5% כה,מיליליטרים,500.00,"100 מ""ל",false,,8.90,1.7800,true,1,390838
8423207206488,false,חטיף דגנים מלאים מצופה שוקולד חלב 120 גר,אף.סי תבליני בגליל ב,ES,סלים דליס חטיף דגנים,גרמים,120.00,100 גרם,false,,13.90,11.5833,true,1,21933
8423207208871,false,פרכיות תירס בטעם טבעי סלים דליס 130ג',,,פריכיות תירס בטעם טב,גרמים,130.00,100 גרם,false,,10.90,8.3846,true,1,3715
8423207208895,false,פריכיות תירס בטעם זיתים ועירית סלים דליס 123 ג',,,פריכיות תירס זיתים ו,גרמים,123.00,100 גרם,false,,10.90,8.8618,true,1,3717
8606018615827,false,גלידת וניל עם שברי עוגיות אוראו 480 ג',נסטלה,IL,גלידת וניל עם שברי ע,מיליליטרים,300.00,"100 מ""ל",false,,13.90,4.6333,true,1,404011
8606018615841,false,גלידת וניל עם ליבת שוקולד חלב 480 ג' מילקה,נסטלה,IL,פיינט מילקה וניל ליב,מיליליטרים,300.00,"100 מ""ל",false,,13.90,4.6333,true,1,403997
8606018615865,false,פיינט מילקה קרמל ליבת שוקולד 480 גרם,נסטלה,IL,פיינט מילקה קרמל ליב,מיליליטרים,300.00,"100 מ""ל",false,,13.90,4.6333,true,1,403998
8683323063024,false,יוגטה שטיחים תותי פרוטי 220 גרם,מוטקה החולב,TR,יוגטה חיספוסים שטיחי,גרמים,220.00,100 גרם,false,,6.90,3.1364,true,1,42065
8690120160405,false,וופל נמבר ואן ירוק 24 יח',,,מארז וופלים רויאל קנ,גרמים,840.00,100 גרם,false,,28.90,3.4405,true,1,166091
8690504156543,false,טבלת שוקלד חלב ממולא בקרם גנאש שוקולד חלב 88 גר',ביסקוט ביסקווי סילבר,TR,שוקולד חלב במילוי גנ,גרמים,88.00,100 גרם,false,,15.90,18.0682,true,1,403004
8690637976995,false,"בדין - מרכך כביסה אקסטרא ורוד סחלבים פראי 960 מ""ל",יוניליוור סנאיי וי ט,TR,בדין אקסטרא ורוד- 96,מיליליטרים,960.00,"100 מ""ל",false,,16.90,1.7604,true,1,102272
8690766156381,false,גודייבה שוקולד מריר 90% מוצקי קקאו 90 גרם,"אולקר מקבוצת פלאדיס,",TR,גודייבה ש.מריר מעולה,גרמים,90.00,100 גרם,false,,15.90,17.6667,true,1,67979
8690766156404,false,שוקולד מריר גודייבה בטעם תפוז אדום 90 גר,גודייבה,TR,גודייבה שוקולד מריר,גרמים,90.00,100 גרם,false,,15.90,17.6667,true,1,81132
8690777206051,false,חצילים קלויים על האש סארה 650 גר',קוראהן פזלרמה וי דיס,TR,חציל קלוי על האש סרה,גרמים,650.00,100 גרם,false,,13.90,2.1385,true,1,3286
8690784516440,false,דאק נוזל לניקוי מתקדם בניחוח לבנדה בודד 750מל,,,דאק ג'ל נוזל לניקוי,מיליליטרים,750.00,"100 מ""ל",false,,11.90,1.5867,true,1,6115
8690946270074,false,פסטה ספגטי 500 גרם B,,,פסטה ספגטי 500 גרם B,גרמים,500.00,100 גרם,false,,3.90,0.7800,true,1,396808
8690946270111,false,פסטה פוזלי 500 גרם B,,,פסטה פוזלי 500 גרם B,גרמים,500.00,100 גרם,false,,3.90,0.7800,true,1,396809
8690946270241,false,פסטה קונכיות גדולות,,,פסטה קונכיות גדולות,גרמים,500.00,100 גרם,false,,3.90,0.7800,true,1,396810
8690946272207,false,פסטה פנה 500 גרם BAH,,,פסטה פנה 500 גרם BAH,גרמים,500.00,100 גרם,false,,3.90,0.7800,true,1,396811
8690946272320,false,פסטה מקרוני 500 גרם,,,פסטה מקרוני 500 גרם,גרמים,500.00,100 גרם,false,,3.90,0.7800,true,1,396812
8691058141238,false,ערמונים שלמים קלויים וקלופים 100 ג' Avel,,,AVEL ערמונים שלמים ק,גרמים,100.00,100 גרם,false,,4.90,4.9000,true,1,48845
8691900174049,false,קוטקס תחבושות אולטרה לונג 18 יח',,,תחבושות קוטקס long 1,100 יח',18.00,100 יח',false,,17.90,99.4444,true,1,358516
8697530910743,false,סיגריות פאל מאל כחול קצר מטאליק,BAT,,פאל מאל בלו,יחידה,0.00,יחידה,false,,31.00,0.0000,false,1,4198
8697826469092,false,טורטיה קטנה 12 יחידות 540 גרם,מוטלוקל,TR,טורטיה 540 גרם tort,גרמים,540.00,100 גרם,false,,10.00,1.8519,true,1,4966
8710502470028,false,עוגיות מרבה נוגטלי שוקוצ'יפס 160ג',קריניציה ויטמינה אס,NL,מרבה עוגיות נוגטלי 1,גרמים,160.00,100 גרם,false,,9.90,6.1875,true,1,21978
8711327475762,false,פיינט שוקולד לבן עוגיות 260 ג' מגנום,"מפעל גלידות בווספרם,",HU,גלידת שמנת שוקולד לב,גרמים,260.00,100 גרם,false,,22.90,8.8077,true,1,137155
8712000051099,false,"שישיית בירה היינקן 0.0% אלכוהול 330 מ""ל",פארייפאבה אגרואינדוס,NL,הייניקן בירה 0% בק',ליטרים,1.98,ליטר,false,,33.90,17.1212,true,1,9580
8712400802512,false,נוטרילון מבית נוטרישה 2 800 גר,פרוטרופיק סיה.,NL,נוטרילון שלב 2- 800,גרמים,800.00,100 גרם,false,,69.90,8.7375,true,1,5221
8712561626286,false,"תחליב רחצה דאב זוהר כמשי 750 מ""ל",,,תחליב רחצה זוהר כמשי,מיליליטרים,750.00,"100 מ""ל",false,,22.90,3.0533,true,1,11054
8714599412336,false,קפה נמס בריסטה אמריקנו קלוי וטחון 160 ג' ג'ייקובס,ג'ייקובס דאו אגברטס,RU,ג'ייקובס בריסטה אמרי,גרמים,160.00,100 גרם,false,,29.90,18.6875,true,1,197178
8714599513866,false,"ג'ייקובס קרוננג מיובש בהקפאה כשל""פ 200 ג'",אל.אל.סי גייקובס דאו,DE,קפה ג'יקובס קרונונג,גרמים,200.00,100 גרם,false,,29.90,14.9500,true,1,5210
8714789582764,false,"ספריי לניקוי חלונות 750 מ""ל אגקס","ש. שסטוביץ בע""מ",GR,אגקס חלונות 750מל,מיליליטרים,750.00,"100 מ""ל",false,,18.90,2.5200,true,1,22003
8714789834467,false,פלמוליב נוזל כלים 1.5 ליטר,,,פלמוליב נוזל כלים 1.,ליטרים,1.50,ליטר,false,,17.90,11.9333,true,1,22015
8714789930848,false,"משחת שיניים אופטיק וויט אינסטנט 75 מ""ל קולגייט",הנסיך- מפעל לייצור ט,PL,משחת שיניים אופטיק ו,מיליליטרים,75.00,"100 מ""ל",false,,21.90,29.2000,true,1,22021
8715700110158,false,מיונז לייט בצנצנת היינץ 490 גרם,ה.י.היינץ הולדינג בי,NL,מיונז היינץ לייט צנצ,גרמים,490.00,100 גרם,false,,13.90,2.8367,true,1,5416
8715700419732,false,מתבל עגבניות היינץ 7,ה.י. היינץ,NL,היינץ קטשופ 700 גרם,גרמים,700.00,100 גרם,false,,15.90,2.2714,true,1,5423
8715700423906,false,קטשופ מתובל עגבניות 50% פחות סוכר 555ג' היינץ,היינץ צפון אמריקה מק,NL,מתבל עגבניות היינץ 2,גרמים,555.00,100 גרם,false,,11.90,2.1441,true,1,5431
8717163647196,false,אקס דאודורנט ספריי א,,,אקס דאודורנט ספריי א,מיליליטרים,150.00,"100 מ""ל",false,,16.90,11.2667,true,1,11082
8717163663493,false,"רקסונה - דאודורנט ספריי לגבר קובלט דריי 150 מ""ל",,GB,רקסונה ספריי אקטיב ל,מיליליטרים,150.00,"100 מ""ל",false,,15.90,10.6000,true,1,11097
8717163714850,false,"דאב - דאודורנט ספריי לאישה קוקוס ויסמין 150 מ""ל",,GB,דאו' ספריי אוריגינל,מיליליטרים,150.00,"100 מ""ל",false,,14.90,9.9333,true,1,206769
8718114047249,false,דאב סבון מוצק 6 יח'* 100 ג',,,סבון מוצק דאב 6*100,גרמים,600.00,100 גרם,false,,25.90,4.3167,true,1,11103
8718951030206,false,"קולגייט סנסיטיב מולטי פרוטקשן משחת שיניים 75 מ""ל",קולגייט-פלמוליב,PL,משחת קולגייט סנסטיב,מיליליטרים,75.00,"100 מ""ל",false,,19.90,26.5333,true,1,61745
8718951236790,false,"קולגייט טוטאל משחת שיניים קלין מינט לפה בריא 100 מ""ל",Colgate (Euro)-Palmo,PL,משחת שיניים קלין מינ,מיליליטרים,100.00,"100 מ""ל",false,,18.90,18.9000,true,1,22065
8718951240742,false,"קולגייט טוטאל משחת שיניים פסים מרעננים 100 מ""ל",Colgate (Euro)-Palmo,PL,מש.שיניים פסים מרעננ,גרמים,128.00,100 גרם,false,,18.90,14.7656,true,1,22068
8718951264618,false,"קולגייט אופטיק וייט פחם צ'רקול משחת שיניים, 75 מ""ל",קולגייט-פלמוליב,PL,קולגייט אופטיק וייט,מיליליטרים,75.00,"100 מ""ל",false,,29.90,39.8667,true,1,61538
8718951315303,false,"קולגייט - משחת שיניים אדומה ביטיוב 100 מ""ל",קולגייט-פלמוליב,PL,משחת שיניים קולגייט,מיליליטרים,200.00,"100 מ""ל",false,,20.90,10.4500,true,1,78105
8718951470538,false,קולגייט משחת שיניים מקס פרש ביטיוב 125*2 כשלפ,,,משחת שיניים קולגייט,מיליליטרים,250.00,"100 מ""ל",false,,32.90,13.1600,true,1,273080
8719200998001,false,מרגרינה לאפיה ובישול בלי מלח 200 ג' בלו בנד,מיוצר עי קונדיטוריית,IL,בלו בנד ללא מלח 200,גרמים,200.00,100 גרם,false,,4.90,2.4500,true,1,11107
8719200998018,false,מחמאה מרגרינה בטעם חמאה 200 ג' בלו בנד,פארייפאבה אגרואינדוס,IL,מחמאה מרגרינה בטעם ח,גרמים,200.00,100 גרם,false,,5.50,2.7500,true,1,11108
8719200998032,false,מזולה גלורי טעם חמאה 250ג',פארייפאבה אגרואינדוס,IL,מזולה בטעם חמאה 250,גרמים,250.00,100 גרם,false,,10.90,4.3600,true,1,11110
8720100012445,false,וופל טוסט בלגי 6 יח 250 גרם בקרסלנד,דה בנקט גרופ,,וופל טוסט בלגי 250 ג,גרמים,250.00,100 גרם,false,,9.90,3.9600,true,1,18312
8720182253156,false,דאב אל סבון מוצק מלפפונים 90 גרם *4,,DE,סבון מוצק מלפפון ות,גרמים,400.00,100 גרם,false,,18.90,4.7250,true,1,358338
8720182256850,false,רביעיית מארז דאב סבון מוצק 360 גר',,DE,סבון מוצק לבן דאב 4*,גרמים,400.00,100 גרם,false,,18.90,4.7250,true,1,358339
8801055707966,false,קפה טייסטר צו'יס נס קפה בריסטה 180ג',לוטה נסטלה קוריאה,,נס קפה טייסטרס צ'ויס,גרמים,180.00,100 גרם,false,,32.90,18.2778,true,1,19559
8801055709434,false,נסקפה טייסטרס צויס קולומביה 100 גר,לוטה נסטלה קוריאה,KR,נסקפה טייסטרס צ'ויס,גרמים,100.00,100 גרם,false,,25.90,25.9000,true,1,195540
8801055709441,false,נסקפה טייסטרס צ'ויס,,,נסקפה טייסטרס צ'ויס,גרמים,100.00,100 גרם,false,,25.90,25.9000,true,1,195553
8809168840471,false,חטיף אצות מיובשות 9,,,חטיף אצות מיובשות 9,גרמים,4.50,100 גרם,false,,24.90,553.3333,true,1,292142
8850367992164,false,קרם קוקוס 250 מל 20-22% ללא חומר משמר,,,קרם קוקוס ללא גלוטן,גרמים,250.00,100 גרם,false,,7.90,3.1600,true,1,47490
8850389103159,false,"משקה ליצ'י עם חתיכות גלי קוקוס 320 מ""ל מוגו מוגו",סאפה פובליק קומפני ל,TH,ליצי' משקה עם חתיכות,מיליליטרים,320.00,"100 מ""ל",false,,7.90,2.4687,true,1,269489
8850389105825,false,סאפה אלוורה ענבים 1 ליטר,סאפה פובליק קומפני ל,TH,סאפה משקה אלוורה ענב,ליטרים,1.00,ליטר,false,,13.90,13.9000,true,1,39379
8850389105832,false,סאפה אלוורה תפוחים 1 ליטר,סאפה פובליק קומפני ל,TH,סאפה משקה אלוורה תפו,ליטרים,1.00,ליטר,false,,13.90,13.9000,true,1,39380
8850389111352,false,"משקה מלון עם חתיכות גלי קוקוס 320 מ""ל מוגו מוגו",סאפה פובליק קומפני ל,TH,מלון משקה עם חתיכות,מיליליטרים,320.00,"100 מ""ל",false,,7.90,2.4687,true,1,269490
8851613101378,false,"נוזל קוקוס ארוי די 250 מ""ל",כלורוקס אוקלנד,TH,משקה קוקוס ארוי-די,מיליליטרים,250.00,"100 מ""ל",false,,10.90,4.3600,true,1,3755
8858271002870,false,"רוטב פאד תאי 250 מ""ל מקסצאפ","ייאן וואל יון בע""מ",TH,רוטב פאד תאי MAXCHUP,מיליליטרים,250.00,"100 מ""ל",false,,10.90,4.3600,true,1,47503
8858271002887,false,"רוטב טרייאקי 250 מ""ל מקסצאפ",Yan Wal Yun Corpora,TH,רוטב טריאקי MAXCHUP,מיליליטרים,250.00,"100 מ""ל",false,,11.90,4.7600,true,1,47504
8888021200720,false,סוללות אנרג'יזר MAX AAA שמינייה,יצרן: אנרג'ייזר סינג,SG,AAAאנרג'ייזר סוללות,יחידה,0.00,יחידה,false,,29.90,0.0000,true,1,6143
8901314517463,false,קולגייט מברשת שיניים,,,קולגייט מברשת שיניים,יחידה,0.00,יחידה,false,,19.90,0.0000,true,1,283945
8901537024014,false,"אורז בסמטי מובחר דאווט 1 ק""ג",הנסיך- מפעל לייצור ט,IN,וילי פוד אורז בסמטי,גרמים,1000.00,100 גרם,false,,14.90,1.4900,true,1,3302
9000101372878,false,דיסקס לכביסה לבנה וצבעונית 22 יח' פרסיל,הנקל סוד,HU,פרסיל דיסקס לכביסה ל,יח',22.00,יח',false,,36.90,1.6773,true,1,147121
9001616702716,false,זוג מוצצי סיליקון לילה 6+ורוד,,,זוג מוצצים סיליקון 6,יח',2.00,יח',false,,36.90,18.4500,true,1,1120
9002859053825,false,גונץ-שוקולד סטיקס מריר קפה 75 גרם,,,שוקולד סטיקס מריר קפ,גרמים,75.00,100 גרם,false,,11.90,15.8667,true,1,370300
9002859053849,false,גונץ-שוקולד סטיקס מריר תפוז 75 גרם,,,שוקולד סטיקס מריר תפ,גרמים,75.00,100 גרם,false,,11.90,15.8667,true,1,370301
9002975393843,false,סוכריות גילי הריבו גולדברס 70 גרם,"האריבו , ג'י.אם.בי.א",AT,סוכריות גומי בטעמי פ,גרמים,70.00,100 גרם,false,,7.90,11.2857,true,1,134144
9002975393850,false,סוכריות גילי הריבו וורמס 70 גרם,"האריבו , ג'י.אם.בי.א",AT,סוכריות גומי בטעמי פ,גרמים,70.00,100 גרם,false,,7.90,11.2857,true,1,134145
9008700155458,false,נקטר גויאבה 1 ליטר ראוך,,,נקטר גויאבה 1 ליטר,ליטרים,1.00,ליטר,false,,11.20,11.2000,true,1,25237
9044400851672,false,סוכריות פז סוגים שונים + 3 מילויים,פז,HU,פז דמויות מתחלפות 25,גרמים,25.50,100 גרם,false,,11.90,46.6667,true,1,348385
9310072028743,false,טים טם אורגינל 200 גרם,"ארנוטס ביסקוויטס בע""",AU,טים טם אוריגינל 200,גרמים,200.00,100 גרם,false,,21.90,10.9500,true,1,13857
9322969000022,false,פריכיות 150 ג' תירס עם סויה וזרעי פשתן 150ג',אף.סי תבליני בגליל ב,AU,פריכיות תירס עם סויה,גרמים,150.00,100 גרם,false,,14.90,9.9333,true,1,6149
9720188050109,false,טופוטי ממרח טופו בטעם גבינה 227 ג`,טופוטי ברנדס אינק.ג',IL,טופוטי ממרח טופו בטע,גרמים,225.00,100 גרם,false,,23.90,10.6222,true,1,6763
9720188060108,false,טופוטי ממרח על בסיס סויה בסגנון שמנת 340ג',טופוטי ברנדס אינק.ג',IL,טופוטי ממרח טופו בטע,גרמים,340.00,100 גרם,false,,23.90,7.0294,true,1,6764
9771565038319,false,ידיעות אחרונות יום א,,,ידיעות אחרונות יום א,יחידה,0.00,יחידה,false,,0.50,0.0000,true,1,9989
9771565038326,false,ידיעות אחרונות יום ב,,,ידיעות אחרונות יום ב,יחידה,0.00,יחידה,false,,0.50,0.0000,true,1,9990
9771565038333,false,ידיעות אחרונות יום ג,,,ידיעות אחרונות יום ג,יחידה,0.00,יחידה,false,,0.50,0.0000,true,1,9991
9771565038340,false,ידיעות אחרונות יום ד,,,ידיעות אחרונות יום ד,יחידה,0.00,יחידה,false,,0.50,0.0000,true,1,9992
9771565038357,false,ידיעות אחרונות יום ה,,,ידיעות אחרונות יום ה,יחידה,0.00,יחידה,false,,0.50,0.0000,true,1,9993
9771565039125,false,עיתון לאישה יום ב,,,לאשה יום ב`,יחידה,0.00,יחידה,false,,19.90,0.0000,true,1,9995
9771565051066,false,ידיעות אחרונות יום ו,,,ידיעות אחרונות יום ו,יחידה,0.00,יחידה,false,,12.00,0.0000,true,1,10005
