code,internal_code,name,manufacturer_name,manufacture_country,manufacturer_item_description,unit_qty,quantity,unit_of_measure,weighted,qty_in_package,price,unit_of_measure_price,allow_discount,status,item_id
301,true,בקבוק ריק חוזר בירה,,,בקבוק ריק חוזר בירה,יחידה,0.00,יחידה,false,,1.20,0.0000,true,1,6864
352,true,לחמניית ראנצ`,,,לחמניית ראנצ`,יחידה,0.00,יחידה,false,,2.90,0.0000,true,1,4437
374,true,פטריות שמפניון,,,פטריות שמפניון,יח',1.00,יח',false,,9.90,9.9000,true,1,50715
573,true,קופון מצטרף חדש למוע,,,קופון מצטרף חדש למוע,יחידה,0.00,יחידה,false,,0.01,0.0000,true,1,34420
998,true,חלה מתוקה קלועה,,,חלה מתוקה קלועה,יח',1.00,יח',false,,12.90,12.9000,true,1,2422
1043,true,כרוב לבן כשר,,,כרוב לבן כשר,קילוגרמים,1.00,"ק""ג",true,,14.90,14.9000,true,1,47682
1055,true,לחם לבן 750 גרם,,,לחם לבן 750 גרם,גרמים,750.00,100 גרם,false,,5.10,0.0068,true,1,4439
1058,true,חלה רגילה/חלה ציפורי,,,חלה רגילה/חלה ציפורי,גרמים,500.00,100 גרם,false,,5.17,0.0103,true,1,4440
1059,true,חלה מתוקה 500 גרם,,,חלה מתוקה 500 גרם,גרמים,500.00,100 גרם,false,,12.90,0.0258,true,1,4441
1091,true,צנונית בייבי,,,צנונית בייבי,גרמים,400.00,100 גרם,false,,6.90,0.0173,true,1,35536
1103,true,לחמניה אצבע (6500),,,לחמניה אצבע (6500),יח',1.00,יח',false,,2.90,2.9000,true,1,33967
1214,true,לחמניה לוסי לבנה,,,לחמניה לוסי לבנה,יחידה,0.00,יחידה,false,,2.00,0.0000,true,1,4445
1216,true,לחמנית אצבע/מיוחדת,,,לחמנית אצבע/מיוחדת,יחידה,0.00,יחידה,false,,2.50,0.0000,true,1,4447
1476,true,לימון סיני,,,לימון סיני,קילוגרמים,1.00,"ק""ג",true,,12.90,12.9000,true,1,50725
1488,true,אשכולית אדומה,,,אשכולית אדומה,קילוגרמים,1.00,"ק""ג",true,,6.90,6.9000,true,1,50731
1494,true,תפו`א לבן תפזורת,,,תפו`א לבן תפזורת,קילוגרמים,1.00,"ק""ג",true,,4.90,4.9000,true,1,50736
1495,true,תפו`א אדום תפזורת,,,תפו`א אדום תפזורת,קילוגרמים,1.00,"ק""ג",true,,4.90,4.9000,true,1,50737
1501,true,עגבניות,,,עגבניות,קילוגרמים,1.00,"ק""ג",true,,7.90,7.9000,true,1,50741
1502,true,מלפפונים,,,מלפפונים,קילוגרמים,1.00,"ק""ג",true,,6.90,6.9000,true,1,50742
1503,true,גזר ארוז,,,גזר ארוז,קילוגרמים,1.00,"ק""ג",true,,4.90,4.9000,true,1,50743
1504,true,סלק,,,סלק,קילוגרמים,1.00,"ק""ג",true,,4.90,4.9000,true,1,50744
1505,true,כרוב לבן,,,כרוב לבן,קילוגרמים,1.00,"ק""ג",true,,4.90,4.9000,true,1,50745
1506,true,כרוב אדום,,,כרוב אדום,קילוגרמים,1.00,"ק""ג",true,,6.90,6.9000,true,1,50746
1507,true,כרובית,,,כרובית,קילוגרמים,1.00,"ק""ג",true,,9.90,9.9000,true,1,50747
1510,true,קישואים,,,קישואים,קילוגרמים,1.00,"ק""ג",true,,8.90,8.9000,true,1,50748
1511,true,חצילים,,,חצילים,קילוגרמים,1.00,"ק""ג",true,,7.90,7.9000,true,1,50749
1513,true,פלפל ירוק,,,פלפל ירוק,קילוגרמים,1.00,"ק""ג",true,,8.90,8.9000,true,1,50750
1514,true,פלפל בהיר,,,פלפל בהיר,קילוגרמים,1.00,"ק""ג",true,,9.90,9.9000,true,1,50751
1515,true,פלפל חריף,,,פלפל חריף,קילוגרמים,1.00,"ק""ג",true,,8.90,8.9000,true,1,50752
1516,true,פלפל אדום,,,פלפל אדום,קילוגרמים,1.00,"ק""ג",true,,9.90,9.9000,true,1,50753
1519,true,בצל יבש,,,בצל יבש,קילוגרמים,1.00,"ק""ג",true,,5.90,5.9000,true,1,50756
1521,true,קולורבי,,,קולורבי,קילוגרמים,1.00,"ק""ג",true,,7.90,7.9000,true,1,50757
1522,true,חסה ערבית,,,חסה ערבית,יח',1.00,יח',false,,4.90,4.9000,true,1,50758
1527,true,פטרוזיליה גומי,,,פטרוזיליה גומי,יח',1.00,יח',false,,3.50,3.5000,true,1,35537
1528,true,כוסברה גומי,,,כוסברה גומי,יח',1.00,יח',false,,3.50,3.5000,true,1,35538
1529,true,שמיר גומי,,,שמיר גומי,יח',1.00,יח',false,,3.50,3.5000,true,1,35539
1530,true,נענע גומי,,,נענע גומי,יח',1.00,יח',false,,3.50,3.5000,true,1,35540
1531,true,לפת,,,לפת,קילוגרמים,1.00,"ק""ג",true,,6.90,6.9000,true,1,50761
1535,true,תפו`א אדום ארוז,,,תפו`א אדום ארוז,קילוגרמים,1.00,"ק""ג",true,,4.90,4.9000,true,1,50764
1543,true,אבטיח,,,אבטיח,קילוגרמים,1.00,"ק""ג",true,,6.90,6.9000,true,1,50770
1545,true,שום ארוז ייבוא יח',,,שום ארוז ייבוא יח',יח',1.00,יח',false,,5.90,5.9000,true,1,50772
1547,true,שומר,,,שומר,קילוגרמים,1.00,"ק""ג",true,,6.90,6.9000,true,1,50774
1548,true,תות שדה ביח',,,תות שדה ביח',יח',1.00,יח',false,,12.90,12.9000,true,1,47815
1550,true,תפו`א לבן ארוז,,,תפו`א לבן ארוז,קילוגרמים,1.00,"ק""ג",true,,4.90,4.9000,true,1,50775
1551,true,לימון,,,לימון,קילוגרמים,1.00,"ק""ג",true,,8.90,8.9000,true,1,50776
1552,true,תפוז,,,תפוז,קילוגרמים,1.00,"ק""ג",true,,5.90,5.9000,true,1,50777
1553,true,ענב לבן,,,ענב לבן,קילוגרמים,1.00,"ק""ג",true,,29.90,29.9000,true,1,50778
1555,true,תפוז ארוז,,,תפוז ארוז,קילוגרמים,1.00,"ק""ג",true,,4.90,4.9000,true,1,50780
1556,true,בננה מובחרת,,,בננה מובחרת,קילוגרמים,1.00,"ק""ג",true,,7.90,7.9000,true,1,50781
1557,true,צנון,,,צנון,קילוגרמים,1.00,"ק""ג",true,,6.90,6.9000,true,1,50782
1558,true,אשכולית צהובה,,,אשכולית צהובה,קילוגרמים,1.00,"ק""ג",true,,5.90,5.9000,true,1,50783
1560,true,דלעת ארוזה,,,דלעת ארוזה,קילוגרמים,1.00,"ק""ג",true,,9.90,9.9000,true,1,50785
1561,true,תפוח עץ זהוב,,,תפוח עץ זהוב,קילוגרמים,1.00,"ק""ג",true,,9.90,9.9000,true,1,50786
1563,true,תפוח עץ חרמון,,,תפוח עץ חרמון,קילוגרמים,1.00,"ק""ג",true,,9.90,9.9000,true,1,50788
1564,true,תפוח עץ סמיט,,,תפוח עץ סמיט,קילוגרמים,1.00,"ק""ג",true,,9.90,9.9000,true,1,50789
1568,true,רימון,,,רימון,קילוגרמים,1.00,"ק""ג",true,,9.90,9.9000,true,1,50792
1570,true,קלמנטינה,,,קלמנטינה,קילוגרמים,1.00,"ק""ג",true,,5.90,5.9000,true,1,50793
1571,true,פלפל שושקה,,,פלפל שושקה,קילוגרמים,1.00,"ק""ג",true,,12.90,12.9000,true,1,50794
1572,true,אבוקדו מובחר,,,אבוקדו מובחר,קילוגרמים,1.00,"ק""ג",true,,11.90,11.9000,true,1,50795
1573,true,מנגו,,,מנגו,קילוגרמים,1.00,"ק""ג",true,,16.90,16.9000,true,1,50796
1574,true,בטטה מתוקה,,,בטטה מתוקה,קילוגרמים,1.00,"ק""ג",true,,9.90,9.9000,true,1,50797
1576,true,אגס,,,אגס,קילוגרמים,1.00,"ק""ג",true,,12.90,12.9000,true,1,50798
1581,true,פלפל צהוב,,,פלפל צהוב,קילוגרמים,1.00,"ק""ג",true,,9.90,9.9000,true,1,50800
1588,true,תירס ארוז,,,תירס ארוז,קילוגרמים,1.00,"ק""ג",true,,9.90,9.9000,true,1,50804
1590,true,משורית סרט 1590 ממ,,,פומלה,קילוגרמים,1.00,"ק""ג",true,,7.90,7.9000,true,1,50805
1601,true,סלרי חתוך ליח,,,סלרי חתוך ליח,יח',1.00,יח',false,,6.90,6.9000,true,1,47684
1603,true,אבוקדו ברשת,,,אבוקדו ברשת,קילוגרמים,1.00,"ק""ג",true,,11.90,11.9000,true,1,50811
1604,true,אפרסמון,,,אפרסמון,קילוגרמים,1.00,"ק""ג",true,,15.90,15.9000,true,1,50812
1607,true,תפו`א קטן אפיה ארוז,,,תפו`א קטן אפיה ארוז,קילוגרמים,1.00,"ק""ג",true,,3.90,3.9000,true,1,50815
1608,true,זנגוויל\גינגיר תפזור,,,זנגוויל\גינגיר תפזור,קילוגרמים,1.00,"ק""ג",true,,23.90,23.9000,true,1,50816
1610,true,שרי אשכולות לקג,,,שרי אשכולות לקג,קילוגרמים,1.00,"ק""ג",true,,19.90,19.9000,true,1,50817
1613,true,דלורית,,,דלורית,קילוגרמים,1.00,"ק""ג",true,,6.90,6.9000,true,1,50819
1615,true,בצל אדום,,,בצל אדום,קילוגרמים,1.00,"ק""ג",true,,6.90,6.9000,true,1,50821
1616,true,כוסברה כשר,,,כוסברה כשר,יח',1.00,יח',false,,5.90,5.9000,true,1,47685
1618,true,אפרסמון קרמבו,,,אפרסמון קרמבו,קילוגרמים,1.00,"ק""ג",true,,16.90,16.9000,true,1,50823
1619,true,פומלית,,,פומלית,קילוגרמים,1.00,"ק""ג",true,,5.90,5.9000,true,1,50824
1620,true,קיווי,,,קיווי,קילוגרמים,1.00,"ק""ג",true,,16.90,16.9000,true,1,50825
1645,true,תפוח עץ גלה,,,תפוח עץ גלה,קילוגרמים,1.00,"ק""ג",true,,9.90,9.9000,true,1,50833
1683,true,תפוח עץ פינק קריפס,,,תפוח עץ פינק קריפס,קילוגרמים,1.00,"ק""ג",true,,14.90,14.9000,true,1,50845
1708,true,גזר תפזורת,,,גזר תפזורת,קילוגרמים,1.00,"ק""ג",true,,4.90,4.9000,true,1,50856
1785,true,שום ירוק עלים,,,שום ירוק עלים,קילוגרמים,1.00,"ק""ג",true,,15.90,15.9000,true,1,50861
1841,true,תפוח פינק קריפס מאר,,,תפוח פינק קריפס מאר,גרמים,600.00,100 גרם,false,,16.90,0.0282,true,1,50875
3500,true,עוף טרי שלם,,,עוף טרי שלם,קילוגרמים,1.00,"ק""ג",true,,19.90,19.9000,true,1,26496
3501,true,כרעיים עוף טרי,,,כרעיים עוף טרי,קילוגרמים,1.00,"ק""ג",true,,27.90,27.9000,true,1,26497
3502,true,חזה עוף טרי,,,חזה עוף טרי,קילוגרמים,1.00,"ק""ג",true,,31.90,31.9000,true,1,26498
3506,true,גרון הודו זכר טרי,,,גרון הודו זכר טרי,קילוגרמים,1.00,"ק""ג",true,,29.90,29.9000,true,1,26500
3507,true,שניצל עוף פרוס טרי,,,שניצל עוף פרוס טרי,קילוגרמים,1.00,"ק""ג",true,,37.90,37.9000,true,1,26501
3517,true,שוקיים פטם טרי,,,שוקיים פטם טרי,קילוגרמים,1.00,"ק""ג",true,,32.90,32.9000,true,1,26508
3534,true,סטייק פרגית טרי,,,סטייק פרגית טרי,קילוגרמים,1.00,"ק""ג",true,,57.90,57.9000,true,1,26516
4015,true,קוקוס ראש,,,קוקוס ראש,יח',1.00,יח',false,,5.90,5.9000,true,1,50906
8888,true,פיקדון זיכוי לקוח,,,פיקדון זיכוי לקוח,יחידה,0.00,יחידה,false,,0.30,0.0000,true,1,34549
9999,true,פיקדון בקבוקים,,,פיקדון בקבוקים,יחידה,0.00,יחידה,false,,0.30,0.0000,true,1,75
40111216,false,באונטי חטיף קוקוס ושוקולד 57ג',"נארז ע""י : א.ג. גילר",NL,חטיף שוקולד באונטי 5,גרמים,57.00,100 גרם,false,,4.50,0.0789,true,1,20592
72917367,false,טעמי חטיף במילוי קרם נוגט וקרמל,"שטראוס גרופ בע""מ",IL,טעמי 40 גר',גרמים,40.00,100 גרם,false,,4.90,0.1225,true,1,22136
72940754,false,"מילקי מעדן וניל עם קצפת שטראוס 133 מ""ל","שטראוס גרופ בע""\מ",IL,"מילקי וניל 170 מ""ל",מיליליטרים,170.00,"100 מ""ל",false,,2.90,0.0171,true,1,23202
72940761,false,"מילקי מעדן שוקולד עם קצפת שטראוס 133 מ""ל",מיוצר עי קונדיטוריית,IL,מילקי שוקולד מהדרין,מיליליטרים,170.00,"100 מ""ל",false,,2.90,0.0171,true,1,23203
72940952,false,מעדן מילקי בטעם שוקולד עם אקסטרה קצפת,"שטראוס גרופ בע""\מ",IL,מילקי אקסטראה קצפת מ,מיליליטרים,110.00,"100 מ""ל",false,,3.90,0.0355,true,1,23204
72940976,false,סלט כרוב אדום אחלה 250 גרם,מיוצר עי קונדיטוריית,IL,אחלה סלט כרוב אדום,גרמים,250.00,100 גרם,false,,9.50,0.0380,true,1,23205
72940983,false,סלט חומוס 250 גר אחל,אחלה - שטראוס,IL,אחלה חומוס 250ג,גרמים,250.00,100 גרם,false,,7.90,0.0316,true,1,23206
72941041,false,מעדן מילקי מיני בטעם שוקולד עם קצפת,"שטראוס גרופ בע""\מ",IL,מיני מילקי שוקולד 70,מיליליטרים,70.00,"100 מ""ל",false,,2.50,0.0357,true,1,23207
72945308,false,קוביות שמרים לאפיה שמרית 2*25 ג',"פאקא תעשיות בע""\מ",IL,שמרית קוביות שמרים ל,גרמים,50.00,100 גרם,false,,4.00,0.0800,true,1,23208
72961506,false,יוגורט עם תות 1.5% שומן 125 ג' פרילי,מיוצר עי קונדיטוריית,IL,פרילי תות 1.5% 125מל,מיליליטרים,125.00,"100 מ""ל",false,,4.10,0.0328,true,1,25685
72961544,false,"באדי יוגורט בטעם תות שדה 3% תנובה 125 מ""ל",מחלבת אלון תבור,IL,באדי תות 125מל,מיליליטרים,125.00,"100 מ""ל",false,,3.50,0.0280,true,1,25688
72964132,false,פרילי טבע יוגורט עם גרנולה 200 גרם,מיוצר עי קונדיטוריית,IL,פרילי טבע עם גרנולה,מיליליטרים,200.00,"100 מ""ל",false,,5.50,0.0275,true,1,25695
72986370,false,"גלידת בן & ג'ריס פיינטים וניל 500מ""ל",מוצרי איכות אמריקאיים,IL,גלידת פיינטים וניל צ,מיליליטרים,420.00,"100 מ""ל",false,,24.90,0.0593,true,1,14336
72986424,false,"גלידת בן & ג'ריס פיינטים קרם עוגיות 500מ""ל",מוצרי איכות אמריקאיים בע,IL,גלידת פיינטים קרם עו,מיליליטרים,420.00,"100 מ""ל",false,,24.90,0.0593,true,1,14337
72986448,false,"גלידת בן & ג'ריס פיינטים טופי קראנץ 500מ""ל",מוצרי איכות אמריקאיים בע,IL,גלידת טופי קרנץ,מיליליטרים,420.00,"100 מ""ל",false,,24.90,0.0593,true,1,14338
72986479,false,"צ'אנקי מנקי גלידת וניל, בננות, חתיכות פאדג' ואגוזים",מוצרי איכות אמריקאיים בע,IL,גלידת פיינטים צאנקי,מיליליטרים,420.00,"100 מ""ל",false,,24.90,0.0593,true,1,14340
72991374,false,סיגריות טיים רד חפיס,דובק,IL,טיים רד,יחידה,0.00,יחידה,false,,29.90,0.0000,false,1,4541
72991886,false,"גלידת דולצ'ה בטעם ריבת חלב עם פאדג' בן וג'ירי 500 מ""ל",מוצרי איכות אמריקאיים בע,IL,גלידת בן&גריס פיינט,מיליליטרים,750.00,"100 מ""ל",false,,24.90,0.0332,true,1,14343
72993637,false,מעדן חלב בטעם שוקולד 125 ג' דני,"שטראוס גרופ בע""\מ",IL,דני מהדרין שוקו בודד,מיליליטרים,125.00,"100 מ""ל",false,,2.90,0.0232,true,1,23211
72994061,false,חטיף פסק זמן GOOD גלילית לבן 40 גרם,שולן צ'\יקולטה גידה סאן.,TR,פסק זמן 36גר,גרמים,36.00,100 גרם,false,,4.90,0.1361,true,1,22146
72994306,false,סיגריות רויאל אדום ח,דובק,IL,רויאל רד,יחידה,0.00,יחידה,false,,24.90,0.0000,false,1,4568
76136184,false,סיגריות פאל מל סלימס כחול בודד,Unknown,CH,פאל מאל בלו סופרסלימ,יחידה,0.00,יחידה,false,,31.00,0.0000,false,1,4102
80136194,false,חטיפי הפי היפו Happy Hippo במילוי קרם חלבי ואגוזי לוז,קינדר Kinder,DE,הפי היפו 5*20ג,גרמים,102.00,100 גרם,false,,13.90,0.1363,true,1,41441
80176800,false,נוטלה ממרח שוקולד 750 גרם,פררו תעשיות איטליה ס,IT,ממרח שוקולד נוטלה 75,גרמים,750.00,100 גרם,false,,27.90,0.0372,true,1,41443
80177173,false,ממרח שוקולד נוטלה 350 גרם,פררו - אלבה,IT,ממרח נוטלה קקאו עם א,גרמים,350.00,100 גרם,false,,14.90,0.0426,true,1,41444
80177609,false,אצבעות שוקולד קינדר Kinder ארבע יחידות,פררו - אלבה,IT,קינדר אצבעות שוק.חלב,גרמים,50.00,100 גרם,false,,5.50,0.1100,true,1,41446
80177616,false,אצבעות שוקולד קינדר Kinder שמונה יחידות,פררו - אלבה,IT,אצבעות שוקולד קינדר,גרמים,100.00,100 גרם,false,,8.40,0.0840,true,1,41447
80761761,false,קינדר בואנו לבן בודד 39 גרם,ליימן שליסל,PL,קינדר בואנו לבן 39ג,גרמים,43.00,100 גרם,false,,3.90,0.0907,true,1,41449
80769699,false,מנטוס וויט בטעם פירות-מנטה 40 יח,הדקלאים אגודת שיתופי,TR,מסטיק מנטוס ויט טעם,גרמים,60.00,100 גרם,false,,10.90,0.1817,true,1,12545
80773429,false,מנטוס בקבוק מעוגל - מסטיק ללא סוכר בטעם תות 60 גרם,"פרפטי ואן מלה ג'\ידה,סאן",TR,מסטיק מנטוס בקבוק בט,גרמים,60.00,100 גרם,false,,10.90,0.1817,true,1,12546
80773443,false,מנטוס בקבוק מעוגל - מסטיק ללא סוכר בטעם מנטה 60 גרם,"פרפטי ואן מלה ג'\ידה,סאן",TR,מסטיק מנטוס בקבוק בט,גרמים,60.00,100 גרם,false,,10.90,0.1817,true,1,12547
80790990,false,מסטיק מנטוס בבקבוק מעוגל בטעם פירות -מנטה 60 ג',"פרפטי ואן מלה ג'\ידה,סאן",TR,מסטיק מנטוס בקבוק בט,גרמים,60.00,100 גרם,false,,10.90,0.1817,true,1,12551
80864295,false,סוכריות פיור וויט טעם מנטה עדינה 60 ג' מנטוס,"פרפטי ואן מלה ג'ידה,סאן",TR,מנטוס פיור וויט ללא,גרמים,60.00,100 גרם,false,,10.90,0.1817,true,1,216040
80896081,false,מנטוס בקבוק מעוגל - מסטיק ללא סוכר בטעם אבטיח 60 גרם,"פרפטי ואן מלה ג'\ידה,סאן",TR,מסטיק מנטוס בקבוק בט,גרמים,60.00,100 גרם,false,,10.90,0.1817,true,1,12570
80913467,false,מנטוס בקבוק מעוגל - מסטיק ללא סוכר בטעם מנטה,פרפטי ואן מלה הולנד,TR,מסטיק מנטוס בקבוק בט,גרמים,60.00,100 גרם,false,,10.90,0.1817,true,1,12572
80945468,false,סוכריות פיור וויט טעם מנטה מתוקה 60 ג' מנטוס,"פרפטי ואן מלה ג'ידה,סאן",TR,מנטוס פיור וויט ללא,גרמים,60.00,100 גרם,false,,10.90,0.1817,true,1,216041
80986348,false,סוכריות פיור וויט טעם מנטה 60 ג' מנטוס,"פרפטי ואן מלה ג'ידה,סאן",TR,מנטוס פיור וויט ללא,גרמים,60.00,100 גרם,false,,10.90,0.1817,true,1,216026
80995128,false,מנטוס בקבוק עגול בטעם הדרים בתוספת ויטמינים 60 גרם,פרפטי ואן מלה הולנד,TR,מסטיק מנטוס ויטמין ל,גרמים,60.00,100 גרם,false,,10.90,0.1817,true,1,343923
87108538,false,סוכריות בטעם תות מנטוס 37.5 גרם,הדקלאים אגודת שיתופי,NL,מנטוס תות בגליל 37.5,גרמים,37.50,100 גרם,false,,3.90,0.1040,true,1,12585
87108712,false,סוכריות בטעם פירות מנטוס 4*37.5 גרם,פרפטי ואן מלה ברדה,NL,סוכריות מנטוס פירות,גרמים,150.00,100 גרם,false,,11.30,0.0753,true,1,12587
87311396,false,מנטוס ריינבאוו סוכריות לעיסה בטעמי פירות,פרפטי ואן מלה ברדה,NL,מנטוס סוכריות גליל,גרמים,37.00,100 גרם,false,,3.90,0.1054,true,1,12591
90162602,false,רד בול משקה אנרגיה פקדון 30 אג,רד בול ג'י.אם.בי. אץ,IL,משקה אנרגיה RED BULL,מיליליטרים,250.00,"100 מ""ל",false,,6.90,0.0276,true,1,5222
198888886,false,עיגול אגורות,,,עיגול אגורות,יחידה,0.00,יחידה,false,,1.00,0.0000,true,1,47109
11182700954,false,קינג קול שעועית שחורה 439 גרם,האנאובר פודס קורפורשיין,US,שעועית שחורה 232 גרם,גרמים,439.00,100 גרם,false,,10.90,0.0248,true,1,36840
16000548404,false,חטיפי גרנולה קראנצ'י עם שיבולת שועל ודבש נייצ'ר ואלי 5*42 גרם,ג'נרל מילס סאן אדריאן,ES,חטיף קראנצי גרנולה ש,גרמים,210.00,100 גרם,false,,19.90,0.0948,true,1,12601
16000548503,false,חטיפי גרנולה קראנצ'י עם מייפל וסוכר חום נייצ'ר ואלי 5*42 גרם,ג'נרל מילס סאן אדריאן,ES,חטיף קראנצי גרנולה מ,גרמים,210.00,100 גרם,false,,19.90,0.0948,true,1,12603
18000766413,false,"פילסברי, עוגה בטעם שוקולד, תערובת להכנת עוגה בטעם שוקולד. 550 גרם.",הדקלאים אגודת שיתופי,IL,תערובת לעוגת בראוניס,גרמים,550.00,100 גרם,false,,19.90,0.0362,true,1,12611
25675120006,false,חמצוצים 4 צבעים טעמים טבעי 100 גרם,פאסין ב.ו,NL,חמצוצים חמצוצים טבעי,גרמים,100.00,100 גרם,false,,9.90,0.0990,true,1,3758
25700005698,false,זיפלוק שקיות אחסון בינוניות 24 יחידות,אס.סי.גונסון ובניו,US,זיפלוק שקיות אחסון ב,גרמים,147.00,100 גרם,false,,13.90,0.0946,true,1,109639
34000196173,false,הרשי טבלה XL בטעם שוקולד לבן עם שברי עוגיות 113 גרם,ליימן מותגים,US,הרשיז קוקיס אנד קרים,גרמים,113.00,100 גרם,false,,8.90,0.0788,true,1,12622
38000232152,false,פרינגלס חטיפי תפוח אדמה בטעם ברביקיו 158 גרם,פרינגלס מנופקצ'ורינג קומ,US,פרינגלס ביג ברביקיו,גרמים,158.00,100 גרם,false,,8.90,0.0563,true,1,52754
38000232176,false,פרינגלס ביג שמנת בצל 158 גרם,פרינגלס מנופקצ'ורינג קונ,US,פרינגלס ביג שמנת בצל,גרמים,158.00,100 גרם,false,,8.90,0.0563,true,1,52755
38000232183,false,פרינגלס ביג אורגינל 149 גרם,פרינגלס מנופקצ'ורינג קונ,US,פרינגלס ביג אורגינל,גרמים,158.00,100 גרם,false,,8.90,0.0563,true,1,52756
38527591053,false,קואקר דגנים מרובעים שיבולת שועל וקינמון,קוואקר אוטס קומפני,US,דגני בוקר מרובעים קי,גרמים,412.00,100 גרם,false,,20.90,0.0507,true,1,24145
40000512943,false,סוכריות אם אנד אמס M&M שוקולד חלב,M&M אם אנד אם,US,MַM שוקולד 300גר,גרמים,300.00,100 גרם,false,,21.90,0.0730,true,1,20643
40000514480,false,M&M אריזה קטנה's שוקולד אריזה קטנה 48 גרם,M&M אם אנד אם,US,עדשי שוקולד M&M שוקו,גרמים,48.00,100 גרם,false,,5.90,0.1229,true,1,20648
40000514510,false,M&M אריזה קטנה's בוטנים אריזה קטנה 49 גרם,M&M אם אנד אם,US,בוטנים 49 גרם M&M עד,גרמים,49.00,100 גרם,false,,5.90,0.1204,true,1,20649
42400108153,false,דגני בוקר צבעוניים בטעם פירות טוטי פרוטיס,פוסט ארצות הברית,US,דגני פרוטיס פוסט 354,גרמים,354.00,100 גרם,false,,23.90,0.0675,true,1,113498
46214372250,false,"עוגיות שטרודל פריכות תפו""ע וצימוקים",מרבה Merba,NL,מרבה עוגיות שטרודל פ,גרמים,225.00,100 גרם,false,,9.90,0.0440,true,1,21194
46214731552,false,עוגיות שוקולד צ'יפס 37% גודיס 225 גרם,קריניציה ויטמינה אס,NL,מרבה עוגיות שוקולד צ,גרמים,225.00,100 גרם,false,,9.90,0.0440,true,1,21196
50000084500,false,מזון יבש לחתול בטעם נתחי ברביקיו פריסקיז Friskies,נסטלה פורינה USA מק,US,פריסקיז מעדני השף מנ,קילוגרמים,1.43,"ק""ג",false,,38.90,27.2028,true,1,18354
50000100347,false,"פריסקיז - מעדני החתול מועשר בחלב 1.40 ק""ג",נסטלה פורינה USA מק,US,פריסקיז מעדני החתול,קילוגרמים,1.40,"ק""ג",false,,38.90,27.7857,true,1,18356
50000170180,false,מזון חתולים פריסקיז עוף ברוטב 156 גרם,נסטלה פורינה USA קר,US,פריסקיז פריים פילה ע,גרמים,156.00,100 גרם,false,,7.50,0.0481,true,1,18358
50000225224,false,מזול חתולים פריסקיז פילה הודו ברוטב 156 גרם,נסטלה פורינה USA קר,US,פריסקיז פריים פילה ה,גרמים,156.00,100 גרם,false,,7.50,0.0481,true,1,18359
50000429646,false,פריסקיז פנסי פיסט לח דג אוקיאנוס 85 גרם,נסטלה פורינה USA ג',US,פנסי פיסט פטה דג אוק,גרמים,85.00,100 גרם,false,,6.90,0.0812,true,1,18370
51500255162,false,"חמאת בוטנים לל""ג JIF אריזת 454ג'",ג'י.אס.קיי קונסיומר,US,חמאת בוטנים קלאסית 4,גרמים,454.00,100 גרם,false,,18.90,0.0416,true,1,5451
54881000055,false,תה שחור מבחר פירות 20 שקיות אחמד,אחמד תה אנגליה,,תה שחור מבחר פירות 2,גרמים,695.00,100 גרם,false,,10.90,0.0157,true,1,119475
54881003971,false,תה ירוק מבחר 20 שקיקים,אחמד תה אנגליה,AE,תה ירוקמ בחר 20 שקיו,גרמים,180.00,100 גרם,false,,11.90,0.0661,true,1,119493
55369902564,false,אפלסנקס רביעיות רסק תפוחי עץ ללא תוספת סוכר עברית,ליייהי אורצ'רדס,CA,אפלסנקס רסק תפוחי עץ,גרמים,452.00,100 גרם,false,,14.90,0.0330,true,1,36858
64144090051,false,"ספריי שמן PAM קנולה אורגינל 148 מ""ל",קונאגרה פודס,US,תרסיס שמן קנולה פאם,מיליליטרים,148.00,"100 מ""ל",false,,19.90,0.1345,true,1,12640
70177077563,false,תה ארל גריי 25 שקיות טוינינגס 50 גר,אר. טווינינגס אנד קומפני,PL,טווינינג ארל גריי 50,גרמים,50.00,100 גרם,false,,19.90,0.3980,true,1,13666
76840002542,false,"גלידת בן & ג'ריס פיינט נטפליקס וצ'ילד 500מ""ל",מוצרי איכות אמריקאיים בע,IL,גלידת פיינטים נטפליק,מיליליטרים,420.00,"100 מ""ל",false,,24.90,0.0593,true,1,76310
76840100583,false,"גלידת וניל עם בצק עוגיות בן וג'ירי 473 מ""ל",מוצרי איכות אמריקאיים בע,IL,גלידה וניל +בצק עוגי,מיליליטרים,473.00,"100 מ""ל",false,,24.90,0.0526,true,1,14354
77975036976,false,מטבל עגבניות בחריפות עדינה סניידרס 439 ג',סניידרס אוף האנובר,US,סניידרס מטבל סלסה בח,גרמים,439.00,100 גרם,false,,17.90,0.0408,true,1,12647
77975094624,false,"סניידרס סנדוויץ בייגלה במילוי חמאת בוטנים , 226 ג'",סניידרס Snyder's,US,סניידרס בייגלה במילו,יחידה,0.00,יחידה,false,,16.90,0.0000,true,1,104641
77975094631,false,סניידרס סנדוויץ' בייגלה במילוי קרם בטעם צ'דר 226 גרם,סניידרס לאנס,US,סניידרס בייגלה סנדוו,גרמים,266.00,100 גרם,false,,15.90,0.0598,true,1,136633
77975094761,false,סניידרס חטיפים על בסיס קמח חיטה בטעם גבינת צ'דר,סניידרס אוף האנובר,US,סניידרס צ'דר 340 גרם,גרמים,340.00,100 גרם,false,,15.90,0.0468,true,1,136634
77975094778,false,שברי בייגלה סניידרס בטעם דבש חרדל 340 גר,סניידרס אוף האנובר,US,סניידרס שברי בייגלה,גרמים,340.00,100 גרם,false,,15.90,0.0468,true,1,173401
611745285685,true,אבוקדו בשל יח,,,אבוקדו בשל יח,גרמים,470.00,100 גרם,false,,9.90,0.0211,true,1,50922
649660432020,false,היל וויו שזיפים מיובשים מגולענים 567 גרם,היל ויו פקינג קומפני,US,הייל ויו שזיפים מיוב,גרמים,567.00,100 גרם,false,,29.90,0.0527,true,1,165423
651080647519,false,קיסמים עם חוט דנטלי פלאקרס מנטה 35 יחידות,"פלקרס רנור ארה""ב",US,פלאקרס חוט דנטלי מנט,יחידה,0.00,יחידה,false,,9.90,0.0000,true,1,5475
728229123811,false,טרה חטיף על בסיס ירקות שורש בתיבול ים תיכוני 110 גרם,הונדורס צ'יפס יצור א,HN,טרה צ'יפס חטיף ים ת,גרמים,110.00,100 גרם,false,,15.90,0.1445,true,1,5480
729011328510,false,כפפות לטקס ללא אבקה,,,כפפות לטקס ללא אבקה,יחידה,0.00,יחידה,false,,24.90,0.0000,true,1,259717
753182231761,false,"משקה אנרגיה BLU ללא תוספת סוכר 250 מ""ל",אקווה ויט,PL,בלו סיקס ללא סוכר 25,מיליליטרים,250.00,"100 מ""ל",false,,4.50,0.0180,true,1,1812
768404001640,false,"גלידה בן&ג'ריס קפה משפחתית 500מ""ל",מוצרי איכות אמריקאיים בע,IL,גלידה פיינטס קפה 473,מיליליטרים,473.00,"100 מ""ל",false,,24.90,0.0526,true,1,14377
818570007066,false,"פיור וניל טהור 29 מ""ל ""ווטקינס""","ג'יי אר ווטקינס בע""מ",US,וטקינס וניל טהור 2,מיליליטרים,29.00,"100 מ""ל",false,,33.90,1.1690,true,1,13695
835811006534,false,"כוסות קרטון לשתיה חמה 475 מ""ל",הנמל,CN,כוסות קרטון 50 יח 16,יחידה,0.00,יחידה,false,,26.90,0.0000,true,1,7608
835811008347,false,גפרור מיוחד ענק הנמל 1 יחידה,הנמל,SE,גפרור ענק,יחידה,0.00,יחידה,false,,7.90,0.0000,true,1,7659
835811008699,false,כפות שקוף/קרם עבה במיוחד הנמל 50 יח,"גרנג יוניברס , הונג",TR,כפות 50 יח שקוף עבה,יחידה,0.00,יחידה,false,,17.90,0.0000,true,1,7663
839762002379,false,משקה נקטר מנגו איילנד 350מל,"פאראגאלה,דה אג'יפשן",EG,איילנד משקה מנגו 350,מיליליטרים,350.00,"100 מ""ל",false,,6.90,0.0197,true,1,39377
841058006633,false,"אדג' ג'יל גילוח מועשר בשיבולת שועל 198 מ""ל",אנרג'ייזר,US,ג'ל גילוח אדג' מועשר,מיליליטרים,198.00,"100 מ""ל",false,,16.90,0.0854,true,1,109461
844510013422,false,יין נוח מרלו 750 מל,אגדת,IL,"נח מרלו 750 מ""ל",מיליליטרים,750.00,"100 מ""ל",false,,30.90,0.0412,true,1,69
859547004466,false,קירצוף וספוג ניקוי SCRUB DADDY,סקראב דאבי,VN,ספוג ניקוי דו צדדי ס,גרמים,34.00,100 גרם,false,,18.90,0.5559,true,1,245716
877300000760,false,רוטב פיצה נפטון 330,נפטון מוצרי מזון (1990),IL,רוטב פיצה נפטון 330,גרמים,330.00,100 גרם,false,,13.90,0.0421,true,1,34737
877300003273,false,רוטב טריאקי נפטון 3,נפטון מוצרי מזון (1990),IL,רוטב טריאקי נפטון 3,גרמים,350.00,100 גרם,false,,13.90,0.0397,true,1,34795
884912359162,false,האני באנצ' דגני בוקר עם שקדים פוסט 411 גרם,פוסט ארצות הברית,US,דגני בוקר שיבולת שוע,גרמים,340.00,100 גרם,false,,23.90,0.0703,true,1,252805
884912365200,false,דגני בוקר אוראו שחור ולבן 311 גרם,פוסט ארצות הברית,US,דגני בוקר עם פירורי,גרמים,311.00,100 גרם,false,,23.90,0.0768,true,1,316563
3010470155299,false,פריסקיז Friskies פטה בקר וירקות,ניו פטפוד איטליה,IT,פריסקיז פטה בקר וירק,גרמים,400.00,100 גרם,false,,10.90,0.0273,true,1,18380
3045206360609,false,"דזיטול נוזל מחטא בגדים בכביסה, 1 ליטר",רלוי,ES,דזיטול נוזל מחטא בגד,מיליליטרים,1.00,"100 מ""ל",false,,25.90,25.9000,true,1,258742
3046920028004,false,לינדט שוקולד אקסלנס מריר 70% 100 גר,לינדט ושפרונגלי קילשברג,FR,לינדט אקסלנס 70% 100,גרמים,100.00,100 גרם,false,,17.90,0.1790,true,1,13704
3059943016569,false,"מבשם אוויר אירוויק ספריי פרסיה ויסמין 240 מ""ל",איירוויק Air Wick,GB,אירוויק ספריי פרסיה,מיליליטרים,240.00,"100 מ""ל",false,,12.90,0.0538,true,1,20781
3073781161663,false,גבינה מותכת 18.5% שומן לה וואש קירי,לה וואש קירי La Vache qui rit,FR,גבינת לה וואש קירי 8,גרמים,128.00,100 גרם,false,,12.90,0.1008,true,1,153211
3245412211393,false,שוקולד חלב מעולה קרפ,,FR,שוקולד חלב מעולה קרפ,גרמים,300.00,100 גרם,false,,7.90,0.0263,true,1,286363
3245412211409,false,שוקולד חלב מעולה עם,,FR,שוקולד חלב מעולה עם,גרמים,300.00,100 גרם,false,,15.90,0.0530,true,1,286177
3270190111108,false,קרפור מוזלי פירות 7,,,קרפור מוזלי פירות 7,גרמים,750.00,100 גרם,false,,15.90,0.0212,true,1,325351
3270190151654,false,שוקולד מריר מעולה עם,,FR,שוקולד מריר מעולה עם,גרמים,100.00,100 גרם,false,,5.90,0.0590,true,1,286192
3270190174936,false,שוקולד חלב עם תכולת,,FR,שוקולד חלב עם תכולת,גרמים,100.00,100 גרם,false,,5.90,0.0590,true,1,286209
3387390525960,false,קראנץ' דגני בוקר עם שוקולד חלב נסטלה 500 גרם,הנסיך- מפעל לייצור ט,FR,דגני קראנץ' נסטלה 50,גרמים,500.00,100 גרם,false,,26.90,0.0538,true,1,18383
3560070415755,false,קרפור-תה ירוק 25 יחי,,,קרפור-תה ירוק 25 יחי,גרמים,32.50,100 גרם,false,,7.90,0.2431,true,1,345380
3560070582884,false,קרפור סטייליס עם שוק,,,קרפור סטייליס עם שוק,גרמים,300.00,100 גרם,false,,8.90,0.0297,true,1,325321
3560070659517,false,קרפור-תה ארל גריי 20,,,קרפור-תה ארל גריי 20,גרמים,36.00,100 גרם,false,,9.90,0.2750,true,1,345365
3560070669981,false,שוקולד מריר מעולה 80,,FR,שוקולד מריר מעולה 80,גרמים,80.00,100 גרם,false,,4.90,0.0613,true,1,286163
3560070701407,false,שוקולד מריר מעולה עם,,FR,שוקולד מריר מעולה עם,גרמים,100.00,100 גרם,false,,5.90,0.0590,true,1,286193
3560070720859,false,שוקולד מריר מעולה 72,,FR,שוקולד מריר מעולה 72,גרמים,80.00,100 גרם,false,,4.90,0.0613,true,1,286194
3560070800230,false,קרפור שוקו קרלס 375,,,קרפור שוקו קרלס 375,גרמים,375.00,100 גרם,false,,6.90,0.0184,true,1,325368
3560070800353,false,קרפור הוני בולז 375,,,קרפור הוני בולז 375,גרמים,375.00,100 גרם,false,,6.90,0.0184,true,1,325415
3560070820221,false,קרפור-חטיף דגנים אגו,,,קרפור-חטיף דגנים אגו,גרמים,125.00,100 גרם,false,,5.90,0.0472,true,1,345664
3560070888108,false,קרפור-תה שחור בטעם ל,,,קרפור-תה שחור בטעם ל,גרמים,40.00,100 גרם,false,,6.90,0.1725,true,1,345515
3560070888115,false,קרפור-חליטת טיליה 25,,,קרפור-חליטת טיליה 25,גרמים,42.50,100 גרם,false,,6.90,0.1624,true,1,345425
3560070888153,false,קרפור-תה ירוק בטעם ל,,,קרפור-תה ירוק בטעם ל,גרמים,40.00,100 גרם,false,,6.90,0.1725,true,1,345530
3560071013127,false,קרפור סטייליס עם שוק,,,קרפור סטייליס עם שוק,גרמים,300.00,100 גרם,false,,8.90,0.0297,true,1,325353
3560071013196,false,קרפור סטייליס בטעם ט,,,קרפור סטייליס בטעם ט,גרמים,500.00,100 גרם,false,,9.90,0.0198,true,1,325336
3560071015725,false,קרפור פיברה עם 5 פיר,,,קרפור פיברה עם 5 פיר,גרמים,500.00,100 גרם,false,,11.90,0.0238,true,1,325399
3560071018566,false,קרפור-חטיף דגנים בוט,,,קרפור-חטיף דגנים בוט,גרמים,125.00,100 גרם,false,,5.90,0.0472,true,1,345649
3560071081256,false,קרפור-תה שחור 20 יחי,,,קרפור-תה שחור 20 יחי,גרמים,36.00,100 גרם,false,,9.90,0.2750,true,1,345320
3560071081263,false,קרפור-תה ירוק סיני 2,,,קרפור-תה ירוק סיני 2,גרמים,36.00,100 גרם,false,,9.90,0.2750,true,1,345350
3560071081270,false,קרפור-תה ירוק נענע 2,,,קרפור-תה ירוק נענע 2,גרמים,36.00,100 גרם,false,,9.90,0.2750,true,1,345335
3560071090821,false,קרפור שוקו בולז 375,,,קרפור שוקו בולז 375,גרמים,375.00,100 גרם,false,,6.90,0.0184,true,1,325370
3560071095598,false,קרפור-חטיף דגנים חמו,,,קרפור-חטיף דגנים חמו,גרמים,125.00,100 גרם,false,,5.90,0.0472,true,1,345665
3560071095659,false,קרפור-חטיף דגנים קוק,,,קרפור-חטיף דגנים קוק,גרמים,125.00,100 גרם,false,,5.90,0.0472,true,1,345680
3560071341947,false,שמן זית כתית מעולה ב,,FR,שמן זית כתית מעולה ב,מיליליטרים,750.00,"100 מ""ל",false,,11.50,0.0153,true,1,324387
3560071431914,false,קפסולות קפה קרפור עו,,FR,קפסולות קפה קרפור עו,גרמים,52.00,100 גרם,false,,6.90,0.1327,true,1,326368
3560071432003,false,קפסולות קפה קרפור עו,,FR,קפסולות קפה קרפור עו,גרמים,52.00,100 גרם,false,,6.90,0.1327,true,1,326413
3560071432034,false,קפסולות קפה נטול קרפ,,FR,קפסולות קפה נטול קרפ,גרמים,52.00,100 גרם,false,,6.90,0.1327,true,1,326414
3560071432065,false,קפסולות קפה קרפור עו,,FR,קפסולות קפה קרפור עו,גרמים,52.00,100 גרם,false,,6.90,0.1327,true,1,326415
3560071432096,false,קפסולות קפה קרפור עו,,FR,קפסולות קפה קרפור עו,גרמים,52.00,100 גרם,false,,6.90,0.1327,true,1,326416
3560071432157,false,קפסולות קפה וניל קרפ,,FR,קפסולות קפה וניל קרפ,גרמים,52.00,100 גרם,false,,6.90,0.1327,true,1,326417
3560071432188,false,קפסולות קפה קרמל קרפ,,FR,קפסולות קפה קרמל קרפ,גרמים,52.00,100 גרם,false,,6.90,0.1327,true,1,326418
3560071432218,false,קפסולות קפה אגוז קרפ,,FR,קפסולות קפה אגוז קרפ,גרמים,52.00,100 גרם,false,,6.90,0.1327,true,1,326419
3560071432249,false,קפסולות קפה ברזיל קר,,FR,קפסולות קפה ברזיל קר,גרמים,52.00,100 גרם,false,,6.90,0.1327,true,1,326420
3560071432270,false,קפסולות קפה קולומביה,,FR,קפסולות קפה קולומביה,גרמים,52.00,100 גרם,false,,6.90,0.1327,true,1,326421
3560071432300,false,קפסולות קפה אתיופיה,,FR,קפסולות קפה אתיופיה,גרמים,52.00,100 גרם,false,,6.90,0.1327,true,1,326422
3560071432331,false,קפסולות קפה לאוס קרפ,,FR,קפסולות קפה לאוס קרפ,גרמים,52.00,100 גרם,false,,6.90,0.1327,true,1,326423
3560071432362,false,קפסולות קפה קניה קרפ,,FR,קפסולות קפה קניה קרפ,גרמים,52.00,100 גרם,false,,6.90,0.1327,true,1,326424
3560071432515,false,קפסולות קפה קרפור עו,,FR,קפסולות קפה קרפור עו,גרמים,52.00,100 גרם,false,,6.90,0.1327,true,1,326426
3560071432690,false,קפסולות קפה קרפור עו,,FR,קפסולות קפה קרפור עו,גרמים,52.00,100 גרם,false,,6.90,0.1327,true,1,326427
3574661003924,false,שטיפת פה טוטאל קר בטעם מנטה צלול,ג'\ונסון אנד ג'\ונסון,IT,מי פה טוטאל קאר ליסט,מיליליטרים,500.00,"100 מ""ל",false,,21.90,0.0438,true,1,29396
3574661114637,false,ליסטרין שטיפת פה קול מינט טעם מעודן 500,ג'\ונסון אנד ג'\ונסון,IT,מי פה זירו ליסטרין 5,מיליליטרים,500.00,"100 מ""ל",false,,23.90,0.0478,true,1,29401
3574661352275,false,"מי פה ליסטרין קידס בטעם פירות יער 250 מ""ל",ג'\ונסון אנד ג'\ונסון,IT,ליסטרין מי פה לילדים,מיליליטרים,250.00,"100 מ""ל",false,,15.90,0.0636,true,1,90103
3574661485201,false,טמפונים אובה סופר 32 יח' פרוקומפורט,Johnson Toilet-IT,FR,אובה פרוקומפורט סופר,יחידה,0.00,יחידה,false,,21.90,0.0000,true,1,288406
3574661491806,false,מי פה אדבנס וויט מנטה מסירה כתמים קשים,ג'\ונסון אנד ג'\ונסון,IT,מי פה אדוונס וויאט מ,מיליליטרים,500.00,"100 מ""ל",false,,21.90,0.0438,true,1,124603
3574661552576,false,קרפרי מגן תחתון רגיל טנגה לבן 56 יח חדש,הדקלאים אגודת שיתופי,GR,קרפרי רגיל טנגה לבן,יחידה,0.00,יחידה,false,,15.90,0.0000,true,1,65586
3574661552804,false,מגן תחתון קרפרי אלוורה 56 יחידות,הדקלאים אגודת שיתופי,IT,קרפרי מגן תחתן אלוור,יחידה,0.00,יחידה,false,,15.90,0.0000,true,1,65587
3574661552811,false,מגן תחתון קרפרי כותון אוורירי 56 יחידות,הדקלאים אגודת שיתופי,GR,קרפרי כותון אוורירי,יחידה,0.00,יחידה,false,,15.90,0.0000,true,1,65666
3574661554884,false,קרפרי מגן תחתון רגיל טנגה מבושם 56 יח,הדקלאים אגודת שיתופי,IT,קרפרי רגיל טנגה יחני,יחידה,0.00,יחידה,false,,15.90,0.0000,true,1,65589
3574669907682,false,גונסונס בייבי טלק 500 גרם חדש,גונסון אנד גונסון,IT,ג'ונסונס בייבי טלק 5,גרמים,500.00,100 גרם,false,,33.90,0.0678,true,1,21294
3574669908948,false,"גונסונס בייבי אל סבון לרחצה עדינה 750 מ""ל",גונסון אנד גונסון,IT,ג'ונסון בייבי אל סבו,מיליליטרים,750.00,"100 מ""ל",false,,21.90,0.0292,true,1,21304
3600541928275,false,מי פנים מיסלריים דו-פאזיים מסיר איפור עמיד במים,"קוסמופול, פולין",PL,מים מיסלריים דו פאזי,מיליליטרים,400.00,"100 מ""ל",false,,30.90,0.0772,true,1,12443
3607343817547,false,"אדידס - דאודורנט ספריי לגבר קליימקול 150 מ""ל",קולפ,PT,דאודורנט ספריי לגבר,מיליליטרים,150.00,"100 מ""ל",false,,13.90,0.0927,true,1,105939
3607347918981,false,"אדידס - דאודורנט רול און לאישה קול אנד קר 6 ב-1 50 מ""ל",דנשר,ES,דאו' רולאון לאישה 6,יחידה,0.00,יחידה,false,,15.90,0.0000,true,1,5543
3608580075646,false,קונפיטורה בטעם שזיפים 370 גר BONNE MAMAN,בון מאמא,FR,קונפיטורה שזיף 370 ג,גרמים,370.00,100 גרם,false,,20.90,0.0565,true,1,289008
3608580730248,false,קונפיטורה דובדובן 370 ג' בוני מאמן,בון ממן,FR,קונפיטורה דובדבן 370,גרמים,370.00,100 גרם,false,,20.90,0.0565,true,1,43086
3616180424856,false,קרפור הום -30 מפיות,,,קרפור הום -30 מפיות,יחידה,0.00,יחידה,false,,6.90,0.0000,true,1,353853
3616180424931,false,קרפור הום -30 מפיות,,,קרפור הום -30 מפיות,יחידה,0.00,יחידה,false,,6.90,0.0000,true,1,353856
3616180425099,false,קרפור הום -30 מפיות,,,קרפור הום -30 מפיות,יחידה,0.00,יחידה,false,,6.90,0.0000,true,1,353859
3616180425174,false,קרפור הום -30 מפיות,,,קרפור הום -30 מפיות,יחידה,0.00,יחידה,false,,6.90,0.0000,true,1,353863
3616180425198,false,קרפור הום -30 מפיות,,,קרפור הום -30 מפיות,יחידה,0.00,יחידה,false,,6.90,0.0000,true,1,353865
4000417101211,false,גלילי וופל עם קרם אגוזי לוז בציפוי שוקולד חלב,אמיצ'לי Amicelli,AT,גלילי וופל עם קרם אג,גרמים,150.00,100 גרם,false,,19.90,0.1327,true,1,243542
4000417101273,false,אימצ'לי-גלילי וופל עם קרם אגוזי לוז 300 גרם,מותגים,,אמיצ'לי חנוכה - גליל,גרמים,300.00,100 גרם,false,,29.90,0.0997,true,1,351110
4002448017684,false,"סיליט באנג ספריי ניקוי כללי מסיר אבנית 750 מ""ל",הדקלאים אגודת שיתופי,PL,סיליט באנג ספריי רב,מיליליטרים,750.00,"100 מ""ל",false,,17.90,0.0239,true,1,20799
4002720005736,false,מליטה קפה לפילטר פרימיום 250 גרם,המאפיה של הרמן,DE,מליטה פרימיום קפה פי,גרמים,250.00,100 גרם,false,,23.90,0.0956,true,1,5576
4005808368280,false,שפתון ליובש דובדבן לבלו 48 גרם,טרופיקל דגיל תעשיות,DE,שפתון דובדבן לבלו 4.,גרמים,4.80,100 גרם,false,,12.90,2.6875,true,1,51036
4005808670314,false,"קרם לחות לפנים לעור רגיל - מעורב ניוואה 50 מ""ל",ניוואה Nivea,PL,ניוואה קרם יום מעניק,גרמים,50.00,100 גרם,false,,44.90,0.8980,true,1,51050
4005900036483,false,"ניוואה - דאודורנט ספריי לגבר שקוף בלק וווי 150 מ""ל",בטר אנד דיפרנט,DE,ניוואה דאודורנט ספרי,מיליליטרים,150.00,"100 מ""ל",false,,16.90,0.1127,true,1,51110
4005900513045,false,"ניוואה - דאודורנט ספריי לגבר דיפ 150 מ""ל",ביירסדורף,DE,דאו ספריי לגבר DEEP,מיליליטרים,150.00,"100 מ""ל",false,,16.90,0.1127,true,1,51133
4008287058161,false,בירה קרומבאכר פילס 4.8% שישיה 6 * 330 מל,מנדלז סי.אר. פרודקשן,DE,בירה קרומבכר פילס שי,ליטרים,1.98,ליטר,false,,33.90,17.1212,true,1,173756
4008287762020,false,בירה קרומבאכר חיטה 0.50 ליטר בקבוק,קרומבכר בראורי,DE,בירה קרומבאכר חיטה 5,מיליליטרים,500.00,"100 מ""ל",false,,11.20,0.0224,true,1,265534
4008400230726,false,ביצת שוקולד הפתעה קינדר ענקית 100ג' בנים,קינדר Kinder,IT,ביצת הפתעה קינדר מקס,גרמים,100.00,100 גרם,false,,23.90,0.2390,true,1,41458
4009300522935,false,תה ירוק פומפדור לימונית ולואיזה 20 יחידות,"איטיליאן פוד, אס.פי.",DE,פומפדור תה ירוק לימו,גרמים,30.00,100 גרם,false,,20.90,0.6967,true,1,21312
4009300524588,false,חליטת צמחים פומפדור פירות יער 20 יחידות,פומפדור Pompadour,DE,פומפדור חליטת פירות,גרמים,60.00,100 גרם,false,,17.90,0.2983,true,1,21314
4009300525684,false,חליטת צמחים פומפדור ג'ינג'ר ולימון 20 יחידות,פומפדור Pompadour,DE,פומפדור חליטת לימוןג,גרמים,35.00,100 גרם,false,,17.90,0.5114,true,1,21317
4009300526438,false,תה ירוק פומפדור קלאסי 20 יחידות,"איטיליאן פוד, אס.פי.",DE,פומפדור תה ירוק קלאס,גרמים,30.00,100 גרם,false,,20.90,0.6967,true,1,21319
4009900379564,false,מסטיק הובה בובה Hubba Bubba טייפ בטעם פירות,מרס ריגלי קונפקשונרי,GB,הובה בובה טייפ פירות,גרמים,56.00,100 גרם,false,,6.70,0.1196,true,1,20658
4009900385824,false,מסטיק אורביט פפרמינט סטיקס משפחתי-חמישיות,ריגלי צרפת,FR,אורביט סטיקס פפרמינט,גרמים,65.00,100 גרם,false,,11.30,0.1738,true,1,20661
4009900402965,false,אורביט וויט בטעם פירות בקבוקון 46מלבניות,ריגלי פולין,PL,אורביט וויט פירות בק,גרמים,64.00,100 גרם,false,,10.90,0.1703,true,1,20665
4009900403023,false,אורביט וויט בטעם מנטה בקבוקון 46 מלבניות,"ב.א מזון בע""מ",PL,אורביט וויט מנטה בקב,גרמים,64.00,100 גרם,false,,10.90,0.1703,true,1,20666
4009900406918,false,מסטיק הובה בובה טייפ טריפל מיקס 56ג',מרס ריגלי קונפקשונרי,GB,הובה בובה טייפ טריפל,גרמים,56.00,100 גרם,false,,6.70,0.1196,true,1,20669
4009900420129,false,מסטיק אורביט פרופשנל פפרמינט בקבוקון 64 גר',מרס נדרלנד,PL,אורביט פרופשייונל פפ,גרמים,64.00,100 גרם,false,,10.90,0.1703,true,1,20673
4009900426039,false,מסטיק מנטה אקליפטוס בקבוקון איירווייבס 64 גרם,איירוויבס Airwaves,PL,בקבוקון בקבוקון מסטי,גרמים,64.00,100 גרם,false,,10.90,0.1703,true,1,20675
4009900455299,false,"סוכרית ג'לי אדומה 174 גרם ""סקיטלס""",ריגלי ממתקים,CZ,סקיטלס פירות 174 גר,גרמים,174.00,100 גרם,false,,9.90,0.0569,true,1,20680
4009900465304,false,סוכריות סקיטלס פירות חמוצים 174 גרם,ריגלי ממתקים,CZ,סקיטלס פירות חמוצים,גרמים,174.00,100 גרם,false,,9.90,0.0569,true,1,20683
4009900479998,false,אורביט וויט אוכמניות בקבוקון 46 מלבניות,ריגלי פולין,PL,אורביט מסטיק בקבוקון,גרמים,64.00,100 גרם,false,,10.90,0.1703,true,1,20686
4009900482417,false,מסטיק אורביט פירות מנטה בקבוקון באבל מינט 45יח,ריגלי פולין,PL,אורביט באבל מינט בקב,גרמים,64.00,100 גרם,false,,10.90,0.1703,true,1,20688
4009900532327,false,סוכריות סקיטלס סמודיס בטעמי יוגורט ופירות,ריגלי ממתקים,CZ,סוכריות סקיטלס סמודי,גרמים,38.00,100 גרם,false,,3.90,0.1026,true,1,20727
4009900536257,false,מסטיק אורביט רפרשרס ספירמינט בקבוקון ללא סוכר 67 גר',מרס ריגלי קונפקשונרי,PL,מסטיק אורביט רפרשרס,גרמים,67.00,100 גרם,false,,12.90,0.1925,true,1,119577
4009900536288,false,מסטיק אורביט רפרשרס פפרמינט בקבוקון ללא סוכר 67 גר',מרס ריגלי קונפקשונרי,PL,מסטיק אורביט רפרשרס,גרמים,67.00,100 גרם,false,,12.90,0.1925,true,1,144800
4009900536486,false,מסטיק אורביט רפרשרס באבלמינט בקבוקון ללא סוכר 67 גר',מרס ריגלי קונפקשונרי,PL,מסטיק אורביט רפרשרס,גרמים,67.00,100 גרם,false,,12.90,0.1925,true,1,119578
4009900539340,false,סוכריות סקיטלס ג'יינט סאוור 141 גרם,מרס ריגלי קונפקשונרי,CZ,סוכריות סקיטלס ענקיו,גרמים,141.00,100 גרם,false,,9.90,0.0702,true,1,241147
4009900539401,false,מסטיק פייב באונס בטעם מנטה HP,Unknown,PL,מסטיק בטעם מנטה פייב,גרמים,14.40,100 גרם,false,,4.90,0.3403,true,1,249862
4009900539432,false,מסטיק פייב באונס בטעם אבטיח HP,Unknown,PL,מסטיק בטעם אבטיח פיי,גרמים,14.40,100 גרם,false,,4.90,0.3403,true,1,279939
4009900539746,false,"מסטיק פייב באונס בטעם אבטיח בקבוקון, 61.8 גרם",ריגלי בעמ רוסיה,PL,מסטיק בטעם אבטיח ללא,גרמים,31.80,100 גרם,false,,12.90,0.4057,true,1,249848
4009900540551,false,מסטיק אורביט רפרשרס טרופיקל בקבוקון ללא סוכר,מרס פולין,PL,אורביט רפרשרס טרופיק,גרמים,67.00,100 גרם,false,,12.90,0.1925,true,1,243268
4011100002227,false,באונטי חטיפי מיני שקית 403ג',לינדט ושפרונגלי קילשברג,NL,חטיף באונטי מיני 403,גרמים,403.00,100 גרם,false,,24.90,0.0618,true,1,20729
4011800528416,false,קורני חטיף דגנים עם בוטנים מתוק-מלוח*6,שוורטאוור וורקה,DE,חטיף בייס סויט סולט,גרמים,150.00,100 גרם,false,,14.90,0.0993,true,1,13733
4011800628512,false,חטיף קורני שוקולד חלב 6 יח 150 גר,מיוצר עי קונדיטוריית,DE,חטיף דגנים עם שוקולד,גרמים,150.00,100 גרם,false,,14.90,0.0993,true,1,13741
4011800630515,false,חטיף קורני שוקולד חלב ובננה 6 יח 150 גר,מיוצר עי קונדיטוריית,DE,חטיף דגנים עם שוקולד,גרמים,150.00,100 גרם,false,,14.90,0.0993,true,1,13743
4011800633516,false,קורני שוקולד מריר מעולה 58% קקאו 6*1,שוורטאוור וורקה,DE,חטיף דגנים שוקולד מר,גרמים,138.00,100 גרם,false,,14.90,0.1080,true,1,13745
4014400900217,false,בונבונריית מרסי מבחר ממתקי שוקולד 400 גרם,קריניציה ויטמינה אס,DE,בונבונירה מרסי 400 ג,גרמים,400.00,100 גרם,false,,52.90,0.1322,true,1,12694
4014600202609,false,רגולדס -סוכריות בפח עם ליים ואוכמניות 150 ג',RAGOLDS GMBH,,סוכריות בפח עם ליים,גרמים,150.00,100 גרם,false,,9.90,0.0660,true,1,300138
4014600202623,false,רגולדס סוכריות בפח בטעם דובדובן 150 גרם,RAGOLDS GMBH,,סוכריות בפח בטעם דוב,גרמים,150.00,100 גרם,false,,9.90,0.0660,true,1,300139
4014600203149,false,רגולדס -סוכריות בפח בטעםי פירות יער 150 ג',RAGOLDS GMBH,,סוכריות בפח בטעם פיר,גרמים,150.00,100 גרם,false,,9.90,0.0660,true,1,300140
4015400564034,false,מגן תחתון אולוויז מגה פק לונג פלוס 58 יחידות,פרוקטר אנד גמבל,DE,מגן תחתון לונג פלוס,יחידה,0.00,יחידה,false,,18.90,0.0000,true,1,26863
4015400564454,false,מגני תחתון אולוויז לארג' עם ניחוח מגה פק,פרוקטר אנד גמבל,DE,מגן תחתון לארג מגה פ,יחידה,0.00,יחידה,false,,18.90,0.0000,true,1,26867
4015400598411,false,תחבושות היגייניות יום ולילה Day & Night - מארז 40 יח',פרוקטר אנד גמבל,DE,קוואטרו לילה אולוויז,יחידה,0.00,יחידה,false,,42.00,0.0000,true,1,26877
4015400731719,false,תחבושות היגייניות אולוויז יום ולילה Day & Night,פרוקטר אנד גמבל,UA,תחבושות וליו פק לילה,יחידה,0.00,יחידה,false,,23.90,0.0000,true,1,26914
4015600763022,false,שמפו יומיומי למניעת קשקשים לשיער יבש/פגום לשיער רך כמשי,פרוקטר אנד גמבל,RO,שמפו מגע המשי הד&שול,מיליליטרים,500.00,"100 מ""ל",false,,19.90,0.0398,true,1,26975
4017100290008,false,בלזן בסקויט חמאה מצופה שוקולד חלב 125 גרם,הדקלאים אגודת שיתופי,DE,בלזן ביסקוויט מצופה,גרמים,125.00,100 גרם,false,,14.90,0.1192,true,1,41947
4017100364112,false,בלזן היט בסקוויט סנדביץ עם מלית קרם בטעם שוקולד קקאו (41%) 220 גרם,הדקלאים אגודת שיתופי,PL,היט עוגיות סנדביץ בט,גרמים,220.00,100 גרם,false,,8.90,0.0405,true,1,41951
4022025261002,false,יין בלו ווין גוורצטרמינר 750 מל,לנגוט טראבן,DE,יין בלו נאן בלו וויי,מיליליטרים,750.00,"100 מ""ל",false,,55.90,0.0745,true,1,41605
4066600999614,false,"בירה פאולנר, בירת חיטה מעוננת, בקבוק 500 מ""ל",מבשלת פאולנר,DE,בירה פאולנר בקבוק 50,מיליליטרים,500.00,"100 מ""ל",false,,12.90,0.0258,true,1,9273
4084500149526,false,טייד גל כביסה 2.48 ליטר אלפים רענן,פרוקטר אנד גמבל,FR,טייד גל 2.48 ליטר,ליטרים,2.48,ליטר,false,,30.70,12.3790,true,1,27078
4084500739253,false,"אוראל בי משחת שיניים- להלבנה לובן מהודר 75 מ""ל",פרוקטר אנד גמבל,DE,אורל בי –משחה 3D Whi,יחידה,75.00,יחידה,false,,24.90,0.3320,true,1,172583
4640018993398,false,פיניש קוואנטום 60 יח' קפסולות ג'ל למדיח כלים,רקיט בנקיזר,PL,פיניש קוואנטום למדיח,יחידה,0.00,יחידה,false,,62.90,0.0000,true,1,68872
4710068001692,false,"מאסטר קפה לאטה פחית 240 מ""ל",תאיט מרקטינג אנד דיסטריב,TW,מאסטר קפה לאטה פחית,מיליליטרים,240.00,"100 מ""ל",false,,6.60,0.0275,true,1,39379
4710068001715,false,"מאסטר קפה טירמיסו פחית 240 מ""ל",יוני פרזינדנט אנטרפר,TW,מאסטר קפה טירמיסו 24,מיליליטרים,240.00,"100 מ""ל",false,,6.60,0.0275,true,1,39380
4710068003313,false,"מאסטר קפה אמריקאנו פחית 240 מ""ל",מאיטה פוד אינדוסטריא,TW,מאסטר קפה אמריקנו בל,מיליליטרים,240.00,"100 מ""ל",false,,6.90,0.0287,true,1,204015
4796019790013,false,"שמן קוקוס אורגני 300 מ""ל",כפרי בריא,,גרין קוקו - שמן קוקו,מיליליטרים,300.00,"100 מ""ל",false,,19.90,0.0663,true,1,107353
4820080720584,false,"וודקה חלבני 700 מ""ל דאר קלסיק 700מל כ",NATIONAL ALCOHOL COM,,וודקה חלבני דאר קלסי,מיליליטרים,700.00,"100 מ""ל",false,,65.90,0.0941,true,1,11185
4820163121437,false,וודקה חורטיצה פלטינום700,אימיג' הולדינג,UA,וודקה חורטיצה 700 מ`,מיליליטרים,700.00,"100 מ""ל",false,,70.90,0.1013,true,1,126
4840709002440,false,ברנדי קווינט כשר 500,,,ברנדי קווינט כשר 500,מיליליטרים,500.00,"100 מ""ל",false,,60.90,0.1218,true,1,11190
4860019001346,false,בורז'ומי מים מינרליים טבעיים 500מ'ל חדש,אי די אס בורגומי,,בורז'ומי מים מינרליי,מיליליטרים,500.00,"100 מ""ל",false,,8.90,0.0178,true,1,11191
4891228430047,false,"שיק אקזטקא סכיני גילוח חד פעמי עור רגיש, 10 יח'",אנרג'יזר Energizer,CN,סכיני גילוח אקזקטה 2,יחידה,0.00,יחידה,false,,24.90,0.0000,true,1,21334
4903001904192,false,"רוטב סויה יאמסה פרימיום 500 מ""ל",הדקלאים אגודת שיתופי,JP,רוטב סויה יאמאסה פרמ,מיליליטרים,500.00,"100 מ""ל",false,,18.90,0.0378,true,1,12720
4903001904208,false,רוטב סויה פרימיום יאמסה 1 ליטר,הדקלאים אגודת שיתופי,JP,רוטב סויה פרימיום יא,ליטרים,1.00,ליטר,false,,32.90,32.9000,true,1,12721
5000054353300,false,פריסקיז פטה סלמון 156 גר,נסטלה פורינה,US,פריסקיז פטה סלומון 2,גרמים,156.00,100 גרם,false,,6.90,0.0442,true,1,327434
5000157143365,false,מתבל בטעם מיונז וקטשופ היינץ 425 גרם,"פודליצקי ספ.ז.או.או,",PL,מתבל בטעם מיונז וקטש,מיליליטרים,425.00,"100 מ""ל",false,,15.90,0.0374,true,1,5250
5000159020312,false,מלטיזרס אריזה קטנה 37 גרם,מלטיזרס Maltesers,NL,חטיף מלטיזרס 37 גרם,גרמים,37.00,100 גרם,false,,5.90,0.1595,true,1,20733
5000159538626,false,טוויקס מארז חטיף 50 גרם חמישייה,טוויקס Twix,NL,חטיף טוויקס מארז 5*2,גרמים,250.00,100 גרם,false,,12.90,0.0516,true,1,153180
5000189974579,false,מארז מיני חטיפי קיט קט Kit Kat,נסטלה גרמניה,DE,קיט קט מיני 200 גרם,גרמים,200.00,100 גרם,false,,10.00,0.0500,true,1,41959
5000204114867,false,"גלייד ארוסול בניחוח וניל 300 מ""ל","אס.סי ג'\ונסון,מידרכט, ה",TR,גלייד ארוסול בניחוח,מיליליטרים,300.00,"100 מ""ל",false,,10.90,0.0363,true,1,5635
5000204120745,false,גלייד מוצק בניחוח לבנדר 150 גר',במה פולסקה אספי.זד.או.או,PL,גלייד מטהר אויר מוצק,מיליליטרים,150.00,"100 מ""ל",false,,10.50,0.0700,true,1,5641
5000204151053,false,"פלדג' אירוסול לניקוי רהיטים קלאסי 250 מ""ל","אס.סי ג'\ונסון, אירופלנט",NL,פלדג' אירוסול לניקוי,מיליליטרים,250.00,"100 מ""ל",false,,17.90,0.0716,true,1,262555
5000204153729,false,מטהר אוויר גלייד מילוי אוטומטי לבנדר וניל,המאפיה של הרמן,TR,גלייד מילוי אוטומטי,מיליליטרים,269.00,"100 מ""ל",false,,17.90,0.0665,true,1,94125
5000204153903,false,מטהר אוויר גלייד מילוי אוטומטי מרכך כביסה,"קוסטר אירוסול ואלף סאן,",TR,גלייד מילוי אוטומטי,מיליליטרים,269.00,"100 מ""ל",false,,17.90,0.0665,true,1,94112
5000204155815,false,"גלייד מארז אוטומטי מרכך כביסה 269 מ""ל",גלייד,,גלייד מארז אוטומטי ו,מיליליטרים,269.00,"100 מ""ל",false,,57.90,0.2152,true,1,94152
5000204220933,false,"קוטל מעופפים אירוסול אקליפטוס 300 מ""ל רייד",SC Jonson,NL,ארוסול קוטל מעופפים,מיליליטרים,300.00,"100 מ""ל",false,,17.90,0.0597,true,1,257931
5000204254617,false,סבון מוצק לאסלה ירח פורח 38.6 ג' דאק,דאופלור אס.פי.אי כונ,PL,דאק סבון מוצק לאסלה,גרמים,38.60,100 גרם,false,,9.90,0.2565,true,1,256942
5000204886566,false,"תרסיס מנקה, מזין ומגן על העץ עם שמן תפוז טבעי",Jonson ג'ונסון,US,"פלדג 475 מ""ל ORANGE",מיליליטרים,475.00,"100 מ""ל",false,,30.50,0.0642,true,1,5664
5000394140820,false,שישיות סוללות AA פלוס פאוור דורסל,דורסל,BE,סוללות דורסל שישיות,יחידה,0.00,יחידה,false,,24.90,0.0000,true,1,252660
5000394203921,false,זוג סוללות ליתיום 2032 דורסל,דורסל Duracell,CN,דורסל זוג סוללות לית,יחידה,0.00,יחידה,false,,19.90,0.0000,true,1,27136
5000396037531,false,מקוויטיס ביסקוויט מצופה שוקולד חלב 200 גרם,ברנדס סרטרה נשיונל,GB,מקוויטיס מצופה שוקול,גרמים,200.00,100 גרם,false,,11.90,0.0595,true,1,24576
5000396037548,false,מקוויטיס ביסקוויט מצופה שוקולד מריר 200 גרם,ברנדס סרטרה נשיונל,GB,מקוויטיס מצופה שוקול,גרמים,200.00,100 גרם,false,,11.90,0.0595,true,1,24577
5000396037944,false,מקוויטיס ביסקוייט קלאסי 250 גרם,ברנדס סרטרה נשיונל,GB,מקוויטים ביסקוויטים,גרמים,250.00,100 גרם,false,,9.90,0.0396,true,1,24579
5010182997918,false,דאק ג'ל לניקוי אסלות בניחוח ים 55 מל,"איטיליאן פוד, אס.פי.",IT,דאק ג'ל אסלה ניחוח י,גרמים,55.00,100 גרם,false,,9.90,0.1800,true,1,5675
5010677554398,false,"בקרדי בריזר אבטיח 275 מ""ל בקבוק",בקרדי בריזר Bacardi Breezer,BE,בקרדי בריזר אבטיח,מיליליטרים,275.00,"100 מ""ל",false,,14.90,0.0542,true,1,9281
5010677850100,false,וודקה גריי גוס בקבוק,בקרדי מרטיני,FR,"גריי גוס 700 מ""ל",מיליליטרים,700.00,"100 מ""ל",false,,120.90,0.1727,true,1,13366
5013931015819,false,דישמאטיק מארז כריות פלדה 2 יח,דישמטיק Dish matic,US,מארז כריות פלדה דיש,גרמים,66.00,100 גרם,false,,21.90,0.3318,true,1,119525
5014271300429,false,"מעדן משמש 100% פרי סנטדלפור 284 גרם לל""ס",סאן דלפור - שמבור,FR,סאן דלפור מעדן משמש,גרמים,284.00,100 גרם,false,,22.90,0.0806,true,1,16763
5014271310428,false,מעדן דובדבנים שחורים ללא תוספת סוכר 284 גרם,סאן דלפור - שמבור,FR,סאן דלפור מעדן דובדב,גרמים,284.00,100 גרם,false,,22.90,0.0806,true,1,16764
5014271350424,false,מעדן ארבעה פירות ללא תוספת סוכר 284 גרם,סאן דלפור - שמבור,FR,סאן דלפור מעדן ארבע,גרמים,284.00,100 גרם,false,,22.90,0.0806,true,1,16766
5014271370422,false,סן דלפו מעדן אפרסק ללא סוכר 284גר,סאן דלפור - שמבור,FR,סאן דלפור מעדן אפרסק,גרמים,284.00,100 גרם,false,,22.90,0.0806,true,1,16768
5014271400426,false,"מעדן בטעם תות שדה לל""ס סאן דלפור 284 גרם",סאן דלפור - שמבור,FR,סאן דלפור מעדן תות ש,גרמים,284.00,100 גרם,false,,22.90,0.0806,true,1,16771
5014271560427,false,מעדן תפוז וג'ינג'ר ללא סוכר סאן דלפור 284 גר,סאן דלפור - שמבור,FR,סאן דלפור מעדן תפוז,גרמים,284.00,100 גרם,false,,22.90,0.0806,true,1,16772
5014271795980,false,מעדן חמוציות ואוכמניות ללא תוספת סוכר 284 גרם,סנדלפור St.dalfour,FR,סאן דלפור מעדן חמוצי,גרמים,284.00,100 גרם,false,,22.90,0.0806,true,1,16776
5029053002408,false,נייר טואלט קלינקס פרימיום לבן - מארז 9 גלילים,קימברלי קלארק ישראל,IL,נייר טואלט קליניקס ל,מטרים,275.00,מטר,false,,35.90,0.1305,true,1,8795
5029053002439,false,נייר טואלט קלינקס פרימיום צהוב - מארז 9 גלילים,חוגלה קימברלי,GB,נייר טואלט קליניקס צ,מטרים,243.00,מטר,false,,35.90,0.1477,true,1,8796
5029053510811,false,תחבושות נורמל פלוס עם כנפיים קוטקס 28 יחידות,קימברלי קלארק,CZ,תחבושות אולטרה נורמל,יחידה,0.00,יחידה,false,,19.90,0.0000,true,1,8804
5029053510828,false,תחבושות סופר פלוס עם כנפיים קוטקס 22יחידות,קימברלי קלארק,CZ,תחבושת אולטרה סופר+כ,יחידה,0.00,יחידה,false,,19.90,0.0000,true,1,8805
5029053578309,false,קופסת ממחטות אולטרה סופט 48 דף קלינקס,קימברלי קלארק,IL,טישו אולטרה סופט קוב,יחידה,0.00,יחידה,false,,7.90,0.0000,true,1,195850
5035766044772,false,סיידר תפוחים סטרונגבאו 330 בקבוק רביעייה,סטאסן ס.א,BE,סטרונגבאו סיידר תפוח,ליטרים,1.32,ליטר,false,,32.90,24.9242,true,1,9284
5035766060253,false,"בירה מרפיס, בירת סטאוט, פחית 500 מ""ל",מרפיס Murphys,GB,מרפיס אייריש סטאוט פ,מיליליטרים,500.00,"100 מ""ל",false,,13.90,0.0278,true,1,9286
5060751219033,false,"משקה אנרגיה מונסטר אנרג'י זירו paradise בפחית 500 מ""ל",מונסטר אנרג'י לימטד,RS,מונסטר אולטרה פרדייז,מיליליטרים,500.00,"100 מ""ל",false,,7.90,0.0158,true,1,269047
5201004021328,false,קפריס רולס גלילי וופל במילוי קרם אגוזי לוז וקקאו,אי. ג'יי פאפאדופולוס,GR,קפריס רולס קלאסיק 11,גרמים,115.00,100 גרם,false,,9.90,0.0861,true,1,127504
5201261201532,false,"רביעית פחית בירה היינקן 500 מ""ל",מבשלת אתונה S.A.\n,IL,"היינקן פחית 500 מ""ל",ליטרים,2.00,ליטר,false,,47.90,23.9500,true,1,204888
5201940010110,false,זיתים שחורים קלמטה וילי פוד 250 גרם,סיוארס אס.איי,GR,זיתים שחורים קלמטה ו,גרמים,250.00,100 גרם,false,,18.50,0.0740,true,1,2841
5203064007625,false,עוגיות שוקולד צ'יפס 180 גרם תומר,,,תומר עוגיות שוקו צ'י,גרמים,180.00,100 גרם,false,,10.90,0.0606,true,1,217639
5203064007649,false,עוגיות שוקולד צ'יפס טריפל 180 גרם תומר,,,תומר עוגיות שוקו צ'י,גרמים,180.00,100 גרם,false,,10.90,0.0606,true,1,217654
5410076933129,false,אריאל אבקת כביסה שושן צחור 3 קג,פרוקטר אנד גמבל,CZ,אריאל שושן צחור שקית,קילוגרמים,3.00,"ק""ג",false,,38.90,12.9667,true,1,27227
5410126666038,false,"ביסקוויט קרמל לוטוס 279 גרם בד""צ",לוטוס ביקרי נ.וי,BE,עוגיות לוטוס 279 גרם,גרמים,279.00,100 גרם,false,,16.90,0.0606,true,1,5273
5410126716016,false,"עוגיות לוטוס ביסקויט קרמל בד""צ 250 גרם",לוטוס ביקרי בלגיה,BE,ביסקוויט בטעם קרמל ל,גרמים,250.00,100 גרם,false,,11.90,0.0476,true,1,5274
5410291022011,false,ממרח אגוזי לוז עם קקאו 350 גרם חלב נכרי,צ'וקטה Chocketa,BE,צ`וקטה ממרח אגוזי לו,גרמים,350.00,100 גרם,false,,12.90,0.0369,true,1,41963
5410291022738,false,צ'וקטה ממרח חלב ואגוזי לוז עם קקאוי 350ג',צ'וקטה Chocketa,BE,צ`וקטה ממרח אגוזי לו,גרמים,350.00,100 גרם,false,,12.90,0.0369,true,1,41965
5411081008192,false,בירה קסטיל רוז' פחית 330 מל,מבשלת קסטל ואן הונסב,BE,בירה קסטיל רוז' 300,מיליליטרים,330.00,"100 מ""ל",false,,11.90,0.0361,true,1,344215
5411081008420,false,"בירה בירה שושנע קסטיל 330 מ""ל פחית",מבשלת קסטל ואן הונסברוק,BE,בירה שושנע (פחית) 33,מיליליטרים,330.00,"100 מ""ל",false,,11.90,0.0361,true,1,344216
5411188094159,false,רביעיית מעדן סויה שוקו מריר אלפרו 125 גרם,הנסיך- מפעל לייצור ט,BE,אלפרו מעדן סויה שוק.,מיליליטרים,500.00,"100 מ""ל",false,,18.90,0.0378,true,1,21358
5411188110835,false,אלפרו חלב סויה שקדים וניל 1ל',הנסיך- מפעל לייצור ט,BE,אלפרו משקה שקדים 1 ל,ליטרים,1.00,ליטר,false,,15.90,15.9000,true,1,21363
5411188112709,false,"משקה קוקוס אלפרו 1 ליטר משקה שקדים לל""ס",הנסיך- מפעל לייצור ט,BE,אלפרו משקה שקדים ללא,יחידה,0.00,יחידה,false,,15.90,0.0000,true,1,21367
5411188115366,false,משקה קוקוס אלפרו 1 ליטר משקה שיבולת שועל 1 ליטר,הנסיך- מפעל לייצור ט,BE,אלפרו משקה שיבולת שו,יחידה,0.00,יחידה,false,,15.90,0.0000,true,1,21369
5411188120742,false,משקה קוקוס אלפרו 1 ליטר שקדים וניל 1 ל',הנסיך- מפעל לייצור ט,BE,אלפרו משקה שקדים בטע,ליטרים,1.00,ליטר,false,,15.90,15.9000,true,1,21376
5411188120957,false,"אלפרו תערובת לבישול על בסיס קוקוס 250 מ""ל",אלפרו C.V.A,BE,אלפרו קוקוס לבישול 2,מיליליטרים,250.00,"100 מ""ל",false,,10.90,0.0436,true,1,243329
5411188121978,false,"משקה סויה בטעם שוקולד 3 * 250 מ""ל אלפרו",אלפרו סי.וי. איי,BE,אלפרו סויה שוקו סיד,מיליליטרים,750.00,"100 מ""ל",false,,15.90,0.0212,true,1,21379
5411188134985,false,אלפרו 3.5% NOT M*LK שיבולת שועל 1 ליטר בית יוסף,הנסיך- מפעל לייצור ט,BE,אלפרו 3.5% שומן NOT,ליטרים,1.00,ליטר,false,,13.90,13.9000,true,1,174661
5411188135005,false,אלפרו 1.8% NOT M*LK שיבולת שועל 1 ליטר בית יוסף,הנסיך- מפעל לייצור ט,BE,אלפרו 1.8% שומן NOT,ליטרים,1.00,ליטר,false,,13.90,13.9000,true,1,178052
5411188543398,false,משקה סויה ללא סוכר אלפרו 1 ליטר,הנסיך- מפעל לייצור ט,BE,אלפרו משקה סויה ללא,ליטרים,1.00,ליטר,false,,15.90,15.9000,true,1,95744
5413121355099,false,בלג'יאן-שוקו' מריר %72 פולי קפה 100 גר' 1/25,BCG,,שוקולד מריר 72% עם פ,גרמים,100.00,100 גרם,false,,12.90,0.1290,true,1,299208
5413121355143,false,בלג'יאן-שוקולד לבן משובח 100 גר' 1/25 (640175),BCG,,שוקולד לבן משובח בלג,גרמים,100.00,100 גרם,false,,12.90,0.1290,true,1,299250
5413149655522,false,"אבקת כביסה שושן צחור 1.25 ק""ג אריאל",פרוקטר אנד גמבל,TR,אריאל אבקת כביסה שוש,קילוגרמים,1.25,"ק""ג",false,,19.90,15.9200,true,1,27237
5413548280189,false,קינדר שוקו בון 1 יחידות 125 גרם,פררו - אלבה,BE,קינדר שוקו בון 125ג,גרמים,125.00,100 גרם,false,,15.90,0.1272,true,1,41463
5420066370032,false,טראפל בלגי מריר 150 גרם,CHOCOLATE Q,BE,טראפל שוקולד בלגי מר,גרמים,150.00,100 גרם,false,,14.90,0.0993,true,1,300246
5601008200444,false,עוגיות גודיס טבעות מצופות שוקולד חלב מרבה 150 גרם,הנסיך- מפעל לייצור ט,PT,גודיס עוגיות טבעת מצ,גרמים,150.00,100 גרם,false,,6.90,0.0460,true,1,21388
5601008200451,false,עוגיות גודיס טבעות מצופות שוקולד מריר מרבה 150 גרם,מרבה Merba,PT,גודיס עוגיות טבעת מצ,גרמים,150.00,100 גרם,false,,6.90,0.0460,true,1,21389
5601008200468,false,עוגיות גודיס טבעות מצופות שוקולד לבו מרבה 150 גרם,קריניציה ויטמינה אס,PT,גודיס עוגיות טבעת מצ,גרמים,150.00,100 גרם,false,,6.90,0.0460,true,1,21390
5601010211087,false,פילה סרדין בשמן זית כתית 100 גר רמירז,רמירז אנד קה פילהאוס,PT,פילה סרדין בשמן זית,גרמים,100.00,100 גרם,false,,14.90,0.1490,true,1,47860
5601217129420,false,וולייט דפים למניעת העברת צבע 20 יחידות,רקיט בן קיזר,IT,וולייט דפים 20 יח',יחידה,0.00,יחידה,false,,21.90,0.0000,true,1,20850
5604912415058,false,סרדינים פורטוס בשמן חמניות חריף 125 גרם,פורטוס Porthos,PT,סרדינים בשמן חמניה ח,גרמים,125.00,100 גרם,false,,7.50,0.0600,true,1,5278
5701932026971,false,הוטפופ גרעיני תירס להכנת פופקורן במיקרוגל בטעם חמאה 600 גרם,ליימן מותגים,US,הוט פופ פופקורן בטעם,גרמים,600.00,100 גרם,false,,16.90,0.0282,true,1,12729
5711953106583,false,גבינת שמנת בטעם טבעי 200 גרם ארלה,ארלה פודס אמבה,DK,ארלה גבינת שמנת טבעי,גרמים,200.00,100 גרם,false,,16.90,0.0845,true,1,23221
5711953106590,false,גבינת שמנת ארלה שמנת שום 200 גרם,ארלה פודס אמבה,DK,ארלה גבינת שמנת שום,גרמים,200.00,100 גרם,false,,16.90,0.0845,true,1,23222
5711953106606,false,גבינת שמנת עם תבלינים ועשבי תיבול 23.5%,ארלה פודס אמבה,DK,ארלה גבינת שמנת עשבי,גרמים,200.00,100 גרם,false,,16.90,0.0845,true,1,23223
5740900403215,false,ממרח מחמאת לורפק עם מלח 250 ג',ארלה פודס אמבה,DK,ממרח לורפק עם מלח 25,גרמים,250.00,100 גרם,false,,19.90,0.0796,true,1,23224
5740900403222,false,ממרח לורפק חמאה עם מלח מופחת שומן 250 ג,ארלה פודס אמבה,DK,ממרח לורפק עם מלח מו,גרמים,250.00,100 גרם,false,,19.90,0.0796,true,1,23225
5740900403239,false,ממרח לורפק ללא תוספת מלח 250 גר,ארלה פודס אמבה,DK,ממרח לורפק ללא מלח 2,גרמים,250.00,100 גרם,false,,19.90,0.0796,true,1,23226
5740900403246,false,ממרח לורפק ללא תוספת מלח 500 גר,ארלה פודס אמבה,DK,ממרח לורפק ללא מלח 5,גרמים,500.00,100 גרם,false,,29.90,0.0598,true,1,23227
5740900403253,false,ממרח מחמאת לורפק עם מלח 500 ג',ארלה פודס אמבה,DK,ממרח לורפק עם מלח 50,גרמים,500.00,100 גרם,false,,29.90,0.0598,true,1,23228
5765220150618,false,קוצץ איכותי,,,קוצץ איכותי,יחידה,0.00,יחידה,false,,6.90,0.0000,true,1,169035
5765220190140,false,עטרות נייר אפייה 1.5 130 יח',,,עטרות נייר לאפייה 1.,יח',130.00,יח',false,,3.90,0.0300,true,1,116723
5765220190157,false,עטרות נייר אפייה 2- 130 יחידות,,,עטרות נייר לאפייה 2,יח',130.00,יח',false,,5.50,0.0423,true,1,116736
5765220190171,false,עטרות נייר אפייה 5 -130 יחידות,,,עטרות נייר לאפייה 4,יח',130.00,יח',false,,5.90,0.0454,true,1,116750
5765220190546,false,סביבון טורבו אורות מנגן,,,סביבון טורבו אורות מ,יחידה,0.00,יחידה,false,,15.90,0.0000,true,1,102833
5765571206613,false,נר נשמה 9 ימים בפלסטיק,,,נר נשמה 9 ימים בפלסט,יחידה,0.00,יחידה,false,,11.90,0.0000,true,1,341594
5900020012814,false,דגנים תפוחים בטעם שוקולד נסקוויק נסטלה 500 גרם,מיוצר עי קונדיטוריית,PL,דגני בוקר נסקוויק נס,גרמים,500.00,100 גרם,false,,27.90,0.0558,true,1,18386
5900020018908,false,פיטנס חטיפי אנרגיה דגנים בטעם קרם עוגיות נסטלה 6*23.5 גרם,מיוצר עי קונדיטוריית,PL,פיטנס חטיף דגנים קרם,גרמים,141.00,100 גרם,false,,17.90,0.1270,true,1,18388
5900020020710,false,נסטלה - קראנץ' שוקו וניל חטיף דגנים 25 גרם * 6,נסטלה פולין ברים,PL,חטיף דגנים קראנץ בר,גרמים,150.00,100 גרם,false,,16.90,0.1127,true,1,18390
5900020024770,false,פיטנס - דליס חטיף דגנים שוקולד אגוז 22.50 גרם * 6,נסטלה פולין ברים,PL,פיטנס בר דליס שוקולד,גרמים,135.00,100 גרם,false,,17.90,0.1326,true,1,18394
5900020025647,false,חטיף דגנים פיטנס שוקולד חלב 135 גרם מארז 6 יחידות,מיוצר עי קונדיטוריית,PL,פיטנס בר דליס שוקולד,גרמים,135.00,100 גרם,false,,17.90,0.1326,true,1,18397
5900020026552,false,דגני בוקר האני נאט צ'יריוס בטעם דבש ושקדים,נסטלה צרפת איטנקורט,FR,האני נאט ציריוס נסטל,גרמים,625.00,100 גרם,false,,27.90,0.0446,true,1,18402
5900020029669,false,פיטנס - חטיף דגנים פירות יער 23.50 גרם * 6,נסטלה פולין דגני בוק,PL,פיטנס חטיף דגנים פיר,גרמים,141.00,100 גרם,false,,17.90,0.1270,true,1,18404
5900020033314,false,חטיף דגני בוקר Lion בטעם קרמל ושוקולד על קרם חלב,נסטלה פולין דגני בוק,PL,חטיף דגנים ליון נסטל,גרמים,150.00,100 גרם,false,,16.90,0.1127,true,1,18407
5900020034991,false,דגני בוקר צדפים בטעם שוקולד 450 ג' קראנץ',סי. פי. פולין,PL,קראנץ' צדפים בטעם שו,גרמים,450.00,100 גרם,false,,27.90,0.0620,true,1,18409
5900020036407,false,ליון דגני בוקר שוקולד וקרמל נסטלה 480 גרם,נסטלה פולין דגני בוק,PL,דגני בוקר שוקולד וקר,גרמים,480.00,100 גרם,false,,27.90,0.0581,true,1,66759
5900020037916,false,דגני בוקר שיבולת שועל צ'ריוס 375ג',ג'נרל מילס סאן אדריא,PL,צ'יריוס שיבולת שועל,גרמים,375.00,100 גרם,false,,17.90,0.0477,true,1,156745
5900020041142,false,קורנפלקס פיטנס 500 ג' אסם,נסטלה צרפת איטנקורט,PL,קורנפלקס פיטנס 500גר,גרמים,500.00,100 גרם,false,,13.90,0.0278,true,1,353308
5900627063233,false,טבליות למדיח הכל ב-1 פיניש מקס 50 יחידות,רקיט בנקיזר,PL,50 יח AIO טבליות פינ,גרמים,800.00,100 גרם,false,,41.90,0.0524,true,1,20865
5902198160403,false,XL משקה אנרגיה מוגז ללא סוכר עד 10 קלוריות לפחית 250 מל,"טמפו משקאות בע""\מ",IL,אקס אל משקה אנרגיה ט,מיליליטרים,250.00,"100 מ""ל",false,,4.90,0.0196,true,1,9288
5904941750312,false,"משקה אנרגיה BLU מוחיטו בודד 250 מ""ל",אקו - ביט,PL,בלו בודד מוחיטו 250,מיליליטרים,250.00,"100 מ""ל",false,,4.50,0.0180,true,1,1813
5904941751241,false,"משקה אנרגיה BLU דיי סיקס ללא סוכר 250 מ""ל",אקו - ביט,PL,בלו דיי סיקס משקה אנ,מיליליטרים,250.00,"100 מ""ל",false,,4.10,0.0164,true,1,86509
5904941751302,false,"משקה אנרגיה בלו 250 מ""ל- בודד",אקו - ביט,PL,בלו משקה אנרגיה 250,מיליליטרים,250.00,"100 מ""ל",false,,4.50,0.0180,true,1,1814
5904941751920,false,בלו משקה אנרגיה דיי חצי מכמות הקלו250 מל,אקו - ביט,PL,בלו משקה אנרגיה דיי,מיליליטרים,250.00,"100 מ""ל",false,,4.50,0.0180,true,1,1819
5906485301012,false,"משקה אנרגיה XL פחית 250 מ""ל","טמפו משקאות בע""מ",IL,אקס אל משקה אנרגיה 2,מיליליטרים,250.00,"100 מ""ל",false,,4.90,0.0196,true,1,9289
5941021001674,false,טבלת שוקולד היידי גראנדור 80% 80 ג',היידי שוקולד בירונטי,,טבלת היידי גראנדור 8,גרמים,80.00,100 גרם,false,,11.90,0.1488,true,1,279023
5941021004309,false,"שוקולד היידי גראנדור פלורנטין, 100 ג'",היידי שוקולד בירונטי,,טבלת היידי גראנדור פ,גרמים,100.00,100 גרם,false,,11.90,0.1190,true,1,279140
5941021007577,false,טבלת שוקולד פיסטוק היידי גראנדור 80 ג',היידי שוקולד בירונטי,,טבלת היידי גראנדור פ,גרמים,80.00,100 גרם,false,,11.90,0.1488,true,1,279125
5941021016401,false,טבלת שוקולד מריר שקד היידי גראנדור 100 ג',היידי שוקולד בירונטי,PL,טבלת היידי גראנדור מ,גרמים,100.00,100 גרם,false,,11.90,0.1190,true,1,279109
6102017501939,false,מצת להבה לגז brico {במעמד},,CN,מצת מהודר,יחידה,0.00,יחידה,false,,9.90,0.0000,true,1,31069
6111094000013,false,"קוסקוס דארי בינוני תומר 1 ק""ג",דארי קוספאט אס. איי. או,MA,קוסקוס בינוני דארי 1,קילוגרמים,1.00,"ק""ג",false,,17.90,17.9000,true,1,24920
6111094000259,false,קוסקוס דארי בינוני תומר 500ג',דארי קוספאט אס. איי. או,MA,קוסקוס בינוני דארי 5,גרמים,500.00,100 גרם,false,,10.90,0.0218,true,1,24924
6820180058110,false,כף אשפה פלסטיק,,,כף אשפה פלסטיק,יחידה,0.00,יחידה,false,,6.90,0.0000,true,1,238931
6899945609386,false,מסננת כיור איכותית,,,מסננת כיור איכותית,יחידה,0.00,יחידה,false,,6.90,0.0000,true,1,165546
6899945609621,false,מסננת כיור איכותית,,,מסננת כיור איכותית,יחידה,0.00,יחידה,false,,6.90,0.0000,true,1,165547
6900024600672,false,מברשת לסלה+כוס,,,מברשת לסלה+כוס,יחידה,0.00,יחידה,false,,8.90,0.0000,true,1,307290
6900024600696,false,פומפיה גומית+מקל,,,פומפיה גומית+מקל,יחידה,0.00,יחידה,false,,6.90,0.0000,true,1,307275
6902019042023,false,מטוסי קלקר להרכבה 12 יח',,,מטוסי קלקר להרכבה 12,יחידה,0.00,יחידה,false,,10.00,0.0000,true,1,13095
6902019042061,false,מארז בלונים 50 יח קרביץ,,IL,מארז בלונים 50 יח,יחידה,0.00,יחידה,false,,10.90,0.0000,true,1,13097
6910191800287,false,אצות נורי בלו 10 דף (ננגטונג),ננטונג היידה אקווטוק,CN,אצות נורי לסושי מזרח,גרמים,25.00,100 גרם,false,,11.90,0.4760,true,1,47530
6918647655351,false,דבק דו צדדי זוג 1.7*,,,דבק דו צדדי זוג 1.7*,יחידה,0.00,יחידה,false,,9.90,0.0000,true,1,285884
6920185430222,false,"חול קינטי מארז 1 ק""ג",,,"חול קינטי מארז 1 ק""ג",קילוגרמים,1.00,"ק""ג",false,,25.00,25.0000,true,1,13104
6920190410059,false,כוסות נייר אפיה קטן (קאפקייקס) 50יח,,CN,נייר מאפינס קטנים לא,יחידה,0.00,יחידה,false,,12.90,0.0000,true,1,13109
6920354822223,false,משחת שיניים נטורל גינגר קוקוס קולגייט 90 ג',קולגייט פלמוליב,PL,משחת שיניים קולגייט,מיליליטרים,68.00,"100 מ""ל",false,,33.90,0.4985,true,1,162112
6923450656310,false,"תותח קונפטי 40 ס""מ בשקית",,,תותח קונפטי,יח',1.00,יח',false,,9.90,9.9000,true,1,219105
6980531007584,false,קולפן מטאלי איכותי,,,קולפן מטאלי איכותי,יחידה,0.00,יחידה,false,,25.90,0.0000,true,1,307293
6992021040506,false,בלונים מהודרים 10 יחידות,,,בלוני נקודות 10 יחי,יחידה,0.00,יחידה,false,,7.90,0.0000,true,1,236964
7038516140357,false,מברשת שיניים ג'ורדן טוטל סופט מארז 4 יחידות,מיוצר במלזיה עבור ג',NO,מב.שיניים טוטאל קלין,יחידה,0.00,יחידה,false,,10.00,0.0000,true,1,5709
7046110030608,false,גורדן זוג מברשות שיניים טרגט סנסיטיב,דנטלון,MY,זוג מברשות סנסטיב ג',יחידה,0.00,יחידה,false,,24.90,0.0000,true,1,5715
7108325041739,false,סט 3 מגבות מטבח,,,סט 3 מגבות מטבח,יחידה,0.00,יחידה,false,,19.90,0.0000,true,1,205076
7262626088173,false,גרבי אנגורה נשים,,,גרבי אנגורה נשים,יחידה,0.00,יחידה,false,,9.90,0.0000,true,1,113459
7262626088272,false,מטריה סיליקון שחור ח,,,מטריה סיליקון שחור ח,יחידה,0.00,יחידה,false,,39.90,0.0000,true,1,225756
7262626088289,false,מטריה סיליקון נקודות,,,מטריה סיליקון נקודות,יחידה,0.00,יחידה,false,,39.90,0.0000,true,1,225757
7262626111222,false,בובה דובי,,,בובה דובי,יחידה,0.00,יחידה,false,,19.90,0.0000,true,1,156808
7290000000104,false,סנדוויץ' עובד,ביכורי השקמה,,סנדוויץ' עובד,יחידה,0.00,יחידה,false,,5.00,0.0000,true,1,34410
7290000000978,true,חסה כשר,,,חסה כשר,יח',1.00,יח',false,,6.90,6.9000,true,1,47692
7290000000985,true,פטרוזיליה כשר,,,פטרוזיליה כשר,יח',1.00,יח',false,,5.90,5.9000,true,1,47693
7290000001056,false,לחם אחיד 750 גרם,,,לחם אחיד 750 גרם,גרמים,750.00,100 גרם,false,,5.10,0.0068,true,1,4456
7290000001110,false,לחמניה עגולה לבנה,,,לחמניה עגולה לבנה,יח',1.00,יח',false,,4.00,4.0000,true,1,2441
7290000001579,true,סלרי אמריקאי כשר,,,סלרי אמריקאי כשר,יח',1.00,יח',false,,6.90,6.9000,true,1,47695
7290000001586,true,שמיר כשר,,,שמיר כשר,יח',1.00,יח',false,,5.90,5.9000,true,1,47696
7290000001593,true,נענע כשר,,,נענע כשר,יח',1.00,יח',false,,5.90,5.9000,true,1,47697
7290000001609,true,מנגולד כשר,,,מנגולד כשר,יח',1.00,יח',false,,6.90,6.9000,true,1,47698
7290000003503,false,כנפיים עוף טרי,,,כנפיים עוף טרי,קילוגרמים,1.00,"ק""ג",true,,11.90,11.9000,true,1,26499
7290000004444,false,שקיות גופיה 20 מקרו,,,שקיות גופיה 20 מקרו,יחידה,0.00,יחידה,false,,0.10,0.0000,true,1,297555
7290000009350,false,בשר טחון טרי,,,בשר טחון טרי,קילוגרמים,1.00,"ק""ג",true,,37.90,37.9000,true,1,311147
7290000009351,false,בשר טחון חלק טרי,,,בשר טחון חלק טרי,קילוגרמים,1.00,"ק""ג",true,,49.90,49.9000,true,1,311296
7290000009352,false,בשר טחון פרימיום טרי,,,בשר טחון פרימיום טרי,קילוגרמים,1.00,"ק""ג",true,,49.90,49.9000,true,1,311401
7290000009354,false,צלעות בקר טרי,,,צלעות בקר טרי,קילוגרמים,1.00,"ק""ג",true,,59.90,59.9000,true,1,311582
7290000009358,false,כתף בקר טרי,,,כתף בקר טרי,קילוגרמים,1.00,"ק""ג",true,,64.90,64.9000,true,1,311668
7290000009362,false,צלי כתף טרי,,,צלי כתף טרי,קילוגרמים,1.00,"ק""ג",true,,89.90,89.9000,true,1,311802
7290000009366,false,פילה מדומה טרי,,,פילה מדומה טרי,קילוגרמים,1.00,"ק""ג",true,,74.90,74.9000,true,1,311686
7290000009374,false,אנטריקוט טרי,,,אנטריקוט טרי,קילוגרמים,1.00,"ק""ג",true,,129.90,129.9000,true,1,312355
7290000009389,false,אסאדו טרי,,,אסאדו טרי,קילוגרמים,1.00,"ק""ג",true,,69.90,69.9000,true,1,312458
7290000009397,false,אוסובוקו טרי,,,אוסובוקו טרי,קילוגרמים,1.00,"ק""ג",true,,64.90,64.9000,true,1,312193
7290000009398,false,אוסובוקו חלק טרי,,,אוסובוקו חלק טרי,קילוגרמים,1.00,"ק""ג",true,,64.90,64.9000,true,1,312338
7290000009421,false,עצמות בקר טרי,,,עצמות בקר טרי,קילוגרמים,1.00,"ק""ג",true,,39.90,39.9000,true,1,316332
7290000009456,false,צוואר עגל טרי,,,צוואר עגל טרי,קילוגרמים,1.00,"ק""ג",true,,54.90,54.9000,true,1,323498
7290000009461,false,חזה ע.ע טרי,,,חזה ע.ע טרי,קילוגרמים,1.00,"ק""ג",true,,49.90,49.9000,true,1,323224
7290000009462,false,צוואר ע.ע טרי,,,צוואר ע.ע טרי,קילוגרמים,1.00,"ק""ג",true,,49.90,49.9000,true,1,323240
7290000009464,false,אנטריקוט ע.ע טרי,,,אנטריקוט ע.ע טרי,קילוגרמים,1.00,"ק""ג",true,,94.90,94.9000,true,1,323299
7290000014510,false,חסה עגולה,,,חסה עגולה,יח',1.00,יח',false,,6.90,6.9000,true,1,50909
7290000023007,false,"ברנדי שטוק 84 37 % 750 מ""ל","יקבי ברקן בע""ם",IL,"ברנדי שטוק 84 750 מ""",מיליליטרים,750.00,"100 מ""ל",false,,80.90,0.1079,true,1,9296
7290000024523,false,"תירוש של סגל ,מיץ ענבים , 1 ליטר",כרמי צבי - האחים סגל,IL,תירוש של סגל 1 ליטר,ליטרים,1.00,ליטר,false,,15.90,15.9000,true,1,9328
7290000039237,false,צאך עגל טרי,,,צאך עגל טרי,קילוגרמים,1.00,"ק""ג",true,,89.90,89.9000,true,1,1723
7290000039238,false,שפיץ צאך עגל טרי,,,שפיץ צאך עגל טרי,קילוגרמים,1.00,"ק""ג",true,,89.90,89.9000,true,1,1724
7290000040042,false,יופלה יוגורט תות %3 גביע 150 גרם,תנובה חלב,IL,יופלה תות שובב 3% 15,מיליליטרים,150.00,"100 מ""ל",false,,5.60,0.0373,true,1,25700
7290000040066,false,יופלה יוגורט דובדבן %3 גביע 150 גרם,תנובה מרכז שיתופי לש,IL,יופלה דובדבן פראי 3%,מיליליטרים,150.00,"100 מ""ל",false,,5.60,0.0373,true,1,25701
7290000040080,false,יופלה יוגורט אפרסק %3 גביע 150 גרם,תנובה חלב,IL,יופלה אפרסק מאוהב 3%,מיליליטרים,150.00,"100 מ""ל",false,,5.60,0.0373,true,1,25702
7290000040974,false,חלב דל לקטוז 2% תנובה קרטון 1 ליטר,תנובה מרכז שיתופי לש,IL,חלב תנובה קרטון דל ל,ליטרים,1.00,ליטר,false,,7.50,7.5000,true,1,25707
7290000041407,false,"גיל קטן 3% תנובה 125 מ""ל בד""ץ",תנובה מרכז שיתופי לש,IL,"גיל 3% בד""צ 125 מ""ל",מיליליטרים,125.00,"100 מ""ל",false,,0.90,0.0072,true,1,25708
7290000041858,false,"שמנת חמוצה 15% מועשרת יטבתה 200 מ""ל",שטראוס גרופ,IL,יטבתה שמנת חמוצה 15%,מיליליטרים,200.00,"100 מ""ל",false,,2.90,0.0145,true,1,23230
7290000041865,false,"לבן 4.5% שומן מהדרין ""יטבתה""",שטראוס גרופ,IL,יטבתה לבן 4.5% 200מל,מיליליטרים,200.00,"100 מ""ל",false,,2.50,0.0125,true,1,23231
7290000042015,false,"חלב שתייה תנובה בד""צ בשקית 1 ליטר",תנובה מרכז שיתופי לש,IL,חלב תנובה טרי שקית,יחידה,0.00,יחידה,false,,5.43,0.0000,true,1,25712
7290000042404,false,חלב 3% בשקית יטבתה 1 ליטר מהדרין,שטראוס גרופ,IL,יטבתה חלב מועשר שקית,ליטרים,1.00,ליטר,false,,5.90,5.9000,true,1,23233
7290000042435,false,חלב דל שומן בקרטון+פקק תנובה 1 ליטר,תנובה מרכז שיתופי לש,IL,חלב תנובה בקרטון 1%,ליטרים,1.00,ליטר,false,,5.86,5.8600,true,1,25718
7290000042442,false,"חלב תנובה טרי 3% ""תנובה"" - מוצר בפיקוח",תנובה חלב,IL,חלב תנובה בקרטון רבנ,ליטרים,1.00,ליטר,false,,6.23,6.2300,true,1,25719
7290000042640,false,"חלב תנובה עמיד 3% קרטון 250 מ""ל",תנובה חלב,IL,חלב תנובה עמיד 3% מה,מיליליטרים,250.00,"100 מ""ל",false,,2.90,0.0116,true,1,25723
7290000042855,false,"שוקו בשקית 250 מ""ל ""יטבתה""",שטראוס גרופ,IL,יטבתה שוקו שקית 225,מיליליטרים,225.00,"100 מ""ל",false,,2.90,0.0129,true,1,23235
7290000043012,false,"שוקו עמיד 2% בקרטון 250 מ""ל תנובה",תנובה מרכז שיתופי לש,IL,שוק שוקו עמיד 2% בקר,מיליליטרים,250.00,"100 מ""ל",false,,4.90,0.0196,true,1,25725
7290000043111,false,חמאת תנובה 200ג רבנות,"תנובה, מחלבת תל יוסף",IL,חמאה תנובה רבנות 200,גרמים,200.00,100 גרם,false,,8.00,0.0400,true,1,25726
7290000043814,false,השף הלבן שמנת להקצפה 38% שומן 250 מל - מוצר בפיקוח,תנובה מרכז שיתופי לש,IL,שף לבן שמנת לקצפת עמ,מיליליטרים,250.00,"100 מ""ל",false,,6.47,0.0259,true,1,25728
7290000043890,false,תנובה רויון לבן מחלב מפסוטר 1.5%,תנובה מרכז שיתופי לש,IL,ריויון 1.5% 1ל,ליטרים,1.00,ליטר,false,,11.90,11.9000,true,1,25729
7290000043944,false,כד יוגורט תנובה 4% שומן 1.5 ליטר,מיוצר עי קונדיטוריית,IL,יוגורט כדים תנובה 1.,ליטרים,1.50,ליטר,false,,17.70,11.8000,true,1,25730
7290000044712,false,יוגורט עם תות 1.5% שומן 500 ג' פרילי,מיוצר עי קונדיטוריית,IL,פרילי תות 1.5% 500מל,מיליליטרים,500.00,"100 מ""ל",false,,10.90,0.0218,true,1,25734
7290000045580,false,גבינה מותכת נעמה חורש תנובה 240 גרם,תנובה מרכז שיתופי לש,IL,נעמה גבינת מותכת 25%,גרמים,240.00,100 גרם,false,,18.90,0.0787,true,1,25739
7290000045917,false,תנובה פרומעז גבינה מותכת מחלב עיזים 23% שומן,תנובה חלב,IL,תנובה גבינת פרומעז 2,גרמים,200.00,100 גרם,false,,27.90,0.1395,true,1,25741
7290000046327,false,גלבוע גבינה צהובה פרוסה 22% תנובה 200 גרם,תנובה מרכז שיתופי לש,IL,גלבוע גבינה פרוסה 22,גרמים,200.00,100 גרם,false,,13.30,0.0665,true,1,25742
7290000047546,false,השף הלבן כנען גבינה לבנה דלת נתרן 5% תנובה 500 גרם,תנובה מרכז שיתופי לש,IL,שף לבן כנען 5% 500ג,גרמים,500.00,100 גרם,false,,26.10,0.0522,true,1,25743
7290000048185,false,גבינה לבנה 5% תנובה 250 גרם מהדרין,מיוצר עי קונדיטוריית,IL,גבינה לבנה רכה 5% תנ,גרמים,250.00,100 גרם,false,,4.98,0.0199,true,1,25746
7290000048192,false,גבינה לבנה 9% תנובה 250 גרם מהדרין,מחלבת אלון תבור,IL,גבינה לבנה רכה 9% בד,גרמים,250.00,100 גרם,false,,5.00,0.0200,true,1,25747
7290000048307,false,גבינת קוטג' עם זיתים 5% תנובה 250 גרם,מיוצר עי קונדיטוריית,IL,קוטג תנובה עם זיתים,גרמים,250.00,100 גרם,false,,5.90,0.0236,true,1,25748
7290000048413,false,פיראוס חמד גבינה מלוחה 16% שומן,תנובה מרכז שיתופי לש,IL,פיראוס חמד 16% 250ג,גרמים,250.00,100 גרם,false,,20.90,0.0836,true,1,25749
7290000048437,false,פיראוס צפתית 5% שומן 200 גרם,פארייפאבה אגרואינדוס,IL,פיראוס צפתית 5% 200,גרמים,200.00,100 גרם,false,,15.60,0.0780,true,1,25750
7290000050454,false,יוגורט יופלה אפרסק 3% שומן 500 גרם,מיוצר עי קונדיטוריית,IL,יופלהYYY אפרסק 3% 50,מיליליטרים,500.00,"100 מ""ל",false,,13.80,0.0276,true,1,25758
7290000051307,false,"מארז הפסקת אוכל עם דגני עוגי ומשקה חלב עמיד בטעם וניל 150 מ""ל",תנובה מרכז שיתופי לש,IL,חלב תנובה הפ.אוכל עו,מיליליטרים,150.00,"100 מ""ל",false,,10.30,0.0687,true,1,25763
7290000051376,false,יוגורט יופלה דיאט אננס 0% שומן 150 גרם,תנובה מרכז שיתופי לש,IL,יופלה דיאט אננס ספור,מיליליטרים,150.00,"100 מ""ל",false,,5.60,0.0373,true,1,25765
7290000051710,false,פיראוס גבינת לאבנה אסלית על בסיס יוגורט תנובה 263 גרם,"תנובה, מחלבת אלון תב",IL,פיראוס לאבנה עם שמן,גרמים,263.00,100 גרם,false,,14.90,0.0567,true,1,25767
7290000052649,false,גבינת לאבנה 5% שומן 500 ג' פיראוס,תנובה מרכז שיתופי לש,IL,פיראוס לאבנה 5% 500ג,גרמים,500.00,100 גרם,false,,19.90,0.0398,true,1,25774
7290000052717,false,גבינת קוטג' שום שמיר 5% תנובה 250 גרם,מיוצר עי קונדיטוריית,IL,קוטג תנובה עם שום שמ,גרמים,250.00,100 גרם,false,,5.90,0.0236,true,1,25776
7290000055329,false,"משקה בוקר יוגורט 1.5% בטעם תות מלון יופלה 250 מ""ל",תנובה מרכז שיתופי לש,IL,יופלה משקה יוגורט תו,מיליליטרים,250.00,"100 מ""ל",false,,6.50,0.0260,true,1,25788
7290000055336,false,"משקה יוגורט 1.5% בטעם בננה אפרסק יופלה 250 מ""ל",תנובה מרכז שיתופי לש,IL,יופלה משקה יוגורט בנ,מיליליטרים,250.00,"100 מ""ל",false,,6.50,0.0260,true,1,25789
7290000055343,false,משקה יוגורט יופלה פירות טרופיים 250 גרם,תנובה מרכז שיתופי לש,IL,יופלה משקה יוגורט טר,מיליליטרים,250.00,"100 מ""ל",false,,6.50,0.0260,true,1,25790
7290000056845,false,תנובה חלב טרי 3% שומן 1.5 ליטר - מוצר בפיקוח,פארייפאבה אגרואינדוס,IL,חלב תנובה בקרטון 3%,ליטרים,1.50,ליטר,false,,9.34,6.2267,true,1,25804
7290000056883,false,שמיניית יוגורט יופלה 3% טעמים שונים 150 גרם,תנובה מרכז שיתופי לש,IL,יופלה טעמים משתנים 3,קילוגרמים,1.20,"ק""ג",false,,32.50,27.0833,true,1,25805
7290000056890,false,שמיניית דיאט יופלה 0% טעמים שונים 150 גרם,מיוצר עי קונדיטוריית,IL,יופלה דיאט טעמים שונ,קילוגרמים,1.20,"ק""ג",false,,32.50,27.0833,true,1,25806
7290000056906,false,מאגדת לבן טבעי 1.5% שומן 8 יח' * 150 ג' יופלה,מחלבת אלון תבור,IL,יופלה לבן 1.5% 8*150,ליטרים,1.20,ליטר,false,,18.70,15.5833,true,1,25807
7290000056951,false,"תנובה, השף הלבן, שמנת לבישול 15% שומן 500 מל",תנובה מרכז שיתופי לש,IL,שף לבן שמנת לבישול +,מיליליטרים,500.00,"100 מ""ל",false,,17.90,0.0358,true,1,25809
7290000057088,false,עמק גבינה צהובה פרוסה דק דק 28% תנובה 200 גרם,תנובה מרכז שיתופי לש,IL,עמק דק דק 28% 200גר,גרמים,200.00,100 גרם,false,,17.50,0.0875,true,1,25812
7290000057118,false,גבינה צהובה עמק 28% שומן ואקום 400 גרם,תנובה מרכז שיתופי לש,IL,עמק סמי 28% 400 גר,גרמים,400.00,100 גרם,false,,23.90,0.0597,true,1,25813
7290000057132,false,יוגורט תנובה טבעי 1.5% גביע 200 גרם,מחלבת אלון תבור,IL,תנובה יוגורט טבעי 1.,מיליליטרים,200.00,"100 מ""ל",false,,3.50,0.0175,true,1,25814
7290000057149,false,יוגורט תנובה טבעי 3% גביע 200 גרם,מיוצר עי קונדיטוריית,IL,תנובה יוגורט טבעי 3%,גרמים,200.00,100 גרם,false,,3.50,0.0175,true,1,25815
7290000057552,false,יופלה דיאט עוגת גבינה ותות 0% גביע 150ג',תנובה חלב,IL,יופלה דיאט ע.גבינה ו,מיליליטרים,150.00,"100 מ""ל",false,,5.60,0.0373,true,1,25818
7290000058030,false,"שמיניית יופלה שטוזים משקה יוגורט תות 100 מ""ל",מיוצר עי קונדיטוריית,IL,יופלה שטוזים משקה יו,מיליליטרים,800.00,"100 מ""ל",false,,21.90,0.0274,true,1,25820
7290000058047,false,שמנת להקצפה 38% 500מל מהדרין עמיד השף הלבן,תנובה מרכז שיתופי לש,IL,שף לבן שמנת מתוקה מה,מיליליטרים,500.00,"100 מ""ל",false,,12.94,0.0259,true,1,25821
7290000058979,false,גיל בטעם תות 3% שומן 125 ג' תנובה,תנובה מרכז שיתופי לש,IL,"גיל בטעם תות בד""צ 3%",גרמים,125.00,100 גרם,false,,2.00,0.0160,true,1,25827
7290000060088,false,בייגלה מקלות מלוחים אסם 400 גרם,מיוצר עי קונדיטוריית,IL,בייגלה אסם מקלות מלו,גרמים,400.00,100 גרם,false,,11.90,0.0298,true,1,18416
7290000060163,false,פסטה אסם אטריות דקות 400גר,"אסם תעשיות בע""מ",IL,אטריות דקות אסם 400,גרמים,400.00,100 גרם,false,,7.90,0.0198,true,1,18419
7290000060200,false,פסטה אסם פתיתים אפויים קוסקוס 500גר,"אסם תעשיות בע""מ",IL,פתיתים אפויים קוסקוס,גרמים,500.00,100 גרם,false,,7.90,0.0158,true,1,18420
7290000060217,false,פסטה מקרוני מספר 7 אסם 500 גרם,קריות זול,IT,פסטה מקרוני אסם 500,גרמים,500.00,100 גרם,false,,6.90,0.0138,true,1,18421
7290000060248,false,פסטה אסם פתיתים תלתלים 500 גר',קריות זול,IT,פסטה תלתלים אסם 500,גרמים,500.00,100 גרם,false,,6.90,0.0138,true,1,18422
7290000060316,false,פרפקטו ספגטי מס' 8 אסם 500 גרם,אסם פרפקטו,IT,פסטה ספגטי פרפקטו 50,גרמים,500.00,100 גרם,false,,7.90,0.0158,true,1,18424
7290000060330,false,פרפקטו פרפקטו ספיראלי גירף 500 גר,אסם פרפקטו,IT,פסטה ספירלי פרפקטו 5,גרמים,500.00,100 גרם,false,,7.90,0.0158,true,1,18426
7290000060408,false,פסטה אסם פתיתים אפויים טבעות 500 גר,"אסם השקעות בע""\מ",IL,פתיתים אפויים טבעות,גרמים,500.00,100 גרם,false,,7.90,0.0158,true,1,18428
7290000060576,false,פתיתים אפויים כוכבים אסם 500 גרם,"אסם השקעות בע""\מ",IL,פתיתים אפויים כוכבים,גרמים,500.00,100 גרם,false,,7.90,0.0158,true,1,18435
7290000060781,false,פסטה אסם פתיתים מסולסלים 500גר,קריות זול,IT,פסטה מסולסלים אסם 50,גרמים,500.00,100 גרם,false,,6.90,0.0138,true,1,18436
7290000060828,false,פסטה קרניים בינוניות אסם 500 גרם,קריות זול,IT,פסטה קרניים בינוניות,גרמים,500.00,100 גרם,false,,6.90,0.0138,true,1,18437
7290000060842,false,פסטה אסם פתיתים צדפים גדולים 500גר,קריות זול,IT,פסטה צדפים גדולים אס,גרמים,500.00,100 גרם,false,,6.90,0.0138,true,1,18438
7290000060880,false,פסטה ספגטי מספר 8 אסם 500 גרם,קריות זול,IT,ספגטי אסם 500 גרם,גרמים,500.00,100 גרם,false,,6.90,0.0138,true,1,18441
7290000060903,false,פסטה אסם פתיתים אפויים אורז 500גר,"אסם השקעות בע""\מ",IL,פתיתים אפויים אורז א,גרמים,500.00,100 גרם,false,,7.90,0.0158,true,1,18442
7290000060958,false,פסטה אסם אטריות בינוניות 400 גרם,"אסם השקעות בע""\מ",IL,אטריות בינוניות אסם,גרמים,400.00,100 גרם,false,,7.90,0.0198,true,1,18444
7290000060965,false,פסטה אסם אטריות רחבות 400גר,"אסם השקעות בע""\מ",IL,אטריות רחבות אסם 400,גרמים,400.00,100 גרם,false,,7.90,0.0198,true,1,18445
7290000061061,false,קרקר חיטה עם בצל אסם,"אסם השקעות בע""\מ",IL,אסם קרקר בצל 250גרם,גרמים,250.00,100 גרם,false,,9.90,0.0396,true,1,18447
7290000061085,false,"רוטב צילי מתוק 290 מ""ל-בקבוק","אסם השקעות בע""\מ",IL,אסם רוטב צ'ילי מתוק,מיליליטרים,290.00,"100 מ""ל",false,,12.90,0.0445,true,1,18448
7290000061764,false,קפה נמס מגורען רד מאג 200 גרם,נסטלה ספרד קפה,ES,נס קפה רד מאג טעם חד,גרמים,200.00,100 גרם,false,,23.90,0.1195,true,1,18454
7290000063102,false,קמח עוגה תופח מאליו אסם 350 גרם,"אסם השקעות בע""\מ",IL,קמח תופח קטן אסם 350,גרמים,350.00,100 גרם,false,,5.80,0.0166,true,1,18463
7290000063133,false,אסם שקדי מרק רכיבים טבעיים 24*100גרם,"אסם השקעות בע""מ",IL,שקדי מרק רכיבים טבעי,גרמים,100.00,100 גרם,false,,6.50,0.0650,true,1,18464
7290000063140,false,שקדי מרק רכיבים טבעיים בשקית 400 ג' אסם,"אסם תעשיות בע""מ",IL,שקדי מרק רכיבים טבעי,גרמים,400.00,100 גרם,false,,13.90,0.0348,true,1,18465
7290000063157,false,"קמח עוגה תופח מאליו אסם 1 ק""ג","אסם השקעות בע""\מ",IL,קמח עוגה תופח מאליו,קילוגרמים,1.00,"ק""ג",false,,10.00,10.0000,true,1,18466
7290000064758,false,קוסקוס בינוני אמיתי אסם 350 ג',"מיוצר ע""י קוד יצרן K",IL,קוסקוס אמיתי אסם 350,גרמים,350.00,100 גרם,false,,8.90,0.0254,true,1,18476
7290000064871,false,"אוסם - מנה חמה פירה תפו""א עם בצל 56 גרם","אסם תעשיות בע""מ",IL,"מנה חמה פירה תפו""א ו",גרמים,56.00,100 גרם,false,,6.90,0.1232,true,1,18477
7290000065090,false,מיני קרוטונים מתובלים למרק ולסלט אסם 400 גרם,עינת תעשיות מזון אגו,IL,מיני קרוטונים למרק ו,גרמים,400.00,100 גרם,false,,27.00,0.0675,true,1,18478
7290000065335,false,אוסם - מנה חמה פירה עם ירקות 55 גרם,"אסם תעשיות בע""מ",IL,מנה חמה פירה וירקות,גרמים,55.00,100 גרם,false,,6.90,0.1255,true,1,18480
7290000065557,false,אוסם - מנה חמה קוסקוס עם ירקות 84 גרם,"אסם תעשיות מזון בע""מ",IL,מנה חמה קוסקוס וירקו,גרמים,84.00,100 גרם,false,,6.90,0.0821,true,1,18482
7290000066141,false,ביסלי חטיף בטעם גריל אסם 70 גרם,"אסם השקעות בע""\מ",IL,ביסלי גריל 70 גר'.,גרמים,70.00,100 גרם,false,,4.90,0.0700,true,1,18490
7290000066172,false,ביסלי חטיף בטעם פיצה אסם 70 גרם,"אסם השקעות בע""\מ",IL,ביסלי פיצה 70גרם,גרמים,70.00,100 גרם,false,,4.90,0.0700,true,1,18493
7290000066196,false,ביסלי חטיף בטעם גריל אסם 200 גרם,מיוצר עי קונדיטוריית,IL,ביסלי גריל 200גרם,גרמים,200.00,100 גרם,false,,7.90,0.0395,true,1,18495
7290000066226,false,ביסלי חטיף בטעם פיצה אסם 200 גרם,מיוצר עי קונדיטוריית,IL,ביסלי טעם פיצה 200גר,גרמים,200.00,100 גרם,false,,7.90,0.0395,true,1,18498
7290000066264,false,דובונים חטיף תפוחי אדמה אסם 40 גרם,"אסם השקעות בע""\מ",IL,דובונים 40גרם,גרמים,40.00,100 גרם,false,,5.50,0.1375,true,1,18499
7290000066295,false,במבה מתוקה מחומרים טבעיים 30 גרם,מיוצר עי קונדיטוריית,IL,במבה מתוקה מחומרים ט,גרמים,30.00,100 גרם,false,,2.90,0.0967,true,1,18500
7290000066318,false,במבה חטיף בוטנים אסם 80 גרם,"אסם השקעות בע""\מ",IL,במבה קלאסי 80 גרם,גרמים,80.00,100 גרם,false,,4.90,0.0613,true,1,18502
7290000066332,false,אפרופו חטיף תירס אסם 50 גרם,מיוצר עי קונדיטוריית,IL,אפרופו 50 גרם,גרמים,50.00,100 גרם,false,,5.50,0.1100,true,1,18503
7290000066349,false,אפרופו חטיף תירס אסם 100 גרם,מיוצר עי קונדיטוריית,IL,אפרופו 100גרם,גרמים,100.00,100 גרם,false,,9.50,0.0950,true,1,18504
7290000066431,false,פופקו חטיף פופקורן בטעם חמאה ודבש אסם 80 גרם,מיוצר עי קונדיטוריית,IL,פופקו חמאה ודבש 80גר,גרמים,80.00,100 גרם,false,,5.90,0.0738,true,1,18505
7290000067544,false,פירורית זהב פירורי לחם אסם 200 גרם,עינת תעשיות מזון אגו,IL,אסם פירורית פירורי ל,גרמים,200.00,100 גרם,false,,6.50,0.0325,true,1,18514
7290000067599,false,מנה חמה ספגטי ברוטב בולונז אסם 65 גרם,"אסם השקעות בע""\מ",IL,מנה חמה ספגטי בולונז,גרמים,65.00,100 גרם,false,,6.90,0.1062,true,1,18518
7290000068138,false,אינסטנט פודינג בטעם וניל אסם 80 גרם,מיוצר עי קונדיטוריית,IL,אסם פודינג אינסטנט ו,גרמים,80.00,100 גרם,false,,6.50,0.0813,true,1,18524
7290000068190,false,אסם ג'לי תות שדה צבעים טבעיים 90 גרם,מיוצר עי קונדיטוריית,IL,אסם ג'לי תות שדה צבע,גרמים,90.00,100 גרם,false,,7.50,0.0833,true,1,18528
7290000068701,false,אסם שקדי מרק רכיבים טבע.מיכל 400 גרם,"אסם תעשיות בע""מ",IL,שקדי מרק במיכל אסם 4,גרמים,400.00,100 גרם,false,,16.90,0.0422,true,1,18535
7290000069258,false,פסטה פרפקטו פנה ריגאטה 500 ג' אסם,קריות זול,IT,פנה ריגאטה פרפקטו 50,גרמים,500.00,100 גרם,false,,7.90,0.0158,true,1,18541
7290000070308,false,אבקת מרק עוף אמיתי בשרי אסם 400 גרם,"אסם השקעות בע""\מ",IL,מרק עוף אמיתי אסם 40,גרמים,400.00,100 גרם,false,,24.90,0.0622,true,1,18552
7290000070322,false,אבקת מרק פטריות רכיבים טבעיים אסם 400 גרם,"אסם השקעות בע""\מ",IL,אבקת מרק פטריות רכיב,גרמים,400.00,100 גרם,false,,29.50,0.0738,true,1,18553
7290000072241,false,"רוטב פיצה 290 מ""ל-בקבוק","אסם השקעות בע""\מ",IL,אסם רוטב פיצה 290מל,מיליליטרים,290.00,"100 מ""ל",false,,12.90,0.0445,true,1,18568
7290000072623,false,קטשופ אסם בקבוק לחיץ 750 גרם,"אסם תעשיות בע""מ",IL,אסם קטשופ בקבוק לחיץ,גרמים,750.00,100 גרם,false,,11.90,0.0159,true,1,18570
7290000072630,false,קטשופ אסם חריף 750 גרם-בקבוק,"אסם תעשיות בע""מ",IL,אסם קטשופ חריף 750 ג,גרמים,750.00,100 גרם,false,,11.90,0.0159,true,1,18571
7290000072753,false,קפה נמס מגורען טסטרס צ'ויס 200 גרם-,נסטלה קוריאה - קפה,KR,נס קפה טייסטרס צ'ויס,גרמים,200.00,100 גרם,false,,32.90,0.1645,true,1,18573
7290000072777,false,קפה נמס מגורען נטול קפאין טסטרס צ'ויס 200 גרם,נסטלה קוריאה - קפה,KR,טייסטרס צוייס נטול ק,גרמים,200.00,100 גרם,false,,40.90,0.2045,true,1,18575
7290000072968,false,דגני בוקר סיני מיניס חיטה מלאה וקינמון נסטלה 500 גרם,נסטלה פולין דגני בוק,PL,סיני מיניס דגני נסטל,יחידה,500.00,יחידה,false,,27.90,0.0558,true,1,18581
7290000073125,false,מנה חמה פסטה ברוטב עגבניות אסם 62 גרם,"אסם השקעות בע""\מ",IL,מנה חמה פסטה עם עגבנ,גרמים,62.00,100 גרם,false,,6.90,0.1113,true,1,18582
7290000073750,false,מנה חמה נודלס אטר+ירקות טעם עוף 70 גרם,PUB FOODS PRESIDENT THAI,TH,מנה חמה נודלס בטעם ע,גרמים,70.00,100 גרם,false,,6.90,0.0986,true,1,18585
7290000073767,false,מנה חמה נודלס אטר.+ירקות טעם בקר 70 גרם,PUB FOODS PRESIDENT THAI,TH,מנה חמה נודלס בטעם ב,גרמים,70.00,100 גרם,false,,6.90,0.0986,true,1,18586
7290000073774,false,מנה חמה נודלס אטר+ירקות טעם צילי 70 גרם,טאי רזידנט,TH,מנה חמה נודלס בטעם פ,גרמים,70.00,100 גרם,false,,6.90,0.0986,true,1,18587
7290000074153,false,ביסקוויט פתי בר שוקולד אסם 500 גרם,מיוצר עי קונדיטוריית,IL,אסם פתי בר שוקו 500ג,גרמים,500.00,100 גרם,false,,14.90,0.0298,true,1,18591
7290000074184,false,ביסקוויט פתי בר אסם 500 גרם,"אסם השקעות בע""\מ",IL,אסם פתי בר 500גרם.,גרמים,500.00,100 גרם,false,,10.90,0.0218,true,1,18593
7290000074245,false,אוסם - קרם קרקר אסם 250 גרם,"אסם השקעות בע""\מ",IL,אסם קרם קרקר 250גרם,גרמים,250.00,100 גרם,false,,10.90,0.0436,true,1,18594
7290000074252,false,קרקר שומשון אסם 250 גרם,"אסם השקעות בע""\מ",IL,אסם קרקר שומשום 250ג,גרמים,250.00,100 גרם,false,,10.90,0.0436,true,1,18595
7290000074276,false,קרקר פיקנטי טבעון 250 ג' אסם,"אסם השקעות בע""\מ",IL,טבעון קרקר פיקנטי 25,גרמים,250.00,100 גרם,false,,10.90,0.0436,true,1,18596
7290000074375,false,אוסם - קרקר זהב 150 גרם,"אסם השקעות בע""\מ",IL,אסם קרקר זהב 150גרם,גרמים,150.00,100 גרם,false,,8.50,0.0567,true,1,18599
7290000074696,false,אסם קרם קרקר 4*1קג ח,"אסם השקעות בע""\מ",IL,אסם קרם קרקר 1קג,קילוגרמים,1.00,"ק""ג",false,,24.90,24.9000,true,1,18603
7290000075693,false,עוגת הבית שמרים בריוש שוקולד אסם 360 גרם,מיוצר עי קונדיטוריית,IL,עוגת שמרים בריוש שוק,גרמים,360.00,100 גרם,false,,15.90,0.0442,true,1,18612
7290000076126,false,אוסם - בייגלה שמיניות קטנות 80 גרם,"אסם השקעות בע""\מ",IL,אסם בייגלה שמיניות ק,גרמים,80.00,100 גרם,false,,3.90,0.0487,true,1,18613
7290000076133,false,בייגלה שמיניות קטנות עם מלח אסם 400 גרם,"אסם השקעות בע""\מ",IL,בייגלה אסם שמיניות ק,גרמים,400.00,100 גרם,false,,11.90,0.0298,true,1,18614
7290000078212,false,קרוטונים מתובלים למרק אסם 250 גרם,עינת תעשיות מזון אגו,IL,קרוטונים מתובלים אסם,גרמים,250.00,100 גרם,false,,15.90,0.0636,true,1,18622
7290000080758,false,אוסם - טוסטעים פת קלוי 100 גרם,ון דר מולן האלום,NL,טוסטעים פת קלוי אסם,גרמים,100.00,100 גרם,false,,10.90,0.1090,true,1,18627
7290000080765,false,טוסטעים פת קלויה עם שומשום אסם 100 גרם,ון דר מולן האלום,NL,טוסטעים פת קלויה עם,גרמים,100.00,100 גרם,false,,10.90,0.1090,true,1,18628
7290000081663,false,"בייגלה טבעות שומשום אסם 300 גרם בד""ץ",מיוצר עי קונדיטוריית,IL,בייגלה אסם טבעות שומ,גרמים,300.00,100 גרם,false,,11.90,0.0397,true,1,18630
7290000085180,false,גטניו פתי בר וניל 470 גרם,"אחים גטניו בע""מ",IL,גטניו - פתיבר וניל 4,גרמים,470.00,100 גרם,false,,9.90,0.0211,true,1,41215
7290000101132,false,לקט קטניות לחמין סנפרוסט 800 גר,"סנפרוסט בע""\מ",IL,לקט קטניות לחמין 800,גרמים,800.00,100 גרם,false,,21.90,0.0274,true,1,25454
7290000101927,false,אוכמניות כחולות מוקפאות סנפרוסט 300 גרם,"איי, בי, אינבוו",IL,אוכמניות כחולות מוקפ,גרמים,300.00,100 גרם,false,,18.90,0.0630,true,1,25456
7290000101934,false,מיקס פירות יער מוקפאות 300 ג' סנפרוסט,"סנפרוסט בע""\מ",IL,מיקס פירות יער 300 ג,גרמים,300.00,100 גרם,false,,18.90,0.0630,true,1,25457
7290000103365,false,מרק ירקות עשיר סנפרוסט 550 גרם,"איי, בי, אינבוו",IL,סנפרוסט מרק ירקות 50,גרמים,500.00,100 גרם,false,,19.90,0.0398,true,1,25463
7290000103846,false,מרק אפונה עשיר בירקות סנפרוסט 570 גרם,"סנפרוסט בע""\מ",IL,סנפרוסט מרק אפונה קפ,גרמים,570.00,100 גרם,false,,19.90,0.0349,true,1,25494
7290000103860,false,מרק עדשים עשיר בירקות סנפרוסט 570 גרם,"איי, בי, אינבוו",IL,סנפרוסט מרק עדשים קפ,גרמים,572.00,100 גרם,false,,19.90,0.0348,true,1,25495
7290000103877,false,מרק שעועית עשיר בירקות סנפרוסט 640 גרם,"סנפרוסט בע""\מ",IL,סנפרוסט מרק שעועית ק,גרמים,644.00,100 גרם,false,,19.90,0.0309,true,1,25496
7290000104201,false,אפונה עדינה סנפרוסט 600 גרם,"איי, בי, אינבוו",IL,אפונה עדינה סנפרוסט,גרמים,600.00,100 גרם,false,,19.90,0.0332,true,1,25501
7290000104683,false,שעועית ירוקה שלמה סנפרוסט 800 גרם,"סנפרוסט בע""\מ",IL,שעועית שלמה סנפרוסט,גרמים,800.00,100 גרם,false,,22.90,0.0286,true,1,25506
7290000104690,false,תירס גרעינים 800 גרם סנפרוסט,"איי, בי, אינבוו",IL,תירס גרעינים 800גר,גרמים,800.00,100 גרם,false,,18.90,0.0236,true,1,25507
7290000104706,false,גזר גמדי סנפרוסט 800 גרם,"סנפרוסט בע""\מ",IL,גזר גמדי 800 גרם,גרמים,800.00,100 גרם,false,,18.90,0.0236,true,1,25508
7290000104720,false,שעועית ירוקה חתוכה סנפרוסט 800 גרם,"סנפרוסט בע""\מ",IL,שעועית ירוקה חתוכה ס,גרמים,800.00,100 גרם,false,,20.90,0.0261,true,1,25510
7290000104744,false,כרובית סנפרוסט 800 גרם,"סנפרוסט בע""\מ",IL,כרובית 800גר,גרמים,800.00,100 גרם,false,,27.90,0.0349,true,1,25512
7290000104768,false,תרד עלים סנפרוסט 800 ג ',"איי, בי, אינבוו",IL,תרד עלים 800 גרם,גרמים,800.00,100 גרם,false,,28.90,0.0361,true,1,25514
7290000104805,false,גרגירי חומוס מבושלים סנפרוסט 800 גרם,"איי, בי, אינבוו",IL,גרגירי חומוס קפוא 80,גרמים,800.00,100 גרם,false,,20.90,0.0261,true,1,25517
7290000104881,false,לקט אפונה וגזר סנפרוסט 800 גרם,"איי, בי, אינבוו",IL,אפונה וגזר 800 גרם ס,גרמים,800.00,100 גרם,false,,17.90,0.0224,true,1,25522
7290000104904,false,לקט ירקות מעורבים סנפרוסט 800 גרם,"איי, בי, אינבוו",IL,לקט ירקות מעורבים 80,גרמים,800.00,100 גרם,false,,23.90,0.0299,true,1,25523
7290000106526,false,ירקות מעורבים מוקפאים חגיגה ירוקה להקפצה,"איי, בי, אינבוו",IL,סנפרוסט חגיגה ירוקה,גרמים,800.00,100 גרם,false,,26.90,0.0336,true,1,25529
7290000107295,false,תפרחות ברוקולי סנפרוסט 800 גרם,"איי, בי, אינבוו",IL,תפרחות ברוקולי 800ג,גרמים,800.00,100 גרם,false,,28.90,0.0361,true,1,25533
7290000111186,false,"מיונז אמיתי תלמה 500 גרם בד""צ",יוניליוור ישראל מזון בע\,IL,מיונז אמיתי תלמה 500,גרמים,500.00,100 גרם,false,,10.40,0.0208,true,1,10094
7290000111353,false,"מיונז אמיתי תלמה 1 ק""ג",יוניליוור ישראל מזון בע\,IL,"מיונז 1 ק""ג",קילוגרמים,1.00,"ק""ג",false,,17.90,17.9000,true,1,10096
7290000111360,false,"חרדל אמיתי תלמה 250 גרם בד""צ",יוניליוור ישראל מזו,IL,חרדל אמיתי 250 גרם מ,גרמים,250.00,100 גרם,false,,7.90,0.0316,true,1,10097
7290000111384,false,חרדל אמיתי בצנצנת 550 ג' תלמה,יוניליוור ישראל מזו,IL,חרדל אמיתי תלמה 550,גרמים,550.00,100 גרם,false,,8.40,0.0153,true,1,10098
7290000112220,false,טחינה גולמית שומשום טהור בארכה 500 גרם,"רושדי תעשיות מזון בע""\מ",IL,בארכה טחינה 100% שומ,גרמים,500.00,100 גרם,false,,15.90,0.0318,true,1,18631
7290000112237,false,"טחינה גולמית שומשום טהור בארכה 1 ק""ג","רושדי תעשיות מזון בע""\מ",IL,בארכה טחינה 100% שומ,קילוגרמים,1.00,"ק""ג",false,,31.00,31.0000,true,1,18632
7290000112497,false,מרק עשיר עוף אטריות קנור 75 גרם - שקיות,יוניליוור ישראל מזון בע\,IL,מרק עשיר עוף עם אטרי,גרמים,68.00,100 גרם,false,,11.90,0.1750,true,1,10100
7290000116204,false,"אבקת מרק דגש בטעם עוף 1ק""ג קנור",יוניליוור ישראל מזון בע\,IL,מרק דגש עוף קנור 1 ק,קילוגרמים,1.00,"ק""ג",false,,16.90,16.9000,true,1,10115
7290000116884,false,"רוטב ברביקיו קנור 300 גרם בד""צ",יוניליוור ישראל מזון בע\,IL,רוטב ברביקיו קנור 20,מיליליטרים,200.00,"100 מ""ל",false,,13.90,0.0695,true,1,10116
7290000116921,false,רוטב צ'ילי מתוק 340 גרם קנור,יוניליוור ישראל מזון בע\,IL,רוטב צילי מתוק קנור,מיליליטרים,300.00,"100 מ""ל",false,,13.90,0.0463,true,1,10117
7290000116945,false,"רוטב סויה קלאסי קנור בד""צ 350 גרם",יוניליוור ישראל מזון בע\,IL,רוטב סויה קנור 300מל,מיליליטרים,300.00,"100 מ""ל",false,,13.90,0.0463,true,1,10118
7290000118352,false,לטקס תפוחי אדמה קנור 2*85 גרם,יוניליוור ישראל מזון בעמ,IL,קנור לטקס 2*85 גרם,גרמים,170.00,100 גרם,false,,13.90,0.0818,true,1,10130
7290000121031,false,החתול המחייך גבינה מותכת 14% מון בלאן 120 גרם,שלושת האופים,IL,מון בלאן גבינת חתול,גרמים,120.00,100 גרם,false,,11.90,0.0992,true,1,16780
7290000121079,false,גבינה מותכת למריחה עם שום שמיר 9% מון בלאן 120 גרם,שלושת האופים,IL,מון בלאן שמיר 7% 120,גרמים,120.00,100 גרם,false,,12.90,0.1075,true,1,16782
7290000121109,false,גבינה מותכת לייט עם זיתים 7% מון בלאן 120 גרם,האי נאם סי או אל.טי.,IL,מון בלאן זיתים 7% 12,גרמים,120.00,100 גרם,false,,12.90,0.1075,true,1,16784
7290000121239,false,מיוקל 5% שומן ללא כולסטרול תלמה 500ג',יוניליוור ישראל מזון בע\,IL,מיוקל 5% מופחת שומן,גרמים,500.00,100 גרם,false,,14.70,0.0294,true,1,10137
7290000129457,false,אבקת רוטב פטריות קנור 28 ג' שקית,יוניליוור ישראל מזון בע\,IL,רוטב פטריות 28גר,גרמים,28.00,100 גרם,false,,5.50,0.1964,true,1,10162
7290000134147,false,טעם וריח מוסקט טחון מיכל 40גר,"תבליני טעם וריח בע""מ",IL,טעם וריח מוסקט טחון,גרמים,40.00,100 גרם,false,,14.90,0.3725,true,1,42364
7290000134673,false,זנגויל טחון מיכל 30 גרם,"תבליני טעם וריח בע""מ",IL,תבלין זנגביל טעם ורי,גרמים,30.00,100 גרם,false,,7.40,0.2467,true,1,42375
7290000134826,false,זעתר מעורב בקופ' 100 גר' טעם וריח,"תבליני טעם וריח בע""מ",IL,תבלין זעתר טעם וריח,גרמים,100.00,100 גרם,false,,12.30,0.1230,true,1,42379
7290000134833,false,כמון טחון בקופ' 100 גר' טעם וריח,"תבליני טעם וריח בע""מ",IL,טעם וריח ת.כמון במיכ,גרמים,100.00,100 גרם,false,,11.80,0.1180,true,1,42380
7290000134871,false,פלפל שחור טחון בקופ' 100 גר' טעם וריח,"תבליני טעם וריח בע""מ",IL,טעם וריח ת. פלפל שחו,גרמים,100.00,100 גרם,false,,16.90,0.1690,true,1,42384
7290000134970,false,חוואיג' בקופ' 100 גר' טעם וריח,"תבליני טעם וריח בע""מ",IL,תבלין חוואייג טעם ור,גרמים,100.00,100 גרם,false,,10.80,0.1080,true,1,42385
7290000134987,false,פלפל שחור גרוס בקופ' 90 גר' טעם וריח,"תבליני טעם וריח בע""מ",IL,טעם וריח פלפל שחור ג,גרמים,90.00,100 גרם,false,,16.90,0.1878,true,1,42386
7290000135311,false,פפסי קולה ליים 1.5 ללא סוכר,"טמפו משקאות בע""\מ",IL,פפסי מקס ליים 1.5 ל',ליטרים,1.50,ליטר,false,,8.50,5.6667,true,1,77321
7290000135595,false,פפסי מקס בטעם דובדבן 1.5 ללא סוכר,"טמפו משקאות בע""\מ",IL,פפסי מקס בטעם דובדבן,ליטרים,1.50,ליטר,false,,8.50,5.6667,true,1,143602
7290000135625,false,"רביעיית פחיות בירה גולדסטאר 500 מ""ל","טמפו משקות בע""\מ",IL,גולדסטאר פחיות 4*500,ליטרים,2.00,ליטר,false,,29.90,14.9500,true,1,161549
7290000135632,false,"רביעיית פחיות גולדסטאר לא מסונן 500 מ""ל","טמפו משקאות בע""\מ",IL,גולדסטאר לא מסונן פח,ליטרים,2.00,ליטר,false,,33.90,16.9500,true,1,161550
7290000136141,false,משקה בטעם קולה 1.5ל' פפסי,"טמפו משקאות בע""\מ",IL,פפסי קולה 1.5 ליטר,ליטרים,1.50,ליטר,false,,8.50,5.6667,true,1,206574
7290000136165,false,משקה מירינדה 1.5ליטר,"טמפו משקאות בע""\מ",IL,מירינדה 1.5 ליטר,ליטרים,1.50,ליטר,false,,8.50,5.6667,true,1,206529
7290000136455,false,משקה בטעם אשכוליות תריסר 1.5 ל' ג'אמפ,"טמפו משקאות בע""\ם.",IL,ג`אמפ אשכול 1.5 ליטר,ליטרים,1.50,ליטר,false,,7.90,5.2667,true,1,206309
7290000136486,false,משקה בטעם אשכוליות דיאט תריסר 1.5 ל' ג'אמפ,"טמפו משקאות בע""\ם.",IL,ג`אמפ דיאט אשכוליות,ליטרים,1.50,ליטר,false,,7.90,5.2667,true,1,206325
7290000136523,false,משקה בטעם ענבים תריסר 1.5 ל' ג'אמפ,"טמפו משקאות בע""\ם.",IL,ג`אמפ ענבים 1.5 ליטר,ליטרים,1.50,ליטר,false,,7.90,5.2667,true,1,206310
7290000136585,false,משקה בטעם תפוזים תריסר 1.5 ל' ג'אמפ,"טמפו משקאות בע""\ם.",IL,ג`אמפ תפוז 1.5 ליטר,ליטרים,1.50,ליטר,false,,7.90,5.2667,true,1,206311
7290000136646,false,בירה נשר מאלט ללא אלכוהול 1.5 ליטר,"טמפו משקאות בע""\מ",IL,נשר מאלט 1.5 ליטר,ליטרים,1.50,ליטר,false,,9.50,6.3333,true,1,206152
7290000136677,false,פפסי קולה פיקדון 1.5 ליטר,טמפו,IL,פפסי קולה 1.5 ליטר,ליטרים,1.50,ליטר,false,,8.50,5.6667,true,1,206575
7290000136684,false,פפסי מקס משקה מוגז דל קלוריות בטעם קולה,טמפו,IL,פפסי מקס 1.5 ליטר,ליטרים,1.50,ליטר,false,,8.50,5.6667,true,1,206605
7290000136769,false,מארז שישיה בטעם קולה 1.5 ל' פפסי,"טמפו משקאות בע""\מ",IL,פפסי קולה 6*1.5 ליטר,ליטרים,9.00,ליטר,false,,42.90,4.7667,true,1,206576
7290000136776,false,שישיית פפסי מקס דל קלוריות 1.5 ליטר,פפסי Pepsi,IL,פפסי מקס 6*1.5 ליטר,ליטרים,9.00,ליטר,false,,38.90,4.3222,true,1,206590
7290000136790,false,שישיית מי סודה טמפו 1.5 ליטר,"טמפו משקאות בע""\מ",IL,טמפו סודה 6*1.5 ליטר,ליטרים,9.00,ליטר,false,,19.60,2.1778,true,1,206355
7290000136837,false,רביעיית מי סודה נגיעות אפרסק טמפו 1.5 ליטר,טמפו משקאות בע''מn\,IL,טמפו סודה אפרסק 1.5,ליטרים,6.00,ליטר,false,,13.50,2.2500,true,1,206485
7290000136844,false,מארז מים מזוככים אקווה נובה שישיית 2 ליטר,"טמפו משקאות בע""\מ",IL,אקווה נובה 6*2 ליטר,ליטרים,12.00,ליטר,false,,12.90,1.0750,true,1,206208
7290000136868,false,סאן בנדטו - מים מינרלים - מארז שישיית 1.5 ליטר,אקווה מינרלה סאן בנדטו ב,IT,מים סאן בנדטו 6* 1.5,ליטרים,9.00,ליטר,false,,19.70,2.1889,true,1,206222
7290000136875,false,שישיית מים מינרליים מוגזים סן בנדטו 1.5 ליטר,סאן בנדטו San Benedetto,IT,סאן בנדטו מים מינרלי,ליטרים,9.00,ליטר,false,,20.90,2.3222,true,1,206340
7290000136929,false,סודה טמפו אפרסק 1.5 ליטר-,,IL,טמפו סודה אפרסק 1.5,ליטרים,1.50,ליטר,false,,4.80,3.2000,true,1,206499
7290000136936,false,סבן אפ דיאט בקבוק 1.,טמפו,IL,סבן אפ דיאט 1.5 ליטר,ליטרים,1.50,ליטר,false,,8.10,5.4000,true,1,206515
7290000137643,false,שלגוני טעמקור בטעם שוקו וניל שטראוס 8*50 גרם,"גלידת שטראוס בע""\מ, רחוב",IL,שלגוני טעמקור 8יח,גרמים,416.00,100 גרם,false,,37.90,0.0911,true,1,4226
7290000139227,false,דגן לבן משפחתי 150 גר' אשבול,אשבל מזון פונקציונלי,IL,דגן לבן משפחתי אשבול,גרמים,150.00,100 גרם,false,,8.90,0.0593,true,1,1335
7290000143217,false,"הוואי שמפו יבש מסולסל 700 מ""ל",שוורצקוף& הנקל דיסלד,IL,שמפו לשיער יבש הוואי,מיליליטרים,700.00,"100 מ""ל",false,,10.90,0.0156,true,1,8069
7290000144467,false,שמן חמניות מועשר בנוגדי חמצון 1 ל' עץ הזית,"נארז ע""י : א.ג. גילר",GR,שמן חמניות בריאות מה,ליטרים,1.00,ליטר,false,,16.90,16.9000,true,1,29336
7290000144474,false,שמן עץ הזית קנולה 1 ליטר בריאות מהטבע,שמן תעשיות בעמ,EE,שמן קנולה בריאות עץ,ליטרים,1.00,ליטר,false,,16.90,16.9000,true,1,29337
7290000146645,false,הוואי - סבון מוצק שחור מסתורי 100 גרם רביעייה,טרופיקל דגיל קוסמטיק,IL,סבון מוצק שחור מסתור,גרמים,400.00,100 גרם,false,,12.90,0.0323,true,1,8077
7290000146683,false,הוואי - סבון מוצק אפקט דאודורנט 100 גרם רביעייה,טרופיקל דגיל קוסמטיק,PL,סבון מוצק אפקט דאודו,גרמים,400.00,100 גרם,false,,12.90,0.0323,true,1,8081
7290000146997,false,משחת שיניים לילדים מסטיק טום וג'רי 50 מל,טרופיקל דגיל קוסמטיק,IL,משחת שיניים טום וגרי,מיליליטרים,50.00,"100 מ""ל",false,,7.90,0.1580,true,1,8086
7290000148618,false,קשיו מטוגן שקית קליית גת 200 גרם,"ג'י אנד ג'י בע""מ",IL,אגוז קשיו מטוגן 200,גרמים,200.00,100 גרם,false,,20.90,0.1045,true,1,12734
7290000148748,false,קליית גת גרעיני חמניה קלויים ומומלחים200,"ג'י אנד ג'י בע""מ",IL,גרעיני חמניה 200 גרם,גרמים,200.00,100 גרם,false,,6.90,0.0345,true,1,12735
7290000148939,false,שקדים קלויים קלית גת 200 ג',"ג'י אנד ג'י בע""מ",IL,שקדים קלויים 200 גרם,גרמים,200.00,100 גרם,false,,20.90,0.1045,true,1,12736
7290000149943,false,"טקסטיל אבקת כביסה ביד נקה 1 ק""ג",קריות זול,IL,טקסטיל שמפו-שקית 1 ק,קילוגרמים,1.00,"ק""ג",false,,15.90,15.9000,true,1,29676
7290000152943,false,מארז פסטרמה כפרית וסלמי כפרי עוף טוב 2*350 גרם,מוצרי עוף טוב (2001) בע\,IL,עוף טוב סלמי פסטרמה,גרמים,700.00,100 גרם,false,,30.90,0.0441,true,1,19664
7290000153445,false,קציצות בקר מתובלות 100% רכיבים טבעיים,מולינו ניקולי s.p.a,IL,עוף טוב קציצות בקר מ,גרמים,500.00,100 גרם,false,,30.90,0.0618,true,1,19668
7290000153469,false,קציצות עוף קלאסיות 100% רכיבים טבעיים,"מוצרי עוף טוב (2001) בע""",IL,עוף טוב קציצות עוף ק,גרמים,600.00,100 גרם,false,,30.90,0.0515,true,1,19669
7290000158105,false,שניצל עוף מיני דינוזאור ללא אנטיביוטיקה מ100% ר.טבעי,"מוצרי עוף טוב (2001) בע""",IL,עוף טוב שניצל עוף מי,גרמים,700.00,100 גרם,false,,37.90,0.0541,true,1,19683
7290000169538,false,"נמס בכוס עגבניות וקרוטונים מרק כשרות בד""ץ 62 ג' קנור",יוניליוור ישראל מזון בע\,IL,נמס בכוס עגבניות וקר,גרמים,62.00,100 גרם,false,,7.90,0.1274,true,1,10270
7290000170053,false,"שוקולד פרה חלב 100 גרם בד""צ לל""ג","שטראוס גרופ בע""\מ.",IL,שוקולד חלב פרה 100 ג,גרמים,100.00,100 גרם,false,,5.70,0.0570,true,1,22161
7290000174723,false,שוקולית אבקה להכנת משקה שוקו 500 גרם,הנסיך- מפעל לייצור ט,IL,שוקולית 500 גרם,גרמים,500.00,100 גרם,false,,13.90,0.0278,true,1,22169
7290000176079,false,קפה עלית טורקי עם הל 100 גרם,הנסיך- מפעל לייצור ט,IL,טורקי עלית קפה עם הל,גרמים,100.00,100 גרם,false,,10.50,0.1050,true,1,22172
7290000176413,false,קפה נמס אבקתי 50 ג' עלית,הנסיך- מפעל לייצור ט,IL,עלית נמס 50 גר',גרמים,50.00,100 גרם,false,,10.40,0.2080,true,1,22177
7290000176420,false,קפה נמס פחית עלית 200 גרם,שטראוס קפה בי.וי,IL,קפה נמס עלית פחית 20,גרמים,200.00,100 גרם,false,,22.90,0.1145,true,1,22178
7290000176468,false,קפה נמס נטול קפאין 50 ג' קפה האג,"איי, בי, אינבוו",IL,האג קפה נטול קפאין 5,גרמים,50.00,100 גרם,false,,10.90,0.2180,true,1,22179
7290000178707,false,תפוצ'יפס בטעם טבעי 50 גרם,"שטראוס פריטו ליי בע""\מ )",IL,תפוציפס טבעי 50 גרם,גרמים,50.00,100 גרם,false,,4.30,0.0860,true,1,24149
7290000178721,false,תפוצ'יפס בטעם טבעי 200 גרם,"שטראוס פריטו ליי בע""\מ )",IL,תפוציפס טבעי 200 גרם,גרמים,200.00,100 גרם,false,,10.90,0.0545,true,1,24151
7290000186337,false,מטליות לחות לניקוי כללי ניקול שלישייה,עלבד משואות יצחק,IL,ניקול מטליות לחות לנ,יחידה,0.00,יחידה,false,,24.90,0.0000,true,1,8832
7290000187921,false,נייר טואלט דו שכבתי לבן לילי 32 יחידות,לילי נייר טואלט חוגלה,IL,"נייר טואלט ""לילי"" לב",מטרים,588.00,מטר,false,,39.90,0.0679,true,1,8850
7290000188270,false,קליניקס ממחטות אף אולטרא סופט 2*80 דף,חוגלה קימברלי,IL,קליניקס ממחטות אף או,יחידה,0.00,יחידה,false,,18.90,0.0000,true,1,8857
7290000189079,false,"ניקול תבניות אינגליש חזקות ועבות מארז, 7 יח'",ניקול,CN,ניקול תבניות אינגליש,יחידה,0.00,יחידה,false,,12.90,0.0000,true,1,8870
7290000189192,false,סופר מטלית מטליות נייר רב פעמיות ניקול 64 יחידות,קימברלי קלארק,IL,ניקול מטלית חכמה יומ,יח',64.00,יח',false,,19.90,0.3109,true,1,8872
7290000189550,false,"שקיות אשפה ענקיות עם שרוך 78 * 90 ס""מ ניקול 2 * 10 יחידות",חוגלה קימברלי,IL,אשפתון זוג ענק 20,יחידה,0.00,יחידה,false,,26.90,0.0000,true,1,8885
7290000189659,false,מטליות לחות לרצפה ניקול 10 יח'-מרכז,עלבד משואות יצחק בעמ,IL,ניקול מטליות לחות לר,יחידה,0.00,יחידה,false,,12.90,0.0000,true,1,8888
7290000190068,false,מפיות אירוח לבן 100 יחי' ניקול,חוגלה קימברלי,IL,מפיות לבן ניקול 100,יחידה,0.00,יחידה,false,,10.00,0.0000,true,1,8897
7290000191539,false,חמישיית ממחטות טישו צבועני לילי 100 יחידות,חוגלה קימברלי,IL,לילי צבעוני חמישיה-9,יחידה,0.00,יחידה,false,,14.90,0.0000,true,1,8916
7290000191652,false,שלישיית ממחטות אולטרה סופט קלינקס 90 יחידות,חוגלה קימברלי,IL,קלינקס קלאסיק ניילון,יחידה,0.00,יחידה,false,,11.90,0.0000,true,1,8921
7290000193649,false,תחבושות עם כנפיים נורמל פלוס לילי 24 יחידות,חוגלה קימברלי,ES,תחבושות נטורל אולטרה,יחידה,0.00,יחידה,false,,18.50,0.0000,true,1,8938
7290000194253,false,כנפיים עוף קפוא ארוז,,,כנפיים עוף קפוא ארוז,קילוגרמים,1.00,"ק""ג",true,,14.90,14.9000,true,1,46842
7290000195537,false,האגיס - מגבוני האגיס דיילי קר לא מבושם 64 יח' * 4,חוגלה קימברלי,IL,מגבוני האגיס דיילי ק,יחידה,0.00,יחידה,false,,19.90,0.0000,true,1,8964
7290000195773,false,האגיס - מגבוני האגיס סנסטיב קר לא מבושם 64 יח' * 4,חוגלה קימברלי,IL,מגבוני האגיס סנסטיב,יחידה,0.00,יחידה,false,,19.90,0.0000,true,1,8968
7290000196039,false,"מפות שולחן איריס ח""פ ניקול 2 יח'",חוגלה קימברלי,IL,ניקול מפות שולחן זוג,יחידה,0.00,יחידה,false,,12.90,0.0000,true,1,8970
7290000196763,false,"שקיות אשפה חזקות במיוחד עם שרוך 52 * 65 ס""מ ניקול 40 יחידות",חוגלה קימברלי,IL,ניקול השקית החזקה,יחידה,0.00,יחידה,false,,27.90,0.0000,true,1,8974
7290000197463,false,חיתולים פרידום דריי שלב +4 האגיס 40 יחידות,קימברלי קלארק ישראל,IL,האגיס פרידום דריי של,יחידה,0.00,יחידה,false,,45.90,0.0000,true,1,8995
7290000197548,false,חיתולים פרידום דריי שלב 5 האגיס 36 יחידות,קימברלי קלארק ישראל,IL,האגיס פרידום דריי של,יחידה,0.00,יחידה,false,,45.90,0.0000,true,1,8999
7290000197678,false,חיתולי האגיס פרידום דריי שלב 6 30 יחידות,קימברלי קלארק ישראל,IL,האגיס פרידום דריי ש,יחידה,0.00,יחידה,false,,45.90,0.0000,true,1,9001
7290000200460,false,קוטקס מגן תחתון אולטרה לייט,חוגלה קימברלי,CN,מגן תחתון אולטרה ליי,יחידה,0.00,יחידה,false,,19.90,0.0000,true,1,9013
7290000201818,false,טיטולים פרימיום שלב 2 64 יחידות,חוגלה קימברלי,IL,טיטולים פרימיום שלב,יחידה,0.00,יחידה,false,,32.90,0.0000,true,1,9018
7290000204215,false,שישיית כרית יפנית ניקול 6 יחידות,פלסטו פוליש (ברקן),IL,ניקול כריות יפניות 6,יחידה,0.00,יחידה,false,,12.90,0.0000,true,1,9042
7290000204253,false,מטליות רב שימושיות לניקיון ניקול 9 יחידות,נועם אורים-קיבוץ אור,IL,מטלית רב שימושית תשע,יחידה,0.00,יחידה,false,,11.90,0.0000,true,1,9044
7290000204512,false,מטליות לחות לניקוי רצפה בריח לימון ניקול 10 יחידות,עלבד משואות יצחק בעמ,IL,מטליות לחות לרצפה בר,יחידה,0.00,יחידה,false,,12.90,0.0000,true,1,9046
7290000204611,false,שישיית ספוגית הקסם ניקול 6 יחידות,חוגלה קימברלי,US,ניקול ספוגית הקסם*6,יחידה,0.00,יחידה,false,,12.90,0.0000,true,1,9047
7290000205762,false,חיתולי האגיס אקסטרה קר מידה 3 48 יחידות,חוגלה קימברלי,IL,האגיס אקסטרה קייר מי,יחידה,0.00,יחידה,false,,57.90,0.0000,true,1,9048
7290000207063,false,רסק עגבניות פריכוז 28% 240 גרם יכין,היינץ צפון אמריקה מק,IL,רוטב עגבניות פריכוז,גרמים,240.00,100 גרם,false,,4.90,0.0204,true,1,8616
7290000207162,false,רוטב עגבניות מרכיב טבעי 100 ג' יכין,"זנלכל בע""\מ",IL,רוטב עגבניות 100 גרם,גרמים,100.00,100 גרם,false,,2.50,0.0250,true,1,8619
7290000208022,false,עגבניות 2.5 A מרוסקות 850 גרם יכין,"זנלכל בע""\מ",IL,עגבניות מרוסקות יכין,גרמים,800.00,100 גרם,false,,10.90,0.0136,true,1,8623
7290000208077,false,אפונת גינה רגילה 550 גרם יכין,"זנלכל בע""\מ",IL,אפונת גינה גדולה L י,גרמים,335.00,100 גרם,false,,9.90,0.0296,true,1,8625
7290000208114,false,"אפונה וגזר יכין A2 פ""ק בית יוסף","זנלכל בע""\מ",IL,אפונת גינה וגזר יכין,גרמים,330.00,100 גרם,false,,9.90,0.0300,true,1,8628
7290000208138,false,סירופ דיאט בטעם ענבים יכין 1 ליטר,"זנלכל בע""\מ",IL,סירופ דייאט ענבים יכ,ליטרים,1.00,ליטר,false,,17.90,17.9000,true,1,8630
7290000208145,false,גרעיני תירס מתוק לייט 550 גרם יכין,"זנלכל בע""\מ",IL,גרעיני תירס לייט יכי,גרמים,335.00,100 גרם,false,,9.90,0.0296,true,1,8631
7290000208213,false,שעועית לבנה אפויה A2 ברוטב עגבניות יכין 560ג',היינץ צפון אמריקה מק,IL,שעועית לבנה ברוטב עג,גרמים,355.00,100 גרם,false,,9.90,0.0279,true,1,8633
7290000208220,false,"שעועית צ'לי יכין פ""ק A2 בית יוסף",היינץ צפון אמריקה מק,IL,שעועית צילי חריף יכי,גרמים,355.00,100 גרם,false,,10.90,0.0307,true,1,8634
7290000208244,false,"בסיס לשקשוקה יכין A2 פ""ק בית יוסף","זנלכל בע""מ",IL,A2 בסיס עגבניות לשקש,גרמים,570.00,100 גרם,false,,11.90,0.0209,true,1,8635
7290000208312,false,גרעיני תירס מתוק בואקום יכין 400 גר',"זנלכל בע""\מ",IL,גרעיני תירס מתוק יכי,גרמים,400.00,100 גרם,false,,7.90,0.0198,true,1,8638
7290000208329,false,גרעיני תירס מתוק 550 גרם יכין,"זנלכל בע""\מ",IL,גרעיני תירס מתוק יכי,גרמים,335.00,100 גרם,false,,9.90,0.0296,true,1,8639
7290000208336,false,רסק יכין 240גר 22% יכין בית יוסף,"זנלכל בע""\מ",IL,רוטב עגבניות יכין 24,גרמים,240.00,100 גרם,false,,5.50,0.0229,true,1,8640
7290000208343,false,עגבניות מרוסקות שום יכין A2.5 בית יוסף,היינץ צפון אמריקה מק,IL,עגבניות מרוסקות שום,גרמים,800.00,100 גרם,false,,10.90,0.0136,true,1,8641
7290000208404,false,A2 פול מצרי 550 גרם יכין,"זנלכל בע""\מ",IL,פול מצרי יכין 550 גר,גרמים,350.00,100 גרם,false,,8.90,0.0254,true,1,8644
7290000208428,false,גרגרי חומוס שלם 550 גרם יכין,"זנלכל בע""\מ",IL,חומוס שלם יכין 550 ג,גרמים,290.00,100 גרם,false,,9.90,0.0341,true,1,8645
7290000208480,false,גרעיני תירס מתוק בטעם חמאה 550 גרם יכין,"זנלכל בע""\מ",IL,גרעיני תירס בטעם חמא,גרמים,335.00,100 גרם,false,,11.90,0.0355,true,1,8648
7290000208534,false,גרעיני תירס מתוק לילדים 550 גרם יכין,"זנלכל בע""\מ",IL,גרעיני תירס קיד מתוק,גרמים,335.00,100 גרם,false,,11.90,0.0355,true,1,8650
7290000208800,false,גרעיני תירס מתוק לילדים 400 גרם יכין,זנלכל,IL,תירס קיד מתוק יכין 4,גרמים,400.00,100 גרם,false,,6.90,0.0173,true,1,8652
7290000208855,false,רוטב לפסטה קלאסי 240 גרם יכין,"זנלכל בע""\מ",IL,רוטב לפסטה קלאסי יכי,גרמים,260.00,100 גרם,false,,6.50,0.0250,true,1,8653
7290000208947,false,עגבניות מרוסקות יכין 260 גרם,היינץ צפון אמריקה מק,IL,עגבניות מרוסקות יכין,יחידה,260.00,יחידה,false,,6.50,0.0250,true,1,8656
7290000209012,false,חומץ 1ליטר יכין הדרים,"זנלכל בע""\מ",IL,חומץ הדרים 5% יכין 1,ליטרים,1.00,ליטר,false,,7.90,7.9000,true,1,8659
7290000209371,false,תירס מתוק יכין 200 גרם מארז 3 יח',היינץ צפון אמריקה מק,IL,תירס שלישיה יכין 3*1,גרמים,495.00,100 גרם,false,,15.90,0.0321,true,1,8669
7290000209388,false,תירס מתוק לייט יכין 200 גרם מארז 3 יח',"זנלכל בע""\מ",IL,תירס לייט שלישיה יכי,גרמים,420.00,100 גרם,false,,15.90,0.0379,true,1,8670
7290000209579,false,סירופ דיאט בטעם אננס יכין 1 ליטר,"זנלכל בע""\מ",IL,סירופ דייאט אננס יכי,ליטרים,1.00,ליטר,false,,17.90,17.9000,true,1,8677
7290000209722,false,רסק עגבניות 28% פריכוז 580 גרם יכין,"זנלכל בע""\מ",IL,רוטב עגבניות מרוכז מ,גרמים,580.00,100 גרם,false,,10.90,0.0188,true,1,8681
7290000209906,false,עגבניות מרוסקות בתוספת בצל 240 גרם יכין,זנלכל,IL,עגבניות מרוסקות עם ב,גרמים,260.00,100 גרם,false,,6.50,0.0250,true,1,8682
7290000209951,false,רוטב עגבניות לפיצה 260 גרם יכין,"זנלכל בע""\מ",IL,רוטב עגבניות לפיצה י,מיליליטרים,260.00,"100 מ""ל",false,,6.50,0.0250,true,1,8685
7290000209968,false,רוטב עגבניות ללזניה יכין 240 גרם,"זנלכל בע""\מ",IL,רוטב ללזניה יכין 240,גרמים,260.00,100 גרם,false,,6.50,0.0250,true,1,8686
7290000210896,false,רוטב לפסטה בולונז 240 גרם יכין,"זנלכל בע""מ",IL,רוטב לפסטה בולונז יכ,גרמים,260.00,100 גרם,false,,6.50,0.0250,true,1,8688
7290000211169,false,"אורז תאילנדי אחד אחד סוגת 1 ק""ג",האי נאם סי או אל.טי.,IL,אורז תאילנדי 1 ק'ג,קילוגרמים,1.00,"ק""ג",false,,7.50,7.5000,true,1,17300
7290000211374,false,"קמח חיטה מלא סוגת 1 ק""ג",טחנת קמח דגן-שטיבל,IL,"קמח מלא סוגת 1 ק""ג",קילוגרמים,1.00,"ק""ג",false,,7.90,7.9000,true,1,17302
7290000211442,false,"סוגת אורז פרסי קלאסי שקית 1 ק""ג",האי נאם סי או אל.טי.,IL,סוגת אורז פרסי קלאסי,קילוגרמים,1.00,"ק""ג",false,,11.50,11.5000,true,1,17304
7290000211503,false,סוכר לבן ארוז בשקית,"סוגת תעשיות בע""\מ",IL,"סוכר סוגת לבן 1 ק""ג",קילוגרמים,1.00,"ק""ג",false,,4.90,4.9000,true,1,17305
7290000211626,false,"סוגת אורז חיש 1 ק""ג","סוגת תעשיות בע""\מ",IL,"אורז חיש 1 ק""ג",קילוגרמים,1.00,"ק""ג",false,,11.90,11.9000,true,1,17306
7290000212401,false,וופלים מצופית מנעמים 400 גרם,"מנעמים תעשיות מזון בע""\מ",IL,ופל מצופית מנעמים 40,גרמים,400.00,100 גרם,false,,9.90,0.0248,true,1,36046
7290000212579,false,וופלים מצופים מנעמים 800 גרם מארז 40 יחידות,מנעמים,IL,ופל מצופה שוקולד מנע,גרמים,800.00,100 גרם,false,,16.90,0.0211,true,1,36047
7290000226514,false,עוגת דובוש טעם ריבת חלב קפולסקי 450 גרם,תופינים מקבוצת קפולסקי,IL,עוגת היום- דובוש ריב,גרמים,450.00,100 גרם,false,,41.90,0.0931,true,1,39919
7290000226613,false,עוגת דובוש מצופה שוקולד קפולסקי 450 גרם,תופינים מקבוצת קפולסקי,IL,עוגת דובוש מצופה בטע,גרמים,450.00,100 גרם,false,,41.90,0.0931,true,1,39926
7290000238029,false,"בצק עלים צרפתי מרודד מעדנות 1 ק""ג",מיוצר עי קונדיטוריית,IL,"בצק עלים 1ק""ג",קילוגרמים,1.00,"ק""ג",false,,23.90,23.9000,true,1,35608
7290000238036,false,מלאווח בקופסא מעדנות 700 גרם,מיוצר עי קונדיטוריית,IL,מעדנות מלווח 700גר,גרמים,700.00,100 גרם,false,,17.90,0.0256,true,1,35609
7290000238173,false,בורקס גבינה מעדנות 800 גרם,מיוצר עי קונדיטוריית,IL,בורקס גבינה מעדנות 8,גרמים,800.00,100 גרם,false,,22.90,0.0286,true,1,35610
7290000238180,false,בורקס תפוחי אדמה מעדנות 800 גרם,מיוצר עי קונדיטוריית,IL,"בורקס תפו""א 800גר",גרמים,800.00,100 גרם,false,,21.90,0.0274,true,1,35611
7290000243566,false,"שמן קנולה בריאות 750 מ""ל",שמן תעשיות,EE,שמן קנולה בריאות עץ,מיליליטרים,750.00,"100 מ""ל",false,,11.90,0.0159,true,1,29343
7290000244761,false,"קרם ידיים ולווטה 100 מ""ל",טרופיקל דגיל קוסמטיק,IL,"קרם ולוטה 80 מ""ל",מיליליטרים,100.00,"100 מ""ל",false,,7.90,0.0790,true,1,8092
7290000245287,false,"פרסיל אבקת כביסה 1.250 ק""ג קולור ויניגר","הנקל סוד בע""מ",IL,אבקת כביסה פרסיל קול,קילוגרמים,1.25,"ק""ג",false,,15.90,12.7200,true,1,34878
7290000253220,false,שוקולד צ'יפס חום אופנהיימר 260 גר',אופנהיימר,IL,שוקולד צ'יפס אופנהיי,גרמים,260.00,100 גרם,false,,13.90,0.0535,true,1,24583
7290000262031,false,נייר טואלט מולט לב 32 גלילים,קימברלי-קלארק,IL,נייר טואלט מולט לב 3,מטרים,563.00,מטר,false,,34.90,0.0620,true,1,9050
7290000267500,false,קליפות הדר מצופות בשוקולד 200 גרם,"דין שיווק וקלייה בע""",IL,קליפות הדר בציפוי שו,גרמים,200.00,100 גרם,false,,11.90,0.0595,true,1,4607
7290000272696,false,עסיס מיץ לימון טבעי משומר 1 ל' אסם,בית-השיטה עסיס תעשיות מז,IL,מיץ לימון משומר עסיס,ליטרים,1.00,ליטר,false,,11.90,11.9000,true,1,18638
7290000272726,false,חומץ רכיבים רכיבים טבעיים 5% עסיס 1 ליטר,בית-השיטה עסיס תעשיות מז,IL,חומץ טבעי 5% עסיס 1,ליטרים,1.00,ליטר,false,,7.50,7.5000,true,1,18639
7290000284316,false,קוקה -קולה בקבוק 1.5 ליטר,החברה המרכזית לייצור משקאות,IL,קוקה קולה 1.5 ליטר,ליטרים,1.50,ליטר,false,,8.60,5.7333,true,1,6818
7290000286297,false,"אנטי קאלק מסיר אבנית מקומקום סנו 700 מ""ל",סנו מפעלי ברונוס בעמ,IL,סנו מסיר אבן מקומקום,מיליליטרים,700.00,"100 מ""ל",false,,11.90,0.0170,true,1,29680
7290000286824,false,פילה דג נסיכת הנילוס,,,פילה דג נסיכת הנילוס,קילוגרמים,1.00,"ק""ג",true,,39.90,39.9000,true,1,329287
7290000286945,false,"נוזל+אקדח לניקוי רהיט ""סנו""","סנו מפעלי ברונוס בע""\מ",IL,"סנו רהיט נוזל 500 מ""",מיליליטרים,500.00,"100 מ""ל",false,,26.90,0.0538,true,1,29698
7290000286947,false,פילה דג סלמון נורווג,,,פילה דג סלמון נורווג,קילוגרמים,1.00,"ק""ג",true,,89.90,89.9000,true,1,333019
7290000287195,false,"סנו רהיט ספריי עשיר בווקס להברקה 305 מ""ל",מיוצר עי קונדיטוריית,IL,סנו רהיט ספריי עשיר,מיליליטרים,305.00,"100 מ""ל",false,,15.90,0.0521,true,1,29701
7290000287409,false,"שלישיית סנובון תות לאסלה ""סנו""",סנו מפעלי ברונוס בעמ,IL,סנובון שלישיה תות 3*,גרמים,165.00,100 גרם,false,,12.90,0.0782,true,1,29704
7290000287430,false,סנובון צבעוני לאסלה בריח לימון שלישייה,סנו מפעלי ברונו בעמ,IL,סנובון שלישיה צבעוני,גרמים,165.00,100 גרם,false,,12.90,0.0782,true,1,29705
7290000288017,false,אקונומיקה בריח לימון סנו ז'אוול 1 ליטר,"סנו מפעלי ברונוס בע""",IL,סנו זאוול 1ליטר לימו,ליטרים,1.00,ליטר,false,,8.90,8.9000,true,1,29714
7290000288024,false,סנו - ז'אוול אקונומיקה בריח לימון 4 ליטר,"סנו מפעלי ברונוס בע""מ",IL,סנו ז'אוול בריח לימו,ליטרים,4.00,ליטר,false,,17.90,4.4750,true,1,29715
7290000288048,false,סנו זאוול מרסס מונבלאן 1 ליטר,"סנו מפעלי ברונוס בע""מ",IL,סנו ג'אוול מרסס אילנ,ליטרים,1.00,ליטר,false,,19.90,19.9000,true,1,29717
7290000288079,false,סנו - ז'אוול אקונומיקה לימון 2 ליטר,"סנו מפעלי ברונוס בע""מ",IL,סנו זאוול בריח לימון,ליטרים,2.00,ליטר,false,,12.90,6.4500,true,1,29718
7290000288086,false,אבקת ניקוי עם אקונומיקה בריח לימון סנו ז'אוול 600 ג',מיוצר עי קונדיטוריית,IL,אבקת ניקוי ג'אוול לי,גרמים,600.00,100 גרם,false,,12.90,0.0215,true,1,29719
7290000288352,false,"קוטל חרקים וזוחלים K-300 סנו 630 מ""ל","סנו מפעלי ברונוס בע""מ",IL,K - 300,מיליליטרים,630.00,"100 מ""ל",false,,22.90,0.0363,true,1,29724
7290000288413,false,סנו-די דוחה יתושים כדורי סנו 50 גרם,גוד פוד פרודקטס S.p,IL,סנו די רולאון,מיליליטרים,50.00,"100 מ""ל",false,,20.90,0.4180,true,1,29727
7290000288529,false,"משחת כלים סאן לימון 3.5 ק""ג",סנו,IL,משחת כלים לימון 3.5,קילוגרמים,3.50,"ק""ג",false,,32.90,9.4000,true,1,128437
7290000288727,false,סנו מקסימה אבקת כביסה מאסק מילוי 1.25,קריות זול,IL,סנו מקסימה מאסק 1.25,קילוגרמים,1.25,"ק""ג",false,,15.90,12.7200,true,1,29733
7290000289069,false,סנו - ז'אוול מרסס קצף ניקוי בתוספת אקונומיקה בריח לימון 1 ליטר,"סנו מפעלי ברונוס בע""מ",IL,סנו ג'אוול מרסס לימו,ליטרים,1.00,ליטר,false,,19.90,19.9000,true,1,29737
7290000289380,false,"סנו - ז'אוול לניקוי אסלות לימון 750 מ""ל",סנו מפעלי ברונוס בעמ,IL,סנו ג'אוול לימון לני,מיליליטרים,750.00,"100 מ""ל",false,,12.90,0.0172,true,1,29738
7290000289496,false,"סנו - ז'אוול ג'ל קרם לניקוי כללי לימון 750 מ""ל","סנו מפעלי ברונוס בע""\מ",IL,סנו ג'אוול ג'ל קרם ל,מיליליטרים,750.00,"100 מ""ל",false,,12.90,0.0172,true,1,29741
7290000289601,false,סנו ז'אוול בריח לבנדר 2 ל',"סנו מפעלי ברונוס בע""מ",IL,אקונומיקה LEVAJ לבנד,ליטרים,2.00,ליטר,false,,13.50,6.7500,true,1,29744
7290000289748,false,"מסיר שומנים לתנורים פורטה פלוס סנו 750 מ""ל","סנו מפעלי ברונוס בע""\מ",IL,סנו פורטה פלוס לתנור,מיליליטרים,750.00,"100 מ""ל",false,,16.90,0.0225,true,1,29746
7290000291857,false,פוליויקס נוזל רצפות בניחוח גולדן סאנרייז סנו 2 ליטר,סנו פוליויקס,IL,סנו פוליווקס לוטוס 2,ליטרים,2.00,ליטר,false,,22.90,11.4500,true,1,29750
7290000291963,false,אקונומיקה סמיכה בריח לימון סנו ז'אוול 1 ליטר,סנו JAVEL,IL,סנו ז'אוול סמיכה לימ,יחידה,0.00,יחידה,false,,8.90,0.0000,true,1,29753
7290000292007,false,K3 פיתיון ג'ל קוטל תיקנים (ג'וקים) בבית ובחצר,מיוצר עי קונדיטוריית,IL,סנו K300פיתיון ג'ל ק,גרמים,10.00,100 גרם,false,,52.90,5.2900,true,1,29754
7290000292137,false,"נוזל לניקוי וטיפול מוצרי עור סנו 500 מ""ל",מיוצר עי קונדיטוריית,IL,נוזל ניקוי וטיפול במ,מיליליטרים,500.00,"100 מ""ל",false,,32.90,0.0658,true,1,29755
7290000292533,false,סנו גל לניקוי כללי על בסיס שמן אורנים 1ל,החברה הדרומית,IL,סנו ג'ל לניקוי כללי,ליטרים,1.00,ליטר,false,,17.90,17.9000,true,1,29759
7290000293073,false,מקסימה מרכך כביסה ביו לבן סנו 4 ליטר,"סנו מפעלי ברונוס בע""\מ",IL,מרכך כביסה סנו מקסימ,ליטרים,4.00,ליטר,false,,23.90,5.9750,true,1,29767
7290000293943,false,"מרסס לבן מסיר אבנית 1 ליטר אנטי קאלק ""סנו""",מיוצר עי קונדיטוריית,IL,סנו אנטי קאלק+מתז 1,ליטרים,1.00,ליטר,false,,20.90,20.9000,true,1,29775
7290000294780,false,אקונומיקה סמיכה בריח לימון סנו ז'אוול 4 ליטר,"סנו מפעלי ברונוס בע""מ",IL,סנו ז'אוול סמיכה 4 ל,ליטרים,4.00,ליטר,false,,17.90,4.4750,true,1,29781
7290000295299,false,סנו סושי כריות הפלא רב תכלתיות רביעייה,סנו מפעלי ברונו בעמ,IL,כריות יפניות סנו סוש,יחידה,0.00,יחידה,false,,12.90,0.0000,true,1,29783
7290000295541,false,רב מגבת ג'מבו סנו סושי 75 יחידות,מיוצר עי קונדיטוריית,IL,סנו רב מגבת גמבו,יחידה,0.00,יחידה,false,,17.90,0.0000,true,1,29790
7290000295572,false,"מארז זוגי מנקה אסלות 00 סנו 750 מ""ל",מיוצר עי קונדיטוריית,IL,מנקה אסלות 00 צמד,ליטרים,1.50,ליטר,false,,19.90,13.2667,true,1,29793
7290000295749,false,ספוג סאקי מסאז' כיף 1 יחידה,גוד פוד פרודקטס S.p,IL,סנו ספוג סאקי כיף 26,יחידה,0.00,יחידה,false,,12.90,0.0000,true,1,29795
7290000295824,false,"רדיד אלומיניום 30 ס""מ רוחב סנו סושי 100 מטר",מולינו ניקולי s.p.a,TR,סנו סושי רדיד אלומינ,מטרים,100.00,מטר,false,,60.90,0.6090,true,1,29797
7290000302027,false,סיגריות טיים אדום פא,"דובק בע""מ",IL,טיים רד (פקט),יחידה,0.00,יחידה,false,,285.00,0.0000,false,1,4513
7290000302881,false,פקט גולף גולד ארוך בוקס,"דובק בע""מ",,גולף גולד 100 (פקט),יחידה,0.00,יחידה,false,,295.00,0.0000,false,1,4527
7290000313160,false,זהבה ושלושת הדובים עוגיות בטעם שוקולד אסם 350 גרם,"הגביע מוצרי וופלים בע""\מ",IL,חברים זהבה ושלושת הד,גרמים,250.00,100 גרם,false,,9.50,0.0380,true,1,18640
7290000313184,false,עוגיות חברים גן חיות וניל אסם 250 גר',"הגביע מוצרי וופלים בע""\מ",IL,חברים ביסקויט גן חיו,גרמים,250.00,100 גרם,false,,9.50,0.0380,true,1,18641
7290000313290,false,אסם נודלס נודלס אטריות מסולסלות 200גר,תאי פרזידנט פוד בנגק,TH,נודלס אטריות מסולסלו,יחידה,200.00,יחידה,false,,10.90,0.0545,true,1,18643
7290000334325,false,ציפס למיקרו מארז שלישיה 125 ג' תפוגן,"תעשיות תפוגן בע""\מ",IL,תפוגן ציפס למיקרו מא,גרמים,375.00,100 גרם,false,,15.90,0.0424,true,1,19714
7290000334684,false,טבעות בצל תפוגן 700 גרם,"תעשיות תפוגן בע""\מ",IL,טבעות בצל 700 גרם,גרמים,700.00,100 גרם,false,,19.90,0.0284,true,1,19716
7290000336053,false,תרכיז סיידר הגליל מיץ תפוחים מרוכז 330 מל,"טמפו משקאות בע""מ",IL,תרכיז תפוחים טהור בק,מיליליטרים,330.00,"100 מ""ל",false,,13.90,0.0421,true,1,9373
7290000345215,false,תה כחול קלאסיק ויסוצקי 100 יחידות,מולינו ניקולי s.p.a,IL,תה ויסוצקי קלאסיק 10,גרמים,100.00,100 גרם,false,,20.90,0.2090,true,1,24590
7290000345284,false,תה ויסוצקי קלאסי אריזה ירוקה מרובעת (100 שקיקים),מולינו ניקולי s.p.a,IL,תה ויסוצקי 1.5 קלאסי,גרמים,150.00,100 גרם,false,,20.90,0.1393,true,1,24593
7290000345307,false,תה ארל גריי ויסוצקי 50 יחידות,מולינו ניקולי s.p.a,IL,תה ארל גריי 1.5/50,גרמים,75.00,100 גרם,false,,30.90,0.4120,true,1,24595
7290000345536,false,תה נענע ויסוצקי 25 יחידות,מולינו ניקולי s.p.a,IL,תה נענע 25 שקיות 1.5,גרמים,37.50,100 גרם,false,,19.90,0.5307,true,1,24596
7290000346137,false,חליטת הילולי פירות הגן הקסום ויסוצקי 25 יחידות,תה ויסוצקי,IL,תה הילולי פירות 25 ש,גרמים,62.50,100 גרם,false,,17.90,0.2864,true,1,24603
7290000346199,false,חליטת פירות יער הגן הקסום ויסוצקי 25 יחידות,תה ויסוצקי,IL,תה פירות יער 25 שקיק,גרמים,67.50,100 גרם,false,,17.90,0.2652,true,1,24607
7290000346205,false,חליטת קמומיל הגן הקסום ויסוצקי 25 יחידות,תה ויסוצקי,IL,תה קמומיל 25 שקיקים,גרמים,37.50,100 גרם,false,,17.90,0.4773,true,1,24608
7290000347738,false,תה ירוק נענע ויסוצקי 25 יחידות,תה ויסוצקי,IL,תה ירוק נענע 25 שקיק,גרמים,37.50,100 גרם,false,,23.90,0.6373,true,1,24614
7290000347752,false,תה ירוק לימונית ולואיזה 25 שקיקים *1.5 ג'' ויסוצקי,תה ויסוצקי,IL,תה ירוק לימונית ולוא,גרמים,37.50,100 גרם,false,,23.90,0.6373,true,1,24615
7290000363899,false,נקניקיות פיקנטיות טירת צבי 400 גרם,טירת צבי - מדף,IL,נקניקיות פיקנטיות 40,גרמים,400.00,100 גרם,false,,11.90,0.0298,true,1,25321
7290000364278,false,דקניקים סלסולי סלמי איטלקי משובח טירת צבי 120 גרם,הנסיך- מפעל לייצור ט,IL,סלסולי סלמי איטלקי מ,גרמים,120.00,100 גרם,false,,16.80,0.1400,true,1,25325
7290000364285,false,דקניקים סלסולי פסטרמה הודו טירת צבי 120 גרם,הנסיך- מפעל לייצור ט,IL,טירת צבי סלסולי פסטר,גרמים,120.00,100 גרם,false,,16.80,0.1400,true,1,25326
7290000364292,false,דקניקים סלסולי פסטרמה הודו על גחלים 1% טירת צבי 120 גרם,הנסיך- מפעל לייצור ט,IL,סלסולי פסטרמה גחלים,גרמים,120.00,100 גרם,false,,16.80,0.1400,true,1,25327
7290000364803,false,נקניקיות בקר אמריקאיות טירת צבי 500 גרם,הנסיך- מפעל לייצור ט,IL,נקניקיות קרנץ אמריקא,גרמים,500.00,100 גרם,false,,30.90,0.0618,true,1,25330
7290000364810,false,נקניקיות עגל 500 גרםטירת צבי,הנסיך- מפעל לייצור ט,IL,נקנקיות עגל 500 גרם,גרמים,500.00,100 גרם,false,,30.90,0.0618,true,1,25331
7290000364858,false,"נקניקיות עוף טרי טירת צבי 1 ק""ג",הנסיך- מפעל לייצור ט,IL,נקניקיות עוף טרי 1 ק,קילוגרמים,1.00,"ק""ג",false,,30.90,30.9000,true,1,25332
7290000364872,false,נקניקיות עוף טירת צבי 400 גרם,טיב טירת צבי 2000,IL,נקניקיות עוף 400 גרם,גרמים,400.00,100 גרם,false,,12.90,0.0323,true,1,25333
7290000364957,false,נקניקיות עוף מיני מיני טירת צבי 700 גרם,הנסיך- מפעל לייצור ט,IL,נקנקיות מיני - מיני,גרמים,700.00,100 גרם,false,,26.90,0.0384,true,1,25334
7290000367590,false,פסטרמה כפרית וסלמי פריזר כפרי טירת צבי 2*400 גרם,טיב טירת צבי 2000,IL,צמד כפרי נק.סלמי+פסט,גרמים,800.00,100 גרם,false,,27.90,0.0349,true,1,25336
7290000377452,false,גרעיני אבטיח קליית גת 200 גרם,הדקלאים אגודת שיתופי,IL,גרעין אבטיח 200 גרם,גרמים,200.00,100 גרם,false,,13.90,0.0695,true,1,12739
7290000382210,false,שקיות גופיה ינות בית,,,שקיות גופיה ינות בית,יחידה,0.00,יחידה,false,,0.10,0.0000,true,1,48
7290000408316,false,יוגורט דנונה דל לקטוז 200 גרם,מיוצר עי קונדיטוריית,IL,דנונה טבעי 3% 200מל,מיליליטרים,200.00,"100 מ""ל",false,,3.70,0.0185,true,1,23238
7290000408354,false,יוגורט עם אורז מצופה שוקולד קקאו 175 ג' דנונה,"שטראוס בריאות בע""\מ",IL,דנונה קראנצ' פצפוצים,מיליליטרים,175.00,"100 מ""ל",false,,4.90,0.0280,true,1,23239
7290000412481,false,נוזל לניקוי אסלות 00 סנו 1 ליטר,מיוצר עי קונדיטוריית,IL,מנקה אסלות 1 ליטר 00,ליטרים,1.00,ליטר,false,,8.90,8.9000,true,1,29800
7290000416021,false,ממרח בטעם שוקולד השחר חלבי 500,השחר העולה,IL,ממרח שוקולד השחר 500,גרמים,500.00,100 גרם,false,,15.90,0.0318,true,1,28854
7290000416045,false,"ממרח בטעם שוקולד השחר 1 ק""ג",השחר העולה תעשייות מ,IL,ממרח שוקולד השחר 1 ק,קילוגרמים,1.00,"ק""ג",false,,27.90,27.9000,true,1,28856
7290000416618,false,"ממרח שוקולד פרווה השחר 400 גרם כשל""פ",השחר העולה תעשייות מ,IL,ממרח שוקולד פרווה הש,גרמים,400.00,100 גרם,false,,12.90,0.0323,true,1,28864
7290000418155,false,תחבושות טופ-פד סופר-פלוס 16 יחידות,מוצרי נייר עמיר,IL,.תחבושות טופ-פד סופר,יחידה,0.00,יחידה,false,,5.90,0.0000,true,1,29454
7290000419220,false,מארז קפה לנדוור לבוקר 3 יח 100 גרם,קפה לנדוור,IL,לנדוור כחול המקורי ק,גרמים,300.00,100 גרם,false,,18.90,0.0630,true,1,18646
7290000420332,false,פופסטאר פופקורן למיקרוגל בטעם חמאה 5 יחידות 500 גרם,פרסטון פארמס,US,פופסטאר פופקורן חמאה,גרמים,500.00,100 גרם,false,,17.90,0.0358,true,1,5731
7290000420417,false,גלילונית שקיות אשפה 52X65 עם שרוך 60 יחידות,"איטיליאן פוד, אס.פי.",IL,גלילונית שקיות אשפה,יחידה,0.00,יחידה,false,,23.90,0.0000,true,1,5732
7290000450209,false,פוסידון טונה בהירה בשמן 77 גרם,"מיוצר עי וליגר בעמ,",IL,טונה בשמן פוסידון 1,גרמים,108.00,100 גרם,false,,6.90,0.0639,true,1,16789
7290000453019,false,שמרים טריים לאפייה שקית שמרית 50 ג',"פאקא תעשיות בע""\מ",IL,שמרית שמרים טריים לא,גרמים,50.00,100 גרם,false,,4.90,0.0980,true,1,23240
7290000453125,false,שמרית שמרים טריים לאפייה +משפר אפייה 100ג,"פאקא תעשיות בע""\מ",IL,שמרית שמרים טריים לא,גרמים,100.00,100 גרם,false,,8.50,0.0850,true,1,23241
7290000453385,false,שמרים יבשים פארא אינסטנט 500 גרם עלית,פאקא תעשיות בעמ,GB,פאקא שמרים יבשים 500,גרמים,500.00,100 גרם,false,,13.90,0.0278,true,1,22194
7290000453408,false,בצק פיצה דק מצונן ומוכן לאפייה שמרית 415 גרם,"פאקא תעשיות בע""מ",FR,שמרית בצק פיצה דק מצ,גרמים,415.00,100 גרם,false,,17.90,0.0431,true,1,23242
7290000453415,false,בצק עלים מצונן ומוכן לאפייה שמרית 300 גרם,"פאקא תעשיות בע""מ",FR,שמרית בצק עלים מצונן,גרמים,300.00,100 גרם,false,,16.90,0.0563,true,1,23243
7290000453422,false,בצק פילו מצונן ומוכן לאפייה שמרית 300 גרם,"פאקא תעשיות בע""מ",GR,שמרית בצק פילו מוכן,גרמים,300.00,100 גרם,false,,16.90,0.0563,true,1,23244
7290000453798,false,שמרית שמרים יבשים אקטיביים 500 גר',"גי' בי' רכיבים בע""מ",IL,שמרים יבשים אקטיביים,גרמים,500.00,100 גרם,false,,14.90,0.0298,true,1,22195
7290000453866,false,נטורינה תחליף מרגרינה לבישול ואפיה קוקוס שמרית 200 גרם,גרונבאנג- גרונדנסק א,DK,נטורינה קוקוס שטראוס,גרמים,200.00,100 גרם,false,,8.50,0.0425,true,1,23245
7290000453880,false,מרגרינה ללא מלח לאפיה ובישול שמרית 200גר,"פאקא תעשיות בע""מ",IL,מרגרינה ללא מלח לאפי,גרמים,200.00,100 גרם,false,,4.90,0.0245,true,1,23247
7290000453897,false,מרגרינה בטעם חמאה שמרית 200 גרם,גרונבאנג- גרונדנסק א,IL,מרגרינה בטעם חמאה 20,גרמים,200.00,100 גרם,false,,4.90,0.0245,true,1,23248
7290000461700,false,בייגלה שמיניות גדולות מלוחות 400 גרם,בייגל את בייגל מזון 198),IL,ביגלה שמיניות גדולות,גרמים,400.00,100 גרם,false,,13.90,0.0348,true,1,10308
7290000462103,false,סחוג תימני אדום חריף עדין זהבי הכרם 150 גרם,קריניסה ויטמין אס אי,IL,סחוג אדום חריף עדין,גרמים,150.00,100 גרם,false,,8.90,0.0593,true,1,23249
7290000462172,false,סחוג תימני ירוק חריף זהבי הכרם 150 גרם,קריניסה ויטמין אס אי,IL,סחוג ירוק חריף מאוד,גרמים,150.00,100 גרם,false,,8.90,0.0593,true,1,23252
7290000462981,false,סחוג חריף אש זהבי 150 גרם,"זהבי הכרם בועז בע""מ-",IL,סחוג חריף אשש 150 גר,גרמים,150.00,100 גרם,false,,8.90,0.0593,true,1,83879
7290000467153,false,מלך החומוס סמיר הגדול 400 גרם צבר,סלטי צבר,IL,צבר חומוס סמיר הגדול,גרמים,400.00,100 גרם,false,,14.90,0.0373,true,1,19728
7290000474090,false,"חלב בקרטון 1%- 1 ליטר בד""צ - מוצר בפיקוח",מילקו תעשיות בעמ,IL,טרה חלב בקרטון 1% 1ל,ליטרים,1.00,ליטר,false,,5.86,5.8600,true,1,6345
7290000474502,false,גבינה לבנה טרה 5% מרכיבים טבעיים,הפריט בפיקוח,IL,טרה גבינה לבנה 5% 25,גרמים,250.00,100 גרם,false,,4.98,0.0199,true,1,6354
7290000474540,false,טוב טעם גבינה לבנה 3% טרה 250 גרם,קריות זול,IL,טוב טעם גבינה 3% 250,גרמים,250.00,100 גרם,false,,11.50,0.0460,true,1,6355
7290000474830,false,נעם גבינה צהובה מגורדת 28% טרה 500 גרם,מילקו תעשיות בעמ,IL,נעם גבינה צהובה מגור,גרמים,500.00,100 גרם,false,,33.60,0.0672,true,1,6356
7290000480107,false,קוואקר שיבולת שועל פחית 500 גרם,וולקרס סנקס לימיטד,GB,"קוואקר מהיר אטוס לל""",גרמים,500.00,100 גרם,false,,14.90,0.0298,true,1,24152
7290000480442,false,קוואקר שיבולת שועל בשקית 500 גרם,פריטו ליי FRITO-LAY,IL,שיבולת שועל בשקית קו,גרמים,500.00,100 גרם,false,,14.50,0.0290,true,1,24153
7290000481029,false,פיתות בטעם ביתי 10 יחידו,דגנית עין בר תעשיות מזון,IL,פיתות 10 יחידות בטעם,קילוגרמים,1.00,"ק""ג",false,,13.90,13.9000,true,1,57301
7290000481043,true,עשיריית פיתות כוסמין,,,עשיריית פיתות כוסמין,גרמים,700.00,100 גרם,false,,16.90,0.0241,true,1,131246
7290000481180,false,לחם מחמצת שאור 550 גרם דגנית,פריט ללא פיקוח,IL,לחם מחמצת שאור דגנית,גרמים,550.00,100 גרם,false,,18.90,0.0344,true,1,363497
7290000481197,false,לחם מחמצת גרעינים ושיבולת שועל 550 גרם דגנית,פריט ללא פיקוח,IL,לחם מחמצת גרעינים וש,גרמים,550.00,100 גרם,false,,18.90,0.0344,true,1,363498
7290000481203,false,לחם מחמצת מקמח מלא 550 גרם דגנית,פריט ללא פיקוח,IL,לחם מחמצת מקמח מלא ד,גרמים,550.00,100 גרם,false,,18.90,0.0344,true,1,363499
7290000481531,false,דגנית עין בר לחמניות אצבע מחיטה מלאה בשקית 750 ג',דגנית עין בר תעשיות מזון,IL,לחמניות 10 יחידות חי,גרמים,750.00,100 גרם,false,,14.90,0.0199,true,1,4462
7290000481883,false,דגנית עין בר מארז לחמניות 10 יח'*75 ג',דגנית עין בר תעשיות מזון,IL,10 לחמניות דגנית,גרמים,750.00,100 גרם,false,,14.90,0.0199,true,1,4466
7290000481913,false,6 לחמניות קלועות דגנ,,,6 לחמניות קלועות דגנ,גרמים,750.00,100 גרם,false,,19.90,0.0265,true,1,4467
7290000484747,false,עראק עלית 700 מל 40% כהל,יקב הגליל יוסף גולד ובניו,IL,"עלית הארק 40% 700 מ""",מיליליטרים,700.00,"100 מ""ל",false,,60.90,0.0870,true,1,28889
7290000493176,false,אסם אבקת רוטב צלי לבשר 22 ג',"אסם השקעות בע""\מ",IL,אסם אבקת רוטב צלי לב,גרמים,22.00,100 גרם,false,,3.90,0.1773,true,1,18680
7290000493183,false,אבקת רוטב פטריות לבשר-30 גרם,"אסם השקעות בע""\מ",IL,אסם אבקת רוטב פטריות,גרמים,30.00,100 גרם,false,,3.90,0.1300,true,1,18681
7290000496360,false,פילה בקלה דרום אפרי,,,פילה בקלה דרום אפרי,קילוגרמים,1.00,"ק""ג",true,,43.90,43.9000,true,1,186550
7290000496780,false,פילה אמנון 5-7 80% ק,,,פילה אמנון 5-7 80% ק,קילוגרמים,1.00,"ק""ג",true,,34.90,34.9000,true,1,342862
7290000504025,false,ממתיק סוכרזית פטרייה עלית 300 גרם,אף.סי תבליני בגליל ב,IL,סוכרזית פטריה 300 טב,גרמים,246.00,100 גרם,false,,10.90,0.0443,true,1,22202
7290000504049,false,סוכרזית קלאסי קנקן 1200 טבליות,אף.סי תבליני בגליל ב,IL,סוכרזית קנקן 1200 טב,גרמים,984.00,100 גרם,false,,21.90,0.0223,true,1,22203
7290000518176,false,ממתיק מתוק וקל 250 שקיות,מתוק וקל בעמ,IL,מתוק וקל ענק 250 שקי,גרמים,250.00,100 גרם,false,,19.90,0.0796,true,1,15786
7290000518251,false,ממתיק זהב מתוק וקל 100 יחידות,קריות זול,IL,מתוק וקל זהב 100 שקי,גרמים,100.00,100 גרם,false,,12.70,0.1270,true,1,15790
7290000521022,false,"של סגל, יין לבן חצי יבש 750 מ""ל","מיוצר ע""י כרמי צבי-",IL,סגל לבן חצי יבש 750,מיליליטרים,750.00,"100 מ""ל",false,,22.90,0.0305,true,1,9382
7290000522272,false,"שמנת לקפה רמת הגולן 10% 500 מ""ל עמידה",מחלבות רמת הגולן,IL,חלב הרים שמנת לקפה 1,מיליליטרים,500.00,"100 מ""ל",false,,9.90,0.0198,true,1,6364
7290000523125,false,מלח הארץ הים האדום 250 ג' עדין,"חברת מלח הארץ אילת בע""\מ",IL,מלח ים יבש הארץ 250,גרמים,250.00,100 גרם,false,,6.90,0.0276,true,1,24617
7290000523224,false,מלח הארץ הים האדום 500 ג' עדין,"חברת מלח הארץ אילת בע""\מ",IL,מלח ים יבש הארץ 500,גרמים,500.00,100 גרם,false,,8.90,0.0178,true,1,15457
7290000523514,false,מלח ים יבש מלח הארץ 250 גרם מופחת נתרן,"חברת מלח הארץ אילת בע""\מ",IL,מלח 50% פחות נתרן הא,גרמים,250.00,100 גרם,false,,10.90,0.0436,true,1,15458
7290000523804,false,"מלח עדין צנצנת 1 ק""ג מלח הארץ","חברת מלח הארץ אילת בע""\מ",IL,מלח עדין בצנצנת הארץ,קילוגרמים,1.00,"ק""ג",false,,7.50,7.5000,true,1,24619
7290000525969,false,מיץ תפוזים סחוט רכיבים טבעיים פרימור 1 ליטר,"גניר (1992) בע""מ",IL,פרימור מיץ תפוזים 1ל,ליטרים,1.00,ליטר,false,,15.90,15.9000,true,1,23256
7290000530086,false,נקניק סלמי מעושן זוגלובק 600 גרם,נקניק נהריה כשר זוגל,IL,סלמי מעושן 7000 א.מ.,גרמים,600.00,100 גרם,false,,37.90,0.0632,true,1,38915
7290000530116,false,נקניק סלמי מעושן בשן 470 ג' זוגלובק,נקניק נהריה כשר זוגל,IL,סלמי מעושן בשן זוגלו,גרמים,470.00,100 גרם,false,,27.90,0.0594,true,1,38917
7290000530291,false,נקניק מבשר הודו קטן זוגלובק 750 גרם,נקניק נהריה כשר זוגל,IL,זוגלובק נקניק מבשר ה,גרמים,800.00,100 גרם,false,,22.90,0.0286,true,1,38919
7290000530468,false,"נקניקיות וינר זוגלובק 1 ק""ג",זוגלובק,IL,נקניקיות וינר טרי 1ק,קילוגרמים,1.00,"ק""ג",false,,32.90,32.9000,true,1,38921
7290000530598,false,נקניקיות עוף וינר זוגלובק 500 גרם,נקניק נהריה כשר זוגל,IL,נקניקיות וינר טרי זו,גרמים,500.00,100 גרם,false,,16.90,0.0338,true,1,38924
7290000530703,false,פסטרמה חרמון כפרית ונקניק תה מעושן זוגלובק 2*400 גרם,נקניק נהריה כשר זוגל,IL,זוג תה 400 + חרמון 4,גרמים,800.00,100 גרם,false,,34.90,0.0436,true,1,38926
7290000533353,false,"בצק עלים צרפתי 1 ק""ג זוגלובק",מאפיית אריאל וגידרון,IL,זוגלובק בצק עלים 1קג,קילוגרמים,1.00,"ק""ג",false,,16.90,16.9000,true,1,38931
7290000537566,false,נקניקיות עוף טרי 400 ג' זוגלובק,נקניק נהריה כשר זוגל,IL,נקניקיות עוף טרי 400,גרמים,400.00,100 גרם,false,,14.90,0.0373,true,1,38943
7290000537603,false,"נקניקיות עוף זוגלובק 1 ק""ג",זוגלובק,IL,"נקנקיות עוף 1 ק""ג -ז",קילוגרמים,1.00,"ק""ג",false,,32.90,32.9000,true,1,38944
7290000538709,false,נקניק סלמי תה מעושן זוגלובק 200 גרם,זוגלובק,IL,תה מעושן 200 גרם,גרמים,200.00,100 גרם,false,,15.90,0.0795,true,1,38949
7290000552569,false,סטייקבורגר בקר טיבון ויל 400 גרם,"טיבון ויל אחזקות בע""\מ",IL,סטייק בורגר 400 ג'-ט,גרמים,400.00,100 גרם,false,,19.90,0.0497,true,1,16794
7290000554402,false,מעדן חלב מלבי 5% גד 170 גרם,"מיוצר ע""\י קוד יצרן EDNK",IL,"גד מלבי 160 מ""ל",מיליליטרים,160.00,"100 מ""ל",false,,7.00,0.0438,true,1,14621
7290000554457,false,גבינה צפתית במליחות עדינה 5% גד 350 גרם,"מחלבות גד בע""\מ",IL,גד צפתית מיני 5% 350,גרמים,350.00,100 גרם,false,,22.20,0.0634,true,1,14622
7290000554532,false,גבינה צפתית מעודנת במלח ים 5% 200 ג' גד,הנסיך- מפעל לייצור ט,IL,גד צפתית מעודנת במלח,גרמים,200.00,100 גרם,false,,16.90,0.0845,true,1,14624
7290000554624,false,מעדן חלב ירח מתוק עם אורז 3% גד 150 גרם,"מיוצר ע""\י קוד יצרן EDNK",IL,גד ירח מתוק 150מל,גרמים,150.00,100 גרם,false,,7.00,0.0467,true,1,14626
7290000554686,false,גבינת לאבנה בתוספת שמן זית וזעתר 5% גד 250 גרם,מחלבות גד בעמ,IL,גד לאבנה בשמן זית וז,גרמים,250.00,100 גרם,false,,16.70,0.0668,true,1,14627
7290000560533,false,אדג' ג'ל גילוח ירוק לעור רגיל 198גרם,אס.סי ג'ונסון ובניו,US,ג'ל גילוח ירוק לעור,מיליליטרים,200.00,"100 מ""ל",false,,16.90,0.0845,true,1,5740
7290000560540,false,אדג' ג'ל גילוח כתום לעור רגיש 198גרם,המאפיה של הרמן,US,ג'ל גילוח כתום לעור,מיליליטרים,200.00,"100 מ""ל",false,,16.90,0.0845,true,1,5741
7290000572543,false,חלוה בטעם שוקו וניל אחווה 400 גרם,אחדות ביחר לטחינה חל,IL,חלוה בטעם שוקו וניל,גרמים,400.00,100 גרם,false,,11.90,0.0298,true,1,682
7290000574035,false,לחם אחיד פרוס 750גרם דגנית עין בר,יוניליוור גרמניה Gm,IL,לחם אחיד פרוס דגנית,גרמים,750.00,100 גרם,false,,7.11,0.0095,true,1,4472
7290000574141,false,לחם חיטה מלא 750ג' דגנית עין בר,דגנית עין בר תעשיות מזון,IL,לחם חיטה מלאה דגנית,גרמים,750.00,100 גרם,false,,15.90,0.0212,true,1,4478
7290000574172,false,לחם קל מחיטה מלאה 750 ג' דגנית עין בר,דגנית עין בר תעשיות מזון,IL,לחם קל חיטה מלאה דגנ,גרמים,750.00,100 גרם,false,,15.90,0.0212,true,1,4480
7290000574455,false,לחם חיטה מלא פלוס כוסמין 750 ג' דגנית עין בר,פריט ללא פיקוח,IL,לחם חיטה מלא+כוסמין,גרמים,750.00,100 גרם,false,,15.90,0.0212,true,1,4492
7290000599441,false,סחבות מגולגלות שייני,,,סחבות מגולגלות שייני,יחידה,0.00,יחידה,false,,10.90,0.0000,true,1,13409
7290000604343,false,תמר דקל נור 400 גר,פרי וירק טמרה ושותפי,,תמר דקל נור 400גר,גרמים,400.00,100 גרם,false,,9.90,0.0248,true,1,42934
7290000610549,false,פילה מדומה 6 חלק אור,,,פילה מדומה 6 חלק אור,קילוגרמים,1.00,"ק""ג",true,,41.90,41.9000,true,1,262194
7290000611039,false,פילה סלמון נורבגי קפ,,,פילה סלמון נורבגי קפ,קילוגרמים,1.00,"ק""ג",true,,84.90,84.9000,true,1,140622
7290000644783,false,נתחי פילה סלמון קפוא קג,דגי תנובה,DK,דגי תנובה נתחי פילה,קילוגרמים,1.00,"ק""ג",true,,89.90,89.9000,true,1,26480
7290000652542,false,פילה אמנון קפוא 5-7 קג,דגי תנובה,IL,פילה אמנון 5-7 100%,קילוגרמים,1.00,"ק""ג",true,,39.90,39.9000,true,1,91201
7290000654546,false,פילה אמנון 7-9 100% דג תנובה,תנובה,CN,פילה אמנון 7-9 100%,קילוגרמים,1.00,"ק""ג",true,,39.90,39.9000,true,1,91203
7290000655376,false,פילה דניס קפוא תנובה,דגי תנובה,TR,פילה דניס קפוא,קילוגרמים,1.00,"ק""ג",true,,89.90,89.9000,true,1,26486
7290000659312,false,דגי תנובה פילה סלומון קפוא בוואקום,דגי תנובה,IL,דגי תנובה פילה סלמון,קילוגרמים,1.00,"ק""ג",true,,79.90,79.9000,true,1,26490
7290000663036,false,פילה אמנון קפוא ללא עור 100% דג תנובה,דגי תנובה,IL,פילה אמנון ללא עור 1,קילוגרמים,1.00,"ק""ג",true,,44.90,44.9000,true,1,156171
7290000663135,false,קוביות סלומון קפוא 100% דג 300 גרם תנובה,"צ'\ילה, Ll MONTT, PUERTO",CL,קוביות סלמון 300 גרם,גרמים,300.00,100 גרם,false,,32.90,0.1097,true,1,179056
7290000680123,false,כנפיים עוף טרי ארוז,,,כנפיים עוף טרי ארוז,קילוגרמים,1.00,"ק""ג",true,,11.90,11.9000,true,1,49901
7290000680451,false,כבד עוף טרי ארוז.,,,כבד עוף טרי ארוז.,קילוגרמים,1.00,"ק""ג",true,,23.90,23.9000,true,1,49910
7290000680475,false,לבבות עוף טרי ארוז,,,לבבות עוף טרי ארוז,קילוגרמים,1.00,"ק""ג",true,,27.90,27.9000,true,1,49912
7290000681304,false,כרעיים עוף טרי מחפוד,,,כרעיים עוף טרי מחפוד,קילוגרמים,1.00,"ק""ג",true,,34.90,34.9000,true,1,49919
7290000681311,false,ירכיים עוף טרי מחפוד,,,ירכיים עוף טרי מחפוד,קילוגרמים,1.00,"ק""ג",true,,34.90,34.9000,true,1,49920
7290000681328,false,מחפוד שוקיים עוף טרי,,,מחפוד שוקיים עוף טרי,קילוגרמים,1.00,"ק""ג",true,,36.90,36.9000,true,1,49921
7290000681366,false,כנפיים עוף מחפוד ב-ק,,,כנפיים עוף מחפוד ב-ק,קילוגרמים,1.00,"ק""ג",true,,14.90,14.9000,true,1,49925
7290000681380,false,שניצל עוף טרי מחפוד,,,שניצל עוף טרי מחפוד,קילוגרמים,1.00,"ק""ג",true,,36.90,36.9000,true,1,49927
7290000688084,false,מי עדן פקק ספורטאים500מל,"מופק ממקור בזלתי עדן ,1",IL,מי עדן 1/2 ליטר ספור,מיליליטרים,500.00,"100 מ""ל",false,,2.90,0.0058,true,1,11459
7290000688176,false,מים מינרליים בייבי מ,מופק ממקור בזלתי עדן,IL,"מי עדן בייבי 330 מ""ל",מיליליטרים,250.00,"100 מ""ל",false,,2.90,0.0116,true,1,11461
7290000688374,false,"מים מינרליים מי עדן בייבי 6*330 מ""ל","מופק ממקור בזלתי עדן ,1",IL,"מי עדן בייבי 330 מ""ל",ליטרים,1.98,ליטר,false,,15.90,8.0303,true,1,11462
7290000688381,false,שישיית מי עדן פקק ספורט 0.5 ליטר,"מופק ממקור בזלתי עדן ,1",IL,מי עדן פקק ספורט 6*5,ליטרים,3.00,ליטר,false,,14.90,4.9667,true,1,11463
7290000688466,false,מים מינרלים פקק ספור,מופק ממקור בזלתי עדן,IL,מי עדן ג'ים 750מל,מיליליטרים,750.00,"100 מ""ל",false,,2.90,0.0039,true,1,11465
7290000688503,false,"מים מינרלים פקק ספורט מי עדן 6*750 מ""ל","מופק ממקור בזלתי עדן ,1",IL,מי עדן ג'ים 6*750מל,ליטרים,4.50,ליטר,false,,16.90,3.7556,true,1,11466
7290000707161,false,פטם כנף במגש קפוא לל,,,פטם כנף במגש קפוא לל,קילוגרמים,1.00,"ק""ג",true,,10.90,10.9000,true,1,335094
7290000803180,false,מרידול מי פהשטיפה דנטלית 400 מל,קולגייט פלמוליב,CH,מי פה דנטלית מרידול,מיליליטרים,400.00,"100 מ""ל",false,,32.90,0.0822,true,1,21421
7290000835961,false,פילה אמנון 7-9 בוואק,,,פילה אמנון 7-9 בוואק,קילוגרמים,1.00,"ק""ג",true,,32.90,32.9000,true,1,71084
7290000909387,false,ניוקי אבאל תפוא 1 קג,Ciemme Alimentari SR,IT,"ניוקי אבאל 1 ק""ג",קילוגרמים,1.00,"ק""ג",false,,11.90,11.9000,true,1,48893
7290000910291,false,פלפל צ`ילי,,,פלפל צ`ילי,גרמים,100.00,100 גרם,false,,7.90,0.0790,true,1,46574
7290001041130,false,ממרח תמרים מיה 450 גרם,מיה תעשיות מזון מ.ת.מ. ב,IL,ממרח תמרים מיה 450 ג,גרמים,450.00,100 גרם,false,,7.80,0.0173,true,1,14847
7290001041154,false,"גריסים מיה 1 ק""ג",מיה תעשיות מזון מ.ת.מ. ב,IL,גריסים 1 ק'ג,קילוגרמים,1.00,"ק""ג",false,,9.20,9.2000,true,1,14849
7290001041192,false,"עדשים אדומים יבשים מיה 1 ק""ג",מיה תעשיות מזון מ.ת.מ. ב,IL,עדשים אדומות 1 ק'ג,קילוגרמים,1.00,"ק""ג",false,,13.90,13.9000,true,1,14853
7290001041215,false,"מיה חיטה 1 ק""ג",מיה תעשיות מזון מ.ת.מ. ב,IL,חיטה 1 ק'ג,קילוגרמים,1.00,"ק""ג",false,,9.20,9.2000,true,1,14855
7290001041277,false,פירורי לחם רגיל מיה 400ג ',מיה תעשיות מזון מ.ת.מ. ב,IL,פרורי לחם 400 גרם,גרמים,400.00,100 גרם,false,,7.90,0.0198,true,1,14858
7290001045169,false,מיץ תפוחי עץ צלול פרימור 1 ליטר,"גניר (1992) בע""מ",IL,פרימור מיץ תפוחים צל,ליטרים,1.00,ליטר,false,,15.90,15.9000,true,1,23257
7290001045688,false,"מיץ תפוזים סחוט פרימור 400 מ""ל",פרימור,IL,פרימור מיץ תפוזים 40,מיליליטרים,400.00,"100 מ""ל",false,,7.90,0.0197,true,1,23262
7290001123775,false,שווארמה אמיתית פרגיות טיבון ויל 500 גרם,"טיבול ויל אחזקות בע""",IL,שווארמה פרגיות 500 ג,גרמים,500.00,100 גרם,false,,26.90,0.0538,true,1,16803
7290001123782,false,שווארמה אמיתית הודו טיבון ויל 500 גרם,טיבון ויל - נטו,IL,שווארמה הודו 500 גרם,גרמים,500.00,100 גרם,false,,26.90,0.0538,true,1,16804
7290001124611,false,שומן כבש טיבון ויל 200 גרם,טיבון ויל אחזקות בעמ,IL,שומן כבש 200 גרם,גרמים,200.00,100 גרם,false,,22.90,0.1145,true,1,16806
7290001136287,false,"שמפו לשיער רגיל בבושם פרחים נקה 7 750 מ""ל","אמיליה קוסמטיקס בע""מ",IL,שמפו רגיל ירוק נקה 7,מיליליטרים,750.00,"100 מ""ל",false,,12.90,0.0172,true,1,29802
7290001136362,false,נקה 7 תחליב רחצה אלוורה ארומה ירוק 1 ל',מיוצר בסין.יבוא ושיו,IL,תחליב רחצה אלוורה ות,יחידה,0.00,יחידה,false,,16.60,0.0000,true,1,29805
7290001136683,false,"מרכך לשיער רגיל בבושם פרחים נקה 7 750 מ""ל","אמיליה קוסמטיקס בע""מ",IL,מרכך רגיל ירוק נקה 7,מיליליטרים,750.00,"100 מ""ל",false,,12.90,0.0172,true,1,29807
7290001136799,false,נקה 7 תחליב רחצה ארומה ורוד יסמין 1 ל',מיוצר בסין.יבוא ושיו,IL,תחליב רחצה ורד ויסמי,יחידה,0.00,יחידה,false,,16.60,0.0000,true,1,29808
7290001201510,false,תבנית ביצים מדיום 30 יח',לסר,IL,30 ביצים M מ.לסר,יחידה,0.00,יחידה,false,,27.87,0.0000,true,1,13622
7290001201589,false,ביצים ארוזות L 12 יחידות,שופרסל,IL,12 ביצים L מ.לסר,יחידה,0.00,יחידה,false,,12.05,0.0000,true,1,13625
7290001201602,false,ביצים 18 יח גדול לסר,לסר,IL,18ביצים L מ.לסר,יחידה,0.00,יחידה,false,,18.07,0.0000,true,1,218621
7290001201824,false,תבנית ביצים 12 יח' לארג' אורגני,מ.לסר,IL,12 ביצים L אורגני מ,יחידה,0.00,יחידה,false,,23.90,0.0000,true,1,13634
7290001201893,false,ביצים אומגה M 12 יח,,,12 ביצים M אומגה 3,יחידה,0.00,יחידה,false,,18.90,0.0000,true,1,13639
7290001216040,false,טחינה גולמית שומשום טהור אל ארז 500 גרם,אגס ירוק מסחר ושירותים,IL,טחינה אל ארז 100% שו,גרמים,500.00,100 גרם,false,,15.90,0.0318,true,1,34849
7290001216101,false,"טחינה שומשום מלא אל ארז 1 ק""ג",טחינה אל ארז,IL,טחינה אל ארז 100% שו,קילוגרמים,1.00,"ק""ג",false,,32.90,32.9000,true,1,308719
7290001230331,false,סיגריות כאמל בוקס חפ,Unknown,CH,כאמל בוקס קופסא בודד,יחידה,0.00,יחידה,false,,33.00,0.0000,false,1,4078
7290001245699,false,אקונומיקה סמיכה בניחוח לימון 4 ל' טאצ',,IL,ג'ל אקונומיקה סמיכה,ליטרים,4.00,ליטר,false,,13.90,3.4750,true,1,37976
7290001245705,false,אקונומיקה מבושמת טאצ' 4 ליטר,סאסאטק,IL,אקונומיקה מבושמת 4 ל,ליטרים,4.00,ליטר,false,,10.90,2.7250,true,1,37977
7290001245712,false,אקונומיקה 4 ליטר טאצ,,,אקונומיקה טאצ' 4 ליט,ליטרים,4.00,ליטר,false,,10.90,2.7250,true,1,37978
7290001245798,false,נוזל כלים לימון טאצ' 18% 1.6 ליטר,,IL,נוזל כלים לימון 18%,ליטרים,1.60,ליטר,false,,10.90,6.8125,true,1,37982
7290001245828,false,נוזל כלים קלאסי טאצ' 18% 1.6 ליטר,,IL,נוזל כלים קלאסי 18%,ליטרים,1.60,ליטר,false,,10.90,6.8125,true,1,37984
7290001245897,false,נוזל רצפות יסמין 4 לי' טאצ',,IL,נוזל רצפות יסמין 4 ל,ליטרים,4.00,ליטר,false,,13.90,3.4750,true,1,37991
7290001245958,false,מרכך כביסה ורוד טאצ' 4 ליטר,,IL,מרכך כביסה טאצ' ורוד,ליטרים,4.00,ליטר,false,,14.90,3.7250,true,1,37996
7290001245965,false,מרכך כביסה כחול טאצ' 4 ליטר,,IL,מרכך כביסה טאצ' כחול,ליטרים,4.00,ליטר,false,,14.90,3.7250,true,1,37997
7290001245972,false,מרכך כביסה לבן טאצ' 4 ליטר,,IL,מרכך כביסה טאצ' לבן,ליטרים,4.00,ליטר,false,,14.90,3.7250,true,1,37998
7290001245989,false,מרכך כביסה סגול טאצ' 4 ליטר,,IL,מרכך כביסה טאצ' סגול,ליטרים,4.00,ליטר,false,,14.90,3.7250,true,1,37999
7290001246085,false,טאצ' מרסס ניקוי חלונות 1 ליטר,,IL,תרסיס מנקה חלונות 1,ליטרים,1.00,ליטר,false,,6.90,6.9000,true,1,38003
7290001246528,false,מרכך כביסה מרוכז פרפיום מיסטרי טאצ' 1 ל',סאסאטק,IL,מרכך כביסה מרוכז פרפ,ליטרים,1.00,ליטר,false,,13.90,13.9000,true,1,38018
7290001246757,false,נוזל רצפות מלון בוטיק טאצ' 2 ליטר,סאסאטק,IL,נוזל רצפות מלון בוטי,ליטרים,2.00,ליטר,false,,18.90,9.4500,true,1,38020
7290001246832,false,ג'ל כביסה כחול 5 ליטר שנ,,IL,ג'ל כביסה כחול טאצ',ליטרים,5.00,ליטר,false,,29.90,5.9800,true,1,231162
7290001247068,false,קרטונית נקטר ספרינג תות בננה 1 ליטר,יפאורה שותפות מובגלת לשיווק,IL,ספרינג תות בננה קרטו,ליטרים,1.00,ליטר,false,,6.90,6.9000,true,1,11480
7290001247082,false,מיץ עגבניות רכיבים טבעיים ספרינג 1 ליטר,יפאורה שותפות מובגלת לשיווק,IL,ספרינג עגבניות קרטונ,ליטרים,1.00,ליטר,false,,6.90,6.9000,true,1,11481
7290001247099,false,קרטונית נקטר ספרינג מנגו 1 ליטר,יפאורה שותפות מובגלת לשיווק,IL,ספרינג מנגו קרטונית,ליטרים,1.00,ליטר,false,,6.90,6.9000,true,1,11482
7290001247105,false,קרטונית נקטר ספרינג אפרסק 1 ליטר,יפאורה שותפות מובגלת לשיווק,IL,ספרינג נקטר אפרסק 1ל,ליטרים,1.00,ליטר,false,,6.90,6.9000,true,1,11483
7290001247112,false,קרטונית נקטר ספרינג לימונענע 1 ליטר,יפאורה שותפות מובגלת לשיווק,IL,ספרינג לימונענע קרטו,ליטרים,1.00,ליטר,false,,6.90,6.9000,true,1,11484
7290001247129,false,נקטר ספרינג תפוזים קרטונית 1 ל',יפאורה שותפות מובגלת לשיווק,IL,ספרינג תפוז קרטונית,ליטרים,1.00,ליטר,false,,6.90,6.9000,true,1,11485
7290001247143,false,קרטונית נקטר ספרינג תפוחים 1 ליטר,יפאורה שותפות מובגלת לשיווק,IL,ספרינג תפוח קרטונית,ליטרים,1.00,ליטר,false,,6.90,6.9000,true,1,11487
7290001274231,false,שלגון פיסטוק פלדמן,,IL,שלגון פסים 75 גרם,גרמים,75.00,100 גרם,false,,6.90,0.0920,true,1,281706
7290001274262,false,שלגון לוקס פלדמן,פלדמן,IL,שלגון לוקס 85 גרם,גרמים,85.00,100 גרם,false,,9.50,0.1118,true,1,281734
7290001305058,false,"פלמוליב - נטורלס תחליב רחצה חלב ודבש 500 מ""ל",הנסיך- מפעל לייצור ט,TR,סבון נוזלי חלב ודבש,מיליליטרים,500.00,"100 מ""ל",false,,17.90,0.0358,true,1,21424
7290001305188,false,"נוזל לניקוי כלים בריח לימון פלמוליב 750 מ""ל",יבואן ומשווק: ש. שסט,GR,פלמוליב לכלים פריחת,מיליליטרים,750.00,"100 מ""ל",false,,12.90,0.0172,true,1,21425
7290001327791,false,גלידת קרמיסימו וניל עוגיות חלבי,"גלידת שטראוס בע""\מ, רחוב",IL,קרמיסימו עוגיות 1.33,ליטרים,1.33,ליטר,false,,21.90,16.4662,true,1,4232
7290001407547,false,טחינה גולמית משומשום מלא פי 6 בארכה 500ג',"רושדי תעשיות מזון בע""\מ",IL,בארכה טחינה שומשום מ,גרמים,500.00,100 גרם,false,,16.90,0.0338,true,1,18692
7290001407769,false,טחינה גולמית שומשום מלא בארכה 500 גרם,"רושדי תעשיות מזון בע""\מ",IL,בארכה טחינה עם שומשו,גרמים,500.00,100 גרם,false,,16.90,0.0338,true,1,18695
7290001407844,false,חלבה קלאסית בטעם וניל בארכה 350 גרם,"רושדי תעשיות מזון בע""\מ",IL,חלבה קלאסית וניל באר,גרמים,350.00,100 גרם,false,,17.10,0.0489,true,1,18699
7290001407936,false,בארכה-טחינה גולמית מעודנת בקבוק לחיץ 310 ג',"רושדי תעשיות מזון בע""\מ",IL,בארכה טחינה מעודנת 3,גרמים,310.00,100 גרם,false,,12.90,0.0416,true,1,18700
7290001419779,false,וופל שוקו' עלמה קלאסי 200 גר,"גילרו בע""מ",IL,וופל עלמה קלאסי 200,גרמים,200.00,100 גרם,false,,3.90,0.0195,true,1,41239
7290001436790,false,נקנקיות מרגז מיני אקסטרה חריף ארוז בלדי 500 ג',יוליניבר,IL,מרגז מיני אקסטרה חרי,גרמים,500.00,100 גרם,false,,28.90,0.0578,true,1,218625
7290001459935,false,"אפונה 800 גרם בד""ץ עדה חרדית",פספרוסט,BE,אפונה בלדי 800 גרם,גרמים,800.00,100 גרם,false,,11.90,0.0149,true,1,321442
7290001459942,false,"אפונה וגזר 800 גרם ארוז בד""ץ עדה חרדית",פספרוסט,BE,אפונה וקוביות גזר בל,גרמים,800.00,100 גרם,false,,11.90,0.0149,true,1,321457
7290001485019,false,גבינת קרם שמנת טבעי 5% טרה 200 גרם,קריות זול,IL,טרה גבינת שמנת טבעי,גרמים,200.00,100 גרם,false,,11.90,0.0595,true,1,6366
7290001491096,false,תה ירוק בתוספת לימונית ולואיזה 50 שקיקים ויסוצקי,תה ויסוצקי,IL,תה ירוק בתוספת לימונ,גרמים,75.00,100 גרם,false,,47.90,0.6387,true,1,24623
7290001594025,false,"קוקה קולה זכוכית 350 מ""ל",החברה המרכזית לייצור,IL,קוקה קולה קלאסי 350,מיליליטרים,350.00,"100 מ""ל",false,,6.90,0.0197,true,1,6828
7290001594230,false,קינלי סודה בבקבוק זכוכית,החברה המרכזית לייצור,IL,סודה קינלי 250 מ'ל,מיליליטרים,250.00,"100 מ""ל",false,,3.90,0.0156,true,1,6841
7290001594377,false,פריגת תפוזים 0.5 ליטר חייב בפקדון,מבשלות בירה בינלאומיות ב,IL,פריגת משקה תפוזים 50,מיליליטרים,500.00,"100 מ""ל",false,,7.50,0.0150,true,1,6846
7290001594865,false,"שישייה בירה קרלסברג בקבוק 330 מ""ל",מבשלות בירה בינלאומיות ב,IL,קרלסברג בירה בקבוק 6,ליטרים,1.98,ליטר,false,,39.90,20.1515,true,1,6860
7290001648995,false,"מארז קפה טורקי ""רג'ואן"" 100X3 גרם",רוני רג'ואן ושות,IL,קפה רגואן 3*100גרם.,גרמים,100.00,100 גרם,false,,13.90,0.1390,true,1,20492
7290001670057,false,כפיות לבן 100 יחידות,הנמל אריזות ושיווק ב,IL,.סכום ח.פ.כפיות 100י,יחידה,0.00,יחידה,false,,13.90,0.0000,true,1,7723
7290001713167,false,סנט מוריץ - מרסס קצף ניקוי 1 ליטר סניטרי אפור,קומפלקס כימיקלים בעמ,IL,קצף לניקוי כלים סניט,ליטרים,1.00,ליטר,false,,13.90,13.9000,true,1,20090
7290001791349,false,פיסגה אקונומיקה ריחנית סנו 4 ליטר,"סנו מפעלי ברונוס בע""מ",IL,אקונומיקה ריחנית פסג,ליטרים,4.00,ליטר,false,,11.90,2.9750,true,1,29831
7290001813454,false,"עוגיות חיוכים שוקולד עלית 900 גרם מארז 6 יחידות בד""צ",אפיפית נצרת תעשיות ב,IL,חיוכים חגיגה שוק 900,גרמים,900.00,100 גרם,false,,20.90,0.0232,true,1,22212
7290001813478,false,"עוגיות חיוכים וניל עלית 900 גרם מארז 6 יחידות בד""צ",אפיפית נצרת תעשיות ב,IL,חיוכים חגיגה וניל 90,גרמים,900.00,100 גרם,false,,20.90,0.0232,true,1,22213
7290001817728,false,צ'יטוס אפוי כאפה בטעם קטשופ 55 גרם,"שטראוס פריטו ליי בע""\מ )",IL,ציטוס כאפה 55 גרם,גרמים,55.00,100 גרם,false,,3.50,0.0636,true,1,24156
7290001865453,false,פמילי לקשרי 1 ליטר לבנדר ארומטי+משאבה,מיוצר עי קונדיטוריית,TR,סבון נוזלי לבנדר+ מש,יחידה,0.00,יחידה,false,,11.90,0.0000,true,1,5760
7290001917527,false,פרש וואנס פדים להסרת איפור 80 יח' *3,קריות זול,IL,פדיות קוסמטיות פרש ו,יחידה,0.00,יחידה,false,,20.90,0.0000,true,1,5764
7290001946121,false,פפריקה מרוקאית מתוקה תבליני ביטון 400 גרם,"דין שיווק וקלייה בע""",IL,פפריקה מתוקה בשמן בי,גרמים,400.00,100 גרם,false,,19.90,0.0497,true,1,185332
7290001990094,false,"סוכר חום כהה צנצנת קלאסי סוגת 1ק""ג",האי נאם סי או אל.טי.,IL,סוכר חום בצנצנת קלאס,קילוגרמים,1.00,"ק""ג",false,,15.90,15.9000,true,1,17311
7290001990117,false,שומשום סוגת 100 גרם,האי נאם סי או אל.טי.,IL,שומשום 100 גרם,גרמים,100.00,100 גרם,false,,3.90,0.0390,true,1,17312
7290001990261,false,"סוגת חומוס 1 ק""ג","סוגת תעשיות בע""\מ",IL,"סוגת חומוס 1 ק""ג",קילוגרמים,1.00,"ק""ג",false,,15.90,15.9000,true,1,17314
7290001990278,false,"שעועית לבנה סוגת 1 ק""ג","סוגת תעשיות בע""\מ",IL,סוגת שעועית לבנה 1 ק,קילוגרמים,1.00,"ק""ג",false,,19.90,19.9000,true,1,17315
7290001990391,false,אפונה יבשה 1קג סוגת,"סוגת תעשיות בע""\מ",IL,"אפונה 1 ק""ג",קילוגרמים,1.00,"ק""ג",false,,12.90,12.9000,true,1,17317
7290001990414,false,"עדשים אדומים יבש סוגת 1 ק""ג","סוגת תעשיות בע""\מ",IL,סוגת עדשים אדומים 1,קילוגרמים,1.00,"ק""ג",false,,15.90,15.9000,true,1,17319
7290002000143,false,"חדש -פנג'ל ק.ידיים קלאסיק 80מ""ל",מיוצר עי קונדיטוריית,IL,קרם ידיים קלאסיק פנג,מיליליטרים,100.00,"100 מ""ל",false,,8.80,0.0880,true,1,5767
7290002001782,false,פנג'ל פלוס לכף הרגל 100מ,אינטרקוסמא,IL,קרם לטיפוח כף הרגל פ,גרמים,100.00,100 גרם,false,,19.90,0.1990,true,1,5770
7290002043782,false,אקסטרה צ'יפס אורז חום מלא טקסס ברביקיו 60 גרם,נוהלס ג'\י אס סי.,BG,צ'יפס טקסס ברבקיו אק,גרמים,60.00,100 גרם,false,,8.90,0.1483,true,1,97266
7290002043850,false,חטיף אורז אקסטרה בציפוי שוקולד מריר 90 גרם,,,אקסטרה חטיף אורז חום,גרמים,90.00,100 גרם,false,,13.90,0.1544,true,1,343903
7290002043874,false,חטיף אורז אקסטרה קרמל בציפוי שוקולד לבן,,,אקסטרה חטיף אורז חום,גרמים,90.00,100 גרם,false,,13.90,0.1544,true,1,343905
7290002053088,false,אטריות ביצים דקיקים מספר 8 אוריינט 200 גרם,פ.פ.ח טאביט,PL,אטריות ביצים מס' 8 א,גרמים,210.00,100 גרם,false,,7.90,0.0376,true,1,3435
7290002057017,false,זיתים נובו ענק A2 יבנה 330ג',שיוך למחסן 17,IL,זיתים נובו ענק קבוצת,גרמים,560.00,100 גרם,false,,9.90,0.0177,true,1,44703
7290002057031,false,זיתים מבוקעים פיקנטי קבוצת יבנה 340 גרם,קבוצת יבנה,IL,זיתים מבוקעים פיקנטי,גרמים,560.00,100 גרם,false,,9.90,0.0177,true,1,44704
7290002057048,false,זית יבנה סורי מבוקע בשמן זית 340 גרם,קבוצת יבנה,IL,זית סורי מבוקע יבנה,גרמים,540.00,100 גרם,false,,11.90,0.0220,true,1,44705
7290002057123,false,זיתים ירוקים מנזנילו קבוצת יבנה 560 גרם,קבוצת יבנה,IL,זיתים חרוזית ירוק קב,גרמים,275.00,100 גרם,false,,10.90,0.0396,true,1,44712
7290002057352,false,מלפפונים במלח ‏9‏-‏7‏ קבוצת יבנה 320 גרם,קבוצת יבנה מוצרי מזון,IL,מלפפונים במלח 7-9 ק,גרמים,560.00,100 גרם,false,,7.90,0.0141,true,1,44726
7290002057369,false,מלפפונים במלח ‏12‏-‏10‏ קבוצת יבנה 320 גרם,קבוצת יבנה,IL,מלפפון במלח 10-12 קב,גרמים,560.00,100 גרם,false,,8.90,0.0159,true,1,44727
7290002057376,false,מלפפונים במלח ‏17‏-‏13‏ קבוצת יבנה 320 גרם,קבוצת יבנה,IL,מלפפון במלח 13-17 קב,גרמים,560.00,100 גרם,false,,10.90,0.0195,true,1,44728
7290002057437,false,פלפל שיפקונית קבוצת יבנה 225 גרם,קבוצת יבנה,IL,שיפקונית קבוצת יבנה,גרמים,560.00,100 גרם,false,,10.90,0.0195,true,1,114033
7290002057451,false,מלפפונים בחומץ ‏9‏-‏7 קבוצת יבנה 290 גרם,קבוצת יבנה מוצרי מזון,IL,מלפפון בחומץ 7-9 קבו,גרמים,560.00,100 גרם,false,,7.90,0.0141,true,1,44732
7290002057468,false,מלפפון יבנה בחומץ בינוניים 10-12 290 גרם,קבוצת יבנה,IL,מלפפון בחומץ 10-12 ק,גרמים,560.00,100 גרם,false,,8.90,0.0159,true,1,44733
7290002065555,false,שישיית לחמנייה הכי רכה בהפסקה אנג'ל 450 גרם,מאפיית שלמה א. אנג'\ל בע,IL,6 לחמניות רכות אנגל,גרמים,450.00,100 גרם,false,,11.90,0.0264,true,1,35425
7290002065616,false,לחם שיפון גרעינים פרוס אחדות 750 גרם,מאפיית שלמה א. אנג'\ל בע,IL,שיפון גרעינים אנגל 7,גרמים,750.00,100 גרם,false,,14.90,0.0199,true,1,35426
7290002065623,false,לחם שיפון של פעם כפרי פרוס אורנים 750 גרם,מאפיית שלמה א. אנג'\ל בע,IL,לחם שיפון כפרי אנגל,גרמים,750.00,100 גרם,false,,14.90,0.0199,true,1,35427
7290002077725,false,סלומון נורווגי מצונן דלידג 100ג',וי קינג V King,IL,סלמון מעושן 100 גרם,גרמים,100.00,100 גרם,false,,22.90,0.2290,true,1,16822
7290002079033,false,לחם דגנים לייט פרוס 500 גרם,מאפיית דוידוביץ ובניו בע,IL,לחם דגנים לייט ללא ת,גרמים,500.00,100 גרם,false,,13.90,0.0278,true,1,347694
7290002079354,false,פרורים מוזהבים שקית,,,פרורים מוזהבים שקית,גרמים,200.00,100 גרם,false,,5.00,0.0250,true,1,351598
7290002105541,false,סטייק אנטריקוט מעובד קפוא ה.הבשר 800ג',עוף ירושלים,,סטייק אנטריקוט 800 ג,גרמים,800.00,100 גרם,false,,49.90,0.0624,true,1,47033
7290002105671,false,טחון עוף 500 גר' קפוא מחפוד,עוף ירושלים,IL,טחון עוף 500 גר מחפו,גרמים,500.00,100 גרם,false,,14.90,0.0298,true,1,47036
7290002105756,false,טחון בקר בתוספת חלבון מן הצומח מחפוד,עוף ירושלים,IL,"טחון בקר 1 ק""ג מחפוד",קילוגרמים,1.00,"ק""ג",false,,39.90,39.9000,true,1,47040
7290002107385,false,גליל גבינת עיזים מה עז משק צוריאל 180 גרם,מחלבת משק צוריאל,IL,צוריאל גליל גבינת עי,גרמים,180.00,100 גרם,false,,23.90,0.1328,true,1,6375
7290002107798,false,גבינה בולגרית מעודנת 5% משק צוריאל 250 גרם,מחלבת משק צוריאל,IL,צוריאל בולגרית מעודנ,גרמים,250.00,100 גרם,false,,21.90,0.0876,true,1,6377
7290002107965,false,טבורוג גבינה לאפייה 5% צוריאל 500 ג',מחלבת משק צוריאל,IL,צוריאל טבורוג גבינה,גרמים,500.00,100 גרם,false,,26.60,0.0532,true,1,6378
7290002111511,false,אפונת גינה וגזר פרי מבורך 550 גרם,"זנלכל בע""\מ",IL,אפונה וגזר פרי מבורך,גרמים,550.00,100 גרם,false,,8.90,0.0162,true,1,8699
7290002129455,false,פיצה איטלקית XL גדולה שלושת האופים 450 גרם,,IT,פיצה איטלקית 450 ג,גרמים,450.00,100 גרם,false,,21.90,0.0487,true,1,16829
7290002130567,false,דבש דבורים טהור פרחי בר יד מרדכי 350 גרם,מכוורת יד מרדכי שטראוס ב,IL,דבש טהור מפרחי בר בצ,גרמים,350.00,100 גרם,false,,20.90,0.0597,true,1,22223
7290002130581,false,"דבש טהור יד מרדכי 1 ק""ג",מכוורת יד מרדכי שטראוס ב,IL,דבש טהור מפרחי בר בצ,קילוגרמים,1.00,"ק""ג",false,,46.90,46.9000,true,1,22225
7290002195054,false,המבורגר בלדי 400 גרם ארוז,יוליניבר,IL,המבורגר בלדי 400ג,גרמים,400.00,100 גרם,false,,13.90,0.0348,true,1,35294
7290002195085,false,קבב מזרחי בלדי 400 ג'- 8 יח',יוליניבר,IL,קבב מזרחי 400 גר בלד,גרמים,400.00,100 גרם,false,,13.90,0.0348,true,1,35296
7290002195092,false,קבב רומני 400 גרם בלדי,בלדי,IL,קבב רומני 400 גר',גרמים,400.00,100 גרם,false,,13.90,0.0348,true,1,35297
7290002204169,true,אגס נאשי מארז,,,אגס נאשי מארז,גרמים,500.00,100 גרם,false,,12.90,0.0258,true,1,326442
7290002232995,false,ציפוי לשניצל פז 500 גרם דגש,פ.פ.ח. שאביט,IL,דגש ציפוי פז 500 גרם,גרמים,500.00,100 גרם,false,,32.90,0.0658,true,1,108076
7290002253006,false,שום כתוש דורות בצנצנת 200 גרם,עיצובים 2020 (3.8),IL,דורות שום כתוש טרי 2,גרמים,200.00,100 גרם,false,,17.90,0.0895,true,1,19733
7290002253150,false,קוביות בזיליקום קצוץ דורות 70 גרם,עיצובים 2020 (3.8),IL,בזיליקום טרי קצוץ 70,גרמים,70.00,100 גרם,false,,11.50,0.1643,true,1,19737
7290002255086,false,קובה ביתי במילוי בשר,חטיפי אלקיים בעמ,IL,קובה ביתי במילוי בשר,גרמים,700.00,100 גרם,false,,22.90,0.0327,true,1,51506
7290002255116,false,קרפלך במילוי בשר חטי,חטיפי אלקיים בעמ,IL,קרפלך במילוי בשר חטי,גרמים,800.00,100 גרם,false,,22.90,0.0286,true,1,51507
7290002255215,false,"עלי סיגר מרובע בד""צ",חטיפי אלקיים בעמ,IL,עלים לסיגר 500ג,גרמים,500.00,100 גרם,false,,10.90,0.0218,true,1,51511
7290002259664,false,רדיד אלומיניום דיימונד גדול 60X0.60מ',ריינולדס מוצרי צריכה,US,רדיד אלומניום 30*60.,מטרים,60.90,מטר,false,,57.90,0.9507,true,1,3808
7290002317135,false,מלפפון 560ג במלח 13-17 A2 מטולה,שימורי מוטולה בעמ,IL,מלפפון במלח 13-17 מו,גרמים,560.00,100 גרם,false,,11.90,0.0213,true,1,24406
7290002317166,false,מלפפון 560ג בחומץ 10-12 A2 מטולה,שימורי מוטולה בעמ,IL,מלפפון בחומץ 10-12 מ,גרמים,560.00,100 גרם,false,,11.90,0.0213,true,1,24408
7290002317173,false,מלפפון בחומץ 13-17 560ג A2 מטולה,שימורי מוטולה בעמ,IL,מלפפון בחומץ 13-17 מ,גרמים,560.00,100 גרם,false,,11.90,0.0213,true,1,24409
7290002317296,false,פלפל חריף שיפקה 670ג 20%+A2 מטולה,שימורי מוטולה בעמ,IL,פלפל שיפקה + 20% מוט,גרמים,550.00,100 גרם,false,,10.40,0.0189,true,1,24417
7290002317616,false,זיתים מרינט 17-19 560ג A2 מטולה,שימורי מוטולה בעמ,IL,זיתים חתוכים מרינט 1,גרמים,560.00,100 גרם,false,,11.90,0.0213,true,1,24435
7290002317661,false,מנז צנצנת גדולה מוטולה,שימורי מוטולה בעמ,IL,זיתים מנזלינו גדול מ,גרמים,560.00,100 גרם,false,,11.90,0.0213,true,1,24437
7290002317753,false,טבעות ירוק צנצנת מוטולה,שימורי מוטולה,IL,טבעות זיתים ירוקים ב,גרמים,560.00,100 גרם,false,,11.90,0.0213,true,1,24440
7290002319016,false,אבקת אפיה עשיריות מיה 100 גרם,מיה תעשיות מזון מ.ת.מ. ב,IL,אבקת אפיה 10 יח' מיה,גרמים,100.00,100 גרם,false,,2.90,0.0290,true,1,14885
7290002319078,false,שומשום מיה 100 גרם,"מיה תעשיות מזון בע""מ",IL,שומשום 100ג,גרמים,100.00,100 גרם,false,,4.90,0.0490,true,1,14891
7290002319092,false,קמח תפוחי אדמה מיה 500 גרם,מיה תעשיות מזון מ.ת.מ. ב,IL,קמח תפוחי אדמה מיה 5,גרמים,500.00,100 גרם,false,,5.90,0.0118,true,1,14893
7290002319115,false,חומוס גדול יבש מיה 500 גר',מיה תעשיות מזון מ.ת.מ. ב,IL,חומוס גדול מיה 500 ג,גרמים,500.00,100 גרם,false,,8.90,0.0178,true,1,14894
7290002319146,false,שעועית אדומה מיה 500 גרם,מיה תעשיות מזון מ.ת.מ. ב,IL,שעועית אדומה מיה 500,גרמים,500.00,100 גרם,false,,11.80,0.0236,true,1,14897
7290002319160,false,אפונה ירוקה יבשה מיה 500 ג',מיה תעשיות מזון מ.ת.מ. ב,IL,אפונה יבשה מיה 500 ג,גרמים,500.00,100 גרם,false,,5.90,0.0118,true,1,14898
7290002319177,false,פופקורן גרעינים מיה 500 גר',מיה תעשיות מזון מ.ת.מ. ב,IL,פופקורן מיה 500 גרם,גרמים,500.00,100 גרם,false,,6.90,0.0138,true,1,14899
7290002319191,false,עדשים ירוקים יבשים מיה 500 גר',מיה תעשיות מזון מ.ת.מ. ב,IL,עדשים ירוקים מיה 500,גרמים,500.00,100 גרם,false,,7.90,0.0158,true,1,14901
7290002331025,false,"מים מינרלים נביעות ספורט 500 מ""ל פקדון",נביעות טבע הגליל בעמ,IL,נביעות 1/2 ליטר ספור,מיליליטרים,500.00,"100 מ""ל",false,,4.90,0.0098,true,1,6872
7290002331094,false,"מים מינרליים GO TO נביעות 755 מ""ל",נביעות טבע הגליל בעמ,IL,755מל מים מינרלים TO,מיליליטרים,755.00,"100 מ""ל",false,,5.50,0.0073,true,1,6873
7290002331322,false,שישיית מים נביעות 1.5 ליטר,נביעות טבע הגליל בעמ,IL,מי נביעות שישייה 1.5,ליטרים,9.00,ליטר,false,,12.90,1.4333,true,1,6882
7290002331360,false,"נביעות מים מינרליים טו גו מארז 500X6מ""ל",נביעות טבע,IL,נביעות TO GO שישייה,ליטרים,3.00,ליטר,false,,16.70,5.5667,true,1,6883
7290002331421,false,"שישיית מים מינרליים GO TO נביעות 755 מ""ל",נביעות טבע הגליל בעמ,IL,נביעות 6*755מל,ליטרים,4.53,ליטר,false,,20.40,4.5033,true,1,6884
7290002331490,false,מים מינרליים נביעות 1 ליטר,נביעות טבע הגליל בעמ,IL,נביעות 1 ליטר,ליטרים,1.00,ליטר,false,,4.20,4.2000,true,1,6887
7290002345015,false,סינטה דק דק אל גאוצ'ו 250ג' מינוט,"טיבון ויל אחזקות בע""\מ",IL,סינטה דקדק 250 גרם,גרמים,250.00,100 גרם,false,,15.90,0.0636,true,1,16860
7290002345022,false,אנטריקוט דק דק מינוט סטייק אל גאוצ'ו 250 גרם,"טיבון ויל אחזקות בע""\מ",IL,אנטריקוט דקדק 250 ג,גרמים,250.00,100 גרם,false,,15.90,0.0636,true,1,16861
7290002348238,false,אננס חתוך 820 ג' ויליגר,טיפקו,TH,לפתן אננס חתוך ויליג,גרמים,830.00,100 גרם,false,,7.90,0.0095,true,1,61686
7290002353836,false,סרדינים רוברט בשמן זית 115 גרם,קונסרבס פורטוגל נורטה,PT,סרדינים רוברט בשמן ז,גרמים,120.00,100 גרם,false,,10.90,0.0908,true,1,16871
7290002371526,false,דקניקים סלסולי פסטרמה שום וצילי פיקנטי טירת צבי 120 גרם,הנסיך- מפעל לייצור ט,IL,טירת צבי סלסולי פסטר,גרמים,120.00,100 גרם,false,,16.80,0.1400,true,1,25339
7290002371533,false,דקניקים סלסולי פסטרמה דבש טירת צבי 120 גרם,הנסיך- מפעל לייצור ט,IL,טירת צבי סלסולי פסטר,גרמים,120.00,100 גרם,false,,16.80,0.1400,true,1,25340
7290002371854,false,נקניקיות עוף חריפות טירת צבי 2 * 500 גרם,הנסיך- מפעל לייצור ט,IL,נקניקיות עוף מתובלות,קילוגרמים,1.00,"ק""ג",false,,28.90,28.9000,true,1,25343
7290002374268,false,שמן חמניות מילומור 1 ליטר,שמן תעשיות,IL,שמן חמניות מילומור 1,ליטרים,1.00,ליטר,false,,11.90,11.9000,true,1,29347
7290002374312,false,"שמן קנולה מילומור 1 ל' עד""ח","נארז ע""י : א.ג. גילר",IL,שמן קנולה מילומור 1,ליטרים,1.00,ליטר,false,,11.90,11.9000,true,1,29348
7290002374640,false,שמן בריאות קנולה פלוס אומגה 3 עץ הזית 1 ליטר,שמן תעשיות,EE,שמן קנולה פלוס אומגה,ליטרים,1.00,ליטר,false,,17.90,17.9000,true,1,29350
7290002461562,false,מיני מרגז מעדני הטלה,מעדני הטלה והעגל,IL,נקניקיות מיני מרגז 5,גרמים,500.00,100 גרם,false,,26.90,0.0538,true,1,16891
7290002512004,false,מלוואח צנעני 900 גרם,צנעני מוצרי בצק,IL,צנעני מלווח 900 גרם,גרמים,900.00,100 גרם,false,,21.90,0.0243,true,1,51522
7290002512035,false,"בצק עלים צנעני 1 ק""ג",צנעני מוצרי בצק,IL,בצק עלים 1קג צנעני,קילוגרמים,1.00,"ק""ג",false,,17.90,17.9000,true,1,51524
7290002517283,false,"פלפל שחור גרוס 40 גרם ""טעם וריח""",תות ממתקי איכות,IL,טעם וריח פלפל שחור ג,גרמים,40.00,100 גרם,false,,11.10,0.2775,true,1,42397
7290002542780,false,"שישייה בירה סטלה ארטואה בקבוק 330X6 מ""ל","אינבב, ברוורייפליין",BE,סטלה ארטואה בקבוק 6*,ליטרים,1.98,ליטר,false,,37.90,19.1414,true,1,157902
7290002542810,false,"בירה הוגרדן בקבוק 330 מ""ל","אינבב, ברוורייפליין",BE,בירה הוגרדן - בק' 33,מיליליטרים,330.00,"100 מ""ל",false,,9.90,0.0300,true,1,180157
7290002542865,false,"שישייה בירה הוגרדן בקבוק 330X6 מ""ל","אינבב, ברוורייפליין",BE,בירה הוגרדן -שישיה *,ליטרים,1.98,ליטר,false,,49.90,25.2020,true,1,180173
7290002543046,false,קלוגס פרוסטיס דגנים וסוכר 750ג',קלוג מנייופרטורינג א,ES,פרוסטיס דגני קלוגס 7,גרמים,750.00,100 גרם,false,,17.90,0.0239,true,1,5285
7290002551003,false,סטארקיסט טונה בשמן בודד 160ג',סטאר קיסט,IL,טונה סטארקיסט בשמן 1,גרמים,160.00,100 גרם,false,,7.90,0.0494,true,1,26641
7290002603504,false,פיצת השף מאיטליה CHEF שגב עגבניות ובצל סגול 200 גרם,סוילה אס.אר.אל,IT,פיצת השף מאיטליה CHE,גרמים,200.00,100 גרם,false,,18.90,0.0945,true,1,16904
7290002627210,false,גפילטע פיש קציצות מדגי קרפיון וכסיף בצנצנת 560 גרם,האי נאם סי או אל.טי.,IL,גפילטע פיש בצנצנת דל,גרמים,560.00,100 גרם,false,,13.90,0.0248,true,1,16906
7290002651123,false,מלאווח חמסי ארוז 1 ק,מאפיית אריאל,IL,"מלווח חמסי 1 ק""ג",קילוגרמים,1.00,"ק""ג",false,,19.90,19.9000,true,1,16908
7290002674221,false,"אקווה פרש משחת שינים משאבה מנטה 100 מ""ל",גלקסו סמית קליין,GB,מש.שיניים משאבה מנטה,מיליליטרים,100.00,"100 מ""ל",false,,14.80,0.1480,true,1,3810
7290002692393,false,שמן קנולה מזוכך מועשר עץ הזית 1 ליטר,שמן תעשיות בעמ,EE,שמן קנולה מועשר עץ ה,ליטרים,1.00,ליטר,false,,16.90,16.9000,true,1,29352
7290002692782,false,"תרסיס שמן זית כתית מעולה ללא תוספת גז עץ הזית 150 מ""ל",י.ב טכנולוגיות אריזה,IT,תרסיס שמן זית עץ הזי,מיליליטרים,200.00,"100 מ""ל",false,,19.90,0.0995,true,1,29359
7290002703310,false,צנצנת דבש עין חרוד 5,,,צנצנת דבש עין חרוד 5,גרמים,500.00,100 גרם,false,,23.90,0.0478,true,1,47389
7290002703358,false,צנצנת דבש זכוכית 350 גרם,עין חרוד,IL,צנצנת דבש עין חרוד 3,גרמים,350.00,100 גרם,false,,18.90,0.0540,true,1,47390
7290002703402,false,דבש בבקבוק לחיץ 400 גרם עין חרוד,,,דבש עין חרוד 400 גרם,גרמים,400.00,100 גרם,false,,19.90,0.0497,true,1,47391
7290002703426,false,דבש לחיץ מכוורת 250,,,דבש לחיץ מכוורת 250,גרמים,250.00,100 גרם,false,,13.90,0.0556,true,1,47392
7290002703617,false,סילאן 100% טבעי לחיץ,,,סילאן 100% טבעי לחיץ,גרמים,385.00,100 גרם,false,,13.90,0.0361,true,1,47393
7290002730262,false,"נוזל לניקוי כלים קלאסי פלמוליב 750 מ""ל",יבואן ומשווק: ש. שסט,GR,פלמוליב לכלים קלאסי,מיליליטרים,750.00,"100 מ""ל",false,,12.90,0.0172,true,1,21435
7290002730521,false,צימרוני אוזניים בלונס בקופסא 200 יח',קריות זול,GR,צמרונים בקופסא בלונס,יחידה,0.00,יחידה,false,,7.90,0.0000,true,1,21438
7290002730811,false,"משחת שיניים ג'ל פסים מרעננים קולגייט 100 מ""ל",הנסיך- מפעל לייצור ט,PL,משחת שיניים גל משפחת,מיליליטרים,100.00,"100 מ""ל",false,,14.50,0.1450,true,1,21442
7290002730941,false,כדורי צמר גפן בלונס 100 יחידות,הנסיך- מפעל לייצור ט,GR,צמר גפן פרוס בלונס 1,גרמים,100.00,100 גרם,false,,7.90,0.0790,true,1,21446
7290002730958,false,סבון מוצק בניחוח זיתים ואלוורה פלמוליב 4*100 גרם,הנסיך- מפעל לייצור ט,TR,סבון מוצק ירוק זית פ,גרמים,400.00,100 גרם,false,,17.90,0.0447,true,1,21447
7290002735014,false,מלוואח ארוז ינון 800 גר',ג'נרל מילס סאן אדריא,IL,ינון מלווח ארוז 800,גרמים,800.00,100 גרם,false,,14.90,0.0186,true,1,20420
7290002735021,false,ג'חנון קפוא ינון 750 גרם,ג'נרל מילס סאן אדריא,IL,ינון גחנון ארוז 750,גרמים,750.00,100 גרם,false,,14.90,0.0199,true,1,20421
7290002735274,false,ג'חנון אפוי ינון 600 גרם,ג'נרל מילס סאן אדריא,IL,ינון גחנון אפוי 600,גרמים,600.00,100 גרם,false,,16.90,0.0282,true,1,20426
7290002752332,false,"סוכריות מנטוס פירות בגליל, 37.5 גרם",הדקלאים אגודת שיתופי,NL,מנטוס .סוכריות פירות,גרמים,37.50,100 גרם,false,,3.90,0.1040,true,1,12744
7290002752349,false,סוכריות מנטוס מנטה 40יח' בגליל 38ג',פרפטי ואן מלה,NL,מנטוס סוכריות מנטה 3,גרמים,37.50,100 גרם,false,,3.90,0.1040,true,1,12745
7290002752493,false,רביעיה סוכריות מנטה 4* 16 ג' טיק טק,פררו - אלבה,ZA,טיק טק 1/4,גרמים,64.00,100 גרם,false,,10.90,0.1703,true,1,41465
7290002753223,false,רביעייה סוכריות תפוז 4*16 ג' טיק טק,פררו - אלבה,ZA,טיק טק תפוז 4/1,גרמים,64.00,100 גרם,false,,10.90,0.1703,true,1,41466
7290002757139,false,מלוואח 700 גר' שלושת האופים קהילות,שלושת האופים,IL,שלושת האופים מלוואח,גרמים,700.00,100 גרם,false,,14.90,0.0213,true,1,16927
7290002757665,false,קבב מזרחי טיבון ויל 400 ג',טיבון ויל,IL,קבב מזרחי 400 גרם,גרמים,400.00,100 גרם,false,,12.90,0.0323,true,1,16934
7290002757672,false,המבורגר מזרחי טיבון ויל 400ג',טיבון ויל,IL,המבורגר 400גרם נטו,גרמים,400.00,100 גרם,false,,12.90,0.0323,true,1,16935
7290002768043,false,"תיאדנט מי-פה ענק פלאוריד 150 מ""ל",אמיליה קוסמטיקס בע'\'\מ,IL,מי פה ענק תיאדנט 150,מיליליטרים,150.00,"100 מ""ל",false,,16.90,0.1127,true,1,29845
7290002775010,false,מיני בורקס פילו גבינה שלושת האופים מהדרין 650 ג',שלושת האופים שגמור,IL,מיני בורקס פילו גבינ,גרמים,650.00,100 גרם,false,,21.90,0.0337,true,1,16941
7290002793311,false,שירות והחלפה מילוי גז 60 סודהסטרים,סודה סטרים,IL,מילוי למכשיר 50,יחידה,0.00,יחידה,false,,60.00,0.0000,true,1,17526
7290002814160,false,מסיר שומנים סנט מוריץ 1ל,קומפלקס כימיקלים בעמ,IL,מסיר שומנים קר סנט מ,יחידה,0.00,יחידה,false,,19.90,0.0000,true,1,20106
7290002814290,false,קצף מרוכז blanco בניחוח לימון משמיד 99.9% חיידקים סנט מוריץ 1 ליטר,קומפלקס כימיקלים בעמ,IL,קצף מרוכז 1 ליטר בלנ,ליטרים,1.00,ליטר,false,,11.90,11.9000,true,1,82682
7290002814870,false,"סנט מוריץ - מרסס מסיר שומנים קר מבושם לוונדר\פרחים 750 מ""ל",קומפלקס כימיקלים בעמ,IL,מסיר שומנים קר מבושם,מיליליטרים,750.00,"100 מ""ל",false,,14.90,0.0199,true,1,20119
7290002824183,false,"גבינה לבנה סקי 500 גרם 5% ""שטראוס"" -מוצר בפיקוח",מיוצר עי קונדיטוריית,IL,גבינה לבנה 5% סקי 50,גרמים,500.00,100 גרם,false,,9.50,0.0190,true,1,23264
7290002824466,false,יוגורט דנונה ביו לבן 0% שומן 200 גרם,"שטראוס בריאות בע""\מ",IL,דנונה יוגורט ביו 0%,מיליליטרים,200.00,"100 מ""ל",false,,3.70,0.0185,true,1,23265
7290002824640,false,"גבינת סקי 250 גרם 5% ""שטראוס"" -מוצר בפיקוח",מיוצר עי קונדיטוריית,IL,גבינה 5% סקי 250 גרם,גרמים,250.00,100 גרם,false,,4.98,0.0199,true,1,23266
7290002825722,false,סלט כרוב אדום אחלה 500 גרם,מיוצר עי קונדיטוריית,IL,אחלה כרוב אדום 500ג,גרמים,500.00,100 גרם,false,,15.90,0.0318,true,1,23268
7290002827320,false,נקניקיות מרגז קפוא גלאט הדר הבשר 400ג',עוף ירושלים,IL,עוף ירושלים נקניקיות,גרמים,400.00,100 גרם,false,,17.90,0.0447,true,1,47065
7290002868996,false,"קוטג' 5% שומן, רכיבים טבעיים, 250 גרם",קריות זול,IL,טרה קוטג מועשר 5% 25,גרמים,250.00,100 גרם,false,,5.50,0.0220,true,1,6382
7290002871248,false,"בירה טובורג רד בקבוק 500 מ""ל חוזר",מבשלות בירה בינלאומיות ב,IL,בירה טובורג רד בקבוק,מיליליטרים,500.00,"100 מ""ל",false,,8.90,0.0178,true,1,6906
7290002871361,false,"בירה קרלסברג בקבוק 500 מ""ל חוזר",מבשלות בירה בינלאומיות ב,IL,קרלסברג בירה בק.חוזר,מיליליטרים,500.00,"100 מ""ל",false,,8.90,0.0178,true,1,6907
7290002881230,false,חתיכות אננס בסירופ קל תומר 850 גרם,"אניס פארם בע""מ",VN,אננס חתוך תומר 850 ג,גרמים,850.00,100 גרם,false,,9.90,0.0116,true,1,24946
7290002881278,false,לפתן אפרסק חצאים תומ,Elbak s.a - greek ca,,אפרסק חצאים תומר 820,גרמים,820.00,100 גרם,false,,10.90,0.0133,true,1,24950
7290002881513,false,חמאת בוטנים עם שברי בוטנים תמר 510 גר',Niza s a,,חמאת בוטנים עם שברי,גרמים,510.00,100 גרם,false,,10.90,0.0214,true,1,24961
7290002881612,false,לפתן דובדבנים חמוצים תומר 720 גרם,Fructo sliven jsc,BG,לפתן דובדבנים חמוצים,גרמים,700.00,100 גרם,false,,9.90,0.0141,true,1,24966
7290002881742,false,לבבות דקל פרוסות תומר 400 גרם,תומר,EC,לבבות דקל פרוסות תומ,גרמים,400.00,100 גרם,false,,9.90,0.0248,true,1,24970
7290002881940,false,סרדינים מרוקאי בשמן חמניות 125ג' תומר,Union des pecheries,,סרדין מרוקאי בשמן תו,גרמים,125.00,100 גרם,false,,6.90,0.0552,true,1,24978
7290002900566,false,פסטרמה ברביקיו דל שומן טירת צבי 400 גרם,הנסיך- מפעל לייצור ט,IL,פסטרמה ברביקיו דל שו,גרמים,360.00,100 גרם,false,,29.90,0.0831,true,1,25347
7290002922117,false,מקלות קינמון וסוכר חום,"אקלר בע""מ",IL,מארז עוגיות אקלר 250,100 יח',250.00,100 יח',false,,24.90,0.0996,true,1,237815
7290002972365,false,קמח תופח שטיבל 13 ללא צורך בניפוי 1 קג,מיוצר עי קונדיטוריית,IL,קמח תופח ללא צורך בנ,קילוגרמים,1.00,"ק""ג",false,,9.90,9.9000,true,1,9228
7290002973829,false,קמח כוסמין לבן שטיבל 1 ק,"שטיבל בע""מ",IL,קמח כוסמין לבן ללא צ,קילוגרמים,1.00,"ק""ג",false,,16.90,16.9000,true,1,103260
7290002986652,false,גטניו פתי בר שוקו 470 גרם,"אחים גטניו בע""מ",IL,גטניו - פתיבר שוקו 4,גרמים,470.00,100 גרם,false,,9.90,0.0211,true,1,41262
7290002987963,false,"סלט חומוס אחלה 1 ק""ג",מיוצר עי קונדיטוריית,IL,אחלה חומוס 1קג,קילוגרמים,1.00,"ק""ג",false,,14.90,14.9000,true,1,23269
7290003009329,false,בוטנים אמריקאיים קליית גת 200 גרם,הדקלאים אגודת שיתופי,IL,בוטן אמריקאי מצופה 2,גרמים,200.00,100 גרם,false,,6.90,0.0345,true,1,12750
7290003009336,false,קבוקים קליית גת 200 גרם,הדקלאים אגודת שיתופי,IL,קבוקים מצופים 200 גר,גרמים,200.00,100 גרם,false,,6.90,0.0345,true,1,12751
7290003009640,false,מיץ תפוזים סחוט רכיבים טבעיים פריגת 1 ליטר,פריגת מצוננים,IL,פריגת סחוט מיץ תפוזי,ליטרים,1.00,ליטר,false,,15.90,15.9000,true,1,6384
7290003026197,false,"קמיל בלו סנסטיב שמן טיפולי ד""ר פישר 500 מ""ל",פישר מעבדות פרמצבטיות בע,IL,קמיל בלו שמן טיפולי,מיליליטרים,500.00,"100 מ""ל",false,,32.90,0.0658,true,1,29070
7290003026227,false,"קמיל בלו שמפו לתינוק סנסיטיב אל דמע ד""ר פישר 1 ליטר",פישר מעבדות פרמצבטיות בע,IL,קמיל בלו סנסיטיב שמפ,יחידה,0.00,יחידה,false,,33.90,0.0000,true,1,29071
7290003029181,false,משקה יטבתה שוקו' בקבוק 1ל מהדרין,שטראוס גרופ,IL,יטבתה שוקו בקבוק 1ל,ליטרים,1.00,ליטר,false,,12.90,12.9000,true,1,23273
7290003029372,false,משקה חלב בטעם בננה יטבתה 1 ליטר,שטראוס גרופ,IL,יטבתה משקה חלב בננה,ליטרים,1.00,ליטר,false,,12.90,12.9000,true,1,23276
7290003029389,false,"משקה חלב בננה פקק ספורט 250 מ""ל יוטבתה",שטראוס גרופ,IL,יטבתה משקה חלב בננה+,מיליליטרים,250.00,"100 מ""ל",false,,5.90,0.0236,true,1,23277
7290003029433,false,"משקה יטבתה שוקו פקק 250 מ""ל מהדרין",שטראוס גרופ,IL,יטבתה שוקו +פקק 250,מיליליטרים,250.00,"100 מ""ל",false,,5.90,0.0236,true,1,23278
7290003029532,false,מוקה בבקבוק יטבתה 1 ליטר מהדרין,שטראוס גרופ,IL,יטבתה מוקה 1ל,ליטרים,1.00,ליטר,false,,12.90,12.9000,true,1,23280
7290003029792,false,"משקה יטבתה שוקו שקיות מהדרין מארז 225X8מ""ל",שטראוס גרופ,IL,יטבתה מהדרין שוקו שק,ליטרים,1.80,ליטר,false,,20.90,11.6111,true,1,23282
7290003029815,false,כד חלב 3% יטבתה 2 ליטר מהדרין,שטראוס גרופ,IL,חלב מועשר בכד2 ליטר,ליטרים,2.00,ליטר,false,,15.90,7.9500,true,1,23283
7290003029907,false,אייס קפה יטבתה 1 ליטר מהדרין,שטראוס גרופ,IL,יטבתה אייס קפה 1ל,ליטרים,1.00,ליטר,false,,12.90,12.9000,true,1,23285
7290003102136,false,צמר גפן COTTON SOFT רפואי 100 גר' 3102136,הדקלאים אגודת שיתופי,TR,צמר גפן כוטון סופט 1,גרמים,100.00,100 גרם,false,,5.90,0.0590,true,1,868
7290003107148,false,"קמח לבן דגן 1 ק""ג",טחנות קמח דגן בעמ,IL,"קמח לבן דגן 1 ק""ג",קילוגרמים,1.00,"ק""ג",false,,4.50,4.5000,true,1,9232
7290003107216,false,קמח 1 קג שימורי איכ,טחנת קמח דגן לישראל,IL,"קמח לבן דגן 1 ק""ג",קילוגרמים,1.00,"ק""ג",false,,6.90,6.9000,true,1,9234
7290003107223,false,"סולת לנדא ארוז 1 ק""ג",טחנת קמח דגן לישראל,IL,"סולת חיטה דגן 1 ק""ג",קילוגרמים,1.00,"ק""ג",false,,6.90,6.9000,true,1,9235
7290003107315,false,"סולת בד""צ ארוז 1 ק""ג",טחנת קמח דגן לישראל,IL,"סולת דגן 1 ק""ג",קילוגרמים,1.00,"ק""ג",false,,4.50,4.5000,true,1,9238
7290003107346,false,טחנת קמח דגן קמח 1 קג,טחנת קמח דגן לישראל,IL,קמח חיטה לבן דגן 1 ק,קילוגרמים,1.00,"ק""ג",false,,4.50,4.5000,true,1,9240
7290003126712,false,יוגורט עיזים מחלב מלא 3.7% משק צוריאל 150 גרם,מחלבת משק צוריאל,IL,צוריאל יוגורט עיזים,מיליליטרים,150.00,"100 מ""ל",false,,6.90,0.0460,true,1,6388
7290003133123,false,לחם זהב עגול אוקראיני 750 ג',מאפיית דוידוביץ ובני,IL,לחם אוקראיני מיוחד ע,גרמים,750.00,100 גרם,false,,12.90,0.0172,true,1,347784
7290003141159,false,יוגטה מרשמלו ממתק מוקצף בטעמי תות שדה ווניל 180 גרם,יוגוטה,IL,יוגטה מרשמלו 180 גר',גרמים,180.00,100 גרם,false,,8.90,0.0494,true,1,41979
7290003142422,false,גרעיני חמניה בשקית ללא מלח קליית גת 180 גרם,"ג'י אנד ג'י בע""מ",IL,גרעיני חמניה ללא מלח,גרמים,180.00,100 גרם,false,,6.90,0.0383,true,1,12759
7290003143146,false,ממרח תמרים קליית גת 450 גרם,הדקלאים אגודת שיתופי,IL,ממרח תמרים 450 גרם,גרמים,450.00,100 גרם,false,,6.90,0.0153,true,1,12766
7290003145751,false,"קליית גת אגוזי קלויים, 200 גרם",הדקלאים אגודת שיתופי,IL,קשיו קלוי 200 גרם,גרמים,200.00,100 גרם,false,,19.90,0.0995,true,1,12786
7290003163939,false,מעדני הטלה נקניקיות,יושלם,,"נקניקיות גריל 1.5 ק""",קילוגרמים,1.50,"ק""ג",false,,24.90,16.6000,true,1,16993
7290003185719,false,קבב רומני טיבון ויל 500 גרם,טיבון ויל אחזקות בעמ,IL,קבב רומני 500 גרם,גרמים,500.00,100 גרם,false,,19.90,0.0398,true,1,16994
7290003185726,false,קבב מזרחי טיבון ויל 500 גרם,טיבון ויל אחזקות בעמ,IL,קבב מזרחי 500 גרם,גרמים,500.00,100 גרם,false,,19.90,0.0398,true,1,16995
7290003189076,false,פיצרלה הצהובה הטובה מגורדת 22% כפיר 500 גרם,צי תעשיות מזון יבנה,IL,פיצרלה חלבון צמחי,גרמים,500.00,100 גרם,false,,20.90,0.0418,true,1,18258
7290003189205,false,הצהובה הטובה לייט קלאסית 9% כפיר 200 גרם,כפיר,IL,הצהובה הטובה לייט קל,גרמים,200.00,100 גרם,false,,14.90,0.0745,true,1,18263
7290003189267,false,הצהובה הטובה לייט קלאסית 5% כפיר 200 גרם,צי תעשיות מזון יבנה,IL,צהובה הטובה קלאסית כ,גרמים,200.00,100 גרם,false,,15.90,0.0795,true,1,18265
7290003220717,false,WOK אצות נורי סילבר 10 יחידות,ג'י וואן גלובול נאט,KR,אצות נורי סילוור 10,גרמים,22.00,100 גרם,false,,12.90,0.5864,true,1,218784
7290003220977,false,עוגיות חצי ירח מצופה 175 נאפה מעדני מלך,מגדנית הדר,IL,מעדני מלך ירח חצי מצ,גרמים,175.00,100 גרם,false,,7.90,0.0451,true,1,137969
7290003229123,false,פסטרמה הודו על גחלים 2% טירת צבי 400 גרם,הנסיך- מפעל לייצור ט,IL,א.מ. פסטרמה על גחלים,גרמים,400.00,100 גרם,false,,29.90,0.0747,true,1,25375
7290003229147,false,נקניק סלמי איטלקי מעושן טירת צבי 300 גרם,הנסיך- מפעל לייצור ט,IL,סלמי בסגנון איטלקי 3,גרמים,300.00,100 גרם,false,,29.90,0.0997,true,1,25376
7290003229154,false,נקניק סלמי קוניאק טירת צבי 300 גרם,הנסיך- מפעל לייצור ט,IL,א.מ. סלמי קוניאק מוב,גרמים,300.00,100 גרם,false,,29.90,0.0997,true,1,25377
7290003229192,false,נקניק כתף בקר מעושן 2% טירת צבי 400 גרם,טיב טירת צבי 2000,IL,א.מ. כתף בקר מעושן 4,גרמים,400.00,100 גרם,false,,35.90,0.0897,true,1,25379
7290003229208,false,פסטרמה ספרדית 2% טירת צבי 360 גרם,טירת צבי - מדף,IL,פסטרמה ספרדית 2% 360,גרמים,360.00,100 גרם,false,,29.90,0.0831,true,1,25380
7290003229215,false,פסטרמה איטלקית 3.5% טירת צבי 360 גרם,טירת צבי - מדף,IL,פסטרמה איטלקית 360 ג,גרמים,360.00,100 גרם,false,,29.90,0.0831,true,1,25381
7290003251308,false,אציטון משובח 100מל,שוורץ,,"אציטון משובח 100 מ""",מיליליטרים,100.00,"100 מ""ל",false,,4.90,0.0490,true,1,21175
7290003268245,false,חלה מתוקה המיוחדת של עינת 500ג' דגנית עין בר,דגנית עין בר תעשיות מזון,IL,חלה מתוקה ארוזה דגני,גרמים,500.00,100 גרם,false,,15.90,0.0318,true,1,4506
7290003268252,false,לחם חיטה מלא לילדים 750 ג' דגנית עין בר,דגנית עין בר תעשיות מזון,IL,לחם חיטה מלא ללא גרע,גרמים,750.00,100 גרם,false,,14.90,0.0199,true,1,4507
7290003268429,false,לחם ירוק מקמח מלא 750 ג' דגנית עין בר,דגנית עין בר תעשיות מזון,IL,לחם מקמח מלא דגנית 7,גרמים,750.00,100 גרם,false,,15.90,0.0212,true,1,4508
7290003287284,false,קבב ביתי קצביה ארוז 600 ג' - 8 יח',בלדי,IL,קבב ביתי קצביה ארוז,גרמים,600.00,100 גרם,false,,30.90,0.0515,true,1,35311
7290003318100,false,וופל בטעם שוקולד מנעמים 200 ג',מנעמים תעשיות מזון,IL,ופל שוקו מנעמים 200,גרמים,200.00,100 גרם,false,,4.30,0.0215,true,1,36050
7290003318131,false,ופל קלאסיק אגוז 200 גרם מנעמים,מנעמים תעשיות מזון,IL,ופל אגוז מנעמים 200,גרמים,200.00,100 גרם,false,,4.30,0.0215,true,1,36051
7290003318155,false,וופל טעם לימון מנעמים 200 ג',מנעמים תעשיות מזון,IL,ופל לימון מנעמים 200,גרמים,250.00,100 גרם,false,,4.30,0.0172,true,1,36052
7290003318599,false,וופלים וניל מנעמים 200 גרם,מנעמים תעשיות מזון,IL,ופל וניל מנעמים 200,גרמים,200.00,100 גרם,false,,4.30,0.0215,true,1,36054
7290003321155,false,יוגורט בר עם פקאן מצופה שוקולד 183 ג' דנונה,"שטראוס בריאות בע""\מ",IL,דנונה קראנצ' ששבי פק,מיליליטרים,183.00,"100 מ""ל",false,,4.90,0.0268,true,1,23286
7290003321292,false,גבינה לבנה 9% שומן 250 ג' שטראוס,מיוצר עי קונדיטוריית,IL,גבינה 9% סקי 250 גרם,גרמים,250.00,100 גרם,false,,4.80,0.0192,true,1,23287
7290003332007,false,קפה שחור עם הל 250 גרם,סובחי נחלה ובניו,IL,קפה נחלה סובחי 250ג,גרמים,250.00,100 גרם,false,,14.90,0.0596,true,1,33762
7290003401369,false,"קרם לחות לשיער חוחובה נטורל פורמולה 400 מ""ל",מיוצר עי אמיליה קוסמ,IL,קרם לחות ועיצוב לשיע,מיליליטרים,400.00,"100 מ""ל",false,,21.90,0.0547,true,1,29863
7290003438006,false,ממרח אולביה פסטו וצנובר איטלקי 190ג',מיוצר עי קונדיטוריית,IL,אוליביה ממרח פסטו אי,גרמים,180.00,100 גרם,false,,14.90,0.0828,true,1,51976
7290003457991,false,טילון קורנטו וניל עם וופל ואגוזי לוז מסוכרים,"גלידת שטראוס בע""\מ, רחוב",IL,מאגדת קורנטו קלאסיק,גרמים,300.00,100 גרם,false,,35.90,0.1197,true,1,4246
7290003461677,false,"חומוס אסלי שמיר 1 ק""ג","סלטי שמיר 2006 בע""מ",IL,"חומוס אסלי 1 ק""ג",קילוגרמים,1.00,"ק""ג",false,,11.90,11.9000,true,1,17691
7290003521074,false,"ד""ר פישר - סרקל מרכך שיער לילדים 1 ליטר",פישר מעבדות פרמצבטיות בע,IL,סרקל מרכך שיער לילדי,יחידה,0.00,יחידה,false,,31.90,0.0000,true,1,29077
7290003527380,false,דובדבן ללא חרצן בצנצנת ויליגר 680 גרם,גולדסטארקפט,,דובדבן ללא חרצן וילי,גרמים,680.00,100 גרם,false,,9.90,0.0146,true,1,17018
7290003550753,false,רביעיית טונה בשמן פוסידון 108 גרם,"מיוצר עי וליגר בעמ,",IL,טונה בהירה בשמן פוסי,גרמים,308.00,100 גרם,false,,21.90,0.0711,true,1,17022
7290003578108,false,חתיכות אננס בסירופ קל וילי פוד 850 גרם,טקרנג פינאפל אינדסטר,TH,אננס חתוך ויליפוד 85,גרמים,490.00,100 גרם,false,,9.90,0.0202,true,1,2867
7290003578672,false,ויליפוד שמן חמניות 1 ליטר{בית יוסף},וילי פוד,TR,שמן חמניות 1 ליטר,ליטרים,1.00,ליטר,false,,12.90,12.9000,true,1,2876
7290003643004,false,"סוגת אורז בסמטי קלאסי 1 ק""ג",האי נאם סי או אל.טי.,IL,"סוגת אורז בסמטי 1 ק""",קילוגרמים,1.00,"ק""ג",false,,14.90,14.9000,true,1,17321
7290003643134,false,סוכר וניל סוגת 100 גרם מארז 10 יחידות,גוד פוד פרודקטס S.p,IL,סוגת סוכר וניל 10 יח,גרמים,100.00,100 גרם,false,,2.90,0.0290,true,1,17323
7290003643158,false,קורנפולר שקית 200 ג' סוגת,המאפיה של הרמן,IL,קונפלור 200 גרם,גרמים,200.00,100 גרם,false,,3.90,0.0195,true,1,17325
7290003643172,false,אבקת סוכר סוגת 100 גרם,א.ל ייצור ושיווק תבל,IL,סוגת אבקת סוכר 100 ג,גרמים,100.00,100 גרם,false,,2.90,0.0290,true,1,17327
7290003643325,false,קוסקוס בינוני סוגת 350 גרם,"אסיף תעשיות מזון בע""\מ",IL,קוסקוס בינוני סוגת 3,גרמים,350.00,100 גרם,false,,5.90,0.0169,true,1,17329
7290003643387,false,"סוכר לבן בצנצנת 1 ק""ג סוגת",האי נאם סי או אל.טי.,IL,סוכר לבן בצנצנת סוגת,קילוגרמים,1.00,"ק""ג",false,,10.90,10.9000,true,1,17332
7290003643646,false,"סוכר דמררה קלאסי בצנצנת סוגת 1 ק""ג",האי נאם סי או אל.טי.,IL,סוכר דמררה בצנצנת חו,קילוגרמים,1.00,"ק""ג",false,,13.90,13.9000,true,1,17333
7290003643684,false,אפונה יבשה סוגת 500 גר',האי נאם סי או אל.טי.,IL,אפונה יבשה 500 גרם,גרמים,500.00,100 גרם,false,,6.90,0.0138,true,1,17334
7290003643714,false,חומוס גרגירים 500 גרם סוגת,האי נאם סי או אל.טי.,IL,חומוס 500 גרם,גרמים,500.00,100 גרם,false,,8.90,0.0178,true,1,17336
7290003643738,false,סוגת חיטה 500 גרם,האי נאם סי או אל.טי.,IL,סוגת חיטה 500 גר,גרמים,500.00,100 גרם,false,,5.90,0.0118,true,1,17337
7290003643745,false,סוגת כוסמת 500 גרם,האי נאם סי או אל.טי.,IL,כוסמת 500 גרם,גרמים,500.00,100 גרם,false,,7.90,0.0158,true,1,17338
7290003643752,false,עדשים ירוקים יבש סוגת 500 גר',האי נאם סי או אל.טי.,IL,עדשים ירוקות 500 גרם,גרמים,500.00,100 גרם,false,,8.90,0.0178,true,1,17339
7290003643783,false,קוקוס טחון סוגת 100 גרם,האי נאם סי או אל.טי.,IL,קוקוס 100 גר,גרמים,100.00,100 גרם,false,,3.90,0.0390,true,1,17342
7290003643806,false,שעועית לבנה יבשה סוגת 500 ג',האי נאם סי או אל.טי.,IL,שעועית לבנה 500 גרם,גרמים,500.00,100 גרם,false,,11.90,0.0238,true,1,17343
7290003681303,false,שעועית מעורבת יבשה מיה 500 גר',מיה תעשיות מזון מ.ת.מ. ב,IL,שעועית מעורבת 500 גר,גרמים,500.00,100 גרם,false,,13.50,0.0270,true,1,14961
7290003706167,false,בצל ירוק ארוז,,,בצל ירוק ארוז,יח',1.00,יח',false,,5.90,5.9000,true,1,35551
7290003718627,false,"פול ירוק 400 ג' בית יוסף כשל""פ",פספרוסט,EG,פול ירוק בלדי 400 גר,גרמים,400.00,100 גרם,false,,11.90,0.0298,true,1,321517
7290003726615,false,"טופו ויילר 300 גרם ""שטראוס""",הדקלאים אגודת שיתופי,IL,טופו ויילר 300 גרם.,גרמים,300.00,100 גרם,false,,12.90,0.0430,true,1,23289
7290003781850,false,גבינת קשקבל פרוסות 200 גרם - דיספליי (18),סאסו פטוראגס קומטויס אף,TR,גבינת קשקבל פרוסות 2,גרמים,200.00,100 גרם,false,,21.90,0.1095,true,1,194517
7290003804252,false,תיבולית קנור בנוסח הודי 72 גרם,יוניליוור ישראל מזון בע\,IL,תיבולית בנוסח הודי ק,גרמים,72.00,100 גרם,false,,10.90,0.1514,true,1,10337
7290003804320,false,תיבולית שום ופטרוזיליה קנור 72 גרם,יוניליוור ישראל מזון בע\,IL,תיבוליות שום ופטרוזי,גרמים,72.00,100 גרם,false,,10.90,0.1514,true,1,10338
7290003804368,false,"תיבוליות בזיליקום קנור 72 גרם בד""צ",יוניליוור ישראל מזון בע\,IL,תיבולית בזיליקום קנו,גרמים,72.00,100 גרם,false,,10.90,0.1514,true,1,10341
7290003806591,false,דאב דאו ספריי מלפפונים 150 מל,ארנסט. רחוב קומבינצק,GB,דאו' ספריי מלפפונים,מיליליטרים,150.00,"100 מ""ל",false,,14.90,0.0993,true,1,10371
7290003882922,false,עלי גפן ממולאים באורז וילי פוד 360 גרם,הזה פלאקספו פוד קו ב,CN,עלי גפן ממולאים באור,גרמים,360.00,100 גרם,false,,9.90,0.0275,true,1,2887
7290003938049,false,הפי נוזל הברקה למדיח 1 ל,אורומרקטינג,DE,הפי נוזל הברקה שויצר,מיליליטרים,948.00,"100 מ""ל",false,,22.70,0.0239,true,1,11300
7290003976607,false,גל אקונומיקה סמיכה לבנדר טאצ' לבנדר 4 ל',סאסאטק,IL,ג'ל אקונומיקה סמיכה,ליטרים,4.00,ליטר,false,,13.90,3.4750,true,1,92066
7290003976614,false,גל אקונומיקה סמיכה פרחים טאצ' לבנדר 4 ל',,IL,ג'ל אקונומיקה סמיכה,ליטרים,4.00,ליטר,false,,13.90,3.4750,true,1,92067
7290003989096,false,סלט חצילים פיקנטי אחלה 500 גרם,מיוצר עי קונדיטוריית,IL,אחלה חציל פיקנטי 500,גרמים,500.00,100 גרם,false,,16.90,0.0338,true,1,23292
7290003989539,false,לורנצו רביולי במילוי גבינה,מיוצר עי קונדיטוריית,IL,EAT GOOD רביולי גבינ,גרמים,400.00,100 גרם,false,,21.90,0.0547,true,1,23293
7290004011338,false,"ספריי קצפת מתוקה מוכנה ריץ' 250 מ""ל",האי נאם סי או אל.טי.,IT,ריצ קצפת במיכל 250מל,מיליליטרים,250.00,"100 מ""ל",false,,9.90,0.0396,true,1,17028
7290004011345,false,"ספריי קצפת מתוקה מוכנה פרווה ריץ' 238 מ""ל",האי נאם סי או אל.טי.,IT,קצפת ריץ במיכל פרווה,מיליליטרים,238.00,"100 מ""ל",false,,9.90,0.0416,true,1,17029
7290004014407,false,עדשי מ&מ'ס חמאת בוטנים46,מרס נדרלנד,US,פינאטבאטר M&M עדשי ש,גרמים,46.00,100 גרם,false,,5.90,0.1283,true,1,20762
7290004030216,false,משקה בטעם חמוציות 1 ליטר פריניב,פריניב בעמ,IL,פריניב נקטר חמוציות,ליטרים,1.00,ליטר,false,,14.70,14.7000,true,1,49410
7290004048679,false,"קובה למרק שלושת האופים 1 ק""ג","שלושת האופים בע""\מ",IL,קובה למרק 1 קג שלושת,קילוגרמים,1.00,"ק""ג",false,,16.90,16.9000,true,1,17039
7290004063016,false,מלח שולחן -מוצר בפיקוח,האי נאם סי או אל.טי.,IL,"מלח שולחן סלית 1 ק""ג",קילוגרמים,1.00,"ק""ג",false,,1.90,1.9000,true,1,15459
7290004063115,false,"מלח מטבח עבה להמלחת בשר ובישול 1 ק""ג 1ק""ג",האי נאם סי או אל.טי.,IL,מלח מטבח גס לבישול כ,קילוגרמים,1.00,"ק""ג",false,,1.90,1.9000,true,1,15460
7290004064082,false,מטחנה מלח ים טבעי מלח הארץ 100 גרם,חברת מלח הארץ אילת ב,IL,מטחנה מלח ים טבעי,גרמים,250.00,100 גרם,false,,14.90,0.0596,true,1,24643
7290004064099,false,מטחנה מלח ים מהרי ההימלאיה מלח הארץ 100 גרם,"חברת מלח הארץ אילת בע""\מ",IL,מטחנה מלח מהרי ההימל,גרמים,250.00,100 גרם,false,,17.90,0.0716,true,1,15461
7290004064174,false,"תבלין מלח ההימלאיה דק בצנצנת 1 ק""ג","חברת מלח הארץ אילת בע""\מ",PK,מלח ההימלאיה דק בצנצ,קילוגרמים,1.00,"ק""ג",false,,19.90,19.9000,true,1,15462
7290004064303,false,מלח אטלנטי בצנצנת מלח הארץ 800 גרם,"חברת מלח הארץ אילת בע""\מ",FR,מלח אטלנטי בצנצנת הא,גרמים,800.00,100 גרם,false,,19.90,0.0249,true,1,15465
7290004064389,false,מלח הימלאייה דק מלחייה 250 גרם,"חברת מלח הארץ אילת בע""\מ",IL,מלח הימלאיה דק מלחיי,גרמים,250.00,100 גרם,false,,11.90,0.0476,true,1,125506
7290004068172,false,יוגורט עזים בדלי 5% שומן 600 ג' גד,קוד יצרן MKN,IL,גד יוגורט עיזים 5% 6,מיליליטרים,600.00,"100 מ""ל",false,,20.20,0.0337,true,1,14636
7290004078225,false,"שטיפת פה קולגייט פלקס מינט ירוק 500מ""ל",קולגייט- פלמוליב,PL,מי פה פלקס סופט מינט,מיליליטרים,500.00,"100 מ""ל",false,,33.90,0.0678,true,1,21471
7290004078270,false,נוזל לניקוי כלים בריח לימון פלמוליב 1 ליטר,יבואן ומשווק: ש. שסט,GR,פלמוליב לכלים לימון-,יחידה,0.00,יחידה,false,,14.90,0.0000,true,1,21473
7290004078690,false,"אגקס נוזל לניקוי אסלות מרענן 750 מ""ל",הנסיך- מפעל לייצור ט,GR,אגקס כלורון נוזל לני,מיליליטרים,750.00,"100 מ""ל",false,,15.90,0.0212,true,1,21475
7290004119133,false,כד יוגורט תנובה 6.5% שומן 1.5 ליטר,מיוצר עי קונדיטוריית,IL,יוגורט כדים תנובה 7%,ליטרים,1.50,ליטר,false,,18.70,12.4667,true,1,25860
7290004119928,false,מעדן חלב בטעם וניל 2% קרלו תנובה 125 גרם,מחלבת אלון תבור,IL,קרלו וניל 3% 125מל,מיליליטרים,125.00,"100 מ""ל",false,,3.50,0.0280,true,1,25863
7290004119973,false,קרלו מעדן שוקו רביעיה גביע 1.5% 125 גרם,תנובה מרכז שיתופי לש,IL,קרלו שוקולדה 3% 125מ,מיליליטרים,125.00,"100 מ""ל",false,,3.50,0.0280,true,1,25864
7290004120061,false,מעדן חלב בטעם שוקו וניל שוניל 2% קרלו 125 גרם,תנובה מרכז שיתופי לש,IL,קרלו שוניל 3% 125מל,מיליליטרים,125.00,"100 מ""ל",false,,3.50,0.0280,true,1,25865
7290004120108,false,יופלה דיאט יוגורט דובדבן %0 גביע 150גרם,תנובה מרכז שיתופי לש,IL,יופלה דיאט דובדבן 0%,מיליליטרים,150.00,"100 מ""ל",false,,5.60,0.0373,true,1,25866
7290004120573,false,פיראוס 16% גבינה בולגרית 250 גרם,תנובה מרכז שיתופי לש,IL,פיראוס בולגרית בקר 1,גרמים,250.00,100 גרם,false,,23.90,0.0956,true,1,25874
7290004120634,false,גבינה פיראוס בולגרית 5% 250 גרם,תנובה מרכז שיתופי לש,IL,פיראוס בולגרית 5% 25,גרמים,250.00,100 גרם,false,,23.90,0.0956,true,1,25875
7290004120832,false,"חלב 2 ליטר 3% כד ""תנובה""- מוצר בפיקוח",תנובה מרכז שיתופי לש,IL,"חלב תנובה טרי 3% בד""",ליטרים,2.00,ליטר,false,,12.46,6.2300,true,1,25877
7290004121525,false,יופלה מאגדת פרי 4 תות 4 אפרסק 3% 8 יח'*150 ג',תנובה מרכז שיתופי לש,IL,יופלה אפרסק תות 3% 8,קילוגרמים,1.20,"ק""ג",false,,32.50,27.0833,true,1,25879
7290004121853,false,גבינה בולגרית פיראוס 5% קוביות 200 גרם,תנובה מרכז שיתופי לש,IL,פיראוס בולגרית בקובי,גרמים,200.00,100 גרם,false,,21.90,0.1095,true,1,25882
7290004122119,false,פתיתי פרמזן לפסטה 23% השף הלבן 100 גרם,פ.פ.ח. שאביט,IL,שף לבן פתיתי פרמזן ל,גרמים,100.00,100 גרם,false,,12.90,0.1290,true,1,25884
7290004122195,false,גוש חלב גבינה צהובה פרוסה 28% תנובה 200 גרם,תנובה חלב,IL,גוש חלב פרוס 28% 200,גרמים,200.00,100 גרם,false,,14.60,0.0730,true,1,25885
7290004122270,false,עמק קלאסית פרוסות גבינה חצי קשה 28% 200 גרם,תנובה מרכז שיתופי לש,IL,עמק פרוס סגירה חוזרת,גרמים,200.00,100 גרם,false,,17.20,0.0860,true,1,25886
7290004122348,false,גבינת עמק לייט פרוס בקופסא 200 גרם,תנובה מרכז שיתופי לש,IL,עמק לייט 9% 200ג,גרמים,200.00,100 גרם,false,,17.70,0.0885,true,1,25887
7290004122676,false,גבינת חמד לייט 5% פיראוס 250 ג',"תנובה,מחלבת טנא נוגה",IL,פיראוס חמד לייט 5% 2,גרמים,250.00,100 גרם,false,,20.90,0.0836,true,1,25889
7290004124205,false,יופלה דיאט יוגורט תות %0 גביע 150 גרם,תנובה מרכז שיתופי לש,IL,יופלה דיאט תות 0% 15,מיליליטרים,150.00,"100 מ""ל",false,,5.60,0.0373,true,1,25898
7290004124847,false,"קצפת צמחית השף הלבן 500 מ""ל תנובה",תנובה מרכז שיתופי לש,IL,שף לבן קצפת צמחית 24,מיליליטרים,500.00,"100 מ""ל",false,,18.00,0.0360,true,1,25900
7290004125370,false,"שמנת חמוצה 9% מופחתת שומן תנובה 200 מ""ל מהדרין",תנובה מרכז שיתופי לש,IL,תנובה שמנת מופחתת 9%,מיליליטרים,200.00,"100 מ""ל",false,,4.10,0.0205,true,1,25902
7290004125400,false,"אשל שלי מהדרין 200 מ""ל 4.5% ""תנובה""- מוצר בפיקוח",פארייפאבה אגרואינדוס,IL,"אשל 4.5% בד""צ מהדרין",מיליליטרים,200.00,"100 מ""ל",false,,1.69,0.0084,true,1,25903
7290004125417,false,"גיל 3% שלי 200 מ""ל ""תנובה"" -מוצר בפיקוח",תנובה מרכז שיתופי לש,IL,"גיל 3% בד""צ מהדרין",מיליליטרים,200.00,"100 מ""ל",false,,1.51,0.0076,true,1,25904
7290004125455,false,"שמנת חמוצה 200 מ""ל 15% ""תנובה"" -מוצר בפיקוח",תנובה מרכז שיתופי לש,IL,תנובה שמנת אורגינל מ,מיליליטרים,200.00,"100 מ""ל",false,,2.40,0.0120,true,1,25905
7290004125462,false,"שמנת חמוצה 15% תנובה 500 מ""ל מהדרין",תנובה מרכז שיתופי לש,IL,תנובה שמנת חמוצה 15%,מיליליטרים,500.00,"100 מ""ל",false,,6.00,0.0120,true,1,25906
7290004125509,false,"שמנת חמוצה 15% מועשרת תנובה 100 מ""ל",תנובה מרכז שיתופי לש,IL,תנובה שמנת חצי מנה 1,מיליליטרים,100.00,"100 מ""ל",false,,1.80,0.0180,true,1,25907
7290004125578,false,משקה סויה מעושר בסידן תנובה 1ל',תנובה מרכז שיתופי לש,IL,משקה סויה תנובה מועש,ליטרים,1.00,ליטר,false,,12.50,12.5000,true,1,25908
7290004125585,false,משקה סויה בטעם וניל תנובה 1 ליטר,תנובה מרכז שיתופי לש,IL,סויה תנובה משקה סויה,ליטרים,1.00,ליטר,false,,12.50,12.5000,true,1,25909
7290004125721,false,"השף הלבן שמנת עמידה לבישול 15% תנובה 250 מ""ל",תנובה מרכז שיתופי לש,IL,שף לבן שמנת לבישול 1,מיליליטרים,250.00,"100 מ""ל",false,,8.90,0.0356,true,1,25911
7290004125738,false,שמנת מתוקה להקצפה32% 250מל עמיד השף הלבן,תנובה מרכז שיתופי לש,IL,שף לבן שמנת להקצפה 3,מיליליטרים,250.00,"100 מ""ל",false,,7.20,0.0288,true,1,25912
7290004125776,false,גבינה צהובה עמק 28% 400 גרם בקופסא,תנובה חלב,IL,עמק גבינה קשה פרוסה,גרמים,400.00,100 גרם,false,,31.50,0.0788,true,1,25913
7290004126674,false,טל העמק פרוסות גבינה חצי קשה לייט %9 200 גרם בקופסא,תנובה מרכז שיתופי לש,IL,עמק טל לייט 9% 200ג,גרמים,200.00,100 גרם,false,,19.80,0.0990,true,1,25916
7290004126759,false,יוגורט דיאט יופלה פירות יער 150 גרם,תנובה חלב,IL,יופלה דיאט פירות יער,מיליליטרים,150.00,"100 מ""ל",false,,5.60,0.0373,true,1,25917
7290004127077,false,קוטג תנובה 3% גביע 250 גרם מהדרין,מיוצר עי קונדיטוריית,IL,קוטג תנובה 3% 250 ג,גרמים,250.00,100 גרם,false,,5.70,0.0228,true,1,25919
7290004127329,false,קוטג תנובה גביע 250 גרם %5 ו.מהדרין,מיוצר עי קונדיטוריית,IL,קוטג' 5% תנובה מהדרי,גרמים,250.00,100 גרם,false,,5.70,0.0228,true,1,25920
7290004127336,false,קוטג תנובה גביע 250 גרם %9 ו.מהדרין,מיוצר עי קונדיטוריית,IL,קוטג' תנובה מהדרין 9,גרמים,250.00,100 גרם,false,,5.70,0.0228,true,1,25921
7290004127800,false,"גבינה לבנה 500 גרם 5% ""תנובה"" -מוצר בפיקוח",מיוצר עי קונדיטוריית,IL,תנובה גבינה לבנה 5%,גרמים,500.00,100 גרם,false,,9.96,0.0199,true,1,25923
7290004127817,false,גבינה לבנה 9% שומן 500 ג' תנובה,מיוצר עי קונדיטוריית,IL,תנובה גבינה לבנה 9%,גרמים,500.00,100 גרם,false,,9.50,0.0190,true,1,25924
7290004127862,false,"גבינה לבנה 750 גרם 5% ""תנובה"" - מוצר בפיקוח",תנובה מרכז שיתופי לש,IL,תנובה גבינה למריחה מ,גרמים,750.00,100 גרם,false,,14.90,0.0199,true,1,25925
7290004128333,false,לאבנה על בסיס יוגורט %9 שומן 500 ג' פיראוס,תנובה חלב,IL,פיראוס לאבנה גביע %9,גרמים,500.00,100 גרם,false,,19.90,0.0398,true,1,25928
7290004128340,false,קרם גבינת שמנת %5 בטעם טבעי 200 ג' תנובה,תנובה חלב,IL,תנובה קרם גבינת שמנת,גרמים,200.00,100 גרם,false,,13.40,0.0670,true,1,25929
7290004128364,false,קרם גבינת שמנת 5% עם זיתים ירוקים 200 ג' תנובה,"תנובה, מחלבת תל יוסף",IL,תנובה קרם גבינת שמנת,גרמים,200.00,100 גרם,false,,13.40,0.0670,true,1,25930
7290004129101,false,גבינת שמנת 25% בטעם טבעי 225 ג' נפוליאון,תנובה מרכז שיתופי לש,IL,נפוליאון בטעם טבעי 2,גרמים,225.00,100 גרם,false,,15.50,0.0689,true,1,25932
7290004129118,false,גבינת שמנת 24% עם זיתים ירוקים 225 ג' נפוליאון,תנובה מרכז שיתופי לש,IL,נפוליאון בטעם זיתים,גרמים,225.00,100 גרם,false,,15.50,0.0689,true,1,25933
7290004129156,false,גבינת שמנת25% עם שום שמיר 225 ג' נפוליאון,תנובה מרכז שיתופי לש,IL,נפוליאון שום שמיר 25,גרמים,225.00,100 גרם,false,,15.50,0.0689,true,1,25934
7290004129545,false,גבינה לבנה 3% 250 גרם ועדת מהדרין,מחלבת אלון תבור,IL,גבינת מהדרין 3% תנוב,גרמים,250.00,100 גרם,false,,5.00,0.0200,true,1,25935
7290004129736,false,יוגורט במתיקות מעודנת 1.5% שומן 200 ג' יופלה,תנובה מרכז שיתופי לש,IL,יופלה קרם יוגרט מעוד,מיליליטרים,200.00,"100 מ""ל",false,,4.90,0.0245,true,1,25937
7290004129767,false,"3% 'יופלה לבן מארז שמינייה 1.2 ק""ג",מחלבת אלון תבור,IL,יופלה לבן מאגדת 3% 8,קילוגרמים,1.20,"ק""ג",false,,18.70,15.5833,true,1,25938
7290004130794,false,משקה סויה במתיקות מופחתת תנובה 1 ליטר,תנובה מרכז שיתופי לש,IL,סויה תנובה טבעי במתי,ליטרים,1.00,ליטר,false,,12.00,12.0000,true,1,25941
7290004130916,false,יוגורט יופלה פירות יער בשמנת 3% 150 גרם,תנובה מרכז שיתופי לש,IL,יופלה בטעם פירות יער,גרמים,150.00,100 גרם,false,,5.60,0.0373,true,1,25942
7290004131074,false,"חלב 1 ליטר 3% קרטון ""תנובה""- מוצר בפיקוח",תנובה מרכז שיתופי לש,IL,חלב תנובה הומוגני מה,ליטרים,1.00,ליטר,false,,6.23,6.2300,true,1,25944
7290004131456,false,יוגורט ביו 1.5% שומן 200 ג' יופלה,מיוצר עי קונדיטוריית,IL,יופלה לבן 1.5% 200מל,מיליליטרים,200.00,"100 מ""ל",false,,4.50,0.0225,true,1,25949
7290004131531,false,משקאות חלב תנובה שוקו בקבוק 1ל,תנובה מרכז שיתופי לש,IL,משקה חלב תנובה שוקו,ליטרים,1.00,ליטר,false,,14.00,14.0000,true,1,25951
7290004131814,false,גבינה צפתית 5% מעודנת 200 ג' פיראוס,פארייפאבה אגרואינדוס,IL,פיראוס צפתית מעודנת,גרמים,200.00,100 גרם,false,,15.60,0.0780,true,1,25952
7290004132552,false,משקה סויה בטעם טבעי לייט תנובה 1 ליטר,תנובה מרכז שיתופי לש,IL,סויה תנובה לייט בטעם,ליטרים,1.00,ליטר,false,,12.00,12.0000,true,1,25959
7290004132712,false,חטיף אצבעות גבינת מוצרלה 20% 172 ג' עמק,תנובה מרכז שיתופי לש,IL,עמק אצבעות מוצרלה 20,גרמים,174.00,100 גרם,false,,17.70,0.1017,true,1,25961
7290004133511,false,יופלה מאגדת לבן 1.5% מעודן 8 יח' * 150 ג',מיוצר עי קונדיטוריית,IL,יופלה לבן מעודן 1.5%,ליטרים,1.20,ליטר,false,,22.90,19.0833,true,1,25966
7290004134945,false,יוגורט מוקה 3% שומן 150 ג' יופלה,תנובה מרכז שיתופי לש,IL,יופלה מוקה 3% 150מל,גרמים,150.00,100 גרם,false,,5.60,0.0373,true,1,25971
7290004135058,false,שמיניית קרלו מיני שוקולד 100 גרם מהדרין,תנובה מרכז שיתופי לש,IL,קרלו מהדרין מיני שוק,מיליליטרים,800.00,"100 מ""ל",false,,13.90,0.0174,true,1,25973
7290004135225,false,מעדן חלב דל קלוריות בטעם שוקולד 0.2שומ,תנובה מרכז שיתופי לש,IL,מעדן תנובה דיאט שוקו,מיליליטרים,150.00,"100 מ""ל",false,,4.50,0.0300,true,1,25976
7290004135614,false,גבינה בולגרית מעודנת 5% פיראוס 250 גרם,תנובה חלב,IL,פיראוס בולגרית מעודנ,גרמים,250.00,100 גרם,false,,23.00,0.0920,true,1,25978
7290004136154,false,"משקה חלב אייס קפה תנובה בבקבוק 340 מ""ל",גוד פוד פרודקטס S.p,IL,משקאות חלב תנובה איי,מיליליטרים,340.00,"100 מ""ל",false,,7.90,0.0232,true,1,25981
7290004136598,false,מארז הפסקת אוכל עם קורנפלקס ומשקה חלב עמיד בטעם וניל,פארייפאבה אגרואינדוס,IL,מארז הפסקת אוכל חלב,גרמים,150.00,100 גרם,false,,10.30,0.0687,true,1,25985
7290004136857,false,מעדן גלי פטל תנובה 125 גרם,תנובה מרכז שיתופי לש,IL,ג'לי תנובה פטל 125מל,מיליליטרים,125.00,"100 מ""ל",false,,2.90,0.0232,true,1,25986
7290004136864,false,מעדן ג'לי בטעם אננס עם חתיכות תנובה 125 גרם,תנובה חלב,IL,ג'לי תנובה אננס עם ח,מיליליטרים,125.00,"100 מ""ל",false,,2.90,0.0232,true,1,25987
7290004136871,false,מעדן ג'לי בטעם אפרסק עם חתיכות תנובה 125 גרם,תנובה מרכז שיתופי לש,IL,ג'לי תנובה אפרסק עם,מיליליטרים,125.00,"100 מ""ל",false,,2.90,0.0232,true,1,25988
7290004137021,false,"שמנת עמידה לבישול מופחת שומן 10% השף הלבן 250 מ""ל",תנובה מרכז שיתופי לש,IL,שף לבן שמנת לבישול 1,מיליליטרים,250.00,"100 מ""ל",false,,8.90,0.0356,true,1,25990
7290004137311,false,עמק לייט משפחתית 9% 400ג-ועדת מהדרין,תנובה חלב,IL,עמק לייט משפחתית 9%,גרמים,400.00,100 גרם,false,,32.50,0.0813,true,1,25991
7290004137809,false,פיראוס לאבנה 5% גביע 250 גרם,"תנובה, מחלבת אלון תב",IL,פיראוס לאבנה 5% 250ג,גרמים,250.00,100 גרם,false,,13.90,0.0556,true,1,25992
7290004199579,false,פלסטר מעורב 100 יח' - SUNNY PLASTER,הדקלאים אגודת שיתופי,CN,סאני פלסטר אינטרסן 1,יחידה,0.00,יחידה,false,,10.90,0.0000,true,1,896
7290004219819,false,קומפלטה מלבין קפה הולנדי 200ג,פריזלנד פודס קיוויט,NL,קומפלטה מלבין קפה הו,גרמים,200.00,100 גרם,false,,11.50,0.0575,true,1,2891
7290004537258,false,אפונה וגזר 800 גר שד,,,אפונה וגזר 800 גר שד,גרמים,800.00,100 גרם,false,,13.90,0.0174,true,1,51531
7290004537265,false,אפונה עדינה קפואה 60,,,אפונה עדינה קפואה 60,גרמים,600.00,100 גרם,false,,16.90,0.0282,true,1,51532
7290004537333,false,חומוס גרגירים 800 גר,,,חומוס גרגירים 800 גר,גרמים,800.00,100 גרם,false,,14.90,0.0186,true,1,51538
7290004584306,false,רבעיית גמדים בטעם תות בננה * 100 ג' שטראוס,מיוצר עי קונדיטוריית,IL,גמדים תות בננה 4*100,מיליליטרים,400.00,"100 מ""ל",false,,11.90,0.0298,true,1,23295
7290004584351,false,גבינה לבנה סימפוניה עם תוספות 200 ג' חמישית 200,"שטראוס בריאות בע""\מ",IL,סימפוניה חמישית 200ג,גרמים,200.00,100 גרם,false,,12.50,0.0625,true,1,23296
7290004584528,false,יוגורט דנונה ביו לבן 1.7% שומן 200 גרם,מיוצר עי קונדיטוריית,IL,דנונה יוגורט טבעי 1.,מיליליטרים,200.00,"100 מ""ל",false,,3.70,0.0185,true,1,23297
7290004585907,false,דני ועדן וניל 1.5% 125ג' שטראוס,מיוצר עי קונדיטוריית,IL,דני וניל מהדרין 130מ,מיליליטרים,130.00,"100 מ""ל",false,,2.90,0.0223,true,1,23298
7290004731472,false,"שלישיית אלסבון צבעוני כיף 500 מ""ל",טרופיקל דגיל תעשיות,IL,שלישיית אלסבון צבעונ,ליטרים,1.50,ליטר,false,,20.90,13.9333,true,1,29881
7290004731564,false,"מקסימה מבשם ומרכך למייבש הכביסה בלו בלוסום 750 מ""ל",סנו מקסימה,IL,סנו מקסימה מבשם ומרכ,מיליליטרים,750.00,"100 מ""ל",false,,18.90,0.0252,true,1,29884
7290004731670,false,"מטהר אוויר דואופרש פצ'ולי לבנדר סנו 300 מ""ל","סנו מפעלי ברונוס בע""\מ",IL,דואופרש פצ'ולי לבנדר,מיליליטרים,300.00,"100 מ""ל",false,,12.90,0.0430,true,1,29886
7290004737719,false,אספרגוס שלם מקולף בצנצנת ויליפוד 330 גרם,קריות זול,CN,אספרגוס שלם מקולף וי,גרמים,330.00,100 גרם,false,,10.90,0.0330,true,1,2895
7290004737900,false,חלב כחוש מרוכז וממותק בתוספת שמן צמחי ויליפוד 397 גרם,יו.איי.בי מאריג'אמפו,LT,וילי פוד חלב מרוכז מ,גרמים,397.00,100 גרם,false,,10.90,0.0275,true,1,2897
7290004762056,false,שקדי מרק חטיפים מן ה,,IL,שקדי מרק חטיפים מן ה,גרמים,400.00,100 גרם,false,,9.90,0.0248,true,1,327548
7290004762827,false,"קרוטונים למרק בטעם שום בצל, 250 גרם",חטיפים מן הטבע,,קרוטונים למרק שקית,גרמים,250.00,100 גרם,false,,9.90,0.0396,true,1,351689
7290004944032,false,חומוס אמיתי אסלי שמיר 400 גרם,"סלטי שמיר 2006 בע""מ",IL,חומוס אסלי 400 גר,גרמים,400.00,100 גרם,false,,10.90,0.0273,true,1,17701
7290004944049,false,טחינה אסלי שמיר 400 גרם,"סלטי שמיר 2006 בע""מ",IL,טחינה אסלי 400 גרם,גרמים,400.00,100 גרם,false,,10.90,0.0273,true,1,17702
7290004944056,false,סדרת האסלי חציל במיונז שמיר 400 גרם,"סלטי שמיר 2006 בע""מ",IL,חציל במיונז 400גר,גרמים,400.00,100 גרם,false,,10.90,0.0273,true,1,17703
7290005008191,false,"סבון נוזלי ארומה בניחוח לבנדר פטצ'ולי וילנג ילנג פלמוליב 500 מ""ל",הנסיך- מפעל לייצור ט,TR,סבון נוזלי ארומה סגו,מיליליטרים,500.00,"100 מ""ל",false,,17.90,0.0358,true,1,21480
7290005008481,false,ספיד סטיק - דאודורנט ג'ל לגבר ספורט 85 גרם,הנסיך- מפעל לייצור ט,US,דאודורנט ג'ל ספורט ס,גרמים,85.00,100 גרם,false,,29.90,0.3518,true,1,21481
7290005041198,false,מעדני הטלה קבב ביתי,לאטי עזרא גלם ודגים,IL,"קבב ביתי 1ק""ג",קילוגרמים,1.00,"ק""ג",false,,54.90,54.9000,true,1,17089
7290005041402,false,שיפודי שווארמה פרגיות 600 גרם,מעדני הטלה והעגל,IL,שיפודי שוארמה פרגית,גרמים,600.00,100 גרם,false,,60.90,0.1015,true,1,218855
7290005084355,false,סנסודין משחת שיניים דואל קר פלואוריד 75,גלקסו סמית קליין,GB,משחת שיניים דואל קר,מיליליטרים,75.00,"100 מ""ל",false,,22.70,0.3027,true,1,3820
7290005113222,false,זיתים קוקטייל וגמבה יבנה 350ג',קבוצת יבנה,IL,זיתים מיקס יבנה 540,גרמים,340.00,100 גרם,false,,10.90,0.0321,true,1,44748
7290005174513,false,סלט חצילים במיונז אחלה 500 גרם,מיוצר עי קונדיטוריית,IL,חציל במיונז אחלה 500,גרמים,500.00,100 גרם,false,,16.90,0.0338,true,1,23299
7290005174551,false,סלט חומוס עם צנוברים 125 ג' אחלה,מיוצר עי קונדיטוריית,IL,אחלה חומוס 125ג,גרמים,125.00,100 גרם,false,,5.90,0.0472,true,1,23300
7290005174568,false,סלט חצילים במיונז אחלה 125 גרם,"שטראוס גרופ בע""\מ",IL,אחלה חציל במיונז 125,גרמים,125.00,100 גרם,false,,5.90,0.0472,true,1,23301
7290005174575,false,טחינה אחלה יום יום משובחת 125ג',מיוצר עי קונדיטוריית,IL,אחלה טחינה 125גר,גרמים,125.00,100 גרם,false,,5.90,0.0472,true,1,23302
7290005197758,false,"עוגיות חיוכים שוקולד עלית 150 גרם בד""צ",אפיפית נצרת תעשיות ב,IL,חיוכים של שוקו,גרמים,150.00,100 גרם,false,,5.50,0.0367,true,1,22238
7290005199578,false,קפה פלטינום נטול קפאין עלית 200 גרם,שטראוס קפה בי.וי.,IL,עלית אוריגינס קפה נט,גרמים,200.00,100 גרם,false,,36.90,0.1845,true,1,22243
7290005200786,false,תפוצ'יפס בטעם שמנת בצל עלית 50 גרם,"שטראוס פריטו ליי בע""\מ )",IL,תפוציפס שמנת ובצל 50,גרמים,50.00,100 גרם,false,,4.30,0.0860,true,1,24159
7290005201882,false,קפה טורקי בצלופן עלית 200 גרם,הנסיך- מפעל לייצור ט,IL,טורקי עלית 200 גר',גרמים,200.00,100 גרם,false,,15.90,0.0795,true,1,22249
7290005287206,false,רביעיית טונה בשמן סטארקיסט 160 גרם,"סטארקיסט פודור בע""מ",VN,טונה בשמן סטארקיסט ר,גרמים,640.00,100 גרם,false,,25.90,0.0405,true,1,26654
7290005296246,false,"פותח סתימות דריין אאוט 946 מ""ל יעקבי",יוליניבר,US,יעקבי פותח סתימות אק,מיליליטרים,946.00,"100 מ""ל",false,,30.90,0.0327,true,1,11301
7290005296260,false,"אסטוניש ספריי רסס ונגב לניקוי כללי יעקבי 750 מ""ל",יעקובי אסטוניש,GB,אסטוניש רסס ונגב 750,מיליליטרים,750.00,"100 מ""ל",false,,14.90,0.0199,true,1,11302
7290005326523,false,ממרח פסטו פטרוזיליה ונענע אוליביה 180 גרם,אוליביה,IL,אוליביה ממרח פסטו פט,גרמים,180.00,100 גרם,false,,14.90,0.0828,true,1,51984
7290005400155,false,פתיתים כוסמין מקור הכוסמין 500 גר,שיבולים בני דרום,IL,פתיתים אפויים כוסמין,גרמים,500.00,100 גרם,false,,15.90,0.0318,true,1,40014
7290005403972,false,תחתיות ארטישוק 400 ג,,,תחתיות ארטישוק 400 ג,גרמים,400.00,100 גרם,false,,17.90,0.0447,true,1,51543
7290005403989,false,במיה קפואה 600 גרם שדה בשקית,,,במיה קפואה 600 גרם ש,גרמים,600.00,100 גרם,false,,12.90,0.0215,true,1,51544
7290005418716,false,"קרם לחות לבניית תלתלים עגולים נטורל פורמולה 400 מ""ל",מיוצר עי אמיליה קוסמ,IL,לחות לבניית תלתלים נ,מיליליטרים,400.00,"100 מ""ל",false,,24.90,0.0622,true,1,29892
7290005423635,false,ריצפז נוזל רצפות דוחה תיקנים סנו 2 ליטר,מיוצר עי קונדיטוריית,IL,נוזל לניקוי רצפות דו,ליטרים,2.00,ליטר,false,,22.90,11.4500,true,1,29911
7290005423734,false,מרכך כביסה מרוכז אולטרא פרש סנו מקסימה 4 ליטר,"סנו מפעלי ברונוס בע""\מ",IL,מרכך כביסה סנו מקסימ,ליטרים,4.00,ליטר,false,,23.90,5.9750,true,1,29912
7290005423918,false,סנו - מקסימה מרכך כביסה היפואלרגני אלוורה 4 ליטר,"סנו מפעלי ברונוס בע""\מ",IL,מרכך כביסה סנו מקסימ,ליטרים,4.00,ליטר,false,,24.90,6.2250,true,1,29916
7290005424847,false,"מפיות סופט לבנות לשולחן (150 יח') ""סנו""",מיוצר עי קונדיטוריית,TR,סנו סופט מפיות 30*30,יחידה,0.00,יחידה,false,,8.90,0.0000,true,1,29933
7290005424991,false,סנו פרש אוטומטיק בהתזה קצובה ניחוח בייבי פאודר,סנו מפעלי ברונוס בעמ,IL,סנו פרש אוטומטיק בהת,גרמים,165.00,100 גרם,false,,14.90,0.0903,true,1,29935
7290005425202,false,אבקת כביסה ביו מקסימה לכתמים קשים,"סנו מפעלי ברונוס בע""\מ",IL,אבקת כביסה סנו מקסימ,קילוגרמים,2.50,"ק""ג",false,,28.90,11.5600,true,1,29942
7290005426568,false,"קרמה - קרם לחות לשיער רגיל 400 מ""ל",טרופיקל דגיל תעשיות,IL,קרם לחות לשיער רגיל,מיליליטרים,400.00,"100 מ""ל",false,,20.90,0.0522,true,1,29966
7290005426940,false,"סנו K-300 מדביר חרקים 475 מ""ל",טרופיקל דגיל תעשיות,IL,סנו 300 K פלוס 8,מיליליטרים,400.00,"100 מ""ל",false,,21.90,0.0547,true,1,29974
7290005426971,false,סנובון סבון לאסלה תפוח כחול סנו 3 יחידות,סנו מפעלי ברונו בעמ,IL,סנובון כחול שלישיה ב,גרמים,165.00,100 גרם,false,,17.90,0.1085,true,1,29976
7290005427107,false,סנו - סושי מגבות נייר הפלא 6 יחידות,מיוצר עי קונדיטוריית,IL,סנו סושי מגבות הפלא,מטרים,63.50,מטר,false,,12.90,0.2031,true,1,29977
7290005427725,false,"חמישיית מגבונים מבושם ""ליטופים""",טרופיקל דגיל קוסמטיק,IL,ליטופים מגבונים מבוש,יחידה,0.00,יחידה,false,,19.90,0.0000,true,1,29995
7290005427985,false,"קרמה תחליב רחצה לפנים בתוספת גרגירי פילינג 180 מ""ל",גוד פוד פרודקטס S.p,IL,תחליב רחצה לפנים בתו,מיליליטרים,180.00,"100 מ""ל",false,,14.90,0.0828,true,1,30007
7290005428852,false,ממחטות טישו צבעוניים סנו סופט 5 יח' *100דף,ישרפייפר,IL,סנו סופט מגבוני טישו,יחידה,0.00,יחידה,false,,15.90,0.0000,true,1,30009
7290005429279,false,סנו מקסימה קומפקט קומפקט אפקט גאוול 6 ק,סנו מפעלי ברונוס בעמ,IL,אבקת כביסה סנו מקסימ,קילוגרמים,6.00,"ק""ג",false,,51.90,8.6500,true,1,30016
7290005429286,false,"אבקת כביסה מקסימה ביו 6 ק""ג סנו",סנו מקסימה,IL,אבקת כביסה סנו מקסימ,קילוגרמים,6.00,"ק""ג",false,,51.90,8.6500,true,1,30017
7290005430602,false,"סנו אוקסיג'ן ספריי להסרת כתמים עם חמצן פעיל 750 מ""ל","סנו מפעלי ברונוס בע""",IL,סנו אוקסיג'ן מסיר כת,מיליליטרים,750.00,"100 מ""ל",false,,20.90,0.0279,true,1,30021
7290005430671,false,פוליויקס נוזל לניקוי קרמיקה סנו 2 ליטר,סנו מפעלי ברונו בעמ,IL,סנו פוליווקס קרמיקה,ליטרים,2.00,ליטר,false,,22.90,11.4500,true,1,30024
7290005431883,false,מלבי חלבי עדן קינוחים 165 גרם,עדן קינוחים Eden,IL,עדן מלבי חלבי 165 גר,גרמים,165.00,100 גרם,false,,7.80,0.0473,true,1,26009
7290005431913,false,עוגת גבינה פירורים עדן קינוחים 92 גרם,עדן קינוחים Eden,IL,קינוחי עדן עוגת גבינ,גרמים,92.00,100 גרם,false,,7.80,0.0848,true,1,26012
7290005431920,false,עוגת גבינה פירורים לייט עדן קינוחים 78 גרם,עדן קינוחים Eden,IL,עדן עוגת גבינה פירור,גרמים,78.00,100 גרם,false,,7.80,0.1000,true,1,26013
7290005559907,false,פיצה משפחתית 100% גבינה מעדנות 500 גרם,מיוצר עי קונדיטוריית,IL,פיצה משפחתית גבינה 5,גרמים,500.00,100 גרם,false,,23.90,0.0478,true,1,35620
7290005559914,false,פיצה משפחתית עם 100% גבינה בתוספת זיתים מעדנות 550 גרם,מיוצר עי קונדיטוריית,IL,פיצה משפחתית זיתים 5,גרמים,550.00,100 גרם,false,,23.90,0.0435,true,1,35621
7290005559990,false,בצק פילאס תורכי מעדנות 600 גרם,מיוצר עי קונדיטוריית,IL,בצק פילאס תורכי מעדנ,גרמים,600.00,100 גרם,false,,28.90,0.0482,true,1,35625
7290005591761,false,דבש טהור מפרחי בר בלחיץ 400 ג' יד מרדכי,מכוורת יד מרדכי שטראוס ב,IL,דבש טהור מפרחי בר בל,גרמים,400.00,100 גרם,false,,26.90,0.0672,true,1,22250
7290005838002,false,מעדן גבינה ויוגורט בטעם וניל 88 ג' דניאלה,"שטראוס בריאות בע""מ",IL,דניאלה מעדן גבינה 15,מיליליטרים,150.00,"100 מ""ל",false,,4.30,0.0287,true,1,23304
7290005838613,false,"סקי וניל בודד 125 גרם ""שטראוס""","שטראוס בריאות בע""\מ",IL,גבינה וניל 3% סקי 12,גרמים,125.00,100 גרם,false,,3.90,0.0312,true,1,23305
7290005839078,false,שמיניית יוגורט לבן 3% ביו דנונה 150 גרם,מיוצר עי קונדיטוריית,IL,דנונה ביו מארז חסכון,קילוגרמים,1.20,"ק""ג",false,,17.90,14.9167,true,1,23307
7290005839108,false,גבינה לבנה סימפוניה עם תוספות 200 ג'+זיתים 5%,"שטראוס בריאות בע""\מ",IL,סימפוניה עם זיתים 5%,גרמים,200.00,100 גרם,false,,12.50,0.0625,true,1,23308
7290005839313,false,"מילקי טופ מגולגלת שטראוס 170 מ""ל",מיוצר עי קונדיטוריית,IL,מילקי טופ מגולגלת 14,מיליליטרים,142.00,"100 מ""ל",false,,5.00,0.0352,true,1,23309
7290005896439,false,"בירה מכבי, בקבוק חוזר 500 מ''ל","טמפו משקאות בע""מ",IL,מכבי בקבוק חוזר 500,מיליליטרים,500.00,"100 מ""ל",false,,6.90,0.0138,true,1,9397
7290005896460,false,"בירה איגל לאגר חזקה 7.8% 500 מ""ל פחית",טמפו,IL,איגל בירה חזקה 7.8%,מיליליטרים,500.00,"100 מ""ל",false,,6.90,0.0138,true,1,9399
7290005896620,false,סאן בנדטו - מוגז עדין - 1.5 ליטר,אקווה מינרלה סאן בנד,IT,סאן בנדטו מים מינרלי,ליטרים,1.50,ליטר,false,,5.50,3.6667,true,1,9400
7290005896637,false,סאן בנדטו - מים מינרלים טבעיים מהאלפים 1.5 ליטר,אקווה מינרלה סאן בנדטו ב,IT,סאן בנדטו 1.5 ליטר,ליטרים,1.50,ליטר,false,,4.50,3.0000,true,1,9401
7290005896835,false,סאן בנדטו - שישיית 1.5 ליטר מוגז עדין,טמפו,IT,סאן בנדטו מים מינרלי,ליטרים,9.00,ליטר,false,,20.70,2.3000,true,1,9403
7290005901348,false,קבב כבש מעדני המנגל,,,קבב כבש מעדני המנגל,גרמים,400.00,100 גרם,false,,14.90,0.0373,true,1,51545
7290005901386,false,קבב טלה וצנובר טעים,,,קבב טלה וצנובר טעים,גרמים,500.00,100 גרם,false,,29.90,0.0598,true,1,51549
7290005901409,false,"""טעים טעים"" נקניקיות",,,"""טעים טעים"" נקניקיות",גרמים,500.00,100 גרם,false,,29.90,0.0598,true,1,51551
7290005901416,false,קבב הבית טעים טעים א,,,קבב הבית טעים טעים א,גרמים,500.00,100 גרם,false,,29.90,0.0598,true,1,51552
7290005938238,false,ממרח צ'ימצ'ורי פרסקו 220ג' מצונן,"פרסקו חצבה 2006 בע""מ",IL,פרסקו ממרח מצונן צ'י,גרמים,220.00,100 גרם,false,,19.90,0.0905,true,1,17091
7290005938245,false,ממרח פסטו קלאסי פרסקו 220ג' מצונן,מיוצר עי פרסקו חצבה,IL,פרסקו ממרח מצונן פסט,גרמים,220.00,100 גרם,false,,19.90,0.0905,true,1,17092
7290005992575,false,גבינה בולגרית למריחה 5% גד 250 גרם,מחלבות גד בעמ,IL,גד בולגרית למריחה 5%,גרמים,250.00,100 גרם,false,,19.20,0.0768,true,1,14644
7290006065179,false,סטייק טונה קפוא בואק,,,סטייק טונה קפוא בואק,קילוגרמים,1.00,"ק""ג",true,,39.90,39.9000,true,1,126546
7290006229427,false,סן בנדטו - מים מינרלים - מארז שישיית 500 מל,קריות זול,IT,"סאן בנדטו 6*500 מ""ל",ליטרים,3.00,ליטר,false,,13.90,4.6333,true,1,9414
7290006229588,false,בירה איגל לאגר פרימיום חזקה 6.3% 500 מל,"טמפו משקאות בע""מ",IL,איגל בירה פחית זהב 5,מיליליטרים,500.00,"100 מ""ל",false,,6.90,0.0138,true,1,9415
7290006251275,false,תה ירוק סיני קלאסי ויסוצקי 25 יחידות,תה ויסוצקי,IL,תה ירוק סיני,גרמים,37.50,100 גרם,false,,23.90,0.6373,true,1,24653
7290006251374,false,תה ירוק לימונית וג'ינג'ר ויסוצקי 25 יחידות,תה ויסוצקי,IL,תה ירוק לימונית וג'י,גרמים,25.00,100 גרם,false,,23.90,0.9560,true,1,24656
7290006251589,false,תה ירוק עם עלי נענע 50 שקיקים ויסוצקי,בית ויסוצקי,IL,תה ירוק עם עלי נענע,גרמים,75.00,100 גרם,false,,47.90,0.6387,true,1,24657
7290006265548,false,נבטים סינים מרינה ארוז 360ג',"מרינה פטריות הגליל בע""מ",IL,נבטים סינים,יח',1.00,יח',false,,6.90,6.9000,true,1,41524
7290006271181,false,ג'חנון אפוי למיקרוגל מעדנות 750 גרם,מיוצר עי קונדיטוריית,IL,מעדנות גחנון אפוי 75,גרמים,750.00,100 גרם,false,,28.90,0.0385,true,1,35627
7290006272072,false,חטיפי פיצה גבינה מעדנות 650 גרם,"מעדנות בע""\מ",IL,חטיפי פיצה מעדנות 65,גרמים,650.00,100 גרם,false,,33.90,0.0522,true,1,35635
7290006272430,false,בצק עלים חמאה מעדנות 600 גרם,מיוצר עי קונדיטוריית,IL,בצק עלים חמאה 600 גר,גרמים,600.00,100 גרם,false,,30.90,0.0515,true,1,35637
7290006322104,false,לחם ריחיים קל פרוס 500גר,מאפיית דוידוביץ ובניו בע,IL,לחם ריחיים מלא דוידו,גרמים,500.00,100 גרם,false,,13.90,0.0278,true,1,347679
7290006322838,false,לחם מקמח מלא דוידובי,מאפיית דוידוביץ ובניו בע,IL,לחם 100% מלא דוידובי,גרמים,750.00,100 גרם,false,,14.90,0.0199,true,1,347846
7290006342065,false,בוטנים קלויים ששון הקולה 200 גרם,,,בוטנים קלויים 200 ג,גרמים,200.00,100 גרם,false,,8.90,0.0445,true,1,4627
7290006342072,false,גרעין לבן ששון הקולה 200 גרם,"דין שיווק וקלייה בע""",IL,גרעין לבן 200 גרם,גרמים,200.00,100 גרם,false,,9.90,0.0495,true,1,4628
7290006342447,false,גרעיני אבטיח ששון הקולה 200 גרם,"דין שיווק וקלייה בע""",IL,גרעיני אבטיח 200 גר,גרמים,200.00,100 גרם,false,,12.90,0.0645,true,1,4630
7290006342560,false,בוטן אמריקאי 200 גרם ששון הקולה,"דין שיווק וקלייה בע""",IL,בוטן אמריקאי 200 גרם,גרמים,200.00,100 גרם,false,,7.90,0.0395,true,1,4635
7290006342645,false,טורטיה גדולה שקדיה 840 גרם 12 יחידות,אלקטי קוראבייכיסיגיד,TR,טורטייה 840 גרם,גרמים,840.00,100 גרם,false,,15.90,0.0189,true,1,4638
7290006374738,false,קונפיטורית תות 340 גר' יד מרדכי,אף.סי תבליני בגליל ב,IL,קונפיטורת תות יד מור,גרמים,340.00,100 גרם,false,,13.90,0.0409,true,1,22257
7290006449955,false,מלפפון בייבי מארז,"מרינה פטריות הגליל בע""מ",IL,מלפפון בייבי,יח',1.00,יח',false,,9.90,9.9000,true,1,169775
7290006459510,false,נרות חנוכה רגיל 44 יח,מנורה,CN,נרות חנוכה שקד,גרמים,157.00,100 גרם,false,,2.90,0.0185,true,1,351596
7290006492432,false,גבינת מוצרלה בייבי 18% גד 150 גרם,מחלבות גד בעמ,IL,גד בייבי מוצרלה 150ג,גרמים,170.00,100 גרם,false,,17.00,0.1000,true,1,14662
7290006492630,false,גבינת פרומעז עיזים 22% גד 180 גרם,מחלבות גד בעמ,IL,גד גבינת גליל גד עזי,גרמים,180.00,100 גרם,false,,24.50,0.1361,true,1,14664
7290006492685,false,גבינת לאבנה 5% מחלב עזים גד 250 גרם,מחלבות גד בעמ,IL,גד לאבנה עזים 3% 250,גרמים,250.00,100 גרם,false,,20.40,0.0816,true,1,14666
7290006492852,false,גבינת עיזים למריחה 5% שומן 250 ג' גד,גבינות מדף,IL,גד גבינת עיזים למריח,גרמים,250.00,100 גרם,false,,19.30,0.0772,true,1,14667
7290006492913,false,גבינת לאבנה ציזיקי 5% מחלבות גד 250 גרם,מחלבות גד בעמ,IL,לאבנה ציזיקי גד 250,גרמים,250.00,100 גרם,false,,15.10,0.0604,true,1,14668
7290006511157,false,"פטריות שלמות ויליפוד 400 גרם בד""ץ",אוקצ'מפס אס.איי אויי,PL,פטריות שלמות שמפיניו,גרמים,230.00,100 גרם,false,,7.90,0.0343,true,1,2906
7290006511751,false,פטריות שמפניון חתוך ויליפוד 290X3 ג' בד”צ,לוטס,NL,פטריות חתוכות ויליפו,גרמים,870.00,100 גרם,false,,13.00,0.0149,true,1,2909
7290006532398,false,סטייק צ'יפס טעים 1.8,,,סטייק צ'יפס טעים 1.8,קילוגרמים,1.80,"ק""ג",false,,24.90,13.8333,true,1,51559
7290006618078,false,"מרסס לניקוי יסודי מטבח אסטוניש 750 מ""ל",יעקובי אסטוניש,GB,אסטוניש מרסס ניקוי צ,מיליליטרים,750.00,"100 מ""ל",false,,14.90,0.0199,true,1,11311
7290006652027,false,במבה חטיף בוטנים אסם 20*15 גרם,מיוצר עי קונדיטוריית,IL,במבה יום הולדת מאח.1,גרמים,300.00,100 גרם,false,,24.90,0.0830,true,1,18710
7290006653765,false,פרפקטו פסטה פטוצ'יני אסם 500 גרם,אסם פרפקטו,IT,פטוציני פרפקטו 500 ג,גרמים,500.00,100 גרם,false,,7.90,0.0158,true,1,18712
7290006653819,false,פתיתי קוסקוס דק 350 גרם,"מיוצר ע""י קוד יצרן K",IL,קוסקוס דק בשקית אסם,גרמים,350.00,100 גרם,false,,8.90,0.0254,true,1,18713
7290006664051,false,"אקטימל לבן 1.51 ק""ג מארז 14 יחידות",מיוצר עי קונדיטוריית,IL,אקטימל טבעי 14*100מל,ליטרים,1.40,ליטר,false,,33.90,24.2143,true,1,23313
7290006664310,false,גבינה לבנה 3% שומן 250 ג' שטראוס,מיוצר עי קונדיטוריית,IL,גבינה 3% סקי 250 גרם,גרמים,250.00,100 גרם,false,,4.80,0.0192,true,1,23316
7290006664402,false,גבינה לבנה סקי 5% שומן 750 גרם,מיוצר עי קונדיטוריית,IL,שטראוס גבינה 5% 750ג,גרמים,750.00,100 גרם,false,,14.25,0.0190,true,1,23317
7290006664532,false,יוגורט עם תות 3% שומן 150 ג' דנונה,מיוצר עי קונדיטוריית,IL,דנונה תות 3% 150מל,גרמים,150.00,100 גרם,false,,3.90,0.0260,true,1,23318
7290006664655,false,"אקטימל לבן טבעי מארז 100X8 מ""ל",מיוצר עי קונדיטוריית,IL,אקטימל טבעי 8*100מל,מיליליטרים,800.00,"100 מ""ל",false,,22.90,0.0286,true,1,23320
7290006664990,false,"יוגורט דנונה ביו לבן 1.7% שומן 8*150 מ""ל",מיוצר עי קונדיטוריית,IL,דנונה ביו מארז חיסכו,קילוגרמים,1.20,"ק""ג",false,,17.90,14.9167,true,1,23323
7290006704016,false,בזיליקום ארוז יחידה,,,בזיליקום ארוז יחידה,יח',1.00,יח',false,,5.90,5.9000,true,1,35555
7290006704511,false,"תפו""א גמדי אדום למיקרו מרינה 750ג'","מרינה פטריות הגליל בע""מ",IL,תפוא ננסי מיקרוגל,גרמים,750.00,100 גרם,false,,6.90,0.0092,true,1,35558
7290006737496,false,בועות סבון,,,בועות סבון,יחידה,0.00,יחידה,false,,1.50,0.0000,true,1,56844
7290006739346,false,נקניקיות פרגיות טרי 400 גרם זוגלובק,נקניק נהריה כשר זוגל,IL,נקניקיות פרגיות טרי,גרמים,400.00,100 גרם,false,,19.90,0.0497,true,1,38973
7290006739407,false,שניצל תירס לייט זוגלובק 600 גרם,נקניק נהריה כשר זוגל,IL,שניצל תירס לייט 630,גרמים,600.00,100 גרם,false,,30.90,0.0515,true,1,38975
7290006739414,false,נקניק סלמי קוניאק זוגלובק 300 גרם,נקניק נהריה כשר זוגל,IL,סלמי קוניאק זוגלובק,גרמים,300.00,100 גרם,false,,32.00,0.1067,true,1,38976
7290006739421,false,נקניק סלמי מעושן איטלקי זוגלובק 300 גרם,נקניק נהריה כשר זוגל,IL,סלמי מעושן איטלקי ז,גרמים,300.00,100 גרם,false,,32.00,0.1067,true,1,38977
7290006739445,false,שניצל תירס קלאסי 750 ג' זוגלובק,נקניק נהריה כשר זוגל,IL,שניצל תירס קלאסי 750,גרמים,750.00,100 גרם,false,,24.90,0.0332,true,1,38978
7290006742278,false,פסטרמה הודו צלויה על לבנים 330 ג' זוגלובק,נקניק נהריה כשר זוגל,IL,פסטרממיה צלויה על לב,גרמים,330.00,100 גרם,false,,33.90,0.1027,true,1,39000
7290006742315,false,פסטרמה חזה הודו ברביקיו 2% זוגלובק 330 גרם,נקניק נהריה כשר זוגל,IL,חזה הודו ברביקיו 1%,גרמים,330.00,100 גרם,false,,33.90,0.1027,true,1,39003
7290006764065,false,בירה נשר מאלט ללא אלכוהול 500 מל,"טמפו משקאות בע""\ם.",IL,נשר מאלט בקבוק פקדון,מיליליטרים,500.00,"100 מ""ל",false,,5.50,0.0110,true,1,9417
7290006764072,false,"בירה גולדסטאר בקבוק 500 מ""ל חוזר","טמפו משקאות בע""\מ",IL,גולדסטאר בירה בק חוז,מיליליטרים,500.00,"100 מ""ל",false,,7.90,0.0158,true,1,9418
7290006764096,false,"בירה איגל 500 מ""ל 3.8% בקבוק חוזר","טמפו משקאות בע""\מ",IL,בירה איגל בקבוק 500,מיליליטרים,500.00,"100 מ""ל",false,,5.90,0.0118,true,1,9419
7290006788436,false,"קרליין - נושם פיור דאודורנט רול און לאישה ורוד 75 מ""ל",משווק: קוסמופארם בעמ,IL,דאו' רולאון נושם פיו,גרמים,75.00,100 גרם,false,,12.90,0.1720,true,1,30054
7290006805850,false,פילסברי פנקייק תערובת להכנת חביתיות,הדקלאים אגודת שיתופי,IL,תערובת להכנת פנקייקס,גרמים,500.00,100 גרם,false,,19.90,0.0398,true,1,12804
7290006822192,false,נקטר דיאט חמוציות אושן ספריי פריגת 1 ליטר,מבשלות בירה בינלאומיות ב,IL,אושן ספרי דיאט חמוצי,ליטרים,1.00,ליטר,false,,12.90,12.9000,true,1,6968
7290006855404,false,"ברבריא בייטס תמר מג'הול עם קשיו, שקדים ופיסטוק",טבעית מוצרים מן הטבע בעמ,IL,ברבריא BITES חטיף תמ,גרמים,55.00,100 גרם,false,,7.90,0.1436,true,1,199810
7290006855435,false,ברבריא בייטס תמר מג'הול עם שקדים וקקוס בטעם אננס,טבעית מוצרים מן הטבע בעמ,IL,ברבריא BITES חטיף תמ,גרמים,55.00,100 גרם,false,,7.90,0.1436,true,1,199825
7290006983206,false,תערובת להכנת פלפל קלי קלות 180 גרם,"אסם השקעות בע""\מ",IL,תערובת פלאפל בקלי קל,גרמים,180.00,100 גרם,false,,11.90,0.0661,true,1,18718
7290006983763,false,עוגת הבית שוקולד 400 גרם אסם.,מיוצר עי קונדיטוריית,IL,עוגת הבית שוקולד 400,גרמים,400.00,100 גרם,false,,14.90,0.0373,true,1,18721
7290006983770,false,עוגת הבית שיש אסם 400 גרם,מיוצר עי קונדיטוריית,IL,עוגת הבית שיש 400גר,גרמים,400.00,100 גרם,false,,14.90,0.0373,true,1,18722
7290006983787,false,עוגת הבית שוקולד צ'יפס אסם 400 גרם,מיוצר עי קונדיטוריית,IL,עוגת הבית שוקוציפס 4,גרמים,400.00,100 גרם,false,,14.90,0.0373,true,1,18723
7290006983794,false,עוגת הבית בטעם תפוז אסם 400 גרם,מיוצר עי קונדיטוריית,IL,עוגת הבית תפוז 400גר,גרמים,400.00,100 גרם,false,,14.90,0.0373,true,1,18724
7290008101318,false,קריספ פירורי לחם זהוב 300 גרם מיימונס,א.ל ייצור ושיווק תבל,IL,פירורי לחם זהוב קלאס,גרמים,300.00,100 גרם,false,,6.90,0.0230,true,1,279758
7290008102469,false,קריספ פירורי לחם זהוב 800 גרם מיימונס,מימונס,IL,פירורי לחם זהוב קלאס,גרמים,800.00,100 גרם,false,,12.90,0.0161,true,1,279801
7290008104050,false,"שטיפת אינטימית לקטופיל פמינה 220 מ""ל",כצט נוביס סעמ,IL,סבון שטיפה אינטימית,מיליליטרים,220.00,"100 מ""ל",false,,26.90,0.1223,true,1,3839
7290008116541,false,"שטיפת פה ליסטרין קול מינט 500 מ""ל",ג'\ונסון אנד ג'\ונסון,IT,מי פה ליסטרין בטעם מ,מיליליטרים,500.00,"100 מ""ל",false,,23.90,0.0478,true,1,29474
7290008116565,false,ליסטרין שטיפת פה פרש 500 מל,ג'\ונסון אנד ג'\ונסון,IT,מי פה פרש ליסטרין 50,מיליליטרים,500.00,"100 מ""ל",false,,23.90,0.0478,true,1,29476
7290008154222,false,שניצלונים עוף טוב 700 גרם,"מוצרי עוף טוב (2001) בע""",IL,שניצלונים עוף טוב 70,גרמים,700.00,100 גרם,false,,19.90,0.0284,true,1,19769
7290008268301,false,אוכמניות יחידה,בראשית,IL,אוכמניות,גרמים,120.00,100 גרם,false,,14.90,0.1242,true,1,47822
7290008268455,false,קיווי ישראלי בראשית,בראשית,IL,קיווי ארוז בראשית,יח',1.00,יח',false,,12.90,12.9000,true,1,211210
7290008343565,false,"סיגרים תפו""א 1 ק""ג שלושת האופים","שלושת האופים בע""\מ",IL,סיגרים תפו`א 1 ק`ג ש,קילוגרמים,1.00,"ק""ג",false,,16.90,16.9000,true,1,17117
7290008345583,false,איקרה ביתית ורוד 300 גרם דלידג,כלורוקס אוקלנד,IL,300 איקרה ביתית ורוד,גרמים,300.00,100 גרם,false,,20.90,0.0697,true,1,17133
7290008409100,false,אצבעות שניצל בציפוי שומשום מאמא עוף 700 גרם,תנובה גליל שותפות מוגבלת,IL,אצבעות שניצל ציפוי ש,גרמים,700.00,100 גרם,false,,37.90,0.0541,true,1,25547
7290008409124,false,מאמא עוף קפוא שניצל ג'ונגל פריך 700 גרם,תנובה גליל שותפות מוגבלת,IL,מאמא עוף קפוא שניצל,גרמים,700.00,100 גרם,false,,37.90,0.0541,true,1,25548
7290008409216,false,מאמא עוף קפוא שניצל דק פריך 700 גרם,תנובה גליל,IL,מאמא עוף קפוא שניצל,גרמים,700.00,100 גרם,false,,40.90,0.0584,true,1,25549
7290008409315,false,שניצלונים בציפוי פריך מיני מיני דק מאמא עוף 500 גרם,תנובה גליל,IL,מאמא עוף מיני דק שני,גרמים,500.00,100 גרם,false,,24.90,0.0498,true,1,25553
7290008409407,false,שניצל דק צ'יפס מאמא עוף 700 גרם,תנובה גליל שותפות מוגבלת,IL,מאמא עוף שניצל דק צי,גרמים,700.00,100 גרם,false,,40.90,0.0584,true,1,25559
7290008409551,false,שניצל עוף אמיתי בציפוי מעודן 700 ג' מאמא עוף,תנובה גליל שותפות מוגבלת,IL,שניצל עוף אמיתי בציפ,גרמים,700.00,100 גרם,false,,39.90,0.0570,true,1,25565
7290008409582,false,שניצל עוף אמיתי בציפוי ביתי מאמא עוף 700 גרם,תנובה גליל שותפות מוגבלת,IL,שניצל אמיתי בציפוי ב,גרמים,700.00,100 גרם,false,,39.90,0.0570,true,1,25568
7290008461238,false,"סרדינים בשמן חמניות ופלפל חריף רוברט 84 גרם, 115 גרם","רמירז, מטוסינוס",PT,סרדינים רוברט בשמן ח,גרמים,115.00,100 גרם,false,,7.90,0.0687,true,1,17139
7290008464130,false,"בירה גולדסטאר Unfiltered, בירה לא מסוננת, מארז שישייה, בקבוק 330 מ""ל",טמפו,IL,גולדסטאר לא מסונן 6*,ליטרים,1.98,ליטר,false,,46.90,23.6869,true,1,9437
7290008464475,false,"בירה מכבי, פחית 500 מ""ל","טמפו משקאות בע""\מ",IL,"מכבי פחית 500מ""ל",מיליליטרים,500.00,"100 מ""ל",false,,7.90,0.0158,true,1,9450
7290008464604,false,"בירה הייניקן פחית 500 מ""ל",טמפו משקאות בע''מ,NL,הייניקן בירה פח 500מ,מיליליטרים,500.00,"100 מ""ל",false,,13.90,0.0278,true,1,9458
7290008464697,false,"בירה מכבי 7.9%, בירה חזקה, מארז שישייה, בקבוק 330 מ""ל",טמפו,IL,מכבי 7.9% בקבוק 6* 3,ליטרים,1.98,ליטר,false,,37.90,19.1414,true,1,9462
7290008464734,false,"שישיית בירה גולדסטאר לאגר SLOW BREW בקבוק 330 מ""ל",טמפו משקאות בע''מ,IL,גולדסטאר SLOW BREW 3,ליטרים,1.98,ליטר,false,,45.90,23.1818,true,1,9464
7290008464741,false,"בירה גולדסטאר, מארז שישייה, בקבוק 330 מ''ל","טמפו משקאות בע""\מ",IL,"גולדסטאר ח""פ בקבוק 6",ליטרים,1.98,ליטר,false,,40.90,20.6566,true,1,9465
7290008464796,false,"בירה היינקן, מארז שישייה, בקבוק 330 מ''ל",טמפו משקאות בע''מ,IL,"הייניקן בקבוק ח""פ 6*",ליטרים,1.98,ליטר,false,,46.90,23.6869,true,1,9468
7290008644112,false,סלט מטבוחה יום יום אחלה 125 גרם,"שטראוס גרופ בע""\מ",IL,אחלה מטבוחה 125ג,גרמים,125.00,100 גרם,false,,5.90,0.0472,true,1,23325
7290008644235,false,עלי בייבי שטראוס 120 גרם,שטראוס בריאות ירקות טריי,IL,עלי בייבי 120 ג ירקו,גרמים,120.00,100 גרם,false,,9.90,0.0825,true,1,23326
7290008644945,false,לקט לסלט המושבה שטראוס 450 גרם,שטראוס בריאות ירקות טריי,IL,סלט המושבה 450 ג ירק,גרמים,450.00,100 גרם,false,,13.90,0.0309,true,1,23328
7290008679411,false,כפפות לבית ולמטבח קט,קריות זול,TH,הנדי כפפות לבית ולמט,יחידה,0.00,יחידה,false,,5.90,0.0000,true,1,3496
7290008693134,false,מעדן גבינה ויוגורט בטעם תות 5% שומן 88 ג' דניאלה,"שטראוס בריאות בע""מ",IL,דניאלה תות מעדן גבינ,מיליליטרים,150.00,"100 מ""ל",false,,4.30,0.0287,true,1,23330
7290008713900,false,לחם שיפון עגול פרוס אנג'ל 750 גרם,מאפיית אנג'\ל אורנים מאפ,IL,לחם שיפון עגול אנגל,גרמים,750.00,100 גרם,false,,14.90,0.0199,true,1,35468
7290008745239,false,תפוצ'יפס קראנצ' בטעם טבעי עלית 50 גרם,"שטראוס פריטו ליי בע""\מ )",IL,תפוציפס קראנץ טבעי 5,גרמים,50.00,100 גרם,false,,4.30,0.0860,true,1,24161
7290008747547,false,תפוצ'יפס קראנץ' בטעם טבעי עלית 200 גרם,"שטראוס פריטו ליי בע""\מ )",IL,תפוציפס קראנץ טבעי 2,גרמים,200.00,100 גרם,false,,10.90,0.0545,true,1,24163
7290008750264,false,"מסטיק מאסט ציקלס דובדבן 28 גרם לל""ס מגדים","שטראוס גרופ בע""מ",IL,מאסט דובדבן 28ג,גרמים,28.00,100 גרם,false,,4.50,0.1607,true,1,22268
7290008752244,false,תפוצ'יפס קראנץ' בטעם גריל עלית 50 גרם,"שטראוס פריטו ליי בע""\מ )",IL,תפוציפס קראנץ גריל 5,גרמים,50.00,100 גרם,false,,4.30,0.0860,true,1,24165
7290008753111,false,תפוצ'יפס קראנץ' בטעם מקסיקני עלית 50 גרם,"שטראוס פריטו ליי בע""\מ )",IL,תפוציפס מקסיקני 50גר,גרמים,50.00,100 גרם,false,,4.30,0.0860,true,1,24166
7290008754040,false,ממרח שוקולד פרה עלית 850 גרם מגדים,שטראוס גרופ,IL,ממרח פרה שוקולד 850,גרמים,850.00,100 גרם,false,,17.90,0.0211,true,1,22276
7290008754415,false,גומי מאסט בטעם ספירמינט עדין פליפטופ 28 ג' עלית,"שטראוס גרופ בע""מ",IL,מאסט מנטה עדין 28 גר,גרמים,28.00,100 גרם,false,,4.50,0.1607,true,1,22277
7290008757980,false,קרטונית ספרינג נקטר רימונים 1 ליטר,יפאורה שותפות מובגלת לשיווק,IL,ספרינג רימונים 1ל,ליטרים,1.00,ליטר,false,,6.90,6.9000,true,1,11576
7290008775816,false,ערגליות עוגיות במילוי שוקולד אסם 300 גרם,מיוצר עי קונדיטוריית,IL,ערגליות שוקולד 300 ג,גרמים,300.00,100 גרם,false,,11.90,0.0397,true,1,18733
7290008775823,false,ערגליות עוגיות תות שדה אסם 300 גרם,מיוצר עי קונדיטוריית,IL,ערגליות תות שדה 300,גרמים,300.00,100 גרם,false,,11.90,0.0397,true,1,18734
7290008792264,false,מפיות טישיו טאצ' 100יח',"שניב תעשיות נייר בע""",IL,מפיות טאצ' 100,יחידה,0.00,יחידה,false,,5.90,0.0000,true,1,24454
7290008801157,false,"יין מרלו סלקטד כרמל כרמל 750 מ""ל",כרמל מזרחי,IL,יין סלקטד מרלו 750 מ,מיליליטרים,750.00,"100 מ""ל",false,,32.90,0.0439,true,1,514
7290008801522,false,יין קינג דויד קונקורד אדום מתוק 750 מל,אגודת הכורמים הקואופרטיב,IL,יין קונקורד קינג דיו,מיליליטרים,750.00,"100 מ""ל",false,,23.90,0.0319,true,1,520
7290008801850,false,סלקטד אמרלד ריזלינג לבן חצי יבש 750 מל,אגודת הכורמים הקואופרטיב,IL,יין סלקטד אמרלד ריזל,מיליליטרים,750.00,"100 מ""ל",false,,32.90,0.0439,true,1,524
7290008802512,false,"יין וינו אדום ""כרמל מזרחי""","כד בני דרום בע""מ",IL,יין וינו אדום יבש,מיליליטרים,750.00,"100 מ""ל",false,,23.90,0.0319,true,1,526
7290008802529,false,"יין לבן חצי יבש וינו 750 מ""ל",כרמל מזרחי,IL,יין וינו לבן יבש,מיליליטרים,750.00,"100 מ""ל",false,,23.90,0.0319,true,1,527
7290008802895,false,יין קברנה סוביניון פרייבט קולקשן יקבי כרמל,אגודת הכורמים הקאופורטיב,IL,יין P.C קברנה סובי,מיליליטרים,750.00,"100 מ""ל",false,,44.90,0.0599,true,1,528
7290008805520,false,"יין קברנה/סוביניון סלקטד כרמל 750 מ""ל","כד בני דרום בע""מ",IL,יין סלקטד קברנה סובנ,מיליליטרים,750.00,"100 מ""ל",false,,32.90,0.0439,true,1,545
7290008806961,false,גלידה שוקולד שבבי שוקולד פרה 1.33 ל' קרמיסימו,"גלידת שטראוס בע""\מ, רחוב",IL,קרמיסימו שוקולד שבבי,ליטרים,1.33,ליטר,false,,21.90,16.4662,true,1,4277
7290008806985,false,נישנושים גלידה שוקו וניל בציפוי שוקולד 60 יח' קרמיסימו,"גלידת שטראוס בע""\מ, רחוב",IL,קרמיסימו נישנושים ש.,גרמים,630.00,100 גרם,false,,50.90,0.0808,true,1,4278
7290008849777,false,רוטב צ'ילי מתוק אוליביה 345 גרם,קריות זול,IL,אוליביה רוטב צילי מת,גרמים,350.00,100 גרם,false,,14.90,0.0426,true,1,51991
7290008909853,false,"קוקה קולה זירו בקבוק 500 מ""ל.",החברה המרכזית לייצור משקאות,IL,קוקה קולה זירו 500 מ,מיליליטרים,500.00,"100 מ""ל",false,,7.90,0.0158,true,1,7005
7290008909884,false,"קוקה קולה זירו 350 מ""ל בקבוק זכוכית",החברה המרכזית לייצור משק,IL,קוקה קולה ZERO קלאסי,מיליליטרים,350.00,"100 מ""ל",false,,6.90,0.0197,true,1,7008
7290008945172,false,"שקיות אשפה עם שרוך 52 * 65 ס""מ גלילונית 40 יחידות","אשפלסט תעשיות בע""מ",IL,גלילונית אשפה למטבח,יחידה,0.00,יחידה,false,,18.50,0.0000,true,1,5821
7290008945202,false,גלילונית שקיות אשפה ענק 90/75 50 יח,"קילט ניהול פרוייקטים בע""מ",IL,גלילונית לאשפה משרדי,יחידה,0.00,יחידה,false,,15.90,0.0000,true,1,5822
7290009018004,false,פיקדון בקבוק/פחית בו,Unknown,,פיקדון בקבוק/פחית בו,יחידה,0.00,יחידה,false,,0.30,0.0000,true,1,66
7290009018011,false,פיקדון בקבוק/פחיות ש,,,פיקדון בקבוק/פחיות ש,יחידה,0.00,יחידה,false,,1.80,0.0000,true,1,64
7290009018264,false,פיקדון בקבוק/פחית רב,,,פיקדון בקבוק/פחית רב,יחידה,0.00,יחידה,false,,1.20,0.0000,true,1,105
7290009400107,false,סל נשיאה רב פעמי - ב,,,סל נשיאה רב פעמי - ב,יחידה,0.00,יחידה,false,,3.90,0.0000,true,1,189124
7290010002030,false,תבלין כמון טחון תבליני מימון 100 גרם,א.ל ייצור ושיווק תבלינים,IL,מימון כמון במיכל 100,גרמים,100.00,100 גרם,false,,12.90,0.1290,true,1,246
7290010002078,false,פלפל שחור טחון תבליני מימון 100 גרם,א.ל ייצור ושיווק תבלינים,IL,מימון פלפל שחור טחון,גרמים,100.00,100 גרם,false,,15.20,0.1520,true,1,250
7290010002122,false,פפריקה הונגרית מתוקה תבליני מימון 100 גרם,א.ל ייצור ושיווק תבלינים,IL,מימון פפריקה הונגרית,גרמים,100.00,100 גרם,false,,12.90,0.1290,true,1,255
7290010002146,false,פפריקה מרוקאית מתוקה תבליני מימון 100 גרם,א.ל ייצור ושיווק תבלינים,IL,מימון פפריקה מרוקאית,גרמים,100.00,100 גרם,false,,12.90,0.1290,true,1,257
7290010002320,false,תיבול לגריל עוף תבליני מימון 100 גרם,א.ל ייצור ושיווק תבלינים,IL,מימון תיבול לגריל עו,גרמים,100.00,100 גרם,false,,12.90,0.1290,true,1,267
7290010002498,false,תבלין שום גבישי תבליני מימון 120 גרם,א.ל ייצור ושיווק תבלינים,IL,מימון שום גבישי 120,גרמים,120.00,100 גרם,false,,15.20,0.1267,true,1,281
7290010002696,false,אקסטרה צ'יפס אורז חום מלא שמנת בצל 60 גרם,נוהלס ג'י אס סי.,BG,אקסטרא צ'יפס אורז חו,גרמים,60.00,100 גרם,false,,8.90,0.1483,true,1,279815
7290010003686,false,עלי דפנה בשקית תבליני מימון20 גרם,א.ל ייצור ושיווק תבל,IL,מימון עלי דפנה שקית,גרמים,20.00,100 גרם,false,,6.50,0.3250,true,1,290
7290010003693,false,פפריקה מתוקה בשקית תבליני מימון 80 גרם,א.ל ייצור ושיווק תבל,IL,מימון פפריקה מתוקה ש,גרמים,80.00,100 גרם,false,,6.50,0.0813,true,1,291
7290010003709,false,פלפל שחור טחון בשקית תבליני מימון 50 גרם,א.ל ייצור ושיווק תבל,IL,מימון פלפל שחור טחון,גרמים,50.00,100 גרם,false,,8.30,0.1660,true,1,292
7290010003761,false,כורכום טחון בשקית תבליני מימון 80 גרם,א.ל ייצור ושיווק תבל,IL,מימון כורכום טחון שק,גרמים,80.00,100 גרם,false,,6.50,0.0813,true,1,294
7290010003792,false,מלח לימון בשקית תבליני מימון 100 גרם,א.ל ייצור ושיווק תבל,IL,מימון מלח לימון שקית,גרמים,100.00,100 גרם,false,,6.50,0.0650,true,1,297
7290010003839,false,קינמון טחון בשקית תבליני מימון 80 גרם,א.ל ייצור ושיווק תבל,IL,מימון קינמון טחון שק,גרמים,80.00,100 גרם,false,,6.50,0.0813,true,1,301
7290010003990,false,פטרוזיליה בשקית תבליני מימון 20 גרם,א.ל ייצור ושיווק תבל,IL,מימון פטרוזיליה שקית,גרמים,20.00,100 גרם,false,,6.50,0.3250,true,1,306
7290010045068,false,עוגיות הנסיכה 250 גרם לחמי,קונדטוריות לחמי,IL,עוגיות הנסיכה לחמי 2,גרמים,250.00,100 גרם,false,,18.90,0.0756,true,1,24680
7290010066025,false,נתחי טונה בהירה בשמן158ג,תעשיות פילטונה,IL,טונה בשמן פילטונה 15,גרמים,170.00,100 גרם,false,,6.90,0.0406,true,1,164682
7290010066513,false,נתחי טונה בשמן צמחי רביעיה *158ג' פילטונה,תעשיות פילטונה,IL,נתחי טונה בשמן צמחי,גרמים,632.00,100 גרם,false,,23.90,0.0378,true,1,26586
7290010066575,false,נתחי טונה במים רביעיה *158ג' פילטונה,תעשיות פילטונה,IL,נתחי טונה במים פילטו,גרמים,632.00,100 גרם,false,,23.90,0.0378,true,1,26588
7290010066582,false,נתחי טונה בשמן קנולה רביעיה * 158 ג' פילטונה,תעשיות פילטונה,IL,נתחי טונה בשמן קנולה,גרמים,632.00,100 גרם,false,,23.90,0.0378,true,1,26589
7290010116980,false,אבקת שוקולית שקית עלית 850 ג',הנסיך- מפעל לייצור ט,IL,שוקולית 850 גרם,גרמים,850.00,100 גרם,false,,18.90,0.0222,true,1,22290
7290010117864,false,דוריטוס חטיף תירס בטעם חריף אש עלית 70 גרם,"שטראוס פריטו ליי בע""\מ )",IL,דוריטוס חריף אש 70 ג,גרמים,70.00,100 גרם,false,,3.90,0.0557,true,1,24173
7290010118328,false,תפוצ'יפס בטעם טבעי עלית מארז 6*40 גרם,שטראוס פריטו ליי (מל,IL,תפוצ'יפס טבעי 6*40 ג,גרמים,240.00,100 גרם,false,,13.90,0.0579,true,1,24177
7290010124107,false,סטייקבורגר זהב 400 גרם הקצביה בלדי,בלדי,IL,סטייק בורגר 400 גרם,גרמים,400.00,100 גרם,false,,19.90,0.0497,true,1,35346
7290010124190,false,אל מטאדור שניצל בקר מלינסה 250 גרם בלדי,בלדי,IL,שניצל בקר מלינסה אל,גרמים,250.00,100 גרם,false,,12.90,0.0516,true,1,35347
7290010124213,false,אל מטאדור סינטה בקר דק דק 250 גרם בלדי,בלאדי,IL,סינטה בקר דק דק אל מ,גרמים,250.00,100 גרם,false,,16.90,0.0676,true,1,35349
7290010129720,false,עוגיות שמרים קינמון 400 גרם דולצה ויטה,שיבולים א.ד.ל,IL,עוגיות שמרים שניק קי,גרמים,400.00,100 גרם,false,,13.90,0.0348,true,1,20191
7290010129959,false,עוגיות שמרים 400 גרם דולצה ויטה,קונדטוריית אנגל,IL,עוגיות שמרים רוגלעך,גרמים,400.00,100 גרם,false,,13.90,0.0348,true,1,20202
7290010153503,false,שעועית בובס יבשה מיה 400 גר',מיה תעשיות מזון מ.ת.מ. ב,IL,שעועית ענק 400 גרם,גרמים,400.00,100 גרם,false,,11.90,0.0298,true,1,15031
7290010153787,false,ציפוי לשניצל עם שום מיה 500 גרם,מיה תעשיות מזון מ.ת.מ. ב,IL,ציפוי לשניצל עם שום,גרמים,500.00,100 גרם,false,,9.90,0.0198,true,1,15047
7290010153794,false,ציפוי לשניצל עם עשבי תיבול מיה 500 גרם,מיה תעשיות מזון מ.ת.מ. ב,IL,ציפוי לשניצל עם עשבי,גרמים,500.00,100 גרם,false,,9.90,0.0198,true,1,15048
7290010153817,false,ריבת חלב אמיתי מיה 400 גרם,מיה תעשיות מזון מ.ת.מ. ב,IL,ריבת חלב מיה 400 גרם,גרמים,400.00,100 גרם,false,,12.50,0.0313,true,1,15050
7290010153909,false,"אורז בסמטי הודי ק''ג מיה 1 ק""ג",מיה תעשיות מזון מ.ת.מ. ב,IL,אורז בסמטי הודי 1 ק',קילוגרמים,1.00,"ק""ג",false,,10.90,10.9000,true,1,15058
7290010154005,false,סחוג תימני יוחאי ביטון 250 גרם,תבליני יוחאי ביטון,IL,סחוג תימני ירוק 250,גרמים,250.00,100 גרם,false,,14.90,0.0596,true,1,17143
7290010154012,false,לימון בלאדי כבוש תבליני ביטון 250 גרם,תבליני יוחאי ביטון,IL,לימון כבוש 250 ביטון,גרמים,250.00,100 גרם,false,,14.90,0.0596,true,1,17144
7290010154241,false,סלט חזרת ריף ביטון 250 ג',תבליני יוחאי ביטון,IL,סלט חזרת ביטון 250 ג,גרמים,250.00,100 גרם,false,,14.90,0.0596,true,1,17147
7290010154265,false,פלפל צ'ומה תבליני ביטון 250 גרם,תבליני יוחאי ביטון,IL,פלפל צ`ומה ביטון 250,גרמים,250.00,100 גרם,false,,14.90,0.0596,true,1,17148
7290010154418,false,סחוג אדום תבליני ביטון 130 גרם,תבליני יוחאי ביטון,IL,יוחאי ביטון סחוג אדו,גרמים,130.00,100 גרם,false,,8.90,0.0685,true,1,17153
7290010154678,false,אריסה מרוקאית תבליני ביטון 250 גרם,תבליני יוחאי ביטון,IL,יוחאי ביטון אריסה מר,גרמים,250.00,100 גרם,false,,14.90,0.0596,true,1,17158
7290010154685,false,סלט שום כתוש 250 ג' ביטון יוחאי,תבליני יוחאי ביטון,IL,סלט שום כתוש 250 גר',גרמים,250.00,100 גרם,false,,14.90,0.0596,true,1,17159
7290010192007,false,פטרוזיליה,,,פטרוזיליה,יח',1.00,יח',false,,3.90,3.9000,true,1,35563
7290010192014,false,שמיר,,,שמיר,יח',1.00,יח',false,,3.90,3.9000,true,1,35564
7290010192021,false,כוסברה ארוז,,,כוסברה,יח',1.00,יח',false,,3.90,3.9000,true,1,35565
7290010192038,false,שורש פטרוזיליה ארוז,,IL,שורש פטרוזיליה ארוז,יח',1.00,יח',false,,5.90,5.9000,true,1,35566
7290010192045,false,נענע יחידה,,,נענע יחידה,יח',1.00,יח',false,,3.90,3.9000,true,1,35567
7290010192052,false,סלרי עלים (אמריקאי),,,סלרי עלים (אמריקאי),יח',1.00,יח',false,,5.90,5.9000,true,1,35568
7290010192069,false,סלרי ראש יחידה,קטיף.,IL,סלרי ראש ארוז,יח',1.00,יח',false,,5.90,5.9000,true,1,35569
7290010192083,false,מנגולד ארוז,,,מנגולד ארוז,יח',1.00,יח',false,,6.90,6.9000,true,1,35570
7290010237548,false,"פפסי מקס דל קלוריות 500 מ""ל בקבוק",טמפו משקאות בעמ,IL,"פפסי מקס 500 מ""ל",מיליליטרים,500.00,"100 מ""ל",false,,4.90,0.0098,true,1,9476
7290010237562,false,משקה פפסי מרינדה קוו,"טמפו משקאות בע""מ",IL,מירנדה 500 מ'ל,מיליליטרים,500.00,"100 מ""ל",false,,4.90,0.0098,true,1,9477
7290010237784,false,בירה שנדי בתוספת משקה לימון ליים - שישייה,"טמפו משקאות בע""\מ",IL,מכבי שנדי לימון ליים,ליטרים,1.98,ליטר,false,,37.90,19.1414,true,1,9487
7290010237890,false,"בירה הייניקן בקבוק 500 מ""ל חוזר",טמפו משקאות בע''מ,IL,הייניקן בירה בקבוק ח,מיליליטרים,500.00,"100 מ""ל",false,,9.90,0.0198,true,1,9488
7290010259823,false,מנת השף-מרק עם נודלס בטעם עוף ויליפוד,נמצ'או(תאילנד) בעמ,TH,נודלס בטעם עוף מנת ה,גרמים,70.00,100 גרם,false,,5.90,0.0843,true,1,2925
7290010259830,false,מנת השף נודלס בסגנון סיני פיקנטי וילי פוד 70 גרם,נמצ'או(תאילנד) בעמ,TH,נודלס בטעם סיני פיקנ,גרמים,70.00,100 גרם,false,,5.90,0.0843,true,1,2926
7290010259977,false,שמן קנולה מזוכך ויליפוד 1 ליטר,בונגי פולין אס.פי.זד,PL,שמן קנולה ויליפוד 1,ליטרים,1.00,ליטר,false,,11.90,11.9000,true,1,2933
7290010279227,false,זיקוק 15 סמ 80 בקרטון 6 יחידות,,CN,זיקוק 15 ס`מ 6 יח`,יחידה,0.00,יחידה,false,,15.90,0.0000,true,1,32247
7290010300747,false,קיסמים דנטליים 200 יח',THAI FONG,CN,קיסמים דנטליים נאמן,יחידה,0.00,יחידה,false,,8.50,0.0000,true,1,15908
7290010429554,false,"שמן זית כתית מעולה יד מרדכי 2 קלאסי, 750 מ""ל",מכוורת יד מרדכי שטראוס ב,IL,שמן זית כתית מעולה 2,מיליליטרים,750.00,"100 מ""ל",false,,38.90,0.0519,true,1,22295
7290010472390,false,מארז 8 יחידות מעדן דני בטעם שוקולד 1.5%,מיוצר עי קונדיטוריית,IL,מארז דני שוקולד 8*,מיליליטרים,1000.00,"100 מ""ל",false,,16.90,0.0169,true,1,23335
7290010627004,false,טחינה גולמית מסורתית ירושלים 500 ג',"בראשית ירושלים בע""מ",IL,טחינה ירושלים 500 גר,גרמים,500.00,100 גרם,false,,17.90,0.0358,true,1,24681
7290010632787,false,צימרוני אוזניים מעץ 300 יח,הדקלאים אגודת שיתופי,CN,צימרוני אוזניים עץ כ,יחידה,0.00,יחידה,false,,4.90,0.0000,true,1,941
7290010690138,false,ברוקולי ארוז גן ירוק,חקלאי,IL,ברוקולי ארוז,יח',1.00,יח',false,,9.90,9.9000,true,1,41536
7290010711123,false,כריות מתכת שייני 4 יחידות,מ.א ייצור ושיווק מטל,CN,"ננס רביעיה ""שייני"" ח",יחידה,0.00,יחידה,false,,7.90,0.0000,true,1,13486
7290010711543,false,כף אשפה + גומי SHINY,שייני Shiny,IT,כף אשפה + גומי SHINY,יחידה,0.00,יחידה,false,,5.90,0.0000,true,1,13498
7290010711550,false,דלי שטיפה עם פיה ( 1,,IL,דלי שטיפה עם פיה ( 1,יחידה,0.00,יחידה,false,,11.90,0.0000,true,1,13499
7290010711901,false,מטליות מיקרו רצפה שייני,מ.א ייצור ושיווק מטל,CN,שייני מטליות מיקרופי,יחידה,0.00,יחידה,false,,17.90,0.0000,true,1,13505
7290010711918,false,שייני מטליות מיקרופייבר לניקוי כללי חמישיה,מ.א ייצור ושיווק מטל,IL,מ.א מטליות מיקרופייב,יחידה,0.00,יחידה,false,,10.90,0.0000,true,1,13506
7290010711932,false,מטליות רב שימושיות פרימיום שייני 9 יחידות,נועם אורים תעשיות בע,IL,מארז 9 מטליות שייני.,יחידה,0.00,יחידה,false,,9.90,0.0000,true,1,13507
7290010838219,false,ממתיק על בסיס צמח הסטיביה - שקיות,"קיפל טבליות וממתיקים בע""מ",IL,סטיביה 100 שקיות,גרמים,100.00,100 גרם,false,,29.90,0.2990,true,1,5846
7290010883356,false,כפפות אלוורה רב שימושיות גדולות L סנו סושי,סנו סושי,CN,סנו סושי זוג כפפות א,יחידה,0.00,יחידה,false,,10.90,0.0000,true,1,30109
7290010883370,false,כפפות אלוורה רב שימושיות בינוניות M סנו סושי,האי נאם סי או אל.טי.,CN,סנו סושי זוג כפפות א,יחידה,0.00,יחידה,false,,10.90,0.0000,true,1,30111
7290010931330,false,סלט מטבוחה אחלה 500 גרם,מיוצר עי קונדיטוריית,IL,אחלה מטבוחה 500ג,גרמים,500.00,100 גרם,false,,16.90,0.0338,true,1,23337
7290010945146,false,קוטג' 3% מועשר בסידן טרה 250 ג' מהדרין,קריות זול,IL,טרה קוטג מועשר 3% 25,גרמים,250.00,100 גרם,false,,5.50,0.0220,true,1,6413
7290010945450,false,גבינה לבנה 3% 250 גר מועשר בסידן וויטמין,הפריט בפיקוח,IL,טרה גבינה לבנה מהדרי,גרמים,250.00,100 גרם,false,,4.98,0.0199,true,1,6416
7290010945481,false,גבינה לבנה טרה 5% מרכיבים טבעיים,הפריט בפיקוח,IL,טרה גבינה לבנה 5% 50,גרמים,500.00,100 גרם,false,,9.96,0.0199,true,1,6417
7290011015862,false,"פריגת סירופ דיאט לימונענע 750 מ""ל",סירופ - גבעת חיים,IL,סירופ דיאט לימונענע,מיליליטרים,750.00,"100 מ""ל",false,,22.90,0.0305,true,1,7010
7290011017866,false,קוקה קולה קלאסי בפחית,החברה המרכזית לייצור משקאות,IL,קוקה קולה פחית סליק,מיליליטרים,330.00,"100 מ""ל",false,,5.50,0.0167,true,1,7031
7290011017873,false,"פחיות קוקה קולה זירו 330 מ""ל",החברה המרכזית לייצור משקאות,IL,ZERO קולה פחית סליק,מיליליטרים,330.00,"100 מ""ל",false,,5.50,0.0167,true,1,7032
7290011115166,false,נקה 7 ארומה סבון נוזלי לבנדר 1 ל',טרופיקל דגיל תעשיות,IL,תחליב רחצה לבנדר נקה,יחידה,0.00,יחידה,false,,16.60,0.0000,true,1,30126
7290011115289,false,אל סבון מוצק מבושם בניחוח עדין קלאסיק - מארז רביעיה,"גליל כימיכלים בע""מ",IL,סבון מוצק לילך נקה 7,גרמים,400.00,100 גרם,false,,12.90,0.0323,true,1,30133
7290011126469,false,חליטת צמחים וקמומיל הגן הקסום ויסוצקי 25 יחידות,תה ויסוצקי,IL,תה קמומיל ודבש 1.5גר,גרמים,37.50,100 גרם,false,,17.90,0.4773,true,1,24694
7290011133375,false,בירה שנדי בתוספת משקה אפרסק - שישייה,"טמפו משקאות בע""מ",IL,מכבי שנדי אפרסק בקבו,ליטרים,1.98,ליטר,false,,37.90,19.1414,true,1,9505
7290011148911,false,פלפלים מתוקים טינקרב,מרינה פטריות הגליל,IL,פלפלים מתוקים טינקרב,גרמים,300.00,100 גרם,false,,9.90,0.0330,true,1,35573
7290011148942,false,שרי עגבניות - מיקס,,,שרי עגבניות - מיקס,יח',1.00,יח',false,,12.90,12.9000,true,1,35574
7290011194215,false,מעדן גבינה ויוגורט בטעם בננה 5% שומן 88 ג' דניאלה,"שטראוס בריאות בע""מ",IL,"דניאלה בננה 150 מ""ל",מיליליטרים,150.00,"100 מ""ל",false,,4.30,0.0287,true,1,23338
7290011194246,false,קוטג' 5% עם סידן 250 ג' שטראוס,מיוצר עי קונדיטוריית,IL,קוטג שטראוס 5% עם סי,גרמים,250.00,100 גרם,false,,6.00,0.0240,true,1,23339
7290011223205,false,ריבת חלב ארגנטינאית דולקור דאנש 450 גרם,אשבל מזון פונקציונלי,IL,דולקור ריבת חלב 454,גרמים,454.00,100 גרם,false,,18.90,0.0416,true,1,5861
7290011223229,false,"טואלט דאק ג'ל לאסלה טיפות טל רעננות 55 מ""ל","איטיליאן פוד, אס.פי.",IT,דאק ג'ל אסלה ניחוח ט,מיליליטרים,55.00,"100 מ""ל",false,,9.90,0.1800,true,1,5862
7290011223243,false,"טואלט דאק ג'ל לאסלה בניחוח לבנדר 55 מ""ל","איטיליאן פוד, אס.פי.",IT,דאק ג'ל אסלה ניחוח ל,מיליליטרים,55.00,"100 מ""ל",false,,9.90,0.1800,true,1,5863
7290011249748,false,רולים גלילי ופל במילוי קרם שוקולד 100 ג' עלמה,"גילרו בע""מ",IL,גילרו רולים שוקו 100,גרמים,100.00,100 גרם,false,,5.40,0.0540,true,1,41309
7290011249755,false,רולים גלילי ופל במילוי קרם אגוזים 100 ג' עלמה,"גילרו בע""מ",IL,רולים אגוז 100 גרם,גרמים,100.00,100 גרם,false,,5.40,0.0540,true,1,41310
7290011254025,false,דוחן מיה 500 גרם,מיה תעשיות מזון מ.ת.מ. ב,IL,דוחן 500 גרם,גרמים,500.00,100 גרם,false,,8.40,0.0168,true,1,15063
7290011254889,false,ג'לילנד מספרים 25 * 60גרם,,,סוכריות ג'לי מהדרין,גרמים,25.00,100 גרם,false,,1.90,0.0760,true,1,15115
7290011378028,false,חלבה קלאסית וניל ללא תוספת סוכר בארכה 350 גרם,"רושדי תעשיות מזון בע""\מ",IL,בארכה חלבה וניל ללא,גרמים,350.00,100 גרם,false,,17.10,0.0489,true,1,18740
7290011379018,false,פטריות טריות מיקס מרינה זוגי 250X2ג',"מרינה פטריות הגליל בע""מ",IL,פטריות צמד חמד,גרמים,500.00,100 גרם,false,,16.90,0.0338,true,1,41538
7290011435226,false,דבש מפרחי בר לחיץ 650 ג' יד מרדכי,מכוורת יד מרדכי שטראוס ב,IL,דבש מפרחי בר לחיץ 65,גרמים,650.00,100 גרם,false,,40.90,0.0629,true,1,22296
7290011438142,false,"משקה יטבתה אייס קפה בבקבוק אישי 350 מ""ל",שטראוס גרופ,IL,יטבתה אייס קפה בבקבו,מיליליטרים,350.00,"100 מ""ל",false,,6.90,0.0197,true,1,23345
7290011499051,false,פטה כבשים מסורתית 20% בגביע 250 גרם - רובין,MKN עבור מחלבות גד ב,IL,גד פטה כבשים גביע 20,גרמים,250.00,100 גרם,false,,29.90,0.1196,true,1,14669
7290011499129,false,גבינה בולגרית מעודנת קוביות קטנות 5% גד 200 גרם,קוד יצרן DSH,IL,גד בולגרית מעודנת קו,גרמים,200.00,100 גרם,false,,24.50,0.1225,true,1,14672
7290011499303,false,גבינה בולגרית עזים 5% גד מעודנת 250 גרם,ג'נרל מילס סאן אדריא,IL,פטה עיזים מעודנת 5%,גרמים,250.00,100 גרם,false,,34.10,0.1364,true,1,14675
7290011499327,false,גבינה בולגרית מעודנת 5% 250 גרם - רבנות,מיוצר על ידי DSH עבו,IL,גד בולגרית בקר מעודנ,גרמים,250.00,100 גרם,false,,25.60,0.1024,true,1,14676
7290011499358,false,פטה עיזים מסורתית 20% בגביע 200 גרם - רובין,מיוצר על ידי קוד יצר,IL,גד פטה עיזים 20% 200,גרמים,200.00,100 גרם,false,,29.80,0.1490,true,1,14679
7290011499365,false,גד חלומי 24% 200 גרם רובין,"מחלבות גד בע""\מ",IL,גד חלומי 24% 200ג,גרמים,200.00,100 גרם,false,,25.60,0.1280,true,1,14680
7290011499419,false,גבינה במרקם שמנת בטעם טבעי 5% ניו יורק,גבינות מדף,IL,גבינה במרקם שמנת 5%,גרמים,200.00,100 גרם,false,,12.90,0.0645,true,1,14682
7290011499624,false,שמנת 30% ניו יורק טבעי 200 גרם רבנות,גבינות מדף,IL,גד ניו יורק גבינת שמ,גרמים,200.00,100 גרם,false,,15.20,0.0760,true,1,14685
7290011501617,false,חמוציות ברכז תפוחים ללא תוספת סוכר 250 גרם,"דין שיווק וקלייה בע""",IL,חמוציות ברכז פרי ללא,גרמים,250.00,100 גרם,false,,15.90,0.0636,true,1,4661
7290011518561,false,"אקטימל תות 1.51 ק""ג מארז 14 יחידות",מיוצר עי קונדיטוריית,IL,אקטימל תות משפחתי 14,ליטרים,1.40,ליטר,false,,32.90,23.5000,true,1,23350
7290011553456,false,קרוטונים למרק שקית,,,קרוטונים למרק שקית,גרמים,400.00,100 גרם,false,,14.90,0.0373,true,1,351704
7290011553883,false,פרורים מוזהבים שקית,,,פרורים מוזהבים שקית,גרמים,800.00,100 גרם,false,,11.90,0.0149,true,1,351616
7290011587598,false,שימורי אנשובי בפח 45 ג' תומר,אינוורסיונס פריסקו,PE,פילה אנשובי תומר 45,גרמים,45.00,100 גרם,false,,7.90,0.1756,true,1,25031
7290011587833,false,חצאי עגבניות מיובשות מתובלות בשמן חמניות ועשבי תיבול,Sunto gida sun ve ti,,עגבניות מיובשות בשמן,גרמים,340.00,100 גרם,false,,14.90,0.0438,true,1,25043
7290011587857,false,עגבניות מיובשות בשמן חמניות ועשבי תיבול,סנטו דידה סאן,TR,עגבניות מיובשות מתוב,גרמים,250.00,100 גרם,false,,10.90,0.0436,true,1,25045
7290011593087,false,"שמן זית כתית מעולה 750 מ""ל סבא חביב",סאן אויל עיבוד ושיוו,IL,סבא חביב שמן זית כתי,מיליליטרים,750.00,"100 מ""ל",false,,30.90,0.0412,true,1,218411
7290011598211,false,"סנו - אנטי קאלק מרסס ניקוי כללי 4 ב-1 700 מ""ל",מיוצר עי קונדיטוריית,IL,מנקה כללי אנטיקאלק 7,מיליליטרים,700.00,"100 מ""ל",false,,19.90,0.0284,true,1,30144
7290011695958,false,"חומץ תפוחים נאמן 750 מ""ל",הילל תעשיות,,חומץ תפוחים נאמן 500,מיליליטרים,500.00,"100 מ""ל",false,,11.00,0.0220,true,1,15935
7290011723200,false,טחינה הר ברכה 100% שומשום טהור 500 גר,טחינה הר ברכה בעמ,IL,טחינה הר ברכה טחינה,גרמים,500.00,100 גרם,false,,19.90,0.0398,true,1,41319
7290011800840,false,רפי כהן סלט טחינה בלאדי צבר 400 גרם,רפי כהן / צבר,IL,צבר רפי כהן טחינה בל,גרמים,400.00,100 גרם,false,,16.90,0.0422,true,1,19791
7290011877088,false,"רדיד אלומיניום רוחב 30 ס""מ, 18 מיקרון - מארז זוג",בורסה פאזרי,TR,סנו סושי צמד רדידי א,מטרים,15.00,מטר,false,,17.90,1.1933,true,1,30172
7290011877095,false,"רדיד אלומיניום רוחב 45 ס""מ סנו סושי 2*7.5 מטר",בורסה פאזרי,TR,סנו סושי צמד רדידי א,מטרים,15.00,מטר,false,,22.90,1.5267,true,1,30173
7290011877866,false,"מקסימה אבקת כביסה בניחוח מאסק סנו 6 ק""ג","סנו מפעלי ברונוס בע""\מ",IL,אבקת כביסה סנו מקסימ,קילוגרמים,6.00,"ק""ג",false,,51.90,8.6500,true,1,30183
7290011964085,false,"כוסברה טחון 1 ק""ג",,,"כוסברה טחון 1 ק""ג",קילוגרמים,1.00,"100 ק""ג",false,,49.90,49.9000,true,1,322908
7290011964146,false,"סומק טחון 1 ק""ג","תבליני טעם וריח בע""\מ",IL,"סומק טחון 1 ק""ג",קילוגרמים,1.00,"100 ק""ג",false,,74.90,74.9000,true,1,322970
7290011964344,false,שום גבישי בקופ' 120 גר' טעם וריח,"תבליני טעם וריח בע""מ",IL,שום גבישי 120 גר' במ,גרמים,120.00,100 גרם,false,,10.90,0.0908,true,1,42428
7290011964498,false,"תבלין שווארמה 1 ק""ג",תבליני טעם וריח,IL,"תבלין שווארמה 1 ק""ג",קילוגרמים,1.00,"ק""ג",false,,49.90,49.9000,true,1,156762
7290012019258,false,מחית תפוחי עץ רביעיה 4 * 113 ג' תומר,אינדיאן סאמר קו אופ אינק,US,"רסק תפו""ע מחית תפוחי",גרמים,452.00,100 גרם,false,,11.90,0.0263,true,1,25060
7290012022203,false,פריכיות קליליות חיטה,דילייט 2005,IL,קליליות חיטה מלאה די,גרמים,100.00,100 גרם,false,,13.90,0.1390,true,1,31554
7290012022227,false,קליליות חיטה בטעם טבעי,דילייט 2005,IL,קליליות בטעם טבעי די,גרמים,60.00,100 גרם,false,,12.90,0.2150,true,1,31555
7290012022272,false,פריכיות קליליות קידס,דילייט 2005,IL,פריכיות קליליות קידס,יחידה,0.00,יחידה,false,,12.90,0.0000,true,1,31556
7290012025822,false,שמיר סלק אסלי 400 גרם,"סלטי שמיר 2006 בע""מ",IL,שמיר סלק אסלי 400 גר,גרמים,400.00,100 גרם,false,,10.90,0.0273,true,1,17728
7290012025839,false,מטבוחה שמיר אסלי 400 גרם,"סלטי שמיר 2006 בע""מ",IL,שמיר מטבוחה אסלי 400,גרמים,400.00,100 גרם,false,,10.90,0.0273,true,1,17729
7290012086113,false,עגבניות שרי צימן קופסא 500ג',קטיף.,IL,עגבניות שרי,גרמים,500.00,100 גרם,false,,9.90,0.0198,true,1,50950
7290012116735,false,נייר טואלט גליל כפול סנו סופט 24 גלילים,סנו מפעלי ברונוס בעמ,IL,נייר טואלט סופט ג'מב,מטרים,900.00,מטר,false,,42.90,0.0477,true,1,30206
7290012117091,false,"אבקת כביסה סנסיטיב סנו מקסימה 6 ק""ג",סנו מקסימה,IL,אבקת כביסה סנו מקסימ,קילוגרמים,6.00,"ק""ג",false,,51.90,8.6500,true,1,30212
7290012117275,false,"קליר שקית מילוי לניקוי חלונות סנו 750 מ""ל",טרופיקל דגיל תעשיות,IL,סנוקליר שקית מילוי 7,מיליליטרים,750.00,"100 מ""ל",false,,7.90,0.0105,true,1,30215
7290012117534,false,מרכך כביסה מרוכז תכלת קול סנו מקסימה 1 ליטר,"סנו מפעלי ברונוס בע""\מ",IL,סנו מקסימה מרכך קומפ,יחידה,0.00,יחידה,false,,19.90,0.0000,true,1,30225
7290012117541,false,מרכך כביסה מרוכז צהוב סנו מקסימה 1 ליטר,סנו מפעלי ברונוס בעמ,IL,סנו מקסימה מרכך קומפ,יחידה,0.00,יחידה,false,,19.90,0.0000,true,1,30226
7290012117558,false,מקסימה מרכך כביסה מרוכז ורוד בניחוח מאסק סנו 1 ליטר,"סנו מפעלי ברונוס בע""\מ",IL,סנו מקסימה מרכך קומפ,יחידה,0.00,יחידה,false,,19.90,0.0000,true,1,30227
7290012191084,false,אריזת גפרורים 10 קופסאות,,IN,המנגליסט גפרורים עשי,יחידה,0.00,יחידה,false,,3.50,0.0000,true,1,7888
7290012193163,false,פמילי אל סבון נוזלי פריחת הדובדבן 1 ליטר,אף.סי תבליני בגליל ב,IL,אלסבון פרחי בר ורוד+,ליטרים,1.00,ליטר,false,,11.90,11.9000,true,1,5902
7290012226021,false,נקניק סלמי מעושן פראג זוגלובק 400 גרם,נקניק נהריה כשר זוגל,IL,סלמי מעושן פראג יבש,גרמים,400.00,100 גרם,false,,23.90,0.0597,true,1,39013
7290012226939,false,קבנוס עם צ'ילי חריף זוגלובק 135 גרם,נקניק נהריה כשר זוגל,IL,זוגלובק קבנוס בטעם צ,גרמים,135.00,100 גרם,false,,12.90,0.0956,true,1,39023
7290012227325,false,סלמי דק דק מעושן איטלקי 120 ג' זוגלובק,זוגלובק,IL,זוגלובק סלמי מעושן ד,גרמים,120.00,100 גרם,false,,14.90,0.1242,true,1,39036
7290012227912,false,קבנוס מעודן זוגלובק 135 גרם,זוגלובק,IL,קבנוס מעודן זוגלובק,גרמים,135.00,100 גרם,false,,12.90,0.0956,true,1,39058
7290012227974,false,פסטרמה הודו בדבש טהור דק דק דק,זוגלובק,IL,זוגלובק פסטרמה בדבש,גרמים,120.00,100 גרם,false,,14.90,0.1242,true,1,39059
7290012227981,false,פסטרמה דק דק ברביקיו 120 ג' זוגלובק,זוגלובק,IL,פסטרמה ברביקיו זוגלו,גרמים,120.00,100 גרם,false,,14.90,0.1242,true,1,39060
7290012228261,false,נקנקיות קנקרס הודו ועוף ריינהולד'ס זוגלובק 300 ג',זוגלובק,IL,נקנקיות הודו קנקרס ר,גרמים,300.00,100 גרם,false,,21.90,0.0730,true,1,39071
7290012228278,false,נקנקיות בוקוורסט עוף ובקר ריינהולד'ס 310 ג' זוגלובק,זוגלובק,IL,נקנקיות בוקוורסט הוד,גרמים,300.00,100 גרם,false,,21.90,0.0730,true,1,39072
7290012372209,false,קמח חיטה לבן מנופה רובינפלד,,IL,קמח חיטה לבן מנופה ר,קילוגרמים,1.00,"ק""ג",false,,7.90,7.9000,true,1,260815
7290012404955,false,נקטר חמוציות ספרינג קולקשן 1.25 ליטר,יפאורה שותפות מובגלת לשיווק,IL,ספרינג נקטר חמוציות,ליטרים,1.25,ליטר,false,,13.50,10.8000,true,1,11628
7290012522581,false,טבעול שניצל תירס ללא גלוטן טבעול 664 גרם,עיצובים 2020 (4.8),IL,טבעול שניצל תירס ללא,גרמים,664.00,100 גרם,false,,30.90,0.0465,true,1,19801
7290012561405,false,בצל חצי מטוגן דורות 180 גרם,עיצובים 2020 (3.8),IL,בצל חצי מטוגן דורות,גרמים,180.00,100 גרם,false,,12.50,0.0694,true,1,19805
7290012645112,false,יוגורט עיזים 2.8% בדלי חלב הארץ 750 גרם,מחלבות סוסיא,IL,יוגורט עיזים בדלי 75,מיליליטרים,750.00,"100 מ""ל",false,,21.90,0.0292,true,1,23358
7290012803215,false,וופל בלגי בטעם שוקולד ללא תוספת סוכר,בטר אנד דיפרנט,IL,טוסו וופל בלגי שוקול,גרמים,200.00,100 גרם,false,,11.50,0.0575,true,1,5917
7290012803222,false,טוסו ופל בסגנון בלגי בטעם לימון ללא תוספת סוכר 200 גרם,בטר אנד דיפרנט,IL,טוסו וופל בלגי לימון,גרמים,200.00,100 גרם,false,,11.50,0.0575,true,1,5918
7290012803451,false,טוסו שוקולד מריר 62% מוצקי קקאו ללא תוספת סוכר 100 גרם,אלטינמארקה,TR,טוסו שוקלד מריר 62%,גרמים,100.00,100 גרם,false,,12.50,0.1250,true,1,5922
7290012803772,false,טוסו שוקולד חלב ללא תוספת סוכר 100 גרם,אלטינמארקה גידה סאן,TR,טוסו שוקלד חלב 100ג,גרמים,100.00,100 גרם,false,,12.50,0.1250,true,1,5933
7290012803789,false,שוקולד מריר עם אגוזים ללא תוספת סוכר,האי נאם סי או אל.טי.,TR,טוסו שוקלד מריר ואגו,גרמים,100.00,100 גרם,false,,12.50,0.1250,true,1,5934
7290012823374,false,אנטי קאלק מטליות לחות לניקוי כללי סנו 50 יחידות,מיוצר עי קונדיטוריית,IL,מגבוני אנטי קאלק 50י,יחידה,0.00,יחידה,false,,12.90,0.0000,true,1,30269
7290012823381,false,מקסימה מרכך כביסה מרוכז סנסטיב בייבי סנו 1 ליטר,"סנו מפעלי ברונוס בע""\מ",IL,סנו מקסימה סנסטיב מר,יחידה,0.00,יחידה,false,,19.90,0.0000,true,1,30270
7290012823398,false,מטליות חד פעמיות לניקוי הרצפה בניחוח מרכך כביסה 10יח' סנו,סנו מפעלי ברונו בעמ,IL,ריצפז מטליות לחות בנ,יחידה,0.00,יחידה,false,,12.90,0.0000,true,1,30271
7290012823602,false,נייר טואלט סופט סילק לבן - מארז 32 גלילים,טרופיקל דגיל תעשיות,IL,נייר טואלט סופט סילק,מטרים,588.00,מטר,false,,33.90,0.0577,true,1,30278
7290012838026,false,עוגיות מלוחות עדי 35,,,עוגיות מלוחות עדי 35,גרמים,350.00,100 גרם,false,,16.90,0.0483,true,1,255766
7290012850035,false,מחית בוליווד תפוח ואפרסק 190 גרם,NOVOFRUCHT SK S.R.O,SK,תפוח ואפרסק 190גרם B,גרמים,190.00,100 גרם,false,,5.90,0.0311,true,1,29510
7290012850073,false,מחית בוליווד סלט פירות 190 גרם,בילובד Beloved,SK,בי לאב מחית סלט פירו,גרמים,190.00,100 גרם,false,,5.90,0.0311,true,1,29512
7290012884986,false,תפוגן ציפס לתנור עד 4% שומן 1.5 קג,"תעשיות תפוגן בע""\מ",IL,תפוגן ציפס לתנור עד,קילוגרמים,1.50,"ק""ג",false,,30.90,20.6000,true,1,19811
7290012901355,false,דודלס ארוחת אטריות עם גבינה 206 גרם,האי נאם סי או אל.טי.,US,דודלס ארוחת איטריות,גרמים,206.00,100 גרם,false,,11.90,0.0578,true,1,36890
7290012901973,false,"שעועית אדומה, 400 גרם גאלה",יורוקום אס.אר.אל,IT,שעועית אדומה 400 גרם,גרמים,400.00,100 גרם,false,,10.90,0.0273,true,1,164179
7290012931611,false,כריות ברזל לקרצוף חזק שייני 3 יחידות,מ.א ייצור ושיווק מטל,CN,כריות ברזל שלישייה,יחידה,0.00,יחידה,false,,7.90,0.0000,true,1,13522
7290012938405,false,"רדיד אלומיניום עבה במיוחד לבישול,אפייה והקפאה.",ריינולדס,CN,דאיימונד נייר כסף 87,מטרים,7.60,מטר,false,,19.70,2.5921,true,1,3876
7290012962929,false,כפפות ניטרל סייף טאץ,,,כפפות ניטריל סייף טא,יחידה,0.00,יחידה,false,,29.90,0.0000,true,1,265202
7290013027399,false,לחם קמח מלא קל בתוספת שיפון 750 ג' אנג'ל,מאפיית שלמה א. אנג'\ל בע,IL,לחם 100 בתוספת שיפון,גרמים,750.00,100 גרם,false,,15.90,0.0212,true,1,35487
7290013038432,false,מים אקווה נובה בקבוק יחיד,אקווה נובה Aqua Nova,IL,אקווה נובה 2 ליטר,ליטרים,2.00,ליטר,false,,4.90,2.4500,true,1,9541
7290013117526,false,בצק שמרים מרודד למאפים מתוקים מעדנות 900 גרם,"מעדנות בע""\מ",IL,מעדנות בצק שמרים למא,גרמים,900.00,100 גרם,false,,26.90,0.0299,true,1,35651
7290013144393,false,"תמצית בטעם וניל מימונס 50 מ""ל",א.ל ייצור ושיווק תבלינים,IL,תמצית בטעם וניל 50גר,גרמים,50.00,100 גרם,false,,4.90,0.0980,true,1,15366
7290013145055,false,פרג שלם מיימונס 100 גרם,א.ל ייצור ושיווק תבלינים,IL,פרג שלם 100גר,גרמים,100.00,100 גרם,false,,6.90,0.0690,true,1,15386
7290013145161,false,פקאן מסוכר מיימונס 100 גרם.,א.ל ייצור ושיווק תבלינים,IL,מימונס פקאן מסוכר 10,גרמים,100.00,100 גרם,false,,18.90,0.1890,true,1,15395
7290013145192,false,שומשום מיימונס 100 גרם,א.ל ייצור ושיווק תבלינים,IL,שומשום 100גר,גרמים,100.00,100 גרם,false,,6.90,0.0690,true,1,15397
7290013145215,false,שומשום מימונס 400 גרם,א.ל ייצור ושיווק תבלינים,IL,שומשום 400גר,גרמים,400.00,100 גרם,false,,16.90,0.0422,true,1,15398
7290013145451,false,אבקת קקאו מימונס 150 ג',מיוצר עי קונדיטוריית,IL,מימונס קקאו 150 גר,גרמים,150.00,100 גרם,false,,9.90,0.0660,true,1,15407
7290013145628,false,סוכריות צבעוניות לקישוט מימונס 200 גרם,א.ל ייצור ושיווק תבלינים,IL,סוכריות צבעוניות לקי,גרמים,200.00,100 גרם,false,,9.90,0.0495,true,1,15414
7290013145710,false,מיימונס דובדבנים מסוכרים 100 גרם,א.ל ייצור ושיווק תבלינים,IL,דובדבנים מסוכרים 100,גרמים,100.00,100 גרם,false,,9.90,0.0990,true,1,15420
7290013145840,false,סוכר וניל מיימונס 10 יחידות,א.ל ייצור ושיווק תבלינים,IL,מימונס סוכר וניל 10*,גרמים,100.00,100 גרם,false,,3.50,0.0350,true,1,15428
7290013145857,false,אבקת אפיה מיימונס 10 יחידות,מימונס אפייה,IL,אבקת אפיה 10* 10 גרם,גרמים,100.00,100 גרם,false,,3.50,0.0350,true,1,15429
7290013145901,false,סודה לשתיה מיימונס 100 גרם,א.ל ייצור ושיווק תבלינים,IL,סודה לשתיה 100 גרם,גרמים,100.00,100 גרם,false,,2.90,0.0290,true,1,15432
7290013145918,false,אבקת סוכר מיימונס 100 גרם,א.ל ייצור ושיווק תבלינים,IL,אבקת סוכר 100 גרם,גרמים,100.00,100 גרם,false,,2.90,0.0290,true,1,15433
7290013145949,false,אבקת סוכר פטנט מימונס 250 גרם,א.ל ייצור ושיווק תבלינים,IL,אבקת סוכר באריזת פטנ,גרמים,250.00,100 גרם,false,,17.90,0.0716,true,1,15435
7290013145956,false,שמרים יבשים בוואקום מיימונס 500 גרם,הנסיך- מפעל לייצור ט,CN,מימונס שמרים יבשים ב,גרמים,500.00,100 גרם,false,,14.90,0.0298,true,1,15436
7290013145963,false,שמרים יבשים בוואקום מיימונס 125 גרם,מימונס אפייה,CN,מימונס שמרים יבשים ב,גרמים,125.00,100 גרם,false,,5.90,0.0472,true,1,15437
7290013145970,false,קורנפלור מימונס בשקית 200 ג',א.ל ייצור ושיווק תבלינים,IL,מימונס קורנפלור 200,גרמים,200.00,100 גרם,false,,4.90,0.0245,true,1,15438
7290013146243,false,פודינג בטעם וניל מיממונס 320 גרם,,IL,פודינג בטעם וניל 320,גרמים,320.00,100 גרם,false,,18.90,0.0591,true,1,311475
7290013146762,false,"קצפת לזילוף 24% שומן מימונס 200 מ""ל",מוצרי קפוא זן,BG,קצפת לזילוף 24% שומן,גרמים,500.00,100 גרם,false,,7.90,0.0158,true,1,201466
7290013153395,false,פריגת סחוט טרי רימונים 1ליטר,פריגת מצוננים,IL,פריגת סחוט רימונים 1,ליטרים,1.00,ליטר,false,,22.90,22.9000,true,1,6427
7290013156921,false,"אצבעות מתוקות ללת""ס350ג",אלף נשיקות,IL,"עוגיות מרוקאיות לל""",גרמים,350.00,100 גרם,false,,18.90,0.0540,true,1,237969
7290013220103,false,דובדבן ללא חרצן קפוא500ג,א.מ שרון,PL,דובדבן קפוא 500 גרם,גרמים,500.00,100 גרם,false,,24.90,0.0498,true,1,51622
7290013220134,false,מיקס פירות שדה קפוא 500 גר,א.מ שרון,PL,פירות יער 500 גרם בק,גרמים,500.00,100 גרם,false,,24.90,0.0498,true,1,51625
7290013268020,false,מקסימה מרכך כביסה מרוכז בניחוח אולטרא פרש סנו 1 ליטר,"סנו מפעלי ברונוס בע""\מ",IL,סנו מקסימה אולטרא פר,יחידה,0.00,יחידה,false,,19.90,0.0000,true,1,30296
7290013268242,false,תרכיז ריחני לניקוי רצפות בריח מלון מפנק ריצפז פרש,"סנו מפעלו ברונוס בע""\מ",IL,ריצפז פרש הום בניחוח,ליטרים,2.00,ליטר,false,,22.90,11.4500,true,1,30304
7290013268839,false,פוליויקס פרקט-תרכיז ריחני לניקוי רצפות עץ,"סנו מפעלי ברונוס בע""\מ",IL,סנו פוליויקס פרקט בנ,ליטרים,2.00,ליטר,false,,22.90,11.4500,true,1,30329
7290013268884,false,"נוזל רצפות מאסק 2 ליטר ""ריצפז פרש""",מיוצר עי קונדיטוריית,IL,ריצפז פרש מאסק 2 ליט,ליטרים,2.00,ליטר,false,,19.90,9.9500,true,1,30331
7290013268938,false,סנובון סבון אסלה בניחוח מאסק - מארז 3 יח',סנו סנובון,IL,סנובון שלישיה מאסק 3,גרמים,195.00,100 גרם,false,,12.90,0.0662,true,1,30335
7290013268990,false,מרכך כביסה מרוכז לבן ביו סנו מקסימה 1 ליטר,"סנו מפעלי ברונוס בע""\מ",IL,סנו מקסימה מרכך מרוכ,יחידה,0.00,יחידה,false,,19.90,0.0000,true,1,30336
7290013269003,false,מרכך כביסה סופר מרוכז בייבי לתינוקות ולעור רגיש,"סנו מפעלי ברונוס בע""\מ",IL,סנו מקסימה קר בייבי,ליטרים,1.00,ליטר,false,,20.90,20.9000,true,1,30337
7290013269263,false,ג'ל כביסה מרוכז מקסימה בבישום קריסטל נואר,סנו מפעלי ברונוס בעמ,IL,מקסימה גל כביסה קריס,ליטרים,3.00,ליטר,false,,35.90,11.9667,true,1,30343
7290013269300,false,ניילון נצמד פלוס סנו סושי 150 מטר,"מיוצר בהונג קונג, סי",IL,סנו סושי פלסטיק נצמד,מטרים,150.00,מטר,false,,24.90,0.1660,true,1,30345
7290013269348,false,K3 תחנת פיתיון קוטל תיקנים (ג'וקים) בבית ובחצר,טרופיקל דגיל תעשיות,IL,סנו K3 תחנות פיתיון,יחידה,0.00,יחידה,false,,52.90,0.0000,true,1,30346
7290013269621,false,ריצפז פרש לניקוי רצפות בניחוח מלון בוטיק,מיוצר עי קונדיטוריית,IL,ריצפז פרש הום בניחוח,ליטרים,2.00,ליטר,false,,22.90,11.4500,true,1,30351
7290013269751,false,מטליות לחותריצפז פרש לניקוי ריצפה בניחות מלון בוטיק 10 יח' סנו,טרופיקל דגיל תעשיות,IL,ריצפז מטליות לחות לנ,יחידה,0.00,יחידה,false,,12.90,0.0000,true,1,30358
7290013276117,false,"בקבוק בירה נגב אואזיס 330 מ""ל",הכרם משקאות חריפים בעמ,IL,בירה נגב אואזיס חדש,מיליליטרים,330.00,"100 מ""ל",false,,14.90,0.0452,true,1,7355
7290013284310,false,רוטב פסטה לילדים פריניר 240 גרם,פריניר ( הדס 1987) ב,IL,רוטב לפסטה לילדים פר,גרמים,240.00,100 גרם,false,,5.90,0.0246,true,1,41332
7290013310163,false,מדליק פחם מוצק LIGHT EASY 40 יחידות,הדקלאים אגודת שיתופי,DE,איזילייט מדליק פחם מ,יחידה,0.00,יחידה,false,,6.90,0.0000,true,1,1000
7290013358370,false,פנקו פירורי לחם מאסטר שף בטעם שום 300 גרם,"מיוצר ע""י מנה י.א בע",IL,מאסטר שף פירורי לחם,גרמים,300.00,100 גרם,false,,10.50,0.0350,true,1,21501
7290013358417,false,מאסטר שף אסייאתי רוטב טריאקי 300 מל כשלפ,קריניציה ויטמינה אס,TH,מאסטר שף אסייאתי רוט,מיליליטרים,300.00,"100 מ""ל",false,,15.90,0.0530,true,1,21504
7290013358486,false,מאסטר שף פירורים מוזהבים ללא צורך בביצה 300 ג,"מיוצר ע""י מנה י.א בע",IL,מאסטר שף פירורים מו,גרמים,300.00,100 גרם,false,,9.90,0.0330,true,1,21509
7290013358493,false,מנה אסייאתי קרם קוקוס פחית 400 מל מ.שף,תאי קוקונט פבליק קומפני,TH,מאסטר שף אסייאתי קרם,מיליליטרים,400.00,"100 מ""ל",false,,9.90,0.0248,true,1,21510
7290013358530,false,מאסטר שף אסייאתי רוטב צ'ילי מתוק 700 מל כשלפ,קריניציה ויטמינה אס,TH,מאסטר שף רוטב צ'ילי,מיליליטרים,700.00,"100 מ""ל",false,,15.90,0.0227,true,1,21514
7290013412966,false,רבעיית מגבונים תולי 72*4 יחידות,DPL,IL,תולי מגבונים לחים 4*,יחידה,0.00,יחידה,false,,11.90,0.0000,true,1,29526
7290013430090,false,בירה אלכסנדר אמברה AMBREE בירה ישראלית,מנדלז סי.אר. פרודקשן,IL,אלכסנדר אמברה בירה 3,מיליליטרים,330.00,"100 מ""ל",false,,13.20,0.0400,true,1,13394
7290013525802,false,סחוג תימני אדום 150 גר' שמיר,"סלטי שמיר 2006 בע""מ",IL,שמיר סחוג אדום 150ג,גרמים,150.00,100 גרם,false,,8.90,0.0593,true,1,17741
7290013525819,false,סלט שום כתוש שמיר 15,"סלטי שמיר 2006 בע""מ",IL,שמיר שום כתוש 150ג,גרמים,150.00,100 גרם,false,,8.90,0.0593,true,1,17742
7290013531117,false,רוטב פסטה לילדים 240 גרם יכין,"זנלכל בע""\מ",IL,רוטב לפסטה לילדים יכ,גרמים,260.00,100 גרם,false,,6.50,0.0250,true,1,8727
7290013579522,false,פילה טונה ללא עור פרוס 800 ג',,,פילה טונה ללא עור פר,גרמים,800.00,100 גרם,false,,44.90,0.0561,true,1,35353
7290013585387,false,קוקה קולה זירו בקבוק,החברה המרכזית לייצור משקאות,IL,קולה זירו 1 ליטר,ליטרים,1.00,ליטר,false,,7.90,7.9000,true,1,7095
7290013585394,false,קוקה קולה 1ליטר בודד,החברה המרכזית לייצור משקאות,IL,קוקה קולה 1 ליטר,ליטרים,1.00,ליטר,false,,7.90,7.9000,true,1,7096
7290013675545,false,"שניצל כלי תחבורה ""מאמא עוף"" 700 גרם",תנובה גליל שותפות מוגבלת,IL,שניצל כלי תחבורה 700,גרמים,700.00,100 גרם,false,,37.90,0.0541,true,1,25598
7290013677808,false,"אורז יסמין מיה 1 ק""ג",מיה,IL,אורז יסמין 1 ק'ג,קילוגרמים,1.00,"ק""ג",false,,13.80,13.8000,true,1,15190
7290013713001,false,"בירה JEM'S אמבר אייל בקבוק 330 מ""ל","אביר הבר בע""מ",IL,בירה ג'מס אמבר אייל,מיליליטרים,330.00,"100 מ""ל",false,,13.20,0.0400,true,1,267450
7290013724939,false,משוקלדים חמוציות מריר 140 גר' קופסא,"דין שיווק וקלייה בע""",IL,שקדיה חמוציות בשוק.מ,גרמים,140.00,100 גרם,false,,11.90,0.0850,true,1,4676
7290013724953,false,חמוציות בציפוי שוקולד בקופסא שקדיה 140 גרם,"דין שיווק וקלייה בע""",IL,חמוציות בציפוי שוקול,גרמים,140.00,100 גרם,false,,11.90,0.0850,true,1,4678
7290013724991,false,אגוזי לוז בציפוי שוקולד בקופסא שקדיה 140 גרם,"דין שיווק וקלייה בע""",IL,אגוזי לוז בציפוי שוק,גרמים,140.00,100 גרם,false,,11.90,0.0850,true,1,4682
7290013725820,false,אגוזי לוז בשוקולד מריר 140 גר שקדיה,"דין שיווק וקלייה בע""",IL,אגוזי לוז בציפוי שוק,גרמים,140.00,100 גרם,false,,11.90,0.0850,true,1,4685
7290013725844,false,חטיף שומשום בשוקולד מריר 160ג,"דין שיווק וקלייה בע""",IL,שקדיה שומשום בשוק.מר,גרמים,140.00,100 גרם,false,,11.90,0.0850,true,1,4687
7290013793102,false,ערכת נוזלי עטרת מלכו,,,ערכת נוזלי עטרת מלכו,יחידה,0.00,יחידה,false,,70.90,0.0000,true,1,18021
7290013793126,false,ערכת מוצק אור והדר,,,ערכת מוצק אור והדר,יחידה,0.00,יחידה,false,,60.90,0.0000,true,1,18023
7290013847867,false,מארז זוג טונה בשמן סויה 140 ג' סטארקיסט,טונה ויטנאם קו. אל.ט,IL,נתחי טונה בהירה בשמן,גרמים,140.00,100 גרם,false,,12.90,0.0921,true,1,347233
7290013848345,false,מארז מטליות לחיטוי וניקוי יסודי אנטיבקטריאלי 99.9%,סנו מפעלי ברונוס בעמ,IL,מטליות לחות לחיטוי י,יחידה,0.00,יחידה,false,,24.90,0.0000,true,1,30373
7290013861054,false,שוקולד קופ עם צימוקים וחלב 160 ג',"דין שיווק וקלייה בע""",IL,שקדיה צימוקים בשוק.ח,גרמים,140.00,100 גרם,false,,11.90,0.0850,true,1,4688
7290013883407,false,"דזיטול מרסס לחיטוי כללי יעקבי 750 מ""ל",יעקבי - דזיטול Desytol,ES,דזיטול מחטא ומשמיד ח,מיליליטרים,700.00,"100 מ""ל",false,,19.90,0.0284,true,1,11353
7290013906205,false,פסטרמה עם שום וצילי טירת צבי 400 ג',הנסיך- מפעל לייצור ט,IL,טירת צבי פסטרמה שום,גרמים,400.00,100 גרם,false,,29.90,0.0747,true,1,25385
7290013906212,false,"נקנקיות וינר טירת 1 ק""ג טירת צבי",הנסיך- מפעל לייצור ט,IL,טירת צבי נקניקיות וי,קילוגרמים,1.00,"ק""ג",false,,30.90,30.9000,true,1,25386
7290013906458,false,קבנוס בטעם פיקנטי טירת צבי 120 גרם,הנסיך- מפעל לייצור ט,IL,טירת צבי קבנוס פיקנט,גרמים,120.00,100 גרם,false,,9.90,0.0825,true,1,25398
7290013906687,false,פסט' צמד כפרית ברביקיו ודבש 300X2ג' טירת צבי,הנסיך- מפעל לייצור ט,IL,טירת צבי צמד כפרית ב,גרמים,600.00,100 גרם,false,,28.90,0.0482,true,1,25403
7290013906694,false,נקניקיות שקית קילו וחצי טירת צבי,הנסיך- מפעל לייצור ט,IL,"נקניקיות עוף 1.5 ק""ג",קילוגרמים,1.50,"100 ק""ג",false,,35.90,23.9333,true,1,241284
7290014002203,false,חליטת לימונית ולואיזה הגן הקסום ויסוצקי 25 יחידות,תה ויסוצקי,IL,תה חליטת לימונית ולו,גרמים,37.50,100 גרם,false,,17.90,0.4773,true,1,24744
7290014002944,false,גן קסום חליטת פירות וצמחים חמדת שקד 25 שקיקים,תה ויסוצקי,IL,תה גן קסום חליטת חמא,גרמים,62.50,100 גרם,false,,17.90,0.2864,true,1,24756
7290014027213,false,"ערק ג'בלנא 40% אלכוהול 700 מ""ל",משקאות ג'בלנא,IL,ערק ג'בלנא מיוצר מכו,מיליליטרים,700.00,"100 מ""ל",false,,54.90,0.0784,true,1,175224
7290014094338,false,דלעת מקולפת 250 גרם בקופסא,"דין שיווק וקלייה בע""",,גרעיני דלעת קלופים 2,גרמים,250.00,100 גרם,false,,14.90,0.0596,true,1,4701
7290014094345,false,גרעיני חמניה קלופים ששון הקולה בקופסא 300 גרם,"דין שיווק וקלייה בע""",US,ששון הקולה גרעיני חמ,גרמים,300.00,100 גרם,false,,9.90,0.0330,true,1,4702
7290014094352,false,אגוזי מלך בקופסא 200 ג',"שקדיה גבע תעשיות בע""",,ששון הקולה אגוז מלך,גרמים,200.00,100 גרם,false,,16.90,0.0845,true,1,4703
7290014094376,false,שזיפים ללא גלעין 330 גר,"דין שיווק וקלייה בע""",,שזיף ללא גלעין בקופס,גרמים,250.00,100 גרם,false,,24.90,0.0996,true,1,4705
7290014094383,false,משמש מיובש ששון הקול,"דין שיווק וקלייה בע""",,שקדיה משמש מיובש 250,גרמים,250.00,100 גרם,false,,23.90,0.0956,true,1,4706
7290014094390,false,חמוציות בקופסא ששון הקולה 330 גרם,"דין שיווק וקלייה בע""",,חמוציות מסוכרות בקופ,גרמים,250.00,100 גרם,false,,14.90,0.0596,true,1,4707
7290014094406,false,צימוק לבן בקופסא ששון הקולה 330 גרם,"דין שיווק וקלייה בע""",,צימוק בהיר בקופסא 2,גרמים,250.00,100 גרם,false,,16.90,0.0676,true,1,4708
7290014094543,false,"תרסיס שמן קנולה שקדיה 186 מ""ל",שקדיה,TR,תרסיס שמן קנולה שקדי,מיליליטרים,186.00,"100 מ""ל",false,,12.90,0.0694,true,1,4720
7290014094628,false,פקאן טבעי 200 גרם בקופסא,"דין שיווק וקלייה בע""",IL,פקאן טבעי 200גר ששון,גרמים,200.00,100 גרם,false,,25.90,0.1295,true,1,4725
7290014094635,false,אגוז ברזיל 250 גרם בקופסא,"דין שיווק וקלייה בע""",,אגוז ברזיל טבעי 200ג,גרמים,200.00,100 גרם,false,,39.90,0.1995,true,1,4726
7290014094864,false,פיסטוק קלוי 170 גר עם קליפה ששון הקולה,"דין שיווק וקלייה בע""",IL,פיסטוק קלוי 170 גרם,גרמים,170.00,100 גרם,false,,16.90,0.0994,true,1,4735
7290014094895,false,אגוזים קלופים בשקית ששון הקולה 150 גרם,"שקדיה גבע תעשיות בע""",IL,אגוז מלך 150גר ששון,גרמים,150.00,100 גרם,false,,10.90,0.0727,true,1,4738
7290014095953,false,פקאן בציפוי שוקולד בקופסא שקדיה 140 גרם,שקדיה גבע בתעשיות עמ,IL,שקדיה פקאן בשוקולד ח,גרמים,160.00,100 גרם,false,,11.90,0.0744,true,1,4744
7290014217065,false,אורגנו עלים בקופ' 30 גר' טעם וריח,"תבליני טעם וריח בע""מ",IL,טעם וריח אורגנו מיכל,גרמים,30.00,100 גרם,false,,10.10,0.3367,true,1,42444
7290014217140,false,"מיכל ראס אל חנות 100 גר' ""טעם וריח""","תבליני טעם וריח בע""מ",IL,תבלין ראס אל חנות טע,גרמים,100.00,100 גרם,false,,10.80,0.1080,true,1,42447
7290014217157,false,תיבול טוסקנה בקופ' 120 גר' טעם וריח,"תבליני טעם וריח בע""מ",IL,תבלין תערובת תיבול ט,גרמים,120.00,100 גרם,false,,11.80,0.0983,true,1,42448
7290014217362,false,תיבול לקציצות בקופ' 100 גר' טעם וריח,"תבליני טעם וריח בע""מ",IL,תערובת תיבול קציצות,גרמים,100.00,100 גרם,false,,11.80,0.1180,true,1,42457
7290014218932,false,חטיפי פיצה בתוספ זיתים בשקית מעדנות 710 גרם,מיוצר עי קונדיטוריית,IL,חטיפי פיצה בתוספת זי,גרמים,710.00,100 גרם,false,,35.90,0.0506,true,1,35701
7290014256620,false,"יין מבעבע קריניאנו באזז יקבי כרמל 750 מ""ל",יקבי כרמל Carmel Winery,IL,יין באזז קריניאנו 75,מיליליטרים,750.00,"100 מ""ל",false,,31.90,0.0425,true,1,564
7290014325036,false,סוכריות ג'לי עטופות שמחות מיה 600 גרם,מיה תעשיות מזון מ.ת.מ. ב,IL,ג'לי שמחות 600 גרם,גרמים,600.00,100 גרם,false,,20.90,0.0348,true,1,15196
7290014397514,false,"מבשם אויר סנו פרש הום בניחוח כותנה מלטפת 350 מ""ל","סנו מפעלי ברונוס בע""",IL,סנו פרש הום כותנה מל,מיליליטרים,350.00,"100 מ""ל",false,,12.90,0.0369,true,1,30429
7290014397781,false,סנו ריצפז פרש הום 2 ליטר בניחוח סבון,סנו פרש Fresh,IL,ריצפז פרש הום סבון מ,ליטרים,2.00,ליטר,false,,22.90,11.4500,true,1,30450
7290014435360,false,חומוס עם רוטב חריף שמיר 400 גרם,"סלטי שמיר 2006 בע""מ",IL,שמיר חומוס עם רוטב ח,גרמים,400.00,100 גרם,false,,11.90,0.0298,true,1,17745
7290014435384,false,חומוס עם טחינה מיוחדת שמיר 400 גרם,סלטי שמיר 2006 בעמ,IL,שמיר חומוס עם טחינה,גרמים,400.00,100 גרם,false,,11.90,0.0298,true,1,17747
7290014435704,false,סלמון מעושן שמיר 100 גרם,שבעת הימים - שמיר,IL,סלמון מעושן סלטי שמי,גרמים,100.00,100 גרם,false,,23.90,0.2390,true,1,17749
7290014435803,false,מטיאס הולנדי (פרובנציאל) עם בצל בשמן 180 גרם,שבעת הימים - שמיר,IL,מטיאס הולנדי פרובנצי,גרמים,180.00,100 גרם,false,,18.90,0.1050,true,1,17751
7290014435810,false,נתחי הרינג כבוש עם בצל במרינת חמוץ מתוק שמיר 220 גרם,שבעת הימים - שמיר,IL,הרינג כבוש עם בצל במ,גרמים,180.00,100 גרם,false,,18.90,0.1050,true,1,17752
7290014435834,false,מקרל מעושן פרוס בשמן שמיר 180 גרם,שבעת הימים - שמיר,IL,מקרל מעושן פרוס בשמן,גרמים,180.00,100 גרם,false,,24.90,0.1383,true,1,17754
7290014435841,false,פילה הרינג עם בצל בשמן מטיאס הולנדי שמיר 200 גרם,סלטי שמיר 2006 בעמ,IL,פילה מטיאס הולנדי  ב,גרמים,180.00,100 גרם,false,,18.90,0.1050,true,1,17755
7290014435889,false,סלט מטיאס עם מיונז שמיר 200 גרם,שבעת הימים - שמיר,IL,סלט מטיאס עם מיונז 1,גרמים,180.00,100 גרם,false,,18.90,0.1050,true,1,17757
7290014435896,false,סלט סלמון עם מיונז שמיר 180 גרם,שבעת הימים - שמיר,IL,סלט סלמון עם מיונז 1,גרמים,180.00,100 גרם,false,,21.00,0.1167,true,1,17758
7290014455252,false,גבינה קשה מגורדת גרנה פדנו 29% שומן,מחלבות גד שיווק 1992,IT,גד גרנה פדנו מגורד כ,גרמים,100.00,100 גרם,false,,13.80,0.1380,true,1,14700
7290014459137,false,"תפוגן סטייק צ'יפס 1.5 ק""ג אסם","תעשיות תפוגן בע""\מ",IL,תפוגן סטייק ציפס 1.5,קילוגרמים,1.50,"ק""ג",false,,26.90,17.9333,true,1,19821
7290014459472,false,"צ'יפס קפוא תפוגן 2 ק""ג כשל""פ","תעשיות תפוגן בע""מ",IL,תפוגן צ`יפס קלאסי 2,קילוגרמים,2.00,"ק""ג",false,,29.90,14.9500,true,1,19828
7290014471429,false,"מוזלי עם פירות 1 ק""ג - 429 סגול שקדיה","דין שיווק וקלייה בע""",IL,מוזלי פירות עם פירות,קילוגרמים,1.00,"ק""ג",false,,19.90,19.9000,true,1,4747
7290014472136,false,גרעיני חמנייה ששון הקולה 150 גרם,"דין שיווק וקלייה בע""",IL,גרעין שחור קלוי 150,גרמים,150.00,100 גרם,false,,4.90,0.0327,true,1,4759
7290014472228,false,תאנים מיובשות 250 גר,"דין שיווק וקלייה בע""",,תאנים בקופסא 330גר,גרמים,330.00,100 גרם,false,,21.90,0.0664,true,1,4761
7290014472235,false,פקאן סיני מסוכר 200 גרם בקופסא,"דין שיווק וקלייה בע""",IL,פקאן סיני מסוכר בקופ,גרמים,200.00,100 גרם,false,,24.90,0.1245,true,1,4762
7290014472471,false,גרעיני חמנייה קלוי ענק ששון הקולה 200 גרם,"דין שיווק וקלייה בע""",IL,גרעין שחור ענק 200 ג,גרמים,200.00,100 גרם,false,,6.90,0.0345,true,1,4769
7290014472495,false,קשיו קלוי ענק פרימיום ששון הקולה 250 גרם,"דין שיווק וקלייה בע""",IL,קשיו קלוי ענק פרימיו,גרמים,250.00,100 גרם,false,,21.90,0.0876,true,1,4771
7290014472501,false,פיסטוק קלוי ענק פרימיום ששון הקולה 250 גרם,"דין שיווק וקלייה בע""",IL,פיסטוק קלוי ענק 250,גרמים,250.00,100 גרם,false,,25.90,0.1036,true,1,4772
7290014503144,false,יין כנען לבן דלתון 750 מל,"יקב דלתון בע""\מ",IL,כנען לבן-דלתון 750,מיליליטרים,500.00,"100 מ""ל",false,,45.90,0.0918,true,1,7359
7290014534704,false,"פסטה ""לה פסטה"" 400 ג' אטריות מרק 400 ג'",מוטלו,TR,אטריות מרק לה פסטה 4,גרמים,400.00,100 גרם,false,,4.10,0.0102,true,1,25136
7290014636903,false,כרבולית קורל מינק 170*130,,,כרבולית מינק 130/170,יחידה,0.00,יחידה,false,,49.90,0.0000,true,1,338196
7290014648081,false,סכיני גילוח חד פעמי לה בלה עשירייה,נינגבי הווארד,CN,סכיני גילוח לאישה לה,יחידה,0.00,יחידה,false,,9.90,0.0000,true,1,18072
7290014673021,false,פלפל שחור שלם תבליני מימון 100 גרם,א.ל ייצור ושיווק תבל,IL,תבליני מימון פלפל שח,גרמים,100.00,100 גרם,false,,15.20,0.1520,true,1,358
7290014673359,false,מלח לימון תבליני מימון 400 גרם,א.ל ייצור ושיווק תבל,IL,מלח לימון 400 גר,גרמים,400.00,100 גרם,false,,23.00,0.0575,true,1,361
7290014673403,false,פלפל שחור טחון תבליני מימון 250 גרם,א.ל ייצור ושיווק תבל,IL,מימון פלפל שחור טחון,גרמים,250.00,100 גרם,false,,33.90,0.1356,true,1,366
7290014673434,false,פלפל שחור גרוס דק שקית תבליני מימון 80גרם,א.ל ייצור ושיווק תבל,,פלפל שחור גרוס דק בש,גרמים,80.00,100 גרם,false,,9.30,0.1163,true,1,368
7290014674004,false,קריספ פירורי לחם שומשום ומלח ים 300 גרם מיימונס,א.ל ייצור ושיווק תבל,IL,פירורי לחם עם שומשום,גרמים,300.00,100 גרם,false,,7.90,0.0263,true,1,279772
7290014692817,false,גבינת מוצרלה מגורדתEURO CHEESE ויליפוד 200 גרם,הנסיך- מפעל לייצור ט,IL,סיי צ'יז גבינת מוצרל,גרמים,200.00,100 גרם,false,,15.90,0.0795,true,1,3005
7290014731264,false,ספלאש כוסות 180CC לשתייה קרה 100 יחידות,רם,IL,כוסות לשתיה קרה חד פ,יח',100.00,יח',false,,7.90,0.0790,true,1,28144
7290014748613,false,מקלוני דגים בציפוי צ'יפס דג טוב 600 גרם,מוצרי עוף טוב (2001) בע\,IL,דג טוב מקלוני דגים ב,גרמים,600.00,100 גרם,false,,35.90,0.0598,true,1,19882
7290014749764,false,עוף טוב שניצל עוף ביתי עדין כזה 700 גרם,מוצרי עוף טוב (2001) בע\,IL,שניצל עוף ביתי כזה ע,גרמים,700.00,100 גרם,false,,45.90,0.0656,true,1,66574
7290014749788,false,צ'ונגו-רצועות שניצל בציפוי צ'יפס עוף טוב 600 גרם,מוצרי עוף טוב (2001) בע\,IL,רצועות שניצל ציפס צ',גרמים,600.00,100 גרם,false,,40.90,0.0682,true,1,66633
7290014749849,false,שניצל דק ענק קריספי שומשום עוף טוב 720 גרם,מוצרי עוף טוב (2001) בע\,IL,שניצל עוף דקיק בציפו,גרמים,720.00,100 גרם,false,,41.20,0.0572,true,1,146299
7290014749863,false,שניצל דק ענק קריספי צ'יפס עוף טוב 720 גרם,מוצרי עוף טוב (2001) בע\,IL,שניצל עוף דקיק בציפו,גרמים,720.00,100 גרם,false,,41.20,0.0572,true,1,146285
7290014749887,false,שניצל דק ענק קריספי קלאסי עוף טוב 720 גרם,מוצרי עוף טוב (2001) בע\,IL,שניצל עוף דקיק ענקיס,גרמים,720.00,100 גרם,false,,40.90,0.0568,true,1,146286
7290014758100,false,מאגדת יוגורט ביו 3% שומן 8 יח' *150ג' תנובה,מיוצר עי קונדיטוריית,IL,יוגורט תנובה 3% 8*15,קילוגרמים,1.20,"ק""ג",false,,17.90,14.9167,true,1,26027
7290014758681,false,קוטג תנובה 1% גביע 250 גרם,מיוצר עי קונדיטוריית,IL,קוטג תנובה 1% 250ג,גרמים,250.00,100 גרם,false,,5.70,0.0228,true,1,26034
7290014759084,false,גבינת שמנת נפוליאון 16% מופחת שומן תנובה 225 גרם,תנובה מרכז שיתופי לש,IL,נפוליאון 16% 225גר,גרמים,225.00,100 גרם,false,,15.50,0.0689,true,1,26035
7290014759701,false,"מאגדת שמינייה יופלה מעודן בד""צ בנגיעות וניל",עדן קינוחים בעמ,IL,יופלה יוגורט מעודן ט,קילוגרמים,1.20,"ק""ג",false,,22.90,19.0833,true,1,26041
7290014759978,false,גבינת קצקבל גלעד 27% תנובה 200 גרם,תנובה חלב,IL,גבינות תנובה קצקבל פ,גרמים,200.00,100 גרם,false,,27.90,0.1395,true,1,26044
7290014760141,false,משקה שקדים תנובה E אלטרנטיב,תנובה Alternative,IL,תנובה משקה שקדים טרי,יחידה,0.00,יחידה,false,,14.70,0.0000,true,1,26048
7290014760448,false,גבינה צהובה גלבוע 400 גרם 22% שומן תנובה,מחלבת בית יצחק,IL,גלבוע 22% 400 גרם,גרמים,400.00,100 גרם,false,,26.10,0.0653,true,1,26051
7290014760912,false,פרוסות גבינה 28% שומן 400 ג' גוש חלב,תנובה מרכז שיתופי לש,IL,גוש חלב 28% מהדרין 4,גרמים,400.00,100 גרם,false,,27.60,0.0690,true,1,26055
7290014761018,false,גיל בטעם וניל תנובה 125 גרם,תנובה מרכז שיתופי לש,IL,גיל בטעם וניל 3% 125,גרמים,125.00,100 גרם,false,,2.00,0.0160,true,1,26056
7290014761070,false,מעדן שוקולד לבן יולו תנובה 123 גרם,מיוצר עי קונדיטוריית,IL,יולו שוקולד לבן מעול,גרמים,122.00,100 גרם,false,,5.10,0.0418,true,1,26059
7290014761414,false,יולו מעדן שכבות שוקולד חלב ולבן 123 גר,מיוצר עי קונדיטוריית,IL,יולו מעדן שכבות שוקו,גרמים,122.00,100 גרם,false,,5.10,0.0418,true,1,26068
7290014762756,false,גבינת שמנת נפוליאון 16% עם בצל תנובה 225 גרם,תנובה חלב,IL,נפוליאון 16% עם בצל,גרמים,225.00,100 גרם,false,,15.50,0.0689,true,1,26087
7290014762831,false,גבינת שמנת נפוליאון 16% עם פלפל חלפיניו תנובה 225 גרם,תנובה מרכז שיתופי לש,IL,גבינת שמנת נפוליאון,גרמים,225.00,100 גרם,false,,15.50,0.0689,true,1,26093
7290014762909,false,פתיתי מוצרלה השף הלבן 10% תוספת מתנה,"תנובה, מחלבת תל יוסף",IL,פתיתי מוצרלה 200 גר`,גרמים,200.00,100 גרם,false,,16.90,0.0845,true,1,26097
7290014789913,false,עוגיות אוראו קרם בטעם וניל מארז 176 גרם,מונדלייז,UA,עוגיות אוראו מארז 3,גרמים,528.00,100 גרם,false,,23.90,0.0453,true,1,5114
7290014791091,false,"שוויפס לימונייד 500 מ""ל",יפאורה שותפות מובגלת לשיווק,IL,משקה למונייד שוופס 5,מיליליטרים,500.00,"100 מ""ל",false,,5.90,0.0118,true,1,11662
7290014803756,false,"טריאקי רוטב פתאי 300מ""ל",Baaeco v food ltd pa,,רוטב טריאקי פתאי 300,מיליליטרים,100.00,"100 מ""ל",false,,7.90,0.0790,true,1,15979
7290014855434,false,מגבונים בייביסיטר פרפורמנס מבושם רביעיה,בייביסיטר Babysitter,IL,בייביסיטר פרפורמנס מ,יחידה,0.00,יחידה,false,,17.90,0.0000,true,1,29540
7290014855458,false,מגבוני בייביסיטר פרפורמנס ללא בישום מארז 72X4יח',בייביסיטר Babysitter,IL,מגבוני בייבי פרפורמנ,יחידה,0.00,יחידה,false,,17.90,0.0000,true,1,29541
7290014905160,false,"הפי מטהר אוויר פניני ריח בניחוחות, 130 גרם",יוליניבר,IT,הפי פניני ריח תפוז\ו,גרמים,130.00,100 גרם,false,,15.90,0.1223,true,1,11370
7290014905689,false,"נוזל כלים הפי מרוכז 24% תפוח 750 מ""ל",יעקובי הפי,IL,הפי לכלים ירוק תפוח,מיליליטרים,750.00,"100 מ""ל",false,,9.90,0.0132,true,1,11380
7290014905696,false,"נוזל כלים הפי מרוכז 24% לימון 750 מ""ל",יעקובי הפי,IL,הפי לכלים צהוב לימון,מיליליטרים,750.00,"100 מ""ל",false,,9.90,0.0132,true,1,11381
7290014910515,false,שימורי דגים שפרוטים מעושנים בשמן צמחי 250 גרם,סיא אונדה,LV,שפרוטים מעושנים רויא,גרמים,250.00,100 גרם,false,,12.90,0.0516,true,1,11228
7290014940901,false,לחם פשוט מלא אנג'ל 750 גרם,מאפיית שלמה א. אנג'\ל בע,IL,לחם פשוט מלא אנגל 75,גרמים,750.00,100 גרם,false,,15.90,0.0212,true,1,35497
7290015009317,false,נאצו'ס תירס טבעי 200 גרם,אוקי סנייקס,DK,חטיף  נאצ'וס טבעי צה,גרמים,200.00,100 גרם,false,,13.90,0.0695,true,1,129672
7290015014182,false,לבבות קיסר בנספק רמי לוי,קטיף.,IL,לבבות חסה,יח',1.00,יח',false,,9.90,9.9000,true,1,47720
7290015014465,false,רוזמרין רמילוי,,,רוזמרין (בוסתן),יח',1.00,יח',false,,6.90,6.9000,true,1,47727
7290015014472,false,קורנית(בוסתן),,,קורנית(בוסתן),יח',1.00,יח',false,,4.90,4.9000,true,1,47728
7290015033299,false,פרורי לחם קלאסי שקית,חטיפים מן הארץ,,פרורי לחם קלאסי שקית,גרמים,400.00,100 גרם,false,,5.00,0.0125,true,1,351601
7290015062084,false,"קטלן יתושים חשמלי """,,,"קטלן יתושים חשמלי """,יחידה,0.00,יחידה,false,,119.90,0.0000,true,1,132904
7290015129121,false,אטריות קונג'אק בתוספת טפיוקה בצורת נודלס,הוויזאי וואנגייה פוד,CN,סקיני פסטה קונג'אק ב,גרמים,270.00,100 גרם,false,,11.90,0.0441,true,1,242412
7290015150118,false,שלישיית עגבניות חתוכות דק גרנד איטליה 400 גרם,אמיליאנה קונסרב ס.פ.,IT,עגבניות חתוכות דק בל,גרמים,400.00,100 גרם,false,,19.90,0.0497,true,1,24783
7290015150200,false,עגבניות חתוכות דק גרנד איטליה ויסוצקי,HIQ FOOD PRODUCTS,IT,עגבניות חתוכות דק ו,גרמים,400.00,100 גרם,false,,6.90,0.0173,true,1,24784
7290015156769,false,מחית פרינוק פאוץ' תפוח ואוכמניות 120 גרם,פרוטה פודווין איי.אס,CZ,פאוץ' פרינוק תפוח וא,גרמים,120.00,100 גרם,false,,5.90,0.0492,true,1,3664
7290015164832,false,מחית קארי ירוק 400 גרם SUREE כשר,טאפאדונגפורן קוקינט,TH,מחית ירוקה על בסיס ק,גרמים,400.00,100 גרם,false,,19.90,0.0497,true,1,47541
7290015193559,false,מעדני המלך אובלטים מלוחים 300 גרם,אם החיטה,IL,אובלטים מלח 300 גר',גרמים,300.00,100 גרם,false,,10.90,0.0363,true,1,41386
7290015193566,false,מעדני המלך אובלטים שומשום 300 גרם,אם החיטה,IL,אובלטים שומשום 300 ג,גרמים,300.00,100 גרם,false,,10.90,0.0363,true,1,41387
7290015193634,false,אובלטים דקיקים קימל מעדני המלך 300 גר',אם החיטה,IL,אובלטים קימל 300 גרם,גרמים,300.00,100 גרם,false,,10.90,0.0363,true,1,41391
7290015193849,false,קרקר עם מלח ארומה 300 גרם,פפושדו,IL,ארומה קרקר עם מלח 30,גרמים,300.00,100 גרם,false,,9.80,0.0327,true,1,41394
7290015253314,false,"פחם נמיביה אדום 4 ק""",,,"פחם נמיביה אדום 4 ק""",יחידה,0.00,יחידה,false,,27.90,0.0000,true,1,244912
7290015282000,false,איקרא אדומה SEVEN SEAS 200 גרם,שבעת הימים - שמיר,IL,איקרה אדומה סלטי שמי,גרמים,200.00,100 גרם,false,,13.90,0.0695,true,1,17760
7290015282024,false,איקרא לבנה SEVEN SEAS 200 גרם,שבעת הימים - שמיר,IL,איקרה לבנה סלטי שמיר,גרמים,200.00,100 גרם,false,,13.90,0.0695,true,1,17762
7290015282390,false,סלט תורכי 200 גרם שמיר,"סלטי שמיר 2006 בע""מ",IL,סלט תורכי 200 ג שמיר,גרמים,200.00,100 גרם,false,,12.90,0.0645,true,1,17776
7290015282581,false,חומוס אבו גוש עם חריף שמיר 200 גרם,"סלטי שמיר 2006 בע""מ",IL,חומוס אבו גוש עם חרי,גרמים,200.00,100 גרם,false,,10.90,0.0545,true,1,17779
7290015282598,false,חומוס מסעדות גורמה שמיר 200 גרם,"סלטי שמיר 2006 בע""מ",IL,חומוס מסעדות,גרמים,200.00,100 גרם,false,,10.90,0.0545,true,1,17780
7290015282604,false,טחינה מיוחדת גורמה שמיר 200 גרם,"סלטי שמיר 2006 בע""מ",IL,טחינה מיוחדת,גרמים,200.00,100 גרם,false,,10.90,0.0545,true,1,17781
7290015282628,false,חציל בטעם כבד גורמה שמיר 200 גרם,"סלטי שמיר 2006 בע""מ",IL,חציל בטעם כבד סלטי ש,גרמים,200.00,100 גרם,false,,12.90,0.0645,true,1,17783
7290015282642,false,חומוס אבו גוש גורמה שמיר 200 גרם,"סלטי שמיר 2006 בע""מ",IL,חומוס אבו גוש,גרמים,200.00,100 גרם,false,,10.90,0.0545,true,1,17785
7290015282673,false,חציל במיונז ביתי גורמה שמיר 200 גרם,"סלטי שמיר 2006 בע""מ",IL,חציל במיונז ביתי,גרמים,200.00,100 גרם,false,,10.90,0.0545,true,1,17787
7290015282680,false,קישוא בטעם כבד גורמה שמיר 200 גרם,"סלטי שמיר 2006 בע""מ",IL,קישוא בטעם כבד סלטי,גרמים,200.00,100 גרם,false,,12.90,0.0645,true,1,17788
7290015282697,false,כרוב אדום שמיר גורמה 200גר,"סלטי שמיר 2006 בע""מ",IL,סלט כרוב אדום 200ג ש,גרמים,200.00,100 גרם,false,,12.90,0.0645,true,1,17789
7290015324014,false,"פלפל שחור טחון בשקית 80 גרם ""טעם וריח""","תבליני טעם וריח בע""מ",IL,טעם וריח פלפל שחור ט,גרמים,80.00,100 גרם,false,,14.90,0.1863,true,1,42465
7290015324052,false,פפריקה מתוקה 80 גר' טעם וריח,"תבליני טעם וריח בע""מ",IL,טעם וריח פפריקה מתוק,גרמים,80.00,100 גרם,false,,7.90,0.0988,true,1,42468
7290015324106,false,כורכום טחון 80 גר' טעם וריח,"תבליני טעם וריח בע""מ",IL,טעם וריח כורכום שקית,גרמים,80.00,100 גרם,false,,7.90,0.0988,true,1,42473
7290015324120,false,שום גבישי 80 גר' טעם וריח,"תבליני טעם וריח בע""מ",IL,טעם וריח שום גבישי ב,גרמים,80.00,100 גרם,false,,10.10,0.1262,true,1,42475
7290015324151,false,חוואיג' למרק 80 גר' טעם וריח,"תבליני טעם וריח בע""מ",IL,תבלין חוויאג למרק ב,גרמים,80.00,100 גרם,false,,6.00,0.0750,true,1,42476
7290015324168,false,שק 80 גרם על האש ללא מונוסטדיום,"תבליני טעם וריח בע""מ",IL,תערובת תיבול על האש,גרמים,80.00,100 גרם,false,,7.00,0.0875,true,1,42477
7290015324175,false,תיבול לשווארמה 80 גר' טעם וריח,"תבליני טעם וריח בע""מ",IL,תערובת תיבול לשווארמ,גרמים,80.00,100 גרם,false,,7.00,0.0875,true,1,42478
7290015324724,false,מחית צ`ילי חריף `טעם וריח' 230 גרם,ליני קאטייאמה פודסטאפס ב,CN,מחית צ'ילי חריף 230,גרמים,230.00,100 גרם,false,,13.90,0.0604,true,1,271491
7290015328531,false,להבונים 50 יח' 3 שעו,,,להבונים 50 יח' 3 שעו,יחידה,0.00,יחידה,false,,10.90,0.0000,true,1,13237
7290015328685,false,מנורת לד 9 וולט,,,מנורת לד 9 וולט,יחידה,0.00,יחידה,false,,8.90,0.0000,true,1,13248
7290015328692,false,מנורת לד 12 וולט,,,מנורת לד 12 וולט,יחידה,0.00,יחידה,false,,9.90,0.0000,true,1,13249
7290015328708,false,מנורת לד 15 וולט,,,מנורת לד 15 וולט,יחידה,0.00,יחידה,false,,12.90,0.0000,true,1,13250
7290015328715,false,האשפתון 65*52 50 יח',,,האשפתון 65*52 50 יח',יח',50.00,יח',false,,11.90,0.2380,true,1,13251
7290015328739,false,האשפתון 75*65 2 גליל,,,האשפתון 75*65 2 גליל,יח',30.00,יח',false,,11.90,0.3967,true,1,13253
7290015328814,false,צימרוני אוזניים 300 יחידות,,,צימרוני אוזניים לירו,יחידה,0.00,יחידה,false,,3.90,0.0000,true,1,13259
7290015328821,false,צמרוני אוזניים שקית 100 יחידות,,,צימרוני אוזניים לירו,יחידה,0.00,יחידה,false,,1.50,0.0000,true,1,13260
7290015347488,false,"סוכר דמררה חום שקית מיה 1 ק""ג",מיה תעשיות מזון מ.ת.מ. ב,IL,סוכר דמררה בשקית מיה,קילוגרמים,1.00,"ק""ג",false,,9.90,9.9000,true,1,15238
7290015348089,false,"למברוסקו אדום ביאנקו 750 מ""ל ""אמיליאנו""",גאטטיקו איטליה,IL,למברוסקו אמיליאנו לב,מיליליטרים,750.00,"100 מ""ל",false,,24.90,0.0332,true,1,9543
7290015366670,false,משחת שיניים הגנה משולשת מנטה מרענן,גלקסוסמיתקליין,SK,מש.שיניים מנטה אקווה,גרמים,100.00,100 גרם,false,,7.90,0.0790,true,1,3964
7290015437646,false,לה פסטה מיחת עגבניות 680 גרם,רגיה,IT,מחית עגבניות איטלקיו,גרמים,680.00,100 גרם,false,,12.10,0.0178,true,1,259676
7290015603560,false,"שימורי קרם קוקוס 20-22% 400 מ""ל (ASIATIC)(כ)",אסיאטיק אגרו אינדוסטרי,TH,שימורי קרם קוקוס 20-,מיליליטרים,400.00,"100 מ""ל",false,,9.90,0.0248,true,1,47551
7290015652070,false,קשוי קלוי בשקית ששון הקולה 150 גרם,"דין שיווק וקלייה בע""",IL,קשיו קלוי 150 גרם שש,גרמים,150.00,100 גרם,false,,12.90,0.0860,true,1,4802
7290015652087,false,תערובת פיצוחים בשקית ששון הקולה 150 גרם,דין שיווק,IL,תערובת פיצוחים 150גר,גרמים,150.00,100 גרם,false,,11.90,0.0793,true,1,4803
7290015652254,false,גרעיני חמניה קלויים 400 גרם ששון הקלה,"דין שיווק וקלייה בע""",IL,גרעיני חמניה קלויים,גרמים,400.00,100 גרם,false,,10.00,0.0250,true,1,4812
7290015652261,false,בוטנים קלויים ששון הקולה 350 גרם,"דין שיווק וקלייה בע""",IL,בוטנים קלויים ששון ה,גרמים,300.00,100 גרם,false,,10.00,0.0333,true,1,4813
7290015652278,false,תערובת פיצוחים ששון הקולה 300 גרם,"דין שיווק וקלייה בע""",IL,תערובת פיצוחים ששון,גרמים,250.00,100 גרם,false,,20.00,0.0800,true,1,4814
7290015652292,false,קבוקים עם שומשום ששון הקולה 400 גרם,"דין שיווק וקלייה בע""",IL,קבוקים עם שומשום ששו,גרמים,400.00,100 גרם,false,,10.00,0.0250,true,1,4816
7290015652308,false,מנצ'ס ששון הקולה 400 גרם,"דין שיווק וקלייה בע""",,מנצ'ס ששון הקולה 300,גרמים,300.00,100 גרם,false,,10.00,0.0333,true,1,4817
7290015652315,false,חמוציות מסוכרות ששון הקולה 300 גרם,"דין שיווק וקלייה בע""",IL,חמוציות מסוכרות ששון,גרמים,300.00,100 גרם,false,,10.00,0.0333,true,1,4818
7290015652407,false,פיסטוק קלוי ששון הקולה 250 גרם,"דין שיווק וקלייה בע""",IL,פיסטוק קלוי ששון הקו,גרמים,250.00,100 גרם,false,,20.00,0.0800,true,1,4826
7290015766005,false,שרי וויטני יחידה,,IL,שרי וויטני יחידה,גרמים,500.00,100 גרם,false,,9.90,0.0198,true,1,50953
7290015872096,false,חומוס סלטי שמיר 700 גרם,"סלטי שמיר 2006 בע""מ",IL,חומוס אסלי שמיר 700,גרמים,700.00,100 גרם,false,,8.90,0.0127,true,1,17803
7290016006025,false,שוופס סודה 0.50 ליטר בקבוק,יפאורה תבורי בעמ,IL,שוופס סודה 500מל,מיליליטרים,500.00,"100 מ""ל",false,,3.90,0.0078,true,1,11695
7290016006292,false,נקטר מנגו בננה מלון קרטונית 1 ל' ספרינג,יפאורה שותפות מובגלת לשיווק,IL,ספרינג מנגו בננה מלו,יחידה,0.00,יחידה,false,,6.90,0.0000,true,1,11705
7290016006322,false,מים מינרליים מי עדן,"מופק ממקור בזלתי עדן ,1",IL,מי עדן 1 ליטר,ליטרים,1.00,ליטר,false,,2.90,2.9000,true,1,11706
7290016006339,false,מים מינרלים - מארז רביעייה,"מופק ממקור בזלתי עדן ,1",IL,מי עדן רביעייה 1 ליט,ליטרים,4.00,ליטר,false,,10.90,2.7250,true,1,11707
7290016006346,false,שוופס סודה 0.5 ליטר מארז שישייה,יפאורה שותפות מובגלת לשיווק,IL,שוופס סודה שישייה 0.,ליטרים,3.00,ליטר,false,,14.90,4.9667,true,1,11708
7290016087123,false,רוטב מתובל לפסטה בסגנון קלאסי פריניר 240 גרם,פריניר,IL,רוטב עגבניות מתובל ל,גרמים,240.00,100 גרם,false,,5.90,0.0246,true,1,41398
7290016087208,false,עגבניות מרוסקות מרוכזות ובזיליקום 230 גרם פריניר,פריניר,IL,עגבניות מרוסקות מרוכ,גרמים,230.00,100 גרם,false,,5.50,0.0239,true,1,41401
7290016087239,false,רוטב עגבניות מרוכז לשקשוקה פיקנטי פריניר 230 גרם,פריניר,IL,רוטב עגבניות לשקשוקה,גרמים,240.00,100 גרם,false,,5.90,0.0246,true,1,41404
7290016094695,false,אלכוג'ל לשמירה על הייגיינת הידיים 70% אלכוהול,פישר מעבדות פרמצבטיו,IL,אלכוגל לידיים 500 מ,מיליליטרים,500.00,"100 מ""ל",false,,21.90,0.0438,true,1,117230
7290016096217,false,רביעיית נתחי טונה קט,,,רביעיית נתחי טונה קט,גרמים,560.00,100 גרם,false,,22.90,0.0409,true,1,26596
7290016096491,false,נתחי טונה בהירה בשמן צמחי שלישיה *80ג' פילטונה,תעשיות פילטונה,IL,נתחי טונה בשמן צמחי,גרמים,240.00,100 גרם,false,,11.90,0.0496,true,1,26600
7290016096934,false,מארז זוגות סלט טונה 2*160 ג' פילטונה,תעשיות פילטונה,IL,סלט טונה 2 יח' פילטו,גרמים,320.00,100 גרם,false,,12.90,0.0403,true,1,153253
7290016104271,false,ריבת חלב בצנצנת 20% חלב,פוליבה,IL,ריבת חלב 340 גר`,גרמים,340.00,100 גרם,false,,12.90,0.0379,true,1,13280
7290016144000,false,"קמח חיטה מלאה נפלאות 80% 1 ק""ג","קמח מלכים בע""\מ",IL,קמח חיטה 80% נפלאות,קילוגרמים,1.00,"ק""ג",false,,9.90,9.9000,true,1,47378
7290016144024,false,"קמח כוסמין מלא נפלאות 100% 1 ק""ג","קמח מלכים בע""מ",IL,קמח כוסמין מלא 100%,קילוגרמים,1.00,"ק""ג",false,,14.90,14.9000,true,1,47380
7290016150117,false,סלק אדום מבושל 500 ג' בוואקום,ג'ואבג'י יואייבי,LE,מעדן סלק בוואקום 500,גרמים,500.00,100 גרם,false,,5.90,0.0118,true,1,47242
7290016162219,false,כדורי שוקולד קוקוס קפולסקי 280 גר',תופינים מקבוצת קפולסקי,IL,כדורי שוקולד פרווה,גרמים,280.00,100 גרם,false,,31.90,0.1139,true,1,39962
7290016162233,false,עוגיות ממולאות סוגים שונים 200 גרם קפולסקי,קפולסקי,IL,עוגיות דיזרט פרימיום,גרמים,200.00,100 גרם,false,,21.90,0.1095,true,1,39964
7290016162264,false,עוגת גבינה רנסנס קפולסקי 450 גרם,קפולסקי שיווק וקמעונ,IL,עוגת גבינה רנסנס 450,גרמים,450.00,100 גרם,false,,41.90,0.0931,true,1,39967
7290016197488,false,מטליות מיקרופייבר למשטחים ניקול 3יח',חוגלה קימברלי,CN,מטלית קסם לשיש מארז,יחידה,0.00,יחידה,false,,11.90,0.0000,true,1,9092
7290016217643,false,חמוצים סיני אסלי שמיר 400 גרם,"סלטי שמיר 2006 בע""מ",IL,חמוצים סיני אסלי 400,גרמים,400.00,100 גרם,false,,12.90,0.0323,true,1,17809
7290016217735,false,חציל על האש 200גרם גורמה,"סלטי שמיר 2006 בע""מ",IL,חציל על האש סלטי שמי,גרמים,200.00,100 גרם,false,,10.90,0.0545,true,1,17810
7290016217742,false,חציל בטחינה 200גרם גורמה,"סלטי שמיר 2006 בע""מ",IL,חציל בטחינה סלטי שמי,גרמים,200.00,100 גרם,false,,10.90,0.0545,true,1,17811
7290016217759,false,חציל מרוקאי 200גרם גורמה,"סלטי שמיר 2006 בע""מ",IL,חצילים בסגנון מרוקאי,גרמים,200.00,100 גרם,false,,12.90,0.0645,true,1,17812
7290016233384,false,גפילטע פיש 7 קציצות תומר 555 גרם,דג טעים ירושלים,IL,גפילטא פיש 7 קציצות,גרמים,555.00,100 גרם,false,,16.90,0.0305,true,1,25182
7290016246025,false,בארכה מיקס פינוקיות חלווה ללא סוכר 10*20ג,"רושדי תעשיות מזון בע""\מ",IL,בארכה פנוקיות חלבה ל,גרמים,200.00,100 גרם,false,,13.90,0.0695,true,1,18797
7290016277630,false,צנובר 150 גרם ששון - קופסא,"דין שיווק וקלייה בע""",,צנובר טבעי 150 גרם ש,גרמים,150.00,100 גרם,false,,30.90,0.2060,true,1,103537
7290016304404,false,לחם קוביות 100% כוסמין 600 גרם,מאפיית דוידוביץ ובניו בע,IL,לחם מלא כוסמין 100%,גרמים,600.00,100 גרם,false,,14.90,0.0248,true,1,347830
7290016304596,false,לחמניות לסנדביץ 75 גרם,מאפית דוידוביץ ובניו,IL,10 לחמניות לסנדוויץ,גרמים,750.00,100 גרם,false,,17.90,0.0239,true,1,348618
7290016319187,false,טוסו עוגיות סנדוויץ שוקו במילוי קרם שוקולד *זוג* 300 גרם,בטר אנד דיפרנט,IL,עוגיות סנדוויץ שוקו,גרמים,300.00,100 גרם,false,,16.90,0.0563,true,1,107167
7290016319194,false,טוסו עוגיות סנדוויץ שוקו במילוי קרם וניל *זוג* 300 גרם,אפיפית,IL,עוגיות סנדוויץ שוקו,גרמים,300.00,100 גרם,false,,16.90,0.0563,true,1,107168
7290016321678,false,מגבונים לחים בניחוח מרענן עם תמציות קמומיל ואלוורה,עלבד משואות יצחק,IL,פרשוואנס רביעייה נטו,יחידה,0.00,יחידה,false,,20.90,0.0000,true,1,6049
7290016321890,false,פרשוואנס נייר טואלט מתכלה למבוגרים -מארז שלישייה,עלבד משואות יצחק בעמ,IL,פרשוואנס נייר טואלט,יחידה,0.00,יחידה,false,,15.90,0.0000,true,1,6052
7290016334500,false,לבבות חסה זוגות בשקי,,,לבבות חסה זוגות בשקי,יח',1.00,יח',false,,9.90,9.9000,true,1,47746
7290016334883,false,עגבניות שרי תמר,,,שרי תמר יח',יח',1.00,יח',false,,9.90,9.9000,true,1,47754
7290016372489,false,ויסוצקי חליטת ג'ינג'ר ולימון סודות הצמחים 25 שקיקים,תה ויסוצקי,IL,סודות הצמחים ג'ינג'ר,גרמים,30.00,100 גרם,false,,17.90,0.5967,true,1,24817
7290016387339,false,מטליות מיקרופייבר ג'מבו לרצפה זוג,,CN,2 מטליות מיקרופייבר,יחידה,0.00,יחידה,false,,17.90,0.0000,true,1,13575
7290016387841,false,אטבי כביסה JOY צבעוני שייני 50 יחידות,GUANGDONG,CN,אטבי ג'וי צבעוניים,יחידה,0.00,יחידה,false,,10.50,0.0000,true,1,13583
7290016408836,false,מאגדת שוקולד חלב ללס 85X,כרמית,IL,מאגדת זוג שוקולד חלב,יחידה,170.00,יחידה,false,,14.90,0.0876,true,1,38740
7290016416961,false,מוס גבינה תות שדה קפולסקי 400 גרם,קפולסקי שיווק וקמעונ,IL,עוגת פס מוס גבינה תו,גרמים,400.00,100 גרם,false,,41.90,0.1047,true,1,39972
7290016440911,false,מלפפונים ביתיים 500 גרם מעדני עופר,מוצרי קפוא זן,,מלפפונים ביתיים כבוש,גרמים,500.00,100 גרם,false,,20.90,0.0418,true,1,193251
7290016509786,false,פרסיל גל לכביסה לבנה וצבעונית-ירוק 2.5 ל,"הנקל סוד בע""\מ",IL,פרסיל ג'ל 2.5 ליטר י,ליטרים,2.50,ליטר,false,,36.90,14.7600,true,1,34913
7290016509793,false,ג'ל לכביסה לבנה וצבעונית אריזת XL,"הנקל סוד בע""\מ",IL,פרסיל ג'ל 4 ליטר ירו,ליטרים,4.00,ליטר,false,,49.90,12.4750,true,1,34914
7290016509809,false,ג'ל מרוכז לכביסה קולור 2.5 ל' פרסיל,"הנקל סוד בע""\מ",IL,פרסיל ג'ל 2.5 ליטר ק,ליטרים,2.50,ליטר,false,,36.90,14.7600,true,1,34915
7290016510683,false,הוואי אל סבון נוזלי בלו סקיי 1 ליטר,טרופיקל דגיל קוסמטיק,IL,הוואי סבון נוזלי שמי,ליטרים,1.00,ליטר,false,,11.90,11.9000,true,1,8123
7290016682243,false,פריניב מיץ אשכולית אדומה סחוט 1 ליטר,פריניב,IL,פרי ניב מיץ אשכולית,ליטרים,2.00,ליטר,false,,16.90,8.4500,true,1,49461
7290016717099,false,"יין כרמל סלקטד אדום חצי יבש, 750 מ""ל",יקבי כרמל Carmel Winery,IL,יין סלקטד אדום חצי י,מיליליטרים,750.00,"100 מ""ל",false,,32.90,0.0439,true,1,630
7290016717754,false,"יין ישן נושן יקבי כרמל 750 מ""ל ^^^",אגודת הכורמים הקואופרטיב,IL,"ישן נושן 750מ""ל.",מיליליטרים,750.00,"100 מ""ל",false,,20.90,0.0279,true,1,638
7290016865943,false,אטריות ביצים פטוציני אוריינט 400 גרם,פ.פ.פ טאביט פולין,PL,אטריות ביצים פטוצ'ינ,גרמים,400.00,100 גרם,false,,14.90,0.0373,true,1,3674
7290016866650,false,"פרודונטקס - משחת שיניים אוריג'ינל 75 מ""ל",פרודונטקס Parodontax,SK,מש.שיניים אוריגינל פ,מיליליטרים,75.00,"100 מ""ל",false,,32.90,0.4387,true,1,4031
7290016866667,false,"פרודונטקס - משחת שיניים ללא פלאוריד 75 מ""ל",פרודונטקס Parodontax,SK,מש.שיניים פלאוריד פר,מיליליטרים,75.00,"100 מ""ל",false,,32.90,0.4387,true,1,4032
7290016867152,false,"מארז פיתות קלות כוסמין 5 יחידות ד""ר מרק",המאפה של דר מרק בריא,IL,פיתות קלות כוסמין 29,גרמים,292.00,100 גרם,false,,13.90,0.0476,true,1,192653
7290016883091,false,חרדל דיז'ון שקדיה 350 גרם,צרבונוקס בברבנט אסאיי,FR,חרדל דיז'ון שקדיה 35,גרמים,350.00,100 גרם,false,,10.00,0.0286,true,1,294293
7290016967074,false,לחם חיטה מלאה עם גרעינים ודגנים,מאפיית שלמה א. אנג'\ל בע,IL,חיטה מלאה אנגל 750 ג,גרמים,750.00,100 גרם,false,,17.90,0.0239,true,1,35503
7290016998320,false,לבבות קיסר נטורזה יח,נטורזה,IL,לבבות קיסר מארז,יח',1.00,יח',false,,11.90,11.9000,true,1,144968
7290017023236,false,רביעיית פחיות שוופס מוגז פירות ענבים 330 מל.,יפאורה תבורי בעמ,IL,רביעיית משקה שוופס ב,ליטרים,1.32,ליטר,false,,13.90,10.5303,true,1,11729
7290017023854,false,מי סודה בקבוקים אישיים - מארז 4 יח',יפאורה תבורי בעמ,IL,"שוופס סודה 250 מ""ל ר",ליטרים,1.00,ליטר,false,,12.90,12.9000,true,1,11753
7290017058689,false,זית שחור טבעי תומר 4,מסנוי גידה רעהס,TR,זית שחור טבעי תומר 4,גרמים,400.00,100 גרם,false,,16.90,0.0422,true,1,25204
7290017062693,false,מרכך כביסה מרוכז לבן 1*5 ליטר טאצ,סאסאטק,IL,מרכך כביסה מרוכז טאצ,ליטרים,1.00,ליטר,false,,13.90,13.9000,true,1,113594
7290017062754,false,"נ.כלים 36% לימון טאצ' +משאבה 750 מ""ל",,IL,נוזל כלים לימון 36%,מיליליטרים,750.00,"100 מ""ל",false,,9.90,0.0132,true,1,106031
7290017065007,false,פרוסות גבינה מוצרלה חצי קשה 22% שומן 200 ג' גד,מחלבות גד בעמ,IL,מוצרלה פרוסה חצי קש,גרמים,200.00,100 גרם,false,,21.30,0.1065,true,1,14718
7290017065137,false,ריקוטה למריחה 5% טבעית 200 גרם - רובין,האי נאם סי או אל.טי.,IL,גבינה ריקוטה למריחה,גרמים,200.00,100 גרם,false,,12.30,0.0615,true,1,14721
7290017065236,false,גבינה בולגרית מעודנת 24% גד 250 גרם,הנסיך- מפעל לייצור ט,IL,בולגרית מעודנת 24% 2,גרמים,250.00,100 גרם,false,,25.60,0.1024,true,1,14728
7290017088068,false,בייביסיטר - חיתולי סטנדרט מידה 4 - 42 יח',די.פי.אל תעשיות מוצרים ח,IL,חיתולי ביייביסיטר סט,יח',42.00,יח',false,,37.90,0.9024,true,1,292804
7290017088082,false,בייביסיטר - חיתולי סטנדרט מידה 5 - 36 יח',די.פי.אל תעשיות מוצרים ח,IL,חיתולי ביייביסיטר סט,יח',36.00,יח',false,,37.90,1.0528,true,1,292806
7290017088099,false,בייביסיטר - חיתולי סטנדרט מידה 6 - 30 יח',די.פי.אל תעשיות מוצרים ח,IL,חיתולי ביייביסיטר סט,יח',34.00,יח',false,,37.90,1.1147,true,1,292807
7290017088143,false,טיטלי בייביסיטר מידה 6 30 יח,די.פי.אל תעשיות מוצר,IL,ביייביסיטר נוחות מיד,יח',40.00,יח',false,,34.90,0.8725,true,1,29561
7290017088693,false,קוויק מטליות לחות לניקוי וחיטוי רצפות ניחוח לוונדר 10 יחידות,די.פי.אל,IL,מגבונים לניקוי וחיטו,יח',10.00,יח',false,,11.90,1.1900,true,1,29563
7290017088839,false,BREEZE תחבושות לבריחת שתן אקסטרה פלוס (8 יח'),ניאופארם,IT,תחבושות Breeze לבריח,יח',12.00,יח',false,,19.90,1.6583,true,1,149570
7290017088914,false,מגבונים בייביסיטר מבושם 66X6 יח',די.פי.אל,IL,מגבונים מבושם בייביס,יחידה,0.00,יחידה,false,,17.90,0.0000,true,1,98647
7290017088969,false,חיתולי בייביסיטר ניו בורן מידה 1 42 יח',די.פי.אל תעשיות מוצרים ח,IL,חיתולי בייביסיטר NB,יחידה,0.00,יחידה,false,,30.90,0.0000,true,1,198600
7290017088983,false,חיתולי בייביסיטר ניו בורן מידה 2 38 יחי',די.פי.אל תעשיות מוצרים ח,IL,חיתולי בייביסיטר NB,יחידה,0.00,יחידה,false,,30.90,0.0000,true,1,198601
7290017094830,false,סלט גזר ברוטב פיקנטי אסלי שמיר 400 ג',"סלטי שמיר 2006 בע""מ",IL,סלט גזר ברוטב פיקנטי,גרמים,400.00,100 גרם,false,,12.90,0.0323,true,1,17826
7290017094847,false,סלט תפוחי אדמה אסלי שמיר 400 ג',"סלטי שמיר 2006 בע""מ",IL,סלט תפוח אדמה אסלי 4,גרמים,400.00,100 גרם,false,,10.90,0.0273,true,1,17827
7290017094854,false,סלט קולסלאו אסלי שמיר 400 ג',"סלטי שמיר 2006 בע""מ",IL,סלט קולסאו אסלי 400,גרמים,400.00,100 גרם,false,,10.90,0.0273,true,1,17665
7290017094861,false,חומוס עם רוטב מסבחה אסלי שמיר 400 ג',"סלטי שמיר 2006 בע""מ",IL,חומוס עם רוטב מסבחה,גרמים,400.00,100 גרם,false,,10.90,0.0273,true,1,17828
7290017105062,false,גרגירי חומוס שלם יכין הקטניה הטובה 200 ג,היינץ צפון אמריקה מק,IL,חומוס 6OZ יכין 200 ג,גרמים,200.00,100 גרם,false,,4.90,0.0245,true,1,8751
7290017105086,false,שימורי יכין שעועית צילי 200 גר,"זנלכל בע""\מ",IL,שעועית צ'ילי 6OZ יכי,גרמים,200.00,100 גרם,false,,4.90,0.0245,true,1,8753
7290017105468,false,מארז שלישייה אפונה קטנה יכין 3*200 גר,קשקמט קונסרב הונגריה,IL,אפונה יכין 3*120 גרם,גרמים,360.00,100 גרם,false,,14.90,0.0414,true,1,8760
7290017105550,false,רביעיית רסק עגבניות 100% יכין 4X100 גרם,היינץ צפון אמריקה מק,IL,מאגדת רסק עגבניות יכ,גרמים,400.00,100 גרם,false,,11.90,0.0298,true,1,8761
7290017105895,false,גרגרי חומוס להכנת חומוס משובח יכין 560 ג,זנלכל,IL,גרגרי חומוס מסעדות י,גרמים,550.00,100 גרם,false,,10.90,0.0198,true,1,83865
7290017106069,false,"קוביות סלק יכין, 550 גרם",היינץ צפון אמריקה מק,IL,קוביות סלק יכין 550,גרמים,550.00,100 גרם,false,,10.90,0.0198,true,1,63613
7290017142128,false,"שמן זית כתית מעולה קלאסי עץ הזית 750 מ""ל",שמן תעשיות בעמ,IT,שמן זית כתית מעולה ק,מיליליטרים,750.00,"100 מ""ל",false,,35.90,0.0479,true,1,29369
7290017142180,false,פילה פרוס ושמן זית בנגיעות טעם לימון ופלפל שחור,"יוניקורד ח.צ בע""מ",TH,פילה טונה פרוס זית ל,גרמים,120.00,100 גרם,false,,15.90,0.1325,true,1,29372
7290017142203,false,"פילה טונה פרוס עם שמן זית בטעם מעושן 120 גרם ""עץ הזית""","יוניקורד ח.צ בע""מ",TH,פילה טונה פרוס עם בש,גרמים,120.00,100 גרם,false,,15.90,0.1325,true,1,29373
7290017142395,false,"LUNCH TO GO פסטה עם טונה בשמן זית 160 גרם ""עץ הזית""",יוניקורד ח.צ בעמ,TH,פסטה עם טונה בשמן זי,גרמים,160.00,100 גרם,false,,14.90,0.0931,true,1,29387
7290017142401,false,"LUNCH TO GO קינואה לבנה ואדומה טונה בשמן זית 160 גרם ""עץ הזית""",ג'נרל מילס סאן אדריא,TH,קינואה לבנה ואדומה ע,גרמים,160.00,100 גרם,false,,14.90,0.0931,true,1,100887
7290017217321,false,נרות חימום ריחניים בניחות לוונדר 50יח',הוסטס,CN,נרות חימום ריחניים ב,יחידה,0.00,יחידה,false,,13.90,0.0000,true,1,298402
7290017232225,false,לחם גלילי מופחת פחמימות איטסיין 450 גרם,דבידוביץ,IL,לחם eatsane גלילי 45,גרמים,450.00,100 גרם,false,,24.90,0.0553,true,1,348082
7290017266060,false,וופל קראנצ`מילוי קרם בטעם שוקולד 175 גר,גילרו,IL,וופל שוקו בלגי ללא ס,גרמים,175.00,100 גרם,false,,8.90,0.0509,true,1,41409
7290017266725,false,מארז וופל במילוי קרם בטעם שוקולד 12 גרם*40 יח',"גילרו בע""מ",IL,חטיף וופל קראנצ' במ,גרמים,480.00,100 גרם,false,,17.90,0.0373,true,1,107003
7290017289588,false,אינספייר בלנד לבן יבש 750 מל,יקב טפרברג 1870 בעמ,IL,אינספייר בלנד לבן יב,מיליליטרים,750.00,"100 מ""ל",false,,74.90,0.0999,true,1,296690
7290017304519,true,חלה חצי מתוקה ארוזה,,,חלה חצי מתוקה ארוזה,גרמים,500.00,100 גרם,false,,16.90,0.0338,true,1,67104
7290017304885,false,לחם שיפון מחיטה מלאה ללא תוספת סוכר 750 ג' אנג'ל,מאפיית שלמה א. אנג'\ל בע,IL,לחם שיפון וחיטה מלאה,גרמים,750.00,100 גרם,false,,17.90,0.0239,true,1,35509
7290017457574,false,כדוריות סבון נתלה לאסלה בניחוח פרחים - 3 יח',הנקל סוד,RS,סוד סבון 4 כדוריות ל,גרמים,150.00,100 גרם,false,,21.90,0.1460,true,1,34927
7290017457581,false,"סוד מרכך כביסה מרוכז קוקוס 900 מ""ל",הנקל סוד,IL,מרכך כביסה מרוכז סוד,מיליליטרים,900.00,"100 מ""ל",false,,13.90,0.0154,true,1,34928
7290017457734,false,"סוד ורוד מרכך כביסה מרוכז20%+בישום 900 מ""ל",הנקל סוד,IL,מרכך כביסה מרוכז סוד,מיליליטרים,900.00,"100 מ""ל",false,,13.90,0.0154,true,1,34938
7290017477558,false,"שמן זית כתית מעולה אספניולה 750 מ""ל",,ES,שמן זית כתית מעולה ל,מיליליטרים,750.00,"100 מ""ל",false,,34.90,0.0465,true,1,67577
7290017589633,false,"רזרב גולד אדישיין קברנה סוביניון 750 מ""ל",יקבי ברקן Barkan,IL,יין רזרב קברנה גולד,מיליליטרים,750.00,"100 מ""ל",false,,49.90,0.0665,true,1,9557
7290017599229,false,ממתיק סוכרלוז 200 טבליות סוכרזית,"סוכרזית בע""מ",IL,סוכרזית סוכרלוז 200,גרמים,17.00,100 גרם,false,,24.90,1.4647,true,1,233478
7290017599250,false,סוכרזית קלאסי 120 שקיות,ביסקול בע''מ,IL,סוכרזית קלאסי ממתיק,גרמים,120.00,100 גרם,false,,16.90,0.1408,true,1,315446
7290017617046,false,נתחי טונה בשמן זית כתית מעולה רביעיה * 140 ג',סטארקיסט,TR,טונה בשמן זית סטארקי,גרמים,560.00,100 גרם,false,,29.90,0.0534,true,1,26714
7290017617084,false,סטארקיסט מיקס טוגו טונה עם שעועית 185 גרם,דרדנל אוננטאס גידה,TR,סטארקיסט מיקס 185 גר,גרמים,185.00,100 גרם,false,,13.90,0.0751,true,1,211179
7290017617107,false,סטארקיסט מיקס טוגו טונה עם 4 דגנים 185 גרם,"איטיליאן פוד, אס.פי.",TR,סטארקיסט מיקס 185 גר,גרמים,185.00,100 גרם,false,,13.90,0.0751,true,1,205012
7290017637617,false,מסיכת הזנה לשיער מיקי בוגנים 250 מל,סאסא קוסמטיקס,IL,מסיכת הזמנה לשיער MB,מיליליטרים,250.00,"100 מ""ל",false,,29.90,0.1196,true,1,276382
7290017682099,false,מקל מטאטא טיטניוום,,,מקל טיטניום 1.3 מטר,יחידה,0.00,יחידה,false,,5.90,0.0000,true,1,51946
7290017682617,false,"מגב 40 ס""מ עם תפס להצמדה סחבה",,CN,מגב קלינג CLING עם ת,יחידה,0.00,יחידה,false,,15.90,0.0000,true,1,13587
7290017715346,false,זית שחור טאסוס 400 גרם,מסנוי גידה רעהס,TR,זית שחור טאסוס תומר,גרמים,400.00,100 גרם,false,,16.90,0.0422,true,1,25216
7290017724126,false,עוגיות טחינה אקלר 250 גרם,אקלר,IL,עוגיות טחינה אקלר 25,גרמים,250.00,100 גרם,false,,24.90,0.0996,true,1,237829
7290017746128,false,מיני פיתות קלאסי50*10 גר,מאפיית דוידוביץ ובני,IL,פיתות ביס 10 יח' מאפ,גרמים,500.00,100 גרם,false,,12.90,0.0258,true,1,348530
7290017746135,false,מארז 10 פיתות ביס כוסמין,מאפיית דוידוביץ ובני,IL,10 מיני פיתות כוסמין,גרמים,500.00,100 גרם,false,,13.90,0.0278,true,1,348677
7290017746197,false,לחמניות המבורגר 6יחידות,מאפיית דוידוביץ ובניו בע,IL,6 לחמניות המבורגר מא,גרמים,600.00,100 גרם,false,,16.90,0.0282,true,1,348414
7290017812571,false,מיץ ענבים תירוש אדום 100% טבעי כרמל 1 ליטר,יקבי כרמל Carmel Winery,IL,תירוש מיץ ענבים אדום,ליטרים,1.00,ליטר,false,,22.90,22.9000,true,1,53331
7290017812588,false,מיץ ענבים תירוש לבן 100% טבעי כרמל 1 ליטר,יקבי כרמל Carmel Winery,IL,תירוש מיץ ענבים לבן,ליטרים,1.00,ליטר,false,,22.90,22.9000,true,1,53565
7290017812595,false,"יין ישן נושן לייט כרמל 3.5% אלכוהל 750 מ""ל",יקבי כרמל Carmel Winery,IL,יין ישן נושן לייט 75,מיליליטרים,750.00,"100 מ""ל",false,,20.90,0.0279,true,1,69764
7290017812618,false,מיץ ענבים תירוש אדום רוזה כרמל 1 ליטר,כרמל מזרחי,IL,מיץ ענבים רוזה תירוש,ליטרים,1.00,ליטר,false,,22.90,22.9000,true,1,69765
7290017816005,false,בייגלה כוסמין שמיניות שומשום 300 גר,יוליניבר,IL,בייגלה כוסמין בתוספת,גרמים,300.00,100 גרם,false,,16.90,0.0563,true,1,229515
7290017816012,false,קרם קרקר כוסמין מקור הכוסמין 250 גר,מגדנית הדר,IL,קרם קרקר מקור הכוסמי,גרמים,250.00,100 גרם,false,,15.90,0.0636,true,1,229516
7290017864594,false,שיני שום קלופים רמי,,,שיני שום צנצנת,גרמים,140.00,100 גרם,false,,9.90,0.0707,true,1,77694
7290017872056,false,פמלי אל סבון 3*1 הסדרה הלבנה-מעורב 500 גרם*3,אברנסל קוסמטיקס,TR,פמלי אל סבון סידרה ל,מיליליטרים,500.00,"100 מ""ל",false,,16.90,0.0338,true,1,76743
7290017872070,false,מארז מגבונים לחים בניחוח מרענן פרש וואנס שלישייה,"ווטנפס בע""\מn\",IL,פרשוואנס מגבונים מאר,יחידה,0.00,יחידה,false,,13.90,0.0000,true,1,287384
7290017873008,false,גלילונית הקפאה זוג 275 יחידות,"אשפלסט תעשיות בע""מ",IL,גלילונית שקיות רב שי,יחידה,0.00,יחידה,false,,16.90,0.0000,true,1,212804
7290017873039,false,מארז זוג שקיות לסנדוויץ גלילונית 2*160 יח',"קינג באג בע""מ",TH,גלילונית שקיות אוכל,יחידה,0.00,יחידה,false,,13.00,0.0000,true,1,212818
7290017888095,false,"רביעיית פחיות שוופס מוגז עדין פירות יער 330 מ""ל.",יפאורה תבורי בעמ,IL,רביעיית מ.עדין שוופס,ליטרים,1.32,ליטר,false,,11.90,9.0152,true,1,11770
7290017888729,false,שוופס סודה בקבוק 1 ל',"יפאורה תבורי בע""\מ",IL,שוופס סודה 1 ליטר,ליטרים,1.00,ליטר,false,,4.50,4.5000,true,1,71238
7290017888972,false,בקבוק מי עדן פקק ספורט 1 ליטר,"מופק ממקור בזלתי עדן ,1",IL,מי עדן פקק ספורט 1 ל,ליטרים,1.00,ליטר,false,,4.90,4.9000,true,1,76399
7290017928036,false,מקלות גריסיני שומשום מאיר בייגל 175 גרם,מאיר את בייגל,IL,מקלות גריסיני שומשום,גרמים,175.00,100 גרם,false,,11.90,0.0680,true,1,5348
7290017928661,false,מאיר בייגל -סמאש-שבורים בטעם צ'דר 300 גרם,מאיר בייגל,BG,שברי בייגלה בטעם צ'ד,גרמים,300.00,100 גרם,false,,13.90,0.0463,true,1,123327
7290017928821,false,מקלות גריסיני קלאסי מאיר בייגל 200 גרם,מאיר את בייגל,IL,מקלות גריסיני קלאסי,גרמים,200.00,100 גרם,false,,11.90,0.0595,true,1,5365
7290017941172,false,כפות עבות 100 יח' ק,,,כפות עבות 100 יח' ק,יחידה,0.00,יחידה,false,,12.90,0.0000,true,1,133746
7290017941288,false,נר נשמה 24 שעות,,,נר נשמה 24 שעות,יחידה,0.00,יחידה,false,,2.50,0.0000,true,1,168414
7290017941370,false,להבונים 50 יח' 3 שעו,,,להבונים 50 יח' 3 שעו,יחידה,0.00,יחידה,false,,10.90,0.0000,true,1,168431
7290017941455,false,כוסות 9oz לשתיה חמה,,,כוסות 9oz לשתיה חמה,יחידה,0.00,יחידה,false,,14.90,0.0000,true,1,144556
7290017941462,false,50 כוסות שתייה חמה 8B,,,כוסות שתיה חמה 8B י,יחידה,0.00,יחידה,false,,10.90,0.0000,true,1,136672
7290017941653,false,שקיות אשפה לפחים קטנ,,,שקיות אשפה לפחים קטנ,יחידה,0.00,יחידה,false,,9.90,0.0000,true,1,159930
7290017941677,false,WIZ מארז תבניות רוסטר בנוני 3 יח',,,מארז תבניות רוסטר בנ,יחידה,0.00,יחידה,false,,14.90,0.0000,true,1,128788
7290017941691,false,מפת שולחן מהודרת 270,,,מפת שולחן מהודרת 270,יחידה,0.00,יחידה,false,,9.90,0.0000,true,1,168446
7290017941790,false,ניילון נצמד 30*30 עם,,,ניילון נצמד 30*30 עם,מטרים,30.00,מטר,false,,9.90,0.3300,true,1,168432
7290017941912,false,"WIZ! שיפודי במבוק עובי 5 מ""מ 80 יח'",,,שיפודי במבוק עובי 5,יחידה,0.00,יחידה,false,,6.90,0.0000,true,1,131594
7290017941929,false,"שיפודי יקטורי 18 ס""מ",,,"שיפודי יקטורי 18 ס""מ",יחידה,0.00,יחידה,false,,7.90,0.0000,true,1,131610
7290017941943,false,שיפודי במבוק עובי 3,,,שיפודי במבוק עובי 3,יחידה,0.00,יחידה,false,,3.50,0.0000,true,1,131595
7290017941981,false,כוסות 12OZ לשתייה חמ,,,כוסות 12OZ לשתייה חמ,יחידה,0.00,יחידה,false,,17.90,0.0000,true,1,256732
7290017947105,false,לחם אנג'ל בסגנון אמריקה 500 גרם,מאפיית שלמה א. אנג'\ל בע,IL,לחם בסגנון אמריקה אנ,גרמים,500.00,100 גרם,false,,15.90,0.0318,true,1,35510
7290017947464,false,שמיניית פיתות כוסמין אנג'ל 8*50 גרם,מאפיית שלמה א.אנג'\ל בע\,IL,שמיניית פיתות כוסמין,גרמים,400.00,100 גרם,false,,17.90,0.0447,true,1,95906
7290017947495,false,6 לחמניות כוסמין 450 גרם אנג'ל,מאפיית שלמה א.אנג'\ל,IL,6 לחמניות כוסמין אנג,גרמים,450.00,100 גרם,false,,16.90,0.0376,true,1,110820
7290017947891,false,לחם אנג'ל כוסמין וחיטה מלאה 750 גרם,מאפיית שלמה א. אנג'\ל בע,IL,לחם כוסמין וחיטה מלא,גרמים,750.00,100 גרם,false,,17.90,0.0239,true,1,35511
7290017947938,false,מיני לחמניות המבורגר בסגנון אמריקה 400 ג' אנג'ל,מאפיית שלמה א. אנג'\ל בע,IL,8 לחמניות המבורגר בס,גרמים,4000.00,100 גרם,false,,15.90,0.0040,true,1,111352
7290018043196,false,פראוד - חטיף חלבון בטעם שוקולד לבן עוגיות 60 גרם,הרת'סייד פוד סולושיי,NL,חטיף חלבון בטעם שוקו,גרמים,60.00,100 גרם,false,,13.90,0.2317,true,1,260674
7290018098493,false,פיצה זיתים מקמח כוסמין טבעוני 350 גרם פרווה,"אופק מן הטבע בע""\מ",IL,פיצה משפחתית זיתים 3,גרמים,350.00,100 גרם,false,,22.90,0.0654,true,1,289217
7290018156124,false,"אל סבון קמיל צבעוני ד""ר פישר שלישיה* 500 מ""ל",פישר תעשיות,IL,"אל סבון קמיל 500 מ""ל",ליטרים,1.50,ליטר,false,,21.90,14.6000,true,1,117260
7290018165560,false,תירוש לבן של סגל 1 ליטר,יינות סגל,IL,תירוש לבן של סגל 1 ל,ליטרים,1.00,ליטר,false,,13.90,13.9000,true,1,250934
7290018225943,false,"פלטה לשבת 4 סירים """,,,"פלטה לשבת 4 סירים """,יחידה,0.00,יחידה,false,,169.90,0.0000,true,1,132907
7290018237373,false,עוף טוב פסטרמה צרובה על הגריל נתח שלם 8*300 גרם,מוצרי עוף טוב (2001) בע\,IL,פסטרמה צרובה על הגרי,גרמים,300.00,100 גרם,false,,28.90,0.0963,true,1,167425
7290018237397,false,עוף טוב פסטרמה מקורמלת נתח שלם 8*300 גרם,מוצרי עוף טוב (2001) בע\,IL,פסטרמה מקורמלת נתח ש,גרמים,300.00,100 גרם,false,,28.90,0.0963,true,1,167426
7290018237410,false,עוף טוב פסטרמה במעשנה נתח שלם 8*300 גרם,מוצרי עוף טוב (2001) בע\,IL,פסטרמה במעשנה נתח של,גרמים,300.00,100 גרם,false,,28.90,0.0963,true,1,167427
7290018237502,false,עוף טוב כתף בקר דק-דק 200 גרם,"עוף טוב (שאן) בע""מ",IL,עוף טוב דק דק כתף בק,גרמים,200.00,100 גרם,false,,21.90,0.1095,true,1,218466
7290018237922,false,שניצלונים ציפוי צ'יפס עוף טוב 700 גרם,מוצרי עוף טוב (2001) בע\,IL,שניצלונים ציפוי ציפס,גרמים,700.00,100 גרם,false,,21.90,0.0313,true,1,294132
7290018249222,false,ממתיק סוויטנגו אבקה 100 ג',מתבל תעשיות מזון,IL,אבקה כמו סוכר 100 גר,קילוגרמים,100.00,"ק""ג",false,,14.90,0.1490,true,1,80448
7290018333044,false,"שלוקים-משקה קל בטעם ענבים קש 18 יח' 200 מ""ל","כרמית מזון בע""\מ",IL,שלוקים בטעם ענבים 20,גרמים,200.00,100 גרם,false,,22.90,0.1145,true,1,262905
7290018344125,false,חטיף חלבון אגוזי לוז קקאו טבע ירוק 50 גר,ממתקי השלום,IL,חטיף חלבון אגוזי לוז,גרמים,50.00,100 גרם,false,,10.90,0.2180,true,1,199742
7290018359112,false,יכין פאסאטה מחית עגבניות איטלקיות 690 ג',אמיליאנה קונסרב,IL,פאסאטה מחית עגבניות,גרמים,690.00,100 גרם,false,,9.90,0.0143,true,1,127258
7290018359495,false,תירס מהשדה בלי תוספת סוכר יכין 550 גרם,היינץ צפון אמריקה מק,IL,תירס מהשדה בלי תוספת,גרמים,550.00,100 גרם,false,,10.90,0.0198,true,1,100786
7290018359686,false,יכין חומוס גדול 550 גר A2,היינץ צפון אמריקה מק,IL,חומוס ענק יכין 550 ג,גרמים,550.00,100 גרם,false,,9.90,0.0180,true,1,184410
7290018359716,false,רוטב עגבניות פיצה טוסקנה 240 גרם יכין,"זנלכל בע""\מ",IL,רוטב פיצה טוסקנה יכי,גרמים,240.00,100 גרם,false,,6.50,0.0271,true,1,137178
7290018359877,false,רסק עגבניות טבעי יכין 200 גר*3,זנלכל,IL,רסק עגבניות טבעי יכי,גרמים,600.00,100 גרם,false,,17.90,0.0298,true,1,231967
7290018359945,false,רוטב עגבניות פיקנטי מפלפלים וירקות יכין 400 גרם,זנלכל,IL,חאריפה - רוטב פיקנטי,גרמים,400.00,100 גרם,false,,13.90,0.0348,true,1,292156
7290018359952,false,רוטב עגבניות לפסטה יכין 400 גרם,זנלכל,IL,רוטב עגבניות לפסטה י,גרמים,400.00,100 גרם,false,,13.90,0.0348,true,1,292157
7290018400234,false,חומוס לחומוס סנפרוסט 800 גרם,סנפרוסט,IL,חומוס לחומוס סנפרוסט,גרמים,800.00,100 גרם,false,,19.90,0.0249,true,1,129889
7290018400470,false,כרישה חתוכה מוקפאת 600 גרם סנפרוסט,"סנפרוסט בע""מ",IL,כרישה חתוכה קפואה סנ,גרמים,600.00,100 גרם,false,,14.90,0.0248,true,1,307600
7290018440223,false,תה צ'אי מסאלה 25 שקיקים ויסוצקי,תה ויסוצקי,IL,חווית הצ'אי- מסאלה ע,גרמים,50.00,100 גרם,false,,23.90,0.4780,true,1,203189
7290018440247,false,תה צ'אי שקדים0 25 שקיקים ויסוצקי,תה ויסוצקי,IL,חווית הצ'אי- שקדים 2,גרמים,50.00,100 גרם,false,,23.90,0.4780,true,1,203190
7290018440490,false,סלט טונה קאלוו עם קוסקוס 150 גר,"קאלוו קונסרבס ס.ל.יו. ,",ES,סלט טונה עם ירקות וק,גרמים,150.00,100 גרם,false,,15.90,0.1060,true,1,298172
7290018443835,false,שרי סוכריות פרמיום תקומה,,,עגבניות שרי לובלו ב,גרמים,500.00,100 גרם,false,,12.90,0.0258,true,1,249959
7290018468418,false,פסטרמה צמחונית טעם מפולפל 120 גרם טירת צבי,טיב טירת צבי 2000,IL,פסטרמה צמחונית מפולפ,גרמים,120.00,100 גרם,false,,15.90,0.1325,true,1,332849
7290018468432,false,נקניק טבעוני בטעם מעושן 100 גרם טירת צבי,טיב טירת צבי 2000,IL,נקניק טבעוני בטעם פי,גרמים,100.00,100 גרם,false,,15.90,0.1590,true,1,332833
7290018471210,false,קרטונית נקטר ספרינג תפוח סברס 1 ליטר,"יפאורה תבורי בע""\מ",IL,קרטונית אגס תפוח וסב,ליטרים,1.00,ליטר,false,,6.90,6.9000,true,1,134671
7290018471463,false,תפוזינה נקטר תפוז מנגו קרטונית 1 ליטר,"יפאורה תבורי בע""\מ",IL,נקטר תפוזינה ENJOY ב,ליטרים,1.00,ליטר,false,,6.90,6.9000,true,1,148710
7290018471470,false,תפוזינה נקטר תפוז פסיפלורה קרטונית 1 ליטר,"יפאורה תבורי בע""\מ",IL,נקטר תפוזינה ENJOY ב,ליטרים,1.00,ליטר,false,,6.90,6.9000,true,1,148711
7290018471494,false,תפוזינה משקה תפוז גזר קרטונית 1 ליטר,"יפאורה תבורי בע""\מ",IL,נקטר תפוזינה ENJOY ב,ליטרים,1.00,ליטר,false,,6.90,6.9000,true,1,148713
7290018471906,false,שוופס מוגז פירות לימונדה ורודה 1.5 ליטר פיקדון,"יפאורה תבורי בע""\מ",IL,שוופס מוגז לימונדה ו,ליטרים,1.50,ליטר,false,,9.50,6.3333,true,1,206649
7290018471913,false,משקה מוגז פירות תפוחים שוופס 1.5 ליטר,"יפאורה תבורי בע""\מ",IL,שוופס פרוטס תפוחים 1,ליטרים,1.50,ליטר,false,,9.50,6.3333,true,1,206663
7290018471920,false,שוופס מוגז פירות ענבים 1.5 ליטר פיקדון,"יפאורה תבורי בע""\מ",IL,שוופס ענבים מוגז 1.5,ליטרים,1.50,ליטר,false,,9.50,6.3333,true,1,206664
7290018471944,false,שוופס מוגז פירות לימונייד 1.5 ליטר פיקדון,"יפאורה תבורי בע""\מ",IL,שוופס מוגז למונייד 1,ליטרים,1.50,ליטר,false,,9.50,6.3333,true,1,206679
7290018471951,false,שוופס מוגז פירות אשכולית אדומה 1.5 ליטר פיקדון,"יפאורה תבורי בע""\מ",IL,שוופס פרוטס אשכולית,ליטרים,1.50,ליטר,false,,9.50,6.3333,true,1,206680
7290018493144,false,קמיל קלין &נוריש אל סבון מועשר בשמן ארגן 1 ליטר,פישר מעבדות פרמצבטיות,IL,אל סבון ארגאן סגול,ליטרים,1.00,ליטר,false,,16.90,16.9000,true,1,122037
7290018493977,false,קמיל לניקוי והרגעת העור מועשר בשיבולת שועל 1 ל',פישר מעבדות פרמצבטיות,IL,אל סבון ניקיון ולחות,ליטרים,1.00,ליטר,false,,16.90,16.9000,true,1,198947
7290018500361,false,"לחם שחור פרוס 900 גרם ""אנג'ל"" -מוצר בפיקוח",מאפיית שלמה א. אנג'\ל בע,IL,לחם אחיד פרוס מאפיית,גרמים,900.00,100 גרם,false,,8.32,0.0092,true,1,293597
7290018500385,true,חלה רגילה אנגל 650 ג,,,חלה רגילה אנגל 650 ג,גרמים,650.00,100 גרם,false,,6.50,0.0100,true,1,317533
7290018500392,true,חלה קלועה אנגל 650 ג,,,חלה קלועה אנגל 650 ג,גרמים,650.00,100 גרם,false,,6.50,0.0100,true,1,317518
7290018540329,false,שקית פיתה פיתה בלדי 800 ג' אנג'ל,מאפיית שלמה א. אנג'\ל בע,IL,פיתה פיתה אנגל 880 ג,יח',10.00,יח',false,,13.90,1.3900,true,1,125543
7290018564684,false,ממרח פסטו בזיליקום ואגוזים 200 גרם,,,ממרח פסטו בזיליקום ו,גרמים,200.00,100 גרם,false,,12.90,0.0645,true,1,250605
7290018571644,false,סוכריות ג'לי ללא סוכר מולטי ויטמין בשילוב תוספת ביוטין,מיה תעשיות מזון בעמ,IL,סוכריות קוסמטיקה מבו,גרמים,210.00,100 גרם,false,,39.90,0.1900,true,1,329428
7290018571736,false,אורז בסמטי הודי 1ק''ג,מיה,IL,"אורז בסמטי 1 ק""ג",קילוגרמים,1.00,"ק""ג",false,,12.90,12.9000,true,1,289117
7290018626061,false,צלחות גדולות 9 שקוף,,,צלחות גדולות 9 שקוף,יחידה,0.00,יחידה,false,,21.90,0.0000,true,1,128790
7290018626078,false,"צלחות קטנות ""7 שקוף",,,"צלחות קטנות ""7 שקוף",יחידה,0.00,יחידה,false,,11.90,0.0000,true,1,128791
7290018626283,false,פיצה מרגריטה אדום גר,,,פיצה מרגריטה 350 גרם,גרמים,350.00,100 גרם,false,,12.90,0.0369,true,1,173307
7290018626306,false,פיצה מרגריטה פיטריות,,,פיצה מרגריטה פיטריות,גרמים,400.00,100 גרם,false,,12.90,0.0323,true,1,178124
7290018626504,false,שקיות L שרוך 80 יח',,,שקיות L שרוך 80 יח',יחידה,0.00,יחידה,false,,24.90,0.0000,true,1,135555
7290018626535,false,שקיות נייר לכריכים 5,,,שקיות נייר לכריכים 5,יחידה,0.00,יחידה,false,,8.90,0.0000,true,1,140904
7290018626603,false,צימרונים לאוזנים לתי,,,צימרונים לאוזנים לתי,יחידה,0.00,יחידה,false,,4.90,0.0000,true,1,174086
7290018626900,false,מפיות תלת שכבתיות 20,,,מפיות תלת שכבתיות 20,יחידה,0.00,יחידה,false,,5.90,0.0000,true,1,190865
7290018626924,false,מפיות תלת שכבתיות 20,,,מפיות תלת שכבתיות 20,יחידה,0.00,יחידה,false,,5.90,0.0000,true,1,190867
7290018626948,false,מפיות תלת שכבתיות 20,,,מפיות תלת שכבתיות 20,יחידה,0.00,יחידה,false,,5.90,0.0000,true,1,190881
7290018626962,false,מפיות תלת שכבתיות 20,,,מפיות תלת שכבתיות 20,יחידה,0.00,יחידה,false,,5.90,0.0000,true,1,190883
7290018835029,false,מרק בטעם עוף פרווה 400 ג,תבליני מימון,IL,מרק בטעם עוף פרווה ת,גרמים,400.00,100 גרם,false,,15.90,0.0398,true,1,303938
7290018886175,false,כפיות עבות 50 יח' ש,,,כפיות עבות 50 יח' ש,יחידה,0.00,יחידה,false,,10.90,0.0000,true,1,174114
7290018886182,false,כפיות עבות 50 יח' ק,,,כפיות עבות 50 יח' ק,יחידה,0.00,יחידה,false,,10.90,0.0000,true,1,174115
7290018886243,false,WIZ כפות עבות קרם 50 יח',,,כפות עבות 50 יח' קר,יחידה,0.00,יחידה,false,,10.90,0.0000,true,1,174121
7290018893005,false,"חטיפי בייגלה אפוי בטעם חרדל ודבש, 160 גרם",צ'וקטה Chocketa,RO,בייגלה שטוח בתוספת ח,גרמים,200.00,100 גרם,false,,7.90,0.0395,true,1,220470
7290018893036,false,צ'וקטה ביסקוויט בטעם שוקוטלד במילוי קרם בטעם וניל 176 גרם,צ'וקטה Chocketa,ES,ביסקוויטי סנדוויץ בט,גרמים,176.00,100 גרם,false,,5.90,0.0335,true,1,229442
7290018893081,false,עוגות מגולגלות במילוי קרם חלבי וציפוי בטעם שוקולד,צ'וקטה Chocketa,IL,צ'וקטה מגולגלות חלב,גרמים,222.00,100 גרם,false,,9.90,0.0446,true,1,196204
7290018893098,false,צ'וקטה עוגויות ביסקוויט מצופה שוקולד חלב 100 גרם,דיסטרופר אוליבייר,ES,צ'וקטה עוגיות מצופות,גרמים,100.00,100 גרם,false,,7.90,0.0790,true,1,271549
7290018893258,false,צ'וקטה עוגות אישיות במילוי קרם קרמל ובציפוי בטעם שוקולד 300 גרם,פרדי קונדיטוריה אס.פ,IT,צ'וקטה עוגות אישיות,גרמים,300.00,100 גרם,false,,14.90,0.0497,true,1,178766
7290018893487,false,צ'וקטה עוגות אישיות עם קוקוס-מארז עשירייה,פרדי קונדטוריה אס פי,IT,צ'וקטה עוגות אישיות,גרמים,350.00,100 גרם,false,,14.90,0.0426,true,1,196207
7290018893654,false,חטיפי בייגלה דקיקים ופריכים מלח צ'וקטה 200 ג',צ'וקטה Chocketa,RO,צ'וקטה חטיף בייגלה ב,גרמים,200.00,100 גרם,false,,7.90,0.0395,true,1,196189
7290018893708,false,עוגיות סנדוויץ' במילוי קרם בטעם שוקולד,צ'וקטה Chocketa,ES,צ'וקטה עוגיות סנדביץ,גרמים,250.00,100 גרם,false,,7.90,0.0316,true,1,271551
7290018893807,false,צ'וקטה - שוקולד מריר שלישייה 3 * 100 גרם,אייברקקאו אס אי. יו,ES,מארז שוקולד מריר 60%,גרמים,300.00,100 גרם,false,,14.90,0.0497,true,1,229371
7290018893814,false,חמישיית שוקולד מריר 48% צ'וקטה 100 גרם,הדקלאים אגודת שיתופי,ES,צ'וקטה שוקולד 48% 5*,גרמים,500.00,100 גרם,false,,21.90,0.0438,true,1,204001
7290018893852,false,חטיפי בייגלה דקיקים ופריכים שומשום צ'וקטה 200 ג',צ'וקטה Chocketa,RO,צ'וקטה חטיף בייגלה ב,גרמים,200.00,100 גרם,false,,7.90,0.0395,true,1,196190
7290018894019,false,עוגות אישיות במילוי קרם חלבי ובציפוי קרם קקאו,בלקוני Balconi,IT,עוגות אישיות מיקס מק,גרמים,350.00,100 גרם,false,,15.90,0.0454,true,1,275763
7290018894071,false,צ'וקטה מארז סביבון לחנוכה,צ'וקטה Chocketa,IL,צ'וקטה מארז לחנוכה 2,גרמים,225.00,100 גרם,false,,16.90,0.0751,true,1,352679
7290018894217,false,עוגות אישיות במילוי קרם קקאו ובציפוי קרם קקאו,בלקוני Balconi,IT,עוגות אישיות מיקס מק,גרמים,350.00,100 גרם,false,,15.90,0.0454,true,1,275791
7290018894804,false,וופלים במילוי קרם אגוזי לוז - חלבי,בלקוני Balconi,IT,וופל במילוי קרם אגוז,גרמים,175.00,100 גרם,false,,8.90,0.0509,true,1,275820
7290018921067,false,"ד""ר פישר - אפקטיב קר תחליב רחצה שמן שקדים 700 מ""ל",פישר מעבדות פרמצבטיות בע,IL,תחליב רחצה לגוף מועש,מיליליטרים,700.00,"100 מ""ל",false,,17.90,0.0256,true,1,221176
7290018925065,false,מיץ פרימור תפוזים סחוט 2 ליטר-,"גניר (1992) בע""מ",IL,פרימור מיץ תפוזים סח,ליטרים,2.00,ליטר,false,,27.90,13.9500,true,1,214650
7290018925409,false,"מיץ לימון ואננס 400 מ""ל פרימור",קריות זול,IL,משקה קל לימון אננס פ,מיליליטרים,400.00,"100 מ""ל",false,,7.90,0.0197,true,1,307541
7290018989005,false,שלישיית פולפה עגבניות טבעי יכין 400X3 גרם,זנלכל,IL,פולפה טבעית יכין 3*,קילוגרמים,1.20,"ק""ג",false,,17.90,14.9167,true,1,231939
7290018989135,false,סירופ בטעם פטל יכין 1 ליטר,"זנלכל בע""\מ",IL,סירופ בטעם פטל יכין,יחידה,0.00,יחידה,false,,20.90,0.0000,true,1,292789
7290019014010,false,טאצ' נוזל רצפות לגונה 4 ליטר,,IL,נוזל רצפות לגונה טאצ,ליטרים,4.00,ליטר,false,,13.90,3.4750,true,1,228314
7290019014027,false,טאצ' נוזל רצפות בלוסום 4 ליטר,,IL,נוזל רצפות בלוסום טא,ליטרים,4.00,ליטר,false,,13.90,3.4750,true,1,225421
7290019031000,false,WIZ מארז חמישיית ניי,,,WIZ מארז חמישיית ניי,יחידה,0.00,יחידה,false,,11.90,0.0000,true,1,225716
7290019031079,false,תבנית R-29 מרובעת קט,,,תבנית R-29 מרובעת קט,יחידה,0.00,יחידה,false,,9.90,0.0000,true,1,250301
7290019031086,false,תבנית R-31 גדולה 7 י,,,תבנית R-31 גדולה 7 י,יחידה,0.00,יחידה,false,,9.90,0.0000,true,1,250302
7290019031109,false,תבנית R-88 אינגליש 1,,,תבנית R-88 אינגליש 1,יחידה,0.00,יחידה,false,,9.90,0.0000,true,1,250304
7290019031185,false,כפפות לטקס 100 יח' M,,,כפפות לטקס 100 יח' M,יחידה,0.00,יחידה,false,,32.90,0.0000,true,1,240595
7290019031215,false,כוסות 10OZ לשתייה חמ,,,כוסות 10OZ לשתייה חמ,יחידה,0.00,יחידה,false,,10.90,0.0000,true,1,256690
7290019031307,false,לפתניות לבנות 25 יח',,,לפתניות לבנות 25 יח',יחידה,0.00,יחידה,false,,6.90,0.0000,true,1,244854
7290019031314,false,קערות אובליות לבנות,,,קערות אובליות לבנות,יחידה,0.00,יחידה,false,,7.90,0.0000,true,1,244855
7290019031321,false,"מרקיות 7"" לבנות 25 י",,,"מרקיות 7"" לבנות 25 י",יחידה,0.00,יחידה,false,,10.90,0.0000,true,1,244869
7290019031352,false,"צלחות ענקיות 10"" לבנ",,,"צלחות ענקיות 10"" לבנ",יחידה,0.00,יחידה,false,,24.90,0.0000,true,1,244884
7290019031369,false,"צלחות גדולות 9"" קרם",,,"צלחות גדולות 9"" קרם",יחידה,0.00,יחידה,false,,15.90,0.0000,true,1,244885
7290019031376,false,סבון ידיים אוקיינוס,,,סבון ידיים אוקיינוס,ליטרים,1.00,100 ליטר,false,,10.90,10.9000,true,1,244824
7290019031390,false,סבון ידיים אביבי 1 ל,,,סבון ידיים אביבי 1 ל,ליטרים,1.00,100 ליטר,false,,10.90,10.9000,true,1,244826
7290019031413,false,נייר טואלט לח שלישיי,,,נייר טואלט לח שלישיי,יחידה,0.00,יחידה,false,,11.90,0.0000,true,1,256544
7290019031437,false,אשפתון 65X75 XL חזק,,,אשפתון 65X75 XL חזק,יחידה,0.00,יחידה,false,,20.90,0.0000,true,1,269635
7290019031482,false,WIZ צלחות מתכלות קטנ,,,WIZ צלחות מתכלות קטנ,יחידה,0.00,יחידה,false,,8.90,0.0000,true,1,306331
7290019031598,false,מארז 5 מכלים + מכסים,,,מארז 5 מכלים + מכסים,ליטרים,0.50,ליטר,false,,10.90,21.8000,true,1,251067
7290019031604,false,מארז 5 מכלים + מכסים,,,מארז 5 מכלים + מכסים,ליטרים,1.00,ליטר,false,,10.90,10.9000,true,1,251081
7290019031611,false,מארז 4 מכלים + מכסים,,,מארז 4 מכלים + מכסים,ליטרים,1.00,ליטר,false,,10.90,10.9000,true,1,251123
7290019031659,false,WIZ צלחות גדולות  שק,,,WIZ צלחות גדולות  שק,יחידה,0.00,יחידה,false,,15.90,0.0000,true,1,306350
7290019031666,false,WIZ צלחות קטנות שקופ,,,WIZ צלחות קטנות שקופ,יחידה,0.00,יחידה,false,,10.90,0.0000,true,1,306365
7290019031673,false,"WIZ מרקיות שקופות 7""",,,"WIZ מרקיות שקופות 7""",יחידה,0.00,יחידה,false,,10.90,0.0000,true,1,306366
7290019031697,false,WIZ לפתניות שקופות 2,,,WIZ לפתניות שקופות 2,יחידה,0.00,יחידה,false,,6.90,0.0000,true,1,306368
7290019031840,false,WIZ מפות שולחן 6 יחי,,,WIZ מפות שולחן 6 יחי,יחידה,0.00,יחידה,false,,7.90,0.0000,true,1,354984
7290019056027,false,שוופס מוגז פירות תפוחים ללא סוכר 1.5 ליטר פיקדון,"יפאורה תבורי בע""\מ",IL,שוופס מוגז פירות תפו,ליטרים,1.50,ליטר,false,,8.90,5.9333,true,1,206694
7290019056034,false,שוופס מוגז פירות אננס ללא סוכר 1.5 ליטר פיקדון,"יפאורה תבורי בע""מ",IL,שוופס מוגז פירות אננ,ליטרים,1.50,ליטר,false,,8.90,5.9333,true,1,206695
7290019056041,false,שוופס מוגז פירות לימונייד ללא סוכר 1.5 ליטר פיקדון,"יפאורה תבורי בע""מ",IL,שוופס מוגז פירות ללא,ליטרים,1.50,ליטר,false,,8.90,5.9333,true,1,206709
7290019056058,false,שוופס מוגז עדין תפוח ליים 1.5 ליטר פיקדון,"יפאורה תבורי בע""\מ",IL,שוופס מוגז עדין תפוח,ליטרים,1.50,ליטר,false,,8.90,5.9333,true,1,206341
7290019056065,false,שוופס מוגז עדין פירות יער 1.5 ליטר פיקדון,"יפאורה תבורי בע""\מ",IL,שוופס מוגז עדין פירו,ליטרים,1.50,ליטר,false,,8.90,5.9333,true,1,206356
7290019056072,false,שוופס מוגז עדין אננס 1.5 ליטר פיקדון,"יפאורה תבורי בע""מ",IL,שוופס מוגז עדין אננס,ליטרים,1.50,ליטר,false,,8.90,5.9333,true,1,206371
7290019056089,false,שוופס מוגז עדין ענבי ריזלינג 1.5 ליטר פיקדון,"יפאורה תבורי בע""\מ",IL,שוופס מוגז עדין טעם,ליטרים,1.50,ליטר,false,,8.90,5.9333,true,1,206372
7290019056096,false,שוופס מוגז עדין אפרסק 1.5 ליטר פיקדון,"יפאורה תבורי בע""\מ",IL,שוופס מוגז עדין אפרס,ליטרים,1.50,ליטר,false,,8.90,5.9333,true,1,206388
7290019056133,false,שוופס סודה נענע ליים 1.5 ליטר בק' בודד,"יפאורה תבורי בע""\מ",IL,שוופס סודה נענע ליים,ליטרים,1.50,ליטר,false,,4.50,3.0000,true,1,206724
7290019056164,false,שוופס סודה 1.5 ליטר רביעייה פיקדון,"יפאורה תבורי בע""\מ",IL,שוופס סודה 4*1.5ליטר,ליטרים,6.00,ליטר,false,,12.50,2.0833,true,1,206223
7290019056232,false,משקה מוגז בטעם ליים מוחיטו 1.5 ל' שוופס,"יפאורה תבורי בע""\מ",IL,שוופס ליים מוחיטו 1.,ליטרים,1.50,ליטר,false,,9.50,6.3333,true,1,206389
7290019056249,false,שוופס מים בטעמים ענבים 1.5 ליטר פיקדון,"יפאורה תבורי בע""מ",IL,שוופס וואטר ענבים 1.,ליטרים,1.50,ליטר,false,,8.90,5.9333,true,1,206124
7290019056256,false,שוופס מים בטעמים תפוחים 1.5 ליטר פיקדון,"יפאורה תבורי בע""מ",IL,שוופס וואטר בטעם תפו,ליטרים,1.50,ליטר,false,,8.90,5.9333,true,1,206138
7290019056270,false,שוופס מים בטעמים פירות יער 1.5 ליטר פיקדון,"יפאורה תבורי בע""\מ",IL,שוופס וואטר פירות יע,ליטרים,1.50,ליטר,false,,8.90,5.9333,true,1,208498
7290019056300,false,משקה בטעם ביטר לימון 1.5 ל' שוויפס,"יפאורה תבורי בע""\מ",IL,שוופס ביטר לימון 1.5,ליטרים,1.50,ליטר,false,,12.50,8.3333,true,1,206753
7290019056324,false,שוופס טוניק 1.5 ליטר פיקדון,"יפאורה תבורי בע""\מ",IL,שוופס מי טוניק 1.5 ל,ליטרים,1.50,ליטר,false,,12.50,8.3333,true,1,206768
7290019056355,false,תפוזינה לימונדה MIX לימונענע 1.5 ליטר,"יפאורה תבורי בע""\מ",IL,תפוזינה לימונדה נענע,ליטרים,1.50,ליטר,false,,8.90,5.9333,true,1,205636
7290019056362,false,תפוזינה ענבים 1.5 ליטר פיקדון,"יפאורה תבורי בע""\מ",IL,תפוזינה ענבים 1.5 לי,ליטרים,1.50,ליטר,false,,8.90,5.9333,true,1,205753
7290019056379,false,תפוזינה תפוזים 1.5 ליטר פיקדון,"יפאורה תבורי בע""\מ",IL,תפוזינה תפוזים 1.5 ל,ליטרים,1.50,ליטר,false,,8.90,5.9333,true,1,205811
7290019056386,false,פתוזינה אשכולית 1.5 ליטר פיקדון,"יפאורה תבורי בע""\מ",IL,תפוזינה אשכוליות 1.5,ליטרים,1.50,ליטר,false,,8.90,5.9333,true,1,205829
7290019056393,false,תפוזינה תות בננה 1.5 ליטר פיקדון,"יפאורה תבורי בע""\מ",IL,תפוזינה תות בננה 1.5,ליטרים,1.50,ליטר,false,,8.90,5.9333,true,1,205845
7290019056409,false,תפוזינה מנגו 1.5 ליטר פיקדון,"יפאורה תבורי בע""\מ",IL,תפוזינה מנגו עסיסי 1,ליטרים,1.50,ליטר,false,,8.90,5.9333,true,1,205846
7290019056416,false,מיץ בטעם לימונדה ורודה 1.5 ל' תפוזינה,"יפאורה תבורי בע""\מ",IL,תפוזינה לימונדה 1.5,ליטרים,1.50,ליטר,false,,8.90,5.9333,true,1,205861
7290019056423,false,מיץ בטעם תפוח רענן 1.5ל' תפוזינה,"יפאורה תבורי בע""\מ",IL,תפוזינה תפוח רענן 1.,ליטרים,1.50,ליטר,false,,8.90,5.9333,true,1,205901
7290019056447,false,תפוזינה אשכוליות לייט 1.5 ליטר פיקדון,"יפאורה תבורי בע""\מ",IL,תפוזינה אשכוליות 1.5,ליטרים,1.50,ליטר,false,,8.90,5.9333,true,1,205955
7290019056461,false,מארז משקה בטעם קולה שישייה * 1.5 ל' אר.סי,"יפאורה תבורי בע""\מ",IL,אר.סי קולה 6*1.5 ליט,ליטרים,9.00,ליטר,false,,40.90,4.5444,true,1,206860
7290019056508,false,פרוט ווטר ענבים 1.5 ליטר פיקדון,"יפאורה תבורי בע""\מ",IL,פרוט ווטר ענבים 1.5,ליטרים,1.50,ליטר,false,,9.50,6.3333,true,1,206040
7290019056515,false,פרוט ווטר אננס 1.5 ליטר פיקדון,"יפאורה תבורי בע""\מ",IL,פרוט ווטר אננס 1.5 ל,ליטרים,1.50,ליטר,false,,9.50,6.3333,true,1,206081
7290019056522,false,פרוט ווטר תות 1.5 ליטר פיקדון,"יפאורה תבורי בע""\מ",IL,פרוט ווטר תות 1.5 לי,ליטרים,1.50,ליטר,false,,9.50,6.3333,true,1,206095
7290019056539,false,פרוט ווטר אפרסק 1.5 ליטר פיקדון,"יפאורה תבורי בע""\מ",IL,פרוט ווטר אפרסק 1.5,ליטרים,1.50,ליטר,false,,9.50,6.3333,true,1,206109
7290019056546,false,פרוט ווטר אבטיח 1.5 ליטר פיקדון,"יפאורה תבורי בע""\מ",IL,פרוט ווטר אבטיח 1.5,ליטרים,1.50,ליטר,false,,9.50,6.3333,true,1,206110
7290019056553,false,שישיית מים מינרלים עין גדי 2 ליטר,עין גדי מים מינרליים,IL,עין גדי מים מינרלים,ליטרים,12.00,ליטר,false,,13.70,1.1417,true,1,206932
7290019056560,false,עין גדי 2 ליטר בק' בודד פיקדון,עין גדי מיים מינרלים,IL,עין גדי מים מינרלים,ליטרים,2.00,ליטר,false,,3.90,1.9500,true,1,206946
7290019056584,false,משקה קל תפוזים ספרינג 1.5 ליטר,"יפאורה תבורי בע""\מ",IL,ספרינג תפוזים 1.5 לי,ליטרים,1.50,ליטר,false,,8.90,5.9333,true,1,205501
7290019056591,false,משקה קל ענבים ספרינג 1.5 ליטר,"יפאורה תבורי בע""\מ",IL,ספרינג ענבים 1.5 ליט,ליטרים,1.50,ליטר,false,,8.90,5.9333,true,1,205515
7290019056607,false,משקה קל תפוחים ספרינג 1.5 ליטר,"יפאורה תבורי בע""\מ",IL,ספרינג תפוחים 1.5 לי,ליטרים,1.50,ליטר,false,,8.90,5.9333,true,1,205516
7290019056614,false,משקה קל אפרסק ספרינג 1.5 ליטר,"יפאורה תבורי בע""\מ",IL,ספרינג אפרסק 1.5 ליט,ליטרים,1.50,ליטר,false,,8.90,5.9333,true,1,205530
7290019056621,false,משקה קל פירות טרופיים ספרינג 1.5 ליטר,"יפאורה תבורי בע""\מ",IL,ספרינג פירות טרופיים,ליטרים,1.50,ליטר,false,,8.90,5.9333,true,1,205531
7290019056638,false,משקה קל תות בננה ספרינג 1.5 ליטר,"יפאורה תבורי בע""\מ",IL,ספרינג תות בננה 1.5,ליטרים,1.50,ליטר,false,,8.90,5.9333,true,1,205547
7290019056645,false,משקה קל אגס תפוח סברס ספרינג 1.5 ליטר,"יפאורה תבורי בע""\מ",IL,ספרינג אגס סברס תפוח,ליטרים,1.50,ליטר,false,,8.90,5.9333,true,1,205548
7290019056652,false,משקה קל אננס בננה ספרינג 1.5 ליטר,"יפאורה תבורי בע""\מ",IL,ספרינג אננס בננה 1.5,ליטרים,1.50,ליטר,false,,8.90,5.9333,true,1,205617
7290019056669,false,משקה קל תפוחים דיאט ספרינג 1.5 ליטר,"יפאורה תבורי בע""\מ",IL,ספרינג תפוחים דיאט 1,ליטרים,1.50,ליטר,false,,8.90,5.9333,true,1,205618
7290019056676,false,משקה קל אשכולית אננס דיאט ספרינג 1.5 ליטר,"יפאורה תבורי בע""\מ",IL,ספרינג דיאט אשכוליות,ליטרים,1.50,ליטר,false,,8.90,5.9333,true,1,218519
7290019056720,false,קריסטל מיץ ענבים 2 ליטר פיקדון,"יפאורה תבורי בע""\מ",IL,קריסטל מיץ ענבים 2 ל,ליטרים,2.00,ליטר,false,,7.90,3.9500,true,1,206783
7290019056737,false,קריסטל מיץ אשכוליטרות 2 ליטר,"יפאורה תבורי בע""\מ",IL,קריסטל מיץ אשכוליות,ליטרים,2.00,ליטר,false,,7.90,3.9500,true,1,206784
7290019056744,false,קריסטל מיץ תפוזים 2 ליטר פיקדון,"יפאורה תבורי בע""\מ",IL,קריסטל מיץ תפוזים 2,ליטרים,2.00,ליטר,false,,7.90,3.9500,true,1,206798
7290019056751,false,קריסטל מיץ אשכוליות דיאט 2 ליטר פיקדון,"יפאורה תבורי בע""\מ",IL,קריסטל דיאט מיץ אשכו,ליטרים,2.00,ליטר,false,,7.20,3.6000,true,1,206799
7290019056768,false,קריסטל מיץ מנגו 2 ליטר פיקדון,"יפאורה תבורי בע""\מ",IL,קריסטל מיץ מנגו 2 לי,ליטרים,2.00,ליטר,false,,7.90,3.9500,true,1,206800
7290019056799,false,קריסטל מוגז אקזוטי 2 ליטר פיקדון,"יפאורה תבורי בע""\מ",IL,קריסטל אקזוטי 2 ליטר,ליטרים,2.00,ליטר,false,,7.90,3.9500,true,1,206829
7290019056805,false,קריסטל מוגז תפוחים 2 ליטר פיקדון,"יפאורה תבורי בע""\מ",IL,משקה מוגז קריסטל תפו,ליטרים,2.00,ליטר,false,,7.90,3.9500,true,1,206830
7290019056812,false,קריסטל מוגז מנטה 2 ליטר פיקדון,"יפאורה תבורי בע""\מ",IL,קריסטל מנטה 2 ליטר,ליטרים,2.00,ליטר,false,,7.90,3.9500,true,1,206831
7290019056829,false,קריסטל מוגז תפוזים 2 ליטר פיקדון,"יפאורה תבורי בע""\מ",IL,קריסטל תפוזים 2 ליטר,ליטרים,2.00,ליטר,false,,7.90,3.9500,true,1,206845
7290019056836,false,קריסטל מוגז תות 2 ליטר פיקדון,"יפאורה תבורי בע""\מ",IL,תות קריסטל 2 ליטר,ליטרים,2.00,ליטר,false,,7.90,3.9500,true,1,206846
7290019056843,false,קריסטל מוגז קולה 2 ליטר פיקדון,"יפאורה תבורי בע""\מ",IL,קריסטל קולה 2 ליטר,ליטרים,2.00,ליטר,false,,7.90,3.9500,true,1,206861
7290019056959,false,מי עדן 1.5 ליטר בק' בודד פיקדון,"מופק ממקור בזלתי עדן ,1",IL,מי עדן 1.5 ליטר,ליטרים,1.50,ליטר,false,,3.90,2.6000,true,1,218520
7290019056973,false,שישיית מי עדן 1.5 ליטר משפחתי,"מופק ממקור בזלתי עדן ,1",IL,מי עדן 6*1.5 ליטר,ליטרים,9.00,ליטר,false,,13.90,1.5444,true,1,206876
7290019153375,false,מיץ בטעם מוחיטו 1.5 ל' תפוזינה,"יפאורה תבורי בע""\מ",IL,תפוזינה מוחיטו 1.5 ל,ליטרים,1.50,ליטר,false,,8.90,5.9333,true,1,282019
7290019204008,false,עוף טוב פסטרמה ארבעה פלפלים 350 גרם,עיצובים 2020 (4.9),IL,פסטרמה ארבעה פלפלים,גרמים,350.00,100 גרם,false,,26.90,0.0769,true,1,314642
7290019232155,false,"חליטת ""לילה טוב"" קמומיל לבנדר ו25 שקיקים ויסוצקי",תה ויסוצקי,IL,לילה טוב חליטת קמומי,גרמים,37.50,100 גרם,false,,22.90,0.6107,true,1,351835
7290019232377,false,צאי וניל והל תה ויסוצקי חווית הצאי 25שק,תה ויסוצקי,IL,חווית הצ'אי- 25 שקי,גרמים,55.00,100 גרם,false,,23.90,0.4345,true,1,359461
7290019245001,false,שמן קנולה אלומות 1 ל,סקנולה,EE,שמן קנולה אלומות 1 ל,ליטרים,1.00,ליטר,false,,11.90,11.9000,true,1,268178
7290019267737,true,חלה וויזניץ 500 גרם,,,חלה וויזניץ 500 גרם,יח',1.00,יח',false,,17.90,17.9000,true,1,354701
7290019297239,false,צימוק חום 250 גרם ששון הקולה,"דין שיווק וקלייה בע""",,צימוק כהה 250 גרם,גרמים,250.00,100 גרם,false,,13.90,0.0556,true,1,4912
7290019297536,false,חמאת בוטנים עם שברי בוטנים שקדיה 510 גרם,דין שיווק,IN,חמאת בוטנים עם שברי,גרמים,510.00,100 גרם,false,,11.90,0.0233,true,1,4925
7290019297628,false,שקד טבעי בשקית ששון הקולה 150 גרם,"דין שיווק וקלייה בע""",IL,שקד טבעי 150 גרם ששו,גרמים,150.00,100 גרם,false,,13.90,0.0927,true,1,4932
7290019302315,false,"ייו buzz אבטיח מלון 750 מ""ל",יקבי כרמל,IL,יין באזז אבטיח ומלון,מיליליטרים,750.00,"100 מ""ל",false,,31.90,0.0425,true,1,295969
7290022005562,false,קריספ פירורי לחם שום 300 גרם מיימונס,א.ל ייצור ושיווק תבל,IL,פירורי לחם עם שום קר,גרמים,300.00,100 גרם,false,,7.90,0.0263,true,1,279787
7290055090801,false,כרמית שוקולד לבן ללא תוספת סוכר 85 גרם,"כרמית תעשיות ממתקים בע""\",IL,"חופשי שוקולד לבן לל""",גרמים,85.00,100 גרם,false,,6.90,0.0812,true,1,38846
7290100240137,false,"תרסיס ריחני למייבש כחול בדין 500 מ""ל","זוהר דליה, קיבוץ דליה, 1",IL,בדין תרסיס למייבש כב,מיליליטרים,500.00,"100 מ""ל",false,,18.90,0.0378,true,1,10438
7290100243671,false,"מרכך כביסה מרוכז אקסטרה כחול בדין 960 מ""ל",יוניליוור סנאיי וי טיקאר,TR,בדין אקסטרא כחול-960,מיליליטרים,960.00,"100 מ""ל",false,,15.90,0.0166,true,1,10453
7290100412459,false,קוויק מטליות לחות 99.9% לניקוי שירותים ומקלחות בריח לוונדר 50 יחידות,די.פי.אל,IL,מגבונים לניקוי וחיטו,יחידה,0.00,יחידה,false,,9.90,0.0000,true,1,29584
7290100570234,false,אביזרי מטבח,,,אביזרי מטבח,יחידה,0.00,יחידה,false,,12.90,0.0000,true,1,34270
7290100572702,false,אביזרי מטבח ב-11.00,,,אביזרי מטבח ב-11.00,יחידה,0.00,יחידה,false,,10.90,0.0000,true,1,34282
7290100573402,false,אביזרי מטבח,,,אביזרי מטבח,יחידה,0.00,יחידה,false,,14.90,0.0000,true,1,34285
7290100680650,false,מנה חמה נודלס-אטריות ירקות טעם תאילנדי אסם 76 ג',PUB FOODS PRESIDENT THAI,TH,מנה חמה נודלס תאילנד,גרמים,76.00,100 גרם,false,,6.90,0.0908,true,1,18809
7290100680711,false,פירורית זהב אסם זהב 350ג',עינת תעשיות מזון אגו,IL,אסם פירורית זהב 350,גרמים,350.00,100 גרם,false,,9.90,0.0283,true,1,18811
7290100680728,false,פירורית רגילה שקית 350 גרם,מיוצר עי קונדיטוריית,IL,פירורית רגילה שקית 3,גרמים,350.00,100 גרם,false,,8.90,0.0254,true,1,18812
7290100681138,false,מארז אפרופו חטיף תירס 3 יחידות,"אסם השקעות בע""\מ",IL,אפרופו מאח 3*50 גר',גרמים,150.00,100 גרם,false,,12.90,0.0860,true,1,18816
7290100681503,false,עסיס סירופ לימונענע דיאטטי 1 ליטר,בית-השיטה עסיס תעשיות מז,IL,סירופ דיאט לימונענע,ליטרים,1.00,ליטר,false,,16.90,16.9000,true,1,18818
7290100685068,false,אינסטנט פודינג בטעם וניל עם פצפוצי שוקולד אסם 110 גרם,"אסם תעשיות בע""מ",IL,אסם פדנג.אינס.ונל.פצ,גרמים,110.00,100 גרם,false,,6.50,0.0591,true,1,18832
7290100685136,false,"אבקת מרק בטעם עוף אסם 1 ק""ג","אסם השקעות בע""\מ",IL,מרק בטעם עוף אסם 1 ק,קילוגרמים,1.00,"ק""ג",false,,16.90,16.9000,true,1,18833
7290100685242,false,במבה מתוקה מחומרים טבעיים סרט 30 גרם,"אסם תעשיות בע""מ",IL,במבה מתוקה מחומרים ט,גרמים,30.00,100 גרם,false,,2.90,0.0967,true,1,18834
7290100685341,false,אבקת מרק טעם עוף זך רכיבים טבעיים אסם 400 גרם,"אסם השקעות בע""\מ",IL,מרק זך טעם עוף רכיבי,גרמים,400.00,100 גרם,false,,18.90,0.0472,true,1,18836
7290100689301,false,אבקת מרק בטעם עוף זך עדיף אסם 400 גרם,"אסם השקעות בע""\מ",IL,מרק בטעם עוף זך אסם,גרמים,400.00,100 גרם,false,,15.90,0.0398,true,1,18854
7290100700020,false,סוגת גריסי פנינה 500 גרם,האי נאם סי או אל.טי.,IL,סוגת גריסי פנינה 500,גרמים,500.00,100 גרם,false,,6.90,0.0138,true,1,17349
7290100700075,false,פירורי לחם מוזהבים סוגת 200 גרם,"סוגת תעשיות בע""\מ",IL,פירורי לחם מוזהבים ש,גרמים,200.00,100 גרם,false,,3.90,0.0195,true,1,17350
7290100700273,false,קינואה לבנה 500 ג סו,האי נאם סי או אל.טי.,IL,קינואה סוגת 500 גרם,גרמים,500.00,100 גרם,false,,15.90,0.0318,true,1,17353
7290100700310,false,"סוגת כוסמת סוגת 1ק""ג","סוגת תעשיות בע""מ",IL,כוסמת 1 ק'ג,קילוגרמים,1.00,"ק""ג",false,,15.90,15.9000,true,1,17355
7290100700334,false,קינואה לבנה 1 קג סוג,"סוגת תעשיות בע""מ",IL,סוגת קינואה 1קג,קילוגרמים,1.00,"ק""ג",false,,28.90,28.9000,true,1,17357
7290100700372,false,"סוגת אורז בסמטי מלא 1 ק""ג",האי נאם סי או אל.טי.,IL,אורז בסמטי מלא 1 ק'ג,קילוגרמים,1.00,"ק""ג",false,,10.00,10.0000,true,1,17359
7290100700396,false,"סוגת אורז יסמין קלאסי 1 ק""ג",האי נאם סי או אל.טי.,IL,סוגת אורז יסמין קלאס,קילוגרמים,1.00,"ק""ג",false,,12.90,12.9000,true,1,17361
7290100700402,false,"סוגת חומוס ענק 1 ק""ג",סוגת תעשיות בעמ,IL,חומוס ענק 1 ק'ג,קילוגרמים,1.00,"ק""ג",false,,20.90,20.9000,true,1,17362
7290100700587,false,"בורגול ""סוגת"" 500 גרם",האי נאם סי או אל.טי.,IL,סוגת בורגול 500 גר,גרמים,500.00,100 גרם,false,,6.90,0.0138,true,1,17367
7290100701157,false,"אורז להכנת סושי סוגת 1 ק""ג","סוגת תעשיות בע""\מ",IL,אורז סושי 1 קג,קילוגרמים,1.00,"ק""ג",false,,12.80,12.8000,true,1,17370
7290100701300,false,קינואה אדומה סוגת 500 גרם,"סוגת תעשיות בע""\מ",IL,סוגת קינואה אדומה 50,גרמים,500.00,100 גרם,false,,15.90,0.0318,true,1,17371
7290100701331,false,קמח רב תכליתי שטיבל קמח חיטה לבן בהיר,"שטיבל בע""\מ - טחנות קמח",IL,קמח רב תכליתי סוגת,קילוגרמים,1.00,"ק""ג",false,,7.90,7.9000,true,1,17373
7290100701348,false,"קמח שיפון מלא סוגת 1 ק""ג",טחנות קמח שטיבל באר,IL,קמח שיפון מלא סוגת,קילוגרמים,1.00,"ק""ג",false,,7.90,7.9000,true,1,17374
7290100701454,false,גרישה בורגול דק סוגת 500 גרם,"סוגת תעשיות בע""\מ",IL,גרישה 500 גרם,גרמים,500.00,100 גרם,false,,6.90,0.0138,true,1,17379
7290100702277,false,קוסקוס עבה סוגת 350 גרם,"אסיף תעשיות מזון בע""",IL,קוסקוס עבה סוגת 350,גרמים,350.00,100 גרם,false,,5.90,0.0169,true,1,17391
7290100702383,false,קמח תופח מס' 13 סוגת,"שטיבל בע""\מ - טחנות קמח",IL,"קמח תופח סוגת 1 ק""ג",קילוגרמים,1.00,"ק""ג",false,,7.90,7.9000,true,1,17395
7290100702611,false,פתיתים אפויים אורז סוגת 500 גרם,"אסיף תעשיות מזון בע""\מ",IL,פתיתים אפויים אורז ס,גרמים,500.00,100 גרם,false,,4.90,0.0098,true,1,17404
7290100702635,false,פתיתים אפויים כוכבים סוגת 500 גרם,"אסיף תעשיות מזון בע""",IL,פתיתים אפויים כוכבים,גרמים,500.00,100 גרם,false,,4.90,0.0098,true,1,17406
7290100702741,false,"סוכר חום בהיר בצנצנת סוגת 1 ק""ג",סוגת תעשיות בעמ,IL,סוכר חום בהיר בצנצנת,קילוגרמים,1.00,"ק""ג",false,,13.90,13.9000,true,1,17415
7290100703007,false,"עדשים שחורות בלוגה 500 גרם ""סוגת""",האי נאם סי או אל.טי.,IL,סוגת עדשים שחורות בל,גרמים,500.00,100 גרם,false,,8.90,0.0178,true,1,17434
7290100703625,false,קמח חיטה לבן ללא צורך בניפוי,"שטיבל בע""מ",IL,קמח לבן ללא ניפוי סו,קילוגרמים,1.00,"ק""ג",false,,8.50,8.5000,true,1,17461
7290100704141,false,סודה לשתייה 100 ג' סוגת,א.ל. ייצור ושיווק תב,IL,סוגת סודה לשתייה 100,גרמים,100.00,100 גרם,false,,2.90,0.0290,true,1,17484
7290100704615,false,סוכר לבן דק דק בצנצנת סוגת 500 גרם,"סוגת תעשיות בע""\מ",IL,סוכר לבן דק דק בצנצנ,גרמים,500.00,100 גרם,false,,8.50,0.0170,true,1,203039
7290100704622,false,סוכר דמררה דק דק בצנצנת סוגת 500 גרם,"סוגת תעשיות בע""\מ",IL,סוכר דמררה דק דק בצנ,גרמים,500.00,100 גרם,false,,8.50,0.0170,true,1,203040
7290100850909,false,דוריטוס נאצ'ו מקסיקני 70 גרם,"שטראוס פריטו ליי בע""\מ",IL,דוריטוס נאצו מקסיקני,גרמים,70.00,100 גרם,false,,3.90,0.0557,true,1,24180
7290100850916,false,דוריטוס חמוץ חריף מעודן 70 גרם כשר לפסח,"שטראוס פריטו ליי בע""\מ )",IL,דוריטוס חמוץ חריף 70,גרמים,70.00,100 גרם,false,,3.90,0.0557,true,1,24181
7290100850923,false,דוריטוס בטעם גריל 70 גרם,"שטראוס פריטו ליי בע""\מ )",IL,דוריטוס גריל 70 גרם,גרמים,70.00,100 גרם,false,,3.90,0.0557,true,1,24182
7290100850930,false,דוריטוס בטעם טבעי 70 גרם,"שטראוס פריטו ליי בע""\מ )",IL,דוריטוס טבעי 70 גרם,גרמים,70.00,100 גרם,false,,3.90,0.0557,true,1,24183
7290100858592,false,אבקת קקאו עלית שקית 150 ג',הנסיך- מפעל לייצור ט,IL,עלית קקאו 150ג,גרמים,150.00,100 גרם,false,,9.90,0.0660,true,1,22366
7290100858608,false,אבקת קקאו עלית שקית 500 ג',שטראוס קפה בי.ויn\.,IL,עלית קקאו 500ג,גרמים,500.00,100 גרם,false,,27.10,0.0542,true,1,22367
7290100921418,false,"הוואי - מרכך קרטין מחזק 700 מ""ל",תאי פרזידנט פוד פאבל,IL,מרכך קרטין מחזק הווא,מיליליטרים,700.00,"100 מ""ל",false,,10.90,0.0156,true,1,8144
7290100924464,false,כדוריות סבון נתלה לאסלה עם אקונומיקה - 3 יח',הנקל סוד,HU,סוד סבון 4 כדוריות ל,גרמים,150.00,100 גרם,false,,21.90,0.1460,true,1,34969
7290100924631,false,מרכך כביסה מרוכז לבגדי תינוקות ובעלי עור רגיש,"הנקל סוד בע""\מ",IL,מרכך כביסה סוד מרוכז,מיליליטרים,900.00,"100 מ""ל",false,,13.90,0.0154,true,1,34978
7290101110279,false,גלידת בליסימו בטעם שוקולד פאדג' פקאן,הגלידות של פלדמן,IL,בליסימו בטעם שוקולד,ליטרים,1.30,ליטר,false,,23.90,18.3846,true,1,139894
7290101111764,false,חטיף קראש בוטנים וקרמל,פלדמן,IL,חטיף קראש בוטנים וקר,גרמים,80.00,100 גרם,false,,9.50,0.1188,true,1,204099
7290101112440,false,שלגון אייס קפוצ'ינו - חלבי פלדמן,פלדמן,IL,גרניטה חלבי אייס קפו,גרמים,80.00,100 גרם,false,,3.50,0.0438,true,1,204100
7290101112600,false,גלידה בלסימו מילקשייק וניל מוקה 1.3 ל' פלדמן,גלידות פלדמן,IL,בליסימו בטעם מילקשיי,ליטרים,1.30,ליטר,false,,23.90,18.3846,true,1,139896
7290101112945,false,שלגון גרניטה תות פלדמן,פלדמן,IL,קרחון גרניטה תות 80,גרמים,80.00,100 גרם,false,,3.50,0.0438,true,1,204101
7290101113287,false,שלגון מילקבר לבן 85,פלדמן,IL,שלגון מילקבר לבן 85,גרמים,85.00,100 גרם,false,,8.90,0.1047,true,1,204057
7290101459880,false,נרות אותיות- יום הול,,,נרות אותיות- יום הול,יחידה,0.00,יחידה,false,,9.90,0.0000,true,1,32486
7290101486688,false,חטיף דגנים עם שוקולד ללא גלוטן וסוכר פרי 5*20 גרם,טבעית מוצרים מן הטבע בעמ,IL,פרי חטיפי בריאות מאר,גרמים,100.00,100 גרם,false,,18.00,0.1800,true,1,21573
7290101488323,false,ליידי ספיד סטיק - דאודורנט סטיק לאישה ללא סימן ירוק סטיק 65 גרם,ליידי ספיד סטיק Lady Speed Stick,US,דאו' ללא סימן ירוק ל,גרמים,65.00,100 גרם,false,,21.90,0.3369,true,1,21580
7290101551539,false,יוגורט PRO בטעם אפרסק 0% 20 גרם חלבון בגביע,"שטראוס בריאות בע""מ",IL,דנונה פרו 20 אפרסק 2,גרמים,200.00,100 גרם,false,,6.20,0.0310,true,1,23398
7290101551577,false,קוואקר שיבות שועל פחית מארז 2*500 גר',FRITO-LAY TRADING CO,GB,זוג קוואקר פחית שיבו,קילוגרמים,1.00,"ק""ג",false,,24.90,24.9000,true,1,24187
7290101551584,false,תפוצ'יפס קידס מארז 10 יח' * 20 ג',"שטראוס פריטו ליי בע""מ )פ",IL,מארז תפוצ'יפס קידס 1,גרמים,200.00,100 גרם,false,,14.90,0.0745,true,1,24188
7290101551638,false,חטיף צ'יטוס כאפה בטעם קטשופ - מארז 10 יח',"שטראוס פריטו ליי בע""מ )פ",IL,מארז צ'יטוס כאפה 10*,גרמים,200.00,100 גרם,false,,13.90,0.0695,true,1,24192
7290101863410,false,"סיליט באנג ספריי ניקוי עוצמתי מכיל אקונומיקה 750 מ""ל",סיליט באנג Cillit Bang,PL,סיליט באנג ספריי אקו,מיליליטרים,750.00,"100 מ""ל",false,,17.90,0.0239,true,1,20903
7290101869917,false,"אירוויק מילוי מבשם אויר אטומטי היער הקסום 19 מ""ל",איירוויק Air Wick,GB,איירוויק מילוי מבשם,מיליליטרים,250.00,"100 מ""ל",false,,15.90,0.0636,true,1,20971
7290101982470,false,ממתק רולר 30 מל' בטעמים,טייפן פאן טיים,CN,ממתק רולר 30 גרם,גרמים,30.00,100 גרם,false,,7.00,0.2333,true,1,32510
7290101985365,false,בקבוק אלומיניום גדול,,,בקבוק אלומיניום גדול,יחידה,0.00,יחידה,false,,22.50,0.0000,true,1,32565
7290101999720,false,נרות מטה לבבות פו,,,נרות מטה לבבות פו,יחידה,0.00,יחידה,false,,7.50,0.0000,true,1,32820
7290102030330,false,תפוצ'יפס קראנצ' בטעם מקסיקני 200 גרם,"שטראוס פריטו ליי בע""\מ )",IL,תפוצ'יפס קראנץ מקסיק,גרמים,200.00,100 גרם,false,,10.90,0.0545,true,1,24201
7290102031276,false,מארז 8 יחידות אקטימל משקה יוגורט בטעם תות בננה,מיוצר עי קונדיטוריית,IL,אקטימל תות בננה 8*10,מיליליטרים,800.00,"100 מ""ל",false,,22.90,0.0286,true,1,23419
7290102032334,false,אבקה להכנת משקה קפה בטעם וניל,שטראוס קפה בי.וי,IL,קפה נמס עלית בטעם ונ,גרמים,200.00,100 גרם,false,,24.90,0.1245,true,1,22380
7290102390427,false,יוגורט ביו עם קציפת תות 3% שומן 150 ג' מולר,מולר Muller,IL,מולר פרופ תות 3% 150,גרמים,150.00,100 גרם,false,,5.50,0.0367,true,1,6444
7290102390465,false,יוגורט ביו עם קציפת אפרסק ופסיפלורה 3% שומן 150 ג' מולר,מולר Muller,IL,מולר פרופ אפרסק פסיפ,גרמים,150.00,100 גרם,false,,5.50,0.0367,true,1,6445
7290102390489,false,יוגורט ביו עם קציפת לימון 3% שומן 150 ג' מולר,מולר Muller,IL,מולר פרופ לימון 3% 1,גרמים,150.00,100 גרם,false,,5.50,0.0367,true,1,6447
7290102391844,false,יוגורט ביו עם קציפת פירות יער3% שומן 150 ג' מולר,מולר Muller,IL,מולר פרופ לבן+קציפת,גרמים,150.00,100 גרם,false,,5.50,0.0367,true,1,6454
7290102392049,false,גבינה לאפיה תבור ללא תוספת מלח 5% משק צוריאל 500 גרם,מחלבת משק צוריאל,IL,צוריאל תבור 5% 500ג,גרמים,500.00,100 גרם,false,,24.90,0.0498,true,1,6456
7290102392094,false,חלב עיזים 3.7% בקרטון משק צוריאל 1 ליטר,מילקו תעשיות בעמ,IL,צוריאל חלב עיזים 1ל,ליטרים,1.00,ליטר,false,,16.90,16.9000,true,1,6457
7290102392254,false,"חלב בקרטון 1% 2 ליטר בד""צ - מוצר בפיקוח",מילקו תעשיות בעמ,IL,טרה חלב 1% 2ל,ליטרים,2.00,ליטר,false,,11.72,5.8600,true,1,6460
7290102393039,false,"יוגורט ביו קרמי מיקס פצפוצי שוקולד 7.6% מולר 170 מ""ל",קריות זול,IL,מולר מיקס בתוספת פצפ,מיליליטרים,170.00,"100 מ""ל",false,,5.90,0.0347,true,1,6473
7290102393169,false,"יוגורט סימפלי פרוט בטעם תות 3% מולר 150 מ""ל",מולר Muller,IL,מולר סימפלי פרוט תות,גרמים,150.00,100 גרם,false,,5.50,0.0367,true,1,6480
7290102393176,false,סימפלי פרוט יוגורט אפרסק 3% שומן 150 ג' מולר,מילקו תעשיות בעמ,IL,מולר סימפלי פרוט אפר,גרמים,150.00,100 גרם,false,,5.50,0.0367,true,1,6481
7290102393190,false,"יוגורט סימפלי פרוט בטעם פירות יער 3% מולר 150 מ""ל",מילקו תעשיות בעמ,IL,מולר סימפלי פרוט פיר,גרמים,150.00,100 גרם,false,,5.50,0.0367,true,1,6482
7290102393268,false,**טרה גבינה לבנה אריזת חיסכון 5% 750ג,הפריט בפיקוח,IL,טרה גבינה לבנה אריזת,גרמים,750.00,100 גרם,false,,14.90,0.0199,true,1,6483
7290102393299,false,יוגורט עיזים לשתייה 3% משק צוריאל 500 גרם,מיוצר עי קוד יצרן HG,IL,צוריאל יוגורט עיזים,מיליליטרים,500.00,"100 מ""ל",false,,12.90,0.0258,true,1,6484
7290102393947,false,סימפלי פרוט יוגורט בטעם קיווי 3% שומן 150 ג' מולר,מילקו תעשיות בעמ,IL,מולר סימפלי פרוט קיו,מיליליטרים,150.00,"100 מ""ל",false,,5.50,0.0367,true,1,6490
7290102394081,false,"יוגורט ביו קרמי מיקס קורנפלקס מצופה שוקולד מולר 170 מ""ל",מילקו תעשייה בעמ,IL,מולר מיקס קורנפקלס מ,גרמים,170.00,100 גרם,false,,5.90,0.0347,true,1,6492
7290102394258,false,גליל גבינת עיזים מה עז 9% משק צוריאל 180 גרם,מחלבת משק צוריאל,IL,צוריאל מה עז 9% 180ג,גרמים,180.00,100 גרם,false,,23.90,0.1328,true,1,6494
7290102394463,false,נעם גבינה צהובה פרוסה ואקום 28% טרה 500 גרם,Unknown,IL,נעם גבינה צהובה וואק,גרמים,500.00,100 גרם,false,,27.90,0.0558,true,1,6501
7290102394821,false,נעם גבינה צהובה פרוסה 28% טרה 200 גרם,מילקו תעשיות בעמ,IL,נעם גבינה צהובה דק ד,גרמים,200.00,100 גרם,false,,15.90,0.0795,true,1,6505
7290102395101,false,ממרח גבינה ושוקולד מוו טרה 200 גרם,מילקו תעשיות בעמ,IL,מוו ממרח גבינה ושוקו,גרמים,200.00,100 גרם,false,,11.90,0.0595,true,1,6509
7290102395224,false,שמיניית יוגורט ביו ביאנקו 1.7% מולר 150 גרם,מולר Muller,IL,מולר נטורל 1.7% 8*15,קילוגרמים,1.20,"ק""ג",false,,18.50,15.4167,true,1,6514
7290102395231,false,שמיניית יוגורט ביו ביאנקו 2.8% מולר 150 גרם,מולר Muller,IL,מולר נטורל 2.8% 8*15,קילוגרמים,1.20,"ק""ג",false,,18.50,15.4167,true,1,6515
7290102395262,false,מארז 8 גביעים יוגורט בטעם תות שדה ואפרסק 3% Simply Fruit,מולר Muller,IL,מולר תות שדה ואפרסק,קילוגרמים,1.20,"ק""ג",false,,31.90,26.5833,true,1,6516
7290102395378,false,נעם גבינה צהובה פרוסה ואקום 28% טרה 360 גרם,טרה,IL,נעם גבינה צהובה ואקו,גרמים,360.00,100 גרם,false,,20.90,0.0581,true,1,6518
7290102395439,false,מארז 8 גביעים יוגורט בטעם פירות יער וקיווי 3% Simply Fruit,מילקו תעשיות בעמ,IL,מולר סימפלי פירות יע,קילוגרמים,1.20,"ק""ג",false,,31.90,26.5833,true,1,6520
7290102395446,false,מעדן חלב בטעם וניל עם קצפת 123 ג' טרה,Unknown,IL,מוו וניל קצפת 123מל,מיליליטרים,123.00,"100 מ""ל",false,,3.50,0.0285,true,1,6521
7290102395477,false,מעדן חלב בטעם שוקולד עם קצפת 123 ג' טרה,Unknown,IL,מוו שוקולד קצפת 123מ,מיליליטרים,123.00,"100 מ""ל",false,,3.50,0.0285,true,1,6524
7290102395521,false,"שמנת לבישול 15% שומן 500 מ""ל טרה",מילקו תעשיות בעמ,IL,טרה שמנת לבישול 15%+,מיליליטרים,500.00,"100 מ""ל",false,,16.90,0.0338,true,1,6525
7290102396436,false,מעדן שוקולד מוו 1.5% טרה 125 גרם,מילקו תעשיות בעמ,IL,מוו מעדן שוקולד 1.5%,גרמים,125.00,100 גרם,false,,3.50,0.0280,true,1,6546
7290102396580,false,מעדן מוו שוקולד ומוס שוקולד טרה 118 גרם,טרה,IL,מוו מעדן שוקולד ומוס,גרמים,118.00,100 גרם,false,,3.50,0.0297,true,1,6551
7290102396665,false,נעם גבינה צהובה דק דק 15% טרה 200 גרם,מילקו תעשיות בעמ,IL,גבנ`צ דקדק פתח סגור,גרמים,200.00,100 גרם,false,,16.90,0.0845,true,1,6555
7290102396672,false,"גבנ""צ דק דק נעם פתיחה חוזרת 9% 360 גרם",מילקו תעשיות בעמ,IL,נעם צהובה דק דק 9% 3,גרמים,360.00,100 גרם,false,,27.90,0.0775,true,1,6556
7290102396740,false,מארז 8 גביעים יוגורט בטעם תות שדה ואפרסק 0% Simply Fruit,מילקו תעשיות בעמ,IL,מולר סימפלי פרוט 0%,קילוגרמים,1.20,"ק""ג",false,,31.90,26.5833,true,1,6561
7290102397204,false,"גבנ""צ דק דק נעם פתיחה חוזרת 22% 200 גרם",מילקו תעשיות בעמ,IL,נעם צהובה דק דק 22%,גרמים,200.00,100 גרם,false,,16.90,0.0845,true,1,6582
7290102397310,false,מעדן מיני בטעם שוקולד קצפת מוו מאגדת 8 יח' * 70 ג',מילקו תעשיות בעמ,IL,מאגדת שמינייה מיני מ,מיליליטרים,944.00,"100 מ""ל",false,,12.90,0.0137,true,1,6586
7290102397334,false,גבינה בולגרית גלילית 5% משק צוריאל 250 גרם,מחלבת משק צוריאל,IL,בולגרית 5% 250 גר` ב,גרמים,250.00,100 גרם,false,,21.90,0.0876,true,1,6588
7290102397464,false,יוגורט ביו בתוספת גרעינים אגוזים וחמוציות 170 ג' מולר,מולר Muller,IL,מולר יוגורט נטורל +,גרמים,150.00,100 גרם,false,,5.90,0.0393,true,1,6597
7290102397600,false,מיקס יוגורט בתוספת שקדים ובוטנים מקורמלים 170 ג' מולר,מילקו תעשייה בעמ,IL,מולר מיקס שקדים ובוט,גרמים,168.00,100 גרם,false,,5.90,0.0351,true,1,6607
7290102397730,false,פרוסות גבינה אמנטל חצי קשה 30% שומן 200 ג' נעם,Unknown,IL,גבינת אמנטל נעם פתיח,גרמים,200.00,100 גרם,false,,17.90,0.0895,true,1,6616
7290102397747,false,פרוסות גבינת מוצרלה נעם מחלב בקר 22%,טרה,IL,מוצרלה נעם רכיבים ט,גרמים,200.00,100 גרם,false,,18.90,0.0945,true,1,6617
7290102397891,false,גבינה מותכת משק צוריאל 100 גרם,משק צוריאל,IL,רביעייה גבינה מותכת,גרמים,100.00,100 גרם,false,,7.50,0.0750,true,1,6624
7290102398065,false,חלב טרה בקרטון 2 ליטר מהדרין 3% - מוצר בפיקוח,הפריט בפיקוח,IL,טרה חלב קרטון 3% מהד,יחידה,0.00,יחידה,false,,12.46,0.0000,true,1,6633
7290102398331,false,חלב מועשר דל לקטוז 2% שומן טרה 1 ליטר,טרה,IL,חלב מועשר 1 ליטר דל,ליטרים,1.00,ליטר,false,,7.90,7.9000,true,1,6652
7290102398553,false,משקה חלב בטעם שוקו 2% XL אריזה משפחתית,מילקו תעשיות בעמ,IL,שוקו טרה בבקבוק 1.5,ליטרים,1.50,ליטר,false,,16.90,11.2667,true,1,6666
7290102398560,false,שוקו טרה מועשר בבקבוק 1 ליטר,מילקו תעשיות בעמ,IL,שוקו טרה מועשר בבקבו,ליטרים,1.00,ליטר,false,,11.90,11.9000,true,1,6667
7290102398577,false,משקה חלב בטעם שוקו 2% בבקבוק אישי,מילקו תעשיות בעמ,IL,שוקו טרה מועשר בבקבו,מיליליטרים,250.00,"100 מ""ל",false,,5.90,0.0236,true,1,6668
7290102398614,false,משקה חלב בטעם בננה טרה 1 ליטר,מילקו תעשיות בעמ,IL,משקה חלב בטעם בננה 1,ליטרים,1.00,ליטר,false,,11.90,11.9000,true,1,6669
7290102398638,false,משקה חלב בטעם מוקה טרה 1 ליטר,מילקו תעשיות בעמ,IL,משקה חלב בטעם מוקה 1,ליטרים,1.00,ליטר,false,,11.90,11.9000,true,1,6670
7290102398782,false,משקה סויה קלאסי משק צוריאל 1 ליטר,מחלבת משק צוריאל,IT,משקה סויה קלאסי משק,ליטרים,1.00,ליטר,false,,10.90,10.9000,true,1,6676
7290102398799,false,משקה סויה במתיקות מופחתת משק צוריאל 1 ליטר,מחלבת משק צוריאל,IT,משקה סויה במתיקות מו,ליטרים,1.00,ליטר,false,,10.90,10.9000,true,1,6677
7290102399048,false,פרוסות גבינת קשקבל נעם 200 ג' טרה,מילקו,IL,קשקבל נעם פתיחה חוזר,גרמים,200.00,100 גרם,false,,23.90,0.1195,true,1,6687
7290102399635,false,"מולר פרופ יוגורט ביו עם קציפת קוקוס ואננס 150 מ""ל",מולר Muller,IL,מעדן מולר פרופ קוקוס,גרמים,150.00,100 גרם,false,,5.50,0.0367,true,1,81415
7290102399772,false,מולר ספרדבל-ממרח חמאת מולר במליחות עדינה 250 גרם,G Weihenstephan Molkerei,DE,מולר ממרח חמאה במליח,גרמים,250.00,100 גרם,false,,18.90,0.0756,true,1,78699
7290102399789,false,מולר ספרדבל-ממרח חמאת מולר ללא מלח 250 גרם,G Weihenstephan Molkerei,DE,מולר ממרח חמאה ללא מ,גרמים,250.00,100 גרם,false,,18.90,0.0756,true,1,78712
7290102399796,false,מעדן יוגורט לבן מועשר בחלבון 200 ג' מולר אקטיב,מולר Muller,IL,יוגורט חלבון לבן 250,גרמים,200.00,100 גרם,false,,6.90,0.0345,true,1,74942
7290102399857,false,מולר אקטיב לייט 20 גרם חלבון 0% שומן עם תות 200 גרם,מולר Muller,IL,יוגורט מולר אקטיב לי,גרמים,150.00,100 גרם,false,,6.50,0.0433,true,1,87557
7290103126797,false,"משחת שיניים קולגייט סנסיטיב פרו רליף 75 מ""ל",הנסיך- מפעל לייצור ט,BR,סנסטיב פרו רילף קולג,מיליליטרים,110.00,"100 מ""ל",false,,23.90,0.2173,true,1,21605
7290103400194,false,"כרוב לבן 400 גר בד""צ ירקות שטראוס",שטראוס בריאות ירקות טריי,IL,כרוב לבן 400 ג בדצ י,גרמים,400.00,100 גרם,false,,10.00,0.0250,true,1,23422
7290103401429,false,קפה קצב ברזילאי אוריגינס 200 גר,הנסיך- מפעל לייצור ט,IL,קפה אוריגינס קצב ברז,גרמים,200.00,100 גרם,false,,30.90,0.1545,true,1,22394
7290103404758,false,סלט כרוב אדום במיונז אחלה 120 גרם,מיוצר עי קונדיטוריית,IL,אחלה כרוב אדום 120ג,גרמים,120.00,100 גרם,false,,5.50,0.0458,true,1,23427
7290103408206,false,עלי חסה ערבית שטופים שטראוס 250 גרם,שטראוס בריאות ירקות טריי,IL,עלי חסה ערבית שטופים,גרמים,250.00,100 גרם,false,,10.90,0.0436,true,1,23430
7290103700195,false,שאפו רדיד אלומיניום צר 30*7.5 2יח',"שניב תעשיות נייר בע""",,טאצ רדיד אלומיניום ק,מטרים,15.00,מטר,false,,11.80,0.7867,true,1,24458
7290103700225,false,רדיד אלומניום רוחב 45 עובי 14 מיקרון,שניב תעשיות,,טאצ רדיד אלומיניום ר,יחידה,0.00,יחידה,false,,16.80,0.0000,true,1,24459
7290103700386,false,טאצ כריות יפניות מארז שישיה,"שניב תעשיות נייר בע""",IL,טאצ' כריות יפניות 6י,יחידה,0.00,יחידה,false,,10.90,0.0000,true,1,24461
7290103700393,false,טאצ' כריות יפניות עבות עם תעלות 4 יח',"שניב תעשיות נייר בע""",IL,טאצ' כריות יפניות עב,יחידה,0.00,יחידה,false,,9.90,0.0000,true,1,24462
7290103700652,false,טאצ' ספוג הפלא מארז שישייה,"שניב תעשיות נייר בע""",IL,טאצ' ספוג הפלא 6יח,יחידה,0.00,יחידה,false,,9.90,0.0000,true,1,24463
7290103700997,false,נייר טואלט לובלי 40 גלילים,,IL,לאבלי נייר טואלט 40,מטרים,716.00,מטר,false,,43.90,0.0613,true,1,24466
7290103701017,false,נייר אפייה נשלף טאצ 50 יחידות כשלפ,"שניב תעשיות נייר בע""",IL,טאצ' נייר אפייה נשלף,יחידה,0.00,יחידה,false,,10.90,0.0000,true,1,24467
7290103701147,false,רדיד אלומיניום טאצ' 7.5מטר,שניב תעשיות,,טאצ רדידי אלומיניום,מטרים,60.90,מטר,false,,39.60,0.6502,true,1,24472
7290103702212,false,טאצ' ממחטות כיס עשירייה,"שניב תעשיות נייר בע""",,טאצ ממחטות כיס,יחידה,0.00,יחידה,false,,6.90,0.0000,true,1,24478
7290103702229,false,טאצ מפות שולחן שמינייה עבות במיוחד,"שניב תעשיות נייר בע""",,טאצ מפות עבות במיוחד,יחידה,0.00,יחידה,false,,9.80,0.0000,true,1,24479
7290103702298,false,טאצ' אשפתון עבה בגליל 77*90 50 יח',"שניב תעשיות נייר בע""",,טאצ אשפתון בגליל 50,יחידה,0.00,יחידה,false,,16.90,0.0000,true,1,24484
7290103702304,false,טאצ אשפתון עבה במיוחד 35 יחידות,"שניב תעשיות נייר בע""",,טאצ אשפתון בגליל 35,יחידה,0.00,יחידה,false,,16.90,0.0000,true,1,24485
7290103702328,false,טאצ אשפתון עבה וחזק במיוחד 25 יחידות,"שניב תעשיות נייר בע""",,טאצ אשפתון בגליל 25,יחידה,0.00,יחידה,false,,16.90,0.0000,true,1,24487
7290103702540,false,נייר טואלט מהדרות כדור פורח 30 גלילים טאצ',טאץ' Touch,IL,נייר טואלט 30 יח' מ,יחידה,0.00,יחידה,false,,23.90,0.0000,true,1,65943
7290103702779,false,מפיות שולחן איכותיות 150 יח',שניב,IL,מפיות אירוח טאצ` 15,יחידה,0.00,יחידה,false,,9.90,0.0000,true,1,24495
7290103703219,false,דלי מטליות לחות לניקוי כללי בניחוח לימון טאצ',,,טאצ' מטליות לחות לני,יחידה,0.00,יחידה,false,,20.90,0.0000,true,1,38136
7290103703233,false,מטליות טאצ' לחות תפוח לניקוי כללי דלי,,,טאצ' מטליות לחות לני,יחידה,0.00,יחידה,false,,20.90,0.0000,true,1,38137
7290103703370,false,טאצ מגבוני טואלט לחים מארז שלישייה,,IL,טאצ' מגבוני נייר טוא,יח',3.00,יח',false,,15.90,5.3000,true,1,24502
7290103703455,false,טאצ' ספוג לניקוי כתמים שלישיה,שניב תעשיות נייר,IL,טאצ' ספוג מבריק הפלא,גרמים,50.00,100 גרם,false,,10.90,0.2180,true,1,24504
7290103703578,false,נייר טואלט לובלי תלת,,,לובלי נייר טואלט תלת,יחידה,0.00,יחידה,false,,42.90,0.0000,true,1,24505
7290103703738,false,טאצ' מפות עבות במיוח,,,טאצ' מפות עבות במיוח,מטרים,45.00,מטר,false,,33.90,0.7533,true,1,24507
7290103704179,false,מגבת נייר למטבח טאצ' 8 יח',,,מגבות נייר 8 גלילים,מטרים,83.00,מטר,false,,14.90,0.1795,true,1,162140
7290103704186,false,מגבות מטבח כפול טאצ`מהדורת 2021 6 יחידות,,IL,מגבות טאצ' גליל כפול,יחידה,0.00,יחידה,false,,20.90,0.0000,true,1,228258
7290103704193,false,מגבות טאצ 8 גליל כפול,,,מגבות טאצ' גליל כפול,יחידה,0.00,יחידה,false,,26.90,0.0000,true,1,228272
7290103704766,false,נייר טואלט 24 גליל כפול מהדורת פרח סגול,"שניב תעשיות נייר בע""\מ",IL,נייר טואלט 24 גליל,יחידה,0.00,יחידה,false,,43.90,0.0000,true,1,281017
7290103746001,false,ממחטות טאצ' 5*100 צץ רץ (19*195),"שניב תעשיות נייר בע""",IL,ממחטות טאצ' חמישייה,יחידה,0.00,יחידה,false,,12.90,0.0000,true,1,24517
7290104061417,false,סלט חומוס עם טחינה אחלה 400 גרם,"שטראוס גרופ בע""\מ",IL,אחלה חומוס טחינה 400,גרמים,400.00,100 גרם,false,,11.90,0.0298,true,1,23432
7290104061431,false,סלט חומוס עם צנובר אחלה 400 גרם,"שטראוס גרופ בע""\מ",IL,אחלה חומוס צנובר 400,גרמים,400.00,100 גרם,false,,11.90,0.0298,true,1,23434
7290104061448,false,סלט חומוס עם חריף אחלה 400 גרם,מיוצר עי קונדיטוריית,IL,אחלה חומוס חריף 400ג,גרמים,400.00,100 גרם,false,,11.90,0.0298,true,1,23435
7290104062599,false,מארז 8 יחידות מעדן גמדים בטעמי תות ובננה,"שטראוס בריאות בע""\מ",IL,גמדים תות בננה 8*100,מיליליטרים,800.00,"100 מ""ל",false,,18.90,0.0236,true,1,23436
7290104066566,false,טחינה שומשום מלא אחלה 500 גר',מיוצר עי קונדיטוריית,IL,אחלה טחינה 500ג,גרמים,500.00,100 גרם,false,,16.90,0.0338,true,1,23439
7290104067693,false,אחלה חומוס עם חריף 150 גרם,מיוצר עי קונדיטוריית,IL,אחלה חומוס עם חריף 1,גרמים,150.00,100 גרם,false,,5.90,0.0393,true,1,23442
7290104504228,false,מיני דובונים אסם 100 גרם מארז 5 יחידות,"אסם השקעות בע""\מ",IL,דובונים קדמ.מארז אחי,גרמים,100.00,100 גרם,false,,13.90,0.1390,true,1,18863
7290104508943,false,במבה חטיף בוטנים אסם 200 גרם,"אסם השקעות בע""\מ",IL,במבה קלאסי 18*200 גר,גרמים,200.00,100 גרם,false,,10.90,0.0545,true,1,18872
7290104570131,false,תמר מג'הול ששון ושות,,,"תמר מג'הול 1 ק""ג",קילוגרמים,1.00,"ק""ג",false,,18.90,18.9000,true,1,42940
7290104570162,false,תמרים ללא חרצנים תמר כבוש 500 גרם,תמר העמקים בית שאן,IL,תמר כבוש 500 גרם,גרמים,500.00,100 גרם,false,,12.90,0.0258,true,1,42941
7290104720499,false,מארז 8 יחידות מעדן דני בטעם וניל 1.5%,מיוצר עי קונדיטוריית,IL,מארז דני וניל 8*125,מיליליטרים,125.00,"100 מ""ל",false,,16.90,0.1352,true,1,23444
7290104721533,false,רצועות פלפלים קלויים אחלה 400 ג',מיוצר עי קונדיטוריית,IL,אחלה פלפלים קלויים 4,גרמים,400.00,100 גרם,false,,16.90,0.0422,true,1,23446
7290104721762,false,מארז שלשות קפה טורקי עלית 85 ג',שטראוס גרופ,IL,טורקי עלית 3*85 גר'.,גרמים,255.00,100 גרם,false,,19.90,0.0780,true,1,22433
7290104722530,false,תפוצ'יפס בטעם שמנת בצל עלית 200 גרם,"שטראוס פריטו ליי בע""\מ )",IL,תפוציפס שמנת בצל 200,גרמים,200.00,100 גרם,false,,10.90,0.0545,true,1,24224
7290104726262,false,רביעייה מעדן דני שוקולד דיסני לבנים 125 גרם,מיוצר עי קונדיטוריית,IL,דני שוקולד לשתייה מא,מיליליטרים,500.00,"100 מ""ל",false,,11.90,0.0238,true,1,23454
7290104726712,false,מארז 8 יחידות מעדן מילקי בטעם שוקולד עם קצפת,"שטראוס גרופ בע""\מ",IL,מילקי שמינייה מארז 8,קילוגרמים,1.06,"ק""ג",false,,21.00,19.8113,true,1,23455
7290104728310,false,"שמנת מתוקה עמידה 38% שומן ""יטבתה"" -מוצר בפיקוח",שטראוס גרופ,IL,יטבתה שמנת עמידה לקצ,מיליליטרים,250.00,"100 מ""ל",false,,6.47,0.0259,true,1,23460
7290104960239,false,"תחליב רחצה נקה 7 ארומה לבן 750 מ""ל",טרופיקל דגיל תעשיות קוסמ,IL,תחליב רחצה קמומיל נק,מיליליטרים,750.00,"100 מ""ל",false,,12.90,0.0172,true,1,30466
7290104961878,false,"שמפו לשיער קרטין אינטנס פורמולה 400 מ""ל נטורל",נטורל פורמולה Natural Formula,IL,קרטין אינטנס שמפו נט,מיליליטרים,400.00,"100 מ""ל",false,,31.90,0.0797,true,1,30491
7290104961885,false,מרכך קרטין טהור לשיער שעבר החלקה או עיצוב בחום,נטורל פורמולה Natural Formula,IL,מרכך קרטין אינטנס נט,מיליליטרים,400.00,"100 מ""ל",false,,31.90,0.0797,true,1,30492
7290104963223,false,סופטקר - אל סבון עדין לתינוק לעור רגיש 1 ליטר,קוסמופארם בע'\'\מ,IL,סופטקר אלסבון קלאסי,יחידה,0.00,יחידה,false,,18.90,0.0000,true,1,30534
7290104963711,false,"שמפו סופטקר אלדמע משאבה 770 מ""ל",גוד פוד פרודקטס S.p,IL,סופטקר שמפו אל דמע 7,מיליליטרים,770.00,"100 מ""ל",false,,17.90,0.0232,true,1,30539
7290104964350,false,אל סבון עשיר בלחות בניחוח פרחי מים - מארז 3 יח',נקה 7,IL,סבון נוזלי פרחי מים,ליטרים,1.50,ליטר,false,,22.90,15.2667,true,1,30551
7290105360755,false,"שמן זית 3 חזק 750 מ""ל יד מרדכי",מכוורת יד מרדכי שטראוס ב,IL,שמן זית 3 חזק כתית י,מיליליטרים,750.00,"100 מ""ל",false,,38.90,0.0519,true,1,22455
7290105360878,false,תפוציפס טבעי 50 גרם מארז רביעייה,"שטראוס פריטו ליי בע""\מ )",IL,תפוציפס מארז 4*50ג,גרמים,200.00,100 גרם,false,,12.90,0.0645,true,1,24233
7290105362339,false,"שמנת לבישול 15% 250 מ""ל יטבתה מהדרין",שטראוס גרופ,IL,יטבתה שמנת לבישול 15,מיליליטרים,250.00,"100 מ""ל",false,,8.90,0.0356,true,1,23465
7290105364289,false,מקלות כיף כף פצפוצים עלית 40 גרם,שולן צ'\יקולטה גידה סאן.,TR,כיף כף מקלות פצפוצים,גרמים,40.00,100 גרם,false,,5.50,0.1375,true,1,22462
7290105364302,false,"עלית חטיף שוקולד כיף כף מקלות אגוזים, 40 גרם",שולן צ'\יקולטה גידה סאן.,TR,כיף כף מקלות אגוזים,גרמים,42.00,100 גרם,false,,5.50,0.1310,true,1,22463
7290105366023,false,סלט חצילים בטעם כבד אחלה 400 גרם,מיוצר עי קונדיטוריית,IL,אחלה חציל בטעם כבד 4,גרמים,400.00,100 גרם,false,,16.90,0.0422,true,1,23468
7290105366047,false,טחינה לבנה אחלה 400 גרם,מיוצר עי קונדיטוריית,IL,אחלה טחינה לבנה 400ג,גרמים,400.00,100 גרם,false,,16.90,0.0422,true,1,23470
7290105366993,false,סימפוניה גבינת שמנת פלפל שיפקה 5% שטראוס 200 גרם,"שטראוס בריאות בע""מ",IL,סימפוניה פלפל שיפקה,גרמים,200.00,100 גרם,false,,12.50,0.0625,true,1,23475
7290105368331,false,מעדן מילקי בטעם תות עם קצפת,מחלבת אחיהוד,IL,"מילקי תות 170 מ""ל",מיליליטרים,170.00,"100 מ""ל",false,,2.90,0.0171,true,1,23486
7290105368904,false,"שמנת מתוקה להקצפה 32% שומן 250 מ""ל יוטבתה",שטראוס גרופ,IL,יטבתה שמנת עמידה לקצ,מיליליטרים,250.00,"100 מ""ל",false,,7.90,0.0316,true,1,23495
7290105368928,false,"שמנת 9% שומן 200 מ""ל יוטבתה",שטראוס גרופ,IL,יטבתה שמנת 9% 200מל,מיליליטרים,200.00,"100 מ""ל",false,,3.50,0.0175,true,1,23496
7290105369130,false,סימפוניה גבינת שמנת בצל ירוק 5% שטראוס 200 גרם,"שטראוס בריאות בע""\מ",IL,סימפוניה שטראוס בצל,גרמים,200.00,100 גרם,false,,12.50,0.0625,true,1,23499
7290105430458,false,תחליב רחצה מועשר בשקדים וקרם לחות Naturals משאבה,הנסיך- מפעל לייצור ט,TR,תחליב רחצה שקדים משא,מיליליטרים,750.00,"100 מ""ל",false,,21.90,0.0292,true,1,21621
7290105431516,false,מארז חטיף פריי תמרים ובוטנים ללא גלוטן ותוספת סוכר 125 גרם,טבעית מוצרים מן הטבע בעמ,IL,פרי חטיפי תמרים ובוט,גרמים,125.00,100 גרם,false,,18.00,0.1440,true,1,21630
7290105434067,false,ספיד סטיק - דאודורנט סטיק לגבר XL אושן סרף 85 גרם,קולגייט פלמוליב,US,ספיד סטיק כחול אושיי,גרמים,85.00,100 גרם,false,,19.90,0.2341,true,1,21645
7290105439598,false,מאסטר שף חרדל דיז'ון גרגירים 370 גר כשלפ,סאס קווינור צרפת,FR,מאסטר שף חרדל דיז'ון,מיליליטרים,370.00,"100 מ""ל",false,,13.90,0.0376,true,1,21660
7290105500151,false,וודקה פינלנדיה בקבוק,"אלטיה קורפ, הלסינקי,",FI,וודקה פינלנדיה 700 מ,מיליליטרים,700.00,"100 מ""ל",false,,70.90,0.1013,true,1,13396
7290105691224,false,אסם חטיפי פריכונים טורטייה שום בצל 60 גרם,"פרח תעשיות מזון בע""מ.",IL,חטיפי פריכונים טורטי,גרמים,60.00,100 גרם,false,,8.10,0.1350,true,1,18883
7290105691248,false,אסם חטיפי פריכונים טורטייה תירס 60 גרם,"פרח תעשיות מזון בע""מ.",IL,חטיפי פריכונים טורטי,גרמים,60.00,100 גרם,false,,8.10,0.1350,true,1,18884
7290105693341,false,מארז עשיריית במבה אסם 25*10 גרם,"אסם השקעות בע""\מ",IL,במבה מאח.15 10*25גרם,גרמים,250.00,100 גרם,false,,16.90,0.0676,true,1,18898
7290105693457,false,עוגת הבית דמקה שוקו וניל אסם 320 גרם,מיוצר עי קונדיטוריית,IL,עוגת הבית דמקה שוקו,גרמים,320.00,100 גרם,false,,14.90,0.0466,true,1,18899
7290105695024,false,פתיתים אפויים אורז עם אטריות אסם 500 גרם,"אסם השקעות בע""\מ",IL,פתיתים אפויים אורז ע,גרמים,500.00,100 גרם,false,,7.90,0.0158,true,1,18907
7290105695321,false,עוגת הבית בראוניס פאדג' אסם 380 גרם,מיוצר עי קונדיטוריית,IL,הבית עוגות בראוניס פ,גרמים,380.00,100 גרם,false,,19.50,0.0513,true,1,18910
7290105964564,false,סלט חומוס אחלה 400גר,מיוצר עי קונדיטוריית,IL,אחלה חומוס אחלה 400ג,גרמים,400.00,100 גרם,false,,9.90,0.0248,true,1,23506
7290105965738,false,יוגורט לשתיה בטעם תות בננה267 ג' דנונה,מיוצר עי קונדיטוריית,IL,דנונה משקה תות בננה,גרמים,267.00,100 גרם,false,,5.50,0.0206,true,1,23512
7290105968098,false,"סלט קולסלאו 500 גרם ""אחלה""",שטראוס גרופ סלטים,IL,אחלה קולסלאו 500ג,גרמים,500.00,100 גרם,false,,16.90,0.0338,true,1,23518
7290105968654,false,רביולי בטטה פרווה פסטה נונה 400 ג',מיוצר עי קונדיטוריית,IL,שטראוס רביולי בטטה 4,גרמים,400.00,100 גרם,false,,21.90,0.0547,true,1,23519
7290105968777,false,פריכיות 5 דגנים עם תחתית שוקולד מריר 70 גרם,"טחנת האבן תעשיות בע""",IL,פריכיות תחתית שוקלד,גרמים,70.00,100 גרם,false,,8.90,0.1271,true,1,22500
7290106520066,false,"רבע לשבע שוקולד חלב במילוי אגוזים עלית 160 גרם בד""צ","הגביע מוצרי וופלים בע""\מ",IL,רבע לשבע 160 גרם,גרמים,160.00,100 גרם,false,,11.90,0.0744,true,1,22502
7290106520912,false,"שמנת 9% לבישול יטבתה 250 מ""ל מהדרין",שטראוס גרופ,IL,יטבתה שמנת לבישול 9%,מיליליטרים,250.00,"100 מ""ל",false,,8.90,0.0356,true,1,23530
7290106521049,false,אחלה טעמי השוק קוביות סלק 400 גר,מיוצר עי קונדיטוריית,IL,אחלה קוביות סלק 400,גרמים,400.00,100 גרם,false,,16.90,0.0422,true,1,23532
7290106521926,false,קפה טורקי בצלופן עלית 150 גרם,שטראוס קפה בי.ויn\.,IL,קפה טורקי עלית 150 ג,גרמים,150.00,100 גרם,false,,12.90,0.0860,true,1,22510
7290106524439,false,"תפוצ'יפס פופס 60 גרם ""עלית""","שטראוס פריטו ליי בע""\מ )",IL,תפוציפס פופס 60 גרם,גרמים,60.00,100 גרם,false,,4.30,0.0717,true,1,24243
7290106528949,false,לקט ערוגות 450 גרם שטראוס,שטראוס בריאות ירקות טריי,IL,לקט ערוגות,גרמים,450.00,100 גרם,false,,13.90,0.0309,true,1,23539
7290106571921,false,עוגיות פיטנס עוגיות חמוציות 180 גר',מיוצר עי קונדיטוריית,IL,פיטנס עוגיות חמוציות,גרמים,180.00,100 גרם,false,,12.70,0.0706,true,1,18928
7290106572027,false,אוסם - לחמית חמישה דגנים 190 גרם,"אסם השקעות בע""\מ",IL,לחמית חמישה דגנים אס,גרמים,190.00,100 גרם,false,,9.90,0.0521,true,1,18930
7290106572959,false,מארז אפרופו חטיף תירס 5 יחידות,"אסם השקעות בע""\מ",IL,אפרופו קלאסי מאח.8 5,גרמים,75.00,100 גרם,false,,13.90,0.1853,true,1,18935
7290106573277,false,אוסם - קריספי טאפאס זיתים 150 גרם,מיוצר עי קונדיטוריית,IL,אסם קריספי טאפאס זית,גרמים,150.00,100 גרם,false,,12.90,0.0860,true,1,18940
7290106573314,false,חטיף קריספי בטעם כפרי 150 ג' אסם,מיוצר עי קונדיטוריית,IL,אסם קריספי טאפאס כפר,גרמים,150.00,100 גרם,false,,12.90,0.0860,true,1,18942
7290106573598,false,צבר חומוס לבנוני 400 גרם,סלטי צבר,IL,צבר חומוס לבנוני 400,גרמים,400.00,100 גרם,false,,12.90,0.0323,true,1,19923
7290106573628,false,צבר חומוס עם טחינה 400 גרם,סלטי צבר,IL,צבר חומוס עם טחינה 4,גרמים,400.00,100 גרם,false,,12.90,0.0323,true,1,19924
7290106574793,false,עוגת הבית בטעם שוקו-שוקוצ'יפס 350 ג' אסם,מיוצר עי קונדיטוריית,IL,עוגת הבית שוקו שוקוצ,גרמים,350.00,100 גרם,false,,14.90,0.0426,true,1,18950
7290106574953,false,בייגלה שטוחים כעכים שטוחים עם שומשום,מיוצר עי קונדיטוריית,IL,אסם בייגלה שטוחים שו,גרמים,300.00,100 גרם,false,,11.90,0.0397,true,1,18951
7290106574977,false,בייגלה שטוחים כעכים שטוחים עם מלח,מיוצר עי קונדיטוריית,IL,אסם בייגלה שטוחים עם,גרמים,300.00,100 גרם,false,,11.90,0.0397,true,1,18952
7290106575257,false,עוגת הבית סופלה בטעם שוקולד 340 ג' אסם,מיוצר עי קונדיטוריית,IL,עוגת הבית סופלה בטעם,גרמים,340.00,100 גרם,false,,14.90,0.0438,true,1,18955
7290106575431,false,עוגת הבית סופלה בטעם שוקוניל 340 ג' אסם,מיוצר עי קונדיטוריית,IL,עוגת הבית סופלה בטעם,גרמים,340.00,100 גרם,false,,14.90,0.0438,true,1,18959
7290106576513,false,סלט חומוס צבר 400 גר,סלטי צבר,IL,צבר חומוס 400 גרם,גרמים,400.00,100 גרם,false,,9.90,0.0248,true,1,19929
7290106576537,false,חומוס מסעדות צבר 700 גרם,סלטי צבר,IL,צבר חומוס מסעדה 700,גרמים,700.00,100 גרם,false,,10.90,0.0156,true,1,19930
7290106578692,false,ביסלי במבה מיקס מהדורת אליפות אסם 80 גרם,פרו מן יו פתרונות אר,IL,במבה ביסלי מיקס 36*8,גרמים,80.00,100 גרם,false,,4.90,0.0613,true,1,18974
7290106652996,false,כיף כף מקלות קוקוס חלבי 40 גר',סולן בעבור שטראוס,TR,כיף כף מקלות קוקוס 4,גרמים,40.00,100 גרם,false,,5.50,0.1375,true,1,342550
7290106654099,false,מילקי CAKE עוגות אישיות במילוי קרם חלב,בובארד איטליה אס.פי.איי,IT,עוגות אישיות מילקי ק,גרמים,272.00,100 גרם,false,,20.90,0.0768,true,1,23543
7290106656734,false,"עוגיות חיוכים וניל עלית 600 גרם בד""צ",אפיפית נצרת תעשיות ב,IL,"חיוכים וניל בד""צ 600",גרמים,600.00,100 גרם,false,,21.70,0.0362,true,1,22554
7290106658479,false,עלית וופל בטעם טורטית אגוזים 360גר,"שטראוס גרופ בע""\מ",IL,עלית וופל בטעם טורטי,גרמים,40.00,100 גרם,false,,4.90,0.1225,true,1,22559
7290106663558,false,"רוטב טריאקי ורימון יד מרדכי 280מ""ל",אף.סי תבליני בגליל ב,IL,יד מרדכי רוטב טריאקי,מיליליטרים,280.00,"100 מ""ל",false,,14.90,0.0532,true,1,22599
7290106668577,false,"מיץ לימון טיבעי 250 מ""ל יד מרדכי",האי נאם סי או אל.טי.,IT,מיץ לימון טבעי יד מר,מיליליטרים,250.00,"100 מ""ל",false,,8.90,0.0356,true,1,22618
7290106668713,false,יוגורט עם פירות יער 3% שומן 150 ג' דנונה,מיוצר עי קונדיטוריית,IL,דנונה פירות יער3% 15,מיליליטרים,150.00,"100 מ""ל",false,,3.90,0.0260,true,1,23579
7290106720626,false,צ'יטוס קראנצ' בטעם גבינה - חלבי,"שטראוס פריטו ליי בע""\מ )",IL,ציטוס גבינה 80 גרם,גרמים,80.00,100 גרם,false,,4.90,0.0613,true,1,24306
7290106721920,false,צנצנת מסטיק מאסט בטעם ספירמינט עדין 66 ג' עלית,"שטראוס גרופ בע""\מ.",IL,מאסט צנצנת ספירמינט,גרמים,66.00,100 גרם,false,,10.90,0.1652,true,1,22646
7290106723689,false,עלי תרד בייבי שטראוס 200 גרם,שטראוס בריאות ירקות טריי,IL,שטראוס תרד בייבי 200,גרמים,200.00,100 גרם,false,,11.90,0.0595,true,1,23586
7290106726178,false,יוגורט PRO עם פירות יער 2.4% 10 גרם חלבון בגביע,מיוצר עי קונדיטוריית,IL,דנונה פרו בטעם פירות,גרמים,150.00,100 גרם,false,,4.90,0.0327,true,1,23592
7290106727984,false,"כיף כף פצפצים בגביע 135 גרם ""עלית""",שולן צ'\יקולטה גידה סאן.,TR,כיף כף פצפצים 135 גר,גרמים,135.00,100 גרם,false,,11.90,0.0881,true,1,22685
7290106729650,false,יוגורט עם תות מאגדת 8 יח' * 150ג' דנונה,"שטראוס גרופ בע""\מ",IL,דנונה יוגורט תות 8יח,קילוגרמים,1.20,"ק""ג",false,,26.90,22.4167,true,1,23611
7290107280020,false,שלישיית מטליות לחות לניקוי כללי סנו סושי 50 יחידות,טרופיקל דגיל- תעשיות,IL,סנו סושי מגבונים לני,יחידה,0.00,יחידה,false,,21.90,0.0000,true,1,30563
7290107280099,false,שלישיית מגובנים נשטפים באסלה סופט סוד 48 יחידות,טרופיקל דגיל- תעשיות,IL,סנו סופט מגבוני טואל,יחידה,0.00,יחידה,false,,16.90,0.0000,true,1,30569
7290107280112,false,סנו סופט נייר טואלט 24 גל.,Unknown,IL,סנו סופט נייר טואלט,מטרים,441.00,מטר,false,,26.90,0.0610,true,1,30571
7290107280341,false,ריצפז מטליות לחות לניקוי הרצפה בניחוח מלון מפנק,"סנו מפעלי ברונוס סע""",IL,ריצפז מטליות לחות לנ,יחידה,0.00,יחידה,false,,12.90,0.0000,true,1,30576
7290107280563,false,ג'ל אוקסיג'ן בייבי סנו 3 ליטר,"איי, בי, אינבוו",IL,סנו ג'ל אוקסיג'ן ביי,ליטרים,3.00,ליטר,false,,32.90,10.9667,true,1,30587
7290107280570,false,סנו - מקסימה ג'ל כביסה מרוכז לכביסה צבעונית 3 ליטר,מיוצר עי קונדיטוריית,IL,מקסימה ג'ל כביסה מיק,ליטרים,3.00,ליטר,false,,35.90,11.9667,true,1,30588
7290107280716,false,מלח למדיח להגנה מפני אבנית סנו ספארק Spark,סנו ספארק,IL,סנו ספארק מלח למדיח,קילוגרמים,2.00,"ק""ג",false,,13.90,6.9500,true,1,30598
7290107280723,false,נוזל לניקוי כלים סנו ספארק Spark בניחוח לימון רענן,סנו כימיקלים,IL,סנו ספארק נוזל לניקו,מיליליטרים,700.00,"100 מ""ל",false,,9.90,0.0141,true,1,30599
7290107280747,false,נוזל לניקוי כלים סנו ספארק Spark קלאסי,סנו כימיקלים,IL,סנו ספארק נוזל לניקו,מיליליטרים,700.00,"100 מ""ל",false,,9.90,0.0141,true,1,30602
7290107280754,false,נוזל כלים סנו ספארק Spark היפואלרגני פריחת השקד,סנו ספארק,IL,ספארק נוזל לכלים עדי,מיליליטרים,700.00,"100 מ""ל",false,,9.90,0.0141,true,1,30603
7290107280761,false,נוזל לניקוי כלים בניחוח לימון רענן סנו ספארק Spark,מיוצר עי קונדיטוריית,IL,ספארק נוזל לכלים לימ,יחידה,0.00,יחידה,false,,12.90,0.0000,true,1,30604
7290107645584,false,אבקת מרק עוף אמיתי רכיבים טבעיים 400 גרם - רבנות,יוניליוור ישראל מזון בע\,IL,מרק עוף אמיתי רכיבים,גרמים,400.00,100 גרם,false,,24.90,0.0622,true,1,10603
7290107645591,false,אבקת מרק בטעם עוף 100% רכיבים טבעיים 400 גרם,יוניליוור ישראל מזון בע\,IL,מרק טעם עוף רכיבים ט,גרמים,400.00,100 גרם,false,,18.90,0.0472,true,1,10604
7290107647816,false,"דגני ברנפלקס ללא תוספת סוכר 500 גרם בד""צ",יוניליוור ישראל מזון בעמ,IL,ברנפלקס ללא סוכר בד',גרמים,500.00,100 גרם,false,,24.90,0.0498,true,1,10678
7290107649100,false,בייגלה טבעות שומשום 300 גרם.,בייגל את בייגל מזון 198),IL,בייגלה טבעות שומשום,גרמים,300.00,100 גרם,false,,11.90,0.0397,true,1,10713
7290107871990,false,"פסטה צינורות 500 גרם ""אסם""",פסטה זארה,IT,פסטה צינורות אסם 500,גרמים,500.00,100 גרם,false,,6.90,0.0138,true,1,19001
7290107874502,false,ביסלי גריל קדמ. מארז אחיד 10 4*55 גרם,מיוצר עי קונדיטוריית,IL,ביסלי גריל 4*55 גרם,גרמים,220.00,100 גרם,false,,12.90,0.0586,true,1,19023
7290107875004,false,פופקורן חמאה ודבש מארז12*20גר',אסם,IL,פופקו חמאה ודבש מארז,גרמים,240.00,100 גרם,false,,19.90,0.0829,true,1,19028
7290107875271,false,ביסלי ברביקיו קדמ. מארז אחיד10 4*55 גרם,"אסם השקעות בע""\מ",IL,ביסלי ברבקיו מארז 4*,גרמים,220.00,100 גרם,false,,12.90,0.0586,true,1,19034
7290107875820,false,קרוטונים אפויים בתיבול ביתי אוסם 180 ג',עינת תעשיות מזון,IL,קרוטונים אפויים בתיב,גרמים,180.00,100 גרם,false,,12.90,0.0717,true,1,19039
7290107877619,false,מארז במבה במילוי קרם נוגט 5*30ג' אסם,"אסם השקעות בע""\מ",IL,במבה במילוי קרם נוגט,גרמים,150.00,100 גרם,false,,13.90,0.0927,true,1,19069
7290107931397,false,כיף כף פצפוצים במילוי שוקולד 40 גרם,שולן צ'\יקולטה גידה סאן.,TR,כיף כף פצפצים 40גר`,גרמים,40.00,100 גרם,false,,5.50,0.1375,true,1,22710
7290107932080,false,חלב מועשר יוטבתה בבקבוק 3% 1 ליטר,מחלבת יטבתה,IL,יטבתה חלב בבקבוק 3%,ליטרים,1.00,ליטר,false,,7.90,7.9000,true,1,23624
7290107932134,false,חלב מועשר יוטבתה בבקבוק 1% 1 ליטר,מחלבת יטבתה,IL,יטבתה חלב בבקבוק 1%,ליטרים,1.00,ליטר,false,,7.90,7.9000,true,1,23626
7290107934473,false,שמינייה יוגורט לבן אקטיביה 1.5% דנונה 150 גרם,"שטראוס גרופ בע""\מ",IL,אקטיביה מארז מיוחד 1,קילוגרמים,1.20,"ק""ג",false,,21.90,18.2500,true,1,23641
7290107936309,false,דנונה יוגורט 7% יווני לבן 130 ג',"שטראוס בריאות בע""מ",IL,דנונה יווני לבן 130,גרמים,130.00,100 גרם,false,,3.50,0.0269,true,1,23647
7290107936958,false,עד חצות ביסקוויט אצבעות שוקולד 125 גרם,ביסקוויטס טור ד'\אלבון,FR,עד חצות אצבעות 125 ג,גרמים,125.00,100 גרם,false,,10.90,0.0872,true,1,22747
7290107936965,false,עיגולים עד חצות עם שוקולד חלב 225 גר,ביסקווטרי עוגיות סנט,FR,עד חצות עיגולים 225,גרמים,125.00,100 גרם,false,,14.90,0.1192,true,1,22748
7290107937542,false,משקה יוגורט אקטיביה עם תות 1.2% שומן,מיוצר עי קונדיטוריית,IL,משקה אקטיביה תות 1.2,מיליליטרים,265.00,"100 מ""ל",false,,5.50,0.0208,true,1,23652
7290107937627,false,מסטיק מאסט Must קוביות ללא סוכר בטעם מנטה עדינה,אסקום קונפקשיין,DE,צנצנת קוביות ספירמינ,גרמים,58.00,100 גרם,false,,10.90,0.1879,true,1,22758
7290107939027,false,גזר דק דק שטראוס 250 גרם,שטראוס בריאות ירקות טריי,IL,גזרדק דק 250 גרם בד`,גרמים,250.00,100 גרם,false,,7.90,0.0316,true,1,23662
7290107940030,false,חומוס אחלה 650 גרם,שטראוס גרופ,IL,חומוס אחלה 650 גר,גרמים,650.00,100 גרם,false,,9.90,0.0152,true,1,23675
7290107940467,false,אקטיביה יוגורט 1.5% שומן 200 ג' דנונה,מיוצר עי קונדיטוריית,IL,דנונה אקטיביה יוגורט,גרמים,200.00,100 גרם,false,,4.50,0.0225,true,1,23681
7290107943192,false,"שמנת חמוצה מהערבה 27% שומן 200 מ""ל יטבתה",מחלבת יטבתה,IL,יטבתה שמנת 27% 200מ,מיליליטרים,200.00,"100 מ""ל",false,,4.50,0.0225,true,1,23719
7290107943369,false,קוואקר שיבולת שועל ללא גלוטן 511 גרם,היידי שוקולד בירונטי,US,שיבולת שועל ללא גלוט,גרמים,511.00,100 גרם,false,,19.90,0.0389,true,1,24354
7290107944243,false,אפיפיות בטעם שוקולד 200 גרם כשר לפסח,"שטראוס גרופ בע""\מ",IL,"אפיפית ללא גלוטן בד""",גרמים,200.00,100 גרם,false,,7.90,0.0395,true,1,22815
7290107944472,false,סימפוניה גבינה במרקם שמנת 5% שום שמיר,"שטראוס בריאות בע""\מ",IL,סימפוניה 5% שום שמיר,גרמים,200.00,100 גרם,false,,12.50,0.0625,true,1,23726
7290107945165,false,קונפיטורת משמש יד מרדכי 340 גרם,אף.סי תבליני בגליל ב,IL,יד מרדכי קונפיטורת מ,גרמים,340.00,100 גרם,false,,13.90,0.0409,true,1,22831
7290107950206,false,מעדן חלב דל קלוריות בטעם שוקולד 0% שומן,מיוצר עי קונדיטוריית,IL,מעדן דיאט שוקולד % 0,גרמים,130.00,100 גרם,false,,3.50,0.0269,true,1,23787
7290107951104,false,בפלות ופלים ארוכים בטעם שוקולד,"שטראוס גרופ בע""\מ",IL,בפלות 200 גרם שוקולד,גרמים,200.00,100 גרם,false,,4.90,0.0245,true,1,22867
7290107951715,false,צנצנת מסטיק מאסט קוביות בטעם ענבים 58 ג' עלית,אסקום קונפקשיין,IL,מאסט צנצנת קוביות ענ,גרמים,58.00,100 גרם,false,,10.90,0.1879,true,1,22883
7290107953559,false,"מארז קפה טורקי עלית לדרך כשל""פ 168 גרם",הנסיך- מפעל לייצור ט,IL,קפה טורקי לדרך 168 ג,גרמים,168.00,100 גרם,false,,19.90,0.1185,true,1,22894
7290107954709,false,"קונפיטורת פירות יער ""יד מרדכי"" 340 גר'","ב.א. מזון בע""\מ",IL,יד מרדכי קונפיטורת פ,גרמים,340.00,100 גרם,false,,13.90,0.0409,true,1,22915
7290107956642,false,"תרסיס שמן זית 150 מ""ל יד מרדכי כשלפ",פארייפאבה אגרואינדוס,ES,תרסיס שמן זית יד מרד,מיליליטרים,150.00,"100 מ""ל",false,,17.90,0.1193,true,1,22950
7290107956901,false,קפסולות בטעם אגוזים למכונת נספרסו עלית 10 יחידות,שטראוס קפה בי.וי.,IL,עלית קפסולות אספרסו,גרמים,150.00,100 גרם,false,,18.90,0.1260,true,1,22957
7290107958035,false,יוגורט במתיקות מעודנת 2% ללא תוספת סוכר- מארז 8 יח,"שטראוס בריאות בע""\מ",IL,8 דנונה מתיקות מעודנ,קילוגרמים,1.20,"ק""ג",false,,18.90,15.7500,true,1,23887
7290107958639,false,"מטבוחה מרוקאית חריפה 400 גרם ""אחלה""",מיוצר עי קונדיטוריית,IL,אחלה מטבוחה מרוקאית,גרמים,400.00,100 גרם,false,,16.90,0.0422,true,1,23893
7290107973809,false,שימורי עגבניות קוביות 400 ג' מאסטר שף,פראנו אריקו ופיגלי ס.פ.א,IT,קוביות עגבניות מאסטר,גרמים,400.00,100 גרם,false,,6.90,0.0173,true,1,21708
7290107973861,false,מאסטר שף עגבניות קצוצות דק שלישיה 400ג*3 כשלפ,קונסרזיו קאסאלאסקו ד,IT,עגבניות קצוצות דק מא,קילוגרמים,1.20,"ק""ג",false,,17.90,14.9167,true,1,21709
7290107974066,false,"עלי טורטיה קמח מלא 20ס""מ 8יח' מאסטר שף 320ג'",אלקאטי קורביישיסי גי,ES,עלי טורטיה קמח מלא מ,גרמים,320.00,100 גרם,false,,11.90,0.0372,true,1,21714
7290107974073,false,מנה עלי טורטיה קמח לבן מ.שף 20 סמ 320 גר,אלקאטי קורביישיסי גי,ES,עלי טורטיה קמח לבן מ,גרמים,320.00,100 גרם,false,,11.90,0.0372,true,1,21715
7290107974301,false,ליידי ספיד סטיק - דאודורנט ג'ל לאישה אלוורה 45 גרם,ליידי ספיד סטיק Lady Speed Stick,US,דיאודורנט ג'ל אלוורה,גרמים,65.00,100 גרם,false,,18.90,0.2908,true,1,21717
7290107975544,false,"קולגייט משחת שיניים סמיילס ברבי לגילאי 6 50מ""ל",קולגייט- פלמוליב,PL,קולגייט מ.שיניים סמי,מיליליטרים,50.00,"100 מ""ל",false,,12.90,0.2580,true,1,21737
7290107976916,false,"סבון ידיים משאבה פלמוליב זיתים 300 מ""ל",פלמוליב Palmolive,IT,פלמוליב סבון ידיים ח,מיליליטרים,300.00,"100 מ""ל",false,,10.90,0.0363,true,1,21759
7290107977456,false,"פלמוליב - ג'ל רחצה ושמפו ספורט לגבר 750 מ""ל",קולגייט פלמוליב,TR,פלמוליב לגבר 2 ב-1 ג,מיליליטרים,750.00,"100 מ""ל",false,,21.90,0.0292,true,1,180842
7290107978323,false,איטריות דקיקות מאסטר שף 400 גרם,הדקלאים אגודת שיתופי,PL,איטריות דקיקות מאסטר,גרמים,400.00,100 גרם,false,,6.90,0.0173,true,1,21763
7290107978330,false,מאסטר שף איטריות דקות 400 גרם,הדקלאים אגודת שיתופי,PL,איטריות דקות מאסטר ש,גרמים,400.00,100 גרם,false,,6.90,0.0173,true,1,21764
7290107978453,false,חטיף בטעם גריל קראנצ,קראנצ'וס,IL,קראנצו'ס גריל 55 גרם,גרמים,55.00,100 גרם,false,,3.90,0.0709,true,1,21768
7290107979184,false,"תבניות אלומיניום פלוס נייר אפייה 32/26 ס""מ L",HAI PLASTIC,CN,קוקי תבנית אלומניום,יחידה,0.00,יחידה,false,,12.90,0.0000,true,1,21778
7290108350258,false,נייר טואלט סנו סופט מוגדל סנו 12 יחידות,מפעלי ברונוס בעמ,IL,סופט נייר טואלט גליל,מטרים,180.00,מטר,false,,44.90,0.2494,true,1,30621
7290108350531,false,סנו ספארק נוזל כלים בניחוח קלאסי עם משאבה 1 ל',מיוצר עי קונדיטוריית,IL,סנו ספארק משאבה בניח,ליטרים,1.00,ליטר,false,,12.90,12.9000,true,1,30627
7290108350548,false,סנו ספארק נוזל כלים בניחוח לבנדר עם משאבה 1 ל',מיוצר עי קונדיטוריית,IL,סנו ספארק משאבה בניח,ליטרים,1.00,ליטר,false,,12.90,12.9000,true,1,30628
7290108350555,false,נוזל כלים סנו ספארק Spark היפואלרגני פריחת השקד,סנו ספארק,IL,סנו ספארק משאבה בניח,ליטרים,1.00,ליטר,false,,12.90,12.9000,true,1,30629
7290108350616,false,סנו - מקסימה מרכך כביסה מרוכז פריחה כחולה 1 ליטר,"סנו מפעלי ברונוס בע""\מ",IL,מרכך כביסה מקסימה סו,יחידה,0.00,יחידה,false,,19.90,0.0000,true,1,30634
7290108350623,false,מרכך כביסה סופר מרוכז סופט סילק מקסימה 1 ל' סנו,"סנו מפעלי ברונוס בע""\מ",IL,מרכך כביסה מקסימה סו,יחידה,0.00,יחידה,false,,19.90,0.0000,true,1,30635
7290108351149,false,ג'ל ניקוי כללי בתוספת אבקת סודה ריח כביסה סנו ג'ט 1.5 ליטר,"סנו מפעלי ברונוס בע""\מ",IL,סנו ג`ט פלוס לניקוי,יחידה,0.00,יחידה,false,,13.90,0.0000,true,1,30666
7290108351507,false,מרכך כביסה אינספרישיין סנו מקסימה 4 ליטר,סנו מקסימה,IL,מרכך כביסה סנו מקסימ,ליטרים,4.00,ליטר,false,,23.90,5.9750,true,1,30669
7290108351590,false,"סנופרש הום בלו בלוסון בניחוח מרכך כביסה 350 מ""ל",סנו פרש Fresh,IL,סנו פרש BLUE BLOSSOM,מיליליטרים,350.00,"100 מ""ל",false,,12.90,0.0369,true,1,30677
7290108351613,false,סנו ריצפז פרש הום 2 ליטר בניחוח מלון חלומי,"סנו מפעלי ברונוס בע""\מ",IL,ריצפז פרש הום מלון ח,ליטרים,2.00,ליטר,false,,22.90,11.4500,true,1,30679
7290108351699,false,סנו - ג'ט מטליות לחות לניקוי כללי בתוספת חומץ לבנדר שלישיה,סנו מפעלי ברונוס על,IL,מגבונים ג'ט+חומץ מאר,יחידה,0.00,יחידה,false,,21.90,0.0000,true,1,30687
7290108351781,false,ג'ל לניקוי אסלות + חומץ ומלח לימון בריח הדרים,"סנו מפעלי ברונוס בע""",IL,סנו ג'ט+לניקוי אסלות,מיליליטרים,750.00,"100 מ""ל",false,,12.90,0.0172,true,1,30692
7290108351804,false,מרכך כביסה סופר מרוכז Gentl Breeze סנו מקסימה 1 ליטר,מיוצר עי קונדיטוריית,IL,סנו מקסימה מרכך כביס,יחידה,0.00,יחידה,false,,19.90,0.0000,true,1,30693
7290108351811,false,מרכך כביסה סופר מרוכז Floral touch סנו מקסימה 1 ליטר,מיוצר עי קונדיטוריית,IL,סנו מקסימה מרכך כביס,יחידה,0.00,יחידה,false,,19.90,0.0000,true,1,30694
7290108351927,false,סנו ספארק טבליות למדיח 70 יחידות,גרופה אינקו,PL,סנו ספארק טבליות למד,קילוגרמים,1.40,"ק""ג",false,,45.90,32.7857,true,1,30701
7290108351934,false,סנובון סבון אסלה מוצק RINGS בניחוח לימון שלישיה,החברה הדרומית,PL,סנובון סבון אסלה מוצ,יחידה,0.00,יחידה,false,,14.90,0.0000,true,1,30702
7290108351941,false,סנובון סבון אסלה מוצק RINGS בניחוח יערות שלישיה,SWARZEDZ DRAMERSSA,PL,סנובון סבון אסלה מוצ,יחידה,0.00,יחידה,false,,14.90,0.0000,true,1,30703
7290108351989,false,סנופרש הום מבשם לבית בניחוח מלון מפנק,מיוצר עי קונדיטוריית,IL,סנו פרש הום יבש לבית,יחידה,200.00,יחידה,false,,12.90,0.0645,true,1,30707
7290108352009,false,סנו ספארק קפסולות למדיח כלים 50 יחידות,טרופיקל דגיל תעשיות,PL,קפסולות למדיח ספארק,יח',50.00,יח',false,,43.90,0.8780,true,1,66101
7290108352108,false,משחת שיניים אורביטול רעננות חריפה 145 גר,טרופיקל דגיל תעשיות קוסמ,IL,אורביטול משחת שיניים,גרמים,145.00,100 גרם,false,,15.90,0.1097,true,1,82306
7290108352214,false,סנו - מקסימה קפסולות כביסה בניחוח בריזה מרעננת 40 יח',טרופיקל דגיל תעשיות,IL,קפסולות כביסה בניחוח,גרמים,840.00,100 גרם,false,,37.90,0.0451,true,1,69818
7290108352269,false,סנו מטליות לחיטוי ולניקוי בדלי 400 יחידו,החברה הדרומית,IL,מטליות לחיטוי ולניקו,יחידה,0.00,יחידה,false,,33.90,0.0000,true,1,66102
7290108352276,false,מגבונים לניקוי וחיטוי יסודי לרצפה 10 יח 99.9%,"סנו מפעלי ברונס בע""\מ",IL,מטליות לחיטוי ולניקו,יחידה,0.00,יחידה,false,,16.90,0.0000,true,1,59698
7290108352412,false,"סנו - פרש הום מבשם לבית ולטקסטיל ורד אנגלי ועלים 300 מ""ל",מיוצר עי קונדיטוריית,IL,סנו פרש הום מטהר אוי,מיליליטרים,300.00,"100 מ""ל",false,,13.90,0.0463,true,1,82374
7290108352443,false,סנובון מוצק לניקוי אסלה כחול סנו 3 יחידות,סנו מפעלי ברונוס בעמ,IL,סנובון מוצק שלישיה כ,גרמים,165.00,100 גרם,false,,17.90,0.1085,true,1,93910
7290108352481,false,"סנומוד מטהר אוויר נרסיסו סנו 150 מ""ל","סנו מפעלי ברונוס בע""\מ",IL,מטהר אוויר סנומוד טר,מיליליטרים,150.00,"100 מ""ל",false,,12.90,0.0860,true,1,127992
7290108352535,false,סנו - מקסימה דפי בישום לחים למייבש הכביסה בניחוח מרכך כביסה,טרופיגל דגיל תעשיות קוסמ,IL,דפי בישום לחים למייב,יחידה,0.00,יחידה,false,,13.90,0.0000,true,1,200994
7290108352641,false,סנו סושי מטלית הפלא לניקוי כללי במארז שלישייה,סנו מפעלי ברונוס.,IL,סנו סושי מטלית הפלא,יחידה,0.00,יחידה,false,,15.90,0.0000,true,1,30716
7290108352672,false,צמד מטליות הפלא לרצפה מיקרפייבר סנו סושי,סנו מפעלי ברונוס.,CN,סנו סושי זוג מטלית ה,יחידה,0.00,יחידה,false,,20.90,0.0000,true,1,30719
7290108352696,false,"סנו סושי- ניילון נצמד+ רחב במיוחד 45 ס""מ",פפין ונטג,IL,סנו סושי- ניילון נצמ,יחידה,0.00,יחידה,false,,32.90,0.0000,true,1,30721
7290108352702,false,סנו סופט שלישיית מגבוני טואלט נשטפים בוב ספוג 48 יחידות,סנו סופט Soft,IL,שלישיית מגבוני טואלט,יחידה,0.00,יחידה,false,,16.90,0.0000,true,1,30722
7290108352795,false,סנו סושי שקיות M זיפר 50 יחידות,פיין ונטג,CN,סנו סושי שקיות זיפר,יחידה,0.00,יחידה,false,,13.90,0.0000,true,1,30725
7290108352801,false,"שקיות אשפה לפחים קטנים 45 * 56 ס""מ סנו סושי 100 יחידות","סנו מפעלי ברונוס בע""מ",IL,סנו סושי 100 שקיות א,יח',100.00,יח',false,,22.90,0.2290,true,1,30726
7290108352900,false,מגבות נייר בגליל כפול סנו סושי 12=6 גלילים,סנו מפעלי ברונוס בעמ,IL,סנו סושי מגבות נייר,יחידה,0.00,יחידה,false,,22.90,0.0000,true,1,30735
7290108353006,false,סנו סושי - שקיות אוכל נקשרות 250 יחידות XL,מיוצר עי קונדיטוריית,IL,סנו סושי 250 שקיות א,יחידה,0.00,יחידה,false,,14.90,0.0000,true,1,30745
7290108353068,false,ספוג הפלא נירוסטה עם סיבי קירצוף סנו סושי 2 יח',מיוצר עי קונדיטוריית,CN,סנו סושי-כרית קרצוף,יח',3.00,יח',false,,10.90,3.6333,true,1,30751
7290108353075,false,מפיות אירוח גדולות ועבות סנו סושי 50 יחידות,האנק טישו,PL,סנו סושי 50 מפיות אי,יחידה,0.00,יחידה,false,,11.90,0.0000,true,1,30752
7290108353099,false,ממחטות אף במארז ניילון סנו סופט 5 יח' * 100 דף,טרופיקל דגיל תעשיות,IL,סנו סופט 500 ממחטות,יחידה,0.00,יחידה,false,,13.90,0.0000,true,1,30754
7290108353372,false,אורביטול צמד מברשות שיניים 12000 סיבי פחם,"קוסמופארם בע""\מ",IL,אורביטול מברשת שיניי,יחידה,0.00,יחידה,false,,32.90,0.0000,true,1,304404
7290108353556,false,נייר טואלט סנו סופט שלוש שכבות 32 גלילים,טרופיקל דגיל תעשיות,IL,נייר טואלט סנו סופט,יחידה,0.00,יחידה,false,,45.90,0.0000,true,1,70889
7290108353792,false,"תחליב רחצה יפן נקה 7 בניחוח פריחת הדובדבן 750 מ""ל","אמיליה קוסמטיקס בע""מ",IL,תחליב רחצה יפן פריחת,מיליליטרים,750.00,"100 מ""ל",false,,12.90,0.0172,true,1,101440
7290108354164,false,"כיף שלישיית אל סבון קטיפתי מועשר בשמנים 3*500 מ""ל",טרופיקל דגיל תעשיות,IL,כיף שלישיית אלסבון ק,ליטרים,1.50,ליטר,false,,20.90,13.9333,true,1,113566
7290108354270,false,מרכך כביסה מרוכז בבישום עוצמתי 1 ל' סנו מקסימה,מיוצר עי קונדיטוריית,IL,מרכך בבישום עוצמתי מ,ליטרים,1.00,ליטר,false,,19.90,19.9000,true,1,200910
7290108354591,false,"תחליב רחצה בניחוח מי קקטוס ושמן באבאסו 750 מ""ל נקה 7","אמיליה קוסמטיקס בע""מ",IL,תחליב רחצה ביו נקה,מיליליטרים,750.00,"100 מ""ל",false,,12.90,0.0172,true,1,287186
7290108354607,false,"שמפו בניחוח מי קקטוס ושמן באבאסו 750 מ""ל נקה 7","אמיליה קוסמטיקס בע""מ",IL,שמפו ביו נקה 7 750 מ,מיליליטרים,750.00,"100 מ""ל",false,,12.90,0.0172,true,1,287171
7290108354614,false,"מרכך בניחוח מי קקטוס ושמן באבאסו 750 מ""ל נקה 7","אמיליה קוסמטיקס בע""מ",IL,מרכך לשיער ביו נקה 7,מיליליטרים,750.00,"100 מ""ל",false,,12.90,0.0172,true,1,287172
7290108355031,false,"נקה 7 אל סבון לילדים מיניונים 750 מ""ל",קוסמופארם בע'\'\מ,IL,אל סבון מיניונים נקה,מיליליטרים,750.00,"100 מ""ל",false,,12.90,0.0172,true,1,30779
7290108356137,false,"כיף - תחליב רחצה לבנדר 700 מ""ל",קוסמופארם,IL,תחליב רחצה לבנדר כיף,מיליליטרים,700.00,"100 מ""ל",false,,13.90,0.0199,true,1,30828
7290108356151,false,"תחליב רחצה כיף מאסק יסמין 700 מ""ל",גוד פוד פרודקטס S.p,IL,תחליב רחצה מאסק יסמי,מיליליטרים,700.00,"100 מ""ל",false,,13.90,0.0199,true,1,30829
7290108356229,false,ג'ל גילוח לכל סוגי העור מועשר בפחם פעיל,טרופיקל דגיל תעשיות,TR,גל גילוח קרמה מן קרב,מיליליטרים,200.00,"100 מ""ל",false,,11.90,0.0595,true,1,82360
7290108356519,false,קרליין שמפו 10למניעת קשקשים 700מל,"קוסמופארם בע""\מ",IL,שמפו לשיער בתוספת שמ,מיליליטרים,700.00,"100 מ""ל",false,,14.90,0.0213,true,1,227747
7290108356526,false,"קרליין - שמפו 10 לשיער יבש 700 מ""ל","קוסמופארם בע""\מ",IL,שמפו לשיער יבש קרליי,מיליליטרים,700.00,"100 מ""ל",false,,14.90,0.0213,true,1,227761
7290108356564,false,"קרליין - מרכך 10 לשיער רגיל 700 מ""ל","קוסמופארם בע""\מn\",IL,מרכך לשיער רגיל קרלי,מיליליטרים,700.00,"100 מ""ל",false,,14.90,0.0213,true,1,227791
7290108357004,false,כיף שמפו ורד ושמן קוקוי לרכות וברק,טרופיקל דגיל תעשיות,IL,כיף שמפו לשיער ורד ו,מיליליטרים,700.00,"100 מ""ל",false,,12.90,0.0184,true,1,30831
7290108357196,false,"ג'ט פלוס לניקוי כללי בתוספת תמצית עץ התה 750 מ""ל סנו",מיוצר עי קונדיטוריית,IL,סנו ג'ט פלוס לניקוי,מיליליטרים,750.00,"100 מ""ל",false,,13.90,0.0185,true,1,163185
7290108357202,false,סנוקליר לניקוי בניחוח בלו בלוסום 1 ליטר,"סנו מפעלי ברונוס בע""\מ",IL,סנו קליר אקדח בניחוח,ליטרים,1.00,ליטר,false,,12.90,12.9000,true,1,128462
7290108357264,false,"פרש אוטומטי מילוי בניחוח מרכך הכביסה אולטרה 375 מ""ל סנו",סנו מפעלי ברונוס בעמ,IL,מבשם לבית בניחוח אול,גרמים,250.00,100 גרם,false,,14.90,0.0596,true,1,287961
7290108357288,false,אקונומיקה ז'אוול בניחוח פריחה לבנה 4 ל' סנו,סנו ז'אוול Javel,IL,סנו ז'אוול בניחוח פר,ליטרים,4.00,ליטר,false,,17.90,4.4750,true,1,244840
7290108357707,false,"כיף שמפו לשיער רגיל- תפוח זרעי צ'יה 700 מ""ל",גוד פוד פרודקטס S.p,IL,שמפו לשיער רגיל תפוח,מיליליטרים,700.00,"100 מ""ל",false,,12.90,0.0184,true,1,30835
7290108357714,false,"כיף שמפו לשיער יבש -רימונים ושמן ארגן 700 מ""ל",גוד פוד פרודקטס S.p,IL,שמפו לשיער יבש רימונ,מיליליטרים,700.00,"100 מ""ל",false,,12.90,0.0184,true,1,30836
7290108357769,false,"מרכך לשיער רגיל תפוח וזרעי צ'יה 700 מ""ל כיף",גוד פוד פרודקטס S.p,IL,מרכך לשיער רגיל תפוח,מיליליטרים,700.00,"100 מ""ל",false,,12.90,0.0184,true,1,30840
7290108357776,false,"כיף מרכך לשיער יבש -רימונים ושמן ארגן 700 מ""ל",גוד פוד פרודקטס S.p,IL,מרכך לשיער יבש רימונ,מיליליטרים,700.00,"100 מ""ל",false,,12.90,0.0184,true,1,30841
7290108357837,false,כיף אל סבון 1 ליטר ג'נסינג שקית מילוי + פקק,"קוסמופארם בע""\מ",IL,אל סבון כיף שקית מיל,ליטרים,1.00,ליטר,false,,9.90,9.9000,true,1,288087
7290108358117,false,"פרש הום מקלות ריחניים לבית בניחוח כביסה רעננה 100 מ""ל",החברה הדרומית,IL,מקלות ריחניים לבית ב,מיליליטרים,100.00,"100 מ""ל",false,,21.90,0.2190,true,1,243239
7290108359060,false,סנו סושי כריות הפלא רב תכלתיות *4 לשבת,סנו מפעלי ברונו בעמ,IL,כריות ניקוי לשבת 4 י,יחידה,0.00,יחידה,false,,12.90,0.0000,true,1,202733
7290108359077,false,סנו - סופט לושן ממחטות אף בקופסא 3 שכבות 120 יח',"סנו מפעלו ברונוס בע""\מ",EG,ממחטות אף בקופסא 3 ש,יחידה,0.00,יחידה,false,,12.90,0.0000,true,1,229357
7290108359084,false,סנו סושי כיסוי ניילון עם גומי 30 יחידות M,תאיזו ווילד,IL,סנו סושי כיסוי ניילו,יחידה,0.00,יחידה,false,,12.90,0.0000,true,1,332228
7290108359169,false,"תבנית אלומיניום עגולה 628 ס""מ יחי סנו סושי","אופל אריזות בע""\מ",IL,סנו סושי-6 תבניות אל,יחידה,0.00,יחידה,false,,12.90,0.0000,true,1,328738
7290108359190,false,סנו סושי מגבות נייר בגליל כפול פי 3,סנו סושי,IL,סנו סושי מגבות הפלא,יחידה,0.00,יחידה,false,,26.90,0.0000,true,1,349137
7290108359831,false,"כיף - בייבי כיף שמן 500 מ""ל","מיוצר ומשווק ע""י קוס",IL,שמן גוף בייבי כיף 50,מיליליטרים,500.00,"100 מ""ל",false,,22.90,0.0458,true,1,30845
7290108359985,false,סנו - ז'אוול מרסס קצף לניקוי וחינו בניחוח פריחה לבנה 1 ליטר,סנו ז'אוול Javel,IL,אקונומיקה מרסס עם ממ,ליטרים,1.00,ליטר,false,,19.90,19.9000,true,1,244956
7290108468847,false,גרביי גבים זוגות,,,גרביי גבים זוגות,יחידה,0.00,יחידה,false,,15.90,0.0000,true,1,1659
7290108500677,false,כבד דג שיבוט בשמן דג וילי פוד 115 גרם,"איטיליאן פוד, אס.פי.",IS,כבד דג שיבוט בשמן וי,גרמים,115.00,100 גרם,false,,10.90,0.0948,true,1,3046
7290108502336,false,גבינת גורגונזולה איטלקית 150 גרם 29% שומן,איגור SRL,IT,גבינת גורגונזולה איט,גרמים,150.00,100 גרם,false,,24.90,0.1660,true,1,3134
7290108502558,false,גבינת שמנת טעם טבעי לייט ויליפוד 200 גרם,אטלסר&אלפרי קאסורק,DE,גבינת שמנת לייט טעם,גרמים,200.00,100 גרם,false,,13.90,0.0695,true,1,3153
7290108502862,false,מלפפונים כבושים במלח 18-25 קטנים ויליפוד 600 גרם,זיתור סאן גידה סני וטיקר,TR,מלפפונים כבושים במלח,גרמים,600.00,100 גרם,false,,11.90,0.0198,true,1,3170
7290108503043,false,תפוחונים חטיף פלחים מיובשים מארז 22X4ג',הביי דונגפנג פוד קו. בעמ,CN,מארז רביעייה תפוחוני,גרמים,88.00,100 גרם,false,,14.90,0.1693,true,1,3181
7290108505726,false,אצבעות גבינת חצי קשה EURO CHEESE ויליפוד 200 גרם,סאסו פטוראגס קומטויס אף,TR,אצבעות גבינה חצי קשה,גרמים,200.00,100 גרם,false,,14.90,0.0745,true,1,72795
7290108506488,false,סופלה שוקולד קפוא ויליפוד 200 גרם,ארמה גרופ,TR,סופלה שוקולד קפוא 20,גרמים,200.00,100 גרם,false,,17.90,0.0895,true,1,65258
7290108506495,false,"כנאפה מאפה בצק ""שערות"" קדאיף וגבינה",ארמה גרופ,TR,כנאפה קפוא 192.5 גרם,גרמים,192.50,100 גרם,false,,16.90,0.0878,true,1,65259
7290108506501,false,אצבעות בצק פילו ממולאות גבינה 500 ג' ויליפוד,סיהאן גידה,TR,אצבעות בצק פילו ממול,גרמים,500.00,100 גרם,false,,18.90,0.0378,true,1,253250
7290108506518,false,אצבעות בצק פילו ממולאות גבינה ותרד 500 ג' ויליפוד,סיהאן גידה,TR,אצבעות בצק פילו ממול,גרמים,500.00,100 גרם,false,,18.90,0.0378,true,1,253234
7290108509106,false,"גבינה בולגרית מעודנת בקוביות 13% שומן 200 ג' חת""ס פ""ת","היצרן: קוליוס אס. איי, ג",TR,גבינה בולגרית מעודנת,גרמים,200.00,100 גרם,false,,13.90,0.0695,true,1,168658
7290108509700,false,"אורז פרסי DAAWAT מהדרין 1 ק""ג",אל.טי.פודס לימיטד,IN,"אורז פרסי 1 ק""ג DAAW",קילוגרמים,1.00,"ק""ג",false,,10.90,10.9000,true,1,203747
7290108509755,false,EURO גבינת חלומי 23% שומן 250 גרם,סאסו פטוראגס קומטויס אף,CY,גבינת חלומי יורו 25,גרמים,250.00,100 גרם,false,,24.90,0.0996,true,1,348783
7290108509960,false,נתחי טונה בהירה בשמן זית כתית מעולה - מארז 3 יח',וילי פוד,TH,שלישיית נתחי טונה בה,גרמים,240.00,100 גרם,false,,15.90,0.0663,true,1,223885
7290109353272,false,פרפקטו ספגטי עתיר בסיבים אסם 500 גרם,פסטה זארה,IT,ספגטי עתיר בסיבים פר,גרמים,500.00,100 גרם,false,,7.90,0.0158,true,1,19140
7290109580135,false,קורנדביף פרימיום 180 גרם זוגלובק,זוגלובק,IL,קורנדביף זוגלובק פרמ,גרמים,180.00,100 גרם,false,,26.90,0.1494,true,1,135527
7290109920603,false,"אסטוניש קרם לניקוי המטבח 500 מ""ל",יעקובי אסטוניש,GB,אסטוניש קרם מטבח 500,מיליליטרים,500.00,"100 מ""ל",false,,14.90,0.0298,true,1,11401
7290109921334,false,אידיאל פרוטקט יעקבי 15 דפי כביסה,יעקובי,ES,יעקבי דפי כביסה אידא,יחידה,0.00,יחידה,false,,16.90,0.0000,true,1,11418
7290110058814,false,שלישית ביצי שוקולד (חלב ישראל) סמיילי (3X24),מונדזיר,IT,שלישיית ביצי שוקולד,גרמים,60.00,100 גרם,false,,14.90,0.2483,true,1,33412
7290110110659,false,"ספרייט לימון ליים פחית 330מ""ל",החברה המרכזית לייצור משק,IL,סליק ספרייט חדש 330,מיליליטרים,330.00,"100 מ""ל",false,,5.50,0.0167,true,1,7196
7290110113377,false,מארז רביעיית קוקה קולה 1 ליטר,החברה המרכזית לייצור משק,IL,מארז רביעיות קוקה קו,ליטרים,4.00,ליטר,false,,29.90,7.4750,true,1,125896
7290110113384,false,קוקה קולה זירו מארז רביעיה 1X4 ליטר,החברה המרכזית לייצור משק,IL,מארז רביעיות קוקה קו,ליטרים,4.00,ליטר,false,,28.90,7.2250,true,1,125897
7290110114787,false,נביעות+ מים מינרליים בטעם תפוח 1.5 ליטר,נביעות טבע הגליל בעמ,IL,נביעות + תפוח 1.5 לי,ליטרים,1.50,ליטר,false,,9.50,6.3333,true,1,205328
7290110114794,false,נביעות+ מים מינרליים בטעם אפרסק 1.5 ליטר,"נביעות טבע הגליל בע""\מ ,",IL,נביעות + אפרסק 1.5 ל,ליטרים,1.50,ליטר,false,,9.50,6.3333,true,1,205329
7290110114800,false,נביעות+ מים מינרליים בטעם ענבים 1.5 ליטר,"נביעות טבע הגליל בע""\מ",IL,נביעות + ענבים 1.5 ל,ליטרים,1.50,ליטר,false,,9.50,6.3333,true,1,205344
7290110114855,false,"נביעות מים מינרליים, שישיה 6 * 1.5 ליטר פקדון",נביעות טבע הגליל בעמ,IL,מי נביעות שישייה 1.5,ליטרים,9.00,ליטר,false,,14.90,1.6556,true,1,205385
7290110114886,false,פריגת סחוט טרי קלמנטינה 2 ליטר,פריגת מצוננים,IL,פריגת משקה קלמנטינה,ליטרים,2.00,ליטר,false,,29.20,14.6000,true,1,205197
7290110114893,false,פריגת סחוט טרי תפוז 2 ליטר,פריגת מצוננים,IL,פריגת סחוט תפוזים 2,ליטרים,2.00,ליטר,false,,29.20,14.6000,true,1,205226
7290110114961,false,משקה קל תפוזים פריגת 1.5 ליטר,מבשלות בירה בינלאומיות ב,IL,פריגת תפוזים 1.5 ליט,ליטרים,1.50,ליטר,false,,9.90,6.6000,true,1,205399
7290110114985,false,משקה קל אשכוליות פריגת 1.5 ליטר,מבשלות בירה בינלאומיות ב,IL,פריגת אשכולית 1.5 לי,ליטרים,1.50,ליטר,false,,9.90,6.6000,true,1,205414
7290110115005,false,משקה קל ענבים פריגת 1.5 ליטר,מבשלות בירה בינלאומיות ב,IL,פריגת ענבים 1.5 ליטר,ליטרים,1.50,ליטר,false,,9.90,6.6000,true,1,205442
7290110115012,false,מיץ ענבים בניחוח מרלו 1.5 ל' פריגת,פריגת,IL,פריגת ענבים בניחוח מ,ליטרים,1.50,ליטר,false,,9.90,6.6000,true,1,205443
7290110115029,false,"פריגת משק""ל תפוח 1.5 ליטר פיקדון",מבשלות בירה בינלאומיות ב,IL,פריגת תפוחים 1.5 ליט,ליטרים,1.50,ליטר,false,,9.90,6.6000,true,1,205470
7290110115036,false,משקה קל מנגו פריגת 1.5 ליטר,מבשלות בירה בינלאומיות ב,IL,פריגת מנגו 1.5 ליטר,ליטרים,1.50,ליטר,false,,9.90,6.6000,true,1,205471
7290110115043,false,משקה קל לימונענע פריגת 1.5 ליטר,מבשלות בירה בינלאומיות ב,IL,פריגת לימונענע 1.5 ל,ליטרים,1.50,ליטר,false,,9.90,6.6000,true,1,205486
7290110115050,false,פריגת מיקס תות בננה 1.5 ליטר פיקדון,מבשלות בירה בינלאומיות ב,IL,פריגת מיקס תות בננה,ליטרים,1.50,ליטר,false,,9.90,6.6000,true,1,205487
7290110115067,false,פריגת אפרסק 1.5 ליטר פיקדון,מבשלות בירה בינלאומיות ב,IL,פריגת אפרסק 1.5 ליטר,ליטרים,1.50,ליטר,false,,9.90,6.6000,true,1,205562
7290110115081,false,פריגת צלול ענבים 1.5 ליטר פיקדון,"מבשלות בירה לישראל בע""\מ",IL,פריגת צלול ענבים 1.5,ליטרים,1.50,ליטר,false,,9.90,6.6000,true,1,205593
7290110115111,false,פריגת צלול אננס 1.5 ליטר פיקדון,"מבשלות בירה לישראל בע""\מ",IL,פריגת צלול אננס 1.5,ליטרים,1.50,ליטר,false,,9.90,6.6000,true,1,205596
7290110115180,false,מים מינרלים נביעות 1.5 ליטר,"נביעות טבע הגליל בע""",IL,נביעות 1.5 ליטר,ליטרים,1.50,ליטר,false,,4.20,2.8000,true,1,221798
7290110115203,false,קוקה קולה 1.5 ליטר פיקדון,החברה המרכזית לייצור משק,IL,קוקה קולה 1.5 ליטר,ליטרים,1.50,ליטר,false,,8.90,5.9333,true,1,205613
7290110115210,false,דיאט קוקה קולה 1.5 ליטר פיקדון,החברה המרכזית לייצור משק,IL,דיאט קוקה קולה 1.5 ל,ליטרים,1.50,ליטר,false,,8.90,5.9333,true,1,205614
7290110115227,false,קוקה-קולה זירו בקבוק 1.5 ליטר,החברה המרכזית לייצור משק,IL,קוקה קולה זירו בקבוק,ליטרים,1.50,ליטר,false,,8.90,5.9333,true,1,205615
7290110115234,false,קוקה-קולה זירו נטול בקבוק 1.5 ליטר,החברה המרכזית לייצור משק,IL,קולה ZERO נטול 1.5 ל,ליטרים,1.50,ליטר,false,,8.90,5.9333,true,1,205632
7290110115241,false,קוקה-קולה זירו לימון בקבוק 1.5 ליטר,החברה המרכזית לייצור משק,IL,קולה ZERO לימון 1.5,ליטרים,1.50,ליטר,false,,8.90,5.9333,true,1,205633
7290110115265,false,ספרייט לימון ליים 1.5 ליטר-,החברה המרכזית לייצור משק,IL,ספרייט 1.5 ליטר LIME,ליטרים,1.50,ליטר,false,,8.90,5.9333,true,1,205693
7290110115272,false,ZERO ספרייט זירו 1.5 ליטר פיקדון,החברה המרכזית לייצור משק,IL,ספרייט זירו 1.5 ליטר,ליטרים,1.50,ליטר,false,,8.90,5.9333,true,1,205694
7290110115296,false,משקה מוגז אורנג' פאנטה 1.5 ליטר,החברה המרכזית לייצור משק,IL,פאנטה אורנג' 1.5 ליט,ליטרים,1.50,ליטר,false,,9.90,6.6000,true,1,205750
7290110115302,false,משקה מוגז אורנג' זירו פאנטה 1.5 ליטר,החברה המרכזית לייצור משק,IL,פאנטה זירו בטעם אורנ,ליטרים,1.50,ליטר,false,,9.90,6.6000,true,1,205751
7290110115333,false,פאנטה תות 1.5 ליטר פיקדון,החברה המרכזית לייצור משק,IL,פאנטה תות 1.5 ליטר,ליטרים,1.50,ליטר,false,,9.90,6.6000,true,1,205782
7290110115357,false,קינלי סודה 1.5 ליטר פיקדון,החברה המרכזית לייצור משק,IL,קינלי סודה 1.5 ליטר,ליטרים,1.50,ליטר,false,,5.50,3.6667,true,1,205810
7290110115364,false,שישייה קוקה קולה 1.5 ליטר פיקדון,החברה המרכזית לייצור משק,IL,קוקה קולה 6*1.5 ליטר,ליטרים,9.00,ליטר,false,,49.90,5.5444,true,1,205635
7290110115371,false,דיאט קוקה קולה שישיות 1.5 ליטר פיקדון,החברה המרכזית לייצור משק,IL,קוקה קולה דיאט 6*1.,ליטרים,9.00,ליטר,false,,49.90,5.5444,true,1,205650
7290110115418,false,מארז שישייה קוקה קולה זירו 1.5 ל',החברה המרכזית לייצור משק,IL,קוקה קולה זירו שישיי,ליטרים,9.00,ליטר,false,,49.90,5.5444,true,1,205651
7290110115449,false,אייס תה בטעם מנגו אננס 1.5ל' FUZE TEA,מבשלות בירה בינלאומיות ב,IL,פיוז טי מנגו אננס 1.,ליטרים,1.50,ליטר,false,,9.50,6.3333,true,1,205827
7290110115456,false,"תה קר בטעם אפרסק 19 קלוריות ב- 100 מ""ל",מבשלות בירה בינלאומיות ב,IL,פיוז טי אפרסק 19 קל,ליטרים,1.50,ליטר,false,,8.90,5.9333,true,1,205828
7290110115463,false,פיוז טי אפרסק 1.5 ליטר פיקדון,מבשלות בירה בינלאומיות ב,IL,פיוז טי אפרסק 1.5 לי,ליטרים,1.50,ליטר,false,,9.50,6.3333,true,1,205843
7290110115494,false,תה קר בטעם ענבים פיוז טי 1.5 ליטר,מבשלות בירה בינלאומית בע,IL,פיוז טי ענבים 1.5 לי,ליטרים,1.50,ליטר,false,,9.50,6.3333,true,1,205860
7290110115531,false,משקה מוגז תפוח זירו פאנטה 1.5 ליטר,החברה המרכזית לייצור משק,IL,פאנטה זירו בטעם תפוח,ליטרים,1.50,ליטר,false,,9.90,6.6000,true,1,205752
7290110115593,false,פריגת אשכוליות 40% פחות סוכר 1.5 ליטר פיקדון,מבשלות בירה בינלאומיות ב,IL,משקה קל בטעם אשכוליו,ליטרים,1.50,ליטר,false,,9.90,6.6000,true,1,205578
7290110115616,false,FUZE tea zero גרין אננס 1.5 ליטר פיקדון,מבשלות בירה בינלאומיות ב,IL,פיוז טי ZERO גרין אנ,ליטרים,1.50,ליטר,false,,8.90,5.9333,true,1,234527
7290110115869,false,קוקה קולה זירו 1.5 ליטר פיקדון,תות תעשיות מזון (201,IL,קוקה קולה זירו בקבוק,ליטרים,1.50,ליטר,false,,8.90,5.9333,true,1,335514
7290110116149,false,"סירופ בטעם ענבים פריגת 750 מ""ל",סירופ - גבעת חיים,IL,סירופ פריגת טעם ענבי,מיליליטרים,750.00,"100 מ""ל",false,,21.90,0.0292,true,1,287906
7290110116156,false,נביעות+רכיבי פרי מנגו-פסיפלורה 1.5 ליטר-,"נביעות טבע הגליל בע""\מ",IL,נביעות+ פרי בטעם מנג,ליטרים,1.50,ליטר,false,,9.50,6.3333,true,1,304282
7290110116170,false,נביעות+רכיבי פרי אננס-קוקוס 1.5 ליטר-,"נביעות טבע הגליל בע""\מ",IL,נביעות+ פרי בטעם אננ,ליטרים,1.50,ליטר,false,,9.50,6.3333,true,1,304283
7290110116194,false,נביעות+ סדרת 0 קלוריות לימון-ליים 1.5 ליטר,"נביעות טבע הגליל בע""\מ",IL,נביעות+ לימון ליים 0,ליטרים,1.50,ליטר,false,,9.90,6.6000,true,1,304328
7290110116200,false,מים 0 קלוריות בטעם לימון-ליים 0.5 ל נביעות,"נביעות טבע הגליל בע""",TW,נביעות+ פרי בטעם מנג,מיליליטרים,500.00,"100 מ""ל",false,,7.20,0.0144,true,1,304358
7290110116224,false,מים 0 קלוריות בטעם אשכולית 0.5 ל נביעות,"נביעות טבע הגליל בע""",TW,נביעות+ אשכולית 0 קל,מיליליטרים,500.00,"100 מ""ל",false,,7.20,0.0144,true,1,304359
7290110320850,false,פתיתים גבינה חצי קשה מגורדת 28% שומן,תנובה מרכז שיתופי לש,IL,עמק פתיתים 200 גרם,גרמים,200.00,100 גרם,false,,15.90,0.0795,true,1,26190
7290110320867,false,פתיתים גבינה חצי קשה מגורדת 28% שומן,תנובה מרכז שיתופי לש,IL,עמק פתיתים למאפים 28,גרמים,500.00,100 גרם,false,,36.90,0.0738,true,1,26191
7290110320935,false,גבינת מוצרלה תנובה 150ג' פרוסות,תנובה מרכז שיתופי לש,IL,פרוסות מוצרלה 150 גר,גרמים,150.00,100 גרם,false,,17.90,0.1193,true,1,26196
7290110321031,false,מעדן חלב GO יוגורט מועשר בחלבון טבעי 200 ג' יופלה,"תנובה, מחלבת אלון תב",IL,יופלה גו 200 גרם תנו,גרמים,200.00,100 גרם,false,,5.90,0.0295,true,1,26204
7290110321277,false,קוטג' בקטנה 5% תנובה 100 גרם מהדרין,פארייפאבה אגרואינדוס,IL,קוטג' תנובה בקטנה 5,גרמים,100.00,100 גרם,false,,2.60,0.0260,true,1,26222
7290110321680,false,יוגורט GO בטעם תות 20 גרם חלבון בגביע,מיוצר עי קונדיטוריית,IL,יופלה גו בטעם תות 20,גרמים,200.00,100 גרם,false,,6.20,0.0310,true,1,26245
7290110321697,false,יוגורט GO בטעם אפרסק 20 גרם חלבון בגביע,מיוצר עי קונדיטוריית,IL,יופלה גו בטעם אפרסק,מיליליטרים,200.00,"100 מ""ל",false,,6.20,0.0310,true,1,26246
7290110322038,false,"תנובה טופו פיקנטי 300 גר' בד""צ",תנובה Alternative,IL,טופו פיקנטי 300 גרם,גרמים,300.00,100 גרם,false,,13.50,0.0450,true,1,26268
7290110323714,false,משקה קוקוס שקדים תנובה E אלטרנטיב,מיוצר עי קונדיטוריית,IL,תנובה משקה קוקוס שקד,יחידה,0.00,יחידה,false,,14.70,0.0000,true,1,26343
7290110324551,false,יופלה טיוב יוגורט במרקם חלק תות כשרות מהדרין,"תנובה בע""\מ",IL,יופלה טיוב יוגורט במ,מיליליטרים,348.00,"100 מ""ל",false,,12.50,0.0359,true,1,26402
7290110324858,false,מעדן שקדים בטעם אגוזי לוז תנובה 125 גרם,מיוצר עי קונדיטוריית,IL,מעדן שקדים בטעם אגוז,גרמים,125.00,100 גרם,false,,4.90,0.0392,true,1,26422
7290110324926,false,משקה סויה ללא תוספת סוכר E אלטרנטיב,תנובה מרכז שיתופי לש,IL,משקה סויה ללא תוספת,יחידה,0.00,יחידה,false,,12.50,0.0000,true,1,26426
7290110325084,false,מאגדת שמינייה מיני קרלו שוניל 8*100גרם,"תנובה בע""\מ",IL,מאגדת שמינייה מיני ק,מיליליטרים,800.00,"100 מ""ל",false,,14.90,0.0186,true,1,26435
7290110325169,false,פרוסות גאודה תנובה 170 גרם,תנובה חלב,IL,פרוסות גאודה 170 גרם,גרמים,170.00,100 גרם,false,,18.90,0.1112,true,1,61980
7290110325305,false,יופלה GO סויה 20 גרם חלבון במתיקות מעודנת תנובה 200 גרם,מיוצר עי קונדיטוריית,IL,יופלה סויה גו 20 גרם,גרמים,200.00,100 גרם,false,,6.20,0.0310,true,1,26442
7290110325619,false,משקה שיבולת שועל תנובה E אלטרנטיב,מיוצר עי קונדיטוריית,IL,תנובה משקה שיבולת שו,יחידה,0.00,יחידה,false,,14.70,0.0000,true,1,26452
7290110325893,false,משקה חלב GO מועשר בחלבון בטעם אייס קפה,מיוצר עי קונדיטוריית,IL,משקה תנובה GO אייס ק,גרמים,340.00,100 גרם,false,,7.90,0.0232,true,1,26471
7290110326173,false,יולו COOKIES שוקולדלבן בטעם קרם עוגיות+עוגיות ונטיפי שוקולד 120 ג',תנובה חלב,IL,יולו קוקיז ש.לבן בטע,גרמים,120.00,100 גרם,false,,4.90,0.0408,true,1,70452
7290110326210,false,יופלה און טופ פצפוצים תנובה 157 גרם,מיוצר עי קונדיטוריית,IL,יופלה און טופ פצפוצי,גרמים,157.00,100 גרם,false,,5.90,0.0376,true,1,61964
7290110326227,false,יופלה און טופ קורנפלקס תנובה 157 גרם,מיוצר עי קונדיטוריית,IL,יופלה און טופ קורנפל,גרמים,157.00,100 גרם,false,,5.90,0.0376,true,1,61965
7290110326234,false,יופלה און טופ כוכבים תנובה 157 גרם,מיוצר עי קונדיטוריית,IL,יופלה און טופ כוכבים,גרמים,157.00,100 גרם,false,,5.90,0.0376,true,1,61966
7290110326241,false,יופלה און טופ גרנולה תנובה 157 גרם,מיוצר עי קונדיטוריית,IL,יופלה און טופ גרנולה,יחידה,157.00,יחידה,false,,5.90,0.0376,true,1,61967
7290110326876,false,פיראוס לאבנה עיזים 5% גביע 250 גרם,תנובה חלב,IL,לאבנה עיזים פיראוס 2,גרמים,250.00,100 גרם,false,,17.50,0.0700,true,1,343399
7290110326906,false,חלב נטול לקטוז 3% שומן תנובה 1 ליטר,מיוצר עי קונדיטוריית,IL,חלב נטול לקטוז 3% שו,ליטרים,1.00,ליטר,false,,7.90,7.9000,true,1,111377
7290110327514,false,alternative משקה שיבולת שועל בטעם אגוזי לוז תנובה 1 ליטר,תנובה מרכז שיתופי לש,IL,משקה שיבולת שועל בטע,יחידה,0.00,יחידה,false,,14.70,0.0000,true,1,169789
7290110328627,false,יוגורט יופלה GO במרקם סמיך בטעם בננה קרמל 0%,מיוצר עי קונדיטוריית,IL,יוגורט גו סמיך 0% בנ,גרמים,200.00,100 גרם,false,,6.20,0.0310,true,1,157871
7290110328764,false,יוגורט יופלה GO במרקם סמיך עם תות 0%,מיוצר עי קונדיטוריית,IL,יוגורט גו סמיך 0% תו,גרמים,200.00,100 גרם,false,,6.20,0.0310,true,1,157872
7290110328771,false,יוגורט יופלה GO במרקם סמיך עם פירות יער 0%,מיוצר עי קונדיטוריית,IL,יוגורט גו סמיך 0% פי,גרמים,200.00,100 גרם,false,,6.20,0.0310,true,1,157873
7290110329136,false,מעדן חלב מעושר בחלבון בטעם שוקולד 120 ג' GO,תנובה מרכז שיתופי לש,IL,מעדן חלב גו בטעם שוק,גרמים,120.00,100 גרם,false,,4.90,0.0408,true,1,210453
7290110329143,false,מעדן חלב מעושר בחלבון בטעם וניל גביע 120 ג' GO,תנובה מרכז שיתופי לש,IL,מעדן חלב גו בטעם וני,גרמים,120.00,100 גרם,false,,4.90,0.0408,true,1,210439
7290110329716,false,משקה חלב קר בטעם קפוצ'ינו 230 גרם תנובה,תנובה מרכז שיתופי לש,IL,קפה קר בטעם קפוצ'ינו,מיליליטרים,230.00,"100 מ""ל",false,,7.90,0.0343,true,1,267263
7290110329723,false,משקה חלב קר בטעם לאטה 230 גרם תנובה,תנובה מרכז שיתופי לש,IL,קפה קר בטעם לאטה תנו,מיליליטרים,230.00,"100 מ""ל",false,,7.90,0.0343,true,1,267888
7290110329730,false,"משקה חלב עם שוקולד וקפה בסגנון לאטה 2.7%  230 מ""ל תנובה",תנובה מרכז שיתופי לש,IL,קפה קר בטעם לאטה שוק,מיליליטרים,230.00,"100 מ""ל",false,,7.90,0.0343,true,1,267904
7290110329792,false,יוגורט סויה BIO Alternative אפרסק 150 ג' תנובה,מיוצר עי קונדיטוריית,IL,סויה BIO אפרסק גביע,גרמים,150.00,100 גרם,false,,4.90,0.0327,true,1,234325
7290110329808,false,יוגורט סויה BIO Alternative תות 150 ג' תנובה,מיוצר עי קונדיטוריית,IL,סויה BIO תות גביע 15,גרמים,150.00,100 גרם,false,,4.90,0.0327,true,1,234326
7290110329815,false,סויה BIO מתיקות מעודנת גביע 150 גרם אלטרנטיב,מיוצר עי קונדיטוריית,IL,סויה BIO מתיקות מעוד,גרמים,150.00,100 גרם,false,,4.90,0.0327,true,1,234327
7290110329822,false,יוגורט סויה BIO Alternative פירות יער 150 ג' תנובה,מיוצר עי קונדיטוריית,IL,סויה BIO פירות יער ג,גרמים,150.00,100 גרם,false,,4.90,0.0327,true,1,234328
7290110329846,false,יוגורט סויה BIO Alternative בטעם טבעי 150 ג' תנובה,תנובה Alternative,IL,סויה BIO טבעי גביע 1,גרמים,150.00,100 גרם,false,,4.90,0.0327,true,1,234329
7290110550394,false,PERFECT BITE שוקולד חלב במילוי קרם ושברי אגוזי לוז 234 גרם,"שטראוס גרופ בע""\מ",IL,מיני חטיפי שוקולד PE,גרמים,234.00,100 גרם,false,,19.90,0.0850,true,1,197503
7290110552220,false,יוגורט PRO בטעם תות 0% סוכר לבן 20 גרם חלבון בגביע,"שטראוס בריאות בע""\מ",IL,דנונה PRO 20 גרם חלב,גרמים,200.00,100 גרם,false,,6.20,0.0310,true,1,227572
7290110552237,false,יוגורט פרו בטעם אפרסק מנגו ללא סוכר 200 ג' דנונה,"שטראוס בריאות בע""\מ",IL,דנונה PRO 20 גרם חלב,גרמים,200.00,100 גרם,false,,6.20,0.0310,true,1,227558
7290110552817,false,צנצנת מסטיק - גלידה לימון 58 גרם וועסטהיים,אסקום קונפקשיין,DE,מסטיק ללא סוכר בטעם,גרמים,66.00,100 גרם,false,,10.90,0.1652,true,1,287710
7290110553029,false,"אנרג'י קריספס-פריכיות חומוס, עדשים ואפונה עם קייל וסלק","פרח תעשיו מזון בע""מ",IL,פריכיות חלבון קייל ח,גרמים,60.00,100 גרם,false,,10.90,0.1817,true,1,230895
7290110553036,false,קריספס-פריכיות עם אפונה ובטטה סגולה בטעם בצל מקורמל,"פרח תעשיו מזון בע""מ",IL,פרכית חלבון בטטה סגו,גרמים,60.00,100 גרם,false,,10.90,0.1817,true,1,230896
7290110554583,false,מארז חטיפי צ'יטוס פאפס בטעם גבינה - 10 יחידות,"שטראוס פריטו ליי בע""\מ )",IL,מארז צ'יטוס PUFFS בט,גרמים,200.00,100 גרם,false,,13.90,0.0695,true,1,220022
7290110555092,false,לאבנה עם שמן זית וצ'ילי שטראוס 250 גרם,"מחלבות בר בכפר בע""\מ",IL,לאבנה עם שמן זית וצ',גרמים,250.00,100 גרם,false,,12.90,0.0516,true,1,276155
7290110555306,false,רבע לשבע טבעוני סינמון באן עלית 125 גרם,"הגביע מוצרי וופלים בע""\מ",IL,רבע לשבע טבעוני סינמ,גרמים,120.00,100 גרם,false,,11.90,0.0992,true,1,270868
7290110556242,false,"שוקולד מריר פרווה 100 גר' בד""ץ תוצרת חוץ","שטראוס גרופ בע""מ.",FR,שוקולד מריר מעולה 10,גרמים,100.00,100 גרם,false,,5.70,0.0570,true,1,321676
7290110557027,false,חומוס עשיר 50% טחינה גולמית 400 ג' אחלה,מיוצר עי קונדיטוריית,IL,חומוס הסדרה עשיר ב50,גרמים,400.00,100 גרם,false,,14.90,0.0373,true,1,209613
7290110557102,false,מעדן חלב עם שוקולד מועשר בחלבון 150 ג' שטראוס,מיוצר עי קונדיטוריית,IL,מעדן פרו חלב עם שוקו,גרמים,150.00,100 גרם,false,,5.90,0.0393,true,1,193938
7290110557133,false,מעדן הגולן וניל 125 ג' שטראוס,מיוצר עי קונדיטוריית,IL,מעדן הגולן מעדן חלב,גרמים,125.00,100 גרם,false,,3.50,0.0280,true,1,203987
7290110557478,false,חומוס גלילי במרקם מעודן 600 גרם,"שטראוס גרופ בע""\מ",IL,חומוס גלילי אחלה 60,גרמים,600.00,100 גרם,false,,13.90,0.0232,true,1,257791
7290110558130,false,יוגורט אקטיביה עם שיבולת שועל ודבש 150 גרם,"שטראוס בריאות בע""\מ",IL,אקטיביה עם דבש ושיבו,גרמים,150.00,100 גרם,false,,4.90,0.0327,true,1,276458
7290110558253,false,דנונה שייק נונה ריפרש בננה אננס וצ'יה,"שטראוס בריאות בע""\מ",IL,יוגורט עם אננס בננה,גרמים,250.00,100 גרם,false,,5.90,0.0236,true,1,276472
7290110558284,false,דנונה ביו מולטי שטראוס 200 גרם,"שטראוס בריאות בע""\מ",IL,דנונה מולטי 3% שומן,מיליליטרים,200.00,"100 מ""ל",false,,4.50,0.0225,true,1,287101
7290110558307,false,יוגורט דנונה PRO עם שיבולת שועל במתיקות מעודנת,"שטראוס בריאות בע""\מ",IL,דנונה פרו עם שיבולת,מיליליטרים,200.00,"100 מ""ל",false,,6.90,0.0345,true,1,277009
7290110558314,false,דנונה פרו 20 גרם חלבון ללא סוכר פיסטוק 200 גרם,"שטראוס בריאות בע""\מ",IL,דנונה פרו ללא סוכר 2,גרמים,200.00,100 גרם,false,,6.20,0.0310,true,1,294461
7290110558741,false,"גמדים פאוץ תפוח בננה, 100 ג' שטראוס","שטראוס בריאות בע""\מ",IL,גמדים לדרך תפוח ובננ,גרמים,100.00,100 גרם,false,,6.50,0.0650,true,1,346045
7290110559748,false,ריל מאגדת שקדים קוקוס ושוקולד מריר שטראוס 105 גרם,"ואמואליס פודס אס.איי,",GR,מאגדת חטיף Real אנר,גרמים,105.00,100 גרם,false,,15.90,0.1514,true,1,294700
7290110560317,false,"הפריכיות הטעימות חומוס, עדשים שחורות, קינואה ומלח ים","פרח תעשיו מזון בע""מ",IL,פריכיות משולשות מלח,גרמים,30.00,100 גרם,false,,5.90,0.1967,true,1,22988
7290110560324,false,"הפריכיות הטעימות תפו""א, אורז, אפונה ומלח ים","פרח תעשיו מזון בע""מ",IL,פריכיות משולשות אפונ,גרמים,30.00,100 גרם,false,,5.90,0.1967,true,1,22989
7290110560836,false,"מילקי טעם פסק זמן שטראוס 133 מ""ל",מיוצר עי קונדיטוריית,IL,מילקי בטעם פסק זמן 1,מיליליטרים,170.00,"100 מ""ל",false,,2.90,0.0171,true,1,23908
7290110561352,false,דנונה יוגורט ביו פרוביוטי 3% דל לקטוז 150ג',"שטראוס בריאות בע""\מ",IL,דנונה ביו דל לקטוז ב,גרמים,200.00,100 גרם,false,,3.90,0.0195,true,1,23925
7290110561604,false,מארז 8 יחידות מעדן גמדים בטעם תות בננה,"שטראוס בריאות בע""\מ",IL,שמיניית גמדים תות בנ,גרמים,800.00,100 גרם,false,,18.90,0.0236,true,1,23934
7290110563431,false,"משקה קפה קר בסגנון קלאסי 230 מ""ל 1.6% יוטבתה",האי נאם סי או אל.טי.,AT,יטבתה משקה קפה קר בס,מיליליטרים,230.00,"100 מ""ל",false,,7.90,0.0343,true,1,23938
7290110563448,false,"משקה קפה קר בסגנון מעודן 230 מ""ל 1.6% יוטבתה",האי נאם סי או אל.טי.,AT,יטבתה משקה קפה קר בס,מיליליטרים,230.00,"100 מ""ל",false,,7.90,0.0343,true,1,23939
7290110563462,false,חלב 2% דל לקטוז בבקבוק יטבתה 1 ליטר.,מחלבת יטבתה,IL,יטבתה חלב בבקבוק נטו,ליטרים,1.00,ליטר,false,,8.90,8.9000,true,1,23941
7290110563820,false,"סלק מבושל 1 ק""ג שטרא",,,"סלק מבושל 1 ק""ג שטרא",קילוגרמים,1.00,"ק""ג",false,,15.90,15.9000,true,1,23944
7290110564339,false,חומוס אחלה הסידרה המובחר 30% טחינה 400 גר',מיוצר עי קונדיטוריית,IL,חומוס הסדרה המובחרת,גרמים,400.00,100 גרם,false,,14.90,0.0373,true,1,23948
7290110564360,false,חומוס אחלה הסידרה המובחר 40% טחינה 400 גר',מיוצר עי קונדיטוריית,IL,חומוס אחלה עשיר ב 40,גרמים,400.00,100 גרם,false,,14.90,0.0373,true,1,23949
7290110564414,false,חומוס אחלה הסידרה המובחר 30% טחינה 600 גר',מיוצר עי קונדיטוריית,IL,חומוס הסדרה המובחרת,גרמים,600.00,100 גרם,false,,16.90,0.0282,true,1,23953
7290110564742,false,"משקה קפה קר בסגנון חזק 230 מ""ל 1.2% יוטבתה",האי נאם סי או אל.טי.,AT,יטבתה משקה קפה קר בס,מיליליטרים,230.00,"100 מ""ל",false,,7.90,0.0343,true,1,23959
7290110565435,false,"לימבו ג'לי פטל 125 גרם חלבי ""שטראוס""","שטראוס גרופ בע""\מ",IL,לימבו בטעם פטל 0% שו,גרמים,125.00,100 גרם,false,,2.50,0.0200,true,1,23964
7290110565527,false,יוגורט PRO פרו 1.5% 20 גרם חלבון בגביע,"שטראוס בריאות בע""מ",IL,דנונה PRO 20 גרם חלב,גרמים,200.00,100 גרם,false,,6.20,0.0310,true,1,23966
7290110566975,false,דנונה פרו יוגורט 0% תות עשיר בחלבון 200ג',"שטראוס בריאות בע""\מ",IL,דנונה PRO 20 גרם חלב,גרמים,200.00,100 גרם,false,,6.20,0.0310,true,1,23976
7290110568627,false,עלית - פסק זמן רול שוקולד חלב עם קרם אגוזים 26 גרם,שולן צ'\יקולטה גידה סאן.,TR,פסק זמן רול ש.חלב עם,גרמים,28.00,100 גרם,false,,4.50,0.1607,true,1,62381
7290110571382,false,מעדן חלב בטעם וניל מעושר בחלבון 150 ג' שטראוס,"שטראוס בריאות בע""\מ",IL,מעדן חלב מועשר בחלבו,גרמים,150.00,100 גרם,false,,5.50,0.0367,true,1,262792
7290110571399,false,עלית - צנצנת מאסט בטעם גלידה תות,אסקום קונפקשיין,DE,מסטיק ללא סוכר בטעם,גרמים,66.00,100 גרם,false,,10.90,0.1652,true,1,287724
7290110571405,false,עלית - מיני פינוקיות בגביע פסק זמן 180 גרם,"הגביע מוצרי ופלים בע""\מ",IL,מיני פינוקיות פסק זמ,גרמים,180.00,100 גרם,false,,11.90,0.0661,true,1,342535
7290110571535,false,מארז קפה טורקי הל עלית 300 גרם,שטראוס קפה בי.וי.,IL,קפה עלית טורקי הל מא,גרמים,300.00,100 גרם,false,,27.90,0.0930,true,1,267617
7290110572129,false,כיף כף מקלות שוקולד לבן 40 ג' עלית,סולן בעבור שטראוס,TR,כיף כף מקלות שוקולד,גרמים,40.00,100 גרם,false,,5.50,0.1375,true,1,345203
7290110572969,false,כיף כף פצפצים עקרם לבן 40ג' עלית,שולן צ'\יקולטה גידה סאן.,TR,כיף כף פצפצים קרם לב,גרמים,40.00,100 גרם,false,,5.50,0.1375,true,1,294556
7290110572976,false,כיף כף פצפצים בגביע במילוי קרם בטעם שוקולד לבן,שולן צ'יקולטה גידה ס,TR,כיף כף פצפצים קרם לב,גרמים,135.00,100 גרם,false,,11.90,0.0881,true,1,294502
7290110574413,false,עלית - פופקורן בטעם טעמי 70 גרם,סראנו בעבור שטראוס,קפריסין,נשנושי פופקורן מתוק,גרמים,70.00,100 גרם,false,,7.90,0.1129,true,1,350963
7290110576370,false,מארז שלישייה שוקולד מריר חלבי עם אגוזי לוז,סמואה,FR,מארז שלישיית אגוז מ,גרמים,300.00,100 גרם,false,,26.90,0.0897,true,1,325019
7290110576752,false,טבלאות שוקולד ספלנדיד מריר 70% 100 ג' עלית,קימ'ס גריפלנן,BE,שוקולד ספלנדיד מריר,גרמים,100.00,100 גרם,false,,12.90,0.1290,true,1,342773
7290110576776,false,טבלאות שוקולד ספלנדיד מריר 85% 100 ג' עלית,קימ'ס גריפלנן,BE,שוקולד ספלנדיד מריר,גרמים,100.00,100 גרם,false,,12.90,0.1290,true,1,342774
7290110576851,false,"שמיניית משקה גמדים סלט פירות 108 מ""ל","שטראוס בריאות בע""\מ",IL,מארז גמדים לשתייה ס,מיליליטרים,864.00,"100 מ""ל",false,,19.90,0.0230,true,1,325669
7290111091520,false,"דר' עור תחליב רחצה קלאסי -קוקוס 700 מ""ל","אמיליה קוסמטיקס בע""מ",IL,תחליב רחצה קלאסי קוק,מיליליטרים,700.00,"100 מ""ל",false,,21.90,0.0313,true,1,29613
7290111093005,false,"I-CARE מג'להסרת איפור, 25 יח בפלופק",די.פי.אל תעשיות מוצר,IL,מגבונים להסרת איפור,יחידה,0.00,יחידה,false,,8.90,0.0000,true,1,29616
7290111093470,false,"קוויק מסיר הפלא ספוגית להסרת כתמים, 3 יחידות",,CN,קוויק מבריק פלא להסר,יחידה,0.00,יחידה,false,,11.90,0.0000,true,1,289270
7290111093760,false,קוויק מטליות לחות לניקוי רצפות ניחוח מרכך כביסה 10 יחידות,די.פי.אל,IL,קוויק מגבונים לניקוי,יח',10.00,יח',false,,11.90,1.1900,true,1,246431
7290111093982,false,"טרופיקל תחליב רחצה פסיפלורה ואינקה אינצ'י 700 מ""ל דר' עור","אמיליה קוסמטיקס בע""\מ",IL,תחליב רחצה פסיפלורה,מיליליטרים,700.00,"100 מ""ל",false,,21.90,0.0313,true,1,326051
7290111094248,false,"קוויק שקית אשפה חזקה וגדולה במיוחד (90*78), 20 יח'",,TR,שקיות אשפה XL עם שרו,יחידה,0.00,יחידה,false,,20.90,0.0000,true,1,29617
7290111094361,false,קוויק שקיות אשפה XL עם ידית 20 יח' במארז,,TR,קוויק שקיות אשפה XL,יחידה,0.00,יחידה,false,,13.90,0.0000,true,1,202760
7290111094392,false,"טרופיקל תחליב רחצה קוקוס וליים 700 מ""ל דר' עור","אמיליה קוסמטיקס בע""\מ",IL,תחליב רחצה קוקוס ולי,מיליליטרים,700.00,"100 מ""ל",false,,21.90,0.0313,true,1,326052
7290111094651,false,שקיות אשפה L עם ידית קוויק 40 יח',,TR,קוויק שקיות אשפה L ח,יחידה,0.00,יחידה,false,,13.90,0.0000,true,1,202761
7290111096921,false,קוויק מגבונים לניקוי כללי בתוספת חומץ ומלח לימון 50 יח',די.פי.אל,IL,מטליות לחות לניקוי ב,יחידה,0.00,יחידה,false,,9.90,0.0000,true,1,204344
7290111097546,false,קוויק מגבונים 99.9% לניקוי כללי למשטחים בניחוח מרכך כביסה 50 יחידות,די.פי.אל,IL,קוויק מטליות לחות לנ,יחידה,0.00,יחידה,false,,9.90,0.0000,true,1,246432
7290111098536,false,מגבונים לחים לתינוק,,,מגבונים לחים לתינוק,יחידה,0.00,יחידה,false,,14.90,0.0000,true,1,260732
7290111285288,false,צלחת במבוק 23 סמ ספיידרמן,שמחה זה אנחנו,CN,צלחת במבוק 9 אנץ,יחידה,0.00,יחידה,false,,10.90,0.0000,true,1,33433
7290111340178,false,מטליות לחות ניקול לניקוי כללי בניחוח מרכך כביסה 50 יח',חוגלה קימברלי,IL,מטליות לחות לניקוי כ,יחידה,0.00,יחידה,false,,12.90,0.0000,true,1,9121
7290111340185,false,מטליות לחות רצפה ניחוח מרכך כביסה ניקול 10 יחידות,חוגלה קימברלי,IL,ניקול לחות לניקוי רצ,יחידה,0.00,יחידה,false,,12.90,0.0000,true,1,9122
7290111342042,false,ניקול כריות יפניות אנטיבקטריאלי 4 יחידות,פלסטו פוליש,IL,כריות יפניות אנטיבקט,יחידה,0.00,יחידה,false,,13.90,0.0000,true,1,9155
7290111343117,false,"קלינקס לושן סופט פק זוגות 140 דף ""חדש""",קימברלי קלארק,IL,טישו לושן סופט קליני,יחידה,0.00,יחידה,false,,13.90,0.0000,true,1,104730
7290111343797,false,מטליות לחות לניקוי חלונות 48 יח' ניקול,חוגלה קימברלי,IL,ניקול מטליות לחות לנ,יח',50.00,יח',false,,10.90,0.2180,true,1,90250
7290111344206,false,-מגבונים לחים לעור רגיש ללא בישום האגיס 4*64 יחידות,חוגלה קימברלי,IL,מגבוני האגיס נטורל ק,יחידה,0.00,יחידה,false,,19.90,0.0000,true,1,202367
7290111346293,false,מגבת נייר ניקול 6 יחידות מהדורה חגיגית,קימברלי קלארק,IL,מגבות מטבח ניקול לבנ,מטרים,64.80,מטר,false,,12.90,0.1991,true,1,277264
7290111350030,false,רסק תפוחי עץ טבעי בצנצנת 670 גרם קלית גת,"ג'י אנד ג'י בע""מ",IL,רסק תפוחי עץ טבעי קל,גרמים,670.00,100 גרם,false,,10.90,0.0163,true,1,12811
7290111352973,false,יוגוטה קוביות חמוצות ממולאות בטעם פירות,יוגטה yogueta,TR,יוגטה קוביות חמוציות,גרמים,220.00,100 גרם,false,,6.90,0.0314,true,1,90052
7290111353055,false,"גומי דובי 200 גר' וסטהיים (כש""לפ בית יוסף)",טופגם תעשיות ממתקים,TR,יוגטה סוכריות גומי ד,גרמים,200.00,100 גרם,false,,10.90,0.0545,true,1,104507
7290111353109,false,"גומי נחש מבריק 200 גר' וסטהיים (כש""לפ בית יוסף).",טופגם תעשיות ממתקים,TR,יוגטה סוכריות גומי נ,גרמים,200.00,100 גרם,false,,10.90,0.0545,true,1,104508
7290111353239,false,"גומי יין 200 גר' וסטהיים (כש""לפ בית יוסף)",טופגם תעשיות ממתקים,TR,יוגטה סוכריות גומי י,גרמים,200.00,100 גרם,false,,10.90,0.0545,true,1,104510
7290111353550,false,חמאת בוטנים טבעית קליית גת 300 גרם,J&G קיסריה,IL,חמאת בוטנים טבעית קל,גרמים,300.00,100 גרם,false,,14.90,0.0497,true,1,294307
7290111353680,false,גרעיני חמניה קליית גת 350 גרם,קליית גת,,גרעיני חמנייה 350 גר,גרמים,350.00,100 גרם,false,,12.90,0.0369,true,1,150072
7290111354748,false,כדורגל קליית גת מתנה,,CN,כדורגל קליית גת מתנה,יחידה,0.00,יחידה,false,,0.01,0.0000,true,1,333351
7290111534010,false,פס גבינה שמנת פירורים קפולסקי 400 גרם,תופינים מקבוצת קפולסקי,IL,פס גבינה שמנת ופירור,גרמים,450.00,100 גרם,false,,41.90,0.0931,true,1,39975
7290111563492,false,סלטי צבר מטבוחה חריפה מרובע 6*400גרם,סלטי צבר,IL,צבר מרובע מטבוחה חר,גרמים,400.00,100 גרם,false,,13.50,0.0338,true,1,20005
7290111564277,false,פריכיות דקות ונימוחות 3 דגנים פיטנס Fitness,פרח תעשיות בעמ,IL,פריכיות 3 דגנים דקות,גרמים,120.00,100 גרם,false,,11.90,0.0992,true,1,19223
7290111564291,false,פריכיות דקות ונימוחות 3 דגנים וקינואה פיטנס Fitness,פרח תעשיות בעמ,IL,פריכיות קינואה דקות,גרמים,120.00,100 גרם,false,,11.90,0.0992,true,1,19224
7290111566240,false,שניצל דק מן הצומח בטעם צ'ילי חריף 700 גרם,עיצובים 2020 (4.8),IL,שניצל דק צמחוני בטע,גרמים,564.00,100 גרם,false,,35.90,0.0637,true,1,20017
7290111566318,false,שניצל דק מן הצומח בטעם ביתי 700 גרם,עיצובים 2020 (4.8),IL,שניצל דק צמחוני בט,גרמים,564.00,100 גרם,false,,35.90,0.0637,true,1,20020
7290111566417,false,טבעול טחון מן הצומח משופר 400 גרם,עיצובים 2020 (4.8),IL,טחון מן הצומח 500,גרמים,500.00,100 גרם,false,,35.90,0.0718,true,1,20022
7290111566585,false,"שניצל צמחוני 99 קלוריות 650 גר' ""טבעול""",עיצובים 2020 (4.8),IL,שניצל מן הצומח מופח,גרמים,650.00,100 גרם,false,,35.90,0.0552,true,1,20026
7290111568275,false,אטריות נודלס אורז רחבות אסם אסייתי 300גרם,תאי פרזידנט,TH,נודלס אטריות אורז רח,גרמים,300.00,100 גרם,false,,10.90,0.0363,true,1,19272
7290111568466,false,רוטב אסייתי למוקפץ הסדרה האסייתית,אסיף תעשיות מזון בעמ,IL,אסם רוטב אסיאתי למוק,מיליליטרים,290.00,"100 מ""ל",false,,12.90,0.0445,true,1,19279
7290111738678,false,גרבי סירה נשים שלישי,,,גרבי סירה נשים שלישי,יחידה,0.00,יחידה,false,,8.90,0.0000,true,1,73003
7290111870897,false,מרשמלו מסולסל ארוך בשקית 18 גר'-LOL,,CN,מרשמלו מסולסל ארוך 1,גרמים,432.00,100 גרם,false,,32.90,0.0762,true,1,200303
7290111870910,false,מרשמלו מסולסל ארוך 18 גר'- כוח פי גיי,,CN,מרשמלו מסולסל ארוך 1,גרמים,432.00,100 גרם,false,,32.90,0.0762,true,1,200286
7290111871061,false,מרשמלו מסולסל ארוך 18 גר'-סמי הכבאי,,CN,מרשמלו מסולסל ארוך 1,גרמים,432.00,100 גרם,false,,32.90,0.0762,true,1,200304
7290111879074,false,בקבוק טריטן מרובע 60,,,בקבוק טריטן מרובע 60,יחידה,0.00,יחידה,false,,24.90,0.0000,true,1,33441
7290111930805,false,קראנצ'וס טעם ברביקיו 55 גר',חברת מנה בעמ,IL,קראנצו'ס ברביקיו 55,גרמים,55.00,100 גרם,false,,3.90,0.0709,true,1,21786
7290111930898,false,חטיף פוף כוכבים גריל אמריקאי 40 גרם,פוף POOF,IL,פוף כוכבים גריל אמרי,גרמים,40.00,100 גרם,false,,4.90,0.1225,true,1,21795
7290111930911,false,חטיף פוף לבבות קלאסי 40 גרם,פוף POOF,IL,פוף לבבות קלאסי 40 ג,גרמים,40.00,100 גרם,false,,4.90,0.1225,true,1,21797
7290111930928,false,חטיף פוף לבבות גריל 40 גרם,פוף POOF,IL,"פוף לבבות גריל 40 ג""",גרמים,40.00,100 גרם,false,,4.90,0.1225,true,1,21798
7290111932380,false,"מרידול משחת שיניים מארז 75X2מ""ל כשל""פ",GABA LOER GER,PL,מרידול משחות שיניים,גרמים,150.00,100 גרם,false,,32.90,0.2193,true,1,21814
7290111933554,false,שלישייה עגבניות קוביות מאסטר שף 400 גרם,קונסוריזיו קאסאלסקו,IT,עגבניות קוביות מאסטר,קילוגרמים,1.20,"ק""ג",false,,17.90,14.9167,true,1,21829
7290111934827,false,"סבון ידיים משאבה פלמוליב היגיינה 300 מ""ל",פלמוליב Palmolive,TR,פלמוליב סבון ידיים ה,מיליליטרים,300.00,"100 מ""ל",false,,10.90,0.0363,true,1,21832
7290111936203,false,"ליידי ספיד סטיק דרמה ספריי ויטמין אי 150 מ""ל",ליידי ספיד סטיק Lady Speed Stick,RU,ליידי ספיד סטיק דרמה,מיליליטרים,150.00,"100 מ""ל",false,,19.90,0.1327,true,1,21844
7290111936296,false,"פלמוליב סבון נוזלי בניחוח סנסיישן מסאז' ,750 מ""ל",קולגייט פלמוליב,TR,פלמוליב ארומה סנסייש,מיליליטרים,750.00,"100 מ""ל",false,,21.90,0.0292,true,1,21849
7290111936487,false,"קולגייט זוג משחת שיניים טוטל קלין להלבנה 100 מ""ל",קולגייט פלמוליב,PL,קולגייט טוטל הלבנה ז,מיליליטרים,200.00,"100 מ""ל",false,,29.90,0.1495,true,1,21853
7290111938481,false,"רוטב סויה בהירה מאסטר שף 300 מ""ל",מאסטר שף,TH,רוטב סויה בהירה מ.שף,מיליליטרים,300.00,"100 מ""ל",false,,11.90,0.0397,true,1,76181
7290111939136,false,קוקי נייר אפייה עגול קוטר 26,קוקי,IL,קוקי נייר אפייה עגול,יחידה,0.00,יחידה,false,,7.90,0.0000,true,1,98417
7290111939143,false,קוקי נייר אפייה עגול קוטר 28,,IL,קוקי נייר אפייה עגול,יחידה,0.00,יחידה,false,,7.90,0.0000,true,1,98418
7290111976827,false,שמיכת פלנל 220*200 B,,,שמיכת פלנל 220*200 B,יחידה,0.00,יחידה,false,,49.90,0.0000,true,1,105957
7290112000392,false,מנקה ומחטא עוצמתי לחדר האמבטיה ללא אקונומיקה,רקיט בנקיזר,PL,תרסיס ניקוי וחיטוי ל,מיליליטרים,750.00,"100 מ""ל",false,,16.90,0.0225,true,1,21038
7290112001870,false,"סיליט באנג ספריי ניקוי אמבטיה 750 מ""ל",רקיט בנקיזר,PL,סיליט באנג ספריי לאמ,מיליליטרים,750.00,"100 מ""ל",false,,17.90,0.0239,true,1,21067
7290112002112,false,ג'ל כביסה מרוכז קולון 101 בניחוח ורדים,רקיט בנקיזר,IL,קולון ג'ל 2.5 ליטר ב,ליטרים,2.50,ליטר,false,,26.90,10.7600,true,1,21075
7290112002150,false,ג'ל כביסה מרוכז קולון 101 בניחוח ורדים,רקיט בנקיזר,IL,קולון ג'ל 4 ליטר בני,ליטרים,4.00,ליטר,false,,37.90,9.4750,true,1,21079
7290112003959,false,וניש מסיר כתמים אבקה לכביסה צבעונית 470 גרם,רקיט בנקיזר,IT,וניש מסיר כתמים אבקה,מיליליטרים,470.00,"100 מ""ל",false,,17.90,0.0381,true,1,176470
7290112004413,false,"ספריי וניש קליה להסרת כתמים לבגדים לבנים 750 מ""ל",רקיט בנקיזר,PL,מסיר כתמים ספריי כבי,מיליליטרים,750.00,"100 מ""ל",false,,16.90,0.0225,true,1,254036
7290112005052,false,וניש תוסף כביסה רב תכליתי לבגדים לבנים,קליה וניש Kalia Vanish,IT,וניש אבקה לכביסה לבנ,ליטרים,1500.00,100 ליטר,false,,42.90,0.0286,true,1,295121
7290112193292,false,"סטייל - מתולתלות מסכה לטיפול עמוק 500 מ""ל",א.ל.ארמן ייצור תמרוקים ב,IL,"מסכה מתולתלות 500 מ""",מיליליטרים,500.00,"100 מ""ל",false,,34.90,0.0698,true,1,88937
7290112195579,false,שמן זית כתית מעולה 7,אסאס דל סור,ES,שמן זית איטליה 750 מ,מיליליטרים,750.00,"100 מ""ל",false,,30.90,0.0412,true,1,214860
7290112196514,false,חטיפי קרקר כוסמין 180 גר,,,חטיף קרקר מקור הכוסמ,גרמים,180.00,100 גרם,false,,10.40,0.0578,true,1,229604
7290112197146,false,תחליף סוכר לכל מטרה טרוביה 360 גר*2,,US,זוג תחלפי סוכר לכל מ,גרמים,720.00,100 גרם,false,,56.90,0.0790,true,1,323677
7290112330352,false,"יוגורט PRO בטעם וניל 0% , 20 גרם חלבון בגביע","שטראוס בריאות בע""\מ",IL,דנונה פרו 20 גר וניל,גרמים,200.00,100 גרם,false,,6.20,0.0310,true,1,23998
7290112330390,false,דנונה פרו פירות יער 20 גרם חלבון 0% שומן 200 גרם,"שטראוס בריאות בע""\מ",IL,דנונה פרו 20 גר פירו,גרמים,200.00,100 גרם,false,,6.20,0.0310,true,1,24000
7290112332585,false,פריכיות משולש תפוא אורז בתיבול סלק ומלח ים אנרג'י 30 גרם,"פרח תעשיו מזון בע""מ",IL,"פריכיות הטעימות תפו""",גרמים,30.00,100 גרם,false,,5.90,0.1967,true,1,23089
7290112332691,false,פינוקיות עוגיות קרם פסק זמן אגוזים 200 גרם,"הגביע מוצרי וופלים בע""\מ",IL,פינוקיות עוגיית קרם,גרמים,200.00,100 גרם,false,,12.90,0.0645,true,1,23091
7290112332899,false,עלית - צנצנת בזוקה פופים קלאסי 58 גרם,אסקום קונפקשיין,IL,מאסט בזוקה פופים קלא,גרמים,58.00,100 גרם,false,,10.90,0.1879,true,1,23095
7290112334596,false,שוקולית 935 גר עלית,שטראוס קפה בי.וי.,IL,אבקה להכנת שוקו 850,גרמים,935.00,100 גרם,false,,18.90,0.0202,true,1,347378
7290112335487,false,הפריכיות הטעימות קצח ודגנים אנרג'י 135 גרם,אנרג'י Energy - שטראוס,IL,פריכיות הטעימות קצח,גרמים,135.00,100 גרם,false,,13.90,0.1030,true,1,23105
7290112335494,false,הפריכיות הטעימות תפוחי אדמה בטעם פוטטוס,"פרח תעשיות מזון בע""\מ",IL,פריכיות הטעימות פוטט,גרמים,135.00,100 גרם,false,,13.90,0.1030,true,1,23106
7290112335500,false,"פרכיות אנרג'י חומוס,אורז,עדשים שחורות וקינואה 135 גרם","פרח תעשיות מזון בע""\מ",IL,פריכיות הטעימות עשיר,גרמים,135.00,100 גרם,false,,13.90,0.1030,true,1,23107
7290112336637,false,סוכריות מאסט Must ללא סוכר יוגורט תות ואוכניות,שטראוס גרופ,PL,"סוכריות מאסט לל""ס יו",גרמים,80.00,100 גרם,false,,8.90,0.1113,true,1,23118
7290112336712,false,יוגורט PRO לבן 0% 21 גרם חלבון בגביע,"שטראוס בריאות בע""מ",IL,דנונה פרו 21 0% שומן,גרמים,200.00,100 גרם,false,,6.20,0.0310,true,1,24030
7290112337474,false,סוכריות מאסט ללא סוכר פטל לימון 80 ג' עלית,שטראוס גרופ,PL,"סוכריות מאסט לל""ס פט",גרמים,80.00,100 גרם,false,,8.90,0.1113,true,1,23123
7290112338877,false,מעדן גבינה בטעם תות 3% 125ג' סקי,"שטראוס בריאות בע""\מ",IL,גבינת סקי תות 3% 125,גרמים,125.00,100 גרם,false,,3.90,0.0312,true,1,24032
7290112339867,false,גמדים לדרך גבינה לבנה עם מחית תות,"שטראוס בריאות בע""\מ",IL,גמדים סקוויז בודד תו,גרמים,100.00,100 גרם,false,,6.50,0.0650,true,1,24059
7290112339874,false,גמדים לדרך גבינה לבנה עם מחיות תות ובננה,"שטראוס בריאות בע""\מ",IL,גמדים סקוויז בודד תו,גרמים,100.00,100 גרם,false,,6.50,0.0650,true,1,24060
7290112340276,false,פינוקיות עוגיות קרם קפה 200 גרם,"הגביע מוצרי וופלים בע""\מ",IL,פינוקיות עוגיית קרם,גרמים,200.00,100 גרם,false,,12.90,0.0645,true,1,23137
7290112341556,false,יוגורט אקטיביה עם צ'יה ותות 150 גרם,"שטראוס בריאות בע""\מ",IL,אקטיביה עם צ'יה ותות,גרמים,150.00,100 גרם,false,,4.90,0.0327,true,1,24072
7290112341679,false,דנונה אקטיביה 3% שומן 200 גרם,מיוצר עי קונדיטוריית,IL,דנונה אקטיביה 3% 200,גרמים,200.00,100 גרם,false,,4.50,0.0225,true,1,24073
7290112341686,false,שמינייה יוגורט לבן אקטיביה 3% דנונה 150 גרם.,מיוצר עי קונדיטוריית,IL,אקטיביה מארז 3% 8*15,קילוגרמים,1.20,"ק""ג",false,,21.90,18.2500,true,1,24074
7290112342102,false,סימפוניה גבינה במרקם שמנת בצל מקורמל 5%,"שטראוס בריאות בע""\מ",IL,סימפוניה 5% בצל מקור,גרמים,200.00,100 גרם,false,,12.50,0.0625,true,1,24082
7290112342508,false,דוריטוס צ'יזי טוויסט 70 גרם,"שטראוס פריטו ליי בע""\מ",IL,דוריטוס קול ראנץ' 70,גרמים,70.00,100 גרם,false,,3.90,0.0557,true,1,24397
7290112343260,false,"יטבתה רוטב שמנת קלאסי 9% שומן 260 מ""ל",שטראוס גרופ,IL,יטבתה רוטב שמנת קלאס,גרמים,260.00,100 גרם,false,,11.50,0.0442,true,1,24089
7290112343420,false,"משקה חלב עם דגנים מלאים ובננה פרו יטבתה 350מ""ל",מחלבת יטבתה,IL,משקה יטבתה פרו 20 אר,מיליליטרים,350.00,"100 מ""ל",false,,7.90,0.0226,true,1,24092
7290112343499,false,חטיף צ'יטוס פאפס אפוי בטעם גבינה,"שטראוס פריטו ליי בע""\מ )",IL,ציטוס Puffs בטעם גבי,גרמים,55.00,100 גרם,false,,3.50,0.0636,true,1,196026
7290112344755,false,מילקי שוקולד 26% פחות סוכר 135 גרם,מיוצר עי קונדיטוריית,IL,מילקי עם 26% פחות סו,מיליליטרים,135.00,"100 מ""ל",false,,2.90,0.0215,true,1,112366
7290112344786,false,קפה פלטינום קלאסיק עלית 200 גרם,שטראוס קפה בי.וי.,IL,פלטינום קלאסיק עלית,גרמים,200.00,100 גרם,false,,30.90,0.1545,true,1,23166
7290112346360,false,בפלות אחת אחת ופל בטעם שוקולד מצופה שוקולד,הגביע מוצרי וופלים ב,GR,בפלות אחת אחת בציפוי,גרמים,180.00,100 גרם,false,,14.90,0.0828,true,1,23177
7290112346537,false,עוגיות פינוקיות בטעם טורטית 200 ג' עלית,"הגביע מוצרי ופלים בע""\מ",IL,פינוקיות עוגיות בטעם,גרמים,200.00,100 גרם,false,,12.90,0.0645,true,1,23178
7290112346629,false,דנונה בר יוגורט+קורנפלקס מצופה שוקולד חלב ולבן 172 גרם,"שטראוס בריאות בע""\מ",IL,דנונה קראנצ' עם קורנ,מיליליטרים,172.00,"100 מ""ל",false,,4.90,0.0285,true,1,77167
7290112346827,false,שמיניית אקטימל ויטמין C פטל 108 גרם,"שטראוס בריאות בע""\מ",IL,אקטימל ויטמין C פטל,מיליליטרים,800.00,"100 מ""ל",false,,22.90,0.0286,true,1,106939
7290112347008,false,גמדים לדרך גבינה לבנה עם מחית תות ושיבולת שועל,מיוצר עי קונדיטוריית,IL,גמדים ארוחת בוקר תות,גרמים,100.00,100 גרם,false,,6.50,0.0650,true,1,24124
7290112348142,false,שעועית לבנה 380 גר' בקופסה טעם הטבע,שטראוס טעם הטבע,IT,שעועית לבנה טעם הטבע,גרמים,380.00,100 גרם,false,,6.90,0.0182,true,1,69441
7290112348999,false,הפריכיות הטעימות תירס דקות אנרג'י 135 גרם,פרח תעשיות,IL,פריכיות טעימות תירס,גרמים,135.00,100 גרם,false,,13.90,0.1030,true,1,117687
7290112349606,false,מעדן גבינה ויוגורט תות בננה 88 ג' דניאלה,"שטראוס בריאות בע""\מ",IL,דניאלה תות בננה 150,מיליליטרים,150.00,"100 מ""ל",false,,4.30,0.0287,true,1,227586
7290112349736,false,בזיליקום רוטב עגבניות לפסטה יד מרדכי 350 גרם,אמיליאנה קונסרב סוסייטה,IT,רוטב עגבניות בזיליקו,גרמים,350.00,100 גרם,false,,11.90,0.0340,true,1,23186
7290112351104,false,שוקולד פרה ממולא פיצפוצי אורז 100 ג' עלית,"שטראוס גרופ בע""\מ",IL,שוקולד פרה פיצפוצי א,גרמים,100.00,100 גרם,false,,6.90,0.0690,true,1,74402
7290112351128,false,שוקולד פרה סוכריות קופצות וועסטהייים,"שטראוס גרופ בע""\מ",IL,שוקולד פרה חלב סוכרי,גרמים,100.00,100 גרם,false,,6.90,0.0690,true,1,160528
7290112351463,false,שלישיית סוכריות מאסט FRESH פטל לימון 45 ג' עלית,"הליקון גידה בע""\מ",TR,שלישיית סוכריות FRES,גרמים,45.00,100 גרם,false,,8.90,0.1978,true,1,97104
7290112351470,false,סוכריות ללא סוכר בטעם תות רימון מאסט פרש,"הליקון גידה בע""\מ",TR,שלישיית סוכריות FRES,גרמים,45.00,100 גרם,false,,8.90,0.1978,true,1,97105
7290112354211,false,"פיצה מרגריטה""דלישס"" שטראוס",סקרלינפיצה אס. אר. אל. א,IT,פיצה מרגריטה שטראוס,גרמים,400.00,100 גרם,false,,26.90,0.0672,true,1,202216
7290112354945,false,תפוצ'יפס WAVY בטעם טבעי 50 גרם,שטראוס פריטו ליי בע”,IL,תפוצ'יפס wavy 50 גר,גרמים,50.00,100 גרם,false,,4.30,0.0860,true,1,346222
7290112354952,false,"תפוציפס WAVY בטעם פפריקה , 50 גרם",שטראוס פריטו ליי בע”,IL,תפוצ'יפס wavy פפריקה,גרמים,50.00,100 גרם,false,,4.30,0.0860,true,1,346223
7290112355027,false,דנונה פרו 20 גרם חלבון בטעם קרמל מלוח 200 גרם,"שטראוס בריאות בע""\מ",IL,דנונה פרו 20 גר' בטע,גרמים,200.00,100 גרם,false,,6.20,0.0310,true,1,112395
7290112355102,false,גמדים סקוויז 100 גרם פאוץ סלט פירות 100 גרם,"שטראוס בריאות בע""\מ",IL,סקוויז גמדים לדרך סל,גרמים,100.00,100 גרם,false,,5.90,0.0590,true,1,118994
7290112355393,false,"יטבתה רוטב שמנת+בטטה 9% שומן 250 מ""ל",שטראוס גרופ,IL,רוטב שמנת עם בטטה 9%,גרמים,257.00,100 גרם,false,,11.50,0.0447,true,1,325654
7290112357069,false,מחית עגבניות איטלקיות בקופסה 500 גר' טעם הטבע,שטראוס טעם הטבע,IT,מחית עגבניות איטלקיו,גרמים,500.00,100 גרם,false,,7.50,0.0150,true,1,69443
7290112357106,false,שעועית אדומה 380 גר' בקופסה טעם הטבע,שטראוס טעם הטבע,IT,שעועית אדומה טעם הטב,גרמים,380.00,100 גרם,false,,6.90,0.0182,true,1,69444
7290112357113,false,גרגרי חומוס בקופסה 380 גר' טעם הטבע,שטראוס טעם הטבע,IT,גרגרי חומוס טעם הטבע,גרמים,380.00,100 גרם,false,,6.90,0.0182,true,1,69445
7290112358127,false,דנונה פרו חלבון+מגנזיום- וניל ועוגיות 200 גרם,מיוצר עי קונדיטוריית,IL,דנונה פרו 20 גר עם מ,גרמים,200.00,100 גרם,false,,6.50,0.0325,true,1,106977
7290112358219,false,רוטב צ'ילי מתוק יד מרדכי 300 גרם,אף.סי תבליני בגליל ב,IL,יד מורדכי רוטב צ'ילי,מיליליטרים,300.00,"100 מ""ל",false,,14.90,0.0497,true,1,88609
7290112490209,false,נמס בכוס מרק עגבניות עם קרוטונים רכיבים טבעיים,יוניליוור ישראל מזון בעמ,IL,נמס בכוס מרק עגבניות,גרמים,56.00,100 גרם,false,,7.90,0.1411,true,1,10747
7290112490216,false,מרק נמס בכוס בטעם עוף קנור 100% רכיבים טבעיים,יוניליוור ישראל מזון בעמ,IL,נמס בכוס בטעם עוף קר,יחידה,48.00,יחידה,false,,7.90,0.1646,true,1,10748
7290112490650,false,קונפיטורה תות שדה 340 גרם-צנצנת,קונפיטורות לה-ארדניי,BE,קונפיטורה 778 תות שד,גרמים,340.00,100 גרם,false,,15.90,0.0468,true,1,10759
7290112490735,false,מרק עשיר עגבניות עם פסטה ר.טבעיים 105 גרם קנור,יוניליוור ישראל מזון בעמ,IL,מרק היום מרק עגבניות,גרמים,105.00,100 גרם,false,,12.50,0.1190,true,1,194111
7290112490827,false,תרסיס ריחני למייבש הכביסה בדין בייבי 500,"זוהר דליה, קיבוץ דליה, 1",IL,בדין בייבי תרסיס למי,מיליליטרים,500.00,"100 מ""ל",false,,18.90,0.0378,true,1,10769
7290112491701,false,ברנפלקס בטעם וניל מעודן 20% חלבון Extra Protein,יוניליוור ישראל מזון בעמ,IL,ברנפלקס אקסטרה פרוטא,גרמים,400.00,100 גרם,false,,24.90,0.0622,true,1,10801
7290112492449,false,פינוק שמפו שיער רגיל 700 מל-חדש,יוניליוור ישראל טיפוח אי,IL,פינוק שמפו לשיער רגי,מיליליטרים,700.00,"100 מ""ל",false,,11.90,0.0170,true,1,59652
7290112492579,false,פינוק מרכך בתוספת שמן קוקוס 700 מל-חדש,יוניליוור ישראל טיפוח אי,IL,פינוק מרכך שמן קוקוס,מיליליטרים,700.00,"100 מ""ל",false,,11.90,0.0170,true,1,59656
7290112492593,false,תחליב רחצה פינוק בניחוח פינוק קלאסי 700,יוניליוור ישראל טיפוח אי,IL,פינוק תחליב רחצה קלא,מיליליטרים,700.00,"100 מ""ל",false,,10.90,0.0156,true,1,59671
7290112492609,false,"תחליב רחצה פינוק 700 מ""ל לבנדר ווניל",יוניליוור ישראל טיפוח אי,IL,פינוק תחליב רחצה לבנ,מיליליטרים,700.00,"100 מ""ל",false,,10.90,0.0156,true,1,59672
7290112492982,false,"אבקת מרק פטריות כשל""פ 100% רכיבים טבעיים 400 גרם",יוניליוור ישראל מזון בע\,IL,מרק פטריות 100% רכיב,יח',400.00,יח',false,,24.90,0.0622,true,1,74364
7290112492999,false,קנור מרק עוף אמיתי 400 גרם פרווה,יוניליוור ישראל מזון בע\,IL,מרק טעם עוף קנור 400,גרמים,400.00,100 גרם,false,,17.80,0.0445,true,1,10823
7290112493088,false,נמס בכוס עדשים מרק רכיבים טבעיים קנור 54 ג',אתר חיפה אבקות - Foo,IL,נמס בכוס מרק עדשים ח,גרמים,54.00,100 גרם,false,,7.90,0.1463,true,1,10826
7290112493095,false,נמס בכוס מרק עגבניות חריף רכיבים טבעיים קנור 48 ג',אתר חיפה אבקות - Foo,IL,נמס בכוס מרק עגבניות,גרמים,48.00,100 גרם,false,,7.90,0.1646,true,1,10827
7290112494351,false,תלמה קורנפלקס של אלופים 850 ג',"יוניליוור שפע ישראל בע""\",IL,קורנפלקס של אלופים ת,גרמים,850.00,100 גרם,false,,18.90,0.0222,true,1,57165
7290112495006,false,כריות נוגט 686 גרם - קופסא,"יוניליוור ישראל מזון בע""",IL,"כריות נוגט תלמה בד""ץ",גרמים,686.00,100 גרם,false,,27.90,0.0407,true,1,10866
7290112495037,false,דגני בוקר בטעם שוקולד כדורים 375 ג' קוקומן,יוניליוור שפע ישראל בעמ,IL,קוקומן כדורים תלמה ב,גרמים,375.00,100 גרם,false,,22.90,0.0611,true,1,10869
7290112495044,false,ציפי (פצפוצים) גריין בדצ 500גר,"יוניליור שפע ישראל בע""\מ",IL,קוקומן פצפוצים תלמה,גרמים,375.00,100 גרם,false,,22.90,0.0611,true,1,10870
7290112495150,false,נשנושי קרקר עיגולים מלח בייגל בייגל 300 גרם,בייגל את בייגל מזון 198),IL,נשנושים עגול מלוח 30,גרמים,300.00,100 גרם,false,,13.90,0.0463,true,1,10875
7290112495174,false,נשנושי קרקר קוקטייל שומשום בייגל בייגל 300 גרם,בייגל את בייגל מזון 198),IL,נשנושים קוקטייל שומש,גרמים,300.00,100 גרם,false,,13.90,0.0463,true,1,10877
7290112495280,false,ריבועי ברנפלקס קינמון תלמה 400 גרם,"יוניליוור שפע ישראל בע""\",IL,ריבועי ברנפלקס קינמו,גרמים,400.00,100 גרם,false,,24.90,0.0622,true,1,74349
7290112495754,false,"רטבי הלמנס לסלט 300 מ""ל אלף האיים",יוניליוור ישראל מזון בעמ,IL,רוטב אלף האיים הלמנס,גרמים,305.00,100 גרם,false,,10.50,0.0344,true,1,53510
7290112495785,false,רוטב לסלט שום הלמנס 300ג,יוניליוור ישראל מזון בעמ,IL,רוטב שום הלמנס 300 ג,גרמים,300.00,100 גרם,false,,10.50,0.0350,true,1,53527
7290112496034,false,סירופ מייפל אפיכל 580 גרם,יוניליוור ישראל מזון בע\,IL,"סירופ מייפל בד""צ 600",מיליליטרים,600.00,"100 מ""ל",false,,14.90,0.0248,true,1,10889
7290112496461,false,נמס בכוס אקסטרה מרק ירקות עם המון אטריות,יוניליוור ישראל מזון בע\,IL,מרק נמס בכוס אקסטרה,גרמים,35.00,100 גרם,false,,4.50,0.1286,true,1,110560
7290112497000,false,סיף פנטסטיק ניקוי כללי בניחוח לימון 1 לי,"זוהר דליה, קיבוץ דלי",IL,סיף פנטסטיק ניקוי כל,יחידה,0.00,יחידה,false,,13.90,0.0000,true,1,63900
7290112498267,false,פינוק אל סבון לידיים בניחוח פינוק קלאסי,קוסטר אירוסול ולף סנ,TR,אל סבון לידיים בניחו,מיליליטרים,950.00,"100 מ""ל",false,,12.90,0.0136,true,1,163299
7290112498298,false,"אל סבון ליידים בתוספת שמן מרוקאי פינוק 950 מ""ל",קוסטר אירוסול ולף סנ,TR,אל סבון לידיים בתוספ,מיליליטרים,950.00,"100 מ""ל",false,,12.90,0.0136,true,1,163301
7290112498526,false,"פתית צ'יפס עם בטטה סגולה בטעם שמנת ובצל, 22 גרם",JLM גלובל פודסn37\ דרך א,GB,פתית צ'יפס עם בטטה ס,גרמים,21.00,100 גרם,false,,5.90,0.2810,true,1,167326
7290112960115,false,שקדי מרק אסם 30% קמח חיטה מלאה 350 גרם,אסם,IL,שקדי מרק 30% קמח חיט,גרמים,350.00,100 גרם,false,,13.90,0.0397,true,1,19294
7290112962287,false,טבעול שווארמה טבעונית 6*450 גרם,"טבעול תעשיות מזון בע""\מ",IL,שווארמה טבעונית טבעו,גרמים,450.00,100 גרם,false,,35.90,0.0798,true,1,56494
7290112963918,false,פיטנס חטיפי קרקר דק רוזמרין 140 גרם,נסטלה Nestle,IL,פיטנס חטיפי קרקר דק,גרמים,140.00,100 גרם,false,,12.90,0.0921,true,1,19333
7290112964434,false,אסם רוטב קיסר חדש לסלט 295 גרם,"אסם תעשיות בע""מ",IL,אסם רוטב קיסר לסלט 2,מיליליטרים,295.00,"100 מ""ל",false,,12.90,0.0437,true,1,19347
7290112964472,false,אסם רוטב שום חדש לסלט 290 גרם,"אסם תעשיות בע""מ",IL,אסם רוטב שום לסלט 29,מיליליטרים,295.00,"100 מ""ל",false,,12.90,0.0437,true,1,19349
7290112965141,false,תבשיל פתיתים אפויים עם ירקות 130 גרם,"אסם תעשיות בע""מ",IL,פתיתים אפויים עם ירק,גרמים,130.00,100 גרם,false,,12.90,0.0992,true,1,19361
7290112965165,false,מרק נמס פטריות אסם בדצ 48 גרם מארז זוגי,"אסם תעשיות בע""מ",IL,זוג מרק נמס פטריות ב,גרמים,48.00,100 גרם,false,,6.90,0.1438,true,1,19362
7290112965264,false,אבקת מרק נמס אפונה אסם בדצ 52 גרם מארז זוגי,"אסם תעשיות בע""מ",IL,זוג מרק נמס אפונה בד,גרמים,30.00,100 גרם,false,,6.90,0.2300,true,1,19367
7290112965325,false,תבשיל אורז ספרדי אוסם 140 גרם,"אסם תעשיות בע""מ",IL,אורז ספרדי אסם 140 ג,גרמים,140.00,100 גרם,false,,12.90,0.0921,true,1,19370
7290112965660,false,פיטנס - חטיף מולטיגריין מלח פלפל 25 גרם,מיוצר עי קונדיטוריית,IL,פיטנס חטיף מולטיגריי,גרמים,25.00,100 גרם,false,,5.80,0.2320,true,1,112226
7290112965684,false,פיטנס - חטיף מולטיגריין עשבי תיבול 25 גרם,מיוצר עי קונדיטוריית,IL,פיטנס חטיף מולטיגריי,גרמים,25.00,100 גרם,false,,5.80,0.2320,true,1,112227
7290112965707,false,פיטנס - חטיף מולטיגריין צילי מעודן 25 גרם,"אסם השקעות בע""\מ",IL,פיטנס חטיף מולטיגריי,גרמים,25.00,100 גרם,false,,5.80,0.2320,true,1,112228
7290112965783,false,אוסם - ביסלי פריסטייל על האש 60 גרם,"אסם השקעות בע""\מ",IL,ביסלי פריסטייל על הא,גרמים,60.00,100 גרם,false,,4.90,0.0817,true,1,163257
7290112965806,false,אוסם - ביסלי פריסטייל חמוץ חריף 60 גרם,"אסם תעשיות בע""מ",IL,ביסלי פריסטייל חמוץ,גרמים,60.00,100 גרם,false,,4.90,0.0817,true,1,163258
7290112966094,false,עוגת הבית תפוז מופחת סוכר אסם 400 גרם,מיוצר עי קונדיטוריית,IL,עוגת הבית תפוז מופחת,גרמים,400.00,100 גרם,false,,14.90,0.0373,true,1,19385
7290112966445,false,במבה מתוקה אריזה גדולה 100 ג' אסם,"אסם השקעות בע""\מ",IL,במבה מתוקה אריזה גדו,גרמים,100.00,100 גרם,false,,8.90,0.0890,true,1,19392
7290112966780,false,צבר טחינה בלאדי עם חציל קלוי 350 גרם,שוורצקוף& הנקל דיסלד,IL,צבר טחינה בלאדי עם ח,גרמים,350.00,100 גרם,false,,15.90,0.0454,true,1,20066
7290112967220,false,ביסלי מארז ברביקיו 20 גר'*10 יח' אסם,"אסם השקעות בע""\מ",IL,ביסלי ברביקיו מארז 1,גרמים,200.00,100 גרם,false,,12.50,0.0625,true,1,74485
7290112967244,false,ביסלי גריל מארז 20 גר'*10 יח' אסם,,,ביסלי גריל מארז 10*,גרמים,200.00,100 גרם,false,,12.50,0.0625,true,1,19401
7290112968203,false,צבר סלט טחינה בלאדי 6*250גרם,שוורצקוף& הנקל דיסלד,IL,סלט טחינה בלאדי צבר,גרמים,250.00,100 גרם,false,,10.90,0.0436,true,1,20072
7290112968340,false,צבר חומוס גרוס גס גס 400 גרם,שוורצקוף& הנקל דיסלד,IL,חומוס גרוס גס גס צבר,גרמים,400.00,100 גרם,false,,14.90,0.0373,true,1,20073
7290112968708,false,"שניצל תירס עדה חרדית טבעול 1.3 ק""ג","טבעול תעשיות מזון בע""\מ",IL,שניצל תירס עדה חרדי,קילוגרמים,1.30,"ק""ג",false,,45.90,35.3077,true,1,61739
7290112968807,false,פיטנס - קרקר דק סלק 140 גרם,מפעל אסם יקנעם,IL,פיטנס קרקר דק סלק 14,גרמים,140.00,100 גרם,false,,12.90,0.0921,true,1,119687
7290112968821,false,פיטנס - קרקר דק בטטה 140 גרם,מפעל אסם יקנעם,IL,פיטנס קרקר דק בטטה 1,גרמים,140.00,100 גרם,false,,12.90,0.0921,true,1,119700
7290112969903,false,טבעול נאגטס ירקות לבנים 6*500גרם,טבעול תעשיות מזון בע,IL,טבעול נאגטס ירקות לב,גרמים,500.00,100 גרם,false,,35.90,0.0718,true,1,110836
7290113190375,false,סילאן טבעי שקדיה 900 גרם,ג.מ. טעם הארץ,TR,סילאן סירופ תמרים טב,גרמים,900.00,100 גרם,false,,19.90,0.0221,true,1,185158
7290113190757,false,חלבה מסולסלת וניל שקדיה 300 גר,חיאל עמר שומרון,IL,חלבה תלתלים בטעם וני,גרמים,300.00,100 גרם,false,,14.90,0.0497,true,1,296634
7290113192171,false,מיקס אגוזים שקדים וחמוציות 150 גרם,דין שיווק,IL,מיקס אגוזים שקדים וח,גרמים,150.00,100 גרם,false,,14.90,0.0993,true,1,105417
7290113192300,false,זיתים מושחרים חרוזית 275 גרם בית השיטה,בית השיטה,IL,זיתים חרוזית מושחר ב,גרמים,275.00,100 גרם,false,,12.90,0.0469,true,1,19424
7290113192317,false,טבעות זיתים מושחרים 280 גרם בית השיטה,בית השיטה,IL,טבעות זיתים מושחרים,גרמים,280.00,100 גרם,false,,12.90,0.0461,true,1,19425
7290113192324,false,זיתים ירוקים שלמים בינוניים בית השיטה,בית-השיטה עסיס תעשיות מז,IL,זית ירוק בית השיטה 3,גרמים,340.00,100 גרם,false,,10.90,0.0321,true,1,19426
7290113192331,false,זיתים ירוקים מנזנילו 340 גר' בית השיטה,בית-השיטה עסיס תעשיות מז,IL,זיתים ירוק גדול בית,גרמים,340.00,100 גרם,false,,11.50,0.0338,true,1,19427
7290113192348,false,בית השיטה זיתים ירוקים גדול מאודבטעם שום,בית-השיטה עסיס תעשיות מז,IL,זית ירוק שום 17-19בי,גרמים,560.00,100 גרם,false,,11.90,0.0213,true,1,19428
7290113192355,false,חרוזית זיתים ירוקים ללא גלעין 275 ג' בית השיטה,בית-השיטה עסיס תעשיות מז,IL,זיתים חרוזית ירוק בי,גרמים,275.00,100 גרם,false,,10.90,0.0396,true,1,19429
7290113192362,false,זיתים ירוקים טבעות A2 בית השיטה 280 גרם,בית-השיטה עסיס תעשיות מז,IL,טבעות זיתים ירוקים ב,גרמים,280.00,100 גרם,false,,11.90,0.0425,true,1,19430
7290113192379,false,בית השיטה זיתים ירוקים מבוקעים א2 340גר',"בית-השיטה תעשיות בע""\מ",IL,זיתים ירוקים מבוקעים,גרמים,340.00,100 גרם,false,,11.90,0.0350,true,1,19431
7290113192393,false,בית השיטה קוקטייל זיתים א2 336 גרם,בית-השיטה עסיס תעשיות מז,IL,קוקטייל זיתים בית הש,גרמים,336.00,100 גרם,false,,12.90,0.0384,true,1,19433
7290113192478,false,בית השיטה מלפפונים במלח בינוני 10-12 320 גרם,בית-השיטה עסיס תעשיות מז,IL,מלפפון במלח 10-12 בי,גרמים,320.00,100 גרם,false,,8.90,0.0278,true,1,19441
7290113192485,false,בית השיטה מלפפונים בחומץ בינוני 10-12 290 גרם,בית-השיטה עסיס תעשיות מז,IL,מלפפון בחומץ 12-10 ב,גרמים,290.00,100 גרם,false,,8.90,0.0307,true,1,19442
7290113192492,false,בית השיטה מלפפונים בחומץ קטנים 1317 290 גרם,בית-השיטה עסיס תעשיות מז,IL,מלפפון בחומץ 13-17 ב,גרמים,290.00,100 גרם,false,,11.90,0.0410,true,1,19443
7290113192508,false,בית השיטה מלפפונים במלח קטן 1317 320 גרם,בית-השיטה עסיס תעשיות מז,IL,מלפפון במלח 13-17 בי,גרמים,320.00,100 גרם,false,,11.90,0.0372,true,1,19444
7290113192515,false,בית השיטה מלפפונים במלח קטן מאוד 1825 320 גרם,בית-השיטה עסיס תעשיות מז,IL,מלפפון במלח 18-25 בי,גרמים,320.00,100 גרם,false,,13.90,0.0434,true,1,19445
7290113192522,false,בית השיטה מלפפונים בחומץ קטן מאוד 1825 290 גרם,בית-השיטה עסיס תעשיות מז,IL,מלפפון בחומץ 18-25 ב,גרמים,290.00,100 גרם,false,,13.90,0.0479,true,1,19446
7290113192539,false,בית השיטה מלפפונים במלח גדול 79 320 גרם,בית-השיטה עסיס תעשיות מז,IL,מלפפון במלח 7-9 בית,גרמים,560.00,100 גרם,false,,7.90,0.0141,true,1,19447
7290113192546,false,"מלפפונים בחומץ רכיבים טבעיים 7-9 ""בית השיטה""",בית-השיטה עסיס תעשיות מז,IL,מלפפון בחומץ 7-9 בית,גרמים,560.00,100 גרם,false,,7.90,0.0141,true,1,19448
7290113192553,false,מלפפונים במלח 13-17 פיקנטי בית השיטה 320 גרם,בית-השיטה עסיס תעשיות מז,IL,מלפפון במלח בלדי 13-,גרמים,320.00,100 גרם,false,,12.90,0.0403,true,1,19449
7290113192577,false,בית השיטה כרוב כבוש א2 12*430גרם חדש,"בית-השיטה תעשיות בע""\מ",IL,כרוב כבוש בית השיטה,יחידה,430.00,יחידה,false,,8.90,0.0207,true,1,19451
7290113193017,false,בית השיטה חרוזית קוקטייל זיתים 275 גרם,"בית השיטה תעשיות בע""\מ",IL,בית השיטה קוקטייל זי,גרמים,275.00,100 גרם,false,,15.90,0.0578,true,1,105771
7290113193031,false,חרוזית קלמטה - זיתים שחורים ללא גלעין קלמטה,"בית השיטה תעשיות בע""\מ",IL,חרוזית קלמטה בית השי,גרמים,275.00,100 גרם,false,,15.90,0.0578,true,1,105784
7290113195080,false,חלבה טורקית בטעם שוקו וניל שקדיה 400 גרם,ח. אל עקר,IL,חלבה טורקית בטעם שוק,גרמים,500.00,100 גרם,false,,12.90,0.0258,true,1,185318
7290113195172,false,בית השיטה רצועות קולורבי בתחמיץ 215 גרם,"בית השיטה תעשיות בע""\מ",IL,רצועות קולורבי בתחמי,גרמים,215.00,100 גרם,false,,7.90,0.0367,true,1,141568
7290113195967,false,קוואקר שיבולת שועל פחית שקדיה 500 גרם,דין שיווק,IL,שיבולת שועל להכנה מי,גרמים,500.00,100 גרם,false,,10.00,0.0200,true,1,184868
7290113196919,false,מנה חמה אטריות אורז בטעם עוף שקדיה 70 גרם,טיאן האנג פוד ג'וינט,VN,מנה חמה אטריות אורז,גרמים,60.00,100 גרם,false,,7.90,0.1317,true,1,319944
7290113199842,false,מגש אירוח סוכריות גומי 700 ג' שקדיה,טופגאם תעשיות ממתקים,IL,מגש אירוח סוכריות גו,גרמים,700.00,100 גרם,false,,32.90,0.0470,true,1,249035
7290113199859,false,מגש אירוח סוכריות גומי 350 ג' שקדיה,טופגאם תעשיות ממתקים,IL,מגש אירוח סוכריות גו,גרמים,350.00,100 גרם,false,,16.90,0.0483,true,1,249036
7290113199897,false,סוכריות חמצוצים בטעם תות שדה 180 ג' שקדיה,טופגאם תעשיות ממתקים,IL,סוכריות חמצוצים בטעם,גרמים,180.00,100 גרם,false,,10.90,0.0606,true,1,249017
7290113199903,false,סוכריות חמצוצים בטעם תות בננה 180 ג' שקדיה,טופגאם תעשיות ממתקים,IL,סוכריות חמצוצים בטעם,גרמים,180.00,100 גרם,false,,10.90,0.0606,true,1,249018
7290113199910,false,סוכריות חמצוצים בטעם קולה 180 ג' שקדיה,טופגאם תעשיות ממתקים,IL,סוכריות חמצוצים בטעם,גרמים,180.00,100 גרם,false,,10.90,0.0606,true,1,249019
7290113199927,false,סוכריות חמצוצים בטעם פירות 180 ג' שקדיה,טופגאם תעשיות ממתקים,IL,סוכריות חמצוצים בטעם,גרמים,180.00,100 גרם,false,,10.90,0.0606,true,1,249020
7290113199934,false,סוכריות חמצוצים בטעם אוכמניות 180 ג' שקדיה,טופגאם תעשיות ממתקים,IL,סוכריות חמצוצים בטעם,גרמים,180.00,100 גרם,false,,10.90,0.0606,true,1,249021
7290113284517,false,נייר טואלט דו שכבתי,,,נייר טואלט דו שכבתי,יחידה,0.00,יחידה,false,,29.90,0.0000,true,1,354116
7290113289192,false,WIZ! צלחות מתכלות יהלום קטנות 20 יח',,,צלחות מתכלות יהלום ק,יחידה,0.00,יחידה,false,,10.90,0.0000,true,1,215227
7290113289543,false,כוסות שקופות 150 יחי,,,כוסות שקופות 150 יחי,יחידה,0.00,יחידה,false,,15.90,0.0000,true,1,247093
7290113560055,false,פרודונטקס מי פה טיפול יומי לחניכיים 500,"מאסטרפוד אוסטריה בע""מ",GB,פרודונטקס מי פה 500,מיליליטרים,500.00,"100 מ""ל",false,,32.90,0.0658,true,1,98538
7290113560062,false,"סנסודיין - משחת שיניים להלבנה עדינה משאבה 100 מ""ל",גלקסוסמית'\קליין קונסיומ,GB,סנסודיין משאבה הלבנה,מיליליטרים,100.00,"100 מ""ל",false,,27.90,0.2790,true,1,85517
7290114310215,false,"שמנת מתוקה 38% רמת הגולן 250 מ""ל ווסטהיים - מוצר בפיקוח",מילקו תעשיות בעמ,IL,שמנת מתוקה 38% בקבוק,מיליליטרים,250.00,"100 מ""ל",false,,6.47,0.0259,true,1,70156
7290114310222,false,חלב מועשר בסידן וויטמין Dי 3% 1.5 ל' טרה,מילקו תעשיות בעמ,IL,חלב מועשר בסידן 1.5,ליטרים,1.50,ליטר,false,,11.90,7.9333,true,1,81733
7290114310239,false,חלב נטול לקטוז מועשר בוויטמין D י 2% 1.5 ל' טרה,מילקו תעשיות בעמ,IL,חלב נטול לקטוז 1.5,ליטרים,1.50,ליטר,false,,11.90,7.9333,true,1,81720
7290114310338,false,צפתית מעודנת 5% בגביע 225 גרם משק צוריאל,מחלבת משק צוריאל,IL,צפתית מעודנת 5% משק,גרמים,225.00,100 גרם,false,,17.90,0.0796,true,1,114850
7290114310536,false,יוגורט לייט מעושר חלבון 25 גרם חלבון וניל MULLER ACTIVE,מולר Muller,IL,מולר אקטיב לייט יוגו,גרמים,25.00,100 גרם,false,,6.50,0.2600,true,1,141433
7290114310574,false,גבינת קרם שמנת עיזים 5% 200 גרם צוריאל,מחלבת משק צוריאל,IL,גבינת קרם שמנת עיזים,גרמים,200.00,100 גרם,false,,14.90,0.0745,true,1,141320
7290114310611,false,"משקה חלב בננה בבקבוק פקק ספורט טרה 250 מ""ל",מילקו תעשיות בעמ,IL,משקה חלב בננה בבקבוק,מיליליטרים,250.00,"100 מ""ל",false,,5.90,0.0236,true,1,160026
7290114310628,false,משקה חלב וניל ועוגיות בקבוק 1 ליטר,מילקו תעשיות בעמ,IL,משקה חלב וניל עוגיות,ליטרים,1.00,ליטר,false,,11.90,11.9000,true,1,147159
7290114311014,false,"משקה חלב אייס קפוצ'ינו פקק ספורט טרה 250 מ""ל",מילקו תעשיות בעמ,IL,משקה חלב אייס קפוצ'י,מיליליטרים,250.00,"100 מ""ל",false,,5.90,0.0236,true,1,271369
7290114311021,false,"משקה חלב וניל עוגיות פקק ספורט טרה 250 מ""ל",Unknown,IL,משקה חלב וניל עוגיות,מיליליטרים,250.00,"100 מ""ל",false,,5.90,0.0236,true,1,271383
7290114311038,false,"שמנת מתוקה 32% עמידה בבקבוק טרה 250 מ""ל",מילקו תעשיות בעמ,IL,שמנת מתוקה 32% בקבוק,מיליליטרים,250.00,"100 מ""ל",false,,6.90,0.0276,true,1,271355
7290114311069,false,יוגורט לבן מועשר בחלבון 0% שומן 200 גרם muller active,מולר Muller,IL,יוגורט בטעם טבעי 25,גרמים,200.00,100 גרם,false,,6.50,0.0325,true,1,251038
7290114311076,false,"חמאת מולר צהובה עם שום, 200 גרם",מולר Muller,IL,חמאה צהובה עם שום מו,גרמים,200.00,100 גרם,false,,11.90,0.0595,true,1,267832
7290114311298,false,יוגורט מולר פרופ בטעם תות בננה מלון 150,מולר Muller,IL,מולר פרופ תות בננה מ,גרמים,150.00,100 גרם,false,,5.50,0.0367,true,1,296500
7290114311304,false,יוגורט קציפת מנגו פסיפלורה בננה 150 ג' מולר,מולר Muller,IL,מולר פרופ מנגו פסיפל,גרמים,150.00,100 גרם,false,,5.50,0.0367,true,1,296501
7290114311328,false,חלב מועשר דל לקטוז מעושר בויטמין Dי 2% שומן טרה 1 ליטר,ג'י.אר.אמ.גרופו אלימ,IL,חלב נטול לקטוז טרה 1,ליטרים,1.00,ליטר,false,,7.50,7.5000,true,1,307704
7290114311434,false,מולר אקטיב יוגורט חלבון קרמל מלוח 200 גרם,מולר Muller,IL,מולר אקטיב בטעם קרמל,גרמים,200.00,100 גרם,false,,6.90,0.0345,true,1,324369
7290114311441,false,מולר אקטיב יוגורט חלבון עוגיות חמאה 200 גרם,מולר Muller,IL,מולר אקטיב בטעם עוגי,גרמים,200.00,100 גרם,false,,6.90,0.0345,true,1,324385
7290114311458,false,קרטון חלב 3% מועשר ויטמין די 1ליטר,Unknown,IL,קרטון חלב מועשר ויטמ,ליטרים,1.00,ליטר,false,,8.90,8.9000,true,1,326323
7290114600927,false,עלי טורטייה חיטה מלאה מאסטר שף 320 גרם,אלקאטי קורביישיסי גי,ES,עלי טורטיה חיטה מלאה,גרמים,320.00,100 גרם,false,,11.90,0.0372,true,1,185982
7290114600941,false,מאסטר שף מיונז הולנדי לחיץ 435 גרם,קפה לנדוור,NL,מאסטר שף מאסטר שף מ,גרמים,435.00,100 גרם,false,,14.90,0.0343,true,1,85464
7290114600996,false,"רוטב שום מאסטר שף 250 מ""ל",קפה לנדוור,NL,מאסטר שף רוטב שום 25,מיליליטרים,250.00,"100 מ""ל",false,,10.90,0.0436,true,1,85490
7290114603034,false,"פרי גרנולה אגוזים צימוקים וחמוציות, 300 ג'","אפקט טבעי בע""מ",IL,פרי גרנולה אגוזים צי,גרמים,300.00,100 גרם,false,,15.90,0.0530,true,1,111783
7290114603508,false,"רוטב להקצפה מאסטר שף 300 מ""ל",סיטי פוד,TH,מאסטר שף רוטב להקפצה,מיליליטרים,300.00,"100 מ""ל",false,,9.90,0.0330,true,1,106551
7290114603539,false,קרוטונים למרק שום בצל מאסטר שף 350 גרם,"עינת תעשיות מזון, אגשח ב",IL,מאסטר שף קרוטונים למ,גרמים,350.00,100 גרם,false,,20.90,0.0597,true,1,190192
7290114604857,false,"דפי אורז מאסטר שף קוטר 22 ס""מ 400 גרם",לוק הונג טריידינג פר,VN,דפי אורז קוטר 22 כשל,גרמים,400.00,100 גרם,false,,9.90,0.0248,true,1,127036
7290114604864,false,קוסקוס סולת דק מאסטר שף 350 גרם,דוידוביץ,IL,קוסקוס דק מאסטר שף 3,גרמים,350.00,100 גרם,false,,6.90,0.0197,true,1,186282
7290114604871,false,קוסקוס סולת בינוני מאסטר שף 350 גרם,דוידוביץ,IL,קוסקוס בינוני מאסטר,גרמים,350.00,100 גרם,false,,6.90,0.0197,true,1,186068
7290114604895,false,מאסטר שף ממרח לחיץ ספייסי לחיץ 446 גרם,מאסטר שף,NL,מאסטר שף ממרח ספייסי,גרמים,446.00,100 גרם,false,,14.90,0.0334,true,1,142913
7290114604901,false,ממרח שום לחיץ מאסטר שף 444 גרם,מאסטר שף,NL,מאסטר שף ממרח שום לח,גרמים,242.00,100 גרם,false,,14.90,0.0616,true,1,142914
7290114604949,false,מאסטר שף רוטב ברביקיו 524 גרם,רמיה סי.וי. הולנד,NL,מאסטר שף רוטב ברביקי,מיליליטרים,524.00,"100 מ""ל",false,,12.90,0.0246,true,1,142886
7290114606547,false,מיונז פטריות כמהין לחיץ מאסטר שף 242 גרם,מאסטר שף,NL,מאסטר שף מיונז עם כמ,גרמים,242.00,100 גרם,false,,14.90,0.0616,true,1,142915
7290114606578,false,שקדי מרק מאסטר שף 400 גרם,שסטוביץ,IL,שקדי מרק מאסטר שף 40,גרמים,400.00,100 גרם,false,,11.90,0.0298,true,1,190178
7290115071504,false,6 מטבעות שוקולד באריזת רשת 31 גר סמי הכב,שמחה זה אנחנו,NL,מטבעות שוקולד ברשת 3,גרמים,31.00,100 גרם,false,,4.90,0.1581,true,1,118794
7290115190014,false,סיגריות מרלבורו רד קצר בוקס,פיליפ מוריס,IL,סיגריות מרלבורו חפי,יחידה,0.00,יחידה,false,,36.50,0.0000,false,1,102775
7290115190090,false,סיגריות מרלבורו קצר בוקס בודד,פיליפ מוריס,US,סיגריות מרלבורו חפי,יחידה,0.00,יחידה,false,,36.50,0.0000,false,1,102806
7290115190137,false,סיגריות מרלבורו טאצ סילבר יחידה,פיליפ מוריס,IL,מרלבורו פיין טאצ בוד,יחידה,0.00,יחידה,false,,32.50,0.0000,false,1,102777
7290115190212,false,סיגריות פרלמנט בלו 100 BR בודד,פיליפ מוריס,PL,סיגריות פרלמנט (חפיס,יחידה,0.00,יחידה,false,,42.00,0.0000,false,1,102732
7290115190250,false,סיגריות פרלמנט קצר בודד,פיליפ מוריס,US,סיגריות פרלמנט (חפיס,יחידה,0.00,יחידה,false,,42.00,0.0000,false,1,96045
7290115190335,false,ל.מ.בלו לייבל ארוך בוקס חפיסה,פיליפ מוריס,TR,אל אם בלו ארוך,יחידה,0.00,יחידה,false,,33.00,0.0000,false,1,147849
7290115190359,false,סיגריות L.M בלו לייבל קצר,פיליפ מוריס,US,אל אם בלו לייבל קצר,יחידה,0.00,יחידה,false,,33.00,0.0000,false,1,96027
7290115190373,false,סיגריות ל.מ. קפסולהP,פיליפ מוריס,TR,אל אם פוב רד בודד,יחידה,0.00,יחידה,false,,33.00,0.0000,false,1,102779
7290115190434,false,סיגריות L.M וייב סלימס בודד,פיליפ מוריס,US,אל אם וייב סלימס,יחידה,0.00,יחידה,false,,33.00,0.0000,false,1,96059
7290115190519,false,סיגריות נקסט פיין חפ,פיליפ מוריס,PL,סיגריות נקסט (בודד),יחידה,0.00,יחידה,false,,31.50,0.0000,false,1,102746
7290115190571,false,סיגריות נקסט לילך בודד,פיליפ מוריס,US,סיגריות נקסט (בודד),יחידה,0.00,יחידה,false,,31.50,0.0000,false,1,96029
7290115200003,false,פתי בר פינוקי וניל אסם 220 גרם,תאי פרזידנט פוד פאבל,PL,פתי בר פינוקי וניל 2,גרמים,220.00,100 גרם,false,,9.90,0.0450,true,1,112060
7290115200027,false,אסם פתי בר פינוקים שוקו 220 גרם,קריות זול,PL,פתי בר פינוקי שוקו 2,גרמים,220.00,100 גרם,false,,9.90,0.0450,true,1,112061
7290115200713,false,במבה קלאסי מארז אחיד 8 50*5 ג',"אסם השקעות בע""\מ",IL,מארז במבה קלאסי אסם,גרמים,250.00,100 גרם,false,,12.90,0.0516,true,1,114120
7290115201680,false,ביסלי בטעם ברביקיו אסם 70 גרם,"אסם השקעות בע""\מ",IL,ביסלי ברביקיו 70 גרם,גרמים,70.00,100 גרם,false,,4.90,0.0700,true,1,118968
7290115201741,false,ביסלי בטעם בצל אסם 70 גרם,"אסם השקעות בע""\מ",IL,ביסלי בצל 70 גרם,גרמים,70.00,100 גרם,false,,4.90,0.0700,true,1,113536
7290115202816,false,מנה חמה פאוץ נודלס אטריות טעם עוף 70 גרם,תאי פרזידנט,TH,מנה חמה פאוצ' נדלסאט,גרמים,70.00,100 גרם,false,,4.90,0.0700,true,1,141552
7290115202939,false,מנה חמה רייס נודלס עוף פטריות אסם 50 גרם,מיוצר עי קונדיטוריית,TH,מנה חמה רייס נודלס ע,גרמים,50.00,100 גרם,false,,8.90,0.1780,true,1,209075
7290115203134,false,פופקו פופקורן במבה - פופקורן בציפוי קרמל ובוטנים,"אסם השקעות בע""\מ",IL,פופקו פופקורן במבה 4,גרמים,80.00,100 גרם,false,,5.90,0.0738,true,1,157775
7290115203172,false,במבה PRO מכיל 18 גרם חלבון בשקית,"אסם השקעות בע""\מ",IL,במבה אסם 80 גרם PRO,גרמים,80.00,100 גרם,false,,4.90,0.0613,true,1,294570
7290115203486,false,פירורית בטעם ביסלי גריל אסם 200 גרם,עינת תעשיות מזון אגו,IL,אסם פירורית בטעם ביס,גרמים,200.00,100 גרם,false,,6.50,0.0325,true,1,148401
7290115204056,false,"קטשופ מופחת סוכר אסם 690 גרם כשל""פ","אסם תעשיות בע""מ",IL,אסם קטשופ מופחת סוכר,גרמים,690.00,100 גרם,false,,10.90,0.0158,true,1,149608
7290115204247,false,ממרח עגבניות מיובשות 190 ג' צבר,פרסקו,IL,עגבניות מיובשות המעד,גרמים,190.00,100 גרם,false,,16.90,0.0889,true,1,252279
7290115205176,false,פיטנס - קרקר דק כפרי פיטנס 140 גרם,נסטלה Nestle,IL,פיטנס קרקר THIN כפרי,גרמים,140.00,100 גרם,false,,12.90,0.0921,true,1,207244
7290115205312,false,קרקר פיטנס דק עם זיתי קלמטה ועשבי תיבול,"אסם השקעות בע""\מ",IL,פיטנס קרקר Thin Deli,גרמים,140.00,100 גרם,false,,12.90,0.0921,true,1,285049
7290115205527,false,פיטנס חטיף מולטיגריין עם עדשים 25 גרם,"אסם השקעות בע""\מ",IL,פיטנס חטיף מולטגריין,גרמים,25.00,100 גרם,false,,5.80,0.2320,true,1,287169
7290115205541,false,פיטנס חטיף מולטיגריין עם חומוס 25 גרם,"אסם השקעות בע""\מ",IL,פיטנס חטיף מולטיגריי,גרמים,25.00,100 גרם,false,,5.80,0.2320,true,1,287170
7290115206531,false,אסם קרמוגית במילוי קרם בייגלה 12*200 גרם,אסם-נסטלה,IL,אסם קרמוגית במילוי ק,גרמים,200.00,100 גרם,false,,11.90,0.0595,true,1,215475
7290115207507,false,"סלט טורקי 330 גרם ""צבר""",ג'נרל מילס סאן אדריא,IL,צבר סלט טורקי 360 גר,גרמים,360.00,100 גרם,false,,16.90,0.0469,true,1,232244
7290115207682,false,אסם רוטב בסגנון סויה סיני 9*290מל חדש,"אסם השקעות בע""\מ",IL,אסם רוטב בסגנון סויה,מיליליטרים,330.00,"100 מ""ל",false,,12.90,0.0391,true,1,284871
7290115207941,false,סירופ אננס ויטמינצ'יק 1 ליטר,בית-השיטה עסיס תעשיות מז,IL,ויטמינצ'יק אננס 1 לי,ליטרים,1.00,ליטר,false,,23.50,23.5000,true,1,239571
7290115207965,false,סירופ מנגו אפרסק ויטמינצ'יק 1 ליטר,בית-השיטה עסיס תעשיות מז,IL,ויטמינצ'יק מנגו 1 לי,ליטרים,1.00,ליטר,false,,23.50,23.5000,true,1,239572
7290115208009,false,סירופ ענבים ויטמינצ'יק 1 ליטר,בית-השיטה עסיס תעשיות מז,IL,ויטמינצ'יק ענבים 1 ל,ליטרים,1.00,ליטר,false,,23.50,23.5000,true,1,239588
7290115208047,false,סירופ פטל ויטמינצ'יק 1 ליטר,בית-השיטה עסיס תעשיות מז,IL,ויטמינצ'יק פטל 1 ליט,ליטרים,1.00,ליטר,false,,23.50,23.5000,true,1,239557
7290115208061,false,סירופ תפוח ויטמינצ'יק 1 ליטר,בית השיטה עסיס תעשיות מז,IL,ויטמינצ'יק תפוח 1 לי,ליטרים,1.00,ליטר,false,,23.50,23.5000,true,1,239574
7290115208320,false,אפרופו חטיף בטעם ביסלי בצל 50 גרם,"אסם השקעות בע""\מ",IL,אפרופו בטעם ביסלי בצ,גרמים,50.00,100 גרם,false,,5.50,0.1100,true,1,330722
7290115209136,false,טבעול חטיפי עוף צמחי העדה החרדית 6*1.2קג,"טבעול תעשיות מזון בע""\מ",IL,חטיפים צמחוניים בטעם,קילוגרמים,1.20,"100 ק""ג",false,,42.90,35.7500,true,1,307571
7290115209174,false,במבה אורירית קלאסי 60 גר',אסם השקעות בעמ,IL,במבה אורירית 60 גרם,גרמים,80.00,100 גרם,false,,4.90,0.0613,true,1,311600
7290115209372,false,במבה במילוי בראוניז 150ג' אסם,"אסם השקעות בע""\מ",IL,במבה במילוי בראוניז,גרמים,150.00,100 גרם,false,,11.90,0.0793,true,1,330393
7290115403299,false,עוגיות פרפריות 450 גרם,"שיבולים א.ד.ל ק""\א",IL,עוגיות פרפריות אדל 4,גרמים,450.00,100 גרם,false,,17.90,0.0398,true,1,273524
7290115403312,false,עוגיות מלוחות קריספי 450,,IL,עוגיות מלוחות קריספי,גרמים,450.00,100 גרם,false,,17.90,0.0398,true,1,273526
7290115403381,false,עוגיות פיצפוצים לבן 500,,IL,עוגיות פיצפוצים לבן,גרמים,500.00,100 גרם,false,,17.90,0.0358,true,1,273532
7290115403435,false,עוגיות מעמול תמר 500 גרם,שיבולים א.ד.ל )ק.א(,IL,עוגיות מעמול תמר אדל,גרמים,500.00,100 גרם,false,,17.90,0.0358,true,1,273537
7290115403442,false,עוגיות ממולאות שוקולד,"מיוצר ומשווק ע""\י שיבולי",IL,עוגיות ממולאות בטעם,גרמים,500.00,100 גרם,false,,17.90,0.0358,true,1,273538
7290115403459,false,עוגיות נסיכה בטעם תות 50,שיבולים א.ד.ל )ק.א(,IL,עוגיות נסיכה בטעם תו,גרמים,500.00,100 גרם,false,,17.90,0.0358,true,1,273539
7290115403480,false,עוגיות בסגנון מרוקאי 500,,IL,עוגיות בסגנון מרוקאי,גרמים,500.00,100 גרם,false,,17.90,0.0358,true,1,273542
7290115403510,false,עוגיות מגולגלות תמרים,,IL,עוגיות מגולגלות תמרי,גרמים,500.00,100 גרם,false,,17.90,0.0358,true,1,273544
7290115403527,false,עוגיות עינוגי תמרים 500ג,,IL,עוגיות עינוגי תמרים,גרמים,500.00,100 גרם,false,,17.90,0.0358,true,1,273545
7290115403565,false,עוגיות קיפל וניל 500 גרם,,IL,עוגיות קיפל וניל אדל,גרמים,500.00,100 גרם,false,,17.90,0.0358,true,1,273549
7290115405781,false,פחזניות ממולאות בטעם שוקולד קפולסקי 180 גרם,תופינים מקבוצת קפולס,IL,פחזניות בטעם שוקולד,גרמים,180.00,100 גרם,false,,16.90,0.0939,true,1,282435
7290115405798,false,פחזניות ממולאות בטעם ריבת חלב קפולסקי 180 גרם,קפולסקי אדל בעמ,IL,פחזניות בטעם ריבת חל,גרמים,180.00,100 גרם,false,,16.90,0.0939,true,1,282436
7290115405804,false,פחזניות ממולאות בטעם תות קפולסקי 180 גרם,קפולסקי אדל בעמ,IL,פחזניות בטעם תות תופ,גרמים,180.00,100 גרם,false,,16.90,0.0939,true,1,282450
7290115410068,false,חציל במיונז סלטי היום 400 גרם,סלטי היום - קפוא זן,IL,חציל במיונז 400 גרם,גרמים,400.00,100 גרם,false,,10.90,0.0273,true,1,184216
7290115410082,false,טורקי סלטי היום 400 גרם,סלטי היום - קפוא זן,IL,טורקי 400 גרם סלטי ה,גרמים,400.00,100 גרם,false,,10.90,0.0273,true,1,184232
7290115410112,false,חומוס סלטי היום 400 גרם,סלטי היום - קפוא זן,IL,חומוס 400 גרם סלטי ה,גרמים,400.00,100 גרם,false,,10.90,0.0273,true,1,184202
7290115410150,false,כרוב אדום סלטי היום 400 גרם,סלטי היום - קפוא זן,IL,כרוב אדום 400 גרם סל,גרמים,400.00,100 גרם,false,,10.90,0.0273,true,1,245517
7290115410556,false,המעדניה חומוס מסבחה ירוק 250 גר',סלטי היום - קפוא זן,IL,חומוס מסבחה 250 גרם,גרמים,250.00,100 גרם,false,,10.90,0.0436,true,1,184126
7290115410563,false,המעדניה חומוס מסבחה חריף אדום 250 גר',סלטי היום - קפוא זן,IL,חומוס מסבחה חריף 250,גרמים,250.00,100 גרם,false,,10.90,0.0436,true,1,184140
7290115410600,false,חציל במיונז 250 גרם המעדניה,סלטי היום - קפוא זן,IL,חציל במיונז 250 גרם-,גרמים,250.00,100 גרם,false,,10.90,0.0436,true,1,184157
7290115410631,false,חציל בטעם כבד 250 גרם המעדניה,סלטי היום - קפוא זן,,חציל בטעם כבד 250 גר,גרמים,250.00,100 גרם,false,,10.90,0.0436,true,1,184174
7290115410655,false,מטבוחה 250 גרם המעדניה,סלטי היום - קפוא זן,IL,מטבוחה 250 גרם המעדנ,גרמים,250.00,100 גרם,false,,10.90,0.0436,true,1,184159
7290115411928,false,סלט תפוחי אדמה סלטי היום 400 גרם,סלטי היום - קפוא זן,IL,"תפו""א 400 גרם סלטי ה",גרמים,400.00,100 גרם,false,,10.90,0.0273,true,1,184234
7290115671155,false,שלישיית סוכריות מאסט FRESH ענבים 45 גרם,הליקון גידה,TR,שלישיית סוכריות בזוק,גרמים,45.00,100 גרם,false,,8.90,0.1978,true,1,230976
7290115671308,false,מסטיק מאסט פאן בצנצנת תות דובדבן,אסקום קונפשטיין,DE,מסטיק קוביות ללס במי,גרמים,58.00,100 גרם,false,,10.90,0.1879,true,1,230990
7290115671339,false,מיני פינוקיות בראוניז בייגל בוטן עלית 180 ג' עלית,"הגביע מוצרי ופלים בע""\מ",IL,מיני פינוקיות בראוני,גרמים,180.00,100 גרם,false,,11.90,0.0661,true,1,173075
7290115671346,false,מיני פינוקיות טופי קרמל מלוח עלית 180 גרם,"הגביע מוצרי ופלים בע""\מ",IL,מיני פינוקיות במילוי,גרמים,180.00,100 גרם,false,,11.90,0.0661,true,1,173089
7290115675559,false,מארז קפה טורקי לדרך 10 יחידות,שטראוס קפה בי.וי.,IL,מארז קפה טורקי לדרך,גרמים,70.00,100 גרם,false,,7.90,0.1129,true,1,119969
7290115676051,false,"משקה אקטיביה שיבולת שועל במתיקות מעודנת 250 מ""ל",מיוצר עי קונדיטוריית,IL,משקה אקטיביה עם שיבו,גרמים,265.00,100 גרם,false,,5.50,0.0208,true,1,198026
7290115676082,false,משקה דנונה פרו 20 יוגורט תות 255 ג' רבנות,"שטראוס בריאות בע""\מ.",IL,משקה יוגורט עם חלבון,גרמים,255.00,100 גרם,false,,7.50,0.0294,true,1,150966
7290115676099,false,משקה דנונה פרו 20 יוגורט וניל 255 ג' רבנות,"שטראוס בריאות בע""\מ.",IL,משקה יוגורט עם חלבון,גרמים,265.00,100 גרם,false,,7.50,0.0283,true,1,150929
7290115677140,false,תפוצ'יפס בטעם פפריקה 200 גרם היתר מכירה,שטראוס פריטו ליי בע”,IL,תפוצ'יפס wavy פפריקה,גרמים,200.00,100 גרם,false,,10.90,0.0545,true,1,346118
7290115678376,false,מעדן הגולן שוקולד 125 גרם,מיוצר עי קונדיטוריית,IL,מעדן הגולן מעדן חלב,גרמים,125.00,100 גרם,false,,3.50,0.0280,true,1,174837
7290115678383,false,מעדן הגולן שוקולד מריר 125 גרם,מיוצר עי קונדיטוריית,IL,מעדן הגולן מעדן חלב,גרמים,125.00,100 גרם,false,,3.50,0.0280,true,1,174851
7290115678888,false,שוקולית טופי קרמל 500 ג' עלית,שטראוס קפה בי.וי.,IL,שוקולית טופי קרמל 50,גרמים,500.00,100 גרם,false,,16.90,0.0338,true,1,237493
7290116242385,false,מיני פופ סוכריה על מקל וכדור 8 גרם-ברבי,שמחה זה אנחנו,,מיני פופ סוכריה על מ,גרמים,8.00,100 גרם,false,,12.90,1.6125,true,1,246163
7290116242415,false,מיני פופ סוכריה על מקל עם כדור 8גר מפרץ הרפתקאות,Unknown,CN,מיני פופ סוכריה על מ,גרמים,8.00,100 גרם,false,,12.90,1.6125,true,1,246179
7290116244051,false,אצבעות שוקולד חלב 84 גרם LOL,סטילנד שוקולד,NL,אצבעות שוקולד חלב 84,גרמים,84.00,100 גרם,false,,8.90,0.1060,true,1,245074
7290116244068,false,אצבעות שוקולד חלב 84 גר'-כוח פי גיי,סטילנד שוקולד,NL,אצבעות שוקולד חלב כו,גרמים,84.00,100 גרם,false,,8.90,0.1060,true,1,245075
7290116244082,false,מפרץ הרפתקאות אצבעות שוקולד חלב 84 גרם,סטילנד שוקולד,NL,אצבעות שוקולד חלב מפ,גרמים,84.00,100 גרם,false,,8.90,0.1060,true,1,245077
7290116270715,false,פילה ברבוניה ארוז בו,,,פילה ברבוניה ארוז בו,יחידה,0.00,יחידה,false,,29.90,0.0000,true,1,253926
7290116512389,false,גרבי נשים שניל 36-41,,,גרבי נשים שניל 36-41,יחידה,0.00,יחידה,false,,40.90,0.0000,true,1,203558
7290116530895,false,"תרסיס ריחני למייבש כביסה פינוק כחול בדין 500 מ""ל","זוהר דליה, קיבוץ דליה, 1",TR,תרסיס ריחני למייבש כ,מיליליטרים,500.00,"100 מ""ל",false,,18.90,0.0378,true,1,175586
7290116531083,false,"ברנפלקס ללא ת.סוכר בטעם דבש בתוספת שקדים, 400 גרם","יוניליוור שפע ישראל בע""\",IL,דגני בוקר ברנפלקס לל,גרמים,500.00,100 גרם,false,,24.90,0.0498,true,1,232589
7290116531779,false,דפים ריחניים למייבש כביסה בדין כחול 40 יחידות,"קלינטסט - 3p ארה""ב",US,בדין דפי מייבש כחול,יחידה,0.00,יחידה,false,,18.90,0.0000,true,1,231216
7290116532622,false,"מרכך לשיער בתוספת תמצית גוג'י ברי פינוק 700 מ""ל.",יוניליוור ישראלn\טיפוח א,IL,מרכך בתוספת תמצית ג,מיליליטרים,700.00,"100 מ""ל",false,,11.90,0.0170,true,1,287452
7290116532738,false,רוטב איטלקי לסלט בזיליקום ואורגנו 305 גרם,אתר חיפה ממרחים - Fo,IL,רוטב לסלט בזיליקום ו,גרמים,295.00,100 גרם,false,,9.90,0.0336,true,1,328872
7290116533025,false,"פינוק - מארז שמפו 700 מ""ל * 2",יוניליוור ישראל טיפוח אי,IL,מארז זוג שמפו קלאסי,ליטרים,1.40,ליטר,false,,24.80,17.7143,true,1,291622
7290116533032,false,"מארז זוג תחליב רחצה פינוק קלאסי 1400 מ""ל",יוניליוור ישראל טיפוח אי,IL,מארז זוג תחליב רחצה,ליטרים,1.40,ליטר,false,,20.90,14.9286,true,1,290841
7290116533216,false,"קנור מרק תיבול ירקות 235 מ""ל",יוניליוור,IL,מרק ירקות 100% רכיבי,גרמים,235.00,100 גרם,false,,20.90,0.0889,true,1,328887
7290116930015,false,חטיף חלבון GO קרמל ח.בוטנים קריספי 20 גרם חלבון,"בלמונט קונפקציות בע""\מ.",US,חטיף חלבון בטעם קרמל,גרמים,60.00,100 גרם,false,,12.90,0.2150,true,1,257890
7290116930022,false,GO חטיף חלבון עוגיות ציפוי קריספי 20 גרם חלבון,"בלמונט קונפקציות בע""\מ.",US,חטיף חלבון בטעם קרם,גרמים,60.00,100 גרם,false,,12.90,0.2150,true,1,266222
7290116930282,false,ארוחה בקטנה לאבנה עם קרקרים 150ג' תנובה,תנובה חלב,IL,לאבנה 9% שומן עם קרק,גרמים,150.00,100 גרם,false,,7.90,0.0527,true,1,295573
7290116930459,false,"יופלה שייק מנגו בננה אננס וקוקוס 230 מ""ל",קבוצת המזון אקטשלאר,IL,יופלה SHAKE בננה אנ,מיליליטרים,230.00,"100 מ""ל",false,,7.90,0.0343,true,1,295617
7290116930466,false,"משקה SHAKE בננה מנגן פסיפלורה והל 230 מ""ל יופלה",קבוצת המזון אקטשלאר,IL,יופלה SHAKE מנגו בנ,מיליליטרים,230.00,"100 מ""ל",false,,7.90,0.0343,true,1,295618
7290116930626,false,ארוחה בקטנה ציזיקי עם קרקרים 150ג' תנובה,תנובה חלב,IL,ציזיקי עם קרקרים תנו,גרמים,150.00,100 גרם,false,,7.90,0.0527,true,1,295574
7290116930954,false,יוגורט טעם פאי תפוחים 3% 150 ג' יופלה,"תנובה בע""\מ",IL,יופלה בטעם פאי תפוחי,מיליליטרים,150.00,"100 מ""ל",false,,5.60,0.0373,true,1,345157
7290116931012,false,יופלה דיאט 0% שומן תפוח וקינמון 150 גרם,תנובה מרכז שיתופי לש,IL,יופלה דיאט 0% שומן ת,מיליליטרים,150.00,"100 מ""ל",false,,5.60,0.0373,true,1,345172
7290116931159,false,יופלה דיאט 0% שומן תות בננה 150 גרם,תנובה מרכז שיתופי לש,IL,יופלה דיאט 0% שומן ת,מיליליטרים,150.00,"100 מ""ל",false,,5.60,0.0373,true,1,345188
7290116931289,false,יופלה גו במרקם סמיך אלפחורס 200מל,תנובה מרכז שיתופי לש,IL,יוגורט גו סמיך 0% אל,גרמים,200.00,100 גרם,false,,6.20,0.0310,true,1,343093
7290117260470,false,גבינה בולגרית מעודנת למריחה עם שום 5% שומן 200 ג' יורו,אם.בי.טורקיה,TR,גבינה בולגרית מעודנת,גרמים,200.00,100 גרם,false,,11.90,0.0595,true,1,297526
7290117260562,false,חמאה כפרית מסורתית בגביע,וילי פוד,TR,חמאה בגביע יורו 225,גרמים,225.00,100 גרם,false,,16.90,0.0751,true,1,345802
7290117261088,false,בוראטה גבינת מוצרלה רכה 125ג' 18%שומן,קסריה להפואנטה,ES,בוראטה גבינת מוצרלה,גרמים,125.00,100 גרם,false,,19.90,0.1592,true,1,332685
7290117261118,false,זוג קינוחים בטעם שוקולד בציפוי שוקולד חלב 140 גרם,Euro יורו מחלבות אירופה,ES,זוג קינוחים בטעם שוק,גרמים,140.00,100 גרם,false,,11.90,0.0850,true,1,305414
7290117261125,false,זוג קינוחים בטעם וניל בציפוי שוקולד לבן 140 גרם,Euro יורו מחלבות אירופה,ES,זוג קינוחים בטעם וני,גרמים,140.00,100 גרם,false,,11.90,0.0850,true,1,305398
7290117261354,false,גבינת ריקוטה 200 גרם 5%שומן מחלבת אירופה,באלבן גידה סנאי,TR,גבינת ריקוטה 5% שומ,גרמים,200.00,100 גרם,false,,9.90,0.0495,true,1,294597
7290117261552,false,סלמון אטלנטי ברוטב עגבניות 120 גרם ויליפוד,קריות זול,LV,סלמון אטלנטי ברוטב ע,גרמים,120.00,100 גרם,false,,10.90,0.0908,true,1,326216
7290117261774,false,כדורי גבינת בייבי מוצרלה 14% שומן 150 גרםeuro cheese,קסריה להפואנטה,ES,כדורי גבינת בייבי מו,גרמים,150.00,100 גרם,false,,14.90,0.0993,true,1,332729
7290117380154,false,"מאסטר שף רוטב אסיאתי עם סויה 260 מ""ל",רמייה,NL,רוטב אסיאתי עם סויה,מיליליטרים,264.00,"100 מ""ל",false,,10.90,0.0413,true,1,273019
7290117380192,false,חטיף פוף קראנץ בטעם גריל 60 גרם,מנה,IL,פוף קראנצ בטעם גריל,גרמים,60.00,100 גרם,false,,4.90,0.0817,true,1,236526
7290117381205,false,"מאסטר שף שמן שומשום 370 מ""ל",מנה,,מאסטר שף שמן שומשום,מיליליטרים,370.00,"100 מ""ל",false,,23.90,0.0646,true,1,343108
7290117383711,false,"מארז זוג תחליב רחצה חלב ודבש *750 מ""ל פלמוליב",קולגייט פלמוליב,TR,פלמוליב חלב ודבש 750,ליטרים,1500.00,100 ליטר,false,,30.00,0.0200,true,1,338925
7290117383728,false,"מארז זוג תחליב רחצה לומינוס  אבוקדו 750 מ""ל פלמוליב",קולגייט פלמוליב,TR,פלמוליב לומינוס אבוק,ליטרים,1500.00,100 ליטר,false,,30.00,0.0200,true,1,338926
7290117821435,false,ביצת הפתעה פלסטיק עם סוכריות קשות 10 גרם חד קרן,PAZARLAMA GIDA GLOBAL,TR,ביצת הפתעה פלסטיק עם,גרמים,10.00,100 גרם,false,,5.90,0.5900,true,1,296110
7290117823798,false,בדיקה עצמית מהירה לזיהוי אנטיגן 5 יח,,CN,בדיקה עצמית מהירה לז,יחידה,0.00,יחידה,false,,39.90,0.0000,true,1,238377
7290117829615,false,צמר גפן מתוק בדלי 50,,,צמר גפן מתוק בדלי 50,גרמים,50.00,100 גרם,false,,10.00,0.2000,true,1,343887
7290117860083,false,"הוואי קרם רחצה יוגורט בניחוח אירוס זהוב ודבש 700 מ""ל","טרופיקל דגיל בע""\מ",IL,תחליב רחצה בניחוח אי,מיליליטרים,700.00,"100 מ""ל",false,,15.90,0.0227,true,1,339768
7290117860137,false,"הוואי קרם רחצה יוגורט בניחוח פרח הקמליה 700 מ""ל","טרופיקל גליל בע""מ",IL,תחליב רחצה בניחוח פר,מיליליטרים,700.00,"100 מ""ל",false,,15.90,0.0227,true,1,339769
7290117860199,false,שמפו שמן ורד הבר ושמן מקדמיה לשיער יבש,"טרופיקל דגיל בע""\מ",IL,שמפו לשיער יבש הוואי,מיליליטרים,700.00,"100 מ""ל",false,,15.90,0.0227,true,1,336209
7290117860236,false,"הוואי - קרם רחצה בניחוח ויולה ורודה 700 מ""ל","טרופיקל דגיל בע""\מ",IL,תחליב רחצה בניחוח וי,מיליליטרים,700.00,"100 מ""ל",false,,15.90,0.0227,true,1,339771
7290117860243,false,"הוואי - מרכך מעניק לחות לשיער יבש 700 מ""ל","טרופיקל דגיל בע""\מ",IL,מרכך לשיער יבש הוואי,מיליליטרים,700.00,"100 מ""ל",false,,15.90,0.0227,true,1,336210
7290117860281,false,"הוואי - ג'ל רחצה לגבר בניחוח עוצמתי 700 מ""ל","טרופיקל דגיל בע""\מ",IL,ג'ל רחצה לגבר בניחוח,מיליליטרים,700.00,"100 מ""ל",false,,15.90,0.0227,true,1,339772
7290117860397,false,שמפו תמצית פריחת הדובדבן לשיער רגיל,"טרופיקל דגיל בע""\מ",IL,שמפו פריחת הדובדבן ה,מיליליטרים,700.00,"100 מ""ל",false,,15.90,0.0227,true,1,336211
7290117860496,false,"הוואי שמפו + מרכך 2 ב-1 לגבר 700 מ""ל-חדש","טרופיקל גליל בע""מ",IL,שמפו לגבר + מרכך 2ב-,מיליליטרים,700.00,"100 מ""ל",false,,15.90,0.0227,true,1,336213
7290117860847,false,"הוואי רעננות מושלמת לגבר לשיער, גוף, פנים וזקן","טרופיקל גליל בע""מ",IL,שמפו 4 ב 1 לגבר רעננ,מיליליטרים,700.00,"100 מ""ל",false,,15.90,0.0227,true,1,341327
7290117900956,false,תערובת פיצוחים קלויים ששון הקולה 180 גרם,"שקדיה גבע תעשיות בע""",IL,תערובת פיצוחים קלויי,גרמים,180.00,100 גרם,false,,15.90,0.0883,true,1,288699
7290117900963,false,בוטנים קלויים ששון ה,דין שיווק וקלייה בעמ,IL,בוטנים קלויים 270 גר,גרמים,270.00,100 גרם,false,,10.90,0.0404,true,1,288700
7290117901014,false,קשיו קלוי ששון הקולה 160 גרם,"שקדיה גבע תעשיות בע""",IL,קשיו קלוי 160 גרם,גרמים,160.00,100 גרם,false,,15.90,0.0994,true,1,288705
7290117901021,false,קבוקים בוטנים מצופים עם שומשום 220 גרם,"שקדיה גבע תעשיות בע""",IL,קבוקים בוטנים מצופים,גרמים,220.00,100 גרם,false,,10.90,0.0495,true,1,288706
7290117901038,false,אגוזי מלך קלופים ששון הקולה 190 גרם,"שקדיה גבע תעשיות בע""",IL,אגוז מלך קלוף 190 גר,גרמים,190.00,100 גרם,false,,15.90,0.0837,true,1,288707
7290117901045,false,בוטן רביולי ששון הקולה 200 גרם,דין שיווק וקלייה בעמ,IL,בוטן רביולי 200 גרם,גרמים,200.00,100 גרם,false,,15.90,0.0795,true,1,288708
7290118420071,false,במבה ביסלי ברביקיו מיקס 80ג' אסם,"אסם השקעות בע""\מ",IL,במבה ביסלי ברביקיו מ,גרמים,80.00,100 גרם,false,,4.90,0.0613,true,1,330422
7290118420378,false,פתיבר פינוקים בטעם תותים בשמנת - חלבי,קריות זול,IL,פתי בר פינוקים תותים,גרמים,220.00,100 גרם,false,,9.90,0.0450,true,1,330677
7296021040047,false,מקצפת ביצים פרפקטו,,,מקצפת ביצים 276 פרפק,יחידה,0.00,יחידה,false,,19.90,0.0000,true,1,44976
7296021040580,false,"קערת נירוסטה 26 ס""מ",,,קערה 26 ס'מ נירוסטה,יחידה,0.00,יחידה,false,,26.90,0.0000,true,1,253293
7296021152245,false,סט 3 קערות ערבול פלס,,,סט 3 קערות ערבול פלס,יחידה,0.00,יחידה,false,,31.90,0.0000,true,1,252837
7296021169946,false,מלקחיים NYLON 3 צבעי,,,מלקחיים NYLON 3 צבעי,יחידה,0.00,יחידה,false,,15.90,0.0000,true,1,252856
7296021265198,false,מערכת אוכל 18 חלקים,,,מערכת אוכל 18 חלקים,יחידה,0.00,יחידה,false,,459.90,0.0000,true,1,251795
7296021266843,false,פטיש לשניצל עץ פרפקט,,,פטיש לשניצל עץ פרפקט,יחידה,0.00,יחידה,false,,18.90,0.0000,true,1,253114
7296021266867,false,כף בישול ידית אפורה,,,כף בישול ידית אפורה,יחידה,0.00,יחידה,false,,12.90,0.0000,true,1,253129
7296021266874,false,כף הגשה קטנה ידית אפ,,,כף הגשה קטנה ידית אפ,יחידה,0.00,יחידה,false,,13.90,0.0000,true,1,253130
7296021266935,false,כף עוגה ידית אפורה פ,,,כף עוגה ידית אפורה פ,יחידה,0.00,יחידה,false,,8.90,0.0000,true,1,253174
7296021288623,false,"סיר בישוול 20 ס""מ 3.",,,"סיר בישוול 20 ס""מ 3.",יחידה,0.00,יחידה,false,,333.00,0.0000,true,1,313967
7296021288630,false,"סיר בישוול 22 ס""מ 4.",,,"סיר בישוול 22 ס""מ 4.",יחידה,0.00,יחידה,false,,367.00,0.0000,true,1,313968
7296021288647,false,"סיר בישוול 24 ס""מ 5.",,,"סיר בישוול 24 ס""מ 5.",יחידה,0.00,יחידה,false,,399.90,0.0000,true,1,313983
7296021288661,false,"מחבת לטיגון 20 ס""מ C",,,"מחבת לטיגון 20 ס""מ C",יחידה,0.00,יחידה,false,,199.90,0.0000,true,1,314013
7296021288678,false,"מחבת לטיגון 22 ס""מ C",,,"מחבת לטיגון 22 ס""מ C",יחידה,0.00,יחידה,false,,217.00,0.0000,true,1,314014
7296021288708,false,"מחבת לטיגון 28 ס""מ C",,,"מחבת לטיגון 28 ס""מ C",יחידה,0.00,יחידה,false,,266.00,0.0000,true,1,314031
7296058000526,false,פריכיות כוסמת פרח 160 גרם,פרח תעשיות,IL,פרכיות כוסמת פרח 130,גרמים,130.00,100 גרם,false,,8.90,0.0685,true,1,49402
7296102061855,false,מטאטא ביאנקו BIANCO,,IL,מטאטא ביאנקו BIANCO,יחידה,0.00,יחידה,false,,19.90,0.0000,true,1,316736
7296102210680,false,סט 4 קופסאות מרובע,,,סט 4 קופסאות מרובע,יחידה,0.00,יחידה,false,,19.90,0.0000,true,1,237033
7297028161575,false,קרסוליות גבר (10 ) לבן/שחור/מעורב,,,עשיריית גרבי גרב,יחידה,0.00,יחידה,false,,29.90,0.0000,true,1,195450
7297094020691,false,שמיכת ויולט כבש יחיד,,,שמיכת ויולט כבש יחיד,יחידה,0.00,יחידה,false,,70.90,0.0000,true,1,43693
7297488098305,false,קמח שקדים ללא גלוטן,תות תעשיות מזון (201,IL,דגש קמח שקדים 250 גר,גרמים,250.00,100 גרם,false,,26.90,0.1076,true,1,107468
7297488098688,false,דגש פצפוצי אורז מלא ללא תוספת סוכר ומלח 450 גרם,משובח תעשיות מזון,IL,דגש פצפוצי אורז מלא,גרמים,450.00,100 גרם,false,,22.90,0.0509,true,1,107452
7297488199620,false,פצפוצי אורז מלא תפוח ללא גלוטן,דגש- דוכן גן שמואל,FR,דגש פצפוצי אורז מלא,גרמים,450.00,100 גרם,false,,22.90,0.0509,true,1,107453
7297588028479,false,מטריה סיליקון חצי או,,,מטריה סיליקון חצי או,יחידה,0.00,יחידה,false,,39.90,0.0000,true,1,97651
7298171185524,false,גרבי בנים מגבת מיקי,,,גרבי בנים מגבת מיקי,יחידה,0.00,יחידה,false,,19.90,0.0000,true,1,216974
7394376615832,false,אוטלי משקה שיבולת שועל בטעם שוקולד 1 ליטר,טרנסומס פוד,SE,משקה שיבולת שועל בטע,ליטרים,1.00,ליטר,false,,17.90,17.9000,true,1,81581
7450014901351,false,נעלי בית חורף נשים -,,,נעלי בית חורף נשים -,יחידה,0.00,יחידה,false,,39.90,0.0000,true,1,31535
7450026800505,false,נעלי בית חורף גברים,,,נעלי בית חורף גברים,יחידה,0.00,יחידה,false,,39.90,0.0000,true,1,31547
7501013122114,false,"נקטר משקה אננס בקרטונית ג'ומקס, 1 ל'",חומקס קומר קומרסאליזדורה,MX,ג'ומקס נקטר אננס קרט,ליטרים,1.00,ליטר,false,,10.90,10.9000,true,1,39422
7501013122190,false,ג'ומקס מיץ תפוחים קרטונית ליטר תריסר,חומקס קומר קומרסאליזדורה,MX,ג'ומקס משקה תפוחים ק,ליטרים,1.00,ליטר,false,,10.90,10.9000,true,1,39423
7501013122992,false,ג'ומקס מיץ קוקוס אננס קרטונית ליטר תריסר,חומקס קומר קומרסאליזדורה,MX,ג'ומקס משקה קוקוס אנ,ליטרים,1.00,ליטר,false,,10.90,10.9000,true,1,39424
7501064191398,false,שישיית בירה קורונה אקסטרא *355 מל,קריניציה ויטמינה אס,MX,קורונה מארז שישיה 6*,ליטרים,2.13,ליטר,false,,39.90,18.7324,true,1,29641
7509546678702,false,קולגייט משחת שיניים טוטל אנטי טרטר 100 מ,קולגייט-פלמוליב,PL,משחת שיניים קולגייט,מיליליטרים,100.00,"100 מ""ל",false,,18.90,0.1890,true,1,292378
7610100034084,false,מיונז טומי בשפורפרת 265 גרם,נסטלה שוויץ ס.א,CH,מיונז טומי 265 גרם,גרמים,265.00,100 גרם,false,,15.90,0.0600,true,1,12837
7610400014649,false,לינדור קוביות במילוי קרם שוקולד חלב 100 גרם,לינדט ושפרונגלי קילשברג,CH,לינדט לינדור שוק.חלב,גרמים,100.00,100 גרם,false,,17.90,0.1790,true,1,13831
7610400074155,false,לינדט לינדור קוביות במילוי קרם שוקולד 60% מוצקי קקאו 100 גרם,לינדט ושפרונגלי קילשברג,CH,לינדט לינדור 60% 100,גרמים,100.00,100 גרם,false,,17.90,0.1790,true,1,13839
7613030979647,false,דגני בוקר טריקס פירות עולם היורה 480 ג',ג'נרל מילס סאן אדריא,CL,דגני בוקר טריקס 480,גרמים,480.00,100 גרם,false,,27.90,0.0581,true,1,19454
7613035514560,false,מזון לחתול מעוקר עם בקר פורינה ONE,נסטלה פורינה צרפת,FR,פורינה ONE חתול סטרי,קילוגרמים,3.00,"ק""ג",false,,119.00,39.6667,true,1,19501
7613035548374,false,דגני בוקר גולדן מיניס מחיטה מלאה ותירס,נסטלה פולין דגני בוק,FR,דגני בוקר גולדן מיני,גרמים,570.00,100 גרם,false,,27.90,0.0489,true,1,19502
7613035635845,false,פיטנס גרנולה שוקולד 14*300 גרם,שוורצקוף& הנקל דיסלד,LT,פיטנס גרנולה שוקולד,גרמים,300.00,100 גרם,false,,15.90,0.0530,true,1,19506
7613036105651,false,"דוגלי בקר לכלבים בוגרים 12 ק""ג",נסטלה פורינה באק הונ,HU,"דוגלי בוגר בקר 12 ק""",קילוגרמים,12.00,"ק""ג",false,,124.90,10.4083,true,1,19523
7613036387798,false,פיטנס דגנים מלאים ואורז פתיתים ויוגורט 350ג',נסטלה צרפת איטנקורט,FR,דגני פיטנס יוגורט נס,גרמים,375.00,100 גרם,false,,22.90,0.0611,true,1,19532
7613036520492,false,פרפקטו רוטב עגבניות לפיצה אסם 400 גרם,אסם פרפקטו Perfecto,ES,פרפקטו רוטב עגבניות,גרמים,400.00,100 גרם,false,,10.90,0.0273,true,1,19534
7613036710879,false,מארז מיני חטיפי קיט קט צ'אנקי Kit Kat Chanky,נסטלה גרמניה,DE,קיט קט צ'אנקי מיני 1,גרמים,194.00,100 גרם,false,,10.00,0.0515,true,1,42081
7613036737623,false,קראנץ' רולס נסטלה 410 גרם,"אסם תעשיות בע""מ",FR,דגני בוקר קראנץ מקס,גרמים,410.00,100 גרם,false,,27.90,0.0680,true,1,19537
7613037276091,false,נסטלה מיקס מיני אריזות דגני בוקר 200 גרם,נסטלה Nestle,FR,מיקס מיני אריזות דגנ,גרמים,200.00,100 גרם,false,,19.90,0.0995,true,1,19555
7613038268262,false,דגני בוקר צ'יריוס דבש ושקדים במתיקות מעודנת,נסטלה פולין דגני בוק,FR,האני נאט ציריוס מופח,גרמים,410.00,100 גרם,false,,19.90,0.0485,true,1,19558
7613038451954,false,דגני בוקר שוקולד מופחת סוכר 410 ג' קראנץ',נסטלה צרפת איטנקורט,FR,קראנץ שוקולד מופחת ס,גרמים,410.00,100 גרם,false,,22.90,0.0559,true,1,19559
7613039881521,false,גרבר מחית מרק מנגו 190 גרם,נסטלה פולסקה אס.איי,PL,גרבר מחית מנגו 190,גרמים,190.00,100 גרם,false,,6.90,0.0363,true,1,132034
7613287182425,false,ויטמינציק מחית תפוח בננה ותות 110 גרם,"טרופיקל דגיל בע""מ אז",ES,פאוץ תפוח בננה ותות,גרמים,110.00,100 גרם,false,,5.90,0.0536,true,1,181663
7613287302373,false,סטארבקס קפסולות איטליאן סטייל רוסט 56 גרם,נסטלה שוויץ - קפה,PT,קפסולות סטארבקס איטל,גרמים,56.00,100 גרם,false,,22.90,0.4089,true,1,144099
7613287325822,false,אוסם - דיפ אנד ספרד מטבל מיקס 295 גרם,נסטלה,PL,רוטב מיקס לחיץ אסם 2,גרמים,295.00,100 גרם,false,,15.90,0.0539,true,1,207609
7613287476494,false,אוסם - דיפ אנד ספרד מיונז בסגנון צרפתי 280 גרם,נסטלה פולין,PL,מיונז לחיץ אסם 280 ג,גרמים,280.00,100 גרם,false,,15.90,0.0568,true,1,207594
7613287476678,false,דגני בוקר סינימיניס צ'ורוס נסטלה 360 ג',נסטלה אוונקה,PT,סינימיניס צ'ורוס 360,גרמים,360.00,100 גרם,false,,27.90,0.0775,true,1,169506
7622010001858,false,עוגיות אוראו ממולאות קרם וניל 176 גרם.,פי אר ג'\יי אס אי מנדלז,UA,עוגיות אוראו סנדביץ,גרמים,176.00,100 גרם,false,,9.90,0.0563,true,1,5130
7622201139278,false,גבינת שמנת 27% שומן 150 ג' פילדלפיה,מיודלז אספניה פרודוק,ES,פילדלפיה גבינת שמנת,גרמים,150.00,100 גרם,false,,15.90,0.1060,true,1,17216
7622201521493,false,גבינת פילדלפיה שום ועשבי תיבול 150 גרם,מיודלז אספניה פרודוק,ES,גבינת שמנת עם שום וע,גרמים,150.00,100 גרם,false,,15.90,0.1060,true,1,298067
7622201798154,false,גבינת שמנת לייט מופחתת שומן 13% שומן,מיודלז אספניה פרודוק,ES,פילדלפיה גבינת שמנת,גרמים,150.00,100 גרם,false,,15.90,0.1060,true,1,198547
7622201808631,false,אוראו מיני עוגיות ממולאות קרם וניל 67גרם,פי.טי. מונדלז אינדונ,ID,אוראו מיני כוסות בטע,גרמים,67.00,100 גרם,false,,9.90,0.1478,true,1,180333
7622201819170,false,שוקולד מילקה דרק שקדים 85 גרם.,מונדלז דויטשלנד סנאק,DE,מילקה דארק שקדים 85,גרמים,85.00,100 גרם,false,,7.90,0.0929,true,1,203381
7622210137234,false,עוגיות אוראו עם דאבל קרים וניל 170 גר,מונדלייז,ES,עוגיות סנדביץ אוראו,גרמים,170.00,100 גרם,false,,9.90,0.0582,true,1,5134
7622210453327,false,עוגיות שוקוצ'יפס במילוי שוקולד סנסיישן,מנדלז פולסקה פרודקשן,PL,מילקה סנסיישן 156 גר,גרמים,156.00,100 גרם,false,,14.90,0.0955,true,1,5138
7622300489427,false,עוגיות אוראו בציפוי בטעם שוקולד לבן 246 גרם,מנדלז אספנה גאלטס פר,ES,אוראו פאג שוקולד לבן,גרמים,246.00,100 גרם,false,,17.90,0.0728,true,1,5163
7622300489434,false,"עוגיות אוראו פאדג' בציפוי שוקולד חלב, 246 גרם",מנדלז אספנה גאלטס פר,ES,אוראו פאג שוקולד חלב,גרמים,246.00,100 גרם,false,,17.90,0.0728,true,1,5164
7630477891592,false,סטארבקס קפסולות קפה האוס בלנד 10 יחידות,נסטלה שוויץ - קפה,CH,קפסולות האוס בלנד סט,גרמים,57.00,100 גרם,false,,22.90,0.4018,true,1,110051
7630477891639,false,סטארבקס קפסולות קפה ורונה 10 יחידות,נסטלה שוויץ - קפה,CH,סטארבקס קפסולות ורונ,גרמים,55.00,100 גרם,false,,22.90,0.4164,true,1,99835
7630477891691,false,סטארבקס קפסולות קפה קולמביה 10 יחידות,נסטלה שוויץ - קפה,CH,סטארבקס קפסולות קולו,גרמים,57.00,100 גרם,false,,22.90,0.4018,true,1,99837
7702018980826,false,"גילט ג'ל גילוח טורקיז 200 מ""ל- להגנה",ג'ילט,GB,ג'ל גילוח GILLETTE S,מיליליטרים,200.00,"100 מ""ל",false,,15.90,0.0795,true,1,18078
7702174066631,false,לקקן יוגטה פין פופ במילוי מסטיק 170 גר,הדקלאים אגודת שיתופי,EC,יוגטה פינפופ לקקן 10,גרמים,180.00,100 גרם,false,,11.90,0.0661,true,1,42084
7702174068826,false,יוגטה מבחר סוכריות לקקן קשות ממולאות טופי בטעמי יוגורט ופירות 204 גרם,הדקלאים אגודת שיתופי,CO,יוגטה לקקן חדש 12יח,גרמים,216.00,100 גרם,false,,11.90,0.0551,true,1,42087
7702174070201,false,יוגטה לקקן בטעם מסטיק ממולא טופי בטעם תות 12 יח' 204 גרם,הדקלאים אגודת שיתופי,CO,לקקן בטעם מסטיק ממול,גרמים,216.00,100 גרם,false,,11.90,0.0551,true,1,42089
7790040420076,false,מיני אלפחורס בון בון 117 גר,ארקור,AR,אלפחורס עוגיות סנדבי,גרמים,117.00,100 גרם,false,,8.90,0.0761,true,1,108202
7790580412654,false,מארז בון בון צהוב 270 גרם,ארקור,MX,בון בון צהוב 270 גרם,גרמים,270.00,100 גרם,false,,17.90,0.0663,true,1,13327
7792860006218,false,סוכריות לקקנים בייבי דול Baby Doll לריטר,גוד פוד פרודקטס S.p,AR,בייבי דול לקקן 20גר,גרמים,24.00,100 גרם,false,,2.90,0.1208,true,1,13847
7800601801005,false,פלסטרים מיקס בצבע עור 100 יח',,,פלסטרים 100 יח' - לי,יחידה,0.00,יחידה,false,,8.90,0.0000,true,1,98619
7800601801012,false,פלסטרים בצבע עור 100 יח',,,פלסטרים 100 יח' - לי,יחידה,0.00,יחידה,false,,8.90,0.0000,true,1,98620
7800601801029,false,פלסטרים בצבע שקופים 100 יח',,,פלסטרים 100 יח' - לי,יחידה,0.00,יחידה,false,,8.90,0.0000,true,1,98621
7800601801159,false,סביבון מכני ברשת אורות,,,סביבון מכני אורות בר,יחידה,0.00,יחידה,false,,9.90,0.0000,true,1,13339
7800601801180,false,"רשת למנגל 34*22 ס""מ",,,"רשת למנגל 34*22 ס""מ",יחידה,0.00,יחידה,false,,14.90,0.0000,true,1,91844
7897654496197,true,חנוכייה מתכת,,,חנוכייה מתכת,יחידה,0.00,יחידה,false,,19.90,0.0000,true,1,201535
8000380004676,false,קוביות וופל סנדוויץ Sandwich עם וניל וחלב,"א. לואקר, קונפקט ג'י",AT,לואקר וופל קרם וניל,גרמים,200.00,100 גרם,false,,13.90,0.0695,true,1,12848
8000380004911,false,קוביות וופל קואדרטיני Quadratini קרם אגוזים,קריניציה ויטמינה אס,AT,וופל קואדרטיני אגוז,גרמים,250.00,100 גרם,false,,14.90,0.0596,true,1,12850
8000380004966,false,וופל קוארדטיני לואקר קוביות שוקולד 250ג',קריניציה ויטמינה אס,AT,וופל קואדרטיני קקאו,גרמים,250.00,100 גרם,false,,14.90,0.0596,true,1,12853
8000380005598,false,מארז וופל שוקולד טורטינה Tortina שוקולד מריר,א. לואקר אס. פי. אי-אי.,IT,טורטינה מריר 6יח,גרמים,125.00,100 גרם,false,,17.90,0.1432,true,1,12854
8000380007219,false,וופלים בטעם אגוזים לואקר 175 גרם,ליימן מותגים,AT,וופל לואקר אגוז 175,גרמים,175.00,100 גרם,false,,12.90,0.0737,true,1,12859
8000380007257,false,וופל גרדנה אגוזים לואקר 200 גרם,קריניציה ויטמינה אס,IT,.וופל מצופה שוקולד ג,גרמים,200.00,100 גרם,false,,14.90,0.0745,true,1,12861
8000380007264,false,וופלים בטעם קקאו לואקר 175 גרם,קריניציה ויטמינה אס,AT,וופל לואקר קקאו 175,גרמים,175.00,100 גרם,false,,12.90,0.0737,true,1,12862
8000380007271,false,וופל במילוי קרם חלב לואקר 175 גרם,ליימן מותגים,AT,וופל לואקר חלב 175 ג,גרמים,175.00,100 גרם,false,,12.90,0.0737,true,1,12863
8000380106028,false,טורטינה לואקר וופל שוקולד ואגוזים שישיה 125ג',קריניציה ויטמינה אס,IT,1/6 טורטינה אורגינל,גרמים,125.00,100 גרם,false,,17.90,0.1432,true,1,12865
8000380142484,false,קוביות וופל קואדרטיני Quadratini בטעם שוקולד מריר,"אינסטנטה בע""מ",AT,וופל קואדרטיני שוקול,גרמים,250.00,100 גרם,false,,14.90,0.0596,true,1,12866
8000380144044,false,גרדנה וופל מצופה שוקולד חלב לואקר 200 גרם,"א. לואקר , AG/SpA, ו",IT,וופל גרדנה שוקולד 20,גרמים,200.00,100 גרם,false,,14.90,0.0745,true,1,12868
8000380153534,false,מארז וופל שוקולד טורטינה Tortina שוקולד לבן,א. לואקר אס. פי. אי-אי.,IT,טורטינה לבן 125 גרם,גרמים,125.00,100 גרם,false,,17.90,0.1432,true,1,12878
8000380180721,false,לואקר וופל קקאו במילוי קרם חלבי 175 גר,קריניציה ויטמינה אס,AT,וופל לואקר קלאסיק שו,גרמים,175.00,100 גרם,false,,12.90,0.0737,true,1,12891
8000380180745,false,וופל קוביות קקאו במילוי קרם חלב לואקר 250 גרם,"א. לואקר, קונפקט ג'י",AT,וופל קואדרטיני לואקר,גרמים,250.00,100 גרם,false,,14.90,0.0596,true,1,12892
8000380192243,false,וופלים לואקר מקסי בטעם אגוז 200 גר',לואקר Loacker,AT,וופל לואקר מקסי אגוז,גרמים,200.00,100 גרם,false,,14.90,0.0745,true,1,12901
8000380201396,false,שוקולד חלב ממולא קרם קרמל ועלי וופל פריכ,ליימן מותגים,AT,טורטינה קרמל לואקר 1,גרמים,125.00,100 גרם,false,,17.90,0.1432,true,1,240446
8000500009673,false,בונבונרייה פררו רושר 300 גרם,פררו - אלבה,IT,רושר בונבוניירה 300,גרמים,300.00,100 גרם,false,,46.90,0.1563,true,1,41468
8000500018828,false,שלישיית קינדר שוקולד חצי מטר 100 גרם,קינדר Kinder,IT,שוקולד חצי מטר קינדר,גרמים,300.00,100 גרם,false,,20.90,0.0697,true,1,41471
8000500023624,false,חטיפי הפי היפו Happy Hippo במילוי קרם חלב וקקאו,פררו - אלבה,IT,הפי היפו 5*20ג,גרמים,102.00,100 גרם,false,,13.90,0.1363,true,1,41472
8000500023976,false,בונבוניירת רפאלו פררו 150 גרם,פררו - אלבה,PL,בונבוניירת רפאלו 150,גרמים,150.00,100 גרם,false,,16.90,0.1127,true,1,41473
8000500026731,false,שוקולד ביצי הפתעה קינדר שלישייה,פררו אס.פי.אי,IT,קינדר ביצי שוקולד 3*,גרמים,60.00,100 גרם,false,,16.00,0.2667,true,1,41474
8000500029350,false,מארז וופל מצופה 3יח' *43 גרם קינדר בואנו,פררו - אלבה,PL,קינדר בואנו 3*43 גרם,גרמים,129.00,100 גרם,false,,10.50,0.0814,true,1,41475
8000500071083,false,אצבעות שוקולד קינדר Kinder שש עשרה יחידות,פררו - אלבה,IT,קינדר אצבעות שוקולד,גרמים,200.00,100 גרם,false,,12.90,0.0645,true,1,41480
8000500094976,false,"בונבוניירה פררו רושר רושה קונוס, 212 גרם T17X4",רושר,IT,פררו רושר קונוס 212.,גרמים,212.00,100 גרם,false,,42.90,0.2024,true,1,41482
8000500121436,false,מארז קינדר בואנו Kinder Bueno לבן שלוש יחידות,פררו - אלבה,PL,קינדר בואנו לבן 3*43,גרמים,117.00,100 גרם,false,,10.50,0.0897,true,1,41484
8000500227848,false,נוטלה - בי רדי אצבעות ביסקוויט במילוי שוקולד 6 יח' * 22 גרם,פררו,IT,'וופל מלוח במילוי ממ,גרמים,132.00,100 גרם,false,,11.90,0.0902,true,1,41499
8000500249352,false,קינדר בואנו מיני מיקס שקית 205 ג',פררו - אלבה,PL,קינדר בואנו מיני מיק,יחידה,0.00,יחידה,false,,19.90,0.0000,true,1,41507
8000500256213,false,קינדר שוקולד מיני בשקית.,פררו - אלבה,IT,פרר-קינדר שוקולד מינ,גרמים,120.00,100 גרם,false,,10.90,0.0908,true,1,41509
8000500267103,false,קינדר דליס עוגת ספוג קקאו במילוי חלבי*10,קינדר Kinder,IT,פררו-קינדר דליס עשיר,יחידה,0.00,יחידה,false,,21.90,0.0000,true,1,41513
8000500269169,false,קינדר קארדס Kinder Cards - חמישייה,קריות זול,IT,קינדר קארדס 128 גרם,גרמים,128.00,100 גרם,false,,12.90,0.1008,true,1,113819
8000500294345,false,רושר איש שלג שוקולד חלב ואגוזי לוז 90 גר,פררו,PL,פררו איש שלג 90 גרם,גרמים,90.00,100 גרם,false,,14.90,0.1656,true,1,36763
8000500360262,false,קינדר שוקולד דמויות חנוכה,צ'וקטה,PL,קינדר חנוכיה 135 גרם,גרמים,135.00,100 גרם,false,,17.90,0.1326,true,1,104267
8000500366073,true,ביסקוויטים במילוי נו,,,ביסקוויטים במילוי נו,גרמים,276.00,100 גרם,false,,22.90,0.0830,true,1,356093
8000798000925,false,מטאטא רך שיער איטלקי עבה,,IT,מטאטא יהלום,יחידה,0.00,יחידה,false,,12.90,0.0000,true,1,13603
8001003100164,false,יוגטה סוכריות ג'לי בטעמי פירות 450 גרם,יוגטה yogueta,IT,יוגטה סוכריות ג'לי פ,גרמים,450.00,100 גרם,false,,11.90,0.0264,true,1,42105
8001090222725,false,"הרבל אסנסס - שמפו שמן מורינגה 400 מ""ל",הרבל אסנס Herbal Essences,FR,שמפו שמן מורינגה הרב,מיליליטרים,400.00,"100 מ""ל",false,,14.90,0.0373,true,1,27408
8001090364159,false,"משחת שיניים אורל בי G&E רעננות מוגברת 75 מ""ל",פרוקטר אנד גמבל,DE,אורל בי משחה G&E - ר,מיליליטרים,75.00,"100 מ""ל",false,,16.90,0.2253,true,1,172539
8001090364203,false,"משחת שיניים אורל בי G&E להלבנה עדינה 75 מ""ל",פרוקטר אנד גמבל,DE,אורל בי משחה G&E - ל,מיליליטרים,75.00,"100 מ""ל",false,,16.90,0.2253,true,1,172540
8001090379368,false,פמפרס פרימיום קר חיתולים שלב 4 34 יח VP,פרוקטר אנד גמבל,PL,חיתולי פמפרס פרימיום,יחידה,0.00,יחידה,false,,35.90,0.0000,true,1,27428
8001090379399,false,פמפרס פרימיום קר חיתולים שלב 5 30 יח VP,פרוקטר אנד גמבל,PL,חיתולי פמפרס פרימיום,יחידה,0.00,יחידה,false,,35.90,0.0000,true,1,27429
8001090458322,false,פיירי ורדים משי 1.015 מלי,פרוקטר אנד גמבל,GB,פיירי ורדים ומשי 101,ליטרים,1.01,ליטר,false,,18.90,18.7129,true,1,27430
8001090721099,false,טבליות ג'ל לכביסה 3 ב-1 בניחוח אביב הרים,פרוקטר אנד גמבל,FR,אריאל פודס קפסולות 2,יח',27.00,יח',false,,36.90,1.3667,true,1,27453
8001090745903,false,אבקת כביסה טייד פרש אלפיין 4 קג,פרוקטר אנד גמבל,CZ,אבקת כביסה טייד אלפי,קילוגרמים,4.00,"ק""ג",false,,31.90,7.9750,true,1,73825
8001090899194,false,תחבושות אולוויז פלטינום נורמל 24 יחידות,פרוקטר אנד גמבל,DE,תחבושות פלטינום נורמ,יחידה,0.00,יחידה,false,,23.90,0.0000,true,1,27492
8001090899224,false,תחבושות אולוויז פלטינום לונג 20 יחידות,פרוקטר אנד גמבל,DE,תחבושות פלטינום לונג,יחידה,0.00,יחידה,false,,23.90,0.0000,true,1,27493
8001090899255,false,תחבושות אולוויז פלטינום לילה 16 יחידות,פרוקטר אנד גמבל,DE,תחבושות פלטינום לילה,יחידה,0.00,יחידה,false,,23.90,0.0000,true,1,27494
8001090899286,false,תחבושות אולוויז פלטינום לילה בטוח 14 יח',פרוקטר אנד גמבל,DE,תחבושות פלטינום לילה,יחידה,0.00,יחידה,false,,23.90,0.0000,true,1,27495
8001620011935,false,"סן בנדטו- מים מינרלים מוגז - מארז שישיית 500 מ""ל",אקווה מינרלה סאן בנד,IT,סאן בנדטו מוגז 6*500,ליטרים,3.00,ליטר,false,,13.90,4.6333,true,1,9562
8001620019177,false,"סן בנדטו מים מינרלים בטעם ענבים 500 מ""ל",אקווה מינרלה סאן בנדטו ב,IT,סאן בנדטו משקה בטעם,מיליליטרים,400.00,"100 מ""ל",false,,6.90,0.0172,true,1,288131
8001841053806,false,תחבושות היגייניות אולוויז מקסי עבה לילה,פרוקטר אנד גמבל,HU,תחבושות עבה לילה אול,יחידה,0.00,יחידה,false,,13.90,0.0000,true,1,27511
8001841470290,false,נוזל ניקוי כלים פייר,,,נוזל ניקוי כלים פייר,מיליליטרים,750.00,"100 מ""ל",false,,14.90,0.0199,true,1,346163
8001841625188,false,סבון כלים פלטינום לימון X3 פעולות להסרת שומנים,פרוקטר אנד גמבל,GB,פיירי נוזל כלים פלטי,מיליליטרים,515.00,"100 מ""ל",false,,10.90,0.0212,true,1,73444
8001841625461,false,סבון כלים פלטינום X3 פעולות להסרת שומנים,פרוקטר אנד גמבל,GB,פיירי נוזל כלים פלטי,מיליליטרים,515.00,"100 מ""ל",false,,10.90,0.0212,true,1,73446
8001841625508,false,"נוזל כלים פיירי פלטינום אורגינל 1.015 ליטר בד""צ",פרוקטר אנד גמבל,GB,פיירי נוזל כלים פלטי,ליטרים,1.01,ליטר,false,,18.90,18.7129,true,1,73447
8001841653624,false,פיירי נוזל כלים 625,,,פיירי נוזל כלים 625,מיליליטרים,625.00,"100 מ""ל",false,,10.90,0.0174,true,1,306603
8001841663654,false,"פיירי נוזל כלים אקסטרה 650 מ""ל - צהוב",פרוקטר אנד גמבל,CZ,פיירי נוזל כלים 650,מיליליטרים,650.00,"100 מ""ל",false,,10.90,0.0168,true,1,311075
8001841663692,false,פיירי אקסטרא נוזל כל,,,פיירי נוזל כלים לימ,מיליליטרים,900.00,"100 מ""ל",false,,12.90,0.0143,true,1,292885
8001841665139,false,"שמפו פאנטן 400 מ""ל",,,"שמפו פאנטן 400 מ""ל",מיליליטרים,400.00,"100 מ""ל",false,,15.90,0.0398,true,1,365695
8001841960289,false,פיירי טבליות למדיח 7,,,פיירי טבליות למדיח 7,יחידה,0.00,יחידה,false,,59.90,0.0000,true,1,306588
8001943549122,false,"צ'וקטה מטבעות שוקולד חלב, 40 גרם",ואל קור קורסניני אס אנ ס,IT,צ`וקטה מטבעות שוקולד,גרמים,40.00,100 גרם,false,,4.90,0.1225,true,1,42111
8002267014662,false,שלישייה ביצי שוקולד חלב עם צעצוע ברבי,צ'וקטה Chocketa,IT,צ'וקטה ביצת הפתעה בר,יח',60.00,יח',false,,12.90,0.2150,true,1,42113
8002267014945,false,שלישייה ביצי שוקולד חלב עם צעצוע הוט ווילס,ואל קור קורסניני אס אנ ס,IT,צ'וקטה ביצת הפתעה הו,יח',60.00,יח',false,,12.90,0.2150,true,1,42114
8002267015263,false,שלישייה ביצת הפתעה מאשה והדוב צ'וקטה 20 גרם,צ'וקטה Chocketa,IT,צ'וקטה מארז 3 יח' בי,יח',60.00,יח',false,,12.90,0.2150,true,1,295436
8002270866524,false,סן פלגרינו מים מינרליים טבעיים מוגזים,סן פלגרינו San Pellegrino,IT,סאן פלנגרינו מים מינ,ליטרים,1.00,ליטר,false,,8.90,8.9000,true,1,9572
8003012013589,false,קפסולות טרדיציונה גריבאלדי אלמניום 10 יח,,,קפסולות טרדיזיון גרי,גרמים,55.00,100 גרם,false,,9.90,0.1800,true,1,223721
8003130129506,false,סאן קרלו חטיפי תפוחי אדמה פריכים CLASSIC,קנדי חשמל ונכסים,IT,חטיף ציפס 50 גרם CL,גרמים,50.00,100 גרם,false,,5.90,0.1180,true,1,294659
8003130129544,false,סאן קרלו חטיפי תפוחי אדמה פריכ.CROCCANTE,קנדי חשמל ונכסים,IT,חטיף ציפס 50 גרם,גרמים,50.00,100 גרם,false,,5.90,0.1180,true,1,294660
8003477500327,false,פרימלוצ'י קורנטי 500,,,פרימלוצ'י קורנטי 500,גרמים,500.00,100 גרם,false,,5.90,0.0118,true,1,324973
8004030022010,false,ירקות גינה עם טונה ריו מרה אינסלטיסימי 160 ג',"בולטון אלימנטרי בע""\מ",IT,טונה וירקות גינה ריו,גרמים,160.00,100 גרם,false,,17.90,0.1119,true,1,21887
8004030026018,false,"מקסיקני עם טונה ריו מרה אינסלטיסימי, 160 ג'","בולטון אלימנטרי בע""\מ",IT,ריו מרה טונה עם שעוע,גרמים,160.00,100 גרם,false,,17.90,0.1119,true,1,21888
8004030044005,false,נתחי טונה בהירה בשמן זית ריו מרה 112גרם,"בולטון אלימנטרי בע""\מ",IT,נתחי טונה בשמן זית ר,גרמים,160.00,100 גרם,false,,18.90,0.1181,true,1,21889
8004030177000,false,טונה בשמן זית וצ'ילי ריו מרה מארז 80X3 גר',ריו מארה Rio Mare,IT,טונה בשמן זית עם צ'י,גרמים,240.00,100 גרם,false,,28.90,0.1204,true,1,21893
8004030180000,false,ריו מרה טונה בשמן זית כתית מעולה 3*80 גרם,"בולטון אלימנטרי בע""\מ",IT,ריו מרה טונה בשמן זי,גרמים,240.00,100 גרם,false,,28.90,0.1204,true,1,345874
8004030845046,false,טונה עם ירקות בתוספת עם אורז ריו מרה אינסלטיסימי 160 ג',בולטון אלימנטרי,IT,אינסלטיסימי אורז עם,גרמים,160.00,100 גרם,false,,17.90,0.1119,true,1,21900
8004030860001,false,ירקות עם קוקוס וטונה ריו מרה אינסלטיסימי 160 ג',"בולטון אלימנטרי בע""\מ",IT,קוסקוס וטונה ריו מרה,גרמים,160.00,100 גרם,false,,17.90,0.1119,true,1,21901
8004708048816,false,פלפל 4 עונות במטחנה85גר,דרוגיה ואלימנטרי אס.אר.א,IT,פלפל 4 עונות במטחנה,גרמים,85.00,100 גרם,false,,30.90,0.3635,true,1,302560
8004800004826,false,לאגו פלאסיר - וופלים במילוי קרם קוקוס שוקולד מריר - 98ג,לגו גרופ ס.פ.א.,IT,ופלים במילוי קרם קוק,גרמים,98.00,100 גרם,false,,10.90,0.1112,true,1,326810
8004800005502,false,וופל מיני רול גלילי ופל במילוי קרם קקאו- 125 ג' לאגו,לגו גרופ ס.פ.א.,IT,לאגו מיני רול- גלילי,גרמים,125.00,100 גרם,false,,9.90,0.0792,true,1,328781
8005110170300,false,עגבניות מרוסקות חתוכות מוטי MUTTI שלישיה *400,מוטי Mutti,IT,עגבניות MUTTI מרוסקו,קילוגרמים,1.20,"ק""ג",false,,17.90,14.9167,true,1,51704
8005200256587,false,נסטי - תה קר בטעם אפרסק 1.5 ליטר,מפעל סאנפלגרינו S.P.A,IT,נסטי אפרסק 1.5 ליטר,ליטרים,1.50,ליטר,false,,8.90,5.9333,true,1,206633
8005200316588,false,תה קר דיאט בטעם אפרסק נסטי 1.5 ליטר,מפעל סאנפלגרינו s.p.a,IT,נסטי דיאט אפרסק 1.5,ליטרים,1.50,ליטר,false,,11.50,7.6667,true,1,206635
8006540429327,false,פיירי מקס פאוור לימון עם מנגנון למניעת נזילות,פרוקטר אנד גמבל,CZ,"פיירי לימון 440 מ""ל",מיליליטרים,440.00,"100 מ""ל",false,,11.90,0.0270,true,1,227999
8006540491539,false,"נוזל כלים פיירי פלטינום אוריגינל 780 מ""ל",פרוקטר אנד גמבל,GB,פיירי נוזל כלים פלטי,מיליליטרים,780.00,"100 מ""ל",false,,14.90,0.0191,true,1,276528
8006540592496,false,תחבושות אולוויז אולטרא כפול לילה 20 יח,פרוקטר & גמבל,HU,תחבושות אולוויז כחול,100 יח',16.00,100 יח',false,,19.90,1.2437,true,1,307806
8006540628737,false,שמפו הד שולדרס קלאסי,,,שמפו הד שולדרס קלאסי,מיליליטרים,350.00,"100 מ""ל",false,,16.90,0.0483,true,1,318893
8008857310343,false,"פסטה רג'ייה 1 ק""ג",,,"פסטה רג'ייה 1 ק""ג",קילוגרמים,1.00,"ק""ג",false,,10.90,10.9000,true,1,283200
8008912010034,false,ליגורי- ספגטי מספר 3 500גר,מנז'\ אנד גאסר ס.פ.א,IT,פסטה ספגטי מספר 3 -,גרמים,500.00,100 גרם,false,,8.90,0.0178,true,1,286926
8008912010317,false,LIGUORI פסטה פוזילי 500 גרם מספר 31,מנז'\ אנד גאסר ס.פ.א,IT,פסטה פוזלי מספר 31 -,גרמים,500.00,100 גרם,false,,8.90,0.0178,true,1,286930
8008912010423,false,"ליגורי פסטה פנה ריגטה מספר 42, 500 גר'",מנז'\ אנד גאסר ס.פ.א,IT,פסטה פנה ריגטה מספר,גרמים,500.00,100 גרם,false,,8.90,0.0178,true,1,286931
8023788030610,false,שוקולד חלב 300 גרם,,,שוקולד חלב 300 גרם,גרמים,300.00,100 גרם,false,,17.90,0.0597,true,1,304925
8023788030627,false,שוקולד מריר מעולה 3,,,שוקולד מריר מעולה 3,גרמים,300.00,100 גרם,false,,17.90,0.0597,true,1,304910
8023788030634,false,שוקולד חלב עם שברי א,,,שוקולד חלב עם שברי א,גרמים,300.00,100 גרם,false,,18.90,0.0630,true,1,304926
8023788030672,false,עוגיות מלוחות בתוספת,,,עוגיות מלוחות בתוספת,גרמים,400.00,100 גרם,false,,12.90,0.0323,true,1,335483
8023788030689,false,עוגיות מלוחות בטעם ע,,,עוגיות מלוחות בטעם ע,גרמים,400.00,100 גרם,false,,12.90,0.0323,true,1,335931
8024985003988,false,סמוזי תפוח בננה 100 גר נטורה נובה,נטורה נובה Natura Nuova,IT,נטורה נובה - סמוזי ת,גרמים,100.00,100 גרם,false,,5.90,0.0590,true,1,107731
8024985005234,false,סמוזי נטורה נובה סמוצי תפוח מנגו 100 גרם,נטורה נובה,IT,נטורה נובה - סמוזי ת,גרמים,100.00,100 גרם,false,,5.90,0.0590,true,1,107732
8024985008037,false,סמוזי נטורה נובה סמוצי תפוח 100 גרם,"נטורפוד בע""מ",IT,נטורה נובה - סמוזי ת,גרמים,100.00,100 גרם,false,,5.90,0.0590,true,1,107733
8032880800243,false,פיקניק הפתעה - אגוזי לוז ומקלות אפויים,"הוסטה איטליה, ס.ר.ל.",IT,פיקניק הפתעה 50ג,גרמים,50.00,100 גרם,false,,9.90,0.1980,true,1,12916
8076800105056,false,"ברילה ספגטי 1 ק""ג קופסה",ברילה Barilla,IT,פסטה ספגטי בקופסה בר,קילוגרמים,1.00,"ק""ג",false,,12.90,12.9000,true,1,303850
8076800105735,false,"ברילה פנה ריגטה 1 ק""ג קופסה",שסטוביץ,IT,פנה ריגטה בקופסה ברי,קילוגרמים,1.00,"ק""ג",false,,12.90,12.9000,true,1,303865
8076800195019,false,ברילה - צ.א ספגטי מס1 קפליני 500 גרם,ברילה גי.אי.אר פרטלי ס.פ,IT,ספגטי קפליני מס' 1 ב,גרמים,500.00,100 גרם,false,,6.90,0.0138,true,1,21904
8076800195033,false,ברילה - צ.א ספגטיני מס3 חדש 500 גרם,ברילה גי.אי.אר פרטלי ס.פ,IT,ספגטי מס' 3 ברילה 50,גרמים,500.00,100 גרם,false,,6.90,0.0138,true,1,21905
8076800195057,false,ברילה - צ.א ספגטי מס5 חדש 500 גרם,ברילה גי.אי.אר פרטלי ס.פ,IT,ספגטיני מס' 5 ברילה,גרמים,500.00,100 גרם,false,,6.90,0.0138,true,1,21906
8076800195071,false,ספגטי מס 7 ברילה 500,,,ספגטי מס' 7 ברילה 5,גרמים,500.00,100 גרם,false,,6.90,0.0138,true,1,51758
8076800315097,false,פסטה מקרוני בוקטיני מספר 9 ברילה 500 גרם,ברילה גי.אי.אר פרטלי ס.פ,IT,ספגטי בוקטיני מס' 9,גרמים,500.00,100 גרם,false,,6.90,0.0138,true,1,21908
8076802085981,false,ברילה - צ.ק פוזילי חדש 500 גרם,ברילה גי.אי.אר פרטלי ס.פ,IT,פסטה פוזילי 98 ברילה,גרמים,500.00,100 גרם,false,,6.90,0.0138,true,1,21914
8076808050440,false,פסטה מקרוני מספר 44 ברילה 500 גרם,ברילה Barilla,IT,פסטה מקרוני מס' 44 ב,גרמים,500.00,100 גרם,false,,6.90,0.0138,true,1,21915
8076808060654,false,פסטה פרפלה מספר 65 ברילה 500 גרם,ברילה גי.אי.אר פרטלי ס.פ,IT,פסטה פרפלה 65 ברילה,גרמים,500.00,100 גרם,false,,6.90,0.0138,true,1,21916
8076808070882,false,קנלוני מספר 88 ברילה 250 גרם,פאסטיפיקו ריגו אס.אר,IT,קנלוני ברילה 250 גרם,גרמים,250.00,100 גרם,false,,14.90,0.0596,true,1,21917
8076809513395,false,ברילה פומודורו רוטב עגבניות קלאסי 400 גר,ברילה גי.אי.אר פרטלי ס.פ,IT,ברילה רוטב פורמודרו,גרמים,400.00,100 גרם,false,,16.90,0.0422,true,1,21922
8076809513739,false,ברילה רוטב עגבניות עם בזיליקום 400 גרם,ברילה גי.אי.אר פרטלי ס.פ,IT,ברילה רוטב בזיליקום,גרמים,400.00,100 גרם,false,,16.90,0.0422,true,1,21927
8076809514774,false,ברילה איטריות ביצים פפרדלה 250ג',ברילה גי.אי.אר פרטלי ס.פ,IT,ברילה פפרדלה ביצים 2,גרמים,250.00,100 גרם,false,,18.90,0.0756,true,1,21929
8076809523738,false,דפי לזניה ברילה 500 גרם,ברילה גי.אי.אר פרטלי ס.פ,IT,לזניה ברילה 500 גרם,גרמים,500.00,100 גרם,false,,23.90,0.0478,true,1,21935
8076809578998,false,ברילה - צ.ק. סטלינה 500 גרם,ברילה גי. אי. אר פרטלי ס,IT,פסטה סטלינה מס' 27,גרמים,500.00,100 גרם,false,,6.90,0.0138,true,1,150816
8121300208780,false,טרוביה תחליף סוכר לכל מטרה 360 גרם,טרוביה Truvia,US,תחליף סוכר לכל מטרה,גרמים,360.00,100 גרם,false,,34.90,0.0969,true,1,323661
8410076610379,false,"חטיף בוטנים, חלבון סויה ושוקולד מריר עם ציפוי בטעם שוקולד",סריילטו ספיין פודס,ES,פרוטאין בוטנים ושבבי,גרמים,160.00,100 גרם,false,,26.90,0.1681,true,1,12928
8410076610508,false,"חטיף שיבולת שועל מלאה עם בוטנים, שקדים ושוקולד מריר בציפוי בטעם שוקולד",נייצ'ר ואלי Nature Valley,ES,חטיף צ'ואי שוקולד מר,גרמים,150.00,100 גרם,false,,19.90,0.1327,true,1,12931
8410076621047,false,עוגות אישיות בטעם שוקולד עם חתיכות בטעם שוקולד,"גלאטס סירו בע""\מ",ES,חטיף פייבר 1 בטעם שו,גרמים,120.00,100 גרם,false,,14.90,0.1242,true,1,112290
8410376052633,false,גולון-עוגיות שוקוצ'יפס ללא תוספת סוכר 150 ג 1/12,VIRGINIAS INDUSTRIAS,ES,עוגיות שוקוצ'יפס ללא,גרמים,150.00,100 גרם,false,,12.50,0.0833,true,1,283995
8413664611611,false,פאפאס ארגנטה-ציפס דליקטס 180 גרם 1/12 121007,פאפאס ארג'\נטה ס.א.ו.,ES,ARGENTE חטיף תפוח א,גרמים,180.00,100 גרם,false,,16.90,0.0939,true,1,295881
8413664811905,false,פאפאס ארגנטה-צ'יפס שמן זית קינואה 150 גרם,פאפאס ארג'\נטה ס.א.ו.,ES,ARGENTE חטיף תפוח א,גרמים,150.00,100 גרם,false,,16.90,0.1127,true,1,295883
8420822130624,false,"ספריי סופר מסיר כתמים 750מ""ל יעקבי",קה לורדה,ES,ספריי סופר מסיר כתמי,מיליליטרים,750.00,"100 מ""ל",false,,19.90,0.0265,true,1,227972
8423207206488,false,סלים דליס חטיף דגנים מצופה שוקולד חלב מרבה 6*20 גרם,אף.סי תבליני בגליל ב,ES,סלים דליס חטיף דגנים,גרמים,120.00,100 גרם,false,,13.90,0.1158,true,1,21956
8423207207362,false,חטיפי סלים דליס שוקולד לבן מרבה 6 יחידות,ביסנצ'ורי אס.אל.יו,ES,סלים דליס חטיף דגנים,גרמים,120.00,100 גרם,false,,13.90,0.1158,true,1,21960
8423207208871,false,פריכיות תירס בטעם טבעי סלים דליס 130 גרם,סלים דליס Slim Delis,ES,פריכיות תירס בטעם טב,גרמים,130.00,100 גרם,false,,10.90,0.0838,true,1,3705
8435495805199,false,"אבקת כביסה תינוקלין שקית 3 ק""ג.",מולינו ניקולי s.p.a,TR,אבקת כביסה תינוקלין,קילוגרמים,3.00,"ק""ג",false,,45.90,15.3000,true,1,42121
8437000906209,false,"טורטיה ספרדי קמח 25 ס""מ 325 גרם",Azteca foods europe,ES,8 טורטיות חיטה תומר,גרמים,325.00,100 גרם,false,,8.90,0.0274,true,1,25246
8445290427120,false,דגני פיטנס Fitness שוקולד מריר ובננה,נסטלה צרפת איטנקורט,FR,פיטנס שוקולד מריר נה,גרמים,330.00,100 גרם,false,,22.90,0.0694,true,1,329983
8681863065362,false,saltbae מלח ים עם פלפל שחור 350 גרם ויליפוד,גידה,TR,מלח ים עם פלפל שחור,גרמים,350.00,100 גרם,false,,25.90,0.0740,true,1,291010
8683323063024,false,יוגטה שטיחים בטעם תותי פרוטי 220 גרם,ליימן מותגים,TR,יוגטה חיספוסים שטיחי,גרמים,220.00,100 גרם,false,,6.90,0.0314,true,1,42132
8686868600044,false,המותג אביזרי שיער,,CN,המותג אביזרי שיער,יחידה,0.00,יחידה,false,,6.90,0.0000,true,1,31049
8686868600075,false,המותג אביזרי שיער,,CN,המותג אביזרי שיער,יחידה,0.00,יחידה,false,,9.90,0.0000,true,1,31052
8686868600105,false,אביזרי שיער מברשות ה,,CN,המותג אביזרי שיער,יחידה,0.00,יחידה,false,,12.90,0.0000,true,1,31054
8690504081920,false,מקוויטיס טינס מצופה שוקולד מריר 150 גרם,"אולקר ביסקווי סנאי, א.ס.",TR,טינס מצופה שוקולד מר,גרמים,150.00,100 גרם,false,,9.90,0.0660,true,1,24871
8690504156543,false,טבלת שוקלד חלב ממולא בקרם גנאש שוקולד חלב 88 גר',ביסקוט ביסקווי סילברי,TR,שוקולד חלב במילוי גנ,גרמים,88.00,100 גרם,false,,14.90,0.1693,true,1,348037
8690526009278,false,אי טי אי - חטיף קרמל מצופה שוקולד וחלב כדורוני דגנים 126 גרם,"GIDA ETI , טורקיה n\",TR,חטיף קרמל מצופה שוקו,יחידה,0.00,יחידה,false,,9.90,0.0000,true,1,106710
8690526009353,false,אי טי אי - מיני חטיף בוטנים נוגט קרמל מצופה שוקולד חלב 140 גרם,"GIDA ETI , טורקיה n\",TR,מיני חטיף בוטנים נוג,גרמים,140.00,100 גרם,false,,9.90,0.0707,true,1,106600
8690637555084,false,"מרכך כביסה מרוכז אקסטרה פריחת התפוז בדין 960 מ""ל",יוניליוור סנאיי וי טיקאר,TR,בדין אקסטרה לבן 960,מיליליטרים,960.00,"100 מ""ל",false,,15.90,0.0166,true,1,10915
8690637858734,false,גל לנ.כללי סיף אקונומיקה בנ.לימון 750 מל,יוניליוור ניקיון,IL,סיף ג'ל אקונומיקה לי,מיליליטרים,750.00,"100 מ""ל",false,,12.90,0.0172,true,1,10956
8690637858758,false,פנטסטיק סיף גל אקונמיקה בריח אורנים 750,יוניליוור ניקיון,IL,סיף ג'ל אקונומיקה או,מיליליטרים,750.00,"100 מ""ל",false,,12.90,0.0172,true,1,10958
8690637946301,false,"בדין - מרכך כביסה אקסטרא בייביי כחול 960 מ""ל",יוניליוור סנאיי וי טיקאר,TR,בדין אקסטרה בייבי כ,מיליליטרים,960.00,"100 מ""ל",false,,15.90,0.0166,true,1,55534
8690637946318,false,"מרכך כביסה בדין מרוכז אקסטרה בייבי טלק 960 מ""ל",יוניליוור סנאיי וי טיקאר,TR,בדין אקסטרא בייבי צ,מיליליטרים,960.00,"100 מ""ל",false,,15.90,0.0166,true,1,55535
8690766156367,false,גודייבה שוקולד חלב מעולה 90 גרם,"אולקר מקבוצת פלאדיס,",TR,גודייבה שוקולד חלב מ,גרמים,90.00,100 גרם,false,,14.90,0.1656,true,1,87596
8690766156381,false,גודייבה שוקולד מריר 90% מוצקי קקאו 90 גרם,"אולקר מקבוצת פלאדיס,",TR,גודייבה ש.מריר מעולה,גרמים,90.00,100 גרם,false,,14.90,0.1656,true,1,72330
8690766156404,false,שוקולד מריר מעולה גודייבה תפוז אדום 90 גרם,גודייבה,TR,גודייבה שוקולד מריר,גרמים,90.00,100 גרם,false,,14.90,0.1656,true,1,87583
8690777203012,false,פלפלים ירוקים כבושים לא חריפים סרה ויליפוד 600 גרם,יוליניבר,TR,פלפל ירוק כבוש סרה 6,גרמים,600.00,100 גרם,false,,13.90,0.0232,true,1,3297
8690777206051,false,חציל קלוי על האש סרה ויליפוד 650 גרם,קוראהן פזלרמה וי דיס,TR,חציל קלוי על האש סרה,גרמים,650.00,100 גרם,false,,13.90,0.0214,true,1,3299
8690777221405,false,פלפל אדום קלוי סרה ויליפוד 650 גרם,קוראהן פזלרמה וי דיס,TR,פלפל אדום קלוי על הא,גרמים,650.00,100 גרם,false,,13.90,0.0214,true,1,3301
8690946270074,false,פסטה ספגטי 500 גרם B,,,פסטה ספגטי 500 גרם B,גרמים,500.00,100 גרם,false,,3.90,0.0078,true,1,336859
8690946270111,false,פסטה פוזלי 500 גרם B,,,פסטה פוזלי 500 גרם B,גרמים,500.00,100 גרם,false,,3.90,0.0078,true,1,336860
8690946272207,false,פסטה פנה 500 גרם BAH,,,פסטה פנה 500 גרם BAH,גרמים,500.00,100 גרם,false,,3.90,0.0078,true,1,336862
8691900174056,false,קוטקס תחבושות אולטרה לילה 16 י',חוגלה קימברלי,CZ,תחבושות קוטקס לילה,100 יח',16.00,100 יח',false,,17.90,1.1187,true,1,304147
8693495051002,false,קולגייט מברשת שיניים מיניונים 6+ לילדים,קולגייט פלמוליב,CN,קולגייט מברשת ילדים,יחידה,0.00,יחידה,false,,10.90,0.0000,true,1,21983
8697409840645,false,מגב שיש 23.5 CM,,,מגב שיש 23.5 CM,יחידה,0.00,יחידה,false,,6.90,0.0000,true,1,210871
8697530910743,false,סיגריות פאל מאל כחול קצר מטאליק,Unknown,TR,פאל מאל בלו,יחידה,0.00,יחידה,false,,31.00,0.0000,false,1,4191
8698996000207,false,מגבות נייר 1/6,,,מגבות נייר 1/6,מטרים,0.00,מטר,false,,11.90,0.0000,true,1,339320
8710502064814,false,עוגיות מרבה שוקולד ציפס במרקם רך 175 גר,בנקטבקריי מרבה בי.וי,NL,מרבה עוגיות שוקוציפס,גרמים,175.00,100 גרם,false,,9.90,0.0566,true,1,21992
8710502231018,false,מרבה מיני עוגיות שוקולד צ'יפס 175 גרם,"מרבה בע""\מ",NL,מרבה עוגיות שוקולד צ,גרמים,175.00,100 גרם,false,,11.90,0.0680,true,1,122483
8710502279010,false,מרבה עוגיות שוקולד צ'יפס מצופות שוקולד 175 גרם,"י.מרבה ישראל בע""מ",NL,מרבה עוגיות שוקולד צ,גרמים,175.00,100 גרם,false,,9.90,0.0566,true,1,127022
8710502285509,false,מרבה - עוגיות לימון ושוקולד צ'יפס במרקם רך 175 גרם,בנקטבקריי מרבה בי.וי,NL,מרבה עוגיה רכה לימון,גרמים,175.00,100 גרם,false,,9.90,0.0566,true,1,241161
8710502470028,false,עוגיות שוקולד צ'יפס ממולאות בקרם נוגט,קריניציה ויטמינה אס,NL,מרבה עוגיות נוגטלי 1,גרמים,160.00,100 גרם,false,,9.90,0.0619,true,1,22001
8710800027573,false,סוכריות מיני בטעם פירות מנטוס 178 גרם,פרפטי ואן מלה ברדה,NL,מיני מנטוס שקית,גרמים,178.00,100 גרם,false,,17.80,0.1000,true,1,12945
8712400802512,false,תרכובת מזון המשך לפעוטות על בסיס חלב שלב 2,נוטרישיה קאלק ב. ו.,NL,נוטרילון שלב 2- 800,גרמים,800.00,100 גרם,false,,69.90,0.0874,true,1,5214
8712561611183,false,דאב סבון נוזלי 500 תמציות מלפפונים ותה,"יוניליוור גרמניה, Gmbh &",DE,דאב תחליב רחצה תה יר,מיליליטרים,500.00,"100 מ""ל",false,,19.90,0.0398,true,1,11064
8712561611411,false,"תחליב רחצה בניחוח מלפפון ותה ירוק דאב 750 מ""ל","יוניליוור גרמניה, Gmbh &",DE,תחליב רחצה תה ירוק ו,מיליליטרים,750.00,"100 מ""ל",false,,21.90,0.0292,true,1,11065
8714599513781,false,"קפה נמס מיובש בהקפאה זהב צנצנת ג'ייקובס 200 גרם לל""ס",אל.אל. סי ג''יקובס דאו א,RU,קפה ג'יקובס גולד 200,גרמים,200.00,100 גרם,false,,30.90,0.1545,true,1,5200
8714599513835,false,גי'קובס קרונונג נייט אנד דיי - נטול קופיאין,ג'ייקובס Jacobs,DE,קפה ג`יקובס נטול קופ,גרמים,200.00,100 גרם,false,,40.90,0.2045,true,1,5202
8714599513866,false,"קפה נמס מיובש בהקפאה קרונג צנצנת ג'ייקובס 200 גרם לל""ס",אל.אל.סי גייקובס דאו,DE,קפה ג'יקובס קרונונג,גרמים,200.00,100 גרם,false,,29.90,0.1495,true,1,5203
8714789177229,false,רבעיית מברשות שיניים קולגייט אקסטרה קלין 1 יחידה,הנסיך- מפעל לייצור ט,CN,מב.שיניים אקסטרא קלי,יחידה,0.00,יחידה,false,,11.90,0.0000,true,1,22007
8714789218465,false,מברשת שיניים 360 סופט קולגייט 2 יחידות,הנסיך- מפעל לייצור ט,CN,זוג מברשות שיניים 36,יחידה,0.00,יחידה,false,,30.90,0.0000,true,1,22011
8714789402918,false,נוזל לניקוי כללי ורצפות בניחוח פרחי בר אג'קס 1.5 ליטר,הנסיך- מפעל לייצור ט,GR,חגיגת הפרחים אדום אג,ליטרים,1.50,ליטר,false,,21.90,14.6000,true,1,22016
8714789402932,false,נוזל לניקוי כללי ורצפות בניחוח ורדי בוקר אג'קס 1.5 ליטר,הנסיך- מפעל לייצור ט,GR,אג'קס חגיגת הפרחים ו,ליטרים,1.50,ליטר,false,,21.90,14.6000,true,1,22017
8714789402970,false,נוזל לניקוי כללי ורצפות בניחוח פרחי אביב אגק'ס 1.5 ליטר,הנסיך- מפעל לייצור ט,GR,אג'קס חגיגת הפרחים י,ליטרים,1.50,ליטר,false,,21.90,14.6000,true,1,22018
8714789450315,false,פלמוליב נוזל כלים לימון 1.5 ליטר,הנסיך- מפעל לייצור ט,GR,פלמוליב שקוף לימון 1,ליטרים,1.50,ליטר,false,,16.90,11.2667,true,1,22020
8714789834467,false,פלמוליב נוזל לניקוי כלים קלאסי 1.5 ליטר,קולגייט-פלמוליב,GR,פלמוליב נוזל כלים 1.,ליטרים,1.50,ליטר,false,,16.90,11.2667,true,1,22038
8715700110141,false,מיונז קרמי היינץ צנצנת 460ג',ה.י.היינץ הולדינג בי.וי,NL,מיונז היינץ אמיתי צנ,גרמים,460.00,100 גרם,false,,12.90,0.0280,true,1,5408
8715700110158,false,היינץ ממרח במרקם קרמי צנצנת 490 גרם,ה.י.היינץ הולדינג בי.וי,NL,מיונז היינץ לייט צנצ,גרמים,490.00,100 גרם,false,,12.90,0.0263,true,1,5409
8715700423906,false,היינץ מתבל עגבניות מופחת סוכר ומלח 50/50 550 גרם,היינץ צפון אמריקה מק,NL,מתבל עגבניות היינץ 2,גרמים,555.00,100 גרם,false,,11.90,0.0214,true,1,5424
8717163647202,false,"אקס דאודורנט ספריי גוף לגבר אנרכי 150 מ""ל",יוניליוור אנגליה,GB,ספריי גוף לגבר אנרכי,מיליליטרים,150.00,"100 מ""ל",false,,15.90,0.1060,true,1,11096
8717163663493,false,"רקסונה - דאודורנט ספריי לגבר קובלט דריי 150 מ""ל","יוניליוור אנגליה, דרך קו",GB,רקסונה ספריי אקטיב ל,מיליליטרים,150.00,"100 מ""ל",false,,15.90,0.1060,true,1,11110
8717163714850,false,דאודורנט ספריי בניחוח קוקוס ויסמין,"קוסטר אירוסול, גבזה 4140",TR,דאו' ספריי אוריגינל,מיליליטרים,150.00,"100 מ""ל",false,,14.90,0.0993,true,1,215052
8718951030169,false,"קולגייט סנסיטיב הלבנה המסייעת בהגנה לשיניים רגישות 75 מ""ל",קולגייט Colgate,PL,משחת קולגייט סנסטיב,מיליליטרים,75.00,"100 מ""ל",false,,19.90,0.2653,true,1,63858
8718951166561,false,משחת שיניים לרעננות מוגברת max fresh cooling crystals,הנסיך- מפעל לייצור ט,PL,קולגייט משחת שיניים,מיליליטרים,125.00,"100 מ""ל",false,,19.90,0.1592,true,1,22073
8718951175600,false,"משחת שיניים קולגייט אוטאל קליין מינט 75 מ""ל",CP-Poland swidnica,PL,קולגייט משחת שיניים,מיליליטרים,75.00,"100 מ""ל",false,,14.90,0.1987,true,1,107104
8718951176874,false,קולגייט שטיפת פה לילדים מיניונים 250 מל,קולגייט-פלמוליב,PL,שטיפת פה מיניונים בט,מיליליטרים,250.00,"100 מ""ל",false,,15.90,0.0636,true,1,176823
8718951236806,false,"קולגייט טוטאל הלבנה משחת שיניים המסייעת בהסרת כתמים 100 מ""ל",קולגייט Colgate,PL,מש.שיניים להלבנה קול,מיליליטרים,100.00,"100 מ""ל",false,,18.90,0.1890,true,1,22089
8718951248656,false,"פלמוליב תחליב רחצה פרוטאין 500 מ'""ל",שסטוביץ,TR,פלמוליב תחליב רחצה ח,מיליליטרים,500.00,"100 מ""ל",false,,17.90,0.0358,true,1,102925
8718951315303,false,"קולגייט אדומה משחת שיניים להגנה מפני עששת 2*100 מ""ל",קולגייט-פלמוליב,PL,משחת שיניים קולגייט,מיליליטרים,200.00,"100 מ""ל",false,,20.90,0.1045,true,1,84110
8718951333048,false,"פלמוליב סבון לידיים למטבח, 300 מ""ל",הנסיך- מפעל לייצור ט,IT,סבון ידיים פלמוליב,מיליליטרים,300.00,"100 מ""ל",false,,10.90,0.0363,true,1,127930
8718951433120,false,קולגייט טוטאל משחת שיניים לילדים לגילאי,קולגייט פלמוליב,PL,משחת שיניים קולגייט,מיליליטרים,50.00,"100 מ""ל",false,,19.90,0.3980,true,1,304434
8718951443358,false,"סבון ידיים פלמוליב מארז שלישייה 900 מ""ל",CP - Turkey+60,TR,פלמוליב סבון ידיים ה,מיליליטרים,900.00,"100 מ""ל",false,,27.90,0.0310,true,1,154035
8718951461444,false,"זוג משחת שיניים טוטאל הלבנה ביטיו *100 מ""ל קולגייט",קולגייט פלמוליב,PL,משחת שיניים קולגייט,מיליליטרים,200.00,"100 מ""ל",false,,32.90,0.1645,true,1,254156
8718951477384,false,"קולגייט משחת שיניים טוטאל ג'ל מתקדם פיור 75 מ""ל",קולגייט פלמוליב,PL,משחת שיניים טוטל Pur,מיליליטרים,75.00,"100 מ""ל",false,,21.90,0.2920,true,1,241698
8718951509627,false,"קולגייט אופטיק וייט לאוהבי קפה ותה משחת שיניים 75 מ""ל",קולגייט פלמוליב,PL,קולגייט וואייט להסרת,יחידה,0.00,יחידה,false,,29.90,0.0000,true,1,273360
8719200998001,false,מרגרינה לאפיה ובישול בלי מלח 200 ג' בלו בנד,יוניליוור ישראל מזון בע\,IL,בלו בנד ללא מלח 200,גרמים,200.00,100 גרם,false,,4.90,0.0245,true,1,11120
8719200998018,false,מחמאה מרגרינה בטעם חמאה בלובנד 200 גרם,"מיוצר ע""\י יוניליוור ישר",IL,מחמאה מרגרינה בטעם ח,גרמים,200.00,100 גרם,false,,5.50,0.0275,true,1,11121
8719200998032,false,"מרגרינה מזולה גלורי טעם חמאה 250גר 8 יחידות - כשל""פ","מיוצר ע""\י יוניליוור ישר",IL,מזולה בטעם חמאה 250,גרמים,250.00,100 גרם,false,,10.90,0.0436,true,1,11123
8719200998094,false,"מרגרינה מזולה לאפיה ללא תוספת מלח 200גר - 40 יח' -כשל""פ","מיוצר ע""\י יוניליוור ישר",IL,מזולה מרגרינה לאפייה,גרמים,200.00,100 גרם,false,,6.90,0.0345,true,1,11129
8720181201332,false,דאב אל סבון מוצק גרגרים 90 גרם רביעייה,יוניליוור ישראל טיפוח אי,DE,סבון מוצק גרגירים דא,גרמים,400.00,100 גרם,false,,17.90,0.0447,true,1,292869
8720182253156,false,דאב אל סבון מוצק מלפפונים 90 גרם רביעייה,יוניליוור ישראל טיפוח אי,DE,סבון מוצק מלפפון ות,גרמים,400.00,100 גרם,false,,17.90,0.0447,true,1,292870
8720182256850,false,דאב אל סבון מוצק קלאסי 90 גרם רביעייה,יוניליוור ישראל טיפוח אי,DE,סבון מוצק לבן דאב 4*,גרמים,400.00,100 גרם,false,,17.90,0.0447,true,1,292871
8801055707966,false,קפה טייסטר צו'יס נס קפה בריסטה 180ג',נסטלה קוריאה - קפה,KR,נס קפה טייסטרס צ'ויס,גרמים,180.00,100 גרם,false,,32.90,0.1828,true,1,19579
8850206250592,false,רוטב צ'ילי סריראצ'ה 540 גרם (מזרח ומערב),יאן וואל יון קו.לטד,TH,רוטב צ'ילי סיראצ'ה מ,גרמים,540.00,100 גרם,false,,19.90,0.0369,true,1,264655
8850206280049,false,רוטב צ'ילי חריף מיו 250 גרם,יאן וואל יון קו.לטד,TH,רוטב צ'ילי חריף צ'יל,גרמים,250.00,100 גרם,false,,17.90,0.0716,true,1,316405
8850389103159,false,"משקה ליצ'י עם חתיכות גלי קוקוס 320 מ""ל מוגו מוגו",סאפה פובליק קומפני לימיט,TH,ליצי' משקה עם חתיכות,מיליליטרים,320.00,"100 מ""ל",false,,7.90,0.0247,true,1,250965
8850389105825,false,משקה אלוורה בטעם ענבים סאפה 1 ליטר,סאפה פובליק קומפני לימיט,TH,סאפה משקה אלוורה ענב,ליטרים,1.00,ליטר,false,,13.90,13.9000,true,1,39444
8850389105832,false,סאפה משקה אלוורה בטעם תפוח עם קוביות אלוורה 1 ליטר,סאפה פובליק קומפני לימיט,TH,סאפה משקה אלוורה תפו,ליטרים,1.00,ליטר,false,,13.90,13.9000,true,1,39445
8850389111352,false,"משקה מלון עם חתיכות גלי קוקוס 320 מ""ל מוגו מוגו",סאפה פובליק קומפני לימיט,TH,מלון משקה עם חתיכות,מיליליטרים,320.00,"100 מ""ל",false,,7.90,0.0247,true,1,250966
8850389115312,false,"סאפה אלוורה מלון בקבוק 300 מ""ל",סאפה פובליק קומפני ל,TH,"סאפה משקה מלון 300מ""",מיליליטרים,300.00,"100 מ""ל",false,,7.90,0.0263,true,1,39451
8850632604372,false,"יוגטה, חיספוסים בצורת שטיח בטעם תות שדה 50 גרם",ג'נרל קנדי בעמ,TH,יוגטה ממתק תות שדה ב,גרמים,50.00,100 גרם,false,,4.90,0.0980,true,1,42182
8888021200256,false,סוללות אנרג'ייזר AA מקס 8 יחידות,יצרן: אנרג'ייזר סינג,SG,AAאנרג'ייזר סוללות מ,יחידה,0.00,יחידה,false,,29.90,0.0000,true,1,6140
8901314532022,false,קולגייט זיז זג שרקול רבעייה סופט,,,רביעיית מברשת שיניים,יחידה,0.00,יחידה,false,,14.90,0.0000,true,1,247249
8901537024014,false,"אורז בסמטי מובחר 1 ק""ג - דוואט) יורה דיעה",הנסיך- מפעל לייצור ט,IN,וילי פוד אורז בסמטי,גרמים,1000.00,100 גרם,false,,14.90,0.0149,true,1,3315
8934878081811,false,"דפי אורז 22 ס""מ 400 גר'(Trav) ללא גלוטן",דאנינג יוה פודס קו,VN,דפים על בסיס קמח טפי,גרמים,400.00,100 גרם,false,,11.90,0.0298,true,1,47588
9000101372878,false,קפסולות דיסקס לניקוי כביסה לבנה וצבעונית Deep Clean,פרסיל Persil,HU,פרסיל דיסקס לכביסה ל,יח',22.00,יח',false,,36.90,1.6773,true,1,160663
9000101537581,false,פרסיל קאפסולות לכביסה צבעונית 52 יחידו,הנקל סוד,HU,פרסיל פאוור קאפס קפס,יחידה,0.00,יחידה,false,,67.90,0.0000,true,1,278250
9001616202186,false,"בקבוק לתינוק 330 מ""ל 4+ חודשים Easy Active",טרופיקל דגיל תעשיות,AT,"בקבוק תינוק 330 מ""ל",יחידה,0.00,יחידה,false,,38.90,0.0000,true,1,1089
9002859073298,false,כדורגל שוקולד ברשת 100 גרם גונץ,GUNZ WARENHANDELS,DE,גונץ כדורגל שוקולד ב,גרמים,100.00,100 גרם,false,,9.90,0.0990,true,1,299997
9120025834723,false,חטיף אוראו מצונן 120 גרם רבנות,בובארד איטליה אס.פי.,IT,חטיף אוראו מצונן 120,גרמים,120.00,100 גרם,false,,14.90,0.1242,true,1,307123
9120025839896,false,חטיף מילקה מצונן 128 גרם,בובארד איטליה אס.פי.,IT,חטיף מילקה מצונן 128,גרמים,128.00,100 גרם,false,,14.90,0.1164,true,1,307775
9720188050109,false,ממרח על בסיס סויה בסגנון גבינה טופוטי 225 גרם,טופוטי ברנדס אינק.ג',IL,טופוטי ממרח טופו בטע,גרמים,225.00,100 גרם,false,,22.70,0.1009,true,1,6762
9771565051066,false,עיתון ידיעות אחרונות,ידיעות אחרונות,,ידיעות אחרונות יום ו,יחידה,0.00,יחידה,false,,12.00,0.0000,true,1,10011
