code,internal_code,name,manufacturer_name,manufacture_country,manufacturer_item_description,unit_qty,quantity,unit_of_measure,weighted,qty_in_package,price,unit_of_measure_price,allow_discount,status,item_id
40111216,false,חטיף באונטי 57 גרם,מרס,NL,חטיף באונטי,גרמים,57.00,100 גרם,false,0,4.10,7.19,true,1,
40434230,false,מברשת כלים 105 ק,המברשת רוחמה,IL,מברשת כלים,יחידה,1.00,יחידה,false,0,9.40,9.40,true,1,
40434995,false,מברשת כלים רגילה ק55,המברשת רוחמה,IL,מברשת כלים רגי,יחידה,1.00,יחידה,false,0,5.00,5.00,true,1,
40914152,false,גלייד מוצק ניחוח ים 150ג,ג'ונסון,GB,גלייד מטהר אוויר,גרמים,150.00,100 גרם,false,0,8.80,5.87,true,1,
42101666,false,איירוייבז HP אקליפטוס35ג,ריגלי,GB,מסטיק איירווייבז,גרמים,35.00,100 גרם,false,1,5.50,15.71,true,1,
42102021,false,מסטיק אורביט פרופשונל10י,ריגלי,PL,מסטיק אורביט,יחידה,1.00,יחידה,false,0,3.20,3.20,true,1,
42113539,false,מסטיק ביג רד ט.קינמון39ג,ריגלי,FR,מסטיק ביג רד,גרמים,39.00,100 גרם,false,1,5.90,15.13,true,1,
42124351,false,סוכ.מינטס ט.מנטה קלאסי18,ריגלי,PL,סוכריות מינטס,גרמים,18.00,100 גרם,false,0,2.80,15.56,true,1,
42154662,false,אורביט בטעם ספירמינט 27ג,ריגלי,FR,מסטיק אורביט,גרמים,27.00,100 גרם,false,0,5.70,21.11,true,1,
42174479,false,אורביט מעטפה תות 27 גרם,ריגלי,FR,אורביט מעטפה,גרמים,27.00,100 גרם,false,1,5.70,21.11,true,1,
42212119,false,אורביט מעטפה פפרמינט27ג,ריגלי,FR,אורביט מעטפה,גרמים,27.00,100 גרם,false,1,5.70,21.11,true,1,
42247388,false,אורביט בליסטר באבל מינט,ריגלי,PL,אורביט בליסטר,גרמים,14.00,100 גרם,false,0,3.20,22.86,true,1,
42247722,false,פייב אסנשיאל אבטיח19גרם,ריגלי,FR,מסטיק פייב,גרמים,19.00,100 גרם,false,0,4.20,22.11,true,1,
42247739,false,פייב אסנשיאל ספירמינט19ג,ריגלי,FR,מסטיק פייב,גרמים,19.00,100 גרם,false,1,4.20,22.11,true,1,
42247821,false,פייב אסנשיאל מנטה19גרם,ריגלי,FR,מסטיק פייב,גרמים,19.00,100 גרם,false,0,4.20,22.11,true,1,
42268246,false,פייב אסנשיאל פירות יער19,ריגלי,FR,מסטיק פייב,גרמים,19.00,100 גרם,false,1,4.20,22.11,true,1,
42268253,false,אורביט בליסטר אוכמניות14,ריגלי,PL,אורביט בליסטר,גרמים,14.00,100 גרם,false,0,3.20,22.86,true,1,
42268451,false,אורביט מעטפה וויט לימון,ריגלי,FR,אורביט מעטפה,גרמים,27.00,100 גרם,false,1,5.70,21.11,true,1,
42306757,false,אורביט בליסטר תפוח 14גרם,ריגלי,PL,אורביט בליסטר,גרמים,14.00,100 גרם,false,1,3.20,22.86,true,1,
46024817,false,נקסט חפיסה,פיליפ מוריס,,נקסט יח',יחידה,1.00,יחידה,false,0,30.00,30.00,false,1,
46024824,false,נקסט חפיסה,פיליפ מוריס,,נקסט יח',יחידה,1.00,יחידה,false,0,30.00,30.00,false,1,
72917329,false,אגוזי 45 גרם,שטראוס,IL,חטיף אגוזי,גרמים,45.00,100 גרם,false,0,3.80,8.44,true,1,
72917367,false,חטיף טעמי 40 גרם,שטראוס,IL,חטיף טעמי,גרמים,40.00,100 גרם,false,0,3.80,9.50,true,1,
72917589,false,מקופלת חלב 25 גרם,שטראוס,IL,מקופלת חלב,גרמים,25.00,100 גרם,false,0,3.80,15.20,true,1,
72917893,false,וופל פסק זמן חלב 45 גרם,שטראוס,IL,פסק זמן חלב,גרמים,45.00,100 גרם,false,0,4.60,10.22,true,1,
72918388,false,חטיף טויסט 28 גרם,שטראוס,IL,חטיף טוויסט,גרמים,28.00,100 גרם,false,0,3.80,13.57,true,1,
72940754,false,"מילקי בטעם וניל 170 מ""ל",שטראוס,IL,מילקי טעם וניל,מיליליטרים,170.00,"100 מ""ל",false,0,2.30,1.35,true,1,
72940761,false,"מילקי בטעם שוקולד 170מ""ל",שטראוס,IL,מילקי טעם שוקולד,מיליליטרים,170.00,"100 מ""ל",false,0,2.30,1.35,true,1,
72940952,false,"מילקי אקסטרה קצפת 170מ""ל",שטראוס,IL,מילקי אקסטרה,מיליליטרים,170.00,"100 מ""ל",false,0,3.40,2.00,true,1,
72941041,false,מיני מילקי ט.שוקולד90מל,שטראוס,IL,מיני מילקי,מיליליטרים,90.00,"100 מ""ל",false,0,1.70,1.89,true,1,
72945308,false,קוביות שמרים לחים אפיה50,פאקא,IL,קוביות שמרים,גרמים,50.00,100 גרם,false,0,3.00,6.00,true,1,
72961506,false,פרילי תות 1.5% 125 גרם,תנובה,IL,פרילי תות,גרמים,125.00,100 גרם,false,0,3.00,2.40,true,1,
72961513,false,"פרילי משמש 125 מ""ל",תנובה,IL,פרילי משמש,מיליליטרים,125.00,"100 מ""ל",false,0,3.00,2.40,true,1,
72961520,false,פרילי אננס 1.5% 125 גרם,תנובה,IL,פרילי אננס 1.5%,גרמים,125.00,100 גרם,false,0,3.00,2.40,true,1,
72961544,false,באדי תות 3% 125 גרם,תנובה,IL,מעדן באדי תות 3%,גרמים,125.00,100 גרם,false,0,2.40,1.92,true,1,
72963104,false,חמאה 100 גרם,תנובה,IL,חמאה,גרמים,100.00,100 גרם,false,0,3.25,3.25,true,1,
72963753,false,שמ.של פעם חמוצה27% 200ג,תנובה,IL,שמנת חמוצה תנובה,גרמים,200.00,100 גרם,false,0,3.30,1.65,true,1,
72963920,false,דנובה גביע 200 גרם,תנובה,IL,יוגורט דנובה,גרמים,200.00,100 גרם,false,0,2.90,1.45,true,1,
72982457,false,מילקי קל טעם שוקולד170מל,שטראוס,IL,מילקי קל שוקולד,מיליליטרים,170.00,"100 מ""ל",false,0,3.40,2.00,true,1,
72983225,false,מעדן מילקי הפוך 11% 170מ,שטראוס,IL,מעדן מילקי הפוך,מיליליטרים,170.00,"100 מ""ל",false,0,3.30,1.94,true,1,
72983416,false,ל.מ. בלו ארוך בוקס חפ,פיליפ מוריס,,ל.מ בלו חפ.,יחידה,1.00,יחידה,false,0,34.00,34.00,false,1,
72991374,false,טיים RED יחידה,,IL,טיים RED יחידה,יחידה,1.00,יחידה,false,0,28.00,28.00,false,1,
72991404,false,אירופה יחידה,,IL,אירופה יחידה,יחידה,1.00,יחידה,false,0,28.00,28.00,false,1,
72991497,false,נובלס פילטר חבילה,"דובק בע""מ",IL,נובלס פילטר,יחידה,1.00,יחידה,false,0,28.00,28.00,false,1,
72993767,false,פסק זמן גלילית אגוזים40ג,שטראוס,IL,פסק זמן גלילית,גרמים,40.00,100 גרם,false,0,4.60,11.50,true,1,
72994306,false,רויאל אדום חפיסה,,IL,רויאל אדום חפיסה,יחידה,1.00,יחידה,false,0,23.00,23.00,false,1,
80050278,false,פררו רושה שלשה 38 גרם,פררו - אלבה,PL,פררו רושה שלשה,גרמים,37.00,100 גרם,false,0,5.00,13.51,true,1,
80052487,false,חטיף רפאלו שלשה 30 גרם,פררו - אלבה,PL,חטיף רפאלו שלשה,גרמים,30.00,100 גרם,false,0,4.70,15.67,true,1,
80052760,false,קינדר בואנו 2 * 21.5 גרם,פררו - אלבה,IT,קינדר בואנו זוג,גרמים,43.00,100 גרם,false,0,4.10,9.53,true,1,
80176800,false,נוטלה ממרח שוקולד 750 גר,פררו - אלבה,PL,ממרח נוטלה,גרמים,750.00,100 גרם,false,0,22.10,2.95,true,1,
80177173,false,ממרח נוטלה 350 גרם,פררו - אלבה,IT,ממרח נוטלה,גרמים,350.00,100 גרם,false,0,12.70,3.63,true,1,
80177616,false,אצבעות שוקולד קינדר100גר,פררו - אלבה,IT,שוקולד קינדר,גרמים,100.00,100 גרם,false,0,7.60,7.60,true,1,
80273677,false,צ'ילי במטחנה 20 גרם,דרוגריה ואלימנטרי,IT,צ'ילי במטחנה,גרמים,20.00,100 גרם,false,0,8.50,42.50,true,1,
80651000,false,שום וצ'ילי במטחנה 30 גרם,דרוגריה ואלימנטרי,IT,שום וצ'ילי מטח,גרמים,30.00,100 גרם,false,0,8.50,28.33,true,1,
80768258,false,ביצת קינדר ג'וי ורוד20גר,פררו - אלבה,PL,קינדר ג'וי ורוד,גרמים,20.00,100 גרם,false,0,5.50,27.50,true,1,
80817109,false,מסטיק מנטוס 3D תפוח/פטל,פרפטי ואן מלה,TR,מסטיק מנטוס,גרמים,33.00,100 גרם,false,0,6.40,19.39,true,1,
80820079,false,מסטיק מנטוס3Dאוכמנ/תות33,פרפטי ואן מלה,TR,מסטיק מנטוס 3D,גרמים,33.00,100 גרם,false,0,6.40,19.39,true,1,
80828266,false,מסטיק מנטוס מנטה 90 גרם,פרפטי ואן מלה,TR,מסטיק מנטוס,גרמים,90.00,100 גרם,false,0,11.00,12.22,true,1,
80859741,false,מסטיק מנטוס בקב.פירות60ג,פרפטי ואן מלה,TR,מנטוס בקבוק,גרמים,60.00,100 גרם,false,1,9.30,15.50,true,1,
80927679,false,מסטיק מנטוס בקבוק מנטה60,פרפטי ואן מלה,TR,מנטוס בקבוק,גרמים,60.00,100 גרם,false,1,9.30,15.50,true,1,
80938828,false,מסט.מנטוס 3D אבטיח/אננס,פרפטי ואן מלה,TR,מסטיק מנטוס,גרמים,33.00,100 גרם,false,0,6.40,19.39,true,1,
80974482,false,ביצת קינדר ג'וי כחול20גר,פררו - אלבה,PL,ביצת הפתעה קינדר,גרמים,20.00,100 גרם,false,0,5.50,27.50,true,1,
90162602,true,רד בול משקה אנרגיה פח250,רד בול,AT,רד בול,מיליליטרים,250.00,"100 מ""ל",false,0,7.80,3.12,true,1,
13495113506,false,קליק ביסקוויט 75 גרם,יוניליוור,IL,קליק ביסקוויט,גרמים,75.00,100 גרם,false,0,5.50,7.33,true,1,
13495113513,false,קליק שוקולד חלב 75 גרם,יוניליוור,IL,קליק שוקולד,גרמים,75.00,100 גרם,false,0,5.50,7.33,true,1,
13495113520,false,קליק קורנפלקס 75 גרם,יוניליוור,IL,קליק קורנפלקס,גרמים,75.00,100 גרם,false,0,5.50,7.33,true,1,
13495113537,false,קליק חום לבן מעורב 75 גר,יוניליוור,IL,קליק מעורב,גרמים,75.00,100 גרם,false,0,5.50,7.33,true,1,
13495113582,false,קליק כריות 75 גרם,יוניליוור,IL,קליק כריות,גרמים,75.00,100 גרם,false,0,5.50,7.33,true,1,
16000423534,false,קראנצי שיבולת ושוקולד5יח,ג'נרל מילס,US,חטיף נייצ'ר ואלי,גרמים,210.00,100 גרם,false,0,18.70,8.90,true,1,
16000548404,false,חטיף נייטשר ואלי ש.שועל5,ג'נרל מילס,US,חטיף נייטשר ואלי,גרמים,210.00,100 גרם,false,0,18.70,8.90,true,1,
18000701223,false,תערובת לעוגת שוקולד500גר,ג'נרל מילס,IL,תערובת לעוגה,גרמים,500.00,100 גרם,false,0,17.00,3.40,true,1,
18000703494,false,תערובת לעוגת וניל 500גרם,ג'נרל מילס,IL,תערובת לעוגה,גרמים,500.00,100 גרם,false,0,17.00,3.40,true,1,
18000766413,false,תערובת לעוגה בראוניס550ג,ג'נרל מילס,IL,תערובת לעוגה,גרמים,550.00,100 גרם,false,0,17.00,3.09,true,1,
24000154617,false,אננס שלם בסירופ,,,אננס שלם בסירופ,גרמים,825.00,100 גרם,false,0,8.90,1.08,true,1,
34000124138,false,ממרח בוטנים וקקאו 368גרם,הרשי שוקולד,US,ממרח בוטנים/קקאו,גרמים,368.00,100 גרם,false,1,18.50,5.03,true,1,
34000146208,false,נטיפי שוקולד לאפייה283גר,הרשי שוקולד,US,נטיפי שוקולד,גרמים,283.00,100 גרם,false,1,16.80,5.94,true,1,
35000764522,false,משחה קולגייט מקס פרש100מ,קולגייט-פלמוליב,PL,משחת שיניים,מיליליטרים,100.00,"100 מ""ל",false,0,19.10,19.10,true,1,
36000258295,false,קלינקס לושן,,IL,קלינקס לושן,יחידה,1.00,יחידה,false,0,6.70,6.70,true,1,
36000258660,false,קלינקס לושן,,IL,קלינקס לושן,יחידה,1.00,יחידה,false,0,12.70,12.70,true,1,
38000844973,false,חטיף פרינגלס ברביקיו169ג,פרוקטר & גמבל,IL,חטיף פרינגלס,גרמים,169.00,100 גרם,false,0,9.80,5.80,true,1,
38000845024,false,פרינגלס פיצה 169 גרם,פרוקטר & גמבל,IL,פרינגלס פיצה,גרמים,169.00,100 גרם,false,0,9.80,5.80,true,1,
38000845246,false,פרינגלס מידי אורגינל67ג,פרינגלס מנופקצ'ורינג קונ,IL,פרינגלס אורגינל,גרמים,67.00,100 גרם,false,1,5.00,7.46,true,1,
40000420729,false,עדשי שוק.מ&מ'ס בוטנים226,מרס,US,עדשי שוקולד מ&מ,גרמים,226.00,100 גרם,false,0,13.50,5.97,true,1,
40000470700,false,עדשי שוק. מ&מ'ס שוקו226ג,מרס,US,עדשי שוקולד מ&מ,גרמים,226.00,100 גרם,false,0,13.50,5.97,true,1,
40000514480,false,עדשי מ&מ'ס שוקולד 48 גרם,מרס,US,עדשי מ&מ'ס,גרמים,48.00,100 גרם,false,1,4.60,9.58,true,1,
46214731552,false,עוגיות שוקולד צ'יפס225גר,מרבה,NL,עוגיות ש.צ'יפס,גרמים,225.00,100 גרם,false,0,6.70,2.98,true,1,
50000014811,false,פריסקיז יבש מעדן בית2.86,נסטלה פורינה,US,פריסקיז לחתול,קילוגרמים,2.86,"ק""ג",false,0,42.60,14.90,true,1,
50000100316,false,פריסקיז מעדן לחתול2.86קג,נסטלה פורינה,US,פריסקיז לחתול,קילוגרמים,2.86,"ק""ג",false,0,42.60,14.90,true,1,
50000292615,false,פנסי פיסט לבבות וכבד85ג,נסטלה פורינה,US,פנסי פיסט 85גר,גרמים,85.00,100 גרם,false,1,5.90,6.94,true,1,
50000423347,false,פריסקיז לח סלמון 156 גרם,נסטלה פורינה,US,פריסקיז לח לחתול,גרמים,156.00,100 גרם,false,0,5.60,3.59,true,1,
50000429042,false,פנסי פיסט כבד ועוף 85גרם,נסטלה פורינה,US,פנסי פיסט חתול,גרמים,85.00,100 גרם,false,0,5.90,6.94,true,1,
50000429448,false,פנסי פיסט סלמון לחתול85ג,נסטלה פורינה,US,פנסי פיסט לחתול,גרמים,85.00,100 גרם,false,0,5.90,6.94,true,1,
50000429646,false,פנסי פיסט דג אוקיאנוס85ג,נסטלה פורינה,US,פנסי פיסט לחתול,גרמים,85.00,100 גרם,false,0,5.90,6.94,true,1,
50000429844,false,פנסי פיסט הודו ועוף 85גר,נסטלה פורינה,US,פנסי פיסט לחתול,גרמים,85.00,100 גרם,false,0,5.90,6.94,true,1,
50000445691,false,פריסקיז נ.עוף וסלמון156ג,נסטלה פורינה,US,פריסקיז נתחי עוף,גרמים,156.00,100 גרם,false,0,5.60,3.59,true,1,
50000578450,false,פנסי פיסט עוף ברוטב 85ג,נסטלה פורינה,US,פנסי פיסט 85גר,גרמים,85.00,100 גרם,false,1,5.90,6.94,true,1,
64144004119,false,"תרסיס ע""ב שמן קוקוס113גר",קונגרה,US,תרסיס שמן קוקוס,גרמים,113.00,100 גרם,false,1,17.90,15.84,true,1,
64144090051,false,תרסיס שמן קנולה 141 גרם,קונגרה,US,תרסיס שמן קנולה,גרמים,141.00,100 גרם,false,0,17.90,12.70,true,1,
70450113285,false,משקה שזיפים,,,משקה שזיפים,מיליליטרים,946.00,"100 מ""ל",false,0,17.90,1.89,true,1,
77245111136,false,סוכ.מאסט ריבת חלב 80 גרם,שטראוס,PL,סוכריות מאסט,גרמים,80.00,100 גרם,false,0,7.60,9.50,true,1,
77975022757,false,בייגלה אמריקאי 382 גרם,יאמאסה,US,בייגלה אמריקאי,גרמים,382.00,100 גרם,false,0,15.10,3.95,true,1,
77975034071,false,שברי בייגל ניבלרס 255גרם,סניידרס,US,שברי בייגל,גרמים,255.00,100 גרם,false,1,15.10,5.92,true,1,
77975088210,false,שברי בייגל גבינת צ'דר340,סניידרס,US,שברי בייגל,גרמים,340.00,100 גרם,false,0,15.10,4.44,true,1,
80686929017,false,"וודקה פינקל עוגה 750 מ""ל",BEAM,US,וודקה פינקל,מיליליטרים,750.00,"100 מ""ל",false,1,102.40,13.65,true,1,
84213017420,false,מיזלי אגוז/צימ.אורגני500,מסטמאכר,DE,מיזלי אורגני,גרמים,500.00,100 גרם,false,0,16.50,3.30,true,1,
195480030088,false,צימקאו מריר 300 גרם,אופנהיימר,IL,צימקאו מריר,גרמים,300.00,100 גרם,false,1,9.30,3.10,true,1,
639138513238,false,פילה הרינג,,DE,פילה הרינג,גרמים,190.00,100 גרם,false,0,12.30,6.47,true,1,
719346159333,false,פנטזי טוויסט אדפ אשה100,.,IL,פנטזי טוויסט,מיליליטרים,100.00,"100 מ""ל",false,0,161.50,161.50,true,1,
724353783822,false,"תמר מג'הול 1 ק""ג",מהדרין תנופורט,IL,"תמר מג'הול 1 ק""ג",קילוגרמים,1.00,"ק""ג",false,0,25.30,25.30,true,1,
768404001640,false,"גל.בטעם קפה 500מ""ל",מוצרי איכות אמריקאיים,US,גלידת בן & ג'ריס,מיליליטרים,500.00,"100 מ""ל",false,0,25.50,5.10,true,1,
835811004936,false,כף חד פעמי מוכסף 20יחי,.,CN,"כף ח""פ מוכסף",יחידה,1.00,יחידה,false,1,5.00,5.00,true,1,
835811009764,false,כפית חד פעמי מוכסף 20יחי,.,CN,"כפית ח""פ מוכסף",יחידה,1.00,יחידה,false,1,5.00,5.00,true,1,
835811009771,false,סכין חד פעמי מוכסף 20יחי,.,CN,"סכין ח""פ מוכסף",יחידה,1.00,יחידה,false,1,5.00,5.00,true,1,
835811009788,false,מזלג חד פעמי מוכסף 20יחי,.,CN,"מזלג ח""פ מוכסף",יחידה,1.00,יחידה,false,1,5.00,5.00,true,1,
839762000658,false,נקטר גויאבה איילנד 1 ל',אדיר,EG,נקטר איילנד,ליטרים,1.00,ליטר,false,0,9.20,9.20,true,1,
852273003048,false,בירה סטארופמן,,CZ,בירה סטארופמן,מיליליטרים,500.00,"100 מ""ל",false,0,10.70,2.14,true,1,
856591000062,false,עוגיות מזרחיות מלח400גרם,עבאדי,IL,עוגיות מזרחיות,גרמים,400.00,100 גרם,false,0,11.80,2.95,true,1,
856591000819,false,קרקר'ס חיטה 140 גרם,עבאדי,,קרקר'ס חיטה,גרמים,140.00,100 גרם,false,0,12.10,8.64,true,1,
884912103703,false,פוסט וופל קריספ 325 גרם,פוסט,,פוסט וופל קריספ,גרמים,325.00,100 גרם,false,0,16.10,4.95,true,1,
884912129741,false,פוסט פרוטי פבלס 425 גרם,פוסט,US,פרוטי פבלס,גרמים,425.00,100 גרם,false,0,16.10,3.79,true,1,
3014260220051,false,ג'ל גילוח סירייס W.R 200,פרוקטר & גמבל,GB,ג'ל גילוח סירייס,מיליליטרים,200.00,"100 מ""ל",false,0,15.30,7.65,true,1,
3014260262709,false,סכיני גילוח ונוס 4 יח',פרוקטר & גמבל,US,סכיני גילוח ונ,יחידה,1.00,יחידה,false,0,44.50,44.50,true,1,
3045140105502,false,שוקולד חלב מילקה 100 גרם,מונדלייז,DE,שוקולד חלב מילקה,גרמים,100.00,100 גרם,false,0,4.20,4.20,true,1,
3045140280902,false,שוק.אגוז/צימוק מילקה100ג,מונדלייז,DE,שוקולד מילקה,גרמים,100.00,100 גרם,false,0,4.20,4.20,true,1,
3046920028004,false,שוק.אקסלנס מריר70% 100גר,לינדט ושפרונגלי קילשברג,FR,שוקולד אקסלנס,גרמים,100.00,100 גרם,false,0,15.50,15.50,true,1,
3046920028363,false,שוק.לינדט אקסלנס85% 100ג,לינדט ושפרונגלי קילשברג,FR,שוקולד לינדט 85%,גרמים,100.00,100 גרם,false,0,15.50,15.50,true,1,
3046920028752,false,שוק.לינדט אקסלנס נענע100,לינדט ושפרונגלי קילשברג,FR,שוקולד לינדט,גרמים,100.00,100 גרם,false,0,15.50,15.50,true,1,
3046920029759,false,שוק.אקסלנס 90% קקאו 100ג,לינדט ושפרונגלי קילשברג,DE,שוקולד אקסלנס,גרמים,100.00,100 גרם,false,1,15.50,15.50,true,1,
3059940007768,false,אירויק ספריי וניל 240 מל,רקיט בנקיזר,GB,אירויק ספריי,מיליליטרים,240.00,"100 מ""ל",false,0,10.10,4.21,true,1,
3059943016507,false,אירויק ספריי לבנדר 240מל,רקיט בנקיזר,GB,אירויק ספריי,מיליליטרים,240.00,"100 מ""ל",false,0,10.10,4.21,true,1,
3068320017846,false,מים מינרליים,,IL,מים מינרליים,ליטרים,1.00,ליטר,false,0,12.80,12.80,true,1,
3147697720204,false,"וויסקי לייבל 5 700 מ""ל",BLENDING FIRST,GB,וויסקי לייבל 5,מיליליטרים,700.00,"100 מ""ל",false,1,63.90,9.13,true,1,
3387390320244,false,דגני בוקר פיטנס+פירות375,נסטלה,FR,דגני פיטנס,גרמים,375.00,100 גרם,false,0,14.40,3.84,true,1,
3574660075991,false,ג'ונסונס תח.לפני שינה300,ג'ונסון,IT,ג'ונסונס בייבי,מיליליטרים,300.00,"100 מ""ל",false,0,21.50,7.17,true,1,
3574660115154,false,32 טמפוני או בה סופר,ג'ונסון,DE,טמפוני או בה,יחידה,1.00,יחידה,false,0,30.60,30.60,true,1,
3574660239973,false,32או בה פרוקומפורט נורמל,ג'ונסון,DE,טמפוני או בה,יחידה,1.00,יחידה,false,0,32.60,32.60,true,1,
3574660322576,false,קרפרי רגיל 58 יחידות,ג'ונסון,IT,קרפרי רגיל 58 יחידות,יחידה,1.00,יחידה,false,0,13.50,13.50,true,1,
3574660322651,false,קרפרי רגיל טנגה לבן 58יח,ג'ונסון,IT,קרפרי רגיל טנגה לבן 58יח,יחידה,1.00,יחידה,false,0,13.50,13.50,true,1,
3574660322675,false,קרפרי טנגה מבושם 58 יח',ג'ונסון,IT,קרפרי טנגה פרש,יחידה,1.00,יחידה,false,0,13.50,13.50,true,1,
3574660574005,false,אל סבון ג'ונסונ.בייבי750,ג'ונסון,IT,אל סבון ג'ונסונס,מיליליטרים,750.00,"100 מ""ל",false,0,20.00,2.67,true,1,
3600010018162,false,חלב פנים עור יבש אסנשיאל,קוסמופול,DE,חלב פנים,מיליליטרים,200.00,"100 מ""ל",false,0,21.10,10.55,true,1,
3600521823866,false,קרם עיניים פעולה משולשת,קלסרואה,DE,קרם עיניים,מיליליטרים,15.00,"100 מ""ל",false,0,42.70,284.67,true,1,
3600522550167,false,ק.לילה45 אייג פשיאליסט50,קרלסרו,DE,קרם לילה,גרמים,50.00,100 גרם,false,1,51.20,102.40,true,1,
3600523034482,false,סקין פרפקשן קרם לילה50מל,קרלסרו,DE,קרם לילה,מיליליטרים,50.00,"100 מ""ל",false,1,53.80,107.60,true,1,
3600523136155,false,"מסכה אלביב 6 שמנים300מ""ל",קוסמטיקס,TR,מסכה אלביב,מיליליטרים,300.00,"100 מ""ל",false,1,17.00,5.67,true,1,
3600523154746,false,"מרכך אלביב קולור 600מ""ל",קוסמטיקס,TR,מרכך אלביב,מיליליטרים,600.00,"100 מ""ל",false,1,12.70,2.12,true,1,
3600523154784,false,שמפו אלביב טוטל ריפר 600,קוסמטיקס,TR,שמפו אלביב,מיליליטרים,600.00,"100 מ""ל",false,1,12.70,2.12,true,1,
3600523154838,false,שמפו אלביב קולור פרופ600,קוסמטיקס,TR,שמפו אלביב,מיליליטרים,600.00,"100 מ""ל",false,1,12.70,2.12,true,1,
3600523165742,false,שמפו אלביב 6 שמנים 600מל,קוסמטיקס,TR,שמפו אלביב,מיליליטרים,600.00,"100 מ""ל",false,1,12.70,2.12,true,1,
3600523171040,false,מרכך אלביב 6 שמנים 600מל,קוסמטיקס,TR,מרכך אלביב,מיליליטרים,600.00,"100 מ""ל",false,1,12.70,2.12,true,1,
3600523323579,false,"שמפו אלביב ארג'נין600מ""ל",קוסמטיקס,TR,שמפו אלביב,מיליליטרים,600.00,"100 מ""ל",false,1,12.70,2.12,true,1,
3600523323593,false,"מרכך אלביב ארג'נין600מ""ל",קוסמטיקס,TR,מרכך אלביב,מיליליטרים,600.00,"100 מ""ל",false,1,12.70,2.12,true,1,
3600540308634,false,צבע קולור נטורלס חום 5,קוסמופול,PL,צבע לשיער גרנייה,יחידה,1.00,יחידה,false,0,17.00,17.00,true,1,
3600540471826,false,"קרם לילה אסנשיאל 50 מ""ל",קלסרואה,PL,קרם לילה,מיליליטרים,50.00,"100 מ""ל",false,0,38.10,76.20,true,1,
3600540471833,false,לחות אסנשיאל לעור יבש50מ,קלסרואה,DE,קרם יום אסנשיאל,מיליליטרים,50.00,"100 מ""ל",false,0,38.10,76.20,true,1,
3600541033399,false,דאודורנט  אינבי קול150מ,סופרוקוס,IL,דאו.גרנייה,מיליליטרים,150.00,"100 מ""ל",false,0,12.70,8.47,true,1,
3600541269255,false,לחות לעור יבש מויסט מאץ,סופרויאל,FR,לחות לעור יבש,מיליליטרים,50.00,"100 מ""ל",false,0,34.10,68.20,true,1,
3600541269262,false,לחות עור מעורב מויסט מאץ,סופרויאל,FR,לחות עור מעורב,מיליליטרים,50.00,"100 מ""ל",false,0,34.10,68.20,true,1,
3600541609570,false,פיור אקטיב קרם לחות 50מל,אונלי נטורל פרודרטס,FR,פיור קרם לחות,מיליליטרים,50.00,"100 מ""ל",false,1,34.10,68.20,true,1,
3600541956223,false,נ.עמוק פיור אקספוברש150מ,קארלסרו,DE,ניקוי עמוק פיור,מיליליטרים,150.00,"100 מ""ל",false,1,25.60,17.07,true,1,
3608580730248,false,קונפיטורת דובדבנים 370ג,אנדורס,FR,קונפיטורת דובדבן,גרמים,370.00,100 גרם,false,1,13.50,3.65,true,1,
3608580730286,false,קונפיטורת ארבע פירות370ג,אנדורס,FR,קונפיטורת פירות,גרמים,370.00,100 גרם,false,1,13.50,3.65,true,1,
3608580730323,false,קונפיטורת פטל 370 גרם,אנדורס,FR,קונפיטורת פטל,גרמים,370.00,100 גרם,false,1,13.50,3.65,true,1,
3661163934952,false,דאו.סטיק אדידס אייס 51גר,COTY,MC,דאודורנט אדידס,גרמים,51.00,100 גרם,false,0,13.50,26.47,true,1,
4000417233004,false,שוק.ריטר לבן שברי אגו100,ריטר,DE,שוקולד ריטר,גרמים,100.00,100 גרם,false,1,8.80,8.80,true,1,
4000539224508,false,לינדט הלו דארק&קוקיז100ג,לינדט ושפרונגלי קילשברג,DE,שוקולד לינדט,גרמים,100.00,100 גרם,false,1,10.10,10.10,true,1,
4001518108642,false,עוג.סנדוויץ וניל180גרם,גריסון,AT,עוגיות סנדוויץ,גרמים,180.00,100 גרם,false,1,7.60,4.22,true,1,
4002448019480,false,סיליט באנג מסיר שומן750מ,רקיט בנקיזר,IT,סיליט באנג,מיליליטרים,750.00,"100 מ""ל",false,0,18.40,2.45,true,1,
4002720005736,false,קפה פילטר מליטה 250 גרם,Kaffee Melitta,DE,קפה פילטר מליטה,גרמים,250.00,100 גרם,false,0,17.70,7.08,true,1,
4005808571246,false,מ.איפור עיניים דו פאז125,.,IL,מסיר איפור,מיליליטרים,125.00,"100 מ""ל",false,1,25.50,20.40,true,1,
4005808817306,false,ג'ל גילוח ניוואה רגיל200,ביירסדורץ,DE,ג'ל גילוח ניוואה,מיליליטרים,200.00,"100 מ""ל",false,0,15.10,7.55,true,1,
4005900036445,false,דאו.ניוואה איניויסיבל50,ביירסדורץ,IL,דאודורנט ניוואה,מיליליטרים,50.00,"100 מ""ל",false,0,12.70,25.40,true,1,
4005900111449,false,"קרם רב""ש ניוואה לגבר150מ",BEIERSDORT,DE,"קרם רב""ש לגבר",מיליליטרים,150.00,"100 מ""ל",false,1,25.50,17.00,true,1,
4006067060977,false,קפה נמס אספרסו דוידוף100,מ.דוידס,PL,קפה נמס אספרסו,גרמים,100.00,100 גרם,false,0,21.40,21.40,true,1,
4006067084225,false,קפה נמס ארומה עשירה100גר,מ.דוידס,PL,קפה נמס דוידוף,גרמים,100.00,100 גרם,false,0,21.40,21.40,true,1,
4006508123094,false,מליטה40 נייר פילטר מס2',Kaffee Melitta,DE,נייר לקפה פילטר,יחידה,1.00,יחידה,false,1,8.90,8.90,true,1,
4008400221021,false,קינדר מקסי 10יח210('גרם),פררו - אלבה,IT,קינדר מקסי,גרמים,210.00,100 גרם,false,0,16.60,7.90,true,1,
4008402101772,false,קיווי ספוג הברקה חום,ג'ונסון,FR,קיווי ספוג הברקה,יחידה,1.00,יחידה,false,0,14.70,14.70,true,1,
4009300522881,false,תה ירוק לימונית ותות20שק,טייקנה,IL,תה ירוק לימונית,גרמים,30.00,100 גרם,false,0,12.70,42.33,true,1,
4009300522935,false,תה ירוק לימונית+לואיזה20,טייקנה,DE,תה ירוק לואיזה,גרמים,30.00,100 גרם,false,0,12.70,42.33,true,1,
4009900013581,false,מארז סטיקס ספירמינט 5 יח,ריגלי,FR,מארז אורביט,גרמים,65.00,100 גרם,false,0,9.80,15.08,true,1,
4009900402965,false,אורביט וויט פירות בקבו64,ריגלי,PL,אורביט בקבוקון,גרמים,64.00,100 גרם,false,0,9.30,14.53,true,1,
4009900420303,false,אורביט פרופשנ.ספירמינ3יח,ריגלי,PL,אורביט שלישייה,גרמים,42.00,100 גרם,false,0,7.90,18.81,true,1,
4009900426039,false,איירוייבז מנטה בקבוקון64,ריגלי,PL,איירוייבז מנטה,גרמים,64.00,100 גרם,false,1,9.30,14.53,true,1,
4009900426121,false,איירוייבז אוכמנ.בקבוק64ג,ריגלי,PL,איירוייבז אוכמני,גרמים,64.00,100 גרם,false,1,9.30,14.53,true,1,
4009900460187,false,סוכ.סקיטלס פירות יער38ג,ריגלי,CZ,סוכריות סקיטלס,גרמים,38.00,100 גרם,false,1,2.80,7.37,true,1,
4009900479998,false,אורביט אוכמניות בקבוק64ג,ריגלי,PL,אורביט בקבוקון,גרמים,64.00,100 גרם,false,0,9.30,14.53,true,1,
4009900484008,false,אורביט בקבוקMאקליפטוס84ג,ריגלי,PL,אורביט בקבוק,גרמים,84.00,100 גרם,false,0,12.70,15.12,true,1,
4009900487283,false,אורביט סטיקס פירות 5יח',ריגלי,FR,מארז אורביט,גרמים,65.00,100 גרם,false,0,9.80,15.08,true,1,
4009900504218,false,אורביט תפוז בקבוקון64ג,ריגלי,PL,אורביט בקבוקון,גרמים,64.00,100 גרם,false,1,9.30,14.53,true,1,
4009900509770,false,אורביט בקבוק תות 84 גרם,ריגלי,FR,אורביט בקבוק,גרמים,84.00,100 גרם,false,1,12.70,15.12,true,1,
4009900512329,false,פייב בוקס ספירמינט 69גרם,ריגלי,RU,מסטיק פייב,גרמים,69.00,100 גרם,false,1,9.80,14.20,true,1,
4009900512350,false,מסטיק פייב בוקס אבטיח69ג,ריגלי,RU,מסטיק פייב,גרמים,69.00,100 גרם,false,1,9.80,14.20,true,1,
4009900514996,false,אורביט תות בקבוק 64גרם,ריגלי,PL,אורביט בקבוקון,גרמים,64.00,100 גרם,false,1,9.30,14.53,true,1,
4011800630515,false,קורני 6חט.דגנים+שוק+בננה,Schwartauer,DE,קורני חטיף דגנים,גרמים,150.00,100 גרם,false,0,8.50,5.67,true,1,
4015000519915,false,דאו.ספריי פינק פשיין 200,הנקל סוד,IL,דאודורנט FA,מיליליטרים,200.00,"100 מ""ל",false,0,8.40,4.20,true,1,
4015000941013,false,מסיכה גליס אולטימייטריפר,הנקל סוד,DE,מסיכה גליס,מיליליטרים,200.00,"100 מ""ל",false,0,12.70,6.35,true,1,
4015000995122,false,דאו. פה כח המשיכה 200 מל,הנקל סוד,DE,דאודורנט פה,מיליליטרים,200.00,"100 מ""ל",false,0,8.40,4.20,true,1,
4015001011395,false,דאו פה היט קונטרול 200מ,הנקל סוד,DE,דאודורנט פה,מיליליטרים,200.00,"100 מ""ל",false,1,8.40,4.20,true,1,
4015400057369,false,12 אולוויז עבה לילה,פרוקטר & גמבל,DE,תחבושות אולוויז,יחידה,1.00,יחידה,false,0,15.00,15.00,true,1,
4015400428657,false,15 אולוויז עבה לונג+,פרוקטר & גמבל,DE,15 אולוויז עבה לונג+,יחידה,1.00,יחידה,false,0,15.00,15.00,true,1,
4015400428688,false,16 אולוויז עבה נורמל+,פרוקטר & גמבל,DE,תחבושות אולוויז,יחידה,1.00,יחידה,false,0,15.00,15.00,true,1,
4015400563877,false,80מגני תח.אולוייז מגה פק,פרוקטר & גמבל,IL,מגן תחתון אולויז,יחידה,1.00,יחידה,false,1,17.00,17.00,true,1,
4015400649847,false,30פמפרס אקטיב בייבי שלב6,פרוקטר & גמבל,IL,חיתולי פמפרס,יחידה,1.00,יחידה,false,0,43.90,43.90,true,1,
4015400655305,false,אולוויז אינפינ.דואו נורמ,פרוקטר & גמבל,IL,תחבושות אולוויז,יחידה,1.00,יחידה,false,0,34.70,34.70,true,1,
4015400669098,false,52 מגן תח.אולוייז דואו N,פרוקטר & גמבל,DE,מגן תחתון אולויז,יחידה,1.00,יחידה,false,1,18.70,18.70,true,1,
4015400681670,false,18תחב.אולוייז לילה בטוח,,,תחבושות אולוייז,יחידה,1.00,יחידה,false,0,22.10,22.10,true,1,
4015400715443,false,טמפקס קומפאק סופר 22 יחי,פרוקטר & גמבל,HU,טמפקס קומפאק,יחידה,1.00,יחידה,false,1,25.50,25.50,true,1,
4015400742913,false,מגן תחתון אולויז,,,מגן תחתון אולויז,יחידה,1.00,יחידה,false,0,17.00,17.00,true,1,
4015400746812,false,80מגני תח.אולוייז מגה פק,פרוקטר & גמבל,DE,מגן תחתון אולויז,יחידה,1.00,יחידה,false,1,17.00,17.00,true,1,
4015400755241,false,28תח.אולוייז דואו נורמל+,פרוקטר & גמבל,DE,תחבושות אולוייז,יחידה,1.00,יחידה,false,1,22.10,22.10,true,1,
4015400755364,false,32תחבושת אולוייז נורמל,פרוקטר & גמבל,DE,תחבושות אולוייז,יחידה,1.00,יחידה,false,1,22.10,22.10,true,1,
4015400824701,false,טמפקס פלאש רגיולר 30 יח',פרוקטר & גמבל,UA,טמפקס פלאש,יחידה,1.00,יחידה,false,0,28.90,28.90,true,1,
4015400824725,false,טמפקס פלאש סופר 30 יח',פרוקטר & גמבל,UA,טמפקס פלאש סופר,יחידה,1.00,יחידה,false,0,28.90,28.90,true,1,
4015400824749,false,טמפקס פלאש סופר פלוס30יח,פרוקטר & גמבל,UA,טמפקס פלאש,יחידה,1.00,יחידה,false,0,28.90,28.90,true,1,
4015400990482,false,אב.כביסה אריאל קולור 3קג,פרוקטר & גמבל,TR,אבקת אריאל קולור,קילוגרמים,3.00,"ק""ג",false,1,34.10,11.37,true,1,
4015600609146,false,פנטן מסכה לשיער שמן 200מ,פרוקטר & גמבל,IL,מסיכה פנטן,מיליליטרים,200.00,"100 מ""ל",false,0,25.60,12.80,true,1,
4015600763299,false,"הד&שולדרס 2ב1- 600 מ""ל",פרוקטר & גמבל,IL,שמפו הד&שולדרס,מיליליטרים,600.00,"100 מ""ל",false,0,17.00,2.83,true,1,
4015600763411,false,שמפו הד&שולדרס מנטול 600,פרוקטר & גמבל,IL,שמפו הד&שולדרס,מיליליטרים,600.00,"100 מ""ל",false,0,17.00,2.83,true,1,
4015600763459,false,שמפו הד&שולדרס תפוח 600,פרוקטר & גמבל,IL,שמפו הד&שולדרס,מיליליטרים,600.00,"100 מ""ל",false,0,17.00,2.83,true,1,
4015600763534,false,הד&שולדרס מגע משי 600מ,פרוקטר & גמבל,IL,שמפו הד&שולדרס,מיליליטרים,600.00,"100 מ""ל",false,0,17.00,2.83,true,1,
4015600766658,false,שמפו הד&שולדרס 2ב1- 600,פרוקטר & גמבל,IL,שמפו הד&שולדרס,מיליליטרים,600.00,"100 מ""ל",false,0,17.00,2.83,true,1,
4015600807436,false,דאו.ג'ל PB-CW-,פרוקטר & גמבל,IL,דאודורנט ג'ל,מיליליטרים,75.00,"100 מ""ל",false,0,32.40,43.20,true,1,
4015600810849,false,דאו.קליר ג'ל פאוייר70מ,פרוקטר & גמבל,IL,דאודורנט קליר,מיליליטרים,70.00,"100 מ""ל",false,0,17.00,24.29,true,1,
4015600815233,false,פנטן שמפו לחות מוגברת600,פרוקטר & גמבל,IL,פנטן שמפו,מיליליטרים,600.00,"100 מ""ל",false,0,17.00,2.83,true,1,
4015600815318,false,שמפו פנטן מגע קטיפתי600מ,פרוקטר & גמבל,FR,שמפו פנטן,מיליליטרים,600.00,"100 מ""ל",false,0,17.00,2.83,true,1,
4015600815516,false,שמפ.פנטן נוסחה קלאסית600,פרוקטר & גמבל,FR,שמפו פנטן,מיליליטרים,600.00,"100 מ""ל",false,0,17.00,2.83,true,1,
4015600815554,false,מרכך פנטן נוסחה קלאס600.,פרוקטר & גמבל,FR,מרכך פנטן,מיליליטרים,600.00,"100 מ""ל",false,0,17.00,2.83,true,1,
4015600815592,false,שמפו+מרכך פנטן קלאסי600מ,פרוקטר & גמבל,FR,שמפו + מרכך פנטן,מיליליטרים,600.00,"100 מ""ל",false,0,17.00,2.83,true,1,
4017100198151,false,עוג.סנדוויץ היט וניל220ג,באלסן,PL,עוגיות סנדוויץ,גרמים,220.00,100 גרם,false,1,8.40,3.82,true,1,
4017100212819,false,וופל מיניס אורגינל 100גר,באלסן,DE,וופל מיניס,גרמים,100.00,100 גרם,false,1,8.40,8.40,true,1,
4017100216800,false,וופל מיניס שוקולד חלב100,באלסן,DE,וופל מיניס,גרמים,100.00,100 גרם,false,1,8.40,8.40,true,1,
4017100290008,false,ביסקוויט שוקולד חלב125ג,באלסן,DE,ביסקוויט שוקולד,גרמים,125.00,100 גרם,false,0,10.10,8.08,true,1,
4017100364112,false,עוג.סנדוויץ היט קקאו220ג,באלסן,PL,עוגיות סנדוויץ,גרמים,220.00,100 גרם,false,1,8.40,3.82,true,1,
4017100373114,false,מיניס שוקו ליבניץ 100 גר,באלסן,DE,מיניס ליבניץ,גרמים,100.00,100 גרם,false,0,7.20,7.20,true,1,
4025700001023,false,שוק.חלב אגוזים מילקה100ג,מונדלייז,DE,שוקולד מילקה,גרמים,100.00,100 גרם,false,0,4.20,4.20,true,1,
4033100014499,false,אל די כחול חפיסה,jti,TR,אל די כחול חפיסה,יחידה,1.00,יחידה,false,0,27.00,27.00,false,1,
4043400204988,false,מגב לחלונות,המברשת רוחמה,IL,מגב לחלונות,יחידה,1.00,יחידה,false,0,12.80,12.80,true,1,
4043400504149,false,"מניפה לאבק 60 ס""מ",המברשת רוחמה,IL,מניפה לאבק 60,יחידה,1.00,יחידה,false,0,10.10,10.10,true,1,
4046234767650,false,קפה צ'יבו גולד סלקשין200,צ'יבו,PL,קפה צ'יבו,גרמים,200.00,100 גרם,false,1,17.80,8.90,true,1,
4046234794885,false,קפה צ'יבו בלאק נוויט200ג,צ'יבו,PL,קפה צ'יבו,גרמים,200.00,100 גרם,false,1,17.80,8.90,true,1,
4052197000369,false,בירה בנדיקטינר בקב330*6מ,בנדיקטינר וויצבראו,DE,בירה בנדיקטינר6*,ליטרים,1.98,ליטר,false,1,42.60,21.52,true,1,
4052197003599,false,בירה בנדיקטינר לאגר500מ,בנדיקטינר וויצבראו,DE,בירה בנדיקטינר,מיליליטרים,500.00,"100 מ""ל",false,1,10.90,2.18,true,1,
4062400543125,false,טקילה סיירה זהב רפסדו700,מזקקת סיארה אונידס,MX,טקילה סיירה,מיליליטרים,700.00,"100 מ""ל",false,0,85.30,12.19,true,1,
4067700013019,false,"ייגרמייסטר 700 מ""ל",יגרמייסטר,DE,יגרמייסטר,מיליליטרים,700.00,"100 מ""ל",false,0,76.00,10.86,true,1,
4084500065536,false,פנטן קרם לחות מוגברת 300,פרוקטר & גמבל,IL,קרם לשיער פנטן,מיליליטרים,300.00,"100 מ""ל",false,0,22.50,7.50,true,1,
4084500065598,false,פנטן קרם לחות לתלתלים300,פרוקטר & גמבל,IL,קרם לשיער פנטן,מיליליטרים,300.00,"100 מ""ל",false,0,22.50,7.50,true,1,
4084500088917,false,פיירי לכלים לימון650מל,פרוקטר & גמבל,IL,פיירי נוזל לכלים,מיליליטרים,650.00,"100 מ""ל",false,0,10.60,1.63,true,1,
4084500149526,false,טייד ג'ל כביסה 2.48 ליטר,פרוקטר & גמבל,IL,טייד ג'ל,ליטרים,2.48,ליטר,false,0,25.30,10.20,true,1,
4084500194380,false,הד&שולדרס שיער עבה 600מ,פרוקטר & גמבל,IL,שמפו הד&שולדרס,מיליליטרים,600.00,"100 מ""ל",false,1,17.00,2.83,true,1,
4084500264397,false,שמפו הד&שולדרס 2ב1- 600,פרוקטר & גמבל,IL,שמפו הד&שולדרס,מיליליטרים,600.00,"100 מ""ל",false,1,17.00,2.83,true,1,
4084500853553,false,פיירי אורגינל 650מל,פרוקטר & גמבל,GB,נוזל כלים פיירי,מיליליטרים,650.00,"100 מ""ל",false,1,10.60,1.63,true,1,
4084500853836,false,"פיירי ורדים ומשי 515 מ""ל",פרוקטר & גמבל,GB,פיירי נוזל לכלים,מיליליטרים,515.00,"100 מ""ל",false,1,10.60,2.06,true,1,
4084500853898,false,פיירי אלוורה/מלפפונים515,פרוקטר & גמבל,GB,פיירי נוזל לכלים,מיליליטרים,515.00,"100 מ""ל",false,1,10.60,2.06,true,1,
4100130937163,false,"בירה בקס 275*6 מ""ל",CO AND BECK,DE,בירה בקס 6 בקבוק,ליטרים,1.65,ליטר,false,1,42.60,25.82,true,1,
4101730040048,false,שוקולד נוגט מוצרט 100גרם,רבר,DE,שוקולד מוצרט,גרמים,100.00,100 גרם,false,1,8.50,8.50,true,1,
4210201757771,false,4ראשי מילוי מברשת חשמלית,פרוקטר & גמבל,IE,ראש מילוי למברשת,יחידה,1.00,יחידה,false,0,99.90,99.90,true,1,
4600659010854,false,"וודקה סטוליצ'ניה 700 מ""ל",אס פי איי,RU,וודקה סטוליצ'ניה,מיליליטרים,700.00,"100 מ""ל",false,0,59.60,8.51,true,1,
4603400000043,false,וודקה רוסקי,,,וודקה רוסקי,מיליליטרים,700.00,"100 מ""ל",false,0,59.40,8.49,true,1,
4603400000180,false,וודקה רוסקי,,RU,וודקה רוסקי,מיליליטרים,700.00,"100 מ""ל",false,0,85.30,12.19,true,1,
4607026530212,false,כוסמת,,,כוסמת,גרמים,900.00,100 גרם,false,0,12.70,1.41,true,1,
4607109409619,false,פיניש הכל ב1- 25 טבליות,רקיט בנקיזר,PL,פיניש הכל ב1,יחידה,1.00,יחידה,false,1,21.20,21.20,true,1,
4710068001692,false,"מאסטר קפה לאטה 240 מ""ל",.,IL,מאסטר קפה,מיליליטרים,240.00,"100 מ""ל",false,0,5.60,2.33,true,1,
4770209043431,false,חלב מרוכז ממותק,,LE,חלב מרוכז ממותק,גרמים,397.00,100 גרם,false,0,7.20,1.81,true,1,
4800888148957,false,דאו.רקסונה רול און טלק50,יוניליוור,PH,דאודורנט רקסונה,מיליליטרים,50.00,"100 מ""ל",false,0,11.80,23.60,true,1,
4800888183149,false,דאב דאו' רולאון ביוטי50מ,יוניליוור,IL,דאו.דאב רול און,מיליליטרים,50.00,"100 מ""ל",false,0,11.80,23.60,true,1,
4820163121437,false,וודקה חורטיצה פלטינום700,אימיג' הולדינג,UA,וודקה חורטיצה,מיליליטרים,700.00,"100 מ""ל",false,1,51.10,7.30,true,1,
5000146401568,false,וולייט 10 דפים שומרי צבע,רקיט בנקיזר,US,וולייט דפים,יחידה,1.00,יחידה,false,0,14.70,14.70,true,1,
5000159384209,false,חטיפי סניקרס מארז 50*4גר,מרס,NL,חטיפי סניקרס,גרמים,200.00,100 גרם,false,0,14.60,7.30,true,1,
5000159407236,false,חטיף מרס 51 גרם,מרס,NL,חטיף מרס,גרמים,51.00,100 גרם,false,0,4.10,8.04,true,1,
5000159409179,false,מיני סניקרס בשקית 403 גר,מרס,DE,מיני סניקרס,גרמים,403.00,100 גרם,false,0,17.80,4.42,true,1,
5000159459228,false,חטיף טוויקס 50 גרם,מרס,NL,חטיף טוויקס,גרמים,50.00,100 גרם,false,0,4.10,8.20,true,1,
5000159461122,false,חטיף סניקרס 50 גרם,מרס,NL,חטיף סניקרס,גרמים,50.00,100 גרם,false,0,4.10,8.20,true,1,
5000198285505,false,משחה פרדונטקס ג'ל 50 גרם,גלקסוסמיתקליין,GB,משחת שיניים,מיליליטרים,50.00,"100 מ""ל",false,0,12.80,25.60,true,1,
5000204658125,false,קיווי נוזל נעליים חום75מ,ג'ונסון,FR,קיווי נוזל,מיליליטרים,75.00,"100 מ""ל",false,0,14.70,19.60,true,1,
5000204658187,false,קיווי נוזל נעליים שחור75,ג'ונסון,FR,קיווי נוזל,מיליליטרים,75.00,"100 מ""ל",false,0,14.70,19.60,true,1,
5000213014905,false,"בירה גינס פחית 440 מ""ל",קרלסברג ישראל,IE,בירה גינס פחית,מיליליטרים,440.00,"100 מ""ל",false,0,14.50,3.30,true,1,
5000394002562,false,4 סוללות דורסל AAאולטרה,פרוקטר & גמבל,IL,סוללות דורסל,יחידה,1.00,יחידה,false,1,17.00,17.00,true,1,
5000394018549,false,8 סוללות דורסל AAA,פרוקטר & גמבל,IL,8 סוללות דורסל,יחידה,1.00,יחידה,false,1,27.10,27.10,true,1,
5000394058019,false,8 סוללות דורסל AA,פרוקטר & גמבל,IL,8 סוללות דורסל,יחידה,1.00,יחידה,false,0,27.10,27.10,true,1,
5010182997253,false,רייד מקס קוטל ג'וקים300מ,ג'ונסון,NL,רייד מקס,מיליליטרים,300.00,"100 מ""ל",false,0,15.30,5.10,true,1,
5010182997338,false,דאק ג'ל לאסלה ניחוח רענן,DEOFLOR,GB,דאק ג'ל לאסלה,מיליליטרים,55.00,"100 מ""ל",false,0,9.80,17.82,true,1,
5010182997918,false,דאק ג'ל אסלה ניחוח ים 55,DEOFLOR,IT,דאק ג'ל לאסלה,מיליליטרים,55.00,"100 מ""ל",false,0,9.80,17.82,true,1,
5010327000046,false,"וויסקי גרנט'ס 700 מ""ל",גרנט'ס,SC,וויסקי גרנט'ס,מיליליטרים,700.00,"100 מ""ל",false,0,76.70,10.96,true,1,
5010677551397,false,"בקרדי  לימון ליים 275מ""ל","בקרדי בע""מ",DE,בקרדי בריזר,מיליליטרים,275.00,"100 מ""ל",false,1,14.30,5.20,true,1,
5010677554398,false,"בקרדי בריזר אבטיח 275מ""ל","בקרדי בע""מ",DE,בקרדי בריזר,מיליליטרים,275.00,"100 מ""ל",false,0,14.30,5.20,true,1,
5010677554602,false,"בקרדי בריזר אפרסק 275מ""ל","בקרדי בע""מ",DE,בקרדי בריזר,מיליליטרים,275.00,"100 מ""ל",false,0,14.30,5.20,true,1,
5011417540916,false,פיניש קואנטום 20טבליות,רקיט בנקיזר,PL,פיניש טבליות,יחידה,1.00,יחידה,false,0,21.20,21.20,true,1,
5011417552247,false,אירוויק נטול גז לילך345מ,רקיט בנקיזר,PL,אירוויק מבשם,מיליליטרים,345.00,"100 מ""ל",false,0,14.50,4.20,true,1,
5013965747687,false,מרכך הד&שולדרס מ.משי400מ,פרוקטר & גמבל,IL,מרכך הד&שולדרס,מיליליטרים,400.00,"100 מ""ל",false,0,18.80,4.70,true,1,
5014271000411,false,מעדן ערמונים 284 גרם,סאן דלפור - שמבור,FR,מעדן ערמונים,גרמים,284.00,100 גרם,false,1,15.30,5.39,true,1,
5014271300429,false,מעד.משמש ל.תוספת סוכר284,סאן דלפור - שמבור,IL,מעדן מישמש,גרמים,284.00,100 גרם,false,0,15.30,5.39,true,1,
5014271330426,false,מעדן אוכמניות כחולות284ג,סאן דלפור - שמבור,FR,מעדן אוכמניות,גרמים,284.00,100 גרם,false,0,15.30,5.39,true,1,
5014271350424,false,מעדן ארבעה פירות 284 גרם,סאן דלפור - שמבור,FR,מעדן 4 פירות,גרמים,284.00,100 גרם,false,0,15.30,5.39,true,1,
5014271400426,false,מעדן תות שדה 284 גרם,סאן דלפור - שמבור,FR,מעדן תות שדה,גרמים,284.00,100 גרם,false,0,15.30,5.39,true,1,
5014271796147,false,מעדן רימון ופטל 284 גרם,סאן דלפור - שמבור,FR,מעדן רימון ופטל,גרמים,284.00,100 גרם,false,0,15.30,5.39,true,1,
5029053000619,false,ממחטות אולטרה סופט טו גו,חוגלה קימברלי,IT,ממחטות אולטרה,יחידה,1.00,יחידה,false,0,6.70,6.70,true,1,
5029053002408,false,נ.ט. קלינקס לבן 9 גל.,חוגלה קימברלי,IL,נייר טואלט,מטרים,276.00,100 מטר,false,0,31.50,11.41,true,1,
5029053002439,false,נ.ט.קלינקס צהוב 9 גל.,חוגלה קימברלי,GB,נייר טואלט,מטרים,276.00,100 מטר,false,0,31.50,11.41,true,1,
5029053535234,false,16טמפונ.קוטקס מוליך סופר,חוגלה קימברלי,,טמפוני קוטקס,יחידה,1.00,יחידה,false,0,20.50,20.50,true,1,
5029053538426,false,חיתולי האגיס,,IL,חיתולי האגיס,יחידה,1.00,יחידה,false,0,37.60,37.60,true,1,
5038483999707,false,קרם טיפולי לעור יבש 60 מ,רקיט בנקיזר,IN,קרם טיפולי לעור,מיליליטרים,60.00,"100 מ""ל",false,1,46.90,78.17,true,1,
5052197028348,false,שול ג'ל השרייה לרגל 150מ,רקיט בית מרקחת,DE,שול ג'ל השרייה,מיליליטרים,150.00,"100 מ""ל",false,1,51.20,34.13,true,1,
5052197028379,false,שול סרום לחות אינטנסיבי,רקיט בית מרקחת,DE,שול סרום מרוכז,מיליליטרים,30.00,"100 מ""ל",false,1,51.20,170.67,true,1,
5099864006704,false,סימילאק אדבנס+שלב 1 900ג,אבוט,IE,סימילאק אדבנס,גרמים,900.00,100 גרם,false,0,70.00,7.78,true,1,
5099864006728,false,סימילאק אדבנס+שלב 3 900ג,אבוט,IE,סימילאק אדבנס,גרמים,900.00,100 גרם,false,0,70.00,7.78,true,1,
5200351240017,false,גליליות קרם אגוז+קקאו400,גולדן ברייק,GR,גליליות קרם אגוז,גרמים,400.00,100 גרם,false,0,16.20,4.05,true,1,
5201178801054,false,"קרם ניוואה 250 מ""ל",ביירסדורץ,,ניוואה קרם לחות,מיליליטרים,250.00,"100 מ""ל",false,0,29.40,11.76,true,1,
5202300014519,false,וולפלקס ספריי ש.צבוע250,פרוקטר & גמבל,DE,וולהפלקס ספריי,מיליליטרים,250.00,"100 מ""ל",false,0,32.20,12.88,true,1,
5202300043199,false,קולסטון חום בינוני שפופר,פרוקטר & גמבל,DE,קולסטון שפופרת,יחידה,1.00,יחידה,false,0,13.50,13.50,true,1,
5202300043205,false,קולסטון חום כהה שפופרת,פרוקטר & גמבל,DE,קולסטון חום כהה,יחידה,1.00,יחידה,false,0,13.50,13.50,true,1,
5202300043274,false,קולסטון בלונד אפור,פרוקטר & גמבל,DE,קולסטון שפופרת,יחידה,1.00,יחידה,false,0,13.50,13.50,true,1,
5410076353057,false,אב.כביסה תינוקלין 3קג,פרוקטר & גמבל,TR,אבקת תינוקלין,קילוגרמים,3.00,"ק""ג",false,0,43.90,14.63,true,1,
5410091648176,false,דאו.רול און FA פינק50מ,הנקל סוד,DE,דאודורנט FA,מיליליטרים,50.00,"100 מ""ל",false,0,8.40,16.80,true,1,
5410126106183,false,ביסקוויט לוטוס ארוז 50יח,לוטוס ביקרי,BE,ביסקוויט לוטוס,גרמים,312.00,100 גרם,false,0,11.80,3.78,true,1,
5410126716016,false,ביסקוויט לוטוס ט.קרמל250,לוטוס ביקרי,BE,ביסקויט לוטוס,גרמים,250.00,100 גרם,false,0,10.80,4.32,true,1,
5410126726947,false,ממרח עוג.לוטוס קראנץ380ג,לוטוס ביקרי,BE,ממרח עוגיות,גרמים,380.00,100 גרם,false,0,17.00,4.47,true,1,
5410316983693,false,"אייס סמירנוף בק275. מ""ל",IBBLS,IT,אייס סמירנוף,מיליליטרים,275.00,"100 מ""ל",false,0,9.20,3.35,true,1,
5411188081852,false,אלפרו סויה וניל 1 ליטר,אלפרו,IL,אלפרו סויה וניל,ליטרים,1.00,ליטר,false,0,13.50,13.50,true,1,
5411188106159,false,אלפרו סויה לייט טבעי 1 ל,אלפרו,IL,אלפרו סויה לייט,ליטרים,1.00,ליטר,false,0,11.80,11.80,true,1,
5411188110835,false,אלפרו משקה שקדים 1 ליטר,אלפרו,BE,אלפרו משקה שקדים,ליטרים,1.00,ליטר,false,0,13.40,13.40,true,1,
5411188110842,false,אלפרו משקה אגוזים 1 ליטר,אלפרו,IL,אלפלרו משקה אגוז,ליטרים,1.00,ליטר,false,0,13.40,13.40,true,1,
5411188112709,false,"אלפרו משקה שקדים לל""ס 1ל",אלפרו,BE,אלפרו משקה שקדים,ליטרים,1.00,ליטר,false,0,13.40,13.40,true,1,
5411188118282,false,שמנת לבישול קוקוס250מל,אלפרו,BE,שמנת לבישול,מיליליטרים,250.00,"100 מ""ל",false,1,8.40,3.36,true,1,
5413548280189,false,קינדר שוקובון 125 גרם,פררו - אלבה,BE,קינדר שוקובון,גרמים,125.00,100 גרם,false,0,12.40,9.92,true,1,
5601008200444,false,עוג.גודיס שוקולד חלב150ג,מרבה,NL,עוגיות גודיס,גרמים,150.00,100 גרם,false,0,4.20,2.80,true,1,
5601008200468,false,עוגי.גודיס שוקולד לבן150,מרבה,PT,עוגיות גודיס,גרמים,150.00,100 גרם,false,0,4.20,2.80,true,1,
5601036205602,false,אקסלנס חום מהגונ מס5.5',ליברמו,BE,צבע לשיער אקסלנס,יחידה,1.00,יחידה,false,0,29.80,29.80,true,1,
5701932026964,false,הוט פופ טבעי בתוספת מלח,פופז,IL,פופקורן הוט פופ,גרמים,600.00,100 גרם,false,0,15.30,2.55,true,1,
5900020020741,false,נסקוויק בר שוקו-שוקו25*6,נסטלה,PL,נסקוויק בר,גרמים,150.00,100 גרם,false,0,9.30,6.20,true,1,
5900020025821,false,קורנפלקס גו פרי 500 גרם,סי.פי,PL,קורנפלקס גו פרי,גרמים,500.00,100 גרם,false,1,11.00,2.20,true,1,
5900020026552,false,האני נאט צ'יריוס 625גרם,ג'נרל מילס,PL,האני נאט צ'יריוס,גרמים,625.00,100 גרם,false,1,23.80,3.81,true,1,
5902188460605,false,"בירה ברואר 500 מ""ל","פורמן ס.א. בע""מ",PL,בירה ברואר,מיליליטרים,500.00,"100 מ""ל",false,1,5.80,1.16,true,1,
5906485301012,false,משקה אנרגיה XL,,IL,משקה אנרגיה XL,מיליליטרים,250.00,"100 מ""ל",false,0,3.40,1.36,true,1,
5906485301098,false,משקה אנרגיה,,IL,משקה אנרגיה,מיליליטרים,250.00,"100 מ""ל",false,0,3.40,1.36,true,1,
5906485301456,false,משקה אנרגיה,,IL,משקה אנרגיה,מיליליטרים,250.00,"100 מ""ל",false,0,3.40,1.36,true,1,
6935325410118,false,שום יבוא יחידה,קטיף,XX,שום יבוא יחידה,יחידה,1.00,יחידה,false,0,8.90,8.90,true,1,
7290000000022,true,עגבניות חממה,קטיף,IL,עגבניות חממה,קילוגרמים,0.00,"ק""ג",true,0,6.90,6.90,true,1,
7290000000046,true,מלפפונים,קטיף,IL,מלפפונים,קילוגרמים,0.00,"ק""ג",true,0,7.90,7.90,true,1,
7290000000053,true,קישואים,קטיף,IL,קשואים,קילוגרמים,0.00,"ק""ג",true,0,11.90,11.90,true,1,
7290000000084,true,פלפל בהיר,שותפות מזרחי,IL,פלפל בהיר,קילוגרמים,0.00,"ק""ג",true,0,10.90,10.90,true,1,
7290000000091,true,פלפל אדום,קטיף,IL,פלפל אדום,קילוגרמים,0.00,"ק""ג",true,0,11.90,11.90,true,1,
7290000000107,true,פלפל כהה,קטיף,IL,פלפל כהה,קילוגרמים,0.00,"ק""ג",true,0,10.90,10.90,true,1,
7290000000114,true,חצילים,קטיף,IL,חצילים,קילוגרמים,0.00,"ק""ג",true,0,9.90,9.90,true,1,
7290000000121,true,גזר ארוז,קטיף,IL,גזר ארוז,קילוגרמים,0.00,"ק""ג",true,0,4.90,4.90,true,1,
7290000000138,true,כרוב לבן,קטיף,IL,כרוב לבן,קילוגרמים,0.00,"ק""ג",true,0,4.50,4.50,true,1,
7290000000145,true,כרוב אדום,קטיף,IL,כרוב אדום,קילוגרמים,0.00,"ק""ג",true,0,5.90,5.90,true,1,
7290000000169,true,כרוב סיני יחידה,קטיף,IL,כרוב סיני יחידה,יחידה,1.00,יחידה,false,0,6.90,6.90,true,1,
7290000000176,true,כרובית,קטיף,IL,כרובית,קילוגרמים,0.00,"ק""ג",true,0,10.90,10.90,true,1,
7290000000183,true,סלק,קטיף,IL,סלק,קילוגרמים,0.00,"ק""ג",true,0,5.90,5.90,true,1,
7290000000220,true,קולורבי,קטיף,IL,קולורבי,קילוגרמים,0.00,"ק""ג",true,0,10.90,10.90,true,1,
7290000000282,true,חסה ערבית יחידה,קטיף,IL,חסה ערבית,יחידה,1.00,יחידה,false,0,5.90,5.90,true,1,
7290000000299,true,חסה עגולה יחידה,קטיף,IL,חסה עגולה,יחידה,1.00,יחידה,false,0,7.90,7.90,true,1,
7290000000350,true,פזיל יחידה,קטיף,IL,פזיל-יח',יחידה,1.00,יחידה,false,0,6.00,6.00,true,1,
7290000000374,true,שמפניון  יחידה,קטיף,IL,שמפניון,יחידה,1.00,יחידה,false,0,9.90,9.90,true,1,
7290000000428,true,בטטות מובחר,קטיף,IL,בטטות,קילוגרמים,0.00,"ק""ג",true,0,10.90,10.90,true,1,
7290000000435,true,סלרי עלים יחידה,קטיף,IL,סלרי עלים,יחידה,1.00,יחידה,false,0,6.90,6.90,true,1,
7290000000442,true,נבטים סיניים  יחידה,קטיף,IL,נבטים סיניים-יח,יחידה,1.00,יחידה,false,0,7.00,7.00,true,1,
7290000000459,true,נבטי אלפלפא יח,קטיף,IL,נבטי אלפלפא-יח',יחידה,1.00,יחידה,false,0,7.00,7.00,true,1,
7290000000466,true,בצל ירוק יחידה,קטיף,IL,בצל ירוק,יחידה,1.00,יחידה,false,0,6.90,6.90,true,1,
7290000000480,true,בצל יבש,קטיף,IL,בצל יבש,קילוגרמים,0.00,"ק""ג",true,0,4.90,4.90,true,1,
7290000000503,true,תפוח אדמה קטן ארוז,קטיף,IL,"תפו""א קטן ארוז",קילוגרמים,0.00,"ק""ג",true,0,4.90,4.90,true,1,
7290000000510,true,פטרוזיליה יח,קטיף,IL,פטרוזיליה,יחידה,1.00,יחידה,false,0,4.90,4.90,true,1,
7290000000527,true,שמיר יח,קטיף,IL,שמיר,יחידה,1.00,יחידה,false,0,4.90,4.90,true,1,
7290000000534,true,סלרי ראש יחידה,קטיף,IL,סלרי ראש,יחידה,1.00,יחידה,false,0,6.90,6.90,true,1,
7290000000558,true,כוסברה יח,קטיף,IL,כוסברה,יחידה,1.00,יחידה,false,0,4.90,4.90,true,1,
7290000000565,true,נענע יח,קטיף,IL,נענע,יחידה,1.00,יחידה,false,0,4.90,4.90,true,1,
7290000000572,true,שומר,קטיף,IL,שומר,קילוגרמים,0.00,"ק""ג",true,0,7.90,7.90,true,1,
7290000000619,true,פלפל חריף,שותפות מזרחי,IL,פלפל חריף,קילוגרמים,0.00,"ק""ג",true,0,12.90,12.90,true,1,
7290000000626,true,ברוקולי,קטיף,IL,ברוקולי,קילוגרמים,0.00,"ק""ג",true,0,13.90,13.90,true,1,
7290000000633,true,עירית יחידה,קטיף,IL,עירית יחידה,יחידה,1.00,יחידה,false,0,6.00,6.00,true,1,
7290000000732,true,דלורית,קטיף,IL,דלורית,קילוגרמים,0.00,"ק""ג",true,0,9.90,9.90,true,1,
7290000000855,true,פלפל צהוב,קטיף,IL,פלפל צהוב,קילוגרמים,0.00,"ק""ג",true,0,11.90,11.90,true,1,
7290000001029,true,פילפל צילי יחידה,קטיף,IL,פילפל צילי יח,יחידה,1.00,יחידה,false,0,5.90,5.90,true,1,
7290000001036,true,בצל יבש אדום,קטיף,XX,בצל יבש אדום,קילוגרמים,0.00,"ק""ג",true,0,6.90,6.90,true,1,
7290000001050,true,בזילקום יחידה,קטיף,IL,בזילקום  יחידה,יחידה,1.00,יחידה,false,0,6.00,6.00,true,1,
7290000001104,true,פטריות חורש יחידה,קטיף,IL,פטריות חורש,יחידה,1.00,יחידה,false,0,9.90,9.90,true,1,
7290000001692,true,תפוח אדמה אדום ארוז,קטיף,IL,תפוא אדום ארוז,קילוגרמים,0.00,"ק""ג",true,0,6.50,6.50,true,1,
7290000001715,true,תפוא לבן ארוז,קטיף,IL,תפוא לבן ארוז,קילוגרמים,0.00,"ק""ג",true,0,4.90,4.90,true,1,
7290000002019,true,לחם לבן 750 גרם,מאפיית שלמה א. אנג'ל,IL,לחם לבן 750 גרם,גרמים,750.00,100 גרם,false,0,4.33,0.58,true,1,
7290000002026,true,לחם אחיד 750 גרם,מאפית ברמן,IL,לחם אחיד 750 גרם,גרמים,750.00,100 גרם,false,0,4.33,0.58,true,1,
7290000002040,true,חלה רגילה 500 גרם,מאפית ברמן,IL,חלה רגילה,גרמים,500.00,100 גרם,false,0,4.22,0.84,true,1,
7290000016023,true,גבינה קשה גודה,,IL,גבינה קשה גודה,קילוגרמים,0.00,"ק""ג",true,0,76.00,76.00,true,1,
7290000016030,true,גבינה עזים קשה,,IL,גבינה עזים קשה,קילוגרמים,0.00,"ק""ג",true,0,110.00,110.00,true,1,
7290000023816,false,ברקן קלאסיק א.ריזלינג750,יקבי ברקן,IL,ריזלינג קלאסיק,מיליליטרים,750.00,"100 מ""ל",false,0,25.50,3.40,true,1,
7290000023977,false,"ברקן קלאסיק מרלו 750 מ""ל",יקבי ברקן,IL,מרלו קלאסיק,מיליליטרים,750.00,"100 מ""ל",false,0,25.50,3.40,true,1,
7290000024219,false,ברקן רזרב א.ריזלינג750מל,יקבי ברקן,IL,יין ריזלינג ברקן,מיליליטרים,750.00,"100 מ""ל",false,0,29.70,3.96,true,1,
7290000024240,false,"ברקן רזרב שרדונה 750 מ""ל",יקבי ברקן,IL,יין ברקן שרדונה,מיליליטרים,750.00,"100 מ""ל",false,0,29.70,3.96,true,1,
7290000024905,false,וודקה קגלביץ קלסיקה700מל,יקבי ברקן,IL,וודקה קגלביץ,מיליליטרים,700.00,"100 מ""ל",false,0,46.80,6.69,true,1,
7290000034256,false,ביסקוויט תירוש 175 גרם,מגדנית הדר,IL,ביסקוויט תירוש,גרמים,175.00,100 גרם,false,0,5.90,3.37,true,1,
7290000040042,false,יוגורט יופלה תות3% 150גר,תנובה,IL,יופלה תות 3%,גרמים,150.00,100 גרם,false,0,4.40,2.93,true,1,
7290000040066,false,יופלה דובדבן3% 150 גרם,תנובה,IL,יופלה דובדבן3%,גרמים,150.00,100 גרם,false,0,4.40,2.93,true,1,
7290000040080,false,יוגורט יופלה אפרסק3% 150,תנובה,IL,יופלה אפרסק3%,גרמים,150.00,100 גרם,false,0,4.40,2.93,true,1,
7290000040301,false,עין גדי קממבר24% 125 גר,תנובה,IL,עין גדי קממבר,גרמים,125.00,100 גרם,false,0,17.00,13.60,true,1,
7290000040974,false,חלב טרי 2% דל לקטוז 1 ל,תנובה,IL,חלב טרי דל לקטוז,ליטרים,1.00,ליטר,false,0,6.00,6.00,true,1,
7290000041858,false,שמנת חמוצה15% מועשרת200,יטבתה,IL,שמנת חמוצה יטבתה,מיליליטרים,200.00,"100 מ""ל",false,0,2.00,1.00,true,1,
7290000041865,false,לבן יטבתה 4.5% שומן 200מ,יטבתה,IL,לבן יטבתה4.5%,מיליליטרים,200.00,"100 מ""ל",false,0,1.60,0.80,true,1,
7290000041872,false,"לבן יטבתה 3% 200 מ""ל",יטבתה,IL,לבן יטבתה 3%,מיליליטרים,200.00,"100 מ""ל",false,0,1.60,0.80,true,1,
7290000042008,false,חלב מפוסטר 3%שקית 1 ל',תנובה,IL,חלב 3% בשקית,ליטרים,1.00,ליטר,false,0,4.20,4.20,true,1,
7290000042244,false,חלב 3% שומן בכד 2 ליטר,תנובה,IL,חלב 3% כד 2 ליטר,ליטרים,2.00,ליטר,false,0,9.82,4.91,true,1,
7290000042404,false,חלב מועשר3% יטבתה שקית1ל,יטבתה,IL,חלב 3% בשקית,ליטרים,1.00,ליטר,false,0,5.00,5.00,true,1,
7290000042411,false,חלב בקרטון 3% יטבתה 1 ל',יטבתה,IL,חלב בקרטון 3% יטבתה 1 ל',ליטרים,1.00,ליטר,false,0,4.91,4.91,true,1,
7290000042435,false,חלב מפוסטר 1% בקרטון 1 ל,תנובה,IL,חלב %1 בקרטון,ליטרים,1.00,ליטר,false,0,4.62,4.62,true,1,
7290000042442,false,חלב מפוסטר 3% בקרטון 1 ל,תנובה,IL,חלב תנובה 3%,ליטרים,1.00,ליטר,false,0,4.91,4.91,true,1,
7290000042466,false,חלב מועשר 1% בקרטון 1 ל',תנובה,IL,חלב מועשר בקרטון,ליטרים,1.00,ליטר,false,0,7.00,7.00,true,1,
7290000042503,false,חלב עמיד הומוגני 3% 1 ל',תנובה,IL,חלב עמיד 3%,ליטרים,1.00,ליטר,false,0,5.90,5.90,true,1,
7290000042640,false,"חלב עמיד 3% שומן 250 מ""ל",תנובה,IL,חלב עמיד 3% שומן,מיליליטרים,250.00,"100 מ""ל",false,0,2.20,0.88,true,1,
7290000042732,false,שוקו תנובה כד 2 ליטר,תנובה,IL,שוקו כד 2 ליטר,ליטרים,2.00,ליטר,false,0,18.30,9.15,true,1,
7290000042855,false,"שוקו בשקית יוטבתה 225מ""ל",יטבתה,IL,שוקו בשקית,מיליליטרים,225.00,"100 מ""ל",false,0,2.20,0.98,true,1,
7290000043012,false,"שוקו שוק עמיד 250 מ""ל",תנובה,IL,שוקו עמיד,מיליליטרים,250.00,"100 מ""ל",false,0,3.70,1.48,true,1,
7290000043814,false,שמנת עמידה לקצפת38% 250מ,תנובה,IL,שמנת עמידה לקצפת,מיליליטרים,250.00,"100 מ""ל",false,0,5.09,2.04,true,1,
7290000043890,false,רויון 1.5%  בקרטון 1ל,תנובה,IL,רויון בקרטון1.5%,ליטרים,1.00,ליטר,false,0,9.30,9.30,true,1,
7290000043944,false,יוגורט בכד 4% 1.5 ל',תנובה,IL,יוגורט בכד 4%,ליטרים,1.50,ליטר,false,0,14.00,9.33,true,1,
7290000044088,false,שלי קלאסיק 3%שומן 200 ג,תנובה,IL,שלי קלאסיק 3%לבן,גרמים,200.00,100 גרם,false,0,2.50,1.25,true,1,
7290000044248,false,רויון בקרטון 1.5% 500 מל,תנובה,IL,רויון בקרטון,מיליליטרים,500.00,"100 מ""ל",false,0,5.30,1.06,true,1,
7290000044712,false,פרילי+תות שדה1.5% 500ג,תנובה,IL,פרילי תות-שדה,גרמים,500.00,100 גרם,false,0,8.90,1.78,true,1,
7290000044880,false,באדי מעדן תות 3% 500 גרם,תנובה,IL,מעדן באדי תות 3%,גרמים,500.00,100 גרם,false,0,7.80,1.56,true,1,
7290000045573,false,גבינת נעמה מותכת 25*8 גר,תנובה,IL,גבינת נעמה מותכת,גרמים,200.00,100 גרם,false,0,13.30,6.65,true,1,
7290000045580,false,גב.נעמה חורש מותכת 240ג,תנובה,IL,גבינת נעמה מותכת,גרמים,240.00,100 גרם,false,0,15.40,6.42,true,1,
7290000046006,false,גב.עמק 28% במשקל,תנובה,IL,גבינת העמק 28%,קילוגרמים,0.00,"ק""ג",true,0,35.30,35.30,true,1,
7290000046020,false,גב.גלבוע 22% במשקל,תנובה,IL,גבינת גלבוע 22%,קילוגרמים,0.00,"ק""ג",true,0,33.55,33.55,true,1,
7290000046327,false,גב.גלבוע פרוסות22% 200גר,תנובה,IL,גבינת גלבוע פרוס,גרמים,200.00,100 גרם,false,0,10.80,5.40,true,1,
7290000046501,false,גב.טל העמק32% במשקל,תנובה,IL,גבינת טל העמק,קילוגרמים,0.00,"ק""ג",true,0,48.00,48.00,true,1,
7290000046563,false,גב.קולאז' פרמזן 23%במשקל,תנובה,IL,גבינת פרמזן,גרמים,0.00,"ק""ג",true,0,94.00,94.00,true,1,
7290000046662,false,גב.קשה סקנדינבית31%משקל,תנובה,IL,גבינה סקנדינבי,קילוגרמים,0.00,"ק""ג",true,0,64.00,64.00,true,1,
7290000047034,false,גב.קולאז' רוקפור25%במשקל,תנובה,IL,גבינת רוקפור,קילוגרמים,0.00,"ק""ג",true,0,107.00,107.00,true,1,
7290000047485,false,גב.בולגרית 24%במשקל,תנובה,IL,גבינה בולגרית,קילוגרמים,0.00,"ק""ג",true,0,50.00,50.00,true,1,
7290000048185,false,גב.לבנה רכה 5% שומן 250ג,תנובה,IL,גבינה לבנה 5%,גרמים,250.00,100 גרם,false,0,3.93,1.57,true,1,
7290000048192,false,גב.לבנה רכה 9% 250 גרם,תנובה,IL,גבינה לבנה 9%,גרמים,250.00,100 גרם,false,0,3.90,1.56,true,1,
7290000048307,false,קוטג' 5% עם זיתים 250 גר,תנובה,IL,קוטג' עם זיתים5%,גרמים,250.00,100 גרם,false,0,4.90,1.96,true,1,
7290000048437,false,גבי. צפתית פיראוס5% 200ג,תנובה,IL,גבינה צפתית 5%,גרמים,200.00,100 גרם,false,0,14.40,7.20,true,1,
7290000049458,false,פטה עיזים פיראוס16% 250ג,תנובה,IL,פטה עיזים פיראוס,גרמים,250.00,100 גרם,false,0,24.70,9.88,true,1,
7290000050072,false,"יופלה 360 תות 100*6 מ""ל",תנובה,IL,יופלה 360 תות,מיליליטרים,600.00,"100 מ""ל",false,0,8.50,1.42,true,1,
7290000050270,false,פיראוס צפתית עיזים5% 200,תנובה,IL,פיראוס צפתית 5%,גרמים,200.00,100 גרם,false,0,17.00,8.50,true,1,
7290000050300,false,גבינה לבנה 5%,,IL,גבינה לבנה 5%,גרמים,125.00,100 גרם,false,0,1.97,1.58,true,1,
7290000050447,false,יופלה תות 500 גרם,תנובה,IL,יופלה תות,גרמים,500.00,100 גרם,false,0,11.70,2.34,true,1,
7290000050454,false,יופלה אפרסק 500 גרם,תנובה,IL,יופלה אפרסק,גרמים,500.00,100 גרם,false,0,11.70,2.34,true,1,
7290000050997,false,יופלה שטוזים בננה 100*4ג,תנובה,IL,יופלה שטוזים 4יח,גרמים,400.00,100 גרם,false,0,7.60,1.90,true,1,
7290000051376,false,יופלה דיאט אננס 0% 150גר,תנובה,IL,יופלה דיאט אננס,גרמים,150.00,100 גרם,false,0,4.40,2.93,true,1,
7290000051772,false,מעדן דיאט שוק.קוקוס 150ג,תנובה,IL,מעדן תנובה דיאט,גרמים,150.00,100 גרם,false,0,3.30,2.20,true,1,
7290000052250,false,יופלהYYYפירות יער3% 500ג,תנובה,IL,יופלה YYY פ.יער,גרמים,500.00,100 גרם,false,0,11.70,2.34,true,1,
7290000052298,false,משקה מוקה בקבוק 1 ליטר,תנובה,,משקה מוקה בקבוק,מיליליטרים,1000.00,"100 מ""ל",false,0,10.90,1.09,true,1,
7290000052304,false,"משקה מוקה בקבוק 340 מ""ל",תנובה,IL,משקה מוקה בקבוק,מיליליטרים,340.00,"100 מ""ל",false,0,5.80,1.71,true,1,
7290000052311,false,עמק 15% פרוס בקופסא 200,תנובה,IL,עמק 15% פרוס,גרמים,200.00,100 גרם,false,0,13.50,6.75,true,1,
7290000052649,false,פיראוס לבנה 5% 500 גרם,תנובה,IL,פיראוס לבנה 5%,גרמים,500.00,100 גרם,false,0,18.10,3.62,true,1,
7290000052717,false,קוטג' +שום שמיר,,IL,קוטג' +שום שמיר,גרמים,250.00,100 גרם,false,0,4.90,1.96,true,1,
7290000054995,false,יוגורט עיזים פיראוס 500מ,תנובה,IL,יוגורט עיזים,מיליליטרים,500.00,"100 מ""ל",false,0,10.40,2.08,true,1,
7290000055329,false,משקה יוגורט תות-מלון250ג,תנובה,IL,משקה יוגורט,גרמים,250.00,100 גרם,false,0,5.00,2.00,true,1,
7290000055336,false,משקה יוגורט בננ.אפרסק250,תנובה,IL,משקה יוגורט,גרמים,250.00,100 גרם,false,0,5.00,2.00,true,1,
7290000056081,false,פרילי טבע 6 * 200גרם,תנובה,IL,מארז פרילי טבע,קילוגרמים,1.20,"ק""ג",false,0,19.40,16.17,true,1,
7290000056845,false,חלב טרי הומוגני3% 1.5ל',תנובה,,חלב תנובה 3%,ליטרים,1.50,ליטר,false,0,7.36,4.91,true,1,
7290000056890,false,יופלה אננס/דובד%0 150*8ג,תנובה,IL,יופלה 0% 8 יח,קילוגרמים,1.20,"ק""ג",false,0,26.60,22.17,true,1,
7290000056906,false,יופלה לבן 1.5% 150*8גרם,תנובה,IL,יופלה לבן 1.5%,קילוגרמים,1.20,"ק""ג",false,0,13.50,11.25,true,1,
7290000056951,false,שמנת לבישול 15%,,,שמנת לבישול 15%,מיליליטרים,500.00,"100 מ""ל",false,0,13.60,2.72,true,1,
7290000056968,false,שמנת38%,,,שמנת38%,מיליליטרים,500.00,"100 מ""ל",false,0,10.18,2.04,true,1,
7290000057088,false,גבינת עמק דק 28% 200 גרם,תנובה,IL,גבינת עמק דק 28%,גרמים,200.00,100 גרם,false,0,13.50,6.75,true,1,
7290000057132,false,יוגורט תנובה1.5%,,,יוגורט תנובה1.5%,גרמים,200.00,100 גרם,false,0,2.60,1.30,true,1,
7290000057552,false,יופלה עוגת גבינה,,IL,יופלה עוגת גבינה,גרמים,150.00,100 גרם,false,0,4.40,2.93,true,1,
7290000058030,false,8שטוזים משקה תות,,IL,8שטוזים משקה תות,מיליליטרים,800.00,"100 מ""ל",false,0,17.80,2.23,true,1,
7290000058283,false,גבינת עיזים 5%,,,גבינת עיזים 5%,גרמים,240.00,100 גרם,false,0,12.80,5.33,true,1,
7290000060088,false,בייגלה מקלות מלוחים400גר,אסם,IL,בייגלה מקלות,גרמים,400.00,100 גרם,false,0,10.10,2.53,true,1,
7290000060200,false,פתיתים אפויים קוסקוס500ג,אסם,IL,פתיתים אפויים,גרמים,500.00,100 גרם,false,0,6.60,1.32,true,1,
7290000060217,false,פסטה מקרוני 7 500 גרם,זארה,IT,פסטה מקרוני 7,גרמים,500.00,100 גרם,false,0,5.20,1.04,true,1,
7290000060248,false,פסטה אסם תלתלים 500 גרם,זארה,IT,פסטה תלתלים,גרמים,500.00,100 גרם,false,0,5.20,1.04,true,1,
7290000060323,false,ספגטיני פרפקטו 500 גרם,זארה,IT,ספגטיני פרפקטו,גרמים,500.00,100 גרם,false,0,6.50,1.30,true,1,
7290000060491,false,פרפקטו קיפרי ריגאטי 500ג,זארה,IT,פסטה קיפרי ריגטי,גרמים,500.00,100 גרם,false,0,6.50,1.30,true,1,
7290000060576,false,"פתיתים אפויים""כוכבים500""",אסם,IL,פתיתים אפויים,גרמים,500.00,100 גרם,false,0,6.60,1.32,true,1,
7290000060781,false,פסטה מסולסלת אסם 500 גרם,זארה,IT,פסטה מסולסלת,גרמים,500.00,100 גרם,false,0,5.20,1.04,true,1,
7290000060828,false,פסטה קרניים בינוניות500ג,זארה,IT,פסטה קרניים,גרמים,500.00,100 גרם,false,0,5.20,1.04,true,1,
7290000060903,false,פתיתים אפויים אורז 500 ג,אסם,IL,פתיתים אפויים,גרמים,500.00,100 גרם,false,0,6.60,1.32,true,1,
7290000060958,false,אטריות בינוניות 400 גרם,אסם,IL,אטריות בינוניות,גרמים,400.00,100 גרם,false,0,6.40,1.60,true,1,
7290000060972,false,אטריות דקיקות אסם 400 גר,זארה,IT,אטריות דקיקות,גרמים,400.00,100 גרם,false,0,6.40,1.60,true,1,
7290000061085,false,"רוטב צ'ילי מתוק 290 מ""ל",אסם,IL,רוטב צ'ילי אסם,מיליליטרים,290.00,"100 מ""ל",false,0,10.10,3.48,true,1,
7290000061108,false,"רוטב טריאקי אסם 290 מ""ל",אסם,IL,רוטב טריאקי,מיליליטרים,290.00,"100 מ""ל",false,0,10.10,3.48,true,1,
7290000063140,false,שקדי מרק רכיבים טבעי400ג,אסם,IL,שקדי מרק אסם,גרמים,400.00,100 גרם,false,0,8.50,2.13,true,1,
7290000064505,false,תבשיל פתיתים+ירקות 130גר,אסם,IL,תבשיל פתיתים,גרמים,130.00,100 גרם,false,0,7.60,5.85,true,1,
7290000064871,false,מנה חמה פירה בצל 56 גרם,אסם,IL,מנה חמה פירה,גרמים,56.00,100 גרם,false,0,6.40,11.43,true,1,
7290000065090,false,מיני קרוטונים מתובל400 ג,עינת,IL,מיני קרוטונים,גרמים,400.00,100 גרם,false,0,22.60,5.65,true,1,
7290000065267,false,קראנץ רולס 450 גרם,אסם,IL,קראנץ רולס,גרמים,450.00,100 גרם,false,0,21.30,4.73,true,1,
7290000065335,false,מנה חמה פירה עם ירקות55ג,אסם,IL,מנה חמה פירה,גרמים,55.00,100 גרם,false,0,6.40,11.64,true,1,
7290000065557,false,מ.חמה קוסקוס עם ירקות 84,אסם,IL,מנה חמה קוסקוס,גרמים,84.00,100 גרם,false,0,6.40,7.62,true,1,
7290000065717,false,סירופ ויטמינצ'יק פטל 1ל',בית השיטה,IL,ויטמינצ'יק פטל,ליטרים,1.00,ליטר,false,0,11.80,11.80,true,1,
7290000065748,false,סירופ ויטמינצ'יק אננס 1ל,בית השיטה,IL,ויטמינצ'יק אננס,ליטרים,1.00,ליטר,false,0,11.80,11.80,true,1,
7290000066134,false,ביסלי פלאפל 70 גרם,אסם,IL,ביסלי פלאפל,גרמים,70.00,100 גרם,false,0,3.80,5.43,true,1,
7290000066141,false,ביסלי גריל 70 גרם,אסם,IL,ביסלי גריל,גרמים,70.00,100 גרם,false,0,3.80,5.43,true,1,
7290000066165,false,ביסלי ברביקיו 67 גרם,אסם,IL,ביסלי ברביקיו,גרמים,67.00,100 גרם,false,0,3.80,5.67,true,1,
7290000066189,false,ביסלי פלאפל 200 גרם,אסם,IL,ביסלי פלאפל,גרמים,200.00,100 גרם,false,0,6.70,3.35,true,1,
7290000066202,false,ביסלי בצל 190 גרם,אסם,IL,ביסלי בטעם בצל,גרמים,190.00,100 גרם,false,0,6.70,3.53,true,1,
7290000066219,false,ביסלי ברביקיו 190 גרם,אסם,IL,ביסלי ברביקיו,גרמים,190.00,100 גרם,false,0,6.70,3.53,true,1,
7290000066226,false,ביסלי פיצה 200 גרם,אסם,IL,ביסלי בטעם פיצה,גרמים,200.00,100 גרם,false,0,6.70,3.35,true,1,
7290000066318,false,במבה 80 גרם,אסם,IL,במבה,גרמים,80.00,100 גרם,false,0,4.10,5.13,true,1,
7290000066332,false,אפרופו 50 גרם,אסם,IL,חטיף אפרופו,גרמים,50.00,100 גרם,false,0,4.90,9.80,true,1,
7290000066349,false,אפרופו 100 גרם,אסם,IL,אפרופו חטיף תירס,גרמים,100.00,100 גרם,false,0,7.90,7.90,true,1,
7290000066431,false,פופקו בטעם חמאה ודבש80גר,אסם,IL,חטיף פופקו,גרמים,80.00,100 גרם,false,0,4.60,5.75,true,1,
7290000066950,false,"ויטמינצ'יק סירופ תפו""ע1ל",בית השיטה,IL,"ויטמינצ'יק תפו""ע",ליטרים,1.00,ליטר,false,0,11.80,11.80,true,1,
7290000067599,false,מנה חמה ספגטי בולונז 65ג,אסם,IL,מנה חמה בולונז,גרמים,65.00,100 גרם,false,0,6.40,9.85,true,1,
7290000068169,false,אינסטנט פודינג שוקולד95ג,אסם,IL,אינסטנט פודינג,גרמים,95.00,100 גרם,false,0,4.80,5.05,true,1,
7290000068190,false,ג'לי בטעם תות 90 גרם,אסם,IL,ג'לי בטעם תות,גרמים,90.00,100 גרם,false,0,6.40,7.11,true,1,
7290000068787,false,"במבה יום הולדת 25ג בד""צ",אסם,IL,במבה יום הולדת,גרמים,25.00,100 גרם,false,0,2.10,8.40,true,1,
7290000069258,false,פנה ריגאטה פרפקטו 500 גר,זארה,IT,פנה ריגאטה,גרמים,500.00,100 גרם,false,0,6.50,1.30,true,1,
7290000070308,false,מרק עוף אמיתי 400 גרם,אסם,IL,מרק עוף אמיתי,גרמים,400.00,100 גרם,false,0,18.50,4.63,true,1,
7290000072241,false,"רוטב פיצה 290 מ""ל",אסם,IL,רוטב לפיצה אסם,מיליליטרים,290.00,"100 מ""ל",false,0,10.10,3.48,true,1,
7290000072593,false,לחמית חיטה מלאה דבש200גר,אסם,IL,לחמית ח.מלאה דבש,גרמים,200.00,100 גרם,false,0,8.40,4.20,true,1,
7290000072623,false,קטשופ בקבוק לחיץ 750 גרם,אסם,IL,קטשופ בקבוק לחיץ,גרמים,750.00,100 גרם,false,0,10.60,1.41,true,1,
7290000072753,false,נסקפה טסטר'ס צ'ויס200ג,נסטלה,KR,נסקפה טסטרס צויס,גרמים,200.00,100 גרם,false,0,31.50,15.75,true,1,
7290000072777,false,טסטרס צ'ויס נט.קפאין200,נסטלה,KR,קפה טסטרס צויס,גרמים,200.00,100 גרם,false,0,33.80,16.90,true,1,
7290000072784,false,טסטרס צ'ויס נט.קפאין100ג,נסטלה,KR,קפה טסטרס צויס,גרמים,100.00,100 גרם,false,0,25.30,25.30,true,1,
7290000073125,false,מ.חמה פסטה ברוטב עגבניות,אסם,IL,מנה חמה פסטה,גרמים,62.00,100 גרם,false,0,6.40,10.32,true,1,
7290000073415,false,מ.חמה פסטה ברוטב פיצה,אסם,IL,מנה חמה פסטה,גרמים,61.00,100 גרם,false,0,6.40,10.49,true,1,
7290000073699,false,סלט חומוס צבר 150 גרם,צבר,IL,סלט חומוס צבר,גרמים,150.00,100 גרם,false,0,4.90,3.27,true,1,
7290000073750,false,מ.חמה נודלס טעם עוף70גרם,טאי רזידנט,TH,מנה חמה נודלס,גרמים,70.00,100 גרם,false,0,6.60,9.43,true,1,
7290000073767,false,מ.חמה נודלס טעם בקר70ג,טאי רזידנט,TH,מנה חמה נודלס,גרמים,70.00,100 גרם,false,0,6.60,9.43,true,1,
7290000073774,false,מ.חמה נודלס פיקנטי 70גרם,טאי רזידנט,TH,מנה חמה נודלס,גרמים,70.00,100 גרם,false,0,6.60,9.43,true,1,
7290000074061,false,לחמית סילאן ושומשום200גר,אסם,IL,לחמית סילאן,גרמים,200.00,100 גרם,false,0,8.40,4.20,true,1,
7290000074153,false,פתי בר בטעם שוקולד500גרם,אסם,IL,פתי בר שוקו,גרמים,500.00,100 גרם,false,0,12.80,2.56,true,1,
7290000074184,false,ביסקוויט פתי בר 500 גרם,אסם,IL,ביסקוויט פתי בר,גרמים,500.00,100 גרם,false,0,10.20,2.04,true,1,
7290000074245,false,קרם קרקר 250 גרם,אסם,IL,קרם קרקר אסם,גרמים,250.00,100 גרם,false,0,9.40,3.76,true,1,
7290000074252,false,קרקר שומשום 250 גרם,אסם,IL,קרקר שומשום אסם,גרמים,250.00,100 גרם,false,0,9.50,3.80,true,1,
7290000074290,false,לחמית סובין 230 גרם,אסם,IL,לחמית אסם,גרמים,230.00,100 גרם,false,0,8.40,3.65,true,1,
7290000074337,false,לחמית ח.מלאה דל נתרן250ג,אסם,IL,לחמית דל נתרן,גרמים,250.00,100 גרם,false,0,9.90,3.96,true,1,
7290000074375,false,קרקר זהב 150 גרם,אסם,IL,קרקר זהב אסם,גרמים,150.00,100 גרם,false,0,6.90,4.60,true,1,
7290000074641,false,סלט כרוב אדום צבר 140 גר,צבר,IL,כרוב אדום צבר,גרמים,140.00,100 גרם,false,0,5.40,3.86,true,1,
7290000075143,false,עוג. שוקוצ'יפס קלאסי200ג,אסם,IL,עוגיות שוקוצ'יפס,גרמים,200.00,100 גרם,false,0,10.80,5.40,true,1,
7290000075693,false,עוגת שמרים בריוש שוקו360,אסם,IL,עוגת בריוש,גרמים,360.00,100 גרם,false,0,15.80,4.39,true,1,
7290000076157,false,נסקוויק אבקה להכ.שוקו450,אסם,IL,נסקוויק שוקו,גרמים,450.00,100 גרם,false,0,13.80,3.07,true,1,
7290000076775,false,מאגדת לייט יוגורט חמוציו,נסטלה,IL,מאגדת לייט יוגור,גרמים,258.00,100 גרם,false,0,23.80,9.22,true,1,
7290000077017,false,קרמוגית ממולא שוקו200.גר,אסם,IL,קרמוגית שוקולד,גרמים,200.00,100 גרם,false,0,10.80,5.40,true,1,
7290000078212,false,קרוטונים מתובלים 250גרם,עינת,IL,קרוטונים מתובל,גרמים,250.00,100 גרם,false,0,13.40,5.36,true,1,
7290000080529,false,קישוא+בצל מטוגן רפי400גר,צבר,IL,סלט קישואים,גרמים,400.00,100 גרם,false,0,14.90,3.73,true,1,
7290000081663,false,בייגלה טבעות שומשום300גר,אסם,IL,בייגלה טבעות,גרמים,300.00,100 גרם,false,0,10.10,3.37,true,1,
7290000090030,true,מאפה נפולאון מחיר לפי מש,גידרון,IL,מאפה נפוליאון,קילוגרמים,0.00,"ק""ג",true,0,33.00,33.00,true,1,
7290000090627,true,לחמניה מתוקה,גידרון,IL,לחמניה מתוקה,יחידה,1.00,יחידה,false,0,1.90,1.90,true,1,
7290000092201,true,כיס גבינה משקל,גידרון,IL,מאפה כיס גבינה,קילוגרמים,0.00,"ק""ג",true,0,33.00,33.00,true,1,
7290000092614,true,טורקי פטריות במשקל,גידרון,IL,טורקי פטריות,קילוגרמים,0.00,"ק""ג",true,0,33.00,33.00,true,1,
7290000093031,true,לחם ג'בטה,גידרון,IL,לחם ג'בטה,יחידה,1.00,יחידה,false,0,6.20,6.20,true,1,
7290000094199,true,לחם חצי ג'בטה,גידרון,IL,חצי ג'בטה לבן,יחידה,1.00,יחידה,false,0,3.50,3.50,true,1,
7290000094373,true,לחם חצי ג'בטה כפרי,גידרון,IL,לחם חצי ג'בטה,יחידה,1.00,יחידה,false,0,3.50,3.50,true,1,
7290000096032,true,חצי בגט,גידרון,IL,חצי בגט,יחידה,1.00,יחידה,false,0,2.90,2.90,true,1,
7290000096452,true,אוזני המן אגוזים במשקל,גידרון,IL,אוזני המן אגוזים,קילוגרמים,0.00,"ק""ג",true,0,37.00,37.00,true,1,
7290000096476,true,אוזני המן פרג במשקל,גידרון,IL,אוזני המן פרג,קילוגרמים,0.00,"ק""ג",true,0,37.00,37.00,true,1,
7290000096919,true,טורקי גבינה במשקל,גידרון,IL,טורקי גבינה,קילוגרמים,0.00,"ק""ג",true,0,33.00,33.00,true,1,
7290000097282,true,קרואסון שוקולד 1 יח,גידרון,IL,קרואסון שוקולד,יחידה,1.00,יחידה,false,0,5.30,5.30,true,1,
7290000097633,true,לחמניית קשר,גידרון,IL,לחמניית קשר,יחידה,1.00,יחידה,false,0,2.90,2.90,true,1,
7290000097657,true,לחמניית חלה,גידרון,IL,לחמניית חלה,יחידה,1.00,יחידה,false,0,3.50,3.50,true,1,
7290000098296,true,לחמניית אצבע,גידרון,IL,לחמניית אצבע,יחידה,1.00,יחידה,false,0,1.90,1.90,true,1,
7290000099118,true,"בורקס תפו""א גדול 1 יח'",גידרון,IL,"בורקס תפו""א גד",יחידה,1.00,יחידה,false,0,5.30,5.30,true,1,
7290000099248,true,בורקס גבינה במשקל,גידרון,IL,בורקס גבינה,קילוגרמים,0.00,"ק""ג",true,0,33.00,33.00,true,1,
7290000099255,true,בורקס תפוח אדמה מחיר לקג,גידרון,IL,"בורקס תפו""א",קילוגרמים,0.00,"ק""ג",true,0,33.00,33.00,true,1,
7290000099262,true,בורקס גדול טעם גבינה 1יח,גידרון,IL,בורקס גבינה גד,יחידה,1.00,יחידה,false,0,5.30,5.30,true,1,
7290000099385,true,גביניות במשקל,גידרון,IL,גביניות,קילוגרמים,0.00,"ק""ג",true,0,33.00,33.00,true,1,
7290000099392,true,מאפה פרג במשקל,גידרון,IL,מאפה פרג,קילוגרמים,0.00,"ק""ג",true,0,33.00,33.00,true,1,
7290000099415,true,רוגלך במשקל,גידרון,IL,רוגלך,קילוגרמים,0.00,"ק""ג",true,0,33.00,33.00,true,1,
7290000099460,true,קרואסון ט.חמאה פרווה,גידרון,IL,קרואסון טעם חמאה,יחידה,1.00,יחידה,false,0,5.30,5.30,true,1,
7290000099477,true,קרואסון ביס שוקולד במשקל,גידרון,IL,קרואסון שוקולד,קילוגרמים,0.00,"ק""ג",true,0,33.00,33.00,true,1,
7290000099835,true,קוקיס שוקולד חלב במשקל,גידרון,IL,קוקיס שוקולד,קילוגרמים,0.00,"ק""ג",true,0,46.00,46.00,true,1,
7290000099927,true,בורקיטס במשקל,גידרון,IL,בורקיטס,קילוגרמים,0.00,"ק""ג",true,0,33.00,33.00,true,1,
7290000103457,false,מיני כרובית 600 גרם,סנפרוסט,IL,מיני כרובית,גרמים,600.00,100 גרם,false,1,17.00,2.83,true,1,
7290000103747,false,לקט להקפצה פסטה פנה 800,סנפרוסט,IL,לקט להקפצה,גרמים,800.00,100 גרם,false,0,22.50,2.81,true,1,
7290000103808,false,לקט להקפצה סיני 800גרם,סנפרוסט,IL,לקט להקפצה,גרמים,800.00,100 גרם,false,0,22.50,2.81,true,1,
7290000104218,false,במיה מוקפאת 600 גרם,סנפרוסט,IL,במיה מוקפאת,גרמים,600.00,100 גרם,false,0,15.30,2.55,true,1,
7290000104751,false,כרוב ניצנים מוקפא 800 גר,סנפרוסט,IL,כרוב ניצנים קפוא,גרמים,800.00,100 גרם,false,0,23.70,2.96,true,1,
7290000104799,false,שעועית לבנה מבושלת 800גר,סנפרוסט,IL,שעועית לבנה,גרמים,800.00,100 גרם,false,0,18.50,2.31,true,1,
7290000104829,false,"קלחוני תירס 1 ק""ג",סנפרוסט,IL,קלחוני תירס קפוא,קילוגרמים,1.00,"ק""ג",false,0,19.00,19.00,true,1,
7290000104881,false,אפונה וגזר 800 גרם,סנפרוסט,IL,אפונה וגזר 800 גרם,גרמים,800.00,100 גרם,false,0,15.30,1.91,true,1,
7290000106175,false,"לקט כפרי 2 ק""ג",סנפרוסט,IL,"לקט כפרי 2 ק""ג",קילוגרמים,2.00,"ק""ג",false,0,36.60,18.30,true,1,
7290000107295,false,תפרחות ברוקולי 800 גרם,סנפרוסט,IL,ברוקולי מוקפא,גרמים,800.00,100 גרם,false,0,24.70,3.09,true,1,
7290000107677,false,שעועית צהובה עדינה 600גר,סנפרוסט,IL,שעועית צהובה,גרמים,600.00,100 גרם,false,0,21.50,3.58,true,1,
7290000110035,false,מרגר.בלובנד לבישול 200גר,יוניליוור,IL,מרגרינה בלובנד,גרמים,200.00,100 גרם,false,0,3.90,1.95,true,1,
7290000110059,false,מרגרינה בלי מלח 200 גרם,יוניליוור,IL,מרגרינה בלו-בנד,גרמים,200.00,100 גרם,false,0,3.90,1.95,true,1,
7290000110073,false,מרגרינה בטעם חמאה 200גר,יוניליוור,IL,מחמאה מרגרינה,גרמים,200.00,100 גרם,false,0,4.20,2.10,true,1,
7290000110844,false,כיפלי גריל 70 גרם,יוניליוור,IL,כיפלי בטעם גריל,גרמים,60.00,100 גרם,false,0,5.50,9.17,true,1,
7290000111117,false,מרכך כביסה בדין לבן 4 לי,יוניליוור,IL,מרכך כביסה בדין,ליטרים,4.00,ליטר,false,0,17.00,4.25,true,1,
7290000111186,false,מיונז אמיתי תלמה 500 גרם,יוניליוור,IL,מיונז אמיתי תלמה,גרמים,500.00,100 גרם,false,0,8.90,1.78,true,1,
7290000111360,false,חרדל אמיתי תלמה 250 גרם,יוניליוור,IL,חרדל אמיתי תלמה,גרמים,250.00,100 גרם,false,0,5.90,2.36,true,1,
7290000112220,false,טחינה גולמית 100% 500 גר,רושדי תעשיות מזון,IL,טחינה גולמית,גרמים,500.00,100 גרם,false,0,11.00,2.20,true,1,
7290000112497,false,מ.עשיר עוף איטר.קנור68גר,יוניליוור,IL,מרק עוף איטריות,גרמים,68.00,100 גרם,false,0,7.60,11.18,true,1,
7290000112619,false,מרק עוף קנור 400 גרם,יוניליוור,IL,מרק עוף אמיתי,גרמים,400.00,100 גרם,false,0,14.40,3.60,true,1,
7290000113180,false,"כיפלי צ'יפס בד""צ 50 גרם",יוניליוור,IL,כיפלי צ'יפסים,גרמים,50.00,100 גרם,false,0,4.90,9.80,true,1,
7290000113654,false,נמס בכוס לייט ירקות17*2ג,יוניליוור,IL,נמס בכוס לייט,גרמים,34.00,100 גרם,false,0,6.60,19.41,true,1,
7290000117386,false,מארז 8 חטיפי דגנים שוגי,יוניליוור,IL,חטיפי דגנים 8 יח,גרמים,208.00,100 גרם,false,0,12.80,6.15,true,1,
7290000117393,false,חט.דגנים שוקו שוגי 26*8ג,יוניליוור,IL,חטיפי דגנים 8 יח,גרמים,208.00,100 גרם,false,0,12.80,6.15,true,1,
7290000120393,false,סיף ג'ל אקונומ.לימון750מ,יוניליוור,IL,סיף אקונומיקה,מיליליטרים,750.00,"100 מ""ל",false,0,12.40,1.65,true,1,
7290000120836,false,מיונז הלמנס 394 גרם,יוניליוור,US,מיונז הלמנס,גרמים,394.00,100 גרם,false,0,8.50,2.16,true,1,
7290000121017,false,גבינת שומרון מותכת7% 120,נטו,IL,גבינת שומרון 7%,גרמים,120.00,100 גרם,false,0,8.50,7.08,true,1,
7290000121031,false,גב.מותכת למריחה 14% 120ג,נטו,IL,גבינה מותכת,גרמים,120.00,100 גרם,false,0,8.50,7.08,true,1,
7290000121109,false,גבינה מון בלאן+זיתים120ג,נטו,IL,גבינת מון בלאן,גרמים,120.00,100 גרם,false,0,8.50,7.08,true,1,
7290000122687,false,סירופ שוקולד אפיכל 600גר,יוניליוור,IL,סירופ שוקולד,גרמים,600.00,100 גרם,false,0,12.30,2.05,true,1,
7290000133645,false,מ.ש.אורביטול סודה145*3ג,קוסמופארם,,משחת שיניים 3 יח,גרמים,435.00,100 גרם,false,0,12.80,2.94,true,1,
7290000134758,false,"תיבול לתפו""א 100 גרם",תבליני טעם וריח,IL,"תיבול לתפו""א",גרמים,100.00,100 גרם,false,0,10.00,10.00,true,1,
7290000134833,false,כמון טחון 100 גרם,תבליני טעם וריח,IL,כמון טחון,גרמים,100.00,100 גרם,false,0,10.90,10.90,true,1,
7290000134840,false,כורכום טחון 100 גרם,תבליני טעם וריח,IL,כורכום טחון,גרמים,100.00,100 גרם,false,0,10.60,10.60,true,1,
7290000136004,false,ג'אמפ לימונדה 1.5 ליטר,טמפו,IL,ג'אמפ לימונדה,ליטרים,1.50,ליטר,false,1,5.80,3.87,true,1,
7290000136721,false,ג'אמפ תפוזים 1.5 ליטר,טמפו,IL,ג'אמפ תפוזים,ליטרים,1.50,ליטר,false,0,5.80,3.87,true,1,
7290000136745,false,ג'אמפ תות בננה 1.5 ליטר,טמפו,IL,ג'אמפ תות בננה,ליטרים,1.50,ליטר,false,0,5.80,3.87,true,1,
7290000137513,false,גלידונית וניל 60יח 630גר,שטראוס,IL,גלידונית וניל 60יח 630גר,גרמים,630.00,100 גרם,false,0,47.00,7.46,true,1,
7290000139104,false,שלווה בשקית 230 גרם,שופרסל,IL,שלווה בשקית,גרמים,230.00,100 גרם,false,0,7.80,3.39,true,1,
7290000139227,false,דגן תפוח ממותק,,IL,דגן תפוח ממותק,גרמים,150.00,100 גרם,false,0,7.80,5.20,true,1,
7290000143200,false,מרכך הוואי לשיער יבש700מ,טרופיקל דגיל,IL,מרכך שיער הוואי,מיליליטרים,700.00,"100 מ""ל",false,0,7.60,1.09,true,1,
7290000143217,false,שמפו הוואי שיער יבש 700מ,טרופיקל דגיל,IL,שמפו הוואי,מיליליטרים,700.00,"100 מ""ל",false,0,7.60,1.09,true,1,
7290000143255,false,שמפו הוואי לשיער רגיל700,טרופיקל דגיל,IL,שמפו הוואי,מיליליטרים,700.00,"100 מ""ל",false,0,7.60,1.09,true,1,
7290000143279,false,"הוואי שמפו אדום 700 מ""ל",טרופיקל דגיל,IL,שמפו הוואי,מיליליטרים,700.00,"100 מ""ל",false,0,7.60,1.09,true,1,
7290000143286,false,"הוואי מרכך ירוק 700 מ""ל",טרופיקל דגיל,IL,מרכך הוואי,מיליליטרים,700.00,"100 מ""ל",false,0,7.60,1.09,true,1,
7290000146997,false,משחת טום וג'רי מסטיק 50מ,טרופיקל דגיל,IL,משחת טום וג'רי,מיליליטרים,50.00,"100 מ""ל",false,0,4.20,8.40,true,1,
7290000151281,false,חזה עוף ברביקיו 300 גרם,עוף טוב,IL,חזה עוף ברביקיו,גרמים,300.00,100 גרם,false,0,23.80,7.93,true,1,
7290000151328,false,חזה הודו מעושן 300 גרם,עוף טוב,IL,חזה הודו מעושן,גרמים,300.00,100 גרם,false,0,23.80,7.93,true,1,
7290000152288,false,נקניקיות עוף 400 גרם,עוף טוב,IL,נקניקיות עוף,גרמים,400.00,100 גרם,false,0,13.70,3.43,true,1,
7290000155661,false,נקניקיות עוף 4יח400X'גרם,עוף טוב,IL,נקניקיות 4 יח,קילוגרמים,1.60,"ק""ג",false,0,33.30,20.81,true,1,
7290000156545,false,פסטרמה מקסיקנית 300גרם,עוף טוב,IL,פסטרמה מקסיקנית,גרמים,300.00,100 גרם,false,0,23.80,7.93,true,1,
7290000158105,false,שניצל דינוזאור 700גרם,עוף טוב,IL,שניצל דינוזאור,גרמים,700.00,100 גרם,false,0,31.60,4.51,true,1,
7290000158211,false,שניצל דק ענק 700גרם,עוף טוב,,שניצל דק ענק,גרמים,700.00,100 גרם,false,0,33.20,4.74,true,1,
7290000158235,false,שניצל ע.דק בציפוי 700גרם,עוף טוב,IL,שניצל דק בציפוי,גרמים,700.00,100 גרם,false,0,33.20,4.74,true,1,
7290000159034,false,שניצל אמיתי קריספי 700גר,עוף טוב,IL,שניצל קריספי בית,גרמים,0.00,100 גרם,false,0,39.30,39.30,true,1,
7290000163024,false,רוטב חרדל דבש לייט305גרם,יוניליוור,IL,רוטב חרדל דבש,גרמים,305.00,100 גרם,false,0,8.50,2.79,true,1,
7290000166711,false,שוגי 20% פחות סוכר 500גר,יוניליוור,IL,שוגי מופחת סוכר,גרמים,500.00,100 גרם,false,0,20.00,4.00,true,1,
7290000168173,false,ברנפלקס קרנצ'ים 375 גרם,יוניליוור,IL,ברנפלקס קרנצ'ים,גרמים,375.00,100 גרם,false,0,22.20,5.92,true,1,
7290000168289,false,שמפו פינוק שמן מרוקאי700,יוניליוור,IL,שמפו פינוק,מיליליטרים,700.00,"100 מ""ל",false,0,12.70,1.81,true,1,
7290000168296,false,מרכך פינוק שמן מרוקאי700,יוניליוור,IL,מרכך פינוק,מיליליטרים,700.00,"100 מ""ל",false,0,12.70,1.81,true,1,
7290000168302,false,תחליב פינוק שמן מרוקא700,יוניליוור,IL,תחליב רחצה פינוק,מיליליטרים,700.00,"100 מ""ל",false,0,12.30,1.76,true,1,
7290000168418,false,רוטב סויה סיני 25% פחות,יוניליוור,IL,רוטב סויה סיני,מיליליטרים,300.00,"100 מ""ל",false,0,8.50,2.83,true,1,
7290000170053,false,שוקולד פרה חלב 100 גרם,שטראוס,IL,שוקולד פרה חלב,גרמים,100.00,100 גרם,false,0,5.00,5.00,true,1,
7290000170077,false,שוק.מריר 100 גרם,שטראוס,IL,שוקולד מריר,גרמים,100.00,100 גרם,false,0,5.00,5.00,true,1,
7290000170275,false,שוקולד ממולא קרם נוגט100,שטראוס,IL,שוקולד ממולא,גרמים,100.00,100 גרם,false,0,5.50,5.50,true,1,
7290000171470,false,כיף כף 45 גרם,שטראוס,IL,כיף כף,גרמים,45.00,100 גרם,false,0,3.80,8.44,true,1,
7290000174044,false,"בפלות בטעם שוקולד 1 ק""ג",שטראוס,IL,בפלות טעם שוקולד,קילוגרמים,1.00,"ק""ג",false,0,17.00,17.00,true,1,
7290000174099,false,בפלות בטעם שוקולד 500 גר,שטראוס,IL,בפלות שוקולד,גרמים,500.00,100 גרם,false,0,11.80,2.36,true,1,
7290000174723,false,שוקולית בפחית עלית 500גר,עלית,IL,שוקולית,גרמים,500.00,100 גרם,false,0,11.80,2.36,true,1,
7290000176062,false,קפה טורקי בצלופן 100 גרם,עלית,IL,קפה טורקי בצלופן,גרמים,100.00,100 גרם,false,0,8.10,8.10,true,1,
7290000176079,false,קפה טורקי עם הל 100 גרם,עלית,IL,קפה טורקי עם הל,גרמים,100.00,100 גרם,false,0,8.40,8.40,true,1,
7290000176413,false,קפה נמס 50 גרם,עלית,IL,קפה נמס,גרמים,50.00,100 גרם,false,0,9.30,18.60,true,1,
7290000176475,false,האג נטול קופאין 200 גרם,עלית,IL,קפה נמס האג,גרמים,200.00,100 גרם,false,0,31.60,15.80,true,1,
7290000176857,false,שוקולד לבן 100 גרם,שטראוס,IL,שוקולד לבן,גרמים,100.00,100 גרם,false,0,5.00,5.00,true,1,
7290000178660,false,בפלות מצופים שוקולד 500ג,שטראוס,IL,בפלות מצופים,גרמים,500.00,100 גרם,false,0,16.40,3.28,true,1,
7290000178707,false,תפוציפס בטעם טבעי 50 גרם,עלית,IL,חטיף תפוצ'יפס,גרמים,50.00,100 גרם,false,0,3.40,6.80,true,1,
7290000180212,false,שוקולד מריר אגוז 100 גרם,שטראוס,IL,שוקולד מריר,גרמים,100.00,100 גרם,false,0,5.50,5.50,true,1,
7290000186504,false,נייר טואלט מולט,,IL,נייר טואלט מולט,מטרים,537.00,100 מטר,false,0,29.60,5.51,true,1,
7290000187860,false,40מגבוני נייר טואלט לילי,חוגלה קימברלי,IL,מגבוני נ.טואלט,יחידה,1.00,יחידה,false,0,6.90,6.90,true,1,
7290000187921,false,נ.טואלט לילי קלאסיק 32גל,חוגלה קימברלי,IL,נייר טואלט לילי,מטרים,588.00,100 מטר,false,0,32.30,5.49,true,1,
7290000187952,false,נ.ט.לילי טריו פרימיום32ג,חוגלה קימברלי,IL,נייר טואלט,מטרים,537.00,100 מטר,false,0,42.60,7.93,true,1,
7290000188249,false,מגבת ויוה חוזק מוגבר,חוגלה קימברלי,IL,מגבת ויוה,מטרים,16.00,מטר,false,0,15.30,0.96,true,1,
7290000188270,false,קלינקס אולטרה סופט זוג,חוגלה קימברלי,IL,קלינקס אולטרה,יחידה,1.00,יחידה,false,0,12.70,12.70,true,1,
7290000188560,false,52מגני תחתון קוטקס סילקL,חוגלה קימברלי,CN,מגן תחתון קוטקס,יחידה,1.00,יחידה,false,0,19.50,19.50,true,1,
7290000188782,false,מגבונ.טיטולים בישום עדין,חוגלה קימברלי,IL,מגבוני טיטולים4*,יחידה,1.00,יחידה,false,1,15.30,15.30,true,1,
7290000188973,false,23 תח.קוטקס דיזיין +N,חוגלה קימברלי,IL,תחבושות קוטקס,יחידה,1.00,יחידה,false,0,19.40,19.40,true,1,
7290000189659,false,10מטליות רצפה לחות ניקול,חוגלה קימברלי,IL,מטליות רצפה לחות,יחידה,1.00,יחידה,false,0,10.60,10.60,true,1,
7290000189758,false,מגן תחתון,,IL,מגן תחתון,יחידה,1.00,יחידה,false,0,19.40,19.40,true,1,
7290000189871,false,אשפתון מתכלה ניקול60יח,חוגלה קימברלי,IL,שק. אשפה מתכלות,יחידה,1.00,יחידה,false,0,22.20,22.20,true,1,
7290000191119,false,24 דיפנד מגן תחתון לגבר,חוגלה קימברלי,IL,דיפנד מגן תחתון,יחידה,1.00,יחידה,false,0,25.30,25.30,true,1,
7290000191171,false,קלינקס קולקשן ניילון90*2,חוגלה קימברלי,IL,קלינקס קולקשן2יח,יחידה,1.00,יחידה,false,1,6.70,6.70,true,1,
7290000191225,false,46האגיס ליטל בייביס שלב2,חוגלה קימברלי,IL,האגיס ליטל בייבי,יחידה,1.00,יחידה,false,1,25.60,25.60,true,1,
7290000191539,false,לילי צבעוני 100*5 יחידות,חוגלה קימברלי,IL,מגבוני לילי 100,יחידה,1.00,יחידה,false,0,11.80,11.80,true,1,
7290000191546,false,לילי צבעוני 100*3 יחידות,חוגלה קימברלי,IL,לילי צבעוני100*3,יחידה,1.00,יחידה,false,0,8.10,8.10,true,1,
7290000191652,false,קלינקס מעוצב 90*3 יחידות,חוגלה קימברלי,,קלינקס מעוצב 3יח,יחידה,1.00,יחידה,false,0,8.40,8.40,true,1,
7290000193083,false,תחבושות נובה לי 28 יח',חוגלה קימברלי,IL,תחבושות נובה לי,יחידה,1.00,יחידה,false,0,10.20,10.20,true,1,
7290000193472,false,60פדיות לילי נטורל נורמל,חוגלה קימברלי,IL,פדיות לילי,יחידה,1.00,יחידה,false,0,15.80,15.80,true,1,
7290000195179,false,10מכנסונ.שקמה סופר נייטM,חוגלה קימברלי,IL,מכנסוני שקמה,יחידה,1.00,יחידה,false,1,46.00,46.00,true,1,
7290000195537,false,מגב.האגיס ללא בישום 72*4,חוגלה קימברלי,IL,מגבוני האגיס 4יח,יחידה,1.00,יחידה,false,0,16.10,16.10,true,1,
7290000195544,false,מגב.האגיס בישום עדין72*4,חוגלה קימברלי,IL,מגבוני האגיס 4יח,יחידה,1.00,יחידה,false,0,16.10,16.10,true,1,
7290000195773,false,מגבוני האגיס אלוורה 72*4,חוגלה קימברלי,IL,מגבוני האגיס 4יח,יחידה,1.00,יחידה,false,0,16.10,16.10,true,1,
7290000197432,false,סנדויצ'ון 150*2 יח,חוגלה קימברלי,IL,סנדוויצ'ון זוג,יחידה,1.00,יחידה,false,0,12.30,12.30,true,1,
7290000197456,false,44האגיס פרידום דריי שלב4,חוגלה קימברלי,IL,חיתולי האגיס,יחידה,1.00,יחידה,false,0,37.50,37.50,true,1,
7290000197463,false,42האגיס פרידום דרי שלב+4,חוגלה קימברלי,IL,חיתולי האגיס,יחידה,1.00,יחידה,false,0,37.50,37.50,true,1,
7290000197548,false,38האגיס פרידום דריי שלב5,חוגלה קימברלי,IL,חיתולי האגיס,יחידה,1.00,יחידה,false,0,37.50,37.50,true,1,
7290000197678,false,34האגיס פרידום דריי שלב6,חוגלה קימברלי,IL,חיתולי האגיס,יחידה,1.00,יחידה,false,0,37.50,37.50,true,1,
7290000197753,false,ניילון נצמד ניקול 30*2מ,חוגלה קימברלי,IL,ניילון נצמד זוג,מטרים,60.00,מטר,false,0,11.10,0.19,true,1,
7290000199313,false,קוטקס יאנג 28 יחידות,חוגלה קימברלי,IL,קוטקס תחבושות,יחידה,1.00,יחידה,false,0,19.50,19.50,true,1,
7290000201863,false,36 טיטולים פרימיום שלב 5,חוגלה קימברלי,IL,טיטולים פרימיום,יחידה,1.00,יחידה,false,1,27.20,27.20,true,1,
7290000201870,false,34 טיטולים פרימיום שלב 6,חוגלה קימברלי,IL,טיטולים פרימיום,יחידה,1.00,יחידה,false,1,27.20,27.20,true,1,
7290000203188,false,נייר טואלט לילי,,IL,נייר טואלט לילי,מטרים,588.00,100 מטר,false,0,34.10,5.80,true,1,
7290000204253,false,9 מטליות רב שימושי.ניקול,חוגלה קימברלי,IL,מטליות ניקול,יחידה,1.00,יחידה,false,0,10.00,10.00,true,1,
7290000208213,false,שעוע.אפויה+רוטב עגב580גר,זנלכל,IL,שעועית ברוטב,גרמים,580.00,100 גרם,false,0,6.10,1.05,true,1,
7290000208336,false,רוטב עגבניות 22% 260 גרם,זנלכל,IL,רוטב עגבניות,גרמים,260.00,100 גרם,false,0,3.90,1.50,true,1,
7290000208947,false,עגבניות מרוסקות 260 גרם,זנלכל,IL,עגבניות מרוסקות,גרמים,260.00,100 גרם,false,0,4.70,1.81,true,1,
7290000209944,false,בסיס לשקשוקה 260גרם,זנלכל,IL,בסיס לשקשוקה,גרמים,260.00,100 גרם,false,0,4.70,1.81,true,1,
7290000211169,false,"אורז תאילנדי 1 ק""ג",סוגת,IL,"אורז תאילנדי 1 ק""ג",קילוגרמים,1.00,"ק""ג",false,0,4.20,4.20,true,1,
7290000211442,false,"אורז פרסי קלאסי 1ק""ג",סוגת,IL,אורז פרסי קלאסי,קילוגרמים,1.00,"ק""ג",false,0,8.00,8.00,true,1,
7290000211985,false,"אורז עגול 1 ק""ג",סוגת,IL,אורז עגול סוגת,קילוגרמים,1.00,"ק""ג",false,0,8.20,8.20,true,1,
7290000240558,false,עלים בלינצ'ס/קרפ סוזט700,"מעדנות בע""מ",IL,עלי בלינצ'ס,גרמים,700.00,100 גרם,false,0,25.70,3.67,true,1,
7290000245294,false,א.כביסה פרסיל סופרה 2.5ק,הנקל סוד,IL,אבקת כביסה פרסיל,קילוגרמים,2.50,"ק""ג",false,0,14.90,5.96,true,1,
7290000245508,false,אבקת סוד שושן מרענן1.25,הנקל סוד,IL,אבקת כביסה סוד,קילוגרמים,1.25,"ק""ג",false,0,8.40,6.72,true,1,
7290000245782,false,מרכך כביסה סוד ורוד 4 ל',הנקל סוד,IL,מרכך כביסה סוד,ליטרים,4.00,ליטר,false,0,14.40,3.60,true,1,
7290000260839,false,ספרינג משקה תפוזים 1.5ל',יפאורה שותפות מובגלת לשיווק,IL,ספרינג תפוזים,ליטרים,1.50,ליטר,false,0,5.90,3.93,true,1,
7290000260853,false,ספרינג משקה מנגו 1.5 ל',יפאורה שותפות מובגלת לשיווק,IL,ספרינג מנגו,ליטרים,1.50,ליטר,false,0,5.90,3.93,true,1,
7290000260860,false,ספרינג משקה אפרסק 1.5 ל',יפאורה שותפות מובגלת לשיווק,IL,ספרינג אפרסק,ליטרים,1.50,ליטר,false,0,5.90,3.93,true,1,
7290000262239,false,נייר טואלט מולט 48גלילים,חוגלה קימברלי,,נייר טואלט מולט,מטרים,843.00,100 מטר,false,0,37.50,4.45,true,1,
7290000262499,false,מגבוני נייר לח קידס48*3י,חוגלה קימברלי,IL,מגבוני נ.טואלט,יחידה,1.00,יחידה,false,0,16.10,16.10,true,1,
7290000264752,false,זוג רדיד.אלומ.מעוצב7*0.3,חוגלה קימברלי,IL,רדיד אלומיניום2*,מטרים,15.00,מטר,false,1,10.60,0.71,true,1,
7290000267012,false,שקד מולבן שלם100ג'שקדיה,שקדיה,IL,שקד מולבן שלם,גרמים,100.00,100 גרם,false,0,10.90,10.90,true,1,
7290000267616,false,צנובר 100גרם,שקדיה,IL,צנובר 100 גרם,גרמים,100.00,100 גרם,false,0,24.40,24.40,true,1,
7290000272467,false,סירופ פטל דיאט 1 ליטר,בית השיטה,IL,סירופ פטל דיאט,ליטרים,1.00,ליטר,false,0,10.10,10.10,true,1,
7290000272726,false,חומץ 5% 1 ליטר,בית השיטה,IL,חומץ 5%,ליטרים,1.00,ליטר,false,0,6.20,6.20,true,1,
7290000275901,false,חומוסטחינה צנובר צבר400ג,צבר,IL,חומוסטחינה צנובר,גרמים,400.00,100 גרם,false,1,12.70,3.18,true,1,
7290000284316,false,קוקה קולה בקבוק 1.5 ליטר,החברה המרכזית לייצור משקאות,IL,קוקה קולה,ליטרים,1.50,ליטר,false,0,5.80,3.87,true,1,
7290000284361,false,קולה דיאט בקבוק 1.5 ל',החברה המרכזית לייצור משקאות,IL,קוקה קולה דיאט,ליטרים,1.50,ליטר,false,0,5.80,3.87,true,1,
7290000286549,false,מטליות רב שימוש 9 יח',סנו,IL,מטליות לכל 9 יח,יחידה,1.00,יחידה,false,0,8.50,8.50,true,1,
7290000286594,false,סנוX- לימון 600 גרם,סנו,IL,סנוX- קרם לניק,גרמים,600.00,100 גרם,false,0,9.90,1.65,true,1,
7290000286761,false,ניילון נצמד 30*2 מטר,סנו,IL,צמד ניילון נצמד,מטרים,60.00,מטר,false,0,8.50,0.14,true,1,
7290000287621,false,סנו אנטי קאלק לאסלות750מ,סנו,IL,סנו מנקה אסלות,מיליליטרים,750.00,"100 מ""ל",false,0,13.40,1.79,true,1,
7290000288017,false,סנו ג'אוול לימון 1 ליטר,סנו,IL,סנו JAVEL,ליטרים,1.00,ליטר,false,0,8.10,8.10,true,1,
7290000288024,false,סנו ג'אוול לימון 4 ליטר,סנו,IL,סנו JAVEL אקונומ,ליטרים,4.00,ליטר,false,0,14.90,3.73,true,1,
7290000288079,false,סנו ג'אוול לימון 2 ליטר,סנו,IL,סנו JAVEL מלבין,ליטרים,2.00,ליטר,false,0,11.60,5.80,true,1,
7290000288086,false,סנו ג'אוול אבק,,IL,סנו ג'אוול אבק,גרמים,600.00,100 גרם,false,0,10.00,1.67,true,1,
7290000288109,false,אבקת מקסימה ג'אבל 1.25קג,סנו,IL,א.כביסה מקסימה,קילוגרמים,1.25,"ק""ג",false,0,11.00,8.80,true,1,
7290000288352,false,300-K קוטל חרק/.זוחל630מ,סנו,IL,300-K קוטל חרק,מיליליטרים,630.00,"100 מ""ל",false,0,19.60,3.11,true,1,
7290000288413,false,"סנו די כדורי 50 מ""ל",סנו,IL,סנו די כדורי,מיליליטרים,50.00,"100 מ""ל",false,0,17.60,35.20,true,1,
7290000288642,false,מרכך מקסימה סנסטיב 4 ל',סנו,IL,מרכך כביסה,ליטרים,4.00,ליטר,false,0,17.00,4.25,true,1,
7290000289069,false,סנו ג'אוול מרסס לימון 1ל,סנו,IL,סנו ג'אוול מרסס,ליטרים,1.00,ליטר,false,0,16.10,16.10,true,1,
7290000289472,false,סושי 50 שקיות אשפה HD,סנו,IL,50 שקיות אשפה,יחידה,1.00,יחידה,false,0,18.70,18.70,true,1,
7290000289601,false,סנו ג'אוול לבנדר 2 ליטר,סנו,IL,סנו ג'אוול,ליטרים,2.00,ליטר,false,0,11.60,5.80,true,1,
7290000289748,false,"סנו פורטה שומנים 750 מ""ל",סנו,IL,סנו פורטה,מיליליטרים,750.00,"100 מ""ל",false,0,13.00,1.73,true,1,
7290000292311,false,פוליויקס סחלבים 2 ליטר,סנו,IL,סנו פוליויקס,ליטרים,2.00,ליטר,false,0,17.00,8.50,true,1,
7290000292564,false,"2000-K אינסקטל 750 מ""ל",סנו,IL,סנו 2000-K תרסיס,מיליליטרים,750.00,"100 מ""ל",false,0,28.10,3.75,true,1,
7290000293073,false,מרכך כביסה מקסימה ביו4ל',סנו,IL,מרכך כביסה,ליטרים,4.00,ליטר,false,0,17.00,4.25,true,1,
7290000293943,false,סנו אנטי קאלק מרסס 1 ל',סנו,IL,סנו אנטי קאלק,ליטרים,1.00,ליטר,false,0,13.50,13.50,true,1,
7290000294780,false,סנו ג'אול אקונומ.סמיכה4ל,סנו,IL,סנו ג'אוול 4 ל,ליטרים,4.00,ליטר,false,0,14.90,3.73,true,1,
7290000295336,false,אבקת מקסימה סנסטיב 1.25ק,סנו,IL,אבקת כביסה,קילוגרמים,1.25,"ק""ג",false,0,11.00,8.80,true,1,
7290000295558,false,2רדידי אלומיניום0.3*7.5מ,סנו,IL,צמד רדידי אלומינ,מטרים,15.00,מטר,false,0,8.50,0.57,true,1,
7290000295572,false,"מנקה אסלות ""00"" 750*2מל",סנו,IL,צמד מנקה אסלות,ליטרים,1.50,ליטר,false,0,12.70,8.47,true,1,
7290000300115,false,שניצל מן הצומח 1 קג,טבעול,IL,שניצל מן הצומח,גרמים,1000.00,100 גרם,false,0,32.30,3.23,true,1,
7290000300337,false,נקנקיה וינר מן הצומח 750,טבעול,IL,נקניקיה מן הצומח,גרמים,750.00,100 גרם,false,0,25.50,3.40,true,1,
7290000300924,false,שניצל תרד 750 גרם,טבעול,IL,שניצל תרד,גרמים,750.00,100 גרם,false,0,26.70,3.56,true,1,
7290000303604,false,חומוס שלם 550 גרם,פרי גליל,IL,חומוס שלם,גרמים,550.00,100 גרם,false,0,6.10,1.11,true,1,
7290000307046,false,אפונת גינה וגזר 550 גרם,פרי גליל,IL,אפונת גינה וגזר,גרמים,550.00,100 גרם,false,0,6.40,1.16,true,1,
7290000307237,false,גרעיני תירס מתוק 550 גרם,פרי גליל,IL,גרעיני תירס,גרמים,550.00,100 גרם,false,0,6.10,1.11,true,1,
7290000309699,false,מטאטא זנב סוס עם מקל,המברשת רוחמה,IL,מטאטא עם מקל,יחידה,1.00,יחידה,false,0,42.80,42.80,true,1,
7290000311210,false,ופלים מן בטעם לימון 200ג,רוקחמן,IL,וופלים לימון,גרמים,200.00,100 גרם,false,0,4.10,2.05,true,1,
7290000318806,false,סלמי סרוולד אמיתי במשקל,מעדני יחיעם,IL,סלמי סרוולד,קילוגרמים,0.00,"ק""ג",true,0,125.00,125.00,true,1,
7290000318929,false,סלמי צרפתי מובחר במשקל,מעדני יחיעם,IL,סלמי צרפתי מובחר,קילוגרמים,0.00,"ק""ג",true,0,125.00,125.00,true,1,
7290000319803,false,קבנוס קלאסי 125גרם,מעדני יחיעם,IL,קבנוס קלאסי,גרמים,125.00,100 גרם,false,5,13.50,10.80,true,1,
7290000319834,false,קבנוס פפרוני קלאסי 125גר,מעדני יחיעם,IL,קבנוס פפרוני,גרמים,125.00,100 גרם,false,5,13.50,10.80,true,1,
7290000327372,false,ג'אמפ אשכוליות דיאט1.5ל',טמפו,IL,ג'אמפ דיאט,ליטרים,1.50,ליטר,false,0,5.80,3.87,true,1,
7290000327440,false,ג'אמפ מנגו פסיפלורה 1.5ל,טמפו,IL,ג'אמפ מנגו,ליטרים,1.50,ליטר,false,0,5.80,3.87,true,1,
7290000327693,false,סודה פירות יער,,IL,סודה פירות יער,ליטרים,1.50,ליטר,false,0,4.00,2.67,true,1,
7290000334165,false,תפוגן מובחר 700 גרם,תפוגן,IL,תפוגן מובחר,גרמים,700.00,100 גרם,false,0,15.10,2.16,true,1,
7290000334325,false,מארז ציפס למיקרו שלישיות,תפוגן,IL,ציפס למיקרו,גרמים,375.00,100 גרם,false,0,14.10,3.76,true,1,
7290000334684,false,טבעות בצל לתנור 700 גרם,תפוגן,IL,טבעות בצל לתנור,גרמים,700.00,100 גרם,false,0,16.80,2.40,true,1,
7290000334745,false,"אמריקן צ'יפס 1.5 ק""ג",תפוגן,IL,אמריקן צ'יפס,קילוגרמים,1.50,"ק""ג",false,0,24.60,16.40,true,1,
7290000334981,false,"אמריקן צ'יפס 1,2,3 750גר",תפוגן,IL,אמריקן צ'יפס,גרמים,750.00,100 גרם,false,0,22.60,3.01,true,1,
7290000336053,false,סיידר תרכיז טבעי בק330.מ,טמפו,IL,סיידר תרכיז טב,מיליליטרים,330.00,"100 מ""ל",false,0,9.40,2.85,true,1,
7290000339191,false,רן אבקת הלבנה 350 גרם,זוהר דליה,IL,רן אבקת הלבנה,גרמים,350.00,100 גרם,false,0,17.90,5.11,true,1,
7290000342856,false,מרכך כביסה בדין כחול 4 ל,יוניליוור,IL,מרכך כביסה בדין,ליטרים,4.00,ליטר,false,0,17.00,4.25,true,1,
7290000345116,false,תה ירוק עלים 125 גרם,ויסוצקי,IL,תה ירוק עלים,גרמים,125.00,100 גרם,false,0,14.00,11.20,true,1,
7290000345215,false,תה ויסוצקי כחול 100שק1*ג,ויסוצקי,IL,תה ויסוצקי 100שק,גרמים,100.00,100 גרם,false,0,14.40,14.40,true,1,
7290000345291,false,תה ארל גריי 25שק1.5*גרם,ויסוצקי,IL,תה ארל גריי,גרמים,37.00,100 גרם,false,0,15.50,41.89,true,1,
7290000346120,false,חליטת קסם הקינמון2.5X25ג,ויסוצקי,IL,חליטת קינמון,גרמים,62.00,100 גרם,false,0,11.80,19.03,true,1,
7290000346236,false,תה לואיזה גן קסום25י2Xגר,ויסוצקי,IL,תה לואיזה וורבנה,גרמים,50.00,100 גרם,false,0,11.80,23.60,true,1,
7290000347738,false,תה ירוק עם נענע 1.5*25גר,ויסוצקי,IL,תה ירוק נענע,גרמים,37.00,100 גרם,false,0,22.90,61.89,true,1,
7290000356631,false,עגבנ.מרוסק.טל וטרי300*2ג,מילוז,IL,עגבנ.מרוסקות 2יח,גרמים,600.00,100 גרם,false,0,9.40,1.57,true,1,
7290000357386,false,פילה מרלוזה קפוא מחיר לפ,דלידג - נטו,AR,פילה מרלוזה,קילוגרמים,0.00,"ק""ג",true,0,25.50,25.50,true,1,
7290000363189,false,סלמי סרוולד משקל,טירת צבי,IL,סלמי סרוולד,קילוגרמים,0.00,"ק""ג",true,0,130.00,130.00,true,1,
7290000363202,false,נקניק סלמי גליל 600 גרם,טירת צבי,IL,נקניק סלמי גליל,גרמים,600.00,100 גרם,false,0,33.50,5.58,true,1,
7290000363462,false,מעושן איטלקי משקל,טירת צבי,IL,מעושן איטלקי,קילוגרמים,0.00,"ק""ג",true,0,67.00,67.00,true,1,
7290000363486,false,נקניק תה במשקל,טירת צבי,IL,נקניק תה,קילוגרמים,0.00,"ק""ג",true,0,50.00,50.00,true,1,
7290000364261,false,סלסולי כתף בקר 120 גרם,טירת צבי,IL,דקניקים כתף בקר,גרמים,120.00,100 גרם,false,0,14.70,12.25,true,1,
7290000364803,false,נקנ. אמריקאיות/קרנץ 500ג,טירת צבי,IL,נקניקיות בקר,גרמים,500.00,100 גרם,false,0,27.40,5.48,true,1,
7290000364810,false,נקניקיות עגל 500 גרם,טירת צבי,IL,נקניקיות עגל,גרמים,500.00,100 גרם,false,0,26.60,5.32,true,1,
7290000365077,false,חזה אווז מעושן משקל,טירת צבי,IL,חזה אווז מעושן,קילוגרמים,0.00,"ק""ג",true,0,150.00,150.00,true,1,
7290000365398,false,חזה הודו בדבש במשקל,טירת צבי,IL,חזה הודו בדבש,קילוגרמים,0.00,"ק""ג",true,0,77.00,77.00,true,1,
7290000365749,false,פס.הודו מעושנת ד.שומן קג,טירת צבי,IL,פס.הודו מעושנת,קילוגרמים,0.00,"ק""ג",true,0,77.00,77.00,true,1,
7290000365909,false,"פסטרמה הודו מעושנת ק""ג",טירת צבי,IL,פסטרמה הודו מעוש,קילוגרמים,0.00,"ק""ג",true,0,77.00,77.00,true,1,
7290000365954,false,פסטרמה על גחלים משקל,טירת צבי,IL,פסטרמה על גחלי,קילוגרמים,0.00,"ק""ג",true,0,77.00,77.00,true,1,
7290000365978,false,פסטרמה בשום וצ'לי במשקל,טירת צבי,IL,פסטרמה בשום,קילוגרמים,0.00,"ק""ג",true,0,77.00,77.00,true,1,
7290000367590,false,פסטרמה כפרית+סלמי 400*2ג,טירת צבי,IL,צמד כפרי נקניקים,גרמים,800.00,100 גרם,false,0,32.50,4.06,true,1,
7290000377612,false,"מיץ תפוזים סחוט 400 מ""ל",פריגת,IL,מיץ תפוזים,מיליליטרים,400.00,"100 מ""ל",false,0,4.70,1.18,true,1,
7290000379142,false,לחם עינן פרוס וארוז 750ג,מאפיית שלמה א. אנג'ל,IL,לחם עינן פרוס,גרמים,750.00,100 גרם,false,0,10.10,1.35,true,1,
7290000379203,false,לחם עינן קל 500 גרם,מאפיית שלמה א. אנג'ל,IL,לחם עינן קל 500 גרם,גרמים,500.00,100 גרם,false,0,10.10,2.02,true,1,
7290000408316,false,יוגורט ביו 3% דנונה 200ג,שטראוס,IL,יוגורט ביו 3%,גרמים,200.00,100 גרם,false,0,3.10,1.55,true,1,
7290000415215,false,קובה מטפוניה 600 גרם,יסמין,IL,קובה מטפוניה,גרמים,600.00,100 גרם,false,0,21.20,3.53,true,1,
7290000416021,false,ממרח בטעם שוקולד 500גר,השחר,IL,ממרח השחר,גרמים,500.00,100 גרם,false,0,11.80,2.36,true,1,
7290000416045,false,ממרח מובחר מריחה השחר1קג,השחר,IL,ממרח השחר,קילוגרמים,1.00,"ק""ג",false,0,21.10,21.10,true,1,
7290000416168,false,קרם למריחה בשפופרת330ג,השחר,IL,קרם למריחה,גרמים,330.00,100 גרם,false,0,8.40,2.55,true,1,
7290000418131,false,טופ פד סופר 18 תחבושות,מוצרי נייר עמיר,IL,תחבושות טופ פד,יחידה,1.00,יחידה,false,0,5.90,5.90,true,1,
7290000418155,false,טופ פד ס.פלוס 16 תחבושות,מוצרי נייר עמיר,IL,תחבושות טופ פד,יחידה,1.00,יחידה,false,0,5.90,5.90,true,1,
7290000419107,false,קפה שחור לנדוור 100 גרם,קפה לנדוור,IL,קפה שחור לנדוור,גרמים,100.00,100 גרם,false,0,8.40,8.40,true,1,
7290000419893,false,קפה לנדור לבוקר טחון100ג,קפה לנדוור,IL,קפה שחור לבוקר,גרמים,100.00,100 גרם,false,0,8.40,8.40,true,1,
7290000419909,false,קפה לנדוור אספרסו טחו100,קפה לנדוור,IL,קפה בטעם אספרסו,גרמים,100.00,100 גרם,false,0,8.40,8.40,true,1,
7290000420417,false,גלילונית עם שרוך 65*52סמ,אשפלסט,IL,גלילונית שרוך,יחידה,1.00,יחידה,false,0,17.00,17.00,true,1,
7290000430102,false,"שקית קרח מיסטר אייס 2ק""ג",שונות,IL,שקית קרח,יחידה,1.00,יחידה,false,0,9.20,9.20,true,1,
7290000432632,false,נרות שבת,,IL,נרות שבת,יחידה,1.00,יחידה,false,0,4.00,4.00,true,1,
7290000433684,false,פפסי קולה 1.5 ליטר,טמפו,IL,פפסי קולה,ליטרים,1.50,ליטר,false,0,5.00,3.33,true,1,
7290000433714,false,סבן אפ 1.5 ליטר,טמפו,IL,סבן אפ,ליטרים,1.50,ליטר,false,0,5.20,3.47,true,1,
7290000433745,false,מירינדה 1.5 ליטר,טמפו,IL,מירינדה תפוזים,ליטרים,1.50,ליטר,false,0,5.20,3.47,true,1,
7290000433899,false,דיאט סבן אפ 1.5 ליטר,טמפו,IL,דיאט סבן אפ,ליטרים,1.50,ליטר,false,0,5.20,3.47,true,1,
7290000433974,false,פפסי מקס 1.5 ליטר,טמפו,IL,פפסי מקס,ליטרים,1.50,ליטר,false,0,5.30,3.53,true,1,
7290000442587,false,גינקו קרם רב שימושי 220מ,כצט,IL,קרם רב שימושי,מיליליטרים,250.00,"100 מ""ל",false,0,15.30,6.12,true,1,
7290000461625,false,בייגלה שמיניות מלוח400גר,יוניליוור,IL,בייגלה שמיניות,גרמים,400.00,100 גרם,false,0,10.40,2.60,true,1,
7290000461700,false,בייגלה שמינ.גדול.מלוח400,יוניליוור,IL,בייגלה גדול,גרמים,400.00,100 גרם,false,0,13.50,3.38,true,1,
7290000461861,false,דג דג חטיף מלוח 400 גרם,גוצ'מולר,IL,דג דג חטיף מלוח,גרמים,400.00,100 גרם,false,0,10.10,2.53,true,1,
7290000462103,false,סחוג זהבי אדום 150 גרם,זהבי הכרם,IL,סחוג זהבי אדום,גרמים,150.00,100 גרם,false,0,6.90,4.60,true,1,
7290000462141,false,זחוק אדום חריף מאוד 150ג,זהבי הכרם,IL,זחוק אדום חריף,גרמים,150.00,100 גרם,false,0,6.90,4.60,true,1,
7290000463377,false,זיתים חרוזית 560 גרם,בית השיטה,IL,זיתים חרוזית,גרמים,560.00,100 גרם,false,0,8.40,1.50,true,1,
7290000465876,false,חומוסיבוב ברוטב חריף400ג,צבר,IL,חומוסיבוב,גרמים,400.00,100 גרם,false,1,12.70,3.18,true,1,
7290000466101,false,חומוסטחינה חריף צבר 400ג,צבר,IL,חומוסטחינה חריף,גרמים,400.00,100 גרם,false,1,12.70,3.18,true,1,
7290000466163,false,מלפ.גולן מלח 7-9 560 גרם,בית השיטה,IL,מלפפונים במלח,גרמים,560.00,100 גרם,false,0,6.10,1.09,true,1,
7290000467160,false,מלפפון בחומץ גדול7-9 560,בית השיטה,IL,מלפפונים בחומץ,גרמים,560.00,100 גרם,false,0,6.10,1.09,true,1,
7290000467177,false,מלפפון 12-10 בחומץ 560גר,בית השיטה,IL,מלפפונים בחומץ,גרמים,560.00,100 גרם,false,0,6.50,1.16,true,1,
7290000467320,false,מלך חומוס אבו מרוואן400ג,צבר,IL,מלך החומוס צבר,גרמים,400.00,100 גרם,false,0,13.20,3.30,true,1,
7290000474021,false,חלב מפוסטר שקית 3% 1 ל',טרה,IL,חלב טרה שקית 3%3,ליטרים,1.00,ליטר,false,0,4.27,4.27,true,1,
7290000474076,false,חלב הומוגני בקרטון3% 1ל,טרה,IL,חלב טרי טרה 3%,ליטרים,1.00,ליטר,false,0,4.91,4.91,true,1,
7290000474090,false,חלב הומוגני 1% קרטון 1 ל,טרה,IL,חלב טרי טרה 1%,ליטרים,1.00,ליטר,false,0,4.62,4.62,true,1,
7290000474373,false,"שמנת חמוצה15% 200 מ""ל",טרה,IL,שמנת חמוצה15%,מיליליטרים,200.00,"100 מ""ל",false,0,1.88,0.94,true,1,
7290000474502,false,גבינה לבנה 5% טרה 250 גר,טרה,IL,גבינה לבנה 5%,גרמים,250.00,100 גרם,false,0,3.93,1.57,true,1,
7290000480107,false,קואקר ש.שועל פח 500גרם,עלית,GB,קואקר שיבולת,גרמים,500.00,100 גרם,false,0,13.30,2.66,true,1,
7290000480329,false,הרמזית 800 טבליות,הרמס סוויטנרס,CH,ממתיק הרמזית,גרמים,9.00,100 גרם,false,0,21.10,234.44,true,1,
7290000484501,false,"אלוף הארק 750 מ""ל",יקב הגליל יוסף גולד ובניו,IL,אלוף הארק,מיליליטרים,750.00,"100 מ""ל",false,0,80.40,10.72,true,1,
7290000497044,false,לחם ברמן אקטיב 750 גרם,מאפית ברמן,IL,לחם ברמן אקטיב,גרמים,750.00,100 גרם,false,0,9.30,1.24,true,1,
7290000497228,false,לחמניות רגילות 75*6 גרם,מאפית ברמן,IL,6 לחמניות בשקית,גרמים,450.00,100 גרם,false,0,7.60,1.69,true,1,
7290000497303,false,לחמניות מקמח מלא 75*6 גר,מאפית ברמן,IL,6לחמניות קמח מלא,גרמים,450.00,100 גרם,false,0,7.60,1.69,true,1,
7290000497532,false,לחם ברמן לענין 750 גרם,מאפית ברמן,IL,לחם ברמן לענין,גרמים,750.00,100 גרם,false,0,13.40,1.79,true,1,
7290000504278,false,סוכרזית פטנט 700 טבליות,"ביסקול בע""מ",IL,סוכרזית טבליות,גרמים,57.00,100 גרם,false,0,13.50,23.68,true,1,
7290000518176,false,מתוק וקל ענק 250 שקיות,למפדוס,IL,מתוק וקל ענק,גרמים,250.00,100 גרם,false,0,15.30,6.12,true,1,
7290000521008,false,יין אדום יבש של סגל750מל,יינות סגל,IL,יין סגל אדום,מיליליטרים,750.00,"100 מ""ל",false,0,18.80,2.51,true,1,
7290000521015,false,"יין לבן יבש של סגל750מ""ל",יינות סגל,IL,יין לבן של סגל,מיליליטרים,750.00,"100 מ""ל",false,0,18.80,2.51,true,1,
7290000521022,false,יין סגל לבן רג.ח.יבש750מ,יינות סגל,IL,יין לבן חצי יבש,מיליליטרים,750.00,"100 מ""ל",false,0,18.80,2.51,true,1,
7290000521350,false,"זני של סגל קברנה 750 מ""ל",יינות סגל,IL,קברנה סוביניון,מיליליטרים,750.00,"100 מ""ל",false,0,21.20,2.83,true,1,
7290000521404,false,"מרום גליל קברנה 750 מ""ל",יינות סגל,IL,מרום גליל קברנה,מיליליטרים,750.00,"100 מ""ל",false,0,29.70,3.96,true,1,
7290000530024,false,נקניק תה מעושן רחב במשקל,זוגלובק,IL,נקניק תה מעושן,קילוגרמים,0.00,"ק""ג",true,0,47.00,47.00,true,1,
7290000530048,false,סלמי פפרוני במשקל,זוגלובק,IL,סלמי פפרוני,גרמים,0.00,"ק""ג",true,0,53.00,53.00,true,1,
7290000530062,false,נקניק מעושן איטלקי במשקל,זוגלובק,IL,נקניק איטלקי,קילוגרמים,0.00,"ק""ג",true,0,74.00,74.00,true,1,
7290000530086,false,נקניק מעושן7000- 600 גרם,זוגלובק,IL,נקניק מעושן,גרמים,600.00,100 גרם,false,0,33.30,5.55,true,1,
7290000530116,false,נקניק תה בשן70- 470 גרם,זוגלובק,IL,נקניק תה בשן70-,גרמים,470.00,100 גרם,false,0,27.20,5.79,true,1,
7290000530260,false,נקניק מרטדלה רחב במשקל,זוגלובק,IL,נקניק מרטדלה,קילוגרמים,0.00,"ק""ג",true,0,33.00,33.00,true,1,
7290000530291,false,נקניק מבשר הודו 800 גרם,זוגלובק,IL,נקניק מבשר הודו,גרמים,800.00,100 גרם,false,0,18.50,2.31,true,1,
7290000530369,false,גולן ח.הודו מעוש.שלם משק,זוגלובק,IL,גולן חזה הודו,קילוגרמים,0.00,"ק""ג",true,0,77.00,77.00,true,1,
7290000530444,false,כתף בקר מעושן אורלנדו מש,זוגלובק,IL,כתף בקר מעושן,קילוגרמים,0.00,"ק""ג",true,0,104.00,104.00,true,1,
7290000530703,false,פסטרמה חרמון+תה 400+400ג,זוגלובק,IL,מארז חרמון+תה,גרמים,800.00,100 גרם,false,0,29.40,3.68,true,1,
7290000531410,false,פסטרממיה בדבש טהור במשקל,זוגלובק,IL,פסטרממיה בדבש,קילוגרמים,0.00,"ק""ג",true,0,77.00,77.00,true,1,
7290000531496,false,קבנוס בואקום 180 גרם,זוגלובק,IL,קבנוס,גרמים,180.00,100 גרם,false,0,18.10,10.06,true,1,
7290000532400,false,חזה הודו ברביקיו במשקל,זוגלובק,IL,חזה הודו ברבקי,קילוגרמים,0.00,"ק""ג",true,0,76.00,76.00,true,1,
7290000532585,false,רוסטביף חצוי במשקל,זוגלובק,IL,רוסטביף חצוי,קילוגרמים,0.00,"ק""ג",true,0,118.00,118.00,true,1,
7290000532721,false,כתף בקר בפלפל טורו במשקל,זוגלובק,IL,כתף בקר בפלפל,קילוגרמים,0.00,"ק""ג",true,0,104.00,104.00,true,1,
7290000534718,false,חזה הודו תבור דל שומן מש,זוגלובק,IL,חזה הודו תבור,קילוגרמים,0.00,"ק""ג",true,0,77.00,77.00,true,1,
7290000534800,false,פסטרמה הודו רומני במשקל,זוגלובק,IL,פסטרמה הודו,קילוגרמים,0.00,"ק""ג",true,0,77.00,77.00,true,1,
7290000536743,false,מקלוני תירס 500גרם,זוגלובק,IL,מקלוני תירס,גרמים,500.00,100 גרם,false,0,16.00,3.20,true,1,
7290000537566,false,נקניקיות עוף 400 גרם,זוגלובק,IL,נקניקיות עוף,גרמים,400.00,100 גרם,false,0,13.50,3.38,true,1,
7290000537603,false,"נקניקיות עוף טריות 1 ק""ג",זוגלובק,IL,נקניקיות עוף,קילוגרמים,1.00,"ק""ג",false,0,26.40,26.40,true,1,
7290000538099,false,פסטרמה כפרית במשקל,זוגלובק,IL,פסטרמה כפרית,קילוגרמים,0.00,"ק""ג",true,0,77.00,77.00,true,1,
7290000551074,false,פילה מדומה מס6' מוכשר קפ,שונות,XX,פ.מדומה מוכשר,גרמים,0.00,"ק""ג",true,0,38.30,38.30,true,1,
7290000552194,false,קישקע 500 גרם,טיבון ויל - נטו,IL,קישקע,גרמים,500.00,100 גרם,false,0,12.70,2.54,true,1,
7290000552903,false,טחון כבש ובקר 500 גרם,טיבון ויל - נטו,IL,טחון כבש ובקר,גרמים,500.00,100 גרם,false,0,17.50,3.50,true,1,
7290000552989,false,בשר טחון מובחר 500 גרם,טיבון ויל - נטו,IL,בשר טחון מובחר,גרמים,500.00,100 גרם,false,0,25.20,5.04,true,1,
7290000554006,false,קשקבל 22% במשקל,מחלבות גד,IL,גבינת קשקבל,קילוגרמים,0.00,"ק""ג",true,0,84.00,84.00,true,1,
7290000554457,false,גבינה צפתית5% שומן 350ג,מחלבות גד,IL,גבינה צפתית5%,גרמים,350.00,100 גרם,false,0,18.70,5.34,true,1,
7290000554532,false,גב.צפתית מעודנת5% 200גרם,מחלבות גד,IL,צפתית מעודנת 5%,גרמים,200.00,100 גרם,false,0,13.20,6.60,true,1,
7290000554624,false,ירח מתוק מעד.חלב+אורז150,מחלבות גד,IL,מעדן חלב ואורז,גרמים,150.00,100 גרם,false,0,5.00,3.33,true,1,
7290000554655,false,מוצרלה מעושנת גד,,IL,מוצרלה מעושנת גד,קילוגרמים,0.00,"ק""ג",true,0,71.00,71.00,true,1,
7290000554686,false,לבנה בשמן זית+זעתר5% 250,מחלבות גד,IL,לאבנה בשמן זית5%,גרמים,250.00,100 גרם,false,0,12.80,5.12,true,1,
7290000554792,false,גבינה בולגרית 5%במשקל,מחלבות גד,IL,גבינה בולגרית 5%,גרמים,0.00,"ק""ג",true,0,38.00,38.00,true,1,
7290000554815,false,מוצרלה נקניק 22% במשקל,מחלבות גד,IL,גבינת מוצרלה,גרמים,0.00,"ק""ג",true,0,70.00,70.00,true,1,
7290000554822,false,ריקוטה גד 5% שומן 250 גר,מחלבות גד,IL,גבינת ריקוטה 5%,גרמים,250.00,100 גרם,false,0,13.20,5.28,true,1,
7290000554839,false,גבינה מסקרפונה 40% 250 ג,מחלבות גד,IL,גבינה מסקרפונה,גרמים,250.00,100 גרם,false,0,18.30,7.32,true,1,
7290000554969,false,גב.שמנת 30%שומן במשקל,מחלבות גד,IL,גבינת שמנת 30%,קילוגרמים,0.00,"ק""ג",true,0,45.00,45.00,true,1,
7290000554976,false,גבינת שמנת זית,,IL,גבינת שמנת זית,גרמים,0.00,"ק""ג",true,0,45.00,45.00,true,1,
7290000554983,false,גבינה לאבנה 5%,,IL,גבינה לאבנה 5%,קילוגרמים,0.00,"ק""ג",true,0,37.00,37.00,true,1,
7290000554990,false,כדורי מוצרלה 19%במשקל,מחלבות גד,IL,כדורי מוצרלה 19%,קילוגרמים,0.00,"ק""ג",true,0,84.00,84.00,true,1,
7290000560533,false,"אדג' פרו ג'ל רגיל 200מ""ל",אנרג'ייזר,US,אדג' ג'ל לגילוח,מיליליטרים,200.00,"100 מ""ל",false,0,12.80,6.40,true,1,
7290000560540,false,אדג' פרו ג'ל רגיש 200 מל,אנרג'ייזר,US,אדג' ג'ל לגילוח,מיליליטרים,200.00,"100 מ""ל",false,0,12.80,6.40,true,1,
7290000571188,false,גב.גאודה תום עיזים משקל,תנובה,IL,גבינת עיזים,קילוגרמים,0.00,"ק""ג",true,0,135.00,135.00,true,1,
7290000571294,false,גאודה מעושנת,,IL,גאודה מעושנת,קילוגרמים,0.00,"ק""ג",true,0,90.00,90.00,true,1,
7290000571485,false,משקה יוגורט עזים,,,משקה יוגורט עזים,קילוגרמים,1.00,"ק""ג",false,0,18.30,18.30,true,1,
7290000574141,false,לחם חיטה מלא 750 גרם,מאפ. דגנית עין-בר,IL,לחם חיטה מלא 750 גרם,גרמים,750.00,100 גרם,false,0,11.00,1.47,true,1,
7290000574172,false,לחם קל מחיטה מלאה 750גרם,מאפ. דגנית עין-בר,IL,לחם קל מחיטה מלאה 750גרם,גרמים,750.00,100 גרם,false,0,13.30,1.77,true,1,
7290000611488,false,עוף לגריל קג,עוף עוז,IL,עוף לגריל קג,גרמים,0.00,"ק""ג",true,0,29.80,29.80,true,1,
7290000652207,false,"קורקבן ארוז במגש לק""ג",תנובה,IL,קורקבן ארוז במגש,קילוגרמים,0.00,"ק""ג",true,1,8.40,8.40,true,1,
7290000653587,false,שניצל דק טרי ארוז,תנובה,IL,שניצל דק טרי,קילוגרמים,0.00,"ק""ג",true,1,34.10,34.10,true,1,
7290000688114,false,מי-עדן מים מינרלים 1.5 ל,מי עדן,IL,מי-עדן מים מינרלים 1.5 ל,ליטרים,1.50,ליטר,false,0,4.40,2.93,true,1,
7290000688732,false,מי עדן 6 * 1.5 ליטר,מי עדן,IL,מי עדן 6 יח,ליטרים,9.00,ליטר,false,0,11.00,1.22,true,1,
7290000803067,false,"משחת אלמקס ילדים 75 מ""ל",קולגייט-פלמוליב,DE,משחת שיניים,מיליליטרים,75.00,"100 מ""ל",false,0,8.50,11.33,true,1,
7290000910406,true,פילה עוף טרי ת עצמי,שונות,IL,פילה עוף טרי,קילוגרמים,0.00,"ק""ג",true,0,28.10,28.10,true,1,
7290000922591,true,עוף שלם טרי תפזורת עצמי,שונות,IL,עוף שלם טרי,קילוגרמים,0.00,"ק""ג",true,0,16.10,16.10,true,1,
7290000928241,true,סלמון פרוס לא מעובד שופר,שונות,IL,סלמון פרוס,קילוגרמים,0.00,"ק""ג",true,0,64.00,64.00,true,1,
7290000928265,true,פילה סלמון קפוא שופרסל,נטו,IL,פילה סלמון קפוא,קילוגרמים,0.00,"ק""ג",true,0,64.00,64.00,true,1,
7290000935775,true,פילה אמנון )מקוצר(,שונות,IL,פילה אמנון      ר(,קילוגרמים,0.00,"ק""ג",true,0,28.10,28.10,true,1,
7290000940694,true,נבטי חמניות  יחידה,קטיף,IL,נבטי חמניות יח,יחידה,1.00,יחידה,false,0,9.00,9.00,true,1,
7290000961545,true,כרובית ארוזה במשקל,קטיף,IL,כרובית ארוזה,קילוגרמים,0.00,"ק""ג",true,1,10.90,10.90,true,1,
7290000961552,true,פלפל כתום,קטיף,IL,פלפל כתום,קילוגרמים,0.00,"ק""ג",true,0,11.90,11.90,true,1,
7290000961606,true,שורש גינגר במשקל,קטיף,XX,שורש גינגר במשקל,קילוגרמים,0.00,"ק""ג",true,0,31.90,31.90,true,1,
7290000961804,true,דלעת ארוזה,קטיף,IL,דלעת ארוזה,קילוגרמים,0.00,"ק""ג",true,0,12.90,12.90,true,1,
7290000962474,true,חציל בלדי,קטיף,IL,חציל בלדי,קילוגרמים,0.00,"ק""ג",true,0,9.90,9.90,true,1,
7290000962535,true,רוזמרין יחידה,קטיף,IL,רוזמרין  יחידה,יחידה,1.00,יחידה,false,0,6.00,6.00,true,1,
7290000962573,true,אורגנו  יחידה,קטיף,IL,אורגנו  יחידה,יחידה,1.00,יחידה,false,0,6.00,6.00,true,1,
7290000962580,true,מרווה יחידה,קטיף,IL,מרווה יחידה,יחידה,1.00,יחידה,false,0,6.00,6.00,true,1,
7290000963136,true,תפוח עץ מוזהב 65,קטיף,XX,תפוח עץ מוזהב,קילוגרמים,0.00,"ק""ג",true,0,9.90,9.90,true,1,
7290000963174,true,תפוח עץ יונתן יבוא,קטיף,XX,תפוח עץ יונתן,קילוגרמים,0.00,"ק""ג",true,0,12.90,12.90,true,1,
7290000963297,true,תפוח עץ סטרקינג 65,קטיף,XX,"ת""ע סטרקינג",קילוגרמים,0.00,"ק""ג",true,0,9.90,9.90,true,1,
7290000963310,true,"תפו""ע קנזי",קטיף,XX,"תפו""ע קנזי",קילוגרמים,0.00,"ק""ג",true,0,13.90,13.90,true,1,
7290000963341,true,אגס אסיאתי,קטיף,CN,אגס אסיאתי,קילוגרמים,0.00,"ק""ג",true,0,14.90,14.90,true,1,
7290000963372,true,תפוח עץ פינקריספי 70,קטיף,XX,תפוח עץ פינקריספ,קילוגרמים,0.00,"ק""ג",true,0,13.90,13.90,true,1,
7290000963563,true,תפוח עץ סמיט65,קטיף,XX,"ת""ע סמיט",קילוגרמים,0.00,"ק""ג",true,0,9.90,9.90,true,1,
7290000963686,true,תפוח עץ גאלה יבוא,קטיף,XX,תפוח עץ גאלה,קילוגרמים,0.00,"ק""ג",true,0,12.90,12.90,true,1,
7290000963754,true,אגס קונפרנס,קטיף,ES,אגס קונפרנס,קילוגרמים,0.00,"ק""ג",true,0,13.90,13.90,true,1,
7290000964300,true,תפוז,קטיף,IL,תפוז,קילוגרמים,0.00,"ק""ג",true,0,6.90,6.90,true,1,
7290000964348,true,תפוז ברשת למיץ,קטיף,IL,תפוז ברשת למיץ,קילוגרמים,0.00,"ק""ג",true,0,5.90,5.90,true,1,
7290000964362,true,פומלה לבנה,קטיף,IL,פומלה לבנה,קילוגרמים,0.00,"ק""ג",true,0,7.90,7.90,true,1,
7290000964379,true,אשכולית לבנה,קטיף,IL,אשכולית לבנה,קילוגרמים,0.00,"ק""ג",true,0,6.90,6.90,true,1,
7290000964393,true,אשכולית אדומה,קטיף,IL,אשכולית אדומה,קילוגרמים,0.00,"ק""ג",true,0,5.90,5.90,true,1,
7290000964461,true,פומלית,קטיף,IL,פומלית,קילוגרמים,0.00,"ק""ג",true,0,5.90,5.90,true,1,
7290000964492,true,לימון תפזורת,קטיף,IL,לימון,קילוגרמים,0.00,"ק""ג",true,0,7.90,7.90,true,1,
7290000964560,true,קלמנטינה,קטיף,IL,קלמנטינה,קילוגרמים,0.00,"ק""ג",true,0,6.90,6.90,true,1,
7290000964775,true,בננות,קטיף,IL,בננות,קילוגרמים,0.00,"ק""ג",true,0,9.90,9.90,true,1,
7290000964829,true,אגס ספדונה 55,קטיף,IL,אגס ספדונה,קילוגרמים,0.00,"ק""ג",true,0,11.90,11.90,true,1,
7290000964980,true,אבוקדו,קטיף,IL,אבוקדו,קילוגרמים,0.00,"ק""ג",true,0,13.90,13.90,true,1,
7290000966328,true,אפרסמון סיני65,קטיף,IL,אפרסמון סיני,קילוגרמים,0.00,"ק""ג",true,0,14.90,14.90,true,1,
7290000966496,true,אננס ראש תשעיות,קטיף,IL,אננס ראש,יחידה,1.00,יחידה,false,0,32.90,32.90,true,1,
7290000966779,true,תות שדה 500גרם,קטיף,IL,תות שדה יח,יחידה,1.00,יחידה,false,0,18.90,18.90,true,1,
7290000972268,true,קוקוס ראש יח,קטיף,IL,קוקוס ראש יח,יחידה,1.00,יחידה,false,0,6.90,6.90,true,1,
7290000972800,true,אשכולית אדומה,,IL,אשכולית אדומה,קילוגרמים,0.00,"ק""ג",true,0,5.90,5.90,true,1,
7290000979700,true,לבבות חסה יחידה,קטיף,IL,לבבות חסה,יחידה,1.00,יחידה,false,0,9.50,9.50,true,1,
7290000982113,true,עגבניות טעם יחידה,קטיף,IL,עגבניות טעם,יחידה,1.00,יחידה,false,1,10.90,10.90,true,1,
7290000982939,true,לוף פרסה-יחידה,קטיף,IL,לוף פרסה-יחידה,יחידה,1.00,יחידה,false,0,8.90,8.90,true,1,
7290000986708,true,ענב אדום ללא גלעין-יחידה,קטיף,XX,ענב אדום,יחידה,1.00,יחידה,false,0,17.90,17.90,true,1,
7290000993195,true,ענב לבן - יחידה,קטיף,XX,ענב לבן -יחידה,יחידה,1.00,יחידה,false,0,17.90,17.90,true,1,
7290000993461,true,שרי צהוב יחידה,קטיף,IL,עגבניה שרי צהובה,יחידה,1.00,יחידה,false,0,10.90,10.90,true,1,
7290000993560,true,שרי שוקו יחידה,קטיף,IL,שרי שוקו  יח,יחידה,1.00,יחידה,false,0,10.90,10.90,true,1,
7290000995441,true,קייל - יחידה,קטיף,IL,קייל - יחידה,יחידה,1.00,יחידה,false,0,13.00,13.00,true,1,
7290001045169,false,מיץ תפוחים צלול בק1.ליטר,גניר,IL,מיץ תפוחים צלול בק1.ליטר,ליטרים,1.00,ליטר,false,0,13.90,13.90,true,1,
7290001045220,false,מיץ תפוזים סחוט 2 ליטר,גניר,IL,מיץ תפוזים סחוט,ליטרים,2.00,ליטר,false,0,22.10,11.05,true,1,
7290001045763,false,מיץ תפוחים 100% צלול 2 ל,גניר,IL,מיץ תפוחים צלול,ליטרים,2.00,ליטר,false,0,22.10,11.05,true,1,
7290001121054,false,צמד חמד 700 גרם,מעדני יחיעם,IL,צמד חמד,גרמים,700.00,100 גרם,false,0,26.10,3.73,true,1,
7290001121238,false,קורנביף 180 גרם,מעדני יחיעם,IL,קורנביף,גרמים,180.00,100 גרם,false,0,22.60,12.56,true,1,
7290001121788,false,נקניקיות עוף טבעיות400גר,מעדני יחיעם,IL,נקניקיות עוף,גרמים,400.00,100 גרם,false,0,14.40,3.60,true,1,
7290001121979,false,סלמי הרץ 150 גרם,מעדני יחיעם,IL,סלמי הרץ,גרמים,150.00,100 גרם,false,0,22.20,14.80,true,1,
7290001123058,false,פילה מדומה מס6' חלק קפוא,שונות,IL,פ.מדומה מס6',קילוגרמים,0.00,"ק""ג",true,0,38.30,38.30,true,1,
7290001123775,false,שווארמה פרגיות מוכן 500,טיבון ויל - נטו,IL,שווארמה פרגית,גרמים,500.00,100 גרם,false,0,21.20,4.24,true,1,
7290001123782,false,שווארמה הודו מוכן 500 גר,טיבון ויל - נטו,IL,שווארמה הודו,גרמים,500.00,100 גרם,false,0,20.20,4.04,true,1,
7290001128183,false,קציצות דג 700 גרם,דלידג - נטו,IL,קציצות דג 700גרם,גרמים,700.00,100 גרם,false,0,21.20,3.03,true,1,
7290001136287,false,"שמפו נקה 7 רגיל 750 מ""ל",אמיליה קוסמטיקס,IL,שמפו נקה 7,מיליליטרים,750.00,"100 מ""ל",false,0,8.40,1.12,true,1,
7290001136300,false,ש+.מרכך נקה7 סירוק קל750,אמיליה קוסמטיקס,IL,שמפו נקה 7,מיליליטרים,750.00,"100 מ""ל",false,0,8.40,1.12,true,1,
7290001136799,false,תחליב רחצה נקה7 ורוד 1 ל,אמיליה קוסמטיקס,IL,תחליב רחצה נקה 7,ליטרים,1.00,ליטר,false,0,13.10,13.10,true,1,
7290001136973,false,תחליב רחצה נקה 7 לבן 1 ל,אמיליה קוסמטיקס,IL,תחליב רחצה נקה 7,ליטרים,1.00,ליטר,false,0,13.10,13.10,true,1,
7290001158500,false,כנפי עוף טרי תפזורת עצמי,שונות,IL,כנפיים עוף טרי,קילוגרמים,0.00,"ק""ג",true,0,10.10,10.10,true,1,
7290001158517,false,כרעי עוף טרי תפזורת עצמי,שופרסל,IL,כרעיים עוף טרי,קילוגרמים,0.00,"ק""ג",true,0,23.80,23.80,true,1,
7290001158524,false,שניצל עוף טרי ת עצמי,שונות,IL,שניצל עוף טרי,קילוגרמים,0.00,"ק""ג",true,0,29.80,29.80,true,1,
7290001158722,false,חזה עוף טרי תפזורת עצמי,שונות,IL,חזה עוף טרי,קילוגרמים,0.00,"ק""ג",true,0,27.20,27.20,true,1,
7290001231932,false,ווינסטון כחול בוקס חפ.,jti,CH,ווינסטון כחול,יחידה,1.00,יחידה,false,0,32.00,32.00,false,1,
7290001247037,false,גזוז בטעם מנטה קריסטל 2ל,יפאורה שותפות מובגלת לשיווק,IL,גזוז בטעם מנטה,ליטרים,2.00,ליטר,false,0,3.50,1.75,true,1,
7290001247044,false,קריסטל תות מוגז 2 ליטר,יפאורה שותפות מובגלת לשיווק,IL,קריסטל מוגז תות,ליטרים,2.00,ליטר,false,0,3.50,1.75,true,1,
7290001247082,false,נקטר עגבניות ספרינג 1 ל',יפאורה שותפות מובגלת לשיווק,IL,נקטר עגבניות,ליטרים,1.00,ליטר,false,0,5.00,5.00,true,1,
7290001247099,false,נקטר ספרינג מנגו 1 ליטר,יפאורה שותפות מובגלת לשיווק,IL,נקטר ספרינג מנגו,ליטרים,1.00,ליטר,false,0,5.00,5.00,true,1,
7290001247105,false,נקטר ספרינג אפרסק 1 ליטר,יפאורה שותפות מובגלת לשיווק,IL,נקטר אפרסק,ליטרים,1.00,ליטר,false,0,5.00,5.00,true,1,
7290001247112,false,נקטר ספרינג לימונענע 1ל',יפאורה שותפות מובגלת לשיווק,IL,משקה לימונענע,ליטרים,1.00,ליטר,false,0,5.00,5.00,true,1,
7290001247129,false,נקטר ספרינג תפוזים 1ליטר,יפאורה שותפות מובגלת לשיווק,IL,נקטר ספרינג תפוז,ליטרים,1.00,ליטר,false,0,5.00,5.00,true,1,
7290001247143,false,נקטר ספרינג תפוחים 1ליטר,יפאורה שותפות מובגלת לשיווק,IL,נקטר ספרינג תפוח,ליטרים,1.00,ליטר,false,0,5.00,5.00,true,1,
7290001305188,false,פלמוליב לכלים צהוב 750מל,קולגייט-פלמוליב,GR,פלמוליב לכלים,מיליליטרים,750.00,"100 מ""ל",false,0,9.60,1.28,true,1,
7290001312995,false,בגט 280 גרם,גידרון,IL,באגט,יחידה,1.00,יחידה,false,0,4.10,4.10,true,1,
7290001327029,false,מאגדת מיקס 7 יחידות,שטראוס,IL,מאגדת מיקס,גרמים,440.00,100 גרם,false,0,33.50,7.61,true,1,
7290001327197,false,קרמיסימו שוקו וניל 1.33ל,שטראוס,IL,גלידה קרמיסימו,ליטרים,1.33,ליטר,false,0,18.70,14.06,true,1,
7290001327791,false,גל.קרמיסימו עוגיות 1.33ל,שטראוס,IL,גלידה קרמיסימו,ליטרים,1.33,ליטר,false,0,18.70,14.06,true,1,
7290001407813,false,חלבה פיסטוק בארכה 350גרם,רושדי תעשיות מזון,IL,חלבה פיסטוק,גרמים,350.00,100 גרם,false,0,10.10,2.89,true,1,
7290001462010,false,אריסה מרוקאית 250 גרם,נטו,IL,אריסה מרוקאית,גרמים,250.00,100 גרם,false,0,13.40,5.36,true,1,
7290001482049,false,הבולגריה קוביות,,,הבולגריה קוביות,קילוגרמים,0.00,"ק""ג",true,0,62.00,62.00,true,1,
7290001482384,false,לפתן אננס חתוך,,TH,לפתן אננס חתוך,גרמים,227.00,100 גרם,false,0,5.00,2.20,true,1,
7290001482421,false,הבולגריה 22%,,,הבולגריה 22%,קילוגרמים,0.00,"ק""ג",true,0,37.00,37.00,true,1,
7290001482933,false,חוויה בטעם גאודה,,NL,חוויה בטעם גאודה,קילוגרמים,0.00,"ק""ג",true,0,72.00,72.00,true,1,
7290001491096,false,תה ירוק לימונ+לואיזה50שק,ויסוצקי,IL,תה ירוק לימונית,גרמים,75.00,100 גרם,false,0,34.10,45.47,true,1,
7290001507018,false,גלילית אורגני+ק.חרוב100ג,השדה מוצרים אורגניים,IL,גלילית אורגני,גרמים,100.00,100 גרם,false,0,10.60,10.60,true,1,
7290001507063,false,פתי בר קמח מלא אורגני200,השדה מוצרים אורגניים,IL,פתי בר אורגני,גרמים,200.00,100 גרם,false,0,6.50,3.25,true,1,
7290001567715,false,נק' חריפות ללא משמר400גר,מעדני יחיעם,IL,נק' חריפות,גרמים,400.00,100 גרם,false,1,14.40,3.60,true,1,
7290001567722,false,נקנ. בקר ללא חומר משמר,מעדני יחיעם,IL,נקניקיות בקר,גרמים,330.00,100 גרם,false,1,17.00,5.15,true,1,
7290001594568,false,"בירה קרלסברג בפחית500מ""ל",קרלסברג ישראל,IL,בירה קרלסברג פח,מיליליטרים,500.00,"100 מ""ל",false,0,8.40,1.68,true,1,
7290001594575,false,"בירה טובורג פחית 500 מ""ל",קרלסברג ישראל,IL,בירה טובורג פחית,מיליליטרים,500.00,"100 מ""ל",false,0,8.40,1.68,true,1,
7290001594858,false,בירה טובורג רד בק330*6מל,קרלסברג ישראל,IL,טובורג רד 6 יח,ליטרים,1.98,ליטר,false,0,39.00,19.70,true,1,
7290001670194,false,עוגיות מרוקאיות 400 גרם,הנמל,IL,עוגיות מרוקאיות,גרמים,400.00,100 גרם,false,0,14.70,3.68,true,1,
7290001696408,false,בורקיטס מיני במשקל,.,IL,בורקיטס מיני,קילוגרמים,0.00,"ק""ג",true,1,41.00,41.00,true,1,
7290001713853,false,אקונומיקה מבושמת 4 ליטר,קומפלקס כימיקלים,IL,אקונומיקה מבושמת,ליטרים,4.00,ליטר,false,0,9.30,2.33,true,1,
7290001779965,false,שלגוני ויטמינצ'יק,נסטלה,IL,שלגוני ויטמינצ,גרמים,800.00,100 גרם,false,0,21.00,2.63,true,1,
7290001814147,false,ממרח בטעם שוקולד פרה500ג,שטראוס,IL,ממרח בטעם שוקולד,גרמים,500.00,100 גרם,false,0,9.90,1.98,true,1,
7290001814222,false,שוקולד חלב עם עדשים 100ג,עלית,IL,שוקולד עדשים,גרמים,100.00,100 גרם,false,0,5.50,5.50,true,1,
7290001817377,false,ציטוס איקס עיגול פיצה60ג,עלית,IL,צ'יטוס איקס,גרמים,60.00,100 גרם,false,0,3.00,5.00,true,1,
7290001817582,false,צ'יטוס כאפה 15*10 גרם,עלית,IL,מארז צ'יטוס כאפה,גרמים,150.00,100 גרם,false,0,8.80,5.87,true,1,
7290001817728,false,צ'יטוס כאפה 55 גרם,עלית,IL,צ'יטוס כפאה,גרמים,55.00,100 גרם,false,0,3.00,5.45,true,1,
7290001865439,false,סבון פמלי לבן +משאבה 1ל',אינטרקוסמא,IL,סבון נוזלי פמלי,ליטרים,1.00,ליטר,false,0,12.70,12.70,true,1,
7290001865453,false,סבון פמלי סגול+משאבה 1ל',אינטרקוסמא,IL,סבון נוזלי פמלי,ליטרים,1.00,ליטר,false,0,12.70,12.70,true,1,
7290001902042,false,לחם עם קימל קפוא 485 גרם,גידרון,IL,לחם עם קימל,גרמים,485.00,100 גרם,false,0,11.00,2.27,true,1,
7290001902073,false,לחם פומפרניקל 485 גרם,גידרון,IL,לחם פומפרניקל,גרמים,485.00,100 גרם,false,0,11.00,2.27,true,1,
7290001902110,false,לחם רוסי 485 גרם,גידרון,IL,לחם רוסי,גרמים,485.00,100 גרם,false,0,11.00,2.27,true,1,
7290001902431,false,לחם שיפון קל+דגנים 520גר,גידרון,IL,לחם שיפון קל,גרמים,520.00,100 גרם,false,0,11.00,2.12,true,1,
7290001902783,false,לחמנית המבורגר,גידרון,IL,לחמנית המבורגר,יחידה,1.00,יחידה,false,0,2.90,2.90,true,1,
7290001929889,false,מגש פ.יבשים600גרם-שקדיה,שקדיה,IL,מגש פ.יבשים,גרמים,600.00,100 גרם,false,0,34.60,5.77,true,1,
7290001946404,false,שום כתוש 250 גרם,נטו,IL,שום כתוש,גרמים,250.00,100 גרם,false,0,13.40,5.36,true,1,
7290001985311,false,מאגדת מיני מגנום לבן+שקד,שטראוס,IL,מאגדת מיני מגנום,גרמים,250.00,100 גרם,false,0,25.50,10.20,true,1,
7290001990261,false,"חומוס 1 ק""ג",סוגת,IL,חומוס,קילוגרמים,1.00,"ק""ג",false,0,11.80,11.80,true,1,
7290001990407,false,"עדשים ירוקות 1 ק""ג",סוגת,IL,עדשים ירוקות,קילוגרמים,1.00,"ק""ג",false,0,11.40,11.40,true,1,
7290002000143,false,"פנג'ל קרם ידיים 80 מ""ל",אינטרקוסמא,IL,קרם ידיים פנג'ל,מיליליטרים,80.00,"100 מ""ל",false,0,5.90,7.38,true,1,
7290002007623,false,כוסות ליין 50 יחידות,הנמל,IL,כוסות יין,יחידה,1.00,יחידה,false,0,3.30,3.30,true,1,
7290002008040,false,"מקלות לשיפודים30ס""מ100יח",הנמל,IL,מקלות לשיפודים,יחידה,1.00,יחידה,false,0,2.90,2.90,true,1,
7290002008187,false,קשים מתקפלים 40 יח',הנמל,IL,קשים מתקפלים,יחידה,1.00,יחידה,false,0,0.70,0.70,true,1,
7290002008354,false,מפת שולחן פלסטיק 8 יחידו,הנמל,IL,מפת שולחן פלסטיק,יחידה,1.00,יחידה,false,0,8.00,8.00,true,1,
7290002008460,false,עטרות חום מס' 1.5 קופסא,הנמל,IL,עטרות חום,יחידה,1.00,יחידה,false,0,3.30,3.30,true,1,
7290002008934,false,סוכריות לקישוט 200 גרם,הנמל,IL,סוכריות לקישוט,גרמים,200.00,100 גרם,false,0,7.90,3.95,true,1,
7290002013006,false,פסטרמה מקסיקנית במשקל,זוגלובק,IL,פסטרמה מקסיקנית,קילוגרמים,0.00,"ק""ג",true,0,77.00,77.00,true,1,
7290002013037,false,פסטרמה פרגיות במשקל,זוגלובק,IL,פסטרמה פרגיות,קילוגרמים,0.00,"ק""ג",true,0,77.00,77.00,true,1,
7290002013174,false,פסטרמה של פעם במשקל,זוגלובק,IL,פסטרמה של פעם,קילוגרמים,0.00,"ק""ג",true,0,78.00,78.00,true,1,
7290002013914,false,סלמי מעושן ללא משמר לקג,זוגלובק,IL,סלמי מעושן,קילוגרמים,0.00,"ק""ג",true,1,76.00,76.00,true,1,
7290002019787,false,רסק עגבניות 22% 260 גרם,פרי ניר,IL,רסק עגבניות,גרמים,260.00,100 גרם,false,0,3.30,1.27,true,1,
7290002022923,false,לקקן פופ תות 50 יחידות,כרמית,IL,לקקן פופ תות,גרמים,450.00,100 גרם,false,0,12.70,2.82,true,1,
7290002024781,false,מעדן חציל במשקל,סלטי שמיר,IL,מעדן חציל במשקל,קילוגרמים,0.00,"ק""ג",true,0,33.00,33.00,true,1,
7290002037309,false,לחמניות המבורגר 50*8 גרם,מאפית ברמן,IL,8לחמניות המבורגר,גרמים,400.00,100 גרם,false,0,10.00,2.50,true,1,
7290002057017,false,זיתים ירוקים נובו ענק560,קבוצת יבנה,IL,זיתים ירוקים,גרמים,560.00,100 גרם,false,1,9.10,1.63,true,1,
7290002057123,false,מנזנילו ירוק ל.גלעין540ג,קבוצת יבנה,IL,זית ללא גלעין,גרמים,540.00,100 גרם,false,0,8.10,1.50,true,1,
7290002057161,false,זית חתוך במרינד 540 גרם,קבוצת יבנה,IL,זית חתוך במרינד,גרמים,540.00,100 גרם,false,0,9.20,1.70,true,1,
7290002057185,false,טבעות זיתים ירוקים540גרם,קבוצת יבנה,IL,טבעות זיתים,גרמים,540.00,100 גרם,false,0,8.80,1.63,true,1,
7290002057352,false,מלפפונים 7-9 במלח 540גרם,קבוצת יבנה,IL,מלפפון במלח 7-9,גרמים,540.00,100 גרם,false,0,5.80,1.07,true,1,
7290002057376,false,מלפ. במלח קטן13-17 540גר,קבוצת יבנה,IL,מלפפונים במלח,גרמים,540.00,100 גרם,false,0,8.30,1.54,true,1,
7290002057451,false,מלפפונים בחומץ 7-9 540גר,קבוצת יבנה,IL,מלפפונים בחומץ,גרמים,540.00,100 גרם,false,0,5.80,1.07,true,1,
7290002057628,false,טבעות זיתים מושחרים540גר,קבוצת יבנה,IL,טבעות זיתים מושחרים540גר,גרמים,540.00,100 גרם,false,0,9.30,1.72,true,1,
7290002065555,false,לחמניות בשקית 75*6 גרם,מאפיית שלמה א. אנג'ל,IL,6 לחמניות בשקית,גרמים,450.00,100 גרם,false,0,9.80,2.18,true,1,
7290002065616,false,לחם שיפון גרעינים 750גרם,מאפיית שלמה א. אנג'ל,IL,לחם שיפון,גרמים,750.00,100 גרם,false,0,11.00,1.47,true,1,
7290002065623,false,לחם שיפון כפרי 750 גרם,מאפיית שלמה א. אנג'ל,IL,לחם שיפון כפרי 750 גרם,גרמים,750.00,100 גרם,false,0,11.00,1.47,true,1,
7290002077268,false,מיני קציצות דג לבישול 00,נטו,IL,קציצות דג,גרמים,500.00,100 גרם,false,0,18.70,3.74,true,1,
7290002107071,false,פטה עיזים מעודנת16% 200ג,משק צוריאל תבור,IL,גבינת פטה עיזים,גרמים,200.00,100 גרם,false,0,21.00,10.50,true,1,
7290002107316,false,גבינת טבורוג 5% משקל,משק צוריאל תבור,IL,גבינת טבורוג 5%,קילוגרמים,0.00,"ק""ג",true,0,41.00,41.00,true,1,
7290002107385,false,מה-עז גב.עיזים בגליל180ג,משק צוריאל תבור,IL,גבינת עיזים,גרמים,180.00,100 גרם,false,0,19.90,11.06,true,1,
7290002107743,false,צפתית מעודנת5%משק צוריאל,משק צוריאל תבור,IL,גבינה צפתית 5%,קילוגרמים,0.00,"ק""ג",true,0,41.00,41.00,true,1,
7290002109334,false,קציצות דג סלמון לבישול 0,דלידג - נטו,GB,קציצות דג,גרמים,750.00,100 גרם,false,0,25.50,3.40,true,1,
7290002109372,false,בורקס פילו גבינה בולגרית,"שגמור בע""מ",IL,בורקס פילו גבינה,גרמים,700.00,100 גרם,false,0,19.50,2.79,true,1,
7290002130567,false,דבש טהור יד מרדכי 350גרם,יד מרדכי,IL,דבש טהור,גרמים,350.00,100 גרם,false,0,18.20,5.20,true,1,
7290002130574,false,דבש מפרחי בר יד מרדכי500,יד מרדכי,IL,דבש מפרחי בר,גרמים,500.00,100 גרם,false,0,24.40,4.88,true,1,
7290002133094,false,ברינזה צאן 20% במשקל,מחלבת השומרון,IL,גבינה ברינזה צאן,קילוגרמים,0.00,"ק""ג",true,0,79.00,79.00,true,1,
7290002139898,false,אנטריקוט עם עצם טרי ארוז,תנובה,IL,אנטריקוט עם עצם טרי ארוז,קילוגרמים,0.00,"ק""ג",true,0,119.50,119.50,true,1,
7290002150862,false,קובה בורגול בשר 400 גרם,חמים וטעים,IL,קובה בשר400גרם,גרמים,400.00,100 גרם,false,1,12.60,3.15,true,1,
7290002157182,false,ג'לטין 28 גרם,גואנגדונג מיניאנג,CN,ג'לטין,גרמים,28.00,100 גרם,false,1,9.80,35.00,true,1,
7290002204275,false,קיווי פרימיום,קטיף,IL,קיווי פרימיום,קילוגרמים,0.00,"ק""ג",true,1,19.90,19.90,true,1,
7290002253181,false,כוסברה קצוצה מגשית 70 גר,דורות,IL,כוסברה קצוצה,גרמים,70.00,100 גרם,false,0,9.90,14.14,true,1,
7290002277446,false,בצק פריך מלוח 900 גרם,שלושת האופים,IL,בצק פריך מלוח,גרמים,900.00,100 גרם,false,1,21.20,2.36,true,1,
7290002277804,false,פילה נסיכת נילוס קפוא לק,נטו,IL,פילה נסיכת נילוס,קילוגרמים,0.00,"ק""ג",true,1,34.10,34.10,true,1,
7290002320487,false,"מעדן 100% מישמש ללת""ס284",בית יצחק,IL,מעדן מישמש,גרמים,284.00,100 גרם,false,0,14.40,5.07,true,1,
7290002323198,false,ספרינג מיץ תפוחים 1.5 ל',יפאורה שותפות מובגלת לשיווק,IL,ספרינג תפוחים,ליטרים,1.50,ליטר,false,0,5.90,3.93,true,1,
7290002323822,false,מיץ אשכוליות קריסטל2ליטר,יפאורה שותפות מובגלת לשיווק,IL,קריסטל אשכוליות,ליטרים,2.00,ליטר,false,0,3.50,1.75,true,1,
7290002323846,false,משקה קל מנגו 2 ליטר,יפאורה שותפות מובגלת לשיווק,IL,קריסטל מנגו,ליטרים,2.00,ליטר,false,0,3.50,1.75,true,1,
7290002327059,false,"בצק עלים 1 ק""ג",אופרה,IL,בצק עלים מרודד,קילוגרמים,1.00,"ק""ג",false,0,18.80,18.80,true,1,
7290002327073,false,בורקס גבינה 800 גרם,אופרה,IL,בורקס גבינה,גרמים,800.00,100 גרם,false,0,20.90,2.61,true,1,
7290002331148,false,נביעות+טעם תפוח 1.5 ליטר,נביעות טבע,IL,נביעות+תפוח,ליטרים,1.50,ליטר,false,0,7.50,5.00,true,1,
7290002331179,false,נביעות+טעם אפרסק 1.5ליטר,נביעות טבע,IL,נביעות+אפרסק,ליטרים,1.50,ליטר,false,0,7.50,5.00,true,1,
7290002331490,false,נביעות מים מינרלים 1 ל,נביעות טבע,IL,מים נביעות,ליטרים,1.00,ליטר,false,0,2.00,2.00,true,1,
7290002332022,false,נביעות+משמש אננס 1.5ליטר,נביעות טבע,IL,נביעות+משמש אננס,ליטרים,1.50,ליטר,false,0,7.50,5.00,true,1,
7290002363491,false,"יין קונדיטון 750 מ""ל",הכורמים,IL,יין קונדיטון,מיליליטרים,750.00,"100 מ""ל",false,0,29.60,3.95,true,1,
7290002363798,false,יין לקידוש עונג שבת750מל,הכורמים,IL,יין עונג שבת,מיליליטרים,750.00,"100 מ""ל",false,0,15.10,2.01,true,1,
7290002371571,false,פסטרמה פרגיות לבגט במשקל,טירת צבי,IL,פסטרמה פרגיות,קילוגרמים,0.00,"ק""ג",true,0,77.00,77.00,true,1,
7290002371854,false,"נקניקיות עוף חריפות 1ק""ג",טירת צבי,IL,נקניקיות עוף,קילוגרמים,1.00,"ק""ג",false,0,27.90,27.90,true,1,
7290002385196,false,רוקפור דייניש בלו29%משקל,.,DK,גבינת רוקפור בלו,קילוגרמים,0.00,"ק""ג",true,1,76.00,76.00,true,1,
7290002385738,false,מנצ'גו משולשים,,,מנצ'גו משולשים,קילוגרמים,0.00,"ק""ג",true,0,116.00,116.00,true,1,
7290002385745,false,פקורינו משולשים,,,פקורינו משולשים,קילוגרמים,0.00,"ק""ג",true,0,116.00,116.00,true,1,
7290002415282,false,חציל בטעם כבד במשקל,סלטי שמיר,IL,חציל בטעם כבד במשקל,קילוגרמים,0.00,"ק""ג",true,0,33.00,33.00,true,1,
7290002439080,false,פיצה ביס 100%גבינה 700גר,נטו,IL,פיצה ביס 100%גבי,גרמים,700.00,100 גרם,false,8,24.40,3.49,true,1,
7290002439981,false,קלאסיקו קבב בקר אלגאוצ'ו,אלגרצ'ו,IL,קלאסיקו קבב,גרמים,400.00,100 גרם,false,1,20.40,5.10,true,1,
7290002439998,false,קלאסיקו קבב בקר וכבש אלג,אלגרצ'ו,IL,קלאסיקו קבב,גרמים,400.00,100 גרם,false,1,20.40,5.10,true,1,
7290002472148,false,עוגת קצפת בלק פורסט600גר,גידרון,IL,עוגת בלק פורסט,גרמים,600.00,100 גרם,false,0,34.10,5.68,true,1,
7290002472209,false,מאפין שוקו וניל 550 גרם,גידרון,IL,מאפין שוקו וני,יחידה,1.00,יחידה,false,0,19.50,19.50,true,1,
7290002472223,false,עוגת מאפין תפוז 550 גרם,גידרון,IL,עוג.מאפין תפוז,יחידה,1.00,יחידה,false,0,19.50,19.50,true,1,
7290002479109,false,"דבש מפרחי בר 1 ק""ג",מכוורת עמק חפר,IL,דבש מפרחי בר,גרמים,1000.00,100 גרם,false,0,39.40,3.94,true,1,
7290002479352,false,דבש מפרחי בר 350 גרם,מכוורת עמק חפר,IL,דבש מפרחי בר,גרמים,350.00,100 גרם,false,0,17.00,4.86,true,1,
7290002485445,false,טונה עם ירקות 250גרם,סלטי שמיר,IL,סלט טונה+ירקות,גרמים,250.00,100 גרם,false,0,16.00,6.40,true,1,
7290002487425,false,עוג.אוראו שוקולד חלב176ג,מונדלייז,ES,עוגיות אוראו,גרמים,176.00,100 גרם,false,0,8.70,4.94,true,1,
7290002487531,false,סטייק טונה,,,סטייק טונה,קילוגרמים,0.00,"ק""ג",true,0,34.10,34.10,true,1,
7290002487739,false,עוג.אוראו פאדג שוק.חל246,מונדלייז,ES,עוגיות אוראו,גרמים,246.00,100 גרם,false,0,18.30,7.44,true,1,
7290002487746,false,עוג.אוראו פאדג שוק.לב246,מונדלייז,ES,עוגיות אוראו,גרמים,246.00,100 גרם,false,0,18.30,7.44,true,1,
7290002515371,false,קמיל בלו אל סבון נוזלי1ל,פישר  מעבדות  פרמצבטיות,IL,קמיל בלו לתינוק,ליטרים,1.00,ליטר,false,0,25.00,25.00,true,1,
7290002517290,false,קינמון טחון 40 גרם,תבליני טעם וריח,IL,קינמון טחון,גרמים,40.00,100 גרם,false,0,6.70,16.75,true,1,
7290002517801,false,צ'ילי כתוש חריף 30 גרם,תבליני טעם וריח,IL,צ'ילי כתוש חריף,גרמים,30.00,100 גרם,false,0,6.60,22.00,true,1,
7290002541370,false,משקה סויה אלפרו 1 ליטר,אלפרו,IL,משקה סויה טבעי,ליטרים,1.00,ליטר,false,0,11.80,11.80,true,1,
7290002541981,false,משקה סויה ללא תוספת סוכר,אלפרו,IL,משקה סויה,ליטרים,1.00,ליטר,false,0,11.80,11.80,true,1,
7290002543176,false,קלוג'ס מבחר 8 דגנים,קלוג'ס,GB,קלוגס 8 מנות,יחידה,1.00,יחידה,false,0,21.20,21.20,true,1,
7290002577966,false,נתחי עוף פיקנטי 450ג',שגב,IL,נתחי עוף פיקנטי,גרמים,450.00,100 גרם,false,1,28.90,6.42,true,1,
7290002661115,false,"לחם הולנדי 1.200 ק""ג",מאפית ברמן,IL,לחם הולנדי,קילוגרמים,1.20,"ק""ג",false,0,15.10,12.58,true,1,
7290002661153,false,"לחם דני קל 1 ק""ג",מאפית ברמן,IL,לחם דני קל,גרמים,1000.00,100 גרם,false,0,15.80,1.58,true,1,
7290002663805,false,שוופס טוניק 1.5 ליטר,יפאורה שותפות מובגלת לשיווק,IL,שוופס מי טוניק,ליטרים,1.50,ליטר,false,0,8.40,5.60,true,1,
7290002692393,false,שמן קנולה מועשר 1 ליטר,שמן תעשיות,IL,שמן קנולה מועשר,ליטרים,1.00,ליטר,false,0,12.60,12.60,true,1,
7290002706915,false,"פילה נסיכת נילוס ק""ג",דלידג - נטו,IL,פילה נסיכת נילוס,קילוגרמים,0.00,"ק""ג",true,0,34.10,34.10,true,1,
7290002715375,false,קבב יוני 400 גרם,טיבון ויל - נטו,IL,קבב יווני,גרמים,400.00,100 גרם,false,0,17.00,4.25,true,1,
7290002715511,false,מג'יק אטריות,,,מג'יק אטריות,גרמים,70.00,100 גרם,false,0,3.90,5.57,true,1,
7290002715528,false,מג'יק אטריות,,SG,מג'יק אטריות,גרמים,70.00,100 גרם,false,0,3.90,5.57,true,1,
7290002730262,false,פלמוליב קלאסי ירוק 750מל,קולגייט-פלמוליב,GR,פלמוליב לכלים,מיליליטרים,750.00,"100 מ""ל",false,0,9.60,1.28,true,1,
7290002730316,false,משחת שיניים קולגייט3 75*,קולגייט-פלמוליב,IL,משחת שיניים,מיליליטרים,225.00,"100 מ""ל",false,0,17.00,7.56,true,1,
7290002730354,false,12 תחבושות הגיינה וניה,ג'ונסון,BE,תחבושות הגיינה,יחידה,1.00,יחידה,false,0,24.10,24.10,true,1,
7290002730668,false,משחת קולגייט לחניכיים100,קולגייט-פלמוליב,PL,משחת קולגייט לחניכיים100,מיליליטרים,100.00,"100 מ""ל",false,0,11.00,11.00,true,1,
7290002730675,false,"משחת קולגייט אדום 100מ""ל",קולגייט-פלמוליב,PL,משחת שיניים,מיליליטרים,100.00,"100 מ""ל",false,0,9.80,9.80,true,1,
7290002730941,false,"צמר גפן פרוס ""בלונס100""ג",ספטונה,GR,צמר גפן פרוס,גרמים,100.00,100 גרם,false,0,5.00,5.00,true,1,
7290002741169,false,דאב תחליב רחצה פיסטוק500,יוניליוור,DE,תחליב רחצה דאב,מיליליטרים,500.00,"100 מ""ל",false,0,16.70,3.34,true,1,
7290002752349,false,סוכ. מנטוס מנטה 37.5 גרם,מנטוס,NL,סוכריות מנטוס,גרמים,37.00,100 גרם,false,0,3.40,9.19,true,1,
7290002757511,false,קציצות דג לבישול 750 גרם,דלידג - נטו,IL,קציצות דג,גרמים,750.00,100 גרם,false,0,25.50,3.40,true,1,
7290002757535,false,בור.פילו אצבעות גב700.גר,"שגמור בע""מ",IL,פילו אצבעות,גרמים,700.00,100 גרם,false,0,19.00,2.71,true,1,
7290002757542,false,אטריות קדאיף 400 גרם,"שגמור בע""מ",IL,אטריות קדאיף,גרמים,400.00,100 גרם,false,0,16.30,4.08,true,1,
7290002766056,false,שרי תמר יחידה,קטיף,IL,שרי לב אדום  יח,יחידה,1.00,יחידה,false,1,10.90,10.90,true,1,
7290002768043,false,מי פה תיאדנט+פלאוריד150מ,קרליין,IL,מי פה תיאדנט,מיליליטרים,150.00,"100 מ""ל",false,0,15.60,10.40,true,1,
7290002771111,false,קפה אל נח'לה עם הל250גרם,קפה אל נח'לה,IL,קפה עם הל,גרמים,250.00,100 גרם,false,0,15.80,6.32,true,1,
7290002775010,false,מיני בורקס פילו גבינה 50,"שגמור בע""מ",IL,מיני בורקס פילו,גרמים,650.00,100 גרם,false,0,19.00,2.92,true,1,
7290002782131,false,דאודורנט פ.רוזנבלום150מל,"ביסקול בע""מ",IL,דאודורנט פנינה,מיליליטרים,150.00,"100 מ""ל",false,0,17.00,11.33,true,1,
7290002787068,false,סטייק טונה בהירה קפוא לק,.,IL,סטייק טונה קפוא,קילוגרמים,0.00,"ק""ג",true,1,42.60,42.60,true,1,
7290002812522,false,פרלמנט ארוך RCB חפיסה,פיליפ מוריס,,פרלמנט ארוך יח,יחידה,1.00,יחידה,false,0,38.50,38.50,false,1,
7290002814047,false,אקונומיקה קצף ניקוי750מ,קומפלקס כימיקלים,IL,אקונומיקה קצף,מיליליטרים,750.00,"100 מ""ל",false,1,5.00,0.67,true,1,
7290002814214,false,"קצף ניקוי אבן 750 מ""ל",קומפלקס כימיקלים,IL,קצף ניקוי,מיליליטרים,750.00,"100 מ""ל",false,0,5.00,0.67,true,1,
7290002814528,false,נוזל לאסלה מס' 1 1 ליטר,קומפלקס כימיקלים,IL,נוזל לאסלה מס' 1,ליטרים,1.00,ליטר,false,0,4.20,4.20,true,1,
7290002824183,false,גב.סקי משפחתי5%שומן500ג,שטראוס,IL,גבינת סקי 5%,גרמים,500.00,100 גרם,false,0,7.86,1.57,true,1,
7290002824466,false,יוגורט ביו 0% דנונה 200ג,שטראוס,IL,יוגורט ביו 0%,גרמים,200.00,100 גרם,false,0,3.10,1.55,true,1,
7290002824640,false,גב.סקי5%לבנה מעודנת250ג,שטראוס,IL,גבינת סקי 5%,גרמים,250.00,100 גרם,false,0,3.93,1.57,true,1,
7290002825722,false,כרוב אדום אחלה 500 גרם,שטראוס,IL,סלט כרוב אחלה,גרמים,500.00,100 גרם,false,0,13.50,2.70,true,1,
7290002842002,false,קואקר אנגלי,,GB,קואקר אנגלי,גרמים,500.00,100 גרם,false,0,10.60,2.12,true,1,
7290002842545,false,משקה חמוציות,,,משקה חמוציות,מיליליטרים,946.00,"100 מ""ל",false,0,10.90,1.15,true,1,
7290002852724,false,ל.מ. בלו לייבל קצר,פיליפ מוריס,US,ל.מ. בלו לייבל,יחידה,1.00,יחידה,false,0,34.00,34.00,false,1,
7290002862017,false,שום כתוש 250 גרם,"הררית מזון בע""מ",IL,שום כתוש,גרמים,250.00,100 גרם,false,0,11.00,4.40,true,1,
7290002868446,false,גב.מותכת ניו-יורק 25*4גר,טרה,IL,גבינה מותכת,גרמים,100.00,100 גרם,false,0,4.20,4.20,true,1,
7290002868996,false,קוטג' 5%מועשר בסידן 250ג,טרה,IL,קוטג' 5% מועשר,גרמים,250.00,100 גרם,false,0,4.70,1.88,true,1,
7290002871248,false,"טובורג רד בק.חוזר 500מ""ל",קרלסברג ישראל,IL,בירה טובורג רד,מיליליטרים,500.00,"100 מ""ל",false,0,7.80,1.56,true,1,
7290002871361,false,בירה קרלסברג בק.חוזר500מ,קרלסברג ישראל,IL,בירה קרלסברג,מיליליטרים,500.00,"100 מ""ל",false,0,8.00,1.60,true,1,
7290002871446,false,פריגת ענבים 1.5 ליטר,פריגת,IL,פריגת ענבים,ליטרים,1.50,ליטר,false,0,6.40,4.27,true,1,
7290002871460,false,פריגת תפוזים 1.5 ליטר,פריגת,IL,פריגת תפוזים,ליטרים,1.50,ליטר,false,0,6.40,4.27,true,1,
7290002871477,false,פריגת אשכוליות 1.5 ליטר,פריגת,IL,פריגת אשכוליות,ליטרים,1.50,ליטר,false,0,6.40,4.27,true,1,
7290002876326,false,פרלמנט קצר בלו בודד,פיליפ מוריס,IL,פרלמנט קצר בלו,יחידה,1.00,יחידה,false,0,38.50,38.50,false,1,
7290002881920,false,מרלבורו גולד 100 בוקס,פיליפ מוריס,IL,מרלבורו גולד,יחידה,1.00,יחידה,false,0,36.00,36.00,false,1,
7290002900313,false,פסטרמה ספרדית במשקל,טירת צבי,IL,פסטרמה ספרדית,קילוגרמים,0.00,"ק""ג",true,0,77.00,77.00,true,1,
7290002909514,false,סטייק טונה קפוא קג,בלדי,IL,סטייק טונה,קילוגרמים,0.00,"ק""ג",true,1,34.10,34.10,true,1,
7290002920311,false,גבינת קממבר,,IL,גבינת קממבר,קילוגרמים,0.00,"ק""ג",true,0,107.00,107.00,true,1,
7290002921332,false,אסטוניש סבון לכתמים 75גר,אסטוניש -לידס,GB,אסטוניש לכתמי,גרמים,75.00,100 גרם,false,0,12.70,16.93,true,1,
7290002929512,false,פלאפל 500 גרם,שלושת האופים,IL,פלאפל,גרמים,500.00,100 גרם,false,0,11.70,2.34,true,1,
7290002929536,false,קובה למרק 600 גרם,שלושת האופים,IL,קובה למרק,גרמים,600.00,100 גרם,false,0,14.30,2.38,true,1,
7290002973218,false,מסוג פטה 16%,,HU,מסוג פטה 16%,גרמים,400.00,100 גרם,false,0,17.70,4.43,true,1,
7290002987963,false,"חומוס אחלה 1 ק""ג",שטראוס,IL,"חומוס אחלה 1 ק""ג",קילוגרמים,1.00,"ק""ג",false,0,12.70,12.70,true,1,
7290003009183,false,"סירופ תפוחים דיאט 750מ""ל",פריגת,IL,סירופ תפוחים,מיליליטרים,750.00,"100 מ""ל",false,0,16.80,2.24,true,1,
7290003009596,false,סירופ אשכוליות דיאט750מל,פריגת,IL,סירופ אשכוליות,מיליליטרים,750.00,"100 מ""ל",false,0,16.80,2.24,true,1,
7290003023165,false,שוקו בכד יטבתה 2 ליטר,יטבתה,IL,שוקו בכד יטבתה,ליטרים,2.00,ליטר,false,0,17.00,8.50,true,1,
7290003026036,false,קמיל בלו סנסיטיב ורוד 1ל,פישר  מעבדות  פרמצבטיות,IL,אל סבון קמיל בלו,ליטרים,1.00,ליטר,false,0,18.70,18.70,true,1,
7290003029037,false,שוקו בקרטון יטבתה 0.5 ל',יטבתה,IL,שוקו יטבתה קרטון,מיליליטרים,500.00,"100 מ""ל",false,0,6.00,1.20,true,1,
7290003029181,false,שוקו יטבתה בבקבוק 1 ליטר,יטבתה,IL,שוקו יטבתה,ליטרים,1.00,ליטר,false,0,8.50,8.50,true,1,
7290003029266,false,מילק שייק שוקו יטבתה400מ,יטבתה,IL,מילק שייק שוקו,מיליליטרים,400.00,"100 מ""ל",false,0,5.90,1.48,true,1,
7290003029372,false,משקה חלב בננה בקבוק 1 ל',יטבתה,IL,משקה חלב בננה,ליטרים,1.00,ליטר,false,0,8.50,8.50,true,1,
7290003029433,false,שוקו יטבתה+פקק נשלף 250מ,יטבתה,IL,שוקו יטבתה,מיליליטרים,250.00,"100 מ""ל",false,0,4.50,1.80,true,1,
7290003029617,false,"שמנת מנה אישית 100 מ""ל",יטבתה,IL,שמנת מנה אישית,מיליליטרים,100.00,"100 מ""ל",false,0,1.60,1.60,true,1,
7290003029792,false,שוקו יטבתה מארז 225*8 מל,יטבתה,IL,שקיות שוקו 8 יח',ליטרים,1.80,ליטר,false,0,17.10,9.50,true,1,
7290003029815,false,חלב מועשר יטבתה 3%כד 2ל',יטבתה,IL,חלב מועשר יטבתה,ליטרים,2.00,ליטר,false,0,13.30,6.65,true,1,
7290003029907,false,אייס קפה יטבתה 2% 1ל,יטבתה,IL,אייס קפה יטבתה,ליטרים,1.00,ליטר,false,0,8.50,8.50,true,1,
7290003047635,false,ליפטון ילו לייבל25שק1.5*,יוניליוור,IN,תה ילו לייבל,גרמים,37.00,100 גרם,false,0,4.20,11.35,true,1,
7290003069583,false,סטייק סלמון פרוס נורווגי,דלידג - נטו,XX,סטייק סלמון,קילוגרמים,0.00,"ק""ג",true,0,55.40,55.40,true,1,
7290003069682,false,בצק פילאס 500 גרם,"שגמור בע""מ",IL,בצק פילאס,גרמים,500.00,100 גרם,false,0,16.80,3.36,true,1,
7290003107216,false,"קמח לבן 1 ק""ג",טחנת קמח דגן לישראל,IL,קמח לבן,קילוגרמים,1.00,"ק""ג",false,0,5.00,5.00,true,1,
7290003107223,false,"סולת 1 ק""ג",טחנת קמח דגן לישראל,IL,סולת,קילוגרמים,1.00,"ק""ג",false,0,4.90,4.90,true,1,
7290003140237,false,סילאן בקבוק לחיץ 360 גרם,טעמי הגליל,IL,סילאן בקבוק לחיץ,גרמים,360.00,100 גרם,false,1,12.70,3.53,true,1,
7290003141159,false,מרשמלו יוגטה 180 גרם,סאאדת,IL,מרשמלו יוגטה,גרמים,180.00,100 גרם,false,0,7.50,4.17,true,1,
7290003143139,false,סילאן 900 גרם,טעמי הגליל,IL,סילאן 900 גרם,גרמים,900.00,100 גרם,false,0,12.80,1.42,true,1,
7290003143146,false,ממרח תמרים גת 450 גרם,טעמי הגליל,IL,ממרח תמרים,גרמים,450.00,100 גרם,false,0,5.50,1.22,true,1,
7290003144082,false,עוגות אישיות צ'וקטה300גר,קונדיטוריה אס.פי.אי,IT,עוגות אישיות,גרמים,300.00,100 גרם,false,1,8.40,2.80,true,1,
7290003144457,false,שוקולד חלב צ'וקטה 100גרם,אייברקקאו אס.אי.וי,ES,שוקולד חלב,גרמים,100.00,100 גרם,false,1,4.20,4.20,true,1,
7290003144495,false,אבקת משקה שוקו צ'וקטה850,אייברקקאו אס.אי.,ES,אבקת שוקו צ'וקטה,גרמים,850.00,100 גרם,false,1,10.00,1.18,true,1,
7290003158980,false,מארז פיתה פרנה 3יח180*גר,מאפיית אורן משי,IL,פיתה פרנה,גרמים,540.00,100 גרם,false,0,10.10,1.87,true,1,
7290003185719,false,קבב רומני 500 גרם,טיבון ויל - נטו,IL,קבב רומני,גרמים,500.00,100 גרם,false,0,17.00,3.40,true,1,
7290003186822,false,שניצל נסיכה(במבינו700)גר,דלידג - נטו,IL,שניצל נסיכה700גר,גרמים,700.00,100 גרם,false,0,21.20,3.03,true,1,
7290003187843,false,טחון עגל 100% 500 גרם,טיבון ויל - נטו,IL,טחון עגל 100%,גרמים,500.00,100 גרם,false,0,25.50,5.10,true,1,
7290003189045,false,בנוסח הולנדית 26% משקל,תעש' מזון יבנה,IL,בנוסח הולנדית,קילוגרמים,0.00,"ק""ג",true,0,34.00,34.00,true,1,
7290003189199,false,מעדן חריפה 26% במשקל,תעש' מזון יבנה,IL,מעדן חריפה,קילוגרמים,0.00,"ק""ג",true,0,34.00,34.00,true,1,
7290003189274,false,בנוסח מעושנת גליל26%משקל,תעש' מזון יבנה,IL,בנוסח מעושנת,קילוגרמים,0.00,"ק""ג",true,0,33.00,33.00,true,1,
7290003189380,false,מעדן עם שום ושמיר26%משקל,תעש' מזון יבנה,IL,מעדן עם שום שמיר,קילוגרמים,0.00,"ק""ג",true,0,33.00,33.00,true,1,
7290003208593,false,מרטיני לבן דריי,,,מרטיני לבן דריי,מיליליטרים,750.00,"100 מ""ל",false,0,53.10,7.08,true,1,
7290003220502,false,"מי קוקוס 400 מ""ל",תאי קוקונאט,TH,מי קוקוס,מיליליטרים,400.00,"100 מ""ל",false,0,6.60,1.65,true,1,
7290003220519,false,"קרם קוקוס גולד 400 מ""ל",אזיאטיק אגרו אינדסטרי,TH,קרם קוקוס גולד,מיליליטרים,400.00,"100 מ""ל",false,0,9.70,2.43,true,1,
7290003220595,false,"אורז לסושי 1 ק""ג",מיה,TH,אורז לסושי,קילוגרמים,1.00,"ק""ג",false,0,9.30,9.30,true,1,
7290003220601,false,רוטב צ'ילי מתוק ווק300מ,תאי פרידה אינדסטרי,TH,רוטב צ'ילי ווק,מיליליטרים,300.00,"100 מ""ל",false,0,9.80,3.27,true,1,
7290003220649,false,שמן שומשום 100% טהור150מ,הן צק'ינג הינג,SG,שמן שומשום,מיליליטרים,150.00,"100 מ""ל",false,1,12.70,8.47,true,1,
7290003220687,false,אבקת וואסבי 35 גרם,לאנה פרודקטס,TH,אבקת וואסבי,גרמים,35.00,100 גרם,false,0,15.50,44.29,true,1,
7290003220700,false,מחצלת לגלגול סושי 1 יחיד,קוסומאי במבוק,TH,מחצלת גלגול סושי,יחידה,1.00,יחידה,false,0,4.10,4.10,true,1,
7290003220748,false,"רוטב סויה בהירה 640 מ""ל",ליאנג סאנג האנד,TH,רוטב סויה בהירה,מיליליטרים,640.00,"100 מ""ל",false,0,9.30,1.45,true,1,
7290003220878,false,"רוטב מירין לתיבול 500מ""ל",דיאמונד פריזרוד פודס,TH,רוטב מירין,מיליליטרים,500.00,"100 מ""ל",false,0,14.40,2.88,true,1,
7290003220946,false,דפי אורז 300 גרם,BMT,TH,דפי אורז 300 גרם,גרמים,300.00,100 גרם,false,0,11.70,3.90,true,1,
7290003229109,false,פסטרמה בפפריקה 400 גרם,טירת צבי,IL,פסטרמה בפפריקה,גרמים,400.00,100 גרם,false,0,30.70,7.68,true,1,
7290003229116,false,פסטרמה הודו בדבש 400 גרם,טירת צבי,IL,פסטרמה הודו בדבש,גרמים,400.00,100 גרם,false,0,30.70,7.68,true,1,
7290003229154,false,סלמי קוניאק 300 גרם,טירת צבי,IL,סלמי קוניאק,גרמים,300.00,100 גרם,false,0,27.70,9.23,true,1,
7290003229192,false,פסטרמה כתף בקר מעושן 400,טירת צבי,IL,פסטרמה כתף בקר,גרמים,400.00,100 גרם,false,0,32.90,8.23,true,1,
7290003231508,false,שמפו פינוק עם קרטין 700,יוניליוור,IL,שמפו פינוק,מיליליטרים,700.00,"100 מ""ל",false,0,12.70,1.81,true,1,
7290003231607,false,מרכך פינוק עם קרטין 700,יוניליוור,IL,מרכך פינוק,מיליליטרים,700.00,"100 מ""ל",false,0,12.70,1.81,true,1,
7290003321155,false,דנונה בר פקאן 183 גרם,שטראוס,IL,דנונה בר פקאן,גרמים,183.00,100 גרם,false,0,4.00,2.19,true,1,
7290003321292,false,גב.סקי 9% שומן 250 גרם,שטראוס,IL,גבינת סקי 9%,גרמים,250.00,100 גרם,false,0,3.90,1.56,true,1,
7290003331017,false,מפה שולחן עבה שק,,IL,מפה שולחן עבה שק,יחידה,1.00,יחידה,false,0,12.70,12.70,true,1,
7290003387410,false,פדים להסרת איפור 80*3 יח,ספטונה,GR,פדים בלונס 3 יח,יחידה,1.00,יחידה,false,0,13.50,13.50,true,1,
7290003411993,false,גפרורים 10 יח',הנמל,IL,גפרורים,יחידה,1.00,יחידה,false,0,3.10,3.10,true,1,
7290003423909,false,חטיף שוק.לבן שברי עוג43.,הרשי שוקולד,US,חטיף שוקולד לבן,גרמים,43.00,100 גרם,false,0,4.10,9.53,true,1,
7290003427154,false,"שמן זית כתית מעולה750מ""ל",זיתא,IL,שמן זית כתית,מיליליטרים,750.00,"100 מ""ל",false,0,34.10,4.55,true,1,
7290003438020,false,ממרח עגבניות 190 גרם,אוליביה,IL,ממרח עגבניות,גרמים,190.00,100 גרם,false,0,12.30,6.47,true,1,
7290003438617,false,אריסה חריפה 140 גרם,אוליביה,,אריסה חריפה,גרמים,140.00,100 גרם,false,0,6.70,4.79,true,1,
7290003438624,false,אריסה מתוקה עם לימון140ג,אוליביה,,אריסה מתוקה,גרמים,140.00,100 גרם,false,0,6.70,4.79,true,1,
7290003438709,false,ממרח זיתים שחורים 190גרם,אוליביה,IL,ממרח זיתים,גרמים,190.00,100 גרם,false,0,12.30,6.47,true,1,
7290003451043,false,סול ארוז קפוא יח,.,IL,סול ארוז,גרמים,1000.00,100 גרם,false,1,17.00,1.70,true,1,
7290003495085,false,בגט רוסטיק,מאפ גדרון,IL,בגט רוסטיק,יחידה,1.00,יחידה,false,0,6.70,6.70,true,1,
7290003514038,false,קראנצ'וס גריל 70 גרם,מנה,IL,קראנצ'וס גריל,גרמים,70.00,100 גרם,false,0,3.30,4.71,true,1,
7290003514045,false,קראנצ'וס ברביקיו 70 גרם,מנה,IL,קראנצ'וס ברביקיו,גרמים,70.00,100 גרם,false,0,3.30,4.71,true,1,
7290003514052,false,קראנצ'וס פלאפל 70 גרם,מנה,IL,קראנצ'וס פלאפל,גרמים,70.00,100 גרם,false,0,3.30,4.71,true,1,
7290003514069,false,קראנצ'וס בצל 70 גרם,מנה,IL,קראנצ'וס בצל,גרמים,70.00,100 גרם,false,0,3.30,4.71,true,1,
7290003514373,false,לבבות קלאסי 40 גרם,מנה,IL,לבבות קלאסי,גרמים,40.00,100 גרם,false,0,3.70,9.25,true,1,
7290003521081,false,סרקל שמפו לילדים 1 ליטר,פישר  מעבדות  פרמצבטיות,IL,סרקל שמפו לילדים,ליטרים,1.00,ליטר,false,0,25.20,25.20,true,1,
7290003550937,false,רגל פרוסה קפוא קג,טיבון ויל - נטו,IL,רגל פרוסה קג,קילוגרמים,0.00,"ק""ג",true,0,30.60,30.60,true,1,
7290003608089,false,ספרינג תות-בננה 1.5 ליטר,יפאורה שותפות מובגלת לשיווק,IL,ספרינג תות בננה,ליטרים,1.50,ליטר,false,0,5.90,3.93,true,1,
7290003643004,false,אורז בסמטי קלאסי בשקית1ק,סוגת,IL,אורז בסמטי קלאסי,קילוגרמים,1.00,"ק""ג",false,0,10.10,10.10,true,1,
7290003643646,false,"סוכר דמררה צנצנת 1 ק""ג",סוגת,IL,"סוכר דמררה צנצנת 1 ק""ג",קילוגרמים,1.00,"ק""ג",false,0,8.50,8.50,true,1,
7290003643752,false,עדשים ירוקות 500 גרם,סוגת,IL,עדשים ירוקות,גרמים,500.00,100 גרם,false,0,6.40,1.28,true,1,
7290003648207,false,מטיאס הולנדי במשקל,סלטי שמיר,IL,מטיאס הולנדי,קילוגרמים,0.00,"ק""ג",true,0,53.00,53.00,true,1,
7290003667109,false,פאנטה אורנג' 1.5 ל',החברה המרכזית לייצור משקאות,IL,פאנטה אורנג',ליטרים,1.50,ליטר,false,0,6.50,4.33,true,1,
7290003667369,false,פריגת מיקס תות-בננה1.5ל,פריגת,IL,פריגת תות בננה,ליטרים,1.50,ליטר,false,0,6.40,4.27,true,1,
7290003719259,false,לחם אקסקלוסיבי שיפ.מלא1ק,מאפית ברמן,IL,לחם אקסקלוסיבי,קילוגרמים,1.00,"ק""ג",false,0,15.00,15.00,true,1,
7290003782130,false,פילה הרינג בשמן במשקל,מעדני מיקי,IL,פילה הרינג בשמ,קילוגרמים,0.00,"ק""ג",true,0,51.00,51.00,true,1,
7290003782147,false,מעדן בטעם לקרדה במשקל,מעדני מיקי,IL,מעד בטעם לקרדה,קילוגרמים,0.00,"ק""ג",true,0,94.00,94.00,true,1,
7290003782208,false,מקרל מעושן מחיר לפי משקל,מעדני מיקי,IL,מקרל מעושן מחיר לפי משקל,קילוגרמים,0.00,"ק""ג",true,0,74.00,74.00,true,1,
7290003782246,false,הרינג כבוש ביתי במשקל,מעדני מיקי,IL,הרינג כבוש בית,קילוגרמים,0.00,"ק""ג",true,0,51.00,51.00,true,1,
7290003796908,false,שריר מס8' מוכשר קפוא קג,נחמיה לחוביץ,IL,שריר מס' 8      קפוא קג,קילוגרמים,0.00,"ק""ג",true,0,29.80,29.80,true,1,
7290003796984,false,כתף מס' 4 מוכשר קג,.,IL,כתף מס' 4 מוכש,קילוגרמים,0.00,"ק""ג",true,0,29.50,29.50,true,1,
7290003804375,false,תיבולית קנור ניחוח צלי72,יוניליוור,IL,תיבולית קנור,גרמים,72.00,100 גרם,false,0,6.70,9.31,true,1,
7290003805501,false,פתית חסכוני שוודית 300גר,יוניליוור,IL,פתית קרקר שוודי,גרמים,300.00,100 גרם,false,0,16.00,5.33,true,1,
7290003805556,false,"ברנפלקס חיטה מלא בד""ץ500",יוניליוור,IL,ברנפלקס תלמה,גרמים,500.00,100 גרם,false,0,22.20,4.44,true,1,
7290003805709,false,"כריות נוגט בד""צ 750 גרם",יוניליוור,IL,כריות נוגט,גרמים,750.00,100 גרם,false,0,23.80,3.17,true,1,
7290003805716,false,נמס בכוס ט.עוף 24*2 גרם,יוניליוור,IL,נמס בכוס ועוד,גרמים,48.00,100 גרם,false,0,6.60,13.75,true,1,
7290003805730,false,נמס בכוס עגבנ.קנור 32*2ג,יוניליוור,IL,נמס בכוס ועוד,גרמים,64.00,100 גרם,false,0,6.60,10.31,true,1,
7290003806584,false,"דאו. דאב ללא סימן 150מ""ל",יוניליוור,GB,דאודורנט דאב,מיליליטרים,150.00,"100 מ""ל",false,1,11.80,7.87,true,1,
7290003806812,false,בדין אקסטרא יערת הדבש960,יוניליוור,TR,מרכך בדין אקסטרא,מיליליטרים,960.00,"100 מ""ל",false,0,12.80,1.33,true,1,
7290003806836,false,"בדין אקסטרא לילך 960 מ""ל",יוניליוור,TR,מרכך בדין אקסטרא,מיליליטרים,960.00,"100 מ""ל",false,0,12.80,1.33,true,1,
7290003903788,false,קפוצ'ינו וניל 200 גרם,עלית,IL,קפוצ'ינו וניל,גרמים,200.00,100 גרם,false,0,23.60,11.80,true,1,
7290003903955,false,שוקולד קרם חלב 100 גרם,שטראוס,IL,שוקולד קרם חלב,גרמים,100.00,100 גרם,false,0,5.50,5.50,true,1,
7290003905331,false,שוק.חלב+שברי אגוזים100גר,שטראוס,IL,שוק.חלב אגוזים,גרמים,100.00,100 גרם,false,0,5.50,5.50,true,1,
7290003989096,false,חציל פיקנטי אחלה 500 גרם,שטראוס,IL,חציל פיקנטי אחלה,גרמים,500.00,100 גרם,false,0,13.50,2.70,true,1,
7290003989539,false,רביולי עם גבינה 400 גרם,שטראוס,IL,רביולי גבינה,גרמים,400.00,100 גרם,false,0,15.30,3.83,true,1,
7290003989553,false,טורטליני עם פטריות 400גר,שטראוס,IL,טורטליני פטריות,גרמים,400.00,100 גרם,false,0,15.30,3.83,true,1,
7290004011789,false,קציצות אלגאוצ'ו 400 גרם,אלגרצ'ו,IL,קציצות אלגאוצ'ו,גרמים,400.00,100 גרם,false,0,20.40,5.10,true,1,
7290004011796,false,קבבונים אלגאוצ'ו 400 גרם,אלגרצ'ו,IL,קבבונים,גרמים,400.00,100 גרם,false,0,20.40,5.10,true,1,
7290004011802,false,צ'וריסוס אלגאוצ'ו 400 גר,טיבון ויל - נטו,IL,צ'וריסוס,גרמים,400.00,100 גרם,false,0,20.40,5.10,true,1,
7290004011826,false,מיני המבורגר אלגאוצו320,אלגרצ'ו,IL,מיני המבורגר,גרמים,320.00,100 גרם,false,0,20.40,6.38,true,1,
7290004030155,false,מיץ רימון תפוח 100% 1ל',פריניב,IL,מיץ רימון תפוח,ליטרים,1.00,ליטר,false,1,16.10,16.10,true,1,
7290004030216,false,נקטר חמוציות 1 ליטר,פריניב,IL,נקטר חמוציות,ליטרים,1.00,ליטר,false,1,10.60,10.60,true,1,
7290004030223,false,מיץ תפוחים סחוט,,IL,מיץ תפוחים סחוט,ליטרים,1.00,ליטר,false,0,12.60,12.60,true,1,
7290004030353,false,נקטר תות בננה,,IL,נקטר תות בננה,ליטרים,1.00,ליטר,false,0,10.60,10.60,true,1,
7290004030414,false,מיץ תפוזים מצונן,,IL,מיץ תפוזים מצונן,ליטרים,2.00,ליטר,false,0,17.00,8.50,true,1,
7290004030445,false,מיץ תפוזים סחוט,,IL,מיץ תפוזים סחוט,ליטרים,1.00,ליטר,false,0,10.60,10.60,true,1,
7290004030605,false,נקטר תמר בננה,,IL,נקטר תמר בננה,ליטרים,1.00,ליטר,false,0,10.60,10.60,true,1,
7290004030612,false,משקה תפוח קיווי,,IL,משקה תפוח קיווי,ליטרים,1.00,ליטר,false,0,12.60,12.60,true,1,
7290004064006,false,תערובת תיבול טוסקנה400ג,מלח הארץ אילת,IL,תיבול טוסקנה,גרמים,400.00,100 גרם,false,1,8.40,2.10,true,1,
7290004068011,false,יוגורט כבשים,,IL,יוגורט כבשים,גרמים,600.00,100 גרם,false,0,15.10,2.52,true,1,
7290004068172,false,יוגורט עזים בדלי,,IL,יוגורט עזים בדלי,גרמים,600.00,100 גרם,false,0,15.30,2.55,true,1,
7290004078225,false,מי פה קולג.פלקס ירוק500מ,קולגייט-פלמוליב,BR,מי פה קולגייט,מיליליטרים,500.00,"100 מ""ל",false,0,17.00,3.40,true,1,
7290004078379,false,קולגייט טוטל פסים מ.ש100,קולגייט-פלמוליב,PL,משחת שיניים,מיליליטרים,100.00,"100 מ""ל",false,0,11.00,11.00,true,1,
7290004078942,false,ליידי ס.סטיק ג'ל מרענן,קולגייט-פלמוליב,US,דאודורנט,גרמים,65.00,100 גרם,false,0,16.10,24.77,true,1,
7290004085513,false,סט יעה פסטל,המברשת רוחמה,IL,סט יעה פסטל,יחידה,1.00,יחידה,false,0,15.30,15.30,true,1,
7290004091248,false,ואזלין טהור 100 גרם,יוניליוור,US,ואזלין טהור,גרמים,100.00,100 גרם,false,0,13.80,13.80,true,1,
7290004119133,false,יוגורט בכד6.5%  1.5 ליטר,תנובה,IL,יוגורט בכד,ליטרים,1.50,ליטר,false,0,14.80,9.87,true,1,
7290004119225,false,יופלה אננס 3% 150 גרם,תנובה,IL,יופלה אננס 3%,גרמים,150.00,100 גרם,false,0,4.40,2.93,true,1,
7290004119928,false,מעדן קרלו וניל 3% 125 גר,תנובה,IL,מעדן קרלו וניל3%,גרמים,125.00,100 גרם,false,0,2.40,1.92,true,1,
7290004119973,false,מעדן שוקו קרלו3% 125גרם,תנובה,IL,קרלו שוקולדה,גרמים,125.00,100 גרם,false,0,2.40,1.92,true,1,
7290004120061,false,"מעדן קרלו שוניל3% 125מ""ל",תנובה,IL,מעדן קרלו שוניל,גרמים,125.00,100 גרם,false,0,2.50,2.00,true,1,
7290004120634,false,גב.בולגרית פיראוס5% 250ג,תנובה,IL,גבינה בולגרית5%,גרמים,250.00,100 גרם,false,0,20.60,8.24,true,1,
7290004121488,false,יופלה דיאט אפרסק 150 גרם,תנובה,IL,יופלה דיאט אפרסק,גרמים,150.00,100 גרם,false,0,4.40,2.93,true,1,
7290004121525,false,יופלה אפרסק+תות3% 150*8ג,תנובה,IL,יופלה 3% 8 יח',קילוגרמים,1.20,"ק""ג",false,0,26.60,22.17,true,1,
7290004121853,false,פיראוס קוב.בולגרית5% 200,תנובה,IL,קוביות בולגרית5%,גרמים,200.00,100 גרם,false,0,18.80,9.40,true,1,
7290004121945,false,חלב תנובה 2%,,IL,חלב תנובה 2%,ליטרים,1.50,ליטר,false,0,7.20,4.80,true,1,
7290004122089,false,פתיתי גבינת עמק 200 גרם,תנובה,IL,פתיתי גבינת עמק,גרמים,200.00,100 גרם,false,0,12.10,6.05,true,1,
7290004122119,false,פתיתי פרמזן לפסטה 100גרם,תנובה,IL,פתיתי פרמזן,גרמים,100.00,100 גרם,false,0,11.40,11.40,true,1,
7290004122195,false,גוש חלב פרוס28% 200מהדרי,תנובה,IL,גבינה גוש חלב,גרמים,200.00,100 גרם,false,0,12.10,6.05,true,1,
7290004122270,false,עמק פרוס סגירה חוזרת 200,תנובה,IL,גבינת עמק פרוס,גרמים,200.00,100 גרם,false,0,13.50,6.75,true,1,
7290004122348,false,גב.עמק לייט9% שומן 200גר,תנובה,IL,גבינת עמק לייט,גרמים,200.00,100 גרם,false,0,13.70,6.85,true,1,
7290004122607,false,גבינת עמק לייט 9% במשקל,תנובה,IL,גבינת עמק לייט9%,קילוגרמים,0.00,"ק""ג",true,0,60.00,60.00,true,1,
7290004122676,false,גבינת חמד לייט 5% 250 גר,תנובה,IL,גבינת חמד לייט5%,גרמים,250.00,100 גרם,false,0,15.80,6.32,true,1,
7290004122683,false,אצבעות עמק חטיף גבינה172,תנובה,IL,אצבעות עמק,גרמים,172.00,100 גרם,false,0,14.00,8.14,true,1,
7290004124205,false,יופלה דיאט תות0% 150 גר,תנובה,IL,יופלה דיאט תות0%,גרמים,150.00,100 גרם,false,0,4.40,2.93,true,1,
7290004124847,false,קצפת צמחית השף הלבן500מל,תנובה,IL,קצפת צמחית,מיליליטרים,500.00,"100 מ""ל",false,0,15.00,3.00,true,1,
7290004125370,false,שמנת חמוצה 9% שומן 200מל,תנובה,IL,שמנת חמוצה 9%,מיליליטרים,200.00,"100 מ""ל",false,0,3.00,1.50,true,1,
7290004125400,false,"אשל מהדרין 4.5% 200 מ""ל",תנובה,IL,אשל 4.5% שומן,מיליליטרים,200.00,"100 מ""ל",false,0,1.32,0.66,true,1,
7290004125417,false,"גיל 3% מהדרין 200מ""ל",תנובה,IL,גיל לבן 3%שומן,מיליליטרים,200.00,"100 מ""ל",false,0,1.20,0.60,true,1,
7290004125455,false,שמנת תנובה 15%שומן200מל,תנובה,IL,שמנת תנובה 15%,מיליליטרים,200.00,"100 מ""ל",false,0,1.88,0.94,true,1,
7290004125462,false,שמנת חמוצה 15%שומן500מל,תנובה,IL,שמנת חמוצה 15%,מיליליטרים,500.00,"100 מ""ל",false,0,4.70,0.94,true,1,
7290004125509,false,שמנת חמוצה15% חצי מנה100,תנובה,IL,שמנת חמוצה 15%,מיליליטרים,100.00,"100 מ""ל",false,0,1.40,1.40,true,1,
7290004125578,false,'משקה סויה מועשר בסידן1ל,תנובה,IL,משקה סויה,ליטרים,1.00,ליטר,false,0,9.30,9.30,true,1,
7290004125585,false,משקה סויה בטעם וניל 1 לי,תנובה,IL,משקה סויה וניל,ליטרים,1.00,ליטר,false,0,9.30,9.30,true,1,
7290004125721,false,שמנת בישול-15%שף לבן250מ,תנובה,IL,שמנת לבישול15%,מיליליטרים,250.00,"100 מ""ל",false,0,6.90,2.76,true,1,
7290004125738,false,שמנת להקצפה-32%שף לבן250,תנובה,IL,שמנת להקצפה32%,מיליליטרים,250.00,"100 מ""ל",false,0,5.70,2.28,true,1,
7290004125776,false,גב.עמק פרוס% 28קופסא400ג,תנובה,IL,גבינת עמק פרוס,גרמים,400.00,100 גרם,false,0,21.20,5.30,true,1,
7290004126650,false,גבינה צפתית 5% משקל,תנובה,IL,גבינה צפתית 5%,קילוגרמים,0.00,"ק""ג",true,0,41.00,41.00,true,1,
7290004126674,false,גבינה טל העמק לייט 200גר,תנובה,IL,גבינה טל העמק,גרמים,200.00,100 גרם,false,0,15.50,7.75,true,1,
7290004126759,false,יופלה פירות יער0% 150 גר,תנובה,IL,יופלה דיאט,גרמים,150.00,100 גרם,false,0,4.40,2.93,true,1,
7290004127077,false,קוטג' תנובה 3% שומן 250,תנובה,IL,קוטג' 3% שומן,גרמים,250.00,100 גרם,false,0,4.80,1.92,true,1,
7290004127329,false,קוטג' 5% 250 גרם בעלז,תנובה,IL,קוטג' תנובה 5%,גרמים,250.00,100 גרם,false,0,4.80,1.92,true,1,
7290004127336,false,קוטג' תנובה 9% שומן 250,תנובה,IL,קוטג' תנובה 9%,גרמים,250.00,100 גרם,false,0,4.80,1.92,true,1,
7290004127800,false,גב.לבנה 5% שומן 500 גרם,תנובה,IL,גבינה לבנה 5%,גרמים,500.00,100 גרם,false,0,7.86,1.57,true,1,
7290004127817,false,גב.לבנה 9% שומן 500 גרם,תנובה,IL,גבינה לבנה 9%,גרמים,500.00,100 גרם,false,0,7.80,1.56,true,1,
7290004127862,false,גבינה לבנה 5% 750 גרם,תנובה,IL,גבינה לבנה 5%,גרמים,750.00,100 גרם,false,0,11.79,1.57,true,1,
7290004128333,false,לבנה 9% פיראוס 500 גרם,תנובה,IL,לבנה פיראוס 9%,גרמים,500.00,100 גרם,false,0,18.10,3.62,true,1,
7290004128340,false,גבינת קרם ט.טבעי 5% 200ג,תנובה,IL,גבינת שמנת,גרמים,200.00,100 גרם,false,0,10.00,5.00,true,1,
7290004128364,false,גב.שמנת עם זיתים 5% 200ג,תנובה,IL,גבינת שמנת זיתים,גרמים,200.00,100 גרם,false,0,10.00,5.00,true,1,
7290004128432,false,פתיתי גבינה השף הלבן500ג,תנובה,IL,פתיתי גבינה,גרמים,500.00,100 גרם,false,0,19.20,3.84,true,1,
7290004129101,false,גב.נפולאון טעם טבעי 225ג,תנובה,IL,גבינת נפוליאון,גרמים,225.00,100 גרם,false,0,12.30,5.47,true,1,
7290004129118,false,גב.נפולאון טעם זיתים225ג,תנובה,IL,גבינת נפוליאון,גרמים,225.00,100 גרם,false,0,12.30,5.47,true,1,
7290004129156,false,גב.נפולאון שום-שמיר 225ג,תנובה,IL,גבינת נפוליאון,גרמים,225.00,100 גרם,false,0,12.30,5.47,true,1,
7290004129545,false,גבינה למריחה 3% 250 גרם,תנובה,IL,גבינה לבנה 3%,גרמים,250.00,100 גרם,false,0,3.90,1.56,true,1,
7290004129668,false,יופלה+מכסה פצפוצי שוק167,תנובה,IL,יופלה+פצפוצי שוק,גרמים,167.00,100 גרם,false,0,5.00,2.99,true,1,
7290004129736,false,יופלה לבן מעודן1.5% 200ג,תנובה,IL,יופלהלבן מעודן,גרמים,200.00,100 גרם,false,0,3.50,1.75,true,1,
7290004130695,false,משקה אייס קפה בקבוק1ליטר,תנובה,IL,משקה אייס קפה,ליטרים,1.00,ליטר,false,0,11.40,11.40,true,1,
7290004130794,false,משקה סויה במתיקות מופחתת,תנובה,IL,משקה סויה,ליטרים,1.00,ליטר,false,0,8.40,8.40,true,1,
7290004130916,false,יופלה פירות יער+שמנת150ג,תנובה,IL,יופלה פירות יער,גרמים,150.00,100 גרם,false,0,4.40,2.93,true,1,
7290004131432,false,יופלה ביו לבן 3% 200 גרם,תנובה,IL,יופלה לבן 3%,גרמים,200.00,100 גרם,false,0,3.30,1.65,true,1,
7290004131456,false,יופלה לבן 1.5% 200 גרם,תנובה,IL,יופלה לבן 1.5%,גרמים,200.00,100 גרם,false,0,3.30,1.65,true,1,
7290004131814,false,פיראוס צפתית מעוד5% 200ג,תנובה,IL,פיראוס צפתית5%,גרמים,200.00,100 גרם,false,0,14.40,7.20,true,1,
7290004132231,false,חלב פלוס לקפה 3.5% שומן,תנובה,IL,חלב פלוס לקפה,מיליליטרים,800.00,"100 מ""ל",false,0,5.90,0.74,true,1,
7290004132507,false,יופלה+מכסה דגנים מצופה,תנובה,IL,יופלה עם מכסה,גרמים,167.00,100 גרם,false,0,5.00,2.99,true,1,
7290004132514,false,משקה בננה בקבוק 1 ל',תנובה,IL,משקה שוק בננה,ליטרים,1.00,ליטר,false,0,10.90,10.90,true,1,
7290004132552,false,משקה סויה ט.טבעי לייט 1ל,תנובה,IL,משקה סויה,ליטרים,1.00,ליטר,false,0,9.30,9.30,true,1,
7290004133108,false,יופלה לבן+מכסה גרנולה170,תנובה,IL,יופלה עם מכסה,גרמים,170.00,100 גרם,false,0,5.00,2.94,true,1,
7290004133207,false,יופלה לבן 0% שומן 200גרם,תנובה,IL,יופלה לבן 0%שומן,גרמים,200.00,100 גרם,false,0,3.30,1.65,true,1,
7290004133511,false,יופלה לבן מעוד1.5% 150*8,תנובה,IL,יופלה מעודן 8 יח,קילוגרמים,1.20,"ק""ג",false,0,13.50,11.25,true,1,
7290004135324,false,פיראוס בולגרית מע5%משקל,תנובה,IL,פיראוס בולגרית,קילוגרמים,0.00,"ק""ג",true,0,34.00,34.00,true,1,
7290004136130,false,"שוקו תנובה בקבוק 340 מ""ל",תנובה,IL,שוקו תנובה בקבוק,מיליליטרים,340.00,"100 מ""ל",false,0,5.80,1.71,true,1,
7290004136154,false,משקה אייס קפה בקבוק340מל,תנובה,IL,משקה אייס קפה,מיליליטרים,340.00,"100 מ""ל",false,0,6.20,1.82,true,1,
7290004136857,false,מעדן ג'לי פטל 125 גרם,תנובה,IL,מעדן ג'לי פטל,גרמים,125.00,100 גרם,false,0,2.20,1.76,true,1,
7290004136871,false,מעדן ג'לי אפרסק+חתיכ125.,תנובה,,מעדן ג'לי אפרסק,גרמים,125.00,100 גרם,false,0,2.40,1.92,true,1,
7290004137021,false,שמנת לבישול 10%שומן250מ,תנובה,IL,שמנת לבישול10%,מיליליטרים,250.00,"100 מ""ל",false,0,6.90,2.76,true,1,
7290004219277,false,אנשובי בצנצנת ארוך 80גרם,קמפיאס,ES,פילה אנשובי,גרמים,80.00,100 גרם,false,0,14.60,18.25,true,1,
7290004230067,false,פיצה משפחתית שגב 350גרם,שגב,IL,פיצה משפחתית שגב,גרמים,350.00,100 גרם,false,1,15.30,4.37,true,1,
7290004230074,false,קציצות דג ברוטב עגבניות,שגב,IL,קציצות דג ברוטב,גרמים,800.00,100 גרם,false,0,29.50,3.69,true,1,
7290004233198,false,מציות מרוקאיות במשקל,גידרון,IL,מציות מרוקאיות,קילוגרמים,0.00,"ק""ג",true,0,30.00,30.00,true,1,
7290004324605,false,גב.מון בלאן רוקפור7% 120,מאיר עזרא ובניו,IL,גבינת מון בלאן7%,גרמים,120.00,100 גרם,false,0,8.50,7.08,true,1,
7290004324858,false,קבב בטעם כבש 500 גרם,טיבון ויל - נטו,IL,קבב בטעם כבש,גרמים,500.00,100 גרם,false,0,17.00,3.40,true,1,
7290004423353,false,פריגת תפוחים 1.5 ליטר,פריגת,IL,פריגת תפוחים,ליטרים,1.50,ליטר,false,0,6.40,4.27,true,1,
7290004492755,false,נישנושים בצל שמנת 300גרם,גוצ'מולר,IL,נישנושים בצל,גרמים,300.00,100 גרם,false,0,9.30,3.10,true,1,
7290004532598,false,פלאפל דביאל 230 גרם,קטיף,IL,פלאפל דבאיל,גרמים,230.00,100 גרם,false,0,13.40,5.83,true,1,
7290004584306,false,סופר גמדים תות בננה100*4,שטראוס,IL,סופר גמדים 4 יח,גרמים,400.00,100 גרם,false,0,10.10,2.53,true,1,
7290004584351,false,גב.סימפוניה 5% 200 גרם,שטראוס,IL,גבינת סימפוניה,גרמים,200.00,100 גרם,false,0,8.50,4.25,true,1,
7290004584528,false,יוגורט ביו 1.7%דנונה200ג,שטראוס,IL,יוגורט ביו 1.7%,גרמים,200.00,100 גרם,false,0,3.10,1.55,true,1,
7290004585907,false,דני וניל 1.5% שומן 125 ג,שטראוס,IL,דני וניל 1.5%,גרמים,125.00,100 גרם,false,0,2.20,1.76,true,1,
7290004639006,false,קוסקוס ביתי מוקפא 800 גר,מטעמי פאר,IL,קוסקוס מוקפא,גרמים,800.00,100 גרם,false,0,13.40,1.68,true,1,
7290004676063,false,תפוח ספידריי מייבש לק,R&P KEYSTONE,,תפוח מייבש לק,יחידה,1.00,יחידה,false,0,25.50,25.50,true,1,
7290004685089,false,לחם חמניות 500 גרם,מאפית ברמן,IL,לחם חמניות,גרמים,500.00,100 גרם,false,0,14.40,2.88,true,1,
7290004685126,false,לחם הארץ חמישה דגנים750ג,מאפית ברמן,IL,לחם הארץ 5 דגנים,גרמים,750.00,100 גרם,false,0,14.40,1.92,true,1,
7290004685157,false,לחם שיפון 100%פרוס 750ג,מאפית ברמן,IL,לחם שיפון פרוס,גרמים,750.00,100 גרם,false,0,14.40,1.92,true,1,
7290004685201,false,לחם הארץ שיפון אגוזים500,מאפית ברמן,IL,לחם שיפון אגוזים,גרמים,500.00,100 גרם,false,0,14.40,2.88,true,1,
7290004731083,false,אל סבון כיף ג'ינסנג1ליטר,קוסמופארם,IL,אל סבון כיף,ליטרים,1.00,ליטר,false,0,8.50,8.50,true,1,
7290004731281,false,קרמה ספא אלסבון לבנדר500,קוסמופארם,IL,קרמה ספא אלסבו,מיליליטרים,500.00,"100 מ""ל",false,0,8.50,1.70,true,1,
7290004731687,false,דואו פרש וניל למון 300מל,סנו,IL,סנו דואו פרש,מיליליטרים,300.00,"100 מ""ל",false,0,11.00,3.67,true,1,
7290004737955,false,ממרח חמאה,,,ממרח חמאה,קילוגרמים,0.00,"ק""ג",true,0,36.40,36.40,true,1,
7290004842833,false,סלט סלמון נורבגי במשקל,מעדני מיקי,IL,סלט סלמון נורבגי במשקל,קילוגרמים,0.00,"ק""ג",true,0,38.00,38.00,true,1,
7290004923051,false,מים מינרלים עין גדי 2 ל',עין גדי מיים מינרלים,IL,מים מינרלים עין גדי 2 ל',ליטרים,2.00,ליטר,false,0,3.30,1.65,true,1,
7290004923099,false,עין גדי מים מינרל. 2*6 ל,עין גדי מיים מינרלים,IL,מים עין גדי 6 יח,ליטרים,12.00,ליטר,false,0,10.20,0.85,true,1,
7290005068058,false,תירס קל 550 גרם,פרי גליל,IL,תירס קל,גרמים,550.00,100 גרם,false,0,7.60,1.38,true,1,
7290005079221,false,בולגרית מעודנת5% משקל,משק צוריאל תבור,IL,בולגרית מעודנת5%,קילוגרמים,0.00,"ק""ג",true,0,38.00,38.00,true,1,
7290005079238,false,פטה עיזים מעודנת16% משקל,משק צוריאל תבור,IL,פטה עיזים מעודנת,קילוגרמים,0.00,"ק""ג",true,0,87.00,87.00,true,1,
7290005079290,false,נעם גבינה צהובה15% משקל,טרה,IL,גב.צהובה נעם15%,קילוגרמים,0.00,"ק""ג",true,1,55.00,55.00,true,1,
7290005079320,false,בולגרית גלילית 24% במשקל,משק צוריאל תבור,IL,גבינה בולגרית,קילוגרמים,0.00,"ק""ג",true,1,38.00,38.00,true,1,
7290005084355,false,משח.סנסודיין דואל קייר75,דנאגיס,GB,משחת שיניים,מיליליטרים,75.00,"100 מ""ל",false,0,12.80,17.07,true,1,
7290005113222,false,מיקס זיתים,,IL,מיקס זיתים,גרמים,340.00,100 גרם,false,0,8.80,2.59,true,1,
7290005174513,false,חציל במיונז אחלה 500 גרם,שטראוס,IL,סלט חציל מיונז,גרמים,500.00,100 גרם,false,0,14.40,2.88,true,1,
7290005174551,false,חומוס יום יום 125 גרם,שטראוס,IL,חומוס יום יום,גרמים,125.00,100 גרם,false,0,4.80,3.84,true,1,
7290005174568,false,חציל במיונז 125 גרם,שטראוס,IL,חציל במיונז אחלה,גרמים,125.00,100 גרם,false,0,4.80,3.84,true,1,
7290005174575,false,טחינה יום יום 125 גרם,שטראוס,IL,טחינה יום יום,גרמים,125.00,100 גרם,false,0,4.80,3.84,true,1,
7290005201479,false,צ'יטוס בוטנים 100 גרם,עלית,IL,צ'יטוס בוטנים,גרמים,100.00,100 גרם,false,0,5.70,5.70,true,1,
7290005201882,false,קפה טורקי בצלופן 200 גרם,עלית,IL,קפה טורקי בצלופן,גרמים,200.00,100 גרם,false,0,11.80,5.90,true,1,
7290005287206,false,טונה סטארקיסט בשמן160*4ג,סטארקיסט,IL,טונה סטארקיסט4יח,גרמים,640.00,100 גרם,false,0,20.40,3.19,true,1,
7290005287251,false,טונה סטארקיסט במים160*4ג,סטארקיסט,IL,טונה סטארקיסט4יח,גרמים,640.00,100 גרם,false,0,20.40,3.19,true,1,
7290005358357,false,פילה מדומה מס6' קפוא מוכ,שונות,UY,פילה מדומה מוכ,קילוגרמים,0.00,"ק""ג",true,0,38.30,38.30,true,1,
7290005358685,false,לשון חלק מחיר לפי משקל,שונות,XX,לשון חלק        י משקל,קילוגרמים,0.00,"ק""ג",true,0,38.30,38.30,true,1,
7290005384868,false,בסיגנון דנאבלו,,IL,בסיגנון דנאבלו,קילוגרמים,0.00,"ק""ג",true,0,76.00,76.00,true,1,
7290005384899,false,בסגנון פטה 21%,,IL,בסגנון פטה 21%,קילוגרמים,0.00,"ק""ג",true,0,29.00,29.00,true,1,
7290005384943,false,בסיגנון דנאבלו,,DK,בסיגנון דנאבלו,גרמים,100.00,100 גרם,false,0,10.60,10.60,true,1,
7290005418716,false,קר.לחות לתלתלים נטורל400,קרליין,,קרם לחות לשיער,מיליליטרים,400.00,"100 מ""ל",false,0,17.00,4.25,true,1,
7290005423253,false,"מקסימה למייבש פרש 750מ""ל",סנו,IL,מקסימה למייבש,מיליליטרים,750.00,"100 מ""ל",false,0,15.30,2.04,true,1,
7290005423420,false,סנו משמיד עש מבושם 2 יח',סנו,IT,סנו משמיד עש,יחידה,1.00,יחידה,false,0,20.10,20.10,true,1,
7290005423635,false,ריצפז פלוס דוחה תיקנים2ל,סנו,IL,ריצפז דוחה חרקים,ליטרים,2.00,ליטר,false,0,22.10,11.05,true,1,
7290005423871,false,משחת אורביטול145*3ג,קוסמופארם,IL,משחת שיניים,גרמים,435.00,100 גרם,false,0,12.80,2.94,true,1,
7290005424311,false,סנו K רב קוטל בריח פרחים,סנו,IL,סנו K רב קוטל,מיליליטרים,500.00,"100 מ""ל",false,0,18.70,3.74,true,1,
7290005424694,false,קרמה תח.רחצה קלאסיק 750מ,קוסמופארם,IL,קרמה תחליב רחצה,מיליליטרים,750.00,"100 מ""ל",false,0,13.50,1.80,true,1,
7290005425196,false,אבקת מקסימה סנסיטיב2.5קג,סנו,IL,אבקת כביסה,קילוגרמים,2.50,"ק""ג",false,0,22.10,8.84,true,1,
7290005425455,false,תחליב רחצה קרמה קלאסי500,קוסמופארם,IL,קרמה תחליב רחצה,מיליליטרים,500.00,"100 מ""ל",false,0,8.50,1.70,true,1,
7290005425646,false,סנוקליר ניקוי חלונות 1ל',סנו,IL,סנוקליר 1 ליטר,ליטרים,1.00,ליטר,false,0,8.50,8.50,true,1,
7290005425912,false,ג'ל אוקסיג'ן 4 ליטר,סנו,IL,ג'ל אוקסיג'ן 4ל',ליטרים,4.00,ליטר,false,0,27.20,6.80,true,1,
7290005425998,false,אל סבון בייבי כיף 1 ליטר,קוסמופארם,IL,אל סבון בייבי,ליטרים,1.00,ליטר,false,0,12.70,12.70,true,1,
7290005426193,false,ספוג הפלא סנו סושי 6 יח',סנו,IL,ספוג סנו סושי,יחידה,1.00,יחידה,false,0,8.50,8.50,true,1,
7290005426384,false,סנומוד מיס מיליון 150 מל,סנו,IL,סנמוד מיס מיליון,מיליליטרים,150.00,"100 מ""ל",false,0,11.00,7.33,true,1,
7290005426568,false,ק.לחות קרמה שיער רגיל400,קוסמופארם,IL,קרם לחות קרמה,מיליליטרים,400.00,"100 מ""ל",false,0,14.40,3.60,true,1,
7290005427541,false,תחליב רח.כיף חלב שקד750מ,קוסמופארם,IL,תחליב רחצה כיף,מיליליטרים,750.00,"100 מ""ל",false,0,10.60,1.41,true,1,
7290005427572,false,שמפו כיף לשיער יבש 750מל,קוסמופארם,IL,שמפו כיף,מיליליטרים,750.00,"100 מ""ל",false,0,7.60,1.01,true,1,
7290005427602,false,"שמפו + מרכך כיף 750 מ""ל",קוסמופארם,IL,שמפו+מרכך כיף,מיליליטרים,750.00,"100 מ""ל",false,0,7.60,1.01,true,1,
7290005427978,false,קרמה תחליב רחצה לפנים180,קוסמופארם,IL,תחליב רחצה לפנים,מיליליטרים,180.00,"100 מ""ל",false,0,8.50,4.72,true,1,
7290005428852,false,מגבוני סנו סופט 100*5 יח,סנו,IL,מגבוני סנו סופט,יחידה,1.00,יחידה,false,0,11.80,11.80,true,1,
7290005431371,false,מלבי 2 * 165 גרם,תנובה,IL,מלבי 2 יחידות,גרמים,330.00,100 גרם,false,0,11.50,3.48,true,1,
7290005431609,false,טירמיסו 2 יח,,IL,טירמיסו 2 יח,גרמים,172.00,100 גרם,false,0,11.50,6.69,true,1,
7290005431784,false,מוס שוקולד חלבי  75*2 גר,תנובה,IL,מוס שוקולד 2 יח,גרמים,150.00,100 גרם,false,1,11.50,7.67,true,1,
7290005509445,false,מיני קוקיס חמאה צנצנ600ג,כרמית,IL,מיני קוקיס,גרמים,600.00,100 גרם,false,0,11.80,1.97,true,1,
7290005540448,false,קפסולות אספרסו זהב 50גרם,ורנינו,IT,קפסולות אספרסו,גרמים,50.00,100 גרם,false,1,14.40,28.80,true,1,
7290005559587,false,מאפה נקניקיות 800 גרם,"מעדנות בע""מ",IL,מאפה נקניקיות,גרמים,800.00,100 גרם,false,0,27.70,3.46,true,1,
7290005559907,false,פיצה משפחתית גבינה 500גר,"מעדנות בע""מ",IL,פיצה משפחתית,גרמים,500.00,100 גרם,false,0,21.10,4.22,true,1,
7290005564253,false,ספרינג אגס סברס תפוח1.5ל,יפאורה שותפות מובגלת לשיווק,IL,משקה ספרינג,ליטרים,1.50,ליטר,false,0,5.90,3.93,true,1,
7290005564680,false,תפוזינה לימונדה 1.5 ליטר,יפאורה שותפות מובגלת לשיווק,IL,תפוזינה לימונדה,ליטרים,1.50,ליטר,false,0,5.50,3.67,true,1,
7290005587825,false,מסיר איפור עמיד במים125מ,קלסרואה,DE,מסיר איפור,מיליליטרים,150.00,"100 מ""ל",false,0,25.40,16.93,true,1,
7290005604133,false,פריגת מנגו 1.5 ליטר,פריגת,IL,פריגת מנגו,ליטרים,1.50,ליטר,false,0,6.40,4.27,true,1,
7290005605901,false,פאנטה אקזוטי 1.5 ליטר,החברה המרכזית לייצור משקאות,IL,פאנטה אקזוטי,ליטרים,1.50,ליטר,false,0,6.50,4.33,true,1,
7290005610509,false,צנונית יחידה,קטיף,IL,צנונית -יח',יחידה,1.00,יחידה,false,0,5.50,5.50,true,1,
7290005651427,false,מעדני בונזו בשר לכלב 3יח,SAS FIDELE,IT,מעדן בונזו בשר3*,קילוגרמים,1.20,"ק""ג",false,0,17.80,14.83,true,1,
7290005838002,false,"דניאלה מעדן גבינה 150מ""ל",שטראוס,IL,מעדן דניאלה,מיליליטרים,150.00,"100 מ""ל",false,0,3.60,2.40,true,1,
7290005838613,false,סקי מעדן גבינה וניל 125ג,שטראוס,IL,סקי מעדן גבינה,גרמים,125.00,100 גרם,false,0,3.10,2.48,true,1,
7290005838972,false,גב.סקי 5% 125 גרם,שטראוס,IL,גבינת סקי,גרמים,125.00,100 גרם,false,0,2.80,2.24,true,1,
7290005839078,false,דנונה ביו 3% 150*8 גרם,שטראוס,IL,דנונה ביו 8 יח,קילוגרמים,1.20,"ק""ג",false,0,15.00,12.50,true,1,
7290005839108,false,גב.סימפוניה +5%זיתים200ג,שטראוס,IL,גבינת סימפוניה,גרמים,200.00,100 גרם,false,0,8.50,4.25,true,1,
7290005839313,false,מילקי טופ שוקול.מגולג170,שטראוס,IL,מילקי טופ,מיליליטרים,170.00,"100 מ""ל",false,0,4.20,2.47,true,1,
7290005896439,false,בירה מכבי,,IL,בירה מכבי,מיליליטרים,500.00,"100 מ""ל",false,0,5.80,1.16,true,1,
7290005938238,false,צ'ימיצ'ורי 220 גרם,נטו,IL,צ'ימיצ'ורי,גרמים,220.00,100 גרם,false,0,18.00,8.18,true,1,
7290005938245,false,פסטו קלאסי 220 גרם,נטו,IL,פסטו קלאסי,גרמים,220.00,100 גרם,false,0,18.00,8.18,true,1,
7290005938603,false,טפאנד זיתים ירוקים 220גר,נטו,IL,סלט טפאנד זיתים,גרמים,220.00,100 גרם,false,0,16.70,7.59,true,1,
7290005938627,false,ממרח עגבניות מיובשות220ג,פרסקו חצבה,IL,ממרח עגבניות,גרמים,220.00,100 גרם,false,1,18.00,8.18,true,1,
7290005966033,false,"יין לבן הר חרמון 750 מ""ל",יקבי רמת הגולן קצרין,IL,יין לבן חרמון,מיליליטרים,750.00,"100 מ""ל",false,0,23.70,3.16,true,1,
7290005966088,false,יין אדום הר חרמון 750 מל,יקבי רמת הגולן קצרין,IL,יין אדום חרמון,מיליליטרים,750.00,"100 מ""ל",false,0,23.70,3.16,true,1,
7290005966903,false,"גולן שיאון אדום 750 מ""ל",יקבי רמת הגולן קצרין,IL,גולן שיאון אדום,מיליליטרים,750.00,"100 מ""ל",false,0,21.20,2.83,true,1,
7290005992544,false,גב.ריקוטה עיזים 5% 250ג,מחלבות גד,IL,ריקוטה עיזים5%,גרמים,250.00,100 גרם,false,0,19.30,7.72,true,1,
7290005992575,false,גב.בולגרית למריחה5% 250ג,מחלבות גד,IL,בולגרית למריחה,גרמים,250.00,100 גרם,false,0,15.00,6.00,true,1,
7290005992889,false,גב.שמנת שום שמיר 30%משקל,מחלבות גד,IL,גבינת שמנת שום,קילוגרמים,0.00,"ק""ג",true,0,45.00,45.00,true,1,
7290005992964,false,פטה כבשים 20%,,IL,פטה כבשים 20%,קילוגרמים,0.00,"ק""ג",true,0,88.00,88.00,true,1,
7290006220325,false,חמין חלק,,IL,חמין חלק,קילוגרמים,0.00,"ק""ג",true,0,38.30,38.30,true,1,
7290006241085,false,מיץ סחוט קלמנטינות 2 ל',פריגת,IL,מיץ קלמנטינות,ליטרים,2.00,ליטר,false,0,22.80,11.40,true,1,
7290006251275,false,תה ירוק סיני25 שק1.5Xגרם,ויסוצקי,IL,תה ירוק סיני,גרמים,37.00,100 גרם,false,0,22.90,61.89,true,1,
7290006267238,false,מרלו בזלת,,IL,מרלו בזלת,מיליליטרים,750.00,"100 מ""ל",false,0,46.80,6.24,true,1,
7290006271174,false,ג'חנון בצק מעדנות 700גרם,"מעדנות בע""מ",IL,ג'חנון בצק,גרמים,700.00,100 גרם,false,0,17.60,2.51,true,1,
7290006271181,false,ג'חנון אפוי מעדנות 750גר,"מעדנות בע""מ",IL,ג'חנון אפוי,גרמים,750.00,100 גרם,false,0,24.40,3.25,true,1,
7290006306296,false,רביולי גבינה לילדים 400ג,פסטה נונה,,רביולי גבינה,גרמים,400.00,100 גרם,false,0,17.00,4.25,true,1,
7290006306302,false,רביולי פרמזן ריקוטה400גר,פסטה נונה,IL,רביולי גבינה,גרמים,400.00,100 גרם,false,0,17.00,4.25,true,1,
7290006306319,false,רביולי בטטה 400 גרם,פסטה נונה,IL,רביולי בטטה,גרמים,400.00,100 גרם,false,0,17.00,4.25,true,1,
7290006306326,false,רביולי פטריות 400 גרם,פסטה נונה,IL,רביולי פטריות,גרמים,400.00,100 גרם,false,0,17.00,4.25,true,1,
7290006306357,false,רביולי גבינת עיזים 400גר,פסטה נונה,IL,רביולי גבינה,גרמים,400.00,100 גרם,false,0,17.00,4.25,true,1,
7290006374738,false,קונפיטורה תות 340 גרם,יד מרדכי,IL,קונפיטורה תות,גרמים,340.00,100 גרם,false,0,13.40,3.94,true,1,
7290006390745,false,שבלול עם צימוקים קפוא,גידרון,IL,שבלול עם צימוקים,יחידה,1.00,יחידה,false,0,3.50,3.50,true,1,
7290006439444,false,אורז בסמתי,,IL,אורז בסמתי,קילוגרמים,1.00,"ק""ג",false,0,11.70,11.70,true,1,
7290006459107,false,מברשת לנעליים,,IL,מברשת לנעליים,יחידה,1.00,יחידה,false,0,6.90,6.90,true,1,
7290006492432,false,גבינה מוצרלה בייבי 150גר,מחלבות גד,IL,גבינה מוצרלה,גרמים,150.00,100 גרם,false,0,12.60,8.40,true,1,
7290006492685,false,לאבנה עיזים 5%שומן 250גר,מחלבות גד,IL,לאבנה עיזים גד,גרמים,250.00,100 גרם,false,0,15.50,6.20,true,1,
7290006492852,false,גבינה לבנה 5% עיזים 250ג,מחלבות גד,IL,גבינת עיזים גד,גרמים,250.00,100 גרם,false,0,15.00,6.00,true,1,
7290006511157,false,פטריות שלמות,,IN,פטריות שלמות,גרמים,400.00,100 גרם,false,0,6.80,1.70,true,1,
7290006511904,false,גבינת אדם,,,גבינת אדם,קילוגרמים,0.00,"ק""ג",true,0,58.00,58.00,true,1,
7290006644626,false,ספרינג פירות טרופיים1.5ל,יפאורה שותפות מובגלת לשיווק,IL,משקה ספרינג,ליטרים,1.50,ליטר,false,0,5.90,3.93,true,1,
7290006653819,false,קוסקוס דק 350 גרם,קוסקוס מזון,IL,קוסקוס דק,גרמים,350.00,100 גרם,false,0,7.50,2.14,true,1,
7290006664037,false,סופר גמדים דגנים 100*4גר,שטראוס,IL,סופר גמדים 4 יח,גרמים,400.00,100 גרם,false,0,10.10,2.53,true,1,
7290006664051,false,"אקטימל לבן 100*14 מ""ל",שטראוס,IL,אקטימל מארז14יח',ליטרים,1.40,ליטר,false,0,27.80,19.86,true,1,
7290006664310,false,גבינת סקי3% 250 גרם,שטראוס,IL,גבינת סקי 3%,גרמים,250.00,100 גרם,false,0,3.90,1.56,true,1,
7290006664402,false,גבינת סקי5% 750 גרם,שטראוס,IL,גבינת סקי5%,גרמים,750.00,100 גרם,false,0,11.79,1.57,true,1,
7290006664532,false,דנונה תות 3% 150 גרם,שטראוס,IL,דנונה תות 3%,גרמים,150.00,100 גרם,false,0,3.30,2.20,true,1,
7290006664631,false,"אקטימל תות 100*8 מ""ל",שטראוס,IL,אקטימל תות 8 יח',מיליליטרים,800.00,"100 מ""ל",false,0,19.40,2.43,true,1,
7290006664655,false,"אקטימל לבן 100*8 מ""ל",שטראוס,IL,אקטימל לבן 8 יח,מיליליטרים,800.00,"100 מ""ל",false,0,19.40,2.43,true,1,
7290006664693,false,דנונה אפרסק 3% 150 גרם,שטראוס,IL,דנונה אפרסק %3,גרמים,150.00,100 גרם,false,0,3.30,2.20,true,1,
7290006664969,false,יוגורט מת.מעודן2% 150*8ג,שטראוס,IL,יוגורט מעודן 2%,קילוגרמים,1.20,"ק""ג",false,0,16.00,13.33,true,1,
7290006664990,false,דנונה ביו 1.7% 150*8גרם,שטראוס,IL,דנונה ביו 8 יח',קילוגרמים,1.20,"ק""ג",false,0,15.00,12.50,true,1,
7290006681003,false,סורבט תות לימון קרמ1.33.,שטראוס,IL,קרמיסימו סורבט,ליטרים,1.33,ליטר,false,0,18.70,14.06,true,1,
7290006681089,false,גל.לייט מיני סנדוויץ 10י,שטראוס,IL,גלידה לייט,גרמים,250.00,100 גרם,false,0,27.50,11.00,true,1,
7290006738103,false,פסטרמה בדבש טהור דק 150ג,זוגלובק,IL,פסטרמה בדבש דק,גרמים,150.00,100 גרם,false,0,13.90,9.27,true,1,
7290006738110,false,פסטרמה ברביקיו דק דק150ג,זוגלובק,IL,פסטרמה ברביקיו,גרמים,150.00,100 גרם,false,0,13.90,9.27,true,1,
7290006738127,false,חזה בקר דק דק 150 גרם,זוגלובק,IL,חזה בקר דק דק,גרמים,150.00,100 גרם,false,0,13.90,9.27,true,1,
7290006738530,false,דק דק פסטרמה חזה עוף150ג,זוגלובק,IL,דק דק פסטרמה,גרמים,150.00,100 גרם,false,0,13.90,9.27,true,1,
7290006739407,false,שניצל תירס לייט 630 גרם,זוגלובק,IL,שניצל תירס,גרמים,630.00,100 גרם,false,0,22.90,3.63,true,1,
7290006739445,false,שניצל תירס קלאסי 750 גרם,זוגלובק,IL,שניצל תירס,גרמים,750.00,100 גרם,false,0,21.10,2.81,true,1,
7290006739544,false,כתף בקר 300 גרם,זוגלובק,IL,כתף בקר,גרמים,300.00,100 גרם,false,0,29.40,9.80,true,1,
7290006741363,false,"בורקס תפו""א בד""צ 800 גרם",זוגלובק,IL,"בורקס תפו""א",גרמים,800.00,100 גרם,false,0,14.30,1.79,true,1,
7290006742278,false,פסטרמה צלוי על לבנים330ג,זוגלובק,IL,פסטרמה צלויה,גרמים,330.00,100 גרם,false,0,28.10,8.52,true,1,
7290006742292,false,פסטרמה בדבש 330 גרם,זוגלובק,IL,פסטרמה בדבש,גרמים,330.00,100 גרם,false,0,28.10,8.52,true,1,
7290006742339,false,פסטרמה חזה עוף 330 גרם,זוגלובק,IL,פסטרמה חזה עוף,גרמים,330.00,100 גרם,false,0,28.10,8.52,true,1,
7290006764058,false,בירה נשר לבן בק.חוזר500מ,טמפו,IL,בירה נשר לבן,מיליליטרים,500.00,"100 מ""ל",false,0,5.00,1.00,true,1,
7290006764072,false,"גולדסטאר בק.חוזר 500 מ""ל",טמפו,IL,בירה גולדסטאר,מיליליטרים,500.00,"100 מ""ל",false,0,6.30,1.26,true,1,
7290006764348,false,מאלטסטאר 1.5 ליטר,טמפו,IL,מאלטסטאר,ליטרים,1.50,ליטר,false,0,5.00,3.33,true,1,
7290006764485,false,בירה נשר מאלט בקב330*6.מ,טמפו,IL,נשר מאלט 6 יח,ליטרים,1.98,ליטר,false,0,20.30,10.25,true,1,
7290006784360,false,מרסס חלונית ס.מוריץ1ליטר,קומפלקס כימיקלים,IL,מרסס חלונית,ליטרים,1.00,ליטר,false,0,4.20,4.20,true,1,
7290006788009,false,"שמפו ""10"" לשיער רגיל700מ",קרליין,IL,שמפו 10 לשיער,מיליליטרים,700.00,"100 מ""ל",false,0,8.40,1.20,true,1,
7290006788023,false,"שמפו ""10"" לשיער צבוע700מ",קרליין,IL,שמפו 10 לשיער,מיליליטרים,700.00,"100 מ""ל",false,0,8.40,1.20,true,1,
7290006788061,false,"מרכך ""10"" לשיער רגיל700מ",קרליין,IL,מרכך קרליין,מיליליטרים,700.00,"100 מ""ל",false,0,8.40,1.20,true,1,
7290006788429,false,דאו.קרליין רולאון כתום75,קרליין,IL,דאודורנט קרליין,מיליליטרים,75.00,"100 מ""ל",false,0,11.00,14.67,true,1,
7290006788481,false,דאו.קרליין 200SUNRISE,קרליין,IL,דאודורנט קרליין,מיליליטרים,200.00,"100 מ""ל",false,0,11.00,5.50,true,1,
7290006788559,false,דאו.טיטניום בלו ספריי180,קרליין,IL,דאודורנט טיטניום,מיליליטרים,180.00,"100 מ""ל",false,0,12.70,7.06,true,1,
7290006822192,false,נקטר חמוציות דיאט 1 ליטר,פריגת,IL,נקטר חמוציות,ליטרים,1.00,ליטר,false,0,10.10,10.10,true,1,
7290006822659,false,קוקה קולה 1.5*3 ליטר,החברה המרכזית לייצור משקאות,IL,קוקה קולה 3 יח,ליטרים,4.50,ליטר,false,0,16.70,3.71,true,1,
7290006822840,false,מאלטי 1.5 ליטר,קרלסברג ישראל,IL,בירה מאלטי,ליטרים,1.50,ליטר,false,0,7.20,4.80,true,1,
7290006869449,false,"לבן 3% שומן 150 מ""ל",טרה,IL,לבן 3% שומן טרה,מיליליטרים,150.00,"100 מ""ל",false,0,0.90,0.60,true,1,
7290006983176,false,לחמית שיפון 230 גרם,אסם,IL,לחמית שיפון אסם,גרמים,230.00,100 גרם,false,0,8.40,3.65,true,1,
7290006983770,false,עוגת הבית שיש אסם 400 גר,אסם,IL,עוגת שיש,גרמים,400.00,100 גרם,false,0,11.40,2.85,true,1,
7290006983787,false,עוגת שוקולד צ'יפס 400 גר,אסם,IL,עוגת שוקוצ'יפס,גרמים,400.00,100 גרם,false,0,11.40,2.85,true,1,
7290006983794,false,עוגת הבית תפוז 400 גרם,אסם,IL,עוגת תפוז,גרמים,400.00,100 גרם,false,0,11.40,2.85,true,1,
7290008021043,false,שמפו פינוק שיער רגיל700מ,יוניליוור,IL,שמפו פינוק,מיליליטרים,700.00,"100 מ""ל",false,0,12.70,1.81,true,1,
7290008021104,false,"מרכך פינוק רגיל 700 מ""ל",יוניליוור,IL,מרכך שיער פינוק,מיליליטרים,700.00,"100 מ""ל",false,0,12.70,1.81,true,1,
7290008021135,false,שמפו פינוק 2ב1- רגיל700מ,יוניליוור,IL,שמפו+מרכך פינוק,מיליליטרים,700.00,"100 מ""ל",false,0,12.70,1.81,true,1,
7290008084956,false,בייבי פסטה,,IL,בייבי פסטה,גרמים,120.00,100 גרם,false,0,14.70,12.25,true,1,
7290008096317,false,משחה פרדונטקס פלואוריד50,"מאסטרפוד אוסטריה בע""מ",GB,משחת שיניים,מיליליטרים,50.00,"100 מ""ל",false,0,12.80,25.60,true,1,
7290008142540,false,"מי פה ליסטרין 750 מ""ל",ג'ונסון,US,מי פה ליסטרין,מיליליטרים,750.00,"100 מ""ל",false,0,34.10,4.55,true,1,
7290008142694,false,"מי פה ליסטרין 750 מ""ל",ג'ונסון,US,מי פה ליסטרין,מיליליטרים,750.00,"100 מ""ל",false,0,34.10,4.55,true,1,
7290008175173,false,חמאה לורפק,,DK,חמאה לורפק,גרמים,200.00,100 גרם,false,0,14.70,7.35,true,1,
7290008175494,false,ממרח חמאה,,DK,ממרח חמאה,גרמים,250.00,100 גרם,false,0,15.00,6.00,true,1,
7290008175760,false,גבינת מנצ'גו,,,גבינת מנצ'גו,קילוגרמים,0.00,"ק""ג",true,0,84.00,84.00,true,1,
7290008175777,false,גבינת איבריקו,,,גבינת איבריקו,קילוגרמים,0.00,"ק""ג",true,0,84.00,84.00,true,1,
7290008175814,false,פטריות חתוכות,,IL,פטריות חתוכות,גרמים,400.00,100 גרם,false,0,3.90,0.98,true,1,
7290008213493,false,משחה קולגייט להלבנה 100מ,קולגייט-פלמוליב,PL,משחה קולגייט להלבנה 100מ,מיליליטרים,100.00,"100 מ""ל",false,0,11.00,11.00,true,1,
7290008335515,false,אגרול+רוטב חמוץ/מתוק600ג,שלושת האופים,IL,אגרול סיני+רוטב,גרמים,600.00,100 גרם,false,0,14.30,2.38,true,1,
7290008335560,false,סיגרים במילוי בשר 600גרם,שלושת האופים,IL,סיגרים מילוי בשר,גרמים,600.00,100 גרם,false,0,14.30,2.38,true,1,
7290008335584,false,"סיגרים במילוי תפו""א 600ג",שלושת האופים,IL,"סיגרים תפו""א",גרמים,600.00,100 גרם,false,0,16.20,2.70,true,1,
7290008345156,false,פילה מקרוסקה במשקל,דלידג - נטו,IL,פילה מקרוסקה,קילוגרמים,0.00,"ק""ג",true,0,92.00,92.00,true,1,
7290008348737,false,הרינג שלם,,,הרינג שלם,קילוגרמים,0.00,"ק""ג",true,0,31.00,31.00,true,1,
7290008403290,false,כדור גבינה אדם במשקל,ברגלנמיך,AT,גבינה אדם,קילוגרמים,0.00,"ק""ג",true,1,47.00,47.00,true,1,
7290008409049,false,מיני דק שניצל שומשום,תנובה,IL,שניצל מיני דק,גרמים,500.00,100 גרם,false,0,23.60,4.72,true,1,
7290008409223,false,שניצל דק מתובל 700 גרם,תנובה,IL,שניצל דק מתובל,גרמים,700.00,100 גרם,false,0,36.30,5.19,true,1,
7290008409315,false,מיני דק שניצלונים 500גרם,תנובה,IL,מיני דק שניצלוני,גרמים,500.00,100 גרם,false,0,23.80,4.76,true,1,
7290008409407,false,שניצל דק בציפוי צ'יפס 00,תנובה,IL,שניצל דק צ'יפס,גרמים,700.00,100 גרם,false,0,36.30,5.19,true,1,
7290008409452,false,"שישליק עוף אמיתי ""מאמעוף",תנובה,IL,שישליק עוף אמי,גרמים,400.00,100 גרם,false,0,32.20,8.05,true,1,
7290008409582,false,שניצל אמיתי ביתי 700 גרם,תנובה,IL,שניצל אמיתי ביתי,גרמים,700.00,100 גרם,false,0,35.60,5.09,true,1,
7290008409643,false,פילה עוף בתיבול על האש 0,תנובה,IL,פילה עוף,גרמים,600.00,100 גרם,false,0,37.50,6.25,true,1,
7290008409773,false,קציצות עוף ביתיות 700 גר,תנובה,IL,קציצות אמיתיות,גרמים,700.00,100 גרם,false,0,27.00,3.86,true,1,
7290008443630,false,שמפו נקה7 שיער מתולתל750,אמיליה קוסמטיקס,IL,שמפו נקה 7,מיליליטרים,750.00,"100 מ""ל",false,0,8.40,1.12,true,1,
7290008443647,false,מרכך נקה7 שיער מתולתל750,אמיליה קוסמטיקס,IL,קונדישנר נקה 7,מיליליטרים,750.00,"100 מ""ל",false,0,8.40,1.12,true,1,
7290008464024,false,גולדסטאר בפחית,,IL,גולדסטאר בפחית,מיליליטרים,500.00,"100 מ""ל",false,0,9.10,1.82,true,1,
7290008464222,false,בירה מכבי פחית7.9% 500מ,טמפו,IL,בירה מכבי 7.9%,מיליליטרים,500.00,"100 מ""ל",false,1,7.60,1.52,true,1,
7290008464376,false,"מירנדה פחית 330 מ""ל",טמפו,IL,מירנדה בפחית,מיליליטרים,330.00,"100 מ""ל",false,0,5.60,1.70,true,1,
7290008464383,false,"סבנ אפ פחית 330 מ""ל",טמפו,IL,סבנ אפ בפחית,מיליליטרים,330.00,"100 מ""ל",false,0,5.60,1.70,true,1,
7290008464468,false,בירה גולדסטאר פחית 500מל,טמפו,IL,בירה גולדסטאר,מיליליטרים,500.00,"100 מ""ל",false,0,7.80,1.56,true,1,
7290008464475,false,"בירה מכבי פחית 500 מ""ל",טמפו,IL,בירה מכבי פחית,מיליליטרים,500.00,"100 מ""ל",false,0,7.10,1.42,true,1,
7290008464604,false,"בירה הייניקן פחית 500מ""ל",היינקן,IL,בירה היינקן פחית,מיליליטרים,500.00,"100 מ""ל",false,0,11.00,2.20,true,1,
7290008464697,false,בירה מכבי 6 יח,,IL,בירה מכבי 6 יח,ליטרים,1.98,ליטר,false,0,31.60,15.96,true,1,
7290008464703,false,"בירה מכבי 6 בק330* מ""ל",טמפו,IL,בירה מכבי 6 בקב.,ליטרים,1.98,ליטר,false,0,30.40,15.35,true,1,
7290008464741,false,"בירה גולדסטאר בק330*6מ""ל",טמפו,IL,גולדסטאר 6 יח',ליטרים,1.98,ליטר,false,0,34.00,17.17,true,1,
7290008469593,false,בשר מס' 8 מוכשר בוני קג,נחמיה לחוביץ,BR,בשר מס' 8 מוכש,קילוגרמים,0.00,"ק""ג",true,0,29.80,29.80,true,1,
7290008470735,false,מסטיק פייב אבטיח 13*8 גר,ריגלי,NL,מסטיק פייב 8 יח,גרמים,104.00,100 גרם,false,0,15.60,15.00,true,1,
7290008470742,false,מסטיק פייב ספירמינט13*8ג,ריגלי,FR,מסטיק פייב 8 יח,גרמים,104.00,100 גרם,false,0,15.60,15.00,true,1,
7290008470889,false,אורביט סטיקס תות 13*8גרם,ריגלי,FR,אורביט סטיקס 8יח,גרמים,104.00,100 גרם,false,1,13.70,13.17,true,1,
7290008493390,false,גריסיני טבעי 200 גרם,מאיר את ביגל,IL,גריסיני טבעי,גרמים,200.00,100 גרם,false,0,6.70,3.35,true,1,
7290008493499,false,בייגלה שטוחל'ה מלח350גרם,מאיר את ביגל,IL,בייגלה שטוחל'ה,גרמים,350.00,100 גרם,false,0,6.70,1.91,true,1,
7290008493505,false,בייגלה שטוחל'ה שומשום300,מאיר את ביגל,IL,בייגלה שטוחלה,גרמים,300.00,100 גרם,false,0,6.70,2.23,true,1,
7290008493765,false,שטוחל'ה צ'ילי מתוק 300גר,מאיר את ביגל,IL,שטוחל'ה צ'ילי,גרמים,300.00,100 גרם,false,1,6.70,2.23,true,1,
7290008515221,false,עלים לסיגרים 500 גרם,יסמין,IL,עלים לסיגרים,גרמים,500.00,100 גרם,false,0,10.90,2.18,true,1,
7290008614245,false,כתף בשר מס4' חלק קפוא קג,.,IL,כתף מס4',קילוגרמים,0.00,"ק""ג",true,0,29.50,29.50,true,1,
7290008644112,false,סלט מטבוחה יום יום 125גר,שטראוס,IL,מטבוחה יום יום,גרמים,125.00,100 גרם,false,0,4.80,3.84,true,1,
7290008644945,false,סלט המושבה 450גרם-שטראוס,שטראוס,IL,סלט המושבה,גרמים,450.00,100 גרם,false,0,13.90,3.09,true,1,
7290008645935,false,חומוס אחלה 750 גרם,שטראוס,IL,חומוס אחלה,גרמים,750.00,100 גרם,false,0,8.50,1.13,true,1,
7290008670029,false,יין רקנאטי מרלו,,IL,יין רקנאטי מרלו,מיליליטרים,750.00,"100 מ""ל",false,0,46.00,6.13,true,1,
7290008670142,false,רקנאטי יסמין,,IL,רקנאטי יסמין,מיליליטרים,750.00,"100 מ""ל",false,0,29.70,3.96,true,1,
7290008670159,false,רקנאטי יסמין,,IL,רקנאטי יסמין,מיליליטרים,750.00,"100 מ""ל",false,0,29.70,3.96,true,1,
7290008690164,false,ק.קולה לימון דיאט1.5ליטר,החברה המרכזית לייצור משקאות,IL,קולה דיאט לימון,ליטרים,1.50,ליטר,false,0,6.50,4.33,true,1,
7290008690713,false,נקטר חמוציות טבעי 1 ליטר,פריגת,IL,נקטר חמוציות,ליטרים,1.00,ליטר,false,0,10.10,10.10,true,1,
7290008693134,false,דניאלה תות מוקצף5% 150מ,שטראוס,IL,דניאלה תות מוקצף,מיליליטרים,150.00,"100 מ""ל",false,0,3.60,2.40,true,1,
7290008711845,false,קרם גוף פנינה ורוד400מ,"ביסקול בע""מ",IL,קרם גוף קליאו,מיליליטרים,400.00,"100 מ""ל",false,0,13.30,3.33,true,1,
7290008713016,false,לחם שבעה דגנים קל 500גרם,מאפיית שלמה א. אנג'ל,IL,לחם שבעה דגנים קל 500גרם,גרמים,500.00,100 גרם,false,0,12.60,2.52,true,1,
7290008713696,false,הלחמניה המלאה 75*6 גרם,מאפיית שלמה א. אנג'ל,IL,הלחמניה המלאה 75*6 גרם,גרמים,450.00,100 גרם,false,0,12.60,2.80,true,1,
7290008713900,false,לחם שיפון עגול 750 גרם,מאפיית שלמה א. אנג'ל,IL,לחם שיפון עגול 750 גרם,גרמים,750.00,100 גרם,false,0,11.00,1.47,true,1,
7290008713917,false,לחם שיפון כהה 750 גרם,מאפיית שלמה א. אנג'ל,IL,לחם שיפון כהה,גרמים,750.00,100 גרם,false,0,11.00,1.47,true,1,
7290008747516,false,צ'יטוס איקס עיגול 15*10ג,עלית,IL,צ'יטוס 10 יח',גרמים,150.00,100 גרם,false,0,8.80,5.87,true,1,
7290008748384,false,שוקולד ספלנדיד מריר100גר,שטראוס,IL,שוקולד ספלנדיד,גרמים,100.00,100 גרם,false,0,10.60,10.60,true,1,
7290008750400,false,שוקולד לבן+עוגיות100 גרם,שטראוס,IL,שוקולדלבן עוגיות,גרמים,100.00,100 גרם,false,0,5.50,5.50,true,1,
7290008753883,false,בפלות טרפלס שוק+פרורי350,שטראוס,IL,בפלות טרפלס,גרמים,350.00,100 גרם,false,0,13.80,3.94,true,1,
7290008754422,false,LL MUST קלאסי פפרמינט28ג,שטראוס,IL,מסטיק LL MUST,גרמים,28.00,100 גרם,false,0,3.90,13.93,true,1,
7290008754613,false,רולדת שוקולד מצופה 350גר,שטראוס,IL,רולדת שוקולד,גרמים,350.00,100 גרם,false,0,13.30,3.80,true,1,
7290008757980,false,נקטר ספרינג רימונים 1 ל',יפאורה שותפות מובגלת לשיווק,IL,נקטר רימונים,ליטרים,1.00,ליטר,false,0,5.00,5.00,true,1,
7290008804189,false,"קברנה סדרה אזורית 750מ""ל",יקבי כרמל,IL,קברנה סוביניון,מיליליטרים,750.00,"100 מ""ל",false,0,42.50,5.67,true,1,
7290008804462,false,"מוסקט קינוח P.C 500 מ""ל",יקבי כרמל,IL,מוסקט קינוח,מיליליטרים,500.00,"100 מ""ל",false,0,32.40,6.48,true,1,
7290008805049,false,"רוזה סלקטד 750 מ""ל",יקבי כרמל,IL,רוזה סלקטד,מיליליטרים,750.00,"100 מ""ל",false,0,27.20,3.63,true,1,
7290008805520,false,קברנה מרלו סלקטד,,,קברנה מרלו סלקטד,מיליליטרים,750.00,"100 מ""ל",false,0,27.00,3.60,true,1,
7290008805964,false,קברנה שיראז סדרה אזורית,יקבי כרמל,IL,קברנה שיראז,מיליליטרים,750.00,"100 מ""ל",false,0,42.50,5.67,true,1,
7290008806268,false,גלידה קורנטו ביס 12יח',שטראוס,IL,גלידה קורנטו,גרמים,144.00,100 גרם,false,0,30.60,21.25,true,1,
7290008806909,false,גלידה לייט שוקו וניל1.33,שטראוס,IL,גלידה לייט,ליטרים,1.33,ליטר,false,0,18.70,14.06,true,1,
7290008813396,false,מסנן לכיור+כפתור,מגי פינצר,CN,מסנן לכיור,יחידה,1.00,יחידה,false,0,10.10,10.10,true,1,
7290008909440,false,פאנטה אורנג' מנגו 1.5 ל',החברה המרכזית לייצור משקאות,IL,פאנטה אורנג',ליטרים,1.50,ליטר,false,0,6.50,4.33,true,1,
7290008909860,false,קוקה קולה ZERO 1.5 ליטר,החברה המרכזית לייצור משקאות,IL,קוקה קולה ZERO,ליטרים,1.50,ליטר,false,0,6.50,4.33,true,1,
7290009164848,true,קבב מזרחי 840גרם,.,IL,קבב מזרחי 840גרם,גרמים,840.00,100 גרם,false,1,38.30,4.56,true,1,
7290009395037,true,כבד עוף טרי תפזורת עצמי,שונות,IL,כבד עוף טרי,קילוגרמים,0.00,"ק""ג",true,0,15.30,15.30,true,1,
7290009398786,true,מארז פיתות אסלית 5יח100*,מאפיית אנג'ל,IL,חמישיית פיתות,גרמים,500.00,100 גרם,false,0,6.70,1.34,true,1,
7290009398816,true,פרס בורגר שוקולד 500 גרם,גידרון,IL,פרס בורגר שוקולד,יחידה,1.00,יחידה,false,0,22.80,22.80,true,1,
7290009399165,true,לחמניה קלה,גידרון,IL,לחמניה קלה,יחידה,1.00,יחידה,false,0,2.90,2.90,true,1,
7290009399288,true,פס גבינה אפוי,גידרון,,פס גבינה אפוי,יחידה,1.00,יחידה,false,0,23.80,23.80,true,1,
7290009399431,true,עוגיות שיבולת שועל במשקל,גידרון,IL,עוגיות ש.שועל,קילוגרמים,0.00,"ק""ג",true,0,28.00,28.00,true,1,
7290009399479,true,עוג.מרוקאיות עגולות משקל,גידרון,IL,עוגיות מרוקאיות,קילוגרמים,0.00,"ק""ג",true,0,25.00,25.00,true,1,
7290009399523,true,מעמול תמרים במשקל,גידרון,,מעמול תמרים,קילוגרמים,0.00,"ק""ג",true,0,30.00,30.00,true,1,
7290009399622,true,עוג.ש.שועל ללא ת.ס. משקל,גידרון,IL,עוגיות שיבולת,קילוגרמים,0.00,"ק""ג",true,0,28.00,28.00,true,1,
7290009399806,true,עוגת קרנץ טעם שוקולד 600,גידרון,,עוגת קרנץ 600גר,גרמים,600.00,100 גרם,false,0,18.70,3.12,true,1,
7290009401790,true,מארז פיתה קמח מלא 5יח,מאפיית אנג'ל,IL,פיתה קמח מלא 5יח,גרמים,500.00,100 גרם,false,0,7.60,1.52,true,1,
7290009908930,true,צנימים תוצרת עצמית משקל,,IL,צנימים תוצרת עצמית משקל,גרמים,0.00,"ק""ג",true,0,20.00,20.00,true,1,
7290009950106,true,"משקה אנרגיה מצונן 250מ""ל",,,"משקה אנרגיה מצונן 250מ""ל",מיליליטרים,250.00,"100 מ""ל",false,0,7.00,2.80,true,1,
7290009950120,true,מים מינרליים,,,מים מינרליים,ליטרים,1.50,ליטר,false,0,6.00,4.00,true,1,
7290009951165,true,לחם פיתה 10 יח,,,לחם פיתה 10 יח,קילוגרמים,1.10,"ק""ג",false,0,15.70,14.27,true,1,
7290009951899,true,מאפה מלוח משקל,גידרון,IL,מאפה מלוח,קילוגרמים,0.00,"ק""ג",true,0,33.00,33.00,true,1,
7290009952063,true,מים מינרליים500מ,,,מים מינרליים500מ,מיליליטרים,500.00,"100 מ""ל",false,0,5.00,1.00,true,1,
7290009952704,true,משקה מצונן 1.5 ליטר,,,משקה מצונן 1.5 ליטר,ליטרים,1.50,ליטר,false,0,7.60,5.07,true,1,
7290009952896,true,בירה מצוננת בקב.חוזר500מ,,,בירה מצוננת בקב.חוזר500מ,מיליליטרים,500.00,"100 מ""ל",false,0,11.70,2.34,true,1,
7290009952995,true,מים מינרליים 1.5 ליטר,,,מים מינרליים 1.5 ליטר,ליטרים,1.50,ליטר,false,0,4.30,2.87,true,1,
7290009953732,true,תה קר מצונן 1.5 ליטר,,,תה קר מצונן 1.5 ליטר,ליטרים,1.50,ליטר,false,0,8.40,5.60,true,1,
7290009953923,true,גבינת צ'דר,,,גבינת צ'דר,קילוגרמים,0.00,"ק""ג",true,0,76.00,76.00,true,1,
7290009954234,true,נועם גב.צהובה9%חריץ משקל,טרה,IL,גבינת נועם 9%,קילוגרמים,0.00,"ק""ג",true,0,60.00,60.00,true,1,
7290009954241,true,נועם ג.צהובה22%חריץ משקל,"טרופיקל דגיל  תעשיות קוסמטיקה בע""מ",IL,גבינת נועם 22%,קילוגרמים,0.00,"ק""ג",true,0,31.60,31.60,true,1,
7290009954258,true,נועם ג.צהובה28%חריץ משקל,י. מלכי מוצרים,IL,גבינת נועם 28%,קילוגרמים,0.00,"ק""ג",true,0,31.60,31.60,true,1,
7290009954357,true,גבינת עמק מגורדת,,IL,גבינת עמק מגורדת,קילוגרמים,0.00,"ק""ג",true,0,35.30,35.30,true,1,
7290009955217,true,"סלמי קוניאק שופרסל ק""ג",עוף טוב,IL,סלמי קוניאק,קילוגרמים,0.00,"ק""ג",true,0,50.00,50.00,true,1,
7290009955231,true,"סלמי איטלקי שופרסל ק""ג",עוף טוב,IL,סלמי איטלקי,קילוגרמים,0.00,"ק""ג",true,0,50.00,50.00,true,1,
7290009955255,true,חזה הודו דבש נתח שלם שופ,עוף טוב,IL,חזה הודו דבש,קילוגרמים,0.00,"ק""ג",true,0,58.00,58.00,true,1,
7290009955262,true,חזה הודו ברביקיו נתח שלם,עוף טוב,IL,חזה הודו ברביקיו,קילוגרמים,0.00,"ק""ג",true,0,58.00,58.00,true,1,
7290009955309,true,גב.פרמז'ן27% שופרסל משקל,ז'נטי אס.פי.אי,IT,גבינת פרמז'ן,קילוגרמים,0.00,"ק""ג",true,1,84.00,84.00,true,1,
7290009955330,true,גב.מוצרלה21% שופרסל משקל,אס סי מודסט,LE,גבינה מוצרלה 21%,קילוגרמים,0.00,"ק""ג",true,1,50.00,50.00,true,1,
7290009955460,true,פרמז'ן 27% מגורדת במשקל,ז'נטי אס.פי.אי,IT,פרמז'ן מגורדת,קילוגרמים,0.00,"ק""ג",true,1,84.00,84.00,true,1,
7290009955675,true,גב.גאודה 30% הולנד במשקל,KAAS HEIDEN UAN,NL,גבינת גאודה,קילוגרמים,0.00,"ק""ג",true,1,29.00,29.00,true,1,
7290009955705,true,כתף בקר שופרסל לקג,עוף טוב,IL,כתף בקר,קילוגרמים,0.00,"ק""ג",true,1,76.00,76.00,true,1,
7290009955743,true,גבינת צהובה28%פולין משקל,MLEKOVITA,PL,גבינת צהובה 28%,קילוגרמים,0.00,"ק""ג",true,1,27.30,27.30,true,1,
7290009956214,true,גבינת מסדם במשקל,בלקויטה,PL,גבינת מסדם,קילוגרמים,0.00,"ק""ג",true,1,33.00,33.00,true,1,
7290010002030,false,כמון 100 גרם,א.ל ייצור ושיווק תבלינים,IL,כמון טחון,גרמים,100.00,100 גרם,false,0,7.60,7.60,true,1,
7290010002122,false,פפריקה הונגרית מתוקה100ג,א.ל ייצור ושיווק תבלינים,IL,פפריקה הונגרית,גרמים,100.00,100 גרם,false,0,7.60,7.60,true,1,
7290010002283,false,תבלין על האש 100 גרם,א.ל ייצור ושיווק תבלינים,IL,תבלין על האש,גרמים,100.00,100 גרם,false,0,8.30,8.30,true,1,
7290010002320,false,תבלין גריל עוף 100 גרם,א.ל ייצור ושיווק תבלינים,IL,תבלין גריל עוף,גרמים,100.00,100 גרם,false,0,8.30,8.30,true,1,
7290010002399,false,בזיליקום 40 גרם,א.ל ייצור ושיווק תבלינים,IL,בזיליקום(ריחן),גרמים,40.00,100 גרם,false,0,8.70,21.75,true,1,
7290010049028,false,תרכיז פטל מרמולייט 1ליטר,אשבל,IL,תרכיז דיט פטל,ליטרים,1.00,ליטר,false,0,9.20,9.20,true,1,
7290010066513,false,טונה בשמן צמחי 158*4 גרם,תעשיות פילטונה,IL,טונה בשמן 4 יח,גרמים,632.00,100 גרם,false,0,23.80,3.77,true,1,
7290010066582,false,טונה בשמן קנולה 158*4 גר,תעשיות פילטונה,IL,טונה בשמן 4 יח,גרמים,632.00,100 גרם,false,0,23.80,3.77,true,1,
7290010116980,false,שוקולית 850 גרם,עלית,IL,שוקולית עלית,גרמים,850.00,100 גרם,false,0,16.60,1.95,true,1,
7290010129348,false,עוגיות שוקולד 600 גרם,דולצ'ה ויטה,IL,עוגיות שוקולד,גרמים,600.00,100 גרם,false,0,16.20,2.70,true,1,
7290010154012,false,לימון בלאדי 250 גרם,נטו,IL,לימון בלאדי,גרמים,250.00,100 גרם,false,0,13.40,5.36,true,1,
7290010154555,false,ממרח לימון כבוש 250 גרם,תבליני יוחי ביטון,IL,ממרחלימון כבוש,גרמים,250.00,100 גרם,false,1,13.40,5.36,true,1,
7290010163632,false,שזיף ללא גלעין400ג'שקדיה,שקדיה,IL,שזיף ללא גלעין,גרמים,400.00,100 גרם,false,0,22.80,5.70,true,1,
7290010163656,false,פקאן טבעי מקולף200גשקדיה,שקדיה,IL,פקאן טבעי מקולף,גרמים,200.00,100 גרם,false,0,24.40,12.20,true,1,
7290010163700,false,שקד קלוף טבעי200ג שקדיה,שקדיה,IL,שקד טבעי,גרמים,200.00,100 גרם,false,0,21.10,10.55,true,1,
7290010237531,false,פפסי בקבוק,,IL,פפסי בקבוק,מיליליטרים,500.00,"100 מ""ל",false,0,3.60,0.72,true,1,
7290010237623,false,בירה נשר מאלט 1.5 ליטר,טמפו,IL,נשר מאלט,ליטרים,1.50,ליטר,false,0,5.50,3.67,true,1,
7290010237890,false,בירה הייניקן בק.חוזר500מ,היינקן,IL,בירה הייניקן,מיליליטרים,500.00,"100 מ""ל",false,0,8.40,1.68,true,1,
7290010259038,false,לורפק ממרח,,DK,לורפק ממרח,גרמים,500.00,100 גרם,false,0,23.80,4.76,true,1,
7290010259311,false,"מי קוקוס 400 מ""ל",טאי קוקונט,TH,מי קוקוס,מיליליטרים,400.00,"100 מ""ל",false,0,7.90,1.98,true,1,
7290010259823,false,מנת השף נודלס,,IL,מנת השף נודלס,גרמים,70.00,100 גרם,false,0,4.40,6.29,true,1,
7290010259854,false,מנת השף נודלס,,IL,מנת השף נודלס,גרמים,70.00,100 גרם,false,0,4.40,6.29,true,1,
7290010429295,false,מעדן פרי מישמש100% 250ג,יד מרדכי,IL,מעדן מישמש,גרמים,250.00,100 גרם,false,0,12.70,5.08,true,1,
7290010429554,false,"שמן זית 2 קלאסי 750מ""ל",יד מרדכי,IL,שמן זית 2 קלאסי,מיליליטרים,750.00,"100 מ""ל",false,0,34.10,4.55,true,1,
7290010471669,false,דנונה בר תות קורנפ175.גר,שטראוס,IL,דנונה בר תות,גרמים,175.00,100 גרם,false,0,4.00,2.29,true,1,
7290010472307,false,גמדים לשתיה תות בננ100*8,שטראוס,IL,גמדים לשתיה 8 יח,מיליליטרים,800.00,"100 מ""ל",false,0,17.80,2.23,true,1,
7290010472390,false,דני שוקולד 125*8גרם,שטראוס,IL,דני שוקולד 8 יח',קילוגרמים,1.00,"ק""ג",false,0,13.90,13.90,true,1,
7290010472765,false,סופר גמדים תות 100*4 גרם,שטראוס,IL,סופר גמדים 4 יח,גרמים,400.00,100 גרם,false,0,10.10,2.53,true,1,
7290010570539,false,סט קומפקט 14 8 צלליות,,,סט קומפקט 14 8 צלליות,יחידה,1.00,יחידה,false,0,34.40,34.40,true,1,
7290010582037,false,פלפלון סוויט בייט יחידה,קטיף,IL,פלפלון סוויט,יחידה,1.00,יחידה,false,0,8.50,8.50,true,1,
7290010627004,false,טחינה ירושלים 500 גרם,"טחינה ירושלים בע""מ",IL,טחינה ירושלים,גרמים,500.00,100 גרם,false,0,14.40,2.88,true,1,
7290010650354,false,כורכום טרי יחידה,קטיף,IL,כורכום טרי,יחידה,1.00,יחידה,false,0,16.00,16.00,true,1,
7290010650415,false,עגבניות לחות -יחידה,חוות פטריות תקוע,IL,עגבניות לחות,יחידה,1.00,יחידה,false,0,15.00,15.00,true,1,
7290010748891,false,ק.גוף אפקטיב קר רגיל700מ,פישר  מעבדות  פרמצבטיות,IL,קרם גוף,מיליליטרים,700.00,"100 מ""ל",false,0,27.80,3.97,true,1,
7290010814695,false,"שוקולד מריר ללת""ס 85 גרם",כרמית,IL,שוקולד מריר,גרמים,85.00,100 גרם,false,0,5.80,6.82,true,1,
7290010814701,false,"שוקולד חלב ללת""ס 85 גרם",כרמית,IL,שוקולד חלב,גרמים,85.00,100 גרם,false,0,5.80,6.82,true,1,
7290010883356,false,סנו סושי כפפות אלוורה XL,סנו,IL,סנו סושי כפפות,יחידה,1.00,יחידה,false,0,10.30,10.30,true,1,
7290010921034,false,מיץ רימונים,,IL,מיץ רימונים,ליטרים,1.00,ליטר,false,0,10.90,10.90,true,1,
7290010931330,false,סלט מטבוחה 500 גרם,שטראוס,IL,סלט מטבוחה אחלה,גרמים,500.00,100 גרם,false,0,13.50,2.70,true,1,
7290010945146,false,קוטג' 3%מועשר בסידן 250ג,טרה,IL,קוטג'  3% מועשר,גרמים,250.00,100 גרם,false,0,4.70,1.88,true,1,
7290010945306,false,חלב 3% בקרטון 2 ליטר,טרה,IL,חלב 3%  בקרטון,ליטרים,2.00,ליטר,false,0,9.82,4.91,true,1,
7290010945450,false,גבינה לבנה 3% 250 גרם,טרה,IL,גבינה לבנה3%,גרמים,250.00,100 גרם,false,0,3.90,1.56,true,1,
7290010945481,false,גבינה לבנה 5% 500 גרם,טרה,IL,גבינה לבנה 5%,גרמים,500.00,100 גרם,false,0,6.80,1.36,true,1,
7290010970261,false,"חומץ תפוחי עץ 500 מ""ל",ג.מ.טעם הארץ,IL,חומץ תפוחי עץ,מיליליטרים,500.00,"100 מ""ל",false,0,15.00,3.00,true,1,
7290011015381,false,מיץ תפוח סחוט פריגת 2 ל',פריגת,IL,מיץ תפוחים צלול,ליטרים,2.00,ליטר,false,0,22.80,11.40,true,1,
7290011017873,false,"סליק קוקה זירו 330 מ""ל",החברה המרכזית לייצור משקאות,IL,קוקה זירו,מיליליטרים,330.00,"100 מ""ל",false,0,5.10,1.55,true,1,
7290011018214,false,תה מנגו אננס,,IL,תה מנגו אננס,מיליליטרים,500.00,"100 מ""ל",false,0,7.00,1.40,true,1,
7290011018252,false,תה מנגו אננס,,IL,תה מנגו אננס,ליטרים,1.50,ליטר,false,0,6.70,4.47,true,1,
7290011018276,false,תה אקזוטי,,IL,תה אקזוטי,ליטרים,1.50,ליטר,false,0,6.70,4.47,true,1,
7290011018283,false,פיוז תה אפרסק,,IL,פיוז תה אפרסק,ליטרים,1.50,ליטר,false,0,6.70,4.47,true,1,
7290011018313,false,תה אפרסק 4 יח',,IL,תה אפרסק 4 יח',ליטרים,6.00,ליטר,false,0,20.50,3.42,true,1,
7290011018474,false,סיידר תפוחים אלכוהולי330,קרלסברג ישראל,DK,סיידר תפוחים,מיליליטרים,330.00,"100 מ""ל",false,1,8.40,2.55,true,1,
7290011018580,false,פיוז טי ענבים,,IL,פיוז טי ענבים,ליטרים,1.50,ליטר,false,0,6.70,4.47,true,1,
7290011018917,false,"קוקה קולה זירו 330*6 מ""ל",החברה המרכזית לייצור משקאות,IL,קוקה קולה זירו6י,ליטרים,1.98,ליטר,false,0,18.60,9.39,true,1,
7290011051389,false,שוופס פירות יער מוגז1.5ל,יפאורה שותפות מובגלת לשיווק,IL,שוופס מוגז עדין,ליטרים,1.50,ליטר,false,0,5.90,3.93,true,1,
7290011051396,false,שוופס אפרסק מוגז 1.5ליטר,יפאורה שותפות מובגלת לשיווק,IL,שוופס אפרסק,ליטרים,1.50,ליטר,false,0,5.90,3.93,true,1,
7290011051488,false,תה ספרינג אפרסק 1.5 ליטר,יפאורה שותפות מובגלת לשיווק,IL,ספרינג תה אפרסק,ליטרים,1.50,ליטר,false,0,5.50,3.67,true,1,
7290011051495,false,תה ספרינג ירוק לימון1.5ל,יפאורה שותפות מובגלת לשיווק,IL,תה ספרינג ירוק,ליטרים,1.50,ליטר,false,0,5.50,3.67,true,1,
7290011051655,false,שוופס ריזלינג מוגז 1.5ל',יפאורה שותפות מובגלת לשיווק,IL,שוופס ריזלינג,ליטרים,1.50,ליטר,false,0,5.90,3.93,true,1,
7290011051938,false,תפוזינה תפוח רענן 1.5 ל',יפאורה שותפות מובגלת לשיווק,IL,תפוזינה תפוח,ליטרים,1.50,ליטר,false,0,5.50,3.67,true,1,
7290011051976,false,R.C FREE 1.5 ליטר,יפאורה שותפות מובגלת לשיווק,IL,R.C FREE,ליטרים,1.50,ליטר,false,0,4.60,3.07,true,1,
7290011110000,false,חסה רומית שלמה יחידה,יגור חקלאות ועסקים,IL,חסה רומית שלמה,יחידה,1.00,יחידה,false,0,7.90,7.90,true,1,
7290011110017,false,עלי חסה רומית יחידה,יגור חקלאות ועסקים,IL,עלי חסה רומית,יחידה,1.00,יחידה,false,0,9.90,9.90,true,1,
7290011115166,false,תחליב רחצה נקה7  לבנדר1ל,אמיליה קוסמטיקס,IL,תחליב רחצה נקה 7,ליטרים,1.00,ליטר,false,0,13.10,13.10,true,1,
7290011115203,false,סבון נקה 7 ורוד 100*4 גר,נקה,,סבון נקה 7 4 יח,גרמים,400.00,100 גרם,false,0,12.80,3.20,true,1,
7290011115289,false,סבון נקה 7 לילך 100*4 גר,נקה,IL,סבון נקה 7 4 יח,מיליליטרים,400.00,"100 מ""ל",false,0,12.80,3.20,true,1,
7290011126209,false,גן קסום תפוח+קינמון 25שק,ויסוצקי,IL,חליטת תפוח קנמון,גרמים,67.00,100 גרם,false,0,11.80,17.61,true,1,
7290011126346,false,ניחוח.גליל לימ/לואיזה25ש,ויסוצקי,IL,חליטת צמחים,גרמים,55.00,100 גרם,false,0,11.80,21.45,true,1,
7290011131371,false,"מיזלי קראנץ שקדים 1 ק""ג",וויטליה,PL,מיזלי שקדים,קילוגרמים,1.00,"ק""ג",false,0,24.70,24.70,true,1,
7290011131395,false,מיזלי קראנץ 30%פירות 1 ק,וויטליה,PL,מיזלי קראנץ,קילוגרמים,1.00,"ק""ג",false,0,24.70,24.70,true,1,
7290011131975,false,"גרנולה פירות 1 ק""ג",וויטליה,IL,גרנולה פירות,קילוגרמים,1.00,"ק""ג",false,0,23.60,23.60,true,1,
7290011194215,false,"דניאלה בננה 150 מ""ל",שטראוס,IL,דניאלה בננה,מיליליטרים,150.00,"100 מ""ל",false,0,3.60,2.40,true,1,
7290011194246,false,קוטג' 5% שומן 250 גרם,שטראוס,IL,קוטג' 5% שומן,גרמים,250.00,100 גרם,false,0,5.00,2.00,true,1,
7290011194741,false,משקה אקטיביה לבן1.5% 250,שטראוס,IL,משקה אקטיביה לבן,מיליליטרים,250.00,"100 מ""ל",false,0,4.30,1.72,true,1,
7290011223243,false,דאק ג'ללאסלה ניחוח לבנדר,DEOFLOR,GB,דאק ג'ל לאסלה,מיליליטרים,55.00,"100 מ""ל",false,0,9.80,17.82,true,1,
7290011308179,false,קרקר חיטה מלאה+פשתן300גר,אפיפית,IL,קרקר חיטה מלאה,גרמים,300.00,100 גרם,false,0,9.50,3.17,true,1,
7290011308780,false,בייגלה טבעות שומשום300גר,יוניליוור,IL,בייגלה טבעות,גרמים,300.00,100 גרם,false,0,9.90,3.30,true,1,
7290011308889,false,נשנושים ביס ברביקיו60גרם,יוניליוור,IL,נשנושים ביס,גרמים,60.00,100 גרם,false,0,3.90,6.50,true,1,
7290011348267,false,קציצות עדשים כתומות 500,טבעול,IL,קציצות עדשים,יחידה,1.00,יחידה,false,0,25.50,25.50,true,1,
7290011378769,false,חטיפי חלבה וניל 7יח18*גר,רושדי תעשיות מזון,IL,חטיפי חלבה 7 יח,גרמים,126.00,100 גרם,false,0,8.50,6.75,true,1,
7290011378776,false,חטיפי חלבה פיסטוק 18*7 ג,רושדי תעשיות מזון,IL,חטיפי חלבה 7 יח,גרמים,126.00,100 גרם,false,0,8.50,6.75,true,1,
7290011379018,false,פטריות מארז משפחתי יח,מרינה,IL,פטריות מארז משפ,יחידה,1.00,יחידה,false,0,16.90,16.90,true,1,
7290011438128,false,משקה חלב שוקו בקבוק 350מ,יטבתה,IL,משקה חלב שוקו,מיליליטרים,350.00,"100 מ""ל",false,0,5.50,1.57,true,1,
7290011438470,false,מילקשייק שוקו יוטבתה350מ,יטבתה,IL,מילקשייק שוקו,מיליליטרים,350.00,"100 מ""ל",false,0,5.90,1.69,true,1,
7290011438487,false,מילקשייק וניל יטבתה350מל,יטבתה,IL,מילקשייק וניל,מיליליטרים,350.00,"100 מ""ל",false,0,5.90,1.69,true,1,
7290011438517,false,שוקו יטבתה בקבוק150*8גרם,יטבתה,IL,שוקו יטבתה 8 יח',קילוגרמים,1.20,"ק""ג",false,0,17.00,14.17,true,1,
7290011447304,false,מטרנה חלבי שלב 3 700ג,נסטלה,IL,מטרנה חלבי שלב 3,גרמים,700.00,100 גרם,false,0,48.60,6.94,true,1,
7290011447359,false,מטרנה מהדרין שלב 1 700גר,נסטלה,IL,מטרנה מהדרין,גרמים,700.00,100 גרם,false,0,46.90,6.70,true,1,
7290011468002,false,טחינה גולמית הנסיך500גרם,הנסיך,IL,טחינה הנסיך,גרמים,500.00,100 גרם,false,0,13.50,2.70,true,1,
7290011499105,false,גבינה בולגרית 5% 250 גרם,מחלבות גד,IL,גבינה בולגרית 5%,גרמים,250.00,100 גרם,false,0,16.10,6.44,true,1,
7290011499297,false,גבינת ברי פקאן 125 גרם,מחלבות גד,IL,גבינת ברי פקאן,גרמים,125.00,100 גרם,false,0,17.70,14.16,true,1,
7290011499327,false,גב.בולגרית מעודנת5% 250ג,מחלבות גד,,בולגרית מעודנת5%,גרמים,250.00,100 גרם,false,0,16.10,6.44,true,1,
7290011499334,false,גבינת קממבר צאן 125 גרם,מחלבות גד,IL,גבינת קממבר,גרמים,125.00,100 גרם,false,0,16.00,12.80,true,1,
7290011499624,false,גבינת שמנת 30% טבעי200גר,מחלבות גד,,גבינת שמנת 30%,גרמים,200.00,100 גרם,false,0,11.40,5.70,true,1,
7290011499846,false,ריקוטה פרסקה 9%,,,ריקוטה פרסקה 9%,גרמים,300.00,100 גרם,false,0,12.70,4.23,true,1,
7290011501617,false,חמוציות דל סוכר250ג שקדי,שקדיה,IL,חמוציות דל סוכר,גרמים,250.00,100 גרם,false,0,16.80,6.72,true,1,
7290011515683,false,מאגדת אקסטרים וניל 6יח,נסטלה,IL,מאגדת אקסטרים,גרמים,432.00,100 גרם,false,0,32.40,7.50,true,1,
7290011518561,false,"אקטימל תות 100*14 מ""ל",שטראוס,IL,אקטימל מארז14יח',ליטרים,1.40,ליטר,false,0,27.80,19.86,true,1,
7290011570132,false,"קמח נטול גלוטן 1 ק""ג",גלעם,IL,קמח נטול גלוטן,קילוגרמים,1.00,"ק""ג",false,0,4.10,4.10,true,1,
7290011575809,false,הגרטי ספריי כלי כסף200מל,דיוורסי,NL,הגרטי ספריי,מיליליטרים,200.00,"100 מ""ל",false,0,33.80,16.90,true,1,
7290011598372,false,מטלית רצפה פרופשיונל,סנו,IL,מטלית לרצפה,יחידה,1.00,יחידה,false,0,8.50,8.50,true,1,
7290011598402,false,מרכך מקסימה מאסק 4 ל',סנו,,מרכך כביסה,ליטרים,4.00,ליטר,false,0,17.00,4.25,true,1,
7290011607180,false,א.כביסה קולון101 1.25 קג,רקיט בנקיזר,IL,אבקת כביסה קולון,קילוגרמים,1.25,"ק""ג",false,0,12.70,10.16,true,1,
7290011668143,false,"מסיכה משקמת פנינה 1 ק""ג",א.ל ארמן,IL,מסיכה לשיער,קילוגרמים,1.00,"ק""ג",false,0,29.60,29.60,true,1,
7290011743833,false,משחה סנסודיין פרונמל75מל,גלקסוסמיתקליין,GB,משחת שיניים,מיליליטרים,75.00,"100 מ""ל",false,0,12.80,17.07,true,1,
7290011744892,false,משחת אקווה פרש ג'וניור50,גלקסוסמיתקליין,,משחת שיניים א.פ,מיליליטרים,50.00,"100 מ""ל",false,0,8.50,17.00,true,1,
7290011745714,false,משחה אקווה פרש מרענן100מ,גלקסוסמיתקליין,GB,משחת שיניים,מיליליטרים,100.00,"100 מ""ל",false,0,10.90,10.90,true,1,
7290011765071,false,ג'ל גילוח קרמה רגיל 200מ,קוסמופארם,IL,ג'ל גילוח קרמה,מיליליטרים,200.00,"100 מ""ל",false,0,12.70,6.35,true,1,
7290011765088,false,ג'ל גילוח קרמה COOL 200מ,קוסמופארם,IL,ג'ל גילוח קרמה,מיליליטרים,200.00,"100 מ""ל",false,0,12.70,6.35,true,1,
7290011765118,false,קצף גילוח קרמה דליקט200מ,קוסמופארם,IL,קצף גילוח קרמה,מיליליטרים,200.00,"100 מ""ל",false,0,8.50,4.25,true,1,
7290011800642,false,סלט מטבוחה רפי כהן 400גר,צבר,IL,סלט מטבוחה,גרמים,400.00,100 גרם,false,0,14.90,3.73,true,1,
7290011800703,false,פלפלים קלויים רפי כהן400,צבר,IL,סלט פלפלים,גרמים,400.00,100 גרם,false,0,14.90,3.73,true,1,
7290011800826,false,חציל בטחינה רפי כהן 400ג,צבר,IL,סלט חציל בטחינה,גרמים,400.00,100 גרם,false,0,14.90,3.73,true,1,
7290011800864,false,חציל בשמן זית רפי כהן400,צבר,IL,סלט חציל צבר,גרמים,400.00,100 גרם,false,0,14.90,3.73,true,1,
7290011830106,false,דובשניות אורגני,,IL,דובשניות אורגני,גרמים,300.00,100 גרם,false,0,11.60,3.87,true,1,
7290011830526,false,מיני פריכיות אורז מלא 80,השדה מוצרים אורגניים,IL,מיני פריכיות,גרמים,80.00,100 גרם,false,0,8.40,10.50,true,1,
7290011876388,false,קציצות עוף ובקר 600גרם,מאמא עוף,IL,קציצות עוף ובקר,גרמים,600.00,100 גרם,false,0,29.40,4.90,true,1,
7290011877101,false,"סנומוד ניחוח מאסק 150מ""ל",סנו,IL,סנומוד,מיליליטרים,150.00,"100 מ""ל",false,0,11.00,7.33,true,1,
7290011877446,false,בייבי כיף קרם נגד גירוד,קוסמופארם,IL,בייבי כיף קרם,מיליליטרים,100.00,"100 מ""ל",false,0,10.10,10.10,true,1,
7290011877859,false,סנו אינסטלטור 200 גרם,סנו,IL,סנו אינסטלטור,גרמים,200.00,100 גרם,false,0,13.50,6.75,true,1,
7290011889869,false,גלידה משפ' 2טעמים פרווה,שטראוס,IL,גל.משפחתית,ליטרים,2.00,ליטר,false,0,24.40,12.20,true,1,
7290011947279,false,זית ירוק איטלקי 215גרם,זיתא,IL,זית ירוק מתובל,גרמים,215.00,100 גרם,false,0,9.80,4.56,true,1,
7290012022050,false,קריספיות מרובה דגנים 75,דילייט,IL,קריספיות דגנים,גרמים,75.00,100 גרם,false,0,11.70,15.60,true,1,
7290012086113,false,שרי אשכולות מובחר יחידה,קטיף,IL,שרי אשכולות יח,יחידה,1.00,יחידה,false,0,10.90,10.90,true,1,
7290012116674,false,"קרמה דאו.ג'ל קול 70 מ""ל",קוסמופארם,,דאו.קרמה ג'ל,מיליליטרים,70.00,"100 מ""ל",false,0,13.50,19.29,true,1,
7290012117275,false,סנוקליר שקית מילוי 750מל,סנו,IL,סנוקליר מילוי,מיליליטרים,750.00,"100 מ""ל",false,0,5.90,0.79,true,1,
7290012117350,false,סנו ריצפז פרש לילך 2ליטר,סנו,,סנו ריצפז,ליטרים,2.00,ליטר,false,0,17.00,8.50,true,1,
7290012117626,false,אורביטול קיד מי פה 250מל,קוסמופארם,,אורביטול מי פה,מיליליטרים,250.00,"100 מ""ל",false,0,10.10,4.04,true,1,
7290012117916,false,אינסטלטור נוזלי,,IL,אינסטלטור נוזלי,ליטרים,1.00,ליטר,false,0,27.10,27.10,true,1,
7290012139482,false,בונזו ג'וי+עצם מעושנת160,Yang Ping,CN,בונזו ג'וי,גרמים,160.00,100 גרם,false,0,17.80,11.13,true,1,
7290012227172,false,מארז כפרית חרמון 300*2גר,זוגלובק,IL,מארז כפרית חרמון,גרמים,600.00,100 גרם,false,0,30.30,5.05,true,1,
7290012244643,false,מארז פיתה תימנית5יח100*ג,מאפיית אנג'ל,IL,פיתה תימנית 5יח,גרמים,500.00,100 גרם,false,0,11.00,2.20,true,1,
7290012404160,false,שוופס מוגז אשכולית1.5ל,יפאורה שותפות מובגלת לשיווק,IL,שוופס אשכולית,ליטרים,1.50,ליטר,false,0,5.90,3.93,true,1,
7290012404238,false,שוופס ראש'ן 1.5 ליטר,יפאורה שותפות מובגלת לשיווק,IL,שוופס ראש'ן,ליטרים,1.50,ליטר,false,0,8.40,5.60,true,1,
7290012404283,false,תפוזינה מנגו עסיס 1.5 ל',יפאורה שותפות מובגלת לשיווק,IL,תפוזינה מנגו,ליטרים,1.50,ליטר,false,0,5.50,3.67,true,1,
7290012404320,false,ספרינג ענבים 1.5 ליטר,יפאורה שותפות מובגלת לשיווק,IL,ספרינג ענבים,ליטרים,1.50,ליטר,false,0,5.90,3.93,true,1,
7290012404863,false,ספרינג תה מנגו אפרסק1.5ל,יפאורה שותפות מובגלת לשיווק,IL,ספרינג תה מנגו,ליטרים,1.50,ליטר,false,0,5.50,3.67,true,1,
7290012413636,false,תה ירוק צ'אי מסאלה 25שק',ויסוצקי,,תה ירוק צ'אי,גרמים,38.00,100 גרם,false,0,22.90,60.26,true,1,
7290012576614,false,"ריזלינג פרמייר 750 מ""ל",יקבי ברקן,IL,פרמייר ריזלינג,מיליליטרים,750.00,"100 מ""ל",false,0,21.20,2.83,true,1,
7290012642678,false,אננס חתוך כוס פלסט113X4ג,FOODS HUIZIANG JIANGSU,CN,אננס חתוך 4 יח,גרמים,452.00,100 גרם,false,0,10.90,2.41,true,1,
7290012642692,false,קוקטייל פירות פלסט113*4.,FOODS HUIZIANG JIANGSU,IL,קוקטייל פירות 4י,גרמים,452.00,100 גרם,false,0,13.20,2.92,true,1,
7290012645020,false,"יוגורט טבעי 500 מ""ל",מחלבת סוסיא,GB,יוגורט טבעי,מיליליטרים,500.00,"100 מ""ל",false,0,9.30,1.86,true,1,
7290012645297,false,יוגורט טבעי בגביע 150גרם,מחלבת סוסיא,GB,יוגורט טבעי,גרמים,150.00,100 גרם,false,0,5.00,3.33,true,1,
7290012645303,false,יוג.עיזים תות שדה 3% 150,מחלבת סוסיא,IL,יוגורט עיזים,גרמים,150.00,100 גרם,false,0,5.50,3.67,true,1,
7290012665066,false,רביולי במילוי גבינה 400,"אדריה בע""מ",IL,רביולי במילוי גב,גרמים,400.00,100 גרם,false,0,10.90,2.73,true,1,
7290012696206,false,גביעי נייר,,IL,גביעי נייר,יחידה,1.00,יחידה,false,0,5.80,5.80,true,1,
7290012696213,false,125 גביעי נייר גודל 3,.,IL,גביעי נייר,יחידה,1.00,יחידה,false,0,5.80,5.80,true,1,
7290012697234,false,סטיוויה סוכרזית 75 טב',"ביסקול בע""מ",IL,סטיוויה סוכרזית,גרמים,6.00,100 גרם,false,0,12.70,211.67,true,1,
7290012701948,false,מי פה ליסטרין טוטל קר750,ג'ונסון,US,מי פה ליסטרין,מיליליטרים,750.00,"100 מ""ל",false,0,34.10,4.55,true,1,
7290012708008,false,בריא לי-מיקס בריאות 400ג,י.ח בהאמס,IL,בריא לי,גרמים,400.00,100 גרם,false,0,30.40,7.60,true,1,
7290012803604,false,ביסקוויט שוקולד+טרימי180,TAGO,PL,ביסקוויט טרמיסו,גרמים,180.00,100 גרם,false,0,8.50,4.72,true,1,
7290012803796,false,שוק.חלב אגוז ללא סוכר100,אלטינמארקה,IL,שוקולד חלב אגוז,גרמים,100.00,100 גרם,false,0,10.60,10.60,true,1,
7290012823558,false,10מטליות לחות לרצפה סושי,סנו,IL,מטליות רצפה לחות,יחידה,1.00,יחידה,false,0,9.30,9.30,true,1,
7290012823817,false,תח.רחצה כיף חלב לבנדר750,קוסמופארם,IL,תחליב רחצה כיף,מיליליטרים,750.00,"100 מ""ל",false,0,10.60,1.41,true,1,
7290012850035,false,מחית תפוח ואפרסק 190 גרם,נאופארם,IL,מחית תפוח ואפרסק,גרמים,190.00,100 גרם,false,0,4.80,2.53,true,1,
7290012901355,false,ארוחת מקרוני עם גבינה206,הנדריקס פודס,US,ארוחת מקרוני,גרמים,206.00,100 גרם,false,1,11.00,5.34,true,1,
7290012938566,false,מש.אקווה פרש אקסטרים100מ,גלקסוסמיתקליין,,משחת שיניים,מיליליטרים,100.00,"100 מ""ל",false,0,10.90,10.90,true,1,
7290012938597,false,משחת סנסודין רפיד רליף75,גלקסוסמיתקליין,SI,משחת סנסודיין,מיליליטרים,75.00,"100 מ""ל",false,0,12.80,17.07,true,1,
7290013027399,false,לחם מלא+100%שיפון-קל750ג,מאפיית שלמה א. אנג'ל,IL,לחם מלא+100%שיפון-קל750ג,גרמים,750.00,100 גרם,false,0,13.00,1.73,true,1,
7290013068361,false,"שמן זית אליעד 750 מ""ל",אליעד בית בד בגולן,IL,שמן זית,מיליליטרים,750.00,"100 מ""ל",false,0,33.20,4.43,true,1,
7290013133694,false,דפילטור אורנה19,,IL,דפילטור אורנה19,גרמים,80.00,100 גרם,false,0,12.70,15.88,true,1,
7290013145215,false,שומשום 400 גרם,א.ל ייצור ושיווק תבלינים,IL,שומשום,גרמים,400.00,100 גרם,false,0,12.30,3.08,true,1,
7290013145444,false,שוקולד צ'יפס 66% 250 גרם,אינטרגטה,IL,שוקולד צ'יפס,גרמים,250.00,100 גרם,false,0,12.60,5.04,true,1,
7290013153418,false,מיץ סחוט לימון נענע 1 לי,פריגת,IL,מיץ לימון נענע,ליטרים,1.00,ליטר,false,1,13.50,13.50,true,1,
7290013153425,false,מיץ סחוט לימון נענע 2ל,פריגת,IL,סחוט לימון נענע,ליטרים,2.00,ליטר,false,1,22.80,11.40,true,1,
7290013268020,false,מקסימה סופר מרוכז פרש 1ל,סנו,IL,מרכך כביסה,ליטרים,1.00,ליטר,false,0,12.80,12.80,true,1,
7290013268464,false,"קרם גוף קרמה מאסק 500מ""ל",קוסמופארם,IL,קרם גוף קרמה,מיליליטרים,500.00,"100 מ""ל",false,0,13.50,2.70,true,1,
7290013268624,false,"שמפו כיף גלואו 750 מ""ל",קוסמופארם,IL,שמפו כיף,מיליליטרים,750.00,"100 מ""ל",false,0,7.60,1.01,true,1,
7290013268648,false,"שמפו כיף רומנס 750 מ""ל",קוסמופארם,IL,שמפו כיף,מיליליטרים,750.00,"100 מ""ל",false,0,7.60,1.01,true,1,
7290013268891,false,אוקסיג'ן ג'ל 3ליטר,סנו,,אוקסיג'ן ג'ל,ליטרים,3.00,ליטר,false,0,22.10,7.37,true,1,
7290013268990,false,מקסימה מרכך,,,מקסימה מרכך,ליטרים,1.00,ליטר,false,0,12.80,12.80,true,1,
7290013269263,false,מקסימה ג'ל,,IL,מקסימה ג'ל,ליטרים,3.00,ליטר,false,0,22.10,7.37,true,1,
7290013269287,false,ג'ל כביסה מרוכז,,IL,ג'ל כביסה מרוכז,ליטרים,3.00,ליטר,false,0,22.10,7.37,true,1,
7290013269560,false,קרמה תחליב רחצה מאסק750מ,קוסמופארם,,קרמה תחליב רחצה,מיליליטרים,750.00,"100 מ""ל",false,0,13.50,1.80,true,1,
7290013269690,false,סנובון לאסלה,,IL,סנובון לאסלה,מיליליטרים,55.00,"100 מ""ל",false,0,4.20,7.64,true,1,
7290013269867,false,זוג מפות שולחן,,IL,זוג מפות שולחן,יחידה,1.00,יחידה,false,0,10.00,10.00,true,1,
7290013284051,false,טריו זיתים,,,טריו זיתים,גרמים,560.00,100 גרם,false,0,11.20,2.00,true,1,
7290013284136,false,מלפפונים במלח,,,מלפפונים במלח,גרמים,560.00,100 גרם,false,0,5.80,1.04,true,1,
7290013284150,false,מלפפונים במלח,,,מלפפונים במלח,גרמים,560.00,100 גרם,false,0,8.70,1.55,true,1,
7290013284167,false,מלפפונים במלח,,,מלפפונים במלח,גרמים,560.00,100 גרם,false,0,7.60,1.36,true,1,
7290013284662,false,רוטב פיצה פיתה 240 גרם,,IL,רוטב פיצה פיתה 240 גרם,גרמים,240.00,100 גרם,false,0,5.30,2.21,true,1,
7290013358912,false,טורטיה רולס טבעי70גר,NV LOCO POCO FOOD SNACK,BE,טורטיה רולס,גרמים,70.00,100 גרם,false,1,3.10,4.43,true,1,
7290013358929,false,צ'יפס בטעם טבעי מנה 45גר,FLAPER.S.A APERITIVOS,ES,צ'יפס טבעי מנה,גרמים,45.00,100 גרם,false,1,2.80,6.22,true,1,
7290013358967,false,קראנצ'וס מיקס בוטנים40גר,מנה,IL,קראנצ'וס מיקס,גרמים,40.00,100 גרם,false,0,3.30,8.25,true,1,
7290013366634,false,חסה סלנובה -יחידה,קטיף,IL,חסה סלנובה,יחידה,1.00,יחידה,false,0,13.00,13.00,true,1,
7290013472328,false,מקרלים בשמן צמחי,,PT,מקרלים בשמן צמחי,גרמים,120.00,100 גרם,false,0,5.80,4.83,true,1,
7290013472908,false,הבולגריה בקוביות,,GR,הבולגריה בקוביות,גרמים,400.00,100 גרם,false,0,16.10,4.03,true,1,
7290013474063,false,בייגלה שמיניות 60 גרם,יוניליוור,IL,בייגלה שמיניות,גרמים,60.00,100 גרם,false,0,2.90,4.83,true,1,
7290013474155,false,מארז חטיף דג דג40גרם6Xיח,יוניליוור,IL,מארז חטיף דג דג,גרמים,240.00,100 גרם,false,0,10.60,4.42,true,1,
7290013474438,false,בייגלה דקים שומשום300גרם,יוניליוור,IL,בייגלה דקים,גרמים,300.00,100 גרם,false,0,9.90,3.30,true,1,
7290013584182,false,ספרייט 1.5 ליטר,החברה המרכזית לייצור משקאות,IL,ספרייט בקבוק,ליטרים,1.50,ליטר,false,0,5.90,3.93,true,1,
7290013584229,false,"בירה קרלסברג 330*3 מ""ל",מבשלות בירה בינלאומיות,IL,בירה קרלסברג 3יח,מיליליטרים,990.00,"100 מ""ל",false,1,19.60,1.98,true,1,
7290013584816,false,פריגת לימונענע 1.5 ליטר,פריגת,IL,"משק""ל פריגת",ליטרים,1.50,ליטר,false,0,6.40,4.27,true,1,
7290013585233,false,"ספרייט זירו 330 מ""ל",החברה המרכזית לייצור משקאות,IL,ספרייט זירו,מיליליטרים,330.00,"100 מ""ל",false,1,5.10,1.55,true,1,
7290013585240,false,ספרייט זירו 1.5 ליטר,החברה המרכזית לייצור משקאות,IL,ספרייט זירו,ליטרים,1.50,ליטר,false,1,5.90,3.93,true,1,
7290013585257,false,"ספרייט זירו 500 מ""ל",החברה המרכזית לייצור משקאות,IL,ספרייט זירו,מיליליטרים,500.00,"100 מ""ל",false,1,6.70,1.34,true,1,
7290013585493,false,פריגת אננס פסיפלורה1.5ל,מבשלות בירה בינלאומיות,IL,"משק""ל פריגת",ליטרים,1.50,ליטר,false,1,6.40,4.27,true,1,
7290013585509,false,פריגת אפרסק 1.5 ליטר,מבשלות בירה בינלאומיות,IL,פריגת אפרסק,ליטרים,1.50,ליטר,false,1,6.40,4.27,true,1,
7290013585851,false,פריגת תפוז מנדרינה 1.5 ל,מבשלות בירה בינלאומיות,IL,פריגת תפוז,ליטרים,1.50,ליטר,false,1,6.40,4.27,true,1,
7290013591173,false,מטרנה לילה טוב 400 גרם,נסטלה,IL,מטרנה לילה טוב,גרמים,400.00,100 גרם,false,0,35.80,8.95,true,1,
7290013608260,false,מיץ רימונים סחוט טרי 1ל',גניר,IL,מיץ רימונים,ליטרים,1.00,ליטר,false,0,15.20,15.20,true,1,
7290013652768,false,מסכה נטורל קר ש.יבש 450מ,פישר  מעבדות  פרמצבטיות,,מסכה נטורל קר,מיליליטרים,450.00,"100 מ""ל",false,0,30.00,6.67,true,1,
7290013652775,false,מסכה נטורל קר ש.רגיל450מ,פישר  מעבדות  פרמצבטיות,,מסכה נטורל קר,מיליליטרים,450.00,"100 מ""ל",false,0,30.00,6.67,true,1,
7290013652997,false,קרם גוף נטורל קר יבש450מ,פישר  מעבדות  פרמצבטיות,,קרם גוף נטורל קר,מיליליטרים,450.00,"100 מ""ל",false,0,13.50,3.00,true,1,
7290013675095,false,שניצל ביתי אפוי 500גרם,תנובה,IL,שניצל ביתי אפוי,גרמים,500.00,100 גרם,false,0,25.30,5.06,true,1,
7290013675316,false,אצבעות שניצל ללא גלוטן,מאמא עוף,IL,אצבעות שניצל,גרמים,700.00,100 גרם,false,1,29.90,4.27,true,1,
7290013675378,false,שניצל לבבות מאמא עוף 700,תנובה,IL,שניצל לבבות מאמא,גרמים,700.00,100 גרם,false,1,31.20,4.46,true,1,
7290013675415,false,שניצל קריספי שומשום 700,תנובה,IL,שניצל קריספי,גרמים,700.00,100 גרם,false,1,35.80,5.11,true,1,
7290013702371,false,שוופס מים בטעם תפוח 1.5ל,יפאורה שותפות מובגלת לשיווק,IL,שוופס מים תפוח,ליטרים,1.50,ליטר,false,0,6.10,4.07,true,1,
7290013702463,false,שוופס מוגז למונייד 1.5 ל,יפאורה שותפות מובגלת לשיווק,IL,שוופס למונייד,ליטרים,1.50,ליטר,false,0,5.90,3.93,true,1,
7290013702470,false,שוופס מוגז לימונדה ורודה,יפאורה שותפות מובגלת לשיווק,IL,שוופס לימונדה,ליטרים,1.50,ליטר,false,0,5.90,3.93,true,1,
7290013702500,false,שוופס דיאט למון ליים1.5ל,יפאורה שותפות מובגלת לשיווק,IL,שוופס למון ליים,ליטרים,1.50,ליטר,false,0,5.90,3.93,true,1,
7290013724984,false,בוטנים בשוקולד מריר 160ג,שקדיה,IL,בוטנים בשוקולד,גרמים,160.00,100 גרם,false,0,12.60,7.88,true,1,
7290013725837,false,שומשום בשוקולד חלב 160גר,שקדיה,IL,שומשום בשוקלד,גרמים,160.00,100 גרם,false,0,12.60,7.88,true,1,
7290013725844,false,שומשום בשוקולד מריר 160ג,שקדיה,IL,שומשום בשוקולד,גרמים,160.00,100 גרם,false,0,12.60,7.88,true,1,
7290013847607,false,סטארקיסט לסלט שמן שום160,סטארקיסט,IL,סטארקיסט לה סלט,גרמים,160.00,100 גרם,false,1,7.80,4.88,true,1,
7290013848420,false,דאו.קרמה מן ג'ל אקטיב 70,קוסמופארם,IL,דאו.קרמה מן,מיליליטרים,70.00,"100 מ""ל",false,0,13.50,19.29,true,1,
7290013848932,false,דאו.קרמה סטיק מאסק75גר,קוסמופארם,IL,דאודורנט קרמה,גרמים,75.00,100 גרם,false,0,13.50,18.00,true,1,
7290013848949,false,דאו.קרמה סטיק אורכידאה75,קוסמופארם,IL,דאודורנט קרמה,גרמים,75.00,100 גרם,false,0,13.50,18.00,true,1,
7290013848987,false,דאו.קרמה ספריי מאסק 150מ,קוסמופארם,IL,דאודורנט קרמה,מיליליטרים,150.00,"100 מ""ל",false,0,8.50,5.67,true,1,
7290013861955,false,תערובת פיצוחים 200גרם,שקדיה,IL,תערובת פיצוחים,גרמים,200.00,100 גרם,false,0,20.20,10.10,true,1,
7290013861962,false,פיסטוק חלבי קלוי 200גרם,שקדיה,IL,פיסטוק קלוי,גרמים,200.00,100 גרם,false,0,20.20,10.10,true,1,
7290013883469,false,"אסטוניש קרם אמבט 550 מ""ל",אסטוניש -לידס,GB,אסטוניש קרם אמבט,מיליליטרים,550.00,"100 מ""ל",false,0,11.80,2.15,true,1,
7290013906205,false,פסטרמה שום וצ'ילי 400 גר,טירת צבי,IL,פסטרמה שום+צ'לי,גרמים,400.00,100 גרם,false,0,30.60,7.65,true,1,
7290013906212,false,"נקניקיות וינר 1 ק""ג",טירת צבי,IL,נקניקיות וינר,קילוגרמים,1.00,"ק""ג",false,0,29.40,29.40,true,1,
7290013906441,false,קבנוס 120 גרם,טירת צבי,IL,קבנוס,גרמים,120.00,100 גרם,false,0,11.00,9.17,true,1,
7290013906489,false,חטיפי קבנוס 120 גרם,טירת צבי,IL,חטיפי קבנוס,גרמים,120.00,100 גרם,false,0,10.50,8.75,true,1,
7290013906687,false,צמד כפרי ברביקיו 600גרם,טירת צבי,IL,צמד כפרי ברביקיו,גרמים,600.00,100 גרם,false,8,27.20,4.53,true,1,
7290013906755,false,פסט.ברביקיו מרכבים טבעים,טירת צבי,IL,פסטרמה ברביקיו,גרמים,200.00,100 גרם,false,1,17.00,8.50,true,1,
7290013906762,false,פסטרמה בדבש מרכבים טבעים,טירת צבי,IL,פסטרמה בדבש,גרמים,200.00,100 גרם,false,1,17.00,8.50,true,1,
7290013906793,false,נקניקיות ע.ללא חומר משמר,טירת צבי,IL,נקניקיות עוף,גרמים,700.00,100 גרם,false,1,22.90,3.27,true,1,
7290013986023,false,שמפו+מרכך סרקל,,IL,שמפו+מרכך סרקל,ליטרים,1.25,ליטר,false,0,25.30,20.24,true,1,
7290014002173,false,תה ירוק תפוז 25ש1.5*גר,ויסוצקי,IL,תה ירוק תפוז,גרמים,37.00,100 גרם,false,0,22.90,61.89,true,1,
7290014002203,false,חליטת לימונים לואיזה 25ש,ויסוצקי,IL,חליטת לימונים,גרמים,75.00,100 גרם,false,0,11.80,15.73,true,1,
7290014002579,false,תה ירוק וניל 25 שקיקים,ויסוצקי,IL,תה ירוק וניל,גרמים,38.00,100 גרם,false,0,22.90,60.26,true,1,
7290014066168,false,קפה לבוקר טחון מארז70*4ג,קפה לנדוור,IL,קפה לנדוור 4 יח,גרמים,280.00,100 גרם,false,1,19.70,7.04,true,1,
7290014083479,false,גבינת גאודה,,DE,גבינת גאודה,גרמים,150.00,100 גרם,false,0,9.30,6.20,true,1,
7290014083806,false,עוגיות טעם חמאה,,PT,עוגיות טעם חמאה,גרמים,350.00,100 גרם,false,0,12.30,3.51,true,1,
7290014083813,false,שפרוטים,,IL,שפרוטים,גרמים,190.00,100 גרם,false,0,9.30,4.89,true,1,
7290014094062,false,גרעין שחור קלוי 200גרם,שקדיה,IL,גרעין שחור קלוי,גרמים,200.00,100 גרם,false,0,6.60,3.30,true,1,
7290014094093,false,גרעין לבן קלוי 200גרם,שקדיה,IL,גרעין לבן קלוי,גרמים,200.00,100 גרם,false,0,10.10,5.05,true,1,
7290014094130,false,גרעין אבטיח קלוי 200גרם,שקדיה,IL,גרעין אבטיח,גרמים,200.00,100 גרם,false,0,13.40,6.70,true,1,
7290014095021,false,אגוז מלך טבעי150ג שקדיה,שקדיה,IL,אגוז מלך קלוף,גרמים,150.00,100 גרם,false,0,13.50,9.00,true,1,
7290014217355,false,אבקת קרי 100 גרם,תבליני טעם וריח,IL,אבקת קרי,גרמים,100.00,100 גרם,false,0,10.00,10.00,true,1,
7290014218413,false,בצק פריך חמאה 600גר,תנובה,IL,בצק פריך חמאה,גרמים,600.00,100 גרם,false,1,27.00,4.50,true,1,
7290014256897,false,קריניאנו מבעבע באזז750מ,יקבי כרמל,IL,קריניאנו באזז,מיליליטרים,750.00,"100 מ""ל",false,1,21.20,2.83,true,1,
7290014256903,false,"מוסקטו סלקטד 750 מ""ל",יקבי כרמל,IL,מוסקטו סלקטד,מיליליטרים,750.00,"100 מ""ל",false,1,21.20,2.83,true,1,
7290014256927,false,אמרלד ריזלינג סלקטד750מ,יקבי כרמל,IL,אמרלד ריזלינג,מיליליטרים,750.00,"100 מ""ל",false,1,21.20,2.83,true,1,
7290014256934,false,"כרמל הוק 750 מ""ל",יקבי כרמל,IL,כרמל הוק,מיליליטרים,750.00,"100 מ""ל",false,1,20.90,2.79,true,1,
7290014256965,false,"כרמל אדום עתיק 750 מ""ל",יקבי כרמל,IL,כרמל אדום עתיק,מיליליטרים,750.00,"100 מ""ל",false,1,19.70,2.63,true,1,
7290014258716,false,מטרנה צמחית 700 גרם,נסטלה,IL,מטרנה צמחי,גרמים,700.00,100 גרם,false,0,45.10,6.44,true,1,
7290014338203,false,מנצ'ס פיקנטי 200גרם,קסין דיי ברייט,CN,מנצ'ס פיקנטי200ג,גרמים,200.00,100 גרם,false,0,7.60,3.80,true,1,
7290014397279,false,שקיות מזון,,IL,שקיות מזון,יחידה,1.00,יחידה,false,0,9.30,9.30,true,1,
7290014397453,false,מסיר כתמים 3ליטר,,IL,מסיר כתמים 3ליטר,ליטרים,3.00,ליטר,false,0,22.10,7.37,true,1,
7290014397507,false,סנופרש מאסק מעוד,,IL,סנופרש מאסק מעוד,מיליליטרים,350.00,"100 מ""ל",false,0,12.70,3.63,true,1,
7290014397729,false,אקונומיקה פיסגה,,IL,אקונומיקה פיסגה,ליטרים,2.00,ליטר,false,0,6.70,3.35,true,1,
7290014397996,false,סנובון WAVE אקונומיקה,סנו,IL,סנובון WAVE,גרמים,45.00,100 גרם,false,1,4.20,9.33,true,1,
7290014455580,false,גב.שמנת ניו יורק 12% 200,מחלבות גד,IL,גבינת שמנת,גרמים,200.00,100 גרם,false,1,11.40,5.70,true,1,
7290014455610,false,יוגורט עיזים +תות 125גרם,מחלבות גד,IL,יוגורט עיזים,גרמים,125.00,100 גרם,false,1,5.50,4.40,true,1,
7290014455627,false,יוגורט עיזים +דובדבן125ג,מחלבות גד,IL,יוגורט עיזים,גרמים,125.00,100 גרם,false,1,5.50,4.40,true,1,
7290014459007,false,"קוביות ת""א 700גרם",תפוגן,IL,"קוביות ת""א",גרמים,700.00,100 גרם,false,0,14.30,2.04,true,1,
7290014459137,false,סטייק צ'יפס תפוגן 1.5קג,תפוגן,IL,סטייק ציפס1.5קג,גרמים,1500.00,100 גרם,false,0,24.70,1.65,true,1,
7290014459267,false,"תפוגן פרוסות סלייס 1.5ק""",תפוגן,IL,תפוגן פרוסות,קילוגרמים,1.50,"ק""ג",false,10,24.70,16.47,true,1,
7290014466128,false,"אינדיגו הר חרמון 750 מ""ל",יקבי רמת הגולן קצרין,IL,הר חרמון אינדיגו,מיליליטרים,750.00,"100 מ""ל",false,0,23.70,3.16,true,1,
7290014466265,false,"גמלא פינו נואר 750 מ""ל",יקבי רמת הגולן קצרין,IL,גמלא פינו נואר,מיליליטרים,750.00,"100 מ""ל",false,0,46.80,6.24,true,1,
7290014466463,false,"מוסקטו הר חרמון 750 מ""ל",יקבי רמת הגולן קצרין,IL,הר חרמון מוסקטו,מיליליטרים,750.00,"100 מ""ל",false,0,23.70,3.16,true,1,
7290014466609,false,"גמלא מרלו 750 מ""ל",יקבי רמת הגולן קצרין,IL,גמלא מרלו,מיליליטרים,750.00,"100 מ""ל",false,1,51.10,6.81,true,1,
7290014503137,false,"כנען אדום גליל 750 מ""ל",יקב דלתון,IL,כנען אדום גליל,מיליליטרים,750.00,"100 מ""ל",false,0,38.80,5.17,true,1,
7290014603813,false,קרמיסימו מסטיק וניל 1330,שטראוס,IL,גלידת קרמיסימו,ליטרים,1.33,ליטר,false,0,18.70,14.06,true,1,
7290014745650,false,חטיפי קבנוס עוף טוב130ג,עוף טוב,IL,חטיפי קבנוס,גרמים,130.00,100 גרם,false,0,10.90,8.38,true,1,
7290014745698,false,נקניקיות איכותיות 400גרם,עוף טוב,IL,נקניקיות עוף טוב,גרמים,400.00,100 גרם,false,0,13.40,3.35,true,1,
7290014745919,false,ע. ט. שניצל עוף דק700גרם,עוף טוב,IL,עוף ט. שניצל עוף,גרמים,700.00,100 גרם,false,0,33.20,4.74,true,1,
7290014746565,false,שניצל מעודן מופח מלח ע.ט,אסם,IL,שניצל מעודן,גרמים,700.00,100 גרם,false,1,38.00,5.43,true,1,
7290014747777,false,פסטרמה פולנית דלי 240גרם,עוף טוב,IL,פסטרמה  דלי,גרמים,240.00,100 גרם,false,8,21.20,8.83,true,1,
7290014747791,false,פסטרמה אמרק.סטייל דלי,עוף טוב,IL,פסטרמה דלי,גרמים,240.00,100 גרם,false,8,21.20,8.83,true,1,
7290014758100,false,יוגורט ביו 8 יח,,IL,יוגורט ביו 8 יח,קילוגרמים,1.20,"ק""ג",false,0,13.70,11.42,true,1,
7290014758117,false,יוגורט ביו 8 יח,,IL,יוגורט ביו 8 יח,קילוגרמים,1.20,"ק""ג",false,0,13.70,11.42,true,1,
7290014758162,false,חלב עיזים מלא 1ל,,IL,חלב עיזים מלא 1ל,ליטרים,1.00,ליטר,false,0,13.10,13.10,true,1,
7290014758308,false,יוגורט עיזים ביו,,IL,יוגורט עיזים ביו,גרמים,150.00,100 גרם,false,0,5.50,3.67,true,1,
7290014758346,false,מעדן סויה שוקו2י,,IL,מעדן סויה שוקו2י,גרמים,250.00,100 גרם,false,0,7.10,2.84,true,1,
7290014758353,false,מ.סויה1.8%מתיק.מעוד125*2,,IL,מ.סויה1.8%מתיק.מעוד125*2,גרמים,250.00,100 גרם,false,0,7.10,2.84,true,1,
7290014758360,false,מעדן סויה תות1.6% 125*2ג,,IL,מעדן סויה תות1.6% 125*2ג,גרמים,250.00,100 גרם,false,0,7.10,2.84,true,1,
7290014758377,false,מע.סויה אפרסק1.6% 125*2ג,,IL,מע.סויה אפרסק1.6% 125*2ג,גרמים,250.00,100 גרם,false,0,7.10,2.84,true,1,
7290014758681,false,קוטג 1% שומן,,IL,קוטג 1% שומן,גרמים,250.00,100 גרם,false,0,4.80,1.92,true,1,
7290014759084,false,גבינת נפוליאון,,IL,גבינת נפוליאון,גרמים,225.00,100 גרם,false,0,12.30,5.47,true,1,
7290014759978,false,קולאז' קצ'קבל,,IL,קולאז' קצ'קבל,גרמים,200.00,100 גרם,false,0,23.50,11.75,true,1,
7290014760141,false,משקה שקדים טרי 1 ליטר,סוי מג'יק,IL,משקה שקדים,ליטרים,1.00,ליטר,false,1,11.00,11.00,true,1,
7290014761056,false,יולו שוקולד חלב,,IL,יולו שוקולד חלב,גרמים,123.00,100 גרם,false,0,3.80,3.09,true,1,
7290014761193,false,פרילי פירות יער 125 גרם,תנובה,IL,פרילי פירות יער,גרמים,125.00,100 גרם,false,0,3.00,2.40,true,1,
7290014761414,false,יולו שכבות שוקו.,,IL,יולו שכבות שוקו.,גרמים,123.00,100 גרם,false,0,3.80,3.09,true,1,
7290014761612,false,יולו שכבות שוקו.מריר122ג,תנובה,IL,יולו שכבות שוקו.,גרמים,122.00,100 גרם,false,1,3.80,3.11,true,1,
7290014761858,false,"שטוזים וניל מוקצף 125מ""ל",תנובה,IL,שטוזים מטקצף,מיליליטרים,125.00,"100 מ""ל",false,1,2.30,1.84,true,1,
7290014762909,false,פתיתי מוצרלה 200 גרם,תנובה,IL,פתיתי מוצרלה200ג,גרמים,200.00,100 גרם,false,1,15.80,7.90,true,1,
7290014763210,false,יופלה+מכסה גליל.שוק+חלבה,תנובה,IL,יופלה+תוספת חלבה,גרמים,167.00,100 גרם,false,1,5.00,2.99,true,1,
7290014763401,false,משקה סויה BIO עם אפרסק 2,תנובה,IL,משקה סויה BIO,מיליליטרים,250.00,"100 מ""ל",false,1,5.00,2.00,true,1,
7290014763432,false,יופלה פאי תפוחים 150 גרם,תנובה,IL,יופלה פאי תפוחים,גרמים,150.00,100 גרם,false,1,4.40,2.93,true,1,
7290014763449,false,יופלה אקסטרה תפוח אגס150,תנובה,IL,יופלה אקסטרה פרי,גרמים,150.00,100 גרם,false,1,4.40,2.93,true,1,
7290014763456,false,יופלה אקסטרה תות אננס150,תנובה,IL,יופלה אקסטרה פרי,גרמים,150.00,100 גרם,false,1,4.40,2.93,true,1,
7290014763494,false,חלב משק 3.5%-3.8% 1 ליטר,תנובה,IL,חלב משק,ליטרים,1.00,ליטר,false,1,5.30,5.30,true,1,
7290014763678,false,משקה GO בטעם וניל 250מל,תנובה,IL,משקה GO וניל,מיליליטרים,250.00,"100 מ""ל",false,1,4.90,1.96,true,1,
7290014763685,false,משקה חלב GO עם קפה 250מ,תנובה,IL,משקה GO עם קפה,מיליליטרים,250.00,"100 מ""ל",false,1,4.90,1.96,true,1,
7290014791077,false,ספרינג תה ענבים 1.5 ליטר,יפאורה שותפות מובגלת לשיווק,IL,ספרינג תה ענבים,ליטרים,1.50,ליטר,false,0,5.50,3.67,true,1,
7290014791213,false,שוופס מים 0קלור.תפוח1.5ל,יפאורה שותפות מובגלת לשיווק,IL,שוופס מים תפוח,ליטרים,1.50,ליטר,false,0,6.10,4.07,true,1,
7290014791237,false,שוופס מים 0קלור.אפרסק1.5,יפאורה שותפות מובגלת לשיווק,IL,שוופס מים אפרסק,ליטרים,1.50,ליטר,false,0,6.10,4.07,true,1,
7290014791770,false,פרוט ווטר ענבים 1.5 ליטר,יפאורה שותפות מובגלת לשיווק,IL,פרוט ווטר ענבים,ליטרים,1.50,ליטר,false,1,6.40,4.27,true,1,
7290014791787,false,פרוט ווטר אננס 1.5 ליטר,יפאורה שותפות מובגלת לשיווק,IL,פרוט ווטר אננס,ליטרים,1.50,ליטר,false,1,6.40,4.27,true,1,
7290014875074,false,שווארמה מן הצומח טיבעול,טבעול,IL,שווארמה מן הצומח,גרמים,400.00,100 גרם,false,0,18.70,4.68,true,1,
7290014901988,false,משחת סנסודיין פרונמל75מל,גלקסוסמיתקליין,SI,משחת סנסודיין,מיליליטרים,75.00,"100 מ""ל",false,1,12.80,17.07,true,1,
7290014910799,false,אוסקר טארגון 1.5 ליטר,יורוליין,IL,אוסקר טארגון,ליטרים,1.50,ליטר,false,1,7.20,4.80,true,1,
7290014910805,false,אוסקר דושס אגס 1.5 ליטר,יורוליין,IL,אוסקר דושס אגס,ליטרים,1.50,ליטר,false,1,7.20,4.80,true,1,
7290014910812,false,אוסקר קוואס 1.5 ליטר,יורוליין,IL,אוסקר קוואס,ליטרים,1.50,ליטר,false,1,7.20,4.80,true,1,
7290014910836,false,אוסקר מרלו 1.5 ליטר,יורוליין,IL,אוסקר מרלו,ליטרים,1.50,ליטר,false,1,7.20,4.80,true,1,
7290014940093,false,הלחמניה הקלה 54*6 גרם,מאפיית שלמה א. אנג'ל,IL,הלחמניה הקלה 54*6 גרם,גרמים,324.00,100 גרם,false,0,9.30,2.87,true,1,
7290014940901,false,לחם פשוט מלא 750 גרם,מאפיית שלמה א. אנג'ל,IL,לחם מלא,גרמים,750.00,100 גרם,false,1,12.30,1.64,true,1,
7290015025942,false,קרם ידיים פנג'ל עם שמן80,אינטרקוסמא,IL,קרם ידיים פנג'ל,מיליליטרים,80.00,"100 מ""ל",false,1,5.90,7.38,true,1,
7290015039130,false,חמאה ללא מלח,,BE,חמאה ללא מלח,גרמים,200.00,100 גרם,false,0,6.70,3.35,true,1,
7290015039642,false,גבינת פרמזן,,IT,גבינת פרמזן,גרמים,90.00,100 גרם,false,0,15.10,16.78,true,1,
7290015081696,false,אולטרסול ספריי רציף שקוף,פישר  מעבדות  פרמצבטיות,IL,אולטרסול ספריי,מיליליטרים,200.00,"100 מ""ל",false,0,85.30,42.65,true,1,
7290015150033,false,תה ירוק ספייסי נענע 25שק,ויסוצקי,IL,תה ירוק נענע,גרמים,38.00,100 גרם,false,0,22.90,60.26,true,1,
7290015150910,false,תה ירוק לימונית ויסמין25,ויסוצקי,IL,תה ירוק ויסוצקי,גרמים,37.00,100 גרם,false,1,22.90,61.89,true,1,
7290015150941,false,חליט.נענע ג'ינגר לימון20,ויסוצקי,IL,חליטת נענע,גרמים,48.00,100 גרם,false,1,11.80,24.58,true,1,
7290015150958,false,חליטת נענע ומנטה 20 שק',ויסוצקי,IL,חליטת נענע,גרמים,48.00,100 גרם,false,1,11.80,24.58,true,1,
7290015193009,false,"רוטב תיבול לסושי 500 מ""ל",דיאמונד פריזרוד פודס,TH,רוטב תיבול לסושי,מיליליטרים,500.00,"100 מ""ל",false,0,14.40,2.88,true,1,
7290015193412,false,לפתן קוקטייל פירות טרופי,"מיי אנדוור בע""מ",TH,לפתן קוקטייל,מיליליטרים,850.00,"100 מ""ל",false,1,8.40,0.99,true,1,
7290015257909,false,מפיות תלת שכבתי מודפס,.,CN,מפיות תלת שכבתי,יחידה,1.00,יחידה,false,1,6.60,6.60,true,1,
7290015348386,false,"מרום גליל רוזה יבש750מ""ל",יינות סגל,IL,מרום גליל רוזה,מיליליטרים,750.00,"100 מ""ל",false,1,29.70,3.96,true,1,
7290015366663,false,משחה אקווה פרש עדין100,ג.' אס.קיו,GB,משחה אקווה פרש,מיליליטרים,100.00,"100 מ""ל",false,1,6.70,6.70,true,1,
7290015366670,false,משחה אקווה פרש מנטה 100,ג.' אס.קיו,GB,משחה אקווה פרש,מיליליטרים,100.00,"100 מ""ל",false,1,6.70,6.70,true,1,
7290015395045,false,קינואה 400 גרם,שקדיה,IL,קינואה,גרמים,400.00,100 גרם,false,0,8.50,2.13,true,1,
7290015397476,false,יעה+מברשת יח,מיקסליר,IT,יעה+מברשת,יחידה,1.00,יחידה,false,1,12.70,12.70,true,1,
7290015397735,false,דלי 15 ליטר יחידה,מיקסליר,IT,דלי 15 ליטר,יחידה,1.00,יחידה,false,1,17.00,17.00,true,1,
7290015397742,false,מטאטא+מקל יחידה,מיקסליר,IT,מטאטא+מקל,יחידה,1.00,יחידה,false,1,12.70,12.70,true,1,
7290015596244,false,"אלכוג'ל טבעי 100 מ""ל",פישר  מעבדות  פרמצבטיות,IL,אלכוג'ל,יחידה,1.00,יחידה,false,0,8.50,8.50,true,1,
7290015596251,false,"אלכוג'ל תפוח 100 מ""ל",פישר  מעבדות  פרמצבטיות,IL,אלכוג'ל,מיליליטרים,100.00,"100 מ""ל",false,0,8.50,8.50,true,1,
7290015597272,false,גלידת קליק 1 ליטר,שטראוס,IL,גלידת קליק,ליטרים,1.00,ליטר,false,1,20.40,20.40,true,1,
7290015597357,false,מאגדת לייט שוקולד 342 גר,שטראוס,IL,מאגדת לייט שוקול,יחידה,1.00,יחידה,false,8,28.90,28.90,true,1,
7290015626460,false,שקד קלוף טבעי 250גרם,ששון מלוינסקי,IL,שקד קלוף טבעי,גרמים,250.00,100 גרם,false,1,25.50,10.20,true,1,
7290015644426,false,לחם צרפתי ח.מלאה+דגנ600ג,מאפיית שלמה א. אנג'ל,IL,לחם צרפתי,גרמים,600.00,100 גרם,false,1,12.70,2.12,true,1,
7290015644433,false,לחם צרפתי100%שיפון600ג,מאפיית שלמה א. אנג'ל,IL,לחם צרפתי,גרמים,600.00,100 גרם,false,1,12.70,2.12,true,1,
7290015644716,false,צרפתי חיטה מלאה+חמנ600.ג,מאפיית שלמה א. אנג'ל,IL,לחם צרפתי,גרמים,600.00,100 גרם,false,1,12.70,2.12,true,1,
7290015652957,false,פאפיה בשוקולד חלב 160גרם,שקדיה,IL,פפיה בשוקולד חלב,גרמים,160.00,100 גרם,false,1,12.60,7.88,true,1,
7290015652964,false,אננס בשוקולד חלב 160גרם,שקדיה,IL,אננס בשוקולד חלב,גרמים,160.00,100 גרם,false,1,12.60,7.88,true,1,
7290015726085,false,לחם שאור שיפון יח,מאפ גדרון,IL,לחם  שאור שיפון,יחידה,1.00,יחידה,false,12,12.70,12.70,true,1,
7290015775175,false,חמאת שקד מולבן 200 גרם,ג'יאנג'י,IL,חמאת שקד מולבן,גרמים,200.00,100 גרם,false,1,22.90,11.45,true,1,
7290015951319,false,גמלא קברנה סוביניון750מ,יקבי רמת הגולן קצרין,IL,גמלא קברנה,מיליליטרים,750.00,"100 מ""ל",false,1,55.20,7.36,true,1,
7290016006186,false,פרוט ווטר משמש 1.5 ליטר,יפאורה שותפות מובגלת לשיווק,IL,פרוט ווטר משמש,ליטרים,1.50,ליטר,false,1,6.40,4.27,true,1,
7290016006292,false,ספרינג מנגו בננה מלון1ל,יפאורה שותפות מובגלת לשיווק,IL,נקטר ספרינג,ליטרים,1.00,ליטר,false,1,5.00,5.00,true,1,
7290016006339,false,מי עדן 1*4 ליטר,מי עדן,IL,מי עדן 4 יח',ליטרים,4.00,ליטר,false,1,9.30,2.33,true,1,
7290016006360,false,שוופס מוגז תות ליים 1.5ל,יפאורה שותפות מובגלת לשיווק,IL,שוופס מוגז תות,ליטרים,1.50,ליטר,false,1,5.90,3.93,true,1,
7290016136333,false,ג'ל רחצה סטייל לבנדר400מ,רנקסן סונגר סאן,IL,ג'ל רחצה סטייל,מיליליטרים,400.00,"100 מ""ל",false,1,5.90,1.48,true,1,
7290016136357,false,ג'ל רחצה סטייל תה לבן400,רנקסן סונגר סאן,IL,ג'ל רחצה סטייל,מיליליטרים,400.00,"100 מ""ל",false,1,5.90,1.48,true,1,
7290016136845,false,משחת סנסודיין פרש 75*2מל,גלקסוסמיתקליין,GB,2 משחות סנסודיין,מיליליטרים,150.00,"100 מ""ל",false,1,25.60,17.07,true,1,
7290016171464,false,מאגדת ג'ויה טופי קרמל,נסטלה,IL,מאגדת ג'ויה,יחידה,1.00,יחידה,false,1,27.20,27.20,true,1,
7290016188059,false,"מרלו P.C 750 מ""ל",יקבי כרמל,IL,מרלו,מיליליטרים,750.00,"100 מ""ל",false,1,28.00,3.73,true,1,
7290016188172,false,"קברנה מרלו סלקטד 750 מ""ל",יקבי כרמל,IL,קברנה מרלו,מיליליטרים,750.00,"100 מ""ל",false,1,27.00,3.60,true,1,
7290016188288,false,"יין ישן נושן 650מ""ל",יקבי כרמל,IL,יין ישן נושן,מיליליטרים,650.00,"100 מ""ל",false,1,15.50,2.38,true,1,
7290016188363,false,מרלו  סלקטד750מ20%+תוספת,יקבי כרמל,IL,מרלו סלקטד,מיליליטרים,900.00,"100 מ""ל",false,1,21.20,2.36,true,1,
7290016188608,false,למברוסקו לבן חצי יבש750מ,ג'אקובאזי,IT,למברוסקו לבן,מיליליטרים,750.00,"100 מ""ל",false,1,21.20,2.83,true,1,
7290016197488,false,מטלית למשטחים 3יח,חוגלה קימברלי,IL,מטלית למשטחים,יחידה,1.00,יחידה,false,1,15.30,15.30,true,1,
7290016197495,false,מטלית לרצפה 2יח,חוגלה קימברלי,IL,מטלית לרצפה 2יח,יחידה,1.00,יחידה,false,1,21.20,21.20,true,1,
7290016197624,false,8 תחבושות דיפנד סופר,חוגלה קימברלי,IL,תחבושות דיפנד,יחידה,1.00,יחידה,false,1,17.00,17.00,true,1,
7290016197877,false,שקיות אשפה חזקות 60 יח,חוגלה קימברלי,IL,שקיות אשפה חזקות,יחידה,1.00,יחידה,false,1,21.20,21.20,true,1,
7290016329858,false,ספרי גוף אפקטיב יבש300מ,פישר  מעבדות  פרמצבטיות,IL,ספריי גוף אפקטיב,מיליליטרים,300.00,"100 מ""ל",false,1,29.80,9.93,true,1,
7290016408133,false,כעכים בטעם בצל וזיתים225,אפוליה פוד,IT,כעכים בטעם בצל,גרמים,225.00,100 גרם,false,1,7.60,3.38,true,1,
7290016543094,false,"מוסר אטלנתי קפוא ק""ג",.,IL,מוסר אטלנתי קפוא,קילוגרמים,0.00,"ק""ג",true,1,42.60,42.60,true,1,
7290016732757,false,סנסודיין מש.דואלקר+מברשת,גלקסוסמיתקליין,GB,מארז סנסודיין,יחידה,1.00,יחידה,false,1,29.80,29.80,true,1,
7290019297222,false,פולי סויה אדממה 450גרם,שקדיה,IL,פולי סויה אדממה,גרמים,450.00,100 גרם,false,0,8.40,1.87,true,1,
7290055090801,false,"שוקולד לבן ללת""ס 85 גרם",כרמית,IL,שוקולד לבן,גרמים,85.00,100 גרם,false,0,5.80,6.82,true,1,
7290100240632,false,פתית 6 דגנים 250 גרם,יוניליוור,IL,פתית 6 דגנים,גרמים,250.00,100 גרם,false,0,16.00,6.40,true,1,
7290100240656,false,פתית שיפון 300 גרם,יוניליוור,IL,פתית שיפון,גרמים,300.00,100 גרם,false,0,16.00,5.33,true,1,
7290100243671,false,"בדין אקסטרה כחול 960 מ""ל",יוניליוור,TR,מרכך כביסה בדין,מיליליטרים,960.00,"100 מ""ל",false,0,12.80,1.33,true,1,
7290100243688,false,"בדין אקסטרה ורוד 960 מ""ל",יוניליוור,TR,מרכך כביסה בדין,מיליליטרים,960.00,"100 מ""ל",false,0,12.80,1.33,true,1,
7290100244616,false,רוטב לסלט חרדל ודבש290מל,יוניליוור,IL,רוטב חרדל ודבש,מיליליטרים,290.00,"100 מ""ל",false,0,8.50,2.93,true,1,
7290100247051,false,תח.רחצה פינוק קלאסי 700מ,יוניליוור,IL,תחליב רחצה פינוק,מיליליטרים,700.00,"100 מ""ל",false,0,12.30,1.76,true,1,
7290100247761,false,מרק עגבניות עם אורז105גר,יוניליוור,IL,מרק עגבניות,גרמים,105.00,100 גרם,false,0,7.60,7.24,true,1,
7290100247808,false,נמס בכוס ט.עוף אקסטרה28ג,יוניליוור,IL,נמס בכוס טעם עוף,גרמים,28.00,100 גרם,false,0,4.10,14.64,true,1,
7290100247822,false,נמס בכוס פטריות אקסטרה32,יוניליוור,IL,נמס בכוס פטריות,גרמים,32.00,100 גרם,false,0,4.10,12.81,true,1,
7290100247839,false,נמס בכוס ירקות אקסטרה35ג,יוניליוור,IL,נמס בכוס ירקות,גרמים,35.00,100 גרם,false,0,4.10,11.71,true,1,
7290100249352,false,מרק טעם עוף 400 גרם,יוניליוור,IL,מרק טעם עוף,גרמים,400.00,100 גרם,false,0,13.50,3.38,true,1,
7290100249383,false,מרק פטריות 400 גרם,יוניליוור,IL,מרק פטריות,גרמים,400.00,100 גרם,false,0,14.40,3.60,true,1,
7290100249475,false,מרק נמס בכוס תירס22.5*2ג,יוניליוור,IL,נמס בכוס תירס,גרמים,45.00,100 גרם,false,0,6.60,14.67,true,1,
7290100249932,false,"דליפקאן בד""ץ 400 גרם",יוניליוור,IL,דליפקאן,גרמים,400.00,100 גרם,false,0,19.40,4.85,true,1,
7290100411254,false,מחית תפוח ובננה 190 גרם,נאופארם,IL,מחית תפוח ובננה,גרמים,190.00,100 גרם,false,1,4.80,2.53,true,1,
7290100411711,false,ליסטרין טוטל קר וייט750מ,ג'ונסון,IL,מי פה ליסטרין,מיליליטרים,750.00,"100 מ""ל",false,1,34.10,4.55,true,1,
7290100613603,false,גרעין אבטיח קלוי 200גרם,א.ע.ש. קליית ציון,IL,גרעין אבטיח קלוי,גרמים,200.00,100 גרם,false,0,12.70,6.35,true,1,
7290100613627,false,גרעין דלעת קלוי וממולח,א.ע.ש. קליית ציון,IL,גרעין דלעת קלוי,גרמים,200.00,100 גרם,false,0,10.00,5.00,true,1,
7290100613658,false,גרעין חמניה קלוי וממולח,א.ע.ש. קליית ציון,IL,גרעין חמניה קלוי,גרמים,200.00,100 גרם,false,0,6.60,3.30,true,1,
7290100651582,false,"קולגייט טוטל 100*2 מ""ל",קולגייט-פלמוליב,PL,זוג משחות שיניים,מיליליטרים,200.00,"100 מ""ל",false,0,22.00,11.00,true,1,
7290100653586,false,ליידי ס.סטיק24/7ג'ל ורוד,קולגייט-פלמוליב,US,דאודורנט,גרמים,65.00,100 גרם,false,0,16.10,24.77,true,1,
7290100653593,false,ליידי ס.סטיק24/7ג'ל ירוק,קולגייט-פלמוליב,US,דאודורנט,גרמים,65.00,100 גרם,false,0,16.10,24.77,true,1,
7290100680667,false,מנה חמה נודלס סצ'ואן76גר,טאי רזידנט,TH,מנה חמה נודלס,גרמים,76.00,100 גרם,false,0,6.60,8.68,true,1,
7290100680889,false,קרם קרקר חיטה מלאה 300גר,אסם,IL,קרקר חיטה מלאה,גרמים,300.00,100 גרם,false,0,9.90,3.30,true,1,
7290100681015,false,אינסטנ.פודינג ריבת חלב84,אסם,IL,אינסטנט פודינג,גרמים,84.00,100 גרם,false,0,4.80,5.71,true,1,
7290100683880,false,פירה 260 גרם,אסם,IL,פירה אסם,גרמים,260.00,100 גרם,false,0,13.70,5.27,true,1,
7290100685136,false,"מרק טעם עוף פרווה 1 ק""ג",אסם,IL,מרק טעם עוף,קילוגרמים,1.00,"ק""ג",false,0,14.40,14.40,true,1,
7290100685525,false,ג'לי בטעם תות 90*2 גרם,אסם,IL,ג'לי טעם תות 2יח,גרמים,180.00,100 גרם,false,0,8.50,4.72,true,1,
7290100686164,false,ביסלי ברביקיו 35*6 גרם,אסם,IL,ביסלי מארז 6 יח,גרמים,210.00,100 גרם,false,0,12.30,5.86,true,1,
7290100689035,false,פייבר וואן 460 גרם,ג'נרל מילס,US,פייבר וואן,גרמים,460.00,100 גרם,false,0,22.10,4.80,true,1,
7290100689844,false,מרק עוף ואטריות לבישול70,אסם,IL,מרק עוף+אטריות,גרמים,70.00,100 גרם,false,0,4.10,5.86,true,1,
7290100700020,false,גריסי פנינה 500 גרם,סוגת,IL,גריסי פנינה,גרמים,500.00,100 גרם,false,0,5.80,1.16,true,1,
7290100700075,false,פירורי לחם מוזהבים200ג,סוגת,IL,פירורי לחם מוזהב,גרמים,200.00,100 גרם,false,0,3.90,1.95,true,1,
7290100700396,false,"אורז יסמין קלאסי 1 ק""ג",סוגת,IL,אורז יסמין סוגת,קילוגרמים,1.00,"ק""ג",false,0,10.50,10.50,true,1,
7290100700587,false,בורגול 500 גרם,סוגת,IL,בורגול 500 גרם,גרמים,500.00,100 גרם,false,0,5.80,1.16,true,1,
7290100701157,false,"אורז להכנת סושי 1 ק""ג",סוגת,IL,אורז להכנת סושי,קילוגרמים,1.00,"ק""ג",false,0,12.60,12.60,true,1,
7290100702383,false,"קמח תופח 1 ק""ג",שטיבל,IL,"קמח תופח 1 ק""ג",קילוגרמים,1.00,"ק""ג",false,0,6.70,6.70,true,1,
7290100702611,false,פתיתים אפויים אורז500גרם,אסיף תעשיות מזון,IL,פתיתים סוגת,גרמים,500.00,100 גרם,false,0,4.40,0.88,true,1,
7290100702628,false,פתיתים אפויים קוסקוס500ג,אסיף תעשיות מזון,IL,פתיתים סוגת,גרמים,500.00,100 גרם,false,0,4.40,0.88,true,1,
7290100702680,false,פתיתים קידס חיות 400 ג,אסיף תעשיות מזון,IL,פתיתים קידס חיות,גרמים,400.00,100 גרם,false,0,4.40,1.10,true,1,
7290100850008,false,שוקולד חלב+סוכ.קופצות85ג,שטראוס,IL,שוקולד וסוכריות,גרמים,85.00,100 גרם,false,0,5.50,6.47,true,1,
7290100850381,false,מיני טעמי 190 גרם,שטראוס,IL,מיני טעמי,גרמים,190.00,100 גרם,false,0,14.90,7.84,true,1,
7290100850411,false,מיקס חטיפים 190 גרם,שטראוס,IL,מיקס חטיפים,גרמים,190.00,100 גרם,false,0,14.90,7.84,true,1,
7290100850459,false,מיקס חטיפים 390 גרם,שטראוס,IL,מיקס חטיפים,גרמים,390.00,100 גרם,false,0,20.40,5.23,true,1,
7290100850466,false,מיקס פסק זמן 390 גרם,שטראוס,IL,מיקס פסק זמן,גרמים,390.00,100 גרם,false,0,20.40,5.23,true,1,
7290100850909,false,דוריטוס נאצ'ו מקסיקני70ג,עלית,IL,דוריטוס נאצ'ו,גרמים,70.00,100 גרם,false,0,3.50,5.00,true,1,
7290100850916,false,דוריטוס חמוץ חריף 70 גרם,עלית,IL,דוריטוס חמוץ ח,גרמים,70.00,100 גרם,false,0,3.50,5.00,true,1,
7290100850923,false,דוריטוס גריל 70 גרם,עלית,IL,דוריטוס גריל,גרמים,70.00,100 גרם,false,0,3.50,5.00,true,1,
7290100853689,false,בראוניס שוקולד עשירה380ג,שטראוס,IL,בראוניס שוקולד,גרמים,380.00,100 גרם,false,0,15.80,4.16,true,1,
7290100854266,false,שוקולד מריר 60%קקאו100ג,שטראוס,IL,שוקולד מריר,גרמים,100.00,100 גרם,false,0,7.70,7.70,true,1,
7290100856253,false,ממרח שוק.ל.תוס.סוכר300ג,שטראוס,IL,ממרח שוקולד פרה,גרמים,300.00,100 גרם,false,0,14.40,4.80,true,1,
7290100857045,false,שוק.ספלנדיד מריר קפה100ג,שטראוס,IL,שוקולד ספלנדיד,גרמים,100.00,100 גרם,false,0,10.60,10.60,true,1,
7290100858219,false,טבלת פסק זמן טראפלס110גר,שטראוס,IL,טבלת פסק זמן,גרמים,110.00,100 גרם,false,0,7.60,6.91,true,1,
7290100858226,false,טבלת פסק זמן קלאסי110גרם,שטראוס,IL,טבלת פסק זמן,גרמים,110.00,100 גרם,false,0,7.60,6.91,true,1,
7290100858653,false,מיקס חטיפים סגול 390 גרם,שטראוס,IL,מיקס חטיפים,גרמים,390.00,100 גרם,false,0,20.40,5.23,true,1,
7290100921203,false,מרכך הוואי ביו רימון700מ,טרופיקל דגיל,IL,מרכך הוואי,מיליליטרים,700.00,"100 מ""ל",false,0,7.60,1.09,true,1,
7290100921401,false,שמפו הוואי קרטין מחזק700,טרופיקל דגיל,IL,שמפו הוואי,מיליליטרים,700.00,"100 מ""ל",false,0,7.60,1.09,true,1,
7290100921418,false,מרכך הוואי קרטין מחזק700,טרופיקל דגיל,IL,מרכך הוואי,מיליליטרים,700.00,"100 מ""ל",false,0,7.60,1.09,true,1,
7290100921517,false,שמפו הוואי משקם ומטפח700,טרופיקל דגיל,IL,שמפו הוואי,מיליליטרים,700.00,"100 מ""ל",false,0,7.60,1.09,true,1,
7290100921524,false,מרכך הוואי משקם ומטפח700,טרופיקל דגיל,IL,מרכך הוואי,מיליליטרים,700.00,"100 מ""ל",false,0,7.60,1.09,true,1,
7290100921609,false,כדוריות אסלה אוקינוס50ג,הנקל סוד,IL,סבון אסלה,גרמים,50.00,100 גרם,false,0,8.70,17.40,true,1,
7290100921876,false,נוזל לרצפות סוד,,IL,נוזל לרצפות סוד,ליטרים,3.00,ליטר,false,0,13.50,4.50,true,1,
7290100922385,false,שמפו הוואי נקטר מזין 700,טרופיקל דגיל,IL,שמפו הוואי,מיליליטרים,700.00,"100 מ""ל",false,0,7.60,1.09,true,1,
7290100922606,false,שמפו הוואי 7שמנים פרח700,טרופיקל דגיל,IL,שמפו הוואי,מיליליטרים,700.00,"100 מ""ל",false,1,7.60,1.09,true,1,
7290100923108,false,תח.הוואי יוגורט וניל750מ,טרופיקל דגיל,IL,תחליב רחצה הוואי,מיליליטרים,750.00,"100 מ""ל",false,0,7.60,1.01,true,1,
7290100923122,false,תח.רחצה הוואי יוגורט 750,טרופיקל דגיל,IL,תחליב רחצה הוואי,מיליליטרים,750.00,"100 מ""ל",false,0,7.60,1.01,true,1,
7290100923146,false,תחליב רח.הוואי שמני750מ,טרופיקל דגיל,IL,תחליב רחצה הוואי,מיליליטרים,750.00,"100 מ""ל",false,0,7.60,1.01,true,1,
7290100923177,false,תחליב רח.הווא ימלכות750,טרופיקל דגיל,IL,תחליב רחצה הוואי,מיליליטרים,750.00,"100 מ""ל",false,0,7.60,1.01,true,1,
7290100924563,false,ג'ל לאסלה הסרת כתמים700,הנקל סוד,SI,סוד ג'ל לאסלה,מיליליטרים,700.00,"100 מ""ל",false,1,6.70,0.96,true,1,
7290100924570,false,ג'ל לאסלה הגנה מלכלוך700,הנקל סוד,SI,סוד ג'ל לאסלה,מיליליטרים,700.00,"100 מ""ל",false,1,6.70,0.96,true,1,
7290100924587,false,ג'ל לאסלה הלבנה עוצמתית,הנקל סוד,SI,סוד ג'ל לאסלה,מיליליטרים,700.00,"100 מ""ל",false,1,6.70,0.96,true,1,
7290100924594,false,סוד מרכך מרוכז ורוד900מ,הנקל סוד,IL,סוד מרכך ורוד,מיליליטרים,900.00,"100 מ""ל",false,1,12.70,1.41,true,1,
7290100924600,false,סוד מרכך מרוכז כחול900מ,הנקל סוד,IL,סוד מרכך כחול,מיליליטרים,900.00,"100 מ""ל",false,1,12.70,1.41,true,1,
7290100924693,false,סבון לאסלה כחול אקנומיקה,הנקל סוד,HU,סבון אסלה,גרמים,50.00,100 גרם,false,1,8.70,17.40,true,1,
7290100924709,false,סבון לאסלה כחול אקליפטוס,הנקל סוד,HU,סבון אסלה,גרמים,50.00,100 גרם,false,1,8.70,17.40,true,1,
7290100924778,false,פרסיל סופר קאפס 14יח,הנקל סוד,HU,פרסיל סופר קאפס,יחידה,1.00,יחידה,false,1,15.30,15.30,true,1,
7290100925119,false,מרכך SOFT&OIL כחול 750מל,הנקל סוד,DE,מרכך סוד כחול,מיליליטרים,750.00,"100 מ""ל",false,1,8.50,1.13,true,1,
7290100925669,false,קולור קאצ'ר 10 דפים,הנקל סוד,IE,קולור קאצ'ר,יחידה,1.00,יחידה,false,1,8.50,8.50,true,1,
7290100925751,false,סוד נוזל כלים תפוח 650מל,הנקל סוד,IL,נוזל כלים תפוח,מיליליטרים,650.00,"100 מ""ל",false,1,5.90,0.91,true,1,
7290100925775,false,סוד לכלים רימון+תאנים650,הנקל סוד,IL,נוזל כלים רימון,מיליליטרים,650.00,"100 מ""ל",false,1,5.90,0.91,true,1,
7290100926598,false,פרסיל סופרא,,IL,פרסיל סופרא,קילוגרמים,5.00,"ק""ג",false,0,29.80,5.96,true,1,
7290100928820,false,שמפו הוואי לברק קורן 700,טרופיקל דגיל,IL,שמפו הוואי,מיליליטרים,700.00,"100 מ""ל",false,0,7.60,1.09,true,1,
7290100929698,false,ג'ל רח.הוואי for 750full,טרופיקל דגיל,IL,ג'ל רחצה הוואי,מיליליטרים,750.00,"100 מ""ל",false,0,7.60,1.01,true,1,
7290100929728,false,מרכך מרוכז ארומה,,IL,מרכך מרוכז ארומה,מיליליטרים,900.00,"100 מ""ל",false,0,12.70,1.41,true,1,
7290100929742,false,מרכך מרוכז ארומה,,IL,מרכך מרוכז ארומה,מיליליטרים,900.00,"100 מ""ל",false,0,12.70,1.41,true,1,
7290101413028,false,אטבי כביסה איכותיים 50י,מרקט וליום,CN,אטבי כביסה,יחידה,1.00,יחידה,false,1,16.80,16.80,true,1,
7290101480327,false,משחת קולגייט + מברשת,קולגייט-פלמוליב,PL,משחת קולגייט+מבר,יחידה,1.00,יחידה,false,1,11.00,11.00,true,1,
7290101488248,false,ליידי ס.סטיק רולאון ורוד,קולגייט-פלמוליב,MX,ליידי ספיד סטיק,מיליליטרים,50.00,"100 מ""ל",false,0,11.00,22.00,true,1,
7290101580089,false,יוגב קברנה סוביניון750מ,יקבי בנימינה,IL,יוגב קברנה,מיליליטרים,750.00,"100 מ""ל",false,1,32.10,4.28,true,1,
7290101864127,false,וניש קליה ספריי 750מל,רקיט בנקיזר,PL,וניש קליה ספריי,מיליליטרים,750.00,"100 מ""ל",false,0,12.80,1.71,true,1,
7290101865261,false,"פיניש נוזל הברקה 800 מ""ל",רקיט בנקיזר,PL,פיניש נוזל הברקה,מיליליטרים,800.00,"100 מ""ל",false,0,17.80,2.23,true,1,
7290101866176,false,קולון101 ג'ל כביסה3ליטר,רקיט בנקיזר,,קולון ג'ל,ליטרים,3.00,ליטר,false,0,22.10,7.37,true,1,
7290101866787,false,וניש קליה מסיר כתמים 3ל,רקיט בנקיזר,IL,וניש לכביסה לבנה,ליטרים,3.00,ליטר,false,0,21.20,7.07,true,1,
7290101868972,false,פיניש AIO הכל ב1 24 טבלי,רקיט בנקיזר,PL,פיניש טבליות,יחידה,1.00,יחידה,false,1,21.20,21.20,true,1,
7290101869771,false,איירוויק מילוי 250מל,רקיט בנקיזר,PL,אירוויק מילוי,מיליליטרים,250.00,"100 מ""ל",false,1,17.00,6.80,true,1,
7290101869788,false,איירוויק מילוי 250מל,רקיט בנקיזר,PL,אירוויק מילוי,מיליליטרים,250.00,"100 מ""ל",false,1,17.00,6.80,true,1,
7290101869900,false,איירוויק מילוי 250מל,רקיט בנקיזר,PL,אירוויק מילוי,מיליליטרים,250.00,"100 מ""ל",false,1,17.00,6.80,true,1,
7290101869924,false,איירוויק מילוי אקזוטי19מ,רקיט בנקיזר,PL,אירוויק מילוי,מיליליטרים,19.00,"100 מ""ל",false,1,17.00,89.47,true,1,
7290102060955,false,משחה מרידול משפחתי 100מל,קולגייט-פלמוליב,DE,משחת שיניים,מיליליטרים,100.00,"100 מ""ל",false,0,19.30,19.30,true,1,
7290102060979,false,"משחה שיניים אלמקס 100מ""ל",קולגייט-פלמוליב,DE,משחת שיניים,מיליליטרים,100.00,"100 מ""ל",false,0,14.40,14.40,true,1,
7290102390489,false,"יוגורט לימון מולר 150מ""ל",טרה,IL,יוגורט לימון,מיליליטרים,150.00,"100 מ""ל",false,0,4.40,2.93,true,1,
7290102392094,false,חלב עיזים קרטון4.1% 1ל',משק צוריאל תבור,IL,חלב עיזים קרטון,ליטרים,1.00,ליטר,false,0,14.10,14.10,true,1,
7290102392254,false,חלב 1% בקרטון 2 ליטר,טרה,IL,חלב 1% בקרטון,ליטרים,2.00,ליטר,false,0,9.24,4.62,true,1,
7290102392728,false,יוגורט לבן ביו 2.8% 200ג,טרה,IL,יוגורט לבן ביו,גרמים,200.00,100 גרם,false,0,3.30,1.65,true,1,
7290102393060,false,יוג.מולר מיקס גליליות150,טרה,IL,יוגורט מולר מיקס,גרמים,150.00,100 גרם,false,0,5.00,3.33,true,1,
7290102393169,false,יוג.תות+חתיכות פרי3% 150,טרה,IL,יוגורט מולר תות,גרמים,150.00,100 גרם,false,0,4.10,2.73,true,1,
7290102393176,false,יוגורט+חתיכ.אפרסק3% 150ג,טרה,IL,יוגורט אפרסק,גרמים,150.00,100 גרם,false,0,4.10,2.73,true,1,
7290102393947,false,יוג.סימפלי פרוט קיוי150ג,טרה,IL,יוגורט מולר קיוי,גרמים,150.00,100 גרם,false,0,4.10,2.73,true,1,
7290102394258,false,מה עז 9% שומן 180 גרם,משק צוריאל תבור,IL,מה עז9%שומן,גרמים,180.00,100 גרם,false,0,21.00,11.67,true,1,
7290102394821,false,ג.צהובה נעם דק דק28% 200,טרה,IL,גבינה צהובה דק,גרמים,200.00,100 גרם,false,0,13.30,6.65,true,1,
7290102394845,false,גב.צהובה נעם דק דק9% 200,טרה,IL,גבינה צהובה דק9%,גרמים,200.00,100 גרם,false,0,14.00,7.00,true,1,
7290102395460,false,מו שוקולד אגוזים+קצפת123,טרה,IL,מו שוקולד אגוזים,גרמים,123.00,100 גרם,false,0,2.40,1.95,true,1,
7290102395477,false,מו שוקולד וקצפת 123 גרם,טרה,IL,מו שוקולד וקצפת,גרמים,123.00,100 גרם,false,0,2.40,1.95,true,1,
7290102395774,false,צפתית מעודנת5% 200 גרם,משק צוריאל תבור,IL,צפתית מעודנת 5%,גרמים,200.00,100 גרם,false,0,10.60,5.30,true,1,
7290102396047,false,יוג.סימפלי אננס1.5% 150ג,טרה,IL,יוגורט אננס 1.5%,גרמים,150.00,100 גרם,false,0,4.10,2.73,true,1,
7290102396580,false,מעדן מו שוק+.מוס שוק123ג,טרה,IL,מעדן מו שוקולד,גרמים,123.00,100 גרם,false,0,2.40,1.95,true,1,
7290102396597,false,מעדן מו וניל+מוס שוק123ג,טרה,IL,מעדן מו וניל,גרמים,123.00,100 גרם,false,0,2.40,1.95,true,1,
7290102396665,false,גב.צהובה נעם דק 15% 200ג,טרה,IL,גבינה צהובה נעם,גרמים,200.00,100 גרם,false,1,13.30,6.65,true,1,
7290102396672,false,גב.צהובה נעם דק9% 360גרם,טרה,IL,גבינה צהובה נעם,גרמים,360.00,100 גרם,false,1,22.90,6.36,true,1,
7290102396719,false,יוגורט0% סימפלי תות 150ג,טרה,IL,יוגורט תות,גרמים,150.00,100 גרם,false,0,4.10,2.73,true,1,
7290102396757,false,שוקו מוו קרטון 1 ליטר,טרה,IL,שוקו מוו בקרטון,ליטרים,1.00,ליטר,false,0,7.60,7.60,true,1,
7290102396764,false,שוקו מוו קרטון 2 ליטר,טרה,IL,שוקו מוו 2 ליטר,ליטרים,2.00,ליטר,false,0,14.40,7.20,true,1,
7290102396924,false,מעדן מוו בננה+מוס שוק118,טרה,IL,מעדן מוו בננה,גרמים,118.00,100 גרם,false,1,2.40,2.03,true,1,
7290102397204,false,גב.צהובה נעם דק 22% 200ג,טרה,IL,גבינה צהובה נעם,גרמים,200.00,100 גרם,false,1,13.30,6.65,true,1,
7290102397310,false,מעדן מו שוקולד+קצפת70*8ג,טרה,IL,מעדן מיני מו 8יח,גרמים,560.00,100 גרם,false,1,10.60,1.89,true,1,
7290102397341,false,בולגרית גלילית24% 250גרם,משק צוריאל תבור,IL,בולגרית 24%,גרמים,250.00,100 גרם,false,1,14.40,5.76,true,1,
7290102397358,false,יוג.סימפלי אגס1.5% 150ג,טרה,IL,יוגורט אגס 1.5%,גרמים,150.00,100 גרם,false,1,4.10,2.73,true,1,
7290102397532,false,גבינה לבנה 9% 250 גרם,טרה,IL,גבינה לבנה 9%,גרמים,250.00,100 גרם,false,1,3.90,1.56,true,1,
7290102397600,false,מולר מיקס שקד+בוטנים168ג,מולר,IL,מולר מיקס,גרמים,168.00,100 גרם,false,1,5.00,2.98,true,1,
7290102397617,false,מולר מיקס קליק 168 גרם,מולר,IL,מולר מיקס קליק,גרמים,168.00,100 גרם,false,1,5.00,2.98,true,1,
7290103120658,false,ספיד סטיק ג'ל 24/7 שחור,קולגייט-פלמוליב,US,דאודורנט,גרמים,85.00,100 גרם,false,0,16.10,18.94,true,1,
7290103401276,false,מעדן תאנים 100%פרי 250 ג,יד מרדכי,IL,מעדן תאנים,גרמים,250.00,100 גרם,false,0,12.70,5.08,true,1,
7290103401429,false,קפה נמס קצב ברזילאי200גר,עלית,IL,קפה נמס ברזילאי,גרמים,200.00,100 גרם,false,0,22.90,11.45,true,1,
7290103401627,false,דנונה אננס3% 150 גרם,שטראוס,IL,דנונה אננס 3%,גרמים,150.00,100 גרם,false,0,3.30,2.20,true,1,
7290103402815,false,אצבעות שוקולד+קרם חלב96ג,שטראוס,IL,אצבעות שוקולד,גרמים,96.00,100 גרם,false,0,6.90,7.19,true,1,
7290103402839,false,אצבעות שוקולד+עדשים96גרם,שטראוס,IL,אצבעות שוקולד,גרמים,96.00,100 גרם,false,0,6.90,7.19,true,1,
7290103403874,false,טבלת פסק זמן לבן 110 גרם,שטראוס,IL,טבלת פסק זמן,גרמים,110.00,100 גרם,false,0,7.60,6.91,true,1,
7290103404017,false,"אנרג'י שייפ פירות ללת""ס",שטראוס,IL,חטיפי אנרג'י 6יח,גרמים,120.00,100 גרם,false,0,12.70,10.58,true,1,
7290103404758,false,סלט כרוב אדום יום יום120,שטראוס,IL,כרוב אדום אחלה,גרמים,120.00,100 גרם,false,0,4.50,3.75,true,1,
7290103407209,false,תפוצ'יפס קידס 30*6 גרם,עלית,IL,תפוצ'יפס קידס6יח,גרמים,180.00,100 גרם,false,0,10.70,5.94,true,1,
7290103407223,false,אצבעות שוק+סוכ.קופצות96ג,שטראוס,IL,אצבעות שוקולד,גרמים,96.00,100 גרם,false,0,6.90,7.19,true,1,
7290103408206,false,ע.חסה ערבית שטוף250גרם,שטראוס,IL,ע.חסה ערבית250ג',גרמים,250.00,100 גרם,false,0,11.90,4.76,true,1,
7290103680022,false,"שיראז הר תבור 750 מ""ל",יקב תבור,IL,שיראז הר תבור,מיליליטרים,750.00,"100 מ""ל",false,0,29.70,3.96,true,1,
7290103680039,false,"תבור הר מרלו 750 מ""ל",יקב תבור,IL,מרלו הר תבור,מיליליטרים,750.00,"100 מ""ל",false,0,29.70,3.96,true,1,
7290103680046,false,"קברנה הר תבור 750 מ""ל",יקב תבור,IL,קברנה הר תבור,מיליליטרים,750.00,"100 מ""ל",false,0,29.70,3.96,true,1,
7290104061219,false,רבע לשבע אגוזים 120 גרם,שטראוס,IL,רבע לשבע אגוז,גרמים,120.00,100 גרם,false,0,11.50,9.58,true,1,
7290104061417,false,חומוס עם טחינה אחלה 400ג,שטראוס,IL,חומוס טחינה אחלה,גרמים,400.00,100 גרם,false,0,10.10,2.53,true,1,
7290104061424,false,חומוס עם זעתר אחלה 400 ג,שטראוס,IL,חומוס זעתר אחלה,גרמים,400.00,100 גרם,false,0,10.10,2.53,true,1,
7290104061448,false,חומוס עם חריף אחלה 400 ג,שטראוס,IL,חומוס חריף אחלה,גרמים,400.00,100 גרם,false,0,10.10,2.53,true,1,
7290104062599,false,גמדים תות בננה 100*8 גרם,שטראוס,IL,גמדים תות בננה,גרמים,800.00,100 גרם,false,0,16.10,2.01,true,1,
7290104065187,false,קפה נמס מוקה 200 גרם,עלית,IL,קפה נמס מוקה,גרמים,200.00,100 גרם,false,0,22.90,11.45,true,1,
7290104066016,false,"מילקי טופ עדשים 170 מ""ל",שטראוס,IL,מילקי טופ עדשים,מיליליטרים,170.00,"100 מ""ל",false,0,4.20,2.47,true,1,
7290104066566,false,טחינה אחלה 500 גרם,שטראוס,IL,טחינה אחלה 500גר,גרמים,500.00,100 גרם,false,0,13.50,2.70,true,1,
7290104067198,false,ספלנדיד מריר 70%תפוז100ג,שטראוס,IL,שוקולד ספלנדיד,גרמים,100.00,100 גרם,false,0,10.60,10.60,true,1,
7290104068539,false,מאסט LL מלון ואבטיח 28גר,שטראוס,IL,מסטיק מאסט,גרמים,28.00,100 גרם,false,0,3.90,13.93,true,1,
7290104068676,false,תפוצ'יפס קידס 45 גרם,עלית,IL,תפוצ'יפס קידס,גרמים,45.00,100 גרם,false,0,2.90,6.44,true,1,
7290104500572,false,אפרופו איטליאנו 50 גרם,אסם,IL,אפרופו איטליאנו,גרמים,50.00,100 גרם,false,0,4.90,9.80,true,1,
7290104504228,false,מיני דובונים 20*5 גרם,אסם,IL,מיני דובונים 5יח,גרמים,100.00,100 גרם,false,0,12.50,12.50,true,1,
7290104508943,false,במבה חטיף בוטנים 200 גרם,אסם,IL,במבה חטיף בוטנים,גרמים,200.00,100 גרם,false,0,7.80,3.90,true,1,
7290104570162,false,תמר כבוש500גרם,ששון,IL,תמר כבוש500גרם,גרמים,500.00,100 גרם,false,0,14.40,2.88,true,1,
7290104720499,false,דני וניל 125*8 גרם,שטראוס,IL,דני וניל 8 יח',קילוגרמים,1.00,"ק""ג",false,0,13.90,13.90,true,1,
7290104721533,false,רצועות פלפלים קלויים400ג,שטראוס,IL,רצועות פלפלים,גרמים,400.00,100 גרם,false,0,14.40,3.60,true,1,
7290104722530,false,תפוצ'יפס שמנת בצל 200גרם,עלית,IL,תפוצ'יפס שמנת,גרמים,200.00,100 גרם,false,0,8.40,4.20,true,1,
7290104726262,false,דני לשתיה שוקולד 125*4ג,שטראוס,IL,דני לשתיה 4 יח,גרמים,500.00,100 גרם,false,0,9.80,1.96,true,1,
7290104726712,false,מארז מילקי ט.שוקולד170*8,שטראוס,IL,מארז מילקי 8 יח',ליטרים,1.36,ליטר,false,0,18.10,13.31,true,1,
7290104727252,false,פסטו בזיליקום ואגוז140גר,שטראוס,IL,פסטו בזיליקום,גרמים,140.00,100 גרם,false,0,8.50,6.07,true,1,
7290104727726,false,שוקולד מריר100ג5*יח,שטראוס,IL,שוקולד מריר 5 יח,גרמים,500.00,100 גרם,false,0,21.20,4.24,true,1,
7290104728310,false,שמנת עמידה לקצפת38% 250מ,יטבתה,IL,שמנת עמידה לקצפת,גרמים,250.00,100 גרם,false,0,5.09,2.04,true,1,
7290104729492,false,שוקולד חלב 100*5 גרם,שטראוס,IL,מארז שוקולד חלב,גרמים,500.00,100 גרם,false,0,21.20,4.24,true,1,
7290104960246,false,תחליב רח.נקה 7  ורוד 750,אמיליה קוסמטיקס,IL,תחליב רחצה נקה 7,מיליליטרים,750.00,"100 מ""ל",false,0,8.40,1.12,true,1,
7290104961236,false,מי פנים רגיל/מעורב 260מל,קרליין,IL,מי פנים,מיליליטרים,260.00,"100 מ""ל",false,0,29.60,11.38,true,1,
7290104961526,false,טיטניום ספריי קלאסי150מ,קרליין,IL,טיטניום ספריי,מיליליטרים,150.00,"100 מ""ל",false,0,8.40,5.60,true,1,
7290104962110,false,"דאו.קרליין  לנערות150מ""ל",קרליין,IL,ספריי נושם,מיליליטרים,150.00,"100 מ""ל",false,0,11.00,7.33,true,1,
7290104962707,false,מגבונים להסרת איפור 25יח,קרליין,IL,מגבונים לפנים,יחידה,1.00,יחידה,false,1,11.00,11.00,true,1,
7290104962844,false,"שמפו אמפולה נטורל 400מ""ל",קוסמופארם,IL,שמפו אמפולה,מיליליטרים,400.00,"100 מ""ל",false,1,25.60,6.40,true,1,
7290104962950,false,מברשת לפן מקצועית מדיום,קרליין,KP,מברשת לפן,יחידה,1.00,יחידה,false,1,42.60,42.60,true,1,
7290104963216,false,סופטקר אלסבון עדין 1ליטר,נקה,IL,סופטקר אלסבון,ליטרים,1.00,ליטר,false,1,12.70,12.70,true,1,
7290104963650,false,סופטקר שמפו צהוב 1ליטר,נקה,IL,סופטקר שמפו,ליטרים,1.00,ליטר,false,1,12.70,12.70,true,1,
7290104964336,false,שמפו ספריי שיער דק 200 מ,קוסמופארם,IL,שמפו נטורל ספריי,מיליליטרים,200.00,"100 מ""ל",false,1,25.50,12.75,true,1,
7290105360335,false,קפסולות מס' 7 50 גרם,עלית,IL,קפסולות מס' 7,גרמים,50.00,100 גרם,false,0,16.30,32.60,true,1,
7290105360755,false,"שמן זית 3 חזק 750 מ""ל",יד מרדכי,IL,שמו זית 3 חזק,מיליליטרים,750.00,"100 מ""ל",false,0,34.10,4.55,true,1,
7290105360762,false,"שמן זית 1 עדין 750 מ""ל",יד מרדכי,IL,שמן זית 1 עדין,מיליליטרים,750.00,"100 מ""ל",false,0,34.10,4.55,true,1,
7290105361578,false,החומוסיה של אבי יפו400גר,שטראוס,IL,החומוסיה של אבי,גרמים,400.00,100 גרם,false,0,12.90,3.23,true,1,
7290105362339,false,שמנת לבישול15%מהדרין250,יטבתה,IL,שמנת לבישול 15%,מיליליטרים,250.00,"100 מ""ל",false,0,7.30,2.92,true,1,
7290105364678,false,משקה אקטיביה אפרסק 250מל,שטראוס,IL,משקה אקטיביה,מיליליטרים,250.00,"100 מ""ל",false,0,4.30,1.72,true,1,
7290105366023,false,חציל בטעם כבד 400 גרם,שטראוס,IL,חציל בטעם כבד,גרמים,400.00,100 גרם,false,0,14.40,3.60,true,1,
7290105366054,false,טחינה עם פטרוזיליה 400גר,שטראוס,IL,טחינה+פטרוזיליה,גרמים,400.00,100 גרם,false,0,14.40,3.60,true,1,
7290105366993,false,סימפוניה שיפקה חריף200,שטראוס,IL,סימפוניה פלפל,גרמים,200.00,100 גרם,false,0,8.50,4.25,true,1,
7290105367297,false,יוגורט מת.מעודנת2% 150גר,שטראוס,IL,יוגורט דנונה 2%,גרמים,150.00,100 גרם,false,0,2.60,1.73,true,1,
7290105368225,false,חומוס עם פלפל שיפקה 400ג,שטראוס,IL,חומוס עם פלפל,גרמים,400.00,100 גרם,false,0,10.10,2.53,true,1,
7290105368331,false,"מילקי בטעם תות 170 מ""ל",שטראוס,IL,מילקי טעם תות,מיליליטרים,170.00,"100 מ""ל",false,0,2.30,1.35,true,1,
7290105368355,false,מילקי שוקולד עשיר 133גרם,שטראוס,IL,מילקי שוקולד,גרמים,133.00,100 גרם,false,1,3.30,2.48,true,1,
7290105368881,false,חלב יטבתה מועשר3% 1.75ל,יטבתה,IL,חלב יטבתה מועשר,ליטרים,1.75,ליטר,false,0,11.60,6.63,true,1,
7290105368928,false,שמנת 9% יטבתה מהדרין200מ,יטבתה,IL,שמנת 9% יטבתה,מיליליטרים,200.00,"100 מ""ל",false,0,2.70,1.35,true,1,
7290105368959,false,פונץ בננה+פקק מהדרין250מ,יטבתה,IL,משקה פונץ' בננה,מיליליטרים,250.00,"100 מ""ל",false,0,4.50,1.80,true,1,
7290105430489,false,ליידי ס.ס סטיין גארד 50מ,קולגייט-פלמוליב,IL,ליידי ספיד סטיק,מיליליטרים,50.00,"100 מ""ל",false,0,11.00,22.00,true,1,
7290105434012,false,ספיד סטיק נוטרו סטיק 50,קולגייט-פלמוליב,US,דאו.ספיד סטיק,גרמים,50.00,100 גרם,false,0,24.40,48.80,true,1,
7290105434074,false,ס.סטיק סטיק חום מאסק 85,קולגייט-פלמוליב,MX,דאו. ספיד סטיק,גרמים,85.00,100 גרם,false,1,16.10,18.94,true,1,
7290105439581,false,חרדל דיז'ון צרפתי 370גרם,רמיה סי.וי.הולנד,NL,חרדל דיז'ון,גרמים,370.00,100 גרם,false,1,8.40,2.27,true,1,
7290105474056,false,לה קט מעדן סלמון 155ג,PRODUCTS FOOD HIQ,IL,לה קט מעדן מוס,גרמים,155.00,100 גרם,false,0,5.80,3.74,true,1,
7290105690692,false,מרק נמס ירקות 28*2גר,אסם,IL,מרק נמס ירקות,גרמים,56.00,100 גרם,false,0,6.20,11.07,true,1,
7290105691248,false,קריספי טורטיה תירס 60 גר,"פרח תעשיות מזון בע""מ",IL,קריספי טורטיה,גרמים,60.00,100 גרם,false,0,6.90,11.50,true,1,
7290105691934,false,"קמח שמרים 1 ק""ג",תחנת קמח המפרץ,IL,"קמח שמרים 1 ק""ג",קילוגרמים,1.00,"ק""ג",false,0,9.20,9.20,true,1,
7290105693457,false,עוגת דמקה שוקו וניל320גר,אסם,IL,עוגת הבית,גרמים,320.00,100 גרם,false,0,11.40,3.56,true,1,
7290105694775,false,טריקס פירות דגני תירס480,ג'נרל מילס,US,טריקס בטעם פירות,גרמים,480.00,100 גרם,false,0,24.70,5.15,true,1,
7290105961822,false,תפוציפס קראנצ',,IL,תפוציפס קראנצ',גרמים,200.00,100 גרם,false,0,8.40,4.20,true,1,
7290105962331,false,סחוג חריף מאוד זהבי220ג,זהבי הכרם,IL,סחוג חריף זהבי,גרמים,220.00,100 גרם,false,0,10.00,4.55,true,1,
7290105965509,false,שוק.מריר62% +מוס גאנדויה,שטראוס,IL,שוקולד ספלנדיד,גרמים,105.00,100 גרם,false,1,10.60,10.10,true,1,
7290105965516,false,ספלנדיד חלב מוס אספרס105,שטראוס,IL,שוקולד ספלנדיד,גרמים,105.00,100 גרם,false,1,10.60,10.10,true,1,
7290105965615,false,אקטיביה בר+גרנולה ושקדים,שטראוס,IL,אקטיביה בר,גרמים,157.00,100 גרם,false,1,4.10,2.61,true,1,
7290105965738,false,דנונה לשתיה תות בננה267ג,שטראוס,IL,דנונה לשתיה,גרמים,267.00,100 גרם,false,0,4.40,1.65,true,1,
7290105966377,false,"משקה סחלב מהדרין 850 מ""ל",יטבתה,IL,משקה סחלב,מיליליטרים,850.00,"100 מ""ל",false,0,8.50,1.00,true,1,
7290105968098,false,סלט קולסלאו אחלה 500 גרם,שטראוס,IL,סלט קולסלאו אחלה,גרמים,500.00,100 גרם,false,0,13.50,2.70,true,1,
7290106262324,false,סט קלאסיק איפור לילה,,IL,סט קלאסיק איפור לילה,יחידה,1.00,יחידה,false,0,25.30,25.30,true,1,
7290106415027,false,וופל קרם קקאו+אגוז104גרם,ס.ספיץ',AT,וופל קרם קקאו5יח,גרמים,104.00,100 גרם,false,1,5.00,4.81,true,1,
7290106415034,false,וופל שכבות קרם אגוז22ג5*,ס.ספיץ',AT,וופל קרם אגוז5יח,גרמים,110.00,100 גרם,false,1,5.00,4.55,true,1,
7290106503212,false,פמפרס פרימיום מידה3 27*4,פרוקטר & גמבל,IL,רביעיית פמפרס,יחידה,1.00,יחידה,false,0,68.20,68.20,true,1,
7290106504776,false,פמפרס פרימיום מידה3 20*4,פרוקטר & גמבל,IL,רביעיית פמפרס,יחידה,1.00,יחידה,false,1,68.20,68.20,true,1,
7290106520288,false,דנונה פרו תות 150 גרם,שטראוס,IL,דנונה פרו תות,גרמים,150.00,100 גרם,false,1,4.10,2.73,true,1,
7290106520295,false,דנונה פרו לבן 2.9% 150גר,שטראוס,IL,דנונה פרו לבן,גרמים,150.00,100 גרם,false,1,4.10,2.73,true,1,
7290106520363,false,דנונה לשתיה תות אננס267ג,שטראוס,IL,דנונה לשתיה,גרמים,267.00,100 גרם,false,1,4.40,1.65,true,1,
7290106520462,false,מילקי קייק 4 * 34 גרם,TSC,IT,מילקי קייק 4יח,גרמים,136.00,100 גרם,false,1,9.70,7.13,true,1,
7290106520899,false,חציל בלאדי במיונז400ג,שטראוס,IL,חציל בלאדי אחלה,גרמים,400.00,100 גרם,false,0,14.40,3.60,true,1,
7290106520912,false,"שמנת לבישול 9% 250 מ""ל",יטבתה,IL,שמנת לבישול 9%,מיליליטרים,250.00,"100 מ""ל",false,0,7.30,2.92,true,1,
7290106521612,false,מאגדת טורטית 40*4 גרם,שטראוס,IL,טורטית 4 יחידות,גרמים,160.00,100 גרם,false,0,12.00,7.50,true,1,
7290106522473,false,דנונה בר בנים 173*2ג,שטראוס,IL,זוג דנונה בר,גרמים,346.00,100 גרם,false,0,7.60,2.20,true,1,
7290106525320,false,שוקולית לאפיה 500 גרם,עלית,IL,שוקולית לאפיה,גרמים,500.00,100 גרם,false,0,14.10,2.82,true,1,
7290106572027,false,לחמית חמישה דגנים 190גרם,אסם,IL,לחמית 5 דגנים,גרמים,190.00,100 גרם,false,0,8.40,4.42,true,1,
7290106572997,false,"קמח שמרים לפיצה 1 ק""ג",תחנת קמח המפרץ,IL,קמח שמרים לפיצה,קילוגרמים,1.00,"ק""ג",false,0,9.20,9.20,true,1,
7290106573277,false,חט.קריספי טאפאס זיתים150,אסם,IL,חטיפי קריספי,גרמים,150.00,100 גרם,false,0,9.30,6.20,true,1,
7290106573291,false,חט.קריספי טאפאס פלפל150ג,אסם,IL,חטיפי קריספי,גרמים,150.00,100 גרם,false,0,9.30,6.20,true,1,
7290106573598,false,חומוס לבנוני צבר 400 גרם,צבר,IL,חומוס לבנוני צבר,גרמים,400.00,100 גרם,false,0,10.60,2.65,true,1,
7290106573628,false,חומוס עם טחינה צבר 400גר,צבר,IL,חומוס עם טחינה,גרמים,400.00,100 גרם,false,0,10.60,2.65,true,1,
7290106573703,false,חציל פיקנטי רפי כהןג400,צבר,IL,חציל פיקנטי צבר,גרמים,400.00,100 גרם,false,0,14.90,3.73,true,1,
7290106573819,false,חומוס אבו גוש צבר 400 גר,צבר,IL,חומוס אבו גוש,גרמים,400.00,100 גרם,false,0,10.20,2.55,true,1,
7290106574793,false,עוגת שוקו שוקוצ'יפס350ג,אסם,IL,עוגת הבית,גרמים,350.00,100 גרם,false,0,11.40,3.26,true,1,
7290106574977,false,בייגלה שטוחים מלח300גרם,אסם,IL,בייגלה שטוחים,גרמים,300.00,100 גרם,false,0,10.10,3.37,true,1,
7290106576513,false,חומוס צבר 400 גרם,צבר,IL,חומוס צבר,גרמים,400.00,100 גרם,false,0,9.30,2.33,true,1,
7290106576834,false,לה קרמריה פונש בננה,נסטלה,IL,לה קרמריה,ליטרים,1.40,ליטר,false,0,19.60,14.00,true,1,
7290106576919,false,לה קרמריה סורבה,נסטלה,IL,לח קרמריה,ליטרים,1.40,ליטר,false,0,19.60,14.00,true,1,
7290106576926,false,לה קרמריה שוקו וניל לייט,נסטלה,IL,לה קרמריה לייט,ליטרים,1.40,ליטר,false,0,19.60,14.00,true,1,
7290106576971,false,לה קרמריה צמחי שוק,נסטלה,IL,לה קרמריה,ליטרים,1.40,ליטר,false,0,19.60,14.00,true,1,
7290106576995,false,לה קרמריה תות מנגו לייט,נסטלה,IL,לה קרמריה לייט,ליטרים,1.40,ליטר,false,0,19.60,14.00,true,1,
7290106577039,false,לה קרמריה וניל+שוק,נסטלה,IL,לא קרמריה,ליטרים,1.40,ליטר,false,0,19.60,14.00,true,1,
7290106577282,false,טחינה צבר מרובע 400 גרם,צבר,IL,טחינה צבר,גרמים,400.00,100 גרם,false,0,11.80,2.95,true,1,
7290106577541,false,כרוב אדום מרובע צבר400ג,צבר,IL,כרוב אדום צבר,גרמים,400.00,100 גרם,false,0,11.40,2.85,true,1,
7290106652484,false,בפלות שוקולד קרנאץ 300גר,שטראוס,IL,בפלות קראנץ,גרמים,300.00,100 גרם,false,0,6.40,2.13,true,1,
7290106653207,false,פיתה קראנצ' זעתר 300 גרם,עלית,IL,פיתה קראנצ',גרמים,300.00,100 גרם,false,0,12.60,4.20,true,1,
7290106654099,false,מילקי קייק 34*8 גרם,שטראוס,IL,מילקי קייק 8 יח',גרמים,272.00,100 גרם,false,1,17.80,6.54,true,1,
7290106656512,false,בפלות טורטית 360 גרם,שטראוס,IL,בפלות טורטית,גרמים,360.00,100 גרם,false,0,15.10,4.19,true,1,
7290106657748,false,עדשים קנדי קראש חלבי80ג,שטראוס,IL,עדשים חלבי,גרמים,80.00,100 גרם,false,0,7.20,9.00,true,1,
7290106662193,false,רולדה טוויסט 350 גרם,עלית,IL,רולדה טוויסט,גרמים,350.00,100 גרם,false,1,13.30,3.80,true,1,
7290106662964,false,סוכריות גומי יין 100 גרם,שטראוס,IL,סוכריות גומי יין,גרמים,100.00,100 גרם,false,1,5.50,5.50,true,1,
7290106663527,false,קונפיטורה משמש לייט230ג,יד מרדכי,IL,קונפיטורה משמש,גרמים,230.00,100 גרם,false,0,12.70,5.52,true,1,
7290106664548,false,רוטב שמנת4+גבינות9% 250מ,שטראוס,IL,רוטב שמנת גבינות,מיליליטרים,250.00,"100 מ""ל",false,1,9.40,3.76,true,1,
7290106664562,false,רוטב שמנת+פטריות 9% 200מ,שטראוס,IL,רוטב שמנת פטריות,מיליליטרים,250.00,"100 מ""ל",false,1,9.40,3.76,true,1,
7290106668713,false,דנונה פירות יער 3% 150גר,שטראוס,IL,דנונה פירות יער,גרמים,150.00,100 גרם,false,1,3.30,2.20,true,1,
7290106668737,false,דנונה לשתיה דיאט תות267ג,שטראוס,IL,דנונה לשתיה,גרמים,267.00,100 גרם,false,1,4.40,1.65,true,1,
7290106720329,false,נישנושי תירס משפחתי 600ג,שטראוס,IL,נישנושי תירס,גרמים,600.00,100 גרם,false,0,15.00,2.50,true,1,
7290106720831,false,נישנושי תירס זוגי 500גרם,שטראוס,IL,נישנושי תירס,גרמים,500.00,100 גרם,false,0,13.00,2.60,true,1,
7290106721609,false,דוריטוס חמוץ חריף 40*6גר,עלית,IL,דוריטוס 6 יח,גרמים,240.00,100 גרם,false,0,10.90,4.54,true,1,
7290106721906,false,מסטיק בזוקה צ'יקלט 66גרם,שטראוס,IL,מסטיק בזוקה,גרמים,66.00,100 גרם,false,1,9.80,14.85,true,1,
7290106722095,false,באגט קראנצ שום 300 גרם,עלית,IL,באגט קראנצ שום,גרמים,300.00,100 גרם,false,0,12.60,4.20,true,1,
7290106726178,false,דנונה פרו פירות יער150ג,שטראוס,IL,דנונה פרו פ.יער,גרמים,150.00,100 גרם,false,1,4.10,2.73,true,1,
7290106726796,false,דנונה בר עדשים 180 גרם,שטראוס,IL,דנונה בר עדשים,גרמים,180.00,100 גרם,false,1,4.00,2.22,true,1,
7290106727045,false,דנונה פרו אננס2.4% 150ג,שטראוס,IL,דנונה פרו אננס,גרמים,150.00,100 גרם,false,1,4.10,2.73,true,1,
7290106727984,false,כיף כף פצפצים בגביע135ג,אלטינמארקה גידב סאן וה,TR,כיף כף פצפצים,גרמים,135.00,100 גרם,false,1,9.80,7.26,true,1,
7290106728127,false,חלב טבעי בקבוק3.6% 1ליטר,יטבתה,IL,חלב טבעי בקבוק,ליטרים,1.00,ליטר,false,1,6.70,6.70,true,1,
7290106728219,false,אקטיביה טעם תות+גרנולה,שטראוס,IL,אקטיביה בר,גרמים,157.00,100 גרם,false,1,4.10,2.61,true,1,
7290106728288,false,סקי עוגת גבינה+תות 125ג,שטראוס,IL,סקי מעדן גבינה,גרמים,125.00,100 גרם,false,1,3.10,2.48,true,1,
7290106728370,false,סלט קישואים 220 גרם,שטראוס,IL,סלט קישואים,גרמים,220.00,100 גרם,false,1,9.30,4.23,true,1,
7290106728387,false,החומסיה של אבי אל ארז400,שטראוס,IL,החומוסיה של אבי,גרמים,400.00,100 גרם,false,1,12.90,3.23,true,1,
7290106729650,false,דנונה תות 3% 150*8גרם,שטראוס,IL,דנונה תות 8 יח,קילוגרמים,1.20,"ק""ג",false,1,22.20,18.50,true,1,
7290106729711,false,חומוס 9% ל.ח.משמר100*4,שטראוס,IL,חומוס עשיר,גרמים,400.00,100 גרם,false,1,11.80,2.95,true,1,
7290106729728,false,חומוס עשיר ל.ח.משמר100*4,שטראוס,IL,חומוס עשיר,גרמים,400.00,100 גרם,false,1,11.80,2.95,true,1,
7290106729803,false,סימפוניה פטה צאן 200 גרם,סהם-הלאס-פיליון,GR,סימפוניה פטה צאן,גרמים,200.00,100 גרם,false,1,18.70,9.35,true,1,
7290107280037,false,מגבונים לניקוי,,IL,מגבונים לניקוי,יחידה,1.00,יחידה,false,0,9.60,9.60,true,1,
7290107280099,false,מגבוני נייר טואלט48*3יח,סנו,IL,מגבוני נייר לחים,יחידה,1.00,יחידה,false,0,13.50,13.50,true,1,
7290107280105,false,מגבוני טישו,,IL,מגבוני טישו,יחידה,1.00,יחידה,false,0,5.90,5.90,true,1,
7290107280204,false,תחליב רח.קרמה פרח מים500,קוסמופארם,IL,תחליב רחצה קרמה,מיליליטרים,500.00,"100 מ""ל",false,1,8.50,1.70,true,1,
7290107280488,false,סנובון WAVE פרחים 45גר,סנו,IL,סנובון WAVE,גרמים,45.00,100 גרם,false,0,4.20,9.33,true,1,
7290107280495,false,סנובון WAVE לימון 45גר,סנו,IL,סנובון WAVE,גרמים,45.00,100 גרם,false,0,4.20,9.33,true,1,
7290107280723,false,נוזל לכלים לימון 700מל,סנו,IL,נוזל לכלים לימון,מיליליטרים,700.00,"100 מ""ל",false,0,6.70,0.96,true,1,
7290107280815,false,"K301 קוטל זוחלים 300 מ""ל",סנו,IL,K301 קוטל זוחלים,מיליליטרים,300.00,"100 מ""ל",false,1,15.30,5.10,true,1,
7290107540292,false,מארז קרם לחות רגיל+מסקרה,ביירסדורץ,IL,מארז קרם לחות,יחידה,1.00,יחידה,false,0,126.20,126.20,true,1,
7290107640190,false,פינוק שמפו למגע משי700מל,יוניליוור,IL,שמפו פינוק,מיליליטרים,700.00,"100 מ""ל",false,0,12.70,1.81,true,1,
7290107640206,false,פינוק מרכך למגע משי700 מ,יוניליוור,IL,מרכך פינוק,מיליליטרים,700.00,"100 מ""ל",false,0,12.70,1.81,true,1,
7290107641098,false,פינוק 2ב1 קשקשים 700 מל,יוניליוור,IL,שמפו פינוק,מיליליטרים,700.00,"100 מ""ל",false,1,12.70,1.81,true,1,
7290107641999,false,נמס בכוס עגבניות חריף48ג,יוניליוור,IL,נמס בכוס,גרמים,48.00,100 גרם,false,1,6.60,13.75,true,1,
7290107642439,false,קליק אצבעות וניל-שקדים40,נטרה,ES,חטיף קליק,גרמים,40.00,100 גרם,false,1,4.70,11.75,true,1,
7290107643689,false,קליק פופקורן שוק.לבן65גר,יוניליוור,IL,קליק פופקורן,גרמים,65.00,100 גרם,false,1,5.50,8.46,true,1,
7290107644259,false,מרק עשיר ירק.כתומים קנור,יוניליוור,IL,מרק עשיר ירקות,גרמים,90.00,100 גרם,false,1,7.60,8.44,true,1,
7290107644716,false,פינוק שמפו שמן קוקוס700מ,יוניליוור,IL,שמפו פינוק,מיליליטרים,700.00,"100 מ""ל",false,1,12.70,1.81,true,1,
7290107644723,false,פינוק מרכך שמן קוקוס700מ,יוניליוור,IL,מרכך פינוק,מיליליטרים,700.00,"100 מ""ל",false,1,12.70,1.81,true,1,
7290107644730,false,פינוק רחצה שמן קוקוס700מ,יוניליוור,IL,פינוק תחליב רחצה,מיליליטרים,700.00,"100 מ""ל",false,1,12.30,1.76,true,1,
7290107870726,false,מרק ירקות לבישול 62 גרם,אסם,IL,מרק ירקות לבישול,גרמים,62.00,100 גרם,false,0,7.60,12.26,true,1,
7290107871556,false,לחמית מיני כפרית 40 גרם,אסם,IL,לחמית מיני כפרית,גרמים,40.00,100 גרם,false,0,3.80,9.50,true,1,
7290107871822,false,לחמית ירקות ירוקים 160גר,אסם,IL,לחמית ירקות,גרמים,160.00,100 גרם,false,1,9.90,6.19,true,1,
7290107871990,false,פסטה צינורות 500 גרם,זארה,IT,פסטה צינורות,גרמים,500.00,100 גרם,false,0,5.20,1.04,true,1,
7290107873239,false,פתי בר קרמל 500גרם,אסם,IL,פתיבר קרמל,גרמים,500.00,100 גרם,false,1,10.20,2.04,true,1,
7290107874380,false,לחמית מיני חיטה מלאה40ג,אסם,IL,לחמית מיני,גרמים,40.00,100 גרם,false,0,3.80,9.50,true,1,
7290107874403,false,לחמית מיני אגוזים 40 גרם,אסם,IL,לחמית מיני,גרמים,40.00,100 גרם,false,0,3.80,9.50,true,1,
7290107875295,false,"רוטב ויניגרט לייט 290מ""ל",אסם,IL,רוטב ויניגרט,מיליליטרים,290.00,"100 מ""ל",false,1,8.50,2.93,true,1,
7290107876674,false,במבה עגולה 80 גרם,אסם,IL,במבה עגולה,גרמים,80.00,100 גרם,false,1,4.10,5.13,true,1,
7290107876827,false,טבעות זיתים 560 גרם,בית השיטה,IL,טבעות זיתים,גרמים,560.00,100 גרם,false,1,9.30,1.66,true,1,
7290107877527,false,מרק נמס עגבניות 30*2גרם,אסם,IL,מרק נמס עגבניות,גרמים,60.00,100 גרם,false,1,6.20,10.33,true,1,
7290107878869,false,עוגת שוקולד דאבל ציפס340,אסם,IL,עוגת שוקולד הבית,גרמים,340.00,100 גרם,false,1,11.40,3.35,true,1,
7290107932080,false,חלב מועשר3% בקבוק 1ליטר,יטבתה,IL,חלב מועשר 3%,ליטרים,1.00,ליטר,false,1,6.70,6.70,true,1,
7290107932127,false,חלב מועשר2% בקבוק 1ליטר,יטבתה,IL,חלב מועשר 2%,ליטרים,1.00,ליטר,false,1,6.70,6.70,true,1,
7290107932134,false,חלב מועשר1% בקבוק 1ליטר,יטבתה,IL,חלב מועשר 1%,ליטרים,1.00,ליטר,false,1,6.70,6.70,true,1,
7290107932226,false,שוקולד אקסטרה חלב 100גרם,שטראוס,IL,שוקולד אקסטרה,גרמים,100.00,100 גרם,false,1,6.00,6.00,true,1,
7290107932387,false,סוכ.גומי מיקס מבריק200ג,עלית,IL,סוכריות גומי,גרמים,200.00,100 גרם,false,1,9.30,4.65,true,1,
7290107932400,false,סוכריות ג'לי ברכות 540 ג,מיה,IL,סוכריות ג'לי,גרמים,540.00,100 גרם,false,1,18.70,3.46,true,1,
7290107932424,false,ממתק שטיח חמוץ תות 50גר,עלית,ES,ממתק שטיח,גרמים,50.00,100 גרם,false,1,4.70,9.40,true,1,
7290107933315,false,חלב דל לקטוז בקבוק2% 1ל,יטבתה,IL,חלבדל לקטוז 2%,ליטרים,1.00,ליטר,false,1,6.70,6.70,true,1,
7290107933643,false,משקה חלב+דגנים ובננה250מ,יטבתה,IL,משקה חלב+דגנים,מיליליטרים,250.00,"100 מ""ל",false,1,4.20,1.68,true,1,
7290107933650,false,משקה חלב+דגנים ותות250מ,יטבתה,IL,משקה חלב+דגנים,מיליליטרים,250.00,"100 מ""ל",false,1,4.20,1.68,true,1,
7290107934022,false,דוריטוס מיני ברקביקיו85ג,שטראוס,IL,דוריטוס ברביקיו,גרמים,85.00,100 גרם,false,1,3.50,4.12,true,1,
7290107936248,false,מילקי קצפת קפוצ'ינו133ג,שטראוס,IL,מילקי קפוצ'ינו,גרמים,133.00,100 גרם,false,1,3.30,2.48,true,1,
7290107936309,false,דנונה יווני לבן 7% 130גר,שטראוס,IL,דנונה יווני,גרמים,130.00,100 גרם,false,1,2.90,2.23,true,1,
7290107936910,false,עוג.שוק.חלב צ'אנקס162גר,עלית,IL,עוגיות צ'אנקס,גרמים,162.00,100 גרם,false,1,9.80,6.05,true,1,
7290107937337,false,חומוס 9% שומן 250 גרם,שטראוס,IL,חומוס 9% שומן,גרמים,250.00,100 גרם,false,1,6.40,2.56,true,1,
7290107938396,false,"אקטימל תות בנים 100*8מ""ל",שטראוס,IL,אקטימל תות 8יח',מיליליטרים,800.00,"100 מ""ל",false,1,19.40,2.43,true,1,
7290107938495,false,דני פרוזן לשתייה4 * 125ג,שטראוס,IL,דני לשתייה 4 יח,גרמים,500.00,100 גרם,false,1,9.80,1.96,true,1,
7290107938839,false,דבש עם תמצית ג'ינג'ר230ג,יד מרדכי,IL,דבש ג'ינג'ר,גרמים,230.00,100 גרם,false,1,14.40,6.26,true,1,
7290107938884,false,חציל על האש 500 גרם,שטראוס,IL,חציל על האש אחלה,גרמים,500.00,100 גרם,false,1,14.40,2.88,true,1,
7290107938891,false,חצילים עם טחינה 500 גרם,שטראוס,IL,חצילים עם טחינה,גרמים,500.00,100 גרם,false,1,14.40,2.88,true,1,
7290107939027,false,גזר דק דק 250גרם,שטראוס מזון טרי שדה ניצן,IL,גזר דק דק 250גרם,גרמים,250.00,100 גרם,false,1,8.90,3.56,true,1,
7290107939263,false,דני בר שוקולד+פצפוצים142,שטראוס,IL,דני בר שוקולד,גרמים,142.00,100 גרם,false,1,3.70,2.61,true,1,
7290107939942,false,דנ.פרו טריפל זרו אננס150,שטראוס,IL,דנונה פרו,גרמים,150.00,100 גרם,false,1,4.10,2.73,true,1,
7290107939959,false,דנ.פרו טריפל זירו תות150,שטראוס,IL,דנונה פרו,גרמים,150.00,100 גרם,false,1,4.10,2.73,true,1,
7290107939966,false,דנונה פרו לבן 0% 150 גרם,שטראוס,IL,דנונה פרו,גרמים,150.00,100 גרם,false,1,4.10,2.73,true,1,
7290107940009,false,עוגות מיני רול טויסט140ג,שטראוס,IL,עוגות מיני רול,גרמים,140.00,100 גרם,false,1,9.30,6.64,true,1,
7290107940252,false,השוקו שלי ללא תוס.סוכר1ל,שטראוס,IL,השוקו שלי,ליטרים,1.00,ליטר,false,1,8.50,8.50,true,1,
7290107940450,false,אקטיביה 0% 200 גרם,שטראוס,IL,אקטיביה 0%,גרמים,200.00,100 גרם,false,1,3.30,1.65,true,1,
7290107940467,false,אקטיביה 1.5% 200 גרם,שטראוס,IL,אקטיביה 1.5%,גרמים,200.00,100 גרם,false,1,3.30,1.65,true,1,
7290107940474,false,אקטיביה 3% 200 גרם,שטראוס,IL,אקטיביה 3%,גרמים,200.00,100 גרם,false,1,3.30,1.65,true,1,
7290107940504,false,עוג.וופל בלגי דקיקים100ג,שטראוס,BE,עוגיות וופל בלגי,גרמים,100.00,100 גרם,false,1,11.80,11.80,true,1,
7290107942096,false,מילקי קרמל מלוח 133 גרם,שטראוס,IL,מילקי קרמל מלוח,גרמים,133.00,100 גרם,false,1,2.30,1.73,true,1,
7290107942218,false,ספלנדיד בר שוקולד+ופל142,שטראוס,IL,מעדן ספלנדיד בר,גרמים,142.00,100 גרם,false,1,3.60,2.54,true,1,
7290107942225,false,ספלנדיד בר שוקו+דגנים142,שטראוס,IL,מעדן ספלנדיד בר,גרמים,142.00,100 גרם,false,1,3.60,2.54,true,1,
7290107942232,false,מעדן ספלנדיד שוק.חלב130ג,שטראוס,IL,מעדן ספלנדיד,גרמים,130.00,100 גרם,false,1,2.90,2.23,true,1,
7290107942249,false,מעדן ספלנדיד שוק.לבן130ג,שטראוס,IL,מעדן ספלנדיד,גרמים,130.00,100 גרם,false,1,2.90,2.23,true,1,
7290107942256,false,מעדן ספלנדיד שוק.מריר130,שטראוס,IL,מעדן ספלנדיד,גרמים,130.00,100 גרם,false,1,2.90,2.23,true,1,
7290107942263,false,ספלנדיד מוס שוק.חלב75גרם,שטראוס,IL,ספלנדיד מוס,גרמים,75.00,100 גרם,false,1,3.80,5.07,true,1,
7290107942270,false,ספלנדיד מוס שוק.תפוז75גר,שטראוס,IL,ספלנדיד מוס,גרמים,75.00,100 גרם,false,1,3.80,5.07,true,1,
7290107942287,false,ספלנדיד מוס שוק.מריר75גר,שטראוס,IL,ספלנדיד מוס,גרמים,75.00,100 גרם,false,1,3.80,5.07,true,1,
7290107943840,false,דנונה בר קורנפלקס 175 גר,שטראוס,IL,דנונה בר,גרמים,175.00,100 גרם,false,1,4.00,2.29,true,1,
7290107950145,false,דנונה יווני תות5.8% 120ג,שטראוס,IL,דנונה יווני תות,גרמים,120.00,100 גרם,false,1,2.90,2.42,true,1,
7290107950152,false,דנונ.יווני פ.יע5.8% 120ג,שטראוס,IL,דנונה יווני,גרמים,120.00,100 גרם,false,1,2.90,2.42,true,1,
7290107950169,false,דנונה יווני קפה5.8% 120ג,שטראוס,IL,דנונה יווני קפה,גרמים,120.00,100 גרם,false,1,2.90,2.42,true,1,
7290107950183,false,מעדן דיאט בטעם וניל 130ג,שטראוס,IL,מעדן דיאט וניל,גרמים,130.00,100 גרם,false,1,2.90,2.23,true,1,
7290107950190,false,מעדן דיאט שוקולד מריר130,שטראוס,IL,מעדן דיאט שוקולד,גרמים,130.00,100 גרם,false,1,2.90,2.23,true,1,
7290107950251,false,מילקי מוס שוקולד 81 גרם,שטראוס,IL,מילקי מוס,גרמים,81.00,100 גרם,false,1,3.10,3.83,true,1,
7290107950268,false,מילקי מוס שוקולד אגוז81ג,שטראוס,IL,מילקי מוס,גרמים,81.00,100 גרם,false,1,3.10,3.83,true,1,
7290107950411,false,סימפוניה פפריקה 5% 200גר,שטראוס,IL,גבינת סימפוניה,גרמים,200.00,100 גרם,false,1,8.50,4.25,true,1,
7290107950497,false,סימפוניה שמנת25%זיתים200,שטראוס,IL,גבינת סימפוניה,גרמים,200.00,100 גרם,false,1,8.50,4.25,true,1,
7290107950503,false,סימפוניה גב.שמנת25% 200ג,שטראוס,IL,גבינת סימפוניה,גרמים,200.00,100 גרם,false,1,8.50,4.25,true,1,
7290107950510,false,סימפוניה זיתים 9% 200גרם,שטראוס,IL,גבינת סימפוניה,גרמים,200.00,100 גרם,false,1,8.50,4.25,true,1,
7290107951067,false,משקה חלב וניל בקבוק2% 1ל,יטבתה,IL,משקה חלב וניל,ליטרים,1.00,ליטר,false,1,6.60,6.60,true,1,
7290107971744,false,"מי פה טוטל ירוק 500 מ""ל",קולגייט-פלמוליב,PL,מי פה קולגייט,מיליליטרים,500.00,"100 מ""ל",false,1,17.00,3.40,true,1,
7290107973915,false,קולגייט טוטל פרו רעננה75,קולגייט-פלמוליב,PL,משחת קולגייט,מיליליטרים,75.00,"100 מ""ל",false,1,11.00,14.67,true,1,
7290108200188,false,גולד ג'ל מסיר כתמים 940,רקיט בנקיזר,IT,וניש גולד ג'ל,מיליליטרים,940.00,"100 מ""ל",false,1,18.50,1.97,true,1,
7290108200225,false,גולד אבקה להסרת כתמים470,רקיט בנקיזר,IT,וניש גולד אבקה,גרמים,470.00,100 גרם,false,1,12.80,2.72,true,1,
7290108201017,false,קולון סטריפ לכביסה 16יח,רקיט בנקיזר,CA,קולון טבליות,יחידה,1.00,יחידה,false,1,8.50,8.50,true,1,
7290108350180,false,100מפיות חד שכבתי מודפס,.,IL,מפיות אירוח,יחידה,1.00,יחידה,false,1,6.70,6.70,true,1,
7290108350531,false,ספארק לכלים קלאסי+משאבה,סנו,IL,ספארק לכלים,ליטרים,1.00,ליטר,false,1,9.30,9.30,true,1,
7290108350616,false,מרכך מקסימה בלו 1 ליטר,סנו,IL,מרכך מקסימה,ליטרים,1.00,ליטר,false,1,12.80,12.80,true,1,
7290108350647,false,כיף פיות קרם מתיר קשר350,קוסמופארם,IL,קרם מתיר קשרים,מיליליטרים,350.00,"100 מ""ל",false,1,18.70,5.34,true,1,
7290108351071,false,"ג'ל פורטה פלוס 500 מ""ל",סנו,IL,ג'ל פורטה פלוס,מיליליטרים,500.00,"100 מ""ל",false,1,12.70,2.54,true,1,
7290108351088,false,מבשם לבית ספא מרגיע 100,סנו,IL,מבשם לבית,מיליליטרים,100.00,"100 מ""ל",false,1,25.50,25.50,true,1,
7290108351095,false,מבשם לבית גשם ראשון 100,סנו,IL,מבשם לבית,מיליליטרים,100.00,"100 מ""ל",false,1,25.50,25.50,true,1,
7290108352603,false,ממחטות טישו לאף 56יח,סנו,IL,ממחטות טישו לאף,יחידה,1.00,יחידה,false,1,4.20,4.20,true,1,
7290108352702,false,מגבונים בוב ספוג 48*3יח,סנו,IL,מגבוני נייר לחים,יחידה,1.00,יחידה,false,1,13.50,13.50,true,1,
7290108355024,false,שמפו+מרכך נקה7מיניוני750,אמיליה קוסמטיקס,IL,שמפו +מרכך נקה7,מיליליטרים,750.00,"100 מ""ל",false,1,12.70,1.69,true,1,
7290109351544,false,חט.קריספי זרעים קלויי150,אסם,IL,חטיפי קריספי,גרמים,150.00,100 גרם,false,1,9.30,6.20,true,1,
7290109351568,false,"קריספי תפו""א אפוי 150גרם",אסם,IL,חטיפי קריספי,גרמים,150.00,100 גרם,false,1,9.30,6.20,true,1,
7290109351643,false,חומוסיבוב ברוטב שום400גר,צבר,IL,חומוסיבוב,גרמים,400.00,100 גרם,false,1,12.70,3.18,true,1,
7290109351803,false,פתיתים אפויים קוסקוס1.2ק,פסטה זארה,IL,פתיתים אפויים,קילוגרמים,1.20,"ק""ג",false,1,11.10,9.25,true,1,
7290109351827,false,"ספגטי 1.2 ק""ג",פסטה זארה,IL,ספגטי,קילוגרמים,1.20,"ק""ג",false,1,9.40,7.83,true,1,
7290109351841,false,"פסטה מסולסלת 1.2 ק""ג",פסטה זארה,IL,פסטה מסולסלת,קילוגרמים,1.20,"ק""ג",false,1,9.40,7.83,true,1,
7290109351865,false,"אטריות דקיקות 1 ק""ג",פסטה זארה,IL,אטריות דקיקות,קילוגרמים,1.00,"ק""ג",false,1,11.10,11.10,true,1,
7290109352893,false,ירקות קלויים רפי כהן400ג,צבר,IL,סלט ירקות קלויים,גרמים,400.00,100 גרם,false,1,14.90,3.73,true,1,
7290109353166,false,תיק קור יח,.,IL,תיק קור,יחידה,1.00,יחידה,false,1,12.70,12.70,true,1,
7290109353340,false,פירורית זהב 220*3 גרם,עינת תעשיות,IL,פירורית זהב 3 יח,גרמים,660.00,100 גרם,false,1,11.50,1.74,true,1,
7290109354590,false,טסטרס צ'וייס+סטיק בריסטה,נסטלה,KR,טסטרס צ'וייס,גרמים,200.00,100 גרם,false,1,31.50,15.75,true,1,
7290109354842,false,חומוס עם בצל 400 גרם,צבר,IL,חומוס עם בצל,גרמים,400.00,100 גרם,false,1,11.00,2.75,true,1,
7290109354866,false,חומוס עם שיפקה 400 גרם,צבר,IL,חומוס עם שיפקה,גרמים,400.00,100 גרם,false,1,11.00,2.75,true,1,
7290109354996,false,פתי בר לל.גלוטן שוקו200ג,אסם,IL,פתי בר ללא גלוטן,גרמים,200.00,100 גרם,false,1,9.30,4.65,true,1,
7290127082161,false,מיקס גוגי ברי 400גרם,י.ח בהאמס,IL,מיקס גוגי ברי,גרמים,400.00,100 גרם,false,1,30.40,7.60,true,1,
7296073002604,false,200שקיות אוכל19X25סמ גלי,שופרסל,IL,שקיות אוכל,יחידה,1.00,יחידה,false,0,7.70,7.70,true,1,
7296073005735,false,עוג.סנדוויץ שוק.שופרס150,שופרסל,IL,עוגיות סנדוויץ,גרמים,150.00,100 גרם,false,0,3.90,2.60,true,1,
7296073005742,false,עוג.סנדוויץ וניל שופרסל,שופרסל,IL,עוגיות סנדוויץ,גרמים,150.00,100 גרם,false,0,3.90,2.60,true,1,
7296073005858,false,בורגול שופרסל 500 גרם,מיה,IL,בורגול,גרמים,500.00,100 גרם,false,0,4.70,0.94,true,1,
7296073005865,false,גריסי פנינה שופרסל500גרם,מיה,IL,גריסי פנינה,גרמים,500.00,100 גרם,false,0,5.00,1.00,true,1,
7296073005896,false,חיטה שופרסל 500 גרם,מיה,IL,חיטה שופרסל,גרמים,500.00,100 גרם,false,0,5.00,1.00,true,1,
7296073006008,false,"שעועית לבנה שופרסל 1 ק""ג",מיה,IL,שעועית לבנה,קילוגרמים,1.00,"ק""ג",false,0,14.40,14.40,true,1,
7296073006107,false,"אפונה ירוקה שופרסל 1 ק""ג",מיה,IL,אפונה ירוקה,קילוגרמים,1.00,"ק""ג",false,0,7.50,7.50,true,1,
7296073006114,false,"עדשים ירוקות שופרסל 1ק""ג",מיה,IL,עדשים ירוקות,קילוגרמים,1.00,"ק""ג",false,0,10.00,10.00,true,1,
7296073006176,false,"סוכר שופרסל 1 ק""ג",סוגת,IL,סוכר לבן,קילוגרמים,1.00,"ק""ג",false,0,4.10,4.10,true,1,
7296073006374,false,חרוזי זיתים ירוק.שופר560,שופרסל,,חרוזי זיתים,גרמים,560.00,100 גרם,false,0,8.00,1.43,true,1,
7296073006411,false,מלפ.במלח 10-12שופרסל560ג,שופרסל,IL,מלפפון במלח12-,גרמים,560.00,100 גרם,false,0,6.10,1.09,true,1,
7296073006640,false,מלפפ.כבישה בית.שופר1.65ק,שופרסל,IL,מלפפון כבוש ביתי,קילוגרמים,1.65,"ק""ג",false,0,23.80,14.42,true,1,
7296073011194,false,פסטה טריקולור שופרסל500ג,שופרסל,IT,פסטה טריקולורי,גרמים,500.00,100 גרם,false,0,5.80,1.16,true,1,
7296073011217,false,פסטה פנה ריגטה31שופר500ג,שופרסל,IT,פסטה פנה ריגטה,גרמים,500.00,100 גרם,false,0,4.10,0.82,true,1,
7296073011224,false,פסטה פוסילי36שופר 500גרם,שופרסל,IL,פסטה פוסילי,גרמים,500.00,100 גרם,false,0,4.10,0.82,true,1,
7296073011248,false,פסטה פרפלה מס57שופרסל500,שופרסל,IT,פסטה פרפלה,גרמים,500.00,100 גרם,false,0,4.10,0.82,true,1,
7296073020356,false,"כוסות ח""פ שופרסל 150 יח'",שופרסל,,"כוסות ח""פ",יחידה,1.00,יחידה,false,0,5.80,5.80,true,1,
7296073020370,false,צלחות גדולות שופרסל 100,שופרסל,IL,"צלחות ח""פ גדולות",יחידה,1.00,יחידה,false,0,13.50,13.50,true,1,
7296073020400,false,"קעריות ח""פ אובלית שופרסל",שופרסל,IL,"קעריות ח""פ",יחידה,1.00,יחידה,false,0,6.60,6.60,true,1,
7296073020431,false,מפיות חד שכבתי 100 יחידו,שופרסל,IL,מפיות חד שכבתי,יחידה,1.00,יחידה,false,0,5.80,5.80,true,1,
7296073021568,false,"קמח לבן שופרסל 1 ק""ג",שופרסל,IL,קמח לבן,קילוגרמים,1.00,"ק""ג",false,0,3.20,3.20,true,1,
7296073021582,false,"סולת חיטה שופרסל 1 ק""ג",שופרסל,IL,סולת חיטה,קילוגרמים,1.00,"ק""ג",false,0,3.50,3.50,true,1,
7296073027713,false,מפיות חד שכבתי 180 יח,שופרסל,IL,מפיות חד שכבתי,יחידה,1.00,יחידה,false,0,7.60,7.60,true,1,
7296073033752,false,שמן קנולה שופרסל 1 ליטר,NV AOR,BE,שמן קנולה 1 ל',ליטרים,1.00,ליטר,false,0,6.70,6.70,true,1,
7296073036500,false,שמן קנולה שופרסל 3 ל',NV AOR,BE,שמן קנולה 3 ל',ליטרים,3.00,ליטר,false,0,19.50,6.50,true,1,
7296073049074,false,סלמי קוניאק שופרסל 300גר,שופרסל,IL,סלמי קוניאק,גרמים,300.00,100 גרם,false,0,20.10,6.70,true,1,
7296073049654,false,טבעות זיתים ירוקים 560גר,שופרסל,IL,טבעות זיתים,גרמים,560.00,100 גרם,false,0,8.20,1.46,true,1,
7296073053743,false,פסטה קונקיליוני39 שופרסל,שופרסל,IT,פסטה קונקיליוני,גרמים,500.00,100 גרם,false,0,4.10,0.82,true,1,
7296073053767,false,דפי לזניה שופרסל 500 גרם,שופרסל,IT,דפי לזניה,גרמים,500.00,100 גרם,false,0,11.80,2.36,true,1,
7296073058991,false,מוזלי שופרסל 500 גרם,שופרסל,IL,מוזלי שופרסל,גרמים,500.00,100 גרם,false,0,14.40,2.88,true,1,
7296073059059,false,ברנפלקס שופרסל 500 גרם,שופרסל,DE,ברנפלקס שופרסל,גרמים,500.00,100 גרם,false,0,12.70,2.54,true,1,
7296073059097,false,25 מגבונים להסרת איפור,שופרסל,IL,מגבונים לאיפור,יחידה,1.00,יחידה,false,0,8.30,8.30,true,1,
7296073059691,false,"50 צלחות גדול ח""פ שופרסל",שופרסל,IL,"צלחות ח""פ גדולות",יחידה,1.00,יחידה,false,0,8.30,8.30,true,1,
7296073059998,false,מפיות תלת שכבתי מודפס,שופרסל,IL,מפיות מודפסות,יחידה,1.00,יחידה,false,0,6.60,6.60,true,1,
7296073062974,false,"מים מינרל.שופרסל500*6מ""ל",שופרסל,IT,מים מינרלים 6יח',ליטרים,3.00,ליטר,false,0,10.80,3.60,true,1,
7296073066354,false,חטיפי חלווה שופרסל 250 ג,"אחדות בע""מ א.ת. ברקן",IL,חטיפי חלווה,גרמים,250.00,100 גרם,false,0,9.50,3.80,true,1,
7296073074656,false,ירקות מעורב.כבושים 1.65ק,שופרסל,IL,ירקות מעורבים,קילוגרמים,1.65,"ק""ג",false,0,22.10,13.39,true,1,
7296073078883,false,9 מטליות ניקוי כללי שופר,שופרסל,IL,מטליות ניקוי 9יח,יחידה,1.00,יחידה,false,0,8.10,8.10,true,1,
7296073078982,false,פריכ.אורז 5דגנים שופר100,שופרסל,IL,פריכיות אורז,גרמים,100.00,100 גרם,false,0,5.80,5.80,true,1,
7296073079019,false,פריכיות דק.קצח 100ג שופר,שופרסל,IL,פריכיות דקות,גרמים,100.00,100 גרם,false,0,6.30,6.30,true,1,
7296073079040,false,פריכיות זעתר שופרסל 50גר,שופרסל,IL,פריכיות אורז,גרמים,50.00,100 גרם,false,0,7.20,14.40,true,1,
7296073079354,false,72 מגבונים שופרסל רפיל,שופרסל,IL,מגבונים שופרסל,יחידה,1.00,יחידה,false,0,6.00,6.00,true,1,
7296073079866,false,עגבניות מרוסקות שופר800ג,פריניר,IL,עגבניות מרוסקות,גרמים,800.00,100 גרם,false,0,5.80,0.73,true,1,
7296073079873,false,תרכיז עגבניות28%שופר580ג,פריניר,IL,תרכיז עגבניות,גרמים,580.00,100 גרם,false,0,5.40,0.93,true,1,
7296073080497,false,שעועית אפויה שופרסל 570ג,פרי גליל,IL,שעועית אפויה,גרמים,570.00,100 גרם,false,0,5.60,0.98,true,1,
7296073080534,false,תירס מתוק שופרסל 550 גרם,פרי גליל,IL,תירס גרעינים,גרמים,550.00,100 גרם,false,0,5.40,0.98,true,1,
7296073080541,false,אפונה וגזר שופרסל 550 גר,פרי גליל,IL,אפונה וגזר,גרמים,550.00,100 גרם,false,0,5.20,0.95,true,1,
7296073080558,false,תירס לייט שופרסל 550 גרם,פרי גליל,IL,תירס לייט,גרמים,550.00,100 גרם,false,0,6.40,1.16,true,1,
7296073081241,false,בייגל.שמיניו.מלוח שופ400,שופרסל,IL,בייגלה שמיניות,גרמים,400.00,100 גרם,false,0,8.30,2.08,true,1,
7296073081449,false,פירורי לחם מוזהב שופר200,שופרסל,IL,פירורי לחם,גרמים,200.00,100 גרם,false,0,3.50,1.75,true,1,
7296073081661,false,מזון יבש לכלבים שופר3.קג,סנשיין מילס,US,מזון יבש לכלבים,קילוגרמים,3.00,"ק""ג",false,0,25.50,8.50,true,1,
7296073081692,false,מזון יבש לחתול שופרסל3קג,Tuffy's,US,מזון לחתולים,קילוגרמים,3.00,"ק""ג",false,0,41.40,13.80,true,1,
7296073087182,false,ריבת מישמש שופרסל 370גרם,LTD 99 CIMA,BG,ריבת מישמש,גרמים,370.00,100 גרם,false,0,9.40,2.54,true,1,
7296073087205,false,ריבת אוכמניות שופרסל370ג,LTD 99 CIMA,BG,ריבת אוכמניות,גרמים,370.00,100 גרם,false,0,9.40,2.54,true,1,
7296073087250,false,קונפ.אוכמניות שופרסל370ג,LTD 99 CIMA,BG,קונפ.אוכמניות,גרמים,370.00,100 גרם,false,0,11.50,3.11,true,1,
7296073088615,false,נוזל לאסלה שופרסל 1 ליטר,שופרסל,IL,נוזל לאסלה,ליטרים,1.00,ליטר,false,0,5.90,5.90,true,1,
7296073091172,false,פופקורן למיקרו ט.טבעי600,שופרסל,US,פופקורן למיקרו,גרמים,600.00,100 גרם,false,0,12.60,2.10,true,1,
7296073091189,false,פופקורן למיקרו ט.חמאה600,שופרסל,IL,פופקורן למיקרו,גרמים,600.00,100 גרם,false,0,12.60,2.10,true,1,
7296073091226,false,פופקורן גרעינים שופר1.קג,מיה,IL,פופקורן גרעינים,קילוגרמים,1.00,"ק""ג",false,0,8.30,8.30,true,1,
7296073091530,false,שזיף מיובש 400ג שופרסל,ששון,IL,שזיף מיובש,גרמים,400.00,100 גרם,false,0,19.50,4.88,true,1,
7296073091547,false,צימוק בהיר 400ג שופרסל,ששון,IL,צימוק בהיר,גרמים,400.00,100 גרם,false,0,18.70,4.68,true,1,
7296073091608,false,קשיו טבעי 200ג שופרסל,ששון,IL,אגוזי קשיו טבעי,גרמים,200.00,100 גרם,false,0,20.40,10.20,true,1,
7296073091622,false,אגוז ברזיל טבעי 200גשופר,ששון,IL,אגוז ברזיל טבעי,גרמים,200.00,100 גרם,false,0,17.00,8.50,true,1,
7296073091653,false,בננה צ'יפס 250ג שופרסל,ששון,IL,בננה צ'יפס,גרמים,250.00,100 גרם,false,0,9.80,3.92,true,1,
7296073091677,false,חמוציות 250ג שופרסל,ששון,IL,חמוציות 250גרם,גרמים,250.00,100 גרם,false,0,10.10,4.04,true,1,
7296073093176,false,כרוב כבוש שופרסל 560 גרם,שופרסל,IL,כרוב כבוש,גרמים,560.00,100 גרם,false,0,6.40,1.14,true,1,
7296073093213,false,אבקת שוקו שופרסל 500 גרם,שופרסל,IL,אבקת שוקו,גרמים,500.00,100 גרם,false,0,10.00,2.00,true,1,
7296073095439,false,16 כוסות קפה+מכסה שופרסל,שופרסל,IL,כוסות קפה 16יח',יחידה,1.00,יחידה,false,0,8.40,8.40,true,1,
7296073095446,false,דפי שעווה שופרסל 50 יח',שופרסל,IL,דפי שעווה שופרסל,יחידה,1.00,יחידה,false,0,15.10,15.10,true,1,
7296073095583,false,"אצטון שופרסל 100 מ""ל",שופרסל,IL,אצטון שופרסל,מיליליטרים,100.00,"100 מ""ל",false,0,2.70,2.70,true,1,
7296073098270,false,אפונה וגזר מוקפא שופרסל,פרי גליל,IL,אפונה וגזר 800,גרמים,800.00,100 גרם,false,0,12.60,1.58,true,1,
7296073098287,false,לקט בורגונדי שופרסל 800,פרי גליל,IL,לקט בורגונדי,גרמים,800.00,100 גרם,false,0,17.60,2.20,true,1,
7296073103844,false,תפוח אדמה למיקרו,קטיף,IL,"תפו""א למיקרו",יחידה,1.00,יחידה,false,0,6.90,6.90,true,1,
7296073106098,false,פריכיות דק.כוסמת שופר100,שופרסל,IL,פריכיות כוסמת,גרמים,100.00,100 גרם,false,0,6.30,6.30,true,1,
7296073108061,false,קלחי תירס שופרסל 1 קג,פרי גליל,IL,קלחי תירס 1קג,קילוגרמים,1.00,"ק""ג",false,0,16.00,16.00,true,1,
7296073108474,false,תבניות עם מכסה שופרסל 4,שופרסל,IL,תבניות עם מכסה,יחידה,1.00,יחידה,false,0,7.60,7.60,true,1,
7296073108481,false,תבניות קטנות+מכסה שופרסל,שופרסל,IL,תבניות עם מכסה,יחידה,1.00,יחידה,false,0,6.60,6.60,true,1,
7296073108504,false,תבניות גדולות שופרסל 5 י,שופרסל,IL,תבניות גדולות,יחידה,1.00,יחידה,false,0,8.30,8.30,true,1,
7296073108511,false,3 תבניות ענקיות שופרסל,שופרסל,IL,תבניות ענקיות,יחידה,1.00,יחידה,false,0,7.60,7.60,true,1,
7296073109105,false,תירוש ענבים טבעי 1 ליטר*,הכורמים,IL,תירוש ענבים,ליטרים,1.00,ליטר,false,0,14.70,14.70,true,1,
7296073109457,false,עוג.ממולאות שוק.שופר300ג,שופרסל,IL,עוגיות ממולאות,גרמים,300.00,100 גרם,false,0,7.50,2.50,true,1,
7296073109464,false,עוג.ממולאות תות שופר300ג,שופרסל,IL,עוגיות ממולאות,גרמים,300.00,100 גרם,false,0,7.50,2.50,true,1,
7296073109822,false,תמר מג'הול 400ג שופרסל,הדיקלאים,IL,תמר מג'הול 400ג,גרמים,400.00,100 גרם,false,0,14.30,3.58,true,1,
7296073112426,false,צמרונים שופרסל 200 יח',שופרסל,IL,מקלוני צמר גפן,יחידה,1.00,יחידה,false,0,5.80,5.80,true,1,
7296073112457,false,קוסקוס חיטה מלא.שופר350ג,אסיף תעשיות מזון,IL,קוסקוס,גרמים,350.00,100 גרם,false,0,5.30,1.51,true,1,
7296073113256,false,חרדל דיז'ון שופרסל 370גר,שופרסל,FR,חרדל דיז'ון,גרמים,370.00,100 גרם,false,0,8.20,2.22,true,1,
7296073113263,false,חרדל צרפתי שופרסל 370גרם,שופרסל,FR,חרדל צרפתי,גרמים,370.00,100 גרם,false,0,6.40,1.73,true,1,
7296073115717,false,סודה לשתיה שופרסל 50 גרם,שופרסל,,סודה לשתיה,גרמים,50.00,100 גרם,false,0,1.90,3.80,true,1,
7296073115724,false,אבקת אפיה שופרסל10*10 גר,שופרסל,IL,אבקת אפיה 10יח,גרמים,100.00,100 גרם,false,0,2.60,2.60,true,1,
7296073115731,false,אבקת סוכר שופרסל 100 גרם,שופרסל,IL,אבקת סוכר,גרמים,100.00,100 גרם,false,0,1.80,1.80,true,1,
7296073115762,false,קורנפלור שופרסל 200 גרם,שופרסל,IL,קורנפלור,גרמים,200.00,100 גרם,false,0,3.30,1.65,true,1,
7296073116769,false,קוקוס טחון שופרסל 100גרם,מיה,IL,קוקוס טחון,גרמים,100.00,100 גרם,false,0,3.70,3.70,true,1,
7296073116783,false,שומשום שופרסל 100 גרם,מיה,IL,שומשום שופרסל,גרמים,100.00,100 גרם,false,0,3.70,3.70,true,1,
7296073116806,false,שמן סויה שופרסל 3 ליטר,שופרסל,,שמן סויה,ליטרים,3.00,ליטר,false,0,19.50,6.50,true,1,
7296073117636,false,זוג כפפות גומי M שופרסל,שופרסל,IL,כפפות גומי,יחידה,1.00,יחידה,false,0,6.10,6.10,true,1,
7296073117643,false,זוג כפפות גומי L שופרסל,שופרסל,CN,כפפות גומי,יחידה,1.00,יחידה,false,0,6.10,6.10,true,1,
7296073120018,false,100 נרות חימום בלוק,שופרסל,IL,נרות חימום,יחידה,1.00,יחידה,false,0,17.40,17.40,true,1,
7296073121176,false,תמר חלאוי 400ג שופרסל,הדיקלאים,IL,תמר חלאוי400גרם,גרמים,400.00,100 גרם,false,0,10.90,2.73,true,1,
7296073121589,false,בייגלה אצבעות שומשום330ג,שופרסל,IL,בייגלה אצבעות,גרמים,330.00,100 גרם,false,0,8.30,2.52,true,1,
7296073122258,false,תערובת אגוזים 200גשופרסל,ששון,IL,תערובת אגוזים,גרמים,200.00,100 גרם,false,0,18.50,9.25,true,1,
7296073122296,false,פסטרמה מסורתית שופר300.ג,שופרסל,IL,פסטרמה מסורתית,גרמים,300.00,100 גרם,false,0,19.40,6.47,true,1,
7296073122333,false,שקדי מרק בשקית שופר400.ג,שופרסל,IL,שקדי מרק בשקית,גרמים,400.00,100 גרם,false,0,5.90,1.48,true,1,
7296073123699,false,מגבונ.לח.ללא בישום 64יח,שופרסל,IL,מגבונים לחים,יחידה,1.00,יחידה,false,0,6.60,6.60,true,1,
7296073123972,false,ניוקי קטנים שופרסל500גרם,שופרסל,IT,ניוקי קטנים,גרמים,500.00,100 גרם,false,0,10.10,2.02,true,1,
7296073124382,false,ספגטיני מספר 3 שופרסל500,שופרסל,IT,ספגטיני מס' 3,גרמים,500.00,100 גרם,false,0,4.10,0.82,true,1,
7296073124399,false,ספגטי מספר 5 שופרסל 500ג,שופרסל,IT,ספגטי מס' 5,גרמים,500.00,100 גרם,false,0,4.10,0.82,true,1,
7296073125310,false,מלפפונ.בחומץ7-9 560ג20%+,שופרסל,IL,מלפפונים בחומץ,גרמים,672.00,100 גרם,false,0,5.30,0.79,true,1,
7296073125327,false,מלפפונים בחומץ10-12 540ג,שופרסל,IL,מלפפונים בחומץ,גרמים,540.00,100 גרם,false,0,6.10,1.13,true,1,
7296073125334,false,מלפפונים בחומץ13-17 540ג,שופרסל,IL,מלפפונים בחומץ,גרמים,540.00,100 גרם,false,0,7.80,1.44,true,1,
7296073125822,false,שמן חמניות שופרסל 1 ליטר,NV AOR,BE,שמן חמניות,ליטרים,1.00,ליטר,false,0,11.00,11.00,true,1,
7296073128250,false,מעדן אוכמניות כחולות284ג,LTD 99 CIMA,BG,מעדן אוכמניות,גרמים,284.00,100 גרם,false,0,12.60,4.44,true,1,
7296073129455,false,פתיתים אורז שופרסל 500גר,אסיף תעשיות מזון,IL,פתיתים אורז,גרמים,500.00,100 גרם,false,0,4.40,0.88,true,1,
7296073129516,false,נר נשמה 24 שעות שופרסל,שופרסל,IL,נר נשמה,יחידה,1.00,יחידה,false,0,2.00,2.00,true,1,
7296073129523,false,נר נשמה שבועי שופרסל,שופרסל,IL,נר נשמה שבועי,יחידה,1.00,יחידה,false,0,9.80,9.80,true,1,
7296073129547,false,קנולה כבישה קרה שופרסל1ל,NV AOR,BE,שמן קנולה,ליטרים,1.00,ליטר,false,0,12.80,12.80,true,1,
7296073132400,false,"מיץ לימון שופרסל 500 מ""ל",סי פרווידר,IT,מיץ לימון,מיליליטרים,500.00,"100 מ""ל",false,0,6.10,1.22,true,1,
7296073132479,false,לבבות דקל שלמים שופר400ג,אינדוסטריה אגריקולה,EC,לבבות דקל שלמים,גרמים,400.00,100 גרם,false,0,8.30,2.08,true,1,
7296073132806,false,חרוזי זיתים שופרסל560גרם,קבוצת יבנה,IL,חרוזי זיתים,גרמים,560.00,100 גרם,false,0,8.00,1.43,true,1,
7296073132820,false,סלק בואקום 500 גרם,שופרסל,XX,סלק בואקום 500ג,גרמים,500.00,100 גרם,false,0,9.00,1.80,true,1,
7296073132950,false,עוגת מאפין וניל שופר400ג,גידרון,IL,עוגת מאפין,גרמים,400.00,100 גרם,false,0,9.80,2.45,true,1,
7296073132974,false,צלחות לבן אלגנט ענק 25 י,.,IL,צלחות ענק,יחידה,1.00,יחידה,false,0,12.70,12.70,true,1,
7296073132998,false,25צלחות קטנות לבן שופרסל,.,IL,צלחות קטנות,יחידה,1.00,יחידה,false,0,6.70,6.70,true,1,
7296073133056,false,צלחות קרם אלגנט ענק 25 י,.,IL,צלחות קרם ענק,יחידה,1.00,יחידה,false,0,12.70,12.70,true,1,
7296073133063,false,צלחות גדולה קרם שופרסל,.,IL,צלחות גדולות,יחידה,1.00,יחידה,false,0,8.40,8.40,true,1,
7296073133070,false,צלחות קטנות קרם שופרסל 2,.,IL,צלחות קטנות,יחידה,1.00,יחידה,false,0,6.70,6.70,true,1,
7296073133131,false,"מלח למדיח שופרסל 2 ק""ג",מלח הארץ אילת,IL,מלח למדיח שופרסל,קילוגרמים,2.00,"ק""ג",false,0,10.60,5.30,true,1,
7296073134534,false,קפה טורקי שופרסל 100 גרם,שופרסל,IL,קפה טורקי שופרסל,גרמים,100.00,100 גרם,false,0,5.00,5.00,true,1,
7296073134541,false,קפה טורקי שופרסל 100*3גר,שופרסל,IL,קפה טורקי 3 יח',גרמים,300.00,100 גרם,false,0,14.10,4.70,true,1,
7296073134930,false,שעועית ארגנטינאית 500גרם,מיה,IL,שעועית ארגנטינאי,גרמים,500.00,100 גרם,false,0,9.60,1.92,true,1,
7296073140801,false,חטיף חלבה וניל שופרסל100,"אחדות בע""מ א.ת. ברקן",IL,חטיף חלבה שופרסל,גרמים,100.00,100 גרם,false,0,2.70,2.70,true,1,
7296073141150,false,שוקולד מריר שוויצרי100ג,שופרסל,CH,שוקולד מריר,גרמים,100.00,100 גרם,false,0,4.70,4.70,true,1,
7296073142041,false,גביעי גלידה שופרסל 24יח',גילרו,IL,גביעי גלידה,גרמים,120.00,100 גרם,false,0,10.10,8.42,true,1,
7296073150435,false,תערובת לעוגה,,,תערובת לעוגה,גרמים,560.00,100 גרם,false,0,8.50,1.52,true,1,
7296073151463,false,פריכיות דקות דל נתרן100ג,שופרסל,IL,פריכיות דקות,גרמים,100.00,100 גרם,false,0,6.30,6.30,true,1,
7296073151470,false,פריכיות קטנות 3דגנים 50ג,שופרסל,IL,פריכיות קטנות,גרמים,50.00,100 גרם,false,0,7.20,14.40,true,1,
7296073151548,false,מלח בישול גס שופרסל 1 קג,מלח הארץ אילת,IL,מלח בישול גס,קילוגרמים,1.00,"ק""ג",false,0,1.77,1.77,true,1,
7296073151555,false,מלח שולחן דק שופרסל 1 קג,מלח הארץ אילת,IL,מלח שולחן דק,קילוגרמים,1.00,"ק""ג",false,0,1.77,1.77,true,1,
7296073153849,false,זוג רדידי אלומינ7.5*0.3מ,שופרסל,IL,זוג רדידי אלומינ,מטרים,15.00,מטר,false,0,10.10,0.67,true,1,
7296073153894,false,ניילון נצמד שופרסל 30*2מ,שופרסל,IL,זוג ניילון נצמד,מטרים,60.00,מטר,false,0,8.30,0.14,true,1,
7296073156604,false,שוק.חלב עם אגוזי לוז100ג,שופרסל,CH,שוקולד+אגוזי לוז,גרמים,100.00,100 גרם,false,0,7.20,7.20,true,1,
7296073156611,false,שוקולד מריר 60% קקאו100ג,שופרסל,,שוקולד מריר 60%,גרמים,100.00,100 גרם,false,0,6.30,6.30,true,1,
7296073156628,false,שוק.מריר+אגוזי לוז 100גר,שופרסל,,שוקולד+אגוזי לוז,גרמים,100.00,100 גרם,false,0,7.20,7.20,true,1,
7296073160663,false,פסטה פוזילי 3 דקות 500 ג,שופרסל,,פסטה פוזילי,גרמים,500.00,100 גרם,false,0,6.00,1.20,true,1,
7296073161493,false,שוק.מריר60%שופרסל 100*2ג,שופרסל,,שוקולד מריר זוג,גרמים,200.00,100 גרם,false,0,12.10,6.05,true,1,
7296073161516,false,שוק.מריר+אגוזים שלמ100*3,שופרסל,,שוקולד אגוז 3 יח,גרמים,300.00,100 גרם,false,0,17.90,5.97,true,1,
7296073161721,false,נייר אפיה שופרסל 50 דפים,שופרסל,NO,נייר אפיה שופרסל,יחידה,1.00,יחידה,false,0,10.60,10.60,true,1,
7296073161783,false,קבוקים שומשום400ג שופרסל,שופרסל,CN,קבוקים עם שומשום,גרמים,400.00,100 גרם,false,0,12.70,3.18,true,1,
7296073162520,false,ברזלית בצלינדר שופרסל6יח,פלסטו פוליש,IL,ברזלית בצלינדר,יחידה,1.00,יחידה,false,0,12.90,12.90,true,1,
7296073169550,false,3 מטליות מיקרופייבר שופר,שופרסל,,מטליות מיקרופיבר,יחידה,1.00,יחידה,false,0,12.60,12.60,true,1,
7296073170143,false,מטליות לניקוי כללי 50יח,שופרסל,,מטליות לחות,יחידה,1.00,יחידה,false,0,8.40,8.40,true,1,
7296073170150,false,דפים למייבש שופרסל 100יח,שופרסל,,דפים למייבש,יחידה,1.00,יחידה,false,0,19.40,19.40,true,1,
7296073170860,false,צ'יפס קלאסי שופרסל 1.5קג,תפוגן,IL,צ'יפס קלאסי,קילוגרמים,1.50,"ק""ג",false,0,23.50,15.67,true,1,
7296073170938,false,44 מגני תחתון לונג +,שופרסל,IL,מגני תחתון,יחידה,1.00,יחידה,false,0,7.60,7.60,true,1,
7296073179412,false,פול ירוק קפוא  800גרם,LTD ALEX COLD,IL,פול ירוק קפוא,גרמים,800.00,100 גרם,false,0,19.40,2.43,true,1,
7296073180265,false,מגבונים נשטפ.לילדים40*3,שופרסל,,מגבונים נשטפים3*,יחידה,1.00,יחידה,false,0,10.10,10.10,true,1,
7296073180449,false,רוטב לפסטה,,,רוטב לפסטה,גרמים,350.00,100 גרם,false,0,8.40,2.40,true,1,
7296073180548,false,אגוז מלך טבעי150ג שופרסל,ששון,IL,א.מלך טבעי קלוף,גרמים,150.00,100 גרם,false,0,12.70,8.47,true,1,
7296073180944,false,מטלית רצפה,,CN,מטלית רצפה,יחידה,1.00,יחידה,false,0,8.40,8.40,true,1,
7296073187363,false,פחם דרום אמריקאי,,PY,פחם דרום אמריקאי,קילוגרמים,2.00,"ק""ג",false,0,12.70,6.35,true,1,
7296073188520,false,נייר סנדביץ,,PL,נייר סנדביץ,יחידה,1.00,יחידה,false,0,11.80,11.80,true,1,
7296073189589,false,פקאן טבעי 200גרם שופרסל,שקרצי,IL,פקאן טבעי 200גרם,גרמים,200.00,100 גרם,false,0,22.10,11.05,true,1,
7296073189671,false,ג.דלעת קלוף 150גרם שופרס,ששון,IL,גרעין דלעת 150ג,גרמים,150.00,100 גרם,false,0,11.70,7.80,true,1,
7296073190783,false,מדליק פחמים,,DE,מדליק פחמים,יחידה,1.00,יחידה,false,0,6.70,6.70,true,1,
7296073191230,false,מפת שולחן פלסטיק,,IL,מפת שולחן פלסטיק,יחידה,1.00,יחידה,false,0,5.10,5.10,true,1,
7296073191261,false,תחתיות ארטישוק שופר390גר,Raal El Conservas,ES,תחתיות ארטישוק,גרמים,390.00,100 גרם,false,0,8.40,2.15,true,1,
7296073195122,false,דייסת אורז שופרסל200גרם,שופרסל,IL,דייסת אורז,גרמים,200.00,100 גרם,false,0,8.40,4.20,true,1,
7296073195894,false,אטריות דקיקות שופרסל400ג,שיבולים בני דרום,IL,אטריות דקיקות,גרמים,400.00,100 גרם,false,0,4.80,1.20,true,1,
7296073195900,false,אטריות דקות שופרסל 400ג,שיבולים בני דרום,IL,אטריות דקות,גרמים,400.00,100 גרם,false,0,4.80,1.20,true,1,
7296073195924,false,אטריות רחבות שופרסל400ג,שיבולים בני דרום,IL,אטריות דקות,גרמים,400.00,100 גרם,false,0,4.80,1.20,true,1,
7296073197461,false,שוקולד חלב 3 יח,,CH,שוקולד חלב 3 יח,גרמים,300.00,100 גרם,false,0,12.70,4.23,true,1,
7296073197478,false,שוקולד מריר 3 יח,,CH,שוקולד מריר 3 יח,גרמים,300.00,100 גרם,false,0,12.70,4.23,true,1,
7296073197652,false,ארוחת אטריות בטעם ירקות,LTD EVERGLORY,CN,ארוחת אטריות,גרמים,65.00,100 גרם,false,0,3.60,5.54,true,1,
7296073197669,false,ארחת אטריות בטעם בקר65ג,LTD EVERGLORY,CN,ארוחת אטריות,גרמים,65.00,100 גרם,false,0,3.60,5.54,true,1,
7296073198314,false,דייסת דגנים מעורבים200ג,שופרסל,IL,דייסת דגנים,גרמים,200.00,100 גרם,false,0,8.40,4.20,true,1,
7296073199014,false,נודלס דק להקפצה 400 גרם,INDUSTRY ANLIDA LONGHAI FUJIAN,CN,נודלס דק להקפצה,גרמים,400.00,100 גרם,false,0,9.80,2.45,true,1,
7296073201410,false,נודלס רחב להקפצה 400ג,פרוצ'אמפ,CN,נודלס רחב להקפצה,גרמים,400.00,100 גרם,false,0,9.80,2.45,true,1,
7296073201434,false,סילאן שופרסל,,IL,סילאן שופרסל,גרמים,900.00,100 גרם,false,0,13.40,1.49,true,1,
7296073204886,false,חטיפי תירס שופרסל 600גרם,תפוגן,IL,חטיפי תירס,גרמים,600.00,100 גרם,false,0,16.10,2.68,true,1,
7296073205081,false,מיונז,,IL,מיונז,גרמים,500.00,100 גרם,false,0,5.90,1.18,true,1,
7296073205111,false,"ניוקי תפו""א",,IT,"ניוקי תפו""א",גרמים,500.00,100 גרם,false,0,11.00,2.20,true,1,
7296073207115,false,מגבונים נשטפים,,IL,מגבונים נשטפים,יחידה,1.00,יחידה,false,0,5.70,5.70,true,1,
7296073209249,false,ספגיות קירצוף 6 יחידות,פלסטו פוליש,IL,ספוגיות קירצוף,יחידה,1.00,יחידה,false,0,4.80,4.80,true,1,
7296073209928,false,בייגלה שטוח,,IL,בייגלה שטוח,גרמים,300.00,100 גרם,false,0,7.60,2.53,true,1,
7296073211624,false,"פילה אמנון ק""ג",שופרסל,CN,פילה אמנון,קילוגרמים,0.00,"ק""ג",true,0,28.10,28.10,true,1,
7296073211969,false,וופל בלגי שופרסל 200 גרם,גילרו,IL,וופל בלגי,גרמים,200.00,100 גרם,false,0,3.90,1.95,true,1,
7296073214113,false,חצאי משמש בסירופ,,CN,חצאי משמש בסירופ,גרמים,820.00,100 גרם,false,0,8.30,1.01,true,1,
7296073214144,false,פלחי אפרסקים,,IL,פלחי אפרסקים,גרמים,312.00,100 גרם,false,0,5.00,1.60,true,1,
7296073215875,false,כמון טחון,,IL,כמון טחון,גרמים,100.00,100 גרם,false,0,7.60,7.60,true,1,
7296073215912,false,קנמון טחון,,IL,קנמון טחון,גרמים,100.00,100 גרם,false,0,6.20,6.20,true,1,
7296073215943,false,אורגנו בשקית,,IL,אורגנו בשקית,גרמים,20.00,100 גרם,false,0,5.10,25.50,true,1,
7296073216001,false,תערובת תיבול עוף,,IL,תערובת תיבול עוף,גרמים,100.00,100 גרם,false,0,6.70,6.70,true,1,
7296073216025,false,תערובת תיבול,,IL,תערובת תיבול,גרמים,100.00,100 גרם,false,0,9.60,9.60,true,1,
7296073216117,false,אבקת קרי,,IL,אבקת קרי,גרמים,100.00,100 גרם,false,0,5.50,5.50,true,1,
7296073216155,false,פלפל שחור,,IL,פלפל שחור,גרמים,40.00,100 גרם,false,0,9.50,23.75,true,1,
7296073216162,false,פלפל שחור,,IL,פלפל שחור,גרמים,100.00,100 גרם,false,0,11.80,11.80,true,1,
7296073216193,false,פלפל שחור,,IL,פלפל שחור,גרמים,90.00,100 גרם,false,0,13.50,15.00,true,1,
7296073216247,false,פפריקה מתוקה,,IL,פפריקה מתוקה,גרמים,100.00,100 גרם,false,0,10.20,10.20,true,1,
7296073216278,false,פפריקה מרוקאית,,IL,פפריקה מרוקאית,גרמים,90.00,100 גרם,false,0,7.80,8.67,true,1,
7296073218159,false,תיבול לקציצות,,IL,תיבול לקציצות,גרמים,100.00,100 גרם,false,0,5.50,5.50,true,1,
7296073218234,false,סוכר חום אורגני,,IL,סוכר חום אורגני,קילוגרמים,1.00,"ק""ג",false,0,10.00,10.00,true,1,
7296073218333,false,פופקורן מופחת,,US,פופקורן מופחת,גרמים,510.00,100 גרם,false,0,12.60,2.47,true,1,
7296073218753,false,פתי בר שופרסל 500 גרם,BV BISCUIT PALLY,NL,פתי בר,גרמים,500.00,100 גרם,false,0,8.40,1.68,true,1,
7296073218920,false,לחם אחיד פרוס שופרסל 750,מאפיית שלמה א. אנג'ל,IL,לחם אחיד פרוס,גרמים,750.00,100 גרם,false,0,5.80,0.77,true,1,
7296073219255,false,קפה נמס,,IL,קפה נמס,גרמים,200.00,100 גרם,false,0,12.70,6.35,true,1,
7296073219262,false,קפה טורקי עם הל,,IL,קפה טורקי עם הל,גרמים,100.00,100 גרם,false,0,5.70,5.70,true,1,
7296073219347,false,לחם אחיד פרוס750ג שופרסל,מאפית ברמן,IL,לחם אחיד פרוס,גרמים,750.00,100 גרם,false,0,5.80,0.77,true,1,
7296073219354,false,משטח לייבוש כלים,,CN,משטח לייבוש כלים,יחידה,1.00,יחידה,false,0,8.30,8.30,true,1,
7296073219576,false,שקיות אשפה,,IL,שקיות אשפה,יחידה,1.00,יחידה,false,0,20.40,20.40,true,1,
7296073219606,false,כדורי דגנים,,IL,כדורי דגנים,גרמים,500.00,100 גרם,false,0,11.80,2.36,true,1,
7296073219675,false,פלפל שחור גרוס,,IL,פלפל שחור גרוס,גרמים,80.00,100 גרם,false,0,9.50,11.88,true,1,
7296073219903,false,ג'לי פטל,,IL,ג'לי פטל,גרמים,85.00,100 גרם,false,0,4.90,5.76,true,1,
7296073219927,false,ג'לי תות,,IL,ג'לי תות,גרמים,85.00,100 גרם,false,0,4.90,5.76,true,1,
7296073220022,false,אבקת קקאו,,IL,אבקת קקאו,גרמים,150.00,100 גרם,false,0,7.20,4.80,true,1,
7296073220176,false,מרשמלו ורוד לבן,,IL,מרשמלו ורוד לבן,גרמים,180.00,100 גרם,false,0,5.30,2.94,true,1,
7296073220183,false,עוגיות שוקוצ'יפס,,DE,עוגיות שוקוצ'יפס,גרמים,225.00,100 גרם,false,0,8.10,3.60,true,1,
7296073220275,false,וופל ט.שוקולד שופרסל500ג,מנעמים,IL,וופל טעם שוקולד,גרמים,500.00,100 גרם,false,0,8.40,1.68,true,1,
7296073220282,false,וופלים ט.לימון שופרסל500,מנעמים,IL,וופל טעם לימון,גרמים,500.00,100 גרם,false,0,8.40,1.68,true,1,
7296073220480,false,מרשמלו מסולסל,,IL,מרשמלו מסולסל,גרמים,180.00,100 גרם,false,0,5.30,2.94,true,1,
7296073221333,false,"מזלג קרם ח""פ 100 יח'",.,IL,"מזלג קרם ח""פ",יחידה,1.00,יחידה,false,0,6.60,6.60,true,1,
7296073221340,false,"סכין קרם ח""פ 100 יח'",.,IL,"סכין קרם ח""פ",יחידה,1.00,יחידה,false,0,6.60,6.60,true,1,
7296073221791,false,וופל בטעם אגוזים 400 גרם,מנעמים,IL,וופל אגוזים,גרמים,400.00,100 גרם,false,0,8.40,2.10,true,1,
7296073222200,false,פסטרמה הודו על גחלים שופ,מעדני יחיעם,IL,פסטרמה הודו,גרמים,300.00,100 גרם,false,0,19.50,6.50,true,1,
7296073222224,false,פסטרמה ברביקיו דק דק140ג,מעדני יחיעם,IL,פסטרמה ברביקיו,גרמים,140.00,100 גרם,false,0,9.80,7.00,true,1,
7296073222231,false,פסטרמה בדבש דק דק 140 גר,מעדני יחיעם,IL,פסטרמה בדבש,גרמים,140.00,100 גרם,false,0,9.80,7.00,true,1,
7296073222248,false,כתף בקר דק דק שופרסל 140,מעדני יחיעם,IL,כתף בקר דק דק,גרמים,140.00,100 גרם,false,0,9.80,7.00,true,1,
7296073222309,false,ג'חנון קפוא שופרסל 650 ג,אופרה,IL,ג'חנון קפוא שופר,גרמים,650.00,100 גרם,false,0,10.90,1.68,true,1,
7296073223061,false,תה ירוק,,LK,תה ירוק,גרמים,37.00,100 גרם,false,0,10.10,27.30,true,1,
7296073223078,false,תה ירוק,,LK,תה ירוק,גרמים,37.00,100 גרם,false,0,10.10,27.30,true,1,
7296073223108,false,תה ארל גריי 25שק,,LK,תה ארל גריי 25שק,גרמים,37.00,100 גרם,false,0,5.00,13.51,true,1,
7296073223115,false,תה קלאסי,,LK,תה קלאסי,גרמים,150.00,100 גרם,false,0,6.70,4.47,true,1,
7296073224068,false,פילה סלמון קפוא שופרסל ק,שופרסל-ייבוא,XX,פילה סלמון קפוא,קילוגרמים,0.00,"ק""ג",true,1,64.00,64.00,true,1,
7296073224228,false,דבש טבעי,,IL,דבש טבעי,קילוגרמים,1.00,"ק""ג",false,0,35.80,35.80,true,1,
7296073224563,false,סלט טחינה שופרסל 400 גרם,סלטי שמיר,IL,סלט טחינה,גרמים,400.00,100 גרם,false,0,7.60,1.90,true,1,
7296073224587,false,כרוב אדום שופרסל 400 גרם,סלטי שמיר,IL,סלט כרוב אדום,גרמים,400.00,100 גרם,false,0,7.60,1.90,true,1,
7296073224600,false,"חומוס שופרסל 1 ק""ג",סלטי שמיר,IL,סלט חומוס,קילוגרמים,1.00,"ק""ג",false,0,9.80,9.80,true,1,
7296073224631,false,"אורז פרסי שופרסל 1 ק""ג",ltd co produce Uthai,TH,אורז פרסי,קילוגרמים,1.00,"ק""ג",false,0,5.80,5.80,true,1,
7296073224778,false,חליטת ורד הבר שופרסל25שק,רפאלס,DE,חליטת ורד הבר,גרמים,62.00,100 גרם,false,0,10.60,17.10,true,1,
7296073224808,false,ג'ל כביסה שופרסל,,IL,ג'ל כביסה שופרסל,יחידה,1.00,יחידה,false,0,14.40,14.40,true,1,
7296073224938,false,פלסטרים,,IL,פלסטרים,יחידה,1.00,יחידה,false,0,8.30,8.30,true,1,
7296073225010,false,ריבועי דגנים+קינמון500גר,פודס,LT,ריבועי דגנים,גרמים,500.00,100 גרם,false,0,11.80,2.36,true,1,
7296073225072,false,לחמניות שופרסל 75*6 גרם,מאפיית שלמה א. אנג'ל,IL,לחמניות 6 יחידות,גרמים,450.00,100 גרם,false,0,8.40,1.87,true,1,
7296073225249,false,ג.חמניה ללא מלח200ג שופר,ששון,IL,גרעין חמנייה,גרמים,200.00,100 גרם,false,0,5.80,2.90,true,1,
7296073225263,false,עוגיות עם שמנת,,IT,עוגיות עם שמנת,גרמים,300.00,100 גרם,false,0,7.60,2.53,true,1,
7296073225270,false,עוגיות בציפוי,,IT,עוגיות בציפוי,גרמים,300.00,100 גרם,false,0,7.60,2.53,true,1,
7296073225287,false,עוגיות חיטה מלאה,,IT,עוגיות חיטה מלאה,גרמים,300.00,100 גרם,false,0,7.60,2.53,true,1,
7296073225454,false,פטל שחור קפוא שופרסל 300,d.o.o Lukowa,YU,פטל שחור קפוא,גרמים,300.00,100 גרם,false,0,14.40,4.80,true,1,
7296073225478,false,פיצה מרגריטה עם זיתים360,SOCICO CON S.R.L AR,IT,פיצה עם זיתים,גרמים,360.00,100 גרם,false,0,14.30,3.97,true,1,
7296073225577,false,"וופל בלגי שוקו.ללת""ס200ג",גילרו,IL,וופל בלגי שוקולד,גרמים,200.00,100 גרם,false,0,6.60,3.30,true,1,
7296073225591,false,אורז בסמטי,,IN,אורז בסמטי,קילוגרמים,1.00,"ק""ג",false,0,11.80,11.80,true,1,
7296073225614,false,חטיפי קרקר,,IT,חטיפי קרקר,גרמים,150.00,100 גרם,false,0,7.50,5.00,true,1,
7296073225720,false,שעועית מש,,IL,שעועית מש,גרמים,500.00,100 גרם,false,0,11.00,2.20,true,1,
7296073225751,false,חציל בטחינה 400 גרם,סלטי שמיר,IL,סלט חציל בטחינה,גרמים,400.00,100 גרם,false,0,7.60,1.90,true,1,
7296073225768,false,סלט מטבוחה שופרסל 400גרם,סלטי שמיר,IL,סלט מטבוחה,גרמים,400.00,100 גרם,false,0,7.60,1.90,true,1,
7296073226154,false,ביסקוויט שוקולד מריר125,.,DE,ביסקוויט מצופה,גרמים,125.00,100 גרם,false,0,7.50,6.00,true,1,
7296073226314,false,חיתולים שופרסל,,IL,חיתולים שופרסל,יחידה,1.00,יחידה,false,0,29.80,29.80,true,1,
7296073226680,false,חט.דגנים שוק.חלב+ביסקויט,back and Snack,IL,חטיף דגנים,גרמים,138.00,100 גרם,false,0,9.30,6.74,true,1,
7296073226963,false,סלט חומוס+גרגרים שופר400,סלטי שמיר,IL,חומוס עם גרגרים,גרמים,400.00,100 גרם,false,0,7.60,1.90,true,1,
7296073226970,false,סלט חומוס+טחינה שופר400ג,סלטי שמיר,IL,חומוס עם טחינה,גרמים,400.00,100 גרם,false,0,7.60,1.90,true,1,
7296073226987,false,סלט חומוס+מסבחה שופר400ג,סלטי שמיר,IL,חומוס עם מסבחה,גרמים,400.00,100 גרם,false,0,7.60,1.90,true,1,
7296073226994,false,סלט חומוס עם חריף 400גרם,סלטי שמיר,IL,חומוס עם חריף,גרמים,400.00,100 גרם,false,0,7.60,1.90,true,1,
7296073227083,false,משקה בטעם תפוח,,IL,משקה בטעם תפוח,ליטרים,1.50,ליטר,false,0,5.30,3.53,true,1,
7296073227090,false,משקה בטעם אפרסק,,IL,משקה בטעם אפרסק,ליטרים,1.50,ליטר,false,0,5.30,3.53,true,1,
7296073229711,false,ג'ל רח.פסיפלורה שופרס750,"טרופיקל דגיל  תעשיות קוסמטיקה בע""מ",IL,ג'ל רחצה,מיליליטרים,750.00,"100 מ""ל",false,0,6.70,0.89,true,1,
7296073229728,false,ג'ל רח. אלוורה שופרסל750,"טרופיקל דגיל  תעשיות קוסמטיקה בע""מ",IL,ג'ל רחצה,מיליליטרים,750.00,"100 מ""ל",false,0,6.70,0.89,true,1,
7296073230052,false,מנקה רצפות דוחה חרקים2ל,קליר כימיקלים,IL,מנקה רצפות,ליטרים,2.00,ליטר,false,0,16.60,8.30,true,1,
7296073230113,false,לפתן פירות בסירופ קל225ג,.,CN,לפתן פירות,גרמים,225.00,100 גרם,false,0,4.70,2.09,true,1,
7296073230465,false,"סכינים ח""פ עבה שקוף50יח'",.,IL,50סכין עבה,יחידה,1.00,יחידה,false,0,7.60,7.60,true,1,
7296073230656,false,מגבות נייר שופרסל 6 גל.,שניב תעשיות נייר,IL,מגבות נייר,מטרים,63.00,מטר,false,0,9.20,0.15,true,1,
7296073230700,false,אקונומיקה מבושמת 4 ליטר,קליר כימיקלים,IL,אקונומיקה מבושמת,ליטרים,4.00,ליטר,false,0,9.80,2.45,true,1,
7296073230731,false,נוזל כלים 24% תפוח 750מל,קליר כימיקלים,IL,נוזל לכלים תפוח,מיליליטרים,750.00,"100 מ""ל",false,0,7.20,0.96,true,1,
7296073230755,false,מיץ ענבים תירוש 1 ליטר,יקבי ירושלים,IL,מיץ ענבים תירוש,ליטרים,1.00,ליטר,false,0,12.30,12.30,true,1,
7296073230816,false,נוזל לכלים 24% לימון750מ,קליר כימיקלים,IL,נוזל לכלים לימון,מיליליטרים,750.00,"100 מ""ל",false,0,7.20,0.96,true,1,
7296073230885,false,גלילי וופל קרם אגוזים100,מנעמים,IL,גלילי וופל,גרמים,100.00,100 גרם,false,1,5.30,5.30,true,1,
7296073230977,false,קרקר+שומש.רוזמ.גרין אורג,נובה אינדסטריה,IT,קרקר שומשום,גרמים,250.00,100 גרם,false,1,11.80,4.72,true,1,
7296073231271,false,מרכ.כביסה ורוד שופרסל 4ל,גליל כימיקלים,IL,מרכך כביסה,ליטרים,4.00,ליטר,false,1,11.00,2.75,true,1,
7296073231547,false,חלב 1% בקרטון שופרסל 1ל,מחלבות רמת הגולן,IL,חלב 1% קרטון 1ל',ליטרים,1.00,ליטר,false,1,4.40,4.40,true,1,
7296073231554,false,חלב 3% בקרטון שופרסל 1ל,מחלבות רמת הגולן,IL,חלב 3% קרטון 1ל',ליטרים,1.00,ליטר,false,1,4.60,4.60,true,1,
7296073231578,false,שוקו בקרטון שופרסל 1 ל',מחלבות רמת הגולן,IL,שוקו קרטון 1ליטר,ליטרים,1.00,ליטר,false,1,6.70,6.70,true,1,
7296073231707,false,"שוקו בשקית שופרסל225 מ""ל",מחלבות רמת הגולן,IL,שוקו בשקית,מיליליטרים,225.00,"100 מ""ל",false,1,1.70,0.76,true,1,
7296073231776,false,חול לחתולים לבנדר 10קג,בנטס בנטוניט,TR,חול לחתולים,קילוגרמים,10.00,"ק""ג",false,1,46.90,4.69,true,1,
7296073232124,false,גב.פרמז'ן קשה27%שופר200ג,.,IT,משולש פרמז'ן,גרמים,200.00,100 גרם,false,1,19.50,9.75,true,1,
7296073232377,false,חלב1% נטול לקטוז גרין1ל,מחלבת רמת-הגולן,IL,חלב נטול לקטוז,ליטרים,1.00,ליטר,false,1,6.70,6.70,true,1,
7296073232384,false,שוקו נטול לקטוז1%גרין1ל,מחלבת רמת-הגולן,IL,שוקו נטול לקטוז,ליטרים,1.00,ליטר,false,1,6.70,6.70,true,1,
7296073232438,false,משקה חלב מועשר 1% 1ליטר,מחלבות רמת הגולן,IL,משקה חלב מועשר1%,ליטרים,1.00,ליטר,false,1,5.90,5.90,true,1,
7296073232636,false,מרגרינה בטעם חמאה 200 גר,בסלר גידה וה קימייה סאן,TR,מרגרינה ט.חמאה,גרמים,200.00,100 גרם,false,1,3.30,1.65,true,1,
7296073232643,false,חטיפי וופל קרם אגוזים150,חברת איבר קקאו,ES,חטיפי וופל,גרמים,150.00,100 גרם,false,1,4.20,2.80,true,1,
7296073234111,false,עוגיות מרוקאיות מקלות600,גידרון,IL,עוגיות מרוקאיות,גרמים,600.00,100 גרם,false,1,11.80,1.97,true,1,
7296073234661,false,חטיף בוטנים שופרסל 25 גר,חטיפי העמק,IL,חטיף בוטנים,גרמים,25.00,100 גרם,false,1,1.60,6.40,true,1,
7296073234692,false,חטיף חיטה בטעם גריל 70ג,מנה,IL,חטיף חיטה גריל,גרמים,70.00,100 גרם,false,1,3.10,4.43,true,1,
7296073234777,false,חטיף תפוחי אדמה 40 גרם,מנה,IL,חטיף תפוחי אדמה,גרמים,40.00,100 גרם,false,1,3.30,8.25,true,1,
7296073235187,false,עוגיות מלוחות אפויות600ג,גידרון,IL,עוגיות מלוחות,גרמים,600.00,100 גרם,false,1,11.80,1.97,true,1,
7296073235774,false,נוזל לניקוי אסלות 1ליטר,קליר כימיקלים,IL,נוזל לאסלות,ליטרים,1.00,ליטר,false,1,4.10,4.10,true,1,
7296073236245,false,"מזלג שקוף עבה ח""פ 100 יח",.,TR,מזלג שקוף עבה,יחידה,1.00,יחידה,false,1,10.90,10.90,true,1,
7296073236269,false,"כף שקוף עבה ח""פ 100 יח",.,TR,כף שקוף עבה,יחידה,1.00,יחידה,false,1,10.90,10.90,true,1,
7296073236290,false,חט.קראנצ+'שוקולד מריר5יח,ויטליה ניקול,MK,חטיפי קראנצ' 5יח,גרמים,210.00,100 גרם,false,1,10.10,4.81,true,1,
7296073236306,false,אקונומיקה סופר מבושמת4ל,קליר כימיקלים,IL,אקונומיקה מבושמת,ליטרים,4.00,ליטר,false,1,10.90,2.73,true,1,
7296073236313,false,ג'ל אקונומיקה שופרסל 4ל,קליר כימיקלים,IL,ג'ל אקונומיקה,ליטרים,4.00,ליטר,false,1,10.90,2.73,true,1,
7296073236603,false,"שמנת לבישול 15% 250 מ""ל",מחלבת רמת-הגולן,IL,שמנת לבישול 15%,מיליליטרים,250.00,"100 מ""ל",false,1,5.70,2.28,true,1,
7296073236900,false,סלט חומוס עם טחינה 400גר,סלטי שמיר,IL,סלט חומס+טחינה,גרמים,400.00,100 גרם,false,1,7.60,1.90,true,1,
7296073237136,false,חט.שוקס ביסקויט שוק.חלב,שקדיה,IL,חטיף שוקולד שוקס,גרמים,70.00,100 גרם,false,1,4.10,5.86,true,1,
7296073237167,false,חט.שוקס קורנפלקס חלב70ג,שקדיה,IL,חטיף שוקס,גרמים,70.00,100 גרם,false,1,4.10,5.86,true,1,
7296073237457,false,תרכובת מזון לתינוק שלב 2,פריגו,US,תרכובת מזון,גרמים,700.00,100 גרם,false,1,34.10,4.87,true,1,
7296073237464,false,תרכובת מזון לתינוק שלב 3,פריגו,US,תרכובת מזון,גרמים,700.00,100 גרם,false,1,34.10,4.87,true,1,
7296073237525,false,קוקטייל פירות בסירופ קל,CANNED QIWWEI LINYI,CN,קוקטייל פירות,גרמים,820.00,100 גרם,false,1,7.60,0.93,true,1,
7296073237662,false,שוק72%. מריר תפוז 100גרם,פריי )שוקולד(,CH,שוקולד מריר תפוז,גרמים,100.00,100 גרם,false,1,9.30,9.30,true,1,
7296073237686,false,שוקולד חלב+אגוזי לוז100ג,פריי )שוקולד(,CH,שוקולד אגוזי לוז,גרמים,100.00,100 גרם,false,1,9.30,9.30,true,1,
7296073237747,false,חמאה הולנדית 200 גרם,SPRL MATHOT,BE,חמאה הולנדית,גרמים,200.00,100 גרם,false,1,5.80,2.90,true,1,
7296073237846,false,"אורז פרסי שופרסל 1 ק""ג",THEPTHUNGATIP,TH,אורז פרסי,קילוגרמים,1.00,"ק""ג",false,1,5.80,5.80,true,1,
7296073237877,false,קפסולות קפה שופרסל זהב,רוני רג'ואן ושות,IL,קפסולות קפה,גרמים,50.00,100 גרם,false,1,13.50,27.00,true,1,
7296073237891,false,קפסולות קפה שופרסל אדום,רוני רג'ואן ושות,IL,קפסולות קפה,גרמים,50.00,100 גרם,false,1,13.50,27.00,true,1,
7296073238119,false,עוגיות ג'פונז שוקו 100גר,מידור,CH,עוגיות ג'פונז,גרמים,100.00,100 גרם,false,1,7.60,7.60,true,1,
7296073238577,false,פינצטה אלחלד ישרה יח,TECHONGGIES TAIKONE,CN,פינצטה אלחלד,יחידה,1.00,יחידה,false,1,17.00,17.00,true,1,
7296073238768,false,קוצץ עם אשפתון יח,TECHONGGIES TAIKONE,CN,קוצץ עם אשפתון,יחידה,1.00,יחידה,false,1,12.70,12.70,true,1,
7296073239079,false,מכשיר פדיקור יח,TECHONGGIES TAIKONE,CN,מכשיר פדיקור,יחידה,1.00,יחידה,false,1,21.20,21.20,true,1,
7296073239109,false,מספריים לגבות יח,TECHONGGIES TAIKONE,CN,מספריים לגבות,יחידה,1.00,יחידה,false,1,34.10,34.10,true,1,
7296073239123,false,אבן בימס צבעונית יח,TECHONGGIES TAIKONE,CN,אבן בימס צבעונית,יחידה,1.00,יחידה,false,1,12.70,12.70,true,1,
7296073239130,false,אבן בימס אפורה יח,TECHONGGIES TAIKONE,CN,אבן בימס אפורה,יחידה,1.00,יחידה,false,1,17.00,17.00,true,1,
7296073239673,false,ספוג קונג'ק לניקוי פנים,TECHONGGIES TAIKONE,CN,ספוג קונג'ק,יחידה,1.00,יחידה,false,1,25.50,25.50,true,1,
7296073239956,false,כוסות אספרסו חד פעמי 50,.,CN,"כוסות אספרסו ח""פ",יחידה,1.00,יחידה,false,1,5.00,5.00,true,1,
7296073239994,false,משקה סויה אורגני גרין 1,ביוסלים,IT,משקה סויה,ליטרים,1.00,ליטר,false,1,10.10,10.10,true,1,
7296073240006,false,משקה סויה שוקו אורגני 1,ביוסלים,IT,משקה סויה שוקו,ליטרים,1.00,ליטר,false,1,10.10,10.10,true,1,
7296073240020,false,משקה אורז אורגני גרין 1,ביוסלים,IT,משקה אורז,ליטרים,1.00,ליטר,false,1,10.10,10.10,true,1,
7296073240044,false,משקה שיבולת שועל אורגני,ביוסלים,IT,משקה שיבולת שועל,ליטרים,1.00,ליטר,false,1,10.10,10.10,true,1,
7296073240846,false,אורז בסמטי מלא אורגני1קג,קוהינו,IN,אורז בסמטי,קילוגרמים,1.00,"ק""ג",false,1,12.70,12.70,true,1,
7296073240853,false,"וופלים שופרסל 1 ק""ג",מנעמים,IL,וופלים,קילוגרמים,1.00,"ק""ג",false,1,14.10,14.10,true,1,
7296073240891,false,מיני מיקס חטיפ.מתוקים380,נאטרא,ES,מיקס חטיפים,גרמים,380.00,100 גרם,false,1,8.40,2.21,true,1,
7296073241102,false,קרואסון מילוי פודינג50*6,מידי,IT,קרואסונים 6 יח,גרמים,300.00,100 גרם,false,1,8.50,2.83,true,1,
7296073241119,false,קרואסונים מילוי שוקולד6י,מידי,IT,קרואסונים 6 יח,גרמים,300.00,100 גרם,false,1,8.50,2.83,true,1,
7296073241133,false,"עוגיות איטלקיות 1 ק""ג",קריק,IT,עוגיות איטלקיות,קילוגרמים,1.00,"ק""ג",false,1,11.00,11.00,true,1,
7296073241324,false,אננס פרוסות 850 גרם,CANNING FRUIT KUIBURI,TH,אננס פרוסות,גרמים,850.00,100 גרם,false,1,8.20,0.96,true,1,
7296073241416,false,פתי בר בטעם שוקו 110 גרם,אפיפית,IL,פתי בר שוקו,גרמים,110.00,100 גרם,false,1,2.90,2.64,true,1,
7296073241423,false,פתי בר בטעם וניל 110 גרם,אפיפית,IL,פתי בר וניל,גרמים,110.00,100 גרם,false,1,2.90,2.64,true,1,
7296073241935,false,נייר טואלט סופר דיל 48גל,שניב,IL,נ.טואלט סופר דיל,מטרים,860.00,100 מטר,false,1,30.60,3.56,true,1,
7296073242284,false,"קרם ידיים שופרסל 100 מ""ל",ש.שוורץ,IL,קרם ידיים שופרסל,מיליליטרים,100.00,"100 מ""ל",false,1,5.00,5.00,true,1,
7296073242314,false,קרם חמצן 6% שופרסל60מ,שופרסל,IL,קרם חמצן,מיליליטרים,60.00,"100 מ""ל",false,1,3.30,5.50,true,1,
7296073242321,false,קרם חמצן 9% שופרסל 60 מל,שופרסל,IL,קרם חמצן,מיליליטרים,60.00,"100 מ""ל",false,1,3.30,5.50,true,1,
7296073242376,false,טונה בשמן צמחי 160*4 גרם,FROZEN UNION THAI,TH,טונה בשמן צמחי,גרמים,640.00,100 גרם,false,1,18.70,2.92,true,1,
7296073242420,false,צמד קליפסים שופרסל 2 יחי,שופרסל,IL,צמד קליפס,יחידה,1.00,יחידה,false,1,11.80,11.80,true,1,
7296073242451,false,קליפס בננה שופרסל,שופרסל,IL,קליפס גדול,יחידה,1.00,יחידה,false,1,8.40,8.40,true,1,
7296073242468,false,קליפס ביבוני שקוף שופרסל,שופרסל,IL,קליפס בינוני,יחידה,1.00,יחידה,false,1,10.10,10.10,true,1,
7296073242574,false,סיכות ראש שחורות,שופרסל,IL,סיכתראש,יחידה,1.00,יחידה,false,1,10.10,10.10,true,1,
7296073242598,false,8 גומיות שופרסל,שופרסל,IL,סט גומיות,יחידה,1.00,יחידה,false,1,7.60,7.60,true,1,
7296073242819,false,מסרק גדול עם ידית,שופרסל,IL,מסרק,יחידה,1.00,יחידה,false,1,8.40,8.40,true,1,
7296073242833,false,מסרק כיס,שופרסל,IL,מסרק,יחידה,1.00,יחידה,false,1,5.00,5.00,true,1,
7296073242932,false,מברשת שיער ילדים,שופרסל,IL,מברשת שיער,יחידה,1.00,יחידה,false,1,17.00,17.00,true,1,
7296073242987,false,מברשת שיער קטנה רחבה,שופרסל,IL,מברשת שיער,יחידה,1.00,יחידה,false,1,21.20,21.20,true,1,
7296073243342,false,עוג.במילוי וניל ל.ג300ג,קופרנט פיינבק ג'י אם בי,DE,עוגיות וניל,גרמים,300.00,100 גרם,false,1,11.80,3.93,true,1,
7296073243359,false,ביצים M שופרסל 12 יחידות,גליקסמן,IL,ביצים 12יחידות M,יחידה,1.00,יחידה,false,1,9.00,9.00,true,1,
7296073243366,false,ביצים L שופרסל 12 יחידות,גליקסמן,IL,ביצים 12 יחידותL,יחידה,1.00,יחידה,false,1,9.75,9.75,true,1,
7296073243663,false,קרואסון מילוי חלב+שוק300,מידי,IT,קרואסון חלב+שוקו,גרמים,300.00,100 גרם,false,1,8.50,2.83,true,1,
7296073243731,false,ריבת חלב שופרסל 400 גרם,מיה,IL,ריבת חלב שופרסל,גרמים,400.00,100 גרם,false,1,11.70,2.93,true,1,
7296073243960,false,מסטיק אייס טי אפרסק 29גר,פריי )שוקולד(,CH,מסטיק אפרסק,גרמים,29.00,100 גרם,false,1,3.60,12.41,true,1,
7296073243977,false,מסטיק תותי פרוטי 29 גרם,פריי )שוקולד(,CH,מסטיק תותי פרוטי,גרמים,29.00,100 גרם,false,1,3.60,12.41,true,1,
7296073243984,false,מסטיק פפרמינט 29 גרם,פריי )שוקולד(,CH,מסטיק פפרמינט,גרמים,29.00,100 גרם,false,1,3.60,12.41,true,1,
7296073243991,false,מסטיק ספירמינט 29 גרם,פריי )שוקולד(,CH,מסטיק ספירמינט,גרמים,29.00,100 גרם,false,1,3.60,12.41,true,1,
7296073244004,false,מסטיק פירות מרענן 29 גרם,פריי )שוקולד(,CH,מסטיק פירות,גרמים,29.00,100 גרם,false,1,3.60,12.41,true,1,
7296073244097,false,רוגעלך בטעם שוקולד 500גר,גידרון,IL,רוגעלך שוקולד,גרמים,500.00,100 גרם,false,1,8.50,1.70,true,1,
7296073244110,false,שנק בטעם שוקולד500גר,גידרון,IL,שנק שוקולד,גרמים,500.00,100 גרם,false,1,8.50,1.70,true,1,
7296073244233,false,100צלחת אמריקאית קטן לבן,.,IL,צלחות קטנות,יחידה,1.00,יחידה,false,1,17.00,17.00,true,1,
7296073244868,false,"5 סכיני גילוח ח""פ לגברים",שופרסל,IL,סכיני גילוח גבר,יחידה,1.00,יחידה,false,1,10.10,10.10,true,1,
7296073245452,false,מסטיק פפרמינט 64 גרם,פריי )שוקולד(,CH,מסטיק פפרמינט,גרמים,64.00,100 גרם,false,1,5.90,9.22,true,1,
7296073245469,false,מסטיק ספירמינט 64 גרם,פריי )שוקולד(,CH,מסטיק ספירמינט,גרמים,64.00,100 גרם,false,1,5.90,9.22,true,1,
7296073245476,false,מסטיק פירות מרענן 64 גרם,פריי )שוקולד(,CH,מסטיק פירות,גרמים,64.00,100 גרם,false,1,5.90,9.22,true,1,
7296073246022,false,כפפות ויניל ללא אבקה M,אינטרסן,CN,כפפות ויניל,יחידה,1.00,יחידה,false,1,16.10,16.10,true,1,
7296073246039,false,כפפות ויניל ללא אבקה L,אינטרסן,CN,כפפות ויניל,יחידה,1.00,יחידה,false,1,16.10,16.10,true,1,
7296073246046,false,כפפות ויניל ללא אבקה XL,אינטרסן,CN,כפפות ויניל,יחידה,1.00,יחידה,false,1,16.10,16.10,true,1,
7296073246923,false,קמח קוקוס אורגני גרין1קג,נרה קוקולנד,LK,קמח קוקוס,קילוגרמים,1.00,"ק""ג",false,1,20.40,20.40,true,1,
7296073247463,false,חונקי כמרים מצונן 300גרם,מאפיי,IT,פסטה מצוננת,גרמים,300.00,100 גרם,false,1,7.60,2.53,true,1,
7296073247494,false,רביולי גבינה ותרד 300 גר,פסטה נונה,IL,רביולי גבינה תרד,גרמים,300.00,100 גרם,false,1,11.80,3.93,true,1,
7296073247500,false,רביולי גבינה 300 גרם,פסטה נונה,IL,רביולי גבינה,גרמים,300.00,100 גרם,false,1,11.80,3.93,true,1,
7296073247517,false,רביולי בטטה 300 גרם,פסטה נונה,IL,רביולי בטטה,גרמים,300.00,100 גרם,false,1,11.80,3.93,true,1,
7296073247524,false,רביולי גבינה ופטריות300ג,פסטה נונה,IL,רביולי גבינה,גרמים,300.00,100 גרם,false,1,11.80,3.93,true,1,
7296073249160,false,דאו.סטיק לגבר שופרסל 80,שופרסל,IL,דאודורנט סטיק,מיליליטרים,80.00,"100 מ""ל",false,1,10.10,12.63,true,1,
7296073249177,false,קרם לאחר גילוח שופרסל150,שופרסל,IL,קרם לאר גילוח,מיליליטרים,150.00,"100 מ""ל",false,1,10.10,6.73,true,1,
7296073249504,false,תיק איפור מנוקד קטן,TECHONGGIES TAIKONE,CN,תיק איפור,יחידה,1.00,יחידה,false,1,17.00,17.00,true,1,
7296073254133,false,"שמן זית פרימיום 750 מ""ל",אליעד בית בד בגולן,IL,שמן זית פרימיום,מיליליטרים,750.00,"100 מ""ל",false,1,25.50,3.40,true,1,
7296073254164,false,דג.בוקר נוגט גרין ל.ג375,נייס פוד,IT,דגני בוקר נוגט,גרמים,375.00,100 גרם,false,1,17.00,4.53,true,1,
7296073254287,false,"אל סבון  כחול 3 500* מ""ל",שופרסל,IL,אל סבון נוזלי,מיליליטרים,1500.00,"100 מ""ל",false,1,7.60,0.51,true,1,
7296073254522,false,אל סבון יסמין שופרסל 1 ל,אס קפקס קימיה,IL,אל סבון שופרסל,ליטרים,1.00,ליטר,false,1,10.10,10.10,true,1,
7296073255499,false,אל סבון לבנדר שופרסל 1 ל,אס קפקס קימיה,IL,אל סבון שופרסל,ליטרים,1.00,ליטר,false,1,10.10,10.10,true,1,
7296073255710,false,אל סבון  קמומיל שופרסל1ל,אס קפקס קימיה,IL,אל סבון שופרסל,ליטרים,1.00,ליטר,false,1,10.10,10.10,true,1,
7296073258902,false,קפסולות נ.קופאין ירוק50ג,רוני רג'ואן ושות,IL,קפסולות קפה,גרמים,50.00,100 גרם,false,1,13.50,27.00,true,1,
7296073259886,false,שוקולד חלב יוגורט תות100,אלפיה,DE,שוקולד חלב,גרמים,100.00,100 גרם,false,1,5.00,5.00,true,1,
7296073259893,false,שוקולד חלב עם עדשים100ג,אלפיה,DE,שוקולד חלב,גרמים,100.00,100 גרם,false,1,5.00,5.00,true,1,
7296073259909,false,שוקולד חלב+פיצפוצים100ג,אלפיה,DE,שוקולד חלב,גרמים,100.00,100 גרם,false,1,5.00,5.00,true,1,
7296073259916,false,שוקו.חלב שברי עוגיות100ג,אלפיה,DE,שוקולד חלב,גרמים,100.00,100 גרם,false,1,5.00,5.00,true,1,
7296073260332,false,מברשת הפלא להתרת קשרים *,שופרסל,IL,מברשת שיער,יחידה,1.00,יחידה,false,1,29.80,29.80,true,1,
7296073260998,false,גבינת צהובה 28% 400 גרם,MEKOVITA,PL,גבינה צהובה 28%,גרמים,400.00,100 גרם,false,1,14.10,3.53,true,1,
7296073262008,false,עוגות אישיות קרם שוקו350,קסליני,IT,עוגות אישיות,גרמים,350.00,100 גרם,false,1,8.50,2.43,true,1,
7296073262015,false,עוגות אישיות קרם חלב350ג,קסליני,IT,עוגות אישיות,גרמים,350.00,100 גרם,false,1,8.50,2.43,true,1,
7296073262152,false,גרעיני תירס מתוק 340גרם,סזאטמרי קונזרוגיאר,HU,גרעיני תירס מתוק,גרמים,340.00,100 גרם,false,1,5.00,1.47,true,1,
7296073262831,false,דבש עם מזון מלכות 350ג,מכוורת עמק חפר,IL,דבש + מזון מלכות,גרמים,350.00,100 גרם,false,1,21.20,6.06,true,1,
7296073262930,false,פסטה קלמרטה 400 גרם,ברוטו,IT,פסטה קלמרטה,גרמים,400.00,100 גרם,false,1,6.70,1.68,true,1,
7296073262985,false,גרנולה טריפל שוקולד 400ג,בריגן,DE,גרנולה פרימיום,גרמים,400.00,100 גרם,false,1,15.30,3.83,true,1,
7296073262992,false,סירופ מייפל פרימיום250מל,.,CA,סירופ מייפל 100%,מיליליטרים,250.00,"100 מ""ל",false,1,28.10,11.24,true,1,
7296073263470,false,אוש פלאו 550 גרם,סי.אי.פי מבוא חורון,IL,אוש פלאו,גרמים,550.00,100 גרם,false,1,12.70,2.31,true,1,
7296073263883,false,עוג.שקדים תפוז מצופה100ג,מידור,CH,עוגיות פרימיום,גרמים,100.00,100 גרם,false,1,7.60,7.60,true,1,
7296073263890,false,עוג.מילוי קוקוס מצופה100,מידור,CH,עוגיות פרימיום,גרמים,100.00,100 גרם,false,1,7.60,7.60,true,1,
7296073265108,false,אצבעות שוקולד קרם חלב100,ברוני,DE,אצבעות שוקולד,גרמים,100.00,100 גרם,false,1,5.50,5.50,true,1,
7296073265115,false,אצבעות שוקולד קרם תות100,ברוני,DE,אצבעות שוקולד,גרמים,100.00,100 גרם,false,1,5.50,5.50,true,1,
7296073265283,false,מש.סויה מועשר וניל גרין1,מחלבת רמת-הגולן,IL,משקה סויה וניל,ליטרים,1.00,ליטר,false,1,7.20,7.20,true,1,
7296073265290,false,משקה סויה מועשר גרין 1 ל,מחלבת רמת-הגולן,IL,משקה סויה,ליטרים,1.00,ליטר,false,1,7.20,7.20,true,1,
7296073265320,false,ניוקי מצונן 300 גרם,מאפיי,IT,ניוקי מצונן,גרמים,300.00,100 גרם,false,1,7.60,2.53,true,1,
7296073265344,false,חלב נטול לקטוז3%גרין 1ל,מחלבת רמת-הגולן,IL,חלב נטול לקטוז,ליטרים,1.00,ליטר,false,1,7.20,7.20,true,1,
7296073265627,false,סוכ.גומי נחשים שופרסל100,טרולי,ES,סוכריות גומי,גרמים,100.00,100 גרם,false,1,4.70,4.70,true,1,
7296073265634,false,סוכ.גומי קולה שופרסל100ג,טרולי,ES,סוכריות גומי,גרמים,100.00,100 גרם,false,1,4.70,4.70,true,1,
7296073265641,false,סוכ.גומי דובים שופרסל100,טרולי,ES,סוכריות גומי,גרמים,100.00,100 גרם,false,1,4.70,4.70,true,1,
7296073265801,false,קמח תופח פרימיום 750גרם,מ.ק. מולינס דה קלינבטינג,LU,קמח תופח פרימיום,גרמים,750.00,100 גרם,false,1,6.70,0.89,true,1,
7296073266761,false,שמן זית כתית מעולה 750מל,י.ט.ב תעשיות מזון,IL,שמן זית כתית,מיליליטרים,750.00,"100 מ""ל",false,1,23.80,3.17,true,1,
7296073267065,false,"מסיר שומנים 750 מ""ל",קומפלקס כימיקלים,IL,מסיר שומנים,מיליליטרים,750.00,"100 מ""ל",false,1,7.60,1.01,true,1,
7296073270812,false,64 מגבונים לחים שופרסל,דינמיק,IL,מגבונים לחים,יחידה,1.00,יחידה,false,1,6.60,6.60,true,1,
7296073272441,false,רוטב אלף האיים שופרסל450,מיטב,IL,רוטב אלף האיים,מיליליטרים,450.00,"100 מ""ל",false,1,8.40,1.87,true,1,
7296073272458,false,רוטב אלף האיים לייט450מל,מיטב,IL,רוטב אלף האיים,מיליליטרים,450.00,"100 מ""ל",false,1,8.40,1.87,true,1,
7296073272472,false,רוטב שום לייט שופרסל450מ,מיטב,IL,רוטב שום לייט,מיליליטרים,450.00,"100 מ""ל",false,1,8.40,1.87,true,1,
7296073272489,false,רוטב ויניגרט שופרסל450מל,מיטב,IL,רוטב ויניגרט,מיליליטרים,450.00,"100 מ""ל",false,1,8.40,1.87,true,1,
7296073273196,false,קציצות ברוטב עגבניות620ג,סי.אי.פי מבוא חורון,IL,קציצות ברוטב,גרמים,620.00,100 גרם,false,1,21.20,3.42,true,1,
7296073273202,false,גולש בקר שופרסל 600 גרם,סי.אי.פי מבוא חורון,IL,גולש בקר,גרמים,600.00,100 גרם,false,1,21.20,3.53,true,1,
7296073273219,false,ספגטי בלונז שופרסל 520 ג,סי.אי.פי מבוא חורון,IL,ספגטי בלונז,גרמים,520.00,100 גרם,false,1,21.20,4.08,true,1,
7296155151787,false,כף אשפה מתקפל פטנט,.,IL,כף אשפה פטנט,יחידה,1.00,יחידה,false,1,12.70,12.70,true,1,
7501013132052,false,נקטר אפרסק,,MX,נקטר אפרסק,ליטרים,1.00,ליטר,false,0,11.20,11.20,true,1,
7501064191466,false,בירה קורונה 6 יח,,,בירה קורונה 6 יח,ליטרים,2.13,ליטר,false,0,42.60,20.00,true,1,
7613031467969,false,קפסולות אייס קפוצ'ינו216,נסטלה,GB,קפסולות קפוצ'ינו,גרמים,216.00,100 גרם,false,1,24.70,11.44,true,1,
7613032045753,false,דגנ.בוקר פיטנס שוקולד375,נסטלה,FR,פיטנס שוקולד,גרמים,375.00,100 גרם,false,0,14.40,3.84,true,1,
7613032416157,false,דגני פיטנס שקדים ודבש355,נסטלה,FR,דגני פיטנס שקדים,גרמים,355.00,100 גרם,false,0,14.40,4.06,true,1,
7613033539169,false,מחית תפוח עץ שלב 3 190 ג,נסטלה,PL,מחית שלב 3 מטרנה,גרמים,190.00,100 גרם,false,0,5.80,3.05,true,1,
7613033539206,false,מחית ירקות שלב 2 130 גרם,נסטלה,PL,מחית שלב 2 מטרנה,גרמים,130.00,100 גרם,false,0,5.80,4.46,true,1,
7613033539749,false,מחית תפוח בננה שלב3 190ג,נסטלה,PL,מחית שלב 3 מטרנה,גרמים,190.00,100 גרם,false,0,5.80,3.05,true,1,
7613033548192,false,פיטנס שוקולד מריר 375גרם,נסטלה,FR,פיטנס שוקולד,גרמים,375.00,100 גרם,false,0,14.40,3.84,true,1,
7613033691843,false,מרק עגבניות שלב 3 190ג,נסטלה,PL,מרק שלב 3 מטרנה,גרמים,190.00,100 גרם,false,1,5.90,3.11,true,1,
7613033692185,false,מחית תפוח בננה דגנים190ג,נסטלה,PL,מחית שלב 3 מטרנה,גרמים,190.00,100 גרם,false,0,5.80,3.05,true,1,
7613034792785,false,מולטי צ'יריוס 565 גרם,סי.פי אנגליה,GB,מולטי צ'יריוס,גרמים,565.00,100 גרם,false,0,22.10,3.91,true,1,
7617014149293,false,קפסולות קפה,,,קפסולות קפה,גרמים,96.00,100 גרם,false,0,21.30,22.19,true,1,
7617014149385,false,קפסולות קפה,,,קפסולות קפה,גרמים,96.00,100 גרם,false,0,21.30,22.19,true,1,
7617014153634,false,קפסולות קפה,,CH,קפסולות קפה,גרמים,96.00,100 גרם,false,0,21.30,22.19,true,1,
7622010001858,false,עוג.אוראו קרם וניל 176ג,מונדלייז,CZ,עוגיות אוראו,גרמים,176.00,100 גרם,false,1,8.70,4.94,true,1,
7622201050757,false,שוקולד מילקה קרמל 100גרם,מונדלייז,DE,שוקולד מילקה,גרמים,100.00,100 גרם,false,0,4.20,4.20,true,1,
7622210137234,false,עוג.אוראו דאבל ק.וניל170,מונדלייז,ES,עוגיות אוראו,גרמים,170.00,100 גרם,false,1,9.30,5.47,true,1,
7622300356767,false,עוג.שוקולד צ'יפס מילק168,מונדלייז,PL,עוגיות שוקוצ'יפס,גרמים,168.00,100 גרם,false,0,6.70,3.99,true,1,
7622300617820,false,שוקולד מילקה אוראו 100 ג,מונדלייז,DE,שוקולד מילקה,גרמים,100.00,100 גרם,false,0,4.20,4.20,true,1,
7622300772314,false,עוגיות אוראו 66 גרם,מונדלייז,ES,עוגיות אוראו,גרמים,66.00,100 גרם,false,0,3.80,5.76,true,1,
7622400005190,false,שוקולד מילקה חום לבן100ג,מונדלייז,DE,שוקולד מילקה,גרמים,100.00,100 גרם,false,0,4.20,4.20,true,1,
7622400958809,false,קפה אספרסו ג'קובס 500גרם,מונדלייז,AT,קפה אספרסו,גרמים,500.00,100 גרם,false,0,41.60,8.32,true,1,
7702018089741,false,ג'ל גילוח פיוז'ן+לחות200,פרוקטר & גמבל,GB,ג'ל גילוח פיוז'ן,מיליליטרים,200.00,"100 מ""ל",false,0,24.90,12.45,true,1,
7702018397990,false,מכשיר פרוגלייד 6+ סכינים,פרוקטר & גמבל,IL,מכשיר פרוגלייד,יחידה,1.00,יחידה,false,1,97.40,97.40,true,1,
7702018401147,false,סכיני ונוס סווירל 4 יח',פרוקטר & גמבל,IL,סכיני ונוס 4 יח,יחידה,1.00,יחידה,false,1,59.70,59.70,true,1,
7702018420131,false,6סכיני גילוח פיוז'ן+ידית,פרוקטר & גמבל,IL,סכיני גילוח,יחידה,1.00,יחידה,false,1,93.10,93.10,true,1,
7702018421237,false,מכשיר פרוגלייד 6+ סכינים,פרוקטר & גמבל,IL,מכשיר פרוגלייד,יחידה,1.00,יחידה,false,1,97.40,97.40,true,1,
7702018872749,false,ג'ל גילוח פיוז'ן רגיש200,פרוקטר & גמבל,GB,ג'ל גילוח פיוז'ן,מיליליטרים,200.00,"100 מ""ל",false,0,24.90,12.45,true,1,
7702018872770,false,ג'ל ג.פיוז'ן זיפ.קשים200,פרוקטר & גמבל,GB,ג'ל גילוח פיוז'ן,מיליליטרים,200.00,"100 מ""ל",false,0,24.90,12.45,true,1,
7702018978106,false,"דאו.קליר ג'ל A.L 70 מ""ל",פרוקטר & גמבל,CZ,דאו.קליר ג'ל,מיליליטרים,70.00,"100 מ""ל",false,0,17.00,24.29,true,1,
7702024065821,false,ביסקוויט פיטנס+צימוק22*6,נסטלה,CO,ביסקוויט פיטנס,גרמים,132.00,100 גרם,false,1,10.10,7.65,true,1,
7702174068826,false,ללקן יוגטה טעם פירות216ג,אלדור,CO,לקקן יוגטה פירות,גרמים,216.00,100 גרם,false,0,6.70,3.10,true,1,
7702174068833,false,יוגטה אייס קרים בשקית216,אלדור,CO,לקקן יוגטה,גרמים,216.00,100 גרם,false,0,6.70,3.10,true,1,
7804414000860,false,"דון חוליו קברנה 750 מ""ל",צ'ילה לואיס פיליפה אדוארדס,CL,דון חוליו קברנה,מיליליטרים,750.00,"100 מ""ל",false,0,21.20,2.83,true,1,
7891024030974,false,משחת קולגייט טריפל אקש75,קולגייט-פלמוליב,PL,משחת שיניים,מיליליטרים,75.00,"100 מ""ל",false,1,6.70,8.93,true,1,
7891024100363,false,קולגייט סנסיטיב פרו רליף,קולגייט-פלמוליב,BR,משחת קולגייט,מיליליטרים,75.00,"100 מ""ל",false,0,12.70,16.93,true,1,
7891024124826,false,קולגייט אופטיק וייט 75מל,קולגייט-פלמוליב,IL,משחת קולגייט,מיליליטרים,75.00,"100 מ""ל",false,0,15.30,20.40,true,1,
7891024179482,false,מי פה קולגייט אופטיק500מ,קולגייט-פלמוליב,IL,מי פה קולגייט,מיליליטרים,500.00,"100 מ""ל",false,0,17.00,3.40,true,1,
8000380004966,false,ופלים קואדרטיני קקאו250ג,לואקר,IT,ופל קואדרטיני,גרמים,250.00,100 גרם,false,0,10.10,4.04,true,1,
8000380007219,false,ופלים לואקר ט.אגוזים175ג,לואקר,IT,ופלים לואקר,גרמים,175.00,100 גרם,false,0,10.80,6.17,true,1,
8000380142484,false,וופל קואדרטיני מריר250גר,לואקר,IT,וופל קואדרטיני,גרמים,250.00,100 גרם,false,0,10.10,4.04,true,1,
8000380153534,false,טורטינה שוקולד לבן 125גר,לואקר,IT,טורטינה לבן,גרמים,125.00,100 גרם,false,0,15.80,12.64,true,1,
8000380156832,false,שוקולד לואקר קרם קקאו87ג,לואקר,IT,שוקולד לואקר,גרמים,87.00,100 גרם,false,0,8.30,9.54,true,1,
8000380156856,false,שוקולד לואקר לבן 87 גרם,לואקר,IT,שוקולד לואקר,גרמים,87.00,100 גרם,false,0,8.30,9.54,true,1,
8000380180745,false,ופל קואדרטיני שוק/חלב250,לואקר,AT,וופל קואדרטיני,גרמים,250.00,100 גרם,false,1,10.10,4.04,true,1,
8000392303200,false,מברשת כלים דו צדדית,המברשת רוחמה,IL,מברשת כלים,יחידה,1.00,יחידה,false,0,11.50,11.50,true,1,
8000500029350,false,קינדר בואנו 43*3 גרם,פררו - אלבה,IT,קינדר בואנו,גרמים,129.00,100 גרם,false,0,8.50,6.59,true,1,
8000500071083,false,שוקולד קינדר 200 גרם,פררו - אלבה,IT,שוקולד חלב קינדר,גרמים,200.00,100 גרם,false,0,11.80,5.90,true,1,
8000500075708,false,ביצי קינדר ג'וי כחול20*3,פררו - אלבה,PL,קינדר ג'וי כחול,גרמים,60.00,100 גרם,false,0,13.20,22.00,true,1,
8000500121436,false,קינדר בואנו לבן 39*3 גרם,פררו - אלבה,PL,קינדר בואנו לבן,גרמים,117.00,100 גרם,false,0,8.50,7.26,true,1,
8000500126325,false,ביצי קינדר ג'וי ורוד20*3,פררו - אלבה,PL,קינדר ג'וי ורוד,גרמים,60.00,100 גרם,false,0,13.20,22.00,true,1,
8000500172810,false,סוכ.טיק טק תות שדה4יח16*,פררו - אלבה,EC,טיק טק תות שדה,גרמים,64.00,100 גרם,false,0,10.20,15.94,true,1,
8000510261511,false,ביסקויט בטעם לימון 100גר,לזרוני,IT,ביסקויט ט.לימון,גרמים,100.00,100 גרם,false,1,6.70,6.70,true,1,
8001090184375,false,פיירי לכלים אוריגינל 900,פרוקטר & גמבל,GB,פיירי לכלים,מיליליטרים,900.00,"100 מ""ל",false,1,10.60,1.18,true,1,
8001420005608,false,אורז איטלקי 3 דגנים400ג,ריזו גאלו,IT,אורז איטלקי,גרמים,400.00,100 גרם,false,1,11.00,2.75,true,1,
8001943543458,false,ביצי שוקולד צ'וקטה20*3 ג,ואל קור קורסניני,IT,ביצי שוקולד 3 יח,גרמים,60.00,100 גרם,false,1,8.40,14.00,true,1,
8002450204009,false,"ורדי אפרסק 750 מ""ל",בוסקה,IT,ורדי אפרסק,מיליליטרים,750.00,"100 מ""ל",false,0,21.20,2.83,true,1,
8004030044005,false,טונה ריו בשמן זית 160גרם,בולטון,IT,טונה בשמן זית,גרמים,160.00,100 גרם,false,0,12.70,7.94,true,1,
8004030081024,false,טונה בשמן זית ופלפל160גר,בולטון,IT,טונה בשמן זית,גרמים,160.00,100 גרם,false,0,12.70,7.94,true,1,
8004030860001,false,אנסלטיסמה קוסקוס+טונה160,בולטון,IT,קוסקוס עם טונה,גרמים,160.00,100 גרם,false,1,8.50,5.31,true,1,
8005110551215,false,רוטב לפיצה 400 גרם,מוטי,IT,רוטב לפיצה,גרמים,400.00,100 גרם,false,1,8.40,2.10,true,1,
8005120211956,false,שזיף חצי מיובש 200גרם,NOBERASCO,IT,שזיף חצי מיובש,גרמים,200.00,100 גרם,false,1,16.10,8.05,true,1,
8005200036561,false,נסטי מוגז בטעם אפרסק1.5ל,סן-פלגרינו,IT,נסטי מוגז אפרסק,ליטרים,1.50,ליטר,false,1,6.70,4.47,true,1,
8005200536528,false,נסטי מנגו אננס 1.5 ליטר,סן-פלגרינו,IT,נסטי מנגו אננס,ליטרים,1.50,ליטר,false,0,6.70,4.47,true,1,
8005803010357,false,גריסיני קלאסי 125 גרם,הוסטה איטליה,IT,גריסיני קלאסי,גרמים,125.00,100 גרם,false,1,7.60,6.08,true,1,
8017128301270,false,יעה פס גומי,המברשת רוחמה,IL,יעה פס גומי,יחידה,1.00,יחידה,false,0,5.80,5.80,true,1,
8032880800243,false,פיקניק הפתעה 50 גרם,הוסטה,IT,פיקניק הפתעה,גרמים,50.00,100 גרם,false,0,4.20,8.40,true,1,
8076800195019,false,ספגטי מס' 1 קפליני500גרם,ברילה,IT,ספגטי ברילה,גרמים,500.00,100 גרם,false,0,6.70,1.34,true,1,
8076800195033,false,ספגטיני מס' 3 500 גרם,ברילה,IT,ספגטיני מס' 3,גרמים,500.00,100 גרם,false,0,6.70,1.34,true,1,
8076800195057,false,ספגטיני מס' 5 ברילה500גר,ברילה,IT,ספגטי מס 5 ברילה,גרמים,500.00,100 גרם,false,0,6.70,1.34,true,1,
8076808060654,false,פסטה פרפלה מס65' 500 גרם,ברילה,IL,פסטה פרפלה ברילה,גרמים,500.00,100 גרם,false,0,6.70,1.34,true,1,
8076808150072,false,ספגטי מס' 7 500 גרם,ברילה,IT,ספגטי ברילה,גרמים,500.00,100 גרם,false,0,6.70,1.34,true,1,
8076809513692,false,רוטב לפסטה נפוליטנה400גר,ברילה,IT,רוטב לפסטה,גרמים,400.00,100 גרם,false,0,13.50,3.38,true,1,
8076809537100,false,פתיתים סלנטני ברילה500ג,ברילה,IT,פתיתים סלנטיני,גרמים,500.00,100 גרם,false,0,6.70,1.34,true,1,
8076809545440,false,אטריות ל.גלוטן ברילה400ג,ברילה,IT,אטריות ללא גלוטן,גרמים,400.00,100 גרם,false,1,9.30,2.33,true,1,
8410104039134,false,"פיניש לניקוי מדיח 250מ""ל",רקיט בנקיזר,PL,פיניש ניקוי מדיח,מיליליטרים,250.00,"100 מ""ל",false,0,8.50,3.40,true,1,
8410104133092,false,"קלגון 1 ק""ג",רקיט בנקיזר,PL,"קלגון אבקה 1 ק""ג",קילוגרמים,1.00,"ק""ג",false,0,27.20,27.20,true,1,
8410644120118,false,קאווה חצי יבש,,IL,קאווה חצי יבש,מיליליטרים,750.00,"100 מ""ל",false,0,25.30,3.37,true,1,
8411061341605,false,קרולינה הררה,,ES,קרולינה הררה,מיליליטרים,100.00,"100 מ""ל",false,0,212.80,212.80,true,1,
8411277350118,false,קאווה ג'ום,,ES,קאווה ג'ום,מיליליטרים,750.00,"100 מ""ל",false,0,25.50,3.40,true,1,
8423207206495,false,סלים דליס שוקולד מריר6י,סלים דליס,ES,חטיפי דגנים מרבה,גרמים,120.00,100 גרם,false,0,8.50,7.08,true,1,
8594012822511,false,"בירה פאקה פרמן 500 מ""ל",שופרסל-ייבוא,CZ,בירה פאקא פרמן,מיליליטרים,500.00,"100 מ""ל",false,0,6.70,1.34,true,1,
8594012822610,false,פאקא פרמן כהה,,CZ,פאקא פרמן כהה,מיליליטרים,500.00,"100 מ""ל",false,0,6.70,1.34,true,1,
8690327511727,false,"בירה קייזר 500 מ""ל","פורמן ס.א. בע""מ",PL,בירה קייזר,מיליליטרים,500.00,"100 מ""ל",false,1,5.80,1.16,true,1,
8690572774588,false,שמפו גליס היילורון 400מל,הובי קוסמטיקס,TR,שמפו גליס,מיליליטרים,400.00,"100 מ""ל",false,1,19.50,4.88,true,1,
8690572775684,false,שמפו גליס לשיער צבוע650מ,הובי קוסמטיקס,TR,שמפו גליס,מיליליטרים,650.00,"100 מ""ל",false,1,12.70,1.95,true,1,
8690572775691,false,שמפו גליס אויל אלקסר650מ,הובי קוסמטיקס,TR,שמפו גליס,מיליליטרים,650.00,"100 מ""ל",false,1,12.70,1.95,true,1,
8690572775707,false,"שמפו גליס לשיקום650 מ""ל",הובי קוסמטיקס,TR,שמפו גליס,מיליליטרים,650.00,"100 מ""ל",false,1,12.70,1.95,true,1,
8690572775714,false,שמפו גליס אולטימייט650מ,הובי קוסמטיקס,TR,שמפו גליס,מיליליטרים,650.00,"100 מ""ל",false,1,12.70,1.95,true,1,
8690637041143,false,מרכך דאב לשיער פגום 400מ,יוניליוור,TR,מרכך דאב,מיליליטרים,400.00,"100 מ""ל",false,0,8.50,2.13,true,1,
8690637073373,false,תה ליפטון ארל גריי 25שק',יוניליוור,TR,תה ארל גריי 25שק,גרמים,50.00,100 גרם,false,0,8.30,16.60,true,1,
8690637073496,false,חליטת ליפטון קמומיל20שק',יוניליוור,TR,חליטת ליפטון,גרמים,30.00,100 גרם,false,0,10.60,35.33,true,1,
8690637620751,false,דאו.דאב מן קלין קומפור50,יוניליוור,IL,דאודורנט דאב מן,מיליליטרים,50.00,"100 מ""ל",false,1,11.80,23.60,true,1,
8690637631009,false,אקס בודי ספריי אפולו 150,יוניליוור,IL,אקס בודי ספריי,מיליליטרים,150.00,"100 מ""ל",false,0,11.80,7.87,true,1,
8690637682551,false,בדין אקסטרה שחור960מל,יוניליוור,IL,בדין אקסטרה,מיליליטרים,960.00,"100 מ""ל",false,0,12.80,1.33,true,1,
8690777206051,false,חציל קלוי,,TR,חציל קלוי,גרמים,650.00,100 גרם,false,0,12.30,1.89,true,1,
8690784211802,false,גלייד אירוסול לבנדר 300מ,vaill aerosol coster,TR,גלייד מטהר אוויר,מיליליטרים,300.00,"100 מ""ל",false,0,9.20,3.07,true,1,
8690784211901,false,גלייד מטהר אוויר 300 מל,vaill aerosol coster,TR,גלייד מטהר אוויר,מיליליטרים,300.00,"100 מ""ל",false,0,9.20,3.07,true,1,
8690784817110,false,גלייד לבנדר מילוי 269מל,vaill aerosol coster,TR,גלייד מילוי,מיליליטרים,269.00,"100 מ""ל",false,1,12.70,4.72,true,1,
8693323003906,false,ג'לי בצורת דובנים 250,סאאדת,IL,ג'לי דובונים,גרמים,250.00,100 גרם,false,0,6.70,2.68,true,1,
8693495037853,false,קולגייט 2מברשת סלים סופט,קולגייט-פלמוליב,CN,2 מברשות קולגייט,יחידה,1.00,יחידה,false,0,21.20,21.20,true,1,
8697420502072,false,מיץ רימונים,,IL,מיץ רימונים,ליטרים,1.00,ליטר,false,0,15.50,15.50,true,1,
8697530910781,false,פאל מאל אדום חפיסה,bat,TR,פאל מאל,יחידה,1.00,יחידה,false,0,29.00,29.00,false,1,
8710502064814,false,עוג.שוקוציפס מרקם רך175ג,מרבה,NL,עוגיות מרבה,גרמים,175.00,100 גרם,false,1,6.70,3.83,true,1,
8710502405204,false,עוג.מרבה ממולאות שוקו175,מרבה,NL,עוגיות מרבה,גרמים,175.00,100 גרם,false,0,6.70,3.83,true,1,
8710502470028,false,עוג.שוקוצ'יפס נוגטלי160ג,מרבה,NL,עוגיות שוקוצ'יפס,גרמים,160.00,100 גרם,false,0,6.70,4.19,true,1,
8710908148293,false,אקס ספריי בלאק נייט 150מ,יוניליוור,GB,אקס ספריי גוף,מיליליטרים,150.00,"100 מ""ל",false,1,11.80,7.87,true,1,
8710908181962,false,שמפו טרזמה מראה טבעי 500,יוניליוור,IL,שמפו טרזמה,מיליליטרים,500.00,"100 מ""ל",false,1,19.50,3.90,true,1,
8710908182198,false,מרכך טרזמה מראה טבעי 500,יוניליוור,IL,מרכך טרזמה,מיליליטרים,500.00,"100 מ""ל",false,1,19.50,3.90,true,1,
8711700633987,false,שמפו טרזמה עם קרטין 500,יוניליוור,IL,שמפו טרזמה,מיליליטרים,500.00,"100 מ""ל",false,1,19.50,3.90,true,1,
8711700665834,false,סבון מוצק דאב 100*6 גרם,יוניליוור,IL,סבון דאב שישייה,גרמים,600.00,100 גרם,false,0,11.80,1.97,true,1,
8712000030575,false,"בירה הייניקן בקבוק330מ""ל",גרייטר אלטסטטן,NL,בירה הייניקן,מיליליטרים,330.00,"100 מ""ל",false,1,7.70,2.33,true,1,
8712561594240,false,תח.רחצה דאב הזנה עמוק500,יוניליוור,DE,תחליב רחצה דאב,מיליליטרים,500.00,"100 מ""ל",false,1,16.70,3.34,true,1,
8712561594608,false,תח.רחצה להזנה עמוקה 750מ,יוניליוור,DE,תחליב רחצה דאב,מיליליטרים,750.00,"100 מ""ל",false,1,11.80,1.57,true,1,
8712561611411,false,תח.רחצה דאב תה ירוק 750מ,יוניליוור,DE,תחליב רחצה דאב,מיליליטרים,750.00,"100 מ""ל",false,1,11.80,1.57,true,1,
8712561626286,false,תחליב רחצה דאב זוהר 750מ,יוניליוור,DE,תחליב רחצה דאב,מיליליטרים,750.00,"100 מ""ל",false,1,11.80,1.57,true,1,
8712561646116,false,תחליב רחצה דאב פיסטוק750,יוניליוור,DE,תחליב רחצה דאב,מיליליטרים,750.00,"100 מ""ל",false,1,11.80,1.57,true,1,
8712561981156,false,תחליב גוף דאב גודנס 200,יוניליוור,IL,תחליב גוף דאב,מיליליטרים,200.00,"100 מ""ל",false,1,22.90,11.45,true,1,
8712561981583,false,תחליב גוף דאב ויטליטי200,יוניליוור,IL,תחליב גוף דאב,מיליליטרים,200.00,"100 מ""ל",false,1,22.90,11.45,true,1,
8714599513781,false,קפה נמס ג'קובס גולד 200ג,ג'יי.די.אי.,RU,קפה נמס ג'קובס,גרמים,200.00,100 גרם,false,1,25.50,12.75,true,1,
8714599513835,false,קפה ג'קובס נט.קופאין200ג,*ג'יי.די.אי,RU,קפה ג'קובס נטול,גרמים,200.00,100 גרם,false,1,36.60,18.30,true,1,
8714599513866,false,קפה נמס ג'קובס קרוננג200,ג'יי.די.אי.,RU,קפה נמס ג'קובס,גרמים,200.00,100 גרם,false,1,23.80,11.90,true,1,
8714789218465,false,2 מברשות קולגייט סופט,קולגייט-פלמוליב,CN,2 מברשות שיניים,יחידה,1.00,יחידה,false,0,34.90,34.90,true,1,
8714789473970,false,קולגייט טוטל אדוונס 100מ,קולגייט-פלמוליב,PL,קולגייט טוטל אדוונס 100מ,מיליליטרים,100.00,"100 מ""ל",false,0,11.00,11.00,true,1,
8714789529561,false,קולגייט פרו ריליף+הלבנ75,קולגייט-פלמוליב,BR,משחת קולגייט,מיליליטרים,75.00,"100 מ""ל",false,0,12.70,16.93,true,1,
8714789552897,false,קולגייט טוטל אדוונס 100מ,קולגייט-פלמוליב,PL,משחת קולגייט,מיליליטרים,100.00,"100 מ""ל",false,0,11.00,11.00,true,1,
8714789767413,false,קולגייט פרו קליניקלC200,קולגייט-פלמוליב,IL,מברשת חשמלית,יחידה,1.00,יחידה,false,0,296.50,296.50,true,1,
8714789861852,false,קולגייט מקס פרש קלין100מ,קולגייט-פלמוליב,PL,משחת קולגייט,מיליליטרים,100.00,"100 מ""ל",false,1,19.10,19.10,true,1,
8715700419732,false,מתבל עגבניות היינץ700גרם,היינץ,NL,מתבל עגבניות,גרמים,700.00,100 גרם,false,0,8.50,1.21,true,1,
8717163559802,false,דאב קרם גוף לעור יבש 400,יוניליוור,DE,דאב קרם גוף,מיליליטרים,400.00,"100 מ""ל",false,0,21.20,5.30,true,1,
8718951093331,false,2 מברשות מרידול סופט,UAB FOODS CERERA,CH,זוג מברשות מרידו,יחידה,1.00,יחידה,false,1,30.30,30.30,true,1,
8722700001225,false,תה פרמידה מנגו אפרסק20שק,יוניליוור,BE,תה פרמידה,גרמים,36.00,100 גרם,false,0,13.60,37.78,true,1,
8723400756552,false,מנטוס ריינבאו 37.50ג4*יח,פרפטי ואן מלה ברדה,NL,מנטוס ריינבאו,גרמים,148.00,100 גרם,false,0,8.50,5.74,true,1,
8723400776901,false,סוכ.מנטוס פופינס פירות50,פרפטי ואן מלה,NL,סוכריות מנטוס,גרמים,50.00,100 גרם,false,1,4.70,9.40,true,1,
8723400776918,false,סוכ.מנטוס פופינס חמוץ50ג,פרפטי ואן מלה,NL,סוכריות מנטוס,גרמים,50.00,100 גרם,false,1,4.70,9.40,true,1,
8801055706440,false,טסטרס צ'ויס טו גו 36 גרם,נסטלה,KR,קפה טסטרס צ'וייס,גרמים,36.00,100 גרם,false,0,9.90,27.50,true,1,
8801055706976,false,נסקפה קפוצ'ינו וניל185ג,נסטלה,KR,קפוצ'ינו וניל,גרמים,185.00,100 גרם,false,0,18.00,9.73,true,1,
8801055707188,false,נסקפה קפוצ'ינו אגוזים180,נסטלה,KR,נס קפה קפוצ'ינו,גרמים,180.00,100 גרם,false,0,18.00,10.00,true,1,
8850389105832,false,סאפה אלוורה תפוחים 1ליטר,FOOD GENERAL SAPANAN,TH,סאפה תפוחים,ליטרים,1.00,ליטר,false,0,8.40,8.40,true,1,
8850389105849,false,סאפה אלוורה אפרסק 1 ליטר,FOOD GENERAL SAPANAN,TH,סאפה אפרסק,ליטרים,1.00,ליטר,false,0,8.40,8.40,true,1,
8851613101385,false,חלב קוקוס,,TR,חלב קוקוס,מיליליטרים,500.00,"100 מ""ל",false,0,8.50,1.70,true,1,
8857101301008,false,רוטב צ'ילי,,TH,רוטב צ'ילי,מיליליטרים,700.00,"100 מ""ל",false,0,8.70,1.24,true,1,
8888021200256,false,שמינית סוללות AA,אנרג'ייזר,US,שמינית סוללות,יחידה,1.00,יחידה,false,0,25.40,25.40,true,1,
8992760221028,false,עוגיות אוראו 137 גרם,מונדלייז,ID,עוגיות אוראו,גרמים,137.00,100 גרם,false,1,6.70,4.89,true,1,
9001616203626,false,מאמ פטמות FAST FOLW,.,HU,מאמ פטמות,יחידה,1.00,יחידה,false,0,25.00,25.00,true,1,
9120025835256,false,עוגות אישיות טעם קקאו420,טי.אס.סי. פוד פרודקטס,AT,עוגות אישיות,גרמים,420.00,100 גרם,false,1,12.70,3.02,true,1,
9310072028743,false,טים טם אורגינל 200 גרם,ספץ תעשיות,AU,טים טם אורגינל,גרמים,200.00,100 גרם,false,1,13.50,6.75,true,1,
9720188060108,false,ממרח טופו בטעם טבעי340גר,משק צוריאל תבור,US,ממרח טופו בטעם טבעי340גר,גרמים,340.00,100 גרם,false,0,17.00,5.00,true,1,
