code,internal_code,name,manufacturer_name,manufacture_country,manufacturer_item_description,unit_qty,quantity,unit_of_measure,weighted,qty_in_package,price,unit_of_measure_price,allow_discount,status,item_id
498096,true,לחמניה פריכה ברמן 7,מאפית י את א ברמן בע,,לחמניה פריכה 75 ג,גרמים,75.00,100 גרם,false,1,1.40,1.8667,true,1,49597
498157,true,לחמנה שמיניה כפולה,מאפית י את א ברמן בע,,לחמניה שמיניה כפולה,גרמים,120.00,100 גרם,false,1,2.00,1.6667,true,1,49598
498362,true,לבן ברמן 750 גרם,,,לחם לבן 750 גרם,גרמים,750.00,100 גרם,false,1,4.80,0.6400,true,1,41416
2037132,true,חלה מתוקה מעודנת ודש,מאפית י את א ברמן בע,,חלה מתוקה מעודנת 500 גרם,גרמים,500.00,100 גרם,false,1,10.90,2.1800,true,1,46492
4685270,true,לחמניה אובלית חיטה 1,,,לחמניה אובלית חיטה 180 גרם,גרמים,180.00,100 גרם,false,1,3.90,2.1667,true,1,53069
54051140,false,מארז מעדן סויה וניל,אלפרו,BE,מארז מעדן סויה וניל,גרמים,500.00,100 גרם,false,,15.90,3.1800,true,1,56629
54051157,false,מארז מעדן סויה שוקול,אלפרו,BE,מארז מעדן סויה שוקול,גרמים,500.00,100 גרם,false,,15.90,3.1800,true,1,70082
72940754,false,מילקי וניל 133 גרם,שטראוס,IL,מילקי וניל 133 גרם,גרמים,133.00,100 גרם,false,,2.80,2.1053,true,1,37057
72940761,false,מילקי שוקולד 133 גרם,שטראוס,IL,מילקי שוקולד 133 גרם,מיליליטרים,133.00,"100 מ""ל",false,,2.80,2.1053,true,1,37058
72940952,false,מילקי אקסטרה קצפת 17,שטראוס,IL,מילקי אקסטרה קצפת 17,מיליליטרים,170.00,"100 מ""ל",false,,3.50,2.0588,true,1,37059
72945308,false,קוביות שמרים טריים ש,פאקא תעשיות בעמ,IL,קוביות שמרים טריים ש,גרמים,50.00,100 גרם,false,,2.90,5.8000,true,1,37061
72961209,false,שמנית חמוצה 15% תנוב,תנובה מרכז שיתופי לש,IL,שמנית חמוצה 15% תנוב,מיליליטרים,200.00,"100 מ""ל",false,,2.40,1.2000,true,1,37081
72961223,false,"גיל תנובה 200 מ""ל",תנובה מרכז שיתופי לש,IL,"גיל תנובה 200 מ""ל",מיליליטרים,200.00,"100 מ""ל",false,,1.50,0.7500,true,1,37083
72961520,false,פרילי אננס 125 גרם,תנובה מרכז שיתופי לש,IL,פרילי אננס 125 גרם,מיליליטרים,125.00,"100 מ""ל",false,,2.90,2.3200,true,1,37093
72986370,false,גלידת שמנת בן אנד גר,מוצרי איכות אמריקאיי,IL,גלידת שמנת בן אנד גר,מיליליטרים,500.00,"100 מ""ל",false,,17.50,3.5000,true,1,88953
72986424,false,גלידת שמנת בן אנד גר,מוצרי איכות אמריקאיי,IL,גלידת שמנת בן אנד גר,מיליליטרים,500.00,"100 מ""ל",false,,17.50,3.5000,true,1,88955
72989425,false,גלידת שמנת בן אנד גר,מוצרי איכות אמריקאיי,IL,גלידת שמנת בן אנד גר,מיליליטרים,500.00,"100 מ""ל",false,,17.50,3.5000,true,1,91460
72991886,false,גלידת שמנת בן אנד גר,מוצרי איכות אמריקאיי,IL,גלידת שמנת בן אנד גר,מיליליטרים,500.00,"100 מ""ל",false,,17.50,3.5000,true,1,88956
80773429,false,מסטיק מנטוס צנצנת בט,פרפטי ואן מלה ברדה,NL,מסטיק מנטוס צנצנת בט,גרמים,60.00,100 גרם,false,,8.90,14.8333,true,1,88807
80773443,false,מסטיק מנטוס ספרמנט ב,פרפטי ואן מלה ברדה,NL,מסטיק מנטוס ספרמנט ב,גרמים,60.00,100 גרם,false,,8.90,14.8333,true,1,84909
80790990,false,מסטיק מנטוס בבלפרש ב,פרפטי ואן מלה ברדה,NL,מסטיק מנטוס בבלפרש ב,גרמים,60.00,100 גרם,false,,8.90,14.8333,true,1,84908
80843184,false,מסטיק מנטוס פיור פרש,פרפטי ואן מלה ברדה,TR,מסטיק מנטוס פיור פרש,גרמים,60.00,100 גרם,false,,8.90,14.8333,true,1,104347
80864295,false,מסטיק מנטוס פיור ווי,פרפטי ואן מלה ברדה,TR,מסטיק מנטוס פיור ווי,גרמים,60.00,100 גרם,false,,8.90,14.8333,true,1,104345
80896081,false,מסטיק מנטוס צנצנת בט,פרפטי ואן מלה ברדה,TR,מסטיק מנטוס צנצנת בט,גרמים,60.00,100 גרם,false,,8.90,14.8333,true,1,89656
80913467,false,מסטיק מנטוס מנטה בבק,פרפטי ואן מלה ברדה,NL,מסטיק מנטוס מנטה בבק,גרמים,60.00,100 גרם,false,,8.90,14.8333,true,1,84910
80979128,false,מסטיק מנטוס פיור פרש,פרפטי ואן מלה ברדה,TR,מסטיק מנטוס פיור פרש,גרמים,60.00,100 גרם,false,,8.90,14.8333,true,1,104348
80986348,false,מסטיק מנטוס פיור ווי,פרפטי ואן מלה ברדה,TR,מסטיק מנטוס פיור ווי,גרמים,64.00,100 גרם,false,,8.90,13.9063,true,1,104349
80995128,false,מסטיק מנטוס צנצנת בט,פרפטי ואן מלה ברדה,TR,מסטיק מנטוס צנצנת בט,גרמים,60.00,100 גרם,false,,8.90,14.8333,true,1,110162
87108651,false,מנטוס מנטה 4 יח,פרפטי ואן מלה ברדה,NL,מנטוס מנטה 4 יח,גרמים,150.00,100 גרם,false,,9.90,6.6000,true,1,37931
87108712,false,מנטוס טעם פירות 4 יח,פרפטי ואן מלה ברדה,NL,מנטוס טעם פירות 4 יח,גרמים,150.00,100 גרם,false,,9.90,6.6000,true,1,37932
10700450166,false,ג'ולי ראנצר בייטס בט,,,ג'ולי ראנצר בייטס בט,גרמים,184.00,100 גרם,false,,19.90,10.8152,true,1,105306
10700529831,false,ג'ולי ראנצר בייטס בט,,,ג'ולי ראנצר בייטס בט,גרמים,226.00,100 גרם,false,,19.90,8.8053,true,1,105307
11210000155,false,רוטב טבסקו אדום 150,ניצן,US,רוטב טבסקו אדום 150,מיליליטרים,150.00,"100 מ""ל",false,,17.90,11.9333,true,1,88299
11210002500,false,רוטב טבסקו באפלו 150,גבינות עמיר ניצן,US,רוטב טבסקו באפלו 150,מיליליטרים,150.00,"100 מ""ל",false,,17.90,11.9333,true,1,64029
11210007352,false,רוטב טבסקו שום 150 מ,ניצן,US,רוטב טבסקו שום 150 מ,מיליליטרים,150.00,"100 מ""ל",false,,17.90,11.9333,true,1,96144
11210007703,false,רוטב טבסקו צ'יפוטלי,ניצן,US,רוטב טבסקו צ'יפוטלי,מיליליטרים,150.00,"100 מ""ל",false,,17.90,11.9333,true,1,96145
11210009219,false,רוטב טבסקו ירוק 150,ניצן,US,רוטב טבסקו ירוק 150,מיליליטרים,150.00,"100 מ""ל",false,,17.90,11.9333,true,1,96146
11210698055,false,רוטב סרירצ'ה טבסקו 5,ניצן,US,רוטב סרירצ'ה טבסקו 5,גרמים,566.00,100 גרם,false,,24.90,4.3993,true,1,88298
11274000290,false,קרים ציז 30% 227 גרם,,,גבינת קרים ציז 227 גרם,גרמים,227.00,100 גרם,false,1,24.90,10.9692,true,1,81656
16000185517,false,דגני בוקר פייבר וואן,גנרל מילס,US,דגני בוקר פייבר וואן,גרמים,555.00,100 גרם,false,,24.90,4.4865,true,1,104992
16000292819,false,מארז נייטשר ואלי ש.ש,גנרל מילס,ES,מארז נייטשר ואלי ש.ש,גרמים,252.00,100 גרם,false,,11.90,4.7222,true,1,108355
18000701223,false,תערובת לעוגת שוקולד,פוליבה,IL,תערובת לעוגת שוקולד,גרמים,500.00,100 גרם,false,,15.90,3.1800,true,1,30568
18000703494,false,תערובת לעוגת וניל 50,פוליבה,IL,תערובת לעוגת וניל 50,גרמים,500.00,100 גרם,false,,15.90,3.1800,true,1,30569
18000703517,false,תערובת לעוגת שיש פרו,פוליבה,IL,תערובת לעוגת שיש פרו,גרמים,550.00,100 גרם,false,,15.90,2.8909,true,1,30570
18176785508,false,שוקולד טורינו חלב 10,שוקולה קמיל בלוך,CH,שוקולד טורינו חלב 10,גרמים,100.00,100 גרם,false,,9.90,9.9000,true,1,30599
21248165894,false,תערובת תבלינים לבייג,קוסקו הולסייל,US,תערובת תבלינים לבייג,גרמים,326.00,100 גרם,false,,34.90,10.7055,true,1,101348
21723339994,false,רוטב דגים מזרח ומערב,טאנג סאנג ראר קי,TH,רוטב דגים מזרח ומערב,מיליליטרים,300.00,"100 מ""ל",false,,9.50,3.1667,true,1,95062
21859046155,false,דגני בוקר טבעות דגני,KEMOCH FOOD,US,דגני בוקר טבעות דגני,גרמים,425.00,100 גרם,false,,24.90,5.8588,true,1,108007
21859046209,false,דגני בוקר קירספי ריי,KEMOCH FOOD,US,דגני בוקר קירספי ריי,גרמים,369.00,100 גרם,false,,24.90,6.7480,true,1,92887
21859046254,false,דגני בוקר טבעות בטעם,פוסט לקיוויל,US,דגני בוקר טבעות בטעם,גרמים,425.00,100 גרם,false,,22.90,5.3882,true,1,98469
21859046308,false,דגני בוקר קינמון קמח,KEMOCH FOOD,US,דגני בוקר קינמון קמח,גרמים,346.00,100 גרם,false,,24.90,7.1965,true,1,92884
22200956932,false,דאו גל ספיד סטיק כחו,קולגייט פלמוליב,BY,דאו גל ספיד סטיק כחו,גרמים,85.00,100 גרם,false,,18.90,22.2353,true,1,63622
25675015050,false,פריכיות אורז פשקס 14,RACIO S.R.O.,CZ,פריכיות אורז פשקס 14,גרמים,140.00,100 גרם,false,,5.90,4.2143,true,1,38755
25675015159,false,פריכיות חיטה מלאה פש,RACIO S.R.O.,IL,פריכיות חיטה מלאה פש,גרמים,155.00,100 גרם,false,,5.90,3.8065,true,1,38757
25675015289,false,פריכיות דגנים פשקס 1,RACIO S.R.O.,IL,פריכיות דגנים פשקס 1,גרמים,140.00,100 גרם,false,,5.90,4.2143,true,1,38758
25675015357,false,פריכיות כוסמין פשקס,RACIO S.R.O.,CZ,פריכיות כוסמין פשקס,גרמים,155.00,100 גרם,false,,5.90,3.8065,true,1,38760
25675094703,false,לקקן טופי דובדבן פשק,DORI ALIMENTOS LTDA,NL,לקקן טופי דובדבן פשק,גרמים,540.00,100 גרם,false,,15.90,2.9444,true,1,43018
25675094710,false,לקקן טופי יוגורט פשק,DORI ALIMENTOS LTDA,NL,לקקן טופי יוגורט פשק,גרמים,540.00,100 גרם,false,,15.90,2.9444,true,1,63280
25675094727,false,לקקן טופי תות 50 יח,DORI ALIMENTOS LTDA,NL,לקקן טופי תות 50 יח,גרמים,540.00,100 גרם,false,,15.90,2.9444,true,1,43019
25675094741,false,לקקן טופי פטל פשקס 5,DORI ALIMENTOS LTDA,NL,לקקן טופי פטל פשקס 5,גרמים,540.00,100 גרם,false,,15.90,2.9444,true,1,43017
25675124912,false,נאטי צ'ויס שוקולד בו,JUSTBORN,US,נאטי צ'ויס שוקולד בו,גרמים,280.00,100 גרם,false,,23.90,8.5357,true,1,108949
25675705654,false,בצל מטוגן פריך שקית,TOP TASTE B.V.,NL,בצל מטוגן פריך שקית,גרמים,400.00,100 גרם,false,,11.90,2.9750,true,1,72836
25675950313,false,סוכריות אודלס פשקס ב,ג'ודילינג פודס קומפנ,CN,סוכריות אודלס פשקס ב,גרמים,224.00,100 גרם,false,,9.90,4.4196,true,1,78592
25675950351,false,סוכריות אודלס פשקס ב,ג'ודילינג פודס קומפנ,CN,סוכריות אודלס פשקס ב,גרמים,224.00,100 גרם,false,,9.90,4.4196,true,1,78593
25675950382,false,סוכריות אודלס פשקס ב,ג'ודילינג פודס קומפנ,CN,סוכריות אודלס פשקס ב,גרמים,224.00,100 גרם,false,,9.90,4.4196,true,1,78594
26638002643,true,גבינה מוצרלה מגורד,אנדרסון אינטנשיונל,,גבינת מוצרלה מגורדת 170 גרם,גרמים,170.00,100 גרם,false,1,28.90,17.0000,true,1,81599
34000544028,false,טוויזלרס ממתק בטעם ת,הרשי שוקולד,US,טוויזלרס ממתק בטעם ת,גרמים,198.00,100 גרם,false,,6.90,3.4848,true,1,59598
34000544431,false,טוויזלרס ממתק בטעם ד,הרשי שוקולד,US,טוויזלרס ממתק בטעם ד,גרמים,170.00,100 גרם,false,,6.90,4.0588,true,1,105330
35000458476,false,מברשת קולגייט ילדים,קולגייט פלמוליב,VN,מברשת קולגייט ילדים,Unknown,0.00,יחידה,false,,17.90,0.0000,true,1,91438
37600207188,false,חמאת בוטנים קלאסי סק,סקיפי,US,חמאת בוטנים קלאסי סק,גרמים,462.00,100 גרם,false,,17.90,3.8745,true,1,101886
37600207256,false,חמאת בוטנים עם שברי,סקיפי,US,חמאת בוטנים עם שברי,גרמים,462.00,100 גרם,false,,17.90,3.8745,true,1,101887
38000232183,false,פרינגלס אורגינל 149,פרינגלס,US,פרינגלס אורגינל 149,גרמים,149.00,100 גרם,false,,7.90,5.3020,true,1,95001
40232885518,false,מארז אוכמניות,אראל תוצרת חקלאית בע,IL,מארז אוכמניות,Unknown,0.00,יחידה,false,,9.90,0.0000,true,1,84173
41390001451,false,רוטב סויה קיקומן 1.2,קיקומן פודז אינק,US,רוטב סויה קיקומן 1.2,קילוגרמים,1.20,ליטר,false,,29.90,24.9167,true,1,108954
43427000130,false,פריכיות אורז מצופות,KCP,PL,פריכיות אורז מצופות,גרמים,90.00,100 גרם,false,,8.90,9.8889,true,1,94550
43427000581,false,מחית דובדבנים לייט ל,בורנייט פודס,US,מחית דובדבנים לייט ל,גרמים,567.00,100 גרם,false,,24.90,4.3915,true,1,92950
43427001496,false,רוטב ספייסי מיו ליבר,באיו,TH,רוטב ספייסי מיו ליבר,גרמים,451.00,100 גרם,false,,19.90,4.4124,true,1,98131
43427004619,false,רוטב ברווז חמוץ מתוק,ווברס קומפני,US,רוטב ברווז חמוץ מתוק,גרמים,793.00,100 גרם,false,,19.90,2.5095,true,1,69032
43427007559,false,מלפפון חמוץ קטן ליבר,ליברס,US,מלפפון חמוץ קטן ליבר,גרמים,670.00,100 גרם,false,,17.90,2.6716,true,1,109383
43427007801,false,רוטב סרירצ'ה ליברס 4,ליברס,US,רוטב סרירצ'ה ליברס 4,גרמים,454.00,100 גרם,false,,19.90,4.3833,true,1,90477
43427019002,false,"רסק תפו""ע ללא סוכר ל",בורנייט פודס,US,"רסק תפו""ע ללא סוכר ל",פריט,1.30,"ק""ג",false,,18.90,14.5385,true,1,101334
43427022378,false,תערובת לקניידלך ליבר,אימפריאל פודס אינק,US,תערובת לקניידלך ליבר,גרמים,125.00,100 גרם,false,,7.90,6.3200,true,1,99347
43427030328,false,עוגיות מיני חיות חצי,פרימרט,PL,עוגיות מיני חיות חצי,גרמים,290.00,100 גרם,false,,7.90,2.7241,true,1,104207
43427101332,false,סירופ תירס ליברס 340,סי ברייז,US,סירופ תירס ליברס 340,גרמים,340.00,100 גרם,false,,14.90,4.3824,true,1,99820
43427111102,false,סוכריות כפתורים חמוץ,סנרייז,US,סוכריות כפתורים חמוץ,גרמים,56.00,100 גרם,false,,12.90,23.0357,true,1,99821
43427111898,false,מלפפון חמוץ קטן מאוד,ליברס,US,מלפפון חמוץ קטן מאוד,גרמים,670.00,100 גרם,false,,17.90,2.6716,true,1,109384
43427130479,false,קרקר מלוח מופחת שומן,ביי ואלי פודס,US,קרקר מלוח מופחת שומן,גרמים,354.00,100 גרם,false,,21.90,6.1864,true,1,105304
43427130516,false,קרקר מלוח ליברס 388,ביי ואלי פודס,US,קרקר מלוח ליברס 388,גרמים,388.00,100 גרם,false,,21.90,5.6443,true,1,93827
43427160407,false,מחית דובדבנים לפאי ל,בורנייט פודס,US,מחית דובדבנים לפאי ל,גרמים,595.00,100 גרם,false,,24.90,4.1849,true,1,71062
43427160414,false,מחית אוכמניות לפאי ל,בורנייט פודס,US,מחית אוכמניות לפאי ל,גרמים,595.00,100 גרם,false,,29.90,5.0252,true,1,108011
43427180016,false,"רסק תפו""ע ללא סוכר ל",בורנייט פודס,US,"רסק תפו""ע ללא סוכר ל",גרמים,678.00,100 גרם,false,,16.90,2.4926,true,1,98049
43427181143,false,חטיף צ'יפס תירס ליבר,בלומס,US,חטיף צ'יפס תירס ליבר,גרמים,312.00,100 גרם,false,,12.90,4.1346,true,1,96864
43427181150,false,חטיף צ'יפס תירס ברבי,בלומס,US,חטיף צ'יפס תירס ברבי,גרמים,312.00,100 גרם,false,,12.90,4.1346,true,1,96863
43427182034,false,בייגלה ביס ליברס 340,בנזל פוד,US,בייגלה ביס ליברס 340,גרמים,340.00,100 גרם,false,,10.90,3.2059,true,1,108848
43427182119,false,בייגלה צמות ליברס 34,בנזל פוד,US,בייגלה צמות ליברס 34,גרמים,340.00,100 גרם,false,,10.90,3.2059,true,1,108847
43427189002,false,"רסק תפו""ע ליברס 1.36",בורנייט פודס,US,"רסק תפו""ע ליברס 1.36",פריט,1.36,"ק""ג",false,,18.90,13.8971,true,1,101335
43427191098,false,פפריקה ליברס 311 גרם,פרימה,US,פפריקה ליברס 311 גרם,גרמים,311.00,100 גרם,false,,29.90,9.6141,true,1,107160
43427191111,false,אבקת בצל ליברס 396 ג,פרימה,US,אבקת בצל ליברס 396 ג,גרמים,396.00,100 גרם,false,,29.90,7.5505,true,1,107162
43427191128,false,פלפל שחור טחון ליברס,פרימה,US,פלפל שחור טחון ליברס,גרמים,311.00,100 גרם,false,,29.90,9.6141,true,1,107161
43427199001,false,חומץ תפוחים אורגני,אקווינאל אס. אל.,ES,חומץ תפוחים אורגני,מיליליטרים,500.00,"100 מ""ל",false,,16.90,3.3800,true,1,107179
43427200608,false,פירורי לחם בסגנון אמ,אימפריאל פודס אינק,US,פירורי לחם בסגנון אמ,גרמים,425.00,100 גרם,false,,11.90,2.8000,true,1,108009
43427200615,false,פירורי לחם מתובלים ב,אימפריאל פודס אינק,US,פירורי לחם מתובלים ב,גרמים,425.00,100 גרם,false,,11.90,2.8000,true,1,108010
43427201483,false,רוטב ספייסי ליברס 45,באיו,TH,רוטב ספייסי ליברס 45,גרמים,454.00,100 גרם,false,,19.90,4.3833,true,1,103181
43427222136,false,פריכיות אורז מצופות,מונטריאול כושר,CA,פריכיות אורז מצופות,גרמים,90.00,100 גרם,false,,9.90,11.0000,true,1,107131
43427222198,false,פריכיות אורז מצופות,מונטריאול כושר,CA,פריכיות אורז מצופות,גרמים,90.00,100 גרם,false,,9.90,11.0000,true,1,107132
43427240017,false,חומץ בלסמי אורגני לי,ליברס,US,חומץ בלסמי אורגני לי,מיליליטרים,500.00,"100 מ""ל",false,,19.90,3.9800,true,1,106523
43427245005,false,"מחית תפו""ע עם פקק לי",ליברס,US,"מחית תפו""ע עם פקק לי",גרמים,360.00,100 גרם,false,,11.90,3.3056,true,1,107180
43427246002,false,"מחית תפו""ע ללא סוכר",ליברס,US,"מחית תפו""ע ללא סוכר",גרמים,360.00,100 גרם,false,,11.90,3.3056,true,1,107181
43427247009,false,"מחית תפו""ע ותות עם פ",ליברס,US,"מחית תפו""ע ותות עם פ",גרמים,360.00,100 גרם,false,,11.90,3.3056,true,1,108549
43427271004,false,חומץ טבעי 5% ליברס 4,ליברס,US,חומץ טבעי 5% ליברס 4,מיליליטרים,473.00,"100 מ""ל",false,,4.90,1.0359,true,1,101268
43427351003,false,"רסק תפו""ע ללא סוכר 6",בורנייט פודס,US,"רסק תפו""ע ללא סוכר 6",גרמים,678.00,100 גרם,false,,16.90,2.4926,true,1,101337
43427560023,false,סוכריות תירס קנדי קו,בלו סאן,US,סוכריות תירס קנדי קו,גרמים,120.00,100 גרם,false,,9.90,8.2500,true,1,102700
44164102385,false,נרונים 4 שעות שרגא 7,שרגא שווק ויצור נרות,IL,נרונים 4 שעות שרגא 7,Unknown,0.00,יחידה,false,,25.90,0.0000,true,1,33388
44164102453,false,נרונים 6 שעות שרגא 7,שרגא שווק ויצור נרות,IL,נרונים 6 שעות שרגא 7,Unknown,0.00,יחידה,false,,31.90,0.0000,true,1,33389
44164267695,false,שמן פראפין למאור אדו,שרגא שווק ויצור נרות,IL,שמן פראפין למאור אדו,קילוגרמים,1.00,ליטר,false,,19.90,19.9000,true,1,104514
44164290129,false,שמן פראפין למאור שקו,שרגא שווק ויצור נרות,IL,שמן פראפין למאור שקו,קילוגרמים,1.00,ליטר,false,,19.90,19.9000,true,1,104515
44164290907,false,שמן פראפין למאור צהו,שרגא שווק ויצור נרות,IL,שמן פראפין למאור צהו,קילוגרמים,1.00,ליטר,false,,19.90,19.9000,true,1,104516
44164385221,false,נר זכרון 3 ימים שרגא,שרגא שווק ויצור נרות,IL,נר זכרון 3 ימים שרגא,Unknown,0.00,יחידה,false,,4.90,0.0000,true,1,80512
44600300580,false,תרסיס כלורקס קלין אפ,כלורקס,US,תרסיס כלורקס קלין אפ,מיליליטרים,946.00,"100 מ""ל",false,,19.90,2.1036,true,1,101829
46676182121,false,טונה לבנה במים דגים,דיאמוד פוד פרודקט סי,TH,טונה לבנה במים דגים,גרמים,142.00,100 גרם,false,,12.90,9.0845,true,1,107182
48256219456,false,תרסיס אסטוניש לניקוי,יעקב יעקובי,IL,תרסיס אסטוניש לניקוי,מיליליטרים,750.00,"100 מ""ל",false,,9.90,1.3200,true,1,105884
48256296181,false,תרסיס אסטוניש לניקוי,יעקב יעקובי,IL,תרסיס אסטוניש לניקוי,מיליליטרים,750.00,"100 מ""ל",false,,9.90,1.3200,true,1,105885
48256297164,false,תרסיס אסטוניש לניקוי,יעקב יעקובי,IL,תרסיס אסטוניש לניקוי,מיליליטרים,750.00,"100 מ""ל",false,,9.90,1.3200,true,1,78238
48256299557,false,תרסיס אסטוניש מסיר ע,יעקב יעקובי,IL,תרסיס אסטוניש מסיר ע,מיליליטרים,750.00,"100 מ""ל",false,,9.90,1.3200,true,1,78239
49200056004,false,סוכר קנים חום כהה דו,,US,סוכר קנים חום כהה דו,גרמים,453.00,100 גרם,false,,10.90,2.4062,true,1,107450
49200056752,false,סוכר קנים חום בהיר ד,,US,סוכר קנים חום בהיר ד,גרמים,453.00,100 גרם,false,,10.90,2.4062,true,1,104509
52000010398,false,משקה ספורט איזוטוני,פפסי קולה ג'נרל בוטל,US,משקה ספורט איזוטוני,מיליליטרים,591.00,"100 מ""ל",false,,8.90,1.5059,true,1,108977
52000102475,false,משקה ספורט גטורייד ב,פפסי קולה ג'נרל בוטל,US,משקה ספורט גטורייד ב,מיליליטרים,591.00,"100 מ""ל",false,,8.90,1.5059,true,1,109579
52000324860,false,משקה ספורט איזוטוני,פפסי קולה ג'נרל בוטל,US,משקה ספורט איזוטוני,מיליליטרים,591.00,"100 מ""ל",false,,8.90,1.5059,true,1,108871
52000328660,false,משקה ספורט איזוטוני,פפסי קולה ג'נרל בוטל,US,משקה ספורט איזוטוני,מיליליטרים,591.00,"100 מ""ל",false,,8.90,1.5059,true,1,108872
52000328684,false,משקה ספורט גטורייד ב,פפסי קולה ג'נרל בוטל,US,משקה ספורט גטורייד ב,מיליליטרים,591.00,"100 מ""ל",false,,8.90,1.5059,true,1,109580
52100570075,false,תערובת תיבול סטייק ו,קוסקו הולסייל,US,תערובת תיבול סטייק ו,גרמים,760.00,100 גרם,false,,14.90,1.9605,true,1,102159
55500012046,false,תרסיס כלורקס קלין אפ,כלורקס,US,תרסיס כלורקס קלין אפ,מיליליטרים,946.00,"100 מ""ל",false,,19.90,2.1036,true,1,101830
64144090013,false,תרסיס שמן קנולה בטעם,קונגרה,,תרסיס שמן קנולה בטעם,מיליליטרים,148.00,"100 מ""ל",false,,13.90,9.3919,true,1,59057
64144090020,false,תרסיס שמן זית פאם 14,קונגרה,,תרסיס שמן זית פאם 14,מיליליטרים,148.00,"100 מ""ל",false,,13.90,9.3919,true,1,59056
64144090051,false,תרסיס שמן קנולה פאם,קונגרה,,תרסיס שמן קנולה פאם,מיליליטרים,148.00,"100 מ""ל",false,,13.90,9.3919,true,1,71003
70970471254,false,סוכריות ג'לי פירות מ,גאסט בורן,US,סוכריות ג'לי פירות מ,גרמים,141.00,100 גרם,false,,8.90,6.3121,true,1,98233
70970471285,false,סוכריות ג'לי רד רייג,גאסט בורן,US,סוכריות ג'לי רד רייג,גרמים,141.00,100 גרם,false,,8.90,6.3121,true,1,100739
70970471308,false,סוכריות ג'לי ענבים מ,גאסט בורן,US,סוכריות ג'לי ענבים מ,גרמים,141.00,100 גרם,false,,8.90,6.3121,true,1,101905
70970473562,false,סוכריות ג'לי מגה מיק,גאסט בורן,US,סוכריות ג'לי מגה מיק,גרמים,141.00,100 גרם,false,,8.90,6.3121,true,1,98234
70970473609,false,סוכריות ג'לי מגה מיק,גאסט בורן,US,סוכריות ג'לי מגה מיק,גרמים,141.00,100 גרם,false,,8.90,6.3121,true,1,98235
72392947485,false,איגלו ויילרס שקוף לי,ווילרס,US,איגלו ויילרס שקוף לי,פריט,2.60,"ק""ג",false,,54.90,21.1154,true,1,92952
72392947492,false,איגלו ויילרס פירות י,ווילרס,US,איגלו ויילרס פירות י,פריט,2.60,"ק""ג",false,,54.90,21.1154,true,1,92953
73490128493,false,מיץ ענבים מוגז אפרסק,קדם,IL,מיץ ענבים מוגז אפרסק,מיליליטרים,750.00,"100 מ""ל",false,,19.90,2.6533,true,1,47235
73490132346,false,משקה ענבים קונקורד ל,קדם,IL,משקה ענבים קונקורד ל,קילוגרמים,2.84,ליטר,false,,38.90,13.6972,true,1,84530
73490153396,false,מיץ ענבים מוגז קונקו,קדם,IL,מיץ ענבים מוגז קונקו,מיליליטרים,750.00,"100 מ""ל",false,,19.90,2.6533,true,1,50972
73490154027,false,מיץ ענבים גאולה 2.84,קדם,IL,מיץ ענבים גאולה 2.84,קילוגרמים,2.84,ליטר,false,,38.90,13.6972,true,1,62290
73490154317,false,מיץ ענבים לבן גאולה,,,מיץ ענבים לבן גאולה,קילוגרמים,1.89,ליטר,false,,25.20,13.3333,true,1,99046
75442100229,false,בונבוניירה פרוגרס דו,תות ממתקי איכות,IL,בונבוניירה פרוגרס דו,גרמים,135.00,100 גרם,false,,11.90,8.8148,true,1,37264
75442100236,false,בונבוניירה פרוגרס אג,תות ממתקי איכות,IL,בונבוניירה פרוגרס אג,גרמים,135.00,100 גרם,false,,11.90,8.8148,true,1,37265
75442100250,false,בונבוניירה פרוגרס קפ,תות ממתקי איכות,IL,בונבוניירה פרוגרס קפ,גרמים,135.00,100 גרם,false,,11.90,8.8148,true,1,37266
76840620029,false,גלידת שמנת בן אנד גר,מוצרי איכות אמריקאיי,IL,גלידת שמנת בן אנד גר,מיליליטרים,424.00,"100 מ""ל",false,,17.50,4.1274,true,1,90270
77245110610,false,סוכריות מאסט מנטה 80,שטראוס,IL,סוכריות מאסט מנטה 80,גרמים,80.00,100 גרם,false,,6.90,8.6250,true,1,37306
77975036976,false,מטבל עגבניות סלסה בח,שניידרס,US,מטבל עגבניות סלסה בח,גרמים,439.00,100 גרם,false,,16.90,3.8497,true,1,105515
77975036983,false,מטבל עגבניות סלסה חר,שניידרס,US,מטבל עגבניות סלסה חר,גרמים,439.00,100 גרם,false,,16.90,3.8497,true,1,105516
80432400432,false,ויסקי שיבאס 12 שנה 1,מזקקת האחים שיבאס,,ויסקי שיבאס 12 שנה 1,קילוגרמים,1.00,ליטר,false,,129.90,129.9000,true,1,87406
87752001363,false,יין קדם טראדישיונל ל,קדם,US,יין קדם טראדישיונל ל,מיליליטרים,750.00,"100 מ""ל",false,,18.90,2.5200,true,1,59170
87752005644,false,יין ברטנורא מוסקטו,מיסזקו אס.איי,IT,יין ברטנורא מוסקטו,מיליליטרים,750.00,"100 מ""ל",false,,48.90,6.5200,true,1,53097
87752006474,false,יין  JOYVIN אדום תוס,ארלדיקה קסטלברו אס.ס,IT,יין  JOYVIN אדום תוס,מיליליטרים,750.00,"100 מ""ל",false,,49.90,6.6533,true,1,89875
87752006481,false,יין JOYVIN לבן תוסס,ארלדיקה קסטלברו אס.ס,IT,יין JOYVIN לבן תוסס,מיליליטרים,750.00,"100 מ""ל",false,,49.90,6.6533,true,1,89874
87752009291,false,יין קדם אדום מתוק קל,קדם,US,יין קדם אדום מתוק קל,קילוגרמים,1.50,ליטר,false,,37.20,24.8000,true,1,90840
87752017159,false,ליקר וולדרס וודקה ונ,ולדרס,NL,ליקר וולדרס וודקה ונ,מיליליטרים,750.00,"100 מ""ל",false,,89.90,11.9867,true,1,87609
87752017173,false,ליקר וולדרס סקוטש וק,ולדרס,NL,ליקר וולדרס סקוטש וק,מיליליטרים,750.00,"100 מ""ל",false,,89.90,11.9867,true,1,87455
87752017227,false,ליקר שמרלינג שוקולד,שמרלינג,IT,ליקר שמרלינג שוקולד,מיליליטרים,750.00,"100 מ""ל",false,,89.90,11.9867,true,1,70871
87752018620,false,ליקר וולדרס בנופי 75,ולדרס,NL,ליקר וולדרס בנופי 75,מיליליטרים,750.00,"100 מ""ל",false,,89.90,11.9867,true,1,87453
87752026458,false,ליקר שמרלינג שוקולד,ביקלס,IT,ליקר שמרלינג שוקולד,מיליליטרים,750.00,"100 מ""ל",false,,89.90,11.9867,true,1,96891
96619115471,false,קפסולות ג'ל כביסה או,מקברייד,BE,קפסולות ג'ל כביסה או,גרמים,882.00,100 גרם,false,,44.90,5.0907,true,1,109544
96619164998,false,פלפל שחור גרוס קירקל,קוסקו הולסייל,US,פלפל שחור גרוס קירקל,גרמים,359.00,100 גרם,false,,29.90,8.3287,true,1,98510
96619165087,false,קינמון סייגון טחון ק,קוסקו הולסייל,US,קינמון סייגון טחון ק,גרמים,303.00,100 גרם,false,,6.90,2.2772,true,1,101157
96619199914,false,וודקה קירקלנד 1.75 ל,,,וודקה קירקלנד 1.75 ל,קילוגרמים,1.75,ליטר,false,,99.90,57.0857,true,1,73638
96619206841,false,תרסיס שמן קנולה קירק,,,תרסיס שמן קנולה קירק,מיליליטרים,394.00,"100 מ""ל",false,,22.90,5.8122,true,1,93953
96619215645,false,שקיות אשפה ענק קירקל,,,שקיות אשפה ענק קירקל,Unknown,0.00,יחידה,false,,99.90,0.0000,true,1,92747
96619316809,false,נייר אלומניום עבה 30,,,נייר אלומניום עבה 30,מטרים,304.00,מטר,false,,129.90,0.4273,true,1,70066
96619316861,false,דפי נייר אלומניום קי,,,דפי נייר אלומניום קי,Unknown,0.00,יחידה,false,,69.90,0.0000,true,1,94608
96619332717,false,מלח גס ים תיכוני עם,קוסקו הולסייל,US,מלח גס ים תיכוני עם,גרמים,737.00,100 גרם,false,,9.90,1.3433,true,1,98508
96619332724,false,פלפל שחור שלם עם מטח,קוסקו הולסייל,US,פלפל שחור שלם עם מטח,גרמים,356.00,100 גרם,false,,39.90,11.2079,true,1,98509
96619365395,false,כורכום קירקלנד 340 ג,קוסקו הולסייל,US,כורכום קירקלנד 340 ג,גרמים,340.00,100 גרם,false,,6.90,2.0294,true,1,101338
97643011647,false,אצבעות שוקולד שמרלינ,"מאסטרני בע|""מ",,אצבעות שוקולד שמרלינ,גרמים,92.00,100 גרם,false,,14.90,16.1957,true,1,89440
97643011913,false,אצבעות שוקולד שמרלינ,"מאסטרני בע|""מ",,אצבעות שוקולד שמרלינ,גרמים,92.00,100 גרם,false,,14.90,16.1957,true,1,89631
97643044553,false,שוקולד שמרלינג מריר,,,שוקולד שמרלינג מריר,גרמים,100.00,100 גרם,false,,11.50,11.5000,true,1,79726
97643044560,false,שוקולד שמרלינג מריר,,,שוקולד שמרלינג מריר,גרמים,100.00,100 גרם,false,,11.50,11.5000,true,1,95905
97643044584,false,שוקולד שמרלינג מריר,,,שוקולד שמרלינג מריר,גרמים,100.00,100 גרם,false,,11.50,11.5000,true,1,106613
97643070248,false,שוקולד שמרלינג לבן פ,,,שוקולד שמרלינג לבן פ,גרמים,100.00,100 גרם,false,,11.50,11.5000,true,1,53385
97643071542,false,חטיפי שוקולד מינור ש,,,חטיפי שוקולד מינור ש,גרמים,92.00,100 גרם,false,,14.90,16.1957,true,1,66485
97643082142,false,שוקולד שמרלינג קידס,,,שוקולד שמרלינג קידס,גרמים,100.00,100 גרם,false,,11.50,11.5000,true,1,53382
97643082548,false,שוקולד שמרלינג מריר,,,שוקולד שמרלינג מריר,גרמים,100.00,100 גרם,false,,11.50,11.5000,true,1,53384
97643083040,false,שוקולד שמרלינג פרלין,,,שוקולד שמרלינג פרלין,גרמים,100.00,100 גרם,false,,11.50,11.5000,true,1,53381
97643084047,false,שוקולד שמרלינג פרלין,,,שוקולד שמרלינג פרלין,גרמים,100.00,100 גרם,false,,11.50,11.5000,true,1,53386
97643090345,false,שוקולד שמרלינג חלב ל,,,שוקולד שמרלינג חלב ל,גרמים,100.00,100 גרם,false,,13.90,13.9000,true,1,65195
97643090444,false,שוקולד שמרלינג פרווה,,,שוקולד שמרלינג פרווה,גרמים,100.00,100 גרם,false,,13.90,13.9000,true,1,65196
194961000169,false,שוקולד שניידרס לבן 1,שניידרס,FR,שוקולד שניידרס לבן 1,גרמים,100.00,100 גרם,false,,8.90,8.9000,true,1,110270
194961000176,false,שוקולד שניידרס לבן ש,שניידרס,FR,שוקולד שניידרס לבן ש,גרמים,100.00,100 גרם,false,,8.90,8.9000,true,1,110271
194961000398,false,ביסקוויט בציפוי שוקו,שניידרס,FR,ביסקוויט בציפוי שוקו,גרמים,150.00,100 גרם,false,,12.90,8.6000,true,1,104706
194961000404,false,ביסקוויט בציפוי שוקו,שניידרס,FR,ביסקוויט בציפוי שוקו,גרמים,150.00,100 גרם,false,,12.90,8.6000,true,1,104707
194961000411,false,ממרח שוקולד וניל שני,SHNEIDER'S,NL,ממרח שוקולד וניל שני,גרמים,700.00,100 גרם,false,,21.90,3.1286,true,1,99787
194961000435,false,סוכריות קנדי פלנט לב,שניידרס,FR,סוכריות קנדי פלנט לב,גרמים,150.00,100 גרם,false,,9.90,6.6000,true,1,102684
194961000909,false,סוכריות קנדי פלנט מי,שניידרס,FR,סוכריות קנדי פלנט מי,גרמים,150.00,100 גרם,false,,9.90,6.6000,true,1,102718
194961001500,false,עוגיות חמאה שניידס 1,שניידרס,FR,עוגיות חמאה שניידס 1,גרמים,125.00,100 גרם,false,,12.90,10.3200,true,1,108049
194961001517,false,עוגיות סבלה חמאה שני,שניידרס,FR,עוגיות סבלה חמאה שני,גרמים,130.00,100 גרם,false,,12.90,9.9231,true,1,108051
194961001524,false,"מחית פרי תפו""ע לל""ס",שניידרס,FR,"מחית פרי תפו""ע לל""ס",גרמים,360.00,100 גרם,false,,12.90,3.5833,true,1,108196
194961001531,false,"מחית פרי תפו""ע  ותות",שניידרס,FR,"מחית פרי תפו""ע  ותות",גרמים,360.00,100 גרם,false,,12.90,3.5833,true,1,108197
194961001647,false,עוגיות חמאה שוקולד צ,שניידרס,FR,עוגיות חמאה שוקולד צ,גרמים,167.00,100 גרם,false,,12.90,7.7246,true,1,108486
194961002330,false,שוקולד שניידרס חלב ג,שניידרס,FR,שוקולד שניידרס חלב ג,גרמים,100.00,100 גרם,false,,8.90,8.9000,true,1,110272
308910525744,false,אטריות אורז דקות מזר,ליאן תאי רייס,TH,אטריות אורז דקות מזר,מיליליטרים,454.00,"100 מ""ל",false,,9.90,2.1806,true,1,95071
608614254125,false,ביסבס חריף אש 120 גר,לימון אוכל מוכן לשיו,IL,ביסבס חריף אש 120 גר,גרמים,120.00,100 גרם,false,,10.90,9.0833,true,1,87657
608614254132,false,ביסבס חריף עדין 120,לימון אוכל מוכן לשיו,IL,ביסבס חריף עדין 120,גרמים,120.00,100 גרם,false,,10.90,9.0833,true,1,87659
608614254149,false,ביסבס חריף פיקנטי 12,לימון אוכל מוכן לשיו,IL,ביסבס חריף פיקנטי 12,גרמים,120.00,100 גרם,false,,10.90,9.0833,true,1,87658
628154383659,false,דגני בוקר פרוטי פאבל,פוסט לקיוויל,US,דגני בוקר פרוטי פאבל,גרמים,311.00,100 גרם,false,,19.90,6.3987,true,1,108855
637632694491,false,כמוסות אומגה 3 מרווה,,,כמוסות אומגה 3 מרווה,Unknown,0.00,יחידה,false,,129.90,0.0000,true,1,108227
649660432020,false,שזיפים מיובשים מגולע,היליו פאקינג קוסמי א,US,שזיפים מיובשים מגולע,גרמים,567.00,100 גרם,false,,9.90,1.7460,true,1,100378
675470000142,false,נייר אפיה קשת 72 יח,טופ פלסט 2002 בעמ,IL,נייר אפיה קשת 72 יח,Unknown,0.00,יחידה,false,,9.90,0.0000,true,1,74193
681131129855,false,בירה פילזנר שלוס קרו,מבשלת מרטנס,BE,בירה פילזנר שלוס קרו,מיליליטרים,500.00,"100 מ""ל",false,,5.90,1.1800,true,1,104334
689423031756,false,סוכריות טופי בטעם תפ,סוויט קומפני,US,סוכריות טופי בטעם תפ,גרמים,170.00,100 גרם,false,,14.90,8.7647,true,1,109050
693493001007,false,תרסיס ניקוי גאון בני,אריסטוקרט,IL,תרסיס ניקוי גאון בני,מיליליטרים,350.00,"100 מ""ל",false,,18.90,5.4000,true,1,90185
693493008686,false,פרוביוטיקה 50B,,,פרוביוטיקה 50B,Unknown,0.00,יחידה,false,,59.90,0.0000,true,1,108284
693493015110,false,שום כתוש ביסבס 120 ג,לימון אוכל מוכן לשיו,IL,שום כתוש ביסבס 120 ג,גרמים,120.00,100 גרם,false,,6.90,5.7500,true,1,95707
693493034456,false,סרדין מרוקאי בשמן זי,אטלנטיק הום סרדינס א,MA,סרדין מרוקאי בשמן זי,גרמים,125.00,100 גרם,false,,5.90,4.7200,true,1,96020
693493034470,false,פילה מקרל בשמן סויה,,,פילה מקרל בשמן סויה,גרמים,125.00,100 גרם,false,,5.90,4.7200,true,1,96830
693493034487,false,פילה סרדין בשמן זית,אטלנטיק הום סרדינס א,MA,פילה סרדין בשמן זית,גרמים,125.00,100 גרם,false,,6.50,5.2000,true,1,96022
693493034494,false,פילה אנשובי בשמן חמנ,פטינה פוד,MA,פילה אנשובי בשמן חמנ,גרמים,100.00,100 גרם,false,,14.90,14.9000,true,1,95012
693493034524,false,מארז פילה אנשובי בשמ,פאטינה פוד,MA,מארז פילה אנשובי בשמ,גרמים,200.00,100 גרם,false,,21.90,10.9500,true,1,104497
693493057820,false,חלה חצי מתוקה 500 גר,ספיישל בייקרי,IL,חלה חצי מתוקה 500 גר,גרמים,500.00,100 גרם,false,,12.90,2.5800,true,1,94072
693493057844,false,חלה כוסמין 500 גרם,ספיישל בייקרי,IL,חלה כוסמין 500 גרם,גרמים,500.00,100 גרם,false,,15.90,3.1800,true,1,94074
693493057851,false,חלה קמח מלא 500 גרם,ספיישל בייקרי,IL,חלה קמח מלא 500 גרם,גרמים,500.00,100 גרם,false,,15.90,3.1800,true,1,94075
693493089272,false,אבץ בתוספת ויטמין C,,,אבץ בתוספת ויטמין C,Unknown,0.00,יחידה,false,,33.90,0.0000,true,1,104611
693493089319,false,מולטי ויטמין אקסטרה,,,מולטי ויטמין אקסטרה,Unknown,0.00,יחידה,false,,59.90,0.0000,true,1,104315
693493089340,false,ויטמין C לא חומצי +,,,ויטמין C לא חומצי +,Unknown,0.00,יחידה,false,,59.90,0.0000,true,1,104309
693493089364,false,מגנזיום ציטראט 400 מ,,,מגנזיום ציטראט 400 מ,Unknown,0.00,יחידה,false,,59.90,0.0000,true,1,104308
693493089371,false,ויטמין C לא חומצי 10,,,ויטמין C לא חומצי 10,Unknown,0.00,יחידה,false,,59.90,0.0000,true,1,104310
693493089395,false,"ויטמין B12 מק""ג 1000",,,"ויטמין B12 מק""ג 1000",Unknown,0.00,יחידה,false,,59.90,0.0000,true,1,104311
693493089418,false,"ויטמין D3 יחב""ל 1000",,,"ויטמין D3 יחב""ל 1000",Unknown,0.00,יחידה,false,,59.90,0.0000,true,1,104313
693493089470,false,דובוני ויטמין C לילד,,,דובוני ויטמין C לילד,Unknown,0.00,יחידה,false,,39.90,0.0000,true,1,104338
693493089487,false,דובוני מולטי ויטמין,,,דובוני מולטי ויטמין,Unknown,0.00,יחידה,false,,39.90,0.0000,true,1,104317
693493089494,false,דגי אומגה 3 לילדים א,,,דגי אומגה 3 לילדים א,Unknown,0.00,יחידה,false,,39.90,0.0000,true,1,104318
693493089562,false,דובונים+ויטמין D אקס,,,דובונים+ויטמין D אקס,Unknown,0.00,יחידה,false,,39.90,0.0000,true,1,108229
693493089579,false,מגה מולטי ויטמינים ל,,,מגה מולטי ויטמינים ל,Unknown,0.00,יחידה,false,,39.90,0.0000,true,1,106487
693493089586,false,מולטי ויטמין + ברזל,,,מולטי ויטמין + ברזל,Unknown,0.00,יחידה,false,,39.90,0.0000,true,1,106488
693493089685,false,תוסף ברזל נוזלי אקסט,,,תוסף ברזל נוזלי אקסט,Unknown,0.00,יחידה,false,,59.90,0.0000,true,1,109028
693493113687,false,מארז פילה אנשובי וצל,,,מארז פילה אנשובי וצל,גרמים,200.00,100 גרם,false,,21.90,10.9500,true,1,110194
693493142847,false,פיתות בר ולחם 10 יחי,מאסטר פייתה,IL,פיתות בר ולחם 10 יחי,פריט,1.00,"ק""ג",false,,11.90,11.9000,true,1,108736
693493180771,false,פסטרמה חזה בקר ONEG,דליקטס,IL,פסטרמה חזה בקר ONEG,גרמים,150.00,100 גרם,false,,24.90,16.6000,true,1,109541
693493192514,false,אבקת חלבון בטעם וניל,,,אבקת חלבון בטעם וניל,גרמים,400.00,100 גרם,false,,69.00,17.2500,true,1,109561
693493192552,false,מולטי ויטמין ספורט א,,,מולטי ויטמין ספורט א,Unknown,0.00,יחידה,false,,69.00,0.0000,true,1,109564
701197351820,false,תמצית וניל טהור 473,קוסקו הולסייל,US,תמצית וניל טהור 473,גרמים,473.00,100 גרם,false,,149.90,31.6913,true,1,101682
710069082229,false,חרדל גפן 340 גרם,,,חרדל גפן 340 גרם,גרמים,340.00,100 גרם,false,,9.90,2.9118,true,1,77150
710069082236,false,חרדל גפן  454 גרם,,,חרדל גפן  454 גרם,גרמים,454.00,100 גרם,false,,8.90,1.9604,true,1,77702
710069082434,false,חרדל חום חריף גפן 34,,,חרדל חום חריף גפן 34,גרמים,340.00,100 גרם,false,,9.90,2.9118,true,1,109594
710069127401,false,מיץ שזיפים גפן 896 מ,גולדס פיור פודס,US,מיץ שזיפים גפן 896 מ,מיליליטרים,896.00,"100 מ""ל",false,,24.90,2.7790,true,1,58046
710069305168,false,רסק תפוחים תות גפן 6,,,רסק תפוחים תות גפן 6,גרמים,672.00,100 גרם,false,,15.90,2.3661,true,1,56576
710069305175,false,רסק תפוחים פטל גפן 6,,,רסק תפוחים פטל גפן 6,גרמים,672.00,100 גרם,false,,15.90,2.3661,true,1,56574
710069811003,false,מיונז גפן 900 גרם,,,מיונז גפן 900 גרם,גרמים,900.00,100 גרם,false,,29.90,3.3222,true,1,64271
710069811027,false,מיונז גפן מופחת שומן,די אנד אל,US,מיונז גפן מופחת שומן,גרמים,900.00,100 גרם,false,,29.90,3.3222,true,1,97496
710069812000,false,רוטב עגבניות לפסטה ג,,,רוטב עגבניות לפסטה ג,גרמים,680.00,100 גרם,false,,12.90,1.8971,true,1,67229
710069812017,false,רוטב עגבניות ובזילקו,,,רוטב עגבניות ובזילקו,גרמים,680.00,100 גרם,false,,12.90,1.8971,true,1,67247
710069812031,false,רוטב פיצה רגיל גפן 7,,,רוטב פיצה רגיל גפן 7,גרמים,737.00,100 גרם,false,,12.90,1.7503,true,1,67178
710069812048,false,רוטב פיצה אורגנו גפן,,,רוטב פיצה אורגנו גפן,גרמים,737.00,100 גרם,false,,12.90,1.7503,true,1,67302
710069812147,false,"רסק תפו""ע גפן 1.36 ק",,,"רסק תפו""ע גפן 1.36 ק",פריט,1.36,"ק""ג",false,,19.90,14.6324,true,1,101689
710069812154,false,"רסק תפו""ע גפן ללא סו",,,"רסק תפו""ע גפן ללא סו",פריט,1.36,"ק""ג",false,,19.90,14.6324,true,1,103462
710069812161,false,רסק תפוחים גפן 6*112,,,רסק תפוחים גפן 6*112,גרמים,672.00,100 גרם,false,,15.90,2.3661,true,1,103609
710069812178,false,רסק תפוחים ללא סוכר,,,רסק תפוחים ללא סוכר,גרמים,672.00,100 גרם,false,,15.90,2.3661,true,1,103610
712963001818,false,עלי שוקולד מריר תפוז,,,עלי שוקולד מריר תפוז,גרמים,125.00,100 גרם,false,,16.90,13.5200,true,1,66742
712963001832,false,עלי שוקולד חלב גרוס,,,עלי שוקולד חלב גרוס,גרמים,125.00,100 גרם,false,,16.90,13.5200,true,1,66739
712963001849,false,עלי שוקולד חלב אגוזי,,,עלי שוקולד חלב אגוזי,גרמים,125.00,100 גרם,false,,16.90,13.5200,true,1,66740
712963001856,false,עלי שוקולד חלב קרמל,,,עלי שוקולד חלב קרמל,גרמים,125.00,100 גרם,false,,16.90,13.5200,true,1,66741
712963002921,false,נפוליטנים מעורב גרוס,,,נפוליטנים מעורב גרוס,גרמים,150.00,100 גרם,false,,15.90,10.6000,true,1,65663
712963003799,false,חטיף שוקולד קרמל 40,,,חטיף שוקולד קרמל 40,גרמים,40.00,100 גרם,false,,3.60,9.0000,true,1,85204
712963003805,false,חטיף שוקולד מאי 40 ג,,,חטיף שוקולד מאי 40 ג,גרמים,40.00,100 גרם,false,,3.60,9.0000,true,1,85205
712963003812,false,חטיף שוקולד קראנץ בו,,,חטיף שוקולד קראנץ בו,גרמים,40.00,100 גרם,false,,3.60,9.0000,true,1,85206
712963004482,false,עלי שוקולד חלב קרמל,,,עלי שוקולד חלב קרמל,גרמים,125.00,100 גרם,false,,16.90,13.5200,true,1,94352
712963004505,false,חטיף שוקולד אגוזי קר,,,חטיף שוקולד אגוזי קר,גרמים,40.00,100 גרם,false,,3.60,9.0000,true,1,94353
712963004758,false,שוקולד גרוס חלב במיל,גרוסליין,HR,שוקולד גרוס חלב במיל,גרמים,100.00,100 גרם,false,,7.90,7.9000,true,1,107663
712963004772,false,שוקולד גרוס חלב במיל,גרוסליין,HR,שוקולד גרוס חלב במיל,גרמים,100.00,100 גרם,false,,7.90,7.9000,true,1,107664
712963004963,false,שוקולד גרוס מריר 90,גרוסליין,HR,שוקולד גרוס מריר 90,גרמים,90.00,100 גרם,false,,6.90,7.6667,true,1,94645
712963004970,false,שוקולד מריר 60% גרוס,זוקו,,שוקולד מריר 60% גרוס,גרמים,90.00,100 גרם,false,,6.90,7.6667,true,1,94646
712963005922,false,עלי שוקולד מריר מנטה,,,עלי שוקולד מריר מנטה,גרמים,125.00,100 גרם,false,,16.90,13.5200,true,1,110144
722776001509,false,ממתיק ספלנדה 1200 יח,,,ממתיק ספלנדה 1200 יח,פריט,1.20,"ק""ג",false,,129.90,108.2500,true,1,82466
722776002445,false,מארז ממתיק ספלנדה שק,,,מארז ממתיק ספלנדה שק,גרמים,715.00,100 גרם,false,,89.90,12.5734,true,1,87459
732973006009,false,קציצות דג וויט פיש א,Ocean Gourmet,US,קציצות דג וויט פיש א,גרמים,624.00,100 גרם,false,,34.90,5.5929,true,1,51153
744664060207,false,תערובת מתוקה לציפוי,פרימה,US,תערובת מתוקה לציפוי,גרמים,227.00,100 גרם,false,,18.90,8.3260,true,1,100555
744664060221,false,תערובת לתיבול חמין פ,פרימה,US,תערובת לתיבול חמין פ,גרמים,252.00,100 גרם,false,,26.90,10.6746,true,1,104694
744664088058,false,תערובת שום מעושן פרי,פרימה,US,תערובת שום מעושן פרי,גרמים,99.00,100 גרם,false,,16.90,17.0707,true,1,100556
744664092109,false,פלפל קאיין פרימה 71,פרימה,US,פלפל קאיין פרימה 71,גרמים,71.00,100 גרם,false,,14.90,20.9859,true,1,100538
744664092208,false,תערובת לתיבול לשוואר,פרימה,US,תערובת לתיבול לשוואר,גרמים,85.00,100 גרם,false,,13.90,16.3529,true,1,100541
744664092352,false,תערובת בשמים בלנד פר,פרימה,US,תערובת בשמים בלנד פר,גרמים,227.00,100 גרם,false,,19.90,8.7665,true,1,100557
744664092383,false,תערובת לתיבול דגים פ,פרימה,US,תערובת לתיבול דגים פ,גרמים,85.00,100 גרם,false,,14.90,17.5294,true,1,100543
744664092413,false,תערובת תיבול לפיצה 2,פרימה,US,תערובת תיבול לפיצה 2,גרמים,28.00,100 גרם,false,,9.90,35.3571,true,1,100532
744664092444,false,קינמון טחון פרימה 57,פרימה,US,קינמון טחון פרימה 57,גרמים,57.00,100 גרם,false,,13.90,24.3860,true,1,107168
744664092864,false,פלפל אדום כתוש פרימה,פרימה,US,פלפל אדום כתוש פרימה,גרמים,48.00,100 גרם,false,,12.90,26.8750,true,1,107154
744664092895,false,פפריקה אקסטרה פנסי פ,פרימה,US,פפריקה אקסטרה פנסי פ,גרמים,71.00,100 גרם,false,,11.90,16.7606,true,1,100546
744664092925,false,תבלין אבקת בצל פרימה,פרימה,US,תבלין אבקת בצל פרימה,גרמים,85.00,100 גרם,false,,11.90,14.0000,true,1,100535
744664092949,false,גבישי בצל פרימה 65 ג,פרימה,US,גבישי בצל פרימה 65 ג,גרמים,65.00,100 גרם,false,,13.90,21.3846,true,1,100548
744664092994,false,פלפל שחור טחון פרימה,פרימה,US,פלפל שחור טחון פרימה,גרמים,71.00,100 גרם,false,,11.90,16.7606,true,1,100536
744664093021,false,שמיר פרימה 20 גרם,פרימה,US,שמיר פרימה 20 גרם,גרמים,20.00,100 גרם,false,,13.90,69.5000,true,1,100550
768404001640,false,גלידת שמנת בן אנד גר,מוצרי איכות אמריקאיי,IL,גלידת שמנת בן אנד גר,מיליליטרים,500.00,"100 מ""ל",false,,17.50,3.5000,true,1,88954
769904000607,false,"שקדי מרק משובח כל""פ",גיי אפ פי ייצור מזון,IL,"שקדי מרק משובח כל""פ",גרמים,200.00,100 גרם,false,,9.90,4.9500,true,1,47805
769904000669,false,קניידלך משובח 150 גר,גיי אפ פי ייצור מזון,IL,קניידלך משובח 150 גר,גרמים,150.00,100 גרם,false,,9.90,6.6000,true,1,57839
769904000676,false,תערובת לקישקע משובח,גיי אפ פי ייצור מזון,IL,תערובת לקישקע משובח,גרמים,130.00,100 גרם,false,,1.90,1.4615,true,1,101142
769904001116,false,פתיתים קוסקוס משובח,גיי אפ פי ייצור מזון,IL,פתיתים קוסקוס משובח,גרמים,200.00,100 גרם,false,,1.90,0.9500,true,1,53681
782706222398,false,פסטרמה הודו גחלים ON,דליקטס,IL,פסטרמה הודו גחלים ON,גרמים,250.00,100 גרם,false,,24.90,9.9600,true,1,109664
783495814269,false,רוטב פיצה ליברס 680,פי.אל פודס,US,רוטב פיצה ליברס 680,גרמים,680.00,100 גרם,false,,13.90,2.0441,true,1,104693
811146030178,false,טופי ממולא בטעם פטל,גוגרנולא פוד אינדסטר,PK,טופי ממולא בטעם פטל,גרמים,288.00,100 גרם,false,,9.90,3.4375,true,1,89380
811146030185,false,טופי ממולא בטעם דובד,גוגרנולא פוד אינדסטר,PK,טופי ממולא בטעם דובד,גרמים,288.00,100 גרם,false,,9.90,3.4375,true,1,89381
811146030383,false,סוכריות קשות בצורת ס,פרימיום פודס,CN,סוכריות קשות בצורת ס,גרמים,180.00,100 גרם,false,,11.90,6.6111,true,1,94293
811146030390,false,סוכריות קשות בצורת ש,פרימיום פודס,CN,סוכריות קשות בצורת ש,גרמים,180.00,100 גרם,false,,11.90,6.6111,true,1,94294
811146030666,false,לקקן טוויסטי פופ בור,פרימיום פודס,CN,לקקן טוויסטי פופ בור,גרמים,408.00,100 גרם,false,,29.90,7.3284,true,1,94188
811146030680,false,לקקן טוויסטי פופ עגו,פרימיום פודס,CN,לקקן טוויסטי פופ עגו,גרמים,408.00,100 גרם,false,,29.90,7.3284,true,1,94190
811146030697,false,לקקן טוויסטי פופ כוכ,פרימיום פודס,CN,לקקן טוויסטי פופ כוכ,Unknown,0.00,יחידה,false,,29.90,0.0000,true,1,94191
811146030741,false,לקקן בטעם פירות לילו,גואנגדונג צאואן פוד,CN,לקקן בטעם פירות לילו,גרמים,150.00,100 גרם,false,,11.90,7.9333,true,1,100531
811146030758,false,סוכריות טופי פרוזיפס,גוגרנולא פוד אינדסטר,PK,סוכריות טופי פרוזיפס,גרמים,255.00,100 גרם,false,,9.90,3.8824,true,1,104451
811146030765,false,סוכריות טופי פרוזיפס,גוגרנולא פוד אינדסטר,PK,סוכריות טופי פרוזיפס,גרמים,255.00,100 גרם,false,,9.90,3.8824,true,1,104452
811146030772,false,סוכריות טופי פרוזיפס,גוגרנולא פוד אינדסטר,PK,סוכריות טופי פרוזיפס,גרמים,240.00,100 גרם,false,,9.90,4.1250,true,1,104453
811146031007,false,לקקן טוויסטי פופ לב,פרימיום פודס,CN,לקקן טוויסטי פופ לב,גרמים,408.00,100 גרם,false,,29.90,7.3284,true,1,109667
835811000068,false,מגבוני טואלט קשת 3*4,עלבד משואות יצחק,IL,מגבוני טואלט קשת 3*4,Unknown,0.00,יחידה,false,,11.90,0.0000,true,1,93522
835811000075,false,עדשים ירוקות הנמל 1.,הנמל,IL,עדשים ירוקות הנמל 1.,פריט,1.20,"ק""ג",false,,13.90,11.5833,true,1,97720
835811000099,false,עדשים אדומות הנמל 1.,הנמל,IL,עדשים אדומות הנמל 1.,פריט,1.20,"ק""ג",false,,13.90,11.5833,true,1,97721
835811000112,false,שעועית לחמין הנמל 1.,הנמל,IL,שעועית לחמין הנמל 1.,פריט,1.20,"ק""ג",false,,14.90,12.4167,true,1,97727
835811000136,false,"כוסמת הנמל 1.2 ק""ג",הנמל,IL,"כוסמת הנמל 1.2 ק""ג",פריט,1.20,"ק""ג",false,,12.90,10.7500,true,1,97722
835811000143,false,מפת ניילון בגליל 1.5,,IL,מפת ניילון בגליל 1.5,Unknown,0.00,יחידה,false,,29.90,0.0000,true,1,106671
835811000150,false,"בורגול הנמל 1.2 ק""ג",הנמל,IL,"בורגול הנמל 1.2 ק""ג",פריט,1.20,"ק""ג",false,,8.90,7.4167,true,1,97723
835811000174,false,שעועית לבנה הנמל 1.2,הנמל,IL,שעועית לבנה הנמל 1.2,פריט,1.20,"ק""ג",false,,13.90,11.5833,true,1,97728
835811000204,false,צמרוני אזניים עץ הנמ,גרנג יוניברס,CN,צמרוני אזניים עץ הנמ,Unknown,0.00,יחידה,false,,4.90,0.0000,true,1,92357
835811000228,false,"חומוס הנמל 1.2 ק""ג",הנמל,IL,"חומוס הנמל 1.2 ק""ג",פריט,1.20,"ק""ג",false,,13.90,11.5833,true,1,97731
835811000280,false,גריסי פנינה הנמל 1.2,הנמל,IL,גריסי פנינה הנמל 1.2,פריט,1.20,"ק""ג",false,,9.90,8.2500,true,1,97724
835811000303,false,"אפונה הנמל 1.2 ק""ג",הנמל,IL,"אפונה הנמל 1.2 ק""ג",פריט,1.20,"ק""ג",false,,8.90,7.4167,true,1,97725
835811000310,false,ספוג לניקוי קשת 4 יח,,IL,ספוג לניקוי קשת 4 יח,Unknown,0.00,יחידה,false,,10.90,0.0000,true,1,95042
835811000327,false,חומוס ענק הנמל 1.2 ק,הנמל,IL,חומוס ענק הנמל 1.2 ק,פריט,1.20,"ק""ג",false,,21.90,18.2500,true,1,97730
835811000334,false,ספוגיות לניקוי קשת 1,סדובסקי,IL,ספוגיות לניקוי קשת 1,Unknown,0.00,יחידה,false,,10.90,0.0000,true,1,95040
835811000341,false,"חיטה הנמל 1.2 ק""ג",הנמל,IL,"חיטה הנמל 1.2 ק""ג",פריט,1.20,"ק""ג",false,,8.90,7.4167,true,1,97726
835811000358,false,מטליות לניקוי כללי מ,סדובסקי,IL,מטליות לניקוי כללי מ,Unknown,0.00,יחידה,false,,19.90,0.0000,true,1,95614
835811000365,false,מטליות רצפה מיקרופיי,סדובסקי,IL,מטליות רצפה מיקרופיי,Unknown,0.00,יחידה,false,,29.90,0.0000,true,1,95615
835811000372,false,שקיות הקפאה עבות הנמ,זמזמ תעשיות פלסטיק,IL,שקיות הקפאה עבות הנמ,Unknown,0.00,יחידה,false,,9.90,0.0000,true,1,91033
835811000389,false,שקיות אוכל עבות הנמל,זמזמ תעשיות פלסטיק,IL,שקיות אוכל עבות הנמל,Unknown,0.00,יחידה,false,,9.90,0.0000,true,1,91034
835811000396,false,נייר אפיה לתבנית מאו,,CN,נייר אפיה לתבנית מאו,Unknown,0.00,יחידה,false,,9.90,0.0000,true,1,93793
835811000464,false,תמצית רום הנמל 250 מ,,IL,תמצית רום הנמל 250 מ,מיליליטרים,250.00,"100 מ""ל",false,,8.90,3.5600,true,1,91458
835811000471,false,תמצית בטעם וניל הנמל,,IL,תמצית בטעם וניל הנמל,מיליליטרים,250.00,"100 מ""ל",false,,8.90,3.5600,true,1,91459
835811000501,false,סירופ מייפל 100% דלי,פרסטייל מייפל,CA,סירופ מייפל 100% דלי,גרמים,250.00,100 גרם,false,,21.90,8.7600,true,1,109427
835811000518,false,תמצית וניל טהור הנמל,,IL,תמצית וניל טהור הנמל,מיליליטרים,29.00,"100 מ""ל",false,,21.90,75.5172,true,1,109529
835811000549,false,מגבוני טואלט מועשר ב,עלבד משואות יצחק,IL,מגבוני טואלט מועשר ב,Unknown,0.00,יחידה,false,,11.90,0.0000,true,1,109931
835811000693,false,כוסיות לחיים מרובעות,ביירט,CN,כוסיות לחיים מרובעות,Unknown,0.00,יחידה,false,,17.90,0.0000,true,1,92774
835811000709,false,מטליות לניקוי רצפה ק,,,מטליות לניקוי רצפה ק,Unknown,0.00,יחידה,false,,6.90,0.0000,true,1,92375
835811000723,false,נרות חימום 100 יח הנ,מולר פבריקה נרות,PL,נרות חימום 100 יח הנ,Unknown,0.00,יחידה,false,,16.90,0.0000,true,1,92358
835811000747,false,מזלגות איכותיות קרם,מיקרו,TR,מזלגות איכותיות קרם,Unknown,0.00,יחידה,false,,26.90,0.0000,true,1,92844
835811000754,false,כפות איכותיות קרם בל,מיקרו,TR,כפות איכותיות קרם בל,Unknown,0.00,יחידה,false,,26.90,0.0000,true,1,92845
835811000761,false,כפיות איכותיות קרם ב,מיקרו,TR,כפיות איכותיות קרם ב,Unknown,0.00,יחידה,false,,26.90,0.0000,true,1,92846
835811000778,false,סכינים איכותיים קרם,מיקרו,TR,סכינים איכותיים קרם,Unknown,0.00,יחידה,false,,26.90,0.0000,true,1,92847
835811000785,false,מזלגות איכותיות שקוף,מיקרו,TR,מזלגות איכותיות שקוף,Unknown,0.00,יחידה,false,,26.90,0.0000,true,1,92848
835811000792,false,כפות איכותיות שקוף ב,מיקרו,TR,כפות איכותיות שקוף ב,Unknown,0.00,יחידה,false,,26.90,0.0000,true,1,92849
835811000808,false,כפיות איכותיות שקוף,מיקרו,TR,כפיות איכותיות שקוף,Unknown,0.00,יחידה,false,,26.90,0.0000,true,1,92850
835811000815,false,סכינים איכותיים שקוף,מיקרו,TR,סכינים איכותיים שקוף,Unknown,0.00,יחידה,false,,26.90,0.0000,true,1,92843
835811000860,false,מפיות מודפסות תלת שכ,דקו פרינט,DE,מפיות מודפסות תלת שכ,Unknown,0.00,יחידה,false,,9.90,0.0000,true,1,94616
835811000907,false,כוסות יין מעוטרות כס,,TR,כוסות יין מעוטרות כס,Unknown,0.00,יחידה,false,,7.90,0.0000,true,1,98269
835811001096,false,סוכריות לקישוט מיני,ממתקי עלה,IL,סוכריות לקישוט מיני,גרמים,400.00,100 גרם,false,,17.90,4.4750,true,1,95284
835811001232,false,נייר אפיה לתבנית עגו,,CN,נייר אפיה לתבנית עגו,Unknown,0.00,יחידה,false,,9.90,0.0000,true,1,101140
835811001300,false,סט אירוח צלחות ונציה,מיקרון מקינה,TR,סט אירוח צלחות ונציה,Unknown,0.00,יחידה,false,,36.90,0.0000,true,1,98069
835811001317,false,סט צלחות שטוחות נצנצ,מיקרון מקינה,TR,סט צלחות שטוחות נצנצ,Unknown,0.00,יחידה,false,,36.90,0.0000,true,1,98070
835811001324,false,סט מרקיות ולפתניות צ,מיקרון מקינה,TR,סט מרקיות ולפתניות צ,Unknown,0.00,יחידה,false,,34.90,0.0000,true,1,98927
835811001355,false,כוסות מרובעות בלו שי,בי רייט,CN,כוסות מרובעות בלו שי,Unknown,0.00,יחידה,false,,29.90,0.0000,true,1,98381
835811001409,false,"תבנית ח""פ עבה רוסטר",אופל אריזות בעמ,IL,"תבנית ח""פ עבה רוסטר",Unknown,0.00,יחידה,false,,19.90,0.0000,true,1,101407
835811001416,false,"תבנית ח""פ עבה לחלה 1",אופל אריזות בעמ,IL,"תבנית ח""פ עבה לחלה 1",Unknown,0.00,יחידה,false,,19.90,0.0000,true,1,101408
835811001423,false,"תבנית ח""פ עבה רוסטר",אופל אריזות בעמ,IL,"תבנית ח""פ עבה רוסטר",Unknown,0.00,יחידה,false,,19.90,0.0000,true,1,101409
835811001430,false,"תבנית ח""פ עבה רוסטר",אופל אריזות בעמ,IL,"תבנית ח""פ עבה רוסטר",Unknown,0.00,יחידה,false,,19.90,0.0000,true,1,101410
835811001454,false,גפרורים ארוך מאוד הנ,נור,SE,גפרורים ארוך מאוד הנ,Unknown,0.00,יחידה,false,,9.90,0.0000,true,1,101691
835811001461,false,גפרורים בינוני הנרות,,IL,גפרורים בינוני הנרות,Unknown,0.00,יחידה,false,,5.90,0.0000,true,1,102166
835811001621,false,"קינואה הנמל 1.2 ק""ג",הנמל,IL,"קינואה הנמל 1.2 ק""ג",פריט,1.20,"ק""ג",false,,19.90,16.5833,true,1,100506
835811001713,false,ניילון נצמד הנמל 150,ווינפאק סחר בעמ,IL,ניילון נצמד הנמל 150,מטרים,150.00,מטר,false,,14.90,0.0993,true,1,74262
835811001805,false,כוס קינוח אלגנטית +,מיקרו,CN,כוס קינוח אלגנטית +,Unknown,0.00,יחידה,false,,11.90,0.0000,true,1,72632
835811001812,false,כוס קינוח אלגנטית +,,,כוס קינוח אלגנטית +,Unknown,0.00,יחידה,false,,11.90,0.0000,true,1,72633
835811001928,false,תבניות אישיות לאפיה,בי רייט,CN,תבניות אישיות לאפיה,Unknown,0.00,יחידה,false,,6.90,0.0000,true,1,69407
835811001935,false,תבניות אישיות לאפיה,בי רייט,CN,תבניות אישיות לאפיה,Unknown,0.00,יחידה,false,,6.90,0.0000,true,1,69408
835811002215,false,מאפינס צבעוני 200 יח,יונק,,מאפינס צבעוני 200 יח,Unknown,0.00,יחידה,false,,9.90,0.0000,true,1,80633
835811002239,false,מאפינס צבעוני 200 יח,יונק,,מאפינס צבעוני 200 יח,Unknown,0.00,יחידה,false,,8.90,0.0000,true,1,80632
835811002246,false,מאפינס צבעוני 200 יח,יונק,,מאפינס צבעוני 200 יח,Unknown,0.00,יחידה,false,,7.90,0.0000,true,1,80631
835811002277,false,שיפודי במבוק עבים הנ,גרנג יוניברס,CN,שיפודי במבוק עבים הנ,Unknown,0.00,יחידה,false,,5.90,0.0000,true,1,102571
835811002406,false,מטליות רצפה מותאם למ,עופרטקס תעשיות 1997,IL,מטליות רצפה מותאם למ,Unknown,0.00,יחידה,false,,19.90,0.0000,true,1,75664
835811002451,false,נרות צבעוני 6 שעות 2,מולר פבריקה נרות,PL,נרות צבעוני 6 שעות 2,Unknown,0.00,יחידה,false,,12.90,0.0000,true,1,74783
835811002628,false,ופל קראנץ עלמה 60 יח,גילרו,IL,ופל קראנץ עלמה 60 יח,גרמים,720.00,100 גרם,false,,17.90,2.4861,true,1,99834
835811002703,false,סט אירוח צלחות ונציה,מיקרון מקינה,TR,סט אירוח צלחות ונציה,Unknown,0.00,יחידה,false,,36.90,0.0000,true,1,100834
835811002970,false,סט אירוח צלחות ונציה,מיקרון מקינה,TR,סט אירוח צלחות ונציה,Unknown,0.00,יחידה,false,,36.90,0.0000,true,1,101951
835811003106,false,כפות הגשה מפלסטיק שק,מיקרון מקינה,TR,כפות הגשה מפלסטיק שק,Unknown,0.00,יחידה,false,,12.90,0.0000,true,1,106705
835811003113,false,מזלגות איכותיות שקוף,מיקרו,TR,מזלגות איכותיות שקוף,Unknown,0.00,יחידה,false,,26.90,0.0000,true,1,103111
835811003120,false,כפות איכותיות שקוף נ,מיקרו,TR,כפות איכותיות שקוף נ,Unknown,0.00,יחידה,false,,26.90,0.0000,true,1,103112
835811003137,false,כפיות איכותיות שקוף,מיקרו,TR,כפיות איכותיות שקוף,Unknown,0.00,יחידה,false,,26.90,0.0000,true,1,103113
835811003144,false,סכינים איכותיים שקוף,מיקרו,TR,סכינים איכותיים שקוף,Unknown,0.00,יחידה,false,,26.90,0.0000,true,1,103114
835811003199,false,נייר אפיה לתבנית מלב,,CN,נייר אפיה לתבנית מלב,Unknown,0.00,יחידה,false,,17.90,0.0000,true,1,103991
835811003328,false,"תבנית ח""פ עבות במיוח",,IL,"תבנית ח""פ עבות במיוח",Unknown,0.00,יחידה,false,,44.90,0.0000,true,1,105747
835811003335,false,"תבנית ח""פ גבוהות הנמ",אופל אריזות בעמ,IL,"תבנית ח""פ גבוהות הנמ",Unknown,0.00,יחידה,false,,19.90,0.0000,true,1,103601
835811003342,false,"תבנית ח""פ נמוכות הנמ",אופל אריזות בעמ,IL,"תבנית ח""פ נמוכות הנמ",Unknown,0.00,יחידה,false,,19.90,0.0000,true,1,103602
835811003434,false,כוס רויאל הנמל 10 יח,בי רייט,CN,כוס רויאל הנמל 10 יח,Unknown,0.00,יחידה,false,,9.90,0.0000,true,1,106757
835811003670,false,סירופ בטעם שוקולד 60,O.S,,סירופ בטעם שוקולד 60,גרמים,600.00,100 גרם,false,,9.90,1.6500,true,1,86015
835811003694,false,טישו הנמל 10*140 יח,לילה,TR,טישו הנמל 10*140 יח,Unknown,0.00,יחידה,false,,23.90,0.0000,true,1,85660
835811003878,false,שקיות אשפה עם ידיות,זמזמ תעשיות פלסטיק,IL,שקיות אשפה עם ידיות,Unknown,0.00,יחידה,false,,11.90,0.0000,true,1,83535
835811004189,false,פירורי לחם מוזהבים ה,הנמל,IL,פירורי לחם מוזהבים ה,גרמים,800.00,100 גרם,false,,9.90,1.2375,true,1,109989
835811004202,false,מפות ניילון עבות הנמ,זמזמ תעשיות פלסטיק,IL,מפות ניילון עבות הנמ,Unknown,0.00,יחידה,false,,9.90,0.0000,true,1,87045
835811004219,false,מפות ניילון עבות הנמ,זמזמ תעשיות פלסטיק,IL,מפות ניילון עבות הנמ,Unknown,0.00,יחידה,false,,9.90,0.0000,true,1,87046
835811004226,false,מפת ניילון בגליל 45,,IL,מפת ניילון בגליל 45,Unknown,0.00,יחידה,false,,29.90,0.0000,true,1,101776
835811004233,false,מפות ניילון  18 יח ה,זמזמ תעשיות פלסטיק,IL,מפות ניילון  18 יח ה,Unknown,0.00,יחידה,false,,16.90,0.0000,true,1,87940
835811004240,false,מפות ניילון 22 יח הנ,זמזמ תעשיות פלסטיק,IL,מפות ניילון 22 יח הנ,Unknown,0.00,יחידה,false,,16.90,0.0000,true,1,87939
835811004257,false,נייר אלומיניום הנמל,גי.טי,CN,נייר אלומיניום הנמל,מטרים,30.00,מטר,false,,19.90,0.6633,true,1,87100
835811004271,false,צלחות סלטינה אמריקאי,ביירט,CN,צלחות סלטינה אמריקאי,Unknown,0.00,יחידה,false,,20.90,0.0000,true,1,89837
835811004394,false,סילאן לחיץ טבעי הנמל,פוליבה,IL,סילאן לחיץ טבעי הנמל,גרמים,800.00,100 גרם,false,,19.90,2.4875,true,1,87529
835811004417,false,ריבת חלב הנמל 340 גר,,,ריבת חלב הנמל 340 גר,גרמים,340.00,100 גרם,false,,11.90,3.5000,true,1,94764
835811004424,false,חלב מרוכז הנמל 340 ג,פוליבה,IL,חלב מרוכז הנמל 340 ג,גרמים,340.00,100 גרם,false,,11.90,3.5000,true,1,88395
835811004523,false,קשים לשייק הנמל 75 י,,CN,קשים לשייק הנמל 75 י,Unknown,0.00,יחידה,false,,6.90,0.0000,true,1,90517
835811004653,false,"תבניות ח""פ הנמל 4 יח",,,"תבניות ח""פ הנמל 4 יח",Unknown,0.00,יחידה,false,,8.90,0.0000,true,1,89838
835811004660,false,מנגטים  לאפייה כסף/ז,הנג טון,CN,מנגטים  לאפייה כסף/ז,Unknown,0.00,יחידה,false,,4.90,0.0000,true,1,53551
835811004677,false,מנגטים לאפייה כסף/זה,הנג טון,CN,מנגטים לאפייה כסף/זה,Unknown,0.00,יחידה,false,,8.90,0.0000,true,1,53554
835811004684,false,מנגטים לאפייה כסף/זה,הנג טון,CN,מנגטים לאפייה כסף/זה,Unknown,0.00,יחידה,false,,6.90,0.0000,true,1,53553
835811004707,false,פירורי לחם מוזהבים ה,ברמן שוקולד ועוגיות,IL,פירורי לחם מוזהבים ה,גרמים,440.00,100 גרם,false,,6.70,1.5227,true,1,51177
835811004943,false,קסרול שקוף אלגנט 10,אינפלסטיק בעמ,IL,קסרול שקוף אלגנט 10,Unknown,0.00,יחידה,false,,10.90,0.0000,true,1,50228
835811005025,false,סיר אלומיניום בינוני,קינפויל גאנגזו,CN,סיר אלומיניום בינוני,Unknown,0.00,יחידה,false,,14.90,0.0000,true,1,49508
835811005247,false,קערה שקופה 4 יח 4 או,הנג טונג,CN,קערה שקופה 4 יח 4 או,Unknown,0.00,יחידה,false,,7.90,0.0000,true,1,57703
835811005421,false,"שיפודים עבים 25 ס""מ",הנג טונג,CN,"שיפודים עבים 25 ס""מ",Unknown,0.00,יחידה,false,,2.50,0.0000,true,1,54957
835811005704,false,נייר עטיפה לכריכים 1,טופ פלסט 2002 בעמ,IL,נייר עטיפה לכריכים 1,Unknown,0.00,יחידה,false,,8.90,0.0000,true,1,51420
835811005728,false,עלים לקרמשניט 400 גר,רונית מאפים בעמ,IL,עלים לקרמשניט 400 גר,גרמים,400.00,100 גרם,false,,14.90,3.7250,true,1,63024
835811005735,false,כריות לכלים הנמל 12,סדובסקי,IL,כריות לכלים הנמל 12,Unknown,0.00,יחידה,false,,9.90,0.0000,true,1,61958
835811005773,false,מטליות לניקוי אבק הנ,מ.א.יצור ויבוא מטליו,IL,מטליות לניקוי אבק הנ,Unknown,0.00,יחידה,false,,19.90,0.0000,true,1,61954
835811005803,false,שקיות אשפה עם ידיות,תעשיות והשקעה אל רסא,IL,שקיות אשפה עם ידיות,Unknown,0.00,יחידה,false,,11.90,0.0000,true,1,68643
835811005995,false,ליפתנית מהודרת עם מכ,מיקרו,CN,ליפתנית מהודרת עם מכ,Unknown,0.00,יחידה,false,,11.90,0.0000,true,1,108791
835811006046,false,לפתניות אמריקאיות 10,בי רייט,CN,לפתניות אמריקאיות 10,Unknown,0.00,יחידה,false,,17.90,0.0000,true,1,61622
835811006176,false,כוס קינוח קריסטלי 60,מיקרון מקינה,TR,כוס קינוח קריסטלי 60,Unknown,0.00,יחידה,false,,14.90,0.0000,true,1,59901
835811006497,false,אבקת סוכר הנמל 500 ג,ר.ס. חברה ליבוא ויצו,IL,אבקת סוכר הנמל 500 ג,גרמים,500.00,100 גרם,false,,6.90,1.3800,true,1,74194
835811006534,false,כוסות נייר 50 יח 16,אכוף,CN,כוסות נייר 50 יח 16,Unknown,0.00,יחידה,false,,22.90,0.0000,true,1,67761
835811006589,false,כוס קינוח נאפולי 60C,מיקרו,CN,כוס קינוח נאפולי 60C,Unknown,0.00,יחידה,false,,11.90,0.0000,true,1,108792
835811006763,false,"תבניות ח""פ לאפיה איש",האנוי ואיוין אינטרנש,CN,"תבניות ח""פ לאפיה איש",Unknown,0.00,יחידה,false,,5.90,0.0000,true,1,64365
835811007166,false,כוסות לקפה + מכסה 16,הנג טונג,IL,כוסות לקפה + מכסה 16,Unknown,0.00,יחידה,false,,12.90,0.0000,true,1,37634
835811007494,false,אבקת גלטין טהור הנמל,טופ גאם,IL,אבקת גלטין טהור הנמל,גרמים,28.00,100 גרם,false,,8.90,31.7857,true,1,37647
835811007562,false,תבניות קרטון אינגליש,דוקרט תעשיית אריזות,IL,תבניות קרטון אינגליש,Unknown,0.00,יחידה,false,,8.90,0.0000,true,1,37649
835811007661,false,שקיות הקפאה הנמל 200,סאם גלובל תורכיה,CN,שקיות הקפאה הנמל 200,Unknown,0.00,יחידה,false,,6.90,0.0000,true,1,37655
835811007678,false,שקיות אוכל הנמל 200,סאם גלובל תורכיה,CN,שקיות אוכל הנמל 200,Unknown,0.00,יחידה,false,,2.80,0.0000,true,1,37656
835811008132,false,ספוג מתכת הנמל 6 יח,הנג טון,CN,ספוג מתכת הנמל 6 יח,Unknown,0.00,יחידה,false,,9.90,0.0000,true,1,37679
835811008606,false,סיר אלומיניום 3 יחיד,קינפויל גאנגזו,CN,סיר אלומיניום 3 יחיד,Unknown,0.00,יחידה,false,,12.90,0.0000,true,1,38789
835811008729,false,צלחות אמריקאיות ענק,בי רייט,CN,צלחות אמריקאיות ענק,Unknown,0.00,יחידה,false,,59.90,0.0000,true,1,48546
835811008736,false,צלחות אמריקאיות גדול,בי רייט,CN,צלחות אמריקאיות גדול,Unknown,0.00,יחידה,false,,48.90,0.0000,true,1,42848
835811008774,false,צלחות אמריקאיות קטנו,בי רייט,CN,צלחות אמריקאיות קטנו,Unknown,0.00,יחידה,false,,29.90,0.0000,true,1,42847
835811008781,false,"מרקיות אמריקאיות ח""פ",בי רייט,CN,"מרקיות אמריקאיות ח""פ",Unknown,0.00,יחידה,false,,29.90,0.0000,true,1,42846
835811008927,false,כוס ויסקי הנמל 10 יח,בי רייט,CN,כוס ויסקי הנמל 10 יח,Unknown,0.00,יחידה,false,,11.50,0.0000,true,1,109990
835811008996,false,כוסות נייר 50 יח 300,אכוף,CN,כוסות נייר 50 יח 300,Unknown,0.00,יחידה,false,,13.90,0.0000,true,1,38770
835811009016,false,כוסות נייר 50 יח 120,אכוף,CN,כוסות נייר 50 יח 120,Unknown,0.00,יחידה,false,,6.90,0.0000,true,1,38771
835811009139,false,לפתניות מרובע קטן 10,בי רייט,CN,לפתניות מרובע קטן 10,Unknown,0.00,יחידה,false,,9.90,0.0000,true,1,38809
835811009146,false,קערה קטן אובלי אלגנט,מיקרון מקינה,CN,קערה קטן אובלי אלגנט,Unknown,0.00,יחידה,false,,13.90,0.0000,true,1,38805
838948000048,false,ממרח שוקולד אגוזים ש,SHNEIDER'S,NL,ממרח שוקולד אגוזים ש,גרמים,700.00,100 גרם,false,,21.90,3.1286,true,1,73864
838948000062,false,סוכריות קנדי פלנט בא,שניידרס,FR,סוכריות קנדי פלנט בא,גרמים,150.00,100 גרם,false,,9.90,6.6000,true,1,102688
838948000086,false,סוכריות קנדי פלנט בנ,שניידרס,FR,סוכריות קנדי פלנט בנ,גרמים,150.00,100 גרם,false,,9.90,6.6000,true,1,106714
838948002257,false,עוגיות שוקולד ציפס א,SHNEIDER'S,FR,עוגיות שוקולד ציפס א,גרמים,200.00,100 גרם,false,,8.90,4.4500,true,1,68797
838948002271,false,עוגיות שוקולד ציפס ק,SHNEIDER'S,FR,עוגיות שוקולד ציפס ק,גרמים,200.00,100 גרם,false,,8.90,4.4500,true,1,68795
838948002783,false,"מחית פרי תפו""ע ותות",שניידרס,FR,"מחית פרי תפו""ע ותות",גרמים,360.00,100 גרם,false,,12.90,3.5833,true,1,79774
838948004497,false,עוגיות שוקולד ציפס ש,SHNEIDER'S,FR,עוגיות שוקולד ציפס ש,גרמים,200.00,100 גרם,false,,8.90,4.4500,true,1,68796
838948005968,false,סוכריות קנדי פלנט לק,שניידרס,FR,סוכריות קנדי פלנט לק,גרמים,200.00,100 גרם,false,,9.90,4.9500,true,1,83164
838948005999,false,סוכריות קנדי פלנט או,שניידרס,FR,סוכריות קנדי פלנט או,גרמים,200.00,100 גרם,false,,9.90,4.9500,true,1,106715
838948006798,false,סוכריות קנדי פלנט לק,שניידרס,FR,סוכריות קנדי פלנט לק,גרמים,200.00,100 גרם,false,,9.90,4.9500,true,1,82864
838948007542,false,שוקולד שניידרס מריר,שניידרס,FR,שוקולד שניידרס מריר,גרמים,100.00,100 גרם,false,,8.90,8.9000,true,1,70836
838948007559,false,שוקולד שניידרס מריר,שניידרס,FR,שוקולד שניידרס מריר,גרמים,100.00,100 גרם,false,,8.90,8.9000,true,1,70837
838948007580,false,שוקולד שניידרס מריר,שניידרס,FR,שוקולד שניידרס מריר,גרמים,100.00,100 גרם,false,,8.90,8.9000,true,1,70842
838948007597,false,שוקולד שניידרס חלב ש,שניידרס,FR,שוקולד שניידרס חלב ש,גרמים,100.00,100 גרם,false,,8.90,8.9000,true,1,70844
838948008181,false,עוגיות גרנינו מצופות,שניידרס,FR,עוגיות גרנינו מצופות,גרמים,150.00,100 גרם,false,,12.90,8.6000,true,1,102681
838948008495,false,שוקולד שניידרס חלב א,שניידרס,FR,שוקולד שניידרס חלב א,גרמים,100.00,100 גרם,false,,8.90,8.9000,true,1,70843
838948008532,false,שוקולד שניידרס מריר,שניידרס,FR,שוקולד שניידרס מריר,גרמים,100.00,100 גרם,false,,8.90,8.9000,true,1,70840
838948008563,false,שוקולד שניידרס מריר,שניידרס,FR,שוקולד שניידרס מריר,גרמים,100.00,100 גרם,false,,8.90,8.9000,true,1,70838
838948008969,false,קרקר יו מרובע שניידר,שניידרס,FR,קרקר יו מרובע שניידר,גרמים,300.00,100 גרם,false,,9.90,3.3000,true,1,88247
838948010863,false,סוכריות ריינבולס בטע,שניידרס,FR,סוכריות ריינבולס בטע,גרמים,150.00,100 גרם,false,,9.90,6.6000,true,1,106716
838948010870,false,סוכריות ריינבולס חמו,שניידרס,FR,סוכריות ריינבולס חמו,גרמים,150.00,100 גרם,false,,9.90,6.6000,true,1,106717
844510012104,false,יין רמת יהודה קברנה,אגדת,IL,יין רמת יהודה קברנה,מיליליטרים,750.00,"100 מ""ל",false,,69.90,9.3200,true,1,98003
844510012135,false,יין רמת יהודה פטיט ו,אגדת,IL,יין רמת יהודה פטיט ו,מיליליטרים,750.00,"100 מ""ל",false,,69.90,9.3200,true,1,98006
844510013101,false,יין ג'רוזלם הילז קבר,אגדת,IL,יין ג'רוזלם הילז קבר,מיליליטרים,750.00,"100 מ""ל",false,,39.90,5.3200,true,1,97990
844510013125,false,יין ג'רוזלם הילז מרל,אגדת,IL,יין ג'רוזלם הילז מרל,מיליליטרים,750.00,"100 מ""ל",false,,39.90,5.3200,true,1,97991
844510013149,false,יין ג'רוזלם הילז קבר,אגדת,IL,יין ג'רוזלם הילז קבר,מיליליטרים,750.00,"100 מ""ל",false,,39.90,5.3200,true,1,97992
850008847257,false,יין טברנקל קברנה סוב,יקב טרנקבל,IL,יין טברנקל קברנה סוב,מיליליטרים,750.00,"100 מ""ל",false,,89.90,11.9867,true,1,107352
854928007067,false,שוקולד מריר 41% רוקה,מאונטיין צוקולט ק.פ.,HK,שוקולד מריר 41% רוקה,גרמים,600.00,100 גרם,false,,13.90,2.3167,true,1,99198
856591000055,false,עוגיות מזרחיות קריספ,עבאדי,IL,עוגיות מזרחיות קריספ,גרמים,400.00,100 גרם,false,,12.90,3.2250,true,1,94192
856591000062,false,עוגיות מזרחיות מלח ע,עבאדי,IL,עוגיות מזרחיות מלח ע,גרמים,400.00,100 גרם,false,,12.90,3.2250,true,1,37819
856591000109,false,עוגיות מזרחיות פריכו,עבאדי,IL,עוגיות מזרחיות פריכו,גרמים,400.00,100 גרם,false,,12.90,3.2250,true,1,94173
856591000512,false,עוגיות מזרחיות מקלונ,עבאדי,IL,עוגיות מזרחיות מקלונ,גרמים,400.00,100 גרם,false,,16.90,4.2250,true,1,100514
856591000949,false,עוגיות קטנטנים עבאדי,עבאדי,IL,עוגיות קטנטנים עבאדי,גרמים,350.00,100 גרם,false,,12.90,3.6857,true,1,105385
856591000956,false,עוגיות קטנטנים בטעם,עבאדי,IL,עוגיות קטנטנים בטעם,גרמים,350.00,100 גרם,false,,12.90,3.6857,true,1,108971
856591000970,false,עוגיות מזרחיות מקלונ,עבאדי,IL,עוגיות מזרחיות מקלונ,גרמים,400.00,100 גרם,false,,16.90,4.2250,true,1,108970
859844105101,false,תערובת לקניידלך מקמח,מצות אביב,IL,תערובת לקניידלך מקמח,גרמים,140.00,100 גרם,false,,11.90,8.5000,true,1,108012
859844105118,false,תערובת לקניידלך מקמח,מצות אביב,IL,תערובת לקניידלך מקמח,גרמים,140.00,100 גרם,false,,11.90,8.5000,true,1,108013
870264001330,false,פתיל צף תפארת,,,פתיל צף תפארת,Unknown,0.00,יחידה,false,,2.90,0.0000,true,1,94052
884912117625,false,דגני בוקר גולדן קריס,פוסט לקיוויל,US,דגני בוקר גולדן קריס,גרמים,418.00,100 גרם,false,,19.90,4.7608,true,1,108856
884912359155,false,דגני  בוקר האני בנצ',פוסט לקיוויל,US,דגני  בוקר האני בנצ',גרמים,340.00,100 גרם,false,,21.90,6.4412,true,1,108860
884912359162,false,דגני  בוקר האני בנצ',פוסט לקיוויל,US,דגני  בוקר האני בנצ',גרמים,340.00,100 גרם,false,,21.90,6.4412,true,1,108861
884912359414,false,דגני  בוקר האני בנצ',פוסט לקיוויל,US,דגני  בוקר האני בנצ',גרמים,340.00,100 גרם,false,,21.90,6.4412,true,1,108862
884912359421,false,דגני  בוקר האני בנצ',פוסט לקיוויל,US,דגני  בוקר האני בנצ',גרמים,340.00,100 גרם,false,,21.90,6.4412,true,1,108863
884912365200,false,דגני בוקר עם פירורי,פוסט לקיוויל,US,דגני בוקר עם פירורי,גרמים,311.00,100 גרם,false,,19.90,6.3987,true,1,108956
884912378118,false,דגני בוקר רייזן ברן,פוסט לקיוויל,US,דגני בוקר רייזן ברן,גרמים,471.00,100 גרם,false,,22.90,4.8620,true,1,108859
893022001137,false,מגבונים לשימוש בשבת,ווטנפס בעמ,IL,מגבונים לשימוש בשבת,Unknown,0.00,יחידה,false,,3.90,0.0000,true,1,105305
3014400012157,false,ליקר פסטיס אפרון בטע,פיטר הרינג,DK,ליקר פסטיס אפרון בטע,קילוגרמים,1.00,ליטר,false,,79.90,79.9000,true,1,78782
3035542001908,false,ליקר קואנטרו 1 ליטר,קואנטרו,FR,ליקר קואנטרו 1 ליטר,קילוגרמים,1.00,ליטר,false,,119.90,119.9000,true,1,97563
3141360054405,false,מפיג ריח פיניש לימון,רקיט בנקיזר,PL,מפיג ריח פיניש לימון,Unknown,0.00,יחידה,false,,14.90,0.0000,true,1,81029
3267682136176,false,ויסקי היילנד קווין 1,אגדת,IL,ויסקי היילנד קווין 1,קילוגרמים,1.00,ליטר,false,,89.90,89.9000,true,1,104394
3387390320244,false,דגני בוקר פיטנס עם פ,נסטלה צרפת איטנקורט,FR,דגני בוקר פיטנס עם פ,גרמים,375.00,100 גרם,false,,19.90,5.3067,true,1,32463
3574660058857,false,שמן גונסונס בייבי 50,גונסון אנד גונסון,IT,שמן גונסונס בייבי 50,גרמים,500.00,100 גרם,false,,29.90,5.9800,true,1,91108
3574660089547,false,טמפונים אובה פרוקומפ,גונסון אנד גונסון,IT,טמפונים אובה פרוקומפ,Unknown,0.00,יחידה,false,,19.90,0.0000,true,1,56632
3574660115154,false,טמפונים אובה פרוקומפ,גונסון אנד גונסון,IT,טמפונים אובה פרוקומפ,Unknown,0.00,יחידה,false,,19.90,0.0000,true,1,56634
3574660239829,false,קרם ידיים ניוטרוג'ינ,גונסון אנד גונסון,FR,קרם ידיים ניוטרוג'ינ,מיליליטרים,75.00,"100 מ""ל",false,,19.90,26.5333,true,1,109879
3574660464337,false,מגן תחתון קרפרי נורמ,גונסון אנד גונסון,IT,מגן תחתון קרפרי נורמ,Unknown,0.00,יחידה,false,,22.90,0.0000,true,1,71777
3574660464368,false,מגן תחתון קרפרי אלוו,גונסון אנד גונסון,IT,מגן תחתון קרפרי אלוו,Unknown,0.00,יחידה,false,,22.90,0.0000,true,1,71778
3574660514643,false,קרם לחות מרגיע ניוטר,גונסון אנד גונסון,FR,קרם לחות מרגיע ניוטר,מיליליטרים,300.00,"100 מ""ל",false,,19.90,6.6333,true,1,109882
3574660520132,false,מי פה ליסטרין מנטה 1,גונסון אנד גונסון,IT,מי פה ליסטרין מנטה 1,קילוגרמים,1.00,ליטר,false,,29.90,29.9000,true,1,74069
3574661098531,false,תחליב גוף ניוטרוג'ינ,גונסון אנד גונסון,GR,תחליב גוף ניוטרוג'ינ,מיליליטרים,400.00,"100 מ""ל",false,,19.90,4.9750,true,1,109883
3574661098937,false,תחליב גוף ניוטרוג'ינ,גונסון אנד גונסון,GR,תחליב גוף ניוטרוג'ינ,מיליליטרים,400.00,"100 מ""ל",false,,19.90,4.9750,true,1,109884
3574661226491,false,מי פה ליסטרין טוטאל,גונסון אנד גונסון,IT,מי פה ליסטרין טוטאל,קילוגרמים,1.00,ליטר,false,,29.90,29.9000,true,1,101896
3574661487632,false,מגן תחתון קרפרי לארג,קרפרי,IT,מגן תחתון קרפרי לארג,Unknown,0.00,יחידה,false,,22.90,0.0000,true,1,93998
3574661491950,false,מי פה ליסטרין הלבנה,גונסון אנד גונסון,IT,מי פה ליסטרין הלבנה,קילוגרמים,1.00,ליטר,false,,34.90,34.9000,true,1,105805
3574669907682,false,טלק גונסונס בייבי 50,גונסון אנד גונסון,IT,טלק גונסונס בייבי 50,גרמים,500.00,100 גרם,false,,29.90,5.9800,true,1,92933
3574669907729,false,שמפו גונסונס בייבי ג,גונסון אנד גונסון,IT,שמפו גונסונס בייבי ג,מיליליטרים,750.00,"100 מ""ל",false,,23.90,3.1867,true,1,107492
3574669907781,false,שמפו גונסונס בייבי ג,גונסון אנד גונסון,IT,שמפו גונסונס בייבי ג,מיליליטרים,750.00,"100 מ""ל",false,,23.90,3.1867,true,1,92888
3574669908665,false,אל סבון לפני השינה ג,גונסון אנד גונסון,IT,אל סבון לפני השינה ג,מיליליטרים,750.00,"100 מ""ל",false,,17.90,2.3867,true,1,92890
3574669908948,false,תחליב רחצה עדין גונס,גונסון אנד גונסון,IT,תחליב רחצה עדין גונס,מיליליטרים,750.00,"100 מ""ל",false,,17.90,2.3867,true,1,92891
3607343817547,false,דאו אדידס ספריי לגבר,קולפ,PT,דאו אדידס ספריי לגבר,מיליליטרים,150.00,"100 מ""ל",false,,11.90,7.9333,true,1,109324
3607349687458,false,דאו אדידס ספריי לגבר,קולפ,PT,דאו אדידס ספריי לגבר,מיליליטרים,150.00,"100 מ""ל",false,,11.90,7.9333,true,1,109325
3614223736003,false,דאו אדידס ספריי לגבר,קולפ,PT,דאו אדידס ספריי לגבר,מיליליטרים,150.00,"100 מ""ל",false,,11.90,7.9333,true,1,109326
3661163991146,false,דאו אדידס ספריי לאיש,קולפ,PT,דאו אדידס ספריי לאיש,מיליליטרים,150.00,"100 מ""ל",false,,11.90,7.9333,true,1,48908
3661163991344,false,דאו אדידס ספריי לאיש,קולפ,PT,דאו אדידס ספריי לאיש,מיליליטרים,150.00,"100 מ""ל",false,,11.90,7.9333,true,1,48912
3760262540009,false,יין נדיב ראשית 2018,יקב רקאנטי,IL,יין נדיב ראשית 2018,מיליליטרים,750.00,"100 מ""ל",false,,89.90,11.9867,true,1,98336
3760262540054,false,יין נדיב אלאון קברנה,יקב רקאנטי,IL,יין נדיב אלאון קברנה,מיליליטרים,750.00,"100 מ""ל",false,,139.90,18.6533,true,1,98339
4002448017684,false,תרסיס סיליט באנג 750,רקיט בנקיזר,PL,תרסיס סיליט באנג 750,מיליליטרים,750.00,"100 מ""ל",false,,12.50,1.6667,true,1,32964
4002448019480,false,תרסיס סיליט באנג מסי,רקיט בנקיזר,PL,תרסיס סיליט באנג מסי,מיליליטרים,750.00,"100 מ""ל",false,,12.50,1.6667,true,1,32966
4002631025069,false,בירה קוניגסבכר פילס,קרלסברג יבוא יצוא,DE,בירה קוניגסבכר פילס,מיליליטרים,500.00,"100 מ""ל",false,,5.90,1.1800,true,1,103703
4008287051032,false,בירה קרומבאכר פילס פ,יקבי כרמל,IL,בירה קרומבאכר פילס פ,מיליליטרים,500.00,"100 מ""ל",false,,9.90,1.9800,true,1,101740
4008287058161,false,מארז בירה קרומבאכר פ,יקבי כרמל,IL,מארז בירה קרומבאכר פ,קילוגרמים,1.98,ליטר,false,,36.90,18.6364,true,1,101746
4008287762020,false,בירה קרומבאכר חיטה ב,יקבי כרמל,IL,בירה קרומבאכר חיטה ב,מיליליטרים,500.00,"100 מ""ל",false,,9.90,1.9800,true,1,101747
4008287905786,false,בירה קרומבאכר חיטה פ,יקבי כרמל,IL,בירה קרומבאכר חיטה פ,מיליליטרים,500.00,"100 מ""ל",false,,9.90,1.9800,true,1,101741
4008496884896,false,מארז 10 סוללות ורטה,,,מארז 10 סוללות ורטה,Unknown,0.00,יחידה,false,,14.90,0.0000,true,1,97693
4008496927364,false,מארז 10 סוללות ורטה,,,מארז 10 סוללות ורטה,Unknown,0.00,יחידה,false,,14.90,0.0000,true,1,97694
4008535095351,false,בננית מצופה שוקולד ש,שקדיה,IL,בננית מצופה שוקולד ש,גרמים,300.00,100 גרם,false,,12.90,4.3000,true,1,103668
4009300522935,false,תה ירוק פומפדור לימו,טייקנה,DE,תה ירוק פומפדור לימו,גרמים,30.00,100 גרם,false,,14.90,49.6667,true,1,65986
4009300522966,false,תה ירוק פומפדור נענע,טייקנה,DE,תה ירוק פומפדור נענע,גרמים,30.00,100 גרם,false,,14.90,49.6667,true,1,65985
4009300524588,false,חליטת צמחים פומפדור,טייקנה,DE,חליטת צמחים פומפדור,גרמים,60.00,100 גרם,false,,11.90,19.8333,true,1,65981
4009300524625,false,תה פומפדר צאי מסאלה,TEEKANNE- POMPADOU,DE,תה פומפדר צאי מסאלה,גרמים,40.00,100 גרם,false,,11.90,29.7500,true,1,65984
4009300525011,false,תה ירוק פומפדור תפוז,TEEKANNE- POMPADOU,,תה ירוק פומפדור תפוז,גרמים,30.00,100 גרם,false,,14.90,49.6667,true,1,65990
4009300525684,false,חליטת פירות פומפדור,טייקנה,DE,חליטת פירות פומפדור,גרמים,35.00,100 גרם,false,,11.90,34.0000,true,1,65978
4009300526438,false,תה ירוק פומפדור קלאס,טייקנה,DE,תה ירוק פומפדור קלאס,גרמים,30.00,100 גרם,false,,14.90,49.6667,true,1,69508
4009900402965,false,מסטיק אורביט בבקבוק,ריגלי,PL,מסטיק אורביט בבקבוק,Unknown,0.00,יחידה,false,,9.40,0.0000,true,1,74178
4009900403023,false,מסטיק אורביט בבקבוק,ריגלי,PL,מסטיק אורביט בבקבוק,Unknown,0.00,יחידה,false,,9.40,0.0000,true,1,74174
4009900420129,false,מסטיק אורביט בבקבוק,ריגלי,PL,מסטיק אורביט בבקבוק,גרמים,64.00,100 גרם,false,,9.40,14.6875,true,1,91301
4009900455299,false,סוכריות סקיטלס פירות,ריגלי,PL,סוכריות סקיטלס פירות,גרמים,174.00,100 גרם,false,,7.90,4.5402,true,1,70324
4009900465304,false,סוכריות סקיטלס פירות,ריגלי,PL,סוכריות סקיטלס פירות,גרמים,174.00,100 גרם,false,,7.90,4.5402,true,1,70325
4009900479998,false,מסטיק אורביט בבקבוק,ריגלי,PL,מסטיק אורביט בבקבוק,גרמים,64.40,100 גרם,false,,9.40,14.5963,true,1,74176
4009900482417,false,מסטיק אורביט בבקבוק,ריגלי,PL,מסטיק אורביט בבקבוק,Unknown,0.00,יחידה,false,,9.40,0.0000,true,1,74175
4009900483803,false,מסטיק אירוובס פרופשי,ריגלי,PL,מסטיק אירוובס פרופשי,גרמים,84.00,100 גרם,false,,9.90,11.7857,true,1,91174
4009900484060,false,מסטיק אורביט פרופשיו,ריגלי,PL,מסטיק אורביט פרופשיו,Unknown,0.00,יחידה,false,,9.90,0.0000,true,1,70326
4009900491044,false,מסטיק אירוובס  אוכמנ,ריגלי,PL,מסטיק אירוובס  אוכמנ,Unknown,0.00,יחידה,false,,9.90,0.0000,true,1,91175
4009900496247,false,מסטיק אורביט בבלימנט,ריגלי,PL,מסטיק אורביט בבלימנט,Unknown,0.00,יחידה,false,,9.90,0.0000,true,1,91176
4009900531122,false,מסטיק אורביט בבקבוק,ריגלי,PL,מסטיק אורביט בבקבוק,גרמים,64.40,100 גרם,false,,9.40,14.5963,true,1,91302
4015400564454,false,מגן תחתון אולוויז מג,פרוקטר & גמבל,,מגן תחתון אולוויז מג,Unknown,0.00,יחידה,false,,16.90,0.0000,true,1,62852
4015400598329,false,תחבושות אלוויז קוואט,פרוקטר & גמבל,HU,תחבושות אלוויז קוואט,Unknown,0.00,יחידה,false,,28.90,0.0000,true,1,63557
4015400598381,false,תחבושות אלוויז קוואט,פרוקטר & גמבל,HU,תחבושות אלוויז קוואט,Unknown,0.00,יחידה,false,,28.90,0.0000,true,1,63556
4015400598411,false,תחבושות אלוויז קוואט,פרוקטר & גמבל,HU,תחבושות אלוויז קוואט,Unknown,0.00,יחידה,false,,28.90,0.0000,true,1,63555
4015400695691,false,חיתולי פמפרס בייבי ד,פרוקטר & גמבל,TR,חיתולי פמפרס בייבי ד,Unknown,0.00,יחידה,false,,64.90,0.0000,true,1,106607
4015400746812,false,מגן תחתון אולוויז מג,פרוקטר & גמבל,,מגן תחתון אולוויז מג,Unknown,0.00,יחידה,false,,16.90,0.0000,true,1,78840
4015400990543,false,אבקת כביסה צבעונית א,פרוקטר & גמבל,FR,אבקת כביסה צבעונית א,פריט,8.00,"ק""ג",false,,54.90,6.8625,true,1,75150
4015600762742,false,שמפו הד&שולדרס קלאסי,פרוקטר & גמבל,,שמפו הד&שולדרס קלאסי,מיליליטרים,500.00,"100 מ""ל",false,,17.90,3.5800,true,1,64852
4015600762780,false,שמפו ומרכך הד&שולדרס,פרוקטר & גמבל,,שמפו ומרכך הד&שולדרס,מיליליטרים,500.00,"100 מ""ל",false,,17.90,3.5800,true,1,64853
4015600762902,false,שמפו הד&שולדרס מנטול,פרוקטר & גמבל,,שמפו הד&שולדרס מנטול,מיליליטרים,500.00,"100 מ""ל",false,,17.90,3.5800,true,1,64854
4015600762940,false,שמפו הד&שולדרס תפוח,,,שמפו הד&שולדרס תפוח,מיליליטרים,500.00,"100 מ""ל",false,,17.90,3.5800,true,1,64858
4015600763022,false,שמפו הד&שולדרס מגע מ,פרוקטר & גמבל,,שמפו הד&שולדרס מגע מ,מיליליטרים,500.00,"100 מ""ל",false,,17.90,3.5800,true,1,64857
4015600810849,false,דאו גל גילט קליר פאו,פרוקטר & גמבל,,דאו גל גילט קליר פאו,גרמים,70.00,100 גרם,false,,17.90,25.5714,true,1,76218
4022025001905,false,יין בלו ווין זהב 24K,יקב רמת הגולן,IL,יין בלו ווין זהב 24K,מיליליטרים,750.00,"100 מ""ל",false,,49.90,6.6533,true,1,106641
4022025001929,false,יין בלו ווין כחול מב,יקב רמת הגולן,IL,יין בלו ווין כחול מב,מיליליטרים,750.00,"100 מ""ל",false,,49.90,6.6533,true,1,106642
4053700292455,false,רצועות שעווה לעור רג,רקיט בנקיזר,FR,רצועות שעווה לעור רג,Unknown,0.00,יחידה,false,,19.90,0.0000,true,1,94821
4062400115483,false,טקילה סיירה סילבר 70,אגדת,IL,טקילה סיירה סילבר 70,מיליליטרים,700.00,"100 מ""ל",false,,79.90,11.4143,true,1,104395
4066600999614,false,בירה מעוננת פאולנר 5,פאולנר,DE,בירה מעוננת פאולנר 5,מיליליטרים,500.00,"100 מ""ל",false,,10.90,2.1800,true,1,83184
4084500178137,false,גל טייד אלפיין 4 ליט,פרוקטר & גמבל,FR,גל טייד אלפיין 4 ליט,קילוגרמים,4.00,ליטר,false,,31.90,7.9750,true,1,68505
4105120623941,false,בירה ויינשטפן 5.4% 5,קרלסברג ישראל,IL,בירה ויינשטפן 5.4% 5,מיליליטרים,500.00,"100 מ""ל",false,,9.90,1.9800,true,1,84344
4210201176688,false,ראש חשמלי למברשת שינ,פרוקטר & גמבל,IE,ראש חשמלי למברשת שינ,Unknown,0.00,יחידה,false,,69.90,0.0000,true,1,105158
4210201245193,false,מברשת שיניים חשמלית,פרוקטר & גמבל,DE,מברשת שיניים חשמלית,Unknown,0.00,יחידה,false,,89.90,0.0000,true,1,97575
4210201262183,false,מברשת שיניים חשמלית,פרוקטר & גמבל,DE,מברשת שיניים חשמלית,Unknown,0.00,יחידה,false,,89.90,0.0000,true,1,95863
4210201320111,false,מברשת שיניים חשמלית,פרוקטר & גמבל,DE,מברשת שיניים חשמלית,Unknown,0.00,יחידה,false,,89.90,0.0000,true,1,105889
4210201360742,false,ראש חשמלי למברשת שינ,פרוקטר & גמבל,IE,ראש חשמלי למברשת שינ,Unknown,0.00,יחידה,false,,69.90,0.0000,true,1,105159
4210201365334,false,ראש חשמלי למברשת שינ,פרוקטר & גמבל,IE,ראש חשמלי למברשת שינ,Unknown,0.00,יחידה,false,,69.90,0.0000,true,1,105890
4210201403319,false,מברשת שיניים חשמלית,פרוקטר & גמבל,DE,מברשת שיניים חשמלית,Unknown,0.00,יחידה,false,,89.90,0.0000,true,1,105891
4260147890513,false,אטריות ביצים דקות שק,קאוו אס,PL,אטריות ביצים דקות שק,גרמים,500.00,100 גרם,false,,9.90,1.9800,true,1,54752
4260147890711,false,אטריות ביצים מגולגלו,קאוו אס,PL,אטריות ביצים מגולגלו,גרמים,500.00,100 גרם,false,,9.90,1.9800,true,1,54747
4602486000954,false,וודקה בלנקאיה גולד 1,מזקקת גורגיבסקי,RU,וודקה בלנקאיה גולד 1,קילוגרמים,1.00,ליטר,false,,79.90,79.9000,true,1,103818
4603400000067,false,וודקה רוסקי סטנדרט 1,רוסקי סטנדרט,RU,וודקה רוסקי סטנדרט 1,קילוגרמים,1.00,ליטר,false,,89.90,89.9000,true,1,92718
4603400000203,false,וודקה רוסקי סטנדרט 1,,,וודקה רוסקי סטנדרט 1,קילוגרמים,1.00,ליטר,false,,89.90,89.9000,true,1,90029
4603514009277,false,ג'ין יבש באריסטר 700,אגדת,IL,ג'ין יבש באריסטר 700,מיליליטרים,700.00,"100 מ""ל",false,,79.90,11.4143,true,1,104396
4603928000983,false,וודקה בלוגה 1 ליטר,מרינסק דיסטילרי,,וודקה בלוגה 1 ליטר,קילוגרמים,1.00,ליטר,false,,129.90,129.9000,true,1,84616
4640018993398,false,טבליות פיניש קוואנטו,רקיט בנקיזר,PL,טבליות פיניש קוואנטו,Unknown,0.00,יחידה,false,,58.90,0.0000,true,1,96507
4710964104916,false,שמן שומשום טהור מזרח,פלייבור פול פודס טיי,TW,שמן שומשום טהור מזרח,מיליליטרים,370.00,"100 מ""ל",false,,19.90,5.3784,true,1,95084
4710964170799,false,שומשום שחור קלוי מזר,פלייבור פול פודס טיי,TW,שומשום שחור קלוי מזר,גרמים,91.00,100 גרם,false,,16.50,18.1319,true,1,95085
4751007730938,false,שפורט מעושן בשמן דבר,karavela,LV,שפורט מעושן בשמן דבר,גרמים,240.00,100 גרם,false,,7.90,3.2917,true,1,88033
4791021002789,false,תה ירוק 100 שקיקים,IMPERIAL TEA EXPORT,,תה ירוק 100 שקיקים,גרמים,200.00,100 גרם,false,,19.90,9.9500,true,1,72262
4791021003588,false,תה שחור אימפרה 100 ש,IMPERIAL TEA EXPORT,,תה שחור אימפרה 100 ש,גרמים,150.00,100 גרם,false,,9.90,6.6000,true,1,70175
4791021004462,false,תה ירוק תפוח 25 שקיק,IMPERIAL TEA EXPORT,,תה ירוק תפוח 25 שקיק,גרמים,50.00,100 גרם,false,,9.90,19.8000,true,1,86473
4791021004554,false,תה ירוק מנטה 25 שקיק,IMPERIAL TEA EXPORT,,תה ירוק מנטה 25 שקיק,גרמים,50.00,100 גרם,false,,9.90,19.8000,true,1,86474
4791021006695,false,תה ירוק יסמין 25 שקי,IMPERIAL TEA EXPORT,,תה ירוק יסמין 25 שקי,גרמים,50.00,100 גרם,false,,9.90,19.8000,true,1,86475
4791021009399,false,תה ירוק קלאסי 25 שקי,IMPERIAL TEA EXPORT,,תה ירוק קלאסי 25 שקי,גרמים,50.00,100 גרם,false,,9.90,19.8000,true,1,86472
4791021901969,false,תה ירוק חמוציות 25 ש,IMPERIAL TEA EXPORT,,תה ירוק חמוציות 25 ש,גרמים,50.00,100 גרם,false,,9.90,19.8000,true,1,86470
4791021901983,false,תה ירוק צאי מסלה 25,IMPERIAL TEA EXPORT,,תה ירוק צאי מסלה 25,גרמים,50.00,100 גרם,false,,9.90,19.8000,true,1,86471
4791021904861,false,תה ירוק גינגר 25 שקי,IMPERIAL TEA EXPORT,,תה ירוק גינגר 25 שקי,גרמים,50.00,100 גרם,false,,9.90,19.8000,true,1,86469
4791021944720,false,תה ארל גריי  שחור 10,IMPERIAL TEA EXPORT,,תה ארל גריי  שחור 10,גרמים,200.00,100 גרם,false,,19.90,9.9500,true,1,87424
4891228430054,false,סכיני גילוח לנשים שי,שיק,CN,סכיני גילוח לנשים שי,Unknown,0.00,יחידה,false,,9.90,0.0000,true,1,81046
4891228430092,false,סכיני גילוח לנשים שי,שיק,CN,סכיני גילוח לנשים שי,Unknown,0.00,יחידה,false,,14.90,0.0000,true,1,83162
4891228460242,false,סכיני גילוח לנשים 4,שיק,CN,סכיני גילוח לנשים 4,Unknown,0.00,יחידה,false,,19.90,0.0000,true,1,94167
4902430766579,false,מברשת שיניים אורל בי,פרוקטר & גמבל,IN,מברשת שיניים אורל בי,Unknown,0.00,יחידה,false,,9.90,0.0000,true,1,107044
4902430864596,false,מברשת שיניים אורל בי,פרוקטר & גמבל,IN,מברשת שיניים אורל בי,Unknown,0.00,יחידה,false,,9.90,0.0000,true,1,100701
4903001904192,false,רוטב סויה יאמאסה 500,יאמאסה,JP,רוטב סויה יאמאסה 500,גרמים,500.00,100 גרם,false,,17.50,3.5000,true,1,107786
4903001925784,false,רוטב סויה מופחת נתרן,יאמאסה,JP,רוטב סויה מופחת נתרן,גרמים,500.00,100 גרם,false,,17.50,3.5000,true,1,107787
4903001930993,false,רוטב טריאקי יאמאסה 5,יאמאסה,JP,רוטב טריאקי יאמאסה 5,גרמים,500.00,100 גרם,false,,17.50,3.5000,true,1,107788
4987176128188,false,מברשת שיניים אורל בי,פרוקטר & גמבל,IN,מברשת שיניים אורל בי,Unknown,0.00,יחידה,false,,9.90,0.0000,true,1,109401
5000157143365,false,רוטב בטעם מיונז וקטש,היינץ,PL,רוטב בטעם מיונז וקטש,גרמים,425.00,100 גרם,false,,14.90,3.5059,true,1,100718
5000267013626,false,ויסקי רד לייבל 1 ליט,ג'וני ווקר,GB,ויסקי רד לייבל 1 ליט,קילוגרמים,1.00,ליטר,false,,79.90,79.9000,true,1,106955
5000267114293,false,ויסקי ג'וני ווקר בלו,ג'וני ווקר,GB,ויסקי ג'וני ווקר בלו,קילוגרמים,1.00,ליטר,false,,649.90,649.9000,true,1,108360
5000299211243,false,ויסקי שיבאס 21 רויאל,,,ויסקי שיבאס 21 רויאל,מיליליטרים,700.00,"100 מ""ל",false,,349.90,49.9857,true,1,84613
5000299225004,false,ויסקי שיבאס ריגל 18,מזקקת האחים שיבאס,,ויסקי שיבאס ריגל 18,מיליליטרים,700.00,"100 מ""ל",false,,199.90,28.5571,true,1,80104
5000299295021,false,ויסקי גלנליווט 15 שנ,גורג וגיי גי סמית,,ויסקי גלנליווט 15 שנ,מיליליטרים,700.00,"100 מ""ל",false,,199.90,28.5571,true,1,87409
5000299609347,false,ויסקי גלנליווט פאונד,גורג וגיי גי סמית,,ויסקי גלנליווט פאונד,מיליליטרים,700.00,"100 מ""ל",false,,129.90,18.5571,true,1,87407
5000394093812,false,סוללות דורסל סימפלי,דורסל,,סוללות דורסל סימפלי,Unknown,0.00,יחידה,false,,24.90,0.0000,true,1,87049
5000394093836,false,סוללות דורסל סימפלי,דורסל,,סוללות דורסל סימפלי,Unknown,0.00,יחידה,false,,24.90,0.0000,true,1,87050
5010106111956,false,ויסקי בלנטיינס 1 ליט,גורג בלנטיין,US,ויסקי בלנטיינס 1 ליט,קילוגרמים,1.00,ליטר,false,,99.90,99.9000,true,1,87414
5010327105215,false,ויסקי מאנקי שולדר 70,וויליאם גרנט ובניו,,ויסקי מאנקי שולדר 70,מיליליטרים,700.00,"100 מ""ל",false,,109.90,15.7000,true,1,102608
5010391101007,false,ליקר דרמבוי 1 ליטר,גלזגו,GB,ליקר דרמבוי 1 ליטר,קילוגרמים,1.00,ליטר,false,,139.90,139.9000,true,1,103705
5010677551281,false,בקרדי בריזר לימון 27,בקרדי מרטיני,BE,בקרדי בריזר לימון 27,מיליליטרים,275.00,"100 מ""ל",false,,12.90,4.6909,true,1,47074
5010677551397,false,בקרדי בריזר ליים 275,בקרדי מרטיני,BE,בקרדי בריזר ליים 275,מיליליטרים,275.00,"100 מ""ל",false,,12.90,4.6909,true,1,94914
5010677552387,false,בקרדי בריזר אננס 275,בקרדי מרטיני,BE,בקרדי בריזר אננס 275,מיליליטרים,275.00,"100 מ""ל",false,,12.90,4.6909,true,1,47075
5010677554398,false,בקרדי בריזר אבטיח 27,בקרדי מרטיני,BE,בקרדי בריזר אבטיח 27,מיליליטרים,275.00,"100 מ""ל",false,,12.90,4.6909,true,1,47073
5011007003227,false,ויסקי גיימסון 1 ליטר,אייריש דיסטלריז,,ויסקי גיימסון 1 ליטר,קילוגרמים,1.00,ליטר,false,,109.90,109.9000,true,1,87423
5012741024059,false,קרימס שוקולד בטעמים,ברומס לאן,GB,קרימס שוקולד בטעמים,גרמים,100.00,100 גרם,false,,13.90,13.9000,true,1,106646
5053827215862,false,קלוגס קוקו פופס שוקו,קלוגס,DE,קלוגס קוקו פופס שוקו,גרמים,500.00,100 גרם,false,,14.90,2.9800,true,1,102305
5060060210219,false,תרסיס אסטוניש מבריק,יעקב יעקובי,IL,תרסיס אסטוניש מבריק,מיליליטרים,750.00,"100 מ""ל",false,,9.90,1.3200,true,1,78240
5060060211605,false,קרם אסטוניש לניקוי ב,יעקב יעקובי,IL,קרם אסטוניש לניקוי ב,מיליליטרים,500.00,"100 מ""ל",false,,9.90,1.9800,true,1,105886
5060060211612,false,קרם אסטוניש לניקוי ע,יעקב יעקובי,IL,קרם אסטוניש לניקוי ע,מיליליטרים,500.00,"100 מ""ל",false,,9.90,1.9800,true,1,105887
5060809351401,false,כפפות ויניל 100 יח מ,,,כפפות ויניל 100 יח מ,Unknown,0.00,יחידה,false,,14.90,0.0000,true,1,103660
5060809354747,false,כפפות ניטריל 100 יחי,,,כפפות ניטריל 100 יחי,Unknown,0.00,יחידה,false,,21.90,0.0000,true,1,106007
5060809354761,false,כפפות ניטריל 100 יחי,,,כפפות ניטריל 100 יחי,Unknown,0.00,יחידה,false,,21.90,0.0000,true,1,106009
5060809354778,false,כפפות ניטריל 100 יחי,,,כפפות ניטריל 100 יחי,Unknown,0.00,יחידה,false,,21.90,0.0000,true,1,106010
5099864006384,false,סימילאק מהדרין שלב 2,אבוט,NL,סימילאק מהדרין שלב 2,גרמים,900.00,100 גרם,false,,69.90,7.7667,true,1,54402
5099864006391,false,סימילאק מהדרין שלב 3,אבוט,NL,סימילאק מהדרין שלב 3,גרמים,900.00,100 גרם,false,,69.90,7.7667,true,1,54403
5099873088654,false,ויסקי ג'ק דניאלס סינ,ג'ק דניאלס,US,ויסקי ג'ק דניאלס סינ,מיליליטרים,700.00,"100 מ""ל",false,,179.90,25.7000,true,1,103678
5201085540084,false,סוכריות גילו מיקס 70,אולמפיק,GR,סוכריות גילו מיקס 70,גרמים,700.00,100 גרם,false,,13.90,1.9857,true,1,55859
5202175001515,false,נאצ'וס בטעם מלוח אל,אל סבור מקסיקן פוד,TW,נאצ'וס בטעם מלוח אל,גרמים,225.00,100 גרם,false,,10.50,4.6667,true,1,95063
5202175001546,false,נאצ'וס בטעם ברביקיו,אל סבור מקסיקן פוד,TW,נאצ'וס בטעם ברביקיו,גרמים,225.00,100 גרם,false,,10.50,4.6667,true,1,95064
5290040003566,false,מיץ אשכוליות 100% פר,קהאן,קפריסין,מיץ אשכוליות 100% פר,קילוגרמים,1.00,ליטר,false,,9.90,9.9000,true,1,106882
5290074003198,false,מיץ תפוזים 100% פאן,קהאן,קפריסין,מיץ תפוזים 100% פאן,קילוגרמים,1.00,ליטר,false,,9.90,9.9000,true,1,108921
5290074003211,false,מיץ אננס 100% פאן 1,קהאן,קפריסין,מיץ אננס 100% פאן 1,קילוגרמים,1.00,ליטר,false,,9.90,9.9000,true,1,108923
5290074003228,false,מיץ תפוחים 100% פאן,קהאן,קפריסין,מיץ תפוחים 100% פאן,קילוגרמים,1.00,ליטר,false,,9.90,9.9000,true,1,108924
5290074004225,false,מיץ מיקס תפוזים תפוח,קהאן,קפריסין,מיץ מיקס תפוזים תפוח,קילוגרמים,1.00,ליטר,false,,9.90,9.9000,true,1,108915
5391523062152,false,סימילאק מהדרין שלב 1,אבוט,IE,סימילאק מהדרין שלב 1,גרמים,400.00,100 גרם,false,,27.50,6.8750,true,1,108955
5410126006087,false,ביסקוויט קרמל לוטוס,לוטוס ביקרי,BE,ביסקוויט קרמל לוטוס,גרמים,700.00,100 גרם,false,,19.90,2.8429,true,1,67619
5410126006360,false,עוגיות סנדוויץ בטעם,,,עוגיות סנדוויץ בטעם,גרמים,150.00,100 גרם,false,,8.90,5.9333,true,1,104627
5410126006377,false,עוגיות סנדוויץ בטעם,,,עוגיות סנדוויץ בטעם,גרמים,150.00,100 גרם,false,,8.90,5.9333,true,1,104628
5410126106022,false,עוגיות לוטוס מארז חג,לוטוס,BE,עוגיות לוטוס מארז חג,גרמים,500.00,100 גרם,false,,14.90,2.9800,true,1,109174
5410126116953,false,ממרח עוגיות לוטוס 40,לוטוס,BE,ממרח עוגיות לוטוס 40,גרמים,400.00,100 גרם,false,,19.90,4.9750,true,1,61840
5410126666038,false,ביסקוויט קרמל לוטוס,לוטוס ביקרי,BE,ביסקוויט קרמל לוטוס,גרמים,279.00,100 גרם,false,,9.90,3.5484,true,1,88503
5410126726947,false,ממרח עוגיות קראנצ לו,לוטוס,BE,ממרח עוגיות קראנצ לו,גרמים,380.00,100 גרם,false,,19.90,5.2368,true,1,68647
5410228141785,false,"בירה הוגרדן 330 מ""ל",,BE,"בירה הוגרדן 330 מ""ל",מיליליטרים,330.00,"100 מ""ל",false,,6.90,2.0909,true,1,94231
5410228142089,false,בירה לף בלונד 6.6%,קרלסברג יבוא יצוא,,בירה לף בלונד 6.6%,מיליליטרים,330.00,"100 מ""ל",false,,6.90,2.0909,true,1,69986
5410228146162,false,בירה לף בראון 6.5% 3,קרלסברג יבוא יצוא,BE,בירה לף בראון 6.5% 3,מיליליטרים,330.00,"100 מ""ל",false,,6.90,2.0909,true,1,69984
5410228217732,false,בירה סטלה ארטואה 5.2,,,בירה סטלה ארטואה 5.2,מיליליטרים,440.00,"100 מ""ל",false,,12.90,2.9318,true,1,108393
5410316442930,false,וודקה סמירנוף אדום 1,,,וודקה סמירנוף אדום 1,קילוגרמים,1.00,ליטר,false,,74.90,74.9000,true,1,75332
5410316983693,false,"סמירנוף אייס 275 מ""ל",דיאגו,GB,"סמירנוף אייס 275 מ""ל",מיליליטרים,275.00,"100 מ""ל",false,,12.90,4.6909,true,1,99003
5411081003654,false,בירה קסטיל רוז 330 מ,ואן הונסברוק,BE,בירה קסטיל רוז 330 מ,מיליליטרים,330.00,"100 מ""ל",false,,11.90,3.6061,true,1,108050
5411188080268,false,משקה סויה אורגני אלפ,אלפרו,BE,משקה סויה אורגני אלפ,קילוגרמים,1.00,ליטר,false,,11.90,11.9000,true,1,68081
5411188081852,false,משקה סויה וניל אלפרו,אלפרו,BE,משקה סויה וניל אלפרו,קילוגרמים,1.00,ליטר,false,,11.90,11.9000,true,1,68080
5411188094159,false,מארז מעדן סויה שוקול,אלפרו,BE,מארז מעדן סויה שוקול,גרמים,500.00,100 גרם,false,,15.90,3.1800,true,1,56630
5411188094173,false,מארז מעדן סויה בטעם,אלפרו,BE,מארז מעדן סויה בטעם,גרמים,500.00,100 גרם,false,,15.90,3.1800,true,1,109918
5411188110835,false,משקה שקדים אלפרו 1 ל,אלפרו,BE,משקה שקדים אלפרו 1 ל,קילוגרמים,1.00,ליטר,false,,12.90,12.9000,true,1,70075
5411188112549,false,משקה אורז ללא סוכר א,אלפרו,BE,משקה אורז ללא סוכר א,קילוגרמים,1.00,ליטר,false,,12.90,12.9000,true,1,70073
5411188112709,false,משקה שקדים לא ממותק,אלפרו,BE,משקה שקדים לא ממותק,קילוגרמים,1.00,ליטר,false,,12.90,12.9000,true,1,88063
5411188115366,false,משקה שיבולת שועל אלפ,אלפרו,BE,משקה שיבולת שועל אלפ,קילוגרמים,1.00,ליטר,false,,12.90,12.9000,true,1,70072
5411188115434,false,משקה בריסטה סויה אלפ,אלפרו,BE,משקה בריסטה סויה אלפ,קילוגרמים,1.00,ליטר,false,,12.90,12.9000,true,1,107478
5411188115472,false,משקה סויה אלפרו 1 לי,אלפרו,BE,משקה סויה אלפרו 1 לי,קילוגרמים,1.00,ליטר,false,,11.90,11.9000,true,1,99101
5411188118732,false,משקה קוקוס שקדים אלפ,אלפרו,BE,משקה קוקוס שקדים אלפ,קילוגרמים,1.00,ליטר,false,,12.90,12.9000,true,1,77231
5411188120742,false,משקה שקדים וניל אלפר,אלפרו,BE,משקה שקדים וניל אלפר,קילוגרמים,1.00,ליטר,false,,12.90,12.9000,true,1,77232
5411188124689,false,משקה שיבולת שועל ללא,אלפרו,BE,משקה שיבולת שועל ללא,קילוגרמים,1.00,ליטר,false,,12.90,12.9000,true,1,99990
5411188127697,false,משקה בריסטה שיבולת ש,אלפרו,BE,משקה בריסטה שיבולת ש,קילוגרמים,1.00,ליטר,false,,12.90,12.9000,true,1,99991
5411188135005,false,משקה שיבולת  1.8% שו,שטראוס,IL,משקה שיבולת  1.8% שו,קילוגרמים,1.00,ליטר,false,,13.90,13.9000,true,1,106289
5411188300328,false,משקה סויה שוקו אלפרו,אלפרו,BE,משקה סויה שוקו אלפרו,קילוגרמים,1.00,ליטר,false,,11.90,11.9000,true,1,68079
5411188543398,false,משקה סויה ללא תוספת,אלפרו,BE,משקה סויה ללא תוספת,קילוגרמים,1.00,ליטר,false,,11.90,11.9000,true,1,98433
5412865030750,false,מיני שוקולדים קרמל מ,,ES,מיני שוקולדים קרמל מ,גרמים,128.00,100 גרם,false,,11.90,9.2969,true,1,106619
5412865030767,false,מיני שוקולדים קרם חל,,ES,מיני שוקולדים קרם חל,גרמים,128.00,100 גרם,false,,11.90,9.2969,true,1,106620
5412865030972,false,חטיף אנקור בייטס 141,Natra Zahor,ES,חטיף אנקור בייטס 141,גרמים,141.00,100 גרם,false,,9.90,7.0213,true,1,88072
5604912415041,false,סרדין בשמן חמניות פו,קונסרבס,PT,סרדין בשמן חמניות פו,גרמים,125.00,100 גרם,false,,5.90,4.7200,true,1,90973
5604912415058,false,סרדין בשמן חמניות חר,קונסרבס,PT,סרדין בשמן חמניות חר,גרמים,125.00,100 גרם,false,,5.90,4.7200,true,1,90972
5604912425057,false,מקרל בשמן חמניות חרי,קונסרבס,PT,מקרל בשמן חמניות חרי,גרמים,125.00,100 גרם,false,,5.90,4.7200,true,1,90984
5711953106583,false,גבינת שמנת טבעי 24.5,שטראוס,IL,גבינת שמנת טבעי 24.5,גרמים,200.00,100 גרם,false,,13.90,6.9500,true,1,94579
5711953106590,false,גבינת שמנת שום 24% א,שטראוס,IL,גבינת שמנת שום 24% א,גרמים,200.00,100 גרם,false,,13.90,6.9500,true,1,94580
5900020026552,false,דגני בוקר האני נאט צ,נסטלה צרפת איטנקורט,FR,דגני בוקר האני נאט צ,גרמים,625.00,100 גרם,false,,19.90,3.1840,true,1,95331
5900020039590,false,חטיף דגנים קלאסי פיט,אסם,IL,חטיף דגנים קלאסי פיט,גרמים,141.00,100 גרם,false,,13.90,9.8582,true,1,104174
5900020039620,false,חטיף דגנים שקדים ודב,אסם,IL,חטיף דגנים שקדים ודב,גרמים,141.00,100 גרם,false,,13.90,9.8582,true,1,104175
5900627066715,false,טבליות פיניש 100 יח,רקיט בנקיזר,PL,טבליות פיניש 100 יח,Unknown,0.00,יחידה,false,,54.90,0.0000,true,1,80615
5900907000583,false,מלפפון בחומץ בצנצנת,urbanek,PL,מלפפון בחומץ בצנצנת,גרמים,920.00,100 גרם,false,,13.90,1.5109,true,1,74210
5900907000835,false,מלפפון בחומץ אורבנק,urbanek,PL,מלפפון בחומץ אורבנק,פריט,2.55,"ק""ג",false,,29.90,11.7255,true,1,74209
5901483010102,false,"חליטת תפו""ע פירות יע",bifix,,"חליטת תפו""ע פירות יע",גרמים,50.00,100 גרם,false,,7.90,15.8000,true,1,69855
5901483020309,false,חליטת פירות יער 25 ש,bifix,,חליטת פירות יער 25 ש,גרמים,50.00,100 גרם,false,,7.90,15.8000,true,1,69957
5901483060022,false,חליטת עלי מרווה 20 ש,bifix,,חליטת עלי מרווה 20 ש,גרמים,40.00,100 גרם,false,,7.90,19.7500,true,1,69962
5901483060060,false,חליטת שומר 20 שקיקים,bifix,,חליטת שומר 20 שקיקים,גרמים,40.00,100 גרם,false,,7.90,19.7500,true,1,86476
5901483060206,false,חליטת מנטה 20 שקיקים,bifix,,חליטת מנטה 20 שקיקים,גרמים,40.00,100 גרם,false,,7.90,19.7500,true,1,69960
5901483060404,false,חליטת בבונג 20 שקיקי,bifix,,חליטת בבונג 20 שקיקי,גרמים,35.00,100 גרם,false,,7.90,22.5714,true,1,69853
5901483081027,false,חליטת לואיזה 20 שקיק,bifix,,חליטת לואיזה 20 שקיק,גרמים,35.00,100 גרם,false,,7.90,22.5714,true,1,70626
5902198160403,false,משקה אנרגיה אקסל ללא,טמפו,IL,משקה אנרגיה אקסל ללא,מיליליטרים,250.00,"100 מ""ל",false,,3.90,1.5600,true,1,82650
5904941750312,false,משקה אנרגיה בלו דיי,אקו ביט,,משקה אנרגיה בלו דיי,מיליליטרים,250.00,"100 מ""ל",false,,4.50,1.8000,true,1,63858
5904941751302,false,משקה אנרגיה בלו 250,אקו ביט,PL,משקה אנרגיה בלו 250,מיליליטרים,250.00,"100 מ""ל",false,,4.50,1.8000,true,1,42144
5904941751920,false,משקה אנרגיה בלו דיי,אקו ביט,,משקה אנרגיה בלו דיי,מיליליטרים,250.00,"100 מ""ל",false,,4.50,1.8000,true,1,63427
5906485301012,false,משקה אנרגיה אקסל 250,טמפו,IL,משקה אנרגיה אקסל 250,מיליליטרים,250.00,"100 מ""ל",false,,3.90,1.5600,true,1,49062
5997321770307,false,רצועות שעווה לעור רג,רקיט בנקיזר,FR,רצועות שעווה לעור רג,Unknown,0.00,יחידה,false,,19.90,0.0000,true,1,94822
6009606260218,false,דגני בוקר וויטביקס 4,ויטביקס,GB,דגני בוקר וויטביקס 4,גרמים,450.00,100 גרם,false,,21.90,4.8667,true,1,107796
6009684861000,false,חטיף דגנים בטעם דבש,,MK,חטיף דגנים בטעם דבש,גרמים,125.00,100 גרם,false,,9.90,7.9200,true,1,39745
6102021100869,false,מארז 19 סוללות כפתור,,,מארז 19 סוללות כפתור,Unknown,0.00,יחידה,false,,14.90,0.0000,true,1,105019
6111049000150,false,סרדין בשמן ולימון 12,אטלנטיק הום סרדינס א,MA,סרדין בשמן ולימון 12,גרמים,125.00,100 גרם,false,,4.90,3.9200,true,1,62432
6111049003106,false,מארז סרדין מרוקאי בש,אטלנטיק הום סרדינס א,MA,מארז סרדין מרוקאי בש,גרמים,500.00,100 גרם,false,,14.90,2.9800,true,1,92368
6111049003113,false,מארז סרדין מרוקאי בש,אטלנטיק הום סרדינס א,MA,מארז סרדין מרוקאי בש,גרמים,500.00,100 גרם,false,,14.90,2.9800,true,1,92369
6111119000011,false,קוסקוס מרוקאי פרידה,,,קוסקוס מרוקאי פרידה,פריט,1.00,"ק""ג",false,,12.90,12.9000,true,1,39018
6112014100301,false,נר הבדלה פמוט פירמיד,,,נר הבדלה פמוט פירמיד,Unknown,0.00,יחידה,false,,14.90,0.0000,true,1,70798
6112014100318,false,נר הבדלה דלוקס,,,נר הבדלה דלוקס,Unknown,0.00,יחידה,false,,5.90,0.0000,true,1,70797
6112017100513,false,נר הבדלה דגם מס 7,,,נר הבדלה דגם מס 7,Unknown,0.00,יחידה,false,,12.90,0.0000,true,1,81153
6112017101862,false,שקית סינון לשמירת אי,,,שקית סינון לשמירת אי,Unknown,0.00,יחידה,false,,9.90,0.0000,true,1,83833
6112017103811,false,כדוריות אולינהום לאס,yiwu kai yun,CN,כדוריות אולינהום לאס,גרמים,224.00,100 גרם,false,,12.90,5.7589,true,1,88580
6112017103996,false,שקיות הקפאה פסגור או,יואן קאי יון,CN,שקיות הקפאה פסגור או,Unknown,0.00,יחידה,false,,14.90,0.0000,true,1,89635
6112017104016,false,שקיות אוכל פסגור אול,,,שקיות אוכל פסגור אול,Unknown,0.00,יחידה,false,,14.90,0.0000,true,1,89890
6112017104030,false,ספוג מסאג אמבטיה 2 י,,,ספוג מסאג אמבטיה 2 י,Unknown,0.00,יחידה,false,,13.90,0.0000,true,1,88638
6112017105358,false,שקיות הקפאה 30 יח,,,שקיות הקפאה 30 יח,Unknown,0.00,יחידה,false,,14.90,0.0000,true,1,93000
6112017105549,false,כריות קרצוף זוג מסיל,,,כריות קרצוף זוג מסיל,Unknown,0.00,יחידה,false,,16.90,0.0000,true,1,93103
6112017105556,false,כריות קרצוף זוג מסיל,,,כריות קרצוף זוג מסיל,Unknown,0.00,יחידה,false,,16.90,0.0000,true,1,93104
6112017105723,false,חוט דנטלי זוג,,,חוט דנטלי זוג,Unknown,0.00,יחידה,false,,8.90,0.0000,true,1,93538
6112017105860,false,אטבי כביסה מסיליקון,,,אטבי כביסה מסיליקון,Unknown,0.00,יחידה,false,,17.90,0.0000,true,1,94504
6112017105877,false,אטבי כביסה אולינהום,,,אטבי כביסה אולינהום,Unknown,0.00,יחידה,false,,17.90,0.0000,true,1,94505
6112017106256,false,אטבי כביסה אולינהום,,,אטבי כביסה אולינהום,Unknown,0.00,יחידה,false,,17.90,0.0000,true,1,95056
6112017106294,false,כפפות גומי L אולינהו,,,כפפות גומי L אולינהו,Unknown,0.00,יחידה,false,,8.90,0.0000,true,1,94813
6112017106782,false,ספוג למקלחת זוג,,,ספוג למקלחת זוג,Unknown,0.00,יחידה,false,,19.90,0.0000,true,1,99655
6112017106799,false,זוג מברשות לניקוי בק,,,זוג מברשות לניקוי בק,Unknown,0.00,יחידה,false,,11.90,0.0000,true,1,98030
6112017106898,false,כפפות גומי 4 יח' M א,,,כפפות גומי 4 יח' M א,Unknown,0.00,יחידה,false,,8.90,0.0000,true,1,98106
6224009175062,false,תחתיות ארטישוק קפוא,O.K FRUIT,EG,תחתיות ארטישוק קפוא,פריט,1.00,"ק""ג",false,,14.90,14.9000,true,1,95201
6224009175123,false,"פול קפוא 1 ק""ג",O.K FRUIT,EG,"פול קפוא 1 ק""ג",פריט,1.00,"ק""ג",false,,13.90,13.9000,true,1,95202
6224009175147,false,"במיה קפואה 1 ק""ג",O.K FRUIT,EG,"במיה קפואה 1 ק""ג",פריט,1.00,"ק""ג",false,,11.90,11.9000,true,1,95203
6224009175192,false,"תות שדה קפוא 1 ק""ג",O.K FRUIT,EG,"תות שדה קפוא 1 ק""ג",פריט,1.00,"ק""ג",false,,14.90,14.9000,true,1,95204
6412700021027,false,וודקה פינלנדיה 1 ליט,,,וודקה פינלנדיה 1 ליט,קילוגרמים,1.00,ליטר,false,,89.90,89.9000,true,1,83225
6910191800287,false,אצות נורי לסושי מזרח,ננטונג הידה אקוטיק פ,CN,אצות נורי לסושי מזרח,Unknown,0.00,יחידה,false,,10.80,0.0000,true,1,95075
6912977000140,false,אטריות שעועית מזרח ו,יאנטאי ינסידה לנוגקא,CN,אטריות שעועית מזרח ו,גרמים,250.00,100 גרם,false,,7.90,3.1600,true,1,95065
6921052701001,false,אצות ווקאמה מיובשות,ננטונג הידה אקוטיק פ,CN,אצות ווקאמה מיובשות,גרמים,40.00,100 גרם,false,,8.50,21.2500,true,1,110054
6922276100083,false,מחית וואסבי חזרת מזר,דליאן ג'ינדה קונדימנ,CN,מחית וואסבי חזרת מזר,גרמים,43.00,100 גרם,false,,8.70,20.2326,true,1,95076
6923634954621,false,ממתק סטיקס בטעם פטל,שנטו גאבט פודס' ושו,CN,ממתק סטיקס בטעם פטל,גרמים,390.00,100 גרם,false,,19.90,5.1026,true,1,98929
6923634954690,false,ממתק סטיקס בטעם אבטי,שנטו גאבט פודס' ושו,CN,ממתק סטיקס בטעם אבטי,גרמים,390.00,100 גרם,false,,19.90,5.1026,true,1,99218
6923634954713,false,מאגדת סטיקס 130 גרם,שנטו גאבט פודס ושות,CN,מאגדת סטיקס 130 גרם,גרמים,130.00,100 גרם,false,,9.90,7.6154,true,1,98392
6923634954850,false,ממתק סטיקס בטעם תות,שנטו גאבט פודס' ושו,CN,ממתק סטיקס בטעם תות,גרמים,390.00,100 גרם,false,,19.90,5.1026,true,1,98931
6934731200078,false,אטריות טריות דקות מז,יאנטאי ינסידה לנוגקא,CN,אטריות טריות דקות מז,גרמים,200.00,100 גרם,false,,6.90,3.4500,true,1,110049
6934731210138,false,אטריות טריות עבות מז,יאנטאי ינסידה לנוגקא,CN,אטריות טריות עבות מז,גרמים,200.00,100 גרם,false,,6.90,3.4500,true,1,110050
6934931807268,false,פסטרמה איטלקית ONEG,דליקטס,IL,פסטרמה איטלקית ONEG,גרמים,200.00,100 גרם,false,,24.90,12.4500,true,1,109534
6934931807572,false,רוסטביף ONEG 150 גרם,דליקטס,IL,רוסטביף ONEG 150 גרם,גרמים,150.00,100 גרם,false,,24.90,16.6000,true,1,109537
6936613888664,false,שום 4 ראשים,אראל תוצרת חקלאית בע,IL,שום 4 ראשים,Unknown,4.00,יחידה,false,,5.90,1.4750,true,1,96311
6936613888667,false,שום 4 ראשים,אראל תוצרת חקלאית בע,IL,שום 4 ראשים,Unknown,4.00,יחידה,false,,7.90,1.9750,true,1,101974
6936745600462,false,מירין מזרח ומערב 500,דאנינג יוה פודס קו,CN,מירין מזרח ומערב 500,מיליליטרים,500.00,"100 מ""ל",false,,17.90,3.5800,true,1,95087
6936745600783,false,חומץ אורז מזרח ומערב,דאנינג יוה פודס קו,CN,חומץ אורז מזרח ומערב,מיליליטרים,500.00,"100 מ""ל",false,,14.90,2.9800,true,1,95077
6952379521317,false,ספוג רחצה 3 יח',,,ספוג רחצה 3 יח',Unknown,0.00,יחידה,false,,12.90,0.0000,true,1,68357
6974800740104,false,"טבעות תפו""ע טבעי עם",היאגואן,CN,"טבעות תפו""ע טבעי עם",גרמים,88.00,100 גרם,false,,12.90,14.6591,true,1,108946
6974800740203,false,"טבעות תפו""ע טבעי עם",היאגואן,CN,"טבעות תפו""ע טבעי עם",גרמים,88.00,100 גרם,false,,12.90,14.6591,true,1,108947
6974800740302,false,"טבעות תפו""ע טבעי מיו",היאגואן,CN,"טבעות תפו""ע טבעי מיו",גרמים,88.00,100 גרם,false,,12.90,14.6591,true,1,108948
6985425120165,false,ליפה לרחצה,,,ליפה לרחצה,Unknown,0.00,יחידה,false,,7.90,0.0000,true,1,51144
7290000000282,false,שום 12 ראשים,אראל תוצרת חקלאית בע,IL,שום 12 ראשים,Unknown,12.00,יחידה,false,,17.90,1.4917,true,1,31799
7290000000411,false,שום 4 ראשים,אראל תוצרת חקלאית בע,IL,שום 4 ראשים,Unknown,0.00,יחידה,false,,5.90,0.0000,true,1,75523
7290000000978,false,חסה גלאט ברכת קטיף,ברכת קטיף,IL,חסה גלאט ברכת קטיף,Unknown,0.00,יחידה,false,,5.90,0.0000,true,1,39548
7290000000985,false,פטרוזיליה גלאט ברכת,ברכת קטיף,IL,פטרוזיליה גלאט ברכת,Unknown,0.00,יחידה,false,,6.90,0.0000,true,1,39549
7290000001043,false,כרוב לבן ברכת קטיף,ברכת קטיף,IL,כרוב לבן ברכת קטיף,קילוגרמים,1.00,"ק""ג",true,,13.90,13.9000,true,1,39556
7290000001074,false,כרוב אדום ברכת קטיף,ברכת קטיף,IL,כרוב אדום ברכת קטיף,קילוגרמים,1.00,"ק""ג",true,,14.60,14.6000,true,1,39558
7290000001524,false,בצל ירוק,ברכת קטיף,IL,בצל ירוק,Unknown,0.00,יחידה,false,,6.90,0.0000,true,1,39555
7290000001579,false,סלרי גלאט ברכת קטיף,ברכת קטיף,IL,סלרי גלאט ברכת קטיף,Unknown,0.00,יחידה,false,,5.90,0.0000,true,1,39553
7290000001609,false,עלי סלק גלאט,ברכת קטיף,IL,עלי סלק גלאט,Unknown,0.00,יחידה,false,,6.90,0.0000,true,1,39554
7290000001616,false,כוסברה גלאט ברכת קטי,ברכת קטיף,IL,כוסברה גלאט ברכת קטי,Unknown,0.00,יחידה,false,,6.90,0.0000,true,1,39550
7290000023007,false,"ברנדי שטוק 84 750 מ""",יינות סגל,IL,"ברנדי שטוק 84 750 מ""",מיליליטרים,750.00,"100 מ""ל",false,,64.90,8.6533,true,1,31263
7290000023083,false,ארק אשקלון 40% 700 מ,יקבי ברקן,IL,ארק אשקלון 40% 700 מ,מיליליטרים,700.00,"100 מ""ל",false,,44.90,6.4143,true,1,68227
7290000023410,false,ליקר סטוק גלה קפה 75,יקבי ברקן,,ליקר סטוק גלה קפה 75,מיליליטרים,750.00,"100 מ""ל",false,,49.90,6.6533,true,1,49280
7290000023427,false,ליקר סטוק אמרטו 750,יקבי ברקן,,ליקר סטוק אמרטו 750,מיליליטרים,750.00,"100 מ""ל",false,,49.90,6.6533,true,1,49281
7290000023441,false,ליקר בטעם שוקולד שטו,יקבי ברקן,,ליקר בטעם שוקולד שטו,מיליליטרים,750.00,"100 מ""ל",false,,49.90,6.6533,true,1,49279
7290000023809,false,יין קלאסיק קברנה,יקבי ברקן,IL,יין קלאסיק קברנה,מיליליטרים,750.00,"100 מ""ל",false,,24.90,3.3200,true,1,47933
7290000023816,false,יין קלאסיק אמרלד ריז,יקבי ברקן,IL,יין קלאסיק אמרלד ריז,מיליליטרים,750.00,"100 מ""ל",false,,24.90,3.3200,true,1,47159
7290000023977,false,יין קלאסיק מרלו,יקבי ברקן,IL,יין קלאסיק מרלו,מיליליטרים,750.00,"100 מ""ל",false,,24.90,3.3200,true,1,41515
7290000024202,false,יין רזרב קברנה סובני,יקבי ברקן,IL,יין רזרב קברנה סובני,מיליליטרים,750.00,"100 מ""ל",false,,38.90,5.1867,true,1,64590
7290000024264,false,יין רזרב מרלו,יקבי ברקן,IL,יין רזרב מרלו,מיליליטרים,750.00,"100 מ""ל",false,,38.90,5.1867,true,1,64591
7290000024523,false,מיץ ענבים תירוש אדום,יינות סגל,IL,מיץ ענבים תירוש אדום,קילוגרמים,1.00,ליטר,false,,12.90,12.9000,true,1,101885
7290000024554,false,יין ריחן אסמבלאז,יקבי ברקן,IL,יין ריחן אסמבלאז,מיליליטרים,750.00,"100 מ""ל",false,,49.90,6.6533,true,1,87436
7290000024561,false,יין אסמבלאז איתן,יקבי ברקן,IL,יין אסמבלאז איתן,מיליליטרים,750.00,"100 מ""ל",false,,49.90,6.6533,true,1,87434
7290000024905,false,וודקה קגלביץ קלאסיקה,יקבי ברקן,IL,וודקה קגלביץ קלאסיקה,מיליליטרים,700.00,"100 מ""ל",false,,49.90,7.1286,true,1,40813
7290000024912,false,וודקה קגלביץ לימון 2,יקבי ברקן,IL,וודקה קגלביץ לימון 2,מיליליטרים,700.00,"100 מ""ל",false,,44.90,6.4143,true,1,40814
7290000040301,false,גבינה קממבר 24% תנוב,תנובה מרכז שיתופי לש,IL,גבינה קממבר 24% תנוב,גרמים,125.00,100 גרם,false,,17.90,14.3200,true,1,33027
7290000040318,false,גבינת עדי/ברי תנובה,תנובה מרכז שיתופי לש,,גבינת עדי/ברי תנובה,גרמים,125.00,100 גרם,false,,17.90,14.3200,true,1,33028
7290000040462,false,גבינה טעם אמריקאי 22,תנובה מרכז שיתופי לש,IL,גבינה טעם אמריקאי 22,גרמים,200.00,100 גרם,false,,15.90,7.9500,true,1,33029
7290000041407,false,"גיל תנובה 125 מ""ל",תנובה מרכז שיתופי לש,IL,"גיל תנובה 125 מ""ל",מיליליטרים,125.00,"100 מ""ל",false,,0.90,0.7200,true,1,33228
7290000041445,false,קוטג 5% תנובה 250 גר,תנובה מרכז שיתופי לש,IL,קוטג 5% תנובה 250 גר,גרמים,250.00,100 גרם,false,,5.20,2.0800,true,1,33229
7290000041452,false,קוטג 9% תנובה 250 גר,תנובה מרכז שיתופי לש,IL,קוטג 9% תנובה 250 גר,גרמים,250.00,100 גרם,false,,5.20,2.0800,true,1,33230
7290000041858,false,שמנת חמוצה 15% יטבתה,שטראוס,IL,שמנת חמוצה 15% יטבתה,מיליליטרים,200.00,"100 מ""ל",false,,1.90,0.9500,true,1,54164
7290000042367,false,חלב בבקבוק 3% תנובה,תנובה מרכז שיתופי לש,IL,חלב בבקבוק 3% תנובה,קילוגרמים,1.00,ליטר,false,,6.20,6.2000,true,1,84287
7290000042671,false,חלב עמיד 3% תנובה 1,תנובה מרכז שיתופי לש,IL,חלב עמיד 3% תנובה 1,קילוגרמים,1.00,ליטר,false,,5.90,5.9000,true,1,33323
7290000042855,false,שוקו שקית יטבתה 225,יטבתה,IL,שוקו שקית יטבתה 225,מיליליטרים,225.00,"100 מ""ל",false,,2.50,1.1111,true,1,52338
7290000043012,false,שוקו עמיד תנובה 250,תנובה מרכז שיתופי לש,IL,שוקו עמיד תנובה 250,מיליליטרים,250.00,"100 מ""ל",false,,4.40,1.7600,true,1,33339
7290000043814,false,שמנת להקצפה 38% השף,תנובה מרכז שיתופי לש,IL,שמנת להקצפה 38% השף,מיליליטרים,250.00,"100 מ""ל",false,,6.40,2.5600,true,1,33376
7290000043890,false,רויון 1.5% תנובה 1 ל,תנובה מרכז שיתופי לש,IL,רויון 1.5% תנובה 1 ל,קילוגרמים,1.00,ליטר,false,,9.90,9.9000,true,1,33377
7290000044712,false,פרילי תות 500 גרם,תנובה מרכז שיתופי לש,IL,פרילי תות 500 גרם,מיליליטרים,500.00,"100 מ""ל",false,,9.90,1.9800,true,1,33426
7290000044880,false,"באדי תות 500 מ""ל",תנובה מרכז שיתופי לש,IL,"באדי תות 500 מ""ל",מיליליטרים,500.00,"100 מ""ל",false,,7.90,1.5800,true,1,33427
7290000047546,false,גבינת כנען 5% 500 גר,תנובה מרכז שיתופי לש,IL,גבינת כנען 5% 500 גר,גרמים,500.00,100 גרם,false,,22.90,4.5800,true,1,33697
7290000047621,false,גבינה 5% תנובה 250 ג,תנובה מרכז שיתופי לש,IL,גבינה 5% תנובה 250 ג,גרמים,250.00,100 גרם,false,,4.90,1.9600,true,1,33699
7290000047942,false,גבינה 9% תנובה 250 ג,תנובה מרכז שיתופי לש,IL,גבינה 9% תנובה 250 ג,גרמים,250.00,100 גרם,false,,4.90,1.9600,true,1,33704
7290000048185,false,גבינה 5% תנובה 250 ג,תנובה מרכז שיתופי לש,IL,גבינה 5% תנובה 250 ג,גרמים,250.00,100 גרם,false,,4.90,1.9600,true,1,33706
7290000048413,false,גבינת חמד 16% פיראוס,תנובה מרכז שיתופי לש,IL,גבינת חמד 16% פיראוס,גרמים,250.00,100 גרם,false,,17.50,7.0000,true,1,33710
7290000048437,false,גבינה צפתית 5% פיראו,תנובה מרכז שיתופי לש,IL,גבינה צפתית 5% פיראו,גרמים,200.00,100 גרם,false,,13.90,6.9500,true,1,33718
7290000048451,false,גבינת חרמון 16% פירא,תנובה מרכז שיתופי לש,IL,גבינת חרמון 16% פירא,גרמים,250.00,100 גרם,false,,15.90,6.3600,true,1,33720
7290000050447,false,יופלה תות 3% 500 גרם,תנובה מרכז שיתופי לש,IL,יופלה תות 3% 500 גרם,מיליליטרים,500.00,"100 מ""ל",false,,9.90,1.9800,true,1,39925
7290000050454,false,יופלה אפרסק 3% 500 ג,תנובה מרכז שיתופי לש,IL,יופלה אפרסק 3% 500 ג,מיליליטרים,500.00,"100 מ""ל",false,,9.90,1.9800,true,1,39903
7290000050966,false,גבינה 5% תנובה 850 ג,תנובה מרכז שיתופי לש,IL,גבינה 5% תנובה 850 ג,גרמים,850.00,100 גרם,false,,15.90,1.8706,true,1,42602
7290000051307,false,מארז הפסקת אוכל דגני,תנובה מרכז שיתופי לש,IL,מארז הפסקת אוכל דגני,מיליליטרים,150.00,"100 מ""ל",false,,8.90,5.9333,true,1,64199
7290000051376,false,יופלה דיאט 0% אננס 1,תנובה מרכז שיתופי לש,IL,יופלה דיאט 0% אננס 1,גרמים,150.00,100 גרם,false,,3.90,2.6000,true,1,92652
7290000052311,false,גבינה עמק מופחת שומן,תנובה מרכז שיתופי לש,IL,גבינה עמק מופחת שומן,גרמים,200.00,100 גרם,false,,14.90,7.4500,true,1,52470
7290000052946,false,מארז יופלה וניל במתי,תנובה מרכז שיתופי לש,IL,מארז יופלה וניל במתי,גרמים,800.00,100 גרם,false,,14.90,1.8625,true,1,49220
7290000053981,false,מארז יופלה מחית תות/,תנובה מרכז שיתופי לש,IL,מארז יופלה מחית תות/,קילוגרמים,1.20,ליטר,false,,19.90,16.5833,true,1,50293
7290000055015,false,גבינת פטה כבשים 5% פ,תנובה מרכז שיתופי לש,IL,גבינת פטה כבשים 5% פ,גרמים,250.00,100 גרם,false,,24.90,9.9600,true,1,53720
7290000055329,false,משקה יוגורט יופלה תו,תנובה מרכז שיתופי לש,IL,משקה יוגורט יופלה תו,גרמים,250.00,100 גרם,false,,4.50,1.8000,true,1,64325
7290000055336,false,משקה יוגורט יופלה בנ,תנובה מרכז שיתופי לש,IL,משקה יוגורט יופלה בנ,גרמים,250.00,100 גרם,false,,4.50,1.8000,true,1,64326
7290000055343,false,משקה יוגורט יופלה טר,תנובה מרכז שיתופי לש,IL,משקה יוגורט יופלה טר,גרמים,250.00,100 גרם,false,,4.50,1.8000,true,1,64327
7290000055756,false,מארז גבינה 5% תנובה,תנובה מרכז שיתופי לש,IL,מארז גבינה 5% תנובה,פריט,1.70,"ק""ג",false,,28.90,17.0000,true,1,53721
7290000055893,false,חמאה תנובה 200 גרם,תנובה מרכז שיתופי לש,IL,חמאה תנובה 200 גרם,גרמים,200.00,100 גרם,false,,6.90,3.4500,true,1,55780
7290000056081,false,מארז פרילי טבע גרנול,תנובה מרכז שיתופי לש,IL,מארז פרילי טבע גרנול,פריט,1.20,"ק""ג",false,,17.90,14.9167,true,1,61692
7290000056883,false,מארז יופלה פרי 8*150,תנובה מרכז שיתופי לש,IL,מארז יופלה פרי 8*150,פריט,1.20,"ק""ג",false,,27.90,23.2500,true,1,56245
7290000056890,false,מארז יופלה פרי דיאט,תנובה מרכז שיתופי לש,IL,מארז יופלה פרי דיאט,קילוגרמים,1.20,ליטר,false,,27.90,23.2500,true,1,56508
7290000057088,false,גבינה עמק דק דק 28%,תנובה מרכז שיתופי לש,IL,גבינה עמק דק דק 28%,גרמים,200.00,100 גרם,false,,13.90,6.9500,true,1,65766
7290000057477,false,חלב 3% תנובה 1.5 ליט,תנובה מרכז שיתופי לש,IL,חלב 3% תנובה 1.5 ליט,קילוגרמים,1.50,ליטר,false,,9.30,6.2000,true,1,58809
7290000057934,false,משקה שוקו תנובה 1 לי,תנובה מרכז שיתופי לש,IL,משקה שוקו תנובה 1 לי,קילוגרמים,1.00,ליטר,false,,9.90,9.9000,true,1,59455
7290000058047,false,שמנת להקצפה 38% השף,תנובה מרכז שיתופי לש,IL,שמנת להקצפה 38% השף,גרמים,500.00,100 גרם,false,,12.80,2.5600,true,1,59753
7290000058979,false,גיל בטעם תות תנובה 1,תנובה מרכז שיתופי לש,IL,גיל בטעם תות תנובה 1,גרמים,125.00,100 גרם,false,,1.30,1.0400,true,1,61505
7290000060163,false,אטריות דקות אסם 400,אסם,IL,אטריות דקות אסם 400,גרמים,400.00,100 גרם,false,,4.90,1.2250,true,1,34657
7290000060200,false,פתיתים קוסקוס אסם 50,אסם,IL,פתיתים קוסקוס אסם 50,גרמים,500.00,100 גרם,false,,4.90,0.9800,true,1,34659
7290000060248,false,פסטה תלתלים אסם 500,זארה,IL,פסטה תלתלים אסם 500,גרמים,500.00,100 גרם,false,,4.90,0.9800,true,1,34661
7290000060408,false,פתיתים טבעות אסם 500,אסם,IL,פתיתים טבעות אסם 500,גרמים,500.00,100 גרם,false,,4.90,0.9800,true,1,34675
7290000060415,false,לזניה פרפקטו 500 גרם,פסטה לנסי,IL,לזניה פרפקטו 500 גרם,גרמים,500.00,100 גרם,false,,12.90,2.5800,true,1,34676
7290000060781,false,פסטה מסולסלת אסם 500,זארה,IL,פסטה מסולסלת אסם 500,גרמים,500.00,100 גרם,false,,4.90,0.9800,true,1,34688
7290000060828,false,פסטה קרניים אסם 500,זארה,IL,פסטה קרניים אסם 500,גרמים,500.00,100 גרם,false,,4.90,0.9800,true,1,34689
7290000060842,false,פסטה צדפים גדולים אס,זארה,IL,פסטה צדפים גדולים אס,גרמים,500.00,100 גרם,false,,4.90,0.9800,true,1,34690
7290000060880,false,ספגטי אסם 500 גרם,זארה,IL,ספגטי אסם 500 גרם,גרמים,500.00,100 גרם,false,,4.90,0.9800,true,1,34692
7290000060903,false,פתיתים אורז אסם 500,אסם,IL,פתיתים אורז אסם 500,גרמים,500.00,100 גרם,false,,4.90,0.9800,true,1,34693
7290000060958,false,אטריות בינוניות אסם,אסם,IL,אטריות בינוניות אסם,גרמים,400.00,100 גרם,false,,4.90,1.2250,true,1,34694
7290000060965,false,אטריות רחבות אסם 400,אסם,IL,אטריות רחבות אסם 400,גרמים,400.00,100 גרם,false,,4.90,1.2250,true,1,34695
7290000060972,false,אטריות דקיקות אסם 40,זארה,IL,אטריות דקיקות אסם 40,גרמים,400.00,100 גרם,false,,4.90,1.2250,true,1,34696
7290000061061,false,קרקר בצל אסם 250 גרם,אסם,IL,קרקר בצל אסם 250 גרם,גרמים,250.00,100 גרם,false,,8.90,3.5600,true,1,34699
7290000061108,false,רוטב טריאקי אסם 360,אסם,IL,רוטב טריאקי אסם 360,גרמים,360.00,100 גרם,false,,8.90,2.4722,true,1,34702
7290000061214,false,פתיתים עם בצל אסם 50,אסם,IL,פתיתים עם בצל אסם 50,גרמים,500.00,100 גרם,false,,4.90,0.9800,true,1,41760
7290000061245,false,עוגיות שוקולד ציפס מ,אסם,IL,עוגיות שוקולד ציפס מ,גרמים,220.00,100 גרם,false,,9.90,4.5000,true,1,34703
7290000062129,false,פודינג אינסטנט וניל,אסם,IL,פודינג אינסטנט וניל,פריט,1.00,"ק""ג",false,,19.90,19.9000,true,1,34713
7290000063140,false,שקדי מרק אסם 400 גרם,אסם,IL,שקדי מרק אסם 400 גרם,גרמים,400.00,100 גרם,false,,9.90,2.4750,true,1,34770
7290000063157,false,"קמח תופח אסם 1 ק""ג",אסם,IL,"קמח תופח אסם 1 ק""ג",פריט,1.00,"ק""ג",false,,7.90,7.9000,true,1,34772
7290000064871,false,מנה חמה פירה בצל אסם,אסם,IL,מנה חמה פירה בצל אסם,גרמים,56.00,100 גרם,false,,4.90,8.7500,true,1,34846
7290000065090,false,מיני קרוטונים למרק/ס,עינת,IL,מיני קרוטונים למרק/ס,גרמים,400.00,100 גרם,false,,17.90,4.4750,true,1,34902
7290000065540,false,מנה חמה פסטה מוקרמת,אסם,IL,מנה חמה פסטה מוקרמת,גרמים,55.00,100 גרם,false,,4.90,8.9091,true,1,74266
7290000065557,false,מנה חמה קוסקוס וירקו,אסם,IL,מנה חמה קוסקוס וירקו,גרמים,84.00,100 גרם,false,,4.90,5.8333,true,1,74267
7290000066189,false,ביסלי פלאפל 200 גרם,אסם,IL,ביסלי פלאפל 200 גרם,גרמים,200.00,100 גרם,false,,6.50,3.2500,true,1,34963
7290000066196,false,ביסלי גריל 200 גרם,אסם,IL,ביסלי גריל 200 גרם,גרמים,200.00,100 גרם,false,,6.50,3.2500,true,1,34964
7290000066264,false,דובונים 40 גרם,אסם,IL,דובונים 40 גרם,גרמים,40.00,100 גרם,false,,3.90,9.7500,true,1,34978
7290000066318,false,במבה 80 גרם,גבעול,IL,במבה 80 גרם,גרמים,80.00,100 גרם,false,,3.90,4.8750,true,1,34980
7290000066332,false,אפרופו 50 גרם,אסם,IL,אפרופו 50 גרם,גרמים,50.00,100 גרם,false,,4.50,9.0000,true,1,34981
7290000066431,false,פופקו 80 גרם,גבעול,IL,פופקו 80 גרם,גרמים,80.00,100 גרם,false,,4.50,5.6250,true,1,34983
7290000067599,false,מנה חמה ספגטי בולונז,אסם,IL,מנה חמה ספגטי בולונז,גרמים,65.00,100 גרם,false,,4.90,7.5385,true,1,35070
7290000068138,false,פודינג אינסטנט וניל,אסם,IL,פודינג אינסטנט וניל,גרמים,80.00,100 גרם,false,,3.90,4.8750,true,1,35188
7290000068190,false,גלי בטעם תות אסם 85,אסם,IL,גלי בטעם תות אסם 85,גרמים,85.00,100 גרם,false,,4.90,5.7647,true,1,35191
7290000068206,false,גלי בטעם משמש אסם 80,אסם,IL,גלי בטעם משמש אסם 80,גרמים,85.00,100 גרם,false,,4.90,5.7647,true,1,35192
7290000068343,false,פריכונים מאורז מלא א,פרח תעשיות,IL,פריכונים מאורז מלא א,גרמים,140.00,100 גרם,false,,6.90,4.9286,true,1,53971
7290000070308,false,מרק עוף אמיתי אסם 40,אסם,IL,מרק עוף אמיתי אסם 40,גרמים,400.00,100 גרם,false,,12.90,3.2250,true,1,35276
7290000070322,false,מרק פטריות ר.טבעיים,אסם,IL,מרק פטריות ר.טבעיים,גרמים,400.00,100 גרם,false,,14.90,3.7250,true,1,35278
7290000070353,false,מרק בצל ר.טבעיים אסם,אסם,IL,מרק בצל ר.טבעיים אסם,גרמים,400.00,100 גרם,false,,16.90,4.2250,true,1,35279
7290000072067,false,במבה חלוה 60 גרם,אסם,IL,במבה חלוה 60 גרם,גרמים,60.00,100 גרם,false,,4.50,7.5000,true,1,47138
7290000072241,false,רוטב לפיצה אסם 320 מ,אסם,IL,רוטב לפיצה אסם 320 מ,מיליליטרים,320.00,"100 מ""ל",false,,8.90,2.7813,true,1,35320
7290000072623,false,קטשופ לחיץ אסם 750 ג,אסם,IL,קטשופ לחיץ אסם 750 ג,גרמים,750.00,100 גרם,false,,8.90,1.1867,true,1,35322
7290000072630,false,קטשופ חריף אסם 750 ג,אסם,IL,קטשופ חריף אסם 750 ג,גרמים,750.00,100 גרם,false,,9.90,1.3200,true,1,35323
7290000072753,false,קפה נמס טסטרס צויס 2,גלידות נסטלה,IL,קפה נמס טסטרס צויס 2,גרמים,200.00,100 גרם,false,,29.90,14.9500,true,1,35328
7290000072777,false,קפה נמס טסטרס צויס נ,נסטלה קוריאה קפה,IL,קפה נמס טסטרס צויס נ,גרמים,200.00,100 גרם,false,,35.90,17.9500,true,1,35329
7290000073415,false,מנה חמה פסטה רוטב פי,אסם,IL,מנה חמה פסטה רוטב פי,גרמים,61.00,100 גרם,false,,4.90,8.0328,true,1,37225
7290000073750,false,מנה חמה נודלס בטעם ע,טאי רזידנט,CN,מנה חמה נודלס בטעם ע,גרמים,70.00,100 גרם,false,,4.90,7.0000,true,1,51046
7290000073767,false,מנה חמה נודלס בטעם ב,טאי רזידנט,CN,מנה חמה נודלס בטעם ב,גרמים,71.00,100 גרם,false,,4.90,6.9014,true,1,37235
7290000073774,false,מנה חמה נודלס פיקנטי,טאי רזידנט,CN,מנה חמה נודלס פיקנטי,גרמים,70.00,100 גרם,false,,4.90,7.0000,true,1,51047
7290000074153,false,פתיבר שוקו אסם 500 ג,,,פתיבר שוקו אסם 500 ג,גרמים,500.00,100 גרם,false,,8.90,1.7800,true,1,46536
7290000074184,false,פתיבר אסם 500 גרם,אסם,IL,פתיבר אסם 500 גרם,גרמים,500.00,100 גרם,false,,8.90,1.7800,true,1,46537
7290000074245,false,קרם קרקר 250 גרם,אסם,IL,קרם קרקר 250 גרם,גרמים,250.00,100 גרם,false,,7.80,3.1200,true,1,37238
7290000074252,false,קרקר שומשום אסם 250,אסם,IL,קרקר שומשום אסם 250,גרמים,250.00,100 גרם,false,,7.90,3.1600,true,1,37239
7290000074375,false,קרקר זהב 150 גרם,אסם,IL,קרקר זהב 150 גרם,גרמים,150.00,100 גרם,false,,4.90,3.2667,true,1,37245
7290000074764,false,קרקר זהב 900 גרם,אסם,IL,קרקר זהב 900 גרם,גרמים,900.00,100 גרם,false,,19.90,2.2111,true,1,37255
7290000075204,false,לחמית חיטה מלאה 250,אסם,IL,לחמית חיטה מלאה 250,גרמים,250.00,100 גרם,false,,7.50,3.0000,true,1,37260
7290000075693,false,עוגת שמרים בריוש שוק,אסם,IL,עוגת שמרים בריוש שוק,גרמים,360.00,100 גרם,false,,14.90,4.1389,true,1,55480
7290000076133,false,בייגלה שמיניות מלח א,אסם,IL,בייגלה שמיניות מלח א,גרמים,400.00,100 גרם,false,,8.90,2.2250,true,1,37278
7290000077017,false,עוגיות ממולאות שוקול,אסם,IL,עוגיות ממולאות שוקול,גרמים,200.00,100 גרם,false,,9.90,4.9500,true,1,37299
7290000077253,false,לחמית כפרית 190 גרם,אסם,IL,לחמית כפרית 190 גרם,גרמים,190.00,100 גרם,false,,7.50,3.9474,true,1,49976
7290000078762,false,פריכונים אורז מלא וד,הרטו בלגיה,BE,פריכונים אורז מלא וד,גרמים,80.00,100 גרם,false,,6.90,8.6250,true,1,37330
7290000100272,false,כרובית סנפרוסט 600 ג,תנובה,IL,כרובית סנפרוסט 600 ג,גרמים,600.00,100 גרם,false,,21.90,3.6500,true,1,88110
7290000100289,false,לקט ירקות השדה סנפרו,סנפרוסט בעמ,IL,לקט ירקות השדה סנפרו,גרמים,700.00,100 גרם,false,,15.90,2.2714,true,1,88562
7290000103525,false,גזר גמדי סנפרוסט 700,סנפרוסט בעמ,IL,גזר גמדי סנפרוסט 700,גרמים,700.00,100 גרם,false,,11.90,1.7000,true,1,68233
7290000103532,false,גרעיני תירס סנפרוסט,סנפרוסט בעמ,IL,גרעיני תירס סנפרוסט,גרמים,700.00,100 גרם,false,,12.90,1.8429,true,1,68234
7290000103549,false,אפונה עדינה סנפרוסט,סנפרוסט בעמ,IL,אפונה עדינה סנפרוסט,גרמים,600.00,100 גרם,false,,12.90,2.1500,true,1,68235
7290000104218,false,במיה סנפרוסט 600 גרם,סנפרוסט בעמ,IL,במיה סנפרוסט 600 גרם,גרמים,600.00,100 גרם,false,,14.90,2.4833,true,1,30008
7290000104713,false,פול ירוק סנפרוסט 800,סנפרוסט בעמ,IL,פול ירוק סנפרוסט 800,גרמים,800.00,100 גרם,false,,21.90,2.7375,true,1,30016
7290000104799,false,שעועית לבנה סנפרוסט,סנפרוסט בעמ,IL,שעועית לבנה סנפרוסט,גרמים,800.00,100 גרם,false,,14.90,1.8625,true,1,30019
7290000107189,false,תחתיות ארטישוק סנפרו,סנפרוסט בעמ,IL,תחתיות ארטישוק סנפרו,גרמים,400.00,100 גרם,false,,15.90,3.9750,true,1,30032
7290000111353,false,"מיונז תלמה 1 ק""ג",יוניליוור,IL,"מיונז תלמה 1 ק""ג",פריט,1.00,"ק""ג",false,,15.90,15.9000,true,1,30049
7290000112237,false,"טחינה בארכה 1 ק""ג",רושדי תעשיות מזון,IL,"טחינה בארכה 1 ק""ג",פריט,1.00,"ק""ג",false,,19.90,19.9000,true,1,30058
7290000121079,false,גבינה מותכת שום שמיר,גהשאן,IL,גבינה מותכת שום שמיר,גרמים,120.00,100 גרם,false,,8.90,7.4167,true,1,30161
7290000121093,false,גבינה מותכת שוויצרי,גהשאן,IL,גבינה מותכת שוויצרי,גרמים,120.00,100 גרם,false,,8.90,7.4167,true,1,30162
7290000121109,false,גבינה מותכת זיתים 7%,גהשאן,IL,גבינה מותכת זיתים 7%,גרמים,120.00,100 גרם,false,,8.90,7.4167,true,1,30163
7290000127705,false,שוקולד ורד הגליל מרי,יוניליוור,IL,שוקולד ורד הגליל מרי,גרמים,600.00,100 גרם,false,,17.90,2.9833,true,1,30228
7290000133645,false,משחת אורביטול הלבנה,טרופיקל דגיל,IL,משחת אורביטול הלבנה,גרמים,435.00,100 גרם,false,,13.90,3.1954,true,1,30271
7290000135045,false,משקה אנרגיה אקסל תן,טמפו,IL,משקה אנרגיה אקסל תן,מיליליטרים,250.00,"100 מ""ל",false,,3.90,1.5600,true,1,91844
7290000135052,false,משקה אנרגיה אקסל תן,טמפו,IL,משקה אנרגיה אקסל תן,מיליליטרים,250.00,"100 מ""ל",false,,3.90,1.5600,true,1,91845
7290000135113,false,משקה אנרגיה אקסל נענ,טמפו,IL,משקה אנרגיה אקסל נענ,מיליליטרים,250.00,"100 מ""ל",false,,3.90,1.5600,true,1,94855
7290000135182,false,מארז סבן אפ פרי 6*33,אלפא S.A,AL,מארז סבן אפ פרי 6*33,קילוגרמים,1.98,ליטר,false,,15.90,8.0303,true,1,99363
7290000135311,false,פפסי מקס ליים 1.5 לי,טמפו,IL,פפסי מקס ליים 1.5 לי,קילוגרמים,1.50,ליטר,false,,6.90,4.6000,true,1,108636
7290000135465,false,מארז סודה טמפו 12*50,טמפו,IL,מארז סודה טמפו 12*50,קילוגרמים,6.00,ליטר,false,,24.90,4.1500,true,1,102120
7290000135595,false,פפסי מקס דובדבן 1.5,טמפו,IL,פפסי מקס דובדבן 1.5,קילוגרמים,1.50,ליטר,false,,6.90,4.6000,true,1,102121
7290000135663,false,מארז פפסי מקס דובדבן,אלפא S.A,AL,מארז פפסי מקס דובדבן,קילוגרמים,1.98,ליטר,false,,16.90,8.5354,true,1,109074
7290000136141,false,פפסי קולה 1.5 ליטר,טמפו,IL,פפסי קולה 1.5 ליטר,קילוגרמים,1.50,ליטר,false,,6.90,4.6000,true,1,104884
7290000136158,false,פפסי מקס 1.5 ליטר,טמפו,IL,פפסי מקס 1.5 ליטר,קילוגרמים,1.50,ליטר,false,,6.90,4.6000,true,1,104885
7290000136165,false,מירינדה 1.5 ליטר,טמפו,IL,מירינדה 1.5 ליטר,קילוגרמים,1.50,ליטר,false,,6.90,4.6000,true,1,104879
7290000136172,false,סבן אפ 1.5 ליטר,טמפו,IL,סבן אפ 1.5 ליטר,קילוגרמים,1.50,ליטר,false,,6.90,4.6000,true,1,104886
7290000136189,false,סבן אפ דיאט 1.5 ליטר,טמפו,IL,סבן אפ דיאט 1.5 ליטר,קילוגרמים,1.50,ליטר,false,,6.90,4.6000,true,1,104880
7290000136240,false,סודה טמפו 1.5 ליטר,טמפו,IL,סודה טמפו 1.5 ליטר,קילוגרמים,1.50,ליטר,false,,2.90,1.9333,true,1,104878
7290000136455,false,גאמפ אשכוליות 1.5 לי,טמפו,IL,גאמפ אשכוליות 1.5 לי,קילוגרמים,1.50,ליטר,false,,6.90,4.6000,true,1,104849
7290000136516,false,גאמפ מנגו פסיפלורה 1,טמפו,IL,גאמפ מנגו פסיפלורה 1,קילוגרמים,1.50,ליטר,false,,6.90,4.6000,true,1,104847
7290000136523,false,גאמפ ענבים 1.5 ליטר,טמפו,IL,גאמפ ענבים 1.5 ליטר,קילוגרמים,1.50,ליטר,false,,6.90,4.6000,true,1,104851
7290000136561,false,גאמפ תות בננה 1.5 לי,טמפו,IL,גאמפ תות בננה 1.5 לי,קילוגרמים,1.50,ליטר,false,,6.90,4.6000,true,1,104852
7290000136585,false,גאמפ תפוז 1.5 ליטר,טמפו,IL,גאמפ תפוז 1.5 ליטר,קילוגרמים,1.50,ליטר,false,,6.90,4.6000,true,1,104848
7290000136608,false,גאמפ תפוח 1.5 ליטר,טמפו,IL,גאמפ תפוח 1.5 ליטר,קילוגרמים,1.50,ליטר,false,,6.90,4.6000,true,1,104874
7290000136646,false,בירה נשר מאלט 1.5 לי,טמפו,IL,בירה נשר מאלט 1.5 לי,קילוגרמים,1.50,ליטר,false,,8.80,5.8667,true,1,104843
7290000136653,false,בירה נשר מאלט דיאט 1,טמפו,IL,בירה נשר מאלט דיאט 1,קילוגרמים,1.50,ליטר,false,,8.80,5.8667,true,1,104844
7290000136691,false,מארז סבן אפ 6 *1.5 ל,טמפו,IL,מארז סבן אפ 6 *1.5 ל,קילוגרמים,9.00,ליטר,false,,36.90,4.1000,true,1,104881
7290000136752,false,מארז סבן אפ דיאט 6*,טמפו,IL,מארז סבן אפ דיאט 6*,קילוגרמים,9.00,ליטר,false,,33.90,3.7667,true,1,104882
7290000136769,false,מארז פפסי קולה 6*1.5,טמפו,IL,מארז פפסי קולה 6*1.5,קילוגרמים,9.00,ליטר,false,,35.90,3.9889,true,1,104887
7290000136776,false,מארז פפסי מקס 6*1.5,טמפו,IL,מארז פפסי מקס 6*1.5,קילוגרמים,9.00,ליטר,false,,35.90,3.9889,true,1,104888
7290000136783,false,מארז מירינדה 6*1.5 ל,טמפו,IL,מארז מירינדה 6*1.5 ל,קילוגרמים,9.00,ליטר,false,,36.90,4.1000,true,1,104883
7290000136790,false,מארז סודה טמפו 6*1.5,טמפו,IL,מארז סודה טמפו 6*1.5,קילוגרמים,9.00,ליטר,false,,14.70,1.6333,true,1,104876
7290000136806,false,מארז סודה לימון ליים,טמפו,IL,מארז סודה לימון ליים,קילוגרמים,6.00,ליטר,false,,10.90,1.8167,true,1,105610
7290000136813,false,מארז סודה אננס טמפו,טמפו,IL,מארז סודה אננס טמפו,קילוגרמים,6.00,ליטר,false,,10.90,1.8167,true,1,105612
7290000136820,false,מארז סודה פירות יער,טמפו,IL,מארז סודה פירות יער,קילוגרמים,6.00,ליטר,false,,10.90,1.8167,true,1,105613
7290000136837,false,מארז סודה אפרסק טמפו,טמפו,IL,מארז סודה אפרסק טמפו,קילוגרמים,6.00,ליטר,false,,10.90,1.8167,true,1,105611
7290000136844,false,מים אקווה נובה 6*2 ל,טמפו,IL,מים אקווה נובה 6*2 ל,קילוגרמים,12.00,ליטר,false,,10.90,0.9083,true,1,104845
7290000136868,false,מים סאן בנדטו 6*1.5,טמפו,IL,מים סאן בנדטו 6*1.5,קילוגרמים,9.00,ליטר,false,,16.90,1.8778,true,1,104846
7290000136875,false,מים מוגז סאן בנדטו 6,טמפו,IL,מים מוגז סאן בנדטו 6,קילוגרמים,9.00,ליטר,false,,16.90,1.8778,true,1,104877
7290000137513,false,חטיפי גלידה קרמיסימו,גלידות שטראוס,IL,חטיפי גלידה קרמיסימו,גרמים,630.00,100 גרם,false,,34.90,5.5397,true,1,30302
7290000137643,false,מארז קסטה טעמקור 8 י,גלידות שטראוס,IL,מארז קסטה טעמקור 8 י,גרמים,416.00,100 גרם,false,,26.90,6.4663,true,1,30303
7290000139227,false,תירס תפוח מתוק אשבול,אשבול בעמ,IL,תירס תפוח מתוק אשבול,גרמים,150.00,100 גרם,false,,8.70,5.8000,true,1,30310
7290000143187,false,שמפו הוואי לגבר 700,הנקל סוד,IL,שמפו הוואי לגבר 700,מיליליטרים,700.00,"100 מ""ל",false,,7.90,1.1286,true,1,55653
7290000143217,false,שמפו הוואי לשיער יבש,הנקל סוד,IL,שמפו הוואי לשיער יבש,מיליליטרים,700.00,"100 מ""ל",false,,7.90,1.1286,true,1,49664
7290000143255,false,שמפו הוואי לשיער רגי,הנקל סוד,IL,שמפו הוואי לשיער רגי,מיליליטרים,700.00,"100 מ""ל",false,,7.90,1.1286,true,1,47065
7290000143279,false,שמפו הוואי למניעת קש,הנקל סוד,IL,שמפו הוואי למניעת קש,מיליליטרים,700.00,"100 מ""ל",false,,7.90,1.1286,true,1,47066
7290000143286,false,מרכך הוואי לשיער רגי,הנקל סוד,IL,מרכך הוואי לשיער רגי,מיליליטרים,700.00,"100 מ""ל",false,,7.90,1.1286,true,1,47067
7290000143293,false,מרכך הוואי לילדים 70,הנקל סוד,IL,מרכך הוואי לילדים 70,מיליליטרים,700.00,"100 מ""ל",false,,7.90,1.1286,true,1,30331
7290000144467,false,שמן חמניות בריאות עץ,שמן תעשיות,IL,שמן חמניות בריאות עץ,קילוגרמים,1.00,ליטר,false,,13.90,13.9000,true,1,30334
7290000144474,false,שמן קנולה בריאות עץ,שמן תעשיות,IL,שמן קנולה בריאות עץ,קילוגרמים,1.00,ליטר,false,,12.90,12.9000,true,1,30335
7290000146645,false,סבון מוצק הוואי שחור,הנקל סוד,IL,סבון מוצק הוואי שחור,גרמים,400.00,100 גרם,false,,8.90,2.2250,true,1,54126
7290000146652,false,סבון מוצק הוואי ורוד,הנקל סוד,IL,סבון מוצק הוואי ורוד,גרמים,400.00,100 גרם,false,,8.90,2.2250,true,1,54127
7290000146669,false,סבון מוצק הוואי כחול,הנקל סוד,IL,סבון מוצק הוואי כחול,גרמים,400.00,100 גרם,false,,8.90,2.2250,true,1,54128
7290000146683,false,סבון מוצק הוואי אפקט,הנקל סוד,IL,סבון מוצק הוואי אפקט,גרמים,400.00,100 גרם,false,,8.90,2.2250,true,1,54883
7290000149615,false,סבון מוצק נקה 7 לתינ,גליל כימיקלים בעמ,IL,סבון מוצק נקה 7 לתינ,גרמים,400.00,100 גרם,false,,8.90,2.2250,true,1,30381
7290000149851,false,סינטבון כפול לנקיון,סנו,IL,סינטבון כפול לנקיון,גרמים,460.00,100 גרם,false,,7.90,1.7174,true,1,30383
7290000149905,false,טקסטיל שמפו נוזלי 1,סנו,IL,טקסטיל שמפו נוזלי 1,קילוגרמים,1.00,ליטר,false,,9.90,9.9000,true,1,30386
7290000151885,false,נקניק הודו עוף טוב 7,עוף טוב,IL,נקניק הודו עוף טוב 7,גרמים,700.00,100 גרם,false,,14.90,2.1286,true,1,49186
7290000158105,false,שניצל עוף דינוזאור ע,עוף טוב,IL,שניצל עוף דינוזאור ע,גרמים,700.00,100 גרם,false,,29.90,4.2714,true,1,60630
7290000174723,false,שוקולית 500 גרם,שטראוס גרופ,IL,שוקולית 500 גרם,גרמים,500.00,100 גרם,false,,11.90,2.3800,true,1,30518
7290000176079,false,קפה טורקי הל עלית 10,שטראוס קפה בי.וי,IL,קפה טורקי הל עלית 10,גרמים,100.00,100 גרם,false,,8.90,8.9000,true,1,105563
7290000176420,false,קפה נמס 200 גרם,שטראוס,PL,קפה נמס 200 גרם,גרמים,200.00,100 גרם,false,,18.90,9.4500,true,1,30525
7290000176475,false,קפה נמס האג נטול קפא,שטראוס,IL,קפה נמס האג נטול קפא,גרמים,200.00,100 גרם,false,,33.90,16.9500,true,1,30526
7290000178707,false,תפוציפס טבעי 50 גרם,,,תפוציפס טבעי 50 גרם,גרמים,50.00,100 גרם,false,,2.90,5.8000,true,1,30539
7290000178721,false,תפוציפס מלוח 200 גרם,שטראוס,IL,תפוציפס מלוח 200 גרם,גרמים,200.00,100 גרם,false,,8.90,4.4500,true,1,30540
7290000186337,false,מטליות לחות לניקוי כ,עלבד משואות יצחק,IL,מטליות לחות לניקוי כ,Unknown,0.00,יחידה,false,,21.90,0.0000,true,1,73114
7290000187921,false,נייר טואלט לבן לילי,קימברלי קלארק,IL,נייר טואלט לבן לילי,מטרים,588.00,מטר,false,,37.90,0.0645,true,1,41053
7290000187938,false,נייר טואלט פסטל לילי,קימברלי קלארק,IL,נייר טואלט פסטל לילי,מטרים,0.00,מטר,false,,38.90,0.0000,true,1,41052
7290000187952,false,נייר טואלט לילי טריפ,קימברלי קלארק,IL,נייר טואלט לילי טריפ,מטרים,537.00,מטר,false,,37.90,0.0706,true,1,98995
7290000188355,false,מגבות נייר ניקול 6 י,קימברלי קלארק,IL,מגבות נייר ניקול 6 י,מטרים,64.80,מטר,false,,10.90,0.1682,true,1,71683
7290000188386,false,מגבות נייר ניקול 12,חוגלה קימברלי,IL,מגבות נייר ניקול 12,מטרים,129.00,מטר,false,,19.90,0.1543,true,1,69592
7290000188553,false,מגן תחתון קוטקס נורמ,חוגלה קימברלי,CN,מגן תחתון קוטקס נורמ,Unknown,0.00,יחידה,false,,15.90,0.0000,true,1,69610
7290000189680,false,מטליות לחות לרצפה ני,חוגלה קימברלי,,מטליות לחות לרצפה ני,Unknown,0.00,יחידה,false,,19.90,0.0000,true,1,73113
7290000191225,false,חיתולי האגיס 44 יח ש,חוגלה קימברלי,IL,חיתולי האגיס 44 יח ש,Unknown,0.00,יחידה,false,,28.90,0.0000,true,1,72894
7290000191539,false,טישו צבעוני לילי 5*9,חוגלה קימברלי,IL,טישו צבעוני לילי 5*9,גרמים,593.00,100 גרם,false,,11.90,2.0067,true,1,30687
7290000191645,false,חיתולי האגיס 36 יח נ,חוגלה קימברלי,IL,חיתולי האגיס 36 יח נ,Unknown,0.00,יחידה,false,,28.90,0.0000,true,1,67506
7290000191652,false,טישו קלינקס 3*90 יח,חוגלה קימברלי,IL,טישו קלינקס 3*90 יח,Unknown,0.00,יחידה,false,,9.90,0.0000,true,1,69590
7290000193014,false,מגן תחתון לילי אינטר,חוגלה קימברלי,IL,מגן תחתון לילי אינטר,Unknown,0.00,יחידה,false,,7.90,0.0000,true,1,30694
7290000193083,false,תחבושות לילי נובה לי,חוגלה קימברלי,IL,תחבושות לילי נובה לי,Unknown,0.00,יחידה,false,,6.90,0.0000,true,1,30697
7290000193472,false,מגן תחתון לילי נטורל,חוגלה קימברלי,IL,מגן תחתון לילי נטורל,Unknown,0.00,יחידה,false,,11.90,0.0000,true,1,30702
7290000193540,false,מגן תחתון לילי נטורל,חוגלה קימברלי,IL,מגן תחתון לילי נטורל,Unknown,0.00,יחידה,false,,11.90,0.0000,true,1,30703
7290000193953,false,תחבושות ללי נורמל עם,אונטקס,ES,תחבושות ללי נורמל עם,Unknown,0.00,יחידה,false,,24.90,0.0000,true,1,30715
7290000193960,false,תחבושות לילי סופר +,אונטקס,ES,תחבושות לילי סופר +,Unknown,0.00,יחידה,false,,24.90,0.0000,true,1,30716
7290000194172,false,חטיפים מעורב 250 גרם,ממתקי השלום,IL,חטיפים מעורב 250 גרם,גרמים,300.00,100 גרם,false,,12.90,4.3000,true,1,50059
7290000195537,false,מגבונים האגיס ללא בי,חוגלה קימברלי,IL,מגבונים האגיס ללא בי,Unknown,0.00,יחידה,false,,18.90,0.0000,true,1,30737
7290000195773,false,מגבונים האגיס ללא בי,חוגלה קימברלי,IL,מגבונים האגיס ללא בי,Unknown,0.00,יחידה,false,,18.90,0.0000,true,1,104305
7290000197425,false,חיתולי האגיס פרידום,חוגלה קימברלי,IL,חיתולי האגיס פרידום,Unknown,0.00,יחידה,false,,39.90,0.0000,true,1,99789
7290000197456,false,חיתולי האגיס פרידום,חוגלה קימברלי,IL,חיתולי האגיס פרידום,Unknown,0.00,יחידה,false,,39.90,0.0000,true,1,99790
7290000197463,false,חיתולי האגיס פרידום,חוגלה קימברלי,IL,חיתולי האגיס פרידום,Unknown,0.00,יחידה,false,,39.90,0.0000,true,1,99791
7290000197548,false,חיתולי האגיס פרידום,חוגלה קימברלי,IL,חיתולי האגיס פרידום,Unknown,0.00,יחידה,false,,39.90,0.0000,true,1,99792
7290000197678,false,חיתולי האגיס פרידום,חוגלה קימברלי,IL,חיתולי האגיס פרידום,Unknown,0.00,יחידה,false,,39.90,0.0000,true,1,99793
7290000201818,false,חיתולי טיטולים פרימי,חוגלה קימברלי,IL,חיתולי טיטולים פרימי,Unknown,0.00,יחידה,false,,29.90,0.0000,true,1,92763
7290000201832,false,חיתולי טיטולים פרימי,חוגלה קימברלי,IL,חיתולי טיטולים פרימי,Unknown,0.00,יחידה,false,,29.90,0.0000,true,1,92764
7290000201849,false,חיתולי טיטולים פרימי,חוגלה קימברלי,IL,חיתולי טיטולים פרימי,Unknown,0.00,יחידה,false,,29.90,0.0000,true,1,92765
7290000201856,false,חיתולי טיטולים פרימי,חוגלה קימברלי,IL,חיתולי טיטולים פרימי,Unknown,0.00,יחידה,false,,29.90,0.0000,true,1,92766
7290000201863,false,חיתולי טיטולים פרימי,חוגלה קימברלי,IL,חיתולי טיטולים פרימי,Unknown,0.00,יחידה,false,,29.90,0.0000,true,1,92767
7290000201870,false,חיתולי טיטולים פרימי,חוגלה קימברלי,IL,חיתולי טיטולים פרימי,Unknown,0.00,יחידה,false,,29.90,0.0000,true,1,92768
7290000204215,false,כריות יפניות ניקול 6,חוגלה קימברלי,IL,כריות יפניות ניקול 6,Unknown,0.00,יחידה,false,,9.90,0.0000,true,1,30947
7290000204253,false,מטליות לניקוי כללי נ,נ אורים,IL,מטליות לניקוי כללי נ,Unknown,0.00,יחידה,false,,9.90,0.0000,true,1,30949
7290000208138,false,סירופ יכין ענבים דיא,זנלכל,IL,סירופ יכין ענבים דיא,קילוגרמים,1.00,ליטר,false,,17.90,17.9000,true,1,54870
7290000208213,false,שעועית לבנה ברוטב יכ,זנלכל,IL,שעועית לבנה ברוטב יכ,גרמים,560.00,100 גרם,false,,6.90,1.2321,true,1,31003
7290000208220,false,שעועית צילי חריף יכי,זנלכל,IL,שעועית צילי חריף יכי,גרמים,580.00,100 גרם,false,,9.90,1.7069,true,1,31004
7290000208312,false,תירס גרעינים יכין 40,זנלכל,IL,תירס גרעינים יכין 40,גרמים,400.00,100 גרם,false,,5.90,1.4750,true,1,71002
7290000208329,false,תירס גרעינים יכין 55,זנלכל,IL,תירס גרעינים יכין 55,גרמים,550.00,100 גרם,false,,6.90,1.2545,true,1,60804
7290000208428,false,חומוס שלם יכין 550 ג,זנלכל,IL,חומוס שלם יכין 550 ג,גרמים,550.00,100 גרם,false,,6.90,1.2545,true,1,31006
7290000209012,false,חומץ  5% יכין 1 ליטר,זנלכל,IL,חומץ  5% יכין 1 ליטר,קילוגרמים,1.00,ליטר,false,,3.80,3.8000,true,1,31010
7290000209043,false,רוטב לימון משומר יכי,זנלכל,IL,רוטב לימון משומר יכי,קילוגרמים,1.00,ליטר,false,,5.90,5.9000,true,1,31011
7290000209524,false,סירופ יכין פטל דיאט,זנלכל,IL,סירופ יכין פטל דיאט,קילוגרמים,1.00,ליטר,false,,17.90,17.9000,true,1,54871
7290000209555,false,סירופ יכין תפוע דיאט,זנלכל,IL,סירופ יכין תפוע דיאט,קילוגרמים,1.00,ליטר,false,,17.90,17.9000,true,1,54872
7290000209579,false,סירופ יכין אננס דיאט,זנלכל,IL,סירופ יכין אננס דיאט,קילוגרמים,1.00,ליטר,false,,17.90,17.9000,true,1,54876
7290000209722,false,תרכיז עגבניות פריכוז,זנלכל,IL,תרכיז עגבניות פריכוז,גרמים,580.00,100 גרם,false,,9.90,1.7069,true,1,31019
7290000211442,false,"אורז פרסי סוגת 1 ק""ג",סוגת,IL,"אורז פרסי סוגת 1 ק""ג",פריט,1.00,"ק""ג",false,,6.90,6.9000,true,1,31074
7290000211503,false,"סוכר סוגת 1 ק""ג",סוגת,IL,"סוכר סוגת 1 ק""ג",פריט,1.00,"ק""ג",false,,4.90,4.9000,true,1,31075
7290000211985,false,אורז ריזוטו עגול סוג,סוגת,IL,אורז ריזוטו עגול סוג,פריט,1.00,"ק""ג",false,,7.90,7.9000,true,1,31081
7290000226514,false,עוגת דובוש ריבת חלב,קפולסקי אדל בעמ,IL,עוגת דובוש ריבת חלב,גרמים,450.00,100 גרם,false,,29.90,6.6444,true,1,31250
7290000226545,false,עוגת טורט היער השחור,קפולסקי אדל בעמ,IL,עוגת טורט היער השחור,פריט,1.00,"ק""ג",false,,63.90,63.9000,true,1,31252
7290000226552,false,עוגת טורט בטעם ריבת,קפולסקי אדל בעמ,IL,עוגת טורט בטעם ריבת,פריט,1.00,"ק""ג",false,,63.90,63.9000,true,1,31253
7290000226569,false,עוגת טורט קצפת בטעם,קפולסקי אדל בעמ,IL,עוגת טורט קצפת בטעם,פריט,1.00,"ק""ג",false,,63.90,63.9000,true,1,31254
7290000226576,false,עוגת טורט בטעם שוקול,קפולסקי אדל בעמ,IL,עוגת טורט בטעם שוקול,פריט,1.00,"ק""ג",false,,63.90,63.9000,true,1,31255
7290000226613,false,עוגת דובוש מצופה שוק,קפולסקי אדל בעמ,IL,עוגת דובוש מצופה שוק,גרמים,400.00,100 גרם,false,,29.90,7.4750,true,1,31257
7290000238029,false,בצק עלים מרודד מעדנו,מעדנות,IL,בצק עלים מרודד מעדנו,פריט,1.00,"ק""ג",false,,15.90,15.9000,true,1,31426
7290000238036,false,מלוואח מעדנות 700 גר,מעדנות,IL,מלוואח מעדנות 700 גר,גרמים,700.00,100 גרם,false,,11.90,1.7000,true,1,31427
7290000238173,false,בורקס גבינה מעדנות 8,מעדנות,IL,בורקס גבינה מעדנות 8,גרמים,800.00,100 גרם,false,,17.90,2.2375,true,1,31428
7290000238180,false,בורקס תפוא מעדנות 80,מעדנות,IL,בורקס תפוא מעדנות 80,גרמים,800.00,100 גרם,false,,15.90,1.9875,true,1,31429
7290000245089,false,מרכך סוד סגול 4 ליטר,הנקל סוד,IL,מרכך סוד סגול 4 ליטר,קילוגרמים,4.00,ליטר,false,,16.90,4.2250,true,1,31488
7290000245157,false,מרכך סוד לבן 4 ליטר,הנקל סוד,IL,מרכך סוד לבן 4 ליטר,קילוגרמים,4.00,ליטר,false,,16.90,4.2250,true,1,31489
7290000245782,false,מרכך סוד ורוד 4 ליטר,הנקל סוד,IL,מרכך סוד ורוד 4 ליטר,קילוגרמים,4.00,ליטר,false,,16.90,4.2250,true,1,31500
7290000245799,false,מרכך סוד כחול 4 ליטר,הנקל סוד,IL,מרכך סוד כחול 4 ליטר,קילוגרמים,4.00,ליטר,false,,16.90,4.2250,true,1,31501
7290000253084,false,שוקולד ציפס חום לבן,אופנהיימר,IL,שוקולד ציפס חום לבן,גרמים,750.00,100 גרם,false,,19.90,2.6533,true,1,72022
7290000253107,false,צמקאו לבישול ואפיה א,אופנהיימר,IL,צמקאו לבישול ואפיה א,גרמים,900.00,100 גרם,false,,16.90,1.8778,true,1,71590
7290000253206,false,שוקולד ציפס אופנהיימ,אופנהיימר,IL,שוקולד ציפס אופנהיימ,גרמים,680.00,100 גרם,false,,19.90,2.9265,true,1,66508
7290000253251,false,שוקולד ציפס לבן אופנ,אופנהיימר,IL,שוקולד ציפס לבן אופנ,גרמים,250.00,100 גרם,false,,9.90,3.9600,true,1,53164
7290000253329,false,צמקאו חום/לבן לבישול,אופנהיימר,IL,צמקאו חום/לבן לבישול,גרמים,900.00,100 גרם,false,,16.90,1.8778,true,1,72023
7290000253565,false,מזרה צבעוני ארוך אופ,אופנהיימר,IL,מזרה צבעוני ארוך אופ,גרמים,170.00,100 גרם,false,,6.90,4.0588,true,1,100446
7290000253589,false,מזרה חום ארוך אופנהי,אופנהיימר,IL,מזרה חום ארוך אופנהי,גרמים,200.00,100 גרם,false,,6.90,3.4500,true,1,98441
7290000253596,false,מזרה צבעוני עגול אופ,אופנהיימר,IL,מזרה צבעוני עגול אופ,גרמים,200.00,100 גרם,false,,6.90,3.4500,true,1,98442
7290000262161,false,נייר טואלט מולט 40 ג,חוגלה קימברלי,IL,נייר טואלט מולט 40 ג,מטרים,704.00,מטר,false,,31.90,0.0453,true,1,31600
7290000263359,false,חיתולי האגיס 40 יח ש,חוגלה קימברלי,IL,חיתולי האגיס 40 יח ש,Unknown,0.00,יחידה,false,,28.90,0.0000,true,1,69598
7290000272443,false,סירופ עסיס תפוז דיאט,בית השיטה עסיס תעשיו,IL,סירופ עסיס תפוז דיאט,קילוגרמים,1.00,ליטר,false,,15.90,15.9000,true,1,31707
7290000272467,false,סירופ עסיס פטל דיאט,בית השיטה עסיס תעשיו,IL,סירופ עסיס פטל דיאט,קילוגרמים,1.00,ליטר,false,,15.90,15.9000,true,1,31708
7290000272696,false,מיץ לימון משומר עסיס,בית השיטה עסיס תעשיו,IL,מיץ לימון משומר עסיס,קילוגרמים,1.00,ליטר,false,,8.30,8.3000,true,1,31711
7290000272726,false,חומץ 5% עסיס 1 ליטר,בית השיטה עסיס תעשיו,IL,חומץ 5% עסיס 1 ליטר,קילוגרמים,1.00,ליטר,false,,5.90,5.9000,true,1,31712
7290000286228,false,ספוגיות סנו סושי 6 י,סדובסקי,IL,ספוגיות סנו סושי 6 י,Unknown,0.00,יחידה,false,,9.90,0.0000,true,1,31814
7290000286297,false,נוזל אנטי קאלק מסיר,סנו,IL,נוזל אנטי קאלק מסיר,מיליליטרים,700.00,"100 מ""ל",false,,9.90,1.4143,true,1,31815
7290000286488,false,ספוג כיף פיראט,קוסמופארם,IL,ספוג כיף פיראט,Unknown,0.00,יחידה,false,,6.90,0.0000,true,1,31817
7290000286525,false,ספוג כיף רחצה פרינה,קוסמופארם,IL,ספוג כיף רחצה פרינה,Unknown,0.00,יחידה,false,,9.90,0.0000,true,1,31820
7290000286761,false,ניילון נצמד סנו סושי,FV HK,IL,ניילון נצמד סנו סושי,מטרים,60.00,מטר,false,,9.90,0.1650,true,1,31825
7290000286921,false,תרסיס רסס כבס סנוקל,סנו,IL,תרסיס רסס כבס סנוקל,מיליליטרים,750.00,"100 מ""ל",false,,9.90,1.3200,true,1,39800
7290000287102,false,תרסיס סנו שטיחים איר,סנו,IL,תרסיס סנו שטיחים איר,מיליליטרים,600.00,"100 מ""ל",false,,17.90,2.9833,true,1,31842
7290000287195,false,תרסיס סנו רהיט 305 מ,סנו,IL,תרסיס סנו רהיט 305 מ,מיליליטרים,305.00,"100 מ""ל",false,,12.90,4.2295,true,1,31848
7290000287409,false,סבון אסלה סנובון תות,סנו,IL,סבון אסלה סנובון תות,גרמים,165.00,100 גרם,false,,9.90,6.0000,true,1,31852
7290000287430,false,סבון אסלה סנובון צבע,סנו,IL,סבון אסלה סנובון צבע,גרמים,165.00,100 גרם,false,,9.90,6.0000,true,1,31853
7290000287485,false,סבון אסלה סנובון לוב,סנו,IL,סבון אסלה סנובון לוב,גרמים,165.00,100 גרם,false,,9.90,6.0000,true,1,31854
7290000287492,false,סנובון נוזלי לימון 7,סנו,IL,סנובון נוזלי לימון 7,מיליליטרים,750.00,"100 מ""ל",false,,8.90,1.1867,true,1,31855
7290000288024,false,אקונומיקה סנו גאוול,סנו,IL,אקונומיקה סנו גאוול,קילוגרמים,4.00,ליטר,false,,15.90,3.9750,true,1,31863
7290000288048,false,תרסיס ניקוי סנו ז'או,סנו,IL,תרסיס ניקוי סנו ז'או,קילוגרמים,1.00,ליטר,false,,13.90,13.9000,true,1,31865
7290000288086,false,אבקת ניקוי סנו גאוול,סנו,IL,אבקת ניקוי סנו גאוול,גרמים,600.00,100 גרם,false,,7.90,1.3167,true,1,31868
7290000288291,false,סנומט דוחה יתושים 30,זובאלה,IL,סנומט דוחה יתושים 30,Unknown,0.00,יחידה,false,,11.90,0.0000,true,1,31882
7290000288307,false,מכשיר סנומט + 30 טבל,זובאלה,IL,מכשיר סנומט + 30 טבל,Unknown,1.00,יחידה,false,,24.90,24.9000,true,1,31884
7290000288352,false,"קוטל K300 סנו 630 מ""",סנו,IL,"קוטל K300 סנו 630 מ""",מיליליטרים,630.00,"100 מ""ל",false,,17.90,2.8413,true,1,31886
7290000288383,false,קוטל K500 נמלים סנו,סנו,IL,קוטל K500 נמלים סנו,מיליליטרים,400.00,"100 מ""ל",false,,19.90,4.9750,true,1,31887
7290000288390,false,"קוטל K600 סנו 500 מ""",סנו,IL,"קוטל K600 סנו 500 מ""",מיליליטרים,500.00,"100 מ""ל",false,,19.90,3.9800,true,1,31888
7290000288529,false,משחת כלים סנוסאן ברי,סנו,IL,משחת כלים סנוסאן ברי,פריט,3.50,"ק""ג",false,,19.90,5.6857,true,1,31892
7290000288642,false,מרכך מקסימה סנסטיב 4,סנו,IL,מרכך מקסימה סנסטיב 4,קילוגרמים,4.00,ליטר,false,,21.50,5.3750,true,1,31894
7290000289052,false,פוליויקס סחלבים 4 לי,סנו,IL,פוליויקס סחלבים 4 לי,קילוגרמים,4.00,ליטר,false,,34.90,8.7250,true,1,31898
7290000289069,false,תרסיס ניקוי סנו גאוו,סנו,IL,תרסיס ניקוי סנו גאוו,קילוגרמים,1.00,ליטר,false,,13.90,13.9000,true,1,31899
7290000289236,false,ג'ל פיתיון נמלים K3,סנו,IL,ג'ל פיתיון נמלים K3,גרמים,10.00,100 גרם,false,,39.90,399.0000,true,1,96639
7290000289472,false,שקיות אשפה 76*90 סנו,אשפלסט,IL,שקיות אשפה 76*90 סנו,Unknown,0.00,יחידה,false,,16.90,0.0000,true,1,31907
7290000289595,false,משחת אורביטול ילדים,טרופיקל דגיל,IL,משחת אורביטול ילדים,גרמים,145.00,100 גרם,false,,6.90,4.7586,true,1,31910
7290000291932,false,סנובון נוזלי לבנדר 7,סנו,IL,סנובון נוזלי לבנדר 7,מיליליטרים,750.00,"100 מ""ל",false,,8.90,1.1867,true,1,31978
7290000292137,false,תחליב סנו לניקוי עור,סנו,IL,תחליב סנו לניקוי עור,מיליליטרים,500.00,"100 מ""ל",false,,29.90,5.9800,true,1,31980
7290000292557,false,מילוי סנומט נוזלי 45,זובאלה,IL,מילוי סנומט נוזלי 45,Unknown,0.00,יחידה,false,,14.90,0.0000,true,1,32000
7290000292564,false,קוטל K2000 ללא ריח ס,סנו,IL,קוטל K2000 ללא ריח ס,מיליליטרים,750.00,"100 מ""ל",false,,28.90,3.8533,true,1,32001
7290000292595,false,סופר פוליש סנו 2 ליט,סנו,IL,סופר פוליש סנו 2 ליט,קילוגרמים,2.00,ליטר,false,,38.90,19.4500,true,1,32005
7290000292687,false,סנובון כחול 3 יח,סנו,IL,סנובון כחול 3 יח,גרמים,165.00,100 גרם,false,,14.90,9.0303,true,1,32007
7290000292694,false,מגן קריסטל סנו 2 ליט,סנו,IL,מגן קריסטל סנו 2 ליט,קילוגרמים,2.00,ליטר,false,,39.90,19.9500,true,1,32008
7290000292915,false,תרסיס סנו רסס ונגב 7,סנו,IL,תרסיס סנו רסס ונגב 7,מיליליטרים,750.00,"100 מ""ל",false,,10.90,1.4533,true,1,32009
7290000293073,false,מרכך מקסימה ביו 4 לי,סנו,IL,מרכך מקסימה ביו 4 לי,קילוגרמים,4.00,ליטר,false,,18.90,4.7250,true,1,32017
7290000293943,false,תרסיס אנטי קאלק מסיר,סנו,IL,תרסיס אנטי קאלק מסיר,קילוגרמים,1.00,ליטר,false,,14.90,14.9000,true,1,32064
7290000294780,false,אקונומיקה סנו גאוול,סנו,IL,אקונומיקה סנו גאוול,קילוגרמים,4.00,ליטר,false,,15.90,3.9750,true,1,32089
7290000295503,false,שקיות אוכל סנו סושי,אשפלסט,IL,שקיות אוכל סנו סושי,Unknown,0.00,יחידה,false,,13.70,0.0000,true,1,32101
7290000295558,false,נייר אלומיניום סנו ס,בורסה פזרי,IL,נייר אלומיניום סנו ס,מטרים,15.00,מטר,false,,9.90,0.6600,true,1,32103
7290000295565,false,נייר אלומניום סנו סו,בורסה פזרי,IL,נייר אלומניום סנו סו,מטרים,15.00,מטר,false,,14.90,0.9933,true,1,32104
7290000295749,false,ספוג כיף סאקי מסאז,קוסמופארם,IL,ספוג כיף סאקי מסאז,Unknown,0.00,יחידה,false,,9.90,0.0000,true,1,32107
7290000295824,false,נייר אלומיניום סנו ס,,IL,נייר אלומיניום סנו ס,Unknown,0.00,יחידה,false,,47.90,0.0000,true,1,32109
7290000305882,false,סלט אס ירקות עם דגים,יונה,IL,סלט אס ירקות עם דגים,גרמים,120.00,100 גרם,false,,4.90,4.0833,true,1,32216
7290000311067,false,מיני ופלים בטעם שוקו,מן,IL,מיני ופלים בטעם שוקו,גרמים,200.00,100 גרם,false,,6.70,3.3500,true,1,32254
7290000311098,false,ופל מן לימון 3*200 ג,רוקחמן,IL,ופל מן לימון 3*200 ג,גרמים,600.00,100 גרם,false,,12.90,2.1500,true,1,97014
7290000311128,false,עוגיות בטעם חמאה מן,רוקחמן,IL,עוגיות בטעם חמאה מן,גרמים,300.00,100 גרם,false,,6.70,2.2333,true,1,32255
7290000311135,false,עוגיות סטיקס שוקו מן,רוקחמן,IL,עוגיות סטיקס שוקו מן,גרמים,300.00,100 גרם,false,,6.70,2.2333,true,1,32256
7290000311180,false,ופלית מן 10 יח,רוקחמן,IL,ופלית מן 10 יח,גרמים,250.00,100 גרם,false,,6.90,2.7600,true,1,32258
7290000311203,false,ופל מן בטעם שוקולד 2,,,ופל מן בטעם שוקולד 2,גרמים,200.00,100 גרם,false,,3.90,1.9500,true,1,32259
7290000311258,false,ופלים מצופים בטעם שו,מן,IL,ופלים מצופים בטעם שו,גרמים,250.00,100 גרם,false,,6.70,2.6800,true,1,88043
7290000311326,false,ופל קפה מן 3*200 גרם,רוקחמן,IL,ופל קפה מן 3*200 גרם,גרמים,600.00,100 גרם,false,,12.90,2.1500,true,1,97015
7290000311357,false,ופל אגוזית מן 10 יח,רוקחמן,IL,ופל אגוזית מן 10 יח,גרמים,280.00,100 גרם,false,,9.90,3.5357,true,1,32263
7290000311425,false,ופל מצופה מן 10 יח,רוקחמן,IL,ופל מצופה מן 10 יח,גרמים,220.00,100 גרם,false,,6.90,3.1364,true,1,32265
7290000311487,false,ופל בטעם שוקולד קמח,רוקחמן,IL,ופל בטעם שוקולד קמח,גרמים,140.00,100 גרם,false,,6.90,4.9286,true,1,109950
7290000311500,false,ופל שוקולד מן 500 גר,רוקחמן,IL,ופל שוקולד מן 500 גר,גרמים,500.00,100 גרם,false,,8.90,1.7800,true,1,32266
7290000311517,false,ופל לימון מן 500 גרם,רוקחמן,IL,ופל לימון מן 500 גרם,גרמים,500.00,100 גרם,false,,8.90,1.7800,true,1,32267
7290000311708,false,עוגיות חיטה מלאה מן,רוקחמן,IL,עוגיות חיטה מלאה מן,גרמים,300.00,100 גרם,false,,6.70,2.2333,true,1,32269
7290000311715,false,עוגיות כוכבים שוקולד,רוקחמן,IL,עוגיות כוכבים שוקולד,גרמים,300.00,100 גרם,false,,6.70,2.2333,true,1,32270
7290000311722,false,עוגיות כוכבים וניל מ,רוקחמן,IL,עוגיות כוכבים וניל מ,גרמים,300.00,100 גרם,false,,6.70,2.2333,true,1,32271
7290000311746,false,עוגיות בטעם קרמל מן,רוקחמן,IL,עוגיות בטעם קרמל מן,גרמים,300.00,100 גרם,false,,6.70,2.2333,true,1,74930
7290000311753,false,עוגיות חיטה מלאה בטע,רוקחמן,IL,עוגיות חיטה מלאה בטע,גרמים,250.00,100 גרם,false,,6.70,2.6800,true,1,94223
7290000311845,false,עוגיות חיטה ללא סוכר,רוקחמן,IL,עוגיות חיטה ללא סוכר,גרמים,200.00,100 גרם,false,,8.70,4.3500,true,1,74931
7290000311869,false,ופל ללא סוכר בטעם שו,רוקחמן,IL,ופל ללא סוכר בטעם שו,גרמים,180.00,100 גרם,false,,7.90,4.3889,true,1,74933
7290000311876,false,ופל ללא סוכר בטעם ונ,רוקחמן,IL,ופל ללא סוכר בטעם ונ,גרמים,180.00,100 גרם,false,,7.90,4.3889,true,1,74932
7290000311883,false,עוגיות גרנולה ללא סו,רוקחמן,IL,עוגיות גרנולה ללא סו,גרמים,200.00,100 גרם,false,,8.70,4.3500,true,1,32274
7290000311890,false,ופל ללא סוכר בטעם לי,רוקחמן,,ופל ללא סוכר בטעם לי,גרמים,180.00,100 גרם,false,,7.90,4.3889,true,1,99111
7290000311975,false,ופל מן 5*200 גרם,רוקחמן,IL,ופל מן 5*200 גרם,פריט,1.00,"ק""ג",false,,19.70,19.7000,true,1,32281
7290000312767,false,בייגלה שטוחים מלוח מ,מאיר בייגל,IL,בייגלה שטוחים מלוח מ,גרמים,200.00,100 גרם,false,,4.90,2.4500,true,1,67011
7290000312842,false,בייגלה שמיניות מלך ה,מאיר בייגל,IL,בייגלה שמיניות מלך ה,גרמים,300.00,100 גרם,false,,5.90,1.9667,true,1,101679
7290000312859,false,גריסיני קלאסי מלך הג,מאיר בייגל,IL,גריסיני קלאסי מלך הג,גרמים,180.00,100 גרם,false,,5.90,3.2778,true,1,101680
7290000312873,false,בייגלה שטוח שומשום מ,מאיר בייגל,IL,בייגלה שטוח שומשום מ,גרמים,180.00,100 גרם,false,,4.90,2.7222,true,1,108738
7290000312880,false,בייגלה שטוח כפרי מלך,מאיר בייגל,IL,בייגלה שטוח כפרי מלך,גרמים,180.00,100 גרם,false,,4.90,2.7222,true,1,108739
7290000313290,false,נודלס אטריות מסולסלו,אסם,IL,נודלס אטריות מסולסלו,גרמים,200.00,100 גרם,false,,8.90,4.4500,true,1,56515
7290000327020,false,"מארז פפסי 6*330 מ""ל",מודרן גרופ משקאות בע,IL,"מארז פפסי 6*330 מ""ל",קילוגרמים,1.98,ליטר,false,,15.90,8.0303,true,1,107025
7290000327037,false,מארז מירינדה 6*330 מ,מודרן גרופ משקאות בע,IL,מארז מירינדה 6*330 מ,קילוגרמים,1.98,ליטר,false,,15.90,8.0303,true,1,107026
7290000327044,false,"מארז סבן אפ 6*330 מ""",מודרן גרופ משקאות בע,IL,"מארז סבן אפ 6*330 מ""",קילוגרמים,1.98,ליטר,false,,15.90,8.0303,true,1,107024
7290000345048,false,תה 74 ויסוצקי 125 גר,ויסוצקי,IL,תה 74 ויסוצקי 125 גר,גרמים,125.00,100 גרם,false,,12.80,10.2400,true,1,32541
7290000345055,false,תה ארל גריי תה עלים,ויסוצקי,IL,תה ארל גריי תה עלים,גרמים,100.00,100 גרם,false,,12.90,12.9000,true,1,32542
7290000345215,false,תה ויסוצקי טעם מעודן,ויסוצקי,IL,תה ויסוצקי טעם מעודן,גרמים,100.00,100 גרם,false,,15.90,15.9000,true,1,32546
7290000345307,false,תה ארל גריי ויסוצקי,ויסוצקי,IL,תה ארל גריי ויסוצקי,גרמים,75.00,100 גרם,false,,21.90,29.2000,true,1,32551
7290000345536,false,תה נענע 1.5 גרם 25 ש,ויסוצקי,IL,תה נענע 1.5 גרם 25 ש,גרמים,38.00,100 גרם,false,,12.90,33.9474,true,1,32552
7290000347738,false,תה ירוק נענע 25 שקיק,ויסוצקי,IL,תה ירוק נענע 25 שקיק,גרמים,38.00,100 גרם,false,,21.90,57.6316,true,1,32577
7290000347752,false,תה ירוק לימון ולואיז,ויסוצקי,IL,תה ירוק לימון ולואיז,גרמים,38.00,100 גרם,false,,21.90,57.6316,true,1,32579
7290000369037,false,סלט קוביות בולגרית ב,נטורל קייקס,IL,סלט קוביות בולגרית ב,גרמים,200.00,100 גרם,false,,12.90,6.4500,true,1,81625
7290000369617,false,כדורי פטה בשמן ניצן,גבינות עמיר ניצן,IL,כדורי פטה בשמן ניצן,גרמים,150.00,100 גרם,false,,16.90,11.2667,true,1,52966
7290000379142,false,לחם עינן חיטה מלאה א,מאפית אנגל,IL,לחם עינן חיטה מלאה א,גרמים,750.00,100 גרם,false,,14.90,1.9867,true,1,88363
7290000379203,false,לחם עינן קל אנגל 500,מאפית אנגל,IL,לחם עינן קל אנגל 500,גרמים,500.00,100 גרם,false,,14.90,2.9800,true,1,88361
7290000379258,false,חלה קונדיטוריה אנגל,מאפית אנגל,IL,חלה קונדיטוריה אנגל,גרמים,500.00,100 גרם,false,,15.90,3.1800,true,1,88367
7290000396224,false,תפוח אדמה גורמה,אראל תוצרת חקלאית בע,IL,תפוח אדמה גורמה,Unknown,0.00,יחידה,false,,17.90,0.0000,true,1,82410
7290000408354,false,דנונה בר פצפוצים,שטראוס,IL,דנונה בר פצפוצים,מיליליטרים,175.00,"100 מ""ל",false,,3.90,2.2286,true,1,33046
7290000412481,false,מנקה אסלות 00 1 ליטר,סנו,IL,מנקה אסלות 00 1 ליטר,קילוגרמים,1.00,ליטר,false,,6.90,6.9000,true,1,33096
7290000416632,false,ממרח בטעם שוקולד השח,השחר העולה תעשית ממת,IL,ממרח בטעם שוקולד השח,פריט,1.00,"ק""ג",false,,22.90,22.9000,true,1,42600
7290000416861,false,ממרח בטעם שוקולד השח,השחר העולה תעשית ממת,IL,ממרח בטעם שוקולד השח,גרמים,750.00,100 גרם,false,,17.90,2.3867,true,1,97212
7290000418131,false,תחבושות טופ פד 18 יח,מוצרי נייר עמיר,IL,תחבושות טופ פד 18 יח,Unknown,0.00,יחידה,false,,5.90,0.0000,true,1,33247
7290000418155,false,תחבושות טופ פד סופר,מוצרי נייר עמיר,IL,תחבושות טופ פד סופר,Unknown,0.00,יחידה,false,,5.90,0.0000,true,1,33248
7290000419220,false,מארז קפה טורקי לנדוו,קפה לנדוור,IL,מארז קפה טורקי לנדוו,גרמים,300.00,100 גרם,false,,18.90,6.3000,true,1,55818
7290000419374,false,מארז קפה טורקי לנדוו,קפה לנדוור,IL,מארז קפה טורקי לנדוו,גרמים,300.00,100 גרם,false,,18.90,6.3000,true,1,55819
7290000426150,false,כרובית פרחים בודק 60,"מטר ארצכם בע""מ",IL,כרובית פרחים בודק 60,גרמים,600.00,100 גרם,false,,24.90,4.1500,true,1,94590
7290000426914,false,תות שדה בודק 454 גרם,"מטר ארצכם בע""מ",IL,תות שדה בודק 454 גרם,גרמים,454.00,100 גרם,false,,25.90,5.7048,true,1,103814
7290000426921,false,ברוקולי פרחים בודק 9,"מטר ארצכם בע""מ",IL,ברוקולי פרחים בודק 9,גרמים,709.00,100 גרם,false,,34.90,4.9224,true,1,103815
7290000432359,false,נר נשמה בכוס שבועי פ,פאלאס,CN,נר נשמה בכוס שבועי פ,Unknown,0.00,יחידה,false,,9.90,0.0000,true,1,73830
7290000436326,false,עוגיות שוקולד ציפס ב,ברמן שוקולד ועוגיות,IL,עוגיות שוקולד ציפס ב,פריט,1.00,"ק""ג",false,,19.90,19.9000,true,1,86218
7290000436340,false,עוגיות במילוי שוקולד,ברמן שוקולד ועוגיות,IL,עוגיות במילוי שוקולד,גרמים,900.00,100 גרם,false,,19.90,2.2111,true,1,86220
7290000436357,false,עוגיות ממולאות בטעם,ברמן שוקולד ועוגיות,IL,עוגיות ממולאות בטעם,פריט,1.00,"ק""ג",false,,19.90,19.9000,true,1,87852
7290000436364,false,עוגיות כתר במילוי תו,ברמן שוקולד ועוגיות,IL,עוגיות כתר במילוי תו,גרמים,900.00,100 גרם,false,,19.90,2.2111,true,1,87853
7290000436371,false,עוגיות סהר בציפוי שו,ברמן שוקולד ועוגיות,IL,עוגיות סהר בציפוי שו,פריט,1.00,"ק""ג",false,,19.90,19.9000,true,1,87851
7290000442310,false,משחת החתלה לתינוק 10,"רצט שקיים בע""מ",IL,משחת החתלה לתינוק 10,גרמים,100.00,100 גרם,false,,10.90,10.9000,true,1,90986
7290000446325,false,תרכיז ב.ד תפוחים טבע,בטר אנד דיפרנט,IL,תרכיז ב.ד תפוחים טבע,קילוגרמים,1.20,ליטר,false,,41.90,34.9167,true,1,39878
7290000446394,false,דייסת שיבולת שועל ב.,בטר אנד דיפרנט,IL,דייסת שיבולת שועל ב.,גרמים,200.00,100 גרם,false,,9.90,4.9500,true,1,33401
7290000446523,false,חמאת בוטנים מתוקה ב.,בטר אנד דיפרנט,IL,חמאת בוטנים מתוקה ב.,גרמים,350.00,100 גרם,false,,13.90,3.9714,true,1,33404
7290000446530,false,חמאת בוטנים מתוקה ב.,בטר אנד דיפרנט,IL,חמאת בוטנים מתוקה ב.,פריט,1.00,"ק""ג",false,,26.90,26.9000,true,1,33405
7290000446547,false,חמאת בוטנים טבעית ב.,בטר אנד דיפרנט,IL,חמאת בוטנים טבעית ב.,גרמים,350.00,100 גרם,false,,13.90,3.9714,true,1,33406
7290000446554,false,חמאת בוטנים טבעית ב.,בטר אנד דיפרנט,IL,חמאת בוטנים טבעית ב.,פריט,1.00,"ק""ג",false,,26.90,26.9000,true,1,33407
7290000446721,false,מארז פריכיות אורז ב.,בטר אנד דיפרנט,IL,מארז פריכיות אורז ב.,גרמים,420.00,100 גרם,false,,14.90,3.5476,true,1,33414
7290000446745,false,חמאת שקדים ב.ד 350 ג,בטר אנד דיפרנט,IL,חמאת שקדים ב.ד 350 ג,גרמים,350.00,100 גרם,false,,38.90,11.1143,true,1,61598
7290000446776,false,פצפוצי אורז ללא תוספ,בטר אנד דיפרנט,IL,פצפוצי אורז ללא תוספ,גרמים,450.00,100 גרם,false,,18.90,4.2000,true,1,33416
7290000453019,false,שמרים טריים שמרית 50,פאקא תעשיות בעמ,IL,שמרים טריים שמרית 50,גרמים,50.00,100 גרם,false,,3.90,7.8000,true,1,33454
7290000453125,false,שמרים טריים+משפר אפי,פאקא תעשיות בעמ,IL,שמרים טריים+משפר אפי,גרמים,100.00,100 גרם,false,,5.90,5.9000,true,1,33455
7290000453385,false,שמרים יבשים פאקא 500,פאקא תעשיות בעמ,IL,שמרים יבשים פאקא 500,גרמים,500.00,100 גרם,false,,12.90,2.5800,true,1,56280
7290000453408,false,בצק פיצה מוכן לאפיה,פאקא תעשיות בעמ,FR,בצק פיצה מוכן לאפיה,גרמים,415.00,100 גרם,false,,13.90,3.3494,true,1,99078
7290000453415,false,בצק עלים מוכן לאפיה,פאקא תעשיות בעמ,FR,בצק עלים מוכן לאפיה,גרמים,300.00,100 גרם,false,,14.80,4.9333,true,1,99079
7290000453422,false,בצק פילו מוכן לאפיה,פאקא תעשיות בעמ,GR,בצק פילו מוכן לאפיה,גרמים,300.00,100 גרם,false,,14.80,4.9333,true,1,99080
7290000453866,false,נטורינה תחליף מרגרינ,פאקא תעשיות בעמ,IL,נטורינה תחליף מרגרינ,גרמים,200.00,100 גרם,false,,6.50,3.2500,true,1,94046
7290000453897,false,מרגרינה בטעם חמאה שמ,פאקא תעשיות בעמ,IL,מרגרינה בטעם חמאה שמ,גרמים,200.00,100 גרם,false,,3.90,1.9500,true,1,76700
7290000462103,false,סחוג תימני זהבי 150,זהבי הכרם,IL,סחוג תימני זהבי 150,גרמים,150.00,100 גרם,false,,6.50,4.3333,true,1,40078
7290000462141,false,סחוג תימני חריף זהבי,זהבי הכרם,IL,סחוג תימני חריף זהבי,גרמים,150.00,100 גרם,false,,6.50,4.3333,true,1,40079
7290000462172,false,סחוג ירוק זהבי 150 ג,זהבי הכרם,IL,סחוג ירוק זהבי 150 ג,גרמים,140.00,100 גרם,false,,6.50,4.6429,true,1,40080
7290000467153,false,חומוס עם המון טחינה,צבר,IL,חומוס עם המון טחינה,גרמים,400.00,100 גרם,false,,11.90,2.9750,true,1,67941
7290000467320,false,חומוס אבו מרוואן צבר,צבר,IL,חומוס אבו מרוואן צבר,גרמים,400.00,100 גרם,false,,13.90,3.4750,true,1,67942
7290000469638,false,ספריי לגיהוץ מריטו 5,בולטון,,ספריי לגיהוץ מריטו 5,מיליליטרים,500.00,"100 מ""ל",false,,16.90,3.3800,true,1,56619
7290000474076,false,חלב 3% טרה 1 ליטר,טרה,IL,חלב 3% טרה 1 ליטר,קילוגרמים,1.00,ליטר,false,,6.20,6.2000,true,1,33684
7290000474090,false,חלב 1% טרה 1 ליטר,טרה,IL,חלב 1% טרה 1 ליטר,קילוגרמים,1.00,ליטר,false,,5.80,5.8000,true,1,33685
7290000474373,false,שמנת חמוצה 15% טרה 2,טרה,IL,שמנת חמוצה 15% טרה 2,מיליליטרים,200.00,"100 מ""ל",false,,2.40,1.2000,true,1,33689
7290000474502,false,גבינה 5% טרה 250 גרם,טרה,IL,גבינה 5% טרה 250 גרם,גרמים,250.00,100 גרם,false,,4.90,1.9600,true,1,40754
7290000474540,false,גבינה 3% טוב טעם 250,טרה,IL,גבינה 3% טוב טעם 250,גרמים,250.00,100 גרם,false,,8.90,3.5600,true,1,33692
7290000474830,false,גבינה מגורדת 28% טרה,טרה,IL,גבינה מגורדת 28% טרה,גרמים,500.00,100 גרם,false,,23.90,4.7800,true,1,33693
7290000480107,false,שיבולת שועל קוואקר 5,קואקר אוטס,GB,שיבולת שועל קוואקר 5,גרמים,500.00,100 גרם,false,,9.90,1.9800,true,1,55946
7290000484747,false,"עלית הארק 40% 700 מ""",יקב הגליל שווק בעמ,IL,"עלית הארק 40% 700 מ""",מיליליטרים,700.00,"100 מ""ל",false,,49.90,7.1286,true,1,77212
7290000490601,false,מאגדת גלידל  שלגון ב,הגלידות של פלדמן,IL,מאגדת גלידל  שלגון ב,גרמים,400.00,100 גרם,false,,28.90,7.2250,true,1,109832
7290000490762,false,מאגדת גלידל שלגון בט,הגלידות של פלדמן,IL,מאגדת גלידל שלגון בט,גרמים,400.00,100 גרם,false,,28.90,7.2250,true,1,109833
7290000493176,false,אבקה להכנת רוטב צלי,אסם,IL,אבקה להכנת רוטב צלי,גרמים,22.00,100 גרם,false,,2.90,13.1818,true,1,33752
7290000493183,false,אבקת רוטב פטריות אסם,אסם,IL,אבקת רוטב פטריות אסם,גרמים,30.00,100 גרם,false,,3.50,11.6667,true,1,33753
7290000494760,false,קפה טורקי בוואקום כת,רוני רג'ואן,IL,קפה טורקי בוואקום כת,פריט,1.00,"ק""ג",false,,39.90,39.9000,true,1,41008
7290000497044,false,לחם אקטיב ברמן 750 ג,מאפית י את א ברמן בע,IL,לחם אקטיב ברמן 750 ג,גרמים,750.00,100 גרם,false,,15.90,2.1200,true,1,69530
7290000497198,false,פיתות ברמן 10 יח,מאפית י את א ברמן בע,IL,פיתות ברמן 10 יח,פריט,1.00,"ק""ג",false,,10.90,10.9000,true,1,41420
7290000497228,false,לחמניות אצבע ברמן 6,מאפית י את א ברמן בע,IL,לחמניות אצבע ברמן 6,גרמים,450.00,100 גרם,false,,9.90,2.2000,true,1,33790
7290000497273,false,לחמניות קמח מלא אקטי,מאפית י את א ברמן בע,IL,לחמניות קמח מלא אקטי,גרמים,450.00,100 גרם,false,,11.90,2.6444,true,1,78225
7290000497426,false,לחם לעניין פלוס ברמן,מאפית י את א ברמן בע,IL,לחם לעניין פלוס ברמן,גרמים,500.00,100 גרם,false,,13.90,2.7800,true,1,41426
7290000497532,false,לחם קמח מלא לעניין ב,מאפית י את א ברמן בע,IL,לחם קמח מלא לעניין ב,גרמים,750.00,100 גרם,false,,12.90,1.7200,true,1,33793
7290000497570,false,לחם דגנים פלוס ברמן,מאפית י את א ברמן בע,IL,לחם דגנים פלוס ברמן,גרמים,500.00,100 גרם,false,,12.90,2.5800,true,1,41429
7290000498003,false,לחם קמח מלא E-FREE ב,מאפית י את א ברמן בע,IL,לחם קמח מלא E-FREE ב,גרמים,750.00,100 גרם,false,,12.90,1.7200,true,1,86134
7290000498034,false,לחם קמח מלא כוסמין E,מאפית י את א ברמן בע,IL,לחם קמח מלא כוסמין E,גרמים,750.00,100 גרם,false,,14.90,1.9867,true,1,93382
7290000498256,false,לחמניות אצבע ברמן 10,מאפית י את א ברמן בע,IL,לחמניות אצבע ברמן 10,גרמים,750.00,100 גרם,false,,9.90,1.3200,true,1,86645
7290000498300,false,חלה מתוקה ברמן 500 ג,מאפית י את א ברמן בע,IL,חלה מתוקה ברמן 500 ג,גרמים,500.00,100 גרם,false,,10.90,2.1800,true,1,101307
7290000504049,false,ממתיק קלאסי סוכרזית,שטראוס,IL,ממתיק קלאסי סוכרזית,Unknown,0.00,יחידה,false,,17.90,0.0000,true,1,33901
7290000504209,false,ממתיק נוזלי קלאסי סו,שטראוס,IL,ממתיק נוזלי קלאסי סו,מיליליטרים,220.00,"100 מ""ל",false,,14.80,6.7273,true,1,33902
7290000504278,false,ממתיק קלאסי סוכרזית,שטראוס,IL,ממתיק קלאסי סוכרזית,Unknown,0.00,יחידה,false,,13.90,0.0000,true,1,33904
7290000521008,false,יין סגל אדום יבש,יקבי ברקן,IL,יין סגל אדום יבש,מיליליטרים,750.00,"100 מ""ל",false,,21.50,2.8667,true,1,33984
7290000521022,false,יין סגל לבן חצי יבש,,,יין סגל לבן חצי יבש,מיליליטרים,750.00,"100 מ""ל",false,,21.50,2.8667,true,1,40817
7290000521404,false,יין סגל מרום גליל קב,יקבי ברקן,IL,יין סגל מרום גליל קב,מיליליטרים,750.00,"100 מ""ל",false,,34.90,4.6533,true,1,64588
7290000521428,false,יין מרום גליל שרדונה,יקבי ברקן,IL,יין מרום גליל שרדונה,מיליליטרים,750.00,"100 מ""ל",false,,34.90,4.6533,true,1,64587
7290000523224,false,מלח עדין הים האדום 5,תעשיות מלח לישראל,IL,מלח עדין הים האדום 5,גרמים,500.00,100 גרם,false,,4.90,0.9800,true,1,34003
7290000523804,false,"מלח עדין 1 ק""ג בצנצנ",ויסוצקי,IL,"מלח עדין 1 ק""ג בצנצנ",פריט,1.00,"ק""ג",false,,5.90,5.9000,true,1,64698
7290000523811,false,"מלח גס 1 ק""ג בצנצנת",תעשיות מלח לישראל,IL,"מלח גס 1 ק""ג בצנצנת",פריט,1.00,"ק""ג",false,,5.90,5.9000,true,1,64699
7290000531977,false,בורקס גבינה זוגלובק,זוגלובק,IL,בורקס גבינה זוגלובק,גרמים,800.00,100 גרם,false,,13.90,1.7375,true,1,49806
7290000533353,false,בצק עלים זוגלובק 1 ק,זוגלובק,IL,בצק עלים זוגלובק 1 ק,פריט,1.00,"ק""ג",false,,11.90,11.9000,true,1,34050
7290000536316,false,שניצל מן הצומח זוגלו,זוגלובק,IL,שניצל מן הצומח זוגלו,פריט,1.00,"ק""ג",false,,23.90,23.9000,true,1,34055
7290000536743,false,קריספי סטיקס טבעי זו,זוגלובק,IL,קריספי סטיקס טבעי זו,גרמים,500.00,100 גרם,false,,14.90,2.9800,true,1,69732
7290000536774,false,נקניקיות מן הצומח זו,זוגלובק,IL,נקניקיות מן הצומח זו,פריט,1.00,"ק""ג",false,,23.90,23.9000,true,1,34059
7290000536781,false,קבב מן הצומח זוגלובק,זוגלובק,IL,קבב מן הצומח זוגלובק,פריט,1.00,"ק""ג",false,,23.90,23.9000,true,1,34060
7290000554402,false,מלבי גד 160 גרם,מחלבות גד,IL,מלבי גד 160 גרם,מיליליטרים,160.00,"100 מ""ל",false,,3.90,2.4375,true,1,34412
7290000554471,false,גבינת מוצרלה 22% גד,מחלבות גד,IL,גבינת מוצרלה 22% גד,גרמים,180.00,100 גרם,false,,14.90,8.2778,true,1,34414
7290000554600,false,גבינת מוצרלה מגורדת,מחלבות גד,IL,גבינת מוצרלה מגורדת,גרמים,300.00,100 גרם,false,,20.90,6.9667,true,1,34415
7290000554624,false,מעדן ירח מתוק  3% גד,מחלבות גד,IL,מעדן ירח מתוק  3% גד,מיליליטרים,150.00,"100 מ""ל",false,,4.90,3.2667,true,1,34416
7290000554822,false,גבינת ריקוטה 5% גד 2,מחלבות גד,IL,גבינת ריקוטה 5% גד 2,גרמים,250.00,100 גרם,false,,9.90,3.9600,true,1,34420
7290000554839,false,גבינת מסקרפונה 40% ג,מחלבות גד,IL,גבינת מסקרפונה 40% ג,גרמים,250.00,100 גרם,false,,18.90,7.5600,true,1,34421
7290000571386,false,יוגורמה 5% המחלבה 85,מחלבת בית יצחק,IL,יוגורמה 5% המחלבה 85,מיליליטרים,850.00,"100 מ""ל",false,,24.90,2.9294,true,1,41697
7290000571812,false,גבינה פרמזן מגורדת ה,מחלבת בית יצחק,IL,גבינה פרמזן מגורדת ה,גרמים,200.00,100 גרם,false,,19.90,9.9500,true,1,67620
7290000572055,false,חלוה אגוזים ללא סוכר,אחדות ביחר לטחינה חל,IL,חלוה אגוזים ללא סוכר,גרמים,400.00,100 גרם,false,,14.90,3.7250,true,1,34525
7290000572086,false,טחינה אורגנית אחוה 5,אחדות ביחר לטחינה חל,IL,טחינה אורגנית אחוה 5,גרמים,500.00,100 גרם,false,,10.90,2.1800,true,1,34526
7290000572215,false,חטיף חלוה מצופה אחוה,אחדות ביחר לטחינה חל,IL,חטיף חלוה מצופה אחוה,גרמים,80.00,100 גרם,false,,2.90,3.6250,true,1,51771
7290000572222,false,חלוה בטעם וניל אחוה,אחדות ביחר לטחינה חל,IL,חלוה בטעם וניל אחוה,גרמים,500.00,100 גרם,false,,9.80,1.9600,true,1,34531
7290000572529,false,חלוה פיסטוק אחוה 400,אחדות ביחר לטחינה חל,IL,חלוה פיסטוק אחוה 400,גרמים,400.00,100 גרם,false,,11.90,2.9750,true,1,34533
7290000572536,false,חלוה וניל אחוה 400 ג,אחדות ביחר לטחינה חל,IL,חלוה וניל אחוה 400 ג,גרמים,400.00,100 גרם,false,,9.80,2.4500,true,1,34534
7290000572543,false,חלוה שוקו וניל אחוה,אחדות ביחר לטחינה חל,IL,חלוה שוקו וניל אחוה,גרמים,400.00,100 גרם,false,,9.80,2.4500,true,1,34535
7290000572628,false,חטיפי חלוה ללא סוכר,אחדות ביחר לטחינה חל,IL,חטיפי חלוה ללא סוכר,גרמים,275.00,100 גרם,false,,11.90,4.3273,true,1,34537
7290000572673,false,חטיפי חלוה בטעמים אח,אחדות ביחר לטחינה חל,IL,חטיפי חלוה בטעמים אח,גרמים,300.00,100 גרם,false,,11.90,3.9667,true,1,38618
7290000572819,false,"טחינה אחוה 1 ק""ג",אחדות ביחר לטחינה חל,IL,"טחינה אחוה 1 ק""ג",פריט,1.00,"ק""ג",false,,18.90,18.9000,true,1,34541
7290000598116,false,מצות חמץ יהודה 1.5 ק,מצות יהודה,IL,מצות חמץ יהודה 1.5 ק,פריט,1.50,"ק""ג",false,,24.90,16.6000,true,1,34591
7290000598130,false,מצות חמץ יהודה 400 ג,מצות יהודה,IL,מצות חמץ יהודה 400 ג,גרמים,400.00,100 גרם,false,,15.90,3.9750,true,1,41913
7290000598147,false,קמח מצה חמץ יהודה 50,מצות יהודה,IL,קמח מצה חמץ יהודה 50,גרמים,500.00,100 גרם,false,,6.50,1.3000,true,1,48889
7290000598680,false,"פתיבר יהודה 1.8 ק""ג",מצות יהודה,IL,"פתיבר יהודה 1.8 ק""ג",פריט,1.80,"ק""ג",false,,23.90,13.2778,true,1,34608
7290000598895,false,עוגיות שוקוציפס 600,מצות יהודה,IL,עוגיות שוקוציפס 600,גרמים,600.00,100 גרם,false,,15.90,2.6500,true,1,34623
7290000598918,false,עוגיות בטעם חמאה יהו,מצות יהודה,IL,עוגיות בטעם חמאה יהו,פריט,1.50,"ק""ג",false,,24.90,16.6000,true,1,34626
7290000598949,false,מצות חמץ חיטה מלאה י,מצות יהודה,IL,מצות חמץ חיטה מלאה י,גרמים,300.00,100 גרם,false,,16.50,5.5000,true,1,34628
7290000630076,false,עוף מס 2 קפוא עטרה,עטרה,IL,עוף מס 2 קפוא עטרה,קילוגרמים,1.00,"ק""ג",true,,21.90,21.9000,true,1,34755
7290000631035,false,כבד עוף קפוא עטרה,עטרה,IL,כבד עוף קפוא עטרה,קילוגרמים,1.00,"ק""ג",true,,29.90,29.9000,true,1,34764
7290000631226,false,כבד עוף טרי עטרה,,,כבד עוף טרי עטרה,קילוגרמים,1.00,"ק""ג",true,,32.90,32.9000,true,1,34767
7290000631271,false,לבבות עוף קפוא עטרה,עטרה,IL,לבבות עוף קפוא עטרה,קילוגרמים,1.00,"ק""ג",true,,29.90,29.9000,true,1,34768
7290000631295,false,לבבות עוף טרי עטרה,,,לבבות עוף טרי עטרה,קילוגרמים,1.00,"ק""ג",true,,32.90,32.9000,true,1,34769
7290000632209,false,חזה עוף קפוא עטרה,עטרה,IL,חזה עוף קפוא עטרה,קילוגרמים,1.00,"ק""ג",true,,31.90,31.9000,true,1,34773
7290000632391,false,כרעיים עוף קפוא עטרה,עטרה,IL,כרעיים עוף קפוא עטרה,קילוגרמים,1.00,"ק""ג",true,,29.90,29.9000,true,1,34774
7290000632599,false,ירכיים עוף קפוא עטרה,עטרה,IL,ירכיים עוף קפוא עטרה,קילוגרמים,1.00,"ק""ג",true,,29.90,29.9000,true,1,34776
7290000633800,false,כנפיים עוף קפוא עטרה,עטרה,IL,כנפיים עוף קפוא עטרה,קילוגרמים,1.00,"ק""ג",true,,14.90,14.9000,true,1,34780
7290000644516,false,גרונות הודו קפוא עטר,,,גרונות הודו קפוא עטר,קילוגרמים,1.00,"ק""ג",true,,29.90,29.9000,true,1,34831
7290000688381,false,"מים מי עדן 6*500 מ""ל",מי עדן,IL,"מים מי עדן 6*500 מ""ל",קילוגרמים,3.00,ליטר,false,,12.90,4.3000,true,1,35223
7290000688503,false,מים מי עדן ספורט 6*7,מי עדן,IL,מים מי עדן ספורט 6*7,קילוגרמים,4.50,ליטר,false,,14.90,3.3111,true,1,63166
7290000692135,false,דאו ספיד סטיק פאואר,קולגייט פלמוליב,BY,דאו ספיד סטיק פאואר,מיליליטרים,51.00,"100 מ""ל",false,,18.90,37.0588,true,1,63640
7290000692203,false,נוזל אג'קס לימון 2 ל,קולגייט פלמוליב,BY,נוזל אג'קס לימון 2 ל,קילוגרמים,2.00,ליטר,false,,18.90,9.4500,true,1,56610
7290000692210,false,נוזל אג'קס לבנדר 2 ל,קולגייט פלמוליב,BY,נוזל אג'קס לבנדר 2 ל,קילוגרמים,2.00,ליטר,false,,18.90,9.4500,true,1,56608
7290000694108,false,מקלוני חומוס דאבייל,חטיפי יעקובי,IL,מקלוני חומוס דאבייל,גרמים,230.00,100 גרם,false,,11.90,5.1739,true,1,52985
7290000803180,false,"מי פה מרידול 400 מ""ל",גאבה,,"מי פה מרידול 400 מ""ל",מיליליטרים,400.00,"100 מ""ל",false,,22.90,5.7250,true,1,37439
7290000901046,false,מיחזור אריזה,,,מיחזור אריזה,Unknown,0.00,יחידה,false,,0.30,0.0000,true,1,30634
7290000901091,false,מיחזור אריזה פלסטיק,,,מיחזור אריזה פלסטיק,Unknown,0.00,יחידה,false,,1.80,0.0000,true,1,31379
7290000901107,false,מיחזור אריזה זכוכית,,,מיחזור אריזה זכוכית,Unknown,0.00,יחידה,false,,1.80,0.0000,true,1,30414
7290000901114,false,מיחזור אריזה פחית שי,,,מיחזור אריזה פחית שי,Unknown,0.00,יחידה,false,,1.80,0.0000,true,1,34092
7290000901121,false,צלעות טרי בלי עצם עט,,,צלעות טרי בלי עצם עט,קילוגרמים,1.00,"ק""ג",true,,69.90,69.9000,true,1,41002
7290000901152,false,צלעות כבש טרי  עטרה,,,צלעות כבש טרי  עטרה,קילוגרמים,1.00,"ק""ג",true,,179.90,179.9000,true,1,42448
7290000902203,false,בשר עגל טחון טרי עטר,,,בשר עגל טחון טרי עטר,קילוגרמים,1.00,"ק""ג",true,,49.90,49.9000,true,1,46010
7290000902241,false,אנטריקוט עגל טרי עטר,,,אנטריקוט עגל טרי עטר,קילוגרמים,1.00,"ק""ג",true,,79.90,79.9000,true,1,46015
7290000902258,false,צלי כתף עגל טרי עטרה,,,צלי כתף עגל טרי עטרה,קילוגרמים,1.00,"ק""ג",true,,79.90,79.9000,true,1,46017
7290000902265,false,פילה מדומה עגל טרי ע,,,פילה מדומה עגל טרי ע,קילוגרמים,1.00,"ק""ג",true,,79.90,79.9000,true,1,46018
7290000902272,false,כתף עגל טרי עטרה,,,כתף עגל טרי עטרה,קילוגרמים,1.00,"ק""ג",true,,69.90,69.9000,true,1,46019
7290000902289,false,אוסובוקו עגל טרי עטר,,,אוסובוקו עגל טרי עטר,קילוגרמים,1.00,"ק""ג",true,,59.90,59.9000,true,1,46020
7290000902296,false,שריר עגל טרי עטרה,,,שריר עגל טרי עטרה,קילוגרמים,1.00,"ק""ג",true,,64.90,64.9000,true,1,46021
7290000902609,false,מיחזור אריזה בקבוק 1,,,מיחזור אריזה בקבוק 1,Unknown,0.00,יחידה,false,,3.60,0.0000,true,1,47934
7290000902616,false,מיחזור אריזה 4 יח,,,מיחזור אריזה 4 יח,Unknown,0.00,יחידה,false,,1.20,0.0000,true,1,47938
7290000904900,false,מגבות נייר קירקלנד 1,,,מגבות נייר קירקלנד 1,מטרים,28.30,מטר,false,,9.90,0.3498,true,1,64009
7290000908304,false,גבינה נעם 28% במשקל,טרה,IL,גבינה נעם 28% במשקל,קילוגרמים,1.00,"ק""ג",true,,44.70,44.7000,true,1,62867
7290000908311,false,גבינה נעם 22% במשקל,טרה,IL,גבינה נעם 22% במשקל,קילוגרמים,1.00,"ק""ג",true,,42.50,42.5000,true,1,64318
7290000961804,false,דלעת,ברכת קטיף,IL,דלעת,Unknown,0.00,יחידה,false,,7.90,0.0000,true,1,63220
7290000976433,false,קשיו טבעי במשקל,דין שיווק,VN,קשיו טבעי במשקל,קילוגרמים,1.00,"ק""ג",true,,85.00,85.0000,true,1,93506
7290000976471,false,גרעין דלעת מקולפת במ,דין שיווק,IL,גרעין דלעת מקולפת במ,קילוגרמים,1.00,"ק""ג",true,,55.00,55.0000,true,1,39741
7290000976785,false,קשיו מסוכר במשקל,דין שיווק,VN,קשיו מסוכר במשקל,קילוגרמים,1.00,"ק""ג",true,,85.00,85.0000,true,1,80018
7290000976846,false,פיסטוק מקולף,,,פיסטוק מקולף,קילוגרמים,1.00,"ק""ג",true,,150.00,150.0000,true,1,47222
7290000977102,false,תערובת פיצוחים במשקל,דין שיווק,TR,תערובת פיצוחים במשקל,קילוגרמים,1.00,"ק""ג",true,,85.00,85.0000,true,1,41714
7290000977881,false,"תפו""ע במשקל",דין שיווק,CN,"תפו""ע במשקל",קילוגרמים,1.00,"ק""ג",true,,45.00,45.0000,true,1,41694
7290000978307,false,חמוציות ללא סוכר במש,דין שיווק,US,חמוציות ללא סוכר במש,קילוגרמים,1.00,"ק""ג",true,,69.00,69.0000,true,1,39873
7290000978406,false,אננס רצועות במשקל תפ,דין שיווק,CN,אננס רצועות במשקל תפ,קילוגרמים,1.00,"ק""ג",true,,25.00,25.0000,true,1,39643
7290000978574,false,פרלינים במשקל,דין שיווק,,פרלינים במשקל,קילוגרמים,1.00,"ק""ג",true,,75.00,75.0000,true,1,39866
7290000978703,false,סוכריות קשות במשקל,,GB,סוכריות קשות במשקל,קילוגרמים,1.00,"ק""ג",true,,36.00,36.0000,true,1,39694
7290000978864,false,תבלינים קבוצה 5,נפטון,IL,תבלינים קבוצה 5,קילוגרמים,1.00,"ק""ג",true,,200.00,200.0000,true,1,39669
7290000986708,false,ענבים שחורים יח,אראל תוצרת חקלאית בע,IL,ענבים שחורים יח,Unknown,0.00,יחידה,false,,9.90,0.0000,true,1,74781
7290000989778,false,חמוציות במשקל,דין שיווק,IL,חמוציות במשקל,קילוגרמים,1.00,"ק""ג",true,,29.00,29.0000,true,1,39869
7290001022153,false,חמאה יורו וילי פוד ב,דותן,IL,חמאה יורו וילי פוד ב,קילוגרמים,1.00,"ק""ג",true,,49.00,49.0000,true,1,109352
7290001041017,false,חוואיג תימני מיה 50,מיה תעשיות מזון בעמ,IL,חוואיג תימני מיה 50,גרמים,50.00,100 גרם,false,,5.80,11.6000,true,1,29947
7290001041048,false,תבלין על האש מיה 50,מיה תעשיות מזון בעמ,IL,תבלין על האש מיה 50,גרמים,50.00,100 גרם,false,,5.80,11.6000,true,1,29950
7290001041291,false,לקקנים בטעם פירות מי,מיה תעשיות מזון בעמ,IL,לקקנים בטעם פירות מי,גרמים,600.00,100 גרם,false,,16.90,2.8167,true,1,29970
7290001041482,false,זנגוויל מיה 50 גרם,מיה תעשיות מזון בעמ,IL,זנגוויל מיה 50 גרם,גרמים,50.00,100 גרם,false,,5.80,11.6000,true,1,29979
7290001041888,false,פפריקה מתוקה מיה 300,מיה תעשיות מזון בעמ,IL,פפריקה מתוקה מיה 300,גרמים,300.00,100 גרם,false,,12.90,4.3000,true,1,29999
7290001041895,false,פלפל שחור מיה 300 גר,מיה תעשיות מזון בעמ,IL,פלפל שחור מיה 300 גר,גרמים,300.00,100 גרם,false,,27.90,9.3000,true,1,30000
7290001072899,false,מרכך לסירוק קל נובו,סאסאטק,IL,מרכך לסירוק קל נובו,מיליליטרים,700.00,"100 מ""ל",false,,5.90,0.8429,true,1,109954
7290001134146,false,שישליק הודו טרי ארוז,,,שישליק הודו טרי ארוז,קילוגרמים,1.00,"ק""ג",true,,24.90,24.9000,true,1,88830
7290001134153,false,גרונות הודו קפוא כשר,,,גרונות הודו קפוא כשר,קילוגרמים,1.00,"ק""ג",true,,19.90,19.9000,true,1,93719
7290001136287,false,שמפו נקה 7 לשיער רגי,אמיליה קוסמטיקס,IL,שמפו נקה 7 לשיער רגי,מיליליטרים,750.00,"100 מ""ל",false,,9.90,1.3200,true,1,30086
7290001136294,false,שמפו נקה 7 לשיער יבש,אמיליה קוסמטיקס,IL,שמפו נקה 7 לשיער יבש,מיליליטרים,700.00,"100 מ""ל",false,,9.90,1.4143,true,1,30087
7290001136362,false,תחליב נקה 7 אלוורה ו,אמיליה קוסמטיקס,IL,תחליב נקה 7 אלוורה ו,קילוגרמים,1.00,ליטר,false,,12.70,12.7000,true,1,30090
7290001136683,false,מרכך נקה 7 לשיער רגי,אמיליה קוסמטיקס,IL,מרכך נקה 7 לשיער רגי,מיליליטרים,750.00,"100 מ""ל",false,,9.90,1.3200,true,1,30094
7290001136799,false,תחליב נקה 7 ורד ויסמ,אמיליה קוסמטיקס,IL,תחליב נקה 7 ורד ויסמ,קילוגרמים,1.00,ליטר,false,,12.70,12.7000,true,1,30096
7290001136973,false,תחליב נקה 7 קמומיל 1,אמיליה קוסמטיקס,IL,תחליב נקה 7 קמומיל 1,קילוגרמים,1.00,ליטר,false,,12.70,12.7000,true,1,30099
7290001208403,false,חמצוצים / ליקריץ במש,,ES,חמצוצים / ליקריץ במש,קילוגרמים,1.00,"ק""ג",true,,50.00,50.0000,true,1,39670
7290001209042,false,רוסטביף מעובד קפוא ע,עטרה,IL,רוסטביף מעובד קפוא ע,קילוגרמים,1.00,"ק""ג",true,,56.90,56.9000,true,1,30136
7290001209103,false,עוף טחון עטרה 500 גר,עטרה,IL,עוף טחון עטרה 500 גר,גרמים,500.00,100 גרם,false,,12.90,2.5800,true,1,30139
7290001209158,false,שניצל עוף קפוא עטרה,עטרה,IL,שניצל עוף קפוא עטרה,קילוגרמים,1.00,"ק""ג",true,,34.90,34.9000,true,1,30140
7290001209189,false,נקניקיות חריפות קפוא,עטרה,IL,נקניקיות חריפות קפוא,גרמים,400.00,100 גרם,false,,9.90,2.4750,true,1,30141
7290001209271,false,חזה עוף פרימיום טרי,,,חזה עוף פרימיום טרי,קילוגרמים,1.00,"ק""ג",true,,29.90,29.9000,true,1,74855
7290001209349,false,עוף שלם טרי עטרה,,,עוף שלם טרי עטרה,קילוגרמים,1.00,"ק""ג",true,,23.90,23.9000,true,1,30145
7290001209356,false,כרעיים עוף טרי עטרה,,,כרעיים עוף טרי עטרה,קילוגרמים,1.00,"ק""ג",true,,29.90,29.9000,true,1,30146
7290001209363,false,שניצל עוף טרי עטרה,,,שניצל עוף טרי עטרה,קילוגרמים,1.00,"ק""ג",true,,35.90,35.9000,true,1,30147
7290001209370,false,ירכיים עוף טרי עטרה,,,ירכיים עוף טרי עטרה,קילוגרמים,1.00,"ק""ג",true,,29.90,29.9000,true,1,30148
7290001209387,false,שוקיים עוף טרי עטרה,,,שוקיים עוף טרי עטרה,קילוגרמים,1.00,"ק""ג",true,,36.90,36.9000,true,1,30149
7290001209394,false,כנפיים עוף טרי עטרה,,,כנפיים עוף טרי עטרה,קילוגרמים,1.00,"ק""ג",true,,12.90,12.9000,true,1,30150
7290001209509,false,סטייק עוף עטרה 800 ג,עטרה,IL,סטייק עוף עטרה 800 ג,גרמים,800.00,100 גרם,false,,24.90,3.1125,true,1,30152
7290001209516,false,סטייק עין עטרה 800 ג,עטרה,IL,סטייק עין עטרה 800 ג,גרמים,800.00,100 גרם,false,,49.90,6.2375,true,1,30153
7290001216057,false,"טחינה אל ארז  1 ק""ג",טחינה אל ארז,IL,"טחינה אל ארז  1 ק""ג",פריט,1.00,"ק""ג",false,,26.90,26.9000,true,1,49883
7290001216101,false,טחינה מלאה אל ארז  1,טחינה אל ארז,IL,טחינה מלאה אל ארז  1,פריט,1.00,"ק""ג",false,,28.90,28.9000,true,1,99531
7290001245613,false,מטליות לחות לניקוי כ,סאסאטק,IL,מטליות לחות לניקוי כ,Unknown,0.00,יחידה,false,,14.90,0.0000,true,1,90030
7290001246061,false,מרכך מרוכז טאצ' כחול,סאסאטק,IL,מרכך מרוכז טאצ' כחול,קילוגרמים,1.00,ליטר,false,,9.90,9.9000,true,1,108759
7290001246078,false,מרכך מרוכז טאצ' סגול,סאסאטק,IL,מרכך מרוכז טאצ' סגול,קילוגרמים,1.00,ליטר,false,,9.90,9.9000,true,1,109859
7290001246498,false,נוזל רצפות מגיק סחלב,סאסאטק,IL,נוזל רצפות מגיק סחלב,קילוגרמים,4.00,ליטר,false,,9.90,2.4750,true,1,53661
7290001246504,false,אקונומיקה מגיק מבושמ,סאסאטק,IL,אקונומיקה מגיק מבושמ,קילוגרמים,4.00,ליטר,false,,6.90,1.7250,true,1,68535
7290001246528,false,מרכך מרוכז טאצ' שחור,סאסאטק,IL,מרכך מרוכז טאצ' שחור,קילוגרמים,1.00,ליטר,false,,9.90,9.9000,true,1,108760
7290001247068,false,נקטר ספרינג תות בננה,יפאורה תבורי,IL,נקטר ספרינג תות בננה,קילוגרמים,1.00,ליטר,false,,5.60,5.6000,true,1,30194
7290001247082,false,נקטר ספרינג עגבניות,יפאורה תבורי,IL,נקטר ספרינג עגבניות,קילוגרמים,1.00,ליטר,false,,5.60,5.6000,true,1,30196
7290001247099,false,נקטר ספרינג מנגו 1 ל,יפאורה תבורי,IL,נקטר ספרינג מנגו 1 ל,קילוגרמים,1.00,ליטר,false,,5.60,5.6000,true,1,30197
7290001247105,false,נקטר ספרינג אפרסק 1,יפאורה תבורי,IL,נקטר ספרינג אפרסק 1,קילוגרמים,1.00,ליטר,false,,5.60,5.6000,true,1,30198
7290001247112,false,נקטר ספרינג לימון 1,יפאורה תבורי,IL,נקטר ספרינג לימון 1,קילוגרמים,1.00,ליטר,false,,5.60,5.6000,true,1,30199
7290001247129,false,נקטר ספרינג תפוז 1 ל,יפאורה תבורי,IL,נקטר ספרינג תפוז 1 ל,קילוגרמים,1.00,ליטר,false,,5.60,5.6000,true,1,30200
7290001247143,false,נקטר ספרינג תפוח 1 ל,יפאורה תבורי,IL,נקטר ספרינג תפוח 1 ל,קילוגרמים,1.00,ליטר,false,,5.60,5.6000,true,1,30202
7290001274941,false,מאגדת גלידל פרי פטל,הגלידות של פלדמן,IL,מאגדת גלידל פרי פטל,גרמים,640.00,100 גרם,false,,18.90,2.9531,true,1,97300
7290001327180,false,גלידה קרמיסימו וניל,גלידות שטראוס,IL,גלידה קרמיסימו וניל,קילוגרמים,1.33,ליטר,false,,17.50,13.1579,true,1,30265
7290001327791,false,גלידה קרמיסימו וניל,גלידות שטראוס,IL,גלידה קרמיסימו וניל,קילוגרמים,1.33,ליטר,false,,17.50,13.1579,true,1,30269
7290001342350,false,פילה הרינג עם בצל אל,אלדג,IL,פילה הרינג עם בצל אל,גרמים,700.00,100 גרם,false,,44.90,6.4143,true,1,30284
7290001342565,false,חזרת ללא סוכר אלדג 3,אלדג,IL,חזרת ללא סוכר אלדג 3,גרמים,300.00,100 גרם,false,,16.90,5.6333,true,1,48609
7290001407936,false,טחינה מעודנת בארכה ל,אסם,IL,טחינה מעודנת בארכה ל,גרמים,310.00,100 גרם,false,,10.50,3.3871,true,1,77583
7290001476208,false,גבינה ברי פקאן גד במ,מחלבות גד,IL,גבינה ברי פקאן גד במ,קילוגרמים,1.00,"ק""ג",true,,119.00,119.0000,true,1,58674
7290001482506,false,חומץ בלסמי ויליפוד 5,אצטום,IT,חומץ בלסמי ויליפוד 5,מיליליטרים,500.00,"100 מ""ל",false,,14.90,2.9800,true,1,30354
7290001485019,false,גבינת שמנת טבעי 5% ט,טרה,IL,גבינת שמנת טבעי 5% ט,גרמים,200.00,100 גרם,false,,7.90,3.9500,true,1,30357
7290001491096,false,תה ירוק לימונית לואי,ויסוצקי,IL,תה ירוק לימונית לואי,גרמים,75.00,100 גרם,false,,41.90,55.8667,true,1,30378
7290001532010,false,סלמון בעישון חם הרמס,"הרמס דגים בע""מ",IL,סלמון בעישון חם הרמס,קילוגרמים,1.00,"ק""ג",true,,149.00,149.0000,true,1,94210
7290001532027,false,סלמון מעושן פרוס הרמ,"הרמס דגים בע""מ",IL,סלמון מעושן פרוס הרמ,קילוגרמים,1.00,"ק""ג",true,,139.00,139.0000,true,1,94211
7290001532065,false,טונה מעושנת הרמס במש,"הרמס דגים בע""מ",IL,טונה מעושנת הרמס במש,קילוגרמים,1.00,"ק""ג",true,,109.00,109.0000,true,1,94212
7290001532225,false,פילה מקרל מעושן הרמס,"הרמס דגים בע""מ",IL,פילה מקרל מעושן הרמס,קילוגרמים,1.00,"ק""ג",true,,109.00,109.0000,true,1,94267
7290001532249,false,מקרל מקרוסקה מעושן ה,"הרמס דגים בע""מ",IL,מקרל מקרוסקה מעושן ה,קילוגרמים,1.00,"ק""ג",true,,109.00,109.0000,true,1,94268
7290001546666,false,ענבים לבנים,אראל תוצרת חקלאית בע,IL,ענבים לבנים,קילוגרמים,1.00,"ק""ג",true,,9.90,9.9000,true,1,89374
7290001591840,false,גבינה גאודה עלמה 1 ק,,,גבינה גאודה עלמה 1 ק,פריט,1.00,"ק""ג",false,,32.90,32.9000,true,1,107519
7290001594568,false,בירה קרלסברג פחית 5%,מבשלות בירה בינלאומי,TR,בירה קרלסברג פחית 5%,מיליליטרים,500.00,"100 מ""ל",false,,9.90,1.9800,true,1,103307
7290001594575,false,בירה טובורג רד פחית,מבשלות בירה בינלאומי,IL,בירה טובורג רד פחית,מיליליטרים,500.00,"100 מ""ל",false,,9.20,1.8400,true,1,103335
7290001594810,false,"בירה מאלטי 6*330 מ""ל",,,"בירה מאלטי 6*330 מ""ל",קילוגרמים,1.98,ליטר,false,,19.90,10.0505,true,1,30415
7290001594858,false,מארז בירה טובורג רד,קרלסברג ישראל,IL,מארז בירה טובורג רד,קילוגרמים,1.98,ליטר,false,,29.90,15.1010,true,1,30416
7290001594865,false,מארז בירה קרלסברג 5%,קרלסברג ישראל,IL,מארז בירה קרלסברג 5%,קילוגרמים,1.98,ליטר,false,,29.90,15.1010,true,1,30417
7290001648285,false,אבקה להכנת שוקו מוקו,רוני רג'ואן,IL,אבקה להכנת שוקו מוקו,פריט,1.30,"ק""ג",false,,11.90,9.1538,true,1,105447
7290001648643,false,מארז קפה טורקי כתר 3,רוני רג'ואן,IL,מארז קפה טורקי כתר 3,גרמים,300.00,100 גרם,false,,10.90,3.6333,true,1,30476
7290001670514,false,מלית אוכמניות הנמל 4,הנמל,IL,מלית אוכמניות הנמל 4,גרמים,400.00,100 גרם,false,,9.90,2.4750,true,1,30491
7290001670668,false,שקיות הקפאה לקרח הנמ,סאדאת איסטנבול,TR,שקיות הקפאה לקרח הנמ,Unknown,0.00,יחידה,false,,2.90,0.0000,true,1,30495
7290001670859,false,מלית דובדבנים הנמל 4,פוליבה,IL,מלית דובדבנים הנמל 4,גרמים,400.00,100 גרם,false,,9.90,2.4750,true,1,30504
7290001670873,false,צלחות גדולות עבות במ,אריזות מדף פלזית אגש,IL,צלחות גדולות עבות במ,Unknown,0.00,יחידה,false,,38.90,0.0000,true,1,30505
7290001679609,false,מארז עוגיות אוראו 4*,מונדליז,CZ,מארז עוגיות אוראו 4*,גרמים,704.00,100 גרם,false,,26.90,3.8210,true,1,87859
7290001780428,false,שלגוני לייט נסטלה שו,גלידות נסטלה,IL,שלגוני לייט נסטלה שו,גרמים,312.00,100 גרם,false,,22.90,7.3397,true,1,30533
7290001791349,false,אקונומיקה פסגה 4 ליט,סנו,IL,אקונומיקה פסגה 4 ליט,קילוגרמים,4.00,ליטר,false,,9.90,2.4750,true,1,30544
7290001791356,false,מבשם אויר סנו פרש או,סנו,IL,מבשם אויר סנו פרש או,מיליליטרים,250.00,"100 מ""ל",false,,12.90,5.1600,true,1,30545
7290001791776,false,סנו די רול און אלוור,קוסמופארם,IL,סנו די רול און אלוור,מיליליטרים,50.00,"100 מ""ל",false,,14.90,29.8000,true,1,39782
7290001813454,false,עוגיות חיוכים שוקו ע,אפיפית נצרת תעשיות ב,IL,עוגיות חיוכים שוקו ע,גרמים,900.00,100 גרם,false,,18.90,2.1000,true,1,30575
7290001813478,false,עוגיות חיוכים וניל ע,אפיפית נצרת תעשיות ב,IL,עוגיות חיוכים וניל ע,גרמים,900.00,100 גרם,false,,18.90,2.1000,true,1,30576
7290001820926,false,ליקר שוקולד ביתי 700,,,ליקר שוקולד ביתי 700,מיליליטרים,700.00,"100 מ""ל",false,,49.90,7.1286,true,1,30635
7290001855232,false,שמן למאור מרום הגליל,ירושלים שיווק שמן זי,IL,שמן למאור מרום הגליל,קילוגרמים,1.00,ליטר,false,,10.90,10.9000,true,1,61150
7290001867655,false,תפוח אדמה פרימיום,אראל תוצרת חקלאית בע,IL,תפוח אדמה פרימיום,Unknown,0.00,יחידה,false,,17.90,0.0000,true,1,101834
7290001873984,false,טונה בשמן ויליגר 6*1,ויליגר,,טונה בשמן ויליגר 6*1,גרמים,840.00,100 גרם,false,,27.90,3.3214,true,1,101539
7290001886618,false,שניצל עוף פרימיום טר,,IL,שניצל עוף פרימיום טר,קילוגרמים,1.00,"ק""ג",true,,42.90,42.9000,true,1,99778
7290001901045,false,רולדה גפילטע פיש ירו,דג טעים בעמ,IL,רולדה גפילטע פיש ירו,גרמים,600.00,100 גרם,false,,24.90,4.1500,true,1,30662
7290001901052,false,רולדה גפילטע פיש הונ,דג טעים בעמ,IL,רולדה גפילטע פיש הונ,גרמים,600.00,100 גרם,false,,24.90,4.1500,true,1,30663
7290001901410,false,רולדה גפילטע פיש הונ,דג טעים בעמ,IL,רולדה גפילטע פיש הונ,גרמים,500.00,100 גרם,false,,22.90,4.5800,true,1,46969
7290001901656,false,גפילטע פיש היימיש פי,דג טעים בעמ,IL,גפילטע פיש היימיש פי,גרמים,555.00,100 גרם,false,,8.90,1.6036,true,1,78568
7290001901670,false,גפילטע פיש קלאסי 4 י,דג טעים בעמ,IL,גפילטע פיש קלאסי 4 י,פריט,1.01,"ק""ג",false,,12.90,12.7723,true,1,75148
7290001943496,false,כורכומין טרימוורה MP,,,כורכומין טרימוורה MP,Unknown,0.00,יחידה,false,,114.90,0.0000,true,1,104407
7290001946121,false,פפריקה מרוקאית יוחאי,תבליני ביטון,IL,פפריקה מרוקאית יוחאי,גרמים,400.00,100 גרם,false,,17.90,4.4750,true,1,52894
7290001970263,false,רחת לוקום במשקל,דין שיווק,IL,רחת לוקום במשקל,קילוגרמים,1.00,"ק""ג",true,,79.00,79.0000,true,1,89028
7290001970478,false,אגוז מלך קלופים שקיל,,US,אגוז מלך קלופים שקיל,קילוגרמים,1.00,"ק""ג",true,,89.00,89.0000,true,1,84478
7290001970492,false,קשיו קלוי על גחלים ב,דין שיווק,VN,קשיו קלוי על גחלים ב,קילוגרמים,1.00,"ק""ג",true,,96.00,96.0000,true,1,84479
7290001970768,false,פקאן קלוי במשקל,דין שיווק,IL,פקאן קלוי במשקל,קילוגרמים,1.00,"ק""ג",true,,130.00,130.0000,true,1,87942
7290001970775,false,בוטן קלוי ענק במשקל,דין שיווק,CN,בוטן קלוי ענק במשקל,קילוגרמים,1.00,"ק""ג",true,,35.00,35.0000,true,1,87941
7290002003168,false,קרם ידיים פנגל 3*80,אינטרקוסמא 1985 במ,IL,קרם ידיים פנגל 3*80,גרמים,240.00,100 גרם,false,,13.90,5.7917,true,1,47195
7290002007241,false,סודה לשתיה הנמל 50 ג,ר.ס. חברה ליבוא ויצו,IL,סודה לשתיה הנמל 50 ג,גרמים,50.00,100 גרם,false,,1.50,3.0000,true,1,30790
7290002007296,false,צמר פלדה הנמל 350 גר,פלסטו פוליש,IL,צמר פלדה הנמל 350 גר,גרמים,350.00,100 גרם,false,,8.90,2.5429,true,1,30792
7290002007357,false,שקיות לצליה דליקטס 1,הנמל,IL,שקיות לצליה דליקטס 1,Unknown,0.00,יחידה,false,,3.90,0.0000,true,1,30795
7290002007487,false,צמר פלדה הנמל 100 גר,פלסטו פוליש,IL,צמר פלדה הנמל 100 גר,Unknown,0.00,יחידה,false,,2.90,0.0000,true,1,30800
7290002007500,false,קיסמי שיניים הנמל 50,הנג טונג,CN,קיסמי שיניים הנמל 50,Unknown,0.00,יחידה,false,,2.70,0.0000,true,1,30802
7290002007623,false,כוסיות ליין 50 יח,סאם גלובל תורכיה,TR,כוסיות ליין 50 יח,Unknown,0.00,יחידה,false,,3.90,0.0000,true,1,30803
7290002007760,false,"פירורי לחם הנמל 1 ק""",הנמל,IL,"פירורי לחם הנמל 1 ק""",פריט,1.00,"ק""ג",false,,9.90,9.9000,true,1,30807
7290002008040,false,שיפודים 100 יח,גרנג יוניברס,CN,שיפודים 100 יח,Unknown,0.00,יחידה,false,,2.50,0.0000,true,1,30819
7290002008071,false,עטרות חום בקופסא מס2,הנמל,IL,עטרות חום בקופסא מס2,Unknown,0.00,יחידה,false,,3.90,0.0000,true,1,30820
7290002008149,false,מדליק פחם מוצק 40 קו,מ.א.יצור ויבוא מטליו,IL,מדליק פחם מוצק 40 קו,מיליליטרים,300.00,"100 מ""ל",false,,5.90,1.9667,true,1,30823
7290002008156,false,עטרות חום בקופסא מס5,הנמל,IL,עטרות חום בקופסא מס5,Unknown,0.00,יחידה,false,,4.90,0.0000,true,1,30824
7290002008170,false,עטרות מס 3 חום בקופס,הנמל,IL,עטרות מס 3 חום בקופס,Unknown,0.00,יחידה,false,,4.90,0.0000,true,1,30825
7290002008309,false,עטרות מס 4 חום בקופס,הנמל,IL,עטרות מס 4 חום בקופס,Unknown,0.00,יחידה,false,,4.90,0.0000,true,1,30829
7290002008460,false,עטרות חום מס 1.5 קופ,הנמל,IL,עטרות חום מס 1.5 קופ,Unknown,0.00,יחידה,false,,3.30,0.0000,true,1,30834
7290002008903,false,נייר טואלט חתוך הנמל,הויזהו טאימי פפר,CN,נייר טואלט חתוך הנמל,Unknown,0.00,יחידה,false,,14.90,0.0000,true,1,30848
7290002008989,false,קישקשים בקופסא 225 י,הנג טונג,CN,קישקשים בקופסא 225 י,Unknown,0.00,יחידה,false,,6.90,0.0000,true,1,30852
7290002015475,false,זית מנזלינו בני דרום,בני דרום,IL,זית מנזלינו בני דרום,פריט,1.25,"ק""ג",false,,13.90,11.1200,true,1,30902
7290002015765,false,חציל במלח בני דרום 5,בני דרום,IL,חציל במלח בני דרום 5,גרמים,560.00,100 גרם,false,,5.90,1.0536,true,1,30911
7290002016472,false,מלפפון במלח צנצנת בנ,בני דרום,IL,מלפפון במלח צנצנת בנ,גרמים,540.00,100 גרם,false,,7.90,1.4630,true,1,49497
7290002016830,false,כרוב כבוש בני דרום 5,בני דרום,IL,כרוב כבוש בני דרום 5,גרמים,550.00,100 גרם,false,,5.90,1.0727,true,1,54317
7290002022923,false,סוכריות על מקל בטעם,כרמית,IL,סוכריות על מקל בטעם,גרמים,500.00,100 גרם,false,,12.90,2.5800,true,1,30922
7290002024002,false,"חומוס שמיר 3 ק""ג",סלטי שמיר 2006 בעמ,IL,"חומוס שמיר 3 ק""ג",פריט,3.00,"ק""ג",false,,29.90,9.9667,true,1,84300
7290002026365,false,טבעות בצל קראנצ 500,פספרוסט,IL,טבעות בצל קראנצ 500,גרמים,500.00,100 גרם,false,,7.90,1.5800,true,1,74651
7290002026402,false,בלינצס גבינה ב.קראנצ,מוצרי איכות אמריקאיי,IL,בלינצס גבינה ב.קראנצ,גרמים,350.00,100 גרם,false,,10.90,3.1143,true,1,72139
7290002026440,false,פרצל ב.קראנצ 280 גרם,מוצרי איכות אמריקאיי,IL,פרצל ב.קראנצ 280 גרם,גרמים,280.00,100 גרם,false,,10.90,3.8929,true,1,72137
7290002026587,false,וופל בלגי  ב.קראנצ 2,ביסקוטר ת.ס,BE,וופל בלגי  ב.קראנצ 2,גרמים,280.00,100 גרם,false,,9.90,3.5357,true,1,96391
7290002035121,false,מטיאס בשמן אלדג 300,אלדג,IL,מטיאס בשמן אלדג 300,גרמים,300.00,100 גרם,false,,44.90,14.9667,true,1,30928
7290002035145,false,מקרל מעושן לקרדה אלד,אלדג,IL,מקרל מעושן לקרדה אלד,קילוגרמים,1.00,"ק""ג",true,,129.00,129.0000,true,1,30930
7290002035206,false,חזרת אלדג 360 גרם,אלדג,IL,חזרת אלדג 360 גרם,גרמים,360.00,100 גרם,false,,16.90,4.6944,true,1,30933
7290002035312,false,טונה מעושנת אלדג במש,אלדג,IL,טונה מעושנת אלדג במש,קילוגרמים,1.00,"ק""ג",true,,199.00,199.0000,true,1,30934
7290002035336,false,פילה הרינג הולנדי אל,אלדג,IL,פילה הרינג הולנדי אל,גרמים,300.00,100 גרם,false,,24.90,8.3000,true,1,30935
7290002035343,false,הרינג כבוש  אלדג 300,אלדג,IL,הרינג כבוש  אלדג 300,גרמים,300.00,100 גרם,false,,24.90,8.3000,true,1,30936
7290002035879,false,פילה הרינג כבוש אלדג,אלדג,IL,פילה הרינג כבוש אלדג,גרמים,700.00,100 גרם,false,,44.90,6.4143,true,1,103825
7290002035886,false,פילה הרינג עם בצל וש,אלדג,IL,פילה הרינג עם בצל וש,גרמים,300.00,100 גרם,false,,24.90,8.3000,true,1,30940
7290002035947,false,מעדן נסיכת הנילוס מע,אלדג,IL,מעדן נסיכת הנילוס מע,קילוגרמים,1.00,"ק""ג",true,,199.00,199.0000,true,1,103827
7290002037309,false,לחמניות המבורגר ודש,מאפית י את א ברמן בע,IL,לחמניות המבורגר ודש,גרמים,400.00,100 גרם,false,,12.90,3.2250,true,1,41817
7290002040064,false,קוסקוס דק מזון 350 ג,קוסקוס מזון,IL,קוסקוס דק מזון 350 ג,גרמים,350.00,100 גרם,false,,3.90,1.1143,true,1,30942
7290002040071,false,קוסקוס עבה מזון 350,קוסקוס מזון,IL,קוסקוס עבה מזון 350,גרמים,350.00,100 גרם,false,,3.90,1.1143,true,1,30943
7290002040088,false,קוסקוס מלא מזון 350,קוסקוס מזון,IL,קוסקוס מלא מזון 350,גרמים,350.00,100 גרם,false,,5.50,1.5714,true,1,30944
7290002040095,false,מארז קוסקוס מזון 3*3,קוסקוס מזון,IL,מארז קוסקוס מזון 3*3,פריט,1.05,"ק""ג",false,,11.90,11.3333,true,1,38818
7290002044628,false,שומן כבש קפוא עטרה 2,,,שומן כבש קפוא עטרה 2,גרמים,200.00,100 גרם,false,,24.90,12.4500,true,1,50776
7290002065555,false,לחמניות רגילות אנגל,מאפית אנגל,IL,לחמניות רגילות אנגל,גרמים,450.00,100 גרם,false,,10.90,2.4222,true,1,88381
7290002065616,false,לחם שיפון בתוספת גרע,מאפית אנגל,IL,לחם שיפון בתוספת גרע,גרמים,750.00,100 גרם,false,,12.90,1.7200,true,1,88360
7290002065623,false,לחם שיפון כפרי אחדות,מאפית אורנים,IL,לחם שיפון כפרי אחדות,גרמים,750.00,100 גרם,false,,12.90,1.7200,true,1,88365
7290002075035,false,אובלטים בשקית 500 גר,שוקוטרייד בעמ,IL,אובלטים בשקית 500 גר,גרמים,500.00,100 גרם,false,,16.90,3.3800,true,1,30991
7290002075271,false,סוכריות צמחים ריקולה,ריקולה,CH,סוכריות צמחים ריקולה,גרמים,75.00,100 גרם,false,,9.90,13.2000,true,1,91582
7290002077268,false,מיני קציצות דג לבישו,דלידג,IL,מיני קציצות דג לבישו,גרמים,500.00,100 גרם,false,,18.90,3.7800,true,1,60811
7290002096498,false,דובשניות חפץ 600 גרם,דובשנית,IL,דובשניות חפץ 600 גרם,גרמים,600.00,100 גרם,false,,10.70,1.7833,true,1,50669
7290002107071,false,גבינת בולגרית עיזים,מחלבת משק צוריאל,IL,גבינת בולגרית עיזים,גרמים,200.00,100 גרם,false,,22.90,11.4500,true,1,40756
7290002107385,false,גבינה מה עז 20% צורי,מחלבת משק צוריאל,IL,גבינה מה עז 20% צורי,גרמים,180.00,100 גרם,false,,19.90,11.0556,true,1,40757
7290002107491,false,גבינת עיזים 5% למריח,מחלבת משק צוריאל,IL,גבינת עיזים 5% למריח,גרמים,250.00,100 גרם,false,,12.90,5.1600,true,1,31028
7290002107798,false,גבינה בולגרית מעודנת,מחלבת משק צוריאל,IL,גבינה בולגרית מעודנת,גרמים,250.00,100 גרם,false,,19.90,7.9600,true,1,31033
7290002107965,false,גבינה טבורוג 5% צורי,מחלבת משק צוריאל,IL,גבינה טבורוג 5% צורי,גרמים,500.00,100 גרם,false,,22.90,4.5800,true,1,31037
7290002109372,false,בורקס פילו גבינה בול,שלושת האופים,IL,בורקס פילו גבינה בול,גרמים,700.00,100 גרם,false,,16.90,2.4143,true,1,68610
7290002111085,false,רוטב עגבניות מרוכז מ,זנלכל,IL,רוטב עגבניות מרוכז מ,גרמים,100.00,100 גרם,false,,2.20,2.2000,true,1,31043
7290002111122,false,"רסק תפו""ע בתוספת סוכ",זנלכל,IL,"רסק תפו""ע בתוספת סוכ",גרמים,560.00,100 גרם,false,,8.90,1.5893,true,1,31044
7290002111139,false,"רסק תפו""ע ללא תוספת",זנלכל,IL,"רסק תפו""ע ללא תוספת",גרמים,560.00,100 גרם,false,,8.90,1.5893,true,1,31045
7290002111214,false,תירס גרעינים לייט מב,זנלכל,IL,תירס גרעינים לייט מב,גרמים,550.00,100 גרם,false,,8.90,1.6182,true,1,31047
7290002111313,false,עגבניות קוביות מבורך,זנלכל,IL,עגבניות קוביות מבורך,גרמים,800.00,100 גרם,false,,9.90,1.2375,true,1,31052
7290002111337,false,רוטב עגבניות מרוכז מ,זנלכל,IL,רוטב עגבניות מרוכז מ,גרמים,240.00,100 גרם,false,,3.90,1.6250,true,1,31053
7290002111474,false,אפונה גדולה מבורך 55,זנלכל,IL,אפונה גדולה מבורך 55,גרמים,550.00,100 גרם,false,,6.90,1.2545,true,1,31054
7290002111511,false,אפונה וגזר מבורך 550,זנלכל,IL,אפונה וגזר מבורך 550,גרמים,550.00,100 גרם,false,,6.90,1.2545,true,1,31056
7290002111634,false,חומוס שלם מבורך 550,זנלכל,IL,חומוס שלם מבורך 550,גרמים,550.00,100 גרם,false,,6.90,1.2545,true,1,31057
7290002111665,false,רוטב עגבניות 28% מבו,זנלכל,IL,רוטב עגבניות 28% מבו,גרמים,600.00,100 גרם,false,,9.90,1.6500,true,1,31059
7290002111672,false,רוטב עגבניות 22% מבו,זנלכל,IL,רוטב עגבניות 22% מבו,גרמים,570.00,100 גרם,false,,7.90,1.3860,true,1,31060
7290002111696,false,עגבניות מרוסקות מבור,זנלכל,IL,עגבניות מרוסקות מבור,גרמים,800.00,100 גרם,false,,9.90,1.2375,true,1,31062
7290002111764,false,שעועית לבנה ברוטב מב,זנלכל,IL,שעועית לבנה ברוטב מב,גרמים,560.00,100 גרם,false,,6.90,1.2321,true,1,31064
7290002111818,false,תירס גרעינים מבורך 4,זנלכל,IL,תירס גרעינים מבורך 4,גרמים,400.00,100 גרם,false,,5.90,1.4750,true,1,31065
7290002111825,false,תירס גרעינים מבורך 5,זנלכל,IL,תירס גרעינים מבורך 5,גרמים,550.00,100 גרם,false,,6.90,1.2545,true,1,31066
7290002111948,false,שעועית ירוקה מבורך 5,זנלכל,IL,שעועית ירוקה מבורך 5,גרמים,550.00,100 גרם,false,,9.90,1.8000,true,1,31069
7290002118435,false,צמרוני אוזניים ביוטי,ספה,TR,צמרוני אוזניים ביוטי,Unknown,0.00,יחידה,false,,4.90,0.0000,true,1,38819
7290002129424,false,שניצל דג מצופה דלידג,דלידג,IL,שניצל דג מצופה דלידג,פריט,1.00,"ק""ג",false,,29.90,29.9000,true,1,79486
7290002129493,false,מארז פיצה איטלקית דק,,,מארז פיצה איטלקית דק,גרמים,960.00,100 גרם,false,,24.90,2.5937,true,1,81501
7290002131748,false,בשר מס 9 קשתית קפוא,,,בשר מס 9 קשתית קפוא,קילוגרמים,1.00,"ק""ג",true,,39.90,39.9000,true,1,50173
7290002132011,false,עוגיות מזרחיות עבאדי,עבאדי,IL,עוגיות מזרחיות עבאדי,גרמים,400.00,100 גרם,false,,12.90,3.2250,true,1,31103
7290002133032,false,גבינה קשקבל מגורדת ש,מחלבת השומרון,IL,גבינה קשקבל מגורדת ש,גרמים,300.00,100 גרם,false,,28.90,9.6333,true,1,58381
7290002133506,false,יוגורט עיזים שומרון,מחלבת השומרון,IL,יוגורט עיזים שומרון,גרמים,400.00,100 גרם,false,,9.90,2.4750,true,1,57345
7290002133551,false,לאבנה עם שמן זית וזע,מחלבת השומרון,IL,לאבנה עם שמן זית וזע,גרמים,500.00,100 גרם,false,,14.90,2.9800,true,1,57347
7290002133889,false,גבינה בולגרית מעודנת,מחלבת השומרון,IL,גבינה בולגרית מעודנת,גרמים,250.00,100 גרם,false,,17.90,7.1600,true,1,57340
7290002157694,false,כבד עוף צלוי טרי עטר,,,כבד עוף צלוי טרי עטר,גרמים,200.00,100 גרם,false,,24.90,12.4500,true,1,74800
7290002157953,false,טונה בשמן קנולה וילי,,,טונה בשמן קנולה וילי,גרמים,560.00,100 גרם,false,,18.90,3.3750,true,1,76990
7290002157960,false,טונה במים ויליגר 4*1,ויליגר,,טונה במים ויליגר 4*1,גרמים,560.00,100 גרם,false,,18.90,3.3750,true,1,75931
7290002206682,false,שניצל עוף פרימיום טר,,,שניצל עוף פרימיום טר,קילוגרמים,1.00,"ק""ג",true,,48.90,48.9000,true,1,74503
7290002206729,false,עצמות מח קפוא קהילות,,,עצמות מח קפוא קהילות,קילוגרמים,1.00,"ק""ג",true,,44.90,44.9000,true,1,68719
7290002206736,false,עצמות עגל קהילות,,,עצמות עגל קהילות,קילוגרמים,1.00,"ק""ג",true,,29.90,29.9000,true,1,89844
7290002253006,false,שום כתוש דורות 200 ג,דורות,IL,שום כתוש דורות 200 ג,גרמים,200.00,100 גרם,false,,10.90,5.4500,true,1,31232
7290002253105,false,שום קוביות דורות 80,דורות,IL,שום קוביות דורות 80,גרמים,80.00,100 גרם,false,,7.90,9.8750,true,1,31235
7290002253150,false,בזיליקום קצוץ דורות,דורות,IL,בזיליקום קצוץ דורות,גרמים,70.00,100 גרם,false,,7.90,11.2857,true,1,31236
7290002253167,false,פטרוזיליה קצוצה דורו,דורות,IL,פטרוזיליה קצוצה דורו,גרמים,70.00,100 גרם,false,,7.90,11.2857,true,1,31237
7290002253181,false,כוסברה קצוצה דורות 7,דורות,IL,כוסברה קצוצה דורות 7,גרמים,70.00,100 גרם,false,,7.90,11.2857,true,1,31239
7290002253198,false,גינגר כתוש דורות 70,דורות,IL,גינגר כתוש דורות 70,גרמים,70.00,100 גרם,false,,8.90,12.7143,true,1,31240
7290002253235,false,רוטב פסטו דורות 160,דורות,IL,רוטב פסטו דורות 160,גרמים,160.00,100 גרם,false,,10.90,6.8125,true,1,93510
7290002255031,false,סיגרים במילוי בשר אל,חטיפי אלקיים בעמ,IL,סיגרים במילוי בשר אל,גרמים,800.00,100 גרם,false,,21.90,2.7375,true,1,45889
7290002255048,false,קובה למרק אלקיים 800,חטיפי אלקיים בעמ,IL,קובה למרק אלקיים 800,גרמים,800.00,100 גרם,false,,21.90,2.7375,true,1,45897
7290002255055,false,פלאפל אלקיים 700 גרם,חטיפי אלקיים בעמ,IL,פלאפל אלקיים 700 גרם,גרמים,700.00,100 גרם,false,,13.90,1.9857,true,1,45900
7290002255086,false,קובה ביתית אלקיים 70,חטיפי אלקיים בעמ,IL,קובה ביתית אלקיים 70,גרמים,700.00,100 גרם,false,,21.90,3.1286,true,1,45896
7290002255116,false,קרפלך בשר אלקיים 800,חטיפי אלקיים בעמ,IL,קרפלך בשר אלקיים 800,גרמים,800.00,100 גרם,false,,21.90,2.7375,true,1,45903
7290002255215,false,עלי סיגר אלקיים 500,חטיפי אלקיים בעמ,IL,עלי סיגר אלקיים 500,גרמים,500.00,100 גרם,false,,7.90,1.5800,true,1,45901
7290002255284,false,קובה חמוסטה אלקיים 8,חטיפי אלקיים בעמ,IL,קובה חמוסטה אלקיים 8,גרמים,800.00,100 גרם,false,,21.90,2.7375,true,1,45898
7290002281429,false,סטייק טונה אדומה דלי,בון צון פישארי,VN,סטייק טונה אדומה דלי,קילוגרמים,1.00,"ק""ג",true,,59.90,59.9000,true,1,89530
7290002281436,false,סטייק טונה בהירה דלי,דלידג,IL,סטייק טונה בהירה דלי,קילוגרמים,1.00,"ק""ג",true,,44.90,44.9000,true,1,89986
7290002281443,false,סטייק טונה דלידג,בון צון פישארי,VN,סטייק טונה דלידג,קילוגרמים,1.00,"ק""ג",true,,39.90,39.9000,true,1,89531
7290002281474,false,מארז פיצה דקה טעם מה,שלושת האופים,IL,מארז פיצה דקה טעם מה,פריט,2.00,"ק""ג",false,,49.90,24.9500,true,1,91101
7290002281498,false,צהובה מגורדת ריצ 500,שלושת האופים,IL,צהובה מגורדת ריצ 500,גרמים,500.00,100 גרם,false,,17.90,3.5800,true,1,89570
7290002285052,false,סינטה בקר מעובד מופש,,,סינטה בקר מעובד מופש,קילוגרמים,1.00,"ק""ג",true,,49.90,49.9000,true,1,40929
7290002285816,false,שניצל עוף פרימיום טר,,,שניצל עוף פרימיום טר,קילוגרמים,1.00,"ק""ג",true,,44.90,44.9000,true,1,74504
7290002292142,false,קבב אנגוס עטרה 700 ג,טיבון ויל,IL,קבב אנגוס עטרה 700 ג,גרמים,700.00,100 גרם,false,,29.90,4.2714,true,1,105800
7290002292159,false,המבורגר אנגוס עטרה 7,טיבון ויל,IL,המבורגר אנגוס עטרה 7,גרמים,700.00,100 גרם,false,,29.90,4.2714,true,1,105801
7290002292166,false,קבבוני טלה עטרה 700,טיבון ויל,IL,קבבוני טלה עטרה 700,גרמים,700.00,100 גרם,false,,29.90,4.2714,true,1,105802
7290002292173,false,שיפודי קבב עטרה 700,טיבון ויל,IL,שיפודי קבב עטרה 700,גרמים,700.00,100 גרם,false,,29.90,4.2714,true,1,105803
7290002292203,false,פילה עוף  פרימיום טר,,,פילה עוף  פרימיום טר,קילוגרמים,1.00,"ק""ג",true,,34.90,34.9000,true,1,105810
7290002292210,false,שניצל פרימיום טרי מה,,,שניצל פרימיום טרי מה,קילוגרמים,1.00,"ק""ג",true,,39.90,39.9000,true,1,105811
7290002292227,false,כנפיים עוף פרימיום ח,,,כנפיים עוף פרימיום ח,קילוגרמים,1.00,"ק""ג",true,,13.90,13.9000,true,1,105812
7290002292234,false,שוקיים עוף פרימיום ב,,,שוקיים עוף פרימיום ב,קילוגרמים,1.00,"ק""ג",true,,24.90,24.9000,true,1,105813
7290002292265,false,"פרגית לתנור ע""ע טרי",,,"פרגית לתנור ע""ע טרי",קילוגרמים,1.00,"ק""ג",true,,39.90,39.9000,true,1,105944
7290002292289,false,"פרגית לתנור ע""ע טרי",,,"פרגית לתנור ע""ע טרי",קילוגרמים,1.00,"ק""ג",true,,34.90,34.9000,true,1,106628
7290002292302,false,בשר מס' 2 צלעות בקר,,IL,בשר מס' 2 צלעות בקר,קילוגרמים,1.00,"ק""ג",true,,79.90,79.9000,true,1,107235
7290002292388,false,בשר מס' 10 צוואר בקר,,IL,בשר מס' 10 צוואר בקר,קילוגרמים,1.00,"ק""ג",true,,74.90,74.9000,true,1,107243
7290002292548,false,כבד עוף צלוי טרי לנד,,,כבד עוף צלוי טרי לנד,גרמים,200.00,100 גרם,false,,29.90,14.9500,true,1,106901
7290002292906,false,"חזה עוף טרי חב""ד לנד",,,"חזה עוף טרי חב""ד לנד",קילוגרמים,1.00,"ק""ג",true,,49.90,49.9000,true,1,108375
7290002292982,false,מרגז אמיתי עטרה 700,טיבון ויל,IL,מרגז אמיתי עטרה 700,גרמים,700.00,100 גרם,false,,29.90,4.2714,true,1,109015
7290002292999,false,נקניקיות עוף פיקנטיו,,,נקניקיות עוף פיקנטיו,גרמים,400.00,100 גרם,false,,11.90,2.9750,true,1,108842
7290002296003,false,נקניקיות עוף קראנץ',עטרה,IL,נקניקיות עוף קראנץ',פריט,1.00,"ק""ג",false,,23.90,23.9000,true,1,109096
7290002319016,false,אבקת אפיה מיה 10 יח,מיה תעשיות מזון בעמ,IL,אבקת אפיה מיה 10 יח,גרמים,100.00,100 גרם,false,,1.90,1.9000,true,1,31286
7290002319023,false,סוכר וניל מיה 10 יח,מיה תעשיות מזון בעמ,IL,סוכר וניל מיה 10 יח,גרמים,100.00,100 גרם,false,,1.90,1.9000,true,1,31287
7290002319030,false,אבקת בצל מיה 80 גרם,מיה תעשיות מזון בעמ,IL,אבקת בצל מיה 80 גרם,גרמים,80.00,100 גרם,false,,5.80,7.2500,true,1,31288
7290002319146,false,שעועית אדומה מיה 500,מיה תעשיות מזון בעמ,IL,שעועית אדומה מיה 500,גרמים,500.00,100 גרם,false,,9.90,1.9800,true,1,31297
7290002319405,false,קינמון מיה 80 גרם,מיה תעשיות מזון בעמ,IL,קינמון מיה 80 גרם,גרמים,80.00,100 גרם,false,,5.80,7.2500,true,1,31313
7290002319412,false,פפריקה חריפה מיה 80,מיה תעשיות מזון בעמ,IL,פפריקה חריפה מיה 80,גרמים,80.00,100 גרם,false,,5.80,7.2500,true,1,31314
7290002319429,false,פפריקה מתוקה מיה 80,מיה תעשיות מזון בעמ,IL,פפריקה מתוקה מיה 80,גרמים,80.00,100 גרם,false,,5.80,7.2500,true,1,31315
7290002319436,false,פלפל שחור מיה 70 גרם,מיה תעשיות מזון בעמ,IL,פלפל שחור מיה 70 גרם,גרמים,70.00,100 גרם,false,,7.90,11.2857,true,1,31316
7290002319443,false,כמון מיה 80 גרם,מיה תעשיות מזון בעמ,IL,כמון מיה 80 גרם,גרמים,80.00,100 גרם,false,,5.80,7.2500,true,1,31317
7290002319450,false,כורכום מיה 80 גרם,מיה תעשיות מזון בעמ,IL,כורכום מיה 80 גרם,גרמים,80.00,100 גרם,false,,5.80,7.2500,true,1,31318
7290002319467,false,אורגנו מיה 35 גרם,מיה תעשיות מזון בעמ,IL,אורגנו מיה 35 גרם,גרמים,35.00,100 גרם,false,,5.80,16.5714,true,1,31319
7290002319474,false,אבקת שום מיה 80 גרם,מיה תעשיות מזון בעמ,IL,אבקת שום מיה 80 גרם,גרמים,80.00,100 גרם,false,,4.90,6.1250,true,1,31320
7290002319580,false,מלח לימון מיה 100 גר,מיה תעשיות מזון בעמ,IL,מלח לימון מיה 100 גר,גרמים,100.00,100 גרם,false,,5.80,5.8000,true,1,31321
7290002319597,false,כוסברה מיה 80 גרם,מיה תעשיות מזון בעמ,IL,כוסברה מיה 80 גרם,גרמים,80.00,100 גרם,false,,5.80,7.2500,true,1,31322
7290002319641,false,גריל עוף מיה 80 גרם,מיה תעשיות מזון בעמ,IL,גריל עוף מיה 80 גרם,גרמים,80.00,100 גרם,false,,5.80,7.2500,true,1,31327
7290002319658,false,תבלין לסטייק מיה 80,מיה תעשיות מזון בעמ,IL,תבלין לסטייק מיה 80,גרמים,80.00,100 גרם,false,,5.80,7.2500,true,1,31328
7290002319689,false,סודה לשתיה מיה 150 ג,מיה תעשיות מזון בעמ,IL,סודה לשתיה מיה 150 ג,גרמים,150.00,100 גרם,false,,5.80,3.8667,true,1,31329
7290002319696,false,פלפל לבן מיה 70 גרם,מיה תעשיות מזון בעמ,IL,פלפל לבן מיה 70 גרם,גרמים,70.00,100 גרם,false,,8.90,12.7143,true,1,31330
7290002319702,false,ציפורן שלם מיה 40 גר,מיה תעשיות מזון בעמ,IL,ציפורן שלם מיה 40 גר,גרמים,40.00,100 גרם,false,,8.90,22.2500,true,1,31331
7290002319801,false,שבבי בצל מיה 50 גרם,מיה תעשיות מזון בעמ,IL,שבבי בצל מיה 50 גרם,גרמים,50.00,100 גרם,false,,5.80,11.6000,true,1,31337
7290002327042,false,בורקס תפוא ש.האופים,שלושת האופים,IL,בורקס תפוא ש.האופים,גרמים,800.00,100 גרם,false,,16.90,2.1125,true,1,31358
7290002327059,false,בצק עלים ש.האופים 1,שלושת האופים,IL,בצק עלים ש.האופים 1,פריט,1.00,"ק""ג",false,,16.90,16.9000,true,1,31359
7290002327073,false,בורקס גבינה ש.האופים,שלושת האופים,IL,בורקס גבינה ש.האופים,גרמים,800.00,100 גרם,false,,16.90,2.1125,true,1,31361
7290002331360,false,מים נביעות טו גו 6*5,נביעות,IL,מים נביעות טו גו 6*5,קילוגרמים,3.00,ליטר,false,,14.70,4.9000,true,1,31378
7290002345299,false,פילה סלמון טרי דלידג,,,פילה סלמון טרי דלידג,קילוגרמים,1.00,"ק""ג",true,,89.90,89.9000,true,1,85101
7290002360124,false,חליטת צמחים פומפדור,טייקנה,DE,חליטת צמחים פומפדור,גרמים,70.00,100 גרם,false,,11.90,17.0000,true,1,65979
7290002360155,false,חליטת צמחים פומפדור,טייקנה,DE,חליטת צמחים פומפדור,גרמים,40.00,100 גרם,false,,11.90,29.7500,true,1,65983
7290002360278,false,חליטת צמחים פומפדור,טייקנה,DE,חליטת צמחים פומפדור,גרמים,45.00,100 גרם,false,,11.90,26.4444,true,1,65980
7290002360285,false,חליטת צמחים פומפדור,טייקנה,DE,חליטת צמחים פומפדור,גרמים,30.00,100 גרם,false,,11.90,39.6667,true,1,65982
7290002371533,false,סלסולי פסטרמה בדבש ט,טירת צבי,,סלסולי פסטרמה בדבש ט,גרמים,120.00,100 גרם,false,,12.90,10.7500,true,1,68630
7290002371939,false,סרוולד צרפתי 120 גרם,טירת צבי,IL,סרוולד צרפתי 120 גרם,גרמים,120.00,100 גרם,false,,23.90,19.9167,true,1,68629
7290002381808,false,נר נשמה בפח 24 שעות,,CN,נר נשמה בפח 24 שעות,Unknown,0.00,יחידה,false,,1.20,0.0000,true,1,38908
7290002385738,false,גבינה מנצגו גד במשקל,מחלבות גד,IL,גבינה מנצגו גד במשקל,קילוגרמים,1.00,"ק""ג",true,,137.00,137.0000,true,1,57431
7290002385745,false,גבינה פקורינו גד במש,מחלבות גד,IL,גבינה פקורינו גד במש,קילוגרמים,1.00,"ק""ג",true,,137.00,137.0000,true,1,57432
7290002386834,false,נקניקיות עוף קפוא קה,,,נקניקיות עוף קפוא קה,גרמים,400.00,100 גרם,false,,11.90,2.9750,true,1,52506
7290002386872,false,רולדה חזה הודו קהילו,,,רולדה חזה הודו קהילו,קילוגרמים,1.00,"ק""ג",true,,44.90,44.9000,true,1,62648
7290002391012,false,חזה הודו מעושן ספישל,ש.ב מטעם,IL,חזה הודו מעושן ספישל,גרמים,250.00,100 גרם,false,,27.90,11.1600,true,1,51447
7290002391029,false,רוסטביף ספישלס 250 ג,ש.ב מטעם,IL,רוסטביף ספישלס 250 ג,גרמים,250.00,100 גרם,false,,41.90,16.7600,true,1,51444
7290002391043,false,חזה הודו גחלים ספישל,ש.ב מטעם,IL,חזה הודו גחלים ספישל,גרמים,250.00,100 גרם,false,,27.90,11.1600,true,1,51449
7290002391050,false,סלמי בקר פרוס חפץ חי,ש.ב מטעם,IL,סלמי בקר פרוס חפץ חי,גרמים,250.00,100 גרם,false,,34.90,13.9600,true,1,54031
7290002391067,false,סלמי בקר חפץ חיים 40,ש.ב מטעם,IL,סלמי בקר חפץ חיים 40,גרמים,400.00,100 גרם,false,,44.90,11.2250,true,1,100962
7290002391074,false,פסטרמי בקר ספישלס 25,ש.ב מטעם,IL,פסטרמי בקר ספישלס 25,גרמים,250.00,100 גרם,false,,41.90,16.7600,true,1,51442
7290002391081,false,קורנביף ספישלס 250 ג,ש.ב מטעם,IL,קורנביף ספישלס 250 ג,גרמים,250.00,100 גרם,false,,41.90,16.7600,true,1,51443
7290002391104,false,כתף מפולפל ספישלס 25,ש.ב מטעם,IL,כתף מפולפל ספישלס 25,גרמים,250.00,100 גרם,false,,41.90,16.7600,true,1,51448
7290002391111,false,נקניקיות בקר קפוא ספ,ש.ב מטעם,IL,נקניקיות בקר קפוא ספ,גרמים,400.00,100 גרם,false,,27.90,6.9750,true,1,67208
7290002391135,false,חזה הודו בדבש ספישלס,ש.ב מטעם,IL,חזה הודו בדבש ספישלס,גרמים,250.00,100 גרם,false,,27.90,11.1600,true,1,51446
7290002391159,false,נקניקיות קרנץ קפוא ס,ש.ב מטעם,IL,נקניקיות קרנץ קפוא ס,גרמים,400.00,100 גרם,false,,27.90,6.9750,true,1,67212
7290002391166,false,חזה הודו מקסיקני ספי,ש.ב מטעם,IL,חזה הודו מקסיקני ספי,גרמים,250.00,100 גרם,false,,27.90,11.1600,true,1,51582
7290002391180,false,קורנביף מעושן ספישלס,ש.ב מטעם,IL,קורנביף מעושן ספישלס,גרמים,250.00,100 גרם,false,,41.90,16.7600,true,1,75795
7290002391203,false,נקניקיות קנקרס קפוא,ש.ב מטעם,IL,נקניקיות קנקרס קפוא,גרמים,400.00,100 גרם,false,,27.90,6.9750,true,1,70254
7290002391388,false,גולש לחמין ספישלס,ש.ב מטעם,IL,גולש לחמין ספישלס,קילוגרמים,1.00,"ק""ג",true,,69.90,69.9000,true,1,72951
7290002391470,false,בשר כבוש ספישלס,ש.ב מטעם,IL,בשר כבוש ספישלס,קילוגרמים,1.00,"ק""ג",true,,99.90,99.9000,true,1,70260
7290002391784,false,כתף מעושן ספישלס 250,ש.ב מטעם,IL,כתף מעושן ספישלס 250,גרמים,250.00,100 גרם,false,,41.90,16.7600,true,1,75796
7290002391791,false,רולדה הודו מתובל ספי,ש.ב מטעם,IL,רולדה הודו מתובל ספי,קילוגרמים,1.00,"ק""ג",true,,42.90,42.9000,true,1,70263
7290002391852,false,נקניקיות עוף קפוא ספ,ש.ב מטעם,IL,נקניקיות עוף קפוא ספ,גרמים,380.00,100 גרם,false,,15.90,4.1842,true,1,67210
7290002391869,false,נקניקיות גמבו קפוא ס,ש.ב מטעם,IL,נקניקיות גמבו קפוא ס,גרמים,400.00,100 גרם,false,,15.90,3.9750,true,1,67209
7290002391876,false,נקניקיות מרגז קפוא ס,ש.ב מטעם,IL,נקניקיות מרגז קפוא ס,גרמים,320.00,100 גרם,false,,27.90,8.7187,true,1,70253
7290002391883,false,נקניקיות צוריסוס קפו,ש.ב מטעם,IL,נקניקיות צוריסוס קפו,גרמים,400.00,100 גרם,false,,27.90,6.9750,true,1,67211
7290002405757,false,פת בוקר חיטה מלאה 1,מצות כרמל,IL,פת בוקר חיטה מלאה 1,פריט,1.00,"ק""ג",false,,19.90,19.9000,true,1,50199
7290002487364,false,בורקס פילו גבינה וזי,שלושת האופים,IL,בורקס פילו גבינה וזי,גרמים,700.00,100 גרם,false,,16.90,2.4143,true,1,68611
7290002505013,false,כרעיים עוף קפוא קהיל,קהילות,IL,כרעיים עוף קפוא קהיל,קילוגרמים,1.00,"ק""ג",true,,32.90,32.9000,true,1,50727
7290002505020,false,שוקיים עוף קפוא קהיל,קהילות,IL,שוקיים עוף קפוא קהיל,קילוגרמים,1.00,"ק""ג",true,,34.90,34.9000,true,1,50728
7290002505037,false,ירכיים עוף קפוא קהיל,,,ירכיים עוף קפוא קהיל,קילוגרמים,1.00,"ק""ג",true,,34.90,34.9000,true,1,50729
7290002505044,false,חזה עוף קפוא קהילות,קהילות,IL,חזה עוף קפוא קהילות,קילוגרמים,1.00,"ק""ג",true,,35.90,35.9000,true,1,50730
7290002505051,false,כנפיים עוף קפוא קהיל,קהילות,IL,כנפיים עוף קפוא קהיל,קילוגרמים,1.00,"ק""ג",true,,16.90,16.9000,true,1,50731
7290002505068,false,שניצל עוף קפוא קהילו,,,שניצל עוף קפוא קהילו,קילוגרמים,1.00,"ק""ג",true,,39.90,39.9000,true,1,50732
7290002505105,false,עוף שלם טרי קהילות,,,עוף שלם טרי קהילות,קילוגרמים,1.00,"ק""ג",true,,24.90,24.9000,true,1,50749
7290002505112,false,שוקיים עוף טרי קהילו,,,שוקיים עוף טרי קהילו,קילוגרמים,1.00,"ק""ג",true,,39.90,39.9000,true,1,50750
7290002505129,false,ירכיים עוף טרי קהילו,,,ירכיים עוף טרי קהילו,קילוגרמים,1.00,"ק""ג",true,,34.90,34.9000,true,1,50751
7290002505136,false,כנפיים עוף טרי קהילו,,,כנפיים עוף טרי קהילו,קילוגרמים,1.00,"ק""ג",true,,13.90,13.9000,true,1,50752
7290002505143,false,שניצל עוף טרי קהילות,,,שניצל עוף טרי קהילות,קילוגרמים,1.00,"ק""ג",true,,42.90,42.9000,true,1,50753
7290002505167,false,גרונות עוף טרי קהילו,,,גרונות עוף טרי קהילו,קילוגרמים,1.00,"ק""ג",true,,9.90,9.9000,true,1,50754
7290002505198,false,פרגיות עוף קפוא קהיל,,,פרגיות עוף קפוא קהיל,קילוגרמים,1.00,"ק""ג",true,,69.90,69.9000,true,1,50736
7290002505204,false,פרגית עוף טרי קהילות,,,פרגית עוף טרי קהילות,קילוגרמים,1.00,"ק""ג",true,,79.90,79.9000,true,1,50757
7290002505266,false,חזה עוף חצוי טרי קהי,,,חזה עוף חצוי טרי קהי,קילוגרמים,1.00,"ק""ג",true,,22.90,22.9000,true,1,50758
7290002505297,false,עוף מס 2 קפוא קהילות,קהילות,IL,עוף מס 2 קפוא קהילות,קילוגרמים,1.00,"ק""ג",true,,23.90,23.9000,true,1,50725
7290002505303,false,עוף מס 3 קפוא קהילות,קהילות,IL,עוף מס 3 קפוא קהילות,קילוגרמים,1.00,"ק""ג",true,,23.90,23.9000,true,1,50726
7290002505433,false,כבד עוף צלוי טרי קהי,,,כבד עוף צלוי טרי קהי,גרמים,200.00,100 גרם,false,,28.90,14.4500,true,1,51384
7290002505464,false,כרעיים עוף טרי קהילו,,,כרעיים עוף טרי קהילו,קילוגרמים,1.00,"ק""ג",true,,29.90,29.9000,true,1,50760
7290002505471,false,חזה עוף טרי קהילות,,,חזה עוף טרי קהילות,קילוגרמים,1.00,"ק""ג",true,,39.90,39.9000,true,1,50761
7290002505600,false,גרונות הודו קפוא קהי,,,גרונות הודו קפוא קהי,קילוגרמים,1.00,"ק""ג",true,,34.90,34.9000,true,1,50739
7290002505617,false,כנפיים הודו קפוא קהי,,,כנפיים הודו קפוא קהי,קילוגרמים,1.00,"ק""ג",true,,12.90,12.9000,true,1,50740
7290002505624,false,שוקיים הודו קפוא קהי,,,שוקיים הודו קפוא קהי,קילוגרמים,1.00,"ק""ג",true,,24.90,24.9000,true,1,50741
7290002507451,false,קציצות דג סלמון לביש,דלידג,IL,קציצות דג סלמון לביש,גרמים,750.00,100 גרם,false,,24.90,3.3200,true,1,82273
7290002512509,false,מלוואח אלפא 700 גרם,,,מלוואח אלפא 700 גרם,גרמים,700.00,100 גרם,false,,7.90,1.1286,true,1,79721
7290002512554,false,גחנון אלפא 700 גרם,,,גחנון אלפא 700 גרם,גרמים,700.00,100 גרם,false,,7.90,1.1286,true,1,79722
7290002538110,false,קרמבו 32 יח',,,קרמבו 32 יח',Unknown,0.00,יחידה,false,,26.90,0.0000,true,1,104236
7290002538158,false,גלידה חמה 15 יח',,,גלידה חמה 15 יח',גרמים,225.00,100 גרם,false,,15.90,7.0667,true,1,83346
7290002538899,false,קרמבו 12 יח',,,קרמבו 12 יח',גרמים,300.00,100 גרם,false,,7.90,2.6333,true,1,31550
7290002542780,false,מארז בירה סטלה 5% 6*,,,מארז בירה סטלה 5% 6*,קילוגרמים,1.98,ליטר,false,,29.90,15.1010,true,1,104526
7290002543237,false,קורנפלקס קלוגס 750 ג,קלוגס,DE,קורנפלקס קלוגס 750 ג,גרמים,750.00,100 גרם,false,,13.90,1.8533,true,1,56612
7290002552260,false,קרחוני לייט בטעמי פי,"גלידות ריאו ביח""ר לג",IL,קרחוני לייט בטעמי פי,גרמים,720.00,100 גרם,false,,14.90,2.0694,true,1,31553
7290002552345,false,שלגוני גלי גל 8 יח',"גלידות ריאו ביח""ר לג",IL,שלגוני גלי גל 8 יח',גרמים,600.00,100 גרם,false,,12.90,2.1500,true,1,31555
7290002552499,false,קרחוני ריאו פרי מנגו,"גלידות ריאו ביח""ר לג",IL,קרחוני ריאו פרי מנגו,גרמים,720.00,100 גרם,false,,14.50,2.0139,true,1,31559
7290002603016,false,טונה במים ויליגר 4*1,ויליגר,IL,טונה במים ויליגר 4*1,גרמים,560.00,100 גרם,false,,18.90,3.3750,true,1,83445
7290002603474,false,פיצת השף רוטב פטריות,סוילה אס.אר.אל,IT,פיצת השף רוטב פטריות,גרמים,200.00,100 גרם,false,,14.90,7.4500,true,1,86226
7290002603504,false,פיצת השף עגבניות שרי,סוילה אס.אר.אל,IT,פיצת השף עגבניות שרי,גרמים,200.00,100 גרם,false,,14.90,7.4500,true,1,86227
7290002603634,false,משולש פיצה מרגריטה ש,שמגור בעמ,IL,משולש פיצה מרגריטה ש,גרמים,80.00,100 גרם,false,,2.80,3.5000,true,1,84411
7290002657408,false,טונה בשמן פוסידון 96,פוסידון,IL,טונה בשמן פוסידון 96,גרמים,960.00,100 גרם,false,,29.90,3.1146,true,1,52461
7290002657866,false,פילה אמנון דלידג העד,דלידג,IL,פילה אמנון דלידג העד,קילוגרמים,1.00,"ק""ג",true,,24.90,24.9000,true,1,48141
7290002661115,false,"לחם הולנדי ברמן 1 ק""",מאפית י את א ברמן בע,IL,"לחם הולנדי ברמן 1 ק""",פריט,1.00,"ק""ג",false,,15.90,15.9000,true,1,41728
7290002661153,false,"לחם דני קל ברמן 1 ק""",מאפית י את א ברמן בע,IL,"לחם דני קל ברמן 1 ק""",פריט,1.00,"ק""ג",false,,15.90,15.9000,true,1,41842
7290002661214,false,לחם קל גלילי ברמן 75,מאפית י את א ברמן בע,IL,לחם קל גלילי ברמן 75,גרמים,750.00,100 גרם,false,,11.90,1.5867,true,1,53084
7290002661900,false,מארז 6 לחמניות 720 ג,מאפית י את א ברמן בע,IL,מארז 6 לחמניות 720 ג,גרמים,720.00,100 גרם,false,,10.90,1.5139,true,1,87636
7290002661924,false,מארז 6 לחמניות מזונו,מאפית י את א ברמן בע,IL,מארז 6 לחמניות מזונו,גרמים,540.00,100 גרם,false,,10.90,2.0185,true,1,87638
7290002661931,false,מארז 6 לחמניות פרג 7,מאפית י את א ברמן בע,IL,מארז 6 לחמניות פרג 7,גרמים,720.00,100 גרם,false,,10.90,1.5139,true,1,88027
7290002661948,false,מארז 6 לחמניות כפריו,מאפית י את א ברמן בע,IL,מארז 6 לחמניות כפריו,גרמים,720.00,100 גרם,false,,10.90,1.5139,true,1,88028
7290002661979,false,קרקר תירס פריך בתוספ,אבונט ק.פ.ט,HU,קרקר תירס פריך בתוספ,גרמים,100.00,100 גרם,false,,8.90,8.9000,true,1,98414
7290002664987,false,שוקונית בפח 500 גרם,דרומה י.א.ט בעמ,IL,שוקונית בפח 500 גרם,גרמים,500.00,100 גרם,false,,9.90,1.9800,true,1,31644
7290002692768,false,תרסיס שמן קנולה עץ ה,טרנסומס פוד איי בי,IL,תרסיס שמן קנולה עץ ה,מיליליטרים,200.00,"100 מ""ל",false,,14.90,7.4500,true,1,54383
7290002692782,false,תרסיס שמן זית כתית ע,י.ב טכנולוגיות אריזה,IL,תרסיס שמן זית כתית ע,מיליליטרים,150.00,"100 מ""ל",false,,14.90,9.9333,true,1,54384
7290002701026,false,פערפיל בתנור משובח 4,גיי אפ פי ייצור מזון,IL,פערפיל בתנור משובח 4,גרמים,400.00,100 גרם,false,,7.90,1.9750,true,1,31659
7290002703068,false,"דבש עין חרוד 1 ק""ג",עין חרוד,IL,"דבש עין חרוד 1 ק""ג",פריט,1.00,"ק""ג",false,,39.90,39.9000,true,1,39761
7290002703358,false,דבש עין חרוד 350 גרם,עין חרוד,IL,דבש עין חרוד 350 גרם,גרמים,350.00,100 גרם,false,,14.90,4.2571,true,1,39762
7290002716280,false,שבבי תפוא דרומה 500,דרומה י.א.ט בעמ,IL,שבבי תפוא דרומה 500,גרמים,500.00,100 גרם,false,,11.90,2.3800,true,1,31681
7290002716600,false,דבש דרומה 500 גרם,נחלת ראובן,IL,דבש דרומה 500 גרם,גרמים,500.00,100 גרם,false,,19.90,3.9800,true,1,31691
7290002716877,false,קקאו דרומה 500 גרם,ADM COCOA BV,,קקאו דרומה 500 גרם,גרמים,500.00,100 גרם,false,,14.90,2.9800,true,1,31700
7290002716945,false,"שוקונית 1 ק""ג דרומה",דרומה י.א.ט בעמ,IL,"שוקונית 1 ק""ג דרומה",פריט,1.00,"ק""ג",false,,12.90,12.9000,true,1,31702
7290002730811,false,משחת קולגייט טריפל ג,קולגייט פלמוליב,PL,משחת קולגייט טריפל ג,גרמים,100.00,100 גרם,false,,11.90,11.9000,true,1,56590
7290002730903,false,סבון מוצק פלמוליב ור,קולגייט פלמוליב,,סבון מוצק פלמוליב ור,גרמים,360.00,100 גרם,false,,14.90,4.1389,true,1,56644
7290002730958,false,סבון מוצק פלמוליב יר,קולגייט פלמוליב,,סבון מוצק פלמוליב יר,גרמים,360.00,100 גרם,false,,14.90,4.1389,true,1,56646
7290002739173,false,גולש עגל קהילות,,,גולש עגל קהילות,קילוגרמים,1.00,"ק""ג",true,,59.90,59.9000,true,1,54056
7290002739685,false,נקניקיות מרגז קפוא ע,עטרה,IL,נקניקיות מרגז קפוא ע,גרמים,400.00,100 גרם,false,,19.90,4.9750,true,1,76288
7290002739692,false,נקניקיות צוריסוס קפו,עטרה,IL,נקניקיות צוריסוס קפו,גרמים,500.00,100 גרם,false,,24.90,4.9800,true,1,76289
7290002739906,false,עצמות עוף קפוא קהילו,,,עצמות עוף קפוא קהילו,קילוגרמים,1.00,"ק""ג",true,,6.90,6.9000,true,1,66676
7290002752493,false,סוכריות טיק טק מנטה,פררו,ZA,סוכריות טיק טק מנטה,Unknown,0.00,יחידה,false,,9.90,0.0000,true,1,68070
7290002753223,false,סוכריות טיק טק תפוז,פררו,ZA,סוכריות טיק טק תפוז,גרמים,64.00,100 גרם,false,,9.90,15.4688,true,1,73580
7290002757139,false,מלוואח ש.האופים 700,שלושת האופים,IL,מלוואח ש.האופים 700,גרמים,700.00,100 גרם,false,,13.90,1.9857,true,1,45871
7290002757146,false,קובה חמוסטה ש.האופים,שלושת האופים,IL,קובה חמוסטה ש.האופים,פריט,1.00,"ק""ג",false,,16.90,16.9000,true,1,40097
7290002757511,false,קציצות דג לבישול דלי,דלידג,IL,קציצות דג לבישול דלי,גרמים,750.00,100 גרם,false,,24.90,3.3200,true,1,42210
7290002757535,false,בורקס פילו אצבעות גב,שלושת האופים,IL,בורקס פילו אצבעות גב,גרמים,700.00,100 גרם,false,,16.90,2.4143,true,1,42208
7290002768036,false,"מי פה תיאדנט 150 מ""ל",אמיליה קוסמטיקס,IL,"מי פה תיאדנט 150 מ""ל",מיליליטרים,150.00,"100 מ""ל",false,,11.90,7.9333,true,1,31739
7290002768043,false,מי פה תיאדנט פלואורי,אמיליה קוסמטיקס,IL,מי פה תיאדנט פלואורי,מיליליטרים,150.00,"100 מ""ל",false,,11.90,7.9333,true,1,31740
7290002768074,false,דרמפון 1 ליטר,אמיליה קוסמטיקס,IL,דרמפון 1 ליטר,קילוגרמים,1.00,ליטר,false,,13.90,13.9000,true,1,31741
7290002775317,false,פילה זהבנון ל.עור דל,דלידג,IL,פילה זהבנון ל.עור דל,פריט,1.00,"ק""ג",false,,22.90,22.9000,true,1,48360
7290002780007,false,מלפפון במלח 30-36 בנ,בני דרום,IL,מלפפון במלח 30-36 בנ,פריט,3.00,"ק""ג",false,,16.90,5.6333,true,1,31753
7290002780045,false,מלפפון בחומץ 30-36 ב,בני דרום,IL,מלפפון בחומץ 30-36 ב,פריט,3.00,"ק""ג",false,,16.90,5.6333,true,1,31755
7290002780571,false,מלפפון במלח 15-20 בנ,בני דרום,IL,מלפפון במלח 15-20 בנ,פריט,1.25,"ק""ג",false,,9.90,7.9200,true,1,31772
7290002780601,false,מלפפון בחומץ 15-20 ב,בני דרום,IL,מלפפון בחומץ 15-20 ב,פריט,1.25,"ק""ג",false,,9.90,7.9200,true,1,31774
7290002781264,false,סירופ בטעם שוקולד מי,מיטב,,סירופ בטעם שוקולד מי,גרמים,700.00,100 גרם,false,,10.90,1.5571,true,1,56465
7290002781271,false,סירופ בטעם מייפל מיט,מיטב,,סירופ בטעם מייפל מיט,גרמים,700.00,100 גרם,false,,10.90,1.5571,true,1,56466
7290002781691,false,ממרח קקאו בטעם שוקול,מיטב,IL,ממרח קקאו בטעם שוקול,גרמים,400.00,100 גרם,false,,4.90,1.2250,true,1,56468
7290002804765,false,חזה עוף קפוא דליקטסו,,,חזה עוף קפוא דליקטסו,קילוגרמים,1.00,"ק""ג",true,,31.90,31.9000,true,1,62654
7290002804802,false,ירכיים עוף קפוא דליק,,,ירכיים עוף קפוא דליק,קילוגרמים,1.00,"ק""ג",true,,19.90,19.9000,true,1,62658
7290002804819,false,שניצל עוף קפוא דליקט,,,שניצל עוף קפוא דליקט,קילוגרמים,1.00,"ק""ג",true,,35.90,35.9000,true,1,62659
7290002814016,false,תרסיס סנט מוריץ מסיר,אלמוג דיל בעמ,IL,תרסיס סנט מוריץ מסיר,מיליליטרים,750.00,"100 מ""ל",false,,12.90,1.7200,true,1,42132
7290002814603,false,תרסיס סנט מוריץ מסיר,אלמוג דיל בעמ,IL,תרסיס סנט מוריץ מסיר,מיליליטרים,750.00,"100 מ""ל",false,,8.90,1.1867,true,1,85659
7290002814870,false,תרסיס סנט מוריץ מסיר,,,תרסיס סנט מוריץ מסיר,מיליליטרים,750.00,"100 מ""ל",false,,8.90,1.1867,true,1,95646
7290002824183,false,גבינה 5% סקי 500 גרם,שטראוס,IL,גבינה 5% סקי 500 גרם,גרמים,500.00,100 גרם,false,,8.90,1.7800,true,1,31800
7290002824466,false,יוגורט ביו דנונה 0%,שטראוס,IL,יוגורט ביו דנונה 0%,גרמים,200.00,100 גרם,false,,3.40,1.7000,true,1,72613
7290002824640,false,גבינה 5% סקי 250 גרם,שטראוס,IL,גבינה 5% סקי 250 גרם,גרמים,250.00,100 גרם,false,,4.90,1.9600,true,1,31802
7290002825722,false,כרוב אדום אחלה 500 ג,שטראוס,IL,כרוב אדום אחלה 500 ג,גרמים,500.00,100 גרם,false,,11.90,2.3800,true,1,40054
7290002868996,false,קוטג 5% טרה 250 גרם,טרה,IL,קוטג 5% טרה 250 גרם,גרמים,250.00,100 גרם,false,,4.90,1.9600,true,1,31836
7290002871248,false,בירה טובורג רד ב.חוז,קרלסברג ישראל,IL,בירה טובורג רד ב.חוז,מיליליטרים,500.00,"100 מ""ל",false,,7.90,1.5800,true,1,60946
7290002871361,false,בירה קרלסברג ב.חוזר,קרלסברג ישראל,IL,בירה קרלסברג ב.חוזר,מיליליטרים,500.00,"100 מ""ל",false,,7.90,1.5800,true,1,60945
7290002904694,false,דאו ספריי טיטניום 18,אמיליה קוסמטיקס,IL,דאו ספריי טיטניום 18,מיליליטרים,180.00,"100 מ""ל",false,,14.90,8.2778,true,1,31918
7290002920311,false,גבינה קממבר צאן גד ב,מחלבות גד,IL,גבינה קממבר צאן גד ב,קילוגרמים,1.00,"ק""ג",true,,110.00,110.0000,true,1,58675
7290002922797,false,חזה הודו טרי עטרה,עטרה,,חזה הודו טרי עטרה,קילוגרמים,1.00,"ק""ג",true,,32.90,32.9000,true,1,40915
7290002922865,false,קבב מזרחי טאק טורו 5,,,קבב מזרחי טאק טורו 5,גרמים,500.00,100 גרם,false,,12.90,2.5800,true,1,41317
7290002922872,false,המבורגר טאק טורו 500,,,המבורגר טאק טורו 500,גרמים,500.00,100 גרם,false,,12.90,2.5800,true,1,41316
7290002922964,false,קוקטייל עוף טרי קהיל,,,קוקטייל עוף טרי קהיל,קילוגרמים,1.00,"ק""ג",true,,31.90,31.9000,true,1,74502
7290002922971,false,חזה עוף חצוי  עם עצם,,,חזה עוף חצוי  עם עצם,קילוגרמים,1.00,"ק""ג",true,,19.90,19.9000,true,1,49070
7290002939122,false,פרגית עוף טרי עטרה,,,פרגית עוף טרי עטרה,קילוגרמים,1.00,"ק""ג",true,,69.90,69.9000,true,1,32036
7290002939139,false,כנפיים הודו טרי עטרה,עטרה,IL,כנפיים הודו טרי עטרה,קילוגרמים,1.00,"ק""ג",true,,19.90,19.9000,true,1,32037
7290002939153,false,שווארמה הודו טרי עטר,עטרה,IL,שווארמה הודו טרי עטר,קילוגרמים,1.00,"ק""ג",true,,54.90,54.9000,true,1,32039
7290002939160,false,בשר אדום טרי עטרה,עטרה,IL,בשר אדום טרי עטרה,קילוגרמים,1.00,"ק""ג",true,,59.90,59.9000,true,1,32040
7290002939498,false,בשר מס 8 שריר קפוא ע,עטרה,IL,בשר מס 8 שריר קפוא ע,קילוגרמים,1.00,"ק""ג",true,,49.90,49.9000,true,1,32069
7290002939511,false,רגל בקר קפוא עטרה,עטרה,IL,רגל בקר קפוא עטרה,קילוגרמים,1.00,"ק""ג",true,,39.90,39.9000,true,1,42733
7290002939528,false,גידים בקר קפוא עטרה,,,גידים בקר קפוא עטרה,קילוגרמים,1.00,"ק""ג",true,,54.90,54.9000,true,1,32071
7290002939535,false,בשר ראש קפוא עטרה,,,בשר ראש קפוא עטרה,קילוגרמים,1.00,"ק""ג",true,,79.90,79.9000,true,1,32072
7290002939542,false,לשון בקר קפוא עטרה,עטרה,IL,לשון בקר קפוא עטרה,קילוגרמים,1.00,"ק""ג",true,,59.90,59.9000,true,1,32073
7290003011087,false,אורז בסמטי אלפנט 1 ק,,IN,אורז בסמטי אלפנט 1 ק,פריט,1.00,"ק""ג",false,,11.90,11.9000,true,1,69833
7290003015627,false,ריצפז פרש אפרסק 2 לי,סנו,IL,ריצפז פרש אפרסק 2 לי,קילוגרמים,2.00,ליטר,false,,13.90,6.9500,true,1,32179
7290003029181,false,משקה שוקו יטבתה 1 לי,שטראוס,IL,משקה שוקו יטבתה 1 לי,קילוגרמים,1.00,ליטר,false,,9.90,9.9000,true,1,32195
7290003029372,false,משקה בננה יטבתה 1 לי,שטראוס,IL,משקה בננה יטבתה 1 לי,קילוגרמים,1.00,ליטר,false,,9.90,9.9000,true,1,58573
7290003029389,false,משקה בננה בקבוק יטבת,יטבתה,IL,משקה בננה בקבוק יטבת,גרמים,250.00,100 גרם,false,,3.90,1.5600,true,1,93014
7290003029433,false,משקה שוקו בקבוק יטבת,יטבתה,IL,משקה שוקו בקבוק יטבת,גרמים,250.00,100 גרם,false,,3.90,1.5600,true,1,55995
7290003029532,false,משקה מוקה יטבתה 1 לי,יטבתה,IL,משקה מוקה יטבתה 1 לי,קילוגרמים,1.00,ליטר,false,,9.90,9.9000,true,1,58571
7290003029792,false,מארז שוקו שקית יטבתה,יטבתה,IL,מארז שוקו שקית יטבתה,קילוגרמים,1.80,ליטר,false,,18.90,10.5000,true,1,50692
7290003029815,false,חלב מועשר 3% יטבתה 2,שטראוס,IL,חלב מועשר 3% יטבתה 2,קילוגרמים,2.00,ליטר,false,,13.90,6.9500,true,1,40064
7290003029907,false,משקה אייס קפה יטבתה,שטראוס,IL,משקה אייס קפה יטבתה,קילוגרמים,1.00,ליטר,false,,9.90,9.9000,true,1,58572
7290003031689,false,מארז פסטרמה סלמי/כפר,טירת צבי,IL,מארז פסטרמה סלמי/כפר,פריט,1.00,"ק""ג",false,,29.90,29.9000,true,1,100360
7290003031702,false,נקניקיות הודו חלק טי,טירת צבי,IL,נקניקיות הודו חלק טי,פריט,1.00,"ק""ג",false,,24.90,24.9000,true,1,32198
7290003031733,false,פסטרמה גחלים טירת צב,טירת צבי,IL,פסטרמה גחלים טירת צב,גרמים,400.00,100 גרם,false,,24.90,6.2250,true,1,32200
7290003031740,false,פסטרמה בדבש טירת צבי,טירת צבי,IL,פסטרמה בדבש טירת צבי,גרמים,400.00,100 גרם,false,,24.90,6.2250,true,1,32201
7290003031849,false,מארז פסטרמה כפרית דב,טירת צבי,IL,מארז פסטרמה כפרית דב,גרמים,600.00,100 גרם,false,,22.90,3.8167,true,1,73702
7290003054657,false,חרדל דיזון אקסטרא פו,ריין דיזון,FR,חרדל דיזון אקסטרא פו,גרמים,370.00,100 גרם,false,,9.90,2.6757,true,1,46676
7290003060009,false,קמח בהיר טחנות ישראל,טחנות ישראליות,IL,קמח בהיר טחנות ישראל,פריט,1.00,"ק""ג",false,,3.90,3.9000,true,1,40974
7290003060023,false,סולת טחנות ישראליות,טחנות ישראליות,IL,סולת טחנות ישראליות,פריט,1.00,"ק""ג",false,,4.90,4.9000,true,1,40975
7290003060047,false,קמח תופח טחנות ישראל,טחנות ישראליות,IL,קמח תופח טחנות ישראל,פריט,1.00,"ק""ג",false,,5.90,5.9000,true,1,40976
7290003069705,false,פיצה מרגריטה ש.האופי,שמגור בעמ,IL,פיצה מרגריטה ש.האופי,גרמים,80.00,100 גרם,false,,2.80,3.5000,true,1,52570
7290003078042,false,אריסה פרג 250 גרם,תבליני הדור השלישי,IL,אריסה פרג 250 גרם,גרמים,250.00,100 גרם,false,,14.90,5.9600,true,1,32227
7290003078066,false,שום כתוש פרג 250 גרם,תבליני הדור השלישי,IL,שום כתוש פרג 250 גרם,גרמים,250.00,100 גרם,false,,14.90,5.9600,true,1,32229
7290003078073,false,תיבול לשניצל פרג 400,תבליני הדור השלישי,IL,תיבול לשניצל פרג 400,גרמים,400.00,100 גרם,false,,12.90,3.2250,true,1,32230
7290003078554,false,תיבול לשניצל מקסיקני,תבליני הדור השלישי,IL,תיבול לשניצל מקסיקני,גרמים,400.00,100 גרם,false,,12.90,3.2250,true,1,32234
7290003078561,false,תיבול לשניצל אמריקאי,תבליני הדור השלישי,IL,תיבול לשניצל אמריקאי,גרמים,400.00,100 גרם,false,,12.90,3.2250,true,1,32235
7290003078639,false,פפריקה מתוקה בשמן פר,תבליני הדור השלישי,IL,פפריקה מתוקה בשמן פר,גרמים,500.00,100 גרם,false,,34.90,6.9800,true,1,32238
7290003078684,false,פלפל שחור פרג 400 גר,תבליני הדור השלישי,IL,פלפל שחור פרג 400 גר,גרמים,400.00,100 גרם,false,,39.90,9.9750,true,1,32239
7290003078721,false,סחוג פרג 250 גרם,תבליני הדור השלישי,IL,סחוג פרג 250 גרם,גרמים,250.00,100 גרם,false,,14.90,5.9600,true,1,32240
7290003078738,false,לימון בלאדי פרג 250,תבליני הדור השלישי,IL,לימון בלאדי פרג 250,גרמים,250.00,100 גרם,false,,14.90,5.9600,true,1,38640
7290003087945,false,בולי 80 גרם,א מ חטיפי העמק בעמ,IL,בולי 80 גרם,גרמים,80.00,100 גרם,false,,2.90,3.6250,true,1,41998
7290003087952,false,מארז בולי 10*25 גרם,א מ חטיפי העמק בעמ,IL,מארז בולי 10*25 גרם,גרמים,250.00,100 גרם,false,,7.90,3.1600,true,1,44877
7290003102280,false,צמרוני אוזניים לתינו,,,צמרוני אוזניים לתינו,Unknown,0.00,יחידה,false,,3.90,0.0000,true,1,105519
7290003107353,false,משפר אפיה שטיבל 30 ג,ט.ק דגן טכנולוגיות ב,IL,משפר אפיה שטיבל 30 ג,גרמים,30.00,100 גרם,false,,4.90,16.3333,true,1,55001
7290003119509,false,פקדון בקבוק בירה ריק,,,פקדון בקבוק בירה ריק,Unknown,0.00,יחידה,false,,1.20,0.0000,true,1,60944
7290003126712,false,יוגורט עיזים צוריאל,מחלבת משק צוריאל,IL,יוגורט עיזים צוריאל,מיליליטרים,150.00,"100 מ""ל",false,,5.90,3.9333,true,1,40759
7290003126958,false,טופו גולמי צוריאל 30,א.י.ן תעשיות בעמ,IL,טופו גולמי צוריאל 30,גרמים,300.00,100 גרם,false,,11.90,3.9667,true,1,32295
7290003203086,false,גרונות הודיות קפוא ג,מ ב גלאט עוף למהדרין,IL,גרונות הודיות קפוא ג,קילוגרמים,1.00,"ק""ג",true,,33.90,33.9000,true,1,32357
7290003203321,false,גידים בקר קפוא גלאט,ביראניצקי,PL,גידים בקר קפוא גלאט,קילוגרמים,1.00,"ק""ג",true,,99.90,99.9000,true,1,87895
7290003203369,false,שוקיים עוף קפוא גלאט,גלאט עוף,IL,שוקיים עוף קפוא גלאט,קילוגרמים,1.00,"ק""ג",true,,34.90,34.9000,true,1,48163
7290003203581,false,בשר מס 9 פלאנקען לחמ,ביראניצקי,PL,בשר מס 9 פלאנקען לחמ,קילוגרמים,1.00,"ק""ג",true,,89.90,89.9000,true,1,108603
7290003222070,false,פיתות המכבים 13 יח,מאפיית המכבים,IL,פיתות המכבים 13 יח,פריט,1.36,"ק""ג",false,,8.90,6.5441,true,1,78688
7290003222094,false,פיתות ביס המכבים 11,מאפיית המכבים,IL,פיתות ביס המכבים 11,גרמים,550.00,100 גרם,false,,8.90,1.6182,true,1,68421
7290003222780,false,פיתות קמח מלא המכבים,מאפיית המכבים,IL,פיתות קמח מלא המכבים,גרמים,500.00,100 גרם,false,,4.90,0.9800,true,1,32371
7290003222797,false,פיתות כוסמין המכבים,מאפיית המכבים,IL,פיתות כוסמין המכבים,גרמים,500.00,100 גרם,false,,12.90,2.5800,true,1,81542
7290003318100,false,ופל שוקולד מנעמים 20,מנעמים תעשיות מזון,IL,ופל שוקולד מנעמים 20,גרמים,200.00,100 גרם,false,,2.90,1.4500,true,1,48849
7290003318131,false,ופל אגוז מנעמים 200,מנעמים תעשיות מזון,IL,ופל אגוז מנעמים 200,גרמים,200.00,100 גרם,false,,2.90,1.4500,true,1,48852
7290003318155,false,ופל לימון מנעמים 200,מנעמים תעשיות מזון,IL,ופל לימון מנעמים 200,גרמים,200.00,100 גרם,false,,2.90,1.4500,true,1,48850
7290003318162,false,ופל מצופה בריידמן 80,מנעמים תעשיות מזון,IL,ופל מצופה בריידמן 80,גרמים,800.00,100 גרם,false,,13.90,1.7375,true,1,90183
7290003318599,false,ופל וניל מנעמים 200,מנעמים תעשיות מזון,IL,ופל וניל מנעמים 200,גרמים,200.00,100 גרם,false,,2.90,1.4500,true,1,48851
7290003319084,false,גפילטע פיש הדג המיוח,דג טעים בעמ,IL,גפילטע פיש הדג המיוח,פריט,1.45,"ק""ג",false,,21.90,15.1034,true,1,50557
7290003319145,false,גפילטע פיש הדג המיוח,דג טעים בעמ,IL,גפילטע פיש הדג המיוח,פריט,1.01,"ק""ג",false,,14.90,14.7525,true,1,75147
7290003321155,false,דנונה בר פקאן,שטראוס,IL,דנונה בר פקאן,מיליליטרים,175.00,"100 מ""ל",false,,3.90,2.2286,true,1,32431
7290003384136,false,בריסקט טרי קהילות,,,בריסקט טרי קהילות,קילוגרמים,1.00,"ק""ג",true,,69.90,69.9000,true,1,101446
7290003384228,false,אסאדו עם עצם טרי קהי,,,אסאדו עם עצם טרי קהי,קילוגרמים,1.00,"ק""ג",true,,79.90,79.9000,true,1,101453
7290003384235,false,"קשתית ב""ע טרי קהילות",,,"קשתית ב""ע טרי קהילות",קילוגרמים,1.00,"ק""ג",true,,89.90,89.9000,true,1,101454
7290003384280,false,שיפודי אנטריקוט טרי,,,שיפודי אנטריקוט טרי,קילוגרמים,1.00,"ק""ג",true,,99.90,99.9000,true,1,101926
7290003384945,false,פילה מיניון טרי עטרה,,,פילה מיניון טרי עטרה,קילוגרמים,1.00,"ק""ג",true,,199.90,199.9000,true,1,105014
7290003387410,false,פדים להסרת איפור בלו,SEPTONA,,פדים להסרת איפור בלו,Unknown,0.00,יחידה,false,,16.90,0.0000,true,1,74517
7290003411054,false,שקיות לצליה רוסטי ענ,סאדאת איסטנבול,TR,שקיות לצליה רוסטי ענ,Unknown,0.00,יחידה,false,,3.90,0.0000,true,1,32484
7290003411566,false,צמרוני אזניים עץ הנמ,גרנג יוניברס,CN,צמרוני אזניים עץ הנמ,Unknown,0.00,יחידה,false,,1.90,0.0000,true,1,32502
7290003411726,false,קיסמי שיניים מלחיה ה,הנג טונג,CN,קיסמי שיניים מלחיה ה,Unknown,0.00,יחידה,false,,3.50,0.0000,true,1,32506
7290003411948,false,צמר גפן הנמל 100 גרם,ספה,TR,צמר גפן הנמל 100 גרם,Unknown,0.00,יחידה,false,,3.90,0.0000,true,1,32514
7290003411993,false,גפרורים 10 יח,נור,SE,גפרורים 10 יח,Unknown,0.00,יחידה,false,,2.80,0.0000,true,1,32515
7290003424245,false,מרלוזה צ'ירינה קפוא,,AR,מרלוזה צ'ירינה קפוא,קילוגרמים,1.00,"ק""ג",true,,27.90,27.9000,true,1,108644
7290003424269,false,פילה פורל נורווגי  צ,,,פילה פורל נורווגי  צ,קילוגרמים,1.00,"ק""ג",true,,69.90,69.9000,true,1,108944
7290003424283,false,פילה סלמון קפוא צ'יר,,,פילה סלמון קפוא צ'יר,קילוגרמים,1.00,"ק""ג",true,,64.90,64.9000,true,1,107427
7290003427154,false,שמן זית כתית פיית מז,זיתא,IL,שמן זית כתית פיית מז,מיליליטרים,750.00,"100 מ""ל",false,,28.90,3.8533,true,1,64488
7290003450602,false,ממרח חרדל לחיץ היינץ,היינץ,US,ממרח חרדל לחיץ היינץ,גרמים,255.00,100 גרם,false,,7.50,2.9412,true,1,56563
7290003457991,false,טילוני קורנטו וניל 6,גלידות שטראוס,IL,טילוני קורנטו וניל 6,גרמים,360.00,100 גרם,false,,21.90,6.0833,true,1,32557
7290003521340,false,"אל סבון קמיל בלו ד""ר",פישר מעבדות פרמצבטיו,IL,"אל סבון קמיל בלו ד""ר",קילוגרמים,2.00,ליטר,false,,35.90,17.9500,true,1,32591
7290003550753,false,טונה בשמן פוסידון  4,פוסידון,IL,טונה בשמן פוסידון  4,גרמים,432.00,100 גרם,false,,19.90,4.6065,true,1,32631
7290003578313,false,דובדבנים חמוצים מגול,יורוביקה,HR,דובדבנים חמוצים מגול,גרמים,680.00,100 גרם,false,,8.90,1.3088,true,1,32651
7290003643004,false,"אורז בסמטי סוגת 1 ק""",סוגת,IL,"אורז בסמטי סוגת 1 ק""",פריט,1.00,"ק""ג",false,,11.90,11.9000,true,1,32670
7290003643646,false,"סוכר דמררה סוגת 1 ק""",סוגת,IL,"סוכר דמררה סוגת 1 ק""",פריט,1.00,"ק""ג",false,,8.90,8.9000,true,1,32675
7290003648344,false,מטיאס הולנדי בשמן שמ,סלטי שמיר 2006 בעמ,IL,מטיאס הולנדי בשמן שמ,גרמים,550.00,100 גרם,false,,19.90,3.6182,true,1,50089
7290003648351,false,הרינג כבוש שמיר 750,סלטי שמיר 2006 בעמ,IL,הרינג כבוש שמיר 750,גרמים,550.00,100 גרם,false,,19.90,3.6182,true,1,50090
7290003648849,false,מקרל בשמן שמיר 750 ג,סלטי שמיר 2006 בעמ,IL,מקרל בשמן שמיר 750 ג,גרמים,550.00,100 גרם,false,,39.90,7.2545,true,1,49622
7290003648856,false,מטיאס הולנדי שמיר 75,סלטי שמיר 2006 בעמ,IL,מטיאס הולנדי שמיר 75,גרמים,550.00,100 גרם,false,,19.90,3.6182,true,1,50091
7290003672073,false,פילה אמנון פאר הדג 5,,,פילה אמנון פאר הדג 5,קילוגרמים,1.00,"ק""ג",true,,24.90,24.9000,true,1,65845
7290003681228,false,עלי דפנה מיה 10 גרם,מיה תעשיות מזון בעמ,IL,עלי דפנה מיה 10 גרם,גרמים,10.00,100 גרם,false,,5.80,58.0000,true,1,32717
7290003681242,false,זעתר מיה 50 גרם,מיה תעשיות מזון בעמ,IL,זעתר מיה 50 גרם,גרמים,50.00,100 גרם,false,,5.80,11.6000,true,1,32719
7290003681341,false,קונפיטורה תות מיה 34,מיה תעשיות מזון בעמ,IL,קונפיטורה תות מיה 34,גרמים,340.00,100 גרם,false,,8.70,2.5588,true,1,32724
7290003681723,false,תבלין לפיצה מיה 80 ג,מיה תעשיות מזון בעמ,IL,תבלין לפיצה מיה 80 ג,גרמים,80.00,100 גרם,false,,5.80,7.2500,true,1,32747
7290003681730,false,תבלין גריל דג מיה 80,מיה תעשיות מזון בעמ,IL,תבלין גריל דג מיה 80,גרמים,80.00,100 גרם,false,,5.80,7.2500,true,1,32748
7290003681747,false,תבלין גריל בשר מיה 8,מיה תעשיות מזון בעמ,IL,תבלין גריל בשר מיה 8,גרמים,80.00,100 גרם,false,,5.80,7.2500,true,1,32749
7290003681754,false,תבלין קארי מיה 80 גר,מיה תעשיות מזון בעמ,IL,תבלין קארי מיה 80 גר,גרמים,80.00,100 גרם,false,,5.80,7.2500,true,1,32750
7290003681761,false,גבישי שום מיה 80 גרם,מיה תעשיות מזון בעמ,IL,גבישי שום מיה 80 גרם,גרמים,100.00,100 גרם,false,,6.90,6.9000,true,1,32751
7290003719259,false,"לחם שיפון ליבו 1 ק""ג",מאפית י את א ברמן בע,IL,"לחם שיפון ליבו 1 ק""ג",פריט,1.00,"ק""ג",false,,13.90,13.9000,true,1,41726
7290003726141,false,טופו גולמי גאיה 300,משק ויילר,IL,טופו גולמי גאיה 300,גרמים,300.00,100 גרם,false,,8.90,2.9667,true,1,41718
7290003726592,false,טופו מתובל בפסטו משק,שטראוס,IL,טופו מתובל בפסטו משק,מיליליטרים,300.00,"100 מ""ל",false,,10.90,3.6333,true,1,106290
7290003726615,false,טופו הבית משק ויילר,שטראוס,IL,טופו הבית משק ויילר,מיליליטרים,300.00,"100 מ""ל",false,,10.90,3.6333,true,1,106291
7290003726684,false,טופו חומוס בטעם טבעי,שטראוס,IL,טופו חומוס בטעם טבעי,מיליליטרים,300.00,"100 מ""ל",false,,12.90,4.3000,true,1,106292
7290003751105,false,כרעיים עוף קפוא גלאט,מ ב גלאט עוף למהדרין,IL,כרעיים עוף קפוא גלאט,קילוגרמים,1.00,"ק""ג",true,,37.90,37.9000,true,1,32783
7290003751112,false,עוף טחון 100% גלאט ע,,,עוף טחון 100% גלאט ע,גרמים,500.00,100 גרם,false,,21.90,4.3800,true,1,32784
7290003751136,false,כנפיים עוף קפוא גלאט,מ ב גלאט עוף למהדרין,IL,כנפיים עוף קפוא גלאט,קילוגרמים,1.00,"ק""ג",true,,14.90,14.9000,true,1,32786
7290003751174,false,גולש עגל גלאט עוף,מ ב גלאט עוף למהדרין,IL,גולש עגל גלאט עוף,קילוגרמים,1.00,"ק""ג",true,,79.90,79.9000,true,1,32790
7290003751204,false,רולדה הודו גלאט עוף,מ ב גלאט עוף למהדרין,IL,רולדה הודו גלאט עוף,קילוגרמים,1.00,"ק""ג",true,,51.90,51.9000,true,1,32792
7290003751211,false,בקר טחון גלאט עוף 50,מ ב גלאט עוף למהדרין,IL,בקר טחון גלאט עוף 50,גרמים,500.00,100 גרם,false,,44.90,8.9800,true,1,32793
7290003751235,false,רולדה עגל גלאט עוף,גלאט עוף,IL,רולדה עגל גלאט עוף,קילוגרמים,1.00,"ק""ג",true,,79.90,79.9000,true,1,32795
7290003751242,false,הודו טחון גלאט עוף 5,מ ב גלאט עוף למהדרין,IL,הודו טחון גלאט עוף 5,גרמים,500.00,100 גרם,false,,21.90,4.3800,true,1,32796
7290003751532,false,עוף מס 2 קפוא גלאט ע,מ ב גלאט עוף למהדרין,IL,עוף מס 2 קפוא גלאט ע,קילוגרמים,1.00,"ק""ג",true,,24.90,24.9000,true,1,32801
7290003751563,false,גרונות הודו קפוא גלא,מ ב גלאט עוף למהדרין,IL,גרונות הודו קפוא גלא,קילוגרמים,1.00,"ק""ג",true,,33.90,33.9000,true,1,32803
7290003751600,false,שניצל עוף קפוא גלאט,גלאט עוף,IL,שניצל עוף קפוא גלאט,קילוגרמים,1.00,"ק""ג",true,,39.90,39.9000,true,1,32804
7290003751709,false,בשר מס 4 כתף מרכזי ק,ביראניצקי,PL,בשר מס 4 כתף מרכזי ק,קילוגרמים,1.00,"ק""ג",true,,89.90,89.9000,true,1,32807
7290003751716,false,בשר מס 6 פילה מדומה,ביראניצקי,PL,בשר מס 6 פילה מדומה,קילוגרמים,1.00,"ק""ג",true,,99.90,99.9000,true,1,32808
7290003751846,false,ירכיים עוף קפוא גלאט,מ ב גלאט עוף למהדרין,IL,ירכיים עוף קפוא גלאט,קילוגרמים,1.00,"ק""ג",true,,37.90,37.9000,true,1,32817
7290003751945,false,בשר מס 5 צלי כתף קפו,ביראניצקי,PL,בשר מס 5 צלי כתף קפו,קילוגרמים,1.00,"ק""ג",true,,108.90,108.9000,true,1,32821
7290003751990,false,עוף מס 3 קפוא גלאט ע,גלאט עוף,IL,עוף מס 3 קפוא גלאט ע,קילוגרמים,1.00,"ק""ג",true,,24.90,24.9000,true,1,32823
7290003779499,false,גינגר ארוז 200 גרם,מרינה,IL,גינגר ארוז 200 גרם,גרמים,200.00,100 גרם,false,,8.90,4.4500,true,1,71207
7290003882922,false,עלי גפן ממולאים וילי,פליריה,,עלי גפן ממולאים וילי,גרמים,400.00,100 גרם,false,,7.90,1.9750,true,1,32908
7290003989096,false,חציל פיקנטי אחלה 500,שטראוס גרופ,IL,חציל פיקנטי אחלה 500,גרמים,500.00,100 גרם,false,,12.90,2.5800,true,1,40043
7290003989539,false,רביולי גבינה קלאסי ש,שטראוס,IL,רביולי גבינה קלאסי ש,גרמים,400.00,100 גרם,false,,17.90,4.4750,true,1,32912
7290003996018,false,חסה ערבית גלאט,יעל ירק עלים,IL,חסה ערבית גלאט,Unknown,0.00,יחידה,false,,7.90,0.0000,true,1,32917
7290003996049,false,פטרוזיליה מהדרין,יעל ירק עלים,IL,פטרוזיליה מהדרין,Unknown,0.00,יחידה,false,,6.90,0.0000,true,1,32918
7290003996056,false,כוסברה מהדרין,יעל ירק עלים,IL,כוסברה מהדרין,Unknown,0.00,יחידה,false,,6.90,0.0000,true,1,32919
7290003996070,false,נענע מהדרין,יעל ירק עלים,IL,נענע מהדרין,Unknown,0.00,יחידה,false,,6.90,0.0000,true,1,32921
7290003996094,false,סלרי מהדרין,יעל ירק עלים,IL,סלרי מהדרין,Unknown,0.00,יחידה,false,,7.90,0.0000,true,1,38269
7290003996117,false,כרוב לבן חסלט,יעל ירק עלים,IL,כרוב לבן חסלט,קילוגרמים,1.00,"ק""ג",true,,14.90,14.9000,true,1,32923
7290003996186,false,בזיליקום חסלט,יעל ירק עלים,IL,בזיליקום חסלט,Unknown,0.00,יחידה,false,,7.90,0.0000,true,1,32929
7290003996506,false,כרוב לבן 400 גרם,יעל ירק עלים,IL,כרוב לבן 400 גרם,גרמים,400.00,100 גרם,false,,11.90,2.9750,true,1,32934
7290003996513,false,כרוב אדום 400 גרם,יעל ירק עלים,IL,כרוב אדום 400 גרם,גרמים,400.00,100 גרם,false,,11.90,2.9750,true,1,32935
7290003996537,false,שבבי גזר 400 גרם,יעל ירק עלים,IL,שבבי גזר 400 גרם,גרמים,410.00,100 גרם,false,,11.90,2.9024,true,1,32936
7290003996544,false,חסה קצוצה 300 גרם,יעל ירק עלים,IL,חסה קצוצה 300 גרם,גרמים,310.00,100 גרם,false,,12.90,4.1613,true,1,32937
7290003996551,false,סלט קולסלאו 400 גרם,יעל ירק עלים,IL,סלט קולסלאו 400 גרם,גרמים,400.00,100 גרם,false,,11.90,2.9750,true,1,32938
7290003996605,false,לקט ים תיכוני 350 גר,יעל ירק עלים,IL,לקט ים תיכוני 350 גר,גרמים,350.00,100 גרם,false,,12.90,3.6857,true,1,32939
7290003996742,false,עלי תרד שטופים 200 ג,יעל ירק עלים,IL,עלי תרד שטופים 200 ג,גרמים,300.00,100 גרם,false,,13.90,4.6333,true,1,32943
7290003996971,false,"כרוב לבן קצוץ 1 ק""ג",יעל ירק עלים,IL,"כרוב לבן קצוץ 1 ק""ג",פריט,1.00,"ק""ג",false,,17.90,17.9000,true,1,32949
7290003996995,false,"סלט  קולסלאו 1 ק""ג",יעל ירק עלים,IL,"סלט  קולסלאו 1 ק""ג",פריט,1.00,"ק""ג",false,,17.90,17.9000,true,1,32951
7290004011284,false,בסיס להכנת קצפת 25%,ריץ,IL,בסיס להכנת קצפת 25%,מיליליטרים,212.00,"100 מ""ל",false,,6.90,3.2547,true,1,48126
7290004011345,false,תרסיס קצפת צמחית ריץ,ריץ,IL,תרסיס קצפת צמחית ריץ,מיליליטרים,250.00,"100 מ""ל",false,,9.90,3.9600,true,1,56009
7290004023041,false,לחם מחמצת שיפון דר מ,המאפה של דר מרק בריא,IL,לחם מחמצת שיפון דר מ,גרמים,750.00,100 גרם,false,,13.90,1.8533,true,1,75054
7290004030018,false,מיץ לימון טבעי פריני,פריניב,,מיץ לימון טבעי פריני,מיליליטרים,500.00,"100 מ""ל",false,,6.90,1.3800,true,1,50407
7290004030612,false,מיץ תפוח קיווי ואגס,פריניב,IL,מיץ תפוח קיווי ואגס,קילוגרמים,1.00,ליטר,false,,13.90,13.9000,true,1,67805
7290004030834,false,מיץ רימונים 100% פרי,פריניב,IL,מיץ רימונים 100% פרי,קילוגרמים,1.00,ליטר,false,,19.90,19.9000,true,1,54781
7290004033705,false,לחמניות המבורגר הבור,מאפית י את א ברמן בע,IL,לחמניות המבורגר הבור,גרמים,600.00,100 גרם,false,,12.90,2.1500,true,1,102903
7290004033712,false,לחם עננים קמח חיטה מ,מאפית י את א ברמן בע,IL,לחם עננים קמח חיטה מ,גרמים,750.00,100 גרם,false,,15.50,2.0667,true,1,102905
7290004033729,false,לחם עננים מקמח כוסמי,מאפית י את א ברמן בע,IL,לחם עננים מקמח כוסמי,גרמים,750.00,100 גרם,false,,16.50,2.2000,true,1,102904
7290004033736,false,לחם עננים לבן בסגנון,מאפית י את א ברמן בע,IL,לחם עננים לבן בסגנון,גרמים,500.00,100 גרם,false,,13.90,2.7800,true,1,106100
7290004048525,false,פילה אמנון דלידג 5-7,דלידג,IL,פילה אמנון דלידג 5-7,קילוגרמים,1.00,"ק""ג",true,,24.90,24.9000,true,1,40651
7290004048679,false,קובה למרק ש.האופים 1,שלושת האופים,IL,קובה למרק ש.האופים 1,פריט,1.00,"ק""ג",false,,16.90,16.9000,true,1,33040
7290004063016,false,"מלח שולחן 1 ק""ג בד""צ",מלחי סלית עתלית,,"מלח שולחן 1 ק""ג בד""צ",פריט,1.00,"ק""ג",false,,1.50,1.5000,true,1,33043
7290004063115,false,"מלח בישול 1 ק""ג בד""צ",מלחי סלית עתלית,IL,"מלח בישול 1 ק""ג בד""צ",פריט,1.00,"ק""ג",false,,1.70,1.7000,true,1,33044
7290004064174,false,"מלח דק הימלאיה 1 ק""ג",מלח הארץ,IL,"מלח דק הימלאיה 1 ק""ג",פריט,1.00,"ק""ג",false,,14.90,14.9000,true,1,90293
7290004064181,false,"מלח גס הימלאיה 1 ק""ג",מלח הארץ,IL,"מלח גס הימלאיה 1 ק""ג",פריט,1.00,"ק""ג",false,,14.90,14.9000,true,1,90294
7290004064280,false,מלח מופחת נתרן 600 ג,מלח הארץ,IL,מלח מופחת נתרן 600 ג,גרמים,600.00,100 גרם,false,,15.90,2.6500,true,1,91485
7290004064297,false,מלח ים מועשר ביוד 1,מלח הארץ,IL,מלח ים מועשר ביוד 1,פריט,1.00,"ק""ג",false,,6.90,6.9000,true,1,91486
7290004064303,false,מלח ים אטלנטי 800 גר,מלח הארץ,IL,מלח ים אטלנטי 800 גר,גרמים,800.00,100 גרם,false,,17.90,2.2375,true,1,91487
7290004068172,false,יוגורט עיזים ביו גד,מחלבות גד,IL,יוגורט עיזים ביו גד,גרמים,600.00,100 גרם,false,,13.90,2.3167,true,1,63159
7290004068332,false,גבינה קממבר גד במשקל,מחלבות גד,IL,גבינה קממבר גד במשקל,קילוגרמים,1.00,"ק""ג",true,,105.00,105.0000,true,1,67593
7290004068424,false,גבינה גאודה משולשים,מחלבות גד,IL,גבינה גאודה משולשים,קילוגרמים,1.00,"ק""ג",true,,99.00,99.0000,true,1,96384
7290004078263,false,מארז צמרוני אזניים ב,ספטונה,,מארז צמרוני אזניים ב,Unknown,0.00,יחידה,false,,9.90,0.0000,true,1,85067
7290004078942,false,דאו גל ליידי ספיד סט,קולגייט פלמוליב,BY,דאו גל ליידי ספיד סט,גרמים,65.00,100 גרם,false,,18.90,29.0769,true,1,75802
7290004091217,false,מבריק גודרס לכלי כסף,אס סי גונסון פורטוגל,PT,מבריק גודרס לכלי כסף,גרמים,125.00,100 גרם,false,,12.90,10.3200,true,1,33051
7290004091255,false,וזלין פטרולאום גלי 2,יוניליוור,IL,וזלין פטרולאום גלי 2,גרמים,212.00,100 גרם,false,,16.90,7.9717,true,1,33052
7290004093006,false,עוף שלם טרי עוף הכפר,,,עוף שלם טרי עוף הכפר,קילוגרמים,1.00,"ק""ג",true,,19.90,19.9000,true,1,79741
7290004093013,false,כרעיים עוף טרי עוף ה,,,כרעיים עוף טרי עוף ה,קילוגרמים,1.00,"ק""ג",true,,19.90,19.9000,true,1,79742
7290004093020,false,חזה עוף טרי עוף הכפר,,,חזה עוף טרי עוף הכפר,קילוגרמים,1.00,"ק""ג",true,,29.90,29.9000,true,1,79744
7290004093037,false,כנפיים עוף טרי עוף ה,,,כנפיים עוף טרי עוף ה,קילוגרמים,1.00,"ק""ג",true,,9.90,9.9000,true,1,79745
7290004093044,false,שוקיים עוף טרי עוף ה,,,שוקיים עוף טרי עוף ה,קילוגרמים,1.00,"ק""ג",true,,29.90,29.9000,true,1,79746
7290004093051,false,ירכיים עוף טרי עוף ה,,,ירכיים עוף טרי עוף ה,קילוגרמים,1.00,"ק""ג",true,,19.90,19.9000,true,1,79743
7290004093068,false,שניצל עוף טרי עוף הכ,,,שניצל עוף טרי עוף הכ,קילוגרמים,1.00,"ק""ג",true,,29.90,29.9000,true,1,79747
7290004093082,false,כבד עוף טרי עוף הכפר,,,כבד עוף טרי עוף הכפר,קילוגרמים,1.00,"ק""ג",true,,9.90,9.9000,true,1,79749
7290004093112,false,כרעיים עוף קפוא עוף,,,כרעיים עוף קפוא עוף,קילוגרמים,1.00,"ק""ג",true,,23.90,23.9000,true,1,81381
7290004093129,false,חזה עוף קפוא עוף הכפ,,,חזה עוף קפוא עוף הכפ,קילוגרמים,1.00,"ק""ג",true,,25.90,25.9000,true,1,81382
7290004093143,false,שוקיים עוף קפוא עוף,,,שוקיים עוף קפוא עוף,קילוגרמים,1.00,"ק""ג",true,,26.90,26.9000,true,1,81384
7290004093150,false,ירכיים עוף קפוא עוף,,,ירכיים עוף קפוא עוף,קילוגרמים,1.00,"ק""ג",true,,23.90,23.9000,true,1,81385
7290004093167,false,שניצל עוף קפוא עוף ה,,,שניצל עוף קפוא עוף ה,קילוגרמים,1.00,"ק""ג",true,,27.90,27.9000,true,1,81386
7290004093181,false,סטייק פרגית עוף קפוא,,,סטייק פרגית עוף קפוא,קילוגרמים,1.00,"ק""ג",true,,52.90,52.9000,true,1,81388
7290004093198,false,סטייק פרגית עוף טרי,,,סטייק פרגית עוף טרי,קילוגרמים,1.00,"ק""ג",true,,49.90,49.9000,true,1,79811
7290004093501,false,פילה עוף טרי  דליקטס,,,פילה עוף טרי  דליקטס,קילוגרמים,1.00,"ק""ג",true,,36.90,36.9000,true,1,91083
7290004119225,false,"יופלה אננס 3% 150 מ""",תנובה מרכז שיתופי לש,IL,"יופלה אננס 3% 150 מ""",מיליליטרים,150.00,"100 מ""ל",false,,3.90,2.6000,true,1,33055
7290004120061,false,קרלו שוקולד וניל 125,תנובה מרכז שיתופי לש,IL,קרלו שוקולד וניל 125,מיליליטרים,125.00,"100 מ""ל",false,,2.50,2.0000,true,1,33061
7290004120108,false,יופלה דיאט 0% דובדבן,תנובה מרכז שיתופי לש,IL,יופלה דיאט 0% דובדבן,גרמים,150.00,100 גרם,false,,3.90,2.6000,true,1,33062
7290004120573,false,גבינה בולגרית 16% פי,תנובה מרכז שיתופי לש,IL,גבינה בולגרית 16% פי,גרמים,250.00,100 גרם,false,,16.90,6.7600,true,1,33067
7290004120634,false,גבינה בולגרית 5% פיר,תנובה מרכז שיתופי לש,IL,גבינה בולגרית 5% פיר,גרמים,250.00,100 גרם,false,,16.90,6.7600,true,1,33068
7290004121488,false,יופלה דיאט 0% אפרסק,תנובה מרכז שיתופי לש,IL,יופלה דיאט 0% אפרסק,גרמים,150.00,100 גרם,false,,3.90,2.6000,true,1,33073
7290004121525,false,מארז יופלה אפרסק/תות,תנובה מרכז שיתופי לש,IL,מארז יופלה אפרסק/תות,קילוגרמים,1.20,ליטר,false,,27.90,23.2500,true,1,33074
7290004121839,false,גבינת פטה כבשים 20%,תנובה מרכז שיתופי לש,IL,גבינת פטה כבשים 20%,גרמים,250.00,100 גרם,false,,24.90,9.9600,true,1,33078
7290004121853,false,גבינה בולגרית קוביות,תנובה מרכז שיתופי לש,IL,גבינה בולגרית קוביות,גרמים,200.00,100 גרם,false,,17.90,8.9500,true,1,33079
7290004122348,false,גבינה עמק 9% 200 גרם,תנובה מרכז שיתופי לש,IL,גבינה עמק 9% 200 גרם,גרמים,200.00,100 גרם,false,,14.90,7.4500,true,1,33083
7290004122676,false,גבינת חמד לייט 5% פי,תנובה מרכז שיתופי לש,IL,גבינת חמד לייט 5% פי,גרמים,250.00,100 גרם,false,,15.90,6.3600,true,1,41731
7290004122683,false,אצבעות גבינת עמק 172,תנובה מרכז שיתופי לש,IL,אצבעות גבינת עמק 172,גרמים,172.00,100 גרם,false,,13.90,8.0814,true,1,33087
7290004124205,false,יופלה דיאט 0% תות 15,תנובה מרכז שיתופי לש,IL,יופלה דיאט 0% תות 15,גרמים,150.00,100 גרם,false,,3.90,2.6000,true,1,33094
7290004125370,false,שמנת חמוצה 9% תנובה,תנובה מרכז שיתופי לש,IL,שמנת חמוצה 9% תנובה,מיליליטרים,200.00,"100 מ""ל",false,,3.60,1.8000,true,1,33099
7290004125400,false,"אשל תנובה 200 מ""ל",תנובה מרכז שיתופי לש,IL,"אשל תנובה 200 מ""ל",מיליליטרים,200.00,"100 מ""ל",false,,1.65,0.8250,true,1,33100
7290004125417,false,"גיל תנובה 200 מ""ל",תנובה מרכז שיתופי לש,IL,"גיל תנובה 200 מ""ל",מיליליטרים,206.00,"100 מ""ל",false,,1.50,0.7282,true,1,33101
7290004125455,false,שמנת חמוצה 15% תנובה,תנובה מרכז שיתופי לש,IL,שמנת חמוצה 15% תנובה,מיליליטרים,200.00,"100 מ""ל",false,,2.40,1.2000,true,1,33102
7290004125509,false,שמנת חמוצה 15% תנובה,תנובה מרכז שיתופי לש,IL,שמנת חמוצה 15% תנובה,גרמים,100.00,100 גרם,false,,1.60,1.6000,true,1,33104
7290004125578,false,משקה סויה אלטרנטיב 1,תנובה מרכז שיתופי לש,IL,משקה סויה אלטרנטיב 1,קילוגרמים,1.00,ליטר,false,,8.90,8.9000,true,1,33105
7290004125585,false,משקה סויה וניל אלטרנ,תנובה מרכז שיתופי לש,IL,משקה סויה וניל אלטרנ,קילוגרמים,1.00,ליטר,false,,8.90,8.9000,true,1,33106
7290004125721,false,שמנת לבישול 15% השף,תנובה מרכז שיתופי לש,IL,שמנת לבישול 15% השף,מיליליטרים,250.00,"100 מ""ל",false,,7.90,3.1600,true,1,33110
7290004125738,false,שמנת להקצפה 32% השף,תנובה מרכז שיתופי לש,IL,שמנת להקצפה 32% השף,מיליליטרים,250.00,"100 מ""ל",false,,5.90,2.3600,true,1,33111
7290004126674,false,גבינה עמק בסגנון אמנ,תנובה מרכז שיתופי לש,IL,גבינה עמק בסגנון אמנ,גרמים,200.00,100 גרם,false,,17.90,8.9500,true,1,33113
7290004127077,false,קוטג 3% תנובה 250 גר,תנובה מרכז שיתופי לש,IL,קוטג 3% תנובה 250 גר,גרמים,250.00,100 גרם,false,,5.20,2.0800,true,1,33115
7290004127329,false,קוטג 5% תנובה 250 גר,תנובה מרכז שיתופי לש,IL,קוטג 5% תנובה 250 גר,גרמים,250.00,100 גרם,false,,5.20,2.0800,true,1,33116
7290004127336,false,קוטג 9% תנובה 250 גר,תנובה מרכז שיתופי לש,IL,קוטג 9% תנובה 250 גר,גרמים,250.00,100 גרם,false,,5.20,2.0800,true,1,33117
7290004127800,false,גבינה 5% תנובה 500 ג,תנובה מרכז שיתופי לש,IL,גבינה 5% תנובה 500 ג,גרמים,500.00,100 גרם,false,,9.70,1.9400,true,1,33120
7290004127817,false,גבינה 9% תנובה 500 ג,תנובה מרכז שיתופי לש,IL,גבינה 9% תנובה 500 ג,גרמים,500.00,100 גרם,false,,9.70,1.9400,true,1,33121
7290004127916,false,גבינה 1/2% תנובה 500,תנובה מרכז שיתופי לש,IL,גבינה 1/2% תנובה 500,גרמים,500.00,100 גרם,false,,9.70,1.9400,true,1,33124
7290004129101,false,גבינת שמנת טבעי 25%,תנובה מרכז שיתופי לש,IL,גבינת שמנת טבעי 25%,גרמים,225.00,100 גרם,false,,9.90,4.4000,true,1,33133
7290004129156,false,גבינת שמנת שום שמיר,תנובה מרכז שיתופי לש,IL,גבינת שמנת שום שמיר,גרמים,225.00,100 גרם,false,,9.90,4.4000,true,1,33135
7290004130695,false,משקה אייס קפה תנובה,תנובה מרכז שיתופי לש,IL,משקה אייס קפה תנובה,קילוגרמים,1.00,ליטר,false,,12.30,12.3000,true,1,40540
7290004130794,false,משקה סויה במתיקות מו,תנובה מרכז שיתופי לש,IL,משקה סויה במתיקות מו,קילוגרמים,1.00,ליטר,false,,8.90,8.9000,true,1,33147
7290004130916,false,יופלה פירות יער 3% 1,תנובה מרכז שיתופי לש,IL,יופלה פירות יער 3% 1,מיליליטרים,150.00,"100 מ""ל",false,,3.90,2.6000,true,1,39923
7290004131074,false,חלב 3% תנובה 1 ליטר,תנובה מרכז שיתופי לש,IL,חלב 3% תנובה 1 ליטר,קילוגרמים,1.00,ליטר,false,,6.20,6.2000,true,1,33150
7290004131531,false,משקה שוקו תנובה 1 לי,תנובה מרכז שיתופי לש,IL,משקה שוקו תנובה 1 לי,קילוגרמים,1.00,ליטר,false,,9.90,9.9000,true,1,33155
7290004131814,false,גבינה צפתית מעודנת 5,תנובה מרכז שיתופי לש,IL,גבינה צפתית מעודנת 5,גרמים,200.00,100 גרם,false,,13.90,6.9500,true,1,33160
7290004132552,false,משקה סויה לייט אלטרנ,תנובה מרכז שיתופי לש,IL,משקה סויה לייט אלטרנ,קילוגרמים,1.00,ליטר,false,,8.90,8.9000,true,1,33166
7290004132712,false,אצבעות גבינת מוצרלה,תנובה מרכז שיתופי לש,IL,אצבעות גבינת מוצרלה,גרמים,172.00,100 גרם,false,,13.90,8.0814,true,1,33168
7290004132903,false,גבינה 3% תנובה 250 ג,תנובה מרכז שיתופי לש,IL,גבינה 3% תנובה 250 ג,גרמים,250.00,100 גרם,false,,4.90,1.9600,true,1,33170
7290004134945,false,יופלה מוקה 3% גביע 1,תנובה מרכז שיתופי לש,IL,יופלה מוקה 3% גביע 1,מיליליטרים,150.00,"100 מ""ל",false,,3.90,2.6000,true,1,39922
7290004135072,false,מארז קרלו מיני שוקול,תנובה מרכז שיתופי לש,IL,מארז קרלו מיני שוקול,מיליליטרים,800.00,"100 מ""ל",false,,11.90,1.4875,true,1,33190
7290004135119,false,מארז קרלו מיני וניל,תנובה מרכז שיתופי לש,IL,מארז קרלו מיני וניל,מיליליטרים,800.00,"100 מ""ל",false,,11.90,1.4875,true,1,33191
7290004136857,false,גלי פטל תנובה 125 גר,תנובה מרכז שיתופי לש,IL,גלי פטל תנובה 125 גר,מיליליטרים,125.00,"100 מ""ל",false,,1.90,1.5200,true,1,33211
7290004136871,false,גלי אפרסק תנובה 125,תנובה מרכז שיתופי לש,IL,גלי אפרסק תנובה 125,מיליליטרים,125.00,"100 מ""ל",false,,1.90,1.5200,true,1,33213
7290004137021,false,שמנת לבישול 10% השף,תנובה מרכז שיתופי לש,IL,שמנת לבישול 10% השף,מיליליטרים,250.00,"100 מ""ל",false,,7.90,3.1600,true,1,33215
7290004150181,false,חמוצים סיני  פיקנטי,סלטי שמיר 2006 בעמ,,חמוצים סיני  פיקנטי,גרמים,300.00,100 גרם,false,,11.90,3.9667,true,1,109311
7290004193980,false,פרגיות עוף קפוא דליק,,,פרגיות עוף קפוא דליק,קילוגרמים,1.00,"ק""ג",true,,64.90,64.9000,true,1,75546
7290004220013,false,"בקר טחון קהילות 1 ק""",,,"בקר טחון קהילות 1 ק""",פריט,1.00,"ק""ג",false,,34.90,34.9000,true,1,59573
7290004220037,false,סטייק אנטריקוט עטרה,,,סטייק אנטריקוט עטרה,גרמים,800.00,100 גרם,false,,49.90,6.2375,true,1,64003
7290004220105,false,שניצלוני עוף עטרה 60,,,שניצלוני עוף עטרה 60,גרמים,600.00,100 גרם,false,,24.90,4.1500,true,1,91483
7290004220136,false,כבד עוף טרי דליקטסו,,,כבד עוף טרי דליקטסו,קילוגרמים,1.00,"ק""ג",true,,14.90,14.9000,true,1,68253
7290004220143,false,בשר מס 3 חזה בקר קפו,,,בשר מס 3 חזה בקר קפו,קילוגרמים,1.00,"ק""ג",true,,64.90,64.9000,true,1,65849
7290004220259,false,עוף שלם טרי דליקטסו,,,עוף שלם טרי דליקטסו,קילוגרמים,1.00,"ק""ג",true,,22.90,22.9000,true,1,68244
7290004220266,false,כרעיים עוף טרי דליקט,,,כרעיים עוף טרי דליקט,קילוגרמים,1.00,"ק""ג",true,,31.90,31.9000,true,1,68245
7290004220273,false,חזה עוף טרי דליקטסו,,,חזה עוף טרי דליקטסו,קילוגרמים,1.00,"ק""ג",true,,35.90,35.9000,true,1,68246
7290004220280,false,כנפיים עוף טרי דליקט,,,כנפיים עוף טרי דליקט,קילוגרמים,1.00,"ק""ג",true,,13.90,13.9000,true,1,68247
7290004220297,false,שוקיים עוף טרי דליקט,,,שוקיים עוף טרי דליקט,קילוגרמים,1.00,"ק""ג",true,,33.90,33.9000,true,1,68248
7290004220310,false,ירכיים עוף טרי דליקט,,,ירכיים עוף טרי דליקט,קילוגרמים,1.00,"ק""ג",true,,30.90,30.9000,true,1,68249
7290004220327,false,שניצל עוף טרי דליקטס,,,שניצל עוף טרי דליקטס,קילוגרמים,1.00,"ק""ג",true,,39.90,39.9000,true,1,68250
7290004220778,false,המבורגר קהילות 500 ג,,,המבורגר קהילות 500 ג,גרמים,500.00,100 גרם,false,,22.90,4.5800,true,1,73733
7290004227548,false,אנטריקוט פרוס 100% ק,קהילות,,אנטריקוט פרוס 100% ק,קילוגרמים,1.00,"ק""ג",true,,169.90,169.9000,true,1,83183
7290004230944,false,מקלות בורקס פילו גבי,שלושת האופים,IL,מקלות בורקס פילו גבי,גרמים,700.00,100 גרם,false,,16.90,2.4143,true,1,68612
7290004234218,false,ברווז טרי,,,ברווז טרי,קילוגרמים,1.00,"ק""ג",true,,34.90,34.9000,true,1,109332
7290004244019,false,פילה סלמון טרי הדייג,"דגי בר אילן בע""מ",IL,פילה סלמון טרי הדייג,קילוגרמים,1.00,"ק""ג",true,,89.90,89.9000,true,1,94633
7290004244460,false,מנות פילה סלמון טרי,"דגי בר אילן בע""מ",IL,מנות פילה סלמון טרי,קילוגרמים,1.00,"ק""ג",true,,99.90,99.9000,true,1,94635
7290004244736,false,פילה סלמון קפוא הדיי,"דגי בר אילן בע""מ",IL,פילה סלמון קפוא הדיי,קילוגרמים,1.00,"ק""ג",true,,64.90,64.9000,true,1,107930
7290004252281,false,בייגלה מצופה שוקולד,טחנת האבן תעשיות,IL,בייגלה מצופה שוקולד,גרמים,120.00,100 גרם,false,,7.90,6.5833,true,1,109294
7290004252366,false,בייגלה מצופה שוקולד,טחנת האבן תעשיות,IL,בייגלה מצופה שוקולד,גרמים,120.00,100 גרם,false,,7.90,6.5833,true,1,109297
7290004252380,false,רולעדין גלילית אגוזי,עדין,IL,רולעדין גלילית אגוזי,גרמים,500.00,100 גרם,false,,16.90,3.3800,true,1,100562
7290004256883,false,פילה סלמון טרי פרימי,,,פילה סלמון טרי פרימי,קילוגרמים,1.00,"ק""ג",true,,99.90,99.9000,true,1,91048
7290004257101,false,אנטריקוט דקדק עטרה 2,עטרה,IL,אנטריקוט דקדק עטרה 2,גרמים,250.00,100 גרם,false,,29.90,11.9600,true,1,89064
7290004257125,false,סינטה דק דק עטרה 250,,,סינטה דק דק עטרה 250,גרמים,250.00,100 גרם,false,,29.90,11.9600,true,1,94515
7290004257132,false,אנטריקוט דקדק קהילות,,,אנטריקוט דקדק קהילות,גרמים,250.00,100 גרם,false,,34.90,13.9600,true,1,90037
7290004257422,false,חזה עוף טחון 100% קה,,,חזה עוף טחון 100% קה,פריט,1.00,"ק""ג",false,,37.90,37.9000,true,1,93579
7290004257439,false,טחון הודו 100% קהילו,,,טחון הודו 100% קהילו,פריט,1.00,"ק""ג",false,,37.90,37.9000,true,1,93580
7290004257446,false,טחון בקר 100% קהילות,,,טחון בקר 100% קהילות,פריט,1.00,"ק""ג",false,,49.90,49.9000,true,1,93581
7290004257477,false,חזה עוף טחון 100% עט,,,חזה עוף טחון 100% עט,פריט,1.00,"ק""ג",false,,34.90,34.9000,true,1,93577
7290004257484,false,טחון הודו 100% עטרה,,,טחון הודו 100% עטרה,פריט,1.00,"ק""ג",false,,34.90,34.9000,true,1,93582
7290004257491,false,טחון בקר 100% עטרה 1,,,טחון בקר 100% עטרה 1,פריט,1.00,"ק""ג",false,,39.90,39.9000,true,1,93583
7290004263041,false,גולש עגל עטרה,עטרה,IL,גולש עגל עטרה,קילוגרמים,1.00,"ק""ג",true,,39.90,39.9000,true,1,33288
7290004263201,false,צלעות כבש קפוא עטרה,עטרה,IL,צלעות כבש קפוא עטרה,קילוגרמים,1.00,"ק""ג",true,,169.90,169.9000,true,1,33297
7290004263393,false,קישקע ירושלמי עטרה 5,עטרה,IL,קישקע ירושלמי עטרה 5,גרמים,500.00,100 גרם,false,,12.90,2.5800,true,1,33301
7290004263485,false,בשר מס 2 צלעות קפוא,עטרה,IL,בשר מס 2 צלעות קפוא,קילוגרמים,1.00,"ק""ג",true,,39.90,39.9000,true,1,33304
7290004263553,false,בשר מס 3 חזה בקר צרכ,עטרה,IL,בשר מס 3 חזה בקר צרכ,קילוגרמים,1.00,"ק""ג",true,,29.90,29.9000,true,1,33306
7290004263621,false,בשר מס 4 כתף מרכזי צ,עטרה,IL,בשר מס 4 כתף מרכזי צ,קילוגרמים,1.00,"ק""ג",true,,54.90,54.9000,true,1,33308
7290004263652,false,נקניקיות עוף קפוא עט,עטרה,IL,נקניקיות עוף קפוא עט,גרמים,400.00,100 גרם,false,,9.90,2.4750,true,1,33309
7290004263676,false,הודו טחון עטרה 500 ג,עטרה,IL,הודו טחון עטרה 500 ג,גרמים,500.00,100 גרם,false,,11.90,2.3800,true,1,33310
7290004263782,false,עצמות מח קפוא עטרה,,,עצמות מח קפוא עטרה,קילוגרמים,1.00,"ק""ג",true,,29.90,29.9000,true,1,66675
7290004263799,false,בשר מס 5 צלי כתף קפו,עטרה,IL,בשר מס 5 צלי כתף קפו,קילוגרמים,1.00,"ק""ג",true,,69.90,69.9000,true,1,33312
7290004263867,false,בשר מס 6 פילה מדומה,עטרה,IL,בשר מס 6 פילה מדומה,קילוגרמים,1.00,"ק""ג",true,,39.90,39.9000,true,1,33313
7290004263935,false,בשר מס 7 מכסה הצלע ק,עטרה,IL,בשר מס 7 מכסה הצלע ק,קילוגרמים,1.00,"ק""ג",true,,29.90,29.9000,true,1,33315
7290004367077,false,בקלוואה 800 גרם,,,בקלוואה 800 גרם,גרמים,800.00,100 גרם,false,,29.90,3.7375,true,1,59307
7290004436001,false,בשר מס 3 חזה בקר קפו,א. הקר,IL,בשר מס 3 חזה בקר קפו,קילוגרמים,1.00,"ק""ג",true,,74.90,74.9000,true,1,49677
7290004436056,false,גולש לחמין 100% הקר,א. הקר,IL,גולש לחמין 100% הקר,קילוגרמים,1.00,"ק""ג",true,,74.90,74.9000,true,1,49674
7290004436063,false,עצמות מח קפוא הקר,א. הקר,IL,עצמות מח קפוא הקר,קילוגרמים,1.00,"ק""ג",true,,49.90,49.9000,true,1,93993
7290004436094,false,בשר לחמין הקר,א. הקר,IL,בשר לחמין הקר,קילוגרמים,1.00,"ק""ג",true,,89.90,89.9000,true,1,49676
7290004436124,false,בקר טחון הקר במשקל,א. הקר,IL,בקר טחון הקר במשקל,קילוגרמים,1.00,"ק""ג",true,,74.90,74.9000,true,1,49673
7290004436186,false,המבורגר הקר 500 גרם,א. הקר,IL,המבורגר הקר 500 גרם,גרמים,500.00,100 גרם,false,,19.90,3.9800,true,1,49687
7290004436216,false,קבב בקר הקר 500 גרם,א. הקר,IL,קבב בקר הקר 500 גרם,גרמים,500.00,100 גרם,false,,19.90,3.9800,true,1,49686
7290004436223,false,סטייק עין הקר במשקל,א. הקר,IL,סטייק עין הקר במשקל,קילוגרמים,1.00,"ק""ג",true,,89.90,89.9000,true,1,50268
7290004436551,false,בשר כבוש הקר,א. הקר,IL,בשר כבוש הקר,קילוגרמים,1.00,"ק""ג",true,,79.90,79.9000,true,1,49690
7290004436568,false,רולדת עגל מתובלת הקר,א. הקר,IL,רולדת עגל מתובלת הקר,קילוגרמים,1.00,"ק""ג",true,,74.90,74.9000,true,1,49689
7290004436650,false,עוף טחון הקר 500 גרם,א. הקר,IL,עוף טחון הקר 500 גרם,גרמים,500.00,100 גרם,false,,19.90,3.9800,true,1,63865
7290004436742,false,בשר מס 9 אסאדו עם עצ,א. הקר,IL,בשר מס 9 אסאדו עם עצ,קילוגרמים,1.00,"ק""ג",true,,79.90,79.9000,true,1,85678
7290004480332,false,גבינה גאודה משולשים,מחלבות גד,IL,גבינה גאודה משולשים,קילוגרמים,1.00,"ק""ג",true,,99.00,99.0000,true,1,106393
7290004537241,false,אפונת גינה שדה בשקית,בסט מייסטר,IL,אפונת גינה שדה בשקית,גרמים,800.00,100 גרם,false,,8.90,1.1125,true,1,108555
7290004544065,false,עוגיות טבעות בטעם לי,מאפיית ישראל חיפה,IL,עוגיות טבעות בטעם לי,גרמים,500.00,100 גרם,false,,11.50,2.3000,true,1,104225
7290004551926,false,אבקת פלאפל דרומה 1 ק,דרומה י.א.ט בעמ,IL,אבקת פלאפל דרומה 1 ק,פריט,1.00,"ק""ג",false,,18.90,18.9000,true,1,33511
7290004554903,false,גלידה פנטסיה שוקו ונ,גלידות שטראוס,IL,גלידה פנטסיה שוקו ונ,קילוגרמים,1.10,ליטר,false,,14.90,13.5455,true,1,33518
7290004575007,false,טילוני ריאו בטעמים 5,"גלידות ריאו ביח""ר לג",IL,טילוני ריאו בטעמים 5,גרמים,350.00,100 גרם,false,,14.50,4.1429,true,1,33519
7290004575069,false,חטיפי גלידה מיניס שו,"גלידות ריאו ביח""ר לג",IL,חטיפי גלידה מיניס שו,גרמים,700.00,100 גרם,false,,29.90,4.2714,true,1,33521
7290004575335,false,שלגוני מיני מגיק 8 י,"גלידות ריאו ביח""ר לג",IL,שלגוני מיני מגיק 8 י,גרמים,360.00,100 גרם,false,,16.90,4.6944,true,1,33532
7290004575403,false,גלידה טריו 1.8 ליטר,"גלידות ריאו ביח""ר לג",IL,גלידה טריו 1.8 ליטר,קילוגרמים,1.80,ליטר,false,,14.90,8.2778,true,1,33538
7290004575632,false,קרמבו בטעם וניל ריאו,"גלידות ריאו ביח""ר לג",IL,קרמבו בטעם וניל ריאו,גרמים,480.00,100 גרם,false,,21.50,4.4792,true,1,33543
7290004603175,false,מלח גס הים האדום 500,תעשיות מלח לישראל,IL,מלח גס הים האדום 500,גרמים,500.00,100 גרם,false,,4.90,0.9800,true,1,66991
7290004645069,false,הליבוט פרוס ל.עור רו,,,הליבוט פרוס ל.עור רו,קילוגרמים,1.00,"ק""ג",true,,79.90,79.9000,true,1,74526
7290004645106,false,מנות סלמון 100% רוזנ,,,מנות סלמון 100% רוזנ,קילוגרמים,1.00,"ק""ג",true,,84.90,84.9000,true,1,71181
7290004645137,false,פילה טונה אלבקור ללא,,,פילה טונה אלבקור ללא,קילוגרמים,1.00,"ק""ג",true,,49.90,49.9000,true,1,79507
7290004645175,false,פילה טונה פרוס רוזנר,,VN,פילה טונה פרוס רוזנר,קילוגרמים,1.00,"ק""ג",true,,39.90,39.9000,true,1,92746
7290004645267,false,מנות נסיכת הנילוס רו,,,מנות נסיכת הנילוס רו,קילוגרמים,1.00,"ק""ג",true,,44.90,44.9000,true,1,71178
7290004645274,false,פילה נסיכת הנילוס ע.,,,פילה נסיכת הנילוס ע.,קילוגרמים,1.00,"ק""ג",true,,44.90,44.9000,true,1,107266
7290004645328,false,פילה סלמון  100% רוז,,,פילה סלמון  100% רוז,קילוגרמים,1.00,"ק""ג",true,,79.90,79.9000,true,1,71180
7290004645403,false,נתחי פילה סלמון רוזנ,,,נתחי פילה סלמון רוזנ,קילוגרמים,1.00,"ק""ג",true,,39.90,39.9000,true,1,98624
7290004645434,false,מנות סלמון 100% ל.עו,,,מנות סלמון 100% ל.עו,קילוגרמים,1.00,"ק""ג",true,,89.90,89.9000,true,1,79663
7290004645441,false,מנות פילה סלמון ל.עו,,,מנות פילה סלמון ל.עו,קילוגרמים,1.00,"ק""ג",true,,39.90,39.9000,true,1,98625
7290004645571,false,פילה נסיכת הנילוס ל.,,,פילה נסיכת הנילוס ל.,קילוגרמים,1.00,"ק""ג",true,,39.90,39.9000,true,1,105780
7290004645649,false,מנות פילה פורל ים רו,,,מנות פילה פורל ים רו,קילוגרמים,1.00,"ק""ג",true,,74.90,74.9000,true,1,98135
7290004645748,false,פילה אמנון רוזנרס לל,,CN,פילה אמנון רוזנרס לל,קילוגרמים,1.00,"ק""ג",true,,19.90,19.9000,true,1,101875
7290004645786,false,פילה אמנון ל.עור דגי,,,פילה אמנון ל.עור דגי,קילוגרמים,1.00,"ק""ג",true,,39.90,39.9000,true,1,104660
7290004645878,false,פילה אמנון רוזנרס לל,,CN,פילה אמנון רוזנרס לל,קילוגרמים,1.00,"ק""ג",true,,19.90,19.9000,true,1,108642
7290004645885,false,פילה אמנון רוזנרס עם,,CN,פילה אמנון רוזנרס עם,קילוגרמים,1.00,"ק""ג",true,,39.90,39.9000,true,1,106688
7290004645915,false,מנות סלמון ל.עור רוז,,,מנות סלמון ל.עור רוז,קילוגרמים,1.00,"ק""ג",true,,99.90,99.9000,true,1,110192
7290004652517,false,פילה בורי טרי אושר פ,,,פילה בורי טרי אושר פ,גרמים,400.00,100 גרם,false,,49.90,12.4750,true,1,101379
7290004652524,false,פילה אמנון טרי אושר,,,פילה אמנון טרי אושר,גרמים,400.00,100 גרם,false,,39.90,9.9750,true,1,101380
7290004652531,false,פילה דניס טרי אושר פ,,,פילה דניס טרי אושר פ,גרמים,400.00,100 גרם,false,,59.90,14.9750,true,1,101381
7290004652555,false,פורל נקי טרי אושר פי,,,פורל נקי טרי אושר פי,גרמים,400.00,100 גרם,false,,39.90,9.9750,true,1,101382
7290004652579,false,פילה אדמונית טרי אוש,,,פילה אדמונית טרי אוש,גרמים,400.00,100 גרם,false,,39.90,9.9750,true,1,101384
7290004652593,false,אמנון שלם טרי אושר פ,,,אמנון שלם טרי אושר פ,גרמים,400.00,100 גרם,false,,19.90,4.9750,true,1,101387
7290004652609,false,קרפיון פרוס טרי אושר,,,קרפיון פרוס טרי אושר,גרמים,750.00,100 גרם,false,,39.90,5.3200,true,1,101388
7290004652616,false,דניס שלם טרי אושר פי,,,דניס שלם טרי אושר פי,גרמים,450.00,100 גרם,false,,32.90,7.3111,true,1,101389
7290004652623,false,פילה ברמונדי טרי אוש,,,פילה ברמונדי טרי אוש,גרמים,400.00,100 גרם,false,,59.90,14.9750,true,1,102834
7290004658953,false,יין פ.קולקשיין סובינ,,,יין פ.קולקשיין סובינ,מיליליטרים,750.00,"100 מ""ל",false,,32.90,4.3867,true,1,41850
7290004658960,false,יין פ. קולקשיין אמרל,יקבי כרמל,IL,יין פ. קולקשיין אמרל,מיליליטרים,750.00,"100 מ""ל",false,,32.90,4.3867,true,1,33575
7290004685010,false,לחם שיפון קל לחם האר,מאפית י את א ברמן בע,IL,לחם שיפון קל לחם האר,גרמים,500.00,100 גרם,false,,15.90,3.1800,true,1,59584
7290004685027,false,לחם חיטה מלאה קל לחם,מאפית י את א ברמן בע,IL,לחם חיטה מלאה קל לחם,גרמים,500.00,100 גרם,false,,15.90,3.1800,true,1,59585
7290004685089,false,לחם חמניות לחם הארץ,מאפית י את א ברמן בע,IL,לחם חמניות לחם הארץ,גרמים,500.00,100 גרם,false,,15.90,3.1800,true,1,59586
7290004685126,false,לחם 5 דגנים לחם הארץ,מאפית י את א ברמן בע,IL,לחם 5 דגנים לחם הארץ,גרמים,750.00,100 גרם,false,,15.90,2.1200,true,1,33635
7290004685157,false,לחם שיפון לחם הארץ 7,מאפית י את א ברמן בע,IL,לחם שיפון לחם הארץ 7,גרמים,750.00,100 גרם,false,,15.90,2.1200,true,1,33637
7290004685195,false,לחם 10 דגנים לחם האר,מאפית י את א ברמן בע,IL,לחם 10 דגנים לחם האר,גרמים,750.00,100 גרם,false,,15.90,2.1200,true,1,41851
7290004685201,false,לחם שיפון אגוזים לחם,מאפית י את א ברמן בע,IL,לחם שיפון אגוזים לחם,גרמים,500.00,100 גרם,false,,15.90,3.1800,true,1,33638
7290004685225,false,לחם פומפרניקל לחם הא,מאפית י את א ברמן בע,IL,לחם פומפרניקל לחם הא,גרמים,750.00,100 גרם,false,,15.90,2.1200,true,1,33639
7290004685430,false,לחם כוסמין לחם הארץ,מאפית י את א ברמן בע,IL,לחם כוסמין לחם הארץ,גרמים,500.00,100 גרם,false,,15.90,3.1800,true,1,81440
7290004685447,false,לחמניות כוסמין לחם ה,מאפית י את א ברמן בע,IL,לחמניות כוסמין לחם ה,גרמים,450.00,100 גרם,false,,13.90,3.0889,true,1,93379
7290004685454,false,לחם שיבולת שועל לחם,מאפית י את א ברמן בע,IL,לחם שיבולת שועל לחם,גרמים,500.00,100 גרם,false,,15.90,3.1800,true,1,97789
7290004685478,false,פיתות ברמן 100% כוסמ,מאפית י את א ברמן בע,IL,פיתות ברמן 100% כוסמ,גרמים,550.00,100 גרם,false,,15.90,2.8909,true,1,107710
7290004731076,false,אלסבון כיף אלוורה 1,סנו,IL,אלסבון כיף אלוורה 1,קילוגרמים,1.00,ליטר,false,,9.90,9.9000,true,1,33644
7290004731090,false,אלסבון כיף קמומיל 1,סנו,IL,אלסבון כיף קמומיל 1,קילוגרמים,1.00,ליטר,false,,9.90,9.9000,true,1,33646
7290004731472,false,אל סבון כיף מעורב 3*,קוסמופארם,IL,אל סבון כיף מעורב 3*,קילוגרמים,1.50,ליטר,false,,16.90,11.2667,true,1,33657
7290004731557,false,תרסיס מקסימה למייבש,סנו,IL,תרסיס מקסימה למייבש,מיליליטרים,750.00,"100 מ""ל",false,,16.90,2.2533,true,1,33660
7290004731564,false,תרסיס מקסימה למייבש,סנו,IL,תרסיס מקסימה למייבש,מיליליטרים,750.00,"100 מ""ל",false,,16.90,2.2533,true,1,84281
7290004731670,false,מטהר סנו דאופרש לבנד,סנו,IL,מטהר סנו דאופרש לבנד,מיליליטרים,300.00,"100 מ""ל",false,,9.90,3.3000,true,1,33666
7290004731687,false,מטהר סנו דאופרש וניל,סנו,IL,מטהר סנו דאופרש וניל,מיליליטרים,300.00,"100 מ""ל",false,,9.90,3.3000,true,1,33667
7290004737719,false,אספרגוס שלם ויליפוד,heze sanqing food,CN,אספרגוס שלם ויליפוד,גרמים,330.00,100 גרם,false,,8.90,2.6970,true,1,33680
7290004758028,false,אנטריקוט פרימיום דק,,,אנטריקוט פרימיום דק,קילוגרמים,1.00,"ק""ג",true,,149.90,149.9000,true,1,90943
7290004758172,false,בריסקט טרי עטרה,,,בריסקט טרי עטרה,קילוגרמים,1.00,"ק""ג",true,,69.90,69.9000,true,1,94833
7290004939168,false,קבנוס חפץ חיים 250 ג,ש.ב מטעם,IL,קבנוס חפץ חיים 250 ג,גרמים,250.00,100 גרם,false,,34.90,13.9600,true,1,100963
7290004939182,false,רצועות לחמין ספישלס,ש.ב מטעם,IL,רצועות לחמין ספישלס,קילוגרמים,1.00,"ק""ג",true,,89.90,89.9000,true,1,91159
7290004944032,false,חומוס אסלי 400 גרם,סלטי שמיר 2006 בעמ,IL,חומוס אסלי 400 גרם,גרמים,400.00,100 גרם,false,,9.00,2.2500,true,1,46724
7290004944049,false,טחינה אסלי 400 גרם,סלטי שמיר 2006 בעמ,IL,טחינה אסלי 400 גרם,גרמים,400.00,100 גרם,false,,9.00,2.2500,true,1,46727
7290004944056,false,חציל במיונז אסלי 400,סלטי שמיר 2006 בעמ,IL,חציל במיונז אסלי 400,גרמים,400.00,100 גרם,false,,10.90,2.7250,true,1,46725
7290004944063,false,סלט טורקי אסלי 400 ג,סלטי שמיר 2006 בעמ,IL,סלט טורקי אסלי 400 ג,גרמים,400.00,100 גרם,false,,10.90,2.7250,true,1,46728
7290004944070,false,כרוב אדום אסלי 400 ג,סלטי שמיר 2006 בעמ,IL,כרוב אדום אסלי 400 ג,גרמים,400.00,100 גרם,false,,10.90,2.7250,true,1,46726
7290005008481,false,דאו גל ספיד סטיק ספו,קולגייט פלמוליב,BY,דאו גל ספיד סטיק ספו,גרמים,85.00,100 גרם,false,,18.90,22.2353,true,1,63129
7290005011405,false,עמבה עם פרי 500 גרם,תבליני שמש בעמ,IL,עמבה עם פרי 500 גרם,גרמים,500.00,100 גרם,false,,8.90,1.7800,true,1,33855
7290005017902,false,נקניקיות מרגז פרימיו,נתח אדום,IL,נקניקיות מרגז פרימיו,גרמים,600.00,100 גרם,false,,29.90,4.9833,true,1,98557
7290005017919,false,המבורגר אנטריקוט XL,נתח אדום,IL,המבורגר אנטריקוט XL,גרמים,600.00,100 גרם,false,,29.90,4.9833,true,1,98558
7290005017926,false,המבורגר טלה XL  פרימ,נתח אדום,IL,המבורגר טלה XL  פרימ,גרמים,600.00,100 גרם,false,,29.90,4.9833,true,1,98559
7290005017933,false,טחול ממולא נתח אדום,נתח אדום,IL,טחול ממולא נתח אדום,גרמים,400.00,100 גרם,false,,39.90,9.9750,true,1,98551
7290005017957,false,קבב בקר פרימיום בית,נתח אדום,IL,קבב בקר פרימיום בית,גרמים,600.00,100 גרם,false,,29.90,4.9833,true,1,98561
7290005017964,false,קבב טלה פרימיום בית,נתח אדום,IL,קבב טלה פרימיום בית,גרמים,600.00,100 גרם,false,,29.90,4.9833,true,1,98564
7290005017971,false,קבב עיראקי פרימיום ב,נתח אדום,IL,קבב עיראקי פרימיום ב,גרמים,600.00,100 גרם,false,,29.90,4.9833,true,1,98562
7290005017988,false,נקניקיות צ'וריסוס פר,נתח אדום,IL,נקניקיות צ'וריסוס פר,גרמים,600.00,100 גרם,false,,29.90,4.9833,true,1,98554
7290005040702,false,שורש חזרת,אראל תוצרת חקלאית בע,IL,שורש חזרת,קילוגרמים,1.00,"ק""ג",true,,12.90,12.9000,true,1,85716
7290005095443,false,נר נשמה בכוס 48 שעות,,,נר נשמה בכוס 48 שעות,Unknown,0.00,יחידה,false,,3.90,0.0000,true,1,109750
7290005168284,false,יין גן עדן עתיק,יקבי ציון,IL,יין גן עדן עתיק,מיליליטרים,750.00,"100 מ""ל",false,,19.90,2.6533,true,1,33925
7290005168420,false,מיץ ענבים אדום בית ס,יקבי ציון,IL,מיץ ענבים אדום בית ס,קילוגרמים,1.00,ליטר,false,,16.90,16.9000,true,1,33929
7290005168475,false,מיץ ענבים תירוש אדום,יקבי ציון,IL,מיץ ענבים תירוש אדום,קילוגרמים,1.00,ליטר,false,,16.90,16.9000,true,1,96834
7290005174513,false,חציל במיונז אחלה 500,שטראוס,IL,חציל במיונז אחלה 500,גרמים,500.00,100 גרם,false,,11.90,2.3800,true,1,40048
7290005200786,false,תפוציפס שמנת בצל 50,שטראוס,IL,תפוציפס שמנת בצל 50,גרמים,50.00,100 גרם,false,,2.90,5.8000,true,1,47829
7290005287510,false,טונה בשמן פלפל חריף,סטארקיסט,IL,טונה בשמן פלפל חריף,גרמים,160.00,100 גרם,false,,6.90,4.3125,true,1,64092
7290005287527,false,טונה בשמן לימון ס.ק,סטארקיסט,IL,טונה בשמן לימון ס.ק,גרמים,160.00,100 גרם,false,,6.90,4.3125,true,1,64093
7290005287534,false,טונה בשמן עישון טבעי,סטארקיסט,IL,טונה בשמן עישון טבעי,גרמים,160.00,100 גרם,false,,6.90,4.3125,true,1,64091
7290005287657,false,ממרח טונה סטארקיסט 1,סטארקיסט,IL,ממרח טונה סטארקיסט 1,גרמים,160.00,100 גרם,false,,5.90,3.6875,true,1,42100
7290005416019,false,חלב עיזים מחלבת טל 1,"ל.ד בר אל בע""מ",IL,חלב עיזים מחלבת טל 1,קילוגרמים,1.00,ליטר,false,,14.90,14.9000,true,1,48565
7290005416095,false,גבינה עיזים 5% טל 20,"ל.ד בר אל בע""מ",IL,גבינה עיזים 5% טל 20,גרמים,200.00,100 גרם,false,,12.90,6.4500,true,1,48567
7290005416262,false,משקה יוגורט עיזים תו,"ל.ד בר אל בע""מ",IL,משקה יוגורט עיזים תו,גרמים,200.00,100 גרם,false,,12.90,6.4500,true,1,48573
7290005416279,false,משקה יוגורט עיזים פי,"ל.ד בר אל בע""מ",IL,משקה יוגורט עיזים פי,גרמים,500.00,100 גרם,false,,12.90,2.5800,true,1,48572
7290005416286,false,משקה יוגורט עיזים אנ,"ל.ד בר אל בע""מ",IL,משקה יוגורט עיזים אנ,מיליליטרים,500.00,"100 מ""ל",false,,12.90,2.5800,true,1,48574
7290005416293,false,משקה יוגורט עיזים מש,"ל.ד בר אל בע""מ",IL,משקה יוגורט עיזים מש,גרמים,200.00,100 גרם,false,,12.90,6.4500,true,1,48575
7290005416491,false,משקה יוגורט עיזים טל,מחלבת טל טלה,IL,משקה יוגורט עיזים טל,גרמים,750.00,100 גרם,false,,14.90,1.9867,true,1,71935
7290005416606,false,יוגורט עיזים מחלב מל,מחלבת טל טלה,IL,יוגורט עיזים מחלב מל,מיליליטרים,400.00,"100 מ""ל",false,,12.90,3.2250,true,1,106437
7290005416613,false,יוגורט כבשים מחלב מל,מחלבת טל טלה,IL,יוגורט כבשים מחלב מל,מיליליטרים,400.00,"100 מ""ל",false,,12.90,3.2250,true,1,106438
7290005418709,false,קרם לחות נטורל לשיער,אמיליה קוסמטיקס,IL,קרם לחות נטורל לשיער,מיליליטרים,400.00,"100 מ""ל",false,,20.70,5.1750,true,1,34112
7290005418716,false,קרם לחות נטורל לשיער,אמיליה קוסמטיקס,IL,קרם לחות נטורל לשיער,מיליליטרים,400.00,"100 מ""ל",false,,20.70,5.1750,true,1,34113
7290005423055,false,תרסיס פורטה פלוס לימ,סנו,IL,תרסיס פורטה פלוס לימ,קילוגרמים,1.00,ליטר,false,,12.90,12.9000,true,1,90153
7290005423253,false,תרסיס מקסימה למייבש,סנו,IL,תרסיס מקסימה למייבש,מיליליטרים,750.00,"100 מ""ל",false,,16.90,2.2533,true,1,34117
7290005423567,false,מטליות לניקוי כללי ב,זינרגד,IL,מטליות לניקוי כללי ב,Unknown,0.00,יחידה,false,,18.90,0.0000,true,1,34130
7290005423734,false,מרכך מקסימה אולטרא פ,סנו,IL,מרכך מקסימה אולטרא פ,קילוגרמים,4.00,ליטר,false,,18.90,4.7250,true,1,34133
7290005423871,false,משחת אורביטול פלואור,טרופיקל דגיל,IL,משחת אורביטול פלואור,גרמים,435.00,100 גרם,false,,13.90,3.1954,true,1,34135
7290005423918,false,מרכך מקסימה בייבי אל,סנו,IL,מרכך מקסימה בייבי אל,קילוגרמים,4.00,ליטר,false,,18.90,4.7250,true,1,34136
7290005424472,false,מי פה אורביטול הלבנה,סנו,IL,מי פה אורביטול הלבנה,קילוגרמים,1.00,ליטר,false,,26.90,26.9000,true,1,80625
7290005424700,false,תרסיס פורטה פלוס מסי,סנו,IL,תרסיס פורטה פלוס מסי,קילוגרמים,1.00,ליטר,false,,12.90,12.9000,true,1,87770
7290005424762,false,ריצפז + דוחה תיקנים,סנו,IL,ריצפז + דוחה תיקנים,קילוגרמים,2.00,ליטר,false,,25.90,12.9500,true,1,34149
7290005424847,false,מפיות סנו סושי 150 י,איפק,IL,מפיות סנו סושי 150 י,Unknown,0.00,יחידה,false,,5.90,0.0000,true,1,34153
7290005424991,false,מבשם אויר סנו פרש או,סנו,IL,מבשם אויר סנו פרש או,מיליליטרים,250.00,"100 מ""ל",false,,12.90,5.1600,true,1,94329
7290005425073,false,מטהר סנו דאופרש יסמי,סנו,IL,מטהר סנו דאופרש יסמי,גרמים,300.00,100 גרם,false,,9.90,3.3000,true,1,34165
7290005425110,false,תרסיס סנו 99.9 חיטוי,סנו,IL,תרסיס סנו 99.9 חיטוי,מיליליטרים,750.00,"100 מ""ל",false,,14.90,1.9867,true,1,90806
7290005425127,false,תרסיס סנו 99.9 חיטוי,סנו,IL,תרסיס סנו 99.9 חיטוי,מיליליטרים,750.00,"100 מ""ל",false,,14.90,1.9867,true,1,90807
7290005425646,false,תרסיס סנוקליר 1 ליטר,סנו,IL,תרסיס סנוקליר 1 ליטר,קילוגרמים,1.00,ליטר,false,,8.90,8.9000,true,1,34177
7290005425912,false,גל אוקסיגן 4 ליטר,סנו,IL,גל אוקסיגן 4 ליטר,קילוגרמים,4.00,ליטר,false,,29.90,7.4750,true,1,34184
7290005426018,false,אל סבון בייבי כיף 2,קוסמופארם,IL,אל סבון בייבי כיף 2,קילוגרמים,2.00,ליטר,false,,24.90,12.4500,true,1,34187
7290005426193,false,ספוג הפלא סנו סושי 6,U F O,IL,ספוג הפלא סנו סושי 6,Unknown,0.00,יחידה,false,,8.90,0.0000,true,1,34190
7290005426230,false,מטלית רצפה מיקרופייב,N S,IL,מטלית רצפה מיקרופייב,Unknown,0.00,יחידה,false,,11.70,0.0000,true,1,34191
7290005426568,false,קרם לחות קרמה לשיער,קוסמופארם,IL,קרם לחות קרמה לשיער,מיליליטרים,400.00,"100 מ""ל",false,,14.90,3.7250,true,1,34209
7290005426575,false,קרם לחות קרמה לשיער,קוסמופארם,IL,קרם לחות קרמה לשיער,מיליליטרים,400.00,"100 מ""ל",false,,14.90,3.7250,true,1,34210
7290005426629,false,מטהר סנו דאופרש דובד,סנו,IL,מטהר סנו דאופרש דובד,מיליליטרים,300.00,"100 מ""ל",false,,9.90,3.3000,true,1,34214
7290005426803,false,מ.כביסה מקסימה פצולי,סנו,,מ.כביסה מקסימה פצולי,קילוגרמים,4.00,ליטר,false,,21.50,5.3750,true,1,34220
7290005426971,false,סנובון כחול תפוח 3 י,סנו,IL,סנובון כחול תפוח 3 י,גרמים,165.00,100 גרם,false,,14.90,9.0303,true,1,34229
7290005427633,false,גל כיף לעיצוב שיער 1,קוסמופארם,IL,גל כיף לעיצוב שיער 1,פריט,1.00,"ק""ג",false,,14.90,14.9000,true,1,34266
7290005427732,false,אלסבון כיף קמומיל 2,קוסמופארם,IL,אלסבון כיף קמומיל 2,קילוגרמים,2.00,ליטר,false,,13.90,6.9500,true,1,34272
7290005427749,false,אלסבון כיף אצות ים 2,קוסמופארם,IL,אלסבון כיף אצות ים 2,קילוגרמים,2.00,ליטר,false,,13.90,6.9500,true,1,34273
7290005427756,false,אלסבון כיף אלוורה 2,קוסמופארם,IL,אלסבון כיף אלוורה 2,קילוגרמים,2.00,ליטר,false,,13.90,6.9500,true,1,34274
7290005427763,false,אלסבון כיף גינסינג 2,קוסמופארם,IL,אלסבון כיף גינסינג 2,קילוגרמים,2.00,ליטר,false,,13.90,6.9500,true,1,34275
7290005427770,false,קרם לחות קרמה לשיער,קוסמופארם,IL,קרם לחות קרמה לשיער,מיליליטרים,400.00,"100 מ""ל",false,,14.90,3.7250,true,1,34276
7290005427848,false,מטליות לניקוי כללי ב,זינרגד,IL,מטליות לניקוי כללי ב,Unknown,0.00,יחידה,false,,18.90,0.0000,true,1,34282
7290005429279,false,אבקת מקסימה גאוול 6,סנו,IL,אבקת מקסימה גאוול 6,פריט,6.00,"ק""ג",false,,39.90,6.6500,true,1,34314
7290005429286,false,"אבקת מקסימה ביו 6 ק""",סנו,IL,"אבקת מקסימה ביו 6 ק""",פריט,6.00,"ק""ג",false,,39.90,6.6500,true,1,34315
7290005430602,false,"תרסיס אוקסיגן 750 מ""",סנו,IL,"תרסיס אוקסיגן 750 מ""",מיליליטרים,750.00,"100 מ""ל",false,,13.90,1.8533,true,1,34319
7290005437069,false,שמן זית למאור טעמן 1,,,שמן זית למאור טעמן 1,קילוגרמים,1.00,ליטר,false,,19.90,19.9000,true,1,34334
7290005437168,false,שמן זית זך טעמן 1 לי,סובנה,ES,שמן זית זך טעמן 1 לי,קילוגרמים,1.00,ליטר,false,,32.90,32.9000,true,1,34338
7290005437502,false,פטריות חתוכות טעמן 4,פרוצאמפ,NL,פטריות חתוכות טעמן 4,גרמים,400.00,100 גרם,false,,4.90,1.2250,true,1,34342
7290005437755,false,פסטה צינורות טעמן 50,מוטלו,TR,פסטה צינורות טעמן 50,גרמים,500.00,100 גרם,false,,3.90,0.7800,true,1,34358
7290005437762,false,פסטה ספירלה טעמן 500,מוטלו,TR,פסטה ספירלה טעמן 500,גרמים,500.00,100 גרם,false,,3.90,0.7800,true,1,34359
7290005437861,false,לפתן קוקטייל טעמן 90,פ.ת גרייט פנאפל,ID,לפתן קוקטייל טעמן 90,גרמים,900.00,100 גרם,false,,11.90,1.3222,true,1,34367
7290005437946,false,ספגטי טעמן 500 גרם,,,ספגטי טעמן 500 גרם,גרמים,500.00,100 גרם,false,,3.90,0.7800,true,1,34369
7290005559990,false,בצק פילאס תורכי מעדנ,מעדנות,IL,בצק פילאס תורכי מעדנ,גרמים,600.00,100 גרם,false,,17.90,2.9833,true,1,34428
7290005576010,false,חסה ערבית גלאט,רביבים,IL,חסה ערבית גלאט,Unknown,0.00,יחידה,false,,7.90,0.0000,true,1,34433
7290005576027,false,פטרוזיליה מהדרין,רביבים,IL,פטרוזיליה מהדרין,Unknown,0.00,יחידה,false,,6.90,0.0000,true,1,34434
7290005576034,false,כוסברה מהדרין,רביבים,IL,כוסברה מהדרין,Unknown,0.00,יחידה,false,,6.90,0.0000,true,1,34435
7290005576041,false,שמיר מהדרין,רביבים,IL,שמיר מהדרין,Unknown,0.00,יחידה,false,,6.90,0.0000,true,1,34436
7290005576065,false,סלרי מהדרין,רביבים,IL,סלרי מהדרין,Unknown,0.00,יחידה,false,,7.90,0.0000,true,1,34438
7290005576072,false,עלי סלק מהדרין,רביבים,IL,עלי סלק מהדרין,Unknown,0.00,יחידה,false,,7.90,0.0000,true,1,34439
7290005576089,false,בצל ירוק גלאט,רביבים,IL,בצל ירוק גלאט,Unknown,0.00,יחידה,false,,7.90,0.0000,true,1,34440
7290005576096,false,כרוב לבן גלאט עלים,רביבים,IL,כרוב לבן גלאט עלים,קילוגרמים,1.00,"ק""ג",true,,14.90,14.9000,true,1,34441
7290005576164,false,בזיליקום מהדרין,רביבים,IL,בזיליקום מהדרין,Unknown,0.00,יחידה,false,,6.90,0.0000,true,1,34446
7290005576201,false,כרוב לבן 400 גרם,רביבים,IL,כרוב לבן 400 גרם,גרמים,400.00,100 גרם,false,,11.90,2.9750,true,1,34448
7290005576218,false,כרוב אדום 400 גרם,רביבים,IL,כרוב אדום 400 גרם,גרמים,400.00,100 גרם,false,,11.90,2.9750,true,1,34449
7290005576225,false,קולסלאו 400 גרם,רביבים,IL,קולסלאו 400 גרם,גרמים,300.00,100 גרם,false,,11.90,3.9667,true,1,34450
7290005576232,false,חסה אייסברג 300 גרם,רביבים,IL,חסה אייסברג 300 גרם,גרמים,300.00,100 גרם,false,,12.90,4.3000,true,1,34451
7290005576263,false,"כרוב אדום 1 ק""ג",רביבים,IL,"כרוב אדום 1 ק""ג",פריט,1.00,"ק""ג",false,,14.90,14.9000,true,1,38515
7290005576348,false,שבבי גזר 250 גרם,יעל ירק עלים,IL,שבבי גזר 250 גרם,גרמים,250.00,100 גרם,false,,9.90,3.9600,true,1,100371
7290005576973,false,עלי סלק מהדרין,רביבים,IL,עלי סלק מהדרין,Unknown,0.00,יחידה,false,,7.90,0.0000,true,1,104517
7290005576980,false,בצל ירוק,רביבים,IL,בצל ירוק,Unknown,0.00,יחידה,false,,7.90,0.0000,true,1,107436
7290005678059,false,ענבים ירוקים ענבי טל,,IL,ענבים ירוקים ענבי טל,קילוגרמים,1.00,"ק""ג",true,,19.90,19.9000,true,1,108732
7290005678318,false,ענבי בוטיק אוטום קרי,אראל תוצרת חקלאית בע,IL,ענבי בוטיק אוטום קרי,קילוגרמים,1.00,"ק""ג",true,,24.90,24.9000,true,1,103880
7290005678646,false,ענבים שחורים ענבי לכ,,IL,ענבים שחורים ענבי לכ,קילוגרמים,1.00,"ק""ג",true,,11.90,11.9000,true,1,109219
7290005678653,false,ענבים צבעוניים ענבי,אראל תוצרת חקלאית בע,IL,ענבים צבעוניים ענבי,קילוגרמים,1.00,"ק""ג",true,,17.90,17.9000,true,1,108811
7290005680052,false,טמפונים אובה פרוקומפ,גונסון אנד גונסון,IT,טמפונים אובה פרוקומפ,Unknown,0.00,יחידה,false,,19.90,0.0000,true,1,56631
7290005816017,false,פילה סלמון קפוא צ'יר,,,פילה סלמון קפוא צ'יר,קילוגרמים,1.00,"ק""ג",true,,64.90,64.9000,true,1,107428
7290005838613,false,מעדן גבינה בטעם וניל,שטראוס,IL,מעדן גבינה בטעם וניל,גרמים,125.00,100 גרם,false,,3.70,2.9600,true,1,62374
7290005839078,false,מארז יוגורט פרוביוטי,שטראוס,IL,מארז יוגורט פרוביוטי,קילוגרמים,1.20,ליטר,false,,14.90,12.4167,true,1,34546
7290005896439,false,בירה מכבי ב.חוזר 5%,טמפו,IL,בירה מכבי ב.חוזר 5%,מיליליטרים,500.00,"100 מ""ל",false,,5.90,1.1800,true,1,63221
7290006199218,false,מאגדת גלידל  שלגון ב,הגלידות של פלדמן,IL,מאגדת גלידל  שלגון ב,גרמים,400.00,100 גרם,false,,28.90,7.2250,true,1,109839
7290006199942,false,מאגדת גלידל פרי דובד,הגלידות של פלדמן,IL,מאגדת גלידל פרי דובד,גרמים,640.00,100 גרם,false,,18.90,2.9531,true,1,97301
7290006214003,false,חלוה ממולאת במשקל,אל מנאר,JO,חלוה ממולאת במשקל,קילוגרמים,1.00,"ק""ג",true,,59.00,59.0000,true,1,92352
7290006222497,false,פקאן מצופה בטעמים במ,שקדיה,IL,פקאן מצופה בטעמים במ,קילוגרמים,1.00,"ק""ג",true,,99.00,99.0000,true,1,95058
7290006241511,false,תרכיז לימונענע קפוא,פריגת מצוננים,IL,תרכיז לימונענע קפוא,גרמים,340.00,100 גרם,false,,11.90,3.5000,true,1,50337
7290006241535,false,תרכיז מנגו קפוא פריג,פריגת מצוננים,IL,תרכיז מנגו קפוא פריג,גרמים,350.00,100 גרם,false,,9.90,2.8286,true,1,50336
7290006251275,false,תה ירוק סיני 25 שקיק,ויסוצקי,IL,תה ירוק סיני 25 שקיק,גרמים,150.00,100 גרם,false,,21.90,14.6000,true,1,57390
7290006251343,false,תה פסיפלורה מנגו הגן,ויסוצקי,IL,תה פסיפלורה מנגו הגן,גרמים,63.00,100 גרם,false,,12.90,20.4762,true,1,34738
7290006251374,false,תה ירוק לימונית וגינ,ויסוצקי,IL,תה ירוק לימונית וגינ,גרמים,38.00,100 גרם,false,,21.90,57.6316,true,1,57392
7290006251589,false,תה ירוק נענע 50 שקיק,ויסוצקי,IL,תה ירוק נענע 50 שקיק,גרמים,75.00,100 גרם,false,,41.90,55.8667,true,1,34740
7290006265500,false,פטריות שמפיניון ארוז,מרינה פטריות,IL,פטריות שמפיניון ארוז,Unknown,0.00,יחידה,false,,8.90,0.0000,true,1,59090
7290006265548,false,נבטים סינים יח,מרינה,IL,נבטים סינים יח,Unknown,0.00,יחידה,false,,5.90,0.0000,true,1,62497
7290006265890,false,נבטי חמניה יח,מרינה,IL,נבטי חמניה יח,Unknown,0.00,יחידה,false,,8.90,0.0000,true,1,62499
7290006271181,false,גחנון אפוי מעדנות 75,מעדנות,IL,גחנון אפוי מעדנות 75,גרמים,750.00,100 גרם,false,,17.90,2.3867,true,1,34744
7290006271648,false,מיני בורקס תפוא מעדנ,מעדנות,IL,מיני בורקס תפוא מעדנ,גרמים,800.00,100 גרם,false,,19.90,2.4875,true,1,51889
7290006271655,false,מיני בורקס גבינה מעד,מעדנות,IL,מיני בורקס גבינה מעד,גרמים,800.00,100 גרם,false,,19.90,2.4875,true,1,51888
7290006289032,false,פילה מדומה קפוא וול,,,פילה מדומה קפוא וול,קילוגרמים,1.00,"ק""ג",true,,94.90,94.9000,true,1,105857
7290006289056,false,בשר בקר פרוס לחמין ק,,,בשר בקר פרוס לחמין ק,קילוגרמים,1.00,"ק""ג",true,,84.90,84.9000,true,1,102992
7290006289223,false,בשר מס' 9 פלאנקען פר,,,בשר מס' 9 פלאנקען פר,קילוגרמים,1.00,"ק""ג",true,,89.90,89.9000,true,1,100229
7290006289230,false,צלי כתף קפוא וול דאן,,,צלי כתף קפוא וול דאן,קילוגרמים,1.00,"ק""ג",true,,139.00,139.0000,true,1,105853
7290006289254,false,רגל עגל קפוא וול דאן,,,רגל עגל קפוא וול דאן,קילוגרמים,1.00,"ק""ג",true,,69.90,69.9000,true,1,101402
7290006289261,false,עצמות בקר קפוא וול ד,,,עצמות בקר קפוא וול ד,קילוגרמים,1.00,"ק""ג",true,,24.90,24.9000,true,1,100225
7290006289346,false,קישקע וול דאן 500 גר,וול דאן,IL,קישקע וול דאן 500 גר,גרמים,500.00,100 גרם,false,,24.90,4.9800,true,1,97379
7290006289469,false,עצמות מח קפוא וול דא,,,עצמות מח קפוא וול דא,קילוגרמים,1.00,"ק""ג",true,,59.90,59.9000,true,1,100231
7290006289599,false,קישקע פרימיום וול דא,וול דאן,IL,קישקע פרימיום וול דא,גרמים,500.00,100 גרם,false,,24.90,4.9800,true,1,97381
7290006289711,false,עצמות ברך קפוא וול ד,,,עצמות ברך קפוא וול ד,קילוגרמים,1.00,"ק""ג",true,,29.90,29.9000,true,1,100233
7290006289773,false,נקניקיות צוריסוס וול,וול דאן,IL,נקניקיות צוריסוס וול,גרמים,400.00,100 גרם,false,,39.90,9.9750,true,1,97385
7290006289834,false,סטייק ריב קפוא וול ד,,,סטייק ריב קפוא וול ד,קילוגרמים,1.00,"ק""ג",true,,149.00,149.0000,true,1,100234
7290006289865,false,בשר מס' 9 אסאדו פרוס,,,בשר מס' 9 אסאדו פרוס,קילוגרמים,1.00,"ק""ג",true,,89.90,89.9000,true,1,100235
7290006289971,false,נקניקיות מרגז וול דא,וול דאן,IL,נקניקיות מרגז וול דא,גרמים,400.00,100 גרם,false,,39.90,9.9750,true,1,97386
7290006299048,false,יין ג'וזף רזרב 2019,יקב ג'ודואה,IL,יין ג'וזף רזרב 2019,מיליליטרים,750.00,"100 מ""ל",false,,109.90,14.6533,true,1,99109
7290006299628,false,יין ירושלים קולקשיין,אנטי  פוד משקאות,IL,יין ירושלים קולקשיין,מיליליטרים,750.00,"100 מ""ל",false,,69.90,9.3200,true,1,100002
7290006299642,false,יין ירושלים קולקשיין,אנטי  פוד משקאות,IL,יין ירושלים קולקשיין,מיליליטרים,750.00,"100 מ""ל",false,,99.90,13.3200,true,1,100004
7290006306296,false,רביולי גבינה נונה 40,פסטה נונה,IL,רביולי גבינה נונה 40,גרמים,400.00,100 גרם,false,,18.90,4.7250,true,1,55757
7290006306302,false,רביולי פרמזן וריקוטה,פסטה נונה,IL,רביולי פרמזן וריקוטה,גרמים,400.00,100 גרם,false,,18.90,4.7250,true,1,34758
7290006306319,false,רביולי בטטה נונה 400,פסטה נונה,IL,רביולי בטטה נונה 400,גרמים,400.00,100 גרם,false,,18.90,4.7250,true,1,34759
7290006306326,false,רביולי פטריות ופרמזן,פסטה נונה,IL,רביולי פטריות ופרמזן,גרמים,400.00,100 גרם,false,,18.90,4.7250,true,1,34760
7290006306333,false,רביולי תרד וריקוטה נ,פסטה נונה,IL,רביולי תרד וריקוטה נ,גרמים,400.00,100 גרם,false,,18.90,4.7250,true,1,34761
7290006306357,false,רביולי גבינת עיזים נ,פסטה נונה,IL,רביולי גבינת עיזים נ,גרמים,400.00,100 גרם,false,,18.90,4.7250,true,1,34763
7290006342072,false,גרעין לבן 200 גרם יח,דין שיווק,IL,גרעין לבן 200 גרם יח,גרמים,200.00,100 גרם,false,,6.50,3.2500,true,1,39604
7290006342645,false,טורטיות 12*70 גרם,,TR,טורטיות 12*70 גרם,מיליליטרים,840.00,"100 מ""ל",false,,14.90,1.7738,true,1,62055
7290006374660,false,שמן זית קלאסי יד מרד,יד מרדכי,IL,שמן זית קלאסי יד מרד,קילוגרמים,1.00,ליטר,false,,39.90,39.9000,true,1,34786
7290006374738,false,קונפיטורה תות יד מרד,יד מרדכי,IL,קונפיטורה תות יד מרד,גרמים,340.00,100 גרם,false,,12.90,3.7941,true,1,34788
7290006429506,false,לפתן אפרסק טעמן 820,,,לפתן אפרסק טעמן 820,גרמים,820.00,100 גרם,false,,9.70,1.1829,true,1,34817
7290006449955,false,מלפפון בייבי מארז,מרינה,IL,מלפפון בייבי מארז,Unknown,0.00,יחידה,false,,8.90,0.0000,true,1,69524
7290006492432,false,גבינת מוצרלה בייבי 1,מחלבות גד,IL,גבינת מוצרלה בייבי 1,גרמים,150.00,100 גרם,false,,12.90,8.6000,true,1,34851
7290006492685,false,לאבנה עיזים 5% גד 25,מחלבות גד,IL,לאבנה עיזים 5% גד 25,גרמים,250.00,100 גרם,false,,15.90,6.3600,true,1,34854
7290006492852,false,גבינה עיזים 5% גד 25,מחלבות גד,IL,גבינה עיזים 5% גד 25,גרמים,250.00,100 גרם,false,,15.90,6.3600,true,1,34856
7290006497130,false,קישקע פרווה רובינפלד,,,קישקע פרווה רובינפלד,גרמים,500.00,100 גרם,false,,14.90,2.9800,true,1,74767
7290006560964,false,מגש מלבן שקוף 5 יח,בי רייט,CN,מגש מלבן שקוף 5 יח,Unknown,0.00,יחידה,false,,19.90,0.0000,true,1,86913
7290006560988,false,קערה מעוטרת בינונית,בי רייט,CN,קערה מעוטרת בינונית,Unknown,0.00,יחידה,false,,19.90,0.0000,true,1,86907
7290006561022,false,מגש מחולק ל - 4 שקוף,הנג טונג,CN,מגש מחולק ל - 4 שקוף,Unknown,0.00,יחידה,false,,19.90,0.0000,true,1,86912
7290006561039,false,קערה מרובעת שקופה קט,הנג טונג,CN,קערה מרובעת שקופה קט,Unknown,0.00,יחידה,false,,19.90,0.0000,true,1,86909
7290006561121,false,קערה 2 פסים ענקית לס,הנג טונג,CN,קערה 2 פסים ענקית לס,Unknown,0.00,יחידה,false,,19.90,0.0000,true,1,88611
7290006582355,false,סילאן שקדיה 900 גרם,,IL,סילאן שקדיה 900 גרם,גרמים,900.00,100 גרם,false,,9.90,1.1000,true,1,56113
7290006664051,false,אקטימל דנונה 14*100,שטראוס,IL,אקטימל דנונה 14*100,קילוגרמים,1.40,ליטר,false,,24.90,17.7857,true,1,35017
7290006664402,false,גבינה 5% סקי 750 גרם,שטראוס,IL,גבינה 5% סקי 750 גרם,גרמים,750.00,100 גרם,false,,12.90,1.7200,true,1,40086
7290006664532,false,דנונה פרי תות 150 גר,שטראוס,IL,דנונה פרי תות 150 גר,גרמים,150.00,100 גרם,false,,3.50,2.3333,true,1,35024
7290006664655,false,אקטימל דנונה 8*100 מ,שטראוס,IL,אקטימל דנונה 8*100 מ,מיליליטרים,800.00,"100 מ""ל",false,,16.90,2.1125,true,1,35027
7290006664693,false,דנונה פרי אפרסק 150,שטראוס,IL,דנונה פרי אפרסק 150,מיליליטרים,150.00,"100 מ""ל",false,,3.50,2.3333,true,1,35028
7290006664990,false,מארז יוגורט פרוביוטי,שטראוס,IL,מארז יוגורט פרוביוטי,קילוגרמים,1.20,ליטר,false,,14.90,12.4167,true,1,35030
7290006681003,false,שרבט קרמיסימו תות לי,גלידות שטראוס,IL,שרבט קרמיסימו תות לי,קילוגרמים,1.33,ליטר,false,,17.50,13.1579,true,1,35031
7290006681553,false,קרמבו וניל שטראוס 8,שטראוס,IL,קרמבו וניל שטראוס 8,גרמים,200.00,100 גרם,false,,12.90,6.4500,true,1,104429
7290006681560,false,קרמבו מוקה שטראוס 8,שטראוס,IL,קרמבו מוקה שטראוס 8,גרמים,200.00,100 גרם,false,,12.90,6.4500,true,1,104430
7290006696717,false,תירוש לבן אפרת 1 ליט,יקב טפרברג 1870 בעמ,IL,תירוש לבן אפרת 1 ליט,קילוגרמים,1.00,ליטר,false,,14.90,14.9000,true,1,35045
7290006730077,false,איגלו קליקים 70 יח,קלית סיטבון בעמ,IL,איגלו קליקים 70 יח,פריט,2.10,"ק""ג",false,,7.90,3.7619,true,1,62684
7290006730084,false,שלוקים פופלי אייס 8,קלית סיטבון בעמ,IL,שלוקים פופלי אייס 8,מיליליטרים,800.00,"100 מ""ל",false,,1.90,0.2375,true,1,80777
7290006730268,false,טרופיק פקק 40 יח,קלית סיטבון בעמ,IL,טרופיק פקק 40 יח,קילוגרמים,8.00,ליטר,false,,39.90,4.9875,true,1,62631
7290006730398,false,טרופיק קש 40 יח,קלית סיטבון בעמ,IL,טרופיק קש 40 יח,מיליליטרים,200.00,"100 מ""ל",false,,29.90,14.9500,true,1,58121
7290006739131,false,בצק פילו זוגלובק 500,מאפיית אריאל,IL,בצק פילו זוגלובק 500,גרמים,500.00,100 גרם,false,,11.90,2.3800,true,1,67444
7290006739407,false,שניצל תירס לייט זוגל,זוגלובק,IL,שניצל תירס לייט זוגל,גרמים,630.00,100 גרם,false,,21.90,3.4762,true,1,52569
7290006739445,false,שניצל תירס זוגלובק 7,זוגלובק,IL,שניצל תירס זוגלובק 7,גרמים,750.00,100 גרם,false,,21.90,2.9200,true,1,41037
7290006741363,false,בורקס תפוא זוגלובק 8,זוגלובק,IL,בורקס תפוא זוגלובק 8,גרמים,800.00,100 גרם,false,,12.90,1.6125,true,1,35054
7290006764065,false,בירה נשר מאלט ב.חוזר,טמפו,IL,בירה נשר מאלט ב.חוזר,מיליליטרים,500.00,"100 מ""ל",false,,4.80,0.9600,true,1,56153
7290006764072,false,בירה גולדסטאר ב.חוזר,טמפו,IL,בירה גולדסטאר ב.חוזר,מיליליטרים,500.00,"100 מ""ל",false,,7.90,1.5800,true,1,56152
7290006764157,false,בירה גולדסטאר לא מסו,טמפו,IL,בירה גולדסטאר לא מסו,מיליליטרים,500.00,"100 מ""ל",false,,7.90,1.5800,true,1,92557
7290006765000,false,טורטיות חיטה מלאה 12,,TR,טורטיות חיטה מלאה 12,גרמים,540.00,100 גרם,false,,9.90,1.8333,true,1,62056
7290006775016,false,עוגת תפוז אחוה 450 ג,אחדות ביחר לטחינה חל,IL,עוגת תפוז אחוה 450 ג,גרמים,450.00,100 גרם,false,,8.90,1.9778,true,1,35081
7290006775023,false,עוגה אנגלית אחוה 450,אחדות ביחר לטחינה חל,IL,עוגה אנגלית אחוה 450,גרמים,450.00,100 גרם,false,,8.90,1.9778,true,1,35082
7290006775030,false,עוגת שוקולד ציפס אחו,אחדות ביחר לטחינה חל,IL,עוגת שוקולד ציפס אחו,גרמים,450.00,100 גרם,false,,8.90,1.9778,true,1,35083
7290006775047,false,עוגת שוקולד אחוה 450,אחדות ביחר לטחינה חל,IL,עוגת שוקולד אחוה 450,גרמים,450.00,100 גרם,false,,8.90,1.9778,true,1,35084
7290006775054,false,עוגת שיש אחוה 450 גר,אחדות ביחר לטחינה חל,IL,עוגת שיש אחוה 450 גר,גרמים,450.00,100 גרם,false,,8.90,1.9778,true,1,35085
7290006775191,false,מאפין במילוי שוקולד,אחדות ביחר לטחינה חל,IL,מאפין במילוי שוקולד,גרמים,50.00,100 גרם,false,,1.30,2.6000,true,1,35090
7290006775306,false,מאפין במילוי תות אחו,אחדות ביחר לטחינה חל,IL,מאפין במילוי תות אחו,גרמים,50.00,100 גרם,false,,1.30,2.6000,true,1,38611
7290006775337,false,עוגת שמרים פרג אחוה,אחדות ביחר לטחינה חל,IL,עוגת שמרים פרג אחוה,גרמים,400.00,100 גרם,false,,9.80,2.4500,true,1,35096
7290006775344,false,עוגת שמרים במילוי קר,אחדות ביחר לטחינה חל,IL,עוגת שמרים במילוי קר,גרמים,400.00,100 גרם,false,,9.80,2.4500,true,1,35097
7290006775405,false,מאפין שוקולד ציפס אח,אחדות ביחר לטחינה חל,IL,מאפין שוקולד ציפס אח,גרמים,45.00,100 גרם,false,,1.30,2.8889,true,1,35098
7290006775764,false,עוגת שוקולד ציפס ללא,אחדות ביחר לטחינה חל,IL,עוגת שוקולד ציפס ללא,גרמים,400.00,100 גרם,false,,10.90,2.7250,true,1,35102
7290006775801,false,רוגעלך בטעם שוקולד א,אחדות ביחר לטחינה חל,IL,רוגעלך בטעם שוקולד א,גרמים,400.00,100 גרם,false,,8.90,2.2250,true,1,52964
7290006788429,false,דאו רול און קרליין ס,אמיליה קוסמטיקס,IL,דאו רול און קרליין ס,גרמים,75.00,100 גרם,false,,10.90,14.5333,true,1,35155
7290006788436,false,דאו רול און קרליין פ,אמיליה קוסמטיקס,IL,דאו רול און קרליין פ,גרמים,75.00,100 גרם,false,,10.90,14.5333,true,1,35156
7290006788443,false,דאו רול און קרליין א,אמיליה קוסמטיקס,IL,דאו רול און קרליין א,גרמים,75.00,100 גרם,false,,10.90,14.5333,true,1,35157
7290006788498,false,דאו ספריי קרליין נוש,אמיליה קוסמטיקס,IL,דאו ספריי קרליין נוש,מיליליטרים,200.00,"100 מ""ל",false,,10.90,5.4500,true,1,35161
7290006788504,false,דאו ספריי קרליין נוש,אמיליה קוסמטיקס,IL,דאו ספריי קרליין נוש,מיליליטרים,200.00,"100 מ""ל",false,,10.90,5.4500,true,1,35162
7290006805355,false,תערובת להכנת כדורי ש,פוליבה,IL,תערובת להכנת כדורי ש,גרמים,500.00,100 גרם,false,,15.90,3.1800,true,1,35179
7290006822192,false,נקטר חמוציות דיאט או,פריגת,IL,נקטר חמוציות דיאט או,קילוגרמים,1.00,ליטר,false,,11.20,11.2000,true,1,40574
7290006983152,false,קרוטונים למרק אסם 40,עינת,IL,קרוטונים למרק אסם 40,גרמים,400.00,100 גרם,false,,14.90,3.7250,true,1,35247
7290006983176,false,לחמית שיפון 230 גרם,אסם,IL,לחמית שיפון 230 גרם,גרמים,230.00,100 גרם,false,,7.50,3.2609,true,1,35248
7290006983206,false,אבקת פלאפל אסם 180 ג,אסם,IL,אבקת פלאפל אסם 180 ג,גרמים,180.00,100 גרם,false,,8.90,4.9444,true,1,53268
7290006983770,false,עוגת שיש אסם 400 גרם,אסם,IL,עוגת שיש אסם 400 גרם,גרמים,400.00,100 גרם,false,,9.90,2.4750,true,1,35256
7290006983787,false,עוגת שוקולד ציפס אסם,אסם,IL,עוגת שוקולד ציפס אסם,גרמים,400.00,100 גרם,false,,9.90,2.4750,true,1,35257
7290006992161,false,דייסת קורנפלור מטרנה,מטרנה,IL,דייסת קורנפלור מטרנה,גרמים,200.00,100 גרם,false,,12.90,6.4500,true,1,35264
7290006992185,false,דייסת אורז מטרנה 200,מטרנה,IL,דייסת אורז מטרנה 200,גרמים,200.00,100 גרם,false,,12.90,6.4500,true,1,35266
7290006992208,false,דייסת דגנים מעורבים,מטרנה,IL,דייסת דגנים מעורבים,גרמים,200.00,100 גרם,false,,12.90,6.4500,true,1,35268
7290006992390,false,דייסת וניל מטרנה 200,מטרנה,IL,דייסת וניל מטרנה 200,גרמים,200.00,100 גרם,false,,12.90,6.4500,true,1,35270
7290008154222,false,שניצלונים עוף טוב 70,עוף טוב,IL,שניצלונים עוף טוב 70,גרמים,700.00,100 גרם,false,,14.90,2.1286,true,1,37450
7290008190664,false,אפיפיות אגוז ושוקולד,כרמית,IL,אפיפיות אגוז ושוקולד,גרמים,110.00,100 גרם,false,,5.90,5.3636,true,1,37479
7290008190985,false,סוכריות על מקל בטעם,כרמית,IL,סוכריות על מקל בטעם,גרמים,500.00,100 גרם,false,,12.90,2.5800,true,1,37482
7290008194266,false,חטיפים מעורב 350 גרם,ממתקי השלום,IL,חטיפים מעורב 350 גרם,גרמים,350.00,100 גרם,false,,12.90,3.6857,true,1,50961
7290008194839,false,חטיפים מצופים 300 גר,ממתקי השלום,IL,חטיפים מצופים 300 גר,גרמים,300.00,100 גרם,false,,12.90,4.3000,true,1,76789
7290008257008,false,מסרק סמיך אריסטוקרט,אריסטוקרט,CN,מסרק סמיך אריסטוקרט,Unknown,0.00,יחידה,false,,10.90,0.0000,true,1,39986
7290008257138,false,פטמות לבקבוק צר אריס,אריסטוקרט,,פטמות לבקבוק צר אריס,Unknown,0.00,יחידה,false,,4.90,0.0000,true,1,37496
7290008257169,false,פלסטר אריסטוקרט 100,אריסטוקרט,CN,פלסטר אריסטוקרט 100,Unknown,0.00,יחידה,false,,6.90,0.0000,true,1,37499
7290008257206,false,מברשת לניקוי בקבוקים,אריסטוקרט,,מברשת לניקוי בקבוקים,Unknown,0.00,יחידה,false,,4.90,0.0000,true,1,37503
7290008257220,false,בקבוק צר מעוצב לתינו,אריסטוקרט,,בקבוק צר מעוצב לתינו,Unknown,0.00,יחידה,false,,10.90,0.0000,true,1,37505
7290008257244,false,מברשת + מסרק לתינוק,אריסטוקרט,,מברשת + מסרק לתינוק,Unknown,0.00,יחידה,false,,7.90,0.0000,true,1,37506
7290008257275,false,פטמות לבקבוק רחב ארי,אריסטוקרט,,פטמות לבקבוק רחב ארי,Unknown,0.00,יחידה,false,,11.90,0.0000,true,1,37509
7290008257312,false,מוצץ סיליקון גדול אר,אריסטוקרט,,מוצץ סיליקון גדול אר,Unknown,0.00,יחידה,false,,13.90,0.0000,true,1,37512
7290008257411,false,סינר מגבת לתינוק ארי,אריסטוקרט,,סינר מגבת לתינוק ארי,Unknown,0.00,יחידה,false,,13.90,0.0000,true,1,62529
7290008257558,false,מבריק נעליים אריסטוק,אריסטוקרט,TR,מבריק נעליים אריסטוק,Unknown,0.00,יחידה,false,,5.90,0.0000,true,1,37532
7290008257688,false,נשכן לתינוק אריסטוקר,אריסטוקרט,,נשכן לתינוק אריסטוקר,Unknown,0.00,יחידה,false,,6.90,0.0000,true,1,37540
7290008257718,false,רפידות הנקה אריסטוקר,אריסטוקרט,CN,רפידות הנקה אריסטוקר,Unknown,0.00,יחידה,false,,18.90,0.0000,true,1,37543
7290008257909,false,נוזל נעליים אריסטוקר,אריסטוקרט,TR,נוזל נעליים אריסטוקר,Unknown,0.00,יחידה,false,,4.90,0.0000,true,1,37553
7290008343466,false,בצק פילו ש.האופים 50,שלושת האופים,IL,בצק פילו ש.האופים 50,גרמים,500.00,100 גרם,false,,16.90,3.3800,true,1,37592
7290008343503,false,גחנון ש.האופים 650 ג,שלושת האופים,IL,גחנון ש.האופים 650 ג,גרמים,650.00,100 גרם,false,,16.90,2.6000,true,1,37593
7290008343558,false,סיגרים בשר ש.האופים,שלושת האופים,IL,סיגרים בשר ש.האופים,פריט,1.00,"ק""ג",false,,16.90,16.9000,true,1,37595
7290008343565,false,סיגרים תפוא ש.האופים,שלושת האופים,IL,סיגרים תפוא ש.האופים,פריט,1.00,"ק""ג",false,,16.90,16.9000,true,1,37596
7290008343572,false,אגרול סיני ש.האופים,שלושת האופים,IL,אגרול סיני ש.האופים,פריט,1.00,"ק""ג",false,,16.90,16.9000,true,1,37597
7290008343602,false,קובה בשר ש.האופים 1,שלושת האופים,IL,קובה בשר ש.האופים 1,פריט,1.00,"ק""ג",false,,16.90,16.9000,true,1,37600
7290008343619,false,פסטלים תפוא ש.האופים,שלושת האופים,IL,פסטלים תפוא ש.האופים,פריט,1.00,"ק""ג",false,,16.90,16.9000,true,1,37601
7290008343626,false,כדורי פלאפל ש.האופים,שלושת האופים,IL,כדורי פלאפל ש.האופים,פריט,1.00,"ק""ג",false,,16.90,16.9000,true,1,37602
7290008347211,false,אצבעות דג מצופות דלי,דלידג,IL,אצבעות דג מצופות דלי,גרמים,700.00,100 גרם,false,,19.90,2.8429,true,1,37613
7290008423014,false,פלפל שחור גרוס פרג 1,תבליני הדור השלישי,IL,פלפל שחור גרוס פרג 1,גרמים,100.00,100 גרם,false,,15.90,15.9000,true,1,37755
7290008423021,false,כמון פרג 400 גרם,תבליני הדור השלישי,IL,כמון פרג 400 גרם,גרמים,400.00,100 גרם,false,,34.90,8.7250,true,1,37756
7290008423045,false,תבלין לקציצות פרג 10,תבליני הדור השלישי,IL,תבלין לקציצות פרג 10,גרמים,100.00,100 גרם,false,,16.90,16.9000,true,1,37758
7290008423052,false,עגבניות מיובשות פרג,תבליני הדור השלישי,IL,עגבניות מיובשות פרג,גרמים,250.00,100 גרם,false,,14.90,5.9600,true,1,37759
7290008423243,false,מלח שולחן הים האדום,מלח הארץ,IL,מלח שולחן הים האדום,גרמים,650.00,100 גרם,false,,7.50,1.1538,true,1,73122
7290008423250,false,מלח גס הים האדום 630,מלח הארץ,IL,מלח גס הים האדום 630,גרמים,630.00,100 גרם,false,,7.50,1.1905,true,1,73121
7290008426053,false,יין עדולם 2017 חבל י,יקב חבל יהודה,IL,יין עדולם 2017 חבל י,מיליליטרים,750.00,"100 מ""ל",false,,89.00,11.8667,true,1,98053
7290008432696,false,בשר מס'  8 שריר קפוא,,,בשר מס'  8 שריר קפוא,קילוגרמים,1.00,"ק""ג",true,,89.90,89.9000,true,1,100527
7290008432856,false,"בשר בקר צוואר ע""ע פר",,,"בשר בקר צוואר ע""ע פר",קילוגרמים,1.00,"ק""ג",true,,39.90,39.9000,true,1,102993
7290008443265,false,אל סבון סופטקר 2 ליט,אמיליה קוסמטיקס,IL,אל סבון סופטקר 2 ליט,קילוגרמים,2.00,ליטר,false,,24.90,12.4500,true,1,37766
7290008443616,false,מרכך נקה 7 לשיער יבש,אמיליה קוסמטיקס,IL,מרכך נקה 7 לשיער יבש,מיליליטרים,750.00,"100 מ""ל",false,,9.90,1.3200,true,1,37775
7290008443630,false,שמפו נקה 7 לשיער מתו,אמיליה קוסמטיקס,IL,שמפו נקה 7 לשיער מתו,מיליליטרים,750.00,"100 מ""ל",false,,9.90,1.3200,true,1,40568
7290008455619,false,עוף מס 2 קפוא לנדא,,IL,עוף מס 2 קפוא לנדא,קילוגרמים,1.00,"ק""ג",true,,25.90,25.9000,true,1,107217
7290008455725,false,עצמות עוף קפוא לנדא,,IL,עצמות עוף קפוא לנדא,קילוגרמים,1.00,"ק""ג",true,,8.90,8.9000,true,1,106823
7290008455800,false,עוף שלם טרי לנדא,,,עוף שלם טרי לנדא,קילוגרמים,1.00,"ק""ג",true,,29.90,29.9000,true,1,106767
7290008455817,false,עוף  מחולק טרי לנדא,,,עוף  מחולק טרי לנדא,קילוגרמים,1.00,"ק""ג",true,,32.90,32.9000,true,1,106768
7290008455824,false,כרעיים עוף טרי לנדא,,,כרעיים עוף טרי לנדא,קילוגרמים,1.00,"ק""ג",true,,34.90,34.9000,true,1,106769
7290008455848,false,שוקיים עוף טרי לנדא,,,שוקיים עוף טרי לנדא,קילוגרמים,1.00,"ק""ג",true,,49.90,49.9000,true,1,106771
7290008455855,false,ירכיים עוף טרי לנדא,,,ירכיים עוף טרי לנדא,קילוגרמים,1.00,"ק""ג",true,,39.90,39.9000,true,1,106772
7290008455862,false,כנפיים עוף טרי לנדא,,,כנפיים עוף טרי לנדא,קילוגרמים,1.00,"ק""ג",true,,17.90,17.9000,true,1,106773
7290008455879,false,גרונות עוף טרי לנדא,,,גרונות עוף טרי לנדא,קילוגרמים,1.00,"ק""ג",true,,9.90,9.9000,true,1,106775
7290008455893,false,פרגית עוף טרי לנדא,,,פרגית עוף טרי לנדא,קילוגרמים,1.00,"ק""ג",true,,89.90,89.9000,true,1,106774
7290008455916,false,שניצל עוף פרימיום טר,,,שניצל עוף פרימיום טר,קילוגרמים,1.00,"ק""ג",true,,59.90,59.9000,true,1,106778
7290008464024,false,בירה גולדסטאר פחית 4,טמפו,IL,בירה גולדסטאר פחית 4,מיליליטרים,500.00,"100 מ""ל",false,,7.90,1.5800,true,1,69982
7290008464130,false,מארז בירה גולדסטאר 4,טמפו,IL,מארז בירה גולדסטאר 4,קילוגרמים,1.98,ליטר,false,,29.90,15.1010,true,1,63172
7290008464468,false,בירה גולדסטאר פחית 4,טמפו,IL,בירה גולדסטאר פחית 4,מיליליטרים,500.00,"100 מ""ל",false,,7.90,1.5800,true,1,69981
7290008464703,false,מארז בירה מכבי 5% 6,טמפו,,מארז בירה מכבי 5% 6,קילוגרמים,1.98,ליטר,false,,29.90,15.1010,true,1,37779
7290008464734,false,מארז בירה גולדסטאר 1,טמפו,IL,מארז בירה גולדסטאר 1,קילוגרמים,1.98,ליטר,false,,34.90,17.6263,true,1,81855
7290008464741,false,מארז בירה גולדסטאר 4,טמפו,IL,מארז בירה גולדסטאר 4,קילוגרמים,1.98,ליטר,false,,27.90,14.0909,true,1,37782
7290008464796,false,מארז בירה היינקן 5%,טמפו,IL,מארז בירה היינקן 5%,קילוגרמים,1.98,ליטר,false,,29.90,15.1010,true,1,37784
7290008464987,false,מארז סודה טמפו 6*1.5,טמפו,IL,מארז סודה טמפו 6*1.5,קילוגרמים,9.00,ליטר,false,,14.70,1.6333,true,1,37785
7290008466769,false,שנייק קינמון אנטקובי,אנטיקביץ,IL,שנייק קינמון אנטקובי,גרמים,600.00,100 גרם,false,,12.90,2.1500,true,1,108425
7290008466776,false,שנייק וניל אנטקוביץ,אנטיקביץ,IL,שנייק וניל אנטקוביץ,גרמים,600.00,100 גרם,false,,12.90,2.1500,true,1,108426
7290008466783,false,שנייק שוקולד אנטקובי,אנטיקביץ,IL,שנייק שוקולד אנטקובי,גרמים,600.00,100 גרם,false,,12.90,2.1500,true,1,108427
7290008466790,false,רוגלך שוקולד אנטקובי,אנטיקביץ,IL,רוגלך שוקולד אנטקובי,גרמים,600.00,100 גרם,false,,12.90,2.1500,true,1,108428
7290008470766,false,אורביט סטיקס 8*5 יח,ריגלי,FR,אורביט סטיקס 8*5 יח,גרמים,124.00,100 גרם,false,,12.90,10.4032,true,1,65437
7290008507486,false,אנטריקוט דקדק נתח אד,נתח אדום,IL,אנטריקוט דקדק נתח אד,גרמים,250.00,100 גרם,false,,29.90,11.9600,true,1,109506
7290008545129,false,שיפודי אנטריקוט טרי,,,שיפודי אנטריקוט טרי,קילוגרמים,1.00,"ק""ג",true,,99.90,99.9000,true,1,103199
7290008545136,false,דנוור קאט סטייק טרי,,,דנוור קאט סטייק טרי,קילוגרמים,1.00,"ק""ג",true,,99.90,99.9000,true,1,103200
7290008545181,false,בשר עגל טחון דל שומן,,,בשר עגל טחון דל שומן,קילוגרמים,1.00,"ק""ג",true,,69.90,69.9000,true,1,105748
7290008545198,false,אונטריפ צלעות טרי עט,,,אונטריפ צלעות טרי עט,קילוגרמים,1.00,"ק""ג",true,,79.90,79.9000,true,1,108106
7290008545204,false,דלמוניקו סטייק טרי ע,,,דלמוניקו סטייק טרי ע,קילוגרמים,1.00,"ק""ג",true,,89.90,89.9000,true,1,108107
7290008545280,false,בשר בקר טחון טרי,,,בשר בקר טחון טרי,קילוגרמים,1.00,"ק""ג",true,,39.90,39.9000,true,1,105730
7290008597906,false,אורז יסמין שקדיה 5 ק,,TH,אורז יסמין שקדיה 5 ק,פריט,5.00,"ק""ג",false,,39.90,7.9800,true,1,40852
7290008611046,false,פילה סלמון נורווגי,,,פילה סלמון נורווגי,קילוגרמים,1.00,"ק""ג",true,,64.90,64.9000,true,1,101540
7290008611060,false,פילה סלמון נורווגי,,,פילה סלמון נורווגי,קילוגרמים,1.00,"ק""ג",true,,64.90,64.9000,true,1,108079
7290008611091,false,מנות פילה סלמון,,,מנות פילה סלמון,קילוגרמים,1.00,"ק""ג",true,,79.90,79.9000,true,1,108731
7290008611138,false,טונה אדומה במשקל,,,טונה אדומה במשקל,קילוגרמים,1.00,"ק""ג",true,,49.90,49.9000,true,1,109644
7290008611343,false,מנות פילה נסיכת הניל,נטורס פיש לימיטד,UG,מנות פילה נסיכת הניל,קילוגרמים,1.00,"ק""ג",true,,39.90,39.9000,true,1,109429
7290008631556,false,כרעיים עוף קפוא לנדא,,,כרעיים עוף קפוא לנדא,קילוגרמים,1.00,"ק""ג",true,,39.90,39.9000,true,1,107222
7290008631563,false,חזה עוף קפוא לנדא,,IL,חזה עוף קפוא לנדא,קילוגרמים,1.00,"ק""ג",true,,44.90,44.9000,true,1,107225
7290008631570,false,שוקיים עוף קפוא לנדא,,IL,שוקיים עוף קפוא לנדא,קילוגרמים,1.00,"ק""ג",true,,41.90,41.9000,true,1,107223
7290008631594,false,כנפיים עוף קפוא לנדא,,IL,כנפיים עוף קפוא לנדא,קילוגרמים,1.00,"ק""ג",true,,16.90,16.9000,true,1,107230
7290008631600,false,גרון עוף קפוא לנדא,,IL,גרון עוף קפוא לנדא,קילוגרמים,1.00,"ק""ג",true,,3.90,3.9000,true,1,107231
7290008631969,false,נגיסי עוף לנדא 700 ג,,IL,נגיסי עוף לנדא 700 ג,גרמים,700.00,100 גרם,false,,29.90,4.2714,true,1,110274
7290008631976,false,טבעות עוף לנדא 700 ג,,IL,טבעות עוף לנדא 700 ג,גרמים,700.00,100 גרם,false,,29.90,4.2714,true,1,110275
7290008636018,false,כפתורי צמקאו עם סוכר,מיה תעשיות מזון בעמ,IL,כפתורי צמקאו עם סוכר,גרמים,240.00,100 גרם,false,,9.90,4.1250,true,1,37824
7290008636193,false,כמון מיה 300 גרם,מיה תעשיות מזון בעמ,IL,כמון מיה 300 גרם,גרמים,300.00,100 גרם,false,,12.90,4.3000,true,1,37829
7290008636209,false,כורכום מיה 300 גרם,מיה תעשיות מזון בעמ,IL,כורכום מיה 300 גרם,גרמים,300.00,100 גרם,false,,12.90,4.3000,true,1,37830
7290008636339,false,שבבי תפוא מיה 400 גר,,,שבבי תפוא מיה 400 גר,גרמים,400.00,100 גרם,false,,8.90,2.2250,true,1,37832
7290008636704,false,קונפיטורה משמש מיה 3,מיה תעשיות מזון בעמ,IL,קונפיטורה משמש מיה 3,גרמים,340.00,100 גרם,false,,8.70,2.5588,true,1,37843
7290008639095,false,פחזניות קפולסקי 280,קפולסקי אדל בעמ,IL,פחזניות קפולסקי 280,גרמים,280.00,100 גרם,false,,29.90,10.6786,true,1,37857
7290008645935,false,חומוס אחלה 750 גרם,,IL,חומוס אחלה 750 גרם,גרמים,750.00,100 גרם,false,,9.90,1.3200,true,1,37866
7290008670012,false,יין רקנאטי קברנה סוב,יקב רקאנטי,IL,יין רקנאטי קברנה סוב,מיליליטרים,750.00,"100 מ""ל",false,,46.90,6.2533,true,1,80493
7290008670029,false,יין רקנאטי מרלו 2016,יקב רקאנטי,IL,יין רקנאטי מרלו 2016,מיליליטרים,750.00,"100 מ""ל",false,,46.90,6.2533,true,1,80494
7290008670159,false,יין רקנאטי יסמין לבן,יקב רקאנטי,IL,יין רקנאטי יסמין לבן,מיליליטרים,750.00,"100 מ""ל",false,,27.90,3.7200,true,1,80497
7290008670210,false,יין רקנאטי שיראז 201,יקב רקאנטי,IL,יין רקנאטי שיראז 201,מיליליטרים,750.00,"100 מ""ל",false,,46.90,6.2533,true,1,80495
7290008690713,false,נקטר חמוציות אושן ספ,פריגת,IL,נקטר חמוציות אושן ספ,קילוגרמים,1.00,ליטר,false,,11.90,11.9000,true,1,37901
7290008713900,false,לחם שיפון עגול אחדות,מאפית אורנים,IL,לחם שיפון עגול אחדות,גרמים,750.00,100 גרם,false,,12.90,1.7200,true,1,88366
7290008713917,false,לחם שיפון כהה אחדות,מאפית אורנים,IL,לחם שיפון כהה אחדות,גרמים,750.00,100 גרם,false,,12.90,1.7200,true,1,88364
7290008745239,false,תפוציפס אקסטרא טבעי,שטראוס,IL,תפוציפס אקסטרא טבעי,גרמים,55.00,100 גרם,false,,2.90,5.2727,true,1,37951
7290008747547,false,תפוציפס קראנצ טבעי 2,שטראוס,IL,תפוציפס קראנצ טבעי 2,גרמים,200.00,100 גרם,false,,8.90,4.4500,true,1,37956
7290008752244,false,תפוציפס גריל 50 גרם,שטראוס,IL,תפוציפס גריל 50 גרם,גרמים,50.00,100 גרם,false,,2.90,5.8000,true,1,37962
7290008753111,false,תפוציפס אקסטרא מקסיק,שטראוס,IL,תפוציפס אקסטרא מקסיק,גרמים,50.00,100 גרם,false,,2.90,5.8000,true,1,37963
7290008757980,false,נקטר ספרינג רימון 1,יפאורה תבורי,IL,נקטר ספרינג רימון 1,קילוגרמים,1.00,ליטר,false,,5.60,5.6000,true,1,37981
7290008761925,false,"בקר טחון עטרה 1.2 ק""",טיבון ויל,IL,"בקר טחון עטרה 1.2 ק""",פריט,1.20,"ק""ג",false,,29.90,24.9167,true,1,74794
7290008761956,false,קבב בקר קהילות 500 ג,,,קבב בקר קהילות 500 ג,גרמים,500.00,100 גרם,false,,24.90,4.9800,true,1,81411
7290008775816,false,ערגליות שוקו אסם 300,אסם,IL,ערגליות שוקו אסם 300,גרמים,300.00,100 גרם,false,,7.90,2.6333,true,1,38009
7290008775823,false,ערגליות תות אסם 300,אסם,IL,ערגליות תות אסם 300,גרמים,300.00,100 גרם,false,,7.90,2.6333,true,1,38010
7290008792264,false,מפיות טאצ 100 יח',,,מפיות טאצ 100 יח',Unknown,0.00,יחידה,false,,4.90,0.0000,true,1,38017
7290008801010,false,יין פ. קולקשיין קברנ,יקבי כרמל,IL,יין פ. קולקשיין קברנ,מיליליטרים,750.00,"100 מ""ל",false,,32.90,4.3867,true,1,38018
7290008801119,false,יין סלקטד סוביניון ב,יקבי כרמל,IL,יין סלקטד סוביניון ב,מיליליטרים,750.00,"100 מ""ל",false,,28.90,3.8533,true,1,38020
7290008801157,false,יין סלקטד מרלו,יקבי כרמל,IL,יין סלקטד מרלו,מיליליטרים,750.00,"100 מ""ל",false,,28.90,3.8533,true,1,38021
7290008801522,false,יין קינג דיוויד קונק,יקבי כרמל,IL,יין קינג דיוויד קונק,מיליליטרים,750.00,"100 מ""ל",false,,18.90,2.5200,true,1,38030
7290008801546,false,יין קינג דיוויד מוסק,יקבי כרמל,IL,יין קינג דיוויד מוסק,מיליליטרים,750.00,"100 מ""ל",false,,18.90,2.5200,true,1,38032
7290008801843,false,יין סלקטד קברנה סובי,יקבי כרמל,IL,יין סלקטד קברנה סובי,מיליליטרים,750.00,"100 מ""ל",false,,28.90,3.8533,true,1,38035
7290008801850,false,יין סלקטד אמרלד ריזל,יקבי כרמל,IL,יין סלקטד אמרלד ריזל,מיליליטרים,750.00,"100 מ""ל",false,,28.90,3.8533,true,1,38036
7290008802291,false,יין פ. קולקשיין מרלו,יקבי כרמל,IL,יין פ. קולקשיין מרלו,מיליליטרים,750.00,"100 מ""ל",false,,32.90,4.3867,true,1,38037
7290008802512,false,יין וינו אדום יבש,יקבי כרמל,IL,יין וינו אדום יבש,מיליליטרים,750.00,"100 מ""ל",false,,18.90,2.5200,true,1,38038
7290008802529,false,יין וינו לבן יבש,יקבי כרמל,IL,יין וינו לבן יבש,מיליליטרים,750.00,"100 מ""ל",false,,18.90,2.5200,true,1,38039
7290008802895,false,יין פ. קולקשיין קברנ,יקבי כרמל,IL,יין פ. קולקשיין קברנ,מיליליטרים,750.00,"100 מ""ל",false,,32.90,4.3867,true,1,38040
7290008803090,false,יין גליל עליון מרלו,יקבי כרמל,IL,יין גליל עליון מרלו,מיליליטרים,750.00,"100 מ""ל",false,,58.90,7.8533,true,1,61861
7290008804189,false,יין גליל עליון קברנה,יקבי כרמל,IL,יין גליל עליון קברנה,מיליליטרים,750.00,"100 מ""ל",false,,58.90,7.8533,true,1,61860
7290008804332,false,יין פ.קולקשיין שיראז,יקבי כרמל,IL,יין פ.קולקשיין שיראז,מיליליטרים,750.00,"100 מ""ל",false,,32.90,4.3867,true,1,38705
7290008805049,false,יין סלקטד רוזה מתוק,יקבי כרמל,IL,יין סלקטד רוזה מתוק,מיליליטרים,750.00,"100 מ""ל",false,,28.90,3.8533,true,1,38706
7290008805384,false,יין סלקטד לבן מבעבע,יקבי כרמל,IL,יין סלקטד לבן מבעבע,מיליליטרים,750.00,"100 מ""ל",false,,28.90,3.8533,true,1,38707
7290008805520,false,יין סלקטד קברנה מרלו,יקבי כרמל,IL,יין סלקטד קברנה מרלו,מיליליטרים,750.00,"100 מ""ל",false,,28.90,3.8533,true,1,38049
7290008805964,false,יין גליל עליון קברנה,יקבי כרמל,IL,יין גליל עליון קברנה,מיליליטרים,750.00,"100 מ""ל",false,,58.90,7.8533,true,1,61862
7290008806961,false,גלידה קרמיסימו שוקול,גלידות שטראוס,IL,גלידה קרמיסימו שוקול,קילוגרמים,1.33,ליטר,false,,17.50,13.1579,true,1,38055
7290008806985,false,חטיפי גלידה קרמיסימו,גלידות שטראוס,IL,חטיפי גלידה קרמיסימו,מיליליטרים,630.00,"100 מ""ל",false,,34.90,5.5397,true,1,38056
7290008830676,false,מובחרים מן הטבע,דין שיווק,IL,מובחרים מן הטבע,Unknown,0.00,יחידה,false,,4.90,0.0000,true,1,82106
7290008830690,false,מובחרים מן הטבע,דין שיווק,IL,מובחרים מן הטבע,Unknown,0.00,יחידה,false,,9.90,0.0000,true,1,72103
7290008836265,false,יין אלכסנדר נינוה מו,יקב טפרברג 1870 בעמ,IL,יין אלכסנדר נינוה מו,מיליליטרים,750.00,"100 מ""ל",false,,24.90,3.3200,true,1,38061
7290008836272,false,יין המבורג נינוה מוס,יקב טפרברג 1870 בעמ,IL,יין המבורג נינוה מוס,מיליליטרים,750.00,"100 מ""ל",false,,24.90,3.3200,true,1,38062
7290008836401,false,יין ישן נושן אדום אפ,יקב טפרברג 1870 בעמ,IL,יין ישן נושן אדום אפ,קילוגרמים,1.00,ליטר,false,,21.90,21.9000,true,1,38063
7290008836425,false,יין אפרת קל 1 ליטר,יקב טפרברג 1870 בעמ,IL,יין אפרת קל 1 ליטר,קילוגרמים,1.00,ליטר,false,,21.90,21.9000,true,1,57389
7290008836494,false,תירוש אדום אפרת 1 לי,יקב טפרברג 1870 בעמ,IL,תירוש אדום אפרת 1 לי,קילוגרמים,1.00,ליטר,false,,14.90,14.9000,true,1,38065
7290008975551,false,מטרנה מהדרין שלב 3 7,מטרנה,IL,מטרנה מהדרין שלב 3 7,גרמים,700.00,100 גרם,false,,46.90,6.7000,true,1,38190
7290008989015,false,דייסת אורז ב.ד 400 ג,בטר אנד דיפרנט,IL,דייסת אורז ב.ד 400 ג,גרמים,400.00,100 גרם,false,,14.90,3.7250,true,1,38191
7290008989022,false,דייסת סולת ב.ד 400 ג,בטר אנד דיפרנט,IL,דייסת סולת ב.ד 400 ג,גרמים,400.00,100 גרם,false,,14.90,3.7250,true,1,38192
7290008989039,false,דייסת קורנפלור ב.ד 4,בטר אנד דיפרנט,IL,דייסת קורנפלור ב.ד 4,גרמים,400.00,100 גרם,false,,14.90,3.7250,true,1,38193
7290008989053,false,דייסת דגנים מעורבים,בטר אנד דיפרנט,IL,דייסת דגנים מעורבים,גרמים,400.00,100 גרם,false,,14.90,3.7250,true,1,38194
7290008989169,false,פצפוצי אורז ב.ד 500,בטר אנד דיפרנט,IL,פצפוצי אורז ב.ד 500,גרמים,500.00,100 גרם,false,,18.90,3.7800,true,1,38198
7290008989473,false,ממרח חרובים שוקולד ב,בטר אנד דיפרנט,IL,ממרח חרובים שוקולד ב,גרמים,350.00,100 גרם,false,,10.90,3.1143,true,1,38206
7290008989671,false,פירורי קורנפלקס פריך,בטר אנד דיפרנט,IL,פירורי קורנפלקס פריך,גרמים,250.00,100 גרם,false,,7.90,3.1600,true,1,61629
7290008989749,false,פריכיות קינואה עם או,בטר אנד דיפרנט,IL,פריכיות קינואה עם או,גרמים,200.00,100 גרם,false,,9.90,4.9500,true,1,38216
7290008989848,false,חמאת בוטנים קרנצ'י ב,בטר אנד דיפרנט,IL,חמאת בוטנים קרנצ'י ב,גרמים,350.00,100 גרם,false,,13.90,3.9714,true,1,48954
7290008989855,false,פריכוני אורז מלא ב.ד,בטר אנד דיפרנט,IL,פריכוני אורז מלא ב.ד,גרמים,80.00,100 גרם,false,,3.90,4.8750,true,1,48955
7290008989893,false,דייסת כוסמת ב.ד 200,בטר אנד דיפרנט,IL,דייסת כוסמת ב.ד 200,גרמים,200.00,100 גרם,false,,9.90,4.9500,true,1,71251
7290008989909,false,סירופ ב.ד תפוחים 1.2,בטר אנד דיפרנט,IL,סירופ ב.ד תפוחים 1.2,קילוגרמים,1.20,ליטר,false,,29.90,24.9167,true,1,38220
7290008989916,false,סירופ אננס 1.2 ליטר,בטר אנד דיפרנט,IL,סירופ אננס 1.2 ליטר,קילוגרמים,1.20,ליטר,false,,29.90,24.9167,true,1,38221
7290008989954,false,סירופ ב.ד תפוז 1.2 ל,בטר אנד דיפרנט,IL,סירופ ב.ד תפוז 1.2 ל,קילוגרמים,1.20,ליטר,false,,29.90,24.9167,true,1,39880
7290008989985,false,מארז 4 קופסאות אחסון,בטר אנד דיפרנט,IL,מארז 4 קופסאות אחסון,Unknown,0.00,יחידה,false,,11.90,0.0000,true,1,48604
7290009000115,false,עגבניות שרי,אראל תוצרת חקלאית בע,IL,עגבניות שרי,קילוגרמים,1.00,"ק""ג",true,,14.90,14.9000,true,1,30035
7290009000122,false,עגבניה,אראל תוצרת חקלאית בע,IL,עגבניה,קילוגרמים,1.00,"ק""ג",true,,5.90,5.9000,true,1,30126
7290009000207,false,מלפפון,אראל תוצרת חקלאית בע,IL,מלפפון,קילוגרמים,1.00,"ק""ג",true,,5.90,5.9000,true,1,30778
7290009000313,false,גזר,אראל תוצרת חקלאית בע,IL,גזר,קילוגרמים,1.00,"ק""ג",true,,3.90,3.9000,true,1,32243
7290009000405,false,סלק,אראל תוצרת חקלאית בע,IL,סלק,קילוגרמים,1.00,"ק""ג",true,,4.90,4.9000,true,1,32952
7290009000504,false,כרוב לבן,אראל תוצרת חקלאית בע,IL,כרוב לבן,קילוגרמים,1.00,"ק""ג",true,,4.90,4.9000,true,1,33816
7290009000511,false,כרוב אדום,אראל תוצרת חקלאית בע,IL,כרוב אדום,קילוגרמים,1.00,"ק""ג",true,,5.90,5.9000,true,1,33919
7290009000627,false,כרובית יחידה,אראל תוצרת חקלאית בע,IL,כרובית יחידה,Unknown,0.00,יחידה,false,,9.90,0.0000,true,1,74480
7290009000702,false,לפת,אראל תוצרת חקלאית בע,IL,לפת,קילוגרמים,1.00,"ק""ג",true,,6.90,6.9000,true,1,35272
7290009000719,false,צנון,אראל תוצרת חקלאית בע,IL,צנון,קילוגרמים,1.00,"ק""ג",true,,6.90,6.9000,true,1,35297
7290009000764,false,שקיות הקפאה ענק זיפל,,,שקיות הקפאה ענק זיפל,Unknown,0.00,יחידה,false,,19.90,0.0000,true,1,76062
7290009000771,false,שקיות הקפאה בינוני ז,,,שקיות הקפאה בינוני ז,Unknown,0.00,יחידה,false,,19.90,0.0000,true,1,76064
7290009000788,false,שקיות אוכל זיפלוק 14,,,שקיות אוכל זיפלוק 14,Unknown,0.00,יחידה,false,,16.90,0.0000,true,1,76063
7290009000801,false,צנונית יח,ברכת קטיף,IL,צנונית יח,Unknown,0.00,יחידה,false,,4.90,0.0000,true,1,37350
7290009000849,false,צנון שחור/לבן,אראל תוצרת חקלאית בע,IL,צנון שחור/לבן,קילוגרמים,1.00,"ק""ג",true,,5.90,5.9000,true,1,81232
7290009000856,false,עגבניות שרי מנומר,אראל תוצרת חקלאית בע,IL,עגבניות שרי מנומר,קילוגרמים,1.00,"ק""ג",true,,12.90,12.9000,true,1,81916
7290009000870,false,אגס קוסטיה,אראל תוצרת חקלאית בע,IL,אגס קוסטיה,קילוגרמים,1.00,"ק""ג",true,,7.90,7.9000,true,1,97317
7290009000887,false,סלרי ראש שקיל,אראל תוצרת חקלאית בע,IL,סלרי ראש שקיל,קילוגרמים,1.00,"ק""ג",true,,15.90,15.9000,true,1,104762
7290009000900,false,בצל,אראל תוצרת חקלאית בע,IL,בצל,קילוגרמים,1.00,"ק""ג",true,,3.90,3.9000,true,1,38225
7290009000931,false,בצל אדום,אראל תוצרת חקלאית בע,IL,בצל אדום,קילוגרמים,1.00,"ק""ג",true,,5.90,5.9000,true,1,38251
7290009000948,false,כרוב לבן ברכת דוד,,IL,כרוב לבן ברכת דוד,קילוגרמים,1.00,"ק""ג",true,,13.90,13.9000,true,1,108616
7290009001006,false,אפונה,אראל תוצרת חקלאית בע,IL,אפונה,קילוגרמים,1.00,"ק""ג",true,,19.90,19.9000,true,1,29934
7290009001105,false,בטטה,אראל תוצרת חקלאית בע,IL,בטטה,קילוגרמים,1.00,"ק""ג",true,,9.90,9.9000,true,1,30036
7290009001310,false,דלורית,אראל תוצרת חקלאית בע,IL,דלורית,קילוגרמים,1.00,"ק""ג",true,,5.90,5.9000,true,1,30260
7290009001327,false,דלעת ערמונים,אראל תוצרת חקלאית בע,IL,דלעת ערמונים,קילוגרמים,1.00,"ק""ג",true,,9.90,9.9000,true,1,59490
7290009001334,false,דלעת אקזוטי,אראל תוצרת חקלאית בע,IL,דלעת אקזוטי,קילוגרמים,1.00,"ק""ג",true,,14.90,14.9000,true,1,59491
7290009001341,false,דלעת יפנית,אראל תוצרת חקלאית בע,IL,דלעת יפנית,קילוגרמים,1.00,"ק""ג",true,,14.90,14.9000,true,1,59733
7290009001419,false,חציל,אראל תוצרת חקלאית בע,IL,חציל,קילוגרמים,1.00,"ק""ג",true,,5.90,5.9000,true,1,30322
7290009001426,false,חציל ננסי,אראל תוצרת חקלאית בע,IL,חציל ננסי,קילוגרמים,1.00,"ק""ג",true,,9.90,9.9000,true,1,30327
7290009001433,false,חציל בלאדי,,,חציל בלאדי,קילוגרמים,1.00,"ק""ג",true,,5.90,5.9000,true,1,55791
7290009001440,false,חציל מנומר/כוכב/נקני,אראל תוצרת חקלאית בע,IL,חציל מנומר/כוכב/נקני,קילוגרמים,1.00,"ק""ג",true,,4.90,4.9000,true,1,65732
7290009001501,false,פלפל אדום,אראל תוצרת חקלאית בע,IL,פלפל אדום,קילוגרמים,1.00,"ק""ג",true,,6.90,6.9000,true,1,30388
7290009001518,false,פלפל ירוק בהיר,אראל תוצרת חקלאית בע,IL,פלפל ירוק בהיר,קילוגרמים,1.00,"ק""ג",true,,9.90,9.9000,true,1,30391
7290009001525,false,פלפל חריף,אראל תוצרת חקלאית בע,IL,פלפל חריף,קילוגרמים,1.00,"ק""ג",true,,8.90,8.9000,true,1,30393
7290009001532,false,פלפל חריף אדום,אראל תוצרת חקלאית בע,IL,פלפל חריף אדום,קילוגרמים,1.00,"ק""ג",true,,10.90,10.9000,true,1,30395
7290009001549,false,פלפל ירוק כהה,אראל תוצרת חקלאית בע,IL,פלפל ירוק כהה,קילוגרמים,1.00,"ק""ג",true,,7.90,7.9000,true,1,30398
7290009001556,false,פלפל כתום,אראל תוצרת חקלאית בע,IL,פלפל כתום,קילוגרמים,1.00,"ק""ג",true,,7.90,7.9000,true,1,30399
7290009001570,false,פלפל צהוב,אראל תוצרת חקלאית בע,IL,פלפל צהוב,קילוגרמים,1.00,"ק""ג",true,,7.90,7.9000,true,1,30407
7290009001594,false,פלפל שושקה,אראל תוצרת חקלאית בע,IL,פלפל שושקה,קילוגרמים,1.00,"ק""ג",true,,11.90,11.9000,true,1,30409
7290009001709,false,קולורבי,אראל תוצרת חקלאית בע,IL,קולורבי,קילוגרמים,1.00,"ק""ג",true,,9.90,9.9000,true,1,30508
7290009001716,false,קולורבי סגול,אראל תוצרת חקלאית בע,IL,קולורבי סגול,קילוגרמים,1.00,"ק""ג",true,,9.90,9.9000,true,1,39529
7290009001808,false,קישואים,אראל תוצרת חקלאית בע,IL,קישואים,קילוגרמים,1.00,"ק""ג",true,,7.90,7.9000,true,1,30567
7290009001853,false,קישוא זוקיני,אראל תוצרת חקלאית בע,IL,קישוא זוקיני,קילוגרמים,1.00,"ק""ג",true,,7.90,7.9000,true,1,30646
7290009001914,false,שעועית,אראל תוצרת חקלאית בע,IL,שעועית,קילוגרמים,1.00,"ק""ג",true,,24.90,24.9000,true,1,30682
7290009001921,false,שעועית בולגרית,אראל תוצרת חקלאית בע,IL,שעועית בולגרית,קילוגרמים,1.00,"ק""ג",true,,19.90,19.9000,true,1,30691
7290009002218,false,ארטישוק,אראל תוצרת חקלאית בע,IL,ארטישוק,קילוגרמים,1.00,"ק""ג",true,,14.90,14.9000,true,1,31209
7290009002850,false,שום בתפזורת,אראל תוצרת חקלאית בע,IL,שום בתפזורת,קילוגרמים,1.00,"ק""ג",true,,29.90,29.9000,true,1,31812
7290009002898,false,תפוח אדמה לאפייה,אראל תוצרת חקלאית בע,IL,תפוח אדמה לאפייה,Unknown,0.00,יחידה,false,,9.90,0.0000,true,1,75552
7290009002935,false,תפוח אדמה לבן,אראל תוצרת חקלאית בע,IL,תפוח אדמה לבן,פריט,5.00,"ק""ג",false,,21.90,4.3800,true,1,32010
7290009002980,false,תפוח אדמה אדום,אראל תוצרת חקלאית בע,IL,תפוח אדמה אדום,Unknown,0.00,יחידה,false,,25.90,0.0000,true,1,32113
7290009002997,false,תפוח אדמה תפזורת,אראל תוצרת חקלאית בע,IL,תפוח אדמה תפזורת,קילוגרמים,1.00,"ק""ג",true,,6.90,6.9000,true,1,32123
7290009003048,false,סלרי אמריקאי יח,ברכת קטיף,IL,סלרי אמריקאי יח,Unknown,0.00,יחידה,false,,4.90,0.0000,true,1,32206
7290009003079,false,שומר,אראל תוצרת חקלאית בע,IL,שומר,קילוגרמים,1.00,"ק""ג",true,,7.90,7.9000,true,1,32225
7290009003109,false,מלון,אראל תוצרת חקלאית בע,IL,מלון,קילוגרמים,1.00,"ק""ג",true,,5.90,5.9000,true,1,32244
7290009003116,false,מלון ספרדי,אראל תוצרת חקלאית בע,IL,מלון ספרדי,קילוגרמים,1.00,"ק""ג",true,,5.90,5.9000,true,1,77085
7290009003246,false,פטריות במשקל,מרינה פטריות,IL,פטריות במשקל,קילוגרמים,1.00,"ק""ג",true,,31.90,31.9000,true,1,32399
7290009003338,false,פלפל טינקרבל,אראל תוצרת חקלאית בע,IL,פלפל טינקרבל,קילוגרמים,1.00,"ק""ג",true,,16.90,16.9000,true,1,86276
7290009003369,false,אפרסמון קרמבו,אראל תוצרת חקלאית בע,IL,אפרסמון קרמבו,קילוגרמים,1.00,"ק""ג",true,,11.90,11.9000,true,1,98718
7290009003444,false,שורש יח,ברכת קטיף,IL,שורש יח,Unknown,0.00,יחידה,false,,4.90,0.0000,true,1,32539
7290009003451,false,סלרי ראש יח,ברכת קטיף,IL,סלרי ראש יח,קילוגרמים,1.00,"ק""ג",true,,15.90,15.9000,true,1,32540
7290009004311,false,מלון גולדן סוויט,אראל תוצרת חקלאית בע,IL,מלון גולדן סוויט,קילוגרמים,1.00,"ק""ג",true,,5.90,5.9000,true,1,82238
7290009004519,false,שום סולו 250 גרם,אראל תוצרת חקלאית בע,IL,שום סולו 250 גרם,גרמים,250.00,100 גרם,false,,9.90,3.9600,true,1,92421
7290009005059,false,תפוז ברשת,אראל תוצרת חקלאית בע,IL,תפוז ברשת,קילוגרמים,1.00,"ק""ג",true,,3.90,3.9000,true,1,33911
7290009005080,false,תפוז,אראל תוצרת חקלאית בע,IL,תפוז,קילוגרמים,1.00,"ק""ג",true,,4.90,4.9000,true,1,33913
7290009005172,false,קלמנטינה,אראל תוצרת חקלאית בע,IL,קלמנטינה,קילוגרמים,1.00,"ק""ג",true,,4.90,4.9000,true,1,33948
7290009005226,false,פומלה,אראל תוצרת חקלאית בע,IL,פומלה,קילוגרמים,1.00,"ק""ג",true,,6.90,6.9000,true,1,33987
7290009005257,false,פומלית,אראל תוצרת חקלאית בע,IL,פומלית,קילוגרמים,1.00,"ק""ג",true,,5.90,5.9000,true,1,34008
7290009005301,false,לימון,אראל תוצרת חקלאית בע,IL,לימון,קילוגרמים,1.00,"ק""ג",true,,7.90,7.9000,true,1,34020
7290009005318,false,לימון סיני,אראל תוצרת חקלאית בע,IL,לימון סיני,קילוגרמים,1.00,"ק""ג",true,,19.90,19.9000,true,1,34025
7290009005325,false,לימון ברשת,אראל תוצרת חקלאית בע,IL,לימון ברשת,קילוגרמים,1.00,"ק""ג",true,,6.90,6.9000,true,1,39544
7290009005387,false,תפוח עץ גולד רוז,אראל תוצרת חקלאית בע,IL,תפוח עץ גולד רוז,קילוגרמים,1.00,"ק""ג",true,,13.90,13.9000,true,1,84510
7290009005417,false,בננות,אראל תוצרת חקלאית בע,IL,בננות,קילוגרמים,1.00,"ק""ג",true,,5.90,5.9000,true,1,34087
7290009005615,false,אבוקדו,אראל תוצרת חקלאית בע,IL,אבוקדו,קילוגרמים,1.00,"ק""ג",true,,9.90,9.9000,true,1,34487
7290009005707,false,רימון,אראל תוצרת חקלאית בע,IL,רימון,קילוגרמים,1.00,"ק""ג",true,,5.90,5.9000,true,1,34518
7290009005806,false,חבושים,אראל תוצרת חקלאית בע,IL,חבושים,קילוגרמים,1.00,"ק""ג",true,,7.90,7.9000,true,1,34543
7290009005912,false,אבוקדו ברשת,אראל תוצרת חקלאית בע,IL,אבוקדו ברשת,קילוגרמים,1.00,"ק""ג",true,,7.90,7.9000,true,1,65521
7290009005950,false,אפרסק,אראל תוצרת חקלאית בע,IL,אפרסק,קילוגרמים,1.00,"ק""ג",true,,5.90,5.9000,true,1,41722
7290009006032,false,אגס נאשי,אראל תוצרת חקלאית בע,IL,אגס נאשי,קילוגרמים,1.00,"ק""ג",true,,13.90,13.9000,true,1,39541
7290009006049,false,אגס חום,אראל תוצרת חקלאית בע,IL,אגס חום,קילוגרמים,1.00,"ק""ג",true,,11.90,11.9000,true,1,34674
7290009006056,false,אגס אדום,אראל תוצרת חקלאית בע,IL,אגס אדום,קילוגרמים,1.00,"ק""ג",true,,11.90,11.9000,true,1,34678
7290009006063,false,אגס,אראל תוצרת חקלאית בע,IL,אגס,קילוגרמים,1.00,"ק""ג",true,,11.90,11.9000,true,1,34684
7290009006209,false,גויאבה,אראל תוצרת חקלאית בע,IL,גויאבה,קילוגרמים,1.00,"ק""ג",true,,14.90,14.9000,true,1,34711
7290009006308,false,קיווי,אראל תוצרת חקלאית בע,IL,קיווי,קילוגרמים,1.00,"ק""ג",true,,12.90,12.9000,true,1,34753
7290009006322,false,קוקוס יחידה,אראל תוצרת חקלאית בע,IL,קוקוס יחידה,Unknown,0.00,יחידה,false,,5.90,0.0000,true,1,39537
7290009006551,false,מנגו,אראל תוצרת חקלאית בע,IL,מנגו,קילוגרמים,1.00,"ק""ג",true,,8.90,8.9000,true,1,34932
7290009006803,false,אננס יחידה,אראל תוצרת חקלאית בע,IL,אננס יחידה,Unknown,0.00,יחידה,false,,25.90,0.0000,true,1,35178
7290009006810,false,אפרסמון,אראל תוצרת חקלאית בע,IL,אפרסמון,קילוגרמים,1.00,"ק""ג",true,,7.90,7.9000,true,1,35182
7290009006858,false,אנונה,אראל תוצרת חקלאית בע,IL,אנונה,קילוגרמים,1.00,"ק""ג",true,,24.90,24.9000,true,1,35207
7290009007015,false,תפוח עץ סמיט,אראל תוצרת חקלאית בע,IL,תפוח עץ סמיט,קילוגרמים,1.00,"ק""ג",true,,9.90,9.9000,true,1,35273
7290009007022,false,תפוח עץ מוזהב,אראל תוצרת חקלאית בע,IL,תפוח עץ מוזהב,קילוגרמים,1.00,"ק""ג",true,,9.90,9.9000,true,1,35274
7290009007039,false,תפוח עץ יונתן,אראל תוצרת חקלאית בע,IL,תפוח עץ יונתן,קילוגרמים,1.00,"ק""ג",true,,9.90,9.9000,true,1,35275
7290009007046,false,תפוח עץ חרמון,אראל תוצרת חקלאית בע,IL,תפוח עץ חרמון,קילוגרמים,1.00,"ק""ג",true,,9.90,9.9000,true,1,35289
7290009007053,false,תפוח עץ גאלה,אראל תוצרת חקלאית בע,IL,תפוח עץ גאלה,קילוגרמים,1.00,"ק""ג",true,,9.90,9.9000,true,1,35290
7290009007077,false,תפוח עץ רשת,אראל תוצרת חקלאית בע,IL,תפוח עץ רשת,קילוגרמים,1.00,"ק""ג",true,,6.90,6.9000,true,1,39531
7290009007107,false,תפוח עץ ענה,אראל תוצרת חקלאית בע,IL,תפוח עץ ענה,קילוגרמים,1.00,"ק""ג",true,,7.90,7.9000,true,1,39534
7290009007138,false,תפוח עץ פינק,אראל תוצרת חקלאית בע,IL,תפוח עץ פינק,קילוגרמים,1.00,"ק""ג",true,,15.90,15.9000,true,1,83472
7290009007206,false,נקטרינה,אראל תוצרת חקלאית בע,IL,נקטרינה,קילוגרמים,1.00,"ק""ג",true,,7.90,7.9000,true,1,39543
7290009007251,false,נקטרינה צהובה,אראל תוצרת חקלאית בע,IL,נקטרינה צהובה,קילוגרמים,1.00,"ק""ג",true,,8.90,8.9000,true,1,59301
7290009007503,false,ערמונים,אראל תוצרת חקלאית בע,IL,ערמונים,קילוגרמים,1.00,"ק""ג",true,,17.90,17.9000,true,1,37258
7290009007787,false,ענבים רד גלוב,אראל תוצרת חקלאית בע,IL,ענבים רד גלוב,קילוגרמים,1.00,"ק""ג",true,,9.90,9.9000,true,1,109288
7290009008302,false,ענבים לבנים,אראל תוצרת חקלאית בע,IL,ענבים לבנים,קילוגרמים,1.00,"ק""ג",true,,9.90,9.9000,true,1,37563
7290009008319,false,ענבים שחורים,אראל תוצרת חקלאית בע,IL,ענבים שחורים,קילוגרמים,1.00,"ק""ג",true,,11.90,11.9000,true,1,37566
7290009008418,false,שזיף אדום,אראל תוצרת חקלאית בע,IL,שזיף אדום,קילוגרמים,1.00,"ק""ג",true,,10.90,10.9000,true,1,37730
7290009008425,false,שזיף שגיב,אראל תוצרת חקלאית בע,IL,שזיף שגיב,קילוגרמים,1.00,"ק""ג",true,,9.90,9.9000,true,1,37753
7290009028768,false,שקית ענק אושר עד,,,שקית ענק אושר עד,Unknown,0.00,יחידה,false,,0.60,0.0000,true,1,50929
7290009068818,false,אגוז ברזיל טבעי במשק,דין שיווק,IL,אגוז ברזיל טבעי במשק,קילוגרמים,1.00,"ק""ג",true,,89.00,89.0000,true,1,39646
7290009068825,false,אגוז קלוף במשקל,דין שיווק,IL,אגוז קלוף במשקל,קילוגרמים,1.00,"ק""ג",true,,59.00,59.0000,true,1,39648
7290009068849,false,בוטן מסוכר במשקל,דין שיווק,IL,בוטן מסוכר במשקל,קילוגרמים,1.00,"ק""ג",true,,30.00,30.0000,true,1,39649
7290009068856,false,בוטן קלוי במשקל,דין שיווק,CN,בוטן קלוי במשקל,קילוגרמים,1.00,"ק""ג",true,,24.00,24.0000,true,1,39650
7290009068863,false,בונדוק טבעי במשקל,דין שיווק,TR,בונדוק טבעי במשקל,קילוגרמים,1.00,"ק""ג",true,,77.00,77.0000,true,1,39651
7290009068870,false,בונדוק קלוי במשקל,דין שיווק,TR,בונדוק קלוי במשקל,קילוגרמים,1.00,"ק""ג",true,,88.00,88.0000,true,1,39652
7290009068887,false,גרעין אבטיח קלוי במש,דין שיווק,IL,גרעין אבטיח קלוי במש,קילוגרמים,1.00,"ק""ג",true,,55.00,55.0000,true,1,39654
7290009068894,false,גרעין לבן קלוי במשקל,דין שיווק,IL,גרעין לבן קלוי במשקל,קילוגרמים,1.00,"ק""ג",true,,39.00,39.0000,true,1,39655
7290009068917,false,גרעין שחור קלוי במשק,דין שיווק,US,גרעין שחור קלוי במשק,קילוגרמים,1.00,"ק""ג",true,,19.00,19.0000,true,1,39656
7290009068955,false,גרעין חמניה קלוף טבע,דין שיווק,IL,גרעין חמניה קלוף טבע,קילוגרמים,1.00,"ק""ג",true,,39.00,39.0000,true,1,39658
7290009068962,false,מנצס במשקל,דין שיווק,CN,מנצס במשקל,קילוגרמים,1.00,"ק""ג",true,,47.00,47.0000,true,1,39659
7290009069006,false,פיסטוק ענק קלוי במשק,דין שיווק,US,פיסטוק ענק קלוי במשק,קילוגרמים,1.00,"ק""ג",true,,69.00,69.0000,true,1,39660
7290009069051,false,פקאן טבעי במשקל,דין שיווק,US,פקאן טבעי במשקל,קילוגרמים,1.00,"ק""ג",true,,119.00,119.0000,true,1,39661
7290009069068,false,פקאן סיני במשקל,דין שיווק,IL,פקאן סיני במשקל,קילוגרמים,1.00,"ק""ג",true,,118.00,118.0000,true,1,39662
7290009069075,false,צנובר במשקל,דין שיווק,CN,צנובר במשקל,קילוגרמים,1.00,"ק""ג",true,,195.00,195.0000,true,1,39663
7290009069112,false,קשיו קלוי במשקל,דין שיווק,VN,קשיו קלוי במשקל,קילוגרמים,1.00,"ק""ג",true,,69.00,69.0000,true,1,39675
7290009069129,false,שקד שבבים במשקל,דין שיווק,US,שקד שבבים במשקל,קילוגרמים,1.00,"ק""ג",true,,115.00,115.0000,true,1,39676
7290009069136,false,שקד בקליפה קלוי במשק,דין שיווק,IL,שקד בקליפה קלוי במשק,קילוגרמים,1.00,"ק""ג",true,,60.00,60.0000,true,1,39677
7290009069143,false,שקד טבעי ענק במשקל,דין שיווק,US,שקד טבעי ענק במשקל,קילוגרמים,1.00,"ק""ג",true,,85.00,85.0000,true,1,39678
7290009069150,false,שקד טבעי בקליפה במשק,דין שיווק,US,שקד טבעי בקליפה במשק,קילוגרמים,1.00,"ק""ג",true,,83.00,83.0000,true,1,39590
7290009069174,false,שקד מסוכר במשקל,דין שיווק,IL,שקד מסוכר במשקל,קילוגרמים,1.00,"ק""ג",true,,75.00,75.0000,true,1,39680
7290009069181,false,שקד ספרדי קלוי במשקל,דין שיווק,US,שקד ספרדי קלוי במשקל,קילוגרמים,1.00,"ק""ג",true,,90.00,90.0000,true,1,39679
7290009069235,false,חטיפים יפני במשקל,דין שיווק,TH,חטיפים יפני במשקל,קילוגרמים,1.00,"ק""ג",true,,65.00,65.0000,true,1,39682
7290009069242,false,בוטן אמריקאי במשקל,דין שיווק,IL,בוטן אמריקאי במשקל,קילוגרמים,1.00,"ק""ג",true,,26.00,26.0000,true,1,39683
7290009069259,false,קבוקים במשקל,דין שיווק,IL,קבוקים במשקל,קילוגרמים,1.00,"ק""ג",true,,26.00,26.0000,true,1,39684
7290009069266,false,בוטן בקליפה במשקל,דין שיווק,IL,בוטן בקליפה במשקל,קילוגרמים,1.00,"ק""ג",true,,15.00,15.0000,true,1,39685
7290009069273,false,משמש במשקל,דין שיווק,TR,משמש במשקל,קילוגרמים,1.00,"ק""ג",true,,54.00,54.0000,true,1,39686
7290009069280,false,צימוק חום במשקל,דין שיווק,TR,צימוק חום במשקל,קילוגרמים,1.00,"ק""ג",true,,28.00,28.0000,true,1,39687
7290009069297,false,צימוק לבן ענק במשקל,דין שיווק,US,צימוק לבן ענק במשקל,קילוגרמים,1.00,"ק""ג",true,,44.00,44.0000,true,1,39688
7290009069303,false,צימוק לבן במשקל,דין שיווק,US,צימוק לבן במשקל,קילוגרמים,1.00,"ק""ג",true,,37.00,37.0000,true,1,39689
7290009069310,false,שזיף מיובש ענק במשקל,דין שיווק,AR,שזיף מיובש ענק במשקל,קילוגרמים,1.00,"ק""ג",true,,45.00,45.0000,true,1,39690
7290009069327,false,תאנים גדולות במשקל,דין שיווק,TR,תאנים גדולות במשקל,קילוגרמים,1.00,"ק""ג",true,,47.00,47.0000,true,1,39691
7290009069334,false,שזיף ללא גרעין במשקל,דין שיווק,AR,שזיף ללא גרעין במשקל,קילוגרמים,1.00,"ק""ג",true,,29.00,29.0000,true,1,39693
7290009069426,false,אננס פלחים במשקל,,,אננס פלחים במשקל,קילוגרמים,1.00,"ק""ג",true,,24.00,24.0000,true,1,39737
7290009069440,false,בננה ציפס במשקל,דין שיווק,PH,בננה ציפס במשקל,קילוגרמים,1.00,"ק""ג",true,,33.00,33.0000,true,1,39738
7290009069471,false,מנגו מיובש במשקל,דין שיווק,GH,מנגו מיובש במשקל,קילוגרמים,1.00,"ק""ג",true,,28.00,28.0000,true,1,39692
7290009069495,false,פאפיה במשקל,דין שיווק,TH,פאפיה במשקל,קילוגרמים,1.00,"ק""ג",true,,29.00,29.0000,true,1,89023
7290009069501,false,תמר מגהול ענק,דין שיווק,IL,תמר מגהול ענק,קילוגרמים,1.00,"ק""ג",true,,45.00,45.0000,true,1,39586
7290009069518,false,גינגר במשקל,דין שיווק,TH,גינגר במשקל,קילוגרמים,1.00,"ק""ג",true,,50.00,50.0000,true,1,89024
7290009069990,false,תבלינים בקבוצה 2 במש,נפטון,IL,תבלינים בקבוצה 2 במש,קילוגרמים,1.00,"ק""ג",true,,50.00,50.0000,true,1,39664
7290009077162,false,מלפפון/ירקות במשקל,דין שיווק,IL,מלפפון/ירקות במשקל,קילוגרמים,1.00,"ק""ג",true,,40.00,40.0000,true,1,54501
7290009077483,false,זית ירוק במשקל,דין שיווק,GR,זית ירוק במשקל,קילוגרמים,1.00,"ק""ג",true,,54.00,54.0000,true,1,54499
7290009077681,false,זית יווני במשקל,דין שיווק,GR,זית יווני במשקל,קילוגרמים,1.00,"ק""ג",true,,59.00,59.0000,true,1,54500
7290009090017,false,תבלינים בקבוצה 4 במש,נפטון,IL,תבלינים בקבוצה 4 במש,קילוגרמים,1.00,"ק""ג",true,,100.00,100.0000,true,1,39665
7290009951394,false,חלוה במשקל,אקאר,IL,חלוה במשקל,קילוגרמים,1.00,"ק""ג",true,,49.00,49.0000,true,1,41495
7290009951431,false,פירות טרופיים במשקל,דין שיווק,VN,פירות טרופיים במשקל,קילוגרמים,1.00,"ק""ג",true,,80.00,80.0000,true,1,39740
7290009951455,false,תבלינים / פלפל,,IL,תבלינים / פלפל,קילוגרמים,1.00,"ק""ג",true,,75.00,75.0000,true,1,51260
7290009953527,false,פיסטוק קלוי מיקס שקי,דין שיווק,US,פיסטוק קלוי מיקס שקי,קילוגרמים,1.00,"ק""ג",true,,69.00,69.0000,true,1,75111
7290010066001,false,טונה בשמן פילטונה 96,תעשיות פילטונה,IL,טונה בשמן פילטונה 96,גרמים,960.00,100 גרם,false,,29.90,3.1146,true,1,90361
7290010066599,false,טונה בשמן זית פילטונ,תעשיות פילטונה,IL,טונה בשמן זית פילטונ,גרמים,640.00,100 גרם,false,,27.90,4.3594,true,1,67107
7290010117864,false,דוריטוס בטעם חריף אש,עלית,IL,דוריטוס בטעם חריף אש,גרמים,70.00,100 גרם,false,,2.90,4.1429,true,1,35419
7290010153503,false,שעועית בובס מיה 400,מיה תעשיות מזון בעמ,IL,שעועית בובס מיה 400,גרמים,400.00,100 גרם,false,,9.90,2.4750,true,1,35451
7290010153688,false,חומץ טבעי 5% מיה 1 ל,פרידמן תעשיות חומץ,IL,חומץ טבעי 5% מיה 1 ל,קילוגרמים,1.00,ליטר,false,,4.90,4.9000,true,1,35460
7290010153725,false,קונפיטורה דובדבן מיה,מיה תעשיות מזון בעמ,IL,קונפיטורה דובדבן מיה,גרמים,340.00,100 גרם,false,,8.70,2.5588,true,1,35463
7290010153817,false,ריבת חלב מיה 400 גרם,מיה תעשיות מזון בעמ,IL,ריבת חלב מיה 400 גרם,גרמים,400.00,100 גרם,false,,9.90,2.4750,true,1,35471
7290010153848,false,פפריקה מתוקה בשמן מי,מיה תעשיות מזון בעמ,IL,פפריקה מתוקה בשמן מי,גרמים,80.00,100 גרם,false,,5.80,7.2500,true,1,35474
7290010153855,false,פפריקה מרוקאית בשמן,מיה תעשיות מזון בעמ,IL,פפריקה מרוקאית בשמן,גרמים,300.00,100 גרם,false,,12.90,4.3000,true,1,35475
7290010153862,false,פלפל שחור גרוס מיה 7,מיה תעשיות מזון בעמ,IL,פלפל שחור גרוס מיה 7,גרמים,70.00,100 גרם,false,,6.90,9.8571,true,1,35476
7290010153879,false,ריבת חלב בטעם שמנת מ,מיה תעשיות מזון בעמ,IL,ריבת חלב בטעם שמנת מ,גרמים,400.00,100 גרם,false,,9.90,2.4750,true,1,35477
7290010153978,false,קונפיטורה שזיף מיה 3,מיה תעשיות מזון בעמ,IL,קונפיטורה שזיף מיה 3,גרמים,340.00,100 גרם,false,,8.70,2.5588,true,1,35482
7290010154005,false,סחוג תימני ביטון 250,תבליני ביטון,IL,סחוג תימני ביטון 250,גרמים,250.00,100 גרם,false,,13.50,5.4000,true,1,35483
7290010154012,false,לימון בלאדי ביטון 25,תבליני ביטון,IL,לימון בלאדי ביטון 25,גרמים,250.00,100 גרם,false,,13.50,5.4000,true,1,35484
7290010154029,false,אריסה מתוקה ביטון 25,תבליני ביטון,IL,אריסה מתוקה ביטון 25,גרמים,250.00,100 גרם,false,,13.50,5.4000,true,1,35485
7290010154265,false,פלפל צומה ביטון 250,תבליני ביטון,IL,פלפל צומה ביטון 250,גרמים,250.00,100 גרם,false,,13.50,5.4000,true,1,35488
7290010154531,false,תבלין פלפל מתוק יבש,שקדיה,IL,תבלין פלפל מתוק יבש,גרמים,150.00,100 גרם,false,,9.90,6.6000,true,1,107776
7290010154678,false,אריסה חריף פיקנטי בי,תבליני ביטון,IL,אריסה חריף פיקנטי בי,גרמים,250.00,100 גרם,false,,13.50,5.4000,true,1,86147
7290010154685,false,שום כתוש ביטון 250 ג,תבליני ביטון,IL,שום כתוש ביטון 250 ג,גרמים,250.00,100 גרם,false,,13.50,5.4000,true,1,86148
7290010175819,false,חמאת בוטנים קלאסית ט,ניצה אס סיי,AR,חמאת בוטנים קלאסית ט,גרמים,510.00,100 גרם,false,,11.90,2.3333,true,1,35535
7290010175826,false,חמאת בוטנים שברי בוט,ניצה אס סיי,AR,חמאת בוטנים שברי בוט,גרמים,510.00,100 גרם,false,,11.90,2.3333,true,1,35536
7290010175840,false,לבבות דקל שלם טעים 4,אינאקספו,UY,לבבות דקל שלם טעים 4,גרמים,400.00,100 גרם,false,,11.50,2.8750,true,1,46548
7290010175857,false,לבבות דקל פרוס טעים,אינאקספו,UY,לבבות דקל פרוס טעים,גרמים,400.00,100 גרם,false,,10.50,2.6250,true,1,46547
7290010176212,false,תאי נודלס בטעם עוף ט,זיזיאנג גרין הום פוד,CN,תאי נודלס בטעם עוף ט,גרמים,65.00,100 גרם,false,,3.90,6.0000,true,1,35552
7290010176229,false,תאי נודלס בטעם בקר ט,זיזיאנג גרין הום פוד,CN,תאי נודלס בטעם בקר ט,גרמים,65.00,100 גרם,false,,3.90,6.0000,true,1,43030
7290010176236,false,תאי נודלס בטעם ירקות,זיזיאנג גרין הום פוד,CN,תאי נודלס בטעם ירקות,גרמים,65.00,100 גרם,false,,3.90,6.0000,true,1,35553
7290010176243,false,תאי נודלס בטעם סיני,זיזיאנג גרין הום פוד,CN,תאי נודלס בטעם סיני,גרמים,65.00,100 גרם,false,,3.90,6.0000,true,1,43029
7290010176793,false,סוכריות מיני רולים ט,גואנגדונג צאואן פוד,CN,סוכריות מיני רולים ט,גרמים,375.00,100 גרם,false,,15.90,4.2400,true,1,35584
7290010193288,false,קישקע גלאט עוף 500 ג,מ ב גלאט עוף למהדרין,IL,קישקע גלאט עוף 500 ג,גרמים,500.00,100 גרם,false,,13.90,2.7800,true,1,40696
7290010193448,false,פסטרמה רומנית ג.עוף,מ ב גלאט עוף למהדרין,IL,פסטרמה רומנית ג.עוף,גרמים,400.00,100 גרם,false,,29.90,7.4750,true,1,61184
7290010193479,false,מעדן שווארמה ג.עוף 2,מ ב גלאט עוף למהדרין,IL,מעדן שווארמה ג.עוף 2,גרמים,200.00,100 גרם,false,,13.90,6.9500,true,1,61183
7290010193486,false,חזה הודו מעושן ג.עוף,מ ב גלאט עוף למהדרין,IL,חזה הודו מעושן ג.עוף,גרמים,400.00,100 גרם,false,,28.90,7.2250,true,1,61181
7290010193493,false,חזה הודו מעושן ג.עוף,מ ב גלאט עוף למהדרין,IL,חזה הודו מעושן ג.עוף,גרמים,200.00,100 גרם,false,,15.90,7.9500,true,1,61180
7290010193523,false,פסטרמה מעודנת ג.עוף,מ ב גלאט עוף למהדרין,IL,פסטרמה מעודנת ג.עוף,גרמים,400.00,100 גרם,false,,21.90,5.4750,true,1,61191
7290010193530,false,נקניק קבנוס ג.עוף 18,מ ב גלאט עוף למהדרין,IL,נקניק קבנוס ג.עוף 18,גרמים,180.00,100 גרם,false,,12.90,7.1667,true,1,61187
7290010193608,false,מארז נקניקיות ג.עוף,מ ב גלאט עוף למהדרין,IL,מארז נקניקיות ג.עוף,גרמים,900.00,100 גרם,false,,19.90,2.2111,true,1,61189
7290010193615,false,מארז פסטרמה חזה הודו,מ ב גלאט עוף למהדרין,IL,מארז פסטרמה חזה הודו,גרמים,600.00,100 גרם,false,,22.90,3.8167,true,1,61192
7290010193837,false,נגיסי עוף גלאט עוף 2,מ ב גלאט עוף למהדרין,IL,נגיסי עוף גלאט עוף 2,פריט,2.00,"ק""ג",false,,59.90,29.9500,true,1,64121
7290010193844,false,טבעות עוף גלאט עוף 1,מ ב גלאט עוף למהדרין,IL,טבעות עוף גלאט עוף 1,פריט,1.80,"ק""ג",false,,59.90,33.2778,true,1,64122
7290010193851,false,שניצל אמריקאי גלאט ע,מ ב גלאט עוף למהדרין,IL,שניצל אמריקאי גלאט ע,פריט,2.00,"ק""ג",false,,59.90,29.9500,true,1,64120
7290010193875,false,נקניקיות עוף ג.עוף 1,מ ב גלאט עוף למהדרין,IL,נקניקיות עוף ג.עוף 1,פריט,1.50,"ק""ג",false,,29.90,19.9333,true,1,62629
7290010193899,false,קישקע קמח מלא גלאט ע,מ ב גלאט עוף למהדרין,IL,קישקע קמח מלא גלאט ע,גרמים,500.00,100 גרם,false,,14.90,2.9800,true,1,64986
7290010193929,false,שניצלונים בשומשום גל,מ ב גלאט עוף למהדרין,IL,שניצלונים בשומשום גל,פריט,1.30,"ק""ג",false,,59.90,46.0769,true,1,66654
7290010237562,false,"מירינדה 500 מ""ל",טמפו,IL,"מירינדה 500 מ""ל",מיליליטרים,500.00,"100 מ""ל",false,,3.90,0.7800,true,1,66595
7290010237890,false,בירה היינקן ב.חוזר 5,טמפו,IL,בירה היינקן ב.חוזר 5,מיליליטרים,500.00,"100 מ""ל",false,,8.90,1.7800,true,1,56389
7290010259991,false,צנימים ויליפוד 250 ג,דן קייק,PT,צנימים ויליפוד 250 ג,גרמים,250.00,100 גרם,false,,7.90,3.1600,true,1,60386
7290010318230,false,אלספה כשר אלטמן,,,אלספה כשר אלטמן,Unknown,0.00,יחידה,false,,129.90,0.0000,true,1,108223
7290010328093,false,ממרח חלוה אחוה 400 ג,אחדות ביחר לטחינה חל,IL,ממרח חלוה אחוה 400 ג,גרמים,400.00,100 גרם,false,,9.90,2.4750,true,1,35652
7290010328178,false,חלוה מסולסלת אחוה 25,אחדות ביחר לטחינה חל,IL,חלוה מסולסלת אחוה 25,גרמים,250.00,100 גרם,false,,10.90,4.3600,true,1,35653
7290010328239,false,טחינה מתובלת אחוה 50,אחדות ביחר לטחינה חל,IL,טחינה מתובלת אחוה 50,גרמים,500.00,100 גרם,false,,10.90,2.1800,true,1,35655
7290010328345,false,חטיף חלוה וניל אחוה,אחדות ביחר לטחינה חל,IL,חטיף חלוה וניל אחוה,גרמים,50.00,100 גרם,false,,1.60,3.2000,true,1,51982
7290010328451,false,חלוה פולי קקאו אחוה,אחדות ביחר לטחינה חל,IL,חלוה פולי קקאו אחוה,גרמים,400.00,100 גרם,false,,11.90,2.9750,true,1,61620
7290010328468,false,חטיפי מיני חלוה אחוה,אחדות ביחר לטחינה חל,IL,חטיפי מיני חלוה אחוה,גרמים,216.00,100 גרם,false,,9.80,4.5370,true,1,68726
7290010328505,false,חטיפי מיני חלוה ללא,אחדות ביחר לטחינה חל,IL,חטיפי מיני חלוה ללא,גרמים,150.00,100 גרם,false,,9.80,6.5333,true,1,68727
7290010328680,false,עוגת שוקולד ציפס מרי,אחדות ביחר לטחינה חל,IL,עוגת שוקולד ציפס מרי,גרמים,450.00,100 גרם,false,,8.90,1.9778,true,1,71043
7290010328710,false,קצפיות אחוה 180 גרם,אחדות ביחר לטחינה חל,IL,קצפיות אחוה 180 גרם,גרמים,180.00,100 גרם,false,,8.50,4.7222,true,1,80776
7290010328727,false,ממרח שומשום עם שוקול,אחדות ביחר לטחינה חל,IL,ממרח שומשום עם שוקול,גרמים,400.00,100 גרם,false,,9.90,2.4750,true,1,75925
7290010328734,false,ממרח שומשום עם סילאן,אחדות ביחר לטחינה חל,IL,ממרח שומשום עם סילאן,גרמים,400.00,100 גרם,false,,9.90,2.4750,true,1,76764
7290010328765,false,חטיף חלוה שוקו וניל,אחדות ביחר לטחינה חל,IL,חטיף חלוה שוקו וניל,גרמים,50.00,100 גרם,false,,1.60,3.2000,true,1,81138
7290010328789,false,עוגת וניל אחדות 350,אחדות ביחר לטחינה חל,IL,עוגת וניל אחדות 350,גרמים,350.00,100 גרם,false,,6.50,1.8571,true,1,78886
7290010328796,false,עוגת שוקולד אחדות 35,אחדות ביחר לטחינה חל,IL,עוגת שוקולד אחדות 35,גרמים,350.00,100 גרם,false,,6.50,1.8571,true,1,78887
7290010328802,false,עוגת שוקולד ציפס אחד,אחדות ביחר לטחינה חל,IL,עוגת שוקולד ציפס אחד,גרמים,350.00,100 גרם,false,,6.50,1.8571,true,1,78888
7290010328819,false,ממרח שומשום עם שוקול,אחדות ביחר לטחינה חל,IL,ממרח שומשום עם שוקול,גרמים,400.00,100 גרם,false,,9.90,2.4750,true,1,79594
7290010328895,false,מאפין שוקולד אחוה 45,אחדות ביחר לטחינה חל,IL,מאפין שוקולד אחוה 45,גרמים,45.00,100 גרם,false,,1.30,2.8889,true,1,80219
7290010471669,false,דנונה בר תות וקורנפל,שטראוס,IL,דנונה בר תות וקורנפל,גרמים,175.00,100 גרם,false,,3.90,2.2286,true,1,40061
7290010472307,false,מארז משקה גמדים תות,שטראוס,IL,מארז משקה גמדים תות,גרמים,800.00,100 גרם,false,,19.90,2.4875,true,1,79498
7290010472390,false,מארז דני שוקולד 8*12,שטראוס,IL,מארז דני שוקולד 8*12,קילוגרמים,1.00,ליטר,false,,14.90,14.9000,true,1,35729
7290010513703,false,צופסטיקס מזרח ומערב,גולין  פנגזו,CN,צופסטיקס מזרח ומערב,Unknown,0.00,יחידה,false,,6.90,0.0000,true,1,96320
7290010513727,false,פנקו פירורי לחם מזרח,קינגדאו גוניון פודס,CN,פנקו פירורי לחם מזרח,גרמים,200.00,100 גרם,false,,7.90,3.9500,true,1,95066
7290010561148,false,שליש באגט ל.גלוטן בר,"ל.ד בר אל בע""מ",IL,שליש באגט ל.גלוטן בר,גרמים,360.00,100 גרם,false,,9.90,2.7500,true,1,74511
7290010561247,false,לחם ביתי ל.גלוטן ברא,"ל.ד בר אל בע""מ",IL,לחם ביתי ל.גלוטן ברא,גרמים,500.00,100 גרם,false,,4.90,0.9800,true,1,74508
7290010561278,false,לחמניות המבורגר ל.גל,"ל.ד בר אל בע""מ",IL,לחמניות המבורגר ל.גל,גרמים,370.00,100 גרם,false,,4.90,1.3243,true,1,74510
7290010617180,false,מוצץ גדול סדרת פרחים,אריסטוקרט,,מוצץ גדול סדרת פרחים,Unknown,0.00,יחידה,false,,16.90,0.0000,true,1,39983
7290010617241,false,מוצץ בינוני סדרת פרח,אריסטוקרט,,מוצץ בינוני סדרת פרח,Unknown,0.00,יחידה,false,,16.90,0.0000,true,1,35771
7290010617258,false,מוצץ קטן סדרת פרחים,אריסטוקרט,,מוצץ קטן סדרת פרחים,Unknown,0.00,יחידה,false,,16.90,0.0000,true,1,35772
7290010617593,false,כוס אימון יוקרתית לת,אריסטוקרט,,כוס אימון יוקרתית לת,Unknown,0.00,יחידה,false,,14.90,0.0000,true,1,41086
7290010617609,false,מוצץ סיליקון בינוני,אריסטוקרט,,מוצץ סיליקון בינוני,Unknown,0.00,יחידה,false,,13.90,0.0000,true,1,39982
7290010617623,false,כוס אימון פרימיום לת,אריסטוקרט,,כוס אימון פרימיום לת,Unknown,0.00,יחידה,false,,14.90,0.0000,true,1,41085
7290010617906,false,מברשת פרימיום לניקוי,אריסטוקרט,,מברשת פרימיום לניקוי,Unknown,0.00,יחידה,false,,12.90,0.0000,true,1,44789
7290010617920,false,מחזיק למוצץ אריסטוקר,אריסטוקרט,,מחזיק למוצץ אריסטוקר,Unknown,0.00,יחידה,false,,12.90,0.0000,true,1,44791
7290010650019,false,אנדיב - עולש,חוות פטריות תקוע,IL,אנדיב - עולש,Unknown,0.00,יחידה,false,,13.90,0.0000,true,1,41227
7290010650828,false,פטריות שימגי,חוות פטריות תקוע,IL,פטריות שימגי,Unknown,0.00,יחידה,false,,13.90,0.0000,true,1,88133
7290010650996,false,פטריות שימגי חומות,חוות פטריות תקוע,IL,פטריות שימגי חומות,Unknown,0.00,יחידה,false,,13.90,0.0000,true,1,102469
7290010654567,false,גבינה פרמזן מגורדת,מחלבת כפר תבור,,גבינת פרמזן מגורדת 100 גרם מגורד,גרמים,100.00,100 גרם,false,1,11.90,11.9000,true,1,81593
7290010656592,false,מיץ ענבים תירוש אדום,יקב טפרברג 1870 בעמ,IL,מיץ ענבים תירוש אדום,קילוגרמים,1.00,ליטר,false,,16.90,16.9000,true,1,57387
7290010656615,false,מיץ ענבים תירוש לבן,יקב טפרברג 1870 בעמ,IL,מיץ ענבים תירוש לבן,קילוגרמים,1.00,ליטר,false,,16.90,16.9000,true,1,57388
7290010757893,false,"בורקס תפו""א ל.גלוטן",מאפיית ישראל חיפה,IL,"בורקס תפו""א ל.גלוטן",גרמים,500.00,100 גרם,false,,19.90,3.9800,true,1,105724
7290010757909,false,בורקס גבינה ל.גלוטן,מאפיית ישראל חיפה,IL,בורקס גבינה ל.גלוטן,גרמים,500.00,100 גרם,false,,19.90,3.9800,true,1,105722
7290010757923,false,ריבועי בצק עלים ל.גל,מאפיית ישראל חיפה,IL,ריבועי בצק עלים ל.גל,גרמים,450.00,100 גרם,false,,19.90,4.4222,true,1,105721
7290010757947,false,בורקס פטריות ל.גלוטן,מאפיית ישראל חיפה,IL,בורקס פטריות ל.גלוטן,גרמים,500.00,100 גרם,false,,19.90,3.9800,true,1,105723
7290010757954,false,זיווה גבינה ל.גלוטן,מאפיית ישראל חיפה,IL,זיווה גבינה ל.גלוטן,גרמים,500.00,100 גרם,false,,19.90,3.9800,true,1,105726
7290010757961,false,ג'חנון ל.גלוטן אריאל,מאפיית ישראל חיפה,IL,ג'חנון ל.גלוטן אריאל,גרמים,450.00,100 גרם,false,,19.90,4.4222,true,1,105727
7290010777280,false,פיתות מרובעות פיתה א,שאשא,IL,פיתות מרובעות פיתה א,פריט,1.00,"ק""ג",false,,12.90,12.9000,true,1,56112
7290010777297,false,פיתות פיתה אקספרס 10,שאשא,IL,פיתות פיתה אקספרס 10,גרמים,600.00,100 גרם,false,,12.90,2.1500,true,1,56110
7290010777358,false,מארז פיתות 100% כוסמ,שאשא,IL,מארז פיתות 100% כוסמ,גרמים,400.00,100 גרם,false,,15.90,3.9750,true,1,87813
7290010777488,false,מארז פיתות מחמצת קמח,שאשא,IL,מארז פיתות מחמצת קמח,גרמים,500.00,100 גרם,false,,15.90,3.1800,true,1,107684
7290010883356,false,כפפות אלוורה L סנו ס,Z H RUBBER,IL,כפפות אלוורה L סנו ס,Unknown,0.00,יחידה,false,,8.90,0.0000,true,1,35943
7290010883363,false,כפפות אלוורה S סנו ס,Z H RUBBER,IL,כפפות אלוורה S סנו ס,Unknown,0.00,יחידה,false,,8.90,0.0000,true,1,35944
7290010883370,false,כפפות אלוורה M סנו ס,Z H RUBBER,IL,כפפות אלוורה M סנו ס,Unknown,0.00,יחידה,false,,8.90,0.0000,true,1,35945
7290010931330,false,מטבוחה אחלה 500 גרם,שטראוס,IL,מטבוחה אחלה 500 גרם,גרמים,500.00,100 גרם,false,,11.90,2.3800,true,1,40055
7290010945146,false,קוטג 3% טרה 250 גרם,טרה,IL,קוטג 3% טרה 250 גרם,גרמים,250.00,100 גרם,false,,4.90,1.9600,true,1,35961
7290010945306,false,חלב 3% טרה 2 ליטר,טרה,IL,חלב 3% טרה 2 ליטר,קילוגרמים,2.00,ליטר,false,,10.90,5.4500,true,1,35965
7290010945450,false,גבינה 3% טרה 250 גרם,טרה,IL,גבינה 3% טרה 250 גרם,גרמים,250.00,100 גרם,false,,4.90,1.9600,true,1,35967
7290010984565,false,זית חרוזית בני דרום,בני דרום,IL,זית חרוזית בני דרום,גרמים,820.00,100 גרם,false,,9.90,1.2073,true,1,84671
7290010984572,false,זית טבעות בני דרום 8,בני דרום,IL,זית טבעות בני דרום 8,גרמים,820.00,100 גרם,false,,9.90,1.2073,true,1,84672
7290010984596,false,זית מנזלינו בני דרום,בני דרום,IL,זית מנזלינו בני דרום,גרמים,820.00,100 גרם,false,,7.90,0.9634,true,1,84667
7290010984602,false,זית סורי מבוקע בני ד,בני דרום,IL,זית סורי מבוקע בני ד,גרמים,820.00,100 גרם,false,,12.90,1.5732,true,1,84668
7290010984619,false,זית מבוקע בני דרום 8,בני דרום,IL,זית מבוקע בני דרום 8,גרמים,820.00,100 גרם,false,,9.90,1.2073,true,1,100706
7290010984626,false,מלפפון במלח גדול בני,בני דרום,IL,מלפפון במלח גדול בני,גרמים,820.00,100 גרם,false,,6.90,0.8415,true,1,84677
7290010984633,false,מלפפון במלח בינוני ב,בני דרום,IL,מלפפון במלח בינוני ב,גרמים,820.00,100 גרם,false,,7.90,0.9634,true,1,84678
7290010984640,false,מלפפון במלח קטן בני,בני דרום,IL,מלפפון במלח קטן בני,גרמים,820.00,100 גרם,false,,9.50,1.1585,true,1,84679
7290010984657,false,מלפפון במלח קטן מאוד,בני דרום,IL,מלפפון במלח קטן מאוד,גרמים,820.00,100 גרם,false,,11.90,1.4512,true,1,84680
7290010984671,false,מלפפון בחומץ גדול בנ,בני דרום,IL,מלפפון בחומץ גדול בנ,גרמים,820.00,100 גרם,false,,6.90,0.8415,true,1,84673
7290010984688,false,מלפפון בחומץ בינוני,בני דרום,IL,מלפפון בחומץ בינוני,גרמים,820.00,100 גרם,false,,7.90,0.9634,true,1,84674
7290010984695,false,מלפפון בחומץ קטן בני,בני דרום,IL,מלפפון בחומץ קטן בני,גרמים,820.00,100 גרם,false,,9.50,1.1585,true,1,84675
7290010984701,false,מלפפון בחומץ קטן מאו,בני דרום,IL,מלפפון בחומץ קטן מאו,גרמים,820.00,100 גרם,false,,11.90,1.4512,true,1,84676
7290010984794,false,פלפל שיפקה בני דרום,בני דרום,IL,פלפל שיפקה בני דרום,גרמים,820.00,100 גרם,false,,7.50,0.9146,true,1,91440
7290011017866,false,"קוקה קולה 330 מ""ל",קוקה קולה,IL,"קוקה קולה 330 מ""ל",מיליליטרים,330.00,"100 מ""ל",false,,4.90,1.4848,true,1,96534
7290011017873,false,קוקה קולה זירו 330 מ,קוקה קולה,IL,קוקה קולה זירו 330 מ,מיליליטרים,330.00,"100 מ""ל",false,,4.90,1.4848,true,1,96535
7290011018443,false,"פאנטה אורנג' 330 מ""ל",קוקה קולה,IL,"פאנטה אורנג' 330 מ""ל",מיליליטרים,330.00,"100 מ""ל",false,,4.90,1.4848,true,1,96537
7290011018917,false,מארז קוקה קולה זירו,קוקה קולה,IL,מארז קוקה קולה זירו,קילוגרמים,1.98,ליטר,false,,19.90,10.0505,true,1,76451
7290011022976,false,נייר אלומיניום אור 1,גי.טי,IL,נייר אלומיניום אור 1,מטרים,60.00,מטר,false,,23.90,0.3983,true,1,109893
7290011064099,false,טאפס פלפלים ממולאים,נטורל קייקס,IL,טאפס פלפלים ממולאים,גרמים,125.00,100 גרם,false,,19.90,15.9200,true,1,81630
7290011081492,false,גלידה קרמיסימו שלושה,גלידות שטראוס,IL,גלידה קרמיסימו שלושה,קילוגרמים,1.33,ליטר,false,,17.50,13.1579,true,1,36040
7290011091057,false,פפריקה מתוקה פרג 500,תבליני הדור השלישי,IL,פפריקה מתוקה פרג 500,גרמים,500.00,100 גרם,false,,34.90,6.9800,true,1,38646
7290011091088,false,כורכום פרג 500 גרם,תבליני הדור השלישי,IL,כורכום פרג 500 גרם,גרמים,500.00,100 גרם,false,,34.90,6.9800,true,1,38644
7290011091095,false,חוואיג למרק פרג 500,תבליני הדור השלישי,IL,חוואיג למרק פרג 500,גרמים,500.00,100 גרם,false,,34.90,6.9800,true,1,38643
7290011091118,false,גריל עוף פרג 500 גרם,תבליני הדור השלישי,IL,גריל עוף פרג 500 גרם,גרמים,500.00,100 גרם,false,,34.90,6.9800,true,1,38641
7290011091392,false,בהרט לקובה פרג 120 ג,תבליני הדור השלישי,IL,בהרט לקובה פרג 120 ג,גרמים,100.00,100 גרם,false,,16.90,16.9000,true,1,42277
7290011091507,false,פלפל שחור טחון פרג 1,תבליני הדור השלישי,IL,פלפל שחור טחון פרג 1,גרמים,100.00,100 גרם,false,,15.90,15.9000,true,1,38637
7290011091620,false,קימל טחון פרג 120 גר,תבליני הדור השלישי,IL,קימל טחון פרג 120 גר,גרמים,120.00,100 גרם,false,,15.90,13.2500,true,1,56704
7290011091637,false,פלפל אנגלי פרג 120 ג,תבליני הדור השלישי,IL,פלפל אנגלי פרג 120 ג,גרמים,120.00,100 גרם,false,,15.90,13.2500,true,1,48009
7290011091651,false,שום גבישי פרג 150 גר,תבליני הדור השלישי,IL,שום גבישי פרג 150 גר,גרמים,150.00,100 גרם,false,,16.90,11.2667,true,1,38624
7290011115166,false,תחליב נקה 7 לבנדר 1,אמיליה קוסמטיקס,IL,תחליב נקה 7 לבנדר 1,קילוגרמים,1.00,ליטר,false,,12.70,12.7000,true,1,36058
7290011115173,false,תחליב נקה 7 וניל שקד,אמיליה קוסמטיקס,IL,תחליב נקה 7 וניל שקד,קילוגרמים,1.00,ליטר,false,,12.70,12.7000,true,1,36059
7290011115203,false,סבון מוצק נקה 7 ורוד,גליל כימיקלים בעמ,IL,סבון מוצק נקה 7 ורוד,גרמים,400.00,100 גרם,false,,8.90,2.2250,true,1,36061
7290011115241,false,סבון מוצק נקה 7 ורד,גליל כימיקלים בעמ,IL,סבון מוצק נקה 7 ורד,גרמים,400.00,100 גרם,false,,8.90,2.2250,true,1,36064
7290011115258,false,סבון מוצק נקה 7 ירוק,גליל כימיקלים בעמ,IL,סבון מוצק נקה 7 ירוק,גרמים,400.00,100 גרם,false,,8.90,2.2250,true,1,36065
7290011115265,false,סבון מוצק נקה 7 לבנד,גליל כימיקלים בעמ,IL,סבון מוצק נקה 7 לבנד,גרמים,400.00,100 גרם,false,,8.90,2.2250,true,1,36066
7290011115401,false,סבון מוצק נקה 7 קמומ,סנו,IL,סבון מוצק נקה 7 קמומ,גרמים,400.00,100 גרם,false,,8.90,2.2250,true,1,41854
7290011126209,false,חליטת תפוח וקינמון ס,ויסוצקי,IL,חליטת תפוח וקינמון ס,Unknown,0.00,יחידה,false,,12.90,0.0000,true,1,70458
7290011126452,false,תה קמומיל נענע הגן ק,ויסוצקי,IL,תה קמומיל נענע הגן ק,גרמים,38.00,100 גרם,false,,12.90,33.9474,true,1,36085
7290011126469,false,תה קמומיל ודבש הגן ק,ויסוצקי,IL,תה קמומיל ודבש הגן ק,גרמים,38.00,100 גרם,false,,12.90,33.9474,true,1,36086
7290011126957,false,תה ירוק ארל גריי 25,ויסוצקי,IL,תה ירוק ארל גריי 25,גרמים,38.00,100 גרם,false,,21.90,57.6316,true,1,57393
7290011132583,false,מארז פפסי מקס 6*500,טמפו,IL,מארז פפסי מקס 6*500,קילוגרמים,3.00,ליטר,false,,16.90,5.6333,true,1,102123
7290011133375,false,מארז בירה שנדי אפרסק,טמפו,IL,מארז בירה שנדי אפרסק,קילוגרמים,1.98,ליטר,false,,29.90,15.1010,true,1,49054
7290011133450,false,פקדון בקבוק חוזר 500,,,פקדון בקבוק חוזר 500,Unknown,0.00,יחידה,false,,1.20,0.0000,true,1,56149
7290011133634,false,מארז פפסי מקס 6*330,אלפא S.A,AL,מארז פפסי מקס 6*330,קילוגרמים,1.98,ליטר,false,,15.90,8.0303,true,1,92452
7290011148959,false,פלפל טינקרבל מארז,מרינה,IL,פלפל טינקרבל מארז,Unknown,0.00,יחידה,false,,8.90,0.0000,true,1,59765
7290011154028,false,סירופ תפוע 1.2 ליטר,טעמי הגליל,IL,סירופ תפוע 1.2 ליטר,קילוגרמים,1.20,ליטר,false,,39.90,33.2500,true,1,36093
7290011154103,false,"רסק תפו""ע ללא סוכר ד",,,"רסק תפו""ע ללא סוכר ד",גרמים,600.00,100 גרם,false,,7.90,1.3167,true,1,36096
7290011154110,false,"רסק תפו""ע דרומה A2",,,"רסק תפו""ע דרומה A2",גרמים,600.00,100 גרם,false,,7.90,1.3167,true,1,36097
7290011154301,false,ממרח תמרים טעמי הגלי,טעמי הגליל,IL,ממרח תמרים טעמי הגלי,גרמים,450.00,100 גרם,false,,5.90,1.3111,true,1,38683
7290011154318,false,סילאן טבעי טעמי הגלי,טעמי הגליל,IL,סילאן טבעי טעמי הגלי,גרמים,900.00,100 גרם,false,,19.90,2.2111,true,1,76067
7290011164164,false,לקקן סודה טעמן 40 יח,גואנגדונג צאואן פוד,CN,לקקן סודה טעמן 40 יח,גרמים,310.00,100 גרם,false,,15.90,5.1290,true,1,36105
7290011164546,false,סוכריות פרוטמילה טופ,פאסין אס אי,BR,סוכריות פרוטמילה טופ,גרמים,600.00,100 גרם,false,,14.90,2.4833,true,1,36123
7290011164553,false,סוכריות פרוטמילה טופ,,,סוכריות פרוטמילה טופ,גרמים,700.00,100 גרם,false,,14.90,2.1286,true,1,36124
7290011194246,false,קוטג 5% שטראוס 250 ג,שטראוס,IL,קוטג 5% שטראוס 250 ג,גרמים,250.00,100 גרם,false,,5.60,2.2400,true,1,36167
7290011240868,false,יין מוסקטו אדום מבעב,יקבי ציון,IL,יין מוסקטו אדום מבעב,מיליליטרים,750.00,"100 מ""ל",false,,24.90,3.3200,true,1,70873
7290011240905,false,יין מוסקטו לבן  מבעב,יקבי ציון,IL,יין מוסקטו לבן  מבעב,מיליליטרים,750.00,"100 מ""ל",false,,24.90,3.3200,true,1,70874
7290011249212,false,ופלים קראנץ' במילוי,,IL,ופלים קראנץ' במילוי,גרמים,200.00,100 גרם,false,,2.90,1.4500,true,1,109026
7290011253455,false,יין גוש עציון נחל הע,יקב גוש עציון,IL,יין גוש עציון נחל הע,מיליליטרים,750.00,"100 מ""ל",false,,89.90,11.9867,true,1,105686
7290011254070,false,פלפל שחור שקית מיה 5,מיה תעשיות מזון בעמ,IL,פלפל שחור שקית מיה 5,גרמים,50.00,100 גרם,false,,4.90,9.8000,true,1,36212
7290011254087,false,קינמון שקית מיה 80 ג,מיה תעשיות מזון בעמ,IL,קינמון שקית מיה 80 ג,גרמים,80.00,100 גרם,false,,2.90,3.6250,true,1,36213
7290011254094,false,כמון שקית מיה 80 גרם,מיה תעשיות מזון בעמ,IL,כמון שקית מיה 80 גרם,גרמים,80.00,100 גרם,false,,2.90,3.6250,true,1,53807
7290011254100,false,כורכום שקית מיה 80 ג,מיה תעשיות מזון בעמ,IL,כורכום שקית מיה 80 ג,גרמים,80.00,100 גרם,false,,2.90,3.6250,true,1,36214
7290011254117,false,פפריקה מתוקה שקית מי,מיה תעשיות מזון בעמ,IL,פפריקה מתוקה שקית מי,גרמים,80.00,100 גרם,false,,2.90,3.6250,true,1,36215
7290011254124,false,פפריקה חריפה שקית מי,מיה תעשיות מזון בעמ,IL,פפריקה חריפה שקית מי,גרמים,80.00,100 גרם,false,,2.90,3.6250,true,1,36216
7290011254131,false,אורגנו שקית מיה 20 ג,מיה תעשיות מזון בעמ,IL,אורגנו שקית מיה 20 ג,גרמים,20.00,100 גרם,false,,2.90,14.5000,true,1,53801
7290011254148,false,אבקת שום שקית מיה 80,מיה תעשיות מזון בעמ,IL,אבקת שום שקית מיה 80,גרמים,80.00,100 גרם,false,,6.90,8.6250,true,1,36217
7290011254155,false,מלח לימון שקית מיה 8,מיה תעשיות מזון בעמ,IL,מלח לימון שקית מיה 8,גרמים,100.00,100 גרם,false,,2.90,2.9000,true,1,36218
7290011254162,false,פלפל לבן שקית מיה 50,מיה תעשיות מזון בעמ,IL,פלפל לבן שקית מיה 50,גרמים,50.00,100 גרם,false,,6.90,13.8000,true,1,36219
7290011254179,false,גריל עוף שקית מיה 80,מיה תעשיות מזון בעמ,IL,גריל עוף שקית מיה 80,גרמים,80.00,100 גרם,false,,2.90,3.6250,true,1,36220
7290011254193,false,שבבי שום שקית מיה 50,מיה תעשיות מזון בעמ,IL,שבבי שום שקית מיה 50,גרמים,80.00,100 גרם,false,,6.90,8.6250,true,1,53805
7290011254209,false,גבישי שום שקית מיה 8,מיה תעשיות מזון בעמ,IL,גבישי שום שקית מיה 8,גרמים,80.00,100 גרם,false,,6.90,8.6250,true,1,53803
7290011254230,false,מארז תן צאפ טבעות 8*,מיה תעשיות מזון בעמ,IL,מארז תן צאפ טבעות 8*,גרמים,120.00,100 גרם,false,,6.90,5.7500,true,1,36221
7290011254247,false,מארז תן צאפ גלגלים 8,מיה תעשיות מזון בעמ,IL,מארז תן צאפ גלגלים 8,גרמים,120.00,100 גרם,false,,6.90,5.7500,true,1,36222
7290011254698,false,שמן זית כתית מיה 750,MUELOLIVA,ES,שמן זית כתית מיה 750,מיליליטרים,750.00,"100 מ""ל",false,,27.90,3.7200,true,1,36251
7290011254766,false,שעועית לוביה מיה 400,מיה תעשיות מזון בעמ,IL,שעועית לוביה מיה 400,גרמים,400.00,100 גרם,false,,7.90,1.9750,true,1,42531
7290011254964,false,סוכריות גלי טבעי עשי,מיה תעשיות מזון בעמ,IL,סוכריות גלי טבעי עשי,גרמים,250.00,100 גרם,false,,8.90,3.5600,true,1,38599
7290011312381,false,פטריות סטייק פורטובל,מרינה פטריות,IL,פטריות סטייק פורטובל,Unknown,0.00,יחידה,false,,10.90,0.0000,true,1,56699
7290011379018,false,מארז פטריות צמד חמד,מרינה פטריות,IL,מארז פטריות צמד חמד,Unknown,0.00,יחידה,false,,15.90,0.0000,true,1,46720
7290011447359,false,מטרנה מהדרין שלב 1 7,מטרנה,IL,מטרנה מהדרין שלב 1 7,גרמים,700.00,100 גרם,false,,46.90,6.7000,true,1,36300
7290011447373,false,מטרנה מהדרין שלב 2 7,מטרנה,IL,מטרנה מהדרין שלב 2 7,גרמים,700.00,100 גרם,false,,46.90,6.7000,true,1,36302
7290011457051,false,ליקר צאלו שוקולד 500,ישראליקר,IL,ליקר צאלו שוקולד 500,מיליליטרים,500.00,"100 מ""ל",false,,29.90,5.9800,true,1,66348
7290011499051,false,גבינת פטה כבשים 20%,מחלבות גד,IL,גבינת פטה כבשים 20%,גרמים,250.00,100 גרם,false,,21.90,8.7600,true,1,36330
7290011499358,false,גבינת פטה עיזים 20%,מחלבות גד,IL,גבינת פטה עיזים 20%,גרמים,200.00,100 גרם,false,,24.90,12.4500,true,1,57049
7290011499365,false,גבינה חלומי 24% גד 2,מחלבות גד,IL,גבינה חלומי 24% גד 2,גרמים,200.00,100 גרם,false,,18.90,9.4500,true,1,39627
7290011499419,false,גבינה במרקם שמנת טבע,מחלבות גד,IL,גבינה במרקם שמנת טבע,גרמים,200.00,100 גרם,false,,9.90,4.9500,true,1,55753
7290011499686,false,גבינה צפתית 5% גד 35,מחלבות גד,IL,גבינה צפתית 5% גד 35,גרמים,350.00,100 גרם,false,,19.90,5.6857,true,1,51811
7290011499723,false,גבינה בולגרית פרוסות,דשן,IL,גבינה בולגרית פרוסות,גרמים,250.00,100 גרם,false,,24.90,9.9600,true,1,51810
7290011499730,false,גבינה בולגרית 5% גד,דשן,IL,גבינה בולגרית 5% גד,גרמים,250.00,100 גרם,false,,21.90,8.7600,true,1,51839
7290011499822,false,גבינה בולגרית מעודנת,דשן,IL,גבינה בולגרית מעודנת,גרמים,250.00,100 גרם,false,,14.90,5.9600,true,1,58695
7290011501570,false,מיץ שזיפים פרון 946,,US,מיץ שזיפים פרון 946,מיליליטרים,946.00,"100 מ""ל",false,,14.90,1.5751,true,1,62045
7290011515683,false,טילוני אקסטרים וניל,גלידות נסטלה,IL,טילוני אקסטרים וניל,גרמים,432.00,100 גרם,false,,23.90,5.5324,true,1,36341
7290011515911,false,שלגוני לייט נסטלה רי,גלידות נסטלה,IL,שלגוני לייט נסטלה רי,גרמים,312.00,100 גרם,false,,22.90,7.3397,true,1,46947
7290011518561,false,אקטימל תות דנונה 14*,שטראוס,IL,אקטימל תות דנונה 14*,קילוגרמים,1.40,ליטר,false,,24.90,17.7857,true,1,36349
7290011593117,false,זית סורי מבוקע סבא ח,סבא חביב,IL,זית סורי מבוקע סבא ח,גרמים,800.00,100 גרם,false,,19.90,2.4875,true,1,105742
7290011598211,false,תרסיס אנטי קאלק 4 ב-,סנו,IL,תרסיס אנטי קאלק 4 ב-,מיליליטרים,700.00,"100 מ""ל",false,,13.90,1.9857,true,1,36413
7290011598402,false,מרכך מקסימה מאסק 4 ל,סנו,IL,מרכך מקסימה מאסק 4 ל,קילוגרמים,4.00,ליטר,false,,18.90,4.7250,true,1,36423
7290011725006,false,פטרוזליה ברכת דוד,ברכת קטיף,IL,פטרוזליה ברכת דוד,Unknown,0.00,יחידה,false,,5.90,0.0000,true,1,98458
7290011725013,false,כוסברה ברכת דוד,ברכת קטיף,IL,כוסברה ברכת דוד,Unknown,0.00,יחידה,false,,6.90,0.0000,true,1,88263
7290011725020,false,שמיר ברכת דוד,ברכת קטיף,IL,שמיר ברכת דוד,Unknown,0.00,יחידה,false,,5.90,0.0000,true,1,63282
7290011725037,false,נענע ברכת דוד,ברכת קטיף,IL,נענע ברכת דוד,Unknown,0.00,יחידה,false,,5.90,0.0000,true,1,98459
7290011725044,false,סלרי ברכת דוד,ברכת קטיף,IL,סלרי ברכת דוד,Unknown,0.00,יחידה,false,,6.90,0.0000,true,1,98408
7290011725051,false,חסה ברכת דוד,ברכת קטיף,IL,חסה ברכת דוד,Unknown,0.00,יחידה,false,,6.90,0.0000,true,1,62441
7290011725068,false,מנגולד ברכת דוד,ברכת קטיף,IL,מנגולד ברכת דוד,Unknown,0.00,יחידה,false,,6.90,0.0000,true,1,98317
7290011725136,false,דלעת ברכת דוד,ברכת קטיף,IL,דלעת ברכת דוד,Unknown,0.00,יחידה,false,,8.90,0.0000,true,1,108611
7290011725167,false,בצל ירוק ברכת דוד,,,בצל ירוק ברכת דוד,Unknown,0.00,יחידה,false,,6.90,0.0000,true,1,61353
7290011732172,false,סוכריות שרשרת טעמן 2,גואנגדונג צאואן פוד,CN,סוכריות שרשרת טעמן 2,גרמים,422.00,100 גרם,false,,15.90,3.7678,true,1,36478
7290011732189,false,סוכריות צמיד טעמן 48,גואנגדונג צאואן פוד,CN,סוכריות צמיד טעמן 48,גרמים,422.00,100 גרם,false,,15.90,3.7678,true,1,36479
7290011732264,false,סוכריות פירמידה טעמן,גואנגדונג צאואן פוד,CN,סוכריות פירמידה טעמן,גרמים,432.00,100 גרם,false,,15.90,3.6806,true,1,36482
7290011732271,false,סוכריות פירות טעמן 3,גואנגדונג צאואן פוד,CN,סוכריות פירות טעמן 3,גרמים,432.00,100 גרם,false,,15.90,3.6806,true,1,36483
7290011765415,false,מרכך כיף רוזמרין בוב,קוסמופארם,,מרכך כיף רוזמרין בוב,מיליליטרים,750.00,"100 מ""ל",false,,10.70,1.4267,true,1,36567
7290011765446,false,משחת אורביטול ילדים,טרופיקל דגיל,IL,משחת אורביטול ילדים,גרמים,70.00,100 גרם,false,,6.90,9.8571,true,1,36570
7290011800840,false,טחינה בלאדי רפי 400,צבר,IL,טחינה בלאדי רפי 400,גרמים,400.00,100 גרם,false,,14.90,3.7250,true,1,42060
7290011877859,false,פותח סתימות סנו אינס,סנו,IL,פותח סתימות סנו אינס,מיליליטרים,200.00,"100 מ""ל",false,,9.90,4.9500,true,1,39799
7290011877866,false,אבקת מקסימה מאסק 6 ק,סנו,IL,אבקת מקסימה מאסק 6 ק,פריט,6.00,"ק""ג",false,,39.90,6.6500,true,1,39806
7290011931162,false,ממתיק נוזלי סוכרלוז,"סוכרזית בע""מ",IL,ממתיק נוזלי סוכרלוז,מיליליטרים,220.00,"100 מ""ל",false,,19.90,9.0455,true,1,57852
7290011947521,false,שמן זית כתית זיתא טע,זיתא,IL,שמן זית כתית זיתא טע,מיליליטרים,750.00,"100 מ""ל",false,,28.90,3.8533,true,1,98586
7290011977641,false,סרדין בלימון טעים 12,icc,MA,סרדין בלימון טעים 12,גרמים,125.00,100 גרם,false,,3.90,3.1200,true,1,36679
7290011977924,false,פסטה קרניים טעמן 500,מוטלו,TR,פסטה קרניים טעמן 500,גרמים,500.00,100 גרם,false,,3.90,0.7800,true,1,40012
7290012001994,false,חרדל דיזון גרגירים ר,ריין דיזון,FR,חרדל דיזון גרגירים ר,גרמים,350.00,100 גרם,false,,9.90,2.8286,true,1,49611
7290012025822,false,סלט סלק אסלי 400 גרם,סלטי שמיר 2006 בעמ,IL,סלט סלק אסלי 400 גרם,גרמים,400.00,100 גרם,false,,10.90,2.7250,true,1,49703
7290012025839,false,מטבוחה אסלי 400 גרם,סלטי שמיר 2006 בעמ,IL,מטבוחה אסלי 400 גרם,גרמים,400.00,100 גרם,false,,10.90,2.7250,true,1,49704
7290012071003,false,"משחה לתינוק ד""ר פישר",פישר מעבדות פרמצבטיו,IL,"משחה לתינוק ד""ר פישר",גרמים,200.00,100 גרם,false,,17.90,8.9500,true,1,94617
7290012116551,false,נוזל אנטי קאלק 4 ב-1,סנו,IL,נוזל אנטי קאלק 4 ב-1,קילוגרמים,2.00,ליטר,false,,17.90,8.9500,true,1,39785
7290012116612,false,מברשת אורביטול סופט,z h plastic,IL,מברשת אורביטול סופט,Unknown,0.00,יחידה,false,,9.90,0.0000,true,1,39824
7290012117039,false,נוזל 00 לאמבט 1 ליטר,סנו,IL,נוזל 00 לאמבט 1 ליטר,קילוגרמים,1.00,ליטר,false,,6.90,6.9000,true,1,39798
7290012117091,false,אבקת מקסימה סנסטיב 6,סנו,IL,אבקת מקסימה סנסטיב 6,פריט,6.00,"ק""ג",false,,39.90,6.6500,true,1,39807
7290012117275,false,"מילוי סנוקליר 750 מ""",סנו,IL,"מילוי סנוקליר 750 מ""",מיליליטרים,750.00,"100 מ""ל",false,,4.90,0.6533,true,1,39795
7290012117350,false,ריצפז פרש לילך 2 ליט,סנו,IL,ריצפז פרש לילך 2 ליט,קילוגרמים,2.00,ליטר,false,,13.90,6.9500,true,1,39788
7290012117411,false,גל רחצה קרמה מן במבו,קוסמופארם,IL,גל רחצה קרמה מן במבו,מיליליטרים,700.00,"100 מ""ל",false,,14.90,2.1286,true,1,39845
7290012117428,false,שמפו וגל רחצה לגבר ק,קוסמופארם,IL,שמפו וגל רחצה לגבר ק,מיליליטרים,700.00,"100 מ""ל",false,,14.90,2.1286,true,1,39846
7290012117435,false,גל רחצה קרמה מן אלוו,קוסמופארם,IL,גל רחצה קרמה מן אלוו,מיליליטרים,700.00,"100 מ""ל",false,,14.90,2.1286,true,1,39847
7290012117534,false,מרכך מקסימה סופר מרו,סנו,IL,מרכך מקסימה סופר מרו,קילוגרמים,1.00,ליטר,false,,13.90,13.9000,true,1,46681
7290012117541,false,מרכך מקסימה סופר מרו,סנו,IL,מרכך מקסימה סופר מרו,קילוגרמים,1.00,ליטר,false,,13.90,13.9000,true,1,46682
7290012117558,false,מרכך מקסימה סופר מרו,סנו,IL,מרכך מקסימה סופר מרו,קילוגרמים,1.00,ליטר,false,,13.90,13.9000,true,1,46683
7290012117916,false,פותח סתימות סנו אינס,סנו,IL,פותח סתימות סנו אינס,קילוגרמים,1.00,ליטר,false,,16.90,16.9000,true,1,69242
7290012227592,false,מארז תה מעושן וחרמון,זוגלובק,IL,מארז תה מעושן וחרמון,גרמים,700.00,100 גרם,false,,24.90,3.5571,true,1,70010
7290012227608,false,מארז חרמון וברביקיו,זוגלובק,IL,מארז חרמון וברביקיו,גרמים,600.00,100 גרם,false,,24.90,4.1500,true,1,70009
7290012227615,false,נקניקיות עוף זוגלובק,זוגלובק,IL,נקניקיות עוף זוגלובק,גרמים,800.00,100 גרם,false,,18.90,2.3625,true,1,70008
7290012227622,false,פסטרמה בדבש זוגלובק,זוגלובק,IL,פסטרמה בדבש זוגלובק,גרמים,400.00,100 גרם,false,,18.90,4.7250,true,1,70007
7290012227738,false,סלמי תה מעושן זוגלוב,זוגלובק,IL,סלמי תה מעושן זוגלוב,גרמים,370.00,100 גרם,false,,19.90,5.3784,true,1,74573
7290012227769,false,פסטרמה ברביקיו זוגלו,זוגלובק,IL,פסטרמה ברביקיו זוגלו,גרמים,400.00,100 גרם,false,,18.90,4.7250,true,1,71479
7290012227776,false,פסטרמה הודו זוגלובק,זוגלובק,IL,פסטרמה הודו זוגלובק,גרמים,400.00,100 גרם,false,,18.90,4.7250,true,1,71480
7290012227783,false,נקניק תה מעושן זוגלו,זוגלובק,IL,נקניק תה מעושן זוגלו,גרמים,400.00,100 גרם,false,,17.90,4.4750,true,1,71481
7290012228407,false,נקניקיות ג'מבו זוגלו,זוגלובק,IL,נקניקיות ג'מבו זוגלו,פריט,1.50,"ק""ג",false,,29.90,19.9333,true,1,93754
7290012228612,false,מארז חרמון ברביקיו ו,זוגלובק,IL,מארז חרמון ברביקיו ו,גרמים,600.00,100 גרם,false,,24.90,4.1500,true,1,86124
7290012228629,false,נקניקיות עוף זוגלובק,זוגלובק,IL,נקניקיות עוף זוגלובק,גרמים,800.00,100 גרם,false,,18.90,2.3625,true,1,86122
7290012228766,false,קבנוס זוגלובק 120 גר,זוגלובק,IL,קבנוס זוגלובק 120 גר,גרמים,120.00,100 גרם,false,,9.90,8.2500,true,1,97794
7290012275401,false,"בירה מולר 500 מ""ל",הלניק בריויריס אוף א,GR,"בירה מולר 500 מ""ל",מיליליטרים,500.00,"100 מ""ל",false,,3.90,0.7800,true,1,65631
7290012295034,false,בזיליקום מהדרין,ברכת קטיף,IL,בזיליקום מהדרין,Unknown,0.00,יחידה,false,,6.90,0.0000,true,1,69465
7290012309311,false,ערמונים קלופים ששון,דין שיווק,IL,ערמונים קלופים ששון,גרמים,100.00,100 גרם,false,,4.90,4.9000,true,1,39758
7290012309366,false,אורז בסמטי הודי שקדי,,IN,אורז בסמטי הודי שקדי,פריט,5.00,"ק""ג",false,,39.90,7.9800,true,1,57948
7290012309878,false,חלוה פיסטוק ששון הקו,אקאר,IL,חלוה פיסטוק ששון הקו,גרמים,500.00,100 גרם,false,,12.90,2.5800,true,1,39753
7290012309939,false,חלוה מסולסלת ששון הק,אקאר,IL,חלוה מסולסלת ששון הק,גרמים,500.00,100 גרם,false,,13.90,2.7800,true,1,39752
7290012312588,false,יין גת שומרון 48 קבר,יקב גת,IL,יין גת שומרון 48 קבר,מיליליטרים,750.00,"100 מ""ל",false,,199.90,26.6533,true,1,107757
7290012312595,false,יין גת שומרון 48 פטי,יקב גת,IL,יין גת שומרון 48 פטי,מיליליטרים,750.00,"100 מ""ל",false,,199.90,26.6533,true,1,107758
7290012313585,false,זית טבעות ירוק בני ד,בני דרום,IL,זית טבעות ירוק בני ד,פריט,1.25,"ק""ג",false,,16.90,13.5200,true,1,98084
7290012313820,false,רוטב צ'ילי מתוק בני,בני דרום,IL,רוטב צ'ילי מתוק בני,מיליליטרים,500.00,"100 מ""ל",false,,10.90,2.1800,true,1,110227
7290012313837,false,רוטב סויה בני דרום 5,בני דרום,IL,רוטב סויה בני דרום 5,מיליליטרים,500.00,"100 מ""ל",false,,10.90,2.1800,true,1,110228
7290012313844,false,רוטב אלף האיים בני ד,בני דרום,IL,רוטב אלף האיים בני ד,מיליליטרים,500.00,"100 מ""ל",false,,10.90,2.1800,true,1,110229
7290012335006,false,סוכריות רול מיני  טע,גואנגדונג צאואן פוד,CN,סוכריות רול מיני  טע,גרמים,326.00,100 גרם,false,,15.90,4.8773,true,1,40024
7290012335020,false,סוכריות סודה שעון  ט,גואנגדונג צאואן פוד,CN,סוכריות סודה שעון  ט,גרמים,420.00,100 גרם,false,,15.90,3.7857,true,1,40022
7290012359033,false,"דבש מן הטבע 1.5 ק""ג",מכוורת עמק חפר,IL,"דבש מן הטבע 1.5 ק""ג",פריט,1.50,"ק""ג",false,,49.90,33.2667,true,1,80668
7290012359606,false,דבש מן הטבע 700 גרם,מכוורת עמק חפר,IL,דבש מן הטבע 700 גרם,גרמים,700.00,100 גרם,false,,24.90,3.5571,true,1,80660
7290012359613,false,דבש לחיץ מן הטבע 500,מכוורת עמק חפר,IL,דבש לחיץ מן הטבע 500,גרמים,500.00,100 גרם,false,,19.90,3.9800,true,1,80661
7290012413643,false,תה ירוק קמומיל 25 שק,ויסוצקי,IL,תה ירוק קמומיל 25 שק,גרמים,38.00,100 גרם,false,,21.90,57.6316,true,1,60496
7290012439155,false,פתיבר צבעוני גלילית,הגביע מוצרי ופלים,IL,פתיבר צבעוני גלילית,פריט,1.75,"ק""ג",false,,21.90,12.5143,true,1,107991
7290012522581,false,שניצל תירס ל.גלוטן ט,טבעול ישראל,IL,שניצל תירס ל.גלוטן ט,גרמים,664.00,100 גרם,false,,19.90,2.9970,true,1,57084
7290012561313,false,בצל קצוץ מטוגן דורות,אסם,IL,בצל קצוץ מטוגן דורות,גרמים,400.00,100 גרם,false,,16.90,4.2250,true,1,94178
7290012576607,false,יין פרימייר קברנה סו,יקבי ברקן,IL,יין פרימייר קברנה סו,מיליליטרים,750.00,"100 מ""ל",false,,25.90,3.4533,true,1,67165
7290012576614,false,יין ברקן פרימייר ריז,יקבי ברקן,,יין ברקן פרימייר ריז,מיליליטרים,750.00,"100 מ""ל",false,,25.90,3.4533,true,1,67166
7290012602832,false,דבש לחיץ טהור מפרחי,מושב צרופה,IL,דבש לחיץ טהור מפרחי,פריט,1.15,"ק""ג",false,,39.90,34.6957,true,1,109211
7290012645112,false,משקה יוגורט עיזים חל,חלב הארץ,IL,משקה יוגורט עיזים חל,מיליליטרים,750.00,"100 מ""ל",false,,15.90,2.1200,true,1,88012
7290012645129,false,משקה יוגורט כבשים חל,חלב הארץ,IL,משקה יוגורט כבשים חל,מיליליטרים,750.00,"100 מ""ל",false,,15.90,2.1200,true,1,88013
7290012724817,false,נענע יח',מרינה,IL,נענע יח',Unknown,0.00,יחידה,false,,3.90,0.0000,true,1,93621
7290012724824,false,שמיר יח,מרינה,IL,שמיר יח,Unknown,0.00,יחידה,false,,3.90,0.0000,true,1,93622
7290012724831,false,כוסברה ארוז,מרינה,IL,כוסברה ארוז,Unknown,0.00,יחידה,false,,3.90,0.0000,true,1,93571
7290012724848,false,פטרוזיליה יח,מרינה,IL,פטרוזיליה יח,Unknown,0.00,יחידה,false,,3.90,0.0000,true,1,93568
7290012738524,false,מצות חמץ כוסמין יהוד,מצות יהודה,IL,מצות חמץ כוסמין יהוד,גרמים,300.00,100 גרם,false,,23.90,7.9667,true,1,67822
7290012738807,false,ביסקוויט ספארי יהודה,מצות יהודה,IL,ביסקוויט ספארי יהודה,פריט,1.20,"ק""ג",false,,19.90,16.5833,true,1,55421
7290012738838,false,ביסקוויט מצופה 1.2 ק,,,ביסקוויט מצופה 1.2 ק,פריט,1.20,"ק""ג",false,,27.90,23.2500,true,1,55423
7290012738845,false,עוגיות/ביסקויט בטעמי,מצות יהודה,IL,עוגיות/ביסקויט בטעמי,פריט,1.20,"ק""ג",false,,19.90,16.5833,true,1,55419
7290012760204,false,אומגה 3 סופרהב 90 כמ,,,אומגה 3 סופרהב 90 כמ,Unknown,0.00,יחידה,false,,49.90,0.0000,true,1,104331
7290012803451,false,שוקולד מריר 62% ללא,,TR,שוקולד מריר 62% ללא,גרמים,100.00,100 גרם,false,,8.90,8.9000,true,1,105950
7290012803765,false,שוקולד מריר ללא סוכר,,TR,שוקולד מריר ללא סוכר,גרמים,100.00,100 גרם,false,,8.90,8.9000,true,1,105951
7290012823343,false,משחת אורביטול ילדים,טרופיקל דגיל,IL,משחת אורביטול ילדים,גרמים,70.00,100 גרם,false,,6.90,9.8571,true,1,96653
7290012823374,false,מטליות לניקוי כללי ס,דינאמיק תעשיות,IL,מטליות לניקוי כללי ס,Unknown,0.00,יחידה,false,,8.90,0.0000,true,1,50369
7290012823381,false,מרכך מקסימה סופר מרו,סנו,IL,מרכך מקסימה סופר מרו,קילוגרמים,1.00,ליטר,false,,13.90,13.9000,true,1,49127
7290012823558,false,מטליות לחות לרצפה סנ,דינאמיק,IL,מטליות לחות לרצפה סנ,Unknown,0.00,יחידה,false,,9.90,0.0000,true,1,49146
7290012823794,false,אלסבון כיף יסמין לבנ,קוסמופארם,IL,אלסבון כיף יסמין לבנ,קילוגרמים,2.00,ליטר,false,,13.90,6.9500,true,1,49123
7290012823916,false,גל מקסימה קריסטל 5 ל,סנו,IL,גל מקסימה קריסטל 5 ל,קילוגרמים,5.00,ליטר,false,,34.90,6.9800,true,1,67282
7290012881589,false,מטהר מגיק אורנים 300,סאסאטק,IL,מטהר מגיק אורנים 300,מיליליטרים,300.00,"100 מ""ל",false,,3.90,1.3000,true,1,68457
7290012881817,false,מטהר מגיק לימון 300,סאסאטק,IL,מטהר מגיק לימון 300,מיליליטרים,300.00,"100 מ""ל",false,,3.90,1.3000,true,1,68459
7290012929779,false,פסטה ספירלה מחיטה מל,מוטלו,TR,פסטה ספירלה מחיטה מל,גרמים,500.00,100 גרם,false,,3.90,0.7800,true,1,49104
7290012929786,false,פסטה צינורות מחיטה מ,מוטלו,TR,פסטה צינורות מחיטה מ,גרמים,500.00,100 גרם,false,,3.90,0.7800,true,1,49105
7290012929793,false,ספגטי חיטה מלאה טעמן,מוטלו,TR,ספגטי חיטה מלאה טעמן,גרמים,500.00,100 גרם,false,,3.90,0.7800,true,1,49106
7290012929953,false,מארז טונה במים טעמן,דיאמוד פוד פרודקט סי,TH,מארז טונה במים טעמן,גרמים,450.00,100 גרם,false,,14.90,3.3111,true,1,49089
7290013010001,false,עגבניות מרוסקות מבור,זנלכל,IL,עגבניות מרוסקות מבור,גרמים,240.00,100 גרם,false,,5.50,2.2917,true,1,46790
7290013010018,false,רוטב לפסטה מבורך 240,זנלכל,IL,רוטב לפסטה מבורך 240,גרמים,240.00,100 גרם,false,,5.50,2.2917,true,1,46793
7290013010025,false,רוטב לפיצה מבורך 240,זנלכל,IL,רוטב לפיצה מבורך 240,גרמים,240.00,100 גרם,false,,5.50,2.2917,true,1,46792
7290013010032,false,רוטב לשקשוקה מבורך 2,זנלכל,IL,רוטב לשקשוקה מבורך 2,גרמים,240.00,100 גרם,false,,5.50,2.2917,true,1,46791
7290013010094,false,רוטב בולונז מבורך 24,זנלכל,IL,רוטב בולונז מבורך 24,גרמים,240.00,100 גרם,false,,5.50,2.2917,true,1,54733
7290013010322,false,עגבניות שלמות מבורך,זנלכל,IL,עגבניות שלמות מבורך,גרמים,800.00,100 גרם,false,,9.90,1.2375,true,1,79561
7290013010339,false,עגבניות מרוסקות עם ב,זנלכל,IL,עגבניות מרוסקות עם ב,גרמים,800.00,100 גרם,false,,9.90,1.2375,true,1,79564
7290013010353,false,עגבניות מרוסקות עם ב,זנלכל,IL,עגבניות מרוסקות עם ב,גרמים,800.00,100 גרם,false,,9.90,1.2375,true,1,79563
7290013027399,false,לחם קל קמח מלא ושיפו,מאפית אנגל,IL,לחם קל קמח מלא ושיפו,גרמים,750.00,100 גרם,false,,14.90,1.9867,true,1,88354
7290013080127,false,מארז באפי 20*10 גרם,א מ חטיפי העמק בעמ,,מארז באפי 20*10 גרם,גרמים,200.00,100 גרם,false,1,8.90,4.4500,true,1,79627
7290013080295,false,מארז באגסי ברביקיו 2,א מ חטיפי העמק בעמ,IL,מארז באגסי ברביקיו 2,גרמים,400.00,100 גרם,false,,8.90,2.2250,true,1,51537
7290013080301,false,מארז באגסי גריל 20*2,א מ חטיפי העמק בעמ,IL,מארז באגסי גריל 20*2,גרמים,400.00,100 גרם,false,,8.90,2.2250,true,1,51538
7290013080318,false,מארז באגסי פלאפל 20*,א מ חטיפי העמק בעמ,,מארז באגסי פלאפל 20*,גרמים,400.00,100 גרם,false,,8.90,2.2250,true,1,51539
7290013080479,false,מארז באגסי בצל 20*20,א מ חטיפי העמק בעמ,IL,מארז באגסי בצל 20*20,גרמים,400.00,100 גרם,false,,8.90,2.2250,true,1,61412
7290013080486,false,מארז באגסי פיצה 20*2,א מ חטיפי העמק בעמ,IL,מארז באגסי פיצה 20*2,גרמים,400.00,100 גרם,false,,8.90,2.2250,true,1,61411
7290013080516,false,מארז באגסי קטשופ 20*,א מ חטיפי העמק בעמ,IL,מארז באגסי קטשופ 20*,גרמים,400.00,100 גרם,false,,8.90,2.2250,true,1,102562
7290013117212,false,בורקס פילו גבינה מעד,מעדנות,IL,בורקס פילו גבינה מעד,גרמים,600.00,100 גרם,false,,15.90,2.6500,true,1,51890
7290013117229,false,בורקס פילו תפוא מעדנ,מעדנות,IL,בורקס פילו תפוא מעדנ,גרמים,600.00,100 גרם,false,,15.90,2.6500,true,1,51891
7290013117410,false,בצק פריך מתוק מעדנות,מעדנות,IL,בצק פריך מתוק מעדנות,גרמים,900.00,100 גרם,false,,15.90,1.7667,true,1,53598
7290013117427,false,בצק פריך מלוח מעדנות,מעדנות,IL,בצק פריך מלוח מעדנות,גרמים,900.00,100 גרם,false,,15.90,1.7667,true,1,53597
7290013117526,false,בצק שמרים עלים מעדנו,מעדנות,IL,בצק שמרים עלים מעדנו,גרמים,900.00,100 גרם,false,,15.90,1.7667,true,1,59557
7290013195272,false,רולדה הונגרי 500 גרם,,,רולדה הונגרי 500 גרם,גרמים,500.00,100 גרם,false,,19.90,3.9800,true,1,71185
7290013195289,false,רולדה ירושלמי 500 גר,,,רולדה ירושלמי 500 גר,גרמים,500.00,100 גרם,false,,19.90,3.9800,true,1,71186
7290013195296,false,רולדה וייט פיש רוזנר,,,רולדה וייט פיש רוזנר,גרמים,500.00,100 גרם,false,,26.90,5.3800,true,1,71554
7290013220042,false,מיקס טרופי קפוא 500,א.מ שרון,PL,מיקס טרופי קפוא 500,גרמים,500.00,100 גרם,false,,19.90,3.9800,true,1,91239
7290013220103,false,דובדבן קפוא 500 גרם,א.מ שרון,PL,דובדבן קפוא 500 גרם,גרמים,500.00,100 גרם,false,,19.90,3.9800,true,1,91230
7290013221056,false,אפרסק פרוסות קפוא 50,א.מ שרון,PL,אפרסק פרוסות קפוא 50,גרמים,500.00,100 גרם,false,,19.90,3.9800,true,1,99857
7290013221063,false,ליצ'י קפוא 400 גרם,א.מ שרון,PL,ליצ'י קפוא 400 גרם,גרמים,400.00,100 גרם,false,,19.90,4.9750,true,1,99858
7290013221070,false,קיווי קפוא 500 גרם,א.מ שרון,PL,קיווי קפוא 500 גרם,גרמים,500.00,100 גרם,false,,19.90,3.9800,true,1,99859
7290013221100,false,שייק מיקס מנגו אננס,א.מ שרון,PL,שייק מיקס מנגו אננס,גרמים,500.00,100 גרם,false,,19.90,3.9800,true,1,99862
7290013224927,false,אקונומיקה מגיק סמיכה,סאסאטק,IL,אקונומיקה מגיק סמיכה,קילוגרמים,4.00,ליטר,false,,6.90,1.7250,true,1,75014
7290013268020,false,מרכך מקסימה סופר מרו,סנו,IL,מרכך מקסימה סופר מרו,קילוגרמים,1.00,ליטר,false,,13.90,13.9000,true,1,49125
7290013268440,false,מברשת אורביטול ילדים,סנו,IL,מברשת אורביטול ילדים,Unknown,0.00,יחידה,false,,16.90,0.0000,true,1,73774
7290013268839,false,פוליויקס פרקט מלון ח,סנו,IL,פוליויקס פרקט מלון ח,קילוגרמים,2.00,ליטר,false,,19.90,9.9500,true,1,88058
7290013268884,false,ריצפז פרש מאסק 2 ליט,סנו,IL,ריצפז פרש מאסק 2 ליט,קילוגרמים,2.00,ליטר,false,,13.90,6.9500,true,1,51194
7290013268938,false,סבון אסלה סנובון סופ,NICOLS,IL,סבון אסלה סנובון סופ,גרמים,165.00,100 גרם,false,,9.90,6.0000,true,1,54773
7290013268983,false,מרכך מקסימה סופר מרו,סנו,IL,מרכך מקסימה סופר מרו,קילוגרמים,1.00,ליטר,false,,13.90,13.9000,true,1,104077
7290013268990,false,מרכך מקסימה סופר מרו,סנו,IL,מרכך מקסימה סופר מרו,קילוגרמים,1.00,ליטר,false,,13.90,13.9000,true,1,86389
7290013269003,false,מרכך מקסימה סופר מרו,סנו,IL,מרכך מקסימה סופר מרו,קילוגרמים,1.00,ליטר,false,,13.90,13.9000,true,1,63133
7290013269621,false,ריצפז פרש הום בניחוח,סנו,IL,ריצפז פרש הום בניחוח,קילוגרמים,2.00,ליטר,false,,17.90,8.9500,true,1,88831
7290013269669,false,ריצפז פנטזיה 3 ליטר,סנו,IL,ריצפז פנטזיה 3 ליטר,קילוגרמים,3.00,ליטר,false,,7.90,2.6333,true,1,58473
7290013302236,false,פסטה פרפלה טעמן 500,מוטלו,TR,פסטה פרפלה טעמן 500,גרמים,500.00,100 גרם,false,,3.90,0.7800,true,1,51067
7290013358035,false,שקדי מרק מנה 800 גרם,מנה,IL,שקדי מרק מנה 800 גרם,גרמים,800.00,100 גרם,false,,11.90,1.4875,true,1,52527
7290013358417,false,רוטב טריאקי מאסטר שף,קי אר אס ספייסי פוד,,רוטב טריאקי מאסטר שף,גרמים,300.00,100 גרם,false,,7.90,2.6333,true,1,72908
7290013358530,false,רוטב צילי מתוק מאסטר,קי אר אס ספייסי פוד,,רוטב צילי מתוק מאסטר,גרמים,700.00,100 גרם,false,,9.90,1.4143,true,1,72910
7290013358547,false,רוטב צילי חריף מאסטר,קי אר אס ספייסי פוד,,רוטב צילי חריף מאסטר,גרמים,700.00,100 גרם,false,,9.90,1.4143,true,1,72911
7290013424822,false,פרחי ברוקולי קפואים,נובה אלימנטוס,EC,פרחי ברוקולי קפואים,גרמים,700.00,100 גרם,false,,21.90,3.1286,true,1,110078
7290013424914,false,אפרסק פלחים קפוא פיל,א.מ שרון,PL,אפרסק פלחים קפוא פיל,גרמים,500.00,100 גרם,false,,9.90,1.9800,true,1,101313
7290013424921,false,קיווי פרוסות קפוא פי,א.מ שרון,PL,קיווי פרוסות קפוא פי,גרמים,500.00,100 גרם,false,,9.90,1.9800,true,1,101314
7290013424938,false,פסיפלורה קוביות קפוא,א.מ שרון,PL,פסיפלורה קוביות קפוא,גרמים,500.00,100 גרם,false,,11.90,2.3800,true,1,101315
7290013424945,false,מנגו קפוא פילד גוד 5,א.מ שרון,PL,מנגו קפוא פילד גוד 5,גרמים,500.00,100 גרם,false,,9.90,1.9800,true,1,101816
7290013424952,false,אננס קפוא פילד גוד 5,א.מ שרון,PL,אננס קפוא פילד גוד 5,גרמים,500.00,100 גרם,false,,9.90,1.9800,true,1,102295
7290013424969,false,בננה קפואה 500 גרם,א.מ שרון,PL,בננה קפואה 500 גרם,גרמים,500.00,100 גרם,false,,11.90,2.3800,true,1,102296
7290013424976,false,תות שדה קפוא פילד גו,א.מ שרון,PL,תות שדה קפוא פילד גו,גרמים,500.00,100 גרם,false,,9.90,1.9800,true,1,101316
7290013430083,false,בירה אלכסנדר בלונד 5,יקבי כרמל,IL,בירה אלכסנדר בלונד 5,מיליליטרים,330.00,"100 מ""ל",false,,12.90,3.9091,true,1,101742
7290013430090,false,בירה אלכסנדר אמברה 5,יקבי כרמל,IL,בירה אלכסנדר אמברה 5,מיליליטרים,330.00,"100 מ""ל",false,,12.90,3.9091,true,1,101743
7290013430250,false,בירה אלכסנדר חיטה יש,יקבי כרמל,IL,בירה אלכסנדר חיטה יש,מיליליטרים,330.00,"100 מ""ל",false,,12.90,3.9091,true,1,101744
7290013430304,false,בירה אלכסנדר גרין 6%,יקבי כרמל,IL,בירה אלכסנדר גרין 6%,מיליליטרים,330.00,"100 מ""ל",false,,12.90,3.9091,true,1,101745
7290013440648,false,שלגוני שרבט אבטיח 5,גלידות נסטלה,IL,שלגוני שרבט אבטיח 5,גרמים,468.00,100 גרם,false,,16.90,3.6111,true,1,63225
7290013492005,false,תפוח אדמה למיקרוגל,ברכת קטיף,IL,תפוח אדמה למיקרוגל,Unknown,0.00,יחידה,false,,6.90,0.0000,true,1,54924
7290013531346,false,סירופ יכין לימונענע,יכין,IL,סירופ יכין לימונענע,קילוגרמים,1.00,ליטר,false,,17.90,17.9000,true,1,65107
7290013534057,false,ציפס בטטה 100 גרם,מיה תעשיות מזון בעמ,IL,ציפס בטטה 100 גרם,גרמים,100.00,100 גרם,false,,7.90,7.9000,true,1,69301
7290013536303,false,קמח חיטה מלאה 100% ה,קמח עץ השדה,IL,קמח חיטה מלאה 100% ה,פריט,1.00,"ק""ג",false,,6.90,6.9000,true,1,90550
7290013536310,false,קמח חיטה מלאה 80% הנ,קמח עץ השדה,IL,קמח חיטה מלאה 80% הנ,פריט,1.00,"ק""ג",false,,6.90,6.9000,true,1,90551
7290013536327,false,קמח לבן מנופה הנחתום,קמח עץ השדה,IL,קמח לבן מנופה הנחתום,פריט,1.00,"ק""ג",false,,4.90,4.9000,true,1,90552
7290013536334,false,קמח כוסמין מלא הנחתו,קמח עץ השדה,IL,קמח כוסמין מלא הנחתו,פריט,1.00,"ק""ג",false,,7.90,7.9000,true,1,90553
7290013536341,false,קמח כוסמין 80% הנחתו,קמח עץ השדה,IL,קמח כוסמין 80% הנחתו,פריט,1.00,"ק""ג",false,,11.90,11.9000,true,1,99318
7290013536358,false,קמח כוסמין לבן הנחתו,קמח עץ השדה,IL,קמח כוסמין לבן הנחתו,פריט,1.00,"ק""ג",false,,11.90,11.9000,true,1,90554
7290013536433,false,חלה מתוקה 400 גרם,מאפיית אפעל,IL,חלה מתוקה 400 גרם,גרמים,400.00,100 גרם,false,,10.90,2.7250,true,1,103506
7290013536457,false,קמח לחלות הנחתום 1 ק,קמח עץ השדה,IL,קמח לחלות הנחתום 1 ק,פריט,1.00,"ק""ג",false,,5.90,5.9000,true,1,103956
7290013536464,false,קמח חלות כוסמין  הנח,קמח עץ השדה,IL,קמח חלות כוסמין  הנח,פריט,1.00,"ק""ג",false,,12.90,12.9000,true,1,109098
7290013584328,false,פקדון בקבוק בירה ריק,,,פקדון בקבוק בירה ריק,Unknown,0.00,יחידה,false,,1.20,0.0000,true,1,67512
7290013585233,false,"ספרייט זירו 330 מ""ל",קוקה קולה,IL,"ספרייט זירו 330 מ""ל",מיליליטרים,330.00,"100 מ""ל",false,,4.90,1.4848,true,1,96538
7290013585967,false,מארז ספרייט זירו 6*3,קוקה קולה,IL,מארז ספרייט זירו 6*3,קילוגרמים,1.98,ליטר,false,,19.90,10.0505,true,1,76453
7290013608260,false,מיץ רימונים פרימור 1,גניר,IL,מיץ רימונים פרימור 1,קילוגרמים,1.00,ליטר,false,,20.90,20.9000,true,1,68763
7290013615831,false,"במיה טלפרוסט 1 ק""ג",אלמוורה,EG,"במיה טלפרוסט 1 ק""ג",פריט,1.00,"ק""ג",false,,4.90,4.9000,true,1,60080
7290013625458,false,פטריות שלמות טעמן 40,פרוצאמפ,NL,פטריות שלמות טעמן 40,גרמים,400.00,100 גרם,false,,7.50,1.8750,true,1,93727
7290013625939,false,אטריות דקיקות טעמן 4,מוטלו,TR,אטריות דקיקות טעמן 4,גרמים,400.00,100 גרם,false,,4.90,1.2250,true,1,59161
7290013677006,false,חומוס גדול סלקטד 500,מיה תעשיות מזון בעמ,IL,חומוס גדול סלקטד 500,גרמים,500.00,100 גרם,false,,8.90,1.7800,true,1,55736
7290013677020,false,שעועית לבנה סלקטד 50,מיה תעשיות מזון בעמ,IL,שעועית לבנה סלקטד 50,גרמים,500.00,100 גרם,false,,8.90,1.7800,true,1,55730
7290013677037,false,עדשים ירוקות סלקטד 5,מיה תעשיות מזון בעמ,IL,עדשים ירוקות סלקטד 5,גרמים,500.00,100 גרם,false,,9.50,1.9000,true,1,55727
7290013677044,false,עדשים אדומות סלקטד 5,מיה תעשיות מזון בעמ,IL,עדשים אדומות סלקטד 5,גרמים,500.00,100 גרם,false,,9.90,1.9800,true,1,55728
7290013677051,false,פופקורן סלקטד 500 גר,מיה תעשיות מזון בעמ,IL,פופקורן סלקטד 500 גר,גרמים,500.00,100 גרם,false,,9.50,1.9000,true,1,55725
7290013677075,false,חיטה סלקטד 500 גרם,מיה תעשיות מזון בעמ,IL,חיטה סלקטד 500 גרם,גרמים,500.00,100 גרם,false,,8.50,1.7000,true,1,55732
7290013677082,false,שעועית אדומה סלקטד 5,מיה תעשיות מזון בעמ,IL,שעועית אדומה סלקטד 5,גרמים,500.00,100 גרם,false,,9.90,1.9800,true,1,55733
7290013677105,false,אפונה סלקטד 500 גרם,מיה תעשיות מזון בעמ,IL,אפונה סלקטד 500 גרם,גרמים,500.00,100 גרם,false,,8.50,1.7000,true,1,55735
7290013677112,false,בורגול סלקטד 500 גרם,מיה תעשיות מזון בעמ,IL,בורגול סלקטד 500 גרם,גרמים,500.00,100 גרם,false,,8.50,1.7000,true,1,55737
7290013677129,false,שעועית מעורבת סלקטד,מיה תעשיות מזון בעמ,IL,שעועית מעורבת סלקטד,גרמים,500.00,100 גרם,false,,10.90,2.1800,true,1,55738
7290013677136,false,חומוס ענק סלקטד 500,מיה תעשיות מזון בעמ,IL,חומוס ענק סלקטד 500,גרמים,500.00,100 גרם,false,,10.90,2.1800,true,1,55739
7290013677259,false,זעתר שקית מיה 50 גרם,מיה תעשיות מזון בעמ,IL,זעתר שקית מיה 50 גרם,גרמים,80.00,100 גרם,false,,2.90,3.6250,true,1,60962
7290013677266,false,תבלין לפיצה שקית מיה,מיה תעשיות מזון בעמ,IL,תבלין לפיצה שקית מיה,גרמים,80.00,100 גרם,false,,2.90,3.6250,true,1,60972
7290013677280,false,ציפורן שלם שקית מיה,מיה תעשיות מזון בעמ,IL,ציפורן שלם שקית מיה,גרמים,80.00,100 גרם,false,,2.90,3.6250,true,1,60969
7290013677334,false,תבלין על האש שקית מי,מיה תעשיות מזון בעמ,IL,תבלין על האש שקית מי,גרמים,50.00,100 גרם,false,,2.90,5.8000,true,1,60973
7290013677655,false,סודה לשתיה מיה 600 ג,מיה תעשיות מזון בעמ,IL,סודה לשתיה מיה 600 ג,גרמים,600.00,100 גרם,false,,12.90,2.1500,true,1,54394
7290013677662,false,מלח לימון מיה 300 גר,מיה תעשיות מזון בעמ,IL,מלח לימון מיה 300 גר,גרמים,300.00,100 גרם,false,,12.90,4.3000,true,1,54393
7290013677679,false,סודה לשתיה שקית מיה,מיה תעשיות מזון בעמ,IL,סודה לשתיה שקית מיה,גרמים,100.00,100 גרם,false,,2.90,2.9000,true,1,53800
7290013677686,false,פפריקה מרוקאית שקית,מיה תעשיות מזון בעמ,IL,פפריקה מרוקאית שקית,גרמים,100.00,100 גרם,false,,2.90,2.9000,true,1,53802
7290013677693,false,פלפל שחור גרוס שקית,מיה תעשיות מזון בעמ,IL,פלפל שחור גרוס שקית,גרמים,50.00,100 גרם,false,,4.90,9.8000,true,1,53806
7290013713025,false,בירה ג'מס פילס 5% 33,יקבי כרמל,IL,בירה ג'מס פילס 5% 33,מיליליטרים,330.00,"100 מ""ל",false,,11.90,3.6061,true,1,108620
7290013713032,false,בירה ג'מס חיטה 5% 33,יקבי כרמל,IL,בירה ג'מס חיטה 5% 33,מיליליטרים,330.00,"100 מ""ל",false,,11.90,3.6061,true,1,108621
7290013713049,false,בירה ג'מס 8.8% 330 מ,יקבי כרמל,IL,בירה ג'מס 8.8% 330 מ,מיליליטרים,330.00,"100 מ""ל",false,,11.90,3.6061,true,1,108622
7290013713094,false,בירה ג'מס IPA 6% 330,יקבי כרמל,IL,בירה ג'מס IPA 6% 330,מיליליטרים,330.00,"100 מ""ל",false,,11.90,3.6061,true,1,108623
7290013724939,false,חמוציות בשוקולד שקדי,שקדיה,IL,חמוציות בשוקולד שקדי,גרמים,140.00,100 גרם,false,,9.90,7.0714,true,1,55262
7290013724953,false,חמוציות בציפוי שוקול,שקדיה,IL,חמוציות בציפוי שוקול,גרמים,140.00,100 גרם,false,,9.90,7.0714,true,1,109813
7290013724960,false,שקדבציפוי שוקולד חלב,שקדיה,IL,שקדבציפוי שוקולד חלב,גרמים,140.00,100 גרם,false,,9.90,7.0714,true,1,109814
7290013724977,false,צימוק בשוקולד מריר 1,שקדיה,IL,צימוק בשוקולד מריר 1,גרמים,140.00,100 גרם,false,,9.90,7.0714,true,1,56930
7290013724991,false,אגוזי לוז בציפוי שוק,שקדיה,IL,אגוזי לוז בציפוי שוק,גרמים,140.00,100 גרם,false,,9.90,7.0714,true,1,109815
7290013725646,false,רוטב צילי מתוק סו שף,,TH,רוטב צילי מתוק סו שף,מיליליטרים,700.00,"100 מ""ל",false,,9.90,1.4143,true,1,62051
7290013725653,false,קרם קוקוס סו שף 400,,TH,קרם קוקוס סו שף 400,מיליליטרים,400.00,"100 מ""ל",false,,6.90,1.7250,true,1,62052
7290013725677,false,"חומץ אורז 300 מ""ל",,CN,"חומץ אורז 300 מ""ל",מיליליטרים,300.00,"100 מ""ל",false,,11.90,3.9667,true,1,74845
7290013725707,false,שמן שומשום סו שף 150,,CN,שמן שומשום סו שף 150,מיליליטרים,150.00,"100 מ""ל",false,,14.90,9.9333,true,1,74847
7290013725752,false,נודלס דק סו שף 400 ג,,CN,נודלס דק סו שף 400 ג,גרמים,400.00,100 גרם,false,,6.60,1.6500,true,1,69937
7290013725769,false,נודלס עבה סו שף 400,,CN,נודלס עבה סו שף 400,גרמים,400.00,100 גרם,false,,6.60,1.6500,true,1,69938
7290013725820,false,אגוזי לוז בשוקולד שק,שקדיה,IL,אגוזי לוז בשוקולד שק,גרמים,140.00,100 גרם,false,,9.90,7.0714,true,1,55264
7290013725844,false,שומשום בציפוי שוקולד,שקדיה,,שומשום בציפוי שוקולד,גרמים,140.00,100 גרם,false,,9.90,7.0714,true,1,55265
7290013771216,false,גבינה פטאקי 16% שומר,מחלבת השומרון,IL,גבינה פטאקי 16% שומר,גרמים,250.00,100 גרם,false,,13.90,5.5600,true,1,62938
7290013771261,false,גבינה בולגרית מעודנת,מחלבת השומרון,IL,גבינה בולגרית מעודנת,גרמים,250.00,100 גרם,false,,12.90,5.1600,true,1,71668
7290013771292,false,גבינה פטאקי 16% שומר,מחלבת השומרון,IL,גבינה פטאקי 16% שומר,גרמים,250.00,100 גרם,false,,12.90,5.1600,true,1,71669
7290013771308,false,גבינה בולגרית קלאסית,מחלבת השומרון,IL,גבינה בולגרית קלאסית,גרמים,200.00,100 גרם,false,,12.90,6.4500,true,1,71667
7290013847379,false,טונה בשמן ס.ק 6*140,סטארקיסט,IL,טונה בשמן ס.ק 6*140,גרמים,840.00,100 גרם,false,,26.90,3.2024,true,1,92782
7290013847386,false,טונה 4% טעם טבעי ס.ק,סטארקיסט,IL,טונה 4% טעם טבעי ס.ק,גרמים,140.00,100 גרם,false,,6.90,4.9286,true,1,90253
7290013847393,false,טונה 4% בעשבי תיבול,סטארקיסט,IL,טונה 4% בעשבי תיבול,גרמים,140.00,100 גרם,false,,6.90,4.9286,true,1,90255
7290013847409,false,טונה 4% בלימון ופלפל,סטארקיסט,IL,טונה 4% בלימון ופלפל,גרמים,140.00,100 גרם,false,,6.90,4.9286,true,1,90254
7290013847492,false,טונה במים ס.ק 6*140,סטארקיסט,IL,טונה במים ס.ק 6*140,גרמים,840.00,100 גרם,false,,26.90,3.2024,true,1,90969
7290013848017,false,תרסיס סנו נירוסטה 50,סנו,IL,תרסיס סנו נירוסטה 50,מיליליטרים,500.00,"100 מ""ל",false,,19.90,3.9800,true,1,87771
7290013848345,false,מטליות לחיטוי וניקוי,סנו,IL,מטליות לחיטוי וניקוי,Unknown,0.00,יחידה,false,,17.90,0.0000,true,1,95326
7290013848727,false,סנו פרש מכשיר אוטומט,סנו,IL,סנו פרש מכשיר אוטומט,Unknown,0.00,יחידה,false,,39.90,0.0000,true,1,87777
7290013848758,false,גל מקסימה בייבי 3 לי,סנו,IL,גל מקסימה בייבי 3 לי,קילוגרמים,3.00,ליטר,false,,32.90,10.9667,true,1,65823
7290013861054,false,צימוק בציפוי שוקולד,שקדיה,IL,צימוק בציפוי שוקולד,גרמים,140.00,100 גרם,false,,9.90,7.0714,true,1,109816
7290013861412,false,חטיפי קוקוס 250 גרם,דין שיווק,IL,חטיפי קוקוס 250 גרם,גרמים,250.00,100 גרם,false,,9.90,3.9600,true,1,66842
7290013861429,false,חטיפי שומשום 250 גרם,דין שיווק,IL,חטיפי שומשום 250 גרם,גרמים,250.00,100 גרם,false,,9.90,3.9600,true,1,66840
7290013861443,false,חטיפי בוטנים / חטיפי,דין שיווק,IL,חטיפי בוטנים / חטיפי,גרמים,250.00,100 גרם,false,,9.90,3.9600,true,1,66841
7290013861566,false,אורז סושי,,TH,אורז סושי,פריט,1.00,"ק""ג",false,,11.90,11.9000,true,1,69939
7290013906281,false,נקניקיות טירת צבי 1,טירת צבי,IL,נקניקיות טירת צבי 1,פריט,1.00,"ק""ג",false,,24.90,24.9000,true,1,64131
7290013906304,false,פסטרמה גחלים טירת צב,טירת צבי,IL,פסטרמה גחלים טירת צב,גרמים,400.00,100 גרם,false,,24.90,6.2250,true,1,64132
7290013906311,false,פסטרמה מעושנת טירת צ,טירת צבי,IL,פסטרמה מעושנת טירת צ,גרמים,400.00,100 גרם,false,,24.90,6.2250,true,1,64133
7290013906335,false,מארז סלמי הודו+כפרית,טירת צבי,IL,מארז סלמי הודו+כפרית,גרמים,600.00,100 גרם,false,,19.90,3.3167,true,1,64134
7290013906441,false,קבנוס טירת צבי 120 ג,טירת צבי,IL,קבנוס טירת צבי 120 ג,גרמים,120.00,100 גרם,false,,8.90,7.4167,true,1,68635
7290013906601,false,מארז פסטרמה כפרית דב,טירת צבי,IL,מארז פסטרמה כפרית דב,גרמים,600.00,100 גרם,false,,19.90,3.3167,true,1,95177
7290013906700,false,נקניקיות הודו טירת צ,טירת צבי,IL,נקניקיות הודו טירת צ,פריט,1.50,"ק""ג",false,,29.90,19.9333,true,1,89030
7290013906922,false,נקניקיות הודו חריפות,טירת צבי,IL,נקניקיות הודו חריפות,פריט,1.00,"ק""ג",false,,24.90,24.9000,true,1,89031
7290013906939,false,קורנדביף טירת צבי 12,טירת צבי,IL,קורנדביף טירת צבי 12,גרמים,120.00,100 גרם,false,,13.90,11.5833,true,1,84469
7290013906946,false,פסטרמה כתף בקר מעושנ,טירת צבי,IL,פסטרמה כתף בקר מעושנ,גרמים,120.00,100 גרם,false,,13.90,11.5833,true,1,84467
7290013906991,false,סלמי מהדרין טירת צבי,טירת צבי,IL,סלמי מהדרין טירת צבי,גרמים,400.00,100 גרם,false,,14.90,3.7250,true,1,74279
7290013927101,false,עוגת תפוחים ללא סוכר,אחדות ביחר לטחינה חל,IL,עוגת תפוחים ללא סוכר,גרמים,450.00,100 גרם,false,,11.80,2.6222,true,1,68729
7290013927156,false,עוגת פירות יער ללא ס,אחדות ביחר לטחינה חל,IL,עוגת פירות יער ללא ס,גרמים,450.00,100 גרם,false,,11.80,2.6222,true,1,68730
7290013927200,false,עוגת שוקולד ציפס אחו,אחדות ביחר לטחינה חל,IL,עוגת שוקולד ציפס אחו,גרמים,400.00,100 גרם,false,,10.90,2.7250,true,1,65502
7290013927323,false,עוגת בראוניס אחוה 40,אחדות ביחר לטחינה חל,IL,עוגת בראוניס אחוה 40,גרמים,400.00,100 גרם,false,,10.90,2.7250,true,1,67266
7290013927514,false,רוגעלך קינמון אחוה 4,אחדות ביחר לטחינה חל,IL,רוגעלך קינמון אחוה 4,גרמים,400.00,100 גרם,false,,8.90,2.2250,true,1,85178
7290013927637,false,חלוה ל.סוכר אחוה 400,אחדות ביחר לטחינה חל,IL,חלוה ל.סוכר אחוה 400,גרמים,400.00,100 גרם,false,,11.90,2.9750,true,1,89091
7290013927804,false,טחינה שומשום מלא אחו,אחדות ביחר לטחינה חל,IL,טחינה שומשום מלא אחו,פריט,1.00,"ק""ג",false,,18.90,18.9000,true,1,92649
7290013927989,false,מאפין במילוי קרמל אח,אחדות ביחר לטחינה חל,IL,מאפין במילוי קרמל אח,גרמים,50.00,100 גרם,false,,1.30,2.6000,true,1,97226
7290013927996,false,עוגת שמרים קראנץ שוק,אחדות ביחר לטחינה חל,IL,עוגת שמרים קראנץ שוק,גרמים,400.00,100 גרם,false,,9.80,2.4500,true,1,96428
7290013946089,false,תרסיס מגיק חלונות 1,סאסאטק,IL,תרסיס מגיק חלונות 1,קילוגרמים,1.00,ליטר,false,,4.90,4.9000,true,1,71156
7290013946171,false,מטהר מגיק פריחה 300,סאסאטק,IL,מטהר מגיק פריחה 300,מיליליטרים,300.00,"100 מ""ל",false,,3.90,1.3000,true,1,68534
7290013946829,false,נוזל כלים מגיק תפוח,סאסאטק,IL,נוזל כלים מגיק תפוח,קילוגרמים,4.00,ליטר,false,,17.90,4.4750,true,1,68461
7290014002197,false,תה קמומיל ולימונית ה,ויסוצקי,IL,תה קמומיל ולימונית ה,גרמים,38.00,100 גרם,false,,12.90,33.9474,true,1,62644
7290014016095,false,לחמניות ללא תוספת סו,נטורל קייקס,IL,לחמניות ללא תוספת סו,גרמים,400.00,100 גרם,false,,7.90,1.9750,true,1,88714
7290014016118,false,לחמניות ל.גלוטן נטור,נטורל קייקס,IL,לחמניות ל.גלוטן נטור,גרמים,400.00,100 גרם,false,,4.90,1.2250,true,1,66651
7290014016248,false,פיתות ל.גלוטן נטורל,נטורל קייקס,IL,פיתות ל.גלוטן נטורל,גרמים,720.00,100 גרם,false,,9.90,1.3750,true,1,95595
7290014016279,false,פיצה מרגריטה ל.גלוטן,נטורל קייקס,IL,פיצה מרגריטה ל.גלוטן,גרמים,400.00,100 גרם,false,,19.90,4.9750,true,1,69548
7290014016286,false,פיצה מרגריטה עם זיתי,נטורל קייקס,IL,פיצה מרגריטה עם זיתי,גרמים,400.00,100 גרם,false,,19.90,4.9750,true,1,69549
7290014016316,false,לחם רך במיוחד ל.גלוט,נטורל קייקס,IL,לחם רך במיוחד ל.גלוט,גרמים,450.00,100 גרם,false,,4.90,1.0889,true,1,75677
7290014016323,false,לחמניות ל.גלוטן נטור,נטורל קייקס,IL,לחמניות ל.גלוטן נטור,גרמים,390.00,100 גרם,false,,4.90,1.2564,true,1,74960
7290014017009,false,קמח אורז ל.גלוטן רי,נטורל קייקס,IL,קמח אורז ל.גלוטן רי,גרמים,500.00,100 גרם,false,,8.90,1.7800,true,1,59611
7290014017160,false,תערובת לעוגת וניל ל.,מתבל תעשיות מזון,IL,תערובת לעוגת וניל ל.,גרמים,320.00,100 גרם,false,,14.90,4.6563,true,1,59614
7290014017320,false,אבקת מרק בטעם עוף ל.,נטורל קייקס,IL,אבקת מרק בטעם עוף ל.,גרמים,400.00,100 גרם,false,,19.90,4.9750,true,1,59615
7290014017337,false,אבקת מרק בצל ל.גלוטן,נטורל קייקס,IL,אבקת מרק בצל ל.גלוטן,גרמים,400.00,100 גרם,false,,19.90,4.9750,true,1,59616
7290014017689,false,דגני בוקר בטעם נוגט,נטורל קייקס,IL,דגני בוקר בטעם נוגט,גרמים,750.00,100 גרם,false,,19.90,2.6533,true,1,98775
7290014079014,false,לבבות קיסר ארוז נספק,מרינה,IL,לבבות קיסר ארוז נספק,Unknown,0.00,יחידה,false,,9.90,0.0000,true,1,64025
7290014079076,false,נבטי אלפלפא יח,מרינה,IL,נבטי אלפלפא יח,Unknown,0.00,יחידה,false,,5.90,0.0000,true,1,62498
7290014079540,false,"שום קלוף 1 ק""ג",מרינה,IL,"שום קלוף 1 ק""ג",פריט,1.00,"ק""ג",false,,29.90,29.9000,true,1,95840
7290014079847,false,פטריות צמד בייבי בלה,מרינה פטריות,IL,פטריות צמד בייבי בלה,Unknown,0.00,יחידה,false,,15.90,0.0000,true,1,75470
7290014083813,false,שפרוט מעושן בשמן מרי,Briavais Vilns,LV,שפרוט מעושן בשמן מרי,גרמים,190.00,100 גרם,false,,7.90,4.1579,true,1,61540
7290014092532,false,דלעת,מרינה,IL,דלעת,Unknown,0.00,יחידה,false,,8.90,0.0000,true,1,87843
7290014094260,false,שום קלוף מרינה 170 ג,מרינה,IL,שום קלוף מרינה 170 ג,גרמים,170.00,100 גרם,false,,11.50,6.7647,true,1,71522
7290014094505,false,אורז בסמטי אהרוני 1,,IN,אורז בסמטי אהרוני 1,פריט,1.00,"ק""ג",false,,9.90,9.9000,true,1,63817
7290014094543,false,תרסיס שמן קנולה שקדי,שקדיה,IL,תרסיס שמן קנולה שקדי,מיליליטרים,186.00,"100 מ""ל",false,,14.90,8.0108,true,1,81020
7290014094864,false,פיסטוק קלוי 170 גרם,דין שיווק,IL,פיסטוק קלוי 170 גרם,גרמים,170.00,100 גרם,false,,13.90,8.1765,true,1,62508
7290014095472,false,חטיף דגנים עם חמוציו,,MK,חטיף דגנים עם חמוציו,גרמים,125.00,100 גרם,false,,9.90,7.9200,true,1,59805
7290014095496,false,חטיף דגנים עם שקד אג,,MK,חטיף דגנים עם שקד אג,גרמים,125.00,100 גרם,false,,9.90,7.9200,true,1,59806
7290014095861,false,שיבולת שועל דקה שקדי,שקדיה,IL,שיבולת שועל דקה שקדי,גרמים,500.00,100 גרם,false,,4.90,0.9800,true,1,63836
7290014095946,false,פקאן בשוקולד מריר שק,שקדיה,IL,פקאן בשוקולד מריר שק,גרמים,140.00,100 גרם,false,,9.90,7.0714,true,1,64656
7290014095960,false,שיבולת שועל עבה שקדי,שקדיה,IL,שיבולת שועל עבה שקדי,גרמים,500.00,100 גרם,false,,4.90,0.9800,true,1,63835
7290014218482,false,חטיפי פיצה מעדנות 65,מעדנות,IL,חטיפי פיצה מעדנות 65,גרמים,650.00,100 גרם,false,,18.90,2.9077,true,1,77249
7290014218505,false,מארז פיצה מעדנות 3*3,מעדנות,IL,מארז פיצה מעדנות 3*3,פריט,1.08,"ק""ג",false,,24.90,23.0556,true,1,77247
7290014256620,false,יין באז קריניאנו מבע,יקבי כרמל,IL,יין באז קריניאנו מבע,מיליליטרים,750.00,"100 מ""ל",false,,26.90,3.5867,true,1,70900
7290014256637,false,יין באז מוסקטו מבעבע,יקבי כרמל,IL,יין באז מוסקטו מבעבע,מיליליטרים,750.00,"100 מ""ל",false,,26.90,3.5867,true,1,70899
7290014258716,false,מטרנה צמחי 700 גרם,מטרנה,IL,מטרנה צמחי 700 גרם,גרמים,700.00,100 גרם,false,,47.90,6.8429,true,1,70630
7290014258723,false,מטרנה צמחי מגיל 0-12,מטרנה,IL,מטרנה צמחי מגיל 0-12,גרמים,700.00,100 גרם,false,,64.90,9.2714,true,1,70628
7290014308626,false,פלפל שחור גרוס פרג 1,,,פלפל שחור גרוס פרג 1,גרמים,100.00,100 גרם,false,,15.90,15.9000,true,1,71035
7290014309012,false,אגוז מוסקט טחון פרג,תבליני הדור השלישי,IL,אגוז מוסקט טחון פרג,גרמים,40.00,100 גרם,false,,16.90,42.2500,true,1,71197
7290014309128,false,תבלין קצח פרג 120 גר,תבליני הדור השלישי,IL,תבלין קצח פרג 120 גר,גרמים,120.00,100 גרם,false,,15.90,13.2500,true,1,84577
7290014325036,false,סוכריות גלי שמחות מי,מיה תעשיות מזון בעמ,IL,סוכריות גלי שמחות מי,גרמים,600.00,100 גרם,false,,15.90,2.6500,true,1,65810
7290014325043,false,פודינג בטעם וניל מיה,מיה תעשיות מזון בעמ,IL,פודינג בטעם וניל מיה,פריט,1.00,"ק""ג",false,,9.90,9.9000,true,1,67944
7290014325081,false,מארז תן צאפ כריות פל,מיה תעשיות מזון בעמ,IL,מארז תן צאפ כריות פל,גרמים,120.00,100 גרם,false,,6.90,5.7500,true,1,60965
7290014325234,false,קוקוס מיה 800 גרם,מיה תעשיות מזון בעמ,IL,קוקוס מיה 800 גרם,גרמים,800.00,100 גרם,false,,19.90,2.4875,true,1,64058
7290014325241,false,שומשום מיה בשקית 800,מיה תעשיות מזון בעמ,IL,שומשום מיה בשקית 800,גרמים,800.00,100 גרם,false,,17.90,2.2375,true,1,64059
7290014325258,false,אורז פרסי אינדירה 1.,מיה תעשיות מזון בעמ,IL,אורז פרסי אינדירה 1.,פריט,1.40,"ק""ג",false,,7.90,5.6429,true,1,64117
7290014325326,false,חומוס גדול אינדירה 1,מיה תעשיות מזון בעמ,IL,חומוס גדול אינדירה 1,פריט,1.40,"ק""ג",false,,14.90,10.6429,true,1,65236
7290014325333,false,שעועית לבנה אינדירה,מיה תעשיות מזון בעמ,IL,שעועית לבנה אינדירה,פריט,1.40,"ק""ג",false,,14.90,10.6429,true,1,65237
7290014325357,false,"חיטה אינדירה 1.4 ק""ג",מיה תעשיות מזון בעמ,IL,"חיטה אינדירה 1.4 ק""ג",פריט,1.40,"ק""ג",false,,8.90,6.3571,true,1,65239
7290014325371,false,"אפונה אינדירה 1.4 ק""",מיה תעשיות מזון בעמ,IL,"אפונה אינדירה 1.4 ק""",פריט,1.40,"ק""ג",false,,9.90,7.0714,true,1,65241
7290014325395,false,עדשים אדומות אינדירה,מיה תעשיות מזון בעמ,IL,עדשים אדומות אינדירה,פריט,1.40,"ק""ג",false,,14.90,10.6429,true,1,65242
7290014325401,false,עדשים ירוקות אינדירה,מיה תעשיות מזון בעמ,IL,עדשים ירוקות אינדירה,פריט,1.40,"ק""ג",false,,14.90,10.6429,true,1,65243
7290014325418,false,חומוס ענק אינדירה 1.,מיה תעשיות מזון בעמ,IL,חומוס ענק אינדירה 1.,פריט,1.40,"ק""ג",false,,24.90,17.7857,true,1,65244
7290014325432,false,"כוסמת אינדירה 1.4 ק""",מיה תעשיות מזון בעמ,IL,"כוסמת אינדירה 1.4 ק""",פריט,1.40,"ק""ג",false,,17.90,12.7857,true,1,65246
7290014325562,false,פופקורן אינדירה 1.4,מיה תעשיות מזון בעמ,IL,פופקורן אינדירה 1.4,פריט,1.40,"ק""ג",false,,12.90,9.2143,true,1,65956
7290014355705,false,קבב מקסיקני גלאט שף,מ ב גלאט עוף למהדרין,IL,קבב מקסיקני גלאט שף,גרמים,400.00,100 גרם,false,,34.90,8.7250,true,1,101367
7290014355712,false,סטייק אנטריקוט גלאט,מ ב גלאט עוף למהדרין,IL,סטייק אנטריקוט גלאט,גרמים,500.00,100 גרם,false,,64.90,12.9800,true,1,101368
7290014355729,false,נקניקיות קנקרס גלאט,מ ב גלאט עוף למהדרין,IL,נקניקיות קנקרס גלאט,גרמים,375.00,100 גרם,false,,27.90,7.4400,true,1,101819
7290014355743,false,פסטרמה הודו חרדל ודב,מ ב גלאט עוף למהדרין,IL,פסטרמה הודו חרדל ודב,גרמים,180.00,100 גרם,false,,19.90,11.0556,true,1,102301
7290014355750,false,פסטרמה הודו פילדלפיה,מ ב גלאט עוף למהדרין,IL,פסטרמה הודו פילדלפיה,גרמים,180.00,100 גרם,false,,19.90,11.0556,true,1,102302
7290014355767,false,פסטרמה קורנביף ג.עוף,מ ב גלאט עוף למהדרין,IL,פסטרמה קורנביף ג.עוף,גרמים,180.00,100 גרם,false,,27.90,15.5000,true,1,102303
7290014355774,false,פסטרמה רוסטביף ג.עוף,מ ב גלאט עוף למהדרין,IL,פסטרמה רוסטביף ג.עוף,גרמים,180.00,100 גרם,false,,27.90,15.5000,true,1,102304
7290014355798,false,נקניקיות צ'וריסוס גל,מ ב גלאט עוף למהדרין,IL,נקניקיות צ'וריסוס גל,גרמים,375.00,100 גרם,false,,27.90,7.4400,true,1,101822
7290014355811,false,קבב עגל גלאט עוף 400,מ ב גלאט עוף למהדרין,IL,קבב עגל גלאט עוף 400,גרמים,400.00,100 גרם,false,,29.90,7.4750,true,1,102330
7290014397279,false,שקיות מזון גדולות סנ,אשפלסט,IL,שקיות מזון גדולות סנ,Unknown,0.00,יחידה,false,,8.90,0.0000,true,1,62470
7290014397453,false,גל אוקסיגן כביסה לבנ,סנו,IL,גל אוקסיגן כביסה לבנ,קילוגרמים,3.00,ליטר,false,,23.90,7.9667,true,1,63134
7290014397491,false,מבשם סנופרש הום וניל,סנו,IL,מבשם סנופרש הום וניל,מיליליטרים,350.00,"100 מ""ל",false,,9.90,2.8286,true,1,61576
7290014397507,false,מבשם סנופרש הום יסמי,סנו,IL,מבשם סנופרש הום יסמי,מיליליטרים,350.00,"100 מ""ל",false,,9.90,2.8286,true,1,61573
7290014397514,false,מבשם סנופרש הום כותנ,סנו,IL,מבשם סנופרש הום כותנ,מיליליטרים,350.00,"100 מ""ל",false,,9.90,2.8286,true,1,61572
7290014397521,false,מבשם סנופרש הום לבנד,סנו,IL,מבשם סנופרש הום לבנד,מיליליטרים,350.00,"100 מ""ל",false,,9.90,2.8286,true,1,61575
7290014397538,false,מבשם סנופרש הום בוקר,סנו,IL,מבשם סנופרש הום בוקר,מיליליטרים,350.00,"100 מ""ל",false,,9.90,2.8286,true,1,61574
7290014397675,false,מרכך מקסימה חלב ודבש,סנו,IL,מרכך מקסימה חלב ודבש,קילוגרמים,4.00,ליטר,false,,21.50,5.3750,true,1,63135
7290014397699,false,פוליויקס גרניט פורצל,סנו,IL,פוליויקס גרניט פורצל,קילוגרמים,3.00,ליטר,false,,19.90,6.6333,true,1,64143
7290014397767,false,ריצפז פרש הום כותנה,סנו,IL,ריצפז פרש הום כותנה,קילוגרמים,2.00,ליטר,false,,17.90,8.9500,true,1,64409
7290014397842,false,מכשיר סנומט + מילוי,סנו,IL,מכשיר סנומט + מילוי,Unknown,0.00,יחידה,false,,37.90,0.0000,true,1,72106
7290014397873,false,מרכך מקסימה ג'נטל 4,סנו,IL,מרכך מקסימה ג'נטל 4,קילוגרמים,4.00,ליטר,false,,18.90,4.7250,true,1,94311
7290014399006,false,שקיות אשפה 75*85 בגל,פאלאס,IL,שקיות אשפה 75*85 בגל,Unknown,0.00,יחידה,false,,5.90,0.0000,true,1,102813
7290014434790,false,מאגדת סוכריות קטנטנו,סוויט טיים פודסטופ ב,,מאגדת סוכריות קטנטנו,גרמים,160.00,100 גרם,false,,9.90,6.1875,true,1,72550
7290014434837,false,מאגדת סוכריות קטנטנו,סוויט טיים פודסטופ ב,,מאגדת סוכריות קטנטנו,גרמים,120.00,100 גרם,false,,9.90,8.2500,true,1,72549
7290014435360,false,חומוס עם רוטב חריף ש,סלטי שמיר 2006 בעמ,,חומוס עם רוטב חריף ש,גרמים,400.00,100 גרם,false,,10.90,2.7250,true,1,65960
7290014435377,false,חומוס עם רוטב מסבחה,סלטי שמיר 2006 בעמ,,חומוס עם רוטב מסבחה,גרמים,400.00,100 גרם,false,,4.90,1.2250,true,1,65961
7290014435384,false,חומוס עם טחינה מיוחד,סלטי שמיר 2006 בעמ,,חומוס עם טחינה מיוחד,גרמים,400.00,100 גרם,false,,4.90,1.2250,true,1,65962
7290014435391,false,חומוס עם גרגירים שמי,סלטי שמיר 2006 בעמ,,חומוס עם גרגירים שמי,גרמים,400.00,100 גרם,false,,10.90,2.7250,true,1,65963
7290014435704,false,סלמון מעושן שמיר סבן,סלטי שמיר 2006 בעמ,IL,סלמון מעושן שמיר סבן,גרמים,100.00,100 גרם,false,,16.90,16.9000,true,1,67913
7290014435803,false,מטיאס הולנדי פרובנצי,סלטי שמיר 2006 בעמ,IL,מטיאס הולנדי פרובנצי,גרמים,200.00,100 גרם,false,,16.90,8.4500,true,1,67927
7290014435810,false,הרינג כבוש שמיר 220,סלטי שמיר 2006 בעמ,IL,הרינג כבוש שמיר 220,גרמים,220.00,100 גרם,false,,16.90,7.6818,true,1,67929
7290014435827,false,פילה מקרל מעושן שמיר,סלטי שמיר 2006 בעמ,IL,פילה מקרל מעושן שמיר,גרמים,180.00,100 גרם,false,,19.90,11.0556,true,1,67925
7290014435834,false,מקרל מעושן שמיר 180,סלטי שמיר 2006 בעמ,IL,מקרל מעושן שמיר 180,גרמים,180.00,100 גרם,false,,21.90,12.1667,true,1,67926
7290014435841,false,פילה מטיאס שמיר 200,סלטי שמיר 2006 בעמ,IL,פילה מטיאס שמיר 200,גרמים,200.00,100 גרם,false,,16.90,8.4500,true,1,67928
7290014435872,false,סלט הרינג שמיר 200 ג,סלטי שמיר 2006 בעמ,IL,סלט הרינג שמיר 200 ג,גרמים,200.00,100 גרם,false,,16.90,8.4500,true,1,67933
7290014435889,false,סלט מטיאס שמיר 200 ג,סלטי שמיר 2006 בעמ,IL,סלט מטיאס שמיר 200 ג,גרמים,200.00,100 גרם,false,,16.90,8.4500,true,1,67934
7290014435896,false,סלט סלמון שמיר 200,סלטי שמיר 2006 בעמ,IL,סלט סלמון שמיר 200,גרמים,200.00,100 גרם,false,,16.90,8.4500,true,1,67932
7290014455245,false,גבינה גרנה פדנו גד 2,מחלבות גד,IL,גבינה גרנה פדנו גד 2,גרמים,200.00,100 גרם,false,,19.90,9.9500,true,1,74201
7290014455320,false,גבינת מוצרלה פרסקה 1,מחלבות גד,IL,גבינת מוצרלה פרסקה 1,גרמים,100.00,100 גרם,false,,7.90,7.9000,true,1,86131
7290014471412,false,מוזלי בוטנים אגוזים,דין שיווק,IL,מוזלי בוטנים אגוזים,פריט,1.00,"ק""ג",false,,19.90,19.9000,true,1,64340
7290014471429,false,מוזלי פירות שקדיה 1,דין שיווק,IL,מוזלי פירות שקדיה 1,פריט,1.00,"ק""ג",false,,19.90,19.9000,true,1,64341
7290014471436,false,מוזלי צימוקים תפוח ק,דין שיווק,IL,מוזלי צימוקים תפוח ק,פריט,1.00,"ק""ג",false,,19.90,19.9000,true,1,64342
7290014471443,false,גרנולה אגוזים שקדיה,דין שיווק,IL,גרנולה אגוזים שקדיה,פריט,1.00,"ק""ג",false,,19.90,19.9000,true,1,64343
7290014472433,false,קונפיטורה תות שדה 70,שקדיה,IL,קונפיטורה תות שדה 70,גרמים,450.00,100 גרם,false,,11.90,2.6444,true,1,81889
7290014472440,false,קונפיטורה תפוז 70% פ,שקדיה,IL,קונפיטורה תפוז 70% פ,גרמים,450.00,100 גרם,false,,11.90,2.6444,true,1,81890
7290014472464,false,קונפיטורה משמש 70% פ,שקדיה,IL,קונפיטורה משמש 70% פ,גרמים,450.00,100 גרם,false,,11.90,2.6444,true,1,81892
7290014472990,false,ממרח שקדים שקדיה 300,דין שיווק,IL,ממרח שקדים שקדיה 300,גרמים,300.00,100 גרם,false,,34.90,11.6333,true,1,81886
7290014555013,false,נוזל רצפות מגיק מאסק,סאסאטק,IL,נוזל רצפות מגיק מאסק,קילוגרמים,4.00,ליטר,false,,9.90,2.4750,true,1,68467
7290014555082,false,מים מזוקקים מקסול 4,סאסאטק,IL,מים מזוקקים מקסול 4,קילוגרמים,4.00,ליטר,false,,9.90,2.4750,true,1,60584
7290014555686,false,שמפו נובו לשיער רגיל,סאסאטק,IL,שמפו נובו לשיער רגיל,מיליליטרים,700.00,"100 מ""ל",false,,5.90,0.8429,true,1,71051
7290014555693,false,שמפו נובו לשיער יבש/,סאסאטק,IL,שמפו נובו לשיער יבש/,מיליליטרים,700.00,"100 מ""ל",false,,5.90,0.8429,true,1,71052
7290014555709,false,שמפו ומרכך נובו 700,סאסאטק,IL,שמפו ומרכך נובו 700,מיליליטרים,700.00,"100 מ""ל",false,,5.90,0.8429,true,1,71884
7290014555716,false,מרכך נובו לכל סוגי ה,סאסאטק,IL,מרכך נובו לכל סוגי ה,מיליליטרים,700.00,"100 מ""ל",false,,5.90,0.8429,true,1,71053
7290014555723,false,תחליב נובו אקזוטי 70,סאסאטק,IL,תחליב נובו אקזוטי 70,מיליליטרים,700.00,"100 מ""ל",false,,5.90,0.8429,true,1,71054
7290014555730,false,תחליב נובו דבש 700 מ,סאסאטק,IL,תחליב נובו דבש 700 מ,מיליליטרים,700.00,"100 מ""ל",false,,5.90,0.8429,true,1,71055
7290014555747,false,תחליב נובו הרבל 700,סאסאטק,IL,תחליב נובו הרבל 700,מיליליטרים,700.00,"100 מ""ל",false,,5.90,0.8429,true,1,71056
7290014555754,false,תחליב נובו בלוסום 70,סאסאטק,IL,תחליב נובו בלוסום 70,מיליליטרים,700.00,"100 מ""ל",false,,5.90,0.8429,true,1,71057
7290014555778,false,גל רחצה נובו לגבר בל,סאסאטק,IL,גל רחצה נובו לגבר בל,מיליליטרים,700.00,"100 מ""ל",false,,5.90,0.8429,true,1,71058
7290014555785,false,גל רחצה נובו לגבר וו,סאסאטק,IL,גל רחצה נובו לגבר וו,מיליליטרים,700.00,"100 מ""ל",false,,5.90,0.8429,true,1,71059
7290014562387,false,תה גרגירים נמס טעם ק,סילקו אם איי ספולקה,,תה גרגירים נמס טעם ק,גרמים,200.00,100 גרם,false,,17.90,8.9500,true,1,62912
7290014562394,false,תה גרגירים נמס טעם ש,סילקו אם איי ספולקה,,תה גרגירים נמס טעם ש,גרמים,200.00,100 גרם,false,,17.90,8.9500,true,1,62913
7290014562585,false,דייסת וניל ב.ד 200 ג,בטר אנד דיפרנט,IL,דייסת וניל ב.ד 200 ג,גרמים,200.00,100 גרם,false,,9.90,4.9500,true,1,73796
7290014562998,false,דייסת קטניות מעורבות,בטר אנד דיפרנט,IL,דייסת קטניות מעורבות,גרמים,200.00,100 גרם,false,,9.90,4.9500,true,1,75547
7290014581036,false,"פחם דליק 2 ק""ג",,,"פחם דליק 2 ק""ג",פריט,2.00,"ק""ג",false,,10.90,5.4500,true,1,70269
7290014581340,false,"פחם עץ הדרים 9 ק""ג",,,"פחם עץ הדרים 9 ק""ג",פריט,9.00,"ק""ג",false,,49.90,5.5444,true,1,70270
7290014593138,false,יין אהרונוף סינגל וי,יקב אהרונוף,IL,יין אהרונוף סינגל וי,מיליליטרים,750.00,"100 מ""ל",false,,119.90,15.9867,true,1,107759
7290014738935,false,יין בראשית מרלו  202,יקב בראשית,IL,יין בראשית מרלו  202,מיליליטרים,750.00,"100 מ""ל",false,,69.90,9.3200,true,1,106511
7290014738980,false,יין בראשית קברנה 202,יקב בראשית,IL,יין בראשית קברנה 202,מיליליטרים,750.00,"100 מ""ל",false,,69.90,9.3200,true,1,106512
7290014749764,false,שניצל עוף ביתי מעודן,עוף טוב,IL,שניצל עוף ביתי מעודן,גרמים,700.00,100 גרם,false,,29.90,4.2714,true,1,96403
7290014749887,false,שניצל דק ענק קריספי,עוף טוב,IL,שניצל דק ענק קריספי,גרמים,700.00,100 גרם,false,,27.90,3.9857,true,1,102511
7290014758162,false,חלב עיזים תנובה 1 לי,תנובה מרכז שיתופי לש,IL,חלב עיזים תנובה 1 לי,קילוגרמים,1.00,ליטר,false,,12.90,12.9000,true,1,65205
7290014758681,false,קוטג 1% תנובה 250 גר,תנובה מרכז שיתופי לש,IL,קוטג 1% תנובה 250 גר,גרמים,250.00,100 גרם,false,,5.20,2.0800,true,1,62359
7290014759701,false,מארז יופלה וניל 8*15,עדן קינוחים בעמ,IL,מארז יופלה וניל 8*15,פריט,1.20,"ק""ג",false,,14.90,12.4167,true,1,65268
7290014760141,false,משקה שקדים אלטרנטיב,סוי מגיק,IL,משקה שקדים אלטרנטיב,קילוגרמים,1.00,ליטר,false,,9.90,9.9000,true,1,72838
7290014760912,false,גבינה גוש חלב 400 גר,תנובה מרכז שיתופי לש,IL,גבינה גוש חלב 400 גר,גרמים,400.00,100 גרם,false,,24.90,6.2250,true,1,68500
7290014761018,false,גיל בטעם וניל תנובה,תנובה מרכז שיתופי לש,IL,גיל בטעם וניל תנובה,גרמים,125.00,100 גרם,false,,1.30,1.0400,true,1,68700
7290014761056,false,יולו שוקולד חלב 123,תנובה מרכז שיתופי לש,IL,יולו שוקולד חלב 123,גרמים,123.00,100 גרם,false,,3.50,2.8455,true,1,70722
7290014761070,false,יולו שוקולד לבן 123,תנובה מרכז שיתופי לש,IL,יולו שוקולד לבן 123,גרמים,123.00,100 גרם,false,,3.50,2.8455,true,1,70723
7290014761193,false,פרילי פירות יער 125,תנובה מרכז שיתופי לש,IL,פרילי פירות יער 125,מיליליטרים,125.00,"100 מ""ל",false,,2.90,2.3200,true,1,71236
7290014761254,false,מארז יוגורט ביו תנוב,תנובה מרכז שיתופי לש,IL,מארז יוגורט ביו תנוב,קילוגרמים,1.20,ליטר,false,,13.90,11.5833,true,1,69910
7290014761414,false,יולו שוקולד לבן וחלב,תנובה מרכז שיתופי לש,IL,יולו שוקולד לבן וחלב,גרמים,123.00,100 גרם,false,,3.50,2.8455,true,1,70650
7290014761438,false,גבינה בולגרית 24% פי,תנובה מרכז שיתופי לש,IL,גבינה בולגרית 24% פי,גרמים,400.00,100 גרם,false,,19.90,4.9750,true,1,70176
7290014761612,false,יולו שכבות שוקולד לב,תנובה מרכז שיתופי לש,IL,יולו שכבות שוקולד לב,גרמים,122.00,100 גרם,false,,3.50,2.8689,true,1,72493
7290014761698,false,גבינה עמק 28% 600 גר,תנובה מרכז שיתופי לש,IL,גבינה עמק 28% 600 גר,גרמים,600.00,100 גרם,false,,26.90,4.4833,true,1,79581
7290014762800,false,מעדן סויה שוקולד אלט,תנובה מרכז שיתופי לש,IL,מעדן סויה שוקולד אלט,גרמים,125.00,100 גרם,false,,3.90,3.1200,true,1,83174
7290014762831,false,גבינת שמנת פלפל חלפי,תנובה מרכז שיתופי לש,IL,גבינת שמנת פלפל חלפי,גרמים,225.00,100 גרם,false,,9.90,4.4000,true,1,76659
7290014763272,false,משקה סויה תות בננה א,תנובה,IL,משקה סויה תות בננה א,מיליליטרים,250.00,"100 מ""ל",false,,4.90,1.9600,true,1,83558
7290014763418,false,משקה יוגורט 4% תנובה,תנובה מרכז שיתופי לש,IL,משקה יוגורט 4% תנובה,קילוגרמים,1.50,ליטר,false,,16.90,11.2667,true,1,78447
7290014855595,false,מגבוני טואלט סופטי 6,D.P.L,IL,מגבוני טואלט סופטי 6,Unknown,0.00,יחידה,false,,19.90,0.0000,true,1,71933
7290014860070,false,מקלוני אורז מזרח ומע,ניינטי נודל קו,TH,מקלוני אורז מזרח ומע,גרמים,454.00,100 גרם,false,,9.90,2.1806,true,1,95072
7290014860094,false,מקלוני אורז  ללא גלו,ניינטי נודל קו,TH,מקלוני אורז  ללא גלו,גרמים,454.00,100 גרם,false,,9.90,2.1806,true,1,110055
7290014860155,false,מחצלת במבו שטוחה 24/,גולין  פנגזו,CN,מחצלת במבו שטוחה 24/,Unknown,0.00,יחידה,false,,7.90,0.0000,true,1,96321
7290014940901,false,לחם פשוט מלא אנגל 75,מאפית אנגל,IL,לחם פשוט מלא אנגל 75,גרמים,750.00,100 גרם,false,,12.90,1.7200,true,1,88352
7290014973060,false,סלמון מעושן הרמס 100,"הרמס דגים בע""מ",IL,סלמון מעושן הרמס 100,גרמים,100.00,100 גרם,false,,16.90,16.9000,true,1,95010
7290014973190,false,נילוס מעושן פרוס הרמ,"הרמס דגים בע""מ",IL,נילוס מעושן פרוס הרמ,גרמים,200.00,100 גרם,false,,29.90,14.9500,true,1,95766
7290014973213,false,סלמון מעושן מדג טרי,"הרמס דגים בע""מ",IL,סלמון מעושן מדג טרי,גרמים,200.00,100 גרם,false,,32.90,16.4500,true,1,94205
7290014973329,false,פילה הרינג אדום הרמס,"הרמס דגים בע""מ",IL,פילה הרינג אדום הרמס,גרמים,200.00,100 גרם,false,,16.90,8.4500,true,1,94199
7290014973381,false,ממרח סלמון הרמס 200,"הרמס דגים בע""מ",IL,ממרח סלמון הרמס 200,גרמים,200.00,100 גרם,false,,19.90,9.9500,true,1,95556
7290014973480,false,טונה מעושן קר פרוס ה,"הרמס דגים בע""מ",IL,טונה מעושן קר פרוס ה,גרמים,200.00,100 גרם,false,,29.90,14.9500,true,1,95767
7290014973527,false,ממרח מקרל הרמס 200 ג,"הרמס דגים בע""מ",IL,ממרח מקרל הרמס 200 ג,גרמים,200.00,100 גרם,false,,8.90,4.4500,true,1,100564
7290014973558,false,פילה סלמון גרבלקס הר,"הרמס דגים בע""מ",IL,פילה סלמון גרבלקס הר,גרמים,200.00,100 גרם,false,,31.90,15.9500,true,1,94270
7290014973626,false,מקרל מעושן הרמס 400,"הרמס דגים בע""מ",IL,מקרל מעושן הרמס 400,גרמים,400.00,100 גרם,false,,34.90,8.7250,true,1,101124
7290014973640,false,פילה הרינג לבן הרמס,"הרמס דגים בע""מ",IL,פילה הרינג לבן הרמס,גרמים,200.00,100 גרם,false,,11.90,5.9500,true,1,101126
7290014973657,false,פילה הרינג אדום הרמס,"הרמס דגים בע""מ",IL,פילה הרינג אדום הרמס,גרמים,200.00,100 גרם,false,,11.90,5.9500,true,1,101127
7290014973664,false,איקרה אדומה הרמס 250,"הרמס דגים בע""מ",IL,איקרה אדומה הרמס 250,גרמים,250.00,100 גרם,false,,12.90,5.1600,true,1,101748
7290014973671,false,איקרה לבנה הרמס 250,"הרמס דגים בע""מ",IL,איקרה לבנה הרמס 250,גרמים,250.00,100 גרם,false,,12.90,5.1600,true,1,101749
7290014974593,false,גביעי גלידריה ל. גלו,עלמה,IL,גביעי גלידריה ל. גלו,גרמים,132.00,100 גרם,false,,14.90,11.2879,true,1,108379
7290015037006,false,כרוב לבן 400 גרם,יעל ירק עלים,IL,כרוב לבן 400 גרם,גרמים,400.00,100 גרם,false,,12.90,3.2250,true,1,73130
7290015037013,false,כרוב אדום קצוץ 400 ג,יעל ירק עלים,IL,כרוב אדום קצוץ 400 ג,גרמים,400.00,100 גרם,false,,12.90,3.2250,true,1,65416
7290015037020,false,סלט קולסלאו 400 גרם,יעל ירק עלים,IL,סלט קולסלאו 400 גרם,גרמים,400.00,100 גרם,false,,12.90,3.2250,true,1,84430
7290015037037,false,חסה קצוצה 300 גרם,יעל ירק עלים,IL,חסה קצוצה 300 גרם,גרמים,310.00,100 גרם,false,,10.90,3.5161,true,1,84427
7290015037044,false,לקט ים תיכוני 350 גר,יעל ירק עלים,IL,לקט ים תיכוני 350 גר,גרמים,400.00,100 גרם,false,,13.90,3.4750,true,1,84428
7290015039253,false,עלי גפן ויליפוד 620,קורהאן,TR,עלי גפן ויליפוד 620,גרמים,620.00,100 גרם,false,,8.90,1.4355,true,1,68475
7290015057110,false,מקלות חמוצים בטעם תו,אלבן מזון תעשיות ומס,TR,מקלות חמוצים בטעם תו,גרמים,20.00,100 גרם,false,,1.50,7.5000,true,1,92694
7290015057127,false,מקלות חמוצים בטעם קו,אלבן מזון תעשיות ומס,TR,מקלות חמוצים בטעם קו,גרמים,20.00,100 גרם,false,,1.50,7.5000,true,1,92695
7290015057134,false,מקלות חמוצים בטעם פט,אלבן מזון תעשיות ומס,TR,מקלות חמוצים בטעם פט,גרמים,20.00,100 גרם,false,,1.50,7.5000,true,1,92696
7290015089920,false,לקט אפונה וגזר טלפרו,horrafrost n.v,ES,לקט אפונה וגזר טלפרו,פריט,1.00,"ק""ג",false,,4.90,4.9000,true,1,74639
7290015139052,false,מרשמלו טוויסטר 500 ג,כרמית,IL,מרשמלו טוויסטר 500 ג,גרמים,500.00,100 גרם,false,,13.90,2.7800,true,1,67407
7290015139526,false,אצבעות וופל שוקולד ל,כרמית,IL,אצבעות וופל שוקולד ל,גרמים,125.00,100 גרם,false,,6.90,5.5200,true,1,75432
7290015139571,false,וופל מצופה שוקולד ל.,כרמית,IL,וופל מצופה שוקולד ל.,גרמים,125.00,100 גרם,false,,9.90,7.9200,true,1,75431
7290015150361,false,תה ירוק נענע סטיביה,ויסוצקי,IL,תה ירוק נענע סטיביה,גרמים,38.00,100 גרם,false,,21.90,57.6316,true,1,72821
7290015164856,false,מחית קארי אדומה מזרח,טאפאדונגפורן קוקינט,TH,מחית קארי אדומה מזרח,גרמים,400.00,100 גרם,false,,19.50,4.8750,true,1,95089
7290015251174,false,אל סבון נובו פרש ירו,סאסאטק,IL,אל סבון נובו פרש ירו,קילוגרמים,1.50,ליטר,false,,9.90,6.6000,true,1,68469
7290015251181,false,אל סבון נובו אנרגי כ,סאסאטק,IL,אל סבון נובו אנרגי כ,קילוגרמים,1.50,ליטר,false,,9.90,6.6000,true,1,68470
7290015251198,false,אל סבון נובו רילקס ס,סאסאטק,IL,אל סבון נובו רילקס ס,קילוגרמים,1.50,ליטר,false,,9.90,6.6000,true,1,68468
7290015251204,false,אל סבון נובו פלוראל,סאסאטק,IL,אל סבון נובו פלוראל,קילוגרמים,1.50,ליטר,false,,9.90,6.6000,true,1,68471
7290015282581,false,חומוס עם חריף שמיר ג,סלטי שמיר 2006 בעמ,IL,חומוס עם חריף שמיר ג,גרמים,200.00,100 גרם,false,,6.90,3.4500,true,1,69383
7290015282598,false,חומוס מסעדות שמיר גו,סלטי שמיר 2006 בעמ,IL,חומוס מסעדות שמיר גו,גרמים,200.00,100 גרם,false,,6.90,3.4500,true,1,69384
7290015282604,false,טחינה מיוחדת שמיר בי,סלטי שמיר 2006 בעמ,IL,טחינה מיוחדת שמיר בי,גרמים,200.00,100 גרם,false,,6.90,3.4500,true,1,69385
7290015282628,false,חציל בטעם כבד שמיר ג,סלטי שמיר 2006 בעמ,IL,חציל בטעם כבד שמיר ג,גרמים,200.00,100 גרם,false,,6.90,3.4500,true,1,69387
7290015282635,false,חומוס מסבחה שמיר גור,סלטי שמיר 2006 בעמ,IL,חומוס מסבחה שמיר גור,גרמים,200.00,100 גרם,false,,6.90,3.4500,true,1,69388
7290015282642,false,חומוס אבו גוש שמיר ג,סלטי שמיר 2006 בעמ,IL,חומוס אבו גוש שמיר ג,גרמים,200.00,100 גרם,false,,6.90,3.4500,true,1,69389
7290015282673,false,חציל במיונז שמיר גור,סלטי שמיר 2006 בעמ,IL,חציל במיונז שמיר גור,גרמים,200.00,100 גרם,false,,6.90,3.4500,true,1,69393
7290015282680,false,קישואים בטעם כבד שמי,סלטי שמיר 2006 בעמ,IL,קישואים בטעם כבד שמי,גרמים,200.00,100 גרם,false,,6.90,3.4500,true,1,69394
7290015282697,false,כרוב אדום שמיר גורמה,סלטי שמיר 2006 בעמ,IL,כרוב אדום שמיר גורמה,גרמים,200.00,100 גרם,false,,6.90,3.4500,true,1,69395
7290015282710,false,קוביות סלק שמיר גורמ,סלטי שמיר 2006 בעמ,IL,קוביות סלק שמיר גורמ,גרמים,200.00,100 גרם,false,,6.90,3.4500,true,1,69397
7290015282727,false,גזר מרוקאי שמיר גורמ,סלטי שמיר 2006 בעמ,IL,גזר מרוקאי שמיר גורמ,גרמים,200.00,100 גרם,false,,6.90,3.4500,true,1,69398
7290015282734,false,מטבוחה שמיר גורמה 20,סלטי שמיר 2006 בעמ,IL,מטבוחה שמיר גורמה 20,גרמים,200.00,100 גרם,false,,6.90,3.4500,true,1,69399
7290015282741,false,חציל תאילנדי שמיר גו,סלטי שמיר 2006 בעמ,IL,חציל תאילנדי שמיר גו,גרמים,200.00,100 גרם,false,,6.90,3.4500,true,1,69400
7290015321167,false,פפריקה מתוקה בשמן פר,תבליני הדור השלישי,IL,פפריקה מתוקה בשמן פר,גרמים,250.00,100 גרם,false,,21.90,8.7600,true,1,71738
7290015321174,false,פפריקה מתוקה פרג 300,תבליני הדור השלישי,IL,פפריקה מתוקה פרג 300,גרמים,300.00,100 גרם,false,,21.90,7.3000,true,1,71579
7290015321181,false,פפריקה חריפה בשמן פר,תבליני הדור השלישי,IL,פפריקה חריפה בשמן פר,גרמים,250.00,100 גרם,false,,21.90,8.7600,true,1,71581
7290015321198,false,פפריקה חריפה פרג 300,תבליני הדור השלישי,IL,פפריקה חריפה פרג 300,גרמים,300.00,100 גרם,false,,21.90,7.3000,true,1,71582
7290015321204,false,כורכום פרג 320 גרם,תבליני הדור השלישי,IL,כורכום פרג 320 גרם,גרמים,320.00,100 גרם,false,,21.90,6.8437,true,1,71577
7290015321211,false,כמון פרג 250 גרם,תבליני הדור השלישי,IL,כמון פרג 250 גרם,גרמים,250.00,100 גרם,false,,21.90,8.7600,true,1,71576
7290015321228,false,זנגוויל פרג 200 גרם,תבליני הדור השלישי,IL,זנגוויל פרג 200 גרם,גרמים,200.00,100 גרם,false,,21.90,10.9500,true,1,71739
7290015321235,false,מקלות קינמון פרג 150,תבליני הדור השלישי,IL,מקלות קינמון פרג 150,גרמים,150.00,100 גרם,false,,21.90,14.6000,true,1,71740
7290015321242,false,קינמון טחון פרג 250,תבליני הדור השלישי,IL,קינמון טחון פרג 250,גרמים,250.00,100 גרם,false,,21.90,8.7600,true,1,71741
7290015321280,false,צילי פרג 230 גרם,תבליני הדור השלישי,IL,צילי פרג 230 גרם,גרמים,230.00,100 גרם,false,,21.90,9.5217,true,1,71745
7290015321297,false,גריל עוף פרג 250 גרם,תבליני הדור השלישי,IL,גריל עוף פרג 250 גרם,גרמים,250.00,100 גרם,false,,21.90,8.7600,true,1,71746
7290015321303,false,תבלין לסטיק פרג 250,תבליני הדור השלישי,IL,תבלין לסטיק פרג 250,גרמים,250.00,100 גרם,false,,21.90,8.7600,true,1,71580
7290015321310,false,תבלין לשווארמה פרג 2,תבליני הדור השלישי,IL,תבלין לשווארמה פרג 2,גרמים,250.00,100 גרם,false,,21.90,8.7600,true,1,71747
7290015321327,false,תבלין לדגים פרג 250,תבליני הדור השלישי,IL,תבלין לדגים פרג 250,גרמים,250.00,100 גרם,false,,21.90,8.7600,true,1,71578
7290015321334,false,קארי פרג 250 גרם,תבליני הדור השלישי,IL,קארי פרג 250 גרם,גרמים,250.00,100 גרם,false,,21.90,8.7600,true,1,71748
7290015321341,false,חוואיג למרק פרג 250,תבליני הדור השלישי,IL,חוואיג למרק פרג 250,גרמים,250.00,100 גרם,false,,21.90,8.7600,true,1,71749
7290015321358,false,חוואיג לקפה פרג 200,תבליני הדור השלישי,IL,חוואיג לקפה פרג 200,גרמים,200.00,100 גרם,false,,21.90,10.9500,true,1,71750
7290015321365,false,זעתר פרג 240 גרם,תבליני הדור השלישי,IL,זעתר פרג 240 גרם,גרמים,240.00,100 גרם,false,,21.90,9.1250,true,1,71751
7290015321372,false,קיטגון פרג 250 גרם,תבליני הדור השלישי,IL,קיטגון פרג 250 גרם,גרמים,250.00,100 גרם,false,,21.90,8.7600,true,1,71752
7290015321389,false,פטרוזיליה פרג 80 גרם,תבליני הדור השלישי,IL,פטרוזיליה פרג 80 גרם,גרמים,80.00,100 גרם,false,,21.90,27.3750,true,1,71753
7290015321396,false,בזיליקום פרג 80 גרם,תבליני הדור השלישי,IL,בזיליקום פרג 80 גרם,גרמים,80.00,100 גרם,false,,21.90,27.3750,true,1,71754
7290015321402,false,כוסברה פרג 60 גרם,תבליני הדור השלישי,IL,כוסברה פרג 60 גרם,גרמים,60.00,100 גרם,false,,21.90,36.5000,true,1,71729
7290015321419,false,שמיר פרג 80 גרם,תבליני הדור השלישי,IL,שמיר פרג 80 גרם,גרמים,80.00,100 גרם,false,,21.90,27.3750,true,1,71728
7290015321426,false,אורגנו פרג 120 גרם,תבליני הדור השלישי,IL,אורגנו פרג 120 גרם,גרמים,120.00,100 גרם,false,,21.90,18.2500,true,1,71758
7290015321433,false,רוזמרין פרג 80 גרם,תבליני הדור השלישי,IL,רוזמרין פרג 80 גרם,גרמים,300.00,100 גרם,false,,21.90,7.3000,true,1,71755
7290015321440,false,עלי דפנה פרג 25 גרם,תבליני הדור השלישי,IL,עלי דפנה פרג 25 גרם,גרמים,25.00,100 גרם,false,,21.90,87.6000,true,1,71757
7290015321457,false,טימין פרג 80 גרם,תבליני הדור השלישי,IL,טימין פרג 80 גרם,גרמים,80.00,100 גרם,false,,21.90,27.3750,true,1,71756
7290015339612,false,שוקולד טעמן חלב אגוז,אלבה שוקולד,,שוקולד טעמן חלב אגוז,גרמים,100.00,100 גרם,false,,7.90,7.9000,true,1,75894
7290015339629,false,שוקולד טעמן חלב שברי,הלל תעשיות,IL,שוקולד טעמן חלב שברי,גרמים,100.00,100 גרם,false,,7.90,7.9000,true,1,75897
7290015339636,false,שוקולד טעמן מריר אגו,הלל תעשיות,IL,שוקולד טעמן מריר אגו,גרמים,100.00,100 גרם,false,,7.90,7.9000,true,1,75895
7290015339643,false,שוקולד טעמן מריר 100,הלל תעשיות,IL,שוקולד טעמן מריר 100,גרמים,100.00,100 גרם,false,,6.90,6.9000,true,1,75893
7290015339650,false,שוקולד טעמן חלב 100,אלבה שוקולד,,שוקולד טעמן חלב 100,גרמים,100.00,100 גרם,false,,6.90,6.9000,true,1,75892
7290015341516,false,עוגת קרנץ 500 גרם,אנטיקביץ,IL,עוגת קרנץ 500 גרם,גרמים,500.00,100 גרם,false,,10.90,2.1800,true,1,88019
7290015341578,false,עוגת דניש בטעמים שונ,אנטיקביץ,IL,עוגת דניש בטעמים שונ,גרמים,500.00,100 גרם,false,,10.90,2.1800,true,1,87603
7290015341837,false,עוגיות פרימיום ללא ס,אנטיקביץ,IL,עוגיות פרימיום ללא ס,גרמים,350.00,100 גרם,false,,11.90,3.4000,true,1,108438
7290015347037,false,קקאו מיה 800 גרם,מיה תעשיות מזון בעמ,IL,קקאו מיה 800 גרם,גרמים,800.00,100 גרם,false,,21.90,2.7375,true,1,66972
7290015347075,false,שומשום מיה 250 גרם,מיה תעשיות מזון בעמ,IL,שומשום מיה 250 גרם,גרמים,250.00,100 גרם,false,,6.90,2.7600,true,1,69213
7290015347150,false,שומשום סלקטד 400 גרם,מיה תעשיות מזון בעמ,IL,שומשום סלקטד 400 גרם,גרמים,400.00,100 גרם,false,,16.90,4.2250,true,1,87528
7290015347167,false,קינואה סלקטד 500 גרם,מיה תעשיות מזון בעמ,IL,קינואה סלקטד 500 גרם,גרמים,500.00,100 גרם,false,,14.90,2.9800,true,1,86422
7290015347181,false,שעועית לבנה סלקטד 1,מיה תעשיות מזון בעמ,IL,שעועית לבנה סלקטד 1,פריט,1.00,"ק""ג",false,,13.90,13.9000,true,1,70698
7290015347198,false,קוואקר סלקטד 700 גרם,מיה תעשיות מזון בעמ,IL,קוואקר סלקטד 700 גרם,גרמים,700.00,100 גרם,false,,9.90,1.4143,true,1,70701
7290015347204,false,חומוס גדול סלקטד 1 ק,מיה תעשיות מזון בעמ,IL,חומוס גדול סלקטד 1 ק,פריט,1.00,"ק""ג",false,,13.90,13.9000,true,1,70697
7290015347211,false,גריסי פנינה סלקטד 1,מיה תעשיות מזון בעמ,IL,גריסי פנינה סלקטד 1,פריט,1.00,"ק""ג",false,,14.90,14.9000,true,1,70699
7290015347488,false,סוכר דמררה בשקית מיה,מיה תעשיות מזון בעמ,IL,סוכר דמררה בשקית מיה,פריט,1.00,"ק""ג",false,,6.90,6.9000,true,1,71312
7290015347501,false,אבקת אפיה מיה 36 יח,מיה תעשיות מזון בעמ,IL,אבקת אפיה מיה 36 יח,גרמים,360.00,100 גרם,false,,4.90,1.3611,true,1,79738
7290015347518,false,סוכר וניל מיה 36 יח,מיה תעשיות מזון בעמ,IL,סוכר וניל מיה 36 יח,גרמים,360.00,100 גרם,false,,4.90,1.3611,true,1,79739
7290015347525,false,חטיף ציפס בטטה עם שו,מיה תעשיות מזון בעמ,IL,חטיף ציפס בטטה עם שו,גרמים,80.00,100 גרם,false,,7.90,9.8750,true,1,82044
7290015347532,false,חטיף ציפס בטטה עם שמ,מיה תעשיות מזון בעמ,IL,חטיף ציפס בטטה עם שמ,גרמים,80.00,100 גרם,false,,7.90,9.8750,true,1,82043
7290015347556,false,גבישי שום מיה 300 גר,מיה תעשיות מזון בעמ,IL,גבישי שום מיה 300 גר,גרמים,300.00,100 גרם,false,,24.90,8.3000,true,1,92640
7290015347563,false,סוכר דמררה שקית בון,מיה תעשיות מזון בעמ,IL,סוכר דמררה שקית בון,פריט,1.40,"ק""ג",false,,11.90,8.5000,true,1,73565
7290015347679,false,צילי גרוס מיה 70 גרם,מיה תעשיות מזון בעמ,IL,צילי גרוס מיה 70 גרם,גרמים,70.00,100 גרם,false,,7.90,11.2857,true,1,75826
7290015347709,false,אגוז מוסקט מיה 70 גר,מיה תעשיות מזון בעמ,IL,אגוז מוסקט מיה 70 גר,גרמים,70.00,100 גרם,false,,8.90,12.7143,true,1,75679
7290015347723,false,אורז פרסי סלקטד 1.8,מיה תעשיות מזון בעמ,IL,אורז פרסי סלקטד 1.8,פריט,1.80,"ק""ג",false,,17.90,9.9444,true,1,81049
7290015347945,false,שעועית מעורבת אינדיר,מיה תעשיות מזון בעמ,IL,שעועית מעורבת אינדיר,פריט,1.40,"ק""ג",false,,16.90,12.0714,true,1,83257
7290015347952,false,שיבולת שועל עבה אינד,מיה תעשיות מזון בעמ,IL,שיבולת שועל עבה אינד,גרמים,750.00,100 גרם,false,,5.90,0.7867,true,1,84174
7290015347969,false,שיבולת שועל דק אינדי,מיה תעשיות מזון בעמ,IL,שיבולת שועל דק אינדי,גרמים,750.00,100 גרם,false,,5.90,0.7867,true,1,84175
7290015347990,false,מארז  1/8 עדשי שוקול,מיה תעשיות מזון בעמ,IL,מארז  1/8 עדשי שוקול,גרמים,160.00,100 גרם,false,,8.90,5.5625,true,1,83537
7290015350136,false,יין אדום פרי ראן קבר,,,יין אדום פרי ראן קבר,מיליליטרים,750.00,"100 מ""ל",false,,59.90,7.9867,true,1,98110
7290015350143,false,יין אדום פרי ראן  מר,,,יין אדום פרי ראן  מר,מיליליטרים,750.00,"100 מ""ל",false,,59.90,7.9867,true,1,98111
7290015350242,false,ברנדי שטוק 84 דבש 75,יינות סגל,IL,ברנדי שטוק 84 דבש 75,מיליליטרים,750.00,"100 מ""ל",false,,64.90,8.6533,true,1,110140
7290015350402,false,יין רזרב מוסקט ורוד,יקבי ברקן,IL,יין רזרב מוסקט ורוד,מיליליטרים,750.00,"100 מ""ל",false,,38.90,5.1867,true,1,110139
7290015374002,false,סיגרים בטעם בשר אלקי,חטיפי אלקיים בעמ,IL,סיגרים בטעם בשר אלקי,פריט,1.00,"ק""ג",false,,21.90,21.9000,true,1,70189
7290015374019,false,סיגרים במילוי תפוא א,חטיפי אלקיים בעמ,IL,סיגרים במילוי תפוא א,פריט,1.00,"ק""ג",false,,21.90,21.9000,true,1,70190
7290015374033,false,פסטלים תפוא אלקיים 1,חטיפי אלקיים בעמ,IL,פסטלים תפוא אלקיים 1,פריט,1.00,"ק""ג",false,,21.90,21.9000,true,1,70191
7290015374040,false,אגרול סיני ירקות אלק,חטיפי אלקיים בעמ,IL,אגרול סיני ירקות אלק,פריט,1.00,"ק""ג",false,,21.90,21.9000,true,1,70192
7290015374071,false,קרפלך תפוא אלקיים 1,חטיפי אלקיים בעמ,IL,קרפלך תפוא אלקיים 1,פריט,1.00,"ק""ג",false,,21.90,21.9000,true,1,70193
7290015374088,false,חטיפי תפוא במילוי פט,חטיפי אלקיים בעמ,IL,חטיפי תפוא במילוי פט,פריט,1.00,"ק""ג",false,,21.90,21.9000,true,1,70194
7290015374262,false,חטיפי תפוא במילוי תי,חטיפי אלקיים בעמ,IL,חטיפי תפוא במילוי תי,פריט,1.00,"ק""ג",false,,21.90,21.9000,true,1,70195
7290015581301,false,צלחות קנה סוכר גדולו,,IN,צלחות קנה סוכר גדולו,Unknown,0.00,יחידה,false,,29.90,0.0000,true,1,106425
7290015581325,false,קערות קנה סוכר 80 יח,,IN,קערות קנה סוכר 80 יח,Unknown,0.00,יחידה,false,,25.90,0.0000,true,1,107510
7290015597210,false,טילוני קורנטו וניל 6,גלידות שטראוס,IL,טילוני קורנטו וניל 6,גרמים,360.00,100 גרם,false,,21.90,6.0833,true,1,86555
7290015603188,false,אטריות ביצים מזרח ומ,פוגקן לונגהי אנלידה,CN,אטריות ביצים מזרח ומ,גרמים,454.00,100 גרם,false,,9.90,2.1806,true,1,95067
7290015603195,false,אטריות עם תרד מזרח ו,פוגקן לונגהי אנלידה,CN,אטריות עם תרד מזרח ו,גרמים,454.00,100 גרם,false,,10.50,2.3128,true,1,110051
7290015603201,false,אטריות חיטה מלאה מזר,yan val yun corpora,CN,אטריות חיטה מלאה מזר,גרמים,454.00,100 גרם,false,,9.90,2.1806,true,1,102407
7290015603218,false,אטריות עם עגבניה מזר,פוגקן לונגהי אנלידה,CN,אטריות עם עגבניה מזר,גרמים,454.00,100 גרם,false,,9.90,2.1806,true,1,95068
7290015603225,false,אטריות עם גזר מזרח ו,פוגקן לונגהי אנלידה,CN,אטריות עם גזר מזרח ו,גרמים,454.00,100 גרם,false,,10.50,2.3128,true,1,110052
7290015603232,false,אטריות עם דלעת מזרח,פוגקן לונגהי אנלידה,CN,אטריות עם דלעת מזרח,גרמים,454.00,100 גרם,false,,10.50,2.3128,true,1,110053
7290015603522,false,נוזל קוקוס 5-7% מזרח,אסי אטיק גרו אינדוסט,TH,נוזל קוקוס 5-7% מזרח,מיליליטרים,400.00,"100 מ""ל",false,,5.90,1.4750,true,1,105784
7290015603546,false,קרם קוקוס 17-19% מזר,אסי אטיק גרו אינדוסט,TH,קרם קוקוס 17-19% מזר,מיליליטרים,400.00,"100 מ""ל",false,,8.50,2.1250,true,1,95073
7290015603560,false,קרם קוקוס 20-22% מזר,אסי אטיק גרו אינדוסט,TH,קרם קוקוס 20-22% מזר,מיליליטרים,400.00,"100 מ""ל",false,,9.70,2.4250,true,1,96319
7290015603584,false,ג'ינגר לבן כבוש מזרח,לאיווי איפנג פודס קו,CN,ג'ינגר לבן כבוש מזרח,גרמים,160.00,100 גרם,false,,7.90,4.9375,true,1,95069
7290015603591,false,ג'ינגר כבוש ורוד מזר,ננטונג הידה אקוטיק פ,CN,ג'ינגר כבוש ורוד מזר,גרמים,160.00,100 גרם,false,,6.90,4.3125,true,1,110057
7290015644297,false,לחמניות קמח מלא אנגל,מאפית אנגל,IL,לחמניות קמח מלא אנגל,גרמים,450.00,100 גרם,false,,9.90,2.2000,true,1,88382
7290015644426,false,לחם מחמצת חיטה מלאה,מאפית אנגל,IL,לחם מחמצת חיטה מלאה,גרמים,600.00,100 גרם,false,,17.90,2.9833,true,1,88355
7290015644433,false,לחם מחמצת שיפון קל א,מאפית אנגל,IL,לחם מחמצת שיפון קל א,גרמים,650.00,100 גרם,false,,17.90,2.7538,true,1,88353
7290015652070,false,קשיו קלויים 150 גרם,דין שיווק,IL,קשיו קלויים 150 גרם,גרמים,150.00,100 גרם,false,,9.90,6.6000,true,1,72475
7290015652261,false,בוטן קלויים 350 גרם,דין שיווק,IL,בוטן קלויים 350 גרם,גרמים,350.00,100 גרם,false,,10.00,2.8571,true,1,82792
7290015652278,false,תערובת פיצוחים 300 ג,דין שיווק,IL,תערובת פיצוחים 300 ג,גרמים,300.00,100 גרם,false,,20.00,6.6667,true,1,76426
7290015652292,false,קבוקים 400 גרם,דין שיווק,IL,קבוקים 400 גרם,גרמים,400.00,100 גרם,false,,10.00,2.5000,true,1,82796
7290015652322,false,בוטן אמריקאי 400 גרם,דין שיווק,IL,בוטן אמריקאי 400 גרם,גרמים,400.00,100 גרם,false,,10.00,2.5000,true,1,82791
7290015652384,false,קמח תירס עבה ל.גלוטן,,IT,קמח תירס עבה ל.גלוטן,פריט,1.00,"ק""ג",false,,9.90,9.9000,true,1,75143
7290015652391,false,קמח תירס דק ל.גלוטן,,IT,קמח תירס דק ל.גלוטן,פריט,1.00,"ק""ג",false,,9.90,9.9000,true,1,75144
7290015652407,false,פיסטוק 250 גרם,דין שיווק,IL,פיסטוק 250 גרם,גרמים,250.00,100 גרם,false,,20.00,8.0000,true,1,82799
7290015652506,false,נוזל קוקוס דל קלוריו,,TH,נוזל קוקוס דל קלוריו,מיליליטרים,400.00,"100 מ""ל",false,,6.90,1.7250,true,1,74316
7290015652513,false,תערובת לסטייק אהרוני,נווה התבלין,IL,תערובת לסטייק אהרוני,גרמים,150.00,100 גרם,false,,9.90,6.6000,true,1,73596
7290015652520,false,תערובת השף אהרוני 70,דין שיווק,IL,תערובת השף אהרוני 70,גרמים,70.00,100 גרם,false,,9.90,14.1429,true,1,73598
7290015652537,false,תבלין פלפל לימון ושו,נווה התבלין,IL,תבלין פלפל לימון ושו,גרמים,130.00,100 גרם,false,,9.90,7.6154,true,1,73594
7290015652544,false,גריל עוף ארומטי אהרו,נווה התבלין,IL,גריל עוף ארומטי אהרו,גרמים,130.00,100 גרם,false,,9.90,7.6154,true,1,73590
7290015652551,false,זעתר ושומשום בלדי אה,נווה התבלין,IL,זעתר ושומשום בלדי אה,גרמים,150.00,100 גרם,false,,9.90,6.6000,true,1,73593
7290015652568,false,עשבי תיבול לדג אהרונ,נווה התבלין,IL,עשבי תיבול לדג אהרונ,גרמים,70.00,100 גרם,false,,9.90,14.1429,true,1,73597
7290015652575,false,תבלין ראס אל חנות אה,נווה התבלין,IL,תבלין ראס אל חנות אה,גרמים,150.00,100 גרם,false,,9.90,6.6000,true,1,73592
7290015652582,false,תבלין לחריימה דג אהר,נווה התבלין,IL,תבלין לחריימה דג אהר,גרמים,150.00,100 גרם,false,,9.90,6.6000,true,1,73591
7290015652599,false,תבלין צלי בקר אהרוני,נווה התבלין,IL,תבלין צלי בקר אהרוני,גרמים,120.00,100 גרם,false,,9.90,8.2500,true,1,73595
7290015710060,false,ביצים 18 יח' גדול מש,משק דוידי,IL,ביצים 18 יח' גדול מש,Unknown,18.00,יחידה,false,,18.00,1.0000,true,1,109010
7290015710145,false,ביצים 30 יח' גדול מש,משק דוידי,IL,ביצים 30 יח' גדול מש,Unknown,30.00,יחידה,false,,29.90,0.9967,true,1,109009
7290015710701,false,ביצי חופש 30 יח' גדו,משק דוידי,IL,ביצי חופש 30 יח' גדו,Unknown,30.00,יחידה,false,,39.90,1.3300,true,1,110230
7290015710749,false,מארז ביצים גדול 2*30,משק דוידי,IL,מארז ביצים גדול 2*30,Unknown,60.00,יחידה,false,,59.90,0.9983,true,1,109030
7290015710770,false,ביצי אומגה 12 יח' גד,משק דוידי,IL,ביצי אומגה 12 יח' גד,Unknown,12.00,יחידה,false,,16.90,1.4083,true,1,109362
7290015733205,false,מטרנה אקסטרה קר שלב,מטרנה,IL,מטרנה אקסטרה קר שלב,גרמים,700.00,100 גרם,false,,54.90,7.8429,true,1,86673
7290015766029,false,עגבניות שרי כתומות 4,אראל תוצרת חקלאית בע,IL,עגבניות שרי כתומות 4,גרמים,460.00,100 גרם,false,,9.90,2.1522,true,1,97257
7290015766036,false,עגבניות שרי צהובות 4,אראל תוצרת חקלאית בע,IL,עגבניות שרי צהובות 4,גרמים,460.00,100 גרם,false,,8.90,1.9348,true,1,97258
7290015781008,false,יין ויזן מרלו,יקב טפרברג 1870 בעמ,IL,יין ויזן מרלו,מיליליטרים,750.00,"100 מ""ל",false,,39.90,5.3200,true,1,72554
7290015781015,false,יין ויזן מלבק,יקב טפרברג 1870 בעמ,IL,יין ויזן מלבק,מיליליטרים,750.00,"100 מ""ל",false,,39.90,5.3200,true,1,72555
7290015781046,false,יין ויזן לבן חצי יבש,יקב טפרברג 1870 בעמ,IL,יין ויזן לבן חצי יבש,מיליליטרים,750.00,"100 מ""ל",false,,39.90,5.3200,true,1,72557
7290015781053,false,יין ויזן לבן יבש,יקב טפרברג 1870 בעמ,IL,יין ויזן לבן יבש,מיליליטרים,750.00,"100 מ""ל",false,,39.90,5.3200,true,1,72558
7290015781091,false,יין ויזן קברנה סובינ,יקב טפרברג 1870 בעמ,IL,יין ויזן קברנה סובינ,מיליליטרים,750.00,"100 מ""ל",false,,39.90,5.3200,true,1,72553
7290015781107,false,יין אימפרשן סנגובזה,יקב טפרברג 1870 בעמ,IL,יין אימפרשן סנגובזה,מיליליטרים,750.00,"100 מ""ל",false,,49.90,6.6533,true,1,72564
7290015781114,false,יין אימפרשן מרלו,יקב טפרברג 1870 בעמ,IL,יין אימפרשן מרלו,מיליליטרים,750.00,"100 מ""ל",false,,49.90,6.6533,true,1,72562
7290015781121,false,יין אימפרשן קברנה סו,יקב טפרברג 1870 בעמ,IL,יין אימפרשן קברנה סו,מיליליטרים,750.00,"100 מ""ל",false,,49.90,6.6533,true,1,72561
7290015781138,false,יין אימפרשן שרדונה 7,,,יין אימפרשן שרדונה 7,מיליליטרים,750.00,"100 מ""ל",false,,49.90,6.6533,true,1,72568
7290015781152,false,יין אימפרשן רוזה 750,,,יין אימפרשן רוזה 750,מיליליטרים,750.00,"100 מ""ל",false,,49.90,6.6533,true,1,72565
7290015781169,false,יין אימפרשן קברנה סו,יקב טפרברג 1870 בעמ,IL,יין אימפרשן קברנה סו,מיליליטרים,750.00,"100 מ""ל",false,,49.90,6.6533,true,1,72566
7290015781282,false,יין אימפרשן גוורצטרמ,,,יין אימפרשן גוורצטרמ,מיליליטרים,750.00,"100 מ""ל",false,,49.90,6.6533,true,1,72567
7290015781299,false,יין ויזן שיראז,יקב טפרברג 1870 בעמ,IL,יין ויזן שיראז,מיליליטרים,750.00,"100 מ""ל",false,,39.90,5.3200,true,1,72556
7290015781305,false,יין אימפרשן סירה,יקב טפרברג 1870 בעמ,IL,יין אימפרשן סירה,מיליליטרים,750.00,"100 מ""ל",false,,49.90,6.6533,true,1,72563
7290015821728,false,נר נשמה 48 שעות מאור,פאלאס,CN,נר נשמה 48 שעות מאור,Unknown,0.00,יחידה,false,,3.90,0.0000,true,1,109911
7290015856218,false,עוגיות אמריקאיות קרם,אפיפית נצרת תעשיות ב,IL,עוגיות אמריקאיות קרם,גרמים,900.00,100 גרם,false,,19.90,2.2111,true,1,87371
7290015856249,false,עוגיות סנדוויץ וניל,אפיפית נצרת תעשיות ב,IL,עוגיות סנדוויץ וניל,פריט,1.20,"ק""ג",false,,19.90,16.5833,true,1,87369
7290015856256,false,קרקר עם מלח בריידמן,אפיפית נצרת תעשיות ב,IL,קרקר עם מלח בריידמן,פריט,1.20,"ק""ג",false,,19.90,16.5833,true,1,88029
7290015856263,false,קרקר עם שומשום ברייד,אפיפית נצרת תעשיות ב,IL,קרקר עם שומשום ברייד,פריט,1.20,"ק""ג",false,,19.90,16.5833,true,1,88030
7290015856294,false,חטיפי קרקר עם מלח ים,אפיפית נצרת תעשיות ב,IL,חטיפי קרקר עם מלח ים,פריט,1.50,"ק""ג",false,,19.90,13.2667,true,1,88150
7290015856300,false,חטיפי קרקר שומשום בר,אפיפית נצרת תעשיות ב,IL,חטיפי קרקר שומשום בר,פריט,1.50,"ק""ג",false,,19.90,13.2667,true,1,88148
7290015856317,false,חטיפי קרקר בצל ברייד,אפיפית נצרת תעשיות ב,IL,חטיפי קרקר בצל ברייד,פריט,1.50,"ק""ג",false,,19.90,13.2667,true,1,88147
7290015856690,false,"קרם קרקר הדר 1 ק""ג",אפיפית נצרת תעשיות ב,IL,"קרם קרקר הדר 1 ק""ג",פריט,1.00,"ק""ג",false,,19.90,19.9000,true,1,100263
7290015858106,false,פסטו ביתי עללחם 180,מדשא,IL,פסטו ביתי עללחם 180,גרמים,180.00,100 גרם,false,,15.90,8.8333,true,1,94066
7290015858144,false,ממרח ארטישוק עללחם 1,מדשא,IL,ממרח ארטישוק עללחם 1,גרמים,180.00,100 גרם,false,,15.90,8.8333,true,1,100846
7290015858151,false,ממרח שום עללחם 180 ג,מדשא,IL,ממרח שום עללחם 180 ג,גרמים,180.00,100 גרם,false,,15.90,8.8333,true,1,109587
7290015858175,false,ממרח פלפלים קלויים ע,מדשא,IL,ממרח פלפלים קלויים ע,גרמים,180.00,100 גרם,false,,15.90,8.8333,true,1,105320
7290015858229,false,טפנד זיתי קלמטה עללח,מדשא,IL,טפנד זיתי קלמטה עללח,גרמים,180.00,100 גרם,false,,15.90,8.8333,true,1,94068
7290015858441,false,איולי פלפלים עללחם ל,עלית,IL,איולי פלפלים עללחם ל,גרמים,295.00,100 גרם,false,,12.90,4.3729,true,1,109913
7290015858687,false,איולי שום עללחם לחיץ,עלית,IL,איולי שום עללחם לחיץ,גרמים,295.00,100 גרם,false,,12.90,4.3729,true,1,109914
7290015865821,false,ממרח אגוזי לוז וקקאו,ענבי ציון,IL,ממרח אגוזי לוז וקקאו,פריט,1.00,"ק""ג",false,,24.90,24.9000,true,1,107992
7290015865838,false,ממרח עוגיות קרמל ענב,ענבי ציון,IL,ממרח עוגיות קרמל ענב,פריט,1.00,"ק""ג",false,,24.90,24.9000,true,1,107993
7290015879705,false,קמח ללא גלוטן מולינו,DFS,IT,קמח ללא גלוטן מולינו,גרמים,500.00,100 גרם,false,,14.90,2.9800,true,1,99171
7290015879712,false,תערובת איטלקית לעוגו,DFS,IT,תערובת איטלקית לעוגו,גרמים,500.00,100 גרם,false,,14.90,2.9800,true,1,99703
7290015879729,false,"קמח ללא גלוטן ע""ב עמ",DFS,IT,"קמח ללא גלוטן ע""ב עמ",גרמים,500.00,100 גרם,false,,14.90,2.9800,true,1,99172
7290015951227,false,יין גמלא סירה,יקב רמת הגולן,IL,יין גמלא סירה,מיליליטרים,750.00,"100 מ""ל",false,,54.90,7.3200,true,1,100142
7290015988919,false,רוטב בטעם לימון משומ,,,רוטב בטעם לימון משומ,קילוגרמים,4.00,ליטר,false,,6.90,1.7250,true,1,86323
7290015988926,false,חומץ סינטטי  4 ליטר,,,חומץ סינטטי  4 ליטר,קילוגרמים,4.00,ליטר,false,,6.90,1.7250,true,1,86293
7290016006292,false,נקטר ספרינג מנגו בננ,יפאורה תבורי,IL,נקטר ספרינג מנגו בננ,קילוגרמים,1.00,ליטר,false,,5.60,5.6000,true,1,76367
7290016006346,false,מארז שוופס סודה 6*50,יפאורה תבורי,IL,מארז שוופס סודה 6*50,קילוגרמים,3.00,ליטר,false,,13.90,4.6333,true,1,77708
7290016083101,false,עוגיות בדלי שירה 400,מאפיית ישראל חיפה,IL,עוגיות בדלי שירה 400,גרמים,400.00,100 גרם,false,,11.50,2.8750,true,1,73621
7290016083125,false,עוגיות בדלי שירה 600,מאפיית ישראל חיפה,IL,עוגיות בדלי שירה 600,גרמים,600.00,100 גרם,false,,11.50,1.9167,true,1,73620
7290016083255,false,בצק עלים בון בייקרי,מאפיית ישראל חיפה,IL,בצק עלים בון בייקרי,פריט,1.50,"ק""ג",false,,16.90,11.2667,true,1,76536
7290016083323,false,עוגיות  מעמול תמרים,מאפיית ישראל חיפה,IL,עוגיות  מעמול תמרים,גרמים,500.00,100 גרם,false,,11.50,2.3000,true,1,97047
7290016083347,false,רולדה תמרים שקד 500,מאפיית ישראל חיפה,IL,רולדה תמרים שקד 500,גרמים,500.00,100 גרם,false,,11.50,2.3000,true,1,97049
7290016083378,false,עוגיות במילוי טעם שו,מאפיית ישראל חיפה,IL,עוגיות במילוי טעם שו,גרמים,500.00,100 גרם,false,,11.50,2.3000,true,1,97051
7290016096354,false,פתיתי טונה בשמן פילט,תעשיות פילטונה,IL,פתיתי טונה בשמן פילט,גרמים,632.00,100 גרם,false,,12.90,2.0411,true,1,76999
7290016096613,false,טונה בשמן פילטונה 6*,תעשיות פילטונה,IL,טונה בשמן פילטונה 6*,גרמים,840.00,100 גרם,false,,27.90,3.3214,true,1,86631
7290016096637,false,טונה בשמן קנולה פילט,תעשיות פילטונה,IL,טונה בשמן קנולה פילט,גרמים,840.00,100 גרם,false,,27.90,3.3214,true,1,86630
7290016096651,false,טונה במים פילטונה 6*,תעשיות פילטונה,IL,טונה במים פילטונה 6*,גרמים,840.00,100 גרם,false,,27.90,3.3214,true,1,86632
7290016096811,false,ממרח טונה פילטונה 4*,תעשיות פילטונה,IL,ממרח טונה פילטונה 4*,גרמים,640.00,100 גרם,false,,19.90,3.1094,true,1,98085
7290016096934,false,סלט טונה פילטונה 2*1,פילטונה,IL,סלט טונה פילטונה 2*1,גרמים,320.00,100 גרם,false,,11.90,3.7188,true,1,102288
7290016102215,false,נריות 4 שעות שמאי 72,,CN,נריות 4 שעות שמאי 72,Unknown,0.00,יחידה,false,,19.90,0.0000,true,1,109850
7290016102222,false,נריות 6 שעות שמאי 66,,CN,נריות 6 שעות שמאי 66,Unknown,0.00,יחידה,false,,24.90,0.0000,true,1,109851
7290016106213,false,שוקולד טעמן מריר שבר,אלבה שוקולד,,שוקולד טעמן מריר שבר,גרמים,100.00,100 גרם,false,,7.90,7.9000,true,1,75898
7290016106411,false,פרוסות מנגו טעמן 425,לונגהי גואנגפה פוד ב,,פרוסות מנגו טעמן 425,גרמים,425.00,100 גרם,false,,6.90,1.6235,true,1,83215
7290016106657,false,טונה בשמן טעמן 4*140,דיאמוד פוד פרודקט סי,IL,טונה בשמן טעמן 4*140,גרמים,560.00,100 גרם,false,,18.90,3.3750,true,1,105517
7290016106664,false,טונה במים טעמן 4*140,דיאמוד פוד פרודקט סי,IL,טונה במים טעמן 4*140,גרמים,560.00,100 גרם,false,,18.90,3.3750,true,1,105518
7290016106855,false,תירס גמדי טעמן 410 ג,מולטיפל פודס סי או,TH,תירס גמדי טעמן 410 ג,גרמים,410.00,100 גרם,false,,4.90,1.1951,true,1,94578
7290016114300,false,נייר טואלט כפול לילי,חוגלה קימברלי,IL,נייר טואלט כפול לילי,מטרים,588.00,מטר,false,,32.90,0.0560,true,1,79622
7290016136869,false,משחת אקווה פרש עדינה,גלקסוס סמית קליין,GB,משחת אקווה פרש עדינה,מיליליטרים,600.00,"100 מ""ל",false,,19.90,3.3167,true,1,105759
7290016144000,false,קמח חיטה מלאה 80% נפ,קמח מלכים,IL,קמח חיטה מלאה 80% נפ,פריט,1.00,"ק""ג",false,,8.90,8.9000,true,1,90867
7290016144017,false,קמח חיטה מלאה 100% נ,קמח מלכים,IL,קמח חיטה מלאה 100% נ,פריט,1.00,"ק""ג",false,,8.90,8.9000,true,1,90868
7290016144024,false,קמח כוסמין 100% נפלא,קמח מלכים,IL,קמח כוסמין 100% נפלא,פריט,1.00,"ק""ג",false,,14.90,14.9000,true,1,90870
7290016144031,false,קמח לבן מנופה נפלאות,קמח מלכים,IL,קמח לבן מנופה נפלאות,פריט,1.00,"ק""ג",false,,5.90,5.9000,true,1,90872
7290016144048,false,קמח כוסמין לבן נפלאו,קמח מלכים,IL,קמח כוסמין לבן נפלאו,פריט,1.00,"ק""ג",false,,16.90,16.9000,true,1,90871
7290016144055,false,קמח כוסמין 80% נפלאו,קמח מלכים,IL,קמח כוסמין 80% נפלאו,פריט,1.00,"ק""ג",false,,14.90,14.9000,true,1,90869
7290016144062,false,קמח שיפון מלא נפלאות,קמח מלכים,IL,קמח שיפון מלא נפלאות,פריט,1.00,"ק""ג",false,,8.90,8.9000,true,1,105876
7290016144079,false,קמח חיטה כפרי נפלאות,קמח מלכים,IL,קמח חיטה כפרי נפלאות,פריט,1.00,"ק""ג",false,,8.90,8.9000,true,1,105877
7290016144086,false,"קמח חלה נפלאות 1 ק""ג",קמח מלכים,IL,"קמח חלה נפלאות 1 ק""ג",פריט,1.00,"ק""ג",false,,6.90,6.9000,true,1,105878
7290016144093,false,"קמח לחם נפלאות 1 ק""ג",קמח מלכים,IL,"קמח לחם נפלאות 1 ק""ג",פריט,1.00,"ק""ג",false,,6.90,6.9000,true,1,105879
7290016144109,false,"קמח פיצה נפלאות 1 ק""",קמח מלכים,IL,"קמח פיצה נפלאות 1 ק""",פריט,1.00,"ק""ג",false,,14.90,14.9000,true,1,105880
7290016144116,false,"קמח תופח נפלאות 1 ק""",קמח מלכים,IL,"קמח תופח נפלאות 1 ק""",פריט,1.00,"ק""ג",false,,8.90,8.9000,true,1,105881
7290016162219,false,כדורי שוקולד קפולסקי,קפולסקי אדל בעמ,IL,כדורי שוקולד קפולסקי,גרמים,280.00,100 גרם,false,,29.90,10.6786,true,1,81395
7290016162264,false,עוגת גבינה אפויה קפו,קפולסקי אדל בעמ,IL,עוגת גבינה אפויה קפו,גרמים,450.00,100 גרם,false,,35.90,7.9778,true,1,81392
7290016188585,false,למברוסקו רוזה חצי יב,יקב גאקובזי,,למברוסקו רוזה חצי יב,מיליליטרים,750.00,"100 מ""ל",false,,23.90,3.1867,true,1,74818
7290016188592,false,למברוסקו אדום חצי יב,יקב גאקובזי,,למברוסקו אדום חצי יב,מיליליטרים,750.00,"100 מ""ל",false,,23.90,3.1867,true,1,74817
7290016197495,false,מטליות רצפה מיקרופיי,חוגלה קימברלי,IL,מטליות רצפה מיקרופיי,Unknown,0.00,יחידה,false,,14.90,0.0000,true,1,77709
7290016217643,false,חמוצים סיניים אסלי 4,סלטי שמיר 2006 בעמ,IL,חמוצים סיניים אסלי 4,גרמים,400.00,100 גרם,false,,10.90,2.7250,true,1,76373
7290016246445,false,טחינה מעודנת משומשום,אסם,IL,טחינה מעודנת משומשום,גרמים,310.00,100 גרם,false,,10.50,3.3871,true,1,105406
7290016255188,false,מטהר מגיק ירוק 350 מ,סאסאטק,IL,מטהר מגיק ירוק 350 מ,מיליליטרים,350.00,"100 מ""ל",false,,6.90,1.9714,true,1,77446
7290016255195,false,מטהר מגיק ורוד 350 מ,סאסאטק,IL,מטהר מגיק ורוד 350 מ,מיליליטרים,350.00,"100 מ""ל",false,,6.90,1.9714,true,1,77447
7290016255201,false,מטהר מגיק סגול 350 מ,סאסאטק,IL,מטהר מגיק סגול 350 מ,מיליליטרים,350.00,"100 מ""ל",false,,6.90,1.9714,true,1,77448
7290016276534,false,שמן קוקוס שקדיה 500,שקדיה,IL,שמן קוקוס שקדיה 500,גרמים,500.00,100 גרם,false,,29.90,5.9800,true,1,83458
7290016276763,false,מעדן שזיף שקדיה 284,שקדיה,IL,מעדן שזיף שקדיה 284,גרמים,284.00,100 גרם,false,,9.90,3.4859,true,1,78557
7290016276787,false,מעדן אננס שקדיה 284,שקדיה,IL,מעדן אננס שקדיה 284,גרמים,284.00,100 גרם,false,,9.90,3.4859,true,1,78554
7290016276800,false,מעדן תפוע שקדיה 284,שקדיה,IL,מעדן תפוע שקדיה 284,גרמים,284.00,100 גרם,false,,9.90,3.4859,true,1,78556
7290016276831,false,תבשיל אטריות בטעם בק,טיאן הונג,TH,תבשיל אטריות בטעם בק,גרמים,70.00,100 גרם,false,,4.90,7.0000,true,1,79046
7290016276848,false,תבשיל אטריות בטעם עו,טיאן הונג,TH,תבשיל אטריות בטעם עו,גרמים,70.00,100 גרם,false,,4.90,7.0000,true,1,79044
7290016313055,false,קוגל אטריות משולשים,תכלית מזון,IL,קוגל אטריות משולשים,גרמים,450.00,100 גרם,false,,12.90,2.8667,true,1,76652
7290016313406,false,ארבעס תכל'ס 200 גרם,תכלית מזון,IL,ארבעס תכל'ס 200 גרם,גרמים,200.00,100 גרם,false,,7.90,3.9500,true,1,99139
7290016334494,false,חסה יח,בוסתן עשבי תיבול,IL,חסה יח,Unknown,0.00,יחידה,false,,3.90,0.0000,true,1,83358
7290016334579,false,פטרוזיליה בוסתן,ברכת קטיף,IL,פטרוזיליה בוסתן,Unknown,0.00,יחידה,false,,3.90,0.0000,true,1,92737
7290016334586,false,כוסברה בוסתן,ברכת קטיף,IL,כוסברה בוסתן,Unknown,0.00,יחידה,false,,3.90,0.0000,true,1,92738
7290016334616,false,בצל ירוק בוסתן,ברכת קטיף,IL,בצל ירוק בוסתן,Unknown,0.00,יחידה,false,,5.90,0.0000,true,1,84958
7290016334999,false,בק צ'וי מהדרין,ברכת קטיף,IL,בק צ'וי מהדרין,Unknown,0.00,יחידה,false,,12.90,0.0000,true,1,105454
7290016370140,false,זית קלמטה בני דרום 8,בני דרום,IL,זית קלמטה בני דרום 8,גרמים,820.00,100 גרם,false,,12.90,1.5732,true,1,103708
7290016370188,false,תחתיות ארטישוק בני ד,בני דרום,IL,תחתיות ארטישוק בני ד,גרמים,430.00,100 גרם,false,,7.90,1.8372,true,1,105094
7290016370201,false,זית טבעות מושחרבני ד,בני דרום,IL,זית טבעות מושחרבני ד,גרמים,820.00,100 גרם,false,,10.90,1.3293,true,1,100707
7290016370232,false,תערובת ירקות כבושים,KOSAT,GR,תערובת ירקות כבושים,גרמים,560.00,100 גרם,false,,9.90,1.7679,true,1,99291
7290016370249,false,חריסה בני דרום 570 ג,בני דרום,IL,חריסה בני דרום 570 ג,גרמים,570.00,100 גרם,false,,3.90,0.6842,true,1,100708
7290016370331,false,פלפל קלוי על האש בני,KOSAT,GR,פלפל קלוי על האש בני,גרמים,540.00,100 גרם,false,,9.90,1.8333,true,1,98243
7290016370348,false,חציל קלוי על האש בני,KOSAT,GR,חציל קלוי על האש בני,גרמים,530.00,100 גרם,false,,9.90,1.8679,true,1,98244
7290016370355,false,פרוסות מלפפון במלח ב,בני דרום,IL,פרוסות מלפפון במלח ב,גרמים,560.00,100 גרם,false,,4.90,0.8750,true,1,96927
7290016372144,false,חליטת קינמון 40 שקיק,ויסוצקי,IL,חליטת קינמון 40 שקיק,גרמים,100.00,100 גרם,false,,21.90,21.9000,true,1,79643
7290016372151,false,חליטת קמומיל 40 שקיק,ויסוצקי,IL,חליטת קמומיל 40 שקיק,Unknown,0.00,יחידה,false,,21.90,0.0000,true,1,79642
7290016372168,false,חליטת לימונית לואיזה,ויסוצקי,IL,חליטת לימונית לואיזה,Unknown,0.00,יחידה,false,,21.90,0.0000,true,1,79644
7290016372397,false,תה ירוק תפוז גינגר ו,ויסוצקי,IL,תה ירוק תפוז גינגר ו,גרמים,150.00,100 גרם,false,,21.90,14.6000,true,1,83460
7290016372571,false,חליטת פירות יער 40 ש,ויסוצקי,IL,חליטת פירות יער 40 ש,גרמים,108.00,100 גרם,false,,21.90,20.2778,true,1,83487
7290016372588,false,חליטת לימונענע 40 שק,ויסוצקי,IL,חליטת לימונענע 40 שק,Unknown,0.00,יחידה,false,,21.90,0.0000,true,1,83488
7290016373691,false,מקלות חמוצים בטעם תפ,אלבן מזון תעשיות ומס,TR,מקלות חמוצים בטעם תפ,גרמים,20.00,100 גרם,false,,1.50,7.5000,true,1,92697
7290016373707,false,מקלות חמוצים בטעם אפ,אלבן מזון תעשיות ומס,TR,מקלות חמוצים בטעם אפ,גרמים,20.00,100 גרם,false,,1.50,7.5000,true,1,92698
7290016411164,false,פרחי כרובית מוקפאים,בסט מייסטר,IL,פרחי כרובית מוקפאים,גרמים,600.00,100 גרם,false,,29.90,4.9833,true,1,108776
7290016411188,false,פרחי ברוקולי מוקפאים,בסט מייסטר,IL,פרחי ברוקולי מוקפאים,גרמים,600.00,100 גרם,false,,29.90,4.9833,true,1,108777
7290016416961,false,עוגת מוס גבינה קפולס,קפולסקי אדל בעמ,IL,עוגת מוס גבינה קפולס,גרמים,400.00,100 גרם,false,,35.90,8.9750,true,1,81391
7290016437690,false,תחבושות קוטקס קווארט,חוגלה קימברלי,IL,תחבושות קוטקס קווארט,Unknown,0.00,יחידה,false,,34.90,0.0000,true,1,92961
7290016437713,false,תחבושות קוטקס קווארט,חוגלה קימברלי,IL,תחבושות קוטקס קווארט,Unknown,0.00,יחידה,false,,34.90,0.0000,true,1,92962
7290016437720,false,תחבושות קוטקס קווארט,חוגלה קימברלי,IL,תחבושות קוטקס קווארט,Unknown,0.00,יחידה,false,,34.90,0.0000,true,1,92963
7290016437737,false,תחבושות קוטקס קווארט,חוגלה קימברלי,IL,תחבושות קוטקס קווארט,Unknown,0.00,יחידה,false,,34.90,0.0000,true,1,92964
7290016492118,false,פפריקה מעושנת פרג 12,תבליני הדור השלישי,IL,פפריקה מעושנת פרג 12,גרמים,120.00,100 גרם,false,,15.90,13.2500,true,1,88046
7290016492125,false,תבלין פילדלפיה פרג 1,תבליני הדור השלישי,IL,תבלין פילדלפיה פרג 1,גרמים,120.00,100 גרם,false,,15.90,13.2500,true,1,88045
7290016492132,false,תבלין טוסקנה פרג 160,תבליני הדור השלישי,IL,תבלין טוסקנה פרג 160,גרמים,160.00,100 גרם,false,,15.90,9.9375,true,1,88044
7290016509786,false,גל פרסיל 2.5 ליטר,הנקל סוד,IL,גל פרסיל 2.5 ליטר,קילוגרמים,2.50,ליטר,false,,24.90,9.9600,true,1,110128
7290016509809,false,גל פרסיל קולור 2.5 ל,הנקל סוד,IL,גל פרסיל קולור 2.5 ל,קילוגרמים,2.50,ליטר,false,,24.90,9.9600,true,1,110129
7290016509816,false,גל פרסיל קולור 4 ליט,הנקל סוד,IL,גל פרסיל קולור 4 ליט,קילוגרמים,4.00,ליטר,false,,39.90,9.9750,true,1,86984
7290016509847,false,גל פרסיל בלאק 2.5 לי,הנקל סוד,IL,גל פרסיל בלאק 2.5 לי,קילוגרמים,2.50,ליטר,false,,24.90,9.9600,true,1,94102
7290016682328,false,מיץ תפוזים פריניב 2,פריניב,IL,מיץ תפוזים פריניב 2,קילוגרמים,2.00,ליטר,false,,17.90,8.9500,true,1,104769
7290016682342,false,מיץ תפוזים ולנסיה פר,פריניב,IL,מיץ תפוזים ולנסיה פר,קילוגרמים,2.00,ליטר,false,,25.20,12.6000,true,1,104770
7290016682359,false,מיץ תפוזים שמוטי פרי,פריניב,IL,מיץ תפוזים שמוטי פרי,קילוגרמים,2.00,ליטר,false,,25.20,12.6000,true,1,104771
7290016682366,false,מיץ תפוחים פריניב 2,פריניב,IL,מיץ תפוחים פריניב 2,קילוגרמים,2.00,ליטר,false,,18.90,9.4500,true,1,104772
7290016682373,false,מיץ לימונדה בלדי פרי,פריניב,IL,מיץ לימונדה בלדי פרי,קילוגרמים,2.00,ליטר,false,,18.90,9.4500,true,1,104773
7290016682380,false,מיץ לימונדה לואיזה פ,פריניב,IL,מיץ לימונדה לואיזה פ,קילוגרמים,2.00,ליטר,false,,18.90,9.4500,true,1,104774
7290016682397,false,נקטר חמוציות פריניב,פריניב,IL,נקטר חמוציות פריניב,קילוגרמים,2.00,ליטר,false,,14.90,7.4500,true,1,104775
7290016717044,false,יין באז מנגו מבעבע,יקבי כרמל,IL,יין באז מנגו מבעבע,מיליליטרים,750.00,"100 מ""ל",false,,26.90,3.5867,true,1,89410
7290016717051,false,יין באז רימון מבעבע,יקבי כרמל,IL,יין באז רימון מבעבע,מיליליטרים,750.00,"100 מ""ל",false,,26.90,3.5867,true,1,97645
7290016717099,false,יין סלקטד אדום חצי י,יקבי כרמל,IL,יין סלקטד אדום חצי י,מיליליטרים,750.00,"100 מ""ל",false,,28.90,3.8533,true,1,108579
7290016717617,false,מיץ ענבים תירוש אדום,יקבי כרמל,IL,מיץ ענבים תירוש אדום,קילוגרמים,1.20,ליטר,false,,19.90,16.5833,true,1,82482
7290016717631,false,יין פ. קולקשיין לבן,יקבי כרמל,IL,יין פ. קולקשיין לבן,מיליליטרים,750.00,"100 מ""ל",false,,32.90,4.3867,true,1,86485
7290016717976,false,יין באז ספארקלינג אפ,יקבי כרמל,IL,יין באז ספארקלינג אפ,מיליליטרים,750.00,"100 מ""ל",false,,26.90,3.5867,true,1,97646
7290016823004,false,בזיליקום יח,מרינה,IL,בזיליקום יח,Unknown,0.00,יחידה,false,,4.50,0.0000,true,1,81484
7290016823028,false,עירית יח,מרינה,IL,עירית יח,Unknown,0.00,יחידה,false,,3.90,0.0000,true,1,81486
7290016823059,false,טימין יח,מרינה,IL,טימין יח,Unknown,0.00,יחידה,false,,5.90,0.0000,true,1,81488
7290016823066,false,רוזמרין יח,מרינה,IL,רוזמרין יח,Unknown,0.00,יחידה,false,,4.50,0.0000,true,1,81489
7290016823257,false,חסה סלנובה מהדרין,מרינה,IL,חסה סלנובה מהדרין,Unknown,0.00,יחידה,false,,11.90,0.0000,true,1,81544
7290016823523,false,צנונית ארוזה 500 גרם,מרינה,IL,צנונית ארוזה 500 גרם,גרמים,500.00,100 גרם,false,,5.90,1.1800,true,1,84109
7290016867008,false,לחם מחמצת כוסמין דר,המאפה של דר מרק,IL,לחם מחמצת כוסמין דר,גרמים,750.00,100 גרם,false,,17.90,2.3867,true,1,86832
7290016867039,false,פיתות קלות כוסמין בת,המאפה של דר מרק בריא,IL,פיתות קלות כוסמין בת,גרמים,330.00,100 גרם,false,,14.90,4.5152,true,1,101881
7290016867046,false,פיתות קלות כוסמין במ,המאפה של דר מרק בריא,IL,פיתות קלות כוסמין במ,גרמים,330.00,100 גרם,false,,14.90,4.5152,true,1,101882
7290016867053,false,לחם כוסמין בתוספת מח,המאפה של דר מרק בריא,IL,לחם כוסמין בתוספת מח,גרמים,400.00,100 גרם,false,,18.90,4.7250,true,1,101880
7290016867114,false,לחם כוסמין קל דר מרק,המאפה של דר מרק בריא,IL,לחם כוסמין קל דר מרק,גרמים,500.00,100 גרם,false,,17.90,3.5800,true,1,98271
7290016867152,false,פיתות קלות כוסמין דר,המאפה של דר מרק בריא,IL,פיתות קלות כוסמין דר,גרמים,330.00,100 גרם,false,,13.90,4.2121,true,1,83399
7290016867176,false,לחמניות קלות כוסמין,המאפה של דר מרק,IL,לחמניות קלות כוסמין,גרמים,351.00,100 גרם,false,,13.90,3.9601,true,1,88152
7290016867237,false,לחם כוסמין קל במתיקו,המאפה של דר מרק בריא,IL,לחם כוסמין קל במתיקו,גרמים,400.00,100 גרם,false,,18.90,4.7250,true,1,99754
7290016867244,false,לחמניות מחמצת כוסמין,המאפה של דר מרק בריא,IL,לחמניות מחמצת כוסמין,גרמים,321.00,100 גרם,false,,14.90,4.6417,true,1,96684
7290016882414,false,קונפיטורה שזיפים 70%,שקדיה,IL,קונפיטורה שזיפים 70%,גרמים,450.00,100 גרם,false,,11.90,2.6444,true,1,81895
7290016882544,false,זרעי פשתן 300 גרם,דין שיווק,IL,זרעי פשתן 300 גרם,גרמים,300.00,100 גרם,false,,4.90,1.6333,true,1,98355
7290016883091,false,חרדל דיזון שקדיה 350,,FR,חרדל דיזון שקדיה 350,גרמים,350.00,100 גרם,false,,7.90,2.2571,true,1,83482
7290016883107,false,חרדל עם גרגירים שקדי,,FR,חרדל עם גרגירים שקדי,גרמים,350.00,100 גרם,false,,7.90,2.2571,true,1,83481
7290016883176,false,"מוזלי ע""ב פתיתי שוקו",,MK,"מוזלי ע""ב פתיתי שוקו",פריט,1.00,"ק""ג",false,,19.90,19.9000,true,1,83611
7290016967074,false,לחם חיטה מלאה ודגנים,מאפית אנגל,IL,לחם חיטה מלאה ודגנים,גרמים,750.00,100 גרם,false,,16.90,2.2533,true,1,88375
7290016967456,false,לחם מחמצת כוסמין אנג,מאפית אנגל,IL,לחם מחמצת כוסמין אנג,גרמים,600.00,100 גרם,false,,17.90,2.9833,true,1,88357
7290016980103,false,בטטה בייבי,אראל תוצרת חקלאית בע,IL,בטטה בייבי,Unknown,0.00,יחידה,false,,6.90,0.0000,true,1,82411
7290017023212,false,מארז שוופס מוגז תפוח,יפאורה תבורי,IL,מארז שוופס מוגז תפוח,קילוגרמים,1.32,ליטר,false,,11.90,9.0152,true,1,85916
7290017023229,false,מארז שוופס תות ליים,יפאורה תבורי,IL,מארז שוופס תות ליים,קילוגרמים,1.32,ליטר,false,,11.90,9.0152,true,1,85918
7290017023236,false,מארז שוופס מוגז ענבי,יפאורה תבורי,IL,מארז שוופס מוגז ענבי,קילוגרמים,1.32,ליטר,false,,11.90,9.0152,true,1,85917
7290017023663,false,מארז שוופס מוגז פירו,יפאורה תבורי,IL,מארז שוופס מוגז פירו,קילוגרמים,1.32,ליטר,false,,11.90,9.0152,true,1,87322
7290017023809,false,מארז ספרינג אגס סברס,יפאורה תבורי,IL,מארז ספרינג אגס סברס,קילוגרמים,1.00,ליטר,false,,10.90,10.9000,true,1,92741
7290017023816,false,מארז ספרינג פירות טר,יפאורה תבורי,IL,מארז ספרינג פירות טר,קילוגרמים,1.00,ליטר,false,,10.90,10.9000,true,1,92742
7290017023823,false,מארז ספרינג תות בננה,יפאורה תבורי,IL,מארז ספרינג תות בננה,קילוגרמים,1.00,ליטר,false,,10.90,10.9000,true,1,92743
7290017023854,false,מארז שוופס סודה 4*25,יפאורה תבורי,IL,מארז שוופס סודה 4*25,קילוגרמים,1.00,ליטר,false,,9.90,9.9000,true,1,89425
7290017023861,false,מארז שוופס סודה לימו,יפאורה תבורי,IL,מארז שוופס סודה לימו,קילוגרמים,1.00,ליטר,false,,9.90,9.9000,true,1,89427
7290017023878,false,מארז שוופס סודה נענע,יפאורה תבורי,IL,מארז שוופס סודה נענע,קילוגרמים,1.00,ליטר,false,,9.90,9.9000,true,1,89426
7290017062686,false,מרכך מרוכז טאצ' בייב,סאסאטק,IL,מרכך מרוכז טאצ' בייב,קילוגרמים,1.00,ליטר,false,,9.90,9.9000,true,1,108763
7290017062693,false,מרכך מרוכז טאצ' לבן,סאסאטק,IL,מרכך מרוכז טאצ' לבן,קילוגרמים,1.00,ליטר,false,,9.90,9.9000,true,1,108764
7290017062716,false,מרכך מרוכז טאצ' ורוד,סאסאטק,IL,מרכך מרוכז טאצ' ורוד,קילוגרמים,1.00,ליטר,false,,9.90,9.9000,true,1,108766
7290017065007,false,גבינת מוצרלה פרוסות,מחלבות גד,IL,גבינת מוצרלה פרוסות,גרמים,200.00,100 גרם,false,,16.90,8.4500,true,1,81467
7290017065137,false,גבינת ריקוטה 5% גד 2,מחלבות גד,IL,גבינת ריקוטה 5% גד 2,גרמים,250.00,100 גרם,false,,7.90,3.1600,true,1,85098
7290017065144,false,גבינת ריקוטה בזיליקו,מחלבות גד,IL,גבינת ריקוטה בזיליקו,גרמים,250.00,100 גרם,false,,7.90,3.1600,true,1,85099
7290017065168,false,גבינה כחולה 30% גד 1,st clemens,,גבינה כחולה 30% גד 1,גרמים,100.00,100 גרם,false,,15.90,15.9000,true,1,86129
7290017065212,false,קרם מסקרפונה 38% גד,מחלבות גד,IL,קרם מסקרפונה 38% גד,גרמים,250.00,100 גרם,false,,15.90,6.3600,true,1,96241
7290017065304,false,גבינת שמנת טבעי 30%,מחלבות גד,IL,גבינת שמנת טבעי 30%,גרמים,200.00,100 גרם,false,,9.90,4.9500,true,1,86130
7290017065526,false,גבינה קוואטרו פורמאג,מחלבות גד,IL,גבינה קוואטרו פורמאג,גרמים,300.00,100 גרם,false,,25.90,8.6333,true,1,102118
7290017065588,false,יוגורט יווני 10% גד,מחלבות גד,IL,יוגורט יווני 10% גד,גרמים,600.00,100 גרם,false,,14.90,2.4833,true,1,96378
7290017065618,false,גבינת פקורינו פרוס 3,מחלבות גד,ES,גבינת פקורינו פרוס 3,גרמים,150.00,100 גרם,false,,18.90,12.6000,true,1,96377
7290017065700,false,לאבנה 9% גד 500 גרם,מחלבות גד,IL,לאבנה 9% גד 500 גרם,גרמים,500.00,100 גרם,false,,19.90,3.9800,true,1,105736
7290017065762,false,גבינת מאנורי בסגנון,מחלבות גד,IL,גבינת מאנורי בסגנון,גרמים,100.00,100 גרם,false,,9.50,9.5000,true,1,107267
7290017065786,false,גבינת צ'דר גד 200 גר,מחלבות גד,IL,גבינת צ'דר גד 200 גר,גרמים,200.00,100 גרם,false,,17.90,8.9500,true,1,105096
7290017068206,false,צימוק לבן 350 גרם,מיה תעשיות מזון בעמ,IL,צימוק לבן 350 גרם,גרמים,350.00,100 גרם,false,,14.90,4.2571,true,1,95381
7290017068213,false,חמוציות חתוכות מיה 3,מיה תעשיות מזון בעמ,IL,חמוציות חתוכות מיה 3,גרמים,350.00,100 גרם,false,,14.90,4.2571,true,1,95382
7290017068237,false,שזיף מיובש ללא גלעין,מיה תעשיות מזון בעמ,IL,שזיף מיובש ללא גלעין,גרמים,350.00,100 גרם,false,,14.90,4.2571,true,1,95384
7290017068374,false,שמרים יבשים מיה 500,angle yeast co ltd,CN,שמרים יבשים מיה 500,גרמים,500.00,100 גרם,false,,9.90,1.9800,true,1,91029
7290017068534,false,אגוז טחון מיה 300 גר,מיה תעשיות מזון בעמ,IL,אגוז טחון מיה 300 גר,גרמים,300.00,100 גרם,false,,19.90,6.6333,true,1,90281
7290017068541,false,אגוזים גרוסים מיה 30,מיה תעשיות מזון בעמ,IL,אגוזים גרוסים מיה 30,גרמים,300.00,100 גרם,false,,19.90,6.6333,true,1,90280
7290017068558,false,שקדים טחונים מיה 300,מיה תעשיות מזון בעמ,IL,שקדים טחונים מיה 300,גרמים,300.00,100 גרם,false,,22.90,7.6333,true,1,90285
7290017068596,false,שקד מולבן פרוס מיה 3,מיה תעשיות מזון בעמ,IL,שקד מולבן פרוס מיה 3,גרמים,300.00,100 גרם,false,,24.90,8.3000,true,1,90307
7290017068602,false,שקד מולבן שבבים מיה,מיה תעשיות מזון בעמ,IL,שקד מולבן שבבים מיה,גרמים,300.00,100 גרם,false,,24.90,8.3000,true,1,90316
7290017068626,false,אגוז פקאן טבעי מיה 2,מיה תעשיות מזון בעמ,IL,אגוז פקאן טבעי מיה 2,גרמים,200.00,100 גרם,false,,22.90,11.4500,true,1,90310
7290017068633,false,שקד טבעי מיה 300 גרם,מיה תעשיות מזון בעמ,IL,שקד טבעי מיה 300 גרם,גרמים,300.00,100 גרם,false,,22.90,7.6333,true,1,90284
7290017068640,false,אגוז מלך טבעי מיה 20,מיה תעשיות מזון בעמ,IL,אגוז מלך טבעי מיה 20,גרמים,200.00,100 גרם,false,,14.90,7.4500,true,1,90308
7290017068657,false,פקאן סיני מיה 200 גר,מיה תעשיות מזון בעמ,IL,פקאן סיני מיה 200 גר,גרמים,200.00,100 גרם,false,,22.90,11.4500,true,1,90311
7290017068664,false,גרעין חמניה קלוף מיה,מיה תעשיות מזון בעמ,IL,גרעין חמניה קלוף מיה,גרמים,200.00,100 גרם,false,,6.90,3.4500,true,1,90309
7290017068671,false,צנובר מיה 150 גרם,מיה תעשיות מזון בעמ,IL,צנובר מיה 150 גרם,גרמים,150.00,100 גרם,false,,32.90,21.9333,true,1,90314
7290017068688,false,גרעין דלעת קלוף מיה,מיה תעשיות מזון בעמ,IL,גרעין דלעת קלוף מיה,גרמים,150.00,100 גרם,false,,7.90,5.2667,true,1,90312
7290017068725,false,תערובת קטניות לחמין,מיה תעשיות מזון בעמ,IL,תערובת קטניות לחמין,פריט,1.40,"ק""ג",false,,19.90,14.2143,true,1,94050
7290017068770,false,אגוזי מלך טבעי מיה 4,מיה תעשיות מזון בעמ,IL,אגוזי מלך טבעי מיה 4,גרמים,400.00,100 גרם,false,,29.90,7.4750,true,1,95385
7290017068787,false,אגוזי מלך טחונים מיה,מיה תעשיות מזון בעמ,IL,אגוזי מלך טחונים מיה,גרמים,400.00,100 גרם,false,,29.90,7.4750,true,1,95380
7290017068794,false,שקדים טחונים מיה 400,מיה תעשיות מזון בעמ,IL,שקדים טחונים מיה 400,גרמים,400.00,100 גרם,false,,29.90,7.4750,true,1,95565
7290017068800,false,שקדים טבעי מיה 400 ג,מיה תעשיות מזון בעמ,IL,שקדים טבעי מיה 400 ג,גרמים,400.00,100 גרם,false,,29.90,7.4750,true,1,95566
7290017068886,false,סוכריות ג'לי דובונים,מיה תעשיות מזון בעמ,IL,סוכריות ג'לי דובונים,גרמים,350.00,100 גרם,false,,14.90,4.2571,true,1,97966
7290017068893,false,סוכריות ג'לי קולה שנ,מיה תעשיות מזון בעמ,IL,סוכריות ג'לי קולה שנ,גרמים,350.00,100 גרם,false,,14.90,4.2571,true,1,97967
7290017068909,false,סוכריות ג'לי לבבות ב,מיה תעשיות מזון בעמ,IL,סוכריות ג'לי לבבות ב,גרמים,350.00,100 גרם,false,,14.90,4.2571,true,1,97965
7290017068916,false,סוכריות ג'לי גלידה ש,מיה תעשיות מזון בעמ,IL,סוכריות ג'לי גלידה ש,גרמים,350.00,100 גרם,false,,14.90,4.2571,true,1,97968
7290017068923,false,סוכריות ג'לי בינס קר,מיה תעשיות מזון בעמ,IL,סוכריות ג'לי בינס קר,גרמים,375.00,100 גרם,false,,14.90,3.9733,true,1,97969
7290017068930,false,סוכריות ג'לי בינס חמ,מיה תעשיות מזון בעמ,IL,סוכריות ג'לי בינס חמ,גרמים,375.00,100 גרם,false,,14.90,3.9733,true,1,97970
7290017068954,false,אורז בסמטי סלקטד 1 ק,מיה תעשיות מזון בעמ,IL,אורז בסמטי סלקטד 1 ק,פריט,1.00,"ק""ג",false,,11.90,11.9000,true,1,99081
7290017068992,false,ערמונים קלופים מיה 1,טאנגשאלן היואן פוד,CN,ערמונים קלופים מיה 1,גרמים,100.00,100 גרם,false,,4.90,4.9000,true,1,100293
7290017079189,false,לפתן אננס חתוך דק טע,פ.ת גרייט פנאפל,ID,לפתן אננס חתוך דק טע,גרמים,825.00,100 גרם,false,,9.90,1.2000,true,1,97000
7290017079677,false,שוקולד חלב טעמן 270,מילאנו ספולקה זד,PL,שוקולד חלב טעמן 270,גרמים,270.00,100 גרם,false,,11.90,4.4074,true,1,100469
7290017079691,false,שוקולד חלב עם אגוזים,מילאנו ספולקה זד,PL,שוקולד חלב עם אגוזים,גרמים,270.00,100 גרם,false,,11.90,4.4074,true,1,100471
7290017079707,false,שוקולד מריר עם אגוזי,מילאנו ספולקה זד,PL,שוקולד מריר עם אגוזי,גרמים,270.00,100 גרם,false,,11.90,4.4074,true,1,100472
7290017079721,false,שוקולד טעמן חלב 5*10,מילאנו ספולקה זד,PL,שוקולד טעמן חלב 5*10,גרמים,500.00,100 גרם,false,,19.90,3.9800,true,1,107712
7290017079738,false,שוקולד טעמן מריר 5*1,מילאנו ספולקה זד,PL,שוקולד טעמן מריר 5*1,גרמים,500.00,100 גרם,false,,19.90,3.9800,true,1,107713
7290017079806,false,שוקולד טעמן חלב 100,אס.קיי ראיס אינטרנשי,PL,שוקולד טעמן חלב 100,גרמים,100.00,100 גרם,false,,4.90,4.9000,true,1,109196
7290017079813,false,שוקולד טעמן מריר 100,אס.קיי ראיס אינטרנשי,PL,שוקולד טעמן מריר 100,גרמים,100.00,100 גרם,false,,4.90,4.9000,true,1,108313
7290017084398,false,מאגדת בריבוע סוכריות,יוואו גאק פוד,CN,מאגדת בריבוע סוכריות,Unknown,0.00,יחידה,false,,9.90,0.0000,true,1,84663
7290017084572,false,מארז סוכריות טופי בט,יוואו גאק פוד,CN,מארז סוכריות טופי בט,גרמים,480.00,100 גרם,false,,19.90,4.1458,true,1,87422
7290017088426,false,מגבונים קשת עבים פרי,D.P.L,IL,מגבונים קשת עבים פרי,Unknown,0.00,יחידה,false,,19.90,0.0000,true,1,96654
7290017088495,false,תחבושות טופ פד אקסטר,D.P.L,IT,תחבושות טופ פד אקסטר,Unknown,0.00,יחידה,false,,8.90,0.0000,true,1,98888
7290017088501,false,תחבושות טופ פד אקסטר,D.P.L,IT,תחבושות טופ פד אקסטר,Unknown,0.00,יחידה,false,,8.90,0.0000,true,1,98889
7290017094830,false,סלט גזר פיקנטי אסלי,סלטי שמיר 2006 בעמ,IL,סלט גזר פיקנטי אסלי,גרמים,400.00,100 גרם,false,,10.90,2.7250,true,1,88607
7290017094847,false,סלט תפוא אסלי 400 גר,סלטי שמיר 2006 בעמ,IL,סלט תפוא אסלי 400 גר,גרמים,400.00,100 גרם,false,,10.90,2.7250,true,1,88606
7290017094854,false,סלט קולסלאו אסלי 400,סלטי שמיר 2006 בעמ,IL,סלט קולסלאו אסלי 400,גרמים,400.00,100 גרם,false,,10.90,2.7250,true,1,88608
7290017094861,false,סלט חומוס מסבחה אסלי,סלטי שמיר 2006 בעמ,IL,סלט חומוס מסבחה אסלי,גרמים,400.00,100 גרם,false,,10.90,2.7250,true,1,88605
7290017100395,false,כפפות לטקס עם אבקה מ,פאלאס,ID,כפפות לטקס עם אבקה מ,Unknown,0.00,יחידה,false,,16.90,0.0000,true,1,110119
7290017100401,false,כפפות לטקס עם אבקה פ,פאלאס,ID,כפפות לטקס עם אבקה פ,Unknown,0.00,יחידה,false,,16.90,0.0000,true,1,110131
7290017100418,false,כפפות לטקס עם אבקה מ,פאלאס,ID,כפפות לטקס עם אבקה מ,Unknown,0.00,יחידה,false,,16.90,0.0000,true,1,110120
7290017105369,false,סירופ יכין אייס תה ד,יכין,IL,סירופ יכין אייס תה ד,קילוגרמים,1.00,ליטר,false,,17.90,17.9000,true,1,91020
7290017105895,false,גרגירי חומוס להכנת ח,זנלכל,IL,גרגירי חומוס להכנת ח,גרמים,560.00,100 גרם,false,,9.90,1.7679,true,1,100740
7290017121048,false,פלפל צ'ומה עללחם 250,מדשא,IL,פלפל צ'ומה עללחם 250,גרמים,250.00,100 גרם,false,,12.90,5.1600,true,1,94069
7290017121086,false,אריסה מתוקה עללחם 25,מדשא,IL,אריסה מתוקה עללחם 25,גרמים,250.00,100 גרם,false,,12.90,5.1600,true,1,106593
7290017121093,false,אריסה חריפה עללחם 25,מדשא,IL,אריסה חריפה עללחם 25,גרמים,250.00,100 גרם,false,,12.90,5.1600,true,1,94070
7290017129778,false,שוקולד אגו מריר 70%,כרמית,IL,שוקולד אגו מריר 70%,גרמים,100.00,100 גרם,false,,7.80,7.8000,true,1,107700
7290017129839,false,שוקולד אגו מריר 70%,כרמית,IL,שוקולד אגו מריר 70%,גרמים,100.00,100 גרם,false,,7.80,7.8000,true,1,107701
7290017129884,false,שוקולד אגו מריר 5*85,,,שוקולד אגו מריר 5*85,גרמים,425.00,100 גרם,false,,14.90,3.5059,true,1,101104
7290017142166,false,פילה טונה בשמן זית ע,"יוניקורד ח.צ בע""מ",TH,פילה טונה בשמן זית ע,גרמים,120.00,100 גרם,false,,14.90,12.4167,true,1,92922
7290017142180,false,פילה טונה בשמן זית ו,"יוניקורד ח.צ בע""מ",TH,פילה טונה בשמן זית ו,גרמים,120.00,100 גרם,false,,14.90,12.4167,true,1,92921
7290017142203,false,פילה טונה בשמן זית מ,"יוניקורד ח.צ בע""מ",TH,פילה טונה בשמן זית מ,גרמים,120.00,100 גרם,false,,14.90,12.4167,true,1,92923
7290017266398,false,מארז גליליות עלמה למ,גילרו,IL,מארז גליליות עלמה למ,גרמים,150.00,100 גרם,false,,14.90,9.9333,true,1,109661
7290017266503,false,גלילי ופל ללא ת.סוכר,עלמה,IL,גלילי ופל ללא ת.סוכר,גרמים,100.00,100 גרם,false,,5.70,5.7000,true,1,108380
7290017266596,false,גביעי גלידה מגולגלים,עלמה,IL,גביעי גלידה מגולגלים,גרמים,308.00,100 גרם,false,,17.90,5.8117,true,1,96187
7290017266893,false,גליליות ופל במילוי ק,עלמה,IL,גליליות ופל במילוי ק,גרמים,500.00,100 גרם,false,,11.90,2.3800,true,1,105765
7290017266909,false,ופלים בטעם שוקולד עם,,IL,ופלים בטעם שוקולד עם,גרמים,200.00,100 גרם,false,,3.90,1.9500,true,1,109025
7290017266923,false,גביעי גלידה אמריקאים,עלמה,IL,גביעי גלידה אמריקאים,גרמים,240.00,100 גרם,false,,12.90,5.3750,true,1,108171
7290017275338,false,טחינה טורקיז 500 גרם,אחדות ביחר לטחינה חל,IL,טחינה טורקיז 500 גרם,גרמים,500.00,100 גרם,false,,9.90,1.9800,true,1,104340
7290017275345,false,טחינה אחוה לחיץ 350,אחדות ביחר לטחינה חל,IL,טחינה אחוה לחיץ 350,גרמים,350.00,100 גרם,false,,7.90,2.2571,true,1,105735
7290017275369,false,טחינה שומשום מלא טור,אחדות ביחר לטחינה חל,IL,טחינה שומשום מלא טור,גרמים,500.00,100 גרם,false,,9.90,1.9800,true,1,104341
7290017275413,false,מיני קצפיות בטעם וני,אחדות ביחר לטחינה חל,IL,מיני קצפיות בטעם וני,גרמים,140.00,100 גרם,false,,7.90,5.6429,true,1,105731
7290017275420,false,מיני קצפיות בטעם תות,אחדות ביחר לטחינה חל,IL,מיני קצפיות בטעם תות,גרמים,140.00,100 גרם,false,,7.90,5.6429,true,1,105732
7290017275437,false,מיני קצפיות בטעם פיר,אחדות ביחר לטחינה חל,IL,מיני קצפיות בטעם פיר,גרמים,140.00,100 גרם,false,,7.90,5.6429,true,1,105733
7290017275444,false,מיני קצפיות בטעם ענב,אחדות ביחר לטחינה חל,IL,מיני קצפיות בטעם ענב,גרמים,140.00,100 גרם,false,,7.90,5.6429,true,1,105734
7290017275482,false,סירופ אחוה בטעם ענבי,אחדות ביחר לטחינה חל,IL,סירופ אחוה בטעם ענבי,מיליליטרים,900.00,"100 מ""ל",false,,14.90,1.6556,true,1,105964
7290017275499,false,סירופ אחוה בטעם אננס,אחדות ביחר לטחינה חל,IL,סירופ אחוה בטעם אננס,מיליליטרים,900.00,"100 מ""ל",false,,14.90,1.6556,true,1,105965
7290017275505,false,סירופ אחוה בטעם פטל,אחדות ביחר לטחינה חל,IL,סירופ אחוה בטעם פטל,מיליליטרים,900.00,"100 מ""ל",false,,14.90,1.6556,true,1,105966
7290017285702,false,"סרקל קרם רוזמרין ד""ר",פישר מעבדות פרמצבטיו,IL,"סרקל קרם רוזמרין ד""ר",גרמים,325.00,100 גרם,false,,18.90,5.8154,true,1,93867
7290017285733,false,"מרכך סרקל ד""ר פישר 2",פישר מעבדות פרמצבטיו,IL,"מרכך סרקל ד""ר פישר 2",קילוגרמים,2.00,ליטר,false,,35.90,17.9500,true,1,93868
7290017285764,false,"שמפו סרקל ד""ר פישר 2",פישר מעבדות פרמצבטיו,IL,"שמפו סרקל ד""ר פישר 2",קילוגרמים,2.00,ליטר,false,,35.90,17.9500,true,1,93869
7290017289168,false,יין ישראלי אדום יבש,יקב טפרברג 1870 בעמ,IL,יין ישראלי אדום יבש,מיליליטרים,750.00,"100 מ""ל",false,,19.90,2.6533,true,1,89475
7290017289175,false,יין ישראלי פטיט סירה,יקב טפרברג 1870 בעמ,IL,יין ישראלי פטיט סירה,מיליליטרים,750.00,"100 מ""ל",false,,19.90,2.6533,true,1,89476
7290017289182,false,יין ישראלי לבן חצי י,יקב טפרברג 1870 בעמ,IL,יין ישראלי לבן חצי י,מיליליטרים,750.00,"100 מ""ל",false,,19.90,2.6533,true,1,89478
7290017289588,false,יין אינספייר בלנד לב,יקב טפרברג 1870 בעמ,IL,יין אינספייר בלנד לב,מיליליטרים,750.00,"100 מ""ל",false,,59.90,7.9867,true,1,97838
7290017289595,false,יין אינספייר בלנד אד,יקב טפרברג 1870 בעמ,IL,יין אינספייר בלנד אד,מיליליטרים,750.00,"100 מ""ל",false,,59.90,7.9867,true,1,97817
7290017289618,false,יין אימפרשן קברנה פט,יקב טפרברג 1870 בעמ,IL,יין אימפרשן קברנה פט,מיליליטרים,750.00,"100 מ""ל",false,,49.90,6.6533,true,1,97818
7290017303420,false,"בורקס תפו""א בון בייק",מאפיית אריאל,IL,"בורקס תפו""א בון בייק",פריט,1.40,"ק""ג",false,,16.90,12.0714,true,1,88594
7290017303437,false,בורקס גבינה בון בייק,מאפיית אריאל,IL,בורקס גבינה בון בייק,פריט,1.20,"ק""ג",false,,16.90,14.0833,true,1,88593
7290017304885,false,לחם שיפון וחיטה מלאה,מאפית אנגל,IL,לחם שיפון וחיטה מלאה,גרמים,750.00,100 גרם,false,,16.90,2.2533,true,1,92726
7290017339610,false,חלה בריוש 6 כדורים ה,המחמצת,IL,חלה בריוש 6 כדורים ה,גרמים,600.00,100 גרם,false,,15.90,2.6500,true,1,99030
7290017339627,false,חלת בריוש כתר המחמצת,המחמצת,IL,חלת בריוש כתר המחמצת,גרמים,550.00,100 גרם,false,,16.90,3.0727,true,1,99031
7290017396002,false,לחמניות כוסמין המחמצ,המחמצת,IL,לחמניות כוסמין המחמצ,גרמים,400.00,100 גרם,false,,16.90,4.2250,true,1,109402
7290017396033,false,בייגל רומני המחמצת 4,המחמצת,IL,בייגל רומני המחמצת 4,גרמים,450.00,100 גרם,false,,16.90,3.7556,true,1,106285
7290017396071,false,לחמניות המבורגר פרימ,המחמצת,IL,לחמניות המבורגר פרימ,גרמים,380.00,100 גרם,false,,15.90,4.1842,true,1,105154
7290017396132,false,לחם כוסמין חמניות תב,המחמצת,IL,לחם כוסמין חמניות תב,גרמים,560.00,100 גרם,false,,16.90,3.0179,true,1,98974
7290017396163,false,לחם שיפון 70% אובלי,המחמצת,IL,לחם שיפון 70% אובלי,גרמים,560.00,100 גרם,false,,15.90,2.8393,true,1,98975
7290017396170,false,לחם שאור איטלקי המחמ,המחמצת,IL,לחם שאור איטלקי המחמ,גרמים,560.00,100 גרם,false,,15.90,2.8393,true,1,98976
7290017396187,false,לחם קלמטה אובלי המחמ,המחמצת,IL,לחם קלמטה אובלי המחמ,גרמים,560.00,100 גרם,false,,16.90,3.0179,true,1,98977
7290017396194,false,לחם דגנים המחמצת 560,המחמצת,IL,לחם דגנים המחמצת 560,גרמים,560.00,100 גרם,false,,16.90,3.0179,true,1,103587
7290017396217,false,לחם דגנים אובלי המחמ,המחמצת,IL,לחם דגנים אובלי המחמ,גרמים,560.00,100 גרם,false,,15.90,2.8393,true,1,98978
7290017396224,false,לחם כוסמין אובלי המח,המחמצת,IL,לחם כוסמין אובלי המח,גרמים,560.00,100 גרם,false,,15.90,2.8393,true,1,98979
7290017396231,false,לחם בצל תבנית המחמצת,המחמצת,IL,לחם בצל תבנית המחמצת,גרמים,560.00,100 גרם,false,,16.90,3.0179,true,1,99687
7290017396248,false,לחמניות מיני המבורגר,המחמצת,IL,לחמניות מיני המבורגר,גרמים,400.00,100 גרם,false,,15.90,3.9750,true,1,105155
7290017396286,false,מיני בייגל ירושלמי 4,המחמצת,IL,מיני בייגל ירושלמי 4,גרמים,450.00,100 גרם,false,,16.90,3.7556,true,1,106286
7290017396293,false,לחם כפרי צרפתי אובלי,המחמצת,IL,לחם כפרי צרפתי אובלי,גרמים,560.00,100 גרם,false,,15.90,2.8393,true,1,98980
7290017396309,false,באגט שאור איטלקי המח,המחמצת,IL,באגט שאור איטלקי המח,גרמים,400.00,100 גרם,false,,9.90,2.4750,true,1,106524
7290017396316,false,לחם עגבניות אובלי המ,המחמצת,IL,לחם עגבניות אובלי המ,גרמים,560.00,100 גרם,false,,16.90,3.0179,true,1,98981
7290017396415,false,ג'בטה דגנים המחמצת 6,המחמצת,IL,ג'בטה דגנים המחמצת 6,גרמים,600.00,100 גרם,false,,15.90,2.6500,true,1,104479
7290017396439,false,ג'בטה לבן 600 גרם,המחמצת,IL,ג'בטה לבן 600 גרם,גרמים,360.00,100 גרם,false,,15.90,4.4167,true,1,104480
7290017396507,false,בייגל חיטה המחמצת 36,המחמצת,IL,בייגל חיטה המחמצת 36,גרמים,360.00,100 גרם,false,,15.90,4.4167,true,1,99800
7290017418469,false,קראש גליליות אגוזים,"לבס שוקולד בע""מ",IL,קראש גליליות אגוזים,גרמים,65.00,100 גרם,false,,3.90,6.0000,true,1,90154
7290017418476,false,קראש קוביות נוגט בצי,"לבס שוקולד בע""מ",IL,קראש קוביות נוגט בצי,גרמים,65.00,100 גרם,false,,3.90,6.0000,true,1,90156
7290017418483,false,קראש קורנפלקס בציפוי,"לבס שוקולד בע""מ",IL,קראש קורנפלקס בציפוי,גרמים,65.00,100 גרם,false,,3.90,6.0000,true,1,90155
7290017418490,false,קראש עוגיות חמאה בצי,"לבס שוקולד בע""מ",IL,קראש עוגיות חמאה בצי,גרמים,65.00,100 גרם,false,,3.90,6.0000,true,1,90159
7290017418551,false,קראש קרקר דג בציפוי,"לבס שוקולד בע""מ",IL,קראש קרקר דג בציפוי,גרמים,65.00,100 גרם,false,,3.90,6.0000,true,1,96148
7290017418605,false,קראש מיקס דגן / גליל,"לבס שוקולד בע""מ",IL,קראש מיקס דגן / גליל,גרמים,65.00,100 גרם,false,,3.90,6.0000,true,1,96150
7290017457598,false,מרכך סוד פריחת קיץ 9,הנקל סוד,IL,מרכך סוד פריחת קיץ 9,מיליליטרים,900.00,"100 מ""ל",false,,11.90,1.3222,true,1,93110
7290017457734,false,מרכך סוד + בישום ורו,הנקל סוד,IL,מרכך סוד + בישום ורו,מיליליטרים,900.00,"100 מ""ל",false,,11.90,1.3222,true,1,91066
7290017457871,false,גל סוד ווילד רוז 4,הנקל סוד,IL,גל סוד ווילד רוז 4,קילוגרמים,4.00,ליטר,false,,34.50,8.6250,true,1,96414
7290017457888,false,גל סוד פרש סקיי 4  ל,הנקל סוד,IL,גל סוד פרש סקיי 4  ל,קילוגרמים,4.00,ליטר,false,,34.50,8.6250,true,1,96415
7290017477169,false,קשיו 250 גרם,ששון,IL,קשיו 250 גרם,גרמים,250.00,100 גרם,false,,20.00,8.0000,true,1,86066
7290017496931,false,קבב פרימיום וול דאן,וול דאן,IL,קבב פרימיום וול דאן,גרמים,400.00,100 גרם,false,,34.90,8.7250,true,1,97387
7290017513393,false,תה ירוק סופר גרין 25,ויסוצקי,IL,תה ירוק סופר גרין 25,גרמים,38.00,100 גרם,false,,21.90,57.6316,true,1,93884
7290017513409,false,תה ירוק עם צמחים סגו,ויסוצקי,IL,תה ירוק עם צמחים סגו,גרמים,38.00,100 גרם,false,,21.90,57.6316,true,1,93885
7290017589374,false,יין לבן פרי ראן  שרד,יקבי ברקן,IL,יין לבן פרי ראן  שרד,מיליליטרים,750.00,"100 מ""ל",false,,59.90,7.9867,true,1,98112
7290017589633,false,יין רזרב גולד קברנה,יקבי ברקן,IL,יין רזרב גולד קברנה,מיליליטרים,750.00,"100 מ""ל",false,,34.90,4.6533,true,1,89976
7290017599250,false,ממתיק סוכרזית קלאסי,ביסקול בעמ,IL,ממתיק סוכרזית קלאסי,גרמים,120.00,100 גרם,false,,15.50,12.9167,true,1,108981
7290017599267,false,ממתיק סוכרלוז סוכרזי,ביסקול בעמ,IL,ממתיק סוכרלוז סוכרזי,גרמים,120.00,100 גרם,false,,24.50,20.4167,true,1,109016
7290017599274,false,ממתיק סוכרזית סטיווי,ביסקול בעמ,IL,ממתיק סוכרזית סטיווי,גרמים,120.00,100 גרם,false,,29.90,24.9167,true,1,108979
7290017599304,false,ממתיק סוכרזית סטיווי,ביסקול בעמ,IL,ממתיק סוכרזית סטיווי,גרמים,400.00,100 גרם,false,,33.90,8.4750,true,1,108980
7290017616025,false,שעועית ירוקה חתוכה ו,נ.ת.נ.ג.ב החזקות,BE,שעועית ירוקה חתוכה ו,גרמים,800.00,100 גרם,false,,6.50,0.8125,true,1,106625
7290017616032,false,שעועית צהובה חתוכה ו,נ.ת.נ.ג.ב החזקות,BE,שעועית צהובה חתוכה ו,גרמים,800.00,100 גרם,false,,6.50,0.8125,true,1,106626
7290017616421,false,סטייק טונה קפוא 500,,,סטייק טונה קפוא 500,גרמים,500.00,100 גרם,false,,24.90,4.9800,true,1,102884
7290017616490,false,פילה ברבוניה,,,פילה ברבוניה,Unknown,0.00,יחידה,false,,16.90,0.0000,true,1,109720
7290017616513,false,אפונה עדינה אינדירה,הוראפרוסט,BE,אפונה עדינה אינדירה,פריט,1.00,"ק""ג",false,,17.90,17.9000,true,1,101107
7290017616520,false,"במיה אינדירה 1 ק""ג",גרין האוס,EG,"במיה אינדירה 1 ק""ג",פריט,1.00,"ק""ג",false,,13.90,13.9000,true,1,100509
7290017616537,false,חומוס גרגירים אינדיר,הוראפרוסט,BE,חומוס גרגירים אינדיר,פריט,1.00,"ק""ג",false,,13.90,13.9000,true,1,102145
7290017616544,false,"תירס אינדירה 1 ק""ג",הוראפרוסט,BE,"תירס אינדירה 1 ק""ג",פריט,1.00,"ק""ג",false,,10.90,10.9000,true,1,101212
7290017616551,false,אפונה וגזר אינדירה 1,הוראפרוסט,BE,אפונה וגזר אינדירה 1,פריט,1.00,"ק""ג",false,,10.90,10.9000,true,1,101108
7290017616568,false,לקט העונה אינדירה 1,הוראפרוסט,BE,לקט העונה אינדירה 1,פריט,1.00,"ק""ג",false,,10.90,10.9000,true,1,101109
7290017616575,false,"פול אינדירה 1 ק""ג",ג'קסיאן הינגשינגפודס,CN,"פול אינדירה 1 ק""ג",פריט,1.00,"ק""ג",false,,13.90,13.9000,true,1,101213
7290017616629,false,שעועית ירוקה שלמה עד,הוראפרוסט,BE,שעועית ירוקה שלמה עד,פריט,1.00,"ק""ג",false,,17.90,17.9000,true,1,101110
7290017616650,false,לקט לקוסקוס אינדירה,הוראפרוסט,BE,לקט לקוסקוס אינדירה,פריט,1.00,"ק""ג",false,,10.90,10.9000,true,1,101111
7290017616667,false,שעועית לבנה אינדירה,הוראפרוסט,BE,שעועית לבנה אינדירה,פריט,1.00,"ק""ג",false,,13.90,13.9000,true,1,101196
7290017616674,false,גזר גמדי אינדירה 1 ק,הוראפרוסט,BE,גזר גמדי אינדירה 1 ק,פריט,1.00,"ק""ג",false,,9.90,9.9000,true,1,101112
7290017617046,false,טונה בשמן זית ס.ק. 4,דרדנל,TR,טונה בשמן זית ס.ק. 4,גרמים,560.00,100 גרם,false,,27.90,4.9821,true,1,94155
7290017617275,false,ממרח טונה ס.ק 3*160,סטארקיסט,IL,ממרח טונה ס.ק 3*160,גרמים,480.00,100 גרם,false,,14.90,3.1042,true,1,102703
7290017617282,false,טונה בשמן יונה 4*140,טונה וייטנאם קומפני,VN,טונה בשמן יונה 4*140,גרמים,560.00,100 גרם,false,,19.90,3.5536,true,1,109799
7290017641379,false,שוקולד אגו חלב 5*85,כרמית,,שוקולד אגו חלב 5*85,גרמים,425.00,100 גרם,false,,14.90,3.5059,true,1,100897
7290017641720,false,שוקולד אגו מריר 70%,כרמית,IL,שוקולד אגו מריר 70%,גרמים,100.00,100 גרם,false,,7.80,7.8000,true,1,107702
7290017641737,false,שוקולד אגו מריר 70%,כרמית,IL,שוקולד אגו מריר 70%,גרמים,100.00,100 גרם,false,,7.80,7.8000,true,1,107707
7290017648019,false,יין בית אל הריטאז' 2,יקב בית אל,IL,יין בית אל הריטאז' 2,מיליליטרים,750.00,"100 מ""ל",false,,119.90,15.9867,true,1,105529
7290017648064,false,יין בית אל בלנד 2017,יקב בית אל,IL,יין בית אל בלנד 2017,מיליליטרים,750.00,"100 מ""ל",false,,199.90,26.6533,true,1,105530
7290017696393,false,בורגר פטריות מן הצומ,מרינה פטריות,IL,בורגר פטריות מן הצומ,גרמים,520.00,100 גרם,false,,19.90,3.8269,true,1,98134
7290017696690,false,כוסברה מהדרין,יבולי הכפר,IL,כוסברה מהדרין,Unknown,0.00,יחידה,false,,6.90,0.0000,true,1,104214
7290017696706,false,פטרוזיליה מהדרין,,,פטרוזיליה מהדרין,Unknown,0.00,יחידה,false,,6.90,0.0000,true,1,104215
7290017696713,false,שמיר יח,מרינה,IL,שמיר יח,Unknown,0.00,יחידה,false,,6.90,0.0000,true,1,93618
7290017696720,false,נענע יח',מרינה,IL,נענע יח',Unknown,0.00,יחידה,false,,6.90,0.0000,true,1,93619
7290017712505,false,"מחית תפו""ע פרינוק 4*",HME,CZ,"מחית תפו""ע פרינוק 4*",גרמים,760.00,100 גרם,false,,16.90,2.2237,true,1,101962
7290017712512,false,"מחית תפו""ע ובננה פרי",HME,CZ,"מחית תפו""ע ובננה פרי",גרמים,760.00,100 גרם,false,,16.90,2.2237,true,1,101963
7290017712529,false,מחית סלט פירות פרינו,HME,CZ,מחית סלט פירות פרינו,גרמים,760.00,100 גרם,false,,16.90,2.2237,true,1,101964
7290017712536,false,מחית לפתן פירות פרינ,HME,CZ,מחית לפתן פירות פרינ,גרמים,760.00,100 גרם,false,,16.90,2.2237,true,1,101965
7290017812052,false,יין אקסלנס שיראז קבר,יקבי כרמל,IL,יין אקסלנס שיראז קבר,מיליליטרים,750.00,"100 מ""ל",false,,21.90,2.9200,true,1,89560
7290017812069,false,יין אקסלנס ריזלינג ש,יקבי כרמל,IL,יין אקסלנס ריזלינג ש,מיליליטרים,750.00,"100 מ""ל",false,,21.90,2.9200,true,1,89561
7290017812144,false,יין ישן נושן מתוק 63,יקבי כרמל,IL,יין ישן נושן מתוק 63,מיליליטרים,630.00,"100 מ""ל",false,,12.90,2.0476,true,1,89446
7290017812595,false,יין ישן נושן לייט 3.,יקבי כרמל,IL,יין ישן נושן לייט 3.,מיליליטרים,750.00,"100 מ""ל",false,,14.90,1.9867,true,1,101470
7290017812649,false,מיץ ענבים תירוש לבן,יקבי כרמל,IL,מיץ ענבים תירוש לבן,קילוגרמים,1.20,ליטר,false,,19.90,16.5833,true,1,94816
7290017812663,false,תירוש מבעבע לבן כרמל,יקבי כרמל,IL,תירוש מבעבע לבן כרמל,מיליליטרים,750.00,"100 מ""ל",false,,19.90,2.6533,true,1,100648
7290017812830,false,יין פ. קולקשיין רוזה,יקבי כרמל,IL,יין פ. קולקשיין רוזה,מיליליטרים,750.00,"100 מ""ל",false,,32.90,4.3867,true,1,100386
7290017812847,false,יין סלקטד פרנץ גוורצ,יקבי כרמל,IL,יין סלקטד פרנץ גוורצ,מיליליטרים,750.00,"100 מ""ל",false,,28.90,3.8533,true,1,100387
7290017812861,false,יין וינו לבן יבש,יקבי כרמל,IL,יין וינו לבן יבש,מיליליטרים,750.00,"100 מ""ל",false,,18.90,2.5200,true,1,100388
7290017864648,false,כוסברה בוסתן פרימיום,ברכת קטיף,IL,כוסברה בוסתן פרימיום,Unknown,0.00,יחידה,false,,5.90,0.0000,true,1,96919
7290017864655,false,פטרוזיליה בוסתן פרימ,ברכת קטיף,IL,פטרוזיליה בוסתן פרימ,Unknown,0.00,יחידה,false,,5.90,0.0000,true,1,96920
7290017864662,false,שמיר בוסתן פרימיום,ברכת קטיף,IL,שמיר בוסתן פרימיום,Unknown,0.00,יחידה,false,,5.90,0.0000,true,1,96916
7290017864679,false,נענע בוסתן פרימיום,ברכת קטיף,IL,נענע בוסתן פרימיום,Unknown,0.00,יחידה,false,,5.90,0.0000,true,1,96921
7290017864686,false,סלרי עלים בוסתן,ברכת קטיף,IL,סלרי עלים בוסתן,Unknown,0.00,יחידה,false,,5.90,0.0000,true,1,96911
7290017864709,false,עלי מנגולד,ברכת קטיף,IL,עלי מנגולד,Unknown,0.00,יחידה,false,,6.90,0.0000,true,1,96913
7290017864730,false,לבבות חסה פרימיום בו,ברכת קטיף,IL,לבבות חסה פרימיום בו,Unknown,0.00,יחידה,false,,12.90,0.0000,true,1,96943
7290017864754,false,בצל ירוק בוסתן,ברכת קטיף,IL,בצל ירוק בוסתן,Unknown,0.00,יחידה,false,,6.90,0.0000,true,1,96914
7290017871974,false,ג'לי תות שדה טוסו לל,אשבל,IL,ג'לי תות שדה טוסו לל,גרמים,25.00,100 גרם,false,,8.90,35.6000,true,1,105954
7290017872186,false,עוגיות פקאן טוסו 200,הגביע מוצרי ופלים,IL,עוגיות פקאן טוסו 200,גרמים,200.00,100 גרם,false,,13.90,6.9500,true,1,105947
7290017883045,false,קשקש ממתק חמוץ פירות,שנטו סוויט לייף,CN,קשקש ממתק חמוץ פירות,גרמים,160.00,100 גרם,false,,9.90,6.1875,true,1,103139
7290017883298,false,טופי ממולא 2 צבעים ל,תיאס גידה ג'י או אס,TR,טופי ממולא 2 צבעים ל,גרמים,200.00,100 גרם,false,,5.90,2.9500,true,1,103135
7290017883304,false,לקקנים בקופסא ליקלוק,תיאס גידה ג'י או אס,TR,לקקנים בקופסא ליקלוק,פריט,1.10,"ק""ג",false,,24.90,22.6364,true,1,103198
7290017883342,false,סוכריות קופצות בטעם,האלקס גידה,TR,סוכריות קופצות בטעם,גרמים,48.00,100 גרם,false,,9.90,20.6250,true,1,103136
7290017883359,false,סוכריות קופצות בטעם,האלקס גידה,TR,סוכריות קופצות בטעם,גרמים,48.00,100 גרם,false,,9.90,20.6250,true,1,103137
7290017883366,false,סוכריות קופצות בטעם,האלקס גידה,TR,סוכריות קופצות בטעם,גרמים,48.00,100 גרם,false,,9.90,20.6250,true,1,103138
7290017883410,false,סוכריות טופי בטעם פי,פי אנד מוזאקיס שוגאר,TW,סוכריות טופי בטעם פי,גרמים,540.00,100 גרם,false,,29.90,5.5370,true,1,104579
7290017883434,false,סוכריות טופי בטעם ענ,פי אנד מוזאקיס שוגאר,TW,סוכריות טופי בטעם ענ,גרמים,540.00,100 גרם,false,,29.90,5.5370,true,1,104581
7290017883441,false,סוכריות טופי בטעם דו,פי אנד מוזאקיס שוגאר,TW,סוכריות טופי בטעם דו,גרמים,540.00,100 גרם,false,,29.90,5.5370,true,1,104582
7290017884141,false,עוגיות מלוחות קצח שי,מאפיית ישראל חיפה,IL,עוגיות מלוחות קצח שי,גרמים,500.00,100 גרם,false,,11.50,2.3000,true,1,89584
7290017884158,false,עוגיות מלוחות שומשום,מאפיית ישראל חיפה,IL,עוגיות מלוחות שומשום,גרמים,500.00,100 גרם,false,,11.50,2.3000,true,1,89585
7290017884172,false,עוגיות מרוקאיות שירה,מאפיית ישראל חיפה,IL,עוגיות מרוקאיות שירה,גרמים,500.00,100 גרם,false,,11.50,2.3000,true,1,89589
7290017884189,false,כעכים מצופים שירה 50,מאפיית ישראל חיפה,IL,כעכים מצופים שירה 50,גרמים,500.00,100 גרם,false,,11.50,2.3000,true,1,94147
7290017884257,false,עוגיות כתר שירה 600,מאפיית ישראל חיפה,IL,עוגיות כתר שירה 600,גרמים,600.00,100 גרם,false,,11.50,1.9167,true,1,94286
7290017884264,false,עוגיות שוקוציפס שירה,מאפיית ישראל חיפה,IL,עוגיות שוקוציפס שירה,גרמים,600.00,100 גרם,false,,11.50,1.9167,true,1,89590
7290017884271,false,עוגיות שוקוציפס לבן,מאפיית ישראל חיפה,IL,עוגיות שוקוציפס לבן,גרמים,600.00,100 גרם,false,,11.50,1.9167,true,1,89591
7290017884318,false,עוגיות פרפר במילוי ב,מאפיית ישראל חיפה,IL,עוגיות פרפר במילוי ב,גרמים,500.00,100 גרם,false,,11.50,2.3000,true,1,94280
7290017884356,false,עוגיות כעכים מרוקאיו,מאפיית ישראל חיפה,IL,עוגיות כעכים מרוקאיו,גרמים,500.00,100 גרם,false,,11.50,2.3000,true,1,94568
7290017884370,false,עוגיות בטעם חלוה שיר,מאפיית ישראל חיפה,IL,עוגיות בטעם חלוה שיר,גרמים,500.00,100 גרם,false,,11.50,2.3000,true,1,89592
7290017884394,false,עוגיות בישקוטים מסוכ,מאפיית ישראל חיפה,IL,עוגיות בישקוטים מסוכ,גרמים,500.00,100 גרם,false,,11.50,2.3000,true,1,89593
7290017884417,false,עוגיות דניות בטעם חמ,מאפיית ישראל חיפה,IL,עוגיות דניות בטעם חמ,גרמים,500.00,100 גרם,false,,11.50,2.3000,true,1,89595
7290017888095,false,מארז שוופס פירות יער,יפאורה תבורי,IL,מארז שוופס פירות יער,קילוגרמים,1.32,ליטר,false,,11.90,9.0152,true,1,91206
7290017888101,false,מארז שוופס אפרסק 4*3,יפאורה תבורי,IL,מארז שוופס אפרסק 4*3,קילוגרמים,1.32,ליטר,false,,11.90,9.0152,true,1,91205
7290017890203,false,המבורגר פרימיום וול,וול דאן,IL,המבורגר פרימיום וול,גרמים,400.00,100 גרם,false,,34.90,8.7250,true,1,97388
7290017918723,false,סלק בוואקום 500 גרם,אראל תוצרת חקלאית בע,IL,סלק בוואקום 500 גרם,גרמים,500.00,100 גרם,false,,4.90,0.9800,true,1,99736
7290017918730,false,סלק אדום בוואקום 1 ק,אראל תוצרת חקלאית בע,IL,סלק אדום בוואקום 1 ק,פריט,1.00,"ק""ג",false,,9.90,9.9000,true,1,98768
7290017928234,false,גריסיני בייטס בצל מא,מאיר בייגל,IL,גריסיני בייטס בצל מא,גרמים,175.00,100 גרם,false,,7.90,4.5143,true,1,96814
7290017928296,false,שברי בייגלה בטעם דבש,סבימקס,BG,שברי בייגלה בטעם דבש,גרמים,300.00,100 גרם,false,,11.90,3.9667,true,1,108283
7290017928494,false,שברי בייגלה בטעם צ'ד,סבימקס,BG,שברי בייגלה בטעם צ'ד,גרמים,300.00,100 גרם,false,,11.90,3.9667,true,1,108282
7290017932057,false,תחתית אפויה לפאי 170,הנדריקס פוד,US,תחתית אפויה לפאי 170,גרמים,170.00,100 גרם,false,,6.90,4.0588,true,1,94906
7290017941073,false,סוכר לבן  אלומות 1 ק,,,סוכר לבן  אלומות 1 ק,פריט,1.00,"ק""ג",false,,3.90,3.9000,true,1,109865
7290017946375,false,כדוריות סוד לאסלה לי,הנקל סוד,IL,כדוריות סוד לאסלה לי,גרמים,150.00,100 גרם,false,,19.90,13.2667,true,1,99043
7290017946573,false,כדוריות סוד לאסלה פר,הנקל סוד,IL,כדוריות סוד לאסלה פר,גרמים,150.00,100 גרם,false,,19.90,13.2667,true,1,99044
7290017947105,false,לחם אנגל בסגנון אמרי,מאפית אנגל,IL,לחם אנגל בסגנון אמרי,גרמים,500.00,100 גרם,false,,12.90,2.5800,true,1,95037
7290017947457,false,חלה קלועה כוסמין אנג,מאפית אנגל,IL,חלה קלועה כוסמין אנג,גרמים,500.00,100 גרם,false,,16.90,3.3800,true,1,104005
7290017947464,false,פיתות כוסמין אנג'ל 8,מאפית אנגל,IL,פיתות כוסמין אנג'ל 8,גרמים,400.00,100 גרם,false,,15.90,3.9750,true,1,99001
7290017947495,false,לחמניות כוסמין אנגל,מאפית אנגל,IL,לחמניות כוסמין אנגל,גרמים,450.00,100 גרם,false,,15.90,3.5333,true,1,99696
7290017947891,false,לחם כוסמין וחיטה מלא,מאפית אנגל,IL,לחם כוסמין וחיטה מלא,גרמים,750.00,100 גרם,false,,16.90,2.2533,true,1,94965
7290017947921,false,לחמניות המבורגר אנגל,מאפית אנגל,IL,לחמניות המבורגר אנגל,גרמים,450.00,100 גרם,false,,11.90,2.6444,true,1,95246
7290017947938,false,לחמניות מיני המבורגר,מאפית אנגל,IL,לחמניות מיני המבורגר,גרמים,400.00,100 גרם,false,,14.90,3.7250,true,1,102306
7290017978215,false,קרמבו בטעם מוקה ריאו,"גלידות ריאו ביח""ר לג",IL,קרמבו בטעם מוקה ריאו,גרמים,480.00,100 גרם,false,,21.50,4.4792,true,1,98137
7290018045138,false,דגני בוקר קוקו פאבלס,פוסט לקיוויל,US,דגני בוקר קוקו פאבלס,גרמים,311.00,100 גרם,false,,19.90,6.3987,true,1,109243
7290018045336,false,דגני בוקר פרוטי פאבל,פוסט לקיוויל,US,דגני בוקר פרוטי פאבל,גרמים,311.00,100 גרם,false,,19.90,6.3987,true,1,109244
7290018045534,false,דגני בוקר בטעם פירות,פוסט לקיוויל,US,דגני בוקר בטעם פירות,גרמים,354.00,100 גרם,false,,19.90,5.6215,true,1,109246
7290018045732,false,דגני בוקר עם פירורי,פוסט לקיוויל,US,דגני בוקר עם פירורי,גרמים,311.00,100 גרם,false,,19.90,6.3987,true,1,109245
7290018091029,false,"מקלות פילו תפו""א מעד",מעדנות,IL,"מקלות פילו תפו""א מעד",גרמים,450.00,100 גרם,false,,14.90,3.3111,true,1,99321
7290018099025,false,פיתות כוסמין מאסטר פ,מאסטר פייתה,IL,פיתות כוסמין מאסטר פ,פריט,1.00,"ק""ג",false,,14.90,14.9000,true,1,108730
7290018108239,false,חסה לליק,מרינה,IL,חסה לליק,Unknown,0.00,יחידה,false,,12.90,0.0000,true,1,109825
7290018115039,false,אבוקדו מוכן לאכילה,אראל תוצרת חקלאית בע,IL,אבוקדו מוכן לאכילה,Unknown,0.00,יחידה,false,,5.90,0.0000,true,1,98505
7290018131855,false,טילוני אקסטרים בראונ,גלידות נסטלה,IL,טילוני אקסטרים בראונ,גרמים,432.00,100 גרם,false,,23.90,5.5324,true,1,102308
7290018131879,false,טילוני אקסטרים ריבת,גלידות נסטלה,IL,טילוני אקסטרים ריבת,גרמים,432.00,100 גרם,false,,23.90,5.5324,true,1,102307
7290018131954,false,שלגוני לה פרוטה תות,גלידות נסטלה,IL,שלגוני לה פרוטה תות,גרמים,350.00,100 גרם,false,,23.50,6.7143,true,1,101513
7290018165010,false,יין רזרב גולד גוורצט,יקבי ברקן,IL,יין רזרב גולד גוורצט,מיליליטרים,750.00,"100 מ""ל",false,,47.90,6.3867,true,1,110133
7290018165447,false,יין רזרב גולד מרלו,יקבי ברקן,IL,יין רזרב גולד מרלו,מיליליטרים,750.00,"100 מ""ל",false,,47.90,6.3867,true,1,110134
7290018165553,false,יין  אדום מתוק תרגימ,סרבטא,IL,יין  אדום מתוק תרגימ,מיליליטרים,750.00,"100 מ""ל",false,,119.90,15.9867,true,1,103916
7290018192658,false,פטריות צמד חמד איטלק,מרינה פטריות,IL,פטריות צמד חמד איטלק,Unknown,0.00,יחידה,false,,15.90,0.0000,true,1,97616
7290018192764,false,מיקס נבטים,מרינה,IL,מיקס נבטים,Unknown,0.00,יחידה,false,,13.90,0.0000,true,1,104698
7290018194393,false,ערק בראשית 40% 700 מ,משקאות ג'בלנא,IL,ערק בראשית 40% 700 מ,מיליליטרים,700.00,"100 מ""ל",false,,39.90,5.7000,true,1,102259
7290018195048,false,לפתן אננס חתוך טעמן,פ.ת גרייט פנאפל,TH,לפתן אננס חתוך טעמן,גרמים,850.00,100 גרם,false,,10.90,1.2824,true,1,107216
7290018195123,false,מארז סרדין בלימון טע,אינטרנשיונל קנינג קו,MA,מארז סרדין בלימון טע,גרמים,375.00,100 גרם,false,,9.90,2.6400,true,1,104302
7290018195130,false,מארז סרדין פלפל חריף,אינטרנשיונל קנינג קו,MA,מארז סרדין פלפל חריף,גרמים,375.00,100 גרם,false,,9.90,2.6400,true,1,104303
7290018195161,false,שוקולד טעמן חלב שברי,אס.קיי ראיס אינטרנשי,PL,שוקולד טעמן חלב שברי,גרמים,100.00,100 גרם,false,,4.90,4.9000,true,1,106913
7290018195895,false,חטיף ש.שועל עם שוקול,סנטה איי קוולסקי אס,PL,חטיף ש.שועל עם שוקול,גרמים,200.00,100 גרם,false,,12.90,6.4500,true,1,102820
7290018195901,false,חטיף ש.שועל ודבש קרא,סנטה איי קוולסקי אס,PL,חטיף ש.שועל ודבש קרא,גרמים,200.00,100 גרם,false,,12.90,6.4500,true,1,102821
7290018195918,false,חטיף ש.שועל דבש וקינ,סנטה איי קוולסקי אס,PL,חטיף ש.שועל דבש וקינ,גרמים,200.00,100 גרם,false,,12.90,6.4500,true,1,102822
7290018208014,false,תמר מגהול פרימיום 1,אראל תוצרת חקלאית בע,IL,תמר מגהול פרימיום 1,פריט,1.00,"ק""ג",false,,24.90,24.9000,true,1,93587
7290018208021,false,"תמר מגהול ענק 2 ק""ג",אראל תוצרת חקלאית בע,IL,"תמר מגהול ענק 2 ק""ג",פריט,2.00,"ק""ג",false,,39.90,19.9500,true,1,93588
7290018208045,false,ערמונים קלויים וקלופ,אראל תוצרת חקלאית בע,IL,ערמונים קלויים וקלופ,גרמים,100.00,100 גרם,false,,3.90,3.9000,true,1,94371
7290018208168,false,תמרים לחים חיאני 600,אראל תוצרת חקלאית בע,IL,תמרים לחים חיאני 600,גרמים,600.00,100 גרם,false,,9.90,1.6500,true,1,98183
7290018208809,false,"תמר מגהול 1 ק""ג",אראל תוצרת חקלאית בע,IL,"תמר מגהול 1 ק""ג",פריט,1.00,"ק""ג",false,,14.90,14.9000,true,1,93576
7290018294000,false,יין קינג דיוויד רוזה,יקבי כרמל,IL,יין קינג דיוויד רוזה,מיליליטרים,750.00,"100 מ""ל",false,,18.90,2.5200,true,1,102857
7290018294017,false,יין כרמל חבית 148 קב,יקבי כרמל,IL,יין כרמל חבית 148 קב,מיליליטרים,750.00,"100 מ""ל",false,,139.90,18.6533,true,1,100361
7290018294055,false,מיץ ענבים תירוש רוזה,יקבי כרמל,IL,מיץ ענבים תירוש רוזה,קילוגרמים,1.20,ליטר,false,,19.90,16.5833,true,1,100733
7290018294192,false,יין פ. קולקשיין בלנד,יקבי כרמל,IL,יין פ. קולקשיין בלנד,מיליליטרים,750.00,"100 מ""ל",false,,32.90,4.3867,true,1,108578
7290018294208,false,יין סלקטד אדום ישראל,יקבי כרמל,IL,יין סלקטד אדום ישראל,מיליליטרים,750.00,"100 מ""ל",false,,28.90,3.8533,true,1,102862
7290018294352,false,"ארק כרמל 700 מ""ל",יקבי כרמל,IL,"ארק כרמל 700 מ""ל",מיליליטרים,700.00,"100 מ""ל",false,,54.90,7.8429,true,1,105310
7290018294901,false,יין אדום יבש מונלייט,יקבי כרמל,IL,יין אדום יבש מונלייט,מיליליטרים,750.00,"100 מ""ל",false,,33.90,4.5200,true,1,108617
7290018333181,false,אגו רוקס שוקולד קורנ,כרמית,IL,אגו רוקס שוקולד קורנ,גרמים,100.00,100 גרם,false,,8.90,8.9000,true,1,98020
7290018333198,false,אגו רוקס שוקולד קורנ,כרמית,IL,אגו רוקס שוקולד קורנ,גרמים,100.00,100 גרם,false,,8.90,8.9000,true,1,98021
7290018359129,false,עגבניות מקולפות חתוכ,זנלכל,IL,עגבניות מקולפות חתוכ,גרמים,690.00,100 גרם,false,,8.90,1.2899,true,1,107517
7290018359495,false,תירס גרעינים מהשדה ל,זנלכל,IL,תירס גרעינים מהשדה ל,גרמים,550.00,100 גרם,false,,8.90,1.6182,true,1,106962
7290018359556,false,תירס גרעינים מהשדה י,זנלכל,IL,תירס גרעינים מהשדה י,גרמים,400.00,100 גרם,false,,6.50,1.6250,true,1,101243
7290018359686,false,חומוס ענק יכין 550 ג,זנלכל,IL,חומוס ענק יכין 550 ג,גרמים,550.00,100 גרם,false,,9.50,1.7273,true,1,104641
7290018394021,false,פטריות מלך היער,חוות פטריות תקוע,IL,פטריות מלך היער,Unknown,0.00,יחידה,false,,13.90,0.0000,true,1,102313
7290018440230,false,תה חווית הצ'אי ורדים,ויסוצקי,IL,תה חווית הצ'אי ורדים,Unknown,0.00,יחידה,false,,17.90,0.0000,true,1,106822
7290018440247,false,תה חווית הצ'אי שקדים,ויסוצקי,IL,תה חווית הצ'אי שקדים,Unknown,0.00,יחידה,false,,17.90,0.0000,true,1,106820
7290018440254,false,תה חווית הצ'אי קרמל,ויסוצקי,IL,תה חווית הצ'אי קרמל,גרמים,50.00,100 גרם,false,,17.90,35.8000,true,1,106821
7290018440629,false,תה ויסוצקי טעם עשיר,ויסוצקי,IL,תה ויסוצקי טעם עשיר,Unknown,0.00,יחידה,false,,19.90,0.0000,true,1,103679
7290018443330,false,פטרוזיליה גלאט ברכת,ברכת קטיף,IL,פטרוזיליה גלאט ברכת,Unknown,0.00,יחידה,false,,5.90,0.0000,true,1,104089
7290018443347,false,שמיר ברכת קטיף,ברכת קטיף,IL,שמיר ברכת קטיף,Unknown,0.00,יחידה,false,,5.90,0.0000,true,1,104119
7290018443354,false,נענע ברכת קטיף,ברכת קטיף,IL,נענע ברכת קטיף,Unknown,0.00,יחידה,false,,5.90,0.0000,true,1,104120
7290018443361,false,סלרי עלים ברכת קטיף,ברכת קטיף,IL,סלרי עלים ברכת קטיף,Unknown,0.00,יחידה,false,,6.90,0.0000,true,1,104104
7290018443378,false,מנגולד ברכת קטיף,ברכת קטיף,IL,מנגולד ברכת קטיף,Unknown,0.00,יחידה,false,,6.90,0.0000,true,1,104105
7290018443385,false,חסה גלאט ברכת קטיף,ברכת קטיף,IL,חסה גלאט ברכת קטיף,Unknown,0.00,יחידה,false,,6.90,0.0000,true,1,104090
7290018443408,false,כרוב לבן ברכת קטיף,ברכת קטיף,IL,כרוב לבן ברכת קטיף,קילוגרמים,1.00,"ק""ג",true,,13.90,13.9000,true,1,104102
7290018443422,false,חסה ברכת קטיף,ברכת קטיף,IL,חסה ברכת קטיף,Unknown,0.00,יחידה,false,,5.90,0.0000,true,1,104107
7290018443446,false,נבטים סינים יח,בוסתן עשבי תיבול,IL,נבטים סינים יח,Unknown,0.00,יחידה,false,,7.90,0.0000,true,1,103513
7290018443453,false,נבטי חמניה,בוסתן עשבי תיבול,IL,נבטי חמניה,Unknown,0.00,יחידה,false,,8.90,0.0000,true,1,103653
7290018443460,false,נבטים אלפלא,בוסתן עשבי תיבול,IL,נבטים אלפלא,Unknown,0.00,יחידה,false,,5.90,0.0000,true,1,103514
7290018443521,false,מיקס נבטים יח,בוסתן עשבי תיבול,IL,מיקס נבטים יח,Unknown,0.00,יחידה,false,,13.90,0.0000,true,1,103515
7290018443576,false,כוסברה בוסתן,ברכת קטיף,IL,כוסברה בוסתן,Unknown,0.00,יחידה,false,,3.90,0.0000,true,1,104095
7290018443590,false,שמיר בוסתן,ברכת קטיף,IL,שמיר בוסתן,Unknown,0.00,יחידה,false,,3.90,0.0000,true,1,104092
7290018443606,false,נענע בוסתן,ברכת קטיף,IL,נענע בוסתן,Unknown,0.00,יחידה,false,,3.90,0.0000,true,1,104093
7290018443620,false,סלרי עלים בוסתן,ברכת קטיף,IL,סלרי עלים בוסתן,Unknown,0.00,יחידה,false,,4.90,0.0000,true,1,104109
7290018443651,false,לבבות חסה בוסתן,ברכת קטיף,IL,לבבות חסה בוסתן,Unknown,0.00,יחידה,false,,9.90,0.0000,true,1,104112
7290018443668,false,חסה בוסתן,ברכת קטיף,IL,חסה בוסתן,Unknown,0.00,יחידה,false,,4.90,0.0000,true,1,104113
7290018443705,false,לבבות חסה קיסר,,,לבבות חסה קיסר,Unknown,0.00,יחידה,false,,12.90,0.0000,true,1,104416
7290018464052,false,יין תניא עברי בלנד 2,יקב תניא,IL,יין תניא עברי בלנד 2,מיליליטרים,750.00,"100 מ""ל",false,,89.90,11.9867,true,1,105862
7290018464120,false,יין תניא אלישבע רוזה,יקב תניא,IL,יין תניא אלישבע רוזה,מיליליטרים,750.00,"100 מ""ל",false,,59.90,7.9867,true,1,101876
7290018468302,false,נקניקיות צמחוניות בס,טירת צבי,IL,נקניקיות צמחוניות בס,גרמים,400.00,100 גרם,false,,32.90,8.2250,true,1,108442
7290018468319,false,נקניקיות צמחוניות בס,טירת צבי,IL,נקניקיות צמחוניות בס,גרמים,400.00,100 גרם,false,,32.90,8.2250,true,1,108444
7290018468326,false,נקניקיות צמחוניות בס,טירת צבי,IL,נקניקיות צמחוניות בס,גרמים,400.00,100 גרם,false,,32.90,8.2250,true,1,108443
7290018471029,false,מארז שוופס סודה לימו,יפאורה תבורי,IL,מארז שוופס סודה לימו,קילוגרמים,3.00,ליטר,false,,13.90,4.6333,true,1,99132
7290018471180,false,פרוט אנד ווג' אננס ת,יפאורה תבורי,IL,פרוט אנד ווג' אננס ת,קילוגרמים,1.00,ליטר,false,,12.90,12.9000,true,1,101729
7290018471197,false,פרוט אנד ווג' תפוח ב,יפאורה תבורי,IL,פרוט אנד ווג' תפוח ב,קילוגרמים,1.00,ליטר,false,,12.90,12.9000,true,1,101728
7290018471210,false,נקטר ספרינג אגס תפוח,יפאורה תבורי,IL,נקטר ספרינג אגס תפוח,קילוגרמים,1.00,ליטר,false,,5.60,5.6000,true,1,101727
7290018471395,false,פרוט אנד ווג' תפוח ר,יפאורה תבורי,IL,פרוט אנד ווג' תפוח ר,קילוגרמים,1.00,ליטר,false,,12.90,12.9000,true,1,101767
7290018471401,false,פרוט אנד ווג' אננס ב,יפאורה תבורי,IL,פרוט אנד ווג' אננס ב,קילוגרמים,1.00,ליטר,false,,12.90,12.9000,true,1,101730
7290018471449,false,ספרינג שייק בננה תמר,יפאורה תבורי,IL,ספרינג שייק בננה תמר,קילוגרמים,1.00,ליטר,false,,10.90,10.9000,true,1,103012
7290018471463,false,נקטר תפוזינה ENJOY,יפאורה תבורי,IL,נקטר תפוזינה ENJOY,קילוגרמים,1.00,ליטר,false,,6.50,6.5000,true,1,102079
7290018471470,false,נקטר תפוזינה ENJOY,יפאורה תבורי,IL,נקטר תפוזינה ENJOY,קילוגרמים,1.00,ליטר,false,,6.50,6.5000,true,1,102080
7290018471487,false,נקטר תפוזינה ENJOY,יפאורה תבורי,IL,נקטר תפוזינה ENJOY,קילוגרמים,1.00,ליטר,false,,6.50,6.5000,true,1,102081
7290018471494,false,נקטר תפוזינה ENJOY,יפאורה תבורי,IL,נקטר תפוזינה ENJOY,קילוגרמים,1.00,ליטר,false,,6.50,6.5000,true,1,102082
7290018471548,false,מארז ספרינג ענבים 4*,יפאורה תבורי,IL,מארז ספרינג ענבים 4*,קילוגרמים,1.00,ליטר,false,,10.90,10.9000,true,1,101464
7290018471692,false,ספרינג שייק בננה אננ,יפאורה תבורי,IL,ספרינג שייק בננה אננ,קילוגרמים,1.00,ליטר,false,,10.90,10.9000,true,1,103014
7290018471906,false,שוופס לימונדה ורודה,יפאורה תבורי,IL,שוופס לימונדה ורודה,קילוגרמים,1.50,ליטר,false,,7.90,5.2667,true,1,104957
7290018471913,false,שוופס תפוח מוגז 1.5,יפאורה תבורי,IL,שוופס תפוח מוגז 1.5,קילוגרמים,1.50,ליטר,false,,7.90,5.2667,true,1,104958
7290018471920,false,שוופס ענבים מוגז 1.5,יפאורה תבורי,IL,שוופס ענבים מוגז 1.5,קילוגרמים,1.50,ליטר,false,,7.90,5.2667,true,1,104959
7290018471937,false,שוופס פירות תות ליים,יפאורה תבורי,IL,שוופס פירות תות ליים,קילוגרמים,1.50,ליטר,false,,7.90,5.2667,true,1,104960
7290018471944,false,שוופס למונייד מוגז 1,יפאורה תבורי,IL,שוופס למונייד מוגז 1,קילוגרמים,1.50,ליטר,false,,7.90,5.2667,true,1,104961
7290018471951,false,שוופס אשכולית אדומה,יפאורה תבורי,IL,שוופס אשכולית אדומה,קילוגרמים,1.50,ליטר,false,,7.90,5.2667,true,1,104962
7290018500231,false,לחם פינוקים וויקאנד,מאפית אנגל,IL,לחם פינוקים וויקאנד,גרמים,750.00,100 גרם,false,,12.90,1.7200,true,1,108568
7290018500361,false,לחם אחיד פרוס אנגל 9,מאפית אנגל,IL,לחם אחיד פרוס אנגל 9,גרמים,900.00,100 גרם,false,,8.30,0.9222,true,1,108332
7290018500385,false,חלה מרובעת אנגל 650,מאפית אנגל,IL,חלה מרובעת אנגל 650,גרמים,650.00,100 גרם,false,,6.50,1.0000,true,1,108381
7290018500392,false,חלה קלועה אנגל 650 ג,מאפית אנגל,IL,חלה קלועה אנגל 650 ג,גרמים,650.00,100 גרם,false,,6.50,1.0000,true,1,108382
7290018500477,false,לחם אחיד פרוס אחדות,מאפית אנגל,IL,לחם אחיד פרוס אחדות,גרמים,900.00,100 גרם,false,,7.40,0.8222,true,1,109166
7290018540329,false,פיתות אנגל בלדי 8 יח,מאפית אנגל,IL,פיתות אנגל בלדי 8 יח,גרמים,800.00,100 גרם,false,,10.90,1.3625,true,1,103879
7290018540459,false,לחמניות המבורגר כוסמ,מאפית אנגל,IL,לחמניות המבורגר כוסמ,גרמים,300.00,100 גרם,false,,15.90,5.3000,true,1,102702
7290018540817,false,לחם מחמצת כוסמין אנג,מאפית אנגל,IL,לחם מחמצת כוסמין אנג,גרמים,500.00,100 גרם,false,,19.90,3.9800,true,1,105108
7290018540824,false,לחם מחמצת כפרי אנגל,מאפית אנגל,IL,לחם מחמצת כפרי אנגל,גרמים,500.00,100 גרם,false,,18.90,3.7800,true,1,105109
7290018540831,false,לחם מחמצת חיטה מלאה,מאפית אנגל,IL,לחם מחמצת חיטה מלאה,גרמים,500.00,100 גרם,false,,18.90,3.7800,true,1,105110
7290018556443,false,ארק סאלי לימונענע 75,,IL,ארק סאלי לימונענע 75,מיליליטרים,750.00,"100 מ""ל",false,,29.90,3.9867,true,1,103997
7290018556696,false,ארק סאלי לימונים 750,,IL,ארק סאלי לימונים 750,מיליליטרים,750.00,"100 מ""ל",false,,29.90,3.9867,true,1,101333
7290018556719,false,ארק סאלי פסיפלורה 75,,IL,ארק סאלי פסיפלורה 75,מיליליטרים,750.00,"100 מ""ל",false,,29.90,3.9867,true,1,101372
7290018571019,false,סוכריות ג'לי חנוכה מ,מיה תעשיות מזון בעמ,IL,סוכריות ג'לי חנוכה מ,גרמים,350.00,100 גרם,false,,14.90,4.2571,true,1,98961
7290018571064,false,טופי מקלונים מיה 450,מיה תעשיות מזון בעמ,IL,טופי מקלונים מיה 450,גרמים,450.00,100 גרם,false,,15.90,3.5333,true,1,101089
7290018571071,false,טופי פספסים מיה 450,מיה תעשיות מזון בעמ,IL,טופי פספסים מיה 450,גרמים,450.00,100 גרם,false,,15.90,3.5333,true,1,101090
7290018571088,false,טופי חמוצמוץ מיה 600,מיה תעשיות מזון בעמ,IL,טופי חמוצמוץ מיה 600,גרמים,600.00,100 גרם,false,,15.90,2.6500,true,1,101091
7290018571095,false,טופי ממולא בטעמי פיר,מיה תעשיות מזון בעמ,IL,טופי ממולא בטעמי פיר,גרמים,450.00,100 גרם,false,,15.90,3.5333,true,1,101092
7290018571163,false,ציפוי לשניצל עשבי תי,מיה תעשיות מזון בעמ,IL,ציפוי לשניצל עשבי תי,גרמים,600.00,100 גרם,false,,9.90,1.6500,true,1,101694
7290018571170,false,ציפוי לשניצל שום מיה,מיה תעשיות מזון בעמ,IL,ציפוי לשניצל שום מיה,גרמים,600.00,100 גרם,false,,9.90,1.6500,true,1,101695
7290018571187,false,ציפוי לשניצל פיקנטי,מיה תעשיות מזון בעמ,IL,ציפוי לשניצל פיקנטי,גרמים,600.00,100 גרם,false,,9.90,1.6500,true,1,101693
7290018571194,false,ציפוי לשניצל בתיבול,מיה תעשיות מזון בעמ,IL,ציפוי לשניצל בתיבול,גרמים,600.00,100 גרם,false,,9.90,1.6500,true,1,101696
7290018571422,false,לקקנים מיקס צבעוני מ,מיה תעשיות מזון בעמ,IL,לקקנים מיקס צבעוני מ,גרמים,715.00,100 גרם,false,,16.90,2.3636,true,1,104501
7290018571439,false,אורז מלא אינדירה 1.4,מיה תעשיות מזון בעמ,IL,אורז מלא אינדירה 1.4,פריט,1.40,"ק""ג",false,,9.90,7.0714,true,1,105790
7290018571446,false,אורז ריזוטו אינדירה,מיה תעשיות מזון בעמ,IL,אורז ריזוטו אינדירה,פריט,1.40,"ק""ג",false,,9.90,7.0714,true,1,105791
7290018571460,false,קורנפלור מיה 800 גרם,מיה תעשיות מזון בעמ,IL,קורנפלור מיה 800 גרם,גרמים,800.00,100 גרם,false,,5.90,0.7375,true,1,103611
7290018571477,false,נטיפים לאפייה מיה 75,מיה תעשיות מזון בעמ,IL,נטיפים לאפייה מיה 75,גרמים,750.00,100 גרם,false,,14.90,1.9867,true,1,104235
7290018571491,false,ריבת חלב אמיתי מיה 3,מיה תעשיות מזון בעמ,IL,ריבת חלב אמיתי מיה 3,גרמים,340.00,100 גרם,false,,12.90,3.7941,true,1,106976
7290018571507,false,דובוני ג'לי  ויטמין,מיה תעשיות מזון בעמ,IL,דובוני ג'לי  ויטמין,גרמים,175.00,100 גרם,false,,38.90,22.2286,true,1,109396
7290018571514,false,דובוני ג'לי  ויטמין,מיה תעשיות מזון בעמ,IL,דובוני ג'לי  ויטמין,גרמים,175.00,100 גרם,false,,38.90,22.2286,true,1,109391
7290018571521,false,דובוני ג'לי מולטי וי,מיה תעשיות מזון בעמ,IL,דובוני ג'לי מולטי וי,גרמים,175.00,100 גרם,false,,38.90,22.2286,true,1,109397
7290018571538,false,דובוני ג'לי  פרופולי,מיה תעשיות מזון בעמ,IL,דובוני ג'לי  פרופולי,גרמים,175.00,100 גרם,false,,38.90,22.2286,true,1,109398
7290018571545,false,ס. ג'לי עם מיצוי כור,מיה תעשיות מזון בעמ,IL,ס. ג'לי עם מיצוי כור,גרמים,210.00,100 גרם,false,,38.90,18.5238,true,1,109399
7290018571552,false,ס. ג'לי  ללא סוכר או,מיה תעשיות מזון בעמ,IL,ס. ג'לי  ללא סוכר או,גרמים,210.00,100 גרם,false,,38.90,18.5238,true,1,109392
7290018571576,false,סילאן טבעי לחיץ מיה,אל ברקן דאטס,AE,סילאן טבעי לחיץ מיה,פריט,1.15,"ק""ג",false,,24.90,21.6522,true,1,104705
7290018571606,false,ראס אל חנות מיה 70 ג,מיה תעשיות מזון בעמ,IL,ראס אל חנות מיה 70 ג,גרמים,70.00,100 גרם,false,,7.90,11.2857,true,1,107269
7290018571613,false,דגי  ג'לי אומגה 3 בט,מיה תעשיות מזון בעמ,IL,דגי  ג'לי אומגה 3 בט,גרמים,240.00,100 גרם,false,,38.90,16.2083,true,1,109393
7290018571620,false,ס. ג'לי מולטי ויטמין,מיה תעשיות מזון בעמ,IL,ס. ג'לי מולטי ויטמין,גרמים,240.00,100 גרם,false,,38.90,16.2083,true,1,109394
7290018571637,false,ס. ג'לי מולטי ויטמין,מיה תעשיות מזון בעמ,IL,ס. ג'לי מולטי ויטמין,גרמים,222.00,100 גרם,false,,38.90,17.5225,true,1,109395
7290018571644,false,ס. ג'לי ללא סוכר מול,מיה תעשיות מזון בעמ,IL,ס. ג'לי ללא סוכר מול,גרמים,210.00,100 גרם,false,,38.90,18.5238,true,1,109390
7290018571651,false,ס. ג'לי בשילוב קולגן,מיה תעשיות מזון בעמ,IL,ס. ג'לי בשילוב קולגן,גרמים,210.00,100 גרם,false,,38.90,18.5238,true,1,109400
7290018571668,false,ס. ג'לי עם ויטמין סי,מיה תעשיות מזון בעמ,IL,ס. ג'לי עם ויטמין סי,גרמים,210.00,100 גרם,false,,38.90,18.5238,true,1,109416
7290018571699,false,קמח שקדים מיה 250 גר,מיה תעשיות מזון בעמ,IL,קמח שקדים מיה 250 גר,גרמים,250.00,100 גרם,false,,22.90,9.1600,true,1,106978
7290018571767,false,חומץ בלסמי מיה 500 מ,מיה תעשיות מזון בעמ,IL,חומץ בלסמי מיה 500 מ,מיליליטרים,500.00,"100 מ""ל",false,,17.90,3.5800,true,1,106979
7290018571798,false,סוכריות גלי שמחות 2,מיה תעשיות מזון בעמ,IL,סוכריות גלי שמחות 2,גרמים,540.00,100 גרם,false,,18.50,3.4259,true,1,108836
7290018652039,false,גלידה לה קרמריה מלוח,גלידות נסטלה,IL,גלידה לה קרמריה מלוח,קילוגרמים,1.40,ליטר,false,,16.90,12.0714,true,1,102300
7290018652671,false,גלידה לה קרמריה בטעמ,נסטלה,IL,גלידה לה קרמריה בטעמ,קילוגרמים,1.40,ליטר,false,,16.90,12.0714,true,1,108179
7290018652688,false,שרבט לה קרמריה טרופי,גלידות נסטלה,IL,שרבט לה קרמריה טרופי,קילוגרמים,1.40,ליטר,false,,16.90,12.0714,true,1,106817
7290018652886,false,שלגוני נסטלה שוקו בנ,גלידות נסטלה,IL,שלגוני נסטלה שוקו בנ,גרמים,440.00,100 גרם,false,,22.90,5.2045,true,1,108341
7290018652909,false,שלגונים בטעם אייס קפ,גלידות נסטלה,IL,שלגונים בטעם אייס קפ,גרמים,215.00,100 גרם,false,,22.90,10.6512,true,1,108342
7290018652923,false,שלגונים בטעם בטעם מס,גלידות נסטלה,IL,שלגונים בטעם בטעם מס,גרמים,215.00,100 גרם,false,,22.90,10.6512,true,1,108343
7290018795385,false,חסה לליק,מרינה,IL,חסה לליק,Unknown,0.00,יחידה,false,,12.90,0.0000,true,1,105551
7290018795842,false,שום קלוף מרינה 500 ג,מרינה,IL,שום קלוף מרינה 500 ג,גרמים,500.00,100 גרם,false,,16.90,3.3800,true,1,108518
7290018878088,false,"שוקולד אגו מריר ללת""",כרמית,IL,"שוקולד אגו מריר ללת""",גרמים,255.00,100 גרם,false,,14.90,5.8431,true,1,108216
7290018878095,false,"שוקולד אגו חלב ללת""ס",כרמית,IL,"שוקולד אגו חלב ללת""ס",גרמים,255.00,100 גרם,false,,14.90,5.8431,true,1,108217
7290018878125,false,"שוקולד אגו לבן ללת""ס",כרמית,IL,"שוקולד אגו לבן ללת""ס",גרמים,255.00,100 גרם,false,,14.90,5.8431,true,1,108218
7290018886304,false,פת דגנים בסגנון שווד,סונקו,PL,פת דגנים בסגנון שווד,גרמים,340.00,100 גרם,false,,9.90,2.9118,true,1,108526
7290018886328,false,פת דגנים שיפון מאפים,סונקו,PL,פת דגנים שיפון מאפים,גרמים,340.00,100 גרם,false,,9.90,2.9118,true,1,108527
7290018886342,false,פת 7 דגנים מאפים 340,סונקו,PL,פת 7 דגנים מאפים 340,גרמים,340.00,100 גרם,false,,9.90,2.9118,true,1,108528
7290018886991,false,שמן קנולה אלומות 1 ל,סקנולה,EE,שמן קנולה אלומות 1 ל,קילוגרמים,1.00,ליטר,false,,8.90,8.9000,true,1,107258
7290018893005,false,חטיף בייגלה אפוי בטע,SC ALKA TRADING CO S,RO,חטיף בייגלה אפוי בטע,גרמים,160.00,100 גרם,false,,6.50,4.0625,true,1,108992
7290018893036,false,עוגיות סנדוויץ' בטעם,סטרופוואפל,ES,עוגיות סנדוויץ' בטעם,גרמים,176.00,100 גרם,false,,6.90,3.9205,true,1,108995
7290018893265,false,מארז עוגה אישית מריר,פרדי קונדיטוריה אס פ,IT,מארז עוגה אישית מריר,גרמים,240.00,100 גרם,false,,4.90,2.0417,true,1,103895
7290018893326,false,ממרח אגוזי לוז צ'וקט,נאטרא,BE,ממרח אגוזי לוז צ'וקט,גרמים,900.00,100 גרם,false,,19.90,2.2111,true,1,106489
7290018893401,false,שוקולד צ'וקטה מריר 7,איבקקאו,ES,שוקולד צ'וקטה מריר 7,גרמים,100.00,100 גרם,false,,6.90,6.9000,true,1,106829
7290018893531,false,קרקרים מלוחים סלטי צ,סטרופוופל,PT,קרקרים מלוחים סלטי צ,גרמים,500.00,100 גרם,false,,9.90,1.9800,true,1,109292
7290018893609,false,שוקולד צ'וקטה מריר 8,איבקקאו,ES,שוקולד צ'וקטה מריר 8,גרמים,100.00,100 גרם,false,,6.90,6.9000,true,1,106830
7290018893661,false,מארז עוגה אישית מצופ,פרדי קונדיטוריה אס פ,IT,מארז עוגה אישית מצופ,גרמים,240.00,100 גרם,false,,4.90,2.0417,true,1,103894
7290018893876,false,מארז עוגה אישית וניל,פרדי קונדיטוריה אס פ,IT,מארז עוגה אישית וניל,גרמים,200.00,100 גרם,false,,4.90,2.4500,true,1,103896
7290018904404,false,שערות קדאיף מזאווי 4,ממתקי מזאוי,IL,שערות קדאיף מזאווי 4,גרמים,450.00,100 גרם,false,,13.90,3.0889,true,1,110115
7290018925065,false,מיץ תפוזים פרימור 2,גניר,IL,מיץ תפוזים פרימור 2,קילוגרמים,2.00,ליטר,false,,24.90,12.4500,true,1,104767
7290018928202,false,תערובת איטלקית לאפיי,DFS,IT,תערובת איטלקית לאפיי,גרמים,500.00,100 גרם,false,,14.90,2.9800,true,1,110392
7290018978245,false,דגני בוקר קראנץ בטעם,נטורל קייקס,IL,דגני בוקר קראנץ בטעם,גרמים,686.00,100 גרם,false,,19.90,2.9009,true,1,109951
7290018978252,false,דגני בוקר קראנץ בטעם,נטורל קייקס,IL,דגני בוקר קראנץ בטעם,גרמים,686.00,100 גרם,false,,19.90,2.9009,true,1,109947
7290018978276,false,דגני בוקר קראנץ בטעם,נטורל קייקס,IL,דגני בוקר קראנץ בטעם,גרמים,686.00,100 גרם,false,,19.90,2.9009,true,1,109949
7290018989074,false,חומוס במלח ופלפל ארב,זנלכל,IL,חומוס במלח ופלפל ארב,גרמים,550.00,100 גרם,false,,9.90,1.8000,true,1,105363
7290018989098,false,חומוס ברוטב פיקנטי פ,זנלכל,IL,חומוס ברוטב פיקנטי פ,גרמים,550.00,100 גרם,false,,9.90,1.8000,true,1,105364
7290018989128,false,סירופ יכין בטעם ענבי,זנלכל,IL,סירופ יכין בטעם ענבי,קילוגרמים,1.00,ליטר,false,,18.90,18.9000,true,1,108014
7290019035084,false,אוכמניות כחולות קפוא,דה נייל אג'יפטיאן,EG,אוכמניות כחולות קפוא,גרמים,400.00,100 גרם,false,,9.90,2.4750,true,1,107927
7290019035220,false,מיקס פירות יער קפוא,קונגלדוס אקיואטוריאנ,EC,מיקס פירות יער קפוא,גרמים,600.00,100 גרם,false,,29.90,4.9833,true,1,107735
7290019035244,false,מיקס פירות בננה פסיפ,קונגלדוס אקיואטוריאנ,EC,מיקס פירות בננה פסיפ,גרמים,600.00,100 גרם,false,,29.90,4.9833,true,1,107736
7290019035251,false,מיקס פירות אננס בננה,קונגלדוס אקיואטוריאנ,EC,מיקס פירות אננס בננה,גרמים,600.00,100 גרם,false,,29.90,4.9833,true,1,107734
7290019035329,false,מיקס פירות תות שדה מ,קונגלדוס אקיואטוריאנ,EC,מיקס פירות תות שדה מ,גרמים,600.00,100 גרם,false,,29.90,4.9833,true,1,107737
7290019056027,false,שוופס תפוח ללא סוכר,יפאורה תבורי,IL,שוופס תפוח ללא סוכר,קילוגרמים,1.50,ליטר,false,,7.50,5.0000,true,1,104966
7290019056034,false,שוופס אננס ללא סוכר,יפאורה תבורי,IL,שוופס אננס ללא סוכר,קילוגרמים,1.50,ליטר,false,,7.50,5.0000,true,1,104967
7290019056041,false,שוופס פירות לימונייד,יפאורה תבורי,IL,שוופס פירות לימונייד,קילוגרמים,1.50,ליטר,false,,7.50,5.0000,true,1,104968
7290019056058,false,שוופס מוגז עדין תפוח,יפאורה תבורי,IL,שוופס מוגז עדין תפוח,קילוגרמים,1.50,ליטר,false,,7.50,5.0000,true,1,104946
7290019056065,false,שוופס מוגז עדין פירו,יפאורה תבורי,IL,שוופס מוגז עדין פירו,קילוגרמים,1.50,ליטר,false,,7.50,5.0000,true,1,104947
7290019056072,false,שוופס מוגז עדין אננס,יפאורה תבורי,IL,שוופס מוגז עדין אננס,קילוגרמים,1.50,ליטר,false,,7.50,5.0000,true,1,104948
7290019056089,false,שוופס מוגז עדין ריזל,יפאורה תבורי,IL,שוופס מוגז עדין ריזל,קילוגרמים,1.50,ליטר,false,,7.50,5.0000,true,1,104949
7290019056096,false,שוופס מוגז עדין אפרס,יפאורה תבורי,IL,שוופס מוגז עדין אפרס,קילוגרמים,1.50,ליטר,false,,7.50,5.0000,true,1,104950
7290019056119,false,שוופס מי סודה 1.5 לי,יפאורה תבורי,IL,שוופס מי סודה 1.5 לי,קילוגרמים,1.50,ליטר,false,,2.90,1.9333,true,1,105260
7290019056164,false,מארז שוופס סודה 4* 1,יפאורה תבורי,IL,מארז שוופס סודה 4* 1,קילוגרמים,6.00,ליטר,false,,9.90,1.6500,true,1,104940
7290019056171,false,מארז שוופס סודה לימו,יפאורה תבורי,IL,מארז שוופס סודה לימו,קילוגרמים,6.00,ליטר,false,,9.90,1.6500,true,1,104941
7290019056188,false,מארז שוופס סודה נענע,יפאורה תבורי,IL,מארז שוופס סודה נענע,קילוגרמים,6.00,ליטר,false,,9.90,1.6500,true,1,104942
7290019056201,false,מארז שוופס סודה פירו,יפאורה תבורי,IL,מארז שוופס סודה פירו,קילוגרמים,6.00,ליטר,false,,9.90,1.6500,true,1,104944
7290019056232,false,שוופס מוחיטו ליים נע,יפאורה תבורי,IL,שוופס מוחיטו ליים נע,קילוגרמים,1.50,ליטר,false,,8.90,5.9333,true,1,104945
7290019056249,false,שוופס מים בטעם ענבים,יפאורה תבורי,IL,שוופס מים בטעם ענבים,קילוגרמים,1.50,ליטר,false,,6.90,4.6000,true,1,104935
7290019056256,false,שוופס מים בטעם תפוח,יפאורה תבורי,IL,שוופס מים בטעם תפוח,קילוגרמים,1.50,ליטר,false,,6.90,4.6000,true,1,104936
7290019056263,false,שוופס מים בטעם אפרסק,יפאורה תבורי,IL,שוופס מים בטעם אפרסק,קילוגרמים,1.50,ליטר,false,,6.90,4.6000,true,1,104937
7290019056270,false,שוופס מים בטעם פירות,יפאורה תבורי,IL,שוופס מים בטעם פירות,קילוגרמים,1.50,ליטר,false,,6.90,4.6000,true,1,104938
7290019056300,false,שוופס ביטר 1.5 ליטר,יפאורה תבורי,IL,שוופס ביטר 1.5 ליטר,קילוגרמים,1.50,ליטר,false,,9.90,6.6000,true,1,104969
7290019056317,false,שוופס ראשן 1.5 ליטר,יפאורה תבורי,IL,שוופס ראשן 1.5 ליטר,קילוגרמים,1.50,ליטר,false,,9.90,6.6000,true,1,104970
7290019056324,false,שוופס טוניק 1.5 ליטר,יפאורה תבורי,IL,שוופס טוניק 1.5 ליטר,קילוגרמים,1.50,ליטר,false,,9.90,6.6000,true,1,104971
7290019056331,false,שוופס טוניק ללא סוכר,יפאורה תבורי,IL,שוופס טוניק ללא סוכר,קילוגרמים,1.50,ליטר,false,,9.50,6.3333,true,1,104972
7290019056355,false,תפוזינה לימונענע 1.5,יפאורה תבורי,IL,תפוזינה לימונענע 1.5,קילוגרמים,1.50,ליטר,false,,6.90,4.6000,true,1,104917
7290019056362,false,תפוזינה ענבים 1.5 לי,יפאורה תבורי,IL,תפוזינה ענבים 1.5 לי,קילוגרמים,1.50,ליטר,false,,6.90,4.6000,true,1,104918
7290019056379,false,תפוזינה תפוזים 1.5 ל,יפאורה תבורי,IL,תפוזינה תפוזים 1.5 ל,קילוגרמים,1.50,ליטר,false,,6.90,4.6000,true,1,104919
7290019056386,false,תפוזינה אשכוליות 1.5,יפאורה תבורי,IL,תפוזינה אשכוליות 1.5,קילוגרמים,1.50,ליטר,false,,6.90,4.6000,true,1,104920
7290019056393,false,תפוזינה תות בננה 1.5,יפאורה תבורי,IL,תפוזינה תות בננה 1.5,קילוגרמים,1.50,ליטר,false,,6.90,4.6000,true,1,104921
7290019056409,false,תפוזינה מנגו 1.5 ליט,יפאורה תבורי,IL,תפוזינה מנגו 1.5 ליט,קילוגרמים,1.50,ליטר,false,,6.90,4.6000,true,1,104922
7290019056416,false,תפוזינה לימונדה ורוד,יפאורה תבורי,IL,תפוזינה לימונדה ורוד,קילוגרמים,1.50,ליטר,false,,6.90,4.6000,true,1,104923
7290019056423,false,תפוזינה תפוחים 1.5 ל,יפאורה תבורי,IL,תפוזינה תפוחים 1.5 ל,קילוגרמים,1.50,ליטר,false,,6.90,4.6000,true,1,104924
7290019056430,false,תפוזינה תפוזים לייט,יפאורה תבורי,IL,תפוזינה תפוזים לייט,קילוגרמים,1.50,ליטר,false,,7.90,5.2667,true,1,104925
7290019056454,false,אר.סי קולה 1.5 ליטר,יפאורה תבורי,IL,אר.סי קולה 1.5 ליטר,קילוגרמים,1.50,ליטר,false,,7.20,4.8000,true,1,105259
7290019056461,false,מארז אר.סי קולה 6 *1,יפאורה תבורי,IL,מארז אר.סי קולה 6 *1,קילוגרמים,9.00,ליטר,false,,33.90,3.7667,true,1,104982
7290019056478,false,ספרינג תה אפרסק 1.5,יפאורה תבורי,IL,ספרינג תה אפרסק 1.5,קילוגרמים,1.50,ליטר,false,,7.20,4.8000,true,1,104927
7290019056485,false,ספרינג תה ירוק לימון,יפאורה תבורי,IL,ספרינג תה ירוק לימון,קילוגרמים,1.50,ליטר,false,,7.20,4.8000,true,1,104928
7290019056492,false,ספרינג תה מנגו אפרסק,יפאורה תבורי,IL,ספרינג תה מנגו אפרסק,קילוגרמים,1.50,ליטר,false,,7.20,4.8000,true,1,104929
7290019056508,false,פרוט ווטר בטעם ענבים,יפאורה תבורי,IL,פרוט ווטר בטעם ענבים,קילוגרמים,1.50,ליטר,false,,8.50,5.6667,true,1,104930
7290019056515,false,פרוט ווטר בטעם אננס,יפאורה תבורי,IL,פרוט ווטר בטעם אננס,קילוגרמים,1.50,ליטר,false,,8.50,5.6667,true,1,104931
7290019056522,false,פרוט ווטר בטעם תות 1,יפאורה תבורי,IL,פרוט ווטר בטעם תות 1,קילוגרמים,1.50,ליטר,false,,8.50,5.6667,true,1,104933
7290019056539,false,פרוט ווטר בטעם אפרסק,יפאורה תבורי,IL,פרוט ווטר בטעם אפרסק,קילוגרמים,1.50,ליטר,false,,8.50,5.6667,true,1,104934
7290019056546,false,פרוט ווטר בטעם אבטיח,יפאורה תבורי,IL,פרוט ווטר בטעם אבטיח,קילוגרמים,1.50,ליטר,false,,8.50,5.6667,true,1,105113
7290019056553,false,מים עין גדי 6*2 ליטר,עין גדי,IL,מים עין גדי 6*2 ליטר,קילוגרמים,12.00,ליטר,false,,12.90,1.0750,true,1,104985
7290019056560,false,מים עין גדי 1.5 ליטר,יפאורה תבורי,IL,מים עין גדי 1.5 ליטר,קילוגרמים,1.50,ליטר,false,,4.90,3.2667,true,1,105262
7290019056577,false,ספרינג מנגו 1.5 ליטר,יפאורה תבורי,IL,ספרינג מנגו 1.5 ליטר,קילוגרמים,1.50,ליטר,false,,6.90,4.6000,true,1,104893
7290019056584,false,ספרינג תפוזים 1.5 לי,יפאורה תבורי,IL,ספרינג תפוזים 1.5 לי,קילוגרמים,1.50,ליטר,false,,6.90,4.6000,true,1,104903
7290019056591,false,ספרינג ענבים 1.5 ליט,יפאורה תבורי,IL,ספרינג ענבים 1.5 ליט,קילוגרמים,1.50,ליטר,false,,6.90,4.6000,true,1,104904
7290019056607,false,ספרינג מיץ תפוחים 1.,יפאורה תבורי,IL,ספרינג מיץ תפוחים 1.,קילוגרמים,1.50,ליטר,false,,6.90,4.6000,true,1,104905
7290019056614,false,ספרינג אפרסק 1.5 ליט,יפאורה תבורי,IL,ספרינג אפרסק 1.5 ליט,קילוגרמים,1.50,ליטר,false,,6.90,4.6000,true,1,104906
7290019056621,false,ספרינג פירות טרופיים,יפאורה תבורי,IL,ספרינג פירות טרופיים,קילוגרמים,1.50,ליטר,false,,6.90,4.6000,true,1,104907
7290019056638,false,ספרינג תות-בננה 1.5,יפאורה תבורי,IL,ספרינג תות-בננה 1.5,קילוגרמים,1.50,ליטר,false,,6.90,4.6000,true,1,104908
7290019056645,false,ספרינג אגס סברס תפוח,יפאורה תבורי,IL,ספרינג אגס סברס תפוח,קילוגרמים,1.50,ליטר,false,,6.90,4.6000,true,1,104909
7290019056652,false,ספרינג אננס בננה 1.5,יפאורה תבורי,IL,ספרינג אננס בננה 1.5,קילוגרמים,1.50,ליטר,false,,6.90,4.6000,true,1,104910
7290019056669,false,ספרינג תפוחים לייט 1,יפאורה תבורי,IL,ספרינג תפוחים לייט 1,קילוגרמים,1.50,ליטר,false,,7.90,5.2667,true,1,104911
7290019056676,false,ספרינג אשכוליות אננס,יפאורה תבורי,IL,ספרינג אשכוליות אננס,קילוגרמים,1.50,ליטר,false,,7.90,5.2667,true,1,104913
7290019056720,false,קריסטל ענבים 2 ליטר,יפאורה תבורי,IL,קריסטל ענבים 2 ליטר,קילוגרמים,2.00,ליטר,false,,6.90,3.4500,true,1,104973
7290019056737,false,קריסטל אשכוליות 2 לי,יפאורה תבורי,IL,קריסטל אשכוליות 2 לי,קילוגרמים,2.00,ליטר,false,,6.90,3.4500,true,1,104974
7290019056744,false,קריסטל תפוזים 2 ליטר,יפאורה תבורי,IL,קריסטל תפוזים 2 ליטר,קילוגרמים,2.00,ליטר,false,,6.90,3.4500,true,1,104975
7290019056751,false,קריסטל אשכוליות דיאט,יפאורה תבורי,IL,קריסטל אשכוליות דיאט,קילוגרמים,2.00,ליטר,false,,6.00,3.0000,true,1,104976
7290019056768,false,קריסטל מנגו 2 ליטר,יפאורה תבורי,IL,קריסטל מנגו 2 ליטר,קילוגרמים,2.00,ליטר,false,,6.90,3.4500,true,1,104977
7290019056775,false,קריסטל ענבים מוגז 2,יפאורה תבורי,IL,קריסטל ענבים מוגז 2,קילוגרמים,2.00,ליטר,false,,6.90,3.4500,true,1,104978
7290019056782,false,קריסטל למון ליים 2 ל,יפאורה תבורי,IL,קריסטל למון ליים 2 ל,קילוגרמים,2.00,ליטר,false,,6.90,3.4500,true,1,104979
7290019056799,false,קריסטל אקזוטי מוגז 2,יפאורה תבורי,IL,קריסטל אקזוטי מוגז 2,קילוגרמים,2.00,ליטר,false,,6.90,3.4500,true,1,104980
7290019056805,false,קריסטל תפוע מוגז 2 ל,יפאורה תבורי,IL,קריסטל תפוע מוגז 2 ל,קילוגרמים,2.00,ליטר,false,,6.90,3.4500,true,1,104981
7290019056812,false,קריסטל מנטה 2 ליטר,יפאורה תבורי,IL,קריסטל מנטה 2 ליטר,קילוגרמים,2.00,ליטר,false,,6.90,3.4500,true,1,104983
7290019056836,false,קריסטל תות מוגז 2 לי,יפאורה תבורי,IL,קריסטל תות מוגז 2 לי,קילוגרמים,2.00,ליטר,false,,6.90,3.4500,true,1,104984
7290019056850,false,ספרינג תה דיאט אפרסק,יפאורה תבורי,IL,ספרינג תה דיאט אפרסק,קילוגרמים,1.50,ליטר,false,,7.20,4.8000,true,1,104932
7290019056959,false,בירה בודד,יפאורה תבורי,IL,בירה בודד,קילוגרמים,1.50,ליטר,false,,3.50,2.3333,true,1,105263
7290019056973,false,מים מי עדן 6*1.5 ליט,מי עדן,IL,מים מי עדן 6*1.5 ליט,קילוגרמים,9.00,ליטר,false,,12.70,1.4111,true,1,104986
7290019074786,false,"סרקל קרם רוזמרין ד""ר",פישר מעבדות פרמצבטיו,IL,"סרקל קרם רוזמרין ד""ר",מיליליטרים,650.00,"100 מ""ל",false,,39.90,6.1385,true,1,108327
7290019074984,false,סרקל תרסיס מתיר קשרי,פישר מעבדות פרמצבטיו,IL,סרקל תרסיס מתיר קשרי,מיליליטרים,680.00,"100 מ""ל",false,,39.90,5.8676,true,1,108138
7290019094203,false,חסה אייסברג 300 גרם,רביבים,IL,חסה אייסברג 300 גרם,גרמים,300.00,100 גרם,false,,12.90,4.3000,true,1,105117
7290019094210,false,כרוב לבן 400 גרם,רביבים,IL,כרוב לבן 400 גרם,גרמים,400.00,100 גרם,false,,11.90,2.9750,true,1,105114
7290019094227,false,כרוב אדום 400 גרם,רביבים,IL,כרוב אדום 400 גרם,גרמים,400.00,100 גרם,false,,11.90,2.9750,true,1,105115
7290019094234,false,קולסלאו 400 גרם,רביבים,IL,קולסלאו 400 גרם,גרמים,300.00,100 גרם,false,,11.90,3.9667,true,1,105118
7290019094241,false,לקט 350 גרם,רביבים,IL,לקט 350 גרם,גרמים,350.00,100 גרם,false,,12.90,3.6857,true,1,105119
7290019094258,false,סלט המושבה 400 גרם,רביבים,IL,סלט המושבה 400 גרם,גרמים,400.00,100 גרם,false,,12.90,3.2250,true,1,105120
7290019094272,false,"כרוב לבן 1 ק""ג",רביבים,IL,"כרוב לבן 1 ק""ג",פריט,1.00,"ק""ג",false,,14.90,14.9000,true,1,105125
7290019094289,false,"כרוב אדום 1 ק""ג",רביבים,IL,"כרוב אדום 1 ק""ג",פריט,1.00,"ק""ג",false,,14.90,14.9000,true,1,105121
7290019094296,false,"קולסלאו 1 ק""ג",רביבים,IL,"קולסלאו 1 ק""ג",פריט,1.00,"ק""ג",false,,14.90,14.9000,true,1,105122
7290019094302,false,עלי חסה שטופים,רביבים,IL,עלי חסה שטופים,Unknown,0.00,יחידה,false,,13.90,0.0000,true,1,105126
7290019145264,false,"ארק סאלי 700 מ""ל",,IL,"ארק סאלי 700 מ""ל",מיליליטרים,700.00,"100 מ""ל",false,,43.90,6.2714,true,1,105955
7290019145462,false,"ארק סאלי אננס 750 מ""",,IL,"ארק סאלי אננס 750 מ""",מיליליטרים,750.00,"100 מ""ל",false,,29.90,3.9867,true,1,105956
7290019153023,false,אר סי קולה ללא סוכר,יפאורה תבורי,IL,אר סי קולה ללא סוכר,קילוגרמים,6.00,ליטר,false,,24.90,4.1500,true,1,106450
7290019153078,false,שוופס ביטר למון לייט,יפאורה תבורי,IL,שוופס ביטר למון לייט,קילוגרמים,1.50,ליטר,false,,9.50,6.3333,true,1,106449
7290019153085,false,שוופס מוחיטו מוגז לל,יפאורה תבורי,IL,שוופס מוחיטו מוגז לל,קילוגרמים,1.50,ליטר,false,,8.20,5.4667,true,1,106448
7290019153252,false,מארז שוופס סודה תפוח,יפאורה תבורי,IL,מארז שוופס סודה תפוח,קילוגרמים,6.00,ליטר,false,,9.90,1.6500,true,1,107746
7290019153269,false,מארז שוופס סודה אננס,יפאורה תבורי,IL,מארז שוופס סודה אננס,קילוגרמים,6.00,ליטר,false,,9.90,1.6500,true,1,107747
7290019153344,false,תפוזינה סנגרייה 1.5,יפאורה תבורי,IL,תפוזינה סנגרייה 1.5,קילוגרמים,1.50,ליטר,false,,6.90,4.6000,true,1,108020
7290019153351,false,תפוזינה פינק אוזו 1.,יפאורה תבורי,IL,תפוזינה פינק אוזו 1.,קילוגרמים,1.50,ליטר,false,,6.90,4.6000,true,1,108021
7290019153375,false,תפוזינה מוחיטו 1.5 ל,יפאורה תבורי,IL,תפוזינה מוחיטו 1.5 ל,קילוגרמים,1.50,ליטר,false,,6.90,4.6000,true,1,108022
7290019153535,false,מארז שוופס מוגז פירו,יפאורה תבורי,IL,מארז שוופס מוגז פירו,קילוגרמים,1.32,ליטר,false,,11.90,9.0152,true,1,108735
7290019230007,false,חלה כוסמין 500 גרם,ספיישל בייקרי,IL,חלה כוסמין 500 גרם,גרמים,500.00,100 גרם,false,,15.90,3.1800,true,1,105211
7290019230021,false,חלה חצי מתוקה 500 גר,ספיישל בייקרי,IL,חלה חצי מתוקה 500 גר,גרמים,500.00,100 גרם,false,,12.90,2.5800,true,1,105212
7290019230038,false,חלה קטנה מתוקה 250 ג,ספיישל בייקרי,IL,חלה קטנה מתוקה 250 ג,גרמים,250.00,100 גרם,false,,6.90,2.7600,true,1,105213
7290019230045,false,חלה מתוקה אמריקאית 4,ספיישל בייקרי,IL,חלה מתוקה אמריקאית 4,גרמים,450.00,100 גרם,false,,14.90,3.3111,true,1,109404
7290019232148,false,חליטת חמדת השקד הגן,ויסוצקי,IL,חליטת חמדת השקד הגן,Unknown,0.00,יחידה,false,,21.90,0.0000,true,1,106819
7290019232155,false,חליטת קמומיל ולבנדר,ויסוצקי,IL,חליטת קמומיל ולבנדר,Unknown,0.00,יחידה,false,,19.90,0.0000,true,1,109940
7290019232162,false,חליטת קמומיל ומליסה,ויסוצקי,IL,חליטת קמומיל ומליסה,Unknown,0.00,יחידה,false,,19.90,0.0000,true,1,109938
7290019232186,false,תה ירוק לימונית לואי,ויסוצקי,IL,תה ירוק לימונית לואי,Unknown,0.00,יחידה,false,,19.90,0.0000,true,1,109936
7290019232193,false,תה ירוק לימונית ג'ינ,ויסוצקי,IL,תה ירוק לימונית ג'ינ,Unknown,0.00,יחידה,false,,19.90,0.0000,true,1,109937
7290019232353,false,תה ירוק סיני קלאסי ו,ויסוצקי,IL,תה ירוק סיני קלאסי ו,גרמים,75.00,100 גרם,false,,41.90,55.8667,true,1,109449
7290019297161,false,טורטיות קמח חיטה ותי,,TR,טורטיות קמח חיטה ותי,גרמים,450.00,100 גרם,false,,9.90,2.2000,true,1,74092
7290019297192,false,חטיפי גרנולה עם שקדי,,MK,חטיפי גרנולה עם שקדי,גרמים,175.00,100 גרם,false,,9.90,5.6571,true,1,69943
7290019297208,false,חטיפי גרנולה עם פירו,,MK,חטיפי גרנולה עם פירו,גרמים,175.00,100 גרם,false,,9.90,5.6571,true,1,69944
7290019297383,false,מעדן משמש שקדיה 284,,CN,מעדן משמש שקדיה 284,גרמים,284.00,100 גרם,false,,9.90,3.4859,true,1,71860
7290019297413,false,מעדן אפרסק שקדיה 284,,CN,מעדן אפרסק שקדיה 284,גרמים,284.00,100 גרם,false,,9.90,3.4859,true,1,71861
7290019297420,false,מעדן תות שקדיה 284 ג,,CN,מעדן תות שקדיה 284 ג,גרמים,284.00,100 גרם,false,,9.90,3.4859,true,1,71863
7290019297451,false,"מי ורדים 500 מ""ל",,BE,"מי ורדים 500 מ""ל",מיליליטרים,500.00,"100 מ""ל",false,,13.90,2.7800,true,1,70043
7290019297505,false,רוטב רימונים שקדיה 7,,TR,רוטב רימונים שקדיה 7,מיליליטרים,700.00,"100 מ""ל",false,,19.90,2.8429,true,1,69946
7290019297512,false,רוטב רימונים שקדיה 3,,TR,רוטב רימונים שקדיה 3,מיליליטרים,340.00,"100 מ""ל",false,,9.90,2.9118,true,1,69945
7290019297796,false,עלי גפן ממולאים באור,,,עלי גפן ממולאים באור,גרמים,400.00,100 גרם,false,,8.90,2.2250,true,1,81047
7290019302315,false,יין באז אבטיח מלון מ,יקבי כרמל,IL,יין באז אבטיח מלון מ,מיליליטרים,750.00,"100 מ""ל",false,,26.90,3.5867,true,1,108000
7290019302476,false,יין כרמל חבית 248 פט,יקבי כרמל,IL,יין כרמל חבית 248 פט,מיליליטרים,750.00,"100 מ""ל",false,,129.90,17.3200,true,1,109170
7290019302483,false,יין כרמל 216 פורט מת,יקבי כרמל,IL,יין כרמל 216 פורט מת,מיליליטרים,750.00,"100 מ""ל",false,,139.90,18.6533,true,1,109330
7290019302490,false,יין דרום אדום יבש,יקבי כרמל,IL,יין דרום אדום יבש,מיליליטרים,750.00,"100 מ""ל",false,,79.90,10.6533,true,1,109331
7290019302551,false,מיץ ענבים תירוש אדום,יקבי כרמל,IL,מיץ ענבים תירוש אדום,קילוגרמים,1.00,ליטר,false,,11.90,11.9000,true,1,109056
7290019308126,false,פולי סויה אדממה פרוס,ווליאן פוליד פודס,CN,פולי סויה אדממה פרוס,גרמים,400.00,100 גרם,false,,6.90,1.7250,true,1,109432
7290019308188,false,ציפס קלאסי בסט צ'יפס,גרין האוס,EG,ציפס קלאסי בסט צ'יפס,פריט,1.50,"ק""ג",false,,18.90,12.6000,true,1,109565
7290019453024,false,קוגל אטריות ירושלמי,תכלית מזון,IL,קוגל אטריות ירושלמי,גרמים,800.00,100 גרם,false,,15.90,1.9875,true,1,109082
7290019453031,false,"קוגל תפו""א",תכלית מזון,IL,"קוגל תפו""א",גרמים,580.00,100 גרם,false,,15.90,2.7414,true,1,109083
7290019453512,false,רוגלך קטנים תכל'ס 35,המאפה של דר מרק בריא,IL,רוגלך קטנים תכל'ס 35,גרמים,350.00,100 גרם,false,,15.90,4.5429,true,1,108420
7290055090702,false,איגלו כרמית 60 יח,כרמית,IL,איגלו כרמית 60 יח,קילוגרמים,1.74,ליטר,false,,7.90,4.5402,true,1,62467
7290055090849,false,מרשמלו כרמית 500 גרם,כרמית,IL,מרשמלו כרמית 500 גרם,גרמים,500.00,100 גרם,false,,13.90,2.7800,true,1,63973
7290100653586,false,דאו גל ליידי ספיד סט,קולגייט פלמוליב,BY,דאו גל ליידי ספיד סט,גרמים,65.00,100 גרם,false,,18.90,29.0769,true,1,63650
7290100680650,false,מנה חמה נודלס תאילנד,טאי רזידנט,CN,מנה חמה נודלס תאילנד,גרמים,76.00,100 גרם,false,,4.90,6.4474,true,1,51048
7290100680667,false,מנה חמה נודלס סצואן,טאי רזידנט,CN,מנה חמה נודלס סצואן,גרמים,77.00,100 גרם,false,,4.90,6.3636,true,1,51049
7290100680711,false,פירורית זהב אסם 350,עינת,IL,פירורית זהב אסם 350,גרמים,350.00,100 גרם,false,,6.90,1.9714,true,1,36758
7290100680728,false,פירורית לבנה אסם 350,אסם,IL,פירורית לבנה אסם 350,גרמים,350.00,100 גרם,false,,6.90,1.9714,true,1,36759
7290100681138,false,מארז אפרופו 3*50 גרם,אסם,IL,מארז אפרופו 3*50 גרם,גרמים,150.00,100 גרם,false,,11.90,7.9333,true,1,47149
7290100685136,false,מרק בטעם עוף אסם 1 ק,אסם,IL,מרק בטעם עוף אסם 1 ק,פריט,1.00,"ק""ג",false,,12.90,12.9000,true,1,36809
7290100685334,false,מרק עוף אמיתי ר.טבעי,אסם,IL,מרק עוף אמיתי ר.טבעי,גרמים,400.00,100 גרם,false,,19.90,4.9750,true,1,36813
7290100685341,false,מרק בטעם עוף זך ר. ט,אסם,IL,מרק בטעם עוף זך ר. ט,גרמים,400.00,100 גרם,false,,13.90,3.4750,true,1,36814
7290100687109,false,במבה נוגט 60 גרם,אסם,IL,במבה נוגט 60 גרם,גרמים,60.00,100 גרם,false,,4.50,7.5000,true,1,36832
7290100700396,false,"אורז יסמין סוגת 1 ק""",,,"אורז יסמין סוגת 1 ק""",פריט,1.00,"ק""ג",false,,9.90,9.9000,true,1,53371
7290100702741,false,סוכר חום בהיר סוגת 1,סוגת,IL,סוכר חום בהיר סוגת 1,פריט,1.00,"ק""ג",false,,9.90,9.9000,true,1,67647
7290100850909,false,דוריטוס נאצו מקסיקני,שטראוס,IL,דוריטוס נאצו מקסיקני,גרמים,70.00,100 גרם,false,,2.90,4.1429,true,1,36856
7290100850916,false,דוריטוס חמוץ חריף 70,שטראוס,IL,דוריטוס חמוץ חריף 70,גרמים,70.00,100 גרם,false,,2.90,4.1429,true,1,36857
7290100850923,false,דוריטוס גריל 70 גרם,שטראוס,IL,דוריטוס גריל 70 גרם,גרמים,70.00,100 גרם,false,,2.90,4.1429,true,1,36858
7290100858592,false,קקאו עלית 150 גרם כש,שטראוס,IL,קקאו עלית 150 גרם כש,גרמים,150.00,100 גרם,false,,8.90,5.9333,true,1,36884
7290100858608,false,קקאו עלית 500 גרם,שטראוס,IL,קקאו עלית 500 גרם,גרמים,500.00,100 גרם,false,,21.90,4.3800,true,1,36885
7290100921401,false,שמפו הוואי קרטין 700,הנקל סוד,IL,שמפו הוואי קרטין 700,מיליליטרים,700.00,"100 מ""ל",false,,7.90,1.1286,true,1,67878
7290100921418,false,מרכך הוואי קרטין 700,הנקל סוד,IL,מרכך הוואי קרטין 700,מיליליטרים,700.00,"100 מ""ל",false,,7.90,1.1286,true,1,67880
7290100922569,false,קרם ידיים ולווטה 3*1,טרופיקל דגיל,IL,קרם ידיים ולווטה 3*1,מיליליטרים,300.00,"100 מ""ל",false,,14.90,4.9667,true,1,69836
7290101110811,false,מאגדת גלידל  שלגון ב,הגלידות של פלדמן,IL,מאגדת גלידל  שלגון ב,גרמים,400.00,100 גרם,false,,28.90,7.2250,true,1,109834
7290101112228,false,מאגדת גלידל פרי אננס,הגלידות של פלדמן,IL,מאגדת גלידל פרי אננס,גרמים,640.00,100 גרם,false,,18.90,2.9531,true,1,97302
7290101112921,false,מאגדת גלידל פרי פירו,הגלידות של פלדמן,IL,מאגדת גלידל פרי פירו,גרמים,640.00,100 גרם,false,,18.90,2.9531,true,1,97304
7290101113157,false,מאגדת גלידל וניל עוג,הגלידות של פלדמן,IL,מאגדת גלידל וניל עוג,גרמים,312.00,100 גרם,false,,22.90,7.3397,true,1,97298
7290101113409,false,מאגדת יופלה יוגורט ת,הגלידות של פלדמן,IL,מאגדת יופלה יוגורט ת,גרמים,350.00,100 גרם,false,,19.90,5.6857,true,1,97296
7290101113430,false,מאגדת גלידל ריפל שוק,הגלידות של פלדמן,IL,מאגדת גלידל ריפל שוק,גרמים,312.00,100 גרם,false,,18.90,6.0577,true,1,102852
7290101113454,false,מאגדת גלידל  שלגון י,הגלידות של פלדמן,IL,מאגדת גלידל  שלגון י,גרמים,480.00,100 גרם,false,,28.90,6.0208,true,1,109836
7290101113591,false,טילוני יולו לבן עם ע,הגלידות של פלדמן,IL,טילוני יולו לבן עם ע,גרמים,400.00,100 גרם,false,,19.90,4.9750,true,1,102856
7290101113751,false,מאגדת שלגוני יולו בל,הגלידות של פלדמן,IL,מאגדת שלגוני יולו בל,גרמים,200.00,100 גרם,false,,18.90,9.4500,true,1,109826
7290101113768,false,מאגדת שלגוני יולו שו,הגלידות של פלדמן,IL,מאגדת שלגוני יולו שו,גרמים,200.00,100 גרם,false,,18.90,9.4500,true,1,109840
7290101113812,false,מאגדת יופלה שרבט אננ,הגלידות של פלדמן,IL,מאגדת יופלה שרבט אננ,גרמים,350.00,100 גרם,false,,19.90,5.6857,true,1,109829
7290101113829,false,מאגדת יופלה שרבט מנג,הגלידות של פלדמן,IL,מאגדת יופלה שרבט מנג,גרמים,350.00,100 גרם,false,,19.90,5.6857,true,1,109831
7290101113904,false,מנבו בטעם וניל 12 יח,הגלידות של פלדמן,IL,מנבו בטעם וניל 12 יח,גרמים,288.00,100 גרם,false,,19.90,6.9097,true,1,109808
7290101488286,false,דאו ספריי ליידי ספיד,קולגייט פלמוליב,,דאו ספריי ליידי ספיד,מיליליטרים,150.00,"100 מ""ל",false,,13.90,9.2667,true,1,56599
7290101488323,false,דאו ליידי ספיד סטיק,קולגייט פלמוליב,BY,דאו ליידי ספיד סטיק,גרמים,65.00,100 גרם,false,,18.90,29.0769,true,1,56604
7290101551027,false,קפסולות עלית 14 חזק,שטראוס קפה בי.וי,IL,קפסולות עלית 14 חזק,גרמים,50.00,100 גרם,false,,15.50,31.0000,true,1,89448
7290101551263,false,סילאן טבעי יד מרדכי,שטראוס,IL,סילאן טבעי יד מרדכי,גרמים,700.00,100 גרם,false,,17.90,2.5571,true,1,93006
7290101551539,false,דנונה פרו אפרסק 0% 2,שטראוס,IL,דנונה פרו אפרסק 0% 2,גרמים,200.00,100 גרם,false,,4.90,2.4500,true,1,88337
7290101551577,false,שיבולת שועל קוואקר 2,קואקר אוטס,GB,שיבולת שועל קוואקר 2,פריט,1.00,"ק""ג",false,,19.90,19.9000,true,1,88034
7290101551584,false,מארז תפוציפס קידס 10,שטראוס,IL,מארז תפוציפס קידס 10,גרמים,200.00,100 גרם,false,,10.90,5.4500,true,1,88558
7290101554233,false,מארז ציטוס כאפה 16*2,שטראוס,IL,מארז ציטוס כאפה 16*2,גרמים,320.00,100 גרם,false,,17.90,5.5937,true,1,88000
7290101863410,false,תרסיס סיליט באנג עם,רקיט בנקיזר,PL,תרסיס סיליט באנג עם,מיליליטרים,750.00,"100 מ""ל",false,,12.50,1.6667,true,1,75028
7290101865216,false,"אבקת קולון 9 ק""ג",זוהר דליה,IL,"אבקת קולון 9 ק""ג",פריט,9.00,"ק""ג",false,,59.90,6.6556,true,1,54568
7290101865261,false,נוזל הברקה פיניש 800,רקיט בנקיזר,PL,נוזל הברקה פיניש 800,מיליליטרים,800.00,"100 מ""ל",false,,19.90,2.4875,true,1,55519
7290101866633,false,גל וניש קליה 3 ליטר,סאסאטק,IL,גל וניש קליה 3 ליטר,קילוגרמים,3.00,ליטר,false,,28.90,9.6333,true,1,56589
7290101866787,false,גל וניש קליה כביסה ל,רקיט בנקיזר,PL,גל וניש קליה כביסה ל,קילוגרמים,3.00,ליטר,false,,28.90,9.6333,true,1,66860
7290101867388,true,אבקת קולון 10 קג,זוהר דליה,,"אבקת כביסה קולון 10 ק""ג",קילוגרמים,10.00,ליטר,false,1,59.90,5.9900,true,1,58881
7290101867623,false,תרסיס וינדולין חלונו,,,תרסיס וינדולין חלונו,קילוגרמים,2.25,ליטר,false,,24.90,11.0667,true,1,59693
7290101868958,false,נוזל הברקה פיניש לימ,רקיט בנקיזר,PL,נוזל הברקה פיניש לימ,מיליליטרים,800.00,"100 מ""ל",false,,19.90,2.4875,true,1,72261
7290101869726,false,גל למדיח פיניש 1 ליט,רקיט בנקיזר,PL,גל למדיח פיניש 1 ליט,קילוגרמים,1.00,ליטר,false,,42.50,42.5000,true,1,72880
7290101869733,false,גל למדיח פיניש לימון,רקיט בנקיזר,PL,גל למדיח פיניש לימון,קילוגרמים,1.00,ליטר,false,,42.50,42.5000,true,1,72881
7290101869740,false,אירוויק מבשם אוויר +,רקיט בנקיזר,PL,אירוויק מבשם אוויר +,Unknown,0.00,יחידה,false,,43.90,0.0000,true,1,82173
7290101869764,false,מבשם אוטומטי אירוויק,רקיט בנקיזר,PL,מבשם אוטומטי אירוויק,Unknown,0.00,יחידה,false,,43.90,0.0000,true,1,78013
7290101869801,false,מטהר חשמלי אירוויק +,רקיט בנקיזר,GB,מטהר חשמלי אירוויק +,Unknown,0.00,יחידה,false,,19.90,0.0000,true,1,96589
7290101869818,false,מטהר חשמלי אירוויק +,רקיט בנקיזר,GB,מטהר חשמלי אירוויק +,Unknown,0.00,יחידה,false,,19.90,0.0000,true,1,96590
7290101869825,false,מילוי מבשם חשמלי איר,רקיט בנקיזר,PL,מילוי מבשם חשמלי איר,Unknown,0.00,יחידה,false,,15.90,0.0000,true,1,96583
7290101869832,false,מילוי מבשם חשמלי איר,רקיט בנקיזר,PL,מילוי מבשם חשמלי איר,Unknown,0.00,יחידה,false,,15.90,0.0000,true,1,96584
7290102030330,false,תפוציפס קראנצ מקסיקנ,שטראוס,IL,תפוציפס קראנצ מקסיקנ,גרמים,200.00,100 גרם,false,,8.90,4.4500,true,1,36952
7290102031276,false,אקטימל תות בננה דנונ,שטראוס,IL,אקטימל תות בננה דנונ,מיליליטרים,800.00,"100 מ""ל",false,,16.90,2.1125,true,1,40060
7290102032334,false,קפה נמס וניל 200 גרם,עלית,IL,קפה נמס וניל 200 גרם,גרמים,200.00,100 גרם,false,,19.90,9.9500,true,1,36970
7290102060764,false,מברשת מרידול 2 יח,קולגייט פלמוליב,,מברשת מרידול 2 יח,Unknown,0.00,יחידה,false,,24.90,0.0000,true,1,89857
7290102060979,false,"משחת אלמקס 100 מ""ל",קולגייט פלמוליב,,"משחת אלמקס 100 מ""ל",מיליליטרים,100.00,"100 מ""ל",false,,11.90,11.9000,true,1,47194
7290102062195,false,משחת אלמקס גוניור 75,קולגייט פלמוליב,,משחת אלמקס גוניור 75,גרמים,75.00,100 גרם,false,,9.90,13.2000,true,1,65122
7290102390427,false,מולר פרופ תות 150 גר,טרה,IL,מולר פרופ תות 150 גר,מיליליטרים,150.00,"100 מ""ל",false,,4.80,3.2000,true,1,37017
7290102390465,false,מולר פרופ אפרסק ופסי,טרה,IL,מולר פרופ אפרסק ופסי,מיליליטרים,150.00,"100 מ""ל",false,,4.80,3.2000,true,1,37019
7290102390489,false,מולר פרופ לימון 150,טרה,IL,מולר פרופ לימון 150,מיליליטרים,150.00,"100 מ""ל",false,,4.80,3.2000,true,1,37020
7290102391844,false,מולר פרופ פירות יער,טרה,IL,מולר פרופ פירות יער,מיליליטרים,150.00,"100 מ""ל",false,,4.80,3.2000,true,1,40761
7290102392049,false,גבינת תבור 5% צוריאל,מחלבת משק צוריאל,IL,גבינת תבור 5% צוריאל,גרמים,500.00,100 גרם,false,,22.90,4.5800,true,1,46417
7290102392094,false,חלב עיזים צוריאל 1 ל,מחלבת משק צוריאל,IL,חלב עיזים צוריאל 1 ל,גרמים,250.00,100 גרם,false,,13.90,5.5600,true,1,41711
7290102392254,false,חלב 1% טרה 2 ליטר,טרה,IL,חלב 1% טרה 2 ליטר,קילוגרמים,2.00,ליטר,false,,11.60,5.8000,true,1,47715
7290102393039,false,מולר מיקס פצפוצי שוק,טרה,IL,מולר מיקס פצפוצי שוק,מיליליטרים,150.00,"100 מ""ל",false,,4.90,3.2667,true,1,48814
7290102393060,false,מולר מיקס גלילות 170,טרה,IL,מולר מיקס גלילות 170,מיליליטרים,150.00,"100 מ""ל",false,,4.90,3.2667,true,1,48810
7290102393169,false,מולר סימפלי תות 150,טרה,IL,מולר סימפלי תות 150,גרמים,150.00,100 גרם,false,,3.90,2.6000,true,1,51574
7290102393176,false,מולר סימפלי אפרסק 15,טרה,IL,מולר סימפלי אפרסק 15,גרמים,150.00,100 גרם,false,,3.90,2.6000,true,1,51575
7290102393190,false,מולר סימפלי פירות יע,טרה,IL,מולר סימפלי פירות יע,גרמים,150.00,100 גרם,false,,3.90,2.6000,true,1,51576
7290102393268,false,גבינה 5% טרה 750 גרם,טרה,IL,גבינה 5% טרה 750 גרם,גרמים,750.00,100 גרם,false,,13.50,1.8000,true,1,49120
7290102393947,false,מולר סימפלי קיווי 15,טרה,IL,מולר סימפלי קיווי 15,גרמים,150.00,100 גרם,false,,3.90,2.6000,true,1,54483
7290102394258,false,גבינה מה עז 9% צוריא,מחלבת משק צוריאל,IL,גבינה מה עז 9% צוריא,גרמים,180.00,100 גרם,false,,20.90,11.6111,true,1,55779
7290102394463,false,גבינה נעם 28% 500 גר,טרה,IL,גבינה נעם 28% 500 גר,גרמים,500.00,100 גרם,false,,22.90,4.5800,true,1,63710
7290102394821,false,פרוסות גבינה נעם קלא,טרה,IL,פרוסות גבינה נעם קלא,גרמים,200.00,100 גרם,false,,13.90,6.9500,true,1,58910
7290102394845,false,פרוסות גבינה נעם 9%,טרה,IL,פרוסות גבינה נעם 9%,גרמים,200.00,100 גרם,false,,13.90,6.9500,true,1,58822
7290102395217,false,מארז מולר ביאנקו במת,טרה,IL,מארז מולר ביאנקו במת,קילוגרמים,1.20,ליטר,false,,14.90,12.4167,true,1,61577
7290102395224,false,מארז מולר נטורל 1.7%,טרה,IL,מארז מולר נטורל 1.7%,קילוגרמים,1.20,ליטר,false,,14.90,12.4167,true,1,61176
7290102395231,false,מארז מולר נטורל 2.8%,טרה,IL,מארז מולר נטורל 2.8%,קילוגרמים,1.20,ליטר,false,,14.90,12.4167,true,1,61177
7290102395262,false,מארז מולר סימפלי תות,טרה,IL,מארז מולר סימפלי תות,קילוגרמים,1.20,ליטר,false,,21.90,18.2500,true,1,62124
7290102395439,false,מארז מולר סימפלי פיר,טרה,,מארז מולר סימפלי פיר,קילוגרמים,1.20,ליטר,false,,21.90,18.2500,true,1,62123
7290102395446,false,מעדן מוו וניל עם קצפ,טרה,IL,מעדן מוו וניל עם קצפ,גרמים,123.00,100 גרם,false,,2.50,2.0325,true,1,61709
7290102395477,false,מעדן מוו שוקולד עם ק,טרה,IL,מעדן מוו שוקולד עם ק,גרמים,123.00,100 גרם,false,,2.50,2.0325,true,1,61707
7290102396399,false,מארז מעדן מוו שוקולד,טרה,IL,מארז מעדן מוו שוקולד,גרמים,800.00,100 גרם,false,,12.90,1.6125,true,1,68752
7290102396405,false,מארז מעדן מוו וניל 8,טרה,IL,מארז מעדן מוו וניל 8,גרמים,800.00,100 גרם,false,,12.90,1.6125,true,1,68753
7290102396580,false,מעדן מוו מוס שוקו 11,טרה,IL,מעדן מוו מוס שוקו 11,גרמים,123.00,100 גרם,false,,2.50,2.0325,true,1,68750
7290102396597,false,מעדן מוו מוס שוקו ונ,טרה,IL,מעדן מוו מוס שוקו ונ,גרמים,123.00,100 גרם,false,,2.50,2.0325,true,1,68751
7290102396665,false,פרוסות גבינה נעם 15%,טרה,IL,פרוסות גבינה נעם 15%,גרמים,200.00,100 גרם,false,,13.90,6.9500,true,1,73776
7290102396719,false,מולר סימפלי תות 0% 1,טרה,IL,מולר סימפלי תות 0% 1,גרמים,150.00,100 גרם,false,,3.90,2.6000,true,1,70419
7290102396726,false,מולר סימפלי אפרסק 0%,טרה,IL,מולר סימפלי אפרסק 0%,גרמים,150.00,100 גרם,false,,3.90,2.6000,true,1,70420
7290102396740,false,מארז מולר סימפלי תות,טרה,IL,מארז מולר סימפלי תות,קילוגרמים,1.20,ליטר,false,,21.90,18.2500,true,1,70422
7290102396788,false,"שוקו שקית טרה 200 מ""",טרה,IL,"שוקו שקית טרה 200 מ""",מיליליטרים,200.00,"100 מ""ל",false,,2.50,1.2500,true,1,70979
7290102396795,false,מארז שוקו שקית טרה 6,טרה,IL,מארז שוקו שקית טרה 6,קילוגרמים,1.20,ליטר,false,,12.90,10.7500,true,1,70707
7290102397075,false,משקה יוגורט 4% טרה 1,טרה,IL,משקה יוגורט 4% טרה 1,פריט,1.50,"ק""ג",false,,12.90,8.6000,true,1,72469
7290102397204,false,פרוסות גבינה נעם 22%,טרה,IL,פרוסות גבינה נעם 22%,גרמים,200.00,100 גרם,false,,14.90,7.4500,true,1,73775
7290102397310,false,מארז מעדן מוו שוקולד,טרה,IL,מארז מעדן מוו שוקולד,גרמים,560.00,100 גרם,false,,11.90,2.1250,true,1,76310
7290102397464,false,מולר נטורל עם פיצוחי,מולר,IL,מולר נטורל עם פיצוחי,מיליליטרים,150.00,"100 מ""ל",false,,4.90,3.2667,true,1,81521
7290102397600,false,מולר מיקס שקדים ובוט,מולר,IL,מולר מיקס שקדים ובוט,מיליליטרים,150.00,"100 מ""ל",false,,4.90,3.2667,true,1,77386
7290102397617,false,מולר מיקס קליק כדורי,מולר,IL,מולר מיקס קליק כדורי,מיליליטרים,150.00,"100 מ""ל",false,,4.90,3.2667,true,1,77385
7290102397679,false,קוטג 5% טרה 375 גרם,טרה,IL,קוטג 5% טרה 375 גרם,גרמים,375.00,100 גרם,false,,6.90,1.8400,true,1,80698
7290102397730,false,גבינה נעם אמנטל 30%,טרה,IL,גבינה נעם אמנטל 30%,גרמים,200.00,100 גרם,false,,14.90,7.4500,true,1,82549
7290102397747,false,גבינה נעם מוצרלה פרו,טרה,IL,גבינה נעם מוצרלה פרו,גרמים,200.00,100 גרם,false,,15.90,7.9500,true,1,84935
7290102397891,false,גבינה מותכת צוריאל 1,טרה,IL,גבינה מותכת צוריאל 1,גרמים,100.00,100 גרם,false,,4.90,4.9000,true,1,81518
7290102398065,false,חלב 3% טרה 2 ליטר וס,טרה,IL,חלב 3% טרה 2 ליטר וס,קילוגרמים,2.00,ליטר,false,,10.90,5.4500,true,1,83016
7290102398072,false,חלב 3% טרה 1 ליטר מה,טרה,IL,חלב 3% טרה 1 ליטר מה,קילוגרמים,1.00,ליטר,false,,6.20,6.2000,true,1,98409
7290102398478,false,לאבנה 9% טרה 500 גרם,טרה,IL,לאבנה 9% טרה 500 גרם,גרמים,500.00,100 גרם,false,,16.90,3.3800,true,1,88040
7290102398560,false,משקה שוקו טרה 1 ליטר,טרה,IL,משקה שוקו טרה 1 ליטר,קילוגרמים,1.00,ליטר,false,,9.90,9.9000,true,1,88106
7290102398577,false,שוקו מועשר טרה 250 מ,טרה,IL,שוקו מועשר טרה 250 מ,מיליליטרים,250.00,"100 מ""ל",false,,4.90,1.9600,true,1,107804
7290102398614,false,משקה בננה טרה 1 ליטר,טרה,IL,משקה בננה טרה 1 ליטר,קילוגרמים,1.00,ליטר,false,,9.90,9.9000,true,1,88107
7290102398638,false,משקה מוקה טרה 1 ליטר,טרה,IL,משקה מוקה טרה 1 ליטר,קילוגרמים,1.00,ליטר,false,,9.90,9.9000,true,1,88108
7290102398669,false,משקה אייס קפוצ'ינו ט,טרה,IL,משקה אייס קפוצ'ינו ט,קילוגרמים,1.00,ליטר,false,,9.90,9.9000,true,1,97055
7290102398782,false,משקה סויה צוריאל 1 ל,ואל סויה,IT,משקה סויה צוריאל 1 ל,קילוגרמים,1.00,ליטר,false,,9.90,9.9000,true,1,95206
7290102398799,false,משקה סויה במתיקות מו,ואל סויה,IT,משקה סויה במתיקות מו,קילוגרמים,1.00,ליטר,false,,9.90,9.9000,true,1,95207
7290102398805,false,משקה סויה וניל צוריא,ואל סויה,IT,משקה סויה וניל צוריא,קילוגרמים,1.00,ליטר,false,,9.90,9.9000,true,1,95208
7290102398836,false,משקה שקדים צוריאל 1,ואל סויה,IT,משקה שקדים צוריאל 1,קילוגרמים,1.00,ליטר,false,,11.90,11.9000,true,1,95210
7290102399048,false,גבינה נעם קשקבל 200,טרה,IL,גבינה נעם קשקבל 200,גרמים,200.00,100 גרם,false,,19.90,9.9500,true,1,91244
7290102399796,false,מולר אקטיב לבן 25 גר,מילקו,IL,מולר אקטיב לבן 25 גר,גרמים,200.00,100 גרם,false,,4.90,2.4500,true,1,97220
7290102399802,false,מולר אקטיב תות 20 גר,טרה,IL,מולר אקטיב תות 20 גר,גרמים,200.00,100 גרם,false,,5.50,2.7500,true,1,97223
7290102399819,false,מולר אקטיב פירות יער,טרה,IL,מולר אקטיב פירות יער,גרמים,200.00,100 גרם,false,,5.50,2.7500,true,1,97224
7290102399857,false,מולר אקטיב תות לייט,טרה,IL,מולר אקטיב תות לייט,גרמים,200.00,100 גרם,false,,5.50,2.7500,true,1,97229
7290103120658,false,דאו גל ספיד סטיק קול,קולגייט פלמוליב,BY,דאו גל ספיד סטיק קול,גרמים,85.00,100 גרם,false,,18.90,22.2353,true,1,56606
7290103124588,false,ג'ל רחצה פלמוליב ארו,קולגייט פלמוליב,TR,ג'ל רחצה פלמוליב ארו,מיליליטרים,750.00,"100 מ""ל",false,,14.90,1.9867,true,1,56642
7290103124601,false,תחליב פלמוליב חלב וד,קולגייט פלמוליב,TR,תחליב פלמוליב חלב וד,מיליליטרים,750.00,"100 מ""ל",false,,14.90,1.9867,true,1,56641
7290103126797,false,משחת קולגייט סנסטיב,קולגייט פלמוליב,,משחת קולגייט סנסטיב,מיליליטרים,75.00,"100 מ""ל",false,,21.90,29.2000,true,1,95499
7290103129378,false,דאו גל ספיד סטיק איק,קולגייט פלמוליב,BY,דאו גל ספיד סטיק איק,Unknown,0.00,יחידה,false,,17.90,0.0000,true,1,87787
7290103129392,false,דאו ליידי ספיד סטיק,קולגייט פלמוליב,BY,דאו ליידי ספיד סטיק,גרמים,65.00,100 גרם,false,,18.90,29.0769,true,1,63624
7290103129408,false,דאו ליידי ספיד סטיק,קולגייט פלמוליב,BY,דאו ליידי ספיד סטיק,גרמים,65.00,100 גרם,false,,18.90,29.0769,true,1,63625
7290103153779,false,מכסים לתבניות גדולות,אופל אריזות בעמ,IL,מכסים לתבניות גדולות,Unknown,0.00,יחידה,false,,5.90,0.0000,true,1,55948
7290103153786,false,מכסים לתבניות בינוני,אופל אריזות בעמ,IL,מכסים לתבניות בינוני,Unknown,0.00,יחידה,false,,5.90,0.0000,true,1,55949
7290103153793,false,מכסים לתבניות קטנות,אופל אריזות בעמ,IL,מכסים לתבניות קטנות,Unknown,0.00,יחידה,false,,5.90,0.0000,true,1,55950
7290103153823,false,צלחות קטנות נעימות ז,ב פ תעשיות,IL,צלחות קטנות נעימות ז,Unknown,0.00,יחידה,false,,29.90,0.0000,true,1,57445
7290103153830,false,צלחות גדולות נעימות,ב פ תעשיות,IL,צלחות גדולות נעימות,Unknown,0.00,יחידה,false,,49.90,0.0000,true,1,57442
7290103153847,false,צלחות מרק נעימות זהב,ב פ תעשיות,IL,צלחות מרק נעימות זהב,Unknown,0.00,יחידה,false,,32.90,0.0000,true,1,57448
7290103155087,false,שקיות אשפה עם ידיות,רווח,CN,שקיות אשפה עם ידיות,Unknown,0.00,יחידה,false,,29.90,0.0000,true,1,65372
7290103155582,false,מכסים לתבנית בינוני,אופל אריזות בעמ,IL,מכסים לתבנית בינוני,Unknown,0.00,יחידה,false,,5.90,0.0000,true,1,66002
7290103156138,false,מפת אלבד מדוגם גליל,דיספובד,IL,מפת אלבד מדוגם גליל,Unknown,0.00,יחידה,false,,29.90,0.0000,true,1,66124
7290103156466,false,"כפות ח""פ 100 יח",MAZLUM,TR,"כפות ח""פ 100 יח",Unknown,0.00,יחידה,false,,6.90,0.0000,true,1,69260
7290103156473,false,כפיות חד פעמי 100 יח,MAZLUM,TR,כפיות חד פעמי 100 יח,Unknown,0.00,יחידה,false,,6.90,0.0000,true,1,69261
7290103156930,false,כוסות יהלום 40 יח,LARIPLAST,IL,כוסות יהלום 40 יח,Unknown,0.00,יחידה,false,,10.90,0.0000,true,1,71635
7290103157104,false,מפת אלבד צבעוני 4 יח,פאלאס,CN,מפת אלבד צבעוני 4 יח,Unknown,0.00,יחידה,false,,11.90,0.0000,true,1,78495
7290103157111,false,מפת אלבד גליל 1.2*20,דיספובד,IL,מפת אלבד גליל 1.2*20,Unknown,0.00,יחידה,false,,29.90,0.0000,true,1,79639
7290103203405,false,ליקר צאלו שוקולד תפו,ישראליקר,IL,ליקר צאלו שוקולד תפו,מיליליטרים,500.00,"100 מ""ל",false,,29.90,5.9800,true,1,66350
7290103203412,false,ליקר צאלו שוקולד מנט,ישראליקר,IL,ליקר צאלו שוקולד מנט,מיליליטרים,500.00,"100 מ""ל",false,,29.90,5.9800,true,1,66351
7290103203436,false,ליקר צאלו דובדבן 500,ישראליקר,IL,ליקר צאלו דובדבן 500,מיליליטרים,500.00,"100 מ""ל",false,,29.90,5.9800,true,1,66352
7290103203443,false,ליקר צאלו בננה 500 מ,ישראליקר,IL,ליקר צאלו בננה 500 מ,מיליליטרים,500.00,"100 מ""ל",false,,29.90,5.9800,true,1,66353
7290103203450,false,ליקר צאלו אמרטו 500,ישראליקר,IL,ליקר צאלו אמרטו 500,מיליליטרים,500.00,"100 מ""ל",false,,29.90,5.9800,true,1,66354
7290103401429,false,קפה פלטינום ברזילאי,שטראוס,IL,קפה פלטינום ברזילאי,גרמים,200.00,100 גרם,false,,19.90,9.9500,true,1,41277
7290103702526,false,ממחטות בקופסא טאצ' 1,סאסאטק,IL,ממחטות בקופסא טאצ' 1,Unknown,0.00,יחידה,false,,4.90,0.0000,true,1,109864
7290103702649,false,טישו עדן 5*100 יח,,IL,טישו עדן 5*100 יח,Unknown,500.00,יחידה,false,,7.90,0.0158,true,1,95596
7290103703615,false,נייר טואלט עדן 30 גל,שניב תעשיות נייר,IL,נייר טואלט עדן 30 גל,מטרים,495.00,מטר,false,,16.90,0.0341,true,1,88098
7290103704216,false,מגבות נייר קשת 16 יח,שניב תעשיות נייר,IL,מגבות נייר קשת 16 יח,Unknown,0.00,יחידה,false,,19.90,0.0000,true,1,100731
7290103704223,false,נייר טואלט בונו 30 ג,שניב תעשיות נייר,IL,נייר טואלט בונו 30 ג,מטרים,495.00,מטר,false,,14.90,0.0301,true,1,110068
7290103704971,false,נייר טואלט כפול סילק,,,נייר טואלט כפול סילק,מטרים,792.00,מטר,false,,34.90,0.0441,true,1,108529
7290103722005,false,נייר טואלט לאבלי לבן,,,נייר טואלט לאבלי לבן,מטרים,573.50,מטר,false,,26.90,0.0469,true,1,49522
7290104061417,false,חומוס עם טחינה אחלה,שטראוס,IL,חומוס עם טחינה אחלה,גרמים,400.00,100 גרם,false,,8.90,2.2250,true,1,42700
7290104061424,false,חומוס עם זעתר אחלה 4,שטראוס,IL,חומוס עם זעתר אחלה 4,גרמים,400.00,100 גרם,false,,8.90,2.2250,true,1,42699
7290104061431,false,חומוס עם צנוברים אחל,שטראוס,IL,חומוס עם צנוברים אחל,גרמים,400.00,100 גרם,false,,8.90,2.2250,true,1,42701
7290104061448,false,חומוס עם חריף אחלה 4,שטראוס,IL,חומוס עם חריף אחלה 4,גרמים,400.00,100 גרם,false,,8.90,2.2250,true,1,42702
7290104062599,false,מארז גמדים תות ובננה,שטראוס,IL,מארז גמדים תות ובננה,גרמים,800.00,100 גרם,false,,17.90,2.2375,true,1,42862
7290104065187,false,קפה נמס מוקה 200 גרם,שטראוס,IL,קפה נמס מוקה 200 גרם,גרמים,200.00,100 גרם,false,,19.90,9.9500,true,1,49838
7290104066566,false,טחינה אחלה 500 גרם,שטראוס,IL,טחינה אחלה 500 גרם,גרמים,500.00,100 גרם,false,,11.90,2.3800,true,1,50773
7290104500572,false,אפרופו איטליאנו 50 ג,אסם,IL,אפרופו איטליאנו 50 ג,גרמים,50.00,100 גרם,false,,4.50,9.0000,true,1,59905
7290104501661,false,פודינג אינסטנט קרם צ,אסם,IL,פודינג אינסטנט קרם צ,גרמים,80.00,100 גרם,false,,4.90,6.1250,true,1,52649
7290104504228,false,מארז דובונים 5*20 גר,אסם,IL,מארז דובונים 5*20 גר,גרמים,100.00,100 גרם,false,,12.90,12.9000,true,1,55096
7290104570162,false,תמר כבוש 500 גרם,תמר העמקים בית שאן,,תמר כבוש 500 גרם,גרמים,500.00,100 גרם,false,,6.90,1.3800,true,1,63286
7290104570513,false,"תמר מגהול 1 ק""ג",דין שיווק,IL,"תמר מגהול 1 ק""ג",פריט,1.00,"ק""ג",false,,19.90,19.9000,true,1,67791
7290104720499,false,מארז דני וניל 8*125,שטראוס,IL,מארז דני וניל 8*125,קילוגרמים,1.00,ליטר,false,,14.90,14.9000,true,1,50191
7290104721755,false,מארז קפה טורקי עלית,חברת המשקם לתעסוקת ק,IL,מארז קפה טורקי עלית,גרמים,435.00,100 גרם,false,,29.90,6.8736,true,1,53369
7290104722530,false,תפוציפס שמנת בצל 200,שטראוס,IL,תפוציפס שמנת בצל 200,גרמים,200.00,100 גרם,false,,8.90,4.4500,true,1,50958
7290104726712,false,מארז מילקי שוקולד 8*,שטראוס,IL,מארז מילקי שוקולד 8*,פריט,1.06,"ק""ג",false,,16.90,15.9434,true,1,55398
7290104728310,false,שמנת להקצפה 38% יטבת,שטראוס,IL,שמנת להקצפה 38% יטבת,מיליליטרים,250.00,"100 מ""ל",false,,6.40,2.5600,true,1,54162
7290104850776,false,מגש אובלי זהב 12 יח,פאלאס,IL,מגש אובלי זהב 12 יח,Unknown,0.00,יחידה,false,,15.90,0.0000,true,1,92855
7290104854736,true,לפתניה דגם קונכיות ל,,,לפתניה דגם קונכיות לבן 16 יח,Unknown,0.00,יחידה,false,1,9.90,0.0000,true,1,73415
7290104855344,false,קעריות אובלית 140 יח,ב פ תעשיות,IL,קעריות אובלית 140 יח,Unknown,0.00,יחידה,false,,34.90,0.0000,true,1,74009
7290104855368,false,מיכל 1 ליטר 12 יח,פאלאס,CN,מיכל 1 ליטר 12 יח,Unknown,0.00,יחידה,false,,19.90,0.0000,true,1,74036
7290104855375,false,מיכל 2 ליטר 10 יח,סנטר פלאסט,IL,מיכל 2 ליטר 10 יח,Unknown,0.00,יחידה,false,,19.90,0.0000,true,1,74000
7290104855382,false,מיכל 2.5 ליטר 6 יח,סנטר פלאסט,IL,מיכל 2.5 ליטר 6 יח,Unknown,0.00,יחידה,false,,19.90,0.0000,true,1,74001
7290104855399,false,מיכל 4 ליטר 5 יח,סנטר פלאסט,IL,מיכל 4 ליטר 5 יח,Unknown,0.00,יחידה,false,,19.90,0.0000,true,1,74002
7290104855405,false,מיכל 0.5 ליטר 15 יח,סנטר פלאסט,IL,מיכל 0.5 ליטר 15 יח,Unknown,0.00,יחידה,false,,19.90,0.0000,true,1,74003
7290104856839,false,מארז 6 יח נייר אלומי,פאלאס,CN,מארז 6 יח נייר אלומי,מטרים,30.00,מטר,false,,21.90,0.7300,true,1,75673
7290104856846,false,מארז 4 נייר אלומיניו,פאלאס,CN,מארז 4 נייר אלומיניו,מטרים,30.00,מטר,false,,21.90,0.7300,true,1,76676
7290104856853,false,מארז 3 נייר אלומיניו,פאלאס,CN,מארז 3 נייר אלומיניו,מטרים,22.50,מטר,false,,21.90,0.9733,true,1,76677
7290104856914,false,מפת אלבד מדוגם 2 יח,פאלאס,CN,מפת אלבד מדוגם 2 יח,Unknown,0.00,יחידה,false,,11.90,0.0000,true,1,78493
7290104857041,false,"כוסות ח""פ 100 יח",פאלאס,CN,"כוסות ח""פ 100 יח",Unknown,0.00,יחידה,false,,5.90,0.0000,true,1,78590
7290104857119,false,צלחות גדולות לפיד 10,פאלאס,TR,צלחות גדולות לפיד 10,Unknown,0.00,יחידה,false,,32.90,0.0000,true,1,95094
7290104858185,false,נרות חימום בפלסטיק 8,פאלאס,CN,נרות חימום בפלסטיק 8,Unknown,0.00,יחידה,false,,23.90,0.0000,true,1,80674
7290104858208,false,נרות חימום בפלסטיק 4,פאלאס,CN,נרות חימום בפלסטיק 4,Unknown,0.00,יחידה,false,,23.90,0.0000,true,1,80673
7290104858536,false,כוסות קינוח לפיד,FGM,CN,כוסות קינוח לפיד,Unknown,0.00,יחידה,false,,14.90,0.0000,true,1,81056
7290104858543,false,כוסות קינוח צורות לפ,FGM,CN,כוסות קינוח צורות לפ,Unknown,0.00,יחידה,false,,14.90,0.0000,true,1,81055
7290104858567,false,מפת אלבד מוטבע גליל,פאלאס,CN,מפת אלבד מוטבע גליל,Unknown,0.00,יחידה,false,,39.90,0.0000,true,1,80950
7290104858598,false,מפיות לבנות חד שכבתי,פאלאס,CN,מפיות לבנות חד שכבתי,Unknown,0.00,יחידה,false,,4.90,0.0000,true,1,81896
7290104858642,false,שקיות אשפה 75*90 לפי,רווח,CN,שקיות אשפה 75*90 לפי,Unknown,0.00,יחידה,false,,11.90,0.0000,true,1,79961
7290104858727,false,טישו קשת 5*140 יח,פאלאס,CN,טישו קשת 5*140 יח,Unknown,0.00,יחידה,false,,11.90,0.0000,true,1,83208
7290104859267,false,שקיות אוכל קשת 3*150,פאלאס,CN,שקיות אוכל קשת 3*150,Unknown,0.00,יחידה,false,,9.90,0.0000,true,1,81780
7290104859410,false,צלחות גדולות לפיד 1,פאלאס,CN,צלחות גדולות לפיד 1,Unknown,0.00,יחידה,false,,32.90,0.0000,true,1,83357
7290104859779,false,כוסות איכותיות 40 יח,פאלאס,CN,כוסות איכותיות 40 יח,Unknown,0.00,יחידה,false,,10.90,0.0000,true,1,85936
7290104859960,false,מארז 4 יח מגשי קריסט,פאלאס,CN,מארז 4 יח מגשי קריסט,Unknown,0.00,יחידה,false,,12.90,0.0000,true,1,85666
7290104859977,false,מארז 2 יח מגשי קריסט,פאלאס,CN,מארז 2 יח מגשי קריסט,Unknown,0.00,יחידה,false,,19.90,0.0000,true,1,85667
7290104859984,false,קערה ענקית בלו שיין,פאלאס,CN,קערה ענקית בלו שיין,Unknown,0.00,יחידה,false,,19.90,0.0000,true,1,85662
7290104859991,false,קערה גדולה בלו שיין,פאלאס,CN,קערה גדולה בלו שיין,Unknown,0.00,יחידה,false,,19.90,0.0000,true,1,85663
7290104960970,false,דאו ספריי טיטניום מט,אמיליה קוסמטיקס,IL,דאו ספריי טיטניום מט,מיליליטרים,180.00,"100 מ""ל",false,,14.90,8.2778,true,1,57196
7290104962073,false,דאו ספריי טיטניום גו,אמיליה קוסמטיקס,IL,דאו ספריי טיטניום גו,מיליליטרים,150.00,"100 מ""ל",false,,14.90,9.9333,true,1,65764
7290104962110,false,דאו ספריי קרליין נוש,אמיליה קוסמטיקס,IL,דאו ספריי קרליין נוש,מיליליטרים,150.00,"100 מ""ל",false,,10.90,7.2667,true,1,66122
7290104962134,false,דאו רול און קרליין ל,אמיליה קוסמטיקס,IL,דאו רול און קרליין ל,מיליליטרים,75.00,"100 מ""ל",false,,10.90,14.5333,true,1,66121
7290104964756,false,מי פה תיאדנט ענבים ל,סנו,IL,מי פה תיאדנט ענבים ל,מיליליטרים,150.00,"100 מ""ל",false,,11.90,7.9333,true,1,90213
7290104965647,false,דאו רול און קרליין נ,אמיליה קוסמטיקס,IL,דאו רול און קרליין נ,מיליליטרים,75.00,"100 מ""ל",false,,10.90,14.5333,true,1,102138
7290105180186,false,בקבוק תינוק מעוצב אר,אריסטוקרט,,בקבוק תינוק מעוצב אר,Unknown,0.00,יחידה,false,,14.90,0.0000,true,1,53412
7290105180193,false,בקבוק צר לתינוק אריס,אריסטוקרט,,בקבוק צר לתינוק אריס,Unknown,0.00,יחידה,false,,6.90,0.0000,true,1,54074
7290105180209,false,בקבוק צר לתינוק אריס,אריסטוקרט,IL,בקבוק צר לתינוק אריס,Unknown,0.00,יחידה,false,,16.90,0.0000,true,1,53411
7290105180216,false,פלסטר שקוף אריסטוקרט,אריסטוקרט,CN,פלסטר שקוף אריסטוקרט,Unknown,0.00,יחידה,false,,10.90,0.0000,true,1,57739
7290105180247,false,פלסטר מיקס אריסטוקרט,אריסטוקרט,CN,פלסטר מיקס אריסטוקרט,Unknown,0.00,יחידה,false,,9.90,0.0000,true,1,57737
7290105180261,false,משחת נעליים אריסטוקר,אריסטוקרט,TR,משחת נעליים אריסטוקר,גרמים,200.00,100 גרם,false,,8.90,4.4500,true,1,55516
7290105180315,false,ננס קרצוף אריסטוקרט,אריסטוקרט,CN,ננס קרצוף אריסטוקרט,Unknown,0.00,יחידה,false,,4.90,0.0000,true,1,63022
7290105180322,false,בקבוק ספורט קלאסי אר,אריסטוקרט,,בקבוק ספורט קלאסי אר,Unknown,0.00,יחידה,false,,9.90,0.0000,true,1,59498
7290105180353,false,סכיני גילוח אריסטוקר,אריסטוקרט,CN,סכיני גילוח אריסטוקר,Unknown,0.00,יחידה,false,,7.90,0.0000,true,1,59206
7290105180360,false,מוצץ סיליקון קטן לתי,אריסטוקרט,,מוצץ סיליקון קטן לתי,Unknown,0.00,יחידה,false,,15.90,0.0000,true,1,62528
7290105180377,false,מוצץ סיליקון בינוני,אריסטוקרט,,מוצץ סיליקון בינוני,Unknown,0.00,יחידה,false,,15.90,0.0000,true,1,62526
7290105180384,false,מוצץ סיליקון גדול לת,אריסטוקרט,,מוצץ סיליקון גדול לת,Unknown,0.00,יחידה,false,,15.90,0.0000,true,1,62527
7290105180407,false,בקבוק רחב לתינוק ארי,אריסטוקרט,,בקבוק רחב לתינוק ארי,Unknown,0.00,יחידה,false,,29.90,0.0000,true,1,62525
7290105180490,false,"טלק אריסטוקרט 200 מ""",אריסטוקרט,IL,"טלק אריסטוקרט 200 מ""",מיליליטרים,200.00,"100 מ""ל",false,,9.90,4.9500,true,1,102465
7290105180902,false,מברשת שיניים מבוגרים,אריסטוקרט,CN,מברשת שיניים מבוגרים,Unknown,0.00,יחידה,false,,9.90,0.0000,true,1,100702
7290105181343,false,בקבוק צר אריסטוקרט 6,אריסטוקרט,TH,בקבוק צר אריסטוקרט 6,Unknown,0.00,יחידה,false,,24.90,0.0000,true,1,76126
7290105181732,false,מוצצים סדרת מלכות אר,אריסטוקרט,IL,מוצצים סדרת מלכות אר,Unknown,0.00,יחידה,false,,19.90,0.0000,true,1,88913
7290105181855,false,ג'ל פטרוליאום טהור א,הרבל קוסמטיקס,IL,ג'ל פטרוליאום טהור א,מיליליטרים,100.00,"100 מ""ל",false,,7.90,7.9000,true,1,108876
7290105181954,false,מלבין טליתות ובגדי צ,BASF,DE,מלבין טליתות ובגדי צ,מיליליטרים,500.00,"100 מ""ל",false,,11.50,2.3000,true,1,92995
7290105182036,false,מברשת שיניים סיליקון,אריסטוקרט,CN,מברשת שיניים סיליקון,Unknown,0.00,יחידה,false,,11.90,0.0000,true,1,100641
7290105182050,false,"אצטון 250 מ""ל",גרינפארם ים המלח,IL,"אצטון 250 מ""ל",מיליליטרים,250.00,"100 מ""ל",false,,5.90,2.3600,true,1,101960
7290105182067,false,"אלכוהול 70% 250 מ""ל",אריסטוקרט,IL,"אלכוהול 70% 250 מ""ל",מיליליטרים,250.00,"100 מ""ל",false,,11.90,4.7600,true,1,101961
7290105182111,false,קיסמי שיניים דנטלים,אריסטוקרט,CN,קיסמי שיניים דנטלים,Unknown,0.00,יחידה,false,,14.90,0.0000,true,1,101400
7290105182128,false,מקלוני חוט דנטלי 200,אריסטוקרט,CN,מקלוני חוט דנטלי 200,Unknown,0.00,יחידה,false,,14.90,0.0000,true,1,101401
7290105182258,false,שפתון פטסטיק לריכוך,הרבל קוסמטיקס,IL,שפתון פטסטיק לריכוך,Unknown,0.00,יחידה,false,,14.90,0.0000,true,1,106520
7290105360250,false,קפסולות עלית מס 9 למ,שטראוס קפה בי.וי,IL,קפסולות עלית מס 9 למ,גרמים,50.00,100 גרם,false,,15.50,31.0000,true,1,65166
7290105360328,false,קפסולות עלית מס 10 ל,שטראוס קפה בי.וי,IL,קפסולות עלית מס 10 ל,Unknown,0.00,יחידה,false,,15.50,0.0000,true,1,65167
7290105360335,false,קפסולות עלית  מס 7 ל,שטראוס קפה בי.וי,,קפסולות עלית  מס 7 ל,גרמים,50.00,100 גרם,false,,15.50,31.0000,true,1,65169
7290105362339,false,שמנת לבישול 15% יטבת,שטראוס,IL,שמנת לבישול 15% יטבת,מיליליטרים,250.00,"100 מ""ל",false,,5.90,2.3600,true,1,58328
7290105364678,false,משקה אקטיביה אפרסק 1,שטראוס,IL,משקה אקטיביה אפרסק 1,גרמים,250.00,100 גרם,false,,4.80,1.9200,true,1,96950
7290105366023,false,חציל בטעם כבד טעמי ה,שטראוס,IL,חציל בטעם כבד טעמי ה,גרמים,400.00,100 גרם,false,,11.90,2.9750,true,1,55547
7290105366047,false,טחינה לבנה טעמי השוק,שטראוס,IL,טחינה לבנה טעמי השוק,גרמים,400.00,100 גרם,false,,11.90,2.9750,true,1,55894
7290105368331,false,מילקי תות 133 גרם,שטראוס,IL,מילקי תות 133 גרם,גרמים,133.00,100 גרם,false,,2.80,2.1053,true,1,58763
7290105430441,false,תחליב פלמוליב סחלב ש,קולגייט פלמוליב,TR,תחליב פלמוליב סחלב ש,מיליליטרים,750.00,"100 מ""ל",false,,14.90,1.9867,true,1,62673
7290105430458,false,תחליב פלמוליב שקדים,קולגייט פלמוליב,TR,תחליב פלמוליב שקדים,מיליליטרים,750.00,"100 מ""ל",false,,14.90,1.9867,true,1,62674
7290105430496,false,דאו ספריי ספיד סטיק,קולגייט פלמוליב,BY,דאו ספריי ספיד סטיק,מיליליטרים,165.00,"100 מ""ל",false,,13.90,8.4242,true,1,63649
7290105431516,false,מארז חטיף פרי תמרים,,,מארז חטיף פרי תמרים,Unknown,0.00,יחידה,false,,14.90,0.0000,true,1,67161
7290105433961,false,דאו ספריי ליידי ספיד,קולגייט פלמוליב,BY,דאו ספריי ליידי ספיד,מיליליטרים,150.00,"100 מ""ל",false,,13.90,9.2667,true,1,67776
7290105434067,false,דאו ספיד סטיק אושן 8,קולגייט פלמוליב,BY,דאו ספיד סטיק אושן 8,גרמים,85.00,100 גרם,false,,18.90,22.2353,true,1,73676
7290105439499,false,מיונז מאסטר שף 480 ג,רמיה סי.וי. הולנד,NL,מיונז מאסטר שף 480 ג,גרמים,480.00,100 גרם,false,,8.90,1.8542,true,1,75490
7290105439505,false,מיונז לייט מאסטר שף,רמיה סי.וי. הולנד,NL,מיונז לייט מאסטר שף,גרמים,521.00,100 גרם,false,,9.90,1.9002,true,1,95280
7290105439581,false,חרדל דיזון צרפתי מאס,סאס קווינור,,חרדל דיזון צרפתי מאס,גרמים,370.00,100 גרם,false,,9.90,2.6757,true,1,75492
7290105691248,false,חטיפי טורטייה תירס 6,פרח תעשיות,IL,חטיפי טורטייה תירס 6,גרמים,60.00,100 גרם,false,,6.90,11.5000,true,1,60904
7290105691934,false,"קמח שמרים אסם 1 ק""ג",תחנת קמח המפרץ,IL,"קמח שמרים אסם 1 ק""ג",פריט,1.00,"ק""ג",false,,7.90,7.9000,true,1,60275
7290105693457,false,עוגת דמקה אסם 320 גר,אסם,IL,עוגת דמקה אסם 320 גר,גרמים,320.00,100 גרם,false,,9.90,3.0938,true,1,58647
7290105694614,false,ספגטי אסם מהיר הכנה,זארה,IL,ספגטי אסם מהיר הכנה,גרמים,500.00,100 גרם,false,,4.90,0.9800,true,1,59749
7290105695321,false,עוגת בראוניס פאדג אס,אסם,IL,עוגת בראוניס פאדג אס,גרמים,380.00,100 גרם,false,,14.90,3.9211,true,1,59747
7290105695895,false,עוגת דמקה דבש אסם 32,אסם,IL,עוגת דמקה דבש אסם 32,גרמים,320.00,100 גרם,false,,5.90,1.8438,true,1,59748
7290105962331,false,סחוג תימני חריף זהבי,זהבי הכרם,IL,סחוג תימני חריף זהבי,גרמים,220.00,100 גרם,false,,8.90,4.0455,true,1,69362
7290105965738,false,משקה יוגורט תות בננה,שטראוס גרופ,IL,משקה יוגורט תות בננה,גרמים,267.00,100 גרם,false,,4.50,1.6854,true,1,73205
7290105968098,false,קולסלאו אחלה 500 גרם,שטראוס גרופ,IL,קולסלאו אחלה 500 גרם,גרמים,500.00,100 גרם,false,,11.90,2.3800,true,1,60517
7290105968654,false,רביולי בטטה שטראוס 4,שטראוס,IL,רביולי בטטה שטראוס 4,גרמים,400.00,100 גרם,false,,19.90,4.9750,true,1,61333
7290105968777,false,פריכיות אנרג'י תחתית,שטראוס,IL,פריכיות אנרג'י תחתית,גרמים,70.00,100 גרם,false,,7.50,10.7143,true,1,63699
7290106410060,false,סוכריות גומי נחשים 5,,,סוכריות גומי נחשים 500 גרם,גרמים,500.00,100 גרם,false,1,9.90,1.9800,true,1,85303
7290106413740,false,עיגולי ביסקוויט עם ק,טופגם תעשיות ממתקים,IL,עיגולי ביסקוויט עם ק,פריט,1.00,"ק""ג",false,,26.90,26.9000,true,1,85085
7290106413924,false,מארז מקלות ביסקוויט,שאנטו קראנצי פרדי,CN,מארז מקלות ביסקוויט,גרמים,150.00,100 גרם,false,,9.90,6.6000,true,1,80037
7290106416918,false,שוקולד חלב ממולא קרם,,,"שוקולד חלב ממולא קרם תפוז 1 ק""ג",קילוגרמים,1.00,ליטר,false,1,39.90,39.9000,true,1,85084
7290106416925,false,שוקולד חלב ממולא קרם,,,"שוקולד חלב ממולא קרם קפה 1 ק""ג",קילוגרמים,1.00,ליטר,false,1,39.90,39.9000,true,1,85081
7290106509825,false,תחבושות אלוויז פלטני,פרוקטר & גמבל,DE,תחבושות אלוויז פלטני,Unknown,0.00,יחידה,false,,32.90,0.0000,true,1,93453
7290106520066,false,גלילי ופל רבע לשבע 1,הגביע מוצרי ופלים,IL,גלילי ופל רבע לשבע 1,גרמים,160.00,100 גרם,false,,9.90,6.1875,true,1,61313
7290106520288,false,דנונה WOW תות 150 גר,שטראוס,IL,דנונה WOW תות 150 גר,מיליליטרים,150.00,"100 מ""ל",false,,4.50,3.0000,true,1,75775
7290106520905,false,סלט טורקי טעמי השוק,שטראוס,IL,סלט טורקי טעמי השוק,גרמים,400.00,100 גרם,false,,11.90,2.9750,true,1,62189
7290106520912,false,שמנת לבישול 9% יטבתה,שטראוס,IL,שמנת לבישול 9% יטבתה,מיליליטרים,250.00,"100 מ""ל",false,,5.90,2.3600,true,1,63803
7290106524439,false,"תפוציפס תפו""א אפוי 6",שטראוס,IL,"תפוציפס תפו""א אפוי 6",גרמים,60.00,100 גרם,false,,2.90,4.8333,true,1,85269
7290106525399,false,קפסולות עלית מס 06 ב,שטראוס קפה בי.וי,IL,קפסולות עלית מס 06 ב,Unknown,0.00,יחידה,false,,15.50,0.0000,true,1,79996
7290106525405,false,קפסולות עלית נטול מס,שטראוס קפה בי.וי,IL,קפסולות עלית נטול מס,גרמים,50.00,100 גרם,false,,15.50,31.0000,true,1,76417
7290106526822,false,פריכיות אנרג'י תחתית,שטראוס,IL,פריכיות אנרג'י תחתית,גרמים,80.00,100 גרם,false,,7.50,9.3750,true,1,70437
7290106527263,false,מארז תפוציפס כפול 16,שטראוס,IL,מארז תפוציפס כפול 16,גרמים,480.00,100 גרם,false,,23.90,4.9792,true,1,65892
7290106573024,false,סירופ עסיס אננס דיאט,בית השיטה עסיס תעשיו,IL,סירופ עסיס אננס דיאט,קילוגרמים,1.00,ליטר,false,,15.90,15.9000,true,1,84576
7290106573598,false,חומוס לבנוני 400 גרם,,,חומוס לבנוני 400 גרם,גרמים,400.00,100 גרם,false,,11.30,2.8250,true,1,63843
7290106573628,false,חומוס עם טחינה צבר 4,צבר,IL,חומוס עם טחינה צבר 4,גרמים,400.00,100 גרם,false,,11.90,2.9750,true,1,63841
7290106574953,false,בייגלה שטוחים שומשום,אסם,IL,בייגלה שטוחים שומשום,גרמים,300.00,100 גרם,false,,8.90,2.9667,true,1,64571
7290106574977,false,בייגלה שטוחים מלח 30,אסם,IL,בייגלה שטוחים מלח 30,גרמים,300.00,100 גרם,false,,8.90,2.9667,true,1,64570
7290106575431,false,עוגת סופלה שוקו וניל,אסם,IL,עוגת סופלה שוקו וניל,גרמים,340.00,100 גרם,false,,9.90,2.9118,true,1,66054
7290106576513,false,חומוס 400 גרם צבר,צבר,IL,חומוס 400 גרם צבר,גרמים,400.00,100 גרם,false,,8.90,2.2250,true,1,67092
7290106576537,false,חומוס מסעדה צבר 700,צבר,IL,חומוס מסעדה צבר 700,גרמים,700.00,100 גרם,false,,9.90,1.4143,true,1,66074
7290106576797,false,גלידה לה קרמריה וניל,גלידות נסטלה,IL,גלידה לה קרמריה וניל,קילוגרמים,1.40,ליטר,false,,16.90,12.0714,true,1,66833
7290106576834,false,גלידה לה קרמריה פונט,גלידות נסטלה,IL,גלידה לה קרמריה פונט,קילוגרמים,1.40,ליטר,false,,16.90,12.0714,true,1,66837
7290106576919,false,שרבט לה קרמריה תות ל,גלידות נסטלה,IL,שרבט לה קרמריה תות ל,קילוגרמים,1.40,ליטר,false,,16.90,12.0714,true,1,66835
7290106576995,false,שרבט לה קרמריה תות מ,גלידות נסטלה,IL,שרבט לה קרמריה תות מ,קילוגרמים,1.40,ליטר,false,,16.90,12.0714,true,1,67243
7290106577039,false,גלידה לה קרמריה וניל,גלידות נסטלה,IL,גלידה לה קרמריה וניל,קילוגרמים,1.40,ליטר,false,,16.90,12.0714,true,1,66834
7290106577282,false,טחינה צבר 400 גרם,צבר,IL,טחינה צבר 400 גרם,גרמים,400.00,100 גרם,false,,11.90,2.9750,true,1,66062
7290106577572,false,מטבוחה צבר 400 גרם,צבר,IL,מטבוחה צבר 400 גרם,גרמים,400.00,100 גרם,false,,11.90,2.9750,true,1,66061
7290106578692,false,במבה ביסלי מיקס 80 ג,אסם,IL,במבה ביסלי מיקס 80 ג,גרמים,80.00,100 גרם,false,,3.90,4.8750,true,1,67905
7290106578821,false,עוגת שמרים שוקולד אס,אסם,IL,עוגת שמרים שוקולד אס,גרמים,350.00,100 גרם,false,,14.90,4.2571,true,1,67565
7290106660410,false,רביולי תרד וגבינה שט,שטראוס,IL,רביולי תרד וגבינה שט,גרמים,400.00,100 גרם,false,,17.90,4.4750,true,1,69558
7290106662025,false,תפוציפס מלח פלפל 50,שטראוס,IL,תפוציפס מלח פלפל 50,גרמים,50.00,100 גרם,false,,2.90,5.8000,true,1,93872
7290106663091,false,לאבנה 9% שטראוס 500,בר תבור,IL,לאבנה 9% שטראוס 500,מיליליטרים,500.00,"100 מ""ל",false,,13.90,2.7800,true,1,73204
7290106663503,false,קונפיטורה תות לייט י,יד מרדכי,IL,קונפיטורה תות לייט י,גרמים,250.00,100 גרם,false,,11.90,4.7600,true,1,70718
7290106664067,false,לאבנה עם שמן זית וזע,בר תבור,IL,לאבנה עם שמן זית וזע,גרמים,400.00,100 גרם,false,,10.90,2.7250,true,1,74669
7290106668713,false,דנונה פרי פירות יער,שטראוס גרופ,IL,דנונה פרי פירות יער,מיליליטרים,150.00,"100 מ""ל",false,,3.50,2.3333,true,1,73203
7290106669857,false,קפסולות עלית אספרסו,שטראוס קפה בי.וי,IL,קפסולות עלית אספרסו,גרמים,50.00,100 גרם,false,,15.50,31.0000,true,1,82158
7290106721913,false,מסטיק בזוקה צנצנת רי,שטראוס,IL,מסטיק בזוקה צנצנת רי,גרמים,66.00,100 גרם,false,,8.90,13.4848,true,1,73981
7290106721920,false,מסטיק ספירמינט צנצנת,שטראוס,IL,מסטיק ספירמינט צנצנת,גרמים,66.00,100 גרם,false,,8.90,13.4848,true,1,73980
7290106726178,false,דנונה WOW פירות יער,שטראוס,IL,דנונה WOW פירות יער,מיליליטרים,150.00,"100 מ""ל",false,,4.50,3.0000,true,1,74680
7290107280020,false,מטליות לחות סנו סושי,דינאמיק,IL,מטליות לחות סנו סושי,Unknown,0.00,יחידה,false,,14.90,0.0000,true,1,64850
7290107280341,false,מטליות לחות לרצפה בנ,סנו,IL,מטליות לחות לרצפה בנ,Unknown,0.00,יחידה,false,,10.90,0.0000,true,1,94536
7290107280563,false,גל אוקסיגן בייבי 3 ל,סנו,IL,גל אוקסיגן בייבי 3 ל,קילוגרמים,3.00,ליטר,false,,23.90,7.9667,true,1,69880
7290107280600,false,טבליות ספארק למדיח 1,סנו,IL,טבליות ספארק למדיח 1,פריט,2.00,"ק""ג",false,,47.90,23.9500,true,1,84957
7290107280655,false,אבקת מקסימה בייבי 3.,סנו,IL,אבקת מקסימה בייבי 3.,פריט,3.25,"ק""ג",false,,29.90,9.2000,true,1,70590
7290107280709,false,נוזל הברקה למדיח ספא,סנו,IL,נוזל הברקה למדיח ספא,מיליליטרים,700.00,"100 מ""ל",false,,11.90,1.7000,true,1,72071
7290107280716,false,"מלח למדיח ספארק 2 ק""",סנו,IL,"מלח למדיח ספארק 2 ק""",פריט,2.00,"ק""ג",false,,9.90,4.9500,true,1,72073
7290107280761,false,נוזל כלים ספארק + מש,סנו,IL,נוזל כלים ספארק + מש,קילוגרמים,1.00,ליטר,false,,9.90,9.9000,true,1,71048
7290107646833,false,מארז חטיף דגנים עם פ,יוניליוור,IL,מארז חטיף דגנים עם פ,גרמים,167.00,100 גרם,false,,12.90,7.7246,true,1,86705
7290107647656,false,שלגוני סולרו קוקוס א,גלידות שטראוס,IL,שלגוני סולרו קוקוס א,גרמים,354.00,100 גרם,false,,19.50,5.5085,true,1,90329
7290107649605,false,שוקולד קליק קורנפלקס,יוניליוור,IL,שוקולד קליק קורנפלקס,גרמים,85.00,100 גרם,false,,4.90,5.7647,true,1,86840
7290107649735,false,גלידה שטראוס תות לימ,גלידות שטראוס,IL,גלידה שטראוס תות לימ,קילוגרמים,2.00,ליטר,false,,19.50,9.7500,true,1,90547
7290107871532,false,קרחוני נסטלה בטעם מל,גלידות נסטלה,IL,קרחוני נסטלה בטעם מל,גרמים,800.00,100 גרם,false,,12.90,1.6125,true,1,71482
7290107877619,false,מארז במבה במילוי נוג,אסם,IL,מארז במבה במילוי נוג,גרמים,150.00,100 גרם,false,,11.90,7.9333,true,1,75583
7290107879521,false,שלגוני לה פרוטה תות,גלידות נסטלה,IL,שלגוני לה פרוטה תות,גרמים,350.00,100 גרם,false,,16.90,4.8286,true,1,76445
7290107879569,false,שלגוני לה פרוטה מנגו,גלידות נסטלה,IL,שלגוני לה פרוטה מנגו,גרמים,350.00,100 גרם,false,,16.90,4.8286,true,1,76447
7290107930321,false,קונפיטורה דובדבן יד,יד מרדכי,IL,קונפיטורה דובדבן יד,גרמים,340.00,100 גרם,false,,12.90,3.7941,true,1,73976
7290107932080,false,חלב מועשר 3% יטבתה 1,שטראוס,IL,חלב מועשר 3% יטבתה 1,קילוגרמים,1.00,ליטר,false,,6.80,6.8000,true,1,79704
7290107934473,false,מארז יוגורט אקטיביה,שטראוס,IL,מארז יוגורט אקטיביה,קילוגרמים,1.20,ליטר,false,,19.90,16.5833,true,1,74142
7290107937542,false,משקה אקטיביה תות 1.2,שטראוס,IL,משקה אקטיביה תות 1.2,גרמים,250.00,100 גרם,false,,4.80,1.9200,true,1,96951
7290107937627,false,מסטיק מאסט צנצנת מנט,שטראוס,IL,מסטיק מאסט צנצנת מנט,גרמים,58.00,100 גרם,false,,8.90,15.3448,true,1,79717
7290107937634,false,מסטיק מאסט צנצנת קוב,שטראוס,IL,מסטיק מאסט צנצנת קוב,גרמים,58.00,100 גרם,false,,8.90,15.3448,true,1,79716
7290107937641,false,מסטיק בזוקה קוביות צ,שטראוס,IL,מסטיק בזוקה קוביות צ,גרמים,58.00,100 גרם,false,,8.90,15.3448,true,1,79715
7290107937856,false,קפסולות עלית מס 11 ל,שטראוס קפה בי.וי,IL,קפסולות עלית מס 11 ל,גרמים,50.00,100 גרם,false,,15.50,31.0000,true,1,79995
7290107938396,false,אקטימל תות דנונה 8*1,שטראוס,IL,אקטימל תות דנונה 8*1,מיליליטרים,800.00,"100 מ""ל",false,,16.90,2.1125,true,1,89350
7290107940467,false,יוגורט אקטיביה 1.5%,שטראוס,IL,יוגורט אקטיביה 1.5%,מיליליטרים,200.00,"100 מ""ל",false,,3.70,1.8500,true,1,78689
7290107943369,false,שיבולת שועל ל.גלוטן,קוואקר אוטס קומפני,US,שיבולת שועל ל.גלוטן,גרמים,511.00,100 גרם,false,,16.90,3.3072,true,1,88105
7290107944243,false,ופל אפיפית בטעם שוקו,שטראוס,IL,ופל אפיפית בטעם שוקו,גרמים,200.00,100 גרם,false,,6.90,3.4500,true,1,101537
7290107945165,false,קונפיטורה משמש יד מר,יד מרדכי,IL,קונפיטורה משמש יד מר,גרמים,340.00,100 גרם,false,,12.90,3.7941,true,1,82064
7290107950190,false,מעדן דיאט שוקולד מרי,שטראוס,IL,מעדן דיאט שוקולד מרי,מיליליטרים,130.00,"100 מ""ל",false,,2.90,2.2308,true,1,79697
7290107950206,false,מעדן דיאט שוקולד 0%,שטראוס,IL,מעדן דיאט שוקולד 0%,מיליליטרים,130.00,"100 מ""ל",false,,2.90,2.2308,true,1,79698
7290107951104,false,בפלות שוקולד 200 גרם,שטראוס,,בפלות שוקולד 200 גרם,גרמים,200.00,100 גרם,false,,3.90,1.9500,true,1,80005
7290107953559,false,קפה טורקי לדרך 24 יח,שטראוס קפה בי.וי,IL,קפה טורקי לדרך 24 יח,גרמים,168.00,100 גרם,false,,15.90,9.4643,true,1,94235
7290107956642,false,תרסיס שמן זית יד מרד,יד מרדכי,IL,תרסיס שמן זית יד מרד,מיליליטרים,150.00,"100 מ""ל",false,,14.90,9.9333,true,1,100359
7290107956710,false,מארז מילקי מיני שוקו,שטראוס,IL,מארז מילקי מיני שוקו,פריט,1.12,"ק""ג",false,,18.90,16.8750,true,1,82239
7290107956925,false,קפסולות עלית מס 13 א,שטראוס קפה בי.וי,IL,קפסולות עלית מס 13 א,Unknown,0.00,יחידה,false,,15.50,0.0000,true,1,88122
7290107956932,false,קפסולות עלית מס 12 ל,שטראוס קפה בי.וי,IL,קפסולות עלית מס 12 ל,גרמים,50.00,100 גרם,false,,15.50,31.0000,true,1,85106
7290107956963,false,מארז דנונה פרי תות 1,שטראוס גרופ,IL,מארז דנונה פרי תות 1,פריט,1.20,"ק""ג",false,,17.90,14.9167,true,1,83543
7290107958035,false,מארז דנונה במתיקות 8,שטראוס,IL,מארז דנונה במתיקות 8,פריט,1.20,"ק""ג",false,,14.90,12.4167,true,1,84644
7290107970020,false,תרסיס אגקס חלונות 3*,קולגייט פלמוליב,BY,תרסיס אגקס חלונות 3*,קילוגרמים,2.25,ליטר,false,,27.90,12.4000,true,1,72818
7290107971720,false,משחת קולגייט טריפל א,קולגייט פלמוליב,PL,משחת קולגייט טריפל א,גרמים,450.00,100 גרם,false,,24.90,5.5333,true,1,75331
7290107971751,false,מי פה קולגייט טוטאל,קולגייט פלמוליב,PL,מי פה קולגייט טוטאל,מיליליטרים,500.00,"100 מ""ל",false,,14.90,2.9800,true,1,106795
7290107973861,false,מארז עגבניות קצוצות,INTENTO,IT,מארז עגבניות קצוצות,פריט,1.20,"ק""ג",false,,15.90,13.2500,true,1,80376
7290107975346,false,דאו גל ספיד סטיק כח,קולגייט פלמוליב,BY,דאו גל ספיד סטיק כח,Unknown,0.00,יחידה,false,,17.90,0.0000,true,1,87788
7290107975360,false,דאו גל ליידי ספיד סט,קולגייט פלמוליב,BY,דאו גל ליידי ספיד סט,גרמים,65.00,100 גרם,false,,18.90,29.0769,true,1,87782
7290107975544,false,משחת קולגייט ילדים ב,קולגייט פלמוליב,PL,משחת קולגייט ילדים ב,מיליליטרים,50.00,"100 מ""ל",false,,11.90,23.8000,true,1,88065
7290107976848,false,סבון מוצק פלמוליב קמ,קולגייט פלמוליב,,סבון מוצק פלמוליב קמ,גרמים,360.00,100 גרם,false,,14.90,4.1389,true,1,86722
7290107977456,false,ג'ל רחצה פלמוליב לגב,קולגייט פלמוליב,TR,ג'ל רחצה פלמוליב לגב,מיליליטרים,750.00,"100 מ""ל",false,,14.90,1.9867,true,1,93939
7290107978132,false,מברשת קולגייט זיג זג,קולגייט פלמוליב,PL,מברשת קולגייט זיג זג,Unknown,0.00,יחידה,false,,17.90,0.0000,true,1,96952
7290107978453,false,קראנצוס גריל 55 גרם,מנה,IL,קראנצוס גריל 55 גרם,Unknown,0.00,יחידה,false,,1.90,0.0000,true,1,83582
7290107978460,false,קראנצוס פלאפל 55 גרם,מנה,IL,קראנצוס פלאפל 55 גרם,Unknown,0.00,יחידה,false,,1.90,0.0000,true,1,83581
7290108197129,false,"כהל 95% 500 מ""ל כשל""",ישראליקר,IL,"כהל 95% 500 מ""ל כשל""",מיליליטרים,500.00,"100 מ""ל",false,,74.90,14.9800,true,1,90532
7290108350531,false,נוזל כלים ספארק + מש,סנו,IL,נוזל כלים ספארק + מש,קילוגרמים,1.00,ליטר,false,,9.90,9.9000,true,1,72850
7290108350548,false,נוזל כלים ספארק + מש,סנו,IL,נוזל כלים ספארק + מש,קילוגרמים,1.00,ליטר,false,,9.90,9.9000,true,1,72851
7290108350616,false,מרכך מקסימה סופר מרו,סנו,IL,מרכך מקסימה סופר מרו,קילוגרמים,1.00,ליטר,false,,13.90,13.9000,true,1,77301
7290108350623,false,מרכך מקסימה סופר מרו,סנו,IL,מרכך מקסימה סופר מרו,קילוגרמים,1.00,ליטר,false,,13.90,13.9000,true,1,77300
7290108351507,false,מרכך מקסימה אינספריי,סנו,IL,מרכך מקסימה אינספריי,קילוגרמים,4.00,ליטר,false,,18.90,4.7250,true,1,80468
7290108351514,false,מרכך מקסימה בלוסום 4,סנו,IL,מרכך מקסימה בלוסום 4,קילוגרמים,4.00,ליטר,false,,18.90,4.7250,true,1,80467
7290108351521,false,גל מקסימה מאסק 5 ליט,סנו,IL,גל מקסימה מאסק 5 ליט,קילוגרמים,5.00,ליטר,false,,34.90,6.9800,true,1,85037
7290108351613,false,ריצפז פרש הום מלון ח,סנו,IL,ריצפז פרש הום מלון ח,קילוגרמים,2.00,ליטר,false,,17.90,8.9500,true,1,82154
7290108351675,false,גל מקסימה מיקס אנד ו,סנו,IL,גל מקסימה מיקס אנד ו,קילוגרמים,5.00,ליטר,false,,41.90,8.3800,true,1,109509
7290108351682,false,גל מקסימה ביו קולד 5,סנו,IL,גל מקסימה ביו קולד 5,קילוגרמים,5.00,ליטר,false,,41.90,8.3800,true,1,87769
7290108351804,false,מרכך מקסימה סופר מרו,סנו,IL,מרכך מקסימה סופר מרו,קילוגרמים,1.00,ליטר,false,,13.90,13.9000,true,1,92972
7290108351811,false,מרכך מקסימה סופר מרו,סנו,IL,מרכך מקסימה סופר מרו,קילוגרמים,1.00,ליטר,false,,13.90,13.9000,true,1,92973
7290108351835,false,מרכך מקסימה פלורל 4,סנו,IL,מרכך מקסימה פלורל 4,קילוגרמים,4.00,ליטר,false,,18.90,4.7250,true,1,94312
7290108352047,false,מברשת אורביטול לחניכ,סנו,IL,מברשת אורביטול לחניכ,Unknown,0.00,יחידה,false,,18.90,0.0000,true,1,108265
7290108352054,false,מברשת אורביטול סיבים,סנו,IL,מברשת אורביטול סיבים,Unknown,0.00,יחידה,false,,18.90,0.0000,true,1,108266
7290108352115,false,סבון אסלה סנובון ז'א,סנו,IL,סבון אסלה סנובון ז'א,גרמים,165.00,100 גרם,false,,9.90,6.0000,true,1,94743
7290108352207,false,קפסולות ג'ל מקסימה פ,סנו,IL,קפסולות ג'ל מקסימה פ,Unknown,0.00,יחידה,false,,26.90,0.0000,true,1,96648
7290108352214,false,קפסולות ג'ל מקסימה ב,סנו,IL,קפסולות ג'ל מקסימה ב,Unknown,0.00,יחידה,false,,26.90,0.0000,true,1,96649
7290108352252,false,נוזל כלים ספארק לחיט,סנו,IL,נוזל כלים ספארק לחיט,קילוגרמים,1.00,ליטר,false,,9.90,9.9000,true,1,98261
7290108352337,false,מבשם אויר סנו פרש או,סנו,IL,מבשם אויר סנו פרש או,מיליליטרים,250.00,"100 מ""ל",false,,12.90,5.1600,true,1,108277
7290108352344,false,מבשם אויר סנו פרש או,סנו,IL,מבשם אויר סנו פרש או,מיליליטרים,250.00,"100 מ""ל",false,,12.90,5.1600,true,1,108278
7290108352399,false,ריצפז פרש הום בניחוח,סנו,IL,ריצפז פרש הום בניחוח,קילוגרמים,2.00,ליטר,false,,17.90,8.9500,true,1,106789
7290108352498,false,סנו פרש מכשיר אוטומט,סנו,IL,סנו פרש מכשיר אוטומט,Unknown,0.00,יחידה,false,,39.90,0.0000,true,1,108275
7290108352511,false,מקסימה ניקוי וחיטוי,סנו,IL,מקסימה ניקוי וחיטוי,מיליליטרים,500.00,"100 מ""ל",false,,11.90,2.3800,true,1,102144
7290108352535,false,דפי בישום לחים מקסימ,,IL,דפי בישום לחים מקסימ,Unknown,0.00,יחידה,false,,11.90,0.0000,true,1,108267
7290108352566,false,מרכך מקסימה ג וי 4 ל,סנו,IL,מרכך מקסימה ג וי 4 ל,קילוגרמים,4.00,ליטר,false,,18.90,4.7250,true,1,106792
7290108352573,false,מרכך מקסימה קאלם 4 ל,סנו,IL,מרכך מקסימה קאלם 4 ל,קילוגרמים,4.00,ליטר,false,,18.90,4.7250,true,1,108264
7290108352672,false,מטליות רצפה מיקרופיי,סנו,IL,מטליות רצפה מיקרופיי,Unknown,0.00,יחידה,false,,18.90,0.0000,true,1,82658
7290108352689,false,כריות קרצוף סנו סושי,סנו,IL,כריות קרצוף סנו סושי,Unknown,0.00,יחידה,false,,9.90,0.0000,true,1,77342
7290108352696,false,ניילון נצמד סנו סושי,FV HK,IL,ניילון נצמד סנו סושי,מטרים,100.00,מטר,false,,29.90,0.2990,true,1,89386
7290108352825,false,ספוג הפלא נירוסטה סנ,U F O,IL,ספוג הפלא נירוסטה סנ,Unknown,0.00,יחידה,false,,9.90,0.0000,true,1,87773
7290108353532,false,שקיות אשפה עם שרוך 5,סנו,IL,שקיות אשפה עם שרוך 5,Unknown,0.00,יחידה,false,,29.90,0.0000,true,1,94540
7290108353686,false,מטלית רצפה מיקרופייב,N S,IL,מטלית רצפה מיקרופייב,Unknown,0.00,יחידה,false,,11.70,0.0000,true,1,99723
7290108353747,false,תחליב קרמה + משאבה א,קוסמופארם,IL,תחליב קרמה + משאבה א,מיליליטרים,600.00,"100 מ""ל",false,,16.50,2.7500,true,1,109299
7290108353761,false,תחליב קרמה + משאבה ז,קוסמופארם,IL,תחליב קרמה + משאבה ז,מיליליטרים,600.00,"100 מ""ל",false,,16.50,2.7500,true,1,109300
7290108353815,false,תחליב קרמה + משאבה מ,קוסמופארם,IL,תחליב קרמה + משאבה מ,מיליליטרים,600.00,"100 מ""ל",false,,16.50,2.7500,true,1,109301
7290108353983,false,קרם גוף קרמה קלאסי 5,קוסמופארם,IL,קרם גוף קרמה קלאסי 5,מיליליטרים,500.00,"100 מ""ל",false,,19.90,3.9800,true,1,98285
7290108353990,false,קרם גוף קרמה מאסק 50,קוסמופארם,IL,קרם גוף קרמה מאסק 50,מיליליטרים,500.00,"100 מ""ל",false,,19.90,3.9800,true,1,98286
7290108354270,false,מרכך מקסימה סופר מרו,סנו,IL,מרכך מקסימה סופר מרו,קילוגרמים,1.00,ליטר,false,,13.90,13.9000,true,1,106793
7290108354447,false,מרכך כיף שמן קוקוס ו,סנו,IL,מרכך כיף שמן קוקוס ו,מיליליטרים,700.00,"100 מ""ל",false,,9.90,1.4143,true,1,100295
7290108354485,false,מרכך קרליין 10 ארגן,סנו,IL,מרכך קרליין 10 ארגן,מיליליטרים,700.00,"100 מ""ל",false,,10.90,1.5571,true,1,109689
7290108354492,false,שמפו קרליין 10 ארגן,סנו,IL,שמפו קרליין 10 ארגן,מיליליטרים,700.00,"100 מ""ל",false,,10.90,1.5571,true,1,109690
7290108354607,false,שמפו נקה 7  ביו 750,אמיליה קוסמטיקס,IL,שמפו נקה 7  ביו 750,מיליליטרים,750.00,"100 מ""ל",false,,9.90,1.3200,true,1,108262
7290108354614,false,מרכך נקה 7  ביו 750,אמיליה קוסמטיקס,IL,מרכך נקה 7  ביו 750,מיליליטרים,750.00,"100 מ""ל",false,,9.90,1.3200,true,1,108263
7290108354850,false,דאו רול און קרמה ברי,סנו,IL,דאו רול און קרמה ברי,מיליליטרים,75.00,"100 מ""ל",false,,11.90,15.8667,true,1,98294
7290108355154,false,שמפו נקה 7 שמני הזנה,אמיליה קוסמטיקס,IL,שמפו נקה 7 שמני הזנה,מיליליטרים,750.00,"100 מ""ל",false,,9.90,1.3200,true,1,87774
7290108355161,false,מרכך נקה 7 שמני הזנה,אמיליה קוסמטיקס,IL,מרכך נקה 7 שמני הזנה,מיליליטרים,750.00,"100 מ""ל",false,,9.90,1.3200,true,1,87775
7290108355451,false,דאו רול און קרמה ורד,סנו,IL,דאו רול און קרמה ורד,מיליליטרים,75.00,"100 מ""ל",false,,11.90,15.8667,true,1,98295
7290108355468,false,דאו רול און קרמה נרו,סנו,IL,דאו רול און קרמה נרו,מיליליטרים,75.00,"100 מ""ל",false,,11.90,15.8667,true,1,98296
7290108356106,false,תחליב רחצה כיף חלב ש,סנו,IL,תחליב רחצה כיף חלב ש,מיליליטרים,700.00,"100 מ""ל",false,,9.90,1.4143,true,1,88622
7290108356113,false,תחליב רחצה כיף חלב ו,סנו,IL,תחליב רחצה כיף חלב ו,מיליליטרים,700.00,"100 מ""ל",false,,9.90,1.4143,true,1,88623
7290108356120,false,תחליב רחצה כיף קוקוס,סנו,IL,תחליב רחצה כיף קוקוס,מיליליטרים,700.00,"100 מ""ל",false,,9.90,1.4143,true,1,88625
7290108356151,false,תחליב רחצה כיף מאסק,סנו,IL,תחליב רחצה כיף מאסק,מיליליטרים,700.00,"100 מ""ל",false,,9.90,1.4143,true,1,88621
7290108356168,false,תחליב רחצה כיף אוקיי,סנו,IL,תחליב רחצה כיף אוקיי,מיליליטרים,700.00,"100 מ""ל",false,,9.90,1.4143,true,1,88626
7290108356175,false,אלסבון כיף אבטיח מנט,סנו,IL,אלסבון כיף אבטיח מנט,קילוגרמים,1.00,ליטר,false,,9.90,9.9000,true,1,98287
7290108356182,false,אלסבון כיף תאנה ותה,סנו,IL,אלסבון כיף תאנה ותה,קילוגרמים,1.00,ליטר,false,,9.90,9.9000,true,1,98288
7290108356199,false,אלסבון כיף אפרסק ופל,סנו,IL,אלסבון כיף אפרסק ופל,קילוגרמים,1.00,ליטר,false,,9.90,9.9000,true,1,98289
7290108356489,false,תחליב רחצה כיף אפרסק,סנו,IL,תחליב רחצה כיף אפרסק,מיליליטרים,700.00,"100 מ""ל",false,,9.90,1.4143,true,1,108271
7290108356519,false,שמפו קרליין 10 פרוטא,סנו,IL,שמפו קרליין 10 פרוטא,מיליליטרים,700.00,"100 מ""ל",false,,10.90,1.5571,true,1,109685
7290108356526,false,שמפו קרליין 10 פרוטא,סנו,IL,שמפו קרליין 10 פרוטא,מיליליטרים,700.00,"100 מ""ל",false,,10.90,1.5571,true,1,109686
7290108356533,false,שמפו קרליין 10 פרוטא,סנו,IL,שמפו קרליין 10 פרוטא,מיליליטרים,700.00,"100 מ""ל",false,,10.90,1.5571,true,1,109687
7290108356557,false,שמפו קרליין 10 פרוטא,סנו,IL,שמפו קרליין 10 פרוטא,מיליליטרים,700.00,"100 מ""ל",false,,10.90,1.5571,true,1,109691
7290108356564,false,מרכך קרליין 10 פרוטא,סנו,IL,מרכך קרליין 10 פרוטא,מיליליטרים,700.00,"100 מ""ל",false,,10.90,1.5571,true,1,109692
7290108356571,false,מרכך קרליין 10 פרוטא,סנו,IL,מרכך קרליין 10 פרוטא,מיליליטרים,700.00,"100 מ""ל",false,,10.90,1.5571,true,1,109693
7290108356588,false,מרכך קרליין 10 פרוטא,סנו,IL,מרכך קרליין 10 פרוטא,מיליליטרים,700.00,"100 מ""ל",false,,10.90,1.5571,true,1,109694
7290108356854,false,מגבונים בייבי כיף 5*,סנו,IL,מגבונים בייבי כיף 5*,Unknown,0.00,יחידה,false,,19.90,0.0000,true,1,104076
7290108357011,false,מרכך כיף ורד ושמן קו,סנו,IL,מרכך כיף ורד ושמן קו,מיליליטרים,700.00,"100 מ""ל",false,,9.90,1.4143,true,1,96642
7290108357189,false,תרסיס מקסימה למייבש,סנו,IL,תרסיס מקסימה למייבש,מיליליטרים,750.00,"100 מ""ל",false,,16.90,2.2533,true,1,96643
7290108357202,false,תרסיס סנוקליר בלו בל,סנו,IL,תרסיס סנוקליר בלו בל,קילוגרמים,1.00,ליטר,false,,8.90,8.9000,true,1,100296
7290108357226,false,אבקת אוקסיג'ן לכביסה,,IL,אבקת אוקסיג'ן לכביסה,פריט,1.40,"ק""ג",false,,27.90,19.9286,true,1,108272
7290108357240,false,אבקת אוקסיג'ן לכביסה,,IL,אבקת אוקסיג'ן לכביסה,פריט,1.40,"ק""ג",false,,27.90,19.9286,true,1,108269
7290108357257,false,סנו פרש מכשיר אוטומט,סנו,IL,סנו פרש מכשיר אוטומט,Unknown,0.00,יחידה,false,,39.90,0.0000,true,1,108276
7290108357264,false,מבשם אויר סנו פרש או,סנו,IL,מבשם אויר סנו פרש או,מיליליטרים,250.00,"100 מ""ל",false,,12.90,5.1600,true,1,108279
7290108357288,false,אקונומיקה סנו גאוול,סנו,IL,אקונומיקה סנו גאוול,קילוגרמים,4.00,ליטר,false,,15.90,3.9750,true,1,106790
7290108357295,false,תרסיס אוקסיגן לכביסה,סנו,IL,תרסיס אוקסיגן לכביסה,מיליליטרים,750.00,"100 מ""ל",false,,13.90,1.8533,true,1,108270
7290108357394,false,תחליב קרמה חלב ודבש,קוסמופארם,IL,תחליב קרמה חלב ודבש,מיליליטרים,700.00,"100 מ""ל",false,,16.50,2.3571,true,1,102140
7290108357417,false,קרם גוף קרמה ורד וני,קוסמופארם,IL,קרם גוף קרמה ורד וני,מיליליטרים,500.00,"100 מ""ל",false,,19.90,3.9800,true,1,98290
7290108357707,false,שמפו כיף לשיער רגיל,סנו,IL,שמפו כיף לשיער רגיל,מיליליטרים,700.00,"100 מ""ל",false,,9.90,1.4143,true,1,90923
7290108357769,false,מרכך כיף לשיער רגיל,סנו,IL,מרכך כיף לשיער רגיל,מיליליטרים,700.00,"100 מ""ל",false,,9.90,1.4143,true,1,90917
7290108357776,false,מרכך כיף לשיער יבש 7,סנו,IL,מרכך כיף לשיער יבש 7,מיליליטרים,700.00,"100 מ""ל",false,,9.90,1.4143,true,1,90918
7290108357851,false,ג'ל רחצה כיף מועשר ב,סנו,IL,ג'ל רחצה כיף מועשר ב,מיליליטרים,700.00,"100 מ""ל",false,,9.90,1.4143,true,1,106787
7290108357868,false,ג'ל רחצה כיף מועשר ב,סנו,IL,ג'ל רחצה כיף מועשר ב,מיליליטרים,700.00,"100 מ""ל",false,,9.90,1.4143,true,1,106788
7290108357882,false,מרכך כיף אפרסק וחמאת,סנו,IL,מרכך כיף אפרסק וחמאת,מיליליטרים,700.00,"100 מ""ל",false,,11.50,1.6429,true,1,108274
7290108358070,false,תחליב קרמה קלאסי 700,קוסמופארם,IL,תחליב קרמה קלאסי 700,מיליליטרים,700.00,"100 מ""ל",false,,16.50,2.3571,true,1,102142
7290108358087,false,תחליב קרמה מאסק 700,קוסמופארם,IL,תחליב קרמה מאסק 700,מיליליטרים,700.00,"100 מ""ל",false,,16.50,2.3571,true,1,102143
7290108358100,false,מקלות ריחניים סנו פר,סנו,IL,מקלות ריחניים סנו פר,מיליליטרים,100.00,"100 מ""ל",false,,19.90,19.9000,true,1,106784
7290108358117,false,מקלות ריחניים סנו פר,סנו,IL,מקלות ריחניים סנו פר,מיליליטרים,100.00,"100 מ""ל",false,,19.90,19.9000,true,1,106785
7290108358124,false,דפי בישום לחים מקסימ,,IL,דפי בישום לחים מקסימ,Unknown,0.00,יחידה,false,,11.90,0.0000,true,1,109298
7290108359060,false,כריות ניקוי לשבת סנו,סנו,IL,כריות ניקוי לשבת סנו,Unknown,0.00,יחידה,false,,9.90,0.0000,true,1,104078
7290108359824,false,קרם גוף בייבי כיף 50,סנו,IL,קרם גוף בייבי כיף 50,מיליליטרים,500.00,"100 מ""ל",false,,19.90,3.9800,true,1,88557
7290108359831,false,שמן לתינוק בייבי כיף,סנו,IL,שמן לתינוק בייבי כיף,מיליליטרים,500.00,"100 מ""ל",false,,19.90,3.9800,true,1,88552
7290108359848,false,שמפו בייבי כיף אל דמ,סנו,IL,שמפו בייבי כיף אל דמ,קילוגרמים,1.00,ליטר,false,,17.90,17.9000,true,1,88550
7290108359862,false,אל סבון בייבי כיף 1,סנו,IL,אל סבון בייבי כיף 1,קילוגרמים,1.00,ליטר,false,,17.90,17.9000,true,1,88551
7290108359886,false,תחליב רחצה בייבי כיף,סנו,IL,תחליב רחצה בייבי כיף,קילוגרמים,1.00,ליטר,false,,17.90,17.9000,true,1,88549
7290108359985,false,תרסיס ניקוי סנו גאוו,סנו,IL,תרסיס ניקוי סנו גאוו,קילוגרמים,1.00,ליטר,false,,13.90,13.9000,true,1,106791
7290108500677,false,כבד דג שיבוט וילי פו,ניולאט פוד,IT,כבד דג שיבוט וילי פו,גרמים,120.00,100 גרם,false,,9.90,8.2500,true,1,101721
7290108502510,false,קרקר קלאסי טבעי וילי,קולוסי אס פי איי,IT,קרקר קלאסי טבעי וילי,גרמים,500.00,100 גרם,false,,9.90,1.9800,true,1,88274
7290108503647,false,אורז בסמטי דאווט 1 ק,lt foods,IN,אורז בסמטי דאווט 1 ק,פריט,1.00,"ק""ג",false,,11.90,11.9000,true,1,90841
7290108503975,false,קנלוני פסטה איטליאנה,פוד טאק,IT,קנלוני פסטה איטליאנה,גרמים,250.00,100 גרם,false,,9.90,3.9600,true,1,96335
7290108505740,false,גבינת קשקבל 25% יורו,אונטד גידה,TR,גבינת קשקבל 25% יורו,גרמים,200.00,100 גרם,false,,12.90,6.4500,true,1,107642
7290108507058,false,ביסקוויט פריך בשוקול,מודרן צוקולטה,TR,ביסקוויט פריך בשוקול,מיליליטרים,100.00,"100 מ""ל",false,,3.90,3.9000,true,1,105439
7290108507645,false,ביסקוויט פריך בשוקול,מודרן צוקולטה,TR,ביסקוויט פריך בשוקול,מיליליטרים,100.00,"100 מ""ל",false,,3.90,3.9000,true,1,105440
7290108507652,false,ביסקוויט פריך בשוקול,מודרן צוקולטה,TR,ביסקוויט פריך בשוקול,מיליליטרים,100.00,"100 מ""ל",false,,3.90,3.9000,true,1,105441
7290108508451,false,משקה יוגורט טבעי יור,אקר,TR,משקה יוגורט טבעי יור,מיליליטרים,200.00,"100 מ""ל",false,,4.90,2.4500,true,1,101471
7290108508499,false,משקה איירן יוגורט בס,אקר,TR,משקה איירן יוגורט בס,מיליליטרים,293.00,"100 מ""ל",false,,4.90,1.6724,true,1,101475
7290108508765,false,פתיתים קונכיות ויליפ,גדיה,TR,פתיתים קונכיות ויליפ,גרמים,400.00,100 גרם,false,,4.90,1.2250,true,1,104281
7290108508772,false,פתיתים קונכיות תרד ו,גדיה,TR,פתיתים קונכיות תרד ו,גרמים,400.00,100 גרם,false,,4.90,1.2250,true,1,104280
7290108620023,false,יין קפיטל קברנה סובי,יקבי ציון,IL,יין קפיטל קברנה סובי,מיליליטרים,750.00,"100 מ""ל",false,,49.90,6.6533,true,1,105256
7290108620030,false,יין קפיטל מרלו,יקבי ציון,IL,יין קפיטל מרלו,מיליליטרים,750.00,"100 מ""ל",false,,49.90,6.6533,true,1,105257
7290108620054,false,יין אסטייט קברנה סוב,יקבי ציון,IL,יין אסטייט קברנה סוב,מיליליטרים,750.00,"100 מ""ל",false,,39.90,5.3200,true,1,97805
7290108620115,false,יין אימפריאל מרלו,יקבי ציון,IL,יין אימפריאל מרלו,מיליליטרים,750.00,"100 מ""ל",false,,29.90,3.9867,true,1,97802
7290108620153,false,יין אסטייט קברנה סמי,יקבי ציון,IL,יין אסטייט קברנה סמי,מיליליטרים,750.00,"100 מ""ל",false,,34.90,4.6533,true,1,97809
7290108620177,false,יין פאלאס בלנד אדום,יקבי ציון,IL,יין פאלאס בלנד אדום,מיליליטרים,750.00,"100 מ""ל",false,,24.90,3.3200,true,1,97803
7290108620214,false,יין פאלאס בלנד לבן י,יקבי ציון,IL,יין פאלאס בלנד לבן י,מיליליטרים,750.00,"100 מ""ל",false,,24.90,3.3200,true,1,97804
7290108620245,false,מיץ ענבים תירוש לבן,יקבי ציון,IL,מיץ ענבים תירוש לבן,קילוגרמים,1.00,ליטר,false,,16.90,16.9000,true,1,105846
7290108620351,false,יין גן עדן מוסקט המב,יקבי ציון,IL,יין גן עדן מוסקט המב,מיליליטרים,750.00,"100 מ""ל",false,,19.90,2.6533,true,1,105843
7290108620368,false,יין גן עדן מוסקט אלכ,יקבי ציון,IL,יין גן עדן מוסקט אלכ,מיליליטרים,750.00,"100 מ""ל",false,,19.90,2.6533,true,1,105844
7290108621105,false,יין 1848 לימיטד אדיש,,IL,יין 1848 לימיטד אדיש,מיליליטרים,750.00,"100 מ""ל",false,,159.90,21.3200,true,1,99337
7290108621167,false,יין 1848 לימיטד אידי,,IL,יין 1848 לימיטד אידי,קילוגרמים,1.50,ליטר,false,,399.90,266.6000,true,1,106517
7290109351025,false,חומוסטחינה צבר 400 ג,צבר,IL,חומוסטחינה צבר 400 ג,גרמים,400.00,100 גרם,false,,13.90,3.4750,true,1,74969
7290109351971,false,פריכיות דגנים מצופות,אסם,IL,פריכיות דגנים מצופות,גרמים,84.00,100 גרם,false,,11.90,14.1667,true,1,86500
7290109352916,false,פריכיות דגנים מצופות,אסם,IL,פריכיות דגנים מצופות,גרמים,84.00,100 גרם,false,,11.90,14.1667,true,1,86499
7290109354057,false,שלגוני לה פרוטה תפוז,גלידות נסטלה,IL,שלגוני לה פרוטה תפוז,גרמים,350.00,100 גרם,false,,16.90,4.8286,true,1,78576
7290109354101,false,לחמית ל.גלוטן אסם 20,אסם,IL,לחמית ל.גלוטן אסם 20,גרמים,200.00,100 גרם,false,,6.90,3.4500,true,1,82487
7290109358482,false,עוגיות קרמוגית במילו,אסם,IL,עוגיות קרמוגית במילו,גרמים,200.00,100 גרם,false,,9.90,4.9500,true,1,90089
7290109358765,false,דגני בוקר קראנצ רולס,אסם,IL,דגני בוקר קראנצ רולס,גרמים,450.00,100 גרם,false,,19.90,4.4222,true,1,81822
7290109580043,false,שניצל תירס זוגלובק 1,זוגלובק,IL,שניצל תירס זוגלובק 1,פריט,1.75,"ק""ג",false,,49.90,28.5143,true,1,98727
7290109580142,false,נקניקיות מן הצומח זו,זוגלובק,IL,נקניקיות מן הצומח זו,פריט,1.75,"ק""ג",false,,41.90,23.9429,true,1,102170
7290109580241,false,נאגטס שניצלונים מן ה,זוגלובק,IL,נאגטס שניצלונים מן ה,גרמים,500.00,100 גרם,false,,21.90,4.3800,true,1,108206
7290109580258,false,מארז חרמון כפרית וסל,זוגלובק,IL,מארז חרמון כפרית וסל,גרמים,600.00,100 גרם,false,,25.90,4.3167,true,1,108207
7290109580302,false,מארז תה מעושן וחרמון,זוגלובק,IL,מארז תה מעושן וחרמון,גרמים,700.00,100 גרם,false,,25.90,3.7000,true,1,108939
7290109580326,false,נקניקיות עוף זוגלובק,זוגלובק,IL,נקניקיות עוף זוגלובק,גרמים,800.00,100 גרם,false,,19.90,2.4875,true,1,108940
7290109580357,false,מארז חרמון וברביקיו,זוגלובק,IL,מארז חרמון וברביקיו,גרמים,600.00,100 גרם,false,,25.90,4.3167,true,1,108941
7290110000288,false,מיץ שזיפים מיובשים ב,היליו פאקינג קוסמי א,,מיץ שזיפים מיובשים ב,מיליליטרים,946.00,"100 מ""ל",false,,22.90,2.4207,true,1,83258
7290110000479,false,פריכיות אורז ללא מלח,בטר אנד דיפרנט,IL,פריכיות אורז ללא מלח,גרמים,210.00,100 גרם,false,,7.90,3.7619,true,1,88748
7290110000486,false,פריכיות אורז עם כוסמ,בטר אנד דיפרנט,IL,פריכיות אורז עם כוסמ,גרמים,210.00,100 גרם,false,,7.90,3.7619,true,1,88749
7290110000493,false,חמאת בוטנים קראנצ'י,בטר אנד דיפרנט,IL,חמאת בוטנים קראנצ'י,גרמים,350.00,100 גרם,false,,13.90,3.9714,true,1,95219
7290110000967,false,ממתיק נוזלי מתוקל 39,עין חרוד,IL,ממתיק נוזלי מתוקל 39,גרמים,390.00,100 גרם,false,,14.90,3.8205,true,1,94885
7290110001315,false,מיכל חלבי 2 ליטר 4 י,בטר אנד דיפרנט,IL,מיכל חלבי 2 ליטר 4 י,Unknown,0.00,יחידה,false,,14.90,0.0000,true,1,103123
7290110001612,false,ממתיק צמחי אריתריטול,בטר אנד דיפרנט,IL,ממתיק צמחי אריתריטול,פריט,1.00,"ק""ג",false,,39.90,39.9000,true,1,106536
7290110001995,false,מארז 4 קופסאות אחסון,בטר אנד דיפרנט,IL,מארז 4 קופסאות אחסון,Unknown,0.00,יחידה,false,,11.90,0.0000,true,1,109900
7290110002008,false,מארז 4 קופסאות אחסון,בטר אנד דיפרנט,IL,מארז 4 קופסאות אחסון,Unknown,0.00,יחידה,false,,11.90,0.0000,true,1,109901
7290110002206,false,שמן קוקוס מזוכך ב.ד.,בטר אנד דיפרנט,IL,שמן קוקוס מזוכך ב.ד.,מיליליטרים,500.00,"100 מ""ל",false,,19.90,3.9800,true,1,107259
7290110110277,false,סיידר תפוחים סומרסבי,קרלסברג יבוא יצוא,RO,סיידר תפוחים סומרסבי,קילוגרמים,1.98,ליטר,false,,24.90,12.5758,true,1,102557
7290110110369,false,מארז בירה קרלסברג לו,קרלסברג ישראל,IL,מארז בירה קרלסברג לו,קילוגרמים,1.98,ליטר,false,,34.90,17.6263,true,1,98314
7290110110659,false,"ספרייט 330 מ""ל",קוקה קולה,IL,"ספרייט 330 מ""ל",מיליליטרים,330.00,"100 מ""ל",false,,4.90,1.4848,true,1,96542
7290110110703,false,"מארז ספרייט 6*330 מ""",קוקה קולה,IL,"מארז ספרייט 6*330 מ""",קילוגרמים,1.98,ליטר,false,,21.90,11.0606,true,1,86207
7290110111809,false,מארז פאנטה אורנג 6*3,קוקה קולה,IL,מארז פאנטה אורנג 6*3,קילוגרמים,1.98,ליטר,false,,19.90,10.0505,true,1,90944
7290110113261,false,נקטר חמוציות אושן ספ,פריגת,IL,נקטר חמוציות אושן ספ,קילוגרמים,1.00,ליטר,false,,11.20,11.2000,true,1,105446
7290110114787,false,נביעות מים בטעם תפוח,נביעות,IL,נביעות מים בטעם תפוח,קילוגרמים,1.50,ליטר,false,,8.00,5.3333,true,1,104790
7290110114794,false,נביעות מים בטעם אפרס,נביעות,IL,נביעות מים בטעם אפרס,קילוגרמים,1.50,ליטר,false,,8.00,5.3333,true,1,104791
7290110114800,false,נביעות מים בטעם ענבי,נביעות,IL,נביעות מים בטעם ענבי,קילוגרמים,1.50,ליטר,false,,8.00,5.3333,true,1,104792
7290110114855,false,מים נביעות 6*1.5 ליט,נביעות,IL,מים נביעות 6*1.5 ליט,קילוגרמים,9.00,ליטר,false,,11.90,1.3222,true,1,104794
7290110114954,false,מיץ תפוזים מתקתק פרי,גת,IL,מיץ תפוזים מתקתק פרי,קילוגרמים,2.00,ליטר,false,,19.90,9.9500,true,1,104776
7290110114961,false,פריגת תפוזים 1.5 ליט,פריגת,IL,פריגת תפוזים 1.5 ליט,קילוגרמים,1.50,ליטר,false,,8.80,5.8667,true,1,104795
7290110114985,false,פריגת אשכוליות 1.5 ל,פריגת,IL,פריגת אשכוליות 1.5 ל,קילוגרמים,1.50,ליטר,false,,8.80,5.8667,true,1,104797
7290110114992,false,פריגת אשכוליות דיאט,פריגת,IL,פריגת אשכוליות דיאט,קילוגרמים,1.50,ליטר,false,,7.80,5.2000,true,1,104798
7290110115005,false,פריגת ענבים 1.5 ליטר,פריגת,IL,פריגת ענבים 1.5 ליטר,קילוגרמים,1.50,ליטר,false,,8.80,5.8667,true,1,104799
7290110115036,false,פריגת מנגו 1.5 ליטר,פריגת,IL,פריגת מנגו 1.5 ליטר,קילוגרמים,1.50,ליטר,false,,8.80,5.8667,true,1,104802
7290110115043,false,פריגת לימונענע 1.5 ל,פריגת,IL,פריגת לימונענע 1.5 ל,קילוגרמים,1.50,ליטר,false,,8.80,5.8667,true,1,104803
7290110115050,false,פריגת מיקס תות בננה,פריגת,IL,פריגת מיקס תות בננה,קילוגרמים,1.50,ליטר,false,,8.80,5.8667,true,1,104804
7290110115081,false,פריגת צלול ענבים 1.5,פריגת,IL,פריגת צלול ענבים 1.5,קילוגרמים,1.50,ליטר,false,,8.20,5.4667,true,1,104808
7290110115104,false,פריגת צלול אפרסק 1.5,פריגת,IL,פריגת צלול אפרסק 1.5,קילוגרמים,1.50,ליטר,false,,8.20,5.4667,true,1,104809
7290110115111,false,פריגת צלול אננס 1.5,פריגת,IL,פריגת צלול אננס 1.5,קילוגרמים,1.50,ליטר,false,,8.20,5.4667,true,1,104810
7290110115128,false,פריגת צלול לימונענע,פריגת,IL,פריגת צלול לימונענע,קילוגרמים,1.50,ליטר,false,,8.20,5.4667,true,1,104811
7290110115180,false,מים נביעות 1.5 ליטר,נביעות,IL,מים נביעות 1.5 ליטר,קילוגרמים,1.50,ליטר,false,,1.90,1.2667,true,1,105258
7290110115203,false,קוקה קולה 1.5 ליטר,קוקה קולה,IL,קוקה קולה 1.5 ליטר,קילוגרמים,1.50,ליטר,false,,8.90,5.9333,true,1,104812
7290110115227,false,קוקה קולה זירו 1.5 ל,קוקה קולה,IL,קוקה קולה זירו 1.5 ל,קילוגרמים,1.50,ליטר,false,,8.90,5.9333,true,1,104814
7290110115234,false,קוקה קולה זירו נטול,החברה המרכזית לייצור,IL,קוקה קולה זירו נטול,קילוגרמים,1.50,ליטר,false,,8.90,5.9333,true,1,104815
7290110115241,false,קוקה קולה זירו לימון,החברה המרכזית לייצור,IL,קוקה קולה זירו לימון,קילוגרמים,1.50,ליטר,false,,8.90,5.9333,true,1,104816
7290110115265,false,ספרייט למון ליים 1.5,החברה המרכזית לייצור,IL,ספרייט למון ליים 1.5,קילוגרמים,1.50,ליטר,false,,8.90,5.9333,true,1,104820
7290110115272,false,ספרייט זירו 1.5 ליטר,החברה המרכזית לייצור,IL,ספרייט זירו 1.5 ליטר,קילוגרמים,1.50,ליטר,false,,8.10,5.4000,true,1,104821
7290110115289,false,ספרייט לימון נענע 1.,קוקה קולה,IL,ספרייט לימון נענע 1.,קילוגרמים,1.50,ליטר,false,,8.90,5.9333,true,1,104824
7290110115319,false,פאנטה אקזוטיק 1.5 לי,קוקה קולה,IL,פאנטה אקזוטיק 1.5 לי,קילוגרמים,1.50,ליטר,false,,8.20,5.4667,true,1,104830
7290110115340,false,פאנטה ענבים 1.5 ליטר,קוקה קולה,IL,פאנטה ענבים 1.5 ליטר,קילוגרמים,1.50,ליטר,false,,8.20,5.4667,true,1,104833
7290110115364,false,מארז קוקה קולה 6*1.5,קוקה קולה,IL,מארז קוקה קולה 6*1.5,קילוגרמים,9.00,ליטר,false,,49.90,5.5444,true,1,104818
7290110115388,false,מארז ספרייט ליים 6*1,קוקה קולה,IL,מארז ספרייט ליים 6*1,קילוגרמים,9.00,ליטר,false,,49.90,5.5444,true,1,104827
7290110115395,false,מארז ספרייט זירו 6*1,החברה המרכזית לייצור,IL,מארז ספרייט זירו 6*1,קילוגרמים,9.00,ליטר,false,,46.90,5.2111,true,1,104828
7290110115401,false,מארז סודה קינלי 6 *1,קוקה קולה,IL,מארז סודה קינלי 6 *1,קילוגרמים,9.00,ליטר,false,,14.90,1.6556,true,1,104834
7290110115418,false,מארז קוקה קולה זירו,קוקה קולה,IL,מארז קוקה קולה זירו,קילוגרמים,9.00,ליטר,false,,46.90,5.2111,true,1,104819
7290110115425,false,פיוז תה ירוק לימון נ,FUZE TEA,IL,פיוז תה ירוק לימון נ,קילוגרמים,1.50,ליטר,false,,8.50,5.6667,true,1,104835
7290110115449,false,פיוז תה אננס 1.5 ליט,FUZE TEA,IL,פיוז תה אננס 1.5 ליט,קילוגרמים,1.50,ליטר,false,,8.50,5.6667,true,1,104837
7290110115456,false,פיוז תה אפרסק מופחת,FUZE TEA,IL,פיוז תה אפרסק מופחת,קילוגרמים,1.50,ליטר,false,,8.50,5.6667,true,1,104838
7290110115463,false,פיוז תה אפרסק 1.5 לי,FUZE TEA,IL,פיוז תה אפרסק 1.5 לי,קילוגרמים,1.50,ליטר,false,,8.50,5.6667,true,1,104839
7290110115494,false,פיוז תה ענבים 1.5 לי,FUZE TEA,IL,פיוז תה ענבים 1.5 לי,קילוגרמים,1.50,ליטר,false,,8.50,5.6667,true,1,104842
7290110115586,false,פריגת תפוזים 40% פחו,פריגת,IL,פריגת תפוזים 40% פחו,קילוגרמים,1.50,ליטר,false,,7.80,5.2000,true,1,104805
7290110115593,false,פריגת אשכוליות 40% פ,פריגת,IL,פריגת אשכוליות 40% פ,קילוגרמים,1.50,ליטר,false,,7.80,5.2000,true,1,104806
7290110115616,false,פיוז תה זירו גרין אנ,FUZE TEA,IL,פיוז תה זירו גרין אנ,קילוגרמים,1.50,ליטר,false,,8.50,5.6667,true,1,105691
7290110115623,false,פיוז תה זירו אפרסק 1,FUZE TEA,IL,פיוז תה זירו אפרסק 1,קילוגרמים,1.50,ליטר,false,,8.50,5.6667,true,1,105692
7290110116064,false,פאנטה אננס מנגו זירו,קוקה קולה,IL,פאנטה אננס מנגו זירו,קילוגרמים,1.50,ליטר,false,,8.20,5.4667,true,1,108938
7290110116125,false,סירופ בטעם פטל במתיק,סירופ גבעת חיים,IL,סירופ בטעם פטל במתיק,מיליליטרים,750.00,"100 מ""ל",false,,24.90,3.3200,true,1,109005
7290110116132,false,סירופ בטעם לימון פרי,סירופ גבעת חיים,IL,סירופ בטעם לימון פרי,מיליליטרים,750.00,"100 מ""ל",false,,24.90,3.3200,true,1,109006
7290110116149,false,סירופ בטעם ענבים במת,סירופ גבעת חיים,IL,סירופ בטעם ענבים במת,מיליליטרים,750.00,"100 מ""ל",false,,24.90,3.3200,true,1,109007
7290110116194,false,נביעות 0 קלוריות מים,נביעות,IL,נביעות 0 קלוריות מים,קילוגרמים,1.50,ליטר,false,,8.00,5.3333,true,1,109039
7290110116217,false,נביעות 0 קלוריות מים,נביעות,IL,נביעות 0 קלוריות מים,קילוגרמים,1.50,ליטר,false,,8.00,5.3333,true,1,109040
7290110116392,false,סירופ בטעם תפוזים פר,סירופ גבעת חיים,IL,סירופ בטעם תפוזים פר,מיליליטרים,750.00,"100 מ""ל",false,,24.90,3.3200,true,1,109008
7290110116552,false,ספרייט למון היט 1.5,החברה המרכזית לייצור,IL,ספרייט למון היט 1.5,קילוגרמים,1.50,ליטר,false,,8.90,5.9333,true,1,109857
7290110116569,false,ספרייט זירו לימון הי,החברה המרכזית לייצור,IL,ספרייט זירו לימון הי,קילוגרמים,1.50,ליטר,false,,8.90,5.9333,true,1,109855
7290110320683,false,משקה יוגורט תות יופל,תנובה מרכז שיתופי לש,IL,משקה יוגורט תות יופל,גרמים,800.00,100 גרם,false,,15.90,1.9875,true,1,83475
7290110320867,false,גבינה מגורדת עמק 500,תנובה מרכז שיתופי לש,IL,גבינה מגורדת עמק 500,גרמים,500.00,100 גרם,false,,28.90,5.7800,true,1,84349
7290110320935,false,גבינת מוצרלה פרוסות,תנובה מרכז שיתופי לש,IL,גבינת מוצרלה פרוסות,גרמים,150.00,100 גרם,false,,15.90,10.6000,true,1,84351
7290110321277,false,קוטג בקטנה  5% תנובה,תנובה מרכז שיתופי לש,IL,קוטג בקטנה  5% תנובה,גרמים,100.00,100 גרם,false,,2.50,2.5000,true,1,101162
7290110321468,false,מארז יופלה מחית תות,תנובה מרכז שיתופי לש,IL,מארז יופלה מחית תות,קילוגרמים,1.20,ליטר,false,,25.90,21.5833,true,1,85130
7290110322014,false,טופו בטעם טבעי אלטרנ,תנובה,IL,טופו בטעם טבעי אלטרנ,גרמים,300.00,100 גרם,false,,9.90,3.3000,true,1,99320
7290110322021,false,טופו בטעם בזיליקום א,תנובה,IL,טופו בטעם בזיליקום א,גרמים,300.00,100 גרם,false,,9.90,3.3000,true,1,99322
7290110322038,false,טופו פיקנטי אלטרנטיב,תנובה,IL,טופו פיקנטי אלטרנטיב,גרמים,300.00,100 גרם,false,,9.90,3.3000,true,1,99323
7290110323714,false,משקה קוקוס שקדים אלט,סוי מגיק,IL,משקה קוקוס שקדים אלט,קילוגרמים,1.00,ליטר,false,,9.90,9.9000,true,1,89946
7290110323998,false,מארז קרלו מיני עם קצ,תנובה מרכז שיתופי לש,IL,מארז קרלו מיני עם קצ,גרמים,616.00,100 גרם,false,,11.90,1.9318,true,1,102833
7290110324551,false,מארז יופלה טיוב תות,תנובה,IL,מארז יופלה טיוב תות,גרמים,348.00,100 גרם,false,,11.90,3.4195,true,1,91131
7290110324711,false,ממרח סויה בטעם טבעי,תנובה,IL,ממרח סויה בטעם טבעי,גרמים,250.00,100 גרם,false,,7.90,3.1600,true,1,93861
7290110324728,false,ממרח סויה עם שום שמי,תנובה,IL,ממרח סויה עם שום שמי,גרמים,250.00,100 גרם,false,,7.90,3.1600,true,1,93863
7290110324841,false,מעדן שקדים שוקולד מר,תנובה,IL,מעדן שקדים שוקולד מר,גרמים,125.00,100 גרם,false,,3.90,3.1200,true,1,94368
7290110324858,false,מעדן שקדים אגוזי לוז,תנובה,IL,מעדן שקדים אגוזי לוז,גרמים,125.00,100 גרם,false,,3.90,3.1200,true,1,94369
7290110324926,false,משקה סויה ללא תוספת,תנובה מרכז שיתופי לש,IL,משקה סויה ללא תוספת,קילוגרמים,1.00,ליטר,false,,8.90,8.9000,true,1,93992
7290110325510,false,מארז יופלה טיוב וניל,תנובה,IL,מארז יופלה טיוב וניל,גרמים,348.00,100 גרם,false,,9.90,2.8448,true,1,94510
7290110325619,false,משקה שיבולת שועל אלט,תנובה מרכז שיתופי לש,IL,משקה שיבולת שועל אלט,קילוגרמים,1.00,ליטר,false,,9.90,9.9000,true,1,94607
7290110325893,false,משקה GO אייס קפה 27,תנובה מרכז שיתופי לש,IL,משקה GO אייס קפה 27,מיליליטרים,340.00,"100 מ""ל",false,,6.90,2.0294,true,1,97365
7290110326210,false,יופלה און טופ פצפוצי,תנובה מרכז שיתופי לש,IL,יופלה און טופ פצפוצי,גרמים,157.00,100 גרם,false,,4.70,2.9936,true,1,96249
7290110326227,false,יופלה און טופ קורנפל,תנובה מרכז שיתופי לש,IL,יופלה און טופ קורנפל,גרמים,157.00,100 גרם,false,,4.70,2.9936,true,1,96252
7290110326241,false,יופלה און טופ גרנולה,תנובה מרכז שיתופי לש,IL,יופלה און טופ גרנולה,גרמים,157.00,100 גרם,false,,4.70,2.9936,true,1,96253
7290110326982,false,משקה חלב עם שוקולד ק,תנובה מרכז שיתופי לש,IL,משקה חלב עם שוקולד ק,קילוגרמים,1.00,ליטר,false,,9.90,9.9000,true,1,97591
7290110327033,false,משקה סויה מועשר בחלב,דגי תנובה,IL,משקה סויה מועשר בחלב,קילוגרמים,1.00,ליטר,false,,11.60,11.6000,true,1,98206
7290110327514,false,משקה שיבולת שועל בטע,תנובה מרכז שיתופי לש,IL,משקה שיבולת שועל בטע,קילוגרמים,1.00,ליטר,false,,9.90,9.9000,true,1,105332
7290110328016,false,משקה סויה מועשר בטעם,תנובה מרכז שיתופי לש,IL,משקה סויה מועשר בטעם,מיליליטרים,250.00,"100 מ""ל",false,,5.90,2.3600,true,1,101287
7290110328504,false,טריו פתיתים מיקס 3 ג,תנובה מרכז שיתופי לש,IL,טריו פתיתים מיקס 3 ג,גרמים,300.00,100 גרם,false,,23.90,7.9667,true,1,101782
7290110328610,false,משקה אורז ושקדים ברי,תנובה,IL,משקה אורז ושקדים ברי,קילוגרמים,1.00,ליטר,false,,11.60,11.6000,true,1,108254
7290110328627,false,יוגורט גו יופלה סמיך,תנובה מרכז שיתופי לש,IL,יוגורט גו יופלה סמיך,גרמים,200.00,100 גרם,false,,5.50,2.7500,true,1,102910
7290110328641,false,טופו טבעי אלטרנטיב 2,תנובה,IL,טופו טבעי אלטרנטיב 2,גרמים,500.00,100 גרם,false,,16.90,3.3800,true,1,108535
7290110328764,false,יוגורט גו יופלה סמיך,תנובה מרכז שיתופי לש,IL,יוגורט גו יופלה סמיך,גרמים,200.00,100 גרם,false,,5.50,2.7500,true,1,102911
7290110328771,false,יוגורט גו יופלה סמיך,תנובה מרכז שיתופי לש,IL,יוגורט גו יופלה סמיך,גרמים,200.00,100 גרם,false,,5.50,2.7500,true,1,102912
7290110328788,false,יוגורט גו יופלה סמיך,תנובה מרכז שיתופי לש,IL,יוגורט גו יופלה סמיך,גרמים,200.00,100 גרם,false,,5.50,2.7500,true,1,102913
7290110329136,false,מעדן חלב גו 12 מועשר,תנובה מרכז שיתופי לש,IL,מעדן חלב גו 12 מועשר,גרמים,120.00,100 גרם,false,,4.50,3.7500,true,1,105333
7290110329143,false,מעדן חלב גו 12 מועשר,תנובה מרכז שיתופי לש,IL,מעדן חלב גו 12 מועשר,גרמים,120.00,100 גרם,false,,4.50,3.7500,true,1,105334
7290110329303,false,פרוסות צהובה קלאסית,תנובה,IL,פרוסות צהובה קלאסית,גרמים,200.00,100 גרם,false,,19.90,9.9500,true,1,108533
7290110329686,false,משקה GO בטעם עוגיות,תנובה מרכז שיתופי לש,IL,משקה GO בטעם עוגיות,מיליליטרים,340.00,"100 מ""ל",false,,6.90,2.0294,true,1,108534
7290110329716,false,משקה קפה קר בטעם קפו,תנובה מרכז שיתופי לש,IL,משקה קפה קר בטעם קפו,מיליליטרים,230.00,"100 מ""ל",false,,6.90,3.0000,true,1,107860
7290110329723,false,משקה קפה קר בטעם לאט,תנובה מרכז שיתופי לש,IL,משקה קפה קר בטעם לאט,מיליליטרים,230.00,"100 מ""ל",false,,6.90,3.0000,true,1,107861
7290110329730,false,משקה קפה קר בטעם לאט,תנובה מרכז שיתופי לש,IL,משקה קפה קר בטעם לאט,מיליליטרים,230.00,"100 מ""ל",false,,6.90,3.0000,true,1,107862
7290110329792,false,מעדן סויה ביו אפרסק,תנובה,IL,מעדן סויה ביו אפרסק,גרמים,150.00,100 גרם,false,,4.40,2.9333,true,1,105709
7290110329808,false,מעדן סויה ביו תות אל,תנובה,IL,מעדן סויה ביו תות אל,גרמים,150.00,100 גרם,false,,4.40,2.9333,true,1,105710
7290110329815,false,מעדן סויה ביו מתיקות,תנובה,IL,מעדן סויה ביו מתיקות,גרמים,150.00,100 גרם,false,,4.40,2.9333,true,1,105711
7290110329822,false,מעדן סויה ביו פירות,תנובה,IL,מעדן סויה ביו פירות,גרמים,150.00,100 גרם,false,,4.40,2.9333,true,1,105712
7290110329839,false,פרוסות צהובה בטעם זי,תנובה,IL,פרוסות צהובה בטעם זי,גרמים,200.00,100 גרם,false,,19.90,9.9500,true,1,108525
7290110329846,false,מעדן סויה ביו טבעי א,תנובה,IL,מעדן סויה ביו טבעי א,גרמים,150.00,100 גרם,false,,4.40,2.9333,true,1,105708
7290110550219,false,מטבעות שוקולד לבן לא,שטראוס,IL,מטבעות שוקולד לבן לא,גרמים,400.00,100 גרם,false,,24.90,6.2250,true,1,107670
7290110550226,false,מטבעות שוקולד מריר ל,שטראוס,IL,מטבעות שוקולד מריר ל,גרמים,400.00,100 גרם,false,,24.90,6.2250,true,1,107671
7290110552220,false,דנונה פרו 20 תות ללא,שטראוס,IL,דנונה פרו 20 תות ללא,גרמים,200.00,100 גרם,false,,4.90,2.4500,true,1,105625
7290110552237,false,דנונה פרו 20 אפרסק ו,שטראוס,IL,דנונה פרו 20 אפרסק ו,גרמים,200.00,100 גרם,false,,4.90,2.4500,true,1,105626
7290110554422,false,רוטב עגבניות ופלפלים,אימילאנה,IT,רוטב עגבניות ופלפלים,גרמים,350.00,100 גרם,false,,10.80,3.0857,true,1,108893
7290110554583,false,מארז צ'יטוס בטעם גבי,שטראוס,IL,מארז צ'יטוס בטעם גבי,גרמים,200.00,100 גרם,false,,11.50,5.7500,true,1,105795
7290110554729,false,קפסולות עלית מס 04 ל,שטראוס קפה בי.וי,IL,קפסולות עלית מס 04 ל,גרמים,50.00,100 גרם,false,,15.50,31.0000,true,1,107477
7290110554798,false,פולי קפה ארומטיים בק,שטראוס קפה בי.וי,IL,פולי קפה ארומטיים בק,גרמים,250.00,100 גרם,false,,19.90,7.9600,true,1,109916
7290110555009,false,מחית עגבניות פסאטה י,אימילאנה,IT,מחית עגבניות פסאטה י,גרמים,700.00,100 גרם,false,,11.90,1.7000,true,1,108585
7290110556242,false,שוקולד פרה מריר 100,עלית,IL,שוקולד פרה מריר 100,גרמים,100.00,100 גרם,false,,3.90,3.9000,true,1,109057
7290110557027,false,חומוס עשיר ב50% טחינ,שטראוס,IL,חומוס עשיר ב50% טחינ,גרמים,400.00,100 גרם,false,,11.90,2.9750,true,1,105325
7290110557133,false,מעדן הגולן וניל 125,שטראוס,IL,מעדן הגולן וניל 125,מיליליטרים,125.00,"100 מ""ל",false,,2.80,2.2400,true,1,104619
7290110557478,false,חומוס גלילי אחלה 600,שטראוס,IL,חומוס גלילי אחלה 600,גרמים,600.00,100 גרם,false,,11.90,1.9833,true,1,106617
7290110558154,false,דנונה לייט אנד פרי ב,שטראוס,IL,דנונה לייט אנד פרי ב,גרמים,150.00,100 גרם,false,,4.50,3.0000,true,1,108589
7290110558222,false,דנונה WOW עם שכבה בט,שטראוס,IL,דנונה WOW עם שכבה בט,מיליליטרים,150.00,"100 מ""ל",false,,4.50,3.0000,true,1,108591
7290110558239,false,דנונה WOW עם שכבה בט,שטראוס,IL,דנונה WOW עם שכבה בט,מיליליטרים,150.00,"100 מ""ל",false,,4.50,3.0000,true,1,108592
7290110558314,false,דנונה פרו 20 בטעם פי,שטראוס,IL,דנונה פרו 20 בטעם פי,גרמים,200.00,100 גרם,false,,5.90,2.9500,true,1,108588
7290110559748,false,מאגדת ריל אנרג'י שקד,ואמואליס פודס,GR,מאגדת ריל אנרג'י שקד,גרמים,105.00,100 גרם,false,,15.90,15.1429,true,1,108260
7290110559755,false,מאגדת ריל אנרג'י בוט,ואמואליס פודס,GR,מאגדת ריל אנרג'י בוט,גרמים,105.00,100 גרם,false,,15.90,15.1429,true,1,108261
7290110559762,false,מאגדת ריל אנרג'י אגו,ואמואליס פודס,GR,מאגדת ריל אנרג'י אגו,גרמים,105.00,100 גרם,false,,15.90,15.1429,true,1,108259
7290110560300,false,פריכיות אנרג'י משולש,פרח תעשיות,IL,פריכיות אנרג'י משולש,גרמים,30.00,100 גרם,false,,4.90,16.3333,true,1,98247
7290110560317,false,פריכיות אנרג'י משולש,פרח תעשיות,IL,פריכיות אנרג'י משולש,גרמים,30.00,100 גרם,false,,4.90,16.3333,true,1,98248
7290110560324,false,פריכיות אנרג'י משולש,פרח תעשיות,IL,פריכיות אנרג'י משולש,גרמים,30.00,100 גרם,false,,4.90,16.3333,true,1,98249
7290110561352,false,דנונה דל לקטוז בתוספ,שטראוס גרופ,IL,דנונה דל לקטוז בתוספ,גרמים,200.00,100 גרם,false,,3.90,1.9500,true,1,103165
7290110561604,false,מארז גמדים תות בננה,שטראוס,IL,מארז גמדים תות בננה,גרמים,800.00,100 גרם,false,,17.90,2.2375,true,1,86011
7290110563462,false,חלב מועשר נטול לקטוז,שטראוס,IL,חלב מועשר נטול לקטוז,קילוגרמים,1.00,ליטר,false,,6.90,6.9000,true,1,94886
7290110564339,false,חומוס עשיר ב30% טחינ,שטראוס,IL,חומוס עשיר ב30% טחינ,גרמים,400.00,100 גרם,false,,11.90,2.9750,true,1,85999
7290110564360,false,חומוס עשיר ב40% טחינ,שטראוס,IL,חומוס עשיר ב40% טחינ,גרמים,400.00,100 גרם,false,,11.90,2.9750,true,1,85998
7290110564414,false,חומוס עשיר ב 30% טחי,שטראוס,IL,חומוס עשיר ב 30% טחי,גרמים,600.00,100 גרם,false,,14.90,2.4833,true,1,85995
7290110565527,false,דנונה פרו טבעי 1.5%,שטראוס,IL,דנונה פרו טבעי 1.5%,גרמים,200.00,100 גרם,false,,4.90,2.4500,true,1,84912
7290110565572,false,קפה טורקי  הל לדרך 2,שטראוס קפה בי.וי,IL,קפה טורקי  הל לדרך 2,גרמים,168.00,100 גרם,false,,17.90,10.6548,true,1,109059
7290110566043,false,משקה יוגורט 4% שטראו,בר בכפר די אנד די,IL,משקה יוגורט 4% שטראו,פריט,3.00,"ק""ג",false,,26.90,8.9667,true,1,87011
7290110566623,false,קפסולות עלית קולומבי,שטראוס קפה בי.וי,IL,קפסולות עלית קולומבי,גרמים,50.00,100 גרם,false,,15.50,31.0000,true,1,87496
7290110566975,false,דנונה פרו תות 0% 200,שטראוס,IL,דנונה פרו תות 0% 200,גרמים,200.00,100 גרם,false,,4.90,2.4500,true,1,86904
7290110568238,false,קצפת צמחית במתיקות מ,יטבתה,IL,קצפת צמחית במתיקות מ,מיליליטרים,250.00,"100 מ""ל",false,,7.50,3.0000,true,1,101223
7290110568511,false,קונפיטורה פירות יער,יד מרדכי,IL,קונפיטורה פירות יער,גרמים,265.00,100 גרם,false,,12.90,4.8679,true,1,99969
7290110568559,false,מארז דוריטוס חמוץ חר,שטראוס גרופ,IL,מארז דוריטוס חמוץ חר,גרמים,250.00,100 גרם,false,,10.90,4.3600,true,1,87377
7290110571382,false,מעדן חלב בטעם וניל פ,שטראוס,IL,מעדן חלב בטעם וניל פ,גרמים,150.00,100 גרם,false,,4.90,3.2667,true,1,107943
7290110571405,false,עוגיות מיני פינוקיות,עלית,IL,עוגיות מיני פינוקיות,גרמים,180.00,100 גרם,false,,9.90,5.5000,true,1,110175
7290110571412,false,עוגיות מיני פינוקיות,עלית,IL,עוגיות מיני פינוקיות,גרמים,180.00,100 גרם,false,,9.90,5.5000,true,1,110176
7290110571535,false,מארז קפה טורקי הל על,שטראוס קפה בי.וי,IL,מארז קפה טורקי הל על,גרמים,300.00,100 גרם,false,,22.90,7.6333,true,1,107673
7290110572884,false,קפסולות עלית מס' 20,שטראוס קפה בי.וי,IL,קפסולות עלית מס' 20,גרמים,50.00,100 גרם,false,,15.50,31.0000,true,1,110116
7290110576752,false,שוקולד ספלנדיד מריר,עלית,,שוקולד ספלנדיד מריר,גרמים,100.00,100 גרם,false,,9.90,9.9000,true,1,110126
7290110576776,false,שוקולד ספלנדיד מריר,עלית,,שוקולד ספלנדיד מריר,גרמים,100.00,100 גרם,false,,9.90,9.9000,true,1,110127
7290110577230,false,משקה חלב בטעם פיסטוק,שטראוס,IL,משקה חלב בטעם פיסטוק,קילוגרמים,1.00,ליטר,false,,9.90,9.9000,true,1,109581
7290111341366,false,מפיות ניקול לבנות חד,SHP SLAVOSOVCE,SK,מפיות ניקול לבנות חד,Unknown,0.00,יחידה,false,,5.90,0.0000,true,1,102916
7290111342042,false,כריות יפניות אנטיבקט,פלסטו פוליש,IL,כריות יפניות אנטיבקט,Unknown,0.00,יחידה,false,,9.90,0.0000,true,1,97239
7290111342226,false,תחבושות לילי לילה +,אונטקס,ES,תחבושות לילי לילה +,Unknown,0.00,יחידה,false,,24.90,0.0000,true,1,95683
7290111343858,false,מטליות לחות אנטיבקטר,עלבד משואות יצחק,IL,מטליות לחות אנטיבקטר,Unknown,0.00,יחידה,false,,9.90,0.0000,true,1,97241
7290111344077,false,מטליות לחות אנטיבקטר,עלבד משואות יצחק,IL,מטליות לחות אנטיבקטר,Unknown,0.00,יחידה,false,,19.90,0.0000,true,1,97242
7290111344206,false,מגבונים האגיס 4*64 י,חוגלה קימברלי,IL,מגבונים האגיס 4*64 י,Unknown,0.00,יחידה,false,,18.90,0.0000,true,1,104488
7290111344558,false,שקיות אשפה לפחים גדו,חוגלה קימברלי,IL,שקיות אשפה לפחים גדו,Unknown,0.00,יחידה,false,,29.90,0.0000,true,1,103662
7290111344831,false,מגן תחתון קוטקס אקסט,חוגלה קימברלי,CN,מגן תחתון קוטקס אקסט,Unknown,0.00,יחידה,false,,15.90,0.0000,true,1,104894
7290111344855,false,מגן תחתון קוטקס אקסט,חוגלה קימברלי,CN,מגן תחתון קוטקס אקסט,Unknown,0.00,יחידה,false,,15.90,0.0000,true,1,104895
7290111345982,false,דפי ספוגית הקסם ניקו,חוגלה קימברלי,IL,דפי ספוגית הקסם ניקו,Unknown,0.00,יחידה,false,,9.90,0.0000,true,1,107579
7290111346293,false,מגבות נייר ניקול 6 י,קימברלי קלארק,IL,מגבות נייר ניקול 6 י,Unknown,0.00,יחידה,false,,10.90,0.0000,true,1,107580
7290111350047,false,תמר מגהול כבוש קליית,טעמי הגליל,IL,תמר מגהול כבוש קליית,גרמים,500.00,100 גרם,false,,13.90,2.7800,true,1,80895
7290111351723,false,פופקורן למיקרוגל טבע,פופז,US,פופקורן למיקרוגל טבע,פריט,1.10,"ק""ג",false,,19.90,18.0909,true,1,92682
7290111351754,false,פופקורן למיקרוגל חמא,פופז,US,פופקורן למיקרוגל חמא,פריט,1.10,"ק""ג",false,,19.90,18.0909,true,1,92683
7290111353130,false,סוכריות גומי נחשים ח,טופ גאם,IL,סוכריות גומי נחשים ח,גרמים,800.00,100 גרם,false,,15.90,1.9875,true,1,99052
7290111353208,false,פופקורן למיקרוגל טבע,פופז,US,פופקורן למיקרוגל טבע,פריט,1.10,"ק""ג",false,,19.90,18.0909,true,1,99142
7290111353246,false,סוכריות גומי מסוכרות,טופ גאם,IL,סוכריות גומי מסוכרות,גרמים,800.00,100 גרם,false,,15.90,1.9875,true,1,99053
7290111353376,false,מנטוס מיני בטעם מנטה,פרפטי ואן מלה ברדה,NL,מנטוס מיני בטעם מנטה,גרמים,178.00,100 גרם,false,,13.90,7.8090,true,1,99017
7290111353383,false,מנטוס מיני בטעם תות,פרפטי ואן מלה ברדה,NL,מנטוס מיני בטעם תות,גרמים,178.00,100 גרם,false,,13.90,7.8090,true,1,99018
7290111353468,false,סוכריות טופי ממולאות,תיאס גידה ג'י או אס,TR,סוכריות טופי ממולאות,גרמים,600.00,100 גרם,false,,9.90,1.6500,true,1,100452
7290111353475,false,סוכריות גומי שטיחים,סאאדת,TR,סוכריות גומי שטיחים,גרמים,200.00,100 גרם,false,,5.90,2.9500,true,1,100503
7290111353482,false,סוכריות גומי ממולאות,סאאדת,TR,סוכריות גומי ממולאות,גרמים,200.00,100 גרם,false,,5.90,2.9500,true,1,100504
7290111534010,false,עוגת מוס גבינה פירור,קפולסקי אדל בעמ,IL,עוגת מוס גבינה פירור,גרמים,450.00,100 גרם,false,,35.90,7.9778,true,1,81420
7290111563492,false,מטבוחה חריפה צבר 400,צבר,IL,מטבוחה חריפה צבר 400,גרמים,400.00,100 גרם,false,,11.90,2.9750,true,1,88582
7290111564277,false,פריכיות דקות 3 דגנים,פרח תעשיות,IL,פריכיות דקות 3 דגנים,גרמים,120.00,100 גרם,false,,9.90,8.2500,true,1,88112
7290111564291,false,פריכיות דקות עם קינו,פרח תעשיות,IL,פריכיות דקות עם קינו,גרמים,120.00,100 גרם,false,,9.90,8.2500,true,1,88111
7290111564727,false,עוגיות שוקו קרם אגוז,אסם,IL,עוגיות שוקו קרם אגוז,גרמים,200.00,100 גרם,false,,9.90,4.9500,true,1,85039
7290111565038,false,גלידה לה קרמריה וניל,גלידות נסטלה,IL,גלידה לה קרמריה וניל,קילוגרמים,1.40,ליטר,false,,16.90,12.0714,true,1,86377
7290111565083,false,מארז במבה 15*25 גרם,גבעול,IL,מארז במבה 15*25 גרם,גרמים,375.00,100 גרם,false,,17.90,4.7733,true,1,84343
7290111566103,false,פלאפל טבעול 590 גרם,טבעול ישראל,IL,פלאפל טבעול 590 גרם,גרמים,590.00,100 גרם,false,,29.90,5.0678,true,1,85024
7290111566240,false,שניצל דק צמחוני צילי,טבעול ישראל,IL,שניצל דק צמחוני צילי,גרמים,564.00,100 גרם,false,,29.90,5.3014,true,1,85018
7290111566271,false,חטיפי תירס טבעול 657,טבעול ישראל,IL,חטיפי תירס טבעול 657,גרמים,657.00,100 גרם,false,,29.90,4.5510,true,1,85016
7290111566318,false,שניצל דק צמחוני ביתי,טבעול ישראל,IL,שניצל דק צמחוני ביתי,גרמים,564.00,100 גרם,false,,29.90,5.3014,true,1,85017
7290111566332,false,נקניקיות וינר צמחוני,טבעול ישראל,IL,נקניקיות וינר צמחוני,גרמים,680.00,100 גרם,false,,29.90,4.3971,true,1,85019
7290111566417,false,טחון צמחוני טבעול 50,טבעול ישראל,IL,טחון צמחוני טבעול 50,גרמים,500.00,100 גרם,false,,29.90,5.9800,true,1,85032
7290111566547,false,חזה בגריל צמחוני טבע,טבעול ישראל,IL,חזה בגריל צמחוני טבע,גרמים,560.00,100 גרם,false,,29.90,5.3393,true,1,85030
7290111566585,false,שניצל צמחוני טבעול 6,טבעול ישראל,IL,שניצל צמחוני טבעול 6,גרמים,650.00,100 גרם,false,,29.90,4.6000,true,1,85029
7290111566714,false,המבורגר צמחוני טבעול,טבעול ישראל,IL,המבורגר צמחוני טבעול,גרמים,600.00,100 גרם,false,,29.90,4.9833,true,1,85028
7290111566752,false,שניצל תירס טבעול 693,טבעול ישראל,IL,שניצל תירס טבעול 693,גרמים,693.00,100 גרם,false,,29.90,4.3146,true,1,85025
7290111566776,false,נקניקיות קוקטייל צמח,טבעול ישראל,IL,נקניקיות קוקטייל צמח,גרמים,680.00,100 גרם,false,,29.90,4.3971,true,1,85020
7290111568206,false,ביסלי פארטי מיקס 150,אסם,IL,ביסלי פארטי מיקס 150,גרמים,150.00,100 גרם,false,,6.50,4.3333,true,1,86449
7290111568251,false,נודלס אטריות להקפצה,תאי פרזידנט,TH,נודלס אטריות להקפצה,גרמים,350.00,100 גרם,false,,8.90,2.5429,true,1,86585
7290111568961,false,בייגלה טבעות עם מלח,אסם,IL,בייגלה טבעות עם מלח,גרמים,400.00,100 גרם,false,,8.90,2.2250,true,1,108737
7290111650550,false,חמוצים סיני לימונס 2,לימון אוכל מוכן לשיו,IL,חמוצים סיני לימונס 2,גרמים,250.00,100 גרם,false,,9.70,3.8800,true,1,81754
7290111650789,false,דיפ זיתים לימונס 150,לימון אוכל מוכן לשיו,IL,דיפ זיתים לימונס 150,גרמים,150.00,100 גרם,false,,8.70,5.8000,true,1,81731
7290111650826,false,חציל פיקנטי לימונס 2,לימון אוכל מוכן לשיו,IL,חציל פיקנטי לימונס 2,גרמים,250.00,100 גרם,false,,9.70,3.8800,true,1,81749
7290111650840,false,כרוב וגזר לימונס 250,לימון אוכל מוכן לשיו,IL,כרוב וגזר לימונס 250,גרמים,250.00,100 גרם,false,,9.70,3.8800,true,1,81746
7290111650857,false,כרוב אדום לימונס 250,לימון אוכל מוכן לשיו,IL,כרוב אדום לימונס 250,גרמים,250.00,100 גרם,false,,9.70,3.8800,true,1,81747
7290111650871,false,חציל במיונז לימונס 2,לימון אוכל מוכן לשיו,IL,חציל במיונז לימונס 2,גרמים,250.00,100 גרם,false,,9.70,3.8800,true,1,81745
7290111650901,false,מטבוחה חריפה לימונס,לימון אוכל מוכן לשיו,IL,מטבוחה חריפה לימונס,גרמים,150.00,100 גרם,false,,8.70,5.8000,true,1,88574
7290111650918,false,מטבוחה לימונס 250 גר,לימון אוכל מוכן לשיו,IL,מטבוחה לימונס 250 גר,גרמים,250.00,100 גרם,false,,8.70,3.4800,true,1,81729
7290111650925,false,סלט תפוא לימונס 250,לימון אוכל מוכן לשיו,IL,סלט תפוא לימונס 250,גרמים,250.00,100 גרם,false,,8.70,3.4800,true,1,81734
7290111650932,false,טחינה לימונס 250 גרם,לימון אוכל מוכן לשיו,IL,טחינה לימונס 250 גרם,גרמים,250.00,100 גרם,false,,8.70,3.4800,true,1,81728
7290111650949,false,חציל במרינדה לימונס,לימון אוכל מוכן לשיו,IL,חציל במרינדה לימונס,גרמים,250.00,100 גרם,false,,9.70,3.8800,true,1,81732
7290111651502,false,סחוג ירוק לימונס 150,לימון אוכל מוכן לשיו,IL,סחוג ירוק לימונס 150,גרמים,150.00,100 גרם,false,,8.70,5.8000,true,1,81733
7290111651854,false,גזר פיקנטי לימונס 25,לימון אוכל מוכן לשיו,IL,גזר פיקנטי לימונס 25,גרמים,250.00,100 גרם,false,,8.70,3.4800,true,1,82209
7290111651861,false,חציל צילי לימונס 250,לימון אוכל מוכן לשיו,IL,חציל צילי לימונס 250,גרמים,250.00,100 גרם,false,,9.70,3.8800,true,1,82210
7290111653247,false,זיתים מרוקאים לימונס,לימון אוכל מוכן לשיו,IL,זיתים מרוקאים לימונס,גרמים,250.00,100 גרם,false,,9.70,3.8800,true,1,86102
7290111653261,false,פלפל קלוי לימונס 250,לימון אוכל מוכן לשיו,IL,פלפל קלוי לימונס 250,גרמים,250.00,100 גרם,false,,9.70,3.8800,true,1,86104
7290111653285,false,מטבל פלפל חליפיניו ל,לימון אוכל מוכן לשיו,IL,מטבל פלפל חליפיניו ל,גרמים,250.00,100 גרם,false,,8.70,3.4800,true,1,86108
7290111653292,false,מטבל שום שמיר לימונס,לימון אוכל מוכן לשיו,IL,מטבל שום שמיר לימונס,גרמים,250.00,100 גרם,false,,8.70,3.4800,true,1,86109
7290111654114,false,חילבה פיקנטי לימונס,לימון אוכל מוכן לשיו,IL,חילבה פיקנטי לימונס,גרמים,250.00,100 גרם,false,,8.70,3.4800,true,1,86111
7290111930799,false,קראנצוס בצל 55 גרם,מנה,IL,קראנצוס בצל 55 גרם,Unknown,0.00,יחידה,false,,1.90,0.0000,true,1,83580
7290111930805,false,קראנצוס ברבקיו 55 גר,מנה,IL,קראנצוס ברבקיו 55 גר,גרמים,55.00,100 גרם,false,,1.90,3.4545,true,1,83579
7290111930850,false,קראנצוס פיצה 55 גרם,מנה,IL,קראנצוס פיצה 55 גרם,גרמים,55.00,100 גרם,false,,1.90,3.4545,true,1,83578
7290111930997,false,פירורי לחם מוזהב מאס,מנה,IL,פירורי לחם מוזהב מאס,גרמים,800.00,100 גרם,false,,11.90,1.4875,true,1,84470
7290111932380,false,"משחת מרידול 2*75 מ""ל",,,"משחת מרידול 2*75 מ""ל",מיליליטרים,150.00,"100 מ""ל",false,,24.90,16.6000,true,1,85346
7290111933554,false,מארז עגבניות קוביות,פראנו אנריקו ופיגלי,IT,מארז עגבניות קוביות,פריט,1.20,"ק""ג",false,,15.90,13.2500,true,1,88577
7290111936203,false,דאו ספריי ליידי ספיד,קולגייט פלמוליב,US,דאו ספריי ליידי ספיד,מיליליטרים,150.00,"100 מ""ל",false,,13.90,9.2667,true,1,92579
7290111936296,false,ג'ל רחצה פלמוליב סנס,קולגייט פלמוליב,TR,ג'ל רחצה פלמוליב סנס,מיליליטרים,750.00,"100 מ""ל",false,,14.90,1.9867,true,1,90974
7290111936647,false,משחת קולגייט מקס פרש,קולגייט פלמוליב,PL,משחת קולגייט מקס פרש,מיליליטרים,250.00,"100 מ""ל",false,,28.90,11.5600,true,1,90248
7290111936784,false,מארז חטיף פרי תמרים,טבעית,IL,מארז חטיף פרי תמרים,גרמים,125.00,100 גרם,false,,14.90,11.9200,true,1,90175
7290111937248,false,מארז חטיף פרי תמרים,טבעית,IL,מארז חטיף פרי תמרים,גרמים,125.00,100 גרם,false,,14.90,11.9200,true,1,90173
7290111937255,false,מארז חטיף פרי תמרים,טבעית,IL,מארז חטיף פרי תמרים,גרמים,125.00,100 גרם,false,,14.90,11.9200,true,1,90290
7290111938498,false,רוטב סויה בהירה מאסט,תאי סופרים,TH,רוטב סויה בהירה מאסט,גרמים,700.00,100 גרם,false,,9.90,1.4143,true,1,94739
7290111939822,false,משחת קולגייט אופטיק,קולגייט פלמוליב,PL,משחת קולגייט אופטיק,מיליליטרים,225.00,"100 מ""ל",false,,47.90,21.2889,true,1,93809
7290112000408,false,תרסיס דטול מנקה ומחט,רקיט בנקיזר,PL,תרסיס דטול מנקה ומחט,מיליליטרים,750.00,"100 מ""ל",false,,9.90,1.3200,true,1,95697
7290112000798,false,תרסיס דטול מנקה ומחט,רקיט בנקיזר,PL,תרסיס דטול מנקה ומחט,מיליליטרים,750.00,"100 מ""ל",false,,9.90,1.3200,true,1,95702
7290112000903,false,טבליות פיניש פאוורבו,רקיט בנקיזר,PL,טבליות פיניש פאוורבו,פריט,1.92,"ק""ג",false,,64.90,33.8021,true,1,89633
7290112001436,false,מנקה מדיח פיניש לימו,רקיט בנקיזר,PL,מנקה מדיח פיניש לימו,מיליליטרים,250.00,"100 מ""ל",false,,14.90,5.9600,true,1,93955
7290112001641,false,תרסיס וניש קליה 950,רקיט בנקיזר,PL,תרסיס וניש קליה 950,מיליליטרים,950.00,"100 מ""ל",false,,19.90,2.0947,true,1,96393
7290112001870,false,תרסיס סיליט באנג לני,רקיט בנקיזר,PL,תרסיס סיליט באנג לני,מיליליטרים,750.00,"100 מ""ל",false,,12.50,1.6667,true,1,94895
7290112002136,false,ג'ל קולון כחול 4 ליט,רקיט בנקיזר,IL,ג'ל קולון כחול 4 ליט,קילוגרמים,4.00,ליטר,false,,34.50,8.6250,true,1,93644
7290112002143,false,ג'ל קולון לילך סגול,רקיט בנקיזר,IL,ג'ל קולון לילך סגול,קילוגרמים,4.00,ליטר,false,,34.50,8.6250,true,1,93645
7290112002457,false,מטליות לחות דטול לני,רקיט בנקיזר,PL,מטליות לחות דטול לני,Unknown,0.00,יחידה,false,,19.90,0.0000,true,1,99055
7290112003188,false,קפסולות ג'ל קולון 60,רקיט בנקיזר,IT,קפסולות ג'ל קולון 60,Unknown,0.00,יחידה,false,,49.90,0.0000,true,1,98942
7290112003973,false,אבקת וניש מסיר כתמים,רקיט בנקיזר,PL,אבקת וניש מסיר כתמים,פריט,1.35,"ק""ג",false,,29.90,22.1481,true,1,103109
7290112003980,false,אבקת וניש מסיר כתמים,רקיט בנקיזר,PL,אבקת וניש מסיר כתמים,פריט,1.35,"ק""ג",false,,29.90,22.1481,true,1,103110
7290112004109,false,מטליות לחות דטול לחי,רקיט בנקיזר,PL,מטליות לחות דטול לחי,Unknown,0.00,יחידה,false,,19.90,0.0000,true,1,99056
7290112004192,false,טבליות פיניש אקולוגי,רקיט בנקיזר,PL,טבליות פיניש אקולוגי,Unknown,0.00,יחידה,false,,58.90,0.0000,true,1,104527
7290112004413,false,ספריי וניש להסרת כתמ,רקיט בנקיזר,PL,ספריי וניש להסרת כתמ,מיליליטרים,750.00,"100 מ""ל",false,,14.90,1.9867,true,1,107256
7290112004482,false,אירוויק ספריי וניל 3,,,אירוויק ספריי וניל 3,מיליליטרים,720.00,"100 מ""ל",false,,19.90,2.7639,true,1,100826
7290112004505,false,אירוויק ספריי לבנדר,,,אירוויק ספריי לבנדר,מיליליטרים,720.00,"100 מ""ל",false,,19.90,2.7639,true,1,100828
7290112004512,false,מילוי מבשם אוטומטי א,רקיט בנקיזר,PL,מילוי מבשם אוטומטי א,מיליליטרים,750.00,"100 מ""ל",false,,39.90,5.3200,true,1,100822
7290112004529,false,מילוי מבשם אוטומטי א,רקיט בנקיזר,PL,מילוי מבשם אוטומטי א,מיליליטרים,750.00,"100 מ""ל",false,,39.90,5.3200,true,1,100823
7290112004536,false,מילוי מבשם אוטומטי א,רקיט בנקיזר,PL,מילוי מבשם אוטומטי א,מיליליטרים,750.00,"100 מ""ל",false,,39.90,5.3200,true,1,100824
7290112004611,false,ג'ל וניש גולד מסיר כ,רקיט בנקיזר,PT,ג'ל וניש גולד מסיר כ,מיליליטרים,200.00,"100 מ""ל",false,,16.50,8.2500,true,1,106783
7290112005168,false,טבליות פיניש קוואנטו,רקיט בנקיזר,PL,טבליות פיניש קוואנטו,Unknown,0.00,יחידה,false,,58.90,0.0000,true,1,108550
7290112120311,false,ממתיק ספלנדה 100 יח,,,ממתיק ספלנדה 100 יח,גרמים,100.00,100 גרם,false,,13.90,13.9000,true,1,84554
7290112120649,false,בונבוניירה צדף 125 ג,קאיפינג גינקה פודסטא,CN,בונבוניירה צדף 125 ג,גרמים,125.00,100 גרם,false,,9.90,7.9200,true,1,89529
7290112120670,false,בונבוניירה מתומן 200,קאיפינג גינקה פודסטא,CN,בונבוניירה מתומן 200,גרמים,200.00,100 גרם,false,,15.90,7.9500,true,1,89526
7290112120830,false,נפוליטנים שוקולד חלב,"תופינית בע""מ",IL,נפוליטנים שוקולד חלב,גרמים,150.00,100 גרם,false,,11.90,7.9333,true,1,90263
7290112120847,false,נפוליטנים שוקולד מרי,"תופינית בע""מ",IL,נפוליטנים שוקולד מרי,גרמים,150.00,100 גרם,false,,11.90,7.9333,true,1,90264
7290112120861,false,לזניה גלי דורומי 400,Bessan Makarna,TR,לזניה גלי דורומי 400,גרמים,400.00,100 גרם,false,,6.90,1.7250,true,1,88324
7290112121066,false,חומצה אצטית סינטטי א,הלל תעשיות,IL,חומצה אצטית סינטטי א,קילוגרמים,1.00,ליטר,false,,3.90,3.9000,true,1,89812
7290112121073,false,חומץ 5% אינדירה 1 לי,הלל תעשיות,IL,חומץ 5% אינדירה 1 לי,קילוגרמים,1.00,ליטר,false,,4.20,4.2000,true,1,89813
7290112121080,false,מיץ בטעם לימון משומר,הלל תעשיות,IL,מיץ בטעם לימון משומר,קילוגרמים,1.00,ליטר,false,,4.20,4.2000,true,1,89811
7290112121097,false,רוטב לימון אינדירה 1,הלל תעשיות,IL,רוטב לימון אינדירה 1,קילוגרמים,1.00,ליטר,false,,5.20,5.2000,true,1,89814
7290112122629,false,ופל מצופה בטעם שוקול,מנעמים תעשיות מזון,IL,ופל מצופה בטעם שוקול,גרמים,800.00,100 גרם,false,,12.90,1.6125,true,1,94794
7290112122742,false,שמן אגוזים אינדירה 1,סיפצילר יאג סאנאי,TR,שמן אגוזים אינדירה 1,קילוגרמים,1.00,ליטר,false,,17.90,17.9000,true,1,95804
7290112123060,false,ספגטי דורומי 900 גרם,Bessan Makarna,TR,ספגטי דורומי 900 גרם,גרמים,900.00,100 גרם,false,,4.90,0.5444,true,1,98495
7290112123084,false,פסטה פוסילי דורומי 9,Bessan Makarna,TR,פסטה פוסילי דורומי 9,גרמים,900.00,100 גרם,false,,4.90,0.5444,true,1,98393
7290112123121,false,שמן זית כתית ארץ זית,Elitagro SL,ES,שמן זית כתית ארץ זית,מיליליטרים,750.00,"100 מ""ל",false,,23.90,3.1867,true,1,98379
7290112123404,false,סוכריות גומי מגש קטן,טופ גאם,IL,סוכריות גומי מגש קטן,גרמים,350.00,100 גרם,false,,12.90,3.6857,true,1,100508
7290112124142,false,סוכריות גומי אבטיח מ,חברת המשקם לתעסוקת ק,IL,סוכריות גומי אבטיח מ,גרמים,300.00,100 גרם,false,,8.90,2.9667,true,1,107676
7290112124173,false,סוכריות גומי לקריץ צ,חברת המשקם לתעסוקת ק,IL,סוכריות גומי לקריץ צ,גרמים,300.00,100 גרם,false,,8.90,2.9667,true,1,107679
7290112124197,false,סוכריות גומי לבבות מ,,IL,סוכריות גומי לבבות מ,גרמים,300.00,100 גרם,false,,8.90,2.9667,true,1,107349
7290112124319,false,טורטיה דורום 36*45 ג,מוטלוקאל גידה סאן טי,TR,טורטיה דורום 36*45 ג,פריט,1.62,"ק""ג",false,,19.90,12.2840,true,1,108557
7290112124975,false,דאו ספריי אקס אפולו,יוניליוור,GB,דאו ספריי אקס אפולו,מיליליטרים,150.00,"100 מ""ל",false,,9.90,6.6000,true,1,104584
7290112124982,false,דאו ספריי אקס שחור פ,יוניליוור,GB,דאו ספריי אקס שחור פ,מיליליטרים,150.00,"100 מ""ל",false,,9.90,6.6000,true,1,104586
7290112125019,false,סבון מוצק דאב לבן 4*,,,סבון מוצק דאב לבן 4*,גרמים,400.00,100 גרם,false,,9.90,2.4750,true,1,37358
7290112125026,false,תה ילו לייבל ליפטון,יוניליוור,RU,תה ילו לייבל ליפטון,גרמים,200.00,100 גרם,false,,9.90,4.9500,true,1,108567
7290112192806,false,משחת פרודונטקס אולטר,גלקסוס סמית קליין,SK,משחת פרודונטקס אולטר,מיליליטרים,150.00,"100 מ""ל",false,,39.90,26.6000,true,1,89416
7290112192813,false,משחת פרודונטקס אורגי,גלקסוס סמית קליין,SK,משחת פרודונטקס אורגי,מיליליטרים,150.00,"100 מ""ל",false,,39.90,26.6000,true,1,89417
7290112195746,false,שמן זית כתית מעולה א,אסייאס דל סור,ES,שמן זית כתית מעולה א,מיליליטרים,750.00,"100 מ""ל",false,,23.90,3.1867,true,1,106755
7290112195777,false,"פול קפוא 1 ק""ג",O.K FRUIT,EG,"פול קפוא 1 ק""ג",פריט,1.00,"ק""ג",false,,13.90,13.9000,true,1,106667
7290112196712,false,משחת סנסודיין פרש מי,גלקסוס סמית קליין,GB,משחת סנסודיין פרש מי,מיליליטרים,300.00,"100 מ""ל",false,,49.90,16.6333,true,1,102067
7290112197245,false,משחת סנסודיין מלבינה,גלקסוס סמית קליין,GB,משחת סנסודיין מלבינה,מיליליטרים,225.00,"100 מ""ל",false,,49.90,22.1778,true,1,106633
7290112198006,false,שמן זית כתית מעולה א,אולאריה קלמנטה,IT,שמן זית כתית מעולה א,מיליליטרים,750.00,"100 מ""ל",false,,13.90,1.8533,true,1,109368
7290112330352,false,דנונה פרו וניל 0% 20,שטראוס,IL,דנונה פרו וניל 0% 20,גרמים,200.00,100 גרם,false,,4.90,2.4500,true,1,91324
7290112330390,false,דנונה פרו פירות יער,שטראוס,IL,דנונה פרו פירות יער,גרמים,200.00,100 גרם,false,,4.90,2.4500,true,1,91325
7290112330420,false,דנונה פרו לבן עשיר ב,שטראוס,IL,דנונה פרו לבן עשיר ב,גרמים,150.00,100 גרם,false,,4.50,3.0000,true,1,90488
7290112332585,false,פריכיות אנרג'י משולש,פרח תעשיות,IL,פריכיות אנרג'י משולש,גרמים,30.00,100 גרם,false,,4.90,16.3333,true,1,98250
7290112332691,false,עוגיות פינוקיות פסק,עלית,IL,עוגיות פינוקיות פסק,גרמים,200.00,100 גרם,false,,9.90,4.9500,true,1,92563
7290112334596,false,שוקולית 850 גרם+10%,שטראוס קפה בי.וי,IL,שוקולית 850 גרם+10%,גרמים,935.00,100 גרם,false,,14.90,1.5936,true,1,93526
7290112335487,false,פריכיות 3 דגנים וקצח,עלית,IL,פריכיות 3 דגנים וקצח,גרמים,135.00,100 גרם,false,,9.90,7.3333,true,1,92424
7290112335494,false,פריכיות 3 דגנים ותפו,עלית,IL,פריכיות 3 דגנים ותפו,גרמים,135.00,100 גרם,false,,9.90,7.3333,true,1,95176
7290112335500,false,פריכיות חומוס אורז ע,עלית,IL,פריכיות חומוס אורז ע,גרמים,135.00,100 גרם,false,,9.90,7.3333,true,1,92425
7290112336637,false,סוכריות מאסט תות אוכ,שטראוס,IL,סוכריות מאסט תות אוכ,גרמים,80.00,100 גרם,false,,6.90,8.6250,true,1,93776
7290112336644,false,סוכריות מאסט לימון 8,שטראוס,IL,סוכריות מאסט לימון 8,גרמים,80.00,100 גרם,false,,6.90,8.6250,true,1,93773
7290112336651,false,סוכריות מאסט ריבת חל,שטראוס,IL,סוכריות מאסט ריבת חל,גרמים,80.00,100 גרם,false,,6.90,8.6250,true,1,93777
7290112336712,false,דנונה פרו עשיר בחלבו,שטראוס,IL,דנונה פרו עשיר בחלבו,גרמים,200.00,100 גרם,false,,4.90,2.4500,true,1,90478
7290112337474,false,סוכריות מאסט פטל לימ,שטראוס,IL,סוכריות מאסט פטל לימ,גרמים,80.00,100 גרם,false,,6.90,8.6250,true,1,93774
7290112337481,false,סוכריות מאסט קפוצ'ינ,שטראוס,IL,סוכריות מאסט קפוצ'ינ,גרמים,80.00,100 גרם,false,,6.90,8.6250,true,1,93778
7290112338877,false,מעדן גבינה בטעם תות,שטראוס,IL,מעדן גבינה בטעם תות,גרמים,125.00,100 גרם,false,,3.70,2.9600,true,1,91145
7290112339171,false,מילקי מוס שוקולד 170,שטראוס,IL,מילקי מוס שוקולד 170,מיליליטרים,170.00,"100 מ""ל",false,,3.30,1.9412,true,1,89945
7290112339362,false,דנונה לייט אנד פרי ק,שטראוס,IL,דנונה לייט אנד פרי ק,גרמים,150.00,100 גרם,false,,4.50,3.0000,true,1,94328
7290112339867,false,גמדים לדרך תות סקווי,שטראוס,IL,גמדים לדרך תות סקווי,גרמים,100.00,100 גרם,false,,4.90,4.9000,true,1,94582
7290112339874,false,גמדים לדרך תות בננה,שטראוס,IL,גמדים לדרך תות בננה,גרמים,100.00,100 גרם,false,,4.90,4.9000,true,1,94583
7290112340122,false,פריכיות 3 דגנים אנרג,עלית,IL,פריכיות 3 דגנים אנרג,גרמים,135.00,100 גרם,false,,9.90,7.3333,true,1,92426
7290112340245,false,מסטיק מאסט צנצנת דוב,שטראוס,IL,מסטיק מאסט צנצנת דוב,גרמים,66.00,100 גרם,false,,8.90,13.4848,true,1,91129
7290112340252,false,מסטיק מאסט צנצנת אבט,שטראוס,IL,מסטיק מאסט צנצנת אבט,גרמים,66.00,100 גרם,false,,8.90,13.4848,true,1,91128
7290112341556,false,יוגורט אקטיביה צ'יה,שטראוס,IL,יוגורט אקטיביה צ'יה,גרמים,150.00,100 גרם,false,,4.50,3.0000,true,1,96234
7290112341679,false,יוגורט אקטיביה 3% 20,שטראוס,IL,יוגורט אקטיביה 3% 20,מיליליטרים,200.00,"100 מ""ל",false,,3.70,1.8500,true,1,93630
7290112341686,false,מארז יוגורט אקטיביה,שטראוס,IL,מארז יוגורט אקטיביה,קילוגרמים,1.20,ליטר,false,,19.90,16.5833,true,1,93631
7290112342270,false,קפה פלטינום אינטנס 1,שטראוס קפה בי.וי,IL,קפה פלטינום אינטנס 1,גרמים,125.00,100 גרם,false,,15.90,12.7200,true,1,93528
7290112344564,false,רביולי גבינה קלאסי ש,שטראוס,IL,רביולי גבינה קלאסי ש,גרמים,400.00,100 גרם,false,,17.90,4.4750,true,1,96500
7290112344724,false,מעדן חלב  בטעם שוקול,שטראוס,IL,מעדן חלב  בטעם שוקול,מיליליטרים,170.00,"100 מ""ל",false,,3.30,1.9412,true,1,94490
7290112344755,false,מילקי שוקולד 26% פחו,שטראוס,IL,מילקי שוקולד 26% פחו,מיליליטרים,135.00,"100 מ""ל",false,,2.80,2.0741,true,1,99743
7290112344786,false,קפה פלטינום קלאסיק 2,שטראוס,IL,קפה פלטינום קלאסיק 2,גרמים,200.00,100 גרם,false,,19.90,9.9500,true,1,96307
7290112344991,false,דנונה לייט אנד פרי ת,שטראוס,IL,דנונה לייט אנד פרי ת,גרמים,150.00,100 גרם,false,,4.50,3.0000,true,1,94083
7290112346360,false,בפלות אחת אחת בציפוי,עלית,IL,בפלות אחת אחת בציפוי,גרמים,180.00,100 גרם,false,,11.90,6.6111,true,1,94718
7290112346506,false,דנונה לייט אנד פרי א,שטראוס,IL,דנונה לייט אנד פרי א,גרמים,150.00,100 גרם,false,,4.50,3.0000,true,1,94084
7290112346773,false,דנונה לייט אנד פרי ו,שטראוס,IL,דנונה לייט אנד פרי ו,גרמים,150.00,100 גרם,false,,4.50,3.0000,true,1,100139
7290112346797,false,יוגורט אקטיביה עם שי,שטראוס,IL,יוגורט אקטיביה עם שי,גרמים,150.00,100 גרם,false,,4.50,3.0000,true,1,96376
7290112346827,false,אקטימל פטל ויטמין סי,שטראוס,IL,אקטימל פטל ויטמין סי,מיליליטרים,864.00,"100 מ""ל",false,,19.90,2.3032,true,1,99746
7290112347008,false,גמדים ארוחת בוקר תות,שטראוס,IL,גמדים ארוחת בוקר תות,גרמים,100.00,100 גרם,false,,4.90,4.9000,true,1,94485
7290112347473,false,מארז  יוגורט לייט אנ,שטראוס,IL,מארז  יוגורט לייט אנ,פריט,1.20,"ק""ג",false,,24.90,20.7500,true,1,94085
7290112349705,false,רוטב עגבניות פומודור,אימילאנה,IT,רוטב עגבניות פומודור,גרמים,350.00,100 גרם,false,,10.80,3.0857,true,1,108894
7290112349736,false,רוטב עגבניות לפסטה ב,אימילאנה,IT,רוטב עגבניות לפסטה ב,גרמים,350.00,100 גרם,false,,10.80,3.0857,true,1,108895
7290112349743,false,רוטב עגבניות פיקנטי,אימילאנה,IT,רוטב עגבניות פיקנטי,גרמים,350.00,100 גרם,false,,10.80,3.0857,true,1,108897
7290112349750,false,רוטב עגבניות לפיצה י,אימילאנה,IT,רוטב עגבניות לפיצה י,גרמים,350.00,100 גרם,false,,10.80,3.0857,true,1,108896
7290112349903,false,רוטב שמנת עם גרגירי,שטראוס,IL,רוטב שמנת עם גרגירי,מיליליטרים,250.00,"100 מ""ל",false,,9.80,3.9200,true,1,107829
7290112350312,false,קפסולות עלית מס 15 ע,שטראוס קפה בי.וי,IL,קפסולות עלית מס 15 ע,גרמים,50.00,100 גרם,false,,15.50,31.0000,true,1,98569
7290112355263,false,רוטב שמנת עם שוקולד,שטראוס,IL,רוטב שמנת עם שוקולד,מיליליטרים,265.00,"100 מ""ל",false,,9.80,3.6981,true,1,107831
7290112355393,false,רוטב שמנת עם בטטה 9%,שטראוס,IL,רוטב שמנת עם בטטה 9%,מיליליטרים,257.00,"100 מ""ל",false,,9.80,3.8132,true,1,109582
7290112358127,false,דנונה פרו 20 וניל עו,שטראוס,IL,דנונה פרו 20 וניל עו,גרמים,200.00,100 גרם,false,,5.90,2.9500,true,1,99749
7290112358462,false,דבש יד מרדכי 700 גרם,שטראוס גרופ,IL,דבש יד מרדכי 700 גרם,גרמים,700.00,100 גרם,false,,29.90,4.2714,true,1,98188
7290112358554,false,מארז קפה נמס לדרך על,שטראוס גרופ,IL,מארז קפה נמס לדרך על,גרמים,50.40,100 גרם,false,,9.90,19.6429,true,1,107672
7290112415400,false,עוגיות אלפחורס תופינ,קפולסקי אדל בעמ,IL,עוגיות אלפחורס תופינ,גרמים,280.00,100 גרם,false,,29.90,10.6786,true,1,94104
7290112480002,false,קערה קטנה בלו שיין 5,פאלאס,CN,קערה קטנה בלו שיין 5,Unknown,0.00,יחידה,false,,19.90,0.0000,true,1,85665
7290112480019,false,קערה אובלית בינוני ב,פאלאס,CN,קערה אובלית בינוני ב,Unknown,0.00,יחידה,false,,19.90,0.0000,true,1,85664
7290112480026,false,מארז 2 יח' מגש יאובל,פאלאס,CN,מארז 2 יח' מגש יאובל,Unknown,0.00,יחידה,false,,19.90,0.0000,true,1,85719
7290112480033,false,מארז 3 יח מגשי אובלי,פאלאס,CN,מארז 3 יח מגשי אובלי,Unknown,0.00,יחידה,false,,19.90,0.0000,true,1,85668
7290112480040,false,מארז 5 יח מגשי אובלי,פאלאס,CN,מארז 5 יח מגשי אובלי,Unknown,0.00,יחידה,false,,19.90,0.0000,true,1,85669
7290112480057,false,מארז 3 יח מגש מחולק,פאלאס,CN,מארז 3 יח מגש מחולק,Unknown,0.00,יחידה,false,,19.90,0.0000,true,1,85670
7290112480118,false,כוס קריסטל בלו שיין,פאלאס,CN,כוס קריסטל בלו שיין,Unknown,0.00,יחידה,false,,19.90,0.0000,true,1,86305
7290112480361,false,שקיות אשפה שחור 85*7,פאלאס,CN,שקיות אשפה שחור 85*7,Unknown,0.00,יחידה,false,,19.90,0.0000,true,1,87922
7290112480378,false,שקיות אשפה 70*50 לפי,פאלאס,CN,שקיות אשפה 70*50 לפי,Unknown,0.00,יחידה,false,,19.90,0.0000,true,1,87923
7290112481023,false,כוסיות יין קריסטל 12,פאלאס,CN,כוסיות יין קריסטל 12,Unknown,0.00,יחידה,false,,17.90,0.0000,true,1,86304
7290112481030,false,כוס קריסטל בלו שיין,פאלאס,CN,כוס קריסטל בלו שיין,Unknown,0.00,יחידה,false,,19.90,0.0000,true,1,86307
7290112481078,false,"כפות ח""פ 188 יח",פאלאס,TR,"כפות ח""פ 188 יח",Unknown,0.00,יחידה,false,,12.90,0.0000,true,1,89035
7290112481085,false,"כפיות ח""פ 188 יח",פאלאס,TR,"כפיות ח""פ 188 יח",Unknown,0.00,יחידה,false,,12.90,0.0000,true,1,89036
7290112481092,false,"מזלגות ח""פ 188 יח",פאלאס,TR,"מזלגות ח""פ 188 יח",Unknown,0.00,יחידה,false,,12.90,0.0000,true,1,89037
7290112481108,false,"סכינים ח""פ 188 יח",פאלאס,TR,"סכינים ח""פ 188 יח",Unknown,0.00,יחידה,false,,12.90,0.0000,true,1,89038
7290112481115,false,כפות איכותיות בלו שי,פאלאס,TR,כפות איכותיות בלו שי,Unknown,0.00,יחידה,false,,26.90,0.0000,true,1,87513
7290112481122,false,כפיות איכותיות בלו ש,פאלאס,TR,כפיות איכותיות בלו ש,Unknown,0.00,יחידה,false,,26.90,0.0000,true,1,87512
7290112481139,false,מזלגות איכותיים בלו,פאלאס,TR,מזלגות איכותיים בלו,Unknown,0.00,יחידה,false,,26.90,0.0000,true,1,87514
7290112481146,false,סכינים איכותיים בלו,פאלאס,TR,סכינים איכותיים בלו,Unknown,0.00,יחידה,false,,26.90,0.0000,true,1,87511
7290112481153,false,שקיות אשפה כתום 75*9,פאלאס,CN,שקיות אשפה כתום 75*9,Unknown,0.00,יחידה,false,,19.90,0.0000,true,1,87924
7290112481283,false,מארז צלחות סטון ענק,פאלאס,CN,מארז צלחות סטון ענק,Unknown,0.00,יחידה,false,,69.90,0.0000,true,1,90103
7290112481306,false,קעריות סטון אובלי בל,פאלאס,CN,קעריות סטון אובלי בל,Unknown,0.00,יחידה,false,,26.90,0.0000,true,1,90129
7290112481337,false,מארז צלחות רנסנס גדו,פאלאס,CN,מארז צלחות רנסנס גדו,Unknown,0.00,יחידה,false,,69.90,0.0000,true,1,87842
7290112481832,false,מגש יהלום בלו שיין 4,פאלאס,CN,מגש יהלום בלו שיין 4,Unknown,0.00,יחידה,false,,19.90,0.0000,true,1,86992
7290112481900,false,כוסות מעוטרות לפיד 5,LARIPLAST,IL,כוסות מעוטרות לפיד 5,Unknown,0.00,יחידה,false,,17.90,0.0000,true,1,88639
7290112481917,false,קערה ענקית שקוף בלו,a.plast,IL,קערה ענקית שקוף בלו,Unknown,0.00,יחידה,false,,19.90,0.0000,true,1,87715
7290112481924,false,קערה גדולה שקוף בלו,a.plast,IL,קערה גדולה שקוף בלו,Unknown,0.00,יחידה,false,,19.90,0.0000,true,1,87714
7290112481931,false,קערה בינונית שקוף בל,a.plast,IL,קערה בינונית שקוף בל,Unknown,0.00,יחידה,false,,19.90,0.0000,true,1,87716
7290112481948,false,מגש עגול 12 בלו שיין,פאלאס,CN,מגש עגול 12 בלו שיין,Unknown,0.00,יחידה,false,,19.90,0.0000,true,1,89567
7290112481955,false,מגש עגול 14 בלו שיין,פאלאס,CN,מגש עגול 14 בלו שיין,Unknown,0.00,יחידה,false,,19.90,0.0000,true,1,89568
7290112481962,false,מגש עגול 16 בלו שיין,פאלאס,CN,מגש עגול 16 בלו שיין,Unknown,0.00,יחידה,false,,19.90,0.0000,true,1,89569
7290112481979,false,גביע איכותי בלו שיין,פאלאס,CN,גביע איכותי בלו שיין,Unknown,0.00,יחידה,false,,19.90,0.0000,true,1,89284
7290112481986,false,גביע איכותי בלו שיין,פאלאס,CN,גביע איכותי בלו שיין,Unknown,0.00,יחידה,false,,19.90,0.0000,true,1,89283
7290112481993,false,גביע איכותי בלו שיין,פאלאס,CN,גביע איכותי בלו שיין,Unknown,0.00,יחידה,false,,19.90,0.0000,true,1,89282
7290112482075,false,שקיות אשפה עם שרוך 5,פאלאס,IL,שקיות אשפה עם שרוך 5,Unknown,0.00,יחידה,false,,19.90,0.0000,true,1,88635
7290112482082,false,שקיות אשפה עם שרוך 7,פאלאס,IL,שקיות אשפה עם שרוך 7,Unknown,0.00,יחידה,false,,19.90,0.0000,true,1,88636
7290112482228,false,שקיות אשפה 75/90 קרם,פאלאס,IL,שקיות אשפה 75/90 קרם,Unknown,0.00,יחידה,false,,19.90,0.0000,true,1,90186
7290112482242,false,צלחות קטנות טופ סטאר,פאלאס,TR,צלחות קטנות טופ סטאר,Unknown,0.00,יחידה,false,,5.90,0.0000,true,1,90997
7290112482259,false,צלחות גדולות טופ סטא,פאלאס,TR,צלחות גדולות טופ סטא,Unknown,0.00,יחידה,false,,9.90,0.0000,true,1,90995
7290112482266,false,צלחות ענק טופ סטאר 2,פאלאס,TR,צלחות ענק טופ סטאר 2,Unknown,0.00,יחידה,false,,11.90,0.0000,true,1,90994
7290112482273,false,צלחות מרק טופ סטאר 2,פאלאס,TR,צלחות מרק טופ סטאר 2,Unknown,0.00,יחידה,false,,5.90,0.0000,true,1,90996
7290112482280,false,צלחות לפתן טופ סטאר,פאלאס,TR,צלחות לפתן טופ סטאר,Unknown,0.00,יחידה,false,,3.90,0.0000,true,1,90993
7290112482297,false,קעריות אובלי טופ סטא,פאלאס,TR,קעריות אובלי טופ סטא,Unknown,0.00,יחידה,false,,3.90,0.0000,true,1,90992
7290112482303,false,מגבונים קשת 7*72 יח,פאלאס,IL,מגבונים קשת 7*72 יח,Unknown,0.00,יחידה,false,,15.90,0.0000,true,1,91305
7290112482358,false,צלחות גדולות קיסר לב,פאלאס,CN,צלחות גדולות קיסר לב,Unknown,0.00,יחידה,false,,21.90,0.0000,true,1,105137
7290112482396,false,צלחות קטנות קיסר שחו,פאלאס,CN,צלחות קטנות קיסר שחו,Unknown,0.00,יחידה,false,,17.90,0.0000,true,1,105139
7290112482426,false,צלחת מרק קיסר שחור כ,פאלאס,CN,צלחת מרק קיסר שחור כ,Unknown,0.00,יחידה,false,,17.90,0.0000,true,1,105135
7290112482440,false,צלחות קטנות לוקה לבן,פאלאס,CN,צלחות קטנות לוקה לבן,Unknown,0.00,יחידה,false,,15.90,0.0000,true,1,105142
7290112482457,false,צלחות גדולות לוקה לב,פאלאס,CN,צלחות גדולות לוקה לב,Unknown,0.00,יחידה,false,,19.90,0.0000,true,1,105148
7290112482471,false,צלחות מרק לוקה לבן כ,פאלאס,CN,צלחות מרק לוקה לבן כ,Unknown,0.00,יחידה,false,,17.90,0.0000,true,1,105150
7290112482518,false,צלחות גדולות לוקה לב,פאלאס,CN,צלחות גדולות לוקה לב,Unknown,0.00,יחידה,false,,19.90,0.0000,true,1,105151
7290112482570,false,קעריות אובלי לוקה 25,פאלאס,CN,קעריות אובלי לוקה 25,Unknown,0.00,יחידה,false,,26.90,0.0000,true,1,93507
7290112482587,false,מארז צלחות לוקה ענק+,NINGBO,CN,מארז צלחות לוקה ענק+,Unknown,0.00,יחידה,false,,69.90,0.0000,true,1,93508
7290112482594,false,מארז צלחות לוקה מרק+,פאלאס,CN,מארז צלחות לוקה מרק+,Unknown,0.00,יחידה,false,,54.90,0.0000,true,1,93509
7290112482860,false,מפת אלבד מוטבע גליל,פאלאס,CN,מפת אלבד מוטבע גליל,Unknown,0.00,יחידה,false,,39.90,0.0000,true,1,109741
7290112482891,false,צלחות קטנות פרח זהב,פאלאס,TR,צלחות קטנות פרח זהב,Unknown,0.00,יחידה,false,,14.90,0.0000,true,1,93743
7290112482907,false,צלחות גדולות פרח זהב,פאלאס,TR,צלחות גדולות פרח זהב,Unknown,0.00,יחידה,false,,17.90,0.0000,true,1,93744
7290112482938,false,צלחות קטנות פרח כסף,פאלאס,TR,צלחות קטנות פרח כסף,Unknown,0.00,יחידה,false,,14.90,0.0000,true,1,93745
7290112482945,false,צלחות גדולות פרח כסף,פאלאס,TR,צלחות גדולות פרח כסף,Unknown,0.00,יחידה,false,,17.90,0.0000,true,1,93746
7290112482952,false,צלחות מרק פרח כסף לפ,פאלאס,TR,צלחות מרק פרח כסף לפ,Unknown,0.00,יחידה,false,,14.90,0.0000,true,1,93753
7290112483010,false,צלחות קטנות פרח שחור,פאלאס,TR,צלחות קטנות פרח שחור,Unknown,0.00,יחידה,false,,14.90,0.0000,true,1,93747
7290112483027,false,צלחות גדולות פרח שחו,פאלאס,TR,צלחות גדולות פרח שחו,Unknown,0.00,יחידה,false,,17.90,0.0000,true,1,93748
7290112483034,false,צלחות מרק פרח שחור ל,פאלאס,TR,צלחות מרק פרח שחור ל,Unknown,0.00,יחידה,false,,14.90,0.0000,true,1,93760
7290112483058,false,צלחות קטנות פרח קרם,פאלאס,TR,צלחות קטנות פרח קרם,Unknown,0.00,יחידה,false,,14.90,0.0000,true,1,93749
7290112483065,false,צלחות גדולות פרח קרם,פאלאס,TR,צלחות גדולות פרח קרם,Unknown,0.00,יחידה,false,,17.90,0.0000,true,1,93750
7290112483072,false,צלחות מרק פרח קרם לפ,פאלאס,TR,צלחות מרק פרח קרם לפ,Unknown,0.00,יחידה,false,,14.90,0.0000,true,1,93751
7290112483195,false,מיכל 3 ליטר 7 יח,NINGBO,CN,מיכל 3 ליטר 7 יח,Unknown,0.00,יחידה,false,,19.90,0.0000,true,1,92926
7290112483362,false,"תבניות ח""פ עגול קשת",פאלאס,CN,"תבניות ח""פ עגול קשת",Unknown,0.00,יחידה,false,,19.90,0.0000,true,1,94431
7290112483379,false,"תבניות ח""פ מלבן קשת",פאלאס,CN,"תבניות ח""פ מלבן קשת",Unknown,0.00,יחידה,false,,19.90,0.0000,true,1,94432
7290112483386,false,"תבניות ח""פ עמוקות קש",פאלאס,CN,"תבניות ח""פ עמוקות קש",Unknown,0.00,יחידה,false,,19.90,0.0000,true,1,94433
7290112483393,false,"תבניות ח""פ בינוניות",פאלאס,CN,"תבניות ח""פ בינוניות",Unknown,0.00,יחידה,false,,19.90,0.0000,true,1,94434
7290112483409,false,"תבניות ח""פ גדולות קש",פאלאס,CN,"תבניות ח""פ גדולות קש",Unknown,0.00,יחידה,false,,19.90,0.0000,true,1,94435
7290112483416,false,"תבניות ח""פ ענק קשת 1",פאלאס,CN,"תבניות ח""פ ענק קשת 1",Unknown,0.00,יחידה,false,,19.90,0.0000,true,1,94436
7290112483423,false,"תבניות ח""פ אינגליש א",פאלאס,CN,"תבניות ח""פ אינגליש א",Unknown,0.00,יחידה,false,,19.90,0.0000,true,1,94437
7290112483560,false,מפיות מודפסות תלת שכ,פאלאס,CN,מפיות מודפסות תלת שכ,Unknown,0.00,יחידה,false,,9.90,0.0000,true,1,95330
7290112483584,false,מפיות תלת שכבתיות מו,hanketissue,,מפיות תלת שכבתיות מו,Unknown,0.00,יחידה,false,,4.90,0.0000,true,1,108233
7290112483614,false,צלחות ענק רנסנס לבן,פאלאס,TR,צלחות ענק רנסנס לבן,Unknown,0.00,יחידה,false,,69.90,0.0000,true,1,95718
7290112483652,false,צלחות קטנות רויאל בל,פאלאס,CN,צלחות קטנות רויאל בל,Unknown,0.00,יחידה,false,,39.90,0.0000,true,1,96736
7290112483676,false,צלחות ענק רויאל 30 י,פאלאס,TR,צלחות ענק רויאל 30 י,Unknown,0.00,יחידה,false,,69.90,0.0000,true,1,96738
7290112483683,false,צלחות מרק רויאל 30 י,פאלאס,CN,צלחות מרק רויאל 30 י,Unknown,0.00,יחידה,false,,46.90,0.0000,true,1,96739
7290112483713,false,צלחות קטנות קיסר 30,פאלאס,CN,צלחות קטנות קיסר 30,Unknown,0.00,יחידה,false,,44.90,0.0000,true,1,95676
7290112483720,false,צלחות גדולות קיסר 30,פאלאס,CN,צלחות גדולות קיסר 30,Unknown,0.00,יחידה,false,,54.90,0.0000,true,1,95677
7290112483744,false,צלחות מרק קיסר 30 יח,פאלאס,CN,צלחות מרק קיסר 30 יח,Unknown,0.00,יחידה,false,,44.90,0.0000,true,1,95679
7290112483775,false,צלחות אובליות קיסר 3,פאלאס,CN,צלחות אובליות קיסר 3,Unknown,0.00,יחידה,false,,39.90,0.0000,true,1,95674
7290112483782,false,צלחות גדולות גרניט 4,פאלאס,CN,צלחות גדולות גרניט 4,Unknown,0.00,יחידה,false,,59.90,0.0000,true,1,95680
7290112483799,false,צלחות ענק גרניט 40 י,פאלאס,CN,צלחות ענק גרניט 40 י,Unknown,0.00,יחידה,false,,69.90,0.0000,true,1,95681
7290112483805,false,צלחות מרק גרניט 40 י,פאלאס,CN,צלחות מרק גרניט 40 י,Unknown,0.00,יחידה,false,,49.90,0.0000,true,1,95682
7290112483829,false,קעריות אובלי גרניט 4,פאלאס,CN,קעריות אובלי גרניט 4,Unknown,0.00,יחידה,false,,37.90,0.0000,true,1,95675
7290112484161,false,צלחות קטנות רוז פנינ,פאלאס,CN,צלחות קטנות רוז פנינ,Unknown,0.00,יחידה,false,,39.90,0.0000,true,1,101498
7290112484178,false,צלחות גדולות רוז פני,פאלאס,CN,צלחות גדולות רוז פני,Unknown,0.00,יחידה,false,,49.90,0.0000,true,1,101499
7290112484185,false,צלחות ענק רוז פנינה,פאלאס,CN,צלחות ענק רוז פנינה,Unknown,0.00,יחידה,false,,69.90,0.0000,true,1,101500
7290112484192,false,צלחות מרק רוז פנינה,פאלאס,CN,צלחות מרק רוז פנינה,Unknown,0.00,יחידה,false,,44.90,0.0000,true,1,101501
7290112484208,false,לפתניות רוז פנינה בל,פאלאס,CN,לפתניות רוז פנינה בל,Unknown,0.00,יחידה,false,,29.90,0.0000,true,1,101496
7290112484345,false,קעריות אובלי שקוף לפ,פאלאס,TR,קעריות אובלי שקוף לפ,Unknown,0.00,יחידה,false,,5.90,0.0000,true,1,99660
7290112484352,false,צלחות ענק נעימות 50,פאלאס,TR,צלחות ענק נעימות 50,Unknown,0.00,יחידה,false,,39.90,0.0000,true,1,97588
7290112484369,false,צלחות לפתן נעימות 10,פאלאס,TR,צלחות לפתן נעימות 10,Unknown,0.00,יחידה,false,,22.90,0.0000,true,1,97590
7290112484406,false,"כוסות ח""פ קשת 200 מ""",פאלאס,GR,"כוסות ח""פ קשת 200 מ""",Unknown,0.00,יחידה,false,,34.90,0.0000,true,1,97215
7290112484420,false,כוסות נייר 168 יח 26,פאלאס,CN,כוסות נייר 168 יח 26,Unknown,0.00,יחידה,false,,29.90,0.0000,true,1,99757
7290112484444,false,כוסות נייר 116 יח 35,פאלאס,CN,כוסות נייר 116 יח 35,Unknown,0.00,יחידה,false,,29.90,0.0000,true,1,99325
7290112484505,false,קעריות אובלי קיסר לב,פאלאס,CN,קעריות אובלי קיסר לב,Unknown,0.00,יחידה,false,,14.90,0.0000,true,1,105132
7290112484741,false,צלחות קטנות רוז שחור,פאלאס,CN,צלחות קטנות רוז שחור,Unknown,0.00,יחידה,false,,39.90,0.0000,true,1,101502
7290112484758,false,צלחות גדולות רוז שחו,פאלאס,CN,צלחות גדולות רוז שחו,Unknown,0.00,יחידה,false,,49.90,0.0000,true,1,101503
7290112484789,false,לפתניות רוז שחור בלו,פאלאס,CN,לפתניות רוז שחור בלו,Unknown,0.00,יחידה,false,,29.90,0.0000,true,1,101497
7290112484819,false,צלחות קטנות נעימות ש,פאלאס,TR,צלחות קטנות נעימות ש,Unknown,0.00,יחידה,false,,29.90,0.0000,true,1,99673
7290112484826,false,צלחות גדולות נעימות,ב פ תעשיות,IL,צלחות גדולות נעימות,Unknown,0.00,יחידה,false,,49.90,0.0000,true,1,98428
7290112484833,false,צלחות ענק נעימות שקו,פאלאס,CN,צלחות ענק נעימות שקו,Unknown,0.00,יחידה,false,,59.90,0.0000,true,1,99682
7290112484840,false,צלחות מרק נעימות שקו,ב פ תעשיות,IL,צלחות מרק נעימות שקו,Unknown,0.00,יחידה,false,,32.90,0.0000,true,1,99674
7290112484857,false,צלחות לפתן נעימות שק,פאלאס,TR,צלחות לפתן נעימות שק,Unknown,0.00,יחידה,false,,22.90,0.0000,true,1,99675
7290112484901,false,תבניות מאפינס קשת 72,פאלאס,CN,תבניות מאפינס קשת 72,Unknown,0.00,יחידה,false,,9.90,0.0000,true,1,104116
7290112484925,false,מפת ניילון סופר עבה,פאלאס,IL,מפת ניילון סופר עבה,מטרים,35.00,מטר,false,,39.90,1.1400,true,1,100657
7290112484970,false,כפות איכותיים רנסנס,פאלאס,TR,כפות איכותיים רנסנס,Unknown,0.00,יחידה,false,,19.90,0.0000,true,1,101317
7290112484987,false,כפיות איכותיים רנסנס,פאלאס,TR,כפיות איכותיים רנסנס,Unknown,0.00,יחידה,false,,19.90,0.0000,true,1,101319
7290112484994,false,מזלגות איכותיים רנסנ,פאלאס,TR,מזלגות איכותיים רנסנ,Unknown,0.00,יחידה,false,,19.90,0.0000,true,1,101318
7290112485007,false,סכינים איכותיים רנסנ,פאלאס,TR,סכינים איכותיים רנסנ,Unknown,0.00,יחידה,false,,19.90,0.0000,true,1,101320
7290112485137,false,קערה בינונית שיפוע ש,פאלאס,CN,קערה בינונית שיפוע ש,Unknown,0.00,יחידה,false,,5.90,0.0000,true,1,106869
7290112485151,false,קעריות שיפוע שקופות,פאלאס,CN,קעריות שיפוע שקופות,Unknown,0.00,יחידה,false,,12.90,0.0000,true,1,106870
7290112485168,false,קערה בינונית שיפוע ש,פאלאס,CN,קערה בינונית שיפוע ש,Unknown,0.00,יחידה,false,,5.90,0.0000,true,1,106864
7290112485236,false,סט סכום מהודר זהב עם,HANTRONIX,CN,סט סכום מהודר זהב עם,Unknown,0.00,יחידה,false,,34.90,0.0000,true,1,104063
7290112485243,false,סט סכום מהודר זהב עם,HANTRONIX,CN,סט סכום מהודר זהב עם,Unknown,0.00,יחידה,false,,34.90,0.0000,true,1,104064
7290112485342,false,צלחות קטנות אמריקאיו,ב פ תעשיות,IL,צלחות קטנות אמריקאיו,Unknown,0.00,יחידה,false,,26.90,0.0000,true,1,104196
7290112485359,false,צלחות גדולות אמריקאי,ב פ תעשיות,IL,צלחות גדולות אמריקאי,Unknown,0.00,יחידה,false,,34.90,0.0000,true,1,104197
7290112485366,false,צלחות ענק אמריקאי לב,פאלאס,TR,צלחות ענק אמריקאי לב,Unknown,0.00,יחידה,false,,49.90,0.0000,true,1,104195
7290112485373,false,מרקיות אמריקאיות בלו,ב פ תעשיות,IL,מרקיות אמריקאיות בלו,Unknown,0.00,יחידה,false,,26.90,0.0000,true,1,104198
7290112485380,false,לפתניות אמריקאיות בל,ב פ תעשיות,IL,לפתניות אמריקאיות בל,Unknown,0.00,יחידה,false,,14.90,0.0000,true,1,104199
7290112485397,false,קעריות אובליות אמריק,ב פ תעשיות,IL,קעריות אובליות אמריק,Unknown,0.00,יחידה,false,,18.90,0.0000,true,1,104200
7290112485441,false,"תבניות ח""פ לב+מכסה ש",,,"תבניות ח""פ לב+מכסה ש",Unknown,0.00,יחידה,false,,11.90,0.0000,true,1,105509
7290112485458,false,"תבניות ח""פ עגול קטן+",,,"תבניות ח""פ עגול קטן+",Unknown,0.00,יחידה,false,,11.90,0.0000,true,1,105510
7290112485472,false,"תבניות ח""פ מלבן גדול",,,"תבניות ח""פ מלבן גדול",Unknown,0.00,יחידה,false,,11.90,0.0000,true,1,105508
7290112485489,false,"תבניות ח""פ עגול גבוה",,,"תבניות ח""פ עגול גבוה",Unknown,0.00,יחידה,false,,11.90,0.0000,true,1,105512
7290112485502,false,סט סכום מהודר כסוף ב,פאלאס,CN,סט סכום מהודר כסוף ב,Unknown,0.00,יחידה,false,,49.90,0.0000,true,1,107075
7290112485519,false,מגש מלבן קיסר לפיד 4,פאלאס,CN,מגש מלבן קיסר לפיד 4,Unknown,0.00,יחידה,false,,11.90,0.0000,true,1,106871
7290112485526,false,מגש מרובע קיסר לפיד,פאלאס,CN,מגש מרובע קיסר לפיד,Unknown,0.00,יחידה,false,,9.90,0.0000,true,1,106872
7290112485533,false,מגש עגול קיסר לפיד,פאלאס,CN,מגש עגול קיסר לפיד,Unknown,0.00,יחידה,false,,12.90,0.0000,true,1,106873
7290112485540,false,מגש מרובע גדול קיסר,פאלאס,CN,מגש מרובע גדול קיסר,Unknown,0.00,יחידה,false,,11.90,0.0000,true,1,106874
7290112485557,false,מגש עגול גדול קיסר ל,פאלאס,CN,מגש עגול גדול קיסר ל,Unknown,0.00,יחידה,false,,14.90,0.0000,true,1,106875
7290112485564,false,מגש מלבן ארוך קיסר ל,פאלאס,CN,מגש מלבן ארוך קיסר ל,Unknown,0.00,יחידה,false,,9.90,0.0000,true,1,106876
7290112485571,false,כוסות קיסר לפיד 10 י,פאלאס,CN,כוסות קיסר לפיד 10 י,Unknown,0.00,יחידה,false,,10.90,0.0000,true,1,106877
7290112485601,false,כוס קריסטל פסים לפיד,פאלאס,CN,כוס קריסטל פסים לפיד,Unknown,0.00,יחידה,false,,24.90,0.0000,true,1,106945
7290112485618,false,כוס קריסטל פסים לפיד,פאלאס,CN,כוס קריסטל פסים לפיד,Unknown,0.00,יחידה,false,,29.90,0.0000,true,1,106946
7290112485625,false,כוסות נייר 50 יח 210,פאלאס,TR,כוסות נייר 50 יח 210,Unknown,0.00,יחידה,false,,7.90,0.0000,true,1,104203
7290112485724,false,מגש עץ אובלי גדול דק,פאלאס,CN,מגש עץ אובלי גדול דק,Unknown,0.00,יחידה,false,,9.90,0.0000,true,1,105416
7290112485731,false,צלחות עץ ענק מרובע ד,פאלאס,CN,צלחות עץ ענק מרובע ד,Unknown,0.00,יחידה,false,,14.90,0.0000,true,1,105414
7290112485748,false,צלחות עץ גדולות מרוב,פאלאס,CN,צלחות עץ גדולות מרוב,Unknown,0.00,יחידה,false,,12.90,0.0000,true,1,105415
7290112485762,false,מגש עץ מלבני גדול דק,פאלאס,CN,מגש עץ מלבני גדול דק,Unknown,0.00,יחידה,false,,14.90,0.0000,true,1,105418
7290112485779,false,מגש עץ מלבני קטן דקל,פאלאס,CN,מגש עץ מלבני קטן דקל,Unknown,0.00,יחידה,false,,11.90,0.0000,true,1,105417
7290112485786,false,צלחות עץ ענק מקאו לפ,פאלאס,CN,צלחות עץ ענק מקאו לפ,Unknown,0.00,יחידה,false,,19.90,0.0000,true,1,105413
7290112485892,false,מפיות חד שכבתי קשת 1,פאלאס,TR,מפיות חד שכבתי קשת 1,Unknown,0.00,יחידה,false,,5.90,0.0000,true,1,108651
7290112485984,false,מארז צלחות רוז ענק+ג,פאלאס,TR,מארז צלחות רוז ענק+ג,Unknown,0.00,יחידה,false,,37.90,0.0000,true,1,107053
7290112486011,false,צלחות לפתן פאלאס 150,פאלאס,IL,צלחות לפתן פאלאס 150,Unknown,0.00,יחידה,false,,19.90,0.0000,true,1,107286
7290112486028,false,צלחות קטנות פאלאס 12,פאלאס,IL,צלחות קטנות פאלאס 12,Unknown,0.00,יחידה,false,,19.90,0.0000,true,1,108516
7290112486035,false,צלחות גדולות פאלאס 8,פאלאס,IL,צלחות גדולות פאלאס 8,Unknown,0.00,יחידה,false,,19.90,0.0000,true,1,107575
7290112486042,false,צלחות מרק 70 יח' פאל,פאלאס,IL,צלחות מרק 70 יח' פאל,Unknown,0.00,יחידה,false,,19.90,0.0000,true,1,107508
7290112486059,false,צלחות ענק פאלאס 70 י,פאלאס,IL,צלחות ענק פאלאס 70 י,Unknown,0.00,יחידה,false,,19.90,0.0000,true,1,107509
7290112486066,false,קערות אובלית פאלאס 8,פאלאס,IL,קערות אובלית פאלאס 8,Unknown,0.00,יחידה,false,,19.90,0.0000,true,1,109574
7290112491558,false,שוקולד ורד הגליל מרי,יוניליוור,IL,שוקולד ורד הגליל מרי,גרמים,600.00,100 גרם,false,,16.90,2.8167,true,1,90214
7290112493934,false,גלידה קרמיסימו וניל,גלידות שטראוס,IL,גלידה קרמיסימו וניל,קילוגרמים,1.33,ליטר,false,,17.50,13.1579,true,1,94529
7290112493965,false,גלידה קרמיסימו מסטיג,גלידות שטראוס,IL,גלידה קרמיסימו מסטיג,קילוגרמים,1.33,ליטר,false,,17.50,13.1579,true,1,94530
7290112494221,false,קליק ביסקוויט 65 גרם,יוניליוור,IL,קליק ביסקוויט 65 גרם,גרמים,65.00,100 גרם,false,,3.90,6.0000,true,1,93648
7290112494238,false,קליק שוקולד חלב 65 ג,יוניליוור,IL,קליק שוקולד חלב 65 ג,גרמים,65.00,100 גרם,false,,3.90,6.0000,true,1,93650
7290112494276,false,קליק כריות 65 גרם,יוניליוור,IL,קליק כריות 65 גרם,גרמים,65.00,100 גרם,false,,3.90,6.0000,true,1,93858
7290112494283,false,קליק חום לבן מעורב 6,יוניליוור,IL,קליק חום לבן מעורב 6,גרמים,65.00,100 גרם,false,,3.90,6.0000,true,1,93651
7290112494313,false,קליק קורנפלקס 65 גרם,יוניליוור,IL,קליק קורנפלקס 65 גרם,גרמים,65.00,100 גרם,false,,3.90,6.0000,true,1,93652
7290112494351,false,קורנפלקס של אלופים 8,יוניליוור,IL,קורנפלקס של אלופים 8,גרמים,850.00,100 גרם,false,,15.90,1.8706,true,1,95414
7290112495006,false,"כריות נוגט בד""צ 686",יוניליוור,IL,"כריות נוגט בד""צ 686",גרמים,686.00,100 גרם,false,,21.90,3.1924,true,1,93661
7290112496027,false,סירופ שוקולד 580 גרם,יוניליוור,IL,סירופ שוקולד 580 גרם,מיליליטרים,580.00,"100 מ""ל",false,,7.90,1.3621,true,1,95537
7290112496676,false,דאו ספריי אקס ריצארג,יוניליוור,GB,דאו ספריי אקס ריצארג,מיליליטרים,200.00,"100 מ""ל",false,,9.90,4.9500,true,1,102317
7290112497499,false,שוקולד קליק לבן עוגי,יוניליוור,IL,שוקולד קליק לבן עוגי,גרמים,85.00,100 גרם,false,,4.90,5.7647,true,1,102693
7290112498748,false,שלגוני מיני סולרו ונ,גלידות שטראוס,IL,שלגוני מיני סולרו ונ,גרמים,350.00,100 גרם,false,,19.50,5.5714,true,1,100829
7290112499097,false,שלגוני מיני מגנום מר,גלידות שטראוס,IL,שלגוני מיני מגנום מר,גרמים,330.00,100 גרם,false,,21.90,6.6364,true,1,106299
7290112499189,false,גלידה קרמיסימו חד קר,גלידות שטראוס,IL,גלידה קרמיסימו חד קר,קילוגרמים,1.33,ליטר,false,,17.50,13.1579,true,1,108125
7290112499776,false,שלגוני גודיס שלושת ש,גלידות שטראוס,IL,שלגוני גודיס שלושת ש,גרמים,235.00,100 גרם,false,,19.50,8.2979,true,1,96727
7290112499943,false,שלגוני מיני מגנום שו,גלידות שטראוס,IL,שלגוני מיני מגנום שו,גרמים,330.00,100 גרם,false,,21.90,6.6364,true,1,95553
7290112870230,false,קרנבל זיתים ב.דרום 8,בני דרום,IL,קרנבל זיתים ב.דרום 8,גרמים,820.00,100 גרם,false,,11.90,1.4512,true,1,88967
7290112870247,false,ממרח פסטו בזיליקום ב,בני דרום,IL,ממרח פסטו בזיליקום ב,גרמים,190.00,100 גרם,false,,9.90,5.2105,true,1,88185
7290112870254,false,ממרח עגבניות מיובשות,בני דרום,IL,ממרח עגבניות מיובשות,גרמים,190.00,100 גרם,false,,9.90,5.2105,true,1,88186
7290112870261,false,ממרח ארטישוק בני דרו,בני דרום,IL,ממרח ארטישוק בני דרו,גרמים,190.00,100 גרם,false,,9.90,5.2105,true,1,88187
7290112870278,false,ממרח טפנד זיתים מרינ,בני דרום,IL,ממרח טפנד זיתים מרינ,גרמים,190.00,100 גרם,false,,9.90,5.2105,true,1,88182
7290112870285,false,ממרח טפנד זיתים בני,בני דרום,IL,ממרח טפנד זיתים בני,גרמים,190.00,100 גרם,false,,9.90,5.2105,true,1,88188
7290112870292,false,ממרח צימיצורי בני דר,בני דרום,IL,ממרח צימיצורי בני דר,גרמים,190.00,100 גרם,false,,9.90,5.2105,true,1,88184
7290112870308,false,ממרח פלפל אדום בני ד,בני דרום,IL,ממרח פלפל אדום בני ד,גרמים,190.00,100 גרם,false,,9.90,5.2105,true,1,88183
7290112870315,false,זית טבעות ירוק בני ד,בני דרום,IL,זית טבעות ירוק בני ד,פריט,3.00,"ק""ג",false,,27.90,9.3000,true,1,90926
7290112870414,false,ממרח סחוג אדום בני ד,בני דרום,IL,ממרח סחוג אדום בני ד,גרמים,190.00,100 גרם,false,,9.90,5.2105,true,1,91126
7290112961266,false,בייגלה כפיות איטלקי,אסם,IL,בייגלה כפיות איטלקי,גרמים,300.00,100 גרם,false,,8.90,2.9667,true,1,91189
7290112961327,false,בייגלה כפיות כפרי 30,אסם,IL,בייגלה כפיות כפרי 30,גרמים,300.00,100 גרם,false,,8.90,2.9667,true,1,91188
7290112961372,false,חטיפי פריכיות קינמון,אסם,IL,חטיפי פריכיות קינמון,גרמים,60.00,100 גרם,false,,7.90,13.1667,true,1,89657
7290112961464,false,חטיפי פריכיות מתובלו,אסם,IL,חטיפי פריכיות מתובלו,גרמים,60.00,100 גרם,false,,7.90,13.1667,true,1,89658
7290112961754,false,עוגיות שוקולד ציפס מ,אסם,IL,עוגיות שוקולד ציפס מ,גרמים,200.00,100 גרם,false,,9.90,4.9500,true,1,90090
7290112963321,false,בייגלה שטוח גרפיטי ל,אסם,IL,בייגלה שטוח גרפיטי ל,גרמים,300.00,100 גרם,false,,11.90,3.9667,true,1,96749
7290112963529,false,טילוני אקסטרים שוקו,גלידות נסטלה,IL,טילוני אקסטרים שוקו,גרמים,432.00,100 גרם,false,,23.90,5.5324,true,1,91429
7290112963918,false,קרקר דק רוזמרין פיטנ,אסם,IL,קרקר דק רוזמרין פיטנ,גרמים,140.00,100 גרם,false,,10.90,7.7857,true,1,92588
7290112964458,false,רוטב לסלט ויניגרט אס,אסם,IL,רוטב לסלט ויניגרט אס,גרמים,295.00,100 גרם,false,,8.90,3.0169,true,1,92487
7290112964472,false,רוטב שום אסם 290 גרם,אסם,IL,רוטב שום אסם 290 גרם,גרמים,290.00,100 גרם,false,,8.90,3.0690,true,1,92488
7290112964625,false,רוטב שום לייט אסם 31,אסם,IL,רוטב שום לייט אסם 31,גרמים,310.00,100 גרם,false,,8.90,2.8710,true,1,92490
7290112964724,false,המבורגר צמחוני טבעול,טבעול ישראל,IL,המבורגר צמחוני טבעול,גרמים,580.00,100 גרם,false,,29.90,5.1552,true,1,92553
7290112965165,false,מרק נמס פטריות אסם 2,אסם,IL,מרק נמס פטריות אסם 2,גרמים,48.00,100 גרם,false,,5.50,11.4583,true,1,94419
7290112965240,false,מרק נמס עגבניות אסם,אסם,IL,מרק נמס עגבניות אסם,גרמים,60.00,100 גרם,false,,5.50,9.1667,true,1,94420
7290112965288,false,מרק נמס ירקות אסם 2*,אסם,IL,מרק נמס ירקות אסם 2*,גרמים,56.00,100 גרם,false,,5.50,9.8214,true,1,99012
7290112965301,false,מרק נמס עוף אסם 2*26,אסם,IL,מרק נמס עוף אסם 2*26,גרמים,52.00,100 גרם,false,,5.50,10.5769,true,1,94421
7290112965660,false,חטיף פיטנס מלח פלפל,אסם,IL,חטיף פיטנס מלח פלפל,גרמים,25.00,100 גרם,false,,4.90,19.6000,true,1,99380
7290112965684,false,חטיף פיטנס עשבי תיבו,אסם,IL,חטיף פיטנס עשבי תיבו,גרמים,25.00,100 גרם,false,,4.90,19.6000,true,1,99381
7290112965707,false,חטיף פיטנס צ'ילי מעו,אסם,IL,חטיף פיטנס צ'ילי מעו,גרמים,25.00,100 גרם,false,,4.90,19.6000,true,1,99382
7290112965905,false,בייגלה שמיניות במליח,אסם,IL,בייגלה שמיניות במליח,גרמים,400.00,100 גרם,false,,8.90,2.2250,true,1,94450
7290112965967,false,נאגטס ירקות כתומים ט,טבעול ישראל,IL,נאגטס ירקות כתומים ט,גרמים,500.00,100 גרם,false,,29.90,5.9800,true,1,99611
7290112966094,false,עוגת תפוז מופחתת סוכ,אסם,IL,עוגת תפוז מופחתת סוכ,גרמים,400.00,100 גרם,false,,9.90,2.4750,true,1,94556
7290112966247,false,לחמית כוסמין 200 גרם,אסם,IL,לחמית כוסמין 200 גרם,גרמים,200.00,100 גרם,false,,7.50,3.7500,true,1,98923
7290112966803,false,פודינג אינסטנט שוקול,אסם,IL,פודינג אינסטנט שוקול,גרמים,88.00,100 גרם,false,,3.90,4.4318,true,1,96432
7290112967114,false,חטיפי פריכיות קטניות,אסם,IL,חטיפי פריכיות קטניות,גרמים,60.00,100 גרם,false,,7.90,13.1667,true,1,96744
7290112967152,false,מארז במבה מתוקה  15*,אסם,IL,מארז במבה מתוקה  15*,גרמים,225.00,100 גרם,false,,17.90,7.9556,true,1,94549
7290112967572,false,רוטב ברביקיו אסם 290,אסם,IL,רוטב ברביקיו אסם 290,גרמים,290.00,100 גרם,false,,8.90,3.0690,true,1,94424
7290112968340,false,חומוס גרוס גס גס צבר,צבר,IL,חומוס גרוס גס גס צבר,גרמים,400.00,100 גרם,false,,13.90,3.4750,true,1,94971
7290112968708,false,שניצל תירס טבעול 1.3,טבעול ישראל,IL,שניצל תירס טבעול 1.3,פריט,1.30,"ק""ג",false,,39.90,30.6923,true,1,96070
7290112968722,false,נקניקיות מן הצומח טב,טבעול ישראל,IL,נקניקיות מן הצומח טב,פריט,1.20,"ק""ג",false,,39.90,33.2500,true,1,96071
7290112968807,false,קרקר דק סלק פיטנס 14,אסם,IL,קרקר דק סלק פיטנס 14,גרמים,140.00,100 גרם,false,,10.90,7.7857,true,1,99826
7290112968821,false,קרקר דק בטטה פיטנס 1,אסם,IL,קרקר דק בטטה פיטנס 1,גרמים,140.00,100 גרם,false,,10.90,7.7857,true,1,99827
7290113190375,false,סילאן טבעי שקדיה 900,שקדיה,TR,סילאן טבעי שקדיה 900,גרמים,900.00,100 גרם,false,,17.90,1.9889,true,1,90409
7290113190863,false,סילאן טבעי לחיץ שקדי,שקדיה,IL,סילאן טבעי לחיץ שקדי,גרמים,385.00,100 גרם,false,,9.90,2.5714,true,1,98184
7290113191006,false,פפריקה מתוקה יוחאי ב,תבליני בר,IL,פפריקה מתוקה יוחאי ב,גרמים,250.00,100 גרם,false,,14.90,5.9600,true,1,91412
7290113191013,false,פפריקה חריפה יוחאי ב,תבליני בר,IL,פפריקה חריפה יוחאי ב,גרמים,250.00,100 גרם,false,,14.90,5.9600,true,1,91413
7290113191020,false,פלפל שחור טחון יוחאי,תבליני בר,IL,פלפל שחור טחון יוחאי,גרמים,250.00,100 גרם,false,,14.90,5.9600,true,1,91414
7290113191037,false,פלפל שחור גרוס יוחאי,תבליני בר,IL,פלפל שחור גרוס יוחאי,גרמים,250.00,100 גרם,false,,14.90,5.9600,true,1,91415
7290113191044,false,כמון יוחאי ביטון 250,תבליני בר,IL,כמון יוחאי ביטון 250,גרמים,250.00,100 גרם,false,,14.90,5.9600,true,1,91416
7290113191051,false,כורכום יוחאי ביטון 2,תבליני בר,IL,כורכום יוחאי ביטון 2,גרמים,250.00,100 גרם,false,,14.90,5.9600,true,1,91417
7290113191099,false,סירופ מייפל טהור 250,שקדיה,IL,סירופ מייפל טהור 250,מיליליטרים,250.00,"100 מ""ל",false,,19.90,7.9600,true,1,105967
7290113191921,false,"סירופ מלבי 750 מ""ל",פוליבה,IL,"סירופ מלבי 750 מ""ל",מיליליטרים,750.00,"100 מ""ל",false,,16.90,2.2533,true,1,94767
7290113191938,false,תרכיז שקדים רוזטה 75,פוליבה,IL,תרכיז שקדים רוזטה 75,מיליליטרים,750.00,"100 מ""ל",false,,16.90,2.2533,true,1,93106
7290113192201,false,אבקה להכנת סחלב שקדי,עין חרוד,IL,אבקה להכנת סחלב שקדי,גרמים,500.00,100 גרם,false,,14.90,2.9800,true,1,94740
7290113192218,false,אבקה להכנת מלבי שקדי,עין חרוד,IL,אבקה להכנת מלבי שקדי,גרמים,500.00,100 גרם,false,,14.90,2.9800,true,1,94741
7290113192331,false,זית מנזלינו בית השיט,בית השיטה,IL,זית מנזלינו בית השיט,גרמים,560.00,100 גרם,false,,9.50,1.6964,true,1,94457
7290113192348,false,זית שום בית השיטה 56,בית השיטה,IL,זית שום בית השיטה 56,גרמים,560.00,100 גרם,false,,9.50,1.6964,true,1,94458
7290113192355,false,זית חרוזית בית השיטה,בית השיטה,IL,זית חרוזית בית השיטה,גרמים,560.00,100 גרם,false,,9.50,1.6964,true,1,94459
7290113192362,false,זית טבעות בית השיטה,בית השיטה,IL,זית טבעות בית השיטה,גרמים,560.00,100 גרם,false,,9.90,1.7679,true,1,94460
7290113192393,false,זית קוקטייל בית השיט,בית השיטה,IL,זית קוקטייל בית השיט,גרמים,560.00,100 גרם,false,,10.90,1.9464,true,1,94462
7290113192478,false,מלפפון במלח 10-12 בי,בית השיטה,IL,מלפפון במלח 10-12 בי,גרמים,560.00,100 גרם,false,,7.50,1.3393,true,1,94463
7290113192485,false,מלפפון בחומץ 10-12 ב,בית השיטה,IL,מלפפון בחומץ 10-12 ב,גרמים,560.00,100 גרם,false,,7.50,1.3393,true,1,94464
7290113192492,false,מלפפון בחומץ 13-17 ב,בית השיטה,IL,מלפפון בחומץ 13-17 ב,גרמים,560.00,100 גרם,false,,7.90,1.4107,true,1,94465
7290113192508,false,מלפפון במלח 13-17 בי,בית השיטה,IL,מלפפון במלח 13-17 בי,גרמים,560.00,100 גרם,false,,7.90,1.4107,true,1,94466
7290113192515,false,מלפפון במלח 18-25 בי,בית השיטה,IL,מלפפון במלח 18-25 בי,גרמים,560.00,100 גרם,false,,7.90,1.4107,true,1,94467
7290113192522,false,מלפפון בחומץ 18-25 ב,בית השיטה,IL,מלפפון בחומץ 18-25 ב,גרמים,560.00,100 גרם,false,,7.90,1.4107,true,1,94468
7290113192539,false,מלפפון במלח 7-9 בית,בית השיטה,IL,מלפפון במלח 7-9 בית,גרמים,560.00,100 גרם,false,,6.30,1.1250,true,1,94469
7290113192546,false,מלפפון בחומץ 7-9 בית,בית השיטה,IL,מלפפון בחומץ 7-9 בית,גרמים,560.00,100 גרם,false,,6.30,1.1250,true,1,94470
7290113192560,false,פלפל שיפקה בית השיטה,בית השיטה,IL,פלפל שיפקה בית השיטה,גרמים,560.00,100 גרם,false,,6.50,1.1607,true,1,94471
7290113192577,false,כרוב כבוש בית השיטה,בית השיטה,IL,כרוב כבוש בית השיטה,גרמים,560.00,100 גרם,false,,6.90,1.2321,true,1,96868
7290113192997,false,זית שחור מרוקאי בית,בית השיטה,IL,זית שחור מרוקאי בית,גרמים,340.00,100 גרם,false,,11.90,3.5000,true,1,104990
7290113193000,false,פלפל שיפקונית בית הש,בית השיטה,IL,פלפל שיפקונית בית הש,גרמים,560.00,100 גרם,false,,9.90,1.7679,true,1,96869
7290113193017,false,זית חרוזית קוקטייל ב,בית השיטה,IL,זית חרוזית קוקטייל ב,גרמים,560.00,100 גרם,false,,11.50,2.0536,true,1,96873
7290113193031,false,זית חרוזית קלמטה בית,בית השיטה,IL,זית חרוזית קלמטה בית,גרמים,560.00,100 גרם,false,,11.50,2.0536,true,1,96870
7290113193321,false,שמן זית כתית מעולה ב,בית השיטה,IL,שמן זית כתית מעולה ב,מיליליטרים,750.00,"100 מ""ל",false,,27.90,3.7200,true,1,99278
7290113193406,false,זית טבעות קוקטייל בי,בית השיטה,IL,זית טבעות קוקטייל בי,גרמים,560.00,100 גרם,false,,11.50,2.0536,true,1,96871
7290113194601,false,מובחרים מן הטבע 500,דין שיווק,IL,מובחרים מן הטבע 500,גרמים,500.00,100 גרם,false,,9.90,1.9800,true,1,97412
7290113194618,false,קוואקר מובחרים מן הט,דין שיווק,IL,קוואקר מובחרים מן הט,גרמים,700.00,100 גרם,false,,4.90,0.7000,true,1,97414
7290113194625,false,מובחרים מן הטבע 300,דין שיווק,IL,מובחרים מן הטבע 300,גרמים,300.00,100 גרם,false,,9.90,3.3000,true,1,97413
7290113194632,false,ממרח שקדים שקדיה 500,פוליבה,IL,ממרח שקדים שקדיה 500,גרמים,500.00,100 גרם,false,,44.90,8.9800,true,1,98628
7290113195837,false,מובחרים מן הטבע 250,דין שיווק,IL,מובחרים מן הטבע 250,גרמים,250.00,100 גרם,false,,9.90,3.9600,true,1,98200
7290113195844,false,מובחרים מן הטבע 400,דין שיווק,IL,מובחרים מן הטבע 400,גרמים,400.00,100 גרם,false,,9.90,2.4750,true,1,98201
7290113195868,false,מובחרים מן הטבע 200,דין שיווק,IL,מובחרים מן הטבע 200,גרמים,200.00,100 גרם,false,,9.90,4.9500,true,1,98203
7290113195967,false,שיבולת שועל שקדיה פח,שקדיה,IL,שיבולת שועל שקדיה פח,גרמים,500.00,100 גרם,false,,4.90,0.9800,true,1,103666
7290113196414,false,אורז בסמטי שקדיה 1 ק,שקדיה,IN,אורז בסמטי שקדיה 1 ק,פריט,1.00,"ק""ג",false,,9.90,9.9000,true,1,104026
7290113196506,false,פריכיות כוסמת ללא מל,שקדיה,IL,פריכיות כוסמת ללא מל,גרמים,150.00,100 גרם,false,,11.90,7.9333,true,1,103671
7290113196896,false,תרסיס שמן זית שקדיה,שקדיה,IL,תרסיס שמן זית שקדיה,מיליליטרים,170.00,"100 מ""ל",false,,14.90,8.7647,true,1,104461
7290113196940,false,חטיפי תירס בטעם טבעי,אן וי רוגר,BE,חטיפי תירס בטעם טבעי,גרמים,300.00,100 גרם,false,,12.90,4.3000,true,1,108310
7290113196957,false,חטיפי תירס בטעם ברבי,אן וי רוגר,BE,חטיפי תירס בטעם ברבי,גרמים,300.00,100 גרם,false,,12.90,4.3000,true,1,108308
7290113197152,false,לבבות דקל שלם בצנצנת,שקדיה,IL,לבבות דקל שלם בצנצנת,גרמים,410.00,100 גרם,false,,11.90,2.9024,true,1,104490
7290113199323,false,מיני טורטיה מקמח חיט,,TR,מיני טורטיה מקמח חיט,גרמים,150.00,100 גרם,false,,4.90,3.2667,true,1,109966
7290113199590,false,נקטר חמוציות קרנברי,,US,נקטר חמוציות קרנברי,קילוגרמים,1.89,ליטר,false,,19.90,10.5291,true,1,106464
7290113199767,false,ממרח 100% שקדים שקדי,פפאיינס,TW,ממרח 100% שקדים שקדי,גרמים,300.00,100 גרם,false,,26.90,8.9667,true,1,108305
7290113199774,false,ממרח 100% בוטנים שקד,פפאיינס,TW,ממרח 100% בוטנים שקד,גרמים,300.00,100 גרם,false,,13.90,4.6333,true,1,108306
7290113199781,false,ממרח 100% מיקס אגוזי,פפאיינס,TW,ממרח 100% מיקס אגוזי,גרמים,200.00,100 גרם,false,,14.90,7.4500,true,1,108307
7290113199866,false,מיקס פיצוחים 450 גרם,דין שיווק,IL,מיקס פיצוחים 450 גרם,גרמים,450.00,100 גרם,false,,34.90,7.7556,true,1,106533
7290113199880,false,טורטיות בתוספת קמח כ,,TR,טורטיות בתוספת קמח כ,גרמים,360.00,100 גרם,false,,12.90,3.5833,true,1,108309
7290113199941,false,"תמר מגהול 1 ק""ג",דין שיווק,IL,"תמר מגהול 1 ק""ג",פריט,1.00,"ק""ג",false,,19.90,19.9000,true,1,106422
7290113456020,false,סוכריות גומילי בננה,טופ גאם,IL,סוכריות גומילי בננה,גרמים,500.00,100 גרם,false,,29.90,5.9800,true,1,109519
7290113456051,false,סוכריות גומילי נחשים,טופ גאם,IL,סוכריות גומילי נחשים,גרמים,500.00,100 גרם,false,,29.90,5.9800,true,1,109520
7290113456068,false,סוכריות גומילי לב אפ,טופ גאם,IL,סוכריות גומילי לב אפ,גרמים,500.00,100 גרם,false,,29.90,5.9800,true,1,109521
7290114310215,false,שמנת מתוקה 38%  בבקב,טרה,IL,שמנת מתוקה 38%  בבקב,מיליליטרים,250.00,"100 מ""ל",false,,6.40,2.5600,true,1,96368
7290114310239,false,חלב מועשר נטול לקטוז,מילקו,IL,חלב מועשר נטול לקטוז,קילוגרמים,1.50,ליטר,false,,9.90,6.6000,true,1,97261
7290114310338,false,גבינה צפתית מעודנת 5,מחלבת משק צוריאל,IL,גבינה צפתית מעודנת 5,גרמים,225.00,100 גרם,false,,16.90,7.5111,true,1,101879
7290114310536,false,מולר אקטיב וניל לייט,טרה,IL,מולר אקטיב וניל לייט,גרמים,200.00,100 גרם,false,,5.50,2.7500,true,1,103179
7290114310550,false,גבינת פטה עיזים מעוד,מילקו,IL,גבינת פטה עיזים מעוד,מיליליטרים,200.00,"100 מ""ל",false,,21.90,10.9500,true,1,102005
7290114310567,false,לאבנה עיזים 5% צוריא,מילקו,IL,לאבנה עיזים 5% צוריא,גרמים,200.00,100 גרם,false,,13.90,6.9500,true,1,102006
7290114310611,false,"משקה בננה טרה 250 מ""",טרה,IL,"משקה בננה טרה 250 מ""",מיליליטרים,250.00,"100 מ""ל",false,,4.90,1.9600,true,1,107805
7290114310628,false,משקה וניל עוגיות טרה,טרה,IL,משקה וניל עוגיות טרה,קילוגרמים,1.00,ליטר,false,,9.90,9.9000,true,1,102560
7290114310673,false,לאבנה 9% טרה 250 גרם,טרה,IL,לאבנה 9% טרה 250 גרם,גרמים,250.00,100 גרם,false,,11.90,4.7600,true,1,102007
7290114310895,false,מארז מולר סימפלי תות,טרה,IL,מארז מולר סימפלי תות,קילוגרמים,1.20,ליטר,false,,21.90,18.2500,true,1,108757
7290114311014,false,משקה אייס קפוצ'ינו ט,טרה,IL,משקה אייס קפוצ'ינו ט,מיליליטרים,250.00,"100 מ""ל",false,,4.90,1.9600,true,1,107798
7290114311021,false,משקה וניל עוגיות טרה,טרה,IL,משקה וניל עוגיות טרה,מיליליטרים,250.00,"100 מ""ל",false,,4.90,1.9600,true,1,107799
7290114311038,false,שמנת מתוקה 32% בבקבו,טרה,IL,שמנת מתוקה 32% בבקבו,מיליליטרים,250.00,"100 מ""ל",false,,5.90,2.3600,true,1,107601
7290114311069,false,מולר אקטיב בטעם טבעי,מילקו,IL,מולר אקטיב בטעם טבעי,גרמים,200.00,100 גרם,false,,4.90,2.4500,true,1,107271
7290114311076,false,חמאה עם שום מולר 200,מילקו,IL,חמאה עם שום מולר 200,גרמים,200.00,100 גרם,false,,10.90,5.4500,true,1,107595
7290114311298,false,מולר פרופ קציפת תות,טרה,IL,מולר פרופ קציפת תות,מיליליטרים,150.00,"100 מ""ל",false,,4.80,3.2000,true,1,108352
7290114311304,false,מולר פרופ קציפת מנגו,טרה,IL,מולר פרופ קציפת מנגו,מיליליטרים,150.00,"100 מ""ל",false,,4.80,3.2000,true,1,108350
7290114311328,false,חלב נטול לקטוז 2% טר,ג'י.אר.אמ.גרופו אלימ,IL,חלב נטול לקטוז 2% טר,קילוגרמים,1.00,ליטר,false,,5.90,5.9000,true,1,108758
7290114311359,false,מולר פרופ קציפת מנגו,טרה,IL,מולר פרופ קציפת מנגו,מיליליטרים,150.00,"100 מ""ל",false,,4.80,3.2000,true,1,108351
7290114311458,false,חלב מועשר 3% וויטמין,טרה,IL,חלב מועשר 3% וויטמין,קילוגרמים,1.00,ליטר,false,,6.90,6.9000,true,1,109303
7290114311496,false,חלב מועשר 1% טרה 1 ל,טרה,IL,חלב מועשר 1% טרה 1 ל,קילוגרמים,1.00,ליטר,false,,6.90,6.9000,true,1,109304
7290114601221,false,אג'קס עם אקונומיקה ל,cp צרפת,FR,אג'קס עם אקונומיקה ל,מיליליטרים,0.00,"100 מ""ל",false,,34.90,0.0000,true,1,94275
7290114602150,false,משחת קולגייט טוטל קל,קולגייט פלמוליב,PL,משחת קולגייט טוטל קל,מיליליטרים,300.00,"100 מ""ל",false,,43.90,14.6333,true,1,96954
7290114602174,false,משחת קולגייט טוטל הל,קולגייט פלמוליב,PL,משחת קולגייט טוטל הל,מיליליטרים,300.00,"100 מ""ל",false,,43.90,14.6333,true,1,96955
7290114602211,false,משחת קולגייט סנסטיב,קולגייט פלמוליב,PL,משחת קולגייט סנסטיב,גרמים,225.00,100 גרם,false,,44.90,19.9556,true,1,97792
7290114604932,false,רוטב ברביקיו דבש מאס,רמיה סי.וי. הולנד,NL,רוטב ברביקיו דבש מאס,גרמים,524.00,100 גרם,false,,12.90,2.4618,true,1,103898
7290114604949,false,רוטב ברביקיו מאסטר ש,רמיה סי.וי. הולנד,NL,רוטב ברביקיו מאסטר ש,גרמים,524.00,100 גרם,false,,12.90,2.4618,true,1,103899
7290114605342,false,רפידות הנקה פירסט סמ,צאנזו שאנג קאר פרודק,CN,רפידות הנקה פירסט סמ,Unknown,0.00,יחידה,false,,23.90,0.0000,true,1,103893
7290114607315,false,משחת קולגייט מקס ווי,קולגייט פלמוליב,PL,משחת קולגייט מקס ווי,מיליליטרים,250.00,"100 מ""ל",false,,28.90,11.5600,true,1,102331
7290114751902,false,תחבושות אלוויז לילה,פרוקטר & גמבל,DE,תחבושות אלוויז לילה,Unknown,0.00,יחידה,false,,28.90,0.0000,true,1,103271
7290115200676,false,עוגיות קרמוגית במילו,אסם,IL,עוגיות קרמוגית במילו,גרמים,200.00,100 גרם,false,,9.90,4.9500,true,1,99014
7290115201703,false,ביסלי ברביקיו 200 גר,אסם,IL,ביסלי ברביקיו 200 גר,גרמים,200.00,100 גרם,false,,6.50,3.2500,true,1,100717
7290115201727,false,ביסלי בצל 200 גרם,אסם,IL,ביסלי בצל 200 גרם,גרמים,200.00,100 גרם,false,,6.50,3.2500,true,1,99977
7290115201741,false,ביסלי בצל 70 גרם,אסם,IL,ביסלי בצל 70 גרם,גרמים,70.00,100 גרם,false,,3.90,5.5714,true,1,99752
7290115202434,false,חומוס עם זעתר צבר 37,צבר,IL,חומוס עם זעתר צבר 37,גרמים,375.00,100 גרם,false,,8.90,2.3733,true,1,101137
7290115203172,false,במבה פרו 80 גרם,גבעול,IL,במבה פרו 80 גרם,גרמים,80.00,100 גרם,false,,3.90,4.8750,true,1,109353
7290115204056,false,קטשופ לחיץ מופחת סוכ,אסם,IL,קטשופ לחיץ מופחת סוכ,גרמים,690.00,100 גרם,false,,8.90,1.2899,true,1,101105
7290115205176,false,קרקר דק כפרי פיטנס 1,אסם,IL,קרקר דק כפרי פיטנס 1,גרמים,140.00,100 גרם,false,,10.90,7.7857,true,1,106658
7290115205312,false,קרקר דק זיתי קלמטה פ,אסם,IL,קרקר דק זיתי קלמטה פ,גרמים,140.00,100 גרם,false,,10.90,7.7857,true,1,107727
7290115205695,false,בצק פיצה מצונן בונז',אסם,IL,בצק פיצה מצונן בונז',גרמים,460.00,100 גרם,false,,14.90,3.2391,true,1,106137
7290115205718,false,בצק עלים מצונן בונז',אסם,IL,בצק עלים מצונן בונז',גרמים,230.00,100 גרם,false,,11.90,5.1739,true,1,106138
7290115207941,false,סירופ ויטמינצ'יק אננ,אסם,IL,סירופ ויטמינצ'יק אננ,קילוגרמים,1.00,ליטר,false,,19.90,19.9000,true,1,106133
7290115207989,false,סירופ ויטמינצ'יק לימ,אסם,IL,סירופ ויטמינצ'יק לימ,קילוגרמים,1.00,ליטר,false,,19.90,19.9000,true,1,106135
7290115208047,false,סירופ ויטמינצ'יק פטל,אסם,IL,סירופ ויטמינצ'יק פטל,קילוגרמים,1.00,ליטר,false,,19.90,19.9000,true,1,106136
7290115208061,false,סירופ ויטמינצ'יק תפו,אסם,IL,סירופ ויטמינצ'יק תפו,קילוגרמים,1.00,ליטר,false,,19.90,19.9000,true,1,106132
7290115208344,false,בייגלה כפיות בטעם שמ,אסם,IL,בייגלה כפיות בטעם שמ,גרמים,300.00,100 גרם,false,,8.90,2.9667,true,1,109354
7290115208566,false,עוגיות קרמוגית מיניס,אסם,IL,עוגיות קרמוגית מיניס,גרמים,200.00,100 גרם,false,,9.90,4.9500,true,1,108960
7290115208597,false,עוגיות קרמוגית מיניס,אסם,IL,עוגיות קרמוגית מיניס,גרמים,200.00,100 גרם,false,,9.90,4.9500,true,1,108961
7290115208801,false,לחמית דבש ואגוזים 19,אסם,IL,לחמית דבש ואגוזים 19,גרמים,190.00,100 גרם,false,,8.90,4.6842,true,1,109164
7290115209136,false,חטיפים צמחוניים בטעם,טבעול ישראל,IL,חטיפים צמחוניים בטעם,פריט,1.20,"ק""ג",false,,39.90,33.2500,true,1,108840
7290115209198,false,במבה אוורירית 80 גרם,גבעול,IL,במבה אוורירית 80 גרם,גרמים,80.00,100 גרם,false,,3.90,4.8750,true,1,108962
7290115209235,false,פתיבר בטעם קפה אסם 5,,,פתיבר בטעם קפה אסם 5,גרמים,500.00,100 גרם,false,,8.90,1.7800,true,1,110124
7290115209358,false,במבה במילוי קרם בטעם,אסם,IL,במבה במילוי קרם בטעם,גרמים,60.00,100 גרם,false,,4.50,7.5000,true,1,110122
7290115405088,false,קינוח אישי קדאיף קפו,קפולסקי אדל בעמ,IL,קינוח אישי קדאיף קפו,גרמים,250.00,100 גרם,false,,9.90,3.9600,true,1,96222
7290115405774,false,פחזניות במילוי קרם ב,קפולסקי אדל בעמ,IL,פחזניות במילוי קרם ב,גרמים,180.00,100 גרם,false,,12.90,7.1667,true,1,107790
7290115405781,false,פחזניות במילוי קרם ב,קפולסקי אדל בעמ,IL,פחזניות במילוי קרם ב,גרמים,180.00,100 גרם,false,,12.90,7.1667,true,1,107791
7290115405798,false,פחזניות במילוי קרם ב,קפולסקי אדל בעמ,IL,פחזניות במילוי קרם ב,גרמים,180.00,100 גרם,false,,12.90,7.1667,true,1,107792
7290115405804,false,פחזניות במילוי קרם ב,קפולסקי אדל בעמ,IL,פחזניות במילוי קרם ב,גרמים,180.00,100 גרם,false,,12.90,7.1667,true,1,107793
7290115405811,false,קינוח אישי גבינה ופי,קפולסקי אדל בעמ,IL,קינוח אישי גבינה ופי,גרמים,200.00,100 גרם,false,,12.90,6.4500,true,1,107794
7290115405828,false,קינוח אישי גבינה אוכ,קפולסקי אדל בעמ,IL,קינוח אישי גבינה אוכ,גרמים,200.00,100 גרם,false,,12.90,6.4500,true,1,107795
7290115671223,false,מסטיק מאסט צנצנת בטע,שטראוס,IL,מסטיק מאסט צנצנת בטע,Unknown,0.00,יחידה,false,,8.90,0.0000,true,1,105699
7290115671339,false,עוגיות מיני פינוקיות,עלית,IL,עוגיות מיני פינוקיות,גרמים,180.00,100 גרם,false,,9.90,5.5000,true,1,106099
7290115671346,false,עוגיות מיני פינוקיות,עלית,IL,עוגיות מיני פינוקיות,גרמים,188.00,100 גרם,false,,9.90,5.2660,true,1,104420
7290115671353,false,עוגיות מיני פינוקיות,עלית,IL,עוגיות מיני פינוקיות,גרמים,188.00,100 גרם,false,,9.90,5.2660,true,1,105703
7290115671421,false,פולי קפה ארומטיים בק,שטראוס קפה בי.וי,IL,פולי קפה ארומטיים בק,גרמים,250.00,100 גרם,false,,19.90,7.9600,true,1,109917
7290115675696,false,דגני בוקר קראנצ'ים ש,גלידות שטראוס,PL,דגני בוקר קראנצ'ים ש,גרמים,375.00,100 גרם,false,,16.90,4.5067,true,1,108367
7290115675702,false,דגני בוקר קראנצ'ים ש,גלידות שטראוס,PL,דגני בוקר קראנצ'ים ש,גרמים,375.00,100 גרם,false,,16.90,4.5067,true,1,108368
7290115676037,false,משקה דנונה ריפרש תות,שטראוס גרופ,IL,משקה דנונה ריפרש תות,גרמים,250.00,100 גרם,false,,5.50,2.2000,true,1,102876
7290115676273,false,קקאו עלית 500 + 50 ג,שטראוס,IL,קקאו עלית 500 + 50 ג,גרמים,550.00,100 גרם,false,,21.90,3.9818,true,1,102518
7290115677089,false,קונפיטורה תפוח וקינמ,יד מרדכי,IL,קונפיטורה תפוח וקינמ,גרמים,340.00,100 גרם,false,,12.90,3.7941,true,1,103675
7290115678222,false,מארז יוגורט דנונה יו,שטראוס גרופ,IL,מארז יוגורט דנונה יו,גרמים,0.00,100 גרם,false,,23.90,0.0000,true,1,103129
7290115678376,false,מעדן הגולן שוקולד 12,שטראוס,IL,מעדן הגולן שוקולד 12,מיליליטרים,125.00,"100 מ""ל",false,,2.80,2.2400,true,1,103696
7290115678383,false,מעדן הגולן שוקולד מר,שטראוס,IL,מעדן הגולן שוקולד מר,מיליליטרים,125.00,"100 מ""ל",false,,2.80,2.2400,true,1,103697
7290115720280,false,סוכריות לגו בריקס 18,גרוסליין,CN,סוכריות לגו בריקס 18,גרמים,216.00,100 גרם,false,,16.90,7.8241,true,1,102651
7290115720358,false,סוכריות טבעת ג'ואל פ,גרוסליין,CN,סוכריות טבעת ג'ואל פ,גרמים,225.00,100 גרם,false,,16.90,7.5111,true,1,102652
7290115720464,false,סוכריות מוצץ גרוסליי,גרוסליין,BE,סוכריות מוצץ גרוסליי,גרמים,105.00,100 גרם,false,,16.90,16.0952,true,1,103162
7290115720471,false,סוכריות משרוקית גרוס,גרוסליין,BE,סוכריות משרוקית גרוס,גרמים,170.00,100 גרם,false,,16.90,9.9412,true,1,103163
7290115720488,false,סוכריות ליפסטיק גרוס,גרוסליין,BE,סוכריות ליפסטיק גרוס,גרמים,170.00,100 גרם,false,,16.90,9.9412,true,1,103164
7290115720709,false,סוכריות טבעת גרוסליי,גרוסליין,CN,סוכריות טבעת גרוסליי,גרמים,216.00,100 גרם,false,,18.90,8.7500,true,1,108235
7290116531021,false,שוקולד ורד הגליל חלב,יוניליוור,IL,שוקולד ורד הגליל חלב,גרמים,100.00,100 גרם,false,,4.90,4.9000,true,1,107731
7290116532479,false,גלידה שמנת קליק בטעם,גלידות שטראוס,IL,גלידה שמנת קליק בטעם,מיליליטרים,520.00,"100 מ""ל",false,,17.90,3.4423,true,1,108128
7290116850382,false,ניילון לכיסוי מזון א,,,ניילון לכיסוי מזון א,Unknown,0.00,יחידה,false,,14.90,0.0000,true,1,104241
7290116850856,false,נר הבדלה נבל עם בשמי,,,נר הבדלה נבל עם בשמי,Unknown,0.00,יחידה,false,,29.90,0.0000,true,1,107120
7290116850870,false,נר הבדלה שבוע טוב,,,נר הבדלה שבוע טוב,Unknown,0.00,יחידה,false,,19.90,0.0000,true,1,107118
7290116851716,false,מארז 6 כריות קרצוף ש,,,מארז 6 כריות קרצוף ש,Unknown,0.00,יחידה,false,,14.90,0.0000,true,1,107119
7290116853505,false,כדוריות סבון אסלה בנ,TOMIL S.R.O,CZ,כדוריות סבון אסלה בנ,גרמים,105.00,100 גרם,false,,14.90,14.1905,true,1,110346
7290116853512,false,כדוריות סבון אסלה בנ,TOMIL S.R.O,CZ,כדוריות סבון אסלה בנ,גרמים,105.00,100 גרם,false,,14.90,14.1905,true,1,110347
7290116853529,false,כדוריות סבון אסלה בנ,TOMIL S.R.O,CZ,כדוריות סבון אסלה בנ,גרמים,105.00,100 גרם,false,,14.90,14.1905,true,1,110348
7290116853536,false,כדוריות סבון אסלה בנ,TOMIL S.R.O,CZ,כדוריות סבון אסלה בנ,גרמים,105.00,100 גרם,false,,14.90,14.1905,true,1,110349
7290116930244,false,מארז יוגורט ביו תנוב,תנובה מרכז שיתופי לש,IL,מארז יוגורט ביו תנוב,קילוגרמים,1.20,ליטר,false,,15.90,13.2500,true,1,107858
7290116930435,false,יוגורט גו יופלה סמיך,תנובה מרכז שיתופי לש,IL,יוגורט גו יופלה סמיך,גרמים,200.00,100 גרם,false,,5.90,2.9500,true,1,107859
7290116930459,false,יופלה שייק בננה אננס,תנובה,IL,יופלה שייק בננה אננס,מיליליטרים,230.00,"100 מ""ל",false,,7.90,3.4348,true,1,108251
7290116930466,false,יופלה שייק מנגו בננה,תנובה,IL,יופלה שייק מנגו בננה,מיליליטרים,230.00,"100 מ""ל",false,,7.90,3.4348,true,1,108252
7290116930558,false,תה קר עם חלב בטעם צ',דגי תנובה,IL,תה קר עם חלב בטעם צ',מיליליטרים,230.00,"100 מ""ל",false,,6.90,3.0000,true,1,108248
7290116930565,false,תה קר עם חלב בטעם צ',דגי תנובה,IL,תה קר עם חלב בטעם צ',מיליליטרים,230.00,"100 מ""ל",false,,6.90,3.0000,true,1,108245
7290116931081,false,מעדן סויה בטעם טופי,תנובה מרכז שיתופי לש,IL,מעדן סויה בטעם טופי,גרמים,125.00,100 גרם,false,,3.90,3.1200,true,1,108889
7290117260562,false,חמאה כפרית בגביע ויל,סוטאש,TR,חמאה כפרית בגביע ויל,גרמים,225.00,100 גרם,false,,14.90,6.6222,true,1,109894
7290117260920,false,קרקר ל. גלוטן וילי פ,ארמנדומודיאה אס.אר.א,IT,קרקר ל. גלוטן וילי פ,גרמים,125.00,100 גרם,false,,9.90,7.9200,true,1,107320
7290117260937,false,קרקר ל. גלוטן עם עגב,ארמנדומודיאה אס.אר.א,IT,קרקר ל. גלוטן עם עגב,גרמים,125.00,100 גרם,false,,9.90,7.9200,true,1,107321
7290117261521,false,סלמון אטלנטי בשמן קנ,באנגה,LV,סלמון אטלנטי בשמן קנ,גרמים,120.00,100 גרם,false,,9.90,8.2500,true,1,109064
7290117261538,false,סלמון אטלנטי בשמן קנ,באנגה,LV,סלמון אטלנטי בשמן קנ,גרמים,120.00,100 גרם,false,,9.90,8.2500,true,1,109065
7290117261545,false,סלמון אטלנטי ברוטב ט,באנגה,LV,סלמון אטלנטי ברוטב ט,גרמים,120.00,100 גרם,false,,9.90,8.2500,true,1,109066
7290117261569,false,סלמון אטלנטי מעושן ב,באנגה,LV,סלמון אטלנטי מעושן ב,גרמים,120.00,100 גרם,false,,9.90,8.2500,true,1,109067
7290117262221,false,משקה יוגורט אננס יור,אקר,TR,משקה יוגורט אננס יור,מיליליטרים,200.00,"100 מ""ל",false,,4.90,2.4500,true,1,108751
7290117262238,false,משקה יוגורט תות שדה,אקר,TR,משקה יוגורט תות שדה,מיליליטרים,200.00,"100 מ""ל",false,,4.90,2.4500,true,1,108752
7290117262245,false,משקה יוגורט אפרסק ומ,אקר,TR,משקה יוגורט אפרסק ומ,מיליליטרים,200.00,"100 מ""ל",false,,4.90,2.4500,true,1,108753
7290117262290,false,פרלינים אגוזים פצפוצ,מודרן צוקולטה,TR,פרלינים אגוזים פצפוצ,גרמים,50.00,100 גרם,false,,4.50,9.0000,true,1,109906
7290117262306,false,קורנפלקס מצופה שוקול,מודרן צוקולטה,TR,קורנפלקס מצופה שוקול,גרמים,50.00,100 גרם,false,,4.50,9.0000,true,1,109907
7290117262313,false,פצפוצי דגנים בשוקולד,מודרן צוקולטה,TR,פצפוצי דגנים בשוקולד,גרמים,50.00,100 גרם,false,,4.50,9.0000,true,1,109908
7290117262320,false,ביסקוויט מצופה שוקול,מודרן צוקולטה,TR,ביסקוויט מצופה שוקול,גרמים,40.00,100 גרם,false,,4.50,11.2500,true,1,109909
7290117263006,false,צהובה מגורדת ויליפוד,וילי פוד,IL,צהובה מגורדת ויליפוד,פריט,1.20,"ק""ג",false,,39.90,33.2500,true,1,109283
7290117383155,false,משחת קולגייט טוטאל י,קולגייט פלמוליב,PL,משחת קולגייט טוטאל י,מיליליטרים,150.00,"100 מ""ל",false,,29.90,19.9333,true,1,108975
7290117383711,false,תחליב פלמוליב חלב וד,קולגייט פלמוליב,TR,תחליב פלמוליב חלב וד,קילוגרמים,1.50,ליטר,false,,19.90,13.2667,true,1,109742
7290117383728,false,ג'ל פלמוליב לומינס א,קולגייט פלמוליב,TR,ג'ל פלמוליב לומינס א,קילוגרמים,1.50,ליטר,false,,19.90,13.2667,true,1,109743
7290117383735,false,ג'ל פלמוליב חימר ורד,קולגייט פלמוליב,TR,ג'ל פלמוליב חימר ורד,קילוגרמים,1.50,ליטר,false,,19.90,13.2667,true,1,109745
7290117383742,false,ג'ל פלמוליב לגבר 2*7,קולגייט פלמוליב,TR,ג'ל פלמוליב לגבר 2*7,קילוגרמים,1.50,ליטר,false,,19.90,13.2667,true,1,109746
7290117383780,false,ג'ל פלמוליב ארומה מס,קולגייט פלמוליב,TR,ג'ל פלמוליב ארומה מס,קילוגרמים,1.50,ליטר,false,,19.90,13.2667,true,1,109744
7290117901328,false,מיקס חלבה וממתקי שומ,שקדיה,AE,מיקס חלבה וממתקי שומ,גרמים,500.00,100 גרם,false,,29.90,5.9800,true,1,108823
7290117902646,false,פקאן בציפוי קרמל 130,,IL,פקאן בציפוי קרמל 130,גרמים,130.00,100 גרם,false,,16.90,13.0000,true,1,109960
7290117902653,false,פקאן בציפוי שברי עוג,,IL,פקאן בציפוי שברי עוג,גרמים,130.00,100 גרם,false,,16.90,13.0000,true,1,109958
7290117902677,false,קשיו בציפוי שברי עוג,,IL,קשיו בציפוי שברי עוג,גרמים,130.00,100 גרם,false,,16.90,13.0000,true,1,109962
7290117902684,false,קשיו בציפוי קרמל 130,,IL,קשיו בציפוי קרמל 130,גרמים,130.00,100 גרם,false,,16.90,13.0000,true,1,109963
7290900010282,false,אורז בסמטי אינדירה 1,Emsons Exim PVT LTD,IN,אורז בסמטי אינדירה 1,פריט,1.40,"ק""ג",false,,11.90,8.5000,true,1,80000
7290900010367,false,טורטיות דורומי 36*45,Turka Invest,PL,טורטיות דורומי 36*45,פריט,1.62,"ק""ג",false,,19.90,12.2840,true,1,76675
7290900010435,false,תערובת לכדורי שוקולד,א.ל. ייצור ושיווק תב,IL,תערובת לכדורי שוקולד,גרמים,400.00,100 גרם,false,,11.90,2.9750,true,1,76832
7290900010459,false,תערובת לעוגת וניל בו,א.ל. ייצור ושיווק תב,IL,תערובת לעוגת וניל בו,גרמים,500.00,100 גרם,false,,11.90,2.3800,true,1,76834
7290900010466,false,תערובת לעוגת שוקולד,א.ל. ייצור ושיווק תב,IL,תערובת לעוגת שוקולד,גרמים,500.00,100 גרם,false,,11.90,2.3800,true,1,76835
7290900010480,false,תערובת לפנקייק בון ב,א.ל. ייצור ושיווק תב,IL,תערובת לפנקייק בון ב,גרמים,400.00,100 גרם,false,,11.90,2.9750,true,1,76837
7290900011838,false,זית שחור אוליבסי  1.,Yatagan Zeytincilik,TR,זית שחור אוליבסי  1.,פריט,1.74,"ק""ג",false,,29.90,17.1839,true,1,80185
7291128651141,false,קוביות פלסטיק צבעוני,,,קוביות פלסטיק צבעוני,Unknown,0.00,יחידה,false,,34.90,0.0000,true,1,109155
7291192410170,false,מגדל כוסות,,,מגדל כוסות,Unknown,0.00,יחידה,false,,29.90,0.0000,true,1,109162
7291192429158,false,מעודד זחילה,,,מעודד זחילה,Unknown,0.00,יחידה,false,,39.90,0.0000,true,1,109159
7291192875191,false,קשת לעגלת/מיטת תינוק,,,קשת לעגלת/מיטת תינוק,Unknown,0.00,יחידה,false,,79.90,0.0000,true,1,110264
7291264949164,false,דלי צורות כוסות,,,דלי צורות כוסות,Unknown,0.00,יחידה,false,,49.90,0.0000,true,1,109160
7291264950139,false,ואקום צבעוני,,,ואקום צבעוני,Unknown,0.00,יחידה,false,,29.90,0.0000,true,1,109161
7291594895667,false,נושי פינוקי פינגווין,,,נושי פינוקי פינגווין,Unknown,0.00,יחידה,false,,29.90,0.0000,true,1,109142
7291594895674,false,נושי פינוקי ארנב,,,נושי פינוקי ארנב,Unknown,0.00,יחידה,false,,29.90,0.0000,true,1,109143
7291594895681,false,נושי פינוקי דב,,,נושי פינוקי דב,Unknown,0.00,יחידה,false,,29.90,0.0000,true,1,109144
7291594895698,false,מובייל פעמון רוח ציפ,,,מובייל פעמון רוח ציפ,Unknown,0.00,יחידה,false,,59.90,0.0000,true,1,109145
7291594895711,false,פעמון רוח מרגיע דב,,,פעמון רוח מרגיע דב,Unknown,0.00,יחידה,false,,29.90,0.0000,true,1,109147
7291594895742,false,נושי פינוקי פיל,,,נושי פינוקי פיל,Unknown,0.00,יחידה,false,,29.90,0.0000,true,1,109150
7291594895766,false,דב נושי עם מגבת קטיפ,,,דב נושי עם מגבת קטיפ,Unknown,0.00,יחידה,false,,39.90,0.0000,true,1,109152
7296102320334,false,פח דוושה נירוסטה 30,,,פח דוושה נירוסטה 30,Unknown,0.00,יחידה,false,,149.00,0.0000,true,1,110069
7296146007796,false,זוג כוסיות המשושים ע,,,זוג כוסיות המשושים ע,Unknown,0.00,יחידה,false,,4.90,0.0000,true,1,41029
7296146007819,false,פתילייט -מילוי לצינו,,,פתילייט -מילוי לצינו,Unknown,0.00,יחידה,false,,1.90,0.0000,true,1,37085
7296146077775,false,פתילונים משושים,,,פתילונים משושים,Unknown,0.00,יחידה,false,,2.90,0.0000,true,1,37086
7296146077867,false,צינולייט -צינוריות+,,,צינולייט -צינוריות+,Unknown,0.00,יחידה,false,,5.90,0.0000,true,1,41009
7297395000026,false,בדי בדיקה טהרה 3*20,חן המעין בעמ,IL,בדי בדיקה טהרה 3*20,Unknown,0.00,יחידה,false,,13.50,0.0000,true,1,37155
7350041950141,false,ליקר שרי הרינג 1 ליט,פיטר הרינג,DK,ליקר שרי הרינג 1 ליט,קילוגרמים,1.00,ליטר,false,,99.90,99.9000,true,1,94638
7501013122039,false,נקטר ג'ומקס בטעם מנג,חומקס אלורה אס איי,MX,נקטר ג'ומקס בטעם מנג,קילוגרמים,1.00,ליטר,false,,9.90,9.9000,true,1,105358
7501013122114,false,נקטר ג'ומקס בטעם אננ,חומקס אלורה אס איי,MX,נקטר ג'ומקס בטעם אננ,קילוגרמים,1.00,ליטר,false,,9.90,9.9000,true,1,105361
7501013122190,false,נקטר ג'ומקס בטעם תפו,חומקס אלורה אס איי,MX,נקטר ג'ומקס בטעם תפו,קילוגרמים,1.00,ליטר,false,,9.90,9.9000,true,1,105365
7501013122992,false,נקטר ג'ומקס בטעם קוק,חומקס אלורה אס איי,MX,נקטר ג'ומקס בטעם קוק,קילוגרמים,1.00,ליטר,false,,9.90,9.9000,true,1,105360
7501064191398,false,מארז בירה קורונה 4.5,,,מארז בירה קורונה 4.5,קילוגרמים,2.13,ליטר,false,,39.90,18.7324,true,1,91111
7509546057545,false,דאו ליידי ספיד סטיק,קולגייט פלמוליב,BY,דאו ליידי ספיד סטיק,גרמים,45.00,100 גרם,false,,18.90,42.0000,true,1,104730
7509546061665,false,דאו ספיד סטיק אקסטרי,קולגייט פלמוליב,BY,דאו ספיד סטיק אקסטרי,גרמים,85.00,100 גרם,false,,18.90,22.2353,true,1,109129
7509546061672,false,דאו ספיד סטיק אקסטרי,קולגייט פלמוליב,BY,דאו ספיד סטיק אקסטרי,גרמים,50.00,100 גרם,false,,18.90,37.8000,true,1,109128
7509546063515,false,דאו ספריי ליידי ספיד,קולגייט פלמוליב,BY,דאו ספריי ליידי ספיד,מיליליטרים,150.00,"100 מ""ל",false,,13.90,9.2667,true,1,109130
7509546666846,false,משחת קולגייט טוטל פח,קולגייט פלמוליב,MX,משחת קולגייט טוטל פח,מיליליטרים,75.00,"100 מ""ל",false,,19.90,26.5333,true,1,102397
7610008056874,false,שוקולד רגוסה חלב פרל,שוקולה קמיל בלוך,CH,שוקולד רגוסה חלב פרל,גרמים,100.00,100 גרם,false,,13.90,13.9000,true,1,98281
7610008056959,false,שוקולד רגוסה פרווה פ,שוקולה קמיל בלוך,CH,שוקולד רגוסה פרווה פ,גרמים,100.00,100 גרם,false,,13.90,13.9000,true,1,98282
7610100034084,false,מיונז בשפורפרת טומי,נסטלה,US,מיונז בשפורפרת טומי,גרמים,265.00,100 גרם,false,,9.90,3.7358,true,1,80194
7610113011652,false,בקרדי בריזר תפוח 275,בקרדי מרטיני,BE,בקרדי בריזר תפוח 275,מיליליטרים,275.00,"100 מ""ל",false,,12.90,4.6909,true,1,98232
7610700012642,false,סוכריות צמחים ריקולה,ריקולה,CH,סוכריות צמחים ריקולה,גרמים,75.00,100 גרם,false,,9.90,13.2000,true,1,102517
7613030979647,false,דגני בוקר טריקס 480,סי.פי,FR,דגני בוקר טריקס 480,גרמים,480.00,100 גרם,false,,19.90,4.1458,true,1,86548
7613035548374,false,דגני בוקר גולדן מיני,אסם,FR,דגני בוקר גולדן מיני,גרמים,570.00,100 גרם,false,,19.90,3.4912,true,1,94557
7613036880534,false,מחית מרק ירקות מעורב,מטרנה,PL,מחית מרק ירקות מעורב,גרמים,190.00,100 גרם,false,,4.90,2.5789,true,1,94279
7613037686906,false,דגני בוקר פיטנס שקדי,נסטלה צרפת איטנקורט,FR,דגני בוקר פיטנס שקדי,גרמים,355.00,100 גרם,false,,19.90,5.6056,true,1,94221
7613038268262,false,דגני בוקר האני נאט צ,אסם,FR,דגני בוקר האני נאט צ,גרמים,410.00,100 גרם,false,,19.90,4.8537,true,1,94553
7613038451954,false,דגני בוקר קראנצ שוקו,אסם,FR,דגני בוקר קראנצ שוקו,גרמים,410.00,100 גרם,false,,19.90,4.8537,true,1,94554
7613039879382,false,"מחית תפו""ע גרבר 190",מטרנה,PL,"מחית תפו""ע גרבר 190",גרמים,190.00,100 גרם,false,,4.90,2.5789,true,1,101176
7613039880807,false,מחית גזר תפוח גרבר 1,מטרנה,PL,מחית גזר תפוח גרבר 1,גרמים,190.00,100 גרם,false,,4.90,2.5789,true,1,101172
7613039881965,false,מחית גזר תפוח מנגו ג,מטרנה,PL,מחית גזר תפוח מנגו ג,גרמים,190.00,100 גרם,false,,4.90,2.5789,true,1,101174
7613287302373,false,קפסולות סטארבקס איטל,אסם,IL,קפסולות סטארבקס איטל,גרמים,56.00,100 גרם,false,,21.50,38.3929,true,1,101222
7613287394323,false,דגני בוקר מולטי צירי,אסם,IL,דגני בוקר מולטי צירי,גרמים,600.00,100 גרם,false,,19.90,3.3167,true,1,103178
7613287476678,false,דגני בוקר סינימיניס,אסם,FR,דגני בוקר סינימיניס,גרמים,360.00,100 גרם,false,,19.90,5.5278,true,1,105743
7613287855640,false,קפסולות סטארבקס גווא,אסם,IL,קפסולות סטארבקס גווא,גרמים,52.00,100 גרם,false,,21.50,41.3462,true,1,109355
7622201139278,false,גבינת שמנת 27% פילדל,מיודלז אספניה פרודוק,ES,גבינת שמנת 27% פילדל,גרמים,150.00,100 גרם,false,,13.90,9.2667,true,1,95399
7622201521493,false,גבינת שמנת 12% פילדל,מיודלז אספניה פרודוק,ES,גבינת שמנת 12% פילדל,גרמים,150.00,100 גרם,false,,13.90,9.2667,true,1,108280
7622201798154,false,גבינת שמנת לייט 13%,מיודלז אספניה פרודוק,ES,גבינת שמנת לייט 13%,גרמים,150.00,100 גרם,false,,13.90,9.2667,true,1,105331
7622201808631,false,עוגיות מיני אוראו ונ,מונדליז,UA,עוגיות מיני אוראו ונ,גרמים,67.00,100 גרם,false,,6.90,10.2985,true,1,103273
7622300761363,false,עוגיות מיני אוראו שו,מונדליז,UA,עוגיות מיני אוראו שו,גרמים,67.00,100 גרם,false,,6.90,10.2985,true,1,93808
7630477891592,false,קפסולות סטארבקס האוס,אסם,IL,קפסולות סטארבקס האוס,Unknown,0.00,יחידה,false,,21.50,0.0000,true,1,98343
7630477891639,false,קפסולות סטארבקס ורונ,אסם,IL,קפסולות סטארבקס ורונ,גרמים,55.00,100 גרם,false,,21.50,39.0909,true,1,98345
7630477891653,false,קפסולות סטארבקס נטול,אסם,IL,קפסולות סטארבקס נטול,Unknown,0.00,יחידה,false,,21.50,0.0000,true,1,98346
7630477891677,false,קפסולות סטארבקס פייק,אסם,IL,קפסולות סטארבקס פייק,גרמים,53.00,100 גרם,false,,21.50,40.5660,true,1,98347
7630477891691,false,קפסולות סטארבקס קולו,אסם,IL,קפסולות סטארבקס קולו,Unknown,0.00,יחידה,false,,21.50,0.0000,true,1,98348
7630477891714,false,קפסולות סטארבקס רוסט,אסם,IL,קפסולות סטארבקס רוסט,גרמים,57.00,100 גרם,false,,21.50,37.7193,true,1,98349
7630477891738,false,קפסולות סטארבקס בלונ,אסם,IL,קפסולות סטארבקס בלונ,Unknown,0.00,יחידה,false,,21.50,0.0000,true,1,98350
7638900431797,false,מארז 12 סוללות אנרג',אנרגייזר,CN,מארז 12 סוללות אנרג',Unknown,0.00,יחידה,false,,24.90,0.0000,true,1,108874
7638900431803,false,מארז 12 סוללות אנרג',אנרגייזר,CN,מארז 12 סוללות אנרג',Unknown,0.00,יחידה,false,,24.90,0.0000,true,1,108875
7702018271788,false,דאו גל גילט ספורט 70,פרוקטר & גמבל,,דאו גל גילט ספורט 70,גרמים,70.00,100 גרם,false,,17.90,25.5714,true,1,76217
7702018321582,false,דאו סטיק גילט קול וו,פרוקטר & גמבל,,דאו סטיק גילט קול וו,גרמים,45.00,100 גרם,false,,17.90,39.7778,true,1,66192
7702018978106,false,דאו גל גילט ארקטיק א,פרוקטר & גמבל,,דאו גל גילט ארקטיק א,גרמים,150.00,100 גרם,false,,17.90,11.9333,true,1,51761
7702018978120,false,דאו גל גילט קליר ווי,פרוקטר & גמבל,,דאו גל גילט קליר ווי,גרמים,150.00,100 גרם,false,,17.90,11.9333,true,1,51762
7790040423015,false,עוגיות סנדוויץ אלפחו,,,עוגיות סנדוויץ אלפחו,גרמים,369.00,100 גרם,false,,19.90,5.3930,true,1,106861
7790580421663,false,בונבוניירה בון בון ר,ארקור,AR,בונבוניירה בון בון ר,גרמים,288.00,100 גרם,false,,19.90,6.9097,true,1,106521
7798382150019,false,אוכמניות יח,אראל תוצרת חקלאית בע,IL,אוכמניות יח,Unknown,0.00,יחידה,false,,14.90,0.0000,true,1,110198
7891024027998,false,מי פה קולגייט אנטי ט,קולגייט פלמוליב,,מי פה קולגייט אנטי ט,מיליליטרים,500.00,"100 מ""ל",false,,22.90,4.5800,true,1,109602
8000139923463,false,פסטה גדולה מפלדינה ר,פסטיפציו לוצ'יו גארו,IT,פסטה גדולה מפלדינה ר,גרמים,500.00,100 גרם,false,,4.90,0.9800,true,1,108072
8000139926730,false,פסטה גדולה פאצ'רי רו,פסטיפציו לוצ'יו גארו,IT,פסטה גדולה פאצ'רי רו,גרמים,500.00,100 גרם,false,,4.90,0.9800,true,1,108071
8000380192243,false,ופל אגוז לואקר 200 ג,לואקר,AT,ופל אגוז לואקר 200 ג,גרמים,200.00,100 גרם,false,,11.90,5.9500,true,1,89534
8000380192250,false,ופל שוקולד לואקר 200,לואקר,AT,ופל שוקולד לואקר 200,גרמים,200.00,100 גרם,false,,11.90,5.9500,true,1,89533
8000380198221,false,ופל דאבל שוקולד לואק,לואקר,AT,ופל דאבל שוקולד לואק,גרמים,200.00,100 גרם,false,,11.90,5.9500,true,1,96351
8000500172810,false,סוכריות טיק טק תות 4,פררו,ZA,סוכריות טיק טק תות 4,גרמים,64.00,100 גרם,false,,9.90,15.4688,true,1,73579
8001003100218,false,סוכריות גלי יוגוטה 8,תות ממתקי איכות,TR,סוכריות גלי יוגוטה 8,גרמים,800.00,100 גרם,false,,15.90,1.9875,true,1,72147
8001090033512,false,אבקת כביסה טייד קולו,פרוקטר & גמבל,,אבקת כביסה טייד קולו,פריט,8.00,"ק""ג",false,,39.90,4.9875,true,1,76889
8001090156839,false,חיתולי פמפרס בייבי ד,פרוקטר & גמבל,TR,חיתולי פמפרס בייבי ד,Unknown,0.00,יחידה,false,,64.90,0.0000,true,1,106605
8001090268679,false,חיתולי פמפרס בייבי ד,פרוקטר & גמבל,TR,חיתולי פמפרס בייבי ד,Unknown,0.00,יחידה,false,,64.90,0.0000,true,1,106606
8001090368553,false,חיתולי פמפרס בייבי ד,פרוקטר & גמבל,TR,חיתולי פמפרס בייבי ד,Unknown,0.00,יחידה,false,,64.90,0.0000,true,1,106608
8001090379337,false,חיתולי פמפרס פרימיום,פרוקטר & גמבל,TR,חיתולי פמפרס פרימיום,Unknown,0.00,יחידה,false,,29.90,0.0000,true,1,84292
8001090379368,false,חיתולי פמפרס פרימיום,פרוקטר & גמבל,TR,חיתולי פמפרס פרימיום,Unknown,0.00,יחידה,false,,29.90,0.0000,true,1,84293
8001090379399,false,חיתולי פמפרס פרימיום,פרוקטר & גמבל,TR,חיתולי פמפרס פרימיום,Unknown,0.00,יחידה,false,,29.90,0.0000,true,1,84294
8001090458322,false,נוזל כלים פיירי ורדי,פרוקטר & גמבל,GB,נוזל כלים פיירי ורדי,קילוגרמים,1.01,ליטר,false,,14.90,14.7525,true,1,98885
8001090493637,false,שמפו הד&שולדרס אולטר,פרוקטר & גמבל,,שמפו הד&שולדרס אולטר,מיליליטרים,450.00,"100 מ""ל",false,,17.90,3.9778,true,1,83284
8001090802385,false,קפסולות ג'ל טייד 26,פרוקטר & גמבל,FR,קפסולות ג'ל טייד 26,גרמים,644.00,100 גרם,false,,23.90,3.7112,true,1,91698
8001090832450,false,שמפו פנטן קלאסי 660,פרוקטר & גמבל,RO,שמפו פנטן קלאסי 660,מיליליטרים,660.00,"100 מ""ל",false,,18.90,2.8636,true,1,96481
8001090832535,false,שמפו פנטן שמן מרוקאי,פרוקטר & גמבל,RO,שמפו פנטן שמן מרוקאי,מיליליטרים,660.00,"100 מ""ל",false,,18.90,2.8636,true,1,96482
8001090832573,false,שמפו פנטן לחות מוגבר,פרוקטר & גמבל,RO,שמפו פנטן לחות מוגבר,מיליליטרים,660.00,"100 מ""ל",false,,18.90,2.8636,true,1,96573
8001090832818,false,מרכך פנטן קלאסי 660,פרוקטר & גמבל,RO,מרכך פנטן קלאסי 660,מיליליטרים,660.00,"100 מ""ל",false,,18.90,2.8636,true,1,96483
8001090832856,false,מרכך פנטן שמן מרוקאי,פרוקטר & גמבל,RO,מרכך פנטן שמן מרוקאי,מיליליטרים,660.00,"100 מ""ל",false,,18.90,2.8636,true,1,96484
8001090832894,false,מרכך פנטן לחות מוגבר,פרוקטר & גמבל,RO,מרכך פנטן לחות מוגבר,מיליליטרים,660.00,"100 מ""ל",false,,18.90,2.8636,true,1,96485
8001090833280,false,גל אריאל ניחוח הרים,פרוקטר & גמבל,FR,גל אריאל ניחוח הרים,קילוגרמים,5.00,ליטר,false,,47.90,9.5800,true,1,88907
8001090992338,false,טבליות פיירי למדיח פ,פרוקטר & גמבל,FR,טבליות פיירי למדיח פ,גרמים,922.00,100 גרם,false,,44.90,4.8698,true,1,94271
8001841006710,false,כדוריות לנור לכביסה,פרוקטר & גמבל,GB,כדוריות לנור לכביסה,גרמים,210.00,100 גרם,false,,24.90,11.8571,true,1,100959
8001841053806,false,תחבושות אולוויז עבה,פרוקטר & גמבל,HU,תחבושות אולוויז עבה,Unknown,0.00,יחידה,false,,9.90,0.0000,true,1,90535
8001841062624,false,מגבונים פמפרס ללא בי,פרוקטר & גמבל,DE,מגבונים פמפרס ללא בי,Unknown,0.00,יחידה,false,,15.90,0.0000,true,1,102919
8001841077949,false,מגבונים פמפרס בניחוח,פרוקטר & גמבל,DE,מגבונים פמפרס בניחוח,Unknown,0.00,יחידה,false,,15.90,0.0000,true,1,102918
8001841104751,false,חיתולי פמפרס פרימיום,פרוקטר & גמבל,TR,חיתולי פמפרס פרימיום,Unknown,0.00,יחידה,false,,29.90,0.0000,true,1,104375
8001841105093,false,חיתולי פמפרס פרימיום,פרוקטר & גמבל,PL,חיתולי פמפרס פרימיום,Unknown,0.00,יחידה,false,,29.90,0.0000,true,1,104377
8001841216584,false,תחבושות אלוויז קוואט,פרוקטר & גמבל,HU,תחבושות אלוויז קוואט,Unknown,0.00,יחידה,false,,28.90,0.0000,true,1,94232
8001841427126,false,מגן תחתון אולוויז מג,פרוקטר & גמבל,,מגן תחתון אולוויז מג,Unknown,0.00,יחידה,false,,16.90,0.0000,true,1,105338
8001841566771,false,כדוריות לנור לכביסה,פרוקטר & גמבל,GB,כדוריות לנור לכביסה,גרמים,210.00,100 גרם,false,,24.90,11.8571,true,1,100960
8001841617893,false,שמפו פנטן לחות מוגבר,פרוקטר & גמבל,RO,שמפו פנטן לחות מוגבר,קילוגרמים,1.00,ליטר,false,,21.90,21.9000,true,1,102627
8001841619026,false,מרכך פנטן לחות מוגבר,פרוקטר & גמבל,RO,מרכך פנטן לחות מוגבר,קילוגרמים,1.00,ליטר,false,,21.90,21.9000,true,1,102628
8001841625287,false,נוזל כלים פיירי פלטי,פרוקטר & גמבל,TR,נוזל כלים פיירי פלטי,קילוגרמים,1.01,ליטר,false,,14.90,14.7525,true,1,104031
8001841669465,false,קפסולות גל אריאל בני,פרוקטר & גמבל,FR,קפסולות גל אריאל בני,Unknown,0.00,יחידה,false,,29.90,0.0000,true,1,107768
8001841669519,false,קפסולות גל אריאל 55,פרוקטר & גמבל,FR,קפסולות גל אריאל 55,פריט,1.39,"ק""ג",false,,54.90,39.4964,true,1,96902
8001841780818,false,נוזל כלים פיירי לימו,פרוקטר & גמבל,TR,נוזל כלים פיירי לימו,קילוגרמים,1.50,ליטר,false,,9.90,6.6000,true,1,108346
8001841943961,false,כדוריות לנור לכביסה,פרוקטר & גמבל,GB,כדוריות לנור לכביסה,גרמים,210.00,100 גרם,false,,24.90,11.8571,true,1,103838
8001841948119,false,נוזל כלים פיירי תפוח,פרוקטר & גמבל,GB,נוזל כלים פיירי תפוח,קילוגרמים,1.05,ליטר,false,,10.90,10.3810,true,1,101940
8002110383709,false,קרם ידיים מרוכז ניוט,גונסון אנד גונסון,FR,קרם ידיים מרוכז ניוט,מיליליטרים,50.00,"100 מ""ל",false,,19.90,39.8000,true,1,109881
8003440996577,false,מסטיק מנטוס פיור בטע,פרפטי ואן מלה ברדה,TR,מסטיק מנטוס פיור בטע,גרמים,336.00,100 גרם,false,,24.90,7.4107,true,1,107819
8003440997222,false,מסטיק מנטוס פיור בטע,פרפטי ואן מלה ברדה,TR,מסטיק מנטוס פיור בטע,גרמים,336.00,100 גרם,false,,24.90,7.4107,true,1,107821
8003440997833,false,מסטיק מנטוס פיור פרש,פרפטי ואן מלה ברדה,TR,מסטיק מנטוס פיור פרש,גרמים,200.00,100 גרם,false,,19.90,9.9500,true,1,103125
8003440997857,false,מסטיק מנטוס פיור פרש,פרפטי ואן מלה ברדה,TR,מסטיק מנטוס פיור פרש,גרמים,200.00,100 גרם,false,,19.90,9.9500,true,1,103126
8003750001732,false,ליקר ביצ'רין שוקולד,וינסנזי,IT,ליקר ביצ'רין שוקולד,מיליליטרים,700.00,"100 מ""ל",false,,79.90,11.4143,true,1,94994
8003750126046,false,ליקר ביצרין שוקולד ל,וינסנזי,IT,ליקר ביצרין שוקולד ל,מיליליטרים,700.00,"100 מ""ל",false,,79.90,11.4143,true,1,87457
8005200256587,false,נסטי בטעם אפרסק 1.5,סן פלגרינו,,נסטי בטעם אפרסק 1.5,קילוגרמים,1.50,ליטר,false,,7.50,5.0000,true,1,104890
8005200286584,false,נסטי בטעם מנגו אננס,סן פלגרינו,,נסטי בטעם מנגו אננס,קילוגרמים,1.50,ליטר,false,,7.50,5.0000,true,1,104891
8005200316588,false,נסטי דיאט אפרסק 1.5,סן פלגרינו,,נסטי דיאט אפרסק 1.5,קילוגרמים,1.50,ליטר,false,,7.90,5.2667,true,1,104892
8006540027042,false,מרכך מרוכז לנור פרחי,פרוקטר & גמבל,FR,מרכך מרוכז לנור פרחי,מיליליטרים,897.00,"100 מ""ל",false,,14.90,1.6611,true,1,101950
8006540091937,false,כדוריות לנור לכביסה,פרוקטר & גמבל,GB,כדוריות לנור לכביסה,גרמים,210.00,100 גרם,false,,24.90,11.8571,true,1,104030
8006540112793,false,מרכך מרוכז לנור יסמי,פרוקטר & גמבל,FR,מרכך מרוכז לנור יסמי,מיליליטרים,900.00,"100 מ""ל",false,,14.90,1.6556,true,1,103274
8006540112823,false,מרכך מרוכז לנור אוקי,פרוקטר & גמבל,FR,מרכך מרוכז לנור אוקי,מיליליטרים,900.00,"100 מ""ל",false,,14.90,1.6556,true,1,102402
8006540112854,false,מרכך מרוכז לנור סחלב,פרוקטר & גמבל,FR,מרכך מרוכז לנור סחלב,מיליליטרים,900.00,"100 מ""ל",false,,14.90,1.6556,true,1,102129
8006540252499,false,תחבושות אלוויז פלטינ,פרוקטר & גמבל,HU,תחבושות אלוויז פלטינ,Unknown,0.00,יחידה,false,,32.90,0.0000,true,1,107774
8006540335925,false,נוזל כלים פיירי לימו,פרוקטר & גמבל,CZ,נוזל כלים פיירי לימו,קילוגרמים,2.60,ליטר,false,,14.90,5.7308,true,1,107308
8006540352960,false,טמפונים טמפקס פרל רג,פרוקטר & גמבל,HK,טמפונים טמפקס פרל רג,Unknown,0.00,יחידה,false,,19.90,0.0000,true,1,104900
8006540353004,false,טמפונים טמפקס פרל סו,פרוקטר & גמבל,HK,טמפונים טמפקס פרל סו,Unknown,0.00,יחידה,false,,19.90,0.0000,true,1,104901
8006540358498,false,טמפונים טמפקס פרל סו,פרוקטר & גמבל,HK,טמפונים טמפקס פרל סו,Unknown,0.00,יחידה,false,,19.90,0.0000,true,1,104902
8006540383087,false,טבליות פיירי פלטינום,פרוקטר & גמבל,FR,טבליות פיירי פלטינום,גרמים,922.00,100 גרם,false,,53.90,5.8460,true,1,107765
8006540425930,false,קפסולות גל אריאל אקס,פרוקטר & גמבל,FR,קפסולות גל אריאל אקס,Unknown,0.00,יחידה,false,,29.90,0.0000,true,1,107766
8006540428368,false,חיתולי פמפרס בייבי ד,פרוקטר & גמבל,PL,חיתולי פמפרס בייבי ד,Unknown,0.00,יחידה,false,,29.90,0.0000,true,1,107372
8006540463550,false,טבליות פיירי פלטינום,פרוקטר & גמבל,FR,טבליות פיירי פלטינום,גרמים,939.00,100 גרם,false,,44.90,4.7817,true,1,108383
8006540495186,false,מרכך מרוכז לנור בייב,פרוקטר & גמבל,FR,מרכך מרוכז לנור בייב,מיליליטרים,900.00,"100 מ""ל",false,,14.90,1.6556,true,1,108157
8006540495216,false,מרכך מרוכז לנור זר פ,פרוקטר & גמבל,FR,מרכך מרוכז לנור זר פ,מיליליטרים,900.00,"100 מ""ל",false,,14.90,1.6556,true,1,108210
8006540495247,false,מרכך מרוכז לנור בניח,פרוקטר & גמבל,FR,מרכך מרוכז לנור בניח,מיליליטרים,900.00,"100 מ""ל",false,,14.90,1.6556,true,1,109194
8007178120310,false,חומץ בלסמי גקובזי 50,זקובזי,,חומץ בלסמי גקובזי 50,מיליליטרים,500.00,"100 מ""ל",false,,17.90,3.5800,true,1,55880
8007178223547,false,קרם מצומצם עם חומץ ב,זקובזי,IT,קרם מצומצם עם חומץ ב,מיליליטרים,250.00,"100 מ""ל",false,,21.90,8.7600,true,1,108324
8008343880039,false,ספגטי ללא גלוטן רומו,רומו,IT,ספגטי ללא גלוטן רומו,גרמים,400.00,100 גרם,false,,12.90,3.2250,true,1,101892
8008343880480,false,פסטה פוזילי ללא גלוט,רומו,IT,פסטה פוזילי ללא גלוט,גרמים,400.00,100 גרם,false,,12.90,3.2250,true,1,101893
8008343880664,false,פסטה פנה ללא גלוטן ר,רומו,IT,פסטה פנה ללא גלוטן ר,גרמים,400.00,100 גרם,false,,12.90,3.2250,true,1,101894
8008660210052,false,מעדן פרי תפוז מנז אנ,מנז אנד גאסר,IT,מעדן פרי תפוז מנז אנ,גרמים,320.00,100 גרם,false,,14.90,4.6563,true,1,107412
8008660210069,false,מעדן פרי אפרסק פסיפל,מנז אנד גאסר,IT,מעדן פרי אפרסק פסיפל,גרמים,320.00,100 גרם,false,,14.90,4.6563,true,1,107413
8014601651969,false,קמח ללא גלוטן קאפוטו,קאפוטו,IT,קמח ללא גלוטן קאפוטו,פריט,1.00,"ק""ג",false,,44.90,44.9000,true,1,101889
8018068031395,false,נסקוטש 6 יח,YIWU HANGYUE I&E,CN,נסקוטש 6 יח,Unknown,0.00,יחידה,false,,19.90,0.0000,true,1,95057
8034108740478,false,תפוח עץ מוזהב גולדן,אראל תוצרת חקלאית בע,IL,תפוח עץ מוזהב גולדן,פריט,1.00,"ק""ג",false,,9.90,9.9000,true,1,107644
8034108740485,false,תפוח עץ סמיט בי & בי,אראל תוצרת חקלאית בע,IL,תפוח עץ סמיט בי & בי,פריט,1.00,"ק""ג",false,,9.90,9.9000,true,1,107714
8034108740539,false,תפוח עץ גולד רוז,אראל תוצרת חקלאית בע,IL,תפוח עץ גולד רוז,פריט,1.00,"ק""ג",false,,12.90,12.9000,true,1,109854
8076800195057,false,ספגטי ברילה מס 5 500,ברילה,IT,ספגטי ברילה מס 5 500,גרמים,500.00,100 גרם,false,,6.90,1.3800,true,1,63044
8076800195132,false,פסטה ברילה בבטה מס 1,ברילה,IT,פסטה ברילה בבטה מס 1,גרמים,500.00,100 גרם,false,,6.90,1.3800,true,1,63047
8076802085738,false,פסטה ברילה פנה רגטה,ברילה,IT,פסטה ברילה פנה רגטה,גרמים,500.00,100 גרם,false,,6.90,1.3800,true,1,63040
8076802085837,false,פסטה ברילה טורטליוני,ברילה,IT,פסטה ברילה טורטליוני,גרמים,500.00,100 גרם,false,,6.90,1.3800,true,1,63041
8076802085936,false,פסטה ברילה קונצילה ר,ברילה,,פסטה ברילה קונצילה ר,גרמים,500.00,100 גרם,false,,6.90,1.3800,true,1,72173
8076802085981,false,פסטה ברילה פוזילי 50,ברילה,IT,פסטה ברילה פוזילי 50,גרמים,500.00,100 גרם,false,,6.90,1.3800,true,1,63050
8076808050440,false,מקרוני ברילה 500 גרם,ברילה,IT,מקרוני ברילה 500 גרם,גרמים,500.00,100 גרם,false,,6.90,1.3800,true,1,63042
8076808060654,false,פרפלה ברילה מס 65 50,ברילה,IT,פרפלה ברילה מס 65 50,גרמים,500.00,100 גרם,false,,6.90,1.3800,true,1,63049
8076809512268,false,פסטה ברילה גירנדולה,ברילה,IT,פסטה ברילה גירנדולה,גרמים,500.00,100 גרם,false,,6.90,1.3800,true,1,63051
8076809513388,false,רוטב עגבניות ארביאטה,ברילה,IT,רוטב עגבניות ארביאטה,גרמים,400.00,100 גרם,false,,11.90,2.9750,true,1,64982
8076809513395,false,רוטב עגבניות פומודור,ברילה,IT,רוטב עגבניות פומודור,גרמים,400.00,100 גרם,false,,11.90,2.9750,true,1,64981
8076809513654,false,רוטב בסיס לבולונז בר,ברילה,IT,רוטב בסיס לבולונז בר,גרמים,400.00,100 גרם,false,,11.90,2.9750,true,1,64980
8076809513692,false,רוטב עגבניות נפולטנה,ברילה,IT,רוטב עגבניות נפולטנה,גרמים,400.00,100 גרם,false,,11.90,2.9750,true,1,64983
8076809513739,false,רוטב עגבניות בזיליקו,ברילה,IT,רוטב עגבניות בזיליקו,גרמים,400.00,100 גרם,false,,11.90,2.9750,true,1,64984
8076809523561,false,רוטב עגבניות טוסקנה,ברילה,IT,רוטב עגבניות טוסקנה,גרמים,400.00,100 גרם,false,,11.90,2.9750,true,1,64979
8076809545440,false,ספגטי ל.גלוטן ברילה,ברילה,IT,ספגטי ל.גלוטן ברילה,גרמים,500.00,100 גרם,false,,14.90,2.9800,true,1,74215
8076809545457,false,פסטה פנה ל.גלוטן ברי,ברילה,IT,פסטה פנה ל.גלוטן ברי,גרמים,400.00,100 גרם,false,,14.90,3.7250,true,1,74216
8410076600714,false,מארז נייטשר וואלי ש.,גנרל מילס,ES,מארז נייטשר וואלי ש.,גרמים,252.00,100 גרם,false,,11.90,4.7222,true,1,90063
8410076600790,false,מארז נייטשר ואלי שיב,גנרל מילס,ES,מארז נייטשר ואלי שיב,גרמים,210.00,100 גרם,false,,9.90,4.7143,true,1,79619
8410076601865,false,מארז  נייטשר ואלי בט,גנרל מילס,ES,מארז  נייטשר ואלי בט,גרמים,420.00,100 גרם,false,,16.90,4.0238,true,1,108635
8410104039134,false,מנקה מדיח פיניש 250,רקיט בנקיזר,PL,מנקה מדיח פיניש 250,מיליליטרים,250.00,"100 מ""ל",false,,14.90,5.9600,true,1,37738
8410104044916,false,אבקה למדיח פיניש 2.7,רקיט בנקיזר,PL,אבקה למדיח פיניש 2.7,פריט,2.70,"ק""ג",false,,39.90,14.7778,true,1,37739
8410104045111,false,"מלח למדיח פיניש 2 ק""",חברת המלח,IL,"מלח למדיח פיניש 2 ק""",פריט,2.00,"ק""ג",false,,12.90,6.4500,true,1,37740
8410104425906,false,"שעווה חמה ויט 250 מ""",רקיט בנקיזר,FR,"שעווה חמה ויט 250 מ""",מיליליטרים,250.00,"100 מ""ל",false,,19.90,7.9600,true,1,103157
8410104437268,false,מפיג ריח פיניש רענן,רקיט בנקיזר,PL,מפיג ריח פיניש רענן,Unknown,0.00,יחידה,false,,14.90,0.0000,true,1,58883
8410104511340,false,רצועות שעווה לעור יב,רקיט בנקיזר,FR,רצועות שעווה לעור יב,Unknown,0.00,יחידה,false,,19.90,0.0000,true,1,97407
8436575292205,false,שלגוני חמשושים 15 יח,גלידות נסטלה,IL,שלגוני חמשושים 15 יח,גרמים,180.00,100 גרם,false,,18.90,10.5000,true,1,90320
8445290046284,false,קפה נמס מגורען רד מא,נסטלה ספרד קפה,ES,קפה נמס מגורען רד מא,גרמים,220.00,100 גרם,false,,18.90,8.5909,true,1,109165
8681873024519,false,"כוסות ח""פ 100 יח",פאלאס,CN,"כוסות ח""פ 100 יח",Unknown,0.00,יחידה,false,,5.90,0.0000,true,1,109945
8690120160177,false,ופל מצופה קרם אגוזים,קומרה,TR,ופל מצופה קרם אגוזים,גרמים,840.00,100 גרם,false,,24.90,2.9643,true,1,105309
8690120160405,false,ופל מצופה שוקולד חלב,קומרה,TR,ופל מצופה שוקולד חלב,גרמים,840.00,100 גרם,false,,24.90,2.9643,true,1,106712
8690120559995,false,ופל מצופה שוקולד מרי,קומרה,TR,ופל מצופה שוקולד מרי,גרמים,840.00,100 גרם,false,,24.90,2.9643,true,1,106713
8693029032101,false,לקריץ חתוך פרוט בייט,סארבאן קונפקטינרי,TR,לקריץ חתוך פרוט בייט,גרמים,500.00,100 גרם,false,,19.90,3.9800,true,1,106706
8693029032118,false,לקריץ חתוך פרוט בייט,סארבאן קונפקטינרי,TR,לקריץ חתוך פרוט בייט,גרמים,500.00,100 גרם,false,,19.90,3.9800,true,1,106710
8693029032132,false,לקריץ חתוך פרוט בייט,סארבאן קונפקטינרי,TR,לקריץ חתוך פרוט בייט,גרמים,500.00,100 גרם,false,,19.90,3.9800,true,1,106711
8693029032156,false,לקריץ חתוך פרוט בייט,סארבאן קונפקטינרי,TR,לקריץ חתוך פרוט בייט,גרמים,500.00,100 גרם,false,,19.90,3.9800,true,1,106707
8693029032163,false,לקריץ חתוך פרוט בייט,סארבאן קונפקטינרי,TR,לקריץ חתוך פרוט בייט,גרמים,500.00,100 גרם,false,,19.90,3.9800,true,1,106708
8693029032170,false,לקריץ חתוך פרוט בייט,סארבאן קונפקטינרי,TR,לקריץ חתוך פרוט בייט,גרמים,500.00,100 גרם,false,,19.90,3.9800,true,1,106709
8693029034310,false,לקריץ קוביות פרוט קי,אונטד גידה,TR,לקריץ קוביות פרוט קי,גרמים,500.00,100 גרם,false,,19.90,3.9800,true,1,106745
8693029034341,false,לקריץ קוביות פרוט קי,אונטד גידה,TR,לקריץ קוביות פרוט קי,גרמים,500.00,100 גרם,false,,19.90,3.9800,true,1,106744
8693029050808,false,פרוט רופ בטעם תות 50,אונטד גידה,TR,פרוט רופ בטעם תות 50,פריט,1.00,"ק""ג",false,,49.90,49.9000,true,1,109513
8693029050815,false,פרוט רופ בטעם אוכמני,אונטד גידה,TR,פרוט רופ בטעם אוכמני,פריט,1.00,"ק""ג",false,,49.90,49.9000,true,1,109514
8693029050822,false,פרוט רופ בטעם קולה 5,אונטד גידה,TR,פרוט רופ בטעם קולה 5,פריט,1.00,"ק""ג",false,,49.90,49.9000,true,1,109515
8693029050839,false,פרוט רופ בטעם אבטיח,אונטד גידה,TR,פרוט רופ בטעם אבטיח,פריט,1.00,"ק""ג",false,,49.90,49.9000,true,1,109516
8693495052177,false,תחליב פלמוליב זיתים,קולגייט פלמוליב,TR,תחליב פלמוליב זיתים,מיליליטרים,750.00,"100 מ""ל",false,,14.90,1.9867,true,1,85810
8693495054058,false,ג'ל רחצה פלמוליב לומ,קולגייט פלמוליב,TR,ג'ל רחצה פלמוליב לומ,מיליליטרים,750.00,"100 מ""ל",false,,14.90,1.9867,true,1,104489
8693804095109,false,אטריות להכנת קדאיף 5,אונלו מאמולרי,TR,אטריות להכנת קדאיף 5,גרמים,500.00,100 גרם,false,,11.90,2.3800,true,1,108094
8693804095192,false,דפי פילו משולשים 40,אונלו מאמולרי,TR,דפי פילו משולשים 40,גרמים,600.00,100 גרם,false,,9.90,1.6500,true,1,108095
8693804095222,false,דפי פילו 44 יח',אונלו מאמולרי,TR,דפי פילו 44 יח',גרמים,800.00,100 גרם,false,,9.90,1.2375,true,1,108096
8697420697914,false,זית שחור יבש קרן 700,אונטד גידה,TR,זית שחור יבש קרן 700,גרמים,700.00,100 גרם,false,,19.90,2.8429,true,1,88053
8697480065821,false,פסטה דורומי 900 גרם,Bessan Makarna,TR,פסטה דורומי 900 גרם,גרמים,900.00,100 גרם,false,,4.90,0.5444,true,1,72010
8697826469092,false,טורטיות 12*45 גרם,,TR,טורטיות 12*45 גרם,גרמים,540.00,100 גרם,false,,9.90,1.8333,true,1,62054
8698829381152,false,טורטיה דורום 18*90 ג,מוטלוקאל גידה סאן טי,TR,טורטיה דורום 18*90 ג,פריט,1.62,"ק""ג",false,,19.90,12.2840,true,1,108066
8698849552136,false,פרלינים רוקה 300 גרם,ויגוס,TR,פרלינים רוקה 300 גרם,גרמים,300.00,100 גרם,false,,14.90,4.9667,true,1,106748
8699905720025,false,סוכריות קשות בטעמי פ,סארבאן קונפקטינרי,TR,סוכריות קשות בטעמי פ,גרמים,500.00,100 גרם,false,,17.90,3.5800,true,1,109897
8699905720032,false,סוכריות קשות בטעם לי,סארבאן קונפקטינרי,TR,סוכריות קשות בטעם לי,גרמים,500.00,100 גרם,false,,17.90,3.5800,true,1,109898
8699905720049,false,סוכריות קשות בטעם מנ,סארבאן קונפקטינרי,TR,סוכריות קשות בטעם מנ,גרמים,500.00,100 גרם,false,,17.90,3.5800,true,1,109899
8699905720575,false,פרוט טאפי חמוץ מיקס,קונרק טינטי,TR,פרוט טאפי חמוץ מיקס,גרמים,240.00,100 גרם,false,,9.90,4.1250,true,1,102683
8699905720698,false,טופי חמוץ אקסטרים בט,סאדת גידה,TR,טופי חמוץ אקסטרים בט,גרמים,256.00,100 גרם,false,,9.90,3.8672,true,1,106638
8699905720704,false,טופי חמוץ אקסטרים בט,סאדת גידה,TR,טופי חמוץ אקסטרים בט,גרמים,256.00,100 גרם,false,,9.90,3.8672,true,1,106639
8710428005755,false,סימילאק איזומיל טף ש,אבוט,NL,סימילאק איזומיל טף ש,גרמים,400.00,100 גרם,false,,39.90,9.9750,true,1,65176
8710428005762,false,סימילאק איזומיל טף ש,אבוט,NL,סימילאק איזומיל טף ש,גרמים,400.00,100 גרם,false,,39.90,9.9750,true,1,65177
8710502194825,false,עוגיות שוקולד ציפס מ,מרבה הולנד,NL,עוגיות שוקולד ציפס מ,גרמים,150.00,100 גרם,false,,3.90,2.6000,true,1,70275
8710800961310,false,מנטוס תות 4 יח,פרפטי ואן מלה ברדה,NL,מנטוס תות 4 יח,גרמים,150.00,100 גרם,false,,9.90,6.6000,true,1,37929
8711000371176,false,קפסולות גייקובס קלאס,JDE,FR,קפסולות גייקובס קלאס,גרמים,52.00,100 גרם,false,,16.90,32.5000,true,1,89768
8711000371183,false,קפסולות גייקובס אינט,JDE,FR,קפסולות גייקובס אינט,גרמים,52.00,100 גרם,false,,16.90,32.5000,true,1,89769
8711000371190,false,קפסולות גייקובס אספר,JDA,NL,קפסולות גייקובס אספר,Unknown,0.00,יחידה,false,,24.90,0.0000,true,1,109676
8711000371206,false,קפסולות גייקובס ריסט,JDE,FR,קפסולות גייקובס ריסט,גרמים,52.00,100 גרם,false,,16.90,32.5000,true,1,89770
8711000371251,false,קפסולות גייקובס לונג,JDA,NL,קפסולות גייקובס לונג,Unknown,0.00,יחידה,false,,24.90,0.0000,true,1,109677
8711000472071,false,קפסולות גייקובס מובח,JDA,NL,קפסולות גייקובס מובח,Unknown,0.00,יחידה,false,,24.90,0.0000,true,1,109679
8711000485798,false,קפסולות גייקובס בוקר,JDA,NL,קפסולות גייקובס בוקר,Unknown,0.00,יחידה,false,,24.90,0.0000,true,1,109680
8711000515297,false,קפה נמס גייקובס ולוו,,,קפה נמס גייקובס ולוו,גרמים,200.00,100 גרם,false,,19.90,9.9500,true,1,109681
8714599410530,false,קפה גיקובס קרוננג בש,גייקובס,UA,קפה גיקובס קרוננג בש,גרמים,200.00,100 גרם,false,,19.90,9.9500,true,1,84332
8714599513781,false,קפה גיקובס קרנט זהב,גייקובס,UA,קפה גיקובס קרנט זהב,גרמים,200.00,100 גרם,false,,19.90,9.9500,true,1,75044
8714599513866,false,קפה גיקובס קרוננג 20,גייקובס,UA,קפה גיקובס קרוננג 20,גרמים,200.00,100 גרם,false,,19.90,9.9500,true,1,75043
8714789177229,false,מברשת קולגייט מדיום,קולגייט פלמוליב,VN,מברשת קולגייט מדיום,Unknown,0.00,יחידה,false,,9.90,0.0000,true,1,57807
8714789402918,false,אגקס חגיגת הפרחים אד,,,אגקס חגיגת הפרחים אד,קילוגרמים,1.50,ליטר,false,,15.90,10.6000,true,1,62669
8714789402932,false,אגקס חגיגת הפרחים ור,,,אגקס חגיגת הפרחים ור,קילוגרמים,1.50,ליטר,false,,15.90,10.6000,true,1,62670
8714789402970,false,אגקס חגיגת הפרחים פר,,,אגקס חגיגת הפרחים פר,קילוגרמים,1.50,ליטר,false,,15.90,10.6000,true,1,62671
8714789529561,false,משחת קולגייט סנסטיב,קולגייט פלמוליב,PL,משחת קולגייט סנסטיב,מיליליטרים,75.00,"100 מ""ל",false,,21.90,29.2000,true,1,95501
8714789966403,false,דאו גל ליידי ספיד סט,קולגייט פלמוליב,BY,דאו גל ליידי ספיד סט,גרמים,65.00,100 גרם,false,,18.90,29.0769,true,1,104727
8715700115849,false,"קטשופ היינץ 1.35 ק""ג",היינץ,US,"קטשופ היינץ 1.35 ק""ג",פריט,1.35,"ק""ג",false,,14.90,11.0370,true,1,87028
8715700423906,false,מתבל עגבניות היינץ 5,היינץ,NL,מתבל עגבניות היינץ 5,גרמים,555.00,100 גרם,false,,9.90,1.7838,true,1,103461
8718114724485,false,מיונז לחיץ הלמנס 705,יוניליוור,GB,מיונז לחיץ הלמנס 705,גרמים,705.00,100 גרם,false,,15.90,2.2553,true,1,109169
8718951030206,false,משחת קולגייט סנסטיב,קולגייט פלמוליב,PL,משחת קולגייט סנסטיב,מיליליטרים,75.00,"100 מ""ל",false,,16.90,22.5333,true,1,106796
8718951093331,false,מברשת מרידול אקסטרה,קולגייט פלמוליב,,מברשת מרידול אקסטרה,Unknown,0.00,יחידה,false,,24.90,0.0000,true,1,89841
8718951159808,false,מברשת קולגייט 360 מד,קולגייט פלמוליב,CN,מברשת קולגייט 360 מד,Unknown,0.00,יחידה,false,,24.90,0.0000,true,1,86606
8718951259409,false,תחליב פלמוליב נטורלס,קולגייט פלמוליב,TR,תחליב פלמוליב נטורלס,מיליליטרים,750.00,"100 מ""ל",false,,19.50,2.6000,true,1,109327
8718951264618,false,משחת קולגייט אופטיק,קולגייט פלמוליב,PL,משחת קולגייט אופטיק,גרמים,75.00,100 גרם,false,,22.90,30.5333,true,1,99326
8718951265103,false,מברשת קולגייט אולטרה,קולגייט פלמוליב,CN,מברשת קולגייט אולטרה,Unknown,0.00,יחידה,false,,29.90,0.0000,true,1,93061
8718951289833,false,סבון מוצק פלמוליב לו,קולגייט פלמוליב,,סבון מוצק פלמוליב לו,גרמים,360.00,100 גרם,false,,14.90,4.1389,true,1,94272
8718951315303,false,משחת קולגייט מקסימום,קולגייט פלמוליב,,משחת קולגייט מקסימום,גרמים,200.00,100 גרם,false,,16.90,8.4500,true,1,100574
8718951361485,false,משחת קולגייט הלבנה פ,קולגייט פלמוליב,PL,משחת קולגייט הלבנה פ,מיליליטרים,150.00,"100 מ""ל",false,,26.90,17.9333,true,1,105920
8718951385290,false,נוזל אג'קס מרענן 2 ל,קולגייט פלמוליב,BY,נוזל אג'קס מרענן 2 ל,קילוגרמים,2.00,ליטר,false,,18.90,9.4500,true,1,100410
8718951409798,false,מברשת קולגייט מקס וו,קולגייט פלמוליב,CN,מברשת קולגייט מקס וו,Unknown,0.00,יחידה,false,,24.90,0.0000,true,1,105012
8718951431614,false,ג'ל רחצה פלמוליב פיר,קולגייט פלמוליב,TR,ג'ל רחצה פלמוליב פיר,מיליליטרים,750.00,"100 מ""ל",false,,14.90,1.9867,true,1,104728
8718951433120,false,משחת קולגייט טוטאל ג,קולגייט פלמוליב,PL,משחת קולגייט טוטאל ג,מיליליטרים,50.00,"100 מ""ל",false,,14.90,29.8000,true,1,108976
8718951498754,false,מברשת קולגייט פחם סו,קולגייט פלמוליב,VN,מברשת קולגייט פחם סו,Unknown,0.00,יחידה,false,,17.90,0.0000,true,1,109084
8718951509627,false,משחת קולגייט אופטיק,קולגייט פלמוליב,PL,משחת קולגייט אופטיק,גרמים,75.00,100 גרם,false,,22.90,30.5333,true,1,107680
8719200998001,false,מרגרינה ללא מלח בלוב,יוניליוור,IL,מרגרינה ללא מלח בלוב,גרמים,200.00,100 גרם,false,,4.30,2.1500,true,1,95016
8719200998018,false,מחמאה בלובנד 200 גרם,יוניליוור,IL,מחמאה בלובנד 200 גרם,גרמים,200.00,100 גרם,false,,4.30,2.1500,true,1,94591
8719200998032,false,מרגרינה 3/4 שומן טעם,יוניליוור,IL,מרגרינה 3/4 שומן טעם,גרמים,250.00,100 גרם,false,,9.30,3.7200,true,1,94520
8719200998049,false,מרגרינה מזולה 250 גר,יוניליוור,IL,מרגרינה מזולה 250 גר,גרמים,250.00,100 גרם,false,,8.70,3.4800,true,1,94699
8719200998100,false,מרגרינה בטעם חמאה מז,יוניליוור,IL,מרגרינה בטעם חמאה מז,גרמים,200.00,100 גרם,false,,4.90,2.4500,true,1,94521
8723400756552,false,מנטוס צבעי הקשת 4 יח,פרפטי ואן מלה ברדה,NL,מנטוס צבעי הקשת 4 יח,גרמים,150.00,100 גרם,false,,9.90,6.6000,true,1,60369
8723400793922,false,מנטוס דובדבן 4 יח,פרפטי ואן מלה ברדה,NL,מנטוס דובדבן 4 יח,גרמים,150.00,100 גרם,false,,9.90,6.6000,true,1,101786
8801055707966,false,קפה נמס טסטרס צויס ב,גלידות נסטלה,IL,קפה נמס טסטרס צויס ב,גרמים,180.00,100 גרם,false,,29.90,16.6111,true,1,76900
8809168840471,false,חטיף אצות מיובשות מז,JK GLOBAL INC,KR,חטיף אצות מיובשות מז,גרמים,40.50,100 גרם,false,,19.90,49.1358,true,1,102406
8850006932964,false,מברשת קולגייט טוויסט,קולגייט פלמוליב,VN,מברשת קולגייט טוויסט,Unknown,0.00,יחידה,false,,21.90,0.0000,true,1,99810
8850180040028,false,טמפורה מזרח ומערב 50,קרנחם אוטאי פחרה,TH,טמפורה מזרח ומערב 50,גרמים,500.00,100 גרם,false,,10.90,2.1800,true,1,95079
8850367992164,false,קרם קוקוס ל.גלוטן 20,טאפ פאד ונגפורן,CN,קרם קוקוס ל.גלוטן 20,מיליליטרים,250.00,"100 מ""ל",false,,7.90,3.1600,true,1,95070
8850367992171,false,קרם קוקוס מזרח ומערב,טאפאדונגפורן קוקינט,TH,קרם קוקוס מזרח ומערב,קילוגרמים,1.00,ליטר,false,,23.90,23.9000,true,1,95091
8850367994021,false,רוטב צ'ילי מתוק ללא,יאן ונזל יון,TH,רוטב צ'ילי מתוק ללא,מיליליטרים,280.00,"100 מ""ל",false,,9.90,3.5357,true,1,110058
8850389105825,false,משקה אלוורה סאפה ענב,SAPPE PUBLIC,,משקה אלוורה סאפה ענב,קילוגרמים,1.00,ליטר,false,,10.90,10.9000,true,1,74731
8850389105832,false,משקה אלוורה סאפה תפו,SAPPE PUBLIC,,משקה אלוורה סאפה תפו,קילוגרמים,1.00,ליטר,false,,10.90,10.9000,true,1,74728
8850389105849,false,משקה אלוורה סאפה אפר,SAPPE PUBLIC,,משקה אלוורה סאפה אפר,קילוגרמים,1.00,ליטר,false,,10.90,10.9000,true,1,74727
8858271002870,false,רוטב פאד תאי מזרח ומ,יאן ונזל יון,TH,רוטב פאד תאי מזרח ומ,מיליליטרים,250.00,"100 מ""ל",false,,9.90,3.9600,true,1,95080
8858271002887,false,רוטב טריאקי מזרח ומע,דאנינג יוה פודס קו,TH,רוטב טריאקי מזרח ומע,מיליליטרים,250.00,"100 מ""ל",false,,9.90,3.9600,true,1,95081
8858271003020,false,רוטב סויה מזרח ומערב,יאן ונזל יון,TH,רוטב סויה מזרח ומערב,מיליליטרים,700.00,"100 מ""ל",false,,14.90,2.1286,true,1,95092
8858271003075,false,רוטב סויה מתוקה מקסצ,דאנינג יוה פודס קו,TH,רוטב סויה מתוקה מקסצ,מיליליטרים,700.00,"100 מ""ל",false,,14.90,2.1286,true,1,110060
8858271003921,false,רוטב קארי אדום מקסצ',yan val yun corpora,TH,רוטב קארי אדום מקסצ',מיליליטרים,250.00,"100 מ""ל",false,,9.90,3.9600,true,1,102408
8858271003938,false,רוטב קארי ירוק מקסצ',yan val yun corpora,TH,רוטב קארי ירוק מקסצ',מיליליטרים,250.00,"100 מ""ל",false,,9.90,3.9600,true,1,102409
8858271004126,false,רוטב חמוץ מתוק מזרח,יאן ונזל יון,TH,רוטב חמוץ מתוק מזרח,מיליליטרים,700.00,"100 מ""ל",false,,14.90,2.1286,true,1,95241
8858271004300,false,רוטב טריאקי מקסצא'פ,דאנינג יוה פודס קו,TH,רוטב טריאקי מקסצא'פ,מיליליטרים,700.00,"100 מ""ל",false,,18.90,2.7000,true,1,110059
8858271004799,false,רוטב צ'ילי מתוק מזרח,יאן ונזל יון,TH,רוטב צ'ילי מתוק מזרח,מיליליטרים,700.00,"100 מ""ל",false,,12.50,1.7857,true,1,95082
8858271005772,false,רוטב סויה מקסצ'פ ללא,יאן ונזל יון,TH,רוטב סויה מקסצ'פ ללא,מיליליטרים,300.00,"100 מ""ל",false,,15.90,5.3000,true,1,97795
8888111030053,false,מארז מיץ אננס 4*240,S&W,PH,מארז מיץ אננס 4*240,מיליליטרים,960.00,"100 מ""ל",false,,14.90,1.5521,true,1,79839
8901537076679,false,אורז בסמטי חום מלא ד,אל סי פורס,IN,אורז בסמטי חום מלא ד,פריט,1.00,"ק""ג",false,,11.90,11.9000,true,1,92740
8906006432383,false,נוזל קיווי שחור משופ,,,נוזל קיווי שחור משופ,מיליליטרים,75.00,"100 מ""ל",false,,9.90,13.2000,true,1,65635
8906006432468,false,קיוי קופסא שחור פקק,,,קיוי קופסא שחור פקק,Unknown,0.00,יחידה,false,,5.90,0.0000,true,1,65637
8906006432505,false,נוזל קיווי שחור אקספ,,,נוזל קיווי שחור אקספ,Unknown,0.00,יחידה,false,,9.90,0.0000,true,1,80180
8938535541366,false,דפי אורז צבעוניים לל,CHANH KHANG COMPANY,VN,דפי אורז צבעוניים לל,גרמים,400.00,100 גרם,false,,14.90,3.7250,true,1,102405
9000101536560,false,קפסולות ג'ל פרסיל 70,הנקל סוד,RS,קפסולות ג'ל פרסיל 70,Unknown,0.00,יחידה,false,,49.90,0.0000,true,1,108904
9000101548211,false,קולור קאצר 40 דפים ל,הנקל סוד,IE,קולור קאצר 40 דפים ל,Unknown,0.00,יחידה,false,,29.90,0.0000,true,1,109381
9000101548419,false,קולור קאצר 18 דפים מ,הנקל סוד,IE,קולור קאצר 18 דפים מ,Unknown,0.00,יחידה,false,,14.90,0.0000,true,1,109382
9720188060108,false,ממרח סויה בסגנון שמנ,מחלבת משק צוריאל,IL,ממרח סויה בסגנון שמנ,גרמים,340.00,100 גרם,false,,18.90,5.5588,true,1,59201
