code,internal_code,name,manufacturer_name,manufacture_country,manufacturer_item_description,unit_qty,quantity,unit_of_measure,weighted,qty_in_package,price,unit_of_measure_price,allow_discount,status,item_id
30074576,false,מייבלין - מסקרה קולוסאל שחור,,IL,מסקרה ווליום אקס,יחידה,1.00,יחידה,false,1,35.80,35.80,true,1,
30079236,false,מייבלין - מסקרה קולוסאל עמיד שחור,,IL,מסקרה ווליום עמי,יחידה,1.00,יחידה,false,1,35.80,35.80,true,1,
30079847,false,מייבלין - מסקרה קולוסאל 100% שחור,,IL,מסקרה ווליום,יחידה,1.00,יחידה,false,1,34.00,34.00,true,1,
30095106,false,אססי - לק גוון8,לוריאל,DE,לק גוון 08,יחידה,1.00,יחידה,false,1,35.80,35.80,true,1,
30095434,false,אססי - לק גוון41,לוריאל,DE,לק גוון 41,יחידה,1.00,יחידה,false,1,35.80,35.80,true,1,
30095472,false,אססי - לק גוון45,לוריאל,DE,לק גוון 45,יחידה,1.00,יחידה,false,1,35.80,35.80,true,1,
30095656,false,אססי - לק גוון63,לוריאל,DE,לק גוון 63,יחידה,1.00,יחידה,false,1,35.80,35.80,true,1,
30096011,false,אססי - לק גוון99,לוריאל,DE,לק גוון 99,יחידה,1.00,יחידה,false,1,35.80,35.80,true,1,
30096585,false,מייבלין - פיט מי קונסילר 10,,IL,קונסילר פיט מי 0,מיליליטרים,6.00,"100 מ""ל",false,1,38.40,640.00,true,1,
30096622,false,מייבלין - פיט מי קונסילר 30,,IL,קונסילר פיט מי 0,מיליליטרים,6.00,"100 מ""ל",false,1,38.40,640.00,true,1,
30102583,false,אססי - לק גוון101,לוריאל,DE,לק גוון 101,יחידה,1.00,יחידה,false,1,35.80,35.80,true,1,
30108387,false,מייבלין - מסקרה קולוסאל גו אקס שחור,מייבלין Maybelline,FR,מסקרה שחור,יחידה,1.00,יחידה,false,1,34.10,34.10,true,1,
30114319,false,מייבלין - מסקרה קולוסאל גו אקס שחור חזק,מייבלין Maybelline,IL,מסקרה ווליום,יחידה,1.00,יחידה,false,1,35.80,35.80,true,1,
30118867,false,מייבלין - ליינר מסטר אינק שחור,סופרוג'ם,DE,ליינר מאסטר אינק,יחידה,1.00,יחידה,false,0,25.00,25.00,true,1,
30138254,false,אססי ג'ל קוטורלק גוון 40,לוריאל איפור,IL,אססי ג'ל קוטורלק,יחידה,1.00,יחידה,false,0,42.60,42.60,true,1,
30138261,false,אססי. ג'ל קוטור 50 יח',לוריאל איפור,DE,אססי. ג'ל קוטור,יחידה,1.00,יחידה,false,1,42.60,42.60,true,1,
30138322,false,אססי - ג'ל קוטור 138,,IL,ג'ל קוטור 138,יחידה,1.00,יחידה,false,1,42.60,42.60,true,1,
30138346,false,אססי. ג'ל קוטור 130 יח',לוריאל איפור,DE,אססי. ג'ל קוטור,יחידה,1.00,יחידה,false,1,42.60,42.60,true,1,
30138544,false,אססי. ג'ל קוטור345 יח',לוריאל איפור,DE,אססי. ג'ל קוטור,יחידה,1.00,יחידה,false,1,42.60,42.60,true,1,
30138582,false,אססי. ג'ל קוטור370 יח',לוריאל איפור,DE,אססי. ג'ל קוטור,יחידה,1.00,יחידה,false,1,42.60,42.60,true,1,
30139077,false,אססי - ג'ל קוטור TOP COAT,,FR,אססי ג'ל קוטור T,יחידה,1.00,יחידה,false,0,42.60,42.60,true,1,
30143265,false,מסקרה COLOSSAL BIG SHOT שחורה לנפח עוצמתי,מייבלין Maybelline,IT,מסקרה,יחידה,1.00,יחידה,false,0,35.80,35.80,true,1,
30143494,false,לק ג'ל קוטור 473 יח',לוריאל,IL,לק ג'ל קוטור 473,יחידה,1.00,יחידה,false,1,42.60,42.60,true,1,
30145436,false,מייבלין - מסקרה קולוסל באונס,,IT,מסקרה קולוסאל בא,יחידה,1.00,יחידה,false,1,38.40,38.40,true,1,
30145467,false,אססי אקספרסי 440 יח',לוריאל איפור,FR,אססי אקספרסי גוו,יחידה,1.00,יחידה,false,1,29.90,29.90,true,1,
30145535,false,מייבלין - שפתון ס.ס אינק וויניל 20,סופרוג'ם,FR,שפתון אינק וויני,יחידה,1.00,יחידה,false,1,38.40,38.40,true,1,
30147690,false,אססי - לק טופ בגימור מאט,קובלסה,ES,ג'ל קוטור טופ מא,יחידה,1.00,יחידה,false,1,42.60,42.60,true,1,
30148093,false,מייבלין - שפתון ס.ס אינק וויניל 25,סופרוג'ם,FR,שפתון אינק וויני,יחידה,1.00,יחידה,false,1,38.40,38.40,true,1,
30148109,false,מייבלין - שפתון ס.ס אינק וויניל 45,סופרוג'ם,FR,שפתון אינק וויני,יחידה,1.00,יחידה,false,1,38.40,38.40,true,1,
30148116,false,מייבלין - שפתון ס.ס אינק וויניל 15,סופרוג'ם,FR,שפתון אינק וויני,יחידה,1.00,יחידה,false,1,38.40,38.40,true,1,
30148130,false,לנקום ביפסיל מסיר איפור עיניים 75 מל,General,FR,EYES BI-FACIL,מיליליטרים,75.00,"100 מ""ל",false,1,41.80,55.73,true,1,
30148208,false,קרם יום אבסולו 15,לנקום,FR,קרם יום אבסולו,מיליליטרים,15.00,"100 מ""ל",false,1,25.50,170.00,true,1,
30150577,false,אססי אקספרסי 430 יח',לוריאל איפור,FR,אססי אקספרסי גוו,יחידה,1.00,יחידה,false,1,29.90,29.90,true,1,
30150669,false,מייבלין - שפתון ס.ס אינק וויניל 50,סופרוג'ם,FR,שפתון אינק וויני,יחידה,1.00,יחידה,false,1,38.40,38.40,true,1,
30152526,false,לוריאל - ליינר אינפליבל וייניל,,IT,לוריאל ליינר אינ,יחידה,1.00,יחידה,false,1,47.00,47.00,true,1,
30152830,false,מייבלין - מסקרה סקיי היי שחור,סייפו,IT,סקיי היי מסקרה ק,יחידה,1.00,יחידה,false,1,38.40,38.40,true,1,
30153219,false,מייבלין - שפתון ס.ס אינק וויניל 35,סופרוג'ם,FR,שפתון אינק וויני,יחידה,1.00,יחידה,false,1,38.40,38.40,true,1,
30153332,false,אבסולו ריצ' קרם עשיר 15,,FR,אבסולו ריצ' קרם,מיליליטרים,15.00,"100 מ""ל",false,1,42.60,284.00,true,1,
30155831,false,מייבלין - קונסילר פיט מי 05,,IL,קונסילר פיט מי 0,מיליליטרים,6.00,"100 מ""ל",false,1,38.40,640.00,true,1,
30157316,false,אססי - לק גוון 749,לוריאל,ES,לק גוון 749,יחידה,1.00,יחידה,false,1,35.80,35.80,true,1,
30159860,false,לק גוון751 יח',לוריאל,ES,לק גוון 751,יחידה,1.00,יחידה,false,1,35.80,35.80,true,1,
30159877,false,אססי - לק גוון 750,לוריאל,ES,לק גוון 750,יחידה,1.00,יחידה,false,1,35.80,35.80,true,1,
30160903,false,לוריאל - מסקרה אייר 30 שעות,,IT,מסקרה מגה ווליום,יחידה,1.00,יחידה,false,1,42.70,42.70,true,1,
30162075,false,אקספרסי גוון 335 יח',,FR,אקספרסי גוון 335,יחידה,1.00,יחידה,false,1,29.90,29.90,true,1,
30162174,false,לוריאל - מסקרה אייר עמידה במים,,IT,VOLUME AIR מסקרה,יחידה,1.00,יחידה,false,1,42.70,42.70,true,1,
30164185,false,לוריאל - מסקרה במבי אוברסייז,,IT,מסקרה במבי אוברס,יחידה,1.00,יחידה,false,1,51.10,51.10,true,1,
30167131,false,אססי - ג'ל קוטור 484,,ES,ג'ל קוטור 484,יחידה,1.00,יחידה,false,1,42.60,42.60,true,1,
30171343,false,מייבלין - קונסילר פיט מי 18,,IL,קונסילר פיט מי 0,מיליליטרים,6.00,"100 מ""ל",false,1,38.40,640.00,true,1,
30171381,false,מייבלין - קונסילר פיט מי 16,,IL,קונסילר פיט מי 0,מיליליטרים,6.00,"100 מ""ל",false,1,38.40,640.00,true,1,
30172999,false,קולור קווין 01 יח',,IT,קולור קווין 01,יחידה,1.00,יחידה,false,1,29.90,29.90,true,1,
30173255,false,קולור קווין 27 יח',,IL,קולור קווין 27,יחידה,1.00,יחידה,false,1,29.90,29.90,true,1,
30173422,false,לוריאל - קונסילר אינפליבל 332,לוריאל,IL,קונסילר אינפליבל,יחידה,1.00,יחידה,false,1,58.00,58.00,true,1,
30173484,false,לוריאל - קונסילר אינפליבל 338,לוריאל,FR,קונסילר אינפליבל,יחידה,1.00,יחידה,false,1,58.00,58.00,true,1,
30173583,false,לוריאל - קונסילר אינפליבל 323,,IL,קונסילר אינפלבל,יחידה,1.00,יחידה,false,1,58.00,58.00,true,1,
30173606,false,לוריאל - קונסילר אינפליבל 325,לוריאל,FR,קונסילר אינפליבל,יחידה,1.00,יחידה,false,1,58.00,58.00,true,1,
30173613,false,לוריאל - קונסילר אינפליבל 326,לוריאל,FR,קונסילר אינפליבל,יחידה,1.00,יחידה,false,1,58.00,58.00,true,1,
30173651,false,לוריאל - קונסילר אינפליבל 330,לוריאל,FR,קונסילר אינפליבל,יחידה,1.00,יחידה,false,1,58.00,58.00,true,1,
30175228,false,לוריאל - ליינר מאט סיגנטור שחור,,IT,מאט סינגנצר שחור,יחידה,1.00,יחידה,false,1,51.20,51.20,true,1,
30175235,false,לוריאל - ליינר מאט סיגנטור כחול,,IL,מאט סינגנצר כחול,יחידה,1.00,יחידה,false,1,51.20,51.20,true,1,
30175600,false,מייבלין - קונסילר סופרסטיי 45,,IL,קונסילר סופר סטי,מיליליטרים,6.00,"100 מ""ל",false,1,34.10,568.33,true,1,
30175792,false,מסקרה במבי שחור יח',,IL,מסקרה במבי שחור,יחידה,1.00,יחידה,false,1,51.10,51.10,true,1,
30177215,false,אססי - אקספרסי 100,לוריאל איפור,FR,אססי אקספרסי גוו,יחידה,1.00,יחידה,false,1,29.90,29.90,true,1,
30177307,false,אססי - אקספרסי 200,לוריאל איפור,FR,אססי אקספרסי גוו,יחידה,1.00,יחידה,false,1,29.90,29.90,true,1,
30177437,false,אססי - אקספרסי 380,לוריאל איפור,FR,אססי אקספרסי גוו,יחידה,1.00,יחידה,false,1,29.90,29.90,true,1,
30178373,false,אססי. מיני גוון 13,,IL,לק מיני 13,יחידה,1.00,יחידה,false,1,21.30,21.30,true,1,
30178458,false,"אססי מיני מחזק 5 מ""ל",,IL,אססי מיני מחזק,מיליליטרים,5.00,"100 מ""ל",false,1,21.30,426.00,true,1,
30178465,false,מיני מחזק יח',,IL,מיני מחזק,יחידה,1.00,יחידה,false,1,21.30,21.30,true,1,
30179493,false,מסקרה שחורה Air Volume Mega,לוריאל פריז L'OREAL PARIS,IT,מסקרה מגה ווליום,יחידה,1.00,יחידה,false,1,42.70,42.70,true,1,
40052403,false,קיט קט 4 אצבעות שוקולד חלב,נסטלה Nestle,DE,חטיף קיט קאט,גרמים,41.00,100 גרם,false,1,4.00,9.76,true,1,
40144061,false,קנופרס חטיף וופל 25 גרם 24 יח,ליימן שליסל,DE,חטיף וופל,גרמים,25.00,100 גרם,false,1,3.00,12.00,true,1,
42182115,false,אורביט פייב ספירמינט 12 סטיקס 29 גר,ריגלי צרפת,FR,5 מנטה עדינה,גרמים,40.00,100 גרם,false,0,5.50,13.75,true,1,
42207443,false,"קרם ניוואה סופט, 50 מ""ל",ביירסדורץ,IL,קרם ניוואה סופט,מיליליטרים,50.00,"100 מ""ל",false,0,7.60,15.20,true,1,
42299363,false,"ניוואה - דאודורנט רול און לגבר פרש פאוור 50 מ""ל",ביירסדורץ,DE,דאודורנט ניוואה,מיליליטרים,50.00,"100 מ""ל",false,1,17.00,34.00,true,1,
42355021,false,מים מיסלריים אקספרט לעיניים 125 מל,אלפא קוסמטיקה,DE,מים מיסלריים אקס,מיליליטרים,125.00,"100 מ""ל",false,1,25.50,20.40,true,1,
59013662,false,דאב דאו רולאון קקאו והיביסקוס 50 מל,"יוניליוור אנגליה, דרך קו",GB,דאודורנט דאב,מיליליטרים,50.00,"100 מ""ל",false,1,11.80,23.60,true,1,
59079798,false,"רקסונה - דאודורנט רול און לאישה אנטי פרספירנט שאוור 50 מ""ל","יוניליוור אנגליה, דרך קו",GB,דאו.רקסונה,מיליליטרים,50.00,"100 מ""ל",false,1,15.30,30.60,true,1,
59082637,false,"רקסונה - דאודורנט רולאון לגבר אקסטרא קול 50 מ""ל",יוניליוור פיליפינים,GB,רקסונה רול און,מיליליטרים,50.00,"100 מ""ל",false,1,15.30,30.60,true,1,
72994061,false,חטיף פסק זמן GOOD גלילית לבן 40 גרם,שולן צ'\יקולטה גידה סאן.,TR,פסק זמן 2 גוד,גרמים,36.00,100 גרם,false,0,4.00,11.11,true,1,
80001287,false,וופל חטיף לואקר אגוז 38 גר',ליימן מותגים,AT,חטיף גרדנה,גרמים,38.00,100 גרם,false,0,4.00,10.53,true,1,
80001461,false,חטיף גרנדה שוקולד 38 גרם,"א. לואקר קונפקט בע""מ",AT,חטיף גרנדה שוקול,גרמים,38.00,100 גרם,false,0,4.00,10.53,true,1,
80050124,false,סוכריות טיק טק מנטה 16 גרם,פררו - אלבה,ZA,סוכריות טיק טק,גרמים,16.00,100 גרם,false,0,3.00,18.75,true,1,
80052760,false,קינדר בואנו Kinder Bueno עם חלב ואגוזי לוז,פררו - אלבה,PL,קינדר בואנו זוג,גרמים,43.00,100 גרם,false,0,4.20,9.77,true,1,
80177173,false,ממרח שוקולד נוטלה 350 גרם,פררו - אלבה,IT,ממרח נוטלה,גרמים,350.00,100 גרם,false,0,13.50,3.86,true,1,
80762362,false,מסטיק מנטוס וויט בטעם מנטה אקליפטוס 105ג',פרפטי ואן מלה,TR,מנטוס וויט,גרמים,60.00,100 גרם,false,1,9.30,15.50,true,1,
80773429,false,מנטוס בקבוק מעוגל - מסטיק ללא סוכר בטעם תות 60 גרם,"פרפטי ואן מלה ג'\ידה,סאן",TR,מנטוס בקבוק,גרמים,60.00,100 גרם,false,1,10.10,16.83,true,1,
80773443,false,מנטוס בקבוק מעוגל - מסטיק ללא סוכר בטעם מנטה 60 גרם,"פרפטי ואן מלה ג'\ידה,סאן",TR,מסטיק מנטוס,גרמים,60.00,100 גרם,false,1,10.10,16.83,true,1,
80776307,false,מסטיק מנטוס ביג בבקבוק מעוגל טעם פירות מנטה 90 ג',פרפטי ואן מלה הולנד,TR,מסטיק מנטוס,גרמים,90.00,100 גרם,false,1,17.00,18.89,true,1,
80780595,false,מסטיק מנטוס ביג בבקבוק מעוגל טעם מנטה-עדינה 90 ג',פרפטי ואן מלה הולנד,TR,מסטיק מנטוס,גרמים,90.00,100 גרם,false,1,17.00,18.89,true,1,
80790990,false,מסטיק מנטוס בבקבוק מעוגל בטעם פירות -מנטה 60 ג',"פרפטי ואן מלה ג'\ידה,סאן",TR,מסטיק מנטוס,גרמים,60.00,100 גרם,false,1,10.10,16.83,true,1,
80794233,false,מסטיק מנטוס ביג בבקבוק מעוגל טעם מנטה 90 ג',פרפטי ואן מלה הולנד,TR,מסטיק מנטוס,גרמים,90.00,100 גרם,false,1,17.00,18.89,true,1,
80831402,false,סוכריות מנטוס מנטה עדינה 30 יח' ללא סוכר CLEAN BREATH,פרפטי ואן מלה,NL,סוכריות מנטה,גרמים,21.00,100 גרם,false,1,5.90,28.10,true,1,
80843184,false,מנטוס מסטיק פיור פרש בטעם ענבים 60גר,פרפטי ואן מלה הולנד,TR,מסטיק מנטוס,גרמים,60.00,100 גרם,false,1,10.10,16.83,true,1,
80854753,false,סוכריות מנטוס מנטה 30 יח' ללא סוכר CLEAN BREATH,פרפטי ואן מלה,NL,סוכריות מנטוס,גרמים,21.00,100 גרם,false,1,5.90,28.10,true,1,
80874652,false,קינדר קארדס 120 גרם - בודד,פררו,IT,קינדר קארדס,גרמים,26.00,100 גרם,false,1,3.60,13.85,true,1,
80896081,false,מנטוס בקבוק מעוגל - מסטיק ללא סוכר בטעם אבטיח 60 גרם,"פרפטי ואן מלה ג'\ידה,סאן",TR,מנטוס בקבוק,גרמים,60.00,100 גרם,false,1,10.10,16.83,true,1,
80913467,false,מנטוס בקבוק מעוגל - מסטיק ללא סוכר בטעם מנטה,פרפטי ואן מלה הולנד,TR,מסטיק מנטוס,גרמים,60.00,100 גרם,false,1,10.10,16.83,true,1,
80926481,false,מסטיק מנטוס פיור פרש בבקבוק בינוני בטעם אבטיח 90ג',"פרפטי ואן מלה ג'ידה,סאן",TR,מסטיק מנטוס,גרמים,90.00,100 גרם,false,1,17.00,18.89,true,1,
80945468,false,סוכריות פיור וויט טעם מנטה מתוקה 60 ג' מנטוס,"פרפטי ואן מלה ג'ידה,סאן",TR,מנטוס פיור וויט,גרמים,60.00,100 גרם,false,1,9.30,15.50,true,1,
80974215,false,מסטיק מנטוס פיור פרש בבקבוק ביג בטעם תות 90ג',"פרפטי ואן מלה ג'ידה,סאן",TR,מסטיק מנטוס,גרמים,90.00,100 גרם,false,1,17.00,18.89,true,1,
80979128,false,מנטוס מסטיק בקבוק מעוגל בטעם דובדבן,פרפטי ואן מלה הולנד,TR,מסטיק מנטוס,גרמים,60.00,100 גרם,false,1,10.10,16.83,true,1,
80982470,false,מסטיק מנטוס פיור פרוסט בטעם מנטה חזק 60 גר',פרפטי ואן מלה ברדה,TR,מסטיק מנטוס,גרמים,60.00,100 גרם,false,1,10.10,16.83,true,1,
87108538,false,סוכריות בטעם תות מנטוס 37.5 גרם,הדקלאים אגודת שיתופי,NL,מנטוס תות,גרמים,37.00,100 גרם,false,0,3.00,8.11,true,1,
87108651,false,סוכריות בטעם מנטה מנטוס 4*37.5 גרם,הדקלאים אגודת שיתופי,NL,מנטוס מנטה 4 יח',גרמים,150.00,100 גרם,false,0,10.10,6.73,true,1,
87108712,false,סוכריות בטעם פירות מנטוס 4*37.5 גרם,פרפטי ואן מלה ברדה,NL,מנטוס פירות 4,גרמים,150.00,100 גרם,false,0,10.10,6.73,true,1,
96033531,true,דאודורנט רול-און רימונים,"יוניליוור אנגליה, דרך קו",GB,דאו רולאון רימון,מיליליטרים,50.00,"100 מ""ל",false,1,11.80,23.60,true,1,
96130339,true,דאו.דאב 0% אלומיניום 50מ,"יוניליוור אנגליה, דרך קו",IT,דאודורנט דאב,מיליליטרים,50.00,"100 מ""ל",false,1,11.80,23.60,true,1,
9531112435,false,אקסטרה נוזל לעבוי נפח200,פול מיטשל,US,נוזל לעיבוי נפח,מיליליטרים,200.00,"100 מ""ל",false,0,93.10,46.55,true,1,
9531114408,false,מוס תלתלים פלקסיבל סטיל,פול מיטשל,US,מוס תלתלים פלקס,מיליליטרים,500.00,"100 מ""ל",false,0,93.10,18.62,true,1,
9531119564,false,מגדיר תלתלים אנטי פריז,פול מיטשל,US,מגדיר תלתלים,מיליליטרים,150.00,"100 מ""ל",false,0,101.70,67.80,true,1,
9531132723,false,סופר סקיני סרום150מל,,US,סופר סקיני סרום,מיליליטרים,150.00,"100 מ""ל",false,0,93.10,62.07,true,1,
16000423534,false,חטיפי גרנולה קראנצ'י עם שיבולת שועל ושוקולד מריר נייצ'ר ואלי 5*42 גרם,ג'נרל מילס סאן אדריאן,ES,חטיף נייצ'ר ואלי,גרמים,210.00,100 גרם,false,0,13.50,6.43,true,1,
16000548404,false,חטיפי גרנולה קראנצ'י עם שיבולת שועל ודבש נייצ'ר ואלי 5*42 גרם,ג'נרל מילס סאן אדריאן,ES,חטיף נייטשר ואלי,גרמים,210.00,100 גרם,false,0,13.50,6.43,true,1,
16000548503,false,חטיפי גרנולה קראנצ'י עם מייפל וסוכר חום נייצ'ר ואלי 5*42 גרם,ג'נרל מילס סאן אדריאן,ES,חטיף נייטשר ואלי,גרמים,210.00,100 גרם,false,0,13.50,6.43,true,1,
16000548602,false,חטיפי גרנולה קראנצ'י קינמון נייצ'ר ואלי 5*24 גרם,ג'נרל מילס סאן אדריאן,ES,חטיף נייטשר ואלי,גרמים,210.00,100 גרם,false,0,13.50,6.43,true,1,
20714004507,false,שפתון מראה טבעי שחור דבש,אסתי לאודר,BE,שפתון מראה טבעי,יחידה,1.00,יחידה,false,1,93.10,93.10,true,1,
20714131173,false,קליניק אנטי פרס דאו רול און לגבר,קליניק,US,דאודורנט כדורי,מיליליטרים,75.00,"100 מ""ל",false,0,67.50,90.00,true,1,
20714192334,false,IMPACT HIGH מסקרה 01,קליניק,CA,IMPACT HIGH 01,יחידה,1.00,יחידה,false,0,106.80,106.80,true,1,
20714215552,false,קליניק טייק דה דיי אופ מסיר איפור בקרם,קליניק,JP,מסיר איפור באלם,מיליליטרים,125.00,"100 מ""ל",false,0,141.00,112.80,true,1,
20714227661,false,קליניק סבון נוזלי לפנים לעור מעורב,קליניק,BE,סבון פנים לעור,מיליליטרים,200.00,"100 מ""ל",false,0,98.20,49.10,true,1,
20714227685,false,קליניק סבון נוזלי לפנים לעור שמן,קליניק,GB,Facial Liquid,מיליליטרים,200.00,"100 מ""ל",false,0,98.20,49.10,true,1,
20714235956,false,סומק בלאשינג 15,קליניק,IL,סומק בלאשינג 15,יחידה,1.00,יחידה,false,0,161.50,161.50,true,1,
20714236922,false,עפרון עיניים שייפר 01,קליניק,DE,עפרון עיניים שיי,יחידה,1.00,יחידה,false,0,94.00,94.00,true,1,
20714281113,false,קליניק אנטי בלמיש קליריפיינג לושן,קליניק,GB,אנטי בלמיש200,מיליליטרים,200.00,"100 מ""ל",false,0,110.20,55.10,true,1,
20714288594,false,קליניק סיטי בלוק שיר פייס 25,קליניק,BE,25SPF סיטי בלוק,מיליליטרים,40.00,"100 מ""ל",false,0,98.20,245.50,true,1,
20714336615,false,קליניק מסכה לטיפול בעור פגום,קליניק,BE,מסכה לניקוי עמוק,מיליליטרים,100.00,"100 מ""ל",false,0,132.40,132.40,true,1,
20714353353,false,קליניק טינט פייס ברוזנינג גל,קליניק,BE,ג'ל שיזוף עצמי ל,מיליליטרים,50.00,"100 מ""ל",false,0,98.20,196.40,true,1,
20714353766,false,קליניק סאן טינטד קרם גוף מד/דיפ,קליניק,US,תחליב שיזוף עצמי,מיליליטרים,50.00,"100 מ""ל",false,0,100.00,200.00,true,1,
20714394790,false,מייק אפ לטיפול באקנה 04,קליניק,BE,מ.אפ אקנה 04,יחידה,1.00,יחידה,false,0,153.80,153.80,true,1,
20714462758,false,קליניק קליריפיינג לושן 01 200 מל,קליניק,GB,מי הסרה לפנים,מיליליטרים,200.00,"100 מ""ל",false,0,98.20,49.10,true,1,
20714462765,false,קליניק קליריפיינג לושן 02 200 מל,קליניק,GB,מי הסרה שלב 2,מיליליטרים,200.00,"100 מ""ל",false,0,98.20,49.10,true,1,
20714462772,false,קליניק קליריפיינג לושן 03 200 מל,קליניק,GB,מי הסרה-עור מעור,מיליליטרים,200.00,"100 מ""ל",false,0,98.20,49.10,true,1,
20714495510,false,מייק אפ איבן בטר126 30מ,קליניק,FR,מייק אפ איבן בטר,מיליליטרים,30.00,"100 מ""ל",false,1,153.80,512.67,true,1,
20714529192,false,עפרון עיניים קוויק 08,קליניק,DE,עפרון עיניים קוו,יחידה,1.00,יחידה,false,0,101.70,101.70,true,1,
20714644093,false,פרימייר לפנים 01,קליניק,BE,פרימייר לפנים 01,מיליליטרים,30.00,"100 מ""ל",false,0,153.80,512.67,true,1,
20714653651,false,קליניק אנטי בלמיש גל לטיפול באקנה 30 מל,קליניק,GB,ג'ל לטיפול נקודת,מיליליטרים,30.00,"100 מ""ל",false,0,127.30,424.33,true,1,
20714672072,false,קליניק סבון פנים לגבר לעור רגיל,קליניק,BE,סבון פנים לגבר,מיליליטרים,200.00,"100 מ""ל",false,0,93.10,46.55,true,1,
20714674830,false,קליניק סמארט סרום 30 מל,קליניק,GB,SMART סרום,מיליליטרים,30.00,"100 מ""ל",false,0,315.30,1051.00,true,1,
20714678197,false,קליניק סמארט קרם לילה יבש,קליניק,UA,קרם לחות ללילה,מיליליטרים,50.00,"100 מ""ל",false,0,346.10,692.20,true,1,
20714678203,false,קליניק סמארט קרם לילה מעורב,קליניק,UA,SMART קרם לילה,מיליליטרים,50.00,"100 מ""ל",false,0,346.10,692.20,true,1,
20714678210,false,קליניק קרם לחות SMART MD SPF15,אסתי לאודר,US,SMART קרם לחות ל,מיליליטרים,50.00,"100 מ""ל",false,1,329.00,658.00,true,1,
20714711856,false,מייק אפ ביונד פרפקט,קליניק,BE,מייק אפ ביונד פר,מיליליטרים,30.00,"100 מ""ל",false,0,179.40,598.00,true,1,
20714711900,false,מייק אפ וקוניסלר 07,קליניק,BE,מייק אפ וקוניסלר,יחידה,1.00,יחידה,false,0,179.40,179.40,true,1,
20714711948,false,מייק אפ ביונד פרפקט,קליניק,BE,מייק אפ ביונד פר,מיליליטרים,30.00,"100 מ""ל",false,0,179.40,598.00,true,1,
20714731342,false,קל.קונ.איירברש 09,קליניק,BE,קל.קונ.איירברש 0,יחידה,1.00,יחידה,false,0,110.20,110.20,true,1,
20714739393,false,קליניק שפתון פופ קולור14,קליניק,BE,קליניק שפתון פופ,יחידה,1.00,יחידה,false,0,101.70,101.70,true,1,
20714739485,false,קל.שפ.פופ קולור23,קליניק,BE,קל.שפ.פופ קולור2,יחידה,1.00,יחידה,false,0,101.70,101.70,true,1,
20714755973,false,מייק אפ ביונד 607,קליניק,IL,מייק אפ ביונד 60,יחידה,1.00,יחידה,false,0,175.20,175.20,true,1,
20714757809,false,קל.ע.ש.קוויק07,קליניק,DE,קל.ע.ש.קוויק07,יחידה,1.00,יחידה,false,0,93.10,93.10,true,1,
20714801014,false,מייק אפ ביונד פרפקט,קליניק,BE,מייק אפ ביונד פר,מיליליטרים,30.00,"100 מ""ל",false,0,179.40,598.00,true,1,
20714851125,false,קליניק מויסטר סרג קרם פנים במרקם מים,קליניק,GB,ג'ל פנים,מיליליטרים,48.00,"100 מ""ל",false,1,135.90,283.13,true,1,
20714904166,false,קליניק סופר דיפנס קרם לעור מעורב עד שמן,אלקליל,US,קרם לחות מסדרת S,מיליליטרים,50.00,"100 מ""ל",false,1,243.50,487.00,true,1,
20714918408,false,"איבן בטר ריפרש 52 30 מ""ל",קליניק,CA,איבן בטר ריפרש,מיליליטרים,30.00,"100 מ""ל",false,1,175.20,584.00,true,1,
20714918484,false,"איבן בטר ריפרש 76 30 מ""ל",קליניק,CA,איבן בטר ריפרש,מיליליטרים,30.00,"100 מ""ל",false,1,175.20,584.00,true,1,
20714949549,false,קליניק ID בסיס לחות במרקם גלי,קליניק,GB,ID בסיס לחות במר,מיליליטרים,115.00,"100 מ""ל",false,1,158.10,137.48,true,1,
20714968892,false,קונסילר טיפולי Ivory יח,,CA,קונסילר טיפולי,יחידה,1.00,יחידה,false,1,123.90,123.90,true,1,
20714968908,false,קונסילר טיפולי Ch Cream,,CA,קונסילר טיפולי,יחידה,1.00,יחידה,false,1,123.90,123.90,true,1,
20714968939,false,קונסילר טיפולי VanillA,,CA,קונסילר טיפולי,יחידה,1.00,יחידה,false,1,123.90,123.90,true,1,
20714985417,false,קליניק קרם לחות SMART MD לפיסול ומיצוק ה,אלקליל,US,קרם לחות אנטי אי,מיליליטרים,50.00,"100 מ""ל",false,1,376.00,752.00,true,1,
20714994778,false,קליניק גל עיניים קליל המעניק 96 שעות של,אלקליל,US,ג'ל עיניים קליל,מיליליטרים,15.00,"100 מ""ל",false,1,141.00,940.00,true,1,
20714996970,false,קל.אייל.קוויק03 רוסט קופ,קליניק,DE,קל.אייל.קוויק03,יחידה,1.00,יחידה,false,0,106.80,106.80,true,1,
22200956932,false,דאודורנט ספיד סטיק גל 24/7 כחול 85 גר,הנסיך- מפעל לייצור ט,US,דאודורנט ג'ל,גרמים,85.00,100 גרם,false,0,15.20,17.88,true,1,
22200956949,false,דאודורנט ג'ל כתום לגבר ספיד סטיק 85 גרם,קולגייט-פלמוליב,US,דאודורנט,גרמים,85.00,100 גרם,false,0,15.20,17.88,true,1,
22548006719,false,"aramis אדט 110 מ""ל",אסתי לאודר בישו,CH,aramis אדט,מיליליטרים,110.00,"100 מ""ל",false,1,118.80,108.00,true,1,
22548172971,false,Fresh Delicious Beא100.מ,אינטר פרמיום,IT,Delicious Be,מיליליטרים,100.00,"100 מ""ל",false,0,255.50,255.50,true,1,
22548237564,false,"דונה קארן גולדן בי דלישס - א.ד.פ 100 מ""ל",אינטר פרמיום,IT,Delicious Golden,מיליליטרים,100.00,"100 מ""ל",false,0,255.50,255.50,true,1,
22548366448,false,מייקל קורוס וונדרלסט100מ,מייקל קורס,IL,מייקל קורוס וונד,מיליליטרים,100.00,"100 מ""ל",false,0,341.00,341.00,true,1,
22548423028,false,"בי אקסטרא דלישס 100 מ""ל",אינטר פרמיום,IT,בי אקסטרא דלישס,מיליליטרים,100.00,"100 מ""ל",false,1,255.50,255.50,true,1,
25700005698,false,זיפלוק שקיות אחסון בינוניות 24 יחידות,אס.סי.גונסון ובניו,US,שקיות אחסון,יחידה,1.00,יחידה,false,1,11.80,11.80,true,1,
27131006534,false,Knowing א.ד.פ לאשה,אסתי לאודר בישו,CN,Knowing לאשה,מיליליטרים,75.00,"100 מ""ל",false,0,307.60,410.13,true,1,
27131017752,false,"YOUTH-DEW אדפ 65 מ""ל",אסתי לאודר בישו,CH,YOUTH-DEW אדפ,מיליליטרים,65.00,"100 מ""ל",false,1,162.30,249.69,true,1,
27131020424,false,וויט לינן אדפ לאישה 60מל,אסתי לאודר בישו,IL,וויט לינן אדפ לא,מיליליטרים,60.00,"100 מ""ל",false,0,213.60,356.00,true,1,
27131043294,false,Pleasures לאישה אדפ 50מל,אסתי לאודר בישו,US,Pleasures לאישה,מיליליטרים,50.00,"100 מ""ל",false,0,222.20,444.40,true,1,
27131086871,false,"ביוטיפול אדפ לאישה 75מ""ל",אסתי לאודר בישו,IL,ביוטיפול אדפ לאי,מיליליטרים,75.00,"100 מ""ל",false,0,255.50,340.67,true,1,
27131187035,false,WEAR DOUBLE מייק אפ 2c3,אסתי לאודר,BE,WEAR DOUBLE מייק,מיליליטרים,30.00,"100 מ""ל",false,0,200.80,669.33,true,1,
27131187042,false,WEAR DOUBLE מייק אפ 2C2,אסתי לאודר,BE,WEAR DOUBLE מייק,מיליליטרים,30.00,"100 מ""ל",false,0,200.80,669.33,true,1,
27131187073,false,WEAR DOUBLE מייק אפ 4N1,אסתי לאודר,BE,WEAR DOUBLE מייק,מיליליטרים,30.00,"100 מ""ל",false,0,200.80,669.33,true,1,
27131228387,false,WEAR DOUBLE מייק אפ 3N1,אסתי לאודר,BE,מייק אפ 3N1,מיליליטרים,30.00,"100 מ""ל",false,0,200.80,669.33,true,1,
27131228400,false,WEAR DOUBLE מייק אפ 2N1,אסתי לאודר,BE,מייק אפ 2N1,מיליליטרים,30.00,"100 מ""ל",false,0,200.80,669.33,true,1,
27131392385,false,WEAR DOUBLE מייק אפ 3W1,אסתי לאודר,BE,מייק אפ 3W1,מיליליטרים,30.00,"100 מ""ל",false,0,200.80,669.33,true,1,
27131392392,false,WEAR DOUBLE מייק אפ 3N2,אסתי לאודר,BE,מייק אפ 3N2,מיליליטרים,30.00,"100 מ""ל",false,0,200.80,669.33,true,1,
27131392439,false,WEAR DOUBLE מייק אפ 5W1,אסתי לאודר,BE,מייק אפ 5W1,מיליליטרים,30.00,"100 מ""ל",false,0,200.80,669.33,true,1,
27131821939,false,COVER MAXIMUM מייק אפ,אסתי לאודר,BE,מייק אפ 1N3,מיליליטרים,30.00,"100 מ""ל",false,0,200.80,669.33,true,1,
27131821946,false,COVER MAXIMUM מייק אפ,אסתי לאודר,BE,מייק אפ 2C5,מיליליטרים,30.00,"100 מ""ל",false,0,200.80,669.33,true,1,
27131934943,false,WEAR DOUBLE מייק אפ 1N1,אסתי לאודר,BE,מייק אפ 1N1,מיליליטרים,30.00,"100 מ""ל",false,0,200.80,669.33,true,1,
27131934998,false,WEAR DOUBLE מייק אפ 2C1,אסתי לאודר,BE,מייק אפ 2C1,מיליליטרים,30.00,"100 מ""ל",false,0,200.80,669.33,true,1,
27131969853,false,WEAR DOUBLE מייק אפ 2W2,אסתי לאודר,BE,מייק אפ 2W2,מיליליטרים,30.00,"100 מ""ל",false,0,200.80,669.33,true,1,
27131977520,false,WEAR DOUBLE מייק אפ 3W2,אסתי לאודר,BE,מייק אפ 3W2,מיליליטרים,30.00,"100 מ""ל",false,0,200.80,669.33,true,1,
27131977575,false,WEAR DOUBLE מייק אפ 4N2,אסתי לאודר,BE,מייק אפ 4N2,מיליליטרים,30.00,"100 מ""ל",false,0,200.80,669.33,true,1,
31290140107,false,גודייבה אצבעות שוקולד 72% 90 גרם,"אולקר מקבוצת פלאדיס, ציק",TR,שוקולד גודייבה,גרמים,90.00,100 גרם,false,1,14.40,16.00,true,1,
35000689535,false,קולגייט מברשת שיניים מקס וייט סופט זוג,קולגייט-פלמוליב,CN,מברשות שיניים2X,יחידה,1.00,יחידה,false,0,20.40,20.40,true,1,
36000516876,false,ממחטות נייר קלינקס לושן 3 שכבות 75 דף,חוגלה קימברלי,US,קלינקס לושן,יחידה,1.00,יחידה,false,1,10.10,10.10,true,1,
36000516890,false,ממחטות אף עם אלוורה + ויטמין E תלת שכבתי,חוגלה קימברלי,US,קלינקס לושן,יחידה,1.00,יחידה,false,1,17.00,17.00,true,1,
37977005288,false,מאם מוצצים סיליקון 6+ תכלת לבן,מאם Mam,HU,זוג מוצצים,יחידה,1.00,יחידה,false,0,33.20,33.20,true,1,
37977005424,false,מאמ-נשכן רב תכליתי יחידה,General,HU,נשכן מאמ,יחידה,1.00,יחידה,false,0,28.00,28.00,true,1,
37977005455,false,מאמ מחזיק מוצץ כחול,General,HU,מאמ מחזיק למוצץ,יחידה,1.00,יחידה,false,0,25.50,25.50,true,1,
37977050059,false,מוצץ לתינוק ללא ביספנול 0-2 מאם 2 יחידות,General,HU,זוג מוצצים,יחידה,1.00,יחידה,false,0,33.20,33.20,true,1,
38000232176,false,פרינגלס ביג שמנת בצל 158 גרם,פרינגלס מנופקצ'ורינג קונ,US,פרינגלס שמנת בצל,גרמים,158.00,100 גרם,false,1,10.10,6.39,true,1,
38000232183,false,פרינגלס ביג אורגינל 149 גרם,פרינגלס מנופקצ'ורינג קונ,US,פרינגלס אורגינל,גרמים,149.00,100 גרם,false,1,10.10,6.78,true,1,
40000512943,false,סוכריות אם אנד אמס M&M שוקולד חלב,M&M אם אנד אם,US,עדשים מ&מ'ס,גרמים,303.00,100 גרם,false,1,19.50,6.44,true,1,
40000513568,false,סוכריות אם אנד אמס M&M שוקולד חלב,M&M אם אנד אם,US,עדשים מ&מ'ס,גרמים,156.00,100 גרם,false,1,10.60,6.79,true,1,
40000513582,false,עדשים מ&מ'ס בוטנים 156 ג,מארס,US,עדשים מ&מ'ס,גרמים,156.00,100 גרם,false,1,10.60,6.79,true,1,
40000513629,false,M&M's חמאת בוטנים אריזה גדולה 152 גרם,מארס,US,עדשים מ&מ'ס,גרמים,142.00,100 גרם,false,1,10.60,7.46,true,1,
40000514480,false,M&M אריזה קטנה's שוקולד אריזה קטנה 48 גרם,M&M אם אנד אם,US,עדשי מ&מ'ס,גרמים,48.00,100 גרם,false,1,4.20,8.75,true,1,
40000514510,false,M&M אריזה קטנה's בוטנים אריזה קטנה 49 גרם,M&M אם אנד אם,US,עדשי מ&מ'ס,גרמים,49.00,100 גרם,false,1,4.20,8.57,true,1,
41554220186,false,מייבלין - ליינר ג'ל שחור,,IL,ליינר ג'ל שחור,יחידה,1.00,יחידה,false,1,29.90,29.90,true,1,
46214731552,false,עוגיות שוקולד צ'יפס 37% גודיס 225 גרם,קריניציה ויטמינה אס,NL,עוגיות ש.צ'יפס,גרמים,225.00,100 גרם,false,0,10.10,4.49,true,1,
46688100502,false,ז`ולן קרם מבהיר אלוורה 28 גרם,General,US,קרם מבהיר שיער,גרמים,28.00,100 גרם,false,0,65.70,234.64,true,1,
71249290361,false,שפתון אינפליבל עמיד217יח,לוריאל,US,שפתון אינפליבל ע,יחידה,1.00,יחידה,false,1,54.60,54.60,true,1,
73930680109,false,דבק ריסים 7 ג' שקוף DUO,,IL,דבק ריסים 7 ג' ש,יחידה,1.00,יחידה,false,1,42.70,42.70,true,1,
74764305503,false,ערכת סטארט ריסים בודדים,מג'יק,US,ערכת סטארט ריסים,יחידה,1.00,יחידה,false,0,64.10,64.10,true,1,
74764650160,false,רצועות ריסים אירועים יח',,US,רצועות ריסים איר,יחידה,1.00,יחידה,false,1,35.80,35.80,true,1,
74764679505,false,ארדל רצועה כפולה ריסים,מג'יק,US,ארדל רצועהריסים,יחידה,1.00,יחידה,false,1,102.40,102.40,true,1,
74764750174,false,מאיץ צמיחה לגבות וריסים ARDELL,מג'יק,US,מאיץ צמיחה לגבות,יחידה,1.00,יחידה,false,0,51.20,51.20,true,1,
77245110610,false,סוכריות מאסט ללא סוכר בטעם מנטה 80 ג'עלית,MIESZKO S.A - MS. JO,PL,סוכריות מאסט,גרמים,80.00,100 גרם,false,0,7.50,9.38,true,1,
77975094631,false,סניידרס סנדוויץ' בייגלה במילוי קרם בטעם צ'דר 226 גרם,סניידרס לאנס,US,בייגלה סניידרס,גרמים,226.00,100 גרם,false,1,14.40,6.37,true,1,
77975094761,false,סניידרס חטיפים על בסיס קמח חיטה בטעם גבינת צ'דר,סניידרס אוף האנובר,US,חטיף סניידרס,גרמים,340.00,100 גרם,false,1,14.40,4.24,true,1,
77975094778,false,שברי בייגלה סניידרס בטעם דבש חרדל 340 גר,סניידרס אוף האנובר,US,סניידרס דבש חרדל,גרמים,340.00,100 גרם,false,1,14.40,4.24,true,1,
78300081098,false,פלייטקס ספורט עם מוליך רגולר 18 יח,פלייטקס מניפאקטורינג בעמ,US,טמפוני פלייטקס,יחידה,1.00,יחידה,false,1,19.50,19.50,true,1,
78300081357,false,פלייטקס ספורט עם מוליך סופר פלוס 18 יח,פלייטקס,US,טמפוני פלייטקס,יחידה,1.00,יחידה,false,1,19.50,19.50,true,1,
79625014013,false,מברשת פודרה יח',,FR,מברשת פודרה,יחידה,1.00,יחידה,false,1,51.20,51.20,true,1,
79625014075,false,מברשת סומק יח',,IL,מברשת סומק,יחידה,1.00,יחידה,false,1,42.70,42.70,true,1,
79625014136,false,מברשת פודרה קיבוע מייקאפ,,IL,מברשת פודרה לקיב,יחידה,1.00,יחידה,false,1,38.40,38.40,true,1,
79625017861,false,מארז סט מברשות,,IL,מארז סט מברשות,יחידה,1.00,יחידה,false,1,84.60,84.60,true,1,
79625018943,false,ספוגית להנחת פודרה יח',,IL,ספוגית להנחת פוד,יחידה,1.00,יחידה,false,1,34.10,34.10,true,1,
79625018950,false,ערכת 5מברשות רב שימושיות,,IL,ערכת מברשות רב ש,יחידה,1.00,יחידה,false,1,84.60,84.60,true,1,
79625018974,false,מברשת קונטור מתכווננת,,IL,מברשת קונטור מתכ,יחידה,1.00,יחידה,false,1,55.50,55.50,true,1,
79625018981,false,מברשת להנחת סומק והייליי,,IL,מברשת להנחת סומק,יחידה,1.00,יחידה,false,1,55.50,55.50,true,1,
79625018998,false,מברשת להנחת מייק אפ,,IL,nברשת להנחת מיי,יחידה,1.00,יחידה,false,1,55.50,55.50,true,1,
79625019568,false,ספוגית איפור משולבת יח',,IL,ספוגית איפור משו,יחידה,1.00,יחידה,false,1,34.10,34.10,true,1,
79625915426,false,מברשת להנחת קונסילר יח',,IL,מברשת להנחת קונס,יחידה,1.00,יחידה,false,1,34.10,34.10,true,1,
79625915662,false,ספוגית מייק אפ יח',,IL,ספוגית מייק אפ,יחידה,1.00,יחידה,false,1,34.10,34.10,true,1,
80100004436,false,שפתון סופר לסטרוס 525 יח,רבלון,US,שפתון סופר לסטרו,יחידה,1.00,יחידה,false,1,44.30,44.30,true,1,
85715163158,false,"אברקומבי פירסט אינסטינקט א.ד.פ 100 מ""ל",רבלון בישום,US,Abercrombie,מיליליטרים,100.00,"100 מ""ל",false,1,254.00,254.00,true,1,
85715166012,false,"אברקומבי אוטנטיק א.ד.ט 100 מ""ל Abercrombie Fitch Authentic",ש.שסטוביץ,FR,אמברקומבי אוטנטי,מיליליטרים,100.00,"100 מ""ל",false,1,161.50,161.50,true,1,
85715169525,false,אותנטיק מומנט אדט100מל,אינטר פרמיום,US,Abercrombie,מיליליטרים,100.00,"100 מ""ל",false,1,212.80,212.80,true,1,
85715169907,false,אברקרומבי אוי טונייט100מ,אינטר פרמיום,US,אברקרומבי AWAY,מיליליטרים,100.00,"100 מ""ל",false,1,255.50,255.50,true,1,
85715323002,false,גאס בלה ויטה אישה אדפ 100 מל,,US,גאס בלה ויטה אדפ,מיליליטרים,100.00,"100 מ""ל",false,1,229.90,229.90,true,1,
85715326607,false,גאס אומו אדט לגבר 100 מ''ל,,US,גאס אומו אדט לגב,מיליליטרים,100.00,"100 מ""ל",false,1,212.80,212.80,true,1,
85805248604,false,מארז פיפט אווניו אדפ אשה,אליזבט ארדן,US,פפיט אווניו אדפ,מיליליטרים,155.00,"100 מ""ל",false,1,170.00,109.68,true,1,
85805390600,false,"פיפט אבניו 5th Avenue אדפ לאישה 125 מ""ל - אליזבת ארדן",אלפא בישום,US,פיפט אווניו אדפ,מיליליטרים,125.00,"100 מ""ל",false,0,170.00,136.00,true,1,
85805557331,false,"אליזבת ארדן וויט תה לאשה 100 מ""ל",אלפא בישום,US,וויט טי א.אדט100,מיליליטרים,100.00,"100 מ""ל",false,0,204.20,204.20,true,1,
88300104437,false,"be ck אדט לגבר 200 מ""ל",,US,be ck אדט,מיליליטרים,200.00,"100 מ""ל",false,1,195.70,97.85,true,1,
88300107438,false,"קלווין קליין וואן א.ד.ט 200 מ""ל",קלווין קליין,US,סי קיי אוון אדט,מיליליטרים,200.00,"100 מ""ל",false,1,194.00,97.00,true,1,
88300162505,false,"אופוריה Euphoria א.ד.פ לאישה 100 מ""ל",קלווין קליין Calvin Klein,IL,אופוריה א.ד.פ,מיליליטרים,100.00,"100 מ""ל",false,1,254.70,254.70,true,1,
192333011980,false,קליניק ID ג'ל לחות בעל גוון עדין 50 מל,אלקליל,US,ג'ל לחות בעל גוו,מיליליטרים,50.00,"100 מ""ל",false,1,118.80,237.60,true,1,
192333013328,false,קליניק חלב פנים עדין לעור יבש עד מעורב,General,IT,חלב פנים עדין לנ,מיליליטרים,200.00,"100 מ""ל",false,1,115.30,57.65,true,1,
192333013359,false,קליניק חלב פנים עדין לעור מעורב עד שמן,General,IT,חלב פנים להסרת א,מיליליטרים,200.00,"100 מ""ל",false,1,115.30,57.65,true,1,
192333015636,false,קליניק ID ג'ל לחות בעל גוון עדין + מבחנה,אלקליל,US,ג'ל לחות בעל גוו,מיליליטרים,125.00,"100 מ""ל",false,1,212.80,170.24,true,1,
192333042809,false,קליניק ג'ל לחות עשיר לעור יבש מאוד 50 מל,אלקליל,GB,מויסטר סרג אינטנ,מיליליטרים,50.00,"100 מ""ל",false,1,132.40,264.80,true,1,
192333051658,false,קליניק מארז קרם עיניים+מסיר איפור+מסקרה,General,US,מארז עיניים,יחידה,1.00,יחידה,false,1,170.00,170.00,true,1,
192333052327,false,קליניק מארז הגנה יום יומי,אלקליל,US,מארז הגנה יום יו,יחידה,1.00,יחידה,false,1,229.90,229.90,true,1,
192333066928,false,קליניק מויסטר סרג קרם לחות 100 שעות 30 מ,General,GB,מויסטר סרג' 100,מיליליטרים,30.00,"100 מ""ל",false,1,81.20,270.67,true,1,
192333077856,false,איבן בטר קליניקל 28 מייק,,FR,איבן בטר קליניקל,מיליליטרים,30.00,"100 מ""ל",false,1,141.00,470.00,true,1,
192333077887,false,איבן בטר קליניקל 56מייק,,FR,איבן בטר קליניקל,מיליליטרים,30.00,"100 מ""ל",false,1,141.00,470.00,true,1,
192333081020,false,קליניק תכשיר ניקוי ופילינג במוצר אחד במר,General,BE,תכשיר ניקוי ופיל,מיליליטרים,150.00,"100 מ""ל",false,1,110.20,73.47,true,1,
192333101681,false,קליניק סמארט סרום טיפולי לתיקון קמטים וק,אלקליל,US,סרום טיפולי לתיק,מיליליטרים,50.00,"100 מ""ל",false,1,431.60,863.20,true,1,
192333102749,false,קליניק סמארט קרם עיניים אנטי אייגינג,אסתי לאודר,GB,קרם עיניים סמארט,מיליליטרים,15.00,"100 מ""ל",false,0,238.40,1589.33,true,1,
192333119921,false,מתנת תיק עם 4 פר,,,מתנת תיק עם 4 פר,יחידה,1.00,יחידה,false,0,41.80,41.80,true,1,
192333120651,false,סט OVERLOAD MOISTURE יח',,US,סט OVER MOISTURE,יחידה,1.00,יחידה,false,1,243.50,243.50,true,1,
192333125120,false,קליניק סמארט קרם לחות לכל סוגי העור,אסתי לאודר,BE,סמארט קרם לחות,מיליליטרים,50.00,"100 מ""ל",false,1,346.10,692.20,true,1,
192333129272,false,אייליינר נוזלי יח',,JP,אייליינר נוזלי,יחידה,1.00,יחידה,false,1,106.80,106.80,true,1,
192333138410,false,מייק אפ איבן בטר דבש10מל,אסתי לאודר,BE,מייק אפ איבן בטר,מיליליטרים,10.00,"100 מ""ל",false,1,12.70,127.00,true,1,
192333142004,false,קליניק מארז אנטי אייגינג למראה עור צעיר,אסתי לאודר,US,סט אנטי אייג'ינג,יחידה,1.00,יחידה,false,1,329.00,329.00,true,1,
305210317079,false,וזלין מיני לשפתיים חמאת קקאו 9 גר,"יוניליוור ג'ונסבורו,",US,וזלין לשפתיים,יחידה,1.00,יחידה,false,1,12.70,12.70,true,1,
305210437371,false,וזלין מיני לשפתיים ורוד עדין 9 גר,"יוניליוור ג'ונסבורו,",US,וזלין לשפתיים ור,יחידה,1.00,יחידה,false,1,12.70,12.70,true,1,
305210464728,false,וזלין מיני לשפתיים בטעם קרם ברולה,"יונילוור ארה""ב - HPC",US,וזלין לשפתיים קר,יחידה,1.00,יחידה,false,1,12.70,12.70,true,1,
309970006990,false,קנדיד מייק אפ 210 יח',רבלון,US,קנדיד מייק אפ 21,יחידה,1.00,יחידה,false,1,55.50,55.50,true,1,
309970039042,false,קולורסטיי לוק בוק אורינג,,IL,קולורסטיי לוק בו,יחידה,1.00,יחידה,false,1,59.70,59.70,true,1,
309970047962,false,עפרון עיניים סופירס אפור,,US,עפרון עיניים סופ,יחידה,1.00,יחידה,false,1,42.60,42.60,true,1,
309970050559,false,מסקרה ג'ל לגבות 301 יח',,US,מסקרה ג'ל לגבות,יחידה,1.00,יחידה,false,1,51.20,51.20,true,1,
309970050573,false,מסקרה ג'ל לגבות306יח',,US,מסקרה ג'ל לגבות,יחידה,1.00,יחידה,false,1,51.20,51.20,true,1,
309970062231,false,עפרון עיניים סופירס סגול,,US,עפרון עיניים סופ,יחידה,1.00,יחידה,false,1,42.60,42.60,true,1,
309970078836,false,סומק 33 וורי ברי יח',,US,סומק 33 וורי ברי,יחידה,1.00,יחידה,false,1,59.70,59.70,true,1,
309970086756,false,עפרון ע. קריסטלייז212 יח,רבלון,US,עפרון ע. קריסטלי,יחידה,1.00,יחידה,false,1,42.60,42.60,true,1,
309970090647,false,עפרון ע. קריסטלייז 213 י,רבלון,US,עפרון ע. קריסטלי,יחידה,1.00,יחידה,false,1,42.60,42.60,true,1,
309970093648,false,פוטורדי פריימר פלוס פרפק,רבלון,US,פוטורדי פריימר פ,מיליליטרים,30.00,"100 מ""ל",false,1,85.30,284.33,true,1,
309970117030,false,שפתון קולורסטיי אינק 2,רבלון,US,שפתון קולורסטיי,יחידה,1.00,יחידה,false,1,59.70,59.70,true,1,
309970131180,false,שפתון קולורסטיי אינק 19,,US,שפתון קולורסטיי,יחידה,1.00,יחידה,false,1,59.70,59.70,true,1,
309971879203,false,שפתון קיס באלם25 יח',רבלון,US,שפתון קיס באלם25,יחידה,1.00,יחידה,false,0,17.80,17.80,true,1,
309971879258,false,שפתון קיס באלם30 יח',רבלון,US,שפתון קיס באלם30,יחידה,1.00,יחידה,false,0,17.80,17.80,true,1,
309973025028,false,שפתון סופר לסטרוס מאט 48,,US,שפתון סופר לסטרו,יחידה,1.00,יחידה,false,1,42.60,42.60,true,1,
309973025042,false,שפתון סופר לסטרוס מאט 50,,US,שפתון סופר לסטרו,יחידה,1.00,יחידה,false,1,42.60,42.60,true,1,
309973174351,false,ק.סטיי שפתון אולטימט 35,רבלון,US,שפתון אולטימט,יחידה,1.00,יחידה,false,0,64.00,64.00,true,1,
309973174405,false,ק.סטיי שפתון אולטימט 40,רבלון,US,שפתון אולטימט,יחידה,1.00,יחידה,false,0,64.00,64.00,true,1,
309974104029,false,פוטורדי פרפקט פריימר27מל,רבלון,US,פוטורדי פרפקט פר,מיליליטרים,27.00,"100 מ""ל",false,0,103.30,382.59,true,1,
309974172011,false,עיפרון שפתיים ק.סטיי630,רבלון,US,עיפרון שפתיים ק.,יחידה,1.00,יחידה,false,0,35.80,35.80,true,1,
309974172134,false,עיפרון שפתיים ק.סטיי665,רבלון,US,עיפרון שפתיים ק.,יחידה,1.00,יחידה,false,0,35.80,35.80,true,1,
309974244589,false,שפתון ק.סטיי אוברטיים410,רבלון,US,שפתון ק.סטיי אוב,יחידה,1.00,יחידה,false,0,62.30,62.30,true,1,
309974784061,false,סומק פוודר בלאש006 יח',רבלון,US,סומק פוודר בלאש0,יחידה,1.00,יחידה,false,0,59.70,59.70,true,1,
309974784146,false,סומק 14 טיקלד פינק יח',,US,סומק 14 טיקלד פי,יחידה,1.00,יחידה,false,1,59.70,59.70,true,1,
309974792028,false,פלטת הארות 20 יח',רבלון,US,פלטת הארות 20,יחידה,1.00,יחידה,false,0,72.50,72.50,true,1,
309974792035,false,פלטת הארות 30 יח',רבלון,US,פלטת הארות 30,יחידה,1.00,יחידה,false,0,72.50,72.50,true,1,
309975210132,false,קולור סטיי צללית 850 יח',רבלון,MX,קולור סטיי צללית,יחידה,1.00,יחידה,false,1,62.30,62.30,true,1,
309975210149,false,קולור סטיי צללית 825 יח',רבלון,MX,קולור סטיי צללית,יחידה,1.00,יחידה,false,1,62.30,62.30,true,1,
309975316742,false,שפתון ק.סטיי אוברטיים510,רבלון,FR,שפתון ק.סטיי אוב,יחידה,1.00,יחידה,false,1,62.30,62.30,true,1,
309975410013,false,מייק אפ קולורסטיי 110,רבלון,US,מייק אפ קולורסטי,מיליליטרים,30.00,"100 מ""ל",false,0,89.60,298.67,true,1,
309975410020,false,מייק אפ קולורסטיי 150,רבלון,US,מייק אפ קולורסטי,מיליליטרים,30.00,"100 מ""ל",false,0,89.60,298.67,true,1,
309975410037,false,מייק אפ קולורסטיי 180,רבלון,US,מייק אפ קולורסטי,מיליליטרים,30.00,"100 מ""ל",false,0,89.60,298.67,true,1,
309975410068,false,מייק אפ קולורסטיי 240,רבלון,US,מייק אפ קולורסטי,מיליליטרים,30.00,"100 מ""ל",false,0,89.60,298.67,true,1,
309975410075,false,מייק אפ קולורסטיי 250,רבלון,US,מייק אפ קולורסטי,מיליליטרים,30.00,"100 מ""ל",false,0,89.60,298.67,true,1,
309975410112,false,מייק אפ Tan Natural 330,רבלון,US,מייק אפ,מיליליטרים,30.00,"100 מ""ל",false,0,89.60,298.67,true,1,
309975410129,false,מייק אפ קולורסטיי 340,רבלון,US,מייק אפ קולורסטי,מיליליטרים,30.00,"100 מ""ל",false,0,89.60,298.67,true,1,
309975410181,false,מייק אפ קולורסטיי 410,רבלון,US,מייק אפ קולורסטי,מיליליטרים,30.00,"100 מ""ל",false,0,89.60,298.67,true,1,
309975415063,false,מייק אפ קולורסטיי 240,רבלון,US,מייק אפ קולורסטי,מיליליטרים,30.00,"100 מ""ל",false,0,89.60,298.67,true,1,
309975415070,false,COLORSTAY מייק אפ משאבה,רבלון,US,מייק אפ 250,מיליליטרים,30.00,"100 מ""ל",false,0,89.60,298.67,true,1,
309975415087,false,מייק אפ קולורסטיי 320,רבלון,US,מייק אפ קולורסטי,מיליליטרים,30.00,"100 מ""ל",false,0,89.60,298.67,true,1,
309975726602,false,שפתון קלרברסט מאט260,רבלון,IL,שפתון קלרברסט,יחידה,1.00,יחידה,false,0,58.00,58.00,true,1,
309975822144,false,עיפרון שפתיים ק.סטיי660,רבלון,US,עיפרון שפתיים ק.,יחידה,1.00,יחידה,false,0,35.80,35.80,true,1,
309975969016,false,איילינר סקיני שחור יח',רבלון,US,איילינר סקיני שח,יחידה,1.00,יחידה,false,0,64.80,64.80,true,1,
309975969054,false,אייליינר סקיני נייבי יח',רבלון,IL,אייליינר סקיני,יחידה,1.00,יחידה,false,0,64.80,64.80,true,1,
309976047027,false,קולורסטיי פודרה דחוסה820,רבלון,US,פודרה דחוסה,יחידה,1.00,יחידה,false,0,91.30,91.30,true,1,
309976047058,false,קולורסטיי פודרה דחוסה850,רבלון,US,פודרה דחוסה,יחידה,1.00,יחידה,false,0,91.30,91.30,true,1,
309976131023,false,קונסילר קולורסטיי620 יח',רבלון,US,קונסילר קולורסטי,יחידה,1.00,יחידה,false,0,55.40,55.40,true,1,
309976131030,false,קונסילר קולורסטיי630 יח',רבלון,US,קונסילר קולורסטי,יחידה,1.00,יחידה,false,0,55.40,55.40,true,1,
309976131047,false,קונסילר קולורסטיי640 יח',רבלון,US,קונסילר קולורסטי,יחידה,1.00,יחידה,false,0,55.40,55.40,true,1,
309976297019,false,ווליומיזינג מסקרה עמידה,,US,ווליומיזינג מסקר,יחידה,1.00,יחידה,false,1,59.70,59.70,true,1,
309976399010,false,מסקרה אול אין וואן שחור,רבלון,US,מסקרה אול אין וו,יחידה,1.00,יחידה,false,0,64.00,64.00,true,1,
309976740058,false,עפרון עיניים ק.סטיי205,רבלון,US,עפרון עיניים ק.ס,יחידה,1.00,יחידה,false,0,47.70,47.70,true,1,
309976790022,false,עפרון עיניים ק.סטיי202,רבלון,US,עפרון עיניים ק.ס,יחידה,1.00,יחידה,false,0,47.70,47.70,true,1,
309976954035,false,שפתון סופר לסטרוס 420 יח,רבלון,US,שפתון סופר לסטרו,יחידה,1.00,יחידה,false,0,44.30,44.30,true,1,
309977641057,false,צללית קולורסטיי קרם710,רבלון,MX,רב.צל.קולורסטיי,יחידה,1.00,יחידה,false,0,62.30,62.30,true,1,
309977948057,false,עפרון גבות קולורסטיי225,רבלון,US,עפרון גבות קולור,יחידה,1.00,יחידה,false,0,70.80,70.80,true,1,
309978358046,false,עפרון עיניים 2ב104-1,רבלון,IL,עפרון עיניים,יחידה,1.00,יחידה,false,0,61.40,61.40,true,1,
309978392156,false,שפתון אולטימייט סוויד 15,רבלון,US,שפתון אולטימייט,יחידה,1.00,יחידה,false,0,64.00,64.00,true,1,
309978392552,false,שפתון אולטימייט סוויד 55,רבלון,US,שפתון אולטימייט,יחידה,1.00,יחידה,false,0,64.00,64.00,true,1,
309978392804,false,שפתון אולטימייט סוויד 80,רבלון,US,שפתון אולטימייט,יחידה,1.00,יחידה,false,0,64.00,64.00,true,1,
309978431503,false,מייק אפ קולורסטיי2ב370-1,רבלון,IL,מייק אפ קולורסטי,יחידה,1.00,יחידה,false,0,93.00,93.00,true,1,
309978535027,false,צללית קולורסטיי505 יח',רבלון,IL,צללית קולורסטיי5,יחידה,1.00,יחידה,false,0,52.90,52.90,true,1,
309978683049,false,קנדיד קונסילר 015 יח',רבלון,US,קנדיד קונסילר15,יחידה,1.00,יחידה,false,1,44.30,44.30,true,1,
309978992028,false,קנדיד מייק אפ 250 יח',רבלון,US,קנדיד מייק אפ250,יחידה,1.00,יחידה,false,1,55.50,55.50,true,1,
309978992097,false,קנדיד מייק אפ 240 יח',רבלון,US,קנדיד מייק אפ240,יחידה,1.00,יחידה,false,1,55.50,55.50,true,1,
309979014019,false,מסקרה LENGHT SUPER שחור,רבלון,IL,SUPER מסקרה,יחידה,1.00,יחידה,false,0,67.40,67.40,true,1,
309979380022,false,שפתון ק.סטיי אוברטיים020,רבלון,US,שפתון ק.סטיי אוב,יחידה,1.00,יחידה,false,0,62.30,62.30,true,1,
309979380145,false,שפתון ק.סטיי אוברטיים014,רבלון,US,שפתון ק.סטיי אוב,יחידה,1.00,יחידה,false,0,62.30,62.30,true,1,
309979380220,false,שפתון ק.סטיי אוברטיים220,רבלון,US,שפתון ק.סטיי אוב,יחידה,1.00,יחידה,false,0,62.30,62.30,true,1,
309979380268,false,שפתון ק.סטיי אוברטיים026,רבלון,US,שפתון ק.סטיי אוב,יחידה,1.00,יחידה,false,0,62.30,62.30,true,1,
309979380282,false,שפתון ק.סטיי אוברטיים280,רבלון,US,שפתון ק.סטיי אוב,יחידה,1.00,יחידה,false,0,62.30,62.30,true,1,
309979380329,false,שפתון ק.סטיי אוברטיים032,רבלון,US,שפתון ק.סטיי אוב,יחידה,1.00,יחידה,false,0,62.30,62.30,true,1,
309979380343,false,שפתון ק.סטיי אוברטיים340,רבלון,US,שפתון ק.סטיי אוב,יחידה,1.00,יחידה,false,0,62.30,62.30,true,1,
309979380367,false,שפתון ק.סטיי אוברטיים036,רבלון,US,שפתון ק.סטיי אוב,יחידה,1.00,יחידה,false,0,62.30,62.30,true,1,
309979380381,false,שפתון ק.סטיי אוברטיים038,רבלון,US,שפתון ק.סטיי אוב,יחידה,1.00,יחידה,false,0,62.30,62.30,true,1,
309979380428,false,שפתון ק.סטיי אוברטיים042,רבלון,US,שפתון ק.סטיי אוב,יחידה,1.00,יחידה,false,0,62.30,62.30,true,1,
309979380466,false,שפתון ק.סטיי אוברטיים046,רבלון,US,שפתון ק.סטיי אוב,יחידה,1.00,יחידה,false,0,62.30,62.30,true,1,
309979380527,false,שפתון ק.סטיי אוברטיים270,רבלון,US,שפתון ק.סטיי אוב,יחידה,1.00,יחידה,false,0,62.30,62.30,true,1,
309979380541,false,שפתון ק.סטיי אוברטיים370,רבלון,US,שפתון ק.סטיי אוב,יחידה,1.00,יחידה,false,0,62.30,62.30,true,1,
309979632329,false,שפתון סופר לסטרוס 463יח,רבלון,US,שפתון סופר לסטרו,יחידה,1.00,יחידה,false,1,44.30,44.30,true,1,
607710004733,false,פריימר קלאסי לעור מושלם,סמאש בוקס,US,פריימר קלאסי לעו,מיליליטרים,30.00,"100 מ""ל",false,0,149.50,498.33,true,1,
607710030381,false,עפרון עיניים שמחדד את עצ,סמאש בוקס,DE,עפרון עיניים שמח,יחידה,1.00,יחידה,false,0,89.70,89.70,true,1,
607710050549,false,מייק אפ עמיד עד ל24- שעו,סמאש בוקס,BE,מייק אפ עמיד עד,מיליליטרים,30.00,"100 מ""ל",false,0,67.50,225.00,true,1,
607710065024,false,מברשת מייק-אפ לטשטוש,סמאש בוקס,US,מברשת מייק-אפ לט,יחידה,1.00,יחידה,false,0,141.00,141.00,true,1,
607710075641,false,פלטת קונטור וסמקים CALI,סמאש בוקס,US,פלטת קונטור וסמק,יחידה,1.00,יחידה,false,0,179.40,179.40,true,1,
607710085770,false,פריימר לנטרול שומן וברק,,US,פריימר לנטרול שו,מיליליטרים,30.00,"100 מ""ל",false,1,149.50,498.33,true,1,
607710088634,false,שפתון מאט יח',,IL,שפתון מאט,יחידה,1.00,יחידה,false,1,102.50,102.50,true,1,
607710099166,false,עפרון שפתיים פריימר יח',,DE,עפרון שפתיים פרי,יחידה,1.00,יחידה,false,1,85.40,85.40,true,1,
608940535387,false,פנסי אדפ אשה 100מל,,US,פנסי אדפ,מיליליטרים,100.00,"100 מ""ל",false,0,110.20,110.20,true,1,
608940543313,false,"ריהאנה רייבל פלור א.ד.פ 100 מ""ל",אלפא בישום,US,Fleur Reb'l לאשה,מיליליטרים,100.00,"100 מ""ל",false,0,84.60,84.60,true,1,
608940565056,false,גולד ראש אדפ אשה100מל,,US,גולד ראש אדפ,מיליליטרים,100.00,"100 מ""ל",false,0,110.20,110.20,true,1,
608940570470,false,בלאק בולד אדט לגבר100מל,,US,בלאק בולד אדט,מיליליטרים,100.00,"100 מ""ל",false,0,110.20,110.20,true,1,
608940574706,false,"רבל פלור לאב אלוויז אדפ 100 מ""ל - ריהאנה",,US,ALWAYS LOVE RRF,מיליליטרים,100.00,"100 מ""ל",false,1,84.60,84.60,true,1,
608940575307,false,פלטינום ראש אדפ אשה100מל,,US,פלטינום ראש אדפ,מיליליטרים,100.00,"100 מ""ל",false,0,110.20,110.20,true,1,
608940577752,false,רוז ראש פרגרנס מיסט236מל,,US,רוז ראש,מיליליטרים,236.00,"100 מ""ל",false,0,33.30,14.11,true,1,
608940578643,false,פנסי פוראבר אדפ אשה100מל,,US,פנסי פוראבר אדפ,מיליליטרים,100.00,"100 מ""ל",false,0,110.20,110.20,true,1,
608940580561,false,פינק ראש אדפ אשה100מל,,US,פינק ראש אדפ,מיליליטרים,100.00,"100 מ""ל",false,0,110.20,110.20,true,1,
608940583845,false,בילי אייליש אדפ100מל,,US,Eilish Billieאדפ,מיליליטרים,100.00,"100 מ""ל",false,1,170.00,170.00,true,1,
608940583890,false,"בילי אייליש מארז לאישה 100 מ""ל",,US,בילי אייליש אדפ,מיליליטרים,110.00,"100 מ""ל",false,1,212.80,193.45,true,1,
651080153515,false,פלקרס חוט דנטלי לילדים 30 יח,דנטלון,CN,קיסם עם חוט,יחידה,1.00,יחידה,false,1,11.50,11.50,true,1,
651080161510,false,פלקרס פולסר לשיניים צפופות-מנטה 35 יחידו,מיוצר עי קונדיטוריית,CN,קיסם עם חוט,יחידה,1.00,יחידה,false,1,11.50,11.50,true,1,
651080366519,false,פלקרס פלוסר כפול טווין ליין,דנטלון,CN,פלאקרס טווין ליי,יחידה,1.00,יחידה,false,0,11.00,11.00,true,1,
651080647519,false,קיסמים עם חוט דנטלי פלאקרס מנטה 35 יחידות,"פלקרס רנור ארה""ב",US,קיסם עם חוט,יחידה,1.00,יחידה,false,1,11.50,11.50,true,1,
667538086151,false,"פיור סדקשין בודי מיסט לאישה 250 מ""ל - ויקטוריה סיקרט",ויקטוריה סיקרט,US,בודי ספריי,מיליליטרים,250.00,"100 מ""ל",false,1,50.40,20.16,true,1,
667538086236,false,"ויקטוריה סיקרט - בודי מיסט טמפטיישן 250 מ""ל",ויקטוריה סיקרט,US,טמפטיישן פרגרנס,מיליליטרים,250.00,"100 מ""ל",false,1,50.40,20.16,true,1,
667538582028,false,"ויקטוריה סיקרט - בודי מיסט אקווה קיס 250 מ""ל",ויקטוריה סיקרט,US,אקווה קיס,מיליליטרים,250.00,"100 מ""ל",false,1,50.40,20.16,true,1,
667547946903,false,"ו.סיקריט בודי ספריי קוזי לייפ 250 מ""ל",ויקטוריה סיקרט,US,דאט קוזי פרגרנס,מיליליטרים,250.00,"100 מ""ל",false,1,50.40,20.16,true,1,
667547946927,false,"ו.סיקריט א.חדשה בודי ספרי לט סטיי אין 250 מ""ל",ויקטוריה סיקרט,FR,לטס סטיי אין,מיליליטרים,250.00,"100 מ""ל",false,1,50.40,20.16,true,1,
667548083614,false,פלירט לייק אן אנג'ל אישה,ויקטוריה סיקרט,US,פלירט לייק אן אנ,מיליליטרים,250.00,"100 מ""ל",false,1,50.40,20.16,true,1,
667548083645,false,"ויקטוריה סיקרט - בודי ספריי ספארקל לייק אנג'ל 250 מ""ל",ויקטוריה סיקרט,FR,ספארק לייק אן אנ,מיליליטרים,250.00,"100 מ""ל",false,1,50.40,20.16,true,1,
667548099158,false,"מיי גוף ספריי לאב ספל ויקטוריה סיקרט - 250 מ""ל",ויקטוריה סיקרט,IL,לאב ספל פרגרנס,מיליליטרים,250.00,"100 מ""ל",false,1,50.40,20.16,true,1,
667548099165,false,"ו.סיקרט בודי ספריי ולווט פטלס 250מ""ל",ויקטוריה סיקרט,IL,ולווט פטאלס,מיליליטרים,250.00,"100 מ""ל",false,1,50.40,20.16,true,1,
667548099219,false,"מיי גוף ספריי אמבר רומנס ויקטוריה סיקרט - 250 מ""ל",ויקטוריה סיקרט,IL,אמבר רומנס,מיליליטרים,250.00,"100 מ""ל",false,1,50.40,20.16,true,1,
667548800501,false,"ו.סיקרט בודי ספריי רומנטיק 250מ""ל",ויקטוריה סיקרט,US,רומנטיק פרגרנס,מיליליטרים,250.00,"100 מ""ל",false,1,50.40,20.16,true,1,
667548879347,false,"ויקטוריה סיקרט - בודי ספריי אקווה קיס 250 מ""ל",ויקטוריה סיקרט,US,אקווה קיס פרגרנ,מיליליטרים,250.00,"100 מ""ל",false,1,50.40,20.16,true,1,
667548879354,false,"מיי גוף ספריי לאב אדיקט ויקטוריה סיקרט - 250 מ""ל",ויקטוריה סיקרט,FR,לאב אדיקט,מיליליטרים,250.00,"100 מ""ל",false,1,50.40,20.16,true,1,
667549011562,false,"מיי גוף ספריי ראש ויקטוריה סיקרט - 250 מ""ל",ויקטוריה סיקרט,IL,ראש פרגרנס,מיליליטרים,250.00,"100 מ""ל",false,1,50.40,20.16,true,1,
667554199941,false,טמפטיישן פרגרנס מיסט250מ,,US,טמפטיישן פרגרנס,מיליליטרים,250.00,"100 מ""ל",false,0,42.60,17.04,true,1,
690251063284,false,הוניסאקל&דאונה 100מל,,GB,הוניסאקל דאוונה,מיליליטרים,100.00,"100 מ""ל",false,0,511.90,511.90,true,1,
690251080991,false,פאוני אנד בלאש סוויי100מ,,GB,פאוני אנד בלאש ס,מיליליטרים,100.00,"100 מ""ל",false,1,511.90,511.90,true,1,
693102130289,false,צללית קרם STARS FIVE יח,,US,צללית קרם FIVE,יחידה,1.00,יחידה,false,1,63.20,63.20,true,1,
693102130296,false,צללית נוזלית יח',,IL,צללית נוזלית,יחידה,1.00,יחידה,false,1,50.40,50.40,true,1,
693102160330,false,Up Snuggle סומק היילטר י,,IL,Up Snuggle סומק,יחידה,1.00,יחידה,false,1,132.40,132.40,true,1,
693102350076,false,היילייטר-סטאר איילנד,OFRA,US,היילייטר-סטאר א.,יחידה,1.00,יחידה,false,0,139.20,139.20,true,1,
693102350212,false,RIVER DUO BRONZER יח',,IL,RIVE DUO BRONZER,יחידה,1.00,יחידה,false,1,139.20,139.20,true,1,
693102500495,false,שפתון נוזלי-מוקה יח',OFRA,US,שפתון-מוקה,יחידה,1.00,יחידה,false,0,76.00,76.00,true,1,
693102530782,false,Long Of Set Wanted Most,,IL,Set Wanted Most,יחידה,1.00,יחידה,false,1,126.50,126.50,true,1,
693102800113,false,Palette Soul פלטה יח',,IL,Palette Soul פלט,יחידה,1.00,יחידה,false,1,239.30,239.30,true,1,
693102800229,false,פלטה צלליות והיילטרים יח,,IL,פלטה צלליות והיי,יחידה,1.00,יחידה,false,1,115.30,115.30,true,1,
693102800359,false,מארז חגיגי פלטת היילטרים,,IL,פלטת 5 היילטרים,יחידה,1.00,יחידה,false,1,191.40,191.40,true,1,
693493017282,false,מברשת איפור 01 יח',,IL,מברשת איפור 01,יחידה,1.00,יחידה,false,1,94.00,94.00,true,1,
693493017299,false,מברשת איפור 02 יח',,IL,מברשת איפור 02,יחידה,1.00,יחידה,false,1,111.10,111.10,true,1,
693493017305,false,מברשת איפור 03 יח',,IL,מברשת איפור 03,יחידה,1.00,יחידה,false,1,68.30,68.30,true,1,
693493017312,false,מברשת איפור 04 יח',,IL,מברשת איפור 04,יחידה,1.00,יחידה,false,1,68.30,68.30,true,1,
693493017480,false,קונטור 03 יח',,IL,קונטור 03,יחידה,1.00,יחידה,false,1,115.30,115.30,true,1,
693493017527,false,שימר 03 יח',,IL,שימר 03,יחידה,1.00,יחידה,false,1,115.30,115.30,true,1,
693493017589,false,אודם עמיד EXPOSED ERY,,IL,אודם עמיד EX ERY,יחידה,1.00,יחידה,false,1,76.90,76.90,true,1,
693493017596,false,אודם עמיד בגוון CHE VERY,,IL,אודם עמיד בגוון,יחידה,1.00,יחידה,false,1,76.90,76.90,true,1,
693493017633,false,אודם עמיד GORGEOUS VERY,,IL,אודם עמיד G VERY,יחידה,1.00,יחידה,false,1,76.90,76.90,true,1,
693493017695,false,אודם עמיד SASSY VERY,,IL,אודם עמיד S VERY,יחידה,1.00,יחידה,false,1,76.90,76.90,true,1,
693493017831,false,ברונזר מספר 04 יח',,IL,ברונזר מספר 04,יחידה,1.00,יחידה,false,1,115.30,115.30,true,1,
693493017879,false,קרם דה לקרם Gemini יח',,IL,קרם דה לקרם Gemi,יחידה,1.00,יחידה,false,1,85.40,85.40,true,1,
693493017909,false,DROPS MAGIC יח',,IL,DROPS MAGIC,יחידה,1.00,יחידה,false,1,85.40,85.40,true,1,
693493017916,false,SKIN MY כרית מיקרופייבר,,IL,SKIN MY כרית מיק,יחידה,1.00,יחידה,false,1,76.90,76.90,true,1,
693493017923,false,SKIN MY באלם להסרת איפור,,IL,SKIN MY באלם להס,יחידה,1.00,יחידה,false,1,115.30,115.30,true,1,
693493017930,false,SKIN MY סבון קצף,,IL,SKIN MY סבון קצף,יחידה,1.00,יחידה,false,1,94.00,94.00,true,1,
693493018029,false,פודרה GLOW BANANA יח',,IL,פודרה GLO BANANA,יחידה,1.00,יחידה,false,1,132.40,132.40,true,1,
693493053440,false,"LEGEND א.ד.ט לגבר 100 מ""",מונבלאן,,LEGEND אדט לגבר,מיליליטרים,100.00,"100 מ""ל",false,1,254.00,254.00,true,1,
693493053457,false,"אנג'ל לאשה א.ד.פ 50 מ""ל",טרי מוגלר,IL,בושם אנג'ל לאשה,מיליליטרים,50.00,"100 מ""ל",false,1,238.40,476.80,true,1,
693493053488,false,Poudree Narciso א.ד.פ100,,IL,Rodrigue Narciso,מיליליטרים,100.00,"100 מ""ל",false,1,255.50,255.50,true,1,
693493053495,false,נרסיסו פלור מאסק אדפ100מ,,IL,נרסיסו פלור מאסק,מיליליטרים,100.00,"100 מ""ל",false,1,255.50,255.50,true,1,
693493053518,false,"אליאן א.ד.פ לאשה 60 מ""ל",,IL,אליאן א.ד.פ,מיליליטרים,60.00,"100 מ""ל",false,1,229.90,383.17,true,1,
693493053587,false,פירסט אינסטינקט אדט100מ,,FR,פירסט אינסטינקט,מיליליטרים,100.00,"100 מ""ל",false,1,135.80,135.80,true,1,
693493053655,false,"פור הום אדט 125 מ""ל",,IL,פור הום אדט,מיליליטרים,125.00,"100 מ""ל",false,1,332.40,265.92,true,1,
693493053662,false,INTENSO א.ד.פ לגבר 125,,IL,INTENSO א.ד.פ לג,מיליליטרים,125.00,"100 מ""ל",false,1,212.80,170.24,true,1,
693493053679,false,one the א.ד.ט לגבר 100מל,,IL,one the א.ד.ט לג,מיליליטרים,100.00,"100 מ""ל",false,1,212.80,212.80,true,1,
693493053754,false,"EMBLEM א.ד.ט לגבר 100 מ""",,IL,EMBLEM אדט לגבר,מיליליטרים,100.00,"100 מ""ל",false,1,254.00,254.00,true,1,
693493053761,false,אמבלם אינטס אדט 100מל,,IL,INTENS EMBLEM אד,מיליליטרים,100.00,"100 מ""ל",false,1,139.00,139.00,true,1,
693493053778,false,"אמבלם אבסולו 100 מ""ל",,IL,אמבלם אבסולו,מיליליטרים,100.00,"100 מ""ל",false,1,139.00,139.00,true,1,
693493053853,false,"אקווה מרין אדט 100 מ""ל",,IL,אקווה מרין אדט,מיליליטרים,100.00,"100 מ""ל",false,1,341.00,341.00,true,1,
693493053921,false,נרסיסיו פור הר פלור מאסק,פרסטיג' שיסיידו,FR,נרסיסיו פור הר פ,מיליליטרים,150.00,"100 מ""ל",false,1,341.00,227.33,true,1,
693493053938,false,"נרסיסיו רוג 90 מ""ל",,IL,נרסיסיו רוג,מיליליטרים,90.00,"100 מ""ל",false,1,238.40,264.89,true,1,
693493053990,false,נרסיסו פור הים בלו נואר,נרסיסו רדריגז,IL,נרסיסו פור הים ב,מיליליטרים,100.00,"100 מ""ל",false,1,238.40,238.40,true,1,
693493054058,false,קלואה לוב סטורי אדפ א75מ,,IL,בושם קלואה,מיליליטרים,75.00,"100 מ""ל",false,1,417.90,557.20,true,1,
693493054072,false,euphoria intense א.ד.ט 1,קלווין קליין,IL,euphoria intense,מיליליטרים,100.00,"100 מ""ל",false,1,169.20,169.20,true,1,
693493054300,false,"מרצדס סלקט אדט 100 מ""ל",,IL,מרצדס סלקט אדט,מיליליטרים,100.00,"100 מ""ל",false,1,129.00,129.00,true,1,
693493054324,false,מרסדס מון סטאר ג אדט100מ,,IL,מרסדס מון סטאר א,מיליליטרים,100.00,"100 מ""ל",false,1,129.00,129.00,true,1,
693493054416,false,LONDON BURBERRY אדפ 100,,IL,LONDON BURBERRY,מיליליטרים,100.00,"100 מ""ל",false,1,253.80,253.80,true,1,
693493057943,false,א.ד.פ ONE ONLY THE 100 מ,נרסיסו רדריגז,IL,א.ד.פ O ONLY THE,מיליליטרים,100.00,"100 מ""ל",false,1,255.50,255.50,true,1,
693493057950,false,"ONE2 ONLY THE 100 מ""ל",,IL,ONE2 ONLY THE,מיליליטרים,100.00,"100 מ""ל",false,1,255.50,255.50,true,1,
693493058155,false,דולצ'ה דה וואן רויאל ניי,,IL,דולצ'ה דה וואן ר,מיליליטרים,150.00,"100 מ""ל",false,1,255.50,170.33,true,1,
693493058179,false,דולצ'ה דה וואן רויאל ניי,,IL,דולצ'ה דה וואן ר,מיליליטרים,150.00,"100 מ""ל",false,1,272.60,181.74,true,1,
697045161546,false,"ג'ל רחצה 200 מ""ל",,IL,"ג'ל רחצה 200 מ""ל",מיליליטרים,200.00,"100 מ""ל",false,1,34.10,17.05,true,1,
697045161652,false,"קרם לילה 50 מ""ל",,IL,קרם לילה,מיליליטרים,50.00,"100 מ""ל",false,1,50.40,100.80,true,1,
697045161669,false,"ג'ל ניקוי 100 מ""ל",,IL,ג'ל ניקוי,מיליליטרים,100.00,"100 מ""ל",false,1,33.30,33.30,true,1,
714324102233,false,"24 קראט אדט 75 מ""ל",ג'יוואגו,IL,24 קראט אדט,מיליליטרים,75.00,"100 מ""ל",false,0,277.70,370.27,true,1,
714324205101,false,24 קראט אפטר שייב100מל,ג'יוואגו,IL,24 קראט אפטר שיי,מיליליטרים,100.00,"100 מ""ל",false,0,164.10,164.10,true,1,
714324600227,false,"סוזנה אדפ לאשה 100 מ""ל",ג'יוואגו,IL,סוזנה אדפ,מיליליטרים,100.00,"100 מ""ל",false,0,317.00,317.00,true,1,
714324800207,false,"חלומות מתוקים לאישה א.ד.פ 100 מ""ל",ג'יוואגו,IL,חלומות מתוקים,מיליליטרים,100.00,"100 מ""ל",false,0,358.10,358.10,true,1,
714324901218,false,ג'יוואגו גולדן מייק אפ,,CN,ג'יוואגו גולדן,יחידה,1.00,יחידה,false,1,170.00,170.00,true,1,
714324901232,false,Gold Magnetic א.ד.פ לגבר,ג'יוואגו,IL,Gold Magnetic,מיליליטרים,100.00,"100 מ""ל",false,0,329.00,329.00,true,1,
714324901256,false,"מאוהב אדפ 100מ""ל",ג'יוואגו,IL,מאוהב אדפ100,מיליליטרים,100.00,"100 מ""ל",false,0,329.00,329.00,true,1,
714324901263,false,זהב טהור א.אדפ100,ג'יוואגו,IL,זהב טהור א.אדפ,מיליליטרים,100.00,"100 מ""ל",false,0,336.00,336.00,true,1,
714324901294,false,"גולדן אלמנטס לאישה 100 מ""ל או דו פארפיום",ג'יוואגו,IL,Elements Golden,מיליליטרים,100.00,"100 מ""ל",false,0,409.40,409.40,true,1,
714324901300,false,קרם גוף חלומות מתוק150מל,ג'יוואגו,IL,קרם גוף חלומות מ,מיליליטרים,150.00,"100 מ""ל",false,0,101.70,67.80,true,1,
714324901324,false,"קרם גוף יוניסקס 150 מ""ל וניל טהור",ג'יוואגו,IL,קרם וניל טהור,מיליליטרים,150.00,"100 מ""ל",false,0,84.60,56.40,true,1,
714324901331,false,"קרם גוף יוניסקס 150 מ""ל קשר רומנטי",ג'יוואגו,IL,קרם גוף קשר רומנ,מיליליטרים,150.00,"100 מ""ל",false,0,84.60,56.40,true,1,
714324901355,false,קרם גוף עינב משולם,ג'יוואגו,IL,קרם גוף עינב משו,מיליליטרים,150.00,"100 מ""ל",false,0,84.60,56.40,true,1,
714324901379,false,קרם גוף וניל מלכות 150מל,ג'יוואגו,IL,קרם גוף וניל מלכ,מיליליטרים,150.00,"100 מ""ל",false,0,84.60,56.40,true,1,
714324901393,false,"קרם גוף אהבה 150 מ""ל",ג'יוואגו,IL,קרם גוף אהבה,מיליליטרים,150.00,"100 מ""ל",false,1,84.60,56.40,true,1,
714324901430,false,"גולדן סנסט אדפ 100 מ""ל",לילית בישום,FR,גולדן סנסט אדפ,מיליליטרים,100.00,"100 מ""ל",false,1,341.00,341.00,true,1,
714324901478,false,"סטטוס לאשה 100 מ""ל",,FR,סטטוס לאשה,מיליליטרים,100.00,"100 מ""ל",false,1,255.50,255.50,true,1,
714324901522,false,סט גולדן אלמנטס גבר מארז,,FR,סט גולדן אלמנטס,יחידה,1.00,יחידה,false,1,315.30,315.30,true,1,
714324901539,false,סט גולדן אלמנטס לאישה יח,,FR,סט גולדן אלמנטס,יחידה,1.00,יחידה,false,1,426.50,426.50,true,1,
714324901614,false,מגנטיק גולד שחור אדפ100מ,,FR,מגנטיק גולד שחור,מיליליטרים,100.00,"100 מ""ל",false,1,383.70,383.70,true,1,
714324901638,false,"סטטוס שחור לגבר 100 מ""ל",,FR,סטטוס שחור לגבר,מיליליטרים,100.00,"100 מ""ל",false,1,255.50,255.50,true,1,
714324901645,false,"סטטוס רוז א.ד.פ 100 מ""ל",,FR,סטטוס רוז א.ד.פ,מיליליטרים,100.00,"100 מ""ל",false,1,255.50,255.50,true,1,
719346065405,false,"פנטזי בריטני ספירס א.ד.פ 100 מ""ל Britney Spears Fantasy",בריטני ספירס BRITNEY SPEARS,US,fantasy א.ד.פ,מיליליטרים,100.00,"100 מ""ל",false,0,84.60,84.60,true,1,
719346094665,false,"מידנייט פנטזי אדפ לאישה 100 מ""ל - בריטני ספירס",אלפא בישום,US,מידנייט פנטזי,מיליליטרים,100.00,"100 מ""ל",false,0,84.60,84.60,true,1,
719346565868,false,פנטזי אינטנס אדפ 100 מל,,FR,פנטזי אינטנס אד,מיליליטרים,100.00,"100 מ""ל",false,1,152.90,152.90,true,1,
730870175248,false,"רוזה אקסלסה 75 מ""ל",דולצ'ה&גב.שסטוב,IL,רוזה אקסלסה,מיליליטרים,75.00,"100 מ""ל",false,0,429.00,572.00,true,1,
737052041353,false,"פאם אדפ לאישה 75 מ""ל - הוגו בוס",לילית-בוס,GR,Femme א.ד.פ.,מיליליטרים,75.00,"100 מ""ל",false,0,187.10,249.47,true,1,
737052351100,false,"בוטלד אדט לגבר 100 מ""ל - הוגו בוס",קוטי HFC,GR,בוס בוטלד,מיליליטרים,100.00,"100 מ""ל",false,0,235.00,235.00,true,1,
737052352060,false,"בוטלד נייט אדט לגבר 100 מ""ל - הוגו בוס",קוטי HFC,GR,בוס בוטלד נייט ג,מיליליטרים,90.00,"100 מ""ל",false,0,229.90,255.44,true,1,
763511009817,false,"DELICIOUS BE אדפ 50 מ""ל",דונה קארן,CH,DELICIOUS BE אדפ,מיליליטרים,50.00,"100 מ""ל",false,1,168.30,336.60,true,1,
768614102021,false,"ZEN א.ד.פ לאשה 100 מ""ל",שיסיידו בישום,IL,ZEN א.ד.פ לאשה,מיליליטרים,100.00,"100 מ""ל",false,0,366.60,366.60,true,1,
783320402739,false,בולגרי בלב לגבר אדט100מל,,IL,בולגרי בלב,מיליליטרים,100.00,"100 מ""ל",false,1,349.50,349.50,true,1,
783320403897,false,"ווד נארולי 100 מ""ל",,IT,ווד נארולי,מיליליטרים,100.00,"100 מ""ל",false,1,366.60,366.60,true,1,
783320911521,false,"AQVA א.ד.ט לגבר100 מ""ל",אלפא בישום,IL,AQVA א.ד.ט לגבר,מיליליטרים,100.00,"100 מ""ל",false,0,255.50,255.50,true,1,
783320922565,false,אומניה קריסטלין אדט 65מל,אלפא בישום,IT,CRYSTALLIN OMNIA,מיליליטרים,65.00,"100 מ""ל",false,1,306.80,472.00,true,1,
788434106757,false,וואן חטיף דונטס מייפל 60 גרם,מדיטרנד,US,חטיף וואן דונטס,גרמים,60.00,100 גרם,false,0,16.10,26.83,true,1,
788434107501,false,ONE חטיף חלבון רול קינמון 60 גרם,מדיטרנד,US,חטיף וואן רול קי,גרמים,60.00,100 גרם,false,0,16.10,26.83,true,1,
788434108379,false,חטיף חלבון וואן קרם עוגיות 60 גרם,בלמונט קונפקשנס,US,חטיף וואן קרם עו,גרמים,60.00,100 גרם,false,0,16.10,26.83,true,1,
788434108515,false,חטיף חלבון וואן ללא גלוטן בטעם שוקולד בראוניז,מדיטרנד,US,חטיף וואן שוקולד,גרמים,60.00,100 גרם,false,0,16.10,26.83,true,1,
810905034440,false,מחליק טיטניום RAW צבעוני,,IL,מחליק טיטניום RA,יחידה,1.00,יחידה,false,1,375.20,375.20,true,1,
810905034662,false,"קרם תלתלים 400 מ""ל",,IL,קרם תלתלים,מיליליטרים,400.00,"100 מ""ל",false,1,76.00,19.00,true,1,
810905036826,false,Perfect Strand מחליק קרמ,,IL,Perfect Strand מ,יחידה,1.00,יחידה,false,1,298.20,298.20,true,1,
810905037335,false,RAW -מחליק טיטניום גולמי,,IL,RAW -מחליק טיטני,יחידה,1.00,יחידה,false,1,409.40,409.40,true,1,
810905039018,false,מסלסל גלים יח',,IL,מסלסל גלים,יחידה,1.00,יחידה,false,1,383.70,383.70,true,1,
812256020301,false,"אריאנה גראנדה אריי א.ד.פ 100 מ""ל",,IL,אריאנה גרנדה אדפ,מיליליטרים,100.00,"100 מ""ל",false,1,170.00,170.00,true,1,
812256021674,false,"אריאנה גרנדה ARI(א) בודי ספריי 236מ""ל",,US,ארי בודי מיסט לא,מיליליטרים,236.00,"100 מ""ל",false,1,42.60,18.05,true,1,
812256021711,false,"אריאנה גראנדה סוויט לייק קנדי א.ד.פ 100 מ""ל",,IL,סוויט לייק קנדי,מיליליטרים,100.00,"100 מ""ל",false,1,170.00,170.00,true,1,
812256022381,false,"אריאנה גרנדה SWEET LIKE CANDY(א) בודי ספריי 236מ""ל",,US,סוויט לייק קנדי,מיליליטרים,236.00,"100 מ""ל",false,1,42.60,18.05,true,1,
812256022480,false,אריאנה גראנדה מונליט100מ,,IL,אריאנה גראנדה מו,מיליליטרים,100.00,"100 מ""ל",false,1,170.00,170.00,true,1,
812256023289,false,"אריאנה גראנדה קלאוד א.ד.פ 100 מ""ל",,IL,אריאנה גראנדה קל,מיליליטרים,100.00,"100 מ""ל",false,1,238.40,238.40,true,1,
812256024194,false,קלאוד פרגרנס מיסט236מל,,US,קלאוד פרגרנס מיס,מיליליטרים,236.00,"100 מ""ל",false,1,42.60,18.05,true,1,
812256025269,false,"אריאנה גרנדה THANK U NEXT(א) בודי ספריי 236מ""ל",,US,NEXT U THANK,מיליליטרים,236.00,"100 מ""ל",false,1,42.60,18.05,true,1,
812256025467,false,"אריאנה גרנדה REM(א) אדפ 100מ""ל",,US,R.E.M אדפ,מיליליטרים,100.00,"100 מ""ל",false,1,272.60,272.60,true,1,
812256028475,false,גאד איז אה וומן אדפ100מל,,US,גאד איז אה וומן,מיליליטרים,100.00,"100 מ""ל",false,1,341.00,341.00,true,1,
815151020711,false,מסלסל אמיקה 25 ממ יח',,IL,מסלסל אמיקה 25 מ,יחידה,1.00,יחידה,false,1,383.70,383.70,true,1,
815151024849,false,"סרום מגן חום 100 מ""ל",,IL,סרום מגן חום,מיליליטרים,100.00,"100 מ""ל",false,1,152.90,152.90,true,1,
815151025488,false,"דריי שמפו 232 מ""ל",,IL,דריי שמפו 232 מ,מיליליטרים,232.00,"100 מ""ל",false,1,84.60,36.47,true,1,
815151025686,false,נומוקור שמפו לשיער 300 מ,,IL,נומוקור שמפו לשי,מיליליטרים,300.00,"100 מ""ל",false,1,84.60,28.20,true,1,
815151025716,false,נומוקור מרכך לשיער 300 מ,,IL,נומוקור מרכך לשי,מיליליטרים,300.00,"100 מ""ל",false,1,76.00,25.33,true,1,
815151025747,false,ספריי ברוקלין בומשל 200מ,,IL,bombshe Brooklyn,מיליליטרים,200.00,"100 מ""ל",false,1,93.10,46.55,true,1,
815151025778,false,"מוס נפח 251 מ""ל",,IL,מוס נפח,מיליליטרים,251.00,"100 מ""ל",false,1,93.10,37.09,true,1,
815151026027,false,"ספריי מגן לחות 223 מ""ל",,IL,ספריי מגן לחות,מיליליטרים,223.00,"100 מ""ל",false,1,93.10,41.75,true,1,
815151026034,false,"ספריי מגן מלחות 42 מ""ל",,IL,ספריי מגן מלחות,מיליליטרים,42.00,"100 מ""ל",false,1,38.40,91.43,true,1,
815151026041,false,"שמפו אנטי פריז 300מ""ל",,IL,שמפו אנטי פריז,מיליליטרים,300.00,"100 מ""ל",false,1,84.60,28.20,true,1,
815151027000,false,מחליק אינפרא רד יח',,IL,מחליק אינפרא רד,יחידה,1.00,יחידה,false,1,554.70,554.70,true,1,
839762002386,false,"איילנד גויאבה בקבוק 350 מ""ל","פאראגאלה,דה אג'יפשן",EG,איילנד גויאבה,מיליליטרים,350.00,"100 מ""ל",false,0,5.90,1.69,true,1,
840117803725,false,דיפיוזר הקסם אמיקה יח',,US,דיפיוזר הקסם אמי,יחידה,1.00,יחידה,false,1,84.60,84.60,true,1,
840117804135,false,מיני מחליק טיטניום ורוד,,IL,מיני מחליק טיטני,יחידה,1.00,יחידה,false,1,153.80,153.80,true,1,
840117804197,false,מסכה לשיקום אינטנסיבי 58,,IL,מסכה לשיקום אינט,גרמים,580.00,100 גרם,false,1,152.90,26.36,true,1,
840117804654,false,"סרום מגן חום OB 50 מ""ל",,IL,סרום מגן חום OB,מיליליטרים,50.00,"100 מ""ל",false,1,93.10,186.20,true,1,
840117804685,false,מיני מסלסל ורוד מסטיק Mi,,IL,מיני מסלסל ורוד,יחידה,1.00,יחידה,false,1,153.80,153.80,true,1,
840117805583,false,מחליק קרמי ורוד מסטיק,,IL,מחליק קרמי ורוד,יחידה,1.00,יחידה,false,1,298.20,298.20,true,1,
840117805699,false,"שמפו לנפח 275 מ""ל",HMS,US,שמפו לנפח,מיליליטרים,275.00,"100 מ""ל",false,1,84.60,30.76,true,1,
840117805736,false,שמפו לשיקום השיער 275 מל,HMS,US,שמפו לשיקום השיע,מיליליטרים,275.00,"100 מ""ל",false,1,93.10,33.85,true,1,
840117805743,false,מרכך לשיקום השיער 275 מל,HMS,US,מרכך לשיקום השיע,מיליליטרים,275.00,"100 מ""ל",false,1,84.60,30.76,true,1,
840117806085,false,מחליק טיטניום גולמי ורוד,,IL,מחליק טיטניום גו,יחידה,1.00,יחידה,false,1,409.40,409.40,true,1,
840117807976,false,Brush Blow מברשת פן חשמל,,IL,Brush Blow מברשת,יחידה,1.00,יחידה,false,1,400.80,400.80,true,1,
841058006633,false,"אדג' ג'יל גילוח מועשר בשיבולת שועל 198 מ""ל",אנרג'ייזר,US,ג'ל גילוח,מיליליטרים,200.00,"100 מ""ל",false,1,16.00,8.00,true,1,
842185115205,false,Anothe13 Labo Leאדפ100מל,,US,Anothe - Labo Le,מיליליטרים,100.00,"100 מ""ל",false,1,1187.10,1187.10,true,1,
850018802215,false,טיפול אינטנסיבי 155מל,,US,טיפול אינטנסיבי,מיליליטרים,155.00,"100 מ""ל",false,0,127.30,82.13,true,1,
850018802239,false,שמפו סילבר לשיקום 250 מל,,US,שמפו סילבר לשיקו,מיליליטרים,250.00,"100 מ""ל",false,1,127.30,50.92,true,1,
850018802291,false,אולפלקס סרום שיערמס9 90מ,OLAPLEX,US,סרום מזין לשיער,מיליליטרים,90.00,"100 מ""ל",false,1,152.90,169.89,true,1,
850278004039,false,בונדי סנד כפפה רב פעמית למריחת מוצרי שיז,לילית,CN,כפפה רב פעמית,יחידה,1.00,יחידה,false,1,21.30,21.30,true,1,
850278004046,false,בונדי סנד מוס לשיזוף עצמי בניחוח קוקוס ג,לילית,AU,מוס לשיזוף עצמי,מיליליטרים,200.00,"100 מ""ל",false,1,76.90,38.45,true,1,
861940000006,false,"ג'סיקה מקלינטוק א.ד.פ 100 מ""ל",,US,ג'סיקה מקלינטוק,מיליליטרים,100.00,"100 מ""ל",false,1,93.10,93.10,true,1,
874034010447,false,וורם קוטון אדפ לאשה60מל,,US,וורם קוטון אדפ ל,מיליליטרים,60.00,"100 מ""ל",false,1,187.10,311.83,true,1,
874034010478,false,"סקין אדפ לאישה 60 מ""ל",,US,סקין אדפ לאישה,מיליליטרים,60.00,"100 מ""ל",false,1,187.10,311.83,true,1,
887167014350,false,WEAR DOUBLE מייק אפ 2W2,אסתי לאודר,BE,מייק אפ 2W2,מיליליטרים,30.00,"100 מ""ל",false,0,200.80,669.33,true,1,
887167014367,false,WEAR DOUBLE מייק אפ 3W1,אסתי לאודר,BE,מייק אפ 3W1,מיליליטרים,30.00,"100 מ""ל",false,0,84.60,282.00,true,1,
887167014374,false,WEAR DOUBLE מייק אפ 4N2,אסתי לאודר,BE,מייק אפ 4N2,מיליליטרים,30.00,"100 מ""ל",false,0,84.60,282.00,true,1,
887167016750,false,שפתון פיור קולור אנבי130,אסתי לאודר,BE,שפתון 130,יחידה,1.00,יחידה,false,0,136.70,136.70,true,1,
887167142534,false,אסתי לאודר נייט וור קרם לילה 50 מל,אסתי לאודר,US,Nightwear קרם,מיליליטרים,50.00,"100 מ""ל",false,0,239.30,478.60,true,1,
887167178687,false,WEAR DOUBLE מייק אפ 2N2,אסתי לאודר,BE,מייק דאבל וור,מיליליטרים,30.00,"100 מ""ל",false,1,200.80,669.33,true,1,
887167178694,false,א.לאודר D.Wמייק אפ 3W1.5,אסתי לאודר,BE,WEAR DOUBLEמייק,מיליליטרים,30.00,"100 מ""ל",false,1,200.80,669.33,true,1,
887167188877,false,משאבה למייק אפ דאבל וור,אסתי לאודר,FR,משאבה למייק אפ ד,יחידה,1.00,יחידה,false,0,42.70,42.70,true,1,
887167222960,false,אסתי לאודר אמפולות אדוונס נייט ריפר,אסתי לאודר,BE,אדוונס נייט ריפר,יחידה,1.00,יחידה,false,0,512.80,512.80,true,1,
887167332041,false,WEAR DOUBLE מייק אפ 2C3,אסתי לאודר,FR,מייק אפ דאבל ווא,מיליליטרים,30.00,"100 מ""ל",false,1,200.80,669.33,true,1,
887167332249,false,WEAR DOUBLE מייק אפ 2C1,אסתי לאודר,IL,מייק אפ 2C1,מיליליטרים,30.00,"100 מ""ל",false,0,200.80,669.33,true,1,
887167332287,false,WEAR DOUBLE מייק אפ 4N2,אסתי לאודר,IL,מייק אפ 4N2,מיליליטרים,30.00,"100 מ""ל",false,0,200.80,669.33,true,1,
887167350694,false,WEAR DOUBLE מייק אפ 3W1,אסתי לאודר,IL,מייק אפ 3W1,מיליליטרים,30.00,"100 מ""ל",false,0,200.80,669.33,true,1,
887167353060,false,מייק אפ דאבל וואר 3C2 15,אסתי לאודר,BE,מייקאפ דאבל וואר,מיליליטרים,15.00,"100 מ""ל",false,1,72.60,484.00,true,1,
887167368644,false,אסתי לאודר רזיליאנס מולטי אפקט קרם לחות,אלקליל,GB,קרם לחות לפנים ו,מיליליטרים,30.00,"100 מ""ל",false,1,282.00,940.00,true,1,
887167369856,false,setblurfnh פודרה TR יח',אסתי לאודר,US,setblurfnh פודרה,יחידה,1.00,יחידה,false,1,188.00,188.00,true,1,
887167383548,false,Liquid Paint-On שפתון,אסתי לאודר,IT,שפתון Paint-On,יחידה,1.00,יחידה,false,1,136.70,136.70,true,1,
887167383647,false,Liquid On Paint שפתון,אסתי לאודר,IT,On Paint שפתון,יחידה,1.00,יחידה,false,1,136.70,136.70,true,1,
887167388505,false,אסתי לאודר די וור - קרם לחות בעל מקדם הג,קליניק,BR,די וור קרם לחות,מיליליטרים,50.00,"100 מ""ל",false,1,226.50,453.00,true,1,
887167449787,false,פיקס קונסילר WA LIGHT 1W,קליניק,BE,פיקס קונסילר 1W,מיליליטרים,12.00,"100 מ""ל",false,1,115.30,960.83,true,1,
887167449800,false,פיקס קונסילר W MEDIUM 3W,קליניק,BE,פיקס קונסילר 3W,מיליליטרים,12.00,"100 מ""ל",false,1,115.30,960.83,true,1,
887167451025,false,פיקס קונסילר N MEDIUM 3N,קליניק,BE,פיקס קונסילר 3N,מיליליטרים,12.00,"100 מ""ל",false,1,115.30,960.83,true,1,
887167455443,false,סט קרם רזיליאנס מולטי אפ,,IL,סט קרם רזיליאנס,יחידה,1.00,יחידה,false,1,256.40,256.40,true,1,
887167455467,false,אדוונס נייט ריפר ורויטלי,,FR,אדוונס נייט ריפר,יחידה,1.00,יחידה,false,1,264.90,264.90,true,1,
887167461024,false,קונסילר Radiant בגוון 2C,קליניק,IT,קונסילר Radiant,מיליליטרים,10.00,"100 מ""ל",false,1,119.60,1196.00,true,1,
887167466746,false,מייק-אפ San 1W2 Futurist,,FR,מייק-אפ Futurist,מיליליטרים,35.00,"100 מ""ל",false,1,196.50,561.43,true,1,
887167485471,false,אסתי אדוונס נייט ריפר סרום מתקדם 30 מל,אלקליל,US,סרום תיקון מתקדם,מיליליטרים,30.00,"100 מ""ל",false,1,299.10,997.00,true,1,
887167485488,false,אסתי אדוונס נייט ריפר סרום מתקדם 50 מל,אלקליל,US,סרום תיקון מתקדם,מיליליטרים,50.00,"100 מ""ל",false,1,444.40,888.80,true,1,
887167533257,false,"מייק-אפ בגימור מאט 30מ""ל",אסתי לאודר,BE,מייק אפ מאט,מיליליטרים,30.00,"100 מ""ל",false,0,200.80,669.33,true,1,
887167539525,false,אסתי לאודר סופרים+ קרם לחות לפנים 75 מל,אסתי לאודר,US,קרם לחות לפנים,מיליליטרים,75.00,"100 מ""ל",false,1,547.00,729.33,true,1,
887167539532,false,אסתי לאודר סופרים+ קרם לחות לפנים 50 מל,אסתי לאודר,GB,קרם לחות לפנים,מיליליטרים,50.00,"100 מ""ל",false,1,444.40,888.80,true,1,
887167539563,false,אסתי לאודר סופרים+ קרם לחות אנטי אייגינג,אסתי לאודר,GB,קרם אנטיאייגינג,מיליליטרים,50.00,"100 מ""ל",false,1,444.40,888.80,true,1,
887167540170,false,שפתון במרקם מוס,,BE,שפתון במרקם מוס,יחידה,1.00,יחידה,false,0,136.70,136.70,true,1,
887167554887,false,אסתי אדוונס נייט ריפר קרם עיניים 15 מל,אלקליל,GB,Night Advancedקר,מיליליטרים,15.00,"100 מ""ל",false,1,282.00,1880.00,true,1,
887167565692,false,Goddess Bronze מדיום יח',,US,Goddess Bronze מ,יחידה,1.00,יחידה,false,1,213.60,213.60,true,1,
887167565715,false,Goddess Bronze דיפ 04 יח,,US,Goddess Bronze ד,יחידה,1.00,יחידה,false,1,213.60,213.60,true,1,
887167617513,false,תיק מתנה 4 פריטים .,אסתי לאודר,CN,תיק מתנה 4 פריטי,יחידה,1.00,יחידה,false,1,41.80,41.80,true,1,
887167620018,false,בלוק באסטר 2022 מארז,אסתי לאודר,CN,בלוק באסטר,יחידה,1.00,יחידה,false,1,486.30,486.30,true,1,
888066002523,false,PATCHOULI WHITE אשה100מ,,US,WHITE FORD TOM,מיליליטרים,100.00,"100 מ""ל",false,1,585.40,585.40,true,1,
888066035392,false,EXTREME NOIR אדפ גבר100מ,,CH,EXTREME NOIR אדפ,מיליליטרים,100.00,"100 מ""ל",false,1,585.40,585.40,true,1,
888066075145,false,"אומברה לדר אדפ יוניסקס 100 מ""ל - טום פורד",,US,ED LEATHER OMBRE,מיליליטרים,100.00,"100 מ""ל",false,1,585.40,585.40,true,1,
888066089289,false,"מטאליק אדפ 100 מ""ל",,IL,מטאליק אדפ,מיליליטרים,100.00,"100 מ""ל",false,1,688.00,688.00,true,1,
889809001339,false,גלאם גלואו מסכה למיצוק והידוק העור 15גרם,גלאם גלואו,US,מסכה לטיפול מטהר,גרמים,15.00,100 גרם,false,1,72.60,484.00,true,1,
889809002312,false,גלאם גלואו לחות מגה מלחלחת ניוד גלואו,גלאם גלואו,US,גלו סטאר לחות Nu,גרמים,50.00,100 גרם,false,1,152.90,305.80,true,1,
889809002619,false,גלאם גלואו מסכה לטיפול מטהר 50 גרם,גלאם גלואו,US,מסכה לטיפול מטהר,גרמים,50.00,100 גרם,false,1,178.60,357.20,true,1,
889809002633,false,מסכה מבהירה לעור זוהר 50,גלאם גלואו,US,מסכה מבהירה לעור,גרמים,50.00,100 גרם,false,1,178.60,357.20,true,1,
889809003036,false,גלאם גלואו ספריי לקיבוע איפור 110 מל,גלאם גלואו,US,ספריי לקיבוע איפ,מיליליטרים,110.00,"100 מ""ל",false,1,111.10,101.00,true,1,
889809006648,false,גלאם גלואו מסכה לטיפול מטהר 100 גרם,גלאם גלואו,US,מסכה לטיפול מטהר,גרמים,100.00,100 גרם,false,1,255.50,255.50,true,1,
889809007805,false,גלאם גלואו מי פנים מרוכזים 200 מל,גלאם גלואו,US,מי פנים מרוכזים,מיליליטרים,200.00,"100 מ""ל",false,1,132.40,66.20,true,1,
889809008086,false,גלאם גלואו קרם עיניים 15 מל,גלאם גלואו,US,קרם עיניים להבהר,מיליליטרים,15.00,"100 מ""ל",false,1,144.40,962.67,true,1,
889809009045,false,גלאם גלואו מסכת בוץ לטיפול אנטי אייגינג,גלאם גלואו,US,מסיכת בוץ אנטי א,גרמים,15.00,100 גרם,false,1,72.60,484.00,true,1,
896364002695,false,"שמן לשיער 7 30 מ""ל",,US,שמן לשיער 7,מיליליטרים,30.00,"100 מ""ל",false,1,127.30,424.33,true,1,
896364002749,false,"משכלל שיער מספר 3 100 מ""",,US,משכלל שיער מספר,מיליליטרים,100.00,"100 מ""ל",false,1,127.30,127.30,true,1,
896364002756,false,שמפו טיפולי לשיער250מל,,US,שמפו טיפולי לכל,מיליליטרים,250.00,"100 מ""ל",false,1,127.30,50.92,true,1,
896364002763,false,מרכך לשיקום השיער250מל,,US,מרכך לשיקום כל ס,מיליליטרים,250.00,"100 מ""ל",false,1,127.30,50.92,true,1,
896364002947,false,מסכת לחות אינטנסיבי100מל,,US,מסכת לחות אינטנס,מיליליטרים,100.00,"100 מ""ל",false,1,127.30,127.30,true,1,
896364002961,false,אולפלקס קרם שיער מ6 100מ,OLAPLEX,US,קרם משקם לקצוות,מיליליטרים,100.00,"100 מ""ל",false,1,127.30,127.30,true,1,
3014260007836,false,מברשת שיניים אורל בי פרו פלקס,פרוקטר אנד גמבל,ES,מברשת שינים בי,יחידה,1.00,יחידה,false,1,25.50,25.50,true,1,
3014260100636,false,מברשת שיניים אורל בי לילדים 0-2,פרוקטר אנד גמבל,IE,מברשת שיניים,יחידה,1.00,יחידה,false,1,11.80,11.80,true,1,
3014260201753,false,סכיני גילוח ג'ילט בלו 2 להבים - מארז 5 יח',פרוקטר אנד גמבל,PL,"סכיני גילוח ח""פ",יחידה,1.00,יחידה,false,0,11.00,11.00,true,1,
3014260228842,false,"קצף גילוח ג'ילט לעור רגיל 200 מ""ל",מולינו ניקולי s.p.a,GB,קצף גילוח ג'ילט,מיליליטרים,200.00,"100 מ""ל",false,0,12.70,6.35,true,1,
3014260240226,false,"קצף גילוח ג'ילט לעור רגיש 200 מ""ל",פרוקטר אנד גמבל,GB,קצף גילוח ג'ילט,מיליליטרים,200.00,"100 מ""ל",false,0,12.70,6.35,true,1,
3014260243531,false,גילט מאך 3 סכיני גילוח 4 יחידות חדש,פרוקטר אנד גמבל,PL,סכיני גילוח מא,יחידה,1.00,יחידה,false,0,50.30,50.30,true,1,
3014260262709,false,סכיני גילוח לאישה 3 להבים,ג'ילט ונוס Gillette Venus,DE,סכיני גילוח ונ,יחידה,1.00,יחידה,false,0,42.60,42.60,true,1,
3014260283254,false,סכיני גילוח חד פעמי בלו 2 פלוס *5,פרוקטר & גמבל,IL,"סכיני גילוח ח""פ",יחידה,1.00,יחידה,false,0,11.00,11.00,true,1,
3014260289287,false,סכין גילוח גילט בלו 2 לנשים-חמישייה,פרוקטר אנד גמבל,RU,סכיני גילוח,יחידה,1.00,יחידה,false,0,13.50,13.50,true,1,
3014260836665,false,אורל בי פרו אקספרט להגנה מקיפה 35 רך זוג,פרוקטר אנד גמבל,IE,מברשת אורל בי,יחידה,1.00,יחידה,false,1,29.80,29.80,true,1,
3030050150292,false,מייבש שיער + ערכת טיפוח,,CN,מייבש שיער + ערכ,יחידה,1.00,יחידה,false,1,213.50,213.50,true,1,
3059944021197,false,"ויט קרם להסרת שיער לעור רגיש (אריזת חיסכון) 400 מ""ל",רקיט בנקיזר צרפת,FR,מסיר שיער ויט,מיליליטרים,400.00,"100 מ""ל",false,0,51.20,12.80,true,1,
3059944025003,false,Veet רצועות שעווה לעור רגיל אריזת חיסכון (20 יח'),רקיט בנקיזר צרפת,FR,20רצועות שעווה,יחידה,1.00,יחידה,false,1,42.60,42.60,true,1,
3137370357476,false,"נינה א.ד.ט לאשה 80 מ""ל",PUIG בישום,ES,נינה א.ד.ט לאשה,מיליליטרים,80.00,"100 מ""ל",false,1,196.50,245.63,true,1,
3141360054405,false,פיניש מפיץ ריח למדיח בניחוח לימון וליים,הדקלאים אגודת שיתופי,HU,מפיץ ריח למדיח,יחידה,1.00,יחידה,false,1,9.30,9.30,true,1,
3145891057300,false,"שאנל5 דאו' ספריי 100 מ""ל",שאנל בישום,IL,שאנל5 דאו' ספריי,מיליליטרים,100.00,"100 מ""ל",false,0,179.40,179.40,true,1,
3145891071108,false,בלו דה שאנל א.ש.בל. 100,שאנל בישום,IL,בלו דה שאנל א.ש.,מיליליטרים,100.00,"100 מ""ל",false,0,222.20,222.20,true,1,
3145891071702,false,בלו דה שאנל פרפיום 50,,IL,בלו דה שאנל פרפי,מיליליטרים,50.00,"100 מ""ל",false,1,431.60,863.20,true,1,
3145891071801,false,"שאנל בלו פרפיום* (ג) 100 מ""ל",שאנל בישום,FR,בלו דה שאנל פרפי,מיליליטרים,100.00,"100 מ""ל",false,1,580.30,580.30,true,1,
3145891071900,false,"בלו דה שאנל פיור פרפיום לגבר 150 מ""ל- שאנל",שאנל בישום,FR,PARFUM BLUE,מיליליטרים,150.00,"100 מ""ל",false,1,691.40,460.93,true,1,
3145891073508,false,"בלו דה שאנל ג.אדפ 50 מ""ל",שאנל בישום,IL,בלו דה שאנל ג.אד,מיליליטרים,50.00,"100 מ""ל",false,0,346.10,692.20,true,1,
3145891073607,false,"שאנל בלו (ג) א.ד.פ 100 מ""ל",שאנל בישום,FR,CHANEL DE BLEU,מיליליטרים,100.00,"100 מ""ל",false,1,482.90,482.90,true,1,
3145891073706,false,"שאנל בלו (ג) א.ד.פ 150 מ""ל",שאנל בישום,IL,בלו דה שאנל ג.אד,מיליליטרים,150.00,"100 מ""ל",false,0,580.30,386.87,true,1,
3145891079302,false,בלו דה שאנל דאו גבר100מ,שאנל בישום,IL,בלו דה שאנל ג.דא,מיליליטרים,100.00,"100 מ""ל",false,0,153.80,153.80,true,1,
3145891135305,false,"CHANEL COCO אדפ 100 מ""ל",שאנל בישום,FR,CHANEL COCO אדפ,מיליליטרים,100.00,"100 מ""ל",false,1,588.80,588.80,true,1,
3145891136609,false,"קוקו נואר א.אדפ 100מ""ל",שאנל בישום,IL,קוקו נואר א.אדפ,מיליליטרים,100.00,"100 מ""ל",false,0,588.80,588.80,true,1,
3145891162608,false,קוקו מדמואזל לאו פרי100מ,,IL,קוקו מדמואזל לאו,מיליליטרים,100.00,"100 מ""ל",false,1,503.40,503.40,true,1,
3145891165203,false,שאנל מדמוזאל א.ד.פ (א) 100 מ''ל,שאנל,US,קוקו מדמוזל שאנל,מיליליטרים,100.00,"100 מ""ל",false,1,588.80,588.80,true,1,
3145891165708,false,"שאנל מדמוזל א.ד.פ 200 מ""ל",שאנל בישום,IL,קוקו מדמואזל אדפ,מיליליטרים,200.00,"100 מ""ל",false,0,940.10,470.05,true,1,
3145891166606,false,"קוקו שאנל מדמוזאל אינטנס - א.ד.פ 100 מ""ל",שאנל בישום,IL,קוקו מדמואזל אינ,מיליליטרים,100.00,"100 מ""ל",false,1,611.10,611.10,true,1,
3145891168303,false,קוקו מדמואזל קרם גוף 150,שאנל בישום,IL,קוקו מדמואזל קרם,גרמים,150.00,100 גרם,false,0,329.00,219.33,true,1,
3145891169454,false,קוקו מדמואזל תחליב גוף20,שאנל בישום,IL,קוקו מדמואזל תחל,מיליליטרים,200.00,"100 מ""ל",false,0,229.90,114.95,true,1,
3145891235609,false,אלור ספורט ג.אדט100,שאנל בישום,IL,אלור ספורט ג.אדט,מיליליטרים,100.00,"100 מ""ל",false,0,482.90,482.90,true,1,
3145891236408,false,"אלור הום ספורט 150 מ""ל",שאנל בישום,IL,אלור הום ספורט,מיליליטרים,150.00,"100 מ""ל",false,0,503.40,335.60,true,1,
3145891244601,false,EGOISTE PLATINUMאדט100,שאנל בישום,FR,EGOISTE PLATINUM,מיליליטרים,100.00,"100 מ""ל",false,1,435.00,435.00,true,1,
3145891262605,false,EDP TENDRE EAU CHANCE 1,,FR,TENDR EAU CHANCE,מיליליטרים,100.00,"100 מ""ל",false,1,588.80,588.80,true,1,
3145891263206,false,"שאנל צ'אנס טנדר א.ד.ט 100 מ""ל",שאנל בישום,IL,שאנל צאנס או טנד,מיליליטרים,100.00,"100 מ""ל",false,0,503.40,503.40,true,1,
3145891265200,false,"שאנל צ'אנס (א) א.ד.פ 100 מ""ל",שאנל בישום,FR,CHANEL CHANCE,מיליליטרים,100.00,"100 מ""ל",false,1,588.80,588.80,true,1,
3145891265606,false,"צ'אנס או ויו אדט 100מ""ל",שאנל בישום,IL,צ'אנס או ויו אדט,מיליליטרים,100.00,"100 מ""ל",false,0,503.40,503.40,true,1,
3145891297300,false,"אלור סנסואל א.אדפ 100מ""ל",שאנל בישום,IL,אלור סנסואל א.אד,מיליליטרים,100.00,"100 מ""ל",false,0,588.80,588.80,true,1,
3145891364200,false,"שאנל צ'אנס א.ד.פ ירוק פריץ' 100 מ""ל",שאנל בישום,IL,צ'אנס או פראש אד,מיליליטרים,100.00,"100 מ""ל",false,0,503.40,503.40,true,1,
3147755503152,false,"קרם נוטריקס 125מ""ל",לנקום,IL,קרם נוטריקס,מיליליטרים,125.00,"100 מ""ל",false,0,383.70,306.96,true,1,
3147758014709,false,לנקום בוקאז דאו קרם,לנקום,IL,בוקז' דאורדורנט,מיליליטרים,50.00,"100 מ""ל",false,0,85.40,170.80,true,1,
3147758029383,false,Miracle א.ד.פ לאשה 100מל,לנקום בישום,,Miracle א.ד.פ,מיליליטרים,100.00,"100 מ""ל",false,0,332.40,332.40,true,1,
3147758029390,false,"מיריקל לאשה אדפ 50 מ""ל",לנקום בישום,IL,מיריקל לאשה אדפ,מיליליטרים,50.00,"100 מ""ל",false,0,246.10,492.20,true,1,
3147758030297,false,לנקום קונפורט טוניק מ.פנים 400 מל,General,FR,אבסולו סופט,מיליליטרים,400.00,"100 מ""ל",false,1,204.20,51.05,true,1,
3147758155112,false,Poeme אדפ ספריי אשה100מל,לנקום,FR,Poeme אדפ ספריי,מיליליטרים,100.00,"100 מ""ל",false,0,332.40,332.40,true,1,
3147758180510,false,עיניים קוהל ווטרפרוף 01,לנקום,IL,עיניים קוהל ווטר,יחידה,1.00,יחידה,false,0,110.20,110.20,true,1,
3147758185010,false,מסקרה דפניסילס 01,לנקום,IL,מסקרה דפניסילס01,יחידה,1.00,יחידה,false,0,135.00,135.00,true,1,
3147758235500,false,"Hypnose א.ד.פ 75 מ""ל",לנקום בישום,FR,Hypnose א.ד.פ,מיליליטרים,75.00,"100 מ""ל",false,1,315.30,420.40,true,1,
3274870162565,false,"rougs xerus אדט 100 מ""ל",אלפא בישום,FR,rougs xerus אדט,מיליליטרים,100.00,"100 מ""ל",false,1,289.70,289.70,true,1,
3274872274464,false,דליה דיווין אדפ 75 מל,ג'יבנשי בישום,IL,דליה דיווין אדפ,מיליליטרים,75.00,"100 מ""ל",false,0,423.00,564.00,true,1,
3274872299498,false,קנזו.גבר אדט100מל,אלפא בישום,IL,קנזו.ג.אדט100,מיליליטרים,100.00,"100 מ""ל",false,0,315.30,315.30,true,1,
3274872372153,false,"לאינטדריט ג'יבנשי 80 מ""ל",,FR,לאינטדריט,מיליליטרים,80.00,"100 מ""ל",false,1,358.10,447.62,true,1,
3274872389816,false,"ג'יבנשי ג'נטלמן אדט 100 מ""ל לגבר",,IL,גיבנשי ג'נטלמן א,מיליליטרים,100.00,"100 מ""ל",false,1,247.00,247.00,true,1,
3274872389977,false,אורגנזה אדפ 100 מל,,FR,Organza א.ד.פ לא,מיליליטרים,100.00,"100 מ""ל",false,1,238.40,238.40,true,1,
3274872411692,false,לאינטרדי אינטנס80 מל,ג'יבנשי בישום,FR,לאינטרדי אינטנס,מיליליטרים,80.00,"100 מ""ל",false,1,375.20,469.00,true,1,
3274872428058,false,ROUGE L'INTERDIT אדפ80מל,ג'יבנשי בישום,FR,ל'אינטרדי רוז',מיליליטרים,80.00,"100 מ""ל",false,1,366.60,458.25,true,1,
3274872441040,false,ג'נטלמן א.ד.ט לגבר 100מ,,FR,GENTLEMEN א.ד.ט,מיליליטרים,100.00,"100 מ""ל",false,1,281.10,281.10,true,1,
3274872441057,false,"גנטלמן אדפ בואיזה לגבר 100 מ""ל",,FR,ג'נטלמן בואיזה,מיליליטרים,100.00,"100 מ""ל",false,1,392.30,392.30,true,1,
3274878122561,false,"AMARIGE אדט 100 מ""ל",אלפא בישום,FR,AMARIGE אדט,מיליליטרים,100.00,"100 מ""ל",false,1,281.10,281.10,true,1,
3300020157560,false,חייאתי אדפ יוניסקס 100מל,,AE,חייאתי אדפ,מיליליטרים,100.00,"100 מ""ל",false,1,315.30,315.30,true,1,
3346130013501,false,"הרמס אדפ 200 מ""ל",,FR,"הרמס אדפ 200 מ""ל",מיליליטרים,200.00,"100 מ""ל",false,1,682.90,341.45,true,1,
3346131400003,false,D'hermes Terre אדט100מל,רוסמן-קוסמטיקה,FR,D'hermes Terre,מיליליטרים,100.00,"100 מ""ל",false,0,315.30,315.30,true,1,
3346132301149,false,"זיור אדט לאישה 90 מ""ל",,FR,זיור אדט לאישה,מיליליטרים,90.00,"100 מ""ל",false,1,333.30,370.33,true,1,
3346470132672,false,"שאנז אליזה אדפ 100 מ""ל",,IL,שאנז אליזה אדפ,מיליליטרים,100.00,"100 מ""ל",false,1,298.20,298.20,true,1,
3348900417878,false,דיור ז'אדור (א) א.ד.פ 100 מ''ל,כריסטיאן דיור,FR,בושם ז'אדור,מיליליטרים,100.00,"100 מ""ל",false,0,501.70,501.70,true,1,
3348900606715,false,פיור פויזן א.ד,,FR,פיור פויזן א.ד,מיליליטרים,100.00,"100 מ""ל",false,0,491.40,491.40,true,1,
3348900662636,false,דיור הום ג.אדט 100מל,סולארוויו קוסמט,IL,דיור הום ג.אדט10,מיליליטרים,100.00,"100 מ""ל",false,0,332.40,332.40,true,1,
3348900871991,false,דיור בלומינג בוקאט 100מל,כריסטיאן דיור,FR,בלומינג בוקאט,מיליליטרים,100.00,"100 מ""ל",false,0,418.70,418.70,true,1,
3348901001120,false,הום אינטנס אדפ לגבר 150מ,,IL,הום אינטנס אדפ ל,מיליליטרים,150.00,"100 מ""ל",false,1,464.10,309.40,true,1,
3348901192231,false,"דיור היפנוטיק פויזן (א) א.ד.פ 100 מ""ל",,IL,היפנוטיק פיוזו א,מיליליטרים,100.00,"100 מ""ל",false,1,511.90,511.90,true,1,
3348901250146,false,"דיור סוואג' א.ד.ט 100 מ""ל",,FR,SAUVAGE Dior,מיליליטרים,100.00,"100 מ""ל",false,1,358.90,358.90,true,1,
3348901300049,false,"מיס דיור אבסולו 100 מ""ל",כ.דיור בישום,IL,מיס דיור אבסולו.,מיליליטרים,100.00,"100 מ""ל",false,0,491.40,491.40,true,1,
3348901321129,false,"דיור סוואג' א.ד.ט 200 מ""ל",,IL,סובאזי אדט לגבר,מיליליטרים,200.00,"100 מ""ל",false,1,554.70,277.35,true,1,
3348901368247,false,"דיור סוואג' א.ד.פ 100 מ""ל",,FR,סובאג' אדפ,מיליליטרים,100.00,"100 מ""ל",false,1,414.50,414.50,true,1,
3348901419147,false,"דיור הום אדט 100 מ""ל",,FR,דיור הום אדט,מיליליטרים,100.00,"100 מ""ל",false,1,392.30,392.30,true,1,
3348901428545,false,"סוואג' דיור - א.ד.פ 200 מ""ל",,IL,סובאזי אדפ 200 מ,מיליליטרים,200.00,"100 מ""ל",false,1,597.40,298.70,true,1,
3348901486385,false,"דיור סוואג' *פרפיום 100 מ""ל",כריסטיאן דיור,FR,SAUVAGE פרפיום,מיליליטרים,100.00,"100 מ""ל",false,0,521.20,521.20,true,1,
3348901571456,false,"מיס דיור אדפ 100 מ""ל",כריסטיאן דיור,FR,מיס דיור אדפ,מיליליטרים,100.00,"100 מ""ל",false,1,531.60,531.60,true,1,
3349666007921,false,וואן מיליון One Million א.ד.ט לגבר,פאקו רבאן Paco Rabanne,IL,MILLION 1 א.ד.ט,מיליליטרים,100.00,"100 מ""ל",false,0,255.50,255.50,true,1,
3349666010518,false,אולטרא ויולט אדט 100 מל,לילית בישום,FR,אולטרא ויולט אדט,מיליליטרים,100.00,"100 מ""ל",false,0,239.30,239.30,true,1,
3349668508488,false,MILLION Lady א.ד.פ אשה50,PUIG בישום,IL,MILLION Lady,מיליליטרים,50.00,"100 מ""ל",false,0,256.40,512.80,true,1,
3349668508587,false,MILLION Lady א.ד.פ לאשה,PUIG בישום,IL,MILLION Lady,מיליליטרים,80.00,"100 מ""ל",false,0,315.30,394.13,true,1,
3349668515660,false,"אינוויקטוס Invictus א.ד.ט לגבר 100 מ""ל",פאקו רבאן Paco Rabanne,FR,INVICTUS א.ד.ט,מיליליטרים,100.00,"100 מ""ל",false,0,315.30,315.30,true,1,
3349668555062,false,"בלאק אקסס אדפ 100 מ""ל",,FR,בלאק אקסס אדפ,מיליליטרים,80.00,"100 מ""ל",false,1,320.50,400.63,true,1,
3349668566372,false,"ONE מיליון 200 מ""ל",לילית בישום,FR,ONE מיליון,מיליליטרים,200.00,"100 מ""ל",false,1,367.50,183.75,true,1,
3349668568093,false,"אולימפייה א.אדפ50 מ""ל",,IL,OLYMPEA א.ד.פ,מיליליטרים,50.00,"100 מ""ל",false,1,273.50,547.00,true,1,
3349668579839,false,"ואן מיליון אדפ 100 מ""ל",,IL,ואן מיליון אדפ,מיליליטרים,100.00,"100 מ""ל",false,1,306.80,306.80,true,1,
3349668582297,false,PHANTOM א.ד.ט לגבר 100מל,,FR,PHANTOM א.ד.ט לג,מיליליטרים,100.00,"100 מ""ל",false,1,324.70,324.70,true,1,
3349668588732,false,VICTORY INVICTUS אדפ100מ,,FR,VICTORY INVICTUS,מיליליטרים,100.00,"100 מ""ל",false,1,316.20,316.20,true,1,
3349668594412,false,PACO RABANNE - FAME EDP 80ML WOMEN,PUIG בישום,FR,FAME א.ד.פ לאשה,מיליליטרים,80.00,"100 מ""ל",false,1,384.60,480.75,true,1,
3349668594429,false,"FAME א.ד.פ לאשה50מ""ל",PUIG בישום,FR,FAME אדפ אישה,מיליליטרים,50.00,"100 מ""ל",false,1,286.30,572.60,true,1,
3349668607907,false,1 מליון א.ד.ט לגבר מארז,PUIG בישום,FR,1 מליון א.ד.ט לג,יחידה,1.00,יחידה,false,1,256.40,256.40,true,1,
3349668608218,false,סט million ladyאדפ+תחליב,PUIG בישום,FR,million lady סט,יחידה,1.00,יחידה,false,1,256.40,256.40,true,1,
3351500011469,false,"azzarro אדט 200 מ""ל",,FR,azzarro אדט,מיליליטרים,200.00,"100 מ""ל",false,1,281.20,140.60,true,1,
3351500011476,false,"אזארו אדט 100 מ""ל",,FR,azzarro אדט,מיליליטרים,100.00,"100 מ""ל",false,1,195.70,195.70,true,1,
3351500018185,false,ארנק אזארו יח',,FR,ארנק אזארו,יחידה,1.00,יחידה,false,1,17.00,17.00,true,1,
3352818518800,false,פלאוור ביי קנזו א.אדפ100,קנזו,IL,פלאוור ביי קנזו,מיליליטרים,50.00,"100 מ""ל",false,0,349.50,699.00,true,1,
3355991003019,false,"סילבר סנט אינטנס אדט לגבר 100 מ""ל - בוגארט",ג'קוס בוגרט JACQUES BOGART,FR,INT SCENT SILVER,מיליליטרים,100.00,"100 מ""ל",false,0,110.20,110.20,true,1,
3355991004597,false,בוגארט (ג) סילבר סנט דיפ אדט 100מל,אלפא בישום,FR,scent silver,מיליליטרים,100.00,"100 מ""ל",false,1,84.60,84.60,true,1,
3355991004672,false,INTENSE SCENT SILVER גבר,בוגרט בישום,IL,SCENT SILVER,מיליליטרים,200.00,"100 מ""ל",false,0,195.70,97.85,true,1,
3355991004689,false,בוגרט סטורי גרין ג100.מל,בוגרט בישום,IL,בוגרט סטורי גרין,מיליליטרים,100.00,"100 מ""ל",false,0,127.30,127.30,true,1,
3360372058878,false,אקווה דה ג'יו ג.אדט100,לנקום בישום,IL,Gio Di Acqua גבר,מיליליטרים,100.00,"100 מ""ל",false,1,255.50,255.50,true,1,
3360372078500,false,"אקווה דה ג'יאו אדט לגבר 200 מ""ל - ג'ורג'יו ארמני",לנקום בישום,FR,Gio Di Acqua אדט,מיליליטרים,200.00,"100 מ""ל",false,1,426.50,213.25,true,1,
3360373016358,false,"נועה אדט לאישה 100 מ""ל - קאשרל",קשארל,FR,NOA א.ד.ט ספריי,מיליליטרים,100.00,"100 מ""ל",false,0,209.40,209.40,true,1,
3360373063680,false,קשארל אמור אמור א.ד.ט 100 מ''ל,קשארל,FR,AMOR AMOR א.ד.ט,מיליליטרים,100.00,"100 מ""ל",false,0,209.40,209.40,true,1,
3360374000059,false,פלאוור בומב א.אדפ100מל,ויקטור&רולף,IL,פלאוור בומב א.אד,מיליליטרים,100.00,"100 מ""ל",false,0,492.30,492.30,true,1,
3360374533205,false,קשארל אנאיס א.ד.ט 100 מ''ל,לנקום בישום,FR,Anais Anais אדט,מיליליטרים,100.00,"100 מ""ל",false,1,209.40,209.40,true,1,
3360375006432,false,"ארמני קוד אדט לגבר 125 מ""ל - ג'ורג'יו ארמני",לנקום בישום,FR,Code Armani אדט,מיליליטרים,125.00,"100 מ""ל",false,1,341.00,272.80,true,1,
3360377002968,false,ROMANCE א.ד.פ לאשה,אלפא בישום,US,ROMANCE א.ד.פ לא,מיליליטרים,100.00,"100 מ""ל",false,1,315.30,315.30,true,1,
3360377022928,false,BLUE POLO א.ד.ט לגבר 125,לנקום בישום,US,BLUE POLO א.ד.ט,מיליליטרים,125.00,"100 מ""ל",false,1,264.90,211.92,true,1,
3360377032767,false,Black Polo לגבר אדט125מל,לנקום בישום,IL,Black Polo לגבר,מיליליטרים,125.00,"100 מ""ל",false,1,238.40,190.72,true,1,
3365440003866,false,"קורוס אדט 100 מ""ל",לנקום בישום,FR,KOUROS אדט,מיליליטרים,100.00,"100 מ""ל",false,1,306.80,306.80,true,1,
3365440316560,false,l'homme א.ד.ט לגבר 100מל,לנקום בישום,FR,l'homme א.ד.ט,מיליליטרים,100.00,"100 מ""ל",false,1,298.20,298.20,true,1,
3365440375079,false,l'hmme nuit la אדט 100מל,לנקום בישום,FR,l'hmme nuit la,מיליליטרים,100.00,"100 מ""ל",false,1,289.70,289.70,true,1,
3386460032681,false,"לג'נד אדט לגבר 100 מ""ל - מונט בלאנק",מונט בלנק MONT BLANC,FR,LEGEND אדט לגבר,מיליליטרים,100.00,"100 מ""ל",false,1,254.00,254.00,true,1,
3386460032735,false,מונבלאנק לג'נד דאוסטיק 75,רבלון בישום,FR,מונבלאנק לג'נד ד,מיליליטרים,75.00,"100 מ""ל",false,0,42.60,56.80,true,1,
3386460036429,false,בושרון פיור הום אדפ100מל,,IL,בושרון אדפ,מיליליטרים,100.00,"100 מ""ל",false,1,161.50,161.50,true,1,
3386460058728,false,"אמבלם אדט לגבר 100 מ""ל - מונט בלאנק",רבלון בישום,IL,EMBLEM אדט לגבר,מיליליטרים,100.00,"100 מ""ל",false,1,139.00,139.00,true,1,
3386460066075,false,"קוואטרו אדפ 100 מ""ל",,IL,קוואטרו אדפ,מיליליטרים,100.00,"100 מ""ל",false,1,170.00,170.00,true,1,
3386460067508,false,"ג'ימי צ'ו בלו אד 100 מ""ל",ש.שסטוביץ,FR,ג'ימי צ'ו בלו אד,מיליליטרים,100.00,"100 מ""ל",false,1,268.30,268.30,true,1,
3386460074797,false,"לג'נד אדט לגבר 200 מ""ל - מונט בלאנק",רבלון בישום,IL,Legend א.ד.ט גבר,מיליליטרים,200.00,"100 מ""ל",false,0,341.00,170.50,true,1,
3386460076388,false,"רושאס מן רושאס - א.ד.ט 100 מ""ל",רבלון בישום,IL,ROCHAS א.ד.ט,מיליליטרים,100.00,"100 מ""ל",false,1,169.00,169.00,true,1,
3386460078597,false,"טוקד לאשה אדט 100 מ""ל",,FR,טוקד לאשה,מיליליטרים,100.00,"100 מ""ל",false,1,118.80,118.80,true,1,
3386460083287,false,לג'נד ספיריט לגבר א.ד.ט,,IL,לג'נד ספיריט לגב,מיליליטרים,200.00,"100 מ""ל",false,1,224.70,112.35,true,1,
3386460085823,false,אמבלם אבסולו,רבלון בישום,IL,אמבלם אבסולו,מיליליטרים,100.00,"100 מ""ל",false,0,254.00,254.00,true,1,
3386460086325,false,"COACH א.ד.ט לגבר 100 מ""ל",רבלון בישום,FR,קואץ לגבר אדט,מיליליטרים,100.00,"100 מ""ל",false,0,254.00,254.00,true,1,
3386460087940,false,NIGHT LEGEND א.ד.פ לגבר,רבלון בישום,IL,NIGHT LEGEND,מיליליטרים,100.00,"100 מ""ל",false,1,254.70,254.70,true,1,
3386460095341,false,קואץ פלורל אישה אדפ 90מל,רבלון בישום,IL,קואץ פלורל אדפ90,מיליליטרים,90.00,"100 מ""ל",false,1,310.20,344.67,true,1,
3386460101035,false,"מון בלאן אקספלורר אדפ 100 מ""ל לגבר",אינטר פרמיום,FR,Explorer א.ד.פ,מיליליטרים,100.00,"100 מ""ל",false,1,272.60,272.60,true,1,
3386460102926,false,"רושס מוסטאש 125 מ""ל",אינטרפרפיום,FR,רושס מוסטש אדפ,מיליליטרים,125.00,"100 מ""ל",false,1,211.90,169.52,true,1,
3386460105941,false,קואץ פלטינום מארז יח',,IL,קואץ קואץ פלטינו,יחידה,1.00,יחידה,false,1,212.80,212.80,true,1,
3386460108768,false,"ג'ימי צו' INTENSE (ג) אדט 200 מ""ל",אינטר פרמיום,FR,גימי צו אינטנס א,מיליליטרים,200.00,"100 מ""ל",false,1,323.90,161.95,true,1,
3386460113724,false,"קואץ בלו אדפ 100 מ""ל",אינטר פרמיום,FR,קואץ בלו אדפ,יחידה,1.00,יחידה,false,0,221.30,221.30,true,1,
3386460117500,false,מארז קואץ פלטינום לגבר,,FR,מארז קואץ פלטינו,יחידה,1.00,יחידה,false,1,264.90,264.90,true,1,
3386460118125,false,"מונבלאן לג'אנד (ג) אדפ 100 מ""ל",,FR,מונבלאן לגנד אדפ,מיליליטרים,100.00,"100 מ""ל",false,1,272.60,272.60,true,1,
3386460118675,false,מונבלאן אקספלורר אדפ200מ,מונבלאן,FR,מונבלאן אקספלורר,מיליליטרים,200.00,"100 מ""ל",false,1,400.80,200.40,true,1,
3386460121514,false,"אקספלורר אולטרה בלו אדפ לגבר 100 מ""ל",,FR,מונבלאן אקספלורר,מיליליטרים,100.00,"100 מ""ל",false,1,255.50,255.50,true,1,
3386460124232,false,"רושס גירל א.ד.ט 100 מ""ל",,FR,רושס גירל א.ד.ט,מיליליטרים,100.00,"100 מ""ל",false,1,235.00,235.00,true,1,
3386460125482,false,מארז רושס לגבר 100+50מל,אינטר פרמיום,FR,מארז רושס לגבר,יחידה,1.00,יחידה,false,1,170.00,170.00,true,1,
3386460127066,false,אורבן גולד אדפ 100מל,,FR,אורבן גולד,מיליליטרים,100.00,"100 מ""ל",false,1,272.60,272.60,true,1,
3386460127950,false,מונט בלאנק לג'נד אדפ אדום,,FR,מונבלאן לג'נד רד,מיליליטרים,100.00,"100 מ""ל",false,1,255.50,255.50,true,1,
3386460129879,false,"איי וונט צ'ו אדפ 100 מ""ל",אינטר פרמיום,FR,איי וונט צ'ו,מיליליטרים,100.00,"100 מ""ל",false,1,311.90,311.90,true,1,
3386460130530,false,אקספלורר אדפ סט לגבר,אינטר פרמיום,FR,מונבלאן סט לגבר,יחידה,1.00,יחידה,false,1,255.50,255.50,true,1,
3386460130561,false,אקספלורר אולטרה בלו אדפ,אינטר פרמיום,FR,מונבלאן סט לגבר,יחידה,1.00,יחידה,false,1,255.50,255.50,true,1,
3386460130813,false,מארז ג'ימי צ'ו אדפ מארז,אינטר פרמיום,FR,מארז ג'ימי צ'ו א,יחידה,1.00,יחידה,false,1,264.10,264.10,true,1,
3386461515671,false,"אקלט ד'ארפז' אדפ לאישה 100 מ""ל - לנוין",רבלון בישום,FR,D'ARPEGE ECLAT,מיליליטרים,100.00,"100 מ""ל",false,1,211.00,211.00,true,1,
3390150563324,false,פאיו אקספרס ניקוי לפנים עיניים ושפתיים,לילית,FR,ניקוי אקספר,מיליליטרים,400.00,"100 מ""ל",false,0,76.00,19.00,true,1,
3390150568886,false,פאיו גל ניקוי גרגירים מקציף 200 מל,לילית,FR,ג'ל ניקוי גרגירי,מיליליטרים,200.00,"100 מ""ל",false,1,67.50,33.75,true,1,
3390150577413,false,פאיו דאודורנט אולטרה דוסר 75 מל,לילית,IL,דאודורנט רול און,מיליליטרים,75.00,"100 מ""ל",false,1,50.40,67.20,true,1,
3412242310071,false,"בושם אדידס DYNAMIC PULSE 100 מ""ל",COTY,ES,PULSE DYNAMIC,מיליליטרים,100.00,"100 מ""ל",false,0,34.10,34.10,true,1,
3412242508027,false,נאוטיקה בלו אדט גבר100מל,סופטאץ בישום,IL,נאוטיקה בלו אדט,מיליליטרים,100.00,"100 מ""ל",false,0,67.50,67.50,true,1,
3412242510075,false,אדידס טיים פרוס אדט100מל,COTY,ES,א.ד.ט אדידס,מיליליטרים,100.00,"100 מ""ל",false,0,34.10,34.10,true,1,
3412242610089,false,אדט אדידס אייס דייב100מ,דנשר,IL,א.ד.ט אדידס,מיליליטרים,100.00,"100 מ""ל",false,0,34.10,34.10,true,1,
3414204200949,false,"ניקוס סקלפצ'ר פיור הום - א.ד.ט 100 מ""ל",סקלפצ'ר SCULPTURE,IL,SCULPTURE א.ד.ט,מיליליטרים,100.00,"100 מ""ל",false,0,83.00,83.00,true,1,
3423222015565,false,"דולצ'ה גאבנה לימפרטריס א.ד.ט 100 מ""ל",,FR,לימפטריס מס' 3 א,מיליליטרים,100.00,"100 מ""ל",false,1,170.00,170.00,true,1,
3423222015763,false,"דה וואן גולד אדפ לאישה 75 מ""ל",,FR,GOLD ONE THE א.,מיליליטרים,75.00,"100 מ""ל",false,1,457.20,609.60,true,1,
3423222026004,false,"דה וואן גולד אדפ לגבר 100 מ""ל",,FR,GOLD ONE THE א.,מיליליטרים,100.00,"100 מ""ל",false,1,452.10,452.10,true,1,
3423222047757,false,מיאקי פאוץ לבן .,שיסיידו בישום,CN,מיאקי פאוץ לבן,יחידה,1.00,יחידה,false,1,42.60,42.60,true,1,
3423222047948,false,מיאקי לאו דיסי אדט מארז,פרסטיג' שיסיידו,FR,מיאקי לאו דיסי ס,יחידה,1.00,יחידה,false,1,289.70,289.70,true,1,
3423222047962,false,מיאקי דרופ דיסי אדפ מארז,פרסטיג' שיסיידו,FR,מיאקי דרופ דיסי,יחידה,1.00,יחידה,false,1,247.00,247.00,true,1,
3423222048044,false,INTENSE CEDREגבר100מל,,FR,ארז איסימאקי אינ,מיליליטרים,100.00,"100 מ""ל",false,1,289.70,289.70,true,1,
3423222051754,false,BLUE LIGHT DG מארז יח',,FR,BLUE LIGHT DG מא,יחידה,1.00,יחידה,false,1,247.00,247.00,true,1,
3423222052737,false,לייט בלו איטליין 100מל,,FR,דולצה לייט בלו א,מיליליטרים,100.00,"100 מ""ל",false,1,272.60,272.60,true,1,
3423222052799,false,לייט בלו איטליין גבר100מ,,FR,לייט בלו איטליין,מיליליטרים,100.00,"100 מ""ל",false,1,212.80,212.80,true,1,
3423222055639,false,קריסטל נרסיסו לאישה 90 מל,פרסטיג' שיסיידו,FR,נרסיסו קריסטל,מיליליטרים,90.00,"100 מ""ל",false,1,426.50,473.89,true,1,
3423222055882,false,נרסיסו פור הר אדט מארז,פרסטיג' שיסיידו,FR,מארז נרסיסו פור,יחידה,1.00,יחידה,false,1,409.40,409.40,true,1,
3423222055912,false,נרסיסו פור הר אדפ מארז,פרסטיג' שיסיידו,FR,מארז נרסיסו פור,יחידה,1.00,יחידה,false,1,426.50,426.50,true,1,
3423222055998,false,נרסיסו פור הר זהב 100 מל,פרסטיג' שיסיידו,FR,נרסיסיו פור הר,מיליליטרים,100.00,"100 מ""ל",false,1,332.40,332.40,true,1,
3423222066161,false,"קיי מארז 3 חלקים אדט לגבר 100 מ""ל + בושם מוקטן 10 מ""ל + ג'ל רחצה 50 מ""ל",פרסטיג' שיסיידו,FR,דולצה K סט לגבר,יחידה,1.00,יחידה,false,1,409.40,409.40,true,1,
3423470300154,false,"איסימיאקי אדט 50 מ""ל",איסימיאקי.,IL,איסימיאקי אדט,מיליליטרים,50.00,"100 מ""ל",false,0,212.80,425.60,true,1,
3423470300161,false,"לאו דאיסי אדט לאישה 100 מ""ל - איסי מיאקי",איסימיאקי.,FR,D'ISSEY L'EAU,מיליליטרים,100.00,"100 מ""ל",false,1,281.20,281.20,true,1,
3423470311358,false,D'ISSEY LEAU ג .אדט75מל,איסימיאקי.,IL,איסימיאקי ג.אדט7,מיליליטרים,75.00,"100 מ""ל",false,0,175.20,233.60,true,1,
3423470485448,false,"לאו דאיסי אדט לגבר 200 מ""ל - איסי מיאקי",איסימיאקי.,IL,Homme Pour לגבר,מיליליטרים,200.00,"100 מ""ל",false,0,341.00,170.50,true,1,
3423470890020,false,"נרסיסו רודריגז אדט לאישה 100 מ""ל - נרסיסו רודריגז",נרסיסו רדריגז,FR,נרסיסו א.ד.ט אשה,מיליליטרים,100.00,"100 מ""ל",false,1,409.40,409.40,true,1,
3423470890037,false,"קרם גוף נרסיסו רודריגז - 200 מ""ל",,FR,HER FOR NARCISO,מיליליטרים,200.00,"100 מ""ל",false,1,182.80,91.40,true,1,
3423470890075,false,נרסיסו פור הר א.בודי קרם,נרסיסו רדריגז,IL,נרסיסו פור הר א.,מיליליטרים,150.00,"100 מ""ל",false,0,264.10,176.07,true,1,
3423470890129,false,"נרסיסו רודריגז אדפ לאישה 100 מ""ל - נרסיסו רודריגז",נרסיסו רדריגז,FR,Narciso פור הר,מיליליטרים,100.00,"100 מ""ל",false,1,426.50,426.50,true,1,
3423473017158,false,לה פרפיום אסנשייל אדפ90מ,,IL,לה פרפיום אסנשיי,מיליליטרים,90.00,"100 מ""ל",false,1,298.20,331.33,true,1,
3423473020233,false,"לייט בלו אדט לאישה 100 מ""ל - דולצ'ה וגבאנה",דולצ'ה&גב.שסטוב,IL,blue light א.ד.ט,מיליליטרים,100.00,"100 מ""ל",false,0,323.90,323.90,true,1,
3423473020516,false,"לייט בלו אדט לגבר 125 מ""ל - דולצ'ה וגבאנה",דולצ'ה&גב.שסטוב,IL,לייט בלו ג.אדט,מיליליטרים,125.00,"100 מ""ל",false,0,238.40,190.72,true,1,
3423473020622,false,"דולצ'ה אדום קלאסי אדט 100 מ""ל",,IL,פור פאם קלאסי אד,מיליליטרים,100.00,"100 מ""ל",false,1,341.00,341.00,true,1,
3423473020639,false,"פור פאם אדפ לאישה 100 מ""ל - דולצ'ה וגבאנה",דולצ'ה&גב.שסטוב,IL,דולצ'ה וגבנה אדפ,מיליליטרים,100.00,"100 מ""ל",false,0,414.50,414.50,true,1,
3423473021360,false,דה וואן דולצה גבנה 100 מ,,FR,"דה וואן 100 מ""ל",מיליליטרים,100.00,"100 מ""ל",false,1,452.10,452.10,true,1,
3423473032816,false,לייט בלו אינטנס אדפ,דולצ'ה&גב.שסטוב,FR,לייט בלו אינטנס,מיליליטרים,100.00,"100 מ""ל",false,1,341.00,341.00,true,1,
3423473049456,false,"דולצ'ה גבאנה KING אדט 100 מ""ל לגבר",,FR,K דולצה גבנה,מיליליטרים,100.00,"100 מ""ל",false,1,392.30,392.30,true,1,
3423473049654,false,"קיי לגבר אדט 150 מ""ל - דולצ'ה וגבאנה",,FR,דולצה K אדט,מיליליטרים,150.00,"100 מ""ל",false,1,452.10,301.40,true,1,
3423474891856,false,זדיג&וולטיר דיס א.אדפ100,זדיג&וולטייר,FR,IS THIS א.ד.פ,מיליליטרים,100.00,"100 מ""ל",false,0,289.70,289.70,true,1,
3423478515956,false,"פיור מאסק אדפ לאישה 100 מ""ל - נרסיסו רודריגז",נרסיסו רדריגז,FR,פיור מאסק נרסיסו,מיליליטרים,100.00,"100 מ""ל",false,1,426.50,426.50,true,1,
3423478580152,false,"ONE ONLY THE 100 מ""ל",דולצ'ה גבאנה,FR,ONE ONLY THE,מיליליטרים,100.00,"100 מ""ל",false,1,478.60,478.60,true,1,
3423478806054,false,"נרסיסו בלו נואר אדט לגבר 100 מ""ל - נרסיסו רודריגז",נרסיסו רדריגז,FR,noir bleu א.ד.ט,מיליליטרים,100.00,"100 מ""ל",false,0,315.30,315.30,true,1,
3423478840652,false,"נרסיסו פודרה (א) אדפ 90מ""ל",נרסיסו רדריגז,FR,PUDREE NARCISO,מיליליטרים,90.00,"100 מ""ל",false,1,426.50,473.89,true,1,
3423478921955,false,נרסיסו פור הר א.ד.ט,נרסיסו רדריגז,IL,נרסיסו פור הר א.,מיליליטרים,150.00,"100 מ""ל",false,0,460.60,307.07,true,1,
3423478926653,false,נרסיסו תחליב גוף 200מל,נרסיסו רדריגז,FR,נרסיסו תחליב גוף,מיליליטרים,200.00,"100 מ""ל",false,0,204.20,102.10,true,1,
3423478972452,false,איסימיאקי לאו דיסי 80 מל,,IL,איסימיאקי לאו די,מיליליטרים,80.00,"100 מ""ל",false,1,323.90,404.88,true,1,
3423478999251,false,"בלו נואר אדט 100 מ""ל",,FR,בלו נואר אדט,מיליליטרים,100.00,"100 מ""ל",false,1,365.80,365.80,true,1,
3439600049862,false,"טרי מוגלר אנג'ל NOVA אדפ 100 מ""ל",,FR,אנג'ל NOVA אדפ,מיליליטרים,100.00,"100 מ""ל",false,1,460.60,460.60,true,1,
3439600056242,false,אליין קרם גוף 200 מל,,IL,ALIEN קרם גוף,מיליליטרים,200.00,"100 מ""ל",false,1,229.90,114.95,true,1,
3439600056259,false,"ALIEN קרם גוף 200 מ""ל",,IL,ALIEN קרם גוף,מיליליטרים,200.00,"100 מ""ל",false,1,332.40,166.20,true,1,
3439600056655,false,"אנג'ל כוכב אדפ 100מ""ל",טרי מוגלר בישום,FR,אנג'ל כוכב,מיליליטרים,100.00,"100 מ""ל",false,1,460.60,460.60,true,1,
3439600056969,false,"ALIEN א.ד.פ לאשה 90 מ""ל",,FR,ALIEN א.ד.פ לאשה,מיליליטרים,90.00,"100 מ""ל",false,1,460.60,511.78,true,1,
3439602802113,false,ALIEN א.ד.פ לאשה,טרי מוגלר בישום,FR,ALIEN א.ד.פ לאשה,מיליליטרים,90.00,"100 מ""ל",false,1,383.70,426.34,true,1,
3473311540003,false,סיסלי סופרמיה קרם אנטי אגינג לילה 50 מל,שסטוביץ,FR,סופרמיה אנטי אגי,מיליליטרים,50.00,"100 מ""ל",false,0,2161.50,4323.00,true,1,
3494800220039,false,מרינה דינסטי מדמואזל100מ,רבלון בישום,FR,מרינה דינסטי מדמ,מיליליטרים,100.00,"100 מ""ל",false,0,126.00,126.00,true,1,
3494800240037,false,מרינה גולדן דיסטני100מל,רבלון בישום,FR,מרינה גולדן דיסט,מיליליטרים,100.00,"100 מ""ל",false,0,127.30,127.30,true,1,
3508441001022,false,גרין אייריש אדפ גבר 100מ,,IL,גרין אייריש אדפ,מיליליטרים,100.00,"100 מ""ל",false,1,940.10,940.10,true,1,
3508441001084,false,"הימלאיה אדפ 100 מ""ל",,IL,הימלאיה אדפ,מיליליטרים,100.00,"100 מ""ל",false,1,1102.50,1102.50,true,1,
3508441001114,false,קריד אוונטוס (ג) אדפ 100מל,,FR,Aventus Creed,מיליליטרים,100.00,"100 מ""ל",false,1,1188.00,1188.00,true,1,
3508441104563,false,"ספרינג פלאוור אדפ 75 מ""ל",,IL,ספרינג פלאוור אד,מיליליטרים,75.00,"100 מ""ל",false,1,853.80,1138.40,true,1,
3508441104662,false,"אוונטוס אדפ לאישה 75 מ""ל - קריד",,IL,קריד אוונטוס אדפ,מיליליטרים,75.00,"100 מ""ל",false,1,1102.50,1470.00,true,1,
3574660089547,false,טמפונים נורמל קלאסי אובה 32 יחידות,ג'\ונסון אנד ג'\ונסון,GR,טמפוני או בה,יחידה,1.00,יחידה,false,0,21.20,21.20,true,1,
3574660115154,false,או-בה טמפונים קלאסי סופר 32יח',ג'\ונסון אנד ג'\ונסון,GR,טמפוני או בה,יחידה,1.00,יחידה,false,0,21.20,21.20,true,1,
3574660239829,false,קרם ידיים קל סדרה נורבגית נוטרוגינה 50 מ,ניוטרוג'ינה Neutrogena,FR,קרם ידיים קליל,מיליליטרים,75.00,"100 מ""ל",false,0,24.70,32.93,true,1,
3574660239881,false,או-בה סופר 16 יחי,ג'ונסון,GR,או-בה סופר,יחידה,1.00,יחידה,false,1,12.70,12.70,true,1,
3574660240009,false,טמפונים או בה נורמל,ג'ונסון,GR,או-בה נורמל,יחידה,1.00,יחידה,false,1,12.70,12.70,true,1,
3574660245844,false,נטרוגינה תרחיץ לניקוי פנים,CILAG GMBH INTERNATI,GR,CLEAN DEEP תרחיץ,מיליליטרים,200.00,"100 מ""ל",false,0,50.30,25.15,true,1,
3574660269635,false,נטרוגינה דיפ קלין תרחיץ גרגירים 150 מל,שסטוביץ,FR,ג'ל לפנים c deep,מיליליטרים,150.00,"100 מ""ל",false,1,51.20,34.13,true,1,
3574660362794,false,או-בה מיני פרו קומפורט16,ג'ונסון,GR,או-בה מיני פרו ק,יחידה,1.00,יחידה,false,1,12.70,12.70,true,1,
3574660422580,false,"ניוטרוג'ינה - ויזיבלי קליר תרחיץ גרגירים יומי לעור הסובל ממצבי מתח ולחץ 150מ""ל",שסטוביץ,FR,ויזבלי קליר,מיליליטרים,150.00,"100 מ""ל",false,0,51.20,34.13,true,1,
3574660467796,false,ויזבלי תרחיץ גרגירים150מ,ג'ונסון,FR,תרחיץ גרגירים,מיליליטרים,150.00,"100 מ""ל",false,1,67.50,45.00,true,1,
3574660514643,false,קרם לחות רב שימושי עשיר נוטרוגינה 300 מל,ניוטרוג'ינה Neutrogena,IT,"קרם רב""ש",מיליליטרים,300.00,"100 מ""ל",false,0,22.90,7.63,true,1,
3574660571769,false,ניוטרוגינה שפתון לחות SPF20,שסטוביץ,FR,שפתון ניוטרוגינה,יחידה,1.00,יחידה,false,0,21.20,21.20,true,1,
3574660649987,false,ליסטרין שטיפת פה קול מינט טעם מעודן 500,ג'ונסון,IT,מי פה ליסטרין,מיליליטרים,500.00,"100 מ""ל",false,1,17.00,3.40,true,1,
3574661003917,false,מי פה ליסטרין טוטל קר250,ג'\ונסון אנד ג'\ונסון,IT,מי פה ליסטרין,מיליליטרים,250.00,"100 מ""ל",false,0,8.40,3.36,true,1,
3574661003924,false,שטיפת פה טוטאל קר בטעם מנטה צלול,ג'\ונסון אנד ג'\ונסון,IT,מי פה ליסטרין,מיליליטרים,500.00,"100 מ""ל",false,0,17.00,3.40,true,1,
3574661098531,false,ניוטרוגינה תחליב גוף מועשר לעור יבש/רגיש,ניוטרוג'ינה Neutrogena,GR,תחליב גוף,מיליליטרים,400.00,"100 מ""ל",false,1,25.50,6.37,true,1,
3574661098937,false,נטרוגינה תחליב גוף-יבש סדרה נורווגית,ניוטרוג'ינה Neutrogena,FR,תחליב גוף,מיליליטרים,400.00,"100 מ""ל",false,1,25.50,6.37,true,1,
3574661114620,false,"ליסטרין שטיפת פה זירו ללא אלכוהול 250 מ""",ג'\ונסון אנד ג'\ונסון,IT,מי פה ליסטרין,מיליליטרים,250.00,"100 מ""ל",false,0,8.40,3.36,true,1,
3574661114637,false,ליסטרין שטיפת פה קול מינט טעם מעודן 500,ג'\ונסון אנד ג'\ונסון,IT,מי פה ליסטרין,מיליליטרים,500.00,"100 מ""ל",false,1,17.00,3.40,true,1,
3574661199894,false,"נוטרוגינה קרם ידיים ויזבלי ריניו 75 מ""ל",ניוטרוג'ינה Neutrogena,GR,קרם ידיים,מיליליטרים,75.00,"100 מ""ל",false,1,24.70,32.93,true,1,
3574661200019,false,נוטרוגינה ת.גוף ויזבלי ריניו משאבה 400 מל,ניוטרוג'ינה Neutrogena,GR,תחליב גוף,מיליליטרים,400.00,"100 מ""ל",false,1,25.50,6.37,true,1,
3574661317021,false,נטרוגינה היידרובוסט מגבוני ניקוי 25 יח,שסטוביץ,PL,מגבונים לפנים,יחידה,1.00,יחידה,false,1,27.20,27.20,true,1,
3574661332505,false,נטרוגינה קליר&דיפנד תרחיץ גרגירים 150 מל,ניוטרג'ינה,IL,תרחיץ פנים גרגרי,מיליליטרים,150.00,"100 מ""ל",false,1,50.30,33.53,true,1,
3574661332543,false,ויזבל קליר תרחיץ+מסכה150,ג'ונסון,FR,תרחיץ+מסכה,מיליליטרים,150.00,"100 מ""ל",false,1,61.40,40.93,true,1,
3574661352275,false,ליסטירין מי פה פירות יער 250 מל,ג'\ונסון אנד ג'\ונסון,IT,מי פה ליסטרין,מיליליטרים,250.00,"100 מ""ל",false,1,11.00,4.40,true,1,
3574661358901,false,ניטרוגינה קרם עיניים15מל,ג'ונסון,FR,קרם עיניים,מיליליטרים,15.00,"100 מ""ל",false,1,69.00,460.00,true,1,
3574661363998,false,"מי פה ליסטרין תה ירוק 500 מ""ל",ג'\ונסון אנד ג'\ונסון,IT,מי פה ליסטרין,מיליליטרים,500.00,"100 מ""ל",false,1,17.00,3.40,true,1,
3574661391373,false,הידרו בוסט תחליב קרם ג'ל גוף לעור רגיל עד יבש,ניוטרוג'ינה Neutrogena,GR,תחליב גוף הידרו,מיליליטרים,400.00,"100 מ""ל",false,1,37.50,9.38,true,1,
3574661392486,false,"קרם ידיים ניוטרוגינה הידרו בוסט 75 מ""ל",ניוטרוג'ינה Neutrogena,GR,קרם ידיים הידרו,מיליליטרים,75.00,"100 מ""ל",false,1,24.50,32.67,true,1,
3574661393667,false,נטרוגינה הידרובוסט סרום לחות 30 מל,שסטוביץ,FR,הידרובוסט סרום ל,מיליליטרים,30.00,"100 מ""ל",false,1,76.80,256.00,true,1,
3574661428055,false,גונסונס בייבי תחליב לחות מגע כותנה 500 מ,שסטוביץ,IT,ג'ונסון תחליב,מיליליטרים,500.00,"100 מ""ל",false,1,28.90,5.78,true,1,
3574661428079,false,ג'ונסון תחליב גוף 500מל,ג'ונסון,IT,ג'ונסון תחליב גו,מיליליטרים,500.00,"100 מ""ל",false,1,27.20,5.44,true,1,
3574661430720,false,נטרוגינה סקין דיטוקס תרחיץ גרגירים 150 מ,שסטוביץ,FR,דיטוקס תרחיץ,מיליליטרים,150.00,"100 מ""ל",false,1,51.20,34.13,true,1,
3574661458748,false,טלק גונסון 200 ג' חדש,ג'ונסון,IT,טלק לתינוקות,גרמים,200.00,100 גרם,false,1,17.00,8.50,true,1,
3574661471181,false,נטרוגינה היידרובוסט מים מיסלריים 400 מל,שסטוביץ,GR,הידרה בוסט מים מ,מיליליטרים,400.00,"100 מ""ל",false,1,42.60,10.65,true,1,
3574661487328,false,קרפרי מגני תחתון אורגינל פלוס 56 יח',הדקלאים אגודת שיתופי,IT,מגני תחתון קרפרי,יחידה,1.00,יחידה,false,1,12.70,12.70,true,1,
3574661487618,false,קרפרי מגן תחתון מקסי לארג'' מבושם 48 יח'',ג'ויה מעבדות לקוסמטי,IT,קרפרי מגני תחתון,יחידה,1.00,יחידה,false,1,12.70,12.70,true,1,
3574661487625,false,מגני תחתון פלוס לארג' בניחוח עדין L,הדקלאים אגודת שיתופי,IT,מגן תחתון קרפרי,יחידה,1.00,יחידה,false,1,12.70,12.70,true,1,
3574661491806,false,מי פה אדבנס וויט מנטה מסירה כתמים קשים,ג'\ונסון אנד ג'\ונסון,IT,מי פה ליסטרין,מיליליטרים,500.00,"100 מ""ל",false,1,17.00,3.40,true,1,
3574661498430,false,"ניוטרוג'ינה - תרחיץ גרגירים אשכולית ורודה 150מ""ל",שסטוביץ,FR,אשכולית ורודה תר,מיליליטרים,150.00,"100 מ""ל",false,1,49.40,32.93,true,1,
3574661500355,false,קרפרי מגן תחתון מקסי לונג רגיל 40 יח',ג'ויה מעבדות לקוסמטי,IT,מגני תחתון קרפרי,יחידה,1.00,יחידה,false,1,12.70,12.70,true,1,
3574661500478,false,נטרוגינה בלאקהד מי פנים 200 מל,שסטוביץ,FR,מי פנים לחיסול ר,מיליליטרים,200.00,"100 מ""ל",false,1,51.20,25.60,true,1,
3574661506272,false,קרפרי מגבונים אינטימיים אלוורה 20 יח,ג'\ונסון אנד ג'\ונסון,DE,מגבונים אינטימי,יחידה,1.00,יחידה,false,1,17.00,17.00,true,1,
3574661525563,false,נטרוגינה כורכום קרם לחות 75 מל,שסטוביץ,GR,כורכום קרם לחות,מיליליטרים,75.00,"100 מ""ל",false,1,56.40,75.20,true,1,
3574661527086,false,נטרוגינה כורכום מוס ניקוי 150 מל,שסטוביץ,GR,כורכום מוס ניקוי,מיליליטרים,150.00,"100 מ""ל",false,1,51.20,34.13,true,1,
3574661527925,false,"קרם ידיים נויטרוגנה מרוכז בניחוח 75 מ""ל",ג'ונסון,FR,קרם ידיים ניוטרו,מיליליטרים,75.00,"100 מ""ל",false,1,24.70,32.93,true,1,
3574661529240,false,נטרוגינה כורכום מסיר איפור גל 200 מל,שסטוביץ,GR,כורכום מסיר איפו,מיליליטרים,200.00,"100 מ""ל",false,1,34.10,17.05,true,1,
3574661530604,false,נטרוגינה כורכום מסכת חימר 50 מל,שסטוביץ,FR,מסכת כורכום וחימ,יחידה,1.00,יחידה,false,0,59.70,59.70,true,1,
3574661530697,false,גונסונס בייבי תרחיץ ושמפו לתינוק 500 מל,ג'ונסונס Johnson's,IT,ג'ונסון תרחיץ,מיליליטרים,500.00,"100 מ""ל",false,1,18.70,3.74,true,1,
3574661552576,false,קרפרי מגן תחתון רגיל טנגה לבן 56 יח חדש,הדקלאים אגודת שיתופי,GR,מגני תחתון קרפרי,יחידה,1.00,יחידה,false,1,12.70,12.70,true,1,
3574661552804,false,מגן תחתון קרפרי אלוורה 56 יחידות,הדקלאים אגודת שיתופי,IT,מגני תחתון קרפרי,יחידה,1.00,יחידה,false,1,12.70,12.70,true,1,
3574661552811,false,מגן תחתון קרפרי כותון אוורירי 56 יחידות,הדקלאים אגודת שיתופי,GR,מגן תחתון קרפרי,יחידה,1.00,יחידה,false,1,12.70,12.70,true,1,
3574661554877,false,מגן תחתון קרפרי כותון מבושם 56 יחידות,הנסיך- מפעל לייצור ט,GR,מגני תחתון קרפרי,יחידה,1.00,יחידה,false,1,12.70,12.70,true,1,
3574661554884,false,קרפרי מגן תחתון רגיל טנגה מבושם 56 יח,הדקלאים אגודת שיתופי,IT,מגני תחתון קרפרי,יחידה,1.00,יחידה,false,1,12.70,12.70,true,1,
3574661560489,false,נטרוגינה דיפ קלין מגבונים להסרת איפור 25,שסטוביץ,FR,CLEAN DEEP מגבונ,יחידה,1.00,יחידה,false,1,24.70,24.70,true,1,
3574661561219,false,ליסטרין שטיפת פה אדוונס ווייט 250 מל,ג'\ונסון אנד ג'\ונסון,IT,ליסטרין מי פה א,מיליליטרים,250.00,"100 מ""ל",false,1,8.40,3.36,true,1,
3574661591568,false,ניוטרוגינה ברייט בוסט ג'ל קרם 50 מל,שסטוביץ,FR,Bright Boost ג'ל,מיליליטרים,50.00,"100 מ""ל",false,1,84.60,169.20,true,1,
3574661610344,false,נטרוגינה קרם לחות עשיר ומרוכז לעור יבש ע,גונסון אנד גונסון סנטה ב,IT,ניוטרוג'ינה קרם,מיליליטרים,300.00,"100 מ""ל",false,1,22.90,7.63,true,1,
3574661610375,false,נטרוגינה קרם לחות קליל סדרה נורווגית חדש,ג'ונסונס בייבי,FR,ניוטרוג'ינה קרם,מיליליטרים,300.00,"100 מ""ל",false,1,22.90,7.63,true,1,
3574661643359,false,ליסטרין נטורלס שטיפת פה אנאמל פרוטקט,ג'\ונסון אנד ג'\ונסון,IT,מי פה ליסטרין,מיליליטרים,500.00,"100 מ""ל",false,1,17.00,3.40,true,1,
3574669907682,false,גונסונס בייבי טלק 500 גרם חדש,גונסון אנד גונסון,IT,טלק ג'ונסון,גרמים,500.00,100 גרם,false,1,32.30,6.46,true,1,
3574669907880,false,שמפו גונסון צהוב 300 מל,ג'ונסון,IT,שמפו בייבי,מיליליטרים,300.00,"100 מ""ל",false,1,8.40,2.80,true,1,
3574669907972,false,"גונסונס שמפו טיפות של ברק 750 מ""ל חדש",ג'ונסונס Johnson's,IT,ג'ונסון שמפו,מיליליטרים,750.00,"100 מ""ל",false,1,24.70,3.29,true,1,
3574669908146,false,גונסונס בייבי תחליב לפני שינה 500 מל חדש,ג'ונסונס Johnson's,IT,ג'ונסון תחליב,מיליליטרים,500.00,"100 מ""ל",false,1,27.20,5.44,true,1,
3574669908481,false,גונסונס בייבי אל סבון אמבט 750 מל חדש,ג'ונסונס Johnson's,IT,ג'ונסון אל סבון,מיליליטרים,750.00,"100 מ""ל",false,1,21.20,2.83,true,1,
3574669908665,false,גונסונס בייבי אל סבון לפני השינה 750 מל,גונסון אנד גונסון,IT,ג'ונסון אל סבון,מיליליטרים,750.00,"100 מ""ל",false,1,21.20,2.83,true,1,
3574669908948,false,גונסונס בייבי אל סבון לרחצה עדינה 750 מל,גונסון אנד גונסון,IT,ג'ונסון אל סבון,מיליליטרים,750.00,"100 מ""ל",false,1,21.20,2.83,true,1,
3574669909136,false,"שמן לתינוק גונסון 300 מ""ל",ג'ונסון,IT,שמן תינוקות ג'ונ,מיליליטרים,300.00,"100 מ""ל",false,1,21.20,7.07,true,1,
3574669909181,false,גונסונס בייבי שמן אלוורה לתינוק 300 מל,ג'ונסונס Johnson's,IT,שמן ג'ונסון,מיליליטרים,300.00,"100 מ""ל",false,1,21.20,7.07,true,1,
3574669909822,false,"גונסון טיפות של ברק תרסיס מרכך שיער לילדים, 200 מ""ל",ג'ונסונס Johnson's,IT,ג'ונסון ספריי,מיליליטרים,200.00,"100 מ""ל",false,1,20.40,10.20,true,1,
3595471061010,false,מרסדס מון סטאר ג.אדט100מ,רבלון בישום,IL,מרסדס מון סטאר ג,מיליליטרים,100.00,"100 מ""ל",false,0,221.30,221.30,true,1,
3595471061034,false,מרסדס מן בלו ג.אדט100,רבלון בישום,IL,מרסדס מן בלו ג.א,מיליליטרים,100.00,"100 מ""ל",false,0,220.00,220.00,true,1,
3595471065421,false,סט מרצדס אינטנס לגבר,מרצדס,FR,מרצדס אינטנס גבר,יחידה,1.00,יחידה,false,1,144.40,144.40,true,1,
3595471071019,false,"וומן אדפ 90 מ""ל",,IL,וומן אדפ,מיליליטרים,90.00,"100 מ""ל",false,1,170.00,188.89,true,1,
3595471071040,false,"וומן אדט 90 מ""ל",,IL,וומן אדט,מיליליטרים,90.00,"100 מ""ל",false,1,170.00,188.89,true,1,
3595471111012,false,"מרצדס מן SIGN אדפ100 מ""ל",,FR,מרצדס מן SIGN,מיליליטרים,100.00,"100 מ""ל",false,1,235.00,235.00,true,1,
3595472061262,false,מרצדס-בנץ מן ברייט 100מל,,FR,מרצדס-בנץ מן ברי,מיליליטרים,100.00,"100 מ""ל",false,1,204.20,204.20,true,1,
3600520772011,false,לוריאל - פודרה טרומאצ W1,סייפו,IT,פודרה דחוסה,יחידה,1.00,יחידה,false,0,42.60,42.60,true,1,
3600520772028,false,לוריאל - פודרה טרומאצ C3,סייפו,IT,MATCH TRUE פודרה,יחידה,1.00,יחידה,false,0,42.60,42.60,true,1,
3600520772035,false,לוריאל - פודרה טרומאצ W3,סייפו,IT,פודרה דחוסה,יחידה,1.00,יחידה,false,0,42.60,42.60,true,1,
3600520881799,false,לוריאל - מסקרה טלסקופיק שחור,לוריאל פריז L'OREAL PARIS,IT,TELESCOPIC מסקרה,יחידה,1.00,יחידה,false,0,54.60,54.60,true,1,
3600521018095,false,לוריאל - מסקרה ווליומיסים שחור,,IL,מסקרה ווליומיסים,יחידה,1.00,יחידה,false,1,38.40,38.40,true,1,
3600521094341,false,קסטינג קרם גלוס מס200',לוריאל פריז,BE,צבע שיער קסטינג,יחידה,1.00,יחידה,false,0,29.80,29.80,true,1,
3600521094365,false,קסטינג 300 חום כהה מאוד,לוריאל פריז,BE,צבע לשיער קסטינג,יחידה,1.00,יחידה,false,0,29.80,29.80,true,1,
3600521094372,false,קסטינג קרם גלוס מס316',לוריאל פריז,BE,צבע שיער קסטינג,יחידה,1.00,יחידה,false,0,29.80,29.80,true,1,
3600521094389,false,קסטינג קרם גלוס מס400',לוריאל פריז,BE,צבע שיער קסטינג,יחידה,1.00,יחידה,false,0,29.80,29.80,true,1,
3600521094419,false,קסטינג קרם גלוס מס500',לוריאל פריז,BE,צבע שיער קסטינג,יחידה,1.00,יחידה,false,0,29.80,29.80,true,1,
3600521094457,false,קסטינג קרם גלוס מס550',לוריאל פריז,BE,צבע שיער קסטינג,יחידה,1.00,יחידה,false,0,29.80,29.80,true,1,
3600521094471,false,קסטינג קרס גלוס מס600',לוריאל פריז,BE,צבע לשיער קסטינג,יחידה,1.00,יחידה,false,0,29.80,29.80,true,1,
3600521114636,false,לוריאל - שפתון קולוריש 236,סייפו,IT,שפתון נטורלס,יחידה,1.00,יחידה,false,0,50.30,50.30,true,1,
3600521342015,false,לוריאל - שפתון קולוריש 258,סייפו,FR,שפתון קולור ריש,יחידה,1.00,יחידה,false,0,50.30,50.30,true,1,
3600521627365,false,טרו מאץ סומק 120 יח',לוריאל,IT,טרו מאץ סומק 120,יחידה,1.00,יחידה,false,1,48.00,48.00,true,1,
3600521627402,false,סומק 145 טרו מאץ,לוריאל,IT,סומק טרו מאץ,יחידה,1.00,יחידה,false,1,48.00,48.00,true,1,
3600521627419,false,סומק 150 טרו מאץ,לוריאל,IT,סומק טרו מאץ,יחידה,1.00,יחידה,false,0,48.00,48.00,true,1,
3600521720219,false,קרם פנים לילה עם פעולה משולשת לכל סוגי העור,"קרלסרו, גרמניה",DE,קרם לילה,מיליליטרים,50.00,"100 מ""ל",false,0,42.60,85.20,true,1,
3600521821152,false,לוריאל - מסקרה מ.לאשס שחור,סייפו,FR,מסקרה ווליום,יחידה,1.00,יחידה,false,0,42.60,42.60,true,1,
3600521831083,false,קסטינג קרם גלוס מס1010,לוריאל פריז,BE,קסטינג קרם גלוס,יחידה,1.00,יחידה,false,1,29.80,29.80,true,1,
3600522022893,false,לוריאל - אקסלנס קרם 9.3 בלונד מאוד בהיר זהוב,ליברמו,BE,אקסלנס,יחידה,1.00,יחידה,false,0,29.80,29.80,true,1,
3600522066798,false,לוריאל - מסקרה ווליום מגה קולגן שחור,סייפו,FR,MEGA מסקרה,יחידה,1.00,יחידה,false,0,70.00,70.00,true,1,
3600522150497,false,קסטינג קרם גלוס מס100',לוריאל פריז,BE,קסטינג קרם גלוס,יחידה,1.00,יחידה,false,0,29.80,29.80,true,1,
3600522236450,false,לוריאל - אקסלנס קרם 6.46 אדום בהיר נחושתי,לוריאל פריז,BE,אקסלנס6.46אדום,יחידה,1.00,יחידה,false,1,29.80,29.80,true,1,
3600522251750,false,לוריאל - דרמו רויטליפט לייזר עיניים,לוריאל,FR,קרם עיניים,מיליליטרים,15.00,"100 מ""ל",false,0,93.00,620.00,true,1,
3600522323303,false,לוריאל - דרמו אייג' פרפקט רנסנס לילה,"לוריאל פרודקשן דויטשלנד,",DE,PERFECT AGE קרם,מיליליטרים,50.00,"100 מ""ל",false,0,105.00,210.00,true,1,
3600522337072,false,לוריאל - שפתון עמיד אינפלבל 213,סופרוג'ם,FR,שפתון INFALLIBLE,יחידה,1.00,יחידה,false,0,54.60,54.60,true,1,
3600522337188,false,לוריאל - שפתון עמיד אינפלבל 506,סופרוג'ם,FR,שפתון עמיד,יחידה,1.00,יחידה,false,0,54.60,54.60,true,1,
3600522344032,false,לוריאל - אלביב מסכה טוטאל ריפר 300,kozmetik canan,DE,מסכת אלביב,מיליליטרים,300.00,"100 מ""ל",false,0,25.50,8.50,true,1,
3600522373278,false,"לוריאל - דאודורנט לגבר מן אקספרט שרט פרוטקט 150 מ""ל",SOPROCOS,FR,דאודורנט אקספרט,מיליליטרים,150.00,"100 מ""ל",false,1,18.70,12.47,true,1,
3600522838586,false,לוריאל רויטליפט לייזר X3 קרם-מסכה לילה,KARLSRUHE GERMANY,DE,קרם מסכה לילה,מיליליטרים,50.00,"100 מ""ל",false,0,93.00,186.00,true,1,
3600522851288,false,לוריאל - שפתון קולוריש 630,פרדיס,FR,שפתון קולוריש,יחידה,1.00,יחידה,false,1,50.30,50.30,true,1,
3600522862383,false,לוריאל - מייקאפ טרו מאץ' 1N (חדש),,FR,טרו מאץ N1,מיליליטרים,30.00,"100 מ""ל",false,1,55.40,184.67,true,1,
3600522862390,false,לוריאל - מייקאפ טרומאצ N2,לוריאל פריז L'OREAL PARIS,FR,N2 MATCH TRUE,מיליליטרים,30.00,"100 מ""ל",false,1,55.40,184.67,true,1,
3600522862413,false,לוריאל - מייקאפ טרומאצ N4,לוריאל פריז L'OREAL PARIS,FR,N4 MATCH TRUE,מיליליטרים,30.00,"100 מ""ל",false,1,55.40,184.67,true,1,
3600522862420,false,לוריאל - מייקאפ טרומאצ N5,לוריאל,FR,N5 MATCH TRUE,מיליליטרים,30.00,"100 מ""ל",false,1,55.40,184.67,true,1,
3600522862475,false,לוריאל - מייקאפ טרומאצ C1,לוריאל,FR,מייק אפ,מיליליטרים,3021.00,"100 מ""ל",false,1,55.40,1.84,true,1,
3600522862499,false,לוריאל - מייקאפ טרומאצ C3,לוריאל,FR,C3 MATCH TRUE,מיליליטרים,30.00,"100 מ""ל",false,1,55.40,184.67,true,1,
3600522877301,false,לוריאל - פריימר אינפלבל,סופרוג'ם,FR,פריימר אינפליבל,מיליליטרים,35.00,"100 מ""ל",false,1,67.40,192.57,true,1,
3600523192717,false,לוריאל - מג'יק ריטאצ' גוון 4 בלונד בז',לוריאל ליברמו,BE,מג'יק ריטאצ' 4 ב,מיליליטרים,75.00,"100 מ""ל",false,1,25.50,34.00,true,1,
3600523192724,false,לוריאל - מג'יק ריטאצ' גוון 5 בלונד,לוריאל ליברמו,BE,לוריאל מגיק,מיליליטרים,75.00,"100 מ""ל",false,1,25.50,34.00,true,1,
3600523193141,false,תרסיס לכיסוי שורשי השיער Magic Retouch שחור,לוריאל ליברמו,BE,ספריי צבע שיער,מיליליטרים,75.00,"100 מ""ל",false,1,25.50,34.00,true,1,
3600523193158,false,תרסיס לכיסוי שורשי השיער Magic Retouch חום,לוריאל ליברמו,BE,ספריי לצביעה שיע,מיליליטרים,75.00,"100 מ""ל",false,1,25.50,34.00,true,1,
3600523193165,false,תרסיס לכיסוי שורשי השיער Magic Retouch חום בהיר,לוריאל ליברמו,BE,ספריי צבע לשיער,מיליליטרים,75.00,"100 מ""ל",false,1,25.50,34.00,true,1,
3600523193172,false,מג'יק ריטאצ' 4 בלונד בז',לוריאל ליברמו,BE,ספריי צבע לשיער,מיליליטרים,75.00,"100 מ""ל",false,1,25.50,34.00,true,1,
3600523201303,false,לוריאל - דרמו רויטליפט פילר לילה,"קרלסרו, גרמניה",DE,קרם לילה,מיליליטרים,50.00,"100 מ""ל",false,1,72.50,145.00,true,1,
3600523201310,false,לוריאל - דרמו רויטליפט פילר עיניים,לוריאל,FR,קרם עיניים,מיליליטרים,15.00,"100 מ""ל",false,1,72.50,483.33,true,1,
3600523206834,false,רויטליפט פילר קרם יום אנטי אייג'ינג להשבת נפח,"קרלסרו, גרמניה",IT,קרם יום,מיליליטרים,50.00,"100 מ""ל",false,1,72.50,145.00,true,1,
3600523206841,false,לוריאל - דרמו רויטליפט פילר סרום,קוסמינט,IT,REVITALIFT סרום,מיליליטרים,16.00,"100 מ""ל",false,1,72.50,453.12,true,1,
3600523351497,false,לוריאל - ע.עיניים אינפל.ג.קריון01שחור,,DE,עפרון עיניים עמי,יחידה,1.00,יחידה,false,1,25.60,25.60,true,1,
3600523363193,false,לוריאל הידרה גינייס גל לחות לעור יבש,"לוריאל פרודקשן דויטשלנד,",DE,HG ג'ל לחות,מיליליטרים,70.00,"100 מ""ל",false,1,51.20,73.14,true,1,
3600523428663,false,לוריאל - דרמו רויטליפט לייזר יום,"קרלסרו, גרמניה",DE,REVITALIFT קרם,מיליליטרים,50.00,"100 מ""ל",false,1,93.00,186.00,true,1,
3600523430932,false,גל חימר לוראל לניקוי אינטנסיבי לפנים 150,סופרויאל,PL,תרחיץ פיור קלי,מיליליטרים,150.00,"100 מ""ל",false,1,30.60,20.40,true,1,
3600523430949,false,"דרמו פיור קלי תרחיץ ירוק לניקוי, טיהור ומראה מאט",סופרוקוס,PL,תרחיץ פיור קלי,מיליליטרים,150.00,"100 מ""ל",false,1,30.60,20.40,true,1,
3600523450435,false,לוריאל סדרת פרחים גל רחצה לעור רגיש 150,קרלסרו,DE,ג'ל רחצה לפנים,מיליליטרים,150.00,"100 מ""ל",false,1,30.60,20.40,true,1,
3600523464548,false,לוריאל הידרה גינייס גל לחות לעור עדין,"לוריאל פרודקשן דויטשלנד,",DE,HG ג'ל לחות,מיליליטרים,70.00,"100 מ""ל",false,1,51.20,73.14,true,1,
3600523476619,false,לוריאל - דרמו פרחים ג'ל ניקוי כחול (החלפת ברקוד),סופרוריאל אולניי,FR,ג'ל ניקוי כחול,מיליליטרים,150.00,"100 מ""ל",false,1,30.60,20.40,true,1,
3600523500222,false,לוריאל - קונסילר טרו מאץ 3W,לוריאל,IL,קונסילר טרו מאץ,יחידה,1.00,יחידה,false,1,42.60,42.60,true,1,
3600523500246,false,קונסילר טרו מאץ 6W יח',לוריאל,IL,קונסילר טרו מאץ,יחידה,1.00,יחידה,false,1,42.60,42.60,true,1,
3600523500284,false,קונסילר טרו מאץ 1C,לוריאל,IL,קונסילר טרו מאץ,יחידה,1.00,יחידה,false,1,42.60,42.60,true,1,
3600523503285,false,לוריאל - מסקרה פרדייז שחור,לוריאל איפור,IT,פרדייז מסקרה,יחידה,1.00,יחידה,false,1,42.60,42.60,true,1,
3600523581306,false,מן אקספרט ויטליפט טורבו גל לחות אנטי איי,לוריאל,DE,מן אקספרט ויטליפ,מיליליטרים,50.00,"100 מ""ל",false,1,46.90,93.80,true,1,
3600523587865,false,לוריאל - אלביב קרם לשיער דרים לונג 200,לוריאל - אלביב Elvive,DE,קרם לשיער אלביב,מיליליטרים,200.00,"100 מ""ל",false,1,18.20,9.10,true,1,
3600523591831,false,לוריאל - מסקרה פרדייז עמידה במים,לוריאל איפור,IT,מסקרה פרדייז עמי,יחידה,1.00,יחידה,false,1,42.60,42.60,true,1,
3600523614417,false,לוריאל - שפיינג סטיק אינפליבל 130,,FR,מייקאפ פרש וור,מיליליטרים,30.00,"100 מ""ל",false,1,85.30,284.33,true,1,
3600523614431,false,לוריאל - מייקאפ פרש וור 145,,FR,מייקאפ פרש וור,מיליליטרים,30.00,"100 מ""ל",false,1,85.30,284.33,true,1,
3600523614493,false,לוריאל - מייקאפ פרש וור 140,,FR,מייקאפ פרש וור,מיליליטרים,30.00,"100 מ""ל",false,1,85.30,284.33,true,1,
3600523614509,false,לוריאל - שפיינג סטיק אינפליבל 200,,FR,מייקאפ פרש וור,מיליליטרים,30.00,"100 מ""ל",false,1,85.30,284.33,true,1,
3600523614516,false,מייקאפ פרש וור 125 30 מל,,FR,מייקאפ פרש וור 0,מיליליטרים,30.00,"100 מ""ל",false,1,85.30,284.33,true,1,
3600523614523,false,מייקאפ פרש וור 300 30 מל,,FR,מייקאפ פרש וור,מיליליטרים,30.00,"100 מ""ל",false,1,85.30,284.33,true,1,
3600523642489,false,מסכת הזנה אינטנסיבית 6 שמנים לשיער יבש,לוריאל - אלביב Elvive,DE,מסכה אלביב,מיליליטרים,300.00,"100 מ""ל",false,1,25.50,8.50,true,1,
3600523643974,false,לוריאל - שפתון שוקולד 856,,IL,שפתון שוקולד עמי,יחידה,1.00,יחידה,false,1,53.70,53.70,true,1,
3600523644018,false,לוריאל - שפתון נוזלי אינפלבל שוקו 852,,FR,שפתון שוקולד עמי,יחידה,1.00,יחידה,false,1,53.70,53.70,true,1,
3600523651870,false,שמפו לחיזוק סיב השערה לכל סוגי השיער,לוריאל - אלביב Elvive,TR,אלביב שמפו,מיליליטרים,550.00,"100 מ""ל",false,1,15.30,2.78,true,1,
3600523651887,false,"לוריאל - אלביב שמפו טוטאל ריפר 550 מ""ל",לוריאל - אלביב Elvive,TR,שמפו אלביב,מיליליטרים,550.00,"100 מ""ל",false,1,15.30,2.78,true,1,
3600523651900,false,מרכך לחיזוק סיב השערה לכל סוגי השיער,לוריאל - אלביב Elvive,TR,אלביב מרכך,מיליליטרים,550.00,"100 מ""ל",false,1,15.30,2.78,true,1,
3600523652228,false,"לוריאל - אלביב מרכך טוטאל ריפר 550 מ""ל",לוריאל - אלביב Elvive,TR,אלביב שמפו,מיליליטרים,550.00,"100 מ""ל",false,1,15.30,2.78,true,1,
3600523652242,false,"לוריאל - אלביב שמפו קולור פרוטקט 550 מ""ל",לוריאל - אלביב Elvive,TR,אלביב שמפו,מיליליטרים,550.00,"100 מ""ל",false,1,15.30,2.78,true,1,
3600523652259,false,"לוריאל - אלביב מרכך קולור פרוטקט 550 מ""ל",קוסמטיקס,TR,אלביב מרכך,מיליליטרים,550.00,"100 מ""ל",false,1,15.30,2.78,true,1,
3600523652280,false,"לוריאל אלביב שמפו מועשר ב 6 שמנים, 550 מ""ל",לוריאל - אלביב Elvive,TR,אלביב שמפו,מיליליטרים,550.00,"100 מ""ל",false,1,15.30,2.78,true,1,
3600523652297,false,"מרכך לשיער אלביב זהב 6 שמנים , 550 מ""ל",לוריאל - אלביב Elvive,TR,אלביב מרכך,מיליליטרים,550.00,"100 מ""ל",false,1,15.30,2.78,true,1,
3600523674633,false,לוריאל - גבות עמיד 109 כהה,לוריאל,CA,ג'ל גבות עמיד109,יחידה,1.00,יחידה,false,1,53.70,53.70,true,1,
3600523689576,false,שפתון רוג סיג מטאלי 204,לוריאל,FR,שפתון רוג סיג מט,יחידה,1.00,יחידה,false,1,51.20,51.20,true,1,
3600523708000,false,לוריאל - מן אקספרט פיור פאוור פילינג,AULNAYS SOPROREAL-,DE,פיור פאוור פילינ,מיליליטרים,100.00,"100 מ""ל",false,1,25.50,25.50,true,1,
3600523716524,false,לוריאל - דרמו רויטליפט קלאסי קרם אדום עברית,"קרלסרו, גרמניה",DE,קרם יום אדום,מיליליטרים,50.00,"100 מ""ל",false,1,81.10,162.20,true,1,
3600523718214,false,לוריאל - מן אקספרט היידרה ג'ל ניקוי מעורר,AULNAYS SOPROREAL-,GB,מן אקספרט היידרה,מיליליטרים,100.00,"100 מ""ל",false,1,25.50,25.50,true,1,
3600523729029,false,שפתון מקרון עמיד 832 יח',,IL,שפתון מקרון עמיד,יחידה,1.00,יחידה,false,1,51.20,51.20,true,1,
3600523729043,false,שפתון מקרון עמיד 828 יח',,IL,שפתון מקרון עמיד,יחידה,1.00,יחידה,false,1,51.20,51.20,true,1,
3600523729050,false,שפתון מקרון עמיד 838 יח',,IL,שפתון מקרון עמיד,יחידה,1.00,יחידה,false,1,51.20,51.20,true,1,
3600523729067,false,שפתון מקרון עמיד 840 יח',,IT,שפתון מקרון עמיד,יחידה,1.00,יחידה,false,1,51.20,51.20,true,1,
3600523729111,false,שפתון מקרון עמיד 820 יח',,IL,שפתון מקרון עמיד,יחידה,1.00,יחידה,false,1,51.20,51.20,true,1,
3600523755264,false,לוריאל - מסקרה לגבות 000 שקוף,,IT,מסקרה לגבות שקוף,מיליליטרים,4.00,"100 מ""ל",false,1,38.40,960.00,true,1,
3600523755288,false,לוריאל - מסקרה לגבות 108 חום,,IT,מסקרה לגבות 108,מיליליטרים,4.00,"100 מ""ל",false,1,38.40,960.00,true,1,
3600523756322,false,"לוריאל - אלביב מרכך קוקוס 550 מ""ל",קוסמטיקס,TR,מרכך אלביב,מיליליטרים,550.00,"100 מ""ל",false,1,15.30,2.78,true,1,
3600523782567,false,"לוריאל - אלביב שמפו דרים לונג 500 מ""ל",קוסמטיקס,FR,אלביב שמפו,מיליליטרים,500.00,"100 מ""ל",false,1,15.30,3.06,true,1,
3600523782574,false,לוריאל - אלביב מסכה דרים לונג 300,לוריאל - אלביב Elvive,DE,מסכה לשיער אלביב,מיליליטרים,300.00,"100 מ""ל",false,1,25.50,8.50,true,1,
3600523782581,false,מרכך מתיר קשרים לשיער ארוך ופגום Dream Long,לוריאל - אלביב Elvive,FR,אלביב מרכך,מיליליטרים,500.00,"100 מ""ל",false,1,15.30,3.06,true,1,
3600523784424,false,לוריאל - מייקאפ מאט קאבר 145,,IL,מייק אפ מאט קאבר,מיליליטרים,30.00,"100 מ""ל",false,1,88.80,296.00,true,1,
3600523784448,false,לוריאל - מייקאפ מאט קאבר 175,,IL,מייק אפ מאט קאבר,מיליליטרים,30.00,"100 מ""ל",false,1,88.80,296.00,true,1,
3600523784455,false,לוריאל - מייקאפ מאט קאבר 200,,IL,מייק אפ מאט קאבר,מיליליטרים,30.00,"100 מ""ל",false,1,88.80,296.00,true,1,
3600523784509,false,לוריאל - מייקאפ מאט קאבר 320,,IL,מייק אפ מאט קאבר,מיליליטרים,30.00,"100 מ""ל",false,1,88.80,296.00,true,1,
3600523796830,false,לוריאל - גבות סקיני 103,,IL,גבות סקיני 103,יחידה,1.00,יחידה,false,1,42.70,42.70,true,1,
3600523796854,false,לוריאל - גבות סקיני 105,,IL,גבות סקיני 105,יחידה,1.00,יחידה,false,1,42.70,42.70,true,1,
3600523807031,false,קאסטינג קרם גלוס 4102,לוריאל פריז,BE,צבע לשיער קסטינג,יחידה,1.00,יחידה,false,1,29.80,29.80,true,1,
3600523816699,false,לוריאל - דרמו פעולה משולשת פרש ג'ל עברית,"קרלסרו, גרמניה",DE,קרם לחות,מיליליטרים,50.00,"100 מ""ל",false,1,42.60,85.20,true,1,
3600523873920,false,לוריאל - דרמו רויטליפט פילר טפטפת סרום עברית,לוריאל,DE,רויטליפט פילר סר,מיליליטרים,30.00,"100 מ""ל",false,1,72.50,241.67,true,1,
3600523899906,false,אלביב מסכה פול רזיסט680מ,לוריאל-אלביב,ES,אלביב מסכה לשיער,מיליליטרים,680.00,"100 מ""ל",false,1,34.10,5.02,true,1,
3600523936625,false,לוריאל - דרמו רויטליפט לייזר סרום עברית,לוריאל,DE,סרום רויטליפט,מיליליטרים,30.00,"100 מ""ל",false,1,93.00,310.00,true,1,
3600523936663,false,לוריאל אייג פרפקט רנסנס קרם יום,לוריאל,DE,אייג'\ פרפקט רנס,מיליליטרים,50.00,"100 מ""ל",false,1,105.00,210.00,true,1,
3600523936700,false,לוריאל - דרמו משולשת נוטרישן לעור יבש עברית,"קרלסרו, גרמניה",DE,דרמו פעולה משולש,מיליליטרים,50.00,"100 מ""ל",false,1,42.60,85.20,true,1,
3600523936786,false,"לוריאל - אלביב שמן לשיער רגיל 100 מ""ל",לוריאל,IL,שמן לטיפוח השיער,מיליליטרים,100.00,"100 מ""ל",false,1,32.30,32.30,true,1,
3600523936823,false,אלביב שמן לטיפוח השיער לשיער צבוע ויבש,"אינטרביוטי קוסמטיקס, ישר",IL,שמן לשיער צבוע,מיליליטרים,100.00,"100 מ""ל",false,1,34.10,34.10,true,1,
3600523936946,false,"לוריאל - אלביב מסכת פול רזיסט 300 מ""ל","לוריאל ישראל בע""מ",DE,אלביב מסכה לשיער,מיליליטרים,300.00,"100 מ""ל",false,1,25.50,8.50,true,1,
3600523944194,false,לוריאל - אקסלנס קול קרם 6.11 חום בהיר קר,לוריאל פריז,BE,אקסלנס6.11חום קר,יחידה,1.00,יחידה,false,1,29.80,29.80,true,1,
3600523951444,false,לוריאל - פודרה עמידה אינפליבל 120,,IT,פודרה עמידה אינפ,יחידה,1.00,יחידה,false,1,55.50,55.50,true,1,
3600523951543,false,לוריאל - פודרה עמידה אינפליבל 130,,IT,פודרה עמידה אינפ,יחידה,1.00,יחידה,false,1,55.50,55.50,true,1,
3600523951598,false,לוריאל - פודרה עמידה אינפליבל 140,,IT,פודרה עמידה אינפ,יחידה,1.00,יחידה,false,1,55.50,55.50,true,1,
3600523953677,false,לוריאל - דרמו רויטליפט קלאסי יום SPF30 עברית,"קרלסרו, גרמניה",DE,דרמו רויטליפט לח,מיליליטרים,50.00,"100 מ""ל",false,1,81.10,162.20,true,1,
3600523959877,false,לוריאל - ליינר פרפקט סלים (חדש),,DE,לוריאל ליינר פרפ,יחידה,1.00,יחידה,false,1,50.30,50.30,true,1,
3600523965663,false,לוריאל רויטליפט פילר טונר מי פנים 200 מל,לוריאל,DE,רויטליפט פילר טו,מיליליטרים,200.00,"100 מ""ל",false,1,35.80,17.90,true,1,
3600523967131,false,לוריאל - דרמו רויטליפט פילר מים מיסלריים 200,לוריאל,DE,רויטליפט פילר מי,מיליליטרים,200.00,"100 מ""ל",false,1,35.80,17.90,true,1,
3600523970698,false,"לוריאל - אלביב דרים לונג וונדר ווטר 200 מ""ל",לוריאל,BE,אלביב וונדר ווטר,מיליליטרים,200.00,"100 מ""ל",false,1,25.50,12.75,true,1,
3600523971954,false,לוריאל - דרמו רויטליפט לייזר סרום רטינול,לוריאל,DE,דרמו רויטליפט לי,מיליליטרים,30.00,"100 מ""ל",false,1,93.00,310.00,true,1,
3600523985326,false,לוריאל - דרמו רויטליפט לייזר יום SPF 20 עברי,לוריאל פריס,DE,קרם אנטי אייגינג,מיליליטרים,50.00,"100 מ""ל",false,1,93.00,186.00,true,1,
3600523985838,false,לוריאל - דרמו רויטליפט פילר ג'ל ניקוי לפנים,"לוריאל פרודקשן דויטשלנד,",DE,דרמו רויטליפט פ,מיליליטרים,150.00,"100 מ""ל",false,1,35.80,23.87,true,1,
3600523989904,false,לוריאל - סרום טרו מאץ' 2-3,,FR,לוריאל סרום טרו,מיליליטרים,30.00,"100 מ""ל",false,1,68.20,227.33,true,1,
3600523989928,false,לוריאל - סרום טרו מאץ' 4-5,,FR,לוריאל סרום טרו,מיליליטרים,30.00,"100 מ""ל",false,1,68.20,227.33,true,1,
3600523991556,false,לוריאל הידרה גינייס גל לחות לעור מעורב,לוריאל,DE,דרמו הידרה ג'יני,מיליליטרים,70.00,"100 מ""ל",false,1,51.20,73.14,true,1,
3600524012601,false,"לוריאל - סרום לפנים מידנייט 30 מ""ל",לוריאל,DE,סרום לילה דרמו ר,מיליליטרים,30.00,"100 מ""ל",false,1,111.00,370.00,true,1,
3600524013370,false,לוריאל אייג פרפקט רנסנס קרם יום SPF30,לוריאל,DE,דרמו רנסנס קרם,מיליליטרים,50.00,"100 מ""ל",false,1,105.00,210.00,true,1,
3600524013448,false,לוריאל אייג פרפקט רנסנס קרם עיניים,לוריאל,FR,קרם עיניים,מיליליטרים,15.00,"100 מ""ל",false,1,105.00,700.00,true,1,
3600524019587,false,"לוריאל - רויטליפט טונר חומצה גליקולית 180 מ""ל",קוסמפול,PL,רויטליפט טונר לפ,מיליליטרים,180.00,"100 מ""ל",false,1,34.10,18.94,true,1,
3600524026639,false,לוריאל - שחור עמיד אינפליבל,פאבר קסטל,DE,עפרון אינפליבל 3,יחידה,1.00,יחידה,false,1,25.60,25.60,true,1,
3600524031091,false,לוריאל מסקרה פרו אדום יח,סייפו,IT,לוריאל מסקרה פרו,יחידה,1.00,יחידה,false,1,68.30,68.30,true,1,
3600524031107,false,לוריאל מסקרה פרו סגול יח,סייפו,IT,לוריאל מסקרה פרו,יחידה,1.00,יחידה,false,1,68.30,68.30,true,1,
3600524031138,false,לוריאל מסקרה פרו כסוף יח,סייפו,IT,לוריאל מסקרה פרו,יחידה,1.00,יחידה,false,1,68.30,68.30,true,1,
3600524051006,false,"לוריאל - רויטליפט ג'ל ניקוי חומצה גליקולית 150 מ""ל",קרלסרו,DE,רויטליפט ג'ל ניק,מיליליטרים,150.00,"100 מ""ל",false,1,34.10,22.73,true,1,
3600524051211,false,"לוריאל - רויטליפט פילר קרם יום 50 מ""ל",לוריאל,DE,רויטפילט פילר קר,מיליליטרים,50.00,"100 מ""ל",false,1,72.50,145.00,true,1,
3600524051334,false,אלביב מרכך חומצה היאלורונית 400 מל,לוריאל,FR,אלביב מרכך,מיליליטרים,400.00,"100 מ""ל",false,1,15.30,3.83,true,1,
3600524051570,false,לוריאל - אלביב מסכה היאלורונית 300 מ''ל,DEUT PRODUKTION L\'OREAL,FR,אלביב מסכה,מיליליטרים,300.00,"100 מ""ל",false,1,25.50,8.50,true,1,
3600524055400,false,לוריאל - אלביב שמפו היאלורונית 500 מ''ל,לוריאל,FR,אלביב שמפו,מיליליטרים,500.00,"100 מ""ל",false,1,15.30,3.06,true,1,
3600524061340,false,"לוריאל - אלביב קרם לשיער דרים לונג 200 מ""ל",קוסמטיקס,DE,אלביב קרם לשיער,מיליליטרים,200.00,"100 מ""ל",false,1,18.20,9.10,true,1,
3600524065621,false,לוריאל סדרת פרחים קרם ניקוי לפנים 150 מל,סופרוריאל אולניי,FR,ג'ל ניקוי כחול,מיליליטרים,150.00,"100 מ""ל",false,1,30.60,20.40,true,1,
3600530575428,false,מייבלין - עפרון שפתיים סנסשיונאל 132,סייפו,IT,עפרון שפתיים,יחידה,1.00,יחידה,false,0,17.00,17.00,true,1,
3600530575459,false,מייבלין - עפרון שפתיים סנסשיונאל 338,סייפו,IL,עפרון שפתיים,יחידה,1.00,יחידה,false,0,17.00,17.00,true,1,
3600530575503,false,מייבלין - עפרון שפתיים סנסשיונאל 547,סייפו,IL,עפרון שפתיים,יחידה,1.00,יחידה,false,0,17.00,17.00,true,1,
3600530695737,false,מייבלין - שפתון סופרסטיי 150,מייבלין Maybelline,FR,STAY150 SUPER,יחידה,1.00,יחידה,false,1,37.50,37.50,true,1,
3600530695768,false,מייבלין - שפתון סופרסטיי 185,מייבלין Maybelline,FR,STAY150 SUPER,יחידה,1.00,יחידה,false,1,37.50,37.50,true,1,
3600530695782,false,מייבלין - שפתון סופרסטיי 195,מייבלין Maybelline,FR,STAY150 SUPER,יחידה,1.00,יחידה,false,1,37.50,37.50,true,1,
3600530695812,false,מייבלין - שפתון סופרסטיי 260,מייבלין Maybelline,FR,STAY260 SUPER,יחידה,1.00,יחידה,false,1,37.50,37.50,true,1,
3600530695836,false,מייבלין - שפתון סופרסטיי 310,לוריאל,FR,סופר סטיי 310,יחידה,1.00,יחידה,false,1,37.50,37.50,true,1,
3600530695850,false,מייבלין - שפתון סופרסטיי 340,מייבלין Maybelline,FR,STAY340 SUPER,יחידה,1.00,יחידה,false,1,37.50,37.50,true,1,
3600530695928,false,מייבלין - שפתון סופרסטיי 542,מייבלין Maybelline,FR,STAY542 SUPER,יחידה,1.00,יחידה,false,1,37.50,37.50,true,1,
3600530695935,false,מייבלין - שפתון סופרסטיי 585,מייבלין Maybelline,FR,STAY585 SUPER,יחידה,1.00,יחידה,false,1,37.50,37.50,true,1,
3600530695959,false,מייבלין - שפתון סופרסטיי 611,לוריאל,FR,סופר סטיי 611,יחידה,1.00,יחידה,false,1,37.50,37.50,true,1,
3600530695973,false,מייבלין - שפתון סופרסטיי 640,מייבלין Maybelline,FR,STAY640 SUPER,יחידה,1.00,יחידה,false,1,37.50,37.50,true,1,
3600530696024,false,מייבלין - שפתון סופרסטיי 760,מייבלין Maybelline,FR,STAY SUPER 760,יחידה,1.00,יחידה,false,1,37.50,37.50,true,1,
3600530730308,false,מייבלין - ליינר מסטר פרסייס שחור,שוואן סטבילו,IT,אייליינר,יחידה,1.00,יחידה,false,0,29.00,29.00,true,1,
3600530733842,false,מייבלין - קונסילר ספוגית 01IAR,מייבלין Maybelline,IL,קונסילר אנטי איג,יחידה,1.00,יחידה,false,1,39.20,39.20,true,1,
3600530733859,false,מייבלין - קונסילר ספוגית 02IAR,,IL,קונסילר אנטי איג,יחידה,1.00,יחידה,false,1,39.20,39.20,true,1,
3600530733866,false,מייבלין - קונסילר ספוגית 03IAR,מייבלין Maybelline,IL,קונסילר אנטי איג,יחידה,1.00,יחידה,false,1,39.20,39.20,true,1,
3600530854363,false,מייבלין - פודרה סופר סטיי 10,סייפו,IT,פודרה סופרסטיי,יחידה,1.00,יחידה,false,0,29.00,29.00,true,1,
3600530854387,false,מייבלין - פודרה סופר סטיי 21,סייפו,IT,פודרה סופרסטיי,יחידה,1.00,יחידה,false,0,29.00,29.00,true,1,
3600531047795,false,מייבלין - ליינר מסטר פרסייס חום,שואן קוסמטיקס,DE,ליינר זהב,יחידה,1.00,יחידה,false,1,29.00,29.00,true,1,
3600531084806,false,מייבלין - עפרון עיניים קולוסאל קזאל 1,סייפו,DE,KAJAL COLOSSAL,יחידה,1.00,יחידה,false,1,17.00,17.00,true,1,
3600531143459,false,מייבלין - מסקרה לאש שחור,סייפו,IT,מסקרה,יחידה,1.00,יחידה,false,1,34.00,34.00,true,1,
3600531300357,false,מייבלין - שפתון סופרסטיי 725,לוריאל,FR,סופר סטיי 725,יחידה,1.00,יחידה,false,1,37.50,37.50,true,1,
3600531319670,false,מייק אפ וי שייפ מדיום יח,קריסטל קלייר,CA,מייק אפ,יחידה,1.00,יחידה,false,0,29.00,29.00,true,1,
3600531324513,false,מייבלין - מייקאפ פיט מי מאט 115,מייבלין Maybelline,FR,מייק אפ,יחידה,1.00,יחידה,false,0,44.30,44.30,true,1,
3600531324520,false,מייבלין - מייקאפ פיט מי מאט 120,מייבלין,FR,פיטמי מייק אפ 20,יחידה,1.00,יחידה,false,1,44.30,44.30,true,1,
3600531324544,false,מייבלין - מייקאפ פיט מי מאט 130,מייבלין Maybelline,FR,מייק אפ,יחידה,1.00,יחידה,false,0,44.30,44.30,true,1,
3600531324568,false,מייבלין - מייקאפ פיט מי מאט 230,מייבלין,IL,מייק אפ פיט מי 2,יחידה,1.00,יחידה,false,0,44.30,44.30,true,1,
3600531365837,false,מייבלין - שפתון סופרסטיי 553,מייבלין Maybelline,FR,STAY SUPER 553,יחידה,1.00,יחידה,false,1,37.50,37.50,true,1,
3600531369026,false,מייבלין - מייקאפ פיט מי מאט 128,מייבלין,IL,מייק אפ פיט מי מ,מיליליטרים,30.00,"100 מ""ל",false,0,44.30,147.67,true,1,
3600531369484,false,מייבלין מייק אפ פיט מי מאט פורלס+ 320,מייבלין,IL,מייק אפ פיט מי 3,מיליליטרים,30.00,"100 מ""ל",false,0,44.30,147.67,true,1,
3600531384173,false,מייבלין - פודרה פיט מי 115,מייבלין Maybelline,IL,פודרה פיט מי,יחידה,1.00,יחידה,false,1,31.50,31.50,true,1,
3600531384210,false,מייבלין - פודרה פיט מי 130,מייבלין Maybelline,IL,פיט פודרה 130,יחידה,1.00,יחידה,false,1,31.50,31.50,true,1,
3600531396848,false,מייבלין - קונסילר ספוגית 04IAR,מייבלין Maybelline,IL,קונסילר אנטי איג,יחידה,1.00,יחידה,false,1,39.20,39.20,true,1,
3600531396855,false,מייבלין - קונסילר ספוגית 06IAR,מייבלין Maybelline,IL,קונסילר אנטי איג,יחידה,1.00,יחידה,false,1,39.20,39.20,true,1,
3600531411091,false,מייבלין - שפתון ס.סטיי אינק 05,,IL,שפתון סופר סטיי,יחידה,1.00,יחידה,false,1,37.50,37.50,true,1,
3600531411107,false,מייבלין - שפתון ס.סטיי אינק 15,,IL,שפתון סופר סטיי,יחידה,1.00,יחידה,false,1,37.50,37.50,true,1,
3600531411114,false,מייבלין - שפתון ס.סטיי אינק 20,,IL,שפתון סופר סטיי,יחידה,1.00,יחידה,false,1,37.50,37.50,true,1,
3600531411145,false,מייבלין - שפתון ס.סטיי אינק 35,,IL,שפתון סופר סטיי,יחידה,1.00,יחידה,false,1,37.50,37.50,true,1,
3600531411176,false,מייבלין - שפתון ס.סטיי אינק 50,,IL,שפתון סופר סטיי,יחידה,1.00,יחידה,false,1,37.50,37.50,true,1,
3600531411183,false,מייבלין - שפתון ס.סטיי אינק 10,,IL,שפתון סופר סטיי,יחידה,1.00,יחידה,false,1,37.50,37.50,true,1,
3600531417734,false,מייב ג'ל לגבות בראו טאטו 01 טסט,,IL,ג'ל גבות חום,יחידה,1.00,יחידה,false,1,35.80,35.80,true,1,
3600531417758,false,מייב ג'ל לגבות בראו טאטו 02,,IL,ג'ל גבות ברואו ט,יחידה,1.00,יחידה,false,1,35.80,35.80,true,1,
3600531429911,false,מייבלין - פלטת צלליות ברגונדי,מייבלין Maybelline,IT,פלטת צלליות בורג,יחידה,1.00,יחידה,false,1,33.30,33.30,true,1,
3600531465193,false,מייבלין - קונסילר ספוגית 08IAR,מייבלין Maybelline,IL,קונסילר ספוג 08,יחידה,1.00,יחידה,false,1,39.20,39.20,true,1,
3600531465230,false,מייבלין - קונסילר ספוגית 00IAR,מייבלין Maybelline,IL,קונסילר ספוג 00,יחידה,1.00,יחידה,false,1,39.20,39.20,true,1,
3600531465247,false,מייבלין - קונסילר ספוגית 07IAR,,IL,קונסילר 07,יחידה,1.00,יחידה,false,1,39.20,39.20,true,1,
3600531465254,false,מייבלין - קונסילר ספוגית 11IAR,מייבלין,IL,קונסילר ספוג 11,יחידה,1.00,יחידה,false,1,39.20,39.20,true,1,
3600531469412,false,מייבלין - שפתון ס.סטיי אינק 70,מייבלין,IL,שפתון מאט אינק 7,יחידה,1.00,יחידה,false,1,37.50,37.50,true,1,
3600531469429,false,מייבלין - שפתון ס.סטיי אינק 55,מייבלין,IL,שפתון מאט אינק 6,יחידה,1.00,יחידה,false,1,37.50,37.50,true,1,
3600531469436,false,מייבלין - שפתון ס.סטיי אינק 75,מייבלין,IL,שפתון מאט אינק 7,יחידה,1.00,יחידה,false,1,37.50,37.50,true,1,
3600531469467,false,מייבלין - שפתון ס.סטיי אינק 60,מייבלין,IL,שפתון מאט אינק 6,יחידה,1.00,יחידה,false,1,37.50,37.50,true,1,
3600531469481,false,מייבלין - שפתון ס.סטיי אינק 80,מייבלין,IL,שפתון מאט אינק 8,יחידה,1.00,יחידה,false,1,37.50,37.50,true,1,
3600531469498,false,מייבלין - שפתון ס.סטיי אינק 65,מייבלין,IL,שפתון מאט אינק 6,יחידה,1.00,יחידה,false,1,37.50,37.50,true,1,
3600531469504,false,מייבלין - שפתון ס.סטיי אינק 95,מייבלין,IL,שפתון מאט אינק 9,יחידה,1.00,יחידה,false,1,37.50,37.50,true,1,
3600531511654,false,נייל קר הכל באחד יח',לוריאל,IL,נייל קר הכל באחד,יחידה,1.00,יחידה,false,1,53.70,53.70,true,1,
3600531511685,false,נייל קר טופ גל סטאר יח',לוריאל,IL,נייל קר טופ גל ס,יחידה,1.00,יחידה,false,1,53.70,53.70,true,1,
3600531513382,false,מייבלין - שפתון ס.סטיי אינק 120,לוריאל,IL,שפתון מאט אינק 1,יחידה,1.00,יחידה,false,1,37.50,37.50,true,1,
3600531513429,false,מייבלין - שפתון ס.סטיי אינק 125,לוריאל,FR,שפתון מאט אינק 1,יחידה,1.00,יחידה,false,1,37.50,37.50,true,1,
3600531513436,false,מייבלין - שפתון ס.סטיי אינק 130,לוריאל,FR,שפתון מאט אינק 1,יחידה,1.00,יחידה,false,1,37.50,37.50,true,1,
3600531513443,false,מייבלין - שפתון ס.סטיי אינק 135,לוריאל,IL,שפתון מאט אינק 1,יחידה,1.00,יחידה,false,1,37.50,37.50,true,1,
3600531513474,false,מייבלין - שפתון ס.סטיי אינק 118,לוריאל,FR,שפתון מאט אינק 1,יחידה,1.00,יחידה,false,1,37.50,37.50,true,1,
3600531531065,false,מייב איילינר עמיד טאטו ליינר ג'ל שחור,CASTELL FABER,DE,טאטו ליינר ג'ל ש,יחידה,1.00,יחידה,false,1,17.00,17.00,true,1,
3600531537289,false,מייבלין - סומק פיט מי 40,,IL,סומק פיטמי 40,יחידה,1.00,יחידה,false,1,29.90,29.90,true,1,
3600531537357,false,מייבלין - סומק פיט מי 50,,IL,סומק פיטמי 50,יחידה,1.00,יחידה,false,1,29.90,29.90,true,1,
3600531537470,false,מייבלין - סומק פיט מי 25,מייבלין Maybelline,IL,סומק פיטמי 25,יחידה,1.00,יחידה,false,1,29.90,29.90,true,1,
3600531537531,false,מייבלין - סומק פיט מי 35,מייבלין Maybelline,IL,סומק פיטמי 35,יחידה,1.00,יחידה,false,1,29.90,29.90,true,1,
3600531539900,false,נייל קר טופ גוד טוגו יח',לוריאל,IL,נייל קר טופ גוד,יחידה,1.00,יחידה,false,1,53.70,53.70,true,1,
3600531579067,false,מייבלין - שפתון ס.סטיי אינק 155,מייבלין,IL,שפתון מאט אינק,יחידה,1.00,יחידה,false,1,37.50,37.50,true,1,
3600531591304,false,מייבלין - סומק צ'יק היט 15,,CN,סומק צ'יק היט 15,מיליליטרים,10.00,"100 מ""ל",false,1,35.90,359.00,true,1,
3600531591335,false,מייבלין - סומק צ'יק היט 30,,CN,סומק צ'יק היט 30,מיליליטרים,10.00,"100 מ""ל",false,1,35.90,359.00,true,1,
3600531591359,false,מייבלין - סומק צ'יק היט 20,,CN,סומק צ'יק היט 20,מיליליטרים,10.00,"100 מ""ל",false,1,35.90,359.00,true,1,
3600531592325,false,מייבלין - ליינר הייפר איזי,,CN,מייב ליינר הייפר,יחידה,1.00,יחידה,false,1,29.90,29.90,true,1,
3600531592974,false,מייבלין - פלטת צלליות ניו יורק,מייבלין Maybelline,IL,פלטת צלליות ניו,יחידה,1.00,יחידה,false,1,42.70,42.70,true,1,
3600531605650,false,מייבלין - שפתון ס.סטיי אינק 165,מייבלין,IL,שפתון מאט אינק,יחידה,1.00,יחידה,false,1,37.50,37.50,true,1,
3600531605681,false,מייבלין - שפתון ס.סטיי אינק 180,מייבלין,IL,שפתון מאט אינק,יחידה,1.00,יחידה,false,1,37.50,37.50,true,1,
3600531609719,false,מייבלין - שפתון ליפטר גלוס 08,,FR,שפתון ליפטר גלוס,יחידה,1.00,יחידה,false,1,34.10,34.10,true,1,
3600531609757,false,מייבלין - שפתון ליפטר גלוס 07,,FR,שפתון ליפטר גלוס,יחידה,1.00,יחידה,false,1,34.10,34.10,true,1,
3600531629106,false,מייבלין - מסקרה לאש ליפט אקסטרה בלק,,IT,מסקרה לאש ל,יחידה,1.00,יחידה,false,1,34.10,34.10,true,1,
3600531630218,false,מייבלין - עיפרון גבות בראו טאטו 36 03,,DE,עפרון גבות טאטו,יחידה,1.00,יחידה,false,1,29.90,29.90,true,1,
3600531630317,false,מייבלין - עיפרון גבות בראו טאטו 36 05,,DE,עפרון גבות טאטו,יחידה,1.00,יחידה,false,1,29.90,29.90,true,1,
3600531630416,false,מייבלין - עיפרון גבות בראו טאטו 36 07,,DE,עפרון גבות טאטו,יחידה,1.00,יחידה,false,1,29.90,29.90,true,1,
3600531631260,false,מייבלין - שפתון ס.סטיי אינק ספייס 340,,FR,מאט אינק ספייס 3,יחידה,1.00,יחידה,false,1,37.50,37.50,true,1,
3600531631390,false,מייבלין - פריימר פיט מי לומינס,,FR,מייב פריימר פיט,יחידה,1.00,יחידה,false,1,34.10,34.10,true,1,
3600531632380,false,מייבלין - מייקאפ סופרסטיי 30שעות 10,מייבלין,FR,מייק אפ סופרסטיי,מיליליטרים,30.00,"100 מ""ל",false,1,47.00,156.67,true,1,
3600531632472,false,מייבלין - מייקאפ סופרסטיי 30שעות 30,מייבלין,FR,מייק אפ סופרסטיי,מיליליטרים,30.00,"100 מ""ל",false,1,47.00,156.67,true,1,
3600531650735,false,מייבלין - טאטו בראו ליפט 03,,KR,טאטו בראו ליפט 3,מיליליטרים,4.00,"100 מ""ל",false,1,34.10,852.50,true,1,
3600540308627,false,צבע לשיער קולור נטורלס 4,לוריאל ישראל קוסמטיקס בע,PL,צבע לשיער גרנייה,יחידה,1.00,יחידה,false,0,16.10,16.10,true,1,
3600540308641,false,גרנייה - קולור נטורלס 6 חום בהיר,קוסמופול,PL,צבע לשיער גרנייה,יחידה,1.00,יחידה,false,0,16.10,16.10,true,1,
3600541023291,false,גרניה 7 ימים קרם גוף אלוורה 400 מל,קוסמופול,PL,קרם גוף גרנייה,מיליליטרים,400.00,"100 מ""ל",false,1,12.70,3.18,true,1,
3600541029323,false,גרנייה אסנשיאל מסיר איפור 2 ב- 1,SOPROCOS סופרוקוס,FR,ESSENTIALS מסיר,מיליליטרים,200.00,"100 מ""ל",false,0,22.10,11.05,true,1,
3600541351493,false,גרניה אנטי אייגינג אססנטיאל 45+ קרם יום,לוריאל,DE,אנטי אייג',מיליליטרים,50.00,"100 מ""ל",false,1,38.30,76.60,true,1,
3600541382930,false,גרנייה - מים מיסלרים לכל סוגי העור,"קוסמופול, פולין",PL,מים מיסלריים,מיליליטרים,400.00,"100 מ""ל",false,0,25.50,6.38,true,1,
3600541402270,false,"גרנייה - דאודורנט ספריי לאישה אינביזיבל BWC (ירוק) 150 מ""ל","לוריאל ישראל בע""מ",FR,דאו.גרנייה,מיליליטרים,150.00,"100 מ""ל",false,0,10.10,6.73,true,1,
3600541740006,false,"גרנייה - דאודורנט ספריי לאישה אקשן קונטרול 72 שעות 150 מ""ל","לוריאל ישראל בע""מ",FR,דאו.גרנייה,מיליליטרים,150.00,"100 מ""ל",false,1,10.10,6.73,true,1,
3600541928169,false,"גרנייה פיור פחם ג'ל ניקוי 150 מ""ל","קרלסרו, גרמניה",DE,ג'יל ניקוי פיור,יחידה,1.00,יחידה,false,1,29.00,29.00,true,1,
3600541928275,false,מי פנים מיסלריים דו-פאזיים מסיר איפור עמיד במים,"קוסמופול, פולין",PL,מים מיסלריים דו,מיליליטרים,400.00,"100 מ""ל",false,1,25.50,6.38,true,1,
3600541937475,false,גרניה פיור גרגרים מסיכה לעור מעורב עד שמן,לוריאל,FR,גרנייה פיור ניקו,מיליליטרים,150.00,"100 מ""ל",false,1,29.00,19.33,true,1,
3600541940574,false,"גרנייה מים מיסלרים 700 מ""ל",קוסמופול,PL,מים מיסלריים,מיליליטרים,700.00,"100 מ""ל",false,0,38.40,5.49,true,1,
3600541952720,false,ג'ל גרגירים עם פחם פעיל לטיפול בראשים שחורים,גרנייה Garnier,FR,PURE פחם ג'ל,מיליליטרים,150.00,"100 מ""ל",false,1,29.00,19.33,true,1,
3600541956223,false,"גרנייה פיור לניקוי וטיפול בסימנים ופגעי עם מברשת 150 מ""ל","קרלסרו, גרמניה",DE,ג'ל ניקוי עמוק,מיליליטרים,150.00,"100 מ""ל",false,1,29.00,19.33,true,1,
3600542050579,false,גרניה בוטניקל מי פנים ורדים 200 מל,קוסמופול,DE,בוטניקל מי פנים,מיליליטרים,200.00,"100 מ""ל",false,1,21.30,10.65,true,1,
3600542052788,false,גרנייה בוטניקל חלב פנים ורדים 200 מל,קוסמופול,DE,חלב פנים ורדים,מיליליטרים,200.00,"100 מ""ל",false,1,21.30,10.65,true,1,
3600542097239,false,גרנייה - מסכת טישו פחם תה שחור,ביוטיקוס אינטרנשיונאל,CN,מסכת טישו פחם,יחידה,1.00,יחידה,false,1,12.70,12.70,true,1,
3600542097253,false,גרנייה - מסכת טישו פחם אצות שחורות,ביוטיקוס אינטרנשיונאל,CN,מסכת טישו פחם,יחידה,1.00,יחידה,false,1,12.70,12.70,true,1,
3600542154772,false,גרנייה מסכת טישו עיניים סקין אקטיב קוקוס,לוריאל,CN,טישו עיניים קוקו,יחידה,1.00,יחידה,false,1,11.00,11.00,true,1,
3600542154789,false,גרנייה מסכת טישו עיניים סקין אקטיב תפוז,לוריאל,CN,מסכת טישו לעיניי,יחידה,1.00,יחידה,false,1,11.00,11.00,true,1,
3600542216623,false,"דאודורנט רול גרנייה אקשן קונטרול 50 מ""ל",סופרוקוס,PL,דאודורנט גרנייה,מיליליטרים,50.00,"100 מ""ל",false,1,10.10,20.20,true,1,
3600542216647,false,"גרנייה - דאודורנט ספריי לאישה 96 שעות אקשן קונטר 150 מ""ל",לוריאל,FR,דאו.ספריי גרנייה,מיליליטרים,150.00,"100 מ""ל",false,1,10.10,6.73,true,1,
3600542232036,false,גרניה סקין נט אלו גל אלוורה ללחות 50 מל,לוריאל,DE,סקין נט אלו ג'ל,מיליליטרים,50.00,"100 מ""ל",false,1,40.90,81.80,true,1,
3600542244879,false,גרנייה - אוליה מיני קיט8.31 בלונד זהוב אפרפר,לוריאל,PL,אוליה 8.31 בלונד,יחידה,1.00,יחידה,false,1,25.50,25.50,true,1,
3600542245340,false,גרנייה - אוליה מיני קיט 1 שחור עמוק,לוריאל,PL,צבעי שיער אוליה,יחידה,1.00,יחידה,false,1,25.50,25.50,true,1,
3600542245357,false,גרנייה - אוליה מיני10.1בלונד אפרפר בהיר מאוד,לוריאל,PL,צבעי שיער אוליה,יחידה,1.00,יחידה,false,1,25.50,25.50,true,1,
3600542245395,false,גרנייה - אוליה מיני קיט 3 חום שחור,לוריאל,PL,צבע לשיער אוליה,יחידה,1.00,יחידה,false,1,25.50,25.50,true,1,
3600542245425,false,גרנייה - אוליה מיני קיט 4.15 חום שוקולד קרח,לוריאל,PL,אוליהמיני4.15חום,יחידה,1.00,יחידה,false,1,25.50,25.50,true,1,
3600542245449,false,גרנייה - אוליה מיני קיט 5 חום טבעי,לוריאל,PL,צבע לשיער אוליה,יחידה,1.00,יחידה,false,1,25.50,25.50,true,1,
3600542245500,false,גרנייה - אוליה מיני קיט 6.3 חום זהוב בהיר,לוריאל,PL,אוליהמיני 6.3חום,יחידה,1.00,יחידה,false,1,25.50,25.50,true,1,
3600542267953,false,גרנייה - פיור אקטיב מים מיסלריים 400,גרנייה-קוסמטיקה,PL,פיור מי מיסלר,מיליליטרים,400.00,"100 מ""ל",false,1,25.50,6.38,true,1,
3600542309974,false,"גרנייה - דאודורנט רול און לאישה מגנזיום 50 מ""ל",סופרוקוס,PL,דאו גרנייה,מיליליטרים,50.00,"100 מ""ל",false,1,10.10,20.20,true,1,
3600542310444,false,"גרנייה - דאודורנט ספריי לאישה מגנזיום 150 מ""ל",סופרוקוס,PL,גרניה דאו ספרי,מיליליטרים,150.00,"100 מ""ל",false,1,10.10,6.73,true,1,
3600542328647,false,גרניה סקין נט קרם גל אלוורה 50 מל,לוריאל,PL,קרם ג'ל אלוורה,יחידה,1.00,יחידה,false,0,40.90,40.90,true,1,
3600542365758,false,גרניה בוטניקל מי פנים ענבים 200 מל,"קוסמופול, פולין",DE,מי פנים ענבים,מיליליטרים,200.00,"100 מ""ל",false,1,21.20,10.60,true,1,
3600542365796,false,גרניה בוטניקל גל ניקוי ענבים 200 מל,לוריאל,PL,בוטניקל ג'ל ניקו,מיליליטרים,200.00,"100 מ""ל",false,1,21.20,10.60,true,1,
3600542366113,false,גרניה בוטניקל קרם לחות ענבים 50 מל,לוריאל,DE,סקין נטורל קרם ע,מיליליטרים,50.00,"100 מ""ל",false,1,34.10,68.20,true,1,
3600542366151,false,גרנייה - קרם לחות בוטניקלס ורדים,לוריאל,DE,סקין נטורל קרם ל,מיליליטרים,50.00,"100 מ""ל",false,1,34.10,68.20,true,1,
3600542368896,false,גרניה טישו מסק פיור אקטיב מסכת טישו לעור,לוריאל,CN,פיור אקטיב טישו,יחידה,1.00,יחידה,false,1,12.70,12.70,true,1,
3600542375801,false,גרניה פיור אקטיב 3ב1 פחם 150 מל,לוריאל,FR,פיור אקטיב 3 ב 1,מיליליטרים,150.00,"100 מ""ל",false,1,29.00,19.33,true,1,
3600542380492,false,גרנייה - מסכת טישו ויטמין סי,לוריאל,CN,מסיכת טישו ויטמי,יחידה,1.00,יחידה,false,1,12.70,12.70,true,1,
3600542385091,false,"גרנייה - דאודורנט רול און לאישה אקשן קונטרול 72 שעות 50 מ""ל",קוסמופול,PL,רול און גרנייה,מיליליטרים,50.00,"100 מ""ל",false,1,10.10,20.20,true,1,
3600542385107,false,"גרנייה - דאודורנט רול און לאישה אינביזיבל BWC (ירוק) 50 מ""ל",לוריאל ישראל קוסמטיקס בע,PL,דא.רול גרנייה,מיליליטרים,50.00,"100 מ""ל",false,1,10.10,20.20,true,1,
3600542385220,false,"גרנייה - דאודורנט רול און לאישה פרוטקשן 6 פלורל (סגול) 50 מ""ל",גרנייה Garnier,FR,רול און גרנייה,מיליליטרים,50.00,"100 מ""ל",false,1,10.10,20.20,true,1,
3600542385251,false,"גרנייה - דאודורנט רול און לאישה פרוטקשן 6 כותנה (ורוד) 50 מ""ל",גרנייה Garnier,FR,רול און גרנייה,מיליליטרים,50.00,"100 מ""ל",false,1,10.10,20.20,true,1,
3600542385275,false,"גרנייה - דאודורנט רול און לאישה פיור אקטיב 50 מ""ל",גרנייה Garnier,FR,רול און גרנייה,מיליליטרים,50.00,"100 מ""ל",false,1,10.10,20.20,true,1,
3600542385312,false,גרניה טישו מסק מסכת רימונים לעור יבש,לוריאל,CN,גרנייה טישו מסק,גרמים,32.00,100 גרם,false,1,12.70,39.69,true,1,
3600542385329,false,גרניה טישו מסק מסכת תה ירוק לעור רגיל,לוריאל,CN,טישו מסק תה ירוק,יחידה,1.00,יחידה,false,1,12.70,12.70,true,1,
3600542385626,false,גרנייה - מסכת טישו עם אלוורה וחומצה הילאורונית,לוריאל,CN,גרנייה טישו ואלו,גרמים,32.00,100 גרם,false,1,12.70,39.69,true,1,
3600542397926,false,גרניה דאו ספריי 6 פרוטקשן כותנה,"קוסמופול, פולין",FR,ספריי גרניה,מיליליטרים,150.00,"100 מ""ל",false,1,10.10,6.73,true,1,
3600542398206,false,גרניה סקין נט תרחיץ אלוורה 200 מל,"קוסמופול, פולין",DE,תרחיץ אלוורה,יחידה,1.00,יחידה,false,0,21.30,21.30,true,1,
3600542412773,false,גרניה פיור אקטיב פיל אוף פחם מסכה 50 מל,סופרוריאל אולניי,FR,גרנייה פיור פיל,מיליליטרים,50.00,"100 מ""ל",false,1,29.00,58.00,true,1,
3600542413626,false,גרנייה - מסכת טישו דובדבן שפתיים,לוריאל,CN,מסכת טישו דובדבן,יחידה,1.00,יחידה,false,1,11.00,11.00,true,1,
3600542415071,false,גרניה סקין נטורלס קרם לחות BB גוון ללא ש,לוריאל,FR,BB קרם לחות ללא,מיליליטרים,50.00,"100 מ""ל",false,1,52.90,105.80,true,1,
3600542415194,false,גרניה סקין נטורלס קרם לחות BB גוון ללא ש,לוריאל,FR,קרם לחות,מיליליטרים,50.00,"100 מ""ל",false,1,52.90,105.80,true,1,
3600542416405,false,גרניה סקין נטורלס קרם לחות BB גוון מדיום,לוריאל,FR,BB מדיוםקרם לחות,מיליליטרים,50.00,"100 מ""ל",false,1,51.20,102.40,true,1,
3600542416436,false,גרניה סקין נטורלס קרם לחות BB גוון בהיר,לוריאל,FR,קרם לחות,מיליליטרים,50.00,"100 מ""ל",false,1,52.90,105.80,true,1,
3600542421621,false,גרניה פרוקטיס מסכה לשיער בננה 390 מל,"אינטרביוטי קוסמטיק בע""\מ",IL,פרוקטיס היירפוד,מיליליטרים,390.00,"100 מ""ל",false,1,34.10,8.74,true,1,
3600542421638,false,"גרנייה - פרוקטיס היירפוד שמפו מקדמיה 350 מ""ל","אינטרביוטי קוסמטיק בע""\מ",IL,פרוקטיס היירפוד,מיליליטרים,350.00,"100 מ""ל",false,1,12.70,3.63,true,1,
3600542421645,false,"גרנייה - פרוקטיס היירפוד מרכך מקדמיה 350 מ""ל","אינטרביוטי קוסמטיק בע""\מ",IL,פרוקטיס היירפוד,מיליליטרים,350.00,"100 מ""ל",false,1,12.70,3.63,true,1,
3600542421669,false,"גרנייה - פרוקטיס היירפוד מרכך פפאיה 350 מ""ל","אינטרביוטי קוסמטיק בע""\מ",IL,פרוקטיס היירפוד,מיליליטרים,350.00,"100 מ""ל",false,1,12.70,3.63,true,1,
3600542421676,false,"גרנייה - פרוקטיס היירפוד מרכך בננה 350 מ""ל","אינטרביוטי קוסמטיק בע""\מ",IL,פרוקטיס היירפוד,מיליליטרים,350.00,"100 מ""ל",false,1,12.70,3.63,true,1,
3600542421683,false,"גרנייה - פרוקטיס היירפוד שמפו בננה 350 מ""ל","אינטרביוטי קוסמטיק בע""\מ",IL,פרוקטיס היירפוד,מיליליטרים,350.00,"100 מ""ל",false,1,12.70,3.63,true,1,
3600542421706,false,"גרנייה - פרוקטיס היירפוד שמפו פפאיה 350 מ""ל","אינטרביוטי קוסמטיק בע""\מ",IL,פרוקטיס היירפוד,מיליליטרים,350.00,"100 מ""ל",false,1,12.70,3.63,true,1,
3600542421720,false,גרנייה פרוקטיס היפורד מסכה פפאיה 390 גר,"אינטרביוטי קוסמטיק בע""\מ",IL,פרוקטיס היירפוד,מיליליטרים,390.00,"100 מ""ל",false,1,34.10,8.74,true,1,
3600542421737,false,גרנייה פרוקטיס היפורד מסכה מקדמיה 390 גר,"אינטרביוטי קוסמטיק בע""\מ",IL,פרוקטיס היירפוד,מיליליטרים,390.00,"100 מ""ל",false,1,34.10,8.74,true,1,
3600542431828,false,גרנייה - קולור נטורלס 1 שחור טבעי חדש,לוריאל ישראל קוסמטיקס בע,PL,קולור נטורלס 1,יחידה,1.00,יחידה,false,1,16.10,16.10,true,1,
3600542431835,false,גרנייה - קולור נטורלס 3 חום כהה מאוד חדש,לוריאל ישראל קוסמטיקס בע,PL,קולור נטורלס 3,יחידה,1.00,יחידה,false,1,16.10,16.10,true,1,
3600542431842,false,גרנייה - קולור נטורלס 4 חום כהה טבעי חדש,לוריאל ישראל קוסמטיקס בע,PL,קולור נטורלס 4,יחידה,1.00,יחידה,false,1,16.10,16.10,true,1,
3600542431859,false,גרנייה - קולור נטורלס 5 חום טבעי חדש,לוריאל ישראל קוסמטיקס בע,PL,צבע שיער קולור,יחידה,1.00,יחידה,false,1,16.10,16.10,true,1,
3600542431866,false,גרנייה קולור נטורלס צבע לשיער חום בהיר 6,גרנייה Garnier,PL,קולור נטורלס 6,יחידה,1.00,יחידה,false,1,16.10,16.10,true,1,
3600542431873,false,גרנייה - קולור נטורלס 7 בלונד טבעי חדש,לוריאל ישראל קוסמטיקס בע,PL,קולור נטורלס 7,יחידה,1.00,יחידה,false,1,16.10,16.10,true,1,
3600542431880,false,גרנייה - קולור נטורלס 8 בלונד בהיר חדש,לוריאל ישראל קוסמטיקס בע,PL,קולור נטורלס 8,יחידה,1.00,יחידה,false,1,16.10,16.10,true,1,
3600542431910,false,גרנייה - קולור נטורלס 2.1 שחור כחול חדש,לוריאל ישראל קוסמטיקס בע,PL,קולור נטורלס 2.1,יחידה,1.00,יחידה,false,1,16.10,16.10,true,1,
3600542431927,false,גרנייה - קולור נטורלס 8.1 בלונד אפרפר בהיר חדש,לוריאל ישראל קוסמטיקס בע,PL,קולור נטורלס 8.1,יחידה,1.00,יחידה,false,1,16.10,16.10,true,1,
3600542431934,false,גרנייה - קולור נטורלס 6.25 חום אגוז חדש,לוריאל ישראל קוסמטיקס בע,PL,קולור נטורלס6.25,יחידה,1.00,יחידה,false,1,16.10,16.10,true,1,
3600542431941,false,גרנייה - קולור נטורלס 5.3 חום זהוב חדש,לוריאל ישראל קוסמטיקס בע,PL,קולור נטורלס 5.3,יחידה,1.00,יחידה,false,1,16.10,16.10,true,1,
3600542431965,false,גרנייה - קולור נטורלס 5.52 חום דבש חדש,משווק ויבואןn\:לוריאל יש,PL,קולור נטורלס5.52,יחידה,1.00,יחידה,false,1,16.10,16.10,true,1,
3600542431972,false,צבע לשיער קולור נטורלס - 111 בלונד אולטרה בהיר אפור,לוריאל ישראל קוסמטיקס בע,PL,קולור נטורלס 111,יחידה,1.00,יחידה,false,1,16.10,16.10,true,1,
3600542431996,false,גרנייה - קולור נטורלס 5.15 חום שוקולד עשיר חדש,יבואן ומשווק: n\לוריאל י,PL,צבע שיער קולור,יחידה,1.00,יחידה,false,1,16.10,16.10,true,1,
3600542432009,false,גרנייה - קולור נטורלס 4.5 חום שוקולד כהה חדש,לוריאל ישראל קוסמטיקס בע,PL,קולור נטורלס 4.5,יחידה,1.00,יחידה,false,1,16.10,16.10,true,1,
3600542432016,false,צבע לשיער קולור נטורלס- 5.25 חום מהגוני פנינה בהיר,לוריאל ישראל קוסמטיקס בע,PL,קולור נטורלס 5.2,יחידה,1.00,יחידה,false,1,16.10,16.10,true,1,
3600542432030,false,גרנייה - קולור נטורלס 7.40+ נחושת עוצמתית חדש,לוריאל ישראל קוסמטיקס בע,PL,קולור נטורלס7.40,יחידה,1.00,יחידה,false,1,16.10,16.10,true,1,
3600542432047,false,גרנייה - קולור נטורלס 10.1 בלונד סופר בהיר ב חדש,קוסמופול,PL,קולור נטורלס10.1,יחידה,1.00,יחידה,false,1,16.10,16.10,true,1,
3600542432054,false,גרנייה - קולור נטורלס 9.1 בלונד בהיר מאוד א חדש,קוסמופול,PL,קולור נטורלס9.1,יחידה,1.00,יחידה,false,1,16.10,16.10,true,1,
3600542432061,false,גרנייה - קולור נטורלס 7.1 בלונד טבעי אפרפר חדש,קוסמופול,PL,קולור נטורלס 7.1,יחידה,1.00,יחידה,false,1,16.10,16.10,true,1,
3600542432085,false,גרנייה - קולור נטורלס 4.12 חום קרח חדש,לוריאל ישראל קוסמטיקס בע,PL,קולור נטורלס4.12,יחידה,1.00,יחידה,false,1,16.10,16.10,true,1,
3600542432092,false,גרנייה - קולור נטורלס 5.12 חום שלג חדש,קוסמופול,PL,קולור נטורלס5.12,יחידה,1.00,יחידה,false,1,16.10,16.10,true,1,
3600542432962,false,"גרנייה - סרום לפנים אלוורה 30 מ""ל",לוריאל,DE,גרנייה סרום אלוו,מיליליטרים,30.00,"100 מ""ל",false,1,52.90,176.33,true,1,
3600542433266,false,גרנייה - סרום לפנים ויטמין C סקין אקטיב,לוריאל,DE,גרנייה סרום ויטמ,מיליליטרים,30.00,"100 מ""ל",false,1,52.90,176.33,true,1,
3600542450683,false,גרנייה אומברה סולייר ברונזר תחליב משזף,לוריאל,IL,אומברה סולייר בר,מיליליטרים,200.00,"100 מ""ל",false,1,41.80,20.90,true,1,
3600542456579,false,גרניה מיסלר ויטמין סי 400 מל,לוריאל,DE,מיסלר ויטמין סי,מיליליטרים,400.00,"100 מ""ל",false,1,25.50,6.38,true,1,
3600542456593,false,גרנייה פיור אקטיב מי פנים 200 מל,General,FR,PURE מי פנים,מיליליטרים,200.00,"100 מ""ל",false,1,29.00,14.50,true,1,
3605521034014,false,דיזל אונלי דה ברוי 125 מל,דיזל,FR,BRAVE THE ONLY,מיליליטרים,125.00,"100 מ""ל",false,1,204.20,163.36,true,1,
3605521172525,false,אקווה דה ג'ויה אדפ א100מ,לנקום בישום,FR,אקווה דה ג'ויה,מיליליטרים,100.00,"100 מ""ל",false,1,306.80,306.80,true,1,
3605521534200,false,דיזל אונלי דה בר.טטו ג125,דיזל,FR,Brave The Only,מיליליטרים,125.00,"100 מ""ל",false,1,204.20,163.36,true,1,
3605521816658,false,"סי SI אדפ לאישה 100 מ""ל - ג'ורג'יו ארמני",לנקום בישום,FR,si Armani לאשה,מיליליטרים,100.00,"100 מ""ל",false,1,306.80,306.80,true,1,
3605522040588,false,ארמני סטרונגר ג.אדט 100,אינטרביוטי-בישו,FR,u With Stronger,מיליליטרים,100.00,"100 מ""ל",false,0,254.70,254.70,true,1,
3605522041486,false,ארמני סטרונגר א.אדפ 100,אינטרביוטי-בישו,IL,you emporio לאשה,מיליליטרים,100.00,"100 מ""ל",false,0,255.50,255.50,true,1,
3605530741385,false,לנקום קלרטה מוס 200 מל,לנקום,IL,CLARIF ECLAT מוס,מיליליטרים,200.00,"100 מ""ל",false,0,160.60,80.30,true,1,
3605530742221,false,לנקום או דה בינפה קלרטה 400 מל,לנקום,IL,מי פנים,מיליליטרים,200.00,"100 מ""ל",false,0,203.00,101.50,true,1,
3605530742283,false,לנקום או דה בינפה קלרטה 200 מל,לנקום,IL,לנקום מיסלר דוסר,מיליליטרים,200.00,"100 מ""ל",false,0,135.90,67.95,true,1,
3605530744560,false,לנקום קונפורט מוס 125 מל,לנקום,IL,לנ.מוס קונפורט12,מיליליטרים,125.00,"100 מ""ל",false,0,135.90,108.72,true,1,
3605530931663,false,לנקום בוקאז רול און 50 מל,לוריאל,IL,BOCAGE דאודורנט,מיליליטרים,50.00,"100 מ""ל",false,0,85.40,170.80,true,1,
3605531812213,false,DRAMA HYPNOSE מסקרה 01,לנקום,IL,מסקרה היפנוז,יחידה,1.00,יחידה,false,0,135.90,135.90,true,1,
3605532026046,false,לנקום הידרה זן נרוקאלם קרם ליום SPF15,לוריאל,IL,קרם ליום,מיליליטרים,50.00,"100 מ""ל",false,0,238.40,476.80,true,1,
3605532418704,false,לנקום הידרזן קרם גל 50 מל,לוריאל,FR,קרם יום במרקם ג',מיליליטרים,50.00,"100 מ""ל",false,1,211.00,422.00,true,1,
3605532612768,false,belle est vie La אדפ50מל,לנקום בישום,FR,belle est vie La,מיליליטרים,50.00,"100 מ""ל",false,1,221.30,442.60,true,1,
3605532612836,false,"לנקום לה וי אה בל 75 מ""ל א.ד.פ",לנקום בישום,FR,belle est vie La,מיליליטרים,75.00,"100 מ""ל",false,1,264.10,352.13,true,1,
3605532669786,false,לנקום רנרגי מולטי ליפט קרם עיניים,לוריאל,IL,רנרגי קרם עיניים,יחידה,1.00,יחידה,false,0,298.20,298.20,true,1,
3605532697468,false,מייק אפ טיינט ויזיונר035,לנקום,IL,מייק אפ טיינט וי,יחידה,1.00,יחידה,false,0,212.80,212.80,true,1,
3605533114131,false,לנקום ויז.סרום פלוס30 30,לנקום,IL,לנקום ויז.סרום,מיליליטרים,30.00,"100 מ""ל",false,1,341.00,1136.67,true,1,
3605533286555,false,"לה ויה בל אדפ לאישה 100 מ""ל - לנקום",לנקום בישום,IL,belle est vie La,מיליליטרים,100.00,"100 מ""ל",false,1,306.80,306.80,true,1,
3605533315347,false,טרז'ור לה נואי א.אדפ75,לנקום בישום,IL,Tresor NUIT LA,מיליליטרים,75.00,"100 מ""ל",false,0,315.30,420.40,true,1,
3605533491232,false,לנקום רנרגי מולטי ליפט SPF15 לעור קליל,לוריאל,FR,RENERGIE קליל,מיליליטרים,50.00,"100 מ""ל",false,0,426.50,853.00,true,1,
3605970416003,false,"Red Polo אדט לגבר 125מ""ל",לנקום בישום,US,Red Polo אדט,מיליליטרים,125.00,"100 מ""ל",false,1,194.00,155.20,true,1,
3605971512575,false,ראלף לורן קלאב אדפ 100 מל לגבר,,FR,Club Ralph's אדפ,מיליליטרים,100.00,"100 מ""ל",false,1,315.30,315.30,true,1,
3605971672675,false,גלוס פריזמטיק פלאמפ 01,לנקום,FR,גלוס פריזמטיק 01,יחידה,1.00,יחידה,false,1,123.90,123.90,true,1,
3607341471727,false,"איטרנטי אדט 200 מ""ל",,IL,איטרנטי אדט,מיליליטרים,200.00,"100 מ""ל",false,1,195.70,97.85,true,1,
3607342635876,false,קלואה LOVE סטורי אדפ75מל,איניבידואל-שסטו,GR,קלואה LOVE סטורי,מיליליטרים,75.00,"100 מ""ל",false,1,417.90,557.20,true,1,
3607342686229,false,CKאופוריה אשה אדפ160מל,קוטי HFC,ES,סי.קי אפוריה אשה,מיליליטרים,160.00,"100 מ""ל",false,1,383.70,239.81,true,1,
3607344343892,false,"HEAT BEYONCE אדפ 100 מ""ל",סופטאץ בישום,US,HEAT BEYONCE אדפ,מיליליטרים,100.00,"100 מ""ל",false,1,76.80,76.80,true,1,
3607345264356,false,"אדידס בודי ספריי לגבר דינמיק פולס, ללא אלומיניום, 150 מל",דנשר,PL,ספריי גוף אדידס,מיליליטרים,150.00,"100 מ""ל",false,0,12.70,8.47,true,1,
3607345264912,false,"אדידס בודי ספריי לגבר אייס דייב, ללא אלומיניום, 150 מל",אגריפק אס איי לגרדה,ES,ספריי גוף אדידס,מיליליטרים,150.00,"100 מ""ל",false,0,12.70,8.47,true,1,
3607345265117,false,"אדידס - דאודורנט ספריי לגבר טים פורס 150 מ""ל",מיוצר עי קונדיטוריית,ES,ספריי גוף אדידס,מיליליטרים,150.00,"100 מ""ל",false,0,12.70,8.47,true,1,
3607346232385,false,"קלואה קלאסי אדפ לאישה 75 מ""ל - קלואה",איניבידואל-שסטו,FR,Chloe א.ד.פ לאשה,מיליליטרים,75.00,"100 מ""ל",false,1,392.30,523.07,true,1,
3607347733508,false,רוברטו קאוולי פרדיסו (א)אדפ 75מל,לילית בישום,GR,paradiso לאשה,מיליליטרים,75.00,"100 מ""ל",false,0,280.00,373.33,true,1,
3607349687458,false,"דאו' ספריי לגבר קול דריי פרש 150מ""ל",קוטי HFC,PT,דאו.אדידס,מיליליטרים,150.00,"100 מ""ל",false,1,12.70,8.47,true,1,
3614221120804,false,"ביונסה קיס אדפ100.מ""ל",סופטאץ בישום,IL,ביונסה קיס אדפ,מיליליטרים,100.00,"100 מ""ל",false,0,76.80,76.80,true,1,
3614221269848,false,אופוריה דיפ אדפ,קלווין קליין,IL,אופוריה דיפ אדפ,מיליליטרים,100.00,"100 מ""ל",false,0,170.00,170.00,true,1,
3614223113347,false,"נומייד אדפ לאישה 75 מ""ל - קלואה",איניבידואל-שסטו,GR,NOMADE א.ד.פ אשה,מיליליטרים,75.00,"100 מ""ל",false,1,383.70,511.60,true,1,
3614223162925,false,איטרנטי אינטנס אדפ אישה,קלווין קליין,IL,איטרנטי אינטנס א,מיליליטרים,100.00,"100 מ""ל",false,1,186.30,186.30,true,1,
3614223736485,false,אדידס דאודורנט ספריי לגבר אדיפיור- ללא מלחי אלומניום 200 מל,אדידס Adidas,PT,דאו.אדידס,מיליליטרים,200.00,"100 מ""ל",false,1,12.70,6.35,true,1,
3614224050986,false,"אדידס - דאודורנט ספריי לגבר אדיפאוור 72 שעות 150 מ""ל","ב.א מזון בע""מ",PT,דאו.אדידס,מיליליטרים,150.00,"100 מ""ל",false,1,12.70,8.47,true,1,
3614224051235,false,אדידס דאודורנט ספריי גברים אדיפוואר 200מל,אדידס Adidas,PT,דאו.אדידס,מיליליטרים,200.00,"100 מ""ל",false,1,12.70,6.35,true,1,
3614224056537,false,"דאו ספריי לנשים אדידס אדיפוואר 150 מ""ל",COLEPCCL,PT,דאו.אדידס,מיליליטרים,150.00,"100 מ""ל",false,1,12.70,8.46,true,1,
3614224480615,false,אובסס,קלווין קליין,IL,אובסס,מיליליטרים,100.00,"100 מ""ל",false,0,211.00,211.00,true,1,
3614225299506,false,"גוצ'י גילטי לאב אדפ 90 מ""ל לאישה",,IL,גילטי לאב אדפ,מיליליטרים,90.00,"100 מ""ל",false,1,366.60,407.33,true,1,
3614226754295,false,"וולה ספריי לנפח והגנה וולה דלוקס 250 מ""ל","אינטרספריי, צרפת",FR,וולה ספריי לשיער,מיליליטרים,250.00,"100 מ""ל",false,1,38.30,15.32,true,1,
3614226754301,false,"וולה מוס לנפח והגנה דלוקס 200 מ""ל",דיפלומט,FR,וולה מוס לנפח,מיליליטרים,200.00,"100 מ""ל",false,1,34.10,17.05,true,1,
3614226761538,false,תרסיס קולסטון רוט טאצ' אפ חום מהגוני,וולה Wella,DE,קולסטון ספריי,מיליליטרים,75.00,"100 מ""ל",false,1,23.80,31.74,true,1,
3614226761668,false,קולסטון רוט טאצ אפ ספריי שורשים-בלונד בה,וולה Wella,FR,קולסטון ספריי,מיליליטרים,75.00,"100 מ""ל",false,1,23.80,31.74,true,1,
3614227728547,false,"לאב אדט לאשה 90 מ""ל",,IL,לאב אדט,מיליליטרים,90.00,"100 מ""ל",false,1,460.60,511.78,true,1,
3614228239295,false,"ג'יימס בונד 007 50 מ""ל",,DE,ג'יימס בונד 007,מיליליטרים,50.00,"100 מ""ל",false,1,68.20,136.40,true,1,
3614228838016,false,ברברי הירו לגבר אדפ 100מ,קוטי,ES,ברברי הירו לגבר,מיליליטרים,100.00,"100 מ""ל",false,1,449.50,449.50,true,1,
3614228865746,false,סופט קולור 80 בלונד בהיר,"HFC פרסטיג,'\ שטיינברג,",DE,וולה סופט קולור,יחידה,1.00,יחידה,false,1,34.10,34.10,true,1,
3614228865852,false,סופט קולור 40 חום בינוני,"HFC פרסטיג,'\ שטיינברג,",DE,וולה סופט קולור,יחידה,1.00,יחידה,false,1,34.10,34.10,true,1,
3614228865883,false,וולה סופט קולור 2/0 שחור,"HFC פרסטיג,'\ שטיינברג,",DE,וולה קולור,יחידה,1.00,יחידה,false,1,34.10,34.10,true,1,
3614229382129,false,"ג'וצי גילטי אדפ 90 מ""ל לגבר",,ES,גוצי גילטי פור ה,מיליליטרים,90.00,"100 מ""ל",false,1,405.90,451.00,true,1,
3614229395709,false,קלואה נומייד נטורל - א.ד.פ 75 מ''ל,,DE,קלואה נומאד נטור,מיליליטרים,75.00,"100 מ""ל",false,1,460.60,614.13,true,1,
3614229717044,false,"שמן לשיער וולה דלוקס לשיער יבש 100 מ""ל",דיפלומט,FR,וולה שמן לשיער,מיליליטרים,100.00,"100 מ""ל",false,1,34.10,34.10,true,1,
3614229717082,false,וולה מוס לשיער וולה דלוקס למגע חלק כמשי 200 מ,אינטרספריי,FR,וולה מוס מגע משי,מיליליטרים,200.00,"100 מ""ל",false,1,34.10,17.05,true,1,
3614229717099,false,וולה ספריי לשיער וולה דלוקס למגע חלק כמשי 250,אינטרספריי,FR,וולה ספריי לשיער,מיליליטרים,250.00,"100 מ""ל",false,1,38.30,15.32,true,1,
3614229717105,false,וולה ספריי לחות וולה דלוקס לטיפוח וריכוך 150,דיפלומט,FR,ספריי לחות וולה,מיליליטרים,150.00,"100 מ""ל",false,1,22.10,14.73,true,1,
3614229820805,false,ברברי הירו לגבר אדט150מל,,ES,ברברי הירו לגבר,מיליליטרים,150.00,"100 מ""ל",false,1,452.10,301.40,true,1,
3614229823875,false,הוגו מן ג'סט דיפרנט 125מ,,FR,הוגו מן ג'סט דיפ,מיליליטרים,125.00,"100 מ""ל",false,1,195.70,156.56,true,1,
3614270264900,false,לנקום רנרגי מולטי ליפט SPF15 לעור רגיל,לוריאל,FR,M-L Renergie קרם,מיליליטרים,50.00,"100 מ""ל",false,0,426.50,853.00,true,1,
3614270457500,false,מסקרה היפנוז ווליום,לנקום,IL,מסקרה היפנוז וול,יחידה,1.00,יחידה,false,0,135.90,135.90,true,1,
3614270561634,false,PARIS MON א.ד.פ לאשה90מל,לנקום בישום,IL,PARIS MON א.ד.פ,מיליליטרים,90.00,"100 מ""ל",false,1,349.50,388.33,true,1,
3614270971273,false,קונסילר אפסרנס 03,לנקום,IL,קונסילר אפסרנס,מיליליטרים,15.00,"100 מ""ל",false,0,170.00,1133.33,true,1,
3614271426598,false,MATTE ROUGE ABSOLU שפתון,לנקום,IL,ROUGE ABSOLU 192,יחידה,1.00,יחידה,false,0,135.90,135.90,true,1,
3614271430205,false,טיינט איידול אולטרה01,לנקום,FR,טיינט איידול 01,מיליליטרים,30.00,"100 מ""ל",false,1,152.90,509.67,true,1,
3614271430250,false,טיינט איידול אולטרה 10 3,לנקום,FR,טיינט איידול 10,מיליליטרים,30.00,"100 מ""ל",false,1,152.90,509.67,true,1,
3614271430281,false,ULTRA IDOLE TEINT 03,לנקום,FR,מייק אפ 03,מיליליטרים,30.00,"100 מ""ל",false,1,152.90,509.67,true,1,
3614271430335,false,טיינט איידול אולטרה 045,לנקום,FR,טיינט איידול 045,מיליליטרים,30.00,"100 מ""ל",false,1,152.90,509.67,true,1,
3614271430410,false,טיינט איידול אולטרה 04,לנקום,FR,טיינט איידול 04,מיליליטרים,30.00,"100 מ""ל",false,1,152.90,509.67,true,1,
3614271437952,false,MIRACLE TEINT מייקאפ 001,לנקום,FR,MIRACLE TEINT 01,מיליליטרים,30.00,"100 מ""ל",false,1,152.00,506.67,true,1,
3614271437983,false,MIRACLE TEINT מייקאפ 002,לנקום,FR,MIRACLE TEINT 02,מיליליטרים,30.00,"100 מ""ל",false,1,152.00,506.67,true,1,
3614271438034,false,"טיינט מיריקל n 30 ""35ל",לנקום,FR,טיינט מיריקל 35,מיליליטרים,30.00,"100 מ""ל",false,1,152.00,506.67,true,1,
3614271639769,false,"אבסולו גלוס מאט 351 8 מ""",לנקום,FR,אבסולו גלוס מאט,מיליליטרים,80.00,"100 מ""ל",false,1,118.80,148.50,true,1,
3614271683021,false,עפרון גבות מסייה ביג02,לנקום,IL,עפרון גבות מסייה,יחידה,1.00,יחידה,false,0,110.20,110.20,true,1,
3614271717092,false,איב סאן לורן Y דאודורנט סטיק לגבר 75 גרם,,FR,דאודורנט Y,מיליליטרים,75.00,"100 מ""ל",false,1,84.60,112.80,true,1,
3614271767356,false,מייק אפ סקין פילס W 025,לנקום,FR,מייק אפ סקין פיל,גרמים,60.00,100 גרם,false,1,127.30,212.17,true,1,
3614271774712,false,מונסטור ביג מסקרה יח',לנקום,FR,מונסטור ביג מסקר,יחידה,1.00,יחידה,false,1,135.90,135.90,true,1,
3614271774873,false,מסקרה מיסייה ביג גוון 02,לנקום,IL,מסקרה גוון 02,מיליליטרים,10.00,"100 מ""ל",false,1,135.90,1359.00,true,1,
3614271992932,false,אקווה דה ג'יו אבסולו ג125,לנקום בישום,IL,Gio Di Acqua,מיליליטרים,125.00,"100 מ""ל",false,1,336.00,268.80,true,1,
3614271994806,false,PASSIONE SI א.ד.פ לאשה,לנקום בישום,IL,PASSIONE SI לאשה,מיליליטרים,50.00,"100 מ""ל",false,1,229.00,458.00,true,1,
3614272029064,false,גלוס לאבסולו לאקר 492,לוריאל איפור,FR,גלוס לאבסולו לאק,יחידה,1.00,יחידה,false,1,110.20,110.20,true,1,
3614272050358,false,"וואי Y אדפ לגבר 100 מ""ל - איב סאן לורן",איב סן לורן,FR,Y א.ד.פ לגבר,מיליליטרים,100.00,"100 מ""ל",false,1,366.60,366.60,true,1,
3614272110212,false,בראו שייפינג עפרון גבות8,לנקום,FR,בראו שייפינג עפר,יחידה,1.00,יחידה,false,1,110.20,110.20,true,1,
3614272161788,false,היפנוז מסקרה שחורה 01,לנקום,FR,היפנוז מסקרה שחו,מיליליטרים,6.00,"100 מ""ל",false,1,135.90,2265.00,true,1,
3614272161795,false,היפנוז מסקרה חומה 02,לנקום,FR,היפנוז מסקרה,מיליליטרים,6.00,"100 מ""ל",false,1,135.90,2265.00,true,1,
3614272162341,false,לנקום רנרגי מולטי ליפט אולטרה מסיכת מיצ,לוריאל,FR,רנגרי מולטי ליפט,מיליליטרים,75.00,"100 מ""ל",false,1,264.10,352.13,true,1,
3614272204317,false,HYPNOSE כחול יח',,IL,HYPNOSE כחול,יחידה,1.00,יחידה,false,1,135.90,135.90,true,1,
3614272225671,false,"SHE YOU אדפ 100 מ""ל",לנקום בישום,FR,SHE YOU אדפ,מיליליטרים,100.00,"100 מ""ל",false,1,255.50,255.50,true,1,
3614272225718,false,"סטרונגר וויט יו 100 מ""ל אדפ גבר -ארמני",לנקום בישום,FR,YOU אדפ,מיליליטרים,100.00,"100 מ""ל",false,1,255.50,255.50,true,1,
3614272227026,false,לנקום הידרה זן פילינג סוכר עדין 100 מל,לוריאל,FR,הידרה זן שוגר סק,מיליליטרים,100.00,"100 מ""ל",false,1,128.20,128.20,true,1,
3614272250468,false,ג'ניפיק קרם עיניים 15 מ,,IL,ג'ניפיק קרם עיני,מיליליטרים,15.00,"100 מ""ל",false,1,238.40,1589.33,true,1,
3614272325265,false,לנקום אבסולו סופט קרם יום 30 מל,לוריאל,FR,אבסולו סופט,מיליליטרים,30.00,"100 מ""ל",false,1,400.80,1336.00,true,1,
3614272370005,false,גנפיק לייט פארל סרום 20,,IL,גנפיק לייט פארל,מיליליטרים,20.00,"100 מ""ל",false,1,264.10,1320.50,true,1,
3614272446939,false,"מידנייט אדפ 100 מ""ל",לנקום בישום,FR,מידנייט אדפ,מיליליטרים,100.00,"100 מ""ל",false,1,478.60,478.60,true,1,
3614272454187,false,לנקום רנרגי מולטי ליפט אולטרה קרם עיניים,לוריאל,FR,קרם עיניים רנרגי,מיליליטרים,15.00,"100 מ""ל",false,1,272.60,1817.33,true,1,
3614272547971,false,איב סאן לורן Y אינטנס אדט 100 מל לגבר,,IL,Y ליב אינטנס ליב,מיליליטרים,100.00,"100 מ""ל",false,1,332.40,332.40,true,1,
3614272549531,false,לנקום רוז מיסט תרסיס חלב לתחושת לחות,לוריאל,FR,תרסיס רוז מיסט,מיליליטרים,100.00,"100 מ""ל",false,1,118.80,118.80,true,1,
3614272629387,false,בושם לאישה 75 מ''ל Lancome Idole או דה פרפיום‏ E.D.P,לנקום,FR,IDOLE א.ד.פ לאשה,מיליליטרים,75.00,"100 מ""ל",false,1,341.00,454.67,true,1,
3614272631908,false,דיזל אונלי ספיריט אוף דה ברייב אדט 125מל,לנקום,FR,אונלי דה ברייב,מיליליטרים,125.00,"100 מ""ל",false,1,204.20,163.36,true,1,
3614272648425,false,"ליברה אדפ לאישה 90 מ""ל - איב סאן לורן",,FR,בושם לאשה Libre,מיליליטרים,90.00,"100 מ""ל",false,1,358.10,397.89,true,1,
3614272653092,false,אבסולו רוג 473 יח',,FR,אבסולו רוג 473,יחידה,1.00,יחידה,false,1,135.90,135.90,true,1,
3614272664616,false,לנקום רנרגי מולטי ליפט אולטרה קרם יום 50,לוריאל,FR,RENERGIE קרם יום,מיליליטרים,50.00,"100 מ""ל",false,1,426.50,853.00,true,1,
3614272761445,false,ולנטינו בורן אין רומא אדפ 100 מל לאשה,,FR,r In Born Donna,מיליליטרים,50.00,"100 מ""ל",false,1,426.50,853.00,true,1,
3614272761452,false,ROMA IN BORN אדט לגבר50מ,,FR,ROMA IN BORN אדפ,מיליליטרים,50.00,"100 מ""ל",false,1,229.90,459.80,true,1,
3614272761469,false,ולנטינו בורן אין רומא אדט 100 מל לגבר,,FR,Roma In Born,מיליליטרים,100.00,"100 מ""ל",false,1,384.60,384.60,true,1,
3614272826571,false,"סי פסיונה אינטנס לאישה א.ד.פ 100 מ""ל",,FR,PASS SI אדפ,מיליליטרים,100.00,"100 מ""ל",false,1,341.00,341.00,true,1,
3614272827929,false,טיינט מייק .אפ סטיק025,,FR,טיינט מייק אפ סט,יחידה,1.00,יחידה,false,1,152.90,152.90,true,1,
3614272828025,false,טיינט מייק אפ סטיק 04 יח,,FR,טיינט מייק אפ סט,יחידה,1.00,יחידה,false,1,152.90,152.90,true,1,
3614272828162,false,טיינט מייק אפ סטיק10,,FR,טיינט מייק אפ סט,יחידה,1.00,יחידה,false,1,152.90,152.90,true,1,
3614272860377,false,לנקום רנרגי H.C.F. טריפל סרום 50 מל,לוריאל,FR,רנרג'י טריפל סרו,מיליליטרים,50.00,"100 מ""ל",false,1,460.60,921.20,true,1,
3614272865235,false,"אקווה דה ג'יו פרופונדו אדפ 125 מ""ל לגבר",,FR,אקווהדה גיו פרופ,מיליליטרים,125.00,"100 מ""ל",false,1,341.00,272.80,true,1,
3614272907690,false,"בושם WAY MY לאשה 90 מ""ל",לנקום בישום,IL,בושם WAY MY,מיליליטרים,90.00,"100 מ""ל",false,1,306.80,340.89,true,1,
3614273065306,false,שפתון בגוון מאט 525 יח',,FR,שפתון בגוון מאט,יחידה,1.00,יחידה,false,1,135.90,135.90,true,1,
3614273065320,false,שפתון בגוון מאט 274 יח',,FR,שפתון בגוון מאט,יחידה,1.00,יחידה,false,1,135.90,135.90,true,1,
3614273069175,false,לנקום אידול אדפ 100 מל לאשה,,IL,אידול א.ד.פ,מיליליטרים,100.00,"100 מ""ל",false,1,409.40,409.40,true,1,
3614273070249,false,Emporio א.ד.ט לגבר 100 מ,,FR,Emporio א.ד.ט,מיליליטרים,100.00,"100 מ""ל",false,1,254.00,254.00,true,1,
3614273074476,false,"קונסילר over all 13 מ""ל",,FR,קונסילר over all,מיליליטרים,13.00,"100 מ""ל",false,1,161.50,1242.31,true,1,
3614273074490,false,קונסילר over allלנקום13מ,,FR,קונסילר over all,מיליליטרים,13.00,"100 מ""ל",false,1,161.50,1242.31,true,1,
3614273095808,false,לנקום תחליב גוף בניחוח הבושם אידול 200מל,,FR,איידול לה פאוור,מיליליטרים,200.00,"100 מ""ל",false,1,144.40,72.20,true,1,
3614273128971,false,"MAD Y א.ד.פ לגבר 200 מ""ל",,FR,MAD Y א.ד.פ,מיליליטרים,200.00,"100 מ""ל",false,1,511.90,255.95,true,1,
3614273203470,false,"איידול אינטנס 50 מ""ל",,IL,איידול אינטנס,מיליליטרים,50.00,"100 מ""ל",false,1,298.20,596.40,true,1,
3614273203487,false,"איידול אינטנס 75 מ""ל",,IL,איידול אינטנס,מיליליטרים,75.00,"100 מ""ל",false,1,323.90,431.87,true,1,
3614273258180,false,בלאק אופיום אדפ אקסט90מל,,FR,בלאק אופיום א.ד.,מיליליטרים,90.00,"100 מ""ל",false,1,349.50,388.33,true,1,
3614273261401,false,DONNA YELLOW אדפ אשה100מ,,FR,DONNA YELLOW אדפ,מיליליטרים,100.00,"100 מ""ל",false,1,426.50,426.50,true,1,
3614273307444,false,שפתון אבסולו רוג' קרם 06,לנקום,FR,אבסולו רוג' קרם,יחידה,1.00,יחידה,false,0,135.90,135.90,true,1,
3614273307840,false,שפתון אבסולו רוג' קרם274,לנקום,FR,אבסולו רוג' קרם,יחידה,1.00,יחידה,false,0,135.90,135.90,true,1,
3614273308359,false,שפתון אבסולו רוג' מאט290,לנקום,FR,אבסולו רוג' מאט,יחידה,1.00,יחידה,false,0,135.90,135.90,true,1,
3614273313162,false,"סי אדפ אינטנס 100 מ""ל",,FR,סי אדפ אינטנס,מיליליטרים,100.00,"100 מ""ל",false,1,341.00,341.00,true,1,
3614273318105,false,איב סאן לורן Y לה פרפום 100 מל,,FR,בושם לגבר Y לה פ,מיליליטרים,100.00,"100 מ""ל",false,1,375.20,375.20,true,1,
3614273321891,false,איב סאן לורן ליברה אדט 90 מל לאשה,,FR,ליברה א.ד.ט,מיליליטרים,90.00,"100 מ""ל",false,1,323.90,359.89,true,1,
3614273346719,false,"BLEU NUIT LA אדט 100 מ""ל",,FR,BLEU NUIT LA אדט,מיליליטרים,100.00,"100 מ""ל",false,1,289.70,289.70,true,1,
3614273347839,false,מיי וואיי אינטנס אדפ90מל,,FR,מיי וואיי אינטנס,מיליליטרים,90.00,"100 מ""ל",false,1,323.90,359.89,true,1,
3614273357197,false,"לה ויה בל סולייל קריסטל אדפ לאישה 100 מ""ל",,FR,סולייל קריסטל א.,מיליליטרים,100.00,"100 מ""ל",false,1,306.80,306.80,true,1,
3614273459051,false,INTENSE VIVA VOCEאדפ 100,,FR,INTENS VIVA VOCE,מיליליטרים,100.00,"100 מ""ל",false,1,460.60,460.60,true,1,
3614273459082,false,בושם ווצה ויוה אינטנס30מ,"LASSIGNY,FRANCE",FR,ווצה ויוה אינטנס,מיליליטרים,30.00,"100 מ""ל",false,1,127.30,424.33,true,1,
3614273476164,false,AURA IDOLE אדפ לאשה100מל,,FR,AURA IDOLE א.ד.פ,מיליליטרים,100.00,"100 מ""ל",false,1,409.40,409.40,true,1,
3614273478755,false,ROSSA LUNA א.ד.ט לגבר 10,,FR,ROSSA LUNA א.ד.ט,מיליליטרים,100.00,"100 מ""ל",false,1,279.40,279.40,true,1,
3614273556620,false,"פראדה לונה רוסה אושן אדט 100 מ""ל",,FR,Ocean LunaRossa,מיליליטרים,100.00,"100 מ""ל",false,1,298.20,298.20,true,1,
3614273560405,false,"GODDESS ALIEN אדפ 90 מ""ל",,FR,GODDESS ALIEN אד,מיליליטרים,90.00,"100 מ""ל",false,1,494.80,549.78,true,1,
3614273583923,false,מארז מתנה אבסולו 2021 יח,,FR,מארז מתנה אבסולו,יחידה,1.00,יחידה,false,1,42.60,42.60,true,1,
3614273605069,false,ארמני קוד לה פרפום אדפ50,לנקום בישום,FR,ארמני קוד לה פרפ,מיליליטרים,50.00,"100 מ""ל",false,1,289.70,579.40,true,1,
3614273610292,false,מארז ליברה א.ד.פ לאישה י,,FR,מארז ליברה א.ד.פ,יחידה,1.00,יחידה,false,1,255.50,255.50,true,1,
3614273650403,false,לה נואר טרזור אינטנס100מ,,FR,לה נואר טרזור אי,מיליליטרים,100.00,"100 מ""ל",false,1,324.70,324.70,true,1,
3614273662376,false,"אקווה דה גיו אדפ 15 מ""ל",,FR,אקווה דה גיו אדפ,מיליליטרים,15.00,"100 מ""ל",false,1,41.80,278.67,true,1,
3614273662420,false,אקווה דה ג'יו א.ד.פ125מל,,FR,אקווה דה ג'יו א.,מיליליטרים,125.00,"100 מ""ל",false,1,341.00,272.80,true,1,
3614273668743,false,איב סאן לורן להום אדפ 100 מל,,FR,הום א.ד.פ אינטנס,מיליליטרים,100.00,"100 מ""ל",false,1,298.20,298.20,true,1,
3614273673846,false,מיי וואיי פלורלה אדפ90מל,,FR,מיי וואיי פלורלה,מיליליטרים,90.00,"100 מ""ל",false,1,306.80,340.89,true,1,
3614273694797,false,"לה ויה בל א.ד.פ150מ""ל",לנקום,FR,לה ויה בל א.ד.פ.,מיליליטרים,150.00,"100 מ""ל",false,1,409.40,272.93,true,1,
3614273709934,false,"מארז בישום IDOLE 100 מ""ל",,FR,מארז בישום IDOLE,יחידה,1.00,יחידה,false,1,409.40,409.40,true,1,
3614273721592,false,מארז Y א.ד.פ לגבר יח',,FR,מארז Y א.ד.פ לגב,יחידה,1.00,יחידה,false,1,366.60,366.60,true,1,
3614273733472,false,מארז Y לה פארפם לגבר יח',,FR,מארז Y לה פארפם,יחידה,1.00,יחידה,false,1,375.20,375.20,true,1,
3614273749459,false,איידול נקטר אדפ לאשה50מ,לנקום,FR,איידול נקטר אדפ,מיליליטרים,50.00,"100 מ""ל",false,1,264.10,528.20,true,1,
3614273749558,false,איידול נקטר אדפ אשה100מל,לנקום,FR,איידול נקטר אדפ,מיליליטרים,100.00,"100 מ""ל",false,1,409.40,409.40,true,1,
3614273760164,false,"פרדוקס א.ד.פ אישה 90מ""ל",לנקום בישום,FR,פרדוקס א.ד.פ איש,מיליליטרים,90.00,"100 מ""ל",false,1,426.50,473.89,true,1,
3614273776127,false,ליברה לה פארפם אדפ 90מל,א.ס.ל-בישום,FR,ליברה לה פארפם,מיליליטרים,90.00,"100 מ""ל",false,1,384.60,427.33,true,1,
3614273882477,false,לנקום גניפיק מארז טיפוח סרום 50 מל,לוריאל,FR,מארז סרום ג'ניפי,יחידה,1.00,יחידה,false,1,409.40,409.40,true,1,
3616301794608,false,"GUILTY GUCCI א.ד.פ 90 מ""",,DE,GUILTY GUCCI א.ד,מיליליטרים,90.00,"100 מ""ל",false,1,400.80,445.33,true,1,
3616301976141,false,גוצ'י גילטי אישה אדט,,FR,גוצ'י גילטי אישה,מיליליטרים,90.00,"100 מ""ל",false,1,426.50,473.89,true,1,
3616302015580,false,"Ckfree א.ד.ט לגבר 100מ""ל",,GR,Ckfree אדט לגבר,מיליליטרים,100.00,"100 מ""ל",false,1,101.70,101.70,true,1,
3616302022472,false,פלורה גורגס גרדנייה אדפ,קוטי HFC,ES,פלורה גורגס גרדנ,מיליליטרים,100.00,"100 מ""ל",false,1,494.80,494.80,true,1,
3616302026371,false,לקוסט 12.12.Lאדט גבר100מ,,DE,לקוסט 12.12.Lאדט,מיליליטרים,100.00,"100 מ""ל",false,1,195.70,195.70,true,1,
3616302038138,false,קלואה סיגנצ'ר רוז 100מל,קוטי HFC,FR,קלואה רוז,מיליליטרים,100.00,"100 מ""ל",false,1,511.90,511.90,true,1,
3616302038633,false,קלואה סיגנצר אדפ אשה100מ,קוטי HFC,FR,קלואה סיגנצ'ר,מיליליטרים,100.00,"100 מ""ל",false,1,417.90,417.90,true,1,
3616302076833,false,סופט קולור 323 קפה רובוסטה כהה,דיפלומט,DE,סופט קולור 3/23,גרמים,180.00,100 גרם,false,1,34.10,18.94,true,1,
3616302078622,false,קולסטון קיט 1/0 שחור לילה כהה במיוחד,MANUFACTURI PRESTIGE HFC,DE,קולסטון קיט,יחידה,1.00,יחידה,false,1,33.20,33.20,true,1,
3616302514298,false,גוצ'י בלום לאשה אדט100מל,,DE,גוצ'י בלום לאשה,מיליליטרים,100.00,"100 מ""ל",false,1,441.00,441.00,true,1,
3616302681082,false,הוגו בוס דה סנט אדפ 100מ,,FR,הוגו בוס דה סנט,מיליליטרים,100.00,"100 מ""ל",false,1,323.90,323.90,true,1,
3616302931866,false,הוגו מן רפלקטיב אדט125מל,,FR,הוגו מן רפלקטיב,מיליליטרים,125.00,"100 מ""ל",false,1,212.80,170.24,true,1,
3616303173098,false,הוגו בוס בוטלד פרפיום100,קוטי HFC,DE,הוגו בוס בוטלד,מיליליטרים,100.00,"100 מ""ל",false,1,272.60,272.60,true,1,
3616303428440,false,הוגו בוס בוטלד מארז,קוטי HFC,ES,מארז הוגו בוס בו,יחידה,1.00,יחידה,false,1,332.40,332.40,true,1,
3616303428594,false,הוגו בוס סנט אדט מארז,קוטי HFC,FR,הוגו בוס סנט מאר,יחידה,1.00,יחידה,false,1,289.70,289.70,true,1,
3616303455170,false,מארז אופוריה אדט לגבר,קוטי HFC,ES,מארז אופוריה אדט,יחידה,1.00,יחידה,false,1,192.30,192.30,true,1,
3616303455224,false,מארז אופוריה אדפ לאשה,קוטי HFC,ES,מארז אופוריה אדפ,יחידה,1.00,יחידה,false,1,289.70,289.70,true,1,
3616303457860,false,הוגו בוס אלייב אדפ מארז,קוטי HFC,FR,הוגו בוס אלייב,יחידה,1.00,יחידה,false,1,298.20,298.20,true,1,
3661163904016,false,"נאוטיקה קלאסיק (ג)אדט 100 מ""ל",סופטאץ בישום,IL,נאוטיקה קלאסיק,מיליליטרים,100.00,"100 מ""ל",false,0,67.50,67.50,true,1,
3661163970448,false,"אדידס דאודורנט ספריי מקס פרש לגברים 200 מ""ל",מיוצר עי קונדיטוריית,PT,דאודורנט אדידס,מיליליטרים,200.00,"100 מ""ל",false,0,12.70,6.35,true,1,
3661163990545,false,"אדידס דאודורנט ספריי לגברים אקשיין 200 מ""ל",מיוצר עי קונדיטוריית,PT,דאודורנט אדידס,מיליליטרים,200.00,"100 מ""ל",false,0,12.70,6.35,true,1,
3661163991146,false,"אדידס - דאודורנט ספריי לאישה קול אנד קר פרש 150 מ""ל",מיוצר עי קונדיטוריית,PT,דאודורנט אדידס,מיליליטרים,150.00,"100 מ""ל",false,0,12.70,8.46,true,1,
3661163991580,false,"אדידס - דאודורנט ספריי לאישה קול אנד קר 6 ב-1 150 מ""ל",מיוצר עי קונדיטוריית,PT,דאודורנט אדידס,מיליליטרים,150.00,"100 מ""ל",false,0,12.70,8.46,true,1,
3665468301723,false,"איירוויק מבשם אוויר ומנטרל ריחות – ערפילי בוקר 237 מ""ל",רקיט בנקיזר,PL,איירוויק כותנה,מיליליטרים,237.00,"100 מ""ל",false,1,11.00,4.64,true,1,
3700066700735,false,אינסורקשיין פיור 2(ג) אדט 100מל,פריסיס,FR,אינסורקשיין פיור,מיליליטרים,100.00,"100 מ""ל",false,1,84.60,84.60,true,1,
3700066713636,false,"ג'נטל ELSATYS(ג) אדפ 100מ""ל",,FR,ג'נטל אדפ,מיליליטרים,100.00,"100 מ""ל",false,1,76.00,76.00,true,1,
3760060761880,false,"דומונט ניטרו פיור הום רד - א.ד.פ 100 מ""ל",,FR,Red Nitro א.ד.פ,מיליליטרים,100.00,"100 מ""ל",false,1,127.30,127.30,true,1,
3760096760987,false,קירינס עטיפת זוהר לפנים 30 גרם,שסטוביץ,FR,עטיפת זוהר,גרמים,30.00,100 גרם,false,1,16.10,53.67,true,1,
3760100681093,false,מסכה לשיער יבש ופגום 500,אבולודרם,FR,מסכה לשיער יבש,מיליליטרים,500.00,"100 מ""ל",false,1,22.90,4.58,true,1,
3760260450003,false,"רוזס מאסק Roses Musk א.ד.פ לאישה 100 מ""ל",מונטאל Montale,FR,רוזס מאסק אדפ,מיליליטרים,100.00,"100 מ""ל",false,1,315.30,315.30,true,1,
3760260450096,false,DARK MONTALE אדפ100 מל,,FR,PUR DARK MONTALE,מיליליטרים,100.00,"100 מ""ל",false,1,323.90,323.90,true,1,
3760260455664,false,Flowers Diamond אדפ100מל,,FR,Flowers Diamond,מיליליטרים,100.00,"100 מ""ל",false,1,358.10,358.10,true,1,
3760265190683,false,"Pearl אדפ 120 מ""ל",,FR,Peal אדפ יוניסקס,מיליליטרים,120.00,"100 מ""ל",false,0,341.00,284.17,true,1,
3770000002775,false,"ג'ולייט האס א גאן (לבן) א.ד.פ 100 מ""ל",,IL,PERFUME A NOT,מיליליטרים,100.00,"100 מ""ל",false,1,341.00,341.00,true,1,
3800038712237,false,"VICTORIA BEAUTY שמפו צבע לשיער V40 בורדו 40 מ""ל",,BG,שמפו צבע,יחידה,1.00,יחידה,false,1,12.70,12.70,true,1,
3838824127163,false,פאלטה סמי קיט 10-1 בלונד כסוף,שוורצקופף והנקל,SI,צבעי שיער פלטה,יחידה,1.00,יחידה,false,0,25.50,25.50,true,1,
3838824127248,false,פלטה סמי קיט חום בהיר 5-0 צבע שיער,שוורצקופף והנקל,SI,צבעי שיער פלטה,יחידה,1.00,יחידה,false,0,25.50,25.50,true,1,
3838824127286,false,צבע לשיער פלטה - 7-0 בלונד בינוני,שוורצקופף והנקל,SI,צבעי שיער פלטה,יחידה,1.00,יחידה,false,0,25.50,25.50,true,1,
3838824127309,false,פלטה סמי קיט בלונד בהיר 8-0 צבע שיער,שוורצקופף והנקל,SI,צבע לשיער פלטה,יחידה,1.00,יחידה,false,0,25.50,25.50,true,1,
3838824127361,false,פלטה סמי קיט ערמונים בינוני5-68 צבע שיער,שוורצקופף והנקל,SI,צבע לשיער פלטה,יחידה,1.00,יחידה,false,0,25.50,25.50,true,1,
3838824127583,false,צבע לשיער פלטה - 6-88 אדום בוער,שוורצקופף והנקל,SI,צבע לשיער פלטה,יחידה,1.00,יחידה,false,0,25.50,25.50,true,1,
3838824127644,false,צבע לשיער פלטה - 4-89 חציל זוהר,שוורצקופף והנקל,SI,צבע לשיער פלטה,יחידה,1.00,יחידה,false,0,25.50,25.50,true,1,
3838824128726,false,פלטה דלוקס קיט 10-5 בלונד זהוב מבריק,שוורצקופף & הנקל דיסלדור,DE,צבע לשיער פלtטה,יחידה,1.00,יחידה,false,0,24.70,24.70,true,1,
3838824129068,false,פאלטה - דלוקס שמני הזנה חום קפה 4-68,הנקל סוד,DE,צבע לשיער פלטה,יחידה,1.00,יחידה,false,0,24.70,24.70,true,1,
3838824129105,false,פאלטה - דלוקס שמני הזנה בלונד שמש 9-0,שוורצקוף Schwarzkopf,DE,צבע לשיער פלטה,יחידה,1.00,יחידה,false,0,24.70,24.70,true,1,
3838824193915,false,צבע לשיער פאלטה סמי קיט שחור 0-1,שוורצקופף והנקל,SI,צבע סמי קיט פלטה,יחידה,1.00,יחידה,false,0,25.50,25.50,true,1,
3838824193939,false,פאלטה - דלוקס שמני הזנה סגול אצילי 4-99,שוורצקוף Schwarzkopf,DE,צבע לשיער פלטה,יחידה,1.00,יחידה,false,0,24.70,24.70,true,1,
3838824214320,false,פאלטה - דלוקס שמני הזנה שחור כחול 1-1,שוורצקוף Schwarzkopf,DE,צבע לשיער פלטה,יחידה,1.00,יחידה,false,0,24.70,24.70,true,1,
3838824240275,false,פלטה סמי קיט 8-0 בלונד בהיר,שוורצקופף והנקל,SI,צבע לשיער פלטה,יחידה,1.00,יחידה,false,0,25.50,25.50,true,1,
3838824332178,false,פאלטה ברוז' חום אדום יין 6-80 סמי קיט,שוורצקופף והנקל,DE,צבע סמי קיט פלטה,יחידה,1.00,יחידה,false,1,25.50,25.50,true,1,
3838824367682,false,גליס מסכה פרוטאין 4 ב-1 חמאת קקאו,שוורצקופף והנקל,DE,מסכת לחות לשיער,מיליליטרים,400.00,"100 מ""ל",false,1,32.30,8.07,true,1,
3838824367743,false,גליס מסכה פרוטאין 4 ב-1 חמאת שיאה,שוורצקופף והנקל,DE,מסכת לחות לשיער,מיליליטרים,400.00,"100 מ""ל",false,1,32.30,8.07,true,1,
3838824367781,false,גליס מסכה פרוטאין 4 ב-1 שמן אגוז בבאסו,שוורצקופף והנקל,DE,מסכת לחות לשיער,מיליליטרים,400.00,"100 מ""ל",false,1,32.30,8.07,true,1,
3838824380902,false,צבעי שיער בלונד סופר בהיר 10-0 סמי קיט פאלטה,שוורצקופף והנקל,DE,צבע לשיער פלטה,יחידה,1.00,יחידה,false,1,25.50,25.50,true,1,
3838824381022,false,צבעי שיער חום שוקולד כהה 3-65 סמי קיט פאלטה,שוורצקופף והנקל,DE,צבע לשיער פלטה,יחידה,1.00,יחידה,false,1,25.50,25.50,true,1,
4000417101211,false,גלילי וופל עם קרם אגוזי לוז בציפוי שוקולד חלב,אמיצ'לי Amicelli,AT,חטיף אמיצ'לי,גרמים,150.00,100 גרם,false,1,12.80,8.53,true,1,
4001683011426,false,או-בה מיני פרו קומפורט16,ג'ונסון,GR,או-בה מיני פרו ק,יחידה,1.00,יחידה,false,1,12.70,12.70,true,1,
4005808128631,false,ניוואה 500 גל רחצה לגבר תמציות ליים,ניוואה Nivea,DE,ניוואה גל רחצה,מיליליטרים,500.00,"100 מ""ל",false,0,12.70,2.54,true,1,
4005808185542,false,ניוואה רצועות לניקוי והסרת נקודות שחורות,ניוואה,DE,רצועות לניקוי,יחידה,1.00,יחידה,false,1,25.50,25.50,true,1,
4005808222698,false,ניוואה לגבר- קצף גילוח לבעלי עור רגיש,ביירסדורץ,DE,קצף גילוח ניוואה,מיליליטרים,200.00,"100 מ""ל",false,0,13.50,6.75,true,1,
4005808260706,false,"ניוואה ספריי הגנה מהשמש מעניק תחושת קרירות 50 SPF, 200 מ""ל",ביירסדורף,DE,ניוואה סאן,מיליליטרים,200.00,"100 מ""ל",false,0,42.60,21.30,true,1,
4005808293469,false,"ניוואה - דאודורנט ספריי לגבר יבש 150 מ""ל",BEIERSDORF MANUFACTU,DE,ניוואה דאודורנט,מיליליטרים,150.00,"100 מ""ל",false,1,17.00,11.33,true,1,
4005808366392,false,שפתון ליובש כחול קלאסי לבלו 48 גרם,טרופיקל דגיל תעשיות,IL,שפתון לבלו כחול,יחידה,1.00,יחידה,false,1,8.50,8.50,true,1,
4005808368280,false,שפתון ליובש דובדבן לבלו 48 גרם,טרופיקל דגיל תעשיות,DE,שפתון לבלו,יחידה,1.00,יחידה,false,1,8.50,8.50,true,1,
4005808406029,false,"ניוואה - תחליב רחצה סופט 750 מ""ל",ביירסדורף,DE,קרם רחצה ניוואה,מיליליטרים,750.00,"100 מ""ל",false,1,17.80,2.37,true,1,
4005808502004,false,לבלו שפתון סופט ורוד בליסטר 5.5מל,ביירסדורף,DE,לבלו שפתון,יחידה,1.00,יחידה,false,0,8.50,8.50,true,1,
4005808571246,false,ניוואה מסיר איפור לעיניים דאבל אפקט,HELLAS BEIERSDORF,DE,מסיר איפור,מיליליטרים,125.00,"100 מ""ל",false,1,25.50,20.40,true,1,
4005808650002,false,שפתון לבלו כחול,ביירסדורץ,IL,שפתון לבלו,יחידה,1.00,יחידה,false,0,8.50,8.50,true,1,
4005808650200,false,לבלו שפתון סופט ורוד בודד 4.8גר,אלפא,,שפתון לבלו,יחידה,1.00,יחידה,false,0,8.50,8.50,true,1,
4005808650712,false,לבלו שפתון לחות דובדבן,HELLAS BEIERSDORF,DE,לבלו דובדבן,יחידה,1.00,יחידה,false,0,8.50,8.50,true,1,
4005808650729,false,לבלו שפתון תות שדה,ביירסדורף,,לבלו תות שדה,יחידה,1.00,יחידה,false,0,8.50,8.50,true,1,
4005808650903,false,לבלו הידרו קר,ביירסדורף,DE,לבלו אפרסק,יחידה,1.00,יחידה,false,0,8.50,8.50,true,1,
4005808670314,false,"קרם לחות לפנים לעור רגיל - מעורב ניוואה 50 מ""ל",ניוואה Nivea,PL,קרם לחות,מיליליטרים,50.00,"100 מ""ל",false,0,58.90,117.80,true,1,
4005808692569,false,ניוואה ESLS תכשיר ניקוי יבש-רגיש דיספנסר,HELLAS BEIERSDORF,DE,מוס ניקוי לפנים,מיליליטרים,150.00,"100 מ""ל",false,1,21.20,14.13,true,1,
4005808698103,false,ניוואה תחליב גוף סמוד לעור יבש 500 מל,בטר אנד דיפרנט,DE,ניוואה תחליב גוף,מיליליטרים,500.00,"100 מ""ל",false,1,25.50,5.10,true,1,
4005808702107,false,ניוואה תחליב גוף לעור יבש מאד 500 מל,בטר אנד דיפרנט,DE,ניוואה תחליב גוף,מיליליטרים,500.00,"100 מ""ל",false,1,25.50,5.10,true,1,
4005808801046,false,"קרם רב שימושי 150 מ""ל",HELLAS BEIERSDORF,DE,קרם רב שימושי,מיליליטרים,150.00,"100 מ""ל",false,1,21.20,14.13,true,1,
4005808812875,false,"ניוואה קרם Q יום נגד קמטים 50 מ""ל",ביירסדורץ,PL,קרם ויסאז' Q10,מיליליטרים,50.00,"100 מ""ל",false,0,94.00,188.00,true,1,
4005808812899,false,"ניוואה ויזג Q 10 לילי קרם נג קמטים ללילה, 50 מ""ל",ניוואה Nivea,PL,קרם נגד קמטים,מיליליטרים,50.00,"100 מ""ל",false,0,94.00,188.00,true,1,
4005808813001,false,תחליב לחות לאחר גילוח ניוואה,ביירסדורץ,DE,אפטר שייב ניוואה,מיליליטרים,100.00,"100 מ""ל",false,0,34.10,34.10,true,1,
4005808813063,false,תחליב לחות לעור רגיש לאחר גילוח,בטר אנד דיפרנט,DE,ניוואה אפטר שייב,מיליליטרים,100.00,"100 מ""ל",false,0,34.10,34.10,true,1,
4005808817405,false,"ג'ל גילוח לעור רגיש ניוואה 200 מ""ל",פרוטרופיק סיה.,PL,ג'ל גילוח ניוואה,מיליליטרים,200.00,"100 מ""ל",false,0,22.90,11.45,true,1,
4005808837359,false,"ניוואה - דאודורנט רול און לאישה פרל אנד ביוטי 50 מ""ל",ביירסדורף AG,DE,דאודורנט ניוואה,מיליליטרים,50.00,"100 מ""ל",false,0,17.00,34.00,true,1,
4005808850723,false,לבלו שפתון תות בליסטר,טרופיקל דגיל תעשיות,DE,שפתון לבלו,יחידה,1.00,יחידה,false,0,8.50,8.50,true,1,
4005808851515,false,שפתון לבלו גבר בליסט,אלפא,DE,לבלו גבר בליסטר,יחידה,1.00,יחידה,false,0,8.50,8.50,true,1,
4005808890507,false,קרם ניוואה סופט צנצנת 200 מל,ניוואה Nivea,ES,קרם ניוואה סופט,מיליליטרים,200.00,"100 מ""ל",false,0,21.20,10.60,true,1,
4005808890576,false,"ניוואה קרם ידיים סופט, 75 מ""ל",ניוואה Nivea,ES,קרם ידיים ניוואה,מיליליטרים,75.00,"100 מ""ל",false,0,10.10,13.47,true,1,
4005808908585,false,"ניוואה - דאודורנט ספריי לאישה פאודר טאץ 150 מ""ל",ביירסדורץ,DE,דאודורנט ניוואה,מיליליטרים,150.00,"100 מ""ל",false,0,17.00,11.33,true,1,
4005808945542,false,לבלו ליפ קלאסי יח,ביירסדורף,DE,לבלו ליפ קלאסי,יחידה,1.00,יחידה,false,0,12.70,12.70,true,1,
4005900036445,false,"ניוואה - דאודורנט רול און לאישה בלק&וויט פיור 50 מ""ל",ביירסדורץ,DE,דאודורנט ניוואה,מיליליטרים,50.00,"100 מ""ל",false,0,17.00,34.00,true,1,
4005900036476,false,"ניוואה - דאודורנט רול און לאישה בלק אנד וויט קליר 50 מ""ל",טרופיקל דגיל תעשיות,DE,דאודורנט ניוואה,מיליליטרים,50.00,"100 מ""ל",false,0,17.00,34.00,true,1,
4005900036483,false,"ניוואה - דאודורנט ספריי לגבר שקוף בלק וווי 150 מ""ל",בטר אנד דיפרנט,DE,דאודורנט ניוואה,מיליליטרים,150.00,"100 מ""ל",false,0,17.00,11.33,true,1,
4005900036506,false,"ניוואה - דאודורנט רול און לגבר שקוף בלק 50 מ""ל",טרופיקל דגיל תעשיות,DE,דאודורנט ניוואה,מיליליטרים,50.00,"100 מ""ל",false,0,17.00,34.00,true,1,
4005900036568,false,ניוואה דאודורנט רולאון ספריי לאישה בלק אנד וויט 150 מ''ל,ביירסדורף AG,DE,דאודורנט ניוואה,מיליליטרים,150.00,"100 מ""ל",false,0,17.00,11.33,true,1,
4005900037909,false,"ניוואה - דאודורנט ספריי לאישה אינויזיבל פיור 150 מ""ל",ביירסדורץ,DE,דאודורנט ניוואה,מיליליטרים,150.00,"100 מ""ל",false,0,17.00,11.33,true,1,
4005900111449,false,"ניוואה קרם רב שימושי לגבר 150 מ""ל",HELLAS BEIERSDORF,DE,"קרם רב""ש לגבר",מיליליטרים,150.00,"100 מ""ל",false,1,18.70,12.47,true,1,
4005900138842,false,"ניוואה - תחליב רחצה סמוט 750 מ""ל",ניואה,DE,תחליב רחצה ניואה,מיליליטרים,750.00,"100 מ""ל",false,1,17.80,2.37,true,1,
4005900273482,false,שפתון ליובש אוכמניות לבלו 48 גרם,HELLAS BEIERSDORF,DE,שפתון לבלו,יחידה,1.00,יחידה,false,1,8.50,8.50,true,1,
4005900274304,false,"ניוואה - דאודורנט ספריי לגבר פרש אושן 150 מ""ל",פרוטרופיק סיה.,DE,דאודורנט ניוואה,מיליליטרים,150.00,"100 מ""ל",false,1,17.00,11.33,true,1,
4005900420220,false,"גל רחצה ניוואה פיור אימפקט לגבר 500 מ""ל",ניואה,DE,ניוואה ג'ל רחצה,מיליליטרים,500.00,"100 מ""ל",false,1,12.70,2.54,true,1,
4005900431776,false,לבלו שפתון וניל בליסטר,ביירסדורף,DE,לבלו ונ,יחידה,1.00,יחידה,false,0,8.50,8.50,true,1,
4005900475978,false,ניוואה סאן קרם הגנה לפנים SPF50,ניוואה,DE,Q10 קרם הגנה,מיליליטרים,50.00,"100 מ""ל",false,1,66.60,133.20,true,1,
4005900485243,false,"ניוואה - דאודורנט רול און לגבר דריי פרש 50 מ""ל",ביירסדורף,DE,דאודורנט ניוואה,מיליליטרים,50.00,"100 מ""ל",false,1,17.00,34.00,true,1,
4005900488459,false,"ניוואה - דאודורנט רול און לאישה דריי פרש 50 מ""ל",ביירסדורף AG,DE,דאו.רול ניוואה,מיליליטרים,50.00,"100 מ""ל",false,1,17.00,34.00,true,1,
4005900494924,false,"ניוואה - דאודורנט ספריי לאישה דריי פרש אישה 150 מ""ל",ביירסדורף,DE,דאודורנט ניוואה,מיליליטרים,150.00,"100 מ""ל",false,1,17.00,11.33,true,1,
4005900513045,false,"ניוואה - דאודורנט ספריי לגבר דיפ 150 מ""ל",ביירסדורף,DE,ניוואה דאו ספריי,מיליליטרים,150.00,"100 מ""ל",false,1,17.00,11.33,true,1,
4005900513069,false,"ניוואה - דאודורנט רול און לגבר דיפ 50 מ""ל",ביירסדורף,DE,ניוואה רול און ל,מיליליטרים,50.00,"100 מ""ל",false,1,17.00,34.00,true,1,
4005900547316,false,"ניוואה - דאודורנט ספריי לאישה שקוף בלק וווי 150 מ""ל",בטר אנד דיפרנט,DE,דאודורנט ניוואה,מיליליטרים,150.00,"100 מ""ל",false,1,17.00,11.33,true,1,
4005900555915,false,"ניוואה - תחליב רחצה קוקוס וחוחובה 750 מ""ל",ביירסדורף AG,DE,תחליב רחצה,מיליליטרים,750.00,"100 מ""ל",false,1,17.80,2.37,false,1,
4005900562043,false,ניוואה גל ניקוי פנים בתוספת מי ורדים,אלפא,TR,ג'ל ניקוי פנים,מיליליטרים,150.00,"100 מ""ל",false,1,25.50,17.00,true,1,
4005900578877,false,לבלו KISS שפתון צבעוני ורוד לוהט,ביירסדורץ,DE,לבלו קיס צבעוני,יחידה,1.00,יחידה,false,1,12.70,12.70,true,1,
4005900583079,false,לבלו KISS שפתון צבעוני ניוד ורדרד,ביירסדורץ,DE,לבלו קיס צבעוני,יחידה,1.00,יחידה,false,1,12.70,12.70,true,1,
4005900583093,false,לבלו KISS שפתון צבעוני קורל,ביירסדורץ,DE,לבלו קיס שפתון,יחידה,1.00,יחידה,false,1,12.70,12.70,true,1,
4005900583130,false,לבלו KISS שפתון צבעוני דובדבן שחור,ביירסדורץ,DE,לבלו קיס צבעוני,יחידה,1.00,יחידה,false,1,12.70,12.70,true,1,
4005900623553,false,ניוואה מסיכת בד לפנים אורבן סקין למראה ע,אלפא,DE,מסכת בד לעור זוה,יחידה,1.00,יחידה,false,1,10.10,10.10,true,1,
4005900635303,false,ניוואה מסכת בד לפנים אורבן סקין דיטוקס,אלפא,DE,מסיכת בד לפנים א,יחידה,1.00,יחידה,false,1,10.10,10.10,true,1,
4005900639554,false,"ניוואה - דאודורנט רול און לאישה פרש נטורל לאישה ללא אלומיניום 50 מ""ל",ביירסדורף AG,DE,דאודורנט ניוואה,מיליליטרים,50.00,"100 מ""ל",false,1,17.00,34.00,true,1,
4005900683878,false,לבלו סקראב שפתון פילינג אלוורה בליסטר,ביירסדורף,DE,לבלו סקראב אלורה,יחידה,1.00,יחידה,false,1,8.50,8.50,true,1,
4005900683908,false,לבלו סקראב שפתון פילינג רוז היפ בליסטר,ביירסדורף,DE,לבלו סקראב סופר,יחידה,1.00,יחידה,false,1,8.50,8.50,true,1,
4005900730336,false,"ניוואה דאו רול און לגבר בלק אנד וויט אימפקט 50 מ""ל",ביירסדורף,DE,ניוואה דאודורנט,מיליליטרים,50.00,"100 מ""ל",false,1,17.00,34.00,true,1,
4005900775771,false,מארז אקווה סנסנשיין יח',,IL,מארז אקווה סנסנש,יחידה,1.00,יחידה,false,1,93.10,93.10,true,1,
4005900816016,false,"ניוואה - דאודורנט ספריי לאישה פרש טבעי לאישה 150 מ""ל",טרופיקל דגיל תעשיות,DE,דאודורנט ניוואה,מיליליטרים,150.00,"100 מ""ל",false,0,17.00,11.33,true,1,
4005900825278,false,ניוואה היידרה סקין אפקט מסכת 20 שניות עם חומצה היאלורונית,אלפא,PL,היידרה סקין אפקט,מיליליטרים,100.00,"100 מ""ל",false,1,64.00,64.00,true,1,
4005900828088,false,"ניוואה - דאודורנט רול און לגבר פרש 50 מ""ל",טרופיקל דגיל תעשיות,DE,דאודורנט ניוואה,מיליליטרים,50.00,"100 מ""ל",false,0,17.00,34.00,true,1,
4005900833723,false,"ניוואה - פאוור פרש ג'ל רחצה לגבר 500 מ""ל",HELLAS BEIERSDORF,DE,ניוואה ג'ל רחצה,מיליליטרים,500.00,"100 מ""ל",false,1,12.70,2.54,true,1,
4005900841148,false,"ניוואה מן ג'ל גילוח קול קיק פרש 200 מ""ל",ביירסדורף,DE,ג'ק גילוח ניוואה,מיליליטרים,200.00,"100 מ""ל",false,1,22.90,11.45,true,1,
4005900845702,false,"ניוואה - דאודורנט רול און לגבר קול קיק פרש 50 מ""ל",ביירסדורף,DE,דאודורנט ניוואה,מיליליטרים,50.00,"100 מ""ל",false,1,17.00,34.00,true,1,
4005900845733,false,"דאודורנט ספריי קול קיק פרש לגבר ניוואה מן 150 מ""ל",ביירסדורף,DE,דאודורנט ניוואה,מיליליטרים,150.00,"100 מ""ל",false,1,17.00,11.33,true,1,
4005900864000,false,"ניוואה היידרה סקין אפקט מים מיסלריים להסרת איפור וניקוי הפנים עם חומצה היאלורונית 400 מ""ל",ניואה,DE,היידרה סקין אפקט,מיליליטרים,400.00,"100 מ""ל",false,1,30.60,7.65,true,1,
4005900874931,false,"דאודורנט ספריי דיפ ביט לגבר 150 מ""ל ניוויה",ביירסדורף,DE,דאודורנט ניוואה,גרמים,150.00,100 גרם,false,1,17.00,11.33,true,1,
4005900978950,false,לבלו - דובדבן שפתון לחות מטפח מהדורת נסיכות דיסני,ביירסדורף,DE,לבלו אריאל,יחידה,1.00,יחידה,false,1,8.50,8.50,true,1,
4005900978974,false,לבלו - סופט רוז שפתון לחות מטפח מהדורת נסיכות דיסני,ביירסדורף,DE,לבלו סופט יסמין,יחידה,1.00,יחידה,false,1,8.50,8.50,true,1,
4006000002538,false,מארז קוסמטיקה ניוואה HYDRATE YOURSELF ראש השנה,ביירסדורף,DE,מארז ניוואה,יחידה,1.00,יחידה,false,1,76.80,76.80,true,1,
4006000002569,false,ניוואה מארז טיפוח 4 פריטים לאישה FEELING SOFT,ביירסדורץ,DE,טיפוח לאשה feeli,יחידה,1.00,יחידה,false,1,51.20,51.20,true,1,
4008400170428,false,בונבוניירה פררו רושר לב 100 גרם,גוד פוד פרודקטס S.p,PL,בונבוניירה רושה,גרמים,100.00,100 גרם,false,1,12.70,12.70,true,1,
4008400230726,false,ביצת שוקולד הפתעה קינדר ענקית 100ג' בנים,קינדר Kinder,BE,ביצת הפתעה מקסי,גרמים,100.00,100 גרם,false,1,17.00,17.00,true,1,
4008496652822,false,מחליק רמינגטון S6500,,CN,מחליק רמינגטון S,יחידה,1.00,יחידה,false,1,127.30,127.30,true,1,
4008496759149,false,מחליק שיער רמינגטוןS8590,,CN,מחליק שיער רמינג,יחידה,1.00,יחידה,false,1,195.70,195.70,true,1,
4008600284918,false,נוק זוג מוצץ סיליקון דיסני מיקי 0-6 שחור,פרומדיקו,DE,מוצצי דיסני בנים,יחידה,1.00,יחידה,false,0,34.10,34.10,true,1,
4008600314264,false,נוק זוג מוצצי סיליקון פו הדב 6-18 ירוק-כ,פרומדיקו,DE,מוצצי פו הדוב כת,יחידה,1.00,יחידה,false,1,34.10,34.10,true,1,
4008600314349,false,נוק זוג מוצצי סיליקון אדור 0-6 ורוד,פרומדיקו,DE,מוצצים אדור 0-6,יחידה,1.00,יחידה,false,1,34.10,34.10,true,1,
4008600336327,false,נוק זוג מוצצי סיליקון ספייס6-18 ירוקכחול,פרומדיקו,DE,זוג מוצצים ספייס,יחידה,1.00,יחידה,false,1,34.10,34.10,true,1,
4008600358978,false,נוק אקטיב קאפ כוס מעבר ירוק 300 מל,ניאופארם,DE,אקטיב קאפ ירוק,יחידה,1.00,יחידה,false,1,46.90,46.90,true,1,
4008600372363,false,נוק אקטיב קאפ כוס מעבר פו הדב בלונים 300,ניאופארם,DE,אקטיב קאפ פו הדב,יחידה,1.00,יחידה,false,1,46.90,46.90,true,1,
4008600384427,false,נוק זוג מוצצים סיגנטור 6-18 חודשים ורוד,פרומדיקו,DE,זוג מוצצים נוק,יחידה,1.00,יחידה,false,1,34.10,34.10,true,1,
4008600384458,false,נוק זוג מוצצים סיגנטור 0-6 חודשים כחול,פרומדיקו,DE,מוצצים נוק 2 יח,יחידה,1.00,יחידה,false,1,34.10,34.10,true,1,
4008600384489,false,נוק זוג מוצצי סיליקון סיגנטור 6-18 כחול,פרומדיקו,DE,מוצצים הפי דייז,יחידה,1.00,יחידה,false,1,34.10,34.10,true,1,
4008600404279,false,נוק זוג מוצצים ספייס מיקי 6-18 חודשים אד,פרומדיקו,DE,זוג מוצצים מיקי,יחידה,1.00,יחידה,false,1,34.10,34.10,true,1,
4008600404507,false,נוק זוג מוצצים ספייס מיקי 0-6 חודשים אדו,פרומדיקו,DE,זוג מוצצי מיקי,יחידה,1.00,יחידה,false,1,34.10,34.10,true,1,
4009300522935,false,תה ירוק פומפדור לימונית ולואיזה 20 יחידות,"איטיליאן פוד, אס.פי.",DE,תה ירוק לואיזה,גרמים,30.00,100 גרם,false,0,13.50,45.00,true,1,
4009300522966,false,תה ירוק עם נענע פומפדור 20 יחידות,"איטיליאן פוד, אס.פי.",DE,תה ירוק נענע,גרמים,30.00,100 גרם,false,0,13.50,45.00,true,1,
4009300524588,false,חליטת צמחים פומפדור פירות יער 20 יחידות,פומפדור Pompadour,DE,חליטת פירות יער,גרמים,60.00,100 גרם,false,0,11.80,19.67,true,1,
4009300528821,false,תה ירוק פומפדור ג'ינגר וקינמון 20 יחידות,פומפדור Pompadour,DE,תה ירוק פומפדור,גרמים,30.00,100 גרם,false,1,13.50,45.00,true,1,
4009300529514,false,תה חליטת פומפדור פירות אוכמניות 20 יח,TEEKANNE- POMPADOU,DE,חליטת פירות,גרמים,45.00,100 גרם,false,1,10.10,22.44,true,1,
4009300529538,false,תה חליטת פומפדור פירות לימון 20 יח,TEEKANNE- POMPADOU,DE,חליטת פירות,גרמים,50.00,100 גרם,false,1,10.10,20.20,true,1,
4009900385824,false,מסטיק אורביט פפרמינט סטיקס משפחתי-חמישיות,ריגלי צרפת,FR,מסטיק סטיקס,גרמים,65.00,100 גרם,false,0,8.00,12.31,true,1,
4009900402965,false,אורביט וויט בטעם פירות בקבוקון 46מלבניות,ריגלי פולין,PL,אורביט בקבוקון,גרמים,64.00,100 גרם,false,0,7.60,11.87,true,1,
4009900403023,false,אורביט וויט בטעם מנטה בקבוקון 46 מלבניות,"ב.א מזון בע""מ",PL,אורביט בקבוקון,גרמים,64.00,100 גרם,false,0,7.60,11.87,true,1,
4009900420129,false,מסטיק אורביט פרופשנל פפרמינט בקבוקון 64 גר',מרס נדרלנד,PL,אורביט פפרמינט,גרמים,64.00,100 גרם,false,1,7.60,11.87,true,1,
4009900455299,false,"סוכרית ג'לי אדומה 174 גרם ""סקיטלס""",ריגלי ממתקים,CZ,סוכריות סקיטלס,גרמים,174.00,100 גרם,false,0,5.80,3.33,true,1,
4009900465304,false,סוכריות סקיטלס פירות חמוצים 174 גרם,ריגלי ממתקים,CZ,סוכריות סקיטלס,גרמים,174.00,100 גרם,false,0,5.80,3.33,true,1,
4009900479998,false,אורביט וויט אוכמניות בקבוקון 46 מלבניות,ריגלי פולין,PL,אורביט בקבוקון,גרמים,64.00,100 גרם,false,0,7.60,11.87,true,1,
4009900482417,false,מסטיק אורביט פירות מנטה בקבוקון באבל מינט 45יח,ריגלי פולין,PL,אורביט באבל מינט,גרמים,64.00,100 גרם,false,0,7.60,11.87,true,1,
4009900484060,false,מסטיק אורביט פרופשיונל בטעם מנטה ללא סוכר,ריגלי פולין,PL,אורביט בקבוק,גרמים,84.00,100 גרם,false,0,9.30,11.08,true,1,
4009900484091,false,מסטיק אורביט פרופשיונל בטעם מנטה ללא סוכר,ריגלי פולין,PL,אורביט בקבוק,גרמים,84.00,100 גרם,false,0,9.30,11.08,true,1,
4009900484305,false,מסטיק אורביט פרופשיונל סוויטמינט ביגי לבן 60יח',אורביט Orbit,GB,אורביט בקבוק,גרמים,84.00,100 גרם,false,0,9.30,11.08,true,1,
4009900491044,false,מסטיק איירובס אוכמניות בקבוקון 60יח',איירוויבס Airwaves,PL,מסטיק איירוויבז,גרמים,84.00,100 גרם,false,1,9.30,11.07,true,1,
4009900531122,false,"מסטיק בטעם מנטה ספירמינט, 64 ג' פרופשיונל אורפיט",מרס נדרלנד,PL,אורביט ספירמינט,גרמים,64.00,100 גרם,false,1,7.60,11.87,true,1,
4009900534581,false,איירוויבס בקבוקון דובדבן ומנטה 46 מלבני,Unknown,IL,מסטיק איירוויבז,גרמים,64.00,100 גרם,false,1,7.60,11.87,true,1,
4009900535519,false,מסטיק אורביט רפרשרס ספירמינט ללא סוכר 15.6גר',אורביט,PL,אורביט רפרשרס,גרמים,15.00,100 גרם,false,1,3.60,24.00,true,1,
4009900535540,false,מסטיק אורביט רפרשרס פפרמינט ללא סוכר 15.6גר',אורביט,PL,מסטיק אורביט,גרמים,15.00,100 גרם,false,1,3.60,24.00,true,1,
4009900536288,false,מסטיק אורביט רפרשרס פפרמינט בקבוקון ללא סוכר 67 גר',מרס ריגלי קונפקשונרי,PL,אורביט רפרשרס,גרמים,67.00,100 גרם,false,1,11.10,16.57,true,1,
4009900539685,false,"מסטיק פייב באונס בטעם מנטה בקבוקון, 61.8 גרם",ריגלי בעמ רוסיה,PL,מסטיק פייב,גרמים,61.00,100 גרם,false,1,11.00,18.03,true,1,
4009900539746,false,"מסטיק פייב באונס בטעם אבטיח בקבוקון, 61.8 גרם",ריגלי בעמ רוסיה,PL,מסטיק פייב,גרמים,61.00,100 גרם,false,1,11.00,18.03,true,1,
4009900540551,false,מסטיק אורביט רפרשרס טרופיקל בקבוקון ללא סוכר,מרס פולין,PL,אורביט רפרשרס,גרמים,67.00,100 גרם,false,1,11.10,16.57,true,1,
4011700431502,false,אפטר שייב טבק לגבר 300מל,לילית בישום,,אפטר שייב טבק,מיליליטרים,300.00,"100 מ""ל",false,0,84.00,28.00,true,1,
4011700432301,false,"טבק אפטר שייב 150 מ""ל",לילית בישום,FR,טבק אפטר שייב,מיליליטרים,150.00,"100 מ""ל",false,0,41.00,27.33,true,1,
4011700456048,false,Ride Wild TABACא.ד.ט גבר,M&W,DE,Ride Wild TABAC,מיליליטרים,125.00,"100 מ""ל",false,1,84.60,67.68,true,1,
4011800567613,false,מאגדת קורני מילק דרק & ואיט 120 גרם,מיוצר עי קונדיטוריית,DE,קורני סנדוויץ,גרמים,120.00,100 גרם,false,0,9.30,7.75,true,1,
4011800628512,false,חטיף קורני שוקולד חלב 6 יח 150 גר,מיוצר עי קונדיטוריית,DE,קורני חטיף דגנים,גרמים,150.00,100 גרם,false,0,9.30,6.20,true,1,
4011800630515,false,חטיף קורני שוקולד חלב ובננה 6 יח 150 גר,מיוצר עי קונדיטוריית,DE,קורני חטיף דגנים,גרמים,150.00,100 גרם,false,0,9.30,6.20,true,1,
4011800632519,false,"מארז חטיפי שוקולד חלב וקוקוס ""קורני""",מיוצר עי קונדיטוריית,DE,קורני חטיף דגנים,גרמים,150.00,100 גרם,false,0,9.30,6.20,true,1,
4011800633516,false,קורני שוקולד מריר מעולה 58% קקאו 6*1,שוורטאוור וורקה,DE,קורני חטיף דגנים,גרמים,138.00,100 גרם,false,0,9.30,6.74,true,1,
4011800636517,false,קורני פרי שוקולד חלב מעולה ללא סוכר 6*1,מיוצר עי קונדיטוריית,DE,קורני חטיף דגנים,גרמים,120.00,100 גרם,false,0,9.30,7.75,true,1,
4012273123009,false,נטרוגינה קרם ידיים 50 מל הסדרה הנורבגית,גונסון אנד גונסון,FR,קרם ידיים,מיליליטרים,50.00,"100 מ""ל",false,0,24.70,49.40,true,1,
4014400901191,false,בונבונריית מרסי מבחר ממתקי שוקולד 250 גרם,ליימן מותגים,DE,בונבוניירת מרסי,גרמים,250.00,100 גרם,false,0,21.00,8.40,true,1,
4014400914696,false,וורטרס אורגינל סוכריות ללא סוכר 80 גרם,ליימן מותגים,DE,סוכריות וורטר,גרמים,80.00,100 גרם,false,0,10.00,12.50,true,1,
4014400914924,false,"סוכריות בטעם קפה וורטר אורגינל לל""ס 80 גרם",קריניציה ויטמינה אס,DE,סוכריות וורטר,גרמים,80.00,100 גרם,false,0,10.00,12.50,true,1,
4014400920857,false,וורטר אורגינל ללא סוכר בטעם שוקולד-שקית 70 גרם,קריניציה ויטמינה אס,DE,סוכריות וורטר,גרמים,70.00,100 גרם,false,1,10.00,14.29,true,1,
4014400923711,false,בונבוניירה שוקולד אגוזים טופיפי 125 גרם,ליימן מותגים,DE,טופיפי,גרמים,125.00,100 גרם,false,1,13.50,10.80,true,1,
4014400925319,false,וורטרס אורגינל פופקורן קרמל 140 גרם,וורטרס Werther's,DE,ממתק קרמל ורטר,גרמים,140.00,100 גרם,false,1,8.40,6.00,true,1,
4015000280211,false,"פה - דאודורנט רול און לאישה קאריביין לימון 50 מ""ל",שוורצקופף והנקל,DE,דאודורנט FA,מיליליטרים,50.00,"100 מ""ל",false,0,12.70,25.40,true,1,
4015000280372,false,"דאודורנט רול און בניחוח לימון פה 50 מ""ל",שוורצקופף והנקל,DE,דאודורנט FA,מיליליטרים,50.00,"100 מ""ל",false,0,12.70,25.40,true,1,
4015000519915,false,"פה - דאודורנט ספריי לאישה פינק פרדייס 200 מ""ל",שוורצקופף והנקל,TR,דאודורנט FA,מיליליטרים,200.00,"100 מ""ל",false,0,12.70,6.35,true,1,
4015000615884,false,"פה - דאודורנט ספריי לאישה קריביין לימון 200 מ""ל",שוורצקופף והנקל,DE,דאודורנט FA,מיליליטרים,200.00,"100 מ""ל",false,0,12.70,6.35,true,1,
4015000615891,false,"פה - דאודורנט ספריי לאישה אקווה 200 מ""ל",שוורצקופף והנקל,DE,דאודורנט FA,מיליליטרים,200.00,"100 מ""ל",false,0,12.70,6.35,true,1,
4015000615921,false,"פה - דאודורנט ספריי לגבר ספורט 200 מ""ל",שוורצקופף והנקל,TR,דאודורנט FA,מיליליטרים,200.00,"100 מ""ל",false,0,12.70,6.35,true,1,
4015000940955,false,שמפו גליס Gliss שיקום נזק קיצוני אולטימט ריפייר,שוורצקופף והנקל,DE,שמפו גליס,מיליליטרים,400.00,"100 מ""ל",false,0,15.30,3.83,true,1,
4015000976268,false,שמפו גליס Gliss למראה שיער מבריק Million Gloss,"הובי קוסמטיק, חברת ייצור",TR,שמפו גליס,מיליליטרים,400.00,"100 מ""ל",false,0,15.30,3.83,true,1,
4015000995122,false,"דאודורנט פה ספריי כח המשיכה 200 מ""ל",שוורצקופף והנקל,DE,דאודורנט פה,מיליליטרים,200.00,"100 מ""ל",false,0,12.70,6.35,true,1,
4015000996204,false,"גליס שמפו אולטימט שמן אלקסייר 400 מ""ל",שוורצקופף והנקל,DE,שמפו גליס,מיליליטרים,400.00,"100 מ""ל",false,0,15.30,3.83,true,1,
4015000996235,false,"גליס - מרכך משקם אקספקס תמצית שמן אולטימטיבי 200 מ""ל",שוורצקוף,SI,ספריי מרכך גליס,מיליליטרים,200.00,"100 מ""ל",false,0,21.20,10.60,true,1,
4015000997430,false,פה דאודורנט ספריי אינויזיבל פאוור 200 מל,שוורצקופף והנקל,TR,דאודורנט פה,מיליליטרים,200.00,"100 מ""ל",false,0,12.70,6.35,true,1,
4015001004168,false,"גליס - מרכך משקם אקספרס סרום שיקות עמוק 200 מ""ל",שוורצקוף,SK,ספריי מרכך גליס,מיליליטרים,200.00,"100 מ""ל",false,1,21.20,10.60,true,1,
4015100190762,false,"גליס - מסכה שיקום שמן אלקסיר 300 מ""ל",שוורצקופף והנקל,SK,מסכת גליס,מיליליטרים,300.00,"100 מ""ל",false,1,20.40,6.80,true,1,
4015100190786,false,גליס מסכת סרום לשיקום עמוק עם קרטין,שוורצקופף והנקל,SK,מסכת גליס,מיליליטרים,300.00,"100 מ""ל",false,1,20.40,6.80,true,1,
4015100190793,false,גליס מסכה לשיער יבש ופגום במיוחד Ultimate Repair,שוורצקופף והנקל,SK,מסכת גליס,מיליליטרים,300.00,"100 מ""ל",false,1,20.40,6.80,true,1,
4015100438154,false,פאלטה - דלוקס קיט בלונד טיטניום 12-2,שוורצקופף & הנקל דיסלדור,DE,צבע לשיער פאלטה,יחידה,1.00,יחידה,false,1,24.70,24.70,true,1,
4015400219507,false,טמפקס קומפאק נורמל 16 יח',פרוקטר & גמבל,HU,טמפקס קומפק נורמ,יחידה,1.00,יחידה,false,1,19.50,19.50,true,1,
4015400219712,false,טמפקס קומפאק סופר 16 יח',P&G,HU,טמפקס קומפק סופר,יחידה,1.00,יחידה,false,1,19.50,19.50,true,1,
4015400362920,false,טמפונים עם מוליך Tambax,פרוקטר אנד גמבל,HU,טמפקס רגולר 20 י,יחידה,1.00,יחידה,false,0,20.40,20.40,true,1,
4015400564324,false,אולוויז מגן תחתון וליו פק לארג 52 יח,פרוקטר אנד גמבל,DE,אולוויז תחתוניות,יחידה,1.00,יחידה,false,0,15.20,15.20,true,1,
4015400690313,false,טמפונים פרל רגולר טמפקס קומפאק 18 יח,פרוקטר אנד גמבל,HU,טמפקס,יחידה,1.00,יחידה,false,1,20.00,20.00,true,1,
4015400690405,false,טמפונים פרל סופר טמפקס קומפאק 18 יח,פרוקטר אנד גמבל,HU,טמפקס,יחידה,1.00,יחידה,false,1,20.00,20.00,true,1,
4015400824725,false,טמפונים סופר עם מוליך טמפקס 30 יחידות,פרוקטר אנד גמבל,HU,טמפקס פלאש סופר,יחידה,1.00,יחידה,false,0,25.50,25.50,true,1,
4015600763251,false,שמפו הד&שולדרס קלאסי600מ,פרוקטר אנד גמבל,RO,שמפו הד&שולדרס,מיליליטרים,600.00,"100 מ""ל",false,0,22.10,3.68,true,1,
4015600763299,false,הד&שולדרס 600 שמפו 2ב1 קלאסי,פרוקטר אנד גמבל,RO,שמפו הד&שולדרס,מיליליטרים,600.00,"100 מ""ל",false,0,22.10,3.68,true,1,
4015600763411,false,שמפו הד&שולדרס מנטול 600,פרוקטר אנד גמבל,RO,שמפו הד&שולדרס,מיליליטרים,600.00,"100 מ""ל",false,0,22.10,3.68,true,1,
4015600763459,false,שמפו הד&שולדרס תפוח600מל,פרוקטר אנד גמבל,RO,שמפו הד&שולדרס,מיליליטרים,600.00,"100 מ""ל",false,0,22.10,3.68,true,1,
4015600763534,false,הד&שולדרס 600 שמפו מגע משי,פרוקטר אנד גמבל,RO,שמפו הד&שולדרס,מיליליטרים,600.00,"100 מ""ל",false,0,22.10,3.68,true,1,
4015600766658,false,"הד אנד שולדרס שמפו2 ב 1 מנטול 600 מ""ל",פרוקטר אנד גמבל,RO,שמפו הד&שולדרס,מיליליטרים,600.00,"100 מ""ל",false,0,22.10,3.68,true,1,
4015600802769,false,חוט דנטלי מנטה 35 מטר,פרוקטר & גמבל,IE,חוט דנטלי מנטה,מטרים,35.00,מטר,false,1,21.20,0.61,true,1,
4015600807436,false,"ג'ילט - דאודורנט ג'ל לגבר כדוריות קול וויב 75 מ""ל",פרוקטר אנד גמבל,GB,דאודורנט ג'ל,מיליליטרים,75.00,"100 מ""ל",false,0,28.10,37.47,true,1,
4015600807573,false,"ג'ילט - דאודורנט ג'ל לגבר כדוריות פאוור ראש 75 מ""ל",פרוקטר אנד גמבל,GB,דאודורנט ג'ל,מיליליטרים,75.00,"100 מ""ל",false,0,28.10,37.47,true,1,
4015600810849,false,גילט דאו קליר גל 70 מל פאוור ראש,פרוקטר אנד גמבל,CZ,דאודורנט קליר,מיליליטרים,70.00,"100 מ""ל",false,0,14.40,20.57,true,1,
4017100198151,false,בלזן היט ביסקוויט עם מלית קרם בטעם וניל (41%) 220 גרם,הדקלאים אגודת שיתופי,PL,עוגיות סנדוויץ,גרמים,220.00,100 גרם,false,1,7.50,3.41,true,1,
4017100219900,false,בלזן וופלטן וופל מגולגל מצופה שוקולד חלב 100 גרם,הדקלאים אגודת שיתופי,DE,בלזן וופלטן,גרמים,100.00,100 גרם,false,0,9.00,9.00,true,1,
4017100364112,false,בלזן היט בסקוויט סנדביץ עם מלית קרם בטעם שוקולד קקאו (41%) 220 גרם,הדקלאים אגודת שיתופי,PL,עוגיות סנדוויץ,גרמים,220.00,100 גרם,false,1,7.50,3.41,true,1,
4017100366239,false,עוגיות ביסקוויט סנדוויץ ממולא קרם בטעם שוקולד,ליימן שליסל,PL,עוגיות ליבניץ,גרמים,190.00,100 גרם,false,1,10.20,5.37,true,1,
4045787068221,false,"צבע לשיער אינדולה פרוטאין 1 שחור 60 מ""ל",שוורצקופף והנקל,DE,פרוטאין קולור,יחידה,1.00,יחידה,false,0,20.40,20.40,true,1,
4045787068238,false,צבע לשיער פרוטאין קולור- 10 בלונד בהיר מאוד,שוורצקופף והנקל,DE,פרוטאין קולור,יחידה,1.00,יחידה,false,0,20.40,20.40,true,1,
4045787068245,false,צבע לשיער פרוטאין קולור- 1000.0 אקסטרה בלונד,שוורצקופף והנקל,DE,פרוטאין קולור,יחידה,1.00,יחידה,false,0,20.40,20.40,true,1,
4045787068290,false,"אינדולה - פרוטאין צבע 3 חום שחור 60 מ""ל",שוורצקופף והנקל,DE,פרוטאין קולור,יחידה,1.00,יחידה,false,0,20.40,20.40,true,1,
4045787068306,false,"אינדולה - פרוטאין צבע 4 חום כהה 60 מ""ל",שוורצקופף והנקל,DE,פרוטאין קולור,יחידה,1.00,יחידה,false,0,20.40,20.40,true,1,
4045787068320,false,"צבע לשיער אינדולה פרוטאין 5 חום 60 מ""ל",שוורצקופף והנקל,DE,פרוטאין קולור,יחידה,1.00,יחידה,false,0,20.40,20.40,true,1,
4045787068375,false,"אינדולה - פרוטאין צבע 6 בלונד כהה 60 מ""ל",שוורצקופף והנקל,DE,פרוטאין קולור,יחידה,1.00,יחידה,false,0,20.40,20.40,true,1,
4045787068382,false,צבע לשיער פרוטאין קולור- 6.03 חום זהבהב,שוורצקופף והנקל,DE,פרוטאין קולור,יחידה,1.00,יחידה,false,0,20.40,20.40,true,1,
4045787068405,false,"אינדולה - פרוטאין צבע 6-23 חום שקד 60 מ""ל",אינדולה Indola,DE,פרוטאין קולור,יחידה,1.00,יחידה,false,0,20.40,20.40,true,1,
4045787068429,false,"אינדולה - פרוטאין צבע 6-4 אגוז 60 מ""ל",הנקל סוד,DE,פרוטאין קולור,יחידה,1.00,יחידה,false,0,20.40,20.40,true,1,
4045787068436,false,צבע לשיער פרוטאין קולור- 6.46 נחושת אדומה,אינדולה Indola,DE,פרוטאין קולור,יחידה,1.00,יחידה,false,0,20.40,20.40,true,1,
4045787068467,false,"אינדולה - פרוטאין צבע 7 בלונד בינוני 60 מ""ל",שוורצקופף והנקל,DE,פרוטאין קולור,יחידה,1.00,יחידה,false,0,20.40,20.40,true,1,
4045787068498,false,"אינדולה - פרוטאין צבע 7-3 דבש 60 מ""ל",שוורצקופף והנקל,DE,פרוטאין קולור,יחידה,1.00,יחידה,false,0,20.40,20.40,true,1,
4045787068634,false,"אינדולה - פרוטאין צבע 9-3 בלונד חיטה 60 מ""ל",הנקל סוד,DE,פרוטאין קולור,מיליליטרים,60.00,"100 מ""ל",false,0,20.40,34.00,true,1,
4053700288205,false,"ויט קרם להסרת שיער לעור רגיש 100 מ""ל",רקיט בנקיזר צרפת,FR,קרם להסרת שיער,מיליליטרים,100.00,"100 מ""ל",false,0,34.10,34.10,true,1,
4053700292455,false,ויט רצועות שעווה מוכנות להסרת שיער לעור רגיל 12 יחידות,רקיט בנקיזר צרפת,FR,רצועות שעווה ויט,יחידה,1.00,יחידה,false,0,33.20,33.20,true,1,
4056800693061,false,וולהפלקס ג'ל חזק במיוחד 150 מל,פרוקטר אנד גמבל,FR,וולהפלקס ג'ל,מיליליטרים,150.00,"100 מ""ל",false,0,12.00,8.00,true,1,
4056800733088,false,שוקוויבס ספריי לשיער 250,HFC פרסטיג',DE,שוקוויבס ספריי,מיליליטרים,250.00,"100 מ""ל",false,1,26.40,10.56,true,1,
4056800762750,false,קולסטון נטורלס מיני קיט 6/0 בלונד כהה,HFC פרסטיג',DE,קולסטון מיני קיט,יחידה,1.00,יחידה,false,1,22.00,22.00,true,1,
4056800762842,false,צבע לשיער קולסטון מיני קיט חום בהיר 5/0,HFC פרסטיג',DE,קולסטון מיני קיט,יחידה,1.00,יחידה,false,1,22.00,22.00,true,1,
4056800762873,false,צבע לשיער קולסטון מיני קיט חום בינוני 4/0,HFC פרסטיג',DE,קולסטון מיני קיט,יחידה,1.00,יחידה,false,1,22.00,22.00,true,1,
4056800762934,false,צבע לשיער קולסטון מיני קיט שחור 2/0,HFC פרסטיג',DE,קולסטון מיני קיט,יחידה,1.00,יחידה,false,1,22.00,22.00,true,1,
4056800777761,false,צבע לשיער קולסטון קיט 2/0 שחור,פרוקטר אנד גמבל,DE,קולסטון קיט,יחידה,1.00,יחידה,false,0,33.20,33.20,true,1,
4056800777822,false,צבע לשיער קולסטון קיט 3/0 חום כהה,HFC פרסטיג',DE,קולסטון קיט,יחידה,1.00,יחידה,false,0,33.20,33.20,true,1,
4056800777853,false,צבע לשיער קולסטון קיט 4/0 חום בינוני,פרוקטר & גמבל,DE,קולסטון קיט,יחידה,1.00,יחידה,false,0,33.20,33.20,true,1,
4056800777952,false,צבע לשיער קולסטון קיט 5/0 חום,פרוקטר אנד גמבל,DE,קולסטון קיט,יחידה,1.00,יחידה,false,0,33.20,33.20,true,1,
4056800778287,false,צבע לשיער קולסטון קיט 6/0 בלונד כהה,פרוקטר אנד גמבל,DE,קולסטון קיט,יחידה,1.00,יחידה,false,0,33.20,33.20,true,1,
4056800778409,false,צבע לשיער קולסטון קיט 6/7 חום שוקולד,פרוקטר & גמבל,DE,קולסטון קיט,יחידה,1.00,יחידה,false,0,33.20,33.20,true,1,
4056800778706,false,קולסטון קיט 7/0 בלונד בינוני,HFC פרסטיג',DE,קולסטון קיט,יחידה,1.00,יחידה,false,0,33.20,33.20,true,1,
4056800943739,false,קרם חמצן וולוקסון Welloxon 6%,פרוקטר אנד גמבל,FR,חמצן וולה,מיליליטרים,60.00,"100 מ""ל",false,0,5.00,8.33,true,1,
4056800943791,false,קרם חמצן וולוקסון Welloxon 9%,פרוקטר אנד גמבל,FR,חמצן וולה9%,מיליליטרים,60.00,"100 מ""ל",false,0,5.00,8.33,true,1,
4059729028693,false,Cat. Blush Box 040,CATRICE,DE,סומק 40,יחידה,1.00,יחידה,false,0,13.00,13.00,true,1,
4059729028709,false,Cat. Blush Box 050,CATRICE,DE,סומק 50,יחידה,1.00,יחידה,false,0,12.80,12.80,true,1,
4059729028976,false,Catrice Sun Glow Matt Bronzing Powder 035,CATRICE,DE,פודרה משזפת 35,יחידה,1.00,יחידה,false,0,14.50,14.50,true,1,
4059729030559,false,Cat. Eye Brow Stylist 035,CATRICE,DE,עיפרון גבות 35,יחידה,1.00,יחידה,false,0,9.40,9.40,true,1,
4059729032546,false,"סרום לשפתיים 2.5 מ""ל",,PL,סרום לשפתיים,יחידה,1.00,יחידה,false,0,17.00,17.00,true,1,
4059729034465,false,Cat. HD Liquid Coverage Foundation 046,,IL,מייק אפ HD 46,מיליליטרים,30.00,"100 מ""ל",false,1,24.70,82.33,true,1,
4059729049544,false,Cat. Power Plumping Gel Lipstick 030,,DE,קטריס שפתון ג'ל,יחידה,1.00,יחידה,false,1,14.50,14.50,true,1,
4059729049636,false,באלם קוקוס לשפתיים יח',,FR,באלם קוקוס לשפת,יחידה,1.00,יחידה,false,1,14.50,14.50,true,1,
4059729203250,false,Cat. Liquid Camouflage High Coverage Concealer 036,,IL,קונסילר נוזלי 0,יחידה,1.00,יחידה,false,1,12.80,12.80,true,1,
4059729220141,false,פריימר לשפתיים יח',,IL,פריימר לשפתיים,יחידה,1.00,יחידה,false,1,17.90,17.90,true,1,
4059729222909,false,פודרה בעלת מרקם רך ונעים,CATRICE,IT,פודרה בעלת מרקם,יחידה,1.00,יחידה,false,1,12.80,12.80,true,1,
4059729222916,false,Cat. Blush Box Glowing + Multicolour 010,,IL,פלטת סומק 010,יחידה,1.00,יחידה,false,1,14.50,14.50,true,1,
4059729222923,false,Cat. Blush Box Glowing + Multicolour 020,,IL,פלטת סומק 020,יחידה,1.00,יחידה,false,1,14.50,14.50,true,1,
4059729222978,false,Catrice Ten!sational 10 in 1 Dream Primer,,IL,פריימר 10 ב 1,מיליליטרים,30.00,"100 מ""ל",false,1,21.30,71.00,true,1,
4059729244444,false,קטריס סומק 025 יח',,IL,קטריס סומק 025,יחידה,1.00,יחידה,false,1,12.80,12.80,true,1,
4059729244475,false,"סרום למראה גלואו 30 מ""ל",CATRICE,FR,סרום למראה גלואו,מיליליטרים,30.00,"100 מ""ל",false,1,21.30,71.00,true,1,
4059729246196,false,צללית לאיפור העיניים 260,,IL,צללית לאיפור העי,יחידה,1.00,יחידה,false,1,11.10,11.10,true,1,
4059729246264,false,עפרון לתיחום העיניים 020,,IL,עפרון לתיחום העי,יחידה,1.00,יחידה,false,1,11.10,11.10,true,1,
4059729246271,false,Cat. Lashes To Kill Sexy Volume Mascara,,IL,מסקרה ריסים עבים,יחידה,1.00,יחידה,false,1,14.50,14.50,true,1,
4059729248336,false,Catrice Hemp & Mint Glow Lip Balm,,IL,באלם לשפתיים,יחידה,1.00,יחידה,false,1,17.90,17.90,true,1,
4059729248343,false,Cat. Matt Pro Ink Liquid Lipstick 010,,FR,שפתון מט פרו נוז,יחידה,1.00,יחידה,false,1,17.90,17.90,true,1,
4059729248350,false,Cat. Matt Pro Ink Liquid Lipstick 020,,FR,שפתון מט פרו נוז,יחידה,1.00,יחידה,false,1,17.90,17.90,true,1,
4059729248367,false,Cat. Matt Pro Ink Liquid Lipstick 030,,FR,שפתון מט פרו נוז,יחידה,1.00,יחידה,false,1,17.90,17.90,true,1,
4059729248381,false,Cat. Matt Pro Ink Liquid Lipstick 050,,FR,שפתון מט פרו נוז,יחידה,1.00,יחידה,false,1,17.90,17.90,true,1,
4059729248398,false,Cat. Matt Pro Ink Liquid Lipstick 060,,FR,שפתון מט פרו נוז,יחידה,1.00,יחידה,false,1,17.90,17.90,true,1,
4059729248428,false,שפתון מט פרו נוזלי 090 י,,FR,שפתון מט פרו נוז,יחידה,1.00,יחידה,false,1,17.90,17.90,true,1,
4059729248435,false,שפתון מט פרו נוזלי 100 י,,FR,שפתון מט פרו נוז,יחידה,1.00,יחידה,false,1,17.90,17.90,true,1,
4059729248459,false,Catrice Power Plumping Gel Lipstick 110,,IL,שפתון ג'ל 110,יחידה,1.00,יחידה,false,1,14.50,14.50,true,1,
4059729250322,false,בוסטר אקסטרים לשפתיים יח,,IL,בוסטר אקסטרים לש,יחידה,1.00,יחידה,false,1,14.50,14.50,true,1,
4059729250551,false,לק ניוד יח',,IL,לק ניוד יח',יחידה,1.00,יחידה,false,1,8.50,8.50,true,1,
4059729274670,false,עיפרון גבות 015 יח',,IL,עיפרון גבות 015,יחידה,1.00,יחידה,false,1,9.40,9.40,true,1,
4059729276650,false,קטריס עיפרון אינק לשפתי,,IL,קטריס עיפרון אי,יחידה,1.00,יחידה,false,1,11.90,11.90,true,1,
4059729276667,false,עיפרון תוחם שפתיים 010,,FR,תוחם שפתיים 010,יחידה,1.00,יחידה,false,1,9.40,9.40,true,1,
4059729276681,false,עיפרון תוחם שפתיים 030,,FR,עיפרון תוחם שפת,יחידה,1.00,יחידה,false,1,9.40,9.40,true,1,
4059729276735,false,עיפרון תוחם שפתיים 080,,FR,עיפרון תוחם שפת,יחידה,1.00,יחידה,false,1,9.40,9.40,true,1,
4059729276797,false,Catrice Mattlover Lipstick Pen 090,,TW,שפתון מאט,יחידה,1.00,יחידה,false,0,17.90,17.90,true,1,
4059729277084,false,Catrice True Skin High Cover Concealer 010,,IT,קונסילר ל18-שעות,יחידה,1.00,יחידה,false,0,14.50,14.50,true,1,
4059729277374,false,פודרה דחוסה לטשטוש נקבו,,FR,פודרה דחוסה לטש,יחידה,1.00,יחידה,false,1,17.90,17.90,true,1,
4059729281005,false,Cat. Go Big. Go Bold. 24h Waterproof Extreme Volume Mascara,,FR,גו ביג גו בולד מ,יחידה,1.00,יחידה,false,1,17.00,17.00,true,1,
4059729282033,false,Cat. True Skin Hydrating Foundation 033,,FR,מייקאפ טרו סקין,מיליליטרים,30.00,"100 מ""ל",false,1,24.70,82.33,true,1,
4059729282040,false,Cat. True Skin Hydrating Foundation 046,,FR,מייקאפ טרו סקין,מיליליטרים,30.00,"100 מ""ל",false,1,24.70,82.33,true,1,
4059729298485,false,"סרום לפנים 30מ""ל",,IT,סרום לפנים,מיליליטרים,30.00,"100 מ""ל",false,0,21.30,71.00,true,1,
4059729311351,false,Catrice LIFT UP Volume & Lift Masc. 010,,IT,מסקרה עם אפקט,יחידה,1.00,יחידה,false,0,17.90,17.90,true,1,
4059729312228,false,Catrice 48h Power Stay Brow Gel 010,,CA,ג'ל לגבות,יחידה,1.00,יחידה,false,0,17.90,17.90,true,1,
4059729312235,false,Catrice 48h Power Stay Brow Gel 020,,CA,ג'ל לגבות,יחידה,1.00,יחידה,false,0,17.90,17.90,true,1,
4059729312242,false,Catrice 48h Power Stay Brow Gel 030,,CA,ג'ל לגבות,יחידה,1.00,יחידה,false,0,17.90,17.90,true,1,
4059729312259,false,Catrice Brow Fix Soap Stylist 010,,CN,סבון לגבות,יחידה,1.00,יחידה,false,0,14.50,14.50,true,1,
4059729312266,false,Catrice Cheek Oil-Infused Blush 010,,IT,סומק בצבע אפרסקי,יחידה,1.00,יחידה,false,0,17.90,17.90,true,1,
4059729312525,false,Catrice Oil-Control Matt Fixing Spray,,AT,שמן לפנים,מיליליטרים,50.00,"100 מ""ל",false,0,17.90,35.80,true,1,
4059729312532,false,Catrice One Step Skin Perfector,,IT,פריימר,מיליליטרים,30.00,"100 מ""ל",false,0,21.30,71.00,true,1,
4059729312624,false,שפתון +חומצה היאלרונית,,IT,שפתון עם חומצה,יחידה,1.00,יחידה,false,0,12.80,12.80,true,1,
4059729312631,false,שפתון +חומצה היאלרונית,,IT,שפתון עם חומצה,יחידה,1.00,יחידה,false,0,12.80,12.80,true,1,
4059729312648,false,שפתון +חומצה היאלרונית,,IT,שפתון עם חומצה,יחידה,1.00,יחידה,false,0,12.80,12.80,true,1,
4059729312655,false,שפתון +חומצה היאלרונית,,IT,שפתון עם חומצה,יחידה,1.00,יחידה,false,0,12.80,12.80,true,1,
4059729312693,false,Catrice Skin Lovers Relax Stress-Defender Serum,S.R COSMETICS .ANCOROTTI,IT,סרום לחות לפנים,מיליליטרים,28.00,"100 מ""ל",false,0,21.30,76.07,true,1,
4059729313270,false,Catrice Ult. Waterfr. Lip Tint 010,,PL,ליפגלוס לשפתיים,יחידה,1.00,יחידה,false,0,14.50,14.50,true,1,
4059729313294,false,Catrice Ult. Waterfr. Lip Tint 030,,PL,ליפגלוס לשפתיים,יחידה,1.00,יחידה,false,0,14.50,14.50,true,1,
4059729313300,false,Catrice Ult. Waterfr. Lip Tint 040,,PL,ליפגלוס לשפתיים,יחידה,1.00,יחידה,false,0,14.50,14.50,true,1,
4059729313317,false,Catrice Volume & Lift Brow Masc. WP 010,,PL,מסקרה לגבות,יחידה,1.00,יחידה,false,0,12.80,12.80,true,1,
4059729313348,false,Catrice Volume & Lift Brow Masc. WP 040,,PL,מסקרה לגבות,יחידה,1.00,יחידה,false,0,12.80,12.80,true,1,
4059729313768,false,Catrice Volumizing Extreme Lip Booster 020,,PL,גלוס מנצנץ,יחידה,1.00,יחידה,false,0,14.50,14.50,true,1,
4059729321381,false,שמן רב תכליתי 30מל,,AU,שמן רב תכליתי,מיליליטרים,30.00,"100 מ""ל",false,1,21.30,71.00,true,1,
4059729329462,false,Catrice 20H Ultra Gel Eye Pencil WP 060,,DE,עיפרון לעיניים,יחידה,1.00,יחידה,false,0,8.50,8.50,true,1,
4059729329547,false,Catrice 20H Ultra Gel Eye Pencil WP 080,,DE,עיפרון לעיניים,יחידה,1.00,יחידה,false,0,8.50,8.50,true,1,
4059729329783,false,Catrice Glam & Doll Sens. Vol. Masc. 010,,LU,מסקרה לעיניים,יחידה,1.00,יחידה,false,0,14.50,14.50,true,1,
4059729329981,false,מסקרה שחורה לעיניים,,IT,מסקרה שחורה,יחידה,1.00,יחידה,false,0,17.90,17.90,true,1,
4059729330277,false,צללית עמידה לאורך זמן,,IT,צללית לעיניים,יחידה,1.00,יחידה,false,0,11.10,11.10,true,1,
4059729330314,false,צללית עמידה לאורך זמן,,IT,צללית לעיניים,יחידה,1.00,יחידה,false,0,11.10,11.10,true,1,
4059729330697,false,Catrice Blush Box Glowing & Multi. 030,,PL,סומק,יחידה,1.00,יחידה,false,0,14.50,14.50,true,1,
4059729331571,false,Catrice All Matt Shine Make Up 010N,,IT,מייקאפ,מיליליטרים,30.00,"100 מ""ל",false,0,23.00,76.67,true,1,
4059729331649,false,"מייקאפ למראה מאט 30 מ""ל",,IT,מייקאפ למראה מאט,מיליליטרים,30.00,"100 מ""ל",false,0,23.00,76.67,true,1,
4059729331991,false,Catrice All Matt Shine Make Up 033C,,IT,מייקאפ,מיליליטרים,30.00,"100 מ""ל",false,0,23.00,76.67,true,1,
4059729333438,false,Catrice Ult. Waterfr. Lip Tint 050,,PL,ליפגלוס לשפתיים,יחידה,1.00,יחידה,false,0,14.50,14.50,true,1,
4059729333629,false,Catrice Vegan Coll. Matt Lipst. 040,,IT,אודם למראה מאט,יחידה,1.00,יחידה,false,0,14.50,14.50,true,1,
4059729333704,false,Catrice Vegan Coll. Matt Lipst. 060,,IT,אודם למראה מאט,יחידה,1.00,יחידה,false,0,14.50,14.50,true,1,
4059729333742,false,Catrice Vegan Coll. Matt Lipst. 070,,IT,אודם למראה מאט,יחידה,1.00,יחידה,false,0,14.50,14.50,true,1,
4059729333827,false,Catrice Vegan Coll. Matt Lipst. 090,,IT,אודם למראה מאט,יחידה,1.00,יחידה,false,0,14.50,14.50,true,1,
4059729333865,false,Catrice Vegan Coll. Matt Lipst. 100,,IT,אודם למראה מאט,יחידה,1.00,יחידה,false,0,14.50,14.50,true,1,
4059729334343,false,Catrice Volumizing Extreme Lip Booster 030,,LU,גלוס מנצנץ,יחידה,1.00,יחידה,false,0,14.50,14.50,true,1,
4059729334718,false,ליפגלוס לשפתיים 120 יח',CATRICE,DE,ליפגלוס לשפתיים,יחידה,1.00,יחידה,false,1,9.40,9.40,true,1,
4059729334794,false,Catrice Vegan Coll. Matt Lipst. 110,,IT,אודם למראה מאט,יחידה,1.00,יחידה,false,0,14.50,14.50,true,1,
4059729335456,false,Catrice More Than Nude Nail Polish 15,,FR,לק זוהר,יחידה,1.00,יחידה,false,0,8.50,8.50,true,1,
4059729343116,false,קטריס גלובס לקירור הפנים,,CN,קטריס גלובס לקיר,יחידה,1.00,יחידה,false,1,24.70,24.70,true,1,
4059729343192,false,מברשת מרית למסיכת פנים,,CN,מברשת מרית למסיכ,יחידה,1.00,יחידה,false,1,17.90,17.90,true,1,
4059729343239,false,סרום לחידוש עור הפנים יח,,FR,סרום לחידוש עור,יחידה,1.00,יחידה,false,1,21.30,21.30,true,1,
4059729355836,false,Catrice - Superfr. + Protection Serum,CATRICE,FR,סרום לפנים,מיליליטרים,30.00,"100 מ""ל",false,1,21.30,71.00,true,1,
4059729355904,false,הייליטר למראה זוהר יח',CATRICE,PL,הייליטר למראה זו,יחידה,1.00,יחידה,false,1,17.90,17.90,true,1,
4059729356017,false,Catrice - Hydro Supercharged Serum,CATRICE,FR,סרום לפנים,מיליליטרים,30.00,"100 מ""ל",false,1,21.30,71.00,true,1,
4059729357823,false,Catrice - Super Glue Brow Styling Gel 010,CATRICE,CN,ג'ל לגבות 010,יחידה,1.00,יחידה,false,1,15.30,15.30,true,1,
4059729357861,false,Catrice - Hydrator Plump&Fresh Primer,CATRICE,IT,פריימר לפנים,מיליליטרים,30.00,"100 מ""ל",false,1,17.90,59.67,true,1,
4059729357939,false,Catrice - Matt. Oil-Control Primer,CATRICE,IT,פריימר לפנים,מיליליטרים,30.00,"100 מ""ל",false,1,17.90,59.67,true,1,
4059729358073,false,"ספריי לקיבוע האיפור50מ""ל",CATRICE,PL,ספריי לקיבוע האי,מיליליטרים,50.00,"100 מ""ל",false,1,17.90,35.80,true,1,
4059729358189,false,"סרום לעיניים 15 מ""ל",CATRICE,CZ,סרום לעיניים,מיליליטרים,15.00,"100 מ""ל",false,1,16.20,108.00,true,1,
4059729359506,false,Catrice - Volumizing Extreme Lip Booster 040,CATRICE,PL,ליפגלוס שקוף 040,יחידה,1.00,יחידה,false,1,14.50,14.50,true,1,
4064666232379,false,וולהפלקס ספריי לעיצוב אקסטרה גמיש 250 מל,THEORAT INTERSPRAY,FR,וולהפלקס ספריי א,מיליליטרים,250.00,"100 מ""ל",false,1,33.20,13.28,true,1,
4064666232393,false,"וולה - פלקס ספריי לשיער צבוע 250 מ""ל",THEORAT INTERSPRAY,DE,וולפלקס ספריי,מיליליטרים,250.00,"100 מ""ל",false,1,33.20,13.28,true,1,
4064666232409,false,"וולה - פלקס מוס לעיצוב אקסטרה גמיש 200 מ""ל",THEORAT INTERSPRAY,DE,וולהפלקס מוס אקס,מיליליטרים,200.00,"100 מ""ל",false,1,23.80,11.90,true,1,
4064666232416,false,"וולה - פלקס מוס לעיצוב אולטרה גמיש 200 מ""ל",THEORAT INTERSPRAY,DE,וולה פלקס מוס,מיליליטרים,200.00,"100 מ""ל",false,1,23.80,11.90,true,1,
4084500065536,false,פנטן קרם לחות מוגברת לעיצוב שיער 300 מל,פרוקטר אנד גמבל,FR,קרם לשיער פנטן,מיליליטרים,300.00,"100 מ""ל",false,0,20.40,6.80,true,1,
4084500065598,false,"קרם לחות פנטן לתלתלים מושלמים 300 מ""ל",פרוקטר אנד גמבל,FR,קרם לשיער פנטן,מיליליטרים,300.00,"100 מ""ל",false,0,20.40,6.80,true,1,
4084500081314,false,משחת שיניים פרו אקספרט לניקוי עמוק בטעם מנטה,פרוקטר אנד גמבל,DE,משחת אורל בי,מיליליטרים,75.00,"100 מ""ל",false,1,12.70,16.93,true,1,
4084500471900,false,ג'ילט דאו קליר ג'ל ספורט,ג'\ילט פרוקטר אנד גמבל,PL,ג'ילט דאו קליר ג,מיליליטרים,70.00,"100 מ""ל",false,1,19.50,27.86,true,1,
4084500739253,false,"משחת שיניים אורל בי 3D white לובן מהודר 75 מ""ל",פרוקטר אנד גמבל,DE,משחת אורל בי,מיליליטרים,75.00,"100 מ""ל",false,1,25.50,34.00,true,1,
4103330017369,false,חוט דנטלי לניקוי גשרים,פרוקטר & גמבל,IE,חוט דנטלי לניקוי,יחידה,1.00,יחידה,false,1,24.70,24.70,true,1,
4210201078128,false,מברשת שיניים חשמלית נטענת 800 סנסיטיבD16,דיפלומט,DE,אורל בי נטענת,יחידה,1.00,יחידה,false,0,195.70,195.70,true,1,
4210201176688,false,אורל בי ראש חשמלי סנסיטיב 4 יחידות,פרוקטר אנד גמבל,DE,ראש חשמלי 4 יח,יחידה,1.00,יחידה,false,1,76.80,76.80,true,1,
4210201202905,false,אורל בי 8 ראשים למברשת שיניים חשמלית סנסטיב,בראון,DE,ראשי מילוי סנסיט,יחידה,1.00,יחידה,false,1,187.90,187.90,true,1,
4210201203858,false,בראון מברשת שיניים חשמלית 4000S,דיפלומט,DE,מברשת נטענת,יחידה,1.00,יחידה,false,1,400.80,400.80,true,1,
4210201245193,false,אורל בי מברשת שיניים חשמלית נטענת לילדים פרוזן,פרוקטר אנד גמבל,DE,מברשת אורל בי,יחידה,1.00,יחידה,false,1,76.80,76.80,true,1,
4210201262183,false,אורל בי מברשת שיניים חשמלית נטענת ויטאליטי,פרוקטר אנד גמבל,DE,מברשת נטענת,יחידה,1.00,יחידה,false,1,76.80,76.80,true,1,
4210201281795,false,בראון מכשיר לעיצוב וגילוח פנים וגוף 9 ב1,דיפלומט,DE,מעצב שיער פנים,יחידה,1.00,יחידה,false,1,256.30,256.30,true,1,
4210201282150,false,בראון מכשיר לעיצוב זקן 39 הגדרות אורך,דיפלומט,DE,מכשיר לעיצוב זקן,יחידה,1.00,יחידה,false,1,209.30,209.30,true,1,
4210201320111,false,אורל בי מברשת חשמלית נטענת לילדים-ספיידר,"מיוצר עבור בראון, גרמניה",DE,מברשת שיניים נטע,יחידה,1.00,יחידה,false,1,76.80,76.80,true,1,
4210201320210,false,אורל בי ראש חשמלי לילדים ספיידרמן 4 יחיד,פרוקטר אנד גמבל,DE,אורל בי ראש חשמל,יחידה,1.00,יחידה,false,1,76.80,76.80,true,1,
4210201342809,false,אורל בי 4 ראש מילוי iO לניקוי אולט(שחור),דיפלומט,DE,ראשי למברשת חשמל,יחידה,1.00,יחידה,false,1,127.30,127.30,true,1,
4210201354369,false,אורל בי ראש חשמלי קרוס אקשן 4 יחידות,פרוקטר אנד גמבל,DE,ראש חשמלי קרוס א,יחידה,1.00,יחידה,false,1,76.80,76.80,true,1,
4210201360742,false,אורל בי ראש חשמלי פלקסי סופט 4 יחידות,פרוקטר אנד גמבל,DE,אורל בי 4 ראשים,יחידה,1.00,יחידה,false,1,76.80,76.80,true,1,
4210201363095,false,אורל בי מברשת שיניים חשמלית iO8 (שחור),דיפלומט,DE,IO 8 מברשת חשמלי,יחידה,1.00,יחידה,false,1,1110.20,1110.20,true,1,
4210201365334,false,אורל בי ראש חשמלי סיבי פחם ארבע יחידות,פרוקטר אנד גמבל,DE,אורל בי ראש 4 יח,יחידה,1.00,יחידה,false,1,76.80,76.80,true,1,
4210201385233,false,אורל בי ראש חשמלי לילדים פרוזן 4 יחידות,דיפלומט,DE,ראש חשמלי 4 יח,יחידה,1.00,יחידה,false,1,76.80,76.80,true,1,
4210201403319,false,אורל בי מברשת שיניים חשמלית נטענת פחם ויטאליטי,פרוקטר אנד גמבל,DE,מברשת נטענת,יחידה,1.00,יחידה,false,1,76.80,76.80,true,1,
4210201757771,false,אורל בי פלקסי סופט ראש מילוי חשמלי 4 יחי,פרוקטר אנד גמבל,IE,אורל בי ראש חשמל,יחידה,1.00,יחידה,false,0,76.80,76.80,true,1,
4250035228290,false,מסקרה אולרואנד עמידה,CATRICE,DE,מסקרה עמידה במי,יחידה,1.00,יחידה,false,0,12.80,12.80,true,1,
4250035261877,false,פלטת קונסילרים יח',CATRICE,DE,פלטת קונסילרים,יחידה,1.00,יחידה,false,0,13.60,13.60,true,1,
4250035288157,false,עפרון קז'אל 10,CATRICE,DE,עפרון קז'אל 10,יחידה,1.00,יחידה,false,0,7.60,7.60,true,1,
4250035288188,false,עפרון קז'אל 40,CATRICE,DE,עפרון קז'אל 40,יחידה,1.00,יחידה,false,0,7.60,7.60,true,1,
4250338446513,false,Cat. Sharpener,CATRICE,DE,מחדד,יחידה,1.00,יחידה,false,0,7.60,7.60,true,1,
4250338474363,false,איילנר נוזלי,CATRICE,DE,איילנר נוזלי,יחידה,1.00,יחידה,false,0,12.80,12.80,true,1,
4250338474400,false,איילנר נוזלי עמיד במים,CATRICE,DE,איילנר נוזלי עמי,יחידה,1.00,יחידה,false,0,13.60,13.60,true,1,
4250338487769,false,Catrice Eye Brow Stylist 030,CATRICE,DE,עיפרון גבות 30,יחידה,1.00,יחידה,false,0,9.40,9.40,true,1,
4250587723779,false,CATRICE ג'ל לעיצוב הגבות,CATRICE,DE,ג'ל לעיצוב הגבות,יחידה,1.00,יחידה,false,0,11.90,11.90,true,1,
4250587753929,false,עיפרון שפתיים עמיד 70,CATRICE,DE,עיפרון שפתיים עמ,יחידה,1.00,יחידה,false,0,8.50,8.50,true,1,
4250587754230,false,Cat. All Matt Plus Shine Control Powder 010,CATRICE,DE,פודרה מט 10,יחידה,1.00,יחידה,false,0,12.80,12.80,true,1,
4250587754278,false,Catrice All Matt Plus Shine Control Powder 030,CATRICE,DE,פודרה מט 30,יחידה,1.00,יחידה,false,0,12.80,12.80,true,1,
4250587792119,false,Catrice Tinted Lip Glow Balm,CATRICE,DE,באלם לשפתיים,יחידה,1.00,יחידה,false,0,17.90,17.90,true,1,
4250587793338,false,Cat. All Matt Plus Shine Control Powder 025,CATRICE,DE,פודרה מט 25,יחידה,1.00,יחידה,false,0,12.80,12.80,true,1,
4250947544686,false,Cat. Liquid Camouflage High Coverage Concealer 020,CATRICE,DE,קונסילר נוזלי 2,יחידה,1.00,יחידה,false,0,12.80,12.80,true,1,
4250947562277,false,מסקרה גלאם&דול מלאכותיים,CATRICE,DE,מסקרה גלאם&דול,יחידה,1.00,יחידה,false,0,14.50,14.50,true,1,
4250947563618,false,Cat. Liquid Camouflage High Coverage Concealer 005,CATRICE,DE,קונסילר נוזלי 0,יחידה,1.00,יחידה,false,0,12.80,12.80,true,1,
4250947598283,false,Catrice HD Liquid Coverage Foundation 010,CATRICE,DE,מייק אפ 10-HD,מיליליטרים,30.00,"100 מ""ל",false,0,24.70,82.33,true,1,
4250947598290,false,מייק אפ 20-HD,CATRICE,IT,מייק אפ 20-HD,מיליליטרים,30.00,"100 מ""ל",false,0,26.50,88.33,true,1,
4250947598306,false,Cat. HD Liquid Coverage Foundation 030,CATRICE,DE,מייק אפ 30-HD,מיליליטרים,30.00,"100 מ""ל",false,0,24.70,82.33,true,1,
4250947598313,false,Cat. HD Liquid Coverage Foundation 040,CATRICE,DE,מייק אפ 40-HD,מיליליטרים,30.00,"100 מ""ל",false,0,24.70,82.33,true,1,
4250947598368,false,Catrice Prime And Fine Multitalent Fixing Spray,CATRICE,DE,ספריי מקבע רב שי,מיליליטרים,50.00,"100 מ""ל",false,0,17.00,34.00,true,1,
4251232217537,false,Cat. 18h Colour & Contour Eye Pencil 030,CATRICE,DE,עיפרון עיניים 30,יחידה,1.00,יחידה,false,0,8.50,8.50,true,1,
4251232217551,false,עיפרון עיניים עמיד 50,CATRICE,DE,עיפרון עיניים 50,יחידה,1.00,יחידה,false,0,8.50,8.50,true,1,
4251232217582,false,עיפרון עיניים עמיד 80,CATRICE,DE,עיפרון עיניים 80,יחידה,1.00,יחידה,false,0,8.50,8.50,true,1,
4251232217605,false,Cat. Inside Eye Khol Kajal,CATRICE,DE,עפרון לתיחום,יחידה,1.00,יחידה,false,0,11.10,11.10,true,1,
4251232218510,false,עיפרון לשפתיים 40,CATRICE,DE,עיפרון לשפתיים 4,יחידה,1.00,יחידה,false,0,9.40,9.40,true,1,
4251232218558,false,עיפרון אינק לשפתיים 040,,IL,עיפרון אינק לשפת,יחידה,1.00,יחידה,false,1,11.90,11.90,true,1,
4251232218565,false,עיפרון אינק לשפתיים 050,,IL,עיפרון אינק לשפת,יחידה,1.00,יחידה,false,1,11.90,11.90,true,1,
4251232227284,false,Cat. Slim'Matic Ultra Precise Brow Pencil Waterproof 030,CATRICE,DE,עיפרון גבות סלים,יחידה,1.00,יחידה,false,0,11.90,11.90,true,1,
4251232255829,false,צללית בודדת 80,CATRICE,DE,צללית בודדת 80,יחידה,1.00,יחידה,false,0,11.10,11.10,true,1,
4251232283006,false,Cat. Art Couleurs Eyeshadow 160,CATRICE,DE,צללית בודדת 160,יחידה,1.00,יחידה,false,0,11.10,11.10,true,1,
4251232283938,false,עיפרון אינק לשפתיים 070,,IL,עיפרון אינק לשפת,יחידה,1.00,יחידה,false,1,11.90,11.90,true,1,
4251232283945,false,עיפרון אינק לשפתיים 080,,IL,עיפרון אינק לשפת,יחידה,1.00,יחידה,false,1,11.90,11.90,true,1,
4251232284324,false,Cat. Liquid Camouflage High Coverage Concealer 015,CATRICE,DE,קונסילר נוזלי 15,יחידה,1.00,יחידה,false,0,12.80,12.80,true,1,
4511428200010,false,ביטוי פיט דר` מל ספרי לנעל 6-1,חלאבין,IL,חלאבין ספריי לנע,מיליליטרים,250.00,"100 מ""ל",false,0,25.50,10.20,true,1,
4603400000043,false,"וודקה רוסקיי סטנדרט 700 מ""ל",רוסקי סטנדרט וודקה,RU,וודקה רוסקי,מיליליטרים,700.00,"100 מ""ל",false,0,59.90,8.56,true,1,
4710068001692,false,"מאסטר קפה לאטה פחית 240 מ""ל",תאיט מרקטינג אנד דיסטריב,TW,מאסטר קפה,מיליליטרים,240.00,"100 מ""ל",false,0,6.70,2.79,true,1,
4710068001739,false,"מאסטר קפה קולומביאני 250 מ""ל",יוני פרזינדנט אנטרפר,TW,מאסטר קפה,מיליליטרים,240.00,"100 מ""ל",false,0,6.70,2.79,true,1,
4800888150080,false,"דאב - דאודורנט רול און לאישה פרש טאצ' מלפפונים 50 מ""ל",יוניליוור פיליפינים,PH,דאודורנט דאב,מיליליטרים,50.00,"100 מ""ל",false,0,11.80,23.60,true,1,
4800888209429,false,רקסונה - דאודורנט סטיק לאישה כותנה נשים 50 גרם,יוניליוור,PH,דאודורנט רקסונה,גרמים,50.00,100 גרם,false,1,17.80,35.60,true,1,
4800888214904,false,"דאב דאודורנט סטיק קקאו 50 מ""ל",יוניליוור פארם,PH,דאודורנט דאב,מיליליטרים,150.00,"100 מ""ל",false,1,17.00,11.33,true,1,
4800888219527,false,דאב - דאודורנט סטיק לאישה ללא סימן אינביזיבל 50 גרם,יוניליוור,PH,דאודורנט דאב,גרמים,50.00,100 גרם,false,1,17.00,34.00,true,1,
4800888219534,false,דאב - דאודורנט סטיק לאישה אנטי פרספירמט 50 גרם,יוניליוור פיליפינים,PH,דאו.דאב,מיליליטרים,50.00,"100 מ""ל",false,1,17.00,34.00,true,1,
4800888219541,false,רקסונה - דאודורנט סטיק לאישה פאוודר דרי 50 גרם,יוניליוור,PH,דאודורנט רקסונה,מיליליטרים,50.00,"100 מ""ל",false,1,17.80,35.60,true,1,
4891228304478,false,שיק היידרו 5 סנס רביעיית סכינים,ארץ ייצור סכינים: ארהבn\,CN,שיק הידרו סכינים,יחידה,1.00,יחידה,false,1,42.60,42.60,true,1,
4891228308025,false,סכין גילוח היידרו סילק אישה מארז ידית+4,ארץ ייצור סכינים: ארהבn\,US,היידרו סילק מארז,יחידה,1.00,יחידה,false,1,70.00,70.00,true,1,
4891228308032,false,שיק סכינים גילוח אינטואישן ידית + 5,ארץ ייצור סכינים: ארהבn\,US,שיק אינטואישן5+ס,יחידה,1.00,יחידה,false,1,68.20,68.20,true,1,
4891228308049,false,סכין גילוח שיק היידרו 5 סנס לגבר+7סכינים,ארץ ייצור סכינים: ארהבn\,US,הידרו מארז גילוח,יחידה,1.00,יחידה,false,1,68.20,68.20,true,1,
4891228309268,false,"טאצ' אפ מעצב גבות מקצועי, 3 יחידות",שסטוביץ,CN,שיק סכיני סילק ט,יחידה,1.00,יחידה,false,1,18.70,18.70,true,1,
4891228430085,false,סכיני גילוח שיק אקסטרים קומפורט לגבר 3 להבים 4 יחידות,אנרג'יזר Energizer,CN,סכיני גילוח,יחידה,1.00,יחידה,false,0,17.00,17.00,true,1,
4891228430092,false,סכיני גילוח שיק אקסטרים קומפורט לנשים 3 להבים 4 יחידות,אנרג'יזר Energizer,CN,סכיני גילוח,יחידה,1.00,יחידה,false,0,17.00,17.00,true,1,
4895115486018,false,BUTTITUDE מסכת ישבן מעצב,,IL,BUTTITUDE מסכת י,יחידה,1.00,יחידה,false,1,12.70,12.70,true,1,
4902430742597,false,ORAL B ProHealth Criss Cross Bacterial Blast BUY 2 GET 1 (SOFT),פרוקטר & גמבל,IN,מברשות שיניים3*,יחידה,1.00,יחידה,false,1,21.20,21.20,true,1,
4902430904629,false,מכשיר גילוח פיוז'ן + סכין 1,ג'\ילט פרוקטר אנד גמבל,PL,מכשיר ג'ילט פיוז,יחידה,1.00,יחידה,false,1,34.10,34.10,true,1,
4987176071545,false,מברשות שיניים אורל בי שישייה,,IN,6מברשות שיניים,יחידה,1.00,יחידה,false,1,11.80,11.80,true,1,
4987176090850,false,גילט פיוזן ידית וסכין 5 להבים,ג'\ילט פרוקטר אנד גמבל,PL,מכשיר ג'ילט פיוז,יחידה,1.00,יחידה,false,1,34.10,34.10,true,1,
4987176128188,false,מברשת שיניים אורל בי מארז שישייה,פרוקטר & גמבל,IN,6מברשות שיניים,יחידה,1.00,יחידה,false,1,11.80,11.80,true,1,
4987176130037,false,אורל בי סנסטיב שחור שלישייה (EXTRA SOFT),פרוקטר & גמבל,IN,מברשות שיניים או,יחידה,1.00,יחידה,false,1,21.20,21.20,true,1,
5000159020312,false,מלטיזרס אריזה קטנה 37 גרם,מלטיזרס Maltesers,NL,שוקולד מלטיזרס,גרמים,37.00,100 גרם,false,1,4.20,11.35,true,1,
5000159376655,false,סוכריות SKITTLES פירות קטן 38 גרם אדום,ריגלי ממתקים,CZ,סוכריות סקיטלס,גרמים,38.00,100 גרם,false,0,2.00,5.26,true,1,
5000159407236,false,חטיף מרס שוקולד עם ק,מרס הולנד בי.וי.,NL,חטיף מרס,גרמים,51.00,100 גרם,false,0,3.30,6.47,true,1,
5000159409179,false,מארז חטיפי מיני סניקרס Snickers,מרס הולנד בי.וי.,NL,מיני סניקרס,גרמים,403.00,100 גרם,false,0,19.50,4.84,true,1,
5000159442572,false,מיני טוויקס בשקית 403גרם,טוויקס,DE,מיני טוויקס,גרמים,403.00,100 גרם,false,0,19.50,4.84,true,1,
5000159500845,false,סלבריישן מארז מתנה 196 גרם,מיילי,NL,בונבונ.סלבריישן,גרמים,196.00,100 גרם,false,1,19.50,9.95,true,1,
5000159536400,false,טוויקס סטיקס 99 קלוריות 10 יחידות,מרס,NL,טוויקס סטיקס,גרמים,200.00,100 גרם,false,1,13.50,6.75,true,1,
5000159541152,false,חטיף טוויקס לבן 46 גרם.,מרס.גי אם. בי אייץ,DE,חטיף טוויקס לבן,גרמים,50.00,100 גרם,false,1,3.30,6.60,true,1,
5000204114898,false,גלייד ארוסול מבשם אוויר ניחוח מרכך כביסה,"אס.סי ג'\ונסון,מידרכט, ה",NL,גלייד ארוסול,מיליליטרים,300.00,"100 מ""ל",false,1,7.60,2.54,true,1,
5000204153903,false,מטהר אוויר גלייד מילוי אוטומטי מרכך כביסה,"קוסטר אירוסול ואלף סאן,",TR,גלייד מילוי,מיליליטרים,269.00,"100 מ""ל",false,1,11.80,4.39,true,1,
5000204181296,false,גלייד מארז מכשיר אוטומט+מילוי לבנדר וניל,יצרן אירוסול: קוסטר אירו,TR,גלייד אוט. מוקטן,יחידה,1.00,יחידה,false,1,36.60,36.60,true,1,
5000204196658,false,"נוזל מילוי 45 לילות 36 מ""ל רייד",Zobele Bulgaria,BG,רייד נוזל מילוי,מיליליטרים,36.00,"100 מ""ל",false,1,18.70,51.94,true,1,
5000204657883,false,קיווי משחת נעליים בקופסא חום 50 מל,ג' אל ראיה בוגור ג'א,ID,קיווי משחה בחום,מיליליטרים,50.00,"100 מ""ל",false,0,6.70,13.40,true,1,
5000204657913,false,קיווי משחת נעליים בקופסא שחור 50 מל,ג' אל ראיה בוגור,ID,קיווי משחה בשחור,מיליליטרים,50.00,"100 מ""ל",false,0,6.70,13.40,true,1,
5000267024233,false,"וויסקי ג'וני בלאק לייבל עם פורר 700מ""ל",ג'וני ווקר Johnnie walker,GB,ויסקי ג'וני ווקר,מיליליטרים,700.00,"100 מ""ל",false,0,119.50,17.07,true,1,
5000394002692,false,4 סוללות דורסל AAAאולטרה,פרוקטר & גמבל,BE,סוללות דורסל,יחידה,1.00,יחידה,false,1,17.00,17.00,true,1,
5000394019089,false,סוללה פלוס פאוור 2 יחידות C דורסל,פרוקטר אנד גמבל,US,סוללות דורסל,יחידה,1.00,יחידה,false,1,25.50,25.50,true,1,
5000394105485,false,סוללה פלוס פאוור V9 דורסל יח 1,פרוקטר אנד גמבל,MY,סוללת דורסל 9V,יחידה,1.00,יחידה,false,1,25.50,25.50,true,1,
5000394137486,false,רביעיות סוללות אופטימום AA דורסל,פרוקטר אנד גמבל,BE,דורסל אופטימום,יחידה,1.00,יחידה,false,1,21.20,21.20,true,1,
5000394140899,false,סוללות AA דורסל פלוס - 8 יח',דורסל Duracell,BE,דורסל שמיניות AA,יחידה,1.00,יחידה,false,1,25.50,25.50,true,1,
5000394141179,false,סוללות AAA דורסל פלוס - 8 יח',דורסל Duracell,BE,דורסל שמיניות AA,יחידה,1.00,יחידה,false,1,25.50,25.50,true,1,
5000394203921,false,זוג סוללות ליתיום 2032 דורסל,דורסל Duracell,CN,דורסל זוג סוללות,יחידה,1.00,יחידה,false,1,17.00,17.00,true,1,
5010123703431,false,ליסטרין פרש בורסט 250 מל,גונסון אנד גונסון,IL,ליסטרין פרש בורס,מיליליטרים,250.00,"100 מ""ל",false,1,8.40,3.36,true,1,
5010123703509,false,"ליסטרין 250 מ""לקולמי",ג'ונסון,IL,ליסטרין קולמינט,מיליליטרים,250.00,"100 מ""ל",false,1,8.40,3.36,true,1,
5010123703585,false,ליסטרין שטיפת פה קולמינט 500 מל,גונסון אנד גונסון,IT,מי פה ליסטרין,מיליליטרים,500.00,"100 מ""ל",false,1,17.00,3.40,true,1,
5010182998847,false,דאק נוזל לניקוי אסלות בניחוח ים 750 מל,מיוצר עי קונדיטוריית,NL,טואלט דאק,מיליליטרים,750.00,"100 מ""ל",false,0,9.30,1.24,true,1,
5010415225214,false,טומי טיפי זוג בקבוקים 260 מל מאויר כחול,הכי טבעי-הנסיך,CN,הכי טבעי בקבוק ב,יחידה,1.00,יחידה,false,0,59.70,59.70,true,1,
5010415323088,false,מברשת לבקבוקים טומי טיפי,טומי טיפי,IL,טומי טיפי מברשת,יחידה,1.00,יחידה,false,0,32.30,32.30,true,1,
5010415330086,false,ט.טיפי הכי טבעי זוג מוצצים סיליקון 0-6,הכי טבעי-הנסיך,CN,זוג מוצצים,יחידה,1.00,יחידה,false,0,34.10,34.10,true,1,
5010415330109,false,ט.טיפי הכי טבעי זוג מוצצים סיליקון 6-18,הכי טבעי-הנסיך,CN,מוצצים לשימוש יו,יחידה,1.00,יחידה,false,1,34.10,34.10,true,1,
5010415330147,false,טומי טיפי זוג מוצצים זוהרים בחושך 0-6,הכי טבעי-הנסיך,CN,זוג מוצצים,יחידה,1.00,יחידה,false,0,34.10,34.10,true,1,
5010415330444,false,מספריים לציפורנים,טומי טיפי,IL,מספריים לציפורני,יחידה,1.00,יחידה,false,0,27.20,27.20,true,1,
5010415330987,false,מסרק+מברשת רכה,,IL,מסרק+מברשת רכה,יחידה,1.00,יחידה,false,0,27.20,27.20,true,1,
5010415332363,false,טומי טיפי זוג מוצצי לטקס בלון 0M,טומי טיפי,CN,טומי טיפי מוצצי,יחידה,1.00,יחידה,false,0,28.90,28.90,true,1,
5010415332387,false,טומי טיפי זוג מוצצי לטקס בלון 6M,טומי טיפי,CN,טומי טיפי מוצצי,יחידה,1.00,יחידה,false,0,28.90,28.90,true,1,
5010415333575,false,טומי טיפי זוג מוצצים איורי חיות 0-6,הכי טבעי-הנסיך,CN,זוג מוצצים,יחידה,1.00,יחידה,false,0,34.10,34.10,true,1,
5010415333582,false,מוצצים איורי חיות6-18זוג,הכי טבעי-הנסיך,IL,טבעי מוצצים מעוצ,יחידה,1.00,יחידה,false,0,34.10,34.10,true,1,
5010415334046,false,זוג מוצצים 18-36 בנות,הכי טבעי-הנסיך,IL,טומי טיפי מוצצים,יחידה,1.00,יחידה,false,0,38.30,38.30,true,1,
5010415334886,false,טומי טיפי זוג מוצצים סדרת מודה 0-6 בנים,הכי טבעי-הנסיך,GB,זוג מוצצי מודה ב,יחידה,1.00,יחידה,false,1,41.70,41.70,true,1,
5010415334893,false,טומי טיפי זוג מוצצים סדרת מודה 6-18 בנות,הכי טבעי-הנסיך,GB,זוג מוצצי מודה ב,יחידה,1.00,יחידה,false,1,41.70,41.70,true,1,
5010415471086,false,טומי טיפי כוס שתייה 6+ כחול אקספלורה,טומי טיפי,CN,כוס שתיה בנים,יחידה,1.00,יחידה,false,0,42.60,42.60,true,1,
5010622005012,false,חוט דנטלי אסנשייאל ללא שעווה 50 מטר,פרוקטר אנד גמבל,IE,חוט דנטלי,מטרים,50.00,מטר,false,0,15.30,0.31,true,1,
5010724526798,false,שמפו יבש בניחוח דובדבן בטיסט 200 גר,צ'\רצ'\ אנד דיוויט,GB,בטיסט שמפו,מיליליטרים,200.00,"100 מ""ל",false,1,25.00,12.50,true,1,
5010724527375,false,שמפו יבש בניחוח פריחה אביבית בטיסט 200 ג,צ'\רצ'\ אנד דיוויט,GB,בטיסט שמפו,מיליליטרים,200.00,"100 מ""ל",false,1,25.00,12.50,true,1,
5010724527481,false,שמפו יבש בניחוח קלאסי בטיסט 200 גר,צ'\רצ'\ אנד דיוויט,GB,בטיסט שמפו,מיליליטרים,200.00,"100 מ""ל",false,1,25.00,12.50,true,1,
5010724527511,false,בטיסט שמפו יבש בניחוח טרופי 200 מ'ל,צ'\רצ'\ אנד דיוויט,GB,בטיסט שמפו,מיליליטרים,200.00,"100 מ""ל",false,1,25.00,12.50,true,1,
5010934001849,false,ג`סט פור מן חום כהה שחור,מדיטרנד,US,צבע שיער לגבר,יחידה,1.00,יחידה,false,0,42.60,42.60,true,1,
5010934002174,false,צבע שיער לגבר שחור,מדיטרנד,US,צבע שיער לגבר,יחידה,1.00,יחידה,false,0,42.60,42.60,true,1,
5011007003005,false,"וויסקי ג'יימסון אירי מזוקק 700 מ""ל",אייריש דיסטילרז,IE,וויסקי ג'יימסון,מיליליטרים,700.00,"100 מ""ל",false,0,93.80,13.40,true,1,
5011408027990,false,ספרי עיצוב חזק מאוד לשיער Elnett,לוריאל Loreal,FR,אלנט ספריי לשיער,מיליליטרים,400.00,"100 מ""ל",false,0,46.90,11.73,true,1,
5011408040791,false,לוריאל - דרמו רויטליפט קלאסי לילה,"קרלסרו, גרמניה",DE,REVITALIFT קרם,מיליליטרים,50.00,"100 מ""ל",false,0,81.10,162.20,true,1,
5012251010177,false,"BEAUTY FORMULAS תרחיץ פילינג מועשר בתמציות מלפפונים לחידוש וניקוי עור הפנים 150 מ""ל",,GB,תרחיץ פנים מועשר,מיליליטרים,150.00,"100 מ""ל",false,1,17.00,11.33,true,1,
5012251010191,false,"BEAUTY FORMULAS מסכת חימר לעור הפנים מעושרת בתמציות מלפפונים 100 מ""ל",,GB,מסכת חימר לעור מ,מיליליטרים,100.00,"100 מ""ל",false,1,21.20,21.20,true,1,
5012251010429,false,"TEA TREE BEAUTY FORMULAS - מסכת חימר לניקוי עמוק של הפנים 100 מ""ל",,IL,מסכת חימר לניקוי,מיליליטרים,100.00,"100 מ""ל",false,1,21.20,21.20,true,1,
5012251011129,false,"TEA TREE BEAUTY FORMULAS - תרחיץ גרגרים לפנים לניקוי עמוק וסיוע בהסרת שחורים 150 מ""ל",,IL,תרחיץ לפנים לניק,מיליליטרים,150.00,"100 מ""ל",false,1,21.20,14.13,true,1,
5012251012249,false,ביוטי פורמולה תרחיץ פנים פחם,,GB,תרחיץ פילינג לפנ,מיליליטרים,150.00,"100 מ""ל",false,1,12.70,8.47,true,1,
5012251012256,false,"BEAUTY FORMULASתרחיץ דטוקס לפנים בתוספת פחם פעיל 150מ""ל",,GB,תרחיץ דטוקס לפני,מיליליטרים,150.00,"100 מ""ל",false,1,12.70,8.47,true,1,
5012251012522,false,מגבוני פנים פחם פעיל,DRAMMOCK,GB,מגבוני פנים פחם,יחידה,1.00,יחידה,false,1,12.70,12.70,true,1,
5012251012645,false,רצועות לאף להסרת ראשים שחורים,,GB,מדבקות להוצאת שח,יחידה,1.00,יחידה,false,1,13.50,13.50,true,1,
5012251012850,false,6 זוגות רטיות זהב הידרו ג'ל לעיניים מועשרות בתמציות קולגן ולבנדר BEAUTY FORMULAS,,IL,רטיות זהב הידרו,יחידה,1.00,יחידה,false,1,25.50,25.50,true,1,
5012251012898,false,"BEAUTY FORMULAS מסכת ג'ל פנים זהב נוצצת מועשרת בתמציות קולגן 100 מ""ל",,IL,מסכת ג'ל פנים,מיליליטרים,100.00,"100 מ""ל",false,1,25.50,25.50,true,1,
5012251013314,false,BEAUTY FORMULAS מגבוני פנים להסרה עדינה ויעילה של איפור על בסיס תמציות אבוקדו 25 יחידות,,GB,מגבוני פנים להסר,יחידה,1.00,יחידה,false,1,12.70,12.70,true,1,
5012251013536,false,BEAUTY FORMULAS - ויטמין סי רטיות לעיניים 6 יחידות,,IL,רטיות לעיניים עם,יחידה,1.00,יחידה,false,1,25.50,25.50,true,1,
5013931015741,false,דיש מטיק - ידית הפלא לשטיפת כלים,דישמטיק Dish matic,US,ידית הפלא לכלים,יחידה,1.00,יחידה,false,1,12.70,12.70,true,1,
5013931015758,false,דיש מטיק - ספוגי החלפה מארז 3 יחידות,דישמטיק Dish matic,US,ספוגי החלפה 3 יח,יחידה,1.00,יחידה,false,1,12.70,12.70,true,1,
5013965948428,false,משחת שיניים פרו אקספרט לניקוי יסודי מנטה מעודן,פרוקטר אנד גמבל,DE,משחת אורל בי,מיליליטרים,75.00,"100 מ""ל",false,1,12.70,16.93,true,1,
5016221202548,false,פלקרס פלוסר מנטה אקולוגי,רניר-אומגה,CN,קיסם עם חוט-אקול,יחידה,1.00,יחידה,false,1,12.70,12.70,true,1,
5016221991978,false,ראשים למברשת שיניים חשמלית סנסיטיב זוג,דנטלון,CN,ראשים למברשת חשמ,יחידה,1.00,יחידה,false,1,40.90,40.90,true,1,
5017371155197,false,"בלונס - שמן קקאו לפנים ולגוף 50 מ""ל",,GB,בלונס - שמן גוף,מיליליטרים,50.00,"100 מ""ל",false,1,25.50,51.00,true,1,
5029053032658,false,שמיניית ממחטות טישו קלינקס 9 יחידות,חוגלה קימברלי,IT,קלינקס שמיניה,יחידה,1.00,יחידה,false,1,6.70,6.70,true,1,
5029053039725,false,ממחטות נייר קלינקס נטורל פרש קופסה 72 דף,קימברלי קלארק,IL,קלינקס נטורל פרש,יחידה,1.00,יחידה,false,1,10.10,10.10,true,1,
5029053510811,false,קוטקס - תחבושות אולטרה נורמל + כנפיים 30 יח',קימברלי קלארק,CZ,תחבושות קוטקס,יחידה,1.00,יחידה,false,0,17.80,17.80,true,1,
5029053510828,false,קוטקס - תחבושות אולטרה סופר + כנפיים 22 יח',קימברלי קלארק,CZ,תחבושות קוטקס,יחידה,1.00,יחידה,false,0,17.80,17.80,true,1,
5029053523446,false,קוטקס - תחבושות אולטרה נייט + כנפיים 20 יח',קימברלי קלארק,CZ,תחבושות נייט קוט,יחידה,1.00,יחידה,false,0,17.80,17.80,true,1,
5029053527574,false,האגיס תחתון ספיגה 4-7 בנים דריי נייטס 10 יחידות,חוגלה קימברלי,CZ,10 תחתוני ספיגה,יחידה,1.00,יחידה,false,0,34.10,34.10,true,1,
5029053527581,false,האגיס תחתון ספיגה 4-7 בנות דריי נייטס 10 יחידות,חוגלה קימברלי,CZ,10 תחתוני ספיגה,יחידה,1.00,יחידה,false,0,34.10,34.10,true,1,
5029053527598,false,תחתוני ספיגה בנים לתופעת הרטבת לילה 8-15 האגיס,חוגלה קימברלי,CZ,תחתוני ספיגה האג,יחידה,1.00,יחידה,false,0,34.10,34.10,true,1,
5029053527604,false,האגיס תחתון ספיגה 15-8 בנות דריי נייטס 9 יחידות,חוגלה קימברלי,IL,תחתוני ספיגה האג,יחידה,1.00,יחידה,false,0,34.10,34.10,true,1,
5029053534589,false,קוטקס טמפוני מיני B נורמל 32 יחידות,קימברלי קלארק,CZ,טמפוני קוטקס,יחידה,1.00,יחידה,false,0,24.70,24.70,true,1,
5029053534596,false,קוטקס טמפוני נורמל ללא מוליך 32 יח,קימברלי קלארק,CZ,טמפוני קוטקס,יחידה,1.00,יחידה,false,0,24.70,24.70,true,1,
5029053534602,false,קוטקס טמפוני סופר ללא מוליך 32 יח,קימברלי קלארק,CZ,טמפוני קוטקס,יחידה,1.00,יחידה,false,0,24.70,24.70,true,1,
5029053535210,false,טמפון קוטקס עם מוליך מיני 16 יח,קימברלי קלארק,CZ,טמפוני קוטקס,יחידה,1.00,יחידה,false,0,17.00,17.00,true,1,
5029053535227,false,קוטקס טמפון עם מוליך נורמל 16 יחידות,קימברלי קלארק,CZ,טמפוני קוטקס,יחידה,1.00,יחידה,false,0,17.00,17.00,true,1,
5029053535234,false,טמפון קוטקס עם מוליך סופר 16 יח,חוגלה קימברלי,CZ,טמפוני קוטקס,יחידה,1.00,יחידה,false,0,17.00,17.00,true,1,
5029053538426,false,בגד ים חד פעמי ליטל סווימרס 12-18kg L,חוגלה קימברלי,CZ,חיתולי האגיס,יחידה,1.00,יחידה,false,0,19.80,19.80,true,1,
5029053574103,false,האגיס פול אפס תח.גמילה יום בנות 20 יחידו,KC צ'כיה,IL,האגיס גמילה בנות,יחידה,1.00,יחידה,false,1,46.00,46.00,true,1,
5029053574110,false,האגיס פול אפס תח.גמילה יום בנים 20 יחידו,חוגלה,IL,האגיס גמילה בנים,יחידה,1.00,יחידה,false,1,46.00,46.00,true,1,
5029053574141,false,האגיס פול אפס תח.גמילה לילה בנות 18 יחיד,חוגלה,IL,האגיס גמילה בנות,יחידה,1.00,יחידה,false,1,46.00,46.00,true,1,
5029053578309,false,קופסת ממחטות אולטרה סופט 48 דף קלינקס,קימברלי,IL,קלינקס אולטרה,יחידה,1.00,יחידה,false,1,6.70,6.70,true,1,
5029054220085,false,האגיס - מגבוני האגיס אקסטרה קר לא מבושם 56 יח' * 4,קימברלי קלארק,IL,מגבונים לרך נולד,יחידה,1.00,יחידה,false,1,23.80,23.80,true,1,
5045294100406,false,"ברברי טאצ' 100 מ""ל",,IL,ברברי טאצ',מיליליטרים,100.00,"100 מ""ל",false,1,170.00,170.00,true,1,
5045415436919,false,בריט דרים אדט לאישה 90 מ,,IL,בריט דרים אדט לא,מיליליטרים,90.00,"100 מ""ל",false,1,212.80,236.44,true,1,
5050456522736,false,"נינו 1881 צ'רוטי - א.ד.ט 100 מ""ל צ'רוטי 1881",,FR,צ'רוטי 1881 אשה,מיליליטרים,100.00,"100 מ""ל",false,1,144.40,144.40,true,1,
5056357900925,false,סניקרס חטיף חלבון חמאת בוטנים 57 גרם,פארם אקספרס,US,חטיף חלבון סניקר,גרמים,57.00,100 גרם,false,1,15.30,26.84,true,1,
5056357903834,false,באונטי מעושר בחלבון 52 גרם,מארס יורק אנגליה,GB,חטיף חלבון באונט,גרמים,52.00,100 גרם,false,1,15.30,29.42,true,1,
5060022302273,false,מוס פיוריטי מימי לשיזוף,ST.TROPEZ,GB,מוס פיוריטי מימי,מיליליטרים,200.00,"100 מ""ל",false,1,136.70,68.35,true,1,
5060022303041,false,ערכת התנסות לשיזוף עצמי,ST.TROPEZ,GB,ערכת התנסות לשיז,יחידה,1.00,יחידה,false,1,58.90,58.90,true,1,
5060103310012,false,"מולקולה 01 אסנטריק פסים א.ד.ט 100 מ""ל",רבלון בישום,GB,Escentric 01 אדט,מיליליטרים,100.00,"100 מ""ל",false,1,298.20,298.20,true,1,
5060103310029,false,"מולקולה 01 אדט יוניסקס 100 מ""ל - אסנטריק מולקולה",טרי מוגלר בישום,GB,molecule 01 לאשה,מיליליטרים,100.00,"100 מ""ל",false,1,298.20,298.20,true,1,
5060103310043,false,"מולקולה מולק.02 100 מ""ל",טרי מוגלר בישום,GB,molecule 02,מיליליטרים,100.00,"100 מ""ל",false,1,306.80,306.80,true,1,
5060103310586,false,מולקולה02 לימטד אדישן100,,IL,מולקולה 02 לימטד,מיליליטרים,100.00,"100 מ""ל",false,1,281.20,281.20,true,1,
5060152405936,false,רונאלדו לגסי ג100.,רונאלדו אלפא,IL,רונאלדו לגסי ג1.,מיליליטרים,100.00,"100 מ""ל",false,0,211.00,211.00,true,1,
5060402908286,false,מארס חטיף חלבון 59 גרם,פארם אקספרס,US,חטיף חלבון מארס,גרמים,59.00,100 גרם,false,1,15.30,25.93,true,1,
5060402909542,false,מארס חטיף חלבון קרמל מלוח 59 גרם,פארם אקספרס,US,חטיף חלבון מארס,גרמים,59.00,100 גרם,false,1,15.30,25.93,true,1,
5060412110235,false,"אפרה לה מור אדפ יוניסקס 100 מ"" תומאס קוסמלה",,FR,אפרה לה מור אדפ,מיליליטרים,100.00,"100 מ""ל",false,1,511.90,511.90,true,1,
5060424705535,false,WARRIOR -חטיף חלבון בטעם שוקולד מריר ובוטנים,"KBF תעשיות בע""מ UK",GB,חטיף חלבון קראנץ,גרמים,64.00,100 גרם,false,1,12.70,19.84,true,1,
5060426150678,false,"לאבלי אדפ 200 מ""ל",,IL,לאבלי אדפ,מיליליטרים,200.00,"100 מ""ל",false,1,135.80,67.90,true,1,
5060524511272,false,מארז רונלדו פליי איט קול,עדן פרפיום,GB,רונלדו מארז,יחידה,1.00,יחידה,false,1,195.70,195.70,true,1,
5060524511296,false,מארז on Game CR7 לגבר,עדן פרפיום,GB,on Game CR7 מארז,יחידה,1.00,יחידה,false,1,195.70,195.70,true,1,
5060756342781,false,WARRIOR-חטיף חלבון בטעם קרם עוגיות,"KBF תעשיות בע""מ UK",GB,חטיף חלבון קראנץ,גרמים,64.00,100 גרם,false,1,12.70,19.84,true,1,
5200133120476,false,גלילות וופלים ממולאים קרם אגוזים וקקאו 400 ג',יוניליוור גרמניה Gm,GR,גליליות וופל,גרמים,400.00,100 גרם,false,1,15.30,3.83,true,1,
5201100872596,false,לוריאל - אקסלנס קרם 9 בלונד בהיר מאוד,לוריאל Loreal,BE,צבע לשיער אקסלנס,יחידה,1.00,יחידה,false,0,29.80,29.80,true,1,
5201100872602,false,לוריאל - לוריאל אקסלנס קרם 9.1 עברית/יוונית,לוריאל פריז,BE,צבע שיער אקסלנס,יחידה,1.00,יחידה,false,0,29.80,29.80,true,1,
5201100872640,false,לוריאל - אקסלנס קרם 03בלונד אולטרה בהיר אפור,לוריאל Loreal,BE,צבע לשיער אקסלנס,יחידה,1.00,יחידה,false,0,29.80,29.80,true,1,
5201178032465,false,"ניוואה - סאן קונטרול שיין 50 מ""ל SPF30",ביירסדורץ,DE,ניוואה סאן,מיליליטרים,50.00,"100 מ""ל",false,1,41.80,83.60,true,1,
5201178801047,false,"קרם לחות רב שימוש ניוואה 150 מ""ל",ביירסדורץ,DE,קרם לחות ניוואה,מיליליטרים,150.00,"100 מ""ל",false,0,21.20,14.13,true,1,
5201263001536,false,מגן תחתון EVERY DAY אקסטרה לונג 24 יח',,GR,מגני תחתון XL,יחידה,1.00,יחידה,false,1,11.00,11.00,true,1,
5201263006340,false,תחבושת EVERY DAY נורמל 18 יח',,GR,תחבושות נורמל,יחידה,1.00,יחידה,false,1,11.00,11.00,true,1,
5201263006357,false,תחבושת EVERY DAY סופר 18 יח',,GR,תחבושות סופר,יחידה,1.00,יחידה,false,1,11.00,11.00,true,1,
5201263006364,false,תחבושת EVERY DAY מקסי נייט 18 יח',,GR,תחבושות מקסי,יחידה,1.00,יחידה,false,1,11.00,11.00,true,1,
5201263011474,false,מגן תחתון EVERY DAY לארג' 30 יח',,GR,מגני תחתון לארג',יחידה,1.00,יחידה,false,1,11.00,11.00,true,1,
5201263011801,false,מגן תחתון EVERY DAY נורמל 20 יח',,GR,מגני תחתון נורמל,יחידה,1.00,יחידה,false,1,11.00,11.00,true,1,
5201347400545,false,רצועות שעווה מוכנות לשימוש לפנים ולאזורים רגישים,רקיט בנקיזר צרפת,FR,רצועות שעווה ויט,יחידה,1.00,יחידה,false,0,33.20,33.20,true,1,
5201583750411,false,זירו-סוכריות ללא סוכר בטעם לימון עם סטיב,איתן,GR,סוכריות זירו,גרמים,32.00,100 גרם,false,1,6.40,20.00,true,1,
5201583751418,false,סוכריות זירו אייס בלו סטיביה ללא סוכר 32 ג',איתן,GR,סוכריות זירו,גרמים,32.00,100 גרם,false,1,6.40,20.00,true,1,
5202300014496,false,ספריי לשיער חזק במיוחד וולה פלקס Wella flex,פרוקטר אנד גמבל,DE,וולהפלקס ספריי,מיליליטרים,250.00,"100 מ""ל",false,0,33.20,13.28,true,1,
5202300042956,false,צבע לשיער צבע לשיער קולסטון 5/5 מהגוני,פרוקטר אנד גמבל,DE,קולסטון שפופרת,יחידה,1.00,יחידה,false,0,22.10,22.10,true,1,
5202300043007,false,צבע לשיער קולסטון - 7/7 חום שטני,פרוקטר אנד גמבל,DE,קולסטון שפופרת,יחידה,1.00,יחידה,false,0,22.10,22.10,true,1,
5202300043014,false,צבע לשיער קולסטון - 6/7 חום שוקולד,פרוקטר אנד גמבל,DE,קולסטון שפופרת,יחידה,1.00,יחידה,false,0,22.10,22.10,true,1,
5202300043052,false,צבע לשיער קולסטון - 7/75 אגוז בהיר,פרוקטר אנד גמבל,DE,קולסטון שפופרת,יחידה,1.00,יחידה,false,0,22.10,22.10,true,1,
5202300043069,false,צבע לשיער קולסטון - 2/8 שחור כחול,פרוקטר אנד גמבל,DE,קולסטון שפופרת,יחידה,1.00,יחידה,false,0,22.10,22.10,true,1,
5202300043144,false,צבע לשיער קולסטון - 9/0 בלונד בהיר מאוד,פרוקטר אנד גמבל,DE,קולסטון שפופרת,יחידה,1.00,יחידה,false,0,22.10,22.10,true,1,
5202300043151,false,צבע לשיער קולסטון - 8/0 בלונד בהיר,פרוקטר אנד גמבל,DE,קולסטון שפופרת,יחידה,1.00,יחידה,false,0,22.10,22.10,true,1,
5202300043168,false,צבע לשיער קולסטון - 7/0 בלונד בינוני,פרוקטר אנד גמבל,DE,קולסטון,יחידה,1.00,יחידה,false,0,22.10,22.10,true,1,
5202300043175,false,צבע לשיער קולסטון - 6/0 בלונד כהה,פרוקטר אנד גמבל,DE,קולסטון שפופרת,יחידה,1.00,יחידה,false,0,22.10,22.10,true,1,
5202300043182,false,צבע לשיער קולסטון - 5/0 חום בהיר,פרוקטר אנד גמבל,DE,קולסטון שפופרת,יחידה,1.00,יחידה,false,0,22.10,22.10,true,1,
5202300043199,false,צבע לשיער קולסטון - 4/0 חום בינוני,פרוקטר אנד גמבל,DE,קולסטון שפופרת,יחידה,1.00,יחידה,false,0,22.10,22.10,true,1,
5202300043205,false,צבע לשיער קולסטון - 3/0 חום כהה,פרוקטר אנד גמבל,DE,קולסטון חום כהה,יחידה,1.00,יחידה,false,0,22.10,22.10,true,1,
5202300043212,false,צבע לשיער קולסטון - 2/0 שחור,פרוקטר אנד גמבל,DE,קולסטון שפופרת,יחידה,1.00,יחידה,false,0,22.10,22.10,true,1,
5202300043267,false,צבע לשיער קולסטון - 9/1 בלונד אפרפר בהיר מאוד,פרוקטר אנד גמבל,DE,קולסטון שפופרת,יחידה,1.00,יחידה,false,0,22.10,22.10,true,1,
5202300043274,false,צבע לשיער קולסטון- 8/1 בלונד אפרפר בהיר,פרוקטר אנד גמבל,DE,קולסטון שפופרת,יחידה,1.00,יחידה,false,0,22.10,22.10,true,1,
5202300043281,false,צבע לשיער קולסטון - 7/1 בלונד אפרפר בינוני,פרוקטר אנד גמבל,DE,קולסטון שפורפרת,יחידה,1.00,יחידה,false,0,22.10,22.10,true,1,
5202300043335,false,צבע לשיער קולסטון - 9/3 בלונד זהוב,פרוקטר אנד גמבל,DE,קולסטון שפורפרת,יחידה,1.00,יחידה,false,0,22.10,22.10,true,1,
5202300043403,false,צבע לשיער קולסטון - 5/4 חום ערמוני,פרוקטר אנד גמבל,DE,קולסטון שפורפרת,יחידה,1.00,יחידה,false,0,22.10,22.10,true,1,
5202300043526,false,צבע לשיער קולסטון - 4/75 חום משי,HFC פרסטיג',DE,קולסטון שפופרת,יחידה,1.00,יחידה,false,0,22.10,22.10,true,1,
5202300043724,false,צבע לשיער קולסטון - 6/75 חום אגוז בינוני,פרוקטר אנד גמבל,DE,קולסטון שפורפרת,יחידה,1.00,יחידה,false,0,22.10,22.10,true,1,
5391523057912,false,סימילאק גולד שלב 1 400 גרם,General,IE,סימילאק גולד,גרמים,400.00,100 גרם,false,1,38.30,9.58,true,1,
5391523057929,false,סימילאק גולד שלב 1 תרכובת מזון על בסיס חלב,אבוט מעבדות רפואיות,IE,סימילאק גולד,גרמים,700.00,100 גרם,false,1,59.70,8.53,true,1,
5391523057936,false,סימילאק גולד שלב 2 תרכובת מזון על בסיס חלב,אבוט מעבדות רפואיות,IE,סימילאק גולד,גרמים,700.00,100 גרם,false,1,59.70,8.53,true,1,
5391523057943,false,סימילאק גולד שלב 3 תרכובת מזון על בסיס חלב,אבוט מעבדות רפואיות,IE,סימילאק גולד,גרמים,700.00,100 גרם,false,1,59.70,8.53,true,1,
5391523058063,false,סימילאק אדבנס פלוס 1 תרכובת מזון על בסיס חלב,טרופיקל דגיל תעשיות,IE,סימילאק אדבנס,גרמים,700.00,100 גרם,false,1,55.40,7.91,true,1,
5391523058070,false,סימילאק אדבנס פלוס 3 תרכובת מזון על בסיס חלב,טרופיקל דגיל תעשיות,IE,סימילאק אדבנס,גרמים,700.00,100 גרם,false,1,55.40,7.91,true,1,
5391523058087,false,סימילאק אדבנס פלוס 2 תרכובת מזון על בסיס חלב,טרופיקל דגיל תעשיות,IE,סימילאק אדבנס,גרמים,700.00,100 גרם,false,1,55.40,7.91,true,1,
5410076854462,false,חוט דנטלי אורל בי 40 מטר 3D,פרוקטר & גמבל,IE,חוט דנטלי מנטה,מטרים,40.00,מטר,false,1,21.20,0.53,true,1,
5410091648176,false,"פה - דאודורנט רול און לאישה פינק פרדייס 50 מ""ל",שוורצקופף והנקל,DE,דאודורנט FA,מיליליטרים,50.00,"100 מ""ל",false,0,12.70,25.40,true,1,
5410091677992,false,"סאיוס - ספריי לשיער לייצוב מקסימלי 400 מ""ל",שוורצקופף והנקל,DE,ספרי עיצוב סאיוס,מיליליטרים,400.00,"100 מ""ל",false,0,40.90,10.23,true,1,
5410091678012,false,"ספריי לשיער סאיוס לברק ועיצוב 400 מ""ל",הנקל סוד,DE,ספרי עיצוב סאיוס,מיליליטרים,400.00,"100 מ""ל",false,0,40.90,10.23,true,1,
5410091678043,false,"סאיוס - מוס לשיער מתולתל 250 מ""ל",שוורצקוף,DE,מוס לעיצוב סאיוס,מיליליטרים,250.00,"100 מ""ל",false,0,30.60,12.24,true,1,
5410091708955,false,"סאיוס - ספריי לשיער קרטין 400 מ""ל",שוורצקופף והנקל,DE,ספרי עיצוב סאיוס,מיליליטרים,400.00,"100 מ""ל",false,0,40.90,10.23,true,1,
5410103161518,false,קרם יום עם פעולה משולשת לעור רגיל ומעורב,"לוריאל ישראל בע""מ",DE,קרם לחות,מיליליטרים,50.00,"100 מ""ל",false,0,42.60,85.20,true,1,
5410103161617,false,קרם יום עם פעולה משולשת Triple active לעור יבש ועדין,"לוריאל ישראל בע""מ",DE,קרם לחות עור יבש,מיליליטרים,50.00,"100 מ""ל",false,0,42.60,85.20,true,1,
5410126666038,false,"ביסקוויט קרמל לוטוס 279 גרם בד""צ",לוטוס ביקרי נ.וי,BE,ביסקוויט לוטוס,גרמים,279.00,100 גרם,false,1,12.70,4.55,true,1,
5601036205534,false,צבע לשיער אקסלנס קרם - 1 שחור,לוריאל Loreal,BE,צבע לשיער אקסלנס,יחידה,1.00,יחידה,false,0,29.80,29.80,true,1,
5601036205541,false,צבע לשיער אקסלנס קרם - 3 חום כהה מאוד,לוריאל Loreal,BE,צבע לשיער אקסלנס,יחידה,1.00,יחידה,false,0,29.80,29.80,true,1,
5601036205558,false,צבע לשיער אקסלנס קרם - 4 חום כהה,לוריאל Loreal,BE,צבע שיער אקסלנס,יחידה,1.00,יחידה,false,0,29.80,29.80,true,1,
5601036205572,false,לוריאל - אקסלנס קרם 4.54 חום מהגוני נחושתי,ליברמו,BE,אקסלנס,יחידה,1.00,יחידה,false,0,29.80,29.80,true,1,
5601036205589,false,צבע לשיער אקסלנס קרם - 5 חום טבעי,לוריאל Loreal,BE,צבע לשיער אקסלנס,יחידה,1.00,יחידה,false,0,29.80,29.80,true,1,
5601036205596,false,צבע לשיער אקסלנס קרם - 5.3 חום זהוב,לוריאל ישראל קוסמטיקס בע,BE,צבע לשיער אקסלנס,יחידה,1.00,יחידה,false,0,29.80,29.80,true,1,
5601036205602,false,צבע לשיער אקסלנס קרם - 5.5 חום מהגוני,לוריאל ישראל קוסמטיקס בע,BE,צבע לשיער אקסלנס,יחידה,1.00,יחידה,false,0,29.80,29.80,true,1,
5601036205657,false,צבע לשיער אקסלנס קרם - 7 בלונד,לוריאל Loreal,BE,צבע לשיער אקסלנס,יחידה,1.00,יחידה,false,0,29.80,29.80,true,1,
5601036205664,false,לוריאל - אקסלנס קרם 7.1 בלונד טבעי אפרפר,ליברמו,BE,צבעי שיער אקסלנס,יחידה,1.00,יחידה,false,0,29.80,29.80,true,1,
5601036205671,false,לוריאל - אקסלנס קרם 7.3 בלונד זהוב,ליברמו,BE,צבע לשיער אקסלנס,יחידה,1.00,יחידה,false,0,29.80,29.80,true,1,
5601036205688,false,לוריאל - אקסלנס קרם 8 בלונד בהיר,ליברמו,BE,צבע לשיער אקסלנס,יחידה,1.00,יחידה,false,0,29.80,29.80,true,1,
5601036205725,false,לוריאל - אקסלנס קרם 10 בלונד מאוד מאוד בהיר,לוריאל ישראל קוסמטיקס בע,BE,צבע שיער אקסלנס,יחידה,1.00,יחידה,false,0,29.80,29.80,true,1,
5601036206418,false,לוריאל - אקסלנס קרם 01בלונד אולטרה בהיר טבעי,ליברמו,BE,צבע לשיער אקסלנס,יחידה,1.00,יחידה,false,0,29.80,29.80,true,1,
5900017062419,false,"ניוואה - תחליב רחצה ורדים ושמן שקדים 750 מ""ל",ביירסדורף,DE,תחליב רחצה רוז,מיליליטרים,750.00,"100 מ""ל",false,1,17.80,2.37,true,1,
5900020015174,false,פיטנס חטיפי אנרגיה דגנים בטעם שוקולד נסטלה 6*23.5 גרם,מיוצר עי קונדיטוריית,PL,חטיפי פיטנס 6 יח,גרמים,141.00,100 גרם,false,0,13.50,9.57,true,1,
5900020018908,false,פיטנס חטיפי אנרגיה דגנים בטעם קרם עוגיות נסטלה 6*23.5 גרם,מיוצר עי קונדיטוריית,PL,חטיפי פיטנס 6 יח,גרמים,141.00,100 גרם,false,0,13.50,9.57,true,1,
5900617035882,false,חטיף חלבון נוטרישיין בטעם שוקולד,סיטי תוספי מזון,PL,חטיף חלבון פרוטא,גרמים,60.00,100 גרם,false,1,10.10,16.83,true,1,
5900617035905,false,גו און חטיף חלבון עם קרמל ובוטנים ללא סוכר 50 ג',סיטי תוספי מזון,PL,חטיף חלבון פרוטא,גרמים,60.00,100 גרם,false,1,10.10,16.83,true,1,
5900617035929,false,חטיף חלבון נוטרישיין בטעם וניל תות יער,סיטי תוספי מזון,PL,חטיף חלבון פרוטא,גרמים,60.00,100 גרם,false,1,10.10,16.83,true,1,
5900627027020,false,"ויט קרם להסרת שיער בזמן מקלחת לעור רגיל 150 מ""ל",רקיט בנקיזר צרפת,IL,קרם להסרת שיער,מיליליטרים,150.00,"100 מ""ל",false,0,44.30,29.53,true,1,
5901350423691,false,"ערכת צביעה לגבות 3.0 חום כהה 15 מ""ל",,CN,ערכת צביעה לגבות,יחידה,1.00,יחידה,false,1,25.50,25.50,true,1,
5901414200411,false,בלזן היט מיני ביסקוויט סנדוויץ' עם מילוי קרם בטעם שוקולד 130 גרם,ליימן שליסל,PL,היט מיניס שוקו,גרמים,130.00,100 גרם,false,0,5.50,4.23,true,1,
5901887001737,false,"קרם פנים ליום 50 מ""ל",,PL,קרם פנים ליום,מיליליטרים,50.00,"100 מ""ל",false,1,17.00,34.00,true,1,
5901887001744,false,"קרם עיניים 15 מ""ל",,PL,קרם עיניים,מיליליטרים,15.00,"100 מ""ל",false,1,12.70,84.67,true,1,
5901887001751,false,"טונר ניקוי לפנים 200 מ""ל",,PL,טונר ניקוי לפנים,מיליליטרים,200.00,"100 מ""ל",false,1,15.30,7.65,true,1,
5901887010326,false,"קרם פנים לילה 50 מ""ל",,PL,קרם פנים לילה,מיליליטרים,50.00,"100 מ""ל",false,1,17.00,34.00,true,1,
5901887010593,false,קרם ידיים וציפורניים 80,,PL,קרם ידיים וציפור,מיליליטרים,80.00,"100 מ""ל",false,1,10.10,12.63,true,1,
5901887018223,false,קרם גוף חלב עיזים 400 מל,,PL,קרם גוף חלב עיזי,מיליליטרים,400.00,"100 מ""ל",false,1,18.70,4.68,true,1,
5901887018230,false,חמאת גוף חלב עיזים 200 מ,,PL,חמאת גוף חלב עיז,מיליליטרים,200.00,"100 מ""ל",false,1,21.20,10.60,true,1,
5901887026778,false,יסמין קרם יום לגיל +50,,PL,יסמין קרם יום,מיליליטרים,30.00,"100 מ""ל",false,1,21.20,70.67,true,1,
5901887026785,false,יסמין ק.לילה לגיל +50 50,,PL,יסמין ק.לילה,מיליליטרים,50.00,"100 מ""ל",false,1,21.20,42.40,true,1,
5901887026792,false,יסמין סרום לגיל +50 30 מ,,PL,יסמין סרום לגיל,מיליליטרים,30.00,"100 מ""ל",false,1,21.20,70.67,true,1,
5901887026808,false,יסמין ק.עיניים15מ גיל+50,,PL,יסמין ק.עיניים,מיליליטרים,15.00,"100 מ""ל",false,1,18.70,124.67,true,1,
5901887026815,false,יסמין מים מיסלריים +50 2,,PL,יסמין מים מיסלרי,מיליליטרים,200.00,"100 מ""ל",false,1,16.10,8.05,true,1,
5901887029649,false,מנוקה מי פנים מטהרים 200,,PL,מנוקה מי פנים,מיליליטרים,200.00,"100 מ""ל",false,1,13.50,6.75,true,1,
5901887029656,false,מנוקה גל ניקוי פנים200מל,,PL,מנוקה ג'ל לניקוי,מיליליטרים,200.00,"100 מ""ל",false,1,16.10,8.05,true,1,
5901887029670,false,"מנוקה קרם לילה 50 מ""ל",,PL,מנוקה קרם לילה,יחידה,1.00,יחידה,false,1,17.00,17.00,true,1,
5901887029687,false,מנוקה משחת פילינג לניקוי,,PL,מנוקה משחת פילינ,מיליליטרים,75.00,"100 מ""ל",false,1,17.00,22.67,true,1,
5901887043751,false,"סרום ממריץ ומחליק 50 מ""ל",,PL,סרום ממריץ ומחלי,מיליליטרים,50.00,"100 מ""ל",false,1,21.20,42.40,true,1,
5901887043768,false,"תרחיץ ג'ל לפנים 200 מ""ל",,PL,תרחיץ ג'ל לפנים,מיליליטרים,200.00,"100 מ""ל",false,1,12.70,6.35,true,1,
5901887043775,false,פיליניג פנים וצוואר,,PL,פיליניג פנים וצו,מיליליטרים,75.00,"100 מ""ל",false,1,17.00,22.67,true,1,
5901887043782,false,"מיקרו פילינג לפנים 75 מ""",,PL,מיקרו פילינג לפנ,מיליליטרים,75.00,"100 מ""ל",false,1,12.70,16.93,true,1,
5901888020508,false,FREEYU חטיף דגנים עם קינואה בטעם צ'ילי 70 גרם,דנשר,PL,חטיף קינואה,גרמים,70.00,100 גרם,false,1,12.70,18.14,true,1,
5901888020546,false,FREEYU חטיף דגנים עם קינואה ומלח ים 70 גרם,דנשר,PL,חטיף קינואה,גרמים,70.00,100 גרם,false,1,12.70,18.14,true,1,
5901888020560,false,חטיף דגנים עם קינואה בטעם עשבי תיבול 70ג FREEYU,דנשר,PL,חטיף קינואה,גרמים,70.00,100 גרם,false,1,12.70,18.14,true,1,
5902198160403,false,XL משקה אנרגיה מוגז ללא סוכר עד 10 קלוריות לפחית 250 מל,"טמפו משקאות בע""\מ",IL,משקה אנרגיה,מיליליטרים,250.00,"100 מ""ל",false,1,5.00,2.00,true,1,
5902503695804,false,תיק חג אדום לוריאל,,CN,תיק חג אדום,יחידה,1.00,יחידה,false,1,17.00,17.00,true,1,
5902503922900,false,לוריאל פריז תיק איפור יח,,CN,לור פריז תיק איפ,יחידה,1.00,יחידה,false,1,25.50,25.50,true,1,
5905076013242,false,סט מוצרים גודל מיוחד9/22,לנקום בישום,CN,סט מוצרים בגודל,יחידה,1.00,יחידה,false,1,42.60,42.60,true,1,
5906485301012,false,"משקה אנרגיה XL פחית 250 מ""ל","טמפו משקאות בע""מ",IL,משקה אנרגיה XL,מיליליטרים,250.00,"100 מ""ל",false,0,5.00,2.00,true,1,
5906750815923,false,"ערכת צביעה לגבות 1.0 שחור 15 מ""ל",,CN,ערכת צביעה לגבות,יחידה,1.00,יחידה,false,1,25.50,25.50,true,1,
5906750815930,false,"ערכת צביעה לגבות 4.0 חום 15 מ""ל",,CN,ערכת צביעה לגבות,יחידה,1.00,יחידה,false,1,25.50,25.50,true,1,
5997321770307,false,ויט רצועות שעווה מוכנות לעור רגיש 12 יחידות,רקיט בנקיזר צרפת,FR,ויט רצעות,יחידה,1.00,יחידה,false,1,33.20,33.20,true,1,
6001051002320,false,לבלו שפתון וניל,ביירסדורף,DE,לבלו וניל,יחידה,1.00,יחידה,false,0,8.50,8.50,true,1,
6001067017523,false,מברשת שיניים קולגייט לילדים מגיל חמש 1 יחידה,יבואן ומשווק: ש. שסט,CN,מברשת שיניים,יחידה,1.00,יחידה,false,0,9.30,9.30,true,1,
6001159112112,false,שמן לטיפול בריכוך צלקות,דנשר,ZA,Oil Bio שמן,מיליליטרים,60.00,"100 מ""ל",false,0,58.90,98.17,true,1,
6001159116547,false,שמן לטיפול בריכוך צלקות,דנשר,US,שמן לטיפול בריכו,מיליליטרים,25.00,"100 מ""ל",false,1,33.20,132.80,true,1,
6001159125631,false,ביו אויל שמן לטיפוח העור טבעי 60 מל,דנשר,ZA,שמן לטיפוח העור,מיליליטרים,60.00,"100 מ""ל",false,1,64.10,106.83,true,1,
6085010044712,false,"קלאב דה נויט אינטנס ארמאף - א.ד.ט 105 מ""ל",פרפיום קוסמטיקס,FR,NUIT DE CLUB,מיליליטרים,105.00,"100 מ""ל",false,1,110.20,104.95,true,1,
6085010094151,false,"קלאב דה נואיט Club De Nuit א.ד.פ לאישה 105 מ""ל",ארמף Armaf,FR,nuit de club א.ד,מיליליטרים,105.00,"100 מ""ל",false,1,84.60,80.57,true,1,
6291100130092,false,"לאבנטור גולד אדפ לאישה אל חרמין 100 מ""ל",,AE,לאבנטור גולד,מיליליטרים,100.00,"100 מ""ל",false,1,144.40,144.40,true,1,
6291100130122,false,"אמבר אוד גולד אדישן אדפ אל חרמין 100 מ""ל",,AE,אמבר אוד גולד אד,מיליליטרים,100.00,"100 מ""ל",false,1,212.80,212.80,true,1,
6291100130146,false,אמבר אוד בלו אדישן 100מל,,AE,אמבר אוד בלו אדי,מיליליטרים,100.00,"100 מ""ל",false,1,255.50,255.50,true,1,
6291100130177,false,"חייאתי ספריי אדפ יוניסקס 100 מ""ל NEW",,AE,Spray Hayati א.ד,מיליליטרים,100.00,"100 מ""ל",false,1,306.80,306.80,true,1,
6291100131587,false,אמבר אוד גולד אדישן אדפ,,AE,אמבר אוד גולד אד,מיליליטרים,200.00,"100 מ""ל",false,1,255.50,127.75,true,1,
6291100132171,false,"טאבקו אדישן אדפ 60 מ""ל",,IL,טאבקו אדישן אדפ,מיליליטרים,60.00,"100 מ""ל",false,1,255.50,425.83,true,1,
6291100137565,false,"לאבנטור פאם אדפ לאישה 100 מ""ל - אל האראמין",לילית בישום,AE,Blanc L'Aventure,מיליליטרים,100.00,"100 מ""ל",false,1,152.90,152.90,true,1,
6291106812282,false,לאבנטור רוז אדפ100מל,,AE,לאבנטור רוז,מיליליטרים,100.00,"100 מ""ל",false,1,152.90,152.90,true,1,
6291106813036,false,אמבר אוד יוניסקס100מל,,AE,אמבר אוד רוג' אד,מיליליטרים,100.00,"100 מ""ל",false,1,255.50,255.50,true,1,
6291106813074,false,"גולד אדישן אקסטרים200מ""ל",HARAMAIN AL,AE,גולד אדישן אקסטר,מיליליטרים,200.00,"100 מ""ל",false,1,289.70,144.85,true,1,
6291107450193,false,לטאפה חייאתי אדפ לגבר 100 מל,LATTAFA,AE,לטאפה חייאתי אדפ,מיליליטרים,100.00,"100 מ""ל",false,1,84.60,84.60,true,1,
6291107455365,false,וויד אל פורסן אדפ גבר 90,LATTAFA,AE,וויד אל פורסן אד,מיליליטרים,90.00,"100 מ""ל",false,1,84.60,94.00,true,1,
6291107456041,false,לטאפה פאקר אדפ לאישה 100,LATTAFA,AE,לטאפה פאקר אדפ א,מיליליטרים,100.00,"100 מ""ל",false,1,101.70,101.70,true,1,
6291107456058,false,לטאפה פאקר אדפ לגבר 100,LATTAFA,AE,לטאפה פאקר אדפ ג,מיליליטרים,100.00,"100 מ""ל",false,1,101.70,101.70,true,1,
6291108730515,false,לטאפה יארה אדפ לאישה 100,LATTAFA,AE,לטאפה יארה אדפ א,מיליליטרים,100.00,"100 מ""ל",false,1,84.60,84.60,true,1,
6294015102642,false,קלאב דה נואי אורבן105מל,,AE,קלאב דה נואי אור,מיליליטרים,105.00,"100 מ""ל",false,1,101.70,96.85,true,1,
6294015129069,false,פלביה בורנינג אדפ 100מל,סטרלינג,AE,פלביה בורנינג או,מיליליטרים,100.00,"100 מ""ל",false,1,255.50,255.50,true,1,
6294015131024,false,"קלאב דה נואי אינסט אדפ לגבר 200 מ""ל-אראמף",,IL,קלאב דה נואי אינ,מיליליטרים,200.00,"100 מ""ל",false,1,187.10,93.55,true,1,
6295124030307,false,"סאפיל אינטנס אדט 100 מ""ל",,SA,סאפיל אינטנס אדט,מיליליטרים,100.00,"100 מ""ל",false,1,50.40,50.40,true,1,
6295124030314,false,"ספיל אינטנס לאישה - א.ד.פ 100 מ""ל",,FR,סאפיל אינטנס אדפ,מיליליטרים,100.00,"100 מ""ל",false,1,50.40,50.40,true,1,
6295124030369,false,rave Sapil אדט גבר100מל,,AE,rave Sapil אדט ל,מיליליטרים,100.00,"100 מ""ל",false,1,41.80,41.80,true,1,
6295124030376,false,rave Sapil אדפ אשה100מל,,AE,rave Sapil אדפ,מיליליטרים,100.00,"100 מ""ל",false,1,41.80,41.80,true,1,
6295124030475,false,"שארף אוד אביאד אד 75 מ""ל",,SA,שארף אוד אסוד א,מיליליטרים,75.00,"100 מ""ל",false,1,144.40,192.54,true,1,
6300020152333,false,"קאלטאט נייט אדפ 100 מ""ל",,AE,קאלטאט נייט אדפ,יחידה,1.00,יחידה,false,1,315.30,315.30,true,1,
6300020152357,false,"אטאר קולקשיין מאסק קשמיר א.ד.פ 100 מ""ל Attar Collection Musk Kashmir",,AE,מאסק קשמיר אדפ,מיליליטרים,100.00,"100 מ""ל",false,1,315.30,315.30,true,1,
6928075643110,false,לבנטה אינטנס אדפ 100מל,,IL,פאריס לבנטה אינט,מיליליטרים,100.00,"100 מ""ל",false,1,118.80,118.80,true,1,
6928075643134,false,פאריס לבנטה אינטנס אדפ 1,,IL,פאריס לבנטה אינט,מיליליטרים,99.00,"100 מ""ל",false,1,281.20,284.04,true,1,
6928075644339,false,פאריס לבנטה בלו אדפ100מל,,IL,פאריס לבנטה בלו,מיליליטרים,100.00,"100 מ""ל",false,1,118.80,118.80,true,1,
6937266700785,false,שיק אינטואישן סנסיטיב נשים סכיני גילוח*3,שסטוביץ,CN,שיק 3 סכינים,יחידה,1.00,יחידה,false,1,32.30,32.30,true,1,
6937266703472,false,שיק היידרו 5 סילק סכינים רביעייה,ארץ ייצור סכינים: ארהבn\,CN,שיק היידרו סילק,יחידה,1.00,יחידה,false,1,46.90,46.90,true,1,
6973350163388,false,מסכות צבעוני לפנים 50 יח',,IL,מסכת פנים חד פעמ,יחידה,1.00,יחידה,false,1,11.00,11.00,true,1,
7038513908400,false,גורדן קיסם מבריש רגיל 20 יח,דנטלון,,קיסם ג'ורדן,יחידה,1.00,יחידה,false,0,22.90,22.90,true,1,
7038513909117,false,גורדן קסמי שיניים פלואוריד/מינט אקסטרה ט,ג'ורדן,MY,קיסמי שיניים,יחידה,1.00,יחידה,false,0,19.00,19.00,true,1,
7038516140357,false,מברשת שיניים ג'ורדן טוטל סופט מארז 4 יחידות,מיוצר במלזיה עבור ג',NO,מברשת שיניים,יחידה,1.00,יחידה,false,0,8.50,8.50,true,1,
7038516860002,false,ג'ורדן מנקה לשון,ג'ורדן,IL,ג'ורדן מנקה לשון,יחידה,1.00,יחידה,false,0,16.10,16.10,true,1,
7046110028001,false,מברשת שיניים גרין קלין,,MY,מברשת שיניים גרי,יחידה,1.00,יחידה,false,1,11.10,11.10,true,1,
7046110030608,false,גורדן זוג מברשות שיניים טרגט סנסיטיב,דנטלון,MY,מארז זוג מברשות,יחידה,1.00,יחידה,false,1,20.50,20.50,true,1,
7046110031643,false,גורדן מברשת GREEN CLEAN לילדים סופט כחול,דנטלון,NO,מברשת שיניים גרי,יחידה,1.00,יחידה,false,1,11.10,11.10,true,1,
7046110052594,false,גורדן חוט דנטלי מחליק בקלות 25 מטר,דנטלון,MY,ג'ורדן סרט דנטלי,יחידה,1.00,יחידה,false,0,18.70,18.70,true,1,
7046110054093,false,גורדן מברשת GREEN CLEAN לתינוקות ורוד,דנטלון,MY,מברשת שיניים ליל,יחידה,1.00,יחידה,false,1,12.70,12.70,true,1,
7046110060636,false,גורדן מברשת CHANGE למבוגרים צבע כחול,דנטלון,MY,מברשת שיניים ch,יחידה,1.00,יחידה,false,1,18.70,18.70,true,1,
7046110064016,false,ג'ורדן מארז זוג מברשת שיניים לילדים מגיל 3-5,דנטלון,MY,מברשות שיניים,יחידה,1.00,יחידה,false,0,17.00,17.00,true,1,
7046110064047,false,מארז זוג מברשת שיניים ג'ורדן ילדים 6-9,ג'ורדן,MY,מברשות שיניים,יחידה,1.00,יחידה,false,0,17.00,17.00,true,1,
7046110064139,false,ג'ורדן מ.שיניים אינדיבידואל ריץ מארז זוג,דנטלון,MY,מברשות שיניים,יחידה,1.00,יחידה,false,0,24.70,24.70,true,1,
7046110064535,false,מארז זוג מברשת שיניים ג'ורדן ילדים 0-2,ג'ורדן Jordan,MY,מברשות שיניים,יחידה,1.00,יחידה,false,0,17.00,17.00,true,1,
7046110065945,false,גורדן מברשת אינטרדנטל פלקטרום CONE 10 יח,ג'ורדן,IL,XS מברשת אינטרדנ,יחידה,1.00,יחידה,false,0,34.10,34.10,true,1,
7046110066034,false,גורדן מברשת אינטרדנטל פלקטרום MICRO 10יח,ג'ורדן,IL,Mמ.שיניים ג'ורדן,יחידה,1.00,יחידה,false,0,34.10,34.10,true,1,
7046110066065,false,גורדן מברשת אינטרדנטל פלקטרום MIDI,ג'ורדן,IL,L מ.שיניים ג'ורד,יחידה,1.00,יחידה,false,0,34.10,34.10,true,1,
7046110066096,false,גורדן מברשת אינטרדנטל פלקטרום MINI 10 יח,ג'ורדן,IL,Sמ.שיניים ג'ורדן,יחידה,1.00,יחידה,false,0,34.10,34.10,true,1,
7046110069868,false,גורדן מברשת שיניים לילדים 9+ SMILE,ג'ורדן,IL,ג'ורדן מברשות שנ,יחידה,1.00,יחידה,false,0,12.70,12.70,true,1,
7046110070192,false,גורדן שלישייה מברשות שיניים קלין סמייל,דנטלון,MY,3 מברשות שיניים,יחידה,1.00,יחידה,false,0,8.50,8.50,true,1,
7046110071519,false,"ג'ורדן משחת שיניים לילדים( 2-6 ) 50מ""ל",דנטלון,IL,משחת שיניים,מיליליטרים,50.00,"100 מ""ל",false,1,10.10,20.20,true,1,
7046110071618,false,גורדן קיסם מבריש גדול 20 יח,דנטלון,IL,ג'ורדן קיסם מברי,יחידה,1.00,יחידה,false,0,22.90,22.90,true,1,
7046110075562,false,גורדן משחת שיניים לשיניים קבועות 50 מל,דנטלון,SE,משחת שיניים,מיליליטרים,50.00,"100 מ""ל",false,1,10.10,20.20,true,1,
7143242052000,false,24K JIVAGO אפטר שייב,ג'יוואגו,IL,24K JIVAGO אפטר,מיליליטרים,50.00,"100 מ""ל",false,0,117.90,235.80,true,1,
7290000023809,false,"יין קלאסיק קברנה סוביניון ברקן 750 מ""ל",יקבי ברקן שיווק והפצה בע,IL,קברנה קלאסיק,מיליליטרים,750.00,"100 מ""ל",false,0,32.40,4.32,true,1,
7290000023823,false,"יין קלאסיק סוביניון בלאן ברקן 750 מ""ל",יקבי ברקן שיווק והפצה בע,IL,סוביניון בלאן,מיליליטרים,750.00,"100 מ""ל",false,0,29.80,3.97,true,1,
7290000023830,false,יין קלאסיק שיראז רוזה 750 מל,יקבי ברקן שיווק והפצה בע,IL,רוזה קלאסיק,מיליליטרים,750.00,"100 מ""ל",false,0,29.80,3.97,true,1,
7290000023847,false,"יין קלאסיק שרדונה ברקן 750 מ""ל",יקבי ברקן שיווק והפצה בע,IL,יין לבן שרדונה,מיליליטרים,750.00,"100 מ""ל",false,0,29.80,3.97,true,1,
7290000023977,false,"יין קלאסיק מרלו ברקן 750 מ""ל",יקבי ברקן שיווק והפצה בע,IL,מרלו קלאסיק,מיליליטרים,750.00,"100 מ""ל",false,0,32.40,4.32,true,1,
7290000024202,false,"יין רזרב קברנה סוביניון ברקן 750 מ""ל",ברקן שיווק והפצה בעמ,IL,ברקן רזרב,מיליליטרים,750.00,"100 מ""ל",false,0,38.40,5.12,true,1,
7290000024240,false,יין רזרב שרדונה 750 מל שביעית,ביבקבי ברקן שיווק וה,IL,יין ברקן שרדונה,מיליליטרים,750.00,"100 מ""ל",false,0,38.40,5.12,true,1,
7290000024561,false,"יין אסמבלאז' איתן 2011 ברקן 750 מ""ל",יקבי ברקן,IL,אסמבלאז' איתן,מיליליטרים,750.00,"100 מ""ל",false,1,68.20,9.09,true,1,
7290000048185,false,גבינה לבנה 5% תנובה 250 גרם מהדרין,מיוצר עי קונדיטוריית,IL,גבינה לבנה 5%,גרמים,250.00,100 גרם,false,0,4.26,1.70,true,1,
7290000060071,false,אוסם - חטיפי פריכונים מאורז מלא קלוי 80גר,"פרח תעשיות מזון בע""מ.",IL,חטיפי פריכונים,גרמים,80.00,100 גרם,false,0,8.40,10.50,true,1,
7290000065557,false,אוסם - מנה חמה קוסקוס עם ירקות 84 גרם,"אסם תעשיות מזון בע""מ",IL,מנה חמה קוסקוס,גרמים,84.00,100 גרם,false,0,6.70,7.98,true,1,
7290000065977,false,חטיפי פריכונים תירס שומשום אסם 80 גרם,"פרח תעשיות מזון בע""מ.",IL,פריכונים תירס,גרמים,80.00,100 גרם,false,0,8.40,10.50,true,1,
7290000066141,false,ביסלי חטיף בטעם גריל אסם 70 גרם,"אסם השקעות בע""\מ",IL,ביסלי גריל,גרמים,70.00,100 גרם,false,0,5.00,7.14,true,1,
7290000066264,false,דובונים חטיף תפוחי אדמה אסם 40 גרם,"אסם השקעות בע""\מ",IL,חטיפי דובונים,גרמים,40.00,100 גרם,false,0,4.50,11.25,true,1,
7290000066318,false,במבה חטיף בוטנים אסם 80 גרם,"אסם השקעות בע""\מ",IL,במבה,גרמים,80.00,100 גרם,false,0,5.90,7.38,true,1,
7290000066332,false,אפרופו חטיף תירס אסם 50 גרם,מיוצר עי קונדיטוריית,IL,חטיף אפרופו,גרמים,50.00,100 גרם,false,0,5.90,11.80,true,1,
7290000066431,false,פופקו חטיף פופקורן בטעם חמאה ודבש אסם 80 גרם,מיוצר עי קונדיטוריית,IL,חטיף פופקו,גרמים,80.00,100 גרם,false,0,6.70,8.38,true,1,
7290000067599,false,מנה חמה ספגטי ברוטב בולונז אסם 65 גרם,"אסם השקעות בע""\מ",IL,מנה חמה בולונז,גרמים,65.00,100 גרם,false,0,6.70,10.31,true,1,
7290000068770,false,במבה יום הולדת חטיף בוטנים אסם 80 גרם,"אסם השקעות בע""\מ",IL,במבה יום הולדת,גרמים,80.00,100 גרם,false,0,5.90,7.38,true,1,
7290000071008,false,אוסם - בייגלה שטוחים מלח 60 גרם,"אסם השקעות בע""\מ",IL,בייגלה שטוחים,גרמים,60.00,100 גרם,false,0,2.80,4.67,true,1,
7290000072623,false,קטשופ אסם בקבוק לחיץ 750 גרם,"אסם תעשיות בע""מ",IL,קטשופ בקבוק לחיץ,גרמים,750.00,100 גרם,false,0,10.10,1.35,true,1,
7290000072753,false,קפה נמס מגורען טסטרס צ'ויס 200 גרם-,נסטלה קוריאה - קפה,KR,קפה טסטרס צ'ויס,גרמים,200.00,100 גרם,false,0,29.80,14.90,true,1,
7290000073750,false,מנה חמה נודלס אטר+ירקות טעם עוף 70 גרם,PUB FOODS PRESIDENT THAI,TH,מנה חמה נודלס,גרמים,70.00,100 גרם,false,0,6.70,9.57,true,1,
7290000073767,false,מנה חמה נודלס אטר.+ירקות טעם בקר 70 גרם,PUB FOODS PRESIDENT THAI,TH,מנה חמה נודלס,גרמים,70.00,100 גרם,false,0,6.70,9.57,true,1,
7290000074184,false,ביסקויט פתיבר קלאסי 500 גרם,"אסם השקעות בע""\מ",IL,ביסקוויט פתי בר,גרמים,500.00,100 גרם,false,0,9.30,1.86,true,1,
7290000074245,false,אוסם - קרם קרקר אסם 250 גרם,"אסם השקעות בע""\מ",IL,קרם קרקר אסם,גרמים,250.00,100 גרם,false,0,10.10,4.04,true,1,
7290000074252,false,קרקר שומשון אסם 250 גרם,"אסם השקעות בע""\מ",IL,קרקר שומשום אסם,גרמים,250.00,100 גרם,false,0,9.30,3.72,true,1,
7290000074276,false,קרקר פיקנטי טבעון 250 ג' אסם,"אסם השקעות בע""\מ",IL,קרקר פיקנטי אסם,גרמים,250.00,100 גרם,false,0,9.30,3.72,true,1,
7290000074375,false,אוסם - קרקר זהב 150 גרם,"אסם השקעות בע""\מ",IL,קרקר זהב אסם,גרמים,150.00,100 גרם,false,0,7.60,5.07,true,1,
7290000075204,false,אוסם - לחמית חיטה מלאה 250 גרם,"אסם השקעות בע""\מ",IL,לחמית חיטה מלאה,גרמים,250.00,100 גרם,false,0,10.10,4.04,true,1,
7290000076126,false,אוסם - בייגלה שמיניות קטנות 80 גרם,"אסם השקעות בע""\מ",IL,בייגלה שמיניות,גרמים,80.00,100 גרם,false,0,2.80,3.50,true,1,
7290000077253,false,אוסם - לחמית כפרית עם דגנים מלאים 190 גרם,"אסם השקעות בע""\מ",IL,לחמית כפרית,גרמים,190.00,100 גרם,false,0,10.10,5.32,true,1,
7290000078762,false,אוסם - חטיפי פריכונים מאורז מלא בטעם דבש 80גר,סנורייס בלגיום אן. ו,GB,חטיפי פריכונים,גרמים,80.00,100 גרם,false,0,8.40,10.50,true,1,
7290000135045,false,"XL TEN משקה אנרגיה פתוח ללא סוכר 250 מ""ל","טמפו משקאות בע""\מ",IL,TEN XL בטעם תפוח,מיליליטרים,250.00,"100 מ""ל",false,1,5.00,2.00,true,1,
7290000135052,false,"XL TEN משקה אנרגיה מנגו ללא סוכר 250 מ""ל","טמפו משקאות בע""\מ",IL,TEN XL בטעם מנגו,מיליליטרים,250.00,"100 מ""ל",false,1,5.00,2.00,true,1,
7290000135113,false,משקה אנרגיה XL TEN ללא סוכר בטעם נענע ליים,"טמפו משקאות בע""\מ",IL,TEN XL נענע ליים,מיליליטרים,250.00,"100 מ""ל",false,1,5.00,2.00,true,1,
7290000136868,false,סאן בנדטו - מים מינרלים - מארז שישיית 1.5 ליטר,אקווה מינרלה סאן בנדטו ב,IT,סאן בנדטו1.5*6ל,ליטרים,9.00,ליטר,false,0,17.70,1.97,true,1,
7290000146645,false,הוואי - סבון מוצק שחור מסתורי 100 גרם רביעייה,טרופיקל דגיל קוסמטיק,IL,סבון הוואי 4 יח,גרמים,400.00,100 גרם,false,0,11.80,2.95,true,1,
7290000146669,false,הוואי - סבון מוצק שמיים כחולים 100 גרם רביעייה,טרופיקל דגיל קוסמטיק,IL,סבון הוואי 4 יח,גרמים,400.00,100 גרם,false,0,11.80,2.95,true,1,
7290000146928,false,"משחת שיניים לילדים בטעם ענבים טום וג'רי 50 מ""ל",טרופיקל דגיל קוסמטיק,IL,משחת טום וג'רי,מיליליטרים,50.00,"100 מ""ל",false,0,8.00,16.00,true,1,
7290000146997,false,משחת שיניים לילדים מסטיק טום וג'רי 50 מל,טרופיקל דגיל קוסמטיק,IL,משחת טום וג'רי,מיליליטרים,50.00,"100 מ""ל",false,0,8.00,16.00,true,1,
7290000149615,false,רביעיית סבון מוצק קלאסי לתינוק נקה 7 4*100 גרם,גליל כימיקלים בעממשו,IL,נקה 7 סבון 4 יח,גרמים,400.00,100 גרם,false,0,12.70,3.18,true,1,
7290000178707,false,תפוצ'יפס בטעם טבעי 50 גרם,"שטראוס פריטו ליי בע""\מ )",IL,חטיף תפוצ'יפס,גרמים,50.00,100 גרם,false,0,4.10,8.20,true,1,
7290000186030,false,מארז רביעייה מגבוני בתחליב וויטמין E האגיס,קימברלי קלארק,IL,מגבונים עם תחליב,יחידה,1.00,יחידה,false,0,23.80,23.80,true,1,
7290000187860,false,מגבוני טואלט לחים לילי דיספנסר 40יח',עלבד משואות יצחק בעמ,IL,נייר טואלט לח,יחידה,1.00,יחידה,false,0,7.60,7.60,true,1,
7290000187938,false,לילי - נייר טואולט נייר טואלט פסטל 32 יח',לילי נייר טואלט חוגלה,IL,נייר טואלט פסטל,מטרים,588.00,100 מטר,false,0,41.70,7.09,true,1,
7290000188553,false,קוטקס מגן תחתון יאנג ביג 60 יחידות,קימברלי קלארק,CN,מגן תחתון קוטקס,יחידה,1.00,יחידה,false,0,17.80,17.80,true,1,
7290000188591,false,קוטקס מגן תחתון יאנג ביג 60 יחידות,קימברלי קלארק,CN,מגן תחתון קוטקס,יחידה,1.00,יחידה,false,0,17.80,17.80,true,1,
7290000189598,false,מטליות לחות חד פעמיות לניקוי כללי 50 יח' ניקול,עלבד משואות יצחק בעמ,IL,מטליות ניקול,יחידה,1.00,יחידה,false,0,11.00,11.00,true,1,
7290000190853,false,לילי פיור נייר טואלט דו שכבתי לבן 30 גלילים,לילי נייר טואלט חוגלה,IL,נייר טואלט לילי,מטרים,537.00,100 מטר,false,0,38.30,7.13,true,1,
7290000191225,false,חיתולים ליטל בייביז מידה 2 האגיס 46 יחידות,קימברלי קלארק שיווק,IL,האגיס ליטל בייבי,יחידה,1.00,יחידה,false,1,24.80,24.80,true,1,
7290000191539,false,חמישיית ממחטות טישו צבועני לילי 100 יחידות,חוגלה קימברלי,IL,מגבוני לילי 90*5,יחידה,1.00,יחידה,false,0,17.00,17.00,true,1,
7290000191546,false,ממחטות טישו צבעוני 2 שכבות לילי מארז 100X3יח',חוגלה קימברלי,IL,לילי צבעוני90*3,יחידה,1.00,יחידה,false,0,9.30,9.30,true,1,
7290000191645,false,"חיתולים האגיס ליטל בייביס ניו בורן שלב 1 עד 4 ק""ג",קימברלי קלארק ארהב,US,חיתולי האגיס,יחידה,1.00,יחידה,false,0,24.80,24.80,true,1,
7290000191652,false,שלישיית ממחטות אולטרה סופט קלינקס 90 יחידות,חוגלה קימברלי,IL,קלינקס מעוצב 3יח,יחידה,1.00,יחידה,false,0,11.00,11.00,true,1,
7290000192581,false,מגבת נייר גליל כפול ניקול 12=6 גליל,קימברלי-קלארק,IL,מגבות נייר,מטרים,129.00,מטר,false,1,23.80,0.18,true,1,
7290000193083,false,נובה-לי תחבושות היגייניות לילי 28 יחידות,חוגלה קימברלי,CZ,תחבושות נובה לי,יחידה,1.00,יחידה,false,0,8.40,8.40,true,1,
7290000193205,false,תחבושות עם כנפיים ללילה נטורל לילי 20 יחידות,חוגלה קימברלי,BE,תחבושות לילי,יחידה,1.00,יחידה,false,0,12.70,12.70,true,1,
7290000193472,false,מגן תחתון נטורל נורמל לילי 60 יחידות,חוגלה קימברלי,ES,פדיות לילי,יחידה,1.00,יחידה,false,0,12.70,12.70,true,1,
7290000193540,false,מגן תחתון לונג נטורל לילי 52 יחידות,חוגלה קימברלי,ES,פדיות לילי,יחידה,1.00,יחידה,false,0,12.70,12.70,true,1,
7290000193618,false,לילי אינטימייט מגן תחתון נורמל 24 יח',חוגלה קימברלי,ES,פדיות לילי נטורל,יחידה,1.00,יחידה,false,0,12.70,12.70,true,1,
7290000193649,false,תחבושות עם כנפיים נורמל פלוס לילי 24 יחידות,חוגלה קימברלי,ES,תחבושות לילי,יחידה,1.00,יחידה,false,0,12.70,12.70,true,1,
7290000193656,false,תחבושות עם כנפיים סופר פלוס לילי 24 יחידות,חוגלה קימברלי,ES,תחבושות לילי,יחידה,1.00,יחידה,false,0,12.70,12.70,true,1,
7290000194288,false,משטח החתלה האגיס 10 יחידות,חוגלה קימברלי,BE,משטח החתלה האגיס,יחידה,1.00,יחידה,false,0,17.00,17.00,true,1,
7290000195537,false,האגיס - מגבוני האגיס דיילי קר לא מבושם 64 יח' * 4,חוגלה קימברלי,IL,מגבונים האגיס 4י,יחידה,1.00,יחידה,false,0,16.80,16.80,true,1,
7290000195773,false,האגיס - מגבוני האגיס סנסטיב קר לא מבושם 64 יח' * 4,חוגלה קימברלי,IL,מגבונים האגיס 4י,יחידה,1.00,יחידה,false,0,16.80,16.80,true,1,
7290000197425,false,חיתולים פרידום דריי שלב 3 האגיס 52 יחידות,קימברלי קלארק ישראל,IL,חיתולי האגיס,יחידה,1.00,יחידה,false,0,26.80,26.80,true,1,
7290000197456,false,חיתולים פרידום דריי שלב 4 האגיס 44 יחידות,קימברלי קלארק ישראל,IL,חיתולי האגיס,יחידה,1.00,יחידה,false,0,26.80,26.80,true,1,
7290000197463,false,חיתולים פרידום דריי שלב +4 האגיס 40 יחידות,קימברלי קלארק ישראל,IL,חיתולי האגיס,יחידה,1.00,יחידה,false,0,26.80,26.80,true,1,
7290000197548,false,חיתולים פרידום דריי שלב 5 האגיס 36 יחידות,קימברלי קלארק ישראל,IL,חיתולי האגיס,יחידה,1.00,יחידה,false,0,26.80,26.80,true,1,
7290000197678,false,חיתולי האגיס פרידום דריי שלב 6 30 יחידות,קימברלי קלארק ישראל,IL,חיתולי האגיס,יחידה,1.00,יחידה,false,0,26.80,26.80,true,1,
7290000199313,false,קוטקס יאנג תחבושות עם כנפיים נורמל חדש30,חוגלה קימברלי,CZ,קוטקס תחבושות,יחידה,1.00,יחידה,false,0,17.80,17.80,true,1,
7290000201832,false,טיטולים פרימיום שלב 3 50 יחידות,חוגלה קימברלי,IL,טיטולים פרימיום,יחידה,1.00,יחידה,false,1,28.90,28.90,true,1,
7290000201849,false,טיטולים פרימיום שלב 4 42 יח' (8-14),חוגלה קימברלי,IL,טיטולים פרימיום,יחידה,1.00,יחידה,false,1,28.90,28.90,true,1,
7290000201856,false,טיטולים פרימיום שלב4+ 38 יחידות .,חוגלה קימברלי,IL,טיטולים פרימיום,יחידה,1.00,יחידה,false,1,28.90,28.90,true,1,
7290000201863,false,טיטולים פרימיום שלב 5 34 יחידות,חוגלה קימברלי,IL,טיטולים פרימיום,יחידה,1.00,יחידה,false,1,28.90,28.90,true,1,
7290000201870,false,טיטולים פרימיום שלב 6 30 יחידות,חוגלה קימברלי,IL,טיטולים פרימיום,יחידה,1.00,יחידה,false,1,28.90,28.90,true,1,
7290000205762,false,חיתולי האגיס אקסטרה קר מידה 3 48 יחידות,חוגלה קימברלי,IL,חיתולי האגיס,יחידה,1.00,יחידה,false,1,29.80,29.80,true,1,
7290000205915,false,חיתולי האגיס אקסטרה קייר מידה 4 40 יחידות,חוגלה קימברלי,IL,חיתולי האגיס,יחידה,1.00,יחידה,false,1,29.80,29.80,true,1,
7290000243566,false,"שמן קנולה בריאות 750 מ""ל",שמן תעשיות,EE,שמן קנולה מועשר,מיליליטרים,750.00,"100 מ""ל",false,0,11.00,1.47,true,1,
7290000244143,false,"הוואי - קרם לאחר גילוח 120 מ""ל",טרופיקל דגיל קוסמטיק,IL,קרם לאחר גילוח,גרמים,120.00,100 גרם,false,0,17.00,14.17,true,1,
7290000244761,false,"קרם ידיים ולווטה 100 מ""ל",טרופיקל דגיל קוסמטיק,IL,קרם ידיים ולווטה,מיליליטרים,100.00,"100 מ""ל",false,0,8.00,8.00,true,1,
7290000262413,false,חיתולי האגיס אקסטרה קייר מידה 5 34 יחידות,חוגלה קימברלי,IL,חיתולי האגיס,יחידה,1.00,יחידה,false,1,29.80,29.80,true,1,
7290000263359,false,חיתולים ליטל בייביז מידה 1 האגיס 40 יחידות,קימברלי קלארק שיווק,IL,חיתולי האגיס,יחידה,1.00,יחידה,false,0,24.80,24.80,true,1,
7290000286228,false,ספוגיות לניקוי כללי סנו סושי 6 יחידות,סנו מפעלי ברונו בעמ,IL,ספוגיות לכלים6יח,יחידה,1.00,יחידה,false,0,12.70,12.70,true,1,
7290000288079,false,סנו - ז'אוול אקונומיקה לימון 2 ליטר,"סנו מפעלי ברונוס בע""מ",IL,סנו JAVEL מלבין,ליטרים,2.00,ליטר,false,0,11.80,5.90,true,1,
7290000288413,false,סנו-די דוחה יתושים כדורי סנו 50 גרם,גוד פוד פרודקטס S.p,IL,סנו די כדורי,מיליליטרים,50.00,"100 מ""ל",false,0,18.70,37.40,true,1,
7290000288420,false,סנו די תרסיס דוחה יתושים,סנו מפעלי ברונוס בע',IL,תרסיס סנו די,מיליליטרים,175.00,"100 מ""ל",false,0,18.70,10.69,true,1,
7290000288727,false,סנו מקסימה אבקת כביסה מאסק מילוי 1.25,קריות זול,IL,אבקת כביסה,קילוגרמים,1.25,"ק""ג",false,0,11.00,8.80,true,1,
7290000289069,false,סנו - ז'אוול מרסס קצף ניקוי בתוספת אקונומיקה בריח לימון 1 ליטר,"סנו מפעלי ברונוס בע""מ",IL,סנו ג'אוול מרסס,ליטרים,1.00,ליטר,false,0,17.00,17.00,true,1,
7290000289595,false,"אורביטול משחת שיניים לילדים בטעם תות שדה 145 מ""ל",טרופיקל דגיל תעשיות קוסמ,IL,משחת שיניים,גרמים,145.00,100 גרם,false,0,9.30,6.41,true,1,
7290000292687,false,סנובון מוצק לניקוי אסלה קלאסיק כחול סנו 3 יחידות,מיוצר עי קונדיטוריית,IL,סנובון כחול 3 יח,גרמים,165.00,100 גרם,false,0,11.80,7.15,true,1,
7290000293561,false,"תרסיס להסרת כתמי עובש עם אקונומיקה סנו 750 מ""ל","סנו מפעלי ברונוס בע""\מ",IL,סנו מסיר עובש,מיליליטרים,750.00,"100 מ""ל",false,0,17.00,2.27,true,1,
7290000293820,false,"קרמה מן שמפו וג'ל גל רחצה אקטיב בלוק 700מ""ל",קוסמופארם בעמ,IL,שמפו וג'ל רחצה,מיליליטרים,700.00,"100 מ""ל",false,1,19.50,2.79,true,1,
7290000295336,false,סנו מקסימה אבקת כביסה סנסטיב מילוי1.25,סנו מפעלי ברונוס בעמ,IL,אבקת כביסה,קילוגרמים,1.25,"ק""ג",false,0,11.00,8.80,true,1,
7290000295558,false,"רדיד אלומיניום רוחב 30 ס""מ סנו סושי 2 יח' 7.5 מטר",מולינו ניקולי s.p.a,TR,צמד רדידי אלומינ,מטרים,15.00,מטר,false,0,9.30,0.62,true,1,
7290000345307,false,תה ארל גריי ויסוצקי 50 יחידות,מולינו ניקולי s.p.a,IL,תה ארל גריי 50שק,גרמים,75.00,100 גרם,false,0,25.50,34.00,true,1,
7290000347738,false,תה ירוק נענע ויסוצקי 25 יחידות,תה ויסוצקי,IL,תה ירוק נענע,גרמים,37.00,100 גרם,false,0,18.70,50.54,true,1,
7290000347752,false,תה ירוק לימונית ולואיזה 25 שקיקים *1.5 ג'' ויסוצקי,תה ויסוצקי,IL,תה ירוק לימונית,גרמים,37.00,100 גרם,false,0,18.70,50.54,true,1,
7290000416809,false,ממרח חלב קרם חצי מובחרלמריחה 350 ג' השחר,השחר העולה תעשייות מ,IL,ממרח חצי חצי,גרמים,350.00,100 גרם,false,1,11.80,3.37,true,1,
7290000420325,false,"פופסטאר פופקורן למקירוגל בטעם טבעי 5 שקיות,500 גרם",פרסטון פארמס,US,פופקורן למיקרו,גרמים,500.00,100 גרם,false,0,12.70,2.54,true,1,
7290000442044,false,פמינה תחליב רחצה אינטימי חמוציות 220 מל,פמינה,IL,פמינה חמוציות,מיליליטרים,220.00,"100 מ""ל",false,0,25.50,11.59,true,1,
7290000521008,false,יין אדום יבש של סגל750מל,"כרמי צבי - אחים סגל בע""\",IL,יין סגל אדום,מיליליטרים,750.00,"100 מ""ל",false,0,18.70,2.49,true,1,
7290000521015,false,"יין לבן יבש של סגל750מ""ל","מיוצר ע""י כרמי צבי-",IL,יין לבן של סגל,מיליליטרים,750.00,"100 מ""ל",false,0,18.70,2.49,true,1,
7290000560021,false,אדג' ג'ל ורוד נגד חתכים 198ג',המאפיה של הרמן,US,ג'ל גילוח אדג',גרמים,198.00,100 גרם,false,0,16.00,8.08,true,1,
7290000560533,false,אדג' ג'ל גילוח ירוק לעור רגיל 198גרם,אס.סי ג'ונסון ובניו,US,אדג' ג'ל לגילוח,גרמים,198.00,100 גרם,false,0,16.00,8.08,true,1,
7290000560540,false,אדג' ג'ל גילוח כתום לעור רגיש 198גרם,המאפיה של הרמן,US,אדג' ג'ל לגילוח,גרמים,198.00,100 גרם,false,0,16.00,8.08,true,1,
7290000679631,false,"ד""ר פישר - קמיל בלו קלאסיק 500 מ""ל",פישר מעבדות פרמצבטיות בע,IL,קמיל בלו אלסבון,מיליליטרים,500.00,"100 מ""ל",false,0,14.40,2.88,true,1,
7290000689180,false,בליסטקס שפתון-סטיק מנטה,מדיליין פריגו,IL,בליסטיק סטיק,יחידה,1.00,יחידה,false,0,8.40,8.40,true,1,
7290000803067,false,"משחת שיניים לילדים גילאים 6-2 אלמקס 75 מ""ל",הנסיך- מפעל לייצור ט,PL,משחת שיניים,מיליליטרים,75.00,"100 מ""ל",false,0,15.30,20.40,true,1,
7290000803180,false,מרידול מי פהשטיפה דנטלית 400 מל,קולגייט פלמוליב,CH,שטיפה מרידול,מיליליטרים,400.00,"100 מ""ל",false,0,25.50,6.38,true,1,
7290000804484,false,אלמקס שטיפת פה דנטלית למניעת עששת 400מל,קולגייט פלמוליב,CH,מי פה אלמקס,מיליליטרים,400.00,"100 מ""ל",false,0,24.70,6.18,true,1,
7290000849478,false,"סרקל מרכך לילדים מכיל רוזמרין 500 מ""ל",פישר מעבדות פרמצבטיות בע,IL,מרכך שיער סרקל,מיליליטרים,500.00,"100 מ""ל",false,0,14.00,2.80,true,1,
7290000849492,false,"סרקל שמפו לילדים 500 מ""ל",פישר מעבדות פרמצבטיות בע,IL,שמפו לילדים,מיליליטרים,500.00,"100 מ""ל",false,0,14.00,2.80,true,1,
7290001136287,false,"שמפו לשיער רגיל בבושם פרחים נקה 7 750 מ""ל","אמיליה קוסמטיקס בע""מ",IL,שמפו נקה 7,מיליליטרים,750.00,"100 מ""ל",false,0,10.10,1.34,true,1,
7290001136294,false,"שמפו לשיער יבש בבישום פרחים נקה 7 750 מ""ל","אמיליה קוסמטיקס בע""מ",IL,שמפו נקה 7,מיליליטרים,750.00,"100 מ""ל",false,0,10.10,1.34,true,1,
7290001136362,false,נקה 7 תחליב רחצה אלוורה ארומה ירוק 1 ל',מיוצר בסין.יבוא ושיו,IL,תחליב רחצה נקה 7,ליטרים,1.00,ליטר,false,0,12.70,12.70,true,1,
7290001136683,false,"מרכך לשיער רגיל בבושם פרחים נקה 7 750 מ""ל","אמיליה קוסמטיקס בע""מ",IL,קונדישינר נקה 7,מיליליטרים,750.00,"100 מ""ל",false,0,10.10,1.34,true,1,
7290001136973,false,נקה 7 תחליב רחצה ארומה קמומיל לבן 1 ל',טרופיקל דגיל תעשיות,IL,תחליב רחצה נקה 7,ליטרים,1.00,ליטר,false,0,12.70,12.70,true,1,
7290001305058,false,"פלמוליב - נטורלס תחליב רחצה חלב ודבש 500 מ""ל",הנסיך- מפעל לייצור ט,TR,סב.נוזלי פלמוליב,מיליליטרים,500.00,"100 מ""ל",false,0,16.10,3.22,true,1,
7290001556672,false,מברשת סומק יח',גייד,CN,מברשת סומק,יחידה,1.00,יחידה,false,0,59.70,59.70,true,1,
7290001676530,false,מחזק ציפורניים,קרליין,IL,מחזק ציפורניים,יחידה,1.00,יחידה,false,0,12.70,12.70,true,1,
7290001676547,false,מייבש ציפורניים,קרליין,IL,מייבש ציפורניים,יחידה,1.00,יחידה,false,0,12.70,12.70,true,1,
7290001713150,false,סנט מוריץ מתז אקונומיקה Bleach קצף לימון 1 ליטר,קומפלקס כימיקלים בעמ,IL,קצף ניקוי,ליטרים,1.00,ליטר,false,1,11.80,11.80,true,1,
7290001713167,false,סנט מוריץ - מרסס קצף ניקוי 1 ליטר סניטרי אפור,קומפלקס כימיקלים בעמ,IL,קצף ניקוי,ליטרים,1.00,ליטר,false,1,11.80,11.80,true,1,
7290001817728,false,צ'יטוס אפוי כאפה בטעם קטשופ 55 גרם,"שטראוס פריטו ליי בע""\מ )",IL,צ'יטוס כפאה,גרמים,55.00,100 גרם,false,0,3.30,6.00,true,1,
7290001865439,false,פמילי אל סבון נוזלי בניחוח וניל 1 ליטר,אף.סי תבליני בגליל ב,IL,סבון נוזלי פמלי,ליטרים,1.00,ליטר,false,0,8.50,8.50,true,1,
7290001865453,false,פמילי לקשרי 1 ליטר לבנדר ארומטי+משאבה,מיוצר עי קונדיטוריית,TR,סבון נוזלי פמלי,ליטרים,1.00,ליטר,false,0,8.50,8.50,true,1,
7290001973233,false,"קמיל בלו מגבונים לחים סנסיטיב ד""ר פישר 120 יחידות",פישר מעבדות פרמצבטיות,IL,מגבונים +דיספנסר,יחידה,1.00,יחידה,false,0,11.80,11.80,true,1,
7290002000136,false,שעווה לחימום במיקרוגל - דבש ופרופוליס,"ש. שוורץ )באר שבע( בע""\מ",IL,שעוות מגע משי,גרמים,500.00,100 גרם,false,0,23.80,4.76,true,1,
7290002000143,false,"חדש -פנג'ל ק.ידיים קלאסיק 80מ""ל",מיוצר עי קונדיטוריית,IL,קרם ידיים פנג'ל,מיליליטרים,80.00,"100 מ""ל",false,0,7.00,8.75,true,1,
7290002001782,false,פנג'ל פלוס לכף הרגל 100מ,אינטרקוסמא,IL,קרם לכף הרגל,מיליליטרים,100.00,"100 מ""ל",false,0,18.70,18.70,true,1,
7290002003168,false,קרם ידיים מארז שלישיית פנג'ל 3X80-גרם,אינטרקוסמא 1985 במ,IL,קרם יד.פנג'ל 3יח,מיליליטרים,240.00,"100 מ""ל",false,0,17.00,7.08,true,1,
7290002041009,false,"חלאבילין אורגינל 10 מ""ל",תעשיות שיק,IL,דאו.חלאבילין,מיליליטרים,10.00,"100 מ""ל",false,0,34.10,341.00,true,1,
7290002041368,false,"מידנייט דאודורנט ספריי 150 מ""ל",חלאבין,IL,דאודורנט ספריי,מיליליטרים,187.00,"100 מ""ל",false,0,17.00,9.09,true,1,
7290002041801,false,"קרם גוף לאב ליין 275 מ""ל",תעשיות שיק,IL,קרם גוף לאב ליין,מיליליטרים,275.00,"100 מ""ל",false,0,34.10,12.40,true,1,
7290002041818,false,"דאו.רול און מידנייט80מ""ל",תעשיות שיק,IL,דאודורנט מידנייט,מיליליטרים,80.00,"100 מ""ל",false,0,17.00,21.25,true,1,
7290002132011,false,עוגיות מזרחיות מלוחות עבאדי 400 גרם,מאפיית יוסף ושמחה עבאדי,IL,עוגיות מזרחיות,גרמים,400.00,100 גרם,false,0,16.10,4.03,true,1,
7290002360285,false,חליטת צמחים פומפדור קמומיל 20 יחידות,TEEKANNE- POMPADOU,DE,חליטת קמומיל,גרמים,30.00,100 גרם,false,0,11.80,39.33,true,1,
7290002515333,false,"ד""ר פישר - קמיל בלו סנסיטיב אל סבון עדין לתינוק 500 מ""ל",פישר מעבדות פרמצבטיות בע,IL,אלסבון קמיל בלו,מיליליטרים,500.00,"100 מ""ל",false,0,17.00,3.40,true,1,
7290002515371,false,"קמיל בלו אל סבון לתינוקות ד""ר פישר 1 ליטר",פישר מעבדות פרמצבטיות בע,IL,קמיל בלו לתינוק,ליטרים,1.00,ליטר,false,0,18.70,18.70,true,1,
7290002730262,false,"נוזל לניקוי כלים קלאסי פלמוליב 750 מ""ל",יבואן ומשווק: ש. שסט,GR,פלמוליב לכלים,מיליליטרים,750.00,"100 מ""ל",false,0,8.40,1.12,true,1,
7290002730538,false,פדיות להסרת איפור בלונס 80 יחידות,הנסיך- מפעל לייצור ט,GR,פדים להסרת איפור,יחידה,1.00,יחידה,false,0,8.00,8.00,true,1,
7290002730675,false,"קולגייט משחת שיניים אדומה משפחתי 100 מ""ל",קולגייט-פלמוליב,PL,משחת שיניים,מיליליטרים,100.00,"100 מ""ל",false,0,8.40,8.40,true,1,
7290002730811,false,"משחת שיניים ג'ל פסים מרעננים קולגייט 100 מ""ל",הנסיך- מפעל לייצור ט,PL,משחת קולגייט ג'ל,מיליליטרים,100.00,"100 מ""ל",false,0,11.80,11.80,true,1,
7290002752332,false,"סוכריות מנטוס פירות בגליל, 37.5 גרם",הדקלאים אגודת שיתופי,NL,סוכריות מנטוס,גרמים,37.00,100 גרם,false,0,3.00,8.11,true,1,
7290002752349,false,סוכריות מנטוס מנטה 40יח' בגליל 38ג',פרפטי ואן מלה,NL,סוכריות מנטוס,גרמים,37.00,100 גרם,false,0,3.00,8.11,true,1,
7290002768043,false,"תיאדנט מי-פה ענק פלאוריד 150 מ""ל",אמיליה קוסמטיקס בע'\'\מ,IL,מי פה תיאדנט,מיליליטרים,150.00,"100 מ""ל",false,0,13.00,8.67,true,1,
7290002768074,false,אל סבון נוזלי רגיל דרמפון 1 ליטר,"אמיליה קוסמטיקס בע""מ",IL,דרמפון אל סבון,ליטרים,1.00,ליטר,false,0,17.00,17.00,true,1,
7290002768159,false,"קצף אמבט בת אורן קרליין 500 מ""ל",פארק תעשיות עמק חפרמ,IL,סבון אמבט בת אור,מיליליטרים,500.00,"100 מ""ל",false,0,22.90,4.58,true,1,
7290002782131,false,"פנינה רוזנבלום - דאודורנט ספריי לאישה מס' 1 150 מ""ל",פנינה רוזנבלום,IL,דאודורנט פנינה,מיליליטרים,150.00,"100 מ""ל",false,0,29.80,19.87,true,1,
7290002782759,false,"פנינה קרם גוף רוזנבלום 400 מ""ל",פנינה רוזנבלום,IL,קרם גוף פנינה,מיליליטרים,340.00,"100 מ""ל",false,0,29.80,8.76,true,1,
7290002814498,false,"סנט מוריץ - מרסס חומץ לניקוי כללי 750 מ""ל",קומפלקס כימיקלים,TR,נוזל ניקוי כללי,מיליליטרים,750.00,"100 מ""ל",false,1,10.10,1.35,true,1,
7290002814542,false,סנט מוריץ שקיות אשפה 75*90 -25 יח',קומפלקס כימיקלים בעמ,CN,אשפתון,יחידה,1.00,יחידה,false,1,11.00,11.00,true,1,
7290002814610,false,סנט מוריץ מסיר שומנים מבושם שחור 1 ליטר,קומפלקס כימיקלים בעמ,IL,מסיר שומנים,ליטרים,1.00,ליטר,false,0,8.40,8.40,true,1,
7290002814870,false,"סנט מוריץ - מרסס מסיר שומנים קר מבושם לוונדר\פרחים 750 מ""ל",קומפלקס כימיקלים בעמ,IL,מסיר שומנים קר,מיליליטרים,750.00,"100 מ""ל",false,1,8.40,1.12,true,1,
7290002814887,false,מטליות רצפה לניקוי ובישום סנטמוריץ,קומפלקס כימיקלים,CN,מטליות רצפה 10יח,יחידה,1.00,יחידה,false,1,8.50,8.50,true,1,
7290002904694,false,"טיטניום דאודורנט ספריי לגברים 150 מ""ל","אמיליה קוסמטיקס בע""מ",IL,דאודורנט טיטניום,מיליליטרים,180.00,"100 מ""ל",false,0,14.00,7.78,true,1,
7290003026029,false,"ד""ר פישר - קמיל בלו סנסיטיב שמפו אלדמע 500 מ""ל",פישר מעבדות פרמצבטיות בע,IL,שמפו קמיל בלו,מיליליטרים,500.00,"100 מ""ל",false,0,17.00,3.40,true,1,
7290003026036,false,"ד""ר פישר - קמיל בלו סנסיטיב אל סבון עדין לתינוק 1 ליטר",פישר מעבדות פרמצבטיות בע,IL,אל סבון קמיל בלו,ליטרים,1.00,ליטר,false,0,21.20,21.20,true,1,
7290003026197,false,"קמיל בלו סנסטיב שמן טיפולי ד""ר פישר 500 מ""ל",פישר מעבדות פרמצבטיות בע,IL,שמן עדין לתינוק,מיליליטרים,500.00,"100 מ""ל",false,0,25.50,5.10,true,1,
7290003026227,false,"קמיל בלו שמפו לתינוק סנסיטיב אל דמע ד""ר פישר 1 ליטר",פישר מעבדות פרמצבטיות בע,IL,שמפו קמיל בלו,ליטרים,1.00,ליטר,false,0,21.20,21.20,true,1,
7290003026234,false,"ד""ר פישר - קמיל בלו תחליב לתינוק 500 מ""ל",פישר מעבדות פרמצבטיות בע,IL,קרם גוף לתינוק,גרמים,500.00,100 גרם,false,0,21.20,4.24,true,1,
7290003047642,false,תה שחור יילו לייבל 100*1.5 ג' שקיק ליפטון,"יונילוור רוסייה בע""מ",RU,תה ילו לייבל,גרמים,150.00,100 גרם,false,0,10.10,6.74,true,1,
7290003145768,false,בוטנים אמריקאיים 50גר קליית גת,ששון ושות;#039& )ש.ת. תע,IL,בוטן מצופה 50גרם,גרמים,50.00,100 גרם,false,0,3.30,6.60,true,1,
7290003227402,false,מידנייט תחליב גוף 275 מל,חלאבין,IL,קרם גוף מידנייט,מיליליטרים,275.00,"100 מ""ל",false,0,25.50,9.27,true,1,
7290003227822,false,חלאבלין SPORTS דאודורנט קרם לבית השחי,תעשיות שיק,IL,קרם דאו.חלאבילין,מיליליטרים,10.00,"100 מ""ל",false,1,34.10,341.00,true,1,
7290003320257,false,פצירות עץ ארוכות קייזר,מג'יק,IL,פצירות עץ קצרות,יחידה,1.00,יחידה,false,0,17.00,17.00,true,1,
7290003320271,false,מסיר עור+פצירהKW1C 1 יחי,.D.M.M סוכנויות ומפיצים,IL,מסיר עור+פצירה,יחידה,1.00,יחידה,false,0,21.20,21.20,true,1,
7290003320660,false,מספרי קייזר אל חלד,,IL,מספרי קייזר,יחידה,1.00,יחידה,false,0,68.20,68.20,true,1,
7290003320769,false,פינצטה אל-חלד מכופפת קייזר,.D.M.M סוכנויות ומפיצים,DE,פינצטה אל חלד,יחידה,1.00,יחידה,false,0,51.20,51.20,true,1,
7290003320806,false,2 פצירות רכות שחורות קייזר,מג'יק,IL,2 פצירות רכות שח,יחידה,1.00,יחידה,false,0,17.00,17.00,true,1,
7290003387205,false,דאו' ספיד סטיק בסיסי ירוק רגיל לגבר 63ג',הנסיך- מפעל לייצור ט,US,דאודורנט סטיק,גרמים,56.00,100 גרם,false,0,15.20,27.14,true,1,
7290003401369,false,"קרם לחות לשיער חוחובה נטורל פורמולה 400 מ""ל",מיוצר עי אמיליה קוסמ,IL,קרם לחות לשיער,מיליליטרים,400.00,"100 מ""ל",false,0,16.10,4.03,true,1,
7290003401376,false,"קרם לחות ועיצוב לשיער אלוורה נטורל 400 מ""ל",מיוצר עי אמיליה קוסמ,IL,קרם לחות לשיער,מיליליטרים,400.00,"100 מ""ל",false,0,16.10,4.03,true,1,
7290003401420,false,"קרם לחות לשיער סיליקון כתום נטורל 400 מ""ל",מיוצר עי אמיליה קוסמ,IL,קרם לחות לשיער,מיליליטרים,400.00,"100 מ""ל",false,0,16.10,4.03,true,1,
7290003401635,false,נטורל פורמולה לחות מעצבת לפתיחת תלתלים,מיוצר עי אמיליה קוסמ,IL,קרם לחות לשיער,מיליליטרים,400.00,"100 מ""ל",false,0,22.90,5.73,true,1,
7290003401642,false,"קרם לחות לתלתלים טבעיים נטורל פורמולה 400 מ""ל",מיוצר עי אמיליה קוסמ,IL,קרם לחות לשיער,מיליליטרים,400.00,"100 מ""ל",false,0,22.90,5.73,true,1,
7290003401864,false,נטורל.פ מוס אקסיט מקבע תלתלים,מיוצר עי אמיליה קוסמ,IL,מוס לשיער,מיליליטרים,200.00,"100 מ""ל",false,0,22.00,11.00,true,1,
7290003423909,false,חטיף קוקיס אנד קרים לבן 43 גרם,ליימן מותגים,US,חטיף שוקולד לבן,גרמים,43.00,100 גרם,false,0,4.10,9.53,true,1,
7290003444009,false,הרשי ריזס חטיף במילוי בוטנים 42 גרם,ליימן מותגים,US,חטיף שוקולד חלב,גרמים,42.00,100 גרם,false,0,3.30,7.86,true,1,
7290003521074,false,"ד""ר פישר - סרקל מרכך שיער לילדים 1 ליטר",פישר מעבדות פרמצבטיות בע,IL,מרכך לילדים סרקל,ליטרים,1.00,ליטר,false,0,23.80,23.80,true,1,
7290003521081,false,"סרקל שמפו אל דמע לילדים ד""ר פישר 1 ליטר",פישר מעבדות פרמצבטיות בע,IL,סרקל שמפו לילדים,ליטרים,1.00,ליטר,false,0,23.80,23.80,true,1,
7290003521166,false,"ד""ר פישר - סרקל קרם רוזמרין לילדים 325 מ""ל",פישר מעבדות פרמצבטיות בע,IL,סרקל קרם רוזמרין,מיליליטרים,325.00,"100 מ""ל",false,0,22.00,6.77,true,1,
7290003521180,false,סרקל שמפו + מרכך 500 גר',פישר מעבדות פרמצבטיות בע,IL,שמפו+מרכך סרקל,מיליליטרים,500.00,"100 מ""ל",false,0,14.00,2.80,true,1,
7290003521197,false,"ד""ר פישר - סרקל תרסיס מתיר קשרים 340 מ""ל",פישר מעבדות פרמצבטיות בע,IL,סרקל מתיר קשרים,מיליליטרים,340.00,"100 מ""ל",false,0,22.00,6.47,true,1,
7290003521760,false,"אפטרסול ג'ל אלוורה שפורפרת ד""ר פישר 200 מ""ל",פישר מעבדות פרמצבטיות בע,IL,ג'ל אלוורה,מיליליטרים,200.00,"100 מ""ל",false,0,25.50,12.75,true,1,
7290003744855,false,אובלטים עם שומשום 300 גר,"ברט בע""מ",IL,אובלטים שומשום,גרמים,300.00,100 גרם,false,0,9.30,3.10,true,1,
7290003744862,false,אובלטים עם זעתר 300 גר,"ברט בע""מ",IL,אובלטים מלוחים,גרמים,300.00,100 גרם,false,0,9.30,3.10,true,1,
7290003805501,false,"פתית שוודי חסכוני בד""צ 300 גרם",יוניליוור ישראל מזון בע\,IL,פתית קרקר שוודי,גרמים,300.00,100 גרם,false,0,14.40,4.80,true,1,
7290004014407,false,עדשי מ&מ'ס חמאת בוטנים46,מרס נדרלנד,US,עדשי מ&מ'ס,גרמים,46.00,100 גרם,false,1,4.20,9.13,true,1,
7290004019129,false,פינצטה קייזר אל חלד יח',,CN,פינצטה קייזר אל,יחידה,1.00,יחידה,false,1,21.30,21.30,true,1,
7290004022297,false,LINER DIP איילנר שחור,גייד,DE,LINER DIP איילנר,יחידה,1.00,יחידה,false,0,53.70,53.70,true,1,
7290004043108,false,עדשי מ&מ'ס שוקולד 89 גרם,מרס,US,עדשי מ&מ'ס,גרמים,89.00,100 גרם,false,1,5.80,6.52,true,1,
7290004078942,false,ליידי ספיד סטיק - דאודורנט ג'ל לאישה 65 גרם,קולגייט-פלמוליב,US,דאודורנט,גרמים,65.00,100 גרם,false,0,15.20,23.38,true,1,
7290004127329,false,קוטג תנובה גביע 250 גרם %5 ו.מהדרין,מיוצר עי קונדיטוריית,IL,קוטג' תנובה 5%,גרמים,250.00,100 גרם,false,0,4.70,1.88,true,1,
7290004131074,false,"חלב 1 ליטר 3% קרטון ""תנובה""- מוצר בפיקוח",תנובה מרכז שיתופי לש,IL,חלב בקרטון 3%,ליטרים,1.00,ליטר,false,0,5.32,5.32,true,1,
7290004344931,false,צבת אל חלד לעור סולינגן קייזר,,CN,צבת אל חלד לעור,יחידה,1.00,יחידה,false,1,68.30,68.30,true,1,
7290004464264,false,טל קרם רב שימושי אומגה 3,תעשיות שיק,IL,טל קרם רב שימושי,מיליליטרים,250.00,"100 מ""ל",false,1,19.50,7.80,true,1,
7290004464851,false,מידנייט U קרם גוף 400 משאבה,חלאבין,IL,קרם גוף מידנייט,מיליליטרים,400.00,"100 מ""ל",false,0,25.50,6.38,true,1,
7290004731472,false,"שלישיית אלסבון צבעוני כיף 500 מ""ל",טרופיקל דגיל תעשיות,IL,אלסבון כיף 3 יח,ליטרים,1.50,ליטר,false,0,17.00,11.33,true,1,
7290005008184,false,"סבון נוזלי בניחוח חלב שקדים פלמוליב 500 מ""ל",הנסיך- מפעל לייצור ט,TR,סב.נוזלי פלמול,מיליליטרים,500.00,"100 מ""ל",false,0,16.10,3.22,true,1,
7290005008191,false,"סבון נוזלי ארומה בניחוח לבנדר פטצ'ולי וילנג ילנג פלמוליב 500 מ""ל",הנסיך- מפעל לייצור ט,TR,סב.נוזלי פלמוליב,מיליליטרים,500.00,"100 מ""ל",false,0,16.10,3.22,true,1,
7290005008481,false,ספיד סטיק - דאודורנט ג'ל לגבר ספורט 85 גרם,הנסיך- מפעל לייצור ט,US,ספיד סטיק ג'ל,גרמים,85.00,100 גרם,false,0,15.20,17.88,true,1,
7290005084355,false,סנסודין משחת שיניים דואל קר פלואוריד 75,גלקסו סמית קליין,GB,משחת שיניים,מיליליטרים,75.00,"100 מ""ל",false,0,16.00,21.33,true,1,
7290005199738,false,גומי מאסט בטעם פפרמינט ריח פה נעים פליפטופ 28 ג' עלית,"שטראוס גרופ בע""מ",IL,מאסט מנטה מרעננת,גרמים,28.00,100 גרם,false,0,4.10,14.64,true,1,
7290005200786,false,תפוצ'יפס בטעם שמנת בצל עלית 50 גרם,"שטראוס פריטו ליי בע""\מ )",IL,תפוצ'יפס שמנת,גרמים,50.00,100 גרם,false,0,4.10,8.20,true,1,
7290005418709,false,"נטורל קרם לחות לקיבוע תלתלים גלי 400 מ""ל",מיוצר עי אמיליה קוסמ,IL,קרם לחות לתלתלים,מיליליטרים,400.00,"100 מ""ל",false,0,22.90,5.73,true,1,
7290005418716,false,"קרם לחות לבניית תלתלים עגולים נטורל פורמולה 400 מ""ל",מיוצר עי אמיליה קוסמ,IL,קרם לחות לשיער,מיליליטרים,400.00,"100 מ""ל",false,0,22.90,5.73,true,1,
7290005423253,false,"סנו - מקסימה מרסס למייבש כביסה אולטרה פרש 750 מ""ל","סנו מפעלי ברונוס בע""\מ",IL,מקסימה למייבש,מיליליטרים,750.00,"100 מ""ל",false,0,12.70,1.69,true,1,
7290005423505,false,"אורביטול מי פה להלבנת השיניים 500 מ""ל",קוסמופארם,IL,מי פה אורביטול,מיליליטרים,500.00,"100 מ""ל",false,0,17.00,3.40,true,1,
7290005423635,false,ריצפז נוזל רצפות דוחה תיקנים סנו 2 ליטר,מיוצר עי קונדיטוריית,IL,ריצפז דוחה חרקים,ליטרים,2.00,ליטר,false,0,19.00,9.50,true,1,
7290005424403,false,"אל סבון כיף אצות ים קטיפתי 1ליטר,",טרופיקל דגיל תעשיות,IL,אל סבון כיף,ליטרים,1.00,ליטר,false,0,11.00,11.00,true,1,
7290005425646,false,קליר נוזל לניקוי חלונות רב תכליתי סנו 1 ליטר,"סנו מפעלי ברונוס בע""\מ",IL,סנוקליר 1 ליטר,ליטרים,1.00,ליטר,false,0,12.70,12.70,true,1,
7290005426568,false,"קרמה - קרם לחות לשיער רגיל 400 מ""ל",טרופיקל דגיל תעשיות,IL,קרם לחות קרמה,מיליליטרים,400.00,"100 מ""ל",false,0,21.20,5.30,true,1,
7290005426575,false,"קרמה לחות לשיער יבש ללא שטיפה 400 מ""ל",טרופיקל דגיל תעשיות,IL,קרם לחות קרמה,מיליליטרים,400.00,"100 מ""ל",false,0,21.20,5.30,true,1,
7290005427619,false,"כיף גל לשיער לשיער קוצים 1ק""ג",גוד פוד פרודקטס S.p,IL,ג'ל כיף לשיער,קילוגרמים,1.00,"ק""ג",false,0,20.40,20.40,true,1,
7290005427626,false,"ג'ל לעיצוב השיער למראה רטוב כיף 1 ק""ג",קוסמופארם בעמ,IL,ג'ל כיף לשיער,קילוגרמים,1.00,"ק""ג",false,0,20.40,20.40,true,1,
7290005427633,false,"כיף גל לשיער לשיער חזק במיוחד 1 ק""ג",קוסמופארם,IL,ג'ל כיף לשיער,קילוגרמים,1.00,"ק""ג",false,0,20.40,20.40,true,1,
7290005427770,false,"קרמה - קרם לחות לשיער לגבר 400 מ""ל",טרופיקל דגיל תעשיות,IL,קרמה לחות לשיער,מיליליטרים,400.00,"100 מ""ל",false,0,21.20,5.30,true,1,
7290005427787,false,"קרמה - קרם לחות לשיער מתולתל 400 מ""ל",טרופיקל דגיל תעשיות,IL,קרם לשיער קרמה,מיליליטרים,400.00,"100 מ""ל",false,0,21.20,5.30,true,1,
7290005427978,false,"תחליב רחצה לפנים פילינג קרמה 180 מ""ל",גוד פוד פרודקטס S.p,IL,תחליב רחצה לפנים,מיליליטרים,180.00,"100 מ""ל",false,0,13.50,7.50,true,1,
7290005430602,false,"סנו אוקסיג'ן ספריי להסרת כתמים עם חמצן פעיל 750 מ""ל","סנו מפעלי ברונוס בע""",IL,אוקסיג'ן מ.כתמים,מיליליטרים,750.00,"100 מ""ל",false,0,14.00,1.87,true,1,
7290005477683,false,"טיטניום - אפטר שייב קלאסי 100 מ""ל",קרליין,IL,טיטניום אפט.שייב,מיליליטרים,100.00,"100 מ""ל",false,0,41.80,41.80,true,1,
7290005500688,false,"מסיכה לשיער פנינה רוזנבלום 1 ק""ג",פנינה רוזנבלום,IL,מסיכה לשיער,קילוגרמים,1.00,"ק""ג",false,0,34.10,34.10,true,1,
7290005587825,false,לוריאל - דרמו מסיר איפור דו פאזי 125 עברית,"קרלסרו, גרמניה",DE,מסיר איפור,מיליליטרים,150.00,"100 מ""ל",false,0,27.00,18.00,true,1,
7290005680052,false,טמפונים סופר פלוס אובה 32 יחידות,גונסון אנד גונסון,GR,טמפוני או-בה,יחידה,1.00,יחידה,false,0,21.20,21.20,true,1,
7290005896637,false,סאן בנדטו - מים מינרלים טבעיים מהאלפים 1.5 ליטר,אקווה מינרלה סאן בנדטו ב,IT,מים סאן בנדטו,ליטרים,1.50,ליטר,false,0,4.50,3.00,true,1,
7290005930904,false,קרם רגליים שפ וניל 100מל,חלאבין,IL,קרם רגליים שפ ונ,מיליליטרים,100.00,"100 מ""ל",false,1,11.00,11.00,true,1,
7290006185501,false,"פנינה רוזנבלום -אל סבון נוזלי ורוד,1 ליטר",פנינה רוזנבלום,IL,סבון נוזלי ורוד,ליטרים,1.00,ליטר,false,0,11.00,11.00,true,1,
7290006229427,false,סן בנדטו - מים מינרלים - מארז שישיית 500 מל,קריות זול,IT,סאן בנדטו 6 יח',ליטרים,3.00,ליטר,false,0,15.10,5.03,true,1,
7290006287106,false,"נטורל - ווקס לשיער לעיצוב אלסטי 120 מ""ל",מיוצר עי : אמיליה קוסמטי,IL,ווקס עיצוב שיער,מיליליטרים,120.00,"100 מ""ל",false,0,27.20,22.67,true,1,
7290006401366,false,"סבון לשטיפה אינטימית ליגיניה פרוטקטיב 200 מ""ל",)פייזר (קונסיומר הלט קר,IT,ליגיניה סבון,מיליליטרים,200.00,"100 מ""ל",false,0,37.50,18.75,true,1,
7290006651570,false,"קמיל בלו צמחי מרפא שמפו ואל סבון ד""ר פישר 750 מ""ל",פישר מעבדות פרמצבטיות בע,IL,שמפו/אל סבון,מיליליטרים,750.00,"100 מ""ל",false,0,16.00,2.13,true,1,
7290006712684,false,ספיד סטיק 24/7 סטיק כחול,קולגייט פלמוליב,US,דאודורנט,גרמים,50.00,100 גרם,false,0,15.20,30.40,true,1,
7290006712981,false,"משחת שיניים קולגייט ספיידרמן מגיל שש 50 מ""ל",הנסיך- מפעל לייצור ט,PL,משחת שיניים,מיליליטרים,50.00,"100 מ""ל",false,0,13.50,27.00,true,1,
7290006784575,false,"מילוי מכשיר אוויר 250 מ""ל fashion loouy סנט מוריץ",קומפלקס כימיקלים בעמ,TR,מטהר אוויר לואס,מיליליטרים,250.00,"100 מ""ל",false,1,8.40,3.36,true,1,
7290006784636,false,"ספריי אוויר 250 מ""ל fashion meduza סנט מוריץ",קומפלקס כימיקלים בעמ,TR,מטהר אוויר מדוזה,מיליליטרים,250.00,"100 מ""ל",false,1,8.40,3.36,true,1,
7290006784643,false,"מילוי מכשיר אוויר 250 מ""ל fashion rose gold סנט מוריץ",קומפלקס כימיקלים בעמ,TR,מטהר אוויר רוזה,מיליליטרים,250.00,"100 מ""ל",false,1,8.40,3.36,true,1,
7290006788269,false,קרליין פרפקט קר סרום למיצוק העור,קרליין,IL,סרום למיצוק,מיליליטרים,30.00,"100 מ""ל",false,0,84.60,282.00,true,1,
7290006788290,false,"קרליין - חלב פנים לעור רגיל / מעורב 260 מ""ל",קרליין,IL,חלב פנים,מיליליטרים,260.00,"100 מ""ל",false,0,34.10,13.12,true,1,
7290006788320,false,קרליין - מי פנים לעור יבש ללא אלכוהול,קרליין,IL,מי פנים לעור יבש,מיליליטרים,260.00,"100 מ""ל",false,0,34.10,13.12,true,1,
7290006788351,false,קרליין דאודורנט סטיק נושם כחול,אמיליה קוסמטיקס,IL,דאודורנט קרליין,מיליליטרים,50.00,"100 מ""ל",false,0,16.10,32.20,true,1,
7290006788375,false,קרליין דאודורנט סטיק נושם ורוד,מיוצר עי : אמיליה קוסמטי,IL,דאודורנט קרליין,מיליליטרים,50.00,"100 מ""ל",false,0,16.10,32.20,true,1,
7290006788399,false,"דאו רול און נושם סנסיטיב ירוק קרליין 75 מ""ל",אמיליה קוסמטיקס בעמ,IL,דאודורנט קרליין,מיליליטרים,75.00,"100 מ""ל",false,0,11.80,15.73,true,1,
7290006788405,false,"קרליין - נושם אקטיב דאודורנט רול און לאישה ברודו 75 מ""ל",מיוצר עי : אמיליה קוסמטי,IL,דאודורנט קרליין,מיליליטרים,75.00,"100 מ""ל",false,0,11.80,15.73,true,1,
7290006788412,false,"קרליין - נושם אקווה דאודורנט רול און לאישה כחול 75 מ""ל",אמיליה קוסמטיקס בעמ,IL,דאודורנט קרליין,מיליליטרים,75.00,"100 מ""ל",false,0,11.80,15.73,true,1,
7290006788429,false,"קרליין - נושם סאן רייס דאודורנט רול און לאישה כתום 75 מ""ל","אמיליה קוסמטיקס בע""מ",IL,דאודורנט קרליין,מיליליטרים,75.00,"100 מ""ל",false,0,11.80,15.73,true,1,
7290006788436,false,"קרליין - נושם פיור דאודורנט רול און לאישה ורוד 75 מ""ל",משווק: קוסמופארם בעמ,IL,דאודורנט קרליין,מיליליטרים,75.00,"100 מ""ל",false,0,11.80,15.73,true,1,
7290006788443,false,"קרליין - נושם אוקסיג'ן דאודורנט רול און לאישה סגול 75 מ""ל","אמיליה קוסמטיקס בע""מ",IL,דאודורנט קרליין,מיליליטרים,75.00,"100 מ""ל",false,0,11.80,15.73,true,1,
7290006788467,false,"קרליין - נושם אקטיב דאודורנט ספריי לאישה בורדו 200 מ""ל",מיוצר עי : אמיליה קוסמטי,IL,דאודורנט קרליין,מיליליטרים,200.00,"100 מ""ל",false,0,11.80,5.90,true,1,
7290006788481,false,"קרליין - נושם סאן רייס דאודורנט ספריי לאישה כתום 200 מ""ל",מיוצר עי : אמיליה קוסמטי,IL,דאודורנט קרליין,מיליליטרים,200.00,"100 מ""ל",false,0,11.80,5.90,true,1,
7290006788498,false,"קרליין - נושם פיור דאודורנט ספריי לאישה ורוד 200 מ""ל",מיוצר עי : אמיליה קוסמטי,IL,דאודורנט קרליין,מיליליטרים,200.00,"100 מ""ל",false,0,11.80,5.90,true,1,
7290006788504,false,"קרליין - נושם אוקסיג'ן דאודורנט ספריי לאישה סגול 200 מ""ל",מיוצר עי : אמיליה קוסמטי,IL,דאודורנט קרליין,מיליליטרים,200.00,"100 מ""ל",false,0,11.80,5.90,true,1,
7290006788559,false,"טיטניום ICE דאודורנט תרסיס ספריי 180 מ""ל",אמיליה קוסמטיקס בעמ,IL,דאודורנט טיטניום,מיליליטרים,180.00,"100 מ""ל",false,0,14.00,7.78,true,1,
7290006789617,false,"קרם לחות לתלתול טבעי לשיער גלי עד מתולתל 10 קרליין 400 מ""ל",מיוצר עי : אמיליה קוסמטי,IL,קרליין קרם לשיער,מיליליטרים,400.00,"100 מ""ל",false,0,17.80,4.45,true,1,
7290006789631,false,קרליין קרם לחות לשיער רגיל 400 גרם,מיוצר עי : אמיליה קוסמטי,IL,קרם לחות לשיער,מיליליטרים,400.00,"100 מ""ל",false,0,17.80,4.45,true,1,
7290006789655,false,"קרם לחות לסירוק קל לשיער מתולתל ומקורזל 10 קרליין 400 מ""ל",מיוצר עי : אמיליה קוסמטי,IL,קרם לחות לשיער,מיליליטרים,400.00,"100 מ""ל",false,0,17.80,4.45,true,1,
7290006789914,false,"קרליין - מי פנים אויל פרי 260 מ""ל",קרליין,IL,FREE OIL מי פנים,מיליליטרים,260.00,"100 מ""ל",false,0,34.10,13.12,true,1,
7290006791467,false,"נטורל - סרום לשיער להגמשת התלתלים 145 מ""ל",מיוצר עי : אמיליה קוסמטי,IL,סרום לתלתלים,מיליליטרים,145.00,"100 מ""ל",false,0,42.60,29.38,true,1,
7290006791498,false,"נטורל - שמן אגוז ברזילאי לשיער צבוע 145 מ""ל",אמיליה קוסמטיקס,IL,שמן לשיער,מיליליטרים,145.00,"100 מ""ל",false,0,40.00,27.59,true,1,
7290006992161,false,מטרנה - דייסת קורנפלור פרוביוטי 200 גרם,מולינו ניקולי s.p.a,IL,דייסת מטרנה,גרמים,200.00,100 גרם,false,0,12.00,6.00,true,1,
7290006992185,false,"מטרנה - דייסת אורז פרוביוטי כשל""פ 200 גרם",מולינו ניקולי s.p.a,IL,דייסת אורז,גרמים,200.00,100 גרם,false,0,12.00,6.00,true,1,
7290006992192,false,דייסה מטרנה סולת פרוביוטיקה,מטרנה תעשיות ש.מ,IL,דייסת סולת מטרנה,גרמים,200.00,100 גרם,false,0,12.00,6.00,true,1,
7290006992208,false,מטרנה דייסת 8 דגנים מעורבים 200 גרם,מטרנה תעשיות ש.מ,IL,דייסת מטרנה,גרמים,200.00,100 גרם,false,0,12.00,6.00,true,1,
7290006992390,false,"מטרנה - דייסת וניל פרוביוטי כשל""פ 200 גרם",מולינו ניקולי s.p.a,IL,דייסת וניל מטרנה,גרמים,200.00,100 גרם,false,0,12.00,6.00,true,1,
7290008000246,false,"פמינה - שטיפה אינטימית מועשר באלוורה 220 מ""ל",פמינה,IL,שטיפה + אלוורה,מיליליטרים,220.00,"100 מ""ל",false,0,25.50,11.59,true,1,
7290008084956,false,בייבי פסטה משחה לתינוק,בייבי פסטה,IL,בייבי פסטה,גרמים,120.00,100 גרם,false,0,15.30,12.75,true,1,
7290008116534,false,ליסטרין שטיפת פה קול מינט 250 מל,ג'\ונסון אנד ג'\ונסון,IT,מי פה ליסטרין,מיליליטרים,250.00,"100 מ""ל",false,0,8.40,3.36,true,1,
7290008116541,false,"שטיפת פה ליסטרין קול מינט 500 מ""ל",ג'\ונסון אנד ג'\ונסון,IT,מי פה ליסטרין,מיליליטרים,500.00,"100 מ""ל",false,0,17.00,3.40,true,1,
7290008116558,false,ליסטירין מי פה בטעם מנטה מרענן 250 מל,ג'\ונסון אנד ג'\ונסון,IT,מי פה ליסטרין,מיליליטרים,250.00,"100 מ""ל",false,0,8.40,3.36,true,1,
7290008116565,false,ליסטרין שטיפת פה פרש 500 מל,ג'\ונסון אנד ג'\ונסון,IT,מי פה ליסטרין,מיליליטרים,500.00,"100 מ""ל",false,0,17.00,3.40,true,1,
7290008116886,false,בלנאום שמן רחצה טיפולי לתינוקות וילדים 5,ניאופארם,DE,בלנאום בייבי פור,מיליליטרים,500.00,"100 מ""ל",false,0,64.00,12.80,true,1,
7290008264013,false,פינצטה מכופפת,סולינגן,IL,פינצטה מכופפת,יחידה,1.00,יחידה,false,0,34.10,34.10,true,1,
7290008264037,false,פינצטה אלכסון,סולינגן,IL,פינצטה אלכסון,יחידה,1.00,יחידה,false,0,34.10,34.10,true,1,
7290008264051,false,פינצטה ישרה שחור,סולינגן,IL,פינצטה ישרה שחור,יחידה,1.00,יחידה,false,0,34.10,34.10,true,1,
7290008264068,false,פינצטה אלכסון,סולינגן,IL,פינצטה אלכסון,יחידה,1.00,יחידה,false,0,34.10,34.10,true,1,
7290008264075,false,פינצטה מכופפת,סולינגן,IL,פינצטה מכופפת,יחידה,1.00,יחידה,false,0,34.10,34.10,true,1,
7290008264082,false,פינצטה מכופפת אל חלד,סולינגן,IL,פינצטה מכופפת אל,יחידה,1.00,יחידה,false,0,59.70,59.70,true,1,
7290008264099,false,פינצטה ישרה רחבה,סולינגן,IL,פינצטה ישרה רחבה,יחידה,1.00,יחידה,false,0,59.70,59.70,true,1,
7290008264136,false,פצירה 13 ס'מ,סולינגן,IL,פצירה 13 ס'מ,יחידה,1.00,יחידה,false,0,24.70,24.70,true,1,
7290008264143,false,פצירה 16 ס'מ כרום,סולינגן,IL,פצירה 16 ס'מ כרו,יחידה,1.00,יחידה,false,0,28.10,28.10,true,1,
7290008264211,false,10 פצירות רכות,סולינגן,IL,10 פצירות רכות,יחידה,1.00,יחידה,false,0,23.00,23.00,true,1,
7290008264266,false,מספריים להב דק,סולינגן,IL,מספריים להב דק,יחידה,1.00,יחידה,false,0,94.70,94.70,true,1,
7290008264273,false,מספריים לציפורניים,סולינגן,IL,מספריים לציפורני,יחידה,1.00,יחידה,false,0,94.70,94.70,true,1,
7290008264310,false,צבתית 10 ס'מ להב,סולינגן,IL,צבתית 10 ס'מ להב,יחידה,1.00,יחידה,false,0,105.90,105.90,true,1,
7290008264334,false,סולינגן-צבתית 12 ס'מ,סולינגן,IL,סולינגן-צבתית 12,יחידה,1.00,יחידה,false,0,148.70,148.70,true,1,
7290008264365,false,קוצץ בינוני+פלסטיק,סולינגן,IL,קוצץ בינוני+פלסט,יחידה,1.00,יחידה,false,0,29.80,29.80,true,1,
7290008264372,false,קוצץ גדול+פלסטיק,סולינגן,IL,קוצץ גדול+פלסטיק,יחידה,1.00,יחידה,false,0,39.20,39.20,true,1,
7290008264396,false,חותך עור,סולינגן,IL,חותך עור,יחידה,1.00,יחידה,false,0,52.10,52.10,true,1,
7290008264426,false,מכשיר ליבלות+סכין,סולינגן,IL,מכשיר ליבלות+סכי,יחידה,1.00,יחידה,false,0,34.10,34.10,true,1,
7290008264433,false,20 סכיני פדיקור,סולינגן,IL,20 סכיני פדיקור,יחידה,1.00,יחידה,false,0,32.40,32.40,true,1,
7290008264457,false,אבן לרגל,סולינגן,IL,אבן לרגל,יחידה,1.00,יחידה,false,0,14.50,14.50,true,1,
7290008264464,false,מעגל ריסים יח',סולינגן,IL,מעגל ריסים,יחידה,1.00,יחידה,false,1,41.00,41.00,true,1,
7290008264471,false,משייף +ידית לבנה,סולינגן,KP,משייף +ידית לבנה,יחידה,1.00,יחידה,false,0,14.40,14.40,true,1,
7290008264488,false,"פצירת אקריל 18 ס""מ",סולינגן,IL,פצירת אקריל 18 ס,יחידה,1.00,יחידה,false,0,15.30,15.30,true,1,
7290008264730,false,ספוגית למריחת צלליות 818,סולינגן,IL,ספוגית למריחת צל,יחידה,1.00,יחידה,false,0,15.10,15.10,true,1,
7290008264921,false,מספריים מקצועיות לזקן יח,סולינגן,IL,מספריים מקצועיות,יחידה,1.00,יחידה,false,1,136.60,136.60,true,1,
7290008318518,false,"דאו.לאבליין ספריי 187מ""ל",חלאבין,IL,דאודורנט לאבליין,מיליליטרים,187.00,"100 מ""ל",false,0,17.00,9.09,true,1,
7290008318990,false,"מידנייט קרם ידיים 100 מ""ל",חלאבין,IL,קרם ידיים,מיליליטרים,100.00,"100 מ""ל",false,0,11.00,11.00,true,1,
7290008443616,false,"מרכך לשיער יבש אדום נקה 7 750 מ""ל","אמיליה קוסמטיקס בע""מ",IL,קונדישנר נקה 7,מיליליטרים,750.00,"100 מ""ל",false,0,10.10,1.34,true,1,
7290008444231,false,"קרליין - קרם ג'ל לחות יאנג 50 מ""ל",קרליין,IL,YOUNG ג'ל לחות,מיליליטרים,50.00,"100 מ""ל",false,0,51.20,102.40,true,1,
7290008464505,false,"בקבוק מים בודד סאן בנדיטו 500 מ""ל",אקווה מינרלה סאן בנדטו ב,IT,סאן בנדטו רגיל 0,מיליליטרים,500.00,"100 מ""ל",false,0,4.30,0.86,true,1,
7290008464611,false,"הסודה של טמפו, מי סודה בגיזוז חזק, 275 מל",טמפו משקאות בעמ,IL,הסודה של טמפו,מיליליטרים,275.00,"100 מ""ל",false,1,3.20,1.16,true,1,
7290008464741,false,"בירה גולדסטאר, מארז שישייה, בקבוק 330 מ''ל","טמפו משקאות בע""\מ",IL,גולדסטאר 6 יח',ליטרים,1.98,ליטר,false,0,34.00,17.17,true,1,
7290008626682,false,לק 279,גייד,IL,לק 279,יחידה,1.00,יחידה,false,0,24.70,24.70,true,1,
7290008687072,false,תיק נסיעות מתקפל יחידה,,IL,תיק נסיעות מתקפל,יחידה,1.00,יחידה,false,1,17.80,17.80,true,1,
7290008745239,false,תפוצ'יפס קראנצ' בטעם טבעי עלית 50 גרם,"שטראוס פריטו ליי בע""\מ )",IL,תפוצ'יפס קראנצ',גרמים,50.00,100 גרם,false,0,4.10,8.20,true,1,
7290008747547,false,תפוצ'יפס קראנץ' בטעם טבעי עלית 200 גרם,"שטראוס פריטו ליי בע""\מ )",IL,תפוצ'יפס קראנצ',גרמים,200.00,100 גרם,false,0,11.00,5.50,true,1,
7290008750264,false,"מסטיק מאסט ציקלס דובדבן 28 גרם לל""ס מגדים","שטראוס גרופ בע""מ",IL,מסטיק מאסט,גרמים,28.00,100 גרם,false,0,4.10,14.64,true,1,
7290008753111,false,תפוצ'יפס קראנץ' בטעם מקסיקני עלית 50 גרם,"שטראוס פריטו ליי בע""\מ )",IL,תפוצ'יפס קראנצ',גרמים,50.00,100 גרם,false,0,4.10,8.20,true,1,
7290008754415,false,גומי מאסט בטעם ספירמינט עדין פליפטופ 28 ג' עלית,"שטראוס גרופ בע""מ",IL,מסטיק מאסט LL,גרמים,28.00,100 גרם,false,0,4.10,14.64,true,1,
7290008775816,false,ערגליות עוגיות במילוי שוקולד אסם 300 גרם,מיוצר עי קונדיטוריית,IL,ערגליות שוקו,גרמים,300.00,100 גרם,false,0,11.80,3.93,true,1,
7290008775823,false,ערגליות עוגיות תות שדה אסם 300 גרם,מיוצר עי קונדיטוריית,IL,ערגליות תות,גרמים,300.00,100 גרם,false,0,11.80,3.93,true,1,
7290008801157,false,"יין מרלו סלקטד כרמל כרמל 750 מ""ל",כרמל מזרחי,IL,מרלו סלקטד,מיליליטרים,750.00,"100 מ""ל",false,0,28.10,3.75,true,1,
7290008802291,false,יין מרלו פרייבט קולקשן יקבי כרמל,אגודת הכורמים הקואופרטיב,IL,מרלו P.C,מיליליטרים,750.00,"100 מ""ל",false,0,38.40,5.12,true,1,
7290008805384,false,סלקטד מוסקטו לבן מבעבע 750 מל 2016,אגודת הכורמים הקואופרטיב,IL,סלקטד מוסקטו,מיליליטרים,750.00,"100 מ""ל",false,0,28.10,3.75,true,1,
7290008893305,false,GOLD עפרון עיניים,גייד,IT,GOLD עפרון עיניי,יחידה,1.00,יחידה,false,0,33.30,33.30,true,1,
7290008893329,false,עפרון עינים הי פרסיז'ן02,גייד,IT,עפרון עינים הי פ,יחידה,1.00,יחידה,false,0,33.30,33.30,true,1,
7290008893343,false,עפרון עינים הייפרסיז'ן03,גייד,IT,עפרון עינים הייפ,יחידה,1.00,יחידה,false,0,33.30,33.30,true,1,
7290008893367,false,עפרון עינים פרסיז'ן04,גייד,IT,עפרון עינים פרסי,יחידה,1.00,יחידה,false,0,33.30,33.30,true,1,
7290008893589,false,לק 292,גייד,FR,לק 292,יחידה,1.00,יחידה,false,0,24.70,24.70,true,1,
7290008894050,false,מייק אפ קומפקט 02,גייד,IT,מייק אפ קומפקט02,יחידה,1.00,יחידה,false,0,88.80,88.80,true,1,
7290008894098,false,מייק אפ קומפקט 04,גייד,IT,מייק אפ קומפקט04,יחידה,1.00,יחידה,false,0,88.80,88.80,true,1,
7290008975551,false,תחליף חלב מטרנה מהדרין שלב 3 חלבי 700 גרם,מולינו ניקולי s.p.a,IL,מטרנה מהדרין 3,גרמים,700.00,100 גרם,false,0,47.70,6.81,true,1,
7290010065318,false,מחית תפוח עץ ג'וניור פרינוק 190 גרם,פרוטה פודווין איי.אס,CZ,פרינוק מחית,גרמים,130.00,100 גרם,false,0,5.00,3.85,true,1,
7290010065332,false,מחית תפוח עץ בננה ג'וניור פרינוק 190 גרם,פרוטה פודווין איי.אס,CZ,פריניוק ג'וניור,גרמים,190.00,100 גרם,false,0,5.00,2.63,true,1,
7290010065349,false,מחית סלט פירות ג'וניור פרינוק 190 גרם,פרוטה פודווין איי.אס,CZ,פריניק ג'וניור,גרמים,190.00,100 גרם,false,0,5.00,2.63,true,1,
7290010065745,false,מחית לפתן פירות ג'וניור פרינוק 190 גרם,פרוטה פודווין איי.אס,CZ,פרינוק ג'וניור,גרמים,190.00,100 גרם,false,0,5.00,2.63,true,1,
7290010117864,false,דוריטוס חטיף תירס בטעם חריף אש עלית 70 גרם,"שטראוס פריטו ליי בע""\מ )",IL,דוריטוס חריף,גרמים,70.00,100 גרם,false,0,4.10,5.86,true,1,
7290010182237,false,לאב ליין דאו.רול און כתום,חלאבין,,דאו.רול און לאבל,מיליליטרים,80.00,"100 מ""ל",false,0,17.00,21.25,true,1,
7290010182985,false,חלאבלין דאודורנט סטיק 72 שעות כחול,חלאבין,IL,דאו.סטיק 50 מל,מיליליטרים,50.00,"100 מ""ל",false,0,25.50,51.00,true,1,
7290010182992,false,חלאבלין דאודורנט סטיק 72 שעות אדום,חלאבין,IL,דאו.סטיק 50 מל,מיליליטרים,50.00,"100 מ""ל",false,0,25.50,51.00,true,1,
7290010237531,false,"פפסי קולה פלסטיק 500 מ""ל","טמפו משקאות בע""ם.",IL,פפסי בקבוק,מיליליטרים,500.00,"100 מ""ל",false,0,5.00,1.00,true,1,
7290010237548,false,"פפסי מקס דל קלוריות 500 מ""ל בקבוק",טמפו משקאות בעמ,IL,פפסי מקס,מיליליטרים,500.00,"100 מ""ל",false,0,5.00,1.00,true,1,
7290010237562,false,משקה פפסי מרינדה קוו,"טמפו משקאות בע""מ",IL,מירינדה,מיליליטרים,500.00,"100 מ""ל",false,0,5.00,1.00,true,1,
7290010237579,false,משקה סבן אפ קוול 500,"טמפו משקאות בע""מ",IL,סבנ אפ,מיליליטרים,500.00,"100 מ""ל",false,0,5.00,1.00,true,1,
7290010237586,false,סבן אפ דיאט פלסטיק 500מל,"טמפו משקאות בע""מ",IL,סבנ אפ דיאט,מיליליטרים,500.00,"100 מ""ל",false,0,5.00,1.00,true,1,
7290010380466,false,"קרליין - קרם ג'ל לפנים יאנג 50 מ""ל 15SPF",קרליין,IL,YOUNG קרם ג'ל SP,מיליליטרים,50.00,"100 מ""ל",false,0,51.20,102.40,true,1,
7290010380732,false,"קרליין - מייק אפ קאר & גלואו 112 30 מ""ל",קרליין,IL,מ.אפ קומפורט גלו,מיליליטרים,30.00,"100 מ""ל",false,0,76.80,256.00,true,1,
7290010380749,false,"קרליין - מייק אפ קאר & גלואו 113 30 מ""ל",קרליין,IL,GLOW COMFORT 113,מיליליטרים,30.00,"100 מ""ל",false,0,76.80,256.00,true,1,
7290010380756,false,"קרליין - מייק אפ קאר & גלואו 114 30 מ""ל",קרליין,IL,Care&Glow 114,מיליליטרים,30.00,"100 מ""ל",false,0,76.80,256.00,true,1,
7290010381272,false,קרליין - דיפ ליינר שחור 80,קרליין,DE,דיפ ליינר 80,יחידה,1.00,יחידה,false,0,46.90,46.90,true,1,
7290010381302,false,קרליין - עפרון עיניים עם חידוד 100,קרליין,DE,עפרון עיניים,יחידה,1.00,יחידה,false,0,25.50,25.50,true,1,
7290010381333,false,קרליין - עפרון עיניים עם חידוד 103,קרליין,,עפרון עיניים,יחידה,1.00,יחידה,false,0,25.50,25.50,true,1,
7290010381395,false,קרליין - עפרון עיניים עם חידוד 109,קרליין,DE,עפרון עיניים,יחידה,1.00,יחידה,false,0,25.50,25.50,true,1,
7290010381449,false,קרליין - עפרון שפתיים עם חידוד 154,קרליין,DE,עפרון שפתיים,יחידה,1.00,יחידה,false,0,25.50,25.50,true,1,
7290010381487,false,קרליין - עפרון שפתיים עם חידוד 158,קרליין,DE,עפרון שפתיים,יחידה,1.00,יחידה,false,0,25.50,25.50,true,1,
7290010381500,false,קרליין - עפרון עיניים ללא חידוד 200,קרליין,DE,עפרון עיניים,יחידה,1.00,יחידה,false,0,25.50,25.50,true,1,
7290010381548,false,קרליין - עפרון עיניים ללא חידוד 204,קרליין,DE,עפרון עיניים,יחידה,1.00,יחידה,false,0,25.50,25.50,true,1,
7290010381555,false,קרליין - עפרון עיניים ללא חידוד 205,קרליין,DE,עפרון עיניים,יחידה,1.00,יחידה,false,0,25.50,25.50,true,1,
7290010381562,false,קרליין - עפרון עיניים ללא חידוד 206,קרליין,DE,עפרון עיניים,יחידה,1.00,יחידה,false,0,25.50,25.50,true,1,
7290010381593,false,קרליין - עפרון עיניים ללא חידוד 209,קרליין,DE,עפרון עיניים,יחידה,1.00,יחידה,false,0,25.50,25.50,true,1,
7290010381661,false,קרליין - עפרון שפתיים ללא חידוד 243,קרליין,DE,עפרון שפתיים,יחידה,1.00,יחידה,false,0,25.50,25.50,true,1,
7290010381722,false,עפרון שפתיים ללא חידוד 9,קרליין,DE,עפרון שפתיים,יחידה,1.00,יחידה,false,0,25.50,25.50,true,1,
7290010381869,false,קרליין מחדד עפרונות,קרליין,CN,מחדד עפרונות,יחידה,1.00,יחידה,false,0,12.70,12.70,true,1,
7290010382033,false,קרליין - שפתון ספארקס 903,קרליין,IL,שפתון גלוס עם בר,יחידה,1.00,יחידה,false,0,51.20,51.20,true,1,
7290010382842,false,"קרם נטורל פורמולה קרם לחות קלילה לשיער רגיל, 400 מ""ל קלילה רגיל",מיוצר עי : אמיליה קוסמטי,IL,קרם לחות לשיער,מיליליטרים,400.00,"100 מ""ל",false,0,22.90,5.73,true,1,
7290010382880,false,לק גוון 363,קרליין,IL,לק גוון 363,יחידה,1.00,יחידה,false,0,12.70,12.70,true,1,
7290010382941,false,לק גוון 369,קרליין,IL,לק גוון 369,יחידה,1.00,יחידה,false,0,12.70,12.70,true,1,
7290010386376,false,מכשיר V+ דוחף עור קייזר,,CN,מכשיר +V דוחף עו,יחידה,1.00,יחידה,false,1,17.00,17.00,true,1,
7290010748525,false,"סרקל פורטה מרכך לילדים 750 מ""ל",פישר מעבדות פרמצבטיות בע,IL,מרכך סרקל פורטה,מיליליטרים,750.00,"100 מ""ל",false,0,24.70,3.29,true,1,
7290010748860,false,"ד""ר פישר - אפקטיב קר קרם ידיים אינטנסיב 150 מ""ל",פישר מעבדות פרמצבטיות בע,IL,קרם ידיים,מיליליטרים,150.00,"100 מ""ל",false,0,8.40,5.60,true,1,
7290010748877,false,"אפקטיב קר קרם גוף סנסטיב לעור רגיש ח 700 מ""ל",פישר מעבדות פרמצבטיות בע,IL,"ד""ר פישר קרם גוף",מיליליטרים,700.00,"100 מ""ל",false,0,21.20,3.03,true,1,
7290010748884,false,אפקטיב קר קרם גוף אינטנסיב לעור יבש במיוחד ח 700,פישר מעבדות פרמצבטיות,IL,קרם גוף,מיליליטרים,700.00,"100 מ""ל",false,0,21.20,3.03,true,1,
7290010748891,false,אפקטיב קר קרם גוף מולטי ויטמין לעור רגיל יבש ח 7,פישר מעבדות פרמצבטיות בע,IL,קרם גוף,מיליליטרים,700.00,"100 מ""ל",false,0,21.20,3.03,true,1,
7290010822010,false,גאמפ תפוז פלסטיק 500מל,"טמפו משקאות בע""מ",IL,ג'אמפ תפוז 500,מיליליטרים,500.00,"100 מ""ל",false,0,5.00,1.00,true,1,
7290010822027,false,גאמפ אשכוליות פלסטיק 500מל,"טמפו משקאות בע""מ",IL,ג'אמפ אשכול 500,מיליליטרים,500.00,"100 מ""ל",false,0,5.00,1.00,true,1,
7290010822034,false,גאמפ ענבים פלסטיק 500מל,"טמפו משקאות בע""מ",IL,ג'אמפ ענבים 500,מיליליטרים,500.00,"100 מ""ל",false,0,5.00,1.00,true,1,
7290011026066,false,"ד""ר פישר - סרקל שמפו + מרכך לילדים 1 ליטר",פישר מעבדות פרמצבטיות בע,IL,סרקל 2 ב1-,ליטרים,1.00,ליטר,false,0,23.80,23.80,true,1,
7290011026301,false,"ד""ר פישר - שמפו לשיער כסוף 400 מ""ל",פישר מעבדות פרמצבטיות,IL,שמפו לשיער כסוף,מיליליטרים,400.00,"100 מ""ל",false,1,24.70,6.18,true,1,
7290011026523,false,שמפו לתינוק לפני השינה Senstive עם לבנדר וקמומיל,פישר מעבדות פרמצבטיות בע,IL,אל דמע קמיל,מיליליטרים,500.00,"100 מ""ל",false,0,17.00,3.40,true,1,
7290011026530,false,ק.ב סנסטיב אל סבון לבנדר קמומיל לפני השינה 500 מ,פישר מעבדות פרמצבטיות בע,IL,אל סבון קמיל,מיליליטרים,500.00,"100 מ""ל",false,0,17.00,3.40,true,1,
7290011112073,false,לק גוון 356,קרליין,IL,לק גוון 356,יחידה,1.00,יחידה,false,0,12.70,12.70,true,1,
7290011113889,false,קרליין - איילינר שחור עמיד EVERLATS,קרליין,IT,איליינר שחור,יחידה,1.00,יחידה,false,0,46.90,46.90,true,1,
7290011113926,false,דאודורנט ספריי טיטניום בלאק Titanium Black,משווק: וסמופארם בעממ,IL,דאודורנט טיטניום,מיליליטרים,200.00,"100 מ""ל",false,0,14.00,7.00,true,1,
7290011114039,false,קרליין - עפרון עיניים ללא חידוד 212,קרליין,DE,עפרון עיניים,יחידה,1.00,יחידה,false,0,25.50,25.50,true,1,
7290011114312,false,קרליין - שפתון ליפ קולור 702,קרליין,IL,שפתון דו צדדי,יחידה,1.00,יחידה,false,0,55.40,55.40,true,1,
7290011114619,false,קרליין - שפתון ליפ קולור 706,קרליין,IL,שפתון דו צדדי,יחידה,1.00,יחידה,false,0,55.40,55.40,true,1,
7290011114626,false,קרליין - שפתון ליפ קולור 707,קרליין,IL,שפתון דו צדדי,יחידה,1.00,יחידה,false,0,55.40,55.40,true,1,
7290011114794,false,קרליין - סומק 03,קרליין,,סומק עמיד,יחידה,1.00,יחידה,false,0,43.50,43.50,true,1,
7290011115166,false,נקה 7 ארומה סבון נוזלי לבנדר 1 ל',טרופיקל דגיל תעשיות,IL,תחליב רחצה נקה 7,ליטרים,1.00,ליטר,false,0,12.70,12.70,true,1,
7290011116231,false,קרליין - שפתון ליפ קולור 710,קרליין,IL,שפתון דו צדדי,יחידה,1.00,יחידה,false,0,55.40,55.40,true,1,
7290011116392,false,קרליין - פודרה פיקס אנד גו 01,קרליין,IT,פודרה למראה אחיד,יחידה,1.00,יחידה,false,0,51.20,51.20,true,1,
7290011116408,false,קרליין - פודרה פיקס אנד גו 02,קרליין,IT,פודרה למראה אחיד,יחידה,1.00,יחידה,false,0,51.20,51.20,true,1,
7290011116415,false,קרליין - פודרה פיקס אנד גו 03,קרליין,IT,פודרה 03,יחידה,1.00,יחידה,false,0,51.20,51.20,true,1,
7290011116552,false,קרליין - סומק 05,קרליין,IL,סומק עמיד,יחידה,1.00,יחידה,false,0,43.50,43.50,true,1,
7290011116668,false,"קרליין - מייק אפ סטיי לונג 602 30 מ""ל",קרליין,IL,מ.אפ ביו ג'ניק,מיליליטרים,30.00,"100 מ""ל",false,0,76.80,256.00,true,1,
7290011116712,false,"קרליין - מייק אפ סטיי לונג 607 30 מ""ל",קרליין,IL,מ.אפ ביו ג'ניק,מיליליטרים,30.00,"100 מ""ל",false,0,76.80,256.00,true,1,
7290011116729,false,"קרליין - מייק אפ סטיי לונג 608 30 מ""ל",קרליין,IL,מ.אפ ביו ג'ניק,מיליליטרים,30.00,"100 מ""ל",false,0,76.80,256.00,true,1,
7290011132507,false,סן בנדטו- מים מנרליים - מוגז עדין 500 מל,אקווה מינרלה סאן בנדטו ב,IT,סאן בנדטו מוגז 0,מיליליטרים,500.00,"100 מ""ל",false,0,4.20,0.84,true,1,
7290011332983,false,מגבונים לניקוי אף מגבונאף קמיל בלו- מארז שלישייה,פישר מעבדות פרמצבטיות בע,IL,מגבונאף קמיל בלו,יחידה,1.00,יחידה,false,0,20.00,20.00,true,1,
7290011447267,false,מטרנה פרימיום חלבי שלב 1 700 גרם חיסכון,מטרנה תעשיות ש.מ,IL,מטרנה חלבי,גרמים,700.00,100 גרם,false,0,49.40,7.06,true,1,
7290011447281,false,מטרנה פרימיום חלבי שלב 2 700 גרם חיסכון,מטרנה תעשיות ש.מ,IL,מטרנה חלבי שלב 2,גרמים,700.00,100 גרם,false,0,49.40,7.06,true,1,
7290011447304,false,מטרנה פרימיום חלבי שלב 3 700 גרם חיסכון,מטרנה תעשיות ש.מ,IL,מטרנה חלבי שלב 3,גרמים,700.00,100 גרם,false,0,49.40,7.06,true,1,
7290011447359,false,תחליף חלב מטרנה מהדרין שלב 1 חלבי 700 גרם,מולינו ניקולי s.p.a,IL,מטרנה מהדרין,גרמים,700.00,100 גרם,false,0,47.70,6.81,true,1,
7290011447373,false,תחליף חלב מטרנה מהדרין שלב 2 חלבי 700 גרם,מטרנה תעשיות ש.מ,IL,מטרנה מהדרין,גרמים,700.00,100 גרם,false,0,47.70,6.81,true,1,
7290011505714,false,נשכן נובי רך במיוחד,N.L.PRODUCT,CN,נשכן נובי,יחידה,1.00,יחידה,false,0,29.80,29.80,true,1,
7290011517564,false,רוז לאב ליין דאו.רול און 48 ללא אלומיניו,חלאבין Halvin,IL,דאו.רולאון,מיליליטרים,80.00,"100 מ""ל",false,0,17.00,21.25,true,1,
7290011517588,false,LL-R נצנצים קרם גוף 275 מל',חלאבין,IL,קרם גוף חלאבין,מיליליטרים,275.00,"100 מ""ל",false,0,25.50,9.27,true,1,
7290011522605,false,"גלייז מעצב שיער לתלתלים 400 מ""ל",ג'נרל מילס סאן אדריא,IL,קרם לשיער סטייל,מיליליטרים,400.00,"100 מ""ל",false,0,26.40,6.60,true,1,
7290011525316,false,"ד""ר פישר - קמיל בלו סנסיטיב תחליב לתינוק שיבולת 500 מ""ל",פישר מעבדות פרמצבטיות בע,IL,קמיל בלו,מיליליטרים,500.00,"100 מ""ל",false,0,17.00,3.40,true,1,
7290011525323,false,אל סבון טיפולי לתינוק קמיל בלו סנסטיב שיבולת שועל,פישר מעבדות פרמצבטיות בע,IL,אל סבון קמיל בלו,מיליליטרים,500.00,"100 מ""ל",false,0,18.70,3.74,true,1,
7290011525712,false,"קמיל בלו אל סבון סנסיטיב לפני השינה ד""ר פישר 1 ליטר",פישר מעבדות פרמצבטיות בע,IL,אלסבון קמיל,ליטרים,1.00,ליטר,false,0,21.20,21.20,true,1,
7290011525729,false,שמפו לתינוק קמיל בלו סנסטיב לפני השינה עם לבנדר וקמומיל,פישר מעבדות פרמצבטיות בע,IL,שמפו קמיל בלו,ליטרים,1.00,ליטר,false,0,21.20,21.20,true,1,
7290011598211,false,"סנו - אנטי קאלק מרסס ניקוי כללי 4 ב-1 700 מ""ל",מיוצר עי קונדיטוריית,IL,סנו אנטי קאלק,מיליליטרים,700.00,"100 מ""ל",false,0,14.40,2.06,true,1,
7290011607180,false,"אבקת כביסה קולון 101 1.25 ק""ג",ריקט בנקיזר ( ניר אי,IL,אבקת כביסה קולון,קילוגרמים,1.25,"ק""ג",false,0,13.50,10.80,true,1,
7290011618025,false,בייבי ביס הוט קידס נגיסי אורז לתינוק,גואנז'ו יונג וואנט פ,CN,בייבי ביס,גרמים,50.00,100 גרם,false,0,12.70,25.40,true,1,
7290011618124,false,חטיף אורז אפוי לתינוקות בטעם ירקות +6,גואנז'ו יונג וואנט פ,CN,בייבי ביס,גרמים,50.00,100 גרם,false,0,12.70,25.40,true,1,
7290011618216,false,נגיסי אורז בייבי ביס בננה 50 גרם,גואנז'ו יונג וואנט פ,CN,בייבי ביס,גרמים,50.00,100 גרם,false,0,12.70,25.40,true,1,
7290011622428,false,כתמטמינים-חטיף בריאות לתינוקות וילדים 45 ג',מיוצר עבור גולדן האר,IL,חטיף בריאות,גרמים,45.00,100 גרם,false,0,6.00,13.33,true,1,
7290011622442,false,טבעונים - חטיף טבעות דגנים מלאים בטעם טבעי 45 גרם,הארט Heart,IL,חטיף בריאות,גרמים,45.00,100 גרם,false,0,6.40,14.22,true,1,
7290011622756,false,ביסקוויטמינים פלוס בטעם שוקולד 150 גרם,מצות אביב בעמ,IL,ביסקויטמינים,גרמים,150.00,100 גרם,false,1,14.40,9.60,true,1,
7290011622763,false,ביסקוויטמינים פלוס בטעם וניל 150 גרם,מולינו ניקולי s.p.a,IL,ביסקויטמינים,גרמים,150.00,100 גרם,false,1,14.40,9.60,true,1,
7290011714895,false,בליסטקס מד-פלוס משחה טיפולית לשפתיים,מדיליין פריגו,US,בליסטיקס מד פלוס,יחידה,1.00,יחידה,false,1,25.50,25.50,true,1,
7290011743833,false,"סנסודיין משחת שיניים פרונאמל 75 מ""ל",גלקסו סמית קליין,GB,משחת שיניים,מיליליטרים,75.00,"100 מ""ל",false,0,18.00,24.00,true,1,
7290011744892,false,"אקווה פרש - משחת שיניים ילדים ג'וניור 6+ 50 מ""ל",גלקסו סמית קליין,SK,משחת שיניים א.פ,מיליליטרים,50.00,"100 מ""ל",false,0,12.70,25.40,true,1,
7290011745707,false,משחת שיניים פרונמל Pro namel לילדים לגילאי 6-12,גלקסו סמית קליין,SK,משחת שיניים,מיליליטרים,50.00,"100 מ""ל",false,0,13.00,26.00,true,1,
7290011765071,false,ג'ל גילוח לעור רגיל לחות והגנה Moisture,טרופיקל דגיל תעשיות,TR,ג'ל גילוח קרמה,מיליליטרים,200.00,"100 מ""ל",false,0,14.40,7.20,true,1,
7290011765088,false,ג'ל גילוח לעור רגיל מנטול Cool,טרופיקל דגיל תעשיות,TR,ג'ל גילוח קרמה,מיליליטרים,200.00,"100 מ""ל",false,0,14.40,7.20,true,1,
7290011765095,false,קרמה מן גל גילוח אלוורה ירוק 200 מל,טרופיקל דגיל תעשיות,TR,ג'ל גילוח קרמה,מיליליטרים,200.00,"100 מ""ל",false,0,14.40,7.20,true,1,
7290011765200,false,"סנו מדיק ג'ל לניקוי ידיים עם אולוורה 300 מ""ל",גוד פוד פרודקטס S.p,IL,ג'ל ניקוי לידים,מיליליטרים,300.00,"100 מ""ל",false,0,17.00,5.67,true,1,
7290011765316,false,מברשת שיניים לילדים עם שעון 4-8 אורביטול,החברה הדרומית,CN,מברשת שיניים,יחידה,1.00,יחידה,false,0,8.00,8.00,true,1,
7290011765392,false,"בוב ספוג שמפו לשיער לסירוק קל כיף 750 מ""ל",טרופיקל דגיל תעשיות,IL,שמפו כיף ילדים,מיליליטרים,750.00,"100 מ""ל",false,0,11.00,1.47,true,1,
7290011765422,false,אל סבון מועשר בלחות ותמצית קמומיל - בוב ספוג,קוסמופארם בע'\'\מ,IL,אלסבון כיף,מיליליטרים,750.00,"100 מ""ל",false,0,11.00,1.47,true,1,
7290011765446,false,משחת שיניים לילדים בוב ספוג בטעם מיץ ענבים עם פלואוריד למניעת עששת,טרופיקל דגיל תעשיות קוסמ,IL,משחת שיניים,גרמים,70.00,100 גרם,false,0,10.10,14.43,true,1,
7290011870232,false,שלט מארז 8 סוללה פוג,פוג'יקום,CN,סוללות פוג'יקום,יחידה,1.00,יחידה,false,0,14.40,14.40,true,1,
7290011870263,false,סוללה אצבע מארז 8 פו,פוג'יקום,CN,סוללות פוג'יקום,יחידה,1.00,יחידה,false,0,14.40,14.40,true,1,
7290011870744,false,סוללה מרובע פוגיקום,פוג'יקום,CN,סוללת פוג'י,יחידה,1.00,יחידה,false,0,17.00,17.00,true,1,
7290011912642,false,ליסטרין שטיפת פה הגנה על השיניים והחניכי,ג'\ונסון אנד ג'\ונסון,IT,מי פה ליסטרין,מיליליטרים,500.00,"100 מ""ל",false,0,17.00,3.40,true,1,
7290011988005,false,קרם הייר פורם לחות לשיער,מיסטר בונד,IL,קרם הייר פורם לח,מיליליטרים,500.00,"100 מ""ל",false,1,29.80,5.96,true,1,
7290012116025,false,שמפו פיית הפרפרים לסירוק קל מכיל רוזמרין,קוסמופארם בע'\'\מ,IL,שמפו כיף,מיליליטרים,750.00,"100 מ""ל",false,0,11.00,1.47,true,1,
7290012116612,false,אורביטול מברשת שיניים מארז 4 יח',ג'נרל מילס סאן אדריא,CN,4 מברשות שיניים,יחידה,1.00,יחידה,false,0,15.30,15.30,true,1,
7290012116629,false,תחליב רול און דוחה יתושים לתינוקות ולילדים סנו די,מיוצר עי קונדיטוריית,IL,סנו די לתינוקות,מיליליטרים,50.00,"100 מ""ל",false,0,18.70,37.40,true,1,
7290012117398,false,קרמה מן גל לאחר גילוח לעור עדין 150 מל,החברה הדרומית,IL,קרמה ג'ל גילוח,מיליליטרים,150.00,"100 מ""ל",false,0,25.50,17.00,true,1,
7290012117411,false,"שמפו וג'ל רחצה רויבוס 700 מ""ל ""קרמה""",קוסמופארם בע'\'\מ,IL,קרמה ג'ל רחצה,מיליליטרים,700.00,"100 מ""ל",false,0,19.50,2.79,true,1,
7290012117428,false,"ג'ל רחצה ושמפו מעיינות מנטה קרמה מן 700 מ""ל",טרופיקל דגיל תעשיות,IL,קרמה ג'ל רחצה,מיליליטרים,700.00,"100 מ""ל",false,0,19.50,2.79,true,1,
7290012117435,false,"קרמה - שמפו וג'ל רחצה 2 ב-1 אלוורה 700 מ""ל",טרופיקל דגיל תעשיות,IL,קרמה ג'ל רחצה,מיליליטרים,700.00,"100 מ""ל",false,0,19.50,2.79,true,1,
7290012117534,false,מרכך כביסה מרוכז תכלת קול סנו מקסימה 1 ליטר,"סנו מפעלי ברונוס בע""\מ",IL,מקסימה ס.מרוכז,ליטרים,1.00,ליטר,false,0,15.30,15.30,true,1,
7290012117558,false,מקסימה מרכך כביסה מרוכז ורוד בניחוח מאסק סנו 1 ליטר,"סנו מפעלי ברונוס בע""\מ",IL,מקסימה ס.מרוכז,ליטרים,1.00,ליטר,false,0,15.30,15.30,true,1,
7290012117626,false,שטיפת פה דנטלית לילדים בטעם ענבים בוב ספוג,קוסמופארם בע'\'\מ,IL,אורביטול מי פה,מיליליטרים,250.00,"100 מ""ל",false,0,14.40,5.76,true,1,
7290012192098,false,חלאבין לאבילין רול און 72 שעות אדום,חלאבין Halvin,IL,חלאבלין רול און,מיליליטרים,60.00,"100 מ""ל",false,0,25.50,42.50,true,1,
7290012192104,false,חלאבלין רול און 72 שעות כחול,חלאבין Halvin,IL,חלאבלין רול און,מיליליטרים,60.00,"100 מ""ל",false,0,25.50,42.50,true,1,
7290012193071,false,גורדן קסמי שיניים דקים מארז זוג,ג'ורדן,IL,ג'ורדן מארז זוג,יחידה,1.00,יחידה,false,0,24.70,24.70,true,1,
7290012350245,false,"קרליין - קרם יום משקם רויואל 50 מ""ל",קרליין,IL,רויול קרם יום,מיליליטרים,50.00,"100 מ""ל",false,0,119.60,239.20,true,1,
7290012350252,false,"קרליין - קרם יום לילה רויואל 50 מ""ל",קרליין,IL,רויול קרם לילה,מיליליטרים,50.00,"100 מ""ל",false,0,119.60,239.20,true,1,
7290012350634,false,קרליין - עפרון שפתיים עם חידוד 160,קרליין,DE,עפרון שפתיים,יחידה,1.00,יחידה,false,0,25.50,25.50,true,1,
7290012350641,false,קרליין - עפרון שפתיים עם חידוד 161,קרליין,,עפרון שפתיים,יחידה,1.00,יחידה,false,0,25.50,25.50,true,1,
7290012350665,false,קרליין - עפרון שפתיים עם חידוד 163,קרליין,,עפרון שפתיים,יחידה,1.00,יחידה,false,0,25.50,25.50,true,1,
7290012350672,false,קרליין - עפרון שפתיים עם חידוד 164,קרליין,DE,עפרון שפתיים,יחידה,1.00,יחידה,false,0,25.50,25.50,true,1,
7290012350771,false,קרליין - עפרון עיניים עם חידוד 111,קרליין,DE,עפרון עיניים,יחידה,1.00,יחידה,false,0,25.50,25.50,true,1,
7290012350788,false,קרליין - עפרון עיניים עם חידוד 112,קרליין,DE,עפרון עיניים,יחידה,1.00,יחידה,false,0,25.50,25.50,true,1,
7290012350795,false,קרליין - עפרון עיניים עם חידוד 113,קרליין,DE,עפרון עיניים,יחידה,1.00,יחידה,false,0,25.50,25.50,true,1,
7290012350955,false,קרליין - עפרון עיניים ללא חידוד 213,קרליין,DE,עפרון עיניים,יחידה,1.00,יחידה,false,0,25.50,25.50,true,1,
7290012351518,false,קונסילר כרמל,קרליין,IL,קונסילר כרמל,יחידה,1.00,יחידה,false,0,46.50,46.50,true,1,
7290012352034,false,"נטורל - קרם לחות עם שמן אגוז מקדמיה לשיער מתולתל 400 מ""ל",נטורל פורמולה Natural Formula,IL,קרם לחות נטורל,מיליליטרים,400.00,"100 מ""ל",false,0,22.90,5.73,true,1,
7290012367700,false,קרם גוף אינטנסיב רליף Intensive relief לעור יבש ומגורה,פישר מעבדות פרמצבטיות בע,IL,קרם גוף,מיליליטרים,700.00,"100 מ""ל",false,0,21.20,3.03,true,1,
7290012367717,false,קרם ידיים וציפורניים Intensive relief לעור יבש ומגורה,פישר מעבדות פרמצבטיות בע,IL,קרם ידיים,מיליליטרים,150.00,"100 מ""ל",false,0,8.40,5.60,true,1,
7290012367908,false,שמן טיפולי לתינוק בתוספת אלוורה Kamil Blue Sensitive,פישר מעבדות פרמצבטיות בע,IL,קמיל בלו שמן,מיליליטרים,200.00,"100 מ""ל",false,1,14.00,7.00,true,1,
7290012491047,false,מאמי קייר שמפו קלנדולה לתינוק,מאמי קר Mommy Care,IL,שמפו קלנדולה,מיליליטרים,400.00,"100 מ""ל",false,0,25.50,6.38,true,1,
7290012491368,false,מגבונים אקולוגיים 72 יח,מאמי קר,IL,מגבונים מאמי קר,יחידה,1.00,יחידה,false,0,11.00,11.00,true,1,
7290012491405,false,"סבון טבעי לניקוי בקבוקים, מוצצים ומשאבות חלב",מאמי קר Mommy Care,IL,סבון ניקוי בקבוק,מיליליטרים,230.00,"100 מ""ל",false,0,22.90,9.96,true,1,
7290012692024,false,אלכוגל לשמירה על היגיינת הידיים 500 מל,פישר מעבדות פרמצבטיות בע,IL,אלכוג'ל,מיליליטרים,500.00,"100 מ""ל",false,1,20.40,4.08,true,1,
7290012771095,false,L.L רולאון 48 שעות ללא ריח 80 מל,חלאבין,IL,חלאבלין רול און,מיליליטרים,80.00,"100 מ""ל",false,0,17.00,21.25,true,1,
7290012823237,false,"תחליב רחצה קרמה בריזת ים 700 מ""ל",החברה הדרומית,IL,קרמה תחליב רחצה,מיליליטרים,700.00,"100 מ""ל",false,0,16.10,2.30,true,1,
7290012823398,false,מטליות חד פעמיות לניקוי הרצפה בניחוח מרכך כביסה 10יח' סנו,סנו מפעלי ברונו בעמ,IL,מטליות ריצפז,יחידה,1.00,יחידה,false,1,12.70,12.70,true,1,
7290012854392,false,בליסטקס תות-בליסטר חדש,מדיליין פריגו,US,בליסטקס תות בליס,יחידה,1.00,יחידה,false,0,8.40,8.40,true,1,
7290012854408,false,בליסטקס מנטה -בליסטר חדש,מדיליין פריגו,US,בליסטקס בטעם מנט,יחידה,1.00,יחידה,false,0,8.40,8.40,true,1,
7290012854675,false,בליסטקס משחה טיפולית לשפתיים נוסחה חדשה,מדיליין פריגו,US,בליסטיקס משחה,יחידה,1.00,יחידה,false,1,25.50,25.50,true,1,
7290012938580,false,"סנסודיין משחת שיניים להלבנה עדינה 75 מ""ל",גלקסוסמית'\קליין קונסיומ,GB,משחת סנסודיין,מיליליטרים,75.00,"100 מ""ל",false,0,16.00,21.33,true,1,
7290012938597,false,"סנסודיין משחת שיניים רפיד רליף 75 מ""ל","סמיתקליין ביצ'ם בע""מ",GB,משחת סנסודיין,מיליליטרים,75.00,"100 מ""ל",false,0,18.00,24.00,true,1,
7290012938740,false,"משחת שיניים פרש מינט מנטה 75מ""ל סנסודיין",גלקסו סמית קליין,GB,משחת סנסודיין,מיליליטרים,75.00,"100 מ""ל",false,0,16.00,21.33,true,1,
7290013083661,false,"מטרנה אקסטרה קר שלב 1 חסכון 700 גרם תמ""ל",מטרנה תעשיות ש.מ,IL,מטרנה אקסטרה קר,גרמים,700.00,100 גרם,false,0,49.80,7.11,true,1,
7290013083678,false,תחליף חלב מטרנה אקסטרה קר שלב 2 700 גרם,מולינו ניקולי s.p.a,IL,מטרנה אקסטרה קר,גרמים,700.00,100 גרם,false,0,49.80,7.11,true,1,
7290013083685,false,תחליף חלב מטרנה אקסטרה קר שלב 3 חסכון 700 גרם,מטרנה תעשיות ש.מ,IL,מטרנה אקסטרה קר,גרמים,700.00,100 גרם,false,0,49.80,7.11,true,1,
7290013133816,false,לובלו לגבר בודד,לבלו,IL,לבלו לגבר,יחידה,1.00,יחידה,false,0,8.50,8.50,true,1,
7290013268020,false,מקסימה מרכך כביסה מרוכז בניחוח אולטרא פרש סנו 1 ליטר,"סנו מפעלי ברונוס בע""\מ",IL,מרכך כביסה,ליטרים,1.00,ליטר,false,0,15.30,15.30,true,1,
7290013268440,false,אורביטול צמד מברשות שיניים בובספוג+פיגור,החברה הדרומית,CN,מברשת שיניים,יחידה,1.00,יחידה,false,1,19.90,19.90,true,1,
7290013268983,false,מרכך כביסה סופר מרוכז בבישום עוצמתי סנו מקסימה 1 ל',"סנו מפעלי ברונוס בע""\מ",IL,מרכך מרוכז ג'וי,ליטרים,1.00,ליטר,false,1,15.30,15.30,true,1,
7290013269003,false,מרכך כביסה סופר מרוכז בייבי לתינוקות ולעור רגיש,"סנו מפעלי ברונוס בע""\מ",IL,מקסימה מרכך,ליטרים,1.00,ליטר,false,0,15.30,15.30,true,1,
7290013269287,false,סנו - מקסימה ג'ל כביסה מרוכז מאסק 3 ליטר,"סנו מפעלי ברונוס בע""\מ",IL,ג'ל כביסה מרוכז,ליטרים,3.00,ליטר,false,0,25.50,8.50,true,1,
7290013269621,false,ריצפז פרש לניקוי רצפות בניחוח מלון בוטיק,מיוצר עי קונדיטוריית,IL,ריצפז פרש הום,ליטרים,2.00,ליטר,false,1,21.20,10.60,true,1,
7290013269638,false,ספוג הפלא אקסטרה Extra- מארז 6 יח',החברה הדרומית,IL,ספוג הפלא אקסטרה,יחידה,1.00,יחידה,false,0,11.80,11.80,true,1,
7290013269645,false,ריצפז פרש מטליות לחות לריצפה בניחוח מאסק 10 יחידות,סנו מפעלי ברונוס בעמ,IL,מטליות ריצפז,יחידה,1.00,יחידה,false,0,12.70,12.70,true,1,
7290013269690,false,סנובון /פיסגה ג'ל בניחוח לימון-מרכז,Nicolas polandמשווק,PL,סנובון לאסלה,מיליליטרים,55.00,"100 מ""ל",false,0,6.00,10.91,true,1,
7290013269751,false,מטליות לחותריצפז פרש לניקוי ריצפה בניחות מלון בוטיק 10 יח' סנו,טרופיקל דגיל תעשיות,IL,מטליות ריצפז,יחידה,1.00,יחידה,false,1,12.70,12.70,true,1,
7290013310262,false,כפית ארוכה רגישה לחום4יח,LTD E.L.CO,CN,כפיות נובי,יחידה,1.00,יחידה,false,0,39.20,39.20,true,1,
7290013310323,false,נובי קליפס עם מחזיק וסרט,LTD E.L.CO,CN,נובי קליפס,יחידה,1.00,יחידה,false,1,23.80,23.80,true,1,
7290013310637,false,מברשת לניקוי בקבוקים,נובי Nuby,CN,מברשת לבקבוק,יחידה,1.00,יחידה,false,0,41.70,41.70,true,1,
7290013473097,false,"ג'ל ברזל 500 מ""ל",מיסטר בונד,IL,ג'ל ברזל,מיליליטרים,500.00,"100 מ""ל",false,1,20.40,4.08,true,1,
7290013539519,false,סטייל מסיכה ארגן מרוקאי 500 מל,א.ל ארמן,IL,מסכת שיער סטייל,מיליליטרים,500.00,"100 מ""ל",false,0,24.70,4.94,true,1,
7290013652157,false,"ד""ר פישר - נטורל קר מגבונים להסרת איפור לעור רגיל יבש 30 יח' * 3",פישר מעבדות פרמצבטיות בע,IL,מגבונים 3 יח,יחידה,1.00,יחידה,false,0,17.00,17.00,true,1,
7290013652164,false,"ד""ר פישר - נטורל קר מגבונים להסרת איפור לעור רגיש 30 יח' * 3",פישר מעבדות פרמצבטיות בע,IL,GENESIS מגבונים,יחידה,1.00,יחידה,false,0,17.00,17.00,true,1,
7290013652171,false,"ד""ר פישר - נטורל קר מגבונים להסרת איפור לעור שמן מעורב 30 יח' * 3",פישר מעבדות פרמצבטיות בע,IL,שלישיית מגובונים,יחידה,1.00,יחידה,false,0,17.00,17.00,true,1,
7290013652645,false,אוליביול Oliveyol קרם לטיפול ומניעת תפרחת חיתולים,פישר מעבדות פרמצבטיות בע,IL,משחה טיפולית,גרמים,100.00,100 גרם,false,0,30.60,30.60,true,1,
7290013652812,false,"נטורל קר קרם ידיים רגיל/יבש 150 מ""ל",פישר מעבדות פרמצבטיות בע,IL,קרם ידיים נטורל,מיליליטרים,150.00,"100 מ""ל",false,0,11.00,7.33,true,1,
7290013652829,false,קרם ידיים לעור יבש במיוחד Natural care,פישר מעבדות פרמצבטיות בע,IL,קרם ידיים נטורל,מיליליטרים,150.00,"100 מ""ל",false,0,11.00,7.33,true,1,
7290013756343,false,לנסינו משחה לאמהות מניקות 40 גרם,מדי-קיור,,משחת לנסינו,גרמים,40.00,100 גרם,false,0,54.00,135.00,true,1,
7290013848055,false,קרמה מן קרם גוף בניחוח גברי 400 מ' ל,קוסמופארם בע'\'\מ,IL,קרם גוף קרמה מן,מיליליטרים,400.00,"100 מ""ל",false,1,21.20,5.30,true,1,
7290013848345,false,מארז מטליות לחיטוי וניקוי יסודי אנטיבקטריאלי 99.9%,סנו מפעלי ברונוס בעמ,IL,מטליות ניקוי 3יח,יחידה,1.00,יחידה,false,1,17.00,17.00,true,1,
7290013848383,false,קרמה מן גל רחצה אקטיב בלוק 700 מל לגבר,טרופיקל דגיל תעשיות,IL,ג'ל רחצה קרמה מן,מיליליטרים,700.00,"100 מ""ל",false,0,19.50,2.79,true,1,
7290013848420,false,דאודורנט גל קרמה מן אנטיפרספירנט 70 מל,גוד פוד פרודקטס S.p,IL,דאו.ג'ל ספורט,מיליליטרים,70.00,"100 מ""ל",false,0,17.00,24.29,true,1,
7290013848437,false,"קרמה - דאודורנט ספריי לגבר אקטיב בלוק 200 מ""ל",מיוצר עי אמיליה קוסמ,IL,דאו.קרמה מן,מיליליטרים,200.00,"100 מ""ל",false,0,20.00,10.00,true,1,
7290013863591,false,חלאבילין סטיק דאודורנט 60 מל,חלאבין,IL,דאו' סטיק חלאבין,מיליליטרים,60.00,"100 מ""ל",false,1,17.00,28.33,true,1,
7290013902054,false,"מסכה הידרוגנית 500 מ""ל",,IL,מסכה הידרוגנית,מיליליטרים,500.00,"100 מ""ל",false,0,76.00,15.20,true,1,
7290013902061,false,"מסכה ויטמין E 500 מ""ל",,IL,מסכה ויטמין E,מיליליטרים,500.00,"100 מ""ל",false,0,76.00,15.20,true,1,
7290013902115,false,"מסכת 60 שניות 500 מ""ל",,IL,מסכת 60 שניות,מיליליטרים,500.00,"100 מ""ל",false,0,81.20,16.24,true,1,
7290013902122,false,שמפו רסקיו לשיער יבש 1 ל,KAVA KAVA,IL,שמפו רסקיו לשיער,ליטרים,1.00,ליטר,false,1,76.90,76.90,true,1,
7290013902658,false,ספירולינה מסכת הזנה 500,KAVA KAVA,IL,ספירולינה מסכת ה,מיליליטרים,500.00,"100 מ""ל",false,1,132.40,26.48,true,1,
7290013902757,false,"סרום מועשר בקרטין100מ""ל",,IL,סרום מועשר קרטין,מיליליטרים,100.00,"100 מ""ל",false,0,76.00,76.00,true,1,
7290013909565,false,קאלוס נייל סטורי יח',,US,קאלוס נייל סטורי,מיליליטרים,50.00,"100 מ""ל",false,1,51.20,102.40,true,1,
7290013909572,false,מסיר קוטיקולה נייל סטורי,,US,מסיר קוטיקולה ני,מיליליטרים,30.00,"100 מ""ל",false,1,42.60,142.00,true,1,
7290013971555,false,סוללות פוג'יקום 4AAA+8AA,פוג'יקום,CN,סוללות פוג'יקום,יחידה,1.00,יחידה,false,0,20.40,20.40,true,1,
7290014002647,false,תה ירוק לימונ.לואיזה15שק,ויסוצקי,IL,תה ירוק 15 שקיק.,גרמים,22.00,100 גרם,false,0,11.80,53.64,true,1,
7290014059085,false,"משחת שיניים סנסודיין 75 מ""ל פרימיום לשיקום והגנה","סמית קליין ביצ'ם בע""",GB,משחת סנסודיין,מיליליטרים,75.00,"100 מ""ל",false,0,18.00,24.00,true,1,
7290014059436,false,"משחת שיניים סנסודיין 75 מ""ל פרימיום לשיקום והגנה מלבינה 75 מ""ל","סמית קליין ביצ'ם בע""",GB,משחת סנסודיין,מיליליטרים,75.00,"100 מ""ל",false,0,18.00,24.00,true,1,
7290014204478,false,קרם גוף 4 פנינה רוזנבלום,פנינה רוזנבלום,IL,קרם גוף פנינה,מיליליטרים,340.00,"100 מ""ל",false,0,29.80,8.76,true,1,
7290014204560,false,"סבון נוזלי שלישיה 500 מ""ל פנינה רוזנבלום",פ.רוזנבלום כללי,IL,פנינה-סבון 500,ליטרים,1.50,ליטר,false,0,9.30,6.20,true,1,
7290014204713,false,"תרסיס גוף מס' 2 250 מ""ל פנינה רוזנבלום",פנינה רוזנבלום,IL,ספריי לגוף פנינה,מיליליטרים,250.00,"100 מ""ל",false,1,25.50,10.20,true,1,
7290014258716,false,תרכובת מזון צמחי על בסיס חלבון סויה מגיל לידה,מטרנה תעשיות ש.מ,IL,מטרנה צמחי,גרמים,700.00,100 גרם,false,0,40.90,5.84,true,1,
7290014258723,false,תרכובת מזון צמחי לתינוקות מגיל 0 עד גיל שנה,מטרנה תעשיות ש.מ,IL,מטרנה צמחית,גרמים,700.00,100 גרם,false,0,55.40,7.91,true,1,
7290014258730,false,תרכובת מזון צמחי לתינוקות מגיל 12 חודשים ואילך,מטרנה תעשיות ש.מ,IL,מטרנה צמחית,גרמים,700.00,100 גרם,false,0,55.40,7.91,true,1,
7290014397514,false,"מבשם אויר סנו פרש הום בניחוח כותנה מלטפת 350 מ""ל","סנו מפעלי ברונוס בע""",IL,סנופרש כותנה,מיליליטרים,350.00,"100 מ""ל",false,0,11.00,3.14,true,1,
7290014424012,false,פראנס ביוטי שעוות שרף טהור מתקלפת לבנה,נורוליס,IT,השעווה למיקרוגל,גרמים,70.00,100 גרם,false,1,21.20,30.29,true,1,
7290014424364,false,רצועות שעווה מהפנים אלוו,,IT,רצועות שעווה מהפ,יחידה,1.00,יחידה,false,1,19.50,19.50,true,1,
7290014426061,false,משחת שיניים הלו קיטי בטעם ענבים לגיל 2-6,כצט נוביס,IL,משחת שיניים,מיליליטרים,50.00,"100 מ""ל",false,0,9.00,18.00,true,1,
7290014454200,false,קרם גוף לאב ליין לבן Love Line White,חלאבין Halvin,IL,WHITE LIN LOVE,מיליליטרים,275.00,"100 מ""ל",false,0,25.50,9.27,true,1,
7290014465428,false,"פרו מאס שוקולד 2.7 ק""ג",NATURAL MARSHAL,IL,פרו מאס שוקולד,קילוגרמים,2.70,"ק""ג",false,1,222.10,82.26,true,1,
7290014525016,false,עשיריית חטיף סלים פרוט מרבה יוגורט תות סלים דליס 18.2 גרם,סלים דליס Slim Delis,ES,חטיפי דגנים מרבה,גרמים,182.00,100 גרם,false,0,13.50,7.42,true,1,
7290014525290,false,חטיפי סלים דליס קריספי תות מרבה 125 גרם,סלים דליס Slim Delis,NL,סלים דליס חטיפים,גרמים,125.00,100 גרם,false,1,13.50,10.80,true,1,
7290014525313,false,חטיפי סלים דליס קריספי שוקולד מרבה 125 גרם,סלים דליס Slim Delis,NL,סלים דליס חטיפים,גרמים,125.00,100 גרם,false,1,13.50,10.80,true,1,
7290014547322,false,סנסודין זוג מברשות שיניים שיקום כחול+תכל,סנסודיין,CN,מברשות שיניים2יח,יחידה,1.00,יחידה,false,0,17.00,17.00,true,1,
7290014547353,false,סנסודין זוג מברשות שיניים דואלקר ירוק+יר,"L Co., Industrial Shummi",CN,2 מברשו סנסודיין,יחידה,1.00,יחידה,false,1,25.50,25.50,true,1,
7290014648081,false,סכיני גילוח חד פעמי לה בלה עשירייה,נינגבי הווארד,CN,סכיני גילוח ח.פ.,יחידה,1.00,יחידה,false,1,8.40,8.40,true,1,
7290014648586,false,מקלוני צמר גפן la belle פלסטיק 200 יח,,CN,מקלוני פלסטיק,יחידה,1.00,יחידה,false,1,5.00,5.00,true,1,
7290014648920,false,PHARMA DENTקיסמים דנטלים 200יח',,IL,קיסמים דנטליים,יחידה,1.00,יחידה,false,1,9.30,9.30,true,1,
7290014648937,false,קיסמי שיניים משולב בחוט דנטלי מנטה 36 יח,,IL,קיסמי שיניים משו,יחידה,1.00,יחידה,false,1,9.30,9.30,true,1,
7290014648951,false,PHARMA DENTקיסמי מברשת דו צדדיים בטעם מנטה 100יח,,IL,קיסמי מברשות דו,יחידה,1.00,יחידה,false,1,9.30,9.30,true,1,
7290014649033,false,שלישיית ספוגי רחצה ע,,IL,ספוג רחצה מפנק,יחידה,1.00,יחידה,false,1,10.10,10.10,true,1,
7290014855434,false,מגבונים בייביסיטר פרפורמנס מבושם רביעיה,בייביסיטר Babysitter,IL,מגבונים לחים 4יח,יחידה,1.00,יחידה,false,1,13.50,13.50,true,1,
7290014855458,false,מגבוני בייביסיטר פרפורמנס ללא בישום מארז 72X4יח',בייביסיטר Babysitter,IL,מגבונים לחים 4יח,יחידה,1.00,יחידה,false,1,13.50,13.50,true,1,
7290014901247,false,"שמפו קרטין לאחר החלקה ועיצוב בחום סטייל 750 מ""ל",א.ל. ארמן ייצור תמרו,IL,שמפו קרטין,מיליליטרים,750.00,"100 מ""ל",false,0,25.50,3.40,true,1,
7290014901254,false,"מרכך קרטין לאחר החלקה ועיצוב בחום סטייל 750 מ""ל",א.ל ארמן ייצור תמרוק,IL,מרכך קרטין,מיליליטרים,750.00,"100 מ""ל",false,0,25.50,3.40,true,1,
7290014901278,false,סטייל סרום קרטין 100 מל לאחר החלקה,ג'נרל מילס סאן אדריא,IL,סרום קרטין,מיליליטרים,100.00,"100 מ""ל",false,1,39.20,39.20,true,1,
7290014901308,false,"סנסודיין משחת שיניים להגנה מלאה 75 מ""ל - סדרת פרמיום","סמית קליין ביצ'ם בע""",GB,משחת סנסודיין,מיליליטרים,75.00,"100 מ""ל",false,0,18.00,24.00,true,1,
7290014901896,false,"מי פה סנסודיין מנטה מרענן 500 מ""ל",גלקסוסמיתקליין,GB,סנסודיין מי פה,מיליליטרים,500.00,"100 מ""ל",false,1,17.00,3.40,true,1,
7290014949744,false,"אוטן טרופי ספריי יבש ל- 8שעות 100מ""ל",מיוצר עי קונדיטוריית,PL,אוטן ספריי,מיליליטרים,100.00,"100 מ""ל",false,0,22.90,22.90,true,1,
7290014949768,false,אוטן אפטר בייט 25 מ''ל,המאפיה של הרמן,IT,אוטן אפטר בייט,מיליליטרים,25.00,"100 מ""ל",false,0,22.90,91.60,true,1,
7290014952935,false,מאמי קייר מגבוני אף ופנים אקולוגים ומתכל,מאמי קר,IL,מאמי קר מגבונים,יחידה,1.00,יחידה,false,1,11.00,11.00,true,1,
7290014989689,false,בליסטקס ליפ בריליאנס,מדיליין פריגו,US,בליסטקס ליפ בריל,יחידה,1.00,יחידה,false,0,8.40,8.40,true,1,
7290015025942,false,"קרם ידיים קלאסי עם שמן שקדים פנג'ל 80 מ""ל",מיוצר עי קונדיטוריית,IL,קרם ידיים פנג'ל,מיליליטרים,80.00,"100 מ""ל",false,1,7.00,8.75,true,1,
7290015081634,false,אולטרסול FREE קרם גל לפנים SPF30 50,פישר מעבדות פרמצבטיות בע,IL,אולטרסול קרם,מיליליטרים,50.00,"100 מ""ל",false,0,38.30,76.60,true,1,
7290015081948,false,אולטרסול ספורט MAX קרם גל לפנים 75 SPF50,פישר מעבדות פרמצבטיות בע,IL,אולטרסול קידס,מיליליטרים,75.00,"100 מ""ל",false,1,42.00,56.00,true,1,
7290015155823,false,מחית תפוחי עץ חטיפטף ללא תוספת סוכר,פרוטה פודיווין איי.א,CZ,חטיפטף פרינוק,גרמים,120.00,100 גרם,false,1,4.20,3.50,true,1,
7290015155830,false,מחית תפוחי עץ ובננה חטיפטף ללא תוספת סוכר,פרוטה פודווין איי.אס,CZ,חטיפטף פרינוק,גרמים,120.00,100 גרם,false,1,4.20,3.50,true,1,
7290015155847,false,מחית סלט פירות חטיפטף ללא תוספת סוכר,פרוטה פודיווין איי.א,CZ,חטיפטף פרינוק,גרמים,120.00,100 גרם,false,1,4.20,3.50,true,1,
7290015156769,false,מחית פרינוק פאוץ' תפוח ואוכמניות 120 גרם,פרוטה פודווין איי.אס,CZ,פאוץ' פרינוק תפו,גרמים,120.00,100 גרם,false,1,4.20,3.50,true,1,
7290015156776,false,מחית פירות טרופיים חטיפטף ללא תוספת סוכר,פרוטה פודווין איי.אס,CZ,חטיפטף פרינוק,גרמים,120.00,100 גרם,false,1,4.20,3.50,true,1,
7290015156790,false,מחית לפתן פירות חטיפטף ללא תוספת סוכר,פרוטה פודווין איי.אס,CZ,חטיפטף פרינוק,גרמים,120.00,100 גרם,false,1,4.20,3.50,true,1,
7290015156813,false,פאוץ' מחית פירות מעורבים פרינוק 120 גרם,פרוטה פודווין איי.אס,CZ,חטיפטף פרינוק,גרמים,120.00,100 גרם,false,1,4.20,3.50,true,1,
7290015176361,false,מברשת שיניים חשמלית למבוגרים-FJ-TBFJ-ABLUE,פוג'יקום,CN,מברשת שיניים,יחידה,1.00,יחידה,false,1,25.50,25.50,true,1,
7290015176378,false,מברשת שיניים חשמלית למבוגרים-FJ-TBFJ-APURPLE,פוג'יקום,CN,מברשת שיניים,יחידה,1.00,יחידה,false,1,25.50,25.50,true,1,
7290015176385,false,מברשת שיניים חשמלית לילדים בצבע כחול,פוג'יקום,CN,מברשת שיניים,יחידה,1.00,יחידה,false,1,25.50,25.50,true,1,
7290015176392,false,מברשת שיניים חשמלית פוג'יקום לילד ורוד,פוג'יקום,CN,מברשת שיניים,יחידה,1.00,יחידה,false,1,25.50,25.50,true,1,
7290015176491,false,כבל מקצועי לאייפון יח',פוג'יקום,CN,כבל מקצועי לאיפו,יחידה,1.00,יחידה,false,1,46.90,46.90,true,1,
7290015293624,false,קמיל בלו NATURE אל סבון ושמפו לתינוק 400,פישר מעבדות פרמצבטיות בע,IL,אל סבון ושמפו,מיליליטרים,400.00,"100 מ""ל",false,1,21.20,5.30,true,1,
7290015348096,false,"למברוסקו רוזה 750 מ""ל ""אמיליאנו""",גאטטיקו איטליה,IL,למברוסקו,מיליליטרים,750.00,"100 מ""ל",false,1,23.80,3.17,true,1,
7290015366250,false,"סטייל - ספריי קרטין לשיער 120 מ""ל",א.ל. ארמן,IL,ספריי קרטין,מיליליטרים,100.00,"100 מ""ל",false,1,29.80,29.80,true,1,
7290015366663,false,"משחת שיניים מנטה עדין אקווה פרש 100 מ""ל",גלקסוסמיתקליין,SK,משחה אקווה פרש,מיליליטרים,100.00,"100 מ""ל",false,1,6.50,6.50,true,1,
7290015366670,false,משחת שיניים הגנה משולשת מנטה מרענן,גלקסוסמיתקליין,SK,משחה אקווה פרש,מיליליטרים,100.00,"100 מ""ל",false,1,6.50,6.50,true,1,
7290015366717,false,"מסיכה לשיער ארגן קוקוס סטייל 500 מ""ל",א.ל ארמן יצור תמרוקים,IL,מסכה סטייל,מיליליטרים,500.00,"100 מ""ל",false,1,24.70,4.94,true,1,
7290015366731,false,סטייל שמן ארגן קוקוס 120 מל,א.ל ארמן,IL,שמן לשיער סטייל,מיליליטרים,120.00,"100 מ""ל",false,1,40.00,33.33,true,1,
7290015366748,false,"שמן לשיער ארגן קוקוס סטייל 120 מ""ל",א.ל ארמן,IL,שמן לשיער סטייל,מיליליטרים,120.00,"100 מ""ל",false,1,41.70,34.75,true,1,
7290015414203,false,מאליס מארז מסכות,מאליס מסכה,IL,מארז מסכות בד,יחידה,1.00,יחידה,false,0,58.90,58.90,true,1,
7290015414210,false,מאליס מארז מסיכות יח',מאליס מסכה,IL,מאליס מארז מסיכה,יחידה,1.00,יחידה,false,1,58.90,58.90,true,1,
7290015414272,false,קרם פנים סילק מויסטר50מל,,IL,קרם פנים סילק מו,מיליליטרים,50.00,"100 מ""ל",false,1,58.90,117.80,true,1,
7290015414425,false,סרום למיצוק הפחתת קמט50מ,מאליס מסכה,IL,סרום מיצוק קמטים,מיליליטרים,30.00,"100 מ""ל",false,0,58.90,196.33,true,1,
7290015414432,false,מאליס קרם עיניים 30 מל,מאליס מסכה,IL,מאליס קרם עיניים,מיליליטרים,30.00,"100 מ""ל",false,1,58.90,196.33,true,1,
7290015414456,false,מסכת אצות מתקלפת יחידה,,IL,מסכת אצות מתקלפת,יחידה,1.00,יחידה,false,1,58.90,58.90,true,1,
7290015414463,false,גולדן קיט,מאליס מסכה,IL,גולדן קיט,יחידה,1.00,יחידה,false,1,58.90,58.90,true,1,
7290015424882,false,פמינה מגבונים אינטימיים 20 יח TO GO,פמינה,IL,מגבונים פמינה,יחידה,1.00,יחידה,false,1,12.70,12.70,true,1,
7290015470391,false,קרם ידיים מועשר בשמן זית לעור רגיל עד יבש,אינטרקוסמא,IL,קרם ידיים פנג'ל,מיליליטרים,100.00,"100 מ""ל",false,1,10.10,10.10,true,1,
7290015550727,false,קפיץ להסרת שיער רייס ורוד,מג'יק,CN,קפיץ וי להסרת שי,יחידה,1.00,יחידה,false,0,67.00,67.00,true,1,
7290015596831,false,"ד""ר פישר EFFECTIVE CARE קרם גוף בשמן אבוקדו 450 מ""ל",פישר מעבדות פרמצבטיות בע,IL,קרפ גוף אפקטיב,מיליליטרים,450.00,"100 מ""ל",false,1,21.20,4.71,true,1,
7290015683227,false,פוג'יקום מטען ביתי לאייפון 5 2.4A+מתאם מקורי C48,פוג'יקום,CN,מטען לבית אייפון,יחידה,1.00,יחידה,false,1,80.20,80.20,true,1,
7290015683586,false,פוג'יקום מטען TYPE C לבית,פוג'יקום,CN,מטען ביתי A 2.4,יחידה,1.00,יחידה,false,1,80.20,80.20,true,1,
7290015733205,false,תרכובת מזון לתינוקות חלבי שלב 1 אקסטרה קר מהדרין,נסטלה,IL,מטרנה אקסטרה,גרמים,700.00,100 גרם,false,1,49.80,7.11,true,1,
7290015733229,false,תרכובת מזון לתינוקות חלבי שלב 2 אקסטרה קר מהדרין,מטרנה,IL,מטרנה אקסטרה,גרמים,700.00,100 גרם,false,1,49.80,7.11,true,1,
7290015733243,false,מטרנה אקסטרה קייר מהדרין שלב 3 700 גרם,מטרנה תעשיות ש.מ.,IL,מטרנה אקסטרה,גרמים,700.00,100 גרם,false,1,49.80,7.11,true,1,
7290015733427,false,מטרנה דייסת גם וגם וניל פרו12*300ג 2019,מולינו ניקולי s.p.a,IL,דייסת מטרנה,גרמים,300.00,100 גרם,false,1,17.00,5.67,true,1,
7290015733441,false,מטרנה דייסת גם וגם דגנים פרו 300 גר',מטרנה תעשיות ש.מ,IL,דייסת מטרנה,גרמים,300.00,100 גרם,false,1,17.00,5.67,true,1,
7290015733465,false,דייסת מטרנה גם וגם קרנפלור פרו 300 גרם,מטרנה תעשיות ש.מ,IL,דייסת מטרנה,גרמים,300.00,100 גרם,false,1,17.00,5.67,true,1,
7290015733939,false,"תרכובת מזון A.R על בסיס חלבי בתוספת עמילן תפו""א ותירס",מטרנה תעשיות ש.מ.,IL,מטרנה AR,גרמים,700.00,100 גרם,false,1,68.00,9.71,false,1,
7290015733977,false,תרכובת מזון קומפורט על בסיס חלבי דל לקטוז,מטרנה תעשיות ש.מ.,IL,מטרנה קומפורט עם,גרמים,700.00,100 גרם,false,1,59.00,8.43,false,1,
7290015793469,false,"קרם להקלה בגירוי, צריבה ותפרחת חיתולים לעור רגיש",אורה קרם,IL,אורה קרם שפורפרת,גרמים,90.00,100 גרם,false,1,17.00,18.89,true,1,
7290015793476,false,אורה קרם - משחה לתפרחת חיתולים,אורה קרם,IL,אורה קרם שפורפרת,גרמים,200.00,100 גרם,false,1,27.20,13.60,true,1,
7290015848985,false,אולטרסול קרם פנים קידס 75/+50,פישר מעבדות פרמצבטיות בע,IL,אולטרסול,מיליליטרים,75.00,"100 מ""ל",false,1,42.00,56.00,true,1,
7290015848992,false,"ד""ר פישר - אולטרסול קרם פנים קידס 75 מ""ל 50SPF",פישר מעבדות פרמצבטיות בע,IL,אולטרסול לפנים,מיליליטרים,75.00,"100 מ""ל",false,1,34.10,45.47,true,1,
7290015968386,false,נשכן נובי שרשרת ספארי,LTD E.L.CO,CN,נשכן נובי,יחידה,1.00,יחידה,false,1,46.90,46.90,true,1,
7290015968393,false,נשכן בננה מ.שיניים נובי,LTD E.L.CO,CN,נשכן בננה נובי,יחידה,1.00,יחידה,false,1,42.60,42.60,true,1,
7290016077810,false,דורסל סוללה למכשירי שמיע,דורסל,DE,דורסל סוללה,יחידה,1.00,יחידה,false,1,25.50,25.50,true,1,
7290016077827,false,דורסל סוללה למכשירי שמיע,דורסל,DE,דורסל סוללה,יחידה,1.00,יחידה,false,1,27.20,27.20,true,1,
7290016094084,false,"אולטרסול מבוגרים קוליפה ספריי שקוף SPF 30,200 מ",פישר מעבדות פרמצבטיות בע,IL,אולטרסול,מיליליטרים,200.00,"100 מ""ל",false,1,42.00,21.00,true,1,
7290016094091,false,"אולטרסול קידס קוליפה ספריי שקוף SPF 30,200 מ""ל",פישר מעבדות פרמצבטיות בע,IL,אולטרסול ספריי,מיליליטרים,200.00,"100 מ""ל",false,1,42.00,21.00,true,1,
7290016094961,false,"ד""ר פישר - אולטרסול בייבינטורל קרם פנים 50 מ""ל 50SPF+",פישר מעבדות פרמצבטיות בע,IL,אולטרסול,מיליליטרים,50.00,"100 מ""ל",false,1,46.90,93.80,true,1,
7290016197600,false,דיפנד - תחבושת לנשים נורמל 12 יח',קימברלי קלארק,VN,תחבושות דיפנד,יחידה,1.00,יחידה,false,1,18.70,18.70,true,1,
7290016197624,false,תחבושות לנשים סופר דיפנד 8 יחידות,קימברלי קלארק,VN,תחבושות דיפנד,יחידה,1.00,יחידה,false,1,18.70,18.70,true,1,
7290016244984,false,שמן גזר מור עם ויטמין E,,IL,שמן גזר מור,מיליליטרים,250.00,"100 מ""ל",false,1,19.50,7.80,true,1,
7290016299021,false,"ARGANIA מרכך טיפולי חומצה היאלרונית וקרטין ללא SLS ללא פארבן ללא מלחים ללא רכיבים מן החי 450 מ""ל",ארגניה יצור ושיווק,IL,מרכך טיפולי חומצ,מיליליטרים,450.00,"100 מ""ל",false,1,33.20,7.38,true,1,
7290016299076,false,"ARGANIA שמפו טיפולי חומצה היאלרונית וקרטין ללא SLS ללא פארבן ללא מלחים ללא רכיבים מן החי 450 מ""ל",ארגניה יצור ושיווק,IL,שמפו טיפולי חומצ,מיליליטרים,450.00,"100 מ""ל",false,1,33.20,7.38,true,1,
7290016299151,false,ארגניה סרום ארגן 100 מל,ארגניה יצור ושיווק,IL,סרום ארגן,מיליליטרים,100.00,"100 מ""ל",false,1,41.70,41.70,true,1,
7290016299168,false,"ARGANIA סרום קיק לחיזוק שורש השערה 100 מ""ל",ארגניה,IL,סרום קיק לחיזוק,מיליליטרים,100.00,"100 מ""ל",false,1,41.70,41.70,true,1,
7290016299199,false,ארגניה סרום חומצה היאלורונית וקרטין 100,ארגניה,IL,סרום חומצה היאלר,מיליליטרים,100.00,"100 מ""ל",false,1,41.70,41.70,true,1,
7290016299359,false,"ARGANIA - מרכך ארגן לכל סוגי השיער ללא ס.ל.ס 450 מ""ל",ארגניה יצור ושיווק,IL,מרכך ארגן ללאSLS,מיליליטרים,450.00,"100 מ""ל",false,1,33.20,7.38,true,1,
7290016299403,false,"ARGANIA - קרם לחות לשיער המועשר בשמן קיק ללא ס.ל.ס 400 מ""ל",ארגניה,IL,קרם לחות שמן קיק,מיליליטרים,400.00,"100 מ""ל",false,1,38.30,9.58,true,1,
7290016299410,false,ארגניה שמפו חומצה היאלורונית וחמאת שיאה,ארגניה יצור ושיווק,IL,שמפו לשיער מתולת,מיליליטרים,450.00,"100 מ""ל",false,1,33.20,7.38,true,1,
7290016299618,false,"ARGANIA שמפו קיק ללא מלחים ,ללא SLS ,ללא פארבן 450 מ""ל",ארגניה יצור ושיווק,IL,שמפו קיק,מיליליטרים,450.00,"100 מ""ל",false,1,33.20,7.38,true,1,
7290016299625,false,ארגניה מסכת קיק ללא שטיפה 250 מל,ארגניה,IL,מסיכת קיק,מיליליטרים,250.00,"100 מ""ל",false,1,39.70,15.88,true,1,
7290016299632,false,"ARGANIA - שמפו ארגן לכל סוגי השיער ללא ס.ל.ס 450 מ""ל",ארגניה יצור ושיווק,IL,שמפו לשיער ללא S,מיליליטרים,450.00,"100 מ""ל",false,1,33.20,7.38,true,1,
7290016299663,false,"שמן קיק בכבישה קרה ארגניה 100 מ""ל",,IL,שמן קיק,מיליליטרים,100.00,"100 מ""ל",false,1,17.00,17.00,true,1,
7290016299687,false,ארגניה מרכך חומצה היאלורונית וחמאת שיאה,ארגניה יצור ושיווק,IL,מרכך לשיער מתולת,מיליליטרים,450.00,"100 מ""ל",false,1,33.20,7.38,true,1,
7290016299731,false,ARGANIA ערכת מארז WTF,ארגניה יצור ושיווק,IL,מארז WTF,יחידה,1.00,יחידה,false,1,118.80,118.80,true,1,
7290016299755,false,"ARGANIA מרכך קיק ללא מלחים ,ללא SLS ,ללא פארבן 400 מ""ל",ארגניה יצור ושיווק,IL,מרכך קיק,מיליליטרים,450.00,"100 מ""ל",false,1,33.20,7.38,true,1,
7290016299878,false,"ARGANIA מסיכה טיפולית לשיער מעושר בחומצה האילרונית וקרטין ללא SLS 500 מ""ל",ארגניה יצור ושיווק,IL,מסיכה טיפולית לש,מיליליטרים,500.00,"100 מ""ל",false,1,38.30,7.66,true,1,
7290016299885,false,"ARGANIA מסיכה קיק לחיזוק השורש והשיערה 500 מ""ל",שיווק TEVACOM,IL,מסיכת קיק,מיליליטרים,500.00,"100 מ""ל",false,1,38.30,7.66,true,1,
7290016299892,false,"ARGANIA - מסיכה מקצועית לשיער קרטין וארגן 500 מ""ל",ארגניה יצור ושיווק,IL,מסיכה לשיער קרטי,מיליליטרים,500.00,"100 מ""ל",false,1,38.30,7.66,true,1,
7290016321531,false,מגע הדבש רצועות שעווה אלוורה 12 יח,שוורצקוף& הנקל דיסלד,IL,12רצועות שעווה,יחידה,1.00,יחידה,false,1,24.70,24.70,true,1,
7290016321548,false,מגע המשי רצועות שעווה 16+2קמומיל,ש.שוורץ,ES,רצועות שעווה לגו,יחידה,1.00,יחידה,false,1,24.70,24.70,true,1,
7290016321661,false,פרש וואנס SENSITIVE מגבונים ללא בישום רביעייה 72 יחידות,עלבד משואות יצחק,IL,פרש וואנס 4יח,יחידה,1.00,יחידה,false,1,16.10,16.10,true,1,
7290016321678,false,מגבונים לחים בניחוח מרענן עם תמציות קמומיל ואלוורה,עלבד משואות יצחק,IL,פרש וואנס 4 יח,יחידה,1.00,יחידה,false,1,16.10,16.10,true,1,
7290016321777,false,מגע הדבש רצועות שעווה לפנים אלוורה 20 יח,שוורצקוף& הנקל דיסלד,IL,רצועות שעווה לפנ,יחידה,1.00,יחידה,false,1,24.70,24.70,true,1,
7290016329261,false,סרקל מתיר קשרים ספריי רציףף 300 מ'ל,פישר מעבדות פרמצבטיות בע,IL,סרקל מתיר קשרים,מיליליטרים,300.00,"100 מ""ל",false,1,21.20,7.06,true,1,
7290016329278,false,קמיל בלו מגבונים מילוי 64 יח רביעייה,פישר מעבדות פרמצבטיות בע,IL,מגבונים קמיל בלו,יחידה,1.00,יחידה,false,1,15.20,15.20,true,1,
7290016329308,false,"ד""ר פישר - סרקל קרם רוזמרין לשיער מתולתל 325 מ""ל",פישר מעבדות פרמצבטיות בע,IL,סרקל מתיר קשרים,מיליליטרים,325.00,"100 מ""ל",false,1,22.00,6.77,true,1,
7290016329315,false,סרקל ספריי מתיר קשרים לילדים לשיער מתולתל,פישר מעבדות פרמצבטיות בע,IL,סרקל מתיר קשרים,מיליליטרים,300.00,"100 מ""ל",false,1,21.20,7.06,true,1,
7290016329674,false,קמיל בלו קרם פנים לתינוק לעור יבש במיוחד,פישר מעבדות פרמצבטיות בע,IL,קרם פנים קמיל,מיליליטרים,75.00,"100 מ""ל",false,1,25.50,34.00,true,1,
7290016350005,false,דאו סטיק גבר בלו וויב80מ,א.משי תעשיות,IL,דאו סטיק לגבר,מיליליטרים,80.00,"100 מ""ל",false,1,12.70,15.88,true,1,
7290016429992,false,"ד""ר פישר - אלכוג'ל במארז סיליקון עם דמות 30 מ""ל",פישר מעבדות פרמצבטיות בע,IL,אלכוג'ל,מיליליטרים,30.00,"100 מ""ל",false,1,14.40,48.00,true,1,
7290016437416,false,דיפנד - גזרה גבוה תחתון מדיום נשים 18 יח',KC Vietnam,IL,תחתון דיפנד,יחידה,1.00,יחידה,false,1,58.00,58.00,true,1,
7290016437454,false,דיפנד - גזרה גבוה תחתון מדיום גברים 18 יח',General,IL,תחתון דיפנד,יחידה,1.00,יחידה,false,1,58.00,58.00,true,1,
7290016437591,false,קוטקס - תחתונים סופגים לנשים לאחר לידה מדיום 8 יח',חוגלה קימברלי,KR,תחתונים סופגים,יחידה,1.00,יחידה,false,0,31.50,31.50,true,1,
7290016437645,false,חיתולי האגיס פרידום דריי pants מידה 5 34 יחידות,קימברלי קלארק צ'כיה,CZ,חיתולי האגיס,יחידה,1.00,יחידה,false,1,41.70,41.70,true,1,
7290016437652,false,חיתולי האגיס פרידום דריי pants מידה 6 30 יחידות,קימברלי קלארק צ'כיה,CZ,חיתולי האגיס,יחידה,1.00,יחידה,false,1,41.70,41.70,true,1,
7290016437706,false,שקיות אשפה לפחים גדולים בניחוח מרכך כביסה 40 יחי',חוגלה קימברלי,IL,שקיות אשפה L,יחידה,1.00,יחידה,false,1,22.10,22.10,true,1,
7290016509786,false,פרסיל גל לכביסה לבנה וצבעונית-ירוק 2.5 ל,"הנקל סוד בע""\מ",IL,ג'ל כביסה פרסיל,ליטרים,2.50,ליטר,false,1,25.50,10.20,true,1,
7290016564266,false,מבריקל הפלא כיסוי הפלא 3,פארמה דיל,IL,מבריקל הפלא כיסו,יחידה,1.00,יחידה,false,1,11.00,11.00,true,1,
7290016621013,false,"ד""ר פישר - קרם גוף קמיל בלו 500 מ""ל",פישר מעבדות פרמצבטיות בע,IL,קרם גוף קמיל בלו,מיליליטרים,500.00,"100 מ""ל",false,1,17.00,3.40,true,1,
7290016621341,false,אל סבון היגייני לניקוי יסודי קמיל Clean & Moisture,פישר מעבדות פרמצבטיות בע,IL,אל סבון קמיל,ליטרים,1.00,ליטר,false,1,13.50,13.50,true,1,
7290016621358,false,"ד""ר פישר - קמיל אל סבון ניקיון והזנה ורוד 1 ליטר",פישר מעבדות פרמצבטיות בע,IL,אל סבון קמיל,ליטרים,1.00,ליטר,false,1,13.50,13.50,true,1,
7290016621365,false,אל סבון היגייני לניקוי יסודי קמיל Clean & Moisture,פישר מעבדות פרמצבטיות בע,IL,אל סבון קמיל,ליטרים,1.00,ליטר,false,1,13.50,13.50,true,1,
7290016621495,false,אולטרסול תחליב הגנה לילדים +SPF50,פישר מעבדות פרמצבטיות,IL,אולטרסול,מיליליטרים,250.00,"100 מ""ל",false,1,51.00,20.40,true,1,
7290016692150,false,"סבון טבעי לניקוי בקבוקים, מוצצים ומשאבות חלב",מאמי קר Mommy Care,IL,סבון לניקוי,מיליליטרים,500.00,"100 מ""ל",false,0,40.00,8.00,true,1,
7290016692198,false,מאמי קייר משחת החתלה קלנדולה קלאסיק,מאמי קר Mommy Care,IL,קלאסיק משחת החתל,מיליליטרים,120.00,"100 מ""ל",false,1,20.00,16.67,true,1,
7290016732672,false,מברשת שיניים סנסודיין הגנה מלאה,גלקסוס סמית קליין,CN,מברשת סנסודיין,יחידה,1.00,יחידה,false,1,21.20,21.20,true,1,
7290016866643,false,פרודונטקס מ.שיניים אקסטרה פרש 75 מל,פרודונטקס Parodontax,SK,משחה פרודונטקס,מיליליטרים,75.00,"100 מ""ל",false,1,27.20,36.27,true,1,
7290016866650,false,"פרודונטקס - משחת שיניים אוריג'ינל 75 מ""ל",פרודונטקס Parodontax,SK,משחה פרודונטקס,מיליליטרים,75.00,"100 מ""ל",false,1,27.20,36.27,true,1,
7290016866667,false,"פרודונטקס - משחת שיניים ללא פלאוריד 75 מ""ל",פרודונטקס Parodontax,SK,משחה פרודונטקס,מיליליטרים,75.00,"100 מ""ל",false,1,27.20,36.27,true,1,
7290016866674,false,"פרודונטקס - משחת שיניים מלבינה 75 מ""ל",פרודונטקס Parodontax,SK,משחה פרודונטקס,מיליליטרים,75.00,"100 מ""ל",false,1,27.20,36.27,true,1,
7290016866704,false,סטייל שמפו קרטין E 750 מל לשיקום שיער יב,סטייל Style,IL,שמפו קרטין,מיליליטרים,750.00,"100 מ""ל",false,1,25.50,3.40,true,1,
7290016866711,false,"סטייל מרכך לשיער קרטין פלוס לאחר החלקה, 750 מ""ל",סטייל Style,IL,מרכך קרטין,מיליליטרים,750.00,"100 מ""ל",false,1,25.50,3.40,true,1,
7290016866728,false,סטייל מסכה קרטין E 500 מל לשיקום שיער יב,סטייל Style,IL,מסכה קרטין,מיליליטרים,500.00,"100 מ""ל",false,1,29.80,5.96,true,1,
7290016866735,false,סטייל קרם לחות קרטין E 400 מל לשיקום שיע,א.ל. ארמן,IL,קרם לחות קרטין,מיליליטרים,400.00,"100 מ""ל",false,1,29.80,7.45,true,1,
7290016912494,false,"ד""ר פישר - אפקטיב קר תרחיץ פנים לכל סוגי העור 180 מ""ל",פישר מעבדות פרמצבטיות בע,IL,תרחיץ פנים,מיליליטרים,180.00,"100 מ""ל",false,1,14.00,7.78,true,1,
7290016912500,false,"ד""ר פישר - אפקטיב קר תרחיץ פנים לעור רגיש 180 מ""ל",פישר מעבדות פרמצבטיות בע,IL,תרחיץ פנים,מיליליטרים,180.00,"100 מ""ל",false,1,14.00,7.78,true,1,
7290016912609,false,"סרקל מסיכת הזנה לשיער ילדים 200 מ""ל",פישר מעבדות פרמצבטיות בע,IL,מסכת סרקל,מיליליטרים,200.00,"100 מ""ל",false,1,22.10,11.05,true,1,
7290016932775,false,קרם לחות לפנים לגבר 50מל,א.משי תעשיות,IL,קרם לחות לפנים,מיליליטרים,50.00,"100 מ""ל",false,1,21.20,42.40,true,1,
7290017002149,false,פראנס ביוטי שעווה למיקרוגל פנים שחור70גר,נורוליס,IT,השעווה למיקרוגל,גרמים,70.00,100 גרם,false,1,21.20,30.29,true,1,
7290017031477,false,"סנסודיין משחת שיניים רפיד רליף להלבנה 75 מ""ל","סמיתקליין ביצ'ם בע""מ",GB,משחת סנסודיין,מיליליטרים,75.00,"100 מ""ל",false,1,18.00,24.00,true,1,
7290017031705,false,"סנסודיין משחת שיניים קלין & פרש 75 מ""ל",גלקסוס סמית קליין,SK,משחת סנסודיין,מיליליטרים,75.00,"100 מ""ל",false,1,16.00,21.33,true,1,
7290017031811,false,פרודונטקס מברשת שיניים אקסטרא סופט א.זוג,גלקסוסמיתקליין,CN,מברשות פרודונטקס,יחידה,1.00,יחידה,false,1,17.00,17.00,true,1,
7290017031859,false,"פרודונטקס - משחת שיניים אולטרא קלין 75 מ""ל","מאסטרפוד אוסטריה בע""מ",SK,משחת פרודונטקס,מיליליטרים,75.00,"100 מ""ל",false,1,27.20,36.27,true,1,
7290017088051,false,בייביסיטר - חיתולי סטנדרט מידה 3 - 52 יח',די.פי.אל תעשיות מוצרים ח,IL,חיתולי בייביסיטר,יחידה,1.00,יחידה,false,1,28.10,28.10,true,1,
7290017088099,false,בייביסיטר - חיתולי סטנדרט מידה 6 - 30 יח',די.פי.אל תעשיות מוצרים ח,IL,חיתולי בייביסיטר,יחידה,1.00,יחידה,false,1,28.10,28.10,true,1,
7290017088327,false,רבעיית מגבונים בייביסיטר אקסטרא סופט ללא בישום 64 יחידות,די.פי.אל בעמ,IL,מגבוני בייביסיטר,יחידה,1.00,יחידה,false,1,13.50,13.50,true,1,
7290017088341,false,מגבון דוחה יתושים 20 יח',נאופארם,IL,מגבון דוחה יתושי,יחידה,1.00,יחידה,false,1,17.00,17.00,true,1,
7290017088464,false,תחבושות סופגנית מקסי לונג טופ פד 20 יח',D.P.L,IT,טופ פד,יחידה,1.00,יחידה,false,1,17.00,17.00,true,1,
7290017088495,false,תחבושות טופ פד אקסטרה 20 יח',D.P.L,IT,טופ פד,יחידה,1.00,יחידה,false,1,8.40,8.40,true,1,
7290017088501,false,תחבושות טופ פד אקסטרה לונג 20 יח',D.P.L,IT,טופ פד,יחידה,1.00,יחידה,false,1,8.40,8.40,true,1,
7290017088693,false,קוויק מטליות לחות לניקוי וחיטוי רצפות ניחוח לוונדר 10 יחידות,די.פי.אל,IL,מגבונים לרצפה,יחידה,1.00,יחידה,false,1,8.50,8.50,true,1,
7290017088815,false,בריז תחבושות לבריחת שתן נורמל 12 יח,ניאופארם,IT,בריז תחבושות שתן,יחידה,1.00,יחידה,false,1,16.10,16.10,true,1,
7290017088822,false,BREEZE תחבושות לבריחת שתן אקסטרה (10 יח'),ניאופארם,IT,בריז תחבושות שתן,יחידה,1.00,יחידה,false,1,16.10,16.10,true,1,
7290017088839,false,BREEZE תחבושות לבריחת שתן אקסטרה פלוס (8 יח'),ניאופארם,IT,בריז תחבושות שתן,יחידה,1.00,יחידה,false,1,16.10,16.10,true,1,
7290017088846,false,BREEZE תחבושות לבריחת שתן מקסי (8 יח'),ניאופארם,IT,בריז תחבושות שתן,יחידה,1.00,יחידה,false,1,16.10,16.10,true,1,
7290017088853,false,BREEZE תחתונים לבריחת שתן מידה M יח' 14,ניאופארם,IT,בריז תחתונים,יחידה,1.00,יחידה,false,1,58.00,58.00,true,1,
7290017088877,false,BREEZE תחתונים לבריחת שתן מידה XL יח' 14,ניאופארם,IT,בריז תחתונים,יחידה,1.00,יחידה,false,1,58.00,58.00,true,1,
7290017088969,false,חיתולי בייביסיטר ניו בורן מידה 1 42 יח',די.פי.אל תעשיות מוצרים ח,IL,חיתול דק מידה 1,יחידה,1.00,יחידה,false,1,22.90,22.90,true,1,
7290017088983,false,חיתולי בייביסיטר ניו בורן מידה 2 38 יחי',די.פי.אל תעשיות מוצרים ח,IL,חיתול דק מידה 2,יחידה,1.00,יחידה,false,1,22.90,22.90,true,1,
7290017197029,false,אל סבון la belle מאסק לבן 1 ל,,IL,אל סבון מאסק לבן,ליטרים,1.00,ליטר,false,0,8.40,8.40,true,1,
7290017407012,false,ESTER QUEEN שפתון מט יח',,IL,ESTER QUEEN שפתו,יחידה,1.00,יחידה,false,1,39.90,39.90,true,1,
7290017407029,false,POLIYA שפתון מט יח',,IL,POLIYA שפתון מט,יחידה,1.00,יחידה,false,1,39.90,39.90,true,1,
7290017407036,false,JULLE שפתון מט יח',,IL,JULLE שפתון מט,יחידה,1.00,יחידה,false,1,39.90,39.90,true,1,
7290017407050,false,HANAL'E שפתון מט יח',,IL,HANAL'E שפתון מט,יחידה,1.00,יחידה,false,1,39.90,39.90,true,1,
7290017407067,false,LOREN שפתון מט יח',,IL,LOREN שפתון מט,יחידה,1.00,יחידה,false,1,39.90,39.90,true,1,
7290017407074,false,MELDI שפתון מט יח',,IL,MELDI שפתון מט,יחידה,1.00,יחידה,false,1,39.90,39.90,true,1,
7290017407081,false,MY MAY שפתון מט יח',,IL,MY MAY שפתון מט,יחידה,1.00,יחידה,false,1,39.90,39.90,true,1,
7290017407104,false,LEEN MY שפתון מט יח',,IL,LEEN MY שפתון מט,יחידה,1.00,יחידה,false,1,39.90,39.90,true,1,
7290017407142,false,שפתון נוזלי MAMA WONDER,,IL,שפתון נוזלי WON,יחידה,1.00,יחידה,false,1,39.90,39.90,true,1,
7290017407173,false,שפתון גלוס ALMA MI יח',,IL,שפתון גלוס AL MI,יחידה,1.00,יחידה,false,1,39.90,39.90,true,1,
7290017407180,false,שפתון גלוס AMOR MI יח',,IL,שפתון גלוס AM MI,יחידה,1.00,יחידה,false,1,39.90,39.90,true,1,
7290017407272,false,שפתון מט KIKI יח',,IL,שפתון מט KIKI,יחידה,1.00,יחידה,false,1,39.90,39.90,true,1,
7290017407296,false,שפתון מט LAYNEE יח',,IL,שפתון מט LAYNEE,יחידה,1.00,יחידה,false,1,39.90,39.90,true,1,
7290017407302,false,CAVALLO מארז בושם לשיער,,IL,מארז בושם לשיער,יחידה,1.00,יחידה,false,1,39.90,39.90,true,1,
7290017407319,false,BIANCA מארז בושם לשיער,,IL,מארז בושם לשיער,יחידה,1.00,יחידה,false,1,39.90,39.90,true,1,
7290017407357,false,A3 מייק אפ עמיד MOSCOW,,IL,A3 מייק אפ עמיד,יחידה,1.00,יחידה,false,1,39.90,39.90,true,1,
7290017407371,false,C3 מייק אפ עמיד TLV,,IL,C3 מייק אפ עמיד,יחידה,1.00,יחידה,false,1,39.90,39.90,true,1,
7290017407418,false,היילטייר שימר ANGEL,,IL,היילטיירANGEL,יחידה,1.00,יחידה,false,1,39.90,39.90,true,1,
7290017407425,false,היילטייר שימר ROSA,,IL,היילטייר שימר RO,יחידה,1.00,יחידה,false,1,39.90,39.90,true,1,
7290017407432,false,היילטייר שימרSOL LIGHTER,,IL,היילטייר שימרLIG,יחידה,1.00,יחידה,false,1,39.90,39.90,true,1,
7290017407449,false,היילטייר SM29 יח',,IL,היילטייר SM29,יחידה,1.00,יחידה,false,1,39.90,39.90,true,1,
7290017407463,false,ברונזר BR3 VOLCAN,,IL,ברונזר VOLCAN,יחידה,1.00,יחידה,false,1,39.90,39.90,true,1,
7290017407487,false,ברונזר BR21 FUEGO,,IL,ברונזר B FUEGO,יחידה,1.00,יחידה,false,1,39.90,39.90,true,1,
7290017407500,false,פודרה דחוסה PD5 KOKO,,IL,פודרה דחוסה KOK,יחידה,1.00,יחידה,false,1,39.90,39.90,true,1,
7290017407517,false,פודרה דחוסה PD7 KAKAO,,IL,פודרה דחוסה KAKA,יחידה,1.00,יחידה,false,1,39.90,39.90,true,1,
7290017407555,false,שפתון CREATIVE BE יח',,IL,שפתון CREATIV BE,יחידה,1.00,יחידה,false,1,39.90,39.90,true,1,
7290017407562,false,שפתון REAL BE יח',,IL,שפתון REAL BE,יחידה,1.00,יחידה,false,1,39.90,39.90,true,1,
7290017407579,false,שפתון YOURSELF BE יח',,IL,שפתון YOURSEL BE,יחידה,1.00,יחידה,false,1,39.90,39.90,true,1,
7290017407586,false,שפתון UNIQUE BE יח',,IL,שפתון UNIQUE BE,יחידה,1.00,יחידה,false,1,39.90,39.90,true,1,
7290017407593,false,שפתון STORNG BE יח',,IL,שפתון STORNG BE,יחידה,1.00,יחידה,false,1,39.90,39.90,true,1,
7290017407609,false,שפתון LOVING BE יח',,IL,שפתון LOVING BE,יחידה,1.00,יחידה,false,1,39.90,39.90,true,1,
7290017407616,false,SINS SEVENשפתון מט יח',,IL,SINS SEVENשפתון,יחידה,1.00,יחידה,false,1,39.90,39.90,true,1,
7290017407647,false,פודרה אבקתית יח',,IL,פודרה אבקתית coc,יחידה,1.00,יחידה,false,1,39.90,39.90,true,1,
7290017407654,false,פודרה אבקתית יח',,IL,פודרה אבקתית cle,יחידה,1.00,יחידה,false,1,39.90,39.90,true,1,
7290017407661,false,שימר נוזלי KISSE SUN יח',,IL,שימר נוזלי K SUN,יחידה,1.00,יחידה,false,1,39.90,39.90,true,1,
7290017407678,false,שימר נוזלי SHINING I'M י,,IL,שימר נוזלי S I'M,יחידה,1.00,יחידה,false,1,39.90,39.90,true,1,
7290017407685,false,שימר נוזלי ME PINKY יח',,IL,שימר נוזלי PINKY,יחידה,1.00,יחידה,false,1,39.90,39.90,true,1,
7290017407692,false,פיגמנט לגבות brown dark,,IL,פיגמנט לגבות dar,יחידה,1.00,יחידה,false,1,39.90,39.90,true,1,
7290017407708,false,פיגמנט לגבות army יח',,IL,פיגמנט לגבות arm,יחידה,1.00,יחידה,false,1,39.90,39.90,true,1,
7290017407715,false,פיגמנט לגבות brown honey,,IL,פיגמנט לגבות hon,יחידה,1.00,יחידה,false,1,39.90,39.90,true,1,
7290017407722,false,מסקרה ג'ל לגבות BRO DARK,,IL,מסקרה ג'ל לגבות,יחידה,1.00,יחידה,false,1,39.90,39.90,true,1,
7290017407739,false,מסקרה ג'ל לגבות ARMY יח',,IL,מסקרה ג'ל לגבות,יחידה,1.00,יחידה,false,1,39.90,39.90,true,1,
7290017407746,false,מסקרה ג'ל לגבות BR HONEY,,IL,מסקרה ג'ל לגבות,יחידה,1.00,יחידה,false,1,39.90,39.90,true,1,
7290017407838,false,מסקרה ג'ל שקופה INVISIBL,,IL,מסקרה ג'ל שקופה,יחידה,1.00,יחידה,false,1,39.90,39.90,true,1,
7290017407876,false,MAMAMIA שפתון סטיקMARYMA,,IL,MAMAMIA שפתון סט,יחידה,1.00,יחידה,false,1,39.90,39.90,true,1,
7290017407890,false,MAMAMIA שפתון סטיק 50 יח,,IL,MAMAMIA שפתון סט,יחידה,1.00,יחידה,false,1,39.90,39.90,true,1,
7290017407906,false,MAMAMIA שפתון סטיקMAMGER,,IL,MAMAMIA שפתון סט,יחידה,1.00,יחידה,false,1,39.90,39.90,true,1,
7290017407913,false,MAMAMIA שפתון סטיקTORI י,,IL,MAMAMIA שפתון סט,יחידה,1.00,יחידה,false,1,39.90,39.90,true,1,
7290017407968,false,belle LA מארז עיצוב גבות,,IL,belle LA מארז עי,יחידה,1.00,יחידה,false,1,39.90,39.90,true,1,
7290017407975,false,BELLACIAO איילנר יח',,IL,BELLACIAO איילנר,יחידה,1.00,יחידה,false,1,39.90,39.90,true,1,
7290017440231,false,סרקל שמפו לילדים לשיער מתולתל 1 ליטר,פישר מעבדות פרמצבטיות בע,IL,שמפו סרקל,ליטרים,1.00,ליטר,false,1,23.80,23.80,true,1,
7290017440248,false,סרקל מרכך לילדים לשיער מתולתל 1 ליטר,פישר מעבדות פרמצבטיות בע,IL,מרכך סרקל,ליטרים,1.00,ליטר,false,1,23.80,23.80,true,1,
7290017440279,false,"ד""ר פישר - קידס אל סבון ויטמינים 750 מ""ל",פישר תעשיות,IL,אל סבון ויטמינים,מיליליטרים,750.00,"100 מ""ל",false,1,14.40,1.92,true,1,
7290017440286,false,"ד""ר פישר - קידס מרכך ויטמינים 750 מ""ל","ד""ר פישר Dr fischer",IL,מרכך קידס,מיליליטרים,750.00,"100 מ""ל",false,1,14.40,1.92,true,1,
7290017440309,false,"ד""ר פישר - קידס שמפו ויטמינים 750 מ""ל","ד""ר פישר Dr fischer",IL,שמפו קידס,מיליליטרים,750.00,"100 מ""ל",false,1,14.40,1.92,true,1,
7290017440323,false,"ד""ר פישר - קידס שמפו + מרכך ויטמינים 750 מ""ל","ד""ר פישר Dr fischer",IL,שמפו+מרכך קידס,מיליליטרים,750.00,"100 מ""ל",false,1,14.40,1.92,true,1,
7290017440682,false,ד.פישר בלונד שמפו לשיער בהיר,"ד""ר פישר Dr fischer",IL,שמפו,מיליליטרים,400.00,"100 מ""ל",false,1,25.50,6.38,true,1,
7290017440736,false,"ד""ר פישר - אולטרסול ספורט מקס ספריי שקוף 300 מ""ל 30SPF",פישר תעשיות,IL,אולטרסול ספורט,מיליליטרים,300.00,"100 מ""ל",false,1,51.20,17.07,true,1,
7290017440798,false,ד.פישר סילבר מרכך לשיער כסוף 400 מל,קולגייט פלמוליב,IL,מרכך לשיער כסוף,מיליליטרים,400.00,"100 מ""ל",false,1,24.70,6.18,true,1,
7290017440804,false,ד.פישר סילבר מסכת הזנה לשיער כסוף 300 מ,מדי פישר,IL,מסכה לשיער,מיליליטרים,300.00,"100 מ""ל",false,1,34.10,11.37,true,1,
7290017445601,false,מחזק ציפורניים,,IL,מחזק ציפורניים,מיליליטרים,15.00,"100 מ""ל",false,1,42.60,284.00,true,1,
7290017457932,false,סוד מרכך כביסה מרוכז פרש קונטרול כחול,הנקל סוד,IL,סוד מרכך כחול,מיליליטרים,900.00,"100 מ""ל",false,1,11.00,1.22,true,1,
7290017589633,false,"רזרב גולד אדישיין קברנה סוביניון 750 מ""ל",יקבי ברקן Barkan,IL,קברנה רזרב גולד,מיליליטרים,750.00,"100 מ""ל",false,1,42.50,5.67,true,1,
7290017637426,false,שמפו למניעת קשקשים מיקי בוגנים 500 מל,סאסא קוסמטיקס,IL,MB שמפו קשקשים,מיליליטרים,500.00,"100 מ""ל",false,1,21.20,4.24,true,1,
7290017637556,false,שמפו לקרקפת שומנית מיקי בוגנים 500 מל,סאסא קוסמטיקס,IL,MBשמפו לשיער שמן,מיליליטרים,500.00,"100 מ""ל",false,1,21.20,4.24,true,1,
7290017637587,false,קרם לתלתלים מושלמים 200 מל בוגנים,סאסא קוסמטיקס,IL,MB תרסיס לשיער,מיליליטרים,200.00,"100 מ""ל",false,1,21.20,10.60,true,1,
7290017637594,false,שמפו יומיומי זיכרונות מתוקים 500 מל,סאסא קוסמטיקס,IL,MB שמפו לשיער,מיליליטרים,500.00,"100 מ""ל",false,1,21.20,4.24,true,1,
7290017637600,false,מרכך יומיומי זיכרונות מתוקים 500 מל,סאסא קוסמטיקס,IL,MB מרכך לשיער,מיליליטרים,500.00,"100 מ""ל",false,1,21.20,4.24,true,1,
7290017637617,false,מסיכת הזנה לשיער מיקי בוגנים 250 מל,סאסא קוסמטיקס,IL,MB מסכה לשיער,מיליליטרים,250.00,"100 מ""ל",false,1,23.80,9.52,true,1,
7290017637624,false,מרכך יומיומי יסמין קסום 500 מל בוגנים,סאסא קוסמטיקס,IL,MB שמפו יסמין,מיליליטרים,500.00,"100 מ""ל",false,1,21.20,4.24,true,1,
7290017637631,false,מרכך יומיומי יסמין קסום 500 מל בוגנים,סאסא קוסמטיקס,IL,MB מרכך יסמין,מיליליטרים,500.00,"100 מ""ל",false,1,21.20,4.24,true,1,
7290017637648,false,מסכת הזנה בשפורפרת יסמין 250 מל בוגנים,סאסא קוסמטיקס,IL,MB מסיכה לשיער,מיליליטרים,250.00,"100 מ""ל",false,1,23.80,9.52,true,1,
7290017637655,false,שמפו קרטין ללא מלח מיקי בוגנים 500 מל,סאסא קוסמטיקס,IL,MB שמפו קרטין,מיליליטרים,500.00,"100 מ""ל",false,1,23.80,4.76,true,1,
7290017637662,false,שמפו שימר להדגשת גוונים בהיר מיקי בוגנים 500 מל,סאסא קוסמטיקס,IL,MB שמפו לשיער,מיליליטרים,500.00,"100 מ""ל",false,1,21.20,4.24,true,1,
7290017637679,false,מרכך שימר להדגשת גוונים בהיר מיקי בוגנים 500 מל,סאסא קוסמטיקס,IL,MB מרכך לשיער,מיליליטרים,500.00,"100 מ""ל",false,1,21.20,4.24,true,1,
7290017637761,false,מרכך לשיער ללא מלחים 500מל מיקי בוגנים,"סאסא קוסמטיקס אגש""\ח בע\",IL,מרכך ללא מלחים,מיליליטרים,500.00,"100 מ""ל",false,1,21.20,4.24,true,1,
7290017683010,false,"קרם לחות 50 מ""ל",,IL,קרם לחות,מיליליטרים,50.00,"100 מ""ל",false,1,58.90,117.80,true,1,
7290017683027,false,מסכה למיצוק הצוואר SWAN,,IL,מסכה למיצוק הצוו,יחידה,1.00,יחידה,false,1,58.90,58.90,true,1,
7290017683041,false,"קרם צוואר ומחשוף 50 מ""ל",,IL,קרם צוואר ומחשוף,מיליליטרים,50.00,"100 מ""ל",false,1,58.90,117.80,true,1,
7290017683058,false,"קרם להסרת השקיות 15 מ""ל",,IL,קרם להסרת השקיות,מיליליטרים,15.00,"100 מ""ל",false,1,58.90,392.67,true,1,
7290017683089,false,ערכת עיבוי לשפתיים יח',מאליס מסכה,IL,ערכת עיבוי שפתיי,יחידה,1.00,יחידה,false,1,58.90,58.90,true,1,
7290017683195,false,סרום אינטנסיב נגד קמט30מ,,IL,סרום אינטנסיבי,מיליליטרים,30.00,"100 מ""ל",false,1,58.90,196.33,true,1,
7290017683201,false,"קרם לבטן 100 מ""ל",,IL,קרם לבטן,מיליליטרים,100.00,"100 מ""ל",false,1,58.90,58.90,true,1,
7290017683218,false,מסכה למיצוק החזה 100מל,,IL,מסכה למיצוק והחל,מיליליטרים,100.00,"100 מ""ל",false,1,58.90,58.90,true,1,
7290017695044,false,"קיט החלקה ושמפו 200 מ""ל",מיסטר בונד,IL,קיט החלקה ושמפו,יחידה,1.00,יחידה,false,1,136.60,136.60,true,1,
7290017695235,false,סרום ויטמינס לאחר החלקה,מיסטר בונד,IL,סרום ויטמינס,מיליליטרים,200.00,"100 מ""ל",false,1,42.60,21.30,true,1,
7290017695242,false,שמפו ויטמינס אחר החלקה1ל,מיסטר בונד,IL,שמפו ויטמינס לאח,ליטרים,1.00,ליטר,false,1,38.30,38.30,true,1,
7290017695259,false,מסכה לשיער ויטמינס 500מל,מיסטר בונד,IL,מסכה לשיער ויטמי,מיליליטרים,500.00,"100 מ""ל",false,1,38.30,7.66,true,1,
7290017695280,false,מרכך שיער ויטמינס 1 ליטר,מיסטר בונד,IL,מרכך שיער ויטמינ,ליטרים,1.00,ליטר,false,1,38.30,38.30,true,1,
7290017700076,false,תיק דיסני פרוזן+מוצרי שי,,IL,תיק דיסני פרוזן+,יחידה,1.00,יחידה,false,1,25.50,25.50,true,1,
7290017871363,false,פמילי יהלום- פמלי סבון ידיים מועשר בשמן מקדמיה לניקוי וטיפוח עור הידיים,המאפיה של הרמן,TR,סבון ידיים פמלי,מיליליטרים,500.00,"100 מ""ל",false,1,10.10,2.02,true,1,
7290017872001,false,"קרם החתלה פרשוואנס שמן זית ופרופוליס 100 סמ""ק",פרש-וואנס,IL,פרש וואנס קרם הח,מיליליטרים,100.00,"100 מ""ל",false,1,12.70,12.70,true,1,
7290017872070,false,מארז מגבונים לחים בניחוח מרענן פרש וואנס שלישייה,"ווטנפס בע""\מn\",IL,פרש וואנס מגבון,יחידה,1.00,יחידה,false,1,8.50,8.50,false,1,
7290017872230,false,פרש וונס מגבונים נטורל 100 יח דיספנסר,פרש וואנס Fresh Ones,IL,פרש וואנס מגבון,יחידה,1.00,יחידה,false,1,10.10,10.10,false,1,
7290017872957,false,אדג' - מכשיר גילוח רב פעמי ידית + 3 סכינים לעור רגיש,General,US,מכשיר+סכין גילוח,יחידה,1.00,יחידה,false,1,59.70,59.70,true,1,
7290017872988,false,אדג' - 4 סכיני גילוח לחות מוגברת,General,US,סכיני גילוח 4 יח,יחידה,1.00,יחידה,false,1,44.30,44.30,true,1,
7290017873350,false,קרם יד.פנג'ל אינטנסיב100,"דנלוג אינטרקוסמא בע""\מ",IL,קרם ידיים פנג'ל,מיליליטרים,100.00,"100 מ""ל",false,1,8.40,8.40,true,1,
7290017917092,false,אולטרסול FREE קרם פנים לילדים SPF50,General,IL,קרם פנים קידס,מיליליטרים,50.00,"100 מ""ל",false,1,42.60,85.20,true,1,
7290017917184,false,אולטרסול גל אלוורה פורטה 200 מל,פישר תעשיות,IL,ג'ל אלוורה פורטה,מיליליטרים,200.00,"100 מ""ל",false,1,34.10,17.05,true,1,
7290017917382,false,אל סבון היגייני לניקוי יסודי ולהרגע העור clean & calm,"ד""ר פישר Dr fischer",IL,קמיל סבון ידיים,ליטרים,1.00,ליטר,false,1,13.50,13.50,true,1,
7290017917450,false,קמיל בלו סנסיטיב אל סבון ושמפו לתינוק קמומיל ואלוורה,פישר מעבדות פרמצבטיות בע,IL,אל סבון ושמפו,ליטרים,1.00,ליטר,false,1,21.20,21.20,true,1,
7290017917467,false,קמיל בלו סנסטי בשיבולת שועל אל סבון טיפולי לתינוק,"ד""ר פישר Dr fischer",IL,אל סבון ש.שועל,ליטרים,1.00,ליטר,false,1,21.20,21.20,true,1,
7290017917566,false,ד.פישר סילבר שמפו לשיער כסוף ללא מלח,מדי פישר,IL,שמפו,מיליליטרים,400.00,"100 מ""ל",false,1,34.10,8.53,true,1,
7290017917573,false,אולטרסול קידס ספריי תחליבי SPF50 200,פישר מעבדות פרמצבטיות בע,IL,אולטרסול,מיליליטרים,200.00,"100 מ""ל",false,1,46.90,23.45,true,1,
7290017917757,false,"ד""ר פישר EFFECTIVE CARE קרם גוף בשמן כותנה 450 מ""ל",פישר מעבדות פרמצבטיות בע,IL,קרם גוף אפקטיב,מיליליטרים,450.00,"100 מ""ל",false,1,21.20,4.71,true,1,
7290017917764,false,"ד""ר פישר - אפקטיב קר קרם גוף מועשר בשמן ארגן 450 מ""ל",פישר מעבדות פרמצבטיות בע,IL,קרם גוף,מיליליטרים,450.00,"100 מ""ל",false,1,21.20,4.71,true,1,
7290017928098,false,שטוחלה מלח מאיר בייגל 330 גרם,מאיר את בייגל,IL,בייגלה שטוחל'ה,גרמים,330.00,100 גרם,false,1,8.40,2.54,true,1,
7290017928524,false,בייגלה שטוח ניגובים מלח 330 ג' מאיר בייגל,מאיר את בייגל,IL,שטוחל'ה ניגובים,גרמים,330.00,100 גרם,false,1,8.40,2.54,true,1,
7290017928616,false,מאיר בייגל שטוחהלה שומשום 300 גר',מאיר את בייגל,IL,בייגלה שטוחלה,גרמים,300.00,100 גרם,false,1,8.40,2.80,true,1,
7290017928661,false,מאיר בייגל -סמאש-שבורים בטעם צ'דר 300 גרם,מאיר בייגל,BG,שברי בייגלה,יחידה,1.00,יחידה,false,0,10.10,10.10,true,1,
7290017928722,false,בייגלה שטוח ניגובים שומשום 300 ג' מאיר בייגל,מאיר את בייגל,IL,שטוחל'ה ניגובים,גרמים,300.00,100 גרם,false,1,8.40,2.80,true,1,
7290017928807,false,בייגלה אצבעות שומשום מאיר בייגל 300 גרם,מאיר את בייגל,IL,בייגלה אצבעות,גרמים,300.00,100 גרם,false,1,9.80,3.27,true,1,
7290017928821,false,מקלות גריסיני קלאסי מאיר בייגל 200 גרם,מאיר את בייגל,IL,גריסיני קלאסי,גרמים,200.00,100 גרם,false,1,10.60,5.30,true,1,
7290017946368,false,שלישיית כדוריות סבון לאסלה אוקיינוס סוד 50 גרם,הנקל סוד,RS,סבון לאסלה סוד,גרמים,150.00,100 גרם,false,1,12.70,8.46,true,1,
7290018043295,false,חטיף חלבון בטעם ונילה קראנץ',הרת'סייד פוד סולושיי,NL,פראוד חטיף וניל,גרמים,60.00,100 גרם,false,1,12.70,21.17,true,1,
7290018043639,false,חטיף חלבון שוק.קריספ29גר,,NL,חטיף חלבון פראוד,גרמים,29.00,100 גרם,false,1,10.10,34.83,true,1,
7290018043844,false,חטיף חלבון בוטנים קרמל קראנץ 60 ג' פראוד,פראוד PROUD,NL,חטיף חלבון,גרמים,60.00,100 גרם,false,1,11.80,19.67,true,1,
7290018080276,false,מאמי קר רפידות הנקה 60 יחידות,מאמי קר Mommy Care,CN,רפידות הנקה,יחידה,1.00,יחידה,false,1,42.60,42.60,true,1,
7290018080290,false,שמן שקדים לעיסוי פרינאום,מאמי קר,IL,שמן שקדים לעיסוי,מיליליטרים,100.00,"100 מ""ל",false,1,50.40,50.40,true,1,
7290018080900,false,סינרים חד פעמיים לתינוק,CARE DAILYS,CN,סינרים חד פעמיים,יחידה,1.00,יחידה,false,1,21.20,21.20,true,1,
7290018132104,false,נאן סופרים שלב 2 700 גרם,מטרנה תעשיות ש.מ,IL,נאן סופרים שלב 2,גרמים,700.00,100 גרם,false,1,76.80,10.97,true,1,
7290018132340,false,"מטרנה גולד בד""ץ שלב 1 700 גרם",מטרנה תעשיות ש.מ.,IL,מטרנה גולד שלב 1,גרמים,700.00,100 גרם,false,1,63.00,9.00,true,1,
7290018132388,false,מטרנה גולד שלב 2 תרכובת מזון על בסיס חלבי,מטרנה תעשיות ש.מ.,IL,מטרנה גולד שלב 2,גרמים,700.00,100 גרם,false,1,63.00,9.00,true,1,
7290018132425,false,מטרנה גולד שלב 3 תרכובת מזון על בסיס חלבי,מטרנה תעשיות ש.מ.,IL,מטרנה גולד שלב 3,גרמים,700.00,100 גרם,false,1,63.00,9.00,true,1,
7290018156056,false,"ד""ר פישר - אולטרסול סטיק לפנים להגנה מהשמש 13 גרם",פישר מעבדות פרמצבטיות בע,IL,אולטרסול סטיק,מיליליטרים,13.00,"100 מ""ל",false,1,42.60,327.69,true,1,
7290018156087,false,"ד""ר פישר - סרקל אקטיב שמפו 450 מ""ל",פישר מעבדות פרמצבטיות,IL,סרקל אקטיב שמפו,מיליליטרים,450.00,"100 מ""ל",false,1,30.60,6.80,true,1,
7290018156780,false,אלכו קרם היגיינת ידיים75,מדי פישר,IL,אלכו קרם ג'ל,מיליליטרים,75.00,"100 מ""ל",false,1,18.70,24.93,true,1,
7290018156834,false,אולטרסול ספורט MAX קרם פנים 50 SPF50,מדי פישר,IL,אולטרסול קר.פנים,מיליליטרים,50.00,"100 מ""ל",false,1,42.60,85.20,true,1,
7290018182581,false,ליידי ספיד סטיק פרש פיוז,קולגייט-פלמוליב,US,ליידי ספיד סטיק,גרמים,130.00,100 גרם,false,1,25.50,19.61,true,1,
7290018182857,false,תוספות שיער פוני בובה בל,פארמה דיל,CN,ת.שיער פוני בובה,יחידה,1.00,יחידה,false,1,25.50,25.50,true,1,
7290018182888,false,קיסמי מברשות רכים מגומי,,IL,קיסמי מברשות גומ,יחידה,1.00,יחידה,false,1,17.00,17.00,true,1,
7290018183823,false,ספוג רחצה מפנק .,,IL,ספוג רחצה מפנק .,יחידה,1.00,יחידה,false,1,10.10,10.10,true,1,
7290018292549,false,"ARGANIA - מסיכה ללא שטיפה חומצה היאלרונית וקרטין 250 מ""ל",ארגניה יצור ושיווק,IL,מסיכה לשיער ללא,מיליליטרים,250.00,"100 מ""ל",false,1,38.30,15.32,true,1,
7290018292556,false,"ARGANIA - קרם לחות לשיער חומצה היאלרונית וקרטין 400 מ""ל",ארגניה יצור ושיווק,IL,קרם לחות לשיער,מיליליטרים,400.00,"100 מ""ל",false,1,38.30,9.58,true,1,
7290018343319,false,"ד""ר פישר שמפו לשיער מתולתל -400 מ""ל PERFECT CURLS",מדי פישר,IL,שמפו לשיער מתותל,מיליליטרים,400.00,"100 מ""ל",false,1,25.50,6.38,true,1,
7290018343326,false,"ד""ר פישר מרכך לשיער מתולתל -400 מ""ל PERFECT CURLS",מדי פישר,IL,מרכך לשיער מתותל,מיליליטרים,400.00,"100 מ""ל",false,1,25.50,6.38,true,1,
7290018343340,false,"ד""ר פישר - שמפו משקם לאחר החלקה ללא תוספת מלח 400 מ""ל",פישר מעבדות פרמצבטיות,IL,שמפו משקם,מיליליטרים,400.00,"100 מ""ל",false,1,34.10,8.53,true,1,
7290018343357,false,"ד""ר פישר SMOOTH & REPAIR מרכך משקם לאחר החלקה או עיצוב בחום",פישר מעבדות פרמצבטיות,IL,מרכך משקם,מיליליטרים,400.00,"100 מ""ל",false,1,34.10,8.53,true,1,
7290018343364,false,"ד""ר פישר - מסכת הזנה משקמת לאחר החלקה ללא תוספת מלח 300 מ""ל",פישר מעבדות פרמצבטיות,IL,מסכה לשיער,מיליליטרים,300.00,"100 מ""ל",false,1,34.10,11.37,true,1,
7290018354704,false,"ווקס לגבר 100 מ""ל",א.משי תעשיות,IL,ווקס לגבר,מיליליטרים,100.00,"100 מ""ל",false,1,12.70,12.70,true,1,
7290018493052,false,"ד""ר פישר - אפקטיב קר קרם ידיים מועשר בשמן אבוקדו 100 מ""ל",פישר מעבדות פרמצבטיות,IL,קרם ידיים,מיליליטרים,100.00,"100 מ""ל",false,1,10.10,10.10,true,1,
7290018493069,false,"אפקטיב קר קרם ידייםמועשר בשמן כותנה ד""ר פישר 100 מ""ל",פישר מעבדות פרמצבטיות,IL,קרם ידיים,מיליליטרים,100.00,"100 מ""ל",false,1,10.10,10.10,true,1,
7290018493076,false,"אפקטיב קר קרם ידייםמועשר בשמן ארגן ד""ר פישר 100 מ""ל",פישר מעבדות פרמצבטיות,IL,קרם ידיים,מיליליטרים,100.00,"100 מ""ל",false,1,10.10,10.10,true,1,
7290018493915,false,"ד""ר פישר - שמן גוף לתינוק מעושר בשמן שקדים 200 מ""ל",פישר מעבדות פרמצבטיות בע,IL,שמן גוף לתינוק,מיליליטרים,200.00,"100 מ""ל",false,1,15.30,7.65,true,1,
7290018516324,false,פאוץ' פרינוק תפוח עץ עם שיבולת שועל 120 גרם,פרוטה פודווין איי.אס,CZ,פרינוק,גרמים,120.00,100 גרם,false,1,4.20,3.50,true,1,
7290018516355,false,מחיט תפוח עץ ושבולות שועל 190 ג' פרינוק גוניור,פרוטה פודווין איי.אס,CZ,פרינוק ארוחה,גרמים,190.00,100 גרם,false,1,5.00,2.63,true,1,
7290018516379,false,מחיט סלט פירות ושבולות שועל 190 ג' פרינוק גוניור,פרוטה פודווין איי.אס,CZ,פרינוק ארוחת סלט,גרמים,190.00,100 גרם,false,1,5.00,2.63,true,1,
7290018703083,false,פראוד חטיף חלבון דאבל שוקולד 60 גרם קראנץ,פראוד PROUD,NL,חטיף חלבון,גרמים,60.00,100 גרם,false,1,11.80,19.67,true,1,
7290018703229,false,חטיף חלבון שוקולד אגוזים פראוד 60 גרם,פראוד,NL,חטיף חלבון,גרמים,60.00,100 גרם,false,1,12.70,21.17,true,1,
7290018703243,false,חטיף חלבון קרמל קראנצ פראוד 60 גרם,פראוד,NL,חטיף חלבון,גרמים,60.00,100 גרם,false,1,12.70,21.17,true,1,
7290018703311,false,פראוד - חטיף חלבון קרם עוגיות קראנצ' 60ג,v.s.i,NL,חטיף חלבון,גרמים,60.00,100 גרם,false,1,11.80,19.67,true,1,
7290018703496,false,פראוד - חטיף חלבון בטעם בננה טופי 60 גרם,פראוד PROUD,NL,חטיף חלבון,גרמים,60.00,100 גרם,false,1,11.80,19.67,true,1,
7290018733141,false,מסכה לתלתלים 60 שניות 50,מיסטר בונד,IL,מסכה לתלתלים 60,מיליליטרים,500.00,"100 מ""ל",false,1,42.60,8.52,true,1,
7290018733158,false,קרם גלייז לתלתלים משאבה,מיסטר בונד,IL,קרם גלייז לתלתלי,גרמים,500.00,100 גרם,false,1,42.60,8.52,true,1,
7290018733165,false,סרום לתלתלים קרטנטה 100,מיסטר בונד,IL,סרום לתלתלים קרט,מיליליטרים,100.00,"100 מ""ל",false,1,42.60,42.60,true,1,
7290018733172,false,קרם מוריד נפח ביוטין 500,מיסטר בונד,IL,קרם מוריד נפח,גרמים,500.00,100 גרם,false,1,42.60,8.52,true,1,
7290018733288,false,שמפו ויטמינס לתלתלים 10,מיסטר בונד,IL,שמפו ויטמינס,מיליליטרים,10.00,"100 מ""ל",false,1,8.40,84.00,true,1,
7290018733301,false,"מסכה לשיער מתולתל 10 מ""ל",מיסטר בונד,IL,מסכה לשיער מתולת,מיליליטרים,100.00,"100 מ""ל",false,1,8.40,8.40,true,1,
7290018921029,false,"ד""ר פישר - קמיל בלו מגבוני סנסיטיב 64 יח' * 4",פישר מעבדות פרמצבטיות בע,IL,מגבוני קמיל בלו,יחידה,1.00,יחידה,false,1,18.70,18.70,true,1,
7290018921067,false,"ד""ר פישר - אפקטיב קר תחליב רחצה שמן שקדים 700 מ""ל",פישר מעבדות פרמצבטיות בע,IL,תחליב רחצה שקדים,מיליליטרים,700.00,"100 מ""ל",false,1,15.30,2.19,true,1,
7290018921203,false,"קמיל בלו קרם החתלה קמומיל 120 ג' ד""ר פישר",פישר מעבדות פרמצבטיות בע,IL,קרם החתלה קמומיל,גרמים,120.00,100 גרם,false,1,17.80,14.83,true,1,
7290018921265,false,"תחליב רחצה מועשר בתמצית אלוורה 700 מ""ל אפקטיב קר",פישר מעבדות פרמצבטיות בע,IL,תחליב רחצ.אלוורה,מיליליטרים,700.00,"100 מ""ל",false,1,15.30,2.19,true,1,
7290018921449,false,קמיל בלו מגבונים תפרחת חיתולים רביעייה,פישר תעשיות,IL,מגבונים קמיל 4יח,יחידה,1.00,יחידה,false,1,21.20,21.20,true,1,
7290018921456,false,"ד""ר פישר - אפקטיב קר תחליב רחצה שמן כותנה 700 מ""ל",פישר מעבדות פרמצבטיות בע,IL,תחליב רחצה כותנה,מיליליטרים,700.00,"100 מ""ל",false,1,15.30,2.19,true,1,
7290018921609,false,"ד""ר פישר - קמיל בלו קרם החתלה קלנדולה 120 גרם",פישר מעבדות פרמצבטיות בע,IL,קמיל בלו ק החתלה,גרמים,120.00,100 גרם,false,1,20.40,17.00,true,1,
7290018921616,false,רביעיית מגבוני קמיל בלו שיבולת שועל 64 יח',פישר תעשיות,IL,מגבוני קמיל 4יח,יחידה,1.00,יחידה,false,1,20.40,20.40,true,1,
7290018921654,false,"ד""ר פישר - אפקטיב קר תחליב רחצה תמצית לוונדר 700 מ""ל",פישר מעבדות פרמצבטיות בע,IL,תחליב רחצה לבנדר,מיליליטרים,700.00,"100 מ""ל",false,1,15.30,2.19,true,1,
7290018921807,false,"קמיל בלו משחת החתלה צמחי מרפא 120 ג' ד""ר פישר",פישר מעבדות פרמצבטיות בע,IL,קמיל בלו משחה,גרמים,120.00,100 גרם,false,1,18.70,15.58,true,1,
7290018921852,false,"תחליב רחצה מועשר בשמן ארגן 700 מ""ל אפקטיב קר",פישר מעבדות פרמצבטיות בע,IL,תחליב רחצה ארגן,מיליליטרים,700.00,"100 מ""ל",false,1,15.30,2.19,true,1,
7290019014614,false,"מרכך כביסה בלו 900 מ""ל",סאסא טק,IL,מרכך כביסה בלו,מיליליטרים,900.00,"100 מ""ל",false,1,17.00,1.89,true,1,
7290019014621,false,"מרכך כביסה לגונה 900 מ""ל",סאסא טק,IL,מרכך כביסה לגונה,מיליליטרים,900.00,"100 מ""ל",false,1,17.00,1.89,true,1,
7290019014638,false,מרכך כביסה פרש וויט 900,סאסא טק,IL,מרכך כביסה פרש,מיליליטרים,900.00,"100 מ""ל",false,1,17.00,1.89,true,1,
7290019014645,false,"מסיר כתמים טנקס 500 מ""ל",סאסא טק,IL,מסיר כתמים TNX,מיליליטרים,500.00,"100 מ""ל",false,1,21.20,4.24,true,1,
7290019014652,false,מרכך כביסה בייבי לאב900מ,סאסא טק,IL,מרכך כביסה בייבי,מיליליטרים,900.00,"100 מ""ל",false,1,21.20,2.36,true,1,
7290019014669,false,ג'ל לכביסה צבעונית 1.35ל,סאסא טק,IL,ג'ל לכביסה ירוק,ליטרים,1.35,ליטר,false,1,25.50,18.89,true,1,
7290019014676,false,ג'ל לכביסה לבנה 1.35 ל,סאסא טק,IL,ג'ל לכביסה לבנה,ליטרים,1.35,ליטר,false,1,25.50,18.89,true,1,
7290019014690,false,נוזל רצפות פלאוור 1.35 ל,סאסא טק,IL,נוזל לרצפות,ליטרים,1.35,ליטר,false,1,21.20,15.70,true,1,
7290019014706,false,נוזל רצפות פרש וויט1.35ל,סאסא טק,IL,נוזל רצפות פרש,ליטרים,1.35,ליטר,false,1,21.20,15.70,true,1,
7290019014737,false,"מבשם בדים ביץ קלאב500מ""ל",סאסא טק,IL,מבשם בדים קלאב,מיליליטרים,500.00,"100 מ""ל",false,1,17.00,3.40,true,1,
7290019014744,false,מרסס חלונות פרש וויט750מ,סאסא טק,IL,מרסס חלונות פרש,מיליליטרים,750.00,"100 מ""ל",false,1,11.80,1.57,true,1,
7290019014751,false,ניקוי כלים24% פלאוור750מ,סאסא טק,IL,ניקוי כלים 24%,מיליליטרים,750.00,"100 מ""ל",false,1,12.70,1.69,true,1,
7290019014768,false,"ניקוי כלים 24% 750מ""ל",סאסא טק,IL,ניקוי כלים 24%,מיליליטרים,750.00,"100 מ""ל",false,1,12.70,1.69,true,1,
7290019014775,false,מרסס קצף מסיר שומנים 750,סאסא טק,IL,מרסס מסיר שומנים,מיליליטרים,750.00,"100 מ""ל",false,1,14.40,1.92,true,1,
7290019014782,false,מרסס אקונומיקה לבנדר750מ,סאסא טק,IL,מרסס אקונומיקה,מיליליטרים,750.00,"100 מ""ל",false,1,14.40,1.92,true,1,
7290019014799,false,מסיר אבנית לאמבטיה 750 מ,סאסא טק,IL,קצף מסיר אבנית,מיליליטרים,750.00,"100 מ""ל",false,1,12.70,1.69,true,1,
7290019014805,false,"מרסס מנקה ריפודים 500מ""ל",סאסא טק,IL,מרסס מנקה ריפוד,מיליליטרים,500.00,"100 מ""ל",false,1,21.20,4.24,true,1,
7290019014812,false,"מרסס מנטרל ריחות 500 מ""ל",סאסא טק,IL,מרסס מנטרל ריחות,מיליליטרים,500.00,"100 מ""ל",false,1,17.00,3.40,true,1,
7290019014843,false,תרסיס לניקוי חלונות400מל,סאסא טק,IL,תרסיס לחלונות,מיליליטרים,400.00,"100 מ""ל",false,1,17.00,4.25,true,1,
7290019014850,false,"תרסיס דוחה מים 400 מ""ל",סאסא טק,IL,תרסיס דוחה מים,מיליליטרים,400.00,"100 מ""ל",false,1,22.90,5.73,true,1,
7290019014867,false,"תרסיס מסיר דיו+דבק400מ""ל",סאסא טק,IL,תרסיס מסיר דיו,מיליליטרים,400.00,"100 מ""ל",false,1,22.90,5.73,true,1,
7290019014874,false,נוזל רצפות אוריאנטל1.35ל,סאסא טק,IL,נוזל רצפות,ליטרים,1.35,ליטר,false,1,21.20,15.70,true,1,
7290019014881,false,נוזל רצפות בלו טאצ1.35ל,"סאסאטק אגש""\ח בע""\מ",IL,נוזל לרצפות בלו,ליטרים,1.35,ליטר,false,1,21.20,15.70,true,1,
7290019014973,false,מבשם בדים בייבי לאב500מ,סאסא טק,IL,מבשם בדים בייבי,מיליליטרים,500.00,"100 מ""ל",false,1,17.00,3.40,true,1,
7290019074090,false,"ד""ר פישר - קמיל בלו אקסטרה סופט אל סבון לתינוק 500 מ""ל",פישר מעבדות פרמצבטיות בע,IL,קמיל בלו אל סבון,מיליליטרים,500.00,"100 מ""ל",false,1,21.20,4.24,true,1,
7290019074298,false,"ד""ר פישר - קמיל בלו אקסטרה סופט שמפו לתינוק 500 מ""ל",פישר מעבדות פרמצבטיות בע,IL,קמיל בלו שמפו,מיליליטרים,500.00,"100 מ""ל",false,1,21.20,4.24,true,1,
7290019074885,false,"ד""ר פישר - קמיל בלו אקסטרה סופט קרם גוף לתינוק 500 מ""ל",פישר מעבדות פרמצבטיות בע,IL,קמיל בלו קרם גוף,מיליליטרים,500.00,"100 מ""ל",false,1,25.50,5.10,true,1,
7290019075080,false,"קידס מולטי ויטמין אל סבון 1 ליטר ד""ר פישר","ד""ר פישר",IL,קידס מולטי,ליטרים,1.00,ליטר,false,1,18.70,18.70,true,1,
7290019075103,false,קמיל בלו אקסטרה סופט שמפו לתינוק 1 ליטר,פישר מעבדות פרמצבטיות בע,IL,שמפו קמיל בלו,ליטרים,1.00,ליטר,false,1,28.10,28.10,true,1,
7290019075288,false,"קידס מולטי ויטמין שמפו 1 ליטר ד""ר פישר",,IL,קידס מולטי שמפו,ליטרים,1.00,ליטר,false,1,18.70,18.70,true,1,
7290019075479,false,"ד""ר פישר - קמיל בלו קלאסיק שמפו לתינוק 1 ליטר",פישר מעבדות פרמצבטיות בע,IL,שמפו לתינוק,ליטרים,1.00,ליטר,false,1,21.20,21.20,true,1,
7290019075691,false,"ד""ר פישר - אפקטיב קר תחליב רחצה עדין לידיים מועשר בלבנדר 350 מ""ל",פישר מעבדות פרמצבטיות,IL,אפקטיב קר לבנדר,מיליליטרים,350.00,"100 מ""ל",false,1,11.00,3.14,true,1,
7290019075899,false,קמיל בלו אקסטרה סופט אל סבון לתינוק 1 ליטר,פישר מעבדות פרמצבטיות בע,IL,א.סבון קמיל בלו,ליטרים,1.00,ליטר,false,1,28.10,28.10,true,1,
7290019274056,false,נוזל רצפה בייבי לאב1.35ל,סאסא טק,IL,נוזל רצפה בייבי,ליטרים,1.35,ליטר,false,1,21.20,15.70,true,1,
7290019274087,false,"ארוסול קצף לאסלות 400מ""ל",סאסא טק,IL,ארוסול קצף ניקוי,מיליליטרים,400.00,"100 מ""ל",false,1,17.00,4.25,true,1,
7290019274100,false,"מרסס לגיהוץ קל 500 מ""ל",סאסא טק,IL,מרסס לגיהוץ קל,מיליליטרים,500.00,"100 מ""ל",false,1,17.00,3.40,true,1,
7290019274117,false,"מרסס ניקוי נירוסטה500מ""ל",סאסא טק,IL,מנקה נירוסטה,מיליליטרים,500.00,"100 מ""ל",false,1,12.70,2.54,true,1,
7290019274254,false,תרסיס TNX ליקוי מזגן400מ,"סאסאטק אגש""\ח בע""\מ",IL,תרסיס ניקוי מזגן,מיליליטרים,400.00,"100 מ""ל",false,1,34.10,8.53,true,1,
7290019274261,false,"מבשם בדים לגון 500 מ""ל","סאסאטק אגש""\ח בע""\מ",IL,מבשם בדים לגון,מיליליטרים,500.00,"100 מ""ל",false,1,17.00,3.40,true,1,
7290019274278,false,מבשם בדים גרין פורסט500מ,"סאסאטק אגש""\ח בע""\מ",IL,מבשפ בדים פורסט,מיליליטרים,500.00,"100 מ""ל",false,1,17.00,3.40,true,1,
7290019274315,false,קוקהנומיקה לבנדר 1.25 ל,,IL,קוקנומיקה לבנדר,ליטרים,1.25,ליטר,false,1,12.70,10.16,true,1,
7290019277002,false,OINTMENT PAPAYA רב שימוש,,IL,OINTMENT PAPAYA,גרמים,42.00,100 גרם,false,1,68.20,162.38,true,1,
7290019310167,false,חט.פראוד בייטס שוק.חלב48,,PL,חטיף פראוד בייטס,גרמים,48.00,100 גרם,false,1,13.50,28.13,true,1,
7290019310174,false,חט.פראוד בייטס שוק.לבן48,,PL,חטיף פראוד בייטס,גרמים,48.00,100 גרם,false,1,13.50,28.13,true,1,
7290019310297,false,חטיף שקדים בטעם שוקולד 4,,SI,חטיף שקדים פראוד,גרמים,40.00,100 גרם,false,1,9.30,23.25,true,1,
7290019310303,false,חטיף שקדים בטעם שוקולד40,,SI,חטיף שקדים פראוד,גרמים,40.00,100 גרם,false,1,9.30,23.25,true,1,
7290019382102,false,פלטת סמקים דאבל טראבל יח,,IL,פלטת סמקים דאבל,יחידה,1.00,יחידה,false,1,153.80,153.80,true,1,
7290028733124,false,שמפו לתלתלים ביוטין קרטי,מיסטר בונד,IL,שמפו לתלתלים ביו,מיליליטרים,1000.00,"100 מ""ל",false,1,42.60,4.26,true,1,
7290100240632,false,קרקר פתית 200-300ג' 6 דגנים 250 גרם,יוניליוור ישראל מזון בע\,IL,פתית 6 דגנים,גרמים,250.00,100 גרם,false,0,14.40,5.76,true,1,
7290100270509,false,עפרון גבות היי פרסיז'ן01,גייד,IT,עפרון גבות היי פ,יחידה,1.00,יחידה,false,0,33.30,33.30,true,1,
7290100270516,false,עפרון גבות היי פרסיז'ן02,גייד,IT,עפרון גבות היי פ,יחידה,1.00,יחידה,false,0,33.30,33.30,true,1,
7290100271568,false,עפרון עינים הייפרסיז'ן07,גייד,IT,עפרון עינים הייפ,יחידה,1.00,יחידה,false,0,33.30,33.30,true,1,
7290100271858,false,VOLUME INTENSE שחור,גייד,IT,INTENSE מסקרה,יחידה,1.00,יחידה,false,0,67.50,67.50,true,1,
7290100273500,false,INTENSE איילנר שחור,גייד,IT,INTENSE איילנר,יחידה,1.00,יחידה,false,0,72.60,72.60,true,1,
7290100412435,false,קוויק מטליות לחות 99.9% לניקוי כללי בריח פרחי בר 50 יחידות,די.פי.אל,IL,קוויק מגבונים,יחידה,1.00,יחידה,false,1,8.40,8.40,true,1,
7290100412442,false,קוויק מטליות לחות 99.9% לניקוי שירותים ומקלחות בריח מנטה 50 יחידות,די.פי.אל,IL,מגבונים לאמבטיה,יחידה,1.00,יחידה,false,1,8.40,8.40,true,1,
7290100412718,false,"תרחיץ פנים קלאסק מאסק דר עור 150 מ""ל","אמיליה קוסמטיקס בע""מ",IL,ג'ל ניקוי פנים,מיליליטרים,150.00,"100 מ""ל",false,0,20.00,13.33,true,1,
7290100412732,false,"תחליב גוף לעור יבש וילד פלאויר דר עור 400 מ""ל","אמיליה קוסמטיקס בע""מ",IL,תחליב גוף דר עור,מיליליטרים,400.00,"100 מ""ל",false,1,18.70,4.68,true,1,
7290100412756,false,"קרם ידיים לעור יבש פרחי בר ד""ר עור 100 מ""ל","אמיליה קוסמטיקס בע""מ",IL,קרם ידיים,מיליליטרים,100.00,"100 מ""ל",false,1,9.30,9.30,true,1,
7290100412763,false,"תחליב רחצה ד""ר עור לבנדר 700 מ""ל","אמיליה קוסמטיקס בע""מ",IL,תחליב רחצה,מיליליטרים,700.00,"100 מ""ל",false,1,12.70,1.82,true,1,
7290100412770,false,"ד""ר עור - תחליב רחצה קלאסי בניחוח מאסק 700 מ""ל","אמיליה קוסמטיקס בע""מ",IL,תחליב רחצה,מיליליטרים,700.00,"100 מ""ל",false,1,12.70,1.82,true,1,
7290100412787,false,"ד""ר עור - תחליב רחצה קלאסי בניחוח פריחת הכותנה 700 מ""ל","אמיליה קוסמטיקס בע""מ",IL,תחליב רחצה,מיליליטרים,700.00,"100 מ""ל",false,1,12.70,1.82,true,1,
7290100412794,false,"תרחיץ פנים קלאסק מאסק פילינג דר עור 150 מ""ל","אמיליה קוסמטיקס בע""מ",IL,פילינג פנים,מיליליטרים,150.00,"100 מ""ל",false,0,20.00,13.33,true,1,
7290100412831,false,תחליב רחצה אנטי אייג'ינג בניחוח וניל טרופי,"אמיליה קוסמטיקס בע""מ",IL,תחליב רחצה,מיליליטרים,700.00,"100 מ""ל",false,1,12.70,1.82,true,1,
7290100412848,false,DR OR תחליב גוף אנטי אייגינג וניל מעודן 400 מל,"אמיליה קוסמטיקס בע""מ",IL,תחליב גוף,מיליליטרים,400.00,"100 מ""ל",false,1,18.70,4.68,true,1,
7290100653463,false,"פלמוליב - ארומה ג'ל רחצה מסאז' 500 מ""ל",קולגייט-פלמוליב,TR,סבון פלמוליב,מיליליטרים,500.00,"100 מ""ל",false,0,16.10,3.22,true,1,
7290100653586,false,"דאודורנט ג'ל פרש פיוזן 24/7 ליידי ספיד סטיק 65 מ""ל",ליידי ספיד סטיק Lady Speed Stick,US,ליידי ס.סטיק24/7,גרמים,65.00,100 גרם,false,0,15.20,23.38,true,1,
7290100659090,false,פרי חטיפים ללא גלוטן ותוספת סוכר מארז 5 תמרים וקינמון,טבעית מוצרים מן הטבע בעמ,IL,חטיף FREE תמרים,גרמים,110.00,100 גרם,false,0,17.00,15.45,true,1,
7290100680667,false,מנה חמה נודלס-אטריות+ירקות טעם סצ'ואן,PUB FOODS PRESIDENT THAI,TH,מנה חמה נודלס,גרמים,76.00,100 גרם,false,0,6.70,8.82,true,1,
7290100687109,false,במבה במילוי קרם נוגט 60ג' אסם,"אסם השקעות בע""\מ",IL,במבה נוגט,גרמים,60.00,100 גרם,false,0,5.00,8.33,true,1,
7290100829615,false,סאן&קאר ג'ל לאחר שיזוף,אמיליה,IL,סאן&קאר ג'ל,מיליליטרים,200.00,"100 מ""ל",false,0,14.40,7.20,true,1,
7290100850916,false,דוריטוס חמוץ חריף מעודן 70 גרם כשר לפסח,"שטראוס פריטו ליי בע""\מ )",IL,דוריטוס חמוץ ח,גרמים,70.00,100 גרם,false,0,4.10,5.86,true,1,
7290100850923,false,דוריטוס בטעם גריל 70 גרם,"שטראוס פריטו ליי בע""\מ )",IL,דוריטוס גריל,גרמים,70.00,100 גרם,false,0,4.10,5.86,true,1,
7290100922569,false,קרם לטיפוח עוד הידיים והגוף- מארז שלישייה,טרופיקל דגיל,IL,קרם ידיים ולווטה,מיליליטרים,300.00,"100 מ""ל",false,0,13.50,4.50,true,1,
7290100924631,false,מרכך כביסה מרוכז לבגדי תינוקות ובעלי עור רגיש,"הנקל סוד בע""\מ",IL,סוד מרכךבייבי,מיליליטרים,900.00,"100 מ""ל",false,1,11.00,1.22,true,1,
7290100925669,false,קולור קאצ'ר - דפים למכונת כביסה 10 יח',"הנקל סוד בע""\מ",IE,דפי קולור קאצ'ר,יחידה,1.00,יחידה,false,1,11.00,11.00,true,1,
7290101270096,false,עפרון עינים הי פרסיז'ן12,גייד,IT,עפרון עינים הי פ,יחידה,1.00,יחידה,false,0,33.30,33.30,true,1,
7290101274506,false,עפרון עינים הי פרסיז'ן13,גייד,IT,עפרון עינים הי פ,יחידה,1.00,יחידה,false,0,33.30,33.30,true,1,
7290101278641,false,OIL MUSK ICON אשה30מל,גייד בישום,IL,PERFUME M-O ICON,מיליליטרים,30.00,"100 מ""ל",false,0,99.00,330.00,true,1,
7290101278955,false,איילנר טוש שחור,גייד,IT,איילנר טוש שחור,יחידה,1.00,יחידה,false,0,50.40,50.40,true,1,
7290101279662,false,OIL MUSK ICON א.ד.פ לאשה,גייד בישום,IL,M-O ICON א.ד.פ,מיליליטרים,50.00,"100 מ""ל",false,0,89.00,178.00,true,1,
7290101486688,false,חטיף דגנים עם שוקולד ללא גלוטן וסוכר פרי 5*20 גרם,טבעית מוצרים מן הטבע בעמ,IL,חטיף FREE 5 יח',גרמים,100.00,100 גרם,false,0,17.00,17.00,true,1,
7290101488248,false,"ליידי ספיד סטיק - דאודורנט רול און לאישה ורוד פרש פיושן 50 מ""ל",ליידי ספיד סטיק Lady Speed Stick,IT,ליידי ספיד סטיק,מיליליטרים,50.00,"100 מ""ל",false,0,12.70,25.40,true,1,
7290101488286,false,"ליידי ספיד סטיק - דאודורנט ספריי לאישה 24/7 פרש פיוזן ורוד 150 מ""ל",ליידי ספיד סטיק Lady Speed Stick,RU,ליידי ספיד סטיק,מיליליטרים,150.00,"100 מ""ל",false,0,12.70,8.47,true,1,
7290101488316,false,ליידי ספיד סטיק - דאודורנט סטיק לאישה ללא סימן ורוד סטיק 65 גרם,ליידי ספיד סטיק Lady Speed Stick,US,ליידי ספיד סטיק,גרמים,65.00,100 גרם,false,0,15.20,23.38,true,1,
7290101488323,false,ליידי ספיד סטיק - דאודורנט סטיק לאישה ללא סימן ירוק סטיק 65 גרם,ליידי ספיד סטיק Lady Speed Stick,US,ליידי ספיד סטיק,גרמים,65.00,100 גרם,false,0,15.20,23.38,true,1,
7290101864127,false,"ספריי להסרת כתמים 750 מ""ל וניש קליה",קליה וניש Kalia Vanish,IL,קליה ספריי,מיליליטרים,750.00,"100 מ""ל",false,0,12.70,1.70,true,1,
7290101865261,false,"פיניש נוזל הברקה למדיח 800 מ""ל",רקיט בנקיזר,PL,פיניש נוזל הברקה,מיליליטרים,800.00,"100 מ""ל",false,0,12.70,1.59,true,1,
7290101866633,false,וניש קליה גל להסרת כתמים 3 ליטר אוקסיפרש,קליה וניש Kalia Vanish,IL,מסיר כתמים וניש,ליטרים,3.00,ליטר,false,0,25.50,8.50,true,1,
7290102060764,false,מרידול מברשת שיניים אריזת זוג,יבואן ומשווק: ש. שסט,CH,2 מברשות שיניים,יחידה,1.00,יחידה,false,0,34.10,34.10,true,1,
7290102060979,false,"אלמקס משחת שיניים למניעת עששת 100מ""ל",יבואן ומשווק: ש. שסט,PL,משחת שיניים,מיליליטרים,100.00,"100 מ""ל",false,0,15.30,15.30,true,1,
7290102062195,false,"משחת שיניים לילדים לגילאי 6-12 אלמקס 75 מ""ל",יבואן ומשווק: ש. שסט,PE,משחת אלמקס,מיליליטרים,75.00,"100 מ""ל",false,0,15.30,20.40,true,1,
7290102290697,false,"פירס או דה קולון 200 מ""ל",,IL,פירס או דה קולון,מיליליטרים,200.00,"100 מ""ל",false,1,529.00,264.50,true,1,
7290102809110,false,מטריה מתהפכת יח',פולו,IL,מטריה מתהפכת,יחידה,1.00,יחידה,false,1,29.80,29.80,true,1,
7290103120658,false,דאודורנט ספיד סטיק גל שחור 85 גרם,הנסיך- מפעל לייצור ט,US,דאודורנט,גרמים,85.00,100 גרם,false,0,15.20,17.88,true,1,
7290103121600,false,"ספיד סטיק - דאודורנט ספריי לגבר 24/7 קול פיוזן 150 מ""ל",קולגייט פלמוליב,RU,דאו.ספיד סטיק,מיליליטרים,165.00,"100 מ""ל",false,0,12.70,7.70,true,1,
7290103124588,false,"סבון נוזלי ארומה בניחוח לבנדר פטצ'ולי פלמוליב 750 מ""ל",הנסיך- מפעל לייצור ט,TR,סבון פלמוליב,מיליליטרים,750.00,"100 מ""ל",false,0,15.20,2.03,true,1,
7290103124601,false,"תחליב רחצה נוזל חלב ודבש משאבה 750מ""ל פלמוליב",הנסיך- מפעל לייצור ט,TR,סבון פלמוליב,מיליליטרים,750.00,"100 מ""ל",false,0,15.20,2.03,true,1,
7290103126797,false,"משחת שיניים קולגייט סנסיטיב פרו רליף 75 מ""ל",הנסיך- מפעל לייצור ט,BR,משחת קולגייט,מיליליטרים,75.00,"100 מ""ל",false,0,17.00,22.67,true,1,
7290103129378,false,ספיד סטיק - דאודורנט ג'ל לגבר איקס 5 85 גרם,הנסיך- מפעל לייצור ט,US,דאו. ספיד סטיק,גרמים,85.00,100 גרם,false,0,15.20,17.88,true,1,
7290103129392,false,ליידי ספיד סטיק פרש אסנס פרח הפרזיה סטיק 65 גר,ליידי ספיד סטיק Lady Speed Stick,US,ליידי ספיד סטיק,גרמים,65.00,100 גרם,false,0,15.20,23.38,true,1,
7290103129408,false,ליידי ספיד סטיק - דאודורנט סטיק לאישה פרש אסנס פריחת הפרדס 65 גרם,ליידי ספיד סטיק Lady Speed Stick,US,ליידי ספיד סטיק,גרמים,65.00,100 גרם,false,0,15.20,23.38,true,1,
7290103330033,false,עפרון עיניים עמיד 303 יח,גייד,IT,עפרון עיניים עמי,יחידה,1.00,יחידה,false,0,41.80,41.80,true,1,
7290103330057,false,עפרון עיניים עמיד 305 יח,גייד,IT,עפרון עיניים עמי,יחידה,1.00,יחידה,false,0,41.80,41.80,true,1,
7290103330149,false,עפרון עיניים עמיד 300 יח,גייד,IT,עפרון עיניים 300,יחידה,1.00,יחידה,false,0,41.80,41.80,true,1,
7290103330156,false,עפרון עיניים עמיד 301 יח,גייד,IT,עפרון עיניים 301,יחידה,1.00,יחידה,false,0,41.80,41.80,true,1,
7290103330163,false,עפרון עיניים עמיד 302 יח,גייד,IT,עפרון עיניים עמי,יחידה,1.00,יחידה,false,0,41.80,41.80,true,1,
7290103331504,false,ליפגלוס קריסטל לייטס501,גייד,IL,ליפגלוס קריסטל ל,יחידה,1.00,יחידה,false,0,67.50,67.50,true,1,
7290103331511,false,ליפגלוס קריסטל לייטס502,גייד,IL,ליפגלוס קריסטל ל,יחידה,1.00,יחידה,false,0,67.50,67.50,true,1,
7290103331702,false,פודרה ריץ אנד מוייסט11,גייד,IT,פודרה ריץ אנד מו,יחידה,1.00,יחידה,false,0,72.60,72.60,true,1,
7290103331719,false,פודרה ריץ אנד מוייסט12,גייד,IT,פודרה ריץ אנד מו,יחידה,1.00,יחידה,false,0,72.60,72.60,true,1,
7290103331726,false,פודרה ריץ אנד מוייסט13,גייד,IT,פודרה ריץ אנד מו,יחידה,1.00,יחידה,false,0,72.60,72.60,true,1,
7290103332273,false,LONGEVITY מייק אפ 502,גייד,IT,LONGEVITY מייקאפ,מיליליטרים,30.00,"100 מ""ל",false,0,115.30,384.33,true,1,
7290103332280,false,LONGEVITY מייק אפ 503,גייד,IT,LONGEVITY מייקאפ,מיליליטרים,30.00,"100 מ""ל",false,0,115.30,384.33,true,1,
7290103332297,false,LONGEVITY מייק אפ 504,גייד,IT,LONGEVITY מייקאפ,מיליליטרים,30.00,"100 מ""ל",false,0,115.30,384.33,true,1,
7290103332396,false,ליפגלוס קריסטל לייטס508,גייד,IL,ליפגלוס קריסטל ל,יחידה,1.00,יחידה,false,0,67.50,67.50,true,1,
7290103333195,false,עפרון שפתיים זהב36 יח',גייד,IT,עפרון שפתיים זהב,יחידה,1.00,יחידה,false,0,33.30,33.30,true,1,
7290103333294,false,"גייד סרום עם תמצית רימונים 30 מ""ל",דניה,IL,HYDRA סרום,מיליליטרים,30.00,"100 מ""ל",false,0,93.10,310.33,true,1,
7290103334321,false,BLACK VANILLA ICON שמן,גייד בישום,IL,VANILLA ICON שמן,מיליליטרים,30.00,"100 מ""ל",false,0,99.00,330.00,true,1,
7290103334338,false,BLACK VANILLA ICON לאשה,גייד בישום,IL,VANILLA ICON אשה,מיליליטרים,50.00,"100 מ""ל",false,0,89.00,178.00,true,1,
7290103336738,false,עפרון עיניים מטאליק100,גייד,IT,עפרון עיניים מטא,יחידה,1.00,יחידה,false,0,41.80,41.80,true,1,
7290103336769,false,עפרון עיניים מטאליק103,גייד,IT,עפרון עיניים מטא,יחידה,1.00,יחידה,false,0,41.80,41.80,true,1,
7290103337056,false,גייד הידרה אסנשייל פיור קלרטה 75 מל,דניה,CH,ESSENT HYDRA קרם,מיליליטרים,75.00,"100 מ""ל",false,0,83.70,111.60,true,1,
7290103337322,false,גייד גל ניקוי פנים לעור רגיל-יבש ורד 200,דניה,IL,ג'ל ניקוי רגיל-,מיליליטרים,200.00,"100 מ""ל",false,0,38.40,19.20,true,1,
7290103337353,false,גייד גל ניקוי פנים לעור מעורב-שמן ורד200,דניה,IL,GENTLE ג'ל מ-ש,מיליליטרים,200.00,"100 מ""ל",false,0,38.40,19.20,true,1,
7290103401429,false,קפה קצב ברזילאי אוריגינס 200 גר,הנסיך- מפעל לייצור ט,IL,קפה פלטינום,גרמים,200.00,100 גרם,false,0,26.40,13.20,true,1,
7290103704957,false,מגבות נייר 3 שכבות ענק3ג,,IL,מגבות 3גלילי ענק,מטרים,57.00,מטר,false,1,17.00,0.30,true,1,
7290103704964,false,נייר טואלט 3 שכבות 9 גל,,IL,נייר טואלט 9 גל,מטרים,277.00,מטר,false,1,29.80,0.11,true,1,
7290104068539,false,מאסט פליפטופ מלון ואבטיח ללא גרעינים,"שטראוס גרופ בע""מ",IL,מסטיק מאסט,גרמים,28.00,100 גרם,false,0,4.10,14.64,true,1,
7290104360855,false,ספא פארמה קרם לחות לעור שמן 50מ'ל,ספא פארמה,IL,קרם לחות לעור שמ,מיליליטרים,50.00,"100 מ""ל",false,1,21.20,42.40,true,1,
7290104364655,false,ספא פארמה קרם אבוקדו אינטנסיבי 50מ'ל,ספא פארמה,IL,קרם אנטי אייגינג,מיליליטרים,50.00,"100 מ""ל",false,0,17.00,34.00,true,1,
7290104366949,false,אוליב ק.לחות לשיער שמן זית 500מ'ל,א.פ.חורי,IL,אוליב קרם לחות ל,מיליליטרים,500.00,"100 מ""ל",false,0,17.00,3.40,true,1,
7290104367632,false,אוליב קרם עיניים 30מ'ל,,IL,קרם עיניים,מיליליטרים,30.00,"100 מ""ל",false,0,21.20,70.67,true,1,
7290104367649,false,אוליב קרם אנטי אייג'ינג 50מ'ל,,IL,קרם אנטי אייג'ינ,מיליליטרים,50.00,"100 מ""ל",false,1,21.20,42.40,true,1,
7290104367656,false,אוליב קרם לחות לעור רגיל מעורב 50מ'ל,,IL,קרם לחות לעור רג,מיליליטרים,50.00,"100 מ""ל",false,1,21.20,42.40,true,1,
7290104367663,false,אוליב סרום ליפטינג לפנים 30מ'ל,,IL,סרום ליפטינג לפנ,מיליליטרים,30.00,"100 מ""ל",false,1,25.50,85.00,true,1,
7290104367670,false,אוליב סרום ממצק לפנים 30מ'ל,,IL,סרום ממצק לפנים,מיליליטרים,30.00,"100 מ""ל",false,1,25.50,85.00,true,1,
7290104367687,false,אוליב קרם לילה 50מ'ל,,IL,קרם לילה אוליב,מיליליטרים,50.00,"100 מ""ל",false,0,21.20,42.40,true,1,
7290104500572,false,אפרופו חטיף תירס איטליאנו אסם 50 גרם,מיוצר עי קונדיטוריית,IL,אפרופו איטליאנו,גרמים,50.00,100 גרם,false,0,5.90,11.80,true,1,
7290104960130,false,שפתון קןלור קוד N43,קרליין,IL,שפתון קולור קוד,יחידה,1.00,יחידה,false,0,51.20,51.20,true,1,
7290104960239,false,"תחליב רחצה נקה 7 ארומה לבן 750 מ""ל",טרופיקל דגיל תעשיות קוסמ,IL,תחליב רחצה נקה 7,מיליליטרים,750.00,"100 מ""ל",false,0,11.00,1.47,true,1,
7290104960246,false,"נקה 7 - תחליב רחצה ורד ויסמין 750 מ""ל",טרופיקל דגיל תעשיות קוסמ,IL,תחליב רחצה נקה 7,מיליליטרים,750.00,"100 מ""ל",false,0,11.00,1.47,true,1,
7290104960253,false,"תחליב רחצה נקה 7 לבנדר סגול 750מ""ל",טרופיקל דגיל תעשיות קוסמ,IL,תחליב רחצה נקה 7,מיליליטרים,750.00,"100 מ""ל",false,0,11.00,1.47,true,1,
7290104960338,false,"נקה 7 תחליב רחצה ארומה אלוורה ותה ירוק 750מ""ל",טרופיקל דגיל תעשיות קוסמ,IL,תחליב רחצה נקה 7,מיליליטרים,750.00,"100 מ""ל",false,0,11.00,1.47,true,1,
7290104960475,false,לקה 383,קרליין,IL,לקה 383,יחידה,1.00,יחידה,false,0,12.70,12.70,true,1,
7290104960864,false,קרליין - שפתון ליפ קולור 712,קרליין,IL,שפתון ליפקולור,יחידה,1.00,יחידה,false,0,55.40,55.40,true,1,
7290104960963,false,גלוס פנטום כתום,קרליין,IT,גלוס פנטום,יחידה,1.00,יחידה,false,0,38.30,38.30,true,1,
7290104961007,false,קרליין - אליינר אינקליינר שחור,קרליין,DE,אייליינר שחור,יחידה,1.00,יחידה,false,0,46.90,46.90,true,1,
7290104961038,false,אייליינר אינקליינר סגול,קרליין,DE,אייליינר סגול,יחידה,1.00,יחידה,false,0,46.90,46.90,true,1,
7290104961236,false,קרליין - מי פנים לעור רגיל / מעורב,קרליין,IL,מי פנים,מיליליטרים,260.00,"100 מ""ל",false,0,34.10,13.12,true,1,
7290104961359,false,קרליין - שפתון קולור מאט 24,קרליין,IL,שפתון,יחידה,1.00,יחידה,false,1,55.40,55.40,true,1,
7290104961526,false,דאודורנט ספריי גוף טיטניום קלאסיק Titanium Classic,"אמיליה קוסמטיקס בע""מ",IL,טיטניום ספריי,מיליליטרים,150.00,"100 מ""ל",false,0,14.00,9.33,true,1,
7290104961540,false,דאודורנט ספריי גוף טיטניום מטאל Titanium Metal,אמיליה קוסמטיקס,IL,טיטניום ספריי,מיליליטרים,150.00,"100 מ""ל",false,0,14.00,9.33,true,1,
7290104961588,false,מאסק מי א.ד.ט 50מל,קרליין,IL,Musk me לאשה,מיליליטרים,50.00,"100 מ""ל",false,0,38.30,76.60,true,1,
7290104961663,false,קרליין - מברשת צללית שטוחה 04,קרליין,CN,מברשת צלליות,יחידה,1.00,יחידה,false,0,21.20,21.20,true,1,
7290104961687,false,קרליין - מברשת פודרה וברונזר 02,קרליין,CN,מברשת 02,יחידה,1.00,יחידה,false,0,29.80,29.80,true,1,
7290104961694,false,קרליין - מברשת מייק אפ וקונס 01,קרליין,CN,מברשת מייק אפ,יחידה,1.00,יחידה,false,0,29.80,29.80,true,1,
7290104961878,false,"שמפו לשיער קרטין אינטנס פורמולה 400 מ""ל נטורל",נטורל פורמולה Natural Formula,IL,שמפו קרטין,מיליליטרים,400.00,"100 מ""ל",false,0,25.50,6.38,true,1,
7290104961885,false,מרכך קרטין טהור לשיער שעבר החלקה או עיצוב בחום,נטורל פורמולה Natural Formula,IL,מרכך קרטין,מיליליטרים,400.00,"100 מ""ל",false,0,25.50,6.38,true,1,
7290104961892,false,מסכת קרטין טהור לשיער שעבר החלקה או עיצוב בחום,נטורל פורמולה Natural Formula,IL,מסכת קרטין,מיליליטרים,350.00,"100 מ""ל",false,0,34.10,9.74,true,1,
7290104961908,false,נ.פורמולה קרטין אינטנס סרום לשיער 145 מל,נטורל פורמולה Natural Formula,IL,סרום קרטין,מיליליטרים,145.00,"100 מ""ל",false,0,42.60,29.38,true,1,
7290104961915,false,קרליין - מסקרה בולד שחור,קרליין,IT,BOLD מסקרה שחורה,יחידה,1.00,יחידה,false,1,59.70,59.70,true,1,
7290104961922,false,"קרליין - פריימר אול אין 1 30 מ""ל",קרליין,IL,פריימר IN ALL 1,מיליליטרים,30.00,"100 מ""ל",false,1,88.80,296.00,true,1,
7290104961939,false,קרליין BB פרפקט קר קרם בהיר,קרליין,IL,PERFECT BB קרם,מיליליטרים,50.00,"100 מ""ל",false,0,76.80,153.60,true,1,
7290104961946,false,קרליין BB פרפקט קר קרם מדיום,קרליין,IL,PERFECT BB קרם,מיליליטרים,50.00,"100 מ""ל",false,0,76.80,153.60,true,1,
7290104962073,false,דאודורנט ספריי גוף טיטניום גולד Titanium Gold,"אמיליה קוסמטיקס בע""מ",IL,דאו.טיטניום,מיליליטרים,180.00,"100 מ""ל",false,0,14.00,7.78,true,1,
7290104962080,false,"טיטניום - דאודורנט ספריי לגבר גולד 150 מ""ל",משווק: קוסמופארם בעמ,IL,דאו.טיטניום,מיליליטרים,150.00,"100 מ""ל",false,0,14.00,9.33,true,1,
7290104962134,false,דאודורנט קרליין רול און נושם לנערות ללא אלומיניום,מיוצר עי : אמיליה קוסמטי,IL,רול און נושם,מיליליטרים,75.00,"100 מ""ל",false,0,11.80,15.73,true,1,
7290104962462,false,"טיטניום - קוונטום בושם לגבר א.ד.ט 100 מ""ל",קרליין,IL,טיטניום,מיליליטרים,100.00,"100 מ""ל",false,1,67.50,67.50,true,1,
7290104962592,false,קרליין - מברשת מייק אפ דו פייברית 08,קרליין,CN,מברשת מייק אפ 08,יחידה,1.00,יחידה,false,1,29.80,29.80,true,1,
7290104962608,false,קרליין - שפתון ליפ קולור 715,קרליין,IL,שפתון,יחידה,1.00,יחידה,false,1,55.40,55.40,true,1,
7290104962721,false,"קרליין - קרם יום רב תועלת רויואל 50 מ""ל",קרל.איפור/טיפוח,IL,REVIVAL קרם יום,מיליליטרים,50.00,"100 מ""ל",false,0,128.20,256.40,true,1,
7290104962844,false,"שמפו אמפולה לטיפול אינטנסיבי לשיער יבש, צבוע ופגום",נטורל פורמולה Natural Formula,IL,שמפו אמפולה,מיליליטרים,400.00,"100 מ""ל",false,1,25.50,6.38,true,1,
7290104962851,false,"מרכך אמפולה לטיפול אינטנסיבי לשיער יבש, צבוע ופגום",נטורל פורמולה Natural Formula,IL,מרכך אמפולה,מיליליטרים,400.00,"100 מ""ל",false,1,25.50,6.38,true,1,
7290104962868,false,"מסכת אמפולה לטיפול אינטנסיבי לשיער יבש, צבוע ופגום",נטורל פורמולה Natural Formula,IL,מסכת אמפולה,מיליליטרים,350.00,"100 מ""ל",false,1,34.10,9.74,true,1,
7290104962882,false,"קרליין - סבון פנים עם מברשת ניקוי 150 מ""ל","קוסמופארם בע""\מ.",IL,סבון פנים מקציף,מיליליטרים,150.00,"100 מ""ל",false,1,38.30,25.53,true,1,
7290104963001,false,סופטקר מגבונים לחים רביעייה בניחוח עדין,החברה הדרומית,IL,מגבונים סופטקר,יחידה,1.00,יחידה,false,1,17.00,17.00,true,1,
7290104963018,false,סופטקר מגבונים לחים רביעייה ללא בישום,החברה הדרומית,IL,מגבונים סופטקר,יחידה,1.00,יחידה,false,1,17.00,17.00,true,1,
7290104963056,false,קרליין - מסקרה בולד כחול כהה,קרליין,IT,מסקרה כחול,יחידה,1.00,יחידה,false,1,59.70,59.70,true,1,
7290104963063,false,קרליין - מסקרה בולד חום כהה,קרליין,IT,מסקרה חום,יחידה,1.00,יחידה,false,1,59.70,59.70,true,1,
7290104963155,false,"סופטקר שמן לתינוקות 500 מ""ל",קוסמופארם בע'\'\מ,IL,סופטקר שמן,מיליליטרים,500.00,"100 מ""ל",false,1,22.10,4.42,true,1,
7290104963162,false,"סופטקר - קרם גוף לתינוקות 500 מ""ל",קוסמופארם בע'\'\מ,IL,סופטקר קרם גוף,מיליליטרים,500.00,"100 מ""ל",false,1,20.00,4.00,true,1,
7290104963223,false,סופטקר - אל סבון עדין לתינוק לעור רגיש 1 ליטר,קוסמופארם בע'\'\מ,IL,סופטקר אל סבון,ליטרים,1.00,ליטר,false,1,16.00,16.00,true,1,
7290104963285,false,"קרליין - מייק אפ הידרה בוסט 402 30 מ""ל",קרל.איפור/טיפוח,IL,HYDRAמייקאפ 400,מיליליטרים,30.00,"100 מ""ל",false,0,85.30,284.33,true,1,
7290104963308,false,"קרליין - מייק אפ הידרה בוסט 404 30 מ""ל",קרל.איפור/טיפוח,IL,מייק אפ הידרה בו,מיליליטרים,30.00,"100 מ""ל",false,0,85.30,284.33,true,1,
7290104963360,false,קרליין - עפרון שפתיים עם חידוד 168,קרל.איפור/טיפוח,IL,עפרון שפתיים חיד,יחידה,1.00,יחידה,false,0,25.50,25.50,true,1,
7290104963377,false,קרליין - עפרון שפתיים עם חידוד 169,קרל.איפור/טיפוח,IL,עפרון שפתייםעם ח,יחידה,1.00,יחידה,false,0,25.50,25.50,true,1,
7290104963469,false,קרליין - עפרון גבות ASH BROWN 02,קרל.איפור/טיפוח,CN,עפרון גבות משולש,יחידה,1.00,יחידה,false,0,25.50,25.50,true,1,
7290104963476,false,קרליין - עפרון גבות WARM BROWN 03,קרל.איפור/טיפוח,CN,עפרון גבות משולש,יחידה,1.00,יחידה,false,0,25.50,25.50,true,1,
7290104963490,false,קרליין - שפתון קולור מאט 29,קרליין,IL,MATT COLOR שפתון,יחידה,1.00,יחידה,false,1,55.40,55.40,true,1,
7290104963544,false,קרליין - פרו ערכת צלליות,פארפארם,IL,סט קונטור,יחידה,1.00,יחידה,false,1,61.40,61.40,true,1,
7290104963636,false,קרליין - שפתון קולור מאט 31,קרל.איפור/טיפוח,IL,שפתון קולור מאט,יחידה,1.00,יחידה,false,0,55.40,55.40,true,1,
7290104963650,false,נקה 7 שמפו אל דמע סופטקר 1 ליטר,קוסמופארם בע'\'\מ,IL,סופטקר שמפו,ליטרים,1.00,ליטר,false,1,16.00,16.00,true,1,
7290104963674,false,קרליין יאנג-פילינג גרגירים לפנים לעור,אגיס,IL,יאנג תרחיץ גרגיר,מיליליטרים,150.00,"100 מ""ל",false,1,29.80,19.87,true,1,
7290104963902,false,קרליין אורבן דיפנס קרם לחות והגנה 50 מל,פאר פארם בעמ,IL,URBAN קרם יום,מיליליטרים,50.00,"100 מ""ל",false,1,76.80,153.60,true,1,
7290104963940,false,מגבוני פחם שחורים להסרת איפור פנים ועיניים,קרליין Careline,IL,מגבונים מסיר איפ,יחידה,1.00,יחידה,false,1,12.70,12.70,true,1,
7290104963957,false,"קרליין - תרחיץ פנים אויל פרי 300 מ""ל",General,IL,תרחיץ פנים אוייל,מיליליטרים,300.00,"100 מ""ל",false,1,29.80,9.93,true,1,
7290104963964,false,קרליין יאנג תרחיץ פנים גל לניקוי פנים,General,IL,תרחיץ פנים YOUNG,מיליליטרים,300.00,"100 מ""ל",false,1,29.80,9.93,true,1,
7290104964053,false,"קרליין - סבון פנים עם מברשת ניקוי יאנג 150 מ""ל",קרליין,IL,ג'ל פנים מקציף,מיליליטרים,150.00,"100 מ""ל",false,1,38.30,25.53,true,1,
7290104964060,false,"טיטניום - אלמנט בושם לגבר א.ד.ט 100 מ""ל",קרליין,IL,טיטניום אלמנט,מיליליטרים,100.00,"100 מ""ל",false,1,67.50,67.50,true,1,
7290104964084,false,"קרליין - מולטי אפקט קרם יום 50 מ""ל 25SPF",זוהר קוסמטיקה,IL,EFFECT MULTI קרם,מיליליטרים,50.00,"100 מ""ל",false,1,38.30,76.60,true,1,
7290104964091,false,"קרליין - מולטי אפקט קרם לילה 50 מ""ל",פאר פארם בעמ,IL,קרם לילה,מיליליטרים,50.00,"100 מ""ל",false,1,38.30,76.60,true,1,
7290104964107,false,"קרליין - מולטי אפקט קרם עיניים 30 מ""ל",פאר פארם בעמ,IL,EFFECT MULTI קרם,מיליליטרים,30.00,"100 מ""ל",false,1,38.30,127.67,true,1,
7290104964183,false,"קרליין - ג'ל שקוף ליבוש פצעים אויל פרי 10 מ""ל",אגיס,IL,ג'ל לייבוש פצעים,יחידה,1.00,יחידה,false,1,42.60,42.60,true,1,
7290104964190,false,קרליין קליר סקין מסכה מתחממת,קרל.איפור/טיפוח,IL,קליר סקין מסכה מ,מיליליטרים,100.00,"100 מ""ל",false,0,55.40,55.40,true,1,
7290104964206,false,ג'ל מיסלרי להסרת איפור וניקוי הפנים והעיניים,אמיליה קוסמטיקס,IL,ג'ל מיסלרי,מיליליטרים,260.00,"100 מ""ל",false,1,34.10,13.12,true,1,
7290104964220,false,קרליין קליר סקין גל מרענן לניקוי הפנים,אמיליה קוסמטיקס,IL,ג'ל לניקוי פנים,מיליליטרים,300.00,"100 מ""ל",false,1,29.80,9.93,true,1,
7290104964244,false,קרליין מייק אפ לרגליים - לייט 150 מל,אמיליה קוסמטיקס,IL,ספריי מייק אפ,מיליליטרים,150.00,"100 מ""ל",false,1,64.00,42.67,true,1,
7290104964282,false,BOLD מסקרה אניגמה שחור,,IT,מסקרה אניגמה,יחידה,1.00,יחידה,false,1,59.70,59.70,true,1,
7290104964411,false,"קרליין - ספריי מקבע איפור 145 מ""ל",קרליין,IL,מקבע איפור ספריי,מיליליטרים,145.00,"100 מ""ל",false,0,34.10,23.52,true,1,
7290104964428,false,קרליין - קונסילר כיסוי גבוה 01,,IL,קונסילר לכיסוי מ,יחידה,1.00,יחידה,false,1,46.90,46.90,true,1,
7290104964435,false,קרליין - קונסילר כיסוי גבוה 02,,IL,קונסילר לכיסוי מ,יחידה,1.00,יחידה,false,1,46.90,46.90,true,1,
7290104964442,false,קרליין - קונסילר כיסוי גבוה 03,,IL,קונסילר לכיסוי מ,יחידה,1.00,יחידה,false,1,46.90,46.90,true,1,
7290104964466,false,קרליין - מסקרה בולד מעגלת שחור,,IL,BOLD מסקרה מעגלת,יחידה,1.00,יחידה,false,1,59.70,59.70,true,1,
7290104964473,false,קרליין - מסקרה בולד סטיי לונג שחור,,IL,BOLD מסקרה שחורה,יחידה,1.00,יחידה,false,1,59.70,59.70,true,1,
7290104964565,false,קרליין מסכה מתקלפת לניקוי לכל סוגי העור,פאר פארם בעמ,IL,מסכה מתקלפת שחור,מיליליטרים,150.00,"100 מ""ל",false,1,42.60,28.40,true,1,
7290104964572,false,קרליין מסכה מתקלפת לחות והזנה לכל סוגי ה,פאר פארם בעמ,IL,מסכה מתקלפת זהב,מיליליטרים,150.00,"100 מ""ל",false,1,42.60,28.40,true,1,
7290104964589,false,קרליין מסכה מתקלפת מיצוק ומתיחה לכל סוגי,פאר פארם בעמ,IL,מסכה מתקלפת כסף,מיליליטרים,150.00,"100 מ""ל",false,1,42.60,28.40,true,1,
7290104964787,false,"קרליין - ספלאש קרם עיניים 30 מ""ל",אגיס,IL,ספלאש קרם עיניים,מיליליטרים,30.00,"100 מ""ל",false,1,34.10,113.67,true,1,
7290104964800,false,"קרליין - קרם רב תכליתי המפ 50 מ""ל",אגיס,IL,המפ קרם יום,מיליליטרים,50.00,"100 מ""ל",false,1,68.20,136.40,true,1,
7290104964916,false,קרליין - מגבונים להסרת איפור דו פאזי 25 יח',קוסמופארם,IL,מגבוני דו פזי פח,יחידה,1.00,יחידה,false,1,12.70,12.70,true,1,
7290104964923,false,גלוס Lip Plumper - שפתון מנפח שפתיים,,IL,אינטנס ליפ פלומר,מיליליטרים,8.00,"100 מ""ל",false,1,42.60,532.50,true,1,
7290104964930,false,קרליין - פיגמנט ללחיים ולשפתיים,,IL,ליפ טיינט שפתון,מיליליטרים,10.00,"100 מ""ל",false,1,34.10,341.00,true,1,
7290104964947,false,"קרלין - תרחיץ ניקוי פנים ויטמין סי 300 מ""ל","קוסמופארם בע""\מ",IL,ויטמין Cתרחיץ פנ,מיליליטרים,300.00,"100 מ""ל",false,1,29.80,9.93,true,1,
7290104964961,false,קרליין מסכת בד ויטמין C למראה עור אחיד ו,קרליין,IL,מסכת בד טיפוח,יחידה,1.00,יחידה,false,1,8.50,8.50,true,1,
7290104964978,false,קרליין מסכת בד פחם טבעי לטיהור וניקוי הע,קרליין,IL,מסכת בד טיפוח פח,יחידה,1.00,יחידה,false,1,8.50,8.50,true,1,
7290104965005,false,קונסילר לכיסוי מלא 00 יח,,IL,קונסילר לכיסוי מ,יחידה,1.00,יחידה,false,1,46.90,46.90,true,1,
7290104965029,false,שפתון קולור גלוס 40 יח',,IL,שפתון קולור גלוס,יחידה,1.00,יחידה,false,1,34.10,34.10,true,1,
7290104965036,false,שפתון קולור גלוס 41 יח',,IL,שפתון קולור גלוס,יחידה,1.00,יחידה,false,1,34.10,34.10,true,1,
7290104965043,false,שפתון קולור גלוס 43 יח',,IL,שפתון קולור גלוס,יחידה,1.00,יחידה,false,1,34.10,34.10,true,1,
7290104965074,false,שפתון קולור גלוס 42 יח',,IL,שפתון קולור גלוס,יחידה,1.00,יחידה,false,1,34.10,34.10,true,1,
7290104965135,false,סט 9 צלליות 02 קר כקרח,לג'ו שיאנג,CN,סט 9 צלליות 02 ק,יחידה,1.00,יחידה,false,1,68.20,68.20,true,1,
7290104965159,false,סט 9 צלליות 04 מעושן כהה,לג'ו שיאנג,CN,סט 9 צלליות 04 מ,יחידה,1.00,יחידה,false,1,68.20,68.20,true,1,
7290104965647,false,קרליין דאו רול און נושם סוויט קיס לנערות,מיוצר עי : אמיליה קוסמטי,IL,דאורדורנט רול א,מיליליטרים,75.00,"100 מ""ל",false,1,11.80,15.73,true,1,
7290104965654,false,קרליין נושם דאו סטיק סוויט קיס לנערות 50,מיוצר עי : אמיליה קוסמטי,IL,דאורדורנט סטיק,מיליליטרים,50.00,"100 מ""ל",false,1,16.10,32.20,true,1,
7290104969850,false,"קרליין - פרו קולגן בוסטר 30 מ""ל",אגיס,IL,BOOSTER קולגן,מיליליטרים,30.00,"100 מ""ל",false,1,59.70,199.00,true,1,
7290104969881,false,קרליין בוסטר סרום חומצה היאלורונית 30 מל,אגיס,IL,BOOSTER חומצה הי,מיליליטרים,30.00,"100 מ""ל",false,1,59.70,199.00,true,1,
7290104969911,false,"קרליין - סי פאוור קרם עיניים 30 מ""ל",פאר פארם בעמ,IL,פאוור סי קרם עינ,מיליליטרים,30.00,"100 מ""ל",false,1,42.60,142.00,true,1,
7290104969928,false,"קרליין - סי פאוור קרם לילה 50 מ""ל",פאר פארם בעמ,IL,פאוור סי קרם ליל,מיליליטרים,50.00,"100 מ""ל",false,1,42.60,85.20,true,1,
7290104969935,false,"קרליין - סי פאוור קרם יום 50 מ""ל",פאר פארם בעמ,IL,פאוור סי קרם יום,מיליליטרים,50.00,"100 מ""ל",false,1,42.60,85.20,true,1,
7290105029188,false,ג'ל מילוי קמטים - מאליס,,IL,ג'ל מילוי קמטים,מיליליטרים,20.00,"100 מ""ל",false,1,58.90,294.50,true,1,
7290105029195,false,קפסולות סופר ליפטינג יחי,,IL,קפסולות סופר ליפ,יחידה,1.00,יחידה,false,1,58.90,58.90,true,1,
7290105360250,false,קפסולות 09 עשיר וארומטי למכונת נספרסו עלית 10יח',הנסיך- מפעל לייצור ט,IL,קפסולות קפה,גרמים,50.00,100 גרם,false,0,17.00,34.00,true,1,
7290105360335,false,קפסולות אספרסו למכונות נספרסו 50 גר,הנסיך- מפעל לייצור ט,IL,קפסולות מס' 7,גרמים,50.00,100 גרם,false,0,17.00,34.00,true,1,
7290105363602,false,מקלות כיף כף קלאסי עלית 40 גרם,שולן צ'\יקולטה גידה סאן.,TR,כיף כף מקלות,גרמים,40.00,100 גרם,false,0,5.50,13.75,true,1,
7290105364289,false,מקלות כיף כף פצפוצים עלית 40 גרם,שולן צ'\יקולטה גידה סאן.,TR,כיף כף מקלות,גרמים,40.00,100 גרם,false,0,5.50,13.75,true,1,
7290105430441,false,תחליב רחצה סחלב שחור וקרם לחות Naturals משאבה,הנסיך- מפעל לייצור ט,TR,סבון פלמוליב,מיליליטרים,750.00,"100 מ""ל",false,0,15.20,2.03,true,1,
7290105430458,false,תחליב רחצה מועשר בשקדים וקרם לחות Naturals משאבה,הנסיך- מפעל לייצור ט,TR,סבון פלמוליב,מיליליטרים,750.00,"100 מ""ל",false,0,15.20,2.03,true,1,
7290105431868,false,"סבון פלמוליב נוזלי ספא קוקוס גרגרים 500 מ""ל",הנסיך- מפעל לייצור ט,TR,פלמוליב ספא,מיליליטרים,500.00,"100 מ""ל",false,0,16.10,3.22,true,1,
7290105433961,false,"ליידי ספיד סטיק לסס פרש אסנס ספריי דובדבן, 150 מ""ל",קולגייט-פלמוליב,RU,ליידי ספיד סטיק,מיליליטרים,150.00,"100 מ""ל",false,0,12.70,8.47,true,1,
7290105433985,false,ליידי ספיד סטיק פרש אסנס פריחת הדובדבן סטיק 65 גר,ליידי ספיד סטיק Lady Speed Stick,US,ליידי ספיד סטיק,גרמים,65.00,100 גרם,false,0,15.20,23.38,true,1,
7290105434029,false,"ספיד סטיק - דאודורנט ספריי לגבר נוטרו פאואר 150 מ""ל",הנסיך- מפעל לייצור ט,RU,דאו. ספיד סטיק,מיליליטרים,150.00,"100 מ""ל",false,0,12.70,8.47,true,1,
7290105434050,false,ספיד סטיק - דאודורנט סטיק לגבר XL ירוק רגיולר 85 גרם,קולגייט פלמוליב,US,דאו. ספיד סטיק,יחידה,1.00,יחידה,false,0,15.20,15.20,true,1,
7290105434067,false,ספיד סטיק - דאודורנט סטיק לגבר XL אושן סרף 85 גרם,קולגייט פלמוליב,US,דאו. ספיד סטיק,יחידה,1.00,יחידה,false,0,15.20,15.20,true,1,
7290105436382,false,חטיף פרי תמרים קשיו ללא תוספת סוכר וגלוטן 5 יח,טבעית מוצרים מן הטבע בעמ,IL,חטיפי FREE,גרמים,125.00,100 גרם,false,0,17.00,13.60,true,1,
7290105691224,false,אסם חטיפי פריכונים טורטייה שום בצל 60 גרם,"פרח תעשיות מזון בע""מ.",IL,קריספי טורטיה,גרמים,60.00,100 גרם,false,0,9.30,15.50,true,1,
7290105691248,false,אסם חטיפי פריכונים טורטייה תירס 60 גרם,"פרח תעשיות מזון בע""מ.",IL,קריספי טורטיה,גרמים,60.00,100 גרם,false,0,9.30,15.50,true,1,
7290105968777,false,פריכיות 5 דגנים עם תחתית שוקולד מריר 70 גרם,"טחנת האבן תעשיות בע""",IL,פריכיות + שוקולד,גרמים,70.00,100 גרם,false,0,8.40,12.00,true,1,
7290106262805,false,PRO HAIRמסיכה חמ.שיאה וקרטין לשיער צבוע ו,,IL,מסכה ח.שיאה וקרט,מיליליטרים,400.00,"100 מ""ל",false,1,29.80,7.45,true,1,
7290106262812,false,PRO HAIRסרום חמ.שיאה וקרטין לשיער צבוע ופ,גויה מעבדות לקוסמטיק,IL,סרום מעושר בח.שי,מיליליטרים,125.00,"100 מ""ל",false,1,29.80,23.84,true,1,
7290106263413,false,פרוהייר - שמפו חמאת שיאה וקרטין צבוע ופגום ללא מלח 1 ליטר,,IL,שמפו ח.שיאה וקרט,מיליליטרים,1000.00,"100 מ""ל",false,1,29.80,2.98,true,1,
7290106263673,false,פרוהייר - שמפו טיפולי שמן מרוקאי ללא מלח 1 ליטר,,IL,שמפו טיפולי שמן,מיליליטרים,1000.00,"100 מ""ל",false,1,29.80,2.98,true,1,
7290106263680,false,PRO HAIRסרום שמן מרוקאי לרגיל/יבש ללא מלח,,IL,סרום טיפולי שמן,מיליליטרים,125.00,"100 מ""ל",false,1,29.80,23.84,true,1,
7290106263697,false,PRO HAIRמסיכה שמן מרוקאי לרגיל/יבש ללא מל,,IL,מסכת שמן מרוקאי,מיליליטרים,400.00,"100 מ""ל",false,1,29.80,7.45,true,1,
7290106263925,false,"פרוהייר - מרכך שמן מרוקאי ללא מלח 400 מ""ל",,IL,מרכך שמן מרוקאי,מיליליטרים,400.00,"100 מ""ל",false,1,17.00,4.25,true,1,
7290106264359,false,סאן&קאר שמן אגוזים 200 SPF6מ'ל,אנרג'ייזר,US,סאן&קאר שמן אגוז,מיליליטרים,200.00,"100 מ""ל",false,1,17.00,8.50,true,1,
7290106265370,false,שמפו מקדמיה לשיער יבש1לי,,IL,שמפו מקדמיה,מיליליטרים,1000.00,"100 מ""ל",false,1,29.80,2.98,true,1,
7290106265400,false,"סרום מקדמיה 125 מ""ל",,IL,סרום מקדמיה,מיליליטרים,125.00,"100 מ""ל",false,1,29.80,23.84,true,1,
7290106265417,false,מסכת מקדמיה שיער יבש400מ,,IL,מסכת מקדמיה לשיע,מיליליטרים,400.00,"100 מ""ל",false,1,29.80,7.45,true,1,
7290106266261,false,PRO HAIRק.לחות שמן מרוקאי לשיער רגיל/יבש,,IL,קרם לחות שמן מרו,מיליליטרים,400.00,"100 מ""ל",false,1,17.00,4.25,true,1,
7290106266278,false,PRO HAIRק.לחות קרטין לשיער יבש מאוד/פגום,,IL,קרם לחות קרטין,מיליליטרים,400.00,"100 מ""ל",false,1,17.00,4.25,true,1,
7290106266599,false,סאן&קאר ספריי ילדיםSPF50,אמיליה,IL,סאן&קאר ספריי,מיליליטרים,300.00,"100 מ""ל",false,1,29.80,9.93,true,1,
7290106266605,false,סאן&קאר ספריי מבוגרSPF50,אמיליה,IL,סאן&קאר ספריי,מיליליטרים,300.00,"100 מ""ל",false,1,29.80,9.93,true,1,
7290106266865,false,עפרון עינים ג'ל 228 יח',א.פ.חורי,IL,עפרון עינים ג'ל,יחידה,1.00,יחידה,false,1,13.50,13.50,true,1,
7290106267671,false,PRO HAIRמסיכה קוקוס לשיער יבש מאוד/פגום ל,,IL,מסכת שמן קוקוס,מיליליטרים,400.00,"100 מ""ל",false,1,29.80,7.45,true,1,
7290106267688,false,PRO HAIRסרום קוקוס לשיער יבש מאוד/פגום לל,,IL,סרום שמן קוקוס,מיליליטרים,125.00,"100 מ""ל",false,1,29.80,23.84,true,1,
7290106269385,false,סט גולד רוז מוצרים במעמד,ספא פארמה,CN,סט גולד רוז מוצר,יחידה,1.00,יחידה,false,1,25.50,25.50,true,1,
7290106269699,false,לסרה מי פנים לרגיש מועשר בתה ירוק ומלפפוני,,IL,מי פנים מועשר ב,מיליליטרים,250.00,"100 מ""ל",false,1,15.30,6.12,true,1,
7290106290358,false,PEARL ICON א.ד.פ לאשה,גייד בישום,IL,PEARL ICON לאשה,מיליליטרים,50.00,"100 מ""ל",false,0,89.00,178.00,true,1,
7290106290686,false,עפרון שפתיים עמיד82 יח',גייד,IT,עפרון שפתיים 82,יחידה,1.00,יחידה,false,0,41.80,41.80,true,1,
7290106290693,false,עפרון שפתיים עמיד83 יח',גייד,IT,עפרון שפתיים 83,יחידה,1.00,יחידה,false,0,41.80,41.80,true,1,
7290106290723,false,עפרון שפתיים עמיד86 יח',גייד,IT,עפרון שפתיים 86,יחידה,1.00,יחידה,false,0,41.80,41.80,true,1,
7290106290730,false,עפרון שפתיים עמיד87 יח',גייד,IT,עפרון שפתיים 87,יחידה,1.00,יחידה,false,0,41.80,41.80,true,1,
7290106290747,false,עפרון שפתיים עמיד88 יח',גייד,IT,עפרון שפתיים 88,יחידה,1.00,יחידה,false,0,41.80,41.80,true,1,
7290106290761,false,עפרון שפתיים עמיד90 יח',גייד,IT,עפרון שפתיים 90,יחידה,1.00,יחידה,false,0,41.80,41.80,true,1,
7290106290778,false,עפרון שפתיים עמיד91 יח',גייד,IT,עפרון שפתיים 91,יחידה,1.00,יחידה,false,0,41.80,41.80,true,1,
7290106290785,false,גייד חלב פנים ומי פנים בתכשיר אחד 200 מל,דניה,IL,חלב ומי פנים,מיליליטרים,200.00,"100 מ""ל",false,0,38.40,19.20,true,1,
7290106290945,false,עפרון עיינים טוש כחול,גייד,IL,עפרון עיינים טוש,יחידה,1.00,יחידה,false,0,50.40,50.40,true,1,
7290106291089,false,מייק אפ איידליק 301 30מל,גייד,IT,מייק אפ איידל301,מיליליטרים,30.00,"100 מ""ל",false,0,115.30,384.33,true,1,
7290106291096,false,מייק אפ איידליק 302 30מל,גייד,IT,מייק אפ איידל302,מיליליטרים,30.00,"100 מ""ל",false,0,115.30,384.33,true,1,
7290106291799,false,פודרה אידיליק מינרלית100,גייד,IT,פודרה אידיליק מי,יחידה,1.00,יחידה,false,0,93.10,93.10,true,1,
7290106291805,false,פודרה אידיליק מינרלית101,גייד,IT,פודרה אידיליק מי,יחידה,1.00,יחידה,false,0,93.10,93.10,true,1,
7290106292130,false,סומק עם מראה אידיליק06,גייד,IL,סומק עם מראה06,יחידה,1.00,יחידה,false,0,76.00,76.00,true,1,
7290106292147,false,סומק עם מראה אידיליק07,גייד,IL,סומק עם מראה 07,יחידה,1.00,יחידה,false,0,76.00,76.00,true,1,
7290106292161,false,סומק עם מראה אידיליק26,גייד,IL,סומק עם מראה 26,יחידה,1.00,יחידה,false,0,76.00,76.00,true,1,
7290106292406,false,אדמה אינדיאנית אידיליק62,גייד,IT,אדמה אינדיאנית א,יחידה,1.00,יחידה,false,0,84.60,84.60,true,1,
7290106292413,false,אדמה אינדיאנית אידיליק65,גייד,IT,אדמה אינדיאנית א,יחידה,1.00,יחידה,false,0,84.60,84.60,true,1,
7290106292420,false,אדמה אינדיאנית אידיליק66,גייד,IT,אדמה אינדיאנית א,יחידה,1.00,יחידה,false,0,84.60,84.60,true,1,
7290106292437,false,אדמה אינדיאנית אידיליק67,גייד,IT,אדמה אינדיאנית א,יחידה,1.00,יחידה,false,0,84.60,84.60,true,1,
7290106292444,false,פודרה עם מראה אידיליק20,גייד,IT,פודרה עם מראה אי,יחידה,1.00,יחידה,false,0,67.50,67.50,true,1,
7290106292468,false,פודרה עם מראה אידיליק90,גייד,IL,פודרה עם מראה אי,יחידה,1.00,יחידה,false,0,67.50,67.50,true,1,
7290106292567,false,VANILLA ICON מי גוף לאשה,גייד,IL,ICON מי גוף לאשה,מיליליטרים,200.00,"100 מ""ל",false,0,50.40,25.20,true,1,
7290106292895,false,PERFECTION קרם בסיס,גייד,IT,PERFECTION קרם,מיליליטרים,30.00,"100 מ""ל",false,0,101.70,339.00,true,1,
7290106293151,false,גייד גולד פרימיום קרם יום 50 מל,דניה,CH,PREMIUM GOLD קרם,מיליליטרים,50.00,"100 מ""ל",false,0,187.10,374.20,true,1,
7290106293175,false,COAT TOP לק ג'ל,גייד,FR,COAT TOP לק ג'ל,מיליליטרים,13.00,"100 מ""ל",false,0,24.70,190.00,true,1,
7290106293212,false,גייד מסיר איפור לעיניים 125 מל,דניה,CH,מסיר איפור,מיליליטרים,125.00,"100 מ""ל",false,0,50.40,40.32,true,1,
7290106294011,false,ROSES ICON א.ד.ט לאשה,גייד בישום,IL,ROSES ICON לאשה,מיליליטרים,50.00,"100 מ""ל",false,0,89.00,178.00,true,1,
7290106294158,false,מייק אפ מאט וולווט 106,גייד,IT,מייק אפ מאט 106,מיליליטרים,30.00,"100 מ""ל",false,0,106.80,356.00,true,1,
7290106294493,false,גייד מי פנים לניקוי ורענון העור 200 מל,דניה,IL,GENTLE לפנים,מיליליטרים,200.00,"100 מ""ל",false,0,38.40,19.20,true,1,
7290106294776,false,שפתון גלוס עמיד32 יח',גייד,IT,שפתון גלוס עמ32,יחידה,1.00,יחידה,false,0,67.50,67.50,true,1,
7290106294783,false,שפתון גלוס עמיד33 יח',גייד,IT,שפתון גלוס עמ33,יחידה,1.00,יחידה,false,0,67.50,67.50,true,1,
7290106294851,false,שפתון גלוס עמיד42 יח',גייד,IT,שפתון גלוס עמ42,יחידה,1.00,יחידה,false,0,67.50,67.50,true,1,
7290106294882,false,שפתון גלוס עמיד44 יח',גייד,IT,שפתון גלוס עמ44,יחידה,1.00,יחידה,false,0,67.50,67.50,true,1,
7290106294974,false,שפתון גלוס עמיד53 יח',גייד,IT,שפתון גלוס עמ53,יחידה,1.00,יחידה,false,0,67.50,67.50,true,1,
7290106295438,false,שפתון טרו קולור94 יח',גייד,IT,שפתון טרו קולור9,יחידה,1.00,יחידה,false,0,58.90,58.90,true,1,
7290106295483,false,שפתון טרו קולור164 יח',גייד,IT,שפתון טרו קולור1,יחידה,1.00,יחידה,false,0,58.90,58.90,true,1,
7290106295742,false,גייד תרחיץ גרגרים עדין 200 מל,דניה,IL,תרחיץ גרגירים,מיליליטרים,200.00,"100 מ""ל",false,0,50.40,25.20,true,1,
7290106295841,false,HD IDYLLIC מסקרה שחורה,גייד,DE,HD IDYLLIC מסקרה,יחידה,1.00,יחידה,false,0,76.00,76.00,true,1,
7290106296169,false,BLACK ICON אדט גבר 100מל,גייד בישום,IL,BLACK ICON לגבר,מיליליטרים,100.00,"100 מ""ל",false,0,109.00,109.00,true,1,
7290106296244,false,VERTIGO אדט לגבר 100 מל,גייד בישום,IL,VERTIGO לגבר,מיליליטרים,100.00,"100 מ""ל",false,0,149.50,149.50,true,1,
7290106296503,false,INSTINCT ICON א.ד.ט לאשה,גייד בישום,IL,INSTINCT ICONאשה,מיליליטרים,100.00,"100 מ""ל",false,0,119.00,119.00,true,1,
7290106296640,false,עפרון גבות איידיליק 400,גייד,IT,עפרון גבות איידי,יחידה,1.00,יחידה,false,0,50.40,50.40,true,1,
7290106296657,false,עפרון גבות איידיליק 600,גייד,IT,עפרון גבות איידי,יחידה,1.00,יחידה,false,0,50.40,50.40,true,1,
7290106296909,false,גייד קצף ניקוי מרגיע 150 מל,דניה,IL,SOOTHING קצף,מיליליטרים,150.00,"100 מ""ל",false,0,41.80,27.87,true,1,
7290106297180,false,VERTIGO דאודורנט ספריי,גייד בישום,IL,VERTIGO דאו לגבר,מיליליטרים,200.00,"100 מ""ל",false,0,50.40,25.20,true,1,
7290106297210,false,קונסילר איידילק אקסטר17,גייד,IT,קונסילר איידילק,מיליליטרים,10.00,"100 מ""ל",false,0,72.60,726.00,true,1,
7290106297272,false,גייד גולד פרימיום קרם לילה 50 מל,דניה,CH,PREMIUM GOLD קרם,מיליליטרים,50.00,"100 מ""ל",false,0,187.10,374.20,true,1,
7290106297289,false,גייד גולד פרימיום קרם עיניים 15 מל,דניה,CH,PREMIUM GOLD קרם,מיליליטרים,15.00,"100 מ""ל",false,0,144.40,962.67,true,1,
7290106297531,false,BLACK VANILLA ICON לאשה,גייד בישום,IL,VANILLA ICON אשה,מיליליטרים,100.00,"100 מ""ל",false,0,170.00,170.00,true,1,
7290106297593,false,דאו.לגבר אייקון אקס200מל,גייד בישום,IL,דאודורנט לגבר אי,מיליליטרים,200.00,"100 מ""ל",false,0,33.30,16.65,true,1,
7290106297647,false,גייד שמן הידרה סובלים שמן טיפולי 30 מל,דניה,IL,SUBLIME HYDRAשמן,מיליליטרים,30.00,"100 מ""ל",false,0,101.70,339.00,true,1,
7290106298002,false,אסנשיילס פריימר 30מל,גייד,IT,ESSENTIALS,מיליליטרים,30.00,"100 מ""ל",false,0,127.30,424.33,true,1,
7290106298606,false,קונסילר סטיק לתיקון21 יח,גייד,IT,קונסילר סטיק לתי,יחידה,1.00,יחידה,false,0,67.50,67.50,true,1,
7290106298651,false,OIL MUSK ICON בושם לאשה,גייד בישום,IL,M-O ICON לאשה,מיליליטרים,100.00,"100 מ""ל",false,0,170.00,170.00,true,1,
7290106298743,false,לק קריסטל 540 יח',גייד,IL,לק קריסטל 540,יחידה,1.00,יחידה,false,0,24.70,24.70,true,1,
7290106298873,false,לק קריסטל 543 יח',גייד,IL,לק קריסטל 543,יחידה,1.00,יחידה,false,0,24.70,24.70,true,1,
7290106298910,false,STARSHINE פלטה שימר,גייד,IL,STARSHINE פלטה,יחידה,1.00,יחידה,false,0,89.70,89.70,true,1,
7290106298927,false,OIL MUSK ICON דאודורנט,גייד בישום,IL,M ICON דאודורנט,מיליליטרים,70.00,"100 מ""ל",false,0,33.30,47.57,true,1,
7290106299054,false,ליפגלוס קריסטל לייטס600,גייד,IL,ליפגלוס קריסטל ל,יחידה,1.00,יחידה,false,0,67.50,67.50,true,1,
7290106299542,false,גייד מגבונים להסרת איפור לעיניים ולפנים,דניה,IL,מגבון מסיר איפור,יחידה,1.00,יחידה,false,0,29.90,29.90,true,1,
7290106299627,false,שפתון וולטין מאט753 יח',גייד,IT,שפתון וולטין מאט,יחידה,1.00,יחידה,false,0,64.10,64.10,true,1,
7290106299795,false,פודרה בשילוב 2 גוונים22,גייד,IL,פודרה בשילוב 2 ג,יחידה,1.00,יחידה,false,0,110.20,110.20,true,1,
7290106299931,false,פלטה צללית וולטין 48 יח',גייד,IL,פלטה צללית וולטי,יחידה,1.00,יחידה,false,0,81.20,81.20,true,1,
7290106520066,false,"רבע לשבע שוקולד חלב במילוי אגוזים עלית 160 גרם בד""צ","הגביע מוצרי וופלים בע""\מ",IL,רבע לשבע 160 גרם,גרמים,160.00,100 גרם,false,0,13.50,8.44,true,1,
7290106526822,false,פריכיות אורז חום מלא תחתית שוקולד חלב 80 גרם,"טחנת האבן תעשיות בע""",IL,פריכיות,גרמים,80.00,100 גרם,false,0,8.40,10.50,true,1,
7290106574977,false,בייגלה שטוחים כעכים שטוחים עם מלח,מיוצר עי קונדיטוריית,IL,בייגלה שטוחים,גרמים,300.00,100 גרם,false,0,10.10,3.37,true,1,
7290106720626,false,צ'יטוס קראנצ' בטעם גבינה - חלבי,"שטראוס פריטו ליי בע""\מ )",IL,ציטוס גבינה,גרמים,80.00,100 גרם,false,1,4.10,5.13,true,1,
7290106721913,false,מסטיק מאסט MUST ללא סוכר בטעם מנטה מרעננת,"שטראוס גרופ בע""מ",IL,מסטיק מרעננת,גרמים,66.00,100 גרם,false,1,11.00,16.67,true,1,
7290106721920,false,צנצנת מסטיק מאסט בטעם ספירמינט עדין 66 ג' עלית,"שטראוס גרופ בע""\מ.",IL,מסטיק ספירמינט,גרמים,66.00,100 גרם,false,1,11.00,16.67,true,1,
7290106820319,false,BYNETA מוס לשיזוף עצמי- גוון דארק,לילית,IT,מוס לשיזוף עצמי,מיליליטרים,150.00,"100 מ""ל",false,1,110.20,73.47,true,1,
7290106820326,false,BYNETA ספריי לשיזוף עצמי לפנים ולגוף 125,לילית,IT,ספריי לשיזוף עצמ,מיליליטרים,125.00,"100 מ""ל",false,1,127.30,101.84,true,1,
7290107280020,false,שלישיית מטליות לחות לניקוי כללי סנו סושי 50 יחידות,טרופיקל דגיל- תעשיות,IL,מטליות לחות מארז,יחידה,1.00,יחידה,false,0,22.90,22.90,true,1,
7290107280037,false,מטלית לחות עבות לניקוי סנו סושי מארז 50יח',דינאמיק תעשיות,IL,מגבונים לניקוי,יחידה,1.00,יחידה,false,0,9.30,9.30,true,1,
7290107280761,false,נוזל לניקוי כלים בניחוח לימון רענן סנו ספארק Spark,מיוצר עי קונדיטוריית,IL,נוזל כלים לימון,ליטרים,1.00,ליטר,false,0,11.00,11.00,true,1,
7290107544481,false,קרם להסרת שיער אורנה 19 80 ג',אלפא קוסמטיקה,IL,קרם להסרת שיער,גרמים,80.00,100 גרם,false,1,21.20,26.50,true,1,
7290107544498,false,קרם להסרת שיער לקו ביקיני אורנה 19 80 ג',אלפא קוסמטיקה,IL,דפילטור בקיני,גרמים,80.00,100 גרם,false,1,21.20,26.50,true,1,
7290107544511,false,קרם להסרת שיער לנעורת אורנה 19 80 ג',אלפא קוסמטיקה,IL,דפילטור לנערות,גרמים,80.00,100 גרם,false,1,21.20,26.50,true,1,
7290107649100,false,בייגלה טבעות שומשום 300 גרם.,בייגל את בייגל מזון 198),IL,בייגלה טבעות,גרמים,300.00,100 גרם,false,1,11.00,3.67,true,1,
7290107931397,false,כיף כף פצפוצים במילוי שוקולד 40 גרם,שולן צ'\יקולטה גידה סאן.,TR,כיף כף פצפצים,גרמים,40.00,100 גרם,false,1,5.90,14.75,true,1,
7290107936958,false,עד חצות ביסקוויט אצבעות שוקולד 125 גרם,ביסקוויטס טור ד'\אלבון,FR,עד חצות אצבעות,גרמים,125.00,100 גרם,false,1,11.80,9.44,true,1,
7290107937627,false,מסטיק מאסט Must קוביות ללא סוכר בטעם מנטה עדינה,אסקום קונפקשיין,DE,קוביות מסטיק,גרמים,58.00,100 גרם,false,1,11.00,18.97,true,1,
7290107937634,false,צנצנית מסטיק מאסט קוביות פפירמינט 58 ג' עלית,אסקום קונפקשיין,DE,קוביות מסטיק,גרמים,58.00,100 גרם,false,1,11.00,18.97,true,1,
7290107937641,false,צנצנת מסטיק בזוקה קוביות ללא סוכר,אסקום קונפקשיין,DE,קוביות מסטיק,גרמים,58.00,100 גרם,false,1,11.00,18.97,true,1,
7290107951104,false,בפלות ופלים ארוכים בטעם שוקולד,"שטראוס גרופ בע""\מ",IL,בפלות טעם שוקולד,גרמים,200.00,100 גרם,false,1,5.00,2.50,true,1,
7290107956901,false,קפסולות בטעם אגוזים למכונת נספרסו עלית 10 יחידות,שטראוס קפה בי.וי.,IL,קפסולות אספרסו,גרמים,50.00,100 גרם,false,1,17.00,34.00,true,1,
7290107971744,false,"קולגייט - מי פה טוטל ירוק ספרמינט 500 מ""ל",יבואן ומשווק: ש. שסט,PL,מי פה קולגייט,מיליליטרים,500.00,"100 מ""ל",false,1,15.20,3.04,true,1,
7290107971751,false,מי פה קולגייט טוטל ללא אלכוהול פפרמינט,יבואן ומשווק: ש. שסט,PL,מי פה קולגייט,מיליליטרים,500.00,"100 מ""ל",false,1,15.20,3.04,true,1,
7290107973014,false,"סבון ידיים משאבה פלמוליב חלב ודבש 300 מ""ל",הנסיך- מפעל לייצור ט,TR,סבון ידיים,מיליליטרים,300.00,"100 מ""ל",false,1,8.40,2.80,true,1,
7290107973038,false,"סבון ידיים משאבה פלמוליב אקווריום 300 מ""ל",הנסיך- מפעל לייצור ט,IT,סבון פלמוליב,מיליליטרים,300.00,"100 מ""ל",false,1,8.40,2.80,true,1,
7290107974301,false,ליידי ספיד סטיק - דאודורנט ג'ל לאישה אלוורה 45 גרם,ליידי ספיד סטיק Lady Speed Stick,US,ליידי ספיד סטיק,גרמים,45.00,100 גרם,false,1,15.20,33.78,true,1,
7290107974646,false,מרידול נשימה רעננה שטיפת פה 400 מל,הנסיך- מפעל לייצור ט,PL,מרידול מי פה,מיליליטרים,400.00,"100 מ""ל",false,1,28.90,7.23,true,1,
7290107975285,false,דאו לנערות תות מתוק ליידי ספיד סטיק 65 ג,ליידי ספיד סטיק Lady Speed Stick,US,ספיד סטיק תות,גרמים,65.00,100 גרם,false,1,15.20,23.38,true,1,
7290107975292,false,ליידי ספיד סטיק - דאודורנט סטיק נערות ורוד 65 גרם,ליידי ספיד סטיק Lady Speed Stick,US,ספיד סטיק ורוד,גרמים,65.00,100 גרם,false,1,15.20,23.38,true,1,
7290107975360,false,ליידי ספיד סטיק פיור פרשנס ג'ל נשים 65ג',ליידי ספיד סטיק Lady Speed Stick,US,ליידי ספיד סטיק,גרמים,45.00,100 גרם,false,1,15.20,33.78,true,1,
7290107975544,false,"קולגייט משחת שיניים סמיילס ברבי לגילאי 6 50מ""ל",קולגייט- פלמוליב,PL,משחת שיניים,מיליליטרים,50.00,"100 מ""ל",false,1,13.50,27.00,true,1,
7290107977456,false,"פלמוליב - ג'ל רחצה ושמפו ספורט לגבר 750 מ""ל",קולגייט פלמוליב,TR,ג'ל רחצה פלמוליב,מיליליטרים,750.00,"100 מ""ל",false,1,15.20,2.03,true,1,
7290107977753,false,"משחת שיניים פרודונט אקספרט מרידול , 75 מ""ל",קולגייט פלמוליב,PL,משחת שיניים,מיליליטרים,75.00,"100 מ""ל",false,1,21.00,28.00,true,1,
7290108350616,false,סנו - מקסימה מרכך כביסה מרוכז פריחה כחולה 1 ליטר,"סנו מפעלי ברונוס בע""\מ",IL,מרכך מקסימה,ליטרים,1.00,ליטר,false,1,15.30,15.30,true,1,
7290108350623,false,מרכך כביסה סופר מרוכז סופט סילק מקסימה 1 ל' סנו,"סנו מפעלי ברונוס בע""\מ",IL,מרכך מקסימה,ליטרים,1.00,ליטר,false,1,15.30,15.30,true,1,
7290108350722,false,אורביטול גוניור משחת שיניים בוב ספוג 70ג,טרופיקל דגיל תעשיות קוסמ,IL,משחת אורביטול +6,מיליליטרים,70.00,"100 מ""ל",false,1,10.10,14.43,true,1,
7290108350746,false,מברשת שיניים חשמלית פיות אורביטול,החברה הדרומית,CN,מברשת חשמלית,יחידה,1.00,יחידה,false,1,31.50,31.50,true,1,
7290108351613,false,סנו ריצפז פרש הום 2 ליטר בניחוח מלון חלומי,"סנו מפעלי ברונוס בע""\מ",IL,ריצפז פרש הום,ליטרים,2.00,ליטר,false,1,21.20,10.60,true,1,
7290108351811,false,מרכך כביסה סופר מרוכז Floral touch סנו מקסימה 1 ליטר,מיוצר עי קונדיטוריית,IL,מרכך מקסימה,ליטרים,1.00,ליטר,false,1,15.30,15.30,true,1,
7290108352047,false,אורביטול - צמד מברשות שיניים 808 + חוט דנטלי במתנה,החברה הדרומית,CN,זוג מברשות+חוט,יחידה,1.00,יחידה,false,1,14.40,14.40,true,1,
7290108352061,false,משחת שיניים Go White אורביט 145 גרם עם פחם,טרופיקל דגיל תעשיות קוסמ,IL,משחת אורביטול,גרמים,145.00,100 גרם,false,1,10.10,6.97,true,1,
7290108352078,false,"אורביטול שטיפת פה 500 מ""ל Protective Salt",טרופיקל דגיל תעשיות,IL,אורביטול שטיפה,מיליליטרים,500.00,"100 מ""ל",false,1,17.00,3.40,true,1,
7290108352641,false,סנו סושי מטלית הפלא לניקוי כללי במארז שלישייה,סנו מפעלי ברונוס.,IL,מטליות הפלא 3 יח,יחידה,1.00,יחידה,false,1,11.00,11.00,true,1,
7290108352672,false,צמד מטליות הפלא לרצפה מיקרפייבר סנו סושי,סנו מפעלי ברונוס.,CN,מטליות לרצפה 2יח,יחידה,1.00,יחידה,false,1,16.00,16.00,true,1,
7290108352825,false,ספוג הפלא נירוסטה סנו סושי 3יח',ltdn s.k.a.tסנו מפעלי בר,CN,ספוג הפלא נירוסט,יחידה,1.00,יחידה,false,1,10.10,10.10,true,1,
7290108353099,false,ממחטות אף במארז ניילון סנו סופט 5 יח' * 100 דף,טרופיקל דגיל תעשיות,IL,ממחטות סופט מארז,יחידה,1.00,יחידה,false,1,11.70,11.70,true,1,
7290108353372,false,אורביטול צמד מברשות שיניים 12000 סיבי פחם,"קוסמופארם בע""\מ",IL,מברשות שיניים2יח,יחידה,1.00,יחידה,false,1,25.50,25.50,true,1,
7290108353402,false,צמד מברשות שיניים עם סיבי פחם דקים במיוחד,יבואן ומשווק: ש. שסט,CN,מברשות שיניים,יחידה,1.00,יחידה,false,1,14.40,14.40,true,1,
7290108353419,false,צמד מברשות שיניים עם סיבי הלבנה ספירליים,החברה הדרומית,IL,מברשות שיניים,יחידה,1.00,יחידה,false,1,14.40,14.40,true,1,
7290108353426,false,צמד מברשות שיניים לחניכיים ושיניים רגישות,יבואן ומשווק: ש. שסט,IL,מברשות שיניים,יחידה,1.00,יחידה,false,1,14.40,14.40,true,1,
7290108353440,false,אורביטול מברשות שיניים נאנו לחניכיים 2יח,החברה הדרומית,CN,מברשות שיניים2יח,יחידה,1.00,יחידה,false,1,25.50,25.50,true,1,
7290108353730,false,"קרמה - תחליב רחצה חימר אוכמניות כחולות 500 מ""ל","קוסמופארם בע""\מn\",IL,תחליב רחצה קרמה,מיליליטרים,500.00,"100 מ""ל",false,1,12.70,2.54,true,1,
7290108353747,false,"תחליב רחצה אירוודה, בניחוח טונקה 600 מ""ל קרימה","קוסמופארם בע""\מ",IL,קרמה תחליב רחצה,מיליליטרים,600.00,"100 מ""ל",false,1,17.00,2.83,true,1,
7290108353778,false,"נקה 7 - תחליב רחצה שוודיה בניחוח פיטנגו 750 מ""ל","אמיליה קוסמטיקס בע""מ",IL,תחליב רח.פינטגו,מיליליטרים,750.00,"100 מ""ל",false,1,11.00,1.47,true,1,
7290108353785,false,תחליב רחצה נקה 7 מרוקו בניחוח טונקה 750,"אמיליה קוסמטיקס בע""מ",IL,תחליב רחצה,מיליליטרים,750.00,"100 מ""ל",false,1,11.00,1.47,true,1,
7290108353792,false,"תחליב רחצה יפן נקה 7 בניחוח פריחת הדובדבן 750 מ""ל","אמיליה קוסמטיקס בע""מ",IL,תחליב רחצה בניחו,מיליליטרים,750.00,"100 מ""ל",false,1,11.00,1.47,true,1,
7290108353808,false,"תחליב רחצה מדגסקר נקה 7 בניחוח אמבר 750 מ""ל","אמיליה קוסמטיקס בע""מ",IL,תחליב רחצה בניחו,מיליליטרים,750.00,"100 מ""ל",false,1,11.00,1.47,true,1,
7290108353815,false,"תחליב רחצה מדיטציה, בניחוח פצ'ולי לבנדר 600 מ""ל קרימה","קוסמופארם בע""\מ",IL,קרמה תחליב רחצה,מיליליטרים,600.00,"100 מ""ל",false,1,17.00,2.83,true,1,
7290108353891,false,"קרמה - דאודורנט רול און לאישה קרמה מאסק 75 מ""ל","קוסמופארם בע""\מ",IL,דאודורנט קרמה,מיליליטרים,75.00,"100 מ""ל",false,1,11.80,15.73,true,1,
7290108353907,false,"קרמה - דאודורנט רול און לאישה קרמה קלאסי 75 מ""ל","קוסמופארם בע""\מ",IL,דאודורנט קרמה,מיליליטרים,75.00,"100 מ""ל",false,1,11.80,15.73,true,1,
7290108353952,false,"קרמה - דאודורנט ספריי לאישה קרמה קלאסי 150 מ""ל",מיוצר עי : אמיליה קוסמטי,IL,דאודורנט קרמה,מיליליטרים,150.00,"100 מ""ל",false,1,14.40,9.60,true,1,
7290108353983,false,"קרמה - קרם גוף קרמה קלאסי 500 מ""ל",טרופיקל דגיל תעשיות,IL,קרם גוף קלאסי,מיליליטרים,500.00,"100 מ""ל",false,1,17.00,3.40,true,1,
7290108353990,false,"קרמה - קרם גוף קרמה מאסק 500 מ""ל",טרופיקל דגיל תעשיות,IL,קרם גוף מאסק,מיליליטרים,500.00,"100 מ""ל",false,1,17.00,3.40,true,1,
7290108354065,false,קרמה מן גל רחצה פילינג 700 מל לגבר,קוסמופארם בע'\'\מ,IL,קרמה מן ג'ל רחצה,מיליליטרים,700.00,"100 מ""ל",false,1,19.50,2.79,true,1,
7290108354140,false,קרליין - נושם מגבוני דיאורדורנט פיור ורוד,החברה הדרומית,IL,מגבוני דאודורנט,יחידה,1.00,יחידה,false,1,8.40,8.40,true,1,
7290108354263,false,אורביטול גוניור משחת שיניים חד קרן 70גרם,טרופיקל דגיל תעשיות קוסמ,IL,משחה אורביטול +6,מיליליטרים,70.00,"100 מ""ל",false,1,10.10,14.43,true,1,
7290108354416,false,"תחליב רחצה יוגה בניחוח ברגמוט+ משאבה 600 מ""ל","קוסמופארם בע""\מ",IL,קרמה תחליב רחצה,מיליליטרים,600.00,"100 מ""ל",false,1,17.00,2.83,true,1,
7290108354430,false,"שמפו כיף לשיקום והזנה שמן קוקוס וקרטין 700 מ""ל",קוסמופארם בעמ,IL,שמפו כיף,מיליליטרים,700.00,"100 מ""ל",false,1,10.10,1.44,false,1,
7290108354447,false,"מרכך כיף לשיקום והזנה שמן קוקוס וקרטין 700 מ""ל",גוד פוד פרודקטס S.p,IL,מרכך שיער כיף,מיליליטרים,700.00,"100 מ""ל",false,1,10.10,1.44,false,1,
7290108354492,false,"קרליין שמפו 10 לשיער שמן ארגן 700 מ""ל","קוסמופארם בע""\מ",IL,שמפו 10 ארגן,מיליליטרים,700.00,"100 מ""ל",false,1,12.70,1.81,true,1,
7290108354577,false,דאודורנט רול און קרמה וניל ופלפל ורוד,"קוסמופארם בע""\מ.",IL,דאודורנט קרמה,מיליליטרים,75.00,"100 מ""ל",false,1,11.80,15.73,true,1,
7290108354591,false,"תחליב רחצה בניחוח מי קקטוס ושמן באבאסו 750 מ""ל נקה 7","אמיליה קוסמטיקס בע""מ",IL,תחליב רחצה נקה 7,מיליליטרים,750.00,"100 מ""ל",false,1,11.00,1.47,true,1,
7290108354614,false,"מרכך בניחוח מי קקטוס ושמן באבאסו 750 מ""ל נקה 7","אמיליה קוסמטיקס בע""מ",IL,מרכך נקה 7 קקטוס,מיליליטרים,750.00,"100 מ""ל",false,1,10.10,1.34,true,1,
7290108354829,false,"קרם ידיים קרמה ורד וניל 100 מ""ל מ""ל",קוסמופארם,IL,קרמה קרם ידיים,מיליליטרים,100.00,"100 מ""ל",false,1,6.70,6.70,true,1,
7290108354850,false,"קרמה דאודורנט רול און בריזת ים 75 מ""ל",החברה הדרומית,IL,דאודורנט קרמה,מיליליטרים,75.00,"100 מ""ל",false,1,11.80,15.73,true,1,
7290108354911,false,"שמפו, ג'ל רחצה וגילוח מועשר בתמצית אלוורה",טרופיקל דגיל תעשיות,IL,קרמה 3ב1,מיליליטרים,700.00,"100 מ""ל",false,1,19.50,2.79,true,1,
7290108354980,false,קרם ידיים מרוכז לידיים יבשות מאוד ללא בישום,קוסמופארם,IL,קרם ידיים מרוכז,מיליליטרים,50.00,"100 מ""ל",false,1,11.00,22.00,true,1,
7290108355000,false,"שמפו מיניונים לילדים נקה 7 750 מ""ל",אמיליה קוסמטיקס,IL,שמפו נקה7,מיליליטרים,750.00,"100 מ""ל",false,1,11.80,1.57,true,1,
7290108355024,false,"נקה 7 שמפו ומרכך לילדים מיניונים 750 מ""ל",קוסמופארם בע'\'\מ,IL,שמפו +מרכך נקה7,מיליליטרים,750.00,"100 מ""ל",false,1,11.80,1.57,true,1,
7290108355031,false,"נקה 7 אל סבון לילדים מיניונים 750 מ""ל",קוסמופארם בע'\'\מ,IL,אל סבון נקה7,מיליליטרים,750.00,"100 מ""ל",false,1,11.80,1.57,true,1,
7290108355055,false,לחו.לשיער מקצועי גלייז נטורל פורמולה 400,נטורל פורמולה Natural Formula,IL,לחות נט.פורמולה,מיליליטרים,400.00,"100 מ""ל",false,1,25.50,6.38,true,1,
7290108355062,false,לחו.לשיער מקצועי קרטין נטורל פורמולה 400,אמיליה קוסמטיקס,IL,לחות נט.פורמולה,מיליליטרים,400.00,"100 מ""ל",false,1,25.50,6.38,true,1,
7290108355079,false,לחו.לשיער מקצועי קוקוס נטורל פורמולה 400,החברה הדרומית,IL,לחות נט.פורמולה,מיליליטרים,400.00,"100 מ""ל",false,1,25.50,6.38,true,1,
7290108355086,false,"גלייז מקצועי לשיער נטורל פורמולה 350 מ""ל",נטורל פורמולה Natural Formula,IL,גלייז נט.פורמולה,מיליליטרים,350.00,"100 מ""ל",false,1,33.20,9.49,true,1,
7290108355130,false,"בייבי כיף שמן גוף לפני שינה 500 מ""ל",קוסמופארם,IL,בייבי כיף שמן,מיליליטרים,500.00,"100 מ""ל",false,1,22.90,4.58,true,1,
7290108355178,false,"קרמה - קרם ידיים חמאת שיאה וקוקוי 100 מ""ל",החברה הדרומית,IL,קרמה קרם ידיים,מיליליטרים,100.00,"100 מ""ל",false,1,6.70,6.70,true,1,
7290108355185,false,"נטורל מסיכת קרטין אינטנס למניעת קשקשים 350 מ""ל",נטורל פורמולה Natural Formula,IL,מסכה נטורל פורמו,מיליליטרים,350.00,"100 מ""ל",false,1,34.10,9.74,true,1,
7290108355192,false,"נטורל מרכך קרטין אינטנס למניעת קשקשים 400 מ""ל",נטורל פורמולה Natural Formula,IL,מרכך נטורל פורמו,מיליליטרים,400.00,"100 מ""ל",false,1,25.50,6.38,true,1,
7290108355208,false,"שמפו קרטין אינטנס למניעת קשקשים נטורל 400 מ""ל",נטורל פורמולה Natural Formula,IL,שמפו נטורל פורמו,מיליליטרים,400.00,"100 מ""ל",false,1,25.50,6.38,true,1,
7290108355215,false,נ.פורמולה קרטין אינטנס מסכה לשיער +משאבה,נטורל פורמולה,IL,מסכת קרטין,מיליליטרים,450.00,"100 מ""ל",false,1,37.50,8.33,true,1,
7290108355260,false,"נקה 7-שמפו 3ב1 שמפו ג'ל רחצה וסבון פנים לגבר 750 מ""ל","אמיליה קוסמטיקס בע""מ",IL,נקה7 שמפו/לרחצה,מיליליטרים,750.00,"100 מ""ל",false,1,12.70,1.69,true,1,
7290108355284,false,נקה 7 תרסיס להתרת קשרים 350 מל,קוסמופארם בעמ,IL,נקה 7,מיליליטרים,350.00,"100 מ""ל",false,1,15.30,4.37,true,1,
7290108355291,false,"קרם לשיער נקה 7 להתרת קשרים 750 מ""ל",קוסמופארם בעמ,IL,נקה 7 קרם,מיליליטרים,350.00,"100 מ""ל",false,1,15.30,4.37,true,1,
7290108355307,false,"נקה 7 - שמפו סירוק קל רוזמרין 750 מ""ל",גוד פוד פרודקטס S.p,IL,שמפו לסירוק קל,מיליליטרים,750.00,"100 מ""ל",false,1,13.50,1.80,true,1,
7290108355314,false,מרכך לסירוק קל בתוספת רוזמרין,גוד פוד פרודקטס S.p,IL,מרכך לסירוק קל,מיליליטרים,750.00,"100 מ""ל",false,1,13.50,1.80,true,1,
7290108355451,false,"קרמה - דאודורנט רול און לאישה קרמה ורד ווניל 75 מ""ל","קוסמופארם בע""\מ",IL,דאודורנט קרמה,מיליליטרים,75.00,"100 מ""ל",false,1,11.80,15.73,true,1,
7290108355468,false,"קרמה דאודורנט רול און נרולי ומגנוליה 75 מ""ל","קוסמופארם בע""\מ",IL,דאודורנט קרמה,מיליליטרים,75.00,"100 מ""ל",false,1,11.80,15.73,true,1,
7290108355482,false,"קרמה - דאודורנט רול און לאישה קרמה לבנדר ואקליפטוס 75 מ""ל","קוסמופארם בע""\מ",IL,דאודורנט קרמה,מיליליטרים,75.00,"100 מ""ל",false,1,11.80,15.73,true,1,
7290108355543,false,דאודורנט ספריי קרמה בניחוח נרולי ומגנוליה,מיוצר עי : אמיליה קוסמטי,IL,דאודורנט קרמה,מיליליטרים,150.00,"100 מ""ל",false,1,14.40,9.60,true,1,
7290108355697,false,"קרליין - בודי מיסט פיור לוב 250 מ""ל",החברה הדרומית,IL,קרליין בודי מיסט,מיליליטרים,250.00,"100 מ""ל",false,1,34.10,13.64,true,1,
7290108355710,false,"קרליין בודי מיסט BLUE HEAVEN מתז 250 מ""ל",פאר פארם בעמ,IL,קרליין בודי מיסט,מיליליטרים,250.00,"100 מ""ל",false,1,34.10,13.64,true,1,
7290108355734,false,"קרליין קרם גוף מבושם KISS STOLEN שפופרת 250 מ""ל",החברה הדרומית,IL,קרם גוף מבושם,מיליליטרים,250.00,"100 מ""ל",false,1,21.20,8.48,true,1,
7290108355802,false,"תחליב רחצה קרמה ורד ווניל 700 מ""ל",גוד פוד פרודקטס S.p,IL,תחליב רחצה קרמה,מיליליטרים,700.00,"100 מ""ל",false,1,16.10,2.30,true,1,
7290108356021,false,כיף תחליב רחצה בניחוח גלידת קרם עוגיות,גוד פוד פרודקטס S.p,IL,כיף תחליב רחצה,מיליליטרים,700.00,"100 מ""ל",false,1,11.00,1.57,true,1,
7290108356106,false,כיף תחליב רחצה חלב שקדים 700 מל,החברה הדרומית,IL,כיף תחליב רחצה,מיליליטרים,700.00,"100 מ""ל",false,1,11.00,1.57,true,1,
7290108356113,false,"כיף תחליב רחצה דבש 700 מ""ל-מרכז",קוסמופארם בעמ,IL,כיף תחליב רחצה,מיליליטרים,700.00,"100 מ""ל",false,1,11.00,1.57,true,1,
7290108356120,false,"תחליב רחצה כיף קוקוס וניל 700 מ""ל",קוסמופארם,IL,כיף תחליב רחצה,מיליליטרים,700.00,"100 מ""ל",false,1,11.00,1.57,true,1,
7290108356151,false,"תחליב רחצה כיף מאסק יסמין 700 מ""ל",גוד פוד פרודקטס S.p,IL,כיף תחליב רחצה,מיליליטרים,700.00,"100 מ""ל",false,1,11.00,1.57,true,1,
7290108356168,false,"כיף - תחליב רחצה אוקיינוס 700 מ""ל",גוד פוד פרודקטס S.p,IL,כיף תחליב רחצה,מיליליטרים,700.00,"100 מ""ל",false,1,11.00,1.57,true,1,
7290108356229,false,ג'ל גילוח לכל סוגי העור מועשר בפחם פעיל,טרופיקל דגיל תעשיות,TR,ג'ל גילוח מטהר,מיליליטרים,200.00,"100 מ""ל",false,1,14.40,7.20,true,1,
7290108356274,false,"כיף - מוס רחצה בניחוח תותים ושמנת 150 מ""ל",החברה הדרומית,IL,כיף מוס רחצה,מיליליטרים,150.00,"100 מ""ל",false,1,10.10,6.74,true,1,
7290108356298,false,"כיף - מוס רחצה בניחוח קרם עוגיות 150 מ""ל",קוסטר אירוסול,IL,כיף מוס רחצה,מיליליטרים,150.00,"100 מ""ל",false,1,10.10,6.74,true,1,
7290108356373,false,סנו מדיק עם דמויות סיליקון מיניונים לתליה על תיק,beyond & health nantong,CN,ג'ל ניקוי ידיים,מיליליטרים,29.00,"100 מ""ל",false,1,11.00,37.93,true,1,
7290108356489,false,"כיף - תחליב רחצה אפרסק וחמאת מורומורו 700 מ""ל",קוסמופארם בעמ,IL,תחליב רחצה אפרסק,מיליליטרים,700.00,"100 מ""ל",false,1,11.00,1.57,true,1,
7290108356519,false,קרליין שמפו 10למניעת קשקשים 700מל,"קוסמופארם בע""\מ",IL,שמפו 10 קרליין,מיליליטרים,700.00,"100 מ""ל",false,1,12.70,1.81,true,1,
7290108356526,false,"קרליין - שמפו 10 לשיער יבש 700 מ""ל","קוסמופארם בע""\מ",IL,שמפו 10 קרליין,מיליליטרים,700.00,"100 מ""ל",false,1,12.70,1.81,true,1,
7290108356533,false,קרוליין 10 שמפו לשיער מתולתל 700 מל,"קוסמופארם בע""\מ",IL,שמפו 10 קרליין,מיליליטרים,700.00,"100 מ""ל",false,1,12.70,1.81,true,1,
7290108356564,false,"קרליין - מרכך 10 לשיער רגיל 700 מ""ל","קוסמופארם בע""\מn\",IL,מרכך 10 קרליין,מיליליטרים,700.00,"100 מ""ל",false,1,12.70,1.81,true,1,
7290108356571,false,"קרליין - מרכך 10 לשיער יבש 700 מ""ל","קוסמופארם בע""\מ",IL,מרכך 10 קרליין,מיליליטרים,700.00,"100 מ""ל",false,1,12.70,1.81,true,1,
7290108356588,false,קרוליין 10 מרכך לשיער מתולתל 700 מל,"קוסמופארם בע""\מ",IL,מרכך 10 קרליין,מיליליטרים,700.00,"100 מ""ל",false,1,12.70,1.81,true,1,
7290108357004,false,כיף שמפו ורד ושמן קוקוי לרכות וברק,טרופיקל דגיל תעשיות,IL,שמפו כיף,מיליליטרים,700.00,"100 מ""ל",false,1,10.10,1.44,true,1,
7290108357011,false,כיף קונדישינר לשיער שמן קוקוי 700 מל,טרופיקל דגיל תעשיות,IL,מרכך שיער כיף,מיליליטרים,700.00,"100 מ""ל",false,1,10.10,1.44,true,1,
7290108357042,false,"קרליין - נושם ביו דאודורנט רול און 75 מ""ל Citrus Blossoms לאישה","קוסמופארם בע""\מ",IL,דאו.רולאון ביו,מיליליטרים,75.00,"100 מ""ל",false,1,14.40,19.20,true,1,
7290108357059,false,"קרליין - נושם ביו דאודורנט רול און 75 מ""ל Secret Garden לאישה","קוסמופארם בע""\מ",IL,דאו.רול און ביו,מיליליטרים,75.00,"100 מ""ל",false,1,14.40,19.20,true,1,
7290108357073,false,"קרליין - נושם ביו דאודורנט ספריי 150 מ""ל Blossoms Citrus לאישה",קוסטר אירוסול,IL,דאו.ספריי ביו,מיליליטרים,150.00,"100 מ""ל",false,1,14.40,9.60,true,1,
7290108357080,false,"קרליין - נושם ביו דאודורנט ספריי 150 מ""ל Secret Garden לאישה",קוסטר אירוסול,IL,דאו.ספריי ביו,מיליליטרים,150.00,"100 מ""ל",false,1,14.40,9.60,true,1,
7290108357097,false,"קרליין - נושם ביו דאודורנט ספריי 150 מ""ל Velvet Rose לאישה",קוסטר אירוסול,IL,דאו.ספריי ביו,מיליליטרים,150.00,"100 מ""ל",false,1,14.40,9.60,true,1,
7290108357240,false,"אוקסיג'ן פאוור תוסף להסרת כתמים קשים 1.4 ק""ג",החברה הדרומית,IL,אוקסיג'ן פאואר,קילוגרמים,1.40,"ק""ג",false,1,25.50,18.21,true,1,
7290108357400,false,"תחליב רחצה קרמה לבנדר ואקליפטוס 700 מ""ל",קוסמופארם בעמ,IL,תחליב רחצה קרמה,מיליליטרים,700.00,"100 מ""ל",false,1,16.10,2.30,true,1,
7290108357417,false,"קרמה - קרם גוף קרמה ורד ווניל 500 מ""ל",טרופיקל דגיל תעשיות,IL,קרם גוף ורד ווני,מיליליטרים,500.00,"100 מ""ל",false,1,17.00,3.40,true,1,
7290108357424,false,"קרם גוף קרמה נרולי ומגנוליה 500 מ""ל",קוסמופארם בע'\'\מ,IL,קרם גוף נרולי ומ,מיליליטרים,500.00,"100 מ""ל",false,1,17.00,3.40,true,1,
7290108357448,false,"קרמה - קרם גוף קרמה לבנדר ואקליפטוס 500 מ""ל",קוסמופארם בע'\'\מ,IL,קרם גוף לבנדר,מיליליטרים,500.00,"100 מ""ל",false,1,17.00,3.40,true,1,
7290108357509,false,"קרם גוף קרמה וניל ופלפל ורוד 500 מ""ל",טרופיקל דגיל תעשיות,IL,קרם גוף קרמה,מיליליטרים,500.00,"100 מ""ל",false,1,17.00,3.40,true,1,
7290108357578,false,"קרמה קרם ידיים וניל ופלפל ורוד 100 מ""ל","קוסמופארם בע""\מ.",IL,קרם ידיים קרמה,מיליליטרים,100.00,"100 מ""ל",false,1,6.70,6.70,true,1,
7290108357707,false,"כיף שמפו לשיער רגיל- תפוח זרעי צ'יה 700 מ""ל",גוד פוד פרודקטס S.p,IL,כיף שמפו,מיליליטרים,700.00,"100 מ""ל",false,1,10.10,1.44,true,1,
7290108357714,false,"כיף שמפו לשיער יבש -רימונים ושמן ארגן 700 מ""ל",גוד פוד פרודקטס S.p,IL,כיף שמפו,מיליליטרים,700.00,"100 מ""ל",false,1,10.10,1.44,true,1,
7290108357745,false,שמפו ומרכך 2 ב-1 תאנה ומנטה לכל סוגי השיער,גוד פוד פרודקטס S.p,IL,כיף 2in1 שמפו,מיליליטרים,700.00,"100 מ""ל",false,1,10.10,1.44,true,1,
7290108357769,false,"מרכך לשיער רגיל תפוח וזרעי צ'יה 700 מ""ל כיף",גוד פוד פרודקטס S.p,IL,כיף מרכך שיער,מיליליטרים,700.00,"100 מ""ל",false,1,10.10,1.44,true,1,
7290108357776,false,"כיף מרכך לשיער יבש -רימונים ושמן ארגן 700 מ""ל",גוד פוד פרודקטס S.p,IL,כיף מרכך שיער,מיליליטרים,700.00,"100 מ""ל",false,1,10.10,1.44,true,1,
7290108357837,false,כיף אל סבון 1 ליטר ג'נסינג שקית מילוי + פקק,"קוסמופארם בע""\מ",IL,כיף שקית מילוי,ליטרים,1.00,ליטר,false,1,10.10,10.10,true,1,
7290108357844,false,כיף אל סבון 1 ליטר אצות ים שקית מילוי + פקק,"קוסמופארם בע""\מ",IL,כיף שקית מילוי,ליטרים,1.00,ליטר,false,1,10.10,10.10,true,1,
7290108357851,false,"כיף - ג'ל רחצה אליקסיר אוילס מועשר בשמן קוקוס 700 מ""ל","קוסמופארם בע""\מ",IL,כיף ג'ל רחצה,מיליליטרים,700.00,"100 מ""ל",false,1,11.00,1.57,true,1,
7290108357868,false,"כיף - ג'ל רחצה אליקסיר אויל מועשר בשמן מקדמיה 700 מ""ל","קוסמופארם בע""\מ",IL,כיף ג'ל רחצה,מיליליטרים,700.00,"100 מ""ל",false,1,11.00,1.57,true,1,
7290108357875,false,"כיף - שמפו לחות מוגברת עם אפרסק וחמאת מורומורו 700 מ""ל",קוסמופארם בעמ,IL,כיף שמפו אפרסק,מיליליטרים,700.00,"100 מ""ל",false,1,10.10,1.44,true,1,
7290108357882,false,"כיף - מרכך לחות מוגברת עם אפרסק וחמאת מורומורו 700 מ""ל",קוסמופארם בעמ,IL,כיף מרכך לשיער,מיליליטרים,700.00,"100 מ""ל",false,1,10.10,1.44,true,1,
7290108358070,false,"תחליב רחצה קרמה קלאסי 700 מ""ל",גוד פוד פרודקטס S.p,IL,קרמה תחליב רחצה,מיליליטרים,700.00,"100 מ""ל",false,1,16.10,2.30,true,1,
7290108358087,false,"תחליב רחצה קרמה מאסק 700 מ""ל",גוד פוד פרודקטס S.p,IL,תחליב רחצה קרמה,מיליליטרים,700.00,"100 מ""ל",false,1,16.10,2.30,true,1,
7290108358124,false,דפי בישום לחים למייבש הכביסה בניחוח מרכך כביסה 20 יח' מקסימה,טרופיגל דגיל תעשיות קוסמ,IL,דפי בישום למייבש,יחידה,1.00,יחידה,false,1,11.00,11.00,true,1,
7290108359077,false,סנו - סופט לושן ממחטות אף בקופסא 3 שכבות 120 יח',"סנו מפעלו ברונוס בע""\מ",EG,סופט לושן ממחטות,יחידה,1.00,יחידה,false,1,8.40,8.40,true,1,
7290108359824,false,"כיף - בייבי כיף קרם 500 מ""ל",קוסמופארם בעמ,IL,קרם גוף בייבי,מיליליטרים,500.00,"100 מ""ל",false,1,21.20,4.24,true,1,
7290108359831,false,"כיף - בייבי כיף שמן 500 מ""ל","מיוצר ומשווק ע""י קוס",IL,בייבי כיף שמן,מיליליטרים,500.00,"100 מ""ל",false,1,22.90,4.58,true,1,
7290108359855,false,"שמפו אל דמע בייבי כיף 750 מ""ל",גוד פוד פרודקטס S.p,IL,שמפו בייבי כיף,מיליליטרים,750.00,"100 מ""ל",false,1,16.10,2.15,true,1,
7290108359879,false,"אלסבון בייבי כיף+משאבה 750 מ""ל",קוסמופארם בעמ,IL,בייבי כיף אלסבון,מיליליטרים,750.00,"100 מ""ל",false,1,15.30,2.04,true,1,
7290108359985,false,סנו - ז'אוול מרסס קצף לניקוי וחינו בניחוח פריחה לבנה 1 ליטר,סנו ז'אוול Javel,IL,ג'אוול קצף ניקוי,ליטרים,1.00,ליטר,false,1,17.00,17.00,true,1,
7290110327590,false,אבקת חלבון GO עם WHEY בטעם וניל,בעמק טכנולוגיות מתקדמות,IL,אבקה חלבון,קילוגרמים,2.27,"ק""ג",false,1,255.50,112.56,true,1,
7290110327606,false,"GO אבקת חלבון בטעם שוקולד 2.27 ק""ג",בעמק טכנולוגיות מתקדמות,IL,אבקה חלבון,קילוגרמים,2.27,"ק""ג",false,1,255.50,112.56,true,1,
7290110327804,false,חטיף חלבון GO - עוגיות 60 ג' חלב נוכרי - רבנות,"בלמונט קונפקציות בע""\מ.",US,חטיף חלבון,גרמים,60.00,100 גרם,false,1,11.80,19.67,true,1,
7290110327811,false,חטיף חלבון GO - קוקוס 60 ג' חלב נוכרי - רבנות,"בלמונט קונפקציות בע""\מ.",US,חטיף חלבון,גרמים,60.00,100 גרם,false,1,11.80,19.67,true,1,
7290110327828,false,חטיף חלבון GO - חמאת בוטנים 60 ג' חלב נוכרי - רבנות,"בלמונט קונפקציות בע""\מ.",US,חטיף חלבון,גרמים,60.00,100 גרם,false,1,11.80,19.67,true,1,
7290110450113,false,סומק ושימר ולווטין22 יח',גייד,IL,סומק ושימר ולווט,יחידה,1.00,יחידה,false,0,93.10,93.10,true,1,
7290110450502,false,סומק עם מראה אידיליק40,גייד,IL,סומק עם מראה 40,יחידה,1.00,יחידה,false,0,76.00,76.00,true,1,
7290110451042,false,592גייד לקי,גייד,IL,592,יחידה,1.00,יחידה,false,0,24.70,24.70,true,1,
7290110451202,false,פלטת צלליות וולוטין 49 י,גייד,IL,פלטת צלליות וולו,יחידה,1.00,יחידה,false,1,81.20,81.20,true,1,
7290110451509,false,ולווטין דואט סומק ושימר,,IL,ולווטין דואט סומ,יחידה,1.00,יחידה,false,1,93.10,93.10,true,1,
7290110451554,false,גייד אקווה גולט קרם לחות גל עור רגיל-יבש,דניה,CH,אקווה ג'ולט קרם,מיליליטרים,50.00,"100 מ""ל",false,1,93.10,186.20,true,1,
7290110451561,false,גייד אקווה גולט קרם לחות גל עור שמן-מעור,דניה,CH,אקווה ג'ולט קרם,מיליליטרים,50.00,"100 מ""ל",false,1,93.10,186.20,true,1,
7290110451578,false,גייד אקווה גולט קרם גל ממריץ לעיניים 15,דניה,CH,אקווה ג'ולט עיני,מיליליטרים,15.00,"100 מ""ל",false,1,76.00,506.67,true,1,
7290110451721,false,שפתון טרו קולור 259 יח',דניה קוסמטיקס,IT,שפתון טרו קולור,יחידה,1.00,יחידה,false,1,58.90,58.90,true,1,
7290110451851,false,שפתון גלוס עמיד 83 יח',דניה קוסמטיקס,IT,שפתון גלוס עמיד,יחידה,1.00,יחידה,false,1,67.50,67.50,true,1,
7290110451882,false,ספרקלס ערכת היילייטרים י,גייד,IL,ספרקלס ערכת הייל,יחידה,1.00,יחידה,false,1,145.20,145.20,true,1,
7290110451905,false,לונגיויטי פודרה 506 יח',,IL,לונגיויטי פודרה,יחידה,1.00,יחידה,false,1,81.20,81.20,true,1,
7290110451998,false,מייק אפ לונגיוויטי 117יח,,IT,לונגיויטי עמיד,יחידה,1.00,יחידה,false,1,115.30,115.30,true,1,
7290110452032,false,לונגיויטי מתקן גוון עמ20,אינטרקוסמא,IT,לונגיויטי מתקן ג,יחידה,1.00,יחידה,false,1,67.50,67.50,true,1,
7290110452070,false,גייד מים מיסלריים לניקוי פנים 200 מל,דניה,IL,מים מיסלריים לני,מיליליטרים,200.00,"100 מ""ל",false,1,38.40,19.20,true,1,
7290110452216,false,לק קריסטל גלו 612 יח',,FR,לק קריסטל גלו,יחידה,1.00,יחידה,false,1,24.70,24.70,true,1,
7290110452773,false,לק קריסטל גלו 627 יח',,FR,לק קריסטל גלו,יחידה,1.00,יחידה,false,1,24.70,24.70,true,1,
7290110453084,false,שפתון טרו קולור 263 יח',,IT,שפתון טרו קולור,יחידה,1.00,יחידה,false,1,58.90,58.90,true,1,
7290110453152,false,"ספריי מקבע איפור 120 מ""ל",,IL,ספריי מקבע איפור,מיליליטרים,120.00,"100 מ""ל",false,1,67.50,56.25,true,1,
7290110453251,false,שפתון איידליק מאט 737 יח,,IT,שפתון איידליק מא,יחידה,1.00,יחידה,false,1,64.10,64.10,true,1,
7290110453367,false,לונגיוויטי קונסילר 28,גייד,IT,לוגיויטי קונסילר,יחידה,1.00,יחידה,false,1,76.00,76.00,true,1,
7290110453473,false,"מייק אפ גימור מט 20 מ""ל",,IT,מייק אפ גימור מט,מיליליטרים,20.00,"100 מ""ל",false,1,101.70,508.50,true,1,
7290110453602,false,"אייקון פרנץ לייס 200מ""ל",,IL,אייקון פרנץ לייס,מיליליטרים,200.00,"100 מ""ל",false,1,58.90,29.45,true,1,
7290110453619,false,אייקון פרל תחליב גוף200מ,,IL,אייקון פרל תחליב,מיליליטרים,200.00,"100 מ""ל",false,1,39.00,19.50,true,1,
7290110453626,false,אייקון רוזסתחליב גוף 200,,IL,אייקון רוזס,מיליליטרים,200.00,"100 מ""ל",false,1,39.00,19.50,true,1,
7290110453640,false,אייקון מסק אויל ק.גוף200,,IL,אייקון מסק אויל,מיליליטרים,200.00,"100 מ""ל",false,1,39.00,19.50,true,1,
7290110453664,false,אייקון ונילה תחליב 200מל,,IL,אייקון ונילה בלא,מיליליטרים,200.00,"100 מ""ל",false,1,41.80,20.90,true,1,
7290110453725,false,גייד אקווה גולט סרום לחות אינטנסיבית 30,דניה,IL,אקווה ג'ולט סרום,מיליליטרים,30.00,"100 מ""ל",false,1,101.70,339.00,true,1,
7290110453930,false,גייד הידרה סובלים תמצית רימונים קרם יום,דניה,IL,קרם יום רימונים,מיליליטרים,50.00,"100 מ""ל",false,1,152.90,305.80,true,1,
7290110454265,false,EXTREMITY מסקרה לנפח 12,,DE,EXTREMITY מסקרה,יחידה,1.00,יחידה,false,1,76.00,76.00,true,1,
7290110454302,false,גייד גולד פרמיום דאבל סרום למיצוק העור 5,דניה,CH,גולדפרימיום דאבל,מיליליטרים,50.00,"100 מ""ל",false,1,213.50,427.00,true,1,
7290110454364,false,גייד גלו FX קרם למראה זוהר 50 מל,דניה,CH,גלו FX קרם למראה,מיליליטרים,50.00,"100 מ""ל",false,1,161.50,323.00,true,1,
7290110454753,false,קריסטל לייטס 813 ליפגלוס,,IL,קריסטל לייטס 813,יחידה,1.00,יחידה,false,1,67.50,67.50,true,1,
7290110454777,false,לק קריסטל גלו 644 יח',,FR,לק קריסטל גלו 64,יחידה,1.00,יחידה,false,1,24.70,24.70,true,1,
7290110454951,false,שפתון גלוס עמיד 87 יח',,IT,שפתון גלוס עמיד,יחידה,1.00,יחידה,false,1,67.50,67.50,true,1,
7290110454975,false,שפתון גלוס עמיד 88 יח',,IT,שפתון גלוס עמיד,יחידה,1.00,יחידה,false,1,67.50,67.50,true,1,
7290110454982,false,לונגיוטי מייק אפ 550 30מ,,IT,לונגיוטי מייק אפ,מיליליטרים,30.00,"100 מ""ל",false,1,115.30,384.33,true,1,
7290110455002,false,לונגיוטי מייק אפ 552 30,,IT,לונגיוטי מייק אפ,מיליליטרים,30.00,"100 מ""ל",false,1,115.30,384.33,true,1,
7290110455071,false,גייד סיבי2 בוטניק קרם לחות מרגיע עם שמן,דניה,IL,בוטניק קרם לחות,מיליליטרים,50.00,"100 מ""ל",false,1,135.90,271.80,true,1,
7290110455088,false,גייד סיבי2 בוטניק שמן פנים מזרעי קנאביס,דניה,IL,בוטניק שמן פנים,מיליליטרים,30.00,"100 מ""ל",false,1,135.90,453.00,true,1,
7290110455293,false,לק קריסטל גלו 654 יח',,FR,לק קריסטל גלו 65,יחידה,1.00,יחידה,false,1,24.70,24.70,true,1,
7290110455453,false,לונגיויטי איילנר שחור יח,,IL,לונגיויטי איילנר,יחידה,1.00,יחידה,false,1,67.50,67.50,true,1,
7290110455460,false,היילש מסקרה המאריכה מפרי,,IL,היילש מסקרה המאר,יחידה,1.00,יחידה,false,1,76.00,76.00,true,1,
7290110455644,false,קריסטל לייטס ליפ 820 יח',,IL,קריסטל לייטס ליפ,יחידה,1.00,יחידה,false,1,67.50,67.50,true,1,
7290110455651,false,קריסטל לייטס ליפ 821 יח',,IL,קריסטל לייטס ליפ,יחידה,1.00,יחידה,false,1,67.50,67.50,true,1,
7290110455675,false,גייד סנס 6 סרום להצערת העור ולטיפול בקמט,דניה,CH,סנס 6 סרום להצער,מיליליטרים,30.00,"100 מ""ל",false,1,195.70,652.33,true,1,
7290110455774,false,היילש מסקרה המאריכה יח,,IL,היילש מסקרה המאר,יחידה,1.00,יחידה,false,1,84.60,84.60,true,1,
7290110456030,false,אידיליק קונסילר 34 יח',INTERCOS,IT,אידיליק קונסילר,יחידה,1.00,יחידה,false,1,84.60,84.60,true,1,
7290110456139,false,ולווטין דואטסומק ושימר54,,IL,ולווטין דואטסומק,יחידה,1.00,יחידה,false,1,93.10,93.10,true,1,
7290110456146,false,ולווטין דואטסומק ושימר56,,IL,ולווטין דואטסומק,יחידה,1.00,יחידה,false,1,93.10,93.10,true,1,
7290110456375,false,סנט 6 קרם להצערת העור 10,,IL,סנט 6 קרם להצערת,מיליליטרים,10.00,"100 מ""ל",false,1,58.90,589.00,true,1,
7290110456382,false,הידרה סובלים תמצית רימונ,,CH,הידרה סובלים תמצ,מיליליטרים,10.00,"100 מ""ל",false,1,41.80,418.00,true,1,
7290110456405,false,גייד אקווה גולט קרם לילה מזין 50 מל,דניה,IL,אקווה ג'ולט קרם,מיליליטרים,50.00,"100 מ""ל",false,1,101.70,203.40,true,1,
7290110456573,false,גייד סיבי2 בוטניק קרם עיניים משקם 15 מל,דניה,IL,קרם עיניים משקם,מיליליטרים,15.00,"100 מ""ל",false,1,110.20,734.67,true,1,
7290110456702,false,"אייקון רוזסמי גוף 250 מ""",,IL,אייקון רוזס מי ג,מיליליטרים,250.00,"100 מ""ל",false,1,76.00,30.40,true,1,
7290110456719,false,"אייקון פרל מי גוף 250 מ""",,IL,אייקון פרל מי גו,מיליליטרים,250.00,"100 מ""ל",false,1,76.00,30.40,true,1,
7290110456726,false,אייקון אינסטי מי גוף250מ,דניה קוסמטיקס,IL,אייקון אינסטינקט,מיליליטרים,250.00,"100 מ""ל",false,1,76.00,30.40,true,1,
7290110456849,false,און פוינט קונסילרסטיק 53,,IT,און פוינט קונסיל,יחידה,1.00,יחידה,false,1,76.00,76.00,true,1,
7290110456894,false,גייד גלו פקס קרם עיניים למראה זוהר 20 מל,דניה,IT,גלו FX קרם עיניי,מיליליטרים,20.00,"100 מ""ל",false,1,101.70,508.50,true,1,
7290110457013,false,"אייקון בלאק בלאם 150 מ""ל",,IL,אייקון בלאק בלאם,מיליליטרים,150.00,"100 מ""ל",false,1,89.00,59.33,true,1,
7290110457129,false,לק קריסטל גלו670 יח',,FR,לק קריסטל 670,יחידה,1.00,יחידה,false,1,24.70,24.70,true,1,
7290110457440,false,גייד גלו FX לילה לגוון עור אחיד 50 מל,דניה,CH,גלו FX קרם לילה,מיליליטרים,50.00,"100 מ""ל",false,1,178.60,357.20,true,1,
7290110457709,false,סלפי שפתון המעניק 871 יח,,IT,שפתון גלוס עמיד,יחידה,1.00,יחידה,false,1,67.50,67.50,true,1,
7290110457716,false,קריסטל לייטס גלוס 823 יח,גייד,IL,קריסטל לייטס גלו,יחידה,1.00,יחידה,false,1,67.50,67.50,true,1,
7290110457730,false,אייקון/פרייבט10בושם לגבר,גייד בישום,IL,אייקון/פרייבט10ג,מיליליטרים,100.00,"100 מ""ל",false,1,187.10,187.10,true,1,
7290110457822,false,סלפי עיפרון שפתיים 850,INTERCOS,IT,סלפי עיפרון שפתי,יחידה,1.00,יחידה,false,1,50.40,50.40,true,1,
7290110457846,false,סלפי עיפרון שפתיים 852,INTERCOS,IT,סלפי עיפרון שפתי,יחידה,1.00,יחידה,false,1,50.40,50.40,true,1,
7290110457860,false,סלפי עיפרון שפתיים 857,INTERCOS,IT,סלפי עיפרון שפתי,יחידה,1.00,יחידה,false,1,50.40,50.40,true,1,
7290110457907,false,סלפי עיפרון שפתיים 867,INTERCOS,IT,סלפי עיפרון שפתי,יחידה,1.00,יחידה,false,1,50.40,50.40,true,1,
7290110458089,false,שפתון טרו קולור 283יח',,IL,שפתון טרו קולור,יחידה,1.00,יחידה,false,1,58.90,58.90,true,1,
7290110458195,false,קריסטל לייטס ליפ גלו 826,,IL,קריסטל לייטס ליפ,יחידה,1.00,יחידה,false,1,67.50,67.50,true,1,
7290110458232,false,"אייקון מאסק מי גוף250מ""ל",גייד בישום,IL,אייקון מאסק אויל,מיליליטרים,250.00,"100 מ""ל",false,1,76.00,30.40,true,1,
7290110458300,false,אסנשיילס פריימר עם צבע30,דניה קוסמטיקס,IT,אסנשיילס פריימר,מיליליטרים,30.00,"100 מ""ל",false,1,127.30,424.33,true,1,
7290110458447,false,אייקון רוזס בושם,,,אייקון רוזס בושם,יחידה,1.00,יחידה,false,0,170.00,170.00,true,1,
7290110458546,false,אידיליק קונסילר,,,אידיליק קונסילר,יחידה,1.00,יחידה,false,0,84.60,84.60,true,1,
7290110458553,false,אידיליק קונסילר,,,אידיליק קונסילר,יחידה,1.00,יחידה,false,0,84.60,84.60,true,1,
7290110458584,false,שפתון וולווטין מאט 772,INTERCOS,IT,שפתון וולווטין מ,יחידה,1.00,יחידה,false,1,64.10,64.10,true,1,
7290110458980,false,תיק מתנה אוגוסט 2022 יח',גייד,IL,תיק מתנה אוגוסט,יחידה,1.00,יחידה,false,1,50.40,50.40,true,1,
7290110459215,false,תיק מתנה אוקטובר 2022 יח,גייד,IL,תיק מתנה אוקטובר,יחידה,1.00,יחידה,false,1,50.40,50.40,true,1,
7290110459390,false,תיק מתנה דצמבר 2022 יח',גייד,IL,תיק מתנה דצמבר22,יחידה,1.00,יחידה,false,1,50.40,50.40,true,1,
7290110554095,false,דבש לחיץ 440 גרם,מכוורת יד מרדכי שטראוס ב,IL,דבש לחיץ,גרמים,440.00,100 גרם,false,1,18.70,4.25,true,1,
7290110554729,false,קפסולות עלית אספרסו 04 תואמות למכונות NESPRESSO,שטראוס קפה בי.וי.,IL,קפסולות מס' 4,גרמים,50.00,100 גרם,false,1,17.00,34.00,true,1,
7290110556242,false,"שוקולד מריר פרווה 100 גר' בד""ץ תוצרת חוץ","שטראוס גרופ בע""מ.",FR,שוקולד פרה מריר,גרמים,100.00,100 גרם,false,1,5.90,5.90,true,1,
7290110559748,false,ריל מאגדת שקדים קוקוס ושוקולד מריר שטראוס 105 גרם,"ואמואליס פודס אס.איי,",GR,חטיפי ריל אנרגי,גרמים,105.00,100 גרם,false,1,11.00,10.48,true,1,
7290110559755,false,ריל מאגדת בוטנים פיסטוק וחמוציות שטראוס 105 גרם,"ואמואליס פודס אס.איי,",GR,חטיפי ריל אנרגי,גרמים,105.00,100 גרם,false,1,11.00,10.48,true,1,
7290110559762,false,ריל מאגדת אגוזים תמרים קוקוס שטראוס 105 גרם,"ואמואליס פודס אס.איי,",GR,חטיפי ריל אנרג'י,גרמים,105.00,100 גרם,false,1,11.00,10.48,true,1,
7290110560324,false,"הפריכיות הטעימות תפו""א, אורז, אפונה ומלח ים","פרח תעשיו מזון בע""מ",IL,פריכיות אנרג'י,גרמים,30.00,100 גרם,false,1,5.00,16.67,true,1,
7290110572129,false,כיף כף מקלות שוקולד לבן 40 ג' עלית,סולן בעבור שטראוס,TR,כיף כף מקלות,גרמים,40.00,100 גרם,false,1,5.50,13.75,true,1,
7290110572969,false,כיף כף פצפצים עקרם לבן 40ג' עלית,שולן צ'\יקולטה גידה סאן.,TR,כיף כף פצפצים,גרמים,40.00,100 גרם,false,1,5.90,14.75,true,1,
7290110730109,false,נוטרילון קומפורט תרכובת מזון מגיל לידה,נוטרישיה קאלק,NL,נוטרילון 900 גרם,גרמים,900.00,100 גרם,false,1,87.00,9.67,true,1,
7290110804206,false,"אוליב סרום לשיער 60 מ""ל",א.פ.חורי,IL,אוליב סרום לשיער,מיליליטרים,60.00,"100 מ""ל",false,1,21.20,35.33,true,1,
7290110804602,false,אוליב מסכה לשיער פגום 500מ'ל,א.פ.חורי,IL,אוליב מסכה לשיער,מיליליטרים,500.00,"100 מ""ל",false,0,23.80,4.76,true,1,
7290111091520,false,"דר' עור תחליב רחצה קלאסי -קוקוס 700 מ""ל","אמיליה קוסמטיקס בע""מ",IL,תחליב רחצה,מיליליטרים,700.00,"100 מ""ל",false,1,12.70,1.82,true,1,
7290111093722,false,"קצף עדין לניקוי הפנים לילך מאסק 150 מ""ל DR OR",ניאופארם,IL,ג'ל ניקוי פנים,מיליליטרים,150.00,"100 מ""ל",false,1,20.00,13.33,true,1,
7290111094248,false,"קוויק שקית אשפה חזקה וגדולה במיוחד (90*78), 20 יח'",,TR,שקיות אשפה חזקות,יחידה,1.00,יחידה,false,1,14.40,14.40,true,1,
7290111095818,false,קוויק שקיות אשפה L חזקות במיוחד עם שרוך 40 יח',,TR,שקיות אשפה בגליל,יחידה,1.00,יחידה,false,1,14.40,14.40,true,1,
7290111096921,false,קוויק מגבונים לניקוי כללי בתוספת חומץ ומלח לימון 50 יח',די.פי.אל,IL,קוויק מגבונים,יחידה,1.00,יחידה,false,1,8.40,8.40,true,1,
7290111097041,false,מגבוני בייביסיטר מבושמים 66*8,קיבוץ עמיר dpl,IL,מגבוני בייביסיטר,יחידה,1.00,יחידה,false,1,17.00,17.00,true,1,
7290111097836,false,קוויק מגבונים 99.9% דוחה אבק למשטחים בניחוח מרכך כביסה 50 יחידות,די.פי.אל,IL,קוויק דוחה אבק,יחידה,1.00,יחידה,false,1,8.40,8.40,true,1,
7290111170454,false,מטען אלחוטי יחידה,פוג'יקום,CN,מטען אלחוטי,יחידה,1.00,יחידה,false,1,128.10,128.10,true,1,
7290111340109,false,דיפנד - מגן תחתון לנשים אקטיב 22 יח',קימברלי קלארק,IL,מגן תחתון דיפנד,יחידה,1.00,יחידה,false,1,18.70,18.70,true,1,
7290111340956,false,ניקול מטליות לחות לרצפה בניחוח פריחה לבנה,חוגלה קימברלי,IL,מטליות רצפה לחות,יחידה,1.00,יחידה,false,1,10.00,10.00,true,1,
7290111341984,false,לילי - מגבוני נייר טואלט לח פיור רביעייה,קימברלי,IL,נייר טואלט לח4יח,יחידה,1.00,יחידה,false,1,22.10,22.10,true,1,
7290111342042,false,ניקול כריות יפניות אנטיבקטריאלי 4 יחידות,פלסטו פוליש,IL,כריות יפניות,יחידה,1.00,יחידה,false,1,11.80,11.80,true,1,
7290111342073,false,מטליות מקרופייבר למשטחים אנטיבקטריאלי ניקול,ניקול,IL,מטליות מקרופייבר,יחידה,1.00,יחידה,false,1,12.70,12.70,true,1,
7290111342738,false,לילי - מגבוני נייר טואלט לח קידס רביעייה,לילי נייר טואלט חוגלה,IL,נייר טואלט לח4יח,יחידה,1.00,יחידה,false,1,22.10,22.10,true,1,
7290111343117,false,"קלינקס לושן סופט פק זוגות 140 דף ""חדש""",קימברלי קלארק,IL,קלינקס ממחטות,יחידה,1.00,יחידה,false,1,13.50,13.50,true,1,
7290111343483,false,קוטקס יאנג נייט תחבושות עם כנפיים 20 יח,חוגלה,CZ,תחבושות קוטקס,יחידה,1.00,יחידה,false,1,17.80,17.80,true,1,
7290111343766,false,דיפנד תחתונים סופגים M גברים 10 יח,חוגלה,IL,דיפנד תחתון סופג,יחידה,1.00,יחידה,false,1,40.00,40.00,true,1,
7290111344206,false,האגיס נטורל קר מגבונים לחים בבישום עדין רביעייה,חוגלה קימברלי,IL,מגבונים האגיס 4*,יחידה,1.00,יחידה,false,1,16.80,16.80,true,1,
7290111344459,false,קוטוקס תחבושות נייט אקסטרא לונג 20 יח',חוגלה קימברלי,CN,תחבושות נייט,יחידה,1.00,יחידה,false,1,17.80,17.80,true,1,
7290111344503,false,חיתולי האגיס אקסטרה קייר מידה +4 36 יח',חוגלה קימברלי,IL,האגיס אקסטרה קר,יחידה,1.00,יחידה,false,1,29.80,29.80,true,1,
7290111344732,false,קלינקס - טיישו אלרג'י קומפורט ניילון זוגות 140 דף,קימברלי קלארק,IL,קלינקס זוג,יחידה,1.00,יחידה,false,1,14.40,14.40,true,1,
7290111344824,false,מגן תחתון קוטקס אקסטרא אנטיבקטריאלי לארג',חוגלה,CN,מגן תחתון קוטקס,יחידה,1.00,יחידה,false,1,17.80,17.80,true,1,
7290111344831,false,קוטקס - מגיני יום אקסטרא פרוטקט נורמל ביג 60 יח',חוגלה קימברלי,CN,מגן תחתון קוטקס,יחידה,1.00,יחידה,false,1,17.80,17.80,true,1,
7290111344855,false,קוטקס - מגיני יום אקסטרא פרוטקט לארג' ביג 52 יח',חוגלה קימברלי,CN,מגן תחתון קוטקס,יחידה,1.00,יחידה,false,1,17.80,17.80,true,1,
7290111344879,false,קוטקס מגיני תחתון 2IN1 מחזור+שתן 44 יחיד,חוגלה,CN,מגן תחתון קוטקס,יחידה,1.00,יחידה,false,1,17.80,17.80,true,1,
7290111345753,false,תחבושות נטורל דואו נורמל 24 יח' קוטקס,קריות זול,CZ,תחבושות כותנה נו,יחידה,1.00,יחידה,false,1,17.80,17.80,true,1,
7290111345760,false,תחבושות נטורל דואו סופר 18 יח' קוטקס,קריות זול,CZ,תחבושות קוטקס,יחידה,1.00,יחידה,false,1,17.80,17.80,true,1,
7290111345777,false,תחבושת קוטקס כותנה לילה 16 יח' קוטקס,קריות זול,CZ,תחבושות קוטקס,יחידה,1.00,יחידה,false,1,17.80,17.80,true,1,
7290111427848,false,סבון מקרון ירוק 19 גרם,ארמן,IL,סבון מקרון ירוק,גרמים,19.00,100 גרם,false,1,10.10,53.16,true,1,
7290111564277,false,פריכיות דקות ונימוחות 3 דגנים פיטנס Fitness,פרח תעשיות בעמ,IL,פריכיות פיטנס,גרמים,120.00,100 גרם,false,1,10.00,8.33,true,1,
7290111564291,false,פריכיות דקות ונימוחות 3 דגנים וקינואה פיטנס Fitness,פרח תעשיות בעמ,IL,פריכיות פיטנס,גרמים,120.00,100 גרם,false,1,10.00,8.33,true,1,
7290111930898,false,חטיף פוף כוכבים גריל אמריקאי 40 גרם,פוף POOF,IL,פוף כוכבים גריל,גרמים,40.00,100 גרם,false,1,4.10,10.25,true,1,
7290111930935,false,חטיף פוף טבעות קלאסי 40 גרם,פוף POOF,IL,פוף טבעות,גרמים,40.00,100 גרם,false,1,4.10,10.25,true,1,
7290111931338,false,"סבון נוזלי פלמוליב לומינוס תאנה 500 מ""ל",קולגייט פלמוליב,TR,סבון פלמוליב,מיליליטרים,500.00,"100 מ""ל",false,1,16.10,3.22,true,1,
7290111932502,false,"משחת שיניים קולגייט אופטיק וייט אקספרט וויט 75 מ""ל",קולגייט Colgate,MX,משחת שיניים,מיליליטרים,75.00,"100 מ""ל",false,1,21.20,28.27,true,1,
7290111932762,false,בלונס - ספוג סבון ונילה,,IL,בלונס- ספוג סבון,מיליליטרים,230.00,"100 מ""ל",false,1,25.50,11.09,true,1,
7290111932786,false,"בלונס - ג'ל לניקוי הפנים רגיל יבש 250 מ""ל",,IL,בלונס גל ניקוי,מיליליטרים,230.00,"100 מ""ל",false,1,28.90,12.57,true,1,
7290111935800,false,ליידי ספיד סטיק דרמה סטיק ויטמנין אי 45 גר',ליידי ספיד סטיק Lady Speed Stick,US,ליידי ספיד סטיק,גרמים,45.00,100 גרם,false,1,15.20,33.78,true,1,
7290111935817,false,דאודורנט סטיק דרמה מכיל תמצית אם הפנינה,ליידי ספיד סטיק Lady Speed Stick,US,ליידי ספיד סטיק,גרמים,45.00,100 גרם,false,1,15.20,33.78,true,1,
7290111936296,false,"פלמוליב סבון נוזלי בניחוח סנסיישן מסאז' ,750 מ""ל",קולגייט פלמוליב,TR,סבון פלמוליב,מיליליטרים,750.00,"100 מ""ל",false,1,15.20,2.03,true,1,
7290111937262,false,מארז חמישיית חטיפי תמרים אגוזים ושברי קקאו פרי 125 גרם,"טבעית מוצרים מהטבע בע""\מ",IL,חטיפי פרי 5 יח,גרמים,125.00,100 גרם,false,1,17.00,13.60,true,1,
7290111937651,false,פצצת אמבט מנגו לכל סוגי העור,בלונס Balloons,CN,בלונס - פצצת אמב,יחידה,1.00,יחידה,false,1,10.10,10.10,true,1,
7290111937668,false,פצצת אמבט תפוח לכל סוגי העור,בלונס Balloons,CN,בלונס - פצצת אמב,יחידה,1.00,יחידה,false,1,10.10,10.10,true,1,
7290111937743,false,סרט ראש בצורת ארנב יח',,CN,סרט ראש בצורת אר,יחידה,1.00,יחידה,false,1,11.80,11.80,true,1,
7290111937767,false,בלונס מגבת לייבוש שיער,,CN,מגבת מיקרופייבר,יחידה,1.00,יחידה,false,1,17.80,17.80,true,1,
7290112000736,false,פיניש טבליות aio 80 יח אריזת חסכון,רקיט בנקיזר,PL,פיניש 80 טבליות,יחידה,1.00,יחידה,false,1,51.20,51.20,true,1,
7290112000798,false,"דיטול תרסיסי חיטוי וניקוי אנטי בקטריאלי 750 מ""ל",רקיט בנקיזר,US,דטול מחטא משטחים,מיליליטרים,750.00,"100 מ""ל",false,1,12.70,1.69,true,1,
7290112000828,false,דטול - מגבונים חיטוי וניקוי אנטי בקטריאלי 60 יח',רקיט בנקיזר,PL,מגבונים דטול,יחידה,1.00,יחידה,false,1,11.80,11.80,true,1,
7290112001436,false,"פיניש מנקה מדיח כלים בניחוח לימון 250 מ""ל",רקיט בנקיזר,PL,פיניש מנקה מדיח,מיליליטרים,250.00,"100 מ""ל",false,1,9.30,3.72,true,1,
7290112001733,false,ויט רצועות שעווה לעור רגיל 40 יחידות,רקיט בנקיזר,FR,רצועות שעווה,יחידה,1.00,יחידה,false,1,67.40,67.40,true,1,
7290112002099,false,קולון גל כביסה מרוכז 2.5 ליטר קלאסי,רקיט בנקיזר,IL,ג'ל כביסה קולון,ליטרים,2.50,ליטר,false,1,24.70,9.88,true,1,
7290112002457,false,דטול - שלישיית מגבונים לניקוי וחיטוי בניחוח לימון,רקיט בנקיזר,PL,דטול מגבונים 3יח,יחידה,1.00,יחידה,false,1,18.70,18.70,true,1,
7290112003973,false,"וניש אבקה ורודה מולטי פאואר 1.350 ק""ג א. חסכון חדש להלבנה",רקיט בנקיזר,IT,וניש גולד אבקה,קילוגרמים,1.35,"ק""ג",false,1,29.80,22.07,true,1,
7290112004413,false,"ספריי וניש קליה להסרת כתמים לבגדים לבנים 750 מ""ל",רקיט בנקיזר,PL,מסיר כתמים ספריי,מיליליטרים,750.00,"100 מ""ל",false,1,12.70,1.70,true,1,
7290112005045,false,וניש תוסף כביסה רב תכליתי לבגדים לבנים,קליה וניש Kalia Vanish,IT,וניש אבקה לכביסה,גרמים,480.00,100 גרם,false,1,12.70,2.64,true,1,
7290112005076,false,אבקה להסרת כתמים לכביסה צבעונית וניש קליה 480 גרם,קליה וניש Kalia Vanish,IT,וניש אבקה לכביסה,גרמים,480.00,100 גרם,false,1,12.70,2.64,true,1,
7290112192561,false,"משחת שיניים פרודונטקס הגנה מלאה מרעננת הלבנה 75 מ""ל",ג'י.אס.קיי קונסיומר,IE,משחה פרודונטקס,מיליליטרים,75.00,"100 מ""ל",false,1,29.80,39.73,true,1,
7290112192578,false,משחת שיניים פרודונטקס אקסטרה פרש הגנה מלאה,ג'י.אס.קיי קונסיומר,IE,משחת פרודונטקס,מיליליטרים,75.00,"100 מ""ל",false,1,29.80,39.73,true,1,
7290112192875,false,"סנסודיין - משחת שיניים רגישות וחניכיים 75 מ""ל",סנסודיין Sensodyne,GB,משחת סנסודיין,מיליליטרים,75.00,"100 מ""ל",false,1,29.80,39.73,true,1,
7290112192882,false,"סנסודיין - משחת שיניים רגישות וחניכיים מלבינה 75 מ""ל",ג'י.אס.קיי קונסיומר,GB,משחת סנסודיין,מיליליטרים,75.00,"100 מ""ל",false,1,29.80,39.73,true,1,
7290112192981,false,סטייל מתולתלות קרם לחות לשיער גלי 400,גורי,IL,סטייל קרם לחות,מיליליטרים,400.00,"100 מ""ל",false,1,23.80,5.95,true,1,
7290112192998,false,סטייל מתולתלות קרם לחות לשיער מקורזל 400,גורי,IL,קרם לחות לשיער,מיליליטרים,400.00,"100 מ""ל",false,1,23.80,5.95,true,1,
7290112193278,false,"סטייל - שמפו מתולתלות לניקוי יסודי 600 מ""ל",א.ל.ארמן ייצור תמרוקים ב,IL,שמפו מתולתלות,מיליליטרים,600.00,"100 מ""ל",false,1,18.70,3.12,true,1,
7290112193285,false,"סטייל - מרכך מתולתלות מגביר לחות 600 מ""ל",א.ל.ארמן ייצור תמרוקים ב,IL,מרכך מתולתלות,מיליליטרים,600.00,"100 מ""ל",false,1,18.70,3.12,true,1,
7290112193292,false,"סטייל - מתולתלות מסכה לטיפול עמוק 500 מ""ל",א.ל.ארמן ייצור תמרוקים ב,IL,מסכה מתולתלות,מיליליטרים,500.00,"100 מ""ל",false,1,23.80,4.76,true,1,
7290112193308,false,"סטייל - מתולתלות גלייז מעצב ומאיץ ברק לשיער 400 מ""ל",א.ל. ארמן,IL,גלייז מתולתלות,מיליליטרים,400.00,"100 מ""ל",false,1,23.80,5.95,true,1,
7290112193315,false,"סטייל - מתולתלות קרם לחות להורדת פריז 400 מ""ל",א.ל.ארמן ייצור תמרוקים ב,IL,קרם לחות מתולתלו,מיליליטרים,400.00,"100 מ""ל",false,1,23.80,5.95,true,1,
7290112193339,false,"סטייל - ספריי מתותלות 150 מ""ל",א.ל.ארמן ייצור תמרוקים ב,IL,ספריי סטייל שיער,מיליליטרים,150.00,"100 מ""ל",false,1,23.80,15.87,true,1,
7290112196729,false,סטייל שמפו קולור קונטרול לשיער בלונד 400,גורי,IL,שמפו קולור קונטר,מיליליטרים,400.00,"100 מ""ל",false,1,21.20,5.30,true,1,
7290112196736,false,סטייל שמפו קולור קונטרול סילבר 400 מל,גורי,IL,שמפו קולור קונטר,מיליליטרים,400.00,"100 מ""ל",false,1,21.20,5.30,true,1,
7290112197078,false,"סטייל - תחליב רחצה לניקוי וטיפוח הידיים חמאת שיאה 500 מ""ל",רנקסאן פלסטיק יאנגר,TR,תחליב ידיים,מיליליטרים,500.00,"100 מ""ל",false,1,7.60,1.52,true,1,
7290112197122,false,"סטייל - סבון ידיים ירוק 500 מ""ל חדש",רנקסאן פלסטיק יאנגר,TR,סטייל סבון ידיים,מיליליטרים,500.00,"100 מ""ל",false,1,6.70,1.34,true,1,
7290112332585,false,פריכיות משולש תפוא אורז בתיבול סלק ומלח ים אנרג'י 30 גרם,"פרח תעשיו מזון בע""מ",IL,"פריכיות תפו""א",גרמים,30.00,100 גרם,false,1,5.00,16.67,true,1,
7290112332691,false,פינוקיות עוגיות קרם פסק זמן אגוזים 200 גרם,"הגביע מוצרי וופלים בע""\מ",IL,פינוקיות פסק זמן,גרמים,200.00,100 גרם,false,1,11.00,5.50,true,1,
7290112336651,false,סוכריות מאסט ללא סוכר ריבת חלב 80 ג' עלית,שטראוס גרופ,PL,סוכריות מאסט,גרמים,80.00,100 גרם,false,1,7.50,9.38,true,1,
7290112340122,false,הפריכיות הטעימות 3 דגנים אנרג'י 135 גרם,"פרח תעשיות מזון בע""\מ",IL,פריכיות טעימות,גרמים,135.00,100 גרם,false,1,13.50,10.00,true,1,
7290112340245,false,צנצנת מסטיק מאסט בטעם דובדבן 66 ג' עלית,"שטראוס גרופ בע""\מ",IL,מסטיק דובדבן,גרמים,66.00,100 גרם,false,1,11.00,16.67,true,1,
7290112340252,false,צנצנת מסטיק מאסט בטעם אבטיח מלון 66 ג' עלית,"שטראוס גרופ בע""\מ",IL,מסטיק אבטיח מלון,גרמים,66.00,100 גרם,false,1,11.00,16.67,true,1,
7290112343499,false,חטיף צ'יטוס פאפס אפוי בטעם גבינה,"שטראוס פריטו ליי בע""\מ )",IL,חטיף צ'יטוס puff,גרמים,55.00,100 גרם,false,1,3.30,6.00,true,1,
7290112346360,false,בפלות אחת אחת ופל בטעם שוקולד מצופה שוקולד,הגביע מוצרי וופלים ב,GR,בפלות אחת אחת,גרמים,180.00,100 גרם,false,1,13.50,7.50,true,1,
7290112349538,false,קפה עלית טורקי 160 גרם,שטראוס קפה בי.וי.,IL,קפה טורקי עלית,גרמים,160.00,100 גרם,false,1,10.10,6.31,true,1,
7290112354945,false,תפוצ'יפס wavy טבעי 50ג היתר מכירה,שטראוס פריטו ליי בע”,IL,תפוצ'יפס,גרמים,50.00,100 גרם,false,1,4.10,8.20,true,1,
7290112354952,false,"תפוציפס WAVY בטעם פפריקה , 50 גרם",שטראוס פריטו ליי בע”,IL,תפוצ'יפס,גרמים,50.00,100 גרם,false,1,4.10,8.20,true,1,
7290112358004,false,פסק זמן קראנצ' עלית 32 גרם,שולן צ'\יקולטה גידה סאן.,TR,חטיף פסק זמן,גרמים,32.00,100 גרם,false,1,4.00,12.50,true,1,
7290112358561,false,קפה נמס פלטינום קלאסי 47 ג' עלית,"אינסטנטבה בע""\מ",PL,קפה פלטינום קלאס,גרמים,47.00,100 גרם,false,1,7.60,16.17,true,1,
7290112492609,false,"תחליב רחצה פינוק 700 מ""ל לבנדר ווניל",יוניליוור ישראל טיפוח אי,IL,תחליב רחצה פינוק,מיליליטרים,700.00,"100 מ""ל",false,1,10.10,1.44,true,1,
7290112494238,false,קליק - כדורים חלב תפזורת 65 גרם,יוניליוור ישראל מזון בע\,IL,קליק כדורים,גרמים,65.00,100 גרם,false,1,6.70,10.31,true,1,
7290112494825,false,תרחיץ פנים לעור רגיש מכיל 25% קרם לחות,יוניליוור ישראל טיפוח אי,IL,דאב תרחיץ פנים,מיליליטרים,180.00,"100 מ""ל",false,1,13.50,7.50,true,1,
7290112494832,false,"דאב - תרחיץ פנים לעור רגיל 180 מ""ל",יוניליוור ישראל טיפוח אי,IL,דאב תרחיץ פנים,מיליליטרים,180.00,"100 מ""ל",false,1,13.50,7.50,true,1,
7290112497369,false,"דאודורנט רול און טלק סופט, 50 מ""ל","יוניליוור אנגליה, דרך קו",GB,דאו דאב רול און,מיליליטרים,50.00,"100 מ""ל",false,1,11.80,23.60,false,1,
7290112497710,false,פינוק בייבי שמפו אל דמע לתינוקות 700 מל,יוניליוור ישראלn\טיפוח א,IL,בייבי שמפו תינוק,מיליליטרים,700.00,"100 מ""ל",false,1,14.40,2.06,true,1,
7290112497727,false,פינוק בייבי אל סבון אל דמע לתינוקות 700,יוניליוור ישראלn\טיפוח א,IL,אל סבון בייבי,מיליליטרים,700.00,"100 מ""ל",false,1,14.40,2.06,true,1,
7290112498267,false,פינוק אל סבון לידיים בניחוח פינוק קלאסי,קוסטר אירוסול ולף סנ,TR,אל סבון פינוק,מיליליטרים,950.00,"100 מ""ל",false,1,12.70,1.34,true,1,
7290112499493,false,"רקסונה - דאודורנט ספריי לאישה אלוורה 150 מ""ל","ארנסט, רחוב קומבינצקיה 6",RU,דאו רקסונה,מיליליטרים,150.00,"100 מ""ל",false,1,15.30,10.20,true,1,
7290112499509,false,"רקסונה - דאודורנט ספריי לאישה בניחוח אפרסק ולמון גראס 150 מ""ל","ארנסט, רחוב קומבינצקיה 6",RU,דאו ספריי רקסונה,מיליליטרים,150.00,"100 מ""ל",false,1,15.30,10.20,true,1,
7290112961372,false,פיטנס חטיפי פריכיות דקות קינמון 60 גרם,"פרח תעשיות מזון בע""\מ",IL,פיטנס פריכיות,גרמים,60.00,100 גרם,false,1,9.30,15.50,true,1,
7290112961464,false,פיטנס חטיפי פריכיות דגנים וחומוס מתובלות,"פרח תעשיות מזון בע""\מ",IL,חטיפי פריכיות,גרמים,60.00,100 גרם,false,1,9.30,15.50,true,1,
7290112963918,false,פיטנס חטיפי קרקר דק רוזמרין 140 גרם,נסטלה Nestle,IL,קרקר דק פיטנס,גרמים,140.00,100 גרם,false,1,12.70,9.07,true,1,
7290112965660,false,פיטנס - חטיף מולטיגריין מלח פלפל 25 גרם,מיוצר עי קונדיטוריית,IL,חטיף פיטנס מלח,גרמים,25.00,100 גרם,false,1,4.70,18.80,true,1,
7290112965684,false,פיטנס - חטיף מולטיגריין עשבי תיבול 25 גרם,מיוצר עי קונדיטוריית,IL,חטיף פיטנס,גרמים,25.00,100 גרם,false,1,4.70,18.80,true,1,
7290112965707,false,פיטנס - חטיף מולטיגריין צילי מעודן 25 גרם,"אסם השקעות בע""\מ",IL,חטיף פיטנס צ'ילי,גרמים,25.00,100 גרם,false,1,4.70,18.80,true,1,
7290112968807,false,פיטנס - קרקר דק סלק 140 גרם,מפעל אסם יקנעם,IL,קרקר דק פיטנס,גרמים,140.00,100 גרם,false,1,12.70,9.07,true,1,
7290112968821,false,פיטנס - קרקר דק בטטה 140 גרם,מפעל אסם יקנעם,IL,קרקר דק פיטנס,גרמים,140.00,100 גרם,false,1,12.70,9.07,true,1,
7290113560055,false,פרודונטקס מי פה טיפול יומי לחניכיים 500,"מאסטרפוד אוסטריה בע""מ",GB,פרודונטקס מי פה,מיליליטרים,500.00,"100 מ""ל",false,1,27.20,5.44,true,1,
7290113560109,false,פרודונטקס מ.שיניים בטעם צמחי 75 מל,פרודונטקס Parodontax,SK,משחה פרודונטקס,מיליליטרים,75.00,"100 מ""ל",false,1,27.20,36.27,true,1,
7290113560277,false,זוג מברשות שיניים רפיד רליף סנסודיין,גלקסוס סמית קליין,GB,מברשות רפיד 2 יח,יחידה,1.00,יחידה,false,1,17.00,17.00,true,1,
7290114145831,false,אוליב שמפו לשיער יבש ופגום מועשר בשמן זית,אוליב Olive,IL,אוליב שמפו שמן ז,מיליליטרים,800.00,"100 מ""ל",false,0,17.00,2.13,true,1,
7290114145848,false,אוליב - מרכך לשיער יבש ופגום מועשר בשמן זית,אוליב Olive,IL,אוליב מרכך,מיליליטרים,800.00,"100 מ""ל",false,1,17.00,2.13,true,1,
7290114147569,false,אוליב ק.גוף שמן זית 500מ'ל,א.פ.חורי,IL,אוליב ק.גוף שמן,מיליליטרים,500.00,"100 מ""ל",false,1,17.00,3.40,true,1,
7290114605342,false,פירסט סמייל רפידות הנקה גודל מדיום 110,צאנזו שאנג קאר פרודק,CN,רפידות הנקה,יחידה,1.00,יחידה,false,1,22.90,22.90,true,1,
7290114607391,false,"קולגייט משחת לילדים ברבי 2-5 שנים, 75 מ""ל",קולגייט פלמוליב,PL,קולגייט מינייוני,מיליליטרים,75.00,"100 מ""ל",false,1,14.40,19.20,true,1,
7290114609388,false,קירינס עטיפת זוהר לפנים,,KP,קירינס עטיפת זוה,יחידה,1.00,יחידה,false,1,8.40,8.40,true,1,
7290114720014,false,קיט לשפתיים יח',,IL,קיט לשפתיים,יחידה,1.00,יחידה,false,1,128.10,128.10,true,1,
7290114721264,false,קיט לעיניים קרם +מכשיר י,,IL,קיט לעיניים קרם,יחידה,1.00,יחידה,false,1,136.60,136.60,true,1,
7290114721400,false,זוג ראשי פחם Soft תואם אורל בי,פוג'יקום,CN,ראש למברשת חשמלי,יחידה,1.00,יחידה,false,1,17.00,17.00,true,1,
7290114721578,false,ערכת ציחצוח לילדים חד קרן פוג'יקום,פוג'יקום,CN,ערכת צחצוח לילדי,יחידה,1.00,יחידה,false,1,68.20,68.20,true,1,
7290114721592,false,מברשת שיניים חשמלית פוג'יקום דינוזאור,פוג'יקום,CN,מברשת שיניים,יחידה,1.00,יחידה,false,1,25.50,25.50,true,1,
7290114721608,false,מברשת שיניים חשמלית פוג'יקום חד קרן,פוג'יקום,CN,מברשת שיניים,יחידה,1.00,יחידה,false,1,25.50,25.50,true,1,
7290115042177,false,אקסטרא כפפות ויניל M 100,,CN,כפפות ויניל,יחידה,1.00,יחידה,false,1,25.50,25.50,true,1,
7290115042184,false,אקסטרא כפפות ויניל L 100,,IL,כפפות ויניל,יחידה,1.00,יחידה,false,1,25.50,25.50,true,1,
7290115042191,false,אקסטרא כפפות וינילXL 100,,CN,כפפות ויניל,יחידה,1.00,יחידה,false,1,25.50,25.50,true,1,
7290115074987,false,מארז 5 יח' מסכות ילדים חד קרן,Unknown,IL,מסכה חד פעמית חד,יחידה,1.00,יחידה,false,1,5.00,5.00,true,1,
7290115077131,false,מסכות ילדים צבעוני מעורב 40 יח',מ.פאנג,CN,מסכת פנים חד פעמ,יחידה,1.00,יחידה,false,1,12.70,12.70,true,1,
7290115205176,false,פיטנס - קרקר דק כפרי פיטנס 140 גרם,נסטלה Nestle,IL,קרקר דק פיטנס,גרמים,140.00,100 גרם,false,1,12.70,9.07,true,1,
7290115205312,false,קרקר פיטנס דק עם זיתי קלמטה ועשבי תיבול,"אסם השקעות בע""\מ",IL,קרקר דק פיטנס,גרמים,140.00,100 גרם,false,1,12.70,9.07,true,1,
7290115206319,false,מטרנה סנסיטיב HM-O לפגים 700 גרם,מטרנה תעשיות ש.מ,IL,מטרנה סנסטיב לפג,גרמים,700.00,100 גרם,false,1,59.70,8.53,true,1,
7290115209198,false,במבה אוורירית אסם 80 גרם,"אסם תעשיות בע""מ",IL,במבה אוורירית,גרמים,80.00,100 גרם,false,1,5.90,7.38,true,1,
7290115292633,false,פרולטה פירות יער קרם ידיים אינטנסיבי 100מ,,IL,פרולטה קרם ידיים,מיליליטרים,100.00,"100 מ""ל",false,1,5.90,5.90,true,1,
7290115292640,false,פרולטה פירות יער קרם גוף אינטנסיבי 400מ'ל,,IL,קרם גוף פירות,מיליליטרים,400.00,"100 מ""ל",false,1,12.70,3.18,true,1,
7290115671346,false,מיני פינוקיות טופי קרמל מלוח עלית 180 גרם,"הגביע מוצרי ופלים בע""\מ",IL,מיני פינוקיות,גרמים,180.00,100 גרם,false,1,11.00,6.11,true,1,
7290115671353,false,מיני פינוקיות עוגיות קקאו במילוי קרם בטעם וניל,"הגביע מוצרי ופלים בע""\מ",IL,מיני פינוקיות,גרמים,180.00,100 גרם,false,1,11.00,6.11,true,1,
7290116530215,false,דאודרנט סטיק לגבר דרק טמפטיישן 76 ג' אקס,יוניליוור פארם,US,דאו. סטיק אקס,גרמים,77.00,100 גרם,false,1,18.70,24.29,true,1,
7290116530222,false,דאודרנט סטיק לגבר אנרכי 76 ג' אקס,יוניליוור פארם,US,דאו.סטיק אקס,גרמים,77.00,100 גרם,false,1,18.70,24.29,true,1,
7290116530239,false,אקס דאו סטיק לגבר בלאק 7 גרם,יוניליוור פארם,US,דאו.סטיק אקס,גרמים,77.00,100 גרם,false,1,18.70,24.29,true,1,
7290116530888,false,ג'ל לכביסה לבנה וצבעונית פינוק כחול בדין 2.5 ל',"זוהר דליה, קיבוץ דליה, 1",IL,ג'ל כביסה בדין,ליטרים,2.50,ליטר,false,1,30.60,12.24,true,1,
7290116531243,false,"שמפו ומרכך 2ב-1 למניעת קשקשים 700 מ""ל פינוק",יוניליוור ישראל טיפוח אי,IL,שמפו פינוק,מיליליטרים,700.00,"100 מ""ל",false,1,12.70,1.81,true,1,
7290116532523,false,"מארז זוג דאו רולאון * 50 מ""ל דאב",יוניליוור ישראלn\טיפוח א,IL,דאב רול און 2 יח,מיליליטרים,100.00,"100 מ""ל",false,1,21.20,21.20,true,1,
7290116532868,false,פינוק בייבי שמפו אל דמע לתינוקות 900 מל,יוניליוור ישראלn\טיפוח א,IL,בייבי שמפו,מיליליטרים,900.00,"100 מ""ל",false,1,18.70,2.08,true,1,
7290116532875,false,פינוק בייבי אל סבון לתינוקות 970 מל-משאבה,יוניליוור ישראלn\טיפוח א,IL,אל סבון לתינוק,מיליליטרים,900.00,"100 מ""ל",false,1,18.70,2.08,true,1,
7290116930015,false,GO חטיף חלבון חטיף בוטנים קריספי 20 גרם חלבון,"בלמונט קונפקציות בע""\מ.",US,חטיף חלבון GO,גרמים,60.00,100 גרם,false,1,11.80,19.67,true,1,
7290117380932,false,קרם ידיים + קרם שפתיים מ,,IL,קרם ידיים+שפתיים,יחידה,1.00,יחידה,false,1,25.50,25.50,true,1,
7290117823798,false,בדיקה עצמית מהירה לזיהוי אנטיגן 5 יח,,CN,בדיקת אנטיגן עצמ,יחידה,1.00,יחידה,false,1,34.10,34.10,true,1,
7290117860038,false,"הוואי - תחליב רחצה יוגורט בניחוח אוכמניות 700 מ""ל","טרופיקל דגיל בע""\מ",IL,תחליב רחצה הוואי,מיליליטרים,700.00,"100 מ""ל",false,1,10.10,1.44,true,1,
7290117860045,false,שמפו תמציות אלוורה ותה ירוק לשיער רגיל,"טרופיקל דגיל בע""\מ",IL,שמפו הוואי,מיליליטרים,700.00,"100 מ""ל",false,1,10.10,1.44,true,1,
7290117860083,false,"הוואי קרם רחצה יוגורט בניחוח אירוס זהוב ודבש 700 מ""ל","טרופיקל דגיל בע""\מ",IL,קרם רחצה הוואי,מיליליטרים,700.00,"100 מ""ל",false,1,10.10,1.44,true,1,
7290117860090,false,מרכך תמציות אלוורה ותה ירוק לשיער רגיל,"טרופיקל דגיל בע""\מ",IL,מרכך מטפח לשיער,מיליליטרים,700.00,"100 מ""ל",false,1,10.10,1.44,true,1,
7290117860144,false,הוואי שמפו פירות אקזוטיים וקלנדולה 700,"טרופיקל דגיל בע""\מ",IL,שמפו הוואי,מיליליטרים,700.00,"100 מ""ל",false,1,10.10,1.44,true,1,
7290117860182,false,"הוואי - תחליב רחצה בניחוח מגנוליה ושמן שקדים 700 מ""ל","טרופיקל דגיל בע""\מ",IL,תחליב רחצה הוואי,מיליליטרים,700.00,"100 מ""ל",false,1,10.10,1.44,true,1,
7290117860199,false,שמפו שמן ורד הבר ושמן מקדמיה לשיער יבש,"טרופיקל דגיל בע""\מ",IL,שמפו הוואי,מיליליטרים,700.00,"100 מ""ל",false,1,10.10,1.44,true,1,
7290117860236,false,"הוואי - קרם רחצה בניחוח ויולה ורודה 700 מ""ל","טרופיקל דגיל בע""\מ",IL,קרם רחצה הוואי,מיליליטרים,700.00,"100 מ""ל",false,1,10.10,1.44,true,1,
7290117860243,false,"הוואי - מרכך מעניק לחות לשיער יבש 700 מ""ל","טרופיקל דגיל בע""\מ",IL,מרכך הוואי,מיליליטרים,700.00,"100 מ""ל",false,1,10.10,1.44,true,1,
7290117860281,false,"הוואי - ג'ל רחצה לגבר בניחוח עוצמתי 700 מ""ל","טרופיקל דגיל בע""\מ",IL,ג'ל רחצה לגבר,מיליליטרים,700.00,"100 מ""ל",false,1,10.10,1.44,true,1,
7290117860298,false,שמפו קומפלקס קרטין לשיער עדין או חלש,"טרופיקל דגיל בע""\מ",IL,שמפו הוואי,מיליליטרים,700.00,"100 מ""ל",false,1,10.10,1.44,true,1,
7290117860335,false,"הוואי ג'ל רחצה לגבר בניחוח מעורר 700 מ""ל","טרופיקל דגיל בע""\מ",IL,ג'ל רחצה לגבר,מיליליטרים,700.00,"100 מ""ל",false,1,10.10,1.44,true,1,
7290117860342,false,מרכך קומפלקס קרטין לשיער עדין או חלש,"טרופיקל דגיל בע""\מ",IL,מרכך הוואי,מיליליטרים,700.00,"100 מ""ל",false,1,10.10,1.44,true,1,
7290117860380,false,"תחליב רחצה יוגורט בניחוח אלוורה 700 מ""ל הוואי","טרופיקל דגיל בע""\מ",IL,תחליב רחצה הוואי,מיליליטרים,700.00,"100 מ""ל",false,1,10.10,1.44,true,1,
7290117860397,false,שמפו תמצית פריחת הדובדבן לשיער רגיל,"טרופיקל דגיל בע""\מ",IL,שמפו הוואי,מיליליטרים,700.00,"100 מ""ל",false,1,10.10,1.44,true,1,
7290117860441,false,"מרכך פריחת הדובדבן 700 מ""ל הוואי","טרופיקל דגיל בע""\מ",IL,מרכך פריחת הדובד,מיליליטרים,700.00,"100 מ""ל",false,1,10.10,1.44,true,1,
7290117860540,false,הוואי שמפו לילדים רוזמרין מנגו ומשמש 700,"טרופיקל דגיל בע""\מ",IL,שמפו עדין לילדים,מיליליטרים,700.00,"100 מ""ל",false,1,10.10,1.44,true,1,
7290117860595,false,הוואי מרכך לילדים רוזמרין מנגו ומשמש 700,"טרופיקל דגיל בע""\מ",IL,מרכך הוואי,מיליליטרים,700.00,"100 מ""ל",false,1,10.10,1.44,true,1,
7290117860649,false,הוואי שמפו קרטין קיק ללא סולפטים 700 מל,"טרופיקל דגיל בע""\מ",IL,שמפו הוואי,מיליליטרים,700.00,"100 מ""ל",false,1,10.10,1.44,true,1,
7290117860694,false,הוואי מרכך קרטין קיק ללא סולפטים 700 מל,"טרופיקל דגיל בע""\מ",IL,מרכך הוואי,מיליליטרים,700.00,"100 מ""ל",false,1,10.10,1.44,true,1,
7290117860748,false,הוואי שמפו תמצית יסמין מעניק נפח 700 מל,"טרופיקל דגיל בע""\מ",IL,שמפו הוואי,מיליליטרים,700.00,"100 מ""ל",false,1,10.10,1.44,true,1,
7290117860793,false,הוואי מרכך תמצית יסמין מעניק נפח 700 מל,"טרופיקל דגיל בע""\מ",IL,מרכך הוואי,מיליליטרים,700.00,"100 מ""ל",false,1,10.10,1.44,true,1,
7290117860892,false,"הוואי - תחליב רחצה יוגורט בניחוח וניל ודבש 700 מ""ל","טרופיקל דגיל בע""\מ",IL,תחליב רחצה הוואי,מיליליטרים,700.00,"100 מ""ל",false,1,10.10,1.44,true,1,
7290117860946,false,"תחליב רחצה יוגורט בניחוח קוקוס 700 מ""ל הוואי","טרופיקל דגיל בע""\מ",IL,תחליב רחצה הוואי,מיליליטרים,700.00,"100 מ""ל",false,1,10.10,1.44,true,1,
7290117860991,false,"תחליב רחצה יוגורט בניחוח שקדים 700 מ""ל הוואי","טרופיקל דגיל בע""\מ",IL,תחליב רחצה הוואי,מיליליטרים,700.00,"100 מ""ל",false,1,10.10,1.44,true,1,
7290118873082,false,בדיקות אנטיגן +שפעת 5יח,,IL,בדיקות אנטיגן מש,יחידה,1.00,יחידה,false,1,42.60,42.60,true,1,
7296073020356,false,150כוס שתייה קרה בייסיק,שופרסל,IL,"כוסות שתייה חד""פ",יחידה,1.00,יחידה,false,0,11.00,11.00,true,1,
7296073059691,false,"50 צלחות גדול ח""פ שופרסל",שופרסל,IL,צלחות גדולות,יחידה,1.00,יחידה,false,0,15.30,15.30,true,1,
7296073133001,false,קערית מרק לבן אלגנט 25יח,שופרסל,IL,קעריות מרק לבנות,יחידה,1.00,יחידה,false,0,11.00,11.00,true,1,
7296073161493,false,שוק.מריר60%שופרסל 100*2ג,"שוקולד פריי בע""מ",CH,שוקולד מריר זוג,גרמים,200.00,100 גרם,false,0,12.80,6.40,true,1,
7296073218807,false,בישקוטים,,IT,בישקוטים,גרמים,200.00,100 גרם,false,0,5.00,2.50,true,1,
7296073223009,false,שמן זית,,IT,שמן זית,מיליליטרים,750.00,"100 מ""ל",false,0,25.50,3.40,true,1,
7296073225560,false,"ופלים שוקולד ללת""ס200גרם","מנעמים תעשיות מזון בע""\מ",IL,"ופל שוקולד ללת""ס",גרמים,200.00,100 גרם,false,0,6.70,3.35,true,1,
7296073230441,false,כפיות שקופות עבות במיוחד,.,IL,כפיות שקופות,יחידה,1.00,יחידה,false,0,12.70,12.70,true,1,
7296073230489,false,מארז מזלגות שקופים עבים,.,TR,מזלגות שקופים,יחידה,1.00,יחידה,false,0,12.70,12.70,true,1,
7296073239239,false,כוסות קפה פרימיום 50 יח',.,CN,כוסות שתיה חמה,יחידה,1.00,יחידה,false,1,15.30,15.30,true,1,
7296073248668,false,30 פדים להנקה,LT F.H.P.CO,CN,פדים להנקה,יחידה,1.00,יחידה,false,1,11.00,11.00,true,1,
7296073261384,false,"אל סבון מעורב 500*3 מ""ל",טאהא קימיה,TR,אל סבון נוזלי3יח,ליטרים,1.50,ליטר,false,1,11.00,7.33,true,1,
7296073273455,false,תרסיס אלוורה שופרסל250מל,ש.שוורץ,IL,תרסיס ג'ל אלוורה,מיליליטרים,250.00,"100 מ""ל",false,1,17.00,6.80,true,1,
7296073277255,false,מארז מגבונים לחים 6 יח,דינמיק,IL,מארז מגבוניםלחים,יחידה,1.00,יחידה,false,1,19.50,19.50,true,1,
7296073281696,false,מגבוני טואלט לילד 40*3יח,שופרסל,IL,"מגבוני נ""ט לילד",יחידה,1.00,יחידה,false,1,8.40,8.40,true,1,
7296073281702,false,מגבוני נ.טואלט למבוגרים,דינמיק תעשיות מגבונים,IL,מגבוני נייר לחים,יחידה,1.00,יחידה,false,1,8.40,8.40,true,1,
7296073285397,false,נר נשמה 24 שעות יחידה,CANDLE ITBRIGHT,CN,נר נשמה 24 שעות,יחידה,1.00,יחידה,false,1,2.00,2.00,true,1,
7296073286066,false,אורז בסמטי זיפר שופרסל1ק,SETIA LAL CHAMAN,IN,אורז בסמטי,קילוגרמים,1.00,"ק""ג",false,1,8.50,8.50,true,1,
7296073286417,false,שק.אשפה חזקות גדולות60יח,אשפלסט,IL,שקיות אשפה 60 יח,יחידה,1.00,יחידה,false,1,17.00,17.00,true,1,
7296073289715,false,מגבוני אף עדינים תינוק30,שופרסל,IL,מגבוני אף לתינוק,יחידה,1.00,יחידה,false,1,8.40,8.40,true,1,
7296073291077,false,משטחי החתלה שופרסל 10יח,PAKTEN,TR,משטחי החתלה,יחידה,1.00,יחידה,false,1,14.40,14.40,true,1,
7296073291749,false,מברשת ידית 1 אובלי,PIAOY,CN,מברשת שיער,יחידה,1.00,יחידה,false,1,17.00,17.00,true,1,
7296073320289,false,אלסבון סילקי ארט 500*3מל,אקסן קוסמטיק,TR,אלסבון שופרסל3יח,ליטרים,1.50,ליטר,false,1,11.00,7.33,true,1,
7296073322979,false,בוטנים מצופים קלויים50ג,ששון ושות'\ )ש.ת. תעשיות,IL,בוטנים אמריקאים,גרמים,50.00,100 גרם,false,1,2.50,5.00,true,1,
7296073330387,false,מברשת סומק,BE NOW,CN,מברשת סומק,יחידה,1.00,יחידה,false,0,34.10,34.10,true,1,
7296073330394,false,מברשת סומק זוויתית,BE NOW,CN,מברשת סומק זווית,יחידה,1.00,יחידה,false,0,34.10,34.10,true,1,
7296073330400,false,מברשת איפור נשלפת לתיק,BE NOW,CN,מברשת איפור נשלפ,יחידה,1.00,יחידה,false,0,42.60,42.60,true,1,
7296073330417,false,מברשת מחודדת למייקאפ,BE NOW,CN,מברשת למייקאפ,יחידה,1.00,יחידה,false,0,34.10,34.10,true,1,
7296073330424,false,מברשת סומק ישרה,BE NOW,CN,מברשת סומק ישרה,יחידה,1.00,יחידה,false,0,34.10,34.10,true,1,
7296073330431,false,מברשת לאייליינר ומסרק,BE NOW,CN,מברשת לאייליינר,יחידה,1.00,יחידה,false,0,28.10,28.10,true,1,
7296073330448,false,מברשת לצלליות רחבה,BE NOW,CN,מברשת לצללית רחב,יחידה,1.00,יחידה,false,0,28.00,28.00,true,1,
7296073330462,false,מברשת קבוקי קטנטנה לתיק,BE NOW,CN,מברשת קבוקי לתיק,יחידה,1.00,יחידה,false,0,34.10,34.10,true,1,
7296073330493,false,מברשת לסומק משיער טבעי,BE NOW,CN,מברשת לסומק טבעי,יחידה,1.00,יחידה,false,0,42.60,42.60,true,1,
7296073330530,false,מברשת סיליקון למסכה,BE NOW,CN,מברשת סיל' למסכה,יחידה,1.00,יחידה,false,0,21.00,21.00,true,1,
7296073330554,false,מברשת לניקוי פנים מיוחדת,BE NOW,CN,מברשת ניקוי פנים,יחידה,1.00,יחידה,false,0,10.10,10.10,true,1,
7296073330561,false,מנקה מברשות איפור,BE NOW,CN,מנקה מברשות א.,יחידה,1.00,יחידה,false,0,29.80,29.80,true,1,
7296073330585,false,מחדד איפור,BE NOW,CN,מחדד איפור,יחידה,1.00,יחידה,false,0,5.50,5.50,true,1,
7296073330653,false,ספוגית לטקס למייקאפ אובל,BE NOW,CN,ספוגית למייקאפ,יחידה,1.00,יחידה,false,0,11.00,11.00,true,1,
7296073330684,false,4 ספוגיות למייקאפ משולש,BE NOW,CN,4 ספוגיות משולש,יחידה,1.00,יחידה,false,0,8.40,8.40,true,1,
7296073330691,false,ספוגיות משולשות מתנפחות,BE NOW,CN,ספוגית מתנפחת מ.,יחידה,1.00,יחידה,false,0,15.00,15.00,true,1,
7296073330707,false,מארז 12 ספוגיות משולשות,BE NOW,CN,12 ספוגיות משולש,יחידה,1.00,יחידה,false,0,17.00,17.00,true,1,
7296073330738,false,ספוגיות מעויינות למייקאפ,BE NOW,CN,4 ספוגיות מעויין,יחידה,1.00,יחידה,false,0,10.10,10.10,true,1,
7296073330783,false,ספוג ביוטי טיפה גלי,BE NOW,CN,ספוג טיפה גלי,יחידה,1.00,יחידה,false,0,25.50,25.50,true,1,
7296073330936,false,פינצטה אפורה קצה ישר,BE NOW,CN,פינצטה ישרה אפור,יחידה,1.00,יחידה,false,0,17.00,17.00,true,1,
7296073330950,false,פינצטה לבנה קצה אלכסון,BE NOW,CN,פינצטה א. לבן,יחידה,1.00,יחידה,false,0,12.00,12.00,true,1,
7296073330974,false,פינצטה לאב יו איכותית,BE NOW,CN,פינצטה לאב יו,יחידה,1.00,יחידה,false,0,17.00,17.00,true,1,
7296073330981,false,פינצטה מנומרת איכותית,BE NOW,CN,פינצטה ציור שחור,יחידה,1.00,יחידה,false,0,21.00,21.00,true,1,
7296073331025,false,פינצטה ידית מחוררת,BE NOW,CN,פינצטה חורים,יחידה,1.00,יחידה,false,0,34.10,34.10,true,1,
7296073331032,false,פינצטה עם תאורה,BE NOW,CN,פינצטה עם תאורה,יחידה,1.00,יחידה,false,0,34.10,34.10,true,1,
7296073331056,false,קוצץ קטן,BE NOW,CN,קוצץ קטן,יחידה,1.00,יחידה,false,0,7.60,7.60,true,1,
7296073331063,false,קוצץ גדול,BE NOW,CN,קוצץ גדול,יחידה,1.00,יחידה,false,0,8.40,8.40,true,1,
7296073331070,false,קוצץ עם אשפתון,BE NOW,CN,קוצץ עם אשפתון,יחידה,1.00,יחידה,false,0,12.70,12.70,true,1,
7296073331087,false,קוצץ אל חלד גדול,BE NOW,CN,קוצץ גדול,יחידה,1.00,יחידה,false,0,17.00,17.00,true,1,
7296073331100,false,צבת אל חלד לציפורניים,BE NOW,CN,צבת לציפורניים,יחידה,1.00,יחידה,false,0,42.60,42.60,true,1,
7296073331124,false,צבת מקצועית לציפורניים,BE NOW,CN,צבת לציפורניים,יחידה,1.00,יחידה,false,0,51.20,51.20,true,1,
7296073331131,false,מספריים לעור - מבריק,BE NOW,CN,מספריים לעור,יחידה,1.00,יחידה,false,0,25.50,25.50,true,1,
7296073331148,false,מספריים לציפורניים מבריק,BE NOW,CN,מספריים לציפורן,יחידה,1.00,יחידה,false,0,25.50,25.50,true,1,
7296073331179,false,מספריים משולב מט פרימיום,BE NOW,CN,מספריים משולב מט,יחידה,1.00,יחידה,false,0,34.10,34.10,true,1,
7296073331216,false,מספריים אל חלד לשיער,BE NOW,CN,מספריים לשיער,יחידה,1.00,יחידה,false,0,34.10,34.10,true,1,
7296073331223,false,מספריים אל חלד לגבות,BE NOW,CN,מספריים לגבות,יחידה,1.00,יחידה,false,0,34.00,34.00,true,1,
7296073331261,false,פצירת אקריל,BE NOW,CN,פצירת אקריל,יחידה,1.00,יחידה,false,0,7.60,7.60,true,1,
7296073331278,false,"פצירת מתכת ""7 ידית שחורה",BE NOW,CN,"פצירת מתכת ""7",יחידה,1.00,יחידה,false,0,12.70,12.70,true,1,
7296073331377,false,מבריק ציפורניים 3 שלבים,BE NOW,CN,מבריק צ. 3 שלבים,יחידה,1.00,יחידה,false,0,15.00,15.00,true,1,
7296073331391,false,דוחף עור מתכת,BE NOW,CN,דוחף עור מתכת,יחידה,1.00,יחידה,false,0,21.00,21.00,true,1,
7296073331407,false,מגרדת לכף הרגל רחבה,BE NOW,CN,מגרדת לכף רגל,יחידה,1.00,יחידה,false,0,12.70,12.70,true,1,
7296073331421,false,פומפיה לכף הרגל,BE NOW,CN,פומפיה לכף הרגל,יחידה,1.00,יחידה,false,0,12.70,12.70,true,1,
7296073331452,false,מכשיר פדיקור לכף הרגל,BE NOW,DE,מכשיר פדיקור כ.ר,יחידה,1.00,יחידה,false,0,21.00,21.00,true,1,
7296073331520,false,מברשת שיער שחור,BE NOW,CN,מברשת שיער שחור,יחידה,1.00,יחידה,false,0,17.00,17.00,true,1,
7296073331544,false,מברשת שיער אובלית מחורצת,BE NOW,CN,מברשת שיער אובל,יחידה,1.00,יחידה,false,0,21.00,21.00,true,1,
7296073331575,false,מברשת שיער מטקה ורודה L,BE NOW,CN,מברשת מטקה Lורוד,יחידה,1.00,יחידה,false,0,21.00,21.00,true,1,
7296073331582,false,מברשת שיער אובל ורודה L,BE NOW,CN,מברשת אובל Lורוד,יחידה,1.00,יחידה,false,0,21.00,21.00,true,1,
7296073331599,false,מברשת שיער מאורכת ורוד L,BE NOW,CN,מברשת מ. Lורוד,יחידה,1.00,יחידה,false,0,21.00,21.00,true,1,
7296073331605,false,מברשת שיער לתיק ורודה,BE NOW,CN,מברשת לתיק ורודה,יחידה,1.00,יחידה,false,0,17.00,17.00,true,1,
7296073331612,false,מברשת שיער מטקה שחורה,BE NOW,CN,מברשת מטקה שחורה,יחידה,1.00,יחידה,false,0,25.50,25.50,true,1,
7296073331629,false,מברשת שיער אובלית שחורה,BE NOW,CN,מברשת אובל שחורה,יחידה,1.00,יחידה,false,0,24.70,24.70,true,1,
7296073331636,false,מברשת שיער מאורכת שחורה,BE NOW,CN,מברשת מאורך שחור,יחידה,1.00,יחידה,false,0,21.00,21.00,true,1,
7296073331643,false,מברשת שיער לתיק שחורה,BE NOW,CN,מברשת לתיק שחורה,יחידה,1.00,יחידה,false,0,19.50,19.50,true,1,
7296073331650,false,מברשת שיער לפן שחורה,BE NOW,CN,מברשת לפן שחורה,יחידה,1.00,יחידה,false,0,25.00,25.00,true,1,
7296073331667,false,מברשת שיער לילדות,BE NOW,CN,מברשת שיער ילדות,יחידה,1.00,יחידה,false,0,21.00,21.00,true,1,
7296073331681,false,מברשת קרמית לפן בינונית,BE NOW,CN,מברשת קרמית לפןM,יחידה,1.00,יחידה,false,0,32.00,32.00,true,1,
7296073331735,false,מברשת ש.מטקה שיער רטוב,BE NOW,CN,מברשת מטקה רטוב,יחידה,1.00,יחידה,false,0,38.30,38.30,true,1,
7296073331742,false,מברשת אובלית שיער רטוב,BE NOW,CN,מברשת אובל רטוב,יחידה,1.00,יחידה,false,0,34.10,34.10,true,1,
7296073331766,false,מברשת ש.התרת קשרים ורודה,BE NOW,CN,מברשת קשרים,יחידה,1.00,יחידה,false,0,29.80,29.80,true,1,
7296073331810,false,מברשת שיער ספרים מקצועית,BE NOW,CN,מברשת שיער ספרים,יחידה,1.00,יחידה,false,0,25.00,25.00,true,1,
7296073331834,false,מברשת ש.עגולה עם שיערות,BE NOW,CN,מברשת עגולה שיער,יחידה,1.00,יחידה,false,0,34.00,34.00,true,1,
7296073331841,false,מסרק גדול שחור,BE NOW,CN,מסרק גדול שחור,יחידה,1.00,יחידה,false,0,8.00,8.00,true,1,
7296073331858,false,מסרק לתלתלים עם ידית,BE NOW,CN,מסרק לתלתלים,יחידה,1.00,יחידה,false,0,8.00,8.00,true,1,
7296073331865,false,מסרק כיס שחור,BE NOW,CN,מסרק כיס שחור,יחידה,1.00,יחידה,false,0,7.50,7.50,true,1,
7296073331896,false,מסרק חום עם ידית,BE NOW,CN,מסרק חום ידית,יחידה,1.00,יחידה,false,0,8.00,8.00,true,1,
7296073331902,false,2 מברשות למריחת צבע שיער,BE NOW,CN,זוג מברשות לצבע,יחידה,1.00,יחידה,false,0,11.00,11.00,true,1,
7296073331926,false,קערית לצבע לשיער,BE NOW,CN,קערית לצבע לשיער,יחידה,1.00,יחידה,false,0,8.00,8.00,true,1,
7296073331940,false,גומיות שחורות 12 יח,BE NOW,CN,12 גומיות שחורות,יחידה,1.00,יחידה,false,0,8.40,8.40,true,1,
7296073331964,false,גומיות בלונד,,CN,גומיות בלונד,יחידה,1.00,יחידה,false,0,8.40,8.40,true,1,
7296073332077,false,גומיות פפיון ופנינה,BE NOW,CN,גומיות פפיון,יחידה,1.00,יחידה,false,0,14.00,14.00,true,1,
7296073332114,false,גומיות מגבת שחורות 8 יח,BE NOW,CN,8ג.מגבת שחור,יחידה,1.00,יחידה,false,0,8.00,8.00,true,1,
7296073332145,false,8 גומיות מגבת צר צבעוני,BE NOW,CN,8ג.מגבת צר צבע,יחידה,1.00,יחידה,false,0,8.00,8.00,true,1,
7296073332152,false,16 גומיות מגבת קטן שחור,BE NOW,CN,16ג.מגבת S שחור,יחידה,1.00,יחידה,false,0,8.00,8.00,true,1,
7296073332169,false,16גומיות מגבת קטן צבעוני,BE NOW,CN,16ג.מגבת S צבע,יחידה,1.00,יחידה,false,0,8.00,8.00,true,1,
7296073332176,false,6 גומיות שחור פתוחות,BE NOW,CN,6גומיות ש. פתוח,יחידה,1.00,יחידה,false,0,8.00,8.00,true,1,
7296073332183,false,6 גומיות צבעוני פתוחות,BE NOW,CN,6גומיות צבע פתוח,יחידה,1.00,יחידה,false,0,8.00,8.00,true,1,
7296073332190,false,גומיות דקות לצמות 100 יח,BE NOW,CN,100 גומיות דקות,יחידה,1.00,יחידה,false,0,8.40,8.40,true,1,
7296073332220,false,2גומיות סקונצים עבה שחור,BE NOW,CN,2גומיות סקונצי'ם,יחידה,1.00,יחידה,false,0,12.00,12.00,true,1,
7296073332244,false,גומיית דונטס שחור,BE NOW,CN,גומיית דונטס ש.,יחידה,1.00,יחידה,false,0,8.00,8.00,true,1,
7296073332251,false,3 גומיות מסולסלות שחורות,BE NOW,CN,3גומיות מסולסלות,יחידה,1.00,יחידה,false,0,8.00,8.00,true,1,
7296073332312,false,סרט סטנדרטי שחור,BE NOW,CN,סרט סטנדרטי שחור,יחידה,1.00,יחידה,false,0,12.00,12.00,true,1,
7296073332329,false,סרט פפיון טורקיז,BE NOW,CN,סרט פפיון טורקיז,יחידה,1.00,יחידה,false,0,12.00,12.00,true,1,
7296073332398,false,סיכות תיקתק לבבות,BE NOW,CN,תיקתק לבבות,יחידה,1.00,יחידה,false,0,15.00,15.00,true,1,
7296073332404,false,סיכות תיקתק צבעוני משולב,BE NOW,CN,תיקתק צבע משולב,יחידה,1.00,יחידה,false,0,15.30,15.30,true,1,
7296073332411,false,תיקתק חד קרן 4 יח,BE NOW,CN,4 תיקתק חד קרן,יחידה,1.00,יחידה,false,0,14.00,14.00,true,1,
7296073332428,false,6 תיקתק לבבות ופינגווין,BE NOW,CN,6תיקתק פינגווין,יחידה,1.00,יחידה,false,0,17.00,17.00,true,1,
7296073332435,false,14 סיכות תיקתק מיני נוצץ,BE NOW,CN,14תיקתק מיני,יחידה,1.00,יחידה,false,0,15.00,15.00,true,1,
7296073332459,false,סיכות תיקתק חתול 4 יח,BE NOW,CN,סיכות חתול 4 יח,יחידה,1.00,יחידה,false,0,9.30,9.30,true,1,
7296073332473,false,סיכות תיקתק כסוף 6 יח,BE NOW,CN,6סיכות תיקתק כסף,יחידה,1.00,יחידה,false,0,11.00,11.00,true,1,
7296073332480,false,סיכות תיקתק שחור 6 יח,BE NOW,CN,6תיקתק שחור,יחידה,1.00,יחידה,false,0,11.00,11.00,true,1,
7296073332497,false,סיכות סבתא שחור 40 יח,BE NOW,CN,40סיכות שחורות,יחידה,1.00,יחידה,false,0,12.00,12.00,true,1,
7296073332503,false,40 סיכות סבתא בלונדיניות,BE NOW,CN,40סיכות בלונדיני,יחידה,1.00,יחידה,false,0,12.00,12.00,true,1,
7296073332510,false,16 קליפסים קטנטנים שחור,BE NOW,CN,16קליפסים S שחור,יחידה,1.00,יחידה,false,0,12.00,12.00,true,1,
7296073332534,false,קליפסים קטנים 8 יח שחור,BE NOW,CN,8קליפסים S שחור,יחידה,1.00,יחידה,false,0,12.00,12.00,true,1,
7296073332558,false,קליפס בינוני 4 יח שחור,BE NOW,CN,4קליפס M שחור,יחידה,1.00,יחידה,false,0,12.00,12.00,true,1,
7296073332565,false,קליפס בינוני 4 יח חום,BE NOW,CN,4קליפס M חום,יחידה,1.00,יחידה,false,0,12.00,12.00,true,1,
7296073332572,false,קליפס בינוני חזק 3 יח,BE NOW,CN,3קליפס M חזק,יחידה,1.00,יחידה,false,0,12.70,12.70,true,1,
7296073332589,false,"קליפס ענק 13 ס""מ",BE NOW,CN,קליפס ענק 13 סמ,יחידה,1.00,יחידה,false,0,12.00,12.00,true,1,
7296073332596,false,קליפס בננה,BE NOW,CN,קליפס בננה,יחידה,1.00,יחידה,false,0,12.00,12.00,true,1,
7296073332602,false,קליפס מקור,BE NOW,CN,קליפס מקור,יחידה,1.00,יחידה,false,0,12.00,12.00,true,1,
7296073332619,false,קליפס L גומי מונע החלקה,BE NOW,CN,קליפס ענק גומי,יחידה,1.00,יחידה,false,0,17.00,17.00,true,1,
7296073332640,false,קליפס M שחור בצורת רשת,BE NOW,CN,קליפס M שחור רשת,יחידה,1.00,יחידה,false,0,9.00,9.00,true,1,
7296073332664,false,תופסן ספרים 3 יח,BE NOW,CN,תופסן ספרים 3 יח,יחידה,1.00,יחידה,false,0,8.00,8.00,true,1,
7296073332671,false,זוג קליפסים שחור,BE NOW,CN,זוג קליפסים שחור,יחידה,1.00,יחידה,false,0,8.40,8.40,true,1,
7296073332688,false,זוג קליפסים חום,BE NOW,CN,זוג קליפסים חום,יחידה,1.00,יחידה,false,0,8.40,8.40,true,1,
7296073332701,false,שישיית קליפסים כוכבים,BE NOW,CN,6קליפסים כוכבים,יחידה,1.00,יחידה,false,0,12.00,12.00,true,1,
7296073332725,false,רשת לשיער,BE NOW,CN,רשת לשיער,יחידה,1.00,יחידה,false,0,8.00,8.00,true,1,
7296073332794,false,ספוג רחצה חבלים,BE NOW,CN,ספוג רחצה חבלים,יחידה,1.00,יחידה,false,0,8.00,8.00,true,1,
7296073332800,false,ספוג רחצה אובלי,BE NOW,CN,ספוג רחצה אובלי,יחידה,1.00,יחידה,false,0,11.00,11.00,true,1,
7296073332817,false,כפפת רחצה,BE NOW,CN,כפפת רחצה,יחידה,1.00,יחידה,false,0,12.00,12.00,true,1,
7296073332824,false,כפפת רחצה עם אצבע,BE NOW,CN,כפפת רחצה אצבע,יחידה,1.00,יחידה,false,0,12.00,12.00,true,1,
7296073332831,false,סרט רחצה,BE NOW,CN,סרט רחצה,יחידה,1.00,יחידה,false,0,15.00,15.00,true,1,
7296073332848,false,ספוג רשת ספוגים כתום,BE NOW,CN,ספוג רשת כתום,יחידה,1.00,יחידה,false,0,7.50,7.50,true,1,
7296073332855,false,ספוג פלא ספוגים טורקיז,BE NOW,CN,ספוג פלא טורקיז,יחידה,1.00,יחידה,false,0,7.50,7.50,true,1,
7296073332862,false,ספוג רשת חיות,BE NOW,CN,ספוג רשת חיות,יחידה,1.00,יחידה,false,0,10.00,10.00,true,1,
7296073332879,false,ספוג רשת חיות כלבלב יח',BE NOW,CN,ספוג רשת חיות,יחידה,1.00,יחידה,false,1,10.00,10.00,true,1,
7296073332886,false,ספוג רשת פרח,BE NOW,CN,ספוג רשת פרח,יחידה,1.00,יחידה,false,0,10.00,10.00,true,1,
7296073332893,false,ספוג רשת שלישייה,BE NOW,CN,ספוג רשת שלישיה,יחידה,1.00,יחידה,false,0,8.00,8.00,true,1,
7296073332916,false,מברשת גב עץ,BE NOW,CN,מברשת גב עץ,יחידה,1.00,יחידה,false,0,18.70,18.70,true,1,
7296073332923,false,מברשת גב פלסטיק,BE NOW,CN,מברשת גב פלסטיק,יחידה,1.00,יחידה,false,0,17.00,17.00,true,1,
7296073332954,false,כפפת רחצה מסיבי טופו,BE NOW,CN,כפפת רחצה טופו,יחידה,1.00,יחידה,false,0,25.00,25.00,true,1,
7296073332961,false,ספוג רחצה טבעי תה ירוק,BE NOW,CN,ספוג רחצה תה,יחידה,1.00,יחידה,false,0,25.00,25.00,true,1,
7296073332992,false,כובע אמבט ניילון,BE NOW,CN,כובע אמבט ניילון,יחידה,1.00,יחידה,false,0,8.00,8.00,true,1,
7296073333005,false,כובע אמבט כפול,BE NOW,CN,כובע אמבטיה כפול,יחידה,1.00,יחידה,false,0,14.40,14.40,true,1,
7296073333241,false,בקבוקון פלסטיק,BE NOW,CN,בקבוקון פלסטיק,יחידה,1.00,יחידה,false,0,6.70,6.70,true,1,
7296073333258,false,בקבוקון פלסטיק עם משאבה,BE NOW,CN,בקבוקון פ. משאבה,יחידה,1.00,יחידה,false,0,8.40,8.40,true,1,
7296073333272,false,סט בקבוקוני מילוי,BE NOW,CN,סט בקבוקי מילוי,יחידה,1.00,יחידה,false,0,17.00,17.00,true,1,
7296073333326,false,סט בקבוקוני פרימיום 3 יח,BE NOW,CN,3בקבוקי פרימיום,יחידה,1.00,יחידה,false,0,51.20,51.20,true,1,
7296073333432,false,מברשת איפור לאבקה/קרםM-,BE NOW,CN,מברשת איפור M,יחידה,1.00,יחידה,false,0,34.00,34.00,true,1,
7296073333548,false,תיק איפור מעוצב,BE NOW,CN,תיק איפור מעוצב,יחידה,1.00,יחידה,false,0,25.50,25.50,true,1,
7296073333586,false,תיק איפור חד קרן,BE NOW,CN,תיק איפור חד קרן,יחידה,1.00,יחידה,false,0,25.50,25.50,true,1,
7296073333616,false,תיק איפור גדול,BE NOW,CN,תיק איפור גדול,יחידה,1.00,יחידה,false,0,29.80,29.80,true,1,
7296073333623,false,זוג קשתות לשיער,BE NOW,CN,זוג קשתות לשיער,יחידה,1.00,יחידה,false,0,11.00,11.00,true,1,
7296073333654,false,מברשת שיער מטקה סגולה L,BE NOW,CN,מברשת מטקה Lסגול,יחידה,1.00,יחידה,false,0,21.00,21.00,true,1,
7296073333661,false,מברשת שיער אובל סגולה L,BE NOW,CN,מברשת אובל Lסגול,יחידה,1.00,יחידה,false,0,21.00,21.00,true,1,
7296073333678,false,מברשת שיער מאורכת סגול L,BE NOW,CN,מברשת מ. Lסגול,יחידה,1.00,יחידה,false,0,21.00,21.00,true,1,
7296073333685,false,מברשת שיער לתיק סגולה,BE NOW,CN,מברשת לתיק סגולה,יחידה,1.00,יחידה,false,0,15.00,15.00,true,1,
7296073333753,false,מראה מתקפלת צבעונית לתיק,BE NOW,CN,מראה מתקפלת צבעו,יחידה,1.00,יחידה,false,1,17.00,17.00,true,1,
7296073333777,false,4 סטנסילים לעיצוב גבות,BE NOW,CN,4סטנסילים לגבות,יחידה,1.00,יחידה,false,0,8.00,8.00,true,1,
7296073333791,false,מברשת לצלליות מחודדת,BE NOW,CN,מברשת לצלליות,יחידה,1.00,יחידה,false,0,28.10,28.10,true,1,
7296073340096,false,שמפו מפרץ הרפתקאות 1ליטר,,TR,שמפו לילדים,ליטרים,1.00,ליטר,false,1,12.70,12.70,true,1,
7296073340102,false,אלסבון מ.הרפתקאות כחול1ל,אמיליה קוסמטיקס,TR,אל סבון בנים,ליטרים,1.00,ליטר,false,1,12.70,12.70,true,1,
7296073341697,false,ממחטות אף לכיס 10 יחידות,שניב תעשיות נייר,IT,ממחטות אף לכיס,יחידה,1.00,יחידה,false,1,6.70,6.70,true,1,
7296073343134,false,אלסבון מ.הרפתקאות ורוד1ל,אמיליה קוסמטיקס,TR,אל סבון ורוד,ליטרים,1.00,ליטר,false,1,12.70,12.70,true,1,
7296073343264,false,פדים להסרת איפור-שלישיה,BE NOW,IL,פדים להסרת איפור,יחידה,1.00,יחידה,false,1,17.00,17.00,true,1,
7296073343271,false,פדים להסרת איפור יחידה,BE NOW,IL,פדים להסרת איפור,יחידה,1.00,יחידה,false,1,8.40,8.40,true,1,
7296073343288,false,צמר גפן 100 גר' יחידה,BE NOW,IL,צמר גפן 100 גר',גרמים,100.00,100 גרם,false,1,8.40,8.40,true,1,
7296073343295,false,קסמי אזניים פלסטיק 300 י,BE NOW,IL,קסמי אזניים פלסט,יחידה,1.00,יחידה,false,1,9.30,9.30,true,1,
7296073343301,false,קסמי אזניים פלסטיק 200 י,BE NOW,IL,קסמי אזניים פלסט,יחידה,1.00,יחידה,false,1,5.90,5.90,true,1,
7296073343318,false,קסמי אזניים פלסטיק 100י,BE NOW,IL,קסמי אזניים פלסט,יחידה,1.00,יחידה,false,1,2.40,2.40,true,1,
7296073343325,false,קסמי אזניים מעץ 100 יחיד,BE NOW,CN,קסמי אזניים מעץ,יחידה,1.00,יחידה,false,1,2.40,2.40,true,1,
7296073343486,false,אבקת הבהרה לשיער 10 גרם,,IL,אבקת הבהרה לשיער,גרמים,10.00,100 גרם,false,1,6.70,67.00,true,1,
7296073343493,false,כדורי צמר גפן 100 יח',BE NOW,IL,כדורי צמר גפן,יחידה,1.00,יחידה,false,1,8.40,8.40,true,1,
7296073343592,false,Be אל סבון לידיים מארז,BE NOW,IL,אל סבון לידיים פ,מיליליטרים,1500.00,"100 מ""ל",false,1,11.00,0.73,true,1,
7296073343608,false,אל סבון לבנדר 1 ליטר BE,,IL,אל סבון לבנדר,ליטרים,1.00,ליטר,false,1,9.30,9.30,true,1,
7296073343615,false,אל סבון קמומיל 1 ליטר BE,,IL,אל סבון קמומילBE,ליטרים,1.00,ליטר,false,1,9.30,9.30,true,1,
7296073343622,false,Be סבון ידיים סגול500מל,,IL,סבון ידיים סגול,מיליליטרים,500.00,"100 מ""ל",false,1,6.70,1.34,true,1,
7296073343660,false,Be מסיר לק לא אציטון175מ,,TR,מסיר לק ללא אציט,מיליליטרים,175.00,"100 מ""ל",false,1,6.70,3.83,true,1,
7296073343691,false,Beמסיר לק עם ספוגית75מל,,IL,מסיר לק עם ספוגי,מיליליטרים,75.00,"100 מ""ל",false,1,9.30,12.40,true,1,
7296073344018,false,מסיר צבע יחידה,BE NOW,IL,מסיר צבע,יחידה,1.00,יחידה,false,1,11.80,11.80,true,1,
7296073345299,false,משחת שיניים מלבינה 100מל,,BG,משחת שיניים,מיליליטרים,100.00,"100 מ""ל",false,1,6.70,6.70,true,1,
7296073345305,false,משחת שיניים פרופ+הרבל100,,BG,משחת שיניים הרבל,מיליליטרים,100.00,"100 מ""ל",false,1,6.70,6.70,true,1,
7296073345336,false,משחת שיניים לילדים 2-6,שופרסל,BG,משחת שיניים KIDS,מיליליטרים,50.00,"100 מ""ל",false,1,6.70,13.40,true,1,
7296073345404,false,מברשת שיניים חשמלית,,CN,מברשת שינ.חשמלית,יחידה,1.00,יחידה,false,1,25.50,25.50,true,1,
7296073345459,false,קיסמים עם חוט בשקית50יח,,CN,קיסמים עם חוט,יחידה,1.00,יחידה,false,1,9.30,9.30,true,1,
7296073345466,false,32 קיסמי פלסטיק מברשת,,CN,קיסמי פלסטיק,יחידה,1.00,יחידה,false,1,9.30,9.30,true,1,
7296073345480,false,חוט דנטלי שעווה מנטה 50מ,,CN,חוט דנטלי מנטה,מטרים,50.00,מטר,false,1,9.30,0.19,true,1,
7296073346333,false,עוגות אישיות קרם חלב350ג,קסליני,IT,עוגות אישיות,גרמים,350.00,100 גרם,false,1,12.70,3.63,true,1,
7296073346340,false,עוגות אישיות קרם שוקו350,קסליני,IT,עוגות אישיות,גרמים,350.00,100 גרם,false,1,12.70,3.63,true,1,
7296073348085,false,מברשת שיניים חשמלית,,CN,מברשת שיניים,יחידה,1.00,יחידה,false,1,25.50,25.50,true,1,
7296073348092,false,מברשת שיניים חשמלית ורוד,,CN,מברשת שינ.חשמלית,יחידה,1.00,יחידה,false,1,25.50,25.50,true,1,
7296073362821,false,סב.ידיים בצבעי פסטל500*3,טאהא קימיה,TR,סבון ידיים 3 יח,ליטרים,1.50,ליטר,false,1,12.70,8.47,true,1,
7296073363194,false,Be מסכה לשיער יבש500מל,א.משי תעשיות,IL,מסכה לשיער יבשBE,מיליליטרים,500.00,"100 מ""ל",false,1,25.50,5.10,true,1,
7296073363200,false,Be מסכה לשיער מוחלק 500מ,א.משי תעשיות,IL,מסכה לשיער יבשBE,מיליליטרים,500.00,"100 מ""ל",false,1,25.50,5.10,true,1,
7296073363217,false,Beשמפו לשיער מוחלק 500מל,,IL,שמפו לשיער יבשBE,מיליליטרים,500.00,"100 מ""ל",false,1,17.00,3.40,true,1,
7296073363224,false,שמפו לשיער יבש BE 500,א.משי תעשיות,IL,שמפו לשיער יבשBE,מיליליטרים,500.00,"100 מ""ל",false,1,17.00,3.40,true,1,
7296073363231,false,שמפו לשיער רגילBE 500,א.משי תעשיות,IL,שמפו לשיער רגיBE,מיליליטרים,500.00,"100 מ""ל",false,1,17.00,3.40,true,1,
7296073363248,false,מרכך לשיער רגילBE 500,א.משי תעשיות,IL,מרכך לשיער רגיBE,מיליליטרים,500.00,"100 מ""ל",false,1,17.00,3.40,true,1,
7296073363255,false,מרכך לשיער יבש BE 500,א.משי תעשיות,IL,מרכך לשיער יבשBE,מיליליטרים,500.00,"100 מ""ל",false,1,17.00,3.40,true,1,
7296073363262,false,"מרכך לשיער מוחלק 500 מ""ל",א.משי תעשיות,IL,מרכך לשיער יבש,מיליליטרים,500.00,"100 מ""ל",false,1,17.00,3.40,true,1,
7296073363309,false,שמפו לשיער מתולתלBE 500,א.משי תעשיות,IL,שמפו לשיער מתולת,מיליליטרים,500.00,"100 מ""ל",false,1,17.00,3.40,true,1,
7296073363316,false,פרל קרם לשיער מתולתל BE,א.משי תעשיות,IL,קרם לשיער מתולתל,מיליליטרים,400.00,"100 מ""ל",false,1,18.70,4.67,true,1,
7296073363330,false,שמפו לשיער בלונד/סילבר,,IL,שמפו לשיער בלונד,מיליליטרים,250.00,"100 מ""ל",false,1,21.20,8.48,true,1,
7296073363453,false,מברשת צלליות אלכסון יח',,CN,מברשת צלליות אלכ,יחידה,1.00,יחידה,false,1,15.30,15.30,true,1,
7296073363460,false,אפליקטור אובלי שחור יח',,CN,אפליקטור אובלי ש,יחידה,1.00,יחידה,false,1,12.70,12.70,true,1,
7296073363804,false,Be רצועות להסרת שיער50יח,BE NOW,IL,Be רצועות להסרת,יחידה,1.00,יחידה,false,1,14.40,14.40,true,1,
7296073363859,false,מגבונים להסרת איפור 25יח,טרופיקל דגיל,IL,מגבונים להסרת אי,יחידה,1.00,יחידה,false,1,7.60,7.60,true,1,
7296073363866,false,מגבונים להסרת איפור פחם,טרופיקל דגיל,IL,מגבונים להסרת אי,יחידה,1.00,יחידה,false,1,9.30,9.30,true,1,
7296073363996,false,"סכיני גילוח חד""פ לגבר5יח",,US,"סכיני גילוח חד""פ",יחידה,1.00,יחידה,false,1,8.40,8.40,true,1,
7296073364719,false,משחת שיניים לילדים גיל 6,MENUFACLURER,BG,משחת שיניים לילד,מיליליטרים,50.00,"100 מ""ל",false,1,6.70,13.40,true,1,
7296073375104,false,ג'ל רחצה מיסלרי ורוד500מ,BE NOW,IL,ג'ל רחצה מיסל,מיליליטרים,500.00,"100 מ""ל",false,1,11.00,2.20,true,1,
7296073375722,false,זוג כפיות סיליקון 2 יח,LUV.N`CARE,CN,זוג כפית סיליקון,יחידה,1.00,יחידה,false,1,25.50,25.50,true,1,
7296073380344,false,גומיות מנומרות שחורות יח,BE NOW,CN,גומיות מנומרות,יחידה,1.00,יחידה,false,1,12.70,12.70,true,1,
7296073380382,false,גומיות מנומרות ורודות יח,BE NOW,CN,גומיות מנומרות,יחידה,1.00,יחידה,false,1,11.00,11.00,true,1,
7296073380399,false,קליפסים קטנים שקופים 8 י,BE NOW,CN,קליפסים קטנים,יחידה,1.00,יחידה,false,1,12.70,12.70,true,1,
7296073380405,false,קליפסים בינונים שקופים 4,BE NOW,CN,קליפסים בינונים,יחידה,1.00,יחידה,false,1,12.70,12.70,true,1,
7296073380443,false,"בקבוק האכלה שלב 3 360מ""ל",,CN,בקבוק האכלה שלב,יחידה,1.00,יחידה,false,1,28.10,28.10,true,1,
7296073380450,false,זוג מוצצים קצר 0-6 יחי,,CN,זוג מוצצים קצר,יחידה,1.00,יחידה,false,1,25.50,25.50,true,1,
7296073380467,false,זוג מוצצים בינוני +6 יחי,,CN,זוג מוצצים בינונ,יחידה,1.00,יחידה,false,1,25.50,25.50,true,1,
7296073380498,false,"כוס הפלא טריטאן 300מ""ל",,CN,כוס הפלא טריטאן,יחידה,1.00,יחידה,false,1,38.30,38.30,true,1,
7296073380658,false,מברשת ש.מטקה שיער רטוב א,BE NOW,CH,מברשת ש.מטקה שיע,יחידה,1.00,יחידה,false,1,38.30,38.30,true,1,
7296073380665,false,מברשת התרת קשרים שחורה,BE NOW,CN,מברשת התרת קשרים,יחידה,1.00,יחידה,false,1,29.80,29.80,true,1,
7296073380825,false,Be ג'ל רחצה מקדמיה 700מ,קוסמטיקס,TR,Be ג'ל רחצה,מיליליטרים,700.00,"100 מ""ל",false,1,11.80,1.69,true,1,
7296073380832,false,Be ג'ל רחצה אורכידאה 700,קוסמטיקס,TR,Be ג'ל רחצה,מיליליטרים,700.00,"100 מ""ל",false,1,11.80,1.69,true,1,
7296073380870,false,דאו גברCookie Night 150,סאסא קוסמטיקס,IL,דאו לגבר,יחידה,1.00,יחידה,false,0,7.60,7.60,true,1,
7296073380887,false,דאו לגבר Boy Beach 150,סאסא קוסמטיקס,IL,דאו לגבר,יחידה,1.00,יחידה,false,0,7.60,7.60,true,1,
7296073380894,false,דאו לגבר Vib Morning 150,סאסא קוסמטיקס,IL,דאו לגבר,יחידה,1.00,יחידה,false,0,7.60,7.60,true,1,
7296073380900,false,רצועות שעווה לע.עדין 16י,VIOCOX,ES,רצועות שעווה,יחידה,1.00,יחידה,false,1,18.70,18.70,true,1,
7296073380917,false,רצועות שעווה לפנים 12 יח,VIOCOX,ES,רצועות שעווה,יחידה,1.00,יחידה,false,1,18.70,18.70,true,1,
7296073380924,false,רצועות שעווה לעור יבש 16,VIOCOX,ES,רצועות שעווה,יחידה,1.00,יחידה,false,1,18.70,18.70,true,1,
7296073380931,false,ג'ל אלכוהול 70%בניחוח ים,,TR,ג'ל אלכוהול 70%ב,מיליליטרים,500.00,"100 מ""ל",false,1,12.80,2.56,true,1,
7296073380948,false,ג'ל אלכוהול 70%בניחוח ים,,TR,ג'ל אלכוהול 70%ב,מיליליטרים,200.00,"100 מ""ל",false,1,6.70,3.35,true,1,
7296073381174,false,מברשת ספרים עם שיער .,BE NOW,CN,מברשת ספרים,יחידה,1.00,יחידה,false,1,29.80,29.80,true,1,
7296073381181,false,קליפסים גודל בינוני זוג,BE NOW,CN,קליפסים גודל בינ,יחידה,1.00,יחידה,false,1,11.00,11.00,true,1,
7296073381228,false,"תחליב רחצה Rose 700 מ""ל",שופרסל,TR,תחליב רחצה,מיליליטרים,700.00,"100 מ""ל",false,1,11.00,1.57,true,1,
7296073381235,false,תחליב רחצה Vanilla 700מ,שופרסל,TR,תחליב רחצה,מיליליטרים,700.00,"100 מ""ל",false,1,11.00,1.57,true,1,
7296073381242,false,"תחליב רחצה Cotton700מ""",שופרסל,TR,תחליב רחצה,מיליליטרים,700.00,"100 מ""ל",false,1,11.00,1.57,true,1,
7296073381402,false,פצצה גדולה שני צבעים 280,,IL,פצצה גדולה שני צ,גרמים,280.00,100 גרם,false,1,17.00,6.07,true,1,
7296073381419,false,פצצה גדולה שלושה צבע 280,,IL,פצצה גדולה שלושה,גרמים,280.00,100 גרם,false,1,17.00,6.07,true,1,
7296073381426,false,פצצה בינונית 160 גרם,,IL,פצצה בינונית,גרמים,160.00,100 גרם,false,1,14.40,9.00,true,1,
7296073381495,false,קליפסים גודל בינוני זוג,BE NOW,CN,זוג קליפסים,יחידה,1.00,יחידה,false,1,11.00,11.00,true,1,
7296073386063,false,סכיני גילוח חד'פ לנשים 2,EDGEWELL,US,סכין גילוח 5 להב,יחידה,1.00,יחידה,false,1,17.00,17.00,true,1,
7296073386292,false,מספרים רב תכליתיים,,CN,מספרים רב תכליתי,יחידה,1.00,יחידה,false,1,15.30,15.30,true,1,
7296073389996,false,פריכיות קטנ.בציפוי חלב60,NETHERLANDS SANORICE,NL,פריכיות קטנות,גרמים,60.00,100 גרם,false,1,7.60,12.67,true,1,
7296073390008,false,פרכיות מצופות שוק.מריר60,NETHERLANDS SANORICE,NL,פריכיות מצופות,גרמים,60.00,100 גרם,false,1,7.60,12.67,true,1,
7296073390015,false,פרכיות ציפוי שוק.קוקוס60,NETHERLANDS SANORICE,NL,פריכיות קטנות,גרמים,60.00,100 גרם,false,1,7.60,12.67,true,1,
7296073391654,false,מגבונים לחיטוי וניקוי50י,טרופיקל דגיל,IL,מגבונים לניקוי,יחידה,1.00,יחידה,false,1,11.00,11.00,true,1,
7296073392934,false,נייר טואלט גליל כפול24יח,,IL,נייר טואלט 24 גל,מטרים,860.00,100 מטר,false,1,34.10,3.97,true,1,
7296073395201,false,טונה בשמן זית+לימון190גר,,ES,טונה בשמן זית,גרמים,190.00,100 גרם,false,1,21.20,11.16,true,1,
7296073395218,false,טונה בשמן זית+צ'ילי 190ג,,ES,טונה בשמן זית,גרמים,190.00,100 גרם,false,1,21.20,11.16,true,1,
7296073404736,false,פרכיות קטנ.מצופה תפוז60ג,NETHERLANDS SANORICE,NL,פרכיות קטנות,גרמים,60.00,100 גרם,false,1,7.60,12.67,true,1,
7296073408932,false,מגבונים לחיטוי+ניקוי20יח,,IL,מגבונים לחיטוי20,יחידה,1.00,יחידה,false,1,11.00,11.00,true,1,
7296073411239,false,מרכך כביסה מרוכז מאסק1ל,,IL,מרכך כביסה מרוכז,ליטרים,1.00,ליטר,false,1,12.70,12.70,true,1,
7296073411246,false,מרכך מרוכז יסמין/לילך1ל,,IL,מרכך כביסה מרוכז,ליטרים,1.00,ליטר,false,1,12.70,12.70,true,1,
7296073415138,false,44 מגני תחתון לונג,קוראטקס,DE,מגני תחתון B,יחידה,1.00,יחידה,false,1,8.40,8.40,true,1,
7296073415152,false,60מגני תחתון לנערות פלקס,קוראטקס,DE,מגני תחתון B,יחידה,1.00,יחידה,false,1,8.40,8.40,true,1,
7296073440109,false,קפסולות לכביסה 36 יחידות,גליל כימיקלים בעמ,IL,קפסולות לכביסה,יחידה,1.00,יחידה,false,1,29.80,29.80,true,1,
7296073441335,false,פריכיות אורז מלא 110 גרם,"פרח תעשיות מזון בע""\מ",IL,פריכיות אורז מלא,גרמים,110.00,100 גרם,false,1,5.90,5.36,true,1,
7296073444220,false,42 חיתולים שלב 4 שופרסל,די.פי.אל תעשיות מוצרים ח,IL,חיתולים שופרסל,יחידה,1.00,יחידה,false,1,25.50,25.50,true,1,
7296073444237,false,40חיתולים שלב 4+ שופרסל,די.פי.אל תעשיות מוצרים ח,IL,חיתולים שופרסל,יחידה,1.00,יחידה,false,1,25.50,25.50,true,1,
7296073444244,false,34 חיתולים שלב 5 שופרסל,די.פי.אל תעשיות מוצרים ח,IL,חיתולים שופרסל,יחידה,1.00,יחידה,false,1,25.50,25.50,true,1,
7296073444251,false,30 חיתולים שלב 6 שופרסל,די.פי.אל תעשיות מוצרים ח,IL,חיתולים שופרסל,יחידה,1.00,יחידה,false,1,25.50,25.50,true,1,
7296073445395,false,"תרחיץ פנים מיסלרי 150מ""ל",קוסמטיקס,TR,תרחיץ פנים מיסלר,יחידה,1.00,יחידה,false,0,8.40,8.40,true,1,
7296073445517,false,סבון ידיים Starburst 500,טאהא קימיה,TR,סבון ידיים+משאבה,יחידה,1.00,יחידה,false,0,7.60,7.60,true,1,
7296073445531,false,"מכשיר גילוח ר""פ גבר6+סכי",EDGEWELL,US,מכשיר גילוח6+סכ.,יחידה,1.00,יחידה,false,0,51.20,51.20,true,1,
7296073445548,false,"מכשיר גילוח ר""פ לנשים2+",EDGEWELL,US,מ.גילוח לנשים,יחידה,1.00,יחידה,false,1,25.50,25.50,true,1,
7296073445555,false,סכיני גילוח רב''פ לנשים,EDGEWELL,US,סכיני גילוח נשים,יחידה,1.00,יחידה,false,1,21.20,21.20,true,1,
7296073445692,false,"מחית תפו""ע בננה שופרסל90",DELAFRUIT,ES,"מחית תפו""ע ובננה",גרמים,90.00,100 גרם,false,1,4.10,4.56,true,1,
7296073445708,false,מחית תפוח אפרסק בננה 90ג,DELAFRUIT,ES,מחית מיקס פירות,גרמים,90.00,100 גרם,false,1,4.10,4.56,true,1,
7296073448471,false,Be אל סבון לילדים700מל,BFF,TR,אל סבון לילדים,מיליליטרים,700.00,"100 מ""ל",false,1,12.70,1.81,true,1,
7296073448488,false,"Be שמפו לילדים 700 מ""ל",BFF,TR,Be שמפו לילדים,מיליליטרים,700.00,"100 מ""ל",false,1,12.70,1.81,true,1,
7296073449522,false,"סבון קוביה ורוד 500 מ""ל",טאהא קימיה,TR,סבון קוביה ורוד,מיליליטרים,500.00,"100 מ""ל",false,1,6.70,1.34,true,1,
7296073449539,false,"סבון קוביה כחול 500 מ""ל",טאהא קימיה,TR,סבון קוביה כחול,מיליליטרים,500.00,"100 מ""ל",false,1,6.70,1.34,true,1,
7296073449799,false,קרם רחצה passion Green,א.משי תעשיות,IL,קרם רחצה p Green,מיליליטרים,300.00,"100 מ""ל",false,1,34.10,11.37,true,1,
7296073449836,false,קרם גוף passion Green,א.משי תעשיות,IL,קרם גוף pa Green,מיליליטרים,300.00,"100 מ""ל",false,1,21.20,7.07,true,1,
7296073451136,false,מארז passion Pink יח',,IL,מארז passio Pink,יחידה,1.00,יחידה,false,1,67.50,67.50,true,1,
7296073451181,false,מגבת רחצה עם כובע,SUN,CN,מגבת עם כובע,יחידה,1.00,יחידה,false,1,42.60,42.60,true,1,
7296073451266,false,דאו.ספריי פרש פאוו150מל,סאסא קוסמטיקס,IL,דאו.ספריי אישה,מיליליטרים,150.00,"100 מ""ל",false,1,9.30,6.20,true,1,
7296073451273,false,דאו.ספריי פרש שאוור150מ,סאסא קוסמטיקס,IL,דאו.ספריי אישה,מיליליטרים,150.00,"100 מ""ל",false,1,9.30,6.20,true,1,
7296073451280,false,דאו.ספרייאנטי פרספפו150מ,סאסא קוסמטיקס,IL,דאו.ספרייאנטי,מיליליטרים,150.00,"100 מ""ל",false,1,9.30,6.20,true,1,
7296073451310,false,"fresh pure דאו.רול 50מ""ל",,IL,דאו.רול און אישה,מיליליטרים,50.00,"100 מ""ל",false,1,8.40,16.80,true,1,
7296073456285,false,מחית תפוח מנגו 90 גרם,DELAFRUIT,ES,מחית תפוח וצ'יה,גרמים,90.00,100 גרם,false,1,4.10,4.56,true,1,
7296073459583,false,איפור טיפוח D מתנה .,,IL,איפור טיפוח D מת,יחידה,1.00,יחידה,false,1,34.10,34.10,true,1,
7296073459620,false,"צלחת גדולה ""10 שקופה 50",,TR,צלחת גדולה,יחידה,1.00,יחידה,false,1,33.30,33.30,true,1,
7296073460381,false,רולר דו צדדי מעסה לעור ה,,CN,רולר דו צדדי מעס,יחידה,1.00,יחידה,false,1,51.20,51.20,true,1,
7296073460404,false,מראת חיילים  מלבנית יח',,CN,מראת חיילים  מלב,יחידה,1.00,יחידה,false,1,12.70,12.70,true,1,
7296073473541,false,בושם שמן מרוכז אשה rose,דרימי,IL,בושם שמן מרוכז א,מיליליטרים,30.00,"100 מ""ל",false,1,34.10,113.67,true,1,
7296073473565,false,בושם שמן מרוכז ג30מwild,דרימי,IL,בושם שמן מרוכז ג,מיליליטרים,30.00,"100 מ""ל",false,1,34.10,113.67,true,1,
7296073484240,false,שקיות אוכל 150*2 יחידות,אשפלסט,IL,שקיות אוכל זוג,יחידה,1.00,יחידה,false,1,9.30,9.30,true,1,
7296073485100,false,נר ווד ספייסי שחור,דרימי,IL,נר ווד ספייסי שח,גרמים,200.00,100 גרם,false,1,42.60,21.30,true,1,
7296073485124,false,נר ספייסי שחור 450 גרם,דרימי,IL,נר ספייסי שחור,גרמים,450.00,100 גרם,false,1,59.70,13.27,true,1,
7296073485131,false,מבשם בית ונילה מאסק 200,דרימי,IL,מבשם בית ונילה מ,מיליליטרים,200.00,"100 מ""ל",false,1,34.10,17.05,true,1,
7296073495895,false,קרם רחצה מבשם passi Deep,א.משי תעשיות,IL,קרם רחצה מבשם De,מיליליטרים,300.00,"100 מ""ל",false,1,34.10,11.37,true,1,
7296073495925,false,קרם גוף מבשם passio Deep,א.משי תעשיות,IL,קרם גוף מבשם Dee,מיליליטרים,300.00,"100 מ""ל",false,1,21.20,7.07,true,1,
7296073495970,false,מארז זוגי passion Real י,א.משי תעשיות,IL,מארז זוגי p Real,יחידה,1.00,יחידה,false,1,68.20,68.20,true,1,
7296073515050,false,"משחת שיניים קוקוס 75 מ""ל",MENUFACLURER,BG,משחת שיניים,מיליליטרים,75.00,"100 מ""ל",false,1,12.70,16.94,true,1,
7296073526919,false,פרל שמפו לשיער מוחלק500מ,א.משי תעשיות,IL,שמפו פרל לשיער,מיליליטרים,500.00,"100 מ""ל",false,1,17.00,3.40,true,1,
7296073526926,false,פרל שמפו לשיער צבוע500מל,א.משי תעשיות,IL,שמפו פרל לשיער,מיליליטרים,500.00,"100 מ""ל",false,1,17.00,3.40,true,1,
7296073526957,false,פרל מסכה לשיער מוחלק500מ,א.משי תעשיות,IL,פרל מסכה לשיער,מיליליטרים,500.00,"100 מ""ל",false,1,25.50,5.10,true,1,
7296073527039,false,סיכות תיק תק פרפרים .,BE NOW,CN,סיכות תיק תק פרפ,יחידה,1.00,יחידה,false,1,11.00,11.00,true,1,
7296073527060,false,גומיות ורודות לשיער .,BE NOW,CN,גומיות ורודות לש,יחידה,1.00,יחידה,false,1,11.00,11.00,true,1,
7296073527077,false,גומיות חומות לשיער .,BE NOW,CN,גומיות חומות לשי,יחידה,1.00,יחידה,false,1,6.70,6.70,true,1,
7296073527114,false,גומיות סקונץ צבעונית כתו,BE NOW,CN,גומיות סקונץ צבע,יחידה,1.00,יחידה,false,1,11.00,11.00,true,1,
7296073527138,false,גומיות סקונץ צבעוניות ור,BE NOW,CN,גומיות סקונץ צבע,יחידה,1.00,יחידה,false,1,11.00,11.00,true,1,
7296073528777,false,קיסמי אוזניים עץ שק300יח,אל ואי טי,CN,קיסמי אוזניים,יחידה,1.00,יחידה,false,1,5.90,5.90,true,1,
7296073530145,false,ערכת לידה,,IL,ערכת לידה,יחידה,1.00,יחידה,false,1,85.40,85.40,true,1,
7296073531005,false,מוס ניקוי מורינגה150מל,,IL,מוס לניקוי פנים,מיליליטרים,150.00,"100 מ""ל",false,1,34.10,22.73,true,1,
7296073531012,false,סרום שמנים 30 אפקט הגלאם,,IL,סרום שמנים 30 אפ,מיליליטרים,30.00,"100 מ""ל",false,1,59.70,199.00,true,1,
7296073531289,false,פדים להסרת איפור אובלי40,LTD CO S.T.O,TR,פדים להסרת איפור,יחידה,1.00,יחידה,false,1,6.70,6.70,true,1,
7296073552758,false,סבון נוזלי מעוצב שחור500,טאהא קימיה,TR,סבון נוזלי,מיליליטרים,500.00,"100 מ""ל",false,1,10.10,2.02,true,1,
7296073552833,false,"סבון נוזלי לבן 500 מ""ל",טאהא קימיה,TR,סבון נוזלי,מיליליטרים,500.00,"100 מ""ל",false,1,10.10,2.02,true,1,
7296073564683,false,BE אל סבון מאסק 1ליטר,טאהא קימיה,TR,BE אל סבון,ליטרים,1.00,ליטר,false,1,10.10,10.10,true,1,
7296073564706,false,BE אל סבון ורדים 1 ליטר,טאהא קימיה,TR,BE אל סבון,ליטרים,1.00,ליטר,false,1,10.10,10.10,true,1,
7296073564881,false,סבון מוצק בצורת שבלול60ג,"מיידלע סבונים בע""מ",IL,סבון מוצק בצורת,גרמים,60.00,100 גרם,false,1,12.70,21.17,true,1,
7296073566298,false,מטבעות שוקולד חלב 36 גרם,ואל קור קורסניני אס אנ ס,IT,מטבעות שוקולד,גרמים,37.00,100 גרם,false,1,3.30,8.92,true,1,
7296089001684,false,אנטיגן ecotest COVID19 ביתי- 20 יח',פארמה דיל,CN,בדיקה קורונה,יחידה,1.00,יחידה,false,1,136.60,136.60,true,1,
7296089001691,false,בדיקת טיל Covid19 home test מארז בודד,פארמה דיל,CN,בדיקה קורונה טיל,יחידה,1.00,יחידה,false,1,8.50,8.50,true,1,
7296089001745,false,בדיקת קורונה טיל 5יח,פארמה דיל,CN,בדיקה ללא מטוש,יחידה,1.00,יחידה,false,1,25.50,25.50,true,1,
7296168015205,false,20 סינרים חד פעמיים,איתן ספקים E,IL,סינר חד פעמי,יחידה,1.00,יחידה,false,0,27.20,27.20,true,1,
7296168089015,false,סוויטי שרשרת סרט למוצץ,סוויטי,IL,סוויטי שרשרת סרט,יחידה,1.00,יחידה,false,0,21.20,21.20,true,1,
7296169000613,false,פינצטה שחורה אלכסון רחבה קייזר,מג'יק,IL,פינצטה שחורה אלכ,יחידה,1.00,יחידה,false,0,21.00,21.00,true,1,
7296169000644,false,פינצטה קצה מוזהב אלכסון רחב קייזר,מג'יק,IL,פינצטה קייזר קצה,יחידה,1.00,יחידה,false,0,21.20,21.20,true,1,
7296169000712,false,"פצירה 7"" כרום קייזר",.D.M.M סוכנויות ומפיצים,IL,"פצירה 7"" כרום קי",יחידה,1.00,יחידה,false,0,17.00,17.00,true,1,
7296169000743,false,"מספריים אל-חלד ""קומבי"" מ",,CN,"מספריים אל-חלד """,יחידה,1.00,יחידה,false,1,68.30,68.30,true,1,
7296169004246,false,מספריים לציפורניים כרום אל-חלד קייזר,.D.M.M סוכנויות ומפיצים,,מספרי קייזר,יחידה,1.00,יחידה,false,0,51.20,51.20,true,1,
7296169004260,false,מספריים עור דק כרום אל-חלד קייזר,מג'יק,IL,מספריים עור דק ק,יחידה,1.00,יחידה,false,0,51.20,51.20,true,1,
7296169004567,false,פצירת החלקה 7 דרגות,.D.M.M סוכנויות ומפיצים,IL,פצירה 7 דרגות,יחידה,1.00,יחידה,false,0,21.20,21.20,true,1,
7296169500106,false,קוצץ ציפורניים גדול אל-חלד קייזר,מג'יק,IL,קוצץ ציפורניים ב,יחידה,1.00,יחידה,false,0,25.50,25.50,true,1,
7296179006209,false,שיק לק עמיד 246,שיק לקים,IL,שיק לק עמיד,יחידה,1.00,יחידה,false,0,11.80,11.80,true,1,
7296179006223,false,שיק לק עמיד 304,שיק לקים,IL,שיק לק עמיד,יחידה,1.00,יחידה,false,0,11.80,11.80,true,1,
7296179006254,false,שיק לק עמיד 300,שיק לקים,IL,שיק לק עמיד,יחידה,1.00,יחידה,false,0,11.80,11.80,true,1,
7296179006278,false,שיק לק עמיד 264 יח,שיק לקים,IL,שיק לק עמיד,יחידה,1.00,יחידה,false,0,11.80,11.80,true,1,
7296179006933,false,לק צבע מט 931 יחידה,שיק לקים,IL,לק צבע מט 931,יחידה,1.00,יחידה,false,0,16.10,16.10,true,1,
7296179007411,false,שיק.מסיר לק לא אצטון250מ,שיק לקים,IL,שיק.מסיר לק ללא,מיליליטרים,250.00,"100 מ""ל",false,0,14.40,5.76,true,1,
7296179008029,false,שיק לק עמיד 443,שיק לקים,IL,שיק לק עמיד,יחידה,1.00,יחידה,false,0,11.80,11.80,true,1,
7296179008074,false,מייבש לק עם מברשת שי,שיק לקים,IL,מייבש לכה מהיר,יחידה,1.00,יחידה,false,0,25.50,25.50,true,1,
7296179008098,false,לק שיק כסף יחידה,שיק לקים,IL,לק שיק כסף,יחידה,1.00,יחידה,false,0,16.10,16.10,true,1,
7296179008241,false,טופ קוט למראה ג'ל בת,שיק לקים,IL,לכה טופ למראה גל,יחידה,1.00,יחידה,false,0,28.10,28.10,true,1,
7296179008371,false,תרסיס מייבש לק מהיר150מל,שיק לקים,IL,תרסיס מייבש לק מ,מיליליטרים,150.00,"100 מ""ל",false,0,28.10,18.73,true,1,
7296179010046,false,שיק לק עמיד 005,שיק לקים,IL,שיק לק עמיד,יחידה,1.00,יחידה,false,0,11.80,11.80,true,1,
7296179010077,false,שיק לק עמיד 008,שיק לקים,IL,שיק לק עמיד,יחידה,1.00,יחידה,false,0,11.80,11.80,true,1,
7296179010152,false,שיק לק עמיד 016,שיק לקים,IL,שיק לק עמיד,יחידה,1.00,יחידה,false,0,11.80,11.80,true,1,
7296179010213,false,שיק לק עמיד 022,שיק לקים,IL,שיק לק עמיד,יחידה,1.00,יחידה,false,0,11.80,11.80,true,1,
7296179010305,false,שיק לק עמיד 031,שיק לקים,IL,שיק לק עמיד,יחידה,1.00,יחידה,false,0,11.80,11.80,true,1,
7296179010312,false,שיק לק עמיד 032,שיק לקים,IL,שיק לק עמיד,יחידה,1.00,יחידה,false,0,11.80,11.80,true,1,
7296179010381,false,שיק לק עמיד 039,שיק לקים,IL,שיק לק עמיד,יחידה,1.00,יחידה,false,0,11.80,11.80,true,1,
7296179010701,false,שיק לק עמיד 071,שיק לקים,IL,שיק לק עמיד,יחידה,1.00,יחידה,false,0,11.80,11.80,true,1,
7296179010732,false,שיק לק עמיד 074,שיק לקים,IL,שיק לק עמיד,יחידה,1.00,יחידה,false,0,11.80,11.80,true,1,
7296179011180,false,שיק לק עמיד 258,שיק לקים,IL,שיק לק עמיד,יחידה,1.00,יחידה,false,0,11.80,11.80,true,1,
7296179011234,false,שיק לק עמיד 279,שיק לקים,IL,שיק לק עמיד,יחידה,1.00,יחידה,false,0,11.80,11.80,true,1,
7296179011524,false,שיק לק עמיד 201,שיק לקים,IL,שיק לק עמיד,יחידה,1.00,יחידה,false,0,11.80,11.80,true,1,
7296179011548,false,שיק לק עמיד 204,שיק לקים,IL,שיק לק עמיד,יחידה,1.00,יחידה,false,0,11.80,11.80,true,1,
7296179011579,false,שיק לק עמיד 226,שיק לקים,IL,שיק לק עמיד,יחידה,1.00,יחידה,false,0,11.80,11.80,true,1,
7296179011685,false,שיק לק עמיד 245,שיק לקים,IL,שיק לק עמיד,יחידה,1.00,יחידה,false,0,11.80,11.80,true,1,
7296179011715,false,שיק לק עמיד 214,שיק לקים,IL,שיק לק עמיד,יחידה,1.00,יחידה,false,0,11.80,11.80,true,1,
7296179011784,false,לכה טופ מאט,שיק לקים,IL,לכה טופ מאט,יחידה,1.00,יחידה,false,0,18.70,18.70,true,1,
7296179011876,false,מחזק ציפורניים אורנג',שיק לקים,IL,מחזק ציפורניים,יחידה,1.00,יחידה,false,0,28.10,28.10,true,1,
7296179012002,false,שיק לק עמיד 309,שיק לקים,IL,שיק לק עמיד,יחידה,1.00,יחידה,false,0,11.80,11.80,true,1,
7296179012064,false,שיק לק עמיד 251,שיק לקים,IL,שיק לק עמיד,יחידה,1.00,יחידה,false,0,11.80,11.80,true,1,
7296179012095,false,שיק לק עמיד 275,שיק לקים,IL,שיק לק עמיד,יחידה,1.00,יחידה,false,0,11.80,11.80,true,1,
7296179012194,false,שיק לק עמיד 054,שיק לקים,IL,שיק לק עמיד,יחידה,1.00,יחידה,false,0,11.80,11.80,true,1,
7296179012217,false,שיק לק עמיד 290,שיק לקים,IL,שיק לק עמיד,יחידה,1.00,יחידה,false,0,11.80,11.80,true,1,
7296179012392,false,צבעי קישוט לציפורניים8מל,שיק לקים,IL,צבע קישוט לציפור,יחידה,1.00,יחידה,false,0,18.70,18.70,true,1,
7296179012699,false,שיק לק עמיד 420,שיק לקים,IL,שיק לק עמיד,יחידה,1.00,יחידה,false,0,11.80,11.80,true,1,
7296179014181,false,לק עמיד 250,שיק לקים,IL,לק 250,יחידה,1.00,יחידה,false,0,11.80,11.80,true,1,
7296179014501,false,"מסיר לק עם ספוג ירוק 70 מ""ל",,IL,מסיר לק עם ספוג,מיליליטרים,70.00,"100 מ""ל",false,1,10.10,14.43,true,1,
7296179021004,false,לק עמיד 413,שיק לקים,IL,לק 413,יחידה,1.00,יחידה,false,0,11.80,11.80,true,1,
7296179021059,false,לק עמיד שיק 483,שיק לקים,IL,לק 483,יחידה,1.00,יחידה,false,0,11.80,11.80,true,1,
7296179021295,false,לק עמיד 805 קיץ,שיק לקים,IL,לק 805,יחידה,1.00,יחידה,false,0,11.80,11.80,true,1,
7296179021660,false,מידנייט חמאת גוף 300 מל,שיק תעשיות תמרוקים,IL,חמאת גוף מבושמת,מיליליטרים,300.00,"100 מ""ל",false,0,42.60,14.20,true,1,
7296179021677,false,מידנייט WHITE חמאת גוף 300 מל,חלאבין,IL,חמאת גוף 300 מל,מיליליטרים,300.00,"100 מ""ל",false,0,42.60,14.20,true,1,
7296179021714,false,מידנייט סט בראשית נייט N.M,חלאבין,IL,סט בראשית,יחידה,1.00,יחידה,false,1,59.70,59.70,true,1,
7296179021745,false,סט בראשית לאב ליין מארז,חלאבין,IL,סט בראשית,יחידה,1.00,יחידה,false,1,59.70,59.70,true,1,
7296179021752,false,מידנייט WHITE קרם גוף 275 מל,חלאבין,IL,קרם גוף 275 מל,מיליליטרים,275.00,"100 מ""ל",false,0,25.50,9.27,true,1,
7296179021776,false,לאב לין וויט סט בראשית W.L.L,חלאבין,IL,סט בראשית,יחידה,1.00,יחידה,false,1,59.70,59.70,true,1,
7296179021820,false,לאב לין רוז סט בראשית R.L.L,חלאבין,IL,סט בראשית,יחידה,1.00,יחידה,false,1,59.70,59.70,true,1,
7296179021998,false,חלאבין רעננה רול און לכ,חלאבין,IL,חלאבין רעננה רו,מיליליטרים,80.00,"100 מ""ל",false,0,25.50,31.88,true,1,
7296179024562,false,מסיר לק בניחוח תות100 מל,,IL,מסיר לק בניחוח,מיליליטרים,100.00,"100 מ""ל",false,1,6.70,6.70,true,1,
7296179024579,false,"מסיר לק לימון 100 מ""ל",,IL,מסיר לק לימון,מיליליטרים,100.00,"100 מ""ל",false,1,6.70,6.70,true,1,
7296179024586,false,"מסיר לק לילך י100 מ""ל",,IL,מסיר לק לילך,מיליליטרים,100.00,"100 מ""ל",false,1,6.70,6.70,true,1,
7296179024593,false,"מסיר לק קוקוס 100 מ""ל",,IL,מסיר לק קוקוס,מיליליטרים,100.00,"100 מ""ל",false,1,6.70,6.70,true,1,
7296179024609,false,"מסיר לק תפוח 100 מ""ל",,IL,מסיר לק תפוח,מיליליטרים,100.00,"100 מ""ל",false,1,6.70,6.70,true,1,
7296179029147,false,לק עמיד 810 יח',שיק לקים,IL,לק עמיד 810,יחידה,1.00,יחידה,false,1,11.80,11.80,true,1,
7296179029567,false,M.N WILD סט בראשית MN WILD מנומר,תעשיות שיק,IL,סט בראשית WIL MN,יחידה,1.00,יחידה,false,1,68.20,68.20,true,1,
7296179029659,false,מידנייט WILD קרם גוף 275 מל,חלאבין,IL,"קרם גוף 275 מ""ל",מיליליטרים,275.00,"100 מ""ל",false,1,25.50,9.27,true,1,
7296179029666,false,מידנייט WILD קרם ידיים 100 מל,חלאבין,IL,קרם ידיים M.N.WI,מיליליטרים,100.00,"100 מ""ל",false,0,11.00,11.00,true,1,
7296179029673,false,מידנייט WILD דאודורנט ספריי 187 מל,חלאבין,IL,דאו ספריי 187 מל,מיליליטרים,187.00,"100 מ""ל",false,1,17.00,9.09,true,1,
7298074501018,false,בליסטקס קלאסיק שפתון לשפתיים יבשות וסדוק,מדיליין פריגו,US,בליסטקס קלאסיק,יחידה,1.00,יחידה,false,1,8.40,8.40,true,1,
7298074501933,false,בליסטקס משחה טיפולית לשפתיים בטעם דובדבן,מדיליין פריגו,US,משחה לשפתיים דוב,יחידה,1.00,יחידה,false,1,25.50,25.50,true,1,
7298074501995,false,בליסטקס סטיק אולטרא SPF50,מדיליין פריגו,US,בליסטקס אולטרא S,יחידה,1.00,יחידה,false,1,8.40,8.40,true,1,
7298074502015,false,בליסטקס ליפ סרום - בליסטר,מדיליין פריגו,US,בליסטקס ליפ סרום,יחידה,1.00,יחידה,false,1,25.50,25.50,true,1,
7298074502220,false,בליסטקס ליפ אינפיוזן סגול NOURISH,מדיליין פריגו,US,בליסטקס אינפיוזן,יחידה,1.00,יחידה,false,1,12.70,12.70,true,1,
7298074502268,false,בליסטקס ליפ אינפיוזן כחול HYDRATION,מדיליין פריגו,US,בליסטקס אינפיוזן,יחידה,1.00,יחידה,false,1,12.70,12.70,true,1,
7298074502374,false,בליסטקס ליפ אינפיוזן כתום,מדיליין פריגו,US,בליסטקס אינפיוזן,יחידה,1.00,יחידה,false,1,12.70,12.70,true,1,
7298074502381,false,בליסטקס ליפ אינפיוזן ירוק,מדיליין פריגו,US,בליסטקס אינפיוזן,יחידה,1.00,יחידה,false,1,12.70,12.70,true,1,
7312040017683,false,"אבסולוט וודקה, 700 מ''ל",חברת אבסולוט,SE,וודקה אבסולוט,מיליליטרים,700.00,"100 מ""ל",false,0,67.40,9.63,true,1,
7501013101348,false,"נקטר בטעם מנגו 500 מ""ל JUMEX",חומקס קומר קומרסאליזדורה,MX,משקה ג'ומקס מנגו,מיליליטרים,473.00,"100 מ""ל",false,1,7.50,1.59,true,1,
7501013101355,false,"נקטר בטעם אפרסק 500 מ""ל JUMEX",חומקס קומר קומרסאליזדורה,MX,משקה גומקס אפרסק,מיליליטרים,473.00,"100 מ""ל",false,1,7.50,1.59,true,1,
7501013101362,false,"נקטר בטעם קוקוס ואננס 500 מ""ל JUMEX",חומקס קומר קומרסאליזדורה,MX,משקה קוקוס אננס,מיליליטרים,473.00,"100 מ""ל",false,1,7.50,1.59,true,1,
7501013101393,false,"נקטר בטעם אננס טבעי 500 מ""ל JUMEX",חומקס קומר קומרסאליזדורה,MX,משקה ג'ומקס אננס,מיליליטרים,473.00,"100 מ""ל",false,1,7.50,1.59,true,1,
7509546057545,false,ליידי ספיד סטיק פרו 5 סטיק 45 גרם,קולגייט פלמוליב,US,ליידי ספיד סטיק,גרמים,45.00,100 גרם,false,1,15.20,33.78,true,1,
7509546061160,false,"משחת שיניים לילדים מיניונים 2-5 75 מ""ל קולגייט",קולגייט פלמוליב,PL,קולגייט מינייוני,מיליליטרים,75.00,"100 מ""ל",false,1,14.40,19.20,true,1,
7509546061672,false,דאודורנט סטיק אקסטרים אינטנס,קולגייט פלמוליב,US,דאו.ספיד סטיק,גרמים,50.00,100 גרם,false,1,15.20,30.40,true,1,
7509546063515,false,ליידי ספיד סטיק -סטיק פרו 5 ספריי 150 מל,קולגייט פלמוליב,MX,דאו.ליידי ס.סטיק,מיליליטרים,150.00,"100 מ""ל",false,1,12.70,8.47,true,1,
7509546666846,false,"קולגייט טוטאל משחת שיניים פחם 75 מ""ל",קולגייט פלמוליב,MX,טוטאל פחם,מיליליטרים,75.00,"100 מ""ל",false,1,18.70,24.93,true,1,
7509546678702,false,קולגייט משחת שיניים טוטל אנטי טרטר 100 מ,קולגייט-פלמוליב,PL,משחת קולגייט,מיליליטרים,100.00,"100 מ""ל",false,1,13.50,13.50,true,1,
7613036880534,false,גרבר מחית ירקות מעורבים מטרנה 190 גר',נסטלה פולסקה אס.איי,PL,מחית מרק ירקות,גרמים,190.00,100 גרם,false,1,5.90,3.11,true,1,
7613037012200,false,גרבר מחית תפוח גזר ומנגו 90 גרם פאוץ,"מפעל סברס, נסטלה ספרד ס.",PL,גרבר תפוח פאוץ',גרמים,90.00,100 גרם,false,1,5.00,5.56,true,1,
7613039547632,false,גרבר מחית תפוח בננה ותות 90 גרם פאוץ,שוורצקוף& הנקל דיסלד,ES,פאוץ גרבר תפוח,גרמים,90.00,100 גרם,false,1,5.00,5.56,true,1,
7613039547731,false,גרבר מחית תפוח עץ ומשמש 90 גרם פאוץ,"מפעל סברס, נסטלה ספרד ס.",ES,פאוץ גרבר תפוח מ,גרמים,90.00,100 גרם,false,1,5.00,5.56,true,1,
7613039547922,false,גרבר מחית אגס תפוח ובננה 90 גרם פאוץ,נסטלה ספרד,ES,פאוץ גרבר אגס,גרמים,90.00,100 גרם,false,1,5.00,5.56,true,1,
7613039879382,false,גרבר - מחית תפוחי עץ 190 גרם,נסטלה פולסקה אס.איי,PL,גרבר מחי תפוח עץ,גרמים,190.00,100 גרם,false,1,5.90,3.11,false,1,
7613039880807,false,גרבר מחית תפוח וגזר 190 גרם,נסטלה פולסקה אס.איי,PL,גרבר תפוח גזר,גרמים,190.00,100 גרם,false,1,5.90,3.11,false,1,
7613039881521,false,גרבר מחית מרק מנגו 190 גרם,נסטלה פולסקה אס.איי,PL,גרבר מנגו,גרמים,190.00,100 גרם,false,1,5.90,3.11,false,1,
7613039881965,false,גרבר מחית גזר תפוח ומנגו 190 גרם,נסטלה פולסקה אס.איי,PL,גרבר גזר תפוח,גרמים,190.00,100 גרם,false,1,5.90,3.11,false,1,
7613287155863,false,מטרנה מחית אגס פאוץ' 90 גר',"מפעל סברס, נסטלה ספרד ס.",ES,גרבר אגס פאוץ,גרמים,90.00,100 גרם,false,1,5.00,5.56,true,1,
7613287155894,false,"גרבר - מחית אפרסק כל""פ פאוץ 90 גרם","מפעל סברס, נסטלה ספרד ס.",ES,גרבר אפרסק,גרמים,90.00,100 גרם,false,1,5.00,5.56,true,1,
7614500035788,false,טובלרון שוקולד חלב 200 גרם,מונדלייז,CH,טובלרון חלב,גרמים,200.00,100 גרם,false,0,11.80,5.90,true,1,
7616500642577,false,שוקולד חלב עם אגוזים300ג,צוקולאט פריי אייץגיץ,CH,שוקולד אגוזים,גרמים,300.00,100 גרם,false,0,10.10,3.37,true,1,
7622010001858,false,עוגיות אוראו ממולאות קרם וניל 176 גרם.,פי אר ג'\יי אס אי מנדלז,UA,עוגיות אוראו,גרמים,176.00,100 גרם,false,1,9.30,5.28,true,1,
7622201401900,false,עוגיות סנסיישן אוראו מילקה 156 גרם,מונדלז פולסקה פרודקש,PL,עוגיות מילקה,גרמים,156.00,100 גרם,false,1,12.70,8.14,true,1,
7622201801809,false,מילקה שוקולד חלב עם אגוזים 100 גרם חדש,מנדלז דויצ'\לנד סנקס פרו,DE,שוקולד מילקה,גרמים,100.00,100 גרם,false,1,8.40,8.40,true,1,
7622201802394,false,שוקולד מילקה חלב מסרונים 100 גרם,מנדלז דויצ'\לנד סנקס פרו,DE,שוקולד חלב מילקה,גרמים,100.00,100 גרם,false,1,8.40,8.40,true,1,
7622201808631,false,אוראו מיני עוגיות ממולאות קרם וניל 67גרם,פי.טי. מונדלז אינדונ,ID,עוגיות אוראו מינ,גרמים,67.00,100 גרם,false,1,8.90,13.28,true,1,
7622201813390,false,עוגיות מילקה וואפל במילוי קרם קקאו 150 ג,מונדליז סי.אר. ביסקוויט,CZ,וופל ממולא מילקה,גרמים,150.00,100 גרם,false,1,12.70,8.47,true,1,
7622201819170,false,שוקולד מילקה דרק שקדים 85 גרם.,מונדלז דויטשלנד סנאק,DE,שוקולד מילקה,גרמים,85.00,100 גרם,false,1,7.20,8.47,true,1,
7622210137234,false,עוגיות אוראו עם דאבל קרים וניל 170 גר,מונדלייז,ES,עוגיות אוראו,גרמים,170.00,100 גרם,false,1,8.40,4.94,true,1,
7622210392589,false,טובלרון טייני שוקולד חלב 200 גרם,מונדלז סוויצרלנד פרודקשן,CH,טובלרון חלב,גרמים,200.00,100 גרם,false,1,11.80,5.90,true,1,
7622210464729,false,אוראו גולדן עוגיות וניל במילוי קרם וניל,מונדלייז,CZ,עוגיות אוראו,גרמים,154.00,100 גרם,false,1,8.40,5.45,true,1,
7622210690883,false,מילקה שוקולד חלב-מהדורת מונדיאל 270 גרם,מונדלייז,AT,שוקולד מונדיאל,גרמים,270.00,100 גרם,false,1,13.50,5.00,true,1,
7622210826053,false,שוקולד מילקה אוראו סנדוויץ 92 גר',גיאורי קאקסז קייאףטי,HU,שוקולד מילקה,גרמים,92.00,100 גרם,false,1,8.40,9.13,true,1,
7622300200237,false,שוקולד מילקה שוקולד חלב 250 גרם,מונדליז אוסטרייך פרו,AT,שוקולד חלב מילקה,גרמים,250.00,100 גרם,false,0,12.70,5.08,true,1,
7622300270506,false,מילקה גריינס - עוגיות שיבולת שועל מצופות שוקולד 168 ג',מונדלז פולסקה פרודקש,PL,עוגיות מילקה,גרמים,168.00,100 גרם,false,0,12.70,7.56,true,1,
7622300489427,false,עוגיות אוראו בציפוי בטעם שוקולד לבן 246 גרם,מנדלז אספנה גאלטס פר,ES,עוגיות אוראו,גרמים,246.00,100 גרם,false,1,17.00,6.91,true,1,
7622300495046,false,מילקה שוקולד חלב עם אקסטרה קקאו 100 גרם,מנדלז דויצ'\לנד סנקס פרו,DE,שוקולד מילקה,גרמים,100.00,100 גרם,false,0,8.40,8.40,true,1,
7622300503079,false,עוגיות ביסקוויט מצופה שוקולד חלב מילקה 200 גרם,מונדלז פולסקה פרודקש,PL,ביסקוויט מצופה,גרמים,200.00,100 גרם,false,0,12.70,6.35,true,1,
7622300617820,false,מילקה שוקולד חלב במילוי קרם חלב ווניל ושבבי עוגיות אוראו 100 גרם,מנדלז דויצ'\לנד סנקס פרו,DE,שוקולד מילקה,גרמים,100.00,100 גרם,false,0,8.40,8.40,true,1,
7630477891592,false,סטארבקס קפסולות קפה האוס בלנד 10 יחידות,נסטלה שוויץ - קפה,CH,קפסולות Starbuck,גרמים,57.00,100 גרם,false,1,19.50,34.21,true,1,
7630477891615,false,סטארבקס קפסולות קפה סומטרה 10 יחידות,נסטלה שוויץ - קפה,CH,קפסולות Starbuck,גרמים,55.00,100 גרם,false,1,19.50,35.45,true,1,
7630477891639,false,סטארבקס קפסולות קפה ורונה 10 יחידות,נסטלה שוויץ - קפה,CH,קפסולות Starbuck,גרמים,55.00,100 גרם,false,1,19.50,35.45,true,1,
7630477891691,false,סטארבקס קפסולות קפה קולמביה 10 יחידות,נסטלה שוויץ - קפה,CH,קפסולות Starbuck,גרמים,57.00,100 גרם,false,1,19.50,34.21,true,1,
7630477891714,false,סטארבקס קפסולות קפה אספרסו 10 יחידות,נסטלה שוויץ - קפה,CH,קפסולות Starbuck,גרמים,57.00,100 גרם,false,1,19.50,34.21,true,1,
7630477891738,false,סטארבקס קפסולות קפה אספרסו בלונד 10 יחיד,נסטלה שוויץ - קפה,CH,קפסולות Starbuck,גרמים,53.00,100 גרם,false,1,19.50,36.79,true,1,
7638900083071,false,סוללות אנרג'ייזר זוג,אנרג'ייזר,CN,סוללות אנרגייזר,יחידה,1.00,יחידה,false,1,11.00,11.00,true,1,
7638900248333,false,סוללות2025 אנרג'ייזר זוג,אנרג'יזר Energizer,CN,סוללות 2025 זוג,יחידה,1.00,יחידה,false,1,17.00,17.00,true,1,
7638900426663,false,סוללת אדוונס פורמולה,אנרג'ייזר,CN,סוללות ADVANCED,יחידה,1.00,יחידה,false,1,25.60,25.60,true,1,
7640111494027,false,Cabotine א.ד.ט לאשה,לילית בישום,,Cabotine א.ד.ט,מיליליטרים,100.00,"100 מ""ל",false,0,83.00,83.00,true,1,
7640171192178,false,יגואר סטנס (ג) אדט 100מל,,IL,יגואר סטנס,מיליליטרים,100.00,"100 מ""ל",false,1,84.60,84.60,true,1,
7640233340066,false,לה פרפיום אסנשייל אדפ90מ,,FR,לה פרפיום אסנשיי,מיליליטרים,90.00,"100 מ""ל",false,1,298.20,331.33,true,1,
7702018069347,false,סכין גילוח לנשים גילט ונוס,פרוקטר אנד גמבל,PL,סכיני גילח לנשים,יחידה,1.00,יחידה,false,0,28.00,28.00,true,1,
7702018271788,false,"דאודורנט קליר ג'ילט בניחוח ספורט 70 מ""ל",פרוקטר אנד גמבל,PL,דאודורנט קליר,מיליליטרים,70.00,"100 מ""ל",false,0,14.40,20.57,true,1,
7702018321520,false,דאודורנט סטיק לגבר Pro G Arctic ice,תות ממתקי איכות,US,דאודורנט סטיק,מיליליטרים,45.00,"100 מ""ל",false,0,20.00,44.44,true,1,
7702018321582,false,דאודורנט סטיק לגבר Pro G Cool Wave,פרוקטר אנד גמבל,US,דאודורנט סטיק,מיליליטרים,45.00,"100 מ""ל",false,0,20.00,44.44,true,1,
7702018323609,false,ונוס בריז 2+ סכינים .,פרוקטר & גמבל,IL,ונוס בריז2+ סכין,יחידה,1.00,יחידה,false,1,38.30,38.30,true,1,
7702018347629,false,ונוס אקסטרה סמוט סכיני גילוח רביעייה,ג'ילט ונוס Gillette Venus,PL,גילט רביעית,יחידה,1.00,יחידה,false,1,53.70,53.70,true,1,
7702018357871,false,גל גילוח 2 ב1 לעור רגיש פרוגלייד 170 מל,פרוקטר אנד גמבל,PL,ג'ל גילוח,מיליליטרים,200.00,"100 מ""ל",false,1,22.90,11.45,true,1,
7702018404476,false,קצף גילוח סירייס הגנה גילט 250 מל,פרוקטר אנד גמבל,PL,קצף גילח סירייס,מיליליטרים,250.00,"100 מ""ל",false,1,15.30,6.12,true,1,
7702018404643,false,"גל גילוח גילט סירייס מועשר בלחות 200 מ""ל",,GB,ג'ל גילוח סירייס,מיליליטרים,200.00,"100 מ""ל",false,1,17.00,8.50,true,1,
7702018421237,false,גילט מכשיר פרוגלייד פלקס בול ידני+7 סכינ,פרוקטר & גמבל,PL,מכשיר פרוגלייד,יחידה,1.00,יחידה,false,1,127.30,127.30,true,1,
7702018441075,false,גילט מארז סכינים פיוזן ידני 12 יחידות,דיפלומט,PL,סכיני גילוח,יחידה,1.00,יחידה,false,1,118.80,118.80,true,1,
7702018466917,false,ג'ילט סכין בלו 2 פלוס 10,ג'\ילט,US,ג'ילט סכין בלו 2,יחידה,1.00,יחידה,false,1,25.50,25.50,true,1,
7702018468447,false,גילט בלו 2 פלוס סכינים חד פעמיים עשירייה,פרוקטר אנד גמבל,PL,סכיני גילוח,יחידה,1.00,יחידה,false,1,25.50,25.50,true,1,
7702018469727,false,ונוס קומפ מכשיר4+ סכינים,,DE,ג'ילט ונוס מכשיר,יחידה,1.00,יחידה,false,1,64.00,64.00,true,1,
7702018469826,false,מכונת גילית פינוס נשים + 3 להבים כחול,ג'\ילט פרוקטר אנד גמבל,DE,ג'ילט מכשיר 3* ס,יחידה,1.00,יחידה,false,1,42.60,42.60,true,1,
7702018470884,false,גילט מארז פיוזן 16 סכיני גילוח,"פרוקטר אנד גמבל, גרמניה",PL,סכיני גילוח,יחידה,1.00,יחידה,false,1,161.50,161.50,true,1,
7702018471096,false,ונוס סימפלי 4 סכינים מאר,פרוקטר & גמבל,US,ונוס סימפלי 4 סכ,יחידה,1.00,יחידה,false,1,17.00,17.00,true,1,
7702018482740,false,סכיני גילוח ג'ילט ונוס סימפלי 5 יחידות,ג'\ילט,US,ג'ילט ונוס סימפל,יחידה,1.00,יחידה,false,1,10.10,10.10,true,1,
7702018488766,false,4 סכיני סקינגארד,"פרוקטר אנד גמבל, גרמניה",DE,סכיני גילוח 4 יח,יחידה,1.00,יחידה,false,1,51.20,51.20,true,1,
7702018489664,false,סכיני גילוח ג'ילט בלו 3,,DE,סכיני גילוח גילט,יחידה,1.00,יחידה,false,1,17.00,17.00,true,1,
7702018495641,false,גילט מארז פרוגלייד מכשיר+12 סכינים,פרוקטר & גמבל,PL,ג'ילט מארז פרוגל,יחידה,1.00,יחידה,false,1,204.20,204.20,true,1,
7702018544738,false,קינג סי מכונה לעיצוב הזקן גילט,דיפלומט,CA,מכונה לעיצוב זקן,יחידה,1.00,יחידה,false,1,158.00,158.00,true,1,
7702018581443,false,ונוס מכשיר + 8 סכינים מא,ג'\ילט פרוקטר אנד גמבל,PL,ונוס מארז לגילוח,יחידה,1.00,יחידה,false,1,127.30,127.30,true,1,
7702018581467,false,ונוס סווירל מארז ידית מכשיר+8 סכינים,דיפלומט,US,סווירל מארז,יחידה,1.00,יחידה,false,1,127.30,127.30,true,1,
7702018607532,false,ג'ילט פרוגלייד מארז 14 סכינים,"פרוקטר אנד גמבל, גרמניה",DE,סכיני גילוח 14יח,יחידה,1.00,יחידה,false,1,161.50,161.50,true,1,
7702018607556,false,גילט מארז סקינגארד אלוורה 14 סכינים,"פרוקטר אנד גמבל, גרמניה",PL,סכיני גילוח 14יח,יחידה,1.00,יחידה,false,1,161.50,161.50,true,1,
7702018609130,false,גילט מארז סקינגארד אלוורה 10 סכינים,"פרוקטר אנד גמבל, גרמניה",PL,סכיני גילוח,יחידה,1.00,יחידה,false,1,118.80,118.80,true,1,
7702018867059,false,סכיני גילוח פיוז'ן מוגדל,פרוקטר אנד גמבל,DE,סכיני גילוח פיוז,יחידה,1.00,יחידה,false,1,101.70,101.70,true,1,
7702018911981,false,דאודורנט גל פאוור בי,ג'\ילט פרוקטר אנד גמבל,DE,דאו.קליר ג'ל,מיליליטרים,75.00,"100 מ""ל",false,0,28.10,37.47,true,1,
7702018966943,false,ג'ילט מכשיר+סכין ונוס ספ,פרוקטר & גמבל,US,ג'ילט מכשיר+סכין,יחידה,1.00,יחידה,false,1,25.50,25.50,true,1,
7702018978106,false,"ג'ילט - דאודורנט ג'ל לגבר ארטיק אייס 70 מ""ל",פרוקטר אנד גמבל,PL,דאו.קליר ג'ל,מיליליטרים,70.00,"100 מ""ל",false,0,14.40,20.57,true,1,
7702018978120,false,"ג'ילט - דאודורנט ג'ל לגבר קול וייב 70 מ""ל",פרוקטר אנד גמבל,PL,דאו.קליר ג'ל,מיליליטרים,70.00,"100 מ""ל",false,0,14.40,20.57,true,1,
7702024074625,false,פיטנס - חטיפי קרקר חיטה מלאה 234 גרם,קומסטיבלס לה רוזה אס.איי,CO,חטיפי קרקר פיטנס,גרמים,234.00,100 גרם,false,1,12.70,5.43,true,1,
7891024068007,false,קולגייט אורתוגארד מברשת שיניים לניקוי יס,קולגייט פלמוליב,CN,מברשת אורתוגארד,יחידה,1.00,יחידה,false,1,34.10,34.10,true,1,
7891024124826,false,קולגייט משחת אופטיק ספרקלינג וייט 75מל,הנסיך- מפעל לייצור ט,BR,משחת קולגייט,מיליליטרים,75.00,"100 מ""ל",false,0,17.00,22.67,true,1,
7891024179482,false,"שטיפת פה קולגייט אופטיק וייט 500מ""ל",יבואן ומשווק: ש. שסט,PL,מי פה קולגייט,מיליליטרים,500.00,"100 מ""ל",false,0,28.90,5.78,true,1,
8000070003798,false,קפסולות אספרסו לוואצה דליסיוזו 8 16 יח,לאוג'י לוואצה אס.פי.אי,IT,קפסולות קפה,גרמים,120.00,100 גרם,false,1,25.50,21.25,true,1,
8000380003723,false,וופל אגוזים בציפוי שוקולד לואקר 100 גרם,קריניציה ויטמינה אס,IT,גראנד פטיסרי,גרמים,100.00,100 גרם,false,0,12.10,12.10,true,1,
8000380004676,false,קוביות וופל סנדוויץ Sandwich עם וניל וחלב,"א. לואקר, קונפקט ג'י",AT,ופלים לואקר,גרמים,200.00,100 גרם,false,0,11.60,5.80,true,1,
8000380004911,false,קוביות וופל קואדרטיני Quadratini קרם אגוזים,קריניציה ויטמינה אס,AT,ופל קואדרטיני,גרמים,250.00,100 גרם,false,0,13.00,5.20,true,1,
8000380004966,false,וופל קוארדטיני לואקר קוביות שוקולד 250ג',קריניציה ויטמינה אס,AT,ופל קואדרטיני,גרמים,250.00,100 גרם,false,0,13.00,5.20,true,1,
8000380007219,false,וופלים בטעם אגוזים לואקר 175 גרם,ליימן מותגים,AT,ופלים לואקר,גרמים,175.00,100 גרם,false,0,10.20,5.83,true,1,
8000380007257,false,וופל גרדנה אגוזים לואקר 200 גרם,קריניציה ויטמינה אס,IT,ופלים גרדנה,גרמים,200.00,100 גרם,false,0,13.50,6.75,true,1,
8000380106028,false,טורטינה לואקר וופל שוקולד ואגוזים שישיה 125ג',קריניציה ויטמינה אס,IT,וופל טורטינה,גרמים,125.00,100 גרם,false,0,14.70,11.76,true,1,
8000380153442,false,וופל קלאסיק בטעם אגוזים לואקר 90 גרם,ליימן שליסל,IT,לואקר קלאסי,גרמים,90.00,100 גרם,false,0,7.50,8.33,true,1,
8000380187119,false,עוגיות במילוי קרם אגוזי לוז לואקר 100 גר,לואקר Loacker,AT,עוגיות אגוזי לוז,גרמים,100.00,100 גרם,false,1,13.50,13.50,true,1,
8000500009673,false,בונבונרייה פררו רושר 300 גרם,פררו - אלבה,IT,בונבוניירת רושה,גרמים,300.00,100 גרם,false,0,41.70,13.90,true,1,
8000500023976,false,בונבוניירת רפאלו פררו 150 גרם,פררו - אלבה,PL,בונבונ.רפאלו,גרמים,150.00,100 גרם,false,0,14.40,9.60,true,1,
8000500037874,false,בונבונרייה פררו רושר 200 גרם,פררו - אלבה,IT,בונבוניירה רושה,גרמים,200.00,100 גרם,false,0,21.20,10.60,true,1,
8000500071083,false,אצבעות שוקולד קינדר Kinder שש עשרה יחידות,פררו - אלבה,IT,שוקולד חלב קינדר,גרמים,200.00,100 גרם,false,0,10.10,5.05,true,1,
8000500267103,false,קינדר דליס עוגת ספוג קקאו במילוי חלבי*10,קינדר Kinder,IT,עוגות קינדר דליס,גרמים,390.00,100 גרם,false,1,17.80,4.56,true,1,
8000500269169,false,קינדר קארדס Kinder Cards - חמישייה,קריות זול,IT,קינדר קארדס,גרמים,128.00,100 גרם,false,1,11.80,9.22,true,1,
8000500294345,false,רושר איש שלג שוקולד חלב ואגוזי לוז 90 גר,פררו,PL,רושה סנו-מן,גרמים,90.00,100 גרם,false,1,12.70,14.11,true,1,
8000500310397,false,נוטלה עוגיות נוטלה בגליל 12יח' - NUTELLA BISCUITTS,נוטלה Nutella,IT,ביסקוויט נוטלה,גרמים,166.00,100 גרם,false,1,13.50,8.13,true,1,
8000500359358,false,מארז שלישיית עוגיות נוטלה באריזה אישית - NUTELLA BISCUITTS,פררו,IT,ביסקוויט נוטלה,גרמים,41.00,100 גרם,false,1,4.60,11.22,true,1,
8000500366073,false,נוטלה עוגיות נוטלה בשקית 20 יח'- NUTELLA BISCUITTS,נוטלה Nutella,IT,ביסקוויט נוטלה,גרמים,276.00,100 גרם,false,1,20.40,7.39,true,1,
8001090111685,false,תחתונים אולוויז דיסקריט מידה L לבריחת שתן,פרוקטר אנד גמבל,DE,אולוויז דיסקרט,יחידה,1.00,יחידה,false,1,33.20,33.20,true,1,
8001090222428,false,"הרבל אסנסס - שמפו חלב קוקוס 400 מ""ל",הרבל אסנס Herbal Essences,FR,שמפו הרבל אסנס,מיליליטרים,400.00,"100 מ""ל",false,1,17.00,4.25,true,1,
8001090222541,false,הרבל אסנסס שמפו תות שדה ומנטה 400 גרם,הרבל אסנס Herbal Essences,FR,שמפו הרבל אסנס,מיליליטרים,400.00,"100 מ""ל",false,1,17.00,4.25,true,1,
8001090222572,false,הרבל אסנסס מרכך תות שדה ומנטה 400 גרם,הרבל אסנס Herbal Essences,FR,מרכך הרבל אסנס,מיליליטרים,400.00,"100 מ""ל",false,1,17.00,4.25,true,1,
8001090222725,false,"הרבל אסנסס - שמפו שמן מורינגה 400 מ""ל",הרבל אסנס Herbal Essences,FR,שמפו הרבל אסנס,מיליליטרים,400.00,"100 מ""ל",false,1,17.00,4.25,true,1,
8001090222756,false,"הרבל אסנסס - מרכך שמן מורינגה 400 מ""ל",הרבל אסנס Herbal Essences,FR,מרכך הרבל אסנסס,מיליליטרים,400.00,"100 מ""ל",false,1,17.00,4.25,true,1,
8001090222848,false,"הרבל אסנסס - שמפו שיקום שמן ארגן 400 מ""ל",הרבל אסנס Herbal Essences,FR,שמפו הרבל אסנס,מיליליטרים,400.00,"100 מ""ל",false,1,17.00,4.25,true,1,
8001090222879,false,"הרבל אסנסס - מרכך שיקום שמן ארגן 400 מ""ל",הרבל אסנס Herbal Essences,FR,מרכך הרבל אסנס,מיליליטרים,400.00,"100 מ""ל",false,1,17.00,4.25,true,1,
8001090290830,false,"אוראל בי משחת שיניים- להלבנה פנינה בוהקת 75 מ""ל",פרוקטר אנד גמבל,DE,משחת אורל בי,מיליליטרים,75.00,"100 מ""ל",false,1,25.50,34.00,true,1,
8001090290939,false,"אוראל בי משחת שיניים- להלבנה לובן בוהק 75 מ""ל",פרוקטר אנד גמבל,DE,משחת אורל בי,מיליליטרים,75.00,"100 מ""ל",false,1,25.50,34.00,true,1,
8001090291035,false,"משחת שיניים 3D white להלבנה רעננות ארקטית 75 מ""ל אורל בי",פרוקטר אנד גמבל,DE,משחת אורל בי,מיליליטרים,75.00,"100 מ""ל",false,1,14.40,19.20,true,1,
8001090336354,false,פמפרס בייבי דריי חיתולים מידה 2 46 יח,פרוקטר אנד גמבל,DE,פמפרס בייבי,יחידה,1.00,יחידה,false,1,31.50,31.50,true,1,
8001090336408,false,חיתולים בייבי דריי מידה 3 38 יח' פמפרס,פרוקטר אנד גמבל,DE,פמפרס בייבי,יחידה,1.00,יחידה,false,1,31.50,31.50,true,1,
8001090336446,false,פמפרס בייבי דריי חיתולים מידה 4 34 יח,פרוקטר אנד גמבל,DE,פמפרס בייבי,יחידה,1.00,יחידה,false,1,31.50,31.50,true,1,
8001090336491,false,פמפרס בייבי דריי חיתולים מידה +4 31 יח,פרוקטר אנד גמבל,DE,פמפרס בייבי,יחידה,1.00,יחידה,false,1,31.50,31.50,true,1,
8001090336521,false,פמפרס בייבי דריי חיתולים מידה 5 30 יח,פרוקטר אנד גמבל,DE,פמפרס בייבי,יחידה,1.00,יחידה,false,1,31.50,31.50,true,1,
8001090336606,false,פמפרס בייבי דריי חיתולים מידה 6 26 יח,פרוקטר אנד גמבל,DE,פמפרס בייבי,יחידה,1.00,יחידה,false,1,31.50,31.50,true,1,
8001090364104,false,"משחת שיניים אורל בי G&E אורגינל 75 מ""ל",פרוקטר אנד גמבל,DE,משחת אורל בי,מיליליטרים,75.00,"100 מ""ל",false,1,14.40,19.20,true,1,
8001090364159,false,"משחת שיניים אורל בי G&E רעננות מוגברת 75 מ""ל",פרוקטר אנד גמבל,DE,משחת אורל בי,מיליליטרים,75.00,"100 מ""ל",false,1,14.40,19.20,true,1,
8001090364203,false,"משחת שיניים אורל בי G&E להלבנה עדינה 75 מ""ל",פרוקטר אנד גמבל,DE,משחת אורל בי,מיליליטרים,75.00,"100 מ""ל",false,1,14.40,19.20,true,1,
8001090375230,false,"פנטן מרכך מרוכז 200 מ""ל לחות מוגברת",פרוקטר אנד גמבל,FR,מרכך פנטן,מיליליטרים,200.00,"100 מ""ל",false,1,24.70,12.35,true,1,
8001090375285,false,"מרכך מרוכז למגע רך כמשי 200 מ""ל פנטן",פרוקטר אנד גמבל,FR,מרכך פנטן,מיליליטרים,200.00,"100 מ""ל",false,1,24.70,12.35,true,1,
8001090377487,false,מסכה לשיער פנטן לחות מוגברת 300 מל,פרוקטר אנד גמבל,RO,מסיכה פנטן,מיליליטרים,300.00,"100 מ""ל",false,1,32.30,10.77,true,1,
8001090377531,false,"מסכה לשיער פנטן לצבע מלא חיים 300 מ""ל",דיפלומט,RO,מסיכה פנטן,מיליליטרים,300.00,"100 מ""ל",false,1,32.30,10.77,true,1,
8001090379337,false,פמפרס פרימיום קר חיתולים שלב 3 40 יח VP,פרוקטר אנד גמבל,PL,פמפרס פרימיום,יחידה,1.00,יחידה,false,1,35.80,35.80,true,1,
8001090379368,false,פמפרס פרימיום קר חיתולים שלב 4 34 יח VP,פרוקטר אנד גמבל,PL,פמפרס פרימיום,יחידה,1.00,יחידה,false,1,35.80,35.80,true,1,
8001090379399,false,פמפרס פרימיום קר חיתולים שלב 5 30 יח VP,פרוקטר אנד גמבל,PL,פמפרס פרימיום,יחידה,1.00,יחידה,false,1,35.80,35.80,true,1,
8001090540577,false,"מי פה אורל בי להלבנה 500 מ""ל",פרוקטר אנד גמבל,DE,מי פה WHITE D,מיליליטרים,500.00,"100 מ""ל",false,1,19.50,3.90,true,1,
8001090580122,false,"הד אנד שולדרס שמפו סופרים משקם 400 מ""ל",פרוקטר אנד גמבל,FR,שמפו הד&שולדרס,מיליליטרים,400.00,"100 מ""ל",false,1,22.90,5.73,true,1,
8001090632715,false,מש.שיניים אורל בי לילדים פרוזן וקארס120ג,פרוקטר אנד גמבל,DE,משחת שיניים לילד,מיליליטרים,75.00,"100 מ""ל",false,1,12.70,16.94,true,1,
8001090678195,false,"הד אנד שולדרס מרכך סופרים לחות 275 מ""ל",פרוקטר אנד גמבל,FR,מרכך הד&שולדרס,מיליליטרים,275.00,"100 מ""ל",false,1,16.10,5.85,true,1,
8001090678225,false,"הד אנד שולדרס מרכך סופרים משקם 275 מ""ל",פרוקטר אנד גמבל,FR,מרכך הד&שולדרס,מיליליטרים,275.00,"100 מ""ל",false,1,16.10,5.85,true,1,
8001090678614,false,"שמפו סופרים לחות הד אנד שולדרס 400 מ""ל",פרוקטר אנד גמבל,FR,שמפו הד&שולדרס,מיליליטרים,400.00,"100 מ""ל",false,1,22.90,5.73,true,1,
8001090698346,false,פמפרס מכנסונים מידה3-4,פרוקטר אנד גמבל,PL,פמפרס מכנסונים,יחידה,1.00,יחידה,false,1,25.50,25.50,true,1,
8001090715043,false,אולוויז דיסקרט לבריחת שת,פרוקטר אנד גמבל,DE,אולוויז דיסקרט,יחידה,1.00,יחידה,false,1,33.20,33.20,true,1,
8001090832450,false,"שמפו פנטן הנוסחה הקלאסית 660 מ""ל",פרוקטר אנד גמבל,RO,שמפו פנטן,מיליליטרים,660.00,"100 מ""ל",false,1,20.40,3.09,true,1,
8001090832535,false,"שמפו פנטן שמן מרוקאי משקם 660 מ""ל",פרוקטר אנד גמבל,RO,שמפו פנטן,מיליליטרים,660.00,"100 מ""ל",false,1,20.40,3.09,true,1,
8001090832573,false,"שמפו פנטן לחות מוגברת 660 מ""ל",פרוקטר אנד גמבל,RO,שמפו פנטן,מיליליטרים,660.00,"100 מ""ל",false,1,20.40,3.09,true,1,
8001090832610,false,"שמפו פנטן למגע רך כמשי 660 מ""ל",פרוקטר אנד גמבל,RO,שמפו פנטן,מיליליטרים,660.00,"100 מ""ל",false,1,20.40,3.09,true,1,
8001090832696,false,"פנטן שמפו לתלתלים מושלמים 660 מ""ל",פרוקטר אנד גמבל,RO,שמפו פנטן,מיליליטרים,660.00,"100 מ""ל",false,1,20.40,3.09,true,1,
8001090832771,false,"פנטן שמפו להזנת קרטין 660 מ""ל",פרוקטר אנד גמבל,RO,שמפו פנטן,מיליליטרים,660.00,"100 מ""ל",false,1,20.40,3.09,true,1,
8001090832818,false,מרכך פנטן הנוסחה הקלאסית לשיער רגיל ומעורב,פרוקטר אנד גמבל,RO,מרכך פנטן,מיליליטרים,660.00,"100 מ""ל",false,1,20.40,3.09,true,1,
8001090832856,false,"פנטן 660 מ""ל קונדישינר מרוקאי משקם",פרוקטר אנד גמבל,RO,מרכך פנטן,מיליליטרים,660.00,"100 מ""ל",false,1,20.40,3.09,true,1,
8001090832894,false,מרכך לשיער חלש ופגום לחות מוגברת,פרוקטר אנד גמבל,RO,מרכך פנטן,מיליליטרים,660.00,"100 מ""ל",false,1,20.40,3.09,true,1,
8001090832931,false,"פנטן 660 מ""ל קונדישינר למגע רך כמשי",פרוקטר אנד גמבל,RO,מרכך פנטן,מיליליטרים,660.00,"100 מ""ל",false,1,20.40,3.09,true,1,
8001090856005,false,פאנטן 200 מרכך הקסם סופר פוד,פרוקטר אנד גמבל,RO,פנטן מרכך הקסם,מיליליטרים,200.00,"100 מ""ל",false,1,24.70,12.35,true,1,
8001090861276,false,"פנטן קונדישנר סופר פוד 660 מ""ל",פרוקטר אנד גמבל,RO,מרכך פנטן,מיליליטרים,660.00,"100 מ""ל",false,1,20.40,3.09,true,1,
8001090899194,false,תחבושות אולוויז פלטינום נורמל 24 יחידות,פרוקטר אנד גמבל,DE,תחבושות אולוויז,יחידה,1.00,יחידה,false,1,22.10,22.10,true,1,
8001090899224,false,תחבושות אולוויז פלטינום לונג 20 יחידות,פרוקטר אנד גמבל,DE,תחבושות אולוייז,יחידה,1.00,יחידה,false,1,22.10,22.10,true,1,
8001090899255,false,תחבושות אולוויז פלטינום לילה 16 יחידות,פרוקטר אנד גמבל,DE,תחבשות אולוויז,יחידה,1.00,יחידה,false,1,22.10,22.10,true,1,
8001090899286,false,תחבושות אולוויז פלטינום לילה בטוח 14 יח',פרוקטר אנד גמבל,DE,תחבושות אולוויז,יחידה,1.00,יחידה,false,1,22.10,22.10,true,1,
8001090992338,false,פיירי טבליות למדיח פלטינום פלוס 50 יחידו,פרוקטר אנד גמבל,BE,פיירי טב' למדיח,יחידה,1.00,יחידה,false,1,58.80,58.80,true,1,
8001090993465,false,טמפקס קוטון קומפורט 16 יח נורמל,פרוקטר אנד גמבל,US,טמפקס כותנה נורמ,יחידה,1.00,יחידה,false,1,20.40,20.40,true,1,
8001090993502,false,טמפקס כותנה סופר 16 יח',פרוקטר אנד גמבל,US,טמפקס כותנה סופר,יחידה,1.00,יחידה,false,1,20.40,20.40,true,1,
8001160000888,false,"גטורייד משקה ספורט תפוז 500 מ""ל",אקווה מינרלה סאן בנדטו,IT,גטורייד תפוז,מיליליטרים,500.00,"100 מ""ל",false,1,10.20,2.04,true,1,
8001160001786,false,"משקה אנרגיה גטורייד ספורט כחול 500מ""ל",אקווה מינרלה סאן בנדטו,IT,גטורייד כחול,מיליליטרים,500.00,"100 מ""ל",false,0,10.20,2.04,true,1,
8001160001892,false,"משקה אנרגיה גטורייד ספורט תפוז אדום 500מ""ל",אקווה מינרלה סאן בנדטו,IT,גטורייד תפוז,מיליליטרים,500.00,"100 מ""ל",false,0,10.20,2.04,true,1,
8001359108319,false,ספא פארמה קרם יום 50 SPF25מ'ל,ספא פארמה,IL,קרם לחות יום,מיליליטרים,50.00,"100 מ""ל",false,0,17.00,34.00,true,1,
8001359108326,false,ספא פארמה קרם לעור רגיל ומעורב 50מ'ל,פאר פארם.,IL,קרם לחות ים המלח,מיליליטרים,50.00,"100 מ""ל",false,0,16.60,33.20,true,1,
8001359108340,false,ספא פארמה קרם לילה למיצוק 50מ'ל,ספא פארמה,,קרם לילה ים המלח,מיליליטרים,50.00,"100 מ""ל",false,0,25.50,51.00,true,1,
8001359108357,false,ספא פארמה קרם עיניים אינטנסיבי 30מ'ל,ספא פארמה,IL,קרם עיניים,מיליליטרים,30.00,"100 מ""ל",false,0,21.20,70.67,true,1,
8001359108654,false,"מויסטר ריסורס קרם פנים 250מ""ל",אנדראה טיפוח,IL,ק.לחות לפנים 250,מיליליטרים,250.00,"100 מ""ל",false,0,21.20,8.48,true,1,
8001620015636,false,"משקה פירות פרוטה-מיקס פירות 400 מ""ל סאן בנדטו",אקווה מינרלה סאן בנדטו ב,IT,משקה פרוטה,מיליליטרים,400.00,"100 מ""ל",false,1,6.80,1.70,true,1,
8001620018408,false,"משקה פירות בטעם מנגו תפוח 400 מ""ל פרוטה",אקווה מינרלה סאן בנדטו ב,IT,פרוטה מנגו תפוח,מיליליטרים,400.00,"100 מ""ל",false,1,6.80,1.70,true,1,
8001620019160,false,"סן בנדטו מים מינרלים בטעם אפרסק 500 מ""ל",אקווה מינרלה סאן בנדטו ב,IT,סאן בנדטו אפרסק,מיליליטרים,400.00,"100 מ""ל",false,1,5.90,1.48,true,1,
8001620019177,false,"סן בנדטו מים מינרלים בטעם ענבים 500 מ""ל",אקווה מינרלה סאן בנדטו ב,IT,סאן סנדטו ענבים,מיליליטרים,400.00,"100 מ""ל",false,1,5.90,1.48,true,1,
8001841006710,false,לנור כדוריות הריח בניחוח רענן 210 גרם,פרוקטר אנד גמבל,US,לנור מבשם כביסה,גרמים,210.00,100 גרם,false,1,29.80,14.19,true,1,
8001841053684,false,תחבושות אולוויז עבה לונג פלוס 12 יחידות,פרוקטר אנד גמבל )ראה קוד,HU,תחבושות אולוויז,יחידה,1.00,יחידה,false,1,11.80,11.80,true,1,
8001841053806,false,תחבושות היגייניות אולוויז מקסי עבה לילה,פרוקטר אנד גמבל,HU,תחבושות אולוויז,יחידה,1.00,יחידה,false,1,11.80,11.80,true,1,
8001841062624,false,פמפרס מגבונים לחים ללא בישום רביעייה,פרוקטר אנד גמבל.,DE,מגבוני פמפרס 4יח,יחידה,1.00,יחידה,false,1,15.20,15.20,true,1,
8001841077949,false,מארז מגבוני פמפרס בניחוח מרענן - רביעייה,פרוקטר אנד גמבל,DE,מגבוני פמפרס 4יח,יחידה,1.00,יחידה,false,1,15.20,15.20,true,1,
8001841104751,false,פמפרס פרימיום קר חיתולים שלב 1 52 יח VP,פרוקטר אנד גמבל,PL,פמפרס,יחידה,1.00,יחידה,false,1,34.10,34.10,true,1,
8001841104799,false,פמפרס פרימיום קר חיתולים שלב 2 46 יח VP,פרוקטר אנד גמבל,PL,פמפרס,יחידה,1.00,יחידה,false,1,34.10,34.10,true,1,
8001841105093,false,פמפרס פרימיום קר חיתולים שלב 6 26 יח VP,פרוקטר אנד גמבל,PL,פמפרס,יחידה,1.00,יחידה,false,1,35.80,35.80,true,1,
8001841218175,false,תחבושות כפול נורמל כפול,,DE,תחבושות כפול נור,יחידה,1.00,יחידה,false,0,15.20,15.20,true,1,
8001841272757,false,אורל-בי משחת שיניים להלבנה פחם- לניקוי עמוק,פרוקטור אנד גמבל,DE,משחת אורל בי,מיליליטרים,75.00,"100 מ""ל",false,1,25.50,34.00,true,1,
8001841410524,false,שמפו הד&שולדרס קוקוס600מ,פרוקטר אנד גמבל,RO,שמפו הד&שולדרס,מיליליטרים,600.00,"100 מ""ל",false,1,22.10,3.68,true,1,
8001841413334,false,קונד.הד&שולדרס קוקוס275מ,פרוקטר אנד גמבל,RO,קונדיש.הד&שולדרס,מיליליטרים,275.00,"100 מ""ל",false,1,16.10,5.85,true,1,
8001841427164,false,אולוויז פרו פרש מגן תחתון 4ב-1 לארג 40,פרוקטר אנד גמבל,DE,מגן תחתון פרו פר,יחידה,1.00,יחידה,false,1,17.00,17.00,true,1,
8001841500799,false,"הרבל אסנסס - שמפו ללא סולפטים אלוורה ומנגו 380 מ""ל",הרבל אסנס Herbal Essences,FR,שמפו ללא סולפטים,מיליליטרים,380.00,"100 מ""ל",false,1,22.10,5.82,true,1,
8001841500942,false,"הרבל אסנסס - שמפו ללא סולפטים אלוורה ובמבוק 380 מ""ל",הרבל אסנס Herbal Essences,FR,שמפו ללא סולפטים,מיליליטרים,380.00,"100 מ""ל",false,1,22.10,5.82,true,1,
8001841502298,false,"הרבל אסנסס - מרכך ללא סולפטים אלוורה ומנגו 275 מ""ל",הרבל אסנס Herbal Essences,FR,מרכך ללא סולפטים,מיליליטרים,275.00,"100 מ""ל",false,1,22.10,8.04,true,1,
8001841502601,false,"הרבל אסנסס - מרכך ללא סולפטים אלוורה ובמבוק 275 מ""ל",הרבל אסנס Herbal Essences,FR,מרכך ללא סולפטים,מיליליטרים,275.00,"100 מ""ל",false,1,22.10,8.04,true,1,
8001841625362,false,"נוזל כלים בניחוח לימון פלטינום 780 מ""ל פיירי",פרוקטר אנד גמבל,GB,פיירי נוזל כלים,מיליליטרים,780.00,"100 מ""ל",false,1,11.00,1.41,true,1,
8001841660257,false,מסכת מינרלס במבוק לשיער חזק וארוך,פנטן Pantene,FR,פנטן מיראקלס במב,מיליליטרים,160.00,"100 מ""ל",false,1,16.10,10.06,true,1,
8001841660530,false,קרם לחות מינרלס במבוק + חלבון משקם לשיער ארוך,פנטן Pantene,FR,קרמ פנטן מיראקלס,גרמים,270.00,100 גרם,false,1,20.40,7.56,true,1,
8001841669465,false,קפסולות לכביסה אריאל בניחוח לנור 24 יחידות,פרוקטר אנד גמבל,FR,קפסולות גל כביסה,יחידה,1.00,יחידה,false,1,32.30,32.30,true,1,
8001841837239,false,הרבל אסנס מרכך ללא סולפטים שמן אבוקדו,דיפלומט,FR,מרכך הרבל,מיליליטרים,275.00,"100 מ""ל",false,1,22.10,8.04,true,1,
8001841841373,false,הרבל אסנס שמפו ללא סולפטים שמן אבוקדו,דיפלומט,FR,שמפו הרבל,מיליליטרים,380.00,"100 מ""ל",false,1,22.10,5.82,true,1,
8002110383709,false,נוטרוגינה ס.נורבגית ק.ידיים לא מבושם 50מל,ניוטרוג'ינה Neutrogena,FR,קרם ידיים,מיליליטרים,50.00,"100 מ""ל",false,0,24.70,49.40,true,1,
8002270216800,false,סאן פלגרינו בטעם לימון 500 מ,סן פלגרינו,IT,אסנזה טעם לימון,מיליליטרים,500.00,"100 מ""ל",false,1,5.00,1.00,true,1,
8002270236808,false,סאן פלגרינו בטעם תפוז אדום ופטל 500 מ,סן פלגרינו,IT,אסנזה טעם תפוז א,מיליליטרים,500.00,"100 מ""ל",false,1,5.00,1.00,true,1,
8002910043476,false,ויט רצועות שעווה מוכנות לקו הביקיני 12 יחידות,רקיט בנקיזר צרפת,FR,רצועות שעווה ויט,יחידה,1.00,יחידה,false,1,33.20,33.20,true,1,
8005200486526,false,"נסטי, תה קר בטעם אפרסק 500 מל",מפעל סאנפלגרינו S.p.,IT,נסטי בטעם אפרסק,מיליליטרים,500.00,"100 מ""ל",false,0,5.00,1.00,true,1,
8005610298924,false,בוס דה סנט א.אדפ100 מל,לילית-בוס,GR,בוס דה סנט א.אדפ,מיליליטרים,100.00,"100 מ""ל",false,0,323.90,323.90,true,1,
8005610481005,false,"בלום אדפ לאישה 100 מ""ל - גוצ'י",P&G לילית,GR,גוצ'י בלום אדפ,מיליליטרים,100.00,"100 מ""ל",false,0,494.80,494.80,true,1,
8005610521220,false,לקוסט להום ג.אדט 100,לילית-לקוסט,IL,לקוסט להום ג.אדט,מיליליטרים,100.00,"100 מ""ל",false,0,237.00,237.00,true,1,
8006540051054,false,פנטן מיראקלס שמפו ללא סולפטים 225 מל,דיפלומט,BE,שמפו פנטן,מיליליטרים,225.00,"100 מ""ל",false,1,18.70,8.31,true,1,
8006540110317,false,שמפו מינרלס ביוטין + במבוק לשיער חזק וארוך,פנטן Pantene,RO,פנטן מיראקלס,גרמים,400.00,100 גרם,false,1,16.10,4.02,true,1,
8006540112793,false,"מרכך כביסה מרוכז בניחוח יסמין לנור 900 מ""ל",פרוקטר אנד גמבל,US,לנור מרכך מרוכז,מיליליטרים,900.00,"100 מ""ל",false,1,17.00,1.89,true,1,
8006540112823,false,"לנור מרכך כביסה מרוכז בניחוח האוקיינוס 900 מ""ל",פרוקטר אנד גמבל,FR,לנור מרכך מרוכז,מיליליטרים,900.00,"100 מ""ל",false,1,17.00,1.89,true,1,
8006540157374,false,מרכך מינרלס ביוטין + במבוק לשיער חזק וארוך,פנטן Pantene,FR,פנטן מיראקלס,מיליליטרים,275.00,"100 מ""ל",false,1,16.10,5.85,true,1,
8006540221068,false,מגן תחתון אלוויז וליופק לונג פלוס 40 יחי',פרוקטר & גמבל,DE,מגן תחתון אולווי,יחידה,1.00,יחידה,false,1,15.20,15.20,true,1,
8006540221341,false,אולוויז מגן תחתון וליופק לארג' 48 יחידות,,DE,מגן תחתון אולווי,יחידה,1.00,יחידה,false,1,15.20,15.20,true,1,
8006540221426,false,מגן תחתון אולוויז סלים 48 יח,,DE,מגן תחתון דייליס,יחידה,1.00,יחידה,false,1,15.20,15.20,true,1,
8006540221464,false,מגן תחתון אולוויז וליופק נורמל 56 יחידות,,DE,מגן תחתון אולווי,יחידה,1.00,יחידה,false,1,15.20,15.20,true,1,
8006540222089,false,פמפרס מגבונים היגיינים לתינוקות וילדים TO GO 40 יח',פרוקטור אנד גמבל,DE,מגבוני פמפרס,יחידה,1.00,יחידה,false,1,7.60,7.60,true,1,
8006540385029,false,הד&שולדרס MEN שמפו ומרכך 2ב-1 אולטרא 540,URLATI GAMBLE & PROCTER,RO,הד&שולדרס מן 2ב1,מיליליטרים,540.00,"100 מ""ל",false,1,22.90,4.24,true,1,
8006540385067,false,הד&שולדרס MEN שמפו אולטרא ספורט מרענן540,URLATI GAMBLE & PROCTER,RO,ה&ש שמפו מן,מיליליטרים,540.00,"100 מ""ל",false,1,22.90,4.24,true,1,
8006540404850,false,דיסקריט תחבושות לבריחת שתן לונג 10 יח,פרוקטר & גמבל,DE,דיסקריט תחבושות,יחידה,1.00,יחידה,false,1,20.40,20.40,true,1,
8006540404935,false,דיסקריט תחבושות לבריחת שתן נורמל 12 יח,פרוקטר & גמבל,DE,דיסקריט תחבושות,יחידה,1.00,יחידה,false,1,20.40,20.40,true,1,
8006540405031,false,דיסקריט תחבושות לבריחת שתן סמול פלוס 16,פרוקטר & גמבל,DE,דיסקריט תחבושות,יחידה,1.00,יחידה,false,1,20.40,20.40,true,1,
8006540406694,false,פמפרס בייבי דריי פנטס מידה 4 42 יח,דיפלומט,PL,פמפרס מכנסונים,יחידה,1.00,יחידה,false,1,46.90,46.90,true,1,
8006540406724,false,פמפרס בייבי דריי פנטס מידה 5 38 יח,דיפלומט,PL,פמפרס מכנסונים,יחידה,1.00,יחידה,false,1,46.90,46.90,true,1,
8006540406793,false,פמפרס בייבי דריי פנטס מידה 6 34 יח,דיפלומט,PL,פמפרס מכנסונים,יחידה,1.00,יחידה,false,1,46.90,46.90,true,1,
8006540407684,false,דיסקריט תחבושות לבריחת שתן לילה 8 יח,דיפלומט,DE,תחבושות לילה,יחידה,1.00,יחידה,false,1,20.40,20.40,true,1,
8006540410905,false,הד&שולדרס 7 יתרונות ב-1 עמידות השיער 450,S BLOIS GAMBLE & PROCTER,FR,ה&ש שמפו 7 ב1-,מיליליטרים,450.00,"100 מ""ל",false,1,22.10,4.91,true,1,
8006540410967,false,הד&שולדרס 7 יתרונות ב-1 רב פעולות 450,S BLOIS GAMBLE & PROCTER,FR,הד&שולדרס שמפו,גרמים,450.00,100 גרם,false,1,22.10,4.91,true,1,
8006540592434,false,אולוויז תחבושות נורמל 28 יח,פרוקטר & גמבל,HU,תחבושות אולטרא,יחידה,1.00,יחידה,false,1,15.20,15.20,true,1,
8006540592465,false,תחבושות אולוויז אולטרה לונג כפול 24 יח,פרוקטר & גמבל,HU,תחבושות לונג,יחידה,1.00,יחידה,false,1,15.20,15.20,true,1,
8006540592496,false,תחבושות אולוויז אולטרא כפול לילה 20 יח,פרוקטר & גמבל,HU,תחבושות כפול ליל,יחידה,1.00,יחידה,false,1,15.20,15.20,true,1,
8011003801619,false,ורסאצה פור הום אדט200גבר,,IT,ורסאצה פור הום,מיליליטרים,200.00,"100 מ""ל",false,1,341.00,170.50,true,1,
8011003803132,false,"ורסצ'ה אדט 200 מ""ל",לילית בישום,IT,ורסצ'ה אדט 200,מיליליטרים,200.00,"100 מ""ל",false,0,323.90,161.95,true,1,
8011003804566,false,ורסצ'ה ילו דיאמונד 90 מל,לילית בישום,IT,ורסצ'ה ילו דיאמו,מיליליטרים,90.00,"100 מ""ל",false,0,272.60,302.89,true,1,
8011003809219,false,VERSACE EROS EDT 100 ML,לילית בישום,IT,EROS א.ד.ט לגבר,מיליליטרים,100.00,"100 מ""ל",false,0,229.90,229.90,true,1,
8011003813858,false,"ארוס אדט 200 מ""ל",,IT,"ארוס אדט 200 מ""ל",מיליליטרים,200.00,"100 מ""ל",false,1,341.00,170.50,true,1,
8011003817498,false,"ברייט קריסטל אדט 200 מ""ל",,IT,ברייט קריסטל אדט,מיליליטרים,200.00,"100 מ""ל",false,1,426.50,213.25,true,1,
8011003818112,false,BRIGHT CRYSTAL ABSOLU EDP 90 ML,לילית בישום,IT,CRYSTAL BRIGHT,מיליליטרים,90.00,"100 מ""ל",false,0,255.50,283.89,true,1,
8011003823529,false,"ורסצ'ה ארוס אדפ 50 מ""ל",לילית בישום,IT,ורסצ'ה ארוס אדפ,מיליליטרים,50.00,"100 מ""ל",false,0,212.80,425.60,true,1,
8011003825745,false,VERSACE DYLAN BLUE MAN EDT 100ML,לילית בישום,IT,BLU BLUE DYLAN,מיליליטרים,100.00,"100 מ""ל",false,0,255.50,255.50,true,1,
8011003826490,false,"ורסצ'ה פור הום דילאן בלו א.ד.ט 200 מ""ל",לילית בישום,IT,ורסצ'ה דילן בלו,מיליליטרים,200.00,"100 מ""ל",false,0,341.00,170.50,true,1,
8011003826711,false,"מוסקינו פרש קוטור אדט 100 מ""ל לאישה",לילית בישום,IL,מוסקינו פרש קוטו,מיליליטרים,100.00,"100 מ""ל",false,0,169.00,169.00,true,1,
8011003839117,false,VERSACE -POUR FEMME DYLAN BLUE 100 ML EDP,לילית בישום,IT,Blue Dylan א.ד.פ,מיליליטרים,100.00,"100 מ""ל",false,0,323.90,323.90,true,1,
8011003848133,false,מארז דיסקוורד wood אדט י,,IT,מארז דיסקוורד wo,יחידה,1.00,יחידה,false,1,315.30,315.30,true,1,
8011003861224,false,EROS א.ד.פ לגבר וסצ'ה,,IT,EROS א.ד.פ לגבר,מיליליטרים,100.00,"100 מ""ל",false,1,272.60,272.60,true,1,
8011003872077,false,EROS VERSACE א.ד.פ 100,,FR,EROS VERSACE א.,מיליליטרים,100.00,"100 מ""ל",false,1,341.00,341.00,true,1,
8011003872855,false,אורגינל ווד אדפ 100מל,,IT,אורגינל ווד אדפ,מיליליטרים,100.00,"100 מ""ל",false,1,315.30,315.30,true,1,
8011003876594,false,מארז ברייט קריסטל לאישה,EUROITALIA,IT,מארז ברייט קריסט,יחידה,1.00,יחידה,false,1,323.90,323.90,true,1,
8011003876709,false,מארז קריסטל נויר לאישה,EUROITALIA,IT,מארז קריסטל נויר,יחידה,1.00,יחידה,false,1,323.90,323.90,true,1,
8011003876808,false,מארז דילן טורקיז לאישה,EUROITALIA,IT,מארז דילן טורקיז,יחידה,1.00,יחידה,false,1,315.30,315.30,true,1,
8011003993819,false,"ורסצ'ה ברייט קריסטל א.ד.ט 50 מ""ל",לילית בישום,IT,CRYSTAL BRIGHT,מיליליטרים,50.00,"100 מ""ל",false,0,221.30,442.60,true,1,
8011003993826,false,RSACE BRIGHT CRYSTAL EDT VAPO 90ML,לילית בישום,IT,CRYSTAL BRIGHT,מיליליטרים,90.00,"100 מ""ל",false,0,323.90,359.89,true,1,
8011003995967,false,homme pour א.ד.ט לגבר,לילית בישום,IT,homme pour א.ד.ט,מיליליטרים,100.00,"100 מ""ל",false,0,229.90,229.90,true,1,
8011003997022,false,"ורסצ'ה ורסנס אדט 100 מ""ל",לילית בישום,IT,ורסצ'ה ורסנס אדט,מיליליטרים,100.00,"100 מ""ל",false,0,221.30,221.30,true,1,
8011530000134,false,רומא UOMO א.ד.ט לגבר125מ,דיפלומט-רומא,IL,UOMO א.ד.ט לגבר,מיליליטרים,125.00,"100 מ""ל",false,0,169.00,135.20,true,1,
8011530810023,false,UOMO TRUSSARDIאדט100מל,לילית בישום,IT,UOMO TRUSSARDI,מיליליטרים,100.00,"100 מ""ל",false,1,332.40,332.40,true,1,
8011530820022,false,DONNA TRUSSARDIאדפ100מל,לילית בישום,IT,DONNA TRUSSARDI,מיליליטרים,100.00,"100 מ""ל",false,1,366.60,366.60,true,1,
8016741072482,false,קירקה אסקטריט אדפ 100מל,,IT,קירקה אסקטריט אד,מיליליטרים,100.00,"100 מ""ל",false,1,426.50,426.50,true,1,
8016741572579,false,"ספיריטו פיורנטינו100 מ""ל",,IT,ספיריטו פיורנטינ,מיליליטרים,100.00,"100 מ""ל",false,1,511.90,511.90,true,1,
8017331040584,false,בלנקס משחת שיניים מלבינה שפופרת 75 מל,זר הייטק,IT,משחה להלבנתשינים,גרמים,75.00,100 גרם,false,0,15.20,20.27,true,1,
8017331045213,false,בלנקס משחת שיניים להסרת כתמים שפופרת75מל,זר הייטק,IT,בלנקס מש.שיניים,גרמים,75.00,100 גרם,false,0,15.20,20.27,true,1,
8017331051573,false,בלנקס וויט שוק אינסטנט משחת שיניים,בלנקס Blanx,IT,בלאנקס וייט שוק,מיליליטרים,75.00,"100 מ""ל",false,0,25.50,34.00,true,1,
8017331055427,false,וויט שוק White Shock ערכת טיפול להלבנת שיניים,בלנקס Blanx,IT,בלנקס וייט שוק,יחידה,1.00,יחידה,false,1,68.20,68.20,true,1,
8018080355882,false,אוזניות בלוטוס סטיראו MUSIC SOUND שחור,פוג'יקום,CN,אוזניות בלוטות',יחידה,1.00,יחידה,false,1,85.30,85.30,true,1,
8018080412066,false,אוזניות בלוטוס סטיראו MUSIC SOUND לבן,פוג'יקום,CN,אוזניות בלוטות',יחידה,1.00,יחידה,false,1,85.30,85.30,true,1,
8018365071469,false,VERSACE CRYSTAL NOIR EDT VAPO 90ML,לילית בישום,IT,NOIR CRYSTAL,מיליליטרים,90.00,"100 מ""ל",false,0,323.90,359.89,true,1,
8018365500037,false,ורסצ'ה או פראש אדט 100מל,לילית בישום,IT,ורסצ'ה או פראש א,מיליליטרים,100.00,"100 מ""ל",false,0,212.80,212.80,true,1,
8021660009280,false,פן מקצועי 2100W דגם sile,,CN,פן מקצועי 2100W,יחידה,1.00,יחידה,false,1,426.50,426.50,true,1,
8028713240010,false,"edc oud colonia 100מ""ל",,IL,edc oud colonia,מיליליטרים,100.00,"100 מ""ל",false,1,956.40,956.40,true,1,
8032880800243,false,פיקניק הפתעה - אגוזי לוז ומקלות אפויים,"הוסטה איטליה, ס.ר.ל.",IT,פיקניק הפתעה,גרמים,50.00,100 גרם,false,0,8.00,16.00,true,1,
8033488156381,false,XERJOFF OUVERTURE EDP 100ML,קסרג'וף,IT,אוורטיור אדפ,מיליליטרים,100.00,"100 מ""ל",false,0,853.80,853.80,true,1,
8052086377240,false,"סניורינה רבל אדפ 100 מ""ל",,IL,סניורינה רבל אדפ,מיליליטרים,100.00,"100 מ""ל",false,1,371.70,371.70,true,1,
8052204136391,false,גריטי נוקטס ארבאס100מל,,IT,גריטי נוקטס ארבא,מיליליטרים,100.00,"100 מ""ל",false,1,597.40,597.40,true,1,
8052204136421,false,"גריטי אדפ 100 מ""ל",,FR,גריטי אדפ,מיליליטרים,100.00,"100 מ""ל",false,1,597.40,597.40,true,1,
8053853182548,false,FROZENממחטות נייר מצויירות 6יח',,IL,ממחטות נייר 6 יח,יחידה,1.00,יחידה,false,1,8.40,8.40,true,1,
8058045425649,false,TRUSSARDI NEW FEMININE EDP 90ML,,FR,FEMINI TRUSSARDI,מיליליטרים,90.00,"100 מ""ל",false,1,366.60,407.33,true,1,
8058045432937,false,לברירו קולקשיין גבר100מל,S.P.A BEAUTY ANGELINI,IT,טרוסרדי לברירו ק,מיליליטרים,100.00,"100 מ""ל",false,1,383.70,383.70,true,1,
8058045433064,false,טרוסרדי פיור גסמין 90מל,S.P.A BEAUTY ANGELINI,IT,טרוסרדי פיור גסמ,מיליליטרים,90.00,"100 מ""ל",false,1,366.60,407.33,true,1,
8410076600622,false,חטיפי גרנולה קראנצ'י עם שוקולד מריר נייצ'ר ואלי 210 גרם,ג'נרל מילס סאן אדריאן,ES,נייצר וואלי שוקו,גרמים,210.00,100 גרם,false,0,13.50,6.43,true,1,
8410076610492,false,חטיף שיבולת שועל מלאה ובוטנים בציפוי עם חמאת בוטנים,יבואן ומשווק: ש. שסט,GB,חטיפי צ'ואי 5 יח,גרמים,150.00,100 גרם,false,1,13.50,9.00,true,1,
8410104511340,false,ויט רצועות שעווה מוכנות לעור יבש 12 יחידות,רקיט בנקיזר צרפת,FR,רצועות שעווה ויט,יחידה,1.00,יחידה,false,0,33.20,33.20,true,1,
8410436218092,false,צבע שיער סאיוס אולאו אינטנס 4-18,סאיוס syoss,DE,צבע לשיער אולאו,יחידה,1.00,יחידה,false,0,25.50,25.50,true,1,
8410436218139,false,צבע שיער סאיוס אולאו אינטנס 2-10,סאיוס syoss,DE,צבע לשיער סאיוס,יחידה,1.00,יחידה,false,0,25.50,25.50,true,1,
8410436218290,false,צבע שיער סאיוס אולאו אינטנס 1-10,סאיוס syoss,DE,צבע לשיער סאיוס,יחידה,1.00,יחידה,false,0,25.50,25.50,true,1,
8410644611203,false,יין קאווה איבריקה לבן יבש Cava Iberica,יוסף מסאקס ס.ל.,ES,קאווה אימבריקה,מיליליטרים,750.00,"100 מ""ל",false,0,31.50,4.20,true,1,
8411061026342,false,GIRL GOOD א.ד.פ לאשה80מל,,FR,GIRL GOOD א.ד.פ,מיליליטרים,80.00,"100 מ""ל",false,1,383.70,479.63,true,1,
8411061043844,false,212VIP BLACK EDP 100ML חדש,,FR,BLACK VIP 212 א,מיליליטרים,100.00,"100 מ""ל",false,1,282.00,282.00,true,1,
8411061043868,false,CAROLINA HERRERA MEN E.D.T SP. 100ML,לילית בישום,ES,212 א.ד.ט לגבר,מיליליטרים,100.00,"100 מ""ל",false,1,213.60,213.60,true,1,
8411061045794,false,212MEN א.ד.ט לגבר מארז,PUIG בישום,ES,212MEN א.ד.ט לגב,יחידה,1.00,יחידה,false,1,213.60,213.60,true,1,
8411061046203,false,סט גוד גירל א.ד.פ לאשה,PUIG בישום,ES,גוד גירל א.ד.פ ל,יחידה,1.00,יחידה,false,1,282.00,282.00,true,1,
8411061711767,false,VIP 212 א.ד.פ לאשה,PUIG בישום,IL,VIP 212 א.ד.פ,מיליליטרים,80.00,"100 מ""ל",false,0,333.30,416.63,true,1,
8411061711804,false,"קרולינה הררה 212 VIP לאישה - א.ד.פ 50 מ""ל",PUIG בישום,IL,קרולינה VIP 212,מיליליטרים,50.00,"100 מ""ל",false,0,239.30,478.60,true,1,
8411061723760,false,קרולינה הררה 212 VIP א.ד.ט 100 מ''ל,PUIG בישום,IL,VIP 212 א.ד.ט,מיליליטרים,100.00,"100 מ""ל",false,0,256.40,256.40,true,1,
8411061777176,false,ROSE VIP 212 א.ד.פ לאשה,PUIG בישום,IL,ROSE VIP 212,מיליליטרים,80.00,"100 מ""ל",false,0,323.90,404.88,true,1,
8411061777183,false,ROSE VIP 212 א.ד.פ לאשה,PUIG בישום,IL,ROSE VIP 212,מיליליטרים,50.00,"100 מ""ל",false,0,238.40,476.80,true,1,
8411061865583,false,"קרולינה הררה 212 סקסי א.ד.ט 100 מ""ל",PUIG בישום,IL,212 סקסי אדט,מיליליטרים,100.00,"100 מ""ל",false,0,213.60,213.60,true,1,
8411061923245,false,BOY BAD א.ד.ט לגבר100מל,,FR,EDT BOY BAD,מיליליטרים,100.00,"100 מ""ל",false,1,341.00,341.00,true,1,
8411061994696,false,"212HEROES א.ד.פ 80 מ""ל",,ES,212HEROES א.ד.פ,מיליליטרים,80.00,"100 מ""ל",false,1,350.40,438.00,true,1,
8412300801072,false,"קרם רב שימושי ניוואה 400 מ""ל",ביירסדורץ,DE,"ניוואה קרם רב""ש",מיליליטרים,400.00,"100 מ""ל",false,1,29.80,7.45,true,1,
8423207206488,false,סלים דליס חטיף דגנים מצופה שוקולד חלב מרבה 6*20 גרם,אף.סי תבליני בגליל ב,ES,חטיפי דגנים מרבה,גרמים,120.00,100 גרם,false,0,13.50,11.25,true,1,
8423207206495,false,סלים דליס חטיף דגנים מצופה שוקולד מריר מרבה 6*20 גרם,אף.סי תבליני בגליל ב,ES,חטיפי דגנים מרבה,גרמים,120.00,100 גרם,false,0,13.50,11.25,true,1,
8423207207362,false,חטיפי סלים דליס שוקולד לבן מרבה 6 יחידות,ביסנצ'ורי אס.אל.יו,ES,סלים דליס,גרמים,120.00,100 גרם,false,0,13.50,11.25,true,1,
8423207208680,false,חטיף דגנים שוקולד סלים דליס לילדים מרבה 6 יחידות,ביסנצ'ורי אס.אל.יו,ES,סלים דליס 6 יח,גרמים,120.00,100 גרם,false,1,13.50,11.25,true,1,
8423207208697,false,חטיפי סלים דליס לילדים שוקולד לבן מרבה 6 יחידות,ביסנצ'ורי אס.אל.יו,ES,סלים דליס 6 יח,גרמים,120.00,100 גרם,false,1,13.50,11.25,true,1,
8423207209885,false,מרבה חטיפי סלים דליס מהדורה מיוחדת שוקולד חלב,סלים דליס Slim Delis,ES,"סלים דליס כשל""פ",גרמים,120.00,100 גרם,false,1,13.50,11.25,true,1,
8423207210287,false,מרבה סלים דליס שוקולד לבן בטעם יוגורט 120 ג',סלים דליס Slim Delis,ES,סלים דליס 6 יח,גרמים,120.00,100 גרם,false,1,13.50,11.25,true,1,
8423207210928,false,חטיף דגנים מצופה שוקולד חלב ואגוזי לוז - 5 במארז,נוטרישן אנד סנטה קוב,ES,חטיפי דגנים מרבה,גרמים,90.00,100 גרם,false,1,13.50,15.00,true,1,
8427030005010,false,תרכובת מזון על בסיס חלב A.R מלידה ואילך,אבוט מעבדות רפואיות,ES,סימילאק AR,גרמים,375.00,100 גרם,false,0,38.30,10.21,true,1,
8427030007281,false,סימילאק גולד קומפורט 1 תרכובת מזון על בסיס חלב,סימילאק Similac,ES,סימילאק קומפורט,גרמים,820.00,100 גרם,false,1,91.30,11.13,true,1,
8427030007298,false,סימילאק גולד קומפורט 2 תרכובת מזון על בסיס חלב,אבוט לבורטוריס ס.א.,ES,סימילאק קומפורט,גרמים,820.00,100 גרם,false,1,91.30,11.13,true,1,
8431754006031,false,"הלווין אדט 125 מ""ל",אלפא בישום,ES,הלווין אדט,מיליליטרים,125.00,"100 מ""ל",false,1,161.50,129.20,true,1,
8431754007939,false,"הלווין בלוסום אדט 100 מ""",,ES,הלווין בלוסום אד,מיליליטרים,100.00,"100 מ""ל",false,1,161.50,161.50,true,1,
8431754341019,false,"הלווין (א) אדט 50 מ""ל",אלפא בישום,ES,HALLOWEEN א.ד.ט,מיליליטרים,50.00,"100 מ""ל",false,0,84.60,169.20,true,1,
8431754462516,false,"הלווין ג.אדט 125 מ""ל",אלפא בישום,ES,הלווין אדט,מיליליטרים,125.00,"100 מ""ל",false,0,178.60,142.88,true,1,
8435137727087,false,"פראדה קנדי א.אדפ 80מ""ל",פראדה בישום,IL,פראדה קנדי א.אדפ,מיליליטרים,80.00,"100 מ""ל",false,0,341.00,426.25,true,1,
8435137729180,false,"פראדה לונה רוסה א.ד.ט 100 מ""ל",פראדה בישום,IL,ROSSA LUNA א.ד.ט,מיליליטרים,100.00,"100 מ""ל",false,0,279.40,279.40,true,1,
8435137737819,false,פראדה לונה רוס ספורט,פראדה בישום,FR,פראדה לונה רוס ס,מיליליטרים,100.00,"100 מ""ל",false,0,281.20,281.20,true,1,
8435137754601,false,ROSE INFUSION,,ES,ROSE INFUSION,מיליליטרים,100.00,"100 מ""ל",false,1,477.70,477.70,true,1,
8435137759781,false,LUNA ROSSA CARBON EDT V100ML,,FR,CARBON PLR,מיליליטרים,1.00,"100 מ""ל",false,0,281.20,28120.00,true,1,
8435137764730,false,INTENSE PRADA לגבר 100 מ,,FR,INTENSE PRADA לג,מיליליטרים,100.00,"100 מ""ל",false,1,375.20,375.20,true,1,
8435415012669,false,לה מאל אדט125 מל,PUIG בישום,IL,לה מאל אדט125,מיליליטרים,125.00,"100 מ""ל",false,0,290.60,232.48,true,1,
8435415012690,false,"לה מאל אדט 200 מ""ל",PUIG בישום,IL,לה מאל אדט,מיליליטרים,200.00,"100 מ""ל",false,0,384.60,192.30,true,1,
8435495807636,false,ג'ל כביסה היפואלרגני 2 ל' תינוקלין,פרוקטר אנד גמבל,TR,תינוקלין ג'ל,ליטרים,2.00,ליטר,false,1,29.80,14.90,true,1,
8436037792960,false,"קרם רב""ש בפחית 70 מ""ל",RNB,ES,קרם רב שימושי,מיליליטרים,70.00,"100 מ""ל",false,1,12.70,18.14,true,1,
8436038834935,false,טוס לאו אדפ 90 מל,אלפא בישום,ES,טוס לאו אדפ,מיליליטרים,90.00,"100 מ""ל",false,0,161.50,179.44,true,1,
8436550502589,false,"טאוס .לקולון 90 מ""ל",,ES,טאוס לקולון,מיליליטרים,90.00,"100 מ""ל",false,1,161.50,179.44,true,1,
8436550505061,false,"טוס מומנט אדט 90 מ""ל",אלפא בישום,ES,טוס מומנט אדט,מיליליטרים,90.00,"100 מ""ל",false,1,178.60,198.44,true,1,
8436550507584,false,"טוס לאב מי אדפ לאישה 90 מ""ל",PYD,ES,Me LOVE TOUS,מיליליטרים,90.00,"100 מ""ל",false,1,255.50,283.89,true,1,
8436550508918,false,"טוס לאב מי דה אוניקס פרפיום לאישה 90 מ""ל",,,לאב מי אומיקס,יחידה,1.00,יחידה,false,0,255.50,255.50,true,1,
8681008055074,false,By Ani 100Nishane מל,נישאנה האסיבט,FR,נישאנה אקסטרייט,מיליליטרים,100.00,"100 מ""ל",false,0,835.00,835.00,true,1,
8683130025574,false,"מרכך כביסה מרוכז אקסטרה לבנדר בדין 960 מ""ל",יבוא ושיווק: יוניליוור י,TR,מרכך בדין לבנדר,מיליליטרים,960.00,"100 מ""ל",false,1,17.00,1.77,true,1,
8683130025581,false,"מרכך כביסה מרוכז אקסטרה ענבר בדין 960 מ""ל",יבוא ושיווק: יוניליוור י,TR,מרכך בדין אקסטרה,מיליליטרים,960.00,"100 מ""ל",false,1,17.00,1.77,true,1,
8690504153849,false,גודייבה שוקולד חלב במילוי קרם בטעם פרלין אגוזים 83 גרם,"אולקר מקבוצת פלאדיס,",TR,שוקולד חלב,גרמים,83.00,100 גרם,false,1,12.70,15.30,true,1,
8690526009254,false,אי טי אי - מיני עוגה אישית מצופה במילוי קרם קקאו 144 גרם,"GIDA ETI , טורקיה n\",TR,מיני עוגות מצופו,גרמים,144.00,100 גרם,false,1,9.30,6.46,true,1,
8690526009353,false,אי טי אי - מיני חטיף בוטנים נוגט קרמל מצופה שוקולד חלב 140 גרם,"GIDA ETI , טורקיה n\",TR,מיני חטיף בוטנים,גרמים,140.00,100 גרם,false,1,9.30,6.64,true,1,
8690526019154,false,אי טי אי - וופל קקאו במילוי קרם קקאו 142 גרם,מולינו ניקולי s.p.a,TR,וופל קרם קקאו,גרמים,142.00,100 גרם,false,1,7.20,5.07,true,1,
8690526029238,false,אתי מארז וופלים במילוי שוקולד מריר 50גרם,"GIDA ETI , טורקיה n\",TR,וופל מצופה שוקול,גרמים,150.00,100 גרם,false,1,9.30,6.20,true,1,
8690572778326,false,פה ד.ספרי אנטיפרספינט 200 מל 1/12,שוורצקופף והנקל,DE,דאודורנט פה,מיליליטרים,200.00,"100 מ""ל",false,1,12.70,6.35,true,1,
8690572783931,false,"פה - דאודורנט ספריי לגבר אינוויזיבל פאוואר 200 מ""ל",שוורצקופף והנקל,DE,דאודורנט פה,מיליליטרים,200.00,"100 מ""ל",false,1,12.70,6.35,true,1,
8690572784303,false,שמפו גליס Gliss לשיער ארוך Supreme Length,שוורצקופף והנקל,TR,שמפו גליס,מיליליטרים,400.00,"100 מ""ל",false,1,15.30,3.83,true,1,
8690572788851,false,"גליס - שמפו ביו טק 400 מ""ל",שוורצקופף והנקל,TR,שמפו גליס ביו טק,מיליליטרים,400.00,"100 מ""ל",false,1,15.30,3.83,true,1,
8690572788912,false,"גליס - ביו טק מרכך 400 מ""ל",שוורצקופף והנקל,TR,מרכך גליס ביו טק,מיליליטרים,400.00,"100 מ""ל",false,1,15.30,3.83,true,1,
8690572794692,false,"גליס - שמפו לאיזון והזנת הקרקפת 400 מ""ל","הובי קוסמטיק, חברת ייצור",TR,שמפו לאיזון והזנ,מיליליטרים,400.00,"100 מ""ל",false,1,15.30,3.83,true,1,
8690637505614,false,"מרכך כביסה בדין אקסטרה פינוק קוקוס 960 מ""ל",יוניליוור סנאיי וי טיקאר,TR,מרכך כביסה בדין,מיליליטרים,960.00,"100 מ""ל",false,1,17.00,1.77,true,1,
8690637704277,false,"שמפו ומרכך לשיער רגיל 600 מ""ל דאב",יוניליוור טורקיה. אזור ת,TR,שמפו דאב,מיליליטרים,600.00,"100 מ""ל",false,0,18.70,3.12,true,1,
8690637704376,false,"שמפו לטיפוח יום יומי דאב 600 מ""ל",יוניליוור סנאיי וי טיקאר,TR,שמפו דאב,מיליליטרים,600.00,"100 מ""ל",false,0,18.70,3.12,true,1,
8690637704390,false,"מרכך שיער לטיפוח יום יומי דאב 600 מ""ל",יוניליוור טורקיה. אזור ת,TR,דאב מרכך שיער,מיליליטרים,600.00,"100 מ""ל",false,0,18.70,3.12,true,1,
8690637865589,false,"דאב תרחיץ ידיים בניחוח מלפפונים ותה ירוק 500 מ""ל",General,TR,דאב סבון ידיים,מיליליטרים,500.00,"100 מ""ל",false,1,14.40,2.88,true,1,
8690637865596,false,דאב תחליב רחצה לידיים 500 הזנה עמוקה,קוסטר אירוסול ולף סנ,TR,דאב סבון ידיים,מיליליטרים,500.00,"100 מ""ל",false,1,14.40,2.88,true,1,
8690637871061,false,"דאב שמפו עם שמן אבוקדו ותמצית קלנדולה 600 מ""ל",יונילוור - תורכיה,TR,שמפו דאב,מיליליטרים,600.00,"100 מ""ל",false,1,18.70,3.12,true,1,
8690637916991,false,מרכך דאב עם שמן אבוקדו ותמצית קלנדולה600,יונילוור - תורכיה,TR,מרכך שיער דאב,מיליליטרים,600.00,"100 מ""ל",false,1,18.70,3.12,true,1,
8690637946301,false,"בדין - מרכך כביסה אקסטרא בייביי כחול 960 מ""ל",יוניליוור סנאיי וי טיקאר,TR,בדין מרכך בייבי,מיליליטרים,960.00,"100 מ""ל",false,1,17.00,1.77,true,1,
8690637946318,false,"מרכך כביסה בדין מרוכז אקסטרה בייבי טלק 960 מ""ל",יוניליוור סנאיי וי טיקאר,TR,מרכך בדין בייבי,מיליליטרים,960.00,"100 מ""ל",false,1,17.00,1.77,true,1,
8691900172175,false,קוטקס תחב.לילה אולטרה18י,חוגלה קימברלי,CZ,קוטקס תחבושת,יחידה,1.00,יחידה,false,1,17.00,17.00,true,1,
8691900174056,false,קוטקס תחבושות אולטרה לילה 16 י',חוגלה קימברלי,CZ,קוטקס תחבושת,יחידה,1.00,יחידה,false,1,17.00,17.00,true,1,
8693495034364,false,"פלמוליב סבון מוצק בניחוח אורכידאה, רבעייה * 90 גרם",קולגייט פלמוליב,TR,סב.מוצק אורכידאה,יחידה,1.00,יחידה,false,1,12.70,12.70,true,1,
8693495037853,false,מברשת שיניים סלים סופט קולגייט 2 יחידות,הנסיך- מפעל לייצור ט,CN,2 מברשות קולגייט,יחידה,1.00,יחידה,false,0,25.00,25.00,true,1,
8693495051255,false,מברשת שיניים סלים סופט זהב קולגייט זוג,קולגייט - פלמוליב,CN,2מברשות קולגייט,יחידה,1.00,יחידה,false,1,25.50,25.50,true,1,
8693495052177,false,פלמוליב נטורלס תחליב רחצה זיתים 750 מל,קולגייט פלמוליב,TR,סבון פלמוליב,מיליליטרים,750.00,"100 מ""ל",false,1,15.20,2.03,true,1,
8693495052931,false,זוג מברשות שיניים אדוונסט 360 לניקוי כל חלל הפה,קולגייט פלמוליב,CN,מברשות קולגייט,יחידה,1.00,יחידה,false,1,27.20,27.20,true,1,
8693495054058,false,פלמוליב ס.נוזלי לומינוס מקדמיה 750 משאבה,קולגייט פלמוליב,TR,פלמוליב ג'ל רחצה,מיליליטרים,750.00,"100 מ""ל",false,1,15.20,2.03,true,1,
8696630143792,false,"LADY BELLA - ספריי צבע שחור לכיסוי זמני של שורשי השיער 100 מ""ל",,TR,ספריי צבע לשיער,מיליליטרים,100.00,"100 מ""ל",false,1,21.20,21.20,true,1,
8697562019056,false,דיסני משייף ציפורניים 2,,IL,דיסני משייף ציפו,יחידה,1.00,יחידה,false,1,12.70,12.70,true,1,
8697659241575,false,דיסני מארז פרוזן בושם יח,,IL,דיסני מארז פרוזן,יחידה,1.00,יחידה,false,1,76.80,76.80,true,1,
8697659241582,false,דיסני מארז מיני מאוס יח',,IL,דיסני מארז מיני,יחידה,1.00,יחידה,false,1,76.80,76.80,true,1,
8697659244781,false,סט בושם סופרמן+דאו ספריי,רון ביוטיפול,TR,סט דיסני קרטון,יחידה,1.00,יחידה,false,1,59.70,59.70,true,1,
8697659244897,false,בושם וונדר וומ+דאו ספריי,רון ביוטיפול,TR,סט דיסני מזוודה,יחידה,1.00,יחידה,false,1,68.20,68.20,true,1,
8699568532171,false,וולהפלקס ספריי חזק 75 מל,THEORAT INTERSPRAY,DE,וולהפלקס ספריי,מיליליטרים,75.00,"100 מ""ל",false,1,8.40,11.20,true,1,
8699954702010,false,מסיכה למיצוק העור יח',,TR,מסיכה למיצוק העו,יחידה,1.00,יחידה,false,1,6.70,6.70,true,1,
8699954702027,false,מסיכה לאפקט עור חלק יח',,TR,מסיכה לאפקט עור,יחידה,1.00,יחידה,false,1,6.70,6.70,true,1,
8699954702119,false,מסיכת פחם באפקט מבהיר יח,,IL,מסיכת פחם באפקט,יחידה,1.00,יחידה,false,1,6.70,6.70,true,1,
8699954702126,false,מסיכת פחם באפקט קירור יח,,IL,מסיכת פחם באפקט,יחידה,1.00,יחידה,false,1,6.70,6.70,true,1,
8699954702133,false,מסיכת פחם פעיל מנטול יח',,IL,מסיכת פחם פעיל מ,יחידה,1.00,יחידה,false,1,6.70,6.70,true,1,
8699954702140,false,מסיכת פחם פעיל לרענון יח,,IL,מסיכת פחם פעיל ל,יחידה,1.00,יחידה,false,1,6.70,6.70,true,1,
8699954702157,false,מסיכת פחם טיהור רעלים יח,,IL,מסיכת פחם טיהור,יחידה,1.00,יחידה,false,1,6.70,6.70,true,1,
8710103797944,false,פיליפס ONE BLADE מכשיר לעיצוב זיפים,פילפס,ID,וואן בלייד 60 דק,יחידה,1.00,יחידה,false,1,213.50,213.50,true,1,
8710103797951,false,פיליפס ONE BLADE 3 מכשיר לעיצוב זיפים 45,פילפס,ID,וואן בלייד מכשיר,יחידה,1.00,יחידה,false,1,162.30,162.30,true,1,
8710103803874,false,אוונט מוצץ 6-18 ULTRA SOFT חלל,פיליפס אוונט,GB,מוצץ אולטרה סופט,יחידה,1.00,יחידה,false,1,46.90,46.90,true,1,
8710103826279,false,אוונט כוס שתיה פיה רכה גיל 9+ 300מל בנים,כמיפל,ID,אוונט כוס לגן,מיליליטרים,300.00,"100 מ""ל",false,1,42.60,14.20,true,1,
8710103831624,false,פיליפס זוג סכינים ONE BLADE לפנים ולגוף,פיליפס-גילוח,ID,וואן בלייד לפנים,יחידה,1.00,יחידה,false,1,170.80,170.80,true,1,
8710103860204,false,פיליפס שלישיית סכינים ONE BLADE,פיליפס-גילוח,ID,סכינים לוואן בלי,יחידה,1.00,יחידה,false,1,170.80,170.80,true,1,
8710103868347,false,אוונט בקבוק פוליפרופילן חלבי קלאסי 260 מ,פיליפס אוונט,GB,בקבוק אוונט,יחידה,1.00,יחידה,false,1,38.30,38.30,true,1,
8710103873815,false,אוונט נטורל 2 פטמות ניובורן,פיליפס אוונט,GB,אוונט פטמת ניו ב,יחידה,1.00,יחידה,false,1,37.50,37.50,true,1,
8710103875956,false,אוונט בקבוק נטורל 2 ורוד 260 מל,פיליפס אוונט,GB,אוונט בקבוק נטור,יחידה,1.00,יחידה,false,1,46.90,46.90,true,1,
8710103876526,false,אוונט בקבוק נטורל 2 דרקון 260 מל,פיליפס אוונט,GB,אוונט בקבוק,יחידה,1.00,יחידה,false,1,51.20,51.20,true,1,
8710103876540,false,אוונט בקבוק נטורל 2 חד קרן 260 מל,פיליפס אוונט,GB,בקבוק נטורל 2 חד,יחידה,1.00,יחידה,false,1,46.90,46.90,true,1,
8710103878995,false,פיליפס ONE BLADE 3 מכשיר לעיצוב 45+ 1סכי,פיליפס-גילוח,ID,וואן בלייד +45סכ,יחידה,1.00,יחידה,false,1,230.60,230.60,true,1,
8710103901754,false,אוונט מוצץ 0-6 אולטרה אייר לילה בנות,פיליפס אוונט,GB,מוצץ אולטרא אייר,יחידה,1.00,יחידה,false,1,46.90,46.90,true,1,
8710103901792,false,אוונט מוצץ 6-18 אולטרה אייר לילה בנים,פיליפס אוונט,GB,מוצץ אולטרא אייר,יחידה,1.00,יחידה,false,1,46.90,46.90,true,1,
8710103922582,false,פיליפס ONE BLADE מכשיר לעיצוב זיפים 30,פיליפס-גילוח,ID,וואן בלייד30דקות,יחידה,1.00,יחידה,false,1,136.60,136.60,true,1,
8710103938583,false,אוונט מוצץ 6-18 ULTRA SOFT בנות פאוור,פיליפס אוונט,NL,מוצץ פלאואר סופט,יחידה,1.00,יחידה,false,1,46.90,46.90,true,1,
8710103942702,false,אוונט מוצץ 0-6 אולטרה אייר ורוד-ורוד,פיליפס אוונט,NL,מוצץ אייר דיר או,יחידה,1.00,יחידה,false,1,46.90,46.90,true,1,
8710428005762,false,תרכובת מזון לתינוקות על בסיס חלבון סויה איזומיל טף שלב 2,"אבוט מעבדות רפואיות בע""מ",NL,סימילאק צמחי,גרמים,400.00,100 גרם,false,0,39.00,9.75,true,1,
8710428017000,false,פדיאשור השלמה תזונתית בטעם וניל 850 גרם,General,NL,פדיאשור ונילה,גרמים,850.00,100 גרם,false,1,68.20,8.02,true,1,
8710428017024,false,פדיאשור השלמה תזונתית בטעם שוקולד 850 גר,פדיאשור Pediasure,NL,פדיאשור שוקולד,גרמים,850.00,100 גרם,false,1,68.20,8.02,true,1,
8710447211052,false,טרזמה בוטניק שמפו להזנה ושיקום 400 מל,יוניליוור פולין,PL,שמפו טרזמה,מיליליטרים,400.00,"100 מ""ל",false,1,16.10,4.03,true,1,
8710447275306,false,דאב קרם ידיים שמן אבוקדו ותמצית קלנדולה,"יוניליוור פולין, רחוב קר",PL,קרם ידיים דאב,מיליליטרים,75.00,"100 מ""ל",false,1,11.80,15.73,true,1,
8710447331095,false,טרזמה בוטניק מסכה לשיער 300 מל,יוניליוור פולין,PL,מסכה טרזמה,מיליליטרים,300.00,"100 מ""ל",false,1,29.80,9.93,true,1,
8710502100864,false,עוגיות מרבה פטיסרי דאבל שוקולד 200 גרם,"מרבה בע""\מ",NL,עוגיות מרבה,גרמים,200.00,100 גרם,false,1,10.10,5.05,true,1,
8710502260032,false,מרבה עוגיות שוקוצ'יפס 150גרם,בנקטבקריי מרבה בי.וי,NL,עוגיות שוקולד,גרמים,150.00,100 גרם,false,0,9.30,6.20,true,1,
8710502470035,false,מרבה פטיסרי עוגיות נוגטלי אגוזים 200 גרם,"מרבה בע""\מ",NL,עוגיות מרבה,גרמים,200.00,100 גרם,false,1,10.10,5.05,true,1,
8710522584200,false,דאב תחליב רחצה אלוורה ומי ורדים 500 מל,"יוניליוור גרמניה, Gmbh &",DE,תחליב רחצה דאב,מיליליטרים,500.00,"100 מ""ל",false,1,15.30,3.06,true,1,
8710800961310,false,סוכריות בטעם תות מנטוס 4*375 גרם,פרפטי ואן מלה ברדה,NL,מנטוס תות 4 יח,גרמים,150.00,100 גרם,false,0,10.10,6.73,true,1,
8710847860843,false,"רקסונה - דאודורנט רולאון לאישה אינביזיבל 50 מ""ל",יוניליוור אנגליה,GB,דאודורנט רקסונה,מיליליטרים,50.00,"100 מ""ל",false,1,15.30,30.60,true,1,
8710847973970,false,"תחליב רחצה דאב אלוורה מי עץ שדר, 750 מ""ל","יוניליוור גרמניה, Gmbh &",DE,תחליב רחצה דאב,מיליליטרים,750.00,"100 מ""ל",false,1,20.40,2.72,true,1,
8710908277795,false,אקס ווקס גמיש למראה שיער טבעי אורבן 75 מ,יוניליוור,IT,אקס ווקס לשיער,מיליליטרים,75.00,"100 מ""ל",false,1,28.90,38.53,true,1,
8710908326691,false,"תחליב רחצה פרח האדמונית דאב 750 מ""ל",יוניליוור גרמניה (בו,DE,תחליב רחצה דאב,מיליליטרים,750.00,"100 מ""ל",false,1,20.40,2.72,true,1,
8710908693809,false,"טרזמה מסכה טיפולית עם קרטין 300מ""ל","יוניליוור פולין, רחוב קר",PL,מסכה טרזמה,מיליליטרים,300.00,"100 מ""ל",false,1,29.80,9.93,true,1,
8710908882463,false,תחליב רחצה Invigorating Ritual עם שמן אבוקדו וקלנדולה,יוניליוור,DE,תחליב רחצה דאב,מיליליטרים,500.00,"100 מ""ל",false,1,15.30,3.06,true,1,
8712400802499,false,תרכובת מזון המשך לפעוטות על בסיס חלב שלב 1,נוטרישיה קאלק ב. ו.,NL,נוטרילון שלה1-,גרמים,800.00,100 גרם,false,0,44.20,5.52,true,1,
8712400802512,false,תרכובת מזון המשך לפעוטות על בסיס חלב שלב 2,נוטרישיה קאלק ב. ו.,NL,נוטרילון שלב2-,גרמים,800.00,100 גרם,false,0,44.20,5.52,true,1,
8712400802536,false,תרכובת מזון המשך לפעוטות על בסיס חלב שלב 3,נוטרישיה קאלק ב. ו.,NL,נוטרילון שלב3-,גרמים,800.00,100 גרם,false,0,44.20,5.52,true,1,
8712561594240,false,"דאב תחליב רחצה להזנה עמוקה500 מ""ל-מרכז","יוניליוור גרמניה, Gmbh &",DE,תחליב רחצה דאב,מיליליטרים,500.00,"100 מ""ל",false,1,15.30,3.06,true,1,
8712561594608,false,"דאב תחליב רחיצה להזנה עמוקה 750 מ""ל","יוניליוור גרמניה, Gmbh &",DE,תחליב רחצה דאב,מיליליטרים,750.00,"100 מ""ל",false,1,20.40,2.72,true,1,
8712561611183,false,דאב סבון נוזלי 500 תמציות מלפפונים ותה,"יוניליוור גרמניה, Gmbh &",DE,תחליב רחצה דאב,מיליליטרים,500.00,"100 מ""ל",false,1,15.30,3.06,true,1,
8712561626286,false,"תחליב רחצה דאב זוהר כמשי 750 מ""ל",יוניליוור גרמניה (בו,DE,תחליב רחצה דאב,מיליליטרים,750.00,"100 מ""ל",false,1,20.40,2.72,true,1,
8714100730003,false,מים מיסלרים מזינים לעור רגיל או יבש,יוניליוור,RU,דאב מים מיסלרים,מיליליטרים,240.00,"100 מ""ל",false,1,24.70,10.29,true,1,
8714599412336,false,קפה נמס בריסטה אמריקנו קלוי וטחון 160 ג' ג'ייקובס,ג'\ייקובס דאו אגברטס רוס,RU,קפה ג'קובס,גרמים,160.00,100 גרם,false,1,25.20,15.75,true,1,
8714599512159,false,קפה נמס ג'קובס מונארך190,"אל.אל.סי ""גייקובס דא",RU,קפה נמס ג'קובס,גרמים,190.00,100 גרם,false,1,22.90,12.05,true,1,
8714789177229,false,רבעיית מברשות שיניים קולגייט אקסטרה קלין 1 יחידה,הנסיך- מפעל לייצור ט,CN,4 מברשות שיניים,יחידה,1.00,יחידה,false,0,8.50,8.50,true,1,
8714789218465,false,מברשת שיניים 360 סופט קולגייט 2 יחידות,הנסיך- מפעל לייצור ט,CN,2 מברשות שיניים,יחידה,1.00,יחידה,false,0,25.50,25.50,true,1,
8714789303925,false,מברשת שיניים 360 סנסטיב רכה במיוחד קולגייט 2 יחידות,קולגייט- פלמוליב,CH,2 מברשות שיניים,יחידה,1.00,יחידה,false,0,25.50,25.50,true,1,
8714789831275,false,מברשת שיניים 360 אופטיק ווייט קולגייט 2 יחידות,קולגייט-פלמוליב,CN,מברשות קולגייט,יחידה,1.00,יחידה,false,0,25.50,25.50,true,1,
8714789930848,false,"משחת שיניים אופטיק וייט הלבנה מיידית קולגייט 75 מ""ל",הנסיך- מפעל לייצור ט,PL,משחת קולגייט,מיליליטרים,75.00,"100 מ""ל",false,0,17.00,22.67,true,1,
8714789966403,false,ליידי ספיד סטיק פיור פרשנס ג'ל,קולגייט פלמוליב,US,ליידי ספיד סטיק,גרמים,65.00,100 גרם,false,1,15.20,23.38,true,1,
8717163628812,false,מסכה טרזמה ללא סולפטים להחלקה ולצביעה300,"יוניליוור פולין, רחוב קר",PL,טרזמה מסכה משקמת,מיליליטרים,300.00,"100 מ""ל",false,1,29.80,9.93,true,1,
8717163647240,false,"אקס דאודורנט ספריי גוף לגבר שוקולד 150 מ""ל",יוניליוור גרמניה (בו,GB,אקס ספריי,מיליליטרים,150.00,"100 מ""ל",false,1,11.00,7.33,true,1,
8717163655764,false,"רקסונה - דאודורנט ספריי לאישה שוואר פרש 150 מ""ל","קוסטר אירוסול, גבזה 4140",GB,דאודורנט רקסונה,מיליליטרים,150.00,"100 מ""ל",false,1,15.30,10.20,true,1,
8717163655825,false,"רקסונה דאו' ספריי לנשים בניחוח כותנה, 150 מ""ל","קוסטר אירוסול, גבזה 4140",GB,דאודורנט רקסונה,מיליליטרים,150.00,"100 מ""ל",false,1,15.30,10.20,true,1,
8717163658314,false,תחליב רחצה מים מיסלריים היפואלרגני לעור רגיש,יוניליוור גרמניה Gmbh &,DE,תחליב רחצה דאב,מיליליטרים,500.00,"100 מ""ל",false,1,15.30,3.06,true,1,
8717163842676,false,תח.רחצה דאב חימר ורוד ג500 RENEWING GLOW,יוניליוור גרמניה Gmb,DE,תחליב רחצה דאב,מיליליטרים,500.00,"100 מ""ל",false,1,15.30,3.06,true,1,
8717644390566,false,דאב סבון מוצק רביעייה תמציות מלפפונים,יוניליוור גרמניה (בו,DE,סבון דאב רביעייה,גרמים,400.00,100 גרם,false,0,16.10,4.03,true,1,
8717677336616,false,שוקולד מריר עם שקדים ומלח טוניס' שוקולונלי 180 גרם,טוניס/שוקולונלי,NL,שוקולד מריר,גרמים,180.00,100 גרם,false,1,12.70,7.05,true,1,
8717677336630,false,שוקולד חלב עם שקדים ודבש טוניס' שוקולונלי 180 גרם,טוניס/שוקולונלי,NL,שוקולד חלב מעולה,גרמים,180.00,100 גרם,false,1,12.70,7.05,true,1,
8717677336661,false,טוניס שוקולד מריר מעולה 70% 180 גרם רבנות - נוכרי,טוניס/שוקולונלי,NL,שוקולד מריר,גרמים,180.00,100 גרם,false,1,12.70,7.05,true,1,
8717677338436,false,שוקולד חלב עם אגוזי לוז טוניס' שוקולונלי 180 גרם,טוניס/שוקולונלי,NL,שוקולד חלב מעולה,גרמים,180.00,100 גרם,false,1,12.70,7.05,true,1,
8718117607662,false,נוטרילון A.R תרכובת מזון מגיל לידה,נוטרישה-נוטרילון,NL,נוטרילון AR,גרמים,900.00,100 גרם,false,1,85.30,9.48,true,1,
8718951030206,false,"קולגייט סנסיטיב פרוטקשן משחת שיניים לשיניים רגישות 75 מ""ל",קולגייט-פלמוליב,PL,משחת קולגייט,מיליליטרים,75.00,"100 מ""ל",false,1,18.70,24.93,true,1,
8718951044913,false,מרידול משחת שיניים להלבנה 75 מל,קולגייט פלמוליב,PL,משחת מרידול,מיליליטרים,75.00,"100 מ""ל",false,1,17.00,22.67,true,1,
8718951093331,false,מרידול זוג מברשות שיניים אקסטרה סופט,קולגייט פלמוליב,CH,זוג מברשות מרידו,יחידה,1.00,יחידה,false,1,34.10,34.10,true,1,
8718951144064,false,מרידול מברשת שיניים פרודונט אקספרט זוג,"ש. שסטוביץ בע""\מ",CH,זוג מברשות מרידו,יחידה,1.00,יחידה,false,1,34.10,34.10,true,1,
8718951159402,false,"קולגייט משחת שיניים אופטיק וויט - אקסטרה פאוור 75 מ""ל",קולגייט,PL,מ.שיניים קולגייט,מיליליטרים,75.00,"100 מ""ל",false,1,17.00,22.67,true,1,
8718951187115,false,זוג מברשות שיניים אלמקס לילדים גילאי 3-6,GABA TRISA SWIZ,CN,מברשות אלמקס 2יח,יחידה,1.00,יחידה,false,1,22.90,22.90,true,1,
8718951187122,false,זוג מברשות שיניים אלמקס לילדים גילאי 0-3,GABA TRISA SWIZ,CN,מברשות אלמקס,יחידה,1.00,יחידה,false,1,22.90,22.90,true,1,
8718951236790,false,"קולגייט טוטאל משחת שיניים קלין מינט לפה בריא 100 מ""ל",קולגייט פלמוליב,PL,קולגייט טוטל,מיליליטרים,100.00,"100 מ""ל",false,1,13.50,13.50,true,1,
8718951236806,false,"קולגייט טוטאל הלבנה משחת שיניים המסייעת בהסרת כתמים 100 מ""ל",קולגייט Colgate,PL,קולגייט טוטל,מיליליטרים,100.00,"100 מ""ל",false,1,13.50,13.50,true,1,
8718951236813,false,"קולגייט טוטאל משחת שיניים ניקוי מתקדם לפה בריא יותר 100 מ""ל",קולגייט פלמוליב,PL,משחת קולגייט,מיליליטרים,100.00,"100 מ""ל",false,1,13.50,13.50,true,1,
8718951240742,false,"קולגייט טוטאל משחת שיניים פסים מרעננים 100 מ""ל",קולגייט פלמוליב,PL,קולגייט טוטל,מיליליטרים,100.00,"100 מ""ל",false,1,13.50,13.50,true,1,
8718951264618,false,"קולגייט אופטיק וייט פחם צ'רקול משחת שיניים, 75 מ""ל",קולגייט-פלמוליב,PL,משחת קולגייט,מיליליטרים,75.00,"100 מ""ל",false,1,17.00,22.67,true,1,
8718951265103,false,קולגייט זוג מברשת שיניים אולטרה סופט,קולגייט פלמוליב,CN,מברשות קולגייט2*,יחידה,1.00,יחידה,false,0,27.20,27.20,true,1,
8718951278851,false,מ.שיניים אדוונס וויט פחם,קולגייט,PL,מ.שיניים קולגייט,מיליליטרים,100.00,"100 מ""ל",false,1,17.00,17.00,true,1,
8718951281738,false,אלמקס סנסיטיב משחה לשיניים רגישות,CP-Poland swidnica,PL,משחת אלמקס,מיליליטרים,75.00,"100 מ""ל",false,1,16.00,21.33,true,1,
8718951286672,false,"משחת שיניים לחניכיים, 75 מ""ל קולגייט",קולגייט פלמוליב,PL,קולגייט מ.שיניים,מיליליטרים,75.00,"100 מ""ל",false,1,15.20,20.26,true,1,
8718951286733,false,"קולגייט אופטיק וייט לסטינג וייט משחת שיניים 75 מ""ל",קולגייט Colgate,PL,משחת אופטיק וויט,מיליליטרים,75.00,"100 מ""ל",false,1,21.20,28.27,true,1,
8718951313576,false,קולגייט משחת שיניים מקס פרש קול קריסטל 100 מל,קולגייט פלמוליב,PL,משחת קולגייט,מיליליטרים,100.00,"100 מ""ל",false,1,11.00,11.00,true,1,
8718951314023,false,פלמוליב נטורלס תחליב רחצה אפרסק 750 מל,קולגייט פלמוליב,TR,תחליב רחצה אפרסק,מיליליטרים,750.00,"100 מ""ל",false,1,15.20,2.03,true,1,
8718951315303,false,"קולגייט אדומה משחת שיניים להגנה מפני עששת 2*100 מ""ל",קולגייט-פלמוליב,PL,משחת קולגייט 2יח,מיליליטרים,200.00,"100 מ""ל",false,1,16.10,8.05,true,1,
8718951365865,false,קולגייט זוג מברשות עם סיבי פחם בצפיפות ג,קולגייט פלמוליב,PL,מברשת עם סיבי פח,יחידה,1.00,יחידה,false,1,27.20,27.20,true,1,
8718951370135,false,"סבון נוזלי ארומה סנסיישן גלואו 750 מ""ל פלמוליב",קולגייט פלמוליב,TR,סבון פלמוליב,מיליליטרים,750.00,"100 מ""ל",false,1,15.20,2.03,true,1,
8718951377998,false,קולגייט סופט פואם זוג מברשות שיניים לניק,קולגייט פלמוליב,CN,זוג מברשות סופט,יחידה,1.00,יחידה,false,1,27.20,27.20,true,1,
8718951381292,false,"משחת שיניים מקס דיטוקס פואם קולגייט 125 מ""ל",קולגייט Colgate,PL,משחת מקס דיטוקס,מיליליטרים,125.00,"100 מ""ל",false,1,19.50,15.60,true,1,
8718951382640,false,"פלמוליב ג'ל רחצה חימר ואלוורה 750 מ""ל",קולגייט פלמוליב,TR,סבון פמוליב,מיליליטרים,750.00,"100 מ""ל",false,1,15.20,2.03,true,1,
8718951382718,false,"פלמוליב ג'ל רחצה חימר התחדשות 750 מ""ל",קולגייט פלמוליב,TR,סבון פמוליב,מיליליטרים,750.00,"100 מ""ל",false,1,15.20,2.03,true,1,
8718951392618,false,"קולגייט אופטיק וייט פחם צ'רקול משחת שיניים, 50 מ""ל",קולגייט פלמוליב,PL,משחת קולגייט,מיליליטרים,50.00,"100 מ""ל",false,1,13.50,27.00,true,1,
8718951400597,false,"תחליב רחצה קוקוס וחלב ללא משאבה750 מ""ל פלמוליב",קולגייט פלמוליב,TR,תחליב רחצה קוקוס,מיליליטרים,750.00,"100 מ""ל",false,1,15.20,2.03,true,1,
8718951409798,false,זוג מברשות שיניים מקס וויט פחם קולגייט,הנסיך- מפעל לייצור ט,PL,מברשת שיניים פחם,יחידה,1.00,יחידה,false,1,24.70,24.70,true,1,
8718951428522,false,"פלמוליב סבון רחצה לגבר 4 ב-1 המפ 750 מ""ל",שסטוביץ,TR,סבון פלמוליב,מיליליטרים,750.00,"100 מ""ל",false,1,15.20,2.03,true,1,
8718951431614,false,"סבון רחצה פלמוליב סו פירם מינרלים משאבה 750 מ""ל",קולגייט פלמוליב,TR,פלמוליב סב.רחצה,מיליליטרים,750.00,"100 מ""ל",false,1,15.20,2.03,true,1,
8718951433120,false,קולגייט טוטאל משחת שיניים לילדים לגילאי,קולגייט פלמוליב,PL,משחת קולגייט ילד,מיליליטרים,50.00,"100 מ""ל",false,1,13.50,27.00,true,1,
8718951452756,false,סבון גוף עדין קוקוס500מ,קולגייט פלמוליב,TR,סבון גוף פלמוליב,מיליליטרים,500.00,"100 מ""ל",false,1,16.10,3.22,true,1,
8718951452770,false,סבון גוף עדין שקדים500מל,קולגייט פלמוליב,TR,סבון גוף פלמוליב,מיליליטרים,500.00,"100 מ""ל",false,1,16.10,3.22,true,1,
8718951461413,false,"קולגייט טוטאל קלין מינט ביטיוב 100 מ""ל*2 כשל""פ",קולגייט פלמוליב,PL,משחת טוטל 2 יח,מיליליטרים,200.00,"100 מ""ל",false,1,28.90,14.45,true,1,
8718951461444,false,"זוג משחת שיניים טוטאל הלבנה ביטיו *100 מ""ל קולגייט",קולגייט פלמוליב,PL,משחת טוטל 2 יח,מיליליטרים,200.00,"100 מ""ל",false,1,28.90,14.45,true,1,
8718951466371,false,"משחת שיניים מרידול 75 מ""ל",קולגייט פלמוליב,PL,מרידול משחה,מיליליטרים,75.00,"100 מ""ל",false,1,18.70,24.93,true,1,
8718951470323,false,קולגייט סופט פואם פחם זוג מברשות שיניים,קולגייט פלמוליב,CN,זוג מברשות שינים,יחידה,1.00,יחידה,false,1,27.20,27.20,true,1,
8718951509627,false,"קולגייט אופטיק וייט לאוהבי קפה ותה משחת שיניים 75 מ""ל",קולגייט פלמוליב,PL,קולגייט משחה,מיליליטרים,75.00,"100 מ""ל",false,1,21.20,28.27,true,1,
8720181046605,false,דאב - דאודורנט ספריי לאישה אורגינל כחול 150מל,"יוניליוור אנגליה, דרך קו",TR,דאודורנט דאב,מיליליטרים,150.00,"100 מ""ל",false,1,11.80,7.87,true,1,
8720181046612,false,"דאב - דאודורנט רול און לאישה אורגינל 50 מ""ל","יוניליוור אנגליה, דרך קו",GB,דאב רול און,מיליליטרים,50.00,"100 מ""ל",false,1,11.80,23.60,true,1,
8720181090202,false,"תחליב רחצה דאב עם שמן זית, 750 מ""ל","יוניליוור גרמניה, Gmbh &",DE,תחליב רחצה דאב,מיליליטרים,750.00,"100 מ""ל",false,1,20.40,2.72,true,1,
8720181090219,false,תחליב רחצה רימונים ותמצית פרח היביסקוס,"יוניליוור גרמניה, Gmbh &",DE,תחליב רחצה דאב,מיליליטרים,750.00,"100 מ""ל",false,1,20.40,2.72,true,1,
8720181114458,false,"אקס - דאודורנט ספריי לגבר לבן 150 מ""ל",,IL,דאו ספריי לגבר,יחידה,1.00,יחידה,false,1,10.10,10.10,true,1,
8720181201332,false,דאב אל סבון מוצק גרגרים 90 גרם רביעייה,יוניליוור ישראל טיפוח אי,DE,דאב סבון מוצק גר,גרמים,360.00,100 גרם,false,1,14.50,4.03,true,1,
8720182253156,false,דאב אל סבון מוצק מלפפונים 90 גרם רביעייה,יוניליוור ישראל טיפוח אי,DE,דאב סבון מוצק מל,גרמים,360.00,100 גרם,false,1,14.50,4.03,true,1,
8850006331699,false,שלישיית מברשת שיניים קולגייט סלים סופט,קולגייט פלמוליב,CN,3 מברשות קולגייט,יחידה,1.00,יחידה,false,1,27.20,27.20,true,1,
8850389103111,false,סאפי משקה אלוורה בטעם ענבים 300מל,סאפה פובליק קומפני ל,TH,משקה סאפה ענבים,מיליליטרים,300.00,"100 מ""ל",false,0,6.80,2.27,true,1,
8850389103128,false,"משקה קל סאפה בטעם תפוח 300 מ""ל",סאפה פובליק קומפני ל,TH,משקה סאפה תפוח,מיליליטרים,300.00,"100 מ""ל",false,0,6.80,2.27,true,1,
8850389103159,false,"משקה ליצ'י עם חתיכות גלי קוקוס 320 מ""ל מוגו מוגו",סאפה פובליק קומפני לימיט,TH,מוגו ליצ'י קוקוס,מיליליטרים,320.00,"100 מ""ל",false,1,5.90,1.84,true,1,
8850389104637,false,"משקה קל סאפה אלוורה אפרסק 300 מ""ל",סאפה פובליק קומפני ל,TH,סאפה אפרסק,מיליליטרים,300.00,"100 מ""ל",false,0,6.80,2.27,true,1,
8850389111352,false,"משקה מלון עם חתיכות גלי קוקוס 320 מ""ל מוגו מוגו",סאפה פובליק קומפני לימיט,TH,מוגו מלון קוקוס,מיליליטרים,320.00,"100 מ""ל",false,1,5.90,1.84,true,1,
8850389115312,false,"סאפה אלוורה מלון בקבוק 300 מ""ל",סאפה פובליק קומפני ל,TH,סאפה אלוורה,מיליליטרים,300.00,"100 מ""ל",false,1,6.80,2.27,true,1,
8888021200256,false,סוללות אנרג'ייזר AA מקס 8 יחידות,יצרן: אנרג'ייזר סינג,SG,שמינית סוללות,יחידה,1.00,יחידה,false,0,19.50,19.50,true,1,
8901138500306,false,משחת שיניים איורודית עם פלואוריד מן הטבע,הימלאיה Himalaya,IN,מש.שיניים הימלאי,מיליליטרים,100.00,"100 מ""ל",false,0,21.00,21.00,true,1,
8901138825614,false,"משחת שיניים הימלאיה מינט פרש 75 מ""ל",הימלאיה,IN,משחת שיניים מינט,מיליליטרים,75.00,"100 מ""ל",false,1,21.00,28.00,true,1,
8901314116079,false,מברשת ילדים ברבי,קולגייט-פלמוליב,CN,מברשת לילדים,יחידה,1.00,יחידה,false,1,9.30,9.30,true,1,
8901314116086,false,מברשת שיניים קולגייט ילדים באטמן,קולגייט-פלמוליב,CN,מברשת לילדים,יחידה,1.00,יחידה,false,1,9.30,9.30,true,1,
8901314218353,false,מברשת קולגייט FLOSS 360,קולגייט-פלמוליב,IN,מברשת קולגייט360,יחידה,1.00,יחידה,false,1,8.50,8.50,true,1,
8901314517487,false,קולגייט מברשת 4יח 3,,IN,מברשת קולגייט360,יחידה,1.00,יחידה,false,1,20.40,20.40,true,1,
9000100590938,false,"סאיוס - מוס לשיער ליצירת נפח 250 מ""ל",שוורצקוף,DE,מוס לעיצוב סאיוס,מיליליטרים,250.00,"100 מ""ל",false,0,30.60,12.24,true,1,
9000100591058,false,"סאיוס - ג'ל לשיער לייצוב מקסימלי 250 מ""ל",שוורצקוף,DE,ג'ל לעיצוב סאיוס,מיליליטרים,250.00,"100 מ""ל",false,0,25.50,10.20,true,1,
9000100843256,false,"גליס תמציות שמן 6 פעולות משקמות 75 מ""ל",שוורצקוף Schwarzkopf,SK,גליס שמן משקם,מיליליטרים,75.00,"100 מ""ל",false,0,21.20,28.27,true,1,
9000101537550,false,פרסיל קאפסולות לכביסה לבנה וצבעונית 52 יח',הנקל סוד,HU,פרסיל פאוור קאפס,יחידה,1.00,יחידה,false,1,55.40,55.40,true,1,
9001616202100,false,מוצץ לתינוק ללא ביספנול 6+ מאם 2 יחידות,General,HU,זוג מוצצים מאמ,יחידה,1.00,יחידה,false,0,33.20,33.20,true,1,
9001616202117,false,מאם מוצצים סיליקון 0-6 זמן לאהבה אפור,טרופיקל דגיל תעשיות,HU,2 מוצצי סיליקון,יחידה,1.00,יחידה,false,0,33.20,33.20,true,1,
9001616202131,false,מוצץ לתינוק מיני ללא ביספנול 0-6 מאם,מאם Mam,HU,מאמ מוצץ מיני,יחידה,1.00,יחידה,false,0,33.20,33.20,true,1,
9001616202148,false,מאם מוצצים לטקס 16+ כחול,General,HU,זוג מוצצים,יחידה,1.00,יחידה,false,0,33.20,33.20,true,1,
9001616202155,false,מוצץ לתינוק אולטי סיליקון ללא ביספנול 16+ מאם,מאם Mam,HU,זוג מוצצים מאמ,יחידה,1.00,יחידה,false,0,33.20,33.20,true,1,
9001616202186,false,"בקבוק לתינוק 330 מ""ל 4+ חודשים Easy Active",טרופיקל דגיל תעשיות,AT,מאמ בקבוק,יחידה,1.00,יחידה,false,0,33.20,33.20,true,1,
9001616202360,false,זוג מוצצי סיליקון זוהר בחושך 6+ חודשים Original Night,מאם Mam,HU,זוג מוצצים,יחידה,1.00,יחידה,false,0,33.20,33.20,true,1,
9001616203305,false,זוג פטמות X לבקבוק 6+ חודשים,מאם Mam,HU,פיטמה למזון סמיך,יחידה,1.00,יחידה,false,0,25.50,25.50,true,1,
9001616203350,false,מאם זוג פטמות מס 1 זרימה איטית,General,AT,מאמ פטמות,יחידה,1.00,יחידה,false,0,25.50,25.50,true,1,
9001616203367,false,מאם זוג פטמות מס 2 זרימה בינונית,General,AT,פטמה לבקבוק,יחידה,1.00,יחידה,false,0,24.00,24.00,true,1,
9001616203626,false,מאם זוג פטמות מס 3 זרימה מהירה,General,AT,מאמ פטמות,יחידה,1.00,יחידה,false,0,25.50,25.50,true,1,
9001616205514,false,מאם מוצצים לטקס 0-6 תכלת,אלפא,HU,2 מוצצי ערב לטקס,יחידה,1.00,יחידה,false,0,33.20,33.20,true,1,
9001616205774,false,מאם אנימלס מוצצי סיליקון 0-6 תכלת,אלפא,HU,מוצץ מאמ,יחידה,1.00,יחידה,false,0,33.20,33.20,true,1,
9001616205781,false,מאם מוצצים סיליקון 6+ אנימלס כחול,אלפא,HU,מוצץ מאמ,יחידה,1.00,יחידה,false,0,33.20,33.20,true,1,
9001616620065,false,זוג מוצצי סיליקון 6+חודשים Hebrew Sayings,מאם Mam,HU,מוצץ מאמ,יחידה,1.00,יחידה,false,0,33.20,33.20,true,1,
9001616661099,false,"בקבוק לתינוק 270 מ""ל 2+ חודשים Easy Active",מאם Mam,AT,מאמ בקבוק,יחידה,1.00,יחידה,false,0,33.20,33.20,true,1,
9001616669903,false,"בקבוק לתינוק ללא ביספנול 0+ מאם 160 מ""ל",מאם Mam,HU,מאמ בקבוק,יחידה,1.00,יחידה,false,0,33.20,33.20,true,1,
9001616671579,false,מאם מוצצים סיליקון 0-6 אייר תכלת,מאם Mam,AT,מוצץ מאמ AIR 0-6,יחידה,1.00,יחידה,false,1,33.20,33.20,true,1,
9001616676406,false,מאם בקבוק אנטי קוליק 320 מל תכלת,אלפא,AT,בקבוק אנטי קוליק,יחידה,1.00,יחידה,false,0,33.20,33.20,true,1,
9001616680991,false,"בקבוק לתינוק אנטי קוליק מאמ 260 מ""ל",מאם Mam,AT,בקבוק אנטי קוליק,יחידה,1.00,יחידה,false,1,33.20,33.20,true,1,
9001616681363,false,"בקבוק לתינוק אנטי קוליק מאמ 260 מ""ל",General,HU,בקבוק אנטי קוליק,מיליליטרים,260.00,"100 מ""ל",false,1,33.20,12.77,true,1,
9001616682223,false,מאם בקבוק אנטי קוליק 160 מל ורוד,אלפא,HU,בקבוק אנטי קוליק,מיליליטרים,160.00,"100 מ""ל",false,1,33.20,20.75,true,1,
9001616702600,false,זוג מוצצים סיליקון מאמ 0-2 ורוד,General,HU,זוג מוצצים 0-2 ב,יחידה,1.00,יחידה,false,1,33.20,33.20,true,1,
9001616702655,false,מאם מוצצים סיליקון 0-6 לילה זוהרים ורוד,General,HU,זוג מוצצים 0-6 ז,יחידה,1.00,יחידה,false,1,33.20,33.20,true,1,
9001616702662,false,זוג מוצצים סיליקון פרל מאמ 0-6 ורוד,General,HU,זוג מוצצים פרל 0,יחידה,1.00,יחידה,false,1,33.20,33.20,true,1,
9001616702679,false,מאם מוצצים סיליקון 0-6 זמן לאהבה ורוד,General,HU,זוג מוצצים 0-6 ז,יחידה,1.00,יחידה,false,1,33.20,33.20,true,1,
9001616702686,false,זוג מוצצים סיליקון אי לאב מאמי מאמ 0-6 ורוד,אלפא,HU,זוג מוצצים 0-6 א,יחידה,1.00,יחידה,false,1,33.20,33.20,true,1,
9001616702716,false,זוג מוצצים סיליקון זוהרים בלילה מאמ +6 ורוד,General,HU,זוג מוצצים +6 זו,יחידה,1.00,יחידה,false,1,33.20,33.20,true,1,
9001616702723,false,מאם מוצצים סיליקון 6+ לילה זוהרים ירוק,General,HU,זוג מוצצים +6 זו,יחידה,1.00,יחידה,false,1,33.20,33.20,true,1,
9001616702730,false,זוג מוצצי סיליקון לאב אנד אפקשן 6+ ו רוד,General,HU,זוג מוצצים +6 או,יחידה,1.00,יחידה,false,1,33.20,33.20,true,1,
9001616702808,false,זוג מוצצים סיליקון קלירליין מאמ +6 ורוד,אלפא,HU,זוג מוצצים +6 קל,יחידה,1.00,יחידה,false,1,33.20,33.20,true,1,
9001616702815,false,מאם מוצצים סיליקון 6+ אנימלס צהוב,אלפא,HU,זוג מוצצים +6 קל,יחידה,1.00,יחידה,false,1,33.20,33.20,true,1,
9001616702839,false,מאם מוצצים סיליקון 6+ ירוק קרם,General,HU,זוג מוצצים +6 קר,יחידה,1.00,יחידה,false,1,33.20,33.20,true,1,
9001616702846,false,מאם מוצצים סיליקון 0-6 אייר ורוד,General,AT,זוג מוצצים איר 0,יחידה,1.00,יחידה,false,1,33.20,33.20,true,1,
9001616702877,false,זוג מוצצים סיליקון מאמ +16 ורוד,General,HU,זוג מוצצים +16 ב,יחידה,1.00,יחידה,false,1,33.20,33.20,true,1,
9001616702921,false,מאם בקבוק אנטי קוליק 260 מל לבן,General,HU,בקבוק אנטי קוליק,יחידה,1.00,יחידה,false,1,33.20,33.20,true,1,
9001616702938,false,מאם בקבוק אנטי קוליק 320 מל ורוד,אלפא,AT,בקבוק אנטי קוליק,יחידה,1.00,יחידה,false,1,33.20,33.20,true,1,
9001616702945,false,מאם בקבוק אנטי קוליק 320 מל שמנת,אלפא,HU,בקבוק אנטי קוליק,יחידה,1.00,יחידה,false,1,33.20,33.20,true,1,
9001616702952,false,מאם בקבוק אנטי קוליק 320 מל ירוק,אלפא,AT,בקבוק אנטי קוליק,יחידה,1.00,יחידה,false,1,33.20,33.20,true,1,
9001616702969,false,"בקבוק תינוק 270 מ""ל סגול",General,HU,בקבוק תינוק וורו,יחידה,1.00,יחידה,false,1,33.20,33.20,true,1,
9001616702976,false,"בקבוק לתינוק מאם 270 מ""ל",General,HU,בקבוק תינוק,יחידה,1.00,יחידה,false,1,33.20,33.20,true,1,
9001616702983,false,"בקבוק לתינוק מאמ 330 מ""ל",General,HU,בקבוק תינוק סגול,מיליליטרים,330.00,"100 מ""ל",false,1,33.20,10.06,true,1,
9001616702990,false,"בקבוק לתינוק מאמ 330 מ""ל",General,HU,בקבוק תינוק ירו,מיליליטרים,330.00,"100 מ""ל",false,1,33.20,10.06,true,1,
9001616703010,false,"בקבוק תינוק 330 מ""ל ורוד",General,AT,בקבוק תינוק ורוד,מיליליטרים,330.00,"100 מ""ל",false,1,33.20,10.06,true,1,
9001616703027,false,בקבוק האכלה לתינוק מ,General,AT,בקבוק תינוק אפור,מיליליטרים,330.00,"100 מ""ל",false,1,33.20,10.06,true,1,
9001616703225,false,מחזיק מוצץ בת יחידה,טרופיקל דגיל תעשיות,HU,מחזיק מוצץ בת,יחידה,1.00,יחידה,false,1,24.70,24.70,true,1,
9001616703409,false,"בקבוק לתינוק אנטי קוליק מאמ 160 מ""ל",אלפא,HU,בקבוק אנטי קוליק,מיליליטרים,160.00,"100 מ""ל",false,1,33.20,20.75,true,1,
9001616804564,false,מאם זוג ידיות לבקבוק יום ולילה תכלת,אלפא,AT,ידיות לבקבוק תכל,יחידה,1.00,יחידה,false,1,29.80,29.80,true,1,
9001616804571,false,מאם זוג ידיות לבקבוק יום ולילה ורוד,אלפא,AT,ידיות לבקבוק ורו,יחידה,1.00,יחידה,false,1,29.80,29.80,true,1,
9001616813856,false,מוצצי +6 יום לילה מארז שלישיה,מאמ,AT,מוצצים יום ולילה,יחידה,1.00,יחידה,false,1,42.60,42.60,true,1,
9005800317014,false,"ניוואה סקראב אורז עור עדין פטל 75 מ""ל",אלפא,DE,פילינג אורז לעור,מיליליטרים,75.00,"100 מ""ל",false,1,17.00,22.67,true,1,
9005800343143,false,"ניוואה מן אפטר-שייב קול קיק פרש 100 מ""ל",ניואה,DE,אפטר שייב ניוואה,מיליליטרים,100.00,"100 מ""ל",false,1,34.10,34.10,true,1,
9310072028743,false,טים טם ביסקוויט במילוי שוקולד 200 גרם,"ארנוטס ביסקוויטס בע""",AU,טים טם אורגינל,גרמים,200.00,100 גרם,false,1,13.50,6.75,true,1,
9310072028750,false,טים טם Tim Tam וופל שוקולד ציפוי כפול,"ארנוטס ביסקוויטס בע""",AU,טים טם דאבל,גרמים,200.00,100 גרם,false,1,13.50,6.75,true,1,
9310088007015,false,דיפנד תחבושות אוברנייט בלילה,קימברלי-קלארק,VN,תחבושות דיפנד,יחידה,1.00,יחידה,false,0,18.70,18.70,true,1,
